|j|☆SunshineTufo
|j|☆dirt_goop
|html|SunshineTufodirt_goop    
|uhtml|bestof|Game 2 of a best-of-3
|t:|1784808255
|gametype|doubles
|player|p1|SunshineTufo|li|1330
|player|p2|dirt_goop|iris-gen5bw2|1162
|gen|9
|tier|[Gen 9 Champions] VGC 2026 Reg M-B (Bo3)
|rated|
|rule|Species Clause: Limit one of each Pokémon
|rule|Item Clause: Limit 1 of each item
|clearpoke
|poke|p1|Charizard, L50, M, shiny|
|poke|p1|Incineroar, L50, M, shiny|
|poke|p1|Sylveon, L50, M, shiny|
|poke|p1|Aerodactyl, L50, M, shiny|
|poke|p1|Garchomp, L50, M, shiny|
|poke|p1|Farigiraf, L50, M, shiny|
|poke|p2|Archaludon, L50, M|
|poke|p2|Pelipper, L50, F|
|poke|p2|Charizard, L50, F|
|poke|p2|Venusaur, L50, M|
|poke|p2|Mamoswine, L50, F|
|poke|p2|Grimmsnarl, L50, M|
|teampreview|4
|showteam|p1|Charizard||CharizarditeY|SolarPower|HeatWave,WeatherBall,SolarBeam,Protect|Modest||M|||50|]Incineroar||Charcoal|Intimidate|FlareBlitz,DarkestLariat,FakeOut,PartingShot|Brave||M|||50|]Sylveon||FairyFeather|Pixilate|HyperVoice,QuickAttack,HyperBeam,Detect|Modest||M|||50|]Aerodactyl||Aerodactylite|Unnerve|WideGuard,RockSlide,DualWingbeat,Tailwind|Jolly||M|||50|]Garchomp||LifeOrb|RoughSkin|Protect,StompingTantrum,DragonClaw,Earthquake|Adamant||M|||50|]Farigiraf||SitrusBerry|ArmorTail|SunnyDay,PsychicFangs,Thunderbolt,TrickRoom|Relaxed||M|||50|
|showteam|p2|Archaludon||Leftovers|Stamina|ElectroShot,FlashCannon,DracoMeteor,Protect|Modest||M|||50|]Pelipper||SitrusBerry|Drizzle|Tailwind,WideGuard,Hurricane,WeatherBall|Timid||F|||50|]Charizard||CharizarditeY|Blaze|WeatherBall,HeatWave,Protect,SolarBeam|Modest||F|||50|]Venusaur||FocusSash|Chlorophyll|EarthPower,SludgeBomb,Protect,SleepPowder|Modest||M|||50|]Mamoswine||LifeOrb|Oblivious|IceShard,Earthquake,RockSlide,Protect|Adamant||F|||50|]Grimmsnarl||LightClay|Prankster|SpiritBreak,Reflect,LightScreen,PartingShot|Careful||M|||50|
|inactive|Battle timer is ON: inactive players will automatically lose when time's up. (requested by dirt_goop)
|inactive|SunshineTufo also wants the timer to be on.
|inactive|dirt_goop has 60 seconds left.
|
|t:|1784808313
|teamsize|p1|4
|teamsize|p2|4
|start
|switch|p1a: Incineroar|Incineroar, L50, M, shiny|100/100
|switch|p1b: Farigiraf|Farigiraf, L50, M, shiny|100/100
|switch|p2a: Mamoswine|Mamoswine, L50, F|100/100
|switch|p2b: Charizard|Charizard, L50, F|100/100
|-ability|p1a: Incineroar|Intimidate|boost
|-fail|p2a: Mamoswine|unboost|Attack|[from] ability: Oblivious|[of] p2a: Mamoswine
|-unboost|p2b: Charizard|atk|1
|turn|1
|
|t:|1784808331
|detailschange|p2b: Charizard|Charizard-Mega-Y, L50, F
|-mega|p2b: Charizard|Charizard|Charizardite Y
|-weather|SunnyDay|[from] ability: Drought|[of] p2b: Charizard
|move|p1a: Incineroar|Fake Out|p2b: Charizard
|-damage|p2b: Charizard|85/100
|cant|p2b: Charizard|flinch
|move|p2a: Mamoswine|Earthquake|p1a: Incineroar|[spread] p1a,p1b
|-immune|p2b: Charizard
|-supereffective|p1a: Incineroar|1
|-damage|p1a: Incineroar|1/100
|-damage|p1b: Farigiraf|54/100
|-damage|p2a: Mamoswine|90/100|[from] item: Life Orb
|move|p1b: Farigiraf|Trick Room|p1b: Farigiraf
|-fieldstart|move: Trick Room|[of] p1b: Farigiraf
|
|-weather|SunnyDay|[upkeep]
|upkeep
|turn|2
|inactive|dirt_goop has 30 seconds left.
|
|t:|1784808356
|switch|p2b: Pelipper|Pelipper, L50, F|100/100
|-weather|RainDance|[from] ability: Drizzle|[of] p2b: Pelipper
|move|p1b: Farigiraf|Thunderbolt|p2b: Pelipper
|-supereffective|p2b: Pelipper|2
|-damage|p2b: Pelipper|0 fnt
|faint|p2b: Pelipper
|move|p1a: Incineroar|Parting Shot|p2a: Mamoswine
|-unboost|p2a: Mamoswine|atk|1
|-unboost|p2a: Mamoswine|spa|1
|
|t:|1784808363
|switch|p1a: Sylveon|Sylveon, L50, M, shiny|100/100|[from] Parting Shot
|move|p2a: Mamoswine|Earthquake|p1b: Farigiraf|[spread] p1a,p1b
|-damage|p1a: Sylveon|56/100
|-damage|p1b: Farigiraf|24/100
|-enditem|p1b: Farigiraf|Sitrus Berry|[eat]
|-heal|p1b: Farigiraf|49/100|[from] item: Sitrus Berry
|-damage|p2a: Mamoswine|80/100|[from] item: Life Orb
|
|-weather|RainDance|[upkeep]
|upkeep
|
|t:|1784808375
|switch|p2b: Grimmsnarl|Grimmsnarl, L50, M|100/100
|turn|3
|
|t:|1784808382
|switch|p2a: Charizard|Charizard-Mega-Y, L50, F|85/100
|-weather|SunnyDay|[from] ability: Drought|[of] p2a: Charizard
|move|p2b: Grimmsnarl|Light Screen|p2b: Grimmsnarl
|-sidestart|p2: dirt_goop|move: Light Screen
|move|p1b: Farigiraf|Psychic Fangs|p2a: Charizard
|-sideend|p2: dirt_goop|move: Light Screen
|-damage|p2a: Charizard|54/100
|move|p1a: Sylveon|Hyper Voice|p2a: Charizard|[spread] p2a,p2b
|-resisted|p2a: Charizard|1
|-supereffective|p2b: Grimmsnarl|1
|-damage|p2a: Charizard|34/100
|-damage|p2b: Grimmsnarl|1/100
|
|-weather|SunnyDay|[upkeep]
|upkeep
|turn|4
|
|t:|1784808400
|switch|p2a: Mamoswine|Mamoswine, L50, F|80/100
|move|p1b: Farigiraf|Psychic Fangs|p2a: Mamoswine
|-damage|p2a: Mamoswine|49/100
|move|p2b: Grimmsnarl|Spirit Break|p1a: Sylveon
|-damage|p1a: Sylveon|25/100
|-unboost|p1a: Sylveon|spa|1
|move|p1a: Sylveon|Hyper Voice|p2a: Mamoswine|[spread] p2a,p2b
|-supereffective|p2b: Grimmsnarl|1
|-damage|p2a: Mamoswine|1/100
|-damage|p2b: Grimmsnarl|0 fnt
|faint|p2b: Grimmsnarl
|
|-weather|SunnyDay|[upkeep]
|upkeep
|
|t:|1784808413
|switch|p2b: Charizard|Charizard-Mega-Y, L50, F|34/100
|turn|5
|
|t:|1784808418
|move|p2a: Mamoswine|Protect|p2a: Mamoswine
|-singleturn|p2a: Mamoswine|Protect
|move|p2b: Charizard|Protect|p2b: Charizard
|-singleturn|p2b: Charizard|Protect
|move|p1b: Farigiraf|Thunderbolt|p2b: Charizard
|-activate|p2b: Charizard|move: Protect
|move|p1a: Sylveon|Hyper Voice|p2b: Charizard|[spread] 
|-activate|p2a: Mamoswine|move: Protect
|-activate|p2b: Charizard|move: Protect
|
|-weather|SunnyDay|[upkeep]
|-fieldend|move: Trick Room
|upkeep
|turn|6
|
|t:|1784808433
|move|p1a: Sylveon|Quick Attack|p2a: Mamoswine
|-damage|p2a: Mamoswine|0 fnt
|faint|p2a: Mamoswine
|move|p2b: Charizard|Heat Wave|p1a: Sylveon|[spread] p1a,p1b
|-crit|p1b: Farigiraf
|-damage|p1a: Sylveon|0 fnt
|-damage|p1b: Farigiraf|0 fnt
|faint|p1a: Sylveon
|faint|p1b: Farigiraf
|
|-weather|SunnyDay|[upkeep]
|upkeep
|
|t:|1784808435
|switch|p1a: Incineroar|Incineroar, L50, M, shiny|1/100
|switch|p1b: Charizard|Charizard, L50, M, shiny|100/100
|-ability|p1a: Incineroar|Intimidate|boost
|-unboost|p2b: Charizard|atk|1
|turn|7
|-message|dirt_goop forfeited.
|
|win|SunshineTufo
||SunshineTufo is ready for game 3.
||dirt_goop is ready for game 3.
|uhtml|next|Next: Game 3 of 3
|l|☆SunshineTufo
|player|p1|
|j|☆SunshineTufo
|player|p1|SunshineTufo|li|
