|j|☆brian47337
|j|☆MrPhoenixGC
|html|brian47337MrPhoenixGC    
|uhtml|bestof|Game 3 of a best-of-3
|t:|1757644738
|gametype|doubles
|player|p1|brian47337|n|1047
|player|p2|MrPhoenixGC|steven|1093
|gen|9
|tier|[Gen 9] VGC 2025 Reg H (Bo3)
|rated|
|rule|Species Clause: Limit one of each Pokémon
|rule|Item Clause: Limit 1 of each item
|clearpoke
|poke|p1|Politoed, L50, M|
|poke|p1|Gothitelle, L50, M|
|poke|p1|Incineroar, L50, F|
|poke|p1|Amoonguss, L50, F|
|poke|p1|Kingdra, L50, F|
|poke|p1|Archaludon, L50, M|
|poke|p2|Gholdengo, L50|
|poke|p2|Pelipper, L50, F|
|poke|p2|Archaludon, L50, F|
|poke|p2|Ursaluna, L50, M|
|poke|p2|Dragonite, L50, M|
|poke|p2|Sinistcha, L50|
|teampreview|4
|showteam|p1|Politoed||Leftovers|Drizzle|WeatherBall,PerishSong,Encore,Protect|||M|||50|,,,,,Grass]Gothitelle||SitrusBerry|ShadowTag|FakeOut,Psychic,TrickRoom,Protect|||M|||50|,,,,,Dark]Incineroar||SafetyGoggles|Intimidate|FakeOut,KnockOff,PartingShot,Protect|||F|||50|,,,,,Ghost]Amoonguss||EjectButton|Regenerator|Spore,RagePowder,PollenPuff,Protect|||F|||50|,,,,,Fairy]Kingdra||LifeOrb|SwiftSwim|WeatherBall,DracoMeteor,MuddyWater,Protect|||F|||50|,,,,,Stellar]Archaludon||PowerHerb|Sturdy|ElectroShot,DragonPulse,FlashCannon,Protect|||M|||50|,,,,,Electric
|showteam|p2|Gholdengo||LifeOrb|GoodasGold|MakeItRain,ShadowBall,NastyPlot,Protect||||||50|,,,,,Dragon]Pelipper||FocusSash|Drizzle|Protect,MuddyWater,Hurricane,WideGuard|||F|||50|,,,,,Ground]Archaludon||AssaultVest|Stamina|BodyPress,Snarl,ElectroShot,FlashCannon|||F|||50|,,,,,Bug]Ursaluna||FlameOrb|Guts|Protect,Facade,Earthquake,HeadlongRush|||M|||50|,,,,,Ghost]Dragonite||LoadedDice|Multiscale|ScaleShot,Haze,Tailwind,Protect|||M|||50|,,,,,Fairy]Sinistcha||SitrusBerry|Hospitality|TrickRoom,MatchaGotcha,LifeDew,RagePowder||||||50|,,,,,Dark
|
|t:|1757644771
|teamsize|p1|4
|teamsize|p2|4
|start
|switch|p1a: Politoed|Politoed, L50, M|100/100
|switch|p1b: Kingdra|Kingdra, L50, F|100/100
|switch|p2a: Gholdengo|Gholdengo, L50|100/100
|switch|p2b: Dragonite|Dragonite, L50, M|100/100
|-weather|RainDance|[from] ability: Drizzle|[of] p1a: Politoed
|turn|1
|
|t:|1757644800
|move|p2a: Gholdengo|Protect|p2a: Gholdengo
|-singleturn|p2a: Gholdengo|Protect
|move|p1b: Kingdra|Draco Meteor|p2a: Gholdengo
|-activate|p2a: Gholdengo|move: Protect
|move|p2b: Dragonite|Tailwind|p2b: Dragonite
|-sidestart|p2: MrPhoenixGC|move: Tailwind
|move|p1a: Politoed|Weather Ball|p2a: Gholdengo
|-activate|p2a: Gholdengo|move: Protect
|
|-weather|RainDance|[upkeep]
|upkeep
|turn|2
|
|t:|1757644824
|move|p1b: Kingdra|Draco Meteor|p2a: Gholdengo
|-resisted|p2a: Gholdengo
|-damage|p2a: Gholdengo|53/100
|-unboost|p1b: Kingdra|spa|2
|-damage|p1b: Kingdra|91/100|[from] item: Life Orb
|move|p2a: Gholdengo|Make It Rain|p1a: Politoed|[spread] p1a,p1b
|-resisted|p1a: Politoed
|-resisted|p1b: Kingdra
|-damage|p1a: Politoed|76/100
|-damage|p1b: Kingdra|47/100
|-unboost|p2a: Gholdengo|spa|1
|-damage|p2a: Gholdengo|43/100|[from] item: Life Orb
|move|p2b: Dragonite|Scale Shot|p1b: Kingdra
|-supereffective|p1b: Kingdra
|-damage|p1b: Kingdra|10/100
|-supereffective|p1b: Kingdra
|-damage|p1b: Kingdra|0 fnt
|faint|p1b: Kingdra
|-hitcount|p1: Kingdra|2
|-unboost|p2b: Dragonite|def|1
|-boost|p2b: Dragonite|spe|1
|move|p1a: Politoed|Encore|p2b: Dragonite
|-start|p2b: Dragonite|Encore
|
|-weather|RainDance|[upkeep]
|-heal|p1a: Politoed|82/100|[from] item: Leftovers
|upkeep
|
|t:|1757644846
|switch|p1b: Archaludon|Archaludon, L50, M|100/100
|turn|3
|
|t:|1757644854
|switch|p2a: Archaludon|Archaludon, L50, F|100/100
|switch|p1a: Incineroar|Incineroar, L50, F|100/100
|-ability|p1a: Incineroar|Intimidate|boost
|-unboost|p2a: Archaludon|atk|1
|-unboost|p2b: Dragonite|atk|1
|-terastallize|p1b: Archaludon|Electric
|move|p2b: Dragonite|Scale Shot|p2a: Archaludon
|-damage|p2a: Archaludon|94/100
|-ability|p2a: Archaludon|Stamina|boost
|-boost|p2a: Archaludon|def|1
|-damage|p2a: Archaludon|90/100
|-ability|p2a: Archaludon|Stamina|boost
|-boost|p2a: Archaludon|def|1
|-damage|p2a: Archaludon|86/100
|-ability|p2a: Archaludon|Stamina|boost
|-boost|p2a: Archaludon|def|1
|-damage|p2a: Archaludon|83/100
|-ability|p2a: Archaludon|Stamina|boost
|-boost|p2a: Archaludon|def|1
|-damage|p2a: Archaludon|80/100
|-ability|p2a: Archaludon|Stamina|boost
|-boost|p2a: Archaludon|def|1
|-hitcount|p2a: Archaludon|5
|-unboost|p2b: Dragonite|def|1
|-boost|p2b: Dragonite|spe|1
|move|p1b: Archaludon|Dragon Pulse|p2b: Dragonite
|-supereffective|p2b: Dragonite
|-damage|p2b: Dragonite|57/100
|
|-weather|RainDance|[upkeep]
|upkeep
|turn|4
|
|t:|1757644886
|move|p1a: Incineroar|Fake Out|p2a: Archaludon
|-resisted|p2a: Archaludon
|-damage|p2a: Archaludon|79/100
|-ability|p2a: Archaludon|Stamina|boost
|-boost|p2a: Archaludon|def|1
|move|p2b: Dragonite|Scale Shot|p1b: Archaludon
|-damage|p1b: Archaludon|91/100
|-damage|p1b: Archaludon|84/100
|-damage|p1b: Archaludon|75/100
|-damage|p1b: Archaludon|67/100
|-damage|p1b: Archaludon|59/100
|-hitcount|p1b: Archaludon|5
|-unboost|p2b: Dragonite|def|1
|-boost|p2b: Dragonite|spe|1
|cant|p2a: Archaludon|flinch
|move|p1b: Archaludon|Dragon Pulse|p2b: Dragonite
|-supereffective|p2b: Dragonite
|-damage|p2b: Dragonite|0 fnt
|faint|p2b: Dragonite
|
|-weather|RainDance|[upkeep]
|-sideend|p2: MrPhoenixGC|move: Tailwind
|upkeep
|
|t:|1757644904
|switch|p2b: Sinistcha|Sinistcha, L50|100/100
|-heal|p2a: Archaludon|100/100|[from] ability: Hospitality|[of] p2b: Sinistcha
|turn|5
|
|t:|1757644929
|-terastallize|p2b: Sinistcha|Dark
|move|p1a: Incineroar|Protect|p1a: Incineroar
|-singleturn|p1a: Incineroar|Protect
|move|p2b: Sinistcha|Rage Powder|p2b: Sinistcha
|-singleturn|p2b: Sinistcha|move: Rage Powder
|move|p1b: Archaludon|Dragon Pulse|p2b: Sinistcha
|-damage|p2b: Sinistcha|62/100
|move|p2a: Archaludon|Body Press|p1b: Archaludon
|-damage|p1b: Archaludon|0 fnt
|faint|p1b: Archaludon
|
|-weather|none
|upkeep
|
|t:|1757644940
|switch|p1b: Politoed|Politoed, L50, M|82/100
|-weather|RainDance|[from] ability: Drizzle|[of] p1b: Politoed
|turn|6
|
|t:|1757644954
|move|p2b: Sinistcha|Rage Powder|p2b: Sinistcha
|-singleturn|p2b: Sinistcha|move: Rage Powder
|move|p2a: Archaludon|Body Press|p1a: Incineroar
|-supereffective|p1a: Incineroar
|-damage|p1a: Incineroar|0 fnt
|faint|p1a: Incineroar
|move|p1b: Politoed|Perish Song|p1b: Politoed
|-start|p1b: Politoed|perish3|[silent]
|-start|p2a: Archaludon|perish3|[silent]
|-start|p2b: Sinistcha|perish3|[silent]
|-fieldactivate|move: Perish Song
|
|-weather|RainDance|[upkeep]
|-heal|p1b: Politoed|88/100|[from] item: Leftovers
|-start|p2a: Archaludon|perish3
|-start|p1b: Politoed|perish3
|-start|p2b: Sinistcha|perish3
|upkeep
|turn|7
|-message|brian47337 forfeited.
|raw|brian47337's rating: 1047 → 1032(-15 for losing)
|raw|MrPhoenixGC's rating: 1093 → 1116(+23 for winning)
|
|win|MrPhoenixGC
|l|☆brian47337
|player|p1|
