|j|☆exessvgc
|j|☆xNimxZ
|html|exessvgcxNimxZ    
|uhtml|bestof|Game 2 of a best-of-3
|t:|1783782928
|gametype|doubles
|player|p1|exessvgc|lucas|1183
|player|p2|xNimxZ|101|1129
|gen|9
|tier|[Gen 9 Champions] VGC 2026 Reg M-B (Bo3)
|rated|
|rule|Species Clause: Limit one of each Pokémon
|rule|Item Clause: Limit 1 of each item
|clearpoke
|poke|p1|Aerodactyl, L50, F|
|poke|p1|Raichu, L50, M|
|poke|p1|Charizard, L50, M|
|poke|p1|Whimsicott, L50, M|
|poke|p1|Basculegion, L50, M|
|poke|p1|Garchomp, L50, F|
|poke|p2|Metagross, L50|
|poke|p2|Incineroar, L50, F|
|poke|p2|Sylveon, L50, F|
|poke|p2|Aerodactyl, L50, F|
|poke|p2|Charizard, L50, F|
|poke|p2|Garchomp, L50, M|
|teampreview|4
|showteam|p1|Aerodactyl||Aerodactylite|Unnerve|IceFang,DualWingbeat,RockSlide,WideGuard|Jolly||F|||50|]Raichu||RaichuniteY|LightningRod|FocusBlast,ZapCannon,FakeOut,Protect|Timid||M|||50|]Charizard||CharizarditeY|SolarPower|WeatherBall,HeatWave,SolarBeam,Protect|Modest||M|||50|]Whimsicott||FocusSash|Prankster|Moonblast,Tailwind,SunnyDay,Protect|Timid||M|||50|]Basculegion||MysticWater|Adaptability|WaveCrash,LastRespects,AquaJet,Protect|Adamant||M|||50|]Garchomp||LifeOrb|RoughSkin|Protect,DragonClaw,StompingTantrum,Earthquake|Adamant||F|||50|
|showteam|p2|Metagross||Metagrossite|ClearBody|BulletPunch,BodyPress,PsychicFangs,Protect|Adamant|||||50|]Incineroar||SitrusBerry|Intimidate|FakeOut,FlareBlitz,DarkestLariat,PartingShot|Careful||F|||50|]Sylveon||FairyFeather|Pixilate|QuickAttack,HyperBeam,HyperVoice,Detect|Modest||F|||50|]Aerodactyl||FocusSash|Unnerve|Tailwind,RockSlide,DualWingbeat,Protect|Jolly||F|||50|]Charizard||CharizarditeY|Blaze|HeatWave,WeatherBall,SolarBeam,Protect|Modest||F|||50|]Garchomp||LifeOrb|RoughSkin|Earthquake,DragonClaw,RockSlide,Protect|Jolly||M|||50|
|j| birooooo
|l| birooooo
|c|☆xNimxZ|0’001% chance of that happening btw
|inactive|Battle timer is ON: inactive players will automatically lose when time's up. (requested by xNimxZ)
|j| birooooo
|l| birooooo
|
|t:|1783783031
|teamsize|p1|4
|teamsize|p2|4
|start
|switch|p1a: Pietro|Raichu, L50, M|100/100
|switch|p1b: EXESS|Charizard, L50, M|100/100
|switch|p2a: Aerodactyl|Aerodactyl, L50, F|100/100
|switch|p2b: Garchomp|Garchomp, L50, M|100/100
|-ability|p2a: Aerodactyl|Unnerve
|turn|1
|
|t:|1783783052
|switch|p1a: NEMO|Basculegion, L50, M|100/100
|switch|p1b: Marianela|Garchomp, L50, F|100/100
|move|p2a: Aerodactyl|Protect|p2a: Aerodactyl
|-singleturn|p2a: Aerodactyl|Protect
|move|p2b: Garchomp|Protect||[still]
|-fail|p2b: Garchomp
|
|upkeep
|turn|2
|inactive|exessvgc has 30 seconds left.
|inactive|exessvgc has 20 seconds left.
|inactive|exessvgc has 15 seconds left.
|
|t:|1783783093
|switch|p2b: Incineroar|Incineroar, L50, F|100/100
|-ability|p2b: Incineroar|Intimidate|boost
|-unboost|p1a: NEMO|atk|1
|-unboost|p1b: Marianela|atk|1
|move|p1a: NEMO|Aqua Jet|p2a: Aerodactyl
|-supereffective|p2a: Aerodactyl|1
|-damage|p2a: Aerodactyl|31/100
|move|p2a: Aerodactyl|Tailwind|p2a: Aerodactyl
|-sidestart|p2: xNimxZ|move: Tailwind
|move|p1b: Marianela|Dragon Claw|p2b: Incineroar
|-damage|p2b: Incineroar|68/100
|-damage|p1b: Marianela|90/100|[from] item: Life Orb
|
|upkeep
|turn|3
|inactive|exessvgc has 30 seconds left.
|inactive|xNimxZ has 30 seconds left.
|inactive|xNimxZ has 20 seconds left.
|inactive|xNimxZ has 15 seconds left.
|inactive|xNimxZ has 10 seconds left.
|
|t:|1783783140
|move|p2a: Aerodactyl|Protect|p2a: Aerodactyl
|-singleturn|p2a: Aerodactyl|Protect
|move|p1a: NEMO|Protect|p1a: NEMO
|-singleturn|p1a: NEMO|Protect
|move|p2b: Incineroar|Parting Shot|p1b: Marianela
|-unboost|p1b: Marianela|atk|1
|-unboost|p1b: Marianela|spa|1
|
|t:|1783783148
|switch|p2b: Charizard|Charizard, L50, F|100/100|[from] Parting Shot
|move|p1b: Marianela|Stomping Tantrum|p2b: Charizard
|-immune|p2b: Charizard
|
|upkeep
|turn|4
|
|t:|1783783170
|switch|p1b: EXESS|Charizard, L50, M|100/100
|detailschange|p2b: Charizard|Charizard-Mega-Y, L50, F
|-mega|p2b: Charizard|Charizard|Charizardite Y
|-weather|SunnyDay|[from] ability: Drought|[of] p2b: Charizard
|move|p1a: NEMO|Aqua Jet|p2a: Aerodactyl
|-supereffective|p2a: Aerodactyl|1
|-damage|p2a: Aerodactyl|1/100
|move|p2a: Aerodactyl|Rock Slide|p1a: NEMO|[spread] p1a,p1b
|-supereffective|p1b: EXESS|2
|-damage|p1a: NEMO|75/100
|-damage|p1b: EXESS|1/100
|move|p2b: Charizard|Solar Beam||[still]
|-prepare|p2b: Charizard|Solar Beam
|-anim|p2b: Charizard|Solar Beam|p1a: NEMO
|-supereffective|p1a: NEMO|1
|-damage|p1a: NEMO|0 fnt
|faint|p1a: NEMO
|
|-weather|SunnyDay|[upkeep]
|-damage|p1b: EXESS|0 fnt|[from] ability: Solar Power|[of] p1b: EXESS
|faint|p1b: EXESS
|upkeep
|
|t:|1783783187
|switch|p1b: Marianela|Garchomp, L50, F|90/100
|switch|p1a: Pietro|Raichu, L50, M|100/100
|turn|5
|l|☆exessvgc
|inactive|exessvgc disconnected and has a minute to reconnect!
|player|p1|
|inactive|exessvgc has 30 seconds left.
|j|☆exessvgc
|inactive|exessvgc reconnected and has 25 seconds left.
|player|p1|exessvgc|lucas|
|inactive|exessvgc has 20 seconds left.
|inactive|xNimxZ has 30 seconds left.
|inactive|exessvgc has 15 seconds left.
|
|t:|1783783232
|detailschange|p1a: Pietro|Raichu-Mega-Y, L50, M
|-mega|p1a: Pietro|Raichu|Raichunite Y
|move|p2b: Charizard|Protect|p2b: Charizard
|-singleturn|p2b: Charizard|Protect
|move|p1a: Pietro|Fake Out|p2b: Charizard
|-activate|p2b: Charizard|move: Protect
|move|p2a: Aerodactyl|Rock Slide|p1a: Pietro|[spread] p1a,p1b
|-resisted|p1b: Marianela|1
|-damage|p1a: Pietro|47/100
|-damage|p1b: Marianela|76/100
|cant|p1b: Marianela|flinch
|
|-weather|SunnyDay|[upkeep]
|-sideend|p2: xNimxZ|move: Tailwind
|upkeep
|turn|6
|inactive|exessvgc has 30 seconds left.
|
|t:|1783783258
|move|p2a: Aerodactyl|Rock Slide|p1a: Pietro|[spread] p1a,p1b
|-resisted|p1b: Marianela|1
|-damage|p1a: Pietro|0 fnt
|-damage|p1b: Marianela|63/100
|faint|p1a: Pietro
|move|p1b: Marianela|Dragon Claw|p2b: Charizard
|-damage|p2b: Charizard|40/100
|-damage|p1b: Marianela|53/100|[from] item: Life Orb
|move|p2b: Charizard|Heat Wave|p1b: Marianela
|-resisted|p1b: Marianela|1
|-damage|p1b: Marianela|11/100
|
|-weather|SunnyDay|[upkeep]
|upkeep
|turn|7
|-message|exessvgc forfeited.
|
|win|xNimxZ
|l|☆exessvgc
|player|p1|
||exessvgc is ready for game 3.
||xNimxZ is ready for game 3.
|uhtml|next|Next: Game 3 of 3
|j|☆exessvgc
|player|p1|exessvgc|lucas|
