|j|☆Syd2J
|j|☆srTerror
|html|Syd2JsrTerror    
|uhtml|bestof|Game 2 of a best-of-3
|t:|1785934360
|gametype|doubles
|player|p1|Syd2J|102|1096
|player|p2|srTerror|266|1205
|gen|9
|tier|[Gen 9 Champions] VGC 2026 Reg M-B (Bo3)
|rated|
|rule|Species Clause: Limit one of each Pokémon
|rule|Item Clause: Limit 1 of each item
|clearpoke
|poke|p1|Charizard, L50, M|
|poke|p1|Glimmora, L50, M|
|poke|p1|Whimsicott, L50, F|
|poke|p1|Ninetales-Alola, L50, F|
|poke|p1|Kingambit, L50, M|
|poke|p1|Kommo-o, L50, M|
|poke|p2|Dragonite, L50, M|
|poke|p2|Milotic, L50, M|
|poke|p2|Sneasler, L50, F|
|poke|p2|Charizard, L50, F|
|poke|p2|Gholdengo, L50|
|poke|p2|Whimsicott, L50, F|
|teampreview|4
|showteam|p1|Charizard||CharizarditeY|Blaze|HeatWave,WeatherBall,SolarBeam,Protect|Modest||M|||50|]Glimmora||Glimmoranite|ToxicDebris|SludgeBomb,PowerGem,EarthPower,SpikyShield|Modest||M|||50|]Whimsicott||FocusSash|Prankster|Moonblast,Tailwind,Encore,Protect|Timid||F|||50|]Ninetales-Alola||NeverMeltIce|SnowWarning|Blizzard,FreezeDry,Disable,Protect|Timid||F|||50|]Kingambit||BlackGlasses|Defiant|KowtowCleave,SuckerPunch,IronHead,Protect|Adamant||M|||50|]Kommo-o||LifeOrb|Overcoat|ClangingScales,AuraSphere,VacuumWave,Protect|Modest||M|||50|
|showteam|p2|Dragonite||LifeOrb|InnerFocus|Protect,DragonClaw,ExtremeSpeed,LowKick|Adamant||M|||50|]Milotic||Leftovers|Competitive|Scald,IceBeam,Recover,Protect|Modest||M|||50|]Sneasler||WhiteHerb|Unburden|GunkShot,FakeOut,CloseCombat,Coaching|Adamant||F|||50|]Charizard||CharizarditeY|Blaze|Protect,HeatWave,WeatherBall,SolarBeam|Modest||F|||50|]Gholdengo||FocusSash|GoodasGold|Protect,ShadowBall,PowerGem,MakeItRain|Modest|||||50|]Whimsicott||FairyFeather|Prankster|Protect,Moonblast,Encore,Tailwind|Timid||F|||50|
|inactive|Battle timer is ON: inactive players will automatically lose when time's up. (requested by Syd2J)
|inactive|srTerror has 60 seconds left.
|
|t:|1785934394
|teamsize|p1|4
|teamsize|p2|4
|start
|switch|p1a: Whimsicott|Whimsicott, L50, F|100/100
|switch|p1b: Glimmora|Glimmora, L50, M|100/100
|switch|p2a: Milotic|Milotic, L50, M|100/100
|switch|p2b: Whimsicott|Whimsicott, L50, F|100/100
|turn|1
|
|t:|1785934402
|detailschange|p1b: Glimmora|Glimmora-Mega, L50, M
|-mega|p1b: Glimmora|Glimmora|Glimmoranite
|move|p2b: Whimsicott|Tailwind|p2b: Whimsicott
|-sidestart|p2: srTerror|move: Tailwind
|move|p1a: Whimsicott|Tailwind|p1a: Whimsicott
|-sidestart|p1: Syd2J|move: Tailwind
|move|p1b: Glimmora|Sludge Bomb|p2a: Milotic
|-damage|p2a: Milotic|46/100
|-status|p2a: Milotic|psn
|move|p2a: Milotic|Scald|p1b: Glimmora
|-supereffective|p1b: Glimmora|1
|-damage|p1b: Glimmora|20/100y
|-status|p1b: Glimmora|brn
|
|-heal|p2a: Milotic|52/100 psn|[from] item: Leftovers
|-damage|p2a: Milotic|40/100 psn|[from] psn
|-damage|p1b: Glimmora|15/100 brn|[from] brn
|upkeep
|turn|2
|
|t:|1785934419
|switch|p2a: Gholdengo|Gholdengo, L50|100/100
|move|p2b: Whimsicott|Encore|p1a: Whimsicott
|-start|p1a: Whimsicott|Encore
|move|p1a: Whimsicott|Tailwind||[still]
|-fail|p1a: Whimsicott
|move|p1b: Glimmora|Sludge Bomb|p2a: Gholdengo
|-immune|p2a: Gholdengo
|
|-damage|p1b: Glimmora|9/100 brn|[from] brn
|upkeep
|turn|3
|inactive|srTerror has 30 seconds left.
|
|t:|1785934448
|switch|p1a: Kommo-o|Kommo-o, L50, M|100/100
|move|p2b: Whimsicott|Moonblast|p1a: Kommo-o
|-supereffective|p1a: Kommo-o|2
|-damage|p1a: Kommo-o|0 fnt
|faint|p1a: Kommo-o
|move|p1b: Glimmora|Sludge Bomb|p2b: Whimsicott
|-supereffective|p2b: Whimsicott|2
|-damage|p2b: Whimsicott|0 fnt
|faint|p2b: Whimsicott
|move|p2a: Gholdengo|Make It Rain|p1b: Glimmora
|-supereffective|p1b: Glimmora|1
|-damage|p1b: Glimmora|0 fnt
|-unboost|p2a: Gholdengo|spa|2
|faint|p1b: Glimmora
|
|upkeep
|
|t:|1785934467
|switch|p2b: Charizard|Charizard, L50, F|100/100
|switch|p1b: Whimsicott|Whimsicott, L50, F|100/100
|switch|p1a: Ninetales|Ninetales-Alola, L50, F|100/100
|-weather|Snowscape|[from] ability: Snow Warning|[of] p1a: Ninetales
|turn|4
|
|t:|1785934483
|switch|p2a: Milotic|Milotic, L50, M|40/100 psn
|detailschange|p2b: Charizard|Charizard-Mega-Y, L50, F
|-mega|p2b: Charizard|Charizard|Charizardite Y
|-weather|SunnyDay|[from] ability: Drought|[of] p2b: Charizard
|move|p1b: Whimsicott|Moonblast|p2b: Charizard
|-resisted|p2b: Charizard|1
|-damage|p2b: Charizard|83/100
|move|p1a: Ninetales|Blizzard|p2a: Milotic|[spread] p2a
|-miss|p1a: Ninetales|p2b: Charizard
|-resisted|p2a: Milotic|1
|-damage|p2a: Milotic|27/100 psn
|move|p2b: Charizard|Heat Wave|p1b: Whimsicott|[spread] p1a,p1b
|-supereffective|p1a: Ninetales|1
|-crit|p1a: Ninetales
|-supereffective|p1b: Whimsicott|1
|-damage|p1a: Ninetales|0 fnt
|-enditem|p1b: Whimsicott|Focus Sash
|-damage|p1b: Whimsicott|1/100
|faint|p1a: Ninetales
|
|-weather|SunnyDay|[upkeep]
|-heal|p2a: Milotic|33/100 psn|[from] item: Leftovers
|-damage|p2a: Milotic|21/100 psn|[from] psn
|-sideend|p2: srTerror|move: Tailwind
|-sideend|p1: Syd2J|move: Tailwind
|upkeep
|turn|5
|-message|Syd2J forfeited.
|
|win|srTerror
||Syd2J is ready for game 3.
||srTerror is ready for game 3.
|uhtml|next|Next: Game 3 of 3
|l|☆Syd2J
|player|p1|
