|j|☆Mattchu56
|j|☆Yodagun
|html|Mattchu56Yodagun    
|uhtml|bestof|Game 1 of a best-of-3
|t:|1785807532
|gametype|doubles
|player|p1|Mattchu56|pokemonranger|1057
|player|p2|Yodagun|pokemaniac|1097
|gen|9
|tier|[Gen 9 Champions] VGC 2026 Reg M-B (Bo3)
|rated|
|rule|Species Clause: Limit one of each Pokémon
|rule|Item Clause: Limit 1 of each item
|clearpoke
|poke|p1|Abomasnow, L50, M, shiny|
|poke|p1|Sneasler, L50, F|
|poke|p1|Farigiraf, L50, M, shiny|
|poke|p1|Hatterene, L50, F|
|poke|p1|Basculegion, L50, M|
|poke|p1|Camerupt, L50, M, shiny|
|poke|p2|Staraptor, L50, M|
|poke|p2|Tyranitar, L50, M|
|poke|p2|Excadrill, L50, M|
|poke|p2|Rotom-Wash, L50|
|poke|p2|Houndstone, L50, M|
|poke|p2|Whimsicott, L50, F|
|teampreview|4
|showteam|p1|Abomasnow||Abomasite|SnowWarning|Blizzard,EnergyBall,EarthPower,Protect|Quiet||M|||50|]Sneasler||IronBall|PoisonTouch|FakeOut,PoisonJab,CloseCombat,Fling|Brave||F|||50|]Farigiraf||SitrusBerry|ArmorTail|ExpandingForce,PsychicTerrain,TrickRoom,HelpingHand|Bold||M|||50|]Hatterene||LifeOrb|MagicBounce|DazzlingGleam,ExpandingForce,Protect,TrickRoom|Quiet||F|||50|]Basculegion||MysticWater|Adaptability|WaveCrash,AquaJet,LastRespects,Protect|Brave||M|||50|]Camerupt||Cameruptite|MagmaArmor|Eruption,EarthPower,HeatWave,AncientPower|Quiet||M|||50|
|showteam|p2|Staraptor||Staraptite|Intimidate|CloseCombat,BraveBird,Uturn,Protect|Jolly||M|||50|]Tyranitar||Tyranitarite|SandStream|RockSlide,Protect,KnockOff,DragonDance|Adamant||M|||50|]Excadrill||LifeOrb|SandRush|RockSlide,HighHorsepower,IronHead,Protect|Adamant||M|||50|]Rotom-Wash||SitrusBerry|Levitate|WillOWisp,HydroPump,Thunderbolt,VoltSwitch|Timid|||||50|]Houndstone||SpellTag|SandRush|LastRespects,PhantomForce,Protect,PlayRough|Adamant||M|||50|]Whimsicott||FocusSash|Prankster|Tailwind,Protect,Moonblast,Charm|Bold||F|||50|
|
|t:|1785807571
|teamsize|p1|4
|teamsize|p2|4
|start
|switch|p1a: Dr. Zhane|Farigiraf, L50, M, shiny|100/100
|switch|p1b: Wanda|Sneasler, L50, F|100/100
|switch|p2a: Whimsicott|Whimsicott, L50, F|100/100
|switch|p2b: Tyranitar|Tyranitar, L50, M|100/100
|-weather|Sandstorm|[from] ability: Sand Stream|[of] p2b: Tyranitar
|turn|1
|
|t:|1785807595
|switch|p2a: Excadrill|Excadrill, L50, M|100/100
|move|p2b: Tyranitar|Protect|p2b: Tyranitar
|-singleturn|p2b: Tyranitar|Protect
|move|p1b: Wanda|Fake Out|p2b: Tyranitar
|-activate|p2b: Tyranitar|move: Protect
|move|p1a: Dr. Zhane|Trick Room|p1a: Dr. Zhane
|-fieldstart|move: Trick Room|[of] p1a: Dr. Zhane
|
|-weather|Sandstorm|[upkeep]
|-damage|p1b: Wanda|94/100|[from] Sandstorm
|-damage|p1a: Dr. Zhane|93/100|[from] Sandstorm
|upkeep
|turn|2
|
|t:|1785807622
|move|p1b: Wanda|Close Combat|p2b: Tyranitar
|-supereffective|p2b: Tyranitar|2
|-damage|p2b: Tyranitar|0 fnt
|-unboost|p1b: Wanda|def|1
|-unboost|p1b: Wanda|spd|1
|faint|p2b: Tyranitar
|move|p1a: Dr. Zhane|Expanding Force|p2a: Excadrill
|-resisted|p2a: Excadrill|1
|-damage|p2a: Excadrill|80/100
|move|p2a: Excadrill|High Horsepower|p1b: Wanda
|-supereffective|p1b: Wanda|1
|-damage|p1b: Wanda|0 fnt
|faint|p1b: Wanda
|-damage|p2a: Excadrill|71/100|[from] item: Life Orb
|
|-weather|Sandstorm|[upkeep]
|-damage|p1a: Dr. Zhane|87/100|[from] Sandstorm
|upkeep
|
|t:|1785807639
|switch|p2b: Staraptor|Staraptor, L50, M|100/100
|switch|p1b: Obama|Abomasnow, L50, M, shiny|100/100
|-weather|Snowscape|[from] ability: Snow Warning|[of] p1b: Obama
|-ability|p2b: Staraptor|Intimidate|boost
|-unboost|p1a: Dr. Zhane|atk|1
|-unboost|p1b: Obama|atk|1
|turn|3
|
|t:|1785807691
|detailschange|p1b: Obama|Abomasnow-Mega, L50, M, shiny
|-mega|p1b: Obama|Abomasnow|Abomasite
|detailschange|p2b: Staraptor|Staraptor-Mega, L50, M
|-mega|p2b: Staraptor|Staraptor|Staraptite
|move|p1b: Obama|Blizzard|p2a: Excadrill|[spread] p2a,p2b
|-supereffective|p2b: Staraptor|1
|-damage|p2a: Excadrill|16/100
|-damage|p2b: Staraptor|3/100
|move|p1a: Dr. Zhane|Expanding Force|p2b: Staraptor
|-supereffective|p2b: Staraptor|1
|-crit|p2b: Staraptor
|-damage|p2b: Staraptor|0 fnt
|faint|p2b: Staraptor
|move|p2a: Excadrill|Iron Head|p1b: Obama
|-supereffective|p1b: Obama|1
|-damage|p1b: Obama|23/100
|-damage|p2a: Excadrill|6/100|[from] item: Life Orb
|
|-weather|Snowscape|[upkeep]
|upkeep
|
|t:|1785807705
|switch|p2b: Whimsicott|Whimsicott, L50, F|100/100
|turn|4
|
|t:|1785807715
|move|p1a: Dr. Zhane|Helping Hand|p1b: Obama
|-singleturn|p1b: Obama|Helping Hand|[of] p1a: Dr. Zhane
|move|p2b: Whimsicott|Charm||[still]
|cant|p1a: Dr. Zhane|ability: Armor Tail|Charm|[of] p2b: Whimsicott
|move|p1b: Obama|Blizzard|p2a: Excadrill|[spread] p2a,p2b
|-supereffective|p2b: Whimsicott|1
|-damage|p2a: Excadrill|0 fnt
|-enditem|p2b: Whimsicott|Focus Sash
|-damage|p2b: Whimsicott|1/100
|-status|p2b: Whimsicott|frz
|faint|p2a: Excadrill
|
|-weather|Snowscape|[upkeep]
|upkeep
|turn|5
|
|t:|1785807729
|move|p1a: Dr. Zhane|Helping Hand|p1b: Obama
|-singleturn|p1b: Obama|Helping Hand|[of] p1a: Dr. Zhane
|move|p1b: Obama|Energy Ball|p2b: Whimsicott
|-resisted|p2b: Whimsicott|1
|-damage|p2b: Whimsicott|0 fnt
|faint|p2b: Whimsicott
|
|win|Mattchu56
||Yodagun is ready for game 2.
||Mattchu56 is ready for game 2.
|uhtml|next|Next: Game 2 of 3
|l|☆Yodagun
|player|p2|
