|j|☆ddx9000
|j|☆moicito
|html|ddx9000moicito    
|uhtml|bestof|Game 2 of a best-of-3
|t:|1756615859
|gametype|doubles
|player|p1|ddx9000|elesa|1277
|player|p2|moicito|caitlin|1178
|gen|9
|tier|[Gen 9] VGC 2025 Reg H (Bo3)
|rated|
|rule|Species Clause: Limit one of each Pokémon
|rule|Item Clause: Limit 1 of each item
|clearpoke
|poke|p1|Dragonite, L50, M|
|poke|p1|Volcarona, L50, F|
|poke|p1|Sneasler, L50, F|
|poke|p1|Rillaboom, L50, M|
|poke|p1|Electabuzz, L50, M|
|poke|p1|Kingambit, L50, M|
|poke|p2|Kingambit, L50, F|
|poke|p2|Rillaboom, L50, F|
|poke|p2|Magmar, L50, M|
|poke|p2|Primarina, L50, F|
|poke|p2|Sneasler, L50, M|
|poke|p2|Dragapult, L50, M|
|teampreview|4
|showteam|p1|Dragonite||LoadedDice|Multiscale|ScaleShot,ExtremeSpeed,Haze,Protect|||M|||50|,,,,,Fairy]Volcarona||CovertCloak|FlameBody|HeatWave,TeraBlast,QuiverDance,Protect|||F|||50|,,,,,Fairy]Sneasler||FocusSash|Unburden|CloseCombat,DireClaw,Coaching,Protect|||F|||50|,,,,,Stellar]Rillaboom||AssaultVest|GrassySurge|WoodHammer,GrassyGlide,HighHorsepower,FakeOut|||M|||50|,,,,,Water]Electabuzz||Eviolite|VitalSpirit|Electroweb,FollowMe,Taunt,Protect|||M|||50|,,,,,Ghost]Kingambit||BlackGlasses|Defiant|KowtowCleave,SuckerPunch,SwordsDance,Protect|||M|||50|,,,,,Dark
|showteam|p2|Kingambit||BlackGlasses|Defiant|Protect,KowtowCleave,SuckerPunch,SwordsDance|||F|||50|,,,,,Ghost]Rillaboom||AssaultVest|GrassySurge|WoodHammer,GrassyGlide,HighHorsepower,FakeOut|||F|||50|,,,,,Fire]Magmar||Eviolite|VitalSpirit|Overheat,WillOWisp,FollowMe,Protect|||M|||50|,,,,,Ghost]Primarina||SitrusBerry|LiquidVoice|HyperVoice,Moonblast,Haze,Protect|||F|||50|,,,,,Water]Sneasler||FocusSash|PoisonTouch|CloseCombat,DireClaw,Coaching,FakeOut|||M|||50|,,,,,Stellar]Dragapult||ChoiceBand|ClearBody|DragonDarts,TeraBlast,PhantomForce,Uturn|||M|||50|,,,,,Ghost
|
|t:|1756615898
|teamsize|p1|4
|teamsize|p2|4
|start
|switch|p1a: Dragonite|Dragonite, L50, M|100/100
|switch|p1b: Sneasler|Sneasler, L50, F, shiny|100/100
|switch|p2a: Snisli|Sneasler, L50, M|100/100
|switch|p2b: Dragapult|Dragapult, L50, M|100/100
|turn|1
|
|t:|1756615961
|-terastallize|p2b: Dragapult|Ghost
|-terastallize|p1a: Dragonite|Fairy
|move|p1b: Sneasler|Protect|p1b: Sneasler
|-singleturn|p1b: Sneasler|Protect
|move|p2a: Snisli|Fake Out|p1b: Sneasler
|-activate|p1b: Sneasler|move: Protect
|move|p2b: Dragapult|Dragon Darts|p1b: Sneasler
|-immune|p1a: Dragonite
|move|p1a: Dragonite|Scale Shot|p2a: Snisli
|-damage|p2a: Snisli|73/100
|-damage|p2a: Snisli|48/100
|-damage|p2a: Snisli|24/100
|-damage|p2a: Snisli|0 fnt
|faint|p2a: Snisli
|-hitcount|p2: Snisli|4
|-unboost|p1a: Dragonite|def|1
|-boost|p1a: Dragonite|spe|1
|
|upkeep
|
|t:|1756615979
|switch|p2a: Rilli|Rillaboom, L50, F, shiny|100/100
|-fieldstart|move: Grassy Terrain|[from] ability: Grassy Surge|[of] p2a: Rilli
|turn|2
|
|t:|1756616013
|switch|p1b: Rillaboom|Rillaboom, L50, M|100/100
|move|p1a: Dragonite|Protect|p1a: Dragonite
|-singleturn|p1a: Dragonite|Protect
|move|p2a: Rilli|Fake Out|p1a: Dragonite
|-activate|p1a: Dragonite|move: Protect
|move|p2b: Dragapult|Dragon Darts|p1b: Rillaboom
|-damage|p1b: Rillaboom|67/100
|-anim|p2b: Dragapult|Dragon Darts|p1b: Rillaboom
|-damage|p1b: Rillaboom|29/100
|
|-heal|p1b: Rillaboom|35/100|[from] Grassy Terrain
|upkeep
|turn|3
|
|t:|1756616040
|switch|p2a: Kingii|Kingambit, L50, F, shiny|100/100
|move|p1b: Rillaboom|Fake Out|p2a: Kingii
|-resisted|p2a: Kingii
|-damage|p2a: Kingii|95/100
|move|p2b: Dragapult|Dragon Darts|p1b: Rillaboom
|-damage|p1b: Rillaboom|0 fnt
|faint|p1b: Rillaboom
|move|p1a: Dragonite|Scale Shot|p2b: Dragapult
|-damage|p2b: Dragapult|82/100
|-damage|p2b: Dragapult|60/100
|-damage|p2b: Dragapult|38/100
|-damage|p2b: Dragapult|18/100
|-damage|p2b: Dragapult|0 fnt
|faint|p2b: Dragapult
|-hitcount|p2: Dragapult|5
|-unboost|p1a: Dragonite|def|1
|-boost|p1a: Dragonite|spe|1
|
|-heal|p2a: Kingii|100/100|[from] Grassy Terrain
|upkeep
|
|t:|1756616059
|switch|p2b: Rilli|Rillaboom, L50, F, shiny|100/100
|switch|p1b: Volcarona|Volcarona, L50, F|100/100
|turn|4
|
|t:|1756616085
|move|p1a: Dragonite|Protect|p1a: Dragonite
|-singleturn|p1a: Dragonite|Protect
|move|p1b: Volcarona|Heat Wave|p2a: Kingii|[spread] p2a,p2b
|-supereffective|p2a: Kingii
|-supereffective|p2b: Rilli
|-damage|p2a: Kingii|36/100
|-damage|p2b: Rilli|51/100
|move|p2b: Rilli|High Horsepower|p1b: Volcarona
|-damage|p1b: Volcarona|62/100
|move|p2a: Kingii|Swords Dance|p2a: Kingii
|-boost|p2a: Kingii|atk|2
|
|-heal|p1b: Volcarona|68/100|[from] Grassy Terrain
|-heal|p2b: Rilli|57/100|[from] Grassy Terrain
|-heal|p2a: Kingii|42/100|[from] Grassy Terrain
|upkeep
|turn|5
|
|t:|1756616108
|move|p2a: Kingii|Sucker Punch|p1b: Volcarona
|-damage|p1b: Volcarona|0 fnt
|faint|p1b: Volcarona
|move|p1a: Dragonite|Scale Shot|p2b: Rilli
|-damage|p2b: Rilli|42/100
|-damage|p2b: Rilli|28/100
|-damage|p2b: Rilli|13/100
|-damage|p2b: Rilli|0 fnt
|faint|p2b: Rilli
|-hitcount|p2: Rilli|4
|-unboost|p1a: Dragonite|def|1
|-boost|p1a: Dragonite|spe|1
|
|-heal|p2a: Kingii|47/100|[from] Grassy Terrain
|upkeep
|
|t:|1756616111
|switch|p1b: Sneasler|Sneasler, L50, F, shiny|100/100
|turn|6
|
|t:|1756616126
|move|p2a: Kingii|Protect|p2a: Kingii
|-singleturn|p2a: Kingii|Protect
|move|p1a: Dragonite|Haze|p1a: Dragonite
|-clearallboost
|move|p1b: Sneasler|Close Combat|p2a: Kingii
|-activate|p2a: Kingii|move: Protect
|
|-heal|p2a: Kingii|53/100|[from] Grassy Terrain
|-fieldend|move: Grassy Terrain
|upkeep
|turn|7
|-message|moicito forfeited.
|
|win|ddx9000
||moicito is ready for game 3.
||ddx9000 is ready for game 3.
|uhtml|next|Next: Game 3 of 3
