|j|☆lettitripppp
|j|☆mantyfnf
|html|lettitrippppmantyfnf    
|uhtml|bestof|Game 2 of a best-of-3
|t:|1785279968
|gametype|doubles
|player|p1|lettitripppp|lucas|1156
|player|p2|mantyfnf|koga|1024
|gen|9
|tier|[Gen 9 Champions] VGC 2026 Reg M-B (Bo3)
|rated|
|rule|Species Clause: Limit one of each Pokémon
|rule|Item Clause: Limit 1 of each item
|clearpoke
|poke|p1|Staraptor, L50, M|
|poke|p1|Tyranitar, L50, F|
|poke|p1|Excadrill, L50, F|
|poke|p1|Gholdengo, L50|
|poke|p1|Milotic, L50, M|
|poke|p1|Sinistcha, L50|
|poke|p2|Gengar, L50, F|
|poke|p2|Primarina, L50, F|
|poke|p2|Palafin, L50, M|
|poke|p2|Gholdengo, L50|
|poke|p2|Annihilape, L50, M|
|poke|p2|Garchomp, L50, F|
|teampreview|4
|showteam|p1|Staraptor||Staraptite|Intimidate|CloseCombat,BraveBird,Tailwind,Protect|Jolly||M|||50|]Tyranitar||Tyranitarite|SandStream|RockSlide,KnockOff,LowKick,Protect|Jolly||F|||50|]Excadrill||FocusSash|SandRush|HighHorsepower,RockSlide,IronHead,Protect|Adamant||F|||50|]Gholdengo||LifeOrb|GoodasGold|MakeItRain,ShadowBall,NastyPlot,Protect|Timid|||||50|]Milotic||Leftovers|Competitive|IcyWind,Scald,Haze,Protect|Calm||M|||50|]Sinistcha||ColburBerry|Hospitality|MatchaGotcha,RagePowder,TrickRoom,Protect|Bold|||||50|
|showteam|p2|Gengar||Gengarite|CursedBody|ShadowBall,SludgeWave,Thunderbolt,Protect|Modest||F|||50|]Primarina||Leftovers|LiquidVoice|Moonblast,SparklingAria,PerishSong,Protect|Bold||F|||50|]Palafin||ChoiceScarf|ZerotoHero|AquaTail,CloseCombat,IcePunch,Protect|Jolly||M|||50|]Gholdengo||LifeOrb|GoodasGold|MakeItRain,DazzlingGleam,ShadowBall,Protect|Timid|||||50|]Annihilape||SitrusBerry|InnerFocus|RageFist,CloseCombat,Uturn,Protect|Adamant||M|||50|]Garchomp||FocusSash|RoughSkin|DragonClaw,Crunch,Earthquake,Protect|Adamant||F|||50|
|inactive|Battle timer is ON: inactive players will automatically lose when time's up. (requested by lettitripppp)
|
|t:|1785279980
|teamsize|p1|4
|teamsize|p2|4
|start
|switch|p1a: TRANITAR|Tyranitar, L50, F|100/100
|switch|p1b: RUSH-DRILL|Excadrill, L50, F|100/100
|switch|p2a: Gengar|Gengar, L50, F|100/100
|switch|p2b: Garchomp|Garchomp, L50, F|100/100
|-weather|Sandstorm|[from] ability: Sand Stream|[of] p1a: TRANITAR
|turn|1
|inactive|mantyfnf has 30 seconds left.
|
|t:|1785280010
|switch|p2a: Annihilape|Annihilape, L50, M|100/100
|detailschange|p1a: TRANITAR|Tyranitar-Mega, L50, F
|-mega|p1a: TRANITAR|Tyranitar|Tyranitarite
|move|p1b: RUSH-DRILL|High Horsepower|p2a: Annihilape
|-damage|p2a: Annihilape|41/100
|-enditem|p2a: Annihilape|Sitrus Berry|[eat]
|-heal|p2a: Annihilape|66/100|[from] item: Sitrus Berry
|move|p2b: Garchomp|Earthquake|p1a: TRANITAR|[spread] p2a,p1a,p1b
|-supereffective|p1a: TRANITAR|1
|-supereffective|p1b: RUSH-DRILL|1
|-damage|p2a: Annihilape|21/100
|-damage|p1a: TRANITAR|38/100
|-enditem|p1b: RUSH-DRILL|Focus Sash
|-damage|p1b: RUSH-DRILL|1/100
|move|p1a: TRANITAR|Knock Off|p2b: Garchomp
|-damage|p2b: Garchomp|45/100
|-damage|p1a: TRANITAR|25/100|[from] ability: Rough Skin|[of] p2b: Garchomp
|-enditem|p2b: Garchomp|Focus Sash|[from] move: Knock Off|[of] p1a: TRANITAR
|
|-weather|Sandstorm|[upkeep]
|-damage|p2a: Annihilape|15/100|[from] Sandstorm
|upkeep
|turn|2
|inactive|mantyfnf has 30 seconds left.
|inactive|mantyfnf has 20 seconds left.
|
|t:|1785280046
|move|p1b: RUSH-DRILL|High Horsepower|p2b: Garchomp
|-damage|p2b: Garchomp|0 fnt
|-damage|p1b: RUSH-DRILL|0 fnt|[from] ability: Rough Skin|[of] p2b: Garchomp
|faint|p2b: Garchomp
|faint|p1b: RUSH-DRILL
|move|p1a: TRANITAR|Knock Off|p2a: Annihilape
|-damage|p2a: Annihilape|0 fnt
|faint|p2a: Annihilape
|
|-weather|Sandstorm|[upkeep]
|upkeep
|
|t:|1785280058
|switch|p2b: Palafin|Palafin, L50, M|100/100
|switch|p1b: HEALROOM|Sinistcha, L50|100/100
|switch|p2a: Gengar|Gengar, L50, F|100/100
|-heal|p1a: TRANITAR|50/100g|[from] ability: Hospitality|[of] p1b: HEALROOM
|turn|3
|
|t:|1785280073
|detailschange|p2a: Gengar|Gengar-Mega, L50, F
|-mega|p2a: Gengar|Gengar|Gengarite
|move|p1b: HEALROOM|Rage Powder|p1b: HEALROOM
|-singleturn|p1b: HEALROOM|move: Rage Powder
|move|p2b: Palafin|Close Combat|p1b: HEALROOM
|-immune|p1b: HEALROOM
|move|p2a: Gengar|Shadow Ball|p1b: HEALROOM
|-supereffective|p1b: HEALROOM|1
|-damage|p1b: HEALROOM|0 fnt
|faint|p1b: HEALROOM
|move|p1a: TRANITAR|Knock Off|p2b: Palafin
|-damage|p2b: Palafin|25/100
|-enditem|p2b: Palafin|Choice Scarf|[from] move: Knock Off|[of] p1a: TRANITAR
|
|-weather|Sandstorm|[upkeep]
|-damage|p2b: Palafin|19/100|[from] Sandstorm
|-damage|p2a: Gengar|94/100|[from] Sandstorm
|upkeep
|
|t:|1785280084
|switch|p1b: SATOROU|Gholdengo, L50|100/100
|turn|4
|
|t:|1785280099
|move|p1b: SATOROU|Protect|p1b: SATOROU
|-singleturn|p1b: SATOROU|Protect
|move|p2b: Palafin|Close Combat|p1a: TRANITAR
|-supereffective|p1a: TRANITAR|2
|-damage|p1a: TRANITAR|0 fnt
|-unboost|p2b: Palafin|def|1
|-unboost|p2b: Palafin|spd|1
|faint|p1a: TRANITAR
|move|p2a: Gengar|Shadow Ball|p1b: SATOROU
|-activate|p1b: SATOROU|move: Protect
|
|-weather|Sandstorm|[upkeep]
|-damage|p2b: Palafin|12/100|[from] Sandstorm
|-damage|p2a: Gengar|88/100|[from] Sandstorm
|upkeep
|turn|5
|
|t:|1785280121
|move|p2b: Palafin|Aqua Tail|p1b: SATOROU
|-damage|p1b: SATOROU|67/100
|move|p2a: Gengar|Shadow Ball|p1b: SATOROU
|-supereffective|p1b: SATOROU|1
|-damage|p1b: SATOROU|0 fnt
|faint|p1b: SATOROU
|
|win|mantyfnf
