|j|☆guby67
|j|☆ari_uh_123
|html|guby67ari_uh_123    
|uhtml|bestof|Game 2 of a best-of-3
|t:|1757212641
|gametype|doubles
|player|p1|guby67|169|1000
|player|p2|ari_uh_123|n|1000
|gen|9
|tier|[Gen 9] VGC 2025 Reg H (Bo3)
|rated|
|rule|Species Clause: Limit one of each Pokémon
|rule|Item Clause: Limit 1 of each item
|clearpoke
|poke|p1|Incineroar, L50, M|
|poke|p1|Archaludon, L50, M|
|poke|p1|Farigiraf, L50, M|
|poke|p1|Ursaluna-Bloodmoon, L50, M|
|poke|p1|Sneasler, L50, M|
|poke|p1|Gholdengo, L50|
|poke|p2|Sneasler, L50, M|
|poke|p2|Primarina, L50, M|
|poke|p2|Kingambit, L50, F|
|poke|p2|Rillaboom, L50, F|
|poke|p2|Electabuzz, L50, F|
|poke|p2|Dragapult, L50, M|
|teampreview|4
|showteam|p1|Incineroar||CovertCloak|Intimidate|HelpingHand,KnockOff,FlareBlitz,FakeOut|||M|||50|,,,,,Water]Archaludon||RockyHelmet|Stamina|Protect,DragonPulse,ElectroShot,BodyPress|||M|||50|,,,,,Fighting]Farigiraf||RedCard|ArmorTail|DazzlingGleam,Protect,TrickRoom,PsychicNoise|||M|||50|,,,,,Fairy]Ursaluna-Bloodmoon||AssaultVest|MindsEye|Moonblast,Snarl,EarthPower,BloodMoon|||M|||50|,,,,,Fairy]Sneasler||FocusSash|PoisonTouch|CloseCombat,DireClaw,Trailblaze,SwordsDance|||M|||50|,,,,,Fire]Gholdengo||LifeOrb|GoodasGold|DazzlingGleam,MakeItRain,NastyPlot,Protect||||||50|,,,,,Fairy
|showteam|p2|Sneasler||FocusSash|PoisonTouch|DireClaw,CloseCombat,Protect,FakeOut|||M|||50|,,,,,Stellar]Primarina||ThroatSpray|LiquidVoice|Protect,HyperVoice,Moonblast,Haze|||M|||50|,,,,,Poison]Kingambit||BlackGlasses|Defiant|KowtowCleave,SwordsDance,SuckerPunch,Protect|||F|||50|,,,,,Dark]Rillaboom||AssaultVest|GrassySurge|WoodHammer,Uturn,GrassyGlide,FakeOut|||F|||50|,,,,,Fire]Electabuzz||Eviolite|VitalSpirit|Electroweb,Taunt,Protect,FollowMe|||F|||50|,,,,,Fairy]Dragapult||ChoiceBand|ClearBody|DragonDarts,Uturn,PhantomForce,Outrage|||M|||50|,,,,,Dragon
|inactive|Battle timer is ON: inactive players will automatically lose when time's up. (requested by guby67)
|
|t:|1757212659
|teamsize|p1|4
|teamsize|p2|4
|start
|switch|p1a: Sneasler|Sneasler, L50, M|100/100
|switch|p1b: Farigiraf|Farigiraf, L50, M|100/100
|switch|p2a: Dragapult|Dragapult, L50, M|100/100
|switch|p2b: Electabuzz|Electabuzz, L50, F|100/100
|turn|1
|inactive|guby67 has 30 seconds left.
|inactive|guby67 has 20 seconds left.
|inactive|guby67 has 15 seconds left.
|inactive|guby67 has 10 seconds left.
|
|t:|1757212708
|move|p2a: Dragapult|Dragon Darts|p1b: Farigiraf
|-damage|p1b: Farigiraf|66/100
|-anim|p2a: Dragapult|Dragon Darts|p1a: Sneasler
|-damage|p1a: Sneasler|34/100
|-enditem|p1b: Farigiraf|Red Card|[of] p2a: Dragapult
|drag|p2a: Sneasler|Sneasler, L50, M|100/100
|move|p1a: Sneasler|Dire Claw|p2b: Electabuzz
|-damage|p2b: Electabuzz|65/100
|-status|p2b: Electabuzz|psn|[from] ability: Poison Touch|[of] p1a: Sneasler
|move|p2b: Electabuzz|Electroweb|p1b: Farigiraf|[spread] p1b
|-miss|p2b: Electabuzz|p1a: Sneasler
|-damage|p1b: Farigiraf|55/100
|-unboost|p1b: Farigiraf|spe|1
|move|p1b: Farigiraf|Trick Room|p1b: Farigiraf
|-fieldstart|move: Trick Room|[of] p1b: Farigiraf
|
|-damage|p2b: Electabuzz|53/100 psn|[from] psn
|upkeep
|turn|2
|inactive|guby67 has 30 seconds left.
|inactive|ari_uh_123 has 30 seconds left.
|inactive|ari_uh_123 has 20 seconds left.
|inactive|ari_uh_123 has 15 seconds left.
|
|t:|1757212748
|-terastallize|p2a: Sneasler|Stellar
|move|p2a: Sneasler|Fake Out||[still]
|cant|p1b: Farigiraf|ability: Armor Tail|Fake Out|[of] p2a: Sneasler
|move|p1b: Farigiraf|Psychic Noise|p2a: Sneasler
|-supereffective|p2a: Sneasler
|-enditem|p2a: Sneasler|Focus Sash
|-damage|p2a: Sneasler|1/100
|-start|p2a: Sneasler|move: Heal Block
|move|p2b: Electabuzz|Taunt|p1b: Farigiraf
|-start|p1b: Farigiraf|move: Taunt
|move|p1a: Sneasler|Close Combat|p2b: Electabuzz
|-damage|p2b: Electabuzz|0 fnt
|-unboost|p1a: Sneasler|def|1
|-unboost|p1a: Sneasler|spd|1
|faint|p2b: Electabuzz
|
|upkeep
|
|t:|1757212769
|switch|p2b: Primarina|Primarina, L50, M|100/100
|turn|3
|
|t:|1757212787
|move|p1b: Farigiraf|Dazzling Gleam|p2b: Primarina|[spread] p2a,p2b
|-damage|p2a: Sneasler|0 fnt
|-damage|p2b: Primarina|88/100
|faint|p2a: Sneasler
|move|p2b: Primarina|Haze|p2b: Primarina
|-clearallboost
|move|p1a: Sneasler|Dire Claw|p2b: Primarina
|-supereffective|p2b: Primarina
|-damage|p2b: Primarina|0 fnt
|faint|p2b: Primarina
|
|upkeep
|
|t:|1757212802
|switch|p2a: Dragapult|Dragapult, L50, M|100/100
|turn|4
|
|t:|1757212816
|move|p1b: Farigiraf|Dazzling Gleam|p2a: Dragapult
|-supereffective|p2a: Dragapult
|-damage|p2a: Dragapult|46/100
|move|p1a: Sneasler|Dire Claw|p2a: Dragapult
|-resisted|p2a: Dragapult
|-damage|p2a: Dragapult|16/100
|move|p2a: Dragapult|Dragon Darts|p1a: Sneasler
|-damage|p1a: Sneasler|0 fnt
|-anim|p2a: Dragapult|Dragon Darts|p1b: Farigiraf
|-damage|p1b: Farigiraf|22/100
|faint|p1a: Sneasler
|
|upkeep
|
|t:|1757212827
|switch|p1a: Incineroar|Incineroar, L50, M|100/100
|-ability|p1a: Incineroar|Intimidate|boost
|-fail|p2a: Dragapult|unboost|[from] ability: Clear Body|[of] p2a: Dragapult
|turn|5
|
|t:|1757212837
|move|p1b: Farigiraf|Dazzling Gleam|p2a: Dragapult
|-supereffective|p2a: Dragapult
|-damage|p2a: Dragapult|0 fnt
|faint|p2a: Dragapult
|
|win|guby67
|l|☆guby67
|player|p1|
||ari_uh_123 is ready for game 3.
|inactive|guby67 has 30 seconds to confirm battle start!
||guby67 is ready for game 3.
|uhtml|next|Next: Game 3 of 3
