|j|☆trainer piwi
|j|☆kimu dora
|html|trainer piwikimu dora    
|uhtml|bestof|Game 1 of a best-of-3
|t:|1785762594
|gametype|doubles
|player|p1|trainer piwi|1|1030
|player|p2|kimu dora|266|1000
|gen|9
|tier|[Gen 9 Champions] VGC 2026 Reg M-B (Bo3)
|rated|
|rule|Species Clause: Limit one of each Pokémon
|rule|Item Clause: Limit 1 of each item
|clearpoke
|poke|p1|Raichu, L50, M|
|poke|p1|Sneasler, L50, M|
|poke|p1|Hydreigon, L50, M|
|poke|p1|Incineroar, L50, M|
|poke|p1|Talonflame, L50, F|
|poke|p1|Tsareena, L50, F|
|poke|p2|Raichu, L50, M|
|poke|p2|Sylveon, L50, M|
|poke|p2|Farigiraf, L50, M|
|poke|p2|Staraptor, L50, M|
|poke|p2|Arcanine-Hisui, L50, F|
|poke|p2|Kingambit, L50, F|
|teampreview|4
|showteam|p1|Raichu||RaichuniteY|Static|FakeOut,VoltSwitch,ZapCannon,FocusBlast|Timid||M|||50|]Sneasler||FocusSash|Unburden|FakeOut,Protect,CloseCombat,DireClaw|Jolly||M|||50|]Hydreigon||ChoiceScarf|Levitate|DracoMeteor,Snarl,EarthPower,DarkPulse|Timid||M|||50|]Incineroar||SitrusBerry|Intimidate|FakeOut,DarkestLariat,FlareBlitz,PartingShot|Adamant||M|||50|]Talonflame||SharpBeak|GaleWings|Tailwind,Taunt,DualWingbeat,WillOWisp|Impish||F|||50|]Tsareena||WideLens|QueenlyMajesty|TripleAxel,PowerWhip,HighJumpKick,Uturn|Adamant||F|||50|
|showteam|p2|Raichu||RaichuniteY|LightningRod|ZapCannon,FocusBlast,FakeOut,Protect|Timid||M|||50|]Sylveon||FairyFeather|Pixilate|HyperVoice,QuickAttack,HyperBeam,Detect|Modest||M|||50|]Farigiraf||SitrusBerry|ArmorTail|HelpingHand,TrickRoom,Psychic,Protect|Calm||M|||50|]Staraptor||Staraptite|Intimidate|DualWingbeat,CloseCombat,Tailwind,Protect|Jolly||M|||50|]Arcanine-Hisui||FocusSash|RockHead|FlareBlitz,HeadSmash,ExtremeSpeed,Protect|Jolly||F|||50|]Kingambit||LifeOrb|Defiant|KowtowCleave,SuckerPunch,SwordsDance,Protect|Adamant||F|||50|
|inactive|Battle timer is ON: inactive players will automatically lose when time's up. (requested by trainer piwi)
|
|t:|1785762686
|teamsize|p1|4
|teamsize|p2|4
|start
|switch|p1a: Sneasler|Sneasler, L50, M|100/100
|switch|p1b: Tsareena|Tsareena, L50, F|100/100
|switch|p2a: Staraptor|Staraptor, L50, M|100/100
|switch|p2b: Arcanine|Arcanine-Hisui, L50, F|100/100
|-ability|p2a: Staraptor|Intimidate|boost
|-unboost|p1a: Sneasler|atk|1
|-unboost|p1b: Tsareena|atk|1
|turn|1
|inactive|kimu dora has 30 seconds left.
|
|t:|1785762714
|switch|p1a: Incineroar|Incineroar, L50, M|100/100
|-ability|p1a: Incineroar|Intimidate|boost
|-unboost|p2a: Staraptor|atk|1
|-unboost|p2b: Arcanine|atk|1
|switch|p2a: Farigiraf|Farigiraf, L50, M|100/100
|switch|p1b: Raichu|Raichu, L50, M|100/100
|move|p2b: Arcanine|Flare Blitz|p1b: Raichu
|-damage|p1b: Raichu|13/100
|
|upkeep
|turn|2
|inactive|trainer piwi has 30 seconds left.
|inactive|kimu dora has 30 seconds left.
|inactive|trainer piwi has 20 seconds left.
|inactive|kimu dora has 20 seconds left.
|
|t:|1785762751
|detailschange|p1b: Raichu|Raichu-Mega-Y, L50, M
|-mega|p1b: Raichu|Raichu|Raichunite Y
|move|p1b: Raichu|Focus Blast|p2b: Arcanine
|-supereffective|p2b: Arcanine|1
|-enditem|p2b: Arcanine|Focus Sash
|-damage|p2b: Arcanine|1/100
|move|p2b: Arcanine|Head Smash|p1a: Incineroar
|-supereffective|p1a: Incineroar|1
|-damage|p1a: Incineroar|7/100
|-enditem|p1a: Incineroar|Sitrus Berry|[eat]
|-heal|p1a: Incineroar|32/100|[from] item: Sitrus Berry
|move|p1a: Incineroar|Darkest Lariat|p2a: Farigiraf
|-supereffective|p2a: Farigiraf|1
|-damage|p2a: Farigiraf|26/100
|-enditem|p2a: Farigiraf|Sitrus Berry|[eat]
|-heal|p2a: Farigiraf|51/100|[from] item: Sitrus Berry
|move|p2a: Farigiraf|Psychic|p1b: Raichu
|-damage|p1b: Raichu|0 fnt
|faint|p1b: Raichu
|
|upkeep
|
|t:|1785762772
|switch|p1b: Sneasler|Sneasler, L50, M|100/100
|turn|3
|
|t:|1785762785
|switch|p2b: Staraptor|Staraptor, L50, M|100/100
|-ability|p2b: Staraptor|Intimidate|boost
|-unboost|p1a: Incineroar|atk|1
|-unboost|p1b: Sneasler|atk|1
|move|p1b: Sneasler|Dire Claw|p2b: Staraptor
|-damage|p2b: Staraptor|63/100
|move|p1a: Incineroar|Darkest Lariat|p2a: Farigiraf
|-supereffective|p2a: Farigiraf|1
|-damage|p2a: Farigiraf|2/100
|move|p2a: Farigiraf|Psychic|p1b: Sneasler
|-supereffective|p1b: Sneasler|2
|-enditem|p1b: Sneasler|Focus Sash
|-damage|p1b: Sneasler|1/100
|
|upkeep
|turn|4
|inactive|trainer piwi has 30 seconds left.
|
|t:|1785762819
|detailschange|p2b: Staraptor|Staraptor-Mega, L50, M
|-mega|p2b: Staraptor|Staraptor|Staraptite
|move|p1b: Sneasler|Dire Claw|p2a: Farigiraf
|-damage|p2a: Farigiraf|0 fnt
|faint|p2a: Farigiraf
|move|p2b: Staraptor|Close Combat|p1a: Incineroar
|-supereffective|p1a: Incineroar|1
|-crit|p1a: Incineroar
|-damage|p1a: Incineroar|0 fnt
|-boost|p2b: Staraptor|def|1
|-boost|p2b: Staraptor|spd|1
|faint|p1a: Incineroar
|
|upkeep
|
|t:|1785762831
|switch|p1a: Tsareena|Tsareena, L50, F|100/100
|switch|p2a: Sylveon|Sylveon, L50, M|100/100
|turn|5
|
|t:|1785762839
|move|p1b: Sneasler|Dire Claw|p2a: Sylveon
|-supereffective|p2a: Sylveon|1
|-damage|p2a: Sylveon|38/100
|move|p2b: Staraptor|Dual Wingbeat|p1a: Tsareena|[miss]
|-miss|p2b: Staraptor|p1a: Tsareena
|move|p2a: Sylveon|Hyper Voice|p1b: Sneasler|[spread] p1a,p1b
|-damage|p1a: Tsareena|61/100
|-damage|p1b: Sneasler|0 fnt
|faint|p1b: Sneasler
|move|p1a: Tsareena|Triple Axel|p2b: Staraptor
|-supereffective|p2b: Staraptor|1
|-damage|p2b: Staraptor|54/100
|-supereffective|p2b: Staraptor|1
|-damage|p2b: Staraptor|39/100
|-supereffective|p2b: Staraptor|1
|-damage|p2b: Staraptor|15/100
|-hitcount|p2b: Staraptor|3
|
|upkeep
|turn|6
|
|t:|1785762863
|move|p2b: Staraptor|Close Combat|p1a: Tsareena
|-crit|p1a: Tsareena
|-damage|p1a: Tsareena|0 fnt
|-boost|p2b: Staraptor|def|1
|-boost|p2b: Staraptor|spd|1
|faint|p1a: Tsareena
|
|win|kimu dora
||trainer piwi is ready for game 2.
|inactive|kimu dora has 30 seconds to confirm battle start!
||kimu dora is ready for game 2.
|uhtml|next|Next: Game 2 of 3
