|j|☆I am the Sweeper
|j|☆pinkey569
|html|I am the Sweeperpinkey569    
|uhtml|bestof|Game 1 of a best-of-3
|t:|1756752245
|gametype|doubles
|player|p1|I am the Sweeper|janitor|
|player|p2|pinkey569|170|
|gen|9
|tier|[Gen 9] VGC 2025 Reg H (Bo3)
|rule|Species Clause: Limit one of each Pokémon
|rule|Item Clause: Limit 1 of each item
|clearpoke
|poke|p1|Maushold, L50|
|poke|p1|Annihilape, L50, M|
|poke|p1|Grimmsnarl, L50, M|
|poke|p1|Gholdengo, L50|
|poke|p1|Dragonite, L50, M|
|poke|p1|Garchomp, L50, F|
|poke|p2|Tyranitar, L50, M|
|poke|p2|Dragonite, L50, M|
|poke|p2|Excadrill, L50, F|
|poke|p2|Volcarona, L50, M|
|poke|p2|Kilowattrel, L50, M|
|poke|p2|Indeedee, L50, M|
|teampreview|4
|showteam|p1|Maushold||WideLens|FriendGuard|PopulationBomb,BeatUp,Protect,FollowMe||||||50|,,,,,Ghost]Annihilape||SafetyGoggles|Defiant|RageFist,DrainPunch,Protect,BulkUp|||M|||50|,,,,,Fire]Grimmsnarl||LightClay|Prankster|ThunderWave,LightScreen,SpiritBreak,Reflect|||M|||50|,,,,,Ghost]Gholdengo||Leftovers|GoodasGold|MakeItRain,ShadowBall,Protect,NastyPlot||||||50|,,,,,Water]Dragonite||LoadedDice|Multiscale|ScaleShot,Tailwind,Protect,Haze|||M|||50|,,,,,Fairy]Garchomp||LifeOrb|RoughSkin|StompingTantrum,Earthquake,Protect,DragonClaw|||F|||50|,,,,,Ground
|showteam|p2|Tyranitar||AssaultVest|SandStream|RockSlide,KnockOff,TeraBlast,LowKick|||M|||50|,,,,,Flying]Dragonite||LoadedDice|Multiscale|Protect,ThunderWave,Haze,ScaleShot|||M|||50|,,,,,Fairy]Excadrill||LifeOrb|SandRush|Protect,Earthquake,IronHead,TeraBlast|||F|||50|,,,,,Fairy]Volcarona||SitrusBerry|FlameBody|Tailwind,RagePowder,Overheat,StruggleBug|||M|||50|,,,,,Grass]Kilowattrel||ChoiceSpecs|Competitive|Thunderbolt,Discharge,AirSlash,WeatherBall|||M|||50|,,,,,Ghost]Indeedee||FocusSash|PsychicSurge|TrickRoom,Imprison,ExpandingForce,TeraBlast|||M|||50|,,,,,Fighting
|
|t:|1756752277
|teamsize|p1|4
|teamsize|p2|4
|start
|switch|p1a: Maushold|Maushold, L50|100/100
|switch|p1b: Gholdengo|Gholdengo, L50|100/100
|switch|p2a: Volcarona|Volcarona, L50, M|100/100
|switch|p2b: Indeedee|Indeedee, L50, M|100/100
|-fieldstart|move: Psychic Terrain|[from] ability: Psychic Surge|[of] p2b: Indeedee
|turn|1
|
|t:|1756752315
|switch|p2b: Excadrill|Excadrill, L50, F|100/100
|-terastallize|p1b: Gholdengo|Water
|move|p1a: Maushold|Follow Me|p1a: Maushold
|-singleturn|p1a: Maushold|move: Follow Me
|move|p1b: Gholdengo|Nasty Plot|p1b: Gholdengo
|-boost|p1b: Gholdengo|spa|2
|move|p2a: Volcarona|Struggle Bug|p1b: Gholdengo|[spread] p1a,p1b
|-damage|p1a: Maushold|72/100
|-damage|p1b: Gholdengo|84/100
|-unboost|p1a: Maushold|spa|1
|-unboost|p1b: Gholdengo|spa|1
|
|-heal|p1b: Gholdengo|90/100|[from] item: Leftovers
|upkeep
|turn|2
|
|t:|1756752363
|switch|p2a: Dragonite|Dragonite, L50, M|100/100
|move|p1a: Maushold|Follow Me|p1a: Maushold
|-singleturn|p1a: Maushold|move: Follow Me
|move|p1b: Gholdengo|Shadow Ball|p2a: Dragonite
|-damage|p2a: Dragonite|69/100
|move|p2b: Excadrill|Earthquake|p1a: Maushold|[spread] p1a,p1b
|-immune|p2a: Dragonite
|-damage|p1a: Maushold|0 fnt
|-damage|p1b: Gholdengo|43/100
|faint|p1a: Maushold
|-damage|p2b: Excadrill|91/100|[from] item: Life Orb
|
|-heal|p1b: Gholdengo|49/100|[from] item: Leftovers
|upkeep
|
|t:|1756752381
|switch|p1a: Garchomp|Garchomp, L50, F|100/100
|turn|3
|
|t:|1756752421
|switch|p2a: Volcarona|Volcarona, L50, M|100/100
|move|p1b: Gholdengo|Protect|p1b: Gholdengo
|-singleturn|p1b: Gholdengo|Protect
|move|p2b: Excadrill|Protect|p2b: Excadrill
|-singleturn|p2b: Excadrill|Protect
|move|p1a: Garchomp|Earthquake|p2a: Volcarona|[spread] p2a
|-activate|p1b: Gholdengo|move: Protect
|-activate|p2b: Excadrill|move: Protect
|-damage|p2a: Volcarona|44/100
|-enditem|p2a: Volcarona|Sitrus Berry|[eat]
|-heal|p2a: Volcarona|69/100|[from] item: Sitrus Berry
|-damage|p1a: Garchomp|91/100|[from] item: Life Orb
|
|-heal|p1b: Gholdengo|55/100|[from] item: Leftovers
|upkeep
|turn|4
|
|t:|1756752480
|-terastallize|p2b: Excadrill|Fairy
|move|p2a: Volcarona|Rage Powder|p2a: Volcarona
|-singleturn|p2a: Volcarona|move: Rage Powder
|move|p1a: Garchomp|Earthquake|p2a: Volcarona|[spread] p1b,p2a,p2b
|-damage|p1b: Gholdengo|0 fnt
|-damage|p2a: Volcarona|15/100
|-damage|p2b: Excadrill|11/100
|faint|p1b: Gholdengo
|-damage|p1a: Garchomp|81/100|[from] item: Life Orb
|move|p2b: Excadrill|Earthquake|p1a: Garchomp|[spread] p2a,p1a
|-damage|p2a: Volcarona|0 fnt
|-damage|p1a: Garchomp|21/100
|faint|p2a: Volcarona
|-damage|p2b: Excadrill|2/100|[from] item: Life Orb
|
|upkeep
|
|t:|1756752494
|switch|p1b: Annihilape|Annihilape, L50, M|100/100
|switch|p2a: Indeedee|Indeedee, L50, M|100/100
|turn|5
|
|t:|1756752525
|move|p1a: Garchomp|Earthquake|p2a: Indeedee|[spread] p1b,p2a,p2b
|-damage|p1b: Annihilape|54/100
|-enditem|p2a: Indeedee|Focus Sash
|-damage|p2a: Indeedee|1/100
|-damage|p2b: Excadrill|0 fnt
|faint|p2b: Excadrill
|-damage|p1a: Garchomp|11/100|[from] item: Life Orb
|move|p1b: Annihilape|Drain Punch|p2a: Indeedee
|-damage|p2a: Indeedee|0 fnt
|-heal|p1b: Annihilape|54/100|[from] drain|[of] p2a: Indeedee
|faint|p2a: Indeedee
|
|-fieldend|move: Psychic Terrain
|upkeep
|
|t:|1756752532
|switch|p2a: Dragonite|Dragonite, L50, M|69/100
|turn|6
|
|t:|1756752543
|move|p1a: Garchomp|Dragon Claw|p2a: Dragonite
|-supereffective|p2a: Dragonite
|-damage|p2a: Dragonite|0 fnt
|faint|p2a: Dragonite
|-damage|p1a: Garchomp|1/100|[from] item: Life Orb
|
|win|I am the Sweeper
||I am the Sweeper is ready for game 2.
||pinkey569 is ready for game 2.
|uhtml|next|Next: Game 2 of 3
