|j|☆Jun RH
|j|☆PablixXHD
|html|Jun RHPablixXHD    
|uhtml|bestof|Game 1 of a best-of-3
|t:|1757002061
|gametype|doubles
|player|p1|Jun RH|burglar|
|player|p2|PablixXHD|101|
|gen|9
|tier|[Gen 9] VGC 2025 Reg H (Bo3)
|rule|Species Clause: Limit one of each Pokémon
|rule|Item Clause: Limit 1 of each item
|clearpoke
|poke|p1|Gholdengo, L50|
|poke|p1|Incineroar, L50, F|
|poke|p1|Amoonguss, L50, M|
|poke|p1|Dragonite, L50, F|
|poke|p1|Garchomp, L50, F|
|poke|p1|Primarina, L50, F|
|poke|p2|Volcarona, L50, M|
|poke|p2|Kingambit, L50, M|
|poke|p2|Dragonite, L50, F|
|poke|p2|Sneasler, L50, F|
|poke|p2|Rillaboom, L50, F|
|poke|p2|Electabuzz, L50, F|
|teampreview|4
|showteam|p1|Gholdengo||LifeOrb|GoodasGold|MakeItRain,ShadowBall,NastyPlot,Protect||||||50|,,,,,Water]Incineroar||SafetyGoggles|Intimidate|KnockOff,FlareBlitz,FakeOut,PartingShot|||F|||50|,,,,,Ghost]Amoonguss||CovertCloak|Regenerator|RagePowder,PollenPuff,Protect,Spore|||M|||50|,,,,,Dark]Dragonite||LoadedDice|Multiscale|ScaleShot,Tailwind,Protect,Haze|||F|||50|,,,,,Fairy]Garchomp||ClearAmulet|RoughSkin|DragonClaw,Earthquake,StompingTantrum,Protect|||F|||50|,,,,,Fire]Primarina||AssaultVest|LiquidVoice|HyperVoice,Moonblast,IcyWind,DazzlingGleam|||F|||50|,,,,,Grass
|showteam|p2|Volcarona||Leftovers|FlameBody|HeatWave,TeraBlast,QuiverDance,Protect|||M|||50|,,,,,Fairy]Kingambit||BlackGlasses|Defiant|KowtowCleave,SuckerPunch,IronHead,Assurance|||M|||50|,,,,,Dark]Dragonite||LoadedDice|Multiscale|ScaleShot,ExtremeSpeed,Haze,Protect|||F|||50|,,,,,Normal]Sneasler||FocusSash|PoisonTouch|CloseCombat,DireClaw,FakeOut,Coaching|||F|||50|,,,,,Stellar]Rillaboom||AssaultVest|GrassySurge|WoodHammer,GrassyGlide,HighHorsepower,FakeOut|||F|||50|,,,,,Fire]Electabuzz||Eviolite|VitalSpirit|Thunderbolt,Taunt,FollowMe,Protect|||F|||50|,,,,,Ghost
|inactive|Battle timer is ON: inactive players will automatically lose when time's up. (requested by PablixXHD)
|c|☆PablixXHD|le meto timer
|inactive|Jun RH has 60 seconds left.
|
|t:|1757002151
|teamsize|p1|4
|teamsize|p2|4
|start
|switch|p1a: Garchomp|Garchomp, L50, F|100/100
|switch|p1b: Incineroar|Incineroar, L50, F|100/100
|switch|p2a: Kingambit|Kingambit, L50, M|100/100
|switch|p2b: Sneasler|Sneasler, L50, F|100/100
|-ability|p1b: Incineroar|Intimidate|boost
|-unboost|p2a: Kingambit|atk|1
|-ability|p2a: Kingambit|Defiant|boost
|-boost|p2a: Kingambit|atk|2
|-unboost|p2b: Sneasler|atk|1
|turn|1
|inactive|Jun RH has 30 seconds left.
|inactive|PablixXHD has 30 seconds left.
|
|t:|1757002183
|switch|p1b: Dragonite|Dragonite, L50, F|100/100
|-terastallize|p2a: Kingambit|Dark
|move|p2b: Sneasler|Fake Out|p1b: Dragonite
|-damage|p1b: Dragonite|95/100
|-status|p1b: Dragonite|psn|[from] ability: Poison Touch|[of] p2b: Sneasler
|move|p1a: Garchomp|Earthquake|p2b: Sneasler|[spread] p2a,p2b
|-immune|p1b: Dragonite
|-supereffective|p2b: Sneasler
|-damage|p2a: Kingambit|71/100
|-enditem|p2b: Sneasler|Focus Sash
|-damage|p2b: Sneasler|1/100
|move|p2a: Kingambit|Kowtow Cleave|p1a: Garchomp
|-damage|p1a: Garchomp|0 fnt
|-damage|p2a: Kingambit|59/100|[from] ability: Rough Skin|[of] p1a: Garchomp
|faint|p1a: Garchomp
|
|-damage|p1b: Dragonite|83/100 psn|[from] psn
|upkeep
|
|t:|1757002208
|switch|p1a: Amoonguss|Amoonguss, L50, M|100/100
|turn|2
|inactive|Jun RH has 30 seconds left.
|
|t:|1757002243
|switch|p2b: Rillaboom|Rillaboom, L50, F|100/100
|-fieldstart|move: Grassy Terrain|[from] ability: Grassy Surge|[of] p2b: Rillaboom
|move|p1a: Amoonguss|Rage Powder|p1a: Amoonguss
|-singleturn|p1a: Amoonguss|move: Rage Powder
|move|p1b: Dragonite|Scale Shot|p2b: Rillaboom
|-damage|p2b: Rillaboom|87/100
|-damage|p2b: Rillaboom|74/100
|-damage|p2b: Rillaboom|59/100
|-damage|p2b: Rillaboom|47/100
|-hitcount|p2b: Rillaboom|4
|-unboost|p1b: Dragonite|def|1
|-boost|p1b: Dragonite|spe|1
|move|p2a: Kingambit|Kowtow Cleave|p1a: Amoonguss
|-damage|p1a: Amoonguss|6/100
|
|-heal|p2b: Rillaboom|53/100|[from] Grassy Terrain
|-heal|p2a: Kingambit|65/100|[from] Grassy Terrain
|-heal|p1a: Amoonguss|12/100|[from] Grassy Terrain
|-damage|p1b: Dragonite|71/100 psn|[from] psn
|upkeep
|turn|3
|inactive|Jun RH has 30 seconds left.
|
|t:|1757002273
|move|p1b: Dragonite|Protect|p1b: Dragonite
|-singleturn|p1b: Dragonite|Protect
|move|p1a: Amoonguss|Protect|p1a: Amoonguss
|-singleturn|p1a: Amoonguss|Protect
|move|p2b: Rillaboom|Fake Out|p1b: Dragonite
|-activate|p1b: Dragonite|move: Protect
|move|p2a: Kingambit|Kowtow Cleave|p1a: Amoonguss
|-activate|p1a: Amoonguss|move: Protect
|
|-heal|p2b: Rillaboom|59/100|[from] Grassy Terrain
|-heal|p2a: Kingambit|71/100|[from] Grassy Terrain
|-heal|p1a: Amoonguss|18/100|[from] Grassy Terrain
|-damage|p1b: Dragonite|58/100 psn|[from] psn
|upkeep
|turn|4
|inactive|Jun RH has 30 seconds left.
|inactive|PablixXHD has 30 seconds left.
|
|t:|1757002304
|move|p1b: Dragonite|Scale Shot|p2a: Kingambit
|-damage|p2a: Kingambit|60/100
|-damage|p2a: Kingambit|50/100
|-damage|p2a: Kingambit|39/100
|-damage|p2a: Kingambit|27/100
|-hitcount|p2a: Kingambit|4
|-unboost|p1b: Dragonite|def|1
|-boost|p1b: Dragonite|spe|1
|move|p2b: Rillaboom|Wood Hammer|p1b: Dragonite
|-resisted|p1b: Dragonite
|-damage|p1b: Dragonite|11/100 psn
|-damage|p2b: Rillaboom|45/100|[from] Recoil
|move|p2a: Kingambit|Kowtow Cleave|p1a: Amoonguss
|-damage|p1a: Amoonguss|0 fnt
|faint|p1a: Amoonguss
|
|-heal|p2b: Rillaboom|51/100|[from] Grassy Terrain
|-heal|p2a: Kingambit|33/100|[from] Grassy Terrain
|-damage|p1b: Dragonite|0 fnt|[from] psn
|faint|p1b: Dragonite
|upkeep
|
|t:|1757002328
|switch|p1b: Incineroar|Incineroar, L50, F|100/100
|-ability|p1b: Incineroar|Intimidate|boost
|-unboost|p2a: Kingambit|atk|1
|-ability|p2a: Kingambit|Defiant|boost
|-boost|p2a: Kingambit|atk|2
|-unboost|p2b: Rillaboom|atk|1
|turn|5
|inactive|PablixXHD has 30 seconds left.
|
|t:|1757002363
|switch|p2b: Sneasler|Sneasler, L50, F|1/100
|move|p2a: Kingambit|Sucker Punch|p1b: Incineroar
|-resisted|p1b: Incineroar
|-damage|p1b: Incineroar|36/100
|move|p1b: Incineroar|Flare Blitz|p2a: Kingambit
|-damage|p2a: Kingambit|0 fnt
|faint|p2a: Kingambit
|-damage|p1b: Incineroar|24/100|[from] Recoil
|
|-heal|p2b: Sneasler|7/100|[from] Grassy Terrain
|-heal|p1b: Incineroar|31/100|[from] Grassy Terrain
|upkeep
|
|t:|1757002371
|switch|p2a: Dragonite|Dragonite, L50, F|100/100
|turn|6
|
|t:|1757002381
|-terastallize|p1b: Incineroar|Ghost
|move|p2b: Sneasler|Fake Out|p1b: Incineroar
|-immune|p1b: Incineroar
|move|p2a: Dragonite|Scale Shot|p1b: Incineroar
|-damage|p1b: Incineroar|17/100
|-damage|p1b: Incineroar|3/100
|-damage|p1b: Incineroar|0 fnt
|faint|p1b: Incineroar
|-hitcount|p1: Incineroar|3
|
|win|PablixXHD
||PablixXHD is ready for game 2.
|inactive|Jun RH has 30 seconds to confirm battle start!
||Jun RH is ready for game 2.
|uhtml|next|Next: Game 2 of 3
|l|☆Jun RH
|player|p1|
