|j|☆Myfriendgarchomp
|j|☆olive19907
|html|Myfriendgarchompolive19907    
|uhtml|bestof|Game 1 of a best-of-3
|t:|1757780175
|gametype|doubles
|player|p1|Myfriendgarchomp|colress|1081
|player|p2|olive19907|101|1000
|gen|9
|tier|[Gen 9] VGC 2025 Reg H (Bo3)
|rated|
|rule|Species Clause: Limit one of each Pokémon
|rule|Item Clause: Limit 1 of each item
|clearpoke
|poke|p1|Weezing-Galar, L50, M|
|poke|p1|Baxcalibur, L50, F|
|poke|p1|Dondozo, L50, M|
|poke|p1|Tatsugiri, L50, F|
|poke|p1|Ursaluna-Bloodmoon, L50, M|
|poke|p1|Talonflame, L50, M|
|poke|p2|Sylveon, L50, M|
|poke|p2|Amoonguss, L50, F|
|poke|p2|Gastrodon-East, L50, F|
|poke|p2|Garchomp, L50, F|
|poke|p2|Incineroar, L50, M|
|poke|p2|Klefki, L50, M|
|teampreview|4
|showteam|p1|Weezing-Galar||SitrusBerry|NeutralizingGas|WillOWisp,PoisonGas,StrangeSteam,Protect|||M|||50|,,,,,Flying]Baxcalibur||LoadedDice|ThermalExchange|ScaleShot,IcicleSpear,Protect,IceShard|||F|||50|,,,,,Ghost]Dondozo||Leftovers|Unaware|WaveCrash,OrderUp,Earthquake,Protect|||M|||50|,,,,,Grass]Tatsugiri||ChoiceScarf|Commander|DragonPulse,DracoMeteor,IcyWind,MuddyWater|||F|||50|,,,,,Dragon]Ursaluna-Bloodmoon||AssaultVest|MindsEye|VacuumWave,HyperVoice,EarthPower,BloodMoon|||M|||50|,,,,,Electric]Talonflame||FocusSash|GaleWings|WillOWisp,BraveBird,Tailwind,Taunt|||M|||50|,,,,,Ghost
|showteam|p2|Sylveon||ThroatSpray|Pixilate|HyperVoice,TeraBlast,QuickAttack,Protect|||M|||50|,,,,,Fire]Amoonguss||WikiBerry|Regenerator|PollenPuff,Spore,RagePowder,Protect|||F|||50|,,,,,Water]Gastrodon-East||Leftovers|StormDrain|EarthPower,Surf,Snowscape,Protect|||F|||50|,,,,,Fire]Garchomp||ClearAmulet|RoughSkin|Earthquake,RockSlide,SwordsDance,Protect|||F|||50|,,,,,Fire]Incineroar||AssaultVest|Intimidate|FlareBlitz,KnockOff,FakeOut,PartingShot|||M|||50|,,,,,Grass]Klefki||LightClay|Prankster|FoulPlay,TrickRoom,LightScreen,Reflect|||M|||50|,,,,,Dark
|
|t:|1757780221
|teamsize|p1|4
|teamsize|p2|4
|start
|switch|p1a: Baxcalibur|Baxcalibur, L50, F|100/100
|switch|p1b: Weezing|Weezing-Galar, L50, M|100/100
|switch|p2a: Incineroar|Incineroar, L50, M|100/100
|switch|p2b: Klefki|Klefki, L50, M|100/100
|-ability|p1b: Weezing|Neutralizing Gas
|turn|1
|
|t:|1757780260
|switch|p1a: Dondozo|Dondozo, L50, M|100/100
|move|p2b: Klefki|Reflect|p2b: Klefki
|-sidestart|p2: olive19907|Reflect
|move|p1b: Weezing|Poison Gas|p2b: Klefki|[spread] p2a,p2b
|-status|p2a: Incineroar|psn
|-immune|p2b: Klefki
|move|p2a: Incineroar|Knock Off|p1b: Weezing
|-resisted|p1b: Weezing
|-damage|p1b: Weezing|85/100
|-enditem|p1b: Weezing|Sitrus Berry|[from] move: Knock Off|[of] p2a: Incineroar
|
|-damage|p2a: Incineroar|88/100 psn|[from] psn
|upkeep
|turn|2
|inactive|Battle timer is ON: inactive players will automatically lose when time's up. (requested by olive19907)
|
|t:|1757780325
|move|p2b: Klefki|Light Screen|p2b: Klefki
|-sidestart|p2: olive19907|move: Light Screen
|move|p1b: Weezing|Will-O-Wisp|p2b: Klefki
|-status|p2b: Klefki|brn
|move|p1a: Dondozo|Wave Crash|p2b: Klefki
|-damage|p2b: Klefki|64/100 brn
|-damage|p1a: Dondozo|93/100|[from] Recoil
|move|p2a: Incineroar|Knock Off|p1a: Dondozo
|-damage|p1a: Dondozo|69/100
|-enditem|p1a: Dondozo|Leftovers|[from] move: Knock Off|[of] p2a: Incineroar
|
|-damage|p2a: Incineroar|76/100 psn|[from] psn
|-damage|p2b: Klefki|58/100 brn|[from] brn
|upkeep
|turn|3
|inactive|olive19907 has 30 seconds left.
|inactive|olive19907 has 20 seconds left.
|inactive|olive19907 has 15 seconds left.
|inactive|olive19907 has 10 seconds left.
|inactive|olive19907 has 5 seconds left.
|
|t:|1757780379
|switch|p2b: Sylveon|Sylveon, L50, M|100/100
|switch|p2a: Garchomp|Garchomp, L50, F|100/100
|move|p1a: Dondozo|Protect|p1a: Dondozo
|-singleturn|p1a: Dondozo|Protect
|move|p1b: Weezing|Strange Steam|p2a: Garchomp
|-supereffective|p2a: Garchomp
|-damage|p2a: Garchomp|58/100
|
|upkeep
|turn|4
|inactive|Myfriendgarchomp has 30 seconds left.
|inactive|olive19907 has 30 seconds left.
|
|t:|1757780412
|-terastallize|p1b: Weezing|Flying
|move|p2b: Sylveon|Protect|p2b: Sylveon
|-singleturn|p2b: Sylveon|Protect
|move|p2a: Garchomp|Earthquake|p1b: Weezing|[spread] p1a
|-activate|p2b: Sylveon|move: Protect
|-immune|p1b: Weezing
|-damage|p1a: Dondozo|42/100
|move|p1b: Weezing|Poison Gas|p2a: Garchomp|[spread] 
|-activate|p2b: Sylveon|move: Protect
|-miss|p1b: Weezing|p2a: Garchomp
|move|p1a: Dondozo|Earthquake|p2b: Sylveon|[spread] p2a
|-activate|p2b: Sylveon|move: Protect
|-immune|p1b: Weezing
|-damage|p2a: Garchomp|43/100
|
|upkeep
|turn|5
|inactive|olive19907 has 30 seconds left.
|inactive|olive19907 has 20 seconds left.
|inactive|olive19907 has 15 seconds left.
|
|t:|1757780455
|move|p1a: Dondozo|Protect|p1a: Dondozo
|-singleturn|p1a: Dondozo|Protect
|move|p2a: Garchomp|Rock Slide|p1a: Dondozo|[spread] p1b
|-activate|p1a: Dondozo|move: Protect
|-supereffective|p1b: Weezing
|-damage|p1b: Weezing|50/100
|cant|p1b: Weezing|flinch
|move|p2b: Sylveon|Hyper Voice|p1a: Dondozo|[spread] p1b
|-activate|p1a: Dondozo|move: Protect
|-damage|p1b: Weezing|29/100
|-enditem|p2b: Sylveon|Throat Spray
|-boost|p2b: Sylveon|spa|1|[from] item: Throat Spray
|
|upkeep
|turn|6
|inactive|Myfriendgarchomp has 30 seconds left.
|
|t:|1757780482
|-end|p1b: Weezing|ability: Neutralizing Gas
|switch|p1b: Tatsugiri|Tatsugiri, L50, F|100/100
|-activate|p1b: Tatsugiri|ability: Commander|[of] p1a: Dondozo
|-boost|p1a: Dondozo|atk|2
|-boost|p1a: Dondozo|spa|2
|-boost|p1a: Dondozo|spe|2
|-boost|p1a: Dondozo|def|2
|-boost|p1a: Dondozo|spd|2
|move|p2a: Garchomp|Rock Slide|p1b: Tatsugiri|[spread] p1a
|-miss|p2a: Garchomp|p1b: Tatsugiri
|-damage|p1a: Dondozo|35/100
|move|p1a: Dondozo|Order Up|p2a: Garchomp
|-supereffective|p2a: Garchomp
|-damage|p2a: Garchomp|0 fnt
|faint|p2a: Garchomp
|-boost|p1a: Dondozo|atk|1
|move|p2b: Sylveon|Hyper Voice|p1a: Dondozo|[spread] p1a
|-miss|p2b: Sylveon|p1b: Tatsugiri
|-damage|p1a: Dondozo|15/100
|
|upkeep
|
|t:|1757780502
|switch|p2a: Klefki|Klefki, L50, M|58/100 brn
|turn|7
|
|t:|1757780515
|move|p1a: Dondozo|Earthquake|p2b: Sylveon|[spread] p2a,p2b
|-miss|p1a: Dondozo|p1b: Tatsugiri
|-supereffective|p2a: Klefki
|-damage|p2a: Klefki|0 fnt
|-damage|p2b: Sylveon|63/100
|faint|p2a: Klefki
|move|p2b: Sylveon|Hyper Voice|p1a: Dondozo|[spread] p1a
|-miss|p2b: Sylveon|p1b: Tatsugiri
|-crit|p1a: Dondozo
|-damage|p1a: Dondozo|0 fnt
|faint|p1a: Dondozo
|
|upkeep
|
|t:|1757780530
|switch|p2a: Incineroar|Incineroar, L50, M|76/100 psn
|switch|p1a: Weezing|Weezing-Galar, L50, M, tera:Flying|29/100
|-ability|p1a: Weezing|Neutralizing Gas
|turn|8
|inactive|olive19907 has 30 seconds left.
|
|t:|1757780555
|move|p1a: Weezing|Protect|p1a: Weezing
|-singleturn|p1a: Weezing|Protect
|move|p2a: Incineroar|Fake Out|p1b: Tatsugiri
|-damage|p1b: Tatsugiri|79/100
|cant|p1b: Tatsugiri|flinch
|move|p2b: Sylveon|Hyper Voice|p1a: Weezing|[spread] p1b
|-activate|p1a: Weezing|move: Protect
|-damage|p1b: Tatsugiri|37/100
|
|-damage|p2a: Incineroar|63/100 psn|[from] psn
|-sideend|p2: olive19907|Reflect
|upkeep
|turn|9
|
|t:|1757780578
|move|p1b: Tatsugiri|Muddy Water|p2b: Sylveon|[spread] p2a,p2b
|-supereffective|p2a: Incineroar
|-damage|p2a: Incineroar|33/100 psn
|-damage|p2b: Sylveon|43/100
|move|p1a: Weezing|Strange Steam|p2b: Sylveon
|-damage|p2b: Sylveon|29/100
|move|p2a: Incineroar|Knock Off|p1b: Tatsugiri
|-damage|p1b: Tatsugiri|0 fnt
|-enditem|p1b: Tatsugiri|Choice Scarf|[from] move: Knock Off|[of] p2a: Incineroar
|faint|p1b: Tatsugiri
|move|p2b: Sylveon|Hyper Voice|p1a: Weezing
|-damage|p1a: Weezing|0 fnt
|faint|p1a: Weezing
|-end|p1a: Weezing|ability: Neutralizing Gas
|
|-damage|p2a: Incineroar|21/100 psn|[from] psn
|-sideend|p2: olive19907|move: Light Screen
|upkeep
|
|t:|1757780581
|switch|p1a: Baxcalibur|Baxcalibur, L50, F|100/100
|turn|10
|
|t:|1757780601
|move|p1a: Baxcalibur|Protect|p1a: Baxcalibur
|-singleturn|p1a: Baxcalibur|Protect
|move|p2a: Incineroar|Knock Off|p1a: Baxcalibur
|-activate|p1a: Baxcalibur|move: Protect
|move|p2b: Sylveon|Hyper Voice|p1a: Baxcalibur
|-activate|p1a: Baxcalibur|move: Protect
|
|-damage|p2a: Incineroar|8/100 psn|[from] psn
|upkeep
|turn|11
|inactive|olive19907 has 30 seconds left.
|
|t:|1757780633
|move|p2b: Sylveon|Protect|p2b: Sylveon
|-singleturn|p2b: Sylveon|Protect
|move|p1a: Baxcalibur|Icicle Spear|p2b: Sylveon
|-activate|p2b: Sylveon|move: Protect
|move|p2a: Incineroar|Knock Off|p1a: Baxcalibur
|-damage|p1a: Baxcalibur|64/100
|-enditem|p1a: Baxcalibur|Loaded Dice|[from] move: Knock Off|[of] p2a: Incineroar
|
|-damage|p2a: Incineroar|0 fnt|[from] psn
|faint|p2a: Incineroar
|upkeep
|turn|12
|
|t:|1757780656
|move|p1a: Baxcalibur|Icicle Spear|p2b: Sylveon
|-damage|p2b: Sylveon|12/100
|-damage|p2b: Sylveon|0 fnt
|faint|p2b: Sylveon
|-hitcount|p2: Sylveon|2
|
|win|Myfriendgarchomp
||Myfriendgarchomp is ready for game 2.
|inactive|olive19907 has 30 seconds to confirm battle start!
||olive19907 is ready for game 2.
|uhtml|next|Next: Game 2 of 3
|l|☆olive19907
|player|p2|
