|j|☆jackthepack
|j|☆rolandruina
|html|jackthepackrolandruina    
|uhtml|bestof|Game 2 of a best-of-3
|t:|1782418416
|gametype|doubles
|player|p1|jackthepack|170|1041
|player|p2|rolandruina|169|1075
|gen|9
|tier|[Gen 9 Champions] VGC 2026 Reg M-B (Bo3)
|rated|
|rule|Species Clause: Limit one of each Pokémon
|rule|Item Clause: Limit 1 of each item
|clearpoke
|poke|p1|Politoed, L50, M|
|poke|p1|Archaludon, L50, M|
|poke|p1|Swampert, L50, M|
|poke|p1|Incineroar, L50, F|
|poke|p1|Sinistcha, L50|
|poke|p1|Gholdengo, L50|
|poke|p2|Swampert, L50, F|
|poke|p2|Metagross, L50|
|poke|p2|Archaludon, L50, F|
|poke|p2|Grimmsnarl, L50, M|
|poke|p2|Pelipper, L50, F|
|poke|p2|Sinistcha, L50|
|teampreview|4
|showteam|p1|Politoed||DampRock|Drizzle|WeatherBall,IcyWind,HelpingHand,Protect|Calm||M|||50|]Archaludon||ExpertBelt|Stamina|ElectroShot,DracoMeteor,FlashCannon,Protect|Modest||M|||50|]Swampert||Swampertite|Damp|Waterfall,Earthquake,IcePunch,Protect|Adamant||M|||50|]Incineroar||SitrusBerry|Intimidate|FakeOut,FlareBlitz,PartingShot,GigaImpact|Careful||F|||50|]Sinistcha||Leftovers|Hospitality|MatchaGotcha,RagePowder,StrengthSap,Protect|Calm|||||50|]Gholdengo||LifeOrb|GoodasGold|MakeItRain,ShadowBall,NastyPlot,Protect|Timid|||||50|
|showteam|p2|Swampert||Swampertite|Damp|WaveCrash,HighHorsepower,IcePunch,Protect|Adamant||F|||50|]Metagross||Metagrossite|ClearBody|IronHead,PsychicFangs,BodyPress,Protect|Jolly|||||50|]Archaludon||Leftovers|Stamina|DragonPulse,FlashCannon,ElectroShot,Protect|Calm||F|||50|]Grimmsnarl||LightClay|Prankster|FoulPlay,PartingShot,LightScreen,Reflect|Calm||M|||50|]Pelipper||FocusSash|Drizzle|Hurricane,WeatherBall,Tailwind,Protect|Modest||F|||50|]Sinistcha||KasibBerry|Hospitality|MatchaGotcha,RagePowder,LifeDew,TrickRoom|Bold|||||50|
|inactive|Battle timer is ON: inactive players will automatically lose when time's up. (requested by rolandruina)
|
|t:|1782418435
|teamsize|p1|4
|teamsize|p2|4
|start
|switch|p1a: Politoed|Politoed, L50, M|100/100
|switch|p1b: Archaludon|Archaludon, L50, M|100/100
|switch|p2a: Swampert|Swampert, L50, F|100/100
|switch|p2b: Grimmsnarl|Grimmsnarl, L50, M|100/100
|-weather|RainDance|[from] ability: Drizzle|[of] p1a: Politoed
|turn|1
|
|t:|1782418450
|detailschange|p2a: Swampert|Swampert-Mega, L50, F
|-mega|p2a: Swampert|Swampert|Swampertite
|move|p1a: Politoed|Helping Hand|p1b: Archaludon
|-singleturn|p1b: Archaludon|Helping Hand|[of] p1a: Politoed
|move|p2b: Grimmsnarl|Light Screen|p2b: Grimmsnarl
|-sidestart|p2: rolandruina|move: Light Screen
|move|p2a: Swampert|High Horsepower|p1b: Archaludon
|-supereffective|p1b: Archaludon|1
|-damage|p1b: Archaludon|12/100
|-ability|p1b: Archaludon|Stamina|boost
|-boost|p1b: Archaludon|def|1
|move|p1b: Archaludon|Electro Shot||[still]
|-prepare|p1b: Archaludon|Electro Shot
|-boost|p1b: Archaludon|spa|1
|-anim|p1b: Archaludon|Electro Shot|p2b: Grimmsnarl
|-damage|p2b: Grimmsnarl|39/100
|
|-weather|RainDance|[upkeep]
|upkeep
|turn|2
|
|t:|1782418472
|move|p1b: Archaludon|Protect|p1b: Archaludon
|-singleturn|p1b: Archaludon|Protect
|move|p2b: Grimmsnarl|Parting Shot|p1a: Politoed
|-unboost|p1a: Politoed|atk|1
|-unboost|p1a: Politoed|spa|1
|
|t:|1782418477
|switch|p2b: Archaludon|Archaludon, L50, F|100/100|[from] Parting Shot
|move|p2a: Swampert|High Horsepower|p1b: Archaludon
|-activate|p1b: Archaludon|move: Protect
|move|p1a: Politoed|Weather Ball|p2b: Archaludon
|-resisted|p2b: Archaludon|1
|-damage|p2b: Archaludon|89/100
|-ability|p2b: Archaludon|Stamina|boost
|-boost|p2b: Archaludon|def|1
|
|-weather|RainDance|[upkeep]
|-heal|p2b: Archaludon|95/100|[from] item: Leftovers
|upkeep
|turn|3
|
|t:|1782418503
|move|p2a: Swampert|High Horsepower|p1b: Archaludon
|-supereffective|p1b: Archaludon|1
|-damage|p1b: Archaludon|0 fnt
|faint|p1b: Archaludon
|move|p2b: Archaludon|Electro Shot||[still]
|-prepare|p2b: Archaludon|Electro Shot
|-boost|p2b: Archaludon|spa|1
|-anim|p2b: Archaludon|Electro Shot|p1a: Politoed
|-supereffective|p1a: Politoed|1
|-damage|p1a: Politoed|23/100
|move|p1a: Politoed|Icy Wind|p2a: Swampert|[spread] p2a,p2b
|-damage|p2a: Swampert|96/100
|-damage|p2b: Archaludon|91/100
|-unboost|p2a: Swampert|spe|1
|-unboost|p2b: Archaludon|spe|1
|-ability|p2b: Archaludon|Stamina|boost
|-boost|p2b: Archaludon|def|1
|
|-weather|RainDance|[upkeep]
|-heal|p2b: Archaludon|97/100|[from] item: Leftovers
|upkeep
|
|t:|1782418519
|switch|p1b: Gholdengo|Gholdengo, L50|100/100
|turn|4
|
|t:|1782418540
|move|p1a: Politoed|Helping Hand|p1b: Gholdengo
|-immune|p1b: Gholdengo|[from] ability: Good as Gold
|move|p2a: Swampert|High Horsepower|p1b: Gholdengo
|-supereffective|p1b: Gholdengo|1
|-damage|p1b: Gholdengo|0 fnt
|faint|p1b: Gholdengo
|move|p2b: Archaludon|Electro Shot||[still]
|-prepare|p2b: Archaludon|Electro Shot
|-boost|p2b: Archaludon|spa|1
|-anim|p2b: Archaludon|Electro Shot|p1a: Politoed
|-supereffective|p1a: Politoed|1
|-damage|p1a: Politoed|0 fnt
|faint|p1a: Politoed
|
|-weather|RainDance|[upkeep]
|-heal|p2b: Archaludon|100/100|[from] item: Leftovers
|upkeep
|
|t:|1782418557
|switch|p1b: Swampert|Swampert, L50, M|100/100
|turn|5
|
|t:|1782418564
|detailschange|p1b: Swampert|Swampert-Mega, L50, M
|-mega|p1b: Swampert|Swampert|Swampertite
|move|p1b: Swampert|Earthquake|p2b: Archaludon|[spread] p2a,p2b
|-supereffective|p2b: Archaludon|1
|-damage|p2a: Swampert|52/100
|-damage|p2b: Archaludon|65/100
|-ability|p2b: Archaludon|Stamina|boost
|-boost|p2b: Archaludon|def|1
|move|p2a: Swampert|Wave Crash|p1b: Swampert
|-damage|p1b: Swampert|0 fnt
|faint|p1b: Swampert
|-damage|p2a: Swampert|19/100|[from] Recoil
|
|win|rolandruina
|raw|jackthepack's rating: 1041 → 1026(-15 for losing)
|raw|rolandruina's rating: 1075 → 1101(+26 for winning)
