|j|☆stormyrat
|j|☆kheld
|html|stormyratkheld    
|uhtml|bestof|Game 2 of a best-of-3
|t:|1782186009
|gametype|doubles
|player|p1|stormyrat|265|1059
|player|p2|kheld|2|1224
|gen|9
|tier|[Gen 9 Champions] VGC 2026 Reg M-B (Bo3)
|rated|
|rule|Species Clause: Limit one of each Pokémon
|rule|Item Clause: Limit 1 of each item
|clearpoke
|poke|p1|Floette-Eternal, L50, F|
|poke|p1|Gholdengo, L50|
|poke|p1|Aerodactyl, L50, F|
|poke|p1|Incineroar, L50, M|
|poke|p1|Basculegion, L50, M|
|poke|p1|Rotom-Mow, L50|
|poke|p2|Maushold, L50|
|poke|p2|Pelipper, L50, M|
|poke|p2|Swampert, L50, M|
|poke|p2|Archaludon, L50, M|
|poke|p2|Meganium, L50, F|
|poke|p2|Farigiraf, L50, M|
|teampreview|4
|showteam|p1|Floette-Eternal||Floettite|FlowerVeil|Moonblast,LightofRuin,DazzlingGleam,Protect|Modest||F|||50|]Gholdengo||LifeOrb|GoodasGold|NastyPlot,ShadowBall,MakeItRain,Protect|Modest|||||50|]Aerodactyl||FocusSash|Unnerve|DualWingbeat,RockSlide,Tailwind,WideGuard|Jolly||F|||50|]Incineroar||SitrusBerry|Intimidate|FakeOut,PartingShot,DarkestLariat,FlareBlitz|Impish||M|||50|]Basculegion||MysticWater|Adaptability|Protect,WaveCrash,LastRespects,AquaJet|Jolly||M|||50|]Rotom-Mow||WideLens|Levitate|LeafStorm,Electroweb,VoltSwitch,Protect|Timid|||||50|
|showteam|p2|Maushold||WideLens|Technician|PopulationBomb,RainDance,FollowMe,Protect|Jolly|||||50|]Pelipper||FocusSash|Drizzle|Tailwind,Hurricane,Protect,WeatherBall|Modest||M|||50|]Swampert||Swampertite|Torrent|IcePunch,WaveCrash,Earthquake,Protect|Adamant||M|||50|]Archaludon||Leftovers|Stamina|ElectroShot,AuraSphere,FlashCannon,Protect|Modest||M|||50|]Meganium||Meganiumite|Overgrow|WeatherBall,DazzlingGleam,SolarBeam,Protect|Modest||F|||50|]Farigiraf||SitrusBerry|ArmorTail|TwinBeam,HelpingHand,TrickRoom,Thunderbolt|Bold||M|||50|
|inactive|Battle timer is ON: inactive players will automatically lose when time's up. (requested by stormyrat)
|
|t:|1782186035
|teamsize|p1|4
|teamsize|p2|4
|start
|switch|p1a: Incineroar|Incineroar, L50, M|100/100
|switch|p1b: Rotom|Rotom-Mow, L50|100/100
|switch|p2a: Pelipper|Pelipper, L50, M|100/100
|switch|p2b: Farigiraf|Farigiraf, L50, M|100/100
|-weather|RainDance|[from] ability: Drizzle|[of] p2a: Pelipper
|-ability|p1a: Incineroar|Intimidate|boost
|-unboost|p2a: Pelipper|atk|1
|-unboost|p2b: Farigiraf|atk|1
|turn|1
|inactive|stormyrat has 30 seconds left.
|inactive|stormyrat has 20 seconds left.
|inactive|stormyrat has 15 seconds left.
|
|t:|1782186079
|move|p2b: Farigiraf|Helping Hand|p2a: Pelipper
|-singleturn|p2a: Pelipper|Helping Hand|[of] p2b: Farigiraf
|move|p1b: Rotom|Electroweb|p2a: Pelipper|[spread] p2a,p2b
|-supereffective|p2a: Pelipper|2
|-enditem|p2a: Pelipper|Focus Sash
|-damage|p2a: Pelipper|1/100
|-damage|p2b: Farigiraf|85/100
|-unboost|p2a: Pelipper|spe|1
|-unboost|p2b: Farigiraf|spe|1
|move|p1a: Incineroar|Darkest Lariat|p2b: Farigiraf
|-supereffective|p2b: Farigiraf|1
|-damage|p2b: Farigiraf|29/100
|-enditem|p2b: Farigiraf|Sitrus Berry|[eat]
|-heal|p2b: Farigiraf|54/100|[from] item: Sitrus Berry
|move|p2a: Pelipper|Weather Ball|p1a: Incineroar
|-supereffective|p1a: Incineroar|1
|-damage|p1a: Incineroar|0 fnt
|faint|p1a: Incineroar
|
|-weather|RainDance|[upkeep]
|upkeep
|l|☆stormyrat
|inactive|stormyrat disconnected and has a minute to reconnect!
|player|p1|
|j|☆stormyrat
|inactive|stormyrat reconnected and has 50 seconds left.
|player|p1|stormyrat|265|
|
|t:|1782186091
|switch|p1a: Basculegion|Basculegion, L50, M|100/100
|turn|2
|
|t:|1782186115
|switch|p2b: Archaludon|Archaludon, L50, M|100/100
|move|p2a: Pelipper|Protect|p2a: Pelipper
|-singleturn|p2a: Pelipper|Protect
|move|p1b: Rotom|Electroweb|p2a: Pelipper|[spread] p2b
|-activate|p2a: Pelipper|move: Protect
|-resisted|p2b: Archaludon|1
|-damage|p2b: Archaludon|92/100
|-unboost|p2b: Archaludon|spe|1
|-ability|p2b: Archaludon|Stamina|boost
|-boost|p2b: Archaludon|def|1
|move|p1a: Basculegion|Wave Crash|p2b: Archaludon
|-resisted|p2b: Archaludon|1
|-damage|p2b: Archaludon|59/100
|-ability|p2b: Archaludon|Stamina|boost
|-boost|p2b: Archaludon|def|1
|-damage|p1a: Basculegion|89/100|[from] Recoil
|
|-weather|RainDance|[upkeep]
|-heal|p2b: Archaludon|65/100|[from] item: Leftovers
|upkeep
|turn|3
|
|t:|1782186137
|move|p1a: Basculegion|Protect|p1a: Basculegion
|-singleturn|p1a: Basculegion|Protect
|move|p1b: Rotom|Electroweb|p2b: Archaludon|[spread] p2a,p2b
|-supereffective|p2a: Pelipper|2
|-resisted|p2b: Archaludon|1
|-damage|p2a: Pelipper|0 fnt
|-damage|p2b: Archaludon|58/100
|-unboost|p2b: Archaludon|spe|1
|-ability|p2b: Archaludon|Stamina|boost
|-boost|p2b: Archaludon|def|1
|faint|p2a: Pelipper
|move|p2b: Archaludon|Electro Shot||[still]
|-prepare|p2b: Archaludon|Electro Shot
|-boost|p2b: Archaludon|spa|1
|-anim|p2b: Archaludon|Electro Shot|p1b: Rotom
|-resisted|p1b: Rotom|2
|-damage|p1b: Rotom|83/100
|
|-weather|RainDance|[upkeep]
|-heal|p2b: Archaludon|64/100|[from] item: Leftovers
|upkeep
|
|t:|1782186158
|switch|p2a: Meganium|Meganium, L50, F|100/100
|turn|4
|inactive|stormyrat has 30 seconds left.
|
|t:|1782186190
|detailschange|p2a: Meganium|Meganium-Mega, L50, F
|-mega|p2a: Meganium|Meganium|Meganiumite
|move|p1b: Rotom|Electroweb|p2a: Meganium|[spread] p2a,p2b
|-resisted|p2a: Meganium|1
|-resisted|p2b: Archaludon|1
|-damage|p2a: Meganium|93/100
|-damage|p2b: Archaludon|56/100
|-unboost|p2a: Meganium|spe|1
|-unboost|p2b: Archaludon|spe|1
|-ability|p2b: Archaludon|Stamina|boost
|-boost|p2b: Archaludon|def|1
|move|p1a: Basculegion|Wave Crash|p2a: Meganium
|-resisted|p2a: Meganium|1
|-damage|p2a: Meganium|32/100
|-damage|p1a: Basculegion|70/100|[from] Recoil
|move|p2a: Meganium|Weather Ball|p1b: Rotom
|-supereffective|p1b: Rotom|1
|-damage|p1b: Rotom|0 fnt
|faint|p1b: Rotom
|move|p2b: Archaludon|Electro Shot||[still]
|-prepare|p2b: Archaludon|Electro Shot
|-boost|p2b: Archaludon|spa|1
|-anim|p2b: Archaludon|Electro Shot|p1a: Basculegion
|-supereffective|p1a: Basculegion|1
|-damage|p1a: Basculegion|0 fnt
|faint|p1a: Basculegion
|
|-weather|RainDance|[upkeep]
|-heal|p2b: Archaludon|62/100|[from] item: Leftovers
|upkeep
|
|t:|1782186204
|switch|p1a: Gholdengo|Gholdengo, L50|100/100
|turn|5
|
|t:|1782186233
|move|p1a: Gholdengo|Shadow Ball|p2a: Meganium
|-damage|p2a: Meganium|0 fnt
|faint|p2a: Meganium
|-damage|p1a: Gholdengo|90/100|[from] item: Life Orb
|move|p2b: Archaludon|Electro Shot||[still]
|-prepare|p2b: Archaludon|Electro Shot
|-boost|p2b: Archaludon|spa|1
|-anim|p2b: Archaludon|Electro Shot|p1a: Gholdengo
|-damage|p1a: Gholdengo|0 fnt
|faint|p1a: Gholdengo
|
|win|kheld
