|j|☆Jakobtc
|j|☆Gozante
|html|JakobtcGozante    
|uhtml|bestof|Game 3 of a best-of-3
|t:|1755921573
|gametype|doubles
|player|p1|Jakobtc|riley|1209
|player|p2|Gozante|266|1316
|gen|9
|tier|[Gen 9] VGC 2025 Reg H (Bo3)
|rated|
|rule|Species Clause: Limit one of each Pokémon
|rule|Item Clause: Limit 1 of each item
|clearpoke
|poke|p1|Azumarill, L50, F|
|poke|p1|Archaludon, L50, M|
|poke|p1|Pelipper, L50, M|
|poke|p1|Annihilape, L50, M|
|poke|p1|Maushold-Four, L50|
|poke|p1|Rillaboom, L50, F|
|poke|p2|Annihilape, L50, M|
|poke|p2|Ninetales-Alola, L50, F|
|poke|p2|Rillaboom, L50, F|
|poke|p2|Dragonite, L50, M|
|poke|p2|Magmar, L50, M|
|poke|p2|Gholdengo, L50|
|teampreview|4
|showteam|p1|Azumarill||SitrusBerry|HugePower|AquaJet,PlayRough,BellyDrum,Protect|||F|||50|,,,,,Poison]Archaludon||AssaultVest|Stamina|ElectroShot,DragonPulse,Snarl,BodyPress|||M|||50|,,,,,Bug]Pelipper||FocusSash|Drizzle|WeatherBall,Hurricane,Tailwind,Protect|||M|||50|,,,,,Ghost]Annihilape||Leftovers|Defiant|RageFist,DrainPunch,BulkUp,Protect|||M|||50|,,,,,Fire]Maushold-Four||SafetyGoggles|FriendGuard|FollowMe,BeatUp,Taunt,Protect||||||50|,,,,,Ghost]Rillaboom||MiracleSeed|GrassySurge|FakeOut,GrassyGlide,WoodHammer,HighHorsepower|||F|||50|,,,,,Fire
|showteam|p2|Annihilape||Leftovers|Defiant|BulkUp,Protect,DrainPunch,RageFist|||M|||50|,,,,,Fire]Ninetales-Alola||LightClay|SnowWarning|IcicleSpear,AuroraVeil,Blizzard,IcyWind|||F|||50|,,,,,Ghost]Rillaboom||MiracleSeed|GrassySurge|WoodHammer,FakeOut,Protect,GrassyGlide|||F|||50|,,,,,Fire]Dragonite||LoadedDice|Multiscale|Tailwind,ScaleShot,ExtremeSpeed,Protect|||M|||50|,,,,,Fairy]Magmar||Eviolite|VitalSpirit|ClearSmog,HeatWave,Protect,FollowMe|||M|||50|,,,,,Dragon]Gholdengo||GrassySeed|GoodasGold|MakeItRain,ShadowBall,Protect,NastyPlot||||||50|,,,,,Water
|inactive|Battle timer is ON: inactive players will automatically lose when time's up. (requested by Jakobtc)
|
|t:|1755921622
|teamsize|p1|4
|teamsize|p2|4
|start
|switch|p1a: Azumarill|Azumarill, L50, F|100/100
|switch|p1b: Rillaboom|Rillaboom, L50, F|100/100
|switch|p2a: Magmar|Magmar, L50, M|100/100
|switch|p2b: Gholdengo|Gholdengo, L50|100/100
|-fieldstart|move: Grassy Terrain|[from] ability: Grassy Surge|[of] p1b: Rillaboom
|-enditem|p2b: Gholdengo|Grassy Seed
|-boost|p2b: Gholdengo|def|1|[from] item: Grassy Seed
|turn|1
|inactive|Jakobtc has 30 seconds left.
|
|t:|1755921652
|move|p2b: Gholdengo|Nasty Plot|p2b: Gholdengo
|-boost|p2b: Gholdengo|spa|2
|move|p1b: Rillaboom|High Horsepower|p2a: Magmar
|-supereffective|p2a: Magmar
|-crit|p2a: Magmar
|-damage|p2a: Magmar|24/100
|move|p2a: Magmar|Heat Wave|p1a: Azumarill|[spread] p1a,p1b
|-resisted|p1a: Azumarill
|-supereffective|p1b: Rillaboom
|-damage|p1a: Azumarill|88/100
|-damage|p1b: Rillaboom|51/100
|move|p1a: Azumarill|Play Rough|p2a: Magmar|[miss]
|-miss|p1a: Azumarill|p2a: Magmar
|
|-heal|p1b: Rillaboom|57/100|[from] Grassy Terrain
|-heal|p2a: Magmar|30/100|[from] Grassy Terrain
|-heal|p1a: Azumarill|94/100|[from] Grassy Terrain
|upkeep
|turn|2
|inactive|Jakobtc has 30 seconds left.
|inactive|Gozante has 30 seconds left.
|inactive|Jakobtc has 20 seconds left.
|
|t:|1755921689
|-terastallize|p1b: Rillaboom|Fire
|move|p1a: Azumarill|Protect|p1a: Azumarill
|-singleturn|p1a: Azumarill|Protect
|move|p2b: Gholdengo|Make It Rain|p1b: Rillaboom|[spread] p1b
|-activate|p1a: Azumarill|move: Protect
|-resisted|p1b: Rillaboom
|-damage|p1b: Rillaboom|11/100
|-unboost|p2b: Gholdengo|spa|1
|move|p2a: Magmar|Clear Smog|p1a: Azumarill
|-activate|p1a: Azumarill|move: Protect
|move|p1b: Rillaboom|High Horsepower|p2a: Magmar
|-supereffective|p2a: Magmar
|-damage|p2a: Magmar|0 fnt
|faint|p2a: Magmar
|
|-heal|p1b: Rillaboom|17/100|[from] Grassy Terrain
|-heal|p1a: Azumarill|99/100|[from] Grassy Terrain
|upkeep
|
|t:|1755921704
|switch|p2a: Rillaboom|Rillaboom, L50, F|100/100
|turn|3
|
|t:|1755921721
|switch|p1b: Maushold|Maushold-Four, L50|100/100
|move|p2a: Rillaboom|Fake Out|p1b: Maushold
|-damage|p1b: Maushold|84/100
|move|p2b: Gholdengo|Nasty Plot|p2b: Gholdengo
|-boost|p2b: Gholdengo|spa|2
|move|p1a: Azumarill|Belly Drum|p1a: Azumarill
|-damage|p1a: Azumarill|50/100
|-setboost|p1a: Azumarill|atk|6|[from] move: Belly Drum
|-enditem|p1a: Azumarill|Sitrus Berry|[eat]
|-heal|p1a: Azumarill|74/100|[from] item: Sitrus Berry
|
|-heal|p1b: Maushold|90/100|[from] Grassy Terrain
|-heal|p1a: Azumarill|80/100|[from] Grassy Terrain
|upkeep
|turn|4
|inactive|Jakobtc has 30 seconds left.
|inactive|Jakobtc has 20 seconds left.
|
|t:|1755921759
|switch|p2a: Ninetales|Ninetales-Alola, L50, F|100/100
|-weather|Snowscape|[from] ability: Snow Warning|[of] p2a: Ninetales
|move|p1b: Maushold|Protect|p1b: Maushold
|-singleturn|p1b: Maushold|Protect
|move|p1a: Azumarill|Protect|p1a: Azumarill
|-singleturn|p1a: Azumarill|Protect
|move|p2b: Gholdengo|Make It Rain|p1a: Azumarill|[spread] 
|-activate|p1a: Azumarill|move: Protect
|-activate|p1b: Maushold|move: Protect
|
|-weather|Snowscape|[upkeep]
|-heal|p1b: Maushold|97/100|[from] Grassy Terrain
|-heal|p1a: Azumarill|86/100|[from] Grassy Terrain
|upkeep
|turn|5
|
|t:|1755921777
|switch|p2a: Rillaboom|Rillaboom, L50, F|100/100
|move|p2b: Gholdengo|Protect|p2b: Gholdengo
|-singleturn|p2b: Gholdengo|Protect
|move|p1b: Maushold|Follow Me|p1b: Maushold
|-singleturn|p1b: Maushold|move: Follow Me
|move|p1a: Azumarill|Aqua Jet|p2a: Rillaboom
|-resisted|p2a: Rillaboom
|-damage|p2a: Rillaboom|52/100
|
|-weather|Snowscape|[upkeep]
|-heal|p1b: Maushold|100/100|[from] Grassy Terrain
|-heal|p2a: Rillaboom|58/100|[from] Grassy Terrain
|-heal|p1a: Azumarill|92/100|[from] Grassy Terrain
|-fieldend|move: Grassy Terrain
|upkeep
|turn|6
|
|t:|1755921797
|switch|p1b: Rillaboom|Rillaboom, L50, F, tera:Fire|17/100
|-fieldstart|move: Grassy Terrain|[from] ability: Grassy Surge|[of] p1b: Rillaboom
|move|p1a: Azumarill|Protect|p1a: Azumarill
|-singleturn|p1a: Azumarill|Protect
|move|p2a: Rillaboom|Fake Out|p1a: Azumarill
|-activate|p1a: Azumarill|move: Protect
|move|p2b: Gholdengo|Nasty Plot|p2b: Gholdengo
|-boost|p2b: Gholdengo|spa|2
|
|-weather|Snowscape|[upkeep]
|-heal|p2a: Rillaboom|63/100|[from] Grassy Terrain
|-heal|p1b: Rillaboom|23/100|[from] Grassy Terrain
|-heal|p1a: Azumarill|98/100|[from] Grassy Terrain
|upkeep
|turn|7
|
|t:|1755921811
|move|p2b: Gholdengo|Protect|p2b: Gholdengo
|-singleturn|p2b: Gholdengo|Protect
|move|p2a: Rillaboom|Protect|p2a: Rillaboom
|-singleturn|p2a: Rillaboom|Protect
|move|p1b: Rillaboom|Grassy Glide|p2b: Gholdengo
|-activate|p2b: Gholdengo|move: Protect
|move|p1a: Azumarill|Aqua Jet|p2b: Gholdengo
|-activate|p2b: Gholdengo|move: Protect
|
|-weather|Snowscape|[upkeep]
|-heal|p2a: Rillaboom|69/100|[from] Grassy Terrain
|-heal|p1b: Rillaboom|29/100|[from] Grassy Terrain
|-heal|p1a: Azumarill|100/100|[from] Grassy Terrain
|upkeep
|turn|8
|inactive|Gozante has 30 seconds left.
|inactive|Gozante has 20 seconds left.
|inactive|Jakobtc has 30 seconds left.
|inactive|Gozante has 15 seconds left.
|inactive|Gozante has 10 seconds left.
|
|t:|1755921857
|switch|p1b: Maushold|Maushold-Four, L50|100/100
|move|p1a: Azumarill|Aqua Jet|p2b: Gholdengo
|-damage|p2b: Gholdengo|30/100
|move|p2b: Gholdengo|Make It Rain|p1a: Azumarill|[spread] p1a,p1b
|-damage|p1a: Azumarill|0 fnt
|-damage|p1b: Maushold|0 fnt
|-unboost|p2b: Gholdengo|spa|1
|faint|p1a: Azumarill
|faint|p1b: Maushold
|move|p2a: Rillaboom|Wood Hammer|p1: Azumarill|[notarget]
|-fail|p2a: Rillaboom
|
|-weather|none
|-heal|p2b: Gholdengo|36/100|[from] Grassy Terrain
|-heal|p2a: Rillaboom|75/100|[from] Grassy Terrain
|upkeep
|c|☆Gozante|ggs
|
|t:|1755921873
|switch|p1b: Pelipper|Pelipper, L50, M|100/100
|switch|p1a: Rillaboom|Rillaboom, L50, F, tera:Fire|29/100
|-weather|RainDance|[from] ability: Drizzle|[of] p1b: Pelipper
|turn|9
|c|☆Jakobtc|wow i shocked
|
|t:|1755921891
|move|p1a: Rillaboom|Fake Out|p2a: Rillaboom
|-damage|p2a: Rillaboom|62/100
|move|p2b: Gholdengo|Make It Rain|p1b: Pelipper|[spread] p1a,p1b
|-resisted|p1a: Rillaboom
|-resisted|p1b: Pelipper
|-damage|p1a: Rillaboom|0 fnt
|-enditem|p1b: Pelipper|Focus Sash
|-damage|p1b: Pelipper|1/100
|-unboost|p2b: Gholdengo|spa|1
|faint|p1a: Rillaboom
|move|p1b: Pelipper|Tailwind|p1b: Pelipper
|-sidestart|p1: Jakobtc|move: Tailwind
|cant|p2a: Rillaboom|flinch
|
|-weather|RainDance|[upkeep]
|-heal|p2b: Gholdengo|42/100|[from] Grassy Terrain
|-heal|p2a: Rillaboom|68/100|[from] Grassy Terrain
|upkeep
|turn|10
|c|☆Jakobtc|gg
|
|t:|1755921906
|move|p1b: Pelipper|Protect|p1b: Pelipper
|-singleturn|p1b: Pelipper|Protect
|move|p2a: Rillaboom|Grassy Glide|p1b: Pelipper
|-activate|p1b: Pelipper|move: Protect
|move|p2b: Gholdengo|Make It Rain|p1b: Pelipper
|-activate|p1b: Pelipper|move: Protect
|
|-weather|RainDance|[upkeep]
|-heal|p2b: Gholdengo|48/100|[from] Grassy Terrain
|-heal|p2a: Rillaboom|74/100|[from] Grassy Terrain
|-fieldend|move: Grassy Terrain
|upkeep
|turn|11
|
|t:|1755921919
|-terastallize|p2a: Rillaboom|Fire
|move|p2b: Gholdengo|Protect|p2b: Gholdengo
|-singleturn|p2b: Gholdengo|Protect
|move|p1b: Pelipper|Weather Ball|p2b: Gholdengo
|-activate|p2b: Gholdengo|move: Protect
|move|p2a: Rillaboom|Wood Hammer|p1b: Pelipper
|-damage|p1b: Pelipper|0 fnt
|faint|p1b: Pelipper
|-damage|p2a: Rillaboom|73/100|[from] Recoil
|
|win|Gozante
|raw|Jakobtc's rating: 1209 → 1191(-18 for losing)
|raw|Gozante's rating: 1316 → 1330(+14 for winning)
