|j|☆Gunho Magika
|j|☆pokeplaygg
|html|Gunho Magikapokeplaygg    
|uhtml|bestof|Game 1 of a best-of-3
|t:|1782617615
|gametype|doubles
|player|p1|Gunho Magika|riley|1138
|player|p2|pokeplaygg|102|1387
|gen|9
|tier|[Gen 9 Champions] VGC 2026 Reg M-B (Bo3)
|rated|
|rule|Species Clause: Limit one of each Pokémon
|rule|Item Clause: Limit 1 of each item
|clearpoke
|poke|p1|Froslass, L50, F|
|poke|p1|Lycanroc-Dusk, L50, M|
|poke|p1|Basculegion, L50, M|
|poke|p1|Sneasler, L50, F|
|poke|p1|Delphox, L50, F|
|poke|p1|Samurott-Hisui, L50, M|
|poke|p2|Pelipper, L50, F|
|poke|p2|Archaludon, L50, M|
|poke|p2|Swampert, L50, F|
|poke|p2|Venusaur, L50, M|
|poke|p2|Aerodactyl, L50, M|
|poke|p2|Sinistcha, L50|
|teampreview|4
|showteam|p1|Froslass||Froslassite|SnowCloak|Blizzard,ShadowBall,AuroraVeil,Protect|Modest||F|||50|]Lycanroc-Dusk||FocusSash|ToughClaws|RockSlide,Accelerock,CloseCombat,Protect|Jolly||M|||50|]Basculegion||SitrusBerry|Adaptability|WaveCrash,LastRespects,AquaJet,Protect|Adamant||M|||50|]Sneasler||WhiteHerb|Unburden|DireClaw,CloseCombat,FakeOut,Protect|Jolly||F|||50|]Delphox||Delphoxite|Blaze|HeatWave,Psyshock,NastyPlot,Protect|Timid||F|||50|]Samurott-Hisui||ChoiceScarf|Sharpness|CeaselessEdge,AquaCutter,SacredSword,FlipTurn|Jolly||M|||50|
|showteam|p2|Pelipper||LifeOrb|Drizzle|Protect,Hurricane,MuddyWater,Tailwind|Modest||F|||50|]Archaludon||Leftovers|Stamina|Protect,ElectroShot,DracoMeteor,FlashCannon|Modest||M|||50|]Swampert||Swampertite|Torrent|Protect,WaveCrash,Earthquake,IcePunch|Adamant||F|||50|]Venusaur||Venusaurite|Chlorophyll|Protect,SleepPowder,SludgeBomb,EarthPower|Modest||M|||50|]Aerodactyl||FocusSash|Unnerve|Protect,Tailwind,RockSlide,PsychicFangs|Jolly||M|||50|]Sinistcha||BrightPowder|Hospitality|TrickRoom,LifeDew,MatchaGotcha,RagePowder|Bold|||||50|
|inactive|Battle timer is ON: inactive players will automatically lose when time's up. (requested by pokeplaygg)
|inactive|Gunho Magika has 60 seconds left.
|
|t:|1782617674
|teamsize|p1|4
|teamsize|p2|4
|start
|switch|p1a: Samurott|Samurott-Hisui, L50, M|100/100
|switch|p1b: Sneasler|Sneasler, L50, F|100/100
|switch|p2a: Aerodactyl|Aerodactyl, L50, M|100/100
|switch|p2b: Archaludon|Archaludon, L50, M|100/100
|-ability|p2a: Aerodactyl|Unnerve
|turn|1
|inactive|pokeplaygg has 30 seconds left.
|
|t:|1782617708
|move|p2a: Aerodactyl|Protect|p2a: Aerodactyl
|-singleturn|p2a: Aerodactyl|Protect
|move|p2b: Archaludon|Protect|p2b: Archaludon
|-singleturn|p2b: Archaludon|Protect
|move|p1b: Sneasler|Fake Out|p2a: Aerodactyl
|-activate|p2a: Aerodactyl|move: Protect
|move|p1a: Samurott|Flip Turn|p2a: Aerodactyl
|-activate|p2a: Aerodactyl|move: Protect
|
|upkeep
|turn|2
|inactive|pokeplaygg has 30 seconds left.
|
|t:|1782617739
|move|p1a: Samurott|Flip Turn|p2a: Aerodactyl
|-supereffective|p2a: Aerodactyl|1
|-damage|p2a: Aerodactyl|8/100
|
|t:|1782617744
|switch|p1a: Basculegion|Basculegion, L50, M|100/100|[from] Flip Turn
|move|p2a: Aerodactyl|Tailwind|p2a: Aerodactyl
|-sidestart|p2: pokeplaygg|move: Tailwind
|move|p2b: Archaludon|Flash Cannon|p1a: Basculegion
|-resisted|p1a: Basculegion|1
|-damage|p1a: Basculegion|73/100
|move|p1b: Sneasler|Close Combat|p2b: Archaludon
|-supereffective|p2b: Archaludon|1
|-damage|p2b: Archaludon|5/100
|-unboost|p1b: Sneasler|def|1
|-unboost|p1b: Sneasler|spd|1
|-ability|p2b: Archaludon|Stamina|boost
|-boost|p2b: Archaludon|def|1
|-enditem|p1b: Sneasler|White Herb
|-clearnegativeboost|p1b: Sneasler|[silent]
|
|-heal|p2b: Archaludon|11/100|[from] item: Leftovers
|upkeep
|turn|3
|inactive|Gunho Magika has 30 seconds left.
|inactive|pokeplaygg has 30 seconds left.
|
|t:|1782617773
|switch|p2a: Swampert|Swampert, L50, F|100/100
|move|p2b: Archaludon|Protect|p2b: Archaludon
|-singleturn|p2b: Archaludon|Protect
|move|p1b: Sneasler|Close Combat|p2b: Archaludon
|-activate|p2b: Archaludon|move: Protect
|move|p1a: Basculegion|Last Respects|p2a: Swampert
|-damage|p2a: Swampert|59/100
|
|-heal|p2b: Archaludon|17/100|[from] item: Leftovers
|upkeep
|turn|4
|inactive|Gunho Magika has 30 seconds left.
|
|t:|1782617806
|switch|p2b: Pelipper|Pelipper, L50, F|100/100
|-weather|RainDance|[from] ability: Drizzle|[of] p2b: Pelipper
|detailschange|p2a: Swampert|Swampert-Mega, L50, F
|-mega|p2a: Swampert|Swampert|Swampertite
|move|p1b: Sneasler|Protect|p1b: Sneasler
|-singleturn|p1b: Sneasler|Protect
|move|p2a: Swampert|Earthquake|p1a: Basculegion|[spread] p1a
|-activate|p1b: Sneasler|move: Protect
|-immune|p2b: Pelipper
|-damage|p1a: Basculegion|10/100
|-enditem|p1a: Basculegion|Sitrus Berry|[eat]
|-heal|p1a: Basculegion|35/100|[from] item: Sitrus Berry
|move|p1a: Basculegion|Wave Crash|p2a: Swampert
|-damage|p2a: Swampert|0 fnt
|faint|p2a: Swampert
|-damage|p1a: Basculegion|17/100|[from] Recoil
|
|-weather|RainDance|[upkeep]
|upkeep
|
|t:|1782617829
|switch|p2a: Archaludon|Archaludon, L50, M|17/100
|turn|5
|
|t:|1782617846
|switch|p1b: Samurott|Samurott-Hisui, L50, M|100/100
|move|p1a: Basculegion|Protect|p1a: Basculegion
|-singleturn|p1a: Basculegion|Protect
|move|p2a: Archaludon|Electro Shot||[still]
|-prepare|p2a: Archaludon|Electro Shot
|-boost|p2a: Archaludon|spa|1
|-anim|p2a: Archaludon|Electro Shot|p1a: Basculegion
|-activate|p1a: Basculegion|move: Protect
|move|p2b: Pelipper|Hurricane|p1b: Samurott
|-damage|p1b: Samurott|8/100
|-damage|p2b: Pelipper|90/100|[from] item: Life Orb
|
|-weather|RainDance|[upkeep]
|-heal|p2a: Archaludon|23/100|[from] item: Leftovers
|-sideend|p2: pokeplaygg|move: Tailwind
|upkeep
|turn|6
|
|t:|1782617870
|move|p2a: Archaludon|Protect|p2a: Archaludon
|-singleturn|p2a: Archaludon|Protect
|move|p1b: Samurott|Ceaseless Edge|p2b: Pelipper
|-damage|p2b: Pelipper|41/100
|-sidestart|p2: pokeplaygg|Spikes
|move|p1a: Basculegion|Wave Crash|p2a: Archaludon
|-activate|p2a: Archaludon|move: Protect
|move|p2b: Pelipper|Muddy Water|p1b: Samurott|[spread] p1a,p1b
|-resisted|p1a: Basculegion|1
|-resisted|p1b: Samurott|1
|-damage|p1a: Basculegion|0 fnt
|-damage|p1b: Samurott|0 fnt
|faint|p1a: Basculegion
|faint|p1b: Samurott
|-damage|p2b: Pelipper|32/100|[from] item: Life Orb
|
|-weather|RainDance|[upkeep]
|-heal|p2a: Archaludon|29/100|[from] item: Leftovers
|upkeep
|
|t:|1782617877
|switch|p1b: Sneasler|Sneasler, L50, F|100/100
|switch|p1a: Froslass|Froslass, L50, F|100/100
|turn|7
|inactive|pokeplaygg has 30 seconds left.
|
|t:|1782617902
|switch|p2b: Aerodactyl|Aerodactyl, L50, M|8/100
|-ability|p2b: Aerodactyl|Unnerve
|detailschange|p1a: Froslass|Froslass-Mega, L50, F
|-mega|p1a: Froslass|Froslass|Froslassite
|-weather|Snowscape|[from] ability: Snow Warning|[of] p1a: Froslass
|move|p2a: Archaludon|Protect|p2a: Archaludon
|-singleturn|p2a: Archaludon|Protect
|move|p1b: Sneasler|Close Combat|p2a: Archaludon
|-activate|p2a: Archaludon|move: Protect
|move|p1a: Froslass|Blizzard|p2a: Archaludon|[spread] p2b
|-activate|p2a: Archaludon|move: Protect
|-supereffective|p2b: Aerodactyl|1
|-damage|p2b: Aerodactyl|0 fnt
|faint|p2b: Aerodactyl
|
|-weather|Snowscape|[upkeep]
|-heal|p2a: Archaludon|36/100|[from] item: Leftovers
|upkeep
|
|t:|1782617906
|switch|p2b: Pelipper|Pelipper, L50, F|32/100
|-weather|RainDance|[from] ability: Drizzle|[of] p2b: Pelipper
|turn|8
|
|t:|1782617925
|move|p1b: Sneasler|Dire Claw|p2b: Pelipper
|-damage|p2b: Pelipper|0 fnt
|faint|p2b: Pelipper
|move|p1a: Froslass|Shadow Ball|p2a: Archaludon
|-damage|p2a: Archaludon|0 fnt
|faint|p2a: Archaludon
|
|win|Gunho Magika
||Gunho Magika is ready for game 2.
|inactive|pokeplaygg has 30 seconds to confirm battle start!
|inactive|pokeplaygg has 20 seconds to confirm battle start!
|inactive|pokeplaygg has 10 seconds to confirm battle start!
||pokeplaygg is ready for game 2.
|uhtml|next|Next: Game 2 of 3
|l|☆pokeplaygg
|player|p2|
