|j|☆soap1170
|j|☆ENDERLANDA
|html|soap1170ENDERLANDA    
|uhtml|bestof|Game 2 of a best-of-3
|t:|1785944151
|gametype|doubles
|player|p1|soap1170|veteran|1125
|player|p2|ENDERLANDA|170|1186
|gen|9
|tier|[Gen 9 Champions] VGC 2026 Reg M-B (Bo3)
|rated|
|rule|Species Clause: Limit one of each Pokémon
|rule|Item Clause: Limit 1 of each item
|clearpoke
|poke|p1|Archaludon, L50, F|
|poke|p1|Aerodactyl, L50, M|
|poke|p1|Houndoom, L50, F|
|poke|p1|Pelipper, L50, F|
|poke|p1|Scizor, L50, F|
|poke|p1|Annihilape, L50, M|
|poke|p2|Charizard, L50, M|
|poke|p2|Milotic, L50, M|
|poke|p2|Grimmsnarl, L50, M|
|poke|p2|Sinistcha, L50|
|poke|p2|Incineroar, L50, F|
|poke|p2|Floette-Eternal, L50, F|
|teampreview|4
|showteam|p1|Archaludon||WiseGlasses|Stamina|ElectroShot,Protect,DragonPulse,AuraSphere|Modest||F|||50|]Aerodactyl||MuscleBand|Unnerve|RockSlide,Tailwind,Earthquake,Protect|Jolly||M|||50|]Houndoom||Houndoominite|FlashFire|HeatWave,ShadowBall,ScorchingSands,Protect|Timid||F|||50|]Pelipper||FocusSash|Drizzle|Tailwind,Hurricane,WeatherBall,Roost|Timid||F|||50|]Scizor||Scizorite|Technician|Roost,BulletPunch,BugBite,AerialAce|Adamant||F|||50|]Annihilape||ExpertBelt|Defiant|RageFist,NightSlash,DrainPunch,PoisonJab|Jolly||M|||50|
|showteam|p2|Charizard||CharizarditeX|Blaze|Protect,DragonRush,FlareBlitz,DragonDance|Adamant||M|||50|]Milotic||Leftovers|Competitive|Coil,MuddyWater,Hypnosis,Protect|Calm||M|||50|]Grimmsnarl||LightClay|Prankster|LightScreen,Reflect,SpiritBreak,PartingShot|Impish||M|||50|]Sinistcha||ColburBerry|Hospitality|MatchaGotcha,TrickRoom,RagePowder,Protect|Calm|||||50|]Incineroar||SitrusBerry|Intimidate|FakeOut,FlareBlitz,PartingShot,ThroatChop|Adamant||F|||50|]Floette-Eternal||Floettite|FlowerVeil|Protect,Moonblast,DazzlingGleam,CalmMind|Modest||F|||50|
|inactive|Battle timer is ON: inactive players will automatically lose when time's up. (requested by ENDERLANDA)
|
|t:|1785944171
|teamsize|p1|4
|teamsize|p2|4
|start
|switch|p1a: Pelipper|Pelipper, L50, F|100/100
|switch|p1b: Archaludon|Archaludon, L50, F|100/100
|switch|p2a: Milotic|Milotic, L50, M|100/100
|switch|p2b: Grimmsnarl|Grimmsnarl, L50, M|100/100
|-weather|RainDance|[from] ability: Drizzle|[of] p1a: Pelipper
|turn|1
|
|t:|1785944188
|move|p2a: Milotic|Protect|p2a: Milotic
|-singleturn|p2a: Milotic|Protect
|move|p2b: Grimmsnarl|Light Screen|p2b: Grimmsnarl
|-sidestart|p2: ENDERLANDA|move: Light Screen
|move|p1a: Pelipper|Tailwind|p1a: Pelipper
|-sidestart|p1: soap1170|move: Tailwind
|move|p1b: Archaludon|Electro Shot||[still]
|-prepare|p1b: Archaludon|Electro Shot
|-boost|p1b: Archaludon|spa|1
|-anim|p1b: Archaludon|Electro Shot|p2a: Milotic
|-activate|p2a: Milotic|move: Protect
|
|-weather|RainDance|[upkeep]
|upkeep
|turn|2
|
|t:|1785944202
|move|p2b: Grimmsnarl|Parting Shot|p1b: Archaludon
|-unboost|p1b: Archaludon|atk|1
|-unboost|p1b: Archaludon|spa|1
|
|t:|1785944205
|switch|p2b: Sinistcha|Sinistcha, L50|100/100|[from] Parting Shot
|move|p1a: Pelipper|Hurricane|p2a: Milotic
|-crit|p2a: Milotic
|-damage|p2a: Milotic|65/100
|-start|p2a: Milotic|confusion
|move|p1b: Archaludon|Electro Shot||[still]
|-prepare|p1b: Archaludon|Electro Shot
|-boost|p1b: Archaludon|spa|1
|-anim|p1b: Archaludon|Electro Shot|p2a: Milotic
|-supereffective|p2a: Milotic|1
|-damage|p2a: Milotic|1/100
|-activate|p2a: Milotic|confusion
|move|p2a: Milotic|Coil|p2a: Milotic
|-boost|p2a: Milotic|atk|1
|-boost|p2a: Milotic|def|1
|-boost|p2a: Milotic|accuracy|1
|
|-weather|RainDance|[upkeep]
|-heal|p2a: Milotic|6/100|[from] item: Leftovers
|upkeep
|turn|3
|
|t:|1785944220
|-activate|p2a: Milotic|confusion
|move|p2a: Milotic|Protect|p2a: Milotic
|-singleturn|p2a: Milotic|Protect
|move|p1a: Pelipper|Hurricane|p2b: Sinistcha
|-supereffective|p2b: Sinistcha|1
|-damage|p2b: Sinistcha|59/100
|move|p1b: Archaludon|Electro Shot||[still]
|-prepare|p1b: Archaludon|Electro Shot
|-boost|p1b: Archaludon|spa|1
|-anim|p1b: Archaludon|Electro Shot|p2a: Milotic
|-activate|p2a: Milotic|move: Protect
|move|p2b: Sinistcha|Trick Room|p2b: Sinistcha
|-fieldstart|move: Trick Room|[of] p2b: Sinistcha
|
|-weather|RainDance|[upkeep]
|-heal|p2a: Milotic|12/100|[from] item: Leftovers
|upkeep
|turn|4
|
|t:|1785944241
|move|p2b: Sinistcha|Matcha Gotcha|p1a: Pelipper|[spread] p1a,p1b
|-resisted|p1b: Archaludon|2
|-damage|p1a: Pelipper|65/100
|-heal|p2b: Sinistcha|75/100|[from] drain|[of] p1a: Pelipper
|-damage|p1b: Archaludon|93/100
|-heal|p2b: Sinistcha|79/100|[from] drain|[of] p1b: Archaludon
|-status|p1b: Archaludon|brn
|-ability|p1b: Archaludon|Stamina|boost
|-boost|p1b: Archaludon|def|1
|-activate|p2a: Milotic|confusion
|move|p2a: Milotic|Hypnosis||[still]
|-fail|p2a: Milotic
|move|p1b: Archaludon|Electro Shot||[still]
|-prepare|p1b: Archaludon|Electro Shot
|-boost|p1b: Archaludon|spa|1
|-anim|p1b: Archaludon|Electro Shot|p2a: Milotic
|-supereffective|p2a: Milotic|1
|-damage|p2a: Milotic|0 fnt
|faint|p2a: Milotic
|move|p1a: Pelipper|Hurricane|p2b: Sinistcha
|-supereffective|p2b: Sinistcha|1
|-damage|p2b: Sinistcha|35/100
|
|-weather|RainDance|[upkeep]
|-damage|p1b: Archaludon|87/100 brn|[from] brn
|-sideend|p1: soap1170|move: Tailwind
|upkeep
|
|t:|1785944253
|switch|p2a: Grimmsnarl|Grimmsnarl, L50, M|100/100
|turn|5
|
|t:|1785944267
|move|p2a: Grimmsnarl|Spirit Break|p1b: Archaludon
|-damage|p1b: Archaludon|67/100 brn
|-unboost|p1b: Archaludon|spa|1
|-ability|p1b: Archaludon|Stamina|boost
|-boost|p1b: Archaludon|def|1
|move|p2b: Sinistcha|Matcha Gotcha|p1b: Archaludon|[spread] p1a,p1b
|-resisted|p1b: Archaludon|2
|-damage|p1a: Pelipper|31/100
|-heal|p2b: Sinistcha|52/100|[from] drain|[of] p1a: Pelipper
|-damage|p1b: Archaludon|61/100 brn
|-heal|p2b: Sinistcha|55/100|[from] drain|[of] p1b: Archaludon
|-ability|p1b: Archaludon|Stamina|boost
|-boost|p1b: Archaludon|def|1
|move|p1b: Archaludon|Electro Shot||[still]
|-prepare|p1b: Archaludon|Electro Shot
|-boost|p1b: Archaludon|spa|1
|-anim|p1b: Archaludon|Electro Shot|p2a: Grimmsnarl
|-damage|p2a: Grimmsnarl|17/100
|move|p1a: Pelipper|Hurricane|p2a: Grimmsnarl
|-damage|p2a: Grimmsnarl|0 fnt
|faint|p2a: Grimmsnarl
|
|-weather|none
|-damage|p1b: Archaludon|55/100 brn|[from] brn
|upkeep
|
|t:|1785944272
|switch|p2a: Charizard|Charizard, L50, M|100/100
|turn|6
|
|t:|1785944294
|switch|p1a: Annihilape|Annihilape, L50, M|100/100
|detailschange|p2a: Charizard|Charizard-Mega-X, L50, M
|-mega|p2a: Charizard|Charizard|Charizardite X
|move|p1b: Archaludon|Protect|p1b: Archaludon
|-singleturn|p1b: Archaludon|Protect
|move|p2b: Sinistcha|Rage Powder|p2b: Sinistcha
|-singleturn|p2b: Sinistcha|move: Rage Powder
|move|p2a: Charizard|Flare Blitz|p1b: Archaludon
|-activate|p1b: Archaludon|move: Protect
|
|-damage|p1b: Archaludon|49/100 brn|[from] brn
|upkeep
|turn|7
|
|t:|1785944313
|switch|p1a: Pelipper|Pelipper, L50, F|31/100
|-weather|RainDance|[from] ability: Drizzle|[of] p1a: Pelipper
|move|p2b: Sinistcha|Rage Powder|p2b: Sinistcha
|-singleturn|p2b: Sinistcha|move: Rage Powder
|move|p1b: Archaludon|Dragon Pulse|p2b: Sinistcha
|-damage|p2b: Sinistcha|0 fnt
|faint|p2b: Sinistcha
|move|p2a: Charizard|Flare Blitz|p1b: Archaludon
|-damage|p1b: Archaludon|34/100 brn
|-ability|p1b: Archaludon|Stamina|boost
|-boost|p1b: Archaludon|def|1
|-damage|p2a: Charizard|95/100|[from] Recoil
|
|-weather|RainDance|[upkeep]
|-damage|p1b: Archaludon|28/100 brn|[from] brn
|-fieldend|move: Trick Room
|upkeep
|turn|8
|
|t:|1785944328
|move|p2a: Charizard|Dragon Rush|p1b: Archaludon
|-damage|p1b: Archaludon|8/100 brn
|-ability|p1b: Archaludon|Stamina|boost
|-boost|p1b: Archaludon|def|1
|move|p1a: Pelipper|Hurricane|p2a: Charizard
|-damage|p2a: Charizard|65/100
|move|p1b: Archaludon|Dragon Pulse|p2a: Charizard
|-supereffective|p2a: Charizard|1
|-damage|p2a: Charizard|0 fnt
|faint|p2a: Charizard
|
|win|soap1170
|raw|soap1170's rating: 1125 → 1154(+29 for winning)
|raw|ENDERLANDA's rating: 1186 → 1157(-29 for losing)
|c|☆soap1170|ooops
|c|☆soap1170|ggs
|c|☆soap1170|cornball
|l|☆soap1170
|player|p1|
