|j|☆GIRLHELL1998
|j|☆Gentlefish
|html|GIRLHELL1998Gentlefish    
|uhtml|bestof|Game 1 of a best-of-3
|t:|1756533305
|gametype|doubles
|player|p1|GIRLHELL1998|roxie|
|player|p2|Gentlefish|burglar-gen1rb|
|gen|9
|tier|[Gen 9] VGC 2025 Reg H (Bo3)
|rule|Species Clause: Limit one of each Pokémon
|rule|Item Clause: Limit 1 of each item
|clearpoke
|poke|p1|Ursaluna, L50, M|
|poke|p1|Kilowattrel, L50, F|
|poke|p1|Gholdengo, L50|
|poke|p1|Incineroar, L50, F|
|poke|p1|Amoonguss, L50, F|
|poke|p1|Porygon2, L50|
|poke|p2|Archaludon, L50, M|
|poke|p2|Pelipper, L50, F|
|poke|p2|Basculegion, L50, M|
|poke|p2|Ursaluna, L50, M|
|poke|p2|Incineroar, L50, M|
|poke|p2|Sinistcha, L50|
|teampreview|4
|showteam|p1|Ursaluna||FlameOrb|Guts|Facade,HeadlongRush,Earthquake,Protect|||M|||50|,,,,,Fairy]Kilowattrel||FocusSash|Competitive|Thunderbolt,AirSlash,Tailwind,Protect|||F|||50|,,,,,Ghost]Gholdengo||LifeOrb|GoodasGold|MakeItRain,ShadowBall,NastyPlot,Protect||||||50|,,,,,Flying]Incineroar||AssaultVest|Intimidate|KnockOff,FlareBlitz,Uturn,FakeOut|||F|||50|,,,,,Grass]Amoonguss||SitrusBerry|Regenerator|Spore,RagePowder,SludgeBomb,Protect|||F|||50|,,,,,Water]Porygon2||Eviolite|Download|TeraBlast,IceBeam,Recover,TrickRoom||||||50|,,,,,Fighting
|showteam|p2|Archaludon||AssaultVest|Stamina|DragonPulse,FlashCannon,ElectroShot,BodyPress|||M|||50|,,,,,Bug]Pelipper||FocusSash|Drizzle|Hurricane,WeatherBall,Tailwind,Protect|||F|||50|,,,,,Stellar]Basculegion||ChoiceBand|SwiftSwim|WaveCrash,LastRespects,FlipTurn,TeraBlast|||M|||50|,,,,,Fighting]Ursaluna||FlameOrb|Guts|Facade,HeadlongRush,Earthquake,Protect|||M|||50|,,,,,Ghost]Incineroar||SafetyGoggles|Intimidate|KnockOff,PartingShot,Taunt,FakeOut|||M|||50|,,,,,Flying]Sinistcha||SitrusBerry|Hospitality|MatchaGotcha,RagePowder,LifeDew,TrickRoom||||||50|,,,,,Water
|inactive|Battle timer is ON: inactive players will automatically lose when time's up. (requested by GIRLHELL1998)
|inactive|GIRLHELL1998 has 60 seconds left.
|inactive|Gentlefish has 60 seconds left.
|inactive|GIRLHELL1998 has 30 seconds left.
|inactive|Gentlefish has 30 seconds left.
|inactive|GIRLHELL1998 has 20 seconds left.
|inactive|GIRLHELL1998 has 15 seconds left.
|
|t:|1756533380
|teamsize|p1|4
|teamsize|p2|4
|start
|switch|p1a: Pumpy the Grumpy|Incineroar, L50, F, shiny|100/100
|switch|p1b: Nokia Brick|Porygon2, L50, shiny|100/100
|switch|p2a: Pelipper|Pelipper, L50, F|100/100
|switch|p2b: Incineroar|Incineroar, L50, M|100/100
|-weather|RainDance|[from] ability: Drizzle|[of] p2a: Pelipper
|-ability|p2b: Incineroar|Intimidate|boost
|-unboost|p1a: Pumpy the Grumpy|atk|1
|-unboost|p1b: Nokia Brick|atk|1
|-ability|p1a: Pumpy the Grumpy|Intimidate|boost
|-unboost|p2a: Pelipper|atk|1
|-unboost|p2b: Incineroar|atk|1
|-ability|p1b: Nokia Brick|Download|boost
|-boost|p1b: Nokia Brick|spa|1
|turn|1
|inactive|Gentlefish has 30 seconds left.
|
|t:|1756533405
|move|p2b: Incineroar|Fake Out|p1b: Nokia Brick
|-damage|p1b: Nokia Brick|96/100
|move|p1a: Pumpy the Grumpy|Fake Out|p2b: Incineroar
|-damage|p2b: Incineroar|92/100
|move|p2a: Pelipper|Weather Ball|p1a: Pumpy the Grumpy
|-supereffective|p1a: Pumpy the Grumpy
|-damage|p1a: Pumpy the Grumpy|14/100
|cant|p1b: Nokia Brick|flinch
|
|-weather|RainDance|[upkeep]
|upkeep
|turn|2
|inactive|GIRLHELL1998 has 30 seconds left.
|
|t:|1756533434
|switch|p1a: 뽀록나|Amoonguss, L50, F, shiny|100/100
|move|p2a: Pelipper|Hurricane|p1a: 뽀록나
|-supereffective|p1a: 뽀록나
|-damage|p1a: 뽀록나|25/100
|-enditem|p1a: 뽀록나|Sitrus Berry|[eat]
|-heal|p1a: 뽀록나|50/100|[from] item: Sitrus Berry
|move|p2b: Incineroar|Taunt|p1b: Nokia Brick
|-start|p1b: Nokia Brick|move: Taunt
|move|p1b: Nokia Brick|Ice Beam|p2a: Pelipper
|-damage|p2a: Pelipper|47/100
|
|-weather|RainDance|[upkeep]
|upkeep
|turn|3
|inactive|GIRLHELL1998 has 30 seconds left.
|inactive|Gentlefish has 30 seconds left.
|inactive|Gentlefish has 20 seconds left.
|
|t:|1756533469
|switch|p2a: Archaludon|Archaludon, L50, M|100/100
|switch|p1a: Pumpy the Grumpy|Incineroar, L50, F, shiny|14/100
|-ability|p1a: Pumpy the Grumpy|Intimidate|boost
|-unboost|p2a: Archaludon|atk|1
|-unboost|p2b: Incineroar|atk|1
|move|p2b: Incineroar|Taunt|p1a: Pumpy the Grumpy
|-start|p1a: Pumpy the Grumpy|move: Taunt
|move|p1b: Nokia Brick|Ice Beam|p2a: Archaludon
|-damage|p2a: Archaludon|74/100
|-ability|p2a: Archaludon|Stamina|boost
|-boost|p2a: Archaludon|def|1
|
|-weather|RainDance|[upkeep]
|upkeep
|turn|4
|inactive|GIRLHELL1998 has 30 seconds left.
|
|t:|1756533497
|-terastallize|p1b: Nokia Brick|Fighting
|move|p2b: Incineroar|Knock Off|p1b: Nokia Brick
|-resisted|p1b: Nokia Brick
|-damage|p1b: Nokia Brick|90/100
|-enditem|p1b: Nokia Brick|Eviolite|[from] move: Knock Off|[of] p2b: Incineroar
|move|p2a: Archaludon|Electro Shot||[still]
|-prepare|p2a: Archaludon|Electro Shot
|-boost|p2a: Archaludon|spa|1
|-anim|p2a: Archaludon|Electro Shot|p1b: Nokia Brick
|-damage|p1b: Nokia Brick|39/100
|move|p1a: Pumpy the Grumpy|U-turn|p2b: Incineroar
|-damage|p2b: Incineroar|69/100
|
|t:|1756533510
|switch|p1a: 뽀록나|Amoonguss, L50, F, shiny|83/100|[from] U-turn
|move|p1b: Nokia Brick|Tera Blast|p2b: Incineroar|[anim] Tera Blast Fighting
|-supereffective|p2b: Incineroar
|-damage|p2b: Incineroar|0 fnt
|faint|p2b: Incineroar
|
|-weather|RainDance|[upkeep]
|-end|p1b: Nokia Brick|move: Taunt
|upkeep
|
|t:|1756533532
|switch|p2b: Pelipper|Pelipper, L50, F|47/100
|turn|5
|
|t:|1756533543
|-terastallize|p2b: Pelipper|Stellar
|move|p1a: 뽀록나|Rage Powder|p1a: 뽀록나
|-singleturn|p1a: 뽀록나|move: Rage Powder
|move|p2b: Pelipper|Hurricane|p1a: 뽀록나
|-supereffective|p1a: 뽀록나
|-damage|p1a: 뽀록나|0 fnt
|faint|p1a: 뽀록나
|move|p2a: Archaludon|Dragon Pulse|p1b: Nokia Brick
|-damage|p1b: Nokia Brick|0 fnt
|faint|p1b: Nokia Brick
|
|-weather|none
|upkeep
|
|t:|1756533554
|switch|p1b: Pumpy the Grumpy|Incineroar, L50, F, shiny|14/100
|switch|p1a: Dinko|Ursaluna, L50, M|100/100
|-ability|p1b: Pumpy the Grumpy|Intimidate|boost
|-unboost|p2a: Archaludon|atk|1
|-unboost|p2b: Pelipper|atk|1
|turn|6
|
|t:|1756533571
|move|p1b: Pumpy the Grumpy|Fake Out|p2a: Archaludon
|-resisted|p2a: Archaludon
|-damage|p2a: Archaludon|71/100
|-ability|p2a: Archaludon|Stamina|boost
|-boost|p2a: Archaludon|def|1
|move|p2b: Pelipper|Weather Ball|p1b: Pumpy the Grumpy
|-damage|p1b: Pumpy the Grumpy|2/100
|cant|p2a: Archaludon|flinch
|move|p1a: Dinko|Headlong Rush|p2a: Archaludon
|-supereffective|p2a: Archaludon
|-damage|p2a: Archaludon|16/100
|-unboost|p1a: Dinko|def|1
|-unboost|p1a: Dinko|spd|1
|-ability|p2a: Archaludon|Stamina|boost
|-boost|p2a: Archaludon|def|1
|
|-status|p1a: Dinko|brn|[from] item: Flame Orb
|upkeep
|turn|7
|-message|GIRLHELL1998 forfeited.
|
|win|Gentlefish
|l|☆GIRLHELL1998
|player|p1|
||GIRLHELL1998 is ready for game 2.
|inactive|Gentlefish has 30 seconds to confirm battle start!
||Gentlefish is ready for game 2.
|uhtml|next|Next: Game 2 of 3
