|j|☆BrutalBjoern
|j|☆BenniBenBau
|html|BrutalBjoernBenniBenBau    
|uhtml|bestof|Game 2 of a best-of-3
|t:|1756407774
|gametype|doubles
|player|p1|BrutalBjoern|lady-gen4|
|player|p2|BenniBenBau|brycen|
|gen|9
|tier|[Gen 9] VGC 2025 Reg H (Bo3)
|rule|Species Clause: Limit one of each Pokémon
|rule|Item Clause: Limit 1 of each item
|clearpoke
|poke|p1|Serperior, L50, M|
|poke|p1|Grimmsnarl, L50, M|
|poke|p1|Sneasler, L50, F|
|poke|p1|Volcarona, L50, M|
|poke|p1|Dragapult, L50, M|
|poke|p1|Primarina, L50, F|
|poke|p2|Politoed, L50, M|
|poke|p2|Archaludon, L50, F|
|poke|p2|Kingdra, L50, F|
|poke|p2|Incineroar, L50, M|
|poke|p2|Amoonguss, L50, M|
|poke|p2|Gothitelle, L50, M|
|teampreview|4
|showteam|p1|Serperior||Leftovers|Contrary|LeafStorm,TeraBlast,Protect,GrassPledge|||M|||50|,,,,,Stellar]Grimmsnarl||LightClay|Prankster|LightScreen,Reflect,ScaryFace,Assurance|||M|||50|,,,,,Ghost]Sneasler||FocusSash|Unburden|DireClaw,CloseCombat,FakeOut,Taunt|||F|||50|,,,,,Stellar]Volcarona||RockyHelmet|FlameBody|RagePowder,WillOWisp,Tailwind,FieryDance|||M|||50|,,,,,Grass]Dragapult||ChoiceBand|ClearBody|PhantomForce,DragonDarts,TeraBlast,SuckerPunch|||M|||50|,,,,,Ghost]Primarina||LifeOrb|LiquidVoice|WaterPledge,Moonblast,HyperVoice,Protect|||F|||50|,,,,,Poison
|showteam|p2|Politoed||Leftovers|Drizzle|Protect,WeatherBall,PerishSong,Encore|||M|||50|,,,,,Grass]Archaludon||PowerHerb|Sturdy|Protect,ElectroShot,FlashCannon,DragonPulse|||F|||50|,,,,,Electric]Kingdra||LifeOrb|SwiftSwim|Protect,DracoMeteor,WeatherBall,MuddyWater|||F|||50|,,,,,Stellar]Incineroar||SafetyGoggles|Intimidate|FakeOut,KnockOff,PartingShot,Protect|||M|||50|,,,,,Ghost]Amoonguss||EjectButton|Regenerator|Protect,RagePowder,Spore,PollenPuff|||M|||50|,,,,,Fairy]Gothitelle||SitrusBerry|ShadowTag|Protect,Psychic,FakeOut,TrickRoom|||M|||50|,,,,,Dark
|
|t:|1756407800
|teamsize|p1|4
|teamsize|p2|4
|start
|switch|p1a: Dragapult|Dragapult, L50, M|100/100
|switch|p1b: Sneasler|Sneasler, L50, F|100/100
|switch|p2a: Politoed|Politoed, L50, M|100/100
|switch|p2b: Kingdra|Kingdra, L50, F|100/100
|-weather|RainDance|[from] ability: Drizzle|[of] p2a: Politoed
|turn|1
|
|t:|1756407836
|-terastallize|p1a: Dragapult|Ghost
|move|p2b: Kingdra|Protect|p2b: Kingdra
|-singleturn|p2b: Kingdra|Protect
|move|p1b: Sneasler|Fake Out|p2b: Kingdra
|-activate|p2b: Kingdra|move: Protect
|move|p1a: Dragapult|Phantom Force||[still]
|-prepare|p1a: Dragapult|Phantom Force
|move|p2a: Politoed|Encore|p1b: Sneasler
|-start|p1b: Sneasler|Encore
|
|-weather|RainDance|[upkeep]
|upkeep
|turn|2
|
|t:|1756407865
|switch|p2b: Amoonguss|Amoonguss, L50, M|100/100
|switch|p1b: Primarina|Primarina, L50, F|100/100
|move|p1a: Dragapult|Phantom Force|p2b: Amoonguss|[from] lockedmove
|-damage|p2b: Amoonguss|30/100
|-enditem|p2b: Amoonguss|Eject Button
|
|t:|1756407873
|switch|p2b: Kingdra|Kingdra, L50, F|100/100
|move|p2a: Politoed|Weather Ball|p1a: Dragapult
|-damage|p1a: Dragapult|38/100
|
|-weather|RainDance|[upkeep]
|upkeep
|turn|3
|
|t:|1756407887
|switch|p1a: Serperior|Serperior, L50, M|100/100
|switch|p2a: Gothitelle|Gothitelle, L50, M|100/100
|move|p2b: Kingdra|Muddy Water|p1a: Serperior|[spread] p1a,p1b
|-resisted|p1a: Serperior
|-resisted|p1b: Primarina
|-damage|p1a: Serperior|64/100
|-damage|p1b: Primarina|79/100
|-damage|p2b: Kingdra|91/100|[from] item: Life Orb
|move|p1b: Primarina|Moonblast|p2b: Kingdra
|-supereffective|p2b: Kingdra
|-damage|p2b: Kingdra|0 fnt
|faint|p2b: Kingdra
|-damage|p1b: Primarina|69/100|[from] item: Life Orb
|
|-weather|RainDance|[upkeep]
|-heal|p1a: Serperior|70/100|[from] item: Leftovers
|upkeep
|
|t:|1756407903
|switch|p2b: Politoed|Politoed, L50, M|100/100
|turn|4
|
|t:|1756407921
|move|p2a: Gothitelle|Fake Out|p1a: Serperior
|-damage|p1a: Serperior|62/100
|cant|p1a: Serperior|flinch
|move|p2b: Politoed|Perish Song|p2b: Politoed
|-start|p1a: Serperior|perish3|[silent]
|-start|p1b: Primarina|perish3|[silent]
|-start|p2a: Gothitelle|perish3|[silent]
|-start|p2b: Politoed|perish3|[silent]
|-fieldactivate|move: Perish Song
|move|p1b: Primarina|Hyper Voice|p2b: Politoed|[spread] p2a,p2b
|-resisted|p2b: Politoed
|-damage|p2a: Gothitelle|41/100
|-damage|p2b: Politoed|72/100
|-enditem|p2a: Gothitelle|Sitrus Berry|[eat]
|-heal|p2a: Gothitelle|66/100|[from] item: Sitrus Berry
|-damage|p1b: Primarina|59/100|[from] item: Life Orb
|
|-weather|RainDance|[upkeep]
|-heal|p1a: Serperior|68/100|[from] item: Leftovers
|-heal|p2b: Politoed|78/100|[from] item: Leftovers
|-start|p1a: Serperior|perish3
|-start|p2b: Politoed|perish3
|-start|p1b: Primarina|perish3
|-start|p2a: Gothitelle|perish3
|upkeep
|turn|5
|
|t:|1756407945
|switch|p2b: Amoonguss|Amoonguss, L50, M|63/100
|move|p2a: Gothitelle|Protect|p2a: Gothitelle
|-singleturn|p2a: Gothitelle|Protect
|move|p1a: Serperior|Leaf Storm|p2b: Amoonguss
|-resisted|p2b: Amoonguss
|-damage|p2b: Amoonguss|51/100
|-boost|p1a: Serperior|spa|2
|move|p1b: Primarina|Hyper Voice|p2a: Gothitelle|[spread] p2b
|-activate|p2a: Gothitelle|move: Protect
|-resisted|p2b: Amoonguss
|-crit|p2b: Amoonguss
|-damage|p2b: Amoonguss|0 fnt
|faint|p2b: Amoonguss
|-damage|p1b: Primarina|50/100|[from] item: Life Orb
|
|-weather|none
|-heal|p1a: Serperior|74/100|[from] item: Leftovers
|-start|p1a: Serperior|perish2
|-start|p1b: Primarina|perish2
|-start|p2a: Gothitelle|perish2
|upkeep
|
|t:|1756407964
|switch|p2b: Politoed|Politoed, L50, M|78/100
|-weather|RainDance|[from] ability: Drizzle|[of] p2b: Politoed
|turn|6
|
|t:|1756407982
|move|p2b: Politoed|Protect|p2b: Politoed
|-singleturn|p2b: Politoed|Protect
|move|p1a: Serperior|Grass Pledge|p2a: Gothitelle
|-damage|p2a: Gothitelle|24/100
|move|p1b: Primarina|Hyper Voice|p2a: Gothitelle|[spread] p2a
|-activate|p2b: Politoed|move: Protect
|-damage|p2a: Gothitelle|0 fnt
|faint|p2a: Gothitelle
|-damage|p1b: Primarina|40/100|[from] item: Life Orb
|
|-weather|RainDance|[upkeep]
|-heal|p1a: Serperior|80/100|[from] item: Leftovers
|-heal|p2b: Politoed|84/100|[from] item: Leftovers
|-start|p1a: Serperior|perish1
|-start|p1b: Primarina|perish1
|upkeep
|turn|7
|
|t:|1756407998
|move|p1a: Serperior|Grass Pledge|p2b: Politoed
|-waiting|p1a: Serperior|p1b: Primarina
|move|p1b: Primarina|Water Pledge|p2b: Politoed|[from] move: Grass Pledge
|-combine
|-supereffective|p2b: Politoed
|-damage|p2b: Politoed|0 fnt
|-sidestart|p2: BenniBenBau|Grass Pledge
|faint|p2b: Politoed
|-damage|p1b: Primarina|30/100|[from] item: Life Orb
|
|win|BrutalBjoern
