|j|☆LeunamTG
|j|☆DarkJorch
|html|LeunamTGDarkJorch    
|uhtml|bestof|Game 1 of a best-of-3
|t:|1783954982
|gametype|doubles
|player|p1|LeunamTG|skyla|
|player|p2|DarkJorch|#smogonxnpa2025draftee|
|gen|9
|tier|[Gen 9 Champions] VGC 2026 Reg M-B (Bo3)
|rule|Species Clause: Limit one of each Pokémon
|rule|Item Clause: Limit 1 of each item
|clearpoke
|poke|p1|Garchomp, L50, M|
|poke|p1|Venusaur, L50, M|
|poke|p1|Incineroar, L50, F|
|poke|p1|Charizard, L50, F|
|poke|p1|Toxapex, L50, M|
|poke|p1|Annihilape, L50, F|
|poke|p2|Blastoise, L50, F|
|poke|p2|Incineroar, L50, F|
|poke|p2|Sinistcha, L50|
|poke|p2|Delphox, L50, F|
|poke|p2|Sneasler, L50, M|
|poke|p2|Kingambit, L50, M|
|teampreview|4
|showteam|p1|Garchomp||ChoiceScarf|RoughSkin|RockSlide,Earthquake,DragonClaw,StompingTantrum|Adamant||M|||50|]Venusaur||LifeOrb|Chlorophyll|SludgeBomb,SolarBeam,EarthPower,Protect|Modest||M|||50|]Incineroar||SitrusBerry|Intimidate|PartingShot,FlareBlitz,ThroatChop,FakeOut|Impish||F|||50|]Charizard||CharizarditeY|Blaze|HeatWave,WeatherBall,HelpingHand,Protect|Modest||F|||50|]Toxapex||Leftovers|Regenerator|Infestation,Toxic,WideGuard,BanefulBunker|Impish||M|||50|]Annihilape||FocusSash|Defiant|CloseCombat,PhantomForce,RockTomb,Protect|Jolly||F|||50|
|showteam|p2|Blastoise||Blastoisinite|RainDish|WaterSpout,DarkPulse,ShellSmash,Protect|Modest||F|||50|]Incineroar||SitrusBerry|Intimidate|FlareBlitz,HelpingHand,FakeOut,PartingShot|Impish||F|||50|]Sinistcha||OccaBerry|Hospitality|MatchaGotcha,TrickRoom,RagePowder,Protect|Bold|||||50|]Delphox||Delphoxite|Blaze|HeatWave,Psyshock,NastyPlot,Protect|Timid||F|||50|]Sneasler||FocusSash|PoisonTouch|CloseCombat,DireClaw,RockTomb,FakeOut|Jolly||M|||50|]Kingambit||BlackGlasses|Defiant|KowtowCleave,SuckerPunch,SwordsDance,Protect|Adamant||M|||50|
|j| dyl yeomans
|j| Pd0nZ
|j| templevgc
|j| Idczaq
|c|☆LeunamTG|GLHF!
|j| belgium z
|l| Idczaq
|c|☆DarkJorch|suerte!
|j| jmodri
|j| tryingsomethingnew
|l| jmodri
|j| Vikram chan
|
|t:|1783955140
|teamsize|p1|4
|teamsize|p2|4
|start
|switch|p1a: Annihilape|Annihilape, L50, F|100/100
|switch|p1b: Charizard|Charizard, L50, F|100/100
|switch|p2a: Delphox|Delphox, L50, F|100/100
|switch|p2b: Sneasler|Sneasler, L50, M|100/100
|turn|1
|j| Flarefox
|
|t:|1783955201
|switch|p1b: Incineroar|Incineroar, L50, F|100/100
|-ability|p1b: Incineroar|Intimidate|boost
|-unboost|p2a: Delphox|atk|1
|-unboost|p2b: Sneasler|atk|1
|detailschange|p2a: Delphox|Delphox-Mega, L50, F
|-mega|p2a: Delphox|Delphox|Delphoxite
|move|p1a: Annihilape|Protect|p1a: Annihilape
|-singleturn|p1a: Annihilape|Protect
|move|p2a: Delphox|Psyshock|p1a: Annihilape
|-activate|p1a: Annihilape|move: Protect
|move|p2b: Sneasler|Dire Claw|p1a: Annihilape
|-activate|p1a: Annihilape|move: Protect
|
|upkeep
|turn|2
|l| Flarefox
|
|t:|1783955243
|move|p1b: Incineroar|Fake Out|p2a: Delphox
|-damage|p2a: Delphox|88/100
|cant|p2a: Delphox|flinch
|move|p2b: Sneasler|Close Combat|p1b: Incineroar
|-supereffective|p1b: Incineroar|1
|-damage|p1b: Incineroar|37/100
|-unboost|p2b: Sneasler|def|1
|-unboost|p2b: Sneasler|spd|1
|-enditem|p1b: Incineroar|Sitrus Berry|[eat]
|-heal|p1b: Incineroar|62/100|[from] item: Sitrus Berry
|move|p1a: Annihilape|Phantom Force||[still]
|-prepare|p1a: Annihilape|Phantom Force
|
|upkeep
|turn|3
|l| tryingsomethingnew
|j| pipppo
|
|t:|1783955264
|switch|p2a: Kingambit|Kingambit, L50, M|100/100
|switch|p1b: Charizard|Charizard, L50, F|100/100
|move|p2b: Sneasler|Close Combat|p1b: Charizard
|-resisted|p1b: Charizard|1
|-damage|p1b: Charizard|81/100
|-unboost|p2b: Sneasler|def|1
|-unboost|p2b: Sneasler|spd|1
|move|p1a: Annihilape|Phantom Force|p2b: Sneasler|[from] lockedmove
|-enditem|p2b: Sneasler|Focus Sash
|-damage|p2b: Sneasler|1/100
|
|upkeep
|turn|4
|j| Mogo
|
|t:|1783955327
|switch|p2a: Sinistcha|Sinistcha, L50|100/100
|-heal|p2b: Sneasler|25/100|[from] ability: Hospitality|[of] p2a: Sinistcha
|move|p1b: Charizard|Protect|p1b: Charizard
|-singleturn|p1b: Charizard|Protect
|move|p2b: Sneasler|Rock Tomb|p1b: Charizard
|-activate|p1b: Charizard|move: Protect
|move|p1a: Annihilape|Close Combat|p2a: Sinistcha
|-immune|p2a: Sinistcha
|
|upkeep
|turn|5
|j| Justified Joe
|j| Flarefox
|l| Mogo
|
|t:|1783955361
|switch|p1a: Incineroar|Incineroar, L50, F|62/100
|-ability|p1a: Incineroar|Intimidate|boost
|-unboost|p2a: Sinistcha|atk|1
|-unboost|p2b: Sneasler|atk|1
|detailschange|p1b: Charizard|Charizard-Mega-Y, L50, F
|-mega|p1b: Charizard|Charizard|Charizardite Y
|-weather|SunnyDay|[from] ability: Drought|[of] p1b: Charizard
|move|p2b: Sneasler|Rock Tomb|p1b: Charizard
|-supereffective|p1b: Charizard|2
|-damage|p1b: Charizard|39/100
|-unboost|p1b: Charizard|spe|1
|move|p2a: Sinistcha|Matcha Gotcha|p1b: Charizard|[spread] p1a,p1b
|-resisted|p1a: Incineroar|1
|-resisted|p1b: Charizard|2
|-damage|p1a: Incineroar|52/100
|-damage|p1b: Charizard|34/100
|move|p1b: Charizard|Heat Wave|p2b: Sneasler|[spread] p2a,p2b
|-supereffective|p2a: Sinistcha|1
|-enditem|p2a: Sinistcha|Occa Berry|[eat]
|-enditem|p2a: Sinistcha|Occa Berry|[weaken]
|-damage|p2a: Sinistcha|35/100
|-damage|p2b: Sneasler|0 fnt
|faint|p2b: Sneasler
|
|-weather|SunnyDay|[upkeep]
|upkeep
|j| fangfangfan
|
|t:|1783955382
|switch|p2b: Delphox|Delphox-Mega, L50, F|88/100
|turn|6
|j| xmarsh
|j| SeaWolfMikes
|
|t:|1783955404
|switch|p1b: Venusaur|Venusaur, L50, M|100/100
|move|p2b: Delphox|Protect|p2b: Delphox
|-singleturn|p2b: Delphox|Protect
|move|p2a: Sinistcha|Protect|p2a: Sinistcha
|-singleturn|p2a: Sinistcha|Protect
|move|p1a: Incineroar|Fake Out|p2b: Delphox
|-activate|p2b: Delphox|move: Protect
|
|-weather|SunnyDay|[upkeep]
|upkeep
|turn|7
|j| rkd272
|l| xmarsh
|l| Flarefox
|j| A Regu1ar Guy
|
|t:|1783955534
|move|p2a: Sinistcha|Rage Powder|p2a: Sinistcha
|-singleturn|p2a: Sinistcha|move: Rage Powder
|move|p1b: Venusaur|Sludge Bomb|p2a: Sinistcha
|-damage|p2a: Sinistcha|0 fnt
|faint|p2a: Sinistcha
|-damage|p1b: Venusaur|90/100|[from] item: Life Orb
|move|p2b: Delphox|Nasty Plot|p2b: Delphox
|-boost|p2b: Delphox|spa|2
|move|p1a: Incineroar|Throat Chop|p2b: Delphox
|-supereffective|p2b: Delphox|1
|-damage|p2b: Delphox|10/100
|-start|p2b: Delphox|Throat Chop|[silent]
|
|-weather|SunnyDay|[upkeep]
|upkeep
|
|t:|1783955541
|switch|p2a: Kingambit|Kingambit, L50, M|100/100
|turn|8
|l| A Regu1ar Guy
|
|t:|1783955598
|switch|p1a: Annihilape|Annihilape, L50, F|100/100
|move|p2b: Delphox|Protect|p2b: Delphox
|-singleturn|p2b: Delphox|Protect
|move|p1b: Venusaur|Sludge Bomb|p2b: Delphox
|-activate|p2b: Delphox|move: Protect
|move|p2a: Kingambit|Kowtow Cleave|p1b: Venusaur
|-damage|p1b: Venusaur|13/100
|
|-weather|SunnyDay|[upkeep]
|-end|p2b: Delphox|Throat Chop|[silent]
|upkeep
|turn|9
|l| belgium z
|
|t:|1783955645
|move|p2b: Delphox|Protect||[still]
|-fail|p2b: Delphox
|move|p2a: Kingambit|Protect|p2a: Kingambit
|-singleturn|p2a: Kingambit|Protect
|move|p1b: Venusaur|Sludge Bomb|p2b: Delphox
|-damage|p2b: Delphox|0 fnt
|faint|p2b: Delphox
|-damage|p1b: Venusaur|3/100|[from] item: Life Orb
|move|p1a: Annihilape|Phantom Force||[still]
|-prepare|p1a: Annihilape|Phantom Force
|
|-weather|none
|upkeep
|turn|10
|j| belgium z
|l| fangfangfan
|-message|DarkJorch forfeited.
|
|win|LeunamTG
||DarkJorch is ready for game 2.
|inactive|LeunamTG has 30 seconds to confirm battle start!
|inactive|LeunamTG has 20 seconds to confirm battle start!
|j| Fairtree
|l| Justified Joe
|l| belgium z
|inactive|LeunamTG has 10 seconds to confirm battle start!
|j| belgium z
||LeunamTG is ready for game 2.
|uhtml|next|Next: Game 2 of 3
|j| Justified Joe
|l| Fairtree
|j| A Regu1ar Guy
|l| A Regu1ar Guy
|j| Kurt Zouma's cat
|j| A Regu1ar Guy
|j| Flarefox
|l| A Regu1ar Guy
|l| Vikram chan
|j| Vikram chan
|l| Flarefox
|j| A Regu1ar Guy
|l| SeaWolfMikes
|l| Vikram chan
|j| bad posture
|l| A Regu1ar Guy
|l| rkd272
|l| belgium z
|l| Pd0nZ
|l| Kurt Zouma's cat
|l|☆LeunamTG
|player|p1|
|l| bad posture
|l| pipppo
