|j|☆Jakobtc
|j|☆beastingfeasting7
|html|Jakobtcbeastingfeasting7    
|uhtml|bestof|Game 3 of a best-of-3
|t:|1757132895
|gametype|doubles
|player|p1|Jakobtc|riley|1131
|player|p2|beastingfeasting7|hilbert|1084
|gen|9
|tier|[Gen 9] VGC 2025 Reg H (Bo3)
|rated|
|rule|Species Clause: Limit one of each Pokémon
|rule|Item Clause: Limit 1 of each item
|clearpoke
|poke|p1|Gholdengo, L50|
|poke|p1|Incineroar, L50, M|
|poke|p1|Rillaboom, L50, M|
|poke|p1|Dragonite, L50, F|
|poke|p1|Sneasler, L50, F|
|poke|p1|Electabuzz, L50, M|
|poke|p2|Basculegion, L50, M|
|poke|p2|Archaludon, L50, M|
|poke|p2|Whimsicott, L50, F|
|poke|p2|Annihilape, L50, M|
|poke|p2|Pelipper, L50, F|
|poke|p2|Sinistcha-Masterpiece, L50|
|teampreview|4
|showteam|p1|Gholdengo||LifeOrb|GoodasGold|MakeItRain,ShadowBall,NastyPlot,Protect||||||50|,,,,,Water]Incineroar||SafetyGoggles|Intimidate|FakeOut,FlareBlitz,KnockOff,PartingShot|||M|||50|,,,,,Bug]Rillaboom||AssaultVest|GrassySurge|FakeOut,GrassyGlide,WoodHammer,HighHorsepower|||M|||50|,,,,,Rock]Dragonite||LoadedDice|Multiscale|ScaleShot,TeraBlast,Tailwind,Protect|||F|||50|,,,,,Flying]Sneasler||FocusSash|Unburden|DireClaw,CloseCombat,Taunt,Protect|||F|||50|,,,,,Stellar]Electabuzz||Eviolite|VitalSpirit|FollowMe,Electroweb,VoltSwitch,Protect|||M|||50|,,,,,Fairy
|showteam|p2|Basculegion||ChoiceBand|SwiftSwim|WaveCrash,LastRespects,FlipTurn,AquaJet|||M|||50|,,,,,Water]Archaludon||AssaultVest|Stamina|ElectroShot,DragonPulse,FlashCannon,BodyPress|||M|||50|,,,,,Electric]Whimsicott||CovertCloak|Prankster|Tailwind,Encore,BeatUp,Moonblast|||F|||50|,,,,,Steel]Annihilape||SitrusBerry|Defiant|BulkUp,DrainPunch,RageFist,Protect|||M|||50|,,,,,Fire]Pelipper||LifeOrb|Drizzle|IcyWind,WeatherBall,Hurricane,WideGuard|||F|||50|,,,,,Ghost]Sinistcha-Masterpiece||RockyHelmet|Hospitality|LifeDew,RagePowder,MatchaGotcha,ShadowBall||||||50|,,,,,Dark
|inactive|Battle timer is ON: inactive players will automatically lose when time's up. (requested by beastingfeasting7)
|j| draco misses
|inactive|beastingfeasting7 has 60 seconds left.
|
|t:|1757132935
|teamsize|p1|4
|teamsize|p2|4
|start
|switch|p1a: Gholdengo|Gholdengo, L50|100/100
|switch|p1b: Rillaboom|Rillaboom, L50, M|100/100
|switch|p2a: Pelipper|Pelipper, L50, F|100/100
|switch|p2b: Basculegion|Basculegion, L50, M, shiny|100/100
|-weather|RainDance|[from] ability: Drizzle|[of] p2a: Pelipper
|-fieldstart|move: Grassy Terrain|[from] ability: Grassy Surge|[of] p1b: Rillaboom
|turn|1
|inactive|Jakobtc has 30 seconds left.
|inactive|Jakobtc has 20 seconds left.
|
|t:|1757132974
|-terastallize|p1a: Gholdengo|Water
|move|p2b: Basculegion|Wave Crash|p1a: Gholdengo
|-resisted|p1a: Gholdengo
|-damage|p1a: Gholdengo|26/100
|-damage|p2b: Basculegion|78/100|[from] Recoil
|move|p1a: Gholdengo|Shadow Ball|p2a: Pelipper
|-damage|p2a: Pelipper|12/100
|-damage|p1a: Gholdengo|16/100|[from] item: Life Orb
|move|p2a: Pelipper|Hurricane|p1b: Rillaboom
|-supereffective|p1b: Rillaboom
|-damage|p1b: Rillaboom|24/100
|-damage|p2a: Pelipper|2/100|[from] item: Life Orb
|move|p1b: Rillaboom|Wood Hammer|p2b: Basculegion
|-supereffective|p2b: Basculegion
|-damage|p2b: Basculegion|0 fnt
|faint|p2b: Basculegion
|-damage|p1b: Rillaboom|0 fnt|[from] Recoil
|faint|p1b: Rillaboom
|
|-weather|RainDance|[upkeep]
|-heal|p1a: Gholdengo|22/100|[from] Grassy Terrain
|upkeep
|inactive|Jakobtc has 30 seconds left.
|inactive|beastingfeasting7 has 30 seconds left.
|
|t:|1757133000
|switch|p2b: Whimsicott|Whimsicott, L50, F, shiny|100/100
|switch|p1b: Sneasler|Sneasler, L50, F|100/100
|turn|2
|inactive|beastingfeasting7 has 30 seconds left.
|inactive|Jakobtc has 30 seconds left.
|
|t:|1757133035
|switch|p1a: Electabuzz|Electabuzz, L50, M|100/100
|move|p1b: Sneasler|Dire Claw|p2a: Pelipper
|-damage|p2a: Pelipper|0 fnt
|faint|p2a: Pelipper
|move|p2b: Whimsicott|Moonblast|p1a: Electabuzz
|-damage|p1a: Electabuzz|77/100
|
|-weather|RainDance|[upkeep]
|-heal|p1a: Electabuzz|83/100|[from] Grassy Terrain
|upkeep
|
|t:|1757133045
|switch|p2a: Archaludon|Archaludon, L50, M, shiny|100/100
|turn|3
|inactive|beastingfeasting7 has 30 seconds left.
|
|t:|1757133079
|-terastallize|p2b: Whimsicott|Steel
|move|p1a: Electabuzz|Follow Me|p1a: Electabuzz
|-singleturn|p1a: Electabuzz|move: Follow Me
|move|p1b: Sneasler|Close Combat|p2a: Archaludon
|-supereffective|p2a: Archaludon
|-damage|p2a: Archaludon|19/100
|-unboost|p1b: Sneasler|def|1
|-unboost|p1b: Sneasler|spd|1
|-ability|p2a: Archaludon|Stamina|boost
|-boost|p2a: Archaludon|def|1
|move|p2b: Whimsicott|Moonblast|p1a: Electabuzz
|-damage|p1a: Electabuzz|60/100
|-unboost|p1a: Electabuzz|spa|1
|move|p2a: Archaludon|Electro Shot||[still]
|-prepare|p2a: Archaludon|Electro Shot
|-boost|p2a: Archaludon|spa|1
|-anim|p2a: Archaludon|Electro Shot|p1a: Electabuzz
|-resisted|p1a: Electabuzz
|-damage|p1a: Electabuzz|38/100
|
|-weather|RainDance|[upkeep]
|-heal|p1a: Electabuzz|44/100|[from] Grassy Terrain
|-heal|p2a: Archaludon|25/100|[from] Grassy Terrain
|upkeep
|turn|4
|inactive|beastingfeasting7 has 30 seconds left.
|
|t:|1757133106
|move|p1a: Electabuzz|Follow Me|p1a: Electabuzz
|-singleturn|p1a: Electabuzz|move: Follow Me
|move|p2b: Whimsicott|Tailwind|p2b: Whimsicott
|-sidestart|p2: beastingfeasting7|move: Tailwind
|move|p2a: Archaludon|Electro Shot||[still]
|-prepare|p2a: Archaludon|Electro Shot
|-boost|p2a: Archaludon|spa|1
|-anim|p2a: Archaludon|Electro Shot|p1a: Electabuzz
|-resisted|p1a: Electabuzz
|-damage|p1a: Electabuzz|12/100
|move|p1b: Sneasler|Close Combat|p2a: Archaludon
|-supereffective|p2a: Archaludon
|-damage|p2a: Archaludon|0 fnt
|-unboost|p1b: Sneasler|def|1
|-unboost|p1b: Sneasler|spd|1
|faint|p2a: Archaludon
|
|-weather|RainDance|[upkeep]
|-heal|p1a: Electabuzz|18/100|[from] Grassy Terrain
|upkeep
|turn|5
|
|t:|1757133125
|switch|p1b: Gholdengo|Gholdengo, L50, tera:Water|22/100
|move|p1a: Electabuzz|Follow Me|p1a: Electabuzz
|-singleturn|p1a: Electabuzz|move: Follow Me
|move|p2b: Whimsicott|Moonblast|p1a: Electabuzz
|-damage|p1a: Electabuzz|0 fnt
|faint|p1a: Electabuzz
|
|-weather|none
|-heal|p1b: Gholdengo|28/100|[from] Grassy Terrain
|-fieldend|move: Grassy Terrain
|upkeep
|
|t:|1757133134
|switch|p1a: Sneasler|Sneasler, L50, F|100/100
|turn|6
|
|t:|1757133143
|move|p2b: Whimsicott|Moonblast|p1b: Gholdengo
|-damage|p1b: Gholdengo|0 fnt
|faint|p1b: Gholdengo
|move|p1a: Sneasler|Close Combat|p2b: Whimsicott
|-supereffective|p2b: Whimsicott
|-damage|p2b: Whimsicott|0 fnt
|-unboost|p1a: Sneasler|def|1
|-unboost|p1a: Sneasler|spd|1
|faint|p2b: Whimsicott
|
|win|Jakobtc
|raw|Jakobtc's rating: 1131 → 1153(+22 for winning)
|raw|beastingfeasting7's rating: 1084 → 1064(-20 for losing)
|c|☆beastingfeasting7|gg
|c|☆Jakobtc|gg
