|j|☆GS Barnabe
|j|☆carolchanning
|html|GS Barnabecarolchanning    
|uhtml|bestof|Game 2 of a best-of-3
|t:|1785698339
|gametype|doubles
|player|p1|GS Barnabe|barry|1194
|player|p2|carolchanning|169|1223
|gen|9
|tier|[Gen 9 Champions] VGC 2026 Reg M-B (Bo3)
|rated|
|rule|Species Clause: Limit one of each Pokémon
|rule|Item Clause: Limit 1 of each item
|clearpoke
|poke|p1|Clefable, L50, F|
|poke|p1|Tyranitar, L50, F|
|poke|p1|Garchomp, L50, F|
|poke|p1|Gholdengo, L50|
|poke|p1|Rotom-Wash, L50|
|poke|p1|Aerodactyl, L50, F|
|poke|p2|Sinistcha, L50|
|poke|p2|Floette-Eternal, L50, F|
|poke|p2|Maushold, L50|
|poke|p2|Delphox, L50, M|
|poke|p2|Incineroar, L50, M|
|poke|p2|Kingambit, L50, M|
|teampreview|4
|showteam|p1|Clefable||SitrusBerry|Unaware|Moonblast,HelpingHand,FollowMe,Protect|Bold||F|||50|]Tyranitar||ChoiceScarf|SandStream|RockSlide,KnockOff,IcePunch,Superpower|Jolly||F|||50|]Garchomp||Garchompite|SandVeil|DracoMeteor,EarthPower,PowerGem,Protect|Modest||F|||50|]Gholdengo||LifeOrb|GoodasGold|MakeItRain,ShadowBall,NastyPlot,Protect|Modest|||||50|]Rotom-Wash||Leftovers|Levitate|HydroPump,VoltSwitch,WillOWisp,Protect|Calm|||||50|]Aerodactyl||Aerodactylite|RockHead|RockSlide,DualWingbeat,Tailwind,Protect|Jolly||F|||50|
|showteam|p2|Sinistcha||OccaBerry|Hospitality|MatchaGotcha,RagePowder,TrickRoom,Protect|Bold|||||50|]Floette-Eternal||Floettite|FlowerVeil|Moonblast,DazzlingGleam,CalmMind,Protect|Timid||F|||50|]Maushold||FocusSash|FriendGuard|Feint,HelpingHand,FollowMe,Protect|Impish|||||50|]Delphox||Delphoxite|Blaze|HeatWave,Psyshock,NastyPlot,Protect|Timid||M|||50|]Incineroar||SitrusBerry|Intimidate|FakeOut,FlareBlitz,ThroatChop,PartingShot|Impish||M|||50|]Kingambit||LifeOrb|Defiant|KowtowCleave,SuckerPunch,IronHead,LowKick|Adamant||M|||50|
|inactive|Battle timer is ON: inactive players will automatically lose when time's up. (requested by carolchanning)
|inactive|GS Barnabe has 60 seconds left.
|
|t:|1785698393
|teamsize|p1|4
|teamsize|p2|4
|start
|switch|p1a: Gholdengo|Gholdengo, L50|100/100
|switch|p1b: Tyranitar|Tyranitar, L50, F|100/100
|switch|p2a: Floette|Floette-Eternal, L50, F|100/100
|switch|p2b: Kingambit|Kingambit, L50, M|100/100
|-weather|Sandstorm|[from] ability: Sand Stream|[of] p1b: Tyranitar
|turn|1
|
|t:|1785698412
|switch|p2b: Incineroar|Incineroar, L50, M|100/100
|-ability|p2b: Incineroar|Intimidate|boost
|-unboost|p1a: Gholdengo|atk|1
|-unboost|p1b: Tyranitar|atk|1
|detailschange|p2a: Floette|Floette-Mega, L50, F
|-mega|p2a: Floette|Floette|Floettite
|-ability|p2a: Floette|Fairy Aura
|move|p1b: Tyranitar|Superpower|p2b: Incineroar
|-supereffective|p2b: Incineroar|1
|-damage|p2b: Incineroar|59/100
|-unboost|p1b: Tyranitar|atk|1
|-unboost|p1b: Tyranitar|def|1
|move|p2a: Floette|Calm Mind|p2a: Floette
|-boost|p2a: Floette|spa|1
|-boost|p2a: Floette|spd|1
|move|p1a: Gholdengo|Nasty Plot|p1a: Gholdengo
|-boost|p1a: Gholdengo|spa|2
|
|-weather|Sandstorm|[upkeep]
|-damage|p2a: Floette|94/100|[from] Sandstorm
|-damage|p2b: Incineroar|53/100|[from] Sandstorm
|upkeep
|turn|2
|inactive|GS Barnabe has 30 seconds left.
|inactive|carolchanning has 30 seconds left.
|
|t:|1785698446
|switch|p1b: Rotom|Rotom-Wash, L50|100/100
|move|p2a: Floette|Protect|p2a: Floette
|-singleturn|p2a: Floette|Protect
|move|p1a: Gholdengo|Make It Rain|p2a: Floette|[spread] p2b
|-activate|p2a: Floette|move: Protect
|-resisted|p2b: Incineroar|1
|-damage|p2b: Incineroar|3/100
|-unboost|p1a: Gholdengo|spa|2
|-enditem|p2b: Incineroar|Sitrus Berry|[eat]
|-heal|p2b: Incineroar|27/100|[from] item: Sitrus Berry
|-damage|p1a: Gholdengo|90/100|[from] item: Life Orb
|move|p2b: Incineroar|Throat Chop|p1a: Gholdengo
|-supereffective|p1a: Gholdengo|1
|-damage|p1a: Gholdengo|36/100
|-start|p1a: Gholdengo|Throat Chop|[silent]
|
|-weather|Sandstorm|[upkeep]
|-damage|p2a: Floette|88/100|[from] Sandstorm
|-damage|p1b: Rotom|94/100|[from] Sandstorm
|-damage|p2b: Incineroar|21/100|[from] Sandstorm
|-heal|p1b: Rotom|100/100|[from] item: Leftovers
|upkeep
|turn|3
|inactive|GS Barnabe has 30 seconds left.
|inactive|GS Barnabe has 20 seconds left.
|
|t:|1785698483
|move|p1a: Gholdengo|Protect|p1a: Gholdengo
|-singleturn|p1a: Gholdengo|Protect
|move|p2a: Floette|Dazzling Gleam|p1b: Rotom|[spread] p1b
|-activate|p1a: Gholdengo|move: Protect
|-damage|p1b: Rotom|30/100
|move|p1b: Rotom|Volt Switch|p2a: Floette
|-damage|p2a: Floette|71/100
|
|t:|1785698493
|switch|p1b: Aerodactyl|Aerodactyl, L50, F|100/100|[from] Volt Switch
|move|p2b: Incineroar|Parting Shot|p1b: Aerodactyl
|-unboost|p1b: Aerodactyl|atk|1
|-unboost|p1b: Aerodactyl|spa|1
|
|t:|1785698499
|switch|p2b: Kingambit|Kingambit, L50, M|100/100|[from] Parting Shot
|
|-weather|Sandstorm|[upkeep]
|-damage|p2a: Floette|65/100|[from] Sandstorm
|-end|p1a: Gholdengo|Throat Chop|[silent]
|upkeep
|turn|4
|inactive|GS Barnabe has 30 seconds left.
|
|t:|1785698527
|switch|p1a: Rotom|Rotom-Wash, L50|30/100
|detailschange|p1b: Aerodactyl|Aerodactyl-Mega, L50, F
|-mega|p1b: Aerodactyl|Aerodactyl|Aerodactylite
|move|p2b: Kingambit|Sucker Punch||[still]
|-fail|p2b: Kingambit
|move|p1b: Aerodactyl|Dual Wingbeat|p2a: Floette
|-damage|p2a: Floette|39/100
|-crit|p2a: Floette
|-damage|p2a: Floette|0 fnt
|faint|p2a: Floette
|-hitcount|p2: Floette|2
|
|-weather|Sandstorm|[upkeep]
|-damage|p1a: Rotom|25/100|[from] Sandstorm
|-heal|p1a: Rotom|30/100|[from] item: Leftovers
|upkeep
|
|t:|1785698536
|switch|p2a: Maushold|Maushold, L50|100/100
|turn|5
|
|t:|1785698560
|switch|p1b: Gholdengo|Gholdengo, L50|36/100
|move|p1a: Rotom|Protect|p1a: Rotom
|-singleturn|p1a: Rotom|Protect
|move|p2a: Maushold|Follow Me|p2a: Maushold
|-singleturn|p2a: Maushold|move: Follow Me
|move|p2b: Kingambit|Iron Head|p1b: Gholdengo
|-resisted|p1b: Gholdengo|1
|-damage|p1b: Gholdengo|13/100
|-damage|p2b: Kingambit|90/100|[from] item: Life Orb
|
|-weather|none
|-heal|p1a: Rotom|36/100|[from] item: Leftovers
|upkeep
|turn|6
|inactive|GS Barnabe has 30 seconds left.
|l|☆carolchanning
|inactive|carolchanning disconnected and has a minute to reconnect!
|player|p2|
|
|t:|1785698587
|move|p2a: Maushold|Follow Me|p2a: Maushold
|-singleturn|p2a: Maushold|move: Follow Me
|move|p1a: Rotom|Volt Switch|p2a: Maushold
|-damage|p2a: Maushold|71/100
|
|t:|1785698594
|switch|p1a: Tyranitar|Tyranitar, L50, F|100/100|[from] Volt Switch
|-weather|Sandstorm|[from] ability: Sand Stream|[of] p1a: Tyranitar
|move|p1b: Gholdengo|Make It Rain|p2a: Maushold|[spread] p2b
|-miss|p1b: Gholdengo|p2a: Maushold
|-resisted|p2b: Kingambit|1
|-damage|p2b: Kingambit|67/100
|-unboost|p1b: Gholdengo|spa|2
|-damage|p1b: Gholdengo|3/100|[from] item: Life Orb
|move|p2b: Kingambit|Kowtow Cleave|p1a: Tyranitar
|-resisted|p1a: Tyranitar|1
|-damage|p1a: Tyranitar|68/100
|-damage|p2b: Kingambit|58/100|[from] item: Life Orb
|
|-weather|Sandstorm|[upkeep]
|-damage|p2a: Maushold|65/100|[from] Sandstorm
|upkeep
|turn|7
|inactive|GS Barnabe has 30 seconds left.
|inactive|carolchanning has 30 seconds left.
|inactive|GS Barnabe has 20 seconds left.
|inactive|carolchanning has 20 seconds left.
|inactive|GS Barnabe has 15 seconds left.
|inactive|carolchanning has 15 seconds left.
|inactive|carolchanning has 10 seconds left.
|inactive|carolchanning has 5 seconds left.
|-message|carolchanning lost due to inactivity.
|
|win|GS Barnabe
