|j|☆lucasmalt
|j|☆lettitripppp
|html|lucasmaltlettitripppp    
|uhtml|bestof|Game 2 of a best-of-3
|t:|1785197245
|gametype|doubles
|player|p1|lucasmalt|1|1367
|player|p2|lettitripppp|lucas|1255
|gen|9
|tier|[Gen 9 Champions] VGC 2026 Reg M-B (Bo3)
|rated|
|rule|Species Clause: Limit one of each Pokémon
|rule|Item Clause: Limit 1 of each item
|clearpoke
|poke|p1|Tyranitar, L50, M, shiny|
|poke|p1|Excadrill, L50, M, shiny|
|poke|p1|Gholdengo, L50|
|poke|p1|Sinistcha, L50, shiny|
|poke|p1|Milotic, L50, M, shiny|
|poke|p1|Staraptor, L50, M, shiny|
|poke|p2|Charizard, L50, F|
|poke|p2|Floette-Eternal, L50, F|
|poke|p2|Basculegion, L50, M|
|poke|p2|Whimsicott, L50, M, shiny|
|poke|p2|Garchomp, L50, F|
|poke|p2|Kingambit, L50, F, shiny|
|teampreview|4
|showteam|p1|Tyranitar||Tyranitarite|SandStream|RockSlide,KnockOff,LowKick,Protect|Adamant||M|||50|]Excadrill||FocusSash|SandRush|IronHead,HighHorsepower,RockSlide,Protect|Adamant||M|||50|]Gholdengo||LifeOrb|GoodasGold|ShadowBall,MakeItRain,NastyPlot,Protect|Modest|||||50|]Sinistcha||ColburBerry|Hospitality|MatchaGotcha,RagePowder,TrickRoom,Protect|Bold|||||50|]Milotic||SitrusBerry|Competitive|Scald,IceBeam,Recover,Protect|Modest||M|||50|]Staraptor||Staraptite|Intimidate|BraveBird,CloseCombat,Tailwind,Protect|Jolly||M|||50|
|showteam|p2|Charizard||CharizarditeY|Blaze|AncientPower,WeatherBall,HeatWave,Protect|Modest||F|||50|]Floette-Eternal||Floettite|Symbiosis|DazzlingGleam,LightofRuin,Moonblast,Protect|Timid||F|||50|]Basculegion||LifeOrb|Adaptability|LastRespects,WaveCrash,AquaJet,Protect|Adamant||M|||50|]Whimsicott||FocusSash|Prankster|Moonblast,Tailwind,Encore,Protect|Timid||M|||50|]Garchomp||RoseliBerry|RoughSkin|DragonClaw,Earthquake,PoisonJab,RockSlide|Jolly||F|||50|]Kingambit||OccaBerry|Defiant|KowtowCleave,SuckerPunch,IronHead,Protect|Adamant||F|||50|
|inactive|Battle timer is ON: inactive players will automatically lose when time's up. (requested by lettitripppp)
|
|t:|1785197266
|teamsize|p1|4
|teamsize|p2|4
|start
|switch|p1a: Milotic|Milotic, L50, M, shiny|100/100
|switch|p1b: Excadrill|Excadrill, L50, M, shiny|100/100
|switch|p2a: GHOSTWAVE|Basculegion, L50, M|100/100
|switch|p2b: LETS GO AGAIN|Whimsicott, L50, M, shiny|100/100
|turn|1
|
|t:|1785197276
|move|p1b: Excadrill|Protect|p1b: Excadrill
|-singleturn|p1b: Excadrill|Protect
|move|p2a: GHOSTWAVE|Aqua Jet|p1b: Excadrill
|-activate|p1b: Excadrill|move: Protect
|move|p2b: LETS GO AGAIN|Moonblast|p1b: Excadrill
|-activate|p1b: Excadrill|move: Protect
|move|p1a: Milotic|Ice Beam|p2b: LETS GO AGAIN
|-supereffective|p2b: LETS GO AGAIN|1
|-damage|p2b: LETS GO AGAIN|21/100
|
|upkeep
|turn|2
|
|t:|1785197291
|switch|p1b: Staraptor|Staraptor, L50, M, shiny|100/100
|-ability|p1b: Staraptor|Intimidate|boost
|-unboost|p2a: GHOSTWAVE|atk|1
|-unboost|p2b: LETS GO AGAIN|atk|1
|move|p2a: GHOSTWAVE|Protect|p2a: GHOSTWAVE
|-singleturn|p2a: GHOSTWAVE|Protect
|move|p2b: LETS GO AGAIN|Tailwind|p2b: LETS GO AGAIN
|-sidestart|p2: lettitripppp|move: Tailwind
|move|p1a: Milotic|Ice Beam|p2b: LETS GO AGAIN
|-supereffective|p2b: LETS GO AGAIN|1
|-damage|p2b: LETS GO AGAIN|0 fnt
|faint|p2b: LETS GO AGAIN
|
|upkeep
|
|t:|1785197300
|switch|p2b: RUINOUS LIGHT|Floette-Eternal, L50, F|100/100
|turn|3
|
|t:|1785197313
|switch|p2a: CRUSH SHARK|Garchomp, L50, F|100/100
|detailschange|p2b: RUINOUS LIGHT|Floette-Mega, L50, F
|-mega|p2b: RUINOUS LIGHT|Floette|Floettite
|-ability|p2b: RUINOUS LIGHT|Fairy Aura
|move|p2b: RUINOUS LIGHT|Moonblast|p1b: Staraptor
|-damage|p1b: Staraptor|0 fnt
|faint|p1b: Staraptor
|move|p1a: Milotic|Scald|p2a: CRUSH SHARK
|-damage|p2a: CRUSH SHARK|60/100
|-status|p2a: CRUSH SHARK|brn
|
|-damage|p2a: CRUSH SHARK|54/100 brn|[from] brn
|upkeep
|inactive|lucasmalt has 30 seconds left.
|
|t:|1785197343
|switch|p1b: Excadrill|Excadrill, L50, M, shiny|100/100
|turn|4
|
|t:|1785197348
|move|p1b: Excadrill|Protect|p1b: Excadrill
|-singleturn|p1b: Excadrill|Protect
|move|p2a: CRUSH SHARK|Earthquake|p1b: Excadrill|[spread] p2b,p1a
|-activate|p1b: Excadrill|move: Protect
|-damage|p2b: RUINOUS LIGHT|74/100
|-damage|p1a: Milotic|82/100
|move|p2b: RUINOUS LIGHT|Moonblast|p1b: Excadrill
|-activate|p1b: Excadrill|move: Protect
|move|p1a: Milotic|Ice Beam|p2a: CRUSH SHARK
|-supereffective|p2a: CRUSH SHARK|2
|-crit|p2a: CRUSH SHARK
|-damage|p2a: CRUSH SHARK|0 fnt
|faint|p2a: CRUSH SHARK
|
|upkeep
|
|t:|1785197350
|switch|p2a: GHOSTWAVE|Basculegion, L50, M|100/100
|turn|5
|
|t:|1785197362
|switch|p1b: Tyranitar|Tyranitar, L50, M, shiny|100/100
|-weather|Sandstorm|[from] ability: Sand Stream|[of] p1b: Tyranitar
|move|p2a: GHOSTWAVE|Aqua Jet|p1b: Tyranitar
|-supereffective|p1b: Tyranitar|1
|-damage|p1b: Tyranitar|43/100
|-damage|p2a: GHOSTWAVE|90/100|[from] item: Life Orb
|move|p2b: RUINOUS LIGHT|Moonblast|p1b: Tyranitar
|-supereffective|p1b: Tyranitar|1
|-crit|p1b: Tyranitar
|-damage|p1b: Tyranitar|0 fnt
|faint|p1b: Tyranitar
|move|p1a: Milotic|Scald|p2a: GHOSTWAVE
|-resisted|p2a: GHOSTWAVE|1
|-damage|p2a: GHOSTWAVE|73/100
|
|-weather|Sandstorm|[upkeep]
|-damage|p2b: RUINOUS LIGHT|68/100|[from] Sandstorm
|-damage|p2a: GHOSTWAVE|67/100|[from] Sandstorm
|-damage|p1a: Milotic|76/100|[from] Sandstorm
|-sideend|p2: lettitripppp|move: Tailwind
|upkeep
|
|t:|1785197370
|switch|p1b: Excadrill|Excadrill, L50, M, shiny|100/100
|turn|6
|
|t:|1785197380
|move|p2b: RUINOUS LIGHT|Protect|p2b: RUINOUS LIGHT
|-singleturn|p2b: RUINOUS LIGHT|Protect
|move|p1b: Excadrill|High Horsepower|p2a: GHOSTWAVE
|-damage|p2a: GHOSTWAVE|8/100
|move|p2a: GHOSTWAVE|Last Respects|p1a: Milotic
|-crit|p1a: Milotic
|-damage|p1a: Milotic|0 fnt
|faint|p1a: Milotic
|-damage|p2a: GHOSTWAVE|0 fnt|[from] item: Life Orb
|faint|p2a: GHOSTWAVE
|
|-weather|Sandstorm|[upkeep]
|-damage|p2b: RUINOUS LIGHT|62/100|[from] Sandstorm
|upkeep
|turn|7
|
|t:|1785197391
|move|p1b: Excadrill|Iron Head|p2b: RUINOUS LIGHT
|-supereffective|p2b: RUINOUS LIGHT|1
|-damage|p2b: RUINOUS LIGHT|0 fnt
|faint|p2b: RUINOUS LIGHT
|
|win|lucasmalt
||lettitripppp is ready for game 3.
||lucasmalt is ready for game 3.
|uhtml|next|Next: Game 3 of 3
|l|☆lettitripppp
|player|p2|
