|j|☆humanbacon
|j|☆ultraclaw1
|html|humanbaconultraclaw1    
|uhtml|bestof|Game 3 of a best-of-3
|t:|1783944312
|gametype|doubles
|player|p1|humanbacon|acetrainer|1106
|player|p2|ultraclaw1|brycenman|1354
|gen|9
|tier|[Gen 9 Champions] VGC 2026 Reg M-B (Bo3)
|rated|
|rule|Species Clause: Limit one of each Pokémon
|rule|Item Clause: Limit 1 of each item
|clearpoke
|poke|p1|Raichu, L50, M|
|poke|p1|Venusaur, L50, M|
|poke|p1|Milotic, L50, F|
|poke|p1|Ninetales-Alola, L50, F|
|poke|p1|Garchomp, L50, M|
|poke|p1|Incineroar, L50, M|
|poke|p2|Maushold, L50|
|poke|p2|Kingambit, L50, M|
|poke|p2|Garchomp, L50, M|
|poke|p2|Basculegion, L50, M|
|poke|p2|Talonflame, L50, F|
|poke|p2|Floette-Eternal, L50, F|
|teampreview|4
|showteam|p1|Raichu||RaichuniteY|LightningRod|ZapCannon,FocusBlast,FakeOut,Protect|Timid||M|||50|]Venusaur||Venusaurite|Chlorophyll|EnergyBall,SludgeBomb,LeechSeed,Protect|Modest||M|||50|]Milotic||Leftovers|Competitive|Scald,IcyWind,LifeDew,Protect|Modest||F|||50|]Ninetales-Alola||FocusSash|SnowWarning|FreezeDry,IcyWind,Moonblast,Protect|Timid||F|||50|]Garchomp||LifeOrb|RoughSkin|DragonClaw,StompingTantrum,RockTomb,Protect|Adamant||M|||50|]Incineroar||SitrusBerry|Intimidate|FakeOut,ThroatChop,PartingShot,FlareBlitz|Adamant||M|||50|
|showteam|p2|Maushold||FocusSash|FriendGuard|SuperFang,Feint,FollowMe,Protect|Timid|||||50|]Kingambit||ChopleBerry|Defiant|KowtowCleave,SuckerPunch,LowKick,IronHead|Adamant||M|||50|]Garchomp||LifeOrb|RoughSkin|RockSlide,Earthquake,DragonClaw,Protect|Jolly||M|||50|]Basculegion||MysticWater|Adaptability|WaveCrash,LastRespects,AquaJet,Protect|Adamant||M|||50|]Talonflame||SharpBeak|GaleWings|QuickGuard,DualWingbeat,Tailwind,Protect|Jolly||F|||50|]Floette-Eternal||Floettite|FlowerVeil|LightofRuin,Protect,Moonblast,DazzlingGleam|Modest||F|||50|
|inactive|Battle timer is ON: inactive players will automatically lose when time's up. (requested by ultraclaw1)
|
|t:|1783944331
|teamsize|p1|4
|teamsize|p2|4
|start
|switch|p1a: Raichu|Raichu, L50, M|100/100
|switch|p1b: Ninetales|Ninetales-Alola, L50, F|100/100
|switch|p2a: Floette|Floette-Eternal, L50, F|100/100
|switch|p2b: Talonflame|Talonflame, L50, F|100/100
|-weather|Snowscape|[from] ability: Snow Warning|[of] p1b: Ninetales
|turn|1
|
|t:|1783944340
|detailschange|p1a: Raichu|Raichu-Mega-Y, L50, M
|-mega|p1a: Raichu|Raichu|Raichunite Y
|move|p2b: Talonflame|Protect|p2b: Talonflame
|-singleturn|p2b: Talonflame|Protect
|move|p2a: Floette|Protect|p2a: Floette
|-singleturn|p2a: Floette|Protect
|move|p1a: Raichu|Fake Out|p2b: Talonflame
|-activate|p2b: Talonflame|move: Protect
|move|p1b: Ninetales|Icy Wind|p2a: Floette|[spread] 
|-activate|p2a: Floette|move: Protect
|-activate|p2b: Talonflame|move: Protect
|
|-weather|Snowscape|[upkeep]
|upkeep
|turn|2
|
|t:|1783944353
|detailschange|p2a: Floette|Floette-Mega, L50, F
|-mega|p2a: Floette|Floette|Floettite
|-ability|p2a: Floette|Fairy Aura
|move|p1a: Raichu|Protect|p1a: Raichu
|-singleturn|p1a: Raichu|Protect
|move|p2b: Talonflame|Tailwind|p2b: Talonflame
|-sidestart|p2: ultraclaw1|move: Tailwind
|move|p2a: Floette|Dazzling Gleam|p1a: Raichu|[spread] p1b
|-activate|p1a: Raichu|move: Protect
|-damage|p1b: Ninetales|32/100
|move|p1b: Ninetales|Icy Wind|p2a: Floette|[spread] p2a,p2b
|-damage|p2a: Floette|84/100
|-damage|p2b: Talonflame|76/100
|-unboost|p2a: Floette|spe|1
|-unboost|p2b: Talonflame|spe|1
|
|-weather|Snowscape|[upkeep]
|upkeep
|turn|3
|
|t:|1783944364
|switch|p1a: Incineroar|Incineroar, L50, M|100/100
|-ability|p1a: Incineroar|Intimidate|boost
|-unboost|p2a: Floette|atk|1
|-unboost|p2b: Talonflame|atk|1
|move|p1b: Ninetales|Protect|p1b: Ninetales
|-singleturn|p1b: Ninetales|Protect
|move|p2b: Talonflame|Dual Wingbeat|p1b: Ninetales
|-activate|p1b: Ninetales|move: Protect
|move|p2a: Floette|Moonblast|p1a: Incineroar
|-damage|p1a: Incineroar|21/100
|-enditem|p1a: Incineroar|Sitrus Berry|[eat]
|-heal|p1a: Incineroar|46/100|[from] item: Sitrus Berry
|
|-weather|Snowscape|[upkeep]
|upkeep
|turn|4
|
|t:|1783944383
|switch|p1b: Venusaur|Venusaur, L50, M|100/100
|switch|p1a: Raichu|Raichu-Mega-Y, L50, M|100/100
|move|p2b: Talonflame|Quick Guard|p2b: Talonflame
|-singleturn|p2b: Talonflame|Quick Guard
|move|p2a: Floette|Dazzling Gleam|p1b: Venusaur|[spread] p1a,p1b
|-resisted|p1b: Venusaur|1
|-damage|p1a: Raichu|34/100
|-damage|p1b: Venusaur|76/100
|
|-weather|Snowscape|[upkeep]
|upkeep
|turn|5
|
|t:|1783944402
|switch|p2a: Kingambit|Kingambit, L50, M|100/100
|move|p1a: Raichu|Fake Out|p2b: Talonflame
|-crit|p2b: Talonflame
|-damage|p2b: Talonflame|58/100
|cant|p2b: Talonflame|flinch
|move|p1b: Venusaur|Leech Seed|p2a: Kingambit
|-start|p2a: Kingambit|move: Leech Seed
|
|-weather|none
|-damage|p2a: Kingambit|87/100|[from] Leech Seed|[of] p1b: Venusaur
|-heal|p1b: Venusaur|90/100|[silent]
|-sideend|p2: ultraclaw1|move: Tailwind
|upkeep
|turn|6
|
|t:|1783944429
|switch|p1a: Ninetales|Ninetales-Alola, L50, F|32/100
|-weather|Snowscape|[from] ability: Snow Warning|[of] p1a: Ninetales
|move|p2a: Kingambit|Sucker Punch||[still]
|-fail|p2a: Kingambit
|move|p2b: Talonflame|Tailwind|p2b: Talonflame
|-sidestart|p2: ultraclaw1|move: Tailwind
|move|p1b: Venusaur|Sludge Bomb|p2b: Talonflame
|-damage|p2b: Talonflame|0 fnt
|faint|p2b: Talonflame
|
|-weather|Snowscape|[upkeep]
|-damage|p2a: Kingambit|75/100|[from] Leech Seed|[of] p1b: Venusaur
|-heal|p1b: Venusaur|100/100|[silent]
|upkeep
|
|t:|1783944436
|switch|p2b: Floette|Floette-Mega, L50, F|84/100
|-ability|p2b: Floette|Fairy Aura
|turn|7
|
|t:|1783944445
|move|p1a: Ninetales|Protect|p1a: Ninetales
|-singleturn|p1a: Ninetales|Protect
|move|p2b: Floette|Dazzling Gleam|p1a: Ninetales|[spread] p1b
|-activate|p1a: Ninetales|move: Protect
|-resisted|p1b: Venusaur|1
|-damage|p1b: Venusaur|74/100
|move|p2a: Kingambit|Kowtow Cleave|p1b: Venusaur
|-damage|p1b: Venusaur|13/100
|move|p1b: Venusaur|Leech Seed|p2b: Floette|[miss]
|-miss|p1b: Venusaur|p2b: Floette
|
|-weather|Snowscape|[upkeep]
|-damage|p2a: Kingambit|62/100|[from] Leech Seed|[of] p1b: Venusaur
|-heal|p1b: Venusaur|27/100|[silent]
|upkeep
|turn|8
|-message|humanbacon forfeited.
|raw|humanbacon's rating: 1106 → 1096(-10 for losing)
|raw|ultraclaw1's rating: 1354 → 1362(+8 for winning)
|
|win|ultraclaw1
|l|☆humanbacon
|player|p1|
