|j|☆heitorf
|j|☆Oscarm92
|html|heitorfOscarm92    
|uhtml|bestof|Game 3 of a best-of-3
|t:|1783563496
|gametype|doubles
|player|p1|heitorf|2|
|player|p2|Oscarm92|101|
|gen|9
|tier|[Gen 9 Champions] VGC 2026 Reg M-B (Bo3)
|rule|Species Clause: Limit one of each Pokémon
|rule|Item Clause: Limit 1 of each item
|clearpoke
|poke|p1|Mawile, L50, M|
|poke|p1|Incineroar, L50, F|
|poke|p1|Dragalge, L50, F|
|poke|p1|Farigiraf, L50, M|
|poke|p1|Pelipper, L50, M|
|poke|p1|Hydrapple, L50, F|
|poke|p2|Charizard, L50, F, shiny|
|poke|p2|Aerodactyl, L50, M|
|poke|p2|Garchomp, L50, F, shiny|
|poke|p2|Kingambit, L50, F|
|poke|p2|Sylveon, L50, M|
|poke|p2|Farigiraf, L50, M|
|teampreview|4
|showteam|p1|Mawile||Mawilite|HyperCutter|IronHead,Protect,PlayRough,SuckerPunch|Brave||M|||50|]Incineroar||SitrusBerry|Intimidate|FakeOut,PartingShot,DarkestLariat,FlareBlitz|Adamant||F|||50|]Dragalge||Dragalgite|PoisonTouch|SludgeBomb,Thunder,Protect,DragonPulse|Modest||F|||50|]Farigiraf||ColburBerry|ArmorTail|Psychic,HelpingHand,Protect,TrickRoom|Sassy||M|||50|]Pelipper||FocusSash|Drizzle|Protect,WeatherBall,Hurricane,WideGuard|Timid||M|||50|]Hydrapple||LifeOrb|SupersweetSyrup|FickleBeam,GigaDrain,HydroPump,Protect|Quiet||F|||50|
|showteam|p2|Charizard||CharizarditeY|Blaze|HeatWave,WeatherBall,SolarBeam,Protect|Modest||F|||50|]Aerodactyl||Aerodactylite|Unnerve|IceFang,RockSlide,Tailwind,DualWingbeat|Jolly||M|||50|]Garchomp||LifeOrb|RoughSkin|DragonClaw,StompingTantrum,Earthquake,Protect|Jolly||F|||50|]Kingambit||FocusSash|Defiant|SuckerPunch,KowtowCleave,IronHead,LowKick|Adamant||F|||50|]Sylveon||FairyFeather|Pixilate|QuickAttack,HyperVoice,HyperBeam,Protect|Modest||M|||50|]Farigiraf||SitrusBerry|ArmorTail|TrickRoom,Thunderbolt,GrassKnot,TwinBeam|Bold||M|||50|
|inactive|Battle timer is ON: inactive players will automatically lose when time's up. (requested by heitorf)
|
|t:|1783563514
|teamsize|p1|4
|teamsize|p2|4
|start
|switch|p1a: Mawile|Mawile, L50, M|100/100
|switch|p1b: Incineroar|Incineroar, L50, F|100/100
|switch|p2a: Charizard|Charizard, L50, F, shiny|100/100
|switch|p2b: Kingambit|Kingambit, L50, F|100/100
|-ability|p1b: Incineroar|Intimidate|boost
|-unboost|p2a: Charizard|atk|1
|-unboost|p2b: Kingambit|atk|1
|-ability|p2b: Kingambit|Defiant|boost
|-boost|p2b: Kingambit|atk|2
|turn|1
|inactive|heitorf has 30 seconds left.
|inactive|Oscarm92 has 30 seconds left.
|
|t:|1783563543
|switch|p2a: Farigiraf|Farigiraf, L50, M|100/100
|detailschange|p1a: Mawile|Mawile-Mega, L50, M
|-mega|p1a: Mawile|Mawile|Mawilite
|move|p1a: Mawile|Protect|p1a: Mawile
|-singleturn|p1a: Mawile|Protect
|move|p1b: Incineroar|Fake Out||[still]
|cant|p2a: Farigiraf|ability: Armor Tail|Fake Out|[of] p1b: Incineroar
|move|p2b: Kingambit|Low Kick|p1b: Incineroar
|-supereffective|p1b: Incineroar|1
|-damage|p1b: Incineroar|14/100
|-enditem|p1b: Incineroar|Sitrus Berry|[eat]
|-heal|p1b: Incineroar|39/100|[from] item: Sitrus Berry
|
|upkeep
|turn|2
|inactive|heitorf has 30 seconds left.
|inactive|Oscarm92 has 30 seconds left.
|inactive|Oscarm92 has 20 seconds left.
|
|t:|1783563579
|switch|p2b: Charizard|Charizard, L50, F, shiny|100/100
|switch|p1b: Hydrapple|Hydrapple, L50, F|100/100
|-ability|p1b: Hydrapple|Supersweet Syrup
|-unboost|p2a: Farigiraf|evasion|1
|-unboost|p2b: Charizard|evasion|1
|move|p2a: Farigiraf|Thunderbolt|p1b: Hydrapple
|-resisted|p1b: Hydrapple|2
|-damage|p1b: Hydrapple|94/100
|move|p1a: Mawile|Play Rough|p2b: Charizard
|-resisted|p2b: Charizard|1
|-damage|p2b: Charizard|57/100
|
|upkeep
|turn|3
|inactive|heitorf has 30 seconds left.
|inactive|Oscarm92 has 30 seconds left.
|inactive|Oscarm92 has 20 seconds left.
|inactive|Oscarm92 has 15 seconds left.
|inactive|Oscarm92 has 10 seconds left.
|
|t:|1783563626
|move|p1a: Mawile|Protect|p1a: Mawile
|-singleturn|p1a: Mawile|Protect
|move|p2b: Charizard|Heat Wave|p1a: Mawile|[spread] 
|-activate|p1a: Mawile|move: Protect
|-miss|p2b: Charizard|p1b: Hydrapple
|move|p2a: Farigiraf|Thunderbolt|p1b: Hydrapple
|-resisted|p1b: Hydrapple|2
|-damage|p1b: Hydrapple|89/100
|move|p1b: Hydrapple|Fickle Beam|p2b: Charizard|[anim] Fickle Beam All Out
|-activate|p1b: Hydrapple|move: Fickle Beam
|-damage|p2b: Charizard|0 fnt
|faint|p2b: Charizard
|-damage|p1b: Hydrapple|79/100|[from] item: Life Orb
|
|upkeep
|
|t:|1783563636
|switch|p2b: Sylveon|Sylveon, L50, M|100/100
|turn|4
|inactive|Oscarm92 has 30 seconds left.
|
|t:|1783563666
|move|p2b: Sylveon|Protect|p2b: Sylveon
|-singleturn|p2b: Sylveon|Protect
|move|p2a: Farigiraf|Thunderbolt|p1b: Hydrapple
|-resisted|p1b: Hydrapple|2
|-damage|p1b: Hydrapple|74/100
|move|p1a: Mawile|Iron Head|p2b: Sylveon
|-activate|p2b: Sylveon|move: Protect
|move|p1b: Hydrapple|Giga Drain|p2a: Farigiraf
|-damage|p2a: Farigiraf|50/100g
|-heal|p1b: Hydrapple|100/100|[from] drain|[of] p2a: Farigiraf
|-damage|p1b: Hydrapple|90/100|[from] item: Life Orb
|
|upkeep
|turn|5
|
|t:|1783563687
|switch|p2b: Kingambit|Kingambit, L50, F|100/100
|move|p2a: Farigiraf|Twin Beam|p1b: Hydrapple
|-damage|p1b: Hydrapple|76/100
|-damage|p1b: Hydrapple|63/100
|-hitcount|p1b: Hydrapple|2
|move|p1a: Mawile|Iron Head|p2b: Kingambit
|-resisted|p2b: Kingambit|1
|-damage|p2b: Kingambit|68/100
|move|p1b: Hydrapple|Giga Drain|p2a: Farigiraf
|-damage|p2a: Farigiraf|0 fnt
|-heal|p1b: Hydrapple|94/100|[from] drain|[of] p2a: Farigiraf
|faint|p2a: Farigiraf
|-damage|p1b: Hydrapple|84/100|[from] item: Life Orb
|
|upkeep
|
|t:|1783563692
|switch|p2a: Sylveon|Sylveon, L50, M|100/100
|turn|6
|
|t:|1783563712
|move|p2b: Kingambit|Iron Head|p1a: Mawile
|-damage|p1a: Mawile|49/100
|move|p2a: Sylveon|Hyper Voice|p1b: Hydrapple|[spread] p1a,p1b
|-resisted|p1a: Mawile|1
|-supereffective|p1b: Hydrapple|1
|-damage|p1a: Mawile|22/100
|-damage|p1b: Hydrapple|0 fnt
|faint|p1b: Hydrapple
|move|p1a: Mawile|Iron Head|p2a: Sylveon
|-supereffective|p2a: Sylveon|1
|-damage|p2a: Sylveon|0 fnt
|faint|p2a: Sylveon
|
|upkeep
|
|t:|1783563722
|switch|p1b: Pelipper|Pelipper, L50, M|100/100
|-weather|RainDance|[from] ability: Drizzle|[of] p1b: Pelipper
|turn|7
|
|t:|1783563734
|move|p2b: Kingambit|Sucker Punch|p1a: Mawile
|-resisted|p1a: Mawile|1
|-damage|p1a: Mawile|0 fnt
|faint|p1a: Mawile
|move|p1b: Pelipper|Weather Ball|p2b: Kingambit
|-damage|p2b: Kingambit|0 fnt
|faint|p2b: Kingambit
|
|win|heitorf
|l|☆Oscarm92
|player|p2|
