|j|☆koihoiboi
|j|☆168wgr
|html|koihoiboi168wgr    
|uhtml|bestof|Game 1 of a best-of-3
|t:|1756982026
|gametype|doubles
|player|p1|koihoiboi|n|1071
|player|p2|168wgr|linebacker|1000
|gen|9
|tier|[Gen 9] VGC 2025 Reg H (Bo3)
|rated|
|rule|Species Clause: Limit one of each Pokémon
|rule|Item Clause: Limit 1 of each item
|clearpoke
|poke|p1|Decidueye-Hisui, L50, F|
|poke|p1|Dragonite, L50, M|
|poke|p1|Primarina, L50, M|
|poke|p1|Incineroar, L50, M|
|poke|p1|Farigiraf, L50, M|
|poke|p1|Sneasler, L50, M|
|poke|p2|Sneasler, L50, M|
|poke|p2|Rillaboom, L50, F|
|poke|p2|Magmar, L50, F|
|poke|p2|Espathra, L50, M|
|poke|p2|Kingambit, L50, F|
|poke|p2|Arcanine-Hisui, L50, M|
|teampreview|4
|showteam|p1|Decidueye-Hisui||RazorClaw|Scrappy|TripleArrows,LeafBlade,SuckerPunch,Protect|||F|||50|,,,,,Water]Dragonite||LoadedDice|Multiscale|ScaleShot,DragonCheer,Tailwind,ExtremeSpeed|||M|||50|,,,,,Steel]Primarina||ThroatSpray|LiquidVoice|HyperVoice,Moonblast,Protect,TeraBlast|||M|||50|,,,,,Poison]Incineroar||SafetyGoggles|Intimidate|FakeOut,FlareBlitz,Taunt,PartingShot|||M|||50|,,,,,Ghost]Farigiraf||MentalHerb|ArmorTail|TrickRoom,HelpingHand,HyperVoice,Protect|||M|||50|,,,,,Fairy]Sneasler||FocusSash|Unburden|ThroatChop,DireClaw,Protect,CloseCombat|||M|||50|,,,,,Stellar
|showteam|p2|Sneasler||FocusSash|Unburden|FakeOut,CloseCombat,DireClaw,Coaching|||M|||50|,,,,,Ghost]Rillaboom||AssaultVest|GrassySurge|FakeOut,WoodHammer,GrassyGlide,HighHorsepower|||F|||50|,,,,,Fire]Magmar||Eviolite|VitalSpirit|Protect,HeatWave,Taunt,FollowMe|||F|||50|,,,,,Dragon]Espathra||GrassySeed|SpeedBoost|Protect,StoredPower,TeraBlast,CalmMind|||M|||50|,,,,,Fighting]Kingambit||SafetyGoggles|Defiant|Protect,KowtowCleave,SuckerPunch,SwordsDance|||F|||50|,,,,,Dark]Arcanine-Hisui||LoadedDice|Intimidate|Protect,FlareBlitz,RockBlast,ExtremeSpeed|||M|||50|,,,,,Ghost
|inactive|Battle timer is ON: inactive players will automatically lose when time's up. (requested by koihoiboi)
|inactive|koihoiboi has 60 seconds left.
|inactive|168wgr has 60 seconds left.
|c|☆koihoiboi|gl hf
|
|t:|1756982080
|teamsize|p1|4
|teamsize|p2|4
|start
|switch|p1a: Farigiraf|Farigiraf, L50, M|100/100
|switch|p1b: Primarina|Primarina, L50, M|100/100
|switch|p2a: Magmar|Magmar, L50, F|100/100
|switch|p2b: Espathra|Espathra, L50, M|100/100
|turn|1
|c|☆168wgr|glhf!
|inactive|168wgr has 30 seconds left.
|
|t:|1756982108
|move|p2a: Magmar|Taunt|p1a: Farigiraf
|-start|p1a: Farigiraf|move: Taunt
|-enditem|p1a: Farigiraf|Mental Herb
|-end|p1a: Farigiraf|move: Taunt
|move|p2b: Espathra|Calm Mind|p2b: Espathra
|-boost|p2b: Espathra|spa|1
|-boost|p2b: Espathra|spd|1
|move|p1b: Primarina|Hyper Voice|p2a: Magmar|[spread] p2a,p2b
|-supereffective|p2a: Magmar
|-damage|p2a: Magmar|38/100
|-damage|p2b: Espathra|66/100
|-enditem|p1b: Primarina|Throat Spray
|-boost|p1b: Primarina|spa|1|[from] item: Throat Spray
|move|p1a: Farigiraf|Trick Room|p1a: Farigiraf
|-fieldstart|move: Trick Room|[of] p1a: Farigiraf
|
|-ability|p2b: Espathra|Speed Boost|boost
|-boost|p2b: Espathra|spe|1
|upkeep
|turn|2
|inactive|168wgr has 30 seconds left.
|
|t:|1756982140
|switch|p2a: Rillaboom|Rillaboom, L50, F|100/100
|-fieldstart|move: Grassy Terrain|[from] ability: Grassy Surge|[of] p2a: Rillaboom
|-enditem|p2b: Espathra|Grassy Seed
|-boost|p2b: Espathra|def|1|[from] item: Grassy Seed
|move|p2b: Espathra|Protect|p2b: Espathra
|-singleturn|p2b: Espathra|Protect
|move|p1a: Farigiraf|Hyper Voice|p2a: Rillaboom|[spread] p2a
|-activate|p2b: Espathra|move: Protect
|-damage|p2a: Rillaboom|81/100
|move|p1b: Primarina|Hyper Voice|p2a: Rillaboom|[spread] p2a
|-activate|p2b: Espathra|move: Protect
|-resisted|p2a: Rillaboom
|-damage|p2a: Rillaboom|59/100
|
|-heal|p2a: Rillaboom|65/100|[from] Grassy Terrain
|-heal|p2b: Espathra|72/100|[from] Grassy Terrain
|-ability|p2b: Espathra|Speed Boost|boost
|-boost|p2b: Espathra|spe|1
|upkeep
|turn|3
|inactive|koihoiboi has 30 seconds left.
|inactive|168wgr has 30 seconds left.
|
|t:|1756982171
|-terastallize|p1b: Primarina|Poison
|move|p1a: Farigiraf|Hyper Voice|p2a: Rillaboom|[spread] p2a,p2b
|-damage|p2a: Rillaboom|43/100
|-damage|p2b: Espathra|50/100
|move|p1b: Primarina|Tera Blast|p2a: Rillaboom|[anim] Tera Blast Poison
|-supereffective|p2a: Rillaboom
|-damage|p2a: Rillaboom|0 fnt
|faint|p2a: Rillaboom
|move|p2b: Espathra|Stored Power|p1b: Primarina
|-supereffective|p1b: Primarina
|-damage|p1b: Primarina|0 fnt
|faint|p1b: Primarina
|
|-heal|p2b: Espathra|55/100|[from] Grassy Terrain
|-ability|p2b: Espathra|Speed Boost|boost
|-boost|p2b: Espathra|spe|1
|upkeep
|
|t:|1756982187
|switch|p1b: Decidueye|Decidueye-Hisui, L50, F|100/100
|switch|p2a: Magmar|Magmar, L50, F|38/100
|turn|4
|
|t:|1756982206
|move|p2a: Magmar|Follow Me|p2a: Magmar
|-singleturn|p2a: Magmar|move: Follow Me
|move|p1a: Farigiraf|Hyper Voice|p2b: Espathra|[spread] p2a,p2b
|-damage|p2a: Magmar|19/100
|-damage|p2b: Espathra|33/100
|move|p1b: Decidueye|Triple Arrows|p2a: Magmar
|-damage|p2a: Magmar|0 fnt
|faint|p2a: Magmar
|move|p2b: Espathra|Stored Power|p1b: Decidueye
|-supereffective|p1b: Decidueye
|-damage|p1b: Decidueye|0 fnt
|faint|p1b: Decidueye
|
|-heal|p2b: Espathra|39/100|[from] Grassy Terrain
|-ability|p2b: Espathra|Speed Boost|boost
|-boost|p2b: Espathra|spe|1
|upkeep
|
|t:|1756982220
|switch|p1b: Sneasler|Sneasler, L50, M|100/100
|switch|p2a: Sneasler|Sneasler, L50, M|100/100
|turn|5
|
|t:|1756982241
|-terastallize|p2a: Sneasler|Ghost
|move|p2b: Espathra|Protect|p2b: Espathra
|-singleturn|p2b: Espathra|Protect
|move|p1a: Farigiraf|Hyper Voice|p2b: Espathra|[spread] 
|-activate|p2b: Espathra|move: Protect
|-immune|p2a: Sneasler
|move|p1b: Sneasler|Throat Chop|p2b: Espathra
|-activate|p2b: Espathra|move: Protect
|move|p2a: Sneasler|Dire Claw|p1b: Sneasler
|-resisted|p1b: Sneasler
|-damage|p1b: Sneasler|61/100
|
|-heal|p1b: Sneasler|67/100|[from] Grassy Terrain
|-heal|p2b: Espathra|45/100|[from] Grassy Terrain
|-fieldend|move: Trick Room
|-ability|p2b: Espathra|Speed Boost|boost
|-boost|p2b: Espathra|spe|1
|upkeep
|turn|6
|inactive|168wgr has 30 seconds left.
|
|t:|1756982270
|move|p1b: Sneasler|Protect|p1b: Sneasler
|-singleturn|p1b: Sneasler|Protect
|move|p2b: Espathra|Stored Power|p1a: Farigiraf
|-resisted|p1a: Farigiraf
|-damage|p1a: Farigiraf|56/100
|move|p2a: Sneasler|Close Combat|p1a: Farigiraf
|-damage|p1a: Farigiraf|0 fnt
|-unboost|p2a: Sneasler|def|1
|-unboost|p2a: Sneasler|spd|1
|faint|p1a: Farigiraf
|
|-heal|p2b: Espathra|50/100|[from] Grassy Terrain
|-heal|p1b: Sneasler|73/100|[from] Grassy Terrain
|-fieldend|move: Grassy Terrain
|-ability|p2b: Espathra|Speed Boost|boost
|-boost|p2b: Espathra|spe|1
|upkeep
|turn|7
|
|t:|1756982290
|move|p2b: Espathra|Stored Power|p1b: Sneasler
|-supereffective|p1b: Sneasler
|-damage|p1b: Sneasler|0 fnt
|faint|p1b: Sneasler
|
|win|168wgr
||koihoiboi is ready for game 2.
||168wgr is ready for game 2.
|uhtml|next|Next: Game 2 of 3
|l|☆168wgr
|player|p2|
