|j|☆orbwair
|j|☆KKameleon8
|html|orbwairKKameleon8    
|uhtml|bestof|Game 1 of a best-of-3
|t:|1782478940
|gametype|doubles
|player|p1|orbwair|265|1108
|player|p2|KKameleon8|1|1206
|gen|9
|tier|[Gen 9 Champions] VGC 2026 Reg M-B (Bo3)
|rated|
|rule|Species Clause: Limit one of each Pokémon
|rule|Item Clause: Limit 1 of each item
|clearpoke
|poke|p1|Staraptor, L50, M|
|poke|p1|Incineroar, L50, F|
|poke|p1|Sinistcha, L50|
|poke|p1|Maushold, L50|
|poke|p1|Delphox, L50, M|
|poke|p1|Toxapex, L50, F|
|poke|p2|Pelipper, L50, F|
|poke|p2|Incineroar, L50, M|
|poke|p2|Farigiraf, L50, F|
|poke|p2|Mawile, L50, F|
|poke|p2|Maushold, L50|
|poke|p2|Basculegion, L50, M|
|teampreview|4
|showteam|p1|Staraptor||Staraptite|Intimidate|DualWingbeat,CloseCombat,Roost,Protect|Jolly||M|||50|]Incineroar||SitrusBerry|Intimidate|FakeOut,PartingShot,FlareBlitz,ThroatChop|Adamant||F|||50|]Sinistcha||KasibBerry|Hospitality|MatchaGotcha,RagePowder,LifeDew,Protect|Sassy|||||50|]Maushold||FocusSash|FriendGuard|FollowMe,SunnyDay,Charm,Protect|Jolly|||||50|]Delphox||Delphoxite|Blaze|Protect,HeatWave,Psyshock,NastyPlot|Timid||M|||50|]Toxapex||Leftovers|Regenerator|Infestation,Toxic,WideGuard,BanefulBunker|Bold||F|||50|
|showteam|p2|Pelipper||FocusSash|Drizzle|Hurricane,WeatherBall,Tailwind,Protect|Modest||F|||50|]Incineroar||SitrusBerry|Intimidate|FakeOut,FlareBlitz,ThroatChop,PartingShot|Impish||M|||50|]Farigiraf||ColburBerry|ArmorTail|Psychic,HelpingHand,TrickRoom,Protect|Calm||F|||50|]Mawile||Mawilite|HyperCutter|IronHead,PlayRough,SuckerPunch,Protect|Brave||F|||50|]Maushold||WideLens|CheekPouch|PopulationBomb,FollowMe,Encore,Protect|Jolly|||||50|]Basculegion||ChoiceScarf|Adaptability|WaveCrash,LastRespects,AquaJet,FlipTurn|Jolly||M|||50|
|inactive|Battle timer is ON: inactive players will automatically lose when time's up. (requested by orbwair)
|inactive|KKameleon8 has 60 seconds left.
|
|t:|1782478978
|teamsize|p1|4
|teamsize|p2|4
|start
|switch|p1a: Delphox|Delphox, L50, M|100/100
|switch|p1b: Incineroar|Incineroar, L50, F|100/100
|switch|p2a: Incineroar|Incineroar, L50, M|100/100
|switch|p2b: Farigiraf|Farigiraf, L50, F|100/100
|-ability|p2a: Incineroar|Intimidate|boost
|-unboost|p1a: Delphox|atk|1
|-unboost|p1b: Incineroar|atk|1
|-ability|p1b: Incineroar|Intimidate|boost
|-unboost|p2a: Incineroar|atk|1
|-unboost|p2b: Farigiraf|atk|1
|turn|1
|
|t:|1782478995
|move|p2b: Farigiraf|Protect|p2b: Farigiraf
|-singleturn|p2b: Farigiraf|Protect
|move|p1a: Delphox|Nasty Plot|p1a: Delphox
|-boost|p1a: Delphox|spa|2
|move|p2a: Incineroar|Parting Shot|p1b: Incineroar
|-unboost|p1b: Incineroar|atk|1
|-unboost|p1b: Incineroar|spa|1
|
|t:|1782479001
|switch|p2a: Basculegion|Basculegion, L50, M|100/100|[from] Parting Shot
|move|p1b: Incineroar|Throat Chop|p2b: Farigiraf
|-activate|p2b: Farigiraf|move: Protect
|
|upkeep
|turn|2
|
|t:|1782479013
|switch|p2b: Incineroar|Incineroar, L50, M|100/100
|-ability|p2b: Incineroar|Intimidate|boost
|-unboost|p1a: Delphox|atk|1
|-unboost|p1b: Incineroar|atk|1
|detailschange|p1a: Delphox|Delphox-Mega, L50, M
|-mega|p1a: Delphox|Delphox|Delphoxite
|move|p2a: Basculegion|Wave Crash|p1b: Incineroar
|-supereffective|p1b: Incineroar|1
|-crit|p1b: Incineroar
|-damage|p1b: Incineroar|0 fnt
|faint|p1b: Incineroar
|-damage|p2a: Basculegion|65/100|[from] Recoil
|move|p1a: Delphox|Heat Wave|p2b: Incineroar|[spread] p2a,p2b
|-resisted|p2a: Basculegion|1
|-resisted|p2b: Incineroar|1
|-damage|p2a: Basculegion|14/100
|-damage|p2b: Incineroar|64/100
|
|upkeep
|
|t:|1782479024
|switch|p1b: Toxapex|Toxapex, L50, F|100/100
|turn|3
|
|t:|1782479031
|move|p1a: Delphox|Protect|p1a: Delphox
|-singleturn|p1a: Delphox|Protect
|move|p2b: Incineroar|Fake Out|p1b: Toxapex
|-damage|p1b: Toxapex|92/100
|move|p2a: Basculegion|Wave Crash|p1a: Delphox
|-activate|p1a: Delphox|move: Protect
|cant|p1b: Toxapex|flinch
|
|-heal|p1b: Toxapex|98/100|[from] item: Leftovers
|upkeep
|turn|4
|
|t:|1782479042
|switch|p1a: Sinistcha|Sinistcha, L50|100/100
|-heal|p1b: Toxapex|100/100|[from] ability: Hospitality|[of] p1a: Sinistcha
|move|p2a: Basculegion|Wave Crash|p1a: Sinistcha
|-resisted|p1a: Sinistcha|1
|-damage|p1a: Sinistcha|62/100
|-damage|p2a: Basculegion|3/100|[from] Recoil
|move|p2b: Incineroar|Parting Shot|p1b: Toxapex
|-unboost|p1b: Toxapex|atk|1
|-unboost|p1b: Toxapex|spa|1
|
|t:|1782479048
|switch|p2b: Farigiraf|Farigiraf, L50, F|100/100|[from] Parting Shot
|move|p1b: Toxapex|Infestation|p2a: Basculegion
|-resisted|p2a: Basculegion|1
|-damage|p2a: Basculegion|2/100
|-activate|p2a: Basculegion|move: Infestation|[of] p1b: Toxapex
|
|-damage|p2a: Basculegion|0 fnt|[from] move: Infestation|[partiallytrapped]
|faint|p2a: Basculegion
|upkeep
|
|t:|1782479051
|switch|p2a: Incineroar|Incineroar, L50, M|64/100
|-ability|p2a: Incineroar|Intimidate|boost
|-unboost|p1a: Sinistcha|atk|1
|-unboost|p1b: Toxapex|atk|1
|turn|5
|
|t:|1782479060
|move|p1a: Sinistcha|Protect|p1a: Sinistcha
|-singleturn|p1a: Sinistcha|Protect
|move|p2a: Incineroar|Flare Blitz|p1a: Sinistcha
|-activate|p1a: Sinistcha|move: Protect
|move|p2b: Farigiraf|Psychic|p1b: Toxapex
|-supereffective|p1b: Toxapex|1
|-damage|p1b: Toxapex|42/100
|move|p1b: Toxapex|Toxic|p2b: Farigiraf
|-status|p2b: Farigiraf|tox
|
|-heal|p1b: Toxapex|48/100|[from] item: Leftovers
|-damage|p2b: Farigiraf|94/100 tox|[from] psn
|upkeep
|turn|6
|
|t:|1782479080
|switch|p1a: Delphox|Delphox-Mega, L50, M|100/100
|move|p1b: Toxapex|Baneful Bunker|p1b: Toxapex
|-singleturn|p1b: Toxapex|move: Protect
|move|p2a: Incineroar|Throat Chop|p1a: Delphox
|-supereffective|p1a: Delphox|1
|-crit|p1a: Delphox
|-damage|p1a: Delphox|0 fnt
|faint|p1a: Delphox
|move|p2b: Farigiraf|Psychic|p1b: Toxapex
|-activate|p1b: Toxapex|move: Protect
|
|-heal|p1b: Toxapex|54/100|[from] item: Leftovers
|-damage|p2b: Farigiraf|82/100 tox|[from] psn
|upkeep
|
|t:|1782479088
|switch|p1a: Sinistcha|Sinistcha, L50|62/100
|-heal|p1b: Toxapex|78/100|[from] ability: Hospitality|[of] p1a: Sinistcha
|turn|7
|
|t:|1782479098
|move|p2a: Incineroar|Flare Blitz|p1a: Sinistcha
|-supereffective|p1a: Sinistcha|1
|-damage|p1a: Sinistcha|0 fnt
|faint|p1a: Sinistcha
|-damage|p2a: Incineroar|45/100|[from] Recoil
|-enditem|p2a: Incineroar|Sitrus Berry|[eat]
|-heal|p2a: Incineroar|70/100|[from] item: Sitrus Berry
|move|p2b: Farigiraf|Psychic|p1b: Toxapex
|-supereffective|p1b: Toxapex|1
|-damage|p1b: Toxapex|17/100
|-unboost|p1b: Toxapex|spd|1
|move|p1b: Toxapex|Infestation|p2b: Farigiraf
|-supereffective|p2b: Farigiraf|1
|-damage|p2b: Farigiraf|78/100 tox
|-activate|p2b: Farigiraf|move: Infestation|[of] p1b: Toxapex
|
|-heal|p1b: Toxapex|23/100|[from] item: Leftovers
|-damage|p2b: Farigiraf|60/100 tox|[from] psn
|-damage|p2b: Farigiraf|48/100 tox|[from] move: Infestation|[partiallytrapped]
|upkeep
|turn|8
|
|t:|1782479113
|move|p1b: Toxapex|Baneful Bunker|p1b: Toxapex
|-singleturn|p1b: Toxapex|move: Protect
|move|p2a: Incineroar|Throat Chop|p1b: Toxapex
|-activate|p1b: Toxapex|move: Protect
|-status|p2a: Incineroar|psn
|move|p2b: Farigiraf|Psychic|p1b: Toxapex
|-activate|p1b: Toxapex|move: Protect
|
|-heal|p1b: Toxapex|29/100|[from] item: Leftovers
|-damage|p2a: Incineroar|58/100 psn|[from] psn
|-damage|p2b: Farigiraf|25/100 tox|[from] psn
|-damage|p2b: Farigiraf|12/100 tox|[from] move: Infestation|[partiallytrapped]
|upkeep
|turn|9
|
|t:|1782479122
|move|p1b: Toxapex|Baneful Bunker|p1b: Toxapex
|-singleturn|p1b: Toxapex|move: Protect
|move|p2a: Incineroar|Throat Chop|p1b: Toxapex
|-activate|p1b: Toxapex|move: Protect
|move|p2b: Farigiraf|Psychic|p1b: Toxapex
|-activate|p1b: Toxapex|move: Protect
|
|-heal|p1b: Toxapex|35/100|[from] item: Leftovers
|-damage|p2a: Incineroar|45/100 psn|[from] psn
|-damage|p2b: Farigiraf|0 fnt|[from] psn
|faint|p2b: Farigiraf
|upkeep
|
|t:|1782479127
|switch|p2b: Mawile|Mawile, L50, F|100/100
|turn|10
|
|t:|1782479135
|detailschange|p2b: Mawile|Mawile-Mega, L50, F
|-mega|p2b: Mawile|Mawile|Mawilite
|move|p2a: Incineroar|Throat Chop|p1b: Toxapex
|-damage|p1b: Toxapex|15/100
|-start|p1b: Toxapex|Throat Chop|[silent]
|move|p2b: Mawile|Play Rough|p1b: Toxapex
|-resisted|p1b: Toxapex|1
|-damage|p1b: Toxapex|0 fnt
|faint|p1b: Toxapex
|
|win|KKameleon8
||KKameleon8 is ready for game 2.
||orbwair is ready for game 2.
|uhtml|next|Next: Game 2 of 3
|l|☆KKameleon8
|player|p2|
|l|☆orbwair
|player|p1|
|j|☆orbwair
|player|p1|orbwair|265|
|l|☆orbwair
|player|p1|
|j|☆orbwair
|player|p1|orbwair|265|
