|j|☆dripminister1
|j|☆comlemon
|html|dripminister1comlemon    
|uhtml|bestof|Game 2 of a best-of-3
|t:|1783164332
|gametype|doubles
|player|p1|dripminister1|2|1198
|player|p2|comlemon|crasherwake|1154
|gen|9
|tier|[Gen 9 Champions] VGC 2026 Reg M-B (Bo3)
|rated|
|rule|Species Clause: Limit one of each Pokémon
|rule|Item Clause: Limit 1 of each item
|clearpoke
|poke|p1|Swampert, L50, M, shiny|
|poke|p1|Gholdengo, L50|
|poke|p1|Archaludon, L50, M, shiny|
|poke|p1|Pelipper, L50, M|
|poke|p1|Grimmsnarl, L50, M|
|poke|p1|Sinistcha-Masterpiece, L50|
|poke|p2|Rotom-Wash, L50|
|poke|p2|Kingambit, L50, M|
|poke|p2|Garchomp, L50, F|
|poke|p2|Sinistcha, L50|
|poke|p2|Gardevoir, L50, M|
|poke|p2|Talonflame, L50, M|
|teampreview|4
|showteam|p1|Swampert||Swampertite|Damp|Earthquake,IcePunch,WaveCrash,Protect|Adamant||M|||50|]Gholdengo||LifeOrb|GoodasGold|MakeItRain,ShadowBall,NastyPlot,Protect|Modest|||||50|]Archaludon||Leftovers|Stamina|ElectroShot,DragonPulse,FlashCannon,Protect|Modest||M|||50|]Pelipper||SitrusBerry|Drizzle|Hurricane,Tailwind,WeatherBall,WideGuard|Bold||M|||50|]Grimmsnarl||LightClay|Prankster|Reflect,LightScreen,FoulPlay,PartingShot|Careful||M|||50|]Sinistcha-Masterpiece||CobaBerry|Hospitality|Protect,RagePowder,MatchaGotcha,LifeDew|Bold|||||50|
|showteam|p2|Rotom-Wash||Leftovers|Levitate|WillOWisp,HydroPump,Thunderbolt,Protect|Calm|||||50|]Kingambit||FocusSash|Defiant|SuckerPunch,KowtowCleave,Protect,IronHead|Adamant||M|||50|]Garchomp||LifeOrb|RoughSkin|Earthquake,RockSlide,DragonClaw,Protect|Jolly||F|||50|]Sinistcha||SitrusBerry|Hospitality|MatchaGotcha,ShadowBall,RagePowder,TrickRoom|Calm|||||50|]Gardevoir||Gardevoirite|Trace|HyperVoice,HyperBeam,Protect,Psychic|Modest||M|||50|]Talonflame||SharpBeak|GaleWings|DualWingbeat,FlareBlitz,Protect,Tailwind|Jolly||M|||50|
|inactive|Battle timer is ON: inactive players will automatically lose when time's up. (requested by dripminister1)
|inactive|comlemon has 60 seconds left.
|
|t:|1783164368
|teamsize|p1|4
|teamsize|p2|4
|start
|switch|p1a: Pelipper|Pelipper, L50, M|100/100
|switch|p1b: Swampert|Swampert, L50, M, shiny|100/100
|switch|p2a: Garchomp|Garchomp, L50, F|100/100
|switch|p2b: Rotom|Rotom-Wash, L50|100/100
|-weather|RainDance|[from] ability: Drizzle|[of] p1a: Pelipper
|turn|1
|inactive|dripminister1 has 30 seconds left.
|inactive|comlemon has 30 seconds left.
|inactive|dripminister1 has 20 seconds left.
|inactive|dripminister1 has 15 seconds left.
|inactive|dripminister1 has 10 seconds left.
|
|t:|1783164417
|detailschange|p1b: Swampert|Swampert-Mega, L50, M, shiny
|-mega|p1b: Swampert|Swampert|Swampertite
|move|p2a: Garchomp|Protect|p2a: Garchomp
|-singleturn|p2a: Garchomp|Protect
|move|p1a: Pelipper|Wide Guard|p1a: Pelipper
|-singleturn|p1a: Pelipper|Wide Guard
|move|p1b: Swampert|Ice Punch|p2a: Garchomp
|-activate|p2a: Garchomp|move: Protect
|move|p2b: Rotom|Thunderbolt|p1a: Pelipper
|-supereffective|p1a: Pelipper|2
|-damage|p1a: Pelipper|0 fnt
|faint|p1a: Pelipper
|
|-weather|RainDance|[upkeep]
|upkeep
|
|t:|1783164429
|switch|p1a: Archaludon|Archaludon, L50, M, shiny|100/100
|turn|2
|inactive|comlemon has 30 seconds left.
|
|t:|1783164462
|switch|p2a: Sinistcha|Sinistcha, L50|100/100
|move|p1b: Swampert|Ice Punch|p2a: Sinistcha
|-supereffective|p2a: Sinistcha|1
|-damage|p2a: Sinistcha|43/100
|-enditem|p2a: Sinistcha|Sitrus Berry|[eat]
|-heal|p2a: Sinistcha|68/100|[from] item: Sitrus Berry
|move|p2b: Rotom|Will-O-Wisp|p1b: Swampert
|-status|p1b: Swampert|brn
|move|p1a: Archaludon|Electro Shot||[still]
|-prepare|p1a: Archaludon|Electro Shot
|-boost|p1a: Archaludon|spa|1
|-anim|p1a: Archaludon|Electro Shot|p2b: Rotom
|-damage|p2b: Rotom|48/100
|
|-weather|RainDance|[upkeep]
|-heal|p2b: Rotom|54/100|[from] item: Leftovers
|-damage|p1b: Swampert|93/100 brn|[from] brn
|upkeep
|turn|3
|inactive|comlemon has 30 seconds left.
|
|t:|1783164493
|move|p1b: Swampert|Ice Punch|p2a: Sinistcha
|-supereffective|p2a: Sinistcha|1
|-crit|p2a: Sinistcha
|-damage|p2a: Sinistcha|24/100
|move|p2b: Rotom|Hydro Pump|p1b: Swampert
|-damage|p1b: Swampert|34/100 brn
|move|p1a: Archaludon|Electro Shot||[still]
|-prepare|p1a: Archaludon|Electro Shot
|-boost|p1a: Archaludon|spa|1
|-anim|p1a: Archaludon|Electro Shot|p2a: Sinistcha
|-resisted|p2a: Sinistcha|1
|-damage|p2a: Sinistcha|0 fnt
|faint|p2a: Sinistcha
|
|-weather|RainDance|[upkeep]
|-heal|p2b: Rotom|59/100|[from] item: Leftovers
|-damage|p1b: Swampert|27/100 brn|[from] brn
|upkeep
|
|t:|1783164518
|switch|p2a: Gardevoir|Gardevoir, L50, M|100/100
|-ability|p2a: Gardevoir|Swift Swim|Trace|[from] ability: Trace|[of] p1b: Swampert
|turn|4
|
|t:|1783164541
|move|p2a: Gardevoir|Protect|p2a: Gardevoir
|-singleturn|p2a: Gardevoir|Protect
|move|p1b: Swampert|Wave Crash|p2a: Gardevoir
|-activate|p2a: Gardevoir|move: Protect
|move|p2b: Rotom|Will-O-Wisp|p1a: Archaludon
|-status|p1a: Archaludon|brn
|move|p1a: Archaludon|Flash Cannon|p2a: Gardevoir
|-activate|p2a: Gardevoir|move: Protect
|
|-weather|RainDance|[upkeep]
|-heal|p2b: Rotom|65/100|[from] item: Leftovers
|-damage|p1b: Swampert|21/100 brn|[from] brn
|-damage|p1a: Archaludon|93/100 brn|[from] brn
|upkeep
|turn|5
|
|t:|1783164565
|detailschange|p2a: Gardevoir|Gardevoir-Mega, L50, M
|-mega|p2a: Gardevoir|Gardevoir|Gardevoirite
|move|p1b: Swampert|Wave Crash|p2a: Gardevoir
|-damage|p2a: Gardevoir|8/100
|-damage|p1b: Swampert|0 fnt|[from] Recoil
|faint|p1b: Swampert
|move|p2a: Gardevoir|Hyper Beam|p1a: Archaludon
|-damage|p1a: Archaludon|0 fnt
|-mustrecharge|p2a: Gardevoir
|faint|p1a: Archaludon
|move|p2b: Rotom|Hydro Pump|p1: Archaludon|[notarget]
|-fail|p2b: Rotom
|
|-weather|none
|-heal|p2b: Rotom|71/100|[from] item: Leftovers
|upkeep
|-message|dripminister1 forfeited.
|
|win|comlemon
|raw|dripminister1's rating: 1198 → 1170(-28 for losing)
|raw|comlemon's rating: 1154 → 1182(+28 for winning)
|l|☆dripminister1
|player|p1|
