|j|☆Welosethose!
|j|☆Extroier
|html|Welosethose!Extroier    
|uhtml|bestof|Game 1 of a best-of-3
|t:|1756854830
|gametype|doubles
|player|p1|Welosethose!|hilbert|1215
|player|p2|Extroier|1|1111
|gen|9
|tier|[Gen 9] VGC 2025 Reg H (Bo3)
|rated|
|rule|Species Clause: Limit one of each Pokémon
|rule|Item Clause: Limit 1 of each item
|clearpoke
|poke|p1|Politoed, L50, F|
|poke|p1|Gothitelle, L50, M|
|poke|p1|Kingdra, L50, M|
|poke|p1|Archaludon, L50, M|
|poke|p1|Amoonguss, L50, F|
|poke|p1|Incineroar, L50, F|
|poke|p2|Lapras, L50, M|
|poke|p2|Gothitelle, L50, M|
|poke|p2|Sneasler, L50, M|
|poke|p2|Archaludon, L50, M|
|poke|p2|Rillaboom, L50, M|
|poke|p2|Politoed, L50, F|
|teampreview|4
|showteam|p1|Politoed||Leftovers|Drizzle|WeatherBall,Encore,PerishSong,Protect|||F|||50|,,,,,Grass]Gothitelle||SitrusBerry|ShadowTag|FakeOut,Psychic,TrickRoom,Protect|||M|||50|,,,,,Dark]Kingdra||LifeOrb|SwiftSwim|WeatherBall,MuddyWater,DracoMeteor,Protect|||M|||50|,,,,,Stellar]Archaludon||PowerHerb|Sturdy|ElectroShot,FlashCannon,DragonPulse,Protect|||M|||50|,,,,,Electric]Amoonguss||EjectButton|Regenerator|PollenPuff,Spore,RagePowder,Protect|||F|||50|,,,,,Fairy]Incineroar||SafetyGoggles|Intimidate|FakeOut,KnockOff,PartingShot,Protect|||F|||50|,,,,,Ghost
|showteam|p2|Lapras||Leftovers|WaterAbsorb|PerishSong,WeatherBall,IceBeam,Protect|||M|||50|,,,,,Ground]Gothitelle||WikiBerry|ShadowTag|FakeOut,TrickRoom,Protect,Psychic|||M|||50|,,,,,Ghost]Sneasler||FocusSash|Unburden|DireClaw,Protect,FakeOut,CloseCombat|||M|||50|,,,,,Fighting]Archaludon||PowerHerb|Stamina|ElectroShot,Protect,Reflect,FlashCannon|||M|||50|,,,,,Steel]Rillaboom||AssaultVest|GrassySurge|GrassyGlide,DrainPunch,FakeOut,WoodHammer|||M|||50|,,,,,Dragon]Politoed||CovertCloak|Drizzle|PerishSong,WeatherBall,Protect,Haze|||F|||50|,,,,,Water
|c|☆Welosethose!|intersting
|inactive|Battle timer is ON: inactive players will automatically lose when time's up. (requested by Extroier)
|
|t:|1756854867
|teamsize|p1|4
|teamsize|p2|4
|start
|switch|p1a: Politoed|Politoed, L50, F|100/100
|switch|p1b: Incineroar|Incineroar, L50, F|100/100
|switch|p2a: Rillaboom|Rillaboom, L50, M|100/100
|switch|p2b: Archaludon|Archaludon, L50, M|100/100
|-fieldstart|move: Grassy Terrain|[from] ability: Grassy Surge|[of] p2a: Rillaboom
|-weather|RainDance|[from] ability: Drizzle|[of] p1a: Politoed
|-ability|p1b: Incineroar|Intimidate|boost
|-unboost|p2a: Rillaboom|atk|1
|-unboost|p2b: Archaludon|atk|1
|turn|1
|
|t:|1756854880
|move|p1a: Politoed|Protect|p1a: Politoed
|-singleturn|p1a: Politoed|Protect
|move|p1b: Incineroar|Protect|p1b: Incineroar
|-singleturn|p1b: Incineroar|Protect
|move|p2a: Rillaboom|Fake Out|p1b: Incineroar
|-activate|p1b: Incineroar|move: Protect
|move|p2b: Archaludon|Electro Shot||[still]
|-prepare|p2b: Archaludon|Electro Shot
|-boost|p2b: Archaludon|spa|1
|-anim|p2b: Archaludon|Electro Shot|p1a: Politoed
|-activate|p1a: Politoed|move: Protect
|
|-weather|RainDance|[upkeep]
|upkeep
|turn|2
|
|t:|1756854894
|-terastallize|p1a: Politoed|Grass
|move|p2a: Rillaboom|Wood Hammer|p1a: Politoed
|-resisted|p1a: Politoed
|-damage|p1a: Politoed|75/100
|-damage|p2a: Rillaboom|91/100|[from] Recoil
|move|p1a: Politoed|Perish Song|p1a: Politoed
|-start|p1a: Politoed|perish3|[silent]
|-start|p1b: Incineroar|perish3|[silent]
|-start|p2a: Rillaboom|perish3|[silent]
|-start|p2b: Archaludon|perish3|[silent]
|-fieldactivate|move: Perish Song
|move|p2b: Archaludon|Electro Shot||[still]
|-prepare|p2b: Archaludon|Electro Shot
|-boost|p2b: Archaludon|spa|1
|-anim|p2b: Archaludon|Electro Shot|p1b: Incineroar
|-damage|p1b: Incineroar|36/100
|move|p1b: Incineroar|Parting Shot|p2a: Rillaboom
|-unboost|p2a: Rillaboom|atk|1
|-unboost|p2a: Rillaboom|spa|1
|
|t:|1756854905
|switch|p1b: Gothitelle|Gothitelle, L50, M|100/100|[from] Parting Shot
|
|-weather|RainDance|[upkeep]
|-heal|p2a: Rillaboom|96/100|[from] Grassy Terrain
|-heal|p1a: Politoed|81/100|[from] Grassy Terrain
|-heal|p1a: Politoed|87/100|[from] item: Leftovers
|-start|p2a: Rillaboom|perish3
|-start|p2b: Archaludon|perish3
|-start|p1a: Politoed|perish3
|upkeep
|turn|3
|
|t:|1756854919
|move|p1b: Gothitelle|Fake Out|p2b: Archaludon
|-resisted|p2b: Archaludon
|-damage|p2b: Archaludon|98/100
|-ability|p2b: Archaludon|Stamina|boost
|-boost|p2b: Archaludon|def|1
|move|p2a: Rillaboom|Drain Punch|p1a: Politoed
|-damage|p1a: Politoed|74/100
|-heal|p2a: Rillaboom|100/100|[from] drain|[of] p1a: Politoed
|cant|p2b: Archaludon|flinch
|move|p1a: Politoed|Encore|p2a: Rillaboom
|-start|p2a: Rillaboom|Encore
|
|-weather|RainDance|[upkeep]
|-heal|p2b: Archaludon|100/100|[from] Grassy Terrain
|-heal|p1a: Politoed|80/100|[from] Grassy Terrain
|-heal|p1a: Politoed|86/100|[from] item: Leftovers
|-start|p2a: Rillaboom|perish2
|-start|p1a: Politoed|perish2
|-start|p2b: Archaludon|perish2
|upkeep
|turn|4
|inactive|Welosethose! has 30 seconds left.
|inactive|Extroier has 30 seconds left.
|
|t:|1756854955
|move|p1a: Politoed|Protect|p1a: Politoed
|-singleturn|p1a: Politoed|Protect
|move|p1b: Gothitelle|Protect|p1b: Gothitelle
|-singleturn|p1b: Gothitelle|Protect
|move|p2a: Rillaboom|Drain Punch|p1b: Gothitelle
|-activate|p1b: Gothitelle|move: Protect
|move|p2b: Archaludon|Electro Shot||[still]
|-prepare|p2b: Archaludon|Electro Shot
|-boost|p2b: Archaludon|spa|1
|-anim|p2b: Archaludon|Electro Shot|p1b: Gothitelle
|-activate|p1b: Gothitelle|move: Protect
|
|-weather|RainDance|[upkeep]
|-heal|p1a: Politoed|92/100|[from] Grassy Terrain
|-heal|p1a: Politoed|98/100|[from] item: Leftovers
|-start|p2a: Rillaboom|perish1
|-start|p1a: Politoed|perish1
|-start|p2b: Archaludon|perish1
|upkeep
|turn|5
|
|t:|1756854972
|switch|p1a: Archaludon|Archaludon, L50, M|100/100
|move|p2a: Rillaboom|Drain Punch|p1b: Gothitelle
|-resisted|p1b: Gothitelle
|-damage|p1b: Gothitelle|95/100
|move|p2b: Archaludon|Electro Shot||[still]
|-prepare|p2b: Archaludon|Electro Shot
|-boost|p2b: Archaludon|spa|1
|-anim|p2b: Archaludon|Electro Shot|p1b: Gothitelle
|-damage|p1b: Gothitelle|0 fnt
|faint|p1b: Gothitelle
|
|-weather|none
|-start|p2a: Rillaboom|perish0
|-start|p2b: Archaludon|perish0
|-fieldend|move: Grassy Terrain
|upkeep
|faint|p2a: Rillaboom
|faint|p2b: Archaludon
|
|t:|1756854983
|switch|p2a: Lapras|Lapras, L50, M|100/100
|switch|p2b: Gothitelle|Gothitelle, L50, M|100/100
|switch|p1b: Politoed|Politoed, L50, F, tera:Grass|98/100
|-weather|RainDance|[from] ability: Drizzle|[of] p1b: Politoed
|turn|6
|inactive|Extroier has 30 seconds left.
|
|t:|1756855010
|-terastallize|p2a: Lapras|Ground
|move|p2b: Gothitelle|Fake Out|p1b: Politoed
|-damage|p1b: Politoed|92/100
|move|p1a: Archaludon|Electro Shot||[still]
|-prepare|p1a: Archaludon|Electro Shot
|-boost|p1a: Archaludon|spa|1
|-anim|p1a: Archaludon|Electro Shot|p2a: Lapras
|-immune|p2a: Lapras
|cant|p1b: Politoed|flinch
|move|p2a: Lapras|Ice Beam|p1b: Politoed
|-supereffective|p1b: Politoed
|-damage|p1b: Politoed|46/100
|
|-weather|RainDance|[upkeep]
|-heal|p1b: Politoed|52/100|[from] item: Leftovers
|upkeep
|turn|7
|inactive|Extroier has 30 seconds left.
|
|t:|1756855035
|move|p1a: Archaludon|Dragon Pulse|p2a: Lapras
|-damage|p2a: Lapras|63/100
|move|p1b: Politoed|Perish Song|p1b: Politoed
|-start|p1a: Archaludon|perish3|[silent]
|-start|p1b: Politoed|perish3|[silent]
|-start|p2a: Lapras|perish3|[silent]
|-start|p2b: Gothitelle|perish3|[silent]
|-fieldactivate|move: Perish Song
|move|p2a: Lapras|Ice Beam|p1b: Politoed
|-supereffective|p1b: Politoed
|-damage|p1b: Politoed|10/100
|move|p2b: Gothitelle|Psychic|p1b: Politoed
|-damage|p1b: Politoed|0 fnt
|faint|p1b: Politoed
|
|-weather|RainDance|[upkeep]
|-heal|p2a: Lapras|69/100|[from] item: Leftovers
|-start|p1a: Archaludon|perish3
|-start|p2a: Lapras|perish3
|-start|p2b: Gothitelle|perish3
|upkeep
|
|t:|1756855041
|switch|p1b: Incineroar|Incineroar, L50, F|36/100
|-ability|p1b: Incineroar|Intimidate|boost
|-unboost|p2a: Lapras|atk|1
|-unboost|p2b: Gothitelle|atk|1
|turn|8
|
|t:|1756855057
|move|p2b: Gothitelle|Protect|p2b: Gothitelle
|-singleturn|p2b: Gothitelle|Protect
|move|p1b: Incineroar|Fake Out|p2a: Lapras
|-damage|p2a: Lapras|60/100
|move|p1a: Archaludon|Electro Shot||[still]
|-prepare|p1a: Archaludon|Electro Shot
|-boost|p1a: Archaludon|spa|1
|-anim|p1a: Archaludon|Electro Shot|p2b: Gothitelle
|-activate|p2b: Gothitelle|move: Protect
|cant|p2a: Lapras|flinch
|
|-weather|RainDance|[upkeep]
|-heal|p2a: Lapras|65/100|[from] item: Leftovers
|-start|p1a: Archaludon|perish2
|-start|p2a: Lapras|perish2
|-start|p2b: Gothitelle|perish2
|upkeep
|turn|9
|inactive|Extroier has 30 seconds left.
|
|t:|1756855083
|move|p2b: Gothitelle|Protect|p2b: Gothitelle
|-singleturn|p2b: Gothitelle|Protect
|move|p1b: Incineroar|Protect|p1b: Incineroar
|-singleturn|p1b: Incineroar|Protect
|move|p1a: Archaludon|Dragon Pulse|p2a: Lapras
|-damage|p2a: Lapras|14/100
|move|p2a: Lapras|Weather Ball|p1b: Incineroar
|-activate|p1b: Incineroar|move: Protect
|
|-weather|RainDance|[upkeep]
|-heal|p2a: Lapras|20/100|[from] item: Leftovers
|-start|p1a: Archaludon|perish1
|-start|p2a: Lapras|perish1
|-start|p2b: Gothitelle|perish1
|upkeep
|turn|10
|
|t:|1756855103
|move|p1a: Archaludon|Dragon Pulse|p2a: Lapras
|-damage|p2a: Lapras|0 fnt
|faint|p2a: Lapras
|move|p2b: Gothitelle|Psychic|p1b: Incineroar
|-immune|p1b: Incineroar
|move|p1b: Incineroar|Knock Off|p2b: Gothitelle
|-supereffective|p2b: Gothitelle
|-damage|p2b: Gothitelle|15/100
|-enditem|p2b: Gothitelle|Wiki Berry|[from] move: Knock Off|[of] p1b: Incineroar
|
|-weather|none
|-start|p1a: Archaludon|perish0
|-start|p2b: Gothitelle|perish0
|upkeep
|faint|p1a: Archaludon
|faint|p2b: Gothitelle
|
|win|Welosethose!
||Extroier is ready for game 2.
||Welosethose! is ready for game 2.
|uhtml|next|Next: Game 2 of 3
