|j|☆Mamoswinefanboi
|j|☆cocacolaindahhouse
|html|Mamoswinefanboicocacolaindahhouse    
|uhtml|bestof|Game 2 of a best-of-3
|t:|1756975240
|gametype|doubles
|player|p1|Mamoswinefanboi|170|1471
|player|p2|cocacolaindahhouse|1|1570
|gen|9
|tier|[Gen 9] VGC 2025 Reg H (Bo3)
|rated|
|rule|Species Clause: Limit one of each Pokémon
|rule|Item Clause: Limit 1 of each item
|clearpoke
|poke|p1|Rillaboom, L50, M|
|poke|p1|Kingambit, L50, M|
|poke|p1|Annihilape, L50, F|
|poke|p1|Dondozo, L50, F|
|poke|p1|Baxcalibur, L50, F|
|poke|p1|Gholdengo, L50|
|poke|p2|Ursaluna, L50, M|
|poke|p2|Dragonite, L50, M|
|poke|p2|Archaludon, L50, M|
|poke|p2|Sinistcha, L50|
|poke|p2|Pelipper, L50, M|
|poke|p2|Gholdengo, L50|
|teampreview|4
|showteam|p1|Rillaboom||AssaultVest|GrassySurge|WoodHammer,GrassyGlide,HighHorsepower,FakeOut|||M|||50|,,,,,Fire]Kingambit||SafetyGoggles|Defiant|KowtowCleave,SuckerPunch,SwordsDance,Protect|||M|||50|,,,,,Fire]Annihilape||FocusSash|Defiant|CloseCombat,RageFist,Coaching,FinalGambit|||F|||50|,,,,,Fairy]Dondozo||Leftovers|Unaware|Protect,WaveCrash,Fissure,Yawn|||F|||50|,,,,,Bug]Baxcalibur||LoadedDice|ThermalExchange|ScaleShot,IcicleSpear,IceShard,Protect|||F|||50|,,,,,Ghost]Gholdengo||ChoiceScarf|GoodasGold|MakeItRain,ShadowBall,SteelBeam,Trick||||||50|,,,,,Steel
|showteam|p2|Ursaluna||FlameOrb|Guts|Facade,Protect,HeadlongRush,Earthquake|||M|||50|,,,,,Ghost]Dragonite||LoadedDice|Multiscale|ScaleShot,Protect,Haze,Tailwind|||M|||50|,,,,,Fairy]Archaludon||AssaultVest|Stamina|FlashCannon,BodyPress,ElectroShot,Snarl|||M|||50|,,,,,Fighting]Sinistcha||SitrusBerry|Hospitality|LifeDew,MatchaGotcha,TrickRoom,RagePowder||||||50|,,,,,Dark]Pelipper||FocusSash|Drizzle|Hurricane,Tailwind,MuddyWater,Protect|||M|||50|,,,,,Ghost]Gholdengo||ChoiceScarf|GoodasGold|MakeItRain,ShadowBall,Trick,TeraBlast||||||50|,,,,,Water
|
|t:|1756975271
|teamsize|p1|4
|teamsize|p2|4
|start
|switch|p1a: Kingambit|Kingambit, L50, M|100/100
|switch|p1b: Rillaboom|Rillaboom, L50, M|100/100
|switch|p2a: Dragonite|Dragonite, L50, M|100/100
|switch|p2b: Gholdengo|Gholdengo, L50|100/100
|-fieldstart|move: Grassy Terrain|[from] ability: Grassy Surge|[of] p1b: Rillaboom
|turn|1
|
|t:|1756975307
|switch|p2b: Archaludon|Archaludon, L50, M|100/100
|move|p1b: Rillaboom|Fake Out|p2a: Dragonite
|-damage|p2a: Dragonite|93/100
|cant|p2a: Dragonite|flinch
|move|p1a: Kingambit|Kowtow Cleave|p2b: Archaludon
|-crit|p2b: Archaludon
|-damage|p2b: Archaludon|56/100
|-ability|p2b: Archaludon|Stamina|boost
|-boost|p2b: Archaludon|def|1
|
|-heal|p2b: Archaludon|62/100|[from] Grassy Terrain
|upkeep
|turn|2
|inactive|Battle timer is ON: inactive players will automatically lose when time's up. (requested by Mamoswinefanboi)
|
|t:|1756975351
|-terastallize|p2b: Archaludon|Fighting
|move|p2a: Dragonite|Tailwind|p2a: Dragonite
|-sidestart|p2: cocacolaindahhouse|move: Tailwind
|move|p2b: Archaludon|Body Press|p1a: Kingambit
|-supereffective|p1a: Kingambit
|-damage|p1a: Kingambit|0 fnt
|faint|p1a: Kingambit
|move|p1b: Rillaboom|High Horsepower|p2b: Archaludon|[miss]
|-miss|p1b: Rillaboom|p2b: Archaludon
|
|-heal|p2b: Archaludon|68/100|[from] Grassy Terrain
|upkeep
|
|t:|1756975358
|switch|p1a: Baxcalibur|Baxcalibur, L50, F|100/100
|turn|3
|inactive|cocacolaindahhouse has 30 seconds left.
|inactive|cocacolaindahhouse has 20 seconds left.
|
|t:|1756975397
|switch|p2a: Gholdengo|Gholdengo, L50|100/100
|-terastallize|p1a: Baxcalibur|Ghost
|move|p2b: Archaludon|Flash Cannon|p1a: Baxcalibur
|-damage|p1a: Baxcalibur|64/100
|move|p1a: Baxcalibur|Scale Shot|p2a: Gholdengo
|-resisted|p2a: Gholdengo
|-damage|p2a: Gholdengo|93/100
|-resisted|p2a: Gholdengo
|-damage|p2a: Gholdengo|84/100
|-resisted|p2a: Gholdengo
|-damage|p2a: Gholdengo|75/100
|-resisted|p2a: Gholdengo
|-damage|p2a: Gholdengo|66/100
|-resisted|p2a: Gholdengo
|-damage|p2a: Gholdengo|57/100
|-hitcount|p2a: Gholdengo|5
|-unboost|p1a: Baxcalibur|def|1
|-boost|p1a: Baxcalibur|spe|1
|move|p1b: Rillaboom|Wood Hammer|p2a: Gholdengo
|-resisted|p2a: Gholdengo
|-damage|p2a: Gholdengo|13/100
|-damage|p1b: Rillaboom|89/100|[from] Recoil
|
|-heal|p2a: Gholdengo|19/100|[from] Grassy Terrain
|-heal|p2b: Archaludon|74/100|[from] Grassy Terrain
|-heal|p1a: Baxcalibur|70/100|[from] Grassy Terrain
|-heal|p1b: Rillaboom|95/100|[from] Grassy Terrain
|upkeep
|turn|4
|inactive|cocacolaindahhouse has 30 seconds left.
|inactive|cocacolaindahhouse has 20 seconds left.
|inactive|cocacolaindahhouse has 15 seconds left.
|inactive|cocacolaindahhouse has 10 seconds left.
|inactive|cocacolaindahhouse has 5 seconds left.
|
|t:|1756975448
|switch|p2a: Pelipper|Pelipper, L50, M|100/100
|-weather|RainDance|[from] ability: Drizzle|[of] p2a: Pelipper
|move|p1a: Baxcalibur|Ice Shard|p2a: Pelipper
|-damage|p2a: Pelipper|67/100
|move|p1b: Rillaboom|Grassy Glide|p2a: Pelipper
|-damage|p2a: Pelipper|17/100
|move|p2b: Archaludon|Electro Shot||[still]
|-prepare|p2b: Archaludon|Electro Shot
|-boost|p2b: Archaludon|spa|1
|-anim|p2b: Archaludon|Electro Shot|p1a: Baxcalibur
|-damage|p1a: Baxcalibur|18/100
|
|-weather|RainDance|[upkeep]
|-heal|p2b: Archaludon|81/100|[from] Grassy Terrain
|-heal|p1a: Baxcalibur|24/100|[from] Grassy Terrain
|-heal|p1b: Rillaboom|100/100|[from] Grassy Terrain
|upkeep
|turn|5
|inactive|Mamoswinefanboi has 30 seconds left.
|inactive|cocacolaindahhouse has 30 seconds left.
|inactive|Mamoswinefanboi has 20 seconds left.
|
|t:|1756975484
|move|p2a: Pelipper|Protect|p2a: Pelipper
|-singleturn|p2a: Pelipper|Protect
|move|p1a: Baxcalibur|Protect|p1a: Baxcalibur
|-singleturn|p1a: Baxcalibur|Protect
|move|p2b: Archaludon|Electro Shot||[still]
|-prepare|p2b: Archaludon|Electro Shot
|-boost|p2b: Archaludon|spa|1
|-anim|p2b: Archaludon|Electro Shot|p1a: Baxcalibur
|-activate|p1a: Baxcalibur|move: Protect
|move|p1b: Rillaboom|Wood Hammer|p2b: Archaludon
|-damage|p2b: Archaludon|47/100
|-ability|p2b: Archaludon|Stamina|boost
|-boost|p2b: Archaludon|def|1
|-damage|p1b: Rillaboom|90/100|[from] Recoil
|
|-weather|RainDance|[upkeep]
|-heal|p2b: Archaludon|53/100|[from] Grassy Terrain
|-heal|p1a: Baxcalibur|29/100|[from] Grassy Terrain
|-heal|p1b: Rillaboom|96/100|[from] Grassy Terrain
|-sideend|p2: cocacolaindahhouse|move: Tailwind
|-fieldend|move: Grassy Terrain
|upkeep
|turn|6
|inactive|cocacolaindahhouse has 30 seconds left.
|
|t:|1756975519
|switch|p1a: Annihilape|Annihilape, L50, F|100/100
|move|p1b: Rillaboom|Wood Hammer|p2a: Pelipper
|-damage|p2a: Pelipper|0 fnt
|faint|p2a: Pelipper
|-damage|p1b: Rillaboom|92/100|[from] Recoil
|move|p2b: Archaludon|Electro Shot||[still]
|-prepare|p2b: Archaludon|Electro Shot
|-boost|p2b: Archaludon|spa|1
|-anim|p2b: Archaludon|Electro Shot|p1a: Annihilape
|-damage|p1a: Annihilape|15/100
|
|-weather|RainDance|[upkeep]
|upkeep
|
|t:|1756975542
|switch|p2a: Gholdengo|Gholdengo, L50|19/100
|turn|7
|-message|Mamoswinefanboi forfeited.
|
|win|cocacolaindahhouse
||cocacolaindahhouse is ready for game 3.
||Mamoswinefanboi is ready for game 3.
|uhtml|next|Next: Game 3 of 3
|l|☆Mamoswinefanboi
|player|p1|
