|j|☆zephyr1807
|j|☆NyulaDraws
|html|zephyr1807NyulaDraws    
|uhtml|bestof|Game 3 of a best-of-3
|t:|1783438902
|gametype|doubles
|player|p1|zephyr1807|170|1085
|player|p2|NyulaDraws|backpacker|1106
|gen|9
|tier|[Gen 9 Champions] VGC 2026 Reg M-B (Bo3)
|rated|
|rule|Species Clause: Limit one of each Pokémon
|rule|Item Clause: Limit 1 of each item
|clearpoke
|poke|p1|Charizard, L50, M, shiny|
|poke|p1|Whimsicott, L50, F|
|poke|p1|Metagross, L50|
|poke|p1|Basculegion, L50, M|
|poke|p1|Garchomp, L50, F|
|poke|p1|Sneasler, L50, M|
|poke|p2|Blastoise, L50, F|
|poke|p2|Delphox, L50, F, shiny|
|poke|p2|Incineroar, L50, F|
|poke|p2|Sneasler, L50, M|
|poke|p2|Sinistcha, L50|
|poke|p2|Maushold-Four, L50|
|teampreview|4
|showteam|p1|Charizard||CharizarditeY|Blaze|Protect,SolarBeam,HeatWave,ScorchingSands|Modest||M|||50|]Whimsicott||FocusSash|Prankster|Encore,Tailwind,Moonblast,Protect|Timid||F|||50|]Metagross||Leftovers|ClearBody|Protect,PsychicFangs,BulletPunch,IronHead|Adamant|||||50|]Basculegion||ExpertBelt|Adaptability|AquaJet,LastRespects,WaveCrash,Protect|Jolly||M|||50|]Garchomp||SitrusBerry|RoughSkin|DragonClaw,Protect,Earthquake,RockSlide|Jolly||F|||50|]Sneasler||WhiteHerb|Unburden|FakeOut,DireClaw,CloseCombat,Protect|Jolly||M|||50|
|showteam|p2|Blastoise||Blastoisinite|RainDish|WaterSpout,DarkPulse,ShellSmash,Protect|Modest||F|||50|]Delphox||Delphoxite|Blaze|HeatWave,Psyshock,NastyPlot,Protect|Timid||F|||50|]Incineroar||SitrusBerry|Intimidate|FakeOut,FlareBlitz,ThroatChop,PartingShot|Impish||F|||50|]Sneasler||FocusSash|PoisonTouch|FakeOut,CloseCombat,DireClaw,QuickGuard|Jolly||M|||50|]Sinistcha||KasibBerry|Hospitality|MatchaGotcha,LifeDew,RagePowder,Protect|Bold|||||50|]Maushold-Four||ChopleBerry|FriendGuard|SuperFang,Feint,FollowMe,SunnyDay|Impish|||||50|
|
|t:|1783438934
|teamsize|p1|4
|teamsize|p2|4
|start
|switch|p1a: Whimsicott|Whimsicott, L50, F|100/100
|switch|p1b: Sneasler|Sneasler, L50, M|100/100
|switch|p2a: Blastoise|Blastoise, L50, F|100/100
|switch|p2b: Sneasler|Sneasler, L50, M|100/100
|turn|1
|inactive|Battle timer is ON: inactive players will automatically lose when time's up. (requested by NyulaDraws)
|
|t:|1783438956
|move|p2a: Blastoise|Protect|p2a: Blastoise
|-singleturn|p2a: Blastoise|Protect
|move|p1b: Sneasler|Fake Out|p2a: Blastoise
|-activate|p2a: Blastoise|move: Protect
|move|p2b: Sneasler|Fake Out|p1a: Whimsicott
|-damage|p1a: Whimsicott|81/100
|cant|p1a: Whimsicott|flinch
|
|upkeep
|turn|2
|inactive|zephyr1807 has 30 seconds left.
|
|t:|1783438983
|switch|p1b: Metagross|Metagross, L50|100/100
|switch|p2a: Sinistcha|Sinistcha, L50|100/100
|move|p1a: Whimsicott|Encore||[still]
|-fail|p1a: Whimsicott
|move|p2b: Sneasler|Dire Claw|p1a: Whimsicott
|-supereffective|p1a: Whimsicott|2
|-damage|p1a: Whimsicott|0 fnt
|faint|p1a: Whimsicott
|
|upkeep
|
|t:|1783438990
|switch|p1a: Charizard|Charizard, L50, M, shiny|100/100
|turn|3
|
|t:|1783439007
|switch|p2a: Incineroar|Incineroar, L50, F|100/100
|-ability|p2a: Incineroar|Intimidate|boost
|-unboost|p1a: Charizard|atk|1
|-fail|p1b: Metagross|unboost|[from] ability: Clear Body|[of] p1b: Metagross
|detailschange|p1a: Charizard|Charizard-Mega-Y, L50, M, shiny
|-mega|p1a: Charizard|Charizard|Charizardite Y
|-weather|SunnyDay|[from] ability: Drought|[of] p1a: Charizard
|move|p2b: Sneasler|Dire Claw|p1a: Charizard
|-damage|p1a: Charizard|38/100
|move|p1a: Charizard|Heat Wave|p2a: Incineroar|[spread] p2a,p2b
|-resisted|p2a: Incineroar|1
|-damage|p2a: Incineroar|69/100
|-damage|p2b: Sneasler|12/100
|move|p1b: Metagross|Psychic Fangs|p2b: Sneasler
|-supereffective|p2b: Sneasler|2
|-damage|p2b: Sneasler|0 fnt
|faint|p2b: Sneasler
|
|-weather|SunnyDay|[upkeep]
|upkeep
|
|t:|1783439025
|switch|p2b: Blastoise|Blastoise, L50, F|100/100
|turn|4
|
|t:|1783439044
|detailschange|p2b: Blastoise|Blastoise-Mega, L50, F
|-mega|p2b: Blastoise|Blastoise|Blastoisinite
|move|p1a: Charizard|Protect|p1a: Charizard
|-singleturn|p1a: Charizard|Protect
|move|p2a: Incineroar|Fake Out|p1b: Metagross
|-resisted|p1b: Metagross|1
|-damage|p1b: Metagross|94/100
|move|p2b: Blastoise|Dark Pulse|p1a: Charizard
|-activate|p1a: Charizard|move: Protect
|cant|p1b: Metagross|flinch
|
|-weather|SunnyDay|[upkeep]
|-heal|p1b: Metagross|100/100|[from] item: Leftovers
|upkeep
|turn|5
|inactive|zephyr1807 has 30 seconds left.
|
|t:|1783439076
|move|p2b: Blastoise|Protect|p2b: Blastoise
|-singleturn|p2b: Blastoise|Protect
|move|p1b: Metagross|Protect|p1b: Metagross
|-singleturn|p1b: Metagross|Protect
|move|p1a: Charizard|Solar Beam||[still]
|-prepare|p1a: Charizard|Solar Beam
|-anim|p1a: Charizard|Solar Beam|p2b: Blastoise
|-activate|p2b: Blastoise|move: Protect
|move|p2a: Incineroar|Throat Chop|p1a: Charizard
|-damage|p1a: Charizard|0 fnt
|faint|p1a: Charizard
|
|-weather|SunnyDay|[upkeep]
|upkeep
|
|t:|1783439082
|switch|p1a: Sneasler|Sneasler, L50, M|100/100
|turn|6
|
|t:|1783439093
|switch|p2b: Sinistcha|Sinistcha, L50|100/100
|-heal|p2a: Incineroar|94/100|[from] ability: Hospitality|[of] p2b: Sinistcha
|move|p1a: Sneasler|Fake Out|p2b: Sinistcha
|-immune|p2b: Sinistcha
|move|p1b: Metagross|Psychic Fangs|p2b: Sinistcha
|-damage|p2b: Sinistcha|57/100
|move|p2a: Incineroar|Flare Blitz|p1b: Metagross
|-supereffective|p1b: Metagross|1
|-damage|p1b: Metagross|0 fnt
|faint|p1b: Metagross
|-damage|p2a: Incineroar|68/100|[from] Recoil
|
|-weather|SunnyDay|[upkeep]
|upkeep
|turn|7
|
|t:|1783439110
|move|p1a: Sneasler|Close Combat|p2a: Incineroar
|-supereffective|p2a: Incineroar|1
|-damage|p2a: Incineroar|0 fnt
|-unboost|p1a: Sneasler|def|1
|-unboost|p1a: Sneasler|spd|1
|faint|p2a: Incineroar
|-enditem|p1a: Sneasler|White Herb
|-clearnegativeboost|p1a: Sneasler|[silent]
|move|p2b: Sinistcha|Matcha Gotcha|p1a: Sneasler
|-resisted|p1a: Sneasler|1
|-damage|p1a: Sneasler|77/100
|-heal|p2b: Sinistcha|67/100|[from] drain|[of] p1a: Sneasler
|
|-weather|none
|upkeep
|
|t:|1783439122
|switch|p2a: Blastoise|Blastoise-Mega, L50, F|100/100
|turn|8
|
|t:|1783439134
|move|p2b: Sinistcha|Rage Powder|p2b: Sinistcha
|-singleturn|p2b: Sinistcha|move: Rage Powder
|move|p1a: Sneasler|Dire Claw|p2b: Sinistcha
|-damage|p2b: Sinistcha|30/100
|-status|p2b: Sinistcha|par
|move|p2a: Blastoise|Water Spout|p1a: Sneasler
|-damage|p1a: Sneasler|0 fnt
|faint|p1a: Sneasler
|
|win|NyulaDraws
|raw|zephyr1807's rating: 1085 → 1064(-21 for losing)
|raw|NyulaDraws's rating: 1106 → 1129(+23 for winning)
|c|☆NyulaDraws|ggs
|c|☆zephyr1807|gg
|l|☆zephyr1807
|player|p1|
