|j|☆im rune not rine
|j|☆Sky_Yagami95
|html|im rune not rineSky_Yagami95    
|uhtml|bestof|Game 2 of a best-of-3
|t:|1783831658
|gametype|doubles
|player|p1|im rune not rine|1|
|player|p2|Sky_Yagami95|riley|
|gen|9
|tier|[Gen 9 Champions] VGC 2026 Reg M-B (Bo3)
|rule|Species Clause: Limit one of each Pokémon
|rule|Item Clause: Limit 1 of each item
|clearpoke
|poke|p1|Pelipper, L50, M|
|poke|p1|Azumarill, L50, F, shiny|
|poke|p1|Archaludon, L50, M, shiny|
|poke|p1|Dragonite, L50, F|
|poke|p1|Raichu, L50, F|
|poke|p1|Incineroar, L50, M|
|poke|p2|Lycanroc, L50, M|
|poke|p2|Lucario, L50, M|
|poke|p2|Goodra, L50, M|
|poke|p2|Samurott-Hisui, L50, M|
|poke|p2|Altaria, L50, F|
|poke|p2|Umbreon, L50, M|
|teampreview|4
|showteam|p1|Pelipper||DampRock|Drizzle|Hurricane,Uturn,RainDance,Tailwind|Bold||M|||50|]Azumarill||LifeOrb|HugePower|AquaJet,PlayRough,Encore,IceSpinner|Adamant||F|||50|]Archaludon||QuickClaw|Stamina|AuraSphere,DracoMeteor,ElectroShot,Protect|Timid||M|||50|]Dragonite||Dragoninite|Multiscale|DracoMeteor,ExtremeSpeed,IceBeam,WeatherBall|Quiet||F|||50|]Raichu||RaichuniteY|LightningRod|Encore,FakeOut,ZapCannon,FocusBlast|Modest||F|||50|]Incineroar||Leftovers|Intimidate|CloseCombat,DarkestLariat,FakeOut,PartingShot|Impish||M|||50|
|showteam|p2|Lycanroc||FocusSash|KeenEye|PlayRough,DrillRun,Endeavor,SuckerPunch|Jolly||M|||50|]Lucario||Lucarionite|InnerFocus|CloseCombat,MeteorMash,BulletPunch,BrickBreak|Jolly||M|||50|]Goodra||DampRock|Hydration|RainDance,DracoMeteor,Toxic,Rest|Calm||M|||50|]Samurott-Hisui||MentalHerb|Sharpness|AquaCutter,AirSlash,NightSlash,SacredSword|Naive||M|||50|]Altaria||Altarianite|CloudNine|DracoMeteor,BraveBird,Facade,AlluringVoice|Rash||F|||50|]Umbreon||LumBerry|Synchronize|Toxic,Substitute,Moonlight,DarkPulse|Calm||M|||50|
|
|t:|1783831675
|teamsize|p1|4
|teamsize|p2|4
|start
|switch|p1a: plskeeprain|Pelipper, L50, M|100/100
|switch|p1b: BascuIegion|Raichu, L50, F|100/100
|switch|p2a: Goodra|Goodra, L50, M|100/100
|switch|p2b: Altaria|Altaria, L50, F|100/100
|-ability|p2b: Altaria|Cloud Nine
|-weather|RainDance|[from] ability: Drizzle|[of] p1a: plskeeprain
|turn|1
|
|t:|1783831710
|detailschange|p2b: Altaria|Altaria-Mega, L50, F
|-mega|p2b: Altaria|Altaria|Altarianite
|move|p1b: BascuIegion|Fake Out|p2a: Goodra
|-damage|p2a: Goodra|90/100
|move|p2b: Altaria|Alluring Voice|p1b: BascuIegion
|-damage|p1b: BascuIegion|45/100
|cant|p2a: Goodra|flinch
|move|p1a: plskeeprain|Tailwind|p1a: plskeeprain
|-sidestart|p1: im rune not rine|move: Tailwind
|
|-weather|RainDance|[upkeep]
|upkeep
|turn|2
|
|t:|1783831743
|move|p1b: BascuIegion|Focus Blast|p2a: Goodra|[miss]
|-miss|p1b: BascuIegion|p2a: Goodra
|move|p1a: plskeeprain|U-turn|p2a: Goodra
|-damage|p2a: Goodra|80/100
|
|t:|1783831750
|switch|p1a: BaxcaIibur|Archaludon, L50, M, shiny|100/100|[from] U-turn
|move|p2b: Altaria|Alluring Voice|p1b: BascuIegion
|-damage|p1b: BascuIegion|0 fnt
|faint|p1b: BascuIegion
|move|p2a: Goodra|Toxic|p1a: BaxcaIibur
|-immune|p1a: BaxcaIibur
|
|-weather|RainDance|[upkeep]
|upkeep
|
|t:|1783831756
|switch|p1b: Magenton|Dragonite, L50, F|100/100
|turn|3
|
|t:|1783831770
|detailschange|p1b: Magenton|Dragonite-Mega, L50, F
|-mega|p1b: Magenton|Dragonite|Dragoninite
|move|p1a: BaxcaIibur|Electro Shot||[still]
|-prepare|p1a: BaxcaIibur|Electro Shot
|-boost|p1a: BaxcaIibur|spa|1
|-anim|p1a: BaxcaIibur|Electro Shot|p2a: Goodra
|-resisted|p2a: Goodra|1
|-damage|p2a: Goodra|62/100
|move|p1b: Magenton|Ice Beam|p2b: Altaria
|-supereffective|p2b: Altaria|1
|-damage|p2b: Altaria|8/100
|move|p2b: Altaria|Draco Meteor|p1a: BaxcaIibur
|-damage|p1a: BaxcaIibur|9/100
|-unboost|p2b: Altaria|spa|2
|-ability|p1a: BaxcaIibur|Stamina|boost
|-boost|p1a: BaxcaIibur|def|1
|move|p2a: Goodra|Draco Meteor|p1a: BaxcaIibur
|-damage|p1a: BaxcaIibur|0 fnt
|-unboost|p2a: Goodra|spa|2
|faint|p1a: BaxcaIibur
|
|-weather|RainDance|[upkeep]
|upkeep
|
|t:|1783831788
|switch|p1a: plskeeprain|Pelipper, L50, M|100/100
|turn|4
|
|t:|1783831805
|move|p1b: Magenton|Ice Beam|p2a: Goodra
|-supereffective|p2a: Goodra|1
|-damage|p2a: Goodra|27/100
|move|p1a: plskeeprain|Hurricane|p2b: Altaria
|-damage|p2b: Altaria|0 fnt
|faint|p2b: Altaria
|move|p2a: Goodra|Draco Meteor|p1b: Magenton
|-supereffective|p1b: Magenton|1
|-damage|p1b: Magenton|81/100
|-unboost|p2a: Goodra|spa|2
|
|-weather|RainDance|[upkeep]
|-sideend|p1: im rune not rine|move: Tailwind
|upkeep
|
|t:|1783831821
|switch|p2b: Umbreon|Umbreon, L50, M|100/100
|turn|5
|
|t:|1783831834
|move|p1b: Magenton|Ice Beam|p2a: Goodra
|-supereffective|p2a: Goodra|1
|-damage|p2a: Goodra|0 fnt
|faint|p2a: Goodra
|move|p1a: plskeeprain|U-turn|p2b: Umbreon
|-supereffective|p2b: Umbreon|1
|-damage|p2b: Umbreon|85/100
|move|p2b: Umbreon|Substitute|p2b: Umbreon
|-start|p2b: Umbreon|Substitute
|-damage|p2b: Umbreon|60/100
|
|-weather|RainDance|[upkeep]
|upkeep
|
|t:|1783831847
|switch|p2a: Lucario|Lucario, L50, M|100/100
|turn|6
|
|t:|1783831864
|move|p2a: Lucario|Bullet Punch|p1b: Magenton
|-damage|p1b: Magenton|65/100
|move|p1b: Magenton|Weather Ball|p2a: Lucario
|-damage|p2a: Lucario|3/100
|move|p1a: plskeeprain|Hurricane|p2a: Lucario
|-damage|p2a: Lucario|0 fnt
|faint|p2a: Lucario
|move|p2b: Umbreon|Dark Pulse|p1b: Magenton
|-damage|p1b: Magenton|50/100y
|
|-weather|RainDance|[upkeep]
|upkeep
|turn|7
|
|t:|1783831885
|move|p1b: Magenton|Weather Ball|p2b: Umbreon
|-end|p2b: Umbreon|Substitute
|move|p1a: plskeeprain|Hurricane|p2b: Umbreon
|-damage|p2b: Umbreon|40/100
|move|p2b: Umbreon|Toxic|p1a: plskeeprain
|-status|p1a: plskeeprain|tox
|
|-weather|RainDance|[upkeep]
|-damage|p1a: plskeeprain|94/100 tox|[from] psn
|upkeep
|turn|8
|
|t:|1783831900
|move|p1b: Magenton|Draco Meteor|p2b: Umbreon
|-damage|p2b: Umbreon|0 fnt
|-unboost|p1b: Magenton|spa|2
|faint|p2b: Umbreon
|
|win|im rune not rine
|c|☆Sky_Yagami95|GG
|c|☆im rune not rine|gg!
