|j|☆abadanriyi92
|j|☆rowletspin
|html|abadanriyi92rowletspin    
|uhtml|bestof|Game 1 of a best-of-3
|t:|1784338420
|gametype|doubles
|player|p1|abadanriyi92|scientist|1234
|player|p2|rowletspin|101|1288
|gen|9
|tier|[Gen 9 Champions] VGC 2026 Reg M-B (Bo3)
|rated|
|rule|Species Clause: Limit one of each Pokémon
|rule|Item Clause: Limit 1 of each item
|clearpoke
|poke|p1|Gengar, L50, M|
|poke|p1|Archaludon, L50, M|
|poke|p1|Politoed, L50, F|
|poke|p1|Swampert, L50, M|
|poke|p1|Vivillon-Fancy, L50, M|
|poke|p1|Incineroar, L50, F|
|poke|p2|Raichu, L50, M|
|poke|p2|Corviknight, L50, F|
|poke|p2|Sylveon, L50, M|
|poke|p2|Basculegion, L50, M|
|poke|p2|Mamoswine, L50, M|
|poke|p2|Tyranitar, L50, F|
|teampreview|4
|showteam|p1|Gengar||Gengarite|CursedBody|ShadowBall,SludgeBomb,PerishSong,Protect|Modest||M|||50|]Archaludon||Leftovers|Stamina|ElectroShot,DragonPulse,FlashCannon,Protect|Bold||M|||50|]Politoed||SitrusBerry|Drizzle|WeatherBall,Hypnosis,PerishSong,Protect|Calm||F|||50|]Swampert||Swampertite|Torrent|WaveCrash,Earthquake,IcePunch,Protect|Adamant||M|||50|]Vivillon-Fancy||FocusSash|CompoundEyes|Hurricane,SleepPowder,RagePowder,Protect|Timid||M|||50|]Incineroar||PasshoBerry|Intimidate|ThroatChop,FakeOut,PartingShot,Protect|Impish||F|||50|
|showteam|p2|Raichu||RaichuniteY|LightningRod|ZapCannon,FocusBlast,FakeOut,Protect|Timid||M|||50|]Corviknight||Leftovers|MirrorArmor|BraveBird,IronHead,Tailwind,Protect|Careful||F|||50|]Sylveon||FairyFeather|Pixilate|HyperVoice,QuickAttack,Protect,Yawn|Modest||M|||50|]Basculegion||MysticWater|Adaptability|WaveCrash,LastRespects,AquaJet,Protect|Adamant||M|||50|]Mamoswine||LifeOrb|Oblivious|HighHorsepower,IcicleCrash,IceShard,Protect|Adamant||M|||50|]Tyranitar||FocusSash|SandStream|RockSlide,KnockOff,Superpower,Protect|Adamant||F|||50|
|inactive|Battle timer is ON: inactive players will automatically lose when time's up. (requested by rowletspin)
|inactive|abadanriyi92 has 60 seconds left.
|
|t:|1784338455
|teamsize|p1|4
|teamsize|p2|4
|start
|switch|p1a: Swampert|Swampert, L50, M|100/100
|switch|p1b: Archaludon|Archaludon, L50, M|100/100
|switch|p2a: Tyranitar|Tyranitar, L50, F|100/100
|switch|p2b: Basculegion|Basculegion, L50, M|100/100
|-weather|Sandstorm|[from] ability: Sand Stream|[of] p2a: Tyranitar
|turn|1
|inactive|abadanriyi92 has 30 seconds left.
|inactive|abadanriyi92 has 20 seconds left.
|inactive|abadanriyi92 has 15 seconds left.
|inactive|abadanriyi92 has 10 seconds left.
|
|t:|1784338503
|switch|p1a: Politoed|Politoed, L50, F|100/100
|-weather|RainDance|[from] ability: Drizzle|[of] p1a: Politoed
|move|p2b: Basculegion|Protect|p2b: Basculegion
|-singleturn|p2b: Basculegion|Protect
|move|p2a: Tyranitar|Knock Off|p1b: Archaludon
|-damage|p1b: Archaludon|64/100
|-ability|p1b: Archaludon|Stamina|boost
|-boost|p1b: Archaludon|def|1
|-enditem|p1b: Archaludon|Leftovers|[from] move: Knock Off|[of] p2a: Tyranitar
|move|p1b: Archaludon|Electro Shot||[still]
|-prepare|p1b: Archaludon|Electro Shot
|-boost|p1b: Archaludon|spa|1
|-anim|p1b: Archaludon|Electro Shot|p2b: Basculegion
|-activate|p2b: Basculegion|move: Protect
|
|-weather|RainDance|[upkeep]
|upkeep
|turn|2
|
|t:|1784338523
|switch|p2b: Raichu|Raichu, L50, M|100/100
|move|p2a: Tyranitar|Knock Off|p1a: Politoed
|-damage|p1a: Politoed|42/100
|-enditem|p1a: Politoed|Sitrus Berry|[from] move: Knock Off|[of] p2a: Tyranitar
|move|p1b: Archaludon|Electro Shot||[still]
|-prepare|p1b: Archaludon|Electro Shot
|-boost|p1b: Archaludon|spa|1
|-anim|p1b: Archaludon|Electro Shot|p2b: Raichu
|-ability|p2b: Raichu|Lightning Rod|boost
|-boost|p2b: Raichu|spa|1
|move|p1a: Politoed|Weather Ball|p2a: Tyranitar
|-supereffective|p2a: Tyranitar|1
|-damage|p2a: Tyranitar|2/100
|
|-weather|RainDance|[upkeep]
|upkeep
|turn|3
|inactive|abadanriyi92 has 30 seconds left.
|inactive|rowletspin has 30 seconds left.
|
|t:|1784338552
|switch|p1b: Incineroar|Incineroar, L50, F|100/100
|-ability|p1b: Incineroar|Intimidate|boost
|-unboost|p2a: Tyranitar|atk|1
|-unboost|p2b: Raichu|atk|1
|detailschange|p2b: Raichu|Raichu-Mega-Y, L50, M
|-mega|p2b: Raichu|Raichu|Raichunite Y
|move|p1a: Politoed|Protect|p1a: Politoed
|-singleturn|p1a: Politoed|Protect
|move|p2b: Raichu|Focus Blast|p1b: Incineroar
|-supereffective|p1b: Incineroar|1
|-damage|p1b: Incineroar|0 fnt
|faint|p1b: Incineroar
|move|p2a: Tyranitar|Rock Slide|p1a: Politoed
|-activate|p1a: Politoed|move: Protect
|
|-weather|RainDance|[upkeep]
|upkeep
|
|t:|1784338571
|switch|p1b: Swampert|Swampert, L50, M|100/100
|turn|4
|
|t:|1784338592
|switch|p2a: Sylveon|Sylveon, L50, M|100/100
|detailschange|p1b: Swampert|Swampert-Mega, L50, M
|-mega|p1b: Swampert|Swampert|Swampertite
|move|p2b: Raichu|Protect|p2b: Raichu
|-singleturn|p2b: Raichu|Protect
|move|p1b: Swampert|Wave Crash|p2b: Raichu
|-activate|p2b: Raichu|move: Protect
|move|p1a: Politoed|Weather Ball|p2a: Sylveon
|-damage|p2a: Sylveon|64/100
|
|-weather|RainDance|[upkeep]
|upkeep
|turn|5
|
|t:|1784338611
|switch|p2b: Tyranitar|Tyranitar, L50, F|2/100
|-weather|Sandstorm|[from] ability: Sand Stream|[of] p2b: Tyranitar
|move|p1a: Politoed|Protect|p1a: Politoed
|-singleturn|p1a: Politoed|Protect
|move|p1b: Swampert|Earthquake|p2b: Tyranitar|[spread] p2a,p2b
|-activate|p1a: Politoed|move: Protect
|-supereffective|p2b: Tyranitar|1
|-damage|p2a: Sylveon|8/100
|-damage|p2b: Tyranitar|0 fnt
|faint|p2b: Tyranitar
|move|p2a: Sylveon|Hyper Voice|p1a: Politoed|[spread] p1b
|-activate|p1a: Politoed|move: Protect
|-damage|p1b: Swampert|58/100
|
|-weather|Sandstorm|[upkeep]
|-damage|p2a: Sylveon|2/100|[from] Sandstorm
|-damage|p1a: Politoed|36/100|[from] Sandstorm
|upkeep
|
|t:|1784338626
|switch|p2b: Basculegion|Basculegion, L50, M|100/100
|turn|6
|
|t:|1784338638
|switch|p1a: Archaludon|Archaludon, L50, M|64/100
|move|p1b: Swampert|Protect|p1b: Swampert
|-singleturn|p1b: Swampert|Protect
|move|p2b: Basculegion|Wave Crash|p1b: Swampert
|-activate|p1b: Swampert|move: Protect
|move|p2a: Sylveon|Hyper Voice|p1b: Swampert|[spread] p1a
|-activate|p1b: Swampert|move: Protect
|-damage|p1a: Archaludon|20/100y
|-ability|p1a: Archaludon|Stamina|boost
|-boost|p1a: Archaludon|def|1
|
|-weather|Sandstorm|[upkeep]
|-damage|p2b: Basculegion|94/100|[from] Sandstorm
|-damage|p2a: Sylveon|0 fnt|[from] Sandstorm
|faint|p2a: Sylveon
|upkeep
|
|t:|1784338641
|switch|p2a: Raichu|Raichu-Mega-Y, L50, M|100/100
|turn|7
|inactive|abadanriyi92 has 30 seconds left.
|inactive|abadanriyi92 has 20 seconds left.
|inactive|abadanriyi92 has 15 seconds left.
|inactive|abadanriyi92 has 10 seconds left.
|
|t:|1784338687
|switch|p1b: Politoed|Politoed, L50, F|36/100
|-weather|RainDance|[from] ability: Drizzle|[of] p1b: Politoed
|move|p2a: Raichu|Fake Out|p1b: Politoed
|-damage|p1b: Politoed|28/100
|move|p2b: Basculegion|Last Respects|p1a: Archaludon
|-damage|p1a: Archaludon|0 fnt
|faint|p1a: Archaludon
|
|-weather|RainDance|[upkeep]
|upkeep
|
|t:|1784338699
|switch|p1a: Swampert|Swampert-Mega, L50, M|58/100
|turn|8
|inactive|abadanriyi92 has 30 seconds left.
|
|t:|1784338732
|move|p1a: Swampert|Protect|p1a: Swampert
|-singleturn|p1a: Swampert|Protect
|move|p2a: Raichu|Zap Cannon|p1b: Politoed
|-supereffective|p1b: Politoed|1
|-damage|p1b: Politoed|0 fnt
|faint|p1b: Politoed
|move|p2b: Basculegion|Wave Crash|p1a: Swampert
|-activate|p1a: Swampert|move: Protect
|
|-weather|RainDance|[upkeep]
|upkeep
|turn|9
|
|t:|1784338746
|move|p1a: Swampert|Earthquake|p2a: Raichu|[spread] p2a,p2b
|-supereffective|p2a: Raichu|1
|-damage|p2a: Raichu|0 fnt
|-damage|p2b: Basculegion|41/100
|faint|p2a: Raichu
|move|p2b: Basculegion|Wave Crash|p1a: Swampert
|-damage|p1a: Swampert|0 fnt
|faint|p1a: Swampert
|-damage|p2b: Basculegion|25/100|[from] Recoil
|
|win|rowletspin
|inactive|abadanriyi92 has 30 seconds to confirm battle start!
|inactive|rowletspin has 30 seconds to confirm battle start!
||rowletspin is ready for game 2.
||abadanriyi92 is ready for game 2.
|uhtml|next|Next: Game 2 of 3
|l|☆rowletspin
|player|p2|
