|j|☆rokesaurio
|j|☆zombie wan kenobi
|html|rokesauriozombie wan kenobi    
|uhtml|bestof|Game 3 of a best-of-3
|t:|1782568596
|gametype|doubles
|player|p1|rokesaurio|170|1065
|player|p2|zombie wan kenobi|102|1000
|gen|9
|tier|[Gen 9 Champions] VGC 2026 Reg M-B (Bo3)
|rated|
|rule|Species Clause: Limit one of each Pokémon
|rule|Item Clause: Limit 1 of each item
|clearpoke
|poke|p1|Incineroar, L50, M|
|poke|p1|Pyroar, L50, M|
|poke|p1|Mawile, L50, M|
|poke|p1|Torkoal, L50, F|
|poke|p1|Farigiraf, L50, M|
|poke|p1|Whimsicott, L50, F|
|poke|p2|Dragonite, L50, M|
|poke|p2|Gholdengo, L50|
|poke|p2|Malamar, L50, M|
|poke|p2|Maushold, L50|
|poke|p2|Venusaur, L50, M|
|poke|p2|Pelipper, L50, M|
|teampreview|4
|showteam|p1|Incineroar||ShucaBerry|Intimidate|FakeOut,FlareBlitz,DarkestLariat,PartingShot|Careful||M|||50|]Pyroar||Pyroarite|Unnerve|HeatWave,Overheat,Flamethrower,Protect|Modest||M|||50|]Mawile||Mawilite|HyperCutter|IronHead,SuckerPunch,PlayRough,Protect|Brave||M|||50|]Torkoal||HeatRock|Drought|Eruption,HelpingHand,EarthPower,WeatherBall|Quiet||F|||50|]Farigiraf||SitrusBerry|ArmorTail|TrickRoom,TwinBeam,Thunderbolt,HelpingHand|Bold||M|||50|]Whimsicott||FocusSash|Prankster|Tailwind,SunnyDay,EnergyBall,Encore|Timid||F|||50|
|showteam|p2|Dragonite||Dragoninite|Multiscale|DracoMeteor,HeatWave,Thunderbolt,Protect|Timid||M|||50|]Gholdengo||LifeOrb|GoodasGold|MakeItRain,ShadowBall,Protect,NastyPlot|Timid|||||50|]Malamar||ChoiceScarf|Contrary|SkillSwap,TopsyTurvy,Hypnosis,Superpower|Timid||M|||50|]Maushold||ChopleBerry|FriendGuard|FollowMe,Protect,PopulationBomb,Encore|Timid|||||50|]Venusaur||Venusaurite|Chlorophyll|SludgeBomb,GigaDrain,Protect,EarthPower|Modest||M|||50|]Pelipper||DampRock|Drizzle|Hurricane,WeatherBall,Tailwind,WideGuard|Modest||M|||50|
|inactive|Battle timer is ON: inactive players will automatically lose when time's up. (requested by rokesaurio)
|
|t:|1782568626
|teamsize|p1|4
|teamsize|p2|4
|start
|switch|p1a: Pyroar|Pyroar, L50, M|100/100
|switch|p1b: Whimsicott|Whimsicott, L50, F|100/100
|switch|p2a: Dragonite|Dragonite, L50, M|100/100
|switch|p2b: Malamar|Malamar, L50, M|100/100
|-ability|p1a: Pyroar|Unnerve
|turn|1
|inactive|rokesaurio has 30 seconds left.
|inactive|rokesaurio has 20 seconds left.
|inactive|rokesaurio has 15 seconds left.
|inactive|rokesaurio has 10 seconds left.
|
|t:|1782568674
|detailschange|p1a: Pyroar|Pyroar-Mega, L50, M
|-mega|p1a: Pyroar|Pyroar|Pyroarite
|move|p1a: Pyroar|Protect|p1a: Pyroar
|-singleturn|p1a: Pyroar|Protect
|move|p1b: Whimsicott|Tailwind|p1b: Whimsicott
|-sidestart|p1: rokesaurio|move: Tailwind
|move|p2b: Malamar|Skill Swap|p2a: Dragonite
|-activate|p2b: Malamar|Skill Swap|||[of] p2a: Dragonite
|move|p2a: Dragonite|Draco Meteor|p1a: Pyroar
|-activate|p1a: Pyroar|move: Protect
|
|upkeep
|turn|2
|
|t:|1782568693
|move|p1b: Whimsicott|Sunny Day|p1b: Whimsicott
|-weather|SunnyDay
|move|p1a: Pyroar|Heat Wave|p2a: Dragonite|[spread] p2a,p2b
|-resisted|p2a: Dragonite|1
|-damage|p2a: Dragonite|59/100
|-damage|p2b: Malamar|47/100
|-status|p2b: Malamar|brn
|move|p2b: Malamar|Skill Swap|p1b: Whimsicott
|-activate|p2b: Malamar|Skill Swap|Prankster|Multiscale|[of] p1b: Whimsicott
|move|p2a: Dragonite|Draco Meteor|p1a: Pyroar|[miss]
|-miss|p2a: Dragonite|p1a: Pyroar
|
|-weather|SunnyDay|[upkeep]
|-damage|p2b: Malamar|41/100 brn|[from] brn
|upkeep
|turn|3
|inactive|rokesaurio has 30 seconds left.
|inactive|rokesaurio has 20 seconds left.
|
|t:|1782568730
|switch|p1a: Incineroar|Incineroar, L50, M|100/100
|-ability|p1a: Incineroar|Intimidate|boost
|-boost|p2a: Dragonite|atk|1
|-unboost|p2b: Malamar|atk|1
|switch|p2b: Pelipper|Pelipper, L50, M|100/100
|-weather|RainDance|[from] ability: Drizzle|[of] p2b: Pelipper
|move|p1b: Whimsicott|Energy Ball|p2b: Pelipper
|-damage|p2b: Pelipper|37/100
|move|p2a: Dragonite|Draco Meteor|p1a: Incineroar
|-damage|p1a: Incineroar|59/100
|-boost|p2a: Dragonite|spa|2
|
|-weather|RainDance|[upkeep]
|upkeep
|turn|4
|inactive|zombie wan kenobi has 30 seconds left.
|
|t:|1782568756
|switch|p2b: Venusaur|Venusaur, L50, M|100/100
|move|p1a: Incineroar|Fake Out|p2a: Dragonite
|-damage|p2a: Dragonite|50/100y
|move|p1b: Whimsicott|Energy Ball|p2b: Venusaur
|-resisted|p2b: Venusaur|2
|-damage|p2b: Venusaur|91/100
|cant|p2a: Dragonite|flinch
|
|-weather|RainDance|[upkeep]
|-sideend|p1: rokesaurio|move: Tailwind
|upkeep
|turn|5
|
|t:|1782568780
|detailschange|p2b: Venusaur|Venusaur-Mega, L50, M
|-mega|p2b: Venusaur|Venusaur|Venusaurite
|move|p1b: Whimsicott|Sunny Day|p1b: Whimsicott
|-weather|SunnyDay
|move|p2a: Dragonite|Draco Meteor|p1a: Incineroar
|-damage|p1a: Incineroar|0 fnt
|-boost|p2a: Dragonite|spa|2
|faint|p1a: Incineroar
|move|p2b: Venusaur|Sludge Bomb|p1b: Whimsicott
|-supereffective|p1b: Whimsicott|2
|-enditem|p1b: Whimsicott|Focus Sash
|-damage|p1b: Whimsicott|1/100
|
|-weather|SunnyDay|[upkeep]
|upkeep
|
|t:|1782568786
|switch|p1a: Pyroar|Pyroar-Mega, L50, M|100/100
|turn|6
|
|t:|1782568795
|switch|p2b: Pelipper|Pelipper, L50, M|37/100
|-weather|RainDance|[from] ability: Drizzle|[of] p2b: Pelipper
|move|p1b: Whimsicott|Sunny Day|p1b: Whimsicott
|-weather|SunnyDay
|move|p1a: Pyroar|Flamethrower|p2a: Dragonite
|-resisted|p2a: Dragonite|1
|-damage|p2a: Dragonite|0 fnt
|faint|p2a: Dragonite
|
|-weather|SunnyDay|[upkeep]
|upkeep
|
|t:|1782568805
|switch|p2a: Malamar|Malamar, L50, M|41/100 brn
|turn|7
|
|t:|1782568830
|switch|p2b: Venusaur|Venusaur-Mega, L50, M|91/100
|move|p2a: Malamar|Hypnosis|p1a: Pyroar
|-status|p1a: Pyroar|slp|[from] move: Hypnosis
|move|p1b: Whimsicott|Tailwind|p1b: Whimsicott
|-sidestart|p1: rokesaurio|move: Tailwind
|cant|p1a: Pyroar|slp
|
|-weather|SunnyDay|[upkeep]
|-damage|p2a: Malamar|35/100 brn|[from] brn
|upkeep
|turn|8
|
|t:|1782568857
|switch|p2a: Pelipper|Pelipper, L50, M|37/100
|-weather|RainDance|[from] ability: Drizzle|[of] p2a: Pelipper
|cant|p1a: Pyroar|slp
|move|p1b: Whimsicott|Energy Ball|p2a: Pelipper
|-damage|p2a: Pelipper|0 fnt
|faint|p2a: Pelipper
|move|p2b: Venusaur|Earth Power|p1a: Pyroar
|-supereffective|p1a: Pyroar|1
|-damage|p1a: Pyroar|30/100 slp
|
|-weather|RainDance|[upkeep]
|upkeep
|
|t:|1782568869
|switch|p2a: Malamar|Malamar, L50, M|35/100 brn
|turn|9
|inactive|rokesaurio has 30 seconds left.
|inactive|rokesaurio has 20 seconds left.
|inactive|rokesaurio has 15 seconds left.
|inactive|rokesaurio has 10 seconds left.
|inactive|rokesaurio has 5 seconds left.
|
|t:|1782568924
|move|p1b: Whimsicott|Tailwind||[still]
|-fail|p1b: Whimsicott
|-curestatus|p1a: Pyroar|slp|[msg]
|move|p1a: Pyroar|Heat Wave|p2a: Malamar|[spread] p2a,p2b
|-crit|p2a: Malamar
|-supereffective|p2b: Venusaur|1
|-damage|p2a: Malamar|0 fnt
|-damage|p2b: Venusaur|65/100
|faint|p2a: Malamar
|move|p2b: Venusaur|Earth Power|p1a: Pyroar
|-supereffective|p1a: Pyroar|1
|-damage|p1a: Pyroar|0 fnt
|faint|p1a: Pyroar
|
|-weather|RainDance|[upkeep]
|upkeep
|inactive|rokesaurio has 30 seconds left.
|inactive|rokesaurio has 20 seconds left.
|l|☆rokesaurio
|inactive|rokesaurio disconnected and has a minute to reconnect!
|player|p1|
|inactive|rokesaurio has 15 seconds left.
|inactive|rokesaurio has 10 seconds left.
|inactive|rokesaurio has 5 seconds left.
|-message|rokesaurio lost due to inactivity.
|
|win|zombie wan kenobi
