|j|☆sohaib
|j|☆kakunaka
|html|sohaibkakunaka    
|uhtml|bestof|Game 2 of a best-of-3
|t:|1784545706
|gametype|doubles
|player|p1|sohaib|#smogonxnpa2026draftee2|
|player|p2|kakunaka|#smogonxnpa2025draftee2|
|gen|9
|tier|[Gen 9 Champions] VGC 2026 Reg M-B (Bo3)
|rule|Species Clause: Limit one of each Pokémon
|rule|Item Clause: Limit 1 of each item
|clearpoke
|poke|p1|Charizard, L50, F|
|poke|p1|Venusaur, L50, M|
|poke|p1|Incineroar, L50, F|
|poke|p1|Garchomp, L50, M|
|poke|p1|Toxapex, L50, F|
|poke|p1|Annihilape, L50, F|
|poke|p2|Garchomp, L50, M|
|poke|p2|Charizard, L50, F|
|poke|p2|Toxapex, L50, M|
|poke|p2|Annihilape, L50, F|
|poke|p2|Venusaur, L50, F|
|poke|p2|Incineroar, L50, M|
|teampreview|4
|showteam|p1|Charizard||CharizarditeY|Blaze|Protect,HeatWave,WeatherBall,HelpingHand|Modest||F|||50|]Venusaur||LifeOrb|Chlorophyll|Protect,SolarBeam,SludgeBomb,EarthPower|Modest||M|||50|]Incineroar||SitrusBerry|Intimidate|FakeOut,PartingShot,FlareBlitz,ThroatChop|Impish||F|||50|]Garchomp||ChoiceScarf|RoughSkin|RockSlide,Earthquake,DragonClaw,StompingTantrum|Adamant||M|||50|]Toxapex||Leftovers|Regenerator|Infestation,Toxic,WideGuard,BanefulBunker|Impish||F|||50|]Annihilape||FocusSash|Defiant|RockTomb,CloseCombat,PhantomForce,Protect|Jolly||F|||50|
|showteam|p2|Garchomp||ChoiceScarf|RoughSkin|Earthquake,RockSlide,DragonClaw,StompingTantrum|Adamant||M|||50|]Charizard||CharizarditeY|Blaze|HeatWave,WeatherBall,Protect,HelpingHand|Modest||F|||50|]Toxapex||Leftovers|Regenerator|Infestation,Toxic,WideGuard,BanefulBunker|Impish||M|||50|]Annihilape||FocusSash|Defiant|CloseCombat,PhantomForce,RockTomb,Protect|Jolly||F|||50|]Venusaur||LifeOrb|Chlorophyll|SolarBeam,SludgeBomb,EarthPower,Protect|Modest||F|||50|]Incineroar||SitrusBerry|Intimidate|FakeOut,FlareBlitz,ThroatChop,PartingShot|Impish||M|||50|
|j| blaze7989
|j| Sir AaronVGC
|j| Axior
|j| Galahad Excalibur
|j| Code
|j| nashvgc7
|l| Code
|j| Orlandolt
|j| jmodri
|l|☆sohaib
|player|p1|
|j|☆sohaib
|player|p1|sohaib|#smogonxnpa2026draftee2|
|inactive|Battle timer is ON: inactive players will automatically lose when time's up. (requested by sohaib)
|
|t:|1784545825
|teamsize|p1|4
|teamsize|p2|4
|start
|switch|p1a: Charizard|Charizard, L50, F|100/100
|switch|p1b: Annihilape|Annihilape, L50, F|100/100
|switch|p2a: Toxapex|Toxapex, L50, M|100/100
|switch|p2b: Annihilape|Annihilape, L50, F|100/100
|turn|1
|inactive|kakunaka has 30 seconds left.
|
|t:|1784545850
|detailschange|p1a: Charizard|Charizard-Mega-Y, L50, F
|-mega|p1a: Charizard|Charizard|Charizardite Y
|-weather|SunnyDay|[from] ability: Drought|[of] p1a: Charizard
|move|p2b: Annihilape|Phantom Force||[still]
|-prepare|p2b: Annihilape|Phantom Force
|move|p1b: Annihilape|Rock Tomb|p2b: Annihilape|[miss]
|-miss|p1b: Annihilape|p2b: Annihilape
|move|p1a: Charizard|Weather Ball|p2b: Annihilape|[miss]
|-miss|p1a: Charizard|p2b: Annihilape
|move|p2a: Toxapex|Toxic|p1b: Annihilape
|-status|p1b: Annihilape|tox
|
|-weather|SunnyDay|[upkeep]
|-damage|p1b: Annihilape|94/100 tox|[from] psn
|upkeep
|turn|2
|inactive|kakunaka has 30 seconds left.
|
|t:|1784545882
|switch|p1b: Garchomp|Garchomp, L50, M|100/100
|move|p2b: Annihilape|Phantom Force|p1a: Charizard|[from] lockedmove
|-damage|p1a: Charizard|57/100
|move|p1a: Charizard|Weather Ball|p2b: Annihilape
|-damage|p2b: Annihilape|14/100
|move|p2a: Toxapex|Infestation|p1a: Charizard
|-resisted|p1a: Charizard|2
|-damage|p1a: Charizard|56/100
|-activate|p1a: Charizard|move: Infestation|[of] p2a: Toxapex
|
|-weather|SunnyDay|[upkeep]
|-damage|p1a: Charizard|44/100|[from] move: Infestation|[partiallytrapped]
|upkeep
|turn|3
|inactive|kakunaka has 30 seconds left.
|inactive|kakunaka has 20 seconds left.
|inactive|kakunaka has 15 seconds left.
|inactive|kakunaka has 10 seconds left.
|
|t:|1784545928
|move|p1b: Garchomp|Dragon Claw|p2b: Annihilape
|-crit|p2b: Annihilape
|-damage|p2b: Annihilape|0 fnt
|faint|p2b: Annihilape
|move|p1a: Charizard|Weather Ball|p2a: Toxapex
|-resisted|p2a: Toxapex|1
|-damage|p2a: Toxapex|65/100
|move|p2a: Toxapex|Toxic|p1b: Garchomp
|-status|p1b: Garchomp|tox
|
|-weather|SunnyDay|[upkeep]
|-heal|p2a: Toxapex|71/100|[from] item: Leftovers
|-damage|p1b: Garchomp|94/100 tox|[from] psn
|-damage|p1a: Charizard|32/100|[from] move: Infestation|[partiallytrapped]
|upkeep
|j| Code
|
|t:|1784545943
|switch|p2b: Venusaur|Venusaur, L50, F|100/100
|turn|4
|j| K0nqueror
|
|t:|1784545961
|move|p2b: Venusaur|Sludge Bomb|p1a: Charizard
|-damage|p1a: Charizard|0 fnt
|faint|p1a: Charizard
|-damage|p2b: Venusaur|90/100|[from] item: Life Orb
|move|p1b: Garchomp|Dragon Claw|p2b: Venusaur
|-damage|p2b: Venusaur|29/100
|move|p2a: Toxapex|Infestation|p1b: Garchomp
|-damage|p1b: Garchomp|90/100 tox
|-activate|p1b: Garchomp|move: Infestation|[of] p2a: Toxapex
|-damage|p2a: Toxapex|59/100|[from] ability: Rough Skin|[of] p1b: Garchomp
|
|-weather|SunnyDay|[upkeep]
|-heal|p2a: Toxapex|64/100|[from] item: Leftovers
|-damage|p1b: Garchomp|79/100 tox|[from] psn
|-damage|p1b: Garchomp|66/100 tox|[from] move: Infestation|[partiallytrapped]
|upkeep
|
|t:|1784545966
|switch|p1a: Venusaur|Venusaur, L50, M|100/100
|turn|5
|inactive|kakunaka has 30 seconds left.
|inactive|kakunaka has 20 seconds left.
|inactive|kakunaka has 15 seconds left.
|inactive|kakunaka has 10 seconds left.
|inactive|kakunaka has 5 seconds left.
|
|t:|1784546019
|move|p1a: Venusaur|Sludge Bomb|p2b: Venusaur
|-damage|p2b: Venusaur|0 fnt
|faint|p2b: Venusaur
|-damage|p1a: Venusaur|90/100|[from] item: Life Orb
|move|p1b: Garchomp|Dragon Claw|p2a: Toxapex
|-damage|p2a: Toxapex|33/100
|move|p2a: Toxapex|Infestation|p1a: Venusaur
|-damage|p1a: Venusaur|87/100
|-activate|p1a: Venusaur|move: Infestation|[of] p2a: Toxapex
|
|-weather|none
|-heal|p2a: Toxapex|39/100|[from] item: Leftovers
|-damage|p1b: Garchomp|49/100 tox|[from] psn
|-damage|p1a: Venusaur|75/100|[from] move: Infestation|[partiallytrapped]
|-damage|p1b: Garchomp|36/100 tox|[from] move: Infestation|[partiallytrapped]
|upkeep
|
|t:|1784546025
|switch|p2b: Charizard|Charizard, L50, F|100/100
|turn|6
|l| Code
|j| 1500oneveryladder
|
|t:|1784546046
|move|p2b: Charizard|Protect|p2b: Charizard
|-singleturn|p2b: Charizard|Protect
|move|p1a: Venusaur|Protect|p1a: Venusaur
|-singleturn|p1a: Venusaur|Protect
|move|p2a: Toxapex|Baneful Bunker|p2a: Toxapex
|-singleturn|p2a: Toxapex|move: Protect
|move|p1b: Garchomp|Dragon Claw|p2b: Charizard
|-activate|p2b: Charizard|move: Protect
|
|-heal|p2a: Toxapex|45/100|[from] item: Leftovers
|-damage|p1b: Garchomp|13/100 tox|[from] psn
|-damage|p1b: Garchomp|1/100 tox|[from] move: Infestation|[partiallytrapped]
|-damage|p1a: Venusaur|63/100|[from] move: Infestation|[partiallytrapped]
|upkeep
|turn|7
|j| Code
|inactive|kakunaka has 30 seconds left.
|inactive|kakunaka has 20 seconds left.
|inactive|kakunaka has 15 seconds left.
|
|t:|1784546091
|move|p1a: Venusaur|Protect||[still]
|-fail|p1a: Venusaur
|move|p1b: Garchomp|Dragon Claw|p2b: Charizard
|-damage|p2b: Charizard|53/100
|move|p2b: Charizard|Heat Wave|p1b: Garchomp|[spread] p1a,p1b
|-supereffective|p1a: Venusaur|1
|-resisted|p1b: Garchomp|1
|-damage|p1a: Venusaur|0 fnt
|-damage|p1b: Garchomp|0 fnt
|faint|p1a: Venusaur
|faint|p1b: Garchomp
|move|p2a: Toxapex|Infestation|p1: Venusaur|[notarget]
|-fail|p2a: Toxapex
|
|-heal|p2a: Toxapex|50/100g|[from] item: Leftovers
|upkeep
|
|t:|1784546095
|switch|p1b: Annihilape|Annihilape, L50, F|94/100 tox
|turn|8
|l| Code
|inactive|kakunaka has 30 seconds left.
|j| Anoother aetlas
|inactive|kakunaka has 20 seconds left.
|l| K0nqueror
|inactive|kakunaka has 15 seconds left.
|
|t:|1784546136
|move|p2b: Charizard|Protect|p2b: Charizard
|-singleturn|p2b: Charizard|Protect
|move|p2a: Toxapex|Baneful Bunker|p2a: Toxapex
|-singleturn|p2a: Toxapex|move: Protect
|move|p1b: Annihilape|Rock Tomb|p2b: Charizard
|-activate|p2b: Charizard|move: Protect
|
|-heal|p2a: Toxapex|56/100|[from] item: Leftovers
|-damage|p1b: Annihilape|88/100 tox|[from] psn
|upkeep
|turn|9
|
|t:|1784546145
|detailschange|p2b: Charizard|Charizard-Mega-Y, L50, F
|-mega|p2b: Charizard|Charizard|Charizardite Y
|-weather|SunnyDay|[from] ability: Drought|[of] p2b: Charizard
|move|p1b: Annihilape|Rock Tomb|p2b: Charizard
|-supereffective|p2b: Charizard|2
|-damage|p2b: Charizard|0 fnt
|faint|p2b: Charizard
|move|p2a: Toxapex|Infestation|p1b: Annihilape
|-resisted|p1b: Annihilape|2
|-damage|p1b: Annihilape|87/100 tox
|-activate|p1b: Annihilape|move: Infestation|[of] p2a: Toxapex
|
|-weather|SunnyDay|[upkeep]
|-heal|p2a: Toxapex|62/100|[from] item: Leftovers
|-damage|p1b: Annihilape|75/100 tox|[from] psn
|-damage|p1b: Annihilape|63/100 tox|[from] move: Infestation|[partiallytrapped]
|upkeep
|turn|10
|j| Code
|
|t:|1784546159
|move|p2a: Toxapex|Baneful Bunker|p2a: Toxapex
|-singleturn|p2a: Toxapex|move: Protect
|move|p1b: Annihilape|Phantom Force||[still]
|-prepare|p1b: Annihilape|Phantom Force
|
|-weather|SunnyDay|[upkeep]
|-heal|p2a: Toxapex|68/100|[from] item: Leftovers
|-damage|p1b: Annihilape|45/100 tox|[from] psn
|-damage|p1b: Annihilape|33/100 tox|[from] move: Infestation|[partiallytrapped]
|upkeep
|turn|11
|
|t:|1784546164
|move|p1b: Annihilape|Phantom Force|p2a: Toxapex|[from] lockedmove
|-crit|p2a: Toxapex
|-damage|p2a: Toxapex|23/100
|move|p2a: Toxapex|Infestation|p1b: Annihilape
|-resisted|p1b: Annihilape|2
|-damage|p1b: Annihilape|33/100 tox
|
|-weather|SunnyDay|[upkeep]
|-heal|p2a: Toxapex|29/100|[from] item: Leftovers
|-damage|p1b: Annihilape|9/100 tox|[from] psn
|-damage|p1b: Annihilape|0 fnt|[from] move: Infestation|[partiallytrapped]
|faint|p1b: Annihilape
|
|win|kakunaka
||kakunaka is ready for game 3.
||sohaib is ready for game 3.
|uhtml|next|Next: Game 3 of 3
|l| Code
|j| Finabas
|j| K0nqueror
|l| Galahad Excalibur
|l| Anoother aetlas
|j| Galahad Excalibur
|j| marcofiero
|l| 1500oneveryladder
|l| Finabas
|l| K0nqueror
|j| Code
|j| Hecate2
|l| Code
|j| Code
|j| K0nqueror
|l| Code
|l| jmodri
|j| jmodri
|l| jmodri
|l| K0nqueror
|l| Galahad Excalibur
|l|☆sohaib
|player|p1|
|l| Orlandolt
|l| Axior
|j| K0nqueror
|l| K0nqueror
|l| marcofiero
|l| nashvgc7
|j| cablevgc
|l| cablevgc
|l| Hecate2
|j| ido1234567890
|l| blaze7989
|j| fangfangfan
|l| fangfangfan
|j| Code
