|j|☆Filippo1226
|j|☆Gi1796
|html|Filippo1226Gi1796    
|uhtml|bestof|Game 2 of a best-of-3
|t:|1756832770
|gametype|doubles
|player|p1|Filippo1226|dragontamer|1192
|player|p2|Gi1796|169|1221
|gen|9
|tier|[Gen 9] VGC 2025 Reg H (Bo3)
|rated|
|rule|Species Clause: Limit one of each Pokémon
|rule|Item Clause: Limit 1 of each item
|clearpoke
|poke|p1|Whimsicott, L50, F|
|poke|p1|Ursaluna-Bloodmoon, L50, M|
|poke|p1|Typhlosion-Hisui, L50, F|
|poke|p1|Archaludon, L50, M|
|poke|p1|Tauros-Paldea-Aqua, L50, M|
|poke|p1|Baxcalibur, L50, M|
|poke|p2|Sneasler, L50, F|
|poke|p2|Indeedee, L50, M|
|poke|p2|Annihilape, L50, M|
|poke|p2|Tyranitar, L50, M|
|poke|p2|Excadrill, L50, M|
|poke|p2|Corviknight, L50, F|
|teampreview|4
|showteam|p1|Whimsicott||CovertCloak|Prankster|Moonblast,Tailwind,SunnyDay,Encore|||F|||50|,,,,,Poison]Ursaluna-Bloodmoon||LifeOrb|MindsEye|BloodMoon,HyperVoice,EarthPower,Protect|||M|||50|,,,,,Normal]Typhlosion-Hisui||ChoiceScarf|Blaze|Eruption,Overheat,ShadowBall,HeatWave|||F|||50|,,,,,Fire]Archaludon||PowerHerb|Sturdy|ElectroShot,Thunderbolt,FlashCannon,Protect|||M|||50|,,,,,Electric]Tauros-Paldea-Aqua||MirrorHerb|Intimidate|CloseCombat,RagingBull,AquaJet,Protect|||M|||50|,,,,,Fire]Baxcalibur||LoadedDice|ThermalExchange|IcicleSpear,ScaleShot,IceShard,Protect|||M|||50|,,,,,Water
|showteam|p2|Sneasler||PsychicSeed|Unburden|CloseCombat,DireClaw,ThroatChop,Protect|||F|||50|,,,,,Dark]Indeedee||ChoiceScarf|PsychicSurge|ExpandingForce,TeraBlast,Trick,DazzlingGleam|||M|||50|,,,,,Psychic]Annihilape||SafetyGoggles|Defiant|CloseCombat,RageFist,Taunt,FinalGambit|||M|||50|,,,,,Water]Tyranitar||AssaultVest|SandStream|RockSlide,KnockOff,TeraBlast,LowKick|||M|||50|,,,,,Flying]Excadrill||FocusSash|SandRush|HighHorsepower,Earthquake,IronHead,Protect|||M|||50|,,,,,Stellar]Corviknight||Leftovers|MirrorArmor|BraveBird,BulkUp,Tailwind,Roost|||F|||50|,,,,,Dragon
|inactive|Battle timer is ON: inactive players will automatically lose when time's up. (requested by Gi1796)
|
|t:|1756832800
|teamsize|p1|4
|teamsize|p2|4
|start
|switch|p1a: Whimsicott|Whimsicott, L50, F|100/100
|switch|p1b: Ursaluna|Ursaluna-Bloodmoon, L50, M|100/100
|switch|p2a: Sneasler|Sneasler, L50, F|100/100
|switch|p2b: Indeedee|Indeedee, L50, M|100/100
|-fieldstart|move: Psychic Terrain|[from] ability: Psychic Surge|[of] p2b: Indeedee
|-enditem|p2a: Sneasler|Psychic Seed
|-boost|p2a: Sneasler|spd|1|[from] item: Psychic Seed
|turn|1
|inactive|Gi1796 has 30 seconds left.
|
|t:|1756832834
|move|p1a: Whimsicott|Tailwind|p1a: Whimsicott
|-sidestart|p1: Filippo1226|move: Tailwind
|move|p2a: Sneasler|Throat Chop|p1b: Ursaluna
|-damage|p1b: Ursaluna|75/100
|-start|p1b: Ursaluna|Throat Chop|[silent]
|move|p2b: Indeedee|Expanding Force|p1b: Ursaluna|[spread] p1a,p1b
|-damage|p1a: Whimsicott|27/100
|-damage|p1b: Ursaluna|0 fnt
|faint|p1b: Ursaluna
|
|upkeep
|
|t:|1756832843
|switch|p1b: Typhlosion|Typhlosion-Hisui, L50, F|100/100
|turn|2
|inactive|Gi1796 has 30 seconds left.
|
|t:|1756832872
|-terastallize|p1b: Typhlosion|Fire
|move|p2a: Sneasler|Protect|p2a: Sneasler
|-singleturn|p2a: Sneasler|Protect
|move|p1a: Whimsicott|Sunny Day|p1a: Whimsicott
|-weather|SunnyDay
|move|p1b: Typhlosion|Eruption|p2b: Indeedee|[spread] p2b
|-activate|p2a: Sneasler|move: Protect
|-damage|p2b: Indeedee|0 fnt
|faint|p2b: Indeedee
|
|-weather|SunnyDay|[upkeep]
|upkeep
|
|t:|1756832884
|switch|p2b: Excadrill|Excadrill, L50, M|100/100
|turn|3
|inactive|Gi1796 has 30 seconds left.
|
|t:|1756832918
|switch|p2a: Tyranitar|Tyranitar, L50, M|100/100
|-weather|Sandstorm|[from] ability: Sand Stream|[of] p2a: Tyranitar
|move|p1b: Typhlosion|Eruption|p2a: Tyranitar|[spread] p2a,p2b
|-resisted|p2a: Tyranitar
|-supereffective|p2b: Excadrill
|-damage|p2a: Tyranitar|83/100
|-enditem|p2b: Excadrill|Focus Sash
|-damage|p2b: Excadrill|1/100
|move|p1a: Whimsicott|Moonblast|p2b: Excadrill
|-resisted|p2b: Excadrill
|-damage|p2b: Excadrill|0 fnt
|faint|p2b: Excadrill
|
|-weather|Sandstorm|[upkeep]
|-damage|p1b: Typhlosion|94/100|[from] Sandstorm
|-damage|p1a: Whimsicott|21/100|[from] Sandstorm
|upkeep
|
|t:|1756832934
|switch|p2b: Sneasler|Sneasler, L50, F|100/100
|turn|4
|
|t:|1756832948
|switch|p1b: Tauros|Tauros-Paldea-Aqua, L50, M|100/100
|-ability|p1b: Tauros|Intimidate|boost
|-unboost|p2a: Tyranitar|atk|1
|-unboost|p2b: Sneasler|atk|1
|move|p2b: Sneasler|Protect|p2b: Sneasler
|-singleturn|p2b: Sneasler|Protect
|move|p1a: Whimsicott|Moonblast|p2a: Tyranitar
|-supereffective|p2a: Tyranitar
|-damage|p2a: Tyranitar|59/100
|move|p2a: Tyranitar|Rock Slide|p1b: Tauros|[spread] p1a,p1b
|-resisted|p1b: Tauros
|-damage|p1a: Whimsicott|0 fnt
|-damage|p1b: Tauros|90/100
|faint|p1a: Whimsicott
|
|-weather|Sandstorm|[upkeep]
|-damage|p1b: Tauros|84/100|[from] Sandstorm
|-damage|p2b: Sneasler|95/100|[from] Sandstorm
|-sideend|p1: Filippo1226|move: Tailwind
|upkeep
|
|t:|1756832959
|switch|p1a: Typhlosion|Typhlosion-Hisui, L50, F, tera:Fire|94/100
|turn|5
|
|t:|1756832980
|move|p1a: Typhlosion|Overheat|p2b: Sneasler
|-damage|p2b: Sneasler|0 fnt
|-unboost|p1a: Typhlosion|spa|2
|faint|p2b: Sneasler
|move|p1b: Tauros|Close Combat|p2a: Tyranitar
|-supereffective|p2a: Tyranitar
|-damage|p2a: Tyranitar|0 fnt
|-unboost|p1b: Tauros|def|1
|-unboost|p1b: Tauros|spd|1
|faint|p2a: Tyranitar
|
|win|Filippo1226
|raw|Filippo1226's rating: 1192 → 1219(+27 for winning)
|raw|Gi1796's rating: 1221 → 1194(-27 for losing)
