|j|☆Gancelot
|j|☆SnowyPex
|html|GancelotSnowyPex    
|uhtml|bestof|Game 1 of a best-of-3
|t:|1783536999
|gametype|doubles
|player|p1|Gancelot|morty|1324
|player|p2|SnowyPex|volkner|1333
|gen|9
|tier|[Gen 9 Champions] VGC 2026 Reg M-B (Bo3)
|rated|
|rule|Species Clause: Limit one of each Pokémon
|rule|Item Clause: Limit 1 of each item
|clearpoke
|poke|p1|Garchomp, L50, F|
|poke|p1|Venusaur, L50, F|
|poke|p1|Incineroar, L50, M|
|poke|p1|Charizard, L50, M|
|poke|p1|Toxapex, L50, M|
|poke|p1|Annihilape, L50, M|
|poke|p2|Froslass, L50, F|
|poke|p2|Toxapex, L50, F|
|poke|p2|Kingambit, L50, F|
|poke|p2|Sneasler, L50, F|
|poke|p2|Garchomp, L50, M|
|poke|p2|Talonflame, L50, F|
|teampreview|4
|showteam|p1|Garchomp||ChoiceScarf|RoughSkin|Earthquake,RockSlide,DragonClaw,StompingTantrum|Adamant||F|||50|]Venusaur||LifeOrb|Chlorophyll|SludgeBomb,SolarBeam,EarthPower,Protect|Modest||F|||50|]Incineroar||SitrusBerry|Intimidate|FakeOut,FlareBlitz,ThroatChop,PartingShot|Impish||M|||50|]Charizard||CharizarditeY|Blaze|HeatWave,WeatherBall,Protect,HelpingHand|Modest||M|||50|]Toxapex||Leftovers|Regenerator|Infestation,Toxic,WideGuard,BanefulBunker|Impish||M|||50|]Annihilape||FocusSash|Defiant|CloseCombat,PhantomForce,RockTomb,Protect|Jolly||M|||50|
|showteam|p2|Froslass||Froslassite|SnowCloak|Blizzard,ShadowBall,AuroraVeil,Protect|Modest||F|||50|]Toxapex||Leftovers|Regenerator|Toxic,Infestation,WideGuard,BanefulBunker|Calm||F|||50|]Kingambit||ChopleBerry|Defiant|KowtowCleave,SuckerPunch,LowKick,Protect|Adamant||F|||50|]Sneasler||WhiteHerb|Unburden|DireClaw,CloseCombat,FakeOut,Protect|Jolly||F|||50|]Garchomp||SitrusBerry|RoughSkin|StompingTantrum,DragonClaw,RockSlide,Protect|Adamant||M|||50|]Talonflame||FocusSash|GaleWings|Protect,Tailwind,DualWingbeat,WillOWisp|Jolly||F|||50|
|inactive|Battle timer is ON: inactive players will automatically lose when time's up. (requested by SnowyPex)
|inactive|Gancelot also wants the timer to be on.
|inactive|Gancelot has 60 seconds left.
|inactive|SnowyPex has 60 seconds left.
|
|t:|1783537039
|teamsize|p1|4
|teamsize|p2|4
|start
|switch|p1a: Garchomp|Garchomp, L50, F|100/100
|switch|p1b: Charizard|Charizard, L50, M|100/100
|switch|p2a: Froslass|Froslass, L50, F|100/100
|switch|p2b: Toxapex|Toxapex, L50, F|100/100
|turn|1
|inactive|Gancelot has 30 seconds left.
|
|t:|1783537068
|move|p1b: Charizard|Helping Hand|p1a: Garchomp
|-singleturn|p1a: Garchomp|Helping Hand|[of] p1b: Charizard
|move|p2a: Froslass|Protect|p2a: Froslass
|-singleturn|p2a: Froslass|Protect
|move|p2b: Toxapex|Baneful Bunker|p2b: Toxapex
|-singleturn|p2b: Toxapex|move: Protect
|move|p1a: Garchomp|Stomping Tantrum|p2b: Toxapex
|-activate|p2b: Toxapex|move: Protect
|-status|p1a: Garchomp|psn
|
|-damage|p1a: Garchomp|87/100 psn|[from] psn
|upkeep
|turn|2
|j| Eco N2Ever
|
|t:|1783537081
|switch|p2b: Talonflame|Talonflame, L50, F|100/100
|detailschange|p2a: Froslass|Froslass-Mega, L50, F
|-mega|p2a: Froslass|Froslass|Froslassite
|-weather|Snowscape|[from] ability: Snow Warning|[of] p2a: Froslass
|detailschange|p1b: Charizard|Charizard-Mega-Y, L50, M
|-mega|p1b: Charizard|Charizard|Charizardite Y
|-weather|SunnyDay|[from] ability: Drought|[of] p1b: Charizard
|move|p1a: Garchomp|Stomping Tantrum|p2b: Talonflame
|-immune|p2b: Talonflame
|move|p2a: Froslass|Blizzard|p1a: Garchomp|[spread] p1a,p1b
|-supereffective|p1a: Garchomp|2
|-damage|p1a: Garchomp|0 fnt
|-damage|p1b: Charizard|58/100
|faint|p1a: Garchomp
|move|p1b: Charizard|Weather Ball|p2a: Froslass
|-supereffective|p2a: Froslass|1
|-damage|p2a: Froslass|0 fnt
|faint|p2a: Froslass
|
|-weather|SunnyDay|[upkeep]
|upkeep
|l| Eco N2Ever
|
|t:|1783537092
|switch|p2a: Garchomp|Garchomp, L50, M|100/100
|switch|p1a: Toxapex|Toxapex, L50, M|100/100
|turn|3
|
|t:|1783537107
|move|p1b: Charizard|Protect|p1b: Charizard
|-singleturn|p1b: Charizard|Protect
|move|p2b: Talonflame|Tailwind|p2b: Talonflame
|-sidestart|p2: SnowyPex|move: Tailwind
|move|p2a: Garchomp|Rock Slide|p1b: Charizard|[spread] p1a
|-activate|p1b: Charizard|move: Protect
|-damage|p1a: Toxapex|85/100
|move|p1a: Toxapex|Toxic|p2b: Talonflame
|-status|p2b: Talonflame|tox
|
|-weather|SunnyDay|[upkeep]
|-heal|p1a: Toxapex|91/100|[from] item: Leftovers
|-damage|p2b: Talonflame|94/100 tox|[from] psn
|upkeep
|turn|4
|
|t:|1783537126
|move|p1a: Toxapex|Wide Guard|p1a: Toxapex
|-singleturn|p1a: Toxapex|Wide Guard
|move|p2b: Talonflame|Dual Wingbeat|p1b: Charizard
|-damage|p1b: Charizard|43/100
|-damage|p1b: Charizard|26/100
|-hitcount|p1b: Charizard|2
|move|p2a: Garchomp|Rock Slide|p1a: Toxapex|[spread] 
|-activate|p1a: Toxapex|move: Wide Guard
|-activate|p1b: Charizard|move: Wide Guard
|move|p1b: Charizard|Weather Ball|p2b: Talonflame
|-resisted|p2b: Talonflame|1
|-damage|p2b: Talonflame|24/100 tox
|
|-weather|SunnyDay|[upkeep]
|-heal|p1a: Toxapex|97/100|[from] item: Leftovers
|-damage|p2b: Talonflame|12/100 tox|[from] psn
|upkeep
|turn|5
|
|t:|1783537141
|move|p1b: Charizard|Protect|p1b: Charizard
|-singleturn|p1b: Charizard|Protect
|move|p2b: Talonflame|Dual Wingbeat|p1b: Charizard
|-activate|p1b: Charizard|move: Protect
|move|p2a: Garchomp|Rock Slide|p1a: Toxapex|[spread] p1a
|-activate|p1b: Charizard|move: Protect
|-damage|p1a: Toxapex|84/100
|move|p1a: Toxapex|Toxic|p2a: Garchomp
|-status|p2a: Garchomp|tox
|
|-weather|SunnyDay|[upkeep]
|-heal|p1a: Toxapex|90/100|[from] item: Leftovers
|-damage|p2b: Talonflame|0 fnt|[from] psn
|faint|p2b: Talonflame
|-damage|p2a: Garchomp|93/100 tox|[from] psn
|upkeep
|
|t:|1783537143
|switch|p2b: Toxapex|Toxapex, L50, F|100/100
|turn|6
|
|t:|1783537163
|switch|p1b: Venusaur|Venusaur, L50, F|100/100
|move|p1a: Toxapex|Baneful Bunker|p1a: Toxapex
|-singleturn|p1a: Toxapex|move: Protect
|move|p2a: Garchomp|Dragon Claw|p1b: Venusaur
|-damage|p1b: Venusaur|49/100
|move|p2b: Toxapex|Infestation|p1a: Toxapex
|-activate|p1a: Toxapex|move: Protect
|
|-weather|none
|-heal|p1a: Toxapex|96/100|[from] item: Leftovers
|-damage|p2a: Garchomp|81/100 tox|[from] psn
|-sideend|p2: SnowyPex|move: Tailwind
|upkeep
|turn|7
|
|t:|1783537175
|-heal|p1a: Toxapex|100/100|[from] ability: Regenerator|[silent]
|switch|p1a: Charizard|Charizard-Mega-Y, L50, M|26/100
|-weather|SunnyDay|[from] ability: Drought|[of] p1a: Charizard
|move|p1b: Venusaur|Solar Beam||[still]
|-prepare|p1b: Venusaur|Solar Beam
|-anim|p1b: Venusaur|Solar Beam|p2a: Garchomp
|-damage|p2a: Garchomp|0 fnt
|faint|p2a: Garchomp
|-damage|p1b: Venusaur|39/100|[from] item: Life Orb
|move|p2b: Toxapex|Infestation|p1a: Charizard
|-resisted|p1a: Charizard|2
|-damage|p1a: Charizard|25/100
|-activate|p1a: Charizard|move: Infestation|[of] p2b: Toxapex
|
|-weather|SunnyDay|[upkeep]
|-damage|p1a: Charizard|13/100|[from] move: Infestation|[partiallytrapped]
|upkeep
|turn|8
|inactive|Gancelot has 30 seconds left.
|
|t:|1783537201
|move|p2b: Toxapex|Baneful Bunker|p2b: Toxapex
|-singleturn|p2b: Toxapex|move: Protect
|move|p1b: Venusaur|Earth Power|p2b: Toxapex
|-activate|p2b: Toxapex|move: Protect
|move|p1a: Charizard|Weather Ball|p2b: Toxapex
|-activate|p2b: Toxapex|move: Protect
|
|-weather|SunnyDay|[upkeep]
|-damage|p1a: Charizard|1/100|[from] move: Infestation|[partiallytrapped]
|upkeep
|turn|9
|
|t:|1783537210
|move|p1a: Charizard|Helping Hand|p1b: Venusaur
|-singleturn|p1b: Venusaur|Helping Hand|[of] p1a: Charizard
|move|p1b: Venusaur|Solar Beam||[still]
|-prepare|p1b: Venusaur|Solar Beam
|-anim|p1b: Venusaur|Solar Beam|p2b: Toxapex
|-damage|p2b: Toxapex|22/100
|-damage|p1b: Venusaur|30/100|[from] item: Life Orb
|move|p2b: Toxapex|Infestation|p1b: Venusaur
|-damage|p1b: Venusaur|26/100
|-activate|p1b: Venusaur|move: Infestation|[of] p2b: Toxapex
|
|-weather|SunnyDay|[upkeep]
|-heal|p2b: Toxapex|28/100|[from] item: Leftovers
|-damage|p1b: Venusaur|14/100|[from] move: Infestation|[partiallytrapped]
|-damage|p1a: Charizard|0 fnt|[from] move: Infestation|[partiallytrapped]
|faint|p1a: Charizard
|upkeep
|
|t:|1783537222
|switch|p1a: Toxapex|Toxapex, L50, M|100/100
|turn|10
|
|t:|1783537229
|move|p2b: Toxapex|Baneful Bunker|p2b: Toxapex
|-singleturn|p2b: Toxapex|move: Protect
|move|p1b: Venusaur|Earth Power|p2b: Toxapex
|-activate|p2b: Toxapex|move: Protect
|move|p1a: Toxapex|Infestation|p2b: Toxapex
|-activate|p2b: Toxapex|move: Protect
|
|-weather|SunnyDay|[upkeep]
|-heal|p2b: Toxapex|33/100|[from] item: Leftovers
|-damage|p1b: Venusaur|2/100|[from] move: Infestation|[partiallytrapped]
|upkeep
|turn|11
|
|t:|1783537241
|move|p2b: Toxapex|Baneful Bunker|p2b: Toxapex
|-singleturn|p2b: Toxapex|move: Protect
|move|p1b: Venusaur|Earth Power|p2b: Toxapex
|-activate|p2b: Toxapex|move: Protect
|move|p1a: Toxapex|Infestation|p2b: Toxapex
|-activate|p2b: Toxapex|move: Protect
|
|-weather|none
|-heal|p2b: Toxapex|39/100|[from] item: Leftovers
|-damage|p1b: Venusaur|0 fnt|[from] move: Infestation|[partiallytrapped]
|faint|p1b: Venusaur
|upkeep
|turn|12
|
|t:|1783537253
|move|p1a: Toxapex|Infestation|p2b: Toxapex
|-resisted|p2b: Toxapex|1
|-crit|p2b: Toxapex
|-damage|p2b: Toxapex|37/100
|-activate|p2b: Toxapex|move: Infestation|[of] p1a: Toxapex
|move|p2b: Toxapex|Infestation|p1a: Toxapex
|-resisted|p1a: Toxapex|1
|-damage|p1a: Toxapex|98/100
|-activate|p1a: Toxapex|move: Infestation|[of] p2b: Toxapex
|
|-heal|p1a: Toxapex|100/100|[from] item: Leftovers
|-heal|p2b: Toxapex|43/100|[from] item: Leftovers
|-damage|p1a: Toxapex|87/100|[from] move: Infestation|[partiallytrapped]
|-damage|p2b: Toxapex|31/100|[from] move: Infestation|[partiallytrapped]
|upkeep
|turn|13
|
|t:|1783537259
|move|p2b: Toxapex|Baneful Bunker|p2b: Toxapex
|-singleturn|p2b: Toxapex|move: Protect
|move|p1a: Toxapex|Infestation|p2b: Toxapex
|-activate|p2b: Toxapex|move: Protect
|
|-heal|p1a: Toxapex|93/100|[from] item: Leftovers
|-heal|p2b: Toxapex|36/100|[from] item: Leftovers
|-damage|p2b: Toxapex|24/100|[from] move: Infestation|[partiallytrapped]
|-damage|p1a: Toxapex|81/100|[from] move: Infestation|[partiallytrapped]
|upkeep
|turn|14
|
|t:|1783537263
|move|p1a: Toxapex|Baneful Bunker|p1a: Toxapex
|-singleturn|p1a: Toxapex|move: Protect
|move|p2b: Toxapex|Infestation|p1a: Toxapex
|-activate|p1a: Toxapex|move: Protect
|
|-heal|p1a: Toxapex|87/100|[from] item: Leftovers
|-heal|p2b: Toxapex|30/100|[from] item: Leftovers
|-damage|p2b: Toxapex|18/100|[from] move: Infestation|[partiallytrapped]
|-damage|p1a: Toxapex|75/100|[from] move: Infestation|[partiallytrapped]
|upkeep
|turn|15
|
|t:|1783537268
|move|p1a: Toxapex|Infestation|p2b: Toxapex
|-resisted|p2b: Toxapex|1
|-damage|p2b: Toxapex|17/100
|move|p2b: Toxapex|Infestation|p1a: Toxapex
|-resisted|p1a: Toxapex|1
|-damage|p1a: Toxapex|73/100
|
|-heal|p1a: Toxapex|79/100|[from] item: Leftovers
|-heal|p2b: Toxapex|23/100|[from] item: Leftovers
|-damage|p2b: Toxapex|11/100|[from] move: Infestation|[partiallytrapped]
|-damage|p1a: Toxapex|67/100|[from] move: Infestation|[partiallytrapped]
|upkeep
|turn|16
|-message|SnowyPex forfeited.
|
|win|Gancelot
||Gancelot is ready for game 2.
||SnowyPex is ready for game 2.
|uhtml|next|Next: Game 2 of 3
