|j|☆HunterOnShowdown
|j|☆WASHINGTONGARGACHA
|html|HunterOnShowdownWASHINGTONGARGACHA    
|uhtml|bestof|Game 2 of a best-of-3
|t:|1756674926
|gametype|doubles
|player|p1|HunterOnShowdown|hilbert-masters2|1072
|player|p2|WASHINGTONGARGACHA|2|1116
|gen|9
|tier|[Gen 9] VGC 2025 Reg H (Bo3)
|rated|
|rule|Species Clause: Limit one of each Pokémon
|rule|Item Clause: Limit 1 of each item
|clearpoke
|poke|p1|Volcarona, L50, F|
|poke|p1|Dragonite, L50, F|
|poke|p1|Sneasler, L50, F|
|poke|p1|Meowscarada, L50, M|
|poke|p1|Kingambit, L50, M|
|poke|p1|Electabuzz, L50, F|
|poke|p2|Gholdengo, L50|
|poke|p2|Ursaluna, L50, F|
|poke|p2|Archaludon, L50, F|
|poke|p2|Murkrow, L50, M|
|poke|p2|Farigiraf, L50, M|
|poke|p2|Sneasler, L50, M|
|teampreview|4
|showteam|p1|Volcarona||Leftovers|FlameBody|FieryDance,QuiverDance,TeraBlast,Protect|||F|||50|,,,,,Dragon]Dragonite||LoadedDice|Multiscale|Haze,ScaleShot,StompingTantrum,Protect|||F|||50|,,,,,Fairy]Sneasler||WhiteHerb|Unburden|Coaching,CloseCombat,DireClaw,FakeOut|||F|||50|,,,,,Ghost]Meowscarada||FocusSash|Overgrow|KnockOff,FlowerTrick,TripleAxel,Protect|||M|||50|,,,,,Ghost]Kingambit||BlackGlasses|Defiant|SuckerPunch,KowtowCleave,SwordsDance,Protect|||M|||50|,,,,,Dark]Electabuzz||Eviolite|VitalSpirit|Taunt,Electroweb,FollowMe,Protect|||F|||50|,,,,,Ghost
|showteam|p2|Gholdengo||LifeOrb|GoodasGold|ShadowBall,MakeItRain,NastyPlot,Protect||||||50|,,,,,Water]Ursaluna||FlameOrb|Guts|Facade,Earthquake,Protect,HeadlongRush|||F|||50|,,,,,Ghost]Archaludon||PowerHerb|Sturdy|ElectroShot,FlashCannon,DracoMeteor,Protect|||F|||50|,,,,,Grass]Murkrow||Eviolite|Prankster|Tailwind,RainDance,FoulPlay,Haze|||M|||50|,,,,,Dark]Farigiraf||ThroatSpray|ArmorTail|HyperVoice,TrickRoom,Psychic,Protect|||M|||50|,,,,,Fairy]Sneasler||WhiteHerb|Unburden|DireClaw,CloseCombat,Protect,Acrobatics|||M|||50|,,,,,Flying
|inactive|Battle timer is ON: inactive players will automatically lose when time's up. (requested by HunterOnShowdown)
|inactive|WASHINGTONGARGACHA has 60 seconds left.
|
|t:|1756674957
|teamsize|p1|4
|teamsize|p2|4
|start
|switch|p1a: Sneasler|Sneasler, L50, F|100/100
|switch|p1b: Meowscarada|Meowscarada, L50, M|100/100
|switch|p2a: Murkrow|Murkrow, L50, M|100/100
|switch|p2b: Gholdengo|Gholdengo, L50|100/100
|turn|1
|
|t:|1756674975
|move|p2a: Murkrow|Tailwind|p2a: Murkrow
|-sidestart|p2: WASHINGTONGARGACHA|move: Tailwind
|move|p2b: Gholdengo|Make It Rain|p1b: Meowscarada|[spread] p1a,p1b
|-damage|p1a: Sneasler|15/100
|-damage|p1b: Meowscarada|10/100
|-unboost|p2b: Gholdengo|spa|1
|-damage|p2b: Gholdengo|91/100|[from] item: Life Orb
|move|p1b: Meowscarada|Knock Off|p2b: Gholdengo
|-supereffective|p2b: Gholdengo
|-damage|p2b: Gholdengo|0 fnt
|-enditem|p2b: Gholdengo|Life Orb|[from] move: Knock Off|[of] p1b: Meowscarada
|faint|p2b: Gholdengo
|move|p1a: Sneasler|Close Combat|p2a: Murkrow
|-damage|p2a: Murkrow|15/100
|-unboost|p1a: Sneasler|def|1
|-unboost|p1a: Sneasler|spd|1
|-enditem|p1a: Sneasler|White Herb
|-clearnegativeboost|p1a: Sneasler|[silent]
|
|upkeep
|
|t:|1756674992
|switch|p2b: Sneasler|Sneasler, L50, M|100/100
|turn|2
|
|t:|1756675015
|move|p1a: Sneasler|Dire Claw|p2a: Murkrow
|-damage|p2a: Murkrow|0 fnt
|faint|p2a: Murkrow
|move|p2b: Sneasler|Close Combat|p1b: Meowscarada
|-supereffective|p1b: Meowscarada
|-crit|p1b: Meowscarada
|-damage|p1b: Meowscarada|0 fnt
|-unboost|p2b: Sneasler|def|1
|-unboost|p2b: Sneasler|spd|1
|faint|p1b: Meowscarada
|-enditem|p2b: Sneasler|White Herb
|-clearnegativeboost|p2b: Sneasler|[silent]
|
|upkeep
|
|t:|1756675026
|switch|p1b: Dragonite|Dragonite, L50, F|100/100
|switch|p2a: Ursaluna|Ursaluna, L50, F|100/100
|turn|3
|inactive|WASHINGTONGARGACHA has 30 seconds left.
|inactive|WASHINGTONGARGACHA has 20 seconds left.
|inactive|WASHINGTONGARGACHA has 15 seconds left.
|
|t:|1756675070
|switch|p1a: Kingambit|Kingambit, L50, M, shiny|100/100
|move|p2a: Ursaluna|Protect|p2a: Ursaluna
|-singleturn|p2a: Ursaluna|Protect
|move|p2b: Sneasler|Dire Claw|p1a: Kingambit
|-immune|p1a: Kingambit
|move|p1b: Dragonite|Stomping Tantrum|p2b: Sneasler
|-supereffective|p2b: Sneasler
|-damage|p2b: Sneasler|0 fnt
|faint|p2b: Sneasler
|
|-status|p2a: Ursaluna|brn|[from] item: Flame Orb
|upkeep
|turn|4
|
|t:|1756675087
|-terastallize|p1a: Kingambit|Dark
|move|p2a: Ursaluna|Facade|p1b: Dragonite
|-damage|p1b: Dragonite|34/100
|move|p1b: Dragonite|Scale Shot|p2a: Ursaluna|[miss]
|-miss|p1b: Dragonite|p2a: Ursaluna
|move|p1a: Kingambit|Swords Dance|p1a: Kingambit
|-boost|p1a: Kingambit|atk|2
|
|-damage|p2a: Ursaluna|94/100 brn|[from] brn
|-sideend|p2: WASHINGTONGARGACHA|move: Tailwind
|upkeep
|turn|5
|
|t:|1756675102
|move|p1a: Kingambit|Sucker Punch|p2a: Ursaluna
|-damage|p2a: Ursaluna|9/100 brn
|move|p1b: Dragonite|Scale Shot|p2a: Ursaluna
|-damage|p2a: Ursaluna|0 fnt
|faint|p2a: Ursaluna
|-hitcount|p2: Ursaluna|1
|
|win|HunterOnShowdown
|raw|HunterOnShowdown's rating: 1072 → 1105(+33 for winning)
|raw|WASHINGTONGARGACHA's rating: 1116 → 1088(-28 for losing)
