|j|☆Pelosis
|j|☆townline
|html|Pelosistownline    
|uhtml|bestof|Game 1 of a best-of-3
|t:|1783965414
|gametype|doubles
|player|p1|Pelosis|265|1011
|player|p2|townline|266|1108
|gen|9
|tier|[Gen 9 Champions] VGC 2026 Reg M-B (Bo3)
|rated|
|rule|Species Clause: Limit one of each Pokémon
|rule|Item Clause: Limit 1 of each item
|clearpoke
|poke|p1|Mawile, L50, F|
|poke|p1|Farigiraf, L50, M|
|poke|p1|Incineroar, L50, F|
|poke|p1|Torkoal, L50, M|
|poke|p1|Venusaur, L50, M|
|poke|p1|Scrafty, L50, M|
|poke|p2|Staraptor, L50, F|
|poke|p2|Feraligatr, L50, M|
|poke|p2|Gholdengo, L50|
|poke|p2|Vileplume, L50, M|
|poke|p2|Sceptile, L50, M|
|poke|p2|Houndoom, L50, F|
|teampreview|4
|showteam|p1|Mawile||Mawilite|HyperCutter|Protect,PlayRough,SwordsDance,SuckerPunch|Brave||F|||50|]Farigiraf||SitrusBerry|ArmorTail|TrickRoom,TwinBeam,Thunderbolt,HelpingHand|Quiet||M|||50|]Incineroar||WhiteHerb|Intimidate|FakeOut,CloseCombat,FlareBlitz,ThroatChop|Brave||F|||50|]Torkoal||Charcoal|Drought|Protect,Eruption,HeatWave,WeatherBall|Quiet||M|||50|]Venusaur||FocusSash|Chlorophyll|SleepPowder,EarthPower,EnergyBall,SludgeBomb|Modest||M|||50|]Scrafty||Scraftinite|Intimidate|FakeOut,CloseCombat,KnockOff,IcePunch|Brave||M|||50|
|showteam|p2|Staraptor||Staraptite|Intimidate|BraveBird,CloseCombat,Protect,Roost|Jolly||F|||50|]Feraligatr||LifeOrb|SheerForce|Liquidation,RockSlide,AquaJet,IcePunch|Adamant||M|||50|]Gholdengo||SitrusBerry|GoodasGold|MakeItRain,NastyPlot,Protect,ShadowBall|Modest|||||50|]Vileplume||BigRoot|EffectSpore|SludgeBomb,GigaDrain,StrengthSap,LeechSeed|Relaxed||M|||50|]Sceptile||WhiteHerb|Unburden|LeafStorm,RockTomb,QuickGuard,EarthPower|Serious||M|||50|]Houndoom||FocusSash|FlashFire|SuckerPunch,HeatWave,Protect,Snarl|Hasty||F|||50|
|inactive|Battle timer is ON: inactive players will automatically lose when time's up. (requested by Pelosis)
|
|t:|1783965445
|teamsize|p1|4
|teamsize|p2|4
|start
|switch|p1a: Farigiraf|Farigiraf, L50, M|100/100
|switch|p1b: Incineroar|Incineroar, L50, F|100/100
|switch|p2a: Staraptor|Staraptor, L50, F|100/100
|switch|p2b: Houndoom|Houndoom, L50, F|100/100
|-ability|p2a: Staraptor|Intimidate|boost
|-unboost|p1a: Farigiraf|atk|1
|-unboost|p1b: Incineroar|atk|1
|-ability|p1b: Incineroar|Intimidate|boost
|-unboost|p2a: Staraptor|atk|1
|-unboost|p2b: Houndoom|atk|1
|-enditem|p1b: Incineroar|White Herb
|-clearnegativeboost|p1b: Incineroar|[silent]
|turn|1
|
|t:|1783965466
|detailschange|p2a: Staraptor|Staraptor-Mega, L50, F
|-mega|p2a: Staraptor|Staraptor|Staraptite
|move|p2a: Staraptor|Protect|p2a: Staraptor
|-singleturn|p2a: Staraptor|Protect
|move|p1b: Incineroar|Fake Out|p2a: Staraptor
|-activate|p2a: Staraptor|move: Protect
|move|p2b: Houndoom|Snarl|p1a: Farigiraf|[spread] p1a,p1b
|-supereffective|p1a: Farigiraf|1
|-resisted|p1b: Incineroar|1
|-damage|p1a: Farigiraf|64/100
|-damage|p1b: Incineroar|91/100
|-unboost|p1a: Farigiraf|spa|1
|-unboost|p1b: Incineroar|spa|1
|move|p1a: Farigiraf|Trick Room|p1a: Farigiraf
|-fieldstart|move: Trick Room|[of] p1a: Farigiraf
|
|upkeep
|turn|2
|inactive|townline has 30 seconds left.
|
|t:|1783965498
|move|p1b: Incineroar|Flare Blitz|p2a: Staraptor
|-crit|p2a: Staraptor
|-damage|p2a: Staraptor|4/100
|-damage|p1b: Incineroar|63/100|[from] Recoil
|move|p1a: Farigiraf|Twin Beam|p2a: Staraptor
|-supereffective|p2a: Staraptor|1
|-damage|p2a: Staraptor|0 fnt
|faint|p2a: Staraptor
|-hitcount|p2: Staraptor|1
|move|p2b: Houndoom|Snarl|p1b: Incineroar|[spread] p1a,p1b
|-supereffective|p1a: Farigiraf|1
|-resisted|p1b: Incineroar|1
|-damage|p1a: Farigiraf|28/100
|-damage|p1b: Incineroar|53/100
|-unboost|p1a: Farigiraf|spa|1
|-unboost|p1b: Incineroar|spa|1
|-enditem|p1a: Farigiraf|Sitrus Berry|[eat]
|-heal|p1a: Farigiraf|53/100|[from] item: Sitrus Berry
|
|upkeep
|
|t:|1783965515
|switch|p2a: Feraligatr|Feraligatr, L50, M|100/100
|turn|3
|
|t:|1783965523
|switch|p1a: Mawile|Mawile, L50, F|100/100
|move|p1b: Incineroar|Close Combat|p2b: Houndoom
|-supereffective|p2b: Houndoom|1
|-enditem|p2b: Houndoom|Focus Sash
|-damage|p2b: Houndoom|1/100
|-unboost|p1b: Incineroar|def|1
|-unboost|p1b: Incineroar|spd|1
|move|p2a: Feraligatr|Rock Slide|p1a: Mawile|[spread] p1a,p1b
|-resisted|p1a: Mawile|1
|-supereffective|p1b: Incineroar|1
|-damage|p1a: Mawile|82/100
|-damage|p1b: Incineroar|0 fnt
|faint|p1b: Incineroar
|move|p2b: Houndoom|Snarl|p1a: Mawile
|-resisted|p1a: Mawile|1
|-damage|p1a: Mawile|61/100
|-unboost|p1a: Mawile|spa|1
|
|upkeep
|
|t:|1783965542
|switch|p1b: Torkoal|Torkoal, L50, M|100/100
|-weather|SunnyDay|[from] ability: Drought|[of] p1b: Torkoal
|turn|4
|
|t:|1783965559
|detailschange|p1a: Mawile|Mawile-Mega, L50, F
|-mega|p1a: Mawile|Mawile|Mawilite
|move|p2b: Houndoom|Protect|p2b: Houndoom
|-singleturn|p2b: Houndoom|Protect
|move|p1b: Torkoal|Eruption|p2b: Houndoom|[spread] p2a
|-activate|p2b: Houndoom|move: Protect
|-resisted|p2a: Feraligatr|1
|-damage|p2a: Feraligatr|63/100
|move|p1a: Mawile|Play Rough|p2a: Feraligatr
|-damage|p2a: Feraligatr|0 fnt
|faint|p2a: Feraligatr
|
|-weather|SunnyDay|[upkeep]
|upkeep
|
|t:|1783965571
|switch|p2a: Gholdengo|Gholdengo, L50|100/100
|turn|5
|
|t:|1783965587
|move|p2b: Houndoom|Protect||[still]
|-fail|p2b: Houndoom
|move|p1b: Torkoal|Eruption|p2a: Gholdengo|[spread] p2a
|-start|p2b: Houndoom|ability: Flash Fire
|-supereffective|p2a: Gholdengo|1
|-damage|p2a: Gholdengo|0 fnt
|faint|p2a: Gholdengo
|move|p1a: Mawile|Swords Dance|p1a: Mawile
|-boost|p1a: Mawile|atk|2
|
|-weather|SunnyDay|[upkeep]
|-fieldend|move: Trick Room
|upkeep
|turn|6
|
|t:|1783965604
|move|p1b: Torkoal|Protect|p1b: Torkoal
|-singleturn|p1b: Torkoal|Protect
|move|p1a: Mawile|Sucker Punch|p2b: Houndoom
|-resisted|p2b: Houndoom|1
|-damage|p2b: Houndoom|0 fnt
|faint|p2b: Houndoom
|
|win|Pelosis
||townline is ready for game 2.
||Pelosis is ready for game 2.
|uhtml|next|Next: Game 2 of 3
