|j|☆mickhunter
|j|☆anonymous_snorlax
|html|mickhunteranonymous_snorlax    
|uhtml|bestof|Game 2 of a best-of-3
|t:|1784198391
|gametype|doubles
|player|p1|mickhunter|101|1082
|player|p2|anonymous_snorlax|1|1087
|gen|9
|tier|[Gen 9 Champions] VGC 2026 Reg M-B (Bo3)
|rated|
|rule|Species Clause: Limit one of each Pokémon
|rule|Item Clause: Limit 1 of each item
|clearpoke
|poke|p1|Sneasler, L50, M|
|poke|p1|Kingambit, L50, M|
|poke|p1|Incineroar, L50, M|
|poke|p1|Delphox, L50, F|
|poke|p1|Sinistcha, L50|
|poke|p1|Sylveon, L50, M|
|poke|p2|Malamar, L50, M|
|poke|p2|Maushold, L50|
|poke|p2|Mawile, L50, F|
|poke|p2|Sinistcha, L50|
|poke|p2|Whimsicott, L50, M|
|poke|p2|Incineroar, L50, M|
|teampreview|4
|showteam|p1|Sneasler||FocusSash|PoisonTouch|PoisonJab,CloseCombat,FakeOut,QuickGuard|Jolly||M|||50|]Kingambit||BlackGlasses|Defiant|KowtowCleave,SuckerPunch,SwordsDance,Protect|Adamant||M|||50|]Incineroar||SitrusBerry|Intimidate|FlareBlitz,ThroatChop,PartingShot,FakeOut|Careful||M|||50|]Delphox||Delphoxite|Blaze|HeatWave,NastyPlot,Psyshock,Protect|Modest||F|||50|]Sinistcha||KasibBerry|Hospitality|MatchaGotcha,RagePowder,TrickRoom,Protect|Bold|||||50|]Sylveon||FairyFeather|Pixilate|HyperVoice,QuickAttack,HyperBeam,Detect|Modest||M|||50|
|showteam|p2|Malamar||Malamarite|Contrary|Superpower,KnockOff,TrickRoom,Protect|Adamant||M|||50|]Maushold||WideLens|Technician|PopulationBomb,FollowMe,Feint,Protect|Jolly|||||50|]Mawile||Mawilite|HyperCutter|PlayRough,RockSlide,SuckerPunch,Protect|Brave||F|||50|]Sinistcha||ColburBerry|Hospitality|MatchaGotcha,LifeDew,RagePowder,Protect|Calm|||||50|]Whimsicott||FocusSash|Prankster|Moonblast,Tailwind,Charm,FakeTears|Modest||M|||50|]Incineroar||LifeOrb|Intimidate|FlareBlitz,DarkestLariat,PartingShot,FakeOut|Brave||M|||50|
|inactive|Battle timer is ON: inactive players will automatically lose when time's up. (requested by anonymous_snorlax)
|inactive|mickhunter has 60 seconds left.
|
|t:|1784198438
|teamsize|p1|4
|teamsize|p2|4
|start
|switch|p1a: Incineroar|Incineroar, L50, M|100/100
|switch|p1b: Kingambit|Kingambit, L50, M|100/100
|switch|p2a: Malamar|Malamar, L50, M|100/100
|switch|p2b: Whimsicott|Whimsicott, L50, M|100/100
|-ability|p1a: Incineroar|Intimidate|boost
|-boost|p2a: Malamar|atk|1
|-unboost|p2b: Whimsicott|atk|1
|turn|1
|
|t:|1784198462
|detailschange|p2a: Malamar|Malamar-Mega, L50, M
|-mega|p2a: Malamar|Malamar|Malamarite
|move|p1a: Incineroar|Fake Out|p2a: Malamar
|-crit|p2a: Malamar
|-damage|p2a: Malamar|83/100
|move|p2b: Whimsicott|Moonblast|p1b: Kingambit
|-damage|p1b: Kingambit|71/100
|cant|p2a: Malamar|flinch
|move|p1b: Kingambit|Swords Dance|p1b: Kingambit
|-boost|p1b: Kingambit|atk|2
|
|upkeep
|turn|2
|inactive|mickhunter has 30 seconds left.
|inactive|anonymous_snorlax has 30 seconds left.
|inactive|anonymous_snorlax has 20 seconds left.
|
|t:|1784198497
|switch|p2b: Sinistcha|Sinistcha, L50|100/100
|-heal|p2a: Malamar|100/100|[from] ability: Hospitality|[of] p2b: Sinistcha
|move|p1b: Kingambit|Protect|p1b: Kingambit
|-singleturn|p1b: Kingambit|Protect
|move|p2a: Malamar|Superpower|p1b: Kingambit
|-activate|p1b: Kingambit|move: Protect
|move|p1a: Incineroar|Flare Blitz|p2b: Sinistcha
|-supereffective|p2b: Sinistcha|1
|-damage|p2b: Sinistcha|15/100
|-damage|p1a: Incineroar|75/100|[from] Recoil
|
|upkeep
|turn|3
|inactive|mickhunter has 30 seconds left.
|
|t:|1784198531
|switch|p1b: Sinistcha|Sinistcha, L50|100/100
|-heal|p1a: Incineroar|100/100|[from] ability: Hospitality|[of] p1b: Sinistcha
|move|p2b: Sinistcha|Rage Powder|p2b: Sinistcha
|-singleturn|p2b: Sinistcha|move: Rage Powder
|move|p2a: Malamar|Superpower|p1b: Sinistcha
|-immune|p1b: Sinistcha
|move|p1a: Incineroar|Flare Blitz|p2b: Sinistcha
|-supereffective|p2b: Sinistcha|1
|-damage|p2b: Sinistcha|0 fnt
|faint|p2b: Sinistcha
|-damage|p1a: Incineroar|95/100|[from] Recoil
|
|upkeep
|
|t:|1784198535
|switch|p2b: Whimsicott|Whimsicott, L50, M|100/100
|turn|4
|inactive|mickhunter has 30 seconds left.
|
|t:|1784198561
|move|p1b: Sinistcha|Protect|p1b: Sinistcha
|-singleturn|p1b: Sinistcha|Protect
|move|p2b: Whimsicott|Charm|p2a: Malamar
|-boost|p2a: Malamar|atk|2
|move|p2a: Malamar|Knock Off|p1b: Sinistcha
|-activate|p1b: Sinistcha|move: Protect
|move|p1a: Incineroar|Flare Blitz|p2a: Malamar
|-damage|p2a: Malamar|56/100
|-damage|p1a: Incineroar|81/100|[from] Recoil
|
|upkeep
|turn|5
|inactive|mickhunter has 30 seconds left.
|inactive|mickhunter has 20 seconds left.
|inactive|mickhunter has 15 seconds left.
|inactive|mickhunter has 10 seconds left.
|
|t:|1784198611
|move|p2b: Whimsicott|Fake Tears|p2a: Malamar
|-boost|p2a: Malamar|spd|2
|move|p2a: Malamar|Superpower|p1a: Incineroar
|-supereffective|p1a: Incineroar|1
|-damage|p1a: Incineroar|0 fnt
|-boost|p2a: Malamar|atk|1
|-boost|p2a: Malamar|def|1
|faint|p1a: Incineroar
|move|p1b: Sinistcha|Trick Room|p1b: Sinistcha
|-fieldstart|move: Trick Room|[of] p1b: Sinistcha
|
|upkeep
|
|t:|1784198622
|switch|p1a: Kingambit|Kingambit, L50, M|71/100
|turn|6
|inactive|anonymous_snorlax has 30 seconds left.
|inactive|anonymous_snorlax has 20 seconds left.
|
|t:|1784198657
|move|p1b: Sinistcha|Rage Powder|p1b: Sinistcha
|-singleturn|p1b: Sinistcha|move: Rage Powder
|move|p1a: Kingambit|Swords Dance|p1a: Kingambit
|-boost|p1a: Kingambit|atk|2
|move|p2a: Malamar|Knock Off|p1b: Sinistcha
|-supereffective|p1b: Sinistcha|1
|-damage|p1b: Sinistcha|0 fnt
|-enditem|p1b: Sinistcha|Kasib Berry|[from] move: Knock Off|[of] p2a: Malamar
|faint|p1b: Sinistcha
|move|p2b: Whimsicott|Moonblast|p1a: Kingambit
|-damage|p1a: Kingambit|39/100
|
|upkeep
|
|t:|1784198668
|switch|p1b: Delphox|Delphox, L50, F|100/100
|turn|7
|inactive|anonymous_snorlax has 30 seconds left.
|inactive|anonymous_snorlax has 20 seconds left.
|
|t:|1784198706
|detailschange|p1b: Delphox|Delphox-Mega, L50, F
|-mega|p1b: Delphox|Delphox|Delphoxite
|move|p1a: Kingambit|Kowtow Cleave|p2a: Malamar
|-damage|p2a: Malamar|0 fnt
|faint|p2a: Malamar
|move|p2b: Whimsicott|Moonblast|p1a: Kingambit
|-damage|p1a: Kingambit|8/100
|move|p1b: Delphox|Heat Wave|p2b: Whimsicott
|-supereffective|p2b: Whimsicott|1
|-crit|p2b: Whimsicott
|-enditem|p2b: Whimsicott|Focus Sash
|-damage|p2b: Whimsicott|1/100
|
|upkeep
|
|t:|1784198715
|switch|p2a: Incineroar|Incineroar, L50, M|100/100
|-ability|p2a: Incineroar|Intimidate|boost
|-unboost|p1a: Kingambit|atk|1
|-ability|p1a: Kingambit|Defiant|boost
|-boost|p1a: Kingambit|atk|2
|-unboost|p1b: Delphox|atk|1
|turn|8
|inactive|anonymous_snorlax has 30 seconds left.
|
|t:|1784198747
|move|p1a: Kingambit|Protect|p1a: Kingambit
|-singleturn|p1a: Kingambit|Protect
|move|p1b: Delphox|Protect|p1b: Delphox
|-singleturn|p1b: Delphox|Protect
|move|p2a: Incineroar|Darkest Lariat|p1b: Delphox
|-activate|p1b: Delphox|move: Protect
|move|p2b: Whimsicott|Moonblast|p1a: Kingambit
|-activate|p1a: Kingambit|move: Protect
|
|upkeep
|turn|9
|
|t:|1784198766
|move|p1a: Kingambit|Kowtow Cleave|p2a: Incineroar
|-resisted|p2a: Incineroar|1
|-damage|p2a: Incineroar|37/100
|move|p2a: Incineroar|Flare Blitz|p1a: Kingambit
|-supereffective|p1a: Kingambit|1
|-damage|p1a: Kingambit|0 fnt
|faint|p1a: Kingambit
|-damage|p2a: Incineroar|34/100|[from] Recoil
|-damage|p2a: Incineroar|24/100|[from] item: Life Orb
|move|p2b: Whimsicott|Moonblast|p1b: Delphox
|-resisted|p1b: Delphox|1
|-damage|p1b: Delphox|83/100
|-unboost|p1b: Delphox|spa|1
|move|p1b: Delphox|Heat Wave|p2a: Incineroar|[spread] p2b
|-miss|p1b: Delphox|p2a: Incineroar
|-supereffective|p2b: Whimsicott|1
|-damage|p2b: Whimsicott|0 fnt
|faint|p2b: Whimsicott
|
|-fieldend|move: Trick Room
|upkeep
|turn|10
|
|t:|1784198787
|move|p1b: Delphox|Heat Wave|p2a: Incineroar
|-resisted|p2a: Incineroar|1
|-damage|p2a: Incineroar|8/100
|move|p2a: Incineroar|Darkest Lariat|p1b: Delphox
|-supereffective|p1b: Delphox|1
|-damage|p1b: Delphox|0 fnt
|faint|p1b: Delphox
|-damage|p2a: Incineroar|0 fnt|[from] item: Life Orb
|faint|p2a: Incineroar
|
|win|anonymous_snorlax
