|j|☆testdigi
|j|☆hlilyly
|html|testdigihlilyly    
|uhtml|bestof|Game 1 of a best-of-3
|t:|1785152690
|gametype|doubles
|player|p1|testdigi|169|1160
|player|p2|hlilyly|clown|1013
|gen|9
|tier|[Gen 9 Champions] VGC 2026 Reg M-B (Bo3)
|rated|
|rule|Species Clause: Limit one of each Pokémon
|rule|Item Clause: Limit 1 of each item
|clearpoke
|poke|p1|Raichu, L50, M|
|poke|p1|Toxapex, L50, F|
|poke|p1|Mamoswine, L50, F|
|poke|p1|Sylveon, L50, M|
|poke|p1|Corviknight, L50, F|
|poke|p1|Basculegion, L50, M|
|poke|p2|Chimecho, L50, F, shiny|
|poke|p2|Gourgeist-Super, L50, F, shiny|
|poke|p2|Azumarill, L50, F, shiny|
|poke|p2|Clefable, L50, F, shiny|
|poke|p2|Dragalge, L50, F, shiny|
|poke|p2|Aggron, L50, F, shiny|
|teampreview|4
|showteam|p1|Raichu||RaichuniteY|LightningRod|ZapCannon,FocusBlast,FakeOut,Protect|Timid||M|||50|]Toxapex||Leftovers|Regenerator|Infestation,Toxic,Recover,BanefulBunker|Relaxed||F|||50|]Mamoswine||LifeOrb|Oblivious|StompingTantrum,IceShard,RockSlide,Protect|Adamant||F|||50|]Sylveon||FairyFeather|Pixilate|HyperVoice,QuickAttack,Yawn,Detect|Modest||M|||50|]Corviknight||OccaBerry|MirrorArmor|IronHead,BraveBird,Tailwind,Protect|Adamant||F|||50|]Basculegion||FocusSash|Adaptability|LastRespects,Liquidation,AquaJet,Protect|Jolly||M|||50|
|showteam|p2|Chimecho||Chimechite|Levitate|Psychic,FlashCannon,Protect,CalmMind|Quiet||F|||50|]Gourgeist-Super||SitrusBerry|Frisk|TrickRoom,WillOWisp,Protect,GyroBall|Sassy||F|||50|]Azumarill||WhiteHerb|HugePower|Liquidation,PlayRough,IceSpinner,Protect|Brave||F|||50|]Clefable||LumBerry|CuteCharm|FollowMe,Protect,LifeDew,Moonblast|Bold||F|||50|]Dragalge||LifeOrb|Adaptability|DragonPulse,SludgeBomb,Protect,Thunderbolt|Modest||F|||50|]Aggron||FocusSash|RockHead|HeadSmash,HeavySlam,Protect,HighHorsepower|Adamant||F|||50|
|
|t:|1785152741
|teamsize|p1|4
|teamsize|p2|4
|start
|switch|p1a: Raichu|Raichu, L50, M|100/100
|switch|p1b: Corviknight|Corviknight, L50, F|100/100
|switch|p2a: Chimecho|Chimecho, L50, F, shiny|100/100
|switch|p2b: Clefable|Clefable, L50, F, shiny|100/100
|turn|1
|
|t:|1785152760
|detailschange|p1a: Raichu|Raichu-Mega-Y, L50, M
|-mega|p1a: Raichu|Raichu|Raichunite Y
|move|p2b: Clefable|Protect|p2b: Clefable
|-singleturn|p2b: Clefable|Protect
|move|p2a: Chimecho|Protect|p2a: Chimecho
|-singleturn|p2a: Chimecho|Protect
|move|p1a: Raichu|Zap Cannon|p2a: Chimecho
|-activate|p2a: Chimecho|move: Protect
|move|p1b: Corviknight|Tailwind|p1b: Corviknight
|-sidestart|p1: testdigi|move: Tailwind
|
|upkeep
|turn|2
|
|t:|1785152785
|detailschange|p2a: Chimecho|Chimecho-Mega, L50, F, shiny
|-mega|p2a: Chimecho|Chimecho|Chimechite
|move|p2b: Clefable|Follow Me|p2b: Clefable
|-singleturn|p2b: Clefable|move: Follow Me
|move|p1a: Raichu|Zap Cannon|p2b: Clefable
|-damage|p2b: Clefable|40/100
|-status|p2b: Clefable|par
|-enditem|p2b: Clefable|Lum Berry|[eat]
|-curestatus|p2b: Clefable|par|[msg]
|move|p1b: Corviknight|Iron Head|p2b: Clefable
|-supereffective|p2b: Clefable|1
|-damage|p2b: Clefable|0 fnt
|faint|p2b: Clefable
|move|p2a: Chimecho|Calm Mind|p2a: Chimecho
|-boost|p2a: Chimecho|spa|1
|-boost|p2a: Chimecho|spd|1
|
|upkeep
|
|t:|1785152804
|switch|p2b: Dragalge|Dragalge, L50, F, shiny|100/100
|turn|3
|
|t:|1785152819
|move|p2a: Chimecho|Protect|p2a: Chimecho
|-singleturn|p2a: Chimecho|Protect
|move|p1a: Raichu|Zap Cannon|p2a: Chimecho
|-activate|p2a: Chimecho|move: Protect
|move|p1b: Corviknight|Iron Head|p2b: Dragalge
|-damage|p2b: Dragalge|66/100
|move|p2b: Dragalge|Sludge Bomb|p1a: Raichu
|-damage|p1a: Raichu|4/100
|-damage|p2b: Dragalge|56/100|[from] item: Life Orb
|
|upkeep
|turn|4
|
|t:|1785152839
|move|p1a: Raichu|Zap Cannon|p2a: Chimecho
|-damage|p2a: Chimecho|64/100
|-status|p2a: Chimecho|par
|move|p1b: Corviknight|Brave Bird|p2b: Dragalge
|-damage|p2b: Dragalge|5/100
|-damage|p1b: Corviknight|87/100|[from] Recoil
|move|p2b: Dragalge|Thunderbolt|p1b: Corviknight
|-supereffective|p1b: Corviknight|1
|-damage|p1b: Corviknight|9/100
|-damage|p2b: Dragalge|0 fnt|[from] item: Life Orb
|faint|p2b: Dragalge
|move|p2a: Chimecho|Psychic|p1a: Raichu
|-damage|p1a: Raichu|0 fnt
|faint|p1a: Raichu
|
|-sideend|p1: testdigi|move: Tailwind
|upkeep
|
|t:|1785152861
|switch|p1a: Mamoswine|Mamoswine, L50, F|100/100
|switch|p2b: Gourgeist|Gourgeist-Super, L50, F, shiny|100/100
|-item|p1a: Mamoswine|Life Orb|[from] ability: Frisk|[of] p2b: Gourgeist
|-item|p1b: Corviknight|Occa Berry|[from] ability: Frisk|[of] p2b: Gourgeist
|turn|5
|
|t:|1785152896
|move|p1a: Mamoswine|Ice Shard|p2b: Gourgeist
|-supereffective|p2b: Gourgeist|1
|-damage|p2b: Gourgeist|52/100
|-damage|p1a: Mamoswine|90/100|[from] item: Life Orb
|move|p1b: Corviknight|Brave Bird|p2b: Gourgeist
|-supereffective|p2b: Gourgeist|1
|-damage|p2b: Gourgeist|0 fnt
|faint|p2b: Gourgeist
|-damage|p1b: Corviknight|0 fnt|[from] Recoil
|faint|p1b: Corviknight
|move|p2a: Chimecho|Psychic|p1a: Mamoswine
|-damage|p1a: Mamoswine|0 fnt
|faint|p1a: Mamoswine
|
|upkeep
|
|t:|1785152903
|switch|p1b: Basculegion|Basculegion, L50, M|100/100
|turn|6
|
|t:|1785152913
|move|p1b: Basculegion|Last Respects|p2a: Chimecho
|-supereffective|p2a: Chimecho|1
|-damage|p2a: Chimecho|0 fnt
|faint|p2a: Chimecho
|
|win|testdigi
||testdigi is ready for game 2.
|raw|testdigi's rating: 1160 → 1175(+15 for winning)
|raw|hlilyly's rating: 1013 → 1006(-7 for losing)
