|j|☆just for fun fren
|j|☆420dablord
|html|just for fun fren420dablord    
|uhtml|bestof|Game 3 of a best-of-3
|t:|1757024299
|gametype|doubles
|player|p1|just for fun fren|colress|1179
|player|p2|420dablord|2|1150
|gen|9
|tier|[Gen 9] VGC 2025 Reg H (Bo3)
|rated|
|rule|Species Clause: Limit one of each Pokémon
|rule|Item Clause: Limit 1 of each item
|clearpoke
|poke|p1|Gholdengo, L50|
|poke|p1|Primarina, L50, F|
|poke|p1|Sneasler, L50, F|
|poke|p1|Rillaboom, L50, F|
|poke|p1|Incineroar, L50, F|
|poke|p1|Gliscor, L50, F|
|poke|p2|Kingambit, L50, M|
|poke|p2|Gholdengo, L50|
|poke|p2|Pelipper, L50, M|
|poke|p2|Whimsicott, L50, M|
|poke|p2|Basculegion, L50, M|
|poke|p2|Sneasler, L50, M|
|teampreview|4
|showteam|p1|Gholdengo||ChoiceScarf|GoodasGold|MakeItRain,ShadowBall,TeraBlast,Trick||||||50|,,,,,Fighting]Primarina||GrassySeed|LiquidVoice|HyperVoice,Moonblast,CalmMind,Protect|||F|||50|,,,,,Grass]Sneasler||FocusSash|PoisonTouch|DireClaw,CloseCombat,ThroatChop,Protect|||F|||50|,,,,,Stellar]Rillaboom||AssaultVest|GrassySurge|WoodHammer,GrassyGlide,HighHorsepower,FakeOut|||F|||50|,,,,,Fire]Incineroar||SafetyGoggles|Intimidate|FlareBlitz,KnockOff,PartingShot,FakeOut|||F|||50|,,,,,Ghost]Gliscor||ToxicOrb|PoisonHeal|SwordsDance,HighHorsepower,DualWingbeat,Protect|||F|||50|,,,,,Water
|showteam|p2|Kingambit||BlackGlasses|Defiant|Protect,SuckerPunch,KowtowCleave,SwordsDance|||M|||50|,,,,,Ghost]Gholdengo||LifeOrb|GoodasGold|MakeItRain,NastyPlot,Protect,ShadowBall||||||50|,,,,,Dark]Pelipper||DampRock|Drizzle|Tailwind,WeatherBall,Hurricane,HelpingHand|||M|||50|,,,,,Grass]Whimsicott||CovertCloak|Prankster|Tailwind,Encore,Moonblast,Taunt|||M|||50|,,,,,Water]Basculegion||ChoiceBand|SwiftSwim|FlipTurn,AquaJet,LastRespects,WaveCrash|||M|||50|,,,,,Dark]Sneasler||FocusSash|Unburden|CloseCombat,Protect,DireClaw,FakeOut|||M|||50|,,,,,Fighting
|inactive|Battle timer is ON: inactive players will automatically lose when time's up. (requested by 420dablord)
|
|t:|1757024340
|teamsize|p1|4
|teamsize|p2|4
|start
|switch|p1a: Rillaboom|Rillaboom, L50, F|100/100
|switch|p1b: Sneasler|Sneasler, L50, F|100/100
|switch|p2a: Sneasler|Sneasler, L50, M|100/100
|switch|p2b: Gholdengo|Gholdengo, L50|100/100
|-fieldstart|move: Grassy Terrain|[from] ability: Grassy Surge|[of] p1a: Rillaboom
|turn|1
|inactive|just for fun fren has 30 seconds left.
|
|t:|1757024367
|switch|p1b: Gholdengo|Gholdengo, L50|100/100
|move|p2a: Sneasler|Fake Out|p1b: Gholdengo
|-immune|p1b: Gholdengo
|move|p1a: Rillaboom|Fake Out|p2a: Sneasler
|-damage|p2a: Sneasler|79/100
|move|p2b: Gholdengo|Nasty Plot|p2b: Gholdengo
|-boost|p2b: Gholdengo|spa|2
|
|-heal|p2a: Sneasler|84/100|[from] Grassy Terrain
|upkeep
|turn|2
|inactive|just for fun fren has 30 seconds left.
|inactive|just for fun fren has 20 seconds left.
|inactive|just for fun fren has 15 seconds left.
|
|t:|1757024407
|-terastallize|p2b: Gholdengo|Dark
|move|p1b: Gholdengo|Make It Rain|p2b: Gholdengo|[spread] p2a,p2b
|-damage|p2a: Sneasler|22/100
|-damage|p2b: Gholdengo|41/100
|-unboost|p1b: Gholdengo|spa|1
|move|p2a: Sneasler|Dire Claw|p1a: Rillaboom
|-supereffective|p1a: Rillaboom
|-damage|p1a: Rillaboom|21/100
|move|p2b: Gholdengo|Shadow Ball|p1b: Gholdengo
|-supereffective|p1b: Gholdengo
|-damage|p1b: Gholdengo|0 fnt
|faint|p1b: Gholdengo
|-damage|p2b: Gholdengo|31/100|[from] item: Life Orb
|move|p1a: Rillaboom|High Horsepower|p2b: Gholdengo
|-damage|p2b: Gholdengo|0 fnt
|faint|p2b: Gholdengo
|
|-heal|p2a: Sneasler|28/100|[from] Grassy Terrain
|-heal|p1a: Rillaboom|27/100|[from] Grassy Terrain
|upkeep
|
|t:|1757024428
|switch|p2b: Pelipper|Pelipper, L50, M|100/100
|switch|p1b: Sneasler|Sneasler, L50, F|100/100
|-weather|RainDance|[from] ability: Drizzle|[of] p2b: Pelipper
|turn|3
|
|t:|1757024455
|move|p1b: Sneasler|Close Combat|p2a: Sneasler
|-resisted|p2a: Sneasler
|-damage|p2a: Sneasler|0 fnt
|-unboost|p1b: Sneasler|def|1
|-unboost|p1b: Sneasler|spd|1
|faint|p2a: Sneasler
|move|p1a: Rillaboom|Wood Hammer|p2b: Pelipper
|-damage|p2b: Pelipper|23/100
|-damage|p1a: Rillaboom|6/100|[from] Recoil
|move|p2b: Pelipper|Hurricane|p1b: Sneasler
|-supereffective|p1b: Sneasler
|-enditem|p1b: Sneasler|Focus Sash
|-damage|p1b: Sneasler|1/100
|-start|p1b: Sneasler|confusion
|
|-weather|RainDance|[upkeep]
|-heal|p1b: Sneasler|7/100|[from] Grassy Terrain
|-heal|p1a: Rillaboom|12/100|[from] Grassy Terrain
|upkeep
|
|t:|1757024471
|switch|p2a: Basculegion|Basculegion, L50, M|100/100
|turn|4
|
|t:|1757024483
|move|p2a: Basculegion|Aqua Jet|p1a: Rillaboom
|-resisted|p1a: Rillaboom
|-damage|p1a: Rillaboom|0 fnt
|faint|p1a: Rillaboom
|-activate|p1b: Sneasler|confusion
|-damage|p1b: Sneasler|0 fnt|[from] confusion
|faint|p1b: Sneasler
|move|p2b: Pelipper|Weather Ball|p1: Rillaboom|[notarget]
|-fail|p2b: Pelipper
|
|-weather|RainDance|[upkeep]
|upkeep
|
|t:|1757024491
|switch|p1b: Primarina|Primarina, L50, F|100/100
|-enditem|p1b: Primarina|Grassy Seed
|-boost|p1b: Primarina|def|1|[from] item: Grassy Seed
|turn|5
|
|t:|1757024500
|move|p2a: Basculegion|Aqua Jet|p1b: Primarina
|-resisted|p1b: Primarina
|-damage|p1b: Primarina|84/100
|move|p2b: Pelipper|Hurricane|p1b: Primarina
|-damage|p1b: Primarina|37/100
|move|p1b: Primarina|Moonblast|p2b: Pelipper
|-damage|p2b: Pelipper|0 fnt
|faint|p2b: Pelipper
|
|-weather|RainDance|[upkeep]
|-heal|p1b: Primarina|43/100|[from] Grassy Terrain
|-fieldend|move: Grassy Terrain
|upkeep
|turn|6
|
|t:|1757024513
|move|p1b: Primarina|Protect|p1b: Primarina
|-singleturn|p1b: Primarina|Protect
|move|p2a: Basculegion|Aqua Jet|p1b: Primarina
|-activate|p1b: Primarina|move: Protect
|
|-weather|RainDance|[upkeep]
|upkeep
|turn|7
|
|t:|1757024520
|move|p2a: Basculegion|Aqua Jet|p1b: Primarina
|-resisted|p1b: Primarina
|-damage|p1b: Primarina|26/100
|move|p1b: Primarina|Moonblast|p2a: Basculegion
|-damage|p2a: Basculegion|46/100
|
|-weather|RainDance|[upkeep]
|upkeep
|turn|8
|
|t:|1757024527
|move|p1b: Primarina|Protect|p1b: Primarina
|-singleturn|p1b: Primarina|Protect
|move|p2a: Basculegion|Aqua Jet|p1b: Primarina
|-activate|p1b: Primarina|move: Protect
|
|-weather|RainDance|[upkeep]
|upkeep
|turn|9
|-message|420dablord forfeited.
|
|win|just for fun fren
|raw|just for fun fren's rating: 1179 → 1202(+23 for winning)
|raw|420dablord's rating: 1150 → 1127(-23 for losing)
|l|☆420dablord
|player|p2|
|c|☆just for fun fren|ggs
