|j|☆KageUyagir
|j|☆FrostyK1w1
|html|KageUyagirFrostyK1w1    
|uhtml|bestof|Game 2 of a best-of-3
|t:|1784787351
|gametype|doubles
|player|p1|KageUyagir|169|
|player|p2|FrostyK1w1|cynthia|
|gen|9
|tier|[Gen 9 Champions] VGC 2026 Reg M-B (Bo3)
|rule|Species Clause: Limit one of each Pokémon
|rule|Item Clause: Limit 1 of each item
|clearpoke
|poke|p1|Chimecho, L50, M|
|poke|p1|Aerodactyl, L50, M|
|poke|p1|Altaria, L50, M|
|poke|p1|Alcremie, L50, F, shiny|
|poke|p1|Espathra, L50, F|
|poke|p1|Farigiraf, L50, M|
|poke|p2|Staraptor, L50, F|
|poke|p2|Clefable, L50, M|
|poke|p2|Mr. Rime, L50, M|
|poke|p2|Cofagrigus, L50, M|
|poke|p2|Noivern, L50, M|
|poke|p2|Lopunny, L50, M|
|teampreview|4
|showteam|p1|Chimecho||Chimechite|Levitate|KnockOff,StoredPower,BatonPass,PsychUp|Bold||M|||50|]Aerodactyl||ExpertBelt|Unnerve|RockSlide,DualWingbeat,Protect,Tailwind|Jolly||M|||50|]Altaria||Leftovers|CloudNine|Defog,DragonPulse,Moonblast,WillOWisp|Modest||M|||50|]Alcremie||FocusSash|AromaVeil|Decorate,Protect,DrainingKiss,AcidArmor|Bold||F|||50|]Espathra||ShellBell|SpeedBoost|CalmMind,Protect,StoredPower,DazzlingGleam|Modest||F|||50|]Farigiraf||SitrusBerry|CudChew|Reflect,TwinBeam,HyperVoice,TrickRoom|Quiet||M|||50|
|showteam|p2|Staraptor||Staraptite|Intimidate|CloseCombat,Tailwind,Uturn,DualWingbeat|Adamant||F|||50|]Clefable||ChoiceScarf|CuteCharm|AfterYou,Encore,Trick,AlluringVoice|Bold||M|||50|]Mr. Rime||FocusSash|ScreenCleaner|LightScreen,FakeOut,SuckerPunch,AfterYou|Brave||M|||50|]Cofagrigus||Leftovers|Mummy|DarkPulse,ToxicSpikes,WillOWisp,Protect|Sassy||M|||50|]Noivern||BlackGlasses|Frisk|Boomburst,DracoMeteor,DarkPulse,Taunt|Modest||M|||50|]Lopunny||SilkScarf|CuteCharm|FakeOut,TripleAxel,CottonGuard,BatonPass|Serious||M|||50|
|
|t:|1784787392
|teamsize|p1|4
|teamsize|p2|4
|start
|switch|p1a: Alcremie|Alcremie, L50, F, shiny|100/100
|switch|p1b: Espathra|Espathra, L50, F|100/100
|switch|p2a: Staraptor|Staraptor, L50, F|100/100
|switch|p2b: Cofagrigus|Cofagrigus, L50, M|100/100
|-ability|p2a: Staraptor|Intimidate|boost
|-unboost|p1a: Alcremie|atk|1
|-unboost|p1b: Espathra|atk|1
|turn|1
|
|t:|1784787406
|detailschange|p2a: Staraptor|Staraptor-Mega, L50, F
|-mega|p2a: Staraptor|Staraptor|Staraptite
|move|p1b: Espathra|Protect|p1b: Espathra
|-singleturn|p1b: Espathra|Protect
|move|p2a: Staraptor|U-turn|p1b: Espathra
|-activate|p1b: Espathra|move: Protect
|move|p1a: Alcremie|Decorate|p1b: Espathra
|-boost|p1b: Espathra|atk|2
|-boost|p1b: Espathra|spa|2
|move|p2b: Cofagrigus|Toxic Spikes|p1b: Espathra
|-sidestart|p1: KageUyagir|move: Toxic Spikes
|
|-ability|p1b: Espathra|Speed Boost|boost
|-boost|p1b: Espathra|spe|1
|upkeep
|turn|2
|
|t:|1784787435
|switch|p2a: Clefable|Clefable, L50, M|100/100
|move|p1b: Espathra|Stored Power|p2a: Clefable
|-damage|p2a: Clefable|4/100
|move|p1a: Alcremie|Decorate|p1b: Espathra
|-boost|p1b: Espathra|atk|2
|-boost|p1b: Espathra|spa|2
|move|p2b: Cofagrigus|Toxic Spikes|p1a: Alcremie
|-sidestart|p1: KageUyagir|move: Toxic Spikes
|
|-ability|p1b: Espathra|Speed Boost|boost
|-boost|p1b: Espathra|spe|1
|upkeep
|turn|3
|
|t:|1784787459
|move|p1b: Espathra|Dazzling Gleam|p2a: Clefable|[spread] p2a,p2b
|-damage|p2a: Clefable|0 fnt
|-damage|p2b: Cofagrigus|48/100
|faint|p2a: Clefable
|move|p1a: Alcremie|Decorate|p2b: Cofagrigus
|-boost|p2b: Cofagrigus|atk|2
|-boost|p2b: Cofagrigus|spa|2
|move|p2b: Cofagrigus|Dark Pulse|p1b: Espathra
|-supereffective|p1b: Espathra|1
|-damage|p1b: Espathra|0 fnt
|faint|p1b: Espathra
|
|-heal|p2b: Cofagrigus|54/100|[from] item: Leftovers
|upkeep
|
|t:|1784787473
|switch|p1b: Chimecho|Chimecho, L50, M|100/100
|switch|p2a: Noivern|Noivern, L50, M|100/100
|-item|p1a: Alcremie|Focus Sash|[from] ability: Frisk|[of] p2a: Noivern
|-item|p1b: Chimecho|Chimechite|[from] ability: Frisk|[of] p2a: Noivern
|turn|4
|
|t:|1784787503
|detailschange|p1b: Chimecho|Chimecho-Mega, L50, M
|-mega|p1b: Chimecho|Chimecho|Chimechite
|move|p2a: Noivern|Taunt|p1b: Chimecho
|-block|p1b: Chimecho|ability: Aroma Veil|[of] p1a: Alcremie
|move|p1b: Chimecho|Psych Up|p2b: Cofagrigus
|-copyboost|p1b: Chimecho|p2b: Cofagrigus|[from] move: Psych Up
|move|p1a: Alcremie|Decorate|p1b: Chimecho
|-boost|p1b: Chimecho|atk|2
|-boost|p1b: Chimecho|spa|2
|move|p2b: Cofagrigus|Dark Pulse|p1b: Chimecho
|-supereffective|p1b: Chimecho|1
|-damage|p1b: Chimecho|30/100
|
|-heal|p2b: Cofagrigus|59/100|[from] item: Leftovers
|upkeep
|turn|5
|
|t:|1784787541
|move|p2a: Noivern|Boomburst|p1a: Alcremie|[spread] p1a,p1b
|-immune|p2b: Cofagrigus
|-resisted|p1b: Chimecho|1
|-damage|p1a: Alcremie|70/100
|-damage|p1b: Chimecho|15/100
|move|p1b: Chimecho|Stored Power|p2b: Cofagrigus
|-damage|p2b: Cofagrigus|0 fnt
|faint|p2b: Cofagrigus
|move|p1a: Alcremie|Draining Kiss|p2a: Noivern
|-supereffective|p2a: Noivern|1
|-damage|p2a: Noivern|55/100
|-heal|p1a: Alcremie|100/100|[from] drain|[of] p2a: Noivern
|
|upkeep
|
|t:|1784787553
|switch|p2b: Staraptor|Staraptor-Mega, L50, F|100/100
|turn|6
|
|t:|1784787590
|move|p2a: Noivern|Dark Pulse|p1b: Chimecho
|-supereffective|p1b: Chimecho|1
|-damage|p1b: Chimecho|0 fnt
|faint|p1b: Chimecho
|move|p2b: Staraptor|Tailwind|p2b: Staraptor
|-sidestart|p2: FrostyK1w1|move: Tailwind
|move|p1a: Alcremie|Decorate|p2b: Staraptor
|-unboost|p2b: Staraptor|atk|2
|-unboost|p2b: Staraptor|spa|2
|
|upkeep
|
|t:|1784787599
|switch|p1b: Aerodactyl|Aerodactyl, L50, M|100/100
|-ability|p1b: Aerodactyl|Unnerve
|turn|7
|
|t:|1784787617
|move|p2a: Noivern|Dark Pulse|p1b: Aerodactyl
|-damage|p1b: Aerodactyl|58/100
|move|p2b: Staraptor|Close Combat|p1b: Aerodactyl
|-damage|p1b: Aerodactyl|4/100
|-boost|p2b: Staraptor|def|1
|-boost|p2b: Staraptor|spd|1
|move|p1b: Aerodactyl|Rock Slide|p2b: Staraptor|[spread] p2b
|-miss|p1b: Aerodactyl|p2a: Noivern
|-damage|p2b: Staraptor|81/100
|move|p1a: Alcremie|Decorate|p1b: Aerodactyl
|-boost|p1b: Aerodactyl|atk|2
|-boost|p1b: Aerodactyl|spa|2
|
|upkeep
|turn|8
|
|t:|1784787648
|move|p1b: Aerodactyl|Protect|p1b: Aerodactyl
|-singleturn|p1b: Aerodactyl|Protect
|move|p2b: Staraptor|Dual Wingbeat|p1a: Alcremie
|-crit|p1a: Alcremie
|-damage|p1a: Alcremie|63/100
|-damage|p1a: Alcremie|51/100
|-hitcount|p1a: Alcremie|2
|move|p2a: Noivern|Boomburst|p1a: Alcremie|[spread] p2b,p1a
|-activate|p1b: Aerodactyl|move: Protect
|-damage|p2b: Staraptor|56/100
|-damage|p1a: Alcremie|23/100
|move|p1a: Alcremie|Draining Kiss|p2a: Noivern
|-supereffective|p2a: Noivern|1
|-damage|p2a: Noivern|11/100
|-heal|p1a: Alcremie|58/100|[from] drain|[of] p2a: Noivern
|
|upkeep
|turn|9
|
|t:|1784787675
|move|p1b: Aerodactyl|Protect||[still]
|-fail|p1b: Aerodactyl
|move|p1a: Alcremie|Protect|p1a: Alcremie
|-singleturn|p1a: Alcremie|Protect
|move|p2b: Staraptor|Dual Wingbeat|p1a: Alcremie
|-activate|p1a: Alcremie|move: Protect
|move|p2a: Noivern|Boomburst|p1a: Alcremie|[spread] p2b,p1b
|-activate|p1a: Alcremie|move: Protect
|-resisted|p1b: Aerodactyl|1
|-damage|p2b: Staraptor|32/100
|-damage|p1b: Aerodactyl|0 fnt
|faint|p1b: Aerodactyl
|
|-sideend|p2: FrostyK1w1|move: Tailwind
|upkeep
|turn|10
|
|t:|1784787708
|move|p2b: Staraptor|Dual Wingbeat|p1a: Alcremie|[miss]
|-miss|p2b: Staraptor|p1a: Alcremie
|move|p2a: Noivern|Boomburst|p1a: Alcremie|[spread] p2b,p1a
|-damage|p2b: Staraptor|5/100
|-damage|p1a: Alcremie|28/100
|move|p1a: Alcremie|Draining Kiss|p2a: Noivern
|-supereffective|p2a: Noivern|1
|-damage|p2a: Noivern|0 fnt
|-heal|p1a: Alcremie|37/100|[from] drain|[of] p2a: Noivern
|faint|p2a: Noivern
|
|upkeep
|turn|11
|
|t:|1784787722
|move|p1a: Alcremie|Protect|p1a: Alcremie
|-singleturn|p1a: Alcremie|Protect
|move|p2b: Staraptor|Dual Wingbeat|p1a: Alcremie
|-activate|p1a: Alcremie|move: Protect
|
|upkeep
|turn|12
|
|t:|1784787731
|move|p2b: Staraptor|Dual Wingbeat|p1a: Alcremie
|-damage|p1a: Alcremie|26/100
|-damage|p1a: Alcremie|15/100
|-hitcount|p1a: Alcremie|2
|move|p1a: Alcremie|Draining Kiss|p2b: Staraptor
|-supereffective|p2b: Staraptor|1
|-damage|p2b: Staraptor|0 fnt
|-heal|p1a: Alcremie|19/100|[from] drain|[of] p2b: Staraptor
|faint|p2b: Staraptor
|
|win|KageUyagir
|inactive|KageUyagir has 30 seconds to confirm battle start!
|inactive|FrostyK1w1 has 30 seconds to confirm battle start!
||FrostyK1w1 is ready for game 3.
||KageUyagir is ready for game 3.
|uhtml|next|Next: Game 3 of 3
