|j|☆wweewwzz
|j|☆luckyross
|html|wweewwzzluckyross    
|uhtml|bestof|Game 3 of a best-of-3
|t:|1755992208
|gametype|doubles
|player|p1|wweewwzz|pokekid|1315
|player|p2|luckyross|red|1277
|gen|9
|tier|[Gen 9] VGC 2025 Reg H (Bo3)
|rated|
|rule|Species Clause: Limit one of each Pokémon
|rule|Item Clause: Limit 1 of each item
|clearpoke
|poke|p1|Gholdengo, L50|
|poke|p1|Incineroar, L50, M|
|poke|p1|Ursaluna, L50, M|
|poke|p1|Sinistcha, L50|
|poke|p1|Sneasler, L50, F|
|poke|p1|Dragonite, L50, F|
|poke|p2|Murkrow, L50, M|
|poke|p2|Gholdengo, L50|
|poke|p2|Sylveon, L50, F|
|poke|p2|Pawmot, L50, M|
|poke|p2|Hydreigon, L50, F|
|poke|p2|Araquanid, L50, M|
|teampreview|4
|showteam|p1|Gholdengo||LifeOrb|GoodasGold|MakeItRain,ShadowBall,NastyPlot,Protect||||||50|,,,,,Water]Incineroar||AssaultVest|Intimidate|FakeOut,Uturn,KnockOff,FlareBlitz|||M|||50|,,,,,Ghost]Ursaluna||FlameOrb|Guts|Earthquake,Facade,HeadlongRush,Protect|||M|||50|,,,,,Ghost]Sinistcha||SitrusBerry|Hospitality|MatchaGotcha,LifeDew,RagePowder,TrickRoom||||||50|,,,,,Dark]Sneasler||FocusSash|PoisonTouch|DireClaw,CloseCombat,Coaching,Protect|||F|||50|,,,,,Flying]Dragonite||LoadedDice|Multiscale|ScaleShot,Haze,Tailwind,Protect|||F|||50|,,,,,Fairy
|showteam|p2|Murkrow||Eviolite|Prankster|Tailwind,FoulPlay,Haze,Quash|||M|||50|,,,,,Ghost]Gholdengo||ChoiceSpecs|GoodasGold|MakeItRain,ShadowBall,FocusBlast,Trick||||||50|,,,,,Steel]Sylveon||ThroatSpray|Pixilate|HyperVoice,TeraBlast,Protect,QuickAttack|||F|||50|,,,,,Fire]Pawmot||FocusSash|VoltAbsorb|Protect,RevivalBlessing,CloseCombat,DoubleShock|||M|||50|,,,,,Electric]Hydreigon||LifeOrb|Levitate|DarkPulse,DracoMeteor,Snarl,Protect|||F|||50|,,,,,Ghost]Araquanid||ClearAmulet|WaterBubble|Liquidation,LeechLife,StickyWeb,WideGuard|||M|||50|,,,,,Ghost
|inactive|Battle timer is ON: inactive players will automatically lose when time's up. (requested by wweewwzz)
|
|t:|1755992221
|teamsize|p1|4
|teamsize|p2|4
|start
|switch|p1a: Sinistcha|Sinistcha, L50|100/100
|switch|p1b: Incineroar|Incineroar, L50, M|100/100
|switch|p2a: Ficello-Man|Gholdengo, L50|100/100
|switch|p2b: Hydreigon|Hydreigon, L50, F, shiny|100/100
|-ability|p1b: Incineroar|Intimidate|boost
|-unboost|p2a: Ficello-Man|atk|1
|-unboost|p2b: Hydreigon|atk|1
|turn|1
|
|t:|1755992238
|-terastallize|p2b: Hydreigon|Ghost
|-terastallize|p1a: Sinistcha|Dark
|move|p2b: Hydreigon|Draco Meteor|p1a: Sinistcha
|-damage|p1a: Sinistcha|28/100
|-unboost|p2b: Hydreigon|spa|2
|-enditem|p1a: Sinistcha|Sitrus Berry|[eat]
|-heal|p1a: Sinistcha|53/100|[from] item: Sitrus Berry
|-damage|p2b: Hydreigon|91/100|[from] item: Life Orb
|move|p2a: Ficello-Man|Make It Rain|p1b: Incineroar|[spread] p1a,p1b
|-resisted|p1b: Incineroar
|-crit|p1b: Incineroar
|-damage|p1a: Sinistcha|0 fnt
|-damage|p1b: Incineroar|65/100
|-unboost|p2a: Ficello-Man|spa|1
|faint|p1a: Sinistcha
|move|p1b: Incineroar|Flare Blitz|p2a: Ficello-Man
|-supereffective|p2a: Ficello-Man
|-crit|p2a: Ficello-Man
|-damage|p2a: Ficello-Man|0 fnt
|faint|p2a: Ficello-Man
|-damage|p1b: Incineroar|38/100|[from] Recoil
|
|upkeep
|
|t:|1755992257
|switch|p2a: Sylveon|Sylveon, L50, F, shiny|100/100
|switch|p1a: Gholdengo|Gholdengo, L50|100/100
|turn|2
|
|t:|1755992268
|switch|p2b: Murkrow|Murkrow, L50, M, shiny|100/100
|move|p2a: Sylveon|Protect|p2a: Sylveon
|-singleturn|p2a: Sylveon|Protect
|move|p1a: Gholdengo|Make It Rain|p2a: Sylveon|[spread] p2b
|-activate|p2a: Sylveon|move: Protect
|-damage|p2b: Murkrow|49/100
|-unboost|p1a: Gholdengo|spa|1
|-damage|p1a: Gholdengo|91/100|[from] item: Life Orb
|move|p1b: Incineroar|Flare Blitz|p2a: Sylveon
|-activate|p2a: Sylveon|move: Protect
|
|upkeep
|turn|3
|
|t:|1755992290
|move|p2b: Murkrow|Tailwind|p2b: Murkrow
|-sidestart|p2: luckyross|move: Tailwind
|move|p2a: Sylveon|Hyper Voice|p1b: Incineroar|[spread] p1a,p1b
|-resisted|p1a: Gholdengo
|-damage|p1a: Gholdengo|73/100
|-damage|p1b: Incineroar|13/100
|-enditem|p2a: Sylveon|Throat Spray
|-boost|p2a: Sylveon|spa|1|[from] item: Throat Spray
|move|p1a: Gholdengo|Make It Rain|p2b: Murkrow|[spread] p2a,p2b
|-supereffective|p2a: Sylveon
|-damage|p2a: Sylveon|46/100
|-damage|p2b: Murkrow|14/100
|-unboost|p1a: Gholdengo|spa|1
|-damage|p1a: Gholdengo|63/100|[from] item: Life Orb
|move|p1b: Incineroar|Flare Blitz|p2a: Sylveon
|-damage|p2a: Sylveon|0 fnt
|faint|p2a: Sylveon
|-damage|p1b: Incineroar|0 fnt|[from] Recoil
|faint|p1b: Incineroar
|
|upkeep
|
|t:|1755992298
|switch|p2a: Hydreigon|Hydreigon, L50, F, shiny, tera:Ghost|91/100
|switch|p1b: Ursaluna|Ursaluna, L50, M, shiny|100/100
|turn|4
|
|t:|1755992313
|move|p1a: Gholdengo|Protect|p1a: Gholdengo
|-singleturn|p1a: Gholdengo|Protect
|move|p2a: Hydreigon|Dark Pulse|p1a: Gholdengo
|-activate|p1a: Gholdengo|move: Protect
|move|p2b: Murkrow|Foul Play|p1b: Ursaluna
|-damage|p1b: Ursaluna|56/100
|move|p1b: Ursaluna|Facade|p2b: Murkrow
|-damage|p2b: Murkrow|0 fnt
|faint|p2b: Murkrow
|
|-status|p1b: Ursaluna|brn|[from] item: Flame Orb
|upkeep
|turn|5
|
|t:|1755992326
|move|p1a: Gholdengo|Protect||[still]
|-fail|p1a: Gholdengo
|move|p1b: Ursaluna|Protect|p1b: Ursaluna
|-singleturn|p1b: Ursaluna|Protect
|move|p2a: Hydreigon|Dark Pulse|p1a: Gholdengo
|-supereffective|p1a: Gholdengo
|-damage|p1a: Gholdengo|0 fnt
|faint|p1a: Gholdengo
|-damage|p2a: Hydreigon|82/100|[from] item: Life Orb
|
|-damage|p1b: Ursaluna|50/100 brn|[from] brn
|upkeep
|turn|6
|inactive|luckyross has 30 seconds left.
|
|t:|1755992356
|move|p2a: Hydreigon|Dark Pulse|p1b: Ursaluna
|-damage|p1b: Ursaluna|0 fnt
|faint|p1b: Ursaluna
|-damage|p2a: Hydreigon|72/100|[from] item: Life Orb
|
|win|luckyross
|raw|wweewwzz's rating: 1315 → 1293(-22 for losing)
|raw|luckyross's rating: 1277 → 1305(+28 for winning)
