|j|☆Zukato1XD
|j|☆cooledoregon
|html|Zukato1XDcooledoregon    
|uhtml|bestof|Game 3 of a best-of-3
|t:|1783360420
|gametype|doubles
|player|p1|Zukato1XD|101|1082
|player|p2|cooledoregon|266|1167
|gen|9
|tier|[Gen 9 Champions] VGC 2026 Reg M-B (Bo3)
|rated|
|rule|Species Clause: Limit one of each Pokémon
|rule|Item Clause: Limit 1 of each item
|clearpoke
|poke|p1|Kingambit, L50, M|
|poke|p1|Basculegion, L50, M|
|poke|p1|Whimsicott, L50, F|
|poke|p1|Sneasler, L50, F|
|poke|p1|Floette-Eternal, L50, F|
|poke|p1|Charizard, L50, M|
|poke|p2|Rotom-Wash, L50|
|poke|p2|Sneasler, L50, F|
|poke|p2|Froslass, L50, F|
|poke|p2|Glimmora, L50, M|
|poke|p2|Garchomp, L50, M|
|poke|p2|Floette-Eternal, L50, F|
|teampreview|4
|showteam|p1|Kingambit||Leftovers|Defiant|KowtowCleave,SuckerPunch,IronHead,Protect|Adamant||M|||50|]Basculegion||ChoiceScarf|SwiftSwim|FlipTurn,WaveCrash,AquaJet,LastRespects|Jolly||M|||50|]Whimsicott||FocusSash|Prankster|Taunt,Moonblast,Tailwind,Encore|Timid||F|||50|]Sneasler||MentalHerb|Unburden|CloseCombat,FakeOut,DireClaw,Protect|Adamant||F|||50|]Floette-Eternal||Floettite|FlowerVeil|Protect,DazzlingGleam,Moonblast,CalmMind|Timid||F|||50|]Charizard||CharizarditeY|Blaze|HeatWave,SolarBeam,ScorchingSands,Protect|Timid||M|||50|
|showteam|p2|Rotom-Wash||ChoiceScarf|Levitate|VoltSwitch,Electroweb,HydroPump,Thunderbolt|Timid|||||50|]Sneasler||WhiteHerb|Unburden|FakeOut,DireClaw,CloseCombat,Protect|Jolly||F|||50|]Froslass||Froslassite|CursedBody|ShadowBall,Blizzard,AuroraVeil,Protect|Timid||F|||50|]Glimmora||FocusSash|ToxicDebris|PowerGem,EarthPower,SludgeBomb,SpikyShield|Timid||M|||50|]Garchomp||LifeOrb|RoughSkin|Earthquake,StompingTantrum,DragonClaw,Protect|Jolly||M|||50|]Floette-Eternal||Floettite|FlowerVeil|DazzlingGleam,LightofRuin,Moonblast,Protect|Timid||F|||50|
|inactive|Battle timer is ON: inactive players will automatically lose when time's up. (requested by cooledoregon)
|
|t:|1783360441
|teamsize|p1|4
|teamsize|p2|4
|start
|switch|p1a: Whimsicott|Whimsicott, L50, F|100/100
|switch|p1b: Charizard|Charizard, L50, M|100/100
|switch|p2a: La Pallina|Glimmora, L50, M|100/100
|switch|p2b: Marta|Sneasler, L50, F|100/100
|turn|1
|
|t:|1783360457
|move|p2b: Marta|Fake Out|p1a: Whimsicott
|-damage|p1a: Whimsicott|85/100
|cant|p1a: Whimsicott|flinch
|move|p1b: Charizard|Scorching Sands|p2a: La Pallina
|-supereffective|p2a: La Pallina|2
|-enditem|p2a: La Pallina|Focus Sash
|-damage|p2a: La Pallina|1/100
|move|p2a: La Pallina|Power Gem|p1b: Charizard
|-supereffective|p1b: Charizard|2
|-damage|p1b: Charizard|0 fnt
|faint|p1b: Charizard
|
|upkeep
|
|t:|1783360474
|switch|p1b: Basculegion|Basculegion, L50, M|100/100
|turn|2
|inactive|cooledoregon has 30 seconds left.
|
|t:|1783360501
|switch|p2b: O Motor|Rotom-Wash, L50|100/100
|move|p1b: Basculegion|Wave Crash|p2b: O Motor
|-resisted|p2b: O Motor|1
|-damage|p2b: O Motor|68/100
|-damage|p1b: Basculegion|93/100|[from] Recoil
|move|p1a: Whimsicott|Moonblast|p2a: La Pallina
|-resisted|p2a: La Pallina|1
|-damage|p2a: La Pallina|0 fnt
|faint|p2a: La Pallina
|
|upkeep
|inactive|cooledoregon has 30 seconds left.
|
|t:|1783360528
|switch|p2a: Marta|Sneasler, L50, F|100/100
|turn|3
|inactive|cooledoregon has 30 seconds left.
|inactive|cooledoregon has 20 seconds left.
|inactive|cooledoregon has 15 seconds left.
|inactive|cooledoregon has 10 seconds left.
|inactive|cooledoregon has 5 seconds left.
|
|t:|1783360580
|switch|p1b: Kingambit|Kingambit, L50, M|100/100
|move|p2b: O Motor|Thunderbolt|p1b: Kingambit
|-damage|p1b: Kingambit|65/100
|move|p2a: Marta|Dire Claw|p1b: Kingambit
|-immune|p1b: Kingambit
|move|p1a: Whimsicott|Moonblast|p2b: O Motor
|-damage|p2b: O Motor|36/100
|
|-heal|p1b: Kingambit|71/100|[from] item: Leftovers
|upkeep
|turn|4
|inactive|Zukato1XD has 30 seconds left.
|
|t:|1783360614
|switch|p2b: Froslass|Froslass, L50, F|100/100
|move|p1a: Whimsicott|Encore|p2a: Marta
|-start|p2a: Marta|Encore
|move|p2a: Marta|Dire Claw|p1a: Whimsicott
|-supereffective|p1a: Whimsicott|2
|-damage|p1a: Whimsicott|0 fnt
|faint|p1a: Whimsicott
|move|p1b: Kingambit|Iron Head|p2a: Marta
|-damage|p2a: Marta|25/100
|
|-heal|p1b: Kingambit|76/100|[from] item: Leftovers
|upkeep
|
|t:|1783360625
|switch|p1a: Basculegion|Basculegion, L50, M|93/100
|turn|5
|inactive|cooledoregon has 30 seconds left.
|
|t:|1783360654
|detailschange|p2b: Froslass|Froslass-Mega, L50, F
|-mega|p2b: Froslass|Froslass|Froslassite
|-weather|Snowscape|[from] ability: Snow Warning|[of] p2b: Froslass
|move|p2b: Froslass|Protect|p2b: Froslass
|-singleturn|p2b: Froslass|Protect
|move|p1b: Kingambit|Sucker Punch|p2a: Marta
|-resisted|p2a: Marta|1
|-damage|p2a: Marta|0 fnt
|faint|p2a: Marta
|move|p1a: Basculegion|Last Respects|p2b: Froslass
|-activate|p2b: Froslass|move: Protect
|
|-weather|Snowscape|[upkeep]
|-heal|p1b: Kingambit|82/100|[from] item: Leftovers
|upkeep
|
|t:|1783360665
|switch|p2a: O Motor|Rotom-Wash, L50|36/100
|turn|6
|
|t:|1783360680
|move|p2a: O Motor|Thunderbolt|p1a: Basculegion
|-supereffective|p1a: Basculegion|1
|-damage|p1a: Basculegion|14/100
|move|p1a: Basculegion|Last Respects|p2a: O Motor
|-damage|p2a: O Motor|0 fnt
|faint|p2a: O Motor
|move|p2b: Froslass|Shadow Ball|p1a: Basculegion
|-supereffective|p1a: Basculegion|1
|-damage|p1a: Basculegion|0 fnt
|faint|p1a: Basculegion
|move|p1b: Kingambit|Kowtow Cleave|p2b: Froslass
|-supereffective|p2b: Froslass|1
|-damage|p2b: Froslass|0 fnt
|faint|p2b: Froslass
|
|win|Zukato1XD
|raw|Zukato1XD's rating: 1082 → 1116(+34 for winning)
|raw|cooledoregon's rating: 1167 → 1136(-31 for losing)
