|j|‽daniiivgc
|j|☆marcosdeltasena31
|html|daniiivgcmarcosdeltasena31    
|uhtml|bestof|Game 3 of a best-of-3
|t:|1755732704
|gametype|doubles
|player|p1|daniiivgc|cynthia-gen4|1238
|player|p2|marcosdeltasena31|hilbert|1379
|gen|9
|tier|[Gen 9] VGC 2025 Reg H (Bo3)
|rated|
|rule|Species Clause: Limit one of each Pokémon
|rule|Item Clause: Limit 1 of each item
|clearpoke
|poke|p1|Weezing-Galar, L50, F|
|poke|p1|Toedscruel, L50, M|
|poke|p1|Typhlosion-Hisui, L50, F|
|poke|p1|Pawmot, L50, M|
|poke|p1|Garchomp, L50, M|
|poke|p1|Corviknight, L50, M|
|poke|p2|Dragonite, L50, F|
|poke|p2|Sneasler, L50, F|
|poke|p2|Volcarona, L50, F|
|poke|p2|Rillaboom, L50, M|
|poke|p2|Kingambit, L50, F|
|poke|p2|Electabuzz, L50, F|
|teampreview|4
|showteam|p1|Weezing-Galar||ChoiceSpecs|NeutralizingGas|SludgeBomb,DazzlingGleam,StrangeSteam,Flamethrower|||F|||50|,,,,,Fire]Toedscruel||CovertCloak|MyceliumMight|Spore,RagePowder,EarthPower,AcidSpray|||M|||50|,,,,,Water]Typhlosion-Hisui||ChoiceScarf|Frisk|Eruption,HeatWave,ShadowBall,SleepTalk|||F|||50|,,,,,Fire]Pawmot||FocusSash|NaturalCure|CloseCombat,DoubleShock,FakeOut,Protect|||M|||50|,,,,,Electric]Garchomp||LifeOrb|RoughSkin|Earthquake,StompingTantrum,DragonClaw,Protect|||M|||50|,,,,,Ground]Corviknight||SitrusBerry|MirrorArmor|BraveBird,Tailwind,Roost,Protect|||M|||50|,,,,,Dragon
|showteam|p2|Dragonite||LoadedDice|Multiscale|ScaleShot,ExtremeSpeed,Haze,Protect|||F|||50|,,,,,Fairy]Sneasler||FocusSash|PoisonTouch|DireClaw,CloseCombat,FakeOut,Coaching|||F|||50|,,,,,Ghost]Volcarona||CovertCloak|FlameBody|HeatWave,TeraBlast,QuiverDance,Protect|||F|||50|,,,,,Fairy]Rillaboom||AssaultVest|GrassySurge|WoodHammer,FakeOut,GrassyGlide,HighHorsepower|||M|||50|,,,,,Fire]Kingambit||BlackGlasses|Defiant|KowtowCleave,SwordsDance,SuckerPunch,Protect|||F|||50|,,,,,Dark]Electabuzz||Eviolite|VitalSpirit|Electroweb,FollowMe,Taunt,Protect|||F|||50|,,,,,Ghost
|inactive|Battle timer is ON: inactive players will automatically lose when time's up. (requested by daniiivgc)
|
|t:|1755732735
|teamsize|p1|4
|teamsize|p2|4
|start
|switch|p1a: Weezing|Weezing-Galar, L50, F|100/100
|switch|p1b: Toedscruel|Toedscruel, L50, M, shiny|100/100
|switch|p2a: Dragonite|Dragonite, L50, F|100/100
|switch|p2b: Rillaboom|Rillaboom, L50, M|100/100
|-ability|p1a: Weezing|Neutralizing Gas
|turn|1
|
|t:|1755732754
|switch|p1b: Corviknight|Corviknight, L50, M|100/100
|move|p2a: Dragonite|Protect|p2a: Dragonite
|-singleturn|p2a: Dragonite|Protect
|move|p2b: Rillaboom|Wood Hammer|p1b: Corviknight
|-resisted|p1b: Corviknight
|-damage|p1b: Corviknight|88/100
|-damage|p2b: Rillaboom|96/100|[from] Recoil
|move|p1a: Weezing|Sludge Bomb|p2b: Rillaboom
|-supereffective|p2b: Rillaboom
|-damage|p2b: Rillaboom|20/100
|
|upkeep
|turn|2
|
|t:|1755732767
|move|p2a: Dragonite|Extreme Speed|p1a: Weezing
|-damage|p1a: Weezing|70/100
|move|p2b: Rillaboom|High Horsepower|p1a: Weezing
|-supereffective|p1a: Weezing
|-damage|p1a: Weezing|13/100
|move|p1b: Corviknight|Tailwind|p1b: Corviknight
|-sidestart|p1: daniiivgc|move: Tailwind
|move|p1a: Weezing|Sludge Bomb|p2a: Dragonite
|-damage|p2a: Dragonite|44/100
|
|upkeep
|turn|3
|
|t:|1755732787
|switch|p2b: Kingambit|Kingambit, L50, F|100/100
|move|p2a: Dragonite|Extreme Speed|p1a: Weezing
|-damage|p1a: Weezing|0 fnt
|faint|p1a: Weezing
|-end|p1a: Weezing|ability: Neutralizing Gas
|move|p1b: Corviknight|Brave Bird|p2a: Dragonite
|-damage|p2a: Dragonite|0 fnt
|faint|p2a: Dragonite
|-damage|p1b: Corviknight|76/100|[from] Recoil
|
|upkeep
|
|t:|1755732798
|switch|p2a: Electabuzz|Electabuzz, L50, F|100/100
|switch|p1a: Toedscruel|Toedscruel, L50, M, shiny|100/100
|turn|4
|
|t:|1755732809
|switch|p1b: Garchomp|Garchomp, L50, M|100/100
|move|p2a: Electabuzz|Follow Me|p2a: Electabuzz
|-singleturn|p2a: Electabuzz|move: Follow Me
|move|p2b: Kingambit|Swords Dance|p2b: Kingambit
|-boost|p2b: Kingambit|atk|2
|move|p1a: Toedscruel|Spore|p2a: Electabuzz
|-status|p2a: Electabuzz|slp|[from] move: Spore
|-activate|p2a: Electabuzz|ability: Vital Spirit
|-curestatus|p2a: Electabuzz|slp|[msg]
|
|upkeep
|turn|5
|inactive|daniiivgc has 30 seconds left.
|
|t:|1755732834
|-terastallize|p1b: Garchomp|Ground
|move|p2a: Electabuzz|Protect|p2a: Electabuzz
|-singleturn|p2a: Electabuzz|Protect
|move|p2b: Kingambit|Protect|p2b: Kingambit
|-singleturn|p2b: Kingambit|Protect
|move|p1a: Toedscruel|Rage Powder|p1a: Toedscruel
|-singleturn|p1a: Toedscruel|move: Rage Powder
|move|p1b: Garchomp|Earthquake|p2a: Electabuzz|[spread] p1a
|-activate|p2a: Electabuzz|move: Protect
|-activate|p2b: Kingambit|move: Protect
|-resisted|p1a: Toedscruel
|-damage|p1a: Toedscruel|59/100
|-damage|p1b: Garchomp|91/100|[from] item: Life Orb
|
|-sideend|p1: daniiivgc|move: Tailwind
|upkeep
|turn|6
|inactive|marcosdeltasena31 has 30 seconds left.
|
|t:|1755732860
|-terastallize|p2b: Kingambit|Dark
|move|p2a: Electabuzz|Follow Me|p2a: Electabuzz
|-singleturn|p2a: Electabuzz|move: Follow Me
|move|p1a: Toedscruel|Rage Powder|p1a: Toedscruel
|-singleturn|p1a: Toedscruel|move: Rage Powder
|move|p1b: Garchomp|Earthquake|p2a: Electabuzz|[spread] p1a,p2a,p2b
|-resisted|p1a: Toedscruel
|-supereffective|p2a: Electabuzz
|-damage|p1a: Toedscruel|13/100
|-damage|p2a: Electabuzz|0 fnt
|-damage|p2b: Kingambit|54/100
|faint|p2a: Electabuzz
|-damage|p1b: Garchomp|81/100|[from] item: Life Orb
|move|p2b: Kingambit|Kowtow Cleave|p1a: Toedscruel
|-damage|p1a: Toedscruel|0 fnt
|faint|p1a: Toedscruel
|
|upkeep
|
|t:|1755732874
|switch|p1a: Corviknight|Corviknight, L50, M|76/100
|switch|p2a: Rillaboom|Rillaboom, L50, M|20/100
|-fieldstart|move: Grassy Terrain|[from] ability: Grassy Surge|[of] p2a: Rillaboom
|turn|7
|
|t:|1755732887
|move|p1b: Garchomp|Protect|p1b: Garchomp
|-singleturn|p1b: Garchomp|Protect
|move|p2a: Rillaboom|Fake Out|p1b: Garchomp
|-activate|p1b: Garchomp|move: Protect
|move|p1a: Corviknight|Brave Bird|p2b: Kingambit
|-damage|p2b: Kingambit|20/100
|-damage|p1a: Corviknight|64/100|[from] Recoil
|move|p2b: Kingambit|Kowtow Cleave|p1a: Corviknight
|-damage|p1a: Corviknight|0 fnt
|faint|p1a: Corviknight
|
|-heal|p1b: Garchomp|87/100|[from] Grassy Terrain
|-heal|p2a: Rillaboom|26/100|[from] Grassy Terrain
|-heal|p2b: Kingambit|26/100|[from] Grassy Terrain
|upkeep
|turn|8
|
|t:|1755732899
|move|p2a: Rillaboom|Grassy Glide|p1b: Garchomp
|-supereffective|p1b: Garchomp
|-damage|p1b: Garchomp|11/100
|-damage|p2a: Rillaboom|14/100|[from] ability: Rough Skin|[of] p1b: Garchomp
|move|p2b: Kingambit|Sucker Punch|p1b: Garchomp
|-damage|p1b: Garchomp|0 fnt
|-damage|p2b: Kingambit|14/100|[from] ability: Rough Skin|[of] p1b: Garchomp
|faint|p1b: Garchomp
|
|win|marcosdeltasena31
|raw|daniiivgc's rating: 1238 → 1223(-15 for losing)
|raw|marcosdeltasena31's rating: 1379 → 1391(+12 for winning)
