|j|☆Olciax34
|j|‽Dumonpato
|html|Olciax34Dumonpato    
|uhtml|bestof|Game 1 of a best-of-3
|t:|1783548833
|gametype|doubles
|player|p1|Olciax34|clair|1197
|player|p2|Dumonpato|ethan|1029
|gen|9
|tier|[Gen 9 Champions] VGC 2026 Reg M-B (Bo3)
|rated|
|rule|Species Clause: Limit one of each Pokémon
|rule|Item Clause: Limit 1 of each item
|clearpoke
|poke|p1|Gholdengo, L50|
|poke|p1|Pelipper, L50, F|
|poke|p1|Swampert, L50, F|
|poke|p1|Archaludon, L50, F|
|poke|p1|Sableye, L50, M|
|poke|p1|Meganium, L50, F|
|poke|p2|Passimian, L50, M|
|poke|p2|Starmie, L50|
|poke|p2|Volcarona, L50, F|
|poke|p2|Scrafty, L50, M|
|poke|p2|Meowscarada, L50, F|
|poke|p2|Rotom-Wash, L50|
|teampreview|4
|showteam|p1|Gholdengo||LifeOrb|GoodasGold|MakeItRain,ShadowBall,NastyPlot,Protect|Modest|||||50|]Pelipper||SitrusBerry|Drizzle|WeatherBall,Hurricane,Tailwind,Protect|Modest||F|||50|]Swampert||Swampertite|Torrent|Earthquake,WaveCrash,IcePunch,Protect|Adamant||F|||50|]Archaludon||Leftovers|Stamina|ElectroShot,FlashCannon,DragonPulse,Protect|Modest||F|||50|]Sableye||RoseliBerry|Prankster|WillOWisp,LightScreen,RainDance,Encore|Careful||M|||50|]Meganium||Meganiumite|LeafGuard|SolarBeam,WeatherBall,DazzlingGleam,Synthesis|Modest||F|||50|
|showteam|p2|Passimian||LifeOrb|Receiver|DrainPunch,Protect,IronHead,RockSlide|Jolly||M|||50|]Starmie||Starminite|Illuminate|FlipTurn,SelfDestruct,ZenHeadbutt,Liquidation|Jolly|||||50|]Volcarona||SitrusBerry|FlameBody|Tailwind,RagePowder,HeatWave,BugBuzz|Timid||F|||50|]Scrafty||Scraftinite|Intimidate|FakeOut,IcePunch,KnockOff,LowSweep|Adamant||M|||50|]Meowscarada||FocusSash|Overgrow|Taunt,FlowerTrick,Protect,SuckerPunch|Jolly||F|||50|]Rotom-Wash||ChoiceScarf|Levitate|HydroPump,Trick,VoltSwitch,Electroweb|Timid|||||50|
|inactive|Battle timer is ON: inactive players will automatically lose when time's up. (requested by Olciax34)
|inactive|Olciax34 has 60 seconds left.
|inactive|Dumonpato has 60 seconds left.
|inactive|Olciax34 has 30 seconds left.
|inactive|Dumonpato has 30 seconds left.
|
|t:|1783548899
|teamsize|p1|4
|teamsize|p2|4
|start
|switch|p1a: Sableye|Sableye, L50, M|100/100
|switch|p1b: Meganium|Meganium, L50, F|100/100
|switch|p2a: Meowscarada|Meowscarada, L50, F|100/100
|switch|p2b: Volcarona|Volcarona, L50, F|100/100
|turn|1
|inactive|Olciax34 has 30 seconds left.
|inactive|Olciax34 has 20 seconds left.
|inactive|Olciax34 has 15 seconds left.
|
|t:|1783548942
|detailschange|p1b: Meganium|Meganium-Mega, L50, F
|-mega|p1b: Meganium|Meganium|Meganiumite
|move|p1a: Sableye|Rain Dance|p1a: Sableye
|-weather|RainDance
|move|p2a: Meowscarada|Taunt|p1a: Sableye
|-start|p1a: Sableye|move: Taunt
|move|p2b: Volcarona|Bug Buzz|p1b: Meganium
|-damage|p1b: Meganium|67/100
|move|p1b: Meganium|Dazzling Gleam|p2a: Meowscarada|[spread] p2a,p2b
|-supereffective|p2a: Meowscarada|1
|-resisted|p2b: Volcarona|1
|-enditem|p2a: Meowscarada|Focus Sash
|-damage|p2a: Meowscarada|1/100
|-damage|p2b: Volcarona|84/100
|
|-weather|RainDance|[upkeep]
|upkeep
|turn|2
|inactive|Olciax34 has 30 seconds left.
|inactive|Dumonpato has 30 seconds left.
|inactive|Olciax34 has 20 seconds left.
|inactive|Dumonpato has 20 seconds left.
|inactive|Dumonpato has 15 seconds left.
|
|t:|1783548984
|switch|p1a: Archaludon|Archaludon, L50, F|100/100
|move|p2a: Meowscarada|Protect|p2a: Meowscarada
|-singleturn|p2a: Meowscarada|Protect
|move|p2b: Volcarona|Tailwind|p2b: Volcarona
|-sidestart|p2: Dumonpato|move: Tailwind
|move|p1b: Meganium|Weather Ball|p2b: Volcarona
|-damage|p2b: Volcarona|32/100
|-enditem|p2b: Volcarona|Sitrus Berry|[eat]
|-heal|p2b: Volcarona|57/100|[from] item: Sitrus Berry
|
|-weather|RainDance|[upkeep]
|upkeep
|turn|3
|inactive|Dumonpato has 30 seconds left.
|inactive|Dumonpato has 20 seconds left.
|inactive|Dumonpato has 15 seconds left.
|inactive|Dumonpato has 10 seconds left.
|
|t:|1783549032
|switch|p2a: Rotom|Rotom-Wash, L50|100/100
|move|p2b: Volcarona|Heat Wave|p1a: Archaludon|[spread] p1a,p1b
|-supereffective|p1b: Meganium|1
|-damage|p1a: Archaludon|84/100
|-damage|p1b: Meganium|38/100
|-ability|p1a: Archaludon|Stamina|boost
|-boost|p1a: Archaludon|def|1
|move|p1b: Meganium|Synthesis|p1b: Meganium
|-activate|p1b: Meganium|ability: Mega Sol
|-heal|p1b: Meganium|100/100
|move|p1a: Archaludon|Electro Shot||[still]
|-prepare|p1a: Archaludon|Electro Shot
|-boost|p1a: Archaludon|spa|1
|-anim|p1a: Archaludon|Electro Shot|p2a: Rotom
|-damage|p2a: Rotom|35/100
|
|-weather|RainDance|[upkeep]
|-heal|p1a: Archaludon|90/100|[from] item: Leftovers
|upkeep
|turn|4
|inactive|Dumonpato has 30 seconds left.
|
|t:|1783549064
|switch|p2b: Scrafty|Scrafty, L50, M|100/100
|-ability|p2b: Scrafty|Intimidate|boost
|-unboost|p1a: Archaludon|atk|1
|-unboost|p1b: Meganium|atk|1
|move|p1a: Archaludon|Protect|p1a: Archaludon
|-singleturn|p1a: Archaludon|Protect
|move|p2a: Rotom|Trick||[still]
|-fail|p2a: Rotom
|move|p1b: Meganium|Solar Beam||[still]
|-prepare|p1b: Meganium|Solar Beam
|-activate|p1b: Meganium|ability: Mega Sol
|-anim|p1b: Meganium|Solar Beam|p2a: Rotom
|-supereffective|p2a: Rotom|1
|-damage|p2a: Rotom|0 fnt
|faint|p2a: Rotom
|
|-weather|RainDance|[upkeep]
|-heal|p1a: Archaludon|96/100|[from] item: Leftovers
|upkeep
|
|t:|1783549088
|switch|p2a: Volcarona|Volcarona, L50, F|57/100
|turn|5
|inactive|Dumonpato has 30 seconds left.
|
|t:|1783549118
|switch|p1b: Sableye|Sableye, L50, M|100/100
|detailschange|p2b: Scrafty|Scrafty-Mega, L50, M
|-mega|p2b: Scrafty|Scrafty|Scraftinite
|-ability|p2b: Scrafty|Intimidate|boost
|-unboost|p1a: Archaludon|atk|1
|-unboost|p1b: Sableye|atk|1
|move|p2a: Volcarona|Bug Buzz|p1b: Sableye
|-damage|p1b: Sableye|53/100
|move|p2b: Scrafty|Low Sweep|p1a: Archaludon
|-supereffective|p1a: Archaludon|1
|-damage|p1a: Archaludon|58/100
|-unboost|p1a: Archaludon|spe|1
|-ability|p1a: Archaludon|Stamina|boost
|-boost|p1a: Archaludon|def|1
|move|p1a: Archaludon|Electro Shot||[still]
|-prepare|p1a: Archaludon|Electro Shot
|-boost|p1a: Archaludon|spa|1
|-anim|p1a: Archaludon|Electro Shot|p2b: Scrafty
|-damage|p2b: Scrafty|31/100
|
|-weather|none
|-heal|p1a: Archaludon|64/100|[from] item: Leftovers
|-sideend|p2: Dumonpato|move: Tailwind
|upkeep
|turn|6
|inactive|Dumonpato has 30 seconds left.
|inactive|Dumonpato has 20 seconds left.
|
|t:|1783549154
|move|p1b: Sableye|Light Screen|p1b: Sableye
|-sidestart|p1: Olciax34|move: Light Screen
|move|p2a: Volcarona|Heat Wave|p1a: Archaludon|[spread] p1a,p1b
|-damage|p1a: Archaludon|44/100
|-damage|p1b: Sableye|29/100
|-ability|p1a: Archaludon|Stamina|boost
|-boost|p1a: Archaludon|def|1
|move|p2b: Scrafty|Low Sweep|p1a: Archaludon
|-supereffective|p1a: Archaludon|1
|-damage|p1a: Archaludon|22/100
|-unboost|p1a: Archaludon|spe|1
|-ability|p1a: Archaludon|Stamina|boost
|-boost|p1a: Archaludon|def|1
|move|p1a: Archaludon|Dragon Pulse|p2b: Scrafty
|-damage|p2b: Scrafty|0 fnt
|faint|p2b: Scrafty
|
|-heal|p1a: Archaludon|28/100|[from] item: Leftovers
|upkeep
|
|t:|1783549169
|switch|p2b: Meowscarada|Meowscarada, L50, F|1/100
|turn|7
|
|t:|1783549194
|move|p1b: Sableye|Rain Dance|p1b: Sableye
|-weather|RainDance
|move|p2b: Meowscarada|Flower Trick|p1b: Sableye
|-crit|p1b: Sableye
|-damage|p1b: Sableye|0 fnt
|faint|p1b: Sableye
|move|p2a: Volcarona|Heat Wave|p1a: Archaludon
|-damage|p1a: Archaludon|13/100
|-ability|p1a: Archaludon|Stamina|boost
|-boost|p1a: Archaludon|def|1
|move|p1a: Archaludon|Electro Shot||[still]
|-prepare|p1a: Archaludon|Electro Shot
|-boost|p1a: Archaludon|spa|1
|-anim|p1a: Archaludon|Electro Shot|p2a: Volcarona
|-damage|p2a: Volcarona|0 fnt
|faint|p2a: Volcarona
|
|-weather|RainDance|[upkeep]
|-heal|p1a: Archaludon|19/100|[from] item: Leftovers
|upkeep
|
|t:|1783549213
|switch|p1b: Pelipper|Pelipper, L50, F|100/100
|turn|8
|
|t:|1783549220
|move|p2b: Meowscarada|Flower Trick|p1a: Archaludon
|-resisted|p1a: Archaludon|2
|-crit|p1a: Archaludon
|-damage|p1a: Archaludon|6/100
|-ability|p1a: Archaludon|Stamina|boost
|-boost|p1a: Archaludon|def|1
|move|p1b: Pelipper|Tailwind|p1b: Pelipper
|-sidestart|p1: Olciax34|move: Tailwind
|move|p1a: Archaludon|Electro Shot||[still]
|-prepare|p1a: Archaludon|Electro Shot
|-boost|p1a: Archaludon|spa|1
|-anim|p1a: Archaludon|Electro Shot|p2b: Meowscarada
|-resisted|p2b: Meowscarada|1
|-damage|p2b: Meowscarada|0 fnt
|faint|p2b: Meowscarada
|
|win|Olciax34
