|j|☆standardamerican
|j|☆NickBattlesMons
|html|standardamericanNickBattlesMons    
|uhtml|bestof|Game 1 of a best-of-3
|t:|1784818914
|gametype|doubles
|player|p1|standardamerican|169|1221
|player|p2|NickBattlesMons|169|1287
|gen|9
|tier|[Gen 9 Champions] VGC 2026 Reg M-B (Bo3)
|rated|
|rule|Species Clause: Limit one of each Pokémon
|rule|Item Clause: Limit 1 of each item
|clearpoke
|poke|p1|Sinistcha, L50|
|poke|p1|Incineroar, L50, M|
|poke|p1|Milotic, L50, F|
|poke|p1|Raichu, L50, F|
|poke|p1|Gardevoir, L50, M|
|poke|p1|Ceruledge, L50, M|
|poke|p2|Basculegion, L50, M|
|poke|p2|Floette-Eternal, L50, F|
|poke|p2|Grimmsnarl, L50, M|
|poke|p2|Sinistcha, L50|
|poke|p2|Delphox, L50, F|
|poke|p2|Kingambit, L50, F|
|teampreview|4
|showteam|p1|Sinistcha||KasibBerry|Hospitality|MatchaGotcha,Imprison,RagePowder,Protect|Bold|||||50|]Incineroar||SitrusBerry|Intimidate|FlareBlitz,DarkestLariat,FakeOut,PartingShot|Careful||M|||50|]Milotic||Leftovers|Competitive|MuddyWater,Coil,Hypnosis,Protect|Calm||F|||50|]Raichu||RaichuniteY|LightningRod|ZapCannon,FocusBlast,FakeOut,Protect|Timid||F|||50|]Gardevoir||Gardevoirite|Trace|HyperVoice,Psyshock,TrickRoom,Protect|Modest||M|||50|]Ceruledge||ColburBerry|FlashFire|BitterBlade,ShadowSneak,BulkUp,Protect|Adamant||M|||50|
|showteam|p2|Basculegion||LifeOrb|Adaptability|WaveCrash,AquaJet,LastRespects,Protect|Adamant||M|||50|]Floette-Eternal||Floettite|FlowerVeil|Protect,DrainingKiss,DazzlingGleam,CalmMind|Modest||F|||50|]Grimmsnarl||LightClay|Prankster|FakeOut,Reflect,LightScreen,SpiritBreak|Careful||M|||50|]Sinistcha||KasibBerry|Hospitality|Protect,MatchaGotcha,LifeDew,RagePowder|Bold|||||50|]Delphox||Delphoxite|Blaze|Protect,Psyshock,HeatWave,NastyPlot|Timid||F|||50|]Kingambit||BlackGlasses|Defiant|SwordsDance,SuckerPunch,KowtowCleave,Protect|Adamant||F|||50|
|
|t:|1784818953
|teamsize|p1|4
|teamsize|p2|4
|start
|switch|p1a: Raichu|Raichu, L50, F|100/100
|switch|p1b: Ceruledge|Ceruledge, L50, M|100/100
|switch|p2a: Grimmsnarl|Grimmsnarl, L50, M|100/100
|switch|p2b: Delphox|Delphox, L50, F|100/100
|turn|1
|
|t:|1784819005
|detailschange|p1a: Raichu|Raichu-Mega-Y, L50, F
|-mega|p1a: Raichu|Raichu|Raichunite Y
|detailschange|p2b: Delphox|Delphox-Mega, L50, F
|-mega|p2b: Delphox|Delphox|Delphoxite
|move|p1a: Raichu|Fake Out|p2b: Delphox
|-damage|p2b: Delphox|86/100
|cant|p2b: Delphox|flinch
|move|p1b: Ceruledge|Bulk Up|p1b: Ceruledge
|-boost|p1b: Ceruledge|atk|1
|-boost|p1b: Ceruledge|def|1
|move|p2a: Grimmsnarl|Spirit Break|p1a: Raichu
|-damage|p1a: Raichu|54/100
|-unboost|p1a: Raichu|spa|1
|
|upkeep
|turn|2
|
|t:|1784819043
|move|p2a: Grimmsnarl|Reflect|p2a: Grimmsnarl
|-sidestart|p2: NickBattlesMons|Reflect
|move|p2b: Delphox|Psyshock|p1a: Raichu
|-damage|p1a: Raichu|0 fnt
|faint|p1a: Raichu
|move|p1b: Ceruledge|Bulk Up|p1b: Ceruledge
|-boost|p1b: Ceruledge|atk|1
|-boost|p1b: Ceruledge|def|1
|
|upkeep
|
|t:|1784819051
|switch|p1a: Milotic|Milotic, L50, F|100/100
|turn|3
|
|t:|1784819069
|move|p1b: Ceruledge|Shadow Sneak|p2b: Delphox
|-supereffective|p2b: Delphox|1
|-damage|p2b: Delphox|10/100
|move|p2b: Delphox|Psyshock|p1b: Ceruledge
|-damage|p1b: Ceruledge|72/100
|move|p1a: Milotic|Coil|p1a: Milotic
|-boost|p1a: Milotic|atk|1
|-boost|p1a: Milotic|def|1
|-boost|p1a: Milotic|accuracy|1
|move|p2a: Grimmsnarl|Spirit Break|p1b: Ceruledge
|-resisted|p1b: Ceruledge|1
|-damage|p1b: Ceruledge|64/100
|-unboost|p1b: Ceruledge|spa|1
|
|upkeep
|turn|4
|inactive|Battle timer is ON: inactive players will automatically lose when time's up. (requested by NickBattlesMons)
|
|t:|1784819094
|move|p2a: Grimmsnarl|Light Screen|p2a: Grimmsnarl
|-sidestart|p2: NickBattlesMons|move: Light Screen
|move|p2b: Delphox|Psyshock|p1b: Ceruledge
|-damage|p1b: Ceruledge|39/100
|move|p1b: Ceruledge|Bitter Blade|p2a: Grimmsnarl
|-crit|p2a: Grimmsnarl
|-damage|p2a: Grimmsnarl|0 fnt
|-heal|p1b: Ceruledge|95/100|[from] drain|[of] p2a: Grimmsnarl
|faint|p2a: Grimmsnarl
|move|p1a: Milotic|Hypnosis|p2b: Delphox
|-status|p2b: Delphox|slp|[from] move: Hypnosis
|
|upkeep
|
|t:|1784819105
|switch|p2a: Kingambit|Kingambit, L50, F|100/100
|turn|5
|inactive|standardamerican has 30 seconds left.
|
|t:|1784819138
|move|p2a: Kingambit|Protect|p2a: Kingambit
|-singleturn|p2a: Kingambit|Protect
|cant|p2b: Delphox|slp
|move|p1b: Ceruledge|Bitter Blade|p2b: Delphox
|-resisted|p2b: Delphox|1
|-damage|p2b: Delphox|0 fnt
|-heal|p1b: Ceruledge|100/100|[from] drain|[of] p2b: Delphox
|faint|p2b: Delphox
|move|p1a: Milotic|Coil|p1a: Milotic
|-boost|p1a: Milotic|atk|1
|-boost|p1a: Milotic|def|1
|-boost|p1a: Milotic|accuracy|1
|
|upkeep
|
|t:|1784819142
|switch|p2b: Sinistcha|Sinistcha, L50|100/100
|turn|6
|
|t:|1784819164
|move|p1b: Ceruledge|Bitter Blade|p2a: Kingambit
|-supereffective|p2a: Kingambit|1
|-damage|p2a: Kingambit|0 fnt
|faint|p2a: Kingambit
|move|p1a: Milotic|Hypnosis|p2b: Sinistcha
|-status|p2b: Sinistcha|slp|[from] move: Hypnosis
|cant|p2b: Sinistcha|slp
|
|upkeep
|turn|7
|-message|NickBattlesMons forfeited.
|
|win|standardamerican
