|j|☆furretusedpunch
|j|☆nuclearnutz321
|html|furretusedpunchnuclearnutz321    
|uhtml|bestof|Game 2 of a best-of-3
|t:|1756266346
|gametype|doubles
|player|p1|furretusedpunch|102|1196
|player|p2|nuclearnutz321|pokemonrangerf|1150
|gen|9
|tier|[Gen 9] VGC 2025 Reg H (Bo3)
|rated|
|rule|Species Clause: Limit one of each Pokémon
|rule|Item Clause: Limit 1 of each item
|clearpoke
|poke|p1|Gholdengo, L50|
|poke|p1|Sneasler, L50, M|
|poke|p1|Rillaboom, L50, M|
|poke|p1|Dragonite, L50, F|
|poke|p1|Arcanine-Hisui, L50, M|
|poke|p1|Weavile, L50, M|
|poke|p2|Chandelure, L50, M|
|poke|p2|Conkeldurr, L50, M|
|poke|p2|Amoonguss, L50, F|
|poke|p2|Hydreigon, L50, M|
|poke|p2|Basculegion, L50, M|
|poke|p2|Corviknight, L50, M|
|teampreview|4
|showteam|p1|Gholdengo||GrassySeed|GoodasGold|NastyPlot,MakeItRain,ShadowBall,Protect||||||50|,,,,,Water]Sneasler||WhiteHerb|Unburden|CloseCombat,DireClaw,Coaching,Protect|||M|||50|,,,,,Ghost]Rillaboom||AssaultVest|GrassySurge|FakeOut,GrassyGlide,DrumBeating,HighHorsepower|||M|||50|,,,,,Fire]Dragonite||LoadedDice|Multiscale|ScaleShot,StompingTantrum,Tailwind,Protect|||F|||50|,,,,,Ground]Arcanine-Hisui||SafetyGoggles|Intimidate|RockSlide,FlareBlitz,Snarl,Protect|||M|||50|,,,,,Water]Weavile||FocusSash|Pickpocket|IcyWind,KnockOff,Taunt,FakeOut|||M|||50|,,,,,Ghost
|showteam|p2|Chandelure||FocusSash|FlashFire|HeatWave,ShadowBall,TrickRoom,Protect|||M|||50|,,,,,Grass]Conkeldurr||FlameOrb|Guts|CloseCombat,Protect,MachPunch,KnockOff|||M|||50|,,,,,Steel]Amoonguss||SitrusBerry|Regenerator|Spore,RagePowder,SludgeBomb,Protect|||F|||50|,,,,,Dark]Hydreigon||SafetyGoggles|Levitate|Tailwind,DracoMeteor,DarkPulse,Protect|||M|||50|,,,,,Poison]Basculegion||ChoiceScarf|Adaptability|FlipTurn,WaveCrash,LastRespects,PhantomForce|||M|||50|,,,,,Water]Corviknight||CovertCloak|MirrorArmor|BulkUp,BraveBird,BodyPress,Roost|||M|||50|,,,,,Fire
|
|t:|1756266382
|teamsize|p1|4
|teamsize|p2|4
|start
|switch|p1a: Rillaboom|Rillaboom, L50, M|100/100
|switch|p1b: Gholdengo|Gholdengo, L50|100/100
|switch|p2a: Roaring Knight|Corviknight, L50, M, shiny|100/100
|switch|p2b: Harmada|Basculegion, L50, M, shiny|100/100
|-fieldstart|move: Grassy Terrain|[from] ability: Grassy Surge|[of] p1a: Rillaboom
|-enditem|p1b: Gholdengo|Grassy Seed
|-boost|p1b: Gholdengo|def|1|[from] item: Grassy Seed
|turn|1
|
|t:|1756266397
|move|p1a: Rillaboom|Grassy Glide|p2b: Harmada
|-supereffective|p2b: Harmada
|-damage|p2b: Harmada|7/100
|move|p2b: Harmada|Phantom Force||[still]
|-prepare|p2b: Harmada|Phantom Force
|move|p1b: Gholdengo|Nasty Plot|p1b: Gholdengo
|-boost|p1b: Gholdengo|spa|2
|move|p2a: Roaring Knight|Bulk Up|p2a: Roaring Knight
|-boost|p2a: Roaring Knight|atk|1
|-boost|p2a: Roaring Knight|def|1
|
|upkeep
|turn|2
|
|t:|1756266418
|-terastallize|p1b: Gholdengo|Water
|move|p2b: Harmada|Phantom Force|p1b: Gholdengo|[from] lockedmove
|-crit|p1b: Gholdengo
|-damage|p1b: Gholdengo|10/100
|move|p1a: Rillaboom|Drum Beating|p2b: Harmada
|-supereffective|p2b: Harmada
|-damage|p2b: Harmada|0 fnt
|faint|p2b: Harmada
|move|p1b: Gholdengo|Shadow Ball|p2a: Roaring Knight
|-damage|p2a: Roaring Knight|24/100
|move|p2a: Roaring Knight|Brave Bird|p1b: Gholdengo
|-damage|p1b: Gholdengo|0 fnt
|faint|p1b: Gholdengo
|-damage|p2a: Roaring Knight|21/100|[from] Recoil
|
|upkeep
|
|t:|1756266436
|switch|p1b: Sneasler|Sneasler, L50, M|100/100
|switch|p2b: Susie|Hydreigon, L50, M|100/100
|turn|3
|
|t:|1756266473
|-terastallize|p2b: Susie|Poison
|move|p1b: Sneasler|Close Combat|p2a: Roaring Knight
|-damage|p2a: Roaring Knight|0 fnt
|-unboost|p1b: Sneasler|def|1
|-unboost|p1b: Sneasler|spd|1
|faint|p2a: Roaring Knight
|-enditem|p1b: Sneasler|White Herb
|-clearnegativeboost|p1b: Sneasler|[silent]
|move|p2b: Susie|Tailwind|p2b: Susie
|-sidestart|p2: nuclearnutz321|move: Tailwind
|move|p1a: Rillaboom|Drum Beating|p2b: Susie
|-resisted|p2b: Susie
|-damage|p2b: Susie|73/100
|-unboost|p2b: Susie|spe|1
|
|upkeep
|
|t:|1756266490
|switch|p2a: Gramps|Conkeldurr, L50, M|100/100
|turn|4
|
|t:|1756266526
|move|p2a: Gramps|Protect|p2a: Gramps
|-singleturn|p2a: Gramps|Protect
|move|p1b: Sneasler|Coaching|p1a: Rillaboom
|-boost|p1a: Rillaboom|atk|1
|-boost|p1a: Rillaboom|def|1
|move|p2b: Susie|Draco Meteor|p1b: Sneasler
|-damage|p1b: Sneasler|24/100
|-unboost|p2b: Susie|spa|2
|move|p1a: Rillaboom|Drum Beating|p2b: Susie
|-resisted|p2b: Susie
|-damage|p2b: Susie|38/100
|-unboost|p2b: Susie|spe|1
|
|-heal|p1b: Sneasler|29/100|[from] Grassy Terrain
|-status|p2a: Gramps|brn|[from] item: Flame Orb
|upkeep
|turn|5
|
|t:|1756266543
|move|p2a: Gramps|Mach Punch|p1b: Sneasler
|-resisted|p1b: Sneasler
|-damage|p1b: Sneasler|0 fnt
|faint|p1b: Sneasler
|move|p2b: Susie|Draco Meteor|p1a: Rillaboom
|-damage|p1a: Rillaboom|77/100
|-unboost|p2b: Susie|spa|2
|move|p1a: Rillaboom|Drum Beating|p2b: Susie
|-resisted|p2b: Susie
|-damage|p2b: Susie|0 fnt
|faint|p2b: Susie
|
|-heal|p1a: Rillaboom|83/100|[from] Grassy Terrain
|-damage|p2a: Gramps|94/100 brn|[from] brn
|-fieldend|move: Grassy Terrain
|upkeep
|
|t:|1756266549
|switch|p1b: Arcanine|Arcanine-Hisui, L50, M|100/100
|-ability|p1b: Arcanine|Intimidate|boost
|-unboost|p2a: Gramps|atk|1
|turn|6
|
|t:|1756266560
|move|p1b: Arcanine|Flare Blitz|p2a: Gramps
|-damage|p2a: Gramps|46/100 brn
|-damage|p1b: Arcanine|81/100|[from] Recoil
|move|p1a: Rillaboom|Drum Beating|p2a: Gramps
|-damage|p2a: Gramps|0 fnt
|faint|p2a: Gramps
|
|win|furretusedpunch
