|j|☆jgm1234
|j|☆wweewwzz
|html|jgm1234wweewwzz    
|uhtml|bestof|Game 3 of a best-of-3
|t:|1756148979
|gametype|doubles
|player|p1|jgm1234|elesa|1331
|player|p2|wweewwzz|pokekid|1354
|gen|9
|tier|[Gen 9] VGC 2025 Reg H (Bo3)
|rated|
|rule|Species Clause: Limit one of each Pokémon
|rule|Item Clause: Limit 1 of each item
|clearpoke
|poke|p1|Ursaluna, L50, F|
|poke|p1|Jumpluff, L50, F|
|poke|p1|Charizard, L50, F|
|poke|p1|Torkoal, L50, M|
|poke|p1|Incineroar, L50, M|
|poke|p1|Porygon2, L50|
|poke|p2|Gholdengo, L50|
|poke|p2|Incineroar, L50, F|
|poke|p2|Ursaluna, L50, F|
|poke|p2|Sinistcha, L50|
|poke|p2|Sneasler, L50, M|
|poke|p2|Dragonite, L50, F|
|teampreview|4
|showteam|p1|Ursaluna||FlameOrb|Guts|HeadlongRush,Facade,Earthquake,Protect|||F|||50|,,,,,Ghost]Jumpluff||CovertCloak|Chlorophyll|SleepPowder,SunnyDay,Tailwind,RagePowder|||F|||50|,,,,,Fire]Charizard||ChoiceSpecs|SolarPower|TeraBlast,HeatWave,Overheat,WeatherBall|||F|||50|,,,,,Ghost]Torkoal||EjectPack|Drought|HelpingHand,Eruption,Overheat,Protect|||M|||50|,,,,,Fire]Incineroar||SitrusBerry|Intimidate|FakeOut,FlareBlitz,KnockOff,PartingShot|||M|||50|,,,,,Ghost]Porygon2||Eviolite|Download|TeraBlast,IceBeam,Recover,TrickRoom||||||50|,,,,,Fighting
|showteam|p2|Gholdengo||LifeOrb|GoodasGold|MakeItRain,ShadowBall,NastyPlot,Protect||||||50|,,,,,Water]Incineroar||AssaultVest|Intimidate|FakeOut,Uturn,KnockOff,FlareBlitz|||F|||50|,,,,,Ghost]Ursaluna||FlameOrb|Guts|Earthquake,Facade,HeadlongRush,Protect|||F|||50|,,,,,Ghost]Sinistcha||SitrusBerry|Hospitality|MatchaGotcha,LifeDew,RagePowder,TrickRoom||||||50|,,,,,Dark]Sneasler||FocusSash|PoisonTouch|DireClaw,CloseCombat,Coaching,Protect|||M|||50|,,,,,Flying]Dragonite||LoadedDice|Multiscale|ScaleShot,Haze,Tailwind,Protect|||F|||50|,,,,,Fairy
|inactive|Battle timer is ON: inactive players will automatically lose when time's up. (requested by wweewwzz)
|inactive|jgm1234 has 60 seconds left.
|inactive|wweewwzz has 60 seconds left.
|
|t:|1756149016
|teamsize|p1|4
|teamsize|p2|4
|start
|switch|p1a: Charizard|Charizard, L50, F|100/100
|switch|p1b: Torkoal|Torkoal, L50, M|100/100
|switch|p2a: Gholdengo|Gholdengo, L50|100/100
|switch|p2b: Dragonite|Dragonite, L50, F, shiny|100/100
|-weather|SunnyDay|[from] ability: Drought|[of] p1b: Torkoal
|turn|1
|
|t:|1756149031
|move|p1b: Torkoal|Helping Hand|p1a: Charizard
|-singleturn|p1a: Charizard|Helping Hand|[of] p1b: Torkoal
|move|p2a: Gholdengo|Protect|p2a: Gholdengo
|-singleturn|p2a: Gholdengo|Protect
|move|p1a: Charizard|Heat Wave|p2a: Gholdengo|[spread] p2b
|-activate|p2a: Gholdengo|move: Protect
|-resisted|p2b: Dragonite
|-damage|p2b: Dragonite|58/100
|move|p2b: Dragonite|Tailwind|p2b: Dragonite
|-sidestart|p2: wweewwzz|move: Tailwind
|
|-weather|SunnyDay|[upkeep]
|-damage|p1a: Charizard|88/100|[from] ability: Solar Power|[of] p1a: Charizard
|upkeep
|turn|2
|
|t:|1756149053
|switch|p1a: Ursaluna|Ursaluna, L50, F|100/100
|-terastallize|p2a: Gholdengo|Water
|move|p2a: Gholdengo|Shadow Ball|p1b: Torkoal
|-damage|p1b: Torkoal|32/100
|-damage|p2a: Gholdengo|91/100|[from] item: Life Orb
|move|p2b: Dragonite|Scale Shot|p1a: Ursaluna
|-damage|p1a: Ursaluna|90/100
|-damage|p1a: Ursaluna|79/100
|-damage|p1a: Ursaluna|68/100
|-damage|p1a: Ursaluna|57/100
|-hitcount|p1a: Ursaluna|4
|-unboost|p2b: Dragonite|def|1
|-boost|p2b: Dragonite|spe|1
|move|p1b: Torkoal|Overheat|p2a: Gholdengo
|-resisted|p2a: Gholdengo
|-damage|p2a: Gholdengo|45/100
|-unboost|p1b: Torkoal|spa|2
|-enditem|p1b: Torkoal|Eject Pack
|
|t:|1756149062
|switch|p1b: Jumpluff|Jumpluff, L50, F|100/100
|
|-weather|SunnyDay|[upkeep]
|-status|p1a: Ursaluna|brn|[from] item: Flame Orb
|upkeep
|turn|3
|inactive|jgm1234 has 30 seconds left.
|
|t:|1756149090
|move|p2b: Dragonite|Scale Shot|p1b: Jumpluff
|-damage|p1b: Jumpluff|82/100
|-damage|p1b: Jumpluff|64/100
|-damage|p1b: Jumpluff|44/100
|-damage|p1b: Jumpluff|26/100
|-hitcount|p1b: Jumpluff|4
|-unboost|p2b: Dragonite|def|1
|-boost|p2b: Dragonite|spe|1
|move|p1b: Jumpluff|Tailwind|p1b: Jumpluff
|-sidestart|p1: jgm1234|move: Tailwind
|move|p2a: Gholdengo|Make It Rain|p1b: Jumpluff|[spread] p1a,p1b
|-damage|p1a: Ursaluna|1/100 brn
|-damage|p1b: Jumpluff|0 fnt
|-unboost|p2a: Gholdengo|spa|1
|faint|p1b: Jumpluff
|-damage|p2a: Gholdengo|35/100|[from] item: Life Orb
|move|p1a: Ursaluna|Facade|p2b: Dragonite
|-damage|p2b: Dragonite|0 fnt
|faint|p2b: Dragonite
|
|-weather|SunnyDay|[upkeep]
|-damage|p1a: Ursaluna|0 fnt|[from] brn
|faint|p1a: Ursaluna
|upkeep
|
|t:|1756149110
|switch|p1b: Charizard|Charizard, L50, F|88/100
|switch|p2b: Incineroar|Incineroar, L50, F|100/100
|switch|p1a: Torkoal|Torkoal, L50, M|32/100
|-ability|p2b: Incineroar|Intimidate|boost
|-unboost|p1a: Torkoal|atk|1
|-unboost|p1b: Charizard|atk|1
|turn|4
|inactive|jgm1234 has 30 seconds left.
|
|t:|1756149135
|-terastallize|p1b: Charizard|Ghost
|move|p1a: Torkoal|Helping Hand|p1b: Charizard
|-singleturn|p1b: Charizard|Helping Hand|[of] p1a: Torkoal
|move|p2a: Gholdengo|Protect|p2a: Gholdengo
|-singleturn|p2a: Gholdengo|Protect
|move|p1b: Charizard|Heat Wave|p2b: Incineroar|[spread] p2b
|-activate|p2a: Gholdengo|move: Protect
|-resisted|p2b: Incineroar
|-damage|p2b: Incineroar|48/100
|move|p2b: Incineroar|Knock Off|p1b: Charizard
|-supereffective|p1b: Charizard
|-damage|p1b: Charizard|0 fnt
|-enditem|p1b: Charizard|Choice Specs|[from] move: Knock Off|[of] p2b: Incineroar
|faint|p1b: Charizard
|
|-weather|SunnyDay|[upkeep]
|-sideend|p2: wweewwzz|move: Tailwind
|upkeep
|turn|5
|c|☆jgm1234|gg
|-message|jgm1234 forfeited.
|
|win|wweewwzz
|raw|jgm1234's rating: 1331 → 1312(-19 for losing)
|raw|wweewwzz's rating: 1354 → 1373(+19 for winning)
|l|☆jgm1234
|player|p1|
|c|☆wweewwzz|GGWP
