|j|☆NorfOrSomething
|j|☆the crimson wooper
|html|NorfOrSomethingthe crimson wooper    
|uhtml|bestof|Game 1 of a best-of-3
|t:|1782324166
|gametype|doubles
|player|p1|NorfOrSomething|artist-gen4|
|player|p2|the crimson wooper|yellow|
|gen|9
|tier|[Gen 9 Champions] VGC 2026 Reg M-B (Bo3)
|rule|Species Clause: Limit one of each Pokémon
|rule|Item Clause: Limit 1 of each item
|clearpoke
|poke|p1|Metagross, L50|
|poke|p1|Dragonite, L50, M|
|poke|p1|Garchomp, L50, F|
|poke|p1|Grimmsnarl, L50, M|
|poke|p1|Sneasler, L50, M|
|poke|p1|Rotom-Wash, L50|
|poke|p2|Overqwil, L50, M|
|poke|p2|Pelipper, L50, F|
|poke|p2|Talonflame, L50, F|
|poke|p2|Archaludon, L50, F|
|poke|p2|Swampert, L50, M|
|poke|p2|Floette-Eternal, L50, F|
|teampreview|4
|showteam|p1|Metagross||Metagrossite|ClearBody|IronHead,PsychicFangs,BulletPunch,Protect|Jolly|||||50|]Dragonite||Dragoninite|Multiscale|DragonPulse,AirSlash,Flamethrower,Protect|Modest||M|||50|]Garchomp||LifeOrb|RoughSkin|Earthquake,DragonClaw,RockSlide,Protect|Jolly||F|||50|]Grimmsnarl||LightClay|Prankster|SpiritBreak,Reflect,LightScreen,PartingShot|Careful||M|||50|]Sneasler||FocusSash|Unburden|DireClaw,CloseCombat,Coaching,Protect|Jolly||M|||50|]Rotom-Wash||SitrusBerry|Levitate|Thunderbolt,HydroPump,Electroweb,WillOWisp|Modest|||||50|
|showteam|p2|Overqwil||LifeOrb|SwiftSwim|ThroatChop,Taunt,GunkShot,Protect|Adamant||M|||50|]Pelipper||FocusSash|Drizzle|WideGuard,Protect,Hurricane,WeatherBall|Timid||F|||50|]Talonflame||SharpBeak|GaleWings|Tailwind,BraveBird,FlareBlitz,Protect|Jolly||F|||50|]Archaludon||Leftovers|Stamina|ElectroShot,DracoMeteor,FlashCannon,Protect|Modest||F|||50|]Swampert||Swampertite|Damp|Protect,HighHorsepower,WaveCrash,IcePunch|Adamant||M|||50|]Floette-Eternal||Floettite|Symbiosis|Protect,DazzlingGleam,Moonblast,LightofRuin|Timid||F|||50|
|inactive|Battle timer is ON: inactive players will automatically lose when time's up. (requested by the crimson wooper)
|c|☆NorfOrSomething|lemme send a link rq
|inactiveoff|Battle timer is now OFF.
|c|☆the crimson wooper|hf
|c|☆NorfOrSomething|glhf
|j| angelasmachine
|j| TemporalDonut
|
|t:|1782324241
|teamsize|p1|4
|teamsize|p2|4
|start
|switch|p1a: Sheisty|Grimmsnarl, L50, M|100/100
|switch|p1b: Feel The Burn|Rotom-Wash, L50|100/100
|switch|p2a: Junior|Swampert, L50, M|100/100
|switch|p2b: Skibidi Drizz|Pelipper, L50, F|100/100
|-weather|RainDance|[from] ability: Drizzle|[of] p2b: Skibidi Drizz
|turn|1
|j| Autin Mago
|j| tennerps
|c| Autin Mago|Go team
|
|t:|1782324260
|detailschange|p2a: Junior|Swampert-Mega, L50, M
|-mega|p2a: Junior|Swampert|Swampertite
|move|p1a: Sheisty|Reflect|p1a: Sheisty
|-sidestart|p1: NorfOrSomething|Reflect
|move|p2a: Junior|Wave Crash|p1a: Sheisty
|-damage|p1a: Sheisty|23/100
|-damage|p2a: Junior|70/100|[from] Recoil
|move|p2b: Skibidi Drizz|Weather Ball|p1a: Sheisty
|-damage|p1a: Sheisty|0 fnt
|faint|p1a: Sheisty
|move|p1b: Feel The Burn|Will-O-Wisp|p2a: Junior
|-status|p2a: Junior|brn
|
|-weather|RainDance|[upkeep]
|-damage|p2a: Junior|65/100 brn|[from] brn
|upkeep
|j| dahdbod
|
|t:|1782324280
|switch|p1a: Syla|Dragonite, L50, M|100/100
|turn|2
|
|t:|1782324300
|detailschange|p1a: Syla|Dragonite-Mega, L50, M
|-mega|p1a: Syla|Dragonite|Dragoninite
|move|p2a: Junior|Ice Punch|p1a: Syla
|-supereffective|p1a: Syla|2
|-crit|p1a: Syla
|-damage|p1a: Syla|59/100
|move|p2b: Skibidi Drizz|Hurricane|p1a: Syla
|-damage|p1a: Syla|24/100
|move|p1a: Syla|Dragon Pulse|p2a: Junior
|-damage|p2a: Junior|14/100 brn
|move|p1b: Feel The Burn|Thunderbolt|p2b: Skibidi Drizz
|-supereffective|p2b: Skibidi Drizz|2
|-enditem|p2b: Skibidi Drizz|Focus Sash
|-damage|p2b: Skibidi Drizz|1/100
|
|-weather|RainDance|[upkeep]
|-damage|p2a: Junior|9/100 brn|[from] brn
|upkeep
|turn|3
|
|t:|1782324318
|move|p1a: Syla|Protect|p1a: Syla
|-singleturn|p1a: Syla|Protect
|move|p2a: Junior|Ice Punch|p1a: Syla
|-activate|p1a: Syla|move: Protect
|move|p2b: Skibidi Drizz|Weather Ball|p1b: Feel The Burn
|-resisted|p1b: Feel The Burn|1
|-damage|p1b: Feel The Burn|66/100
|move|p1b: Feel The Burn|Electroweb|p2a: Junior|[spread] p2b
|-immune|p2a: Junior
|-supereffective|p2b: Skibidi Drizz|2
|-damage|p2b: Skibidi Drizz|0 fnt
|faint|p2b: Skibidi Drizz
|
|-weather|RainDance|[upkeep]
|-damage|p2a: Junior|3/100 brn|[from] brn
|upkeep
|
|t:|1782324327
|switch|p2b: Lifeguard|Archaludon, L50, F|100/100
|turn|4
|
|t:|1782324335
|switch|p1a: Freddy Gible|Garchomp, L50, F|100/100
|move|p2a: Junior|Ice Punch|p1a: Freddy Gible
|-supereffective|p1a: Freddy Gible|2
|-damage|p1a: Freddy Gible|54/100
|-damage|p2a: Junior|0 fnt|[from] ability: Rough Skin|[of] p1a: Freddy Gible
|faint|p2a: Junior
|move|p2b: Lifeguard|Electro Shot||[still]
|-prepare|p2b: Lifeguard|Electro Shot
|-boost|p2b: Lifeguard|spa|1
|-anim|p2b: Lifeguard|Electro Shot|p1b: Feel The Burn
|-damage|p1b: Feel The Burn|0 fnt
|faint|p1b: Feel The Burn
|
|-weather|RainDance|[upkeep]
|upkeep
|
|t:|1782324345
|switch|p2a: GOAT|Overqwil, L50, M|100/100
|switch|p1b: Syla|Dragonite-Mega, L50, M|24/100
|turn|5
|
|t:|1782324363
|move|p2a: GOAT|Gunk Shot|p1b: Syla
|-damage|p1b: Syla|0 fnt
|faint|p1b: Syla
|-damage|p2a: GOAT|90/100|[from] item: Life Orb
|move|p1a: Freddy Gible|Earthquake|p2b: Lifeguard|[spread] p2a,p2b
|-supereffective|p2a: GOAT|1
|-supereffective|p2b: Lifeguard|1
|-damage|p2a: GOAT|0 fnt
|-damage|p2b: Lifeguard|16/100
|-ability|p2b: Lifeguard|Stamina|boost
|-boost|p2b: Lifeguard|def|1
|faint|p2a: GOAT
|-damage|p1a: Freddy Gible|44/100|[from] item: Life Orb
|move|p2b: Lifeguard|Draco Meteor|p1a: Freddy Gible|[miss]
|-miss|p2b: Lifeguard|p1a: Freddy Gible
|
|-weather|none
|-heal|p2b: Lifeguard|22/100|[from] item: Leftovers
|upkeep
|turn|6
|
|t:|1782324372
|move|p2b: Lifeguard|Protect|p2b: Lifeguard
|-singleturn|p2b: Lifeguard|Protect
|move|p1a: Freddy Gible|Earthquake|p2b: Lifeguard
|-activate|p2b: Lifeguard|move: Protect
|
|-heal|p2b: Lifeguard|28/100|[from] item: Leftovers
|upkeep
|turn|7
|
|t:|1782324375
|move|p2b: Lifeguard|Protect|p2b: Lifeguard
|-singleturn|p2b: Lifeguard|Protect
|move|p1a: Freddy Gible|Earthquake|p2b: Lifeguard
|-activate|p2b: Lifeguard|move: Protect
|
|-heal|p2b: Lifeguard|34/100|[from] item: Leftovers
|upkeep
|turn|8
|
|t:|1782324377
|move|p2b: Lifeguard|Protect|p2b: Lifeguard
|-singleturn|p2b: Lifeguard|Protect
|move|p1a: Freddy Gible|Earthquake|p2b: Lifeguard
|-activate|p2b: Lifeguard|move: Protect
|
|-heal|p2b: Lifeguard|40/100|[from] item: Leftovers
|-sideend|p1: NorfOrSomething|Reflect
|upkeep
|turn|9
|
|t:|1782324380
|move|p2b: Lifeguard|Protect||[still]
|-fail|p2b: Lifeguard
|move|p1a: Freddy Gible|Earthquake|p2b: Lifeguard
|-supereffective|p2b: Lifeguard|1
|-damage|p2b: Lifeguard|0 fnt
|faint|p2b: Lifeguard
|-damage|p1a: Freddy Gible|35/100|[from] item: Life Orb
|
|win|NorfOrSomething
||the crimson wooper is ready for game 2.
||NorfOrSomething is ready for game 2.
|uhtml|next|Next: Game 2 of 3
|l|☆the crimson wooper
|player|p2|
|l| tennerps
|l| Autin Mago
|j|☆the crimson wooper
|player|p2|the crimson wooper|yellow|
|l| TemporalDonut
|j| Hudie EU
|l|☆NorfOrSomething
|player|p1|
|l| angelasmachine
