|j|☆Pranag140
|j|☆inadomi
|html|Pranag140inadomi    
|uhtml|bestof|Game 1 of a best-of-3
|t:|1757230255
|gametype|doubles
|player|p1|Pranag140|101|1158
|player|p2|inadomi|lady-gen4|1095
|gen|9
|tier|[Gen 9] VGC 2025 Reg H (Bo3)
|rated|
|rule|Species Clause: Limit one of each Pokémon
|rule|Item Clause: Limit 1 of each item
|clearpoke
|poke|p1|Archaludon, L50, F|
|poke|p1|Kingdra, L50, F|
|poke|p1|Politoed, L50, F|
|poke|p1|Gothitelle, L50, F|
|poke|p1|Amoonguss, L50, M|
|poke|p1|Incineroar, L50, M|
|poke|p2|Indeedee, L50, M|
|poke|p2|Drifblim, L50, M|
|poke|p2|Volcarona, L50, F|
|poke|p2|Kommo-o, L50, M|
|poke|p2|Toxtricity, L50, M|
|poke|p2|Hydreigon, L50, M|
|teampreview|4
|showteam|p1|Archaludon||PowerHerb|Sturdy|Protect,ElectroShot,FlashCannon,DragonPulse|||F|||50|,,,,,Electric]Kingdra||LifeOrb|SwiftSwim|Protect,DracoMeteor,WeatherBall,MuddyWater|||F|||50|,,,,,Stellar]Politoed||Leftovers|Drizzle|Protect,WeatherBall,PerishSong,Encore|||F|||50|,,,,,Grass]Gothitelle||SitrusBerry|ShadowTag|FakeOut,Protect,Psychic,TrickRoom|||F|||50|,,,,,Dark]Amoonguss||EjectButton|Regenerator|Protect,Spore,RagePowder,PollenPuff|||M|||50|,,,,,Fairy]Incineroar||SafetyGoggles|Intimidate|FakeOut,KnockOff,PartingShot,Protect|||M|||50|,,,,,Ghost
|showteam|p2|Indeedee||FocusSash|PsychicSurge|ExpandingForce,TeraBlast,Imprison,TrickRoom|||M|||50|,,,,,Ground]Drifblim||PsychicSeed|Unburden|Acrobatics,WillOWisp,StrengthSap,Tailwind|||M|||50|,,,,,Flying]Volcarona||LifeOrb|FlameBody|BugBuzz,HeatWave,TeraBlast,GigaDrain|||F|||50|,,,,,Fairy]Kommo-o||Leftovers|Soundproof|BodyPress,Flamethrower,IronDefense,Protect|||M|||50|,,,,,Fire]Toxtricity||ChoiceSpecs|PunkRock|Overdrive,SludgeBomb,Boomburst,VoltSwitch|||M|||50|,,,,,Normal]Hydreigon||AssaultVest|Levitate|DarkPulse,DracoMeteor,FlashCannon,Snarl|||M|||50|,,,,,Ghost
|inactive|Battle timer is ON: inactive players will automatically lose when time's up. (requested by inadomi)
|inactive|Pranag140 has 60 seconds left.
|
|t:|1757230305
|teamsize|p1|4
|teamsize|p2|4
|start
|switch|p1a: Kingdra|Kingdra, L50, F|100/100
|switch|p1b: Incineroar|Incineroar, L50, M|100/100
|switch|p2a: Indeedee|Indeedee, L50, M|100/100
|switch|p2b: Drifblim|Drifblim, L50, M|100/100
|-fieldstart|move: Psychic Terrain|[from] ability: Psychic Surge|[of] p2a: Indeedee
|-enditem|p2b: Drifblim|Psychic Seed
|-boost|p2b: Drifblim|spd|1|[from] item: Psychic Seed
|-ability|p1b: Incineroar|Intimidate|boost
|-unboost|p2a: Indeedee|atk|1
|-unboost|p2b: Drifblim|atk|1
|turn|1
|inactive|Pranag140 has 30 seconds left.
|inactive|inadomi has 30 seconds left.
|
|t:|1757230333
|move|p1a: Kingdra|Protect|p1a: Kingdra
|-singleturn|p1a: Kingdra|Protect
|move|p2b: Drifblim|Tailwind|p2b: Drifblim
|-sidestart|p2: inadomi|move: Tailwind
|move|p2a: Indeedee|Expanding Force|p1a: Kingdra|[spread] 
|-activate|p1a: Kingdra|move: Protect
|-immune|p1b: Incineroar
|move|p1b: Incineroar|Knock Off|p2b: Drifblim
|-supereffective|p2b: Drifblim
|-damage|p2b: Drifblim|46/100
|
|upkeep
|turn|2
|
|t:|1757230349
|switch|p1a: Archaludon|Archaludon, L50, F|100/100
|move|p2b: Drifblim|Strength Sap|p1b: Incineroar
|-unboost|p1b: Incineroar|atk|1
|-heal|p2b: Drifblim|100/100
|move|p2a: Indeedee|Expanding Force|p1a: Archaludon|[spread] p1a
|-immune|p1b: Incineroar
|-resisted|p1a: Archaludon
|-damage|p1a: Archaludon|58/100
|move|p1b: Incineroar|Knock Off|p2b: Drifblim
|-supereffective|p2b: Drifblim
|-damage|p2b: Drifblim|62/100
|
|upkeep
|turn|3
|inactive|inadomi has 30 seconds left.
|
|t:|1757230375
|-terastallize|p2a: Indeedee|Ground
|move|p2b: Drifblim|Strength Sap|p1b: Incineroar
|-unboost|p1b: Incineroar|atk|1
|-heal|p2b: Drifblim|100/100
|move|p2a: Indeedee|Tera Blast|p1a: Archaludon|[anim] Tera Blast Ground
|-supereffective|p1a: Archaludon
|-damage|p1a: Archaludon|0 fnt
|faint|p1a: Archaludon
|move|p1b: Incineroar|Knock Off|p2a: Indeedee
|-damage|p2a: Indeedee|63/100
|-enditem|p2a: Indeedee|Focus Sash|[from] move: Knock Off|[of] p1b: Incineroar
|
|upkeep
|
|t:|1757230387
|switch|p1a: Kingdra|Kingdra, L50, F|100/100
|turn|4
|inactive|inadomi has 30 seconds left.
|
|t:|1757230416
|move|p1a: Kingdra|Protect|p1a: Kingdra
|-singleturn|p1a: Kingdra|Protect
|move|p2b: Drifblim|Acrobatics|p1a: Kingdra
|-activate|p1a: Kingdra|move: Protect
|move|p2a: Indeedee|Expanding Force|p1a: Kingdra|[spread] 
|-activate|p1a: Kingdra|move: Protect
|-immune|p1b: Incineroar
|move|p1b: Incineroar|Parting Shot|p2a: Indeedee
|-unboost|p2a: Indeedee|atk|1
|-unboost|p2a: Indeedee|spa|1
|
|t:|1757230427
|switch|p1b: Politoed|Politoed, L50, F|100/100|[from] Parting Shot
|-weather|RainDance|[from] ability: Drizzle|[of] p1b: Politoed
|
|-weather|RainDance|[upkeep]
|-sideend|p2: inadomi|move: Tailwind
|upkeep
|turn|5
|
|t:|1757230439
|move|p1a: Kingdra|Muddy Water|p2a: Indeedee|[spread] p2a,p2b
|-supereffective|p2a: Indeedee
|-crit|p2a: Indeedee
|-damage|p2a: Indeedee|0 fnt
|-damage|p2b: Drifblim|64/100
|-unboost|p2b: Drifblim|accuracy|1
|faint|p2a: Indeedee
|-damage|p1a: Kingdra|91/100|[from] item: Life Orb
|move|p2b: Drifblim|Tailwind|p2b: Drifblim
|-sidestart|p2: inadomi|move: Tailwind
|move|p1b: Politoed|Encore|p2b: Drifblim
|-start|p2b: Drifblim|Encore
|
|-weather|RainDance|[upkeep]
|-fieldend|move: Psychic Terrain
|upkeep
|inactive|inadomi has 30 seconds left.
|
|t:|1757230466
|switch|p2a: Toxtricity|Toxtricity, L50, M|100/100
|turn|6
|
|t:|1757230476
|switch|p2b: Kommo-o|Kommo-o, L50, M|100/100
|move|p1a: Kingdra|Draco Meteor|p2a: Toxtricity
|-damage|p2a: Toxtricity|0 fnt
|-unboost|p1a: Kingdra|spa|2
|faint|p2a: Toxtricity
|-damage|p1a: Kingdra|81/100|[from] item: Life Orb
|move|p1b: Politoed|Weather Ball|p2b: Kommo-o
|-resisted|p2b: Kommo-o
|-damage|p2b: Kommo-o|80/100
|
|-weather|RainDance|[upkeep]
|-heal|p2b: Kommo-o|86/100|[from] item: Leftovers
|upkeep
|
|t:|1757230489
|switch|p2a: Drifblim|Drifblim, L50, M|64/100
|turn|7
|
|t:|1757230509
|switch|p1a: Incineroar|Incineroar, L50, M|100/100
|-ability|p1a: Incineroar|Intimidate|boost
|-unboost|p2a: Drifblim|atk|1
|-unboost|p2b: Kommo-o|atk|1
|move|p2a: Drifblim|Acrobatics|p1a: Incineroar
|-damage|p1a: Incineroar|79/100
|move|p2b: Kommo-o|Iron Defense|p2b: Kommo-o
|-boost|p2b: Kommo-o|def|2
|move|p1b: Politoed|Perish Song|p1b: Politoed
|-start|p1a: Incineroar|perish3|[silent]
|-start|p1b: Politoed|perish3|[silent]
|-start|p2a: Drifblim|perish3|[silent]
|-immune|p2b: Kommo-o|[from] ability: Soundproof
|-fieldactivate|move: Perish Song
|
|-weather|RainDance|[upkeep]
|-heal|p2b: Kommo-o|92/100|[from] item: Leftovers
|-start|p2a: Drifblim|perish3
|-start|p1b: Politoed|perish3
|-start|p1a: Incineroar|perish3
|upkeep
|turn|8
|inactive|Pranag140 has 30 seconds left.
|
|t:|1757230536
|switch|p1b: Kingdra|Kingdra, L50, F|81/100
|move|p2a: Drifblim|Strength Sap|p1a: Incineroar
|-unboost|p1a: Incineroar|atk|1
|-heal|p2a: Drifblim|100/100
|move|p2b: Kommo-o|Iron Defense|p2b: Kommo-o
|-boost|p2b: Kommo-o|def|2
|move|p1a: Incineroar|Knock Off|p2b: Kommo-o
|-resisted|p2b: Kommo-o
|-damage|p2b: Kommo-o|90/100
|-enditem|p2b: Kommo-o|Leftovers|[from] move: Knock Off|[of] p1a: Incineroar
|
|-weather|none
|-start|p2a: Drifblim|perish2
|-start|p1a: Incineroar|perish2
|-sideend|p2: inadomi|move: Tailwind
|upkeep
|turn|9
|
|t:|1757230553
|switch|p1a: Politoed|Politoed, L50, F|100/100
|-weather|RainDance|[from] ability: Drizzle|[of] p1a: Politoed
|move|p2b: Kommo-o|Protect|p2b: Kommo-o
|-singleturn|p2b: Kommo-o|Protect
|move|p1b: Kingdra|Draco Meteor|p2b: Kommo-o
|-activate|p2b: Kommo-o|move: Protect
|move|p2a: Drifblim|Tailwind|p2a: Drifblim
|-sidestart|p2: inadomi|move: Tailwind
|
|-weather|RainDance|[upkeep]
|-start|p2a: Drifblim|perish1
|upkeep
|turn|10
|inactive|Pranag140 has 30 seconds left.
|
|t:|1757230580
|move|p1b: Kingdra|Protect|p1b: Kingdra
|-singleturn|p1b: Kingdra|Protect
|move|p1a: Politoed|Protect|p1a: Politoed
|-singleturn|p1a: Politoed|Protect
|move|p2a: Drifblim|Acrobatics|p1a: Politoed
|-activate|p1a: Politoed|move: Protect
|move|p2b: Kommo-o|Body Press|p1b: Kingdra
|-activate|p1b: Kingdra|move: Protect
|
|-weather|RainDance|[upkeep]
|-start|p2a: Drifblim|perish0
|faint|p2a: Drifblim
|upkeep
|turn|11
|
|t:|1757230596
|move|p1b: Kingdra|Draco Meteor|p2b: Kommo-o
|-supereffective|p2b: Kommo-o
|-damage|p2b: Kommo-o|0 fnt
|-unboost|p1b: Kingdra|spa|2
|faint|p2b: Kommo-o
|-damage|p1b: Kingdra|71/100|[from] item: Life Orb
|
|win|Pranag140
||Pranag140 is ready for game 2.
||inadomi is ready for game 2.
|uhtml|next|Next: Game 2 of 3
|l|☆inadomi
|player|p2|
