|j|☆Phix_X
|j|☆boonanar
|html|Phix_Xboonanar    
|uhtml|bestof|Game 3 of a best-of-3
|t:|1783776004
|gametype|doubles
|player|p1|Phix_X|raihan|
|player|p2|boonanar|birdkeeper-gen4dp|
|gen|9
|tier|[Gen 9 Champions] VGC 2026 Reg M-B (Bo3)
|rule|Species Clause: Limit one of each Pokémon
|rule|Item Clause: Limit 1 of each item
|clearpoke
|poke|p1|Staraptor, L50, F|
|poke|p1|Grimmsnarl, L50, M|
|poke|p1|Kingambit, L50, M|
|poke|p1|Glimmora, L50, M|
|poke|p1|Basculegion, L50, M|
|poke|p1|Whimsicott, L50, F|
|poke|p2|Venusaur, L50, M|
|poke|p2|Grimmsnarl, L50, M|
|poke|p2|Pelipper, L50, F|
|poke|p2|Archaludon, L50, F|
|poke|p2|Swampert, L50, F|
|poke|p2|Hydreigon, L50, F|
|teampreview|4
|showteam|p1|Staraptor||Staraptite|Intimidate|BraveBird,CloseCombat,Protect,Roost|Jolly||F|||50|]Grimmsnarl||LightClay|Prankster|SpiritBreak,LightScreen,Reflect,FakeOut|Adamant||M|||50|]Kingambit||BlackGlasses|Defiant|KowtowCleave,SuckerPunch,SwordsDance,Protect|Adamant||M|||50|]Glimmora||FocusSash|ToxicDebris|SludgeBomb,PowerGem,SpikyShield,EarthPower|Timid||M|||50|]Basculegion||ChoiceScarf|Adaptability|LastRespects,AquaJet,WaveCrash,FlipTurn|Jolly||M|||50|]Whimsicott||FairyFeather|Prankster|Moonblast,Charm,Encore,Tailwind|Timid||F|||50|
|showteam|p2|Venusaur||Venusaurite|Chlorophyll|SludgeBomb,EarthPower,GigaDrain,Protect|Modest||M|||50|]Grimmsnarl||LightClay|Prankster|SpiritBreak,Reflect,LightScreen,Swagger|Careful||M|||50|]Pelipper||SitrusBerry|Drizzle|WideGuard,WeatherBall,Hurricane,Tailwind|Modest||F|||50|]Archaludon||Leftovers|Stamina|ElectroShot,DragonPulse,FlashCannon,Protect|Modest||F|||50|]Swampert||Swampertite|Torrent|WaveCrash,Earthquake,IcePunch,Protect|Adamant||F|||50|]Hydreigon||ChoiceScarf|Levitate|DarkPulse,Snarl,DracoMeteor,Uturn|Timid||F|||50|
|inactive|Battle timer is ON: inactive players will automatically lose when time's up. (requested by Phix_X)
|inactive|boonanar also wants the timer to be on.
|
|t:|1783776023
|teamsize|p1|4
|teamsize|p2|4
|start
|switch|p1a: Grimmsnarl|Grimmsnarl, L50, M|100/100
|switch|p1b: Glimmora|Glimmora, L50, M|100/100
|switch|p2a: Pelipper|Pelipper, L50, F|100/100
|switch|p2b: Grimmsnarl|Grimmsnarl, L50, M|100/100
|-weather|RainDance|[from] ability: Drizzle|[of] p2a: Pelipper
|turn|1
|
|t:|1783776045
|switch|p2a: Swampert|Swampert, L50, F|100/100
|move|p1a: Grimmsnarl|Fake Out|p2b: Grimmsnarl
|-damage|p2b: Grimmsnarl|87/100
|cant|p2b: Grimmsnarl|flinch
|move|p1b: Glimmora|Power Gem|p2a: Swampert
|-resisted|p2a: Swampert|1
|-damage|p2a: Swampert|78/100
|
|-weather|RainDance|[upkeep]
|upkeep
|turn|2
|
|t:|1783776059
|switch|p2b: Pelipper|Pelipper, L50, F|100/100
|detailschange|p2a: Swampert|Swampert-Mega, L50, F
|-mega|p2a: Swampert|Swampert|Swampertite
|move|p1a: Grimmsnarl|Reflect|p1a: Grimmsnarl
|-sidestart|p1: Phix_X|Reflect
|move|p2a: Swampert|Earthquake|p1b: Glimmora|[spread] p1a,p1b
|-immune|p2b: Pelipper
|-supereffective|p1b: Glimmora|2
|-damage|p1a: Grimmsnarl|65/100
|-enditem|p1b: Glimmora|Focus Sash
|-damage|p1b: Glimmora|1/100
|-activate|p1b: Glimmora|ability: Toxic Debris
|-sidestart|p2: boonanar|move: Toxic Spikes
|move|p1b: Glimmora|Sludge Bomb|p2b: Pelipper
|-damage|p2b: Pelipper|49/100
|-enditem|p2b: Pelipper|Sitrus Berry|[eat]
|-heal|p2b: Pelipper|74/100|[from] item: Sitrus Berry
|
|-weather|RainDance|[upkeep]
|upkeep
|turn|3
|inactive|Phix_X has 30 seconds left.
|
|t:|1783776088
|move|p1a: Grimmsnarl|Light Screen|p1a: Grimmsnarl
|-sidestart|p1: Phix_X|move: Light Screen
|move|p2a: Swampert|Wave Crash|p1b: Glimmora
|-supereffective|p1b: Glimmora|1
|-damage|p1b: Glimmora|0 fnt
|-activate|p1b: Glimmora|ability: Toxic Debris
|-sidestart|p2: boonanar|move: Toxic Spikes
|faint|p1b: Glimmora
|-damage|p2a: Swampert|77/100|[from] Recoil
|move|p2b: Pelipper|Hurricane|p1a: Grimmsnarl
|-crit|p1a: Grimmsnarl
|-damage|p1a: Grimmsnarl|6/100
|
|-weather|RainDance|[upkeep]
|upkeep
|
|t:|1783776095
|switch|p1b: Staraptor|Staraptor, L50, F|100/100
|-ability|p1b: Staraptor|Intimidate|boost
|-unboost|p2a: Swampert|atk|1
|-unboost|p2b: Pelipper|atk|1
|turn|4
|
|t:|1783776100
|detailschange|p1b: Staraptor|Staraptor-Mega, L50, F
|-mega|p1b: Staraptor|Staraptor|Staraptite
|move|p2a: Swampert|Wave Crash|p1b: Staraptor
|-damage|p1b: Staraptor|45/100
|-damage|p2a: Swampert|61/100|[from] Recoil
|move|p1b: Staraptor|Close Combat|p2a: Swampert
|-damage|p2a: Swampert|1/100
|-boost|p1b: Staraptor|def|1
|-boost|p1b: Staraptor|spd|1
|move|p2b: Pelipper|Hurricane|p1b: Staraptor
|-supereffective|p1b: Staraptor|1
|-damage|p1b: Staraptor|6/100
|-start|p1b: Staraptor|confusion
|move|p1a: Grimmsnarl|Spirit Break|p2b: Pelipper
|-damage|p2b: Pelipper|36/100
|-unboost|p2b: Pelipper|spa|1
|
|-weather|RainDance|[upkeep]
|upkeep
|turn|5
|
|t:|1783776120
|-activate|p1b: Staraptor|confusion
|-damage|p1b: Staraptor|0 fnt|[from] confusion
|faint|p1b: Staraptor
|move|p2a: Swampert|Wave Crash|p1a: Grimmsnarl
|-damage|p1a: Grimmsnarl|0 fnt
|faint|p1a: Grimmsnarl
|-damage|p2a: Swampert|0 fnt|[from] Recoil
|faint|p2a: Swampert
|move|p2b: Pelipper|Hurricane|p1: Grimmsnarl|[notarget]
|-fail|p2b: Pelipper
|
|-weather|none
|upkeep
|
|t:|1783776126
|switch|p2a: Hydreigon|Hydreigon, L50, F|100/100
|switch|p1a: Basculegion|Basculegion, L50, M|100/100
|turn|6
|
|t:|1783776136
|move|p2a: Hydreigon|Dark Pulse|p1a: Basculegion
|-supereffective|p1a: Basculegion|1
|-damage|p1a: Basculegion|41/100
|move|p1a: Basculegion|Last Respects|p2a: Hydreigon
|-resisted|p2a: Hydreigon|1
|-damage|p2a: Hydreigon|26/100
|move|p2b: Pelipper|Hurricane|p1a: Basculegion
|-damage|p1a: Basculegion|20/100y
|
|upkeep
|turn|7
|c|☆Phix_X|ggwp
|
|t:|1783776145
|move|p2a: Hydreigon|Dark Pulse|p1a: Basculegion
|-supereffective|p1a: Basculegion|1
|-damage|p1a: Basculegion|0 fnt
|faint|p1a: Basculegion
|
|win|boonanar
|c|☆boonanar|Ggwp
|l|☆Phix_X
|player|p1|
