|j|☆mike6972
|j|☆15Hugs
|html|mike697215Hugs    
|uhtml|bestof|Game 1 of a best-of-3
|t:|1784828191
|gametype|doubles
|player|p1|mike6972|265|1139
|player|p2|15Hugs|ingo|1040
|gen|9
|tier|[Gen 9 Champions] VGC 2026 Reg M-B (Bo3)
|rated|
|rule|Species Clause: Limit one of each Pokémon
|rule|Item Clause: Limit 1 of each item
|clearpoke
|poke|p1|Delphox, L50, M|
|poke|p1|Whimsicott, L50, M|
|poke|p1|Incineroar, L50, F|
|poke|p1|Sylveon, L50, M|
|poke|p1|Basculegion, L50, M|
|poke|p1|Garchomp, L50, M|
|poke|p2|Mawile, L50, F|
|poke|p2|Sneasler, L50, F|
|poke|p2|Raichu, L50, F|
|poke|p2|Hydreigon, L50, M|
|poke|p2|Farigiraf, L50, F, shiny|
|poke|p2|Ceruledge, L50, F|
|teampreview|4
|showteam|p1|Delphox||Delphoxite|Blaze|HeatWave,Psychic,NastyPlot,Protect|Timid||M|||50|]Whimsicott||FocusSash|Prankster|Tailwind,Protect,Encore,Moonblast|Bold||M|||50|]Incineroar||ShucaBerry|Intimidate|HelpingHand,FlareBlitz,FakeOut,PartingShot|Impish||F|||50|]Sylveon||FairyFeather|Pixilate|Protect,HyperVoice,Yawn,HyperBeam|Modest||M|||50|]Basculegion||ChoiceScarf|Adaptability|AquaJet,WaveCrash,FlipTurn,LastRespects|Adamant||M|||50|]Garchomp||LifeOrb|RoughSkin|Protect,Earthquake,DragonClaw,RockSlide|Adamant||M|||50|
|showteam|p2|Mawile||Mawilite|Intimidate|Protect,PlayRough,IronHead,RockSlide|Brave||F|||50|]Sneasler||WhiteHerb|Unburden|FakeOut,Coaching,CloseCombat,DireClaw|Jolly||F|||50|]Raichu||RaichuniteY|LightningRod|Protect,FakeOut,ZapCannon,FocusBlast|Timid||F|||50|]Hydreigon||ChoiceScarf|Levitate|DracoMeteor,Snarl,DarkPulse,EarthPower|Timid||M|||50|]Farigiraf||SitrusBerry|ArmorTail|TrickRoom,HelpingHand,FoulPlay,Psychic|Relaxed||F|||50|]Ceruledge||LifeOrb|FlashFire|Protect,ShadowSneak,Poltergeist,BitterBlade|Brave||F|||50|
|inactive|Battle timer is ON: inactive players will automatically lose when time's up. (requested by 15Hugs)
|inactive|15Hugs has 60 seconds left.
|
|t:|1784828268
|teamsize|p1|4
|teamsize|p2|4
|start
|switch|p1a: Whimsicott|Whimsicott, L50, M|100/100
|switch|p1b: Incineroar|Incineroar, L50, F|100/100
|switch|p2a: Sneasler|Sneasler, L50, F|100/100
|switch|p2b: Hydreigon|Hydreigon, L50, M|100/100
|-ability|p1b: Incineroar|Intimidate|boost
|-unboost|p2a: Sneasler|atk|1
|-unboost|p2b: Hydreigon|atk|1
|-enditem|p2a: Sneasler|White Herb
|-clearnegativeboost|p2a: Sneasler|[silent]
|turn|1
|inactive|15Hugs has 30 seconds left.
|
|t:|1784828294
|switch|p1b: Basculegion|Basculegion, L50, M|100/100
|move|p2a: Sneasler|Fake Out|p1a: Whimsicott
|-damage|p1a: Whimsicott|88/100
|move|p2b: Hydreigon|Earth Power|p1b: Basculegion
|-damage|p1b: Basculegion|63/100
|-unboost|p1b: Basculegion|spd|1
|cant|p1a: Whimsicott|flinch
|
|upkeep
|turn|2
|inactive|mike6972 has 30 seconds left.
|inactive|15Hugs has 30 seconds left.
|
|t:|1784828326
|switch|p2b: Farigiraf|Farigiraf, L50, F, shiny|100/100
|move|p1a: Whimsicott|Tailwind|p1a: Whimsicott
|-sidestart|p1: mike6972|move: Tailwind
|move|p1b: Basculegion|Flip Turn|p2b: Farigiraf
|-damage|p2b: Farigiraf|67/100
|
|t:|1784828333
|switch|p1b: Incineroar|Incineroar, L50, F|100/100|[from] Flip Turn
|-ability|p1b: Incineroar|Intimidate|boost
|-unboost|p2a: Sneasler|atk|1
|-unboost|p2b: Farigiraf|atk|1
|move|p2a: Sneasler|Dire Claw|p1a: Whimsicott
|-supereffective|p1a: Whimsicott|2
|-damage|p1a: Whimsicott|0 fnt
|faint|p1a: Whimsicott
|
|upkeep
|
|t:|1784828343
|switch|p1a: Delphox|Delphox, L50, M|100/100
|turn|3
|
|t:|1784828357
|detailschange|p1a: Delphox|Delphox-Mega, L50, M
|-mega|p1a: Delphox|Delphox|Delphoxite
|move|p1b: Incineroar|Helping Hand|p1a: Delphox
|-singleturn|p1a: Delphox|Helping Hand|[of] p1b: Incineroar
|move|p1a: Delphox|Heat Wave|p2b: Farigiraf|[spread] p2b
|-miss|p1a: Delphox|p2a: Sneasler
|-damage|p2b: Farigiraf|8/100
|-enditem|p2b: Farigiraf|Sitrus Berry|[eat]
|-heal|p2b: Farigiraf|33/100|[from] item: Sitrus Berry
|move|p2a: Sneasler|Close Combat|p1b: Incineroar
|-supereffective|p1b: Incineroar|1
|-damage|p1b: Incineroar|31/100
|-unboost|p2a: Sneasler|def|1
|-unboost|p2a: Sneasler|spd|1
|move|p2b: Farigiraf|Trick Room|p2b: Farigiraf
|-fieldstart|move: Trick Room|[of] p2b: Farigiraf
|
|upkeep
|turn|4
|inactive|15Hugs has 30 seconds left.
|
|t:|1784828382
|switch|p2a: Hydreigon|Hydreigon, L50, M|100/100
|move|p2b: Farigiraf|Foul Play|p1a: Delphox
|-supereffective|p1a: Delphox|1
|-damage|p1a: Delphox|53/100
|move|p1b: Incineroar|Flare Blitz|p2a: Hydreigon
|-resisted|p2a: Hydreigon|1
|-damage|p2a: Hydreigon|72/100
|-damage|p1b: Incineroar|23/100|[from] Recoil
|move|p1a: Delphox|Heat Wave|p2a: Hydreigon|[spread] p2a,p2b
|-resisted|p2a: Hydreigon|1
|-crit|p2b: Farigiraf
|-damage|p2a: Hydreigon|48/100
|-damage|p2b: Farigiraf|0 fnt
|faint|p2b: Farigiraf
|
|upkeep
|
|t:|1784828395
|switch|p2b: Mawile|Mawile, L50, F|100/100
|-ability|p2b: Mawile|Intimidate|boost
|-unboost|p1a: Delphox|atk|1
|-unboost|p1b: Incineroar|atk|1
|turn|5
|
|t:|1784828402
|switch|p1b: Basculegion|Basculegion, L50, M|63/100
|detailschange|p2b: Mawile|Mawile-Mega, L50, F
|-mega|p2b: Mawile|Mawile|Mawilite
|move|p1a: Delphox|Protect|p1a: Delphox
|-singleturn|p1a: Delphox|Protect
|move|p2b: Mawile|Rock Slide|p1b: Basculegion|[spread] 
|-activate|p1a: Delphox|move: Protect
|-miss|p2b: Mawile|p1b: Basculegion
|move|p2a: Hydreigon|Snarl|p1b: Basculegion|[spread] p1b
|-activate|p1a: Delphox|move: Protect
|-supereffective|p1b: Basculegion|1
|-damage|p1b: Basculegion|21/100
|-unboost|p1b: Basculegion|spa|1
|
|-sideend|p1: mike6972|move: Tailwind
|upkeep
|turn|6
|
|t:|1784828426
|switch|p1a: Incineroar|Incineroar, L50, F|23/100
|-ability|p1a: Incineroar|Intimidate|boost
|-unboost|p2a: Hydreigon|atk|1
|-unboost|p2b: Mawile|atk|1
|move|p2b: Mawile|Rock Slide|p1b: Basculegion|[spread] p1a
|-miss|p2b: Mawile|p1b: Basculegion
|-supereffective|p1a: Incineroar|1
|-damage|p1a: Incineroar|0 fnt
|faint|p1a: Incineroar
|move|p1b: Basculegion|Last Respects|p2b: Mawile
|-damage|p2b: Mawile|1/100
|move|p2a: Hydreigon|Snarl|p1b: Basculegion
|-supereffective|p1b: Basculegion|1
|-damage|p1b: Basculegion|0 fnt
|faint|p1b: Basculegion
|
|upkeep
|
|t:|1784828438
|switch|p1b: Delphox|Delphox-Mega, L50, M|53/100
|turn|7
|-message|mike6972 forfeited.
|
|win|15Hugs
|l|☆mike6972
|player|p1|
||mike6972 is ready for game 2.
|inactive|15Hugs has 30 seconds to confirm battle start!
