|j|☆mariocansado
|j|☆Daniw9
|html|mariocansadoDaniw9    
|uhtml|bestof|Game 2 of a best-of-3
|t:|1756331366
|gametype|doubles
|player|p1|mariocansado|arven-v|1103
|player|p2|Daniw9|2|1169
|gen|9
|tier|[Gen 9] VGC 2025 Reg H (Bo3)
|rated|
|rule|Species Clause: Limit one of each Pokémon
|rule|Item Clause: Limit 1 of each item
|clearpoke
|poke|p1|Gholdengo, L50|
|poke|p1|Rillaboom, L50, M|
|poke|p1|Dragapult, L50, M|
|poke|p1|Electabuzz, L50, F|
|poke|p1|Volcarona, L50, M|
|poke|p1|Gyarados, L50, F|
|poke|p2|Garchomp, L50, M|
|poke|p2|Tyranitar, L50, F|
|poke|p2|Delphox, L50, F|
|poke|p2|Indeedee-F, L50, F|
|poke|p2|Gallade, L50, M|
|poke|p2|Whimsicott, L50, F|
|teampreview|4
|showteam|p1|Gholdengo||ChoiceScarf|GoodasGold|MakeItRain,ShadowBall,PowerGem,Trick||||||50|,,,,,Steel]Rillaboom||AssaultVest|GrassySurge|FakeOut,WoodHammer,GrassyGlide,Uturn|||M|||50|,,,,,Fire]Dragapult||ChoiceBand|ClearBody|DragonDarts,DragonClaw,PhantomForce,Uturn|||M|||50|,,,,,Dragon]Electabuzz||Eviolite|VitalSpirit|Electroweb,Taunt,FollowMe,Protect|||F|||50|,,,,,Ghost]Volcarona||Leftovers|FlameBody|HeatWave,QuiverDance,Protect,GigaDrain|||M|||50|,,,,,Grass]Gyarados||RockyHelmet|Intimidate|Waterfall,HelpingHand,ThunderWave,Protect|||F|||50|,,,,,Grass
|showteam|p2|Garchomp||LifeOrb|RoughSkin|Earthquake,StompingTantrum,Protect,DragonClaw|||M|||50|,,,,,Steel]Tyranitar||AssaultVest|SandStream|RockSlide,TeraBlast,KnockOff,LowKick|||F|||50|,,,,,Flying]Delphox||PsychicSeed|Magician|ExpandingForce,HeatWave,TeraBlast,Protect|||F|||50|,,,,,Fairy]Indeedee-F||SafetyGoggles|PsychicSurge|DazzlingGleam,TrickRoom,FollowMe,HelpingHand|||F|||50|,,,,,Water]Gallade||ClearAmulet|Sharpness|SacredSword,PsychoCut,TrickRoom,Protect|||M|||50|,,,,,Grass]Whimsicott||CovertCloak|Prankster|Moonblast,Tailwind,Encore,Protect|||F|||50|,,,,,Ghost
|
|t:|1756331390
|teamsize|p1|4
|teamsize|p2|4
|start
|switch|p1a: Gyarados|Gyarados, L50, F|100/100
|switch|p1b: Gholdengo|Gholdengo, L50|100/100
|switch|p2a: Indeedee|Indeedee-F, L50, F|100/100
|switch|p2b: Gallade|Gallade, L50, M|100/100
|-ability|p1a: Gyarados|Intimidate|boost
|-unboost|p2a: Indeedee|atk|1
|-fail|p2b: Gallade|unboost|[from] item: Clear Amulet|[of] p2b: Gallade
|-fieldstart|move: Psychic Terrain|[from] ability: Psychic Surge|[of] p2a: Indeedee
|turn|1
|
|t:|1756331419
|-terastallize|p1b: Gholdengo|Steel
|-terastallize|p2a: Indeedee|Water
|move|p1a: Gyarados|Helping Hand|p1b: Gholdengo
|-immune|p1b: Gholdengo|[from] ability: Good as Gold
|move|p2b: Gallade|Protect|p2b: Gallade
|-singleturn|p2b: Gallade|Protect
|move|p1b: Gholdengo|Make It Rain|p2a: Indeedee|[spread] p2a
|-activate|p2b: Gallade|move: Protect
|-resisted|p2a: Indeedee
|-damage|p2a: Indeedee|66/100
|-unboost|p1b: Gholdengo|spa|1
|move|p2a: Indeedee|Trick Room|p2a: Indeedee
|-fieldstart|move: Trick Room|[of] p2a: Indeedee
|
|upkeep
|turn|2
|
|t:|1756331441
|switch|p2a: Tyranitar|Tyranitar, L50, F|100/100
|-weather|Sandstorm|[from] ability: Sand Stream|[of] p2a: Tyranitar
|switch|p1b: Big Jerry|Rillaboom, L50, M|100/100
|-fieldstart|move: Grassy Terrain|[from] ability: Grassy Surge|[of] p1b: Big Jerry
|move|p2b: Gallade|Sacred Sword|p1b: Big Jerry
|-damage|p1b: Big Jerry|28/100
|move|p1a: Gyarados|Thunder Wave|p2a: Tyranitar
|-status|p2a: Tyranitar|par
|
|-weather|Sandstorm|[upkeep]
|-damage|p2b: Gallade|95/100|[from] Sandstorm
|-damage|p1a: Gyarados|94/100|[from] Sandstorm
|-damage|p1b: Big Jerry|22/100|[from] Sandstorm
|-heal|p2b: Gallade|100/100|[from] Grassy Terrain
|-heal|p1b: Big Jerry|28/100|[from] Grassy Terrain
|upkeep
|turn|3
|
|t:|1756331477
|switch|p2b: Indeedee|Indeedee-F, L50, F, tera:Water|66/100
|-fieldstart|move: Psychic Terrain|[from] ability: Psychic Surge|[of] p2b: Indeedee
|move|p2a: Tyranitar|Rock Slide|p1b: Big Jerry|[spread] p1a,p1b
|-supereffective|p1a: Gyarados
|-damage|p1a: Gyarados|32/100
|-damage|p1b: Big Jerry|0 fnt
|faint|p1b: Big Jerry
|move|p1a: Gyarados|Waterfall|p2b: Indeedee
|-resisted|p2b: Indeedee
|-damage|p2b: Indeedee|49/100
|
|-weather|Sandstorm|[upkeep]
|-damage|p1a: Gyarados|26/100|[from] Sandstorm
|upkeep
|
|t:|1756331483
|switch|p1b: Gholdengo|Gholdengo, L50, tera:Steel|100/100
|turn|4
|
|t:|1756331504
|move|p2b: Indeedee|Helping Hand|p2a: Tyranitar
|-singleturn|p2a: Tyranitar|Helping Hand|[of] p2b: Indeedee
|move|p1a: Gyarados|Protect|p1a: Gyarados
|-singleturn|p1a: Gyarados|Protect
|move|p2a: Tyranitar|Rock Slide|p1b: Gholdengo|[spread] p1b
|-activate|p1a: Gyarados|move: Protect
|-resisted|p1b: Gholdengo
|-damage|p1b: Gholdengo|71/100
|move|p1b: Gholdengo|Shadow Ball|p2b: Indeedee
|-damage|p2b: Indeedee|4/100
|
|-weather|Sandstorm|[upkeep]
|-damage|p1a: Gyarados|19/100|[from] Sandstorm
|upkeep
|turn|5
|
|t:|1756331525
|move|p2b: Indeedee|Helping Hand|p2a: Tyranitar
|-singleturn|p2a: Tyranitar|Helping Hand|[of] p2b: Indeedee
|move|p2a: Tyranitar|Rock Slide|p1b: Gholdengo|[spread] p1a,p1b
|-supereffective|p1a: Gyarados
|-resisted|p1b: Gholdengo
|-damage|p1a: Gyarados|0 fnt
|-damage|p1b: Gholdengo|43/100
|faint|p1a: Gyarados
|move|p1b: Gholdengo|Shadow Ball|p2b: Indeedee
|-damage|p2b: Indeedee|0 fnt
|faint|p2b: Indeedee
|
|-weather|Sandstorm|[upkeep]
|-fieldend|move: Trick Room
|upkeep
|
|t:|1756331536
|switch|p1a: Dragapult|Dragapult, L50, M|100/100
|switch|p2b: Garchomp|Garchomp, L50, M|100/100
|turn|6
|
|t:|1756331546
|move|p1b: Gholdengo|Shadow Ball|p2a: Tyranitar
|-resisted|p2a: Tyranitar
|-damage|p2a: Tyranitar|92/100 par
|move|p1a: Dragapult|Dragon Darts|p2b: Garchomp
|-supereffective|p2b: Garchomp
|-damage|p2b: Garchomp|19/100
|-anim|p1a: Dragapult|Dragon Darts|p2a: Tyranitar
|-crit|p2a: Tyranitar
|-damage|p2a: Tyranitar|45/100 par
|move|p2b: Garchomp|Stomping Tantrum|p1b: Gholdengo
|-supereffective|p1b: Gholdengo
|-damage|p1b: Gholdengo|0 fnt
|faint|p1b: Gholdengo
|-damage|p2b: Garchomp|9/100|[from] item: Life Orb
|move|p2a: Tyranitar|Knock Off|p1a: Dragapult
|-supereffective|p1a: Dragapult
|-damage|p1a: Dragapult|0 fnt
|-enditem|p1a: Dragapult|Choice Band|[from] move: Knock Off|[of] p2a: Tyranitar
|faint|p1a: Dragapult
|
|win|Daniw9
||mariocansado is ready for game 3.
|inactive|Daniw9 has 30 seconds to confirm battle start!
||Daniw9 is ready for game 3.
|uhtml|next|Next: Game 3 of 3
