|j|☆probandoteammvp
|j|☆reshiee
|html|probandoteammvpreshiee    
|uhtml|bestof|Game 2 of a best-of-3
|t:|1785875987
|gametype|doubles
|player|p1|probandoteammvp|169|1302
|player|p2|reshiee|gwynn|1269
|gen|9
|tier|[Gen 9 Champions] VGC 2026 Reg M-B (Bo3)
|rated|
|rule|Species Clause: Limit one of each Pokémon
|rule|Item Clause: Limit 1 of each item
|clearpoke
|poke|p1|Blastoise, L50, M, shiny|
|poke|p1|Sylveon, L50, F, shiny|
|poke|p1|Vivillon-Fancy, L50, F, shiny|
|poke|p1|Farigiraf, L50, F, shiny|
|poke|p1|Sinistcha, L50, shiny|
|poke|p1|Pelipper, L50, M, shiny|
|poke|p2|Charizard, L50, M|
|poke|p2|Venusaur, L50, F|
|poke|p2|Pelipper, L50, F|
|poke|p2|Grimmsnarl, L50, M|
|poke|p2|Basculegion, L50, M|
|poke|p2|Archaludon, L50, M|
|teampreview|4
|showteam|p1|Blastoise||Blastoisinite|Torrent|WaterSpout,DarkPulse,ShellSmash,Protect|Modest||M|||50|]Sylveon||FairyFeather|Pixilate|HyperVoice,Moonblast,HyperBeam,Detect|Modest||F|||50|]Vivillon-Fancy||ChoiceScarf|CompoundEyes|PollenPuff,Hurricane,SleepPowder,RagePowder|Timid||F|||50|]Farigiraf||SitrusBerry|ArmorTail|TwinBeam,HelpingHand,TrickRoom,Protect|Sassy||F|||50|]Sinistcha||ColburBerry|Hospitality|MatchaGotcha,RagePowder,TrickRoom,Protect|Sassy|||||50|]Pelipper||FocusSash|Drizzle|Hurricane,HelpingHand,Tailwind,Protect|Timid||M|||50|
|showteam|p2|Charizard||CharizarditeY|Blaze|HeatWave,WeatherBall,SolarBeam,Protect|Modest||M|||50|]Venusaur||FocusSash|Chlorophyll|SludgeBomb,EarthPower,SleepPowder,Protect|Modest||F|||50|]Pelipper||SitrusBerry|Drizzle|Hurricane,WeatherBall,Tailwind,WideGuard|Modest||F|||50|]Grimmsnarl||LightClay|Prankster|SpiritBreak,Reflect,LightScreen,PartingShot|Sassy||M|||50|]Basculegion||ChoiceScarf|Adaptability|WaveCrash,LastRespects,FlipTurn,AquaJet|Jolly||M|||50|]Archaludon||Leftovers|Stamina|DragonPulse,FlashCannon,ElectroShot,Protect|Calm||M|||50|
|
|t:|1785876036
|teamsize|p1|4
|teamsize|p2|4
|start
|switch|p1a: Tortugueitor|Blastoise, L50, M, shiny|100/100
|switch|p1b: Butterfly|Vivillon-Fancy, L50, F, shiny|100/100
|switch|p2a: Charizard|Charizard, L50, M|100/100
|switch|p2b: Venusaur|Venusaur, L50, F|100/100
|turn|1
|inactive|Battle timer is ON: inactive players will automatically lose when time's up. (requested by probandoteammvp)
|inactive|reshiee has 60 seconds left.
|
|t:|1785876074
|detailschange|p1a: Tortugueitor|Blastoise-Mega, L50, M, shiny
|-mega|p1a: Tortugueitor|Blastoise|Blastoisinite
|detailschange|p2a: Charizard|Charizard-Mega-Y, L50, M
|-mega|p2a: Charizard|Charizard|Charizardite Y
|-weather|SunnyDay|[from] ability: Drought|[of] p2a: Charizard
|move|p2b: Venusaur|Sludge Bomb|p1b: Butterfly
|-damage|p1b: Butterfly|19/100
|move|p1b: Butterfly|Sleep Powder|p2a: Charizard
|-status|p2a: Charizard|slp|[from] move: Sleep Powder
|move|p1a: Tortugueitor|Shell Smash|p1a: Tortugueitor
|-unboost|p1a: Tortugueitor|def|1
|-unboost|p1a: Tortugueitor|spd|1
|-boost|p1a: Tortugueitor|atk|2
|-boost|p1a: Tortugueitor|spa|2
|-boost|p1a: Tortugueitor|spe|2
|cant|p2a: Charizard|slp
|
|-weather|SunnyDay|[upkeep]
|upkeep
|turn|2
|inactive|reshiee has 30 seconds left.
|inactive|reshiee has 20 seconds left.
|inactive|reshiee has 15 seconds left.
|inactive|reshiee has 10 seconds left.
|
|t:|1785876124
|switch|p1b: Birb|Pelipper, L50, M, shiny|100/100
|-weather|RainDance|[from] ability: Drizzle|[of] p1b: Birb
|switch|p2a: Basculegion|Basculegion, L50, M|100/100
|move|p1a: Tortugueitor|Water Spout|p2a: Basculegion|[spread] p2a,p2b
|-resisted|p2a: Basculegion|1
|-resisted|p2b: Venusaur|1
|-damage|p2a: Basculegion|0 fnt
|-enditem|p2b: Venusaur|Focus Sash
|-damage|p2b: Venusaur|1/100
|faint|p2a: Basculegion
|move|p2b: Venusaur|Sludge Bomb|p1a: Tortugueitor
|-damage|p1a: Tortugueitor|30/100
|-status|p1a: Tortugueitor|psn
|
|-weather|RainDance|[upkeep]
|-damage|p1a: Tortugueitor|17/100 psn|[from] psn
|upkeep
|
|t:|1785876141
|switch|p2a: Charizard|Charizard-Mega-Y, L50, M|100/100 slp
|-weather|SunnyDay|[from] ability: Drought|[of] p2a: Charizard
|turn|3
|inactive|reshiee has 30 seconds left.
|
|t:|1785876172
|switch|p1b: Cuptea|Sinistcha, L50, shiny|100/100
|-heal|p1a: Tortugueitor|42/100 psn|[from] ability: Hospitality|[of] p1b: Cuptea
|move|p1a: Tortugueitor|Protect|p1a: Tortugueitor
|-singleturn|p1a: Tortugueitor|Protect
|move|p2b: Venusaur|Sleep Powder|p1b: Cuptea
|-immune|p1b: Cuptea
|cant|p2a: Charizard|slp
|
|-weather|SunnyDay|[upkeep]
|-damage|p1a: Tortugueitor|30/100 psn|[from] psn
|upkeep
|turn|4
|inactive|reshiee has 30 seconds left.
|inactive|reshiee has 20 seconds left.
|
|t:|1785876209
|switch|p2a: Archaludon|Archaludon, L50, M|100/100
|switch|p1b: Birb|Pelipper, L50, M, shiny|100/100
|-weather|RainDance|[from] ability: Drizzle|[of] p1b: Birb
|move|p2b: Venusaur|Protect|p2b: Venusaur
|-singleturn|p2b: Venusaur|Protect
|move|p1a: Tortugueitor|Dark Pulse|p2b: Venusaur
|-activate|p2b: Venusaur|move: Protect
|
|-weather|RainDance|[upkeep]
|-damage|p1a: Tortugueitor|18/100 psn|[from] psn
|upkeep
|turn|5
|inactive|reshiee has 30 seconds left.
|
|t:|1785876238
|switch|p1b: Cuptea|Sinistcha, L50, shiny|100/100
|-heal|p1a: Tortugueitor|43/100 psn|[from] ability: Hospitality|[of] p1b: Cuptea
|switch|p2a: Charizard|Charizard-Mega-Y, L50, M|100/100 slp
|-weather|SunnyDay|[from] ability: Drought|[of] p2a: Charizard
|move|p2b: Venusaur|Sludge Bomb|p1b: Cuptea
|-crit|p1b: Cuptea
|-damage|p1b: Cuptea|42/100
|move|p1a: Tortugueitor|Dark Pulse|p2b: Venusaur
|-damage|p2b: Venusaur|0 fnt
|faint|p2b: Venusaur
|
|-weather|SunnyDay|[upkeep]
|-damage|p1a: Tortugueitor|31/100 psn|[from] psn
|upkeep
|
|t:|1785876254
|switch|p2b: Archaludon|Archaludon, L50, M|100/100
|turn|6
|inactive|reshiee has 30 seconds left.
|inactive|probandoteammvp has 30 seconds left.
|
|t:|1785876293
|move|p1b: Cuptea|Protect|p1b: Cuptea
|-singleturn|p1b: Cuptea|Protect
|move|p1a: Tortugueitor|Dark Pulse|p2b: Archaludon
|-damage|p2b: Archaludon|12/100
|-ability|p2b: Archaludon|Stamina|boost
|-boost|p2b: Archaludon|def|1
|-curestatus|p2a: Charizard|slp|[msg]
|move|p2a: Charizard|Heat Wave|p1a: Tortugueitor|[spread] p1a
|-activate|p1b: Cuptea|move: Protect
|-resisted|p1a: Tortugueitor|1
|-damage|p1a: Tortugueitor|0 fnt
|faint|p1a: Tortugueitor
|move|p2b: Archaludon|Electro Shot||[still]
|-prepare|p2b: Archaludon|Electro Shot
|-boost|p2b: Archaludon|spa|1
|
|-weather|SunnyDay|[upkeep]
|-heal|p2b: Archaludon|18/100|[from] item: Leftovers
|upkeep
|
|t:|1785876306
|switch|p1a: Butterfly|Vivillon-Fancy, L50, F, shiny|19/100
|turn|7
|inactive|probandoteammvp has 30 seconds left.
|
|t:|1785876334
|move|p1b: Cuptea|Rage Powder|p1b: Cuptea
|-singleturn|p1b: Cuptea|move: Rage Powder
|move|p1a: Butterfly|Hurricane|p2b: Archaludon|[miss]
|-miss|p1a: Butterfly|p2b: Archaludon
|move|p2a: Charizard|Heat Wave|p1b: Cuptea|[spread] p1a,p1b
|-supereffective|p1a: Butterfly|1
|-supereffective|p1b: Cuptea|1
|-damage|p1a: Butterfly|0 fnt
|-damage|p1b: Cuptea|0 fnt
|faint|p1a: Butterfly
|faint|p1b: Cuptea
|move|p2b: Archaludon|Electro Shot|p1: Butterfly|[from] lockedmove|[notarget]
|-fail|p2b: Archaludon
|
|-weather|SunnyDay|[upkeep]
|-heal|p2b: Archaludon|24/100|[from] item: Leftovers
|upkeep
|
|t:|1785876341
|switch|p1b: Birb|Pelipper, L50, M, shiny|100/100
|-weather|RainDance|[from] ability: Drizzle|[of] p1b: Birb
|turn|8
|-message|probandoteammvp forfeited.
|
|win|reshiee
|raw|probandoteammvp's rating: 1302 → 1280(-22 for losing)
|raw|reshiee's rating: 1269 → 1296(+27 for winning)
|l|☆probandoteammvp
|player|p1|
