|j|‽bermusinho
|j|☆ethical sga
|html|bermusinhoethical sga    
|uhtml|bestof|Game 1 of a best-of-3
|t:|1784920247
|gametype|doubles
|player|p1|bermusinho|2|1303
|player|p2|ethical sga|serena-masters3|1232
|gen|9
|tier|[Gen 9 Champions] VGC 2026 Reg M-B (Bo3)
|rated|
|rule|Species Clause: Limit one of each Pokémon
|rule|Item Clause: Limit 1 of each item
|clearpoke
|poke|p1|Aerodactyl, L50, M|
|poke|p1|Kingambit, L50, F|
|poke|p1|Sylveon, L50, M|
|poke|p1|Garchomp, L50, M|
|poke|p1|Charizard, L50, M|
|poke|p1|Incineroar, L50, F|
|poke|p2|Metagross, L50|
|poke|p2|Clawitzer, L50, F|
|poke|p2|Kommo-o, L50, F|
|poke|p2|Incineroar, L50, M|
|poke|p2|Whimsicott, L50, M|
|poke|p2|Floette-Eternal, L50, F|
|teampreview|4
|showteam|p1|Aerodactyl||Aerodactylite|Unnerve|RockSlide,IceFang,Tailwind,WideGuard|Jolly||M|||50|]Kingambit||FocusSash|Defiant|KowtowCleave,SuckerPunch,IronHead,Protect|Adamant||F|||50|]Sylveon||FairyFeather|Pixilate|Detect,HyperVoice,HyperBeam,QuickAttack|Modest||M|||50|]Garchomp||LifeOrb|RoughSkin|Earthquake,DragonClaw,StompingTantrum,Protect|Jolly||M|||50|]Charizard||CharizarditeY|Blaze|Protect,HeatWave,SolarBeam,WeatherBall|Modest||M|||50|]Incineroar||SitrusBerry|Intimidate|DarkestLariat,FlareBlitz,FakeOut,PartingShot|Impish||F|||50|
|showteam|p2|Metagross||Metagrossite|ClearBody|Protect,PsychicFangs,IronHead,RockTomb|Jolly|||||50|]Clawitzer||ExpertBelt|MegaLauncher|Protect,WaterPulse,DarkPulse,HealPulse|Quiet||F|||50|]Kommo-o||LifeOrb|Bulletproof|Protect,ClangingScales,AuraSphere,VacuumWave|Modest||F|||50|]Incineroar||SitrusBerry|Intimidate|PartingShot,FlareBlitz,DarkestLariat,FakeOut|Impish||M|||50|]Whimsicott||FocusSash|Prankster|Protect,Moonblast,Encore,Tailwind|Timid||M|||50|]Floette-Eternal||Floettite|FlowerVeil|Protect,Moonblast,DazzlingGleam,LightofRuin|Modest||F|||50|
|
|t:|1784920299
|teamsize|p1|4
|teamsize|p2|4
|start
|switch|p1a: Charizard|Charizard, L50, M|100/100
|switch|p1b: Sylveon|Sylveon, L50, M|100/100
|switch|p2a: Kommo-o|Kommo-o, L50, F|100/100
|switch|p2b: Incineroar|Incineroar, L50, M|100/100
|-ability|p2b: Incineroar|Intimidate|boost
|-unboost|p1a: Charizard|atk|1
|-unboost|p1b: Sylveon|atk|1
|turn|1
|
|t:|1784920337
|switch|p1a: Incineroar|Incineroar, L50, F|100/100
|-ability|p1a: Incineroar|Intimidate|boost
|-unboost|p2a: Kommo-o|atk|1
|-unboost|p2b: Incineroar|atk|1
|move|p2b: Incineroar|Fake Out|p1b: Sylveon
|-damage|p1b: Sylveon|92/100
|move|p2a: Kommo-o|Clanging Scales|p1a: Incineroar|[spread] p1a
|-immune|p1b: Sylveon
|-damage|p1a: Incineroar|54/100
|-unboost|p2a: Kommo-o|def|1
|-damage|p2a: Kommo-o|90/100|[from] item: Life Orb
|cant|p1b: Sylveon|flinch
|
|upkeep
|turn|2
|
|t:|1784920354
|switch|p2a: Metagross|Metagross, L50|100/100
|move|p1a: Incineroar|Fake Out|p2b: Incineroar
|-damage|p2b: Incineroar|91/100
|move|p1b: Sylveon|Hyper Voice|p2b: Incineroar|[spread] p2a,p2b
|-resisted|p2a: Metagross|1
|-damage|p2a: Metagross|71/100
|-damage|p2b: Incineroar|48/100
|-enditem|p2b: Incineroar|Sitrus Berry|[eat]
|-heal|p2b: Incineroar|73/100|[from] item: Sitrus Berry
|cant|p2b: Incineroar|flinch
|
|upkeep
|turn|3
|
|t:|1784920379
|move|p2a: Metagross|Protect|p2a: Metagross
|-singleturn|p2a: Metagross|Protect
|move|p1b: Sylveon|Detect|p1b: Sylveon
|-singleturn|p1b: Sylveon|Protect
|move|p2b: Incineroar|Parting Shot|p1a: Incineroar
|-unboost|p1a: Incineroar|atk|1
|-unboost|p1a: Incineroar|spa|1
|
|t:|1784920386
|switch|p2b: Kommo-o|Kommo-o, L50, F|90/100|[from] Parting Shot
|move|p1a: Incineroar|Parting Shot|p2a: Metagross
|-activate|p2a: Metagross|move: Protect
|
|upkeep
|turn|4
|
|t:|1784920399
|switch|p1b: Charizard|Charizard, L50, M|100/100
|detailschange|p2a: Metagross|Metagross-Mega, L50
|-mega|p2a: Metagross|Metagross|Metagrossite
|move|p2a: Metagross|Iron Head|p1b: Charizard
|-resisted|p1b: Charizard|1
|-damage|p1b: Charizard|67/100
|move|p2b: Kommo-o|Aura Sphere|p1a: Incineroar
|-supereffective|p1a: Incineroar|1
|-damage|p1a: Incineroar|0 fnt
|faint|p1a: Incineroar
|-damage|p2b: Kommo-o|81/100|[from] item: Life Orb
|
|upkeep
|
|t:|1784920448
|switch|p1a: Sylveon|Sylveon, L50, M|92/100
|turn|5
|
|t:|1784920463
|detailschange|p1b: Charizard|Charizard-Mega-Y, L50, M
|-mega|p1b: Charizard|Charizard|Charizardite Y
|-weather|SunnyDay|[from] ability: Drought|[of] p1b: Charizard
|move|p2a: Metagross|Protect|p2a: Metagross
|-singleturn|p2a: Metagross|Protect
|move|p1a: Sylveon|Detect|p1a: Sylveon
|-singleturn|p1a: Sylveon|Protect
|move|p1b: Charizard|Heat Wave|p2a: Metagross|[spread] p2b
|-activate|p2a: Metagross|move: Protect
|-resisted|p2b: Kommo-o|1
|-damage|p2b: Kommo-o|47/100
|move|p2b: Kommo-o|Clanging Scales|p1a: Sylveon|[spread] p1b
|-activate|p1a: Sylveon|move: Protect
|-damage|p1b: Charizard|18/100
|-unboost|p2b: Kommo-o|def|1
|-damage|p2b: Kommo-o|37/100|[from] item: Life Orb
|
|-weather|SunnyDay|[upkeep]
|upkeep
|turn|6
|
|t:|1784920498
|move|p1a: Sylveon|Quick Attack|p2b: Kommo-o
|-supereffective|p2b: Kommo-o|2
|-damage|p2b: Kommo-o|0 fnt
|faint|p2b: Kommo-o
|move|p2a: Metagross|Psychic Fangs|p1b: Charizard
|-damage|p1b: Charizard|0 fnt
|faint|p1b: Charizard
|
|-weather|SunnyDay|[upkeep]
|upkeep
|
|t:|1784920511
|switch|p1b: Kingambit|Kingambit, L50, F|100/100
|switch|p2b: Incineroar|Incineroar, L50, M|73/100
|-ability|p2b: Incineroar|Intimidate|boost
|-unboost|p1a: Sylveon|atk|1
|-unboost|p1b: Kingambit|atk|1
|-ability|p1b: Kingambit|Defiant|boost
|-boost|p1b: Kingambit|atk|2
|turn|7
|
|t:|1784920531
|move|p1a: Sylveon|Detect|p1a: Sylveon
|-singleturn|p1a: Sylveon|Protect
|move|p1b: Kingambit|Protect|p1b: Kingambit
|-singleturn|p1b: Kingambit|Protect
|move|p2b: Incineroar|Fake Out|p1b: Kingambit
|-activate|p1b: Kingambit|move: Protect
|move|p2a: Metagross|Iron Head|p1a: Sylveon
|-activate|p1a: Sylveon|move: Protect
|
|-weather|SunnyDay|[upkeep]
|upkeep
|turn|8
|
|t:|1784920586
|switch|p2a: Whimsicott|Whimsicott, L50, M|100/100
|move|p1b: Kingambit|Sucker Punch||[still]
|-fail|p1b: Kingambit
|move|p1a: Sylveon|Hyper Beam|p2b: Incineroar
|-damage|p2b: Incineroar|0 fnt
|-mustrecharge|p1a: Sylveon
|faint|p2b: Incineroar
|
|-weather|SunnyDay|[upkeep]
|upkeep
|
|t:|1784920594
|switch|p2b: Metagross|Metagross-Mega, L50|71/100
|turn|9
|
|t:|1784920612
|move|p2b: Metagross|Protect|p2b: Metagross
|-singleturn|p2b: Metagross|Protect
|move|p1b: Kingambit|Sucker Punch||[still]
|-fail|p1b: Kingambit
|move|p2a: Whimsicott|Moonblast|p1b: Kingambit
|-damage|p1b: Kingambit|61/100
|cant|p1a: Sylveon|recharge
|
|-weather|none
|upkeep
|turn|10
|
|t:|1784920625
|move|p1b: Kingambit|Sucker Punch|p2b: Metagross
|-supereffective|p2b: Metagross|1
|-damage|p2b: Metagross|0 fnt
|faint|p2b: Metagross
|move|p2a: Whimsicott|Moonblast|p1b: Kingambit
|-damage|p1b: Kingambit|20/100y
|move|p1a: Sylveon|Hyper Voice|p2a: Whimsicott
|-enditem|p2a: Whimsicott|Focus Sash
|-damage|p2a: Whimsicott|1/100
|
|upkeep
|turn|11
|
|t:|1784920637
|move|p1a: Sylveon|Quick Attack|p2a: Whimsicott
|-damage|p2a: Whimsicott|0 fnt
|faint|p2a: Whimsicott
|
|win|bermusinho
