|j|☆sunnysleepy
|j|☆JuanGuerrero09
|html|sunnysleepyJuanGuerrero09    
|uhtml|bestof|Game 1 of a best-of-3
|t:|1756830369
|gametype|doubles
|player|p1|sunnysleepy|169|1000
|player|p2|JuanGuerrero09|102|1059
|gen|9
|tier|[Gen 9] VGC 2025 Reg H (Bo3)
|rated|
|rule|Species Clause: Limit one of each Pokémon
|rule|Item Clause: Limit 1 of each item
|clearpoke
|poke|p1|Sableye, L50, M|
|poke|p1|Slowking-Galar, L50, M|
|poke|p1|Ursaluna, L50, F|
|poke|p1|Amoonguss, L50, M|
|poke|p1|Porygon2, L50|
|poke|p1|Incineroar, L50, F|
|poke|p2|Indeedee, L50, M|
|poke|p2|Tyranitar, L50, F|
|poke|p2|Sneasler, L50, F|
|poke|p2|Incineroar, L50, M|
|poke|p2|Excadrill, L50, F|
|poke|p2|Rillaboom, L50, F|
|teampreview|4
|showteam|p1|Sableye||MentalHerb|Prankster|Disable,FakeOut,Encore,FoulPlay|||M|||50|,,,,,Grass]Slowking-Galar||BlackSludge|Regenerator|TrickRoom,SludgeBomb,Protect,Psychic|||M|||50|,,,,,Poison]Ursaluna||FlameOrb|Guts|HeadlongRush,Protect,Facade,Earthquake|||F|||50|,,,,,Ghost]Amoonguss||RockyHelmet|Regenerator|Spore,RagePowder,SludgeBomb,PollenPuff|||M|||50|,,,,,Water]Porygon2||Eviolite|Download|TeraBlast,Protect,TrickRoom,IceBeam||||||50|,,,,,Stellar]Incineroar||SafetyGoggles|Intimidate|FakeOut,PartingShot,FlareBlitz,KnockOff|||F|||50|,,,,,Water
|showteam|p2|Indeedee||ChoiceScarf|PsychicSurge|ExpandingForce,DazzlingGleam,Trick,TeraBlast|||M|||50|,,,,,Ice]Tyranitar||AssaultVest|SandStream|KnockOff,RockSlide,LowKick,TeraBlast|||F|||50|,,,,,Flying]Sneasler||PsychicSeed|Unburden|Protect,CloseCombat,ThroatChop,DireClaw|||F|||50|,,,,,Flying]Incineroar||SafetyGoggles|Intimidate|FakeOut,KnockOff,FlareBlitz,PartingShot|||M|||50|,,,,,Bug]Excadrill||FocusBand|SandRush|HighHorsepower,IronHead,Earthquake,Protect|||F|||50|,,,,,Ground]Rillaboom||MiracleSeed|GrassySurge|FakeOut,WoodHammer,GrassyGlide,Uturn|||F|||50|,,,,,Fire
|inactive|Battle timer is ON: inactive players will automatically lose when time's up. (requested by sunnysleepy)
|inactive|JuanGuerrero09 has 60 seconds left.
|inactive|JuanGuerrero09 has 30 seconds left.
|
|t:|1756830450
|teamsize|p1|4
|teamsize|p2|4
|start
|switch|p1a: Amoonguss|Amoonguss, L50, M|100/100
|switch|p1b: Slowking|Slowking-Galar, L50, M|100/100
|switch|p2a: Excadrill|Excadrill, L50, F|100/100
|switch|p2b: Tyranitar|Tyranitar, L50, F|100/100
|-weather|Sandstorm|[from] ability: Sand Stream|[of] p2b: Tyranitar
|turn|1
|
|t:|1756830467
|-terastallize|p2b: Tyranitar|Flying
|-terastallize|p1a: Amoonguss|Water
|move|p2a: Excadrill|High Horsepower|p1b: Slowking
|-supereffective|p1b: Slowking
|-damage|p1b: Slowking|0 fnt
|faint|p1b: Slowking
|move|p2b: Tyranitar|Tera Blast|p1a: Amoonguss|[anim] Tera Blast Flying
|-damage|p1a: Amoonguss|53/100
|move|p1a: Amoonguss|Spore|p2b: Tyranitar
|-status|p2b: Tyranitar|slp|[from] move: Spore
|
|-weather|Sandstorm|[upkeep]
|-damage|p2b: Tyranitar|94/100 slp|[from] Sandstorm
|-damage|p1a: Amoonguss|47/100|[from] Sandstorm
|upkeep
|
|t:|1756830482
|switch|p1b: Porygon2|Porygon2, L50|100/100
|-ability|p1b: Porygon2|Download|boost
|-boost|p1b: Porygon2|atk|1
|turn|2
|
|t:|1756830496
|move|p2a: Excadrill|Earthquake|p1a: Amoonguss|[spread] p1a,p1b
|-immune|p2b: Tyranitar
|-damage|p1a: Amoonguss|11/100
|-damage|p1b: Porygon2|75/100
|cant|p2b: Tyranitar|slp
|move|p1a: Amoonguss|Spore|p2a: Excadrill
|-status|p2a: Excadrill|slp|[from] move: Spore
|move|p1b: Porygon2|Trick Room|p1b: Porygon2
|-fieldstart|move: Trick Room|[of] p1b: Porygon2
|
|-weather|Sandstorm|[upkeep]
|-damage|p1a: Amoonguss|5/100|[from] Sandstorm
|-damage|p1b: Porygon2|70/100|[from] Sandstorm
|-damage|p2b: Tyranitar|88/100 slp|[from] Sandstorm
|upkeep
|turn|3
|
|t:|1756830511
|switch|p1a: Ursaluna|Ursaluna, L50, F|100/100
|cant|p2a: Excadrill|slp
|move|p1b: Porygon2|Ice Beam|p2b: Tyranitar
|-supereffective|p2b: Tyranitar
|-damage|p2b: Tyranitar|62/100 slp
|-curestatus|p2b: Tyranitar|slp|[msg]
|move|p2b: Tyranitar|Low Kick|p1b: Porygon2
|-supereffective|p1b: Porygon2
|-damage|p1b: Porygon2|38/100
|
|-weather|Sandstorm|[upkeep]
|-damage|p1b: Porygon2|32/100|[from] Sandstorm
|-damage|p2b: Tyranitar|56/100|[from] Sandstorm
|-status|p1a: Ursaluna|brn|[from] item: Flame Orb
|upkeep
|turn|4
|
|t:|1756830531
|switch|p1b: Amoonguss|Amoonguss, L50, M, tera:Water|39/100
|move|p1a: Ursaluna|Facade|p2b: Tyranitar
|-crit|p2b: Tyranitar
|-damage|p2b: Tyranitar|0 fnt
|faint|p2b: Tyranitar
|cant|p2a: Excadrill|slp
|
|-weather|Sandstorm|[upkeep]
|-damage|p1b: Amoonguss|33/100|[from] Sandstorm
|-damage|p1a: Ursaluna|95/100 brn|[from] brn
|upkeep
|
|t:|1756830542
|switch|p2b: Samba|Rillaboom, L50, F, shiny|100/100
|-fieldstart|move: Grassy Terrain|[from] ability: Grassy Surge|[of] p2b: Samba
|turn|5
|
|t:|1756830554
|switch|p1a: Porygon2|Porygon2, L50|32/100
|-ability|p1a: Porygon2|Download|boost
|-boost|p1a: Porygon2|spa|1
|move|p2b: Samba|Fake Out|p1a: Porygon2
|-damage|p1a: Porygon2|22/100
|move|p1b: Amoonguss|Pollen Puff|p1a: Porygon2
|-heal|p1a: Porygon2|72/100
|-curestatus|p2a: Excadrill|slp|[msg]
|move|p2a: Excadrill|Iron Head|p1b: Amoonguss
|-resisted|p1b: Amoonguss
|-damage|p1b: Amoonguss|12/100
|-damage|p2a: Excadrill|84/100|[from] item: Rocky Helmet|[of] p1b: Amoonguss
|
|-weather|none
|-heal|p1b: Amoonguss|18/100|[from] Grassy Terrain
|-heal|p1a: Porygon2|77/100|[from] Grassy Terrain
|-heal|p2a: Excadrill|90/100|[from] Grassy Terrain
|upkeep
|turn|6
|
|t:|1756830578
|move|p2b: Samba|Grassy Glide|p1b: Amoonguss
|-supereffective|p1b: Amoonguss
|-damage|p1b: Amoonguss|0 fnt
|-damage|p2b: Samba|84/100|[from] item: Rocky Helmet|[of] p1b: Amoonguss
|faint|p1b: Amoonguss
|move|p1a: Porygon2|Ice Beam|p2b: Samba
|-supereffective|p2b: Samba
|-damage|p2b: Samba|17/100
|move|p2a: Excadrill|High Horsepower|p1a: Porygon2
|-damage|p1a: Porygon2|39/100
|
|-heal|p1a: Porygon2|45/100|[from] Grassy Terrain
|-heal|p2b: Samba|23/100|[from] Grassy Terrain
|-heal|p2a: Excadrill|96/100|[from] Grassy Terrain
|-fieldend|move: Trick Room
|upkeep
|
|t:|1756830582
|switch|p1b: Ursaluna|Ursaluna, L50, F|95/100 brn
|turn|7
|
|t:|1756830603
|move|p1b: Ursaluna|Protect|p1b: Ursaluna
|-singleturn|p1b: Ursaluna|Protect
|move|p2a: Excadrill|High Horsepower|p1a: Porygon2
|-damage|p1a: Porygon2|10/100
|move|p2b: Samba|Wood Hammer|p1b: Ursaluna
|-activate|p1b: Ursaluna|move: Protect
|move|p1a: Porygon2|Trick Room|p1a: Porygon2
|-fieldstart|move: Trick Room|[of] p1a: Porygon2
|
|-heal|p1b: Ursaluna|100/100 brn|[from] Grassy Terrain
|-heal|p1a: Porygon2|16/100|[from] Grassy Terrain
|-heal|p2b: Samba|29/100|[from] Grassy Terrain
|-heal|p2a: Excadrill|100/100|[from] Grassy Terrain
|-damage|p1b: Ursaluna|95/100 brn|[from] brn
|upkeep
|turn|8
|
|t:|1756830624
|move|p1a: Porygon2|Protect|p1a: Porygon2
|-singleturn|p1a: Porygon2|Protect
|move|p2a: Excadrill|Protect|p2a: Excadrill
|-singleturn|p2a: Excadrill|Protect
|move|p2b: Samba|Grassy Glide|p1a: Porygon2
|-activate|p1a: Porygon2|move: Protect
|move|p1b: Ursaluna|Earthquake|p2b: Samba|[spread] p2b
|-activate|p1a: Porygon2|move: Protect
|-activate|p2a: Excadrill|move: Protect
|-resisted|p2b: Samba
|-damage|p2b: Samba|15/100
|
|-heal|p1b: Ursaluna|100/100 brn|[from] Grassy Terrain
|-heal|p1a: Porygon2|21/100|[from] Grassy Terrain
|-heal|p2b: Samba|20/100|[from] Grassy Terrain
|-damage|p1b: Ursaluna|95/100 brn|[from] brn
|upkeep
|turn|9
|inactive|sunnysleepy has 30 seconds left.
|
|t:|1756830650
|move|p1b: Ursaluna|Headlong Rush|p2a: Excadrill
|-supereffective|p2a: Excadrill
|-damage|p2a: Excadrill|0 fnt
|-unboost|p1b: Ursaluna|def|1
|-unboost|p1b: Ursaluna|spd|1
|faint|p2a: Excadrill
|move|p1a: Porygon2|Ice Beam|p2b: Samba
|-supereffective|p2b: Samba
|-damage|p2b: Samba|0 fnt
|faint|p2b: Samba
|
|-heal|p1b: Ursaluna|100/100 brn|[from] Grassy Terrain
|-heal|p1a: Porygon2|27/100|[from] Grassy Terrain
|-damage|p1b: Ursaluna|95/100 brn|[from] brn
|-fieldend|move: Grassy Terrain
|upkeep
|
|t:|1756830665
|switch|p2a: Indeedee|Indeedee, L50, M|100/100
|-fieldstart|move: Psychic Terrain|[from] ability: Psychic Surge|[of] p2a: Indeedee
|turn|10
|
|t:|1756830673
|move|p1b: Ursaluna|Facade|p2a: Indeedee
|-damage|p2a: Indeedee|0 fnt
|faint|p2a: Indeedee
|
|win|sunnysleepy
