|j|☆YungDungBeetle
|j|☆iveseenfootage99
|html|YungDungBeetleiveseenfootage99    
|uhtml|bestof|Game 1 of a best-of-3
|t:|1756755242
|gametype|doubles
|player|p1|YungDungBeetle|n|1050
|player|p2|iveseenfootage99|alder|1000
|gen|9
|tier|[Gen 9] VGC 2025 Reg H (Bo3)
|rated|
|rule|Species Clause: Limit one of each Pokémon
|rule|Item Clause: Limit 1 of each item
|clearpoke
|poke|p1|Rillaboom, L50, F|
|poke|p1|Baxcalibur, L50, M|
|poke|p1|Volcarona, L50, M|
|poke|p1|Annihilape, L50, M|
|poke|p1|Tyranitar, L50, F|
|poke|p1|Corviknight, L50, F|
|poke|p2|Annihilape, L50, M|
|poke|p2|Maushold-Four, L50|
|poke|p2|Archaludon, L50, M|
|poke|p2|Pelipper, L50, M|
|poke|p2|Basculegion, L50, M|
|poke|p2|Palafin, L50, F|
|teampreview|4
|showteam|p1|Rillaboom||AssaultVest|GrassySurge|WoodHammer,GrassyGlide,HighHorsepower,FakeOut|||F|||50|,,,,,Fire]Baxcalibur||LoadedDice|ThermalExchange|ScaleShot,IcicleSpear,IceShard,Protect|||M|||50|,,,,,Ghost]Volcarona||GrassySeed|FlameBody|HeatWave,QuiverDance,Protect,GigaDrain|||M|||50|,,,,,Grass]Annihilape||FocusSash|Defiant|CloseCombat,RageFist,Coaching,Protect|||M|||50|,,,,,Water]Tyranitar||ClearAmulet|SandStream|RockSlide,KnockOff,Protect,HighHorsepower|||F|||50|,,,,,Flying]Corviknight||SitrusBerry|MirrorArmor|BulkUp,BodyPress,Tailwind,BraveBird|||F|||50|,,,,,Dragon
|showteam|p2|Annihilape||Leftovers|Defiant|RageFist,Protect,DrainPunch,BulkUp|||M|||50|,,,,,Fire]Maushold-Four||SafetyGoggles|FriendGuard|FollowMe,BeatUp,Protect,Taunt||||||50|,,,,,Dark]Archaludon||AssaultVest|Stamina|ElectroShot,FlashCannon,DracoMeteor,BodyPress|||M|||50|,,,,,Grass]Pelipper||FocusSash|Drizzle|WeatherBall,Tailwind,Hurricane,WideGuard|||M|||50|,,,,,Ghost]Basculegion||ChoiceBand|SwiftSwim|LastRespects,WaveCrash,AquaJet,FlipTurn|||M|||50|,,,,,Water]Palafin||ChoiceScarf|ZerotoHero|JetPunch,WaveCrash,CloseCombat,ThroatChop|||F|||50|,,,,,Water
|inactive|Battle timer is ON: inactive players will automatically lose when time's up. (requested by YungDungBeetle)
|inactive|YungDungBeetle has 60 seconds left.
|inactive|YungDungBeetle has 30 seconds left.
|
|t:|1756755309
|teamsize|p1|4
|teamsize|p2|4
|start
|switch|p1a: Tyranitar|Tyranitar, L50, F|100/100
|switch|p1b: Annihilape|Annihilape, L50, M|100/100
|switch|p2a: Annihilape|Annihilape, L50, M|100/100
|switch|p2b: Maushold|Maushold-Four, L50|100/100
|-weather|Sandstorm|[from] ability: Sand Stream|[of] p1a: Tyranitar
|turn|1
|
|t:|1756755325
|-terastallize|p1a: Tyranitar|Flying
|move|p2a: Annihilape|Protect|p2a: Annihilape
|-singleturn|p2a: Annihilape|Protect
|move|p2b: Maushold|Taunt|p1b: Annihilape
|-start|p1b: Annihilape|move: Taunt
|cant|p1b: Annihilape|move: Taunt|Coaching
|move|p1a: Tyranitar|Knock Off|p2a: Annihilape
|-activate|p2a: Annihilape|move: Protect
|
|-weather|Sandstorm|[upkeep]
|-damage|p1b: Annihilape|95/100|[from] Sandstorm
|-damage|p2a: Annihilape|95/100|[from] Sandstorm
|-damage|p1a: Tyranitar|95/100|[from] Sandstorm
|-heal|p2a: Annihilape|100/100|[from] item: Leftovers
|upkeep
|turn|2
|
|t:|1756755338
|switch|p2a: Pelipper|Pelipper, L50, M|100/100
|-weather|RainDance|[from] ability: Drizzle|[of] p2a: Pelipper
|move|p2b: Maushold|Protect|p2b: Maushold
|-singleturn|p2b: Maushold|Protect
|move|p1b: Annihilape|Close Combat|p2b: Maushold
|-activate|p2b: Maushold|move: Protect
|move|p1a: Tyranitar|Knock Off|p2a: Pelipper
|-damage|p2a: Pelipper|42/100
|-enditem|p2a: Pelipper|Focus Sash|[from] move: Knock Off|[of] p1a: Tyranitar
|
|-weather|RainDance|[upkeep]
|upkeep
|turn|3
|inactive|iveseenfootage99 has 30 seconds left.
|inactive|iveseenfootage99 has 20 seconds left.
|
|t:|1756755374
|switch|p2b: Basculegion|Basculegion, L50, M|100/100
|move|p1b: Annihilape|Close Combat|p2b: Basculegion
|-immune|p2b: Basculegion
|move|p2a: Pelipper|Tailwind|p2a: Pelipper
|-sidestart|p2: iveseenfootage99|move: Tailwind
|move|p1a: Tyranitar|Rock Slide|p2a: Pelipper|[spread] p2a,p2b
|-supereffective|p2a: Pelipper
|-damage|p2a: Pelipper|0 fnt
|-damage|p2b: Basculegion|57/100
|faint|p2a: Pelipper
|
|-weather|RainDance|[upkeep]
|-end|p1b: Annihilape|move: Taunt
|upkeep
|
|t:|1756755385
|switch|p2a: Maushold|Maushold-Four, L50|100/100
|turn|4
|
|t:|1756755396
|switch|p1a: McKnight|Corviknight, L50, F|100/100
|move|p2a: Maushold|Follow Me|p2a: Maushold
|-singleturn|p2a: Maushold|move: Follow Me
|move|p2b: Basculegion|Wave Crash|p1b: Annihilape
|-damage|p1b: Annihilape|0 fnt
|faint|p1b: Annihilape
|-damage|p2b: Basculegion|28/100|[from] Recoil
|
|-weather|RainDance|[upkeep]
|upkeep
|
|t:|1756755404
|switch|p1b: Rillaboom|Rillaboom, L50, F|100/100
|-fieldstart|move: Grassy Terrain|[from] ability: Grassy Surge|[of] p1b: Rillaboom
|turn|5
|
|t:|1756755413
|move|p2a: Maushold|Protect|p2a: Maushold
|-singleturn|p2a: Maushold|Protect
|move|p1b: Rillaboom|Fake Out|p2a: Maushold
|-activate|p2a: Maushold|move: Protect
|move|p2b: Basculegion|Wave Crash|p1a: McKnight
|-damage|p1a: McKnight|0 fnt
|faint|p1a: McKnight
|-damage|p2b: Basculegion|0 fnt|[from] Recoil
|faint|p2b: Basculegion
|
|-weather|RainDance|[upkeep]
|upkeep
|
|t:|1756755423
|switch|p2b: Annihilape|Annihilape, L50, M|100/100
|switch|p1a: Tyranitar|Tyranitar, L50, F, tera:Flying|95/100
|-weather|Sandstorm|[from] ability: Sand Stream|[of] p1a: Tyranitar
|turn|6
|inactive|iveseenfootage99 has 30 seconds left.
|
|t:|1756755452
|-terastallize|p2b: Annihilape|Fire
|move|p2a: Maushold|Follow Me|p2a: Maushold
|-singleturn|p2a: Maushold|move: Follow Me
|move|p2b: Annihilape|Rage Fist|p1a: Tyranitar
|-damage|p1a: Tyranitar|75/100
|move|p1b: Rillaboom|Wood Hammer|p2a: Maushold
|-damage|p2a: Maushold|0 fnt
|faint|p2a: Maushold
|-damage|p1b: Rillaboom|69/100|[from] Recoil
|move|p1a: Tyranitar|Knock Off|p2b: Annihilape
|-damage|p2b: Annihilape|45/100
|-enditem|p2b: Annihilape|Leftovers|[from] move: Knock Off|[of] p1a: Tyranitar
|
|-weather|Sandstorm|[upkeep]
|-damage|p2b: Annihilape|39/100|[from] Sandstorm
|-damage|p1b: Rillaboom|63/100|[from] Sandstorm
|-damage|p1a: Tyranitar|70/100|[from] Sandstorm
|-heal|p2b: Annihilape|45/100|[from] Grassy Terrain
|-heal|p1b: Rillaboom|69/100|[from] Grassy Terrain
|-sideend|p2: iveseenfootage99|move: Tailwind
|upkeep
|turn|7
|
|t:|1756755466
|move|p1b: Rillaboom|High Horsepower|p2b: Annihilape
|-supereffective|p2b: Annihilape
|-damage|p2b: Annihilape|0 fnt
|faint|p2b: Annihilape
|
|win|YungDungBeetle
||iveseenfootage99 is ready for game 2.
|inactive|YungDungBeetle has 30 seconds to confirm battle start!
||YungDungBeetle is ready for game 2.
|uhtml|next|Next: Game 2 of 3
|l|☆iveseenfootage99
|player|p2|
