|j|☆masterninjas
|j|☆AbAntiTPO
|html|masterninjasAbAntiTPO    
|uhtml|bestof|Game 2 of a best-of-3
|t:|1782579136
|gametype|doubles
|player|p1|masterninjas|colress|1062
|player|p2|AbAntiTPO|juan|1098
|gen|9
|tier|[Gen 9 Champions] VGC 2026 Reg M-B (Bo3)
|rated|
|rule|Species Clause: Limit one of each Pokémon
|rule|Item Clause: Limit 1 of each item
|clearpoke
|poke|p1|Eelektross, L50, M|
|poke|p1|Clefable, L50, M|
|poke|p1|Dragalge, L50, F|
|poke|p1|Grimmsnarl, L50, M|
|poke|p1|Gholdengo, L50|
|poke|p1|Rotom-Wash, L50|
|poke|p2|Swampert, L50, F|
|poke|p2|Pelipper, L50, M|
|poke|p2|Archaludon, L50, M|
|poke|p2|Sinistcha, L50|
|poke|p2|Maushold-Four, L50|
|poke|p2|Gholdengo, L50|
|teampreview|4
|showteam|p1|Eelektross||Eelektrossite|Levitate|Discharge,Flamethrower,DragonPulse,Protect|Timid||M|||50|]Clefable||SitrusBerry|Unaware|FollowMe,HealPulse,Moonblast,Protect|Calm||M|||50|]Dragalge||Dragalgite|Adaptability|SludgeBomb,DracoMeteor,FlipTurn,Haze|Modest||F|||50|]Grimmsnarl||LightClay|Prankster|Taunt,Reflect,SuckerPunch,Protect|Careful||M|||50|]Gholdengo||LifeOrb|GoodasGold|ShadowBall,MakeItRain,NastyPlot,Protect|Timid|||||50|]Rotom-Wash||Leftovers|Levitate|WillOWisp,HydroPump,VoltSwitch,Protect|Timid|||||50|
|showteam|p2|Swampert||Swampertite|Torrent|WaveCrash,HighHorsepower,IcePunch,Protect|Adamant||F|||50|]Pelipper||SitrusBerry|Drizzle|WeatherBall,Hurricane,Tailwind,WideGuard|Modest||M|||50|]Archaludon||Leftovers|Stamina|ElectroShot,DragonPulse,FlashCannon,Protect|Calm||M|||50|]Sinistcha||KasibBerry|Hospitality|RagePowder,MatchaGotcha,TrickRoom,Protect|Bold|||||50|]Maushold-Four||FocusSash|FriendGuard|FollowMe,SuperFang,RainDance,Protect|Timid|||||50|]Gholdengo||LifeOrb|GoodasGold|MakeItRain,ShadowBall,NastyPlot,Protect|Modest|||||50|
|inactive|Battle timer is ON: inactive players will automatically lose when time's up. (requested by masterninjas)
|
|t:|1782579149
|teamsize|p1|4
|teamsize|p2|4
|start
|switch|p1a: Dragalge|Dragalge, L50, F|100/100
|switch|p1b: Gholdengo|Gholdengo, L50|100/100
|switch|p2a: Swampert|Swampert, L50, F|100/100
|switch|p2b: Maushold|Maushold-Four, L50|100/100
|turn|1
|
|t:|1782579165
|switch|p1b: Rotom|Rotom-Wash, L50|100/100
|detailschange|p2a: Swampert|Swampert-Mega, L50, F
|-mega|p2a: Swampert|Swampert|Swampertite
|move|p2b: Maushold|Rain Dance|p2b: Maushold
|-weather|RainDance
|move|p2a: Swampert|High Horsepower|p1b: Rotom
|-immune|p1b: Rotom|[from] ability: Levitate
|move|p1a: Dragalge|Draco Meteor|p2a: Swampert
|-damage|p2a: Swampert|45/100
|-unboost|p1a: Dragalge|spa|2
|
|-weather|RainDance|[upkeep]
|upkeep
|turn|2
|inactive|masterninjas has 30 seconds left.
|
|t:|1782579196
|detailschange|p1a: Dragalge|Dragalge-Mega, L50, F
|-mega|p1a: Dragalge|Dragalge|Dragalgite
|move|p2b: Maushold|Follow Me|p2b: Maushold
|-singleturn|p2b: Maushold|move: Follow Me
|move|p2a: Swampert|High Horsepower|p1a: Dragalge
|-supereffective|p1a: Dragalge|1
|-damage|p1a: Dragalge|0 fnt
|faint|p1a: Dragalge
|move|p1b: Rotom|Will-O-Wisp|p2b: Maushold
|-status|p2b: Maushold|brn
|
|-weather|RainDance|[upkeep]
|-damage|p2b: Maushold|93/100 brn|[from] brn
|upkeep
|
|t:|1782579205
|switch|p1a: Clefable|Clefable, L50, M|100/100
|turn|3
|
|t:|1782579216
|move|p2a: Swampert|Protect|p2a: Swampert
|-singleturn|p2a: Swampert|Protect
|move|p2b: Maushold|Super Fang|p1b: Rotom
|-damage|p1b: Rotom|50/100g
|move|p1b: Rotom|Hydro Pump|p2b: Maushold
|-damage|p2b: Maushold|4/100 brn
|move|p1a: Clefable|Moonblast|p2a: Swampert
|-activate|p2a: Swampert|move: Protect
|
|-weather|RainDance|[upkeep]
|-heal|p1b: Rotom|55/100|[from] item: Leftovers
|-damage|p2b: Maushold|0 fnt|[from] brn
|faint|p2b: Maushold
|upkeep
|
|t:|1782579224
|switch|p2b: Gholdengo|Gholdengo, L50|100/100
|turn|4
|
|t:|1782579233
|switch|p2a: Pelipper|Pelipper, L50, M|100/100
|move|p1a: Clefable|Follow Me|p1a: Clefable
|-singleturn|p1a: Clefable|move: Follow Me
|move|p1b: Rotom|Will-O-Wisp|p2a: Pelipper
|-status|p2a: Pelipper|brn
|move|p2b: Gholdengo|Nasty Plot|p2b: Gholdengo
|-boost|p2b: Gholdengo|spa|2
|
|-weather|RainDance|[upkeep]
|-heal|p1b: Rotom|61/100|[from] item: Leftovers
|-damage|p2a: Pelipper|94/100 brn|[from] brn
|upkeep
|turn|5
|
|t:|1782579251
|switch|p2a: Swampert|Swampert-Mega, L50, F|45/100
|move|p1a: Clefable|Protect|p1a: Clefable
|-singleturn|p1a: Clefable|Protect
|move|p1b: Rotom|Volt Switch|p2a: Swampert
|-immune|p2a: Swampert
|move|p2b: Gholdengo|Shadow Ball|p1b: Rotom
|-damage|p1b: Rotom|0 fnt
|faint|p1b: Rotom
|-damage|p2b: Gholdengo|90/100|[from] item: Life Orb
|
|-weather|none
|upkeep
|
|t:|1782579254
|switch|p1b: Gholdengo|Gholdengo, L50|100/100
|turn|6
|inactive|AbAntiTPO has 30 seconds left.
|
|t:|1782579284
|switch|p2b: Pelipper|Pelipper, L50, M|94/100 brn
|-weather|RainDance|[from] ability: Drizzle|[of] p2b: Pelipper
|move|p1a: Clefable|Follow Me|p1a: Clefable
|-singleturn|p1a: Clefable|move: Follow Me
|move|p2a: Swampert|Wave Crash|p1a: Clefable
|-damage|p1a: Clefable|0 fnt
|faint|p1a: Clefable
|-damage|p2a: Swampert|9/100|[from] Recoil
|move|p1b: Gholdengo|Nasty Plot|p1b: Gholdengo
|-boost|p1b: Gholdengo|spa|2
|
|-weather|RainDance|[upkeep]
|-damage|p2b: Pelipper|88/100 brn|[from] brn
|upkeep
|turn|7
|
|t:|1782579297
|move|p2a: Swampert|High Horsepower|p1b: Gholdengo
|-supereffective|p1b: Gholdengo|1
|-damage|p1b: Gholdengo|0 fnt
|faint|p1b: Gholdengo
|
|win|AbAntiTPO
|l|☆masterninjas
|player|p1|
||AbAntiTPO is ready for game 3.
||masterninjas is ready for game 3.
|uhtml|next|Next: Game 3 of 3
