|j|☆Advertisementish
|j|☆lox1sm
|html|Advertisementishlox1sm    
|uhtml|bestof|Game 2 of a best-of-3
|t:|1782479439
|gametype|doubles
|player|p1|Advertisementish|ghetsis|1287
|player|p2|lox1sm|veteran|1172
|gen|9
|tier|[Gen 9 Champions] VGC 2026 Reg M-B (Bo3)
|rated|
|rule|Species Clause: Limit one of each Pokémon
|rule|Item Clause: Limit 1 of each item
|clearpoke
|poke|p1|Sneasler, L50, F|
|poke|p1|Incineroar, L50, M|
|poke|p1|Kingambit, L50, F|
|poke|p1|Palafin, L50, F|
|poke|p1|Floette-Eternal, L50, F|
|poke|p1|Talonflame, L50, M|
|poke|p2|Charizard, L50, M|
|poke|p2|Metagross, L50|
|poke|p2|Aerodactyl, L50, M|
|poke|p2|Garchomp, L50, F|
|poke|p2|Kingambit, L50, M|
|poke|p2|Farigiraf, L50, M|
|teampreview|4
|showteam|p1|Sneasler||FocusSash|PoisonTouch|FakeOut,CloseCombat,DireClaw,Protect|Jolly||F|||50|]Incineroar||SitrusBerry|Intimidate|FakeOut,FlareBlitz,HelpingHand,PartingShot|Impish||M|||50|]Kingambit||BlackGlasses|Defiant|KowtowCleave,SuckerPunch,SwordsDance,Protect|Adamant||F|||50|]Palafin||Leftovers|ZerotoHero|Protect,BulkUp,JetPunch,WaveCrash|Adamant||F|||50|]Floette-Eternal||Floettite|FlowerVeil|DazzlingGleam,DrainingKiss,CalmMind,Protect|Modest||F|||50|]Talonflame||SharpBeak|GaleWings|DualWingbeat,Tailwind,WillOWisp,Protect|Jolly||M|||50|
|showteam|p2|Charizard||CharizarditeY|Blaze|HeatWave,WeatherBall,SolarBeam,Protect|Modest||M|||50|]Metagross||Metagrossite|ClearBody|IronHead,PsychicFangs,StompingTantrum,Protect|Jolly|||||50|]Aerodactyl||SitrusBerry|Unnerve|RockSlide,DualWingbeat,IceFang,Tailwind|Jolly||M|||50|]Garchomp||LifeOrb|RoughSkin|DragonClaw,Earthquake,RockSlide,Protect|Jolly||F|||50|]Kingambit||FocusSash|Defiant|KowtowCleave,SuckerPunch,IronHead,LowKick|Adamant||M|||50|]Farigiraf||ExpertBelt|ArmorTail|Psychic,DazzlingGleam,Thunderbolt,TrickRoom|Modest||M|||50|
|inactive|Battle timer is ON: inactive players will automatically lose when time's up. (requested by Advertisementish)
|inactive|lox1sm has 60 seconds left.
|
|t:|1782479489
|teamsize|p1|4
|teamsize|p2|4
|start
|switch|p1a: Kingambit|Kingambit, L50, F|100/100
|switch|p1b: Palafin|Palafin, L50, F|100/100
|switch|p2a: Aerodactyl|Aerodactyl, L50, M|100/100
|switch|p2b: Charizard|Charizard, L50, M|100/100
|-ability|p2a: Aerodactyl|Unnerve
|turn|1
|
|t:|1782479513
|detailschange|p1b: Palafin|Palafin-Hero, L50, F
|switch|p1b: Sneasler|Sneasler, L50, F|100/100
|detailschange|p2b: Charizard|Charizard-Mega-Y, L50, M
|-mega|p2b: Charizard|Charizard|Charizardite Y
|-weather|SunnyDay|[from] ability: Drought|[of] p2b: Charizard
|move|p1a: Kingambit|Protect|p1a: Kingambit
|-singleturn|p1a: Kingambit|Protect
|move|p2a: Aerodactyl|Rock Slide|p1b: Sneasler|[spread] p1b
|-activate|p1a: Kingambit|move: Protect
|-resisted|p1b: Sneasler|1
|-damage|p1b: Sneasler|80/100
|move|p2b: Charizard|Heat Wave|p1a: Kingambit|[spread] p1b
|-activate|p1a: Kingambit|move: Protect
|-damage|p1b: Sneasler|0 fnt
|faint|p1b: Sneasler
|
|-weather|SunnyDay|[upkeep]
|upkeep
|
|t:|1782479518
|switch|p1b: Palafin|Palafin-Hero, L50, F|100/100
|-activate|p1b: Palafin|ability: Zero to Hero
|turn|2
|inactive|lox1sm has 30 seconds left.
|
|t:|1782479552
|switch|p2a: Farigiraf|Farigiraf, L50, M|100/100
|move|p1b: Palafin|Jet Punch||[still]
|cant|p2a: Farigiraf|ability: Armor Tail|Jet Punch|[of] p1b: Palafin
|move|p1a: Kingambit|Sucker Punch||[still]
|cant|p2a: Farigiraf|ability: Armor Tail|Sucker Punch|[of] p1a: Kingambit
|move|p2b: Charizard|Weather Ball|p1a: Kingambit
|-supereffective|p1a: Kingambit|1
|-damage|p1a: Kingambit|0 fnt
|faint|p1a: Kingambit
|
|-weather|SunnyDay|[upkeep]
|upkeep
|
|t:|1782479555
|switch|p1a: Floette|Floette-Eternal, L50, F|100/100
|turn|3
|inactive|lox1sm has 30 seconds left.
|
|t:|1782479588
|detailschange|p1a: Floette|Floette-Mega, L50, F
|-mega|p1a: Floette|Floette|Floettite
|-ability|p1a: Floette|Fairy Aura
|move|p1a: Floette|Calm Mind|p1a: Floette
|-boost|p1a: Floette|spa|1
|-boost|p1a: Floette|spd|1
|move|p2b: Charizard|Weather Ball|p1a: Floette
|-damage|p1a: Floette|54/100
|move|p1b: Palafin|Wave Crash|p2b: Charizard
|-supereffective|p2b: Charizard|1
|-damage|p2b: Charizard|8/100
|-damage|p1b: Palafin|74/100|[from] Recoil
|move|p2a: Farigiraf|Thunderbolt|p1b: Palafin
|-supereffective|p1b: Palafin|1
|-damage|p1b: Palafin|5/100
|
|-weather|SunnyDay|[upkeep]
|-heal|p1b: Palafin|11/100|[from] item: Leftovers
|upkeep
|turn|4
|inactive|lox1sm has 30 seconds left.
|
|t:|1782479617
|switch|p2a: Kingambit|Kingambit, L50, M|100/100
|move|p1b: Palafin|Protect|p1b: Palafin
|-singleturn|p1b: Palafin|Protect
|move|p1a: Floette|Dazzling Gleam|p2a: Kingambit|[spread] p2a,p2b
|-resisted|p2b: Charizard|1
|-damage|p2a: Kingambit|20/100y
|-damage|p2b: Charizard|0 fnt
|faint|p2b: Charizard
|
|-weather|SunnyDay|[upkeep]
|-heal|p1b: Palafin|17/100|[from] item: Leftovers
|upkeep
|inactive|lox1sm has 30 seconds left.
|
|t:|1782479648
|switch|p2b: Farigiraf|Farigiraf, L50, M|100/100
|turn|5
|inactive|lox1sm has 30 seconds left.
|
|t:|1782479674
|move|p2a: Kingambit|Sucker Punch||[still]
|-fail|p2a: Kingambit
|move|p1a: Floette|Dazzling Gleam|p2b: Farigiraf|[spread] p2a,p2b
|-damage|p2a: Kingambit|0 fnt
|-damage|p2b: Farigiraf|28/100
|faint|p2a: Kingambit
|move|p1b: Palafin|Bulk Up|p1b: Palafin
|-boost|p1b: Palafin|atk|1
|-boost|p1b: Palafin|def|1
|move|p2b: Farigiraf|Trick Room|p2b: Farigiraf
|-fieldstart|move: Trick Room|[of] p2b: Farigiraf
|
|-weather|none
|-heal|p1b: Palafin|23/100|[from] item: Leftovers
|upkeep
|
|t:|1782479685
|switch|p2a: Aerodactyl|Aerodactyl, L50, M|100/100
|-ability|p2a: Aerodactyl|Unnerve
|turn|6
|
|t:|1782479699
|move|p1b: Palafin|Protect|p1b: Palafin
|-singleturn|p1b: Palafin|Protect
|move|p2b: Farigiraf|Thunderbolt|p1b: Palafin
|-activate|p1b: Palafin|move: Protect
|move|p1a: Floette|Dazzling Gleam|p2a: Aerodactyl|[spread] p2a,p2b
|-damage|p2a: Aerodactyl|18/100
|-damage|p2b: Farigiraf|0 fnt
|-enditem|p2a: Aerodactyl|Sitrus Berry|[eat]
|-heal|p2a: Aerodactyl|43/100|[from] item: Sitrus Berry
|faint|p2b: Farigiraf
|move|p2a: Aerodactyl|Rock Slide|p1b: Palafin|[spread] p1a
|-activate|p1b: Palafin|move: Protect
|-damage|p1a: Floette|35/100
|
|-heal|p1b: Palafin|28/100|[from] item: Leftovers
|upkeep
|turn|7
|-message|lox1sm forfeited.
|
|win|Advertisementish
||lox1sm is ready for game 3.
||Advertisementish is ready for game 3.
|uhtml|next|Next: Game 3 of 3
|l|☆Advertisementish
|player|p1|
