|j|☆wyatvgc
|j|☆STL Donductor
|html|wyatvgcSTL Donductor    
|uhtml|bestof|Game 2 of a best-of-3
|t:|1756513474
|gametype|doubles
|player|p1|wyatvgc|may-rs|1123
|player|p2|STL Donductor|hilbert|1251
|gen|9
|tier|[Gen 9] VGC 2025 Reg H (Bo3)
|rated|
|rule|Species Clause: Limit one of each Pokémon
|rule|Item Clause: Limit 1 of each item
|clearpoke
|poke|p1|Garchomp, L50, M|
|poke|p1|Jumpluff, L50, F|
|poke|p1|Torkoal, L50, M|
|poke|p1|Dragonite, L50, F|
|poke|p1|Kingambit, L50, M|
|poke|p1|Typhlosion-Hisui, L50, F|
|poke|p2|Weezing-Galar, L50, M|
|poke|p2|Toedscruel, L50, F|
|poke|p2|Kilowattrel, L50, M|
|poke|p2|Garchomp, L50, F|
|poke|p2|Corviknight, L50, M|
|poke|p2|Typhlosion-Hisui, L50, F|
|teampreview|4
|showteam|p1|Garchomp||LifeOrb|RoughSkin|DragonClaw,StompingTantrum,Earthquake,Protect|||M|||50|,,,,,Fire]Jumpluff||CovertCloak|Chlorophyll|LeafStorm,SleepPowder,Encore,Tailwind|||F|||50|,,,,,Poison]Torkoal||EjectPack|Drought|Overheat,BurningJealousy,HelpingHand,Protect|||M|||50|,,,,,Flying]Dragonite||LoadedDice|Multiscale|ScaleShot,ExtremeSpeed,IceSpinner,Protect|||F|||50|,,,,,Fairy]Kingambit||AssaultVest|Defiant|IronHead,SuckerPunch,Assurance,LowKick|||M|||50|,,,,,Flying]Typhlosion-Hisui||ChoiceSpecs|Blaze|Eruption,ShadowBall,HeatWave,Overheat|||F|||50|,,,,,Fire
|showteam|p2|Weezing-Galar||ChoiceSpecs|NeutralizingGas|StrangeSteam,SludgeBomb,DazzlingGleam,Flamethrower|||M|||50|,,,,,Water]Toedscruel||CovertCloak|MyceliumMight|Spore,RagePowder,AcidSpray,EarthPower|||F|||50|,,,,,Water]Kilowattrel||FocusSash|Competitive|Discharge,AirSlash,Tailwind,Protect|||M|||50|,,,,,Ghost]Garchomp||LifeOrb|RoughSkin|Earthquake,DragonClaw,StompingTantrum,Protect|||F|||50|,,,,,Ground]Corviknight||SitrusBerry|MirrorArmor|BraveBird,Roost,Taunt,Protect|||M|||50|,,,,,Dragon]Typhlosion-Hisui||ChoiceScarf|Blaze|Eruption,HeatWave,ShadowBall,WillOWisp|||F|||50|,,,,,Fire
|inactive|Battle timer is ON: inactive players will automatically lose when time's up. (requested by wyatvgc)
|inactive|STL Donductor also wants the timer to be on.
|
|t:|1756513504
|teamsize|p1|4
|teamsize|p2|4
|start
|switch|p1a: Jumpluff|Jumpluff, L50, F|100/100
|switch|p1b: Torkoal|Torkoal, L50, M|100/100
|switch|p2a: Oleander|Weezing-Galar, L50, M, shiny|100/100
|switch|p2b: Triboulet|Typhlosion-Hisui, L50, F|100/100
|-ability|p2a: Oleander|Neutralizing Gas
|turn|1
|inactive|STL Donductor has 30 seconds left.
|
|t:|1756513536
|-terastallize|p2b: Triboulet|Fire
|-terastallize|p1a: Jumpluff|Poison
|move|p2b: Triboulet|Eruption|p1b: Torkoal|[spread] p1a,p1b
|-resisted|p1b: Torkoal
|-damage|p1a: Jumpluff|14/100
|-damage|p1b: Torkoal|47/100
|move|p1a: Jumpluff|Tailwind|p1a: Jumpluff
|-sidestart|p1: wyatvgc|move: Tailwind
|move|p1b: Torkoal|Overheat|p2a: Oleander
|-crit|p2a: Oleander
|-damage|p2a: Oleander|4/100
|-unboost|p1b: Torkoal|spa|2
|-enditem|p1b: Torkoal|Eject Pack
|
|t:|1756513543
|switch|p1b: Typhlosion|Typhlosion-Hisui, L50, F|100/100
|move|p2a: Oleander|Sludge Bomb|p1b: Typhlosion
|-resisted|p1b: Typhlosion
|-damage|p1b: Typhlosion|60/100
|
|upkeep
|turn|2
|
|t:|1756513567
|move|p1a: Jumpluff|Sleep Powder|p2b: Triboulet
|-status|p2b: Triboulet|slp|[from] move: Sleep Powder
|move|p1b: Typhlosion|Heat Wave|p2b: Triboulet|[spread] p2a,p2b
|-resisted|p2b: Triboulet
|-damage|p2a: Oleander|0 fnt
|-damage|p2b: Triboulet|68/100 slp
|faint|p2a: Oleander
|-end|p2a: Oleander|ability: Neutralizing Gas
|cant|p2b: Triboulet|slp
|
|upkeep
|inactive|STL Donductor has 30 seconds left.
|
|t:|1756513593
|switch|p2a: Voltaire|Kilowattrel, L50, M|100/100
|turn|3
|
|t:|1756513604
|move|p2a: Voltaire|Protect|p2a: Voltaire
|-singleturn|p2a: Voltaire|Protect
|move|p1a: Jumpluff|Sleep Powder|p2a: Voltaire
|-activate|p2a: Voltaire|move: Protect
|move|p1b: Typhlosion|Heat Wave|p2b: Triboulet|[spread] p2b
|-activate|p2a: Voltaire|move: Protect
|-resisted|p2b: Triboulet
|-damage|p2b: Triboulet|34/100 slp
|-curestatus|p2b: Triboulet|slp|[msg]
|move|p2b: Triboulet|Eruption|p1a: Jumpluff|[spread] p1a,p1b
|-crit|p1a: Jumpluff
|-resisted|p1b: Typhlosion
|-damage|p1a: Jumpluff|0 fnt
|-damage|p1b: Typhlosion|41/100
|faint|p1a: Jumpluff
|
|upkeep
|
|t:|1756513607
|switch|p1a: Torkoal|Torkoal, L50, M|47/100
|-weather|SunnyDay|[from] ability: Drought|[of] p1a: Torkoal
|turn|4
|
|t:|1756513631
|move|p1b: Typhlosion|Heat Wave|p2a: Voltaire|[spread] p2b
|-miss|p1b: Typhlosion|p2a: Voltaire
|-resisted|p2b: Triboulet
|-damage|p2b: Triboulet|0 fnt
|faint|p2b: Triboulet
|move|p2a: Voltaire|Tailwind|p2a: Voltaire
|-sidestart|p2: STL Donductor|move: Tailwind
|move|p1a: Torkoal|Burning Jealousy|p2a: Voltaire
|-damage|p2a: Voltaire|33/100
|
|-weather|SunnyDay|[upkeep]
|-sideend|p1: wyatvgc|move: Tailwind
|upkeep
|
|t:|1756513641
|switch|p2b: Greyscale|Garchomp, L50, F|100/100
|turn|5
|
|t:|1756513649
|move|p1a: Torkoal|Protect|p1a: Torkoal
|-singleturn|p1a: Torkoal|Protect
|move|p2a: Voltaire|Discharge|p1a: Torkoal|[spread] p1b
|-activate|p1a: Torkoal|move: Protect
|-immune|p2b: Greyscale
|-damage|p1b: Typhlosion|5/100
|move|p2b: Greyscale|Earthquake|p1b: Typhlosion|[spread] p1b
|-activate|p1a: Torkoal|move: Protect
|-immune|p2a: Voltaire
|-supereffective|p1b: Typhlosion
|-damage|p1b: Typhlosion|0 fnt
|faint|p1b: Typhlosion
|-damage|p2b: Greyscale|91/100|[from] item: Life Orb
|
|-weather|SunnyDay|[upkeep]
|upkeep
|
|t:|1756513665
|switch|p1b: Garchomp|Garchomp, L50, M|100/100
|turn|6
|inactive|STL Donductor has 30 seconds left.
|
|t:|1756513695
|move|p2a: Voltaire|Air Slash|p1a: Torkoal
|-damage|p1a: Torkoal|4/100
|move|p2b: Greyscale|Dragon Claw|p1b: Garchomp
|-supereffective|p1b: Garchomp
|-damage|p1b: Garchomp|0 fnt
|-damage|p2b: Greyscale|78/100|[from] ability: Rough Skin|[of] p1b: Garchomp
|faint|p1b: Garchomp
|-damage|p2b: Greyscale|68/100|[from] item: Life Orb
|cant|p1a: Torkoal|flinch
|
|-weather|SunnyDay|[upkeep]
|upkeep
|turn|7
|
|t:|1756513706
|move|p2a: Voltaire|Discharge|p1a: Torkoal|[spread] p1a
|-immune|p2b: Greyscale
|-damage|p1a: Torkoal|0 fnt
|faint|p1a: Torkoal
|
|win|STL Donductor
|raw|wyatvgc's rating: 1123 → 1107(-16 for losing)
|raw|STL Donductor's rating: 1251 → 1267(+16 for winning)
|l|☆wyatvgc
|player|p1|
