|j|☆dont make me walk
|j|☆helio list
|html|dont make me walkhelio list    
|uhtml|bestof|Game 2 of a best-of-3
|t:|1755557559
|gametype|doubles
|player|p1|dont make me walk|red-masters3|1338
|player|p2|helio list|pokemonbreederf|1395
|gen|9
|tier|[Gen 9] VGC 2025 Reg H (Bo3)
|rated|
|rule|Species Clause: Limit one of each Pokémon
|rule|Item Clause: Limit 1 of each item
|clearpoke
|poke|p1|Murkrow, L50, F|
|poke|p1|Ursaluna-Bloodmoon, L50, M|
|poke|p1|Annihilape, L50, F|
|poke|p1|Sinistcha-Masterpiece, L50|
|poke|p1|Archaludon, L50, F|
|poke|p1|Incineroar, L50, F|
|poke|p2|Rillaboom, L50, F|
|poke|p2|Sneasler, L50, F|
|poke|p2|Gholdengo, L50|
|poke|p2|Tatsugiri, L50, F|
|poke|p2|Dondozo, L50, F|
|poke|p2|Ninetales-Alola, L50, F|
|teampreview|4
|showteam|p1|Murkrow||Eviolite|Prankster|Tailwind,FoulPlay,Haze,SunnyDay|||F|||50|,,,,,Ghost]Ursaluna-Bloodmoon||LifeOrb|MindsEye|Protect,EarthPower,HyperVoice,BloodMoon|||M|||50|,,,,,Normal]Annihilape||SafetyGoggles|Defiant|CloseCombat,FinalGambit,RageFist,Protect|||F|||50|,,,,,Fire]Sinistcha-Masterpiece||RockyHelmet|Hospitality|MatchaGotcha,RagePowder,TrickRoom,StrengthSap||||||50|,,,,,Water]Archaludon||PowerHerb|Sturdy|ElectroShot,DragonPulse,Thunderbolt,Protect|||F|||50|,,,,,Electric]Incineroar||AssaultVest|Intimidate|FakeOut,KnockOff,FlareBlitz,Uturn|||F|||50|,,,,,Grass
|showteam|p2|Rillaboom||AssaultVest|GrassySurge|FakeOut,WoodHammer,GrassyGlide,HighHorsepower|||F|||50|,,,,,Water]Sneasler||GrassySeed|Unburden|ThroatChop,DireClaw,CloseCombat,Protect|||F|||50|,,,,,Dark]Gholdengo||LifeOrb|GoodasGold|MakeItRain,ShadowBall,NastyPlot,Protect||||||50|,,,,,Water]Tatsugiri||ChoiceScarf|Commander|MuddyWater,IcyWind,DracoMeteor,DragonPulse|||F|||50|,,,,,Stellar]Dondozo||Leftovers|Unaware|OrderUp,Protect,Yawn,WaveCrash|||F|||50|,,,,,Steel]Ninetales-Alola||ChoiceSpecs|SnowWarning|Blizzard,TeraBlast,FreezeDry,Moonblast|||F|||50|,,,,,Water
|inactive|Battle timer is ON: inactive players will automatically lose when time's up. (requested by dont make me walk)
|inactive|helio list also wants the timer to be on.
|
|t:|1755557585
|teamsize|p1|4
|teamsize|p2|4
|start
|switch|p1a: Murkrow|Murkrow, L50, F, shiny|100/100
|switch|p1b: Archaludon|Archaludon, L50, F|100/100
|switch|p2a: Ninetales|Ninetales-Alola, L50, F|100/100
|switch|p2b: Rillaboom|Rillaboom, L50, F|100/100
|-weather|Snowscape|[from] ability: Snow Warning|[of] p2a: Ninetales
|-fieldstart|move: Grassy Terrain|[from] ability: Grassy Surge|[of] p2b: Rillaboom
|turn|1
|
|t:|1755557604
|-terastallize|p1a: Murkrow|Ghost
|move|p1b: Archaludon|Protect|p1b: Archaludon
|-singleturn|p1b: Archaludon|Protect
|move|p2b: Rillaboom|Fake Out|p1b: Archaludon
|-activate|p1b: Archaludon|move: Protect
|move|p1a: Murkrow|Tailwind|p1a: Murkrow
|-sidestart|p1: dont make me walk|move: Tailwind
|move|p2a: Ninetales|Blizzard|p1a: Murkrow|[spread] p1a
|-activate|p1b: Archaludon|move: Protect
|-damage|p1a: Murkrow|51/100
|
|-weather|Snowscape|[upkeep]
|-heal|p1a: Murkrow|57/100|[from] Grassy Terrain
|upkeep
|turn|2
|
|t:|1755557617
|switch|p1a: Incineroar|Incineroar, L50, F|100/100
|-ability|p1a: Incineroar|Intimidate|boost
|-unboost|p2a: Ninetales|atk|1
|-unboost|p2b: Rillaboom|atk|1
|move|p1b: Archaludon|Electro Shot||[still]
|-prepare|p1b: Archaludon|Electro Shot
|-boost|p1b: Archaludon|spa|1
|-enditem|p1b: Archaludon|Power Herb
|-anim|p1b: Archaludon|Electro Shot|p2a: Ninetales
|-damage|p2a: Ninetales|10/100
|move|p2a: Ninetales|Blizzard|p1a: Incineroar|[spread] p1a,p1b
|-resisted|p1a: Incineroar
|-damage|p1a: Incineroar|83/100
|-damage|p1b: Archaludon|29/100
|move|p2b: Rillaboom|Wood Hammer|p1a: Incineroar
|-resisted|p1a: Incineroar
|-damage|p1a: Incineroar|59/100
|-damage|p2b: Rillaboom|93/100|[from] Recoil
|
|-weather|Snowscape|[upkeep]
|-heal|p1b: Archaludon|35/100|[from] Grassy Terrain
|-heal|p1a: Incineroar|65/100|[from] Grassy Terrain
|-heal|p2a: Ninetales|16/100|[from] Grassy Terrain
|-heal|p2b: Rillaboom|99/100|[from] Grassy Terrain
|upkeep
|turn|3
|
|t:|1755557636
|switch|p2a: Dondozo|Dondozo, L50, F|100/100
|move|p1b: Archaludon|Thunderbolt|p2b: Rillaboom
|-resisted|p2b: Rillaboom
|-damage|p2b: Rillaboom|82/100
|-status|p2b: Rillaboom|par
|move|p1a: Incineroar|Flare Blitz|p2b: Rillaboom
|-supereffective|p2b: Rillaboom
|-damage|p2b: Rillaboom|0 fnt
|faint|p2b: Rillaboom
|-damage|p1a: Incineroar|36/100|[from] Recoil
|
|-weather|Snowscape|[upkeep]
|-heal|p1b: Archaludon|41/100|[from] Grassy Terrain
|-heal|p1a: Incineroar|42/100|[from] Grassy Terrain
|upkeep
|
|t:|1755557645
|switch|p2b: Ninetales|Ninetales-Alola, L50, F|16/100
|turn|4
|
|t:|1755557658
|switch|p2b: Tatsugiri|Tatsugiri, L50, F|100/100
|-activate|p2b: Tatsugiri|ability: Commander|[of] p2a: Dondozo
|-boost|p2a: Dondozo|atk|2
|-boost|p2a: Dondozo|spa|2
|-boost|p2a: Dondozo|spe|2
|-boost|p2a: Dondozo|def|2
|-boost|p2a: Dondozo|spd|2
|move|p1b: Archaludon|Protect|p1b: Archaludon
|-singleturn|p1b: Archaludon|Protect
|move|p1a: Incineroar|U-turn|p2a: Dondozo
|-damage|p2a: Dondozo|93/100
|
|t:|1755557666
|switch|p1a: Ursaluna|Ursaluna-Bloodmoon, L50, M|100/100|[from] U-turn
|move|p2a: Dondozo|Order Up|p1b: Archaludon
|-activate|p1b: Archaludon|move: Protect
|
|-weather|Snowscape|[upkeep]
|-heal|p1b: Archaludon|47/100|[from] Grassy Terrain
|-heal|p2a: Dondozo|99/100|[from] Grassy Terrain
|-heal|p2a: Dondozo|100/100|[from] item: Leftovers
|-sideend|p1: dont make me walk|move: Tailwind
|upkeep
|turn|5
|
|t:|1755557675
|switch|p1b: Incineroar|Incineroar, L50, F|42/100
|-ability|p1b: Incineroar|Intimidate|boost
|-unboost|p2a: Dondozo|atk|1
|-unboost|p2b: Tatsugiri|atk|1
|-terastallize|p2a: Dondozo|Steel
|move|p2a: Dondozo|Wave Crash|p1a: Ursaluna
|-supereffective|p1a: Ursaluna
|-damage|p1a: Ursaluna|0 fnt
|faint|p1a: Ursaluna
|-damage|p2a: Dondozo|73/100|[from] Recoil
|
|-weather|none
|-heal|p2a: Dondozo|79/100|[from] Grassy Terrain
|-heal|p2a: Dondozo|85/100|[from] item: Leftovers
|-heal|p1b: Incineroar|47/100|[from] Grassy Terrain
|-fieldend|move: Grassy Terrain
|upkeep
|
|t:|1755557681
|switch|p1a: Murkrow|Murkrow, L50, F, shiny, tera:Ghost|57/100
|turn|6
|
|t:|1755557687
|move|p1a: Murkrow|Haze|p1a: Murkrow
|-clearallboost
|move|p1b: Incineroar|Knock Off|p2a: Dondozo
|-damage|p2a: Dondozo|54/100
|-enditem|p2a: Dondozo|Leftovers|[from] move: Knock Off|[of] p1b: Incineroar
|move|p2a: Dondozo|Wave Crash|p1a: Murkrow
|-damage|p1a: Murkrow|10/100
|-damage|p2a: Dondozo|43/100|[from] Recoil
|
|upkeep
|turn|7
|
|t:|1755557694
|move|p1a: Murkrow|Tailwind|p1a: Murkrow
|-sidestart|p1: dont make me walk|move: Tailwind
|move|p1b: Incineroar|Flare Blitz|p2a: Dondozo
|-supereffective|p2a: Dondozo
|-damage|p2a: Dondozo|0 fnt
|faint|p2a: Dondozo
|-damage|p1b: Incineroar|29/100|[from] Recoil
|
|upkeep
|
|t:|1755557696
|switch|p2a: Ninetales|Ninetales-Alola, L50, F|16/100
|-weather|Snowscape|[from] ability: Snow Warning|[of] p2a: Ninetales
|turn|8
|
|t:|1755557709
|move|p1a: Murkrow|Sunny Day|p1a: Murkrow
|-weather|SunnyDay
|move|p1b: Incineroar|Knock Off|p2a: Ninetales
|-resisted|p2a: Ninetales
|-damage|p2a: Ninetales|0 fnt
|-enditem|p2a: Ninetales|Choice Specs|[from] move: Knock Off|[of] p1b: Incineroar
|faint|p2a: Ninetales
|move|p2b: Tatsugiri|Dragon Pulse|p1b: Incineroar
|-damage|p1b: Incineroar|0 fnt
|faint|p1b: Incineroar
|
|-weather|SunnyDay|[upkeep]
|upkeep
|
|t:|1755557712
|switch|p1b: Archaludon|Archaludon, L50, F|47/100
|turn|9
|
|t:|1755557717
|move|p1b: Archaludon|Dragon Pulse|p2b: Tatsugiri
|-supereffective|p2b: Tatsugiri
|-damage|p2b: Tatsugiri|0 fnt
|faint|p2b: Tatsugiri
|
|win|dont make me walk
|raw|dont make me walk's rating: 1338 → 1361(+23 for winning)
|raw|helio list's rating: 1395 → 1372(-23 for losing)
|l|☆helio list
|player|p2|
