|j|☆weejx
|j|☆Ur3an
|html|weejxUr3an    
|uhtml|bestof|Game 1 of a best-of-3
|t:|1756402994
|gametype|doubles
|player|p1|weejx|alder|1017
|player|p2|Ur3an|n|1000
|gen|9
|tier|[Gen 9] VGC 2025 Reg H (Bo3)
|rated|
|rule|Species Clause: Limit one of each Pokémon
|rule|Item Clause: Limit 1 of each item
|clearpoke
|poke|p1|Volcarona, L50, F|
|poke|p1|Rillaboom, L50, F|
|poke|p1|Kingambit, L50, F|
|poke|p1|Electabuzz, L50, F|
|poke|p1|Sneasler, L50, F|
|poke|p1|Basculegion, L50, M|
|poke|p2|Indeedee-F, L50, F|
|poke|p2|Hatterene, L50, F|
|poke|p2|Torkoal, L50, M|
|poke|p2|Armarouge, L50, M|
|poke|p2|Lilligant-Hisui, L50, F|
|poke|p2|Ursaluna, L50, F|
|teampreview|4
|showteam|p1|Volcarona||CovertCloak|FlameBody|Protect,FieryDance,TeraBlast,QuiverDance|||F|||50|,,,,,Fairy]Rillaboom||AssaultVest|GrassySurge|WoodHammer,GrassyGlide,HighHorsepower,FakeOut|||F|||50|,,,,,Fire]Kingambit||BlackGlasses|Defiant|Protect,KowtowCleave,SuckerPunch,SwordsDance|||F|||50|,,,,,Dark]Electabuzz||Eviolite|VitalSpirit|Protect,Thunderbolt,Taunt,FollowMe|||F|||50|,,,,,Ghost]Sneasler||FocusSash|Unburden|CloseCombat,DireClaw,Coaching,FakeOut|||F|||50|,,,,,Stellar]Basculegion||ChoiceScarf|Adaptability|Liquidation,AquaJet,FlipTurn,LastRespects|||M|||50|,,,,,Ghost
|showteam|p2|Indeedee-F||SafetyGoggles|PsychicSurge|FollowMe,HelpingHand,TrickRoom,AlluringVoice|||F|||50|,,,,,Fairy]Hatterene||LifeOrb|MagicBounce|TrickRoom,ExpandingForce,DazzlingGleam,Psychic|||F|||50|,,,,,Water]Torkoal||ChoiceSpecs|Drought|Flamethrower,Eruption,HeatWave,ClearSmog|||M|||50|,,,,,Fire]Armarouge||PowerHerb|FlashFire|TrickRoom,MeteorBeam,ExpandingForce,ArmorCannon|||M|||50|,,,,,Grass]Lilligant-Hisui||CovertCloak|Chlorophyll|AfterYou,SleepPowder,CloseCombat,SolarBlade|||F|||50|,,,,,Fighting]Ursaluna||FlameOrb|Guts|Protect,Facade,HeadlongRush,CloseCombat|||F|||50|,,,,,Ghost
|inactive|Battle timer is ON: inactive players will automatically lose when time's up. (requested by Ur3an)
|inactive|weejx has 60 seconds left.
|inactive|Ur3an has 60 seconds left.
|
|t:|1756403037
|teamsize|p1|4
|teamsize|p2|4
|start
|switch|p1a: Slap Chop|Sneasler, L50, F|100/100
|switch|p1b: Knife Rack|Kingambit, L50, F|100/100
|switch|p2a: Hatterene|Hatterene, L50, F|100/100
|switch|p2b: Lilligant|Lilligant-Hisui, L50, F|100/100
|turn|1
|inactive|Ur3an has 30 seconds left.
|inactive|Ur3an has 20 seconds left.
|inactive|Ur3an has 15 seconds left.
|inactive|Ur3an has 10 seconds left.
|inactive|Ur3an has 5 seconds left.
|
|t:|1756403088
|switch|p2a: Indeedee|Indeedee-F, L50, F|100/100
|-fieldstart|move: Psychic Terrain|[from] ability: Psychic Surge|[of] p2a: Indeedee
|move|p1a: Slap Chop|Fake Out|p2b: Lilligant
|-activate|p2b: Lilligant|move: Psychic Terrain
|move|p2b: Lilligant|Close Combat|p1b: Knife Rack
|-supereffective|p1b: Knife Rack
|-damage|p1b: Knife Rack|0 fnt
|-unboost|p2b: Lilligant|def|1
|-unboost|p2b: Lilligant|spd|1
|faint|p1b: Knife Rack
|
|upkeep
|
|t:|1756403099
|switch|p1b: Chopsticks|Rillaboom, L50, F|100/100
|-fieldstart|move: Grassy Terrain|[from] ability: Grassy Surge|[of] p1b: Chopsticks
|turn|2
|inactive|Ur3an has 30 seconds left.
|
|t:|1756403127
|switch|p1b: Dishwasher|Basculegion, L50, M, shiny|100/100
|-terastallize|p2a: Indeedee|Fairy
|move|p1a: Slap Chop|Dire Claw|p2b: Lilligant
|-supereffective|p2b: Lilligant
|-damage|p2b: Lilligant|0 fnt
|faint|p2b: Lilligant
|move|p2a: Indeedee|Trick Room|p2a: Indeedee
|-fieldstart|move: Trick Room|[of] p2a: Indeedee
|
|upkeep
|
|t:|1756403140
|switch|p2b: Hatterene|Hatterene, L50, F|100/100
|turn|3
|
|t:|1756403164
|switch|p1a: Chopsticks|Rillaboom, L50, F|100/100
|move|p2a: Indeedee|Follow Me|p2a: Indeedee
|-singleturn|p2a: Indeedee|move: Follow Me
|move|p2b: Hatterene|Psychic|p1a: Chopsticks
|-damage|p1a: Chopsticks|52/100
|-damage|p2b: Hatterene|91/100|[from] item: Life Orb
|move|p1b: Dishwasher|Last Respects|p2a: Indeedee
|-damage|p2a: Indeedee|39/100
|
|-heal|p2b: Hatterene|97/100|[from] Grassy Terrain
|-heal|p2a: Indeedee|46/100|[from] Grassy Terrain
|-heal|p1a: Chopsticks|58/100|[from] Grassy Terrain
|upkeep
|turn|4
|inactive|Ur3an has 30 seconds left.
|
|t:|1756403193
|move|p2a: Indeedee|Follow Me|p2a: Indeedee
|-singleturn|p2a: Indeedee|move: Follow Me
|move|p1a: Chopsticks|Grassy Glide|p2a: Indeedee
|-damage|p2a: Indeedee|12/100
|move|p2b: Hatterene|Psychic|p1a: Chopsticks
|-damage|p1a: Chopsticks|11/100
|-damage|p2b: Hatterene|87/100|[from] item: Life Orb
|move|p1b: Dishwasher|Last Respects|p2a: Indeedee
|-damage|p2a: Indeedee|0 fnt
|faint|p2a: Indeedee
|
|-heal|p2b: Hatterene|93/100|[from] Grassy Terrain
|-heal|p1a: Chopsticks|16/100|[from] Grassy Terrain
|upkeep
|
|t:|1756403203
|switch|p2a: Torkoal|Torkoal, L50, M|100/100
|-weather|SunnyDay|[from] ability: Drought|[of] p2a: Torkoal
|turn|5
|inactive|Ur3an has 30 seconds left.
|
|t:|1756403231
|switch|p1b: Slap Chop|Sneasler, L50, F|100/100
|move|p1a: Chopsticks|Grassy Glide|p2b: Hatterene
|-damage|p2b: Hatterene|50/100
|move|p2a: Torkoal|Flamethrower|p1b: Slap Chop
|-enditem|p1b: Slap Chop|Focus Sash
|-damage|p1b: Slap Chop|1/100
|move|p2b: Hatterene|Psychic|p1a: Chopsticks
|-damage|p1a: Chopsticks|0 fnt
|faint|p1a: Chopsticks
|-damage|p2b: Hatterene|40/100|[from] item: Life Orb
|
|-weather|SunnyDay|[upkeep]
|-heal|p2b: Hatterene|46/100|[from] Grassy Terrain
|-heal|p1b: Slap Chop|7/100|[from] Grassy Terrain
|upkeep
|
|t:|1756403243
|switch|p1a: Dishwasher|Basculegion, L50, M, shiny|100/100
|turn|6
|
|t:|1756403258
|move|p1b: Slap Chop|Fake Out|p2a: Torkoal
|-damage|p2a: Torkoal|91/100
|move|p1a: Dishwasher|Aqua Jet|p2b: Hatterene
|-damage|p2b: Hatterene|32/100
|cant|p2a: Torkoal|flinch
|move|p2b: Hatterene|Psychic|p1b: Slap Chop
|-supereffective|p1b: Slap Chop
|-damage|p1b: Slap Chop|0 fnt
|faint|p1b: Slap Chop
|-damage|p2b: Hatterene|23/100|[from] item: Life Orb
|
|-weather|SunnyDay|[upkeep]
|-heal|p2a: Torkoal|97/100|[from] Grassy Terrain
|-heal|p2b: Hatterene|28/100|[from] Grassy Terrain
|-fieldend|move: Trick Room
|-fieldend|move: Grassy Terrain
|upkeep
|turn|7
|
|t:|1756403283
|move|p1a: Dishwasher|Aqua Jet|p2a: Torkoal
|-supereffective|p2a: Torkoal
|-damage|p2a: Torkoal|77/100
|move|p2b: Hatterene|Psychic|p1a: Dishwasher
|-damage|p1a: Dishwasher|19/100
|-unboost|p1a: Dishwasher|spd|1
|-damage|p2b: Hatterene|19/100|[from] item: Life Orb
|move|p2a: Torkoal|Flamethrower|p1a: Dishwasher
|-resisted|p1a: Dishwasher
|-damage|p1a: Dishwasher|0 fnt
|faint|p1a: Dishwasher
|
|win|Ur3an
|inactive|weejx has 30 seconds to confirm battle start!
|inactive|Ur3an has 30 seconds to confirm battle start!
||weejx is ready for game 2.
||Ur3an is ready for game 2.
|uhtml|next|Next: Game 2 of 3
