|j|☆sddfghjggfdsceytj
|j|☆crownedhunter79!
|html|sddfghjggfdsceytjcrownedhunter79!    
|uhtml|bestof|Game 1 of a best-of-3
|t:|1784664315
|gametype|doubles
|player|p1|sddfghjggfdsceytj|1|1000
|player|p2|crownedhunter79!|iris-gen5bw2|1026
|gen|9
|tier|[Gen 9 Champions] VGC 2026 Reg M-B (Bo3)
|rated|
|rule|Species Clause: Limit one of each Pokémon
|rule|Item Clause: Limit 1 of each item
|clearpoke
|poke|p1|Araquanid, L50, F|
|poke|p1|Meganium, L50, F|
|poke|p1|Sinistcha, L50|
|poke|p1|Ninetales-Alola, L50, M|
|poke|p1|Incineroar, L50, F|
|poke|p1|Dragalge, L50, M|
|poke|p2|Annihilape, L50, M|
|poke|p2|Maushold-Four, L50|
|poke|p2|Incineroar, L50, M|
|poke|p2|Floette-Eternal, L50, F|
|poke|p2|Sinistcha-Masterpiece, L50|
|poke|p2|Garchomp, L50, M, shiny|
|teampreview|4
|showteam|p1|Araquanid||MysticWater|WaterBubble|WideGuard,Liquidation,LeechLife,Protect|Careful||F|||50|]Meganium||Meganiumite|Overgrow|SolarBeam,WeatherBall,DazzlingGleam,Protect|Modest||F|||50|]Sinistcha||KasibBerry|Hospitality|LifeDew,TrickRoom,RagePowder,ShadowBall|Calm|||||50|]Ninetales-Alola||FocusSash|SnowWarning|AuroraVeil,Protect,Moonblast,Blizzard|Serious||M|||50|]Incineroar||WhiteHerb|Intimidate|FakeOut,CloseCombat,FlareBlitz,Protect|Adamant||F|||50|]Dragalge||Dragalgite|Adaptability|FlipTurn,Protect,DracoMeteor,SludgeBomb|Quiet||M|||50|
|showteam|p2|Annihilape||Leftovers|Defiant|DrainPunch,RageFist,BulkUp,Protect|Careful||M|||50|]Maushold-Four||FocusSash|FriendGuard|BeatUp,Uturn,Encore,Protect|Jolly|||||50|]Incineroar||SitrusBerry|Intimidate|FlareBlitz,FakeOut,Snarl,PartingShot|Sassy||M|||50|]Floette-Eternal||Floettite|FlowerVeil|DazzlingGleam,Moonblast,LightofRuin,Protect|Timid||F|||50|]Sinistcha-Masterpiece||ColburBerry|Hospitality|MatchaGotcha,Hex,StrengthSap,Protect|Bold|||||50|]Garchomp||YacheBerry|RoughSkin|StompingTantrum,RockSlide,SwordsDance,Protect|Jolly||M|||50|
|inactive|Battle timer is ON: inactive players will automatically lose when time's up. (requested by crownedhunter79!)
|inactive|sddfghjggfdsceytj has 60 seconds left.
|inactive|crownedhunter79! has 60 seconds left.
|inactive|sddfghjggfdsceytj has 30 seconds left.
|
|t:|1784664382
|teamsize|p1|4
|teamsize|p2|4
|start
|switch|p1a: Sinistcha|Sinistcha, L50|100/100
|switch|p1b: Ninetales|Ninetales-Alola, L50, M|100/100
|switch|p2a: Annihilape|Annihilape, L50, M|100/100
|switch|p2b: Maushold|Maushold-Four, L50|100/100
|-weather|Snowscape|[from] ability: Snow Warning|[of] p1b: Ninetales
|turn|1
|inactive|crownedhunter79! has 30 seconds left.
|
|t:|1784664407
|switch|p2a: Incineroar|Incineroar, L50, M|100/100
|-ability|p2a: Incineroar|Intimidate|boost
|-unboost|p1a: Sinistcha|atk|1
|-unboost|p1b: Ninetales|atk|1
|move|p2b: Maushold|Beat Up|p1a: Sinistcha
|-supereffective|p1a: Sinistcha|1
|-damage|p1a: Sinistcha|93/100
|-supereffective|p1a: Sinistcha|1
|-damage|p1a: Sinistcha|87/100
|-supereffective|p1a: Sinistcha|1
|-damage|p1a: Sinistcha|80/100
|-supereffective|p1a: Sinistcha|1
|-damage|p1a: Sinistcha|76/100
|-hitcount|p1a: Sinistcha|4
|move|p1b: Ninetales|Aurora Veil|p1b: Ninetales
|-sidestart|p1: sddfghjggfdsceytj|move: Aurora Veil
|move|p1a: Sinistcha|Trick Room|p1a: Sinistcha
|-fieldstart|move: Trick Room|[of] p1a: Sinistcha
|
|-weather|Snowscape|[upkeep]
|upkeep
|turn|2
|inactive|crownedhunter79! has 30 seconds left.
|
|t:|1784664434
|move|p2b: Maushold|Protect|p2b: Maushold
|-singleturn|p2b: Maushold|Protect
|move|p2a: Incineroar|Snarl|p1b: Ninetales|[spread] p1a,p1b
|-supereffective|p1a: Sinistcha|1
|-resisted|p1b: Ninetales|1
|-damage|p1a: Sinistcha|62/100
|-damage|p1b: Ninetales|95/100
|-unboost|p1a: Sinistcha|spa|1
|-unboost|p1b: Ninetales|spa|1
|move|p1a: Sinistcha|Life Dew|p1a: Sinistcha|[spread] p1a,p1b
|-heal|p1a: Sinistcha|87/100
|-heal|p1b: Ninetales|100/100
|move|p1b: Ninetales|Moonblast|p2a: Incineroar
|-damage|p2a: Incineroar|86/100
|-unboost|p2a: Incineroar|spa|1
|
|-weather|Snowscape|[upkeep]
|upkeep
|turn|3
|inactive|sddfghjggfdsceytj has 30 seconds left.
|inactive|crownedhunter79! has 30 seconds left.
|
|t:|1784664467
|switch|p1a: Meganium|Meganium, L50, F|100/100
|switch|p2b: Annihilape|Annihilape, L50, M|100/100
|move|p2a: Incineroar|Snarl|p1b: Ninetales|[spread] p1a,p1b
|-resisted|p1b: Ninetales|1
|-damage|p1a: Meganium|93/100
|-damage|p1b: Ninetales|97/100
|-unboost|p1a: Meganium|spa|1
|-unboost|p1b: Ninetales|spa|1
|move|p1b: Ninetales|Blizzard|p2a: Incineroar|[spread] p2a,p2b
|-resisted|p2a: Incineroar|1
|-damage|p2a: Incineroar|81/100
|-damage|p2b: Annihilape|88/100
|
|-weather|Snowscape|[upkeep]
|-heal|p2b: Annihilape|94/100|[from] item: Leftovers
|upkeep
|turn|4
|inactive|sddfghjggfdsceytj has 30 seconds left.
|inactive|crownedhunter79! has 30 seconds left.
|
|t:|1784664496
|switch|p1b: Araquanid|Araquanid, L50, F|100/100
|detailschange|p1a: Meganium|Meganium-Mega, L50, F
|-mega|p1a: Meganium|Meganium|Meganiumite
|move|p2b: Annihilape|Protect|p2b: Annihilape
|-singleturn|p2b: Annihilape|Protect
|move|p2a: Incineroar|Parting Shot|p1a: Meganium
|-unboost|p1a: Meganium|atk|1
|-unboost|p1a: Meganium|spa|1
|
|t:|1784664507
|switch|p2a: Maushold|Maushold-Four, L50|100/100|[from] Parting Shot
|move|p1a: Meganium|Dazzling Gleam|p2b: Annihilape|[spread] p2a
|-activate|p2b: Annihilape|move: Protect
|-damage|p2a: Maushold|75/100
|
|-weather|Snowscape|[upkeep]
|-heal|p2b: Annihilape|100/100|[from] item: Leftovers
|upkeep
|turn|5
|inactive|crownedhunter79! has 30 seconds left.
|inactive|crownedhunter79! has 20 seconds left.
|inactive|crownedhunter79! has 15 seconds left.
|
|t:|1784664549
|switch|p2a: Incineroar|Incineroar, L50, M|81/100
|-ability|p2a: Incineroar|Intimidate|boost
|-unboost|p1a: Meganium|atk|1
|-unboost|p1b: Araquanid|atk|1
|move|p1b: Araquanid|Liquidation|p2a: Incineroar
|-supereffective|p2a: Incineroar|1
|-damage|p2a: Incineroar|25/100
|-enditem|p2a: Incineroar|Sitrus Berry|[eat]
|-heal|p2a: Incineroar|50/100y|[from] item: Sitrus Berry
|move|p1a: Meganium|Dazzling Gleam|p2b: Annihilape|[spread] p2a,p2b
|-supereffective|p2b: Annihilape|1
|-damage|p2a: Incineroar|35/100
|-damage|p2b: Annihilape|76/100
|move|p2b: Annihilape|Bulk Up|p2b: Annihilape
|-boost|p2b: Annihilape|atk|1
|-boost|p2b: Annihilape|def|1
|
|-weather|none
|-heal|p2b: Annihilape|82/100|[from] item: Leftovers
|-sideend|p1: sddfghjggfdsceytj|move: Aurora Veil
|-fieldend|move: Trick Room
|upkeep
|turn|6
|inactive|sddfghjggfdsceytj has 30 seconds left.
|inactive|crownedhunter79! has 30 seconds left.
|
|t:|1784664582
|switch|p1a: Ninetales|Ninetales-Alola, L50, M|97/100
|-weather|Snowscape|[from] ability: Snow Warning|[of] p1a: Ninetales
|switch|p1b: Sinistcha|Sinistcha, L50|87/100
|-heal|p1a: Ninetales|100/100|[from] ability: Hospitality|[of] p1b: Sinistcha
|move|p2b: Annihilape|Protect|p2b: Annihilape
|-singleturn|p2b: Annihilape|Protect
|move|p2a: Incineroar|Parting Shot|p1b: Sinistcha
|-unboost|p1b: Sinistcha|atk|1
|-unboost|p1b: Sinistcha|spa|1
|
|t:|1784664586
|switch|p2a: Maushold|Maushold-Four, L50|75/100|[from] Parting Shot
|
|-weather|Snowscape|[upkeep]
|-heal|p2b: Annihilape|88/100|[from] item: Leftovers
|upkeep
|turn|7
|
|t:|1784664600
|move|p1b: Sinistcha|Rage Powder|p1b: Sinistcha
|-singleturn|p1b: Sinistcha|move: Rage Powder
|move|p2a: Maushold|Beat Up|p1b: Sinistcha
|-supereffective|p1b: Sinistcha|1
|-damage|p1b: Sinistcha|82/100
|-supereffective|p1b: Sinistcha|1
|-damage|p1b: Sinistcha|75/100
|-supereffective|p1b: Sinistcha|1
|-damage|p1b: Sinistcha|68/100
|-supereffective|p1b: Sinistcha|1
|-damage|p1b: Sinistcha|64/100
|-hitcount|p1b: Sinistcha|4
|move|p1a: Ninetales|Aurora Veil|p1a: Ninetales
|-sidestart|p1: sddfghjggfdsceytj|move: Aurora Veil
|move|p2b: Annihilape|Rage Fist|p1b: Sinistcha
|-supereffective|p1b: Sinistcha|1
|-enditem|p1b: Sinistcha|Kasib Berry|[eat]
|-enditem|p1b: Sinistcha|Kasib Berry|[weaken]
|-damage|p1b: Sinistcha|12/100
|
|-weather|Snowscape|[upkeep]
|-heal|p2b: Annihilape|94/100|[from] item: Leftovers
|upkeep
|turn|8
|inactive|sddfghjggfdsceytj has 30 seconds left.
|
|t:|1784664627
|switch|p1a: Meganium|Meganium-Mega, L50, F|93/100
|move|p1b: Sinistcha|Rage Powder|p1b: Sinistcha
|-singleturn|p1b: Sinistcha|move: Rage Powder
|move|p2a: Maushold|Encore|p1b: Sinistcha
|-start|p1b: Sinistcha|Encore
|move|p2b: Annihilape|Rage Fist|p1b: Sinistcha
|-supereffective|p1b: Sinistcha|1
|-damage|p1b: Sinistcha|0 fnt
|faint|p1b: Sinistcha
|
|-weather|Snowscape|[upkeep]
|-heal|p2b: Annihilape|100/100|[from] item: Leftovers
|upkeep
|
|t:|1784664645
|switch|p1b: Ninetales|Ninetales-Alola, L50, M|100/100
|turn|9
|
|t:|1784664656
|move|p2a: Maushold|Beat Up|p2b: Annihilape
|-damage|p2b: Annihilape|98/100
|-damage|p2b: Annihilape|96/100
|-damage|p2b: Annihilape|94/100
|-damage|p2b: Annihilape|94/100
|-hitcount|p2b: Annihilape|4
|move|p1b: Ninetales|Moonblast|p2b: Annihilape
|-supereffective|p2b: Annihilape|1
|-damage|p2b: Annihilape|62/100
|-unboost|p2b: Annihilape|spa|1
|-ability|p2b: Annihilape|Defiant|boost
|-boost|p2b: Annihilape|atk|2
|move|p2b: Annihilape|Rage Fist|p1a: Meganium
|-damage|p1a: Meganium|0 fnt
|faint|p1a: Meganium
|
|-weather|Snowscape|[upkeep]
|-heal|p2b: Annihilape|68/100|[from] item: Leftovers
|upkeep
|
|t:|1784664674
|switch|p1a: Araquanid|Araquanid, L50, F|100/100
|turn|10
|
|t:|1784664684
|switch|p2a: Incineroar|Incineroar, L50, M|35/100
|-ability|p2a: Incineroar|Intimidate|boost
|-unboost|p1a: Araquanid|atk|1
|-unboost|p1b: Ninetales|atk|1
|move|p2b: Annihilape|Protect|p2b: Annihilape
|-singleturn|p2b: Annihilape|Protect
|move|p1b: Ninetales|Blizzard|p2b: Annihilape|[spread] p2a
|-activate|p2b: Annihilape|move: Protect
|-resisted|p2a: Incineroar|1
|-damage|p2a: Incineroar|23/100
|move|p1a: Araquanid|Liquidation|p2b: Annihilape
|-activate|p2b: Annihilape|move: Protect
|
|-weather|none
|-heal|p2b: Annihilape|74/100|[from] item: Leftovers
|upkeep
|turn|11
|
|t:|1784664705
|move|p2a: Incineroar|Fake Out|p1a: Araquanid
|-damage|p1a: Araquanid|93/100
|move|p1b: Ninetales|Moonblast|p2b: Annihilape
|-supereffective|p2b: Annihilape|1
|-damage|p2b: Annihilape|29/100
|move|p2b: Annihilape|Rage Fist|p1b: Ninetales
|-enditem|p1b: Ninetales|Focus Sash
|-damage|p1b: Ninetales|1/100
|cant|p1a: Araquanid|flinch
|
|-heal|p2b: Annihilape|35/100|[from] item: Leftovers
|-sideend|p1: sddfghjggfdsceytj|move: Aurora Veil
|upkeep
|turn|12
|
|t:|1784664726
|move|p2b: Annihilape|Protect|p2b: Annihilape
|-singleturn|p2b: Annihilape|Protect
|move|p1b: Ninetales|Moonblast|p2a: Incineroar
|-damage|p2a: Incineroar|0 fnt
|faint|p2a: Incineroar
|move|p1a: Araquanid|Liquidation|p2b: Annihilape
|-activate|p2b: Annihilape|move: Protect
|
|-heal|p2b: Annihilape|41/100|[from] item: Leftovers
|upkeep
|
|t:|1784664738
|switch|p2a: Maushold|Maushold-Four, L50|75/100
|turn|13
|
|t:|1784664746
|move|p2a: Maushold|U-turn|p1b: Ninetales
|-resisted|p1b: Ninetales|1
|-damage|p1b: Ninetales|0 fnt
|faint|p1b: Ninetales
|
|t:|1784664751
|switch|p2a: Floette|Floette-Eternal, L50, F|100/100|[from] U-turn
|move|p2b: Annihilape|Rage Fist|p1a: Araquanid
|-damage|p1a: Araquanid|0 fnt
|faint|p1a: Araquanid
|
|win|crownedhunter79!
|raw|sddfghjggfdsceytj's rating: 1000 → 1000(+0 for losing)
|raw|crownedhunter79!'s rating: 1026 → 1059(+33 for winning)
|l|☆sddfghjggfdsceytj
|player|p1|
