|j|☆Prepucio Santos
|j|☆oliva sigma mode
|html|Prepucio Santosoliva sigma mode    
|uhtml|bestof|Game 2 of a best-of-3
|t:|1783253785
|gametype|doubles
|player|p1|Prepucio Santos|striker|1142
|player|p2|oliva sigma mode|crasherwake|1106
|gen|9
|tier|[Gen 9 Champions] VGC 2026 Reg M-B (Bo3)
|rated|
|rule|Species Clause: Limit one of each Pokémon
|rule|Item Clause: Limit 1 of each item
|clearpoke
|poke|p1|Incineroar, L50, M|
|poke|p1|Sinistcha-Masterpiece, L50, shiny|
|poke|p1|Floette-Eternal, L50, F|
|poke|p1|Kingambit, L50, F|
|poke|p1|Sneasler, L50, M|
|poke|p1|Delphox, L50, M, shiny|
|poke|p2|Scrafty, L50, M|
|poke|p2|Vileplume, L50, M|
|poke|p2|Staraptor, L50, F|
|poke|p2|Farigiraf, L50, M|
|poke|p2|Sylveon, L50, F|
|poke|p2|Torkoal, L50, M|
|teampreview|4
|showteam|p1|Incineroar||SitrusBerry|Intimidate|FakeOut,PartingShot,ThroatChop,FlareBlitz|Careful||M|||50|]Sinistcha-Masterpiece||KasibBerry|Hospitality|MatchaGotcha,LifeDew,RagePowder,TrickRoom|Bold|||||50|]Floette-Eternal||Floettite|FlowerVeil|Moonblast,DazzlingGleam,CalmMind,Protect|Modest||F|||50|]Kingambit||BlackGlasses|Defiant|KowtowCleave,SuckerPunch,SwordsDance,Protect|Adamant||F|||50|]Sneasler||FocusSash|PoisonTouch|FakeOut,CloseCombat,DireClaw,QuickGuard|Jolly||M|||50|]Delphox||Delphoxite|Blaze|HeatWave,Psyshock,NastyPlot,Protect|Timid||M|||50|
|showteam|p2|Scrafty||Scraftinite|Intimidate|FakeOut,IronHead,KnockOff,CloseCombat|Adamant||M|||50|]Vileplume||FocusSash|Chlorophyll|SludgeBomb,SleepPowder,AfterYou,LeafStorm|Modest||M|||50|]Staraptor||ChoiceScarf|Intimidate|BraveBird,CloseCombat,Uturn,FinalGambit|Jolly||F|||50|]Farigiraf||SitrusBerry|ArmorTail|Protect,TwinBeam,TrickRoom,Thunderbolt|Serious||M|||50|]Sylveon||FairyFeather|Pixilate|HyperVoice,HyperBeam,QuickAttack,Detect|Quiet||F|||50|]Torkoal||Charcoal|Drought|Eruption,WeatherBall,HeatWave,Protect|Serious||M|||50|
|
|t:|1783253820
|teamsize|p1|4
|teamsize|p2|4
|start
|switch|p1a: Incineroar|Incineroar, L50, M|100/100
|switch|p1b: Floette|Floette-Eternal, L50, F|100/100
|switch|p2a: Staraptor|Staraptor, L50, F|100/100
|switch|p2b: Torkoal|Torkoal, L50, M|100/100
|-ability|p2a: Staraptor|Intimidate|boost
|-unboost|p1a: Incineroar|atk|1
|-unboost|p1b: Floette|atk|1
|-ability|p1a: Incineroar|Intimidate|boost
|-unboost|p2a: Staraptor|atk|1
|-unboost|p2b: Torkoal|atk|1
|-weather|SunnyDay|[from] ability: Drought|[of] p2b: Torkoal
|turn|1
|inactive|Battle timer is ON: inactive players will automatically lose when time's up. (requested by Prepucio Santos)
|
|t:|1783253838
|switch|p2b: Farigiraf|Farigiraf, L50, M|100/100
|move|p1b: Floette|Protect|p1b: Floette
|-singleturn|p1b: Floette|Protect
|move|p2a: Staraptor|Final Gambit|p1b: Floette
|-activate|p1b: Floette|move: Protect
|move|p1a: Incineroar|Parting Shot|p2b: Farigiraf
|-unboost|p2b: Farigiraf|atk|1
|-unboost|p2b: Farigiraf|spa|1
|
|t:|1783253846
|switch|p1a: Sinistcha|Sinistcha-Masterpiece, L50, shiny|100/100|[from] Parting Shot
|
|-weather|SunnyDay|[upkeep]
|upkeep
|turn|2
|
|t:|1783253855
|switch|p2a: Vileplume|Vileplume, L50, M|100/100
|move|p1a: Sinistcha|Rage Powder|p1a: Sinistcha
|-singleturn|p1a: Sinistcha|move: Rage Powder
|move|p1b: Floette|Calm Mind|p1b: Floette
|-boost|p1b: Floette|spa|1
|-boost|p1b: Floette|spd|1
|move|p2b: Farigiraf|Twin Beam|p1a: Sinistcha
|-damage|p1a: Sinistcha|89/100
|-damage|p1a: Sinistcha|78/100
|-hitcount|p1a: Sinistcha|2
|
|-weather|SunnyDay|[upkeep]
|upkeep
|turn|3
|inactive|oliva sigma mode has 30 seconds left.
|
|t:|1783253883
|switch|p2b: Torkoal|Torkoal, L50, M|100/100
|move|p1b: Floette|Protect|p1b: Floette
|-singleturn|p1b: Floette|Protect
|move|p2a: Vileplume|Sludge Bomb|p1b: Floette
|-activate|p1b: Floette|move: Protect
|move|p1a: Sinistcha|Matcha Gotcha|p2a: Vileplume|[spread] p2a,p2b
|-resisted|p2a: Vileplume|2
|-resisted|p2b: Torkoal|1
|-damage|p2a: Vileplume|92/100
|-heal|p1a: Sinistcha|82/100|[from] drain|[of] p2a: Vileplume
|-damage|p2b: Torkoal|84/100
|-heal|p1a: Sinistcha|89/100|[from] drain|[of] p2b: Torkoal
|
|-weather|SunnyDay|[upkeep]
|upkeep
|turn|4
|
|t:|1783253900
|switch|p1a: Incineroar|Incineroar, L50, M|100/100
|-ability|p1a: Incineroar|Intimidate|boost
|-unboost|p2a: Vileplume|atk|1
|-unboost|p2b: Torkoal|atk|1
|detailschange|p1b: Floette|Floette-Mega, L50, F
|-mega|p1b: Floette|Floette|Floettite
|-ability|p1b: Floette|Fairy Aura
|move|p2a: Vileplume|After You|p2b: Torkoal
|-activate|p2b: Torkoal|move: After You
|move|p2b: Torkoal|Eruption|p1b: Floette|[spread] p1a,p1b
|-resisted|p1a: Incineroar|1
|-damage|p1a: Incineroar|76/100
|-damage|p1b: Floette|67/100
|move|p1b: Floette|Calm Mind|p1b: Floette
|-boost|p1b: Floette|spa|1
|-boost|p1b: Floette|spd|1
|
|-weather|SunnyDay|[upkeep]
|upkeep
|turn|5
|
|t:|1783253915
|switch|p1a: Sinistcha|Sinistcha-Masterpiece, L50, shiny|89/100
|-heal|p1b: Floette|92/100|[from] ability: Hospitality|[of] p1a: Sinistcha
|switch|p2b: Farigiraf|Farigiraf, L50, M|100/100
|move|p1b: Floette|Protect|p1b: Floette
|-singleturn|p1b: Floette|Protect
|move|p2a: Vileplume|Sleep Powder|p1b: Floette
|-activate|p1b: Floette|move: Protect
|
|-weather|none
|upkeep
|turn|6
|inactive|oliva sigma mode has 30 seconds left.
|inactive|oliva sigma mode has 20 seconds left.
|inactive|oliva sigma mode has 15 seconds left.
|inactive|oliva sigma mode has 10 seconds left.
|inactive|oliva sigma mode has 5 seconds left.
|
|t:|1783253969
|switch|p1a: Incineroar|Incineroar, L50, M|76/100
|-ability|p1a: Incineroar|Intimidate|boost
|-unboost|p2a: Vileplume|atk|1
|-unboost|p2b: Farigiraf|atk|1
|switch|p2b: Staraptor|Staraptor, L50, F|100/100
|-ability|p2b: Staraptor|Intimidate|boost
|-unboost|p1a: Incineroar|atk|1
|-unboost|p1b: Floette|atk|1
|move|p1b: Floette|Moonblast|p2b: Staraptor
|-damage|p2b: Staraptor|0 fnt
|faint|p2b: Staraptor
|move|p2a: Vileplume|After You||[still]
|-fail|p2a: Vileplume
|
|upkeep
|
|t:|1783253972
|switch|p2b: Torkoal|Torkoal, L50, M|84/100
|-weather|SunnyDay|[from] ability: Drought|[of] p2b: Torkoal
|turn|7
|
|t:|1783253991
|switch|p2b: Farigiraf|Farigiraf, L50, M|100/100
|move|p1a: Incineroar|Fake Out||[still]
|cant|p2b: Farigiraf|ability: Armor Tail|Fake Out|[of] p1a: Incineroar
|move|p2a: Vileplume|Sleep Powder|p1b: Floette
|-status|p1b: Floette|slp|[from] move: Sleep Powder
|cant|p1b: Floette|slp
|
|-weather|SunnyDay|[upkeep]
|upkeep
|turn|8
|
|t:|1783254007
|switch|p1a: Sinistcha|Sinistcha-Masterpiece, L50, shiny|89/100
|-heal|p1b: Floette|100/100 slp|[from] ability: Hospitality|[of] p1a: Sinistcha
|move|p2a: Vileplume|Sludge Bomb|p1b: Floette
|-supereffective|p1b: Floette|1
|-damage|p1b: Floette|66/100 slp
|cant|p1b: Floette|slp
|move|p2b: Farigiraf|Trick Room|p2b: Farigiraf
|-fieldstart|move: Trick Room|[of] p2b: Farigiraf
|
|-weather|SunnyDay|[upkeep]
|upkeep
|turn|9
|inactive|oliva sigma mode has 30 seconds left.
|
|t:|1783254038
|switch|p2b: Torkoal|Torkoal, L50, M|84/100
|-curestatus|p1b: Floette|slp|[msg]
|move|p1b: Floette|Moonblast|p2b: Torkoal
|-resisted|p2b: Torkoal|1
|-damage|p2b: Torkoal|0 fnt
|faint|p2b: Torkoal
|move|p2a: Vileplume|Sludge Bomb|p1b: Floette
|-supereffective|p1b: Floette|1
|-damage|p1b: Floette|33/100
|move|p1a: Sinistcha|Trick Room|p1a: Sinistcha
|-fieldend|move: Trick Room
|
|-weather|SunnyDay|[upkeep]
|upkeep
|l|☆oliva sigma mode
|inactive|oliva sigma mode disconnected and has a minute to reconnect!
|player|p2|
|inactive|oliva sigma mode has 30 seconds left.
|inactive|oliva sigma mode has 20 seconds left.
|inactive|oliva sigma mode has 15 seconds left.
|inactive|oliva sigma mode has 10 seconds left.
|inactive|oliva sigma mode has 5 seconds left.
|-message|oliva sigma mode lost due to inactivity.
|
|win|Prepucio Santos
