|j|☆ILoveMIR
|j|☆DreamPrince
|html|ILoveMIRDreamPrince    
|uhtml|bestof|Game 1 of a best-of-3
|t:|1783715777
|gametype|doubles
|player|p1|ILoveMIR|shauntal|1437
|player|p2|DreamPrince|dahlia|1350
|gen|9
|tier|[Gen 9 Champions] VGC 2026 Reg M-B (Bo3)
|rated|
|rule|Species Clause: Limit one of each Pokémon
|rule|Item Clause: Limit 1 of each item
|clearpoke
|poke|p1|Blaziken, L50, F|
|poke|p1|Tsareena, L50, F|
|poke|p1|Talonflame, L50, F|
|poke|p1|Basculegion, L50, M|
|poke|p1|Hydreigon, L50, F|
|poke|p1|Sylveon, L50, M|
|poke|p2|Charizard, L50, F|
|poke|p2|Sneasler, L50, F|
|poke|p2|Milotic, L50, M|
|poke|p2|Wyrdeer, L50, F|
|poke|p2|Clefable, L50, M|
|poke|p2|Gholdengo, L50|
|teampreview|4
|showteam|p1|Blaziken||Blazikenite|SpeedBoost|FlareBlitz,CloseCombat,RockSlide,Detect|Adamant||F|||50|]Tsareena||WideLens|QueenlyMajesty|PowerWhip,TripleAxel,Taunt,Protect|Adamant||F|||50|]Talonflame|||GaleWings|Acrobatics,WillOWisp,Tailwind,Protect|Jolly||F|||50|]Basculegion||ChoiceScarf|Adaptability|WaveCrash,LastRespects,AquaJet,FlipTurn|Jolly||M|||50|]Hydreigon||LifeOrb|Levitate|DracoMeteor,DarkPulse,EarthPower,Protect|Modest||F|||50|]Sylveon||FairyFeather|Pixilate|HyperVoice,QuickAttack,HyperBeam,Protect|Modest||M|||50|
|showteam|p2|Charizard||CharizarditeX|Blaze|DragonDance,BreakingSwipe,TemperFlare,Protect|Adamant||F|||50|]Sneasler||FocusSash|Unburden|FakeOut,CloseCombat,GunkShot,Coaching|Jolly||F|||50|]Milotic||RindoBerry|Competitive|Coil,LifeDew,Hypnosis,MuddyWater|Sassy||M|||50|]Wyrdeer||ColburBerry|Intimidate|Gravity,Hypnosis,PsyshieldBash,TrickRoom|Careful||F|||50|]Clefable||SitrusBerry|Unaware|FollowMe,Moonblast,LifeDew,Protect|Bold||M|||50|]Gholdengo||Leftovers|GoodasGold|ShadowBall,MakeItRain,NastyPlot,Protect|Timid|||||50|
|inactive|Battle timer is ON: inactive players will automatically lose when time's up. (requested by ILoveMIR)
|inactive|ILoveMIR has 60 seconds left.
|inactive|DreamPrince has 60 seconds left.
|inactive|ILoveMIR has 30 seconds left.
|inactive|ILoveMIR has 20 seconds left.
|inactive|ILoveMIR has 15 seconds left.
|
|t:|1783715857
|teamsize|p1|4
|teamsize|p2|4
|start
|switch|p1a: Tsareena|Tsareena, L50, F|100/100
|switch|p1b: Blaziken|Blaziken, L50, F|100/100
|switch|p2a: Wyrdeer|Wyrdeer, L50, F|100/100
|switch|p2b: Milotic|Milotic, L50, M|100/100
|-ability|p2a: Wyrdeer|Intimidate|boost
|-unboost|p1a: Tsareena|atk|1
|-unboost|p1b: Blaziken|atk|1
|turn|1
|
|t:|1783715876
|switch|p1b: Hydreigon|Hydreigon, L50, F|100/100
|move|p1a: Tsareena|Taunt|p2a: Wyrdeer
|-start|p2a: Wyrdeer|move: Taunt
|move|p2a: Wyrdeer|Psyshield Bash|p1b: Hydreigon
|-immune|p1b: Hydreigon
|move|p2b: Milotic|Muddy Water|p1b: Hydreigon|[spread] p1a,p1b
|-resisted|p1a: Tsareena|1
|-resisted|p1b: Hydreigon|1
|-damage|p1a: Tsareena|88/100
|-damage|p1b: Hydreigon|85/100
|
|upkeep
|turn|2
|
|t:|1783715887
|switch|p2a: Clefable|Clefable, L50, M|100/100
|switch|p2b: Charizard|Charizard, L50, F|100/100
|move|p1b: Hydreigon|Dark Pulse|p2a: Clefable
|-resisted|p2a: Clefable|1
|-damage|p2a: Clefable|77/100
|-damage|p1b: Hydreigon|76/100|[from] item: Life Orb
|move|p1a: Tsareena|Taunt|p2b: Charizard
|-start|p2b: Charizard|move: Taunt
|
|upkeep
|turn|3
|
|t:|1783715909
|switch|p1a: Basculegion|Basculegion, L50, M|100/100
|detailschange|p2b: Charizard|Charizard-Mega-X, L50, F
|-mega|p2b: Charizard|Charizard|Charizardite X
|move|p2a: Clefable|Follow Me|p2a: Clefable
|-singleturn|p2a: Clefable|move: Follow Me
|move|p2b: Charizard|Temper Flare|p1a: Basculegion
|-resisted|p1a: Basculegion|1
|-damage|p1a: Basculegion|72/100
|move|p1b: Hydreigon|Draco Meteor|p2a: Clefable
|-immune|p2a: Clefable
|
|upkeep
|turn|4
|
|t:|1783715925
|move|p2a: Clefable|Follow Me|p2a: Clefable
|-singleturn|p2a: Clefable|move: Follow Me
|move|p1a: Basculegion|Wave Crash|p2a: Clefable
|-damage|p2a: Clefable|8/100
|-enditem|p2a: Clefable|Sitrus Berry|[eat]
|-heal|p2a: Clefable|33/100|[from] item: Sitrus Berry
|-damage|p1a: Basculegion|48/100|[from] Recoil
|move|p2b: Charizard|Breaking Swipe|p1b: Hydreigon|[spread] p1a,p1b
|-supereffective|p1b: Hydreigon|1
|-crit|p1b: Hydreigon
|-damage|p1a: Basculegion|19/100
|-damage|p1b: Hydreigon|0 fnt
|-unboost|p1a: Basculegion|atk|1
|faint|p1b: Hydreigon
|
|-end|p2b: Charizard|move: Taunt
|upkeep
|
|t:|1783715936
|switch|p1b: Blaziken|Blaziken, L50, F|100/100
|turn|5
|
|t:|1783715949
|switch|p2a: Wyrdeer|Wyrdeer, L50, F|100/100
|-ability|p2a: Wyrdeer|Intimidate|boost
|-unboost|p1a: Basculegion|atk|1
|-unboost|p1b: Blaziken|atk|1
|detailschange|p1b: Blaziken|Blaziken-Mega, L50, F
|-mega|p1b: Blaziken|Blaziken|Blazikenite
|move|p1b: Blaziken|Detect|p1b: Blaziken
|-singleturn|p1b: Blaziken|Protect
|move|p1a: Basculegion|Wave Crash|p2a: Wyrdeer
|-damage|p2a: Wyrdeer|65/100
|-damage|p1a: Basculegion|7/100|[from] Recoil
|move|p2b: Charizard|Breaking Swipe|p1b: Blaziken|[spread] p1a
|-activate|p1b: Blaziken|move: Protect
|-damage|p1a: Basculegion|0 fnt
|faint|p1a: Basculegion
|
|-ability|p1b: Blaziken|Speed Boost|boost
|-boost|p1b: Blaziken|spe|1
|upkeep
|
|t:|1783715951
|switch|p1a: Tsareena|Tsareena, L50, F|88/100
|turn|6
|
|t:|1783715962
|move|p1b: Blaziken|Rock Slide|p2a: Wyrdeer|[spread] p2a,p2b
|-supereffective|p2b: Charizard|1
|-damage|p2a: Wyrdeer|48/100
|-damage|p2b: Charizard|69/100
|cant|p2b: Charizard|flinch
|move|p1a: Tsareena|Power Whip|p2a: Wyrdeer
|-damage|p2a: Wyrdeer|0 fnt
|faint|p2a: Wyrdeer
|
|-ability|p1b: Blaziken|Speed Boost|boost
|-boost|p1b: Blaziken|spe|1
|upkeep
|
|t:|1783715969
|switch|p2a: Milotic|Milotic, L50, M|100/100
|turn|7
|
|t:|1783715982
|move|p1b: Blaziken|Rock Slide|p2b: Charizard|[spread] p2a,p2b
|-supereffective|p2b: Charizard|1
|-damage|p2a: Milotic|85/100
|-damage|p2b: Charizard|37/100
|move|p2b: Charizard|Breaking Swipe|p1a: Tsareena|[spread] p1a,p1b
|-damage|p1a: Tsareena|58/100
|-damage|p1b: Blaziken|62/100
|-unboost|p1a: Tsareena|atk|1
|-unboost|p1b: Blaziken|atk|1
|move|p1a: Tsareena|Power Whip|p2a: Milotic
|-supereffective|p2a: Milotic|1
|-enditem|p2a: Milotic|Rindo Berry|[eat]
|-enditem|p2a: Milotic|Rindo Berry|[weaken]
|-damage|p2a: Milotic|54/100
|cant|p2a: Milotic|flinch
|
|-ability|p1b: Blaziken|Speed Boost|boost
|-boost|p1b: Blaziken|spe|1
|upkeep
|turn|8
|
|t:|1783716001
|move|p1b: Blaziken|Close Combat|p2b: Charizard
|-damage|p2b: Charizard|0 fnt
|-unboost|p1b: Blaziken|def|1
|-unboost|p1b: Blaziken|spd|1
|faint|p2b: Charizard
|move|p1a: Tsareena|Power Whip|p2a: Milotic
|-supereffective|p2a: Milotic|1
|-damage|p2a: Milotic|0 fnt
|faint|p2a: Milotic
|
|-ability|p1b: Blaziken|Speed Boost|boost
|-boost|p1b: Blaziken|spe|1
|upkeep
|-message|DreamPrince forfeited.
|
|win|ILoveMIR
