|j|☆isakanto
|j|☆ToastedArt
|html|isakantoToastedArt    
|uhtml|bestof|Game 1 of a best-of-3
|t:|1785370832
|gametype|doubles
|player|p1|isakanto|red|1025
|player|p2|ToastedArt|iris|1046
|gen|9
|tier|[Gen 9 Champions] VGC 2026 Reg M-B (Bo3)
|rated|
|rule|Species Clause: Limit one of each Pokémon
|rule|Item Clause: Limit 1 of each item
|clearpoke
|poke|p1|Delphox, L50, F, shiny|
|poke|p1|Sinistcha-Masterpiece, L50|
|poke|p1|Incineroar, L50, F|
|poke|p1|Staraptor, L50, F|
|poke|p1|Maushold-Four, L50|
|poke|p1|Vivillon-Pokeball, L50, F|
|poke|p2|Staraptor, L50, M|
|poke|p2|Gholdengo, L50|
|poke|p2|Sinistcha, L50|
|poke|p2|Grimmsnarl, L50, M|
|poke|p2|Raichu, L50, M|
|poke|p2|Clawitzer, L50, M|
|teampreview|4
|showteam|p1|Delphox||Delphoxite|Blaze|NastyPlot,Protect,Psyshock,HeatWave|Timid||F|||50|]Sinistcha-Masterpiece||OccaBerry|Hospitality|RagePowder,Protect,MatchaGotcha,TrickRoom|Timid|||||50|]Incineroar||SitrusBerry|Intimidate|FakeOut,FlareBlitz,PartingShot,HelpingHand|Jolly||F|||50|]Staraptor||Staraptite|Intimidate|CloseCombat,Roost,Protect,DualWingbeat|Jolly||F|||50|]Maushold-Four||ChopleBerry|FriendGuard|FollowMe,HelpingHand,Protect,Feint|Careful|||||50|]Vivillon-Pokeball||ChoiceScarf|CompoundEyes|Hurricane,SleepPowder,PollenPuff,RagePowder|Timid||F|||50|
|showteam|p2|Staraptor||Staraptite|Intimidate|Tailwind,Protect,CloseCombat,BraveBird|Jolly||M|||50|]Gholdengo||SpellTag|GoodasGold|MakeItRain,ShadowBall,NastyPlot,Protect|Modest|||||50|]Sinistcha||KasibBerry|Hospitality|MatchaGotcha,RagePowder,TrickRoom,LifeDew|Calm|||||50|]Grimmsnarl||LightClay|Prankster|Reflect,LightScreen,PartingShot,FakeTears|Calm||M|||50|]Raichu||RaichuniteX|LightningRod|VoltTackle,Charm,FakeTears,VoltSwitch|Jolly||M|||50|]Clawitzer||LifeOrb|MegaLauncher|WaterPulse,DarkPulse,HealPulse,Protect|Timid||M|||50|
|inactive|Battle timer is ON: inactive players will automatically lose when time's up. (requested by ToastedArt)
|inactive|isakanto has 60 seconds left.
|inactive|ToastedArt has 60 seconds left.
|
|t:|1785370889
|teamsize|p1|4
|teamsize|p2|4
|start
|switch|p1a: Blairproject|Delphox, L50, F, shiny|100/100
|switch|p1b: Maushold|Maushold-Four, L50|100/100
|switch|p2a: Staraptor|Staraptor, L50, M|100/100
|switch|p2b: Grimmsnarl|Grimmsnarl, L50, M|100/100
|-ability|p2a: Staraptor|Intimidate|boost
|-unboost|p1a: Blairproject|atk|1
|-unboost|p1b: Maushold|atk|1
|turn|1
|
|t:|1785370912
|detailschange|p1a: Blairproject|Delphox-Mega, L50, F, shiny
|-mega|p1a: Blairproject|Delphox|Delphoxite
|detailschange|p2a: Staraptor|Staraptor-Mega, L50, M
|-mega|p2a: Staraptor|Staraptor|Staraptite
|move|p1b: Maushold|Follow Me|p1b: Maushold
|-singleturn|p1b: Maushold|move: Follow Me
|move|p2b: Grimmsnarl|Light Screen|p2b: Grimmsnarl
|-sidestart|p2: ToastedArt|move: Light Screen
|move|p1a: Blairproject|Nasty Plot|p1a: Blairproject
|-boost|p1a: Blairproject|spa|2
|move|p2a: Staraptor|Tailwind|p2a: Staraptor
|-sidestart|p2: ToastedArt|move: Tailwind
|
|upkeep
|turn|2
|
|t:|1785370933
|move|p1b: Maushold|Protect|p1b: Maushold
|-singleturn|p1b: Maushold|Protect
|move|p2b: Grimmsnarl|Fake Tears|p2a: Staraptor
|-boost|p2a: Staraptor|spd|2
|move|p2a: Staraptor|Close Combat|p1a: Blairproject
|-resisted|p1a: Blairproject|1
|-damage|p1a: Blairproject|76/100
|-boost|p2a: Staraptor|def|1
|-boost|p2a: Staraptor|spd|1
|move|p1a: Blairproject|Psyshock|p2a: Staraptor
|-supereffective|p2a: Staraptor|1
|-damage|p2a: Staraptor|34/100
|
|upkeep
|turn|3
|
|t:|1785370951
|switch|p2b: Clawitzer|Clawitzer, L50, M|100/100
|move|p2a: Staraptor|Protect|p2a: Staraptor
|-singleturn|p2a: Staraptor|Protect
|move|p1b: Maushold|Follow Me|p1b: Maushold
|-singleturn|p1b: Maushold|move: Follow Me
|move|p1a: Blairproject|Heat Wave|p2a: Staraptor|[spread] p2b
|-activate|p2a: Staraptor|move: Protect
|-resisted|p2b: Clawitzer|1
|-damage|p2b: Clawitzer|69/100
|
|upkeep
|turn|4
|
|t:|1785370967
|move|p1b: Maushold|Follow Me|p1b: Maushold
|-singleturn|p1b: Maushold|move: Follow Me
|move|p2a: Staraptor|Close Combat|p1b: Maushold
|-supereffective|p1b: Maushold|1
|-enditem|p1b: Maushold|Chople Berry|[eat]
|-enditem|p1b: Maushold|Chople Berry|[weaken]
|-damage|p1b: Maushold|32/100
|-boost|p2a: Staraptor|def|1
|-boost|p2a: Staraptor|spd|1
|move|p2b: Clawitzer|Heal Pulse|p1b: Maushold
|-heal|p1b: Maushold|100/100
|move|p1a: Blairproject|Psyshock|p2b: Clawitzer
|-damage|p2b: Clawitzer|0 fnt
|faint|p2b: Clawitzer
|
|-sideend|p2: ToastedArt|move: Tailwind
|upkeep
|
|t:|1785370975
|switch|p2b: Sinistcha|Sinistcha, L50|100/100
|-heal|p2a: Staraptor|59/100|[from] ability: Hospitality|[of] p2b: Sinistcha
|turn|5
|
|t:|1785370989
|move|p1b: Maushold|Follow Me|p1b: Maushold
|-singleturn|p1b: Maushold|move: Follow Me
|move|p2b: Sinistcha|Rage Powder|p2b: Sinistcha
|-singleturn|p2b: Sinistcha|move: Rage Powder
|move|p1a: Blairproject|Heat Wave|p2b: Sinistcha|[spread] p2b
|-miss|p1a: Blairproject|p2a: Staraptor
|-supereffective|p2b: Sinistcha|1
|-damage|p2b: Sinistcha|14/100
|move|p2a: Staraptor|Close Combat|p1b: Maushold
|-supereffective|p1b: Maushold|1
|-damage|p1b: Maushold|0 fnt
|-boost|p2a: Staraptor|def|1
|-boost|p2a: Staraptor|spd|1
|faint|p1b: Maushold
|
|upkeep
|
|t:|1785371005
|switch|p1b: Termomate|Sinistcha-Masterpiece, L50|100/100
|-heal|p1a: Blairproject|100/100|[from] ability: Hospitality|[of] p1b: Termomate
|turn|6
|
|t:|1785371025
|move|p1b: Termomate|Rage Powder|p1b: Termomate
|-singleturn|p1b: Termomate|move: Rage Powder
|move|p1a: Blairproject|Heat Wave|p2b: Sinistcha|[spread] p2a,p2b
|-supereffective|p2b: Sinistcha|1
|-crit|p2b: Sinistcha
|-damage|p2a: Staraptor|44/100
|-damage|p2b: Sinistcha|0 fnt
|faint|p2b: Sinistcha
|move|p2a: Staraptor|Brave Bird|p1b: Termomate
|-supereffective|p1b: Termomate|1
|-damage|p1b: Termomate|0 fnt
|faint|p1b: Termomate
|-damage|p2a: Staraptor|16/100|[from] Recoil
|
|upkeep
|
|t:|1785371039
|switch|p1b: Vivillon|Vivillon-Pokeball, L50, F|100/100
|switch|p2b: Grimmsnarl|Grimmsnarl, L50, M|100/100
|turn|7
|
|t:|1785371063
|move|p2b: Grimmsnarl|Parting Shot|p1a: Blairproject
|-unboost|p1a: Blairproject|atk|1
|-unboost|p1a: Blairproject|spa|1
|move|p1b: Vivillon|Sleep Powder|p2a: Staraptor
|-status|p2a: Staraptor|slp|[from] move: Sleep Powder
|move|p1a: Blairproject|Nasty Plot|p1a: Blairproject
|-boost|p1a: Blairproject|spa|2
|cant|p2a: Staraptor|slp
|
|upkeep
|turn|8
|-message|ToastedArt forfeited.
|
|win|isakanto
