|j|☆pressinblades
|j|‽daniiivgc
|html|pressinbladesdaniiivgc    
|uhtml|bestof|Game 2 of a best-of-3
|t:|1785781440
|gametype|doubles
|player|p1|pressinblades|steven|1179
|player|p2|daniiivgc|giovanni|1242
|gen|9
|tier|[Gen 9 Champions] VGC 2026 Reg M-B (Bo3)
|rated|
|rule|Species Clause: Limit one of each Pokémon
|rule|Item Clause: Limit 1 of each item
|clearpoke
|poke|p1|Talonflame, L50, M|
|poke|p1|Garchomp, L50, F, shiny|
|poke|p1|Maushold, L50|
|poke|p1|Gardevoir, L50, F, shiny|
|poke|p1|Gyarados, L50, F, shiny|
|poke|p1|Metagross, L50, shiny|
|poke|p2|Staraptor, L50, F|
|poke|p2|Raichu, L50, M|
|poke|p2|Sylveon, L50, F|
|poke|p2|Farigiraf, L50, M|
|poke|p2|Arcanine-Hisui, L50, M|
|poke|p2|Kingambit, L50, M|
|teampreview|4
|showteam|p1|Talonflame||SharpBeak|GaleWings|Protect,Tailwind,DualWingbeat,Overheat|Naive||M|||50|]Garchomp||LifeOrb|RoughSkin|Protect,RockSlide,Earthquake,StompingTantrum|Adamant||F|||50|]Maushold||FocusSash|FriendGuard|Protect,SuperFang,FollowMe,Encore|Timid|||||50|]Gardevoir||Gardevoirite|Telepathy|Protect,TrickRoom,HyperVoice,Psychic|Modest||F|||50|]Gyarados||Gyaradosite|Intimidate|Protect,DragonDance,Waterfall,Crunch|Jolly||F|||50|]Metagross||ColburBerry|ClearBody|Protect,BulletPunch,PsychicFangs,HammerArm|Adamant|||||50|
|showteam|p2|Staraptor||Staraptite|Intimidate|DualWingbeat,CloseCombat,Tailwind,Protect|Jolly||F|||50|]Raichu||RaichuniteY|LightningRod|ZapCannon,FocusBlast,FakeOut,Protect|Timid||M|||50|]Sylveon||FairyFeather|Pixilate|HyperVoice,HyperBeam,QuickAttack,Detect|Modest||F|||50|]Farigiraf||SitrusBerry|ArmorTail|Psychic,TrickRoom,HelpingHand,Protect|Calm||M|||50|]Arcanine-Hisui||FocusSash|RockHead|HeadSmash,FlareBlitz,ExtremeSpeed,Protect|Jolly||M|||50|]Kingambit||LifeOrb|Defiant|KowtowCleave,SuckerPunch,SwordsDance,Protect|Adamant||M|||50|
|
|t:|1785781483
|teamsize|p1|4
|teamsize|p2|4
|start
|switch|p1a: Maushold|Maushold, L50|100/100
|switch|p1b: Gardevoir|Gardevoir, L50, F, shiny|100/100
|switch|p2a: Raichu|Raichu, L50, M|100/100
|switch|p2b: Arcanine|Arcanine-Hisui, L50, M|100/100
|turn|1
|inactive|Battle timer is ON: inactive players will automatically lose when time's up. (requested by pressinblades)
|inactive|daniiivgc also wants the timer to be on.
|
|t:|1785781511
|switch|p1b: Garchomp|Garchomp, L50, F, shiny|100/100
|move|p1a: Maushold|Protect|p1a: Maushold
|-singleturn|p1a: Maushold|Protect
|move|p2a: Raichu|Fake Out|p1a: Maushold
|-activate|p1a: Maushold|move: Protect
|move|p2b: Arcanine|Head Smash|p1b: Garchomp
|-resisted|p1b: Garchomp|1
|-damage|p1b: Garchomp|72/100
|-damage|p2b: Arcanine|87/100|[from] ability: Rough Skin|[of] p1b: Garchomp
|
|upkeep
|turn|2
|
|t:|1785781528
|switch|p1a: Gyarados|Gyarados, L50, F, shiny|100/100
|-ability|p1a: Gyarados|Intimidate|boost
|-unboost|p2a: Raichu|atk|1
|-unboost|p2b: Arcanine|atk|1
|switch|p2b: Staraptor|Staraptor, L50, F|100/100
|-ability|p2b: Staraptor|Intimidate|boost
|-unboost|p1a: Gyarados|atk|1
|-unboost|p1b: Garchomp|atk|1
|move|p2a: Raichu|Protect|p2a: Raichu
|-singleturn|p2a: Raichu|Protect
|move|p1b: Garchomp|Earthquake|p2a: Raichu|[spread] 
|-activate|p2a: Raichu|move: Protect
|-immune|p1a: Gyarados
|-immune|p2b: Staraptor
|
|upkeep
|turn|3
|inactive|pressinblades has 30 seconds left.
|inactive|daniiivgc has 30 seconds left.
|inactive|pressinblades has 20 seconds left.
|inactive|daniiivgc has 20 seconds left.
|
|t:|1785781567
|detailschange|p2b: Staraptor|Staraptor-Mega, L50, F
|-mega|p2b: Staraptor|Staraptor|Staraptite
|move|p2b: Staraptor|Tailwind|p2b: Staraptor
|-sidestart|p2: daniiivgc|move: Tailwind
|move|p2a: Raichu|Zap Cannon|p1a: Gyarados|[miss]
|-miss|p2a: Raichu|p1a: Gyarados
|move|p1b: Garchomp|Stomping Tantrum|p2a: Raichu
|-supereffective|p2a: Raichu|1
|-damage|p2a: Raichu|0 fnt
|faint|p2a: Raichu
|-damage|p1b: Garchomp|62/100|[from] item: Life Orb
|move|p1a: Gyarados|Dragon Dance|p1a: Gyarados
|-boost|p1a: Gyarados|atk|1
|-boost|p1a: Gyarados|spe|1
|
|upkeep
|
|t:|1785781576
|switch|p2a: Sylveon|Sylveon, L50, F|100/100
|turn|4
|inactive|pressinblades has 30 seconds left.
|inactive|pressinblades has 20 seconds left.
|inactive|pressinblades has 15 seconds left.
|
|t:|1785781619
|move|p1b: Garchomp|Protect|p1b: Garchomp
|-singleturn|p1b: Garchomp|Protect
|move|p2b: Staraptor|Close Combat|p1a: Gyarados
|-resisted|p1a: Gyarados|1
|-damage|p1a: Gyarados|67/100
|-boost|p2b: Staraptor|def|1
|-boost|p2b: Staraptor|spd|1
|move|p1a: Gyarados|Waterfall|p2a: Sylveon
|-damage|p2a: Sylveon|58/100
|move|p2a: Sylveon|Hyper Voice|p1a: Gyarados|[spread] p1a
|-activate|p1b: Garchomp|move: Protect
|-damage|p1a: Gyarados|18/100
|
|upkeep
|turn|5
|inactive|pressinblades has 30 seconds left.
|
|t:|1785781648
|switch|p1a: Gardevoir|Gardevoir, L50, F, shiny|100/100
|move|p2b: Staraptor|Close Combat|p1a: Gardevoir
|-resisted|p1a: Gardevoir|2
|-damage|p1a: Gardevoir|80/100
|-boost|p2b: Staraptor|def|1
|-boost|p2b: Staraptor|spd|1
|move|p2a: Sylveon|Hyper Voice|p1b: Garchomp|[spread] p1a,p1b
|-supereffective|p1b: Garchomp|1
|-damage|p1a: Gardevoir|36/100
|-damage|p1b: Garchomp|0 fnt
|faint|p1b: Garchomp
|
|upkeep
|inactive|pressinblades has 30 seconds left.
|
|t:|1785781675
|switch|p1b: Maushold|Maushold, L50|100/100
|turn|6
|inactive|pressinblades has 30 seconds left.
|inactive|daniiivgc has 30 seconds left.
|inactive|daniiivgc has 20 seconds left.
|inactive|daniiivgc has 15 seconds left.
|inactive|daniiivgc has 10 seconds left.
|inactive|daniiivgc has 5 seconds left.
|
|t:|1785781726
|move|p1a: Gardevoir|Protect|p1a: Gardevoir
|-singleturn|p1a: Gardevoir|Protect
|move|p2b: Staraptor|Close Combat|p1b: Maushold
|-supereffective|p1b: Maushold|1
|-enditem|p1b: Maushold|Focus Sash
|-damage|p1b: Maushold|1/100
|-boost|p2b: Staraptor|def|1
|-boost|p2b: Staraptor|spd|1
|move|p2a: Sylveon|Hyper Voice|p1b: Maushold|[spread] p1b
|-activate|p1a: Gardevoir|move: Protect
|-damage|p1b: Maushold|0 fnt
|faint|p1b: Maushold
|
|-sideend|p2: daniiivgc|move: Tailwind
|upkeep
|
|t:|1785781731
|switch|p1b: Gyarados|Gyarados, L50, F, shiny|18/100
|-ability|p1b: Gyarados|Intimidate|boost
|-unboost|p2a: Sylveon|atk|1
|-boost|p2b: Staraptor|atk|1
|turn|7
|
|t:|1785781754
|detailschange|p1a: Gardevoir|Gardevoir-Mega, L50, F, shiny
|-mega|p1a: Gardevoir|Gardevoir|Gardevoirite
|move|p2b: Staraptor|Tailwind|p2b: Staraptor
|-sidestart|p2: daniiivgc|move: Tailwind
|move|p2a: Sylveon|Hyper Voice|p1b: Gyarados|[spread] p1a,p1b
|-damage|p1a: Gardevoir|2/100
|-damage|p1b: Gyarados|0 fnt
|faint|p1b: Gyarados
|move|p1a: Gardevoir|Psychic|p2b: Staraptor
|-supereffective|p2b: Staraptor|1
|-damage|p2b: Staraptor|48/100
|
|upkeep
|turn|8
|-message|pressinblades forfeited.
|
|win|daniiivgc
|raw|pressinblades's rating: 1179 → 1158(-21 for losing)
|raw|daniiivgc's rating: 1242 → 1263(+21 for winning)
|l|☆pressinblades
|player|p1|
|l|‽daniiivgc
|player|p2|
|j|☆pressinblades
|player|p1|pressinblades|steven|
