|j|☆AlboPalestratoVGC
|j|☆beppe_brescia
|html|AlboPalestratoVGCbeppe_brescia    
|uhtml|bestof|Game 2 of a best-of-3
|t:|1756287155
|gametype|doubles
|player|p1|AlboPalestratoVGC|ethan|1093
|player|p2|beppe_brescia|rocketgrunt|1048
|gen|9
|tier|[Gen 9] VGC 2025 Reg H (Bo3)
|rated|
|rule|Species Clause: Limit one of each Pokémon
|rule|Item Clause: Limit 1 of each item
|clearpoke
|poke|p1|Garchomp, L50, M|
|poke|p1|Incineroar, L50, M|
|poke|p1|Gholdengo, L50|
|poke|p1|Tyranitar, L50, F|
|poke|p1|Kilowattrel, L50, M|
|poke|p1|Amoonguss, L50, M|
|poke|p2|Glimmora, L50, M|
|poke|p2|Gholdengo, L50|
|poke|p2|Murkrow, L50, M|
|poke|p2|Rillaboom, L50, F|
|poke|p2|Tatsugiri, L50, M|
|poke|p2|Dondozo, L50, M|
|teampreview|4
|showteam|p1|Garchomp||LifeOrb|RoughSkin|Earthquake,DragonClaw,StompingTantrum,Protect|||M|||50|,,,,,Fire]Incineroar||SafetyGoggles|Intimidate|Taunt,KnockOff,PartingShot,FakeOut|||M|||50|,,,,,Ghost]Gholdengo||IronPlate|GoodasGold|ShadowBall,MakeItRain,NastyPlot,Protect||||||50|,,,,,Flying]Tyranitar||AssaultVest|SandStream|RockSlide,KnockOff,LowKick,TeraBlast|||F|||50|,,,,,Flying]Kilowattrel||FocusSash|Competitive|Tailwind,Thunderbolt,AirSlash,Protect|||M|||50|,,,,,Ghost]Amoonguss||SitrusBerry|Regenerator|Spore,RagePowder,PollenPuff,Protect|||M|||50|,,,,,Water
|showteam|p2|Glimmora||FocusSash|ToxicDebris|SludgeBomb,MortalSpin,PowerGem,SpikyShield|||M|||50|,,,,,Grass]Gholdengo||ChoiceSpecs|GoodasGold|MakeItRain,ShadowBall,Psyshock,Trick||||||50|,,,,,Steel]Murkrow||Eviolite|Prankster|FoulPlay,Tailwind,Taunt,Haze|||M|||50|,,,,,Ghost]Rillaboom||AssaultVest|GrassySurge|WoodHammer,GrassyGlide,Uturn,FakeOut|||F|||50|,,,,,Fire]Tatsugiri||ToxicOrb|Commander|Protect,DracoMeteor,Endure,MuddyWater|||M|||50|,,,,,Dragon]Dondozo||Leftovers|Unaware|RockSlide,Protect,OrderUp,Liquidation|||M|||50|,,,,,Grass
|
|t:|1756287180
|teamsize|p1|4
|teamsize|p2|4
|start
|switch|p1a: Incineroar|Incineroar, L50, M|100/100
|switch|p1b: Gholdengo|Gholdengo, L50|100/100
|switch|p2a: Murkrow|Murkrow, L50, M|100/100
|switch|p2b: Gholdengo|Gholdengo, L50|100/100
|-ability|p1a: Incineroar|Intimidate|boost
|-unboost|p2a: Murkrow|atk|1
|-unboost|p2b: Gholdengo|atk|1
|turn|1
|inactive|Battle timer is ON: inactive players will automatically lose when time's up. (requested by AlboPalestratoVGC)
|inactive|beppe_brescia has 60 seconds left.
|
|t:|1756287218
|-terastallize|p2b: Gholdengo|Steel
|move|p1b: Gholdengo|Protect|p1b: Gholdengo
|-singleturn|p1b: Gholdengo|Protect
|move|p2a: Murkrow|Tailwind|p2a: Murkrow
|-sidestart|p2: beppe_brescia|move: Tailwind
|move|p2b: Gholdengo|Trick|p1a: Incineroar
|-activate|p2b: Gholdengo|move: Trick|[of] p1a: Incineroar
|-item|p1a: Incineroar|Choice Specs|[from] move: Trick
|-item|p2b: Gholdengo|Safety Goggles|[from] move: Trick
|move|p1a: Incineroar|Knock Off|p2b: Gholdengo
|-damage|p2b: Gholdengo|61/100
|-enditem|p2b: Gholdengo|Safety Goggles|[from] move: Knock Off|[of] p1a: Incineroar
|
|upkeep
|turn|2
|inactive|AlboPalestratoVGC has 30 seconds left.
|inactive|beppe_brescia has 30 seconds left.
|inactive|AlboPalestratoVGC has 20 seconds left.
|
|t:|1756287254
|-terastallize|p1b: Gholdengo|Flying
|move|p2b: Gholdengo|Make It Rain|p1b: Gholdengo|[spread] p1a,p1b
|-resisted|p1a: Incineroar
|-damage|p1a: Incineroar|73/100
|-damage|p1b: Gholdengo|41/100
|-unboost|p2b: Gholdengo|spa|1
|move|p2a: Murkrow|Foul Play|p1b: Gholdengo
|-damage|p1b: Gholdengo|24/100
|move|p1b: Gholdengo|Make It Rain|p2b: Gholdengo|[spread] p2a,p2b
|-resisted|p2b: Gholdengo
|-damage|p2a: Murkrow|41/100
|-damage|p2b: Gholdengo|32/100
|-unboost|p1b: Gholdengo|spa|1
|move|p1a: Incineroar|Knock Off|p2a: Murkrow
|-resisted|p2a: Murkrow
|-damage|p2a: Murkrow|20/100
|-enditem|p2a: Murkrow|Eviolite|[from] move: Knock Off|[of] p1a: Incineroar
|
|upkeep
|turn|3
|inactive|beppe_brescia has 30 seconds left.
|inactive|beppe_brescia has 20 seconds left.
|inactive|beppe_brescia has 15 seconds left.
|inactive|beppe_brescia has 10 seconds left.
|
|t:|1756287303
|switch|p2a: Rillaboom|Rillaboom, L50, F|100/100
|-fieldstart|move: Grassy Terrain|[from] ability: Grassy Surge|[of] p2a: Rillaboom
|move|p1b: Gholdengo|Protect|p1b: Gholdengo
|-singleturn|p1b: Gholdengo|Protect
|move|p2b: Gholdengo|Make It Rain|p1b: Gholdengo|[spread] p1a
|-activate|p1b: Gholdengo|move: Protect
|-resisted|p1a: Incineroar
|-damage|p1a: Incineroar|56/100
|-unboost|p2b: Gholdengo|spa|1
|move|p1a: Incineroar|Knock Off|p2b: Gholdengo
|-damage|p2b: Gholdengo|4/100
|
|-heal|p2b: Gholdengo|11/100|[from] Grassy Terrain
|-heal|p1a: Incineroar|62/100|[from] Grassy Terrain
|upkeep
|turn|4
|
|t:|1756287325
|switch|p1b: Amoonguss|Amoonguss, L50, M|100/100
|move|p2a: Rillaboom|Fake Out|p1b: Amoonguss
|-damage|p1b: Amoonguss|89/100
|move|p2b: Gholdengo|Make It Rain|p1a: Incineroar|[spread] p1a,p1b
|-resisted|p1a: Incineroar
|-damage|p1a: Incineroar|50/100
|-damage|p1b: Amoonguss|63/100
|-unboost|p2b: Gholdengo|spa|1
|move|p1a: Incineroar|Knock Off|p2b: Gholdengo
|-damage|p2b: Gholdengo|0 fnt
|faint|p2b: Gholdengo
|
|-heal|p1a: Incineroar|56/100|[from] Grassy Terrain
|-heal|p1b: Amoonguss|69/100|[from] Grassy Terrain
|-sideend|p2: beppe_brescia|move: Tailwind
|upkeep
|inactive|beppe_brescia has 30 seconds left.
|
|t:|1756287357
|switch|p2b: Glimmora|Glimmora, L50, M|100/100
|turn|5
|inactive|AlboPalestratoVGC has 30 seconds left.
|inactive|beppe_brescia has 30 seconds left.
|
|t:|1756287389
|move|p2b: Glimmora|Sludge Bomb|p1b: Amoonguss
|-damage|p1b: Amoonguss|27/100
|-enditem|p1b: Amoonguss|Sitrus Berry|[eat]
|-heal|p1b: Amoonguss|52/100|[from] item: Sitrus Berry
|move|p2a: Rillaboom|Wood Hammer|p1a: Incineroar
|-resisted|p1a: Incineroar
|-damage|p1a: Incineroar|18/100
|-damage|p2a: Rillaboom|87/100|[from] Recoil
|move|p1a: Incineroar|Knock Off|p2a: Rillaboom
|-damage|p2a: Rillaboom|52/100
|-enditem|p2a: Rillaboom|Assault Vest|[from] move: Knock Off|[of] p1a: Incineroar
|move|p1b: Amoonguss|Pollen Puff|p1a: Incineroar
|-heal|p1a: Incineroar|68/100
|
|-heal|p2a: Rillaboom|58/100|[from] Grassy Terrain
|-heal|p1a: Incineroar|74/100|[from] Grassy Terrain
|-heal|p1b: Amoonguss|58/100|[from] Grassy Terrain
|upkeep
|turn|6
|
|t:|1756287413
|move|p1b: Amoonguss|Protect|p1b: Amoonguss
|-singleturn|p1b: Amoonguss|Protect
|move|p2b: Glimmora|Sludge Bomb|p1b: Amoonguss
|-activate|p1b: Amoonguss|move: Protect
|move|p2a: Rillaboom|Wood Hammer|p1b: Amoonguss
|-activate|p1b: Amoonguss|move: Protect
|move|p1a: Incineroar|Knock Off|p2b: Glimmora
|-damage|p2b: Glimmora|55/100
|-activate|p2b: Glimmora|ability: Toxic Debris
|-sidestart|p1: AlboPalestratoVGC|move: Toxic Spikes
|-enditem|p2b: Glimmora|Focus Sash|[from] move: Knock Off|[of] p1a: Incineroar
|
|-heal|p2b: Glimmora|60/100|[from] Grassy Terrain
|-heal|p2a: Rillaboom|64/100|[from] Grassy Terrain
|-heal|p1a: Incineroar|80/100|[from] Grassy Terrain
|-heal|p1b: Amoonguss|64/100|[from] Grassy Terrain
|upkeep
|turn|7
|
|t:|1756287438
|switch|p1b: Gholdengo|Gholdengo, L50, tera:Flying|24/100
|move|p2b: Glimmora|Sludge Bomb|p1b: Gholdengo
|-crit|p1b: Gholdengo
|-damage|p1b: Gholdengo|0 fnt
|faint|p1b: Gholdengo
|move|p2a: Rillaboom|Wood Hammer|p1a: Incineroar
|-resisted|p1a: Incineroar
|-damage|p1a: Incineroar|42/100
|-damage|p2a: Rillaboom|51/100|[from] Recoil
|move|p1a: Incineroar|Knock Off|p2a: Rillaboom
|-damage|p2a: Rillaboom|26/100
|
|-heal|p2b: Glimmora|66/100|[from] Grassy Terrain
|-heal|p2a: Rillaboom|32/100|[from] Grassy Terrain
|-heal|p1a: Incineroar|48/100|[from] Grassy Terrain
|-fieldend|move: Grassy Terrain
|upkeep
|
|t:|1756287462
|switch|p1b: Kilowattrel|Kilowattrel, L50, M|100/100
|turn|8
|
|t:|1756287485
|switch|p2a: Murkrow|Murkrow, L50, M|20/100
|move|p1b: Kilowattrel|Air Slash|p2a: Murkrow
|-damage|p2a: Murkrow|0 fnt
|faint|p2a: Murkrow
|move|p2b: Glimmora|Mortal Spin|p1a: Incineroar|[spread] p1a,p1b
|-damage|p1a: Incineroar|43/100
|-damage|p1b: Kilowattrel|92/100
|-status|p1a: Incineroar|psn
|-status|p1b: Kilowattrel|psn
|move|p1a: Incineroar|Knock Off|p2b: Glimmora
|-damage|p2b: Glimmora|36/100
|-activate|p2b: Glimmora|ability: Toxic Debris
|-sidestart|p1: AlboPalestratoVGC|move: Toxic Spikes
|
|-damage|p1b: Kilowattrel|79/100 psn|[from] psn
|-damage|p1a: Incineroar|31/100 psn|[from] psn
|upkeep
|
|t:|1756287503
|switch|p2a: Rillaboom|Rillaboom, L50, F|32/100
|-fieldstart|move: Grassy Terrain|[from] ability: Grassy Surge|[of] p2a: Rillaboom
|turn|9
|
|t:|1756287520
|switch|p1a: Amoonguss|Amoonguss, L50, M|97/100
|-sideend|p1: AlboPalestratoVGC|move: Toxic Spikes|[of] p1a: Amoonguss
|move|p1b: Kilowattrel|Protect|p1b: Kilowattrel
|-singleturn|p1b: Kilowattrel|Protect
|move|p2a: Rillaboom|Grassy Glide|p1a: Amoonguss
|-resisted|p1a: Amoonguss
|-damage|p1a: Amoonguss|90/100
|move|p2b: Glimmora|Power Gem|p1b: Kilowattrel
|-activate|p1b: Kilowattrel|move: Protect
|
|-heal|p2b: Glimmora|41/100|[from] Grassy Terrain
|-heal|p2a: Rillaboom|39/100|[from] Grassy Terrain
|-heal|p1a: Amoonguss|96/100|[from] Grassy Terrain
|-damage|p1b: Kilowattrel|67/100 psn|[from] psn
|upkeep
|turn|10
|
|t:|1756287541
|switch|p1b: Incineroar|Incineroar, L50, M|31/100 psn
|-ability|p1b: Incineroar|Intimidate|boost
|-unboost|p2a: Rillaboom|atk|1
|-unboost|p2b: Glimmora|atk|1
|move|p2a: Rillaboom|Grassy Glide|p1b: Incineroar
|-resisted|p1b: Incineroar
|-damage|p1b: Incineroar|19/100 psn
|move|p2b: Glimmora|Sludge Bomb|p1b: Incineroar
|-damage|p1b: Incineroar|0 fnt
|faint|p1b: Incineroar
|move|p1a: Amoonguss|Spore|p2b: Glimmora
|-status|p2b: Glimmora|slp|[from] move: Spore
|
|-heal|p2b: Glimmora|47/100 slp|[from] Grassy Terrain
|-heal|p2a: Rillaboom|45/100|[from] Grassy Terrain
|-heal|p1a: Amoonguss|100/100|[from] Grassy Terrain
|upkeep
|
|t:|1756287551
|switch|p1b: Kilowattrel|Kilowattrel, L50, M|67/100 psn
|turn|11
|inactive|beppe_brescia has 30 seconds left.
|
|t:|1756287579
|move|p2a: Rillaboom|Grassy Glide|p1b: Kilowattrel
|-resisted|p1b: Kilowattrel
|-damage|p1b: Kilowattrel|42/100 psn
|move|p1b: Kilowattrel|Air Slash|p2a: Rillaboom
|-supereffective|p2a: Rillaboom
|-damage|p2a: Rillaboom|0 fnt
|faint|p2a: Rillaboom
|cant|p2b: Glimmora|slp
|move|p1a: Amoonguss|Pollen Puff|p1b: Kilowattrel
|-heal|p1b: Kilowattrel|92/100 psn
|
|-heal|p2b: Glimmora|53/100 slp|[from] Grassy Terrain
|-damage|p1b: Kilowattrel|80/100 psn|[from] psn
|upkeep
|turn|12
|
|t:|1756287596
|-curestatus|p2b: Glimmora|slp|[msg]
|move|p2b: Glimmora|Spiky Shield|p2b: Glimmora
|-singleturn|p2b: Glimmora|move: Protect
|move|p1a: Amoonguss|Rage Powder|p1a: Amoonguss
|-singleturn|p1a: Amoonguss|move: Rage Powder
|move|p1b: Kilowattrel|Thunderbolt|p2b: Glimmora
|-activate|p2b: Glimmora|move: Protect
|
|-heal|p2b: Glimmora|58/100|[from] Grassy Terrain
|-damage|p1b: Kilowattrel|68/100 psn|[from] psn
|upkeep
|turn|13
|j| Albrtix
|
|t:|1756287608
|move|p1b: Kilowattrel|Protect|p1b: Kilowattrel
|-singleturn|p1b: Kilowattrel|Protect
|move|p2b: Glimmora|Power Gem|p1b: Kilowattrel
|-activate|p1b: Kilowattrel|move: Protect
|move|p1a: Amoonguss|Pollen Puff|p2b: Glimmora
|-resisted|p2b: Glimmora
|-damage|p2b: Glimmora|47/100
|
|-heal|p2b: Glimmora|53/100|[from] Grassy Terrain
|-damage|p1b: Kilowattrel|55/100 psn|[from] psn
|-fieldend|move: Grassy Terrain
|upkeep
|turn|14
|
|t:|1756287632
|move|p1a: Amoonguss|Rage Powder|p1a: Amoonguss
|-singleturn|p1a: Amoonguss|move: Rage Powder
|move|p1b: Kilowattrel|Thunderbolt|p2b: Glimmora
|-damage|p2b: Glimmora|0 fnt
|faint|p2b: Glimmora
|
|win|AlboPalestratoVGC
|l| Albrtix
||beppe_brescia is ready for game 3.
||AlboPalestratoVGC is ready for game 3.
|uhtml|next|Next: Game 3 of 3
|j| Albrtix
