|j|☆JinWasHere
|j|☆MomijiTheTengu
|html|JinWasHereMomijiTheTengu    
|uhtml|bestof|Game 2 of a best-of-3
|t:|1785871361
|gametype|doubles
|player|p1|JinWasHere|wallace|
|player|p2|MomijiTheTengu|266|
|gen|9
|tier|[Gen 9 Champions] VGC 2026 Reg M-B (Bo3)
|rule|Species Clause: Limit one of each Pokémon
|rule|Item Clause: Limit 1 of each item
|clearpoke
|poke|p1|Scolipede, L50, F, shiny|
|poke|p1|Annihilape, L50, F|
|poke|p1|Hydreigon, L50, F|
|poke|p1|Aerodactyl, L50, M|
|poke|p1|Basculegion, L50, M|
|poke|p1|Glimmora, L50, F|
|poke|p2|Staraptor, L50, M, shiny|
|poke|p2|Whimsicott, L50, F, shiny|
|poke|p2|Lopunny, L50, F, shiny|
|poke|p2|Farigiraf, L50, F, shiny|
|poke|p2|Sinistcha-Masterpiece, L50|
|poke|p2|Tinkaton, L50, F|
|teampreview|4
|showteam|p1|Scolipede||Scolipite|SpeedBoost|PoisonJab,LeechLife,SwordsDance,Protect|Adamant||F|||50|]Annihilape||FocusSash|Defiant|Coaching,DrainPunch,CloseCombat,PhantomForce|Jolly||F|||50|]Hydreigon||ChoiceScarf|Levitate|DarkPulse,Snarl,HeatWave,DracoMeteor|Timid||F|||50|]Aerodactyl||Aerodactylite|Unnerve|Tailwind,DualWingbeat,RockSlide,WideGuard|Jolly||M|||50|]Basculegion||MysticWater|Adaptability|AquaJet,LastRespects,FlipTurn,Protect|Jolly||M|||50|]Glimmora||Leftovers|ToxicDebris|PowerGem,SludgeBomb,Toxic,SpikyShield|Bold||F|||50|
|showteam|p2|Staraptor||Staraptite|Intimidate|CloseCombat,Protect,Roost,BlazeKick|Jolly||M|||50|]Whimsicott||FocusSash|Prankster|Moonblast,Tailwind,Charm,HelpingHand|Timid||F|||50|]Lopunny||Lopunnite|CuteCharm|FakeOut,CloseCombat,Protect,TripleAxel|Jolly||F|||50|]Farigiraf||SitrusBerry|ArmorTail|Psychic,HelpingHand,Protect,AllySwitch|Bold||F|||50|]Sinistcha-Masterpiece||Leftovers|Hospitality|MatchaGotcha,Protect,LifeDew,RagePowder|Modest|||||50|]Tinkaton||MetalCoat|MoldBreaker|GigatonHammer,BabyDollEyes,ThunderWave,FakeOut|Adamant||F|||50|
|j| Alex Agni
|j| Raspree
|c|☆JinWasHere|Dicci quando possiamo andare?
|c| Raspree|Potete cominciare. Buona fortuna
|
|t:|1785871436
|teamsize|p1|4
|teamsize|p2|4
|start
|switch|p1a: Annihilape|Annihilape, L50, F|100/100
|switch|p1b: Aerodactyl|Aerodactyl, L50, M|100/100
|switch|p2a: Giraraig|Farigiraf, L50, F, shiny|100/100
|switch|p2b: Staraptor|Staraptor, L50, M, shiny|100/100
|-ability|p1b: Aerodactyl|Unnerve
|-ability|p2b: Staraptor|Intimidate|boost
|-unboost|p1a: Annihilape|atk|1
|-ability|p1a: Annihilape|Defiant|boost
|-boost|p1a: Annihilape|atk|2
|-unboost|p1b: Aerodactyl|atk|1
|turn|1
|
|t:|1785871472
|switch|p1b: Basculegion|Basculegion, L50, M|100/100
|detailschange|p2b: Staraptor|Staraptor-Mega, L50, M, shiny
|-mega|p2b: Staraptor|Staraptor|Staraptite
|move|p2b: Staraptor|Protect|p2b: Staraptor
|-singleturn|p2b: Staraptor|Protect
|move|p2a: Giraraig|Protect|p2a: Giraraig
|-singleturn|p2a: Giraraig|Protect
|move|p1a: Annihilape|Phantom Force||[still]
|-prepare|p1a: Annihilape|Phantom Force
|
|upkeep
|turn|2
|
|t:|1785871509
|move|p2b: Staraptor|Blaze Kick|p1b: Basculegion
|-resisted|p1b: Basculegion|1
|-damage|p1b: Basculegion|83/100
|move|p1a: Annihilape|Phantom Force|p2b: Staraptor|[from] lockedmove
|-damage|p2b: Staraptor|34/100
|move|p1b: Basculegion|Flip Turn|p2b: Staraptor
|-damage|p2b: Staraptor|0 fnt
|faint|p2b: Staraptor
|
|t:|1785871521
|switch|p1b: Hydreigon|Hydreigon, L50, F|100/100|[from] Flip Turn
|move|p2a: Giraraig|Psychic|p1b: Hydreigon
|-immune|p1b: Hydreigon
|
|upkeep
|
|t:|1785871528
|switch|p2b: Tinkaton|Tinkaton, L50, F|100/100
|-ability|p2b: Tinkaton|Mold Breaker
|turn|3
|
|t:|1785871567
|move|p2a: Giraraig|Helping Hand|p2b: Tinkaton
|-singleturn|p2b: Tinkaton|Helping Hand|[of] p2a: Giraraig
|move|p1b: Hydreigon|Heat Wave|p2b: Tinkaton|[spread] p2a,p2b
|-supereffective|p2b: Tinkaton|1
|-damage|p2a: Giraraig|76/100
|-damage|p2b: Tinkaton|59/100
|move|p1a: Annihilape|Close Combat|p2b: Tinkaton
|-damage|p2b: Tinkaton|0 fnt
|-unboost|p1a: Annihilape|def|1
|-unboost|p1a: Annihilape|spd|1
|faint|p2b: Tinkaton
|
|upkeep
|
|t:|1785871578
|switch|p2b: Sinistcha|Sinistcha-Masterpiece, L50|100/100
|-heal|p2a: Giraraig|100/100|[from] ability: Hospitality|[of] p2b: Sinistcha
|turn|4
|
|t:|1785871602
|move|p1b: Hydreigon|Heat Wave|p2b: Sinistcha|[spread] p2a,p2b
|-supereffective|p2b: Sinistcha|1
|-damage|p2a: Giraraig|77/100
|-damage|p2b: Sinistcha|49/100
|move|p1a: Annihilape|Phantom Force||[still]
|-prepare|p1a: Annihilape|Phantom Force
|move|p2b: Sinistcha|Matcha Gotcha|p1b: Hydreigon|[spread] p1b
|-miss|p2b: Sinistcha|p1a: Annihilape
|-resisted|p1b: Hydreigon|1
|-damage|p1b: Hydreigon|84/100
|-heal|p2b: Sinistcha|57/100|[from] drain|[of] p1b: Hydreigon
|move|p2a: Giraraig|Psychic|p1a: Annihilape|[miss]
|-miss|p2a: Giraraig|p1a: Annihilape
|
|-heal|p2b: Sinistcha|63/100|[from] item: Leftovers
|upkeep
|turn|5
|
|t:|1785871620
|move|p2b: Sinistcha|Protect|p2b: Sinistcha
|-singleturn|p2b: Sinistcha|Protect
|move|p1b: Hydreigon|Heat Wave|p2b: Sinistcha|[spread] p2a
|-activate|p2b: Sinistcha|move: Protect
|-damage|p2a: Giraraig|53/100
|move|p1a: Annihilape|Phantom Force|p2b: Sinistcha|[from] lockedmove
|-activate|p2b: Sinistcha|move: Phantom Force|[broken]
|-supereffective|p2b: Sinistcha|1
|-damage|p2b: Sinistcha|0 fnt
|faint|p2b: Sinistcha
|move|p2a: Giraraig|Psychic|p1a: Annihilape
|-supereffective|p1a: Annihilape|1
|-enditem|p1a: Annihilape|Focus Sash
|-damage|p1a: Annihilape|1/100
|
|upkeep
|turn|6
|
|t:|1785871637
|move|p2a: Giraraig|Protect|p2a: Giraraig
|-singleturn|p2a: Giraraig|Protect
|move|p1b: Hydreigon|Heat Wave|p2a: Giraraig
|-activate|p2a: Giraraig|move: Protect
|move|p1a: Annihilape|Close Combat|p2a: Giraraig
|-activate|p2a: Giraraig|move: Protect
|
|upkeep
|turn|7
|
|t:|1785871648
|move|p1b: Hydreigon|Heat Wave|p2a: Giraraig
|-damage|p2a: Giraraig|22/100
|-enditem|p2a: Giraraig|Sitrus Berry|[eat]
|-heal|p2a: Giraraig|47/100|[from] item: Sitrus Berry
|move|p1a: Annihilape|Close Combat|p2a: Giraraig
|-damage|p2a: Giraraig|0 fnt
|-unboost|p1a: Annihilape|def|1
|-unboost|p1a: Annihilape|spd|1
|faint|p2a: Giraraig
|
|win|JinWasHere
