|j|☆prince42
|j|☆Morty_METPA
|html|prince42Morty_METPA    
|uhtml|bestof|Game 1 of a best-of-3
|t:|1785861306
|gametype|doubles
|player|p1|prince42|pokefan-gen4|
|player|p2|Morty_METPA|caitlin|
|gen|9
|tier|[Gen 9 Champions] VGC 2026 Reg M-B (Bo3)
|rule|Species Clause: Limit one of each Pokémon
|rule|Item Clause: Limit 1 of each item
|clearpoke
|poke|p1|Runerigus, L50, M|
|poke|p1|Abomasnow, L50, F|
|poke|p1|Toucannon, L50, M|
|poke|p1|Steelix, L50, F|
|poke|p1|Simipour, L50, M|
|poke|p1|Slowbro, L50, F|
|poke|p2|Steelix, L50, M|
|poke|p2|Toucannon, L50, M|
|poke|p2|Simisear, L50, F|
|poke|p2|Zoroark, L50, F|
|poke|p2|Heliolisk, L50, F|
|poke|p2|Mr. Rime, L50, M|
|teampreview|4
|showteam|p1|Runerigus||SitrusBerry|WanderingSpirit|TrickRoom,ShadowBall,Protect,RockSlide|Relaxed||M|||50|]Abomasnow||Abomasite|SnowWarning|Blizzard,GigaDrain,IceShard,Protect|Quiet||F|||50|]Toucannon||KingsRock|SkillLink|BulletSeed,Protect,BraveBird,BeakBlast|Brave||M|||50|]Steelix||OccaBerry|RockHead|HighHorsepower,WideGuard,GyroBall,Protect|Relaxed||F|||50|]Simipour||FocusSash|Gluttony|FakeOut,RainDance,IceBeam,FlipTurn|Hasty||M|||50|]Slowbro||Leftovers|Regenerator|TrickRoom,Scald,PsychicNoise,Protect|Relaxed||F|||50|
|showteam|p2|Steelix||Steelixite|Sturdy|HeavySlam,HighHorsepower,Protect,Earthquake|Adamant||M|||50|]Toucannon||MentalHerb|SkillLink|Tailwind,Protect,BulletSeed,BeakBlast|Careful||M|||50|]Simisear||LifeOrb|Blaze|FlareBlitz,FakeOut,Protect,Superpower|Jolly||F|||50|]Zoroark||FocusSash|Illusion|DarkPulse,FocusBlast,Uturn,Protect|Timid||F|||50|]Heliolisk||WhiteHerb|DrySkin|Electroweb,Thunderbolt,GrassKnot,Protect|Timid||F|||50|]Mr. Rime||OccaBerry|ScreenCleaner|Psychic,FakeOut,TrickRoom,FreezeDry|Quiet||M|||50|
|c|☆prince42|gl hf!
|c|☆Morty_METPA|GL HF!
|
|t:|1785861353
|teamsize|p1|4
|teamsize|p2|4
|start
|switch|p1a: Slowbro|Slowbro, L50, F|100/100
|switch|p1b: Simipour|Simipour, L50, M|100/100
|switch|p2a: Застилил|Steelix, L50, M|100/100
|switch|p2b: Обезьяна-Гриль|Simisear, L50, F|100/100
|turn|1
|
|t:|1785861427
|switch|p2b: Отлупи тапком|Heliolisk, L50, F|100/100
|detailschange|p2a: Застилил|Steelix-Mega, L50, M
|-mega|p2a: Застилил|Steelix|Steelixite
|move|p1a: Slowbro|Protect|p1a: Slowbro
|-singleturn|p1a: Slowbro|Protect
|move|p1b: Simipour|Fake Out|p2a: Застилил
|-resisted|p2a: Застилил|1
|-damage|p2a: Застилил|97/100
|cant|p2a: Застилил|flinch
|
|upkeep
|turn|2
|
|t:|1785861531
|move|p2b: Отлупи тапком|Grass Knot|p1b: Simipour
|-supereffective|p1b: Simipour|1
|-damage|p1b: Simipour|34/100
|move|p1b: Simipour|Ice Beam|p2b: Отлупи тапком
|-damage|p2b: Отлупи тапком|71/100
|move|p2a: Застилил|High Horsepower|p1a: Slowbro
|-damage|p1a: Slowbro|68/100
|move|p1a: Slowbro|Trick Room|p1a: Slowbro
|-fieldstart|move: Trick Room|[of] p1a: Slowbro
|
|-heal|p1a: Slowbro|74/100|[from] item: Leftovers
|upkeep
|turn|3
|
|t:|1785861567
|move|p1a: Slowbro|Scald|p2a: Застилил
|-supereffective|p2a: Застилил|1
|-damage|p2a: Застилил|41/100
|move|p2a: Застилил|High Horsepower|p1b: Simipour
|-damage|p1b: Simipour|0 fnt
|faint|p1b: Simipour
|move|p2b: Отлупи тапком|Thunderbolt|p1a: Slowbro
|-supereffective|p1a: Slowbro|1
|-damage|p1a: Slowbro|0 fnt
|faint|p1a: Slowbro
|
|upkeep
|
|t:|1785861576
|switch|p1a: Abomasnow|Abomasnow, L50, F|100/100
|switch|p1b: Steelix|Steelix, L50, F|100/100
|-weather|Snowscape|[from] ability: Snow Warning|[of] p1a: Abomasnow
|turn|4
|
|t:|1785861642
|detailschange|p1a: Abomasnow|Abomasnow-Mega, L50, F
|-mega|p1a: Abomasnow|Abomasnow|Abomasite
|move|p1a: Abomasnow|Protect|p1a: Abomasnow
|-singleturn|p1a: Abomasnow|Protect
|move|p2a: Застилил|Protect|p2a: Застилил
|-singleturn|p2a: Застилил|Protect
|move|p2b: Отлупи тапком|Protect|p2b: Отлупи тапком
|-singleturn|p2b: Отлупи тапком|Protect
|move|p1b: Steelix|High Horsepower|p2a: Застилил
|-activate|p2a: Застилил|move: Protect
|
|-weather|Snowscape|[upkeep]
|upkeep
|turn|5
|
|t:|1785861682
|move|p1b: Steelix|High Horsepower|p2b: Отлупи тапком
|-supereffective|p2b: Отлупи тапком|1
|-damage|p2b: Отлупи тапком|0 fnt
|faint|p2b: Отлупи тапком
|move|p1a: Abomasnow|Blizzard|p2a: Застилил
|-damage|p2a: Застилил|0 fnt
|faint|p2a: Застилил
|
|-weather|Snowscape|[upkeep]
|upkeep
|
|t:|1785861691
|switch|p2a: Обезьяна-Гриль|Simisear, L50, F|100/100
|switch|p2b: Обезьяна-Гриль|Simisear, L50, F|100/100
|turn|6
|
|t:|1785861731
|move|p1a: Abomasnow|Protect|p1a: Abomasnow
|-singleturn|p1a: Abomasnow|Protect
|move|p2b: Обезьяна-Гриль|Protect|p2b: Обезьяна-Гриль
|-singleturn|p2b: Обезьяна-Гриль|Protect
|move|p2a: Обезьяна-Гриль|Protect|p2a: Обезьяна-Гриль
|-singleturn|p2a: Обезьяна-Гриль|Protect
|move|p1b: Steelix|High Horsepower|p2b: Обезьяна-Гриль
|-activate|p2b: Обезьяна-Гриль|move: Protect
|
|-weather|Snowscape|[upkeep]
|-fieldend|move: Trick Room
|upkeep
|turn|7
|
|t:|1785861820
|move|p2a: Обезьяна-Гриль|Focus Blast|p1b: Steelix
|-supereffective|p1b: Steelix|1
|-damage|p1b: Steelix|0 fnt
|faint|p1b: Steelix
|move|p2b: Обезьяна-Гриль|Flare Blitz|p1a: Abomasnow
|-supereffective|p1a: Abomasnow|2
|-damage|p1a: Abomasnow|0 fnt
|faint|p1a: Abomasnow
|-damage|p2b: Обезьяна-Гриль|56/100|[from] Recoil
|-damage|p2b: Обезьяна-Гриль|47/100|[from] item: Life Orb
|
|win|Morty_METPA
||Morty_METPA is ready for game 2.
|inactive|prince42 has 29 seconds to confirm battle start!
||prince42 is ready for game 2.
|uhtml|next|Next: Game 2 of 3
|l|☆prince42
|player|p1|
