|j|☆tmjp01
|j|☆naibot2814
|html|tmjp01naibot2814    
|uhtml|bestof|Game 2 of a best-of-3
|t:|1782616813
|gametype|doubles
|player|p1|tmjp01|2|1266
|player|p2|naibot2814|ghetsis|1348
|gen|9
|tier|[Gen 9 Champions] VGC 2026 Reg M-B (Bo3)
|rated|
|rule|Species Clause: Limit one of each Pokémon
|rule|Item Clause: Limit 1 of each item
|clearpoke
|poke|p1|Corviknight, L50, F|
|poke|p1|Tyranitar, L50, M|
|poke|p1|Hydreigon, L50, M|
|poke|p1|Froslass, L50, F|
|poke|p1|Garchomp, L50, M|
|poke|p1|Arcanine-Hisui, L50, M|
|poke|p2|Metagross, L50, shiny|
|poke|p2|Sneasler, L50, M|
|poke|p2|Hydreigon, L50, M|
|poke|p2|Incineroar, L50, M|
|poke|p2|Aerodactyl, L50, M|
|poke|p2|Floette-Eternal, L50, F|
|teampreview|4
|showteam|p1|Corviknight||OccaBerry|MirrorArmor|BraveBird,Protect,IronHead,Tailwind|Adamant||F|||50|]Tyranitar||Tyranitarite|SandStream|Protect,KnockOff,RockSlide,DragonDance|Adamant||M|||50|]Hydreigon||ChoiceScarf|Levitate|DarkPulse,DracoMeteor,EarthPower,FlashCannon|Timid||M|||50|]Froslass||Froslassite|CursedBody|Blizzard,Protect,ShadowBall,WeatherBall|Timid||F|||50|]Garchomp||LifeOrb|RoughSkin|Protect,DragonClaw,RockSlide,Earthquake|Jolly||M|||50|]Arcanine-Hisui||FocusSash|RockHead|Protect,HeadSmash,ExtremeSpeed,FlareBlitz|Adamant||M|||50|
|showteam|p2|Metagross||Metagrossite|ClearBody|PsychicFangs,BodyPress,IronHead,Protect|Jolly|||||50|]Sneasler||WhiteHerb|Unburden|FakeOut,Coaching,CloseCombat,DireClaw|Jolly||M|||50|]Hydreigon||ChoiceScarf|Levitate|DracoMeteor,Snarl,DarkPulse,Flamethrower|Modest||M|||50|]Incineroar||PasshoBerry|Intimidate|FakeOut,DarkestLariat,FlareBlitz,PartingShot|Careful||M|||50|]Aerodactyl||FocusSash|Unnerve|DualWingbeat,RockSlide,WideGuard,Tailwind|Jolly||M|||50|]Floette-Eternal||Floettite|FlowerVeil|DrainingKiss,DazzlingGleam,CalmMind,Protect|Modest||F|||50|
|
|t:|1782616858
|teamsize|p1|4
|teamsize|p2|4
|start
|switch|p1a: Froslass|Froslass, L50, F|100/100
|switch|p1b: Garchomp|Garchomp, L50, M|100/100
|switch|p2a: Pedro Sánchez|Aerodactyl, L50, M|100/100
|switch|p2b: Metron|Metagross, L50, shiny|100/100
|-ability|p2a: Pedro Sánchez|Unnerve
|turn|1
|
|t:|1782616879
|detailschange|p1a: Froslass|Froslass-Mega, L50, F
|-mega|p1a: Froslass|Froslass|Froslassite
|-weather|Snowscape|[from] ability: Snow Warning|[of] p1a: Froslass
|detailschange|p2b: Metron|Metagross-Mega, L50, shiny
|-mega|p2b: Metron|Metagross|Metagrossite
|move|p2a: Pedro Sánchez|Rock Slide|p1b: Garchomp|[spread] p1a,p1b
|-supereffective|p1a: Froslass|1
|-resisted|p1b: Garchomp|1
|-damage|p1a: Froslass|42/100
|-damage|p1b: Garchomp|86/100
|cant|p1a: Froslass|flinch
|move|p2b: Metron|Iron Head|p1b: Garchomp
|-damage|p1b: Garchomp|24/100
|-damage|p2b: Metron|87/100|[from] ability: Rough Skin|[of] p1b: Garchomp
|move|p1b: Garchomp|Rock Slide|p2b: Metron|[spread] p2a,p2b
|-supereffective|p2a: Pedro Sánchez|1
|-resisted|p2b: Metron|1
|-damage|p2a: Pedro Sánchez|10/100
|-damage|p2b: Metron|79/100
|-damage|p1b: Garchomp|14/100|[from] item: Life Orb
|
|-weather|Snowscape|[upkeep]
|upkeep
|turn|2
|
|t:|1782616908
|move|p1a: Froslass|Protect|p1a: Froslass
|-singleturn|p1a: Froslass|Protect
|move|p2a: Pedro Sánchez|Tailwind|p2a: Pedro Sánchez
|-sidestart|p2: naibot2814|move: Tailwind
|move|p2b: Metron|Iron Head|p1a: Froslass
|-activate|p1a: Froslass|move: Protect
|move|p1b: Garchomp|Earthquake|p2a: Pedro Sánchez|[spread] p2b
|-activate|p1a: Froslass|move: Protect
|-immune|p2a: Pedro Sánchez
|-supereffective|p2b: Metron|1
|-damage|p2b: Metron|2/100
|-damage|p1b: Garchomp|4/100|[from] item: Life Orb
|
|-weather|Snowscape|[upkeep]
|upkeep
|turn|3
|
|t:|1782616946
|switch|p1a: Arcanine|Arcanine-Hisui, L50, M|100/100
|move|p2a: Pedro Sánchez|Rock Slide|p1a: Arcanine|[spread] p1a
|-miss|p2a: Pedro Sánchez|p1b: Garchomp
|-supereffective|p1a: Arcanine|1
|-damage|p1a: Arcanine|36/100
|move|p2b: Metron|Iron Head|p1a: Arcanine
|-crit|p1a: Arcanine
|-damage|p1a: Arcanine|0 fnt
|faint|p1a: Arcanine
|move|p1b: Garchomp|Rock Slide|p2b: Metron|[spread] p2a,p2b
|-supereffective|p2a: Pedro Sánchez|1
|-resisted|p2b: Metron|1
|-damage|p2a: Pedro Sánchez|0 fnt
|-damage|p2b: Metron|0 fnt
|faint|p2a: Pedro Sánchez
|faint|p2b: Metron
|-damage|p1b: Garchomp|0 fnt|[from] item: Life Orb
|faint|p1b: Garchomp
|
|-weather|Snowscape|[upkeep]
|upkeep
|
|t:|1782616969
|switch|p2a: HAIL HYDRA|Hydreigon, L50, M|100/100
|switch|p2b: Nagatoro|Sneasler, L50, M|100/100
|switch|p1b: Hydreigon|Hydreigon, L50, M|100/100
|switch|p1a: Froslass|Froslass-Mega, L50, F|42/100
|turn|4
|
|t:|1782616990
|move|p2b: Nagatoro|Fake Out|p1b: Hydreigon
|-crit|p1b: Hydreigon
|-damage|p1b: Hydreigon|76/100
|move|p2a: HAIL HYDRA|Dark Pulse|p1a: Froslass
|-supereffective|p1a: Froslass|1
|-damage|p1a: Froslass|0 fnt
|faint|p1a: Froslass
|cant|p1b: Hydreigon|flinch
|
|-weather|Snowscape|[upkeep]
|upkeep
|turn|5
|
|t:|1782616999
|move|p2a: HAIL HYDRA|Dark Pulse|p1b: Hydreigon
|-resisted|p1b: Hydreigon|1
|-damage|p1b: Hydreigon|53/100
|move|p2b: Nagatoro|Close Combat|p1b: Hydreigon
|-supereffective|p1b: Hydreigon|1
|-crit|p1b: Hydreigon
|-damage|p1b: Hydreigon|0 fnt
|-unboost|p2b: Nagatoro|def|1
|-unboost|p2b: Nagatoro|spd|1
|faint|p1b: Hydreigon
|
|win|naibot2814
||naibot2814 is ready for game 3.
||tmjp01 is ready for game 3.
|uhtml|next|Next: Game 3 of 3
|l|☆naibot2814
|player|p2|
