|j|☆vril fur4et
|j|☆Zack plays Pokemon
|html|vril fur4etZack plays Pokemon    
|uhtml|bestof|Game 1 of a best-of-3
|t:|1757671368
|gametype|doubles
|player|p1|vril fur4et|li|1122
|player|p2|Zack plays Pokemon|morty|1038
|gen|9
|tier|[Gen 9] VGC 2025 Reg H (Bo3)
|rated|
|rule|Species Clause: Limit one of each Pokémon
|rule|Item Clause: Limit 1 of each item
|clearpoke
|poke|p1|Flamigo, L50, F|
|poke|p1|Gholdengo, L50|
|poke|p1|Incineroar, L50, M|
|poke|p1|Amoonguss, L50, M|
|poke|p1|Ninetales-Alola, L50, M|
|poke|p1|Garchomp, L50, F|
|poke|p2|Typhlosion-Hisui, L50, M|
|poke|p2|Whimsicott, L50, M|
|poke|p2|Garchomp, L50, M|
|poke|p2|Indeedee, L50, M|
|poke|p2|Sneasler, L50, M|
|poke|p2|Scizor, L50, F|
|teampreview|4
|showteam|p1|Flamigo||ChoiceScarf|Scrappy|CloseCombat,DualWingbeat,BraveBird,Uturn|||F|||50|,,,,,Ghost]Gholdengo||Leftovers|GoodasGold|NastyPlot,ShadowBall,MakeItRain,Protect||||||50|,,,,,Dragon]Incineroar||SitrusBerry|Intimidate|FakeOut,KnockOff,FlareBlitz,PartingShot|||M|||50|,,,,,Grass]Amoonguss||RockyHelmet|Regenerator|Spore,RagePowder,PollenPuff,Protect|||M|||50|,,,,,Water]Ninetales-Alola||ChoiceSpecs|SnowWarning|Blizzard,FreezeDry,Moonblast,IcyWind|||M|||50|,,,,,Ice]Garchomp||LifeOrb|RoughSkin|StompingTantrum,Protect,DragonClaw,SwordsDance|||F|||50|,,,,,Fire
|showteam|p2|Typhlosion-Hisui||ChoiceScarf|Blaze|Eruption,Flamethrower,InfernalParade,Overheat|||M|||50|,,,,,Fire]Whimsicott||CovertCloak|Prankster|HelpingHand,SunnyDay,Moonblast,Tailwind|||M|||50|,,,,,Dragon]Garchomp||LifeOrb|RoughSkin|DragonClaw,RockSlide,StompingTantrum,Protect|||M|||50|,,,,,Fire]Indeedee||FocusSash|PsychicSurge|ExpandingForce,TrickRoom,TeraBlast,Imprison|||M|||50|,,,,,Ice]Sneasler||PsychicSeed|Unburden|ThroatChop,CloseCombat,DireClaw,Protect|||M|||50|,,,,,Flying]Scizor||ChoiceBand|Technician|BulletPunch,Uturn,DualWingbeat,IronHead|||F|||50|,,,,,Water
|inactive|Battle timer is ON: inactive players will automatically lose when time's up. (requested by Zack plays Pokemon)
|inactive|vril fur4et has 60 seconds left.
|
|t:|1757671451
|teamsize|p1|4
|teamsize|p2|4
|start
|switch|p1a: Flamigo|Flamigo, L50, F|100/100
|switch|p1b: Incineroar|Incineroar, L50, M|100/100
|switch|p2a: Indeedee|Indeedee, L50, M|100/100
|switch|p2b: Sneasler|Sneasler, L50, M|100/100
|-fieldstart|move: Psychic Terrain|[from] ability: Psychic Surge|[of] p2a: Indeedee
|-enditem|p2b: Sneasler|Psychic Seed
|-boost|p2b: Sneasler|spd|1|[from] item: Psychic Seed
|-ability|p1b: Incineroar|Intimidate|boost
|-unboost|p2a: Indeedee|atk|1
|-unboost|p2b: Sneasler|atk|1
|turn|1
|
|t:|1757671470
|move|p2b: Sneasler|Protect|p2b: Sneasler
|-singleturn|p2b: Sneasler|Protect
|move|p1a: Flamigo|Brave Bird|p2b: Sneasler
|-activate|p2b: Sneasler|move: Protect
|move|p2a: Indeedee|Expanding Force|p1a: Flamigo|[spread] p1a
|-immune|p1b: Incineroar
|-supereffective|p1a: Flamigo
|-damage|p1a: Flamigo|0 fnt
|faint|p1a: Flamigo
|move|p1b: Incineroar|Knock Off|p2a: Indeedee
|-supereffective|p2a: Indeedee
|-enditem|p2a: Indeedee|Focus Sash
|-damage|p2a: Indeedee|1/100
|
|upkeep
|
|t:|1757671480
|switch|p1a: Garchomp|Garchomp, L50, F|100/100
|turn|2
|inactive|Zack plays Pokemon has 30 seconds left.
|
|t:|1757671506
|move|p2b: Sneasler|Dire Claw|p1a: Garchomp
|-resisted|p1a: Garchomp
|-damage|p1a: Garchomp|86/100
|-damage|p2b: Sneasler|88/100|[from] ability: Rough Skin|[of] p1a: Garchomp
|move|p1a: Garchomp|Stomping Tantrum|p2b: Sneasler
|-supereffective|p2b: Sneasler
|-damage|p2b: Sneasler|0 fnt
|faint|p2b: Sneasler
|-damage|p1a: Garchomp|76/100|[from] item: Life Orb
|move|p2a: Indeedee|Expanding Force|p1b: Incineroar|[spread] p1a
|-immune|p1b: Incineroar
|-damage|p1a: Garchomp|19/100
|move|p1b: Incineroar|Knock Off|p2a: Indeedee
|-supereffective|p2a: Indeedee
|-damage|p2a: Indeedee|0 fnt
|faint|p2a: Indeedee
|
|upkeep
|
|t:|1757671515
|switch|p2b: Garchomp|Garchomp, L50, M|100/100
|switch|p2a: Typhlosion|Typhlosion-Hisui, L50, M|100/100
|turn|3
|inactive|vril fur4et has 30 seconds left.
|
|t:|1757671543
|move|p2a: Typhlosion|Eruption|p1b: Incineroar|[spread] p1a,p1b
|-resisted|p1a: Garchomp
|-resisted|p1b: Incineroar
|-damage|p1a: Garchomp|0 fnt
|-damage|p1b: Incineroar|75/100
|faint|p1a: Garchomp
|move|p2b: Garchomp|Stomping Tantrum|p1b: Incineroar
|-supereffective|p1b: Incineroar
|-damage|p1b: Incineroar|1/100
|-enditem|p1b: Incineroar|Sitrus Berry|[eat]
|-heal|p1b: Incineroar|26/100|[from] item: Sitrus Berry
|-damage|p2b: Garchomp|91/100|[from] item: Life Orb
|move|p1b: Incineroar|Knock Off|p2a: Typhlosion
|-supereffective|p2a: Typhlosion
|-damage|p2a: Typhlosion|0 fnt
|-enditem|p2a: Typhlosion|Choice Scarf|[from] move: Knock Off|[of] p1b: Incineroar
|faint|p2a: Typhlosion
|
|upkeep
|
|t:|1757671551
|switch|p1a: Ninetales|Ninetales-Alola, L50, M|100/100
|-weather|Snowscape|[from] ability: Snow Warning|[of] p1a: Ninetales
|turn|4
|
|t:|1757671574
|-terastallize|p2b: Garchomp|Fire
|-terastallize|p1b: Incineroar|Grass
|move|p1a: Ninetales|Blizzard|p2b: Garchomp
|-resisted|p2b: Garchomp
|-damage|p2b: Garchomp|58/100
|move|p2b: Garchomp|Rock Slide|p1a: Ninetales|[spread] p1a,p1b
|-supereffective|p1a: Ninetales
|-damage|p1a: Ninetales|55/100
|-damage|p1b: Incineroar|7/100
|-damage|p2b: Garchomp|48/100|[from] item: Life Orb
|move|p1b: Incineroar|Knock Off|p2b: Garchomp
|-damage|p2b: Garchomp|10/100
|-damage|p1b: Incineroar|0 fnt|[from] ability: Rough Skin|[of] p2b: Garchomp
|faint|p1b: Incineroar
|
|-weather|Snowscape|[upkeep]
|upkeep
|turn|5
|
|t:|1757671583
|move|p1a: Ninetales|Blizzard|p2b: Garchomp
|-resisted|p2b: Garchomp
|-damage|p2b: Garchomp|0 fnt
|faint|p2b: Garchomp
|
|win|vril fur4et
||vril fur4et is ready for game 2.
||Zack plays Pokemon is ready for game 2.
|uhtml|next|Next: Game 2 of 3
|l|☆Zack plays Pokemon
|player|p2|
