|j|☆RamonTheKiller
|j|☆boonanar
|html|RamonTheKillerboonanar    
|uhtml|bestof|Game 2 of a best-of-3
|t:|1756914769
|gametype|doubles
|player|p1|RamonTheKiller|palmer|1223
|player|p2|boonanar|flannery|1199
|gen|9
|tier|[Gen 9] VGC 2025 Reg H (Bo3)
|rated|
|rule|Species Clause: Limit one of each Pokémon
|rule|Item Clause: Limit 1 of each item
|clearpoke
|poke|p1|Incineroar, L50, F|
|poke|p1|Amoonguss, L50, M|
|poke|p1|Gholdengo, L50|
|poke|p1|Dragonite, L50, M|
|poke|p1|Sneasler, L50, M|
|poke|p1|Primarina, L50, M|
|poke|p2|Sneasler, L50, F|
|poke|p2|Dragapult, L50, M|
|poke|p2|Primarina, L50, F|
|poke|p2|Rillaboom, L50, F|
|poke|p2|Kingambit, L50, M|
|poke|p2|Magmar, L50, M|
|teampreview|4
|showteam|p1|Incineroar||SafetyGoggles|Intimidate|KnockOff,FakeOut,PartingShot,FlareBlitz|||F|||50|,,,,,Ghost]Amoonguss||RockyHelmet|Regenerator|RagePowder,PollenPuff,Spore,Protect|||M|||50|,,,,,Fairy]Gholdengo||LifeOrb|GoodasGold|MakeItRain,ShadowBall,NastyPlot,Protect||||||50|,,,,,Water]Dragonite||LoadedDice|Multiscale|ScaleShot,Protect,Tailwind,Haze|||M|||50|,,,,,Fairy]Sneasler||FocusSash|Unburden|DireClaw,CloseCombat,Protect,ThroatChop|||M|||50|,,,,,Stellar]Primarina||AssaultVest|LiquidVoice|HyperVoice,Moonblast,IcyWind,TeraBlast|||M|||50|,,,,,Poison
|showteam|p2|Sneasler||FocusSash|PoisonTouch|CloseCombat,DireClaw,FakeOut,Protect|||F|||50|,,,,,Stellar]Dragapult||ChoiceBand|ClearBody|DragonDarts,TeraBlast,PhantomForce,Uturn|||M|||50|,,,,,Ghost]Primarina||SitrusBerry|LiquidVoice|HyperVoice,Moonblast,Haze,Protect|||F|||50|,,,,,Water]Rillaboom||AssaultVest|GrassySurge|WoodHammer,GrassyGlide,HighHorsepower,FakeOut|||F|||50|,,,,,Fire]Kingambit||BlackGlasses|Defiant|KowtowCleave,SuckerPunch,SwordsDance,Protect|||M|||50|,,,,,Ghost]Magmar||Eviolite|VitalSpirit|Overheat,WillOWisp,FollowMe,Protect|||M|||50|,,,,,Ghost
|inactive|Battle timer is ON: inactive players will automatically lose when time's up. (requested by boonanar)
|
|t:|1756914791
|teamsize|p1|4
|teamsize|p2|4
|start
|switch|p1a: Amoonguss|Amoonguss, L50, M|100/100
|switch|p1b: Gholdengo|Gholdengo, L50|100/100
|switch|p2a: Rillaboom|Rillaboom, L50, F|100/100
|switch|p2b: Dragapult|Dragapult, L50, M|100/100
|-fieldstart|move: Grassy Terrain|[from] ability: Grassy Surge|[of] p2a: Rillaboom
|turn|1
|
|t:|1756914806
|switch|p2a: Sneasler|Sneasler, L50, F|100/100
|move|p1b: Gholdengo|Protect|p1b: Gholdengo
|-singleturn|p1b: Gholdengo|Protect
|move|p1a: Amoonguss|Protect|p1a: Amoonguss
|-singleturn|p1a: Amoonguss|Protect
|move|p2b: Dragapult|Phantom Force||[still]
|-prepare|p2b: Dragapult|Phantom Force
|
|upkeep
|turn|2
|
|t:|1756914821
|switch|p1b: Incineroar|Incineroar, L50, F|100/100
|-ability|p1b: Incineroar|Intimidate|boost
|-unboost|p2a: Sneasler|atk|1
|-fail|p2b: Dragapult|unboost|[from] ability: Clear Body|[of] p2b: Dragapult
|move|p2a: Sneasler|Fake Out|p1a: Amoonguss
|-damage|p1a: Amoonguss|93/100
|-damage|p2a: Sneasler|84/100|[from] item: Rocky Helmet|[of] p1a: Amoonguss
|move|p2b: Dragapult|Phantom Force|p1b: Incineroar|[from] lockedmove
|-resisted|p1b: Incineroar
|-damage|p1b: Incineroar|66/100
|cant|p1a: Amoonguss|flinch
|
|-heal|p2a: Sneasler|90/100|[from] Grassy Terrain
|-heal|p1b: Incineroar|72/100|[from] Grassy Terrain
|-heal|p1a: Amoonguss|99/100|[from] Grassy Terrain
|upkeep
|turn|3
|
|t:|1756914844
|-terastallize|p2b: Dragapult|Ghost
|move|p2a: Sneasler|Protect|p2a: Sneasler
|-singleturn|p2a: Sneasler|Protect
|move|p1b: Incineroar|Fake Out|p2a: Sneasler
|-activate|p2a: Sneasler|move: Protect
|move|p2b: Dragapult|Phantom Force||[still]
|-prepare|p2b: Dragapult|Phantom Force
|move|p1a: Amoonguss|Spore|p2a: Sneasler
|-activate|p2a: Sneasler|move: Protect
|
|-heal|p2a: Sneasler|96/100|[from] Grassy Terrain
|-heal|p1b: Incineroar|78/100|[from] Grassy Terrain
|-heal|p1a: Amoonguss|100/100|[from] Grassy Terrain
|upkeep
|turn|4
|
|t:|1756914867
|switch|p2a: Magmar|Magmar, L50, M|100/100
|move|p1a: Amoonguss|Rage Powder|p1a: Amoonguss
|-singleturn|p1a: Amoonguss|move: Rage Powder
|move|p2b: Dragapult|Phantom Force|p1a: Amoonguss|[from] lockedmove
|-damage|p1a: Amoonguss|27/100
|-damage|p2b: Dragapult|84/100|[from] item: Rocky Helmet|[of] p1a: Amoonguss
|move|p1b: Incineroar|Knock Off|p2b: Dragapult
|-supereffective|p2b: Dragapult
|-damage|p2b: Dragapult|0 fnt
|-enditem|p2b: Dragapult|Choice Band|[from] move: Knock Off|[of] p1b: Incineroar
|faint|p2b: Dragapult
|
|-heal|p1b: Incineroar|84/100|[from] Grassy Terrain
|-heal|p1a: Amoonguss|32/100|[from] Grassy Terrain
|upkeep
|
|t:|1756914875
|switch|p2b: Sneasler|Sneasler, L50, F|96/100
|turn|5
|
|t:|1756914891
|-terastallize|p1b: Incineroar|Ghost
|move|p1a: Amoonguss|Protect|p1a: Amoonguss
|-singleturn|p1a: Amoonguss|Protect
|move|p2a: Magmar|Follow Me|p2a: Magmar
|-singleturn|p2a: Magmar|move: Follow Me
|move|p2b: Sneasler|Close Combat|p1b: Incineroar
|-immune|p1b: Incineroar
|move|p1b: Incineroar|Parting Shot|p2a: Magmar
|-unboost|p2a: Magmar|atk|1
|-unboost|p2a: Magmar|spa|1
|
|t:|1756914908
|switch|p1b: Sneasler|Sneasler, L50, M|100/100|[from] Parting Shot
|
|-heal|p2b: Sneasler|100/100|[from] Grassy Terrain
|-heal|p1a: Amoonguss|38/100|[from] Grassy Terrain
|-fieldend|move: Grassy Terrain
|upkeep
|turn|6
|
|t:|1756914930
|switch|p1a: Incineroar|Incineroar, L50, F, tera:Ghost|84/100
|-ability|p1a: Incineroar|Intimidate|boost
|-unboost|p2a: Magmar|atk|1
|-unboost|p2b: Sneasler|atk|1
|move|p2b: Sneasler|Protect|p2b: Sneasler
|-singleturn|p2b: Sneasler|Protect
|move|p1b: Sneasler|Dire Claw|p2a: Magmar
|-damage|p2a: Magmar|67/100
|move|p2a: Magmar|Overheat|p1a: Incineroar
|-damage|p1a: Incineroar|55/100
|-unboost|p2a: Magmar|spa|2
|
|upkeep
|turn|7
|
|t:|1756914948
|switch|p2b: Rillaboom|Rillaboom, L50, F|100/100
|-fieldstart|move: Grassy Terrain|[from] ability: Grassy Surge|[of] p2b: Rillaboom
|move|p1a: Incineroar|Fake Out|p2b: Rillaboom
|-damage|p2b: Rillaboom|90/100
|move|p1b: Sneasler|Dire Claw|p2b: Rillaboom
|-supereffective|p2b: Rillaboom
|-damage|p2b: Rillaboom|8/100
|-status|p2b: Rillaboom|par
|move|p2a: Magmar|Will-O-Wisp|p1b: Sneasler
|-status|p1b: Sneasler|brn
|
|-heal|p2a: Magmar|73/100|[from] Grassy Terrain
|-heal|p1a: Incineroar|61/100|[from] Grassy Terrain
|-heal|p2b: Rillaboom|14/100 par|[from] Grassy Terrain
|-damage|p1b: Sneasler|95/100 brn|[from] brn
|upkeep
|turn|8
|
|t:|1756914969
|switch|p2a: Sneasler|Sneasler, L50, F|100/100
|move|p1b: Sneasler|Dire Claw|p2b: Rillaboom
|-supereffective|p2b: Rillaboom
|-damage|p2b: Rillaboom|0 fnt
|faint|p2b: Rillaboom
|move|p1a: Incineroar|Knock Off|p2a: Sneasler
|-resisted|p2a: Sneasler
|-damage|p2a: Sneasler|67/100
|-enditem|p2a: Sneasler|Focus Sash|[from] move: Knock Off|[of] p1a: Incineroar
|
|-heal|p2a: Sneasler|73/100|[from] Grassy Terrain
|-heal|p1b: Sneasler|100/100 brn|[from] Grassy Terrain
|-heal|p1a: Incineroar|67/100|[from] Grassy Terrain
|-damage|p1b: Sneasler|95/100 brn|[from] brn
|upkeep
|
|t:|1756914976
|switch|p2b: Magmar|Magmar, L50, M|73/100
|turn|9
|
|t:|1756914989
|move|p2a: Sneasler|Dire Claw|p1a: Incineroar
|-resisted|p1a: Incineroar
|-damage|p1a: Incineroar|45/100
|move|p1b: Sneasler|Dire Claw|p2a: Sneasler
|-resisted|p2a: Sneasler
|-damage|p2a: Sneasler|53/100
|-status|p2a: Sneasler|slp
|move|p2b: Magmar|Will-O-Wisp|p1a: Incineroar|[miss]
|-miss|p2b: Magmar|p1a: Incineroar
|move|p1a: Incineroar|Knock Off|p2b: Magmar
|-damage|p2b: Magmar|43/100
|-enditem|p2b: Magmar|Eviolite|[from] move: Knock Off|[of] p1a: Incineroar
|
|-heal|p2a: Sneasler|59/100 slp|[from] Grassy Terrain
|-heal|p1b: Sneasler|100/100 brn|[from] Grassy Terrain
|-heal|p2b: Magmar|49/100|[from] Grassy Terrain
|-heal|p1a: Incineroar|51/100|[from] Grassy Terrain
|-damage|p1b: Sneasler|95/100 brn|[from] brn
|upkeep
|turn|10
|-message|boonanar forfeited.
|
|win|RamonTheKiller
||boonanar is ready for game 3.
|inactive|RamonTheKiller has 30 seconds to confirm battle start!
