|j|☆AE21
|j|☆SideB33563356
|html|AE21SideB33563356    
|uhtml|bestof|Game 2 of a best-of-3
|t:|1784163808
|gametype|doubles
|player|p1|AE21|265|
|player|p2|SideB33563356|1|
|gen|9
|tier|[Gen 9 Champions] VGC 2026 Reg M-B (Bo3)
|rule|Species Clause: Limit one of each Pokémon
|rule|Item Clause: Limit 1 of each item
|clearpoke
|poke|p1|Tyrantrum, L50, F|
|poke|p1|Archaludon, L50, M|
|poke|p1|Luxray, L50, F|
|poke|p1|Gengar, L50, F|
|poke|p1|Quaquaval, L50, M|
|poke|p1|Staraptor, L50, F|
|poke|p2|Metagross, L50|
|poke|p2|Talonflame, L50, F|
|poke|p2|Basculegion, L50, M|
|poke|p2|Kingambit, L50, M|
|poke|p2|Hydreigon, L50, M|
|poke|p2|Ninetales-Alola, L50, M|
|teampreview|4
|showteam|p1|Tyrantrum||ExpertBelt|StrongJaw|Crunch,IceFang,PsychicFangs,FireFang|Adamant||F|||50|]Archaludon||QuickClaw|Stamina|ElectroShot,FlashCannon,DragonPulse,AuraSphere|Timid||M|||50|]Luxray||Leftovers|Guts|SupercellSlam,PlayRough,Crunch,Facade|Adamant||F|||50|]Gengar||LifeOrb|CursedBody|WillOWisp,DarkPulse,DazzlingGleam,ShadowBall|Timid||F|||50|]Quaquaval||ChoiceScarf|Moxie|AquaStep,CloseCombat,KnockOff,TripleAxel|Jolly||M|||50|]Staraptor||Staraptite|Intimidate|BlazeKick,CloseCombat,Uturn,BraveBird|Jolly||F|||50|
|showteam|p2|Metagross||Metagrossite|ClearBody|MeteorMash,PsychicFangs,BulletPunch,Protect|Jolly|||||50|]Talonflame||SharpBeak|GaleWings|BraveBird,WillOWisp,Tailwind,Protect|Jolly||F|||50|]Basculegion||LifeOrb|Adaptability|WaveCrash,LastRespects,AquaJet,Protect|Jolly||M|||50|]Kingambit||BlackGlasses|Defiant|KowtowCleave,LowKick,SuckerPunch,Protect|Adamant||M|||50|]Hydreigon||ChoiceScarf|Levitate|DarkPulse,DracoMeteor,Snarl,EarthPower|Modest||M|||50|]Ninetales-Alola||FocusSash|SnowWarning|Blizzard,FreezeDry,Encore,Protect|Timid||M|||50|
|
|t:|1784163862
|teamsize|p1|4
|teamsize|p2|4
|start
|switch|p1a: Staraptor|Staraptor, L50, F|100/100
|switch|p1b: Quaquaval|Quaquaval, L50, M|100/100
|switch|p2a: knickswinthechip!|Hydreigon, L50, M|100/100
|switch|p2b: Computah|Metagross, L50|100/100
|-ability|p1a: Staraptor|Intimidate|boost
|-unboost|p2a: knickswinthechip!|atk|1
|-fail|p2b: Computah|unboost|[from] ability: Clear Body|[of] p2b: Computah
|turn|1
|
|t:|1784163899
|detailschange|p2b: Computah|Metagross-Mega, L50
|-mega|p2b: Computah|Metagross|Metagrossite
|move|p1b: Quaquaval|Triple Axel|p2a: knickswinthechip!
|-supereffective|p2a: knickswinthechip!|1
|-damage|p2a: knickswinthechip!|84/100
|-supereffective|p2a: knickswinthechip!|1
|-damage|p2a: knickswinthechip!|55/100
|-supereffective|p2a: knickswinthechip!|1
|-damage|p2a: knickswinthechip!|11/100
|-hitcount|p2a: knickswinthechip!|3
|move|p2a: knickswinthechip!|Draco Meteor|p1b: Quaquaval|[miss]
|-miss|p2a: knickswinthechip!|p1b: Quaquaval
|move|p2b: Computah|Psychic Fangs|p1a: Staraptor
|-damage|p1a: Staraptor|14/100
|move|p1a: Staraptor|U-turn|p2a: knickswinthechip!
|-supereffective|p2a: knickswinthechip!|1
|-damage|p2a: knickswinthechip!|0 fnt
|faint|p2a: knickswinthechip!
|
|t:|1784163915
|switch|p1a: Gengar|Gengar, L50, F|100/100|[from] U-turn
|
|upkeep
|
|t:|1784163928
|switch|p2a: Trae Young|Talonflame, L50, F|100/100
|turn|2
|
|t:|1784163949
|switch|p1b: Staraptor|Staraptor, L50, F|14/100
|-ability|p1b: Staraptor|Intimidate|boost
|-unboost|p2a: Trae Young|atk|1
|-unboost|p2b: Computah|atk|1
|move|p2b: Computah|Protect|p2b: Computah
|-singleturn|p2b: Computah|Protect
|move|p2a: Trae Young|Brave Bird|p1b: Staraptor
|-damage|p1b: Staraptor|0 fnt
|faint|p1b: Staraptor
|-damage|p2a: Trae Young|94/100|[from] Recoil
|move|p1a: Gengar|Shadow Ball|p2b: Computah
|-activate|p2b: Computah|move: Protect
|
|upkeep
|
|t:|1784163964
|switch|p1b: Quaquaval|Quaquaval, L50, M|100/100
|turn|3
|
|t:|1784164010
|move|p2a: Trae Young|Protect|p2a: Trae Young
|-singleturn|p2a: Trae Young|Protect
|move|p1b: Quaquaval|Aqua Step|p2a: Trae Young
|-activate|p2a: Trae Young|move: Protect
|move|p2b: Computah|Psychic Fangs|p1a: Gengar
|-supereffective|p1a: Gengar|1
|-damage|p1a: Gengar|0 fnt
|faint|p1a: Gengar
|
|upkeep
|
|t:|1784164020
|switch|p1a: Luxray|Luxray, L50, F|100/100
|turn|4
|
|t:|1784164029
|switch|p2a: Texas Power Crisis|Ninetales-Alola, L50, M|100/100
|-weather|Snowscape|[from] ability: Snow Warning|[of] p2a: Texas Power Crisis
|move|p1b: Quaquaval|Aqua Step|p2a: Texas Power Crisis
|-damage|p2a: Texas Power Crisis|61/100
|-boost|p1b: Quaquaval|spe|1
|move|p2b: Computah|Psychic Fangs|p1b: Quaquaval
|-supereffective|p1b: Quaquaval|1
|-damage|p1b: Quaquaval|0 fnt
|faint|p1b: Quaquaval
|move|p1a: Luxray|Supercell Slam|p2a: Texas Power Crisis
|-damage|p2a: Texas Power Crisis|3/100
|
|-weather|Snowscape|[upkeep]
|upkeep
|turn|5
|
|t:|1784164054
|move|p2a: Texas Power Crisis|Protect|p2a: Texas Power Crisis
|-singleturn|p2a: Texas Power Crisis|Protect
|move|p2b: Computah|Psychic Fangs|p1a: Luxray
|-damage|p1a: Luxray|59/100
|move|p1a: Luxray|Crunch|p2b: Computah
|-supereffective|p2b: Computah|1
|-damage|p2b: Computah|54/100
|-unboost|p2b: Computah|def|1
|
|-weather|Snowscape|[upkeep]
|-heal|p1a: Luxray|65/100|[from] item: Leftovers
|upkeep
|turn|6
|
|t:|1784164070
|move|p2b: Computah|Psychic Fangs|p1a: Luxray
|-damage|p1a: Luxray|17/100
|move|p2a: Texas Power Crisis|Blizzard|p1a: Luxray
|-damage|p1a: Luxray|0 fnt
|faint|p1a: Luxray
|
|win|SideB33563356
|l|☆AE21
|player|p1|
