|j|☆P!nkbearz07
|j|☆elytsujuw
|html|P!nkbearz07elytsujuw    
|uhtml|bestof|Game 2 of a best-of-3
|t:|1757862520
|gametype|doubles
|player|p1|P!nkbearz07|marlon|1136
|player|p2|elytsujuw|volo|1195
|gen|9
|tier|[Gen 9] VGC 2025 Reg H (Bo3)
|rated|
|rule|Species Clause: Limit one of each Pokémon
|rule|Item Clause: Limit 1 of each item
|clearpoke
|poke|p1|Primeape, L50, F|
|poke|p1|Smeargle, L50, F|
|poke|p1|Coalossal, L50, F|
|poke|p1|Mismagius, L50, F|
|poke|p1|Tauros-Paldea-Aqua, L50, M|
|poke|p1|Rillaboom, L50, M|
|poke|p2|Comfey, L50, M|
|poke|p2|Rillaboom, L50, F|
|poke|p2|Incineroar, L50, F|
|poke|p2|Politoed, L50, F|
|poke|p2|Archaludon, L50, F|
|poke|p2|Grimmsnarl, L50, M|
|teampreview|4
|showteam|p1|Primeape||Eviolite|AngerPoint|RageFist,DrainPunch,Taunt,Protect|||F|||50|,,,,,Ghost]Smeargle||FocusSash|Technician|SurgingStrikes,Spore,AquaJet,Tailwind|||F|||50|,,,,,Ghost]Coalossal||WeaknessPolicy|SteamEngine|Earthquake,RockSlide,TemperFlare,IronDefense|||F|||50|,,,,,Ground]Mismagius||ChoiceSpecs|Levitate|ShadowBall,DazzlingGleam,MysticalFire,EnergyBall|||F|||50|,,,,,Stellar]Tauros-Paldea-Aqua||SafetyGoggles|AngerPoint|RagingBull,AquaJet,CloseCombat,SmartStrike|||M|||50|,,,,,Grass]Rillaboom||AssaultVest|GrassySurge|FakeOut,GrassyGlide,WoodHammer,DrumBeating|||M|||50|,,,,,Fire
|showteam|p2|Comfey||SitrusBerry|Triage|FloralHealing,DrainingKiss,GigaDrain,Protect|||M|||50|,,,,,Ghost]Rillaboom||LifeOrb|GrassySurge|FakeOut,WoodHammer,GrassyGlide,HighHorsepower|||F|||50|,,,,,Fire]Incineroar||AssaultVest|Intimidate|FlareBlitz,KnockOff,FakeOut,Uturn|||F|||50|,,,,,Ghost]Politoed||SafetyGoggles|Drizzle|WeatherBall,MuddyWater,Haze,Protect|||F|||50|,,,,,Grass]Archaludon||Leftovers|Stamina|ElectroShot,FlashCannon,BodyPress,Protect|||F|||50|,,,,,Electric]Grimmsnarl||LightClay|Prankster|SpiritBreak,LightScreen,Reflect,ThunderWave|||M|||50|,,,,,Steel
|inactive|Battle timer is ON: inactive players will automatically lose when time's up. (requested by P!nkbearz07)
|inactive|elytsujuw also wants the timer to be on.
|inactive|P!nkbearz07 has 60 seconds left.
|inactive|elytsujuw has 60 seconds left.
|
|t:|1757862568
|teamsize|p1|4
|teamsize|p2|4
|start
|switch|p1a: Smeargle|Smeargle, L50, F|100/100
|switch|p1b: Coalossal|Coalossal, L50, F|100/100
|switch|p2a: Grimmsnarl|Grimmsnarl, L50, M|100/100
|switch|p2b: Rillaboom|Rillaboom, L50, F|100/100
|-fieldstart|move: Grassy Terrain|[from] ability: Grassy Surge|[of] p2b: Rillaboom
|turn|1
|inactive|elytsujuw has 30 seconds left.
|inactive|elytsujuw has 20 seconds left.
|
|t:|1757862604
|-terastallize|p1a: Smeargle|Ghost
|move|p1a: Smeargle|Aqua Jet|p1b: Coalossal
|-supereffective|p1b: Coalossal
|-damage|p1b: Coalossal|75/100
|-ability|p1b: Coalossal|Steam Engine|boost
|-boost|p1b: Coalossal|spe|6
|-enditem|p1b: Coalossal|Weakness Policy
|-boost|p1b: Coalossal|atk|2|[from] item: Weakness Policy
|-boost|p1b: Coalossal|spa|2|[from] item: Weakness Policy
|move|p2a: Grimmsnarl|Light Screen|p2a: Grimmsnarl
|-sidestart|p2: elytsujuw|move: Light Screen
|move|p1b: Coalossal|Temper Flare|p2a: Grimmsnarl
|-damage|p2a: Grimmsnarl|36/100
|move|p2b: Rillaboom|High Horsepower|p1b: Coalossal
|-supereffective|p1b: Coalossal
|-damage|p1b: Coalossal|0 fnt
|faint|p1b: Coalossal
|-damage|p2b: Rillaboom|91/100|[from] item: Life Orb
|
|-heal|p2b: Rillaboom|97/100|[from] Grassy Terrain
|-heal|p2a: Grimmsnarl|42/100|[from] Grassy Terrain
|upkeep
|
|t:|1757862626
|switch|p1b: Rillaboom|Rillaboom, L50, M, shiny|100/100
|turn|2
|
|t:|1757862639
|switch|p2b: Archaludon|Archaludon, L50, F|100/100
|move|p1b: Rillaboom|Grassy Glide|p2a: Grimmsnarl
|-damage|p2a: Grimmsnarl|9/100
|move|p2a: Grimmsnarl|Reflect|p2a: Grimmsnarl
|-sidestart|p2: elytsujuw|Reflect
|move|p1a: Smeargle|Tailwind|p1a: Smeargle
|-sidestart|p1: P!nkbearz07|move: Tailwind
|
|-heal|p2a: Grimmsnarl|15/100|[from] Grassy Terrain
|upkeep
|turn|3
|inactive|elytsujuw has 30 seconds left.
|
|t:|1757862668
|switch|p2a: Rillaboom|Rillaboom, L50, F|97/100
|move|p1b: Rillaboom|Grassy Glide|p2a: Rillaboom
|-resisted|p2a: Rillaboom
|-damage|p2a: Rillaboom|87/100
|move|p1a: Smeargle|Spore|p2b: Archaludon
|-status|p2b: Archaludon|slp|[from] move: Spore
|cant|p2b: Archaludon|slp
|
|-heal|p2a: Rillaboom|93/100|[from] Grassy Terrain
|upkeep
|turn|4
|inactive|elytsujuw has 30 seconds left.
|
|t:|1757862702
|switch|p1b: Mismagius|Mismagius, L50, F|100/100
|switch|p2a: Politoed|Politoed, L50, F|100/100
|-weather|RainDance|[from] ability: Drizzle|[of] p2a: Politoed
|move|p1a: Smeargle|Surging Strikes|p2b: Archaludon
|-resisted|p2b: Archaludon
|-crit|p2b: Archaludon
|-damage|p2b: Archaludon|96/100 slp
|-ability|p2b: Archaludon|Stamina|boost
|-boost|p2b: Archaludon|def|1
|-resisted|p2b: Archaludon
|-crit|p2b: Archaludon
|-damage|p2b: Archaludon|92/100 slp
|-ability|p2b: Archaludon|Stamina|boost
|-boost|p2b: Archaludon|def|1
|-resisted|p2b: Archaludon
|-crit|p2b: Archaludon
|-damage|p2b: Archaludon|87/100 slp
|-ability|p2b: Archaludon|Stamina|boost
|-boost|p2b: Archaludon|def|1
|-hitcount|p2b: Archaludon|3
|cant|p2b: Archaludon|slp
|
|-weather|RainDance|[upkeep]
|-heal|p2b: Archaludon|93/100 slp|[from] Grassy Terrain
|-heal|p2b: Archaludon|99/100 slp|[from] item: Leftovers
|upkeep
|turn|5
|inactive|elytsujuw has 30 seconds left.
|
|t:|1757862733
|move|p1b: Mismagius|Mystical Fire|p2b: Archaludon
|-damage|p2b: Archaludon|86/100 slp
|-unboost|p2b: Archaludon|spa|1
|-ability|p2b: Archaludon|Stamina|boost
|-boost|p2b: Archaludon|def|1
|move|p1a: Smeargle|Surging Strikes|p2b: Archaludon
|-resisted|p2b: Archaludon
|-crit|p2b: Archaludon
|-damage|p2b: Archaludon|82/100 slp
|-ability|p2b: Archaludon|Stamina|boost
|-boost|p2b: Archaludon|def|1
|-resisted|p2b: Archaludon
|-crit|p2b: Archaludon
|-damage|p2b: Archaludon|78/100 slp
|-ability|p2b: Archaludon|Stamina|boost
|-boost|p2b: Archaludon|def|1
|-resisted|p2b: Archaludon
|-crit|p2b: Archaludon
|-damage|p2b: Archaludon|74/100 slp
|-hitcount|p2b: Archaludon|3
|cant|p2b: Archaludon|slp
|move|p2a: Politoed|Muddy Water|p1a: Smeargle|[spread] p1a,p1b
|-damage|p1a: Smeargle|24/100
|-damage|p1b: Mismagius|58/100
|-unboost|p1a: Smeargle|accuracy|1
|
|-weather|RainDance|[upkeep]
|-heal|p1a: Smeargle|30/100|[from] Grassy Terrain
|-heal|p2b: Archaludon|80/100 slp|[from] Grassy Terrain
|-heal|p2b: Archaludon|86/100 slp|[from] item: Leftovers
|-sideend|p1: P!nkbearz07|move: Tailwind
|-fieldend|move: Grassy Terrain
|upkeep
|turn|6
|
|t:|1757862751
|move|p1b: Mismagius|Mystical Fire|p2b: Archaludon
|-damage|p2b: Archaludon|72/100 slp
|-unboost|p2b: Archaludon|spa|1
|move|p1a: Smeargle|Spore|p2a: Politoed
|-activate|p2a: Politoed|item: Safety Goggles|Spore
|-curestatus|p2b: Archaludon|slp|[msg]
|move|p2b: Archaludon|Electro Shot||[still]
|-prepare|p2b: Archaludon|Electro Shot
|-boost|p2b: Archaludon|spa|1
|-anim|p2b: Archaludon|Electro Shot|p1b: Mismagius
|-damage|p1b: Mismagius|23/100
|move|p2a: Politoed|Weather Ball|p1b: Mismagius
|-damage|p1b: Mismagius|0 fnt
|faint|p1b: Mismagius
|
|-weather|RainDance|[upkeep]
|-heal|p2b: Archaludon|78/100|[from] item: Leftovers
|upkeep
|
|t:|1757862759
|switch|p1b: Rillaboom|Rillaboom, L50, M, shiny|100/100
|-fieldstart|move: Grassy Terrain|[from] ability: Grassy Surge|[of] p1b: Rillaboom
|turn|7
|-message|P!nkbearz07 forfeited.
|
|win|elytsujuw
|raw|P!nkbearz07's rating: 1136 → 1115(-21 for losing)
|raw|elytsujuw's rating: 1195 → 1216(+21 for winning)
