|j|☆sybe123
|j|☆precisiondepicasso
|html|sybe123precisiondepicasso    
|uhtml|bestof|Game 2 of a best-of-3
|t:|1782670302
|gametype|doubles
|player|p1|sybe123|2|1181
|player|p2|precisiondepicasso|cyclistf-gen4|1233
|gen|9
|tier|[Gen 9 Champions] VGC 2026 Reg M-B (Bo3)
|rated|
|rule|Species Clause: Limit one of each Pokémon
|rule|Item Clause: Limit 1 of each item
|clearpoke
|poke|p1|Raichu, L50, F|
|poke|p1|Whimsicott, L50, F|
|poke|p1|Maushold, L50|
|poke|p1|Ceruledge, L50, F|
|poke|p1|Annihilape, L50, F|
|poke|p1|Ninetales-Alola, L50, M|
|poke|p2|Aerodactyl, L50, F|
|poke|p2|Garchomp, L50, F|
|poke|p2|Kingambit, L50, M|
|poke|p2|Charizard, L50, F|
|poke|p2|Sylveon, L50, F|
|poke|p2|Farigiraf, L50, M|
|teampreview|4
|showteam|p1|Raichu||RaichuniteY|Static|ZapCannon,FocusBlast,Encore,Protect|Timid||F|||50|]Whimsicott||FairyFeather|Prankster|Moonblast,GrassKnot,Tailwind,Protect|Modest||F|||50|]Maushold||FocusSash|FriendGuard|SuperFang,FollowMe,BeatUp,Protect|Timid|||||50|]Ceruledge||LifeOrb|FlashFire|BitterBlade,ShadowSneak,BulkUp,Protect|Adamant||F|||50|]Annihilape||SitrusBerry|Defiant|RageFist,DrainPunch,Coaching,Protect|Adamant||F|||50|]Ninetales-Alola||NeverMeltIce|SnowWarning|Blizzard,FreezeDry,AuroraVeil,Protect|Timid||M|||50|
|showteam|p2|Aerodactyl||Aerodactylite|Unnerve|IceFang,RockSlide,Tailwind,DualWingbeat|Jolly||F|||50|]Garchomp||LifeOrb|RoughSkin|DragonClaw,StompingTantrum,Earthquake,Protect|Jolly||F|||50|]Kingambit||FocusSash|Defiant|SuckerPunch,KowtowCleave,IronHead,LowKick|Adamant||M|||50|]Charizard||CharizarditeY|Blaze|Protect,WeatherBall,HeatWave,SolarBeam|Modest||F|||50|]Sylveon||FairyFeather|Pixilate|Protect,HyperVoice,HyperBeam,QuickAttack|Modest||F|||50|]Farigiraf||SitrusBerry|ArmorTail|TrickRoom,Thunderbolt,Roar,TwinBeam|Bold||M|||50|
|inactive|Battle timer is ON: inactive players will automatically lose when time's up. (requested by precisiondepicasso)
|
|t:|1782670330
|teamsize|p1|4
|teamsize|p2|4
|start
|switch|p1a: Whimsicott|Whimsicott, L50, F|100/100
|switch|p1b: Raichu|Raichu, L50, F|100/100
|switch|p2a: Charizard|Charizard, L50, F|100/100
|switch|p2b: Garchomp|Garchomp, L50, F|100/100
|turn|1
|
|t:|1782670353
|switch|p2b: Farigiraf|Farigiraf, L50, M|100/100
|detailschange|p2a: Charizard|Charizard-Mega-Y, L50, F
|-mega|p2a: Charizard|Charizard|Charizardite Y
|-weather|SunnyDay|[from] ability: Drought|[of] p2a: Charizard
|move|p1a: Whimsicott|Protect|p1a: Whimsicott
|-singleturn|p1a: Whimsicott|Protect
|move|p1b: Raichu|Protect|p1b: Raichu
|-singleturn|p1b: Raichu|Protect
|move|p2a: Charizard|Heat Wave|p1b: Raichu|[spread] 
|-activate|p1a: Whimsicott|move: Protect
|-activate|p1b: Raichu|move: Protect
|
|-weather|SunnyDay|[upkeep]
|upkeep
|turn|2
|
|t:|1782670369
|switch|p1a: Ceruledge|Ceruledge, L50, F|100/100
|detailschange|p1b: Raichu|Raichu-Mega-Y, L50, F
|-mega|p1b: Raichu|Raichu|Raichunite Y
|move|p2a: Charizard|Protect|p2a: Charizard
|-singleturn|p2a: Charizard|Protect
|move|p1b: Raichu|Zap Cannon|p2a: Charizard
|-activate|p2a: Charizard|move: Protect
|move|p2b: Farigiraf|Trick Room|p2b: Farigiraf
|-fieldstart|move: Trick Room|[of] p2b: Farigiraf
|
|-weather|SunnyDay|[upkeep]
|upkeep
|turn|3
|inactive|precisiondepicasso has 30 seconds left.
|
|t:|1782670398
|switch|p2a: Kingambit|Kingambit, L50, M|100/100
|move|p2b: Farigiraf|Twin Beam|p1a: Ceruledge
|-damage|p1a: Ceruledge|83/100
|-damage|p1a: Ceruledge|66/100
|-hitcount|p1a: Ceruledge|2
|move|p1a: Ceruledge|Bitter Blade|p2b: Farigiraf
|-damage|p2b: Farigiraf|35/100
|-heal|p1a: Ceruledge|100/100|[from] drain|[of] p2b: Farigiraf
|-enditem|p2b: Farigiraf|Sitrus Berry|[eat]
|-heal|p2b: Farigiraf|60/100|[from] item: Sitrus Berry
|-damage|p1a: Ceruledge|90/100|[from] item: Life Orb
|move|p1b: Raichu|Zap Cannon|p2a: Kingambit
|-damage|p2a: Kingambit|31/100
|-status|p2a: Kingambit|par
|
|-weather|SunnyDay|[upkeep]
|upkeep
|turn|4
|
|t:|1782670420
|move|p1a: Ceruledge|Protect|p1a: Ceruledge
|-singleturn|p1a: Ceruledge|Protect
|move|p2a: Kingambit|Kowtow Cleave|p1b: Raichu
|-damage|p1b: Raichu|28/100
|move|p2b: Farigiraf|Twin Beam|p1b: Raichu
|-damage|p1b: Raichu|7/100
|-damage|p1b: Raichu|0 fnt
|faint|p1b: Raichu
|-hitcount|p1: Raichu|2
|
|-weather|SunnyDay|[upkeep]
|upkeep
|
|t:|1782670431
|switch|p1b: Maushold|Maushold, L50|100/100
|turn|5
|
|t:|1782670441
|move|p1b: Maushold|Follow Me|p1b: Maushold
|-singleturn|p1b: Maushold|move: Follow Me
|cant|p2a: Kingambit|par
|move|p2b: Farigiraf|Twin Beam|p1b: Maushold
|-damage|p1b: Maushold|80/100
|-damage|p1b: Maushold|61/100
|-hitcount|p1b: Maushold|2
|move|p1a: Ceruledge|Bitter Blade|p2a: Kingambit
|-supereffective|p2a: Kingambit|1
|-damage|p2a: Kingambit|0 fnt
|-heal|p1a: Ceruledge|100/100|[from] drain|[of] p2a: Kingambit
|faint|p2a: Kingambit
|-damage|p1a: Ceruledge|90/100|[from] item: Life Orb
|
|-weather|none
|upkeep
|
|t:|1782670455
|switch|p2a: Garchomp|Garchomp, L50, F|100/100
|turn|6
|inactive|sybe123 has 30 seconds left.
|inactive|sybe123 has 20 seconds left.
|inactive|sybe123 has 15 seconds left.
|inactive|sybe123 has 10 seconds left.
|
|t:|1782670503
|move|p2a: Garchomp|Protect|p2a: Garchomp
|-singleturn|p2a: Garchomp|Protect
|move|p2b: Farigiraf|Twin Beam|p1a: Ceruledge
|-damage|p1a: Ceruledge|78/100
|-damage|p1a: Ceruledge|65/100
|-hitcount|p1a: Ceruledge|2
|move|p1a: Ceruledge|Bulk Up|p1a: Ceruledge
|-boost|p1a: Ceruledge|atk|1
|-boost|p1a: Ceruledge|def|1
|move|p1b: Maushold|Super Fang|p2a: Garchomp
|-activate|p2a: Garchomp|move: Protect
|
|-fieldend|move: Trick Room
|upkeep
|turn|7
|
|t:|1782670527
|switch|p2b: Charizard|Charizard-Mega-Y, L50, F|100/100
|-weather|SunnyDay|[from] ability: Drought|[of] p2b: Charizard
|move|p1a: Ceruledge|Protect|p1a: Ceruledge
|-singleturn|p1a: Ceruledge|Protect
|move|p1b: Maushold|Super Fang|p2a: Garchomp
|-damage|p2a: Garchomp|50/100g
|-damage|p1b: Maushold|49/100|[from] ability: Rough Skin|[of] p2a: Garchomp
|move|p2a: Garchomp|Earthquake|p1a: Ceruledge|[spread] p1b
|-activate|p1a: Ceruledge|move: Protect
|-immune|p2b: Charizard
|-damage|p1b: Maushold|0 fnt
|faint|p1b: Maushold
|-damage|p2a: Garchomp|40/100|[from] item: Life Orb
|
|-weather|SunnyDay|[upkeep]
|upkeep
|
|t:|1782670541
|switch|p1b: Whimsicott|Whimsicott, L50, F|100/100
|turn|8
|
|t:|1782670565
|move|p2a: Garchomp|Protect|p2a: Garchomp
|-singleturn|p2a: Garchomp|Protect
|move|p1b: Whimsicott|Tailwind|p1b: Whimsicott
|-sidestart|p1: sybe123|move: Tailwind
|move|p1a: Ceruledge|Bitter Blade|p2a: Garchomp
|-activate|p2a: Garchomp|move: Protect
|move|p2b: Charizard|Weather Ball|p1b: Whimsicott
|-supereffective|p1b: Whimsicott|1
|-crit|p1b: Whimsicott
|-damage|p1b: Whimsicott|0 fnt
|faint|p1b: Whimsicott
|
|-weather|SunnyDay|[upkeep]
|upkeep
|turn|9
|inactive|sybe123 has 30 seconds left.
|
|t:|1782670593
|switch|p2a: Farigiraf|Farigiraf, L50, M|60/100
|move|p1a: Ceruledge|Bitter Blade|p2a: Farigiraf
|-damage|p2a: Farigiraf|0 fnt
|-heal|p1a: Ceruledge|100/100|[from] drain|[of] p2a: Farigiraf
|faint|p2a: Farigiraf
|-damage|p1a: Ceruledge|90/100|[from] item: Life Orb
|move|p2b: Charizard|Solar Beam||[still]
|-prepare|p2b: Charizard|Solar Beam
|-anim|p2b: Charizard|Solar Beam|p1a: Ceruledge
|-resisted|p1a: Ceruledge|1
|-damage|p1a: Ceruledge|66/100
|
|-weather|SunnyDay|[upkeep]
|upkeep
|
|t:|1782670605
|switch|p2a: Garchomp|Garchomp, L50, F|40/100
|turn|10
|
|t:|1782670611
|move|p2a: Garchomp|Protect|p2a: Garchomp
|-singleturn|p2a: Garchomp|Protect
|move|p1a: Ceruledge|Bitter Blade|p2a: Garchomp
|-activate|p2a: Garchomp|move: Protect
|move|p2b: Charizard|Solar Beam||[still]
|-prepare|p2b: Charizard|Solar Beam
|-anim|p2b: Charizard|Solar Beam|p1a: Ceruledge
|-resisted|p1a: Ceruledge|1
|-damage|p1a: Ceruledge|45/100
|
|-weather|SunnyDay|[upkeep]
|upkeep
|turn|11
|
|t:|1782670623
|move|p2a: Garchomp|Protect||[still]
|-fail|p2a: Garchomp
|move|p1a: Ceruledge|Bitter Blade|p2a: Garchomp
|-resisted|p2a: Garchomp|1
|-damage|p2a: Garchomp|0 fnt
|-heal|p1a: Ceruledge|67/100|[from] drain|[of] p2a: Garchomp
|-damage|p1a: Ceruledge|54/100|[from] ability: Rough Skin|[of] p2a: Garchomp
|faint|p2a: Garchomp
|-damage|p1a: Ceruledge|45/100|[from] item: Life Orb
|move|p2b: Charizard|Solar Beam||[still]
|-prepare|p2b: Charizard|Solar Beam
|-anim|p2b: Charizard|Solar Beam|p1a: Ceruledge
|-resisted|p1a: Ceruledge|1
|-damage|p1a: Ceruledge|21/100
|
|-weather|none
|-sideend|p1: sybe123|move: Tailwind
|upkeep
|turn|12
|
|t:|1782670642
|move|p2b: Charizard|Weather Ball|p1a: Ceruledge
|-immune|p1a: Ceruledge
|move|p1a: Ceruledge|Bitter Blade|p2b: Charizard
|-resisted|p2b: Charizard|1
|-crit|p2b: Charizard
|-damage|p2b: Charizard|34/100
|-heal|p1a: Ceruledge|53/100|[from] drain|[of] p2b: Charizard
|-damage|p1a: Ceruledge|44/100|[from] item: Life Orb
|
|upkeep
|turn|13
|-message|precisiondepicasso forfeited.
|
|win|sybe123
|raw|sybe123's rating: 1181 → 1210(+29 for winning)
|raw|precisiondepicasso's rating: 1233 → 1204(-29 for losing)
|c|☆sybe123|gg
|l|☆sybe123
|player|p1|
