|j|☆laic67place
|j|☆Jakobtc
|html|laic67placeJakobtc    
|uhtml|bestof|Game 2 of a best-of-3
|t:|1756444707
|gametype|doubles
|player|p1|laic67place|wattson|1312
|player|p2|Jakobtc|riley|1182
|gen|9
|tier|[Gen 9] VGC 2025 Reg H (Bo3)
|rated|
|rule|Species Clause: Limit one of each Pokémon
|rule|Item Clause: Limit 1 of each item
|clearpoke
|poke|p1|Garchomp, L50, F|
|poke|p1|Torkoal, L50, M|
|poke|p1|Dragonite, L50, F|
|poke|p1|Kingambit, L50, M|
|poke|p1|Typhlosion-Hisui, L50, M|
|poke|p1|Jumpluff, L50, F|
|poke|p2|Glimmora, L50, F|
|poke|p2|Magmar, L50, F|
|poke|p2|Braviary, L50, M|
|poke|p2|Kingambit, L50, F|
|poke|p2|Amoonguss, L50, M|
|poke|p2|Hydreigon, L50, M|
|teampreview|4
|showteam|p1|Garchomp||LifeOrb|RoughSkin|DragonClaw,StompingTantrum,Earthquake,Protect|||F|||50|,,,,,Fire]Torkoal||EjectPack|Drought|Overheat,BurningJealousy,HelpingHand,Protect|||M|||50|,,,,,Flying]Dragonite||LoadedDice|Multiscale|ScaleShot,ExtremeSpeed,IceSpinner,Protect|||F|||50|,,,,,Fairy]Kingambit||AssaultVest|Defiant|IronHead,SuckerPunch,KowtowCleave,LowKick|||M|||50|,,,,,Flying]Typhlosion-Hisui||ChoiceSpecs|Blaze|Eruption,ShadowBall,HeatWave,Overheat|||M|||50|,,,,,Fire]Jumpluff||CovertCloak|Chlorophyll|SleepPowder,SunnyDay,RagePowder,Tailwind|||F|||50|,,,,,Water
|showteam|p2|Glimmora||PowerHerb|ToxicDebris|MeteorBeam,SludgeBomb,EarthPower,SpikyShield|||F|||50|,,,,,Water]Magmar||Eviolite|VitalSpirit|FollowMe,HelpingHand,Overheat,Protect|||F|||50|,,,,,Grass]Braviary||ChoiceScarf|Defiant|BraveBird,DualWingbeat,Superpower,Uturn|||M|||50|,,,,,Flying]Kingambit||AssaultVest|Defiant|KowtowCleave,SuckerPunch,IronHead,LowKick|||F|||50|,,,,,Dragon]Amoonguss||SitrusBerry|Regenerator|Spore,RagePowder,PollenPuff,Protect|||M|||50|,,,,,Psychic]Hydreigon||LifeOrb|Levitate|DracoMeteor,DarkPulse,EarthPower,Protect|||M|||50|,,,,,Ghost
|
|t:|1756444777
|teamsize|p1|4
|teamsize|p2|4
|start
|switch|p1a: Torkoal|Torkoal, L50, M|100/100
|switch|p1b: Jumpluff|Jumpluff, L50, F|100/100
|switch|p2a: Glimmora|Glimmora, L50, F|100/100
|switch|p2b: Magmar|Magmar, L50, F|100/100
|-weather|SunnyDay|[from] ability: Drought|[of] p1a: Torkoal
|turn|1
|
|t:|1756444816
|move|p1a: Torkoal|Protect|p1a: Torkoal
|-singleturn|p1a: Torkoal|Protect
|move|p2b: Magmar|Follow Me|p2b: Magmar
|-singleturn|p2b: Magmar|move: Follow Me
|move|p1b: Jumpluff|Tailwind|p1b: Jumpluff
|-sidestart|p1: laic67place|move: Tailwind
|move|p2a: Glimmora|Meteor Beam||[still]
|-prepare|p2a: Glimmora|Meteor Beam
|-boost|p2a: Glimmora|spa|1
|-enditem|p2a: Glimmora|Power Herb
|-anim|p2a: Glimmora|Meteor Beam|p1a: Torkoal
|-activate|p1a: Torkoal|move: Protect
|
|-weather|SunnyDay|[upkeep]
|upkeep
|turn|2
|
|t:|1756444860
|switch|p1b: Garchomp|Garchomp, L50, F|100/100
|move|p2b: Magmar|Protect|p2b: Magmar
|-singleturn|p2b: Magmar|Protect
|move|p2a: Glimmora|Sludge Bomb|p1b: Garchomp
|-resisted|p1b: Garchomp
|-damage|p1b: Garchomp|66/100
|move|p1a: Torkoal|Overheat|p2b: Magmar
|-activate|p2b: Magmar|move: Protect
|
|-weather|SunnyDay|[upkeep]
|upkeep
|turn|3
|
|t:|1756444907
|move|p1a: Torkoal|Helping Hand|p1b: Garchomp
|-singleturn|p1b: Garchomp|Helping Hand|[of] p1a: Torkoal
|move|p2a: Glimmora|Spiky Shield|p2a: Glimmora
|-singleturn|p2a: Glimmora|move: Protect
|move|p1b: Garchomp|Earthquake|p2a: Glimmora|[spread] p1a,p2b
|-activate|p2a: Glimmora|move: Protect
|-supereffective|p1a: Torkoal
|-supereffective|p2b: Magmar
|-damage|p1a: Torkoal|0 fnt
|-damage|p2b: Magmar|0 fnt
|faint|p1a: Torkoal
|faint|p2b: Magmar
|-damage|p1b: Garchomp|56/100|[from] item: Life Orb
|
|-weather|SunnyDay|[upkeep]
|upkeep
|
|t:|1756444926
|switch|p2b: Hydreigon|Hydreigon, L50, M|100/100
|switch|p1a: Typhlosion|Typhlosion-Hisui, L50, M|100/100
|turn|4
|
|t:|1756444962
|switch|p1b: Jumpluff|Jumpluff, L50, F|100/100
|-terastallize|p1a: Typhlosion|Fire
|move|p2b: Hydreigon|Protect|p2b: Hydreigon
|-singleturn|p2b: Hydreigon|Protect
|move|p1a: Typhlosion|Eruption|p2b: Hydreigon|[spread] p2a
|-activate|p2b: Hydreigon|move: Protect
|-resisted|p2a: Glimmora
|-damage|p2a: Glimmora|0 fnt
|faint|p2a: Glimmora
|
|-weather|SunnyDay|[upkeep]
|-sideend|p1: laic67place|move: Tailwind
|upkeep
|
|t:|1756444973
|switch|p2a: Kingambit|Kingambit, L50, F|100/100
|turn|5
|
|t:|1756444986
|-terastallize|p2a: Kingambit|Dragon
|move|p1b: Jumpluff|Rage Powder|p1b: Jumpluff
|-singleturn|p1b: Jumpluff|move: Rage Powder
|move|p1a: Typhlosion|Eruption|p2b: Hydreigon|[spread] p2a,p2b
|-resisted|p2a: Kingambit
|-resisted|p2b: Hydreigon
|-damage|p2a: Kingambit|46/100
|-damage|p2b: Hydreigon|9/100
|move|p2b: Hydreigon|Draco Meteor|p1b: Jumpluff
|-damage|p1b: Jumpluff|2/100
|-unboost|p2b: Hydreigon|spa|2
|-damage|p2b: Hydreigon|0 fnt|[from] item: Life Orb
|faint|p2b: Hydreigon
|move|p2a: Kingambit|Kowtow Cleave|p1b: Jumpluff
|-damage|p1b: Jumpluff|0 fnt
|faint|p1b: Jumpluff
|
|-weather|none
|upkeep
|
|t:|1756444993
|switch|p1b: Garchomp|Garchomp, L50, F|56/100
|turn|6
|
|t:|1756445004
|move|p2a: Kingambit|Sucker Punch|p1b: Garchomp
|-damage|p1b: Garchomp|18/100
|-damage|p2a: Kingambit|34/100|[from] ability: Rough Skin|[of] p1b: Garchomp
|move|p1b: Garchomp|Dragon Claw|p2a: Kingambit
|-supereffective|p2a: Kingambit
|-damage|p2a: Kingambit|0 fnt
|faint|p2a: Kingambit
|-damage|p1b: Garchomp|9/100|[from] item: Life Orb
|
|win|laic67place
|raw|laic67place's rating: 1312 → 1325(+13 for winning)
|raw|Jakobtc's rating: 1182 → 1166(-16 for losing)
|c|☆Jakobtc|gg i got rolled
|l|☆laic67place
|player|p1|
