|j|☆MiniBerg10
|j|☆MH14
|html|MiniBerg10MH14    
|uhtml|bestof|Game 1 of a best-of-3
|t:|1757757500
|gametype|doubles
|player|p1|MiniBerg10|lucas-gen4pt|1103
|player|p2|MH14|cheren|1032
|gen|9
|tier|[Gen 9] VGC 2025 Reg H (Bo3)
|rated|
|rule|Species Clause: Limit one of each Pokémon
|rule|Item Clause: Limit 1 of each item
|clearpoke
|poke|p1|Pelipper, L50, M|
|poke|p1|Archaludon, L50, M|
|poke|p1|Maushold-Four, L50|
|poke|p1|Amoonguss, L50, F|
|poke|p1|Rillaboom, L50, F|
|poke|p1|Basculegion, L50, M|
|poke|p2|Typhlosion, L50, M|
|poke|p2|Bronzong, L50|
|poke|p2|Ursaluna, L50, F|
|poke|p2|Murkrow, L50, M|
|poke|p2|Sinistcha, L50|
|poke|p2|Dragonite, L50, F|
|teampreview|4
|showteam|p1|Pelipper||CovertCloak|Drizzle|Hurricane,WeatherBall,HelpingHand,Tailwind|||M|||50|,,,,,Grass]Archaludon||AssaultVest|Stamina|ElectroShot,FlashCannon,DragonPulse,BodyPress|||M|||50|,,,,,Grass]Maushold-Four||FocusSash|FriendGuard|PopulationBomb,HelpingHand,FollowMe,Protect||||||50|,,,,,Ghost]Amoonguss||MentalHerb|Regenerator|Spore,RagePowder,PollenPuff,Protect|||F|||50|,,,,,Fire]Rillaboom||RockyHelmet|GrassySurge|FakeOut,WoodHammer,GrassyGlide,HighHorsepower|||F|||50|,,,,,Fire]Basculegion||ChoiceScarf|Adaptability|Liquidation,AquaJet,LastRespects,FlipTurn|||M|||50|,,,,,Water
|showteam|p2|Typhlosion||ChoiceSpecs|FlashFire|Eruption,Flamethrower,SolarBeam,FocusBlast|||M|||50|,,,,,Fire]Bronzong||Leftovers|Levitate|HeavySlam,TrickRoom,BodyPress,Protect||||||50|,,,,,Fighting]Ursaluna||FlameOrb|Guts|Earthquake,HeadlongRush,Facade,Protect|||F|||50|,,,,,Ghost]Murkrow||Eviolite|Prankster|Snarl,Tailwind,Haze,SunnyDay|||M|||50|,,,,,Ghost]Sinistcha||RockyHelmet|Hospitality|MatchaGotcha,ShadowBall,LifeDew,RagePowder||||||50|,,,,,Water]Dragonite||ChoiceBand|InnerFocus|TeraBlast,ExtremeSpeed,IceSpinner,LowKick|||F|||50|,,,,,Flying
|inactive|Battle timer is ON: inactive players will automatically lose when time's up. (requested by MiniBerg10)
|
|t:|1757757539
|teamsize|p1|4
|teamsize|p2|4
|start
|switch|p1a: Archaludon|Archaludon, L50, M|100/100
|switch|p1b: Basculegion|Basculegion, L50, M|100/100
|switch|p2a: Typhlosion|Typhlosion, L50, M|100/100
|switch|p2b: Murkrow|Murkrow, L50, M|100/100
|turn|1
|
|t:|1757757555
|switch|p1a: Pelipper|Pelipper, L50, M|100/100
|-weather|RainDance|[from] ability: Drizzle|[of] p1a: Pelipper
|-terastallize|p2a: Typhlosion|Fire
|move|p2b: Murkrow|Sunny Day|p2b: Murkrow
|-weather|SunnyDay
|move|p1b: Basculegion|Liquidation|p2a: Typhlosion
|-supereffective|p2a: Typhlosion
|-damage|p2a: Typhlosion|21/100
|move|p2a: Typhlosion|Eruption|p1b: Basculegion|[spread] p1a,p1b
|-resisted|p1a: Pelipper
|-resisted|p1b: Basculegion
|-damage|p1a: Pelipper|72/100
|-damage|p1b: Basculegion|81/100
|
|-weather|SunnyDay|[upkeep]
|upkeep
|turn|2
|inactive|MH14 has 30 seconds left.
|inactive|MiniBerg10 has 30 seconds left.
|
|t:|1757757594
|switch|p1b: Archaludon|Archaludon, L50, M|100/100
|switch|p2a: Dragonite|Dragonite, L50, F|100/100
|move|p2b: Murkrow|Tailwind|p2b: Murkrow
|-sidestart|p2: MH14|move: Tailwind
|move|p1a: Pelipper|Tailwind|p1a: Pelipper
|-sidestart|p1: MiniBerg10|move: Tailwind
|
|-weather|SunnyDay|[upkeep]
|upkeep
|turn|3
|inactive|MH14 has 30 seconds left.
|inactive|MiniBerg10 has 30 seconds left.
|inactive|MH14 has 20 seconds left.
|inactive|MH14 has 15 seconds left.
|inactive|MiniBerg10 has 20 seconds left.
|inactive|MH14 has 10 seconds left.
|inactive|MiniBerg10 has 15 seconds left.
|
|t:|1757757645
|switch|p1a: Amoonguss|Amoonguss, L50, F|100/100
|-terastallize|p1b: Archaludon|Grass
|move|p2a: Dragonite|Ice Spinner|p1a: Amoonguss
|-supereffective|p1a: Amoonguss
|-damage|p1a: Amoonguss|34/100
|move|p2b: Murkrow|Snarl|p1b: Archaludon|[spread] p1a,p1b
|-damage|p1a: Amoonguss|23/100
|-damage|p1b: Archaludon|88/100
|-unboost|p1a: Amoonguss|spa|1
|-unboost|p1b: Archaludon|spa|1
|-ability|p1b: Archaludon|Stamina|boost
|-boost|p1b: Archaludon|def|1
|move|p1b: Archaludon|Body Press|p2b: Murkrow
|-crit|p2b: Murkrow
|-damage|p2b: Murkrow|43/100
|
|-weather|SunnyDay|[upkeep]
|upkeep
|turn|4
|inactive|MiniBerg10 has 30 seconds left.
|inactive|MH14 has 30 seconds left.
|
|t:|1757757679
|switch|p1b: Pelipper|Pelipper, L50, M|72/100
|-weather|RainDance|[from] ability: Drizzle|[of] p1b: Pelipper
|move|p2b: Murkrow|Haze|p2b: Murkrow
|-clearallboost
|move|p2a: Dragonite|Ice Spinner|p1b: Pelipper
|-damage|p1b: Pelipper|12/100
|move|p1a: Amoonguss|Spore|p2b: Murkrow
|-status|p2b: Murkrow|slp|[from] move: Spore
|
|-weather|RainDance|[upkeep]
|upkeep
|turn|5
|
|t:|1757757699
|switch|p2b: Typhlosion|Typhlosion, L50, M, tera:Fire|21/100
|move|p2a: Dragonite|Ice Spinner|p1a: Amoonguss
|-supereffective|p1a: Amoonguss
|-damage|p1a: Amoonguss|0 fnt
|faint|p1a: Amoonguss
|move|p1b: Pelipper|Weather Ball|p2b: Typhlosion
|-supereffective|p2b: Typhlosion
|-damage|p2b: Typhlosion|0 fnt
|faint|p2b: Typhlosion
|
|-weather|RainDance|[upkeep]
|-sideend|p1: MiniBerg10|move: Tailwind
|-sideend|p2: MH14|move: Tailwind
|upkeep
|
|t:|1757757712
|switch|p2b: Ursaluna|Ursaluna, L50, F|100/100
|switch|p1a: Archaludon|Archaludon, L50, M, tera:Grass|88/100
|turn|6
|
|t:|1757757725
|move|p2b: Ursaluna|Protect|p2b: Ursaluna
|-singleturn|p2b: Ursaluna|Protect
|move|p2a: Dragonite|Ice Spinner|p1a: Archaludon
|-supereffective|p1a: Archaludon
|-damage|p1a: Archaludon|27/100
|-ability|p1a: Archaludon|Stamina|boost
|-boost|p1a: Archaludon|def|1
|move|p1b: Pelipper|Tailwind|p1b: Pelipper
|-sidestart|p1: MiniBerg10|move: Tailwind
|move|p1a: Archaludon|Electro Shot||[still]
|-prepare|p1a: Archaludon|Electro Shot
|-boost|p1a: Archaludon|spa|1
|-anim|p1a: Archaludon|Electro Shot|p2a: Dragonite
|-damage|p2a: Dragonite|26/100
|
|-weather|RainDance|[upkeep]
|-status|p2b: Ursaluna|brn|[from] item: Flame Orb
|upkeep
|turn|7
|
|t:|1757757745
|switch|p2a: Murkrow|Murkrow, L50, M|43/100 slp
|move|p1b: Pelipper|Weather Ball|p2b: Ursaluna
|-supereffective|p2b: Ursaluna
|-damage|p2b: Ursaluna|0 fnt
|faint|p2b: Ursaluna
|move|p1a: Archaludon|Body Press|p2a: Murkrow
|-damage|p2a: Murkrow|0 fnt
|faint|p2a: Murkrow
|
|-weather|RainDance|[upkeep]
|upkeep
|
|t:|1757757756
|switch|p2a: Dragonite|Dragonite, L50, F|26/100
|turn|8
|
|t:|1757757764
|move|p1b: Pelipper|Hurricane|p2a: Dragonite
|-damage|p2a: Dragonite|0 fnt
|faint|p2a: Dragonite
|
|win|MiniBerg10
||MH14 is ready for game 2.
||MiniBerg10 is ready for game 2.
|uhtml|next|Next: Game 2 of 3
|l|☆MH14
|player|p2|
|l|☆MiniBerg10
|player|p1|
