|j|☆Andrewx98
|j|☆RagCheese
|html|Andrewx98RagCheese    
|uhtml|bestof|Game 2 of a best-of-3
|t:|1757649593
|gametype|doubles
|player|p1|Andrewx98|youngster-gen4dp|1065
|player|p2|RagCheese|bellelba|1016
|gen|9
|tier|[Gen 9] VGC 2025 Reg H (Bo3)
|rated|
|rule|Species Clause: Limit one of each Pokémon
|rule|Item Clause: Limit 1 of each item
|clearpoke
|poke|p1|Slowking, L50, M|
|poke|p1|Toxicroak, L50, M|
|poke|p1|Kingdra, L50, F|
|poke|p1|Malamar, L50, M|
|poke|p1|Pelipper, L50, M|
|poke|p1|Ursaluna, L50, M|
|poke|p2|Tyranitar, L50, F|
|poke|p2|Gholdengo, L50|
|poke|p2|Whimsicott, L50, M|
|poke|p2|Tauros-Paldea-Aqua, L50, M|
|poke|p2|Clefairy, L50, F|
|poke|p2|Gallade, L50, M|
|teampreview|4
|showteam|p1|Slowking||SitrusBerry|Oblivious|TrickRoom,Surf,Protect,Psychic|||M|||50|,,,,,Grass]Toxicroak||ClearAmulet|DrySkin|SuckerPunch,FakeOut,PoisonJab,CloseCombat|||M|||50|,,,,,Dark]Kingdra||ChoiceBand|SwiftSwim|FlipTurn,WaveCrash,Outrage,IronHead|||F|||50|,,,,,Water]Malamar||MentalHerb|Contrary|Taunt,TrickRoom,KnockOff,PsychoCut|||M|||50|,,,,,Dark]Pelipper||SafetyGoggles|Drizzle|Hurricane,WideGuard,RainDance,WeatherBall|||M|||50|,,,,,Water]Ursaluna||FlameOrb|Guts|Earthquake,Facade,Protect,HeadlongRush|||M|||50|,,,,,Ghost
|showteam|p2|Tyranitar||ClearAmulet|SandStream|ShadowClaw,Earthquake,IronHead,RockSlide|||F|||50|,,,,,Ghost]Gholdengo||AirBalloon|GoodasGold|Protect,NastyPlot,MakeItRain,ShadowBall||||||50|,,,,,Stellar]Whimsicott||CovertCloak|Prankster|LightScreen,Tailwind,Moonblast,Encore|||M|||50|,,,,,Dark]Tauros-Paldea-Aqua||AssaultVest|Intimidate|AquaJet,CloseCombat,Bulldoze,WildCharge|||M|||50|,,,,,Fighting]Clefairy||Eviolite|FriendGuard|FollowMe,AfterYou,HelpingHand,Protect|||F|||50|,,,,,Fairy]Gallade||LifeOrb|Sharpness|Coaching,PsychoCut,WideGuard,Protect|||M|||50|,,,,,Psychic
|inactive|Battle timer is ON: inactive players will automatically lose when time's up. (requested by Andrewx98)
|
|t:|1757649620
|teamsize|p1|4
|teamsize|p2|4
|start
|switch|p1a: Malamar|Malamar, L50, M|100/100
|switch|p1b: Toxicroak|Toxicroak, L50, M|100/100
|switch|p2a: Gholdengo|Gholdengo, L50|100/100
|switch|p2b: Tauros|Tauros-Paldea-Aqua, L50, M|100/100
|-ability|p2b: Tauros|Intimidate|boost
|-boost|p1a: Malamar|atk|1
|-fail|p1b: Toxicroak|unboost|[from] item: Clear Amulet|[of] p1b: Toxicroak
|-item|p2a: Gholdengo|Air Balloon
|turn|1
|inactive|Andrewx98 has 30 seconds left.
|inactive|RagCheese has 30 seconds left.
|inactive|RagCheese has 20 seconds left.
|inactive|RagCheese has 15 seconds left.
|inactive|RagCheese has 10 seconds left.
|
|t:|1757649666
|switch|p2a: Tyranitar|Tyranitar, L50, F|100/100
|-weather|Sandstorm|[from] ability: Sand Stream|[of] p2a: Tyranitar
|move|p1b: Toxicroak|Fake Out|p2b: Tauros
|-damage|p2b: Tauros|84/100
|cant|p2b: Tauros|flinch
|move|p1a: Malamar|Knock Off|p2a: Tyranitar
|-resisted|p2a: Tyranitar
|-damage|p2a: Tyranitar|73/100
|-enditem|p2a: Tyranitar|Clear Amulet|[from] move: Knock Off|[of] p1a: Malamar
|
|-weather|Sandstorm|[upkeep]
|-damage|p2b: Tauros|78/100|[from] Sandstorm
|-damage|p1a: Malamar|94/100|[from] Sandstorm
|-damage|p1b: Toxicroak|95/100|[from] Sandstorm
|upkeep
|turn|2
|inactive|Andrewx98 has 30 seconds left.
|inactive|RagCheese has 30 seconds left.
|inactive|Andrewx98 has 20 seconds left.
|
|t:|1757649706
|switch|p2a: Gholdengo|Gholdengo, L50|100/100
|-item|p2a: Gholdengo|Air Balloon
|move|p2b: Tauros|Bulldoze|p1b: Toxicroak|[spread] p1a,p1b
|-immune|p2a: Gholdengo
|-supereffective|p1b: Toxicroak
|-damage|p1a: Malamar|81/100
|-damage|p1b: Toxicroak|57/100
|-boost|p1a: Malamar|spe|1
|move|p1a: Malamar|Psycho Cut|p2b: Tauros
|-supereffective|p2b: Tauros
|-crit|p2b: Tauros
|-damage|p2b: Tauros|0 fnt
|faint|p2b: Tauros
|move|p1b: Toxicroak|Close Combat|p2a: Gholdengo
|-immune|p2a: Gholdengo
|
|-weather|Sandstorm|[upkeep]
|-damage|p1a: Malamar|75/100|[from] Sandstorm
|-damage|p1b: Toxicroak|51/100|[from] Sandstorm
|upkeep
|
|t:|1757649722
|switch|p2b: Whimsicott|Whimsicott, L50, M|100/100
|turn|3
|
|t:|1757649741
|switch|p1b: Pepe|Pelipper, L50, M, shiny|100/100
|-weather|RainDance|[from] ability: Drizzle|[of] p1b: Pepe
|-terastallize|p2a: Gholdengo|Stellar
|-terastallize|p1a: Malamar|Dark
|move|p2b: Whimsicott|Tailwind|p2b: Whimsicott
|-sidestart|p2: RagCheese|move: Tailwind
|move|p2a: Gholdengo|Make It Rain|p1a: Malamar|[spread] p1a,p1b
|-resisted|p1b: Pepe
|-damage|p1a: Malamar|5/100
|-damage|p1b: Pepe|63/100
|-unboost|p2a: Gholdengo|spa|1
|move|p1a: Malamar|Knock Off|p2a: Gholdengo
|-supereffective|p2a: Gholdengo
|-damage|p2a: Gholdengo|0 fnt
|-enditem|p2a: Gholdengo|Air Balloon
|faint|p2a: Gholdengo
|
|-weather|RainDance|[upkeep]
|upkeep
|
|t:|1757649759
|switch|p2a: Tyranitar|Tyranitar, L50, F|73/100
|-weather|Sandstorm|[from] ability: Sand Stream|[of] p2a: Tyranitar
|turn|4
|inactive|Andrewx98 has 30 seconds left.
|inactive|Andrewx98 has 20 seconds left.
|inactive|Andrewx98 has 15 seconds left.
|inactive|Andrewx98 has 10 seconds left.
|
|t:|1757649804
|switch|p1b: Toxicroak|Toxicroak, L50, M|51/100
|move|p2b: Whimsicott|Light Screen|p2b: Whimsicott
|-sidestart|p2: RagCheese|move: Light Screen
|move|p2a: Tyranitar|Rock Slide|p1a: Malamar|[spread] p1a,p1b
|-resisted|p1b: Toxicroak
|-damage|p1a: Malamar|0 fnt
|-damage|p1b: Toxicroak|30/100
|faint|p1a: Malamar
|
|-weather|Sandstorm|[upkeep]
|-damage|p2b: Whimsicott|95/100|[from] Sandstorm
|-damage|p1b: Toxicroak|24/100|[from] Sandstorm
|upkeep
|
|t:|1757649817
|switch|p1a: Pepe|Pelipper, L50, M, shiny|63/100
|-weather|RainDance|[from] ability: Drizzle|[of] p1a: Pepe
|turn|5
|inactive|RagCheese has 30 seconds left.
|inactive|RagCheese has 20 seconds left.
|inactive|RagCheese has 15 seconds left.
|
|t:|1757649862
|move|p1b: Toxicroak|Fake Out|p2a: Tyranitar
|-resisted|p2a: Tyranitar
|-damage|p2a: Tyranitar|68/100
|move|p2b: Whimsicott|Moonblast|p1b: Toxicroak
|-damage|p1b: Toxicroak|0 fnt
|faint|p1b: Toxicroak
|cant|p2a: Tyranitar|flinch
|move|p1a: Pepe|Weather Ball|p2a: Tyranitar
|-supereffective|p2a: Tyranitar
|-damage|p2a: Tyranitar|0 fnt
|faint|p2a: Tyranitar
|
|-weather|RainDance|[upkeep]
|upkeep
|
|t:|1757649876
|switch|p1b: Kingdra|Kingdra, L50, F|100/100
|turn|6
|
|t:|1757649882
|move|p2b: Whimsicott|Moonblast|p1b: Kingdra
|-supereffective|p1b: Kingdra
|-damage|p1b: Kingdra|50/100
|-unboost|p1b: Kingdra|spa|1
|move|p1b: Kingdra|Wave Crash|p2b: Whimsicott
|-resisted|p2b: Whimsicott
|-damage|p2b: Whimsicott|38/100
|-damage|p1b: Kingdra|33/100|[from] Recoil
|move|p1a: Pepe|Hurricane|p2b: Whimsicott
|-supereffective|p2b: Whimsicott
|-damage|p2b: Whimsicott|0 fnt
|faint|p2b: Whimsicott
|
|win|Andrewx98
|raw|Andrewx98's rating: 1065 → 1091(+26 for winning)
|raw|RagCheese's rating: 1016 → 1005(-11 for losing)
|l|☆RagCheese
|player|p2|
|l|☆Andrewx98
|player|p1|
|j|☆Andrewx98
|player|p1|Andrewx98|youngster-gen4dp|
