|j|☆ming0mang0
|j|☆tinysawk
|html|ming0mang0tinysawk    
|uhtml|bestof|Game 2 of a best-of-3
|t:|1756788246
|gametype|doubles
|player|p1|ming0mang0|harlequin|1045
|player|p2|tinysawk|giovanni|1040
|gen|9
|tier|[Gen 9] VGC 2025 Reg H (Bo3)
|rated|
|rule|Species Clause: Limit one of each Pokémon
|rule|Item Clause: Limit 1 of each item
|clearpoke
|poke|p1|Incineroar, L50, F|
|poke|p1|Porygon2, L50|
|poke|p1|Amoonguss, L50, M|
|poke|p1|Ursaluna, L50, M|
|poke|p1|Gholdengo, L50|
|poke|p1|Tyranitar, L50, M|
|poke|p2|Annihilape, L50, M|
|poke|p2|Whimsicott, L50, M|
|poke|p2|Garchomp, L50, F|
|poke|p2|Clefable, L50, F|
|poke|p2|Hydreigon, L50, M|
|poke|p2|Gholdengo, L50|
|teampreview|4
|showteam|p1|Incineroar||SafetyGoggles|Intimidate|FlareBlitz,KnockOff,FakeOut,PartingShot|||F|||50|,,,,,Ghost]Porygon2||Eviolite|Download|TeraBlast,IceBeam,Recover,TrickRoom||||||50|,,,,,Fighting]Amoonguss||CovertCloak|Regenerator|RagePowder,Spore,PollenPuff,ClearSmog|||M|||50|,,,,,Fairy]Ursaluna||FlameOrb|Guts|Facade,HeadlongRush,Earthquake,Protect|||M|||50|,,,,,Ghost]Gholdengo||LifeOrb|GoodasGold|MakeItRain,ShadowBall,NastyPlot,Protect||||||50|,,,,,Water]Tyranitar||AssaultVest|SandStream|RockSlide,KnockOff,LowKick,TeraBlast|||M|||50|,,,,,Flying
|showteam|p2|Annihilape||SafetyGoggles|Defiant|Protect,BulkUp,DrainPunch,RageFist|||M|||50|,,,,,Water]Whimsicott||FocusSash|Prankster|SunnyDay,Encore,Tailwind,Moonblast|||M|||50|,,,,,Ghost]Garchomp||LifeOrb|RoughSkin|Protect,StompingTantrum,DragonClaw,Earthquake|||F|||50|,,,,,Steel]Clefable||SitrusBerry|Unaware|Protect,FollowMe,MistyTerrain,Moonblast|||F|||50|,,,,,Water]Hydreigon||ChoiceSpecs|Levitate|HeatWave,Snarl,DarkPulse,DracoMeteor|||M|||50|,,,,,Fire]Gholdengo||MetalCoat|GoodasGold|Protect,NastyPlot,ShadowBall,MakeItRain||||||50|,,,,,Steel
|
|t:|1756788388
|teamsize|p1|4
|teamsize|p2|4
|start
|switch|p1a: Incineroar|Incineroar, L50, F|100/100
|switch|p1b: Porygon2|Porygon2, L50|100/100
|switch|p2a: Garchomp|Garchomp, L50, F|100/100
|switch|p2b: Gholdengo|Gholdengo, L50|100/100
|-ability|p1a: Incineroar|Intimidate|boost
|-unboost|p2a: Garchomp|atk|1
|-unboost|p2b: Gholdengo|atk|1
|-ability|p1b: Porygon2|Download|boost
|-boost|p1b: Porygon2|spa|1
|turn|1
|
|t:|1756788465
|switch|p2a: Annihilape|Annihilape, L50, M|100/100
|switch|p2b: Whimsicott|Whimsicott, L50, M|100/100
|move|p1a: Incineroar|Fake Out|p2a: Annihilape
|-immune|p2a: Annihilape
|move|p1b: Porygon2|Trick Room|p1b: Porygon2
|-fieldstart|move: Trick Room|[of] p1b: Porygon2
|
|upkeep
|turn|2
|
|t:|1756788491
|switch|p1b: Amoonguss|Amoonguss, L50, M|100/100
|move|p2b: Whimsicott|Encore||[still]
|-fail|p2b: Whimsicott
|move|p1a: Incineroar|Knock Off|p2a: Annihilape
|-damage|p2a: Annihilape|62/100
|-enditem|p2a: Annihilape|Safety Goggles|[from] move: Knock Off|[of] p1a: Incineroar
|move|p2a: Annihilape|Bulk Up|p2a: Annihilape
|-boost|p2a: Annihilape|atk|1
|-boost|p2a: Annihilape|def|1
|
|upkeep
|turn|3
|
|t:|1756788645
|switch|p1b: Ursaluna|Ursaluna, L50, M|100/100
|switch|p2b: Gholdengo|Gholdengo, L50|100/100
|move|p1a: Incineroar|Flare Blitz|p2b: Gholdengo
|-supereffective|p2b: Gholdengo
|-damage|p2b: Gholdengo|0 fnt
|faint|p2b: Gholdengo
|-damage|p1a: Incineroar|74/100|[from] Recoil
|move|p2a: Annihilape|Drain Punch|p1a: Incineroar
|-supereffective|p1a: Incineroar
|-damage|p1a: Incineroar|0 fnt
|-heal|p2a: Annihilape|96/100|[from] drain|[of] p1a: Incineroar
|faint|p1a: Incineroar
|
|-status|p1b: Ursaluna|brn|[from] item: Flame Orb
|upkeep
|
|t:|1756788677
|switch|p1a: Amoonguss|Amoonguss, L50, M|100/100
|switch|p2b: Garchomp|Garchomp, L50, F|100/100
|turn|4
|
|t:|1756788744
|switch|p2a: Whimsicott|Whimsicott, L50, M|100/100
|move|p1b: Ursaluna|Facade|p2b: Garchomp
|-damage|p2b: Garchomp|0 fnt
|-damage|p1b: Ursaluna|88/100 brn|[from] ability: Rough Skin|[of] p2b: Garchomp
|faint|p2b: Garchomp
|move|p1a: Amoonguss|Spore|p2a: Whimsicott
|-immune|p2a: Whimsicott
|
|-damage|p1b: Ursaluna|83/100 brn|[from] brn
|upkeep
|
|t:|1756788754
|switch|p2b: Annihilape|Annihilape, L50, M|96/100
|turn|5
|
|t:|1756788820
|-terastallize|p2a: Whimsicott|Ghost
|move|p2a: Whimsicott|Encore|p1b: Ursaluna
|-start|p1b: Ursaluna|Encore
|move|p1b: Ursaluna|Facade|p2a: Whimsicott
|-immune|p2a: Whimsicott
|move|p1a: Amoonguss|Spore|p2b: Annihilape
|-status|p2b: Annihilape|slp|[from] move: Spore
|cant|p2b: Annihilape|slp
|
|-damage|p1b: Ursaluna|77/100 brn|[from] brn
|-fieldend|move: Trick Room
|upkeep
|turn|6
|
|t:|1756788854
|switch|p1b: Porygon2|Porygon2, L50|100/100
|-ability|p1b: Porygon2|Download|boost
|-boost|p1b: Porygon2|spa|1
|move|p2a: Whimsicott|Moonblast|p1b: Porygon2
|-damage|p1b: Porygon2|80/100
|cant|p2b: Annihilape|slp
|move|p1a: Amoonguss|Spore|p2a: Whimsicott
|-status|p2a: Whimsicott|slp|[from] move: Spore
|
|upkeep
|turn|7
|
|t:|1756788910
|cant|p2a: Whimsicott|slp
|-curestatus|p2b: Annihilape|slp|[msg]
|move|p2b: Annihilape|Drain Punch|p1a: Amoonguss
|-resisted|p1a: Amoonguss
|-damage|p1a: Amoonguss|88/100
|-heal|p2b: Annihilape|100/100|[from] drain|[of] p1a: Amoonguss
|move|p1a: Amoonguss|Pollen Puff|p1b: Porygon2
|-heal|p1b: Porygon2|100/100
|move|p1b: Porygon2|Trick Room|p1b: Porygon2
|-fieldstart|move: Trick Room|[of] p1b: Porygon2
|
|upkeep
|turn|8
|
|t:|1756788953
|switch|p1b: Ursaluna|Ursaluna, L50, M|77/100 brn
|-curestatus|p2a: Whimsicott|slp|[msg]
|move|p2a: Whimsicott|Encore|p1a: Amoonguss
|-start|p1a: Amoonguss|Encore
|move|p1a: Amoonguss|Pollen Puff|p2b: Annihilape
|-resisted|p2b: Annihilape
|-damage|p2b: Annihilape|96/100
|move|p2b: Annihilape|Bulk Up|p2b: Annihilape
|-boost|p2b: Annihilape|atk|1
|-boost|p2b: Annihilape|def|1
|
|-damage|p1b: Ursaluna|71/100 brn|[from] brn
|upkeep
|turn|9
|
|t:|1756788988
|move|p1b: Ursaluna|Headlong Rush|p2b: Annihilape
|-damage|p2b: Annihilape|24/100
|-unboost|p1b: Ursaluna|def|1
|-unboost|p1b: Ursaluna|spd|1
|move|p1a: Amoonguss|Pollen Puff|p1b: Ursaluna
|-heal|p1b: Ursaluna|100/100 brn
|move|p2b: Annihilape|Rage Fist|p1b: Ursaluna
|-immune|p1b: Ursaluna
|move|p2a: Whimsicott|Moonblast|p1b: Ursaluna
|-damage|p1b: Ursaluna|53/100 brn
|
|-damage|p1b: Ursaluna|48/100 brn|[from] brn
|upkeep
|turn|10
|
|t:|1756789076
|move|p2b: Annihilape|Protect|p2b: Annihilape
|-singleturn|p2b: Annihilape|Protect
|move|p1b: Ursaluna|Earthquake|p2a: Whimsicott|[spread] p1a,p2a
|-activate|p2b: Annihilape|move: Protect
|-damage|p1a: Amoonguss|30/100
|-enditem|p2a: Whimsicott|Focus Sash
|-damage|p2a: Whimsicott|1/100
|move|p1a: Amoonguss|Pollen Puff|p1b: Ursaluna
|-heal|p1b: Ursaluna|97/100 brn
|move|p2a: Whimsicott|Moonblast|p1b: Ursaluna
|-damage|p1b: Ursaluna|50/100 brn
|
|-damage|p1b: Ursaluna|44/100 brn|[from] brn
|-end|p1a: Amoonguss|Encore
|upkeep
|turn|11
|
|t:|1756789118
|move|p2b: Annihilape|Protect||[still]
|-fail|p2b: Annihilape
|move|p2a: Whimsicott|Encore|p1a: Amoonguss
|-start|p1a: Amoonguss|Encore
|move|p1b: Ursaluna|Earthquake|p2b: Annihilape|[spread] p1a,p2a,p2b
|-damage|p1a: Amoonguss|0 fnt
|-damage|p2a: Whimsicott|0 fnt
|-damage|p2b: Annihilape|0 fnt
|faint|p1a: Amoonguss
|faint|p2a: Whimsicott
|faint|p2b: Annihilape
|
|win|ming0mang0
||tinysawk is ready for game 3.
|inactive|ming0mang0 has 30 seconds to confirm battle start!
||ming0mang0 is ready for game 3.
|uhtml|next|Next: Game 3 of 3
|j| Tezekio
|l|☆tinysawk
|player|p2|
