|j|☆SomeKidJon
|j|☆dabean16
|html|SomeKidJondabean16    
|uhtml|bestof|Game 1 of a best-of-3
|t:|1783046543
|gametype|doubles
|player|p1|SomeKidJon|scientistf|1187
|player|p2|dabean16|2|1211
|gen|9
|tier|[Gen 9 Champions] VGC 2026 Reg M-B (Bo3)
|rated|
|rule|Species Clause: Limit one of each Pokémon
|rule|Item Clause: Limit 1 of each item
|clearpoke
|poke|p1|Camerupt, L50, M|
|poke|p1|Farigiraf, L50, F|
|poke|p1|Primarina, L50, F|
|poke|p1|Scrafty, L50, F|
|poke|p1|Hatterene, L50, F|
|poke|p1|Lopunny, L50, M|
|poke|p2|Dragonite, L50, M, shiny|
|poke|p2|Scizor, L50, M|
|poke|p2|Incineroar, L50, M|
|poke|p2|Pelipper, L50, F, shiny|
|poke|p2|Basculegion, L50, M, shiny|
|poke|p2|Archaludon, L50, F|
|teampreview|4
|showteam|p1|Camerupt||Cameruptite|SolidRock|AncientPower,HeatWave,EarthPower,Protect|Quiet||M|||50|]Farigiraf||SitrusBerry|ArmorTail|Protect,HelpingHand,TrickRoom,DazzlingGleam|Bold||F|||50|]Primarina||Leftovers|LiquidVoice|HyperVoice,Protect,Moonblast,CalmMind|Modest||F|||50|]Scrafty||ExpertBelt|Intimidate|FakeOut,CloseCombat,IronHead,ThroatChop|Brave||F|||50|]Hatterene||LifeOrb|MagicBounce|Psychic,Protect,DazzlingGleam,TrickRoom|Quiet||F|||50|]Lopunny||Lopunnite|Limber|FakeOut,CloseCombat,AfterYou,TripleAxel|Jolly||M|||50|
|showteam|p2|Dragonite||Dragoninite|Multiscale|Tailwind,Protect,DragonPulse,Flamethrower|Modest||M|||50|]Scizor||Scizorite|Technician|Protect,SwordsDance,CloseCombat,BulletPunch|Adamant||M|||50|]Incineroar||SitrusBerry|Intimidate|FakeOut,ThroatChop,PartingShot,FlareBlitz|Careful||M|||50|]Pelipper||FocusSash|Drizzle|Tailwind,Hurricane,WeatherBall,Protect|Modest||F|||50|]Basculegion||ChoiceScarf|Adaptability|LastRespects,WaveCrash,FlipTurn,AquaJet|Adamant||M|||50|]Archaludon||ChopleBerry|Stamina|ElectroShot,Protect,DragonPulse,AuraSphere|Calm||F|||50|
|
|t:|1783046626
|teamsize|p1|4
|teamsize|p2|4
|start
|switch|p1a: Farigiraf|Farigiraf, L50, F|100/100
|switch|p1b: Primarina|Primarina, L50, F|100/100
|switch|p2a: Archaludon|Archaludon, L50, F|100/100
|switch|p2b: Incineroar|Incineroar, L50, M|100/100
|-ability|p2b: Incineroar|Intimidate|boost
|-unboost|p1a: Farigiraf|atk|1
|-unboost|p1b: Primarina|atk|1
|turn|1
|
|t:|1783046687
|switch|p2b: Pelipper|Pelipper, L50, F, shiny|100/100
|-weather|RainDance|[from] ability: Drizzle|[of] p2b: Pelipper
|move|p2a: Archaludon|Electro Shot||[still]
|-prepare|p2a: Archaludon|Electro Shot
|-boost|p2a: Archaludon|spa|1
|-anim|p2a: Archaludon|Electro Shot|p1b: Primarina
|-supereffective|p1b: Primarina|1
|-damage|p1b: Primarina|6/100
|move|p1b: Primarina|Calm Mind|p1b: Primarina
|-boost|p1b: Primarina|spa|1
|-boost|p1b: Primarina|spd|1
|move|p1a: Farigiraf|Trick Room|p1a: Farigiraf
|-fieldstart|move: Trick Room|[of] p1a: Farigiraf
|
|-weather|RainDance|[upkeep]
|-heal|p1b: Primarina|12/100|[from] item: Leftovers
|upkeep
|turn|2
|
|t:|1783046715
|move|p1a: Farigiraf|Dazzling Gleam|p2a: Archaludon|[spread] p2a,p2b
|-damage|p2a: Archaludon|86/100
|-damage|p2b: Pelipper|72/100
|-ability|p2a: Archaludon|Stamina|boost
|-boost|p2a: Archaludon|def|1
|move|p1b: Primarina|Moonblast|p2b: Pelipper
|-damage|p2b: Pelipper|0 fnt
|faint|p2b: Pelipper
|move|p2a: Archaludon|Electro Shot||[still]
|-prepare|p2a: Archaludon|Electro Shot
|-boost|p2a: Archaludon|spa|1
|-anim|p2a: Archaludon|Electro Shot|p1a: Farigiraf
|-damage|p1a: Farigiraf|37/100
|-enditem|p1a: Farigiraf|Sitrus Berry|[eat]
|-heal|p1a: Farigiraf|62/100|[from] item: Sitrus Berry
|
|-weather|RainDance|[upkeep]
|-heal|p1b: Primarina|18/100|[from] item: Leftovers
|upkeep
|
|t:|1783046732
|switch|p2b: Scizor|Scizor, L50, M|100/100
|turn|3
|
|t:|1783046743
|detailschange|p2b: Scizor|Scizor-Mega, L50, M
|-mega|p2b: Scizor|Scizor|Scizorite
|move|p2b: Scizor|Protect|p2b: Scizor
|-singleturn|p2b: Scizor|Protect
|move|p2a: Archaludon|Protect|p2a: Archaludon
|-singleturn|p2a: Archaludon|Protect
|move|p1b: Primarina|Hyper Voice|p2a: Archaludon|[spread] 
|-activate|p2a: Archaludon|move: Protect
|-activate|p2b: Scizor|move: Protect
|move|p1a: Farigiraf|Dazzling Gleam|p2b: Scizor|[spread] 
|-activate|p2a: Archaludon|move: Protect
|-activate|p2b: Scizor|move: Protect
|
|-weather|RainDance|[upkeep]
|-heal|p1b: Primarina|24/100|[from] item: Leftovers
|upkeep
|turn|4
|
|t:|1783046763
|switch|p1a: Hatterene|Hatterene, L50, F|100/100
|move|p1b: Primarina|Moonblast|p2a: Archaludon
|-damage|p2a: Archaludon|23/100
|-ability|p2a: Archaludon|Stamina|boost
|-boost|p2a: Archaludon|def|1
|move|p2b: Scizor|Swords Dance|p2b: Scizor
|-boost|p2b: Scizor|atk|2
|move|p2a: Archaludon|Electro Shot||[still]
|-prepare|p2a: Archaludon|Electro Shot
|-boost|p2a: Archaludon|spa|1
|-anim|p2a: Archaludon|Electro Shot|p1a: Hatterene
|-damage|p1a: Hatterene|0 fnt
|faint|p1a: Hatterene
|
|-weather|RainDance|[upkeep]
|-heal|p1b: Primarina|30/100|[from] item: Leftovers
|upkeep
|
|t:|1783046768
|switch|p1a: Camerupt|Camerupt, L50, M|100/100
|turn|5
|
|t:|1783046788
|switch|p1a: Farigiraf|Farigiraf, L50, F|62/100
|move|p2b: Scizor|Protect|p2b: Scizor
|-singleturn|p2b: Scizor|Protect
|move|p2a: Archaludon|Protect|p2a: Archaludon
|-singleturn|p2a: Archaludon|Protect
|move|p1b: Primarina|Hyper Voice|p2a: Archaludon|[spread] 
|-activate|p2a: Archaludon|move: Protect
|-activate|p2b: Scizor|move: Protect
|
|-weather|none
|-heal|p1b: Primarina|36/100|[from] item: Leftovers
|-fieldend|move: Trick Room
|upkeep
|turn|6
|
|t:|1783046847
|move|p2a: Archaludon|Dragon Pulse|p1a: Farigiraf
|-damage|p1a: Farigiraf|0 fnt
|faint|p1a: Farigiraf
|move|p2b: Scizor|Swords Dance|p2b: Scizor
|-boost|p2b: Scizor|atk|2
|move|p1b: Primarina|Moonblast|p2a: Archaludon
|-damage|p2a: Archaludon|0 fnt
|faint|p2a: Archaludon
|
|-heal|p1b: Primarina|42/100|[from] item: Leftovers
|upkeep
|
|t:|1783046856
|switch|p2a: Incineroar|Incineroar, L50, M|100/100
|switch|p1a: Camerupt|Camerupt, L50, M|100/100
|-ability|p2a: Incineroar|Intimidate|boost
|-unboost|p1a: Camerupt|atk|1
|-unboost|p1b: Primarina|atk|1
|turn|7
|
|t:|1783046906
|move|p1b: Primarina|Protect|p1b: Primarina
|-singleturn|p1b: Primarina|Protect
|move|p1a: Camerupt|Protect|p1a: Camerupt
|-singleturn|p1a: Camerupt|Protect
|move|p2a: Incineroar|Fake Out|p1a: Camerupt
|-activate|p1a: Camerupt|move: Protect
|move|p2b: Scizor|Bullet Punch|p1b: Primarina
|-activate|p1b: Primarina|move: Protect
|
|-heal|p1b: Primarina|48/100|[from] item: Leftovers
|upkeep
|turn|8
|
|t:|1783046946
|detailschange|p1a: Camerupt|Camerupt-Mega, L50, M
|-mega|p1a: Camerupt|Camerupt|Cameruptite
|move|p2b: Scizor|Protect|p2b: Scizor
|-singleturn|p2b: Scizor|Protect
|move|p2a: Incineroar|Throat Chop|p1b: Primarina
|-resisted|p1b: Primarina|1
|-damage|p1b: Primarina|31/100
|-start|p1b: Primarina|Throat Chop|[silent]
|cant|p1b: Primarina|move: Throat Chop
|move|p1a: Camerupt|Heat Wave|p2b: Scizor|[spread] p2a
|-activate|p2b: Scizor|move: Protect
|-resisted|p2a: Incineroar|1
|-damage|p2a: Incineroar|78/100
|
|-heal|p1b: Primarina|36/100|[from] item: Leftovers
|upkeep
|turn|9
|
|t:|1783046978
|move|p1b: Primarina|Protect|p1b: Primarina
|-singleturn|p1b: Primarina|Protect
|move|p2b: Scizor|Close Combat|p1a: Camerupt
|-damage|p1a: Camerupt|0 fnt
|-unboost|p2b: Scizor|def|1
|-unboost|p2b: Scizor|spd|1
|faint|p1a: Camerupt
|move|p2a: Incineroar|Throat Chop|p1b: Primarina
|-activate|p1b: Primarina|move: Protect
|
|-heal|p1b: Primarina|42/100|[from] item: Leftovers
|-end|p1b: Primarina|Throat Chop|[silent]
|upkeep
|turn|10
|-message|SomeKidJon forfeited.
|
|win|dabean16
|l|☆SomeKidJon
|player|p1|
||SomeKidJon is ready for game 2.
||dabean16 is ready for game 2.
|uhtml|next|Next: Game 2 of 3
