|j|☆N0NAME1
|j|‽Voyy12
|html|N0NAME1Voyy12    
|uhtml|bestof|Game 2 of a best-of-3
|t:|1756209851
|gametype|doubles
|player|p1|N0NAME1|steven|1079
|player|p2|Voyy12|170|1036
|gen|9
|tier|[Gen 9] VGC 2025 Reg H (Bo3)
|rated|
|rule|Species Clause: Limit one of each Pokémon
|rule|Item Clause: Limit 1 of each item
|clearpoke
|poke|p1|Dondozo, L50, F|
|poke|p1|Tatsugiri, L50, M|
|poke|p1|Incineroar, L50, M|
|poke|p1|Rillaboom, L50, M|
|poke|p1|Spiritomb, L50, F|
|poke|p1|Dragapult, L50, M|
|poke|p2|Electabuzz, L50, F|
|poke|p2|Kingambit, L50, M|
|poke|p2|Volcarona, L50, M|
|poke|p2|Dragonite, L50, M|
|poke|p2|Sneasler, L50, F|
|poke|p2|Rillaboom, L50, M|
|teampreview|4
|showteam|p1|Dondozo||Leftovers|Unaware|Protect,Yawn,OrderUp,Liquidation|||F|||50|,,,,,Fire]Tatsugiri||ChoiceScarf|Commander|DracoMeteor,HydroPump,DragonCheer,IcyWind|||M|||50|,,,,,Dragon]Incineroar||SafetyGoggles|Intimidate|FakeOut,PartingShot,Taunt,KnockOff|||M|||50|,,,,,Bug]Rillaboom||AssaultVest|GrassySurge|FakeOut,Uturn,GrassyGlide,WoodHammer|||M|||50|,,,,,Water]Spiritomb||SitrusBerry|Infiltrator|TrickRoom,WillOWisp,ShadowBall,Snarl|||F|||50|,,,,,Poison]Dragapult||ChoiceBand|ClearBody|DragonDarts,PhantomForce,Outrage,Uturn|||M|||50|,,,,,Dragon
|showteam|p2|Electabuzz||Eviolite|VitalSpirit|FollowMe,Thunderbolt,Taunt,Protect|||F|||50|,,,,,Ghost]Kingambit||BlackGlasses|Defiant|KowtowCleave,SuckerPunch,SwordsDance,Protect|||M|||50|,,,,,Dark]Volcarona||Leftovers|FlameBody|HeatWave,TeraBlast,QuiverDance,Protect|||M|||50|,,,,,Fairy]Dragonite||LoadedDice|Multiscale|ScaleShot,ExtremeSpeed,Haze,Protect|||M|||50|,,,,,Fairy]Sneasler||FocusSash|Unburden|DireClaw,CloseCombat,Coaching,FakeOut|||F|||50|,,,,,Stellar]Rillaboom||AssaultVest|GrassySurge|FakeOut,WoodHammer,GrassyGlide,HighHorsepower|||M|||50|,,,,,Fire
|inactive|Battle timer is ON: inactive players will automatically lose when time's up. (requested by N0NAME1)
|inactive|N0NAME1 has 60 seconds left.
|inactive|Voyy12 has 60 seconds left.
|inactive|Voyy12 has 30 seconds left.
|inactive|Voyy12 has 20 seconds left.
|inactive|Voyy12 has 15 seconds left.
|inactive|Voyy12 has 10 seconds left.
|inactive|Voyy12 has 5 seconds left.
|
|t:|1756209941
|teamsize|p1|4
|teamsize|p2|4
|start
|switch|p1a: Rillaboom|Rillaboom, L50, M|100/100
|switch|p1b: Spiritomb|Spiritomb, L50, F|100/100
|switch|p2a: Electabuzz|Electabuzz, L50, F|100/100
|switch|p2b: Kingambit|Kingambit, L50, M|100/100
|-fieldstart|move: Grassy Terrain|[from] ability: Grassy Surge|[of] p1a: Rillaboom
|turn|1
|inactive|Voyy12 has 30 seconds left.
|inactive|Voyy12 has 20 seconds left.
|inactive|Voyy12 has 15 seconds left.
|inactive|Voyy12 has 10 seconds left.
|inactive|Voyy12 has 5 seconds left.
|
|t:|1756209996
|move|p1a: Rillaboom|Fake Out|p2b: Kingambit
|-resisted|p2b: Kingambit
|-damage|p2b: Kingambit|96/100
|move|p2a: Electabuzz|Follow Me|p2a: Electabuzz
|-singleturn|p2a: Electabuzz|move: Follow Me
|cant|p2b: Kingambit|flinch
|move|p1b: Spiritomb|Will-O-Wisp|p2a: Electabuzz
|-status|p2a: Electabuzz|brn
|
|-heal|p2b: Kingambit|100/100|[from] Grassy Terrain
|-damage|p2a: Electabuzz|95/100 brn|[from] brn
|upkeep
|turn|2
|inactive|Voyy12 has 30 seconds left.
|inactive|Voyy12 has 20 seconds left.
|inactive|Voyy12 has 15 seconds left.
|inactive|Voyy12 has 10 seconds left.
|inactive|Voyy12 has 5 seconds left.
|
|t:|1756210052
|move|p2a: Electabuzz|Follow Me|p2a: Electabuzz
|-singleturn|p2a: Electabuzz|move: Follow Me
|move|p1a: Rillaboom|Wood Hammer|p2a: Electabuzz
|-damage|p2a: Electabuzz|47/100 brn
|-damage|p1a: Rillaboom|87/100|[from] Recoil
|move|p2b: Kingambit|Kowtow Cleave|p1a: Rillaboom
|-damage|p1a: Rillaboom|36/100
|move|p1b: Spiritomb|Will-O-Wisp|p2a: Electabuzz
|-fail|p2a: Electabuzz|brn
|
|-heal|p2a: Electabuzz|53/100 brn|[from] Grassy Terrain
|-heal|p1a: Rillaboom|42/100|[from] Grassy Terrain
|-damage|p2a: Electabuzz|47/100 brn|[from] brn
|upkeep
|turn|3
|inactive|Voyy12 has 30 seconds left.
|inactive|Voyy12 has 20 seconds left.
|inactive|Voyy12 has 15 seconds left.
|inactive|Voyy12 has 10 seconds left.
|inactive|Voyy12 has 5 seconds left.
|
|t:|1756210107
|move|p2a: Electabuzz|Follow Me|p2a: Electabuzz
|-singleturn|p2a: Electabuzz|move: Follow Me
|move|p1a: Rillaboom|Wood Hammer|p2a: Electabuzz
|-damage|p2a: Electabuzz|0 fnt
|faint|p2a: Electabuzz
|-damage|p1a: Rillaboom|29/100|[from] Recoil
|move|p2b: Kingambit|Kowtow Cleave|p1b: Spiritomb
|-damage|p1b: Spiritomb|37/100
|-enditem|p1b: Spiritomb|Sitrus Berry|[eat]
|-heal|p1b: Spiritomb|62/100|[from] item: Sitrus Berry
|move|p1b: Spiritomb|Will-O-Wisp|p2b: Kingambit
|-status|p2b: Kingambit|brn
|
|-heal|p1a: Rillaboom|35/100|[from] Grassy Terrain
|-heal|p1b: Spiritomb|68/100|[from] Grassy Terrain
|-damage|p2b: Kingambit|95/100 brn|[from] brn
|upkeep
|inactive|Voyy12 has 30 seconds left.
|inactive|Voyy12 has 20 seconds left.
|inactive|Voyy12 has 15 seconds left.
|inactive|Voyy12 has 10 seconds left.
|inactive|Voyy12 has 5 seconds left.
|
|t:|1756210163
|switch|p2a: Volcarona|Volcarona, L50, M|100/100
|turn|4
|inactive|Voyy12 has 30 seconds left.
|inactive|Voyy12 has 20 seconds left.
|inactive|Voyy12 has 15 seconds left.
|inactive|Voyy12 has 10 seconds left.
|inactive|Voyy12 has 5 seconds left.
|
|t:|1756210218
|move|p2a: Volcarona|Heat Wave|p1a: Rillaboom|[spread] p1a,p1b
|-supereffective|p1a: Rillaboom
|-damage|p1a: Rillaboom|0 fnt
|-damage|p1b: Spiritomb|39/100
|faint|p1a: Rillaboom
|move|p2b: Kingambit|Kowtow Cleave|p1b: Spiritomb
|-damage|p1b: Spiritomb|7/100
|move|p1b: Spiritomb|Trick Room|p1b: Spiritomb
|-fieldstart|move: Trick Room|[of] p1b: Spiritomb
|
|-heal|p1b: Spiritomb|13/100|[from] Grassy Terrain
|-heal|p2b: Kingambit|100/100 brn|[from] Grassy Terrain
|-damage|p2b: Kingambit|95/100 brn|[from] brn
|upkeep
|
|t:|1756210229
|switch|p1a: Dondozo|Dondozo, L50, F|100/100
|turn|5
|inactive|Voyy12 has 30 seconds left.
|inactive|Voyy12 has 20 seconds left.
|inactive|Voyy12 has 15 seconds left.
|inactive|Voyy12 has 10 seconds left.
|inactive|Voyy12 has 5 seconds left.
|
|t:|1756210284
|move|p1b: Spiritomb|Shadow Ball|p2a: Volcarona
|-damage|p2a: Volcarona|77/100
|-unboost|p2a: Volcarona|spd|1
|move|p1a: Dondozo|Yawn|p2a: Volcarona
|-start|p2a: Volcarona|move: Yawn|[of] p1a: Dondozo
|move|p2b: Kingambit|Kowtow Cleave|p1b: Spiritomb
|-damage|p1b: Spiritomb|0 fnt
|faint|p1b: Spiritomb
|move|p2a: Volcarona|Heat Wave|p1a: Dondozo
|-resisted|p1a: Dondozo
|-damage|p1a: Dondozo|76/100
|-status|p1a: Dondozo|brn
|
|-heal|p1a: Dondozo|82/100 brn|[from] Grassy Terrain
|-heal|p1a: Dondozo|88/100 brn|[from] item: Leftovers
|-heal|p2b: Kingambit|100/100 brn|[from] Grassy Terrain
|-heal|p2a: Volcarona|83/100|[from] Grassy Terrain
|-heal|p2a: Volcarona|90/100|[from] item: Leftovers
|-damage|p1a: Dondozo|82/100 brn|[from] brn
|-damage|p2b: Kingambit|95/100 brn|[from] brn
|-fieldend|move: Grassy Terrain
|upkeep
|
|t:|1756210303
|switch|p1b: Tatsugiri|Tatsugiri, L50, M|100/100
|-activate|p1b: Tatsugiri|ability: Commander|[of] p1a: Dondozo
|-boost|p1a: Dondozo|atk|2
|-boost|p1a: Dondozo|spa|2
|-boost|p1a: Dondozo|spe|2
|-boost|p1a: Dondozo|def|2
|-boost|p1a: Dondozo|spd|2
|turn|6
|inactive|Voyy12 has 30 seconds left.
|inactive|Voyy12 has 20 seconds left.
|inactive|Voyy12 has 15 seconds left.
|inactive|Voyy12 has 10 seconds left.
|inactive|Voyy12 has 5 seconds left.
|
|t:|1756210358
|move|p2b: Kingambit|Kowtow Cleave|p1a: Dondozo
|-damage|p1a: Dondozo|75/100 brn
|move|p1a: Dondozo|Order Up|p2a: Volcarona
|-damage|p2a: Volcarona|71/100
|-boost|p1a: Dondozo|atk|1
|move|p2a: Volcarona|Heat Wave|p1b: Tatsugiri|[spread] p1a
|-miss|p2a: Volcarona|p1b: Tatsugiri
|-resisted|p1a: Dondozo
|-damage|p1a: Dondozo|67/100 brn
|
|-heal|p1a: Dondozo|73/100 brn|[from] item: Leftovers
|-heal|p2a: Volcarona|77/100|[from] item: Leftovers
|-damage|p2b: Kingambit|89/100 brn|[from] brn
|-damage|p1a: Dondozo|67/100 brn|[from] brn
|-end|p2a: Volcarona|move: Yawn|[silent]
|-status|p2a: Volcarona|slp
|upkeep
|turn|7
|inactive|Voyy12 has 30 seconds left.
|inactive|Voyy12 has 20 seconds left.
|inactive|Voyy12 has 15 seconds left.
|inactive|Voyy12 has 10 seconds left.
|inactive|Voyy12 has 5 seconds left.
|-message|Voyy12 lost due to inactivity.
|
|win|N0NAME1
|raw|N0NAME1's rating: 1079 → 1104(+25 for winning)
|raw|Voyy12's rating: 1036 → 1022(-14 for losing)
