|j|☆defaulttesting
|j|☆Wesrui
|html|defaulttestingWesrui    
|uhtml|bestof|Game 2 of a best-of-3
|t:|1757044704
|gametype|doubles
|player|p1|defaulttesting|plasmagrunt-gen5bw|1153
|player|p2|Wesrui|silver|1118
|gen|9
|tier|[Gen 9] VGC 2025 Reg H (Bo3)
|rated|
|rule|Species Clause: Limit one of each Pokémon
|rule|Item Clause: Limit 1 of each item
|clearpoke
|poke|p1|Volcarona, L50, M|
|poke|p1|Raichu, L50, M|
|poke|p1|Gyarados, L50, F|
|poke|p1|Tyranitar, L50, M|
|poke|p1|Amoonguss, L50, F|
|poke|p1|Excadrill, L50, M|
|poke|p2|Sneasler, L50, F|
|poke|p2|Dragonite, L50, F|
|poke|p2|Rillaboom, L50, M|
|poke|p2|Basculegion, L50, M|
|poke|p2|Volcarona, L50, M|
|poke|p2|Kingambit, L50, M|
|teampreview|4
|showteam|p1|Volcarona||WideLens|FlameBody|QuiverDance,GigaDrain,HeatWave,Protect|||M|||50|,,,,,Grass]Raichu||AssaultVest|LightningRod|VoltSwitch,Endeavor,FakeOut,Nuzzle|||M|||50|,,,,,Ghost]Gyarados||SafetyGoggles|Intimidate|ThunderWave,Waterfall,Taunt,Protect|||F|||50|,,,,,Ghost]Tyranitar||ClearAmulet|SandStream|RockSlide,TeraBlast,KnockOff,Protect|||M|||50|,,,,,Flying]Amoonguss||SitrusBerry|Regenerator|RagePowder,PollenPuff,Spore,Protect|||F|||50|,,,,,Fire]Excadrill||LifeOrb|SandRush|HighHorsepower,Earthquake,IronHead,Protect|||M|||50|,,,,,Ground
|showteam|p2|Sneasler||FocusSash|Unburden|CloseCombat,DireClaw,Coaching,Protect|||F|||50|,,,,,Ghost]Dragonite||LoadedDice|Multiscale|ScaleShot,ExtremeSpeed,Haze,Protect|||F|||50|,,,,,Fairy]Rillaboom||MiracleSeed|GrassySurge|WoodHammer,GrassyGlide,Taunt,FakeOut|||M|||50|,,,,,Fire]Basculegion||ChoiceScarf|Adaptability|WaveCrash,FlipTurn,LastRespects,TeraBlast|||M|||50|,,,,,Fairy]Volcarona||CovertCloak|FlameBody|HeatWave,TeraBlast,QuiverDance,Protect|||M|||50|,,,,,Fairy]Kingambit||AssaultVest|Defiant|KowtowCleave,SuckerPunch,IronHead,LowKick|||M|||50|,,,,,Ghost
|inactive|Battle timer is ON: inactive players will automatically lose when time's up. (requested by Wesrui)
|inactive|defaulttesting also wants the timer to be on.
|
|t:|1757044731
|teamsize|p1|4
|teamsize|p2|4
|start
|switch|p1a: Excadrill|Excadrill, L50, M|100/100
|switch|p1b: Volcarona|Volcarona, L50, M|100/100
|switch|p2a: Volcarona|Volcarona, L50, M|100/100
|switch|p2b: Rillaboom|Rillaboom, L50, M|100/100
|-fieldstart|move: Grassy Terrain|[from] ability: Grassy Surge|[of] p2b: Rillaboom
|turn|1
|inactive|Wesrui has 30 seconds left.
|inactive|Wesrui has 20 seconds left.
|inactive|Wesrui has 15 seconds left.
|inactive|Wesrui has 10 seconds left.
|inactive|Wesrui has 5 seconds left.
|
|t:|1757044784
|switch|p1a: Tyranitar|Tyranitar, L50, M|100/100
|-weather|Sandstorm|[from] ability: Sand Stream|[of] p1a: Tyranitar
|move|p2b: Rillaboom|Fake Out|p1b: Volcarona
|-damage|p1b: Volcarona|83/100
|cant|p1b: Volcarona|flinch
|move|p2a: Volcarona|Quiver Dance|p2a: Volcarona
|-boost|p2a: Volcarona|spa|1
|-boost|p2a: Volcarona|spd|1
|-boost|p2a: Volcarona|spe|1
|
|-weather|Sandstorm|[upkeep]
|-damage|p2a: Volcarona|94/100|[from] Sandstorm
|-damage|p1b: Volcarona|77/100|[from] Sandstorm
|-damage|p2b: Rillaboom|95/100|[from] Sandstorm
|-heal|p2a: Volcarona|100/100|[from] Grassy Terrain
|-heal|p1b: Volcarona|83/100|[from] Grassy Terrain
|-heal|p2b: Rillaboom|100/100|[from] Grassy Terrain
|upkeep
|turn|2
|inactive|Wesrui has 30 seconds left.
|inactive|Wesrui has 20 seconds left.
|inactive|Wesrui has 15 seconds left.
|inactive|Wesrui has 10 seconds left.
|
|t:|1757044832
|-terastallize|p2a: Volcarona|Fairy
|-terastallize|p1a: Tyranitar|Flying
|move|p2a: Volcarona|Heat Wave|p1b: Volcarona|[spread] p1a,p1b
|-damage|p1a: Tyranitar|52/100
|-damage|p1b: Volcarona|28/100
|move|p1b: Volcarona|Quiver Dance|p1b: Volcarona
|-boost|p1b: Volcarona|spa|1
|-boost|p1b: Volcarona|spd|1
|-boost|p1b: Volcarona|spe|1
|move|p2b: Rillaboom|Wood Hammer|p1a: Tyranitar
|-resisted|p1a: Tyranitar
|-damage|p1a: Tyranitar|11/100
|-damage|p2b: Rillaboom|88/100|[from] Recoil
|move|p1a: Tyranitar|Knock Off|p2a: Volcarona
|-resisted|p2a: Volcarona
|-damage|p2a: Volcarona|72/100
|-status|p1a: Tyranitar|brn|[from] ability: Flame Body|[of] p2a: Volcarona
|-enditem|p2a: Volcarona|Covert Cloak|[from] move: Knock Off|[of] p1a: Tyranitar
|
|-weather|Sandstorm|[upkeep]
|-damage|p1b: Volcarona|22/100|[from] Sandstorm
|-damage|p2a: Volcarona|66/100|[from] Sandstorm
|-damage|p2b: Rillaboom|82/100|[from] Sandstorm
|-damage|p1a: Tyranitar|5/100 brn|[from] Sandstorm
|-heal|p1b: Volcarona|28/100|[from] Grassy Terrain
|-heal|p2a: Volcarona|72/100|[from] Grassy Terrain
|-heal|p2b: Rillaboom|88/100|[from] Grassy Terrain
|-damage|p1a: Tyranitar|0 fnt|[from] brn
|faint|p1a: Tyranitar
|upkeep
|
|t:|1757044851
|switch|p1a: Excadrill|Excadrill, L50, M|100/100
|turn|3
|
|t:|1757044873
|move|p2a: Volcarona|Protect|p2a: Volcarona
|-singleturn|p2a: Volcarona|Protect
|move|p2b: Rillaboom|Grassy Glide|p1b: Volcarona
|-resisted|p1b: Volcarona
|-damage|p1b: Volcarona|14/100
|move|p1a: Excadrill|Iron Head|p2a: Volcarona
|-activate|p2a: Volcarona|move: Protect
|move|p1b: Volcarona|Heat Wave|p2a: Volcarona|[spread] p2b
|-activate|p2a: Volcarona|move: Protect
|-supereffective|p2b: Rillaboom
|-damage|p2b: Rillaboom|0 fnt
|faint|p2b: Rillaboom
|
|-weather|Sandstorm|[upkeep]
|-damage|p1b: Volcarona|8/100|[from] Sandstorm
|-damage|p2a: Volcarona|66/100|[from] Sandstorm
|-heal|p1b: Volcarona|14/100|[from] Grassy Terrain
|-heal|p2a: Volcarona|72/100|[from] Grassy Terrain
|upkeep
|inactive|Wesrui has 30 seconds left.
|inactive|Wesrui has 20 seconds left.
|
|t:|1757044910
|switch|p2b: Sneasler|Sneasler, L50, F|100/100
|turn|4
|
|t:|1757044936
|move|p2b: Sneasler|Protect|p2b: Sneasler
|-singleturn|p2b: Sneasler|Protect
|move|p1a: Excadrill|Iron Head|p2a: Volcarona
|-supereffective|p2a: Volcarona
|-damage|p2a: Volcarona|0 fnt
|faint|p2a: Volcarona
|-damage|p1a: Excadrill|91/100|[from] item: Life Orb
|move|p1b: Volcarona|Giga Drain|p2b: Sneasler
|-activate|p2b: Sneasler|move: Protect
|
|-weather|Sandstorm|[upkeep]
|-damage|p1b: Volcarona|8/100|[from] Sandstorm
|-damage|p2b: Sneasler|95/100|[from] Sandstorm
|-heal|p1a: Excadrill|97/100|[from] Grassy Terrain
|-heal|p1b: Volcarona|14/100|[from] Grassy Terrain
|-heal|p2b: Sneasler|100/100|[from] Grassy Terrain
|upkeep
|
|t:|1757044942
|switch|p2a: Dragonite|Dragonite, L50, F|100/100
|turn|5
|inactive|defaulttesting has 30 seconds left.
|inactive|defaulttesting has 20 seconds left.
|inactive|defaulttesting has 15 seconds left.
|
|t:|1757044987
|switch|p1a: Raichu|Raichu, L50, M|100/100
|move|p1b: Volcarona|Protect|p1b: Volcarona
|-singleturn|p1b: Volcarona|Protect
|move|p2a: Dragonite|Extreme Speed|p1b: Volcarona
|-activate|p1b: Volcarona|move: Protect
|move|p2b: Sneasler|Close Combat|p1a: Raichu
|-damage|p1a: Raichu|16/100
|-unboost|p2b: Sneasler|def|1
|-unboost|p2b: Sneasler|spd|1
|
|-weather|none
|-heal|p1b: Volcarona|20/100|[from] Grassy Terrain
|-heal|p1a: Raichu|22/100|[from] Grassy Terrain
|-fieldend|move: Grassy Terrain
|upkeep
|turn|6
|j| teamthief420
|n| i be playin games|teamthief420
|inactive|defaulttesting has 30 seconds left.
|inactive|defaulttesting has 20 seconds left.
|inactive|defaulttesting has 15 seconds left.
|
|t:|1757045029
|switch|p1a: Excadrill|Excadrill, L50, M|97/100
|move|p2a: Dragonite|Extreme Speed|p1a: Excadrill
|-resisted|p1a: Excadrill
|-crit|p1a: Excadrill
|-damage|p1a: Excadrill|68/100
|move|p1b: Volcarona|Giga Drain|p1a: Excadrill
|-damage|p1a: Excadrill|19/100
|-heal|p1b: Volcarona|46/100|[from] drain|[of] p1a: Excadrill
|move|p2b: Sneasler|Close Combat|p1b: Volcarona
|-resisted|p1b: Volcarona
|-damage|p1b: Volcarona|5/100
|-unboost|p2b: Sneasler|def|1
|-unboost|p2b: Sneasler|spd|1
|
|upkeep
|turn|7
|l| i be playin games
|inactive|defaulttesting has 30 seconds left.
|inactive|Wesrui has 30 seconds left.
|inactive|defaulttesting has 20 seconds left.
|inactive|defaulttesting has 15 seconds left.
|
|t:|1757045071
|move|p1b: Volcarona|Protect|p1b: Volcarona
|-singleturn|p1b: Volcarona|Protect
|move|p2a: Dragonite|Extreme Speed|p1b: Volcarona
|-activate|p1b: Volcarona|move: Protect
|move|p2b: Sneasler|Close Combat|p1a: Excadrill
|-supereffective|p1a: Excadrill
|-damage|p1a: Excadrill|0 fnt
|-unboost|p2b: Sneasler|def|1
|-unboost|p2b: Sneasler|spd|1
|faint|p1a: Excadrill
|
|upkeep
|
|t:|1757045076
|switch|p1a: Raichu|Raichu, L50, M|22/100
|turn|8
|
|t:|1757045092
|move|p1a: Raichu|Fake Out|p2a: Dragonite
|-damage|p2a: Dragonite|96/100
|cant|p2a: Dragonite|flinch
|move|p1b: Volcarona|Giga Drain|p2b: Sneasler
|-resisted|p2b: Sneasler
|-damage|p2b: Sneasler|34/100
|-heal|p1b: Volcarona|34/100|[from] drain|[of] p2b: Sneasler
|move|p2b: Sneasler|Close Combat|p1a: Raichu
|-damage|p1a: Raichu|0 fnt
|-unboost|p2b: Sneasler|def|1
|-unboost|p2b: Sneasler|spd|1
|faint|p1a: Raichu
|
|upkeep
|turn|9
|inactive|defaulttesting has 30 seconds left.
|
|t:|1757045117
|move|p2a: Dragonite|Extreme Speed|p1b: Volcarona
|-damage|p1b: Volcarona|0 fnt
|faint|p1b: Volcarona
|
|win|Wesrui
|raw|defaulttesting's rating: 1153 → 1125(-28 for losing)
|raw|Wesrui's rating: 1118 → 1146(+28 for winning)
