|j|☆moicito
|j|☆Clementine1997
|html|moicitoClementine1997    
|uhtml|bestof|Game 2 of a best-of-3
|t:|1756257283
|gametype|doubles
|player|p1|moicito|266|1184
|player|p2|Clementine1997|clair|1228
|gen|9
|tier|[Gen 9] VGC 2025 Reg H (Bo3)
|rated|
|rule|Species Clause: Limit one of each Pokémon
|rule|Item Clause: Limit 1 of each item
|clearpoke
|poke|p1|Kingambit, L50, F|
|poke|p1|Rillaboom, L50, F|
|poke|p1|Electabuzz, L50, M|
|poke|p1|Volcarona, L50, M|
|poke|p1|Sneasler, L50, M|
|poke|p1|Dragonite, L50, F|
|poke|p2|Whimsicott, L50, M|
|poke|p2|Ursaluna-Bloodmoon, L50, M|
|poke|p2|Incineroar, L50, M|
|poke|p2|Rillaboom, L50, M|
|poke|p2|Kingambit, L50, F|
|poke|p2|Primarina, L50, M|
|teampreview|4
|showteam|p1|Kingambit||BlackGlasses|Defiant|Protect,KowtowCleave,SuckerPunch,SwordsDance|||F|||50|,,,,,Dark]Rillaboom||AssaultVest|GrassySurge|WoodHammer,GrassyGlide,HighHorsepower,FakeOut|||F|||50|,,,,,Fire]Electabuzz||Eviolite|VitalSpirit|Protect,Thunderbolt,HelpingHand,FollowMe|||M|||50|,,,,,Ghost]Volcarona||CovertCloak|FlameBody|Protect,HeatWave,TeraBlast,QuiverDance|||M|||50|,,,,,Fairy]Sneasler||FocusSash|Unburden|CloseCombat,DireClaw,Coaching,FakeOut|||M|||50|,,,,,Stellar]Dragonite||LoadedDice|Multiscale|ScaleShot,Haze,ExtremeSpeed,Protect|||F|||50|,,,,,Fairy
|showteam|p2|Whimsicott||FocusSash|Prankster|Moonblast,Encore,Taunt,Tailwind|||M|||50|,,,,,Fire]Ursaluna-Bloodmoon||LifeOrb|MindsEye|BloodMoon,EarthPower,VacuumWave,Protect|||M|||50|,,,,,Dragon]Incineroar||SitrusBerry|Intimidate|KnockOff,PartingShot,FlareBlitz,FakeOut|||M|||50|,,,,,Grass]Rillaboom||AssaultVest|GrassySurge|GrassyGlide,HighHorsepower,FakeOut,Uturn|||M|||50|,,,,,Fire]Kingambit||SafetyGoggles|Defiant|SuckerPunch,IronHead,SwordsDance,Protect|||F|||50|,,,,,Water]Primarina||ThroatSpray|LiquidVoice|HyperVoice,Moonblast,Haze,Protect|||M|||50|,,,,,Grass
|j| teamthief420
|inactive|Battle timer is ON: inactive players will automatically lose when time's up. (requested by Clementine1997)
|inactive|moicito has 60 seconds left.
|inactive|Clementine1997 has 60 seconds left.
|
|t:|1756257360
|teamsize|p1|4
|teamsize|p2|4
|start
|switch|p1a: Snisli|Sneasler, L50, M|100/100
|switch|p1b: Volkii|Volcarona, L50, M, shiny|100/100
|switch|p2a: Incineroar|Incineroar, L50, M, shiny|100/100
|switch|p2b: Ursaluna|Ursaluna-Bloodmoon, L50, M|100/100
|-ability|p2a: Incineroar|Intimidate|boost
|-unboost|p1a: Snisli|atk|1
|-unboost|p1b: Volkii|atk|1
|turn|1
|inactive|moicito has 30 seconds left.
|inactive|Clementine1997 has 30 seconds left.
|inactive|Clementine1997 has 20 seconds left.
|inactive|Clementine1997 has 15 seconds left.
|inactive|Clementine1997 has 10 seconds left.
|
|t:|1756257408
|switch|p2a: Whimsicott|Whimsicott, L50, M, shiny|100/100
|-terastallize|p2b: Ursaluna|Dragon
|move|p1a: Snisli|Fake Out|p2b: Ursaluna
|-damage|p2b: Ursaluna|92/100
|move|p1b: Volkii|Quiver Dance|p1b: Volkii
|-boost|p1b: Volkii|spa|1
|-boost|p1b: Volkii|spd|1
|-boost|p1b: Volkii|spe|1
|cant|p2b: Ursaluna|flinch
|
|upkeep
|turn|2
|inactive|moicito has 30 seconds left.
|
|t:|1756257440
|-terastallize|p1b: Volkii|Fairy
|move|p2a: Whimsicott|Encore|p1b: Volkii
|-start|p1b: Volkii|Encore
|move|p1b: Volkii|Quiver Dance|p1b: Volkii
|-boost|p1b: Volkii|spa|1
|-boost|p1b: Volkii|spd|1
|-boost|p1b: Volkii|spe|1
|move|p1a: Snisli|Dire Claw|p2a: Whimsicott
|-supereffective|p2a: Whimsicott
|-enditem|p2a: Whimsicott|Focus Sash
|-damage|p2a: Whimsicott|1/100
|move|p2b: Ursaluna|Earth Power|p1a: Snisli
|-supereffective|p1a: Snisli
|-enditem|p1a: Snisli|Focus Sash
|-damage|p1a: Snisli|1/100
|-unboost|p1a: Snisli|spd|1
|-damage|p2b: Ursaluna|83/100|[from] item: Life Orb
|
|upkeep
|turn|3
|inactive|moicito has 30 seconds left.
|
|t:|1756257467
|move|p2a: Whimsicott|Taunt|p1b: Volkii
|-start|p1b: Volkii|move: Taunt
|move|p2b: Ursaluna|Vacuum Wave|p1a: Snisli
|-resisted|p1a: Snisli
|-damage|p1a: Snisli|0 fnt
|faint|p1a: Snisli
|-damage|p2b: Ursaluna|73/100|[from] item: Life Orb
|cant|p1b: Volkii|move: Taunt|Quiver Dance
|
|upkeep
|
|t:|1756257482
|switch|p1a: Kingii|Kingambit, L50, F, shiny|100/100
|turn|4
|inactive|Clementine1997 has 30 seconds left.
|
|t:|1756257518
|switch|p2a: Incineroar|Incineroar, L50, M, shiny|100/100
|-ability|p2a: Incineroar|Intimidate|boost
|-unboost|p1a: Kingii|atk|1
|-ability|p1a: Kingii|Defiant|boost
|-boost|p1a: Kingii|atk|2
|-unboost|p1b: Volkii|atk|1
|switch|p1a: Rilli|Rillaboom, L50, F, shiny|100/100
|-fieldstart|move: Grassy Terrain|[from] ability: Grassy Surge|[of] p1a: Rilli
|-activate|p1b: Volkii|move: Struggle
|move|p1b: Volkii|Struggle|p2b: Ursaluna
|-damage|p2b: Ursaluna|71/100
|-damage|p1b: Volkii|75/100|[from] recoil
|move|p2b: Ursaluna|Earth Power|p1a: Rilli
|-resisted|p1a: Rilli
|-damage|p1a: Rilli|75/100
|-damage|p2b: Ursaluna|61/100|[from] item: Life Orb
|
|-heal|p1b: Volkii|82/100|[from] Grassy Terrain
|-heal|p1a: Rilli|81/100|[from] Grassy Terrain
|-heal|p2b: Ursaluna|67/100|[from] Grassy Terrain
|-end|p1b: Volkii|Encore
|upkeep
|turn|5
|inactive|moicito has 30 seconds left.
|inactive|Clementine1997 has 30 seconds left.
|inactive|Clementine1997 has 20 seconds left.
|
|t:|1756257554
|move|p1a: Rilli|Fake Out|p2a: Incineroar
|-crit|p2a: Incineroar
|-damage|p2a: Incineroar|82/100
|cant|p2a: Incineroar|flinch
|move|p1b: Volkii|Tera Blast|p2b: Ursaluna|[anim] Tera Blast Fairy
|-supereffective|p2b: Ursaluna
|-damage|p2b: Ursaluna|0 fnt
|faint|p2b: Ursaluna
|
|-heal|p1b: Volkii|88/100|[from] Grassy Terrain
|-heal|p1a: Rilli|87/100|[from] Grassy Terrain
|-heal|p2a: Incineroar|88/100|[from] Grassy Terrain
|-end|p1b: Volkii|move: Taunt
|upkeep
|
|t:|1756257559
|switch|p2b: Kingambit|Kingambit, L50, F, shiny|100/100
|turn|6
|
|t:|1756257575
|move|p2b: Kingambit|Protect|p2b: Kingambit
|-singleturn|p2b: Kingambit|Protect
|move|p1b: Volkii|Heat Wave|p2b: Kingambit|[spread] p2a
|-activate|p2b: Kingambit|move: Protect
|-resisted|p2a: Incineroar
|-damage|p2a: Incineroar|49/100
|-enditem|p2a: Incineroar|Sitrus Berry|[eat]
|-heal|p2a: Incineroar|74/100|[from] item: Sitrus Berry
|move|p1a: Rilli|High Horsepower|p2a: Incineroar
|-supereffective|p2a: Incineroar
|-crit|p2a: Incineroar
|-damage|p2a: Incineroar|0 fnt
|faint|p2a: Incineroar
|
|-heal|p1b: Volkii|94/100|[from] Grassy Terrain
|-heal|p1a: Rilli|93/100|[from] Grassy Terrain
|upkeep
|
|t:|1756257585
|switch|p2a: Whimsicott|Whimsicott, L50, M, shiny|1/100
|turn|7
|
|t:|1756257596
|move|p1b: Volkii|Protect|p1b: Volkii
|-singleturn|p1b: Volkii|Protect
|move|p2a: Whimsicott|Tailwind|p2a: Whimsicott
|-sidestart|p2: Clementine1997|move: Tailwind
|move|p1a: Rilli|Grassy Glide|p2a: Whimsicott
|-resisted|p2a: Whimsicott
|-damage|p2a: Whimsicott|0 fnt
|faint|p2a: Whimsicott
|move|p2b: Kingambit|Iron Head|p1b: Volkii
|-activate|p1b: Volkii|move: Protect
|
|-heal|p1b: Volkii|100/100|[from] Grassy Terrain
|-heal|p1a: Rilli|99/100|[from] Grassy Terrain
|upkeep
|turn|8
|
|t:|1756257612
|move|p1b: Volkii|Heat Wave|p2b: Kingambit
|-supereffective|p2b: Kingambit
|-damage|p2b: Kingambit|0 fnt
|faint|p2b: Kingambit
|
|win|moicito
||Clementine1997 is ready for game 3.
||moicito is ready for game 3.
|uhtml|next|Next: Game 3 of 3
|l| teamthief420
|l|☆Clementine1997
|player|p2|
