|j|☆tmp_axo
|j|☆dambro222
|html|tmp_axodambro222    
|uhtml|bestof|Game 2 of a best-of-3
|t:|1756797539
|gametype|doubles
|player|p1|tmp_axo|skierf|1138
|player|p2|dambro222|ethan|1183
|gen|9
|tier|[Gen 9] VGC 2025 Reg H (Bo3)
|rated|
|rule|Species Clause: Limit one of each Pokémon
|rule|Item Clause: Limit 1 of each item
|clearpoke
|poke|p1|Hydreigon, L50, M|
|poke|p1|Pelipper, L50, M|
|poke|p1|Basculegion, L50, M|
|poke|p1|Rillaboom, L50, F|
|poke|p1|Electabuzz, L50, M|
|poke|p1|Ursaluna-Bloodmoon, L50, M|
|poke|p2|Dragonite, L50, M|
|poke|p2|Volcarona, L50, F|
|poke|p2|Sneasler, L50, M|
|poke|p2|Rillaboom, L50, M|
|poke|p2|Electabuzz, L50, M|
|poke|p2|Kingambit, L50, M|
|teampreview|4
|showteam|p1|Hydreigon||ScopeLens|Levitate|DracoMeteor,DarkPulse,FocusEnergy,Protect|||M|||50|,,,,,Steel]Pelipper||FocusSash|Drizzle|WeatherBall,Hurricane,Tailwind,Protect|||M|||50|,,,,,Stellar]Basculegion||ChoiceBand|SwiftSwim|WaveCrash,AquaJet,FlipTurn,LastRespects|||M|||50|,,,,,Water]Rillaboom||AssaultVest|GrassySurge|FakeOut,WoodHammer,GrassyGlide,Uturn|||F|||50|,,,,,Poison]Electabuzz||Eviolite|VitalSpirit|Electroweb,FollowMe,Taunt,Protect|||M|||50|,,,,,Ghost]Ursaluna-Bloodmoon||LifeOrb|MindsEye|BloodMoon,EarthPower,HyperVoice,Protect|||M|||50|,,,,,Normal
|showteam|p2|Dragonite||LoadedDice|Multiscale|ScaleShot,ExtremeSpeed,Haze,Protect|||M|||50|,,,,,Fairy]Volcarona||CovertCloak|FlameBody|HeatWave,TeraBlast,QuiverDance,Protect|||F|||50|,,,,,Fairy]Sneasler||FocusSash|Unburden|CloseCombat,DireClaw,RockSlide,Protect|||M|||50|,,,,,Stellar]Rillaboom||AssaultVest|GrassySurge|WoodHammer,GrassyGlide,HighHorsepower,FakeOut|||M|||50|,,,,,Water]Electabuzz||Eviolite|VitalSpirit|Electroweb,FollowMe,Taunt,Protect|||M|||50|,,,,,Ghost]Kingambit||BlackGlasses|Defiant|KowtowCleave,SuckerPunch,SwordsDance,Protect|||M|||50|,,,,,Dark
|inactive|Battle timer is ON: inactive players will automatically lose when time's up. (requested by dambro222)
|
|t:|1756797564
|teamsize|p1|4
|teamsize|p2|4
|start
|switch|p1a: Hydreigon|Hydreigon, L50, M|100/100
|switch|p1b: Rillaboom|Rillaboom, L50, F|100/100
|switch|p2a: Volcarona|Volcarona, L50, F|100/100
|switch|p2b: Electabuzz|Electabuzz, L50, M|100/100
|-fieldstart|move: Grassy Terrain|[from] ability: Grassy Surge|[of] p1b: Rillaboom
|turn|1
|inactive|tmp_axo has 30 seconds left.
|inactive|dambro222 has 30 seconds left.
|
|t:|1756797599
|-terastallize|p2a: Volcarona|Fairy
|move|p1a: Hydreigon|Protect|p1a: Hydreigon
|-singleturn|p1a: Hydreigon|Protect
|move|p2a: Volcarona|Quiver Dance|p2a: Volcarona
|-boost|p2a: Volcarona|spa|1
|-boost|p2a: Volcarona|spd|1
|-boost|p2a: Volcarona|spe|1
|move|p2b: Electabuzz|Taunt|p1a: Hydreigon
|-activate|p1a: Hydreigon|move: Protect
|move|p1b: Rillaboom|U-turn|p2a: Volcarona
|-resisted|p2a: Volcarona
|-damage|p2a: Volcarona|83/100
|-status|p1b: Rillaboom|brn|[from] ability: Flame Body|[of] p2a: Volcarona
|
|t:|1756797612
|switch|p1b: Pelipper|Pelipper, L50, M|100/100|[from] U-turn
|-weather|RainDance|[from] ability: Drizzle|[of] p1b: Pelipper
|
|-weather|RainDance|[upkeep]
|-heal|p2a: Volcarona|90/100|[from] Grassy Terrain
|upkeep
|turn|2
|inactive|tmp_axo has 30 seconds left.
|inactive|tmp_axo has 20 seconds left.
|inactive|tmp_axo has 15 seconds left.
|
|t:|1756797654
|switch|p1a: Rillaboom|Rillaboom, L50, F|100/100 brn
|-terastallize|p1b: Pelipper|Stellar
|move|p2a: Volcarona|Protect|p2a: Volcarona
|-singleturn|p2a: Volcarona|Protect
|move|p2b: Electabuzz|Electroweb|p1a: Rillaboom|[spread] p1a,p1b
|-resisted|p1a: Rillaboom
|-supereffective|p1b: Pelipper
|-crit|p1b: Pelipper
|-damage|p1a: Rillaboom|97/100 brn
|-enditem|p1b: Pelipper|Focus Sash
|-damage|p1b: Pelipper|1/100
|-unboost|p1a: Rillaboom|spe|1
|-unboost|p1b: Pelipper|spe|1
|move|p1b: Pelipper|Hurricane|p2a: Volcarona
|-activate|p2a: Volcarona|move: Protect
|
|-weather|RainDance|[upkeep]
|-heal|p2a: Volcarona|96/100|[from] Grassy Terrain
|-heal|p1a: Rillaboom|100/100 brn|[from] Grassy Terrain
|-damage|p1a: Rillaboom|95/100 brn|[from] brn
|upkeep
|turn|3
|inactive|dambro222 has 30 seconds left.
|
|t:|1756797686
|move|p1a: Rillaboom|Fake Out|p2a: Volcarona
|-damage|p2a: Volcarona|87/100
|move|p2a: Volcarona|Tera Blast|p1b: Pelipper|[anim] Tera Blast Fairy
|-damage|p1b: Pelipper|0 fnt
|faint|p1b: Pelipper
|move|p2b: Electabuzz|Electroweb|p1a: Rillaboom|[miss]
|-miss|p2b: Electabuzz|p1a: Rillaboom
|
|-weather|RainDance|[upkeep]
|-heal|p2a: Volcarona|93/100|[from] Grassy Terrain
|-heal|p1a: Rillaboom|100/100 brn|[from] Grassy Terrain
|-damage|p1a: Rillaboom|95/100 brn|[from] brn
|upkeep
|
|t:|1756797697
|switch|p1b: Basculegion|Basculegion, L50, M|100/100
|turn|4
|inactive|tmp_axo has 30 seconds left.
|
|t:|1756797733
|move|p2a: Volcarona|Protect|p2a: Volcarona
|-singleturn|p2a: Volcarona|Protect
|move|p2b: Electabuzz|Protect|p2b: Electabuzz
|-singleturn|p2b: Electabuzz|Protect
|move|p1b: Basculegion|Last Respects|p2a: Volcarona
|-activate|p2a: Volcarona|move: Protect
|move|p1a: Rillaboom|Wood Hammer|p2b: Electabuzz
|-activate|p2b: Electabuzz|move: Protect
|
|-weather|RainDance|[upkeep]
|-heal|p2a: Volcarona|99/100|[from] Grassy Terrain
|-heal|p1a: Rillaboom|100/100 brn|[from] Grassy Terrain
|-damage|p1a: Rillaboom|95/100 brn|[from] brn
|upkeep
|turn|5
|
|t:|1756797750
|move|p2b: Electabuzz|Follow Me|p2b: Electabuzz
|-singleturn|p2b: Electabuzz|move: Follow Me
|move|p1b: Basculegion|Last Respects|p2b: Electabuzz
|-damage|p2b: Electabuzz|39/100
|move|p2a: Volcarona|Tera Blast|p1b: Basculegion|[anim] Tera Blast Fairy
|-damage|p1b: Basculegion|36/100
|move|p1a: Rillaboom|U-turn|p2b: Electabuzz
|-damage|p2b: Electabuzz|30/100
|
|t:|1756797758
|switch|p1a: Hydreigon|Hydreigon, L50, M|100/100|[from] U-turn
|
|-weather|none
|-heal|p1b: Basculegion|42/100|[from] Grassy Terrain
|-heal|p2a: Volcarona|100/100|[from] Grassy Terrain
|-heal|p2b: Electabuzz|36/100|[from] Grassy Terrain
|-fieldend|move: Grassy Terrain
|upkeep
|turn|6
|
|t:|1756797779
|move|p2b: Electabuzz|Follow Me|p2b: Electabuzz
|-singleturn|p2b: Electabuzz|move: Follow Me
|move|p2a: Volcarona|Tera Blast|p1b: Basculegion|[anim] Tera Blast Fairy
|-damage|p1b: Basculegion|0 fnt
|faint|p1b: Basculegion
|move|p1a: Hydreigon|Draco Meteor|p2b: Electabuzz
|-crit|p2b: Electabuzz
|-damage|p2b: Electabuzz|0 fnt
|-unboost|p1a: Hydreigon|spa|2
|faint|p2b: Electabuzz
|
|upkeep
|
|t:|1756797789
|switch|p2b: Sneasler|Sneasler, L50, M|100/100
|switch|p1b: Rillaboom|Rillaboom, L50, F|95/100 brn
|-fieldstart|move: Grassy Terrain|[from] ability: Grassy Surge|[of] p1b: Rillaboom
|turn|7
|-message|tmp_axo forfeited.
|raw|tmp_axo's rating: 1138 → 1116(-22 for losing)
|raw|dambro222's rating: 1183 → 1205(+22 for winning)
|
|win|dambro222
|l|☆tmp_axo
|player|p1|
|c|☆dambro222|gg
