|j|☆ZephyrBreezy
|j|☆EESBen7811
|html|ZephyrBreezyEESBen7811    
|uhtml|bestof|Game 1 of a best-of-3
|t:|1756843268
|gametype|doubles
|player|p1|ZephyrBreezy|miku-flying|1063
|player|p2|EESBen7811|169|1040
|gen|9
|tier|[Gen 9] VGC 2025 Reg H (Bo3)
|rated|
|rule|Species Clause: Limit one of each Pokémon
|rule|Item Clause: Limit 1 of each item
|clearpoke
|poke|p1|Scizor, L50, M|
|poke|p1|Rillaboom, L50, F|
|poke|p1|Flamigo, L50, M|
|poke|p1|Dragonite, L50, M|
|poke|p1|Ninetales-Alola, L50, F|
|poke|p1|Electabuzz, L50, F|
|poke|p2|Incineroar, L50, M|
|poke|p2|Gyarados, L50, M|
|poke|p2|Amoonguss, L50, F|
|poke|p2|Garchomp, L50, M|
|poke|p2|Gholdengo, L50|
|poke|p2|Sneasler, L50, F|
|teampreview|4
|showteam|p1|Scizor||ClearAmulet|Technician|SwordsDance,CloseCombat,BulletPunch,Protect|||M|||50|,,,,,Steel]Rillaboom||AssaultVest|GrassySurge|FakeOut,GrassyGlide,WoodHammer,Uturn|||F|||50|,,,,,Fire]Flamigo||FocusSash|Scrappy|CloseCombat,DualWingbeat,WideGuard,Detect|||M|||50|,,,,,Stellar]Dragonite||LoadedDice|Multiscale|ScaleShot,Tailwind,Protect,Haze|||M|||50|,,,,,Fairy]Ninetales-Alola||CovertCloak|SnowWarning|Blizzard,AuroraVeil,Encore,Protect|||F|||50|,,,,,Water]Electabuzz||Eviolite|VitalSpirit|Electroweb,FollowMe,Taunt,Protect|||F|||50|,,,,,Ghost
|showteam|p2|Incineroar||CovertCloak|Intimidate|FakeOut,FlareBlitz,PartingShot,KnockOff|||M|||50|,,,,,Ghost]Gyarados||ClearAmulet|Moxie|DragonDance,Waterfall,Earthquake,Protect|||M|||50|,,,,,Water]Amoonguss||RockyHelmet|EffectSpore|Spore,SludgeBomb,RagePowder,Protect|||F|||50|,,,,,Dark]Garchomp||LoadedDice|RoughSkin|Earthquake,ScaleShot,SwordsDance,Protect|||M|||50|,,,,,Dragon]Gholdengo||LifeOrb|GoodasGold|MakeItRain,ShadowBall,Psychic,Protect||||||50|,,,,,Water]Sneasler||FocusSash|Unburden|Acrobatics,DireClaw,CloseCombat,FakeOut|||F|||50|,,,,,Poison
|inactive|Battle timer is ON: inactive players will automatically lose when time's up. (requested by ZephyrBreezy)
|
|t:|1756843292
|teamsize|p1|4
|teamsize|p2|4
|start
|switch|p1a: Rillaboom|Rillaboom, L50, F|100/100
|switch|p1b: Flamigo|Flamigo, L50, M|100/100
|switch|p2a: Incineroar|Incineroar, L50, M|100/100
|switch|p2b: Amoonguss|Amoonguss, L50, F|100/100
|-fieldstart|move: Grassy Terrain|[from] ability: Grassy Surge|[of] p1a: Rillaboom
|-ability|p2a: Incineroar|Intimidate|boost
|-unboost|p1a: Rillaboom|atk|1
|-fail|p1b: Flamigo|unboost|Attack|[from] ability: Scrappy|[of] p1b: Flamigo
|turn|1
|
|t:|1756843312
|move|p1a: Rillaboom|Fake Out|p2a: Incineroar
|-damage|p2a: Incineroar|92/100
|move|p1b: Flamigo|Close Combat|p2a: Incineroar
|-supereffective|p2a: Incineroar
|-damage|p2a: Incineroar|0 fnt
|-unboost|p1b: Flamigo|def|1
|-unboost|p1b: Flamigo|spd|1
|faint|p2a: Incineroar
|move|p2b: Amoonguss|Spore|p1b: Flamigo
|-status|p1b: Flamigo|slp|[from] move: Spore
|
|upkeep
|
|t:|1756843322
|switch|p2a: Gyarados|Gyarados, L50, M, shiny|100/100
|turn|2
|
|t:|1756843334
|switch|p1b: Scizor|Scizor, L50, M|100/100
|move|p2b: Amoonguss|Rage Powder|p2b: Amoonguss
|-singleturn|p2b: Amoonguss|move: Rage Powder
|move|p1a: Rillaboom|Wood Hammer|p2a: Gyarados
|-damage|p2a: Gyarados|35/100
|-damage|p1a: Rillaboom|79/100|[from] Recoil
|move|p2a: Gyarados|Dragon Dance|p2a: Gyarados
|-boost|p2a: Gyarados|atk|1
|-boost|p2a: Gyarados|spe|1
|
|-heal|p1a: Rillaboom|85/100|[from] Grassy Terrain
|upkeep
|turn|3
|
|t:|1756843359
|move|p1b: Scizor|Protect|p1b: Scizor
|-singleturn|p1b: Scizor|Protect
|move|p2a: Gyarados|Waterfall|p1b: Scizor
|-activate|p1b: Scizor|move: Protect
|move|p1a: Rillaboom|Wood Hammer|p2a: Gyarados
|-damage|p2a: Gyarados|0 fnt
|faint|p2a: Gyarados
|-damage|p1a: Rillaboom|74/100|[from] Recoil
|move|p2b: Amoonguss|Sludge Bomb|p1a: Rillaboom
|-supereffective|p1a: Rillaboom
|-damage|p1a: Rillaboom|23/100
|
|-heal|p1a: Rillaboom|28/100|[from] Grassy Terrain
|upkeep
|
|t:|1756843372
|switch|p2a: Garchomp|Garchomp, L50, M|100/100
|turn|4
|
|t:|1756843386
|switch|p1b: Flamigo|Flamigo, L50, M|100/100 slp
|move|p2a: Garchomp|Earthquake|p1a: Rillaboom|[spread] p2b,p1a
|-immune|p1b: Flamigo
|-resisted|p1a: Rillaboom
|-damage|p2b: Amoonguss|80/100
|-damage|p1a: Rillaboom|18/100
|move|p1a: Rillaboom|U-turn|p2a: Garchomp
|-damage|p2a: Garchomp|82/100
|-damage|p1a: Rillaboom|6/100|[from] ability: Rough Skin|[of] p2a: Garchomp
|
|t:|1756843398
|switch|p1a: Ninetales|Ninetales-Alola, L50, F|100/100|[from] U-turn
|-weather|Snowscape|[from] ability: Snow Warning|[of] p1a: Ninetales
|move|p2b: Amoonguss|Sludge Bomb|p1a: Ninetales
|-supereffective|p1a: Ninetales
|-damage|p1a: Ninetales|52/100
|
|-weather|Snowscape|[upkeep]
|-heal|p2a: Garchomp|88/100|[from] Grassy Terrain
|-heal|p1a: Ninetales|58/100|[from] Grassy Terrain
|-heal|p2b: Amoonguss|86/100|[from] Grassy Terrain
|upkeep
|turn|5
|
|t:|1756843420
|-terastallize|p2a: Garchomp|Dragon
|move|p2a: Garchomp|Scale Shot|p1b: Flamigo
|-damage|p1b: Flamigo|74/100 slp
|-crit|p1b: Flamigo
|-damage|p1b: Flamigo|32/100 slp
|-damage|p1b: Flamigo|8/100 slp
|-damage|p1b: Flamigo|0 fnt
|faint|p1b: Flamigo
|-hitcount|p1: Flamigo|4
|-unboost|p2a: Garchomp|def|1
|-boost|p2a: Garchomp|spe|1
|move|p1a: Ninetales|Blizzard|p2a: Garchomp|[spread] p2a,p2b
|-supereffective|p2a: Garchomp
|-supereffective|p2b: Amoonguss
|-damage|p2a: Garchomp|28/100
|-damage|p2b: Amoonguss|55/100
|move|p2b: Amoonguss|Sludge Bomb|p1a: Ninetales
|-supereffective|p1a: Ninetales
|-damage|p1a: Ninetales|7/100
|
|-weather|Snowscape|[upkeep]
|-heal|p2a: Garchomp|34/100|[from] Grassy Terrain
|-heal|p1a: Ninetales|13/100|[from] Grassy Terrain
|-heal|p2b: Amoonguss|61/100|[from] Grassy Terrain
|-fieldend|move: Grassy Terrain
|upkeep
|
|t:|1756843440
|switch|p1b: Scizor|Scizor, L50, M|100/100
|turn|6
|
|t:|1756843454
|move|p2b: Amoonguss|Protect|p2b: Amoonguss
|-singleturn|p2b: Amoonguss|Protect
|move|p1b: Scizor|Bullet Punch|p2b: Amoonguss
|-activate|p2b: Amoonguss|move: Protect
|move|p2a: Garchomp|Earthquake|p1a: Ninetales|[spread] p1a,p1b
|-activate|p2b: Amoonguss|move: Protect
|-damage|p1a: Ninetales|0 fnt
|-damage|p1b: Scizor|64/100
|faint|p1a: Ninetales
|
|-weather|Snowscape|[upkeep]
|upkeep
|
|t:|1756843459
|switch|p1a: Rillaboom|Rillaboom, L50, F|6/100
|-fieldstart|move: Grassy Terrain|[from] ability: Grassy Surge|[of] p1a: Rillaboom
|turn|7
|
|t:|1756843476
|move|p1a: Rillaboom|Fake Out|p2b: Amoonguss
|-damage|p2b: Amoonguss|47/100
|-damage|p1a: Rillaboom|0 fnt|[from] item: Rocky Helmet|[of] p2b: Amoonguss
|faint|p1a: Rillaboom
|cant|p2b: Amoonguss|flinch
|move|p2a: Garchomp|Earthquake|p1b: Scizor|[spread] p2b,p1b
|-damage|p2b: Amoonguss|26/100
|-damage|p1b: Scizor|46/100
|move|p1b: Scizor|Swords Dance|p1b: Scizor
|-boost|p1b: Scizor|atk|2
|
|-weather|Snowscape|[upkeep]
|-heal|p2a: Garchomp|40/100|[from] Grassy Terrain
|-heal|p1b: Scizor|52/100|[from] Grassy Terrain
|-heal|p2b: Amoonguss|32/100|[from] Grassy Terrain
|upkeep
|turn|8
|
|t:|1756843498
|move|p2b: Amoonguss|Rage Powder|p2b: Amoonguss
|-singleturn|p2b: Amoonguss|move: Rage Powder
|move|p1b: Scizor|Bullet Punch|p2b: Amoonguss
|-damage|p2b: Amoonguss|0 fnt
|-damage|p1b: Scizor|36/100|[from] item: Rocky Helmet|[of] p2b: Amoonguss
|faint|p2b: Amoonguss
|move|p2a: Garchomp|Scale Shot|p1b: Scizor
|-resisted|p1b: Scizor
|-damage|p1b: Scizor|26/100
|-resisted|p1b: Scizor
|-damage|p1b: Scizor|17/100
|-resisted|p1b: Scizor
|-damage|p1b: Scizor|9/100
|-resisted|p1b: Scizor
|-damage|p1b: Scizor|0 fnt
|faint|p1b: Scizor
|-hitcount|p1: Scizor|4
|
|win|EESBen7811
