|j|☆sbhaga34
|j|☆pokeplaygg
|html|sbhaga34pokeplaygg    
|uhtml|bestof|Game 1 of a best-of-3
|t:|1757910908
|gametype|doubles
|player|p1|sbhaga34|hugh|1424
|player|p2|pokeplaygg|2|1364
|gen|9
|tier|[Gen 9] VGC 2025 Reg H (Bo3)
|rated|
|rule|Species Clause: Limit one of each Pokémon
|rule|Item Clause: Limit 1 of each item
|clearpoke
|poke|p1|Indeedee-F, L50, F|
|poke|p1|Talonflame, L50, M|
|poke|p1|Tyranitar, L50, M|
|poke|p1|Excadrill, L50, M|
|poke|p1|Gardevoir, L50, F|
|poke|p1|Ursaluna-Bloodmoon, L50, M|
|poke|p2|Annihilape, L50, F|
|poke|p2|Pelipper, L50, F|
|poke|p2|Maushold, L50|
|poke|p2|Basculegion, L50, M|
|poke|p2|Rillaboom, L50, M|
|poke|p2|Kingambit, L50, M|
|teampreview|4
|showteam|p1|Indeedee-F||SafetyGoggles|PsychicSurge|FollowMe,TrickRoom,HelpingHand,Psychic|||F|||50|,,,,,Fairy]Talonflame||CovertCloak|GaleWings|Tailwind,Taunt,FlareBlitz,WillOWisp|||M|||50|,,,,,Grass]Tyranitar||WeaknessPolicy|SandStream|RockSlide,KnockOff,LowKick,Protect|||M|||50|,,,,,Flying]Excadrill||FocusSash|SandRush|Earthquake,IronHead,SwordsDance,Protect|||M|||50|,,,,,Ground]Gardevoir||ChoiceScarf|Telepathy|ExpandingForce,Moonblast,IcyWind,PsychicTerrain|||F|||50|,,,,,Psychic]Ursaluna-Bloodmoon||SilkScarf|MindsEye|BloodMoon,HyperVoice,EarthPower,Protect|||M|||50|,,,,,Normal
|showteam|p2|Annihilape||Leftovers|Defiant|Protect,DrainPunch,BulkUp,RageFist|||F|||50|,,,,,Fire]Pelipper||FocusSash|Drizzle|MuddyWater,Protect,Hurricane,WideGuard|||F|||50|,,,,,Stellar]Maushold||SafetyGoggles|FriendGuard|FollowMe,BeatUp,Taunt,Protect||||||50|,,,,,Ghost]Basculegion||ChoiceBand|SwiftSwim|LastRespects,AquaJet,WaveCrash,FlipTurn|||M|||50|,,,,,Fire]Rillaboom||AssaultVest|GrassySurge|FakeOut,GrassyGlide,WoodHammer,Uturn|||M|||50|,,,,,Fire]Kingambit||BlackGlasses|Defiant|SwordsDance,KowtowCleave,SuckerPunch,IronHead|||M|||50|,,,,,Dark
|inactive|Battle timer is ON: inactive players will automatically lose when time's up. (requested by pokeplaygg)
|
|t:|1757910939
|teamsize|p1|4
|teamsize|p2|4
|start
|switch|p1a: Talonflame|Talonflame, L50, M|100/100
|switch|p1b: Ursaluna|Ursaluna-Bloodmoon, L50, M|100/100
|switch|p2a: Annihilape|Annihilape, L50, F|100/100
|switch|p2b: Maushold|Maushold, L50|100/100
|turn|1
|inactive|sbhaga34 has 30 seconds left.
|
|t:|1757910964
|-terastallize|p1b: Ursaluna|Normal
|move|p1a: Talonflame|Tailwind|p1a: Talonflame
|-sidestart|p1: sbhaga34|move: Tailwind
|move|p1b: Ursaluna|Blood Moon|p2a: Annihilape
|-damage|p2a: Annihilape|13/100
|move|p2b: Maushold|Beat Up|p2a: Annihilape
|-damage|p2a: Annihilape|11/100
|-damage|p2a: Annihilape|9/100
|-damage|p2a: Annihilape|7/100
|-damage|p2a: Annihilape|6/100
|-hitcount|p2a: Annihilape|4
|move|p2a: Annihilape|Rage Fist|p1a: Talonflame
|-crit|p1a: Talonflame
|-damage|p1a: Talonflame|0 fnt
|faint|p1a: Talonflame
|
|-heal|p2a: Annihilape|12/100|[from] item: Leftovers
|upkeep
|
|t:|1757910985
|switch|p1a: Tyranitar|Tyranitar, L50, M|100/100
|-weather|Sandstorm|[from] ability: Sand Stream|[of] p1a: Tyranitar
|turn|2
|inactive|pokeplaygg has 30 seconds left.
|
|t:|1757911017
|switch|p2a: Rillaboom|Rillaboom, L50, M|100/100
|-fieldstart|move: Grassy Terrain|[from] ability: Grassy Surge|[of] p2a: Rillaboom
|move|p1b: Ursaluna|Hyper Voice|p2a: Rillaboom|[spread] p2a,p2b
|-damage|p2a: Rillaboom|64/100
|-damage|p2b: Maushold|26/100
|move|p1a: Tyranitar|Knock Off|p2b: Maushold
|-damage|p2b: Maushold|0 fnt
|-enditem|p2b: Maushold|Safety Goggles|[from] move: Knock Off|[of] p1a: Tyranitar
|faint|p2b: Maushold
|
|-weather|Sandstorm|[upkeep]
|-damage|p1b: Ursaluna|95/100|[from] Sandstorm
|-damage|p2a: Rillaboom|58/100|[from] Sandstorm
|-heal|p1b: Ursaluna|100/100|[from] Grassy Terrain
|-heal|p2a: Rillaboom|64/100|[from] Grassy Terrain
|upkeep
|
|t:|1757911038
|switch|p2b: Pelipper|Pelipper, L50, F|100/100
|-weather|RainDance|[from] ability: Drizzle|[of] p2b: Pelipper
|turn|3
|
|t:|1757911052
|switch|p1a: Indeedee|Indeedee-F, L50, F|100/100
|-fieldstart|move: Psychic Terrain|[from] ability: Psychic Surge|[of] p1a: Indeedee
|move|p2a: Rillaboom|Fake Out|p1b: Ursaluna
|-activate|p1b: Ursaluna|move: Psychic Terrain
|move|p1b: Ursaluna|Blood Moon|p2a: Rillaboom
|-damage|p2a: Rillaboom|0 fnt
|faint|p2a: Rillaboom
|move|p2b: Pelipper|Muddy Water|p1b: Ursaluna|[spread] p1a,p1b
|-damage|p1a: Indeedee|64/100
|-damage|p1b: Ursaluna|40/100
|
|-weather|RainDance|[upkeep]
|upkeep
|
|t:|1757911067
|switch|p2a: Annihilape|Annihilape, L50, F|12/100
|turn|4
|
|t:|1757911079
|switch|p1b: Tyranitar|Tyranitar, L50, M|100/100
|-weather|Sandstorm|[from] ability: Sand Stream|[of] p1b: Tyranitar
|move|p2b: Pelipper|Wide Guard|p2b: Pelipper
|-singleturn|p2b: Pelipper|Wide Guard
|move|p2a: Annihilape|Drain Punch|p1b: Tyranitar
|-supereffective|p1b: Tyranitar
|-damage|p1b: Tyranitar|0 fnt
|-heal|p2a: Annihilape|57/100|[from] drain|[of] p1b: Tyranitar
|faint|p1b: Tyranitar
|move|p1a: Indeedee|Trick Room|p1a: Indeedee
|-fieldstart|move: Trick Room|[of] p1a: Indeedee
|
|-weather|Sandstorm|[upkeep]
|-damage|p2b: Pelipper|95/100|[from] Sandstorm
|-damage|p2a: Annihilape|51/100|[from] Sandstorm
|-heal|p2a: Annihilape|57/100|[from] item: Leftovers
|-sideend|p1: sbhaga34|move: Tailwind
|upkeep
|
|t:|1757911093
|switch|p1b: Ursaluna|Ursaluna-Bloodmoon, L50, M, tera:Normal|40/100
|turn|5
|
|t:|1757911115
|move|p2b: Pelipper|Protect||[still]
|-fail|p2b: Pelipper
|move|p2a: Annihilape|Protect|p2a: Annihilape
|-singleturn|p2a: Annihilape|Protect
|move|p1b: Ursaluna|Earth Power|p2a: Annihilape
|-activate|p2a: Annihilape|move: Protect
|move|p1a: Indeedee|Psychic|p2a: Annihilape
|-activate|p2a: Annihilape|move: Protect
|
|-weather|Sandstorm|[upkeep]
|-damage|p1b: Ursaluna|34/100|[from] Sandstorm
|-damage|p2b: Pelipper|89/100|[from] Sandstorm
|-damage|p2a: Annihilape|51/100|[from] Sandstorm
|-heal|p2a: Annihilape|57/100|[from] item: Leftovers
|upkeep
|turn|6
|
|t:|1757911138
|-terastallize|p2b: Pelipper|Stellar
|move|p1b: Ursaluna|Blood Moon|p2a: Annihilape
|-damage|p2a: Annihilape|0 fnt
|faint|p2a: Annihilape
|move|p1a: Indeedee|Psychic|p2b: Pelipper
|-damage|p2b: Pelipper|23/100
|-unboost|p2b: Pelipper|spd|1
|move|p2b: Pelipper|Muddy Water|p1b: Ursaluna|[spread] p1a,p1b
|-damage|p1a: Indeedee|31/100
|-damage|p1b: Ursaluna|0 fnt
|faint|p1b: Ursaluna
|
|-weather|Sandstorm|[upkeep]
|-damage|p2b: Pelipper|17/100|[from] Sandstorm
|upkeep
|turn|7
|
|t:|1757911157
|move|p2b: Pelipper|Protect|p2b: Pelipper
|-singleturn|p2b: Pelipper|Protect
|move|p1a: Indeedee|Psychic|p2b: Pelipper
|-activate|p2b: Pelipper|move: Protect
|
|-weather|Sandstorm|[upkeep]
|-damage|p2b: Pelipper|11/100|[from] Sandstorm
|-fieldend|move: Psychic Terrain
|upkeep
|turn|8
|
|t:|1757911161
|move|p2b: Pelipper|Protect||[still]
|-fail|p2b: Pelipper
|move|p1a: Indeedee|Psychic|p2b: Pelipper
|-damage|p2b: Pelipper|0 fnt
|faint|p2b: Pelipper
|
|win|sbhaga34
||sbhaga34 is ready for game 2.
||pokeplaygg is ready for game 2.
|uhtml|next|Next: Game 2 of 3
|l|☆sbhaga34
|player|p1|
|l|☆pokeplaygg
|player|p2|
