|j|☆jafetjflores1
|j|☆Ryan0771
|html|jafetjflores1Ryan0771    
|uhtml|bestof|Game 3 of a best-of-3
|t:|1782262141
|gametype|doubles
|player|p1|jafetjflores1|266|1034
|player|p2|Ryan0771|170|1087
|gen|9
|tier|[Gen 9 Champions] VGC 2026 Reg M-B (Bo3)
|rated|
|rule|Species Clause: Limit one of each Pokémon
|rule|Item Clause: Limit 1 of each item
|clearpoke
|poke|p1|Raichu, L50, F, shiny|
|poke|p1|Heliolisk, L50, M|
|poke|p1|Torkoal, L50, F|
|poke|p1|Sinistcha-Masterpiece, L50|
|poke|p1|Basculegion, L50, M|
|poke|p1|Tsareena, L50, F|
|poke|p2|Metagross, L50|
|poke|p2|Garchomp, L50, F|
|poke|p2|Incineroar, L50, F|
|poke|p2|Grimmsnarl, L50, M|
|poke|p2|Whimsicott, L50, M|
|poke|p2|Rotom-Wash, L50|
|teampreview|4
|showteam|p1|Raichu||RaichuniteX|Static|FakeOut,VoltSwitch,VoltTackle,Protect|Jolly||F|||50|]Heliolisk||LifeOrb|SolarPower|RisingVoltage,HyperVoice,VoltSwitch,Protect|Timid||M|||50|]Torkoal||HeatRock|Drought|Protect,WeatherBall,HelpingHand,Yawn|Bold||F|||50|]Sinistcha-Masterpiece||KasibBerry|Hospitality|RagePowder,MatchaGotcha,LifeDew,TrickRoom|Calm|||||50|]Basculegion||ChoiceScarf|Adaptability|FlipTurn,WaveCrash,LastRespects,AquaJet|Jolly||M|||50|]Tsareena||SitrusBerry|QueenlyMajesty|TropKick,LowKick,HelpingHand,Protect|Careful||F|||50|
|showteam|p2|Metagross||Metagrossite|ClearBody|IronHead,Protect,PsychicFangs,RockTomb|Jolly|||||50|]Garchomp||LifeOrb|SandVeil|DragonClaw,Earthquake,RockSlide,Protect|Jolly||F|||50|]Incineroar||ShucaBerry|Intimidate|FlareBlitz,PartingShot,ThroatChop,FakeOut|Impish||F|||50|]Grimmsnarl||LightClay|Prankster|LightScreen,Reflect,PartingShot,SpiritBreak|Careful||M|||50|]Whimsicott||FocusSash|Prankster|Moonblast,Tailwind,Protect,Encore|Timid||M|||50|]Rotom-Wash||SitrusBerry|Levitate|HydroPump,WillOWisp,Thunderbolt,Protect|Bold|||||50|
|inactive|Battle timer is ON: inactive players will automatically lose when time's up. (requested by jafetjflores1)
|inactive|jafetjflores1 has 60 seconds left.
|
|t:|1782262195
|teamsize|p1|4
|teamsize|p2|4
|start
|switch|p1a: Tsareena|Tsareena, L50, F|100/100
|switch|p1b: Sinistcha|Sinistcha-Masterpiece, L50|100/100
|switch|p2a: Incineroar|Incineroar, L50, F|100/100
|switch|p2b: Garchomp|Garchomp, L50, F|100/100
|-ability|p2a: Incineroar|Intimidate|boost
|-unboost|p1a: Tsareena|atk|1
|-unboost|p1b: Sinistcha|atk|1
|turn|1
|inactive|Ryan0771 has 30 seconds left.
|
|t:|1782262223
|move|p1a: Tsareena|Protect|p1a: Tsareena
|-singleturn|p1a: Tsareena|Protect
|move|p2b: Garchomp|Rock Slide|p1b: Sinistcha|[spread] p1b
|-activate|p1a: Tsareena|move: Protect
|-damage|p1b: Sinistcha|78/100
|-damage|p2b: Garchomp|90/100|[from] item: Life Orb
|move|p2a: Incineroar|Throat Chop|p1b: Sinistcha
|-supereffective|p1b: Sinistcha|1
|-damage|p1b: Sinistcha|17/100
|-start|p1b: Sinistcha|Throat Chop|[silent]
|cant|p1b: Sinistcha|flinch
|
|upkeep
|turn|2
|inactive|jafetjflores1 has 30 seconds left.
|inactive|Ryan0771 has 30 seconds left.
|inactive|Ryan0771 has 20 seconds left.
|
|t:|1782262261
|switch|p1b: Torkoal|Torkoal, L50, F|100/100
|-weather|SunnyDay|[from] ability: Drought|[of] p1b: Torkoal
|move|p2b: Garchomp|Dragon Claw|p1b: Torkoal
|-damage|p1b: Torkoal|63/100
|-damage|p2b: Garchomp|80/100|[from] item: Life Orb
|move|p1a: Tsareena|Trop Kick|p2b: Garchomp
|-damage|p2b: Garchomp|57/100
|-unboost|p2b: Garchomp|atk|1
|move|p2a: Incineroar|Flare Blitz|p1a: Tsareena
|-supereffective|p1a: Tsareena|1
|-damage|p1a: Tsareena|0 fnt
|faint|p1a: Tsareena
|-damage|p2a: Incineroar|70/100|[from] Recoil
|
|-weather|SunnyDay|[upkeep]
|upkeep
|
|t:|1782262274
|switch|p1a: Heliolisk|Heliolisk, L50, M|100/100
|turn|3
|
|t:|1782262288
|move|p1b: Torkoal|Helping Hand|p1a: Heliolisk
|-singleturn|p1a: Heliolisk|Helping Hand|[of] p1b: Torkoal
|move|p2b: Garchomp|Protect|p2b: Garchomp
|-singleturn|p2b: Garchomp|Protect
|move|p1a: Heliolisk|Hyper Voice|p2b: Garchomp|[spread] p2a
|-activate|p2b: Garchomp|move: Protect
|-damage|p2a: Incineroar|0 fnt
|faint|p2a: Incineroar
|-damage|p1a: Heliolisk|90/100|[from] item: Life Orb
|
|-weather|SunnyDay|[upkeep]
|-damage|p1a: Heliolisk|78/100|[from] ability: Solar Power|[of] p1a: Heliolisk
|upkeep
|
|t:|1782262301
|switch|p2a: Rotom|Rotom-Wash, L50|100/100
|turn|4
|
|t:|1782262326
|move|p1b: Torkoal|Helping Hand|p1a: Heliolisk
|-singleturn|p1a: Heliolisk|Helping Hand|[of] p1b: Torkoal
|move|p2a: Rotom|Protect|p2a: Rotom
|-singleturn|p2a: Rotom|Protect
|move|p1a: Heliolisk|Hyper Voice|p2a: Rotom|[spread] p2b
|-activate|p2a: Rotom|move: Protect
|-damage|p2b: Garchomp|0 fnt
|faint|p2b: Garchomp
|-damage|p1a: Heliolisk|69/100|[from] item: Life Orb
|
|-weather|SunnyDay|[upkeep]
|-damage|p1a: Heliolisk|56/100|[from] ability: Solar Power|[of] p1a: Heliolisk
|upkeep
|
|t:|1782262334
|switch|p2b: Metagross|Metagross, L50|100/100
|turn|5
|inactive|Ryan0771 has 30 seconds left.
|
|t:|1782262362
|detailschange|p2b: Metagross|Metagross-Mega, L50
|-mega|p2b: Metagross|Metagross|Metagrossite
|move|p1b: Torkoal|Helping Hand|p1a: Heliolisk
|-singleturn|p1a: Heliolisk|Helping Hand|[of] p1b: Torkoal
|move|p1a: Heliolisk|Hyper Voice|p2b: Metagross|[spread] p2a,p2b
|-resisted|p2b: Metagross|1
|-damage|p2a: Rotom|0 fnt
|-damage|p2b: Metagross|50/100g
|faint|p2a: Rotom
|-damage|p1a: Heliolisk|47/100|[from] item: Life Orb
|move|p2b: Metagross|Psychic Fangs|p1a: Heliolisk
|-damage|p1a: Heliolisk|0 fnt
|faint|p1a: Heliolisk
|
|-weather|SunnyDay|[upkeep]
|upkeep
|
|t:|1782262373
|switch|p1a: Sinistcha|Sinistcha-Masterpiece, L50|17/100
|-heal|p1b: Torkoal|88/100|[from] ability: Hospitality|[of] p1a: Sinistcha
|turn|6
|inactive|Ryan0771 has 30 seconds left.
|
|t:|1782262401
|move|p2b: Metagross|Psychic Fangs|p1b: Torkoal
|-damage|p1b: Torkoal|46/100
|move|p1b: Torkoal|Weather Ball|p2b: Metagross
|-supereffective|p2b: Metagross|1
|-damage|p2b: Metagross|0 fnt
|faint|p2b: Metagross
|
|win|jafetjflores1
|raw|jafetjflores1's rating: 1034 → 1074(+40 for winning)
|raw|Ryan0771's rating: 1087 → 1060(-27 for losing)
