|j|☆slopmachine
|j|☆strawhatronin
|html|slopmachinestrawhatronin    
|uhtml|bestof|Game 2 of a best-of-3
|t:|1785751725
|gametype|doubles
|player|p1|slopmachine|medium|1209
|player|p2|strawhatronin|morty|1193
|gen|9
|tier|[Gen 9 Champions] VGC 2026 Reg M-B (Bo3)
|rated|
|rule|Species Clause: Limit one of each Pokémon
|rule|Item Clause: Limit 1 of each item
|clearpoke
|poke|p1|Floette-Eternal, L50, F|
|poke|p1|Whimsicott, L50, F|
|poke|p1|Charizard, L50, M|
|poke|p1|Basculegion, L50, M|
|poke|p1|Garchomp, L50, F|
|poke|p1|Incineroar, L50, M|
|poke|p2|Pelipper, L50, M|
|poke|p2|Incineroar, L50, M|
|poke|p2|Archaludon, L50, F|
|poke|p2|Maushold, L50|
|poke|p2|Gengar, L50, M|
|poke|p2|Raichu, L50, M|
|teampreview|4
|showteam|p1|Floette-Eternal||Floettite|FlowerVeil|Protect,DazzlingGleam,DrainingKiss,CalmMind|Modest||F|||50|]Whimsicott||FocusSash|Prankster|Protect,Moonblast,Tailwind,Encore|Timid||F|||50|]Charizard||CharizarditeY|Blaze|Protect,WeatherBall,SolarBeam,HeatWave|Modest||M|||50|]Basculegion||ChoiceScarf|Adaptability|FlipTurn,WaveCrash,LastRespects,AquaJet|Jolly||M|||50|]Garchomp||LifeOrb|RoughSkin|Protect,Earthquake,DragonClaw,RockSlide|Jolly||F|||50|]Incineroar||SitrusBerry|Intimidate|FlareBlitz,ThroatChop,FakeOut,PartingShot|Careful||M|||50|
|showteam|p2|Pelipper||FocusSash|Drizzle|WideGuard,Tailwind,WeatherBall,Hurricane|Timid||M|||50|]Incineroar||SitrusBerry|Intimidate|Protect,FakeOut,PartingShot,FlareBlitz|Adamant||M|||50|]Archaludon||Leftovers|Stamina|Protect,ElectroShot,FlashCannon,DragonPulse|Modest||F|||50|]Maushold||ChopleBerry|FriendGuard|Protect,FollowMe,BeatUp,SuperFang|Jolly|||||50|]Gengar||Gengarite|CursedBody|Protect,PerishSong,SludgeBomb,ShadowBall|Timid||M|||50|]Raichu||RaichuniteX|LightningRod|Protect,FakeOut,VoltSwitch,RisingVoltage|Timid||M|||50|
|inactive|Battle timer is ON: inactive players will automatically lose when time's up. (requested by strawhatronin)
|inactive|slopmachine has 60 seconds left.
|inactive|slopmachine has 30 seconds left.
|inactive|slopmachine has 20 seconds left.
|inactive|slopmachine has 15 seconds left.
|
|t:|1785751803
|teamsize|p1|4
|teamsize|p2|4
|start
|switch|p1a: Charizard|Charizard, L50, M|100/100
|switch|p1b: Incineroar|Incineroar, L50, M|100/100
|switch|p2a: Gengar|Gengar, L50, M|100/100
|switch|p2b: Incineroar|Incineroar, L50, M|100/100
|-ability|p2b: Incineroar|Intimidate|boost
|-unboost|p1a: Charizard|atk|1
|-unboost|p1b: Incineroar|atk|1
|-ability|p1b: Incineroar|Intimidate|boost
|-unboost|p2a: Gengar|atk|1
|-unboost|p2b: Incineroar|atk|1
|turn|1
|
|t:|1785751823
|detailschange|p2a: Gengar|Gengar-Mega, L50, M
|-mega|p2a: Gengar|Gengar|Gengarite
|detailschange|p1a: Charizard|Charizard-Mega-Y, L50, M
|-mega|p1a: Charizard|Charizard|Charizardite Y
|-weather|SunnyDay|[from] ability: Drought|[of] p1a: Charizard
|move|p2b: Incineroar|Fake Out|p1b: Incineroar
|-damage|p1b: Incineroar|91/100
|move|p2a: Gengar|Perish Song|p2a: Gengar
|-start|p1a: Charizard|perish3|[silent]
|-start|p1b: Incineroar|perish3|[silent]
|-start|p2a: Gengar|perish3|[silent]
|-start|p2b: Incineroar|perish3|[silent]
|-fieldactivate|move: Perish Song
|move|p1a: Charizard|Weather Ball|p2a: Gengar
|-damage|p2a: Gengar|0 fnt
|faint|p2a: Gengar
|cant|p1b: Incineroar|flinch
|
|-weather|SunnyDay|[upkeep]
|-start|p1a: Charizard|perish3
|-start|p2b: Incineroar|perish3
|-start|p1b: Incineroar|perish3
|upkeep
|
|t:|1785751843
|switch|p2a: Pelipper|Pelipper, L50, M|100/100
|-weather|RainDance|[from] ability: Drizzle|[of] p2a: Pelipper
|turn|2
|
|t:|1785751867
|switch|p1b: Basculegion|Basculegion, L50, M|100/100
|move|p1a: Charizard|Protect|p1a: Charizard
|-singleturn|p1a: Charizard|Protect
|move|p2a: Pelipper|Hurricane|p1a: Charizard
|-activate|p1a: Charizard|move: Protect
|move|p2b: Incineroar|Parting Shot|p1b: Basculegion
|-unboost|p1b: Basculegion|atk|1
|-unboost|p1b: Basculegion|spa|1
|
|t:|1785751876
|switch|p2b: Maushold|Maushold, L50|100/100|[from] Parting Shot
|
|-weather|RainDance|[upkeep]
|-start|p1a: Charizard|perish2
|upkeep
|turn|3
|inactive|slopmachine has 30 seconds left.
|
|t:|1785751905
|switch|p1a: Incineroar|Incineroar, L50, M|91/100
|-ability|p1a: Incineroar|Intimidate|boost
|-unboost|p2a: Pelipper|atk|1
|-unboost|p2b: Maushold|atk|1
|move|p2b: Maushold|Protect|p2b: Maushold
|-singleturn|p2b: Maushold|Protect
|move|p1b: Basculegion|Wave Crash|p2b: Maushold
|-activate|p2b: Maushold|move: Protect
|move|p2a: Pelipper|Weather Ball|p1a: Incineroar
|-supereffective|p1a: Incineroar|1
|-damage|p1a: Incineroar|0 fnt
|faint|p1a: Incineroar
|
|-weather|RainDance|[upkeep]
|upkeep
|
|t:|1785751914
|switch|p1a: Charizard|Charizard-Mega-Y, L50, M|100/100
|-weather|SunnyDay|[from] ability: Drought|[of] p1a: Charizard
|turn|4
|
|t:|1785751935
|switch|p1b: Garchomp|Garchomp, L50, F|100/100
|switch|p2a: Incineroar|Incineroar, L50, M|100/100
|-ability|p2a: Incineroar|Intimidate|boost
|-unboost|p1a: Charizard|atk|1
|-unboost|p1b: Garchomp|atk|1
|move|p2b: Maushold|Super Fang|p1a: Charizard
|-damage|p1a: Charizard|50/100g
|move|p1a: Charizard|Heat Wave|p2b: Maushold|[spread] p2a,p2b
|-resisted|p2a: Incineroar|1
|-damage|p2a: Incineroar|79/100
|-damage|p2b: Maushold|18/100
|
|-weather|SunnyDay|[upkeep]
|upkeep
|turn|5
|
|t:|1785751960
|switch|p2b: Pelipper|Pelipper, L50, M|100/100
|-weather|RainDance|[from] ability: Drizzle|[of] p2b: Pelipper
|move|p2a: Incineroar|Fake Out|p1b: Garchomp
|-damage|p1b: Garchomp|85/100
|-damage|p2a: Incineroar|66/100|[from] ability: Rough Skin|[of] p1b: Garchomp
|cant|p1b: Garchomp|flinch
|move|p1a: Charizard|Weather Ball|p2a: Incineroar
|-supereffective|p2a: Incineroar|1
|-damage|p2a: Incineroar|0 fnt
|faint|p2a: Incineroar
|
|-weather|RainDance|[upkeep]
|upkeep
|
|t:|1785751973
|switch|p2a: Maushold|Maushold, L50|18/100
|turn|6
|
|t:|1785751991
|switch|p1a: Basculegion|Basculegion, L50, M|100/100
|move|p2a: Maushold|Super Fang|p1b: Garchomp
|-damage|p1b: Garchomp|42/100
|-damage|p2a: Maushold|6/100|[from] ability: Rough Skin|[of] p1b: Garchomp
|move|p1b: Garchomp|Dragon Claw|p2a: Maushold
|-damage|p2a: Maushold|0 fnt
|faint|p2a: Maushold
|-damage|p1b: Garchomp|32/100|[from] item: Life Orb
|move|p2b: Pelipper|Hurricane|p1a: Basculegion
|-damage|p1a: Basculegion|47/100
|-start|p1a: Basculegion|confusion
|
|-weather|RainDance|[upkeep]
|upkeep
|turn|7
|inactive|slopmachine has 30 seconds left.
|
|t:|1785752020
|switch|p1b: Charizard|Charizard-Mega-Y, L50, M|50/100g
|-weather|SunnyDay|[from] ability: Drought|[of] p1b: Charizard
|-activate|p1a: Basculegion|confusion
|move|p1a: Basculegion|Last Respects|p2b: Pelipper
|-damage|p2b: Pelipper|24/100
|move|p2b: Pelipper|Hurricane|p1b: Charizard|[miss]
|-miss|p2b: Pelipper|p1b: Charizard
|
|-weather|SunnyDay|[upkeep]
|upkeep
|turn|8
|
|t:|1785752033
|-activate|p1a: Basculegion|confusion
|move|p1a: Basculegion|Last Respects|p2b: Pelipper
|-damage|p2b: Pelipper|0 fnt
|faint|p2b: Pelipper
|
|win|slopmachine
|inactive|slopmachine has 30 seconds to confirm battle start!
|inactive|strawhatronin has 30 seconds to confirm battle start!
||slopmachine is ready for game 3.
|inactive|strawhatronin has 20 seconds to confirm battle start!
||strawhatronin is ready for game 3.
|uhtml|next|Next: Game 3 of 3
|l|☆strawhatronin
|player|p2|
