|j|☆josemaria20
|j|☆Traindelpivgc
|html|josemaria20Traindelpivgc    
|uhtml|bestof|Game 1 of a best-of-3
|t:|1756305504
|gametype|doubles
|player|p1|josemaria20|169|1090
|player|p2|Traindelpivgc|hilbert-wonderlauncher|1179
|gen|9
|tier|[Gen 9] VGC 2025 Reg H (Bo3)
|rated|
|rule|Species Clause: Limit one of each Pokémon
|rule|Item Clause: Limit 1 of each item
|clearpoke
|poke|p1|Archaludon, L50, M|
|poke|p1|Kingdra, L50, F|
|poke|p1|Politoed, L50, F|
|poke|p1|Incineroar, L50, M|
|poke|p1|Gothitelle, L50, M|
|poke|p1|Amoonguss, L50, M|
|poke|p2|Incineroar, L50, M|
|poke|p2|Amoonguss, L50, M|
|poke|p2|Ursaluna-Bloodmoon, L50, M|
|poke|p2|Sneasler, L50, F|
|poke|p2|Gholdengo, L50|
|poke|p2|Dragonite, L50, M|
|teampreview|4
|showteam|p1|Archaludon||PowerHerb|Sturdy|Protect,ElectroShot,FlashCannon,DragonPulse|||M|||50|,,,,,Electric]Kingdra||LifeOrb|SwiftSwim|Protect,DracoMeteor,WeatherBall,MuddyWater|||F|||50|,,,,,Stellar]Politoed||Leftovers|Drizzle|Protect,WeatherBall,PerishSong,Encore|||F|||50|,,,,,Grass]Incineroar||SafetyGoggles|Intimidate|FakeOut,KnockOff,PartingShot,Protect|||M|||50|,,,,,Ghost]Gothitelle||SitrusBerry|ShadowTag|Protect,Psychic,FakeOut,TrickRoom|||M|||50|,,,,,Dark]Amoonguss||EjectButton|Regenerator|Protect,RagePowder,Spore,PollenPuff|||M|||50|,,,,,Fairy
|showteam|p2|Incineroar||SafetyGoggles|Intimidate|FlareBlitz,KnockOff,PartingShot,FakeOut|||M|||50|,,,,,Ghost]Amoonguss||SitrusBerry|Regenerator|Spore,RagePowder,PollenPuff,Protect|||M|||50|,,,,,Psychic]Ursaluna-Bloodmoon||AssaultVest|MindsEye|HyperVoice,BloodMoon,EarthPower,VacuumWave|||M|||50|,,,,,Water]Sneasler||FocusSash|Unburden|CloseCombat,DireClaw,ThroatChop,Protect|||F|||50|,,,,,Stellar]Gholdengo||LifeOrb|GoodasGold|MakeItRain,ShadowBall,NastyPlot,Protect||||||50|,,,,,Water]Dragonite||LoadedDice|Multiscale|ScaleShot,Tailwind,Haze,Protect|||M|||50|,,,,,Fairy
|inactive|Battle timer is ON: inactive players will automatically lose when time's up. (requested by josemaria20)
|
|t:|1756305565
|teamsize|p1|4
|teamsize|p2|4
|start
|switch|p1a: Kingdra|Kingdra, L50, F|100/100
|switch|p1b: Gothitelle|Gothitelle, L50, M|100/100
|switch|p2a: Dragonite|Dragonite, L50, M|100/100
|switch|p2b: Sneasler|Sneasler, L50, F|100/100
|turn|1
|inactive|josemaria20 has 30 seconds left.
|inactive|Traindelpivgc has 30 seconds left.
|inactive|josemaria20 has 20 seconds left.
|
|t:|1756305601
|switch|p1a: Incineroar|Incineroar, L50, M|100/100
|-ability|p1a: Incineroar|Intimidate|boost
|-unboost|p2a: Dragonite|atk|1
|-unboost|p2b: Sneasler|atk|1
|move|p2b: Sneasler|Protect|p2b: Sneasler
|-singleturn|p2b: Sneasler|Protect
|move|p2a: Dragonite|Protect|p2a: Dragonite
|-singleturn|p2a: Dragonite|Protect
|move|p1b: Gothitelle|Fake Out|p2b: Sneasler
|-activate|p2b: Sneasler|move: Protect
|
|upkeep
|turn|2
|inactive|josemaria20 has 30 seconds left.
|inactive|Traindelpivgc has 30 seconds left.
|inactive|josemaria20 has 20 seconds left.
|inactive|Traindelpivgc has 20 seconds left.
|inactive|josemaria20 has 15 seconds left.
|inactive|Traindelpivgc has 15 seconds left.
|inactive|josemaria20 has 10 seconds left.
|inactive|Traindelpivgc has 10 seconds left.
|inactive|Traindelpivgc has 5 seconds left.
|
|t:|1756305652
|move|p1a: Incineroar|Fake Out|p2b: Sneasler
|-damage|p2b: Sneasler|81/100
|cant|p2b: Sneasler|flinch
|move|p2a: Dragonite|Haze|p2a: Dragonite
|-clearallboost
|move|p1b: Gothitelle|Psychic|p2b: Sneasler
|-supereffective|p2b: Sneasler
|-damage|p2b: Sneasler|0 fnt
|faint|p2b: Sneasler
|
|upkeep
|
|t:|1756305670
|switch|p2b: Gholdengo|Gholdengo, L50|100/100
|turn|3
|
|t:|1756305693
|move|p2b: Gholdengo|Protect|p2b: Gholdengo
|-singleturn|p2b: Gholdengo|Protect
|move|p1b: Gothitelle|Protect|p1b: Gothitelle
|-singleturn|p1b: Gothitelle|Protect
|move|p2a: Dragonite|Scale Shot|p1b: Gothitelle
|-activate|p1b: Gothitelle|move: Protect
|move|p1a: Incineroar|Parting Shot|p2a: Dragonite
|-unboost|p2a: Dragonite|atk|1
|-unboost|p2a: Dragonite|spa|1
|
|t:|1756305708
|switch|p1a: Kingdra|Kingdra, L50, F|100/100|[from] Parting Shot
|
|upkeep
|turn|4
|
|t:|1756305732
|switch|p1b: Incineroar|Incineroar, L50, M|100/100
|-ability|p1b: Incineroar|Intimidate|boost
|-unboost|p2a: Dragonite|atk|1
|-unboost|p2b: Gholdengo|atk|1
|-terastallize|p2a: Dragonite|Fairy
|move|p1a: Kingdra|Protect|p1a: Kingdra
|-singleturn|p1a: Kingdra|Protect
|move|p2b: Gholdengo|Nasty Plot|p2b: Gholdengo
|-boost|p2b: Gholdengo|spa|2
|move|p2a: Dragonite|Scale Shot|p1a: Kingdra
|-activate|p1a: Kingdra|move: Protect
|
|upkeep
|turn|5
|inactive|josemaria20 has 30 seconds left.
|inactive|Traindelpivgc has 30 seconds left.
|inactive|josemaria20 has 20 seconds left.
|
|t:|1756305768
|switch|p2a: Amoonguss|Amoonguss, L50, M|100/100
|switch|p1b: Politoed|Politoed, L50, F|100/100
|-weather|RainDance|[from] ability: Drizzle|[of] p1b: Politoed
|-terastallize|p1a: Kingdra|Stellar
|move|p2b: Gholdengo|Protect|p2b: Gholdengo
|-singleturn|p2b: Gholdengo|Protect
|move|p1a: Kingdra|Weather Ball|p2b: Gholdengo
|-activate|p2b: Gholdengo|move: Protect
|
|-weather|RainDance|[upkeep]
|upkeep
|turn|6
|inactive|Traindelpivgc has 30 seconds left.
|inactive|josemaria20 has 30 seconds left.
|inactive|Traindelpivgc has 20 seconds left.
|inactive|Traindelpivgc has 15 seconds left.
|
|t:|1756305809
|switch|p1b: Incineroar|Incineroar, L50, M|100/100
|-ability|p1b: Incineroar|Intimidate|boost
|-unboost|p2a: Amoonguss|atk|1
|-unboost|p2b: Gholdengo|atk|1
|move|p1a: Kingdra|Protect|p1a: Kingdra
|-singleturn|p1a: Kingdra|Protect
|move|p2a: Amoonguss|Rage Powder|p2a: Amoonguss
|-singleturn|p2a: Amoonguss|move: Rage Powder
|move|p2b: Gholdengo|Make It Rain|p1b: Incineroar|[spread] p1b
|-activate|p1a: Kingdra|move: Protect
|-resisted|p1b: Incineroar
|-damage|p1b: Incineroar|60/100
|-unboost|p2b: Gholdengo|spa|1
|-damage|p2b: Gholdengo|91/100|[from] item: Life Orb
|
|-weather|RainDance|[upkeep]
|upkeep
|turn|7
|inactive|josemaria20 has 30 seconds left.
|inactive|Traindelpivgc has 30 seconds left.
|inactive|josemaria20 has 20 seconds left.
|
|t:|1756305846
|move|p1b: Incineroar|Fake Out|p2a: Amoonguss
|-damage|p2a: Amoonguss|91/100
|cant|p2a: Amoonguss|flinch
|move|p1a: Kingdra|Draco Meteor|p2b: Gholdengo|[miss]
|-miss|p1a: Kingdra|p2b: Gholdengo
|move|p2b: Gholdengo|Shadow Ball|p1a: Kingdra
|-damage|p1a: Kingdra|6/100
|-damage|p2b: Gholdengo|81/100|[from] item: Life Orb
|
|-weather|RainDance|[upkeep]
|upkeep
|turn|8
|inactive|Traindelpivgc has 30 seconds left.
|inactive|Traindelpivgc has 20 seconds left.
|inactive|Traindelpivgc has 15 seconds left.
|
|t:|1756305889
|move|p1a: Kingdra|Protect|p1a: Kingdra
|-singleturn|p1a: Kingdra|Protect
|move|p2a: Amoonguss|Rage Powder|p2a: Amoonguss
|-singleturn|p2a: Amoonguss|move: Rage Powder
|move|p2b: Gholdengo|Nasty Plot|p2b: Gholdengo
|-boost|p2b: Gholdengo|spa|2
|move|p1b: Incineroar|Knock Off|p2b: Gholdengo
|-supereffective|p2b: Gholdengo
|-damage|p2b: Gholdengo|0 fnt
|-enditem|p2b: Gholdengo|Life Orb|[from] move: Knock Off|[of] p1b: Incineroar
|faint|p2b: Gholdengo
|
|-weather|RainDance|[upkeep]
|upkeep
|
|t:|1756305907
|switch|p2b: Dragonite|Dragonite, L50, M, tera:Fairy|100/100
|turn|9
|
|t:|1756305927
|move|p2a: Amoonguss|Rage Powder|p2a: Amoonguss
|-singleturn|p2a: Amoonguss|move: Rage Powder
|move|p1a: Kingdra|Muddy Water|p2a: Amoonguss|[spread] p2a,p2b
|-resisted|p2a: Amoonguss
|-damage|p2a: Amoonguss|57/100
|-damage|p2b: Dragonite|61/100
|-damage|p1a: Kingdra|0 fnt|[from] item: Life Orb
|faint|p1a: Kingdra
|move|p2b: Dragonite|Scale Shot|p1b: Incineroar
|-damage|p1b: Incineroar|47/100
|-damage|p1b: Incineroar|34/100
|-damage|p1b: Incineroar|21/100
|-damage|p1b: Incineroar|6/100
|-hitcount|p1b: Incineroar|4
|-unboost|p2b: Dragonite|def|1
|-boost|p2b: Dragonite|spe|1
|move|p1b: Incineroar|Knock Off|p2b: Dragonite
|-resisted|p2b: Dragonite
|-damage|p2b: Dragonite|31/100
|-enditem|p2b: Dragonite|Loaded Dice|[from] move: Knock Off|[of] p1b: Incineroar
|
|-weather|none
|upkeep
|
|t:|1756305946
|switch|p1a: Gothitelle|Gothitelle, L50, M|100/100
|turn|10
|
|t:|1756305962
|move|p2b: Dragonite|Protect|p2b: Dragonite
|-singleturn|p2b: Dragonite|Protect
|move|p1b: Incineroar|Protect|p1b: Incineroar
|-singleturn|p1b: Incineroar|Protect
|move|p1a: Gothitelle|Psychic|p2a: Amoonguss
|-supereffective|p2a: Amoonguss
|-damage|p2a: Amoonguss|4/100
|-enditem|p2a: Amoonguss|Sitrus Berry|[eat]
|-heal|p2a: Amoonguss|29/100|[from] item: Sitrus Berry
|move|p2a: Amoonguss|Spore|p1a: Gothitelle
|-status|p1a: Gothitelle|slp|[from] move: Spore
|
|upkeep
|turn|11
|inactive|josemaria20 has 30 seconds left.
|
|t:|1756305989
|switch|p1b: Politoed|Politoed, L50, F|100/100
|-weather|RainDance|[from] ability: Drizzle|[of] p1b: Politoed
|cant|p1a: Gothitelle|slp
|move|p2b: Dragonite|Scale Shot|p1b: Politoed
|-damage|p1b: Politoed|86/100
|-damage|p1b: Politoed|71/100
|-damage|p1b: Politoed|55/100
|-hitcount|p1b: Politoed|3
|-unboost|p2b: Dragonite|def|1
|-boost|p2b: Dragonite|spe|1
|move|p2a: Amoonguss|Pollen Puff|p2b: Dragonite
|-heal|p2b: Dragonite|81/100
|
|-weather|RainDance|[upkeep]
|-heal|p1b: Politoed|61/100|[from] item: Leftovers
|upkeep
|turn|12
|inactive|Traindelpivgc has 30 seconds left.
|
|t:|1756306020
|switch|p1b: Incineroar|Incineroar, L50, M|6/100
|-ability|p1b: Incineroar|Intimidate|boost
|-unboost|p2a: Amoonguss|atk|1
|-unboost|p2b: Dragonite|atk|1
|move|p2b: Dragonite|Scale Shot|p1b: Incineroar
|-damage|p1b: Incineroar|0 fnt
|faint|p1b: Incineroar
|-hitcount|p1: Incineroar|1
|-unboost|p2b: Dragonite|def|1
|-boost|p2b: Dragonite|spe|1
|-curestatus|p1a: Gothitelle|slp|[msg]
|move|p1a: Gothitelle|Psychic|p2a: Amoonguss
|-supereffective|p2a: Amoonguss
|-damage|p2a: Amoonguss|0 fnt
|faint|p2a: Amoonguss
|
|-weather|RainDance|[upkeep]
|upkeep
|
|t:|1756306032
|switch|p1b: Politoed|Politoed, L50, F|61/100
|turn|13
|
|t:|1756306042
|move|p2b: Dragonite|Scale Shot|p1a: Gothitelle
|-damage|p1a: Gothitelle|91/100
|-damage|p1a: Gothitelle|82/100
|-hitcount|p1a: Gothitelle|2
|-unboost|p2b: Dragonite|def|1
|-boost|p2b: Dragonite|spe|1
|move|p1b: Politoed|Weather Ball|p2b: Dragonite
|-damage|p2b: Dragonite|31/100
|move|p1a: Gothitelle|Psychic|p2b: Dragonite
|-damage|p2b: Dragonite|0 fnt
|faint|p2b: Dragonite
|
|win|josemaria20
||Traindelpivgc is ready for game 2.
||josemaria20 is ready for game 2.
|uhtml|next|Next: Game 2 of 3
|l|☆josemaria20
|player|p1|
