|j|☆Cro1998
|j|☆Romarijuan98
|html|Cro1998Romarijuan98    
|uhtml|bestof|Game 1 of a best-of-3
|t:|1785793346
|gametype|doubles
|player|p1|Cro1998|gambler|1111
|player|p2|Romarijuan98|2|1191
|gen|9
|tier|[Gen 9 Champions] VGC 2026 Reg M-B (Bo3)
|rated|
|rule|Species Clause: Limit one of each Pokémon
|rule|Item Clause: Limit 1 of each item
|clearpoke
|poke|p1|Garchomp, L50, M|
|poke|p1|Sylveon, L50, M|
|poke|p1|Farigiraf, L50, M|
|poke|p1|Kingambit, L50, M|
|poke|p1|Aerodactyl, L50, F|
|poke|p1|Charizard, L50, F|
|poke|p2|Swampert, L50, M|
|poke|p2|Pelipper, L50, F|
|poke|p2|Farigiraf, L50, M|
|poke|p2|Sneasler, L50, F|
|poke|p2|Mawile, L50, M|
|poke|p2|Archaludon, L50, F|
|teampreview|4
|showteam|p1|Garchomp||LifeOrb|RoughSkin|Earthquake,StompingTantrum,Protect,DragonClaw|Jolly||M|||50|]Sylveon||FairyFeather|Pixilate|HyperVoice,HyperBeam,QuickAttack,Detect|Modest||M|||50|]Farigiraf||SitrusBerry|ArmorTail|Psychic,Protect,Thunderbolt,TrickRoom|Bold||M|||50|]Kingambit||FocusSash|Defiant|KowtowCleave,SuckerPunch,LowKick,IronHead|Adamant||M|||50|]Aerodactyl||Aerodactylite|Unnerve|RockSlide,DualWingbeat,Tailwind,IceFang|Jolly||F|||50|]Charizard||CharizarditeY|SolarPower|WeatherBall,HeatWave,SolarBeam,Protect|Modest||F|||50|
|showteam|p2|Swampert||Swampertite|Damp|IcePunch,WaveCrash,HighHorsepower,Protect|Adamant||M|||50|]Pelipper||LifeOrb|Drizzle|WeatherBall,Tailwind,Hurricane,WideGuard|Modest||F|||50|]Farigiraf||SitrusBerry|ArmorTail|Psychic,TrickRoom,Thunderbolt,HelpingHand|Bold||M|||50|]Sneasler||FocusSash|Unburden|FakeOut,Protect,DireClaw,CloseCombat|Jolly||F|||50|]Mawile||Mawilite|HyperCutter|PlayRough,SuckerPunch,SwordsDance,BrickBreak|Adamant||M|||50|]Archaludon||Leftovers|Stamina|ElectroShot,FlashCannon,DragonPulse,Protect|Modest||F|||50|
|inactive|Battle timer is ON: inactive players will automatically lose when time's up. (requested by Romarijuan98)
|inactive|Cro1998 has 60 seconds left.
|inactive|Cro1998 has 30 seconds left.
|inactive|Cro1998 has 20 seconds left.
|inactive|Cro1998 has 15 seconds left.
|inactive|Cro1998 has 10 seconds left.
|inactive|Cro1998 has 5 seconds left.
|
|t:|1785793436
|teamsize|p1|4
|teamsize|p2|4
|start
|switch|p1a: Charizard|Charizard, L50, F|100/100
|switch|p1b: Kingambit|Kingambit, L50, M|100/100
|switch|p2a: Kevin Hart|Sneasler, L50, F|100/100
|switch|p2b: Empire State|Archaludon, L50, F|100/100
|turn|1
|inactive|Cro1998 has 30 seconds left.
|
|t:|1785793470
|switch|p1b: Farigiraf|Farigiraf, L50, M|100/100
|detailschange|p1a: Charizard|Charizard-Mega-Y, L50, F
|-mega|p1a: Charizard|Charizard|Charizardite Y
|-weather|SunnyDay|[from] ability: Drought|[of] p1a: Charizard
|move|p2b: Empire State|Protect|p2b: Empire State
|-singleturn|p2b: Empire State|Protect
|move|p2a: Kevin Hart|Fake Out||[still]
|cant|p1b: Farigiraf|ability: Armor Tail|Fake Out|[of] p2a: Kevin Hart
|move|p1a: Charizard|Heat Wave|p2b: Empire State|[spread] p2a
|-activate|p2b: Empire State|move: Protect
|-crit|p2a: Kevin Hart
|-enditem|p2a: Kevin Hart|Focus Sash
|-damage|p2a: Kevin Hart|1/100
|
|-weather|SunnyDay|[upkeep]
|upkeep
|turn|2
|inactive|Cro1998 has 30 seconds left.
|inactive|Cro1998 has 20 seconds left.
|inactive|Cro1998 has 15 seconds left.
|
|t:|1785793512
|switch|p2a: Fuentealbilla|Pelipper, L50, F|100/100
|-weather|RainDance|[from] ability: Drizzle|[of] p2a: Fuentealbilla
|switch|p1a: Sylveon|Sylveon, L50, M|100/100
|move|p2b: Empire State|Electro Shot||[still]
|-prepare|p2b: Empire State|Electro Shot
|-boost|p2b: Empire State|spa|1
|-anim|p2b: Empire State|Electro Shot|p1a: Sylveon
|-damage|p1a: Sylveon|50/100g
|move|p1b: Farigiraf|Thunderbolt|p2a: Fuentealbilla
|-supereffective|p2a: Fuentealbilla|2
|-damage|p2a: Fuentealbilla|0 fnt
|faint|p2a: Fuentealbilla
|
|-weather|RainDance|[upkeep]
|upkeep
|
|t:|1785793529
|switch|p2a: Vereneta|Swampert, L50, M|100/100
|turn|3
|inactive|Cro1998 has 30 seconds left.
|
|t:|1785793561
|detailschange|p2a: Vereneta|Swampert-Mega, L50, M
|-mega|p2a: Vereneta|Swampert|Swampertite
|move|p1a: Sylveon|Detect|p1a: Sylveon
|-singleturn|p1a: Sylveon|Protect
|move|p2a: Vereneta|Wave Crash|p1a: Sylveon
|-activate|p1a: Sylveon|move: Protect
|move|p2b: Empire State|Dragon Pulse|p1b: Farigiraf
|-damage|p1b: Farigiraf|51/100
|move|p1b: Farigiraf|Trick Room|p1b: Farigiraf
|-fieldstart|move: Trick Room|[of] p1b: Farigiraf
|
|-weather|RainDance|[upkeep]
|upkeep
|turn|4
|inactive|Cro1998 has 30 seconds left.
|inactive|Romarijuan98 has 30 seconds left.
|inactive|Cro1998 has 20 seconds left.
|inactive|Romarijuan98 has 20 seconds left.
|inactive|Cro1998 has 15 seconds left.
|inactive|Cro1998 has 10 seconds left.
|inactive|Cro1998 has 5 seconds left.
|
|t:|1785793614
|move|p1b: Farigiraf|Psychic|p2a: Vereneta
|-damage|p2a: Vereneta|70/100
|move|p1a: Sylveon|Hyper Beam|p2b: Empire State
|-damage|p2b: Empire State|0 fnt
|-mustrecharge|p1a: Sylveon
|faint|p2b: Empire State
|move|p2a: Vereneta|Wave Crash|p1b: Farigiraf
|-damage|p1b: Farigiraf|0 fnt
|faint|p1b: Farigiraf
|-damage|p2a: Vereneta|51/100|[from] Recoil
|
|-weather|RainDance|[upkeep]
|upkeep
|inactive|Cro1998 has 30 seconds left.
|
|t:|1785793643
|switch|p1b: Kingambit|Kingambit, L50, M|100/100
|switch|p2b: Kevin Hart|Sneasler, L50, F|1/100
|turn|5
|inactive|Cro1998 has 30 seconds left.
|inactive|Romarijuan98 has 30 seconds left.
|inactive|Romarijuan98 has 20 seconds left.
|
|t:|1785793679
|cant|p1a: Sylveon|recharge
|move|p1b: Kingambit|Kowtow Cleave|p2a: Vereneta
|-damage|p2a: Vereneta|7/100
|move|p2b: Kevin Hart|Close Combat|p1b: Kingambit
|-supereffective|p1b: Kingambit|2
|-enditem|p1b: Kingambit|Focus Sash
|-damage|p1b: Kingambit|1/100
|-unboost|p2b: Kevin Hart|def|1
|-unboost|p2b: Kevin Hart|spd|1
|move|p2a: Vereneta|High Horsepower|p1a: Sylveon
|-damage|p1a: Sylveon|0 fnt
|faint|p1a: Sylveon
|
|-weather|RainDance|[upkeep]
|upkeep
|
|t:|1785793696
|switch|p1a: Charizard|Charizard-Mega-Y, L50, F|100/100
|-weather|SunnyDay|[from] ability: Drought|[of] p1a: Charizard
|turn|6
|inactive|Romarijuan98 has 30 seconds left.
|
|t:|1785793728
|move|p2a: Vereneta|Protect|p2a: Vereneta
|-singleturn|p2a: Vereneta|Protect
|move|p1b: Kingambit|Sucker Punch||[still]
|-fail|p1b: Kingambit
|move|p1a: Charizard|Weather Ball|p2b: Kevin Hart
|-damage|p2b: Kevin Hart|0 fnt
|faint|p2b: Kevin Hart
|
|-weather|SunnyDay|[upkeep]
|upkeep
|turn|7
|
|t:|1785793743
|move|p1a: Charizard|Protect|p1a: Charizard
|-singleturn|p1a: Charizard|Protect
|move|p1b: Kingambit|Sucker Punch|p2a: Vereneta
|-damage|p2a: Vereneta|0 fnt
|faint|p2a: Vereneta
|
|win|Cro1998
|l|☆Romarijuan98
|player|p2|
||Romarijuan98 is ready for game 2.
|raw|Cro1998's rating: 1111 → 1142(+31 for winning)
|raw|Romarijuan98's rating: 1191 → 1160(-31 for losing)
