|j|☆That_Leek
|j|☆Iceriderplayer370
|html|That_LeekIceriderplayer370    
|uhtml|bestof|Game 2 of a best-of-3
|t:|1754723975
|gametype|doubles
|player|p1|That_Leek|blue-masters|1240
|player|p2|Iceriderplayer370|wattson|1357
|gen|9
|tier|[Gen 9] VGC 2025 Reg H (Bo3)
|rated|
|rule|Species Clause: Limit one of each Pokémon
|rule|Item Clause: Limit 1 of each item
|clearpoke
|poke|p1|Incineroar, L50, M|
|poke|p1|Gholdengo, L50|
|poke|p1|Dragonite, L50, M|
|poke|p1|Amoonguss, L50, M|
|poke|p1|Ursaluna-Bloodmoon, L50, M|
|poke|p1|Gallade, L50, M|
|poke|p2|Rillaboom, L50, M|
|poke|p2|Archaludon, L50, M|
|poke|p2|Gholdengo, L50|
|poke|p2|Dragonite, L50, F|
|poke|p2|Annihilape, L50, F|
|poke|p2|Dondozo, L50, M|
|teampreview|4
|showteam|p1|Incineroar||SafetyGoggles|Intimidate|FakeOut,FlareBlitz,KnockOff,PartingShot|||M|||50|,,,,,Water]Gholdengo||LifeOrb|GoodasGold|MakeItRain,ShadowBall,NastyPlot,Protect||||||50|,,,,,Dragon]Dragonite||LoadedDice|Multiscale|Tailwind,StompingTantrum,ScaleShot,Protect|||M|||50|,,,,,Fairy]Amoonguss||SitrusBerry|Regenerator|PollenPuff,Spore,RagePowder,Protect|||M|||50|,,,,,Water]Ursaluna-Bloodmoon||AssaultVest|MindsEye|VacuumWave,BloodMoon,HyperVoice,EarthPower|||M|||50|,,,,,Ghost]Gallade||FocusSash|Sharpness|TrickRoom,SacredSword,WideGuard,PsychoCut|||M|||50|,,,,,Fairy
|showteam|p2|Rillaboom||AssaultVest|GrassySurge|WoodHammer,FakeOut,GrassyGlide,HighHorsepower|||M|||50|,,,,,Fire]Archaludon||PowerHerb|Sturdy|ElectroShot,DracoMeteor,Thunderbolt,Protect|||M|||50|,,,,,Electric]Gholdengo||ChoiceScarf|GoodasGold|MakeItRain,ShadowBall,Trick,SteelBeam||||||50|,,,,,Steel]Dragonite||LoadedDice|Multiscale|ScaleShot,ExtremeSpeed,Protect,Tailwind|||F|||50|,,,,,Steel]Annihilape||FocusSash|Defiant|FinalGambit,Coaching,RageFist,CloseCombat|||F|||50|,,,,,Grass]Dondozo||Leftovers|Unaware|Yawn,WaveCrash,Protect,Fissure|||M|||50|,,,,,Poison
|inactive|Battle timer is ON: inactive players will automatically lose when time's up. (requested by Iceriderplayer370)
|
|t:|1754723996
|teamsize|p1|4
|teamsize|p2|4
|start
|switch|p1a: Dragonite|Dragonite, L50, M|100/100
|switch|p1b: Gallade|Gallade, L50, M|100/100
|switch|p2a: Annihilape|Annihilape, L50, F|100/100
|switch|p2b: Dondozo|Dondozo, L50, M|100/100
|turn|1
|
|t:|1754724009
|move|p1a: Dragonite|Protect|p1a: Dragonite
|-singleturn|p1a: Dragonite|Protect
|move|p2a: Annihilape|Final Gambit|p1a: Dragonite
|-activate|p1a: Dragonite|move: Protect
|move|p1b: Gallade|Psycho Cut|p2a: Annihilape
|-supereffective|p2a: Annihilape
|-enditem|p2a: Annihilape|Focus Sash
|-damage|p2a: Annihilape|1/100
|move|p2b: Dondozo|Wave Crash|p1b: Gallade
|-damage|p1b: Gallade|32/100
|-damage|p2b: Dondozo|85/100|[from] Recoil
|
|-heal|p2b: Dondozo|91/100|[from] item: Leftovers
|upkeep
|turn|2
|inactive|That_Leek has 30 seconds left.
|
|t:|1754724037
|switch|p1b: Incineroar|Incineroar, L50, M|100/100
|-ability|p1b: Incineroar|Intimidate|boost
|-unboost|p2a: Annihilape|atk|1
|-ability|p2a: Annihilape|Defiant|boost
|-boost|p2a: Annihilape|atk|2
|-unboost|p2b: Dondozo|atk|1
|move|p2a: Annihilape|Coaching|p2b: Dondozo
|-boost|p2b: Dondozo|atk|1
|-boost|p2b: Dondozo|def|1
|move|p1a: Dragonite|Scale Shot|p2a: Annihilape
|-damage|p2a: Annihilape|0 fnt
|faint|p2a: Annihilape
|-hitcount|p2: Annihilape|1
|-unboost|p1a: Dragonite|def|1
|-boost|p1a: Dragonite|spe|1
|move|p2b: Dondozo|Yawn|p1a: Dragonite
|-start|p1a: Dragonite|move: Yawn|[of] p2b: Dondozo
|
|-heal|p2b: Dondozo|97/100|[from] item: Leftovers
|upkeep
|
|t:|1754724050
|switch|p2a: Rillaboom|Rillaboom, L50, M|100/100
|-fieldstart|move: Grassy Terrain|[from] ability: Grassy Surge|[of] p2a: Rillaboom
|turn|3
|
|t:|1754724060
|switch|p1a: Gholdengo|Gholdengo, L50|100/100
|move|p2a: Rillaboom|Fake Out|p1b: Incineroar
|-damage|p1b: Incineroar|87/100
|cant|p1b: Incineroar|flinch
|move|p2b: Dondozo|Wave Crash|p1b: Incineroar
|-supereffective|p1b: Incineroar
|-damage|p1b: Incineroar|9/100
|-damage|p2b: Dondozo|76/100|[from] Recoil
|
|-heal|p1b: Incineroar|15/100|[from] Grassy Terrain
|-heal|p2b: Dondozo|82/100|[from] Grassy Terrain
|-heal|p2b: Dondozo|89/100|[from] item: Leftovers
|upkeep
|turn|4
|
|t:|1754724080
|switch|p1b: Dragonite|Dragonite, L50, M|100/100
|move|p1a: Gholdengo|Protect|p1a: Gholdengo
|-singleturn|p1a: Gholdengo|Protect
|move|p2a: Rillaboom|High Horsepower|p1a: Gholdengo
|-activate|p1a: Gholdengo|move: Protect
|move|p2b: Dondozo|Wave Crash|p1a: Gholdengo
|-activate|p1a: Gholdengo|move: Protect
|
|-heal|p2b: Dondozo|95/100|[from] Grassy Terrain
|-heal|p2b: Dondozo|100/100|[from] item: Leftovers
|upkeep
|turn|5
|
|t:|1754724093
|switch|p1a: Incineroar|Incineroar, L50, M|15/100
|-ability|p1a: Incineroar|Intimidate|boost
|-unboost|p2a: Rillaboom|atk|1
|-unboost|p2b: Dondozo|atk|1
|move|p1b: Dragonite|Scale Shot|p2a: Rillaboom
|-damage|p2a: Rillaboom|86/100
|-damage|p2a: Rillaboom|72/100
|-damage|p2a: Rillaboom|58/100
|-damage|p2a: Rillaboom|45/100
|-damage|p2a: Rillaboom|32/100
|-hitcount|p2a: Rillaboom|5
|-unboost|p1b: Dragonite|def|1
|-boost|p1b: Dragonite|spe|1
|move|p2a: Rillaboom|High Horsepower|p1a: Incineroar|[miss]
|-miss|p2a: Rillaboom|p1a: Incineroar
|move|p2b: Dondozo|Wave Crash|p1a: Incineroar
|-supereffective|p1a: Incineroar
|-damage|p1a: Incineroar|0 fnt
|faint|p1a: Incineroar
|-damage|p2b: Dondozo|96/100|[from] Recoil
|
|-heal|p2a: Rillaboom|38/100|[from] Grassy Terrain
|-heal|p2b: Dondozo|100/100|[from] Grassy Terrain
|upkeep
|
|t:|1754724101
|switch|p1a: Gholdengo|Gholdengo, L50|100/100
|turn|6
|
|t:|1754724126
|move|p1b: Dragonite|Scale Shot|p2a: Rillaboom
|-damage|p2a: Rillaboom|26/100
|-damage|p2a: Rillaboom|12/100
|-damage|p2a: Rillaboom|0 fnt
|faint|p2a: Rillaboom
|-hitcount|p2: Rillaboom|3
|-unboost|p1b: Dragonite|def|1
|-boost|p1b: Dragonite|spe|1
|move|p1a: Gholdengo|Shadow Ball|p2b: Dondozo
|-damage|p2b: Dondozo|54/100
|-damage|p1a: Gholdengo|91/100|[from] item: Life Orb
|move|p2b: Dondozo|Yawn|p1b: Dragonite
|-start|p1b: Dragonite|move: Yawn|[of] p2b: Dondozo
|
|-heal|p1a: Gholdengo|97/100|[from] Grassy Terrain
|-heal|p2b: Dondozo|60/100|[from] Grassy Terrain
|-heal|p2b: Dondozo|66/100|[from] item: Leftovers
|upkeep
|
|t:|1754724129
|switch|p2a: Gholdengo|Gholdengo, L50|100/100
|turn|7
|
|t:|1754724138
|-terastallize|p2a: Gholdengo|Steel
|move|p1a: Gholdengo|Protect|p1a: Gholdengo
|-singleturn|p1a: Gholdengo|Protect
|move|p1b: Dragonite|Tailwind|p1b: Dragonite
|-sidestart|p1: That_Leek|move: Tailwind
|move|p2a: Gholdengo|Shadow Ball|p1a: Gholdengo
|-activate|p1a: Gholdengo|move: Protect
|move|p2b: Dondozo|Wave Crash|p1b: Dragonite
|-resisted|p1b: Dragonite
|-damage|p1b: Dragonite|94/100
|-damage|p2b: Dondozo|65/100|[from] Recoil
|
|-heal|p1a: Gholdengo|100/100|[from] Grassy Terrain
|-heal|p2b: Dondozo|71/100|[from] Grassy Terrain
|-heal|p2b: Dondozo|77/100|[from] item: Leftovers
|-end|p1b: Dragonite|move: Yawn|[silent]
|-status|p1b: Dragonite|slp
|-fieldend|move: Grassy Terrain
|upkeep
|turn|8
|
|t:|1754724154
|-terastallize|p1a: Gholdengo|Dragon
|cant|p1b: Dragonite|slp
|move|p1a: Gholdengo|Shadow Ball|p2b: Dondozo
|-damage|p2b: Dondozo|29/100
|-damage|p1a: Gholdengo|91/100|[from] item: Life Orb
|move|p2a: Gholdengo|Shadow Ball|p1a: Gholdengo
|-damage|p1a: Gholdengo|40/100
|-unboost|p1a: Gholdengo|spd|1
|move|p2b: Dondozo|Wave Crash|p1a: Gholdengo
|-resisted|p1a: Gholdengo
|-damage|p1a: Gholdengo|27/100
|-damage|p2b: Dondozo|25/100|[from] Recoil
|
|-heal|p2b: Dondozo|31/100|[from] item: Leftovers
|upkeep
|turn|9
|inactive|Iceriderplayer370 has 30 seconds left.
|
|t:|1754724189
|move|p2b: Dondozo|Protect|p2b: Dondozo
|-singleturn|p2b: Dondozo|Protect
|-curestatus|p1b: Dragonite|slp|[msg]
|move|p1b: Dragonite|Scale Shot|p2b: Dondozo
|-activate|p2b: Dondozo|move: Protect
|move|p1a: Gholdengo|Shadow Ball|p2a: Gholdengo
|-crit|p2a: Gholdengo
|-damage|p2a: Gholdengo|0 fnt
|faint|p2a: Gholdengo
|-damage|p1a: Gholdengo|18/100|[from] item: Life Orb
|
|-heal|p2b: Dondozo|38/100|[from] item: Leftovers
|upkeep
|turn|10
|-message|Iceriderplayer370 forfeited.
|
|win|That_Leek
|raw|That_Leek's rating: 1240 → 1273(+33 for winning)
|raw|Iceriderplayer370's rating: 1357 → 1331(-26 for losing)
|l|☆Iceriderplayer370
|player|p2|
