|j|☆palle synchro
|j|☆DareDevilSweeper
|html|palle synchroDareDevilSweeper    
|uhtml|bestof|Game 1 of a best-of-3
|t:|1756486458
|gametype|doubles
|player|p1|palle synchro|volkner|1483
|player|p2|DareDevilSweeper|1|1356
|gen|9
|tier|[Gen 9] VGC 2025 Reg H (Bo3)
|rated|
|rule|Species Clause: Limit one of each Pokémon
|rule|Item Clause: Limit 1 of each item
|clearpoke
|poke|p1|Whimsicott, L50, F|
|poke|p1|Gholdengo, L50|
|poke|p1|Indeedee, L50, M|
|poke|p1|Sneasler, L50, M|
|poke|p1|Ursaluna-Bloodmoon, L50, M|
|poke|p1|Archaludon, L50, F|
|poke|p2|Archaludon, L50, F|
|poke|p2|Dragonite, L50, M|
|poke|p2|Pelipper, L50, M|
|poke|p2|Ursaluna, L50, M|
|poke|p2|Sinistcha, L50|
|poke|p2|Gholdengo, L50|
|teampreview|4
|showteam|p1|Whimsicott||CovertCloak|Prankster|Moonblast,Taunt,Tailwind,FakeTears|||F|||50|,,,,,Water]Gholdengo||ChoiceSpecs|GoodasGold|MakeItRain,ShadowBall,DazzlingGleam,Trick||||||50|,,,,,Fairy]Indeedee||FocusSash|PsychicSurge|ExpandingForce,TeraBlast,Imprison,TrickRoom|||M|||50|,,,,,Psychic]Sneasler||PsychicSeed|Unburden|CloseCombat,DireClaw,ThroatChop,Protect|||M|||50|,,,,,Dark]Ursaluna-Bloodmoon||LifeOrb|MindsEye|HyperVoice,BloodMoon,EarthPower,Protect|||M|||50|,,,,,Normal]Archaludon||PowerHerb|Stalwart|ElectroShot,DragonPulse,Thunderbolt,Protect|||F|||50|,,,,,Electric
|showteam|p2|Archaludon||AssaultVest|Stamina|FlashCannon,BodyPress,ElectroShot,Snarl|||F|||50|,,,,,Fighting]Dragonite||LoadedDice|Multiscale|ScaleShot,Tailwind,Haze,Protect|||M|||50|,,,,,Fairy]Pelipper||FocusSash|Drizzle|MuddyWater,Hurricane,Tailwind,Protect|||M|||50|,,,,,Ghost]Ursaluna||FlameOrb|Guts|Facade,HeadlongRush,Earthquake,Protect|||M|||50|,,,,,Ghost]Sinistcha||SitrusBerry|Hospitality|MatchaGotcha,LifeDew,RagePowder,TrickRoom||||||50|,,,,,Dark]Gholdengo||ChoiceScarf|GoodasGold|MakeItRain,ShadowBall,Trick,Protect||||||50|,,,,,Flying
|inactive|Battle timer is ON: inactive players will automatically lose when time's up. (requested by DareDevilSweeper)
|
|t:|1756486469
|teamsize|p1|4
|teamsize|p2|4
|start
|switch|p1a: Whimsicott|Whimsicott, L50, F|100/100
|switch|p1b: Ursaluna|Ursaluna-Bloodmoon, L50, M|100/100
|switch|p2a: Archaludon|Archaludon, L50, F|100/100
|switch|p2b: Dragonite|Dragonite, L50, M|100/100
|turn|1
|inactive|DareDevilSweeper has 30 seconds left.
|
|t:|1756486501
|move|p1a: Whimsicott|Taunt|p2b: Dragonite
|-start|p2b: Dragonite|move: Taunt
|move|p2b: Dragonite|Scale Shot|p1b: Ursaluna
|-damage|p1b: Ursaluna|88/100
|-damage|p1b: Ursaluna|75/100
|-damage|p1b: Ursaluna|62/100
|-damage|p1b: Ursaluna|49/100
|-hitcount|p1b: Ursaluna|4
|-unboost|p2b: Dragonite|def|1
|-boost|p2b: Dragonite|spe|1
|move|p1b: Ursaluna|Earth Power|p2a: Archaludon
|-supereffective|p2a: Archaludon
|-crit|p2a: Archaludon
|-damage|p2a: Archaludon|0 fnt
|faint|p2a: Archaludon
|-damage|p1b: Ursaluna|40/100|[from] item: Life Orb
|
|upkeep
|c|☆DareDevilSweeper|sweet crit
|inactive|DareDevilSweeper has 30 seconds left.
|inactive|DareDevilSweeper has 20 seconds left.
|
|t:|1756486538
|switch|p2a: Ursaluna|Ursaluna, L50, M|100/100
|turn|2
|
|t:|1756486553
|-terastallize|p1b: Ursaluna|Normal
|move|p2a: Ursaluna|Protect|p2a: Ursaluna
|-singleturn|p2a: Ursaluna|Protect
|move|p1a: Whimsicott|Tailwind|p1a: Whimsicott
|-sidestart|p1: palle synchro|move: Tailwind
|move|p1b: Ursaluna|Hyper Voice|p2a: Ursaluna|[spread] p2b
|-activate|p2a: Ursaluna|move: Protect
|-damage|p2b: Dragonite|69/100
|-damage|p1b: Ursaluna|30/100|[from] item: Life Orb
|move|p2b: Dragonite|Scale Shot|p1b: Ursaluna
|-damage|p1b: Ursaluna|17/100
|-damage|p1b: Ursaluna|6/100
|-crit|p1b: Ursaluna
|-damage|p1b: Ursaluna|0 fnt
|faint|p1b: Ursaluna
|-hitcount|p1: Ursaluna|3
|-unboost|p2b: Dragonite|def|1
|-boost|p2b: Dragonite|spe|1
|
|-status|p2a: Ursaluna|brn|[from] item: Flame Orb
|upkeep
|
|t:|1756486560
|switch|p1b: Gholdengo|Gholdengo, L50|100/100
|turn|3
|inactive|DareDevilSweeper has 30 seconds left.
|inactive|DareDevilSweeper has 20 seconds left.
|inactive|DareDevilSweeper has 15 seconds left.
|
|t:|1756486602
|switch|p2a: Sinistcha|Sinistcha, L50|100/100
|-heal|p2b: Dragonite|94/100|[from] ability: Hospitality|[of] p2a: Sinistcha
|move|p1a: Whimsicott|Fake Tears|p2a: Sinistcha
|-unboost|p2a: Sinistcha|spd|2
|move|p1b: Gholdengo|Make It Rain|p2b: Dragonite|[spread] p2a,p2b
|-damage|p2a: Sinistcha|0 fnt
|-damage|p2b: Dragonite|13/100
|-unboost|p1b: Gholdengo|spa|1
|faint|p2a: Sinistcha
|move|p2b: Dragonite|Scale Shot|p1b: Gholdengo
|-resisted|p1b: Gholdengo
|-damage|p1b: Gholdengo|91/100
|-resisted|p1b: Gholdengo
|-damage|p1b: Gholdengo|83/100
|-resisted|p1b: Gholdengo
|-damage|p1b: Gholdengo|74/100
|-resisted|p1b: Gholdengo
|-damage|p1b: Gholdengo|65/100
|-hitcount|p1b: Gholdengo|4
|-unboost|p2b: Dragonite|def|1
|-boost|p2b: Dragonite|spe|1
|
|-end|p2b: Dragonite|move: Taunt
|upkeep
|
|t:|1756486614
|switch|p2a: Ursaluna|Ursaluna, L50, M|100/100 brn
|turn|4
|
|t:|1756486629
|move|p2b: Dragonite|Protect|p2b: Dragonite
|-singleturn|p2b: Dragonite|Protect
|move|p1a: Whimsicott|Taunt|p2b: Dragonite
|-activate|p2b: Dragonite|move: Protect
|move|p1b: Gholdengo|Make It Rain|p2a: Ursaluna|[spread] p2a
|-activate|p2b: Dragonite|move: Protect
|-crit|p2a: Ursaluna
|-damage|p2a: Ursaluna|0 fnt
|-unboost|p1b: Gholdengo|spa|1
|faint|p2a: Ursaluna
|
|upkeep
|turn|5
|c|☆DareDevilSweeper|of course lol
|inactive|DareDevilSweeper has 30 seconds left.
|-message|DareDevilSweeper forfeited.
|
|win|palle synchro
