|j|☆magicalarcher
|j|☆Ingresses
|html|magicalarcherIngresses    
|uhtml|bestof|Game 1 of a best-of-3
|t:|1782651726
|gametype|doubles
|player|p1|magicalarcher|diantha|1129
|player|p2|Ingresses|steven|1033
|gen|9
|tier|[Gen 9 Champions] VGC 2026 Reg M-B (Bo3)
|rated|
|rule|Species Clause: Limit one of each Pokémon
|rule|Item Clause: Limit 1 of each item
|clearpoke
|poke|p1|Raichu, L50, F, shiny|
|poke|p1|Garchomp, L50, M, shiny|
|poke|p1|Whimsicott, L50, M, shiny|
|poke|p1|Kingambit, L50, M, shiny|
|poke|p1|Basculegion, L50, M, shiny|
|poke|p1|Charizard, L50, F, shiny|
|poke|p2|Raichu, L50, F|
|poke|p2|Staraptor, L50, F|
|poke|p2|Whimsicott, L50, F|
|poke|p2|Dragapult, L50, M|
|poke|p2|Volcarona, L50, F|
|poke|p2|Incineroar, L50, M|
|teampreview|4
|showteam|p1|Raichu||RaichuniteY|LightningRod|FakeOut,FocusBlast,ZapCannon,Protect|Timid||F|||50|]Garchomp||LifeOrb|RoughSkin|DragonClaw,Earthquake,StompingTantrum,Protect|Jolly||M|||50|]Whimsicott||FocusSash|Prankster|Moonblast,Tailwind,SunnyDay,Encore|Timid||M|||50|]Kingambit||BlackGlasses|Defiant|SuckerPunch,KowtowCleave,IronHead,Protect|Adamant||M|||50|]Basculegion||MysticWater|Adaptability|LastRespects,WaveCrash,Protect,AquaJet|Jolly||M|||50|]Charizard||CharizarditeY|Blaze|WeatherBall,SolarBeam,HeatWave,Protect|Modest||F|||50|
|showteam|p2|Raichu||RaichuniteY|Static|ZapCannon,DrainingKiss,Protect,FakeOut|Hasty||F|||50|]Staraptor||Staraptite|Intimidate|CloseCombat,Protect,Roost,BraveBird|Adamant||F|||50|]Whimsicott||FocusSash|Prankster|Charm,Tailwind,Encore,Moonblast|Bold||F|||50|]Dragapult||ChoiceScarf|ClearBody|DragonDarts,Thunderbolt,Uturn,ShadowBall|Hasty||M|||50|]Volcarona||Leftovers|FlameBody|BugBuzz,FieryDance,QuiverDance,Protect|Modest||F|||50|]Incineroar||SitrusBerry|Intimidate|PartingShot,ThroatChop,FakeOut,Protect|Careful||M|||50|
|inactive|Battle timer is ON: inactive players will automatically lose when time's up. (requested by magicalarcher)
|j| zannara
|inactive|Ingresses has 60 seconds left.
|
|t:|1782651759
|teamsize|p1|4
|teamsize|p2|4
|start
|switch|p1a: Circe|Whimsicott, L50, M, shiny|100/100
|switch|p1b: Athena|Garchomp, L50, M, shiny|100/100
|switch|p2a: Whimsicott|Whimsicott, L50, F|100/100
|switch|p2b: Staraptor|Staraptor, L50, F|100/100
|-ability|p2b: Staraptor|Intimidate|boost
|-unboost|p1a: Circe|atk|1
|-unboost|p1b: Athena|atk|1
|turn|1
|inactive|magicalarcher has 30 seconds left.
|
|t:|1782651791
|detailschange|p2b: Staraptor|Staraptor-Mega, L50, F
|-mega|p2b: Staraptor|Staraptor|Staraptite
|move|p2a: Whimsicott|Charm|p1b: Athena
|-unboost|p1b: Athena|atk|2
|move|p1a: Circe|Moonblast|p2b: Staraptor
|-supereffective|p2b: Staraptor|1
|-damage|p2b: Staraptor|24/100
|move|p1b: Athena|Dragon Claw|p2b: Staraptor
|-damage|p2b: Staraptor|5/100
|-damage|p1b: Athena|90/100|[from] item: Life Orb
|move|p2b: Staraptor|Brave Bird|p1a: Circe
|-supereffective|p1a: Circe|1
|-enditem|p1a: Circe|Focus Sash
|-damage|p1a: Circe|1/100
|-damage|p2b: Staraptor|0 fnt|[from] Recoil
|faint|p2b: Staraptor
|
|upkeep
|
|t:|1782651810
|switch|p2b: Volcarona|Volcarona, L50, F|100/100
|turn|2
|
|t:|1782651822
|move|p1a: Circe|Tailwind|p1a: Circe
|-sidestart|p1: magicalarcher|move: Tailwind
|move|p2a: Whimsicott|Tailwind|p2a: Whimsicott
|-sidestart|p2: Ingresses|move: Tailwind
|move|p1b: Athena|Stomping Tantrum|p2b: Volcarona
|-damage|p2b: Volcarona|70/100
|-damage|p1b: Athena|80/100|[from] item: Life Orb
|move|p2b: Volcarona|Fiery Dance|p1a: Circe
|-supereffective|p1a: Circe|1
|-damage|p1a: Circe|0 fnt
|-boost|p2b: Volcarona|spa|1
|faint|p1a: Circe
|
|-heal|p2b: Volcarona|76/100|[from] item: Leftovers
|upkeep
|
|t:|1782651830
|switch|p1a: Basculegion|Basculegion, L50, M, shiny|100/100
|turn|3
|
|t:|1782651843
|switch|p1b: Odysseus|Kingambit, L50, M, shiny|100/100
|move|p2a: Whimsicott|Charm|p1a: Basculegion
|-unboost|p1a: Basculegion|atk|2
|move|p2b: Volcarona|Fiery Dance|p1b: Odysseus
|-supereffective|p1b: Odysseus|1
|-damage|p1b: Odysseus|0 fnt
|-boost|p2b: Volcarona|spa|1
|faint|p1b: Odysseus
|move|p1a: Basculegion|Wave Crash|p2b: Volcarona
|-supereffective|p2b: Volcarona|1
|-damage|p2b: Volcarona|0 fnt
|faint|p2b: Volcarona
|-damage|p1a: Basculegion|79/100|[from] Recoil
|
|upkeep
|
|t:|1782651858
|switch|p2b: Dragapult|Dragapult, L50, M|100/100
|switch|p1b: Athena|Garchomp, L50, M, shiny|80/100
|turn|4
|
|t:|1782651880
|move|p2a: Whimsicott|Charm|p1b: Athena
|-unboost|p1b: Athena|atk|2
|move|p2b: Dragapult|Dragon Darts|p1b: Athena
|-supereffective|p1b: Athena|1
|-damage|p1b: Athena|35/100
|-anim|p2b: Dragapult|Dragon Darts|p1a: Basculegion
|-damage|p1a: Basculegion|53/100
|move|p1b: Athena|Dragon Claw|p2b: Dragapult
|-supereffective|p2b: Dragapult|1
|-damage|p2b: Dragapult|22/100
|-damage|p1b: Athena|25/100|[from] item: Life Orb
|move|p1a: Basculegion|Last Respects|p2b: Dragapult
|-supereffective|p2b: Dragapult|1
|-crit|p2b: Dragapult
|-damage|p2b: Dragapult|0 fnt
|faint|p2b: Dragapult
|
|upkeep
|turn|5
|inactive|magicalarcher has 30 seconds left.
|
|t:|1782651912
|move|p2a: Whimsicott|Encore|p1b: Athena
|-start|p1b: Athena|Encore
|move|p1b: Athena|Dragon Claw|p2a: Whimsicott
|-immune|p2a: Whimsicott
|move|p1a: Basculegion|Last Respects|p2a: Whimsicott
|-damage|p2a: Whimsicott|59/100
|
|-sideend|p2: Ingresses|move: Tailwind
|-sideend|p1: magicalarcher|move: Tailwind
|upkeep
|turn|6
|
|t:|1782651923
|move|p2a: Whimsicott|Charm|p1a: Basculegion
|-unboost|p1a: Basculegion|atk|2
|move|p1b: Athena|Dragon Claw|p2a: Whimsicott
|-immune|p2a: Whimsicott
|move|p1a: Basculegion|Last Respects|p2a: Whimsicott
|-damage|p2a: Whimsicott|31/100
|
|upkeep
|turn|7
|
|t:|1782651937
|move|p1b: Athena|Dragon Claw|p2a: Whimsicott
|-immune|p2a: Whimsicott
|move|p1a: Basculegion|Last Respects|p2a: Whimsicott
|-damage|p2a: Whimsicott|6/100
|move|p2a: Whimsicott|Moonblast|p1a: Basculegion
|-damage|p1a: Basculegion|22/100
|
|-end|p1b: Athena|Encore
|upkeep
|turn|8
|
|t:|1782651957
|move|p1a: Basculegion|Aqua Jet|p2a: Whimsicott
|-resisted|p2a: Whimsicott|1
|-damage|p2a: Whimsicott|1/100
|move|p1b: Athena|Stomping Tantrum|p2a: Whimsicott
|-resisted|p2a: Whimsicott|1
|-damage|p2a: Whimsicott|0 fnt
|faint|p2a: Whimsicott
|-damage|p1b: Athena|15/100|[from] item: Life Orb
|
|win|magicalarcher
