|j|☆randomguy1114s
|j|☆Basebornrobot
|html|randomguy1114sBasebornrobot    
|uhtml|bestof|Game 2 of a best-of-3
|t:|1756785875
|gametype|doubles
|player|p1|randomguy1114s|lillie-masters|1139
|player|p2|Basebornrobot|2|1000
|gen|9
|tier|[Gen 9] VGC 2025 Reg H (Bo3)
|rated|
|rule|Species Clause: Limit one of each Pokémon
|rule|Item Clause: Limit 1 of each item
|clearpoke
|poke|p1|Gholdengo, L50|
|poke|p1|Incineroar, L50, M|
|poke|p1|Sinistcha, L50|
|poke|p1|Sneasler, L50, M|
|poke|p1|Rillaboom, L50, M|
|poke|p1|Dragonite, L50, F|
|poke|p2|Kingambit, L50, F|
|poke|p2|Hydrapple, L50, F|
|poke|p2|Toedscruel, L50, F|
|poke|p2|Glimmora, L50, F|
|poke|p2|Grafaiai, L50, M|
|poke|p2|Houndstone, L50, F|
|teampreview|4
|showteam|p1|Gholdengo||LifeOrb|GoodasGold|NastyPlot,MakeItRain,ShadowBall,Protect||||||50|,,,,,Dragon]Incineroar||SafetyGoggles|Intimidate|FakeOut,KnockOff,Taunt,PartingShot|||M|||50|,,,,,Ghost]Sinistcha||MentalHerb|Hospitality|RagePowder,TrickRoom,MatchaGotcha,Protect||||||50|,,,,,Water]Sneasler||GrassySeed|Unburden|CloseCombat,DireClaw,ThroatChop,Protect|||M|||50|,,,,,Dark]Rillaboom||AssaultVest|GrassySurge|FakeOut,WoodHammer,GrassyGlide,Uturn|||M|||50|,,,,,Fire]Dragonite||LoadedDice|Multiscale|ScaleShot,StompingTantrum,Tailwind,Protect|||F|||50|,,,,,Ground
|showteam|p2|Kingambit||WeaknessPolicy|Defiant|SuckerPunch,SwordsDance,Protect,IronHead|||F|||50|,,,,,Ghost]Hydrapple||AssaultVest|Regenerator|FickleBeam,GigaDrain,TeraBlast,EarthPower|||F|||50|,,,,,Steel]Toedscruel||FocusSash|MyceliumMight|TrickRoom,MirrorCoat,Spore,EarthPower|||F|||50|,,,,,Water]Glimmora||PowerHerb|ToxicDebris|EarthPower,SludgeWave,MeteorBeam,SpikyShield|||F|||50|,,,,,Grass]Grafaiai||SafetyGoggles|Prankster|Protect,GunkShot,PartingShot,Encore|||M|||50|,,,,,Ghost]Houndstone||Leftovers|Fluffy|BodyPress,ShadowSneak,LastRespects,WillOWisp|||F|||50|,,,,,Fighting
|inactive|Battle timer is ON: inactive players will automatically lose when time's up. (requested by randomguy1114s)
|
|t:|1756785902
|teamsize|p1|4
|teamsize|p2|4
|start
|switch|p1a: cheese man|Gholdengo, L50, shiny|100/100
|switch|p1b: monke|Rillaboom, L50, M, shiny|100/100
|switch|p2a: Kingambit|Kingambit, L50, F|100/100
|switch|p2b: Hydrapple|Hydrapple, L50, F|100/100
|-fieldstart|move: Grassy Terrain|[from] ability: Grassy Surge|[of] p1b: monke
|turn|1
|
|t:|1756785915
|move|p1b: monke|Fake Out|p2a: Kingambit
|-resisted|p2a: Kingambit
|-damage|p2a: Kingambit|96/100
|move|p1a: cheese man|Nasty Plot|p1a: cheese man
|-boost|p1a: cheese man|spa|2
|move|p2b: Hydrapple|Earth Power|p1a: cheese man
|-supereffective|p1a: cheese man
|-damage|p1a: cheese man|37/100
|cant|p2a: Kingambit|flinch
|
|-heal|p1a: cheese man|43/100|[from] Grassy Terrain
|-heal|p2a: Kingambit|100/100|[from] Grassy Terrain
|upkeep
|turn|2
|inactive|Basebornrobot has 30 seconds left.
|inactive|Basebornrobot has 20 seconds left.
|
|t:|1756785951
|-terastallize|p2b: Hydrapple|Steel
|move|p1a: cheese man|Protect|p1a: cheese man
|-singleturn|p1a: cheese man|Protect
|move|p2a: Kingambit|Protect|p2a: Kingambit
|-singleturn|p2a: Kingambit|Protect
|move|p1b: monke|U-turn|p2b: Hydrapple
|-resisted|p2b: Hydrapple
|-damage|p2b: Hydrapple|92/100
|
|t:|1756785959
|switch|p1b: menacetosociety|Sneasler, L50, M, shiny|100/100|[from] U-turn
|-enditem|p1b: menacetosociety|Grassy Seed
|-boost|p1b: menacetosociety|def|1|[from] item: Grassy Seed
|move|p2b: Hydrapple|Earth Power|p1a: cheese man
|-activate|p1a: cheese man|move: Protect
|
|-heal|p1a: cheese man|49/100|[from] Grassy Terrain
|-heal|p2b: Hydrapple|98/100|[from] Grassy Terrain
|upkeep
|turn|3
|
|t:|1756785976
|-terastallize|p1a: cheese man|Dragon
|move|p1b: menacetosociety|Close Combat|p2a: Kingambit
|-supereffective|p2a: Kingambit
|-damage|p2a: Kingambit|0 fnt
|-unboost|p1b: menacetosociety|def|1
|-unboost|p1b: menacetosociety|spd|1
|faint|p2a: Kingambit
|move|p1a: cheese man|Nasty Plot|p1a: cheese man
|-boost|p1a: cheese man|spa|2
|move|p2b: Hydrapple|Earth Power|p1b: menacetosociety
|-supereffective|p1b: menacetosociety
|-damage|p1b: menacetosociety|0 fnt
|faint|p1b: menacetosociety
|
|-heal|p1a: cheese man|56/100|[from] Grassy Terrain
|-heal|p2b: Hydrapple|100/100|[from] Grassy Terrain
|upkeep
|
|t:|1756785991
|switch|p1b: monke|Rillaboom, L50, M, shiny|100/100
|switch|p2a: Glimmora|Glimmora, L50, F|100/100
|turn|4
|
|t:|1756786000
|move|p2a: Glimmora|Spiky Shield|p2a: Glimmora
|-singleturn|p2a: Glimmora|move: Protect
|move|p1b: monke|Fake Out|p2a: Glimmora
|-activate|p2a: Glimmora|move: Protect
|-damage|p1b: monke|88/100|[from] Spiky Shield|[of] p2a: Glimmora
|move|p1a: cheese man|Make It Rain|p2a: Glimmora|[spread] p2b
|-activate|p2a: Glimmora|move: Protect
|-resisted|p2b: Hydrapple
|-damage|p2b: Hydrapple|32/100
|-unboost|p1a: cheese man|spa|1
|-damage|p1a: cheese man|46/100|[from] item: Life Orb
|move|p2b: Hydrapple|Fickle Beam|p1a: cheese man|[anim] Fickle Beam All Out
|-activate|p2b: Hydrapple|move: Fickle Beam
|-supereffective|p1a: cheese man
|-damage|p1a: cheese man|0 fnt
|faint|p1a: cheese man
|
|-heal|p1b: monke|94/100|[from] Grassy Terrain
|-heal|p2b: Hydrapple|38/100|[from] Grassy Terrain
|upkeep
|
|t:|1756786006
|switch|p1a: Sinistcha|Sinistcha, L50, shiny|100/100
|-heal|p1b: monke|100/100|[from] ability: Hospitality|[of] p1a: Sinistcha
|turn|5
|
|t:|1756786029
|move|p2a: Glimmora|Meteor Beam||[still]
|-prepare|p2a: Glimmora|Meteor Beam
|-boost|p2a: Glimmora|spa|1
|-enditem|p2a: Glimmora|Power Herb
|-anim|p2a: Glimmora|Meteor Beam|p1a: Sinistcha
|-damage|p1a: Sinistcha|9/100
|move|p1b: monke|Wood Hammer|p2a: Glimmora
|-damage|p2a: Glimmora|0 fnt
|-activate|p2a: Glimmora|ability: Toxic Debris
|-sidestart|p1: randomguy1114s|move: Toxic Spikes
|faint|p2a: Glimmora
|-damage|p1b: monke|75/100|[from] Recoil
|move|p1a: Sinistcha|Matcha Gotcha|p2b: Hydrapple
|-resisted|p2b: Hydrapple
|-damage|p2b: Hydrapple|21/100
|-heal|p1a: Sinistcha|18/100|[from] drain|[of] p2b: Hydrapple
|move|p2b: Hydrapple|Fickle Beam|p1a: Sinistcha
|-damage|p1a: Sinistcha|0 fnt
|faint|p1a: Sinistcha
|
|-heal|p1b: monke|81/100|[from] Grassy Terrain
|-heal|p2b: Hydrapple|27/100|[from] Grassy Terrain
|-fieldend|move: Grassy Terrain
|upkeep
|
|t:|1756786050
|switch|p2a: Toedscruel|Toedscruel, L50, F|100/100
|turn|6
|
|t:|1756786058
|move|p1b: monke|Wood Hammer|p2b: Hydrapple
|-resisted|p2b: Hydrapple
|-damage|p2b: Hydrapple|5/100
|-damage|p1b: monke|75/100|[from] Recoil
|move|p2a: Toedscruel|Earth Power|p1b: monke
|-resisted|p1b: monke
|-damage|p1b: monke|65/100
|move|p2b: Hydrapple|Fickle Beam|p1b: monke
|-damage|p1b: monke|31/100
|
|upkeep
|turn|7
|
|t:|1756786075
|move|p1b: monke|Grassy Glide|p2b: Hydrapple
|-resisted|p2b: Hydrapple
|-damage|p2b: Hydrapple|0 fnt
|faint|p2b: Hydrapple
|move|p2a: Toedscruel|Earth Power|p1b: monke
|-resisted|p1b: monke
|-damage|p1b: monke|22/100
|
|upkeep
|turn|8
|
|t:|1756786085
|move|p1b: monke|Wood Hammer|p2a: Toedscruel
|-damage|p2a: Toedscruel|14/100
|-damage|p1b: monke|0 fnt|[from] Recoil
|faint|p1b: monke
|
|win|Basebornrobot
