|j|☆Bahamate
|j|☆marcosdeltasena31
|html|Bahamatemarcosdeltasena31    
|uhtml|bestof|Game 2 of a best-of-3
|t:|1757904625
|gametype|doubles
|player|p1|Bahamate|grimsley|1299
|player|p2|marcosdeltasena31|hilbert|1403
|gen|9
|tier|[Gen 9] VGC 2025 Reg H (Bo3)
|rated|
|rule|Species Clause: Limit one of each Pokémon
|rule|Item Clause: Limit 1 of each item
|clearpoke
|poke|p1|Ceruledge, L50, F|
|poke|p1|Grimmsnarl, L50, M|
|poke|p1|Ninetales-Alola, L50, M|
|poke|p1|Ursaluna-Bloodmoon, L50, M|
|poke|p1|Rillaboom, L50, F|
|poke|p1|Annihilape, L50, M|
|poke|p2|Dragonite, L50, F|
|poke|p2|Sneasler, L50, F|
|poke|p2|Volcarona, L50, M|
|poke|p2|Rillaboom, L50, M|
|poke|p2|Kingambit, L50, F|
|poke|p2|Electabuzz, L50, F|
|teampreview|4
|showteam|p1|Ceruledge||AssaultVest|FlashFire|BitterBlade,ShadowSneak,TeraBlast,ClearSmog|||F|||50|,,,,,Grass]Grimmsnarl||LightClay|Prankster|Reflect,LightScreen,FoulPlay,ThunderWave|||M|||50|,,,,,Ghost]Ninetales-Alola||FocusSash|SnowWarning|Blizzard,IcyWind,Disable,Protect|||M|||50|,,,,,Ice]Ursaluna-Bloodmoon||Leftovers|MindsEye|BloodMoon,CalmMind,EarthPower,Protect|||M|||50|,,,,,Electric]Rillaboom||MiracleSeed|GrassySurge|WoodHammer,GrassyGlide,HighHorsepower,FakeOut|||F|||50|,,,,,Fire]Annihilape||SitrusBerry|Defiant|RageFist,DrainPunch,BulkUp,Protect|||M|||50|,,,,,Fire
|showteam|p2|Dragonite||LoadedDice|Multiscale|ScaleShot,ExtremeSpeed,Haze,Protect|||F|||50|,,,,,Fairy]Sneasler||FocusSash|PoisonTouch|DireClaw,CloseCombat,FakeOut,Coaching|||F|||50|,,,,,Ghost]Volcarona||CovertCloak|FlameBody|HeatWave,TeraBlast,QuiverDance,Protect|||M|||50|,,,,,Fairy]Rillaboom||AssaultVest|GrassySurge|WoodHammer,FakeOut,GrassyGlide,HighHorsepower|||M|||50|,,,,,Fire]Kingambit||BlackGlasses|Defiant|KowtowCleave,SwordsDance,SuckerPunch,Protect|||F|||50|,,,,,Dark]Electabuzz||Eviolite|VitalSpirit|Thunderbolt,FollowMe,Taunt,Protect|||F|||50|,,,,,Ghost
|
|t:|1757904648
|teamsize|p1|4
|teamsize|p2|4
|start
|switch|p1a: Ninetales|Ninetales-Alola, L50, M|100/100
|switch|p1b: Ursaluna|Ursaluna-Bloodmoon, L50, M|100/100
|switch|p2a: Kingambit|Kingambit, L50, F|100/100
|switch|p2b: Electabuzz|Electabuzz, L50, F|100/100
|-weather|Snowscape|[from] ability: Snow Warning|[of] p1a: Ninetales
|turn|1
|
|t:|1757904663
|-terastallize|p2a: Kingambit|Dark
|move|p2b: Electabuzz|Follow Me|p2b: Electabuzz
|-singleturn|p2b: Electabuzz|move: Follow Me
|move|p1a: Ninetales|Blizzard|p2b: Electabuzz|[spread] p2a,p2b
|-damage|p2a: Kingambit|73/100
|-damage|p2b: Electabuzz|77/100
|-status|p2a: Kingambit|frz
|move|p1b: Ursaluna|Earth Power|p2b: Electabuzz
|-supereffective|p2b: Electabuzz
|-damage|p2b: Electabuzz|6/100
|-unboost|p2b: Electabuzz|spd|1
|cant|p2a: Kingambit|frz
|
|-weather|Snowscape|[upkeep]
|upkeep
|turn|2
|
|t:|1757904675
|move|p2b: Electabuzz|Protect|p2b: Electabuzz
|-singleturn|p2b: Electabuzz|Protect
|cant|p2a: Kingambit|frz
|move|p1a: Ninetales|Blizzard|p2a: Kingambit|[spread] p2a
|-activate|p2b: Electabuzz|move: Protect
|-damage|p2a: Kingambit|44/100 frz
|move|p1b: Ursaluna|Blood Moon|p2a: Kingambit
|-damage|p2a: Kingambit|0 fnt
|faint|p2a: Kingambit
|
|-weather|Snowscape|[upkeep]
|upkeep
|
|t:|1757904680
|switch|p2a: Volcarona|Volcarona, L50, M|100/100
|turn|3
|
|t:|1757904694
|move|p1a: Ninetales|Blizzard|p2a: Volcarona|[spread] p2a,p2b
|-resisted|p2a: Volcarona
|-damage|p2a: Volcarona|84/100
|-damage|p2b: Electabuzz|0 fnt
|faint|p2b: Electabuzz
|move|p2a: Volcarona|Quiver Dance|p2a: Volcarona
|-boost|p2a: Volcarona|spa|1
|-boost|p2a: Volcarona|spd|1
|-boost|p2a: Volcarona|spe|1
|move|p1b: Ursaluna|Calm Mind|p1b: Ursaluna
|-boost|p1b: Ursaluna|spa|1
|-boost|p1b: Ursaluna|spd|1
|
|-weather|Snowscape|[upkeep]
|upkeep
|
|t:|1757904697
|switch|p2b: Sneasler|Sneasler, L50, F|100/100
|turn|4
|
|t:|1757904714
|switch|p1a: Ceruledge|Ceruledge, L50, F|100/100
|-terastallize|p1b: Ursaluna|Electric
|move|p2b: Sneasler|Fake Out|p1b: Ursaluna
|-damage|p1b: Ursaluna|89/100
|move|p2a: Volcarona|Heat Wave|p1b: Ursaluna|[spread] p1b
|-start|p1a: Ceruledge|ability: Flash Fire
|-damage|p1b: Ursaluna|46/100
|cant|p1b: Ursaluna|flinch
|
|-weather|Snowscape|[upkeep]
|-heal|p1b: Ursaluna|52/100|[from] item: Leftovers
|upkeep
|turn|5
|
|t:|1757904725
|move|p2a: Volcarona|Heat Wave|p1b: Ursaluna|[spread] p1b
|-immune|p1a: Ceruledge|[from] ability: Flash Fire
|-damage|p1b: Ursaluna|6/100
|move|p2b: Sneasler|Dire Claw|p1a: Ceruledge
|-resisted|p1a: Ceruledge
|-damage|p1a: Ceruledge|77/100
|move|p1a: Ceruledge|Bitter Blade|p2a: Volcarona
|-damage|p2a: Volcarona|0 fnt
|-heal|p1a: Ceruledge|100/100|[from] drain|[of] p2a: Volcarona
|faint|p2a: Volcarona
|move|p1b: Ursaluna|Earth Power|p2b: Sneasler
|-supereffective|p2b: Sneasler
|-enditem|p2b: Sneasler|Focus Sash
|-damage|p2b: Sneasler|1/100
|
|-weather|none
|-heal|p1b: Ursaluna|12/100|[from] item: Leftovers
|upkeep
|turn|6
|
|t:|1757904736
|move|p1a: Ceruledge|Shadow Sneak|p2b: Sneasler
|-damage|p2b: Sneasler|0 fnt
|faint|p2b: Sneasler
|
|win|Bahamate
||Bahamate is ready for game 3.
||marcosdeltasena31 is ready for game 3.
|uhtml|next|Next: Game 3 of 3
|l|☆marcosdeltasena31
|player|p2|
|l|☆Bahamate
|player|p1|
