|j|☆Wendiigo
|j|☆fool720
|html|Wendiigofool720    
|uhtml|bestof|Game 3 of a best-of-3
|t:|1784931589
|gametype|doubles
|player|p1|Wendiigo|hilbert-wonderlauncher|
|player|p2|fool720|266|
|gen|9
|tier|[Gen 9 Champions] VGC 2026 Reg M-B (Bo3)
|rule|Species Clause: Limit one of each Pokémon
|rule|Item Clause: Limit 1 of each item
|clearpoke
|poke|p1|Tyranitar, L50, F, shiny|
|poke|p1|Excadrill, L50, M, shiny|
|poke|p1|Reuniclus, L50, F, shiny|
|poke|p1|Clefable, L50, M|
|poke|p1|Rotom, L50|
|poke|p1|Infernape, L50, M, shiny|
|poke|p2|Pelipper, L50, F|
|poke|p2|Archaludon, L50, M|
|poke|p2|Swampert, L50, F|
|poke|p2|Rotom-Mow, L50|
|poke|p2|Sableye, L50, M|
|poke|p2|Diggersby, L50, M|
|teampreview|4
|showteam|p1|Tyranitar||ChopleBerry|SandStream|EarthPower,PowerGem,Taunt,Protect|Modest||F|||50|]Excadrill||Excadrite|SandRush|Earthquake,IronHead,Megahorn,Protect|Adamant||M|||50|]Reuniclus||LifeOrb|MagicGuard|EnergyBall,FocusBlast,TrickRoom,Protect|Quiet||F|||50|]Clefable||Clefablite|MagicGuard|Moonblast,Thunderbolt,FollowMe,Protect|Quiet||M|||50|]Rotom||ChoiceScarf|Levitate|ShadowBall,Electroweb,Thunderbolt,Trick|Timid|||||50|]Infernape||FocusSash|Blaze|FakeOut,AuraSphere,Flamethrower,Protect|Modest||M|||50|
|showteam|p2|Pelipper||FocusSash|Drizzle|Hurricane,Tailwind,WeatherBall,WideGuard|Timid||F|||50|]Archaludon||Leftovers|Stamina|ElectroShot,FlashCannon,Protect,AuraSphere|Timid||M|||50|]Swampert||Swampertite|Torrent|WaveCrash,RockSlide,Earthquake,Protect|Adamant||F|||50|]Rotom-Mow||ChoiceScarf|Levitate|LeafStorm,Thunderbolt,VoltSwitch,ShadowBall|Timid|||||50|]Sableye||LightClay|Prankster|Encore,LightScreen,Reflect,FakeOut|Sassy||M|||50|]Diggersby||LifeOrb|HugePower|IronHead,FirePunch,GigaImpact,Earthquake|Adamant||M|||50|
|
|t:|1784931611
|teamsize|p1|4
|teamsize|p2|4
|start
|switch|p1a: Reuniclus|Reuniclus, L50, F, shiny|100/100
|switch|p1b: Clefable|Clefable, L50, M|100/100
|switch|p2a: Sableye|Sableye, L50, M|100/100
|switch|p2b: Pelipper|Pelipper, L50, F|100/100
|-weather|RainDance|[from] ability: Drizzle|[of] p2b: Pelipper
|turn|1
|
|t:|1784931640
|move|p1b: Clefable|Follow Me|p1b: Clefable
|-singleturn|p1b: Clefable|move: Follow Me
|move|p2a: Sableye|Light Screen|p2a: Sableye
|-sidestart|p2: fool720|move: Light Screen
|move|p2b: Pelipper|Hurricane|p1b: Clefable
|-damage|p1b: Clefable|55/100
|move|p1a: Reuniclus|Trick Room|p1a: Reuniclus
|-fieldstart|move: Trick Room|[of] p1a: Reuniclus
|
|-weather|RainDance|[upkeep]
|upkeep
|turn|2
|
|t:|1784931665
|switch|p1a: Amy|Tyranitar, L50, F, shiny|100/100
|-weather|Sandstorm|[from] ability: Sand Stream|[of] p1a: Amy
|move|p2a: Sableye|Encore|p1a: Amy
|-hint|Since gen 7, Dark is immune to Prankster moves.
|-immune|p1a: Amy
|move|p1b: Clefable|Thunderbolt|p2b: Pelipper
|-supereffective|p2b: Pelipper|2
|-enditem|p2b: Pelipper|Focus Sash
|-damage|p2b: Pelipper|1/100
|move|p2b: Pelipper|Hurricane|p1b: Clefable|[miss]
|-miss|p2b: Pelipper|p1b: Clefable
|
|-weather|Sandstorm|[upkeep]
|-damage|p2a: Sableye|94/100|[from] Sandstorm
|-damage|p2b: Pelipper|0 fnt|[from] Sandstorm
|faint|p2b: Pelipper
|upkeep
|
|t:|1784931683
|switch|p2b: Archaludon|Archaludon, L50, M|100/100
|turn|3
|
|t:|1784931710
|move|p1b: Clefable|Follow Me|p1b: Clefable
|-singleturn|p1b: Clefable|move: Follow Me
|move|p2a: Sableye|Reflect|p2a: Sableye
|-sidestart|p2: fool720|Reflect
|move|p1a: Amy|Taunt|p2a: Sableye
|-start|p2a: Sableye|move: Taunt
|move|p2b: Archaludon|Aura Sphere|p1b: Clefable
|-resisted|p1b: Clefable|1
|-crit|p1b: Clefable
|-damage|p1b: Clefable|37/100
|
|-weather|Sandstorm|[upkeep]
|-damage|p2a: Sableye|88/100|[from] Sandstorm
|upkeep
|turn|4
|
|t:|1784931738
|switch|p2a: Swampert|Swampert, L50, F|100/100
|detailschange|p1b: Clefable|Clefable-Mega, L50, M
|-mega|p1b: Clefable|Clefable|Clefablite
|move|p1b: Clefable|Follow Me|p1b: Clefable
|-singleturn|p1b: Clefable|move: Follow Me
|move|p1a: Amy|Earth Power|p2b: Archaludon
|-supereffective|p2b: Archaludon|1
|-damage|p2b: Archaludon|46/100
|-ability|p2b: Archaludon|Stamina|boost
|-boost|p2b: Archaludon|def|1
|move|p2b: Archaludon|Aura Sphere|p1b: Clefable
|-resisted|p1b: Clefable|2
|-damage|p1b: Clefable|32/100
|
|-weather|Sandstorm|[upkeep]
|-damage|p1b: Clefable|26/100|[from] Sandstorm
|-heal|p2b: Archaludon|52/100|[from] item: Leftovers
|upkeep
|turn|5
|
|t:|1784931765
|switch|p1b: Reuniclus|Reuniclus, L50, F, shiny|100/100
|detailschange|p2a: Swampert|Swampert-Mega, L50, F
|-mega|p2a: Swampert|Swampert|Swampertite
|move|p1a: Amy|Protect|p1a: Amy
|-singleturn|p1a: Amy|Protect
|move|p2a: Swampert|Wave Crash|p1a: Amy
|-activate|p1a: Amy|move: Protect
|move|p2b: Archaludon|Flash Cannon|p1b: Reuniclus
|-damage|p1b: Reuniclus|60/100
|
|-weather|Sandstorm|[upkeep]
|-heal|p2b: Archaludon|58/100|[from] item: Leftovers
|-fieldend|move: Trick Room
|upkeep
|turn|6
|
|t:|1784931793
|switch|p1a: Clefable|Clefable-Mega, L50, M|26/100
|move|p1b: Reuniclus|Protect|p1b: Reuniclus
|-singleturn|p1b: Reuniclus|Protect
|move|p2b: Archaludon|Flash Cannon|p1a: Clefable
|-supereffective|p1a: Clefable|1
|-damage|p1a: Clefable|0 fnt
|faint|p1a: Clefable
|move|p2a: Swampert|Wave Crash|p1b: Reuniclus
|-activate|p1b: Reuniclus|move: Protect
|
|-weather|none
|-heal|p2b: Archaludon|64/100|[from] item: Leftovers
|upkeep
|
|t:|1784931811
|switch|p1a: Infernape|Infernape, L50, M, shiny|100/100
|turn|7
|
|t:|1784931824
|switch|p2b: Sableye|Sableye, L50, M|88/100
|move|p2a: Swampert|Protect|p2a: Swampert
|-singleturn|p2a: Swampert|Protect
|move|p1a: Infernape|Fake Out|p2a: Swampert
|-activate|p2a: Swampert|move: Protect
|move|p1b: Reuniclus|Trick Room|p1b: Reuniclus
|-fieldstart|move: Trick Room|[of] p1b: Reuniclus
|
|upkeep
|turn|8
|
|t:|1784931849
|move|p1a: Infernape|Protect|p1a: Infernape
|-singleturn|p1a: Infernape|Protect
|move|p2b: Sableye|Encore|p1b: Reuniclus
|-start|p1b: Reuniclus|Encore
|move|p2a: Swampert|Wave Crash|p1a: Infernape
|-activate|p1a: Infernape|move: Protect
|move|p1b: Reuniclus|Trick Room|p1b: Reuniclus
|-fieldend|move: Trick Room
|
|-sideend|p2: fool720|move: Light Screen
|upkeep
|turn|9
|
|t:|1784931876
|move|p2b: Sableye|Encore|p1a: Infernape
|-start|p1a: Infernape|Encore
|move|p1a: Infernape|Protect|p1a: Infernape
|-singleturn|p1a: Infernape|Protect
|move|p2a: Swampert|Wave Crash|p1a: Infernape
|-activate|p1a: Infernape|move: Protect
|move|p1b: Reuniclus|Trick Room|p1b: Reuniclus
|-fieldstart|move: Trick Room|[of] p1b: Reuniclus
|
|upkeep
|turn|10
|
|t:|1784931895
|switch|p1b: Amy|Tyranitar, L50, F, shiny|100/100
|-weather|Sandstorm|[from] ability: Sand Stream|[of] p1b: Amy
|switch|p2b: Archaludon|Archaludon, L50, M|64/100
|move|p1a: Infernape|Protect||[still]
|-fail|p1a: Infernape
|move|p2a: Swampert|Wave Crash|p1a: Infernape
|-supereffective|p1a: Infernape|1
|-enditem|p1a: Infernape|Focus Sash
|-damage|p1a: Infernape|1/100
|-damage|p2a: Swampert|70/100|[from] Recoil
|
|-weather|Sandstorm|[upkeep]
|-damage|p1a: Infernape|0 fnt|[from] Sandstorm
|faint|p1a: Infernape
|-heal|p2b: Archaludon|70/100|[from] item: Leftovers
|-sideend|p2: fool720|Reflect
|upkeep
|
|t:|1784931898
|switch|p1a: Reuniclus|Reuniclus, L50, F, shiny|60/100
|turn|11
|
|t:|1784931933
|move|p1a: Reuniclus|Energy Ball|p2a: Swampert
|-supereffective|p2a: Swampert|2
|-damage|p2a: Swampert|0 fnt
|faint|p2a: Swampert
|move|p1b: Amy|Earth Power|p2b: Archaludon
|-supereffective|p2b: Archaludon|1
|-damage|p2b: Archaludon|0 fnt
|faint|p2b: Archaludon
|
|-weather|Sandstorm|[upkeep]
|upkeep
|
|t:|1784931943
|switch|p2a: Sableye|Sableye, L50, M|88/100
|turn|12
|
|t:|1784931954
|move|p2a: Sableye|Fake Out|p1b: Amy
|-resisted|p1b: Amy|1
|-damage|p1b: Amy|97/100
|move|p1a: Reuniclus|Energy Ball|p2a: Sableye
|-damage|p2a: Sableye|25/100
|cant|p1b: Amy|flinch
|
|-weather|Sandstorm|[upkeep]
|-damage|p2a: Sableye|19/100|[from] Sandstorm
|upkeep
|turn|13
|
|t:|1784931966
|move|p2a: Sableye|Reflect|p2a: Sableye
|-sidestart|p2: fool720|Reflect
|move|p1a: Reuniclus|Energy Ball|p2a: Sableye
|-damage|p2a: Sableye|0 fnt
|faint|p2a: Sableye
|
|win|Wendiigo
|l|☆fool720
|player|p2|
