|j|☆phuc_lamvgc
|j|☆lime beens
|html|phuc_lamvgclime beens    
|uhtml|bestof|Game 2 of a best-of-3
|t:|1783390682
|gametype|doubles
|player|p1|phuc_lamvgc|miku-ghost|1140
|player|p2|lime beens|artist-gen4|1145
|gen|9
|tier|[Gen 9 Champions] VGC 2026 Reg M-B (Bo3)
|rated|
|rule|Species Clause: Limit one of each Pokémon
|rule|Item Clause: Limit 1 of each item
|clearpoke
|poke|p1|Pyroar, L50, M, shiny|
|poke|p1|Floette-Eternal, L50, F, shiny|
|poke|p1|Farigiraf, L50, M, shiny|
|poke|p1|Incineroar, L50, M, shiny|
|poke|p1|Torkoal, L50, M, shiny|
|poke|p1|Vileplume, L50, M, shiny|
|poke|p2|Sableye, L50, F|
|poke|p2|Alakazam, L50, M|
|poke|p2|Slowbro-Galar, L50, M|
|poke|p2|Barbaracle, L50, F|
|poke|p2|Aerodactyl, L50, M|
|poke|p2|Heracross, L50, F|
|teampreview|4
|showteam|p1|Pyroar||Pyroarite|Unnerve|Overheat,SolarBeam,HeatWave,Protect|Timid||M|||50|]Floette-Eternal||Floettite|FlowerVeil|Moonblast,DrainingKiss,CalmMind,Protect|Modest||F|||50|]Farigiraf||SitrusBerry|ArmorTail|HelpingHand,TrickRoom,Psychic,Thunderbolt|Relaxed||M|||50|]Incineroar||WhiteHerb|Intimidate|FakeOut,FlareBlitz,DarkestLariat,CloseCombat|Brave||M|||50|]Torkoal||Charcoal|Drought|WeatherBall,Eruption,HelpingHand,Protect|Quiet||M|||50|]Vileplume||FocusSash|Chlorophyll|SolarBeam,SleepPowder,SludgeBomb,AfterYou|Timid||M|||50|
|showteam|p2|Sableye||Leftovers|Prankster|Disable,Encore,Detect,FakeOut|Bold||F|||50|]Alakazam||Alakazite|MagicGuard|Psychic,FocusBlast,DazzlingGleam,Protect|Timid||M|||50|]Slowbro-Galar||QuickClaw|QuickDraw|IceBeam,Psyshock,ShellSideArm,NastyPlot|Modest||M|||50|]Barbaracle||ChoiceScarf|Sniper|StoneEdge,NightSlash,ShadowClaw,AquaCutter|Adamant||F|||50|]Aerodactyl||FocusSash|Pressure|Tailwind,DualWingbeat,Protect,PsychicFangs|Jolly||M|||50|]Heracross||Heracronite|Moxie|PinMissile,RockBlast,CloseCombat,Protect|Adamant||F|||50|
|inactive|Battle timer is ON: inactive players will automatically lose when time's up. (requested by lime beens)
|
|t:|1783390692
|teamsize|p1|4
|teamsize|p2|4
|start
|switch|p1a: Incineroar|Incineroar, L50, M, shiny|100/100
|switch|p1b: Farigiraf|Farigiraf, L50, M, shiny|100/100
|switch|p2a: Slowbro|Slowbro-Galar, L50, M|100/100
|switch|p2b: Sableye|Sableye, L50, F|100/100
|-ability|p1a: Incineroar|Intimidate|boost
|-unboost|p2a: Slowbro|atk|1
|-unboost|p2b: Sableye|atk|1
|turn|1
|
|t:|1783390704
|move|p2b: Sableye|Fake Out||[still]
|cant|p1b: Farigiraf|ability: Armor Tail|Fake Out|[of] p2b: Sableye
|move|p1a: Incineroar|Darkest Lariat|p2a: Slowbro
|-supereffective|p2a: Slowbro|1
|-damage|p2a: Slowbro|21/100
|move|p2a: Slowbro|Nasty Plot|p2a: Slowbro
|-boost|p2a: Slowbro|spa|2
|move|p1b: Farigiraf|Trick Room|p1b: Farigiraf
|-fieldstart|move: Trick Room|[of] p1b: Farigiraf
|
|upkeep
|turn|2
|
|t:|1783390720
|move|p2b: Sableye|Detect|p2b: Sableye
|-singleturn|p2b: Sableye|Protect
|move|p2a: Slowbro|Shell Side Arm|p1a: Incineroar|[anim] Shell Side Arm Special
|-damage|p1a: Incineroar|14/100
|-hint|Special Shell Side Arm
|move|p1a: Incineroar|Darkest Lariat|p2a: Slowbro
|-supereffective|p2a: Slowbro|1
|-damage|p2a: Slowbro|0 fnt
|faint|p2a: Slowbro
|move|p1b: Farigiraf|Thunderbolt|p2b: Sableye
|-activate|p2b: Sableye|move: Protect
|
|upkeep
|
|t:|1783390731
|switch|p2a: Barbaracle|Barbaracle, L50, F|100/100
|turn|3
|
|t:|1783390750
|move|p2b: Sableye|Detect||[still]
|-fail|p2b: Sableye
|move|p1b: Farigiraf|Helping Hand|p1a: Incineroar
|-singleturn|p1a: Incineroar|Helping Hand|[of] p1b: Farigiraf
|move|p1a: Incineroar|Close Combat|p2a: Barbaracle
|-supereffective|p2a: Barbaracle|1
|-damage|p2a: Barbaracle|0 fnt
|-unboost|p1a: Incineroar|def|1
|-unboost|p1a: Incineroar|spd|1
|faint|p2a: Barbaracle
|-enditem|p1a: Incineroar|White Herb
|-clearnegativeboost|p1a: Incineroar|[silent]
|
|upkeep
|
|t:|1783390761
|switch|p2a: Alakazam|Alakazam, L50, M|100/100
|turn|4
|
|t:|1783390771
|switch|p1a: Torkoal|Torkoal, L50, M, shiny|100/100
|-weather|SunnyDay|[from] ability: Drought|[of] p1a: Torkoal
|detailschange|p2a: Alakazam|Alakazam-Mega, L50, M
|-mega|p2a: Alakazam|Alakazam|Alakazite
|-ability|p2a: Alakazam|Drought|Trace|[from] ability: Trace|[of] p1a: Torkoal
|move|p2b: Sableye|Encore||[still]
|cant|p1b: Farigiraf|ability: Armor Tail|Encore|[of] p2b: Sableye
|move|p1b: Farigiraf|Thunderbolt|p2a: Alakazam
|-damage|p2a: Alakazam|71/100
|move|p2a: Alakazam|Dazzling Gleam|p1a: Torkoal|[spread] p1a,p1b
|-resisted|p1a: Torkoal|1
|-damage|p1a: Torkoal|81/100
|-damage|p1b: Farigiraf|74/100
|
|-weather|SunnyDay|[upkeep]
|upkeep
|turn|5
|
|t:|1783390793
|switch|p1a: Incineroar|Incineroar, L50, M, shiny|14/100
|-ability|p1a: Incineroar|Intimidate|boost
|-unboost|p2a: Alakazam|atk|1
|-unboost|p2b: Sableye|atk|1
|move|p2b: Sableye|Detect|p2b: Sableye
|-singleturn|p2b: Sableye|Protect
|move|p2a: Alakazam|Protect|p2a: Alakazam
|-singleturn|p2a: Alakazam|Protect
|move|p1b: Farigiraf|Thunderbolt|p2a: Alakazam
|-activate|p2a: Alakazam|move: Protect
|
|-weather|SunnyDay|[upkeep]
|-fieldend|move: Trick Room
|upkeep
|turn|6
|inactive|lime beens has 30 seconds left.
|
|t:|1783390821
|move|p1a: Incineroar|Fake Out|p2a: Alakazam
|-damage|p2a: Alakazam|46/100
|move|p2b: Sableye|Encore||[still]
|cant|p1b: Farigiraf|ability: Armor Tail|Encore|[of] p2b: Sableye
|cant|p2a: Alakazam|flinch
|move|p1b: Farigiraf|Trick Room|p1b: Farigiraf
|-fieldstart|move: Trick Room|[of] p1b: Farigiraf
|
|-weather|SunnyDay|[upkeep]
|upkeep
|turn|7
|
|t:|1783390834
|switch|p1b: Torkoal|Torkoal, L50, M, shiny|81/100
|move|p2b: Sableye|Detect|p2b: Sableye
|-singleturn|p2b: Sableye|Protect
|move|p2a: Alakazam|Protect|p2a: Alakazam
|-singleturn|p2a: Alakazam|Protect
|move|p1a: Incineroar|Darkest Lariat|p2a: Alakazam
|-activate|p2a: Alakazam|move: Protect
|
|-weather|SunnyDay|[upkeep]
|upkeep
|turn|8
|
|t:|1783390853
|move|p2b: Sableye|Detect||[still]
|-fail|p2b: Sableye
|move|p1b: Torkoal|Weather Ball|p2b: Sableye
|-damage|p2b: Sableye|0 fnt
|faint|p2b: Sableye
|move|p1a: Incineroar|Darkest Lariat|p2a: Alakazam
|-supereffective|p2a: Alakazam|1
|-damage|p2a: Alakazam|0 fnt
|faint|p2a: Alakazam
|
|win|phuc_lamvgc
||lime beens is ready for game 3.
|inactive|phuc_lamvgc has 30 seconds to confirm battle start!
||phuc_lamvgc is ready for game 3.
|uhtml|next|Next: Game 3 of 3
|l|☆lime beens
|player|p2|
