|j|â˜†palle synchro
|j|â˜†CavaliereIsSoPeak
|html|palle synchroCavaliereIsSoPeak    
|uhtml|bestof|Game 1 of a best-of-3
|t:|1756990818
|gametype|doubles
|player|p1|palle synchro|volkner|1389
|player|p2|CavaliereIsSoPeak|gambler|1407
|gen|9
|tier|[Gen 9] VGC 2025 Reg H (Bo3)
|rated|
|rule|Species Clause: Limit one of each PokÃ©mon
|rule|Item Clause: Limit 1 of each item
|clearpoke
|poke|p1|Whimsicott, L50, M|
|poke|p1|Corviknight, L50, M|
|poke|p1|Indeedee, L50, M|
|poke|p1|Sneasler, L50, M|
|poke|p1|Ursaluna-Bloodmoon, L50, M|
|poke|p1|Archaludon, L50, F|
|poke|p2|Volcarona, L50, M|
|poke|p2|Basculegion, L50, M|
|poke|p2|Sneasler, L50, F|
|poke|p2|Dragonite, L50, M|
|poke|p2|Ursaluna-Bloodmoon, L50, M|
|poke|p2|Whimsicott, L50, F|
|teampreview|4
|showteam|p1|Whimsicott||CovertCloak|Prankster|Moonblast,Taunt,Tailwind,FakeTears|||M|||50|,,,,,Water]Corviknight||Leftovers|MirrorArmor|BraveBird,BulkUp,Tailwind,Roost|||M|||50|,,,,,Dragon]Indeedee||FocusSash|PsychicSurge|ExpandingForce,TeraBlast,Imprison,TrickRoom|||M|||50|,,,,,Psychic]Sneasler||PsychicSeed|Unburden|CloseCombat,DireClaw,ThroatChop,Protect|||M|||50|,,,,,Dark]Ursaluna-Bloodmoon||LifeOrb|MindsEye|HyperVoice,BloodMoon,EarthPower,Protect|||M|||50|,,,,,Normal]Archaludon||PowerHerb|Stalwart|ElectroShot,DragonPulse,Thunderbolt,Protect|||F|||50|,,,,,Electric
|showteam|p2|Volcarona||SitrusBerry|FlameBody|HeatWave,TeraBlast,QuiverDance,Protect|||M|||50|,,,,,Fairy]Basculegion||ChoiceBand|Adaptability|WaveCrash,FlipTurn,AquaJet,LastRespects|||M|||50|,,,,,Water]Sneasler||FocusSash|Unburden|DireClaw,CloseCombat,ThroatChop,Protect|||F|||50|,,,,,Dark]Dragonite||LoadedDice|Multiscale|ScaleShot,ExtremeSpeed,Haze,Protect|||M|||50|,,,,,Steel]Ursaluna-Bloodmoon||LifeOrb|MindsEye|BloodMoon,HyperVoice,EarthPower,Protect|||M|||50|,,,,,Normal]Whimsicott||CovertCloak|Prankster|Moonblast,Tailwind,Encore,Taunt|||F|||50|,,,,,Poison
|inactive|Battle timer is ON: inactive players will automatically lose when time's up. (requested by palle synchro)
|inactive|CavaliereIsSoPeak has 60 seconds left.
|
|t:|1756990863
|teamsize|p1|4
|teamsize|p2|4
|start
|switch|p1a: Indeedee|Indeedee, L50, M|100/100
|switch|p1b: Sneasler|Sneasler, L50, M|100/100
|switch|p2a: Ventus|Dragonite, L50, M|100/100
|switch|p2b: Mary|Whimsicott, L50, F|100/100
|-fieldstart|move: Psychic Terrain|[from] ability: Psychic Surge|[of] p1a: Indeedee
|-enditem|p1b: Sneasler|Psychic Seed
|-boost|p1b: Sneasler|spd|1|[from] item: Psychic Seed
|turn|1
|
|t:|1756990882
|switch|p1a: Corviknight|Corviknight, L50, M|100/100
|move|p2b: Mary|Tailwind|p2b: Mary
|-sidestart|p2: CavaliereIsSoPeak|move: Tailwind
|move|p1b: Sneasler|Dire Claw|p2b: Mary
|-supereffective|p2b: Mary
|-damage|p2b: Mary|0 fnt
|faint|p2b: Mary
|move|p2a: Ventus|Scale Shot|p1b: Sneasler
|-damage|p1b: Sneasler|75/100
|-damage|p1b: Sneasler|54/100
|-damage|p1b: Sneasler|31/100
|-damage|p1b: Sneasler|9/100
|-hitcount|p1b: Sneasler|4
|-unboost|p2a: Ventus|def|1
|-boost|p2a: Ventus|spe|1
|
|upkeep
|
|t:|1756990902
|switch|p2b: Dante|Volcarona, L50, M|100/100
|turn|2
|
|t:|1756990913
|move|p1b: Sneasler|Protect|p1b: Sneasler
|-singleturn|p1b: Sneasler|Protect
|move|p2a: Ventus|Scale Shot|p1b: Sneasler
|-activate|p1b: Sneasler|move: Protect
|move|p2b: Dante|Quiver Dance|p2b: Dante
|-boost|p2b: Dante|spa|1
|-boost|p2b: Dante|spd|1
|-boost|p2b: Dante|spe|1
|move|p1a: Corviknight|Tailwind|p1a: Corviknight
|-sidestart|p1: palle synchro|move: Tailwind
|
|upkeep
|turn|3
|
|t:|1756990926
|move|p1b: Sneasler|Dire Claw|p2b: Dante
|-damage|p2b: Dante|42/100
|-enditem|p2b: Dante|Sitrus Berry|[eat]
|-heal|p2b: Dante|66/100|[from] item: Sitrus Berry
|move|p2b: Dante|Heat Wave|p1b: Sneasler|[spread] p1a
|-miss|p2b: Dante|p1b: Sneasler
|-supereffective|p1a: Corviknight
|-damage|p1a: Corviknight|3/100
|move|p2a: Ventus|Scale Shot|p1a: Corviknight
|-resisted|p1a: Corviknight
|-damage|p1a: Corviknight|0 fnt
|faint|p1a: Corviknight
|-hitcount|p1: Corviknight|1
|-unboost|p2a: Ventus|def|1
|-boost|p2a: Ventus|spe|1
|
|upkeep
|
|t:|1756990939
|switch|p1a: Ursaluna|Ursaluna-Bloodmoon, L50, M|100/100
|turn|4
|
|t:|1756990945
|-terastallize|p1a: Ursaluna|Normal
|move|p1b: Sneasler|Protect|p1b: Sneasler
|-singleturn|p1b: Sneasler|Protect
|move|p2b: Dante|Protect|p2b: Dante
|-singleturn|p2b: Dante|Protect
|move|p2a: Ventus|Scale Shot|p1b: Sneasler
|-activate|p1b: Sneasler|move: Protect
|move|p1a: Ursaluna|Hyper Voice|p2b: Dante|[spread] p2a
|-activate|p2b: Dante|move: Protect
|-damage|p2a: Ventus|69/100
|-damage|p1a: Ursaluna|91/100|[from] item: Life Orb
|
|-sideend|p2: CavaliereIsSoPeak|move: Tailwind
|upkeep
|turn|5
|
|t:|1756990958
|move|p2a: Ventus|Protect|p2a: Ventus
|-singleturn|p2a: Ventus|Protect
|move|p1b: Sneasler|Dire Claw|p2a: Ventus
|-activate|p2a: Ventus|move: Protect
|move|p2b: Dante|Heat Wave|p1a: Ursaluna|[spread] p1a,p1b
|-damage|p1a: Ursaluna|27/100
|-damage|p1b: Sneasler|0 fnt
|-status|p1a: Ursaluna|brn
|faint|p1b: Sneasler
|move|p1a: Ursaluna|Blood Moon|p2b: Dante
|-damage|p2b: Dante|0 fnt
|faint|p2b: Dante
|-damage|p1a: Ursaluna|17/100 brn|[from] item: Life Orb
|
|-damage|p1a: Ursaluna|12/100 brn|[from] brn
|-sideend|p1: palle synchro|move: Tailwind
|-fieldend|move: Psychic Terrain
|upkeep
|-message|palle synchro forfeited.
|
|win|CavaliereIsSoPeak
