|j|☆spongebob601
|j|☆dczcd
|html|spongebob601dczcd    
|uhtml|bestof|Game 2 of a best-of-3
|t:|1757840964
|gametype|doubles
|player|p1|spongebob601|266|1119
|player|p2|dczcd|volkner|1031
|gen|9
|tier|[Gen 9] VGC 2025 Reg H (Bo3)
|rated|
|rule|Species Clause: Limit one of each Pokémon
|rule|Item Clause: Limit 1 of each item
|clearpoke
|poke|p1|Incineroar, L50, M|
|poke|p1|Sneasler, L50, F|
|poke|p1|Ursaluna-Bloodmoon, L50, M|
|poke|p1|Gholdengo, L50|
|poke|p1|Ninetales-Alola, L50, F|
|poke|p1|Rillaboom, L50, M|
|poke|p2|Indeedee-F, L50, F|
|poke|p2|Blaziken, L50, M|
|poke|p2|Volcarona, L50, M|
|poke|p2|Whimsicott, L50, M|
|poke|p2|Greninja-*, L50, M|
|poke|p2|Chandelure, L50, F|
|teampreview|4
|showteam|p1|Incineroar||SitrusBerry|Intimidate|FakeOut,PartingShot,KnockOff,FlareBlitz|||M|||50|,,,,,Grass]Sneasler||GrassySeed|Unburden|CloseCombat,Protect,SwordsDance,Acrobatics|||F|||50|,,,,,Flying]Ursaluna-Bloodmoon||Leftovers|MindsEye|Protect,Yawn,BloodMoon,EarthPower|||M|||50|,,,,,Water]Gholdengo||LifeOrb|GoodasGold|MakeItRain,ShadowBall,NastyPlot,Protect||||||50|,,,,,Water]Ninetales-Alola||LightClay|SnowWarning|Blizzard,AuroraVeil,Disable,Encore|||F|||50|,,,,,Ghost]Rillaboom||AssaultVest|GrassySurge|FakeOut,GrassyGlide,DrumBeating,Uturn|||M|||50|,,,,,Fire
|showteam|p2|Indeedee-F||SitrusBerry|PsychicSurge|FollowMe,HelpingHand,Protect,Psychic|||F|||50|,,,,,Fairy]Blaziken||ClearAmulet|SpeedBoost|FlareBlitz,CloseCombat,Protect,Earthquake|||M|||50|,,,,,Fighting]Volcarona||LifeOrb|FlameBody|HeatWave,QuiverDance,BugBuzz,Protect|||M|||50|,,,,,Steel]Whimsicott||CovertCloak|Prankster|Tailwind,Encore,StunSpore,SunnyDay|||M|||50|,,,,,Poison]Greninja||FocusSash|Protean|Blizzard,Surf,DarkPulse,GrassKnot|||M|||50|,,,,,Water]Chandelure||ChoiceSpecs|FlashFire|HeatWave,Memento,WillOWisp,SolarBeam|||F|||50|,,,,,Fire
|inactive|Battle timer is ON: inactive players will automatically lose when time's up. (requested by spongebob601)
|inactive|spongebob601 has 60 seconds left.
|
|t:|1757841012
|teamsize|p1|4
|teamsize|p2|4
|start
|switch|p1a: Ninetales|Ninetales-Alola, L50, F|100/100
|switch|p1b: Incineroar|Incineroar, L50, M|100/100
|switch|p2a: Whimsicott|Whimsicott, L50, M|100/100
|switch|p2b: Chandelure|Chandelure, L50, F|100/100
|-weather|Snowscape|[from] ability: Snow Warning|[of] p1a: Ninetales
|-ability|p1b: Incineroar|Intimidate|boost
|-unboost|p2a: Whimsicott|atk|1
|-unboost|p2b: Chandelure|atk|1
|turn|1
|inactive|spongebob601 has 30 seconds left.
|inactive|spongebob601 has 20 seconds left.
|inactive|spongebob601 has 15 seconds left.
|
|t:|1757841053
|-terastallize|p1a: Ninetales|Ghost
|-terastallize|p2b: Chandelure|Fire
|move|p2a: Whimsicott|Tailwind|p2a: Whimsicott
|-sidestart|p2: dczcd|move: Tailwind
|move|p1a: Ninetales|Encore|p2a: Whimsicott
|-start|p2a: Whimsicott|Encore
|move|p2b: Chandelure|Heat Wave|p1b: Incineroar|[spread] p1a,p1b
|-resisted|p1b: Incineroar
|-damage|p1a: Ninetales|18/100
|-damage|p1b: Incineroar|65/100
|move|p1b: Incineroar|Knock Off|p2b: Chandelure
|-damage|p2b: Chandelure|60/100
|-enditem|p2b: Chandelure|Choice Specs|[from] move: Knock Off|[of] p1b: Incineroar
|
|-weather|Snowscape|[upkeep]
|upkeep
|turn|2
|inactive|spongebob601 has 30 seconds left.
|inactive|spongebob601 has 20 seconds left.
|
|t:|1757841092
|switch|p2a: Volcarona|Volcarona, L50, M|100/100
|move|p1a: Ninetales|Blizzard|p2b: Chandelure|[spread] p2a,p2b
|-resisted|p2a: Volcarona
|-resisted|p2b: Chandelure
|-damage|p2a: Volcarona|88/100
|-damage|p2b: Chandelure|47/100
|move|p2b: Chandelure|Heat Wave|p1b: Incineroar|[spread] p1a
|-miss|p2b: Chandelure|p1b: Incineroar
|-damage|p1a: Ninetales|0 fnt
|faint|p1a: Ninetales
|move|p1b: Incineroar|Knock Off|p2b: Chandelure
|-damage|p2b: Chandelure|18/100
|
|-weather|Snowscape|[upkeep]
|upkeep
|
|t:|1757841110
|switch|p1a: Rillaboom|Rillaboom, L50, M|100/100
|-fieldstart|move: Grassy Terrain|[from] ability: Grassy Surge|[of] p1a: Rillaboom
|turn|3
|
|t:|1757841130
|move|p2a: Volcarona|Protect|p2a: Volcarona
|-singleturn|p2a: Volcarona|Protect
|move|p1a: Rillaboom|Fake Out|p2b: Chandelure
|-damage|p2b: Chandelure|0 fnt
|faint|p2b: Chandelure
|move|p1b: Incineroar|Knock Off|p2a: Volcarona
|-activate|p2a: Volcarona|move: Protect
|
|-weather|Snowscape|[upkeep]
|-heal|p2a: Volcarona|94/100|[from] Grassy Terrain
|-heal|p1b: Incineroar|71/100|[from] Grassy Terrain
|upkeep
|
|t:|1757841141
|switch|p2b: Whimsicott|Whimsicott, L50, M|100/100
|turn|4
|inactive|spongebob601 has 30 seconds left.
|inactive|spongebob601 has 20 seconds left.
|inactive|spongebob601 has 15 seconds left.
|
|t:|1757841184
|move|p2b: Whimsicott|Encore|p1a: Rillaboom
|-start|p1a: Rillaboom|Encore
|move|p2a: Volcarona|Quiver Dance|p2a: Volcarona
|-boost|p2a: Volcarona|spa|1
|-boost|p2a: Volcarona|spd|1
|-boost|p2a: Volcarona|spe|1
|move|p1a: Rillaboom|Fake Out||[still]
|-hint|Fake Out only works on your first turn out.
|-fail|p1a: Rillaboom
|move|p1b: Incineroar|Flare Blitz|p2a: Volcarona
|-damage|p2a: Volcarona|29/100
|-damage|p1b: Incineroar|53/100|[from] Recoil
|
|-weather|Snowscape|[upkeep]
|-heal|p2a: Volcarona|35/100|[from] Grassy Terrain
|-heal|p1b: Incineroar|59/100|[from] Grassy Terrain
|-sideend|p2: dczcd|move: Tailwind
|upkeep
|turn|5
|inactive|spongebob601 has 30 seconds left.
|
|t:|1757841213
|move|p2a: Volcarona|Protect|p2a: Volcarona
|-singleturn|p2a: Volcarona|Protect
|move|p1a: Rillaboom|Fake Out||[still]
|-hint|Fake Out only works on your first turn out.
|-fail|p1a: Rillaboom
|move|p2b: Whimsicott|Stun Spore|p1b: Incineroar
|-hint|Since gen 7, Dark is immune to Prankster moves.
|-immune|p1b: Incineroar
|move|p1b: Incineroar|Flare Blitz|p2a: Volcarona
|-activate|p2a: Volcarona|move: Protect
|
|-weather|none
|-heal|p2a: Volcarona|41/100|[from] Grassy Terrain
|-heal|p1b: Incineroar|65/100|[from] Grassy Terrain
|upkeep
|turn|6
|inactive|spongebob601 has 30 seconds left.
|inactive|spongebob601 has 20 seconds left.
|inactive|spongebob601 has 15 seconds left.
|inactive|spongebob601 has 10 seconds left.
|
|t:|1757841262
|move|p1a: Rillaboom|Fake Out||[still]
|-hint|Fake Out only works on your first turn out.
|-fail|p1a: Rillaboom
|move|p2b: Whimsicott|Sunny Day|p2b: Whimsicott
|-weather|SunnyDay
|move|p2a: Volcarona|Heat Wave|p1a: Rillaboom|[spread] p1a,p1b
|-supereffective|p1a: Rillaboom
|-resisted|p1b: Incineroar
|-damage|p1a: Rillaboom|0 fnt
|-damage|p1b: Incineroar|16/100
|-enditem|p1b: Incineroar|Sitrus Berry|[eat]
|-heal|p1b: Incineroar|41/100|[from] item: Sitrus Berry
|faint|p1a: Rillaboom
|-damage|p2a: Volcarona|31/100|[from] item: Life Orb
|move|p1b: Incineroar|Flare Blitz|p2a: Volcarona
|-damage|p2a: Volcarona|0 fnt
|faint|p2a: Volcarona
|-damage|p1b: Incineroar|33/100|[from] Recoil
|
|-weather|SunnyDay|[upkeep]
|-heal|p1b: Incineroar|39/100|[from] Grassy Terrain
|upkeep
|
|t:|1757841283
|switch|p2a: Indeedee|Indeedee-F, L50, F|100/100
|switch|p1a: Sneasler|Sneasler, L50, F|100/100
|-fieldstart|move: Psychic Terrain|[from] ability: Psychic Surge|[of] p2a: Indeedee
|turn|7
|-message|dczcd forfeited.
|
|win|spongebob601
|l|☆dczcd
|player|p2|
||dczcd is ready for game 3.
||spongebob601 is ready for game 3.
|uhtml|next|Next: Game 3 of 3
