|j|☆Olciax34
|j|☆Gastrosophilipp
|html|Olciax34Gastrosophilipp    
|uhtml|bestof|Game 3 of a best-of-3
|t:|1784645483
|gametype|doubles
|player|p1|Olciax34|266|1233
|player|p2|Gastrosophilipp|juan|1286
|gen|9
|tier|[Gen 9 Champions] VGC 2026 Reg M-B (Bo3)
|rated|
|rule|Species Clause: Limit one of each Pokémon
|rule|Item Clause: Limit 1 of each item
|clearpoke
|poke|p1|Charizard, L50, F|
|poke|p1|Whimsicott, L50, F|
|poke|p1|Garchomp, L50, F|
|poke|p1|Incineroar, L50, M|
|poke|p1|Basculegion, L50, M|
|poke|p1|Floette-Eternal, L50, F|
|poke|p2|Espathra, L50, F|
|poke|p2|Ninetales-Alola, L50, M|
|poke|p2|Raichu, L50, M|
|poke|p2|Vaporeon, L50, M|
|poke|p2|Sinistcha, L50|
|poke|p2|Incineroar, L50, M|
|teampreview|4
|showteam|p1|Charizard||CharizarditeY|SolarPower|HeatWave,WeatherBall,SolarBeam,Protect|Modest||F|||50|]Whimsicott||FocusSash|Prankster|Moonblast,Tailwind,Encore,Protect|Timid||F|||50|]Garchomp||LifeOrb|RoughSkin|Earthquake,DragonClaw,RockSlide,Protect|Jolly||F|||50|]Incineroar||SitrusBerry|Intimidate|FakeOut,ThroatChop,FlareBlitz,PartingShot|Careful||M|||50|]Basculegion||ChoiceScarf|Adaptability|WaveCrash,FlipTurn,LastRespects,AquaJet|Jolly||M|||50|]Floette-Eternal||Floettite|FlowerVeil|DrainingKiss,Moonblast,CalmMind,Protect|Modest||F|||50|
|showteam|p2|Espathra||LifeOrb|SpeedBoost|LuminaCrash,EnergyBall,LightScreen,Protect|Timid||F|||50|]Ninetales-Alola||SitrusBerry|SnowWarning|Blizzard,FreezeDry,AuroraVeil,Protect|Timid||M|||50|]Raichu||RaichuniteY|LightningRod|ZapCannon,FocusBlast,FakeOut,Protect|Timid||M|||50|]Vaporeon||Leftovers|WaterAbsorb|Scald,IceBeam,CalmMind,Protect|Modest||M|||50|]Sinistcha||OccaBerry|Hospitality|MatchaGotcha,LifeDew,TrickRoom,RagePowder|Bold|||||50|]Incineroar||PasshoBerry|Intimidate|FlareBlitz,DarkestLariat,FakeOut,PartingShot|Careful||M|||50|
|inactive|Battle timer is ON: inactive players will automatically lose when time's up. (requested by Gastrosophilipp)
|
|t:|1784645509
|teamsize|p1|4
|teamsize|p2|4
|start
|switch|p1a: Incineroar|Incineroar, L50, M|100/100
|switch|p1b: Floette|Floette-Eternal, L50, F|100/100
|switch|p2a: Raichu|Raichu, L50, M|100/100
|switch|p2b: Vaporeon|Vaporeon, L50, M|100/100
|-ability|p1a: Incineroar|Intimidate|boost
|-unboost|p2a: Raichu|atk|1
|-unboost|p2b: Vaporeon|atk|1
|turn|1
|inactive|Gastrosophilipp has 30 seconds left.
|inactive|Gastrosophilipp has 20 seconds left.
|
|t:|1784645545
|detailschange|p2a: Raichu|Raichu-Mega-Y, L50, M
|-mega|p2a: Raichu|Raichu|Raichunite Y
|detailschange|p1b: Floette|Floette-Mega, L50, F
|-mega|p1b: Floette|Floette|Floettite
|-ability|p1b: Floette|Fairy Aura
|move|p1a: Incineroar|Fake Out|p2b: Vaporeon
|-damage|p2b: Vaporeon|89/100
|move|p2a: Raichu|Zap Cannon|p1b: Floette
|-damage|p1b: Floette|55/100
|-status|p1b: Floette|par
|cant|p2b: Vaporeon|flinch
|move|p1b: Floette|Calm Mind|p1b: Floette
|-boost|p1b: Floette|spa|1
|-boost|p1b: Floette|spd|1
|
|-heal|p2b: Vaporeon|95/100|[from] item: Leftovers
|upkeep
|turn|2
|inactive|Olciax34 has 30 seconds left.
|inactive|Gastrosophilipp has 30 seconds left.
|inactive|Gastrosophilipp has 20 seconds left.
|
|t:|1784645583
|move|p2a: Raichu|Zap Cannon|p1b: Floette
|-damage|p1b: Floette|25/100 par
|move|p2b: Vaporeon|Calm Mind|p2b: Vaporeon
|-boost|p2b: Vaporeon|spa|1
|-boost|p2b: Vaporeon|spd|1
|move|p1a: Incineroar|Parting Shot|p2a: Raichu
|-unboost|p2a: Raichu|atk|1
|-unboost|p2a: Raichu|spa|1
|
|t:|1784645597
|switch|p1a: Basculegion|Basculegion, L50, M|100/100|[from] Parting Shot
|move|p1b: Floette|Draining Kiss|p2a: Raichu
|-damage|p2a: Raichu|20/100r
|-heal|p1b: Floette|85/100 par|[from] drain|[of] p2a: Raichu
|
|-heal|p2b: Vaporeon|100/100|[from] item: Leftovers
|upkeep
|turn|3
|inactive|Gastrosophilipp has 30 seconds left.
|inactive|Gastrosophilipp has 20 seconds left.
|
|t:|1784645633
|move|p2a: Raichu|Protect|p2a: Raichu
|-singleturn|p2a: Raichu|Protect
|move|p1a: Basculegion|Flip Turn|p2a: Raichu
|-activate|p2a: Raichu|move: Protect
|move|p2b: Vaporeon|Scald|p1a: Basculegion
|-resisted|p1a: Basculegion|1
|-damage|p1a: Basculegion|69/100
|move|p1b: Floette|Calm Mind|p1b: Floette
|-boost|p1b: Floette|spa|1
|-boost|p1b: Floette|spd|1
|
|upkeep
|turn|4
|
|t:|1784645655
|switch|p2a: Sinistcha|Sinistcha, L50|100/100
|move|p1a: Basculegion|Flip Turn|p2a: Sinistcha
|-resisted|p2a: Sinistcha|1
|-damage|p2a: Sinistcha|83/100
|
|t:|1784645662
|switch|p1a: Garchomp|Garchomp, L50, F|100/100|[from] Flip Turn
|move|p2b: Vaporeon|Calm Mind|p2b: Vaporeon
|-boost|p2b: Vaporeon|spa|1
|-boost|p2b: Vaporeon|spd|1
|move|p1b: Floette|Moonblast|p2a: Sinistcha
|-damage|p2a: Sinistcha|0 fnt
|faint|p2a: Sinistcha
|
|upkeep
|
|t:|1784645676
|switch|p2a: Incineroar|Incineroar, L50, M|100/100
|-ability|p2a: Incineroar|Intimidate|boost
|-unboost|p1a: Garchomp|atk|1
|-unboost|p1b: Floette|atk|1
|turn|5
|inactive|Olciax34 has 30 seconds left.
|
|t:|1784645706
|cant|p1b: Floette|par
|move|p2a: Incineroar|Fake Out|p1b: Floette
|-damage|p1b: Floette|74/100 par
|move|p1a: Garchomp|Earthquake|p2a: Incineroar|[spread] p1b,p2a,p2b
|-supereffective|p2a: Incineroar|1
|-damage|p1b: Floette|40/100 par
|-damage|p2a: Incineroar|44/100
|-damage|p2b: Vaporeon|66/100
|-damage|p1a: Garchomp|90/100|[from] item: Life Orb
|move|p2b: Vaporeon|Scald|p1a: Garchomp
|-damage|p1a: Garchomp|16/100
|
|-heal|p2b: Vaporeon|72/100|[from] item: Leftovers
|upkeep
|turn|6
|inactive|Olciax34 has 30 seconds left.
|
|t:|1784645735
|move|p1b: Floette|Protect|p1b: Floette
|-singleturn|p1b: Floette|Protect
|move|p1a: Garchomp|Earthquake|p2a: Incineroar|[spread] p2a,p2b
|-activate|p1b: Floette|move: Protect
|-supereffective|p2a: Incineroar|1
|-damage|p2a: Incineroar|0 fnt
|-damage|p2b: Vaporeon|39/100
|faint|p2a: Incineroar
|-damage|p1a: Garchomp|7/100|[from] item: Life Orb
|move|p2b: Vaporeon|Scald|p1b: Floette
|-activate|p1b: Floette|move: Protect
|
|-heal|p2b: Vaporeon|45/100|[from] item: Leftovers
|upkeep
|
|t:|1784645748
|switch|p2a: Raichu|Raichu-Mega-Y, L50, M|20/100r
|turn|7
|inactive|Gastrosophilipp has 30 seconds left.
|inactive|Gastrosophilipp has 20 seconds left.
|
|t:|1784645787
|move|p2a: Raichu|Fake Out|p1b: Floette
|-damage|p1b: Floette|31/100 par
|move|p1a: Garchomp|Earthquake|p2a: Raichu|[spread] p1b,p2a,p2b
|-supereffective|p2a: Raichu|1
|-damage|p1b: Floette|0 fnt
|-damage|p2a: Raichu|0 fnt
|-damage|p2b: Vaporeon|12/100
|faint|p1b: Floette
|faint|p2a: Raichu
|-damage|p1a: Garchomp|0 fnt|[from] item: Life Orb
|faint|p1a: Garchomp
|move|p2b: Vaporeon|Scald|p1: Garchomp|[notarget]
|-fail|p2b: Vaporeon
|
|-heal|p2b: Vaporeon|18/100|[from] item: Leftovers
|upkeep
|
|t:|1784645802
|switch|p1a: Incineroar|Incineroar, L50, M|100/100
|switch|p1b: Basculegion|Basculegion, L50, M|69/100
|-ability|p1a: Incineroar|Intimidate|boost
|-unboost|p2b: Vaporeon|atk|1
|turn|8
|
|t:|1784645815
|move|p2b: Vaporeon|Protect|p2b: Vaporeon
|-singleturn|p2b: Vaporeon|Protect
|move|p1a: Incineroar|Fake Out|p2b: Vaporeon
|-activate|p2b: Vaporeon|move: Protect
|move|p1b: Basculegion|Last Respects|p2b: Vaporeon
|-activate|p2b: Vaporeon|move: Protect
|
|-heal|p2b: Vaporeon|24/100|[from] item: Leftovers
|upkeep
|turn|9
|-message|Gastrosophilipp forfeited.
|
|win|Olciax34
|raw|Olciax34's rating: 1233 → 1262(+29 for winning)
|raw|Gastrosophilipp's rating: 1286 → 1257(-29 for losing)
