|j|☆ZilverZurfer
|j|☆Truevillany123
|html|ZilverZurferTruevillany123    
|uhtml|bestof|Game 1 of a best-of-3
|t:|1757703430
|gametype|doubles
|player|p1|ZilverZurfer|169|1177
|player|p2|Truevillany123|1|1139
|gen|9
|tier|[Gen 9] VGC 2025 Reg H (Bo3)
|rated|
|rule|Species Clause: Limit one of each Pokémon
|rule|Item Clause: Limit 1 of each item
|clearpoke
|poke|p1|Torkoal, L50, F|
|poke|p1|Lilligant-Hisui, L50, F|
|poke|p1|Indeedee-F, L50, F|
|poke|p1|Hatterene, L50, F|
|poke|p1|Gallade, L50, M|
|poke|p1|Ursaluna, L50, M|
|poke|p2|Dragonite, L50, M|
|poke|p2|Ursaluna-Bloodmoon, L50, M|
|poke|p2|Gholdengo, L50|
|poke|p2|Annihilape, L50, F|
|poke|p2|Ninetales-Alola, L50, F|
|poke|p2|Rillaboom, L50, F|
|teampreview|4
|showteam|p1|Torkoal||ChoiceSpecs|Drought|Eruption,HeatWave,EarthPower,WeatherBall|||F|||50|,,,,,Fire]Lilligant-Hisui||FocusSash|Chlorophyll|Protect,AfterYou,CloseCombat,SolarBlade|||F|||50|,,,,,Ghost]Indeedee-F||PsychicSeed|PsychicSurge|Psychic,HelpingHand,TrickRoom,FollowMe|||F|||50|,,,,,Water]Hatterene||LifeOrb|MagicBounce|Protect,ExpandingForce,DazzlingGleam,TrickRoom|||F|||50|,,,,,Fire]Gallade||ClearAmulet|Sharpness|SacredSword,PsychoCut,TrickRoom,WideGuard|||M|||50|,,,,,Grass]Ursaluna||FlameOrb|Guts|Protect,HeadlongRush,Earthquake,Facade|||M|||50|,,,,,Ghost
|showteam|p2|Dragonite||LoadedDice|Multiscale|ScaleShot,Protect,Haze,Tailwind|||M|||50|,,,,,Fairy]Ursaluna-Bloodmoon||LifeOrb|MindsEye|BloodMoon,HyperVoice,EarthPower,Protect|||M|||50|,,,,,Normal]Gholdengo||ChoiceSpecs|GoodasGold|MakeItRain,ShadowBall,PowerGem,Trick||||||50|,,,,,Steel]Annihilape||SitrusBerry|Defiant|DrainPunch,RageFist,Protect,BulkUp|||F|||50|,,,,,Fire]Ninetales-Alola||FocusSash|SnowWarning|FreezeDry,AuroraVeil,Encore,IcicleSpear|||F|||50|,,,,,Ghost]Rillaboom||AssaultVest|GrassySurge|FakeOut,WoodHammer,HighHorsepower,Uturn|||F|||50|,,,,,Fire
|inactive|Battle timer is ON: inactive players will automatically lose when time's up. (requested by ZilverZurfer)
|
|t:|1757703466
|teamsize|p1|4
|teamsize|p2|4
|start
|switch|p1a: Indeedee|Indeedee-F, L50, F|100/100
|switch|p1b: Gallade|Gallade, L50, M|100/100
|switch|p2a: Gholdengo|Gholdengo, L50|100/100
|switch|p2b: Ninetales|Ninetales-Alola, L50, F|100/100
|-weather|Snowscape|[from] ability: Snow Warning|[of] p2b: Ninetales
|-fieldstart|move: Psychic Terrain|[from] ability: Psychic Surge|[of] p1a: Indeedee
|-enditem|p1a: Indeedee|Psychic Seed
|-boost|p1a: Indeedee|spd|1|[from] item: Psychic Seed
|turn|1
|inactive|ZilverZurfer has 30 seconds left.
|
|t:|1757703495
|move|p1b: Gallade|Wide Guard|p1b: Gallade
|-singleturn|p1b: Gallade|Wide Guard
|move|p2b: Ninetales|Aurora Veil|p2b: Ninetales
|-sidestart|p2: Truevillany123|move: Aurora Veil
|move|p2a: Gholdengo|Trick|p1a: Indeedee
|-activate|p2a: Gholdengo|move: Trick|[of] p1a: Indeedee
|-item|p1a: Indeedee|Choice Specs|[from] move: Trick
|-enditem|p2a: Gholdengo|Choice Specs|[silent]|[from] move: Trick
|move|p1a: Indeedee|Trick Room|p1a: Indeedee
|-fieldstart|move: Trick Room|[of] p1a: Indeedee
|
|-weather|Snowscape|[upkeep]
|upkeep
|turn|2
|inactive|ZilverZurfer has 30 seconds left.
|inactive|Truevillany123 has 30 seconds left.
|inactive|ZilverZurfer has 20 seconds left.
|inactive|Truevillany123 has 20 seconds left.
|
|t:|1757703534
|switch|p1a: Hatterene|Hatterene, L50, F|100/100
|switch|p2b: Rillaboom|Rillaboom, L50, F|100/100
|-fieldstart|move: Grassy Terrain|[from] ability: Grassy Surge|[of] p2b: Rillaboom
|move|p1b: Gallade|Psycho Cut|p2b: Rillaboom
|-damage|p2b: Rillaboom|59/100
|move|p2a: Gholdengo|Shadow Ball|p1a: Hatterene
|-supereffective|p1a: Hatterene
|-damage|p1a: Hatterene|1/100
|-unboost|p1a: Hatterene|spd|1
|
|-weather|Snowscape|[upkeep]
|-heal|p1a: Hatterene|7/100|[from] Grassy Terrain
|-heal|p2b: Rillaboom|65/100|[from] Grassy Terrain
|upkeep
|turn|3
|inactive|Truevillany123 has 30 seconds left.
|
|t:|1757703567
|switch|p1b: Indeedee|Indeedee-F, L50, F|100/100
|-fieldstart|move: Psychic Terrain|[from] ability: Psychic Surge|[of] p1b: Indeedee
|switch|p2b: Dragonite|Dragonite, L50, M, shiny|100/100
|move|p1a: Hatterene|Expanding Force|p2b: Dragonite|[spread] p2a,p2b
|-resisted|p2a: Gholdengo
|-crit|p2a: Gholdengo
|-damage|p2a: Gholdengo|25/100
|-damage|p2b: Dragonite|67/100
|-damage|p1a: Hatterene|0 fnt|[from] item: Life Orb
|faint|p1a: Hatterene
|move|p2a: Gholdengo|Make It Rain|p1b: Indeedee
|-damage|p1b: Indeedee|34/100
|-unboost|p2a: Gholdengo|spa|1
|
|-weather|Snowscape|[upkeep]
|upkeep
|
|t:|1757703587
|switch|p1a: Torkoal|Torkoal, L50, F|100/100
|-weather|SunnyDay|[from] ability: Drought|[of] p1a: Torkoal
|turn|4
|
|t:|1757703600
|-terastallize|p1a: Torkoal|Fire
|move|p2b: Dragonite|Protect|p2b: Dragonite
|-singleturn|p2b: Dragonite|Protect
|move|p1a: Torkoal|Eruption|p2b: Dragonite|[spread] p2a
|-activate|p2b: Dragonite|move: Protect
|-supereffective|p2a: Gholdengo
|-damage|p2a: Gholdengo|0 fnt
|faint|p2a: Gholdengo
|move|p1b: Indeedee|Psychic|p2b: Dragonite
|-activate|p2b: Dragonite|move: Protect
|
|-weather|SunnyDay|[upkeep]
|upkeep
|
|t:|1757703612
|switch|p2a: Rillaboom|Rillaboom, L50, F|65/100
|-fieldstart|move: Grassy Terrain|[from] ability: Grassy Surge|[of] p2a: Rillaboom
|turn|5
|
|t:|1757703622
|switch|p1a: Gallade|Gallade, L50, M|100/100
|move|p2a: Rillaboom|Fake Out|p1a: Gallade
|-damage|p1a: Gallade|81/100
|move|p1b: Indeedee|Psychic|p2b: Dragonite
|-damage|p2b: Dragonite|32/100
|-unboost|p2b: Dragonite|spd|1
|move|p2b: Dragonite|Scale Shot|p1b: Indeedee|[miss]
|-miss|p2b: Dragonite|p1b: Indeedee
|
|-weather|SunnyDay|[upkeep]
|-heal|p1a: Gallade|87/100|[from] Grassy Terrain
|-heal|p1b: Indeedee|41/100|[from] Grassy Terrain
|-heal|p2a: Rillaboom|71/100|[from] Grassy Terrain
|-sideend|p2: Truevillany123|move: Aurora Veil
|-fieldend|move: Trick Room
|upkeep
|turn|6
|inactive|ZilverZurfer has 30 seconds left.
|
|t:|1757703650
|move|p2b: Dragonite|Scale Shot|p1a: Gallade
|-damage|p1a: Gallade|68/100
|-damage|p1a: Gallade|49/100
|-damage|p1a: Gallade|27/100
|-damage|p1a: Gallade|7/100
|-damage|p1a: Gallade|0 fnt
|faint|p1a: Gallade
|-hitcount|p1: Gallade|5
|-unboost|p2b: Dragonite|def|1
|-boost|p2b: Dragonite|spe|1
|move|p2a: Rillaboom|Wood Hammer|p1b: Indeedee
|-damage|p1b: Indeedee|0 fnt
|faint|p1b: Indeedee
|-damage|p2a: Rillaboom|59/100|[from] Recoil
|
|-weather|SunnyDay|[upkeep]
|-heal|p2a: Rillaboom|66/100|[from] Grassy Terrain
|upkeep
|
|t:|1757703663
|switch|p1b: Torkoal|Torkoal, L50, F, tera:Fire|100/100
|turn|7
|
|t:|1757703674
|switch|p2a: Ninetales|Ninetales-Alola, L50, F|100/100
|-weather|Snowscape|[from] ability: Snow Warning|[of] p2a: Ninetales
|move|p2b: Dragonite|Scale Shot|p1b: Torkoal
|-damage|p1b: Torkoal|89/100
|-damage|p1b: Torkoal|77/100
|-damage|p1b: Torkoal|66/100
|-damage|p1b: Torkoal|54/100
|-hitcount|p1b: Torkoal|4
|-unboost|p2b: Dragonite|def|1
|-boost|p2b: Dragonite|spe|1
|move|p1b: Torkoal|Heat Wave|p2b: Dragonite|[spread] p2a,p2b
|-supereffective|p2a: Ninetales
|-resisted|p2b: Dragonite
|-crit|p2b: Dragonite
|-enditem|p2a: Ninetales|Focus Sash
|-damage|p2a: Ninetales|1/100
|-damage|p2b: Dragonite|0 fnt
|-status|p2a: Ninetales|brn
|faint|p2b: Dragonite
|
|-weather|Snowscape|[upkeep]
|-heal|p2a: Ninetales|7/100 brn|[from] Grassy Terrain
|-heal|p1b: Torkoal|60/100|[from] Grassy Terrain
|-damage|p2a: Ninetales|1/100 brn|[from] brn
|upkeep
|
|t:|1757703692
|switch|p2b: Rillaboom|Rillaboom, L50, F|66/100
|turn|8
|
|t:|1757703707
|move|p2b: Rillaboom|Fake Out|p1b: Torkoal
|-damage|p1b: Torkoal|49/100
|move|p2a: Ninetales|Freeze-Dry|p1b: Torkoal
|-resisted|p1b: Torkoal
|-damage|p1b: Torkoal|30/100
|cant|p1b: Torkoal|flinch
|
|-weather|Snowscape|[upkeep]
|-heal|p2a: Ninetales|7/100 brn|[from] Grassy Terrain
|-heal|p2b: Rillaboom|72/100|[from] Grassy Terrain
|-heal|p1b: Torkoal|36/100|[from] Grassy Terrain
|-damage|p2a: Ninetales|1/100 brn|[from] brn
|upkeep
|turn|9
|
|t:|1757703721
|-terastallize|p2b: Rillaboom|Fire
|move|p2a: Ninetales|Freeze-Dry|p1b: Torkoal
|-resisted|p1b: Torkoal
|-damage|p1b: Torkoal|17/100
|-status|p1b: Torkoal|frz
|move|p2b: Rillaboom|Wood Hammer|p1b: Torkoal
|-resisted|p1b: Torkoal
|-damage|p1b: Torkoal|0 fnt
|faint|p1b: Torkoal
|-damage|p2b: Rillaboom|67/100|[from] Recoil
|
|win|Truevillany123
||ZilverZurfer is ready for game 2.
|inactive|Truevillany123 has 30 seconds to confirm battle start!
|inactive|Truevillany123 has 20 seconds to confirm battle start!
||Truevillany123 is ready for game 2.
|uhtml|next|Next: Game 2 of 3
