|j|☆Zurneus
|j|☆SomeKidJon
|html|ZurneusSomeKidJon    
|uhtml|bestof|Game 2 of a best-of-3
|t:|1756184392
|gametype|doubles
|player|p1|Zurneus|silver|1166
|player|p2|SomeKidJon|scientistf|1186
|gen|9
|tier|[Gen 9] VGC 2025 Reg H (Bo3)
|rated|
|rule|Species Clause: Limit one of each Pokémon
|rule|Item Clause: Limit 1 of each item
|clearpoke
|poke|p1|Gyarados, L50, F|
|poke|p1|Indeedee, L50, M|
|poke|p1|Volcarona, L50, M|
|poke|p1|Excadrill, L50, M|
|poke|p1|Amoonguss, L50, M|
|poke|p1|Tyranitar, L50, F|
|poke|p2|Zoroark-Hisui, L50, M|
|poke|p2|Serperior, L50, F|
|poke|p2|Basculegion, L50, M|
|poke|p2|Pelipper, L50, M|
|poke|p2|Kingambit, L50, F|
|poke|p2|Baxcalibur, L50, F|
|teampreview|4
|showteam|p1|Gyarados||SafetyGoggles|Intimidate|Taunt,ThunderWave,Waterfall,Protect|||F|||50|,,,,,Steel]Indeedee||ChoiceScarf|PsychicSurge|DazzlingGleam,TeraBlast,Trick,ExpandingForce|||M|||50|,,,,,Psychic]Volcarona||LifeOrb|FlameBody|HeatWave,Tailwind,TeraBlast,Protect|||M|||50|,,,,,Fairy]Excadrill||ClearAmulet|SandRush|Protect,Earthquake,HighHorsepower,IronHead|||M|||50|,,,,,Ghost]Amoonguss||SitrusBerry|Regenerator|Protect,ClearSmog,RagePowder,Spore|||M|||50|,,,,,Water]Tyranitar||AssaultVest|SandStream|LowKick,TeraBlast,KnockOff,RockSlide|||F|||50|,,,,,Flying
|showteam|p2|Zoroark-Hisui||ChoiceSpecs|Illusion|TeraBlast,HyperVoice,Snarl,ShadowBall|||M|||50|,,,,,Stellar]Serperior||LightClay|Contrary|LeafStorm,Reflect,LightScreen,HelpingHand|||F|||50|,,,,,Water]Basculegion||ChoiceBand|SwiftSwim|WaveCrash,LastRespects,AquaJet,FlipTurn|||M|||50|,,,,,Water]Pelipper||FocusSash|Drizzle|HelpingHand,Tailwind,WeatherBall,Hurricane|||M|||50|,,,,,Dragon]Kingambit||AssaultVest|Defiant|KowtowCleave,SuckerPunch,LowKick,IronHead|||F|||50|,,,,,Fairy]Baxcalibur||ClearAmulet|ThermalExchange|IceShard,GlaiveRush,Protect,SwordsDance|||F|||50|,,,,,Poison
|
|t:|1756184421
|teamsize|p1|4
|teamsize|p2|4
|start
|switch|p1a: Volcarona|Volcarona, L50, M|100/100
|switch|p1b: Indeedee|Indeedee, L50, M|100/100
|switch|p2a: Maelle|Kingambit, L50, F, shiny|100/100
|switch|p2b: Monocco|Basculegion, L50, M|100/100
|-fieldstart|move: Psychic Terrain|[from] ability: Psychic Surge|[of] p1b: Indeedee
|turn|1
|
|t:|1756184440
|switch|p1b: Amoonguss|Amoonguss, L50, M|100/100
|switch|p2a: Esquie|Pelipper, L50, M|100/100
|-weather|RainDance|[from] ability: Drizzle|[of] p2a: Esquie
|move|p1a: Volcarona|Protect|p1a: Volcarona
|-singleturn|p1a: Volcarona|Protect
|move|p2b: Monocco|Wave Crash|p1b: Amoonguss
|-resisted|p1b: Amoonguss
|-damage|p1b: Amoonguss|49/100
|-enditem|p1b: Amoonguss|Sitrus Berry|[eat]
|-heal|p1b: Amoonguss|74/100|[from] item: Sitrus Berry
|-damage|p2b: Monocco|81/100|[from] Recoil
|
|-weather|RainDance|[upkeep]
|upkeep
|turn|2
|
|t:|1756184486
|-terastallize|p1a: Volcarona|Fairy
|move|p2a: Esquie|Helping Hand|p2b: Monocco
|-singleturn|p2b: Monocco|Helping Hand|[of] p2a: Esquie
|move|p1b: Amoonguss|Rage Powder|p1b: Amoonguss
|-singleturn|p1b: Amoonguss|move: Rage Powder
|move|p2b: Monocco|Wave Crash|p1b: Amoonguss
|-resisted|p1b: Amoonguss
|-damage|p1b: Amoonguss|0 fnt
|faint|p1b: Amoonguss
|-damage|p2b: Monocco|54/100|[from] Recoil
|move|p1a: Volcarona|Tera Blast|p2b: Monocco|[anim] Tera Blast Fairy
|-damage|p2b: Monocco|0 fnt
|faint|p2b: Monocco
|-damage|p1a: Volcarona|91/100|[from] item: Life Orb
|
|-weather|RainDance|[upkeep]
|upkeep
|
|t:|1756184502
|switch|p2b: Sciel|Serperior, L50, F|100/100
|switch|p1b: Tyranitar|Tyranitar, L50, F|100/100
|-weather|Sandstorm|[from] ability: Sand Stream|[of] p1b: Tyranitar
|turn|3
|
|t:|1756184514
|move|p2b: Sciel|Reflect|p2b: Sciel
|-sidestart|p2: SomeKidJon|Reflect
|move|p1a: Volcarona|Tailwind|p1a: Volcarona
|-sidestart|p1: Zurneus|move: Tailwind
|move|p1b: Tyranitar|Rock Slide|p2b: Sciel|[spread] p2a,p2b
|-supereffective|p2a: Esquie
|-damage|p2a: Esquie|46/100
|-damage|p2b: Sciel|79/100
|cant|p2a: Esquie|flinch
|
|-weather|Sandstorm|[upkeep]
|-damage|p1a: Volcarona|85/100|[from] Sandstorm
|-damage|p2b: Sciel|72/100|[from] Sandstorm
|-damage|p2a: Esquie|40/100|[from] Sandstorm
|upkeep
|turn|4
|
|t:|1756184527
|move|p2a: Esquie|Helping Hand|p2b: Sciel
|-singleturn|p2b: Sciel|Helping Hand|[of] p2a: Esquie
|move|p1a: Volcarona|Tera Blast|p2b: Sciel|[anim] Tera Blast Fairy
|-damage|p2b: Sciel|10/100
|-damage|p1a: Volcarona|75/100|[from] item: Life Orb
|move|p2b: Sciel|Leaf Storm|p1a: Volcarona
|-crit|p1a: Volcarona
|-damage|p1a: Volcarona|0 fnt
|-boost|p2b: Sciel|spa|2
|faint|p1a: Volcarona
|move|p1b: Tyranitar|Rock Slide|p2a: Esquie|[spread] p2b
|-miss|p1b: Tyranitar|p2a: Esquie
|-damage|p2b: Sciel|0 fnt
|faint|p2b: Sciel
|
|-weather|Sandstorm|[upkeep]
|-damage|p2a: Esquie|35/100|[from] Sandstorm
|upkeep
|
|t:|1756184543
|switch|p2b: Maelle|Kingambit, L50, F, shiny|100/100
|switch|p1a: Indeedee|Indeedee, L50, M|100/100
|turn|5
|
|t:|1756184555
|-terastallize|p2b: Maelle|Fairy
|move|p1a: Indeedee|Trick|p2b: Maelle
|-activate|p1a: Indeedee|move: Trick|[of] p2b: Maelle
|-item|p2b: Maelle|Choice Scarf|[from] move: Trick
|-item|p1a: Indeedee|Assault Vest|[from] move: Trick
|move|p1b: Tyranitar|Rock Slide|p2a: Esquie|[spread] p2a,p2b
|-supereffective|p2a: Esquie
|-crit|p2b: Maelle
|-damage|p2a: Esquie|0 fnt
|-damage|p2b: Maelle|67/100
|faint|p2a: Esquie
|move|p2b: Maelle|Low Kick|p1b: Tyranitar
|-supereffective|p1b: Tyranitar
|-damage|p1b: Tyranitar|0 fnt
|faint|p1b: Tyranitar
|
|-weather|Sandstorm|[upkeep]
|-damage|p1a: Indeedee|95/100|[from] Sandstorm
|-damage|p2b: Maelle|61/100|[from] Sandstorm
|-fieldend|move: Psychic Terrain
|upkeep
|turn|6
|
|t:|1756184575
|move|p1a: Indeedee|Expanding Force|p2b: Maelle
|-crit|p2b: Maelle
|-damage|p2b: Maelle|0 fnt
|faint|p2b: Maelle
|
|win|Zurneus
||SomeKidJon is ready for game 3.
||Zurneus is ready for game 3.
|uhtml|next|Next: Game 3 of 3
