|j|☆coberdt
|j|☆LukarioVGC
|html|coberdtLukarioVGC    
|uhtml|bestof|Game 2 of a best-of-3
|t:|1785431964
|gametype|doubles
|player|p1|coberdt|lebanne|1306
|player|p2|LukarioVGC|wallace|1196
|gen|9
|tier|[Gen 9 Champions] VGC 2026 Reg M-B (Bo3)
|rated|
|rule|Species Clause: Limit one of each Pokémon
|rule|Item Clause: Limit 1 of each item
|clearpoke
|poke|p1|Staraptor, L50, F|
|poke|p1|Delphox, L50, M|
|poke|p1|Whimsicott, L50, F|
|poke|p1|Garchomp, L50, F|
|poke|p1|Kingambit, L50, F|
|poke|p1|Glimmora, L50, F|
|poke|p2|Blaziken, L50, F|
|poke|p2|Aerodactyl, L50, M|
|poke|p2|Kingambit, L50, M|
|poke|p2|Basculegion, L50, M|
|poke|p2|Sylveon, L50, M|
|poke|p2|Torkoal, L50, M|
|teampreview|4
|showteam|p1|Staraptor||Staraptite|Intimidate|CloseCombat,BraveBird,Roost,Protect|Jolly||F|||50|]Delphox||Delphoxite|Blaze|HeatWave,Psychic,Substitute,Protect|Timid||M|||50|]Whimsicott||OccaBerry|Prankster|Tailwind,Moonblast,Charm,LightScreen|Timid||F|||50|]Garchomp||LifeOrb|RoughSkin|Earthquake,DragonClaw,RockSlide,Protect|Jolly||F|||50|]Kingambit||ChopleBerry|Defiant|KowtowCleave,SuckerPunch,IronHead,Protect|Adamant||F|||50|]Glimmora||FocusSash|ToxicDebris|PowerGem,SludgeBomb,EarthPower,SpikyShield|Modest||F|||50|
|showteam|p2|Blaziken||Blazikenite|SpeedBoost|FlareBlitz,CloseCombat,Protect,RockSlide|Adamant||F|||50|]Aerodactyl||Aerodactylite|Unnerve|RockSlide,DualWingbeat,IceFang,Tailwind|Jolly||M|||50|]Kingambit||LifeOrb|Defiant|KowtowCleave,Protect,IronHead,SuckerPunch|Adamant||M|||50|]Basculegion||FocusSash|Adaptability|Liquidation,Protect,LastRespects,AquaJet|Adamant||M|||50|]Sylveon||FairyFeather|Pixilate|HyperVoice,Moonblast,QuickAttack,Protect|Modest||M|||50|]Torkoal||Leftovers|Drought|BurningJealousy,WeatherBall,Protect,Yawn|Relaxed||M|||50|
|inactive|Battle timer is ON: inactive players will automatically lose when time's up. (requested by LukarioVGC)
|inactive|coberdt has 60 seconds left.
|
|t:|1785431997
|teamsize|p1|4
|teamsize|p2|4
|start
|switch|p1a: Whimsicott|Whimsicott, L50, F|100/100
|switch|p1b: Staraptor|Staraptor, L50, F|100/100
|switch|p2a: Aerodactyl|Aerodactyl, L50, M|100/100
|switch|p2b: Kingambit|Kingambit, L50, M|100/100
|-ability|p2a: Aerodactyl|Unnerve
|-ability|p1b: Staraptor|Intimidate|boost
|-unboost|p2a: Aerodactyl|atk|1
|-unboost|p2b: Kingambit|atk|1
|-ability|p2b: Kingambit|Defiant|boost
|-boost|p2b: Kingambit|atk|2
|turn|1
|inactive|LukarioVGC has 30 seconds left.
|inactive|LukarioVGC has 20 seconds left.
|inactive|LukarioVGC has 15 seconds left.
|
|t:|1785432038
|detailschange|p1b: Staraptor|Staraptor-Mega, L50, F
|-mega|p1b: Staraptor|Staraptor|Staraptite
|move|p1a: Whimsicott|Tailwind|p1a: Whimsicott
|-sidestart|p1: coberdt|move: Tailwind
|move|p1b: Staraptor|Close Combat|p2b: Kingambit
|-supereffective|p2b: Kingambit|2
|-damage|p2b: Kingambit|0 fnt
|-boost|p1b: Staraptor|def|1
|-boost|p1b: Staraptor|spd|1
|faint|p2b: Kingambit
|move|p2a: Aerodactyl|Dual Wingbeat|p1a: Whimsicott
|-supereffective|p1a: Whimsicott|1
|-damage|p1a: Whimsicott|77/100
|-supereffective|p1a: Whimsicott|1
|-damage|p1a: Whimsicott|52/100
|-hitcount|p1a: Whimsicott|2
|
|upkeep
|
|t:|1785432057
|switch|p2b: Sylveon|Sylveon, L50, M|100/100
|turn|2
|
|t:|1785432073
|detailschange|p2a: Aerodactyl|Aerodactyl-Mega, L50, M
|-mega|p2a: Aerodactyl|Aerodactyl|Aerodactylite
|move|p2b: Sylveon|Protect|p2b: Sylveon
|-singleturn|p2b: Sylveon|Protect
|move|p1a: Whimsicott|Light Screen|p1a: Whimsicott
|-sidestart|p1: coberdt|move: Light Screen
|move|p1b: Staraptor|Close Combat|p2a: Aerodactyl
|-damage|p2a: Aerodactyl|34/100
|-boost|p1b: Staraptor|def|1
|-boost|p1b: Staraptor|spd|1
|move|p2a: Aerodactyl|Dual Wingbeat|p1b: Staraptor
|-supereffective|p1b: Staraptor|1
|-damage|p1b: Staraptor|83/100
|-supereffective|p1b: Staraptor|1
|-damage|p1b: Staraptor|67/100
|-hitcount|p1b: Staraptor|2
|
|upkeep
|turn|3
|
|t:|1785432092
|move|p1b: Staraptor|Brave Bird|p2b: Sylveon
|-damage|p2b: Sylveon|28/100
|-damage|p1b: Staraptor|45/100|[from] Recoil
|move|p1a: Whimsicott|Moonblast|p2a: Aerodactyl
|-damage|p2a: Aerodactyl|3/100
|move|p2a: Aerodactyl|Tailwind|p2a: Aerodactyl
|-sidestart|p2: LukarioVGC|move: Tailwind
|move|p2b: Sylveon|Hyper Voice|p1a: Whimsicott|[spread] p1a,p1b
|-supereffective|p1b: Staraptor|1
|-crit|p1b: Staraptor
|-damage|p1a: Whimsicott|9/100
|-damage|p1b: Staraptor|0 fnt
|faint|p1b: Staraptor
|
|upkeep
|
|t:|1785432103
|switch|p1b: Garchomp|Garchomp, L50, F|100/100
|turn|4
|inactive|LukarioVGC has 30 seconds left.
|
|t:|1785432131
|switch|p1a: Glimmora|Glimmora, L50, F|100/100
|move|p2b: Sylveon|Protect|p2b: Sylveon
|-singleturn|p2b: Sylveon|Protect
|move|p2a: Aerodactyl|Ice Fang|p1a: Glimmora
|-damage|p1a: Glimmora|77/100
|-activate|p1a: Glimmora|ability: Toxic Debris
|-sidestart|p2: LukarioVGC|move: Toxic Spikes
|move|p1b: Garchomp|Rock Slide|p2b: Sylveon|[spread] p2a
|-activate|p2b: Sylveon|move: Protect
|-supereffective|p2a: Aerodactyl|1
|-damage|p2a: Aerodactyl|0 fnt
|faint|p2a: Aerodactyl
|-damage|p1b: Garchomp|90/100|[from] item: Life Orb
|
|-sideend|p1: coberdt|move: Tailwind
|upkeep
|
|t:|1785432142
|switch|p2a: Blaziken|Blaziken, L50, F|100/100
|-status|p2a: Blaziken|psn
|turn|5
|inactive|coberdt has 30 seconds left.
|
|t:|1785432170
|move|p1b: Garchomp|Protect|p1b: Garchomp
|-singleturn|p1b: Garchomp|Protect
|move|p2a: Blaziken|Close Combat|p1a: Glimmora
|-damage|p1a: Glimmora|1/100
|-unboost|p2a: Blaziken|def|1
|-unboost|p2a: Blaziken|spd|1
|-activate|p1a: Glimmora|ability: Toxic Debris
|-sidestart|p2: LukarioVGC|move: Toxic Spikes
|move|p2b: Sylveon|Hyper Voice|p1b: Garchomp|[spread] p1a
|-activate|p1b: Garchomp|move: Protect
|-resisted|p1a: Glimmora|1
|-damage|p1a: Glimmora|0 fnt
|faint|p1a: Glimmora
|
|-damage|p2a: Blaziken|87/100 psn|[from] psn
|-ability|p2a: Blaziken|Speed Boost|boost
|-boost|p2a: Blaziken|spe|1
|upkeep
|
|t:|1785432179
|switch|p1a: Whimsicott|Whimsicott, L50, F|9/100
|turn|6
|
|t:|1785432193
|move|p2b: Sylveon|Quick Attack|p1a: Whimsicott
|-damage|p1a: Whimsicott|0 fnt
|faint|p1a: Whimsicott
|move|p2a: Blaziken|Rock Slide|p1b: Garchomp
|-resisted|p1b: Garchomp|1
|-damage|p1b: Garchomp|76/100
|move|p1b: Garchomp|Earthquake|p2a: Blaziken|[spread] p2a,p2b
|-supereffective|p2a: Blaziken|1
|-damage|p2a: Blaziken|0 fnt
|-damage|p2b: Sylveon|0 fnt
|faint|p2a: Blaziken
|faint|p2b: Sylveon
|-damage|p1b: Garchomp|66/100|[from] item: Life Orb
|
|win|coberdt
||LukarioVGC is ready for game 3.
||coberdt is ready for game 3.
|uhtml|next|Next: Game 3 of 3
|l|☆coberdt
|player|p1|
