|j|☆Notaplaceofhonor
|j|☆jstestng
|html|Notaplaceofhonorjstestng    
|uhtml|bestof|Game 3 of a best-of-3
|t:|1756275943
|gametype|doubles
|player|p1|Notaplaceofhonor|juan-gen3|1170
|player|p2|jstestng|pokemonbreeder-gen4|1013
|gen|9
|tier|[Gen 9] VGC 2025 Reg H (Bo3)
|rated|
|rule|Species Clause: Limit one of each Pokémon
|rule|Item Clause: Limit 1 of each item
|clearpoke
|poke|p1|Ursaluna, L50, F|
|poke|p1|Incineroar, L50, F|
|poke|p1|Porygon2, L50|
|poke|p1|Jumpluff, L50, M|
|poke|p1|Gholdengo, L50|
|poke|p1|Sneasler, L50, F|
|poke|p2|Dragonite, L50, F|
|poke|p2|Annihilape, L50, M|
|poke|p2|Rillaboom, L50, M|
|poke|p2|Gholdengo, L50|
|poke|p2|Dondozo, L50, M|
|poke|p2|Incineroar, L50, M|
|teampreview|4
|showteam|p1|Ursaluna||FlameOrb|Guts|Protect,Facade,Earthquake,HeadlongRush|||F|||50|,,,,,Ghost]Incineroar||SafetyGoggles|Intimidate|FlareBlitz,FakeOut,KnockOff,PartingShot|||F|||50|,,,,,Ghost]Porygon2||Eviolite|Download|Recover,TeraBlast,IceBeam,TrickRoom||||||50|,,,,,Fighting]Jumpluff||CovertCloak|Chlorophyll|SleepPowder,Tailwind,PollenPuff,RagePowder|||M|||50|,,,,,Water]Gholdengo||LifeOrb|GoodasGold|Protect,NastyPlot,MakeItRain,ShadowBall||||||50|,,,,,Steel]Sneasler||FocusSash|Unburden|Protect,CloseCombat,DireClaw,ThroatChop|||F|||50|,,,,,Stellar
|showteam|p2|Dragonite||LoadedDice|Multiscale|Protect,ScaleShot,ExtremeSpeed,Haze|||F|||50|,,,,,Fairy]Annihilape||FocusSash|Defiant|Protect,Coaching,RageFist,CloseCombat|||M|||50|,,,,,Stellar]Rillaboom||AssaultVest|GrassySurge|FakeOut,GrassyGlide,HighHorsepower,WoodHammer|||M|||50|,,,,,Fire]Gholdengo||SitrusBerry|GoodasGold|Protect,NastyPlot,MakeItRain,ShadowBall||||||50|,,,,,Water]Dondozo||Leftovers|Unaware|Protect,WaveCrash,Yawn,Fissure|||M|||50|,,,,,Grass]Incineroar||SafetyGoggles|Intimidate|FakeOut,KnockOff,FlareBlitz,PartingShot|||M|||50|,,,,,Ghost
|inactive|Battle timer is ON: inactive players will automatically lose when time's up. (requested by jstestng)
|
|t:|1756275964
|teamsize|p1|4
|teamsize|p2|4
|start
|switch|p1a: Jumpluff|Jumpluff, L50, M|100/100
|switch|p1b: Incineroar|Incineroar, L50, F|100/100
|switch|p2a: Gholdengo|Gholdengo, L50|100/100
|switch|p2b: Incineroar|Incineroar, L50, M|100/100
|-ability|p2b: Incineroar|Intimidate|boost
|-unboost|p1a: Jumpluff|atk|1
|-unboost|p1b: Incineroar|atk|1
|-ability|p1b: Incineroar|Intimidate|boost
|-unboost|p2a: Gholdengo|atk|1
|-unboost|p2b: Incineroar|atk|1
|turn|1
|
|t:|1756275984
|move|p2b: Incineroar|Fake Out|p1b: Incineroar
|-damage|p1b: Incineroar|94/100
|move|p1a: Jumpluff|Tailwind|p1a: Jumpluff
|-sidestart|p1: Notaplaceofhonor|move: Tailwind
|cant|p1b: Incineroar|flinch
|move|p2a: Gholdengo|Nasty Plot|p2a: Gholdengo
|-boost|p2a: Gholdengo|spa|2
|
|upkeep
|turn|2
|
|t:|1756276005
|move|p2a: Gholdengo|Protect|p2a: Gholdengo
|-singleturn|p2a: Gholdengo|Protect
|move|p1a: Jumpluff|Pollen Puff|p2b: Incineroar
|-crit|p2b: Incineroar
|-damage|p2b: Incineroar|82/100
|move|p1b: Incineroar|Knock Off|p2a: Gholdengo
|-activate|p2a: Gholdengo|move: Protect
|move|p2b: Incineroar|Knock Off|p1b: Incineroar
|-resisted|p1b: Incineroar
|-damage|p1b: Incineroar|82/100
|-enditem|p1b: Incineroar|Safety Goggles|[from] move: Knock Off|[of] p2b: Incineroar
|
|upkeep
|turn|3
|inactive|jstestng has 30 seconds left.
|
|t:|1756276034
|-terastallize|p2a: Gholdengo|Water
|move|p1a: Jumpluff|Pollen Puff|p1b: Incineroar
|-heal|p1b: Incineroar|100/100
|move|p1b: Incineroar|Knock Off|p2a: Gholdengo
|-damage|p2a: Gholdengo|70/100
|-enditem|p2a: Gholdengo|Sitrus Berry|[from] move: Knock Off|[of] p1b: Incineroar
|move|p2a: Gholdengo|Nasty Plot|p2a: Gholdengo
|-boost|p2a: Gholdengo|spa|2
|move|p2b: Incineroar|Knock Off|p1a: Jumpluff
|-damage|p1a: Jumpluff|64/100
|-enditem|p1a: Jumpluff|Covert Cloak|[from] move: Knock Off|[of] p2b: Incineroar
|
|upkeep
|turn|4
|inactive|Notaplaceofhonor has 30 seconds left.
|
|t:|1756276062
|move|p2a: Gholdengo|Protect|p2a: Gholdengo
|-singleturn|p2a: Gholdengo|Protect
|move|p1a: Jumpluff|Rage Powder|p1a: Jumpluff
|-singleturn|p1a: Jumpluff|move: Rage Powder
|move|p1b: Incineroar|Knock Off|p2b: Incineroar
|-resisted|p2b: Incineroar
|-damage|p2b: Incineroar|70/100
|-enditem|p2b: Incineroar|Safety Goggles|[from] move: Knock Off|[of] p1b: Incineroar
|move|p2b: Incineroar|Parting Shot|p1a: Jumpluff
|-unboost|p1a: Jumpluff|atk|1
|-unboost|p1a: Jumpluff|spa|1
|
|t:|1756276073
|switch|p2b: Dondozo|Dondozo, L50, M|100/100|[from] Parting Shot
|
|-sideend|p1: Notaplaceofhonor|move: Tailwind
|upkeep
|turn|5
|
|t:|1756276090
|move|p2b: Dondozo|Protect|p2b: Dondozo
|-singleturn|p2b: Dondozo|Protect
|move|p1a: Jumpluff|Tailwind|p1a: Jumpluff
|-sidestart|p1: Notaplaceofhonor|move: Tailwind
|move|p1b: Incineroar|Knock Off|p2b: Dondozo
|-activate|p2b: Dondozo|move: Protect
|move|p2a: Gholdengo|Shadow Ball|p1a: Jumpluff
|-damage|p1a: Jumpluff|0 fnt
|faint|p1a: Jumpluff
|
|upkeep
|
|t:|1756276098
|switch|p1a: Ursaluna|Ursaluna, L50, F|100/100
|turn|6
|
|t:|1756276132
|switch|p2b: Incineroar|Incineroar, L50, M|70/100
|-ability|p2b: Incineroar|Intimidate|boost
|-unboost|p1a: Ursaluna|atk|1
|-unboost|p1b: Incineroar|atk|1
|move|p1a: Ursaluna|Protect|p1a: Ursaluna
|-singleturn|p1a: Ursaluna|Protect
|move|p1b: Incineroar|Parting Shot|p2b: Incineroar
|-unboost|p2b: Incineroar|atk|1
|-unboost|p2b: Incineroar|spa|1
|
|t:|1756276135
|switch|p1b: Sneasler|Sneasler, L50, F|100/100|[from] Parting Shot
|move|p2a: Gholdengo|Shadow Ball|p1b: Sneasler
|-enditem|p1b: Sneasler|Focus Sash
|-damage|p1b: Sneasler|1/100
|-unboost|p1b: Sneasler|spd|1
|
|-status|p1a: Ursaluna|brn|[from] item: Flame Orb
|upkeep
|turn|7
|inactive|jstestng has 30 seconds left.
|
|t:|1756276164
|switch|p2b: Annihilape|Annihilape, L50, M, shiny|100/100
|-terastallize|p1a: Ursaluna|Ghost
|move|p2a: Gholdengo|Protect|p2a: Gholdengo
|-singleturn|p2a: Gholdengo|Protect
|move|p1b: Sneasler|Close Combat|p2b: Annihilape
|-immune|p2b: Annihilape
|move|p1a: Ursaluna|Facade|p2a: Gholdengo
|-activate|p2a: Gholdengo|move: Protect
|
|-damage|p1a: Ursaluna|95/100 brn|[from] brn
|upkeep
|turn|8
|inactive|jstestng has 30 seconds left.
|
|t:|1756276197
|switch|p2a: Incineroar|Incineroar, L50, M|70/100
|-ability|p2a: Incineroar|Intimidate|boost
|-unboost|p1a: Ursaluna|atk|1
|-unboost|p1b: Sneasler|atk|1
|move|p2b: Annihilape|Protect|p2b: Annihilape
|-singleturn|p2b: Annihilape|Protect
|move|p1b: Sneasler|Dire Claw|p2a: Incineroar
|-damage|p2a: Incineroar|42/100
|-status|p2a: Incineroar|par
|move|p1a: Ursaluna|Headlong Rush|p2a: Incineroar
|-supereffective|p2a: Incineroar
|-damage|p2a: Incineroar|0 fnt
|-unboost|p1a: Ursaluna|def|1
|-unboost|p1a: Ursaluna|spd|1
|faint|p2a: Incineroar
|
|-damage|p1a: Ursaluna|89/100 brn|[from] brn
|-sideend|p1: Notaplaceofhonor|move: Tailwind
|upkeep
|
|t:|1756276209
|switch|p2a: Gholdengo|Gholdengo, L50, tera:Water|70/100
|turn|9
|
|t:|1756276222
|switch|p1a: Incineroar|Incineroar, L50, F|100/100
|-ability|p1a: Incineroar|Intimidate|boost
|-unboost|p2a: Gholdengo|atk|1
|-unboost|p2b: Annihilape|atk|1
|-ability|p2b: Annihilape|Defiant|boost
|-boost|p2b: Annihilape|atk|2
|move|p1b: Sneasler|Dire Claw|p2b: Annihilape
|-resisted|p2b: Annihilape
|-damage|p2b: Annihilape|84/100
|-status|p2b: Annihilape|psn
|move|p2b: Annihilape|Rage Fist|p1b: Sneasler
|-damage|p1b: Sneasler|0 fnt
|faint|p1b: Sneasler
|move|p2a: Gholdengo|Shadow Ball|p1a: Incineroar
|-resisted|p1a: Incineroar
|-damage|p1a: Incineroar|82/100
|
|-damage|p2b: Annihilape|72/100 psn|[from] psn
|upkeep
|
|t:|1756276235
|switch|p1b: Ursaluna|Ursaluna, L50, F, tera:Ghost|89/100 brn
|turn|10
|
|t:|1756276253
|move|p2b: Annihilape|Rage Fist|p1b: Ursaluna
|-supereffective|p1b: Ursaluna
|-damage|p1b: Ursaluna|0 fnt
|faint|p1b: Ursaluna
|move|p2a: Gholdengo|Shadow Ball|p1a: Incineroar
|-resisted|p1a: Incineroar
|-damage|p1a: Incineroar|61/100
|move|p1a: Incineroar|Flare Blitz|p2b: Annihilape
|-damage|p2b: Annihilape|22/100 psn
|-damage|p1a: Incineroar|46/100|[from] Recoil
|
|-damage|p2b: Annihilape|10/100 psn|[from] psn
|upkeep
|turn|11
|
|t:|1756276269
|move|p2b: Annihilape|Rage Fist|p1a: Incineroar
|-resisted|p1a: Incineroar
|-damage|p1a: Incineroar|4/100
|move|p2a: Gholdengo|Shadow Ball|p1a: Incineroar
|-resisted|p1a: Incineroar
|-damage|p1a: Incineroar|0 fnt
|faint|p1a: Incineroar
|
|win|jstestng
|raw|Notaplaceofhonor's rating: 1170 → 1134(-36 for losing)
|raw|jstestng's rating: 1013 → 1067(+54 for winning)
