|j|☆sandy ghost 5
|j|☆realslim19
|html|sandy ghost 5realslim19    
|uhtml|bestof|Game 2 of a best-of-3
|t:|1756921619
|gametype|doubles
|player|p1|sandy ghost 5|baker|1282
|player|p2|realslim19|richboy-gen4|1355
|gen|9
|tier|[Gen 9] VGC 2025 Reg H (Bo3)
|rated|
|rule|Species Clause: Limit one of each Pokémon
|rule|Item Clause: Limit 1 of each item
|clearpoke
|poke|p1|Tyranitar, L50, M|
|poke|p1|Excadrill, L50, M|
|poke|p1|Sinistcha-Masterpiece, L50|
|poke|p1|Salamence, L50, F|
|poke|p1|Blaziken, L50, M|
|poke|p1|Bruxish, L50, M|
|poke|p2|Porygon2, L50|
|poke|p2|Incineroar, L50, M|
|poke|p2|Ursaluna, L50, M|
|poke|p2|Jumpluff, L50, F|
|poke|p2|Charizard, L50, F|
|poke|p2|Torkoal, L50, M|
|teampreview|4
|showteam|p1|Tyranitar||ClearAmulet|SandStream|RockSlide,KnockOff,DragonDance,Protect|||M|||50|,,,,,Grass]Excadrill||AssaultVest|SandRush|Earthquake,IronHead,HighHorsepower,RockSlide|||M|||50|,,,,,Ghost]Sinistcha-Masterpiece||SitrusBerry|Hospitality|ShadowBall,MatchaGotcha,RagePowder,Protect||||||50|,,,,,Dark]Salamence||LifeOrb|Intimidate|DracoMeteor,AirSlash,Protect,Tailwind|||F|||50|,,,,,Ghost]Blaziken||CovertCloak|SpeedBoost|AuraSphere,HeatWave,Coaching,WillOWisp|||M|||50|,,,,,Dragon]Bruxish||ChoiceScarf|Dazzling|PsychicFangs,FlipTurn,WaveCrash,SuperFang|||M|||50|,,,,,Water
|showteam|p2|Porygon2||Eviolite|Download|TeraBlast,IceBeam,TrickRoom,Recover||||||50|,,,,,Fighting]Incineroar||AssaultVest|Intimidate|FakeOut,KnockOff,FlareBlitz,Uturn|||M|||50|,,,,,Grass]Ursaluna||FlameOrb|Guts|HeadlongRush,Facade,Earthquake,Protect|||M|||50|,,,,,Ghost]Jumpluff||CovertCloak|Chlorophyll|RagePowder,SunnyDay,Tailwind,SleepPowder|||F|||50|,,,,,Fire]Charizard||ChoiceSpecs|SolarPower|WeatherBall,HeatWave,BlastBurn,DragonPulse|||F|||50|,,,,,Ghost]Torkoal||EjectPack|Drought|Overheat,Eruption,HelpingHand,Protect|||M|||50|,,,,,Fire
|inactive|Battle timer is ON: inactive players will automatically lose when time's up. (requested by realslim19)
|inactive|realslim19 has 60 seconds left.
|
|t:|1756921656
|teamsize|p1|4
|teamsize|p2|4
|start
|switch|p1a: Excadrill|Excadrill, L50, M|100/100
|switch|p1b: Salamence|Salamence, L50, F|100/100
|switch|p2a: Porygon2|Porygon2, L50|100/100
|switch|p2b: Incineroar|Incineroar, L50, M|100/100
|-ability|p1b: Salamence|Intimidate|boost
|-unboost|p2a: Porygon2|atk|1
|-unboost|p2b: Incineroar|atk|1
|-ability|p2b: Incineroar|Intimidate|boost
|-unboost|p1a: Excadrill|atk|1
|-unboost|p1b: Salamence|atk|1
|-ability|p2a: Porygon2|Download|boost
|-boost|p2a: Porygon2|atk|1
|turn|1
|inactive|sandy ghost 5 has 30 seconds left.
|inactive|realslim19 has 30 seconds left.
|
|t:|1756921687
|switch|p1a: Tyranitar|Tyranitar, L50, M|100/100
|-weather|Sandstorm|[from] ability: Sand Stream|[of] p1a: Tyranitar
|move|p1b: Salamence|Draco Meteor|p2a: Porygon2
|-damage|p2a: Porygon2|51/100
|-unboost|p1b: Salamence|spa|2
|-damage|p1b: Salamence|91/100|[from] item: Life Orb
|move|p2b: Incineroar|U-turn|p1a: Tyranitar
|-supereffective|p1a: Tyranitar
|-damage|p1a: Tyranitar|75/100
|
|t:|1756921705
|switch|p2b: Torkoal|Torkoal, L50, M|100/100|[from] U-turn
|-weather|SunnyDay|[from] ability: Drought|[of] p2b: Torkoal
|move|p2a: Porygon2|Trick Room|p2a: Porygon2
|-fieldstart|move: Trick Room|[of] p2a: Porygon2
|
|-weather|SunnyDay|[upkeep]
|upkeep
|turn|2
|inactive|realslim19 has 30 seconds left.
|inactive|realslim19 has 20 seconds left.
|
|t:|1756921743
|move|p1a: Tyranitar|Protect|p1a: Tyranitar
|-singleturn|p1a: Tyranitar|Protect
|move|p2b: Torkoal|Eruption|p1b: Salamence|[spread] p1b
|-activate|p1a: Tyranitar|move: Protect
|-resisted|p1b: Salamence
|-damage|p1b: Salamence|45/100
|move|p2a: Porygon2|Recover|p2a: Porygon2
|-heal|p2a: Porygon2|100/100
|move|p1b: Salamence|Draco Meteor|p2b: Torkoal
|-damage|p2b: Torkoal|47/100
|-unboost|p1b: Salamence|spa|2
|-damage|p1b: Salamence|35/100|[from] item: Life Orb
|
|-weather|SunnyDay|[upkeep]
|upkeep
|turn|3
|inactive|realslim19 has 30 seconds left.
|inactive|realslim19 has 20 seconds left.
|
|t:|1756921778
|switch|p1a: Excadrill|Excadrill, L50, M|100/100
|switch|p1b: Puppet|Sinistcha-Masterpiece, L50|100/100
|move|p2b: Torkoal|Overheat|p1a: Excadrill|[miss]
|-miss|p2b: Torkoal|p1a: Excadrill
|move|p2a: Porygon2|Ice Beam|p1b: Puppet
|-supereffective|p1b: Puppet
|-damage|p1b: Puppet|48/100
|-enditem|p1b: Puppet|Sitrus Berry|[eat]
|-heal|p1b: Puppet|73/100|[from] item: Sitrus Berry
|
|-weather|SunnyDay|[upkeep]
|upkeep
|turn|4
|inactive|sandy ghost 5 has 30 seconds left.
|inactive|realslim19 has 30 seconds left.
|
|t:|1756921808
|switch|p1a: Tyranitar|Tyranitar, L50, M|75/100
|-weather|Sandstorm|[from] ability: Sand Stream|[of] p1a: Tyranitar
|move|p1b: Puppet|Protect|p1b: Puppet
|-singleturn|p1b: Puppet|Protect
|move|p2b: Torkoal|Eruption|p1a: Tyranitar|[spread] p1a
|-activate|p1b: Puppet|move: Protect
|-resisted|p1a: Tyranitar
|-damage|p1a: Tyranitar|68/100
|move|p2a: Porygon2|Ice Beam|p1b: Puppet
|-activate|p1b: Puppet|move: Protect
|
|-weather|Sandstorm|[upkeep]
|-damage|p2b: Torkoal|41/100|[from] Sandstorm
|-damage|p2a: Porygon2|94/100|[from] Sandstorm
|-damage|p1b: Puppet|67/100|[from] Sandstorm
|upkeep
|turn|5
|
|t:|1756921829
|-terastallize|p1b: Puppet|Dark
|move|p1b: Puppet|Rage Powder|p1b: Puppet
|-singleturn|p1b: Puppet|move: Rage Powder
|move|p2b: Torkoal|Overheat|p1b: Puppet|[miss]
|-miss|p2b: Torkoal|p1b: Puppet
|move|p2a: Porygon2|Ice Beam|p1b: Puppet
|-damage|p1b: Puppet|39/100
|move|p1a: Tyranitar|Knock Off|p2a: Porygon2
|-damage|p2a: Porygon2|59/100
|-enditem|p2a: Porygon2|Eviolite|[from] move: Knock Off|[of] p1a: Tyranitar
|
|-weather|Sandstorm|[upkeep]
|-damage|p2b: Torkoal|35/100|[from] Sandstorm
|-damage|p2a: Porygon2|53/100|[from] Sandstorm
|-damage|p1b: Puppet|32/100|[from] Sandstorm
|-fieldend|move: Trick Room
|upkeep
|turn|6
|c|☆sandy ghost 5|so sorry for that one
|inactive|sandy ghost 5 has 30 seconds left.
|inactive|realslim19 has 30 seconds left.
|inactive|realslim19 has 20 seconds left.
|inactive|realslim19 has 15 seconds left.
|
|t:|1756921873
|switch|p2a: Incineroar|Incineroar, L50, M|100/100
|-ability|p2a: Incineroar|Intimidate|boost
|-fail|p1a: Tyranitar|unboost|[from] item: Clear Amulet|[of] p1a: Tyranitar
|-unboost|p1b: Puppet|atk|1
|move|p1a: Tyranitar|Rock Slide|p2a: Incineroar|[spread] p2a,p2b
|-supereffective|p2a: Incineroar
|-supereffective|p2b: Torkoal
|-damage|p2a: Incineroar|46/100
|-damage|p2b: Torkoal|0 fnt
|faint|p2b: Torkoal
|move|p1b: Puppet|Matcha Gotcha|p2a: Incineroar
|-resisted|p2a: Incineroar
|-damage|p2a: Incineroar|36/100
|-heal|p1b: Puppet|39/100|[from] drain|[of] p2a: Incineroar
|
|-weather|Sandstorm|[upkeep]
|-damage|p1b: Puppet|32/100|[from] Sandstorm
|-damage|p2a: Incineroar|30/100|[from] Sandstorm
|upkeep
|
|t:|1756921888
|switch|p2b: Charizard|Charizard, L50, F|100/100
|turn|7
|-message|realslim19 forfeited.
|
|win|sandy ghost 5
|raw|sandy ghost 5's rating: 1282 → 1312(+30 for winning)
|raw|realslim19's rating: 1355 → 1331(-24 for losing)
|l|☆realslim19
|player|p2|
