|j|☆Soratami
|j|☆TORVEX
|html|SoratamiTORVEX    
|uhtml|bestof|Game 1 of a best-of-3
|t:|1757909852
|gametype|doubles
|player|p1|Soratami|ethan|1249
|player|p2|TORVEX|acetrainer-gen4dp|1228
|gen|9
|tier|[Gen 9] VGC 2025 Reg H (Bo3)
|rated|
|rule|Species Clause: Limit one of each Pokémon
|rule|Item Clause: Limit 1 of each item
|clearpoke
|poke|p1|Pelipper, L50, F|
|poke|p1|Blastoise, L50, M|
|poke|p1|Dragonite, L50, F|
|poke|p1|Archaludon, L50, M|
|poke|p1|Electabuzz, L50, M|
|poke|p1|Rillaboom, L50, M|
|poke|p2|Incineroar, L50, F|
|poke|p2|Sinistcha, L50|
|poke|p2|Garchomp, L50, F|
|poke|p2|Pelipper, L50, M|
|poke|p2|Palafin, L50, F|
|poke|p2|Archaludon, L50, M|
|teampreview|4
|showteam|p1|Pelipper||FocusSash|Drizzle|Hurricane,Tailwind,WeatherBall,WideGuard|||F|||50|,,,,,Steel]Blastoise||MysticWater|RainDish|HydroPump,ShellSmash,WaterSpout,Protect|||M|||50|,,,,,Water]Dragonite||LoadedDice|Multiscale|ExtremeSpeed,Haze,ScaleShot,Protect|||F|||50|,,,,,Fairy]Archaludon||AssaultVest|Stamina|BodyPress,ElectroShot,DracoMeteor,FlashCannon|||M|||50|,,,,,Grass]Electabuzz||Eviolite|VitalSpirit|FollowMe,ThunderWave,Thunderbolt,Protect|||M|||50|,,,,,Ghost]Rillaboom||MiracleSeed|GrassySurge|FakeOut,GrassyGlide,WoodHammer,HighHorsepower|||M|||50|,,,,,Fire
|showteam|p2|Incineroar||SafetyGoggles|Intimidate|FakeOut,WillOWisp,KnockOff,PartingShot|||F|||50|,,,,,Ghost]Sinistcha||BigRoot|Hospitality|Protect,RagePowder,MatchaGotcha,ShadowBall||||||50|,,,,,Fire]Garchomp||LoadedDice|RoughSkin|Protect,ScaleShot,StompingTantrum,SwordsDance|||F|||50|,,,,,Steel]Pelipper||FocusSash|Drizzle|Protect,Tailwind,WeatherBall,Hurricane|||M|||50|,,,,,Ghost]Palafin||MysticWater|ZerotoHero|Protect,WaveCrash,JetPunch,CloseCombat|||F|||50|,,,,,Water]Archaludon||AssaultVest|Stamina|DragonPulse,FlashCannon,ElectroShot,BodyPress|||M|||50|,,,,,Grass
|inactive|Battle timer is ON: inactive players will automatically lose when time's up. (requested by TORVEX)
|inactive|Soratami also wants the timer to be on.
|inactive|TORVEX has 60 seconds left.
|
|t:|1757909894
|teamsize|p1|4
|teamsize|p2|4
|start
|switch|p1a: Electabuzz|Electabuzz, L50, M|100/100
|switch|p1b: Blastoise|Blastoise, L50, M|100/100
|switch|p2a: Garchomp|Garchomp, L50, F, shiny|100/100
|switch|p2b: Archaludon|Archaludon, L50, M, shiny|100/100
|turn|1
|inactive|TORVEX has 30 seconds left.
|
|t:|1757909923
|move|p1a: Electabuzz|Follow Me|p1a: Electabuzz
|-singleturn|p1a: Electabuzz|move: Follow Me
|move|p2a: Garchomp|Swords Dance|p2a: Garchomp
|-boost|p2a: Garchomp|atk|2
|move|p1b: Blastoise|Shell Smash|p1b: Blastoise
|-unboost|p1b: Blastoise|def|1
|-unboost|p1b: Blastoise|spd|1
|-boost|p1b: Blastoise|atk|2
|-boost|p1b: Blastoise|spa|2
|-boost|p1b: Blastoise|spe|2
|move|p2b: Archaludon|Dragon Pulse|p1a: Electabuzz
|-damage|p1a: Electabuzz|71/100
|
|upkeep
|turn|2
|
|t:|1757909946
|-terastallize|p1b: Blastoise|Water
|move|p1a: Electabuzz|Follow Me|p1a: Electabuzz
|-singleturn|p1a: Electabuzz|move: Follow Me
|move|p1b: Blastoise|Water Spout|p2a: Garchomp|[spread] p2a,p2b
|-resisted|p2b: Archaludon
|-damage|p2a: Garchomp|0 fnt
|-damage|p2b: Archaludon|44/100
|-ability|p2b: Archaludon|Stamina|boost
|-boost|p2b: Archaludon|def|1
|faint|p2a: Garchomp
|move|p2b: Archaludon|Dragon Pulse|p1a: Electabuzz
|-damage|p1a: Electabuzz|39/100
|
|upkeep
|
|t:|1757909956
|switch|p2a: Sinistcha|Sinistcha, L50|100/100
|-heal|p2b: Archaludon|69/100|[from] ability: Hospitality|[of] p2a: Sinistcha
|turn|3
|inactive|TORVEX has 30 seconds left.
|inactive|TORVEX has 20 seconds left.
|inactive|TORVEX has 15 seconds left.
|inactive|TORVEX has 10 seconds left.
|
|t:|1757910001
|move|p1b: Blastoise|Protect|p1b: Blastoise
|-singleturn|p1b: Blastoise|Protect
|move|p1a: Electabuzz|Thunderbolt|p2a: Sinistcha
|-resisted|p2a: Sinistcha
|-damage|p2a: Sinistcha|82/100
|move|p2b: Archaludon|Dragon Pulse|p1b: Blastoise
|-activate|p1b: Blastoise|move: Protect
|move|p2a: Sinistcha|Matcha Gotcha|p1a: Electabuzz|[spread] p1a
|-activate|p1b: Blastoise|move: Protect
|-damage|p1a: Electabuzz|18/100
|-heal|p2a: Sinistcha|96/100|[from] drain|[of] p1a: Electabuzz
|-status|p1a: Electabuzz|brn
|
|-damage|p1a: Electabuzz|12/100 brn|[from] brn
|upkeep
|turn|4
|
|t:|1757910019
|switch|p1a: Pelipper|Pelipper, L50, F|100/100
|-weather|RainDance|[from] ability: Drizzle|[of] p1a: Pelipper
|move|p2a: Sinistcha|Protect|p2a: Sinistcha
|-singleturn|p2a: Sinistcha|Protect
|move|p1b: Blastoise|Water Spout|p2b: Archaludon|[spread] p2b
|-activate|p2a: Sinistcha|move: Protect
|-resisted|p2b: Archaludon
|-damage|p2b: Archaludon|0 fnt
|faint|p2b: Archaludon
|
|-weather|RainDance|[upkeep]
|upkeep
|
|t:|1757910029
|switch|p2b: Incineroar|Incineroar, L50, F|100/100
|-ability|p2b: Incineroar|Intimidate|boost
|-unboost|p1a: Pelipper|atk|1
|-unboost|p1b: Blastoise|atk|1
|turn|5
|
|t:|1757910049
|move|p1b: Blastoise|Protect|p1b: Blastoise
|-singleturn|p1b: Blastoise|Protect
|move|p1a: Pelipper|Wide Guard|p1a: Pelipper
|-singleturn|p1a: Pelipper|Wide Guard
|move|p2b: Incineroar|Fake Out|p1a: Pelipper
|-damage|p1a: Pelipper|86/100
|move|p2a: Sinistcha|Matcha Gotcha|p1a: Pelipper|[spread] 
|-activate|p1a: Pelipper|move: Wide Guard
|-activate|p1b: Blastoise|move: Wide Guard
|
|-weather|RainDance|[upkeep]
|upkeep
|turn|6
|
|t:|1757910063
|-terastallize|p2b: Incineroar|Ghost
|move|p1a: Pelipper|Wide Guard|p1a: Pelipper
|-singleturn|p1a: Pelipper|Wide Guard
|move|p1b: Blastoise|Water Spout|p2b: Incineroar|[spread] p2a,p2b
|-resisted|p2a: Sinistcha
|-damage|p2a: Sinistcha|0 fnt
|-damage|p2b: Incineroar|0 fnt
|faint|p2a: Sinistcha
|faint|p2b: Incineroar
|
|win|Soratami
|l|☆TORVEX
|player|p2|
||TORVEX is ready for game 2.
|raw|Soratami's rating: 1249 → 1272(+23 for winning)
|raw|TORVEX's rating: 1228 → 1205(-23 for losing)
|l|☆Soratami
|player|p1|
