|j|☆juanjo555
|j|☆3-4 worlds
|html|juanjo5553-4 worlds    
|uhtml|bestof|Game 2 of a best-of-3
|t:|1785107249
|gametype|doubles
|player|p1|juanjo555|169|1139
|player|p2|3-4 worlds|emma|1204
|gen|9
|tier|[Gen 9 Champions] VGC 2026 Reg M-B (Bo3)
|rated|
|rule|Species Clause: Limit one of each Pokémon
|rule|Item Clause: Limit 1 of each item
|clearpoke
|poke|p1|Sneasler, L50, F|
|poke|p1|Mawile, L50, F, shiny|
|poke|p1|Farigiraf, L50, M|
|poke|p1|Dragonite, L50, F, shiny|
|poke|p1|Pelipper, L50, M|
|poke|p1|Kingambit, L50, F, shiny|
|poke|p2|Blaziken, L50, M|
|poke|p2|Aerodactyl, L50, M|
|poke|p2|Basculegion, L50, M|
|poke|p2|Sylveon, L50, M|
|poke|p2|Torkoal, L50, M|
|poke|p2|Kingambit, L50, F|
|teampreview|4
|showteam|p1|Sneasler||WhiteHerb|Unburden|DireClaw,Coaching,CloseCombat,FakeOut|Adamant||F|||50|]Mawile||Mawilite|Intimidate|PlayRough,SuckerPunch,IronHead,Protect|Adamant||F|||50|]Farigiraf||SitrusBerry|ArmorTail|Psychic,TrickRoom,GrassKnot,HelpingHand|Bold||M|||50|]Dragonite||Dragoninite|Multiscale|Thunderbolt,Hurricane,DragonPulse,Protect|Modest||F|||50|]Pelipper||FocusSash|Drizzle|WeatherBall,Hurricane,Tailwind,WideGuard|Timid||M|||50|]Kingambit||ChopleBerry|Defiant|KowtowCleave,SuckerPunch,BrickBreak,Protect|Adamant||F|||50|
|showteam|p2|Blaziken||Blazikenite|SpeedBoost|CloseCombat,FlareBlitz,RockSlide,Detect|Adamant||M|||50|]Aerodactyl||Aerodactylite|Unnerve|DualWingbeat,IceFang,RockSlide,Tailwind|Jolly||M|||50|]Basculegion||FocusSash|Adaptability|LastRespects,Liquidation,AquaJet,Protect|Adamant||M|||50|]Sylveon||FairyFeather|Pixilate|Moonblast,HyperVoice,QuickAttack,Detect|Modest||M|||50|]Torkoal||Leftovers|Drought|HeatWave,WeatherBall,Yawn,Protect|Relaxed||M|||50|]Kingambit||LifeOrb|Defiant|KowtowCleave,IronHead,SuckerPunch,Protect|Adamant||F|||50|
|inactive|Battle timer is ON: inactive players will automatically lose when time's up. (requested by 3-4 worlds)
|inactive|3-4 worlds has 60 seconds left.
|
|t:|1785107302
|teamsize|p1|4
|teamsize|p2|4
|start
|switch|p1a: honeybee|Dragonite, L50, F, shiny|100/100
|switch|p1b: purple|Sneasler, L50, F|100/100
|switch|p2a: Aerodactyl|Aerodactyl, L50, M|100/100
|switch|p2b: Blaziken|Blaziken, L50, M|100/100
|-ability|p2a: Aerodactyl|Unnerve
|turn|1
|inactive|juanjo555 has 30 seconds left.
|inactive|juanjo555 has 20 seconds left.
|
|t:|1785107340
|detailschange|p1a: honeybee|Dragonite-Mega, L50, F, shiny
|-mega|p1a: honeybee|Dragonite|Dragoninite
|move|p2b: Blaziken|Detect|p2b: Blaziken
|-singleturn|p2b: Blaziken|Protect
|move|p1b: purple|Fake Out|p2a: Aerodactyl
|-resisted|p2a: Aerodactyl|1
|-damage|p2a: Aerodactyl|88/100
|cant|p2a: Aerodactyl|flinch
|move|p1a: honeybee|Hurricane|p2b: Blaziken
|-activate|p2b: Blaziken|move: Protect
|
|-ability|p2b: Blaziken|Speed Boost|boost
|-boost|p2b: Blaziken|spe|1
|upkeep
|turn|2
|
|t:|1785107356
|detailschange|p2b: Blaziken|Blaziken-Mega, L50, M
|-mega|p2b: Blaziken|Blaziken|Blazikenite
|move|p1a: honeybee|Protect|p1a: honeybee
|-singleturn|p1a: honeybee|Protect
|move|p2b: Blaziken|Rock Slide|p1a: honeybee|[spread] p1b
|-activate|p1a: honeybee|move: Protect
|-resisted|p1b: purple|1
|-damage|p1b: purple|78/100
|move|p2a: Aerodactyl|Tailwind|p2a: Aerodactyl
|-sidestart|p2: 3-4 worlds|move: Tailwind
|cant|p1b: purple|flinch
|
|-ability|p2b: Blaziken|Speed Boost|boost
|-boost|p2b: Blaziken|spe|1
|upkeep
|turn|3
|inactive|juanjo555 has 30 seconds left.
|inactive|3-4 worlds has 30 seconds left.
|
|t:|1785107381
|move|p2b: Blaziken|Rock Slide|p1a: honeybee|[spread] p1a,p1b
|-supereffective|p1a: honeybee|1
|-resisted|p1b: purple|1
|-crit|p1b: purple
|-damage|p1a: honeybee|78/100
|-damage|p1b: purple|45/100
|move|p2a: Aerodactyl|Ice Fang|p1a: honeybee
|-supereffective|p1a: honeybee|2
|-damage|p1a: honeybee|0 fnt
|faint|p1a: honeybee
|move|p1b: purple|Coaching|p1: honeybee|[notarget]
|-fail|p1b: purple
|
|-ability|p2b: Blaziken|Speed Boost|boost
|-boost|p2b: Blaziken|spe|1
|upkeep
|
|t:|1785107396
|switch|p1a: u+me=<3|Farigiraf, L50, M|100/100
|turn|4
|
|t:|1785107409
|move|p2b: Blaziken|Rock Slide|p1a: u+me=<3|[spread] p1a,p1b
|-resisted|p1b: purple|1
|-damage|p1a: u+me=<3|78/100
|-damage|p1b: purple|24/100
|move|p2a: Aerodactyl|Rock Slide|p1b: purple|[spread] p1a,p1b
|-resisted|p1b: purple|1
|-damage|p1a: u+me=<3|58/100
|-damage|p1b: purple|3/100
|move|p1b: purple|Close Combat|p2a: Aerodactyl
|-damage|p2a: Aerodactyl|0 fnt
|-unboost|p1b: purple|def|1
|-unboost|p1b: purple|spd|1
|faint|p2a: Aerodactyl
|-enditem|p1b: purple|White Herb
|-clearnegativeboost|p1b: purple|[silent]
|move|p1a: u+me=<3|Trick Room|p1a: u+me=<3
|-fieldstart|move: Trick Room|[of] p1a: u+me=<3
|
|-ability|p2b: Blaziken|Speed Boost|boost
|-boost|p2b: Blaziken|spe|1
|upkeep
|
|t:|1785107420
|switch|p2a: Torkoal|Torkoal, L50, M|100/100
|-weather|SunnyDay|[from] ability: Drought|[of] p2a: Torkoal
|turn|5
|
|t:|1785107432
|switch|p1b: expectations|Pelipper, L50, M|100/100
|-weather|RainDance|[from] ability: Drizzle|[of] p1b: expectations
|move|p2a: Torkoal|Protect|p2a: Torkoal
|-singleturn|p2a: Torkoal|Protect
|move|p1a: u+me=<3|Psychic|p2b: Blaziken
|-supereffective|p2b: Blaziken|1
|-damage|p2b: Blaziken|0 fnt
|faint|p2b: Blaziken
|
|-weather|RainDance|[upkeep]
|-sideend|p2: 3-4 worlds|move: Tailwind
|upkeep
|
|t:|1785107435
|switch|p2b: Basculegion|Basculegion, L50, M|100/100
|turn|6
|
|t:|1785107456
|move|p2a: Torkoal|Weather Ball|p1a: u+me=<3
|-damage|p1a: u+me=<3|18/100
|-enditem|p1a: u+me=<3|Sitrus Berry|[eat]
|-heal|p1a: u+me=<3|43/100|[from] item: Sitrus Berry
|move|p1a: u+me=<3|Grass Knot|p2b: Basculegion
|-supereffective|p2b: Basculegion|1
|-damage|p2b: Basculegion|35/100
|move|p1b: expectations|Hurricane|p2b: Basculegion
|-damage|p2b: Basculegion|0 fnt
|faint|p2b: Basculegion
|
|-weather|RainDance|[upkeep]
|upkeep
|turn|7
|
|t:|1785107466
|move|p2a: Torkoal|Weather Ball|p1a: u+me=<3
|-damage|p1a: u+me=<3|3/100
|move|p1a: u+me=<3|Psychic|p2a: Torkoal
|-damage|p2a: Torkoal|53/100
|move|p1b: expectations|Weather Ball|p2a: Torkoal
|-supereffective|p2a: Torkoal|1
|-damage|p2a: Torkoal|0 fnt
|faint|p2a: Torkoal
|
|win|juanjo555
|raw|juanjo555's rating: 1139 → 1169(+30 for winning)
|raw|3-4 worlds's rating: 1204 → 1174(-30 for losing)
