|j|☆x-demon18
|j|‽Apfr
|html|x-demon18Apfr    
|uhtml|bestof|Game 2 of a best-of-3
|t:|1784079650
|gametype|doubles
|player|p1|x-demon18|lucas|1099
|player|p2|Apfr|clown|1090
|gen|9
|tier|[Gen 9 Champions] VGC 2026 Reg M-B (Bo3)
|rated|
|rule|Species Clause: Limit one of each Pokémon
|rule|Item Clause: Limit 1 of each item
|clearpoke
|poke|p1|Incineroar, L50, M|
|poke|p1|Rotom-Wash, L50|
|poke|p1|Venusaur, L50, M|
|poke|p1|Garchomp, L50, M|
|poke|p1|Sylveon, L50, F|
|poke|p1|Corviknight, L50, F|
|poke|p2|Barbaracle, L50, M|
|poke|p2|Maushold-Four, L50|
|poke|p2|Delphox, L50, M|
|poke|p2|Scrafty, L50, F|
|poke|p2|Primarina, L50, F|
|poke|p2|Sceptile, L50, M|
|teampreview|4
|showteam|p1|Incineroar||ExpertBelt|Intimidate|FakeOut,TemperFlare,ThroatChop,PartingShot|Adamant||M|||50|]Rotom-Wash||SitrusBerry|Levitate|HydroPump,Electroweb,WillOWisp,VoltSwitch|Calm|||||50|]Venusaur||Venusaurite|Chlorophyll|GigaDrain,SludgeBomb,EarthPower,Protect|Modest||M|||50|]Garchomp||LifeOrb|RoughSkin|RockSlide,DragonClaw,StompingTantrum,Protect|Jolly||M|||50|]Sylveon||FairyFeather|Pixilate|HyperVoice,QuickAttack,Yawn,Detect|Modest||F|||50|]Corviknight||OccaBerry|MirrorArmor|Tailwind,BraveBird,IronHead,BodyPress|Careful||F|||50|
|showteam|p2|Barbaracle||Barbaracite|ToughClaws|Protect,RockSlide,NightSlash,ShellSmash|Adamant||M|||50|]Maushold-Four||FocusSash|FriendGuard|SuperFang,Protect,FollowMe,HelpingHand|Timid|||||50|]Delphox||Delphoxite|Blaze|HeatWave,Psychic,Protect,NastyPlot|Timid||M|||50|]Scrafty||SitrusBerry|Intimidate|DrainPunch,KnockOff,FakeOut,Taunt|Careful||F|||50|]Primarina||LifeOrb|LiquidVoice|HyperVoice,Moonblast,CalmMind,Protect|Modest||F|||50|]Sceptile||WhiteHerb|Unburden|LeafStorm,DragonPulse,Detect,ShedTail|Timid||M|||50|
|
|t:|1784079699
|teamsize|p1|4
|teamsize|p2|4
|start
|switch|p1a: Wolverine|Incineroar, L50, M|100/100
|switch|p1b: Frieren|Sylveon, L50, F|100/100
|switch|p2a: Maushold|Maushold-Four, L50|100/100
|switch|p2b: Sceptile|Sceptile, L50, M|100/100
|-ability|p1a: Wolverine|Intimidate|boost
|-unboost|p2a: Maushold|atk|1
|-unboost|p2b: Sceptile|atk|1
|-enditem|p2b: Sceptile|White Herb
|-clearnegativeboost|p2b: Sceptile|[silent]
|turn|1
|
|t:|1784079720
|move|p2b: Sceptile|Detect|p2b: Sceptile
|-singleturn|p2b: Sceptile|Protect
|move|p2a: Maushold|Protect|p2a: Maushold
|-singleturn|p2a: Maushold|Protect
|move|p1a: Wolverine|Fake Out|p2a: Maushold
|-activate|p2a: Maushold|move: Protect
|move|p1b: Frieren|Hyper Voice|p2a: Maushold|[spread] 
|-activate|p2a: Maushold|move: Protect
|-activate|p2b: Sceptile|move: Protect
|
|upkeep
|turn|2
|
|t:|1784079741
|move|p2b: Sceptile|Shed Tail|p2b: Sceptile
|-start|p2b: Sceptile|Substitute|[from] move: Shed Tail
|-damage|p2b: Sceptile|49/100
|
|t:|1784079743
|switch|p2b: Primarina|Primarina, L50, F|100/100|[from] Shed Tail
|move|p2a: Maushold|Super Fang|p1b: Frieren|[miss]
|-miss|p2a: Maushold|p1b: Frieren
|move|p1a: Wolverine|Temper Flare|p2b: Primarina
|-resisted|p2b: Primarina|1
|-activate|p2b: Primarina|move: Substitute|[damage]
|move|p1b: Frieren|Yawn|p2a: Maushold
|-start|p2a: Maushold|move: Yawn|[of] p1b: Frieren
|
|upkeep
|turn|3
|
|t:|1784079767
|switch|p2a: Scrafty|Scrafty, L50, F|100/100
|-ability|p2a: Scrafty|Intimidate|boost
|-unboost|p1a: Wolverine|atk|1
|-unboost|p1b: Frieren|atk|1
|switch|p1a: Griffith|Corviknight, L50, F|100/100
|move|p1b: Frieren|Hyper Voice|p2b: Primarina|[spread] p2a,p2b
|-supereffective|p2a: Scrafty|2
|-damage|p2a: Scrafty|0 fnt
|-damage|p2b: Primarina|64/100
|faint|p2a: Scrafty
|move|p2b: Primarina|Calm Mind|p2b: Primarina
|-boost|p2b: Primarina|spa|1
|-boost|p2b: Primarina|spd|1
|
|upkeep
|
|t:|1784079786
|switch|p2a: Sceptile|Sceptile, L50, M|49/100
|turn|4
|
|t:|1784079795
|move|p2a: Sceptile|Leaf Storm|p1b: Frieren
|-damage|p1b: Frieren|58/100
|-unboost|p2a: Sceptile|spa|2
|move|p1a: Griffith|Iron Head|p2b: Primarina
|-end|p2b: Primarina|Substitute
|move|p1b: Frieren|Hyper Voice|p2a: Sceptile|[spread] p2a,p2b
|-damage|p2a: Sceptile|0 fnt
|-damage|p2b: Primarina|40/100
|faint|p2a: Sceptile
|move|p2b: Primarina|Hyper Voice|p1a: Griffith|[spread] p1a,p1b
|-damage|p1a: Griffith|40/100
|-damage|p1b: Frieren|7/100
|-damage|p2b: Primarina|30/100|[from] item: Life Orb
|
|upkeep
|
|t:|1784079806
|switch|p2a: Maushold|Maushold-Four, L50|100/100
|turn|5
|
|t:|1784079820
|move|p2a: Maushold|Follow Me|p2a: Maushold
|-singleturn|p2a: Maushold|move: Follow Me
|move|p1a: Griffith|Iron Head|p2a: Maushold
|-damage|p2a: Maushold|56/100
|move|p1b: Frieren|Hyper Voice|p2b: Primarina|[spread] p2a,p2b
|-damage|p2a: Maushold|1/100
|-damage|p2b: Primarina|10/100
|move|p2b: Primarina|Hyper Voice|p1b: Frieren|[spread] p1a,p1b
|-crit|p1b: Frieren
|-damage|p1a: Griffith|0 fnt
|-damage|p1b: Frieren|0 fnt
|faint|p1a: Griffith
|faint|p1b: Frieren
|-damage|p2b: Primarina|1/100|[from] item: Life Orb
|
|upkeep
|
|t:|1784079836
|switch|p1a: Wolverine|Incineroar, L50, M|100/100
|switch|p1b: Berserk|Garchomp, L50, M|100/100
|-ability|p1a: Wolverine|Intimidate|boost
|-unboost|p2a: Maushold|atk|1
|-unboost|p2b: Primarina|atk|1
|turn|6
|
|t:|1784079844
|move|p2a: Maushold|Protect|p2a: Maushold
|-singleturn|p2a: Maushold|Protect
|move|p2b: Primarina|Protect|p2b: Primarina
|-singleturn|p2b: Primarina|Protect
|move|p1a: Wolverine|Fake Out|p2b: Primarina
|-activate|p2b: Primarina|move: Protect
|move|p1b: Berserk|Rock Slide|p2b: Primarina|[spread] 
|-activate|p2a: Maushold|move: Protect
|-activate|p2b: Primarina|move: Protect
|
|upkeep
|turn|7
|
|t:|1784079863
|move|p2a: Maushold|Follow Me|p2a: Maushold
|-singleturn|p2a: Maushold|move: Follow Me
|move|p1b: Berserk|Stomping Tantrum|p2a: Maushold
|-damage|p2a: Maushold|0 fnt
|faint|p2a: Maushold
|-damage|p1b: Berserk|90/100|[from] item: Life Orb
|move|p1a: Wolverine|Temper Flare|p2b: Primarina
|-resisted|p2b: Primarina|1
|-damage|p2b: Primarina|0 fnt
|faint|p2b: Primarina
|
|win|x-demon18
|raw|x-demon18's rating: 1099 → 1123(+24 for winning)
|raw|Apfr's rating: 1090 → 1067(-23 for losing)
