|j|☆abadanriyi92
|j|☆MetaphorCrazyMonk
|html|abadanriyi92MetaphorCrazyMonk    
|uhtml|bestof|Game 3 of a best-of-3
|t:|1786068457
|gametype|doubles
|player|p1|abadanriyi92|colress|1216
|player|p2|MetaphorCrazyMonk|expert-gen6|1338
|gen|9
|tier|[Gen 9 Champions] VGC 2026 Reg M-B (Bo3)
|rated|
|rule|Species Clause: Limit one of each Pokémon
|rule|Item Clause: Limit 1 of each item
|clearpoke
|poke|p1|Charizard, L50, F|
|poke|p1|Floette-Eternal, L50, F|
|poke|p1|Basculegion, L50, M|
|poke|p1|Garchomp, L50, F|
|poke|p1|Kingambit, L50, F|
|poke|p1|Whimsicott, L50, F|
|poke|p2|Tyranitar, L50, M|
|poke|p2|Excadrill, L50, M, shiny|
|poke|p2|Sneasler, L50, M|
|poke|p2|Froslass, L50, F|
|poke|p2|Incineroar, L50, M|
|poke|p2|Tsareena, L50, F|
|teampreview|4
|showteam|p1|Charizard||CharizarditeY|Blaze|HeatWave,SolarBeam,WeatherBall,Protect|Modest||F|||50|]Floette-Eternal||Floettite|FlowerVeil|Moonblast,DazzlingGleam,LightofRuin,Protect|Timid||F|||50|]Basculegion||LifeOrb|Adaptability|WaveCrash,AquaJet,LastRespects,Protect|Adamant||M|||50|]Garchomp||SitrusBerry|RoughSkin|Earthquake,RockSlide,Protect,DragonClaw|Adamant||F|||50|]Kingambit||ChopleBerry|Defiant|KowtowCleave,IronHead,SuckerPunch,LowKick|Adamant||F|||50|]Whimsicott||FocusSash|Prankster|Moonblast,Tailwind,Encore,Protect|Timid||F|||50|
|showteam|p2|Tyranitar||Tyranitarite|SandStream|RockSlide,KnockOff,DragonDance,Protect|Jolly||M|||50|]Excadrill||FocusSash|SandRush|HighHorsepower,IronHead,RockSlide,Protect|Adamant||M|||50|]Sneasler||WhiteHerb|Unburden|CloseCombat,DireClaw,FakeOut,Coaching|Jolly||M|||50|]Froslass||Froslassite|SnowCloak|Blizzard,ShadowBall,NastyPlot,Protect|Timid||F|||50|]Incineroar||SitrusBerry|Intimidate|FlareBlitz,FakeOut,WillOWisp,PartingShot|Impish||M|||50|]Tsareena||ExpertBelt|QueenlyMajesty|PowerWhip,LowKick,HelpingHand,Protect|Adamant||F|||50|
|inactive|Battle timer is ON: inactive players will automatically lose when time's up. (requested by abadanriyi92)
|
|t:|1786068514
|teamsize|p1|4
|teamsize|p2|4
|start
|switch|p1a: Whimsicott|Whimsicott, L50, F|100/100
|switch|p1b: Basculegion|Basculegion, L50, M|100/100
|switch|p2a: quando provo|Tyranitar, L50, M|100/100
|switch|p2b: gervasoni|Excadrill, L50, M, shiny|100/100
|-weather|Sandstorm|[from] ability: Sand Stream|[of] p2a: quando provo
|turn|1
|inactive|abadanriyi92 has 30 seconds left.
|inactive|MetaphorCrazyMonk has 30 seconds left.
|inactive|abadanriyi92 has 20 seconds left.
|
|t:|1786068552
|switch|p1a: Garchomp|Garchomp, L50, F|100/100
|detailschange|p2a: quando provo|Tyranitar-Mega, L50, M
|-mega|p2a: quando provo|Tyranitar|Tyranitarite
|move|p1b: Basculegion|Aqua Jet|p2b: gervasoni
|-supereffective|p2b: gervasoni|1
|-enditem|p2b: gervasoni|Focus Sash
|-damage|p2b: gervasoni|1/100
|-damage|p1b: Basculegion|90/100|[from] item: Life Orb
|move|p2b: gervasoni|Iron Head|p1a: Garchomp
|-damage|p1a: Garchomp|57/100
|-damage|p2b: gervasoni|0 fnt|[from] ability: Rough Skin|[of] p1a: Garchomp
|faint|p2b: gervasoni
|move|p2a: quando provo|Knock Off|p1b: Basculegion
|-supereffective|p1b: Basculegion|1
|-damage|p1b: Basculegion|0 fnt
|-enditem|p1b: Basculegion|Life Orb|[from] move: Knock Off|[of] p2a: quando provo
|faint|p1b: Basculegion
|
|-weather|Sandstorm|[upkeep]
|upkeep
|inactive|abadanriyi92 has 30 seconds left.
|
|t:|1786068578
|switch|p2b: b.alario|Incineroar, L50, M|100/100
|switch|p1b: Floette|Floette-Eternal, L50, F|100/100
|-ability|p2b: b.alario|Intimidate|boost
|-unboost|p1a: Garchomp|atk|1
|-unboost|p1b: Floette|atk|1
|turn|2
|inactive|MetaphorCrazyMonk has 30 seconds left.
|inactive|MetaphorCrazyMonk has 20 seconds left.
|inactive|MetaphorCrazyMonk has 15 seconds left.
|inactive|MetaphorCrazyMonk has 10 seconds left.
|inactive|MetaphorCrazyMonk has 5 seconds left.
|
|t:|1786068633
|switch|p1a: Whimsicott|Whimsicott, L50, F|100/100
|detailschange|p1b: Floette|Floette-Mega, L50, F
|-mega|p1b: Floette|Floette|Floettite
|-ability|p1b: Floette|Fairy Aura
|move|p1b: Floette|Moonblast|p2a: quando provo
|-supereffective|p2a: quando provo|1
|-damage|p2a: quando provo|16/100
|move|p2a: quando provo|Rock Slide|p1b: Floette|[spread] p1a,p1b
|-damage|p1a: Whimsicott|51/100
|-damage|p1b: Floette|55/100
|move|p2b: b.alario|Flare Blitz|p1b: Floette
|-damage|p1b: Floette|0 fnt
|faint|p1b: Floette
|-damage|p2b: b.alario|86/100|[from] Recoil
|
|-weather|Sandstorm|[upkeep]
|-damage|p1a: Whimsicott|45/100|[from] Sandstorm
|-damage|p2b: b.alario|80/100|[from] Sandstorm
|upkeep
|
|t:|1786068652
|switch|p1b: Garchomp|Garchomp, L50, F|57/100
|turn|3
|
|t:|1786068663
|move|p1a: Whimsicott|Protect|p1a: Whimsicott
|-singleturn|p1a: Whimsicott|Protect
|move|p1b: Garchomp|Earthquake|p2a: quando provo|[spread] p2a,p2b
|-activate|p1a: Whimsicott|move: Protect
|-supereffective|p2a: quando provo|1
|-supereffective|p2b: b.alario|1
|-damage|p2a: quando provo|0 fnt
|-damage|p2b: b.alario|23/100
|-enditem|p2b: b.alario|Sitrus Berry|[eat]
|-heal|p2b: b.alario|48/100|[from] item: Sitrus Berry
|faint|p2a: quando provo
|move|p2b: b.alario|Flare Blitz|p1a: Whimsicott
|-activate|p1a: Whimsicott|move: Protect
|
|-weather|Sandstorm|[upkeep]
|-damage|p1a: Whimsicott|40/100|[from] Sandstorm
|-damage|p2b: b.alario|42/100|[from] Sandstorm
|upkeep
|
|t:|1786068666
|switch|p2a: sabotage|Sneasler, L50, M|100/100
|turn|4
|inactive|MetaphorCrazyMonk has 30 seconds left.
|inactive|MetaphorCrazyMonk has 20 seconds left.
|inactive|MetaphorCrazyMonk has 15 seconds left.
|inactive|MetaphorCrazyMonk has 10 seconds left.
|
|t:|1786068719
|move|p2a: sabotage|Fake Out|p1b: Garchomp
|-damage|p1b: Garchomp|48/100
|-damage|p2a: sabotage|87/100|[from] ability: Rough Skin|[of] p1b: Garchomp
|-enditem|p1b: Garchomp|Sitrus Berry|[eat]
|-heal|p1b: Garchomp|72/100|[from] item: Sitrus Berry
|move|p1a: Whimsicott|Tailwind|p1a: Whimsicott
|-sidestart|p1: abadanriyi92|move: Tailwind
|cant|p1b: Garchomp|flinch
|move|p2b: b.alario|Will-O-Wisp|p1b: Garchomp
|-status|p1b: Garchomp|brn
|
|-weather|Sandstorm|[upkeep]
|-damage|p1a: Whimsicott|34/100|[from] Sandstorm
|-damage|p2a: sabotage|82/100|[from] Sandstorm
|-damage|p2b: b.alario|36/100|[from] Sandstorm
|-damage|p1b: Garchomp|66/100 brn|[from] brn
|upkeep
|turn|5
|
|t:|1786068740
|move|p1a: Whimsicott|Encore|p2a: sabotage
|-start|p2a: sabotage|Encore
|move|p2a: sabotage|Fake Out||[still]
|-hint|Fake Out only works on your first turn out.
|-fail|p2a: sabotage
|move|p1b: Garchomp|Earthquake|p2a: sabotage|[spread] p1a,p2a,p2b
|-resisted|p1a: Whimsicott|1
|-supereffective|p2a: sabotage|1
|-supereffective|p2b: b.alario|1
|-damage|p1a: Whimsicott|20/100y
|-damage|p2a: sabotage|35/100
|-damage|p2b: b.alario|6/100
|move|p2b: b.alario|Flare Blitz|p1a: Whimsicott
|-supereffective|p1a: Whimsicott|1
|-damage|p1a: Whimsicott|0 fnt
|faint|p1a: Whimsicott
|-damage|p2b: b.alario|1/100|[from] Recoil
|
|-weather|none
|-damage|p1b: Garchomp|60/100 brn|[from] brn
|upkeep
|turn|6
|-message|MetaphorCrazyMonk forfeited.
|raw|abadanriyi92's rating: 1216 → 1249(+33 for winning)
|raw|MetaphorCrazyMonk's rating: 1338 → 1311(-27 for losing)
|
|win|abadanriyi92
|l|☆MetaphorCrazyMonk
|player|p2|
|c|☆abadanriyi92|ggs
