|j|☆a year without
|j|☆justsillys
|html|a year withoutjustsillys    
|uhtml|bestof|Game 1 of a best-of-3
|t:|1785935083
|gametype|doubles
|player|p1|a year without|hiker-gen4|1209
|player|p2|justsillys|1|1130
|gen|9
|tier|[Gen 9 Champions] VGC 2026 Reg M-B (Bo3)
|rated|
|rule|Species Clause: Limit one of each Pokémon
|rule|Item Clause: Limit 1 of each item
|clearpoke
|poke|p1|Whimsicott, L50, M, shiny|
|poke|p1|Basculegion, L50, M, shiny|
|poke|p1|Kingambit, L50, F|
|poke|p1|Floette-Eternal, L50, F|
|poke|p1|Garchomp, L50, F, shiny|
|poke|p1|Charizard, L50, M, shiny|
|poke|p2|Hatterene, L50, F|
|poke|p2|Oranguru, L50, M|
|poke|p2|Mawile, L50, F|
|poke|p2|Kangaskhan, L50, F|
|poke|p2|Venusaur, L50, M|
|poke|p2|Torkoal, L50, M|
|teampreview|4
|showteam|p1|Whimsicott||FocusSash|Prankster|Protect,Moonblast,Tailwind,Encore|Timid||M|||50|]Basculegion||MysticWater|Adaptability|WaveCrash,Protect,LastRespects,AquaJet|Adamant||M|||50|]Kingambit||ChopleBerry|Defiant|KowtowCleave,LowKick,SuckerPunch,IronHead|Adamant||F|||50|]Floette-Eternal||Floettite|FlowerVeil|DazzlingGleam,Moonblast,LightofRuin,Protect|Timid||F|||50|]Garchomp||LifeOrb|RoughSkin|RockSlide,StompingTantrum,DragonClaw,Protect|Jolly||F|||50|]Charizard||CharizarditeY|Blaze|HeatWave,SolarBeam,WeatherBall,Protect|Modest||M|||50|
|showteam|p2|Hatterene||LifeOrb|MagicBounce|Protect,Psychic,TrickRoom,DazzlingGleam|Quiet||F|||50|]Oranguru||MentalHerb|InnerFocus|Protect,Instruct,Psychic,TrickRoom|Bold||M|||50|]Mawile||Mawilite|HyperCutter|SuckerPunch,PlayRough,Protect,IronHead|Brave||F|||50|]Kangaskhan||SilkScarf|Scrappy|LastResort,FakeOut|Brave||F|||50|]Venusaur||FocusSash|Chlorophyll|LeafStorm,SludgeBomb,SleepPowder,Protect|Modest||M|||50|]Torkoal||Charcoal|Drought|Eruption,Protect,EarthPower,HeatWave|Quiet||M|||50|
|
|t:|1785935164
|teamsize|p1|4
|teamsize|p2|4
|start
|switch|p1a: Charizard|Charizard, L50, M, shiny|100/100
|switch|p1b: Garchomp|Garchomp, L50, F, shiny|100/100
|switch|p2a: Luchona|Kangaskhan, L50, F|100/100
|switch|p2b: Alolan Rillaboom|Oranguru, L50, M|100/100
|turn|1
|
|t:|1785935195
|switch|p1a: Kingambit|Kingambit, L50, F|100/100
|move|p2a: Luchona|Fake Out|p1a: Kingambit
|-resisted|p1a: Kingambit|1
|-damage|p1a: Kingambit|90/100
|move|p1b: Garchomp|Dragon Claw|p2a: Luchona
|-damage|p2a: Luchona|50/100g
|-damage|p1b: Garchomp|90/100|[from] item: Life Orb
|move|p2b: Alolan Rillaboom|Trick Room|p2b: Alolan Rillaboom
|-fieldstart|move: Trick Room|[of] p2b: Alolan Rillaboom
|
|upkeep
|turn|2
|
|t:|1785935241
|move|p2b: Alolan Rillaboom|Protect|p2b: Alolan Rillaboom
|-singleturn|p2b: Alolan Rillaboom|Protect
|move|p1a: Kingambit|Low Kick|p2a: Luchona
|-supereffective|p2a: Luchona|1
|-damage|p2a: Luchona|0 fnt
|faint|p2a: Luchona
|move|p1b: Garchomp|Dragon Claw|p2b: Alolan Rillaboom
|-activate|p2b: Alolan Rillaboom|move: Protect
|
|upkeep
|
|t:|1785935249
|switch|p2a: T&M|Torkoal, L50, M|100/100
|-weather|SunnyDay|[from] ability: Drought|[of] p2a: T&M
|turn|3
|
|t:|1785935270
|move|p1a: Kingambit|Sucker Punch|p2a: T&M
|-damage|p2a: T&M|72/100
|move|p2a: T&M|Eruption|p1b: Garchomp|[spread] p1a,p1b
|-supereffective|p1a: Kingambit|1
|-resisted|p1b: Garchomp|1
|-damage|p1a: Kingambit|0 fnt
|-damage|p1b: Garchomp|56/100
|faint|p1a: Kingambit
|move|p2b: Alolan Rillaboom|Instruct|p2a: T&M
|-singleturn|p2a: T&M|move: Instruct|[of] p2b: Alolan Rillaboom
|move|p2a: T&M|Eruption|p1b: Garchomp
|-resisted|p1b: Garchomp|1
|-damage|p1b: Garchomp|9/100
|move|p1b: Garchomp|Stomping Tantrum|p2a: T&M
|-supereffective|p2a: T&M|1
|-crit|p2a: T&M
|-damage|p2a: T&M|0 fnt
|faint|p2a: T&M
|-damage|p1b: Garchomp|0 fnt|[from] item: Life Orb
|faint|p1b: Garchomp
|
|-weather|SunnyDay|[upkeep]
|upkeep
|
|t:|1785935289
|switch|p2a: Bichota|Mawile, L50, F|100/100
|switch|p1a: Charizard|Charizard, L50, M, shiny|100/100
|switch|p1b: Basculegion|Basculegion, L50, M, shiny|100/100
|turn|4
|
|t:|1785935322
|detailschange|p1a: Charizard|Charizard-Mega-Y, L50, M, shiny
|-mega|p1a: Charizard|Charizard|Charizardite Y
|move|p1a: Charizard|Protect|p1a: Charizard
|-singleturn|p1a: Charizard|Protect
|move|p2a: Bichota|Iron Head|p1a: Charizard
|-activate|p1a: Charizard|move: Protect
|move|p2b: Alolan Rillaboom|Instruct|p2a: Bichota
|-singleturn|p2a: Bichota|move: Instruct|[of] p2b: Alolan Rillaboom
|move|p2a: Bichota|Iron Head|p1a: Charizard
|-activate|p1a: Charizard|move: Protect
|move|p1b: Basculegion|Last Respects|p2a: Bichota
|-crit|p2a: Bichota
|-damage|p2a: Bichota|0 fnt
|faint|p2a: Bichota
|
|-weather|SunnyDay|[upkeep]
|upkeep
|turn|5
|-message|justsillys forfeited.
|raw|a year without's rating: 1209 → 1228(+19 for winning)
|raw|justsillys's rating: 1130 → 1111(-19 for losing)
|
|win|a year without
