|badge|p2|bronze|gen9doublesou|100-6
|uhtml|medal-msg|Curious what those medals under the avatar are? PS now has Ladder Seasons! For more information, check out the thread on Smogon.
|j|☆Skwovetboi
|j|☆sheepie_sheep
|html|Skwovetboisheepie_sheep    
|uhtml|bestof|Game 1 of a best-of-3
|t:|1757726874
|gametype|doubles
|player|p1|Skwovetboi|turo-ai|
|player|p2|sheepie_sheep|allister-unmasked|
|gen|9
|tier|[Gen 9] VGC 2025 Reg H (Bo3)
|rule|Species Clause: Limit one of each Pokémon
|rule|Item Clause: Limit 1 of each item
|clearpoke
|poke|p1|Altaria, L50, M|
|poke|p1|Chandelure, L50, M|
|poke|p1|Tauros-Paldea-Aqua, L50, M|
|poke|p1|Glimmora, L50, F|
|poke|p1|Arboliva, L50, M|
|poke|p1|Grimmsnarl, L50, M|
|poke|p2|Scizor, L50, F|
|poke|p2|Politoed, L50, M|
|poke|p2|Salamence, L50, F|
|poke|p2|Glimmora, L50, F|
|poke|p2|Kingdra, L50, M|
|poke|p2|Brambleghast, L50, M|
|teampreview|4
|showteam|p1|Altaria||ChoiceBand|CloudNine|BraveBird,DualWingbeat,PlayRough,BreakingSwipe|||M|||50|,,,,,Fairy]Chandelure||ChoiceScarf|Infiltrator|ShadowBall,HeatWave,Flamethrower,Trick|||M|||50|,,,,,Fire]Tauros-Paldea-Aqua||LifeOrb|Intimidate|WaveCrash,CloseCombat,AquaJet,Protect|||M|||50|,,,,,Water]Glimmora||AssaultVest|ToxicDebris|PowerGem,SludgeBomb,EarthPower,MortalSpin|||F|||50|,,,,,Water]Arboliva||Leftovers|SeedSower|LeechSeed,Protect,GigaDrain,StrengthSap|||M|||50|,,,,,Water]Grimmsnarl||LightClay|Prankster|FakeTears,Reflect,LightScreen,FoulPlay|||M|||50|,,,,,Ghost
|showteam|p2|Scizor||MetalCoat|Technician|SwordsDance,BulletPunch,Protect,BugBite|||F|||50|,,,,,Steel]Politoed||EjectButton|Drizzle|WeatherBall,Protect,HelpingHand,IcyWind|||M|||50|,,,,,Grass]Salamence||LumBerry|Intimidate|Tailwind,Hurricane,Protect,DracoMeteor|||F|||50|,,,,,Steel]Glimmora||PowerHerb|ToxicDebris|MeteorBeam,SludgeBomb,SpikyShield,EarthPower|||F|||50|,,,,,Grass]Kingdra||LifeOrb|SwiftSwim|MuddyWater,WeatherBall,DracoMeteor,Protect|||M|||50|,,,,,Water]Brambleghast||FocusSash|WindRider|PowerWhip,Poltergeist,Protect,ShadowSneak|||M|||50|,,,,,Stellar
|inactive|Battle timer is ON: inactive players will automatically lose when time's up. (requested by sheepie_sheep)
|c|☆sheepie_sheep|glhf
|c|☆Skwovetboi|glhf
|inactive|Skwovetboi has 60 seconds left.
|
|t:|1757726933
|teamsize|p1|4
|teamsize|p2|4
|start
|switch|p1a: Marx|Grimmsnarl, L50, M|100/100
|switch|p1b: Kracko|Altaria, L50, M|100/100
|switch|p2a: Scizor|Scizor, L50, F|100/100
|switch|p2b: Glimmora|Glimmora, L50, F|100/100
|-ability|p1b: Kracko|Cloud Nine
|turn|1
|
|t:|1757726951
|switch|p1b: Heavy Lobster|Tauros-Paldea-Aqua, L50, M|100/100
|-ability|p1b: Heavy Lobster|Intimidate|boost
|-unboost|p2a: Scizor|atk|1
|-unboost|p2b: Glimmora|atk|1
|move|p2a: Scizor|Bullet Punch|p1b: Heavy Lobster
|-resisted|p1b: Heavy Lobster
|-crit|p1b: Heavy Lobster
|-damage|p1b: Heavy Lobster|66/100
|move|p1a: Marx|Light Screen|p1a: Marx
|-sidestart|p1: Skwovetboi|move: Light Screen
|move|p2b: Glimmora|Meteor Beam||[still]
|-prepare|p2b: Glimmora|Meteor Beam
|-boost|p2b: Glimmora|spa|1
|-enditem|p2b: Glimmora|Power Herb
|-anim|p2b: Glimmora|Meteor Beam|p1b: Heavy Lobster
|-resisted|p1b: Heavy Lobster
|-damage|p1b: Heavy Lobster|16/100
|
|upkeep
|turn|2
|inactive|Skwovetboi has 30 seconds left.
|
|t:|1757726980
|move|p2b: Glimmora|Spiky Shield|p2b: Glimmora
|-singleturn|p2b: Glimmora|move: Protect
|move|p1b: Heavy Lobster|Aqua Jet|p2b: Glimmora
|-activate|p2b: Glimmora|move: Protect
|-damage|p1b: Heavy Lobster|4/100|[from] Spiky Shield|[of] p2b: Glimmora
|move|p2a: Scizor|Swords Dance|p2a: Scizor
|-boost|p2a: Scizor|atk|2
|move|p1a: Marx|Foul Play|p2b: Glimmora
|-activate|p2b: Glimmora|move: Protect
|-damage|p1a: Marx|88/100|[from] Spiky Shield|[of] p2b: Glimmora
|
|upkeep
|turn|3
|
|t:|1757727013
|-terastallize|p1a: Marx|Ghost
|move|p1b: Heavy Lobster|Aqua Jet|p2a: Scizor
|-damage|p2a: Scizor|72/100
|-damage|p1b: Heavy Lobster|0 fnt|[from] item: Life Orb
|faint|p1b: Heavy Lobster
|move|p2a: Scizor|Bullet Punch|p1a: Marx
|-damage|p1a: Marx|33/100
|move|p2b: Glimmora|Sludge Bomb|p1a: Marx
|-resisted|p1a: Marx
|-damage|p1a: Marx|9/100
|-status|p1a: Marx|psn
|move|p1a: Marx|Foul Play|p2a: Scizor
|-damage|p2a: Scizor|0 fnt
|faint|p2a: Scizor
|
|-damage|p1a: Marx|0 fnt|[from] psn
|faint|p1a: Marx
|upkeep
|
|t:|1757727031
|switch|p1b: Queen Sectonia|Glimmora, L50, F, shiny|100/100
|switch|p2a: Salamence|Salamence, L50, F|100/100
|switch|p1a: Kracko|Altaria, L50, M|100/100
|-ability|p2a: Salamence|Intimidate|boost
|-unboost|p1a: Kracko|atk|1
|-unboost|p1b: Queen Sectonia|atk|1
|-ability|p1a: Kracko|Cloud Nine
|turn|4
|inactive|Skwovetboi has 30 seconds left.
|
|t:|1757727060
|-terastallize|p2a: Salamence|Steel
|move|p2b: Glimmora|Spiky Shield|p2b: Glimmora
|-singleturn|p2b: Glimmora|move: Protect
|move|p2a: Salamence|Tailwind|p2a: Salamence
|-sidestart|p2: sheepie_sheep|move: Tailwind
|move|p1b: Queen Sectonia|Earth Power|p2b: Glimmora
|-activate|p2b: Glimmora|move: Protect
|move|p1a: Kracko|Brave Bird|p2b: Glimmora
|-activate|p2b: Glimmora|move: Protect
|-damage|p1a: Kracko|88/100|[from] Spiky Shield|[of] p2b: Glimmora
|
|upkeep
|turn|5
|
|t:|1757727083
|move|p2b: Glimmora|Earth Power|p1b: Queen Sectonia
|-supereffective|p1b: Queen Sectonia
|-damage|p1b: Queen Sectonia|0 fnt
|faint|p1b: Queen Sectonia
|move|p2a: Salamence|Draco Meteor|p1a: Kracko
|-supereffective|p1a: Kracko
|-damage|p1a: Kracko|6/100
|-unboost|p2a: Salamence|spa|2
|move|p1a: Kracko|Brave Bird|p2b: Glimmora
|-resisted|p2b: Glimmora
|-damage|p2b: Glimmora|73/100
|-activate|p2b: Glimmora|ability: Toxic Debris
|-sidestart|p1: Skwovetboi|move: Toxic Spikes
|-damage|p1a: Kracko|0 fnt|[from] Recoil
|faint|p1a: Kracko
|
|win|sheepie_sheep
||Skwovetboi is ready for game 2.
|c|☆sheepie_sheep|gg
|inactive|sheepie_sheep has 30 seconds to confirm battle start!
||sheepie_sheep is ready for game 2.
|uhtml|next|Next: Game 2 of 3
|l|☆sheepie_sheep
|player|p2|
