|j|☆dillonjones6
|j|☆abadanriyi92
|html|dillonjones6abadanriyi92    
|uhtml|bestof|Game 1 of a best-of-3
|t:|1785984536
|gametype|doubles
|player|p1|dillonjones6|266|1032
|player|p2|abadanriyi92|colress|1235
|gen|9
|tier|[Gen 9 Champions] VGC 2026 Reg M-B (Bo3)
|rated|
|rule|Species Clause: Limit one of each Pokémon
|rule|Item Clause: Limit 1 of each item
|clearpoke
|poke|p1|Grimmsnarl, L50, M|
|poke|p1|Charizard, L50, M|
|poke|p1|Swampert, L50, M|
|poke|p1|Pelipper, L50, M|
|poke|p1|Archaludon, L50, F|
|poke|p1|Venusaur, L50, F|
|poke|p2|Charizard, L50, F|
|poke|p2|Floette-Eternal, L50, F|
|poke|p2|Basculegion, L50, M|
|poke|p2|Garchomp, L50, F|
|poke|p2|Kingambit, L50, M|
|poke|p2|Whimsicott, L50, F|
|teampreview|4
|showteam|p1|Grimmsnarl||LightClay|Prankster|SpiritBreak,Reflect,LightScreen,PartingShot|Sassy||M|||50|]Charizard||CharizarditeY|Blaze|HeatWave,WeatherBall,Hurricane,Protect|Modest||M|||50|]Swampert||Swampertite|Torrent|Protect,IcePunch,Earthquake,WaveCrash|Adamant||M|||50|]Pelipper||SitrusBerry|Drizzle|Hurricane,WeatherBall,WideGuard,Tailwind|Modest||M|||50|]Archaludon||Leftovers|Stamina|DragonPulse,ElectroShot,Protect,FlashCannon|Calm||F|||50|]Venusaur||FocusSash|Chlorophyll|SleepPowder,LeafStorm,SludgeBomb,Protect|Modest||F|||50|
|showteam|p2|Charizard||CharizarditeY|Blaze|HeatWave,SolarBeam,WeatherBall,Protect|Modest||F|||50|]Floette-Eternal||Floettite|FlowerVeil|Moonblast,DazzlingGleam,LightofRuin,Protect|Timid||F|||50|]Basculegion||LifeOrb|Adaptability|WaveCrash,AquaJet,LastRespects,Protect|Adamant||M|||50|]Garchomp||SitrusBerry|RoughSkin|Earthquake,RockSlide,Protect,DragonClaw|Adamant||F|||50|]Kingambit||ChopleBerry|Defiant|KowtowCleave,IronHead,SuckerPunch,LowKick|Adamant||M|||50|]Whimsicott||FocusSash|Prankster|Moonblast,Tailwind,Encore,Protect|Timid||F|||50|
|inactive|Battle timer is ON: inactive players will automatically lose when time's up. (requested by abadanriyi92)
|
|t:|1785984620
|teamsize|p1|4
|teamsize|p2|4
|start
|switch|p1a: Grimmsnarl|Grimmsnarl, L50, M|100/100
|switch|p1b: Pelipper|Pelipper, L50, M|100/100
|switch|p2a: Whimsicott|Whimsicott, L50, F|100/100
|switch|p2b: Charizard|Charizard, L50, F|100/100
|-weather|RainDance|[from] ability: Drizzle|[of] p1b: Pelipper
|turn|1
|inactive|dillonjones6 has 30 seconds left.
|inactive|abadanriyi92 has 30 seconds left.
|inactive|dillonjones6 has 20 seconds left.
|inactive|dillonjones6 has 15 seconds left.
|inactive|dillonjones6 has 10 seconds left.
|
|t:|1785984670
|move|p2b: Charizard|Protect|p2b: Charizard
|-singleturn|p2b: Charizard|Protect
|move|p2a: Whimsicott|Tailwind|p2a: Whimsicott
|-sidestart|p2: abadanriyi92|move: Tailwind
|move|p1a: Grimmsnarl|Light Screen|p1a: Grimmsnarl
|-sidestart|p1: dillonjones6|move: Light Screen
|move|p1b: Pelipper|Hurricane|p2a: Whimsicott
|-supereffective|p2a: Whimsicott|1
|-enditem|p2a: Whimsicott|Focus Sash
|-damage|p2a: Whimsicott|1/100
|
|-weather|RainDance|[upkeep]
|upkeep
|turn|2
|inactive|dillonjones6 has 30 seconds left.
|
|t:|1785984703
|switch|p1b: Swampert|Swampert, L50, M|100/100
|detailschange|p2b: Charizard|Charizard-Mega-Y, L50, F
|-mega|p2b: Charizard|Charizard|Charizardite Y
|-weather|SunnyDay|[from] ability: Drought|[of] p2b: Charizard
|move|p2a: Whimsicott|Encore|p1a: Grimmsnarl
|-hint|Since gen 7, Dark is immune to Prankster moves.
|-immune|p1a: Grimmsnarl
|move|p1a: Grimmsnarl|Reflect|p1a: Grimmsnarl
|-sidestart|p1: dillonjones6|Reflect
|move|p2b: Charizard|Heat Wave|p1b: Swampert|[spread] p1a
|-miss|p2b: Charizard|p1b: Swampert
|-damage|p1a: Grimmsnarl|66/100
|
|-weather|SunnyDay|[upkeep]
|upkeep
|turn|3
|inactive|dillonjones6 has 30 seconds left.
|
|t:|1785984733
|switch|p2b: Basculegion|Basculegion, L50, M|100/100
|detailschange|p1b: Swampert|Swampert-Mega, L50, M
|-mega|p1b: Swampert|Swampert|Swampertite
|move|p2a: Whimsicott|Protect|p2a: Whimsicott
|-singleturn|p2a: Whimsicott|Protect
|move|p1b: Swampert|Wave Crash|p2b: Basculegion
|-resisted|p2b: Basculegion|1
|-damage|p2b: Basculegion|77/100
|-damage|p1b: Swampert|93/100|[from] Recoil
|move|p1a: Grimmsnarl|Spirit Break|p2a: Whimsicott
|-activate|p2a: Whimsicott|move: Protect
|
|-weather|SunnyDay|[upkeep]
|upkeep
|turn|4
|inactive|dillonjones6 has 30 seconds left.
|inactive|abadanriyi92 has 30 seconds left.
|inactive|dillonjones6 has 20 seconds left.
|inactive|abadanriyi92 has 20 seconds left.
|inactive|dillonjones6 has 15 seconds left.
|inactive|abadanriyi92 has 15 seconds left.
|inactive|dillonjones6 has 10 seconds left.
|inactive|dillonjones6 has 5 seconds left.
|
|t:|1785984784
|move|p1a: Grimmsnarl|Parting Shot|p2b: Basculegion
|-unboost|p2b: Basculegion|atk|1
|-unboost|p2b: Basculegion|spa|1
|
|t:|1785984788
|switch|p1a: Pelipper|Pelipper, L50, M|100/100|[from] Parting Shot
|-weather|RainDance|[from] ability: Drizzle|[of] p1a: Pelipper
|move|p2a: Whimsicott|Moonblast|p1b: Swampert
|-damage|p1b: Swampert|73/100
|move|p2b: Basculegion|Wave Crash|p1b: Swampert
|-damage|p1b: Swampert|21/100
|-damage|p2b: Basculegion|59/100|[from] Recoil
|-damage|p2b: Basculegion|49/100|[from] item: Life Orb
|move|p1b: Swampert|Earthquake|p2a: Whimsicott|[spread] p2a,p2b
|-immune|p1a: Pelipper
|-resisted|p2a: Whimsicott|1
|-damage|p2a: Whimsicott|0 fnt
|-damage|p2b: Basculegion|0 fnt
|faint|p2a: Whimsicott
|faint|p2b: Basculegion
|
|-weather|RainDance|[upkeep]
|-sideend|p2: abadanriyi92|move: Tailwind
|upkeep
|
|t:|1785984806
|switch|p2a: Charizard|Charizard-Mega-Y, L50, F|100/100
|switch|p2b: Garchomp|Garchomp, L50, F|100/100
|-weather|SunnyDay|[from] ability: Drought|[of] p2a: Charizard
|turn|5
|inactive|abadanriyi92 has 30 seconds left.
|
|t:|1785984837
|switch|p1a: Grimmsnarl|Grimmsnarl, L50, M|66/100
|move|p1b: Swampert|Protect|p1b: Swampert
|-singleturn|p1b: Swampert|Protect
|move|p2b: Garchomp|Rock Slide|p1a: Grimmsnarl|[spread] p1a
|-activate|p1b: Swampert|move: Protect
|-damage|p1a: Grimmsnarl|50/100g
|move|p2a: Charizard|Weather Ball|p1b: Swampert
|-activate|p1b: Swampert|move: Protect
|
|-weather|SunnyDay|[upkeep]
|upkeep
|turn|6
|
|t:|1785984859
|switch|p1b: Pelipper|Pelipper, L50, M|100/100
|-weather|RainDance|[from] ability: Drizzle|[of] p1b: Pelipper
|move|p2a: Charizard|Protect|p2a: Charizard
|-singleturn|p2a: Charizard|Protect
|move|p1a: Grimmsnarl|Parting Shot|p2a: Charizard
|-activate|p2a: Charizard|move: Protect
|move|p2b: Garchomp|Earthquake|p1b: Pelipper|[spread] p1a
|-activate|p2a: Charizard|move: Protect
|-immune|p1b: Pelipper
|-damage|p1a: Grimmsnarl|19/100
|
|-weather|RainDance|[upkeep]
|upkeep
|turn|7
|inactive|dillonjones6 has 30 seconds left.
|
|t:|1785984893
|move|p2b: Garchomp|Rock Slide|p1a: Grimmsnarl|[spread] p1a,p1b
|-supereffective|p1b: Pelipper|1
|-damage|p1a: Grimmsnarl|3/100
|-damage|p1b: Pelipper|77/100
|move|p2a: Charizard|Weather Ball|p1a: Grimmsnarl
|-damage|p1a: Grimmsnarl|0 fnt
|faint|p1a: Grimmsnarl
|move|p1b: Pelipper|Tailwind|p1b: Pelipper
|-sidestart|p1: dillonjones6|move: Tailwind
|
|-weather|RainDance|[upkeep]
|upkeep
|
|t:|1785984910
|switch|p1a: Swampert|Swampert-Mega, L50, M|21/100
|turn|8
|
|t:|1785984935
|move|p1b: Pelipper|Wide Guard|p1b: Pelipper
|-singleturn|p1b: Pelipper|Wide Guard
|move|p1a: Swampert|Ice Punch|p2b: Garchomp
|-supereffective|p2b: Garchomp|2
|-damage|p2b: Garchomp|0 fnt
|-damage|p1a: Swampert|9/100|[from] ability: Rough Skin|[of] p2b: Garchomp
|faint|p2b: Garchomp
|move|p2a: Charizard|Weather Ball|p1b: Pelipper
|-resisted|p1b: Pelipper|1
|-damage|p1b: Pelipper|49/100
|-enditem|p1b: Pelipper|Sitrus Berry|[eat]
|-heal|p1b: Pelipper|73/100|[from] item: Sitrus Berry
|
|-weather|RainDance|[upkeep]
|-sideend|p1: dillonjones6|move: Light Screen
|upkeep
|turn|9
|
|t:|1785984957
|move|p2a: Charizard|Protect|p2a: Charizard
|-singleturn|p2a: Charizard|Protect
|move|p1a: Swampert|Wave Crash|p2a: Charizard
|-activate|p2a: Charizard|move: Protect
|move|p1b: Pelipper|Hurricane|p2a: Charizard
|-activate|p2a: Charizard|move: Protect
|
|-weather|RainDance|[upkeep]
|-sideend|p1: dillonjones6|Reflect
|upkeep
|turn|10
|
|t:|1785984967
|move|p2a: Charizard|Protect||[still]
|-fail|p2a: Charizard
|move|p1a: Swampert|Wave Crash|p2a: Charizard
|-supereffective|p2a: Charizard|1
|-damage|p2a: Charizard|0 fnt
|faint|p2a: Charizard
|-damage|p1a: Swampert|0 fnt|[from] Recoil
|faint|p1a: Swampert
|
|win|dillonjones6
