|j|☆MrTedno
|j|☆elmeroromerovgc
|html|MrTednoelmeroromerovgc    
|uhtml|bestof|Game 1 of a best-of-3
|t:|1756330201
|gametype|doubles
|player|p1|MrTedno|barry|1220
|player|p2|elmeroromerovgc|265|1152
|gen|9
|tier|[Gen 9] VGC 2025 Reg H (Bo3)
|rated|
|rule|Species Clause: Limit one of each Pokémon
|rule|Item Clause: Limit 1 of each item
|clearpoke
|poke|p1|Dondozo, L50, M|
|poke|p1|Tatsugiri, L50, M|
|poke|p1|Politoed, L50, F|
|poke|p1|Archaludon, L50, M|
|poke|p1|Amoonguss, L50, M|
|poke|p1|Overqwil, L50, M|
|poke|p2|Gholdengo, L50|
|poke|p2|Sneasler, L50, M|
|poke|p2|Rillaboom, L50, F|
|poke|p2|Dragonite, L50, F|
|poke|p2|Ninetales-Alola, L50, F|
|poke|p2|Arcanine-Hisui, L50, M|
|teampreview|4
|showteam|p1|Dondozo||LifeOrb|Unaware|Surf,Protect,SleepTalk|||M|||50|,,,,,Water]Tatsugiri||FocusSash|Commander|DracoMeteor,Protect,MuddyWater,Taunt|||M|||50|,,,,,Stellar]Politoed||SitrusBerry|Drizzle|WeatherBall,IceBeam,Haze,Protect|||F|||50|,,,,,Steel]Archaludon||AssaultVest|Stamina|BodyPress,ElectroShot,DragonPulse,FlashCannon|||M|||50|,,,,,Grass]Amoonguss||RockyHelmet|Regenerator|Spore,RagePowder,PollenPuff,Protect|||M|||50|,,,,,Fairy]Overqwil||ChoiceBand|SwiftSwim|PoisonJab,ThroatChop,Liquidation,PinMissile|||M|||50|,,,,,Ghost
|showteam|p2|Gholdengo||GrassySeed|GoodasGold|NastyPlot,MakeItRain,ShadowBall,Protect||||||50|,,,,,Water]Sneasler||WhiteHerb|Unburden|CloseCombat,DireClaw,Coaching,Protect|||M|||50|,,,,,Ghost]Rillaboom||AssaultVest|GrassySurge|FakeOut,GrassyGlide,DrumBeating,HighHorsepower|||F|||50|,,,,,Fire]Dragonite||LoadedDice|Multiscale|ScaleShot,StompingTantrum,Tailwind,Protect|||F|||50|,,,,,Ground]Ninetales-Alola||FocusSash|SnowWarning|Blizzard,IcyWind,Encore,AuroraVeil|||F|||50|,,,,,Ghost]Arcanine-Hisui||ClearAmulet|Intimidate|RockSlide,FlareBlitz,ExtremeSpeed,Protect|||M|||50|,,,,,Water
|inactive|Battle timer is ON: inactive players will automatically lose when time's up. (requested by elmeroromerovgc)
|inactive|MrTedno has 60 seconds left.
|
|t:|1756330286
|teamsize|p1|4
|teamsize|p2|4
|start
|switch|p1a: Barnacles|Archaludon, L50, M|100/100
|switch|p1b: Tweak|Politoed, L50, F|100/100
|switch|p2a: Dragonite|Dragonite, L50, F|100/100
|switch|p2b: Rillaboom|Rillaboom, L50, F|100/100
|-fieldstart|move: Grassy Terrain|[from] ability: Grassy Surge|[of] p2b: Rillaboom
|-weather|RainDance|[from] ability: Drizzle|[of] p1b: Tweak
|turn|1
|inactive|MrTedno has 30 seconds left.
|inactive|MrTedno has 20 seconds left.
|
|t:|1756330322
|move|p1b: Tweak|Protect|p1b: Tweak
|-singleturn|p1b: Tweak|Protect
|move|p2b: Rillaboom|High Horsepower|p1b: Tweak
|-activate|p1b: Tweak|move: Protect
|move|p2a: Dragonite|Scale Shot|p1b: Tweak
|-activate|p1b: Tweak|move: Protect
|move|p1a: Barnacles|Electro Shot||[still]
|-prepare|p1a: Barnacles|Electro Shot
|-boost|p1a: Barnacles|spa|1
|-anim|p1a: Barnacles|Electro Shot|p2a: Dragonite
|-damage|p2a: Dragonite|66/100
|
|-weather|RainDance|[upkeep]
|upkeep
|turn|2
|inactive|MrTedno has 30 seconds left.
|inactive|MrTedno has 20 seconds left.
|
|t:|1756330360
|switch|p1b: Turnip|Amoonguss, L50, M|100/100
|move|p2b: Rillaboom|High Horsepower|p1b: Turnip
|-damage|p1b: Turnip|78/100
|-damage|p2b: Rillaboom|84/100|[from] item: Rocky Helmet|[of] p1b: Turnip
|move|p2a: Dragonite|Scale Shot|p1b: Turnip
|-damage|p1b: Turnip|66/100
|-damage|p1b: Turnip|54/100
|-damage|p1b: Turnip|41/100
|-damage|p1b: Turnip|29/100
|-damage|p1b: Turnip|17/100
|-hitcount|p1b: Turnip|5
|-unboost|p2a: Dragonite|def|1
|-boost|p2a: Dragonite|spe|1
|move|p1a: Barnacles|Dragon Pulse|p2a: Dragonite
|-supereffective|p2a: Dragonite
|-damage|p2a: Dragonite|0 fnt
|faint|p2a: Dragonite
|
|-weather|RainDance|[upkeep]
|-heal|p2b: Rillaboom|90/100|[from] Grassy Terrain
|-heal|p1b: Turnip|23/100|[from] Grassy Terrain
|upkeep
|
|t:|1756330378
|switch|p2a: Gholdengo|Gholdengo, L50|100/100
|-enditem|p2a: Gholdengo|Grassy Seed
|-boost|p2a: Gholdengo|def|1|[from] item: Grassy Seed
|turn|3
|inactive|MrTedno has 30 seconds left.
|inactive|MrTedno has 20 seconds left.
|inactive|MrTedno has 15 seconds left.
|
|t:|1756330419
|switch|p2b: Ninetales|Ninetales-Alola, L50, F|100/100
|-weather|Snowscape|[from] ability: Snow Warning|[of] p2b: Ninetales
|switch|p1b: Tweak|Politoed, L50, F|100/100
|-weather|RainDance|[from] ability: Drizzle|[of] p1b: Tweak
|move|p2a: Gholdengo|Nasty Plot|p2a: Gholdengo
|-boost|p2a: Gholdengo|spa|2
|move|p1a: Barnacles|Electro Shot||[still]
|-prepare|p1a: Barnacles|Electro Shot
|-boost|p1a: Barnacles|spa|1
|-anim|p1a: Barnacles|Electro Shot|p2a: Gholdengo
|-damage|p2a: Gholdengo|24/100
|
|-weather|RainDance|[upkeep]
|-heal|p2a: Gholdengo|30/100|[from] Grassy Terrain
|upkeep
|turn|4
|inactive|MrTedno has 30 seconds left.
|inactive|MrTedno has 20 seconds left.
|inactive|MrTedno has 15 seconds left.
|inactive|MrTedno has 10 seconds left.
|inactive|MrTedno has 5 seconds left.
|
|t:|1756330473
|move|p2b: Ninetales|Blizzard|p1b: Tweak|[spread] p1a,p1b
|-resisted|p1b: Tweak
|-damage|p1a: Barnacles|77/100
|-damage|p1b: Tweak|90/100
|-ability|p1a: Barnacles|Stamina|boost
|-boost|p1a: Barnacles|def|1
|move|p2a: Gholdengo|Shadow Ball|p1a: Barnacles
|-damage|p1a: Barnacles|22/100
|-ability|p1a: Barnacles|Stamina|boost
|-boost|p1a: Barnacles|def|1
|move|p1a: Barnacles|Electro Shot||[still]
|-prepare|p1a: Barnacles|Electro Shot
|-boost|p1a: Barnacles|spa|1
|-anim|p1a: Barnacles|Electro Shot|p2a: Gholdengo
|-damage|p2a: Gholdengo|0 fnt
|faint|p2a: Gholdengo
|move|p1b: Tweak|Haze|p1b: Tweak
|-clearallboost
|
|-weather|RainDance|[upkeep]
|-heal|p1a: Barnacles|28/100|[from] Grassy Terrain
|-heal|p1b: Tweak|96/100|[from] Grassy Terrain
|upkeep
|
|t:|1756330476
|switch|p2a: Rillaboom|Rillaboom, L50, F|90/100
|turn|5
|inactive|MrTedno has 30 seconds left.
|inactive|MrTedno has 20 seconds left.
|
|t:|1756330515
|move|p1b: Tweak|Protect|p1b: Tweak
|-singleturn|p1b: Tweak|Protect
|move|p2b: Ninetales|Blizzard|p1b: Tweak|[spread] 
|-activate|p1b: Tweak|move: Protect
|-miss|p2b: Ninetales|p1a: Barnacles
|move|p2a: Rillaboom|Drum Beating|p1b: Tweak
|-activate|p1b: Tweak|move: Protect
|move|p1a: Barnacles|Flash Cannon|p2b: Ninetales
|-supereffective|p2b: Ninetales
|-enditem|p2b: Ninetales|Focus Sash
|-damage|p2b: Ninetales|1/100
|
|-weather|RainDance|[upkeep]
|-heal|p2b: Ninetales|7/100|[from] Grassy Terrain
|-heal|p2a: Rillaboom|96/100|[from] Grassy Terrain
|-heal|p1a: Barnacles|34/100|[from] Grassy Terrain
|-heal|p1b: Tweak|100/100|[from] Grassy Terrain
|-fieldend|move: Grassy Terrain
|upkeep
|turn|6
|inactive|MrTedno has 30 seconds left.
|
|t:|1756330545
|-terastallize|p1b: Tweak|Steel
|move|p2b: Ninetales|Encore|p1b: Tweak
|-start|p1b: Tweak|Encore
|move|p2a: Rillaboom|High Horsepower|p1a: Barnacles
|-supereffective|p1a: Barnacles
|-damage|p1a: Barnacles|0 fnt
|faint|p1a: Barnacles
|move|p1b: Tweak|Protect||[still]
|-fail|p1b: Tweak
|
|-weather|RainDance|[upkeep]
|upkeep
|
|t:|1756330550
|switch|p1a: Shellington|Overqwil, L50, M|100/100
|turn|7
|
|t:|1756330567
|switch|p1b: Turnip|Amoonguss, L50, M|56/100
|-terastallize|p2a: Rillaboom|Fire
|move|p1a: Shellington|Poison Jab|p2a: Rillaboom
|-damage|p2a: Rillaboom|39/100
|move|p2b: Ninetales|Icy Wind|p1b: Turnip|[spread] p1a,p1b
|-supereffective|p1b: Turnip
|-damage|p1a: Shellington|76/100
|-damage|p1b: Turnip|30/100
|-unboost|p1a: Shellington|spe|1
|-unboost|p1b: Turnip|spe|1
|move|p2a: Rillaboom|High Horsepower|p1b: Turnip
|-damage|p1b: Turnip|8/100
|-damage|p2a: Rillaboom|22/100|[from] item: Rocky Helmet|[of] p1b: Turnip
|
|-weather|none
|upkeep
|turn|8
|
|t:|1756330587
|switch|p1b: Tweak|Politoed, L50, F, tera:Steel|100/100
|-weather|RainDance|[from] ability: Drizzle|[of] p1b: Tweak
|move|p1a: Shellington|Poison Jab|p2a: Rillaboom
|-damage|p2a: Rillaboom|0 fnt
|faint|p2a: Rillaboom
|move|p2b: Ninetales|Blizzard|p1b: Tweak|[spread] p1a,p1b
|-resisted|p1b: Tweak
|-damage|p1a: Shellington|28/100
|-damage|p1b: Tweak|89/100
|
|-weather|RainDance|[upkeep]
|upkeep
|turn|9
|-message|elmeroromerovgc forfeited.
|
|win|MrTedno
|l|☆elmeroromerovgc
|player|p2|
||MrTedno is ready for game 2.
||elmeroromerovgc is ready for game 2.
|uhtml|next|Next: Game 2 of 3
