|j|☆KKameleon8
|j|☆dondozo ate my son
|html|KKameleon8dondozo ate my son    
|uhtml|bestof|Game 2 of a best-of-3
|t:|1784421903
|gametype|doubles
|player|p1|KKameleon8|1|1405
|player|p2|dondozo ate my son|102|1355
|gen|9
|tier|[Gen 9 Champions] VGC 2026 Reg M-B (Bo3)
|rated|
|rule|Species Clause: Limit one of each Pokémon
|rule|Item Clause: Limit 1 of each item
|clearpoke
|poke|p1|Hawlucha, L50, M|
|poke|p1|Mr. Rime, L50, F|
|poke|p1|Incineroar, L50, M|
|poke|p1|Kingambit, L50, M|
|poke|p1|Sinistcha, L50|
|poke|p1|Floette-Eternal, L50, F|
|poke|p2|Gengar, L50, M|
|poke|p2|Swampert, L50, F|
|poke|p2|Incineroar, L50, F|
|poke|p2|Politoed, L50, F|
|poke|p2|Archaludon, L50, F|
|poke|p2|Vivillon, L50, M|
|teampreview|4
|showteam|p1|Hawlucha||Hawluchanite|Limber|BraveBird,StoneEdge,Entrainment,Protect|Jolly||M|||50|]Mr. Rime||FocusSash|ScreenCleaner|IceShard,FakeOut,SheerCold,Protect|Jolly||F|||50|]Incineroar||SitrusBerry|Intimidate|DarkestLariat,FlareBlitz,FakeOut,PartingShot|Impish||M|||50|]Kingambit||LifeOrb|Defiant|KowtowCleave,SuckerPunch,SwordsDance,Protect|Adamant||M|||50|]Sinistcha||CobaBerry|Hospitality|MatchaGotcha,RagePowder,TrickRoom,ShadowBall|Calm|||||50|]Floette-Eternal||Floettite|FlowerVeil|Moonblast,DazzlingGleam,LightofRuin,Protect|Timid||F|||50|
|showteam|p2|Gengar||Gengarite|CursedBody|ShadowBall,PerishSong,SludgeBomb,Protect|Timid||M|||50|]Swampert||Swampertite|Torrent|WaveCrash,Earthquake,IcePunch,Protect|Adamant||F|||50|]Incineroar||PasshoBerry|Intimidate|ThroatChop,PartingShot,FakeOut,Protect|Sassy||F|||50|]Politoed||SitrusBerry|Drizzle|WeatherBall,PerishSong,Encore,Protect|Calm||F|||50|]Archaludon||Leftovers|Stamina|DragonPulse,FlashCannon,ElectroShot,Protect|Bold||F|||50|]Vivillon||FocusSash|CompoundEyes|Hurricane,SleepPowder,RagePowder,Protect|Timid||M|||50|
|
|t:|1784421924
|teamsize|p1|4
|teamsize|p2|4
|start
|switch|p1a: Hawlucha|Hawlucha, L50, M|100/100
|switch|p1b: Kingambit|Kingambit, L50, M|100/100
|switch|p2a: Gengar|Gengar, L50, M|100/100
|switch|p2b: Vivillon|Vivillon, L50, M|100/100
|turn|1
|
|t:|1784421935
|detailschange|p1a: Hawlucha|Hawlucha-Mega, L50, M
|-mega|p1a: Hawlucha|Hawlucha|Hawluchanite
|detailschange|p2a: Gengar|Gengar-Mega, L50, M
|-mega|p2a: Gengar|Gengar|Gengarite
|move|p1b: Kingambit|Protect|p1b: Kingambit
|-singleturn|p1b: Kingambit|Protect
|move|p1a: Hawlucha|Entrainment|p2a: Gengar
|-ability|p2a: Gengar|No Guard|Shadow Tag|[from] move: Entrainment|[of] p1a: Hawlucha
|move|p2a: Gengar|Perish Song|p2a: Gengar
|-start|p1a: Hawlucha|perish3|[silent]
|-start|p1b: Kingambit|perish3|[silent]
|-start|p2a: Gengar|perish3|[silent]
|-start|p2b: Vivillon|perish3|[silent]
|-fieldactivate|move: Perish Song
|move|p2b: Vivillon|Sleep Powder|p1b: Kingambit
|-activate|p1b: Kingambit|move: Protect
|
|-start|p1a: Hawlucha|perish3
|-start|p2a: Gengar|perish3
|-start|p2b: Vivillon|perish3
|-start|p1b: Kingambit|perish3
|upkeep
|turn|2
|inactive|Battle timer is ON: inactive players will automatically lose when time's up. (requested by KKameleon8)
|
|t:|1784421991
|switch|p2a: Politoed|Politoed, L50, F|100/100
|-weather|RainDance|[from] ability: Drizzle|[of] p2a: Politoed
|switch|p1b: Sinistcha|Sinistcha, L50|100/100
|move|p1a: Hawlucha|Stone Edge|p2b: Vivillon
|-supereffective|p2b: Vivillon|2
|-enditem|p2b: Vivillon|Focus Sash
|-damage|p2b: Vivillon|1/100
|move|p2b: Vivillon|Hurricane|p1a: Hawlucha
|-supereffective|p1a: Hawlucha|1
|-damage|p1a: Hawlucha|0 fnt
|faint|p1a: Hawlucha
|
|-weather|RainDance|[upkeep]
|-start|p2b: Vivillon|perish2
|upkeep
|
|t:|1784422000
|switch|p1a: Mr. Rime|Mr. Rime, L50, F|100/100
|turn|3
|
|t:|1784422012
|switch|p2b: Incineroar|Incineroar, L50, F|100/100
|-ability|p2b: Incineroar|Intimidate|boost
|-unboost|p1a: Mr. Rime|atk|1
|-unboost|p1b: Sinistcha|atk|1
|move|p1a: Mr. Rime|Ice Shard|p2b: Incineroar
|-resisted|p2b: Incineroar|1
|-damage|p2b: Incineroar|95/100
|move|p2a: Politoed|Perish Song|p2a: Politoed
|-start|p1a: Mr. Rime|perish3|[silent]
|-start|p1b: Sinistcha|perish3|[silent]
|-start|p2a: Politoed|perish3|[silent]
|-start|p2b: Incineroar|perish3|[silent]
|-fieldactivate|move: Perish Song
|move|p1b: Sinistcha|Trick Room|p1b: Sinistcha
|-fieldstart|move: Trick Room|[of] p1b: Sinistcha
|
|-weather|RainDance|[upkeep]
|-start|p2b: Incineroar|perish3
|-start|p1b: Sinistcha|perish3
|-start|p2a: Politoed|perish3
|-start|p1a: Mr. Rime|perish3
|upkeep
|turn|4
|
|t:|1784422031
|switch|p1a: Kingambit|Kingambit, L50, M|100/100
|move|p2b: Incineroar|Parting Shot|p1a: Kingambit
|-unboost|p1a: Kingambit|atk|1
|-ability|p1a: Kingambit|Defiant|boost
|-boost|p1a: Kingambit|atk|2
|-unboost|p1a: Kingambit|spa|1
|-ability|p1a: Kingambit|Defiant|boost
|-boost|p1a: Kingambit|atk|2
|
|t:|1784422049
|switch|p2b: Gengar|Gengar-Mega, L50, M|100/100|[from] Parting Shot
|move|p1b: Sinistcha|Matcha Gotcha|p2a: Politoed|[spread] p2a,p2b
|-supereffective|p2a: Politoed|1
|-resisted|p2b: Gengar|1
|-damage|p2a: Politoed|60/100
|-damage|p2b: Gengar|87/100
|move|p2a: Politoed|Perish Song|p2a: Politoed
|-start|p1a: Kingambit|perish3|[silent]
|-start|p2b: Gengar|perish3|[silent]
|-fieldactivate|move: Perish Song
|
|-weather|RainDance|[upkeep]
|-start|p1a: Kingambit|perish3
|-start|p1b: Sinistcha|perish2
|-start|p2a: Politoed|perish2
|-start|p2b: Gengar|perish3
|upkeep
|turn|5
|
|t:|1784422062
|switch|p2a: Vivillon|Vivillon, L50, M|1/100
|move|p2b: Gengar|Protect|p2b: Gengar
|-singleturn|p2b: Gengar|Protect
|move|p1a: Kingambit|Kowtow Cleave|p2a: Vivillon
|-damage|p2a: Vivillon|0 fnt
|faint|p2a: Vivillon
|-damage|p1a: Kingambit|90/100|[from] item: Life Orb
|move|p1b: Sinistcha|Shadow Ball|p2b: Gengar
|-activate|p2b: Gengar|move: Protect
|
|-weather|RainDance|[upkeep]
|-start|p1a: Kingambit|perish2
|-start|p1b: Sinistcha|perish1
|-start|p2b: Gengar|perish2
|upkeep
|
|t:|1784422080
|switch|p2a: Incineroar|Incineroar, L50, F|95/100
|-ability|p2a: Incineroar|Intimidate|boost
|-unboost|p1a: Kingambit|atk|1
|-ability|p1a: Kingambit|Defiant|boost
|-boost|p1a: Kingambit|atk|2
|-unboost|p1b: Sinistcha|atk|1
|turn|6
|
|t:|1784422095
|switch|p1b: Mr. Rime|Mr. Rime, L50, F|100/100
|move|p2a: Incineroar|Fake Out|p1a: Kingambit
|-resisted|p1a: Kingambit|1
|-damage|p1a: Kingambit|85/100
|cant|p1a: Kingambit|flinch
|move|p2b: Gengar|Shadow Ball|p1b: Mr. Rime
|-supereffective|p1b: Mr. Rime|1
|-damage|p1b: Mr. Rime|1/100
|-unboost|p1b: Mr. Rime|spd|1
|
|-weather|none
|-start|p1a: Kingambit|perish1
|-start|p2b: Gengar|perish1
|upkeep
|turn|7
|
|t:|1784422118
|switch|p2b: Politoed|Politoed, L50, F|60/100
|-weather|RainDance|[from] ability: Drizzle|[of] p2b: Politoed
|move|p2a: Incineroar|Protect|p2a: Incineroar
|-singleturn|p2a: Incineroar|Protect
|move|p1a: Kingambit|Kowtow Cleave|p2b: Politoed
|-damage|p2b: Politoed|0 fnt
|faint|p2b: Politoed
|-damage|p1a: Kingambit|76/100|[from] item: Life Orb
|move|p1b: Mr. Rime|Sheer Cold|p2a: Incineroar
|-activate|p2a: Incineroar|move: Protect
|
|-weather|RainDance|[upkeep]
|-start|p1a: Kingambit|perish0
|-fieldend|move: Trick Room
|faint|p1a: Kingambit
|upkeep
|
|t:|1784422124
|switch|p2b: Gengar|Gengar-Mega, L50, M|87/100
|switch|p1a: Sinistcha|Sinistcha, L50|100/100
|-heal|p1b: Mr. Rime|25/100|[from] ability: Hospitality|[of] p1a: Sinistcha
|turn|8
|
|t:|1784422139
|move|p1a: Sinistcha|Rage Powder|p1a: Sinistcha
|-singleturn|p1a: Sinistcha|move: Rage Powder
|move|p2b: Gengar|Shadow Ball|p1a: Sinistcha
|-supereffective|p1a: Sinistcha|1
|-damage|p1a: Sinistcha|25/100
|move|p1b: Mr. Rime|Sheer Cold|p2b: Gengar|[miss]
|-miss|p1b: Mr. Rime|p2b: Gengar
|move|p2a: Incineroar|Throat Chop|p1a: Sinistcha
|-supereffective|p1a: Sinistcha|1
|-damage|p1a: Sinistcha|0 fnt
|faint|p1a: Sinistcha
|
|-weather|RainDance|[upkeep]
|upkeep
|turn|9
|
|t:|1784422160
|move|p1b: Mr. Rime|Protect|p1b: Mr. Rime
|-singleturn|p1b: Mr. Rime|Protect
|move|p2b: Gengar|Shadow Ball|p1b: Mr. Rime
|-activate|p1b: Mr. Rime|move: Protect
|move|p2a: Incineroar|Throat Chop|p1b: Mr. Rime
|-activate|p1b: Mr. Rime|move: Protect
|
|-weather|RainDance|[upkeep]
|upkeep
|turn|10
|
|t:|1784422166
|move|p1b: Mr. Rime|Ice Shard|p2b: Gengar
|-damage|p2b: Gengar|68/100
|move|p2b: Gengar|Shadow Ball|p1b: Mr. Rime
|-supereffective|p1b: Mr. Rime|1
|-damage|p1b: Mr. Rime|0 fnt
|faint|p1b: Mr. Rime
|
|win|dondozo ate my son
||KKameleon8 is ready for game 3.
