|j|☆copicentrovgc
|j|☆kinderlew
|html|copicentrovgckinderlew    
|uhtml|bestof|Game 1 of a best-of-3
|t:|1756511510
|gametype|doubles
|player|p1|copicentrovgc|265|1036
|player|p2|kinderlew|1|1083
|gen|9
|tier|[Gen 9] VGC 2025 Reg H (Bo3)
|rated|
|rule|Species Clause: Limit one of each Pokémon
|rule|Item Clause: Limit 1 of each item
|clearpoke
|poke|p1|Garganacl, L50, F|
|poke|p1|Dondozo, L50, M|
|poke|p1|Sneasler, L50, F|
|poke|p1|Gholdengo, L50|
|poke|p1|Ninetales-Alola, L50, M|
|poke|p1|Incineroar, L50, F|
|poke|p2|Ursaluna, L50, M|
|poke|p2|Jumpluff, L50, M|
|poke|p2|Charizard, L50, M|
|poke|p2|Torkoal, L50, M|
|poke|p2|Incineroar, L50, M|
|poke|p2|Porygon2, L50|
|teampreview|4
|showteam|p1|Garganacl||MarangaBerry|PurifyingSalt|SaltCure,StealthRock,Protect,Recover|||F|||50|,,,,,Flying]Dondozo||Leftovers|Unaware|Liquidation,Yawn,Curse,Protect|||M|||50|,,,,,Poison]Sneasler||FocusSash|PoisonTouch|DireClaw,CloseCombat,Coaching,Protect|||F|||50|,,,,,Ghost]Gholdengo||ChoiceScarf|GoodasGold|MakeItRain,ShadowBall,Trick,PowerGem||||||50|,,,,,Steel]Ninetales-Alola||NeverMeltIce|SnowWarning|Blizzard,FreezeDry,Protect,AuroraVeil|||M|||50|,,,,,Ice]Incineroar||AssaultVest|Intimidate|FlareBlitz,KnockOff,FakeOut,Uturn|||F|||50|,,,,,Grass
|showteam|p2|Ursaluna||FlameOrb|Guts|HeadlongRush,Earthquake,Facade,Protect|||M|||50|,,,,,Ghost]Jumpluff||CovertCloak|Chlorophyll|SleepPowder,SunnyDay,RagePowder,Tailwind|||M|||50|,,,,,Water]Charizard||ChoiceSpecs|SolarPower|Overheat,HeatWave,AirSlash,WeatherBall|||M|||50|,,,,,Ghost]Torkoal||EjectPack|Drought|HelpingHand,Overheat,Eruption,Protect|||M|||50|,,,,,Fire]Incineroar||SitrusBerry|Intimidate|FakeOut,FlareBlitz,KnockOff,PartingShot|||M|||50|,,,,,Ghost]Porygon2||Eviolite|Download|TeraBlast,IceBeam,TrickRoom,Recover||||||50|,,,,,Fighting
|
|t:|1756511538
|teamsize|p1|4
|teamsize|p2|4
|start
|switch|p1a: Garganacl|Garganacl, L50, F|100/100
|switch|p1b: Incineroar|Incineroar, L50, F|100/100
|switch|p2a: Charizard|Charizard, L50, M|100/100
|switch|p2b: Jumpluff|Jumpluff, L50, M|100/100
|-ability|p1b: Incineroar|Intimidate|boost
|-unboost|p2a: Charizard|atk|1
|-unboost|p2b: Jumpluff|atk|1
|turn|1
|
|t:|1756511590
|-terastallize|p2a: Charizard|Ghost
|move|p2b: Jumpluff|Rage Powder|p2b: Jumpluff
|-singleturn|p2b: Jumpluff|move: Rage Powder
|move|p2a: Charizard|Heat Wave|p1a: Garganacl|[spread] p1b
|-miss|p2a: Charizard|p1a: Garganacl
|-resisted|p1b: Incineroar
|-crit|p1b: Incineroar
|-damage|p1b: Incineroar|74/100
|move|p1b: Incineroar|U-turn|p2b: Jumpluff
|-damage|p2b: Jumpluff|70/100
|
|t:|1756511602
|switch|p1b: Dondozo|Dondozo, L50, M|100/100|[from] U-turn
|move|p1a: Garganacl|Salt Cure|p2b: Jumpluff
|-supereffective|p2b: Jumpluff
|-damage|p2b: Jumpluff|33/100
|
|upkeep
|turn|2
|
|t:|1756511635
|move|p2b: Jumpluff|Sleep Powder|p1b: Dondozo|[miss]
|-miss|p2b: Jumpluff|p1b: Dondozo
|move|p2a: Charizard|Heat Wave|p1b: Dondozo|[spread] p1a
|-miss|p2a: Charizard|p1b: Dondozo
|-resisted|p1a: Garganacl
|-damage|p1a: Garganacl|82/100
|-enditem|p1a: Garganacl|Maranga Berry|[eat]
|-boost|p1a: Garganacl|spd|1|[from] item: Maranga Berry
|move|p1b: Dondozo|Yawn|p2a: Charizard
|-start|p2a: Charizard|move: Yawn|[of] p1b: Dondozo
|move|p1a: Garganacl|Salt Cure|p2b: Jumpluff
|-supereffective|p2b: Jumpluff
|-crit|p2b: Jumpluff
|-damage|p2b: Jumpluff|0 fnt
|faint|p2b: Jumpluff
|
|upkeep
|
|t:|1756511658
|switch|p2b: Incineroar|Incineroar, L50, M|100/100
|-ability|p2b: Incineroar|Intimidate|boost
|-unboost|p1a: Garganacl|atk|1
|-unboost|p1b: Dondozo|atk|1
|turn|3
|
|t:|1756511672
|switch|p2a: Torkoal|Torkoal, L50, M|100/100
|-weather|SunnyDay|[from] ability: Drought|[of] p2a: Torkoal
|move|p2b: Incineroar|Knock Off|p1b: Dondozo
|-damage|p1b: Dondozo|74/100
|-enditem|p1b: Dondozo|Leftovers|[from] move: Knock Off|[of] p2b: Incineroar
|move|p1b: Dondozo|Curse|p1b: Dondozo
|-unboost|p1b: Dondozo|spe|1
|-boost|p1b: Dondozo|atk|1
|-boost|p1b: Dondozo|def|1
|move|p1a: Garganacl|Stealth Rock|p2b: Incineroar
|-sidestart|p2: kinderlew|move: Stealth Rock
|
|-weather|SunnyDay|[upkeep]
|upkeep
|turn|4
|
|t:|1756511698
|move|p2b: Incineroar|Parting Shot|p1b: Dondozo
|-unboost|p1b: Dondozo|atk|1
|-unboost|p1b: Dondozo|spa|1
|
|t:|1756511702
|switch|p2b: Charizard|Charizard, L50, M, tera:Ghost|100/100|[from] Parting Shot
|-damage|p2b: Charizard|88/100|[from] Stealth Rock
|move|p1a: Garganacl|Salt Cure|p2a: Torkoal
|-supereffective|p2a: Torkoal
|-damage|p2a: Torkoal|86/100
|-start|p2a: Torkoal|Salt Cure
|move|p2a: Torkoal|Overheat|p1a: Garganacl
|-resisted|p1a: Garganacl
|-damage|p1a: Garganacl|63/100
|-unboost|p2a: Torkoal|spa|2
|-enditem|p2a: Torkoal|Eject Pack
|
|t:|1756511714
|switch|p2a: Incineroar|Incineroar, L50, M|100/100
|-damage|p2a: Incineroar|76/100|[from] Stealth Rock
|-ability|p2a: Incineroar|Intimidate|boost
|-unboost|p1a: Garganacl|atk|1
|-unboost|p1b: Dondozo|atk|1
|move|p1b: Dondozo|Yawn|p2a: Incineroar
|-start|p2a: Incineroar|move: Yawn|[of] p1b: Dondozo
|
|-weather|SunnyDay|[upkeep]
|-damage|p2b: Charizard|76/100|[from] ability: Solar Power|[of] p2b: Charizard
|upkeep
|turn|5
|
|t:|1756511742
|move|p1b: Dondozo|Protect|p1b: Dondozo
|-singleturn|p1b: Dondozo|Protect
|move|p2a: Incineroar|Fake Out|p1a: Garganacl
|-resisted|p1a: Garganacl
|-damage|p1a: Garganacl|59/100
|move|p2b: Charizard|Heat Wave|p1b: Dondozo|[spread] p1a
|-activate|p1b: Dondozo|move: Protect
|-resisted|p1a: Garganacl
|-damage|p1a: Garganacl|34/100
|cant|p1a: Garganacl|flinch
|
|-weather|SunnyDay|[upkeep]
|-damage|p2b: Charizard|63/100|[from] ability: Solar Power|[of] p2b: Charizard
|-end|p2a: Incineroar|move: Yawn|[silent]
|-status|p2a: Incineroar|slp
|upkeep
|turn|6
|
|t:|1756511768
|move|p2b: Charizard|Heat Wave|p1b: Dondozo|[spread] p1a,p1b
|-resisted|p1a: Garganacl
|-resisted|p1b: Dondozo
|-damage|p1a: Garganacl|6/100
|-damage|p1b: Dondozo|25/100
|cant|p2a: Incineroar|slp
|move|p1a: Garganacl|Recover|p1a: Garganacl
|-heal|p1a: Garganacl|56/100
|move|p1b: Dondozo|Curse|p1b: Dondozo
|-unboost|p1b: Dondozo|spe|1
|-boost|p1b: Dondozo|atk|1
|-boost|p1b: Dondozo|def|1
|
|-weather|SunnyDay|[upkeep]
|-damage|p2b: Charizard|51/100|[from] ability: Solar Power|[of] p2b: Charizard
|upkeep
|turn|7
|
|t:|1756511795
|switch|p1b: Incineroar|Incineroar, L50, F|74/100
|-ability|p1b: Incineroar|Intimidate|boost
|-unboost|p2a: Incineroar|atk|1
|-unboost|p2b: Charizard|atk|1
|move|p2b: Charizard|Heat Wave|p1a: Garganacl|[spread] p1a,p1b
|-resisted|p1a: Garganacl
|-resisted|p1b: Incineroar
|-damage|p1a: Garganacl|27/100
|-damage|p1b: Incineroar|35/100
|cant|p2a: Incineroar|slp
|move|p1a: Garganacl|Salt Cure|p2b: Charizard
|-damage|p2b: Charizard|41/100
|-start|p2b: Charizard|Salt Cure
|
|-weather|none
|-damage|p2b: Charizard|28/100|[from] Salt Cure
|upkeep
|turn|8
|
|t:|1756511816
|move|p1a: Garganacl|Protect|p1a: Garganacl
|-singleturn|p1a: Garganacl|Protect
|move|p2b: Charizard|Heat Wave|p1a: Garganacl|[spread] p1b
|-activate|p1a: Garganacl|move: Protect
|-resisted|p1b: Incineroar
|-damage|p1b: Incineroar|17/100
|move|p1b: Incineroar|U-turn|p2b: Charizard
|-resisted|p2b: Charizard
|-damage|p2b: Charizard|13/100
|
|t:|1756511828
|switch|p1b: Sneasler|Sneasler, L50, F|100/100|[from] U-turn
|cant|p2a: Incineroar|slp
|
|-damage|p2b: Charizard|1/100|[from] Salt Cure
|upkeep
|turn|9
|
|t:|1756511857
|switch|p2b: Torkoal|Torkoal, L50, M|86/100
|-damage|p2b: Torkoal|61/100|[from] Stealth Rock
|-weather|SunnyDay|[from] ability: Drought|[of] p2b: Torkoal
|move|p1b: Sneasler|Close Combat|p2a: Incineroar
|-supereffective|p2a: Incineroar
|-damage|p2a: Incineroar|0 fnt
|-unboost|p1b: Sneasler|def|1
|-unboost|p1b: Sneasler|spd|1
|faint|p2a: Incineroar
|move|p1a: Garganacl|Recover|p1a: Garganacl
|-heal|p1a: Garganacl|77/100
|
|-weather|SunnyDay|[upkeep]
|upkeep
|-message|kinderlew forfeited.
|
|win|copicentrovgc
|l|☆kinderlew
|player|p2|
||kinderlew is ready for game 2.
