|j|☆Bulba_Ssauroo
|j|☆mochamecha
|html|Bulba_Ssauroomochamecha    
|uhtml|bestof|Game 1 of a best-of-3
|t:|1757113802
|gametype|doubles
|player|p1|Bulba_Ssauroo|101|1000
|player|p2|mochamecha|170|1155
|gen|9
|tier|[Gen 9] VGC 2025 Reg H (Bo3)
|rated|
|rule|Species Clause: Limit one of each Pokémon
|rule|Item Clause: Limit 1 of each item
|clearpoke
|poke|p1|Venusaur, L50, M|
|poke|p1|Torkoal, L50, M|
|poke|p1|Pawmot, L50, F|
|poke|p1|Charizard, L50, M|
|poke|p1|Ursaluna-Bloodmoon, L50, M|
|poke|p1|Farigiraf, L50, M|
|poke|p2|Ninetales-Alola, L50, M|
|poke|p2|Gholdengo, L50|
|poke|p2|Rillaboom, L50, F|
|poke|p2|Annihilape, L50, M|
|poke|p2|Dragonite, L50, M|
|poke|p2|Ursaluna-Bloodmoon, L50, M|
|teampreview|4
|showteam|p1|Venusaur||WideLens|Chlorophyll|LeafStorm,SludgeBomb,SleepPowder,Protect|||M|||50|,,,,,Grass]Torkoal||SitrusBerry|Drought|Eruption,HeatWave,Protect,Yawn|||M|||50|,,,,,Fire]Pawmot||FocusSash|NaturalCure|DoubleShock,CloseCombat,UpperHand,FakeOut|||F|||50|,,,,,Electric]Charizard||ChoiceScarf|SolarPower|HeatWave,Overheat,AirSlash,ScorchingSands|||M|||50|,,,,,Fire]Ursaluna-Bloodmoon||LifeOrb|MindsEye|BloodMoon,HyperVoice,EarthPower,Protect|||M|||50|,,,,,Normal]Farigiraf||SafetyGoggles|ArmorTail|Psychic,DazzlingGleam,HelpingHand,TrickRoom|||M|||50|,,,,,Fairy
|showteam|p2|Ninetales-Alola||FocusSash|SnowWarning|IcicleSpear,Blizzard,AuroraVeil,IcyWind|||M|||50|,,,,,Ghost]Gholdengo||LifeOrb|GoodasGold|MakeItRain,ShadowBall,NastyPlot,Protect||||||50|,,,,,Water]Rillaboom||MiracleSeed|GrassySurge|WoodHammer,FakeOut,GrassyGlide,Protect|||F|||50|,,,,,Fire]Annihilape||SafetyGoggles|Defiant|RageFist,DrainPunch,BulkUp,Protect|||M|||50|,,,,,Fire]Dragonite||LoadedDice|Multiscale|ScaleShot,Haze,Tailwind,Protect|||M|||50|,,,,,Fairy]Ursaluna-Bloodmoon||AssaultVest|MindsEye|BloodMoon,EarthPower,VacuumWave,HyperVoice|||M|||50|,,,,,Water
|inactive|Battle timer is ON: inactive players will automatically lose when time's up. (requested by mochamecha)
|
|t:|1757113855
|teamsize|p1|4
|teamsize|p2|4
|start
|switch|p1a: Charizard|Charizard, L50, M|100/100
|switch|p1b: Torkoal|Torkoal, L50, M|100/100
|switch|p2a: Gholdengo|Gholdengo, L50|100/100
|switch|p2b: Dragonite|Dragonite, L50, M|100/100
|-weather|SunnyDay|[from] ability: Drought|[of] p1b: Torkoal
|turn|1
|
|t:|1757113874
|switch|p2a: Ninetales|Ninetales-Alola, L50, M|100/100
|-weather|Snowscape|[from] ability: Snow Warning|[of] p2a: Ninetales
|move|p1a: Charizard|Heat Wave|p2a: Ninetales|[spread] p2a,p2b
|-supereffective|p2a: Ninetales
|-resisted|p2b: Dragonite
|-damage|p2a: Ninetales|12/100
|-damage|p2b: Dragonite|92/100
|move|p2b: Dragonite|Scale Shot|p1a: Charizard
|-damage|p1a: Charizard|79/100
|-damage|p1a: Charizard|57/100
|-damage|p1a: Charizard|36/100
|-damage|p1a: Charizard|16/100
|-hitcount|p1a: Charizard|4
|-unboost|p2b: Dragonite|def|1
|-boost|p2b: Dragonite|spe|1
|move|p1b: Torkoal|Eruption|p2a: Ninetales|[spread] p2a,p2b
|-supereffective|p2a: Ninetales
|-resisted|p2b: Dragonite
|-damage|p2a: Ninetales|0 fnt
|-damage|p2b: Dragonite|67/100
|faint|p2a: Ninetales
|
|-weather|Snowscape|[upkeep]
|upkeep
|
|t:|1757113891
|switch|p2a: Ursaluna|Ursaluna-Bloodmoon, L50, M|100/100
|turn|2
|
|t:|1757113904
|switch|p1a: Ursaluna|Ursaluna-Bloodmoon, L50, M|100/100
|switch|p1b: Pawmot|Pawmot, L50, F|100/100
|move|p2b: Dragonite|Scale Shot|p1a: Ursaluna
|-damage|p1a: Ursaluna|90/100
|-damage|p1a: Ursaluna|78/100
|-damage|p1a: Ursaluna|68/100
|-damage|p1a: Ursaluna|56/100
|-hitcount|p1a: Ursaluna|4
|-unboost|p2b: Dragonite|def|1
|-boost|p2b: Dragonite|spe|1
|move|p2a: Ursaluna|Earth Power|p1b: Pawmot
|-supereffective|p1b: Pawmot
|-enditem|p1b: Pawmot|Focus Sash
|-damage|p1b: Pawmot|1/100
|
|-weather|Snowscape|[upkeep]
|upkeep
|turn|3
|inactive|Bulba_Ssauroo has 30 seconds left.
|
|t:|1757113936
|move|p2b: Dragonite|Protect|p2b: Dragonite
|-singleturn|p2b: Dragonite|Protect
|move|p2a: Ursaluna|Vacuum Wave|p1b: Pawmot
|-damage|p1b: Pawmot|0 fnt
|faint|p1b: Pawmot
|move|p1a: Ursaluna|Blood Moon|p2b: Dragonite
|-activate|p2b: Dragonite|move: Protect
|
|-weather|Snowscape|[upkeep]
|upkeep
|
|t:|1757113948
|switch|p1b: Torkoal|Torkoal, L50, M|100/100
|-weather|SunnyDay|[from] ability: Drought|[of] p1b: Torkoal
|turn|4
|
|t:|1757113957
|move|p2b: Dragonite|Scale Shot|p1a: Ursaluna
|-damage|p1a: Ursaluna|43/100
|-damage|p1a: Ursaluna|32/100
|-crit|p1a: Ursaluna
|-damage|p1a: Ursaluna|14/100
|-damage|p1a: Ursaluna|4/100
|-hitcount|p1a: Ursaluna|4
|-unboost|p2b: Dragonite|def|1
|-boost|p2b: Dragonite|spe|1
|move|p2a: Ursaluna|Hyper Voice|p1b: Torkoal|[spread] p1a,p1b
|-damage|p1a: Ursaluna|0 fnt
|-damage|p1b: Torkoal|56/100
|faint|p1a: Ursaluna
|move|p1b: Torkoal|Yawn|p2b: Dragonite
|-start|p2b: Dragonite|move: Yawn|[of] p1b: Torkoal
|
|-weather|SunnyDay|[upkeep]
|upkeep
|
|t:|1757113972
|switch|p1a: Charizard|Charizard, L50, M|16/100
|turn|5
|
|t:|1757113980
|-terastallize|p1a: Charizard|Fire
|-terastallize|p2a: Ursaluna|Water
|move|p1b: Torkoal|Protect|p1b: Torkoal
|-singleturn|p1b: Torkoal|Protect
|move|p2b: Dragonite|Scale Shot|p1a: Charizard
|-damage|p1a: Charizard|0 fnt
|faint|p1a: Charizard
|-hitcount|p1: Charizard|1
|-unboost|p2b: Dragonite|def|1
|-boost|p2b: Dragonite|spe|1
|move|p2a: Ursaluna|Hyper Voice|p1b: Torkoal
|-activate|p1b: Torkoal|move: Protect
|
|-weather|SunnyDay|[upkeep]
|-end|p2b: Dragonite|move: Yawn|[silent]
|-status|p2b: Dragonite|slp
|upkeep
|turn|6
|
|t:|1757113996
|cant|p2b: Dragonite|slp
|move|p2a: Ursaluna|Earth Power|p1b: Torkoal
|-supereffective|p1b: Torkoal
|-damage|p1b: Torkoal|0 fnt
|faint|p1b: Torkoal
|
|win|mochamecha
||mochamecha is ready for game 2.
|inactive|Bulba_Ssauroo has 30 seconds to confirm battle start!
|l|☆Bulba_Ssauroo
|player|p1|
|inactive|Bulba_Ssauroo has 20 seconds to confirm battle start!
|inactive|Bulba_Ssauroo has 10 seconds to confirm battle start!
|uhtml|next|Next: Game 2 of 3
