|j|☆MrGreen3432
|j|☆Frakub
|html|MrGreen3432Frakub    
|uhtml|bestof|Game 1 of a best-of-3
|t:|1757852674
|gametype|doubles
|player|p1|MrGreen3432|170|1146
|player|p2|Frakub|acetrainer-gen4dp|1163
|gen|9
|tier|[Gen 9] VGC 2025 Reg H (Bo3)
|rated|
|rule|Species Clause: Limit one of each Pokémon
|rule|Item Clause: Limit 1 of each item
|clearpoke
|poke|p1|Garchomp, L50, M|
|poke|p1|Volcarona, L50, F|
|poke|p1|Misdreavus, L50, F|
|poke|p1|Gothitelle, L50, F|
|poke|p1|Amoonguss, L50, F|
|poke|p1|Incineroar, L50, F|
|poke|p2|Kingambit, L50, F|
|poke|p2|Primarina, L50, M|
|poke|p2|Sneasler, L50, M|
|poke|p2|Magmar, L50, F|
|poke|p2|Rillaboom, L50, M|
|poke|p2|Dragapult, L50, M|
|teampreview|4
|showteam|p1|Garchomp||LifeOrb|RoughSkin|Protect,Earthquake,StompingTantrum,DragonClaw|||M|||50|,,,,,Ground]Volcarona||Leftovers|FlameBody|Protect,GigaDrain,QuiverDance,HeatWave|||F|||50|,,,,,Grass]Misdreavus||Eviolite|Levitate|Protect,PerishSong,WillOWisp,ShadowBall|||F|||50|,,,,,Steel]Gothitelle||SitrusBerry|ShadowTag|Protect,FakeOut,TrickRoom,Psychic|||F|||50|,,,,,Dark]Amoonguss||EjectButton|Regenerator|Protect,RagePowder,Spore,PollenPuff|||F|||50|,,,,,Fairy]Incineroar||SafetyGoggles|Intimidate|Protect,FakeOut,PartingShot,KnockOff|||F|||50|,,,,,Ghost
|showteam|p2|Kingambit||BlackGlasses|Defiant|KowtowCleave,SuckerPunch,SwordsDance,Protect|||F|||50|,,,,,Dark]Primarina||SitrusBerry|LiquidVoice|HyperVoice,Moonblast,Haze,Protect|||M|||50|,,,,,Poison]Sneasler||FocusSash|PoisonTouch|CloseCombat,DireClaw,FakeOut,Protect|||M|||50|,,,,,Stellar]Magmar||Eviolite|VitalSpirit|Overheat,Taunt,FollowMe,Protect|||F|||50|,,,,,Ghost]Rillaboom||AssaultVest|GrassySurge|WoodHammer,GrassyGlide,HighHorsepower,FakeOut|||M|||50|,,,,,Fire]Dragapult||ChoiceBand|ClearBody|DragonDarts,PhantomForce,Outrage,Uturn|||M|||50|,,,,,Dragon
|inactive|Battle timer is ON: inactive players will automatically lose when time's up. (requested by Frakub)
|inactive|MrGreen3432 has 60 seconds left.
|inactive|Frakub has 60 seconds left.
|inactive|Frakub has 30 seconds left.
|
|t:|1757852744
|teamsize|p1|4
|teamsize|p2|4
|start
|switch|p1a: Misdreavus|Misdreavus, L50, F|100/100
|switch|p1b: Amoonguss|Amoonguss, L50, F|100/100
|switch|p2a: Kingambit|Kingambit, L50, F|100/100
|switch|p2b: Magmar|Magmar, L50, F|100/100
|turn|1
|
|t:|1757852767
|move|p2a: Kingambit|Protect|p2a: Kingambit
|-singleturn|p2a: Kingambit|Protect
|move|p1b: Amoonguss|Rage Powder|p1b: Amoonguss
|-singleturn|p1b: Amoonguss|move: Rage Powder
|move|p2b: Magmar|Taunt|p1b: Amoonguss
|-start|p1b: Amoonguss|move: Taunt
|move|p1a: Misdreavus|Perish Song|p1a: Misdreavus
|-start|p1a: Misdreavus|perish3|[silent]
|-start|p1b: Amoonguss|perish3|[silent]
|-start|p2a: Kingambit|perish3|[silent]
|-start|p2b: Magmar|perish3|[silent]
|-fieldactivate|move: Perish Song
|
|-start|p2b: Magmar|perish3
|-start|p1a: Misdreavus|perish3
|-start|p2a: Kingambit|perish3
|-start|p1b: Amoonguss|perish3
|upkeep
|turn|2
|
|t:|1757852778
|switch|p1b: Gothitelle|Gothitelle, L50, F|100/100
|move|p2b: Magmar|Follow Me|p2b: Magmar
|-singleturn|p2b: Magmar|move: Follow Me
|move|p1a: Misdreavus|Will-O-Wisp|p2b: Magmar
|-immune|p2b: Magmar
|move|p2a: Kingambit|Swords Dance|p2a: Kingambit
|-boost|p2a: Kingambit|atk|2
|
|-start|p2b: Magmar|perish2
|-start|p1a: Misdreavus|perish2
|-start|p2a: Kingambit|perish2
|upkeep
|turn|3
|inactive|MrGreen3432 has 30 seconds left.
|
|t:|1757852805
|switch|p1a: Garchomp|Garchomp, L50, M|100/100
|-terastallize|p2b: Magmar|Ghost
|move|p1b: Gothitelle|Fake Out|p2a: Kingambit
|-resisted|p2a: Kingambit
|-damage|p2a: Kingambit|98/100
|move|p2b: Magmar|Overheat|p1b: Gothitelle
|-damage|p1b: Gothitelle|63/100
|-unboost|p2b: Magmar|spa|2
|cant|p2a: Kingambit|flinch
|
|-start|p2b: Magmar|perish1
|-start|p2a: Kingambit|perish1
|upkeep
|turn|4
|
|t:|1757852829
|switch|p2b: Dragapult|Dragapult, L50, M|100/100
|move|p1a: Garchomp|Protect|p1a: Garchomp
|-singleturn|p1a: Garchomp|Protect
|move|p1b: Gothitelle|Protect|p1b: Gothitelle
|-singleturn|p1b: Gothitelle|Protect
|move|p2a: Kingambit|Sucker Punch||[still]
|-fail|p2a: Kingambit
|
|-start|p2a: Kingambit|perish0
|faint|p2a: Kingambit
|upkeep
|
|t:|1757852840
|switch|p2a: Primarina|Primarina, L50, M|100/100
|turn|5
|
|t:|1757852855
|switch|p1b: Amoonguss|Amoonguss, L50, F|100/100
|-terastallize|p1a: Garchomp|Ground
|move|p2b: Dragapult|Phantom Force||[still]
|-prepare|p2b: Dragapult|Phantom Force
|move|p1a: Garchomp|Earthquake|p2b: Dragapult|[spread] p1b,p2a
|-miss|p1a: Garchomp|p2b: Dragapult
|-damage|p1b: Amoonguss|39/100
|-damage|p2a: Primarina|28/100
|-enditem|p2a: Primarina|Sitrus Berry|[eat]
|-heal|p2a: Primarina|53/100|[from] item: Sitrus Berry
|-enditem|p1b: Amoonguss|Eject Button
|-damage|p1a: Garchomp|91/100|[from] item: Life Orb
|
|t:|1757852868
|switch|p1b: Gothitelle|Gothitelle, L50, F|63/100
|move|p2a: Primarina|Moonblast|p1a: Garchomp
|-damage|p1a: Garchomp|43/100
|
|upkeep
|turn|6
|
|t:|1757852878
|switch|p1b: Amoonguss|Amoonguss, L50, F|72/100
|move|p2a: Primarina|Protect|p2a: Primarina
|-singleturn|p2a: Primarina|Protect
|move|p2b: Dragapult|Phantom Force|p1b: Amoonguss|[from] lockedmove
|-damage|p1b: Amoonguss|11/100
|move|p1a: Garchomp|Earthquake|p2a: Primarina|[spread] p1b,p2b
|-activate|p2a: Primarina|move: Protect
|-damage|p1b: Amoonguss|0 fnt
|-damage|p2b: Dragapult|0 fnt
|faint|p1b: Amoonguss
|faint|p2b: Dragapult
|-damage|p1a: Garchomp|33/100|[from] item: Life Orb
|
|upkeep
|
|t:|1757852891
|switch|p2b: Magmar|Magmar, L50, F, tera:Ghost|100/100
|switch|p1b: Misdreavus|Misdreavus, L50, F|100/100
|turn|7
|
|t:|1757852902
|move|p1a: Garchomp|Earthquake|p2a: Primarina|[spread] p2a,p2b
|-immune|p1b: Misdreavus|[from] ability: Levitate
|-damage|p2a: Primarina|0 fnt
|-damage|p2b: Magmar|35/100
|faint|p2a: Primarina
|-damage|p1a: Garchomp|23/100|[from] item: Life Orb
|move|p2b: Magmar|Taunt|p1b: Misdreavus
|-start|p1b: Misdreavus|move: Taunt
|move|p1b: Misdreavus|Shadow Ball|p2b: Magmar
|-supereffective|p2b: Magmar
|-damage|p2b: Magmar|0 fnt
|faint|p2b: Magmar
|
|win|MrGreen3432
||Frakub is ready for game 2.
|inactive|MrGreen3432 has 30 seconds to confirm battle start!
|l|☆MrGreen3432
|player|p1|
||MrGreen3432 is ready for game 2.
|uhtml|next|Next: Game 2 of 3
