|j|☆Bobbo1
|j|☆fustor
|html|Bobbo1fustor    
|uhtml|bestof|Game 1 of a best-of-3
|t:|1756464949
|gametype|doubles
|player|p1|Bobbo1|ghetsis|1084
|player|p2|fustor|102|1000
|gen|9
|tier|[Gen 9] VGC 2025 Reg H (Bo3)
|rated|
|rule|Species Clause: Limit one of each Pokémon
|rule|Item Clause: Limit 1 of each item
|clearpoke
|poke|p1|Palafin, L50, F|
|poke|p1|Incineroar, L50, F|
|poke|p1|Rillaboom, L50, F|
|poke|p1|Gholdengo, L50|
|poke|p1|Volcarona, L50, M|
|poke|p1|Ninetales-Alola, L50, F|
|poke|p2|Charizard, L50, F|
|poke|p2|Torkoal, L50, F|
|poke|p2|Porygon2, L50|
|poke|p2|Incineroar, L50, F|
|poke|p2|Jumpluff, L50, M|
|poke|p2|Ursaluna, L50, M|
|teampreview|4
|showteam|p1|Palafin||MysticWater|ZerotoHero|IcePunch,JetPunch,WaveCrash,Protect|||F|||50|,,,,,Water]Incineroar||RockyHelmet|Intimidate|FakeOut,KnockOff,FlareBlitz,PartingShot|||F|||50|,,,,,Ghost]Rillaboom||AssaultVest|GrassySurge|FakeOut,GrassyGlide,WoodHammer,Uturn|||F|||50|,,,,,Fire]Gholdengo||SpellTag|GoodasGold|NastyPlot,MakeItRain,ShadowBall,Protect||||||50|,,,,,Water]Volcarona||GrassySeed|FlameBody|QuiverDance,FieryDance,GigaDrain,Protect|||M|||50|,,,,,Grass]Ninetales-Alola||LightClay|SnowWarning|AuroraVeil,Blizzard,Moonblast,Protect|||F|||50|,,,,,Fire
|showteam|p2|Charizard||ChoiceSpecs|SolarPower|HeatWave,Overheat,WeatherBall,AirSlash|||F|||50|,,,,,Ghost]Torkoal||EjectPack|Drought|Eruption,Overheat,HelpingHand,Protect|||F|||50|,,,,,Fire]Porygon2||Eviolite|Download|TeraBlast,IceBeam,Recover,TrickRoom||||||50|,,,,,Fighting]Incineroar||SitrusBerry|Intimidate|FlareBlitz,KnockOff,FakeOut,PartingShot|||F|||50|,,,,,Ghost]Jumpluff||CovertCloak|Chlorophyll|SleepPowder,SunnyDay,RagePowder,Tailwind|||M|||50|,,,,,Water]Ursaluna||FlameOrb|Guts|HeadlongRush,Facade,Earthquake,Protect|||M|||50|,,,,,Ghost
|inactive|Battle timer is ON: inactive players will automatically lose when time's up. (requested by fustor)
|
|t:|1756464997
|teamsize|p1|4
|teamsize|p2|4
|start
|switch|p1a: Volcarona|Volcarona, L50, M|100/100
|switch|p1b: Incineroar|Incineroar, L50, F|100/100
|switch|p2a: Porygon2|Porygon2, L50|100/100
|switch|p2b: Charizard|Charizard, L50, F|100/100
|-ability|p1b: Incineroar|Intimidate|boost
|-unboost|p2a: Porygon2|atk|1
|-unboost|p2b: Charizard|atk|1
|-ability|p2a: Porygon2|Download|boost
|-boost|p2a: Porygon2|atk|1
|turn|1
|inactive|fustor has 30 seconds left.
|
|t:|1756465025
|switch|p2b: Ursaluna|Ursaluna, L50, M|100/100
|move|p1a: Volcarona|Quiver Dance|p1a: Volcarona
|-boost|p1a: Volcarona|spa|1
|-boost|p1a: Volcarona|spd|1
|-boost|p1a: Volcarona|spe|1
|move|p1b: Incineroar|Knock Off|p2b: Ursaluna
|-damage|p2b: Ursaluna|68/100
|-enditem|p2b: Ursaluna|Flame Orb|[from] move: Knock Off|[of] p1b: Incineroar
|move|p2a: Porygon2|Trick Room|p2a: Porygon2
|-fieldstart|move: Trick Room|[of] p2a: Porygon2
|
|upkeep
|turn|2
|inactive|Bobbo1 has 30 seconds left.
|inactive|fustor has 30 seconds left.
|
|t:|1756465059
|-terastallize|p1b: Incineroar|Ghost
|move|p1a: Volcarona|Protect|p1a: Volcarona
|-singleturn|p1a: Volcarona|Protect
|move|p1b: Incineroar|Parting Shot|p2b: Ursaluna
|-unboost|p2b: Ursaluna|atk|1
|-unboost|p2b: Ursaluna|spa|1
|
|t:|1756465067
|switch|p1b: Rillaboom|Rillaboom, L50, F|100/100|[from] Parting Shot
|-fieldstart|move: Grassy Terrain|[from] ability: Grassy Surge|[of] p1b: Rillaboom
|-enditem|p1a: Volcarona|Grassy Seed
|-boost|p1a: Volcarona|def|1|[from] item: Grassy Seed
|move|p2a: Porygon2|Tera Blast|p1a: Volcarona
|-activate|p1a: Volcarona|move: Protect
|move|p2b: Ursaluna|Headlong Rush|p1a: Volcarona
|-activate|p1a: Volcarona|move: Protect
|
|-heal|p2b: Ursaluna|74/100|[from] Grassy Terrain
|upkeep
|turn|3
|
|t:|1756465086
|-terastallize|p2b: Ursaluna|Ghost
|move|p1b: Rillaboom|Fake Out|p2b: Ursaluna
|-immune|p2b: Ursaluna
|move|p2a: Porygon2|Ice Beam|p1b: Rillaboom
|-supereffective|p1b: Rillaboom
|-damage|p1b: Rillaboom|65/100
|move|p2b: Ursaluna|Headlong Rush|p1a: Volcarona
|-damage|p1a: Volcarona|60/100
|-unboost|p2b: Ursaluna|def|1
|-unboost|p2b: Ursaluna|spd|1
|-status|p2b: Ursaluna|brn|[from] ability: Flame Body|[of] p1a: Volcarona
|move|p1a: Volcarona|Quiver Dance|p1a: Volcarona
|-boost|p1a: Volcarona|spa|1
|-boost|p1a: Volcarona|spd|1
|-boost|p1a: Volcarona|spe|1
|
|-heal|p2b: Ursaluna|79/100 brn|[from] Grassy Terrain
|-heal|p1b: Rillaboom|71/100|[from] Grassy Terrain
|-heal|p1a: Volcarona|66/100|[from] Grassy Terrain
|-damage|p2b: Ursaluna|74/100 brn|[from] brn
|upkeep
|turn|4
|inactive|Bobbo1 has 30 seconds left.
|inactive|fustor has 30 seconds left.
|
|t:|1756465120
|switch|p2b: Torkoal|Torkoal, L50, F|100/100
|-weather|SunnyDay|[from] ability: Drought|[of] p2b: Torkoal
|move|p1a: Volcarona|Protect|p1a: Volcarona
|-singleturn|p1a: Volcarona|Protect
|move|p2a: Porygon2|Ice Beam|p1b: Rillaboom
|-supereffective|p1b: Rillaboom
|-damage|p1b: Rillaboom|32/100
|move|p1b: Rillaboom|U-turn|p2b: Torkoal
|-resisted|p2b: Torkoal
|-damage|p2b: Torkoal|93/100
|
|t:|1756465130
|switch|p1b: Ninetales|Ninetales-Alola, L50, F|100/100|[from] U-turn
|-weather|Snowscape|[from] ability: Snow Warning|[of] p1b: Ninetales
|
|-weather|Snowscape|[upkeep]
|-heal|p2b: Torkoal|99/100|[from] Grassy Terrain
|-heal|p1a: Volcarona|72/100|[from] Grassy Terrain
|upkeep
|turn|5
|inactive|Bobbo1 has 30 seconds left.
|
|t:|1756465156
|switch|p1b: Incineroar|Incineroar, L50, F, tera:Ghost|100/100
|-ability|p1b: Incineroar|Intimidate|boost
|-unboost|p2a: Porygon2|atk|1
|-unboost|p2b: Torkoal|atk|1
|-enditem|p2b: Torkoal|Eject Pack
|
|t:|1756465164
|switch|p2b: Ursaluna|Ursaluna, L50, M, tera:Ghost|74/100 brn
|move|p2a: Porygon2|Tera Blast|p1a: Volcarona
|-damage|p1a: Volcarona|54/100
|move|p1a: Volcarona|Giga Drain|p2a: Porygon2
|-damage|p2a: Porygon2|56/100
|-heal|p1a: Volcarona|76/100|[from] drain|[of] p2a: Porygon2
|
|-weather|Snowscape|[upkeep]
|-heal|p2a: Porygon2|62/100|[from] Grassy Terrain
|-heal|p2b: Ursaluna|79/100 brn|[from] Grassy Terrain
|-heal|p1a: Volcarona|82/100|[from] Grassy Terrain
|-damage|p2b: Ursaluna|74/100 brn|[from] brn
|-fieldend|move: Trick Room
|upkeep
|turn|6
|
|t:|1756465186
|move|p1b: Incineroar|Fake Out|p2a: Porygon2
|-damage|p2a: Porygon2|54/100
|move|p1a: Volcarona|Fiery Dance|p2b: Ursaluna
|-damage|p2b: Ursaluna|0 fnt
|-boost|p1a: Volcarona|spa|1
|faint|p2b: Ursaluna
|cant|p2a: Porygon2|flinch
|
|-weather|Snowscape|[upkeep]
|-heal|p1a: Volcarona|89/100|[from] Grassy Terrain
|-heal|p2a: Porygon2|60/100|[from] Grassy Terrain
|-fieldend|move: Grassy Terrain
|upkeep
|
|t:|1756465197
|switch|p2b: Charizard|Charizard, L50, F|100/100
|turn|7
|
|t:|1756465217
|switch|p2a: Torkoal|Torkoal, L50, F|99/100
|-weather|SunnyDay|[from] ability: Drought|[of] p2a: Torkoal
|move|p1a: Volcarona|Quiver Dance|p1a: Volcarona
|-boost|p1a: Volcarona|spa|1
|-boost|p1a: Volcarona|spd|1
|-boost|p1a: Volcarona|spe|1
|move|p2b: Charizard|Heat Wave|p1b: Incineroar|[spread] p1b
|-miss|p2b: Charizard|p1a: Volcarona
|-damage|p1b: Incineroar|8/100
|move|p1b: Incineroar|Parting Shot|p2a: Torkoal
|-unboost|p2a: Torkoal|atk|1
|-unboost|p2a: Torkoal|spa|1
|
|t:|1756465230
|switch|p1b: Ninetales|Ninetales-Alola, L50, F|100/100|[from] Parting Shot
|-weather|Snowscape|[from] ability: Snow Warning|[of] p1b: Ninetales
|
|-weather|Snowscape|[upkeep]
|upkeep
|turn|8
|
|t:|1756465253
|move|p1a: Volcarona|Fiery Dance|p2a: Torkoal
|-resisted|p2a: Torkoal
|-damage|p2a: Torkoal|25/100
|move|p2b: Charizard|Heat Wave|p1b: Ninetales|[spread] p1a,p1b
|-supereffective|p1b: Ninetales
|-crit|p1b: Ninetales
|-damage|p1a: Volcarona|71/100
|-damage|p1b: Ninetales|0 fnt
|faint|p1b: Ninetales
|move|p2a: Torkoal|Eruption|p1a: Volcarona
|-damage|p1a: Volcarona|66/100
|
|-weather|Snowscape|[upkeep]
|upkeep
|
|t:|1756465264
|switch|p1b: Rillaboom|Rillaboom, L50, F|32/100
|-fieldstart|move: Grassy Terrain|[from] ability: Grassy Surge|[of] p1b: Rillaboom
|turn|9
|
|t:|1756465277
|switch|p2a: Porygon2|Porygon2, L50|60/100
|-ability|p2a: Porygon2|Download|boost
|-boost|p2a: Porygon2|atk|1
|move|p1b: Rillaboom|Fake Out|p2b: Charizard
|-crit|p2b: Charizard
|-damage|p2b: Charizard|73/100
|move|p1a: Volcarona|Fiery Dance|p2b: Charizard
|-resisted|p2b: Charizard
|-damage|p2b: Charizard|0 fnt
|faint|p2b: Charizard
|
|-weather|Snowscape|[upkeep]
|-heal|p1a: Volcarona|72/100|[from] Grassy Terrain
|-heal|p1b: Rillaboom|38/100|[from] Grassy Terrain
|-heal|p2a: Porygon2|67/100|[from] Grassy Terrain
|upkeep
|
|t:|1756465290
|switch|p2b: Torkoal|Torkoal, L50, F|25/100
|-weather|SunnyDay|[from] ability: Drought|[of] p2b: Torkoal
|turn|10
|inactive|fustor has 30 seconds left.
|
|t:|1756465318
|move|p1a: Volcarona|Giga Drain|p2b: Torkoal
|-resisted|p2b: Torkoal
|-damage|p2b: Torkoal|0 fnt
|-heal|p1a: Volcarona|84/100|[from] drain|[of] p2b: Torkoal
|faint|p2b: Torkoal
|move|p1b: Rillaboom|Wood Hammer|p2a: Porygon2
|-damage|p2a: Porygon2|21/100
|-damage|p1b: Rillaboom|24/100|[from] Recoil
|move|p2a: Porygon2|Ice Beam|p1b: Rillaboom
|-supereffective|p1b: Rillaboom
|-damage|p1b: Rillaboom|0 fnt
|faint|p1b: Rillaboom
|
|-weather|SunnyDay|[upkeep]
|-heal|p1a: Volcarona|90/100|[from] Grassy Terrain
|-heal|p2a: Porygon2|27/100|[from] Grassy Terrain
|upkeep
|
|t:|1756465332
|switch|p1b: Incineroar|Incineroar, L50, F, tera:Ghost|8/100
|-ability|p1b: Incineroar|Intimidate|boost
|-unboost|p2a: Porygon2|atk|1
|turn|11
|
|t:|1756465338
|move|p1a: Volcarona|Giga Drain|p2a: Porygon2
|-damage|p2a: Porygon2|0 fnt
|-heal|p1a: Volcarona|100/100|[from] drain|[of] p2a: Porygon2
|faint|p2a: Porygon2
|
|win|Bobbo1
