|j|☆papoilo
|j|☆ItsNowKhv
|html|papoiloItsNowKhv    
|uhtml|bestof|Game 1 of a best-of-3
|t:|1785775510
|gametype|doubles
|player|p1|papoilo|fisherman-gen4|1210
|player|p2|ItsNowKhv|n|1000
|gen|9
|tier|[Gen 9 Champions] VGC 2026 Reg M-B (Bo3)
|rated|
|rule|Species Clause: Limit one of each Pokémon
|rule|Item Clause: Limit 1 of each item
|clearpoke
|poke|p1|Gardevoir, L50, F|
|poke|p1|Talonflame, L50, F|
|poke|p1|Kingambit, L50, M|
|poke|p1|Basculegion, L50, M|
|poke|p1|Kommo-o, L50, F|
|poke|p1|Maushold, L50|
|poke|p2|Gholdengo, L50|
|poke|p2|Staraptor, L50, M|
|poke|p2|Sinistcha, L50|
|poke|p2|Incineroar, L50, M|
|poke|p2|Sylveon, L50, M|
|poke|p2|Basculegion, L50, M|
|teampreview|4
|showteam|p1|Gardevoir||Gardevoirite|Synchronize|HyperVoice,Psychic,Thunderbolt,Protect|Modest||F|||50|]Talonflame||SharpBeak|GaleWings|DualWingbeat,FlareBlitz,Tailwind,Protect|Jolly||F|||50|]Kingambit||ExpertBelt|Defiant|SuckerPunch,KowtowCleave,IronHead,LowKick|Jolly||M|||50|]Basculegion||ChoiceScarf|Adaptability|WaveCrash,LastRespects,AquaJet,FlipTurn|Jolly||M|||50|]Kommo-o||LifeOrb|Soundproof|ClangingScales,AuraSphere,DracoMeteor,Protect|Modest||F|||50|]Maushold||FocusSash|FriendGuard|SuperFang,FollowMe,Feint,Protect|Jolly|||||50|
|showteam|p2|Gholdengo||LifeOrb|GoodasGold|MakeItRain,ShadowBall,Protect,NastyPlot|Modest|||||50|]Staraptor||Staraptite|Intimidate|CloseCombat,Protect,BraveBird,Roost|Jolly||M|||50|]Sinistcha||SitrusBerry|Hospitality|RagePowder,MatchaGotcha,LifeDew,TrickRoom|Bold|||||50|]Incineroar||ChopleBerry|Intimidate|FakeOut,PartingShot,FlareBlitz,ThroatChop|Careful||M|||50|]Sylveon||FairyFeather|Pixilate|HyperVoice,QuickAttack,HyperBeam,Detect|Modest||M|||50|]Basculegion||ChoiceScarf|Adaptability|LastRespects,AquaJet,WaveCrash,FlipTurn|Adamant||M|||50|
|
|t:|1785775632
|teamsize|p1|4
|teamsize|p2|4
|start
|switch|p1a: Maushold|Maushold, L50|100/100
|switch|p1b: Gardevoir|Gardevoir, L50, F|100/100
|switch|p2a: Sylveon|Sylveon, L50, M|100/100
|switch|p2b: Incineroar|Incineroar, L50, M|100/100
|-ability|p2b: Incineroar|Intimidate|boost
|-unboost|p1a: Maushold|atk|1
|-unboost|p1b: Gardevoir|atk|1
|turn|1
|
|t:|1785775662
|detailschange|p1b: Gardevoir|Gardevoir-Mega, L50, F
|-mega|p1b: Gardevoir|Gardevoir|Gardevoirite
|move|p1a: Maushold|Protect|p1a: Maushold
|-singleturn|p1a: Maushold|Protect
|move|p1b: Gardevoir|Protect|p1b: Gardevoir
|-singleturn|p1b: Gardevoir|Protect
|move|p2b: Incineroar|Fake Out|p1b: Gardevoir
|-activate|p1b: Gardevoir|move: Protect
|move|p2a: Sylveon|Hyper Beam|p1a: Maushold
|-activate|p1a: Maushold|move: Protect
|
|upkeep
|turn|2
|inactive|Battle timer is ON: inactive players will automatically lose when time's up. (requested by papoilo)
|
|t:|1785775701
|switch|p2a: Gholdengo|Gholdengo, L50|100/100
|switch|p2b: Basculegion|Basculegion, L50, M|100/100
|move|p1a: Maushold|Follow Me|p1a: Maushold
|-singleturn|p1a: Maushold|move: Follow Me
|move|p1b: Gardevoir|Hyper Voice|p2a: Gholdengo|[spread] p2a,p2b
|-resisted|p2a: Gholdengo|1
|-damage|p2a: Gholdengo|67/100
|-damage|p2b: Basculegion|34/100
|
|upkeep
|turn|3
|
|t:|1785775721
|move|p1a: Maushold|Follow Me|p1a: Maushold
|-singleturn|p1a: Maushold|move: Follow Me
|move|p2b: Basculegion|Flip Turn|p1a: Maushold
|-damage|p1a: Maushold|27/100
|
|t:|1785775728
|switch|p2b: Sylveon|Sylveon, L50, M|100/100|[from] Flip Turn
|move|p1b: Gardevoir|Hyper Voice|p2b: Sylveon|[spread] p2a,p2b
|-resisted|p2a: Gholdengo|1
|-damage|p2a: Gholdengo|37/100
|-damage|p2b: Sylveon|54/100
|move|p2a: Gholdengo|Make It Rain|p1b: Gardevoir|[spread] p1a,p1b
|-supereffective|p1b: Gardevoir|1
|-crit|p1b: Gardevoir
|-damage|p1a: Maushold|0 fnt
|-damage|p1b: Gardevoir|0 fnt
|-unboost|p2a: Gholdengo|spa|2
|faint|p1a: Maushold
|faint|p1b: Gardevoir
|-damage|p2a: Gholdengo|28/100|[from] item: Life Orb
|
|upkeep
|
|t:|1785775743
|switch|p1a: Kingambit|Kingambit, L50, M|100/100
|switch|p1b: Talonflame|Talonflame, L50, F|100/100
|turn|4
|
|t:|1785775767
|switch|p2a: Incineroar|Incineroar, L50, M|100/100
|-ability|p2a: Incineroar|Intimidate|boost
|-unboost|p1a: Kingambit|atk|1
|-ability|p1a: Kingambit|Defiant|boost
|-boost|p1a: Kingambit|atk|2
|-unboost|p1b: Talonflame|atk|1
|move|p1b: Talonflame|Tailwind|p1b: Talonflame
|-sidestart|p1: papoilo|move: Tailwind
|move|p1a: Kingambit|Iron Head|p2b: Sylveon
|-supereffective|p2b: Sylveon|1
|-damage|p2b: Sylveon|0 fnt
|faint|p2b: Sylveon
|
|upkeep
|
|t:|1785775781
|switch|p2b: Basculegion|Basculegion, L50, M|34/100
|turn|5
|inactive|papoilo has 30 seconds left.
|
|t:|1785775812
|move|p1b: Talonflame|Dual Wingbeat|p2b: Basculegion
|-damage|p2b: Basculegion|18/100
|-damage|p2b: Basculegion|1/100
|-hitcount|p2b: Basculegion|2
|move|p1a: Kingambit|Low Kick|p2a: Incineroar
|-supereffective|p2a: Incineroar|1
|-enditem|p2a: Incineroar|Chople Berry|[eat]
|-enditem|p2a: Incineroar|Chople Berry|[weaken]
|-damage|p2a: Incineroar|51/100
|move|p2b: Basculegion|Wave Crash|p1b: Talonflame
|-supereffective|p1b: Talonflame|1
|-damage|p1b: Talonflame|0 fnt
|faint|p1b: Talonflame
|-damage|p2b: Basculegion|0 fnt|[from] Recoil
|faint|p2b: Basculegion
|move|p2a: Incineroar|Flare Blitz|p1a: Kingambit
|-supereffective|p1a: Kingambit|1
|-damage|p1a: Kingambit|11/100
|-damage|p2a: Incineroar|26/100|[from] Recoil
|
|upkeep
|
|t:|1785775829
|switch|p2b: Gholdengo|Gholdengo, L50|28/100
|turn|6
|
|t:|1785775847
|move|p1a: Kingambit|Kowtow Cleave|p2b: Gholdengo
|-supereffective|p2b: Gholdengo|1
|-damage|p2b: Gholdengo|0 fnt
|faint|p2b: Gholdengo
|move|p2a: Incineroar|Flare Blitz|p1a: Kingambit
|-supereffective|p1a: Kingambit|1
|-damage|p1a: Kingambit|0 fnt
|faint|p1a: Kingambit
|-damage|p2a: Incineroar|23/100|[from] Recoil
|
|win|ItsNowKhv
||papoilo is ready for game 2.
