|j|☆marcosdeltasena31
|j|☆PizzaSanwitch
|html|marcosdeltasena31PizzaSanwitch    
|uhtml|bestof|Game 1 of a best-of-3
|t:|1785970115
|gametype|doubles
|player|p1|marcosdeltasena31|hilbert|1206
|player|p2|PizzaSanwitch|2|1178
|gen|9
|tier|[Gen 9 Champions] VGC 2026 Reg M-B (Bo3)
|rated|
|rule|Species Clause: Limit one of each Pokémon
|rule|Item Clause: Limit 1 of each item
|clearpoke
|poke|p1|Charizard, L50, M, shiny|
|poke|p1|Raichu, L50, F|
|poke|p1|Sylveon, L50, F|
|poke|p1|Whimsicott, L50, F|
|poke|p1|Garchomp, L50, M|
|poke|p1|Kingambit, L50, F|
|poke|p2|Pelipper, L50, F|
|poke|p2|Archaludon, L50, M|
|poke|p2|Sinistcha, L50|
|poke|p2|Metagross, L50|
|poke|p2|Hydreigon, L50, M|
|poke|p2|Swampert, L50, M|
|teampreview|4
|showteam|p1|Charizard||CharizarditeY|Blaze|HeatWave,WeatherBall,SolarBeam,Protect|Modest||M|||50|]Raichu||RaichuniteY|LightningRod|ZapCannon,FocusBlast,FakeOut,Protect|Timid||F|||50|]Sylveon||FairyFeather|Pixilate|HyperVoice,HyperBeam,QuickAttack,Protect|Modest||F|||50|]Whimsicott||FocusSash|Prankster|Moonblast,Tailwind,Encore,Protect|Timid||F|||50|]Garchomp||LifeOrb|RoughSkin|RockSlide,DragonClaw,Earthquake,Protect|Jolly||M|||50|]Kingambit||ChopleBerry|Defiant|KowtowCleave,IronHead,SuckerPunch,LowKick|Adamant||F|||50|
|showteam|p2|Pelipper||SitrusBerry|Drizzle|WeatherBall,Hurricane,Tailwind,Protect|Modest||F|||50|]Archaludon||Leftovers|Stamina|ElectroShot,FlashCannon,DragonPulse,Protect|Modest||M|||50|]Sinistcha||KasibBerry|Hospitality|MatchaGotcha,RagePowder,TrickRoom,Protect|Bold|||||50|]Metagross||Metagrossite|ClearBody|HardPress,PsychicFangs,BodyPress,Protect|Adamant|||||50|]Hydreigon||ChoiceScarf|Levitate|Snarl,DarkPulse,DracoMeteor,EarthPower|Timid||M|||50|]Swampert||Swampertite|Damp|WaveCrash,Earthquake,IcePunch,Protect|Adamant||M|||50|
|
|t:|1785970195
|teamsize|p1|4
|teamsize|p2|4
|start
|switch|p1a: Sylveon|Sylveon, L50, F|100/100
|switch|p1b: Whimsicott|Whimsicott, L50, F|100/100
|switch|p2a: Swampert|Swampert, L50, M|100/100
|switch|p2b: Archaludon|Archaludon, L50, M|100/100
|turn|1
|
|t:|1785970213
|switch|p2b: Pelipper|Pelipper, L50, F|100/100
|-weather|RainDance|[from] ability: Drizzle|[of] p2b: Pelipper
|detailschange|p2a: Swampert|Swampert-Mega, L50, M
|-mega|p2a: Swampert|Swampert|Swampertite
|move|p1a: Sylveon|Protect|p1a: Sylveon
|-singleturn|p1a: Sylveon|Protect
|move|p1b: Whimsicott|Tailwind|p1b: Whimsicott
|-sidestart|p1: marcosdeltasena31|move: Tailwind
|move|p2a: Swampert|Wave Crash|p1a: Sylveon
|-activate|p1a: Sylveon|move: Protect
|
|-weather|RainDance|[upkeep]
|upkeep
|turn|2
|
|t:|1785970256
|switch|p1a: Garchomp|Garchomp, L50, M|100/100
|move|p1b: Whimsicott|Moonblast|p2a: Swampert
|-damage|p2a: Swampert|71/100
|move|p2a: Swampert|Earthquake|p1a: Garchomp|[spread] p1a,p1b
|-immune|p2b: Pelipper
|-resisted|p1b: Whimsicott|1
|-damage|p1a: Garchomp|51/100
|-damage|p1b: Whimsicott|62/100
|move|p2b: Pelipper|Tailwind|p2b: Pelipper
|-sidestart|p2: PizzaSanwitch|move: Tailwind
|
|-weather|RainDance|[upkeep]
|upkeep
|turn|3
|
|t:|1785970290
|switch|p2b: Archaludon|Archaludon, L50, M|100/100
|move|p1b: Whimsicott|Encore|p2a: Swampert
|-start|p2a: Swampert|Encore
|move|p2a: Swampert|Earthquake|p1a: Garchomp|[spread] p2b,p1a,p1b
|-supereffective|p2b: Archaludon|1
|-resisted|p1b: Whimsicott|1
|-damage|p2b: Archaludon|36/100
|-damage|p1a: Garchomp|2/100
|-damage|p1b: Whimsicott|29/100
|-ability|p2b: Archaludon|Stamina|boost
|-boost|p2b: Archaludon|def|1
|move|p1a: Garchomp|Rock Slide|p2a: Swampert|[spread] p2a,p2b
|-resisted|p2a: Swampert|1
|-crit|p2a: Swampert
|-resisted|p2b: Archaludon|1
|-crit|p2b: Archaludon
|-damage|p2a: Swampert|54/100
|-damage|p2b: Archaludon|22/100
|-ability|p2b: Archaludon|Stamina|boost
|-boost|p2b: Archaludon|def|1
|-damage|p1a: Garchomp|0 fnt|[from] item: Life Orb
|faint|p1a: Garchomp
|
|-weather|RainDance|[upkeep]
|-heal|p2b: Archaludon|28/100|[from] item: Leftovers
|upkeep
|
|t:|1785970303
|switch|p1a: Sylveon|Sylveon, L50, F|100/100
|turn|4
|
|t:|1785970313
|move|p1b: Whimsicott|Protect|p1b: Whimsicott
|-singleturn|p1b: Whimsicott|Protect
|move|p2b: Archaludon|Protect|p2b: Archaludon
|-singleturn|p2b: Archaludon|Protect
|move|p2a: Swampert|Earthquake|p1b: Whimsicott|[spread] p1a
|-activate|p2b: Archaludon|move: Protect
|-activate|p1b: Whimsicott|move: Protect
|-damage|p1a: Sylveon|44/100
|move|p1a: Sylveon|Hyper Voice|p2b: Archaludon|[spread] p2a
|-activate|p2b: Archaludon|move: Protect
|-damage|p2a: Swampert|18/100
|
|-weather|RainDance|[upkeep]
|-heal|p2b: Archaludon|34/100|[from] item: Leftovers
|-sideend|p1: marcosdeltasena31|move: Tailwind
|upkeep
|turn|5
|
|t:|1785970329
|switch|p2b: Hydreigon|Hydreigon, L50, M|100/100
|move|p1a: Sylveon|Protect|p1a: Sylveon
|-singleturn|p1a: Sylveon|Protect
|move|p1b: Whimsicott|Tailwind|p1b: Whimsicott
|-sidestart|p1: marcosdeltasena31|move: Tailwind
|move|p2a: Swampert|Earthquake|p1b: Whimsicott|[spread] p1b
|-activate|p1a: Sylveon|move: Protect
|-immune|p2b: Hydreigon|[from] ability: Levitate
|-resisted|p1b: Whimsicott|1
|-damage|p1b: Whimsicott|0 fnt
|faint|p1b: Whimsicott
|
|-weather|none
|-end|p2a: Swampert|Encore
|-sideend|p2: PizzaSanwitch|move: Tailwind
|upkeep
|
|t:|1785970335
|switch|p1b: Charizard|Charizard, L50, M, shiny|100/100
|turn|6
|
|t:|1785970363
|detailschange|p1b: Charizard|Charizard-Mega-Y, L50, M, shiny
|-mega|p1b: Charizard|Charizard|Charizardite Y
|-weather|SunnyDay|[from] ability: Drought|[of] p1b: Charizard
|move|p2a: Swampert|Protect|p2a: Swampert
|-singleturn|p2a: Swampert|Protect
|move|p1b: Charizard|Weather Ball|p2a: Swampert
|-activate|p2a: Swampert|move: Protect
|move|p2b: Hydreigon|Draco Meteor|p1b: Charizard
|-damage|p1b: Charizard|35/100
|-unboost|p2b: Hydreigon|spa|2
|move|p1a: Sylveon|Hyper Voice|p2a: Swampert|[spread] p2b
|-activate|p2a: Swampert|move: Protect
|-supereffective|p2b: Hydreigon|2
|-damage|p2b: Hydreigon|0 fnt
|faint|p2b: Hydreigon
|
|-weather|SunnyDay|[upkeep]
|upkeep
|
|t:|1785970378
|switch|p2b: Pelipper|Pelipper, L50, F|100/100
|-weather|RainDance|[from] ability: Drizzle|[of] p2b: Pelipper
|turn|7
|
|t:|1785970394
|switch|p2a: Archaludon|Archaludon, L50, M|34/100
|move|p1b: Charizard|Weather Ball|p2a: Archaludon
|-resisted|p2a: Archaludon|1
|-damage|p2a: Archaludon|4/100
|-ability|p2a: Archaludon|Stamina|boost
|-boost|p2a: Archaludon|def|1
|move|p1a: Sylveon|Hyper Beam|p2b: Pelipper
|-damage|p2b: Pelipper|0 fnt
|-mustrecharge|p1a: Sylveon
|faint|p2b: Pelipper
|
|-weather|RainDance|[upkeep]
|-heal|p2a: Archaludon|10/100|[from] item: Leftovers
|upkeep
|
|t:|1785970406
|switch|p2b: Swampert|Swampert-Mega, L50, M|18/100
|turn|8
|
|t:|1785970426
|move|p2b: Swampert|Protect|p2b: Swampert
|-singleturn|p2b: Swampert|Protect
|move|p1b: Charizard|Weather Ball|p2b: Swampert
|-activate|p2b: Swampert|move: Protect
|cant|p1a: Sylveon|recharge
|move|p2a: Archaludon|Electro Shot||[still]
|-prepare|p2a: Archaludon|Electro Shot
|-boost|p2a: Archaludon|spa|1
|-anim|p2a: Archaludon|Electro Shot|p1a: Sylveon
|-damage|p1a: Sylveon|0 fnt
|faint|p1a: Sylveon
|
|-weather|RainDance|[upkeep]
|-heal|p2a: Archaludon|16/100|[from] item: Leftovers
|-sideend|p1: marcosdeltasena31|move: Tailwind
|upkeep
|turn|9
|
|t:|1785970444
|move|p1b: Charizard|Protect|p1b: Charizard
|-singleturn|p1b: Charizard|Protect
|move|p2b: Swampert|Wave Crash|p1b: Charizard
|-activate|p1b: Charizard|move: Protect
|move|p2a: Archaludon|Electro Shot||[still]
|-prepare|p2a: Archaludon|Electro Shot
|-boost|p2a: Archaludon|spa|1
|-anim|p2a: Archaludon|Electro Shot|p1b: Charizard
|-activate|p1b: Charizard|move: Protect
|
|-weather|RainDance|[upkeep]
|-heal|p2a: Archaludon|22/100|[from] item: Leftovers
|upkeep
|turn|10
|
|t:|1785970450
|move|p1b: Charizard|Protect||[still]
|-fail|p1b: Charizard
|move|p2b: Swampert|Wave Crash|p1b: Charizard
|-supereffective|p1b: Charizard|1
|-damage|p1b: Charizard|0 fnt
|faint|p1b: Charizard
|-damage|p2b: Swampert|7/100|[from] Recoil
|
|win|PizzaSanwitch
||marcosdeltasena31 is ready for game 2.
||PizzaSanwitch is ready for game 2.
|uhtml|next|Next: Game 2 of 3
