|j|☆sam0el
|j|☆Govek314
|html|sam0elGovek314    
|uhtml|bestof|Game 1 of a best-of-3
|t:|1756854090
|gametype|doubles
|player|p1|sam0el|veteran|1199
|player|p2|Govek314|2|1116
|gen|9
|tier|[Gen 9] VGC 2025 Reg H (Bo3)
|rated|
|rule|Species Clause: Limit one of each Pokémon
|rule|Item Clause: Limit 1 of each item
|clearpoke
|poke|p1|Hatterene, L50, F|
|poke|p1|Indeedee-F, L50, F|
|poke|p1|Gallade, L50, M|
|poke|p1|Torkoal, L50, M|
|poke|p1|Zoroark-Hisui, L50, M|
|poke|p1|Ursaluna-Bloodmoon, L50, M|
|poke|p2|Hydreigon, L50, F|
|poke|p2|Ursaluna-Bloodmoon, L50, M|
|poke|p2|Gholdengo, L50|
|poke|p2|Weezing-Galar, L50, M|
|poke|p2|Porygon2, L50|
|poke|p2|Incineroar, L50, M|
|teampreview|4
|showteam|p1|Hatterene||MindPlate|MagicBounce|ExpandingForce,DazzlingGleam,Protect,TrickRoom|||F|||50|,,,,,Fire]Indeedee-F||PsychicSeed|PsychicSurge|FollowMe,HelpingHand,TrickRoom,HealPulse|||F|||50|,,,,,Water]Gallade||ClearAmulet|Sharpness|SacredSword,PsychoCut,WideGuard,TrickRoom|||M|||50|,,,,,Grass]Torkoal||ChoiceSpecs|Drought|Eruption,HeatWave,WeatherBall,EarthPower|||M|||50|,,,,,Fire]Zoroark-Hisui||LifeOrb|Illusion|HyperBeam,ShadowBall,Protect,Flamethrower|||M|||50|,,,,,Stellar]Ursaluna-Bloodmoon||SilkScarf|MindsEye|EarthPower,BloodMoon,HyperVoice,HyperBeam|||M|||50|,,,,,Normal
|showteam|p2|Hydreigon||SafetyGoggles|Levitate|DracoMeteor,Snarl,Tailwind,Protect|||F|||50|,,,,,Ghost]Ursaluna-Bloodmoon||LifeOrb|MindsEye|BloodMoon,HyperVoice,Protect,EarthPower|||M|||50|,,,,,Normal]Gholdengo||ChoiceSpecs|GoodasGold|ShadowBall,DazzlingGleam,Thunderbolt,MakeItRain||||||50|,,,,,Fairy]Weezing-Galar||SitrusBerry|NeutralizingGas|GunkShot,PlayRough,Haze,Protect|||M|||50|,,,,,Water]Porygon2||Eviolite|Download|TeraBlast,IceBeam,Recover,TrickRoom||||||50|,,,,,Fighting]Incineroar||AbilityShield|Intimidate|FakeOut,FlareBlitz,KnockOff,PartingShot|||M|||50|,,,,,Ghost
|
|t:|1756854149
|teamsize|p1|4
|teamsize|p2|4
|start
|switch|p1a: Hatterene|Hatterene, L50, F|100/100
|switch|p1b: Indeedee|Indeedee-F, L50, F|100/100
|switch|p2a: Hydreigon|Hydreigon, L50, F|100/100
|switch|p2b: Incineroar|Incineroar, L50, M, shiny|100/100
|-ability|p2b: Incineroar|Intimidate|boost
|-unboost|p1a: Hatterene|atk|1
|-unboost|p1b: Indeedee|atk|1
|-fieldstart|move: Psychic Terrain|[from] ability: Psychic Surge|[of] p1b: Indeedee
|-enditem|p1b: Indeedee|Psychic Seed
|-boost|p1b: Indeedee|spd|1|[from] item: Psychic Seed
|turn|1
|
|t:|1756854184
|-terastallize|p1b: Indeedee|Water
|move|p2a: Hydreigon|Snarl|p1a: Hatterene|[spread] p1a,p1b
|-damage|p1a: Hatterene|80/100
|-damage|p1b: Indeedee|88/100
|-unboost|p1a: Hatterene|spa|1
|-unboost|p1b: Indeedee|spa|1
|move|p2b: Incineroar|Flare Blitz|p1a: Hatterene
|-damage|p1a: Hatterene|13/100
|-damage|p2b: Incineroar|81/100|[from] Recoil
|move|p1a: Hatterene|Dazzling Gleam|p2a: Hydreigon|[spread] p2a,p2b
|-supereffective|p2a: Hydreigon
|-damage|p2a: Hydreigon|0 fnt
|-damage|p2b: Incineroar|60/100
|faint|p2a: Hydreigon
|move|p1b: Indeedee|Trick Room|p1b: Indeedee
|-fieldstart|move: Trick Room|[of] p1b: Indeedee
|
|upkeep
|
|t:|1756854199
|switch|p2a: Gholdengo|Gholdengo, L50, shiny|100/100
|turn|2
|
|t:|1756854221
|move|p1b: Indeedee|Helping Hand|p1a: Hatterene
|-singleturn|p1a: Hatterene|Helping Hand|[of] p1b: Indeedee
|move|p1a: Hatterene|Dazzling Gleam|p2a: Gholdengo|[spread] p2a,p2b
|-resisted|p2a: Gholdengo
|-damage|p2a: Gholdengo|82/100
|-damage|p2b: Incineroar|29/100
|move|p2b: Incineroar|Knock Off|p1b: Indeedee
|-damage|p1b: Indeedee|55/100
|move|p2a: Gholdengo|Make It Rain|p1b: Indeedee|[spread] p1a,p1b
|-supereffective|p1a: Hatterene
|-resisted|p1b: Indeedee
|-damage|p1a: Hatterene|0 fnt
|-damage|p1b: Indeedee|32/100
|-unboost|p2a: Gholdengo|spa|1
|faint|p1a: Hatterene
|
|upkeep
|
|t:|1756854244
|switch|p1a: Ursaluna|Ursaluna-Bloodmoon, L50, M|100/100
|turn|3
|
|t:|1756854265
|switch|p2a: Ursaluna|Ursaluna-Bloodmoon, L50, M|100/100
|move|p1a: Ursaluna|Blood Moon|p2a: Ursaluna
|-damage|p2a: Ursaluna|0 fnt
|faint|p2a: Ursaluna
|move|p1b: Indeedee|Heal Pulse|p1a: Ursaluna
|-fail|p1a: Ursaluna|heal
|move|p2b: Incineroar|Parting Shot|p1a: Ursaluna
|-unboost|p1a: Ursaluna|atk|1
|-unboost|p1a: Ursaluna|spa|1
|
|t:|1756854278
|switch|p2b: Gholdengo|Gholdengo, L50, shiny|82/100|[from] Parting Shot
|
|upkeep
|
|t:|1756854281
|switch|p2a: Incineroar|Incineroar, L50, M, shiny|29/100
|-ability|p2a: Incineroar|Intimidate|boost
|-unboost|p1a: Ursaluna|atk|1
|-unboost|p1b: Indeedee|atk|1
|turn|4
|
|t:|1756854314
|move|p1b: Indeedee|Follow Me|p1b: Indeedee
|-singleturn|p1b: Indeedee|move: Follow Me
|move|p1a: Ursaluna|Earth Power|p2b: Gholdengo
|-supereffective|p2b: Gholdengo
|-damage|p2b: Gholdengo|11/100
|move|p2a: Incineroar|Knock Off|p1b: Indeedee
|-damage|p1b: Indeedee|3/100
|move|p2b: Gholdengo|Make It Rain|p1b: Indeedee|[spread] p1a,p1b
|-resisted|p1b: Indeedee
|-damage|p1a: Ursaluna|20/100
|-damage|p1b: Indeedee|0 fnt
|-unboost|p2b: Gholdengo|spa|1
|faint|p1b: Indeedee
|
|upkeep
|
|t:|1756854330
|switch|p1b: Gallade|Gallade, L50, M|100/100
|turn|5
|
|t:|1756854342
|-terastallize|p2a: Incineroar|Ghost
|move|p1a: Ursaluna|Earth Power|p2b: Gholdengo
|-supereffective|p2b: Gholdengo
|-damage|p2b: Gholdengo|0 fnt
|faint|p2b: Gholdengo
|move|p1b: Gallade|Psycho Cut|p2a: Incineroar
|-damage|p2a: Incineroar|0 fnt
|faint|p2a: Incineroar
|
|win|sam0el
|inactive|sam0el has 30 seconds to confirm battle start!
|inactive|Govek314 has 30 seconds to confirm battle start!
