|j|☆jirkunow
|j|☆fralb14
|html|jirkunowfralb14    
|uhtml|bestof|Game 1 of a best-of-3
|t:|1756285159
|gametype|doubles
|player|p1|jirkunow|265|1105
|player|p2|fralb14|170|1126
|gen|9
|tier|[Gen 9] VGC 2025 Reg H (Bo3)
|rated|
|rule|Species Clause: Limit one of each Pokémon
|rule|Item Clause: Limit 1 of each item
|clearpoke
|poke|p1|Sneasler, L50, M|
|poke|p1|Gholdengo, L50|
|poke|p1|Rillaboom, L50, M|
|poke|p1|Incineroar, L50, F|
|poke|p1|Ursaluna-Bloodmoon, L50, M|
|poke|p1|Electabuzz, L50, M|
|poke|p2|Gholdengo, L50|
|poke|p2|Pelipper, L50, F|
|poke|p2|Archaludon, L50, M|
|poke|p2|Sinistcha, L50|
|poke|p2|Ursaluna, L50, M|
|poke|p2|Dragonite, L50, M|
|teampreview|4
|showteam|p1|Sneasler||FocusSash|PoisonTouch|Protect,CloseCombat,Taunt,DireClaw|||M|||50|,,,,,Fighting]Gholdengo||LifeOrb|GoodasGold|MakeItRain,Protect,ShadowBall,NastyPlot||||||50|,,,,,Water]Rillaboom||AssaultVest|GrassySurge|Uturn,GrassyGlide,FakeOut,KnockOff|||M|||50|,,,,,Fire]Incineroar||SafetyGoggles|Intimidate|FakeOut,WillOWisp,PartingShot,FlareBlitz|||F|||50|,,,,,Ghost]Ursaluna-Bloodmoon||ThroatSpray|MindsEye|VacuumWave,HyperVoice,BloodMoon,Protect|||M|||50|,,,,,Ground]Electabuzz||Eviolite|Static|Electroweb,FollowMe,Protect,HelpingHand|||M|||50|,,,,,Flying
|showteam|p2|Gholdengo||ChoiceScarf|GoodasGold|MakeItRain,ShadowBall,Trick,Protect||||||50|,,,,,Flying]Pelipper||FocusSash|Drizzle|WeatherBall,Hurricane,Tailwind,Protect|||F|||50|,,,,,Ghost]Archaludon||AssaultVest|Stamina|ElectroShot,FlashCannon,BodyPress,Snarl|||M|||50|,,,,,Fighting]Sinistcha||SitrusBerry|Hospitality|MatchaGotcha,LifeDew,RagePowder,TrickRoom||||||50|,,,,,Dark]Ursaluna||FlameOrb|Guts|HeadlongRush,Earthquake,Facade,Protect|||M|||50|,,,,,Ghost]Dragonite||LoadedDice|Multiscale|ScaleShot,Haze,Tailwind,Protect|||M|||50|,,,,,Fairy
|inactive|Battle timer is ON: inactive players will automatically lose when time's up. (requested by fralb14)
|inactive|jirkunow has 60 seconds left.
|inactive|fralb14 has 60 seconds left.
|inactive|fralb14 has 30 seconds left.
|
|t:|1756285226
|teamsize|p1|4
|teamsize|p2|4
|start
|switch|p1a: Gholdengo|Gholdengo, L50|100/100
|switch|p1b: Rillaboom|Rillaboom, L50, M|100/100
|switch|p2a: Dragonite|Dragonite, L50, M|100/100
|switch|p2b: Ursaluna|Ursaluna, L50, M|100/100
|-fieldstart|move: Grassy Terrain|[from] ability: Grassy Surge|[of] p1b: Rillaboom
|turn|1
|inactive|jirkunow has 30 seconds left.
|inactive|fralb14 has 30 seconds left.
|inactive|jirkunow has 20 seconds left.
|inactive|jirkunow has 15 seconds left.
|inactive|jirkunow has 10 seconds left.
|inactive|jirkunow has 5 seconds left.
|
|t:|1756285281
|switch|p2b: Gholdengo|Gholdengo, L50|100/100
|move|p2a: Dragonite|Tailwind|p2a: Dragonite
|-sidestart|p2: fralb14|move: Tailwind
|move|p1b: Rillaboom|U-turn|p2b: Gholdengo
|-resisted|p2b: Gholdengo
|-damage|p2b: Gholdengo|94/100
|
|t:|1756285287
|switch|p1b: Incineroar|Incineroar, L50, F|100/100|[from] U-turn
|-ability|p1b: Incineroar|Intimidate|boost
|-unboost|p2a: Dragonite|atk|1
|-unboost|p2b: Gholdengo|atk|1
|move|p1a: Gholdengo|Make It Rain|p2b: Gholdengo|[spread] p2a,p2b
|-resisted|p2b: Gholdengo
|-damage|p2a: Dragonite|63/100
|-damage|p2b: Gholdengo|52/100
|-unboost|p1a: Gholdengo|spa|1
|-damage|p1a: Gholdengo|91/100|[from] item: Life Orb
|
|-heal|p2b: Gholdengo|58/100|[from] Grassy Terrain
|-heal|p1a: Gholdengo|97/100|[from] Grassy Terrain
|upkeep
|turn|2
|inactive|jirkunow has 30 seconds left.
|inactive|fralb14 has 30 seconds left.
|inactive|fralb14 has 20 seconds left.
|inactive|fralb14 has 15 seconds left.
|inactive|fralb14 has 10 seconds left.
|inactive|fralb14 has 5 seconds left.
|
|t:|1756285340
|switch|p2b: Sinistcha|Sinistcha, L50|100/100
|-heal|p2a: Dragonite|88/100|[from] ability: Hospitality|[of] p2b: Sinistcha
|switch|p1a: Rillaboom|Rillaboom, L50, M|100/100
|move|p2a: Dragonite|Scale Shot|p1b: Incineroar
|-damage|p1b: Incineroar|91/100
|-damage|p1b: Incineroar|82/100
|-crit|p1b: Incineroar
|-damage|p1b: Incineroar|62/100
|-damage|p1b: Incineroar|52/100
|-hitcount|p1b: Incineroar|4
|-unboost|p2a: Dragonite|def|1
|-boost|p2a: Dragonite|spe|1
|move|p1b: Incineroar|Parting Shot|p2a: Dragonite
|-unboost|p2a: Dragonite|atk|1
|-unboost|p2a: Dragonite|spa|1
|
|t:|1756285356
|switch|p1b: Sneasler|Sneasler, L50, M|100/100|[from] Parting Shot
|
|upkeep
|turn|3
|inactive|fralb14 has 30 seconds left.
|inactive|fralb14 has 20 seconds left.
|inactive|fralb14 has 15 seconds left.
|inactive|fralb14 has 10 seconds left.
|inactive|fralb14 has 5 seconds left.
|
|t:|1756285408
|switch|p2b: Gholdengo|Gholdengo, L50|58/100
|move|p1a: Rillaboom|Fake Out|p2a: Dragonite
|-damage|p2a: Dragonite|67/100
|cant|p2a: Dragonite|flinch
|move|p1b: Sneasler|Dire Claw|p2b: Gholdengo
|-immune|p2b: Gholdengo
|
|-heal|p2b: Gholdengo|65/100|[from] Grassy Terrain
|upkeep
|turn|4
|inactive|fralb14 has 30 seconds left.
|inactive|fralb14 has 20 seconds left.
|
|t:|1756285445
|switch|p1b: Incineroar|Incineroar, L50, F|52/100
|-ability|p1b: Incineroar|Intimidate|boost
|-unboost|p2a: Dragonite|atk|1
|-unboost|p2b: Gholdengo|atk|1
|move|p2b: Gholdengo|Make It Rain|p1a: Rillaboom|[spread] p1a,p1b
|-resisted|p1b: Incineroar
|-damage|p1a: Rillaboom|65/100
|-damage|p1b: Incineroar|24/100
|-unboost|p2b: Gholdengo|spa|1
|move|p2a: Dragonite|Haze|p2a: Dragonite
|-clearallboost
|move|p1a: Rillaboom|Knock Off|p2b: Gholdengo
|-supereffective|p2b: Gholdengo
|-damage|p2b: Gholdengo|0 fnt
|-enditem|p2b: Gholdengo|Choice Scarf|[from] move: Knock Off|[of] p1a: Rillaboom
|faint|p2b: Gholdengo
|
|-heal|p1b: Incineroar|30/100|[from] Grassy Terrain
|-heal|p1a: Rillaboom|71/100|[from] Grassy Terrain
|-sideend|p2: fralb14|move: Tailwind
|upkeep
|inactive|fralb14 has 30 seconds left.
|
|t:|1756285477
|switch|p2b: Ursaluna|Ursaluna, L50, M|100/100
|turn|5
|inactive|jirkunow has 30 seconds left.
|inactive|fralb14 has 30 seconds left.
|
|t:|1756285505
|-terastallize|p2b: Ursaluna|Ghost
|move|p1b: Incineroar|Fake Out|p2a: Dragonite
|-damage|p2a: Dragonite|56/100
|cant|p2a: Dragonite|flinch
|move|p1a: Rillaboom|Knock Off|p2b: Ursaluna
|-supereffective|p2b: Ursaluna
|-damage|p2b: Ursaluna|50/100
|-enditem|p2b: Ursaluna|Flame Orb|[from] move: Knock Off|[of] p1a: Rillaboom
|move|p2b: Ursaluna|Headlong Rush|p1b: Incineroar
|-supereffective|p1b: Incineroar
|-damage|p1b: Incineroar|0 fnt
|-unboost|p2b: Ursaluna|def|1
|-unboost|p2b: Ursaluna|spd|1
|faint|p1b: Incineroar
|
|-heal|p1a: Rillaboom|77/100|[from] Grassy Terrain
|-heal|p2b: Ursaluna|56/100|[from] Grassy Terrain
|-fieldend|move: Grassy Terrain
|upkeep
|
|t:|1756285519
|switch|p1b: Gholdengo|Gholdengo, L50|97/100
|turn|6
|inactive|fralb14 has 30 seconds left.
|
|t:|1756285551
|switch|p2a: Sinistcha|Sinistcha, L50|100/100
|-heal|p2b: Ursaluna|81/100|[from] ability: Hospitality|[of] p2a: Sinistcha
|switch|p1a: Sneasler|Sneasler, L50, M|100/100
|-terastallize|p1b: Gholdengo|Water
|move|p2b: Ursaluna|Protect|p2b: Ursaluna
|-singleturn|p2b: Ursaluna|Protect
|move|p1b: Gholdengo|Nasty Plot|p1b: Gholdengo
|-boost|p1b: Gholdengo|spa|2
|
|upkeep
|turn|7
|inactive|jirkunow has 30 seconds left.
|inactive|fralb14 has 30 seconds left.
|inactive|fralb14 has 20 seconds left.
|inactive|fralb14 has 15 seconds left.
|inactive|fralb14 has 10 seconds left.
|inactive|fralb14 has 5 seconds left.
|
|t:|1756285605
|move|p2a: Sinistcha|Rage Powder|p2a: Sinistcha
|-singleturn|p2a: Sinistcha|move: Rage Powder
|move|p1a: Sneasler|Dire Claw|p2a: Sinistcha
|-damage|p2a: Sinistcha|66/100
|move|p1b: Gholdengo|Shadow Ball|p2a: Sinistcha
|-supereffective|p2a: Sinistcha
|-damage|p2a: Sinistcha|0 fnt
|faint|p2a: Sinistcha
|-damage|p1b: Gholdengo|87/100|[from] item: Life Orb
|move|p2b: Ursaluna|Earthquake|p1b: Gholdengo|[spread] p1a,p1b
|-supereffective|p1a: Sneasler
|-enditem|p1a: Sneasler|Focus Sash
|-damage|p1a: Sneasler|1/100
|-damage|p1b: Gholdengo|39/100
|
|upkeep
|
|t:|1756285621
|switch|p2a: Dragonite|Dragonite, L50, M|56/100
|turn|8
|inactive|jirkunow has 30 seconds left.
|
|t:|1756285650
|move|p1b: Gholdengo|Protect|p1b: Gholdengo
|-singleturn|p1b: Gholdengo|Protect
|move|p1a: Sneasler|Close Combat|p2a: Dragonite
|-resisted|p2a: Dragonite
|-damage|p2a: Dragonite|23/100
|-unboost|p1a: Sneasler|def|1
|-unboost|p1a: Sneasler|spd|1
|move|p2a: Dragonite|Scale Shot|p1b: Gholdengo
|-activate|p1b: Gholdengo|move: Protect
|move|p2b: Ursaluna|Earthquake|p1b: Gholdengo|[spread] p1a
|-activate|p1b: Gholdengo|move: Protect
|-immune|p2a: Dragonite
|-supereffective|p1a: Sneasler
|-damage|p1a: Sneasler|0 fnt
|faint|p1a: Sneasler
|
|upkeep
|
|t:|1756285665
|switch|p1a: Rillaboom|Rillaboom, L50, M|77/100
|-fieldstart|move: Grassy Terrain|[from] ability: Grassy Surge|[of] p1a: Rillaboom
|turn|9
|inactive|jirkunow has 30 seconds left.
|inactive|jirkunow has 20 seconds left.
|inactive|jirkunow has 15 seconds left.
|
|t:|1756285707
|move|p2a: Dragonite|Protect|p2a: Dragonite
|-singleturn|p2a: Dragonite|Protect
|move|p2b: Ursaluna|Protect|p2b: Ursaluna
|-singleturn|p2b: Ursaluna|Protect
|move|p1a: Rillaboom|Fake Out|p2a: Dragonite
|-activate|p2a: Dragonite|move: Protect
|move|p1b: Gholdengo|Make It Rain|p2b: Ursaluna|[spread] 
|-activate|p2a: Dragonite|move: Protect
|-activate|p2b: Ursaluna|move: Protect
|
|-heal|p1a: Rillaboom|83/100|[from] Grassy Terrain
|-heal|p1b: Gholdengo|45/100|[from] Grassy Terrain
|-heal|p2b: Ursaluna|86/100|[from] Grassy Terrain
|upkeep
|turn|10
|
|t:|1756285731
|move|p1b: Gholdengo|Protect|p1b: Gholdengo
|-singleturn|p1b: Gholdengo|Protect
|move|p1a: Rillaboom|Grassy Glide|p2a: Dragonite
|-resisted|p2a: Dragonite
|-damage|p2a: Dragonite|14/100
|move|p2a: Dragonite|Tailwind|p2a: Dragonite
|-sidestart|p2: fralb14|move: Tailwind
|move|p2b: Ursaluna|Headlong Rush|p1b: Gholdengo
|-activate|p1b: Gholdengo|move: Protect
|
|-heal|p2b: Ursaluna|92/100|[from] Grassy Terrain
|-heal|p1a: Rillaboom|89/100|[from] Grassy Terrain
|-heal|p1b: Gholdengo|50/100|[from] Grassy Terrain
|upkeep
|turn|11
|inactive|jirkunow has 30 seconds left.
|inactive|fralb14 has 30 seconds left.
|inactive|jirkunow has 20 seconds left.
|inactive|fralb14 has 20 seconds left.
|
|t:|1756285767
|move|p1a: Rillaboom|Grassy Glide|p2a: Dragonite
|-resisted|p2a: Dragonite
|-damage|p2a: Dragonite|4/100
|move|p2a: Dragonite|Scale Shot|p1b: Gholdengo
|-damage|p1b: Gholdengo|36/100
|-damage|p1b: Gholdengo|21/100
|-damage|p1b: Gholdengo|5/100
|-crit|p1b: Gholdengo
|-damage|p1b: Gholdengo|0 fnt
|faint|p1b: Gholdengo
|-hitcount|p1: Gholdengo|4
|-unboost|p2a: Dragonite|def|1
|-boost|p2a: Dragonite|spe|1
|move|p2b: Ursaluna|Facade|p1a: Rillaboom
|-damage|p1a: Rillaboom|40/100
|
|-heal|p2b: Ursaluna|98/100|[from] Grassy Terrain
|-heal|p1a: Rillaboom|46/100|[from] Grassy Terrain
|upkeep
|turn|12
|inactive|fralb14 has 20 seconds left this turn.
|inactive|fralb14 has 15 seconds left.
|inactive|fralb14 has 10 seconds left.
|inactive|fralb14 has 5 seconds left.
|-message|fralb14 lost due to inactivity.
|
|win|jirkunow
||jirkunow is ready for game 2.
|inactive|fralb14 has 30 seconds to confirm battle start!
||fralb14 is ready for game 2.
|uhtml|next|Next: Game 2 of 3
|l|☆jirkunow
|player|p1|
