|j|☆ga sneasler
|j|‽arielrai
|html|ga sneaslerarielrai    
|uhtml|bestof|Game 1 of a best-of-3
|t:|1757919808
|gametype|doubles
|player|p1|ga sneasler|170|1404
|player|p2|arielrai|102|1325
|gen|9
|tier|[Gen 9] VGC 2025 Reg H (Bo3)
|rated|
|rule|Species Clause: Limit one of each Pokémon
|rule|Item Clause: Limit 1 of each item
|clearpoke
|poke|p1|Dragapult, L50, F|
|poke|p1|Kingambit, L50, F|
|poke|p1|Electabuzz, L50, F|
|poke|p1|Blaziken, L50, M|
|poke|p1|Primarina, L50, M|
|poke|p1|Rillaboom, L50, M|
|poke|p2|Gothitelle, L50, F|
|poke|p2|Politoed, L50, M|
|poke|p2|Indeedee-F, L50, F|
|poke|p2|Sneasler, L50, F|
|poke|p2|Archaludon, L50, M|
|poke|p2|Basculegion, L50, M|
|teampreview|4
|showteam|p1|Dragapult||ChoiceBand|ClearBody|Outrage,DragonDarts,PhantomForce,Uturn|||F|||50|,,,,,Dragon]Kingambit||SafetyGoggles|Defiant|KowtowCleave,SuckerPunch,SwordsDance,Protect|||F|||50|,,,,,Dark]Electabuzz||Eviolite|VitalSpirit|Thunderbolt,HelpingHand,FollowMe,Protect|||F|||50|,,,,,Fairy]Blaziken||FocusSash|SpeedBoost|HeatWave,AuraSphere,Coaching,Detect|||M|||50|,,,,,Stellar]Primarina||SitrusBerry|LiquidVoice|Moonblast,HyperVoice,Haze,Protect|||M|||50|,,,,,Water]Rillaboom||AssaultVest|GrassySurge|WoodHammer,GrassyGlide,FakeOut,Uturn|||M|||50|,,,,,Fire
|showteam|p2|Gothitelle||SitrusBerry|ShadowTag|HealPulse,FakeOut,ExpandingForce,TrickRoom|||F|||50|,,,,,Grass]Politoed||Leftovers|Drizzle|Protect,MuddyWater,IceBeam,EarthPower|||M|||50|,,,,,Water]Indeedee-F||RockyHelmet|PsychicSurge|FollowMe,Psychic,TrickRoom,DazzlingGleam|||F|||50|,,,,,Fairy]Sneasler||PsychicSeed|Unburden|Protect,DireClaw,CloseCombat,ThroatChop|||F|||50|,,,,,Dark]Archaludon||AssaultVest|Stamina|ElectroShot,FlashCannon,DracoMeteor,BodyPress|||M|||50|,,,,,Grass]Basculegion||LifeOrb|SwiftSwim|LastRespects,WaveCrash,FlipTurn,Protect|||M|||50|,,,,,Water
|inactive|Battle timer is ON: inactive players will automatically lose when time's up. (requested by ga sneasler)
|
|t:|1757919834
|teamsize|p1|4
|teamsize|p2|4
|start
|switch|p1a: Dragapult|Dragapult, L50, F|100/100
|switch|p1b: Electabuzz|Electabuzz, L50, F|100/100
|switch|p2a: Archaludon|Archaludon, L50, M|100/100
|switch|p2b: Politoed|Politoed, L50, M|100/100
|-weather|RainDance|[from] ability: Drizzle|[of] p2b: Politoed
|turn|1
|
|t:|1757919845
|-terastallize|p1a: Dragapult|Dragon
|-terastallize|p2b: Politoed|Water
|move|p1b: Electabuzz|Helping Hand|p1a: Dragapult
|-singleturn|p1a: Dragapult|Helping Hand|[of] p1b: Electabuzz
|move|p1a: Dragapult|Outrage|p2a: Archaludon
|-damage|p2a: Archaludon|0 fnt
|faint|p2a: Archaludon
|move|p2b: Politoed|Muddy Water|p1a: Dragapult|[spread] p1b
|-miss|p2b: Politoed|p1a: Dragapult
|-damage|p1b: Electabuzz|56/100
|
|-weather|RainDance|[upkeep]
|upkeep
|
|t:|1757919862
|switch|p2a: Basculegion|Basculegion, L50, M|100/100
|turn|2
|
|t:|1757919878
|move|p1b: Electabuzz|Follow Me|p1b: Electabuzz
|-singleturn|p1b: Electabuzz|move: Follow Me
|move|p2a: Basculegion|Wave Crash|p1b: Electabuzz
|-damage|p1b: Electabuzz|0 fnt
|faint|p1b: Electabuzz
|-damage|p2a: Basculegion|85/100|[from] Recoil
|-damage|p2a: Basculegion|75/100|[from] item: Life Orb
|move|p1a: Dragapult|Outrage|p2b: Politoed|[from] lockedmove
|-damage|p2b: Politoed|0 fnt
|faint|p2b: Politoed
|
|-weather|RainDance|[upkeep]
|upkeep
|
|t:|1757919889
|switch|p1b: Rillaboom|Rillaboom, L50, M|100/100
|switch|p2b: Indeedee|Indeedee-F, L50, F|100/100
|-fieldstart|move: Grassy Terrain|[from] ability: Grassy Surge|[of] p1b: Rillaboom
|-fieldstart|move: Psychic Terrain|[from] ability: Psychic Surge|[of] p2b: Indeedee
|turn|3
|
|t:|1757919899
|move|p2b: Indeedee|Follow Me|p2b: Indeedee
|-singleturn|p2b: Indeedee|move: Follow Me
|move|p2a: Basculegion|Last Respects|p1a: Dragapult
|-damage|p1a: Dragapult|0 fnt
|faint|p1a: Dragapult
|-damage|p2a: Basculegion|65/100|[from] item: Life Orb
|move|p1b: Rillaboom|U-turn|p2b: Indeedee
|-supereffective|p2b: Indeedee
|-damage|p2b: Indeedee|49/100
|-damage|p1b: Rillaboom|84/100|[from] item: Rocky Helmet|[of] p2b: Indeedee
|
|t:|1757919904
|switch|p1b: Blaziken|Blaziken, L50, M|100/100|[from] U-turn
|
|-weather|RainDance|[upkeep]
|upkeep
|
|t:|1757919905
|switch|p1a: Rillaboom|Rillaboom, L50, M|84/100
|-fieldstart|move: Grassy Terrain|[from] ability: Grassy Surge|[of] p1a: Rillaboom
|turn|4
|inactive|ga sneasler has 30 seconds left.
|inactive|ga sneasler has 20 seconds left.
|
|t:|1757919945
|move|p2b: Indeedee|Follow Me|p2b: Indeedee
|-singleturn|p2b: Indeedee|move: Follow Me
|move|p2a: Basculegion|Last Respects|p1a: Rillaboom
|-damage|p1a: Rillaboom|0 fnt
|faint|p1a: Rillaboom
|-damage|p2a: Basculegion|56/100|[from] item: Life Orb
|move|p1b: Blaziken|Aura Sphere|p2b: Indeedee
|-damage|p2b: Indeedee|16/100
|
|-weather|RainDance|[upkeep]
|-heal|p2a: Basculegion|62/100|[from] Grassy Terrain
|-heal|p2b: Indeedee|22/100|[from] Grassy Terrain
|-ability|p1b: Blaziken|Speed Boost|boost
|-boost|p1b: Blaziken|spe|1
|upkeep
|turn|5
|
|t:|1757919959
|move|p1b: Blaziken|Detect|p1b: Blaziken
|-singleturn|p1b: Blaziken|Protect
|move|p2b: Indeedee|Follow Me|p2b: Indeedee
|-singleturn|p2b: Indeedee|move: Follow Me
|move|p2a: Basculegion|Wave Crash|p1b: Blaziken
|-activate|p1b: Blaziken|move: Protect
|
|-weather|none
|-heal|p2a: Basculegion|68/100|[from] Grassy Terrain
|-heal|p2b: Indeedee|28/100|[from] Grassy Terrain
|-ability|p1b: Blaziken|Speed Boost|boost
|-boost|p1b: Blaziken|spe|1
|upkeep
|turn|6
|
|t:|1757919966
|move|p2b: Indeedee|Follow Me|p2b: Indeedee
|-singleturn|p2b: Indeedee|move: Follow Me
|move|p1b: Blaziken|Heat Wave|p2b: Indeedee|[spread] p2a,p2b
|-resisted|p2a: Basculegion
|-damage|p2a: Basculegion|49/100
|-damage|p2b: Indeedee|0 fnt
|faint|p2b: Indeedee
|move|p2a: Basculegion|Wave Crash|p1b: Blaziken
|-supereffective|p1b: Blaziken
|-enditem|p1b: Blaziken|Focus Sash
|-damage|p1b: Blaziken|1/100
|-damage|p2a: Basculegion|23/100|[from] Recoil
|-damage|p2a: Basculegion|13/100|[from] item: Life Orb
|
|-heal|p1b: Blaziken|7/100|[from] Grassy Terrain
|-heal|p2a: Basculegion|19/100|[from] Grassy Terrain
|-ability|p1b: Blaziken|Speed Boost|boost
|-boost|p1b: Blaziken|spe|1
|upkeep
|turn|7
|
|t:|1757919975
|move|p1b: Blaziken|Heat Wave|p2a: Basculegion
|-resisted|p2a: Basculegion
|-damage|p2a: Basculegion|0 fnt
|faint|p2a: Basculegion
|
|win|ga sneasler
||ga sneasler is ready for game 2.
||arielrai is ready for game 2.
|uhtml|next|Next: Game 2 of 3
