|j|☆iflamercenar
|j|☆Invoker Kuzan
|html|iflamercenarInvoker Kuzan    
|uhtml|bestof|Game 2 of a best-of-3
|t:|1756251102
|gametype|doubles
|player|p1|iflamercenar|acetrainer-gen4dp|1124
|player|p2|Invoker Kuzan|marnie-masters3|1130
|gen|9
|tier|[Gen 9] VGC 2025 Reg H (Bo3)
|rated|
|rule|Species Clause: Limit one of each Pokémon
|rule|Item Clause: Limit 1 of each item
|clearpoke
|poke|p1|Whimsicott, L50, M|
|poke|p1|Garchomp, L50, F|
|poke|p1|Gholdengo, L50|
|poke|p1|Incineroar, L50, M|
|poke|p1|Sneasler, L50, F|
|poke|p1|Dragonite, L50, M|
|poke|p2|Indeedee-F, L50, F|
|poke|p2|Hatterene, L50, F|
|poke|p2|Gallade, L50, M|
|poke|p2|Ursaluna, L50, M|
|poke|p2|Lilligant-Hisui, L50, F|
|poke|p2|Torkoal, L50, M|
|teampreview|4
|showteam|p1|Whimsicott||FocusSash|Prankster|Moonblast,Tailwind,Encore,Protect|||M|||50|,,,,,Ghost]Garchomp||LifeOrb|RoughSkin|Earthquake,DragonClaw,StompingTantrum,Protect|||F|||50|,,,,,Ground]Gholdengo||ChoiceSpecs|GoodasGold|MakeItRain,ShadowBall,Trick,PowerGem||||||50|,,,,,Flying]Incineroar||AssaultVest|Intimidate|FakeOut,FlareBlitz,KnockOff,Uturn|||M|||50|,,,,,Grass]Sneasler||WhiteHerb|Unburden|FakeOut,DireClaw,CloseCombat,Protect|||F|||50|,,,,,Stellar]Dragonite||ChoiceBand|InnerFocus|ExtremeSpeed,Outrage,IceSpinner,StompingTantrum|||M|||50|,,,,,Normal
|showteam|p2|Indeedee-F||PsychicSeed|PsychicSurge|TrickRoom,FollowMe,HelpingHand,DazzlingGleam|||F|||50|,,,,,Fire]Hatterene||LifeOrb|MagicBounce|ExpandingForce,TrickRoom,DazzlingGleam,Protect|||F|||50|,,,,,Psychic]Gallade||ClearAmulet|Sharpness|PsychoCut,TrickRoom,SacredSword,WideGuard|||M|||50|,,,,,Grass]Ursaluna||FlameOrb|Guts|HeadlongRush,Facade,SwordsDance,Protect|||M|||50|,,,,,Ghost]Lilligant-Hisui||FocusSash|Chlorophyll|SolarBlade,SleepPowder,CloseCombat,AfterYou|||F|||50|,,,,,Ghost]Torkoal||ChoiceSpecs|Drought|Eruption,HeatWave,WeatherBall,EarthPower|||M|||50|,,,,,Fire
|inactive|Battle timer is ON: inactive players will automatically lose when time's up. (requested by Invoker Kuzan)
|
|t:|1756251126
|teamsize|p1|4
|teamsize|p2|4
|start
|switch|p1a: Garchomp|Garchomp, L50, F|100/100
|switch|p1b: Dragonite|Dragonite, L50, M|100/100
|switch|p2a: Indeedee|Indeedee-F, L50, F, shiny|100/100
|switch|p2b: Gallade|Gallade, L50, M, shiny|100/100
|-fieldstart|move: Psychic Terrain|[from] ability: Psychic Surge|[of] p2a: Indeedee
|-enditem|p2a: Indeedee|Psychic Seed
|-boost|p2a: Indeedee|spd|1|[from] item: Psychic Seed
|turn|1
|
|t:|1756251138
|move|p2a: Indeedee|Follow Me|p2a: Indeedee
|-singleturn|p2a: Indeedee|move: Follow Me
|move|p1a: Garchomp|Dragon Claw|p2a: Indeedee
|-damage|p2a: Indeedee|52/100
|-damage|p1a: Garchomp|91/100|[from] item: Life Orb
|move|p1b: Dragonite|Ice Spinner|p2a: Indeedee
|-damage|p2a: Indeedee|12/100
|-fieldend|move: Psychic Terrain
|move|p2b: Gallade|Trick Room|p2b: Gallade
|-fieldstart|move: Trick Room|[of] p2b: Gallade
|
|upkeep
|turn|2
|inactive|iflamercenar has 30 seconds left.
|
|t:|1756251166
|switch|p2a: Ursaluna|Ursaluna, L50, M, shiny|100/100
|move|p2b: Gallade|Sacred Sword|p1a: Garchomp
|-damage|p1a: Garchomp|17/100
|-damage|p2b: Gallade|88/100|[from] ability: Rough Skin|[of] p1a: Garchomp
|move|p1b: Dragonite|Ice Spinner|p2a: Ursaluna
|-supereffective|p2a: Ursaluna
|-damage|p2a: Ursaluna|36/100
|move|p1a: Garchomp|Stomping Tantrum|p2b: Gallade
|-damage|p2b: Gallade|17/100
|-damage|p1a: Garchomp|8/100|[from] item: Life Orb
|
|-status|p2a: Ursaluna|brn|[from] item: Flame Orb
|upkeep
|turn|3
|
|t:|1756251190
|switch|p2b: Indeedee|Indeedee-F, L50, F, shiny|12/100
|-fieldstart|move: Psychic Terrain|[from] ability: Psychic Surge|[of] p2b: Indeedee
|switch|p1b: Incineroar|Incineroar, L50, M|100/100
|-ability|p1b: Incineroar|Intimidate|boost
|-unboost|p2a: Ursaluna|atk|1
|-unboost|p2b: Indeedee|atk|1
|move|p1a: Garchomp|Protect|p1a: Garchomp
|-singleturn|p1a: Garchomp|Protect
|move|p2a: Ursaluna|Facade|p1b: Incineroar
|-damage|p1b: Incineroar|37/100
|
|-damage|p2a: Ursaluna|30/100 brn|[from] brn
|upkeep
|turn|4
|
|t:|1756251210
|switch|p1b: Dragonite|Dragonite, L50, M|100/100
|move|p2a: Ursaluna|Facade|p1b: Dragonite
|-damage|p1b: Dragonite|12/100
|move|p2b: Indeedee|Dazzling Gleam|p1a: Garchomp|[spread] p1a,p1b
|-supereffective|p1a: Garchomp
|-supereffective|p1b: Dragonite
|-damage|p1a: Garchomp|0 fnt
|-damage|p1b: Dragonite|0 fnt
|faint|p1a: Garchomp
|faint|p1b: Dragonite
|
|-damage|p2a: Ursaluna|24/100 brn|[from] brn
|upkeep
|
|t:|1756251218
|switch|p1b: Incineroar|Incineroar, L50, M|37/100
|switch|p1a: Sneasler|Sneasler, L50, F|100/100
|-ability|p1b: Incineroar|Intimidate|boost
|-unboost|p2a: Ursaluna|atk|1
|-unboost|p2b: Indeedee|atk|1
|turn|5
|
|t:|1756251234
|move|p1a: Sneasler|Protect|p1a: Sneasler
|-singleturn|p1a: Sneasler|Protect
|move|p2b: Indeedee|Follow Me|p2b: Indeedee
|-singleturn|p2b: Indeedee|move: Follow Me
|move|p2a: Ursaluna|Headlong Rush|p1b: Incineroar
|-supereffective|p1b: Incineroar
|-damage|p1b: Incineroar|0 fnt
|-unboost|p2a: Ursaluna|def|1
|-unboost|p2a: Ursaluna|spd|1
|faint|p1b: Incineroar
|
|-damage|p2a: Ursaluna|18/100 brn|[from] brn
|-fieldend|move: Trick Room
|upkeep
|turn|6
|c|☆Invoker Kuzan|gg
|
|t:|1756251248
|move|p2b: Indeedee|Follow Me|p2b: Indeedee
|-singleturn|p2b: Indeedee|move: Follow Me
|move|p1a: Sneasler|Dire Claw|p2b: Indeedee
|-damage|p2b: Indeedee|0 fnt
|faint|p2b: Indeedee
|move|p2a: Ursaluna|Headlong Rush|p1a: Sneasler
|-supereffective|p1a: Sneasler
|-damage|p1a: Sneasler|0 fnt
|-unboost|p2a: Ursaluna|def|1
|-unboost|p2a: Ursaluna|spd|1
|faint|p1a: Sneasler
|
|win|Invoker Kuzan
|raw|iflamercenar's rating: 1124 → 1099(-25 for losing)
|raw|Invoker Kuzan's rating: 1130 → 1155(+25 for winning)
