|j|☆d1mo22
|j|☆lald3n
|html|d1mo22lald3n    
|uhtml|bestof|Game 2 of a best-of-3
|t:|1784654724
|gametype|doubles
|player|p1|d1mo22|skier|1262
|player|p2|lald3n|iono-masters|1176
|gen|9
|tier|[Gen 9 Champions] VGC 2026 Reg M-B (Bo3)
|rated|
|rule|Species Clause: Limit one of each Pokémon
|rule|Item Clause: Limit 1 of each item
|clearpoke
|poke|p1|Raichu, L50, M|
|poke|p1|Gyarados, L50, M, shiny|
|poke|p1|Mamoswine, L50, M|
|poke|p1|Ceruledge, L50, M|
|poke|p1|Sinistcha, L50|
|poke|p1|Kingambit, L50, F, shiny|
|poke|p2|Ceruledge, L50, F|
|poke|p2|Incineroar, L50, F|
|poke|p2|Froslass, L50, F|
|poke|p2|Overqwil, L50, F|
|poke|p2|Charizard, L50, F|
|poke|p2|Lucario, L50, M|
|teampreview|4
|showteam|p1|Raichu||RaichuniteY|LightningRod|FakeOut,Encore,ZapCannon,FocusBlast|Timid||M|||50|]Gyarados||Gyaradosite|Intimidate|LashOut,Waterfall,DragonDance,Protect|Adamant||M|||50|]Mamoswine||LifeOrb|Oblivious|Protect,IcicleCrash,IceShard,HighHorsepower|Jolly||M|||50|]Ceruledge||ColburBerry|FlashFire|BitterBlade,ShadowSneak,BulkUp,Protect|Adamant||M|||50|]Sinistcha||SitrusBerry|Hospitality|Protect,RagePowder,MatchaGotcha,LifeDew|Bold|||||50|]Kingambit||FocusSash|Defiant|Protect,SuckerPunch,KowtowCleave,IronHead|Adamant||F|||50|
|showteam|p2|Ceruledge||BigRoot|FlashFire|PsychUp,BulkUp,BitterBlade,ShadowSneak|Jolly||F|||50|]Incineroar||SitrusBerry|Intimidate|FakeOut,PartingShot,WillOWisp,FlareBlitz|Careful||F|||50|]Froslass||Froslassite|CursedBody|AuroraVeil,Blizzard,PsychUp,Protect|Timid||F|||50|]Overqwil||Leftovers|Intimidate|Minimize,Substitute,BarbBarrage,Spite|Jolly||F|||50|]Charizard||CharizarditeY|Blaze|HeatWave,WeatherBall,SolarBeam,Protect|Timid||F|||50|]Lucario||Lucarionite|Justified|CloseCombat,BulletPunch,Detect,RockSlide|Jolly||M|||50|
|inactive|Battle timer is ON: inactive players will automatically lose when time's up. (requested by d1mo22)
|inactive|d1mo22 has 60 seconds left.
|
|t:|1784654778
|teamsize|p1|4
|teamsize|p2|4
|start
|switch|p1a: Kingambit|Kingambit, L50, F, shiny|100/100
|switch|p1b: Raichu|Raichu, L50, M|100/100
|switch|p2a: Froslass|Froslass, L50, F|100/100
|switch|p2b: Overqwil|Overqwil, L50, F|100/100
|-ability|p2b: Overqwil|Intimidate|boost
|-unboost|p1a: Kingambit|atk|1
|-ability|p1a: Kingambit|Defiant|boost
|-boost|p1a: Kingambit|atk|2
|-unboost|p1b: Raichu|atk|1
|turn|1
|
|t:|1784654793
|switch|p2a: Lucario|Lucario, L50, M|100/100
|move|p1b: Raichu|Fake Out|p2b: Overqwil
|-damage|p2b: Overqwil|94/100
|cant|p2b: Overqwil|flinch
|move|p1a: Kingambit|Kowtow Cleave|p2a: Lucario
|-resisted|p2a: Lucario|1
|-damage|p2a: Lucario|40/100
|-ability|p2a: Lucario|Justified|boost
|-boost|p2a: Lucario|atk|1
|
|-heal|p2b: Overqwil|100/100|[from] item: Leftovers
|upkeep
|turn|2
|inactive|d1mo22 has 30 seconds left.
|
|t:|1784654825
|switch|p1b: Gyarados|Gyarados, L50, M, shiny|100/100
|-ability|p1b: Gyarados|Intimidate|boost
|-unboost|p2a: Lucario|atk|1
|-unboost|p2b: Overqwil|atk|1
|move|p2a: Lucario|Detect|p2a: Lucario
|-singleturn|p2a: Lucario|Protect
|move|p1a: Kingambit|Protect|p1a: Kingambit
|-singleturn|p1a: Kingambit|Protect
|move|p2b: Overqwil|Barb Barrage|p1b: Gyarados
|-damage|p1b: Gyarados|81/100
|-status|p1b: Gyarados|psn
|
|-damage|p1b: Gyarados|69/100 psn|[from] psn
|upkeep
|turn|3
|
|t:|1784654850
|move|p1a: Kingambit|Sucker Punch|p2a: Lucario
|-resisted|p2a: Lucario|1
|-damage|p2a: Lucario|0 fnt
|faint|p2a: Lucario
|move|p2b: Overqwil|Minimize|p2b: Overqwil
|-boost|p2b: Overqwil|evasion|2
|move|p1b: Gyarados|Dragon Dance|p1b: Gyarados
|-boost|p1b: Gyarados|atk|1
|-boost|p1b: Gyarados|spe|1
|
|-damage|p1b: Gyarados|56/100 psn|[from] psn
|upkeep
|
|t:|1784654855
|switch|p2a: Incineroar|Incineroar, L50, F|100/100
|-ability|p2a: Incineroar|Intimidate|boost
|-unboost|p1a: Kingambit|atk|1
|-ability|p1a: Kingambit|Defiant|boost
|-boost|p1a: Kingambit|atk|2
|-unboost|p1b: Gyarados|atk|1
|turn|4
|
|t:|1784654867
|move|p1a: Kingambit|Protect|p1a: Kingambit
|-singleturn|p1a: Kingambit|Protect
|move|p1b: Gyarados|Waterfall|p2a: Incineroar
|-supereffective|p2a: Incineroar|1
|-damage|p2a: Incineroar|24/100
|-enditem|p2a: Incineroar|Sitrus Berry|[eat]
|-heal|p2a: Incineroar|49/100|[from] item: Sitrus Berry
|move|p2b: Overqwil|Minimize|p2b: Overqwil
|-boost|p2b: Overqwil|evasion|2
|cant|p2a: Incineroar|flinch
|
|-damage|p1b: Gyarados|44/100 psn|[from] psn
|upkeep
|turn|5
|inactive|d1mo22 has 30 seconds left.
|
|t:|1784654896
|move|p1b: Gyarados|Waterfall|p2a: Incineroar
|-supereffective|p2a: Incineroar|1
|-damage|p2a: Incineroar|0 fnt
|faint|p2a: Incineroar
|move|p2b: Overqwil|Minimize|p2b: Overqwil
|-boost|p2b: Overqwil|evasion|2
|move|p1a: Kingambit|Kowtow Cleave|p2b: Overqwil
|-resisted|p2b: Overqwil|1
|-damage|p2b: Overqwil|51/100
|
|-heal|p2b: Overqwil|57/100|[from] item: Leftovers
|-damage|p1b: Gyarados|32/100 psn|[from] psn
|upkeep
|
|t:|1784654899
|switch|p2a: Froslass|Froslass, L50, F|100/100
|turn|6
|inactive|d1mo22 has 30 seconds left.
|
|t:|1784654927
|detailschange|p2a: Froslass|Froslass-Mega, L50, F
|-mega|p2a: Froslass|Froslass|Froslassite
|-weather|Snowscape|[from] ability: Snow Warning|[of] p2a: Froslass
|move|p2a: Froslass|Psych Up|p2b: Overqwil
|-copyboost|p2a: Froslass|p2b: Overqwil|[from] move: Psych Up
|move|p1b: Gyarados|Lash Out|p2a: Froslass|[miss]
|-miss|p1b: Gyarados|p2a: Froslass
|move|p2b: Overqwil|Substitute|p2b: Overqwil
|-start|p2b: Overqwil|Substitute
|-damage|p2b: Overqwil|32/100
|move|p1a: Kingambit|Kowtow Cleave|p2b: Overqwil
|-resisted|p2b: Overqwil|1
|-end|p2b: Overqwil|Substitute
|
|-weather|Snowscape|[upkeep]
|-heal|p2b: Overqwil|38/100|[from] item: Leftovers
|-damage|p1b: Gyarados|19/100 psn|[from] psn
|upkeep
|turn|7
|
|t:|1784654950
|move|p2a: Froslass|Aurora Veil|p2a: Froslass
|-sidestart|p2: lald3n|move: Aurora Veil
|move|p1b: Gyarados|Lash Out|p2a: Froslass|[miss]
|-miss|p1b: Gyarados|p2a: Froslass
|move|p2b: Overqwil|Substitute|p2b: Overqwil
|-start|p2b: Overqwil|Substitute
|-damage|p2b: Overqwil|13/100
|move|p1a: Kingambit|Kowtow Cleave|p2a: Froslass
|-supereffective|p2a: Froslass|1
|-damage|p2a: Froslass|0 fnt
|faint|p2a: Froslass
|
|-weather|Snowscape|[upkeep]
|-heal|p2b: Overqwil|19/100|[from] item: Leftovers
|-damage|p1b: Gyarados|7/100 psn|[from] psn
|upkeep
|turn|8
|c|☆lald3n|2 hits in a row
|
|t:|1784654967
|move|p1b: Gyarados|Waterfall|p2b: Overqwil|[miss]
|-miss|p1b: Gyarados|p2b: Overqwil
|move|p2b: Overqwil|Spite|p1a: Kingambit
|-activate|p1a: Kingambit|move: Spite|Kowtow Cleave|4
|move|p1a: Kingambit|Kowtow Cleave|p2b: Overqwil
|-resisted|p2b: Overqwil|1
|-end|p2b: Overqwil|Substitute
|
|-weather|Snowscape|[upkeep]
|-heal|p2b: Overqwil|25/100|[from] item: Leftovers
|-damage|p1b: Gyarados|0 fnt|[from] psn
|faint|p1b: Gyarados
|upkeep
|
|t:|1784654971
|switch|p1b: Raichu|Raichu, L50, M|100/100
|turn|9
|
|t:|1784654977
|move|p1b: Raichu|Fake Out|p2b: Overqwil|[miss]
|-miss|p1b: Raichu|p2b: Overqwil
|move|p2b: Overqwil|Barb Barrage|p1b: Raichu
|-damage|p1b: Raichu|77/100
|move|p1a: Kingambit|Kowtow Cleave|p2b: Overqwil
|-resisted|p2b: Overqwil|1
|-damage|p2b: Overqwil|0 fnt
|faint|p2b: Overqwil
|
|win|d1mo22
||lald3n is ready for game 3.
