|j|☆That1Morpecko
|j|☆risciaven
|html|That1Morpeckorisciaven    
|uhtml|bestof|Game 2 of a best-of-3
|t:|1782415767
|gametype|doubles
|player|p1|That1Morpecko|hiker-gen4|1122
|player|p2|risciaven|harlequin|1069
|gen|9
|tier|[Gen 9 Champions] VGC 2026 Reg M-B (Bo3)
|rated|
|rule|Species Clause: Limit one of each Pokémon
|rule|Item Clause: Limit 1 of each item
|clearpoke
|poke|p1|Froslass, L50, F|
|poke|p1|Scovillain, L50, F, shiny|
|poke|p1|Basculegion, L50, M|
|poke|p1|Kingambit, L50, M|
|poke|p1|Sneasler, L50, F|
|poke|p1|Lycanroc-Dusk, L50, F|
|poke|p2|Sableye, L50, F|
|poke|p2|Audino, L50, M|
|poke|p2|Raichu, L50, F|
|poke|p2|Reuniclus, L50, F|
|poke|p2|Decidueye-Hisui, L50, M|
|poke|p2|Palafin, L50, M|
|teampreview|4
|showteam|p1|Froslass||Froslassite|CursedBody|Blizzard,ShadowBall,AuroraVeil,Protect|Modest||F|||50|]Scovillain||Scovillainite|Moody|GigaDrain,Overheat,RagePowder,Protect|Bold||F|||50|]Basculegion||SitrusBerry|Adaptability|WaveCrash,LastRespects,AquaJet,Protect|Adamant||M|||50|]Kingambit||BlackGlasses|Defiant|KowtowCleave,SuckerPunch,SwordsDance,Protect|Adamant||M|||50|]Sneasler||WhiteHerb|Unburden|CloseCombat,GunkShot,Protect,FakeOut|Adamant||F|||50|]Lycanroc-Dusk||FocusSash|ToughClaws|CloseCombat,Accelerock,RockSlide,Protect|Adamant||F|||50|
|showteam|p2|Sableye||FocusSash|Prankster|FakeOut,Encore,WillOWisp,FoulPlay|Careful||F|||50|]Audino||SitrusBerry|Regenerator|Wish,AllySwitch,Encore,HyperVoice|Bold||M|||50|]Raichu||RaichuniteX|LightningRod|Protect,KnockOff,UpperHand,VoltTackle|Jolly||F|||50|]Reuniclus||LifeOrb|MagicGuard|Protect,CalmMind,ShadowBall,Psychic|Modest||F|||50|]Decidueye-Hisui||ScopeLens|Scrappy|Protect,Tailwind,LeafBlade,TripleArrows|Adamant||M|||50|]Palafin||MysticWater|ZerotoHero|Protect,FlipTurn,JetPunch,WaveCrash|Adamant||M|||50|
|inactive|Battle timer is ON: inactive players will automatically lose when time's up. (requested by risciaven)
|inactive|That1Morpecko also wants the timer to be on.
|inactive|That1Morpecko has 60 seconds left.
|
|t:|1782415801
|teamsize|p1|4
|teamsize|p2|4
|start
|switch|p1a: Scovillain|Scovillain, L50, F, shiny|100/100
|switch|p1b: Kingambit|Kingambit, L50, M|100/100
|switch|p2a: Audino|Audino, L50, M|100/100
|switch|p2b: Reuniclus|Reuniclus, L50, F|100/100
|turn|1
|
|t:|1782415819
|move|p1a: Scovillain|Protect|p1a: Scovillain
|-singleturn|p1a: Scovillain|Protect
|move|p2a: Audino|Wish|p2a: Audino
|move|p1b: Kingambit|Kowtow Cleave|p2b: Reuniclus
|-supereffective|p2b: Reuniclus|1
|-damage|p2b: Reuniclus|0 fnt
|faint|p2b: Reuniclus
|
|-ability|p1a: Scovillain|Moody|boost
|-boost|p1a: Scovillain|spa|2
|-unboost|p1a: Scovillain|spd|1
|upkeep
|
|t:|1782415826
|switch|p2b: Decidueye|Decidueye-Hisui, L50, M|100/100
|turn|2
|
|t:|1782415850
|detailschange|p1a: Scovillain|Scovillain-Mega, L50, F, shiny
|-mega|p1a: Scovillain|Scovillain|Scovillainite
|move|p1a: Scovillain|Rage Powder|p1a: Scovillain
|-singleturn|p1a: Scovillain|move: Rage Powder
|move|p2a: Audino|Ally Switch|p2a: Audino
|swap|p2a: Audino|1|[from] move: Ally Switch
|move|p2a: Decidueye|Tailwind|p2a: Decidueye
|-sidestart|p2: risciaven|move: Tailwind
|move|p1b: Kingambit|Swords Dance|p1b: Kingambit
|-boost|p1b: Kingambit|atk|2
|
|upkeep
|turn|3
|
|t:|1782415873
|move|p1b: Kingambit|Protect|p1b: Kingambit
|-singleturn|p1b: Kingambit|Protect
|move|p2a: Decidueye|Triple Arrows|p1b: Kingambit
|-activate|p1b: Kingambit|move: Protect
|move|p2b: Audino|Encore|p1a: Scovillain
|-start|p1a: Scovillain|Encore
|move|p1a: Scovillain|Rage Powder|p1a: Scovillain
|-singleturn|p1a: Scovillain|move: Rage Powder
|
|upkeep
|turn|4
|
|t:|1782415884
|switch|p2b: Raichu|Raichu, L50, F|100/100
|switch|p1b: Basculegion|Basculegion, L50, M|100/100
|move|p1a: Scovillain|Rage Powder|p1a: Scovillain
|-singleturn|p1a: Scovillain|move: Rage Powder
|move|p2a: Decidueye|Triple Arrows|p1b: Basculegion
|-damage|p1b: Basculegion|58/100
|
|upkeep
|turn|5
|inactive|risciaven has 30 seconds left.
|
|t:|1782415914
|switch|p1b: Sneasler|Sneasler, L50, F|100/100
|detailschange|p2b: Raichu|Raichu-Mega-X, L50, F
|-mega|p2b: Raichu|Raichu|Raichunite X
|-fieldstart|move: Electric Terrain|[from] ability: Electric Surge|[of] p2b: Raichu
|move|p1a: Scovillain|Rage Powder|p1a: Scovillain
|-singleturn|p1a: Scovillain|move: Rage Powder
|move|p2b: Raichu|Volt Tackle|p1a: Scovillain
|-resisted|p1a: Scovillain|1
|-damage|p1a: Scovillain|60/100
|-status|p2b: Raichu|brn|[from] ability: Spicy Spray|[of] p1a: Scovillain
|-damage|p2b: Raichu|83/100 brn|[from] Recoil
|move|p2a: Decidueye|Triple Arrows|p1a: Scovillain
|-damage|p1a: Scovillain|14/100
|-status|p2a: Decidueye|brn|[from] ability: Spicy Spray|[of] p1a: Scovillain
|
|-damage|p2b: Raichu|78/100 brn|[from] brn
|-damage|p2a: Decidueye|93/100 brn|[from] brn
|-end|p1a: Scovillain|Encore
|-sideend|p2: risciaven|move: Tailwind
|upkeep
|turn|6
|-message|risciaven forfeited.
|
|win|That1Morpecko
|raw|That1Morpecko's rating: 1122 → 1143(+21 for winning)
|raw|risciaven's rating: 1069 → 1052(-17 for losing)
|l|☆risciaven
|player|p2|
