|j|☆NutsToButts67
|j|☆diddyblaster67
|html|NutsToButts67diddyblaster67    
|uhtml|bestof|Game 1 of a best-of-3
|t:|1785128525
|gametype|doubles
|player|p1|NutsToButts67|1|
|player|p2|diddyblaster67|1|
|gen|9
|tier|[Gen 9 Champions] VGC 2026 Reg M-B (Bo3)
|rule|Species Clause: Limit one of each Pokémon
|rule|Item Clause: Limit 1 of each item
|clearpoke
|poke|p1|Charizard, L50, F|
|poke|p1|Venusaur, L50, M|
|poke|p1|Raichu-Alola, L50, M|
|poke|p1|Typhlosion-Hisui, L50, F|
|poke|p1|Sylveon, L50, M|
|poke|p1|Volcarona, L50, M|
|poke|p2|Archaludon, L50, M|
|poke|p2|Pelipper, L50, M|
|poke|p2|Palafin, L50, M|
|poke|p2|Starmie, L50|
|poke|p2|Mamoswine, L50, M|
|poke|p2|Zoroark-Hisui, L50, F|
|teampreview|4
|showteam|p1|Charizard||CharizarditeY|SolarPower|HeatWave,SolarBeam,WeatherBall,Protect|Timid||F|||50|]Venusaur||FocusSash|Chlorophyll|SleepPowder,SludgeBomb,GigaDrain,Protect|Modest||M|||50|]Raichu-Alola||ColburBerry|SurgeSurfer|FakeOut,Nuzzle,Thunderbolt,Protect|Timid||M|||50|]Typhlosion-Hisui||ChoiceScarf|Blaze|Eruption,HeatWave,ShadowBall,Flamethrower|Timid||F|||50|]Sylveon||LifeOrb|Pixilate|HyperVoice,CalmMind,ShadowBall,Protect|Modest||M|||50|]Volcarona||MentalHerb|FlameBody|RagePowder,FieryDance,Tailwind,Protect|Calm||M|||50|
|showteam|p2|Archaludon||Leftovers|Stamina|ElectroShot,FlashCannon,DragonPulse,Protect|Modest||M|||50|]Pelipper||DampRock|Drizzle|Hurricane,WeatherBall,Tailwind,WideGuard|Modest||M|||50|]Palafin||MysticWater|ZerotoHero|WaveCrash,JetPunch,CloseCombat,Protect|Adamant||M|||50|]Starmie||Starminite|Illuminate|Liquidation,AquaJet,ZenHeadbutt,Protect|Jolly|||||50|]Mamoswine||FocusSash|Oblivious|HighHorsepower,IcicleCrash,IceShard,Protect|Adamant||M|||50|]Zoroark-Hisui||SilkScarf|Illusion|BitterMalice,HyperVoice,IcyWind,Protect|Timid||F|||50|
|
|t:|1785128547
|teamsize|p1|4
|teamsize|p2|4
|start
|switch|p1a: Charizard|Charizard, L50, F|100/100
|switch|p1b: Venusaur|Venusaur, L50, M|100/100
|switch|p2a: Archaludon|Archaludon, L50, M|100/100
|switch|p2b: Pelipper|Pelipper, L50, M|100/100
|-weather|RainDance|[from] ability: Drizzle|[of] p2b: Pelipper
|turn|1
|j| Brickalson
|c| Brickalson|Peak
|
|t:|1785128656
|detailschange|p1a: Charizard|Charizard-Mega-Y, L50, F
|-mega|p1a: Charizard|Charizard|Charizardite Y
|-weather|SunnyDay|[from] ability: Drought|[of] p1a: Charizard
|move|p2b: Pelipper|Wide Guard|p2b: Pelipper
|-singleturn|p2b: Pelipper|Wide Guard
|move|p1b: Venusaur|Sleep Powder|p2a: Archaludon
|-status|p2a: Archaludon|slp|[from] move: Sleep Powder
|move|p1a: Charizard|Solar Beam||[still]
|-prepare|p1a: Charizard|Solar Beam
|-anim|p1a: Charizard|Solar Beam|p2b: Pelipper
|-damage|p2b: Pelipper|10/100
|cant|p2a: Archaludon|slp
|
|-weather|SunnyDay|[upkeep]
|upkeep
|turn|2
|l| Brickalson
|
|t:|1785128682
|move|p1b: Venusaur|Giga Drain|p2b: Pelipper
|-damage|p2b: Pelipper|0 fnt
|faint|p2b: Pelipper
|move|p1a: Charizard|Solar Beam||[still]
|-prepare|p1a: Charizard|Solar Beam
|-anim|p1a: Charizard|Solar Beam|p2a: Archaludon
|-resisted|p2a: Archaludon|2
|-damage|p2a: Archaludon|80/100 slp
|-ability|p2a: Archaludon|Stamina|boost
|-boost|p2a: Archaludon|def|1
|-curestatus|p2a: Archaludon|slp|[msg]
|move|p2a: Archaludon|Electro Shot||[still]
|-prepare|p2a: Archaludon|Electro Shot
|-boost|p2a: Archaludon|spa|1
|
|-weather|SunnyDay|[upkeep]
|-heal|p2a: Archaludon|86/100|[from] item: Leftovers
|upkeep
|
|t:|1785128709
|switch|p2b: Starmie|Starmie, L50|100/100
|turn|3
|
|t:|1785128724
|detailschange|p2b: Starmie|Starmie-Mega, L50
|-mega|p2b: Starmie|Starmie|Starminite
|move|p2b: Starmie|Aqua Jet|p1a: Charizard
|-supereffective|p1a: Charizard|1
|-damage|p1a: Charizard|63/100
|move|p1b: Venusaur|Sleep Powder|p2a: Archaludon
|-status|p2a: Archaludon|slp|[from] move: Sleep Powder
|move|p1a: Charizard|Solar Beam||[still]
|-prepare|p1a: Charizard|Solar Beam
|-anim|p1a: Charizard|Solar Beam|p2b: Starmie
|-supereffective|p2b: Starmie|1
|-damage|p2b: Starmie|0 fnt
|faint|p2b: Starmie
|cant|p2a: Archaludon|slp
|
|-weather|SunnyDay|[upkeep]
|-heal|p2a: Archaludon|92/100 slp|[from] item: Leftovers
|upkeep
|j| Brickalson
|
|t:|1785128748
|switch|p2b: Zoroark|Zoroark-Hisui, L50, F|100/100
|turn|4
|
|t:|1785128783
|switch|p1b: Sylveon|Sylveon, L50, M|100/100
|-curestatus|p2a: Archaludon|slp|[msg]
|move|p2a: Archaludon|Protect|p2a: Archaludon
|-singleturn|p2a: Archaludon|Protect
|move|p1a: Charizard|Weather Ball|p2b: Zoroark
|-damage|p2b: Zoroark|0 fnt
|faint|p2b: Zoroark
|
|-weather|SunnyDay|[upkeep]
|-heal|p2a: Archaludon|98/100|[from] item: Leftovers
|upkeep
|turn|5
|l| Brickalson
|
|t:|1785128816
|move|p1a: Charizard|Solar Beam||[still]
|-prepare|p1a: Charizard|Solar Beam
|-anim|p1a: Charizard|Solar Beam|p2a: Archaludon
|-resisted|p2a: Archaludon|2
|-damage|p2a: Archaludon|80/100
|-ability|p2a: Archaludon|Stamina|boost
|-boost|p2a: Archaludon|def|1
|move|p2a: Archaludon|Electro Shot||[still]
|-prepare|p2a: Archaludon|Electro Shot
|-boost|p2a: Archaludon|spa|1
|move|p1b: Sylveon|Hyper Voice|p2a: Archaludon
|-damage|p2a: Archaludon|0 fnt
|faint|p2a: Archaludon
|-damage|p1b: Sylveon|90/100|[from] item: Life Orb
|
|win|NutsToButts67
|inactive|NutsToButts67 has 30 seconds to confirm battle start!
|inactive|diddyblaster67 has 30 seconds to confirm battle start!
||diddyblaster67 is ready for game 2.
||NutsToButts67 is ready for game 2.
|uhtml|next|Next: Game 2 of 3
