|j|☆jeanryupr
|j|☆Cloaxy
|html|jeanryuprCloaxy    
|uhtml|bestof|Game 1 of a best-of-3
|t:|1785709541
|gametype|doubles
|player|p1|jeanryupr|101|1173
|player|p2|Cloaxy|unknownf|1222
|gen|9
|tier|[Gen 9 Champions] VGC 2026 Reg M-B (Bo3)
|rated|
|rule|Species Clause: Limit one of each Pokémon
|rule|Item Clause: Limit 1 of each item
|clearpoke
|poke|p1|Raichu, L50, M|
|poke|p1|Aerodactyl, L50, M|
|poke|p1|Sylveon, L50, F|
|poke|p1|Basculegion, L50, M|
|poke|p1|Farigiraf, L50, F|
|poke|p1|Garchomp, L50, M|
|poke|p2|Zoroark-Hisui, L50, M, shiny|
|poke|p2|Whimsicott, L50, F, shiny|
|poke|p2|Gholdengo, L50, shiny|
|poke|p2|Charizard, L50, F, shiny|
|poke|p2|Floette-Eternal, L50, F|
|poke|p2|Tyranitar, L50, M|
|teampreview|4
|showteam|p1|Raichu||RaichuniteY|Static|FocusBlast,ZapCannon,FakeOut,Protect|Timid||M|||50|]Aerodactyl||Aerodactylite|Unnerve|WideGuard,IceFang,RockSlide,Tailwind|Jolly||M|||50|]Sylveon||FairyFeather|Pixilate|Detect,QuickAttack,HyperBeam,HyperVoice|Modest||F|||50|]Basculegion||FocusSash|Adaptability|LastRespects,AquaJet,WaveCrash,Protect|Adamant||M|||50|]Farigiraf||SitrusBerry|ArmorTail|TrickRoom,HelpingHand,Thunderbolt,TwinBeam|Bold||F|||50|]Garchomp|||RoughSkin|Protect,DragonClaw,StompingTantrum,Earthquake|Jolly||M|||50|
|showteam|p2|Zoroark-Hisui||FocusSash|Illusion|BitterMalice,IcyWind,HelpingHand,Protect|Timid||M|||50|]Whimsicott||MentalHerb|Prankster|Encore,Taunt,Tailwind,Moonblast|Timid||F|||50|]Gholdengo||MetalCoat|GoodasGold|MakeItRain,ShadowBall,NastyPlot,Protect|Modest|||||50|]Charizard||CharizarditeY|Blaze|HeatWave,WeatherBall,Protect,SolarBeam|Timid||F|||50|]Floette-Eternal||Floettite|FlowerVeil|Moonblast,DrainingKiss,CalmMind,Protect|Modest||F|||50|]Tyranitar||LifeOrb|SandStream|RockSlide,Crunch,HighHorsepower,Protect|Jolly||M|||50|
|
|t:|1785709597
|teamsize|p1|4
|teamsize|p2|4
|start
|switch|p1a: Farigiraf|Farigiraf, L50, F|100/100
|switch|p1b: Basculegion|Basculegion, L50, M|100/100
|switch|p2a: Whimsicott|Whimsicott, L50, F, shiny|100/100
|switch|p2b: Gholdengo|Gholdengo, L50, shiny|100/100
|turn|1
|
|t:|1785709612
|move|p1b: Basculegion|Protect|p1b: Basculegion
|-singleturn|p1b: Basculegion|Protect
|move|p2a: Whimsicott|Bitter Malice|p1b: Basculegion
|-activate|p1b: Basculegion|move: Protect
|move|p2b: Gholdengo|Make It Rain|p1b: Basculegion|[spread] p1a
|-activate|p1b: Basculegion|move: Protect
|-damage|p1a: Farigiraf|45/100
|-unboost|p2b: Gholdengo|spa|2
|-enditem|p1a: Farigiraf|Sitrus Berry|[eat]
|-heal|p1a: Farigiraf|70/100|[from] item: Sitrus Berry
|move|p1a: Farigiraf|Twin Beam|p2b: Gholdengo
|-resisted|p2b: Gholdengo|1
|-damage|p2b: Gholdengo|90/100
|-resisted|p2b: Gholdengo|1
|-damage|p2b: Gholdengo|82/100
|-hitcount|p2b: Gholdengo|2
|
|upkeep
|turn|2
|
|t:|1785709651
|move|p2a: Whimsicott|Bitter Malice|p1b: Basculegion
|-supereffective|p1b: Basculegion|1
|-damage|p1b: Basculegion|14/100
|-unboost|p1b: Basculegion|atk|1
|move|p2b: Gholdengo|Shadow Ball|p1b: Basculegion
|-supereffective|p1b: Basculegion|1
|-damage|p1b: Basculegion|0 fnt
|faint|p1b: Basculegion
|move|p1a: Farigiraf|Twin Beam|p2a: Whimsicott
|-damage|p2a: Whimsicott|65/100
|replace|p2a: Zoroark|Zoroark-Hisui, L50, M, shiny
|-end|p2a: Zoroark|Illusion
|-damage|p2a: Zoroark|34/100
|-hitcount|p2a: Zoroark|2
|
|upkeep
|
|t:|1785709668
|switch|p1b: Garchomp|Garchomp, L50, M|100/100
|turn|3
|
|t:|1785709686
|switch|p2b: Whimsicott|Whimsicott, L50, F, shiny|100/100
|move|p1b: Garchomp|Protect|p1b: Garchomp
|-singleturn|p1b: Garchomp|Protect
|move|p2a: Zoroark|Bitter Malice|p1b: Garchomp
|-activate|p1b: Garchomp|move: Protect
|move|p1a: Farigiraf|Twin Beam|p2a: Zoroark
|-damage|p2a: Zoroark|1/100
|-damage|p2a: Zoroark|0 fnt
|faint|p2a: Zoroark
|-hitcount|p2: Zoroark|2
|
|upkeep
|
|t:|1785709691
|switch|p2a: Charizard|Charizard, L50, F, shiny|100/100
|turn|4
|
|t:|1785709712
|detailschange|p2a: Charizard|Charizard-Mega-Y, L50, F, shiny
|-mega|p2a: Charizard|Charizard|Charizardite Y
|-weather|SunnyDay|[from] ability: Drought|[of] p2a: Charizard
|move|p1b: Garchomp|Dragon Claw|p2a: Charizard
|-damage|p2a: Charizard|50/100g
|move|p2a: Charizard|Weather Ball|p1a: Farigiraf
|-damage|p1a: Farigiraf|0 fnt
|faint|p1a: Farigiraf
|move|p2b: Whimsicott|Moonblast|p1b: Garchomp
|-supereffective|p1b: Garchomp|1
|-damage|p1b: Garchomp|44/100
|
|-weather|SunnyDay|[upkeep]
|upkeep
|
|t:|1785709722
|switch|p1a: Raichu|Raichu, L50, M|100/100
|turn|5
|
|t:|1785709745
|detailschange|p1a: Raichu|Raichu-Mega-Y, L50, M
|-mega|p1a: Raichu|Raichu|Raichunite Y
|move|p2a: Charizard|Protect|p2a: Charizard
|-singleturn|p2a: Charizard|Protect
|move|p2b: Whimsicott|Tailwind|p2b: Whimsicott
|-sidestart|p2: Cloaxy|move: Tailwind
|move|p1a: Raichu|Zap Cannon|p2a: Charizard
|-activate|p2a: Charizard|move: Protect
|move|p1b: Garchomp|Stomping Tantrum|p2b: Whimsicott
|-resisted|p2b: Whimsicott|1
|-damage|p2b: Whimsicott|77/100
|
|-weather|SunnyDay|[upkeep]
|upkeep
|turn|6
|
|t:|1785709762
|move|p2a: Charizard|Weather Ball|p1a: Raichu
|-damage|p1a: Raichu|0 fnt
|faint|p1a: Raichu
|move|p2b: Whimsicott|Moonblast|p1b: Garchomp
|-supereffective|p1b: Garchomp|1
|-damage|p1b: Garchomp|0 fnt
|faint|p1b: Garchomp
|
|win|Cloaxy
