|j|☆WaluigiVGC
|j|☆frtsmllatheunwise
|html|WaluigiVGCfrtsmllatheunwise    
|uhtml|bestof|Game 1 of a best-of-3
|t:|1756481565
|gametype|doubles
|player|p1|WaluigiVGC|170|1040
|player|p2|frtsmllatheunwise|swimmer-gen4|1000
|gen|9
|tier|[Gen 9] VGC 2025 Reg H (Bo3)
|rated|
|rule|Species Clause: Limit one of each Pokémon
|rule|Item Clause: Limit 1 of each item
|clearpoke
|poke|p1|Pelipper, L50, F|
|poke|p1|Tatsugiri-Droopy, L50, M|
|poke|p1|Dondozo, L50, F|
|poke|p1|Archaludon, L50, F|
|poke|p1|Sneasler, L50, M|
|poke|p1|Indeedee, L50, M|
|poke|p2|Bisharp, L50, M|
|poke|p2|Whimsicott, L50, F|
|poke|p2|Ursaluna-Bloodmoon, L50, M|
|poke|p2|Dragapult, L50, F|
|poke|p2|Vivillon, L50, F|
|poke|p2|Arcanine-Hisui, L50, M|
|teampreview|4
|showteam|p1|Pelipper||CovertCloak|Drizzle|Hurricane,WeatherBall,Tailwind,Protect|||F|||50|,,,,,Grass]Tatsugiri-Droopy||SafetyGoggles|Commander|MuddyWater,DracoMeteor,Taunt,Protect|||M|||50|,,,,,Ghost]Dondozo||Leftovers|Unaware|Earthquake,OrderUp,BodyPress,Protect|||F|||50|,,,,,Steel]Archaludon||AssaultVest|Stamina|ElectroShot,FlashCannon,BodyPress,DragonPulse|||F|||50|,,,,,Grass]Sneasler||PsychicSeed|Unburden|DireClaw,CloseCombat,ThroatChop,Protect|||M|||50|,,,,,Dark]Indeedee||FocusSash|PsychicSurge|ExpandingForce,TrickRoom,Imprison,Protect|||M|||50|,,,,,Ghost
|showteam|p2|Bisharp||Eviolite|Defiant|SwordsDance,SuckerPunch,IronHead,StoneEdge|||M|||50|,,,,,Flying]Whimsicott||CovertCloak|Prankster|Moonblast,Tailwind,Encore,Taunt|||F|||50|,,,,,Steel]Ursaluna-Bloodmoon||AssaultVest|MindsEye|BloodMoon,EarthPower,HyperVoice,VacuumWave|||M|||50|,,,,,Water]Dragapult||ChoiceSpecs|Infiltrator|DracoMeteor,ShadowBall,HydroPump,Uturn|||F|||50|,,,,,Dragon]Vivillon||FocusSash|CompoundEyes|Hurricane,RagePowder,SleepPowder,Protect|||F|||50|,,,,,Ghost]Arcanine-Hisui||ChoiceBand|Intimidate|FlareBlitz,RockSlide,ExtremeSpeed,TeraBlast|||M|||50|,,,,,Fairy
|
|t:|1756481596
|teamsize|p1|4
|teamsize|p2|4
|start
|switch|p1a: Indeedee|Indeedee, L50, M|100/100
|switch|p1b: Sneasler|Sneasler, L50, M|100/100
|switch|p2a: Whimsicott|Whimsicott, L50, F|100/100
|switch|p2b: Bisharp|Bisharp, L50, M|100/100
|-fieldstart|move: Psychic Terrain|[from] ability: Psychic Surge|[of] p1a: Indeedee
|-enditem|p1b: Sneasler|Psychic Seed
|-boost|p1b: Sneasler|spd|1|[from] item: Psychic Seed
|turn|1
|
|t:|1756481630
|move|p2a: Whimsicott|Tailwind|p2a: Whimsicott
|-sidestart|p2: frtsmllatheunwise|move: Tailwind
|move|p1b: Sneasler|Close Combat|p2b: Bisharp
|-supereffective|p2b: Bisharp
|-damage|p2b: Bisharp|0 fnt
|-unboost|p1b: Sneasler|def|1
|-unboost|p1b: Sneasler|spd|1
|faint|p2b: Bisharp
|move|p1a: Indeedee|Expanding Force|p2a: Whimsicott
|-damage|p2a: Whimsicott|1/100
|
|upkeep
|
|t:|1756481646
|switch|p2b: Vivillon|Vivillon, L50, F|100/100
|turn|2
|
|t:|1756481668
|move|p1b: Sneasler|Protect|p1b: Sneasler
|-singleturn|p1b: Sneasler|Protect
|move|p1a: Indeedee|Protect|p1a: Indeedee
|-singleturn|p1a: Indeedee|Protect
|move|p2b: Vivillon|Sleep Powder|p1a: Indeedee
|-activate|p1a: Indeedee|move: Protect
|move|p2a: Whimsicott|Moonblast|p1b: Sneasler
|-activate|p1b: Sneasler|move: Protect
|
|upkeep
|turn|3
|
|t:|1756481685
|switch|p1b: Dondozo|Dondozo, L50, F|100/100
|switch|p1a: Tatsugiri|Tatsugiri-Droopy, L50, M|100/100
|-activate|p1a: Tatsugiri|ability: Commander|[of] p1b: Dondozo
|-boost|p1b: Dondozo|atk|2
|-boost|p1b: Dondozo|spa|2
|-boost|p1b: Dondozo|spe|2
|-boost|p1b: Dondozo|def|2
|-boost|p1b: Dondozo|spd|2
|move|p2a: Whimsicott|Taunt|p1b: Dondozo
|-activate|p1b: Dondozo|move: Psychic Terrain
|move|p2b: Vivillon|Sleep Powder|p1a: Tatsugiri|[miss]
|-miss|p2b: Vivillon|p1a: Tatsugiri
|
|upkeep
|turn|4
|
|t:|1756481703
|move|p1b: Dondozo|Protect|p1b: Dondozo
|-singleturn|p1b: Dondozo|Protect
|move|p2a: Whimsicott|Taunt|p1b: Dondozo
|-activate|p1b: Dondozo|move: Psychic Terrain
|move|p2b: Vivillon|Sleep Powder|p1b: Dondozo
|-activate|p1b: Dondozo|move: Protect
|
|-sideend|p2: frtsmllatheunwise|move: Tailwind
|upkeep
|turn|5
|
|t:|1756481730
|move|p2b: Vivillon|Sleep Powder|p1b: Dondozo
|-status|p1b: Dondozo|slp|[from] move: Sleep Powder
|cant|p1b: Dondozo|slp
|move|p2a: Whimsicott|Moonblast|p1b: Dondozo
|-damage|p1b: Dondozo|88/100 slp
|
|-heal|p1b: Dondozo|94/100 slp|[from] item: Leftovers
|-fieldend|move: Psychic Terrain
|upkeep
|turn|6
|
|t:|1756481756
|switch|p2a: Dragapult|Dragapult, L50, F|100/100
|move|p2b: Vivillon|Sleep Powder|p1a: Tatsugiri|[miss]
|-miss|p2b: Vivillon|p1a: Tatsugiri
|cant|p1b: Dondozo|slp
|
|-heal|p1b: Dondozo|100/100 slp|[from] item: Leftovers
|upkeep
|turn|7
|
|t:|1756481772
|switch|p2b: Whimsicott|Whimsicott, L50, F|1/100
|move|p2a: Dragapult|Draco Meteor|p1b: Dondozo
|-damage|p1b: Dondozo|62/100 slp
|-unboost|p2a: Dragapult|spa|2
|cant|p1b: Dondozo|slp
|
|-heal|p1b: Dondozo|68/100 slp|[from] item: Leftovers
|upkeep
|turn|8
|
|t:|1756481784
|switch|p2a: Vivillon|Vivillon, L50, F|100/100
|move|p2b: Whimsicott|Tailwind|p2b: Whimsicott
|-sidestart|p2: frtsmllatheunwise|move: Tailwind
|-curestatus|p1b: Dondozo|slp|[msg]
|move|p1b: Dondozo|Order Up|p2a: Vivillon
|-damage|p2a: Vivillon|30/100
|-boost|p1b: Dondozo|def|1
|
|-heal|p1b: Dondozo|74/100|[from] item: Leftovers
|upkeep
|turn|9
|
|t:|1756481805
|switch|p2b: Dragapult|Dragapult, L50, F|100/100
|move|p1b: Dondozo|Protect|p1b: Dondozo
|-singleturn|p1b: Dondozo|Protect
|move|p2a: Vivillon|Sleep Powder|p1b: Dondozo
|-activate|p1b: Dondozo|move: Protect
|
|-heal|p1b: Dondozo|80/100|[from] item: Leftovers
|upkeep
|turn|10
|
|t:|1756481825
|move|p2b: Dragapult|Draco Meteor|p1b: Dondozo
|-damage|p1b: Dondozo|40/100
|-unboost|p2b: Dragapult|spa|2
|move|p2a: Vivillon|Sleep Powder|p1b: Dondozo
|-status|p1b: Dondozo|slp|[from] move: Sleep Powder
|cant|p1b: Dondozo|slp
|
|-heal|p1b: Dondozo|46/100 slp|[from] item: Leftovers
|upkeep
|turn|11
|
|t:|1756481839
|switch|p2b: Whimsicott|Whimsicott, L50, F|1/100
|move|p2a: Vivillon|Hurricane|p1b: Dondozo
|-damage|p1b: Dondozo|26/100 slp
|-start|p1b: Dondozo|confusion
|-curestatus|p1b: Dondozo|slp|[msg]
|-activate|p1b: Dondozo|confusion
|move|p1b: Dondozo|Order Up|p2b: Whimsicott
|-immune|p2b: Whimsicott
|
|-heal|p1b: Dondozo|32/100|[from] item: Leftovers
|-sideend|p2: frtsmllatheunwise|move: Tailwind
|upkeep
|turn|12
|
|t:|1756481854
|move|p2b: Whimsicott|Tailwind|p2b: Whimsicott
|-sidestart|p2: frtsmllatheunwise|move: Tailwind
|move|p2a: Vivillon|Sleep Powder|p1b: Dondozo
|-status|p1b: Dondozo|slp|[from] move: Sleep Powder
|cant|p1b: Dondozo|slp
|
|-heal|p1b: Dondozo|39/100 slp|[from] item: Leftovers
|upkeep
|turn|13
|
|t:|1756481874
|switch|p2b: Dragapult|Dragapult, L50, F|100/100
|move|p2a: Vivillon|Hurricane|p1b: Dondozo|[miss]
|-miss|p2a: Vivillon|p1b: Dondozo
|-curestatus|p1b: Dondozo|slp|[msg]
|-activate|p1b: Dondozo|confusion
|move|p1b: Dondozo|Order Up|p2a: Vivillon
|-damage|p2a: Vivillon|0 fnt
|faint|p2a: Vivillon
|-boost|p1b: Dondozo|def|1
|
|-heal|p1b: Dondozo|45/100|[from] item: Leftovers
|upkeep
|j| rosmarino1
|
|t:|1756481886
|switch|p2a: Whimsicott|Whimsicott, L50, F|1/100
|turn|14
|
|t:|1756481896
|move|p2b: Dragapult|Draco Meteor|p1b: Dondozo
|-damage|p1b: Dondozo|8/100
|-unboost|p2b: Dragapult|spa|2
|move|p2a: Whimsicott|Moonblast|p1b: Dondozo
|-damage|p1b: Dondozo|0 fnt
|faint|p1b: Dondozo
|
|upkeep
|
|t:|1756481908
|switch|p1b: Sneasler|Sneasler, L50, M|100/100
|turn|15
|
|t:|1756481955
|-terastallize|p2a: Whimsicott|Steel
|move|p1b: Sneasler|Protect|p1b: Sneasler
|-singleturn|p1b: Sneasler|Protect
|move|p1a: Tatsugiri|Protect|p1a: Tatsugiri
|-singleturn|p1a: Tatsugiri|Protect
|move|p2a: Whimsicott|Taunt|p1a: Tatsugiri
|-activate|p1a: Tatsugiri|move: Protect
|move|p2b: Dragapult|Draco Meteor|p1a: Tatsugiri
|-activate|p1a: Tatsugiri|move: Protect
|
|-sideend|p2: frtsmllatheunwise|move: Tailwind
|upkeep
|turn|16
|
|t:|1756481978
|-terastallize|p1b: Sneasler|Dark
|move|p2a: Whimsicott|Tailwind|p2a: Whimsicott
|-sidestart|p2: frtsmllatheunwise|move: Tailwind
|move|p2b: Dragapult|Draco Meteor|p1a: Tatsugiri
|-supereffective|p1a: Tatsugiri
|-damage|p1a: Tatsugiri|0 fnt
|-unboost|p2b: Dragapult|spa|2
|faint|p1a: Tatsugiri
|move|p1b: Sneasler|Throat Chop|p2b: Dragapult
|-supereffective|p2b: Dragapult
|-damage|p2b: Dragapult|0 fnt
|faint|p2b: Dragapult
|
|upkeep
|
|t:|1756481990
|switch|p1a: Indeedee|Indeedee, L50, M|100/100
|-fieldstart|move: Psychic Terrain|[from] ability: Psychic Surge|[of] p1a: Indeedee
|turn|17
|-message|frtsmllatheunwise forfeited.
|raw|WaluigiVGC's rating: 1040 → 1070(+30 for winning)
|raw|frtsmllatheunwise's rating: 1000 → 1000(+0 for losing)
|
|win|WaluigiVGC
