|j|☆oriozz
|j|☆OwenOwen52
|html|oriozzOwenOwen52    
|uhtml|bestof|Game 1 of a best-of-3
|t:|1783989240
|gametype|doubles
|player|p1|oriozz|101|1089
|player|p2|OwenOwen52|170|1000
|gen|9
|tier|[Gen 9 Champions] VGC 2026 Reg M-B (Bo3)
|rated|
|rule|Species Clause: Limit one of each Pokémon
|rule|Item Clause: Limit 1 of each item
|clearpoke
|poke|p1|Charizard, L50, M|
|poke|p1|Grimmsnarl, L50, M|
|poke|p1|Pelipper, L50, F|
|poke|p1|Archaludon, L50, M|
|poke|p1|Basculegion, L50, M|
|poke|p1|Venusaur, L50, M|
|poke|p2|Infernape, L50, F|
|poke|p2|Toxicroak, L50, F|
|poke|p2|Pelipper, L50, M|
|poke|p2|Garchomp, L50, F|
|poke|p2|Swampert, L50, F|
|poke|p2|Gholdengo, L50|
|teampreview|4
|showteam|p1|Charizard||CharizarditeY|Blaze|Protect,HeatWave,WeatherBall,SolarBeam|Timid||M|||50|]Grimmsnarl||LightClay|Prankster|SpiritBreak,Reflect,LightScreen,PartingShot|Careful||M|||50|]Pelipper||SitrusBerry|Drizzle|Hurricane,WeatherBall,Tailwind,WideGuard|Modest||F|||50|]Archaludon||Leftovers|Stamina|Protect,ElectroShot,DragonPulse,FlashCannon|Timid||M|||50|]Basculegion||ChoiceScarf|Adaptability|FlipTurn,WaveCrash,AquaJet,LastRespects|Jolly||M|||50|]Venusaur||FocusSash|Chlorophyll|Protect,SleepPowder,SludgeBomb,EarthPower|Modest||M|||50|
|showteam|p2|Infernape||LifeOrb|Blaze|FlareBlitz,CloseCombat,FakeOut,Protect|Jolly||F|||50|]Toxicroak||MentalHerb|DrySkin|SuckerPunch,PoisonJab,CloseCombat,Protect|Jolly||F|||50|]Pelipper||FocusSash|Drizzle|WeatherBall,WideGuard,Hurricane,Tailwind|Modest||M|||50|]Garchomp||SitrusBerry|RoughSkin|RockSlide,DragonClaw,Earthquake,Protect|Jolly||F|||50|]Swampert||Swampertite|Torrent|WaveCrash,IcePunch,Protect,HighHorsepower|Adamant||F|||50|]Gholdengo||MetalCoat|GoodasGold|MakeItRain,ShadowBall,NastyPlot,Protect|Timid|||||50|
|inactive|Battle timer is ON: inactive players will automatically lose when time's up. (requested by oriozz)
|inactive|oriozz has 60 seconds left.
|inactive|OwenOwen52 has 60 seconds left.
|
|t:|1783989282
|teamsize|p1|4
|teamsize|p2|4
|start
|switch|p1a: Charizard|Charizard, L50, M|100/100
|switch|p1b: Venusaur|Venusaur, L50, M|100/100
|switch|p2a: Infernape|Infernape, L50, F|100/100
|switch|p2b: Swampert|Swampert, L50, F|100/100
|turn|1
|
|t:|1783989300
|detailschange|p2b: Swampert|Swampert-Mega, L50, F
|-mega|p2b: Swampert|Swampert|Swampertite
|move|p1a: Charizard|Protect|p1a: Charizard
|-singleturn|p1a: Charizard|Protect
|move|p1b: Venusaur|Protect|p1b: Venusaur
|-singleturn|p1b: Venusaur|Protect
|move|p2a: Infernape|Flare Blitz|p1b: Venusaur
|-activate|p1b: Venusaur|move: Protect
|move|p2b: Swampert|Wave Crash|p1a: Charizard
|-activate|p1a: Charizard|move: Protect
|
|upkeep
|turn|2
|
|t:|1783989322
|switch|p2b: Toxicroak|Toxicroak, L50, F|100/100
|detailschange|p1a: Charizard|Charizard-Mega-Y, L50, M
|-mega|p1a: Charizard|Charizard|Charizardite Y
|-weather|SunnyDay|[from] ability: Drought|[of] p1a: Charizard
|move|p1b: Venusaur|Sleep Powder|p2a: Infernape
|-status|p2a: Infernape|slp|[from] move: Sleep Powder
|cant|p2a: Infernape|slp
|move|p1a: Charizard|Solar Beam||[still]
|-prepare|p1a: Charizard|Solar Beam
|-anim|p1a: Charizard|Solar Beam|p2b: Toxicroak
|-resisted|p2b: Toxicroak|1
|-crit|p2b: Toxicroak
|-damage|p2b: Toxicroak|47/100
|
|-weather|SunnyDay|[upkeep]
|-damage|p2b: Toxicroak|35/100|[from] ability: Dry Skin|[of] p2b: Toxicroak
|upkeep
|turn|3
|inactive|oriozz has 30 seconds left.
|
|t:|1783989356
|switch|p1b: Archaludon|Archaludon, L50, M|100/100
|move|p2b: Toxicroak|Sucker Punch|p1a: Charizard
|-damage|p1a: Charizard|70/100
|cant|p2a: Infernape|slp
|move|p1a: Charizard|Weather Ball|p2b: Toxicroak
|-damage|p2b: Toxicroak|0 fnt
|faint|p2b: Toxicroak
|
|-weather|SunnyDay|[upkeep]
|upkeep
|
|t:|1783989367
|switch|p2b: Swampert|Swampert-Mega, L50, F|100/100
|turn|4
|
|t:|1783989387
|-curestatus|p2a: Infernape|slp|[msg]
|move|p2a: Infernape|Close Combat|p1b: Archaludon
|-supereffective|p1b: Archaludon|1
|-damage|p1b: Archaludon|0 fnt
|-unboost|p2a: Infernape|def|1
|-unboost|p2a: Infernape|spd|1
|faint|p1b: Archaludon
|-damage|p2a: Infernape|90/100|[from] item: Life Orb
|move|p1a: Charizard|Solar Beam||[still]
|-prepare|p1a: Charizard|Solar Beam
|-anim|p1a: Charizard|Solar Beam|p2b: Swampert
|-supereffective|p2b: Swampert|2
|-damage|p2b: Swampert|0 fnt
|faint|p2b: Swampert
|
|-weather|SunnyDay|[upkeep]
|upkeep
|
|t:|1783989404
|switch|p1b: Venusaur|Venusaur, L50, M|100/100
|switch|p2b: Gholdengo|Gholdengo, L50|100/100
|turn|5
|
|t:|1783989414
|move|p2a: Infernape|Protect|p2a: Infernape
|-singleturn|p2a: Infernape|Protect
|move|p1b: Venusaur|Sleep Powder|p2a: Infernape
|-activate|p2a: Infernape|move: Protect
|move|p1a: Charizard|Heat Wave|p2b: Gholdengo|[spread] p2b
|-activate|p2a: Infernape|move: Protect
|-supereffective|p2b: Gholdengo|1
|-damage|p2b: Gholdengo|0 fnt
|faint|p2b: Gholdengo
|
|-weather|SunnyDay|[upkeep]
|upkeep
|turn|6
|
|t:|1783989438
|move|p1b: Venusaur|Sleep Powder|p2a: Infernape
|-status|p2a: Infernape|slp|[from] move: Sleep Powder
|cant|p2a: Infernape|slp
|move|p1a: Charizard|Weather Ball|p2a: Infernape
|-resisted|p2a: Infernape|1
|-damage|p2a: Infernape|0 fnt
|faint|p2a: Infernape
|
|win|oriozz
|l|☆OwenOwen52
|player|p2|
|raw|oriozz's rating: 1089 → 1109(+20 for winning)
|raw|OwenOwen52's rating: 1000 → 1000(+0 for losing)
