|j|ŌśåMIMHvgc
|j|ŌśåChelo.vgc
|html|MIMHvgcChelo.vgc    
|uhtml|bestof|Game 1 of a best-of-3
|t:|1756829343
|gametype|doubles
|player|p1|MIMHvgc|miku-fairy|
|player|p2|Chelo.vgc|benga|
|gen|9
|tier|[Gen 9] VGC 2025 Reg H (Bo3)
|rule|Species Clause: Limit one of each Pok├®mon
|rule|Item Clause: Limit 1 of each item
|clearpoke
|poke|p1|Annihilape, L50, M|
|poke|p1|Sinistcha, L50|
|poke|p1|Maushold-Four, L50|
|poke|p1|Klefki, L50, F|
|poke|p1|Ursaluna-Bloodmoon, L50, M|
|poke|p1|Ninetales-Alola, L50, F|
|poke|p2|Gholdengo, L50|
|poke|p2|Indeedee-F, L50, F|
|poke|p2|Armarouge, L50, F|
|poke|p2|Ursaluna, L50, F|
|poke|p2|Torkoal, L50, M|
|poke|p2|Lilligant-Hisui, L50, F|
|teampreview|4
|showteam|p1|Annihilape||Leftovers|Defiant|RageFist,DrainPunch,BulkUp,Protect|||M|||50|,,,,,Fire]Sinistcha||SitrusBerry|Hospitality|MatchaGotcha,RagePowder,StrengthSap,LifeDew||||||50|,,,,,Dark]Maushold-Four||SafetyGoggles|FriendGuard|FollowMe,BeatUp,Taunt,HelpingHand||||||50|,,,,,Ghost]Klefki||LightClay|Prankster|DazzlingGleam,Reflect,LightScreen,MistyTerrain|||F|||50|,,,,,Ghost]Ursaluna-Bloodmoon||AssaultVest|MindsEye|EarthPower,BloodMoon,HyperVoice,VacuumWave|||M|||50|,,,,,Normal]Ninetales-Alola||FocusSash|SnowWarning|Blizzard,FreezeDry,Encore,Protect|||F|||50|,,,,,Ghost
|showteam|p2|Gholdengo||LifeOrb|GoodasGold|MakeItRain,Protect,Thunderbolt,ShadowBall||||||50|,,,,,Steel]Indeedee-F||SafetyGoggles|PsychicSurge|Psychic,HelpingHand,TrickRoom,FollowMe|||F|||50|,,,,,Fairy]Armarouge||WeaknessPolicy|FlashFire|TrickRoom,ArmorCannon,ExpandingForce,Protect|||F|||50|,,,,,Grass]Ursaluna||FlameOrb|Guts|Protect,HeadlongRush,Earthquake,Facade|||F|||50|,,,,,Ghost]Torkoal||Charcoal|Drought|HeatWave,Protect,EarthPower,Eruption|||M|||50|,,,,,Fire]Lilligant-Hisui||FocusSash|Chlorophyll|Encore,LeafBlade,CloseCombat,AfterYou|||F|||50|,,,,,Ghost
|c|ŌśåMIMHvgc|lmao this isnŌĆÖt actually my team
|c|ŌśåMIMHvgc|This team just got 9th place in the VR tournament and it was really similar to mine
|c|ŌśåChelo.vgc|i c
|c|ŌśåChelo.vgc|well it is still annoying lmao
|c|ŌśåMIMHvgc|4 of the mons are the same as mine. Ninetales and klefki are the differences.
|c|ŌśåMIMHvgc|Ironically grimmsnarl is better in this specific matchup.
|c|ŌśåChelo.vgc|screens are cringe for my team
|
|t:|1756829436
|teamsize|p1|4
|teamsize|p2|4
|start
|switch|p1a: Biden Blast|Ursaluna-Bloodmoon, L50, M|100/100
|switch|p1b: driving in my car|Klefki, L50, F|100/100
|switch|p2a: frenemy|Indeedee-F, L50, F|100/100
|switch|p2b: go to sleep|Lilligant-Hisui, L50, F|100/100
|-fieldstart|move: Psychic Terrain|[from] ability: Psychic Surge|[of] p2a: frenemy
|turn|1
|
|t:|1756829468
|switch|p1a: Brandon|Annihilape, L50, M|100/100
|move|p2a: frenemy|Helping Hand|p2b: go to sleep
|-singleturn|p2b: go to sleep|Helping Hand|[of] p2a: frenemy
|move|p1b: driving in my car|Misty Terrain|p1b: driving in my car
|-fieldstart|move: Misty Terrain
|move|p2b: go to sleep|Leaf Blade|p1a: Brandon
|-damage|p1a: Brandon|31/100
|
|-heal|p1a: Brandon|38/100|[from] item: Leftovers
|upkeep
|turn|2
|c|ŌśåChelo.vgc|still don't know what misty does lol
|c|ŌśåMIMHvgc|good lord
|
|t:|1756829502
|move|p1a: Brandon|Protect|p1a: Brandon
|-singleturn|p1a: Brandon|Protect
|move|p2a: frenemy|Follow Me|p2a: frenemy
|-singleturn|p2a: frenemy|move: Follow Me
|move|p2b: go to sleep|Encore|p1b: driving in my car
|-start|p1b: driving in my car|Encore
|move|p1b: driving in my car|Misty Terrain||[still]
|-fail|p1b: driving in my car
|
|-heal|p1a: Brandon|44/100|[from] item: Leftovers
|upkeep
|turn|3
|c|ŌśåMIMHvgc|Misty terrain halves dragon damage and blocks all status effects
|c|ŌśåMIMHvgc|which includes ursalunaŌĆÖs flame orb btw
|c|ŌśåChelo.vgc|well hope you like it
|c|ŌśåChelo.vgc|bc u gonna keep clicking it
|
|t:|1756829551
|switch|p1b: Ninetales-She/They|Ninetales-Alola, L50, F|100/100
|-weather|Snowscape|[from] ability: Snow Warning|[of] p1b: Ninetales-She/They
|-terastallize|p1a: Brandon|Fire
|move|p2a: frenemy|Follow Me|p2a: frenemy
|-singleturn|p2a: frenemy|move: Follow Me
|move|p2b: go to sleep|Leaf Blade|p1a: Brandon
|-resisted|p1a: Brandon
|-damage|p1a: Brandon|21/100
|move|p1a: Brandon|Drain Punch|p2a: frenemy
|-damage|p2a: frenemy|63/100
|-heal|p1a: Brandon|38/100|[from] drain|[of] p2a: frenemy
|
|-weather|Snowscape|[upkeep]
|-heal|p1a: Brandon|44/100|[from] item: Leftovers
|upkeep
|turn|4
|
|t:|1756829582
|move|p2a: frenemy|Follow Me|p2a: frenemy
|-singleturn|p2a: frenemy|move: Follow Me
|move|p1b: Ninetales-She/They|Freeze-Dry|p2a: frenemy
|-damage|p2a: frenemy|39/100
|move|p2b: go to sleep|Close Combat|p1a: Brandon
|-damage|p1a: Brandon|0 fnt
|-unboost|p2b: go to sleep|def|1
|-unboost|p2b: go to sleep|spd|1
|faint|p1a: Brandon
|
|-weather|Snowscape|[upkeep]
|upkeep
|
|t:|1756829589
|switch|p1a: driving in my car|Klefki, L50, F|100/100
|turn|5
|
|t:|1756829607
|switch|p2b: Gholdengo|Gholdengo, L50|100/100
|switch|p2a: moggerman|Armarouge, L50, F|100/100
|move|p1a: driving in my car|Reflect|p1a: driving in my car
|-sidestart|p1: MIMHvgc|Reflect
|move|p1b: Ninetales-She/They|Blizzard|p2b: Gholdengo|[spread] p2a,p2b
|-resisted|p2a: moggerman
|-resisted|p2b: Gholdengo
|-damage|p2a: moggerman|83/100
|-damage|p2b: Gholdengo|82/100
|
|-weather|Snowscape|[upkeep]
|-fieldend|Misty Terrain
|upkeep
|turn|6
|
|t:|1756829638
|-terastallize|p2b: Gholdengo|Steel
|move|p1b: Ninetales-She/They|Protect|p1b: Ninetales-She/They
|-singleturn|p1b: Ninetales-She/They|Protect
|move|p1a: driving in my car|Light Screen|p1a: driving in my car
|-sidestart|p1: MIMHvgc|move: Light Screen
|move|p2b: Gholdengo|Make It Rain|p1b: Ninetales-She/They|[spread] p1a
|-activate|p1b: Ninetales-She/They|move: Protect
|-damage|p1a: driving in my car|47/100
|-unboost|p2b: Gholdengo|spa|1
|-damage|p2b: Gholdengo|72/100|[from] item: Life Orb
|move|p2a: moggerman|Armor Cannon|p1a: driving in my car
|-supereffective|p1a: driving in my car
|-damage|p1a: driving in my car|0 fnt
|-unboost|p2a: moggerman|def|1
|-unboost|p2a: moggerman|spd|1
|faint|p1a: driving in my car
|
|-weather|Snowscape|[upkeep]
|upkeep
|
|t:|1756829653
|switch|p1a: Biden Blast|Ursaluna-Bloodmoon, L50, M|100/100
|turn|7
|
|t:|1756829678
|switch|p2b: frenemy|Indeedee-F, L50, F|39/100
|-fieldstart|move: Psychic Terrain|[from] ability: Psychic Surge|[of] p2b: frenemy
|move|p2a: moggerman|Protect|p2a: moggerman
|-singleturn|p2a: moggerman|Protect
|move|p1b: Ninetales-She/They|Blizzard|p2a: moggerman|[spread] p2b
|-activate|p2a: moggerman|move: Protect
|-damage|p2b: frenemy|10/100
|move|p1a: Biden Blast|Earth Power|p2a: moggerman
|-activate|p2a: moggerman|move: Protect
|
|-weather|none
|upkeep
|turn|8
|
|t:|1756829704
|move|p2b: frenemy|Follow Me|p2b: frenemy
|-singleturn|p2b: frenemy|move: Follow Me
|move|p1b: Ninetales-She/They|Encore|p2b: frenemy
|-start|p2b: frenemy|Encore
|move|p2a: moggerman|Expanding Force|p1a: Biden Blast|[spread] p1a,p1b
|-damage|p1a: Biden Blast|71/100
|-damage|p1b: Ninetales-She/They|46/100
|move|p1a: Biden Blast|Hyper Voice|p2a: moggerman|[spread] p2a,p2b
|-damage|p2a: moggerman|23/100
|-damage|p2b: frenemy|0 fnt
|faint|p2b: frenemy
|
|upkeep
|
|t:|1756829717
|switch|p2b: Gholdengo|Gholdengo, L50, tera:Steel|72/100
|turn|9
|
|t:|1756829747
|move|p1b: Ninetales-She/They|Blizzard|p2b: Gholdengo|[spread] p2a
|-miss|p1b: Ninetales-She/They|p2b: Gholdengo
|-resisted|p2a: moggerman
|-crit|p2a: moggerman
|-damage|p2a: moggerman|0 fnt
|faint|p2a: moggerman
|move|p2b: Gholdengo|Make It Rain|p1b: Ninetales-She/They|[spread] p1a,p1b
|-supereffective|p1b: Ninetales-She/They
|-damage|p1a: Biden Blast|30/100
|-damage|p1b: Ninetales-She/They|0 fnt
|-unboost|p2b: Gholdengo|spa|1
|faint|p1b: Ninetales-She/They
|-damage|p2b: Gholdengo|62/100|[from] item: Life Orb
|move|p1a: Biden Blast|Earth Power|p2b: Gholdengo
|-supereffective|p2b: Gholdengo
|-damage|p2b: Gholdengo|0 fnt
|faint|p2b: Gholdengo
|
|upkeep
|c|ŌśåChelo.vgc|i keep getting fucking crit lmao
|
|t:|1756829763
|switch|p2b: go to sleep|Lilligant-Hisui, L50, F|100/100
|turn|10
|c|ŌśåMIMHvgc|LMAO I actually donŌĆÖt know if that mattered since you were at -2 spdef
|
|t:|1756829783
|move|p2b: go to sleep|Leaf Blade|p1a: Biden Blast
|-supereffective|p1a: Biden Blast
|-damage|p1a: Biden Blast|0 fnt
|faint|p1a: Biden Blast
|
|win|Chelo.vgc
||MIMHvgc is ready for game 2.
|inactive|Chelo.vgc has 30 seconds to confirm battle start!
||Chelo.vgc is ready for game 2.
|uhtml|next|Next: Game 2 of 3
|l|ŌśåMIMHvgc
|player|p1|
