|j|☆Danielesqueda17
|j|☆chefbenboyrd
|html|Danielesqueda17chefbenboyrd    
|uhtml|bestof|Game 1 of a best-of-3
|t:|1756925695
|gametype|doubles
|player|p1|Danielesqueda17|bellelba|1079
|player|p2|chefbenboyrd|brawly|1106
|gen|9
|tier|[Gen 9] VGC 2025 Reg H (Bo3)
|rated|
|rule|Species Clause: Limit one of each Pokémon
|rule|Item Clause: Limit 1 of each item
|clearpoke
|poke|p1|Oricorio-Sensu, L50, M|
|poke|p1|Volcarona, L50, M|
|poke|p1|Braviary-Hisui, L50, M|
|poke|p1|Indeedee-F, L50, F|
|poke|p1|Sneasler, L50, F|
|poke|p1|Magmar, L50, M|
|poke|p2|Whimsicott, L50, F|
|poke|p2|Hydreigon, L50, F|
|poke|p2|Grimmsnarl, L50, M|
|poke|p2|Incineroar, L50, M|
|poke|p2|Gholdengo, L50|
|poke|p2|Annihilape, L50, M|
|teampreview|4
|showteam|p1|Oricorio-Sensu||FocusSash|Dancer|RevelationDance,Hurricane,Protect,QuiverDance|||M|||50|,,,,,Fighting]Volcarona||CovertCloak|FlameBody|QuiverDance,Protect,FieryDance,RagePowder|||M|||50|,,,,,Water]Braviary-Hisui||LifeOrb|SheerForce|PsychUp,EsperWing,Hurricane,Protect|||M|||50|,,,,,Dark]Indeedee-F||RockyHelmet|PsychicSurge|FollowMe,HelpingHand,Psychic,Protect|||F|||50|,,,,,Fairy]Sneasler||PsychicSeed|Unburden|FakeOut,DireClaw,CloseCombat,Protect|||F|||50|,,,,,Dark]Magmar||Eviolite|FlameBody|FollowMe,WillOWisp,ClearSmog,HelpingHand|||M|||50|,,,,,Water
|showteam|p2|Whimsicott||FocusSash|Prankster|SunnyDay,Encore,Tailwind,Moonblast|||F|||50|,,,,,Ghost]Hydreigon||ChoiceSpecs|Levitate|HeatWave,DracoMeteor,Snarl,DarkPulse|||F|||50|,,,,,Fire]Grimmsnarl||LightClay|Prankster|SpiritBreak,Reflect,LightScreen,ThunderWave|||M|||50|,,,,,Steel]Incineroar||SafetyGoggles|Intimidate|KnockOff,FakeOut,PartingShot,FlareBlitz|||M|||50|,,,,,Ghost]Gholdengo||LifeOrb|GoodasGold|Protect,MakeItRain,ShadowBall,NastyPlot||||||50|,,,,,Water]Annihilape||SitrusBerry|Defiant|Protect,Taunt,RageFist,DrainPunch|||M|||50|,,,,,Fairy
|inactive|Battle timer is ON: inactive players will automatically lose when time's up. (requested by Danielesqueda17)
|inactive|chefbenboyrd has 60 seconds left.
|
|t:|1756925744
|teamsize|p1|4
|teamsize|p2|4
|start
|switch|p1a: Volcarona|Volcarona, L50, M|100/100
|switch|p1b: Oricorio|Oricorio-Sensu, L50, M|100/100
|switch|p2a: Hydreigon|Hydreigon, L50, F|100/100
|switch|p2b: Incineroar|Incineroar, L50, M|100/100
|-ability|p2b: Incineroar|Intimidate|boost
|-unboost|p1a: Volcarona|atk|1
|-unboost|p1b: Oricorio|atk|1
|turn|1
|inactive|chefbenboyrd has 30 seconds left.
|
|t:|1756925774
|-terastallize|p1b: Oricorio|Fighting
|move|p2b: Incineroar|Fake Out|p1b: Oricorio
|-damage|p1b: Oricorio|83/100
|move|p1a: Volcarona|Quiver Dance|p1a: Volcarona
|-boost|p1a: Volcarona|spa|1
|-boost|p1a: Volcarona|spd|1
|-boost|p1a: Volcarona|spe|1
|-activate|p1b: Oricorio|ability: Dancer
|cant|p1b: Oricorio|flinch
|cant|p1b: Oricorio|flinch
|move|p2a: Hydreigon|Snarl|p1a: Volcarona|[spread] p1a,p1b
|-resisted|p1b: Oricorio
|-damage|p1a: Volcarona|76/100
|-damage|p1b: Oricorio|54/100
|-unboost|p1b: Oricorio|spa|1
|
|upkeep
|turn|2
|
|t:|1756925799
|move|p1b: Oricorio|Protect|p1b: Oricorio
|-singleturn|p1b: Oricorio|Protect
|move|p1a: Volcarona|Quiver Dance|p1a: Volcarona
|-boost|p1a: Volcarona|spa|1
|-boost|p1a: Volcarona|spd|1
|-boost|p1a: Volcarona|spe|1
|-activate|p1b: Oricorio|ability: Dancer
|move|p1b: Oricorio|Quiver Dance|p1b: Oricorio|[from] ability: Dancer
|-boost|p1b: Oricorio|spa|1
|-boost|p1b: Oricorio|spd|1
|-boost|p1b: Oricorio|spe|1
|move|p2a: Hydreigon|Snarl|p1a: Volcarona|[spread] p1a
|-activate|p1b: Oricorio|move: Protect
|-damage|p1a: Volcarona|57/100
|move|p2b: Incineroar|Flare Blitz|p1a: Volcarona
|-crit|p1a: Volcarona
|-damage|p1a: Volcarona|0 fnt
|faint|p1a: Volcarona
|-damage|p2b: Incineroar|86/100|[from] Recoil
|
|upkeep
|
|t:|1756925807
|switch|p1a: Sneasler|Sneasler, L50, F, shiny|100/100
|turn|3
|
|t:|1756925826
|switch|p2a: Gholdengo|Gholdengo, L50|100/100
|-terastallize|p2b: Incineroar|Ghost
|move|p1a: Sneasler|Fake Out|p2a: Gholdengo
|-immune|p2a: Gholdengo
|move|p1b: Oricorio|Quiver Dance|p1b: Oricorio
|-boost|p1b: Oricorio|spa|1
|-boost|p1b: Oricorio|spd|1
|-boost|p1b: Oricorio|spe|1
|move|p2b: Incineroar|Parting Shot|p1a: Sneasler
|-unboost|p1a: Sneasler|atk|1
|-unboost|p1a: Sneasler|spa|1
|
|t:|1756925841
|switch|p2b: Hydreigon|Hydreigon, L50, F|100/100|[from] Parting Shot
|
|upkeep
|turn|4
|
|t:|1756925855
|switch|p1a: Magmar|Magmar, L50, M|100/100
|switch|p2a: Incineroar|Incineroar, L50, M, tera:Ghost|86/100
|-ability|p2a: Incineroar|Intimidate|boost
|-unboost|p1a: Magmar|atk|1
|-unboost|p1b: Oricorio|atk|1
|move|p1b: Oricorio|Protect|p1b: Oricorio
|-singleturn|p1b: Oricorio|Protect
|move|p2b: Hydreigon|Heat Wave|p1a: Magmar|[spread] p1a
|-activate|p1b: Oricorio|move: Protect
|-resisted|p1a: Magmar
|-damage|p1a: Magmar|84/100
|
|upkeep
|turn|5
|
|t:|1756925874
|switch|p1a: Sneasler|Sneasler, L50, F, shiny|100/100
|move|p2a: Incineroar|Fake Out|p1b: Oricorio
|-damage|p1b: Oricorio|36/100
|cant|p1b: Oricorio|flinch
|move|p2b: Hydreigon|Heat Wave|p1b: Oricorio|[spread] p1a,p1b
|-damage|p1a: Sneasler|42/100
|-damage|p1b: Oricorio|2/100
|
|upkeep
|turn|6
|
|t:|1756925893
|switch|p1a: Magmar|Magmar, L50, M|84/100
|move|p1b: Oricorio|Hurricane|p2a: Incineroar
|-damage|p2a: Incineroar|16/100
|-start|p2a: Incineroar|confusion
|move|p2b: Hydreigon|Heat Wave|p1a: Magmar|[spread] p1a,p1b
|-resisted|p1a: Magmar
|-damage|p1a: Magmar|68/100
|-damage|p1b: Oricorio|0 fnt
|faint|p1b: Oricorio
|-activate|p2a: Incineroar|confusion
|move|p2a: Incineroar|Knock Off|p1a: Magmar
|-damage|p1a: Magmar|37/100
|-enditem|p1a: Magmar|Eviolite|[from] move: Knock Off|[of] p2a: Incineroar
|
|upkeep
|-message|Danielesqueda17 forfeited.
|
|win|chefbenboyrd
|l|☆Danielesqueda17
|player|p1|
||Danielesqueda17 is ready for game 2.
