|j|☆shabubi
|j|☆Oriozz
|html|shabubiOriozz    
|uhtml|bestof|Game 2 of a best-of-3
|t:|1783311208
|gametype|doubles
|player|p1|shabubi|265|1082
|player|p2|Oriozz|1|1111
|gen|9
|tier|[Gen 9 Champions] VGC 2026 Reg M-B (Bo3)
|rated|
|rule|Species Clause: Limit one of each Pokémon
|rule|Item Clause: Limit 1 of each item
|clearpoke
|poke|p1|Froslass, L50, F|
|poke|p1|Scovillain, L50, M|
|poke|p1|Basculegion, L50, M|
|poke|p1|Kingambit, L50, F|
|poke|p1|Sneasler, L50, M|
|poke|p1|Lycanroc-Dusk, L50, F|
|poke|p2|Kingambit, L50, M|
|poke|p2|Floette-Eternal, L50, F|
|poke|p2|Sneasler, L50, M|
|poke|p2|Incineroar, L50, F|
|poke|p2|Garchomp, L50, M|
|poke|p2|Sinistcha, L50|
|teampreview|4
|showteam|p1|Froslass||Froslassite|CursedBody|Blizzard,ShadowBall,AuroraVeil,Protect|Modest||F|||50|]Scovillain||Scovillainite|Chlorophyll|GigaDrain,Overheat,RagePowder,Protect|Bold||M|||50|]Basculegion||SitrusBerry|Adaptability|WaveCrash,LastRespects,AquaJet,Protect|Adamant||M|||50|]Kingambit||BlackGlasses|Defiant|KowtowCleave,SuckerPunch,SwordsDance,Protect|Adamant||F|||50|]Sneasler||WhiteHerb|Unburden|CloseCombat,GunkShot,Protect,FakeOut|Adamant||M|||50|]Lycanroc-Dusk||FocusSash|ToughClaws|CloseCombat,Accelerock,RockSlide,Protect|Adamant||F|||50|
|showteam|p2|Kingambit||ChopleBerry|Defiant|KowtowCleave,Protect,SuckerPunch,IronHead|Adamant||M|||50|]Floette-Eternal||Floettite|FlowerVeil|DazzlingGleam,DrainingKiss,Protect,CalmMind|Bold||F|||50|]Sneasler||FocusSash|Unburden|FakeOut,DireClaw,CloseCombat,Coaching|Jolly||M|||50|]Incineroar||Leftovers|Intimidate|FakeOut,FlareBlitz,PartingShot,HelpingHand|Careful||F|||50|]Garchomp||Garchompite|RoughSkin|Earthquake,StompingTantrum,RockSlide,Protect|Adamant||M|||50|]Sinistcha||SitrusBerry|Hospitality|Protect,MatchaGotcha,TrickRoom,RagePowder|Bold|||||50|
|inactive|Battle timer is ON: inactive players will automatically lose when time's up. (requested by shabubi)
|
|t:|1783311273
|teamsize|p1|4
|teamsize|p2|4
|start
|switch|p1a: Kingambit|Kingambit, L50, F|100/100
|switch|p1b: Scovillain|Scovillain, L50, M|100/100
|switch|p2a: Kingambit|Kingambit, L50, M|100/100
|switch|p2b: Sinistcha|Sinistcha, L50|100/100
|turn|1
|inactive|Oriozz has 30 seconds left.
|
|t:|1783311308
|switch|p2a: Garchomp|Garchomp, L50, M|100/100
|detailschange|p1b: Scovillain|Scovillain-Mega, L50, M
|-mega|p1b: Scovillain|Scovillain|Scovillainite
|move|p2b: Sinistcha|Protect|p2b: Sinistcha
|-singleturn|p2b: Sinistcha|Protect
|move|p1b: Scovillain|Overheat|p2a: Garchomp
|-resisted|p2a: Garchomp|1
|-damage|p2a: Garchomp|67/100
|-unboost|p1b: Scovillain|spa|2
|move|p1a: Kingambit|Swords Dance|p1a: Kingambit
|-boost|p1a: Kingambit|atk|2
|
|upkeep
|turn|2
|
|t:|1783311330
|detailschange|p2a: Garchomp|Garchomp-Mega, L50, M
|-mega|p2a: Garchomp|Garchomp|Garchompite
|move|p2a: Garchomp|Earthquake|p1b: Scovillain|[spread] p2b,p1a,p1b
|-resisted|p2b: Sinistcha|1
|-supereffective|p1a: Kingambit|1
|-damage|p2b: Sinistcha|79/100
|-damage|p1a: Kingambit|20/100y
|-damage|p1b: Scovillain|54/100
|-status|p2a: Garchomp|brn|[from] ability: Spicy Spray|[of] p1b: Scovillain
|move|p1b: Scovillain|Giga Drain|p2a: Garchomp
|-damage|p2a: Garchomp|49/100 brn
|-heal|p1b: Scovillain|64/100|[from] drain|[of] p2a: Garchomp
|move|p2b: Sinistcha|Matcha Gotcha|p1a: Kingambit|[spread] p1a,p1b
|-resisted|p1a: Kingambit|1
|-resisted|p1b: Scovillain|2
|-damage|p1a: Kingambit|8/100
|-heal|p2b: Sinistcha|86/100|[from] drain|[of] p1a: Kingambit
|-damage|p1b: Scovillain|58/100
|-heal|p2b: Sinistcha|89/100|[from] drain|[of] p1b: Scovillain
|-status|p2b: Sinistcha|brn|[from] ability: Spicy Spray|[of] p1b: Scovillain
|move|p1a: Kingambit|Swords Dance|p1a: Kingambit
|-boost|p1a: Kingambit|atk|2
|
|-damage|p2a: Garchomp|43/100 brn|[from] brn
|-damage|p2b: Sinistcha|83/100 brn|[from] brn
|upkeep
|turn|3
|inactive|shabubi has 30 seconds left.
|inactive|Oriozz has 30 seconds left.
|inactive|Oriozz has 20 seconds left.
|
|t:|1783311370
|switch|p2a: Floette|Floette-Eternal, L50, F|100/100
|move|p1a: Kingambit|Sucker Punch||[still]
|-fail|p1a: Kingambit
|move|p1b: Scovillain|Overheat|p2b: Sinistcha
|-supereffective|p2b: Sinistcha|1
|-damage|p2b: Sinistcha|28/100 brn
|-unboost|p1b: Scovillain|spa|2
|-enditem|p2b: Sinistcha|Sitrus Berry|[eat]
|-heal|p2b: Sinistcha|52/100 brn|[from] item: Sitrus Berry
|move|p2b: Sinistcha|Matcha Gotcha|p1a: Kingambit|[spread] p1a,p1b
|-resisted|p1a: Kingambit|1
|-resisted|p1b: Scovillain|2
|-damage|p1a: Kingambit|0 fnt
|-heal|p2b: Sinistcha|57/100 brn|[from] drain|[of] p1a: Kingambit
|-damage|p1b: Scovillain|52/100
|-heal|p2b: Sinistcha|60/100 brn|[from] drain|[of] p1b: Scovillain
|faint|p1a: Kingambit
|
|-damage|p2b: Sinistcha|54/100 brn|[from] brn
|upkeep
|
|t:|1783311389
|switch|p1a: Sneasler|Sneasler, L50, M|100/100
|turn|4
|
|t:|1783311413
|move|p2a: Floette|Protect|p2a: Floette
|-singleturn|p2a: Floette|Protect
|move|p1a: Sneasler|Fake Out|p2a: Floette
|-activate|p2a: Floette|move: Protect
|move|p1b: Scovillain|Overheat|p2b: Sinistcha|[miss]
|-miss|p1b: Scovillain|p2b: Sinistcha
|move|p2b: Sinistcha|Trick Room|p2b: Sinistcha
|-fieldstart|move: Trick Room|[of] p2b: Sinistcha
|
|-damage|p2b: Sinistcha|48/100 brn|[from] brn
|upkeep
|turn|5
|inactive|Oriozz has 30 seconds left.
|inactive|Oriozz has 20 seconds left.
|inactive|Oriozz has 15 seconds left.
|inactive|Oriozz has 10 seconds left.
|inactive|Oriozz has 5 seconds left.
|
|t:|1783311464
|move|p2b: Sinistcha|Rage Powder|p2b: Sinistcha
|-singleturn|p2b: Sinistcha|move: Rage Powder
|move|p1b: Scovillain|Overheat|p2b: Sinistcha|[miss]
|-miss|p1b: Scovillain|p2b: Sinistcha
|move|p2a: Floette|Dazzling Gleam|p1b: Scovillain|[spread] p1a,p1b
|-resisted|p1b: Scovillain|1
|-damage|p1a: Sneasler|63/100
|-damage|p1b: Scovillain|38/100
|-status|p2a: Floette|brn|[from] ability: Spicy Spray|[of] p1b: Scovillain
|move|p1a: Sneasler|Gunk Shot|p2b: Sinistcha
|-damage|p2b: Sinistcha|4/100 brn
|
|-damage|p2b: Sinistcha|0 fnt|[from] brn
|faint|p2b: Sinistcha
|-damage|p2a: Floette|94/100 brn|[from] brn
|upkeep
|
|t:|1783311480
|switch|p2b: Garchomp|Garchomp-Mega, L50, M|43/100 brn
|turn|6
|
|t:|1783311495
|move|p2a: Floette|Protect|p2a: Floette
|-singleturn|p2a: Floette|Protect
|move|p1b: Scovillain|Giga Drain|p2b: Garchomp
|-damage|p2b: Garchomp|31/100 brn
|-heal|p1b: Scovillain|45/100|[from] drain|[of] p2b: Garchomp
|move|p2b: Garchomp|Earthquake|p1a: Sneasler|[spread] p1a,p1b
|-activate|p2a: Floette|move: Protect
|-supereffective|p1a: Sneasler|1
|-damage|p1a: Sneasler|8/100
|-damage|p1b: Scovillain|22/100
|move|p1a: Sneasler|Gunk Shot|p2a: Floette
|-activate|p2a: Floette|move: Protect
|
|-damage|p2b: Garchomp|25/100 brn|[from] brn
|-damage|p2a: Floette|88/100 brn|[from] brn
|upkeep
|turn|7
|inactive|Oriozz has 30 seconds left.
|
|t:|1783311529
|move|p1b: Scovillain|Protect|p1b: Scovillain
|-singleturn|p1b: Scovillain|Protect
|move|p1a: Sneasler|Protect|p1a: Sneasler
|-singleturn|p1a: Sneasler|Protect
|move|p2b: Garchomp|Rock Slide|p1a: Sneasler|[spread] 
|-activate|p1a: Sneasler|move: Protect
|-activate|p1b: Scovillain|move: Protect
|move|p2a: Floette|Dazzling Gleam|p1a: Sneasler|[spread] 
|-activate|p1a: Sneasler|move: Protect
|-activate|p1b: Scovillain|move: Protect
|
|-damage|p2b: Garchomp|19/100 brn|[from] brn
|-damage|p2a: Floette|83/100 brn|[from] brn
|upkeep
|turn|8
|inactive|Oriozz has 30 seconds left.
|inactive|Oriozz has 20 seconds left.
|
|t:|1783311565
|move|p1b: Scovillain|Giga Drain|p2b: Garchomp
|-damage|p2b: Garchomp|7/100 brn
|-heal|p1b: Scovillain|29/100|[from] drain|[of] p2b: Garchomp
|move|p2b: Garchomp|Rock Slide|p1b: Scovillain|[spread] p1a,p1b
|-resisted|p1a: Sneasler|1
|-supereffective|p1b: Scovillain|1
|-damage|p1a: Sneasler|1/100
|-damage|p1b: Scovillain|5/100
|move|p2a: Floette|Calm Mind|p2a: Floette
|-boost|p2a: Floette|spa|1
|-boost|p2a: Floette|spd|1
|cant|p1a: Sneasler|flinch
|
|-damage|p2b: Garchomp|1/100 brn|[from] brn
|-damage|p2a: Floette|77/100 brn|[from] brn
|-fieldend|move: Trick Room
|upkeep
|turn|9
|inactive|Oriozz has 30 seconds left.
|
|t:|1783311592
|move|p1a: Sneasler|Protect|p1a: Sneasler
|-singleturn|p1a: Sneasler|Protect
|move|p2a: Floette|Protect|p2a: Floette
|-singleturn|p2a: Floette|Protect
|move|p1b: Scovillain|Protect|p1b: Scovillain
|-singleturn|p1b: Scovillain|Protect
|move|p2b: Garchomp|Earthquake|p1b: Scovillain|[spread] 
|-activate|p2a: Floette|move: Protect
|-activate|p1a: Sneasler|move: Protect
|-activate|p1b: Scovillain|move: Protect
|
|-damage|p2a: Floette|71/100 brn|[from] brn
|-damage|p2b: Garchomp|0 fnt|[from] brn
|faint|p2b: Garchomp
|upkeep
|
|t:|1783311605
|switch|p2b: Kingambit|Kingambit, L50, M|100/100
|turn|10
|
|t:|1783311622
|move|p2b: Kingambit|Sucker Punch|p1a: Sneasler
|-resisted|p1a: Sneasler|1
|-damage|p1a: Sneasler|0 fnt
|faint|p1a: Sneasler
|move|p2a: Floette|Dazzling Gleam|p1b: Scovillain
|-resisted|p1b: Scovillain|1
|-damage|p1b: Scovillain|0 fnt
|faint|p1b: Scovillain
|
|-damage|p2a: Floette|66/100 brn|[from] brn
|upkeep
|
|t:|1783311632
|switch|p1a: Basculegion|Basculegion, L50, M|100/100
|turn|11
|
|t:|1783311649
|move|p2a: Floette|Draining Kiss|p1a: Basculegion
|-damage|p1a: Basculegion|67/100
|-heal|p2a: Floette|100/100 brn|[from] drain|[of] p1a: Basculegion
|move|p1a: Basculegion|Wave Crash|p2b: Kingambit
|-damage|p2b: Kingambit|44/100
|-damage|p1a: Basculegion|49/100|[from] Recoil
|-enditem|p1a: Basculegion|Sitrus Berry|[eat]
|-heal|p1a: Basculegion|74/100|[from] item: Sitrus Berry
|move|p2b: Kingambit|Kowtow Cleave|p1a: Basculegion
|-supereffective|p1a: Basculegion|1
|-damage|p1a: Basculegion|0 fnt
|faint|p1a: Basculegion
|
|win|Oriozz
|raw|shabubi's rating: 1082 → 1062(-20 for losing)
|raw|Oriozz's rating: 1111 → 1134(+23 for winning)
|l|☆shabubi
|player|p1|
