|j|☆saboyita
|j|☆BasedRen
|html|saboyitaBasedRen    
|uhtml|bestof|Game 2 of a best-of-3
|t:|1756421909
|gametype|doubles
|player|p1|saboyita|grimsley|1103
|player|p2|BasedRen|2|1116
|gen|9
|tier|[Gen 9] VGC 2025 Reg H (Bo3)
|rated|
|rule|Species Clause: Limit one of each Pokémon
|rule|Item Clause: Limit 1 of each item
|clearpoke
|poke|p1|Amoonguss, L50, F|
|poke|p1|Hydreigon, L50, F|
|poke|p1|Whimsicott, L50, F|
|poke|p1|Maushold-Four, L50|
|poke|p1|Annihilape, L50, M|
|poke|p1|Ursaluna-Bloodmoon, L50, M|
|poke|p2|Garchomp, L50, F|
|poke|p2|Blaziken, L50, M|
|poke|p2|Ceruledge, L50, M|
|poke|p2|Primarina, L50, F|
|poke|p2|Murkrow, L50, M|
|poke|p2|Zoroark-Hisui, L50, F|
|teampreview|4
|showteam|p1|Amoonguss||MentalHerb|Regenerator|ClearSmog,Spore,RagePowder,Protect|||F|||50|,,,,,Water]Hydreigon||ChoiceSpecs|Levitate|Snarl,HeatWave,DarkPulse,DracoMeteor|||F|||50|,,,,,Ghost]Whimsicott||CovertCloak|Prankster|BeatUp,Encore,HelpingHand,Tailwind|||F|||50|,,,,,Dark]Maushold-Four||WideLens|Technician|PopulationBomb,Taunt,FollowMe,Protect||||||50|,,,,,Ghost]Annihilape||Leftovers|Defiant|RageFist,CloseCombat,FinalGambit,Protect|||M|||50|,,,,,Fire]Ursaluna-Bloodmoon||LifeOrb|MindsEye|HyperVoice,EarthPower,BloodMoon,Protect|||M|||50|,,,,,Water
|showteam|p2|Garchomp||MirrorHerb|RoughSkin|Earthquake,DragonClaw,Protect,BrickBreak|||F|||50|,,,,,Ground]Blaziken||FocusSash|SpeedBoost|Coaching,Protect,Overheat,AuraSphere|||M|||50|,,,,,Flying]Ceruledge||ClearAmulet|FlashFire|BitterBlade,SolarBlade,ShadowSneak,CloseCombat|||M|||50|,,,,,Grass]Primarina||ThroatSpray|LiquidVoice|Moonblast,HyperVoice,TeraBlast,Protect|||F|||50|,,,,,Poison]Murkrow||Eviolite|Prankster|Tailwind,FoulPlay,Haze,SunnyDay|||M|||50|,,,,,Ghost]Zoroark-Hisui||ChoiceSpecs|Illusion|BitterMalice,HyperVoice,HyperBeam,FocusBlast|||F|||50|,,,,,Normal
|inactive|Battle timer is ON: inactive players will automatically lose when time's up. (requested by saboyita)
|inactive|saboyita has 60 seconds left.
|inactive|BasedRen has 60 seconds left.
|
|t:|1756421962
|teamsize|p1|4
|teamsize|p2|4
|start
|switch|p1a: Whimsicott|Whimsicott, L50, F|100/100
|switch|p1b: Ursaluna|Ursaluna-Bloodmoon, L50, M|100/100
|switch|p2a: Ceruledge|Ceruledge, L50, M|100/100
|switch|p2b: Murkrow|Murkrow, L50, M|100/100
|turn|1
|
|t:|1756421979
|-terastallize|p2a: Ceruledge|Grass
|move|p1a: Whimsicott|Tailwind|p1a: Whimsicott
|-sidestart|p1: saboyita|move: Tailwind
|move|p2b: Murkrow|Sunny Day|p2b: Murkrow
|-weather|SunnyDay
|move|p1b: Ursaluna|Hyper Voice|p2a: Ceruledge|[spread] p2a,p2b
|-damage|p2a: Ceruledge|48/100
|-damage|p2b: Murkrow|42/100
|-damage|p1b: Ursaluna|91/100|[from] item: Life Orb
|move|p2a: Ceruledge|Solar Blade||[still]
|-prepare|p2a: Ceruledge|Solar Blade
|-anim|p2a: Ceruledge|Solar Blade|p1b: Ursaluna
|-supereffective|p1b: Ursaluna
|-crit|p1b: Ursaluna
|-damage|p1b: Ursaluna|0 fnt
|faint|p1b: Ursaluna
|
|-weather|SunnyDay|[upkeep]
|upkeep
|
|t:|1756421996
|switch|p1b: Hydreigon|Hydreigon, L50, F|100/100
|turn|2
|inactive|saboyita has 30 seconds left.
|inactive|BasedRen has 30 seconds left.
|
|t:|1756422028
|switch|p2a: Blaziken|Blaziken, L50, M, shiny|100/100
|move|p1a: Whimsicott|Helping Hand|p1b: Hydreigon
|-singleturn|p1b: Hydreigon|Helping Hand|[of] p1a: Whimsicott
|move|p1b: Hydreigon|Snarl|p2a: Blaziken|[spread] p2a,p2b
|-resisted|p2a: Blaziken
|-resisted|p2b: Murkrow
|-damage|p2a: Blaziken|64/100
|-damage|p2b: Murkrow|14/100
|-unboost|p2a: Blaziken|spa|1
|-unboost|p2b: Murkrow|spa|1
|move|p2b: Murkrow|Foul Play|p1b: Hydreigon
|-resisted|p1b: Hydreigon
|-damage|p1b: Hydreigon|85/100
|
|-weather|SunnyDay|[upkeep]
|upkeep
|turn|3
|inactive|saboyita has 30 seconds left.
|inactive|BasedRen has 30 seconds left.
|inactive|BasedRen has 20 seconds left.
|inactive|BasedRen has 15 seconds left.
|inactive|BasedRen has 10 seconds left.
|
|t:|1756422074
|-terastallize|p1b: Hydreigon|Ghost
|move|p1a: Whimsicott|Helping Hand|p1b: Hydreigon
|-singleturn|p1b: Hydreigon|Helping Hand|[of] p1a: Whimsicott
|move|p2b: Murkrow|Tailwind|p2b: Murkrow
|-sidestart|p2: BasedRen|move: Tailwind
|move|p1b: Hydreigon|Snarl|p2b: Murkrow|[spread] p2a,p2b
|-resisted|p2a: Blaziken
|-resisted|p2b: Murkrow
|-damage|p2a: Blaziken|25/100
|-damage|p2b: Murkrow|0 fnt
|-unboost|p2a: Blaziken|spa|1
|faint|p2b: Murkrow
|move|p2a: Blaziken|Overheat|p1a: Whimsicott
|-supereffective|p1a: Whimsicott
|-damage|p1a: Whimsicott|0 fnt
|-unboost|p2a: Blaziken|spa|2
|faint|p1a: Whimsicott
|
|-weather|SunnyDay|[upkeep]
|-ability|p2a: Blaziken|Speed Boost|boost
|-boost|p2a: Blaziken|spe|1
|upkeep
|
|t:|1756422091
|switch|p1a: Annihilape|Annihilape, L50, M|100/100
|switch|p2b: Ceruledge|Ceruledge, L50, M, tera:Grass|48/100
|turn|4
|
|t:|1756422113
|switch|p2a: Garchomp|Garchomp, L50, F|100/100
|move|p1a: Annihilape|Rage Fist|p2b: Ceruledge
|-damage|p2b: Ceruledge|21/100
|move|p1b: Hydreigon|Snarl|p2b: Ceruledge|[spread] p2a,p2b
|-damage|p2a: Garchomp|64/100
|-damage|p2b: Ceruledge|0 fnt
|-unboost|p2a: Garchomp|spa|1
|faint|p2b: Ceruledge
|
|-weather|SunnyDay|[upkeep]
|-sideend|p1: saboyita|move: Tailwind
|upkeep
|
|t:|1756422126
|switch|p2b: Blaziken|Blaziken, L50, M, shiny|25/100
|turn|5
|
|t:|1756422147
|move|p2b: Blaziken|Protect|p2b: Blaziken
|-singleturn|p2b: Blaziken|Protect
|move|p2a: Garchomp|Earthquake|p1a: Annihilape|[spread] p1a
|-activate|p2b: Blaziken|move: Protect
|-immune|p1b: Hydreigon|[from] ability: Levitate
|-damage|p1a: Annihilape|60/100
|move|p1b: Hydreigon|Snarl|p2b: Blaziken|[spread] p2a
|-activate|p2b: Blaziken|move: Protect
|-damage|p2a: Garchomp|26/100
|-unboost|p2a: Garchomp|spa|1
|move|p1a: Annihilape|Rage Fist|p2a: Garchomp
|-damage|p2a: Garchomp|0 fnt
|-damage|p1a: Annihilape|48/100|[from] ability: Rough Skin|[of] p2a: Garchomp
|faint|p2a: Garchomp
|
|-weather|none
|-heal|p1a: Annihilape|54/100|[from] item: Leftovers
|-ability|p2b: Blaziken|Speed Boost|boost
|-boost|p2b: Blaziken|spe|1
|upkeep
|turn|6
|inactive|BasedRen has 30 seconds left.
|
|t:|1756422175
|move|p2b: Blaziken|Overheat|p1b: Hydreigon|[miss]
|-miss|p2b: Blaziken|p1b: Hydreigon
|move|p1a: Annihilape|Rage Fist|p2b: Blaziken
|-damage|p2b: Blaziken|0 fnt
|faint|p2b: Blaziken
|
|win|saboyita
|l|☆BasedRen
|player|p2|
||BasedRen is ready for game 3.
