|j|☆bl4ckdri
|j|☆jeanryupr
|html|bl4ckdrijeanryupr    
|uhtml|bestof|Game 2 of a best-of-3
|t:|1785166630
|gametype|doubles
|player|p1|bl4ckdri|266|1164
|player|p2|jeanryupr|265|1133
|gen|9
|tier|[Gen 9 Champions] VGC 2026 Reg M-B (Bo3)
|rated|
|rule|Species Clause: Limit one of each Pokémon
|rule|Item Clause: Limit 1 of each item
|clearpoke
|poke|p1|Corviknight, L50, M|
|poke|p1|Raichu, L50, M|
|poke|p1|Tyranitar, L50, F|
|poke|p1|Garchomp, L50, M|
|poke|p1|Sylveon, L50, M|
|poke|p1|Sinistcha, L50|
|poke|p2|Staraptor, L50, M|
|poke|p2|Glimmora, L50, F|
|poke|p2|Whimsicott, L50, F|
|poke|p2|Kingambit, L50, M|
|poke|p2|Garchomp, L50, M|
|poke|p2|Delphox, L50, M|
|teampreview|4
|showteam|p1|Corviknight||Leftovers|MirrorArmor|BraveBird,Protect,Tailwind,IronHead|Adamant||M|||50|]Raichu||RaichuniteY|Static|FakeOut,FocusBlast,ZapCannon,Protect|Timid||M|||50|]Tyranitar||FocusSash|SandStream|RockSlide,KnockOff,Superpower,Protect|Adamant||F|||50|]Garchomp||SitrusBerry|RoughSkin|DragonClaw,RockSlide,StompingTantrum,Protect|Adamant||M|||50|]Sylveon||FairyFeather|Pixilate|HyperVoice,Yawn,QuickAttack,Detect|Modest||M|||50|]Sinistcha||KasibBerry|Hospitality|MatchaGotcha,Protect,ShadowBall,RagePowder|Modest|||||50|
|showteam|p2|Staraptor||Staraptite|Intimidate|CloseCombat,BraveBird,Roost,Protect|Jolly||M|||50|]Glimmora||FocusSash|ToxicDebris|PowerGem,SludgeBomb,EarthPower,SpikyShield|Modest||F|||50|]Whimsicott||OccaBerry|Prankster|Tailwind,Moonblast,Charm,LightScreen|Timid||F|||50|]Kingambit||ChopleBerry|Defiant|KowtowCleave,IronHead,LowKick,SuckerPunch|Adamant||M|||50|]Garchomp||ChoiceScarf|RoughSkin|Earthquake,DragonClaw,RockSlide,StompingTantrum|Adamant||M|||50|]Delphox||Delphoxite|Blaze|HeatWave,Psychic,Encore,Protect|Timid||M|||50|
|
|t:|1785166665
|teamsize|p1|4
|teamsize|p2|4
|start
|switch|p1a: Corviknight|Corviknight, L50, M|100/100
|switch|p1b: Raichu|Raichu, L50, M|100/100
|switch|p2a: Whimsicott|Whimsicott, L50, F|100/100
|switch|p2b: Delphox|Delphox, L50, M|100/100
|turn|1
|
|t:|1785166688
|detailschange|p1b: Raichu|Raichu-Mega-Y, L50, M
|-mega|p1b: Raichu|Raichu|Raichunite Y
|detailschange|p2b: Delphox|Delphox-Mega, L50, M
|-mega|p2b: Delphox|Delphox|Delphoxite
|move|p2b: Delphox|Protect|p2b: Delphox
|-singleturn|p2b: Delphox|Protect
|move|p2a: Whimsicott|Tailwind|p2a: Whimsicott
|-sidestart|p2: jeanryupr|move: Tailwind
|move|p1b: Raichu|Zap Cannon|p2b: Delphox
|-activate|p2b: Delphox|move: Protect
|move|p1a: Corviknight|Tailwind|p1a: Corviknight
|-sidestart|p1: bl4ckdri|move: Tailwind
|
|upkeep
|turn|2
|
|t:|1785166711
|switch|p2b: Garchomp|Garchomp, L50, M|100/100
|switch|p1a: Tyranitar|Tyranitar, L50, F|100/100
|-weather|Sandstorm|[from] ability: Sand Stream|[of] p1a: Tyranitar
|move|p1b: Raichu|Zap Cannon|p2b: Garchomp
|-immune|p2b: Garchomp
|move|p2a: Whimsicott|Moonblast|p1b: Raichu
|-damage|p1b: Raichu|66/100
|
|-weather|Sandstorm|[upkeep]
|-damage|p1b: Raichu|60/100|[from] Sandstorm
|-damage|p2a: Whimsicott|93/100|[from] Sandstorm
|upkeep
|turn|3
|
|t:|1785166735
|switch|p2a: Delphox|Delphox-Mega, L50, M|100/100
|move|p1a: Tyranitar|Protect|p1a: Tyranitar
|-singleturn|p1a: Tyranitar|Protect
|move|p2b: Garchomp|Earthquake|p1b: Raichu|[spread] p1b
|-activate|p1a: Tyranitar|move: Protect
|-immune|p2a: Delphox|[from] ability: Levitate
|-supereffective|p1b: Raichu|1
|-damage|p1b: Raichu|0 fnt
|faint|p1b: Raichu
|
|-weather|Sandstorm|[upkeep]
|-damage|p2a: Delphox|94/100|[from] Sandstorm
|upkeep
|inactive|Battle timer is ON: inactive players will automatically lose when time's up. (requested by jeanryupr)
|
|t:|1785166811
|switch|p1b: Sylveon|Sylveon, L50, M|100/100
|turn|4
|
|t:|1785166821
|move|p2b: Garchomp|Earthquake|p1b: Sylveon|[spread] p1a,p1b
|-immune|p2a: Delphox|[from] ability: Levitate
|-supereffective|p1a: Tyranitar|1
|-damage|p1a: Tyranitar|21/100
|-damage|p1b: Sylveon|58/100
|move|p2a: Delphox|Encore|p1a: Tyranitar
|-start|p1a: Tyranitar|Encore
|move|p1a: Tyranitar|Protect||[still]
|-fail|p1a: Tyranitar
|move|p1b: Sylveon|Hyper Voice|p2b: Garchomp|[spread] p2a,p2b
|-resisted|p2a: Delphox|1
|-supereffective|p2b: Garchomp|1
|-damage|p2a: Delphox|73/100
|-damage|p2b: Garchomp|1/100
|
|-weather|Sandstorm|[upkeep]
|-damage|p2a: Delphox|67/100|[from] Sandstorm
|-damage|p1b: Sylveon|52/100|[from] Sandstorm
|-sideend|p2: jeanryupr|move: Tailwind
|-sideend|p1: bl4ckdri|move: Tailwind
|upkeep
|turn|5
|inactive|bl4ckdri has 30 seconds left.
|
|t:|1785166855
|switch|p1b: Corviknight|Corviknight, L50, M|100/100
|move|p1a: Tyranitar|Protect|p1a: Tyranitar
|-singleturn|p1a: Tyranitar|Protect
|move|p2b: Garchomp|Earthquake|p1b: Corviknight|[spread] 
|-activate|p1a: Tyranitar|move: Protect
|-immune|p2a: Delphox|[from] ability: Levitate
|-immune|p1b: Corviknight
|move|p2a: Delphox|Heat Wave|p1b: Corviknight|[spread] p1b
|-activate|p1a: Tyranitar|move: Protect
|-supereffective|p1b: Corviknight|1
|-damage|p1b: Corviknight|3/100
|
|-weather|Sandstorm|[upkeep]
|-damage|p2a: Delphox|61/100|[from] Sandstorm
|-heal|p1b: Corviknight|9/100|[from] item: Leftovers
|upkeep
|turn|6
|inactive|bl4ckdri has 30 seconds left.
|-message|bl4ckdri forfeited.
|
|win|jeanryupr
