|j|☆sun goes wrong
|j|☆AndreFra
|html|sun goes wrongAndreFra    
|uhtml|bestof|Game 2 of a best-of-3
|t:|1783716144
|gametype|doubles
|player|p1|sun goes wrong|169|
|player|p2|AndreFra|170|
|gen|9
|tier|[Gen 9 Champions] VGC 2026 Reg M-B (Bo3)
|rule|Species Clause: Limit one of each Pokémon
|rule|Item Clause: Limit 1 of each item
|clearpoke
|poke|p1|Sharpedo, L50, F|
|poke|p1|Glalie, L50, F|
|poke|p1|Sylveon, L50, F|
|poke|p1|Primarina, L50, F|
|poke|p1|Sableye, L50, F|
|poke|p1|Farigiraf, L50, F|
|poke|p2|Floette-Eternal, L50, F|
|poke|p2|Charizard, L50, M|
|poke|p2|Kingambit, L50, F|
|poke|p2|Whimsicott, L50, M|
|poke|p2|Basculegion, L50, M|
|poke|p2|Garchomp, L50, F|
|teampreview|4
|showteam|p1|Sharpedo||FocusSash|SpeedBoost|Protect,Round,Waterfall,Crunch|Jolly||F|||50|]Glalie||Glalitite|Moody|Protect,Round,Explosion,IceBeam|Quiet||F|||50|]Sylveon||FairyFeather|Pixilate|Round,HyperVoice,QuickAttack,Protect|Modest||F|||50|]Primarina||MysticWater|LiquidVoice|AquaJet,Round,HyperVoice,Protect|Modest||F|||50|]Sableye||Sablenite|Prankster|Quash,RainDance,Round,FakeOut|Sassy||F|||50|]Farigiraf||SitrusBerry|ArmorTail|HyperVoice,TrickRoom,TwinBeam,HelpingHand|Bold||F|||50|
|showteam|p2|Floette-Eternal||Floettite|FlowerVeil|Moonblast,DazzlingGleam,LightofRuin,Protect|Timid||F|||50|]Charizard||CharizarditeY|Blaze|HeatWave,WeatherBall,SolarBeam,Protect|Modest||M|||50|]Kingambit||BlackGlasses|Defiant|KowtowCleave,IronHead,SuckerPunch,Protect|Adamant||F|||50|]Whimsicott||FocusSash|Prankster|Moonblast,Tailwind,Encore,Protect|Timid||M|||50|]Basculegion||MysticWater|Adaptability|WaveCrash,LastRespects,AquaJet,Protect|Adamant||M|||50|]Garchomp||LifeOrb|RoughSkin|DragonClaw,Earthquake,RockSlide,Protect|Jolly||F|||50|
|
|t:|1783716186
|teamsize|p1|4
|teamsize|p2|4
|start
|switch|p1a: Sableye|Sableye, L50, F|100/100
|switch|p1b: Farigiraf|Farigiraf, L50, F|100/100
|switch|p2a: Whimsicott|Whimsicott, L50, M|100/100
|switch|p2b: Charizard|Charizard, L50, M|100/100
|turn|1
|
|t:|1783716203
|detailschange|p2b: Charizard|Charizard-Mega-Y, L50, M
|-mega|p2b: Charizard|Charizard|Charizardite Y
|-weather|SunnyDay|[from] ability: Drought|[of] p2b: Charizard
|detailschange|p1a: Sableye|Sableye-Mega, L50, F
|-mega|p1a: Sableye|Sableye|Sablenite
|move|p1a: Sableye|Fake Out|p2b: Charizard
|-damage|p2b: Charizard|88/100
|move|p2a: Whimsicott|Moonblast|p1b: Farigiraf
|-damage|p1b: Farigiraf|69/100
|cant|p2b: Charizard|flinch
|move|p1b: Farigiraf|Trick Room|p1b: Farigiraf
|-fieldstart|move: Trick Room|[of] p1b: Farigiraf
|
|-weather|SunnyDay|[upkeep]
|upkeep
|turn|2
|
|t:|1783716227
|switch|p1b: Primarina|Primarina, L50, F|100/100
|move|p1a: Sableye|Rain Dance|p1a: Sableye
|-weather|RainDance
|move|p2b: Charizard|Weather Ball|p1b: Primarina
|-resisted|p1b: Primarina|1
|-damage|p1b: Primarina|68/100
|move|p2a: Whimsicott|Moonblast|p1b: Primarina
|-damage|p1b: Primarina|34/100
|
|-weather|RainDance|[upkeep]
|upkeep
|turn|3
|
|t:|1783716249
|move|p2a: Whimsicott|Protect|p2a: Whimsicott
|-singleturn|p2a: Whimsicott|Protect
|move|p2b: Charizard|Protect|p2b: Charizard
|-singleturn|p2b: Charizard|Protect
|move|p1a: Sableye|Round|p2a: Whimsicott
|-activate|p2a: Whimsicott|move: Protect
|move|p1b: Primarina|Round|p2b: Charizard|[from] move: Round
|-activate|p2b: Charizard|move: Protect
|
|-weather|RainDance|[upkeep]
|upkeep
|turn|4
|
|t:|1783716265
|switch|p2b: Basculegion|Basculegion, L50, M|100/100
|move|p1a: Sableye|Round|p2a: Whimsicott
|-damage|p2a: Whimsicott|80/100
|move|p1b: Primarina|Round|p2b: Basculegion|[from] move: Round
|-resisted|p2b: Basculegion|1
|-damage|p2b: Basculegion|25/100
|move|p2a: Whimsicott|Moonblast|p1b: Primarina
|-damage|p1b: Primarina|0 fnt
|faint|p1b: Primarina
|
|-weather|RainDance|[upkeep]
|upkeep
|
|t:|1783716276
|switch|p1b: Sylveon|Sylveon, L50, F|100/100
|turn|5
|
|t:|1783716283
|switch|p1a: Farigiraf|Farigiraf, L50, F|69/100
|move|p2a: Whimsicott|Protect|p2a: Whimsicott
|-singleturn|p2a: Whimsicott|Protect
|move|p2b: Basculegion|Protect|p2b: Basculegion
|-singleturn|p2b: Basculegion|Protect
|move|p1b: Sylveon|Hyper Voice|p2b: Basculegion|[spread] 
|-activate|p2a: Whimsicott|move: Protect
|-activate|p2b: Basculegion|move: Protect
|
|-weather|RainDance|[upkeep]
|-fieldend|move: Trick Room
|upkeep
|turn|6
|
|t:|1783716336
|move|p2a: Whimsicott|Moonblast|p1b: Sylveon
|-damage|p1b: Sylveon|72/100
|move|p2b: Basculegion|Wave Crash|p1a: Farigiraf
|-damage|p1a: Farigiraf|0 fnt
|faint|p1a: Farigiraf
|-damage|p2b: Basculegion|1/100|[from] Recoil
|move|p1b: Sylveon|Hyper Voice|p2a: Whimsicott|[spread] p2a,p2b
|-damage|p2a: Whimsicott|0 fnt
|-damage|p2b: Basculegion|0 fnt
|faint|p2a: Whimsicott
|faint|p2b: Basculegion
|
|-weather|none
|upkeep
|
|t:|1783716345
|switch|p2a: Kingambit|Kingambit, L50, F|100/100
|switch|p2b: Charizard|Charizard-Mega-Y, L50, M|88/100
|switch|p1a: Sableye|Sableye-Mega, L50, F|100/100
|-weather|SunnyDay|[from] ability: Drought|[of] p2b: Charizard
|turn|7
|
|t:|1783716358
|move|p1a: Sableye|Fake Out|p2b: Charizard
|-damage|p2b: Charizard|76/100
|cant|p2b: Charizard|flinch
|move|p1b: Sylveon|Hyper Voice|p2a: Kingambit|[spread] p2a,p2b
|-resisted|p2b: Charizard|1
|-damage|p2a: Kingambit|48/100
|-damage|p2b: Charizard|51/100
|move|p2a: Kingambit|Iron Head|p1b: Sylveon
|-supereffective|p1b: Sylveon|1
|-damage|p1b: Sylveon|0 fnt
|faint|p1b: Sylveon
|
|-weather|SunnyDay|[upkeep]
|upkeep
|turn|8
|
|t:|1783716370
|move|p2b: Charizard|Weather Ball|p1a: Sableye
|-damage|p1a: Sableye|23/100
|move|p2a: Kingambit|Kowtow Cleave|p1a: Sableye
|-damage|p1a: Sableye|0 fnt
|faint|p1a: Sableye
|
|win|AndreFra
|c|☆sun goes wrong|Gg
|c|☆AndreFra|gg
|c|☆AndreFra|ammetto di non aver nemmeno avuto idea dell'esistenza di round fino a questa partita ahah
|l|☆sun goes wrong
|player|p1|
|c|☆AndreFra|carico io?
