|j|☆branefx
|j|☆pantsuit
|html|branefxpantsuit    
|uhtml|bestof|Game 1 of a best-of-3
|t:|1757911433
|gametype|doubles
|player|p1|branefx|scientist-gen4dp|1270
|player|p2|pantsuit|1|1401
|gen|9
|tier|[Gen 9] VGC 2025 Reg H (Bo3)
|rated|
|rule|Species Clause: Limit one of each Pokémon
|rule|Item Clause: Limit 1 of each item
|clearpoke
|poke|p1|Sneasler, L50, M|
|poke|p1|Kingambit, L50, F|
|poke|p1|Electabuzz, L50, M|
|poke|p1|Dragapult, L50, F|
|poke|p1|Rillaboom, L50, M|
|poke|p1|Volcarona, L50, M|
|poke|p2|Espathra, L50, M|
|poke|p2|Indeedee-F, L50, F|
|poke|p2|Sneasler, L50, F|
|poke|p2|Hydreigon, L50, F|
|poke|p2|Arcanine-Hisui, L50, F|
|poke|p2|Kingambit, L50, F|
|teampreview|4
|showteam|p1|Sneasler||GrassySeed|Unburden|DireClaw,CloseCombat,ThroatChop,Protect|||M|||50|,,,,,Dark]Kingambit||SafetyGoggles|Defiant|KowtowCleave,SuckerPunch,SwordsDance,Protect|||F|||50|,,,,,Dark]Electabuzz||Eviolite|VitalSpirit|FollowMe,HelpingHand,Electroweb,Taunt|||M|||50|,,,,,Ghost]Dragapult||ChoiceBand|ClearBody|DragonDarts,Outrage,PhantomForce,Uturn|||F|||50|,,,,,Dragon]Rillaboom||LoadedDice|GrassySurge|FakeOut,BulletSeed,GrassyGlide,HighHorsepower|||M|||50|,,,,,Fire]Volcarona||RockyHelmet|FlameBody|HeatWave,Protect,GigaDrain,QuiverDance|||M|||50|,,,,,Water
|showteam|p2|Espathra||LifeOrb|SpeedBoost|ExpandingForce,LuminaCrash,DazzlingGleam,Protect|||M|||50|,,,,,Psychic]Indeedee-F||RockyHelmet|PsychicSurge|Psychic,FollowMe,HelpingHand,Protect|||F|||50|,,,,,Dragon]Sneasler||PsychicSeed|Unburden|DireClaw,CloseCombat,ThroatChop,Protect|||F|||50|,,,,,Dark]Hydreigon||SafetyGoggles|Levitate|DracoMeteor,Snarl,Taunt,Protect|||F|||50|,,,,,Ghost]Arcanine-Hisui||MirrorHerb|Intimidate|FlareBlitz,RockSlide,CloseCombat,Protect|||F|||50|,,,,,Water]Kingambit||AssaultVest|Defiant|KowtowCleave,SuckerPunch,LowKick,TeraBlast|||F|||50|,,,,,Flying
|inactive|Battle timer is ON: inactive players will automatically lose when time's up. (requested by branefx)
|inactive|branefx has 60 seconds left.
|inactive|pantsuit has 60 seconds left.
|
|t:|1757911469
|teamsize|p1|4
|teamsize|p2|4
|start
|switch|p1a: Kingambit|Kingambit, L50, F|100/100
|switch|p1b: Dragapult|Dragapult, L50, F, shiny|100/100
|switch|p2a: Sneasler|Sneasler, L50, F|100/100
|switch|p2b: Indeedee|Indeedee-F, L50, F|100/100
|-fieldstart|move: Psychic Terrain|[from] ability: Psychic Surge|[of] p2b: Indeedee
|-enditem|p2a: Sneasler|Psychic Seed
|-boost|p2a: Sneasler|spd|1|[from] item: Psychic Seed
|turn|1
|inactive|branefx has 30 seconds left.
|
|t:|1757911499
|-terastallize|p2a: Sneasler|Dark
|-terastallize|p1b: Dragapult|Dragon
|move|p1a: Kingambit|Protect|p1a: Kingambit
|-singleturn|p1a: Kingambit|Protect
|move|p2b: Indeedee|Follow Me|p2b: Indeedee
|-singleturn|p2b: Indeedee|move: Follow Me
|move|p2a: Sneasler|Throat Chop|p1b: Dragapult
|-damage|p1b: Dragapult|35/100
|-start|p1b: Dragapult|Throat Chop|[silent]
|move|p1b: Dragapult|U-turn|p2b: Indeedee
|-supereffective|p2b: Indeedee
|-damage|p2b: Indeedee|33/100
|-damage|p1b: Dragapult|19/100|[from] item: Rocky Helmet|[of] p2b: Indeedee
|
|t:|1757911510
|switch|p1b: Sneasler|Sneasler, L50, M|100/100|[from] U-turn
|
|upkeep
|turn|2
|
|t:|1757911533
|switch|p2b: Arcanine|Arcanine-Hisui, L50, F|100/100
|-ability|p2b: Arcanine|Intimidate|boost
|-unboost|p1a: Kingambit|atk|1
|-ability|p1a: Kingambit|Defiant|boost
|-boost|p1a: Kingambit|atk|2
|-unboost|p1b: Sneasler|atk|1
|-enditem|p2b: Arcanine|Mirror Herb
|-boost|p2b: Arcanine|atk|2|[from] item: Mirror Herb
|switch|p1a: Dragapult|Dragapult, L50, F, shiny, tera:Dragon|19/100
|move|p2a: Sneasler|Dire Claw|p1b: Sneasler
|-resisted|p1b: Sneasler
|-damage|p1b: Sneasler|60/100
|move|p1b: Sneasler|Throat Chop|p2b: Arcanine
|-damage|p2b: Arcanine|80/100
|-start|p2b: Arcanine|Throat Chop|[silent]
|
|upkeep
|turn|3
|inactive|pantsuit has 30 seconds left.
|
|t:|1757911560
|switch|p1a: Kingambit|Kingambit, L50, F|100/100
|move|p2a: Sneasler|Dire Claw|p1a: Kingambit
|-immune|p1a: Kingambit
|move|p1b: Sneasler|Close Combat|p2a: Sneasler
|-supereffective|p2a: Sneasler
|-damage|p2a: Sneasler|0 fnt
|-unboost|p1b: Sneasler|def|1
|-unboost|p1b: Sneasler|spd|1
|faint|p2a: Sneasler
|move|p2b: Arcanine|Flare Blitz|p1b: Sneasler
|-damage|p1b: Sneasler|0 fnt
|faint|p1b: Sneasler
|-damage|p2b: Arcanine|64/100|[from] Recoil
|
|-end|p2b: Arcanine|Throat Chop|[silent]
|upkeep
|
|t:|1757911576
|switch|p1b: Dragapult|Dragapult, L50, F, shiny, tera:Dragon|19/100
|switch|p2a: Kingambit|Kingambit, L50, F|100/100
|turn|4
|
|t:|1757911599
|switch|p1a: Rillaboom|Rillaboom, L50, M, shiny|100/100
|-fieldstart|move: Grassy Terrain|[from] ability: Grassy Surge|[of] p1a: Rillaboom
|move|p1b: Dragapult|Outrage|p2b: Arcanine
|-damage|p2b: Arcanine|0 fnt
|faint|p2b: Arcanine
|move|p2a: Kingambit|Low Kick|p1a: Rillaboom
|-damage|p1a: Rillaboom|72/100
|
|-heal|p1b: Dragapult|25/100|[from] Grassy Terrain
|-heal|p1a: Rillaboom|78/100|[from] Grassy Terrain
|upkeep
|
|t:|1757911608
|switch|p2b: Indeedee|Indeedee-F, L50, F|33/100
|-fieldstart|move: Psychic Terrain|[from] ability: Psychic Surge|[of] p2b: Indeedee
|turn|5
|
|t:|1757911620
|move|p2b: Indeedee|Helping Hand|p2a: Kingambit
|-singleturn|p2a: Kingambit|Helping Hand|[of] p2b: Indeedee
|move|p1b: Dragapult|Outrage|p2a: Kingambit|[from] lockedmove
|-resisted|p2a: Kingambit
|-damage|p2a: Kingambit|56/100
|move|p1a: Rillaboom|High Horsepower|p2a: Kingambit
|-supereffective|p2a: Kingambit
|-damage|p2a: Kingambit|1/100
|move|p2a: Kingambit|Kowtow Cleave|p1a: Rillaboom
|-damage|p1a: Rillaboom|10/100
|
|upkeep
|turn|6
|
|t:|1757911642
|move|p2b: Indeedee|Follow Me|p2b: Indeedee
|-singleturn|p2b: Indeedee|move: Follow Me
|move|p1b: Dragapult|Outrage|p2b: Indeedee|[from] lockedmove
|-damage|p2b: Indeedee|0 fnt
|-damage|p1b: Dragapult|8/100|[from] item: Rocky Helmet|[of] p2b: Indeedee
|faint|p2b: Indeedee
|-start|p1b: Dragapult|confusion|[fatigue]
|move|p1a: Rillaboom|Bullet Seed|p2a: Kingambit
|-resisted|p2a: Kingambit
|-damage|p2a: Kingambit|0 fnt
|faint|p2a: Kingambit
|-hitcount|p2: Kingambit|1
|
|win|branefx
||pantsuit is ready for game 2.
||branefx is ready for game 2.
|uhtml|next|Next: Game 2 of 3
