|j|☆Lacossg
|j|☆Tlayer4002
|html|LacossgTlayer4002    
|uhtml|bestof|Game 3 of a best-of-3
|t:|1755169193
|gametype|doubles
|player|p1|Lacossg|265|1254
|player|p2|Tlayer4002|2|1400
|gen|9
|tier|[Gen 9] VGC 2025 Reg H (Bo3)
|rated|
|rule|Species Clause: Limit one of each Pokémon
|rule|Item Clause: Limit 1 of each item
|clearpoke
|poke|p1|Armarouge, L50, F|
|poke|p1|Indeedee-F, L50, F|
|poke|p1|Ursaluna-Bloodmoon, L50, M|
|poke|p1|Whimsicott, L50, F|
|poke|p1|Quaquaval, L50, F|
|poke|p1|Incineroar, L50, M|
|poke|p2|Annihilape, L50, F|
|poke|p2|Indeedee, L50, M|
|poke|p2|Amoonguss, L50, M|
|poke|p2|Ninetales-Alola, L50, F|
|poke|p2|Volcarona, L50, M|
|poke|p2|Incineroar, L50, M|
|teampreview|4
|showteam|p1|Armarouge||PowerHerb|FlashFire|MeteorBeam,ExpandingForce,Protect,ArmorCannon|||F|||50|,,,,,Grass]Indeedee-F||LumBerry|PsychicSurge|FollowMe,TrickRoom,HelpingHand,DazzlingGleam|||F|||50|,,,,,Fairy]Ursaluna-Bloodmoon||Leftovers|MindsEye|CalmMind,EarthPower,HyperVoice,Protect|||M|||50|,,,,,Bug]Whimsicott||FocusSash|Prankster|Tailwind,LightScreen,Moonblast,Protect|||F|||50|,,,,,Ghost]Quaquaval||MysticWater|Moxie|CloseCombat,AquaStep,Taunt,Protect|||F|||50|,,,,,Grass]Incineroar||SafetyGoggles|Intimidate|KnockOff,FlareBlitz,PartingShot,FakeOut|||M|||50|,,,,,Ghost
|showteam|p2|Annihilape||PsychicSeed|VitalSpirit|DrainPunch,RageFist,BulkUp,Protect|||F|||50|,,,,,Water]Indeedee||ChoiceScarf|PsychicSurge|ExpandingForce,Trick,HyperVoice,TeraBlast|||M|||50|,,,,,Fighting]Amoonguss||SitrusBerry|Regenerator|PollenPuff,RagePowder,ClearSmog,Spore|||M|||50|,,,,,Water]Ninetales-Alola||LightClay|SnowWarning|Blizzard,AuroraVeil,Encore,Protect|||F|||50|,,,,,Steel]Volcarona||Leftovers|FlameBody|HeatWave,TeraBlast,QuiverDance,Protect|||M|||50|,,,,,Fairy]Incineroar||AssaultVest|Intimidate|FlareBlitz,KnockOff,Uturn,FakeOut|||M|||50|,,,,,Ghost
|
|t:|1755169217
|teamsize|p1|4
|teamsize|p2|4
|start
|switch|p1a: Quaquaval|Quaquaval, L50, F|100/100
|switch|p1b: Armarouge|Armarouge, L50, F|100/100
|switch|p2a: Ninetales|Ninetales-Alola, L50, F|100/100
|switch|p2b: Volcarona|Volcarona, L50, M|100/100
|-weather|Snowscape|[from] ability: Snow Warning|[of] p2a: Ninetales
|turn|1
|
|t:|1755169248
|-terastallize|p2b: Volcarona|Fairy
|move|p2a: Ninetales|Aurora Veil|p2a: Ninetales
|-sidestart|p2: Tlayer4002|move: Aurora Veil
|move|p2b: Volcarona|Quiver Dance|p2b: Volcarona
|-boost|p2b: Volcarona|spa|1
|-boost|p2b: Volcarona|spd|1
|-boost|p2b: Volcarona|spe|1
|move|p1b: Armarouge|Meteor Beam||[still]
|-prepare|p1b: Armarouge|Meteor Beam
|-boost|p1b: Armarouge|spa|1
|-enditem|p1b: Armarouge|Power Herb
|-anim|p1b: Armarouge|Meteor Beam|p2b: Volcarona
|-damage|p2b: Volcarona|77/100
|move|p1a: Quaquaval|Aqua Step|p2b: Volcarona
|-damage|p2b: Volcarona|43/100
|-boost|p1a: Quaquaval|spe|1
|-status|p1a: Quaquaval|brn|[from] ability: Flame Body|[of] p2b: Volcarona
|
|-weather|Snowscape|[upkeep]
|-heal|p2b: Volcarona|49/100|[from] item: Leftovers
|-damage|p1a: Quaquaval|94/100 brn|[from] brn
|upkeep
|turn|2
|
|t:|1755169278
|move|p2b: Volcarona|Protect|p2b: Volcarona
|-singleturn|p2b: Volcarona|Protect
|move|p1b: Armarouge|Protect|p1b: Armarouge
|-singleturn|p1b: Armarouge|Protect
|move|p2a: Ninetales|Blizzard|p1b: Armarouge|[spread] p1a
|-activate|p1b: Armarouge|move: Protect
|-resisted|p1a: Quaquaval
|-damage|p1a: Quaquaval|80/100 brn
|move|p1a: Quaquaval|Aqua Step|p2b: Volcarona
|-activate|p2b: Volcarona|move: Protect
|
|-weather|Snowscape|[upkeep]
|-heal|p2b: Volcarona|56/100|[from] item: Leftovers
|-damage|p1a: Quaquaval|73/100 brn|[from] brn
|upkeep
|turn|3
|
|t:|1755169298
|switch|p1b: Indeedee|Indeedee-F, L50, F|100/100
|-fieldstart|move: Psychic Terrain|[from] ability: Psychic Surge|[of] p1b: Indeedee
|move|p2b: Volcarona|Tera Blast|p1a: Quaquaval|[anim] Tera Blast Fairy
|-supereffective|p1a: Quaquaval
|-damage|p1a: Quaquaval|0 fnt
|faint|p1a: Quaquaval
|move|p2a: Ninetales|Encore||[still]
|-fail|p2a: Ninetales
|
|-weather|Snowscape|[upkeep]
|-heal|p2b: Volcarona|62/100|[from] item: Leftovers
|upkeep
|
|t:|1755169307
|switch|p1a: Armarouge|Armarouge, L50, F|100/100
|turn|4
|
|t:|1755169315
|move|p2b: Volcarona|Quiver Dance|p2b: Volcarona
|-boost|p2b: Volcarona|spa|1
|-boost|p2b: Volcarona|spd|1
|-boost|p2b: Volcarona|spe|1
|move|p2a: Ninetales|Blizzard|p1b: Indeedee|[spread] p1a,p1b
|-resisted|p1a: Armarouge
|-damage|p1a: Armarouge|87/100
|-damage|p1b: Indeedee|76/100
|move|p1a: Armarouge|Expanding Force|p2b: Volcarona|[spread] p2a,p2b
|-damage|p2a: Ninetales|57/100
|-damage|p2b: Volcarona|43/100
|move|p1b: Indeedee|Trick Room|p1b: Indeedee
|-fieldstart|move: Trick Room|[of] p1b: Indeedee
|
|-weather|Snowscape|[upkeep]
|-heal|p2b: Volcarona|49/100|[from] item: Leftovers
|upkeep
|turn|5
|
|t:|1755169334
|switch|p2a: Incineroar|Incineroar, L50, M|100/100
|-ability|p2a: Incineroar|Intimidate|boost
|-unboost|p1a: Armarouge|atk|1
|-unboost|p1b: Indeedee|atk|1
|move|p1b: Indeedee|Helping Hand|p1a: Armarouge
|-singleturn|p1a: Armarouge|Helping Hand|[of] p1b: Indeedee
|move|p2b: Volcarona|Protect|p2b: Volcarona
|-singleturn|p2b: Volcarona|Protect
|move|p1a: Armarouge|Expanding Force|p2a: Incineroar|[spread] 
|-activate|p2b: Volcarona|move: Protect
|-immune|p2a: Incineroar
|
|-weather|none
|-heal|p2b: Volcarona|55/100|[from] item: Leftovers
|upkeep
|turn|6
|
|t:|1755169357
|move|p1b: Indeedee|Follow Me|p1b: Indeedee
|-singleturn|p1b: Indeedee|move: Follow Me
|move|p2a: Incineroar|Knock Off|p1b: Indeedee
|-supereffective|p1b: Indeedee
|-damage|p1b: Indeedee|0 fnt
|-enditem|p1b: Indeedee|Lum Berry|[from] move: Knock Off|[of] p2a: Incineroar
|faint|p1b: Indeedee
|move|p1a: Armarouge|Expanding Force|p2b: Volcarona|[spread] p2b
|-immune|p2a: Incineroar
|-damage|p2b: Volcarona|37/100
|move|p2b: Volcarona|Tera Blast|p1a: Armarouge|[anim] Tera Blast Fairy
|-resisted|p1a: Armarouge
|-damage|p1a: Armarouge|47/100
|
|-heal|p2b: Volcarona|43/100|[from] item: Leftovers
|upkeep
|
|t:|1755169368
|switch|p1b: Whimsicott|Whimsicott, L50, F|100/100
|turn|7
|
|t:|1755169378
|-terastallize|p1a: Armarouge|Grass
|move|p2a: Incineroar|Knock Off|p1a: Armarouge
|-damage|p1a: Armarouge|13/100
|move|p1a: Armarouge|Expanding Force|p2b: Volcarona|[spread] p2b
|-immune|p2a: Incineroar
|-crit|p2b: Volcarona
|-damage|p2b: Volcarona|0 fnt
|faint|p2b: Volcarona
|move|p1b: Whimsicott|Moonblast|p2a: Incineroar
|-damage|p2a: Incineroar|85/100
|
|-fieldend|move: Psychic Terrain
|upkeep
|
|t:|1755169391
|switch|p2b: Ninetales|Ninetales-Alola, L50, F|57/100
|-weather|Snowscape|[from] ability: Snow Warning|[of] p2b: Ninetales
|turn|8
|
|t:|1755169402
|move|p2a: Incineroar|Knock Off|p1a: Armarouge
|-damage|p1a: Armarouge|0 fnt
|faint|p1a: Armarouge
|move|p1b: Whimsicott|Moonblast|p2a: Incineroar
|-damage|p2a: Incineroar|70/100
|move|p2b: Ninetales|Blizzard|p1b: Whimsicott
|-supereffective|p1b: Whimsicott
|-enditem|p1b: Whimsicott|Focus Sash
|-damage|p1b: Whimsicott|1/100
|
|-weather|Snowscape|[upkeep]
|-sideend|p2: Tlayer4002|move: Aurora Veil
|-fieldend|move: Trick Room
|upkeep
|turn|9
|
|t:|1755169415
|move|p2b: Ninetales|Blizzard|p1b: Whimsicott
|-supereffective|p1b: Whimsicott
|-damage|p1b: Whimsicott|0 fnt
|faint|p1b: Whimsicott
|
|win|Tlayer4002
|raw|Lacossg's rating: 1254 → 1239(-15 for losing)
|raw|Tlayer4002's rating: 1400 → 1412(+12 for winning)
|l|☆Tlayer4002
|player|p2|
