|j|☆chestnot
|j|☆gastengo
|html|chestnotgastengo    
|uhtml|bestof|Game 3 of a best-of-3
|t:|1757826810
|gametype|doubles
|player|p1|chestnot|collector|1003
|player|p2|gastengo|265|1014
|gen|9
|tier|[Gen 9] VGC 2025 Reg H (Bo3)
|rated|
|rule|Species Clause: Limit one of each Pokémon
|rule|Item Clause: Limit 1 of each item
|clearpoke
|poke|p1|Incineroar, L50, M|
|poke|p1|Tauros-Paldea-Aqua, L50, M|
|poke|p1|Volcarona, L50, M|
|poke|p1|Rillaboom, L50, M|
|poke|p1|Sableye, L50, M|
|poke|p1|Weezing-Galar, L50, M|
|poke|p2|Pelipper, L50, M|
|poke|p2|Archaludon, L50, M|
|poke|p2|Sinistcha, L50|
|poke|p2|Basculegion, L50, M|
|poke|p2|Murkrow, L50, F|
|poke|p2|Araquanid, L50, M|
|teampreview|4
|showteam|p1|Incineroar||AssaultVest|Intimidate|Uturn,FakeOut,KnockOff,Snarl|||M|||50|,,,,,Bug]Tauros-Paldea-Aqua||LifeOrb|Intimidate|CloseCombat,RagingBull,Protect,HighHorsepower|||M|||50|,,,,,Stellar]Volcarona||GrassySeed|FlameBody|StruggleBug,QuiverDance,FieryDance,Protect|||M|||50|,,,,,Water]Rillaboom||MiracleSeed|GrassySurge|WoodHammer,GrassyGlide,FakeOut,SwordsDance|||M|||50|,,,,,Grass]Sableye||LightClay|Prankster|Snarl,WillOWisp,Reflect,LightScreen|||M|||50|,,,,,Dark]Weezing-Galar||Leftovers|Levitate|StrangeSteam,Protect,SludgeBomb,WillOWisp|||M|||50|,,,,,Fairy
|showteam|p2|Pelipper||AbilityShield|Drizzle|WideGuard,Hurricane,WeatherBall,Tailwind|||M|||50|,,,,,Flying]Archaludon||AssaultVest|Stalwart|ElectroShot,FlashCannon,Thunderbolt,DragonPulse|||M|||50|,,,,,Electric]Sinistcha||EjectButton|Hospitality|MatchaGotcha,RagePowder,StrengthSap,TrickRoom||||||50|,,,,,Water]Basculegion||ChoiceBand|SwiftSwim|WaveCrash,DoubleEdge,Liquidation,PsychicFangs|||M|||50|,,,,,Water]Murkrow||Eviolite|Prankster|RainDance,Tailwind,FoulPlay,Haze|||F|||50|,,,,,Fairy]Araquanid||LifeOrb|WaterBubble|Liquidation,BodySlam,Waterfall,Protect|||M|||50|,,,,,Water
|inactive|Battle timer is ON: inactive players will automatically lose when time's up. (requested by chestnot)
|inactive|gastengo also wants the timer to be on.
|
|t:|1757826839
|teamsize|p1|4
|teamsize|p2|4
|start
|switch|p1a: Volcarona|Volcarona, L50, M|100/100
|switch|p1b: Rillaboom|Rillaboom, L50, M|100/100
|switch|p2a: Pelipper|Pelipper, L50, M, shiny|100/100
|switch|p2b: Archaludon|Archaludon, L50, M|100/100
|-fieldstart|move: Grassy Terrain|[from] ability: Grassy Surge|[of] p1b: Rillaboom
|-enditem|p1a: Volcarona|Grassy Seed
|-boost|p1a: Volcarona|def|1|[from] item: Grassy Seed
|-weather|RainDance|[from] ability: Drizzle|[of] p2a: Pelipper
|turn|1
|inactive|chestnot has 30 seconds left.
|
|t:|1757826872
|switch|p2a: Sinistcha|Sinistcha, L50|100/100
|-terastallize|p2b: Archaludon|Electric
|-terastallize|p1a: Volcarona|Water
|move|p1b: Rillaboom|Fake Out|p2b: Archaludon
|-damage|p2b: Archaludon|89/100
|cant|p2b: Archaludon|flinch
|move|p1a: Volcarona|Quiver Dance|p1a: Volcarona
|-boost|p1a: Volcarona|spa|1
|-boost|p1a: Volcarona|spd|1
|-boost|p1a: Volcarona|spe|1
|
|-weather|RainDance|[upkeep]
|-heal|p2b: Archaludon|95/100|[from] Grassy Terrain
|upkeep
|turn|2
|inactive|gastengo has 30 seconds left.
|
|t:|1757826902
|move|p2a: Sinistcha|Rage Powder|p2a: Sinistcha
|-singleturn|p2a: Sinistcha|move: Rage Powder
|move|p1a: Volcarona|Struggle Bug|p2a: Sinistcha|[spread] p2a,p2b
|-damage|p2a: Sinistcha|63/100
|-damage|p2b: Archaludon|60/100
|-unboost|p2a: Sinistcha|spa|1
|-unboost|p2b: Archaludon|spa|1
|-enditem|p2a: Sinistcha|Eject Button
|
|t:|1757826912
|switch|p2a: Pelipper|Pelipper, L50, M, shiny|100/100
|move|p1b: Rillaboom|Wood Hammer|p2b: Archaludon
|-damage|p2b: Archaludon|0 fnt
|faint|p2b: Archaludon
|-damage|p1b: Rillaboom|82/100|[from] Recoil
|
|-weather|RainDance|[upkeep]
|-heal|p1b: Rillaboom|87/100|[from] Grassy Terrain
|upkeep
|
|t:|1757826920
|switch|p2b: Sinistcha|Sinistcha, L50|63/100
|turn|3
|
|t:|1757826930
|move|p2a: Pelipper|Wide Guard|p2a: Pelipper
|-singleturn|p2a: Pelipper|Wide Guard
|move|p1a: Volcarona|Struggle Bug|p2b: Sinistcha|[spread] 
|-activate|p2a: Pelipper|move: Wide Guard
|-activate|p2b: Sinistcha|move: Wide Guard
|move|p1b: Rillaboom|Wood Hammer|p2a: Pelipper
|-damage|p2a: Pelipper|0 fnt
|faint|p2a: Pelipper
|-damage|p1b: Rillaboom|56/100|[from] Recoil
|move|p2b: Sinistcha|Matcha Gotcha|p1b: Rillaboom|[spread] p1a,p1b
|-supereffective|p1a: Volcarona
|-resisted|p1b: Rillaboom
|-damage|p1a: Volcarona|57/100
|-heal|p2b: Sinistcha|84/100|[from] drain|[of] p1a: Volcarona
|-damage|p1b: Rillaboom|35/100
|-heal|p2b: Sinistcha|94/100|[from] drain|[of] p1b: Rillaboom
|
|-weather|RainDance|[upkeep]
|-heal|p1a: Volcarona|63/100|[from] Grassy Terrain
|-heal|p1b: Rillaboom|41/100|[from] Grassy Terrain
|-heal|p2b: Sinistcha|99/100|[from] Grassy Terrain
|upkeep
|
|t:|1757826939
|switch|p2a: Basculegion|Basculegion, L50, M|100/100
|turn|4
|inactive|chestnot has 30 seconds left.
|
|t:|1757826973
|move|p1a: Volcarona|Protect|p1a: Volcarona
|-singleturn|p1a: Volcarona|Protect
|move|p1b: Rillaboom|Grassy Glide|p2a: Basculegion
|-supereffective|p2a: Basculegion
|-damage|p2a: Basculegion|0 fnt
|faint|p2a: Basculegion
|move|p2b: Sinistcha|Strength Sap|p1b: Rillaboom
|-unboost|p1b: Rillaboom|atk|1
|-heal|p2b: Sinistcha|100/100
|
|-weather|RainDance|[upkeep]
|-heal|p1a: Volcarona|69/100|[from] Grassy Terrain
|-heal|p1b: Rillaboom|47/100|[from] Grassy Terrain
|upkeep
|turn|5
|
|t:|1757826987
|switch|p1b: Incineroar|Incineroar, L50, M|100/100
|-ability|p1b: Incineroar|Intimidate|boost
|-unboost|p2b: Sinistcha|atk|1
|move|p1a: Volcarona|Struggle Bug|p2b: Sinistcha
|-damage|p2b: Sinistcha|50/100
|-unboost|p2b: Sinistcha|spa|1
|move|p2b: Sinistcha|Trick Room|p2b: Sinistcha
|-fieldstart|move: Trick Room|[of] p2b: Sinistcha
|
|-weather|none
|-heal|p2b: Sinistcha|56/100|[from] Grassy Terrain
|-heal|p1a: Volcarona|74/100|[from] Grassy Terrain
|-fieldend|move: Grassy Terrain
|upkeep
|turn|6
|
|t:|1757827002
|move|p1a: Volcarona|Protect|p1a: Volcarona
|-singleturn|p1a: Volcarona|Protect
|move|p1b: Incineroar|Knock Off|p2b: Sinistcha
|-supereffective|p2b: Sinistcha
|-damage|p2b: Sinistcha|8/100
|move|p2b: Sinistcha|Matcha Gotcha|p1a: Volcarona|[spread] p1b
|-activate|p1a: Volcarona|move: Protect
|-resisted|p1b: Incineroar
|-damage|p1b: Incineroar|96/100
|-heal|p2b: Sinistcha|11/100|[from] drain|[of] p1b: Incineroar
|
|upkeep
|turn|7
|
|t:|1757827020
|switch|p1a: Rillaboom|Rillaboom, L50, M|47/100
|-fieldstart|move: Grassy Terrain|[from] ability: Grassy Surge|[of] p1a: Rillaboom
|move|p1b: Incineroar|Snarl|p2b: Sinistcha
|-supereffective|p2b: Sinistcha
|-damage|p2b: Sinistcha|0 fnt
|faint|p2b: Sinistcha
|
|win|chestnot
|raw|chestnot's rating: 1003 → 1044(+41 for winning)
|raw|gastengo's rating: 1014 → 1002(-12 for losing)
|l|☆gastengo
|player|p2|
|l|☆chestnot
|player|p1|
