|j|☆TheLeoj
|j|☆balon609
|html|TheLeojbalon609    
|uhtml|bestof|Game 3 of a best-of-3
|t:|1784160680
|gametype|doubles
|player|p1|TheLeoj|102|1142
|player|p2|balon609|policeman-gen4|1159
|gen|9
|tier|[Gen 9 Champions] VGC 2026 Reg M-B (Bo3)
|rated|
|rule|Species Clause: Limit one of each Pokémon
|rule|Item Clause: Limit 1 of each item
|clearpoke
|poke|p1|Politoed, L50, F, shiny|
|poke|p1|Incineroar, L50, F, shiny|
|poke|p1|Gengar, L50, M, shiny|
|poke|p1|Archaludon, L50, M, shiny|
|poke|p1|Swampert, L50, F, shiny|
|poke|p1|Vivillon-Elegant, L50, M, shiny|
|poke|p2|Aerodactyl, L50, M|
|poke|p2|Charizard, L50, M|
|poke|p2|Kingambit, L50, M|
|poke|p2|Sylveon, L50, F|
|poke|p2|Garchomp, L50, F|
|poke|p2|Farigiraf, L50, F|
|teampreview|4
|showteam|p1|Politoed||SitrusBerry|Drizzle|WeatherBall,Encore,PerishSong,Protect|Calm||F|||50|]Incineroar||PasshoBerry|Intimidate|ThroatChop,FakeOut,PartingShot,Protect|Sassy||F|||50|]Gengar||Gengarite|CursedBody|ShadowBall,SludgeBomb,PerishSong,Protect|Timid||M|||50|]Archaludon||Leftovers|Stamina|ElectroShot,FlashCannon,DragonPulse,Protect|Bold||M|||50|]Swampert||Swampertite|Torrent|WaveCrash,Earthquake,IcePunch,Protect|Adamant||F|||50|]Vivillon-Elegant||FocusSash|CompoundEyes|Hurricane,SleepPowder,RagePowder,Protect|Timid||M|||50|
|showteam|p2|Aerodactyl||Aerodactylite|Unnerve|RockSlide,DualWingbeat,IceFang,Tailwind|Jolly||M|||50|]Charizard||CharizarditeY|SolarPower|HeatWave,WeatherBall,SolarBeam,Protect|Modest||M|||50|]Kingambit||FocusSash|Defiant|KowtowCleave,SuckerPunch,IronHead,LowKick|Adamant||M|||50|]Sylveon||FairyFeather|Pixilate|QuickAttack,HyperVoice,HyperBeam,Protect|Modest||F|||50|]Garchomp||LifeOrb|RoughSkin|Earthquake,DragonClaw,StompingTantrum,Protect|Jolly||F|||50|]Farigiraf||SitrusBerry|ArmorTail|TwinBeam,Thunderbolt,GrassKnot,TrickRoom|Bold||F|||50|
|inactive|Battle timer is ON: inactive players will automatically lose when time's up. (requested by TheLeoj)
|inactive|TheLeoj has 60 seconds left.
|inactive|balon609 has 60 seconds left.
|
|t:|1784160727
|teamsize|p1|4
|teamsize|p2|4
|start
|switch|p1a: Gengar|Gengar, L50, M, shiny|100/100
|switch|p1b: Incineroar|Incineroar, L50, F, shiny|100/100
|switch|p2a: Charizard|Charizard, L50, M|100/100
|switch|p2b: Kingambit|Kingambit, L50, M|100/100
|-ability|p1b: Incineroar|Intimidate|boost
|-unboost|p2a: Charizard|atk|1
|-unboost|p2b: Kingambit|atk|1
|-ability|p2b: Kingambit|Defiant|boost
|-boost|p2b: Kingambit|atk|2
|turn|1
|
|t:|1784160743
|switch|p2a: Farigiraf|Farigiraf, L50, F|100/100
|detailschange|p1a: Gengar|Gengar-Mega, L50, M, shiny
|-mega|p1a: Gengar|Gengar|Gengarite
|move|p1b: Incineroar|Fake Out||[still]
|cant|p2a: Farigiraf|ability: Armor Tail|Fake Out|[of] p1b: Incineroar
|move|p1a: Gengar|Perish Song|p1a: Gengar
|-start|p1a: Gengar|perish3|[silent]
|-start|p1b: Incineroar|perish3|[silent]
|-start|p2a: Farigiraf|perish3|[silent]
|-start|p2b: Kingambit|perish3|[silent]
|-fieldactivate|move: Perish Song
|move|p2b: Kingambit|Kowtow Cleave|p1a: Gengar
|-supereffective|p1a: Gengar|1
|-damage|p1a: Gengar|0 fnt
|faint|p1a: Gengar
|
|-start|p2b: Kingambit|perish3
|-start|p2a: Farigiraf|perish3
|-start|p1b: Incineroar|perish3
|upkeep
|
|t:|1784160748
|switch|p1a: Vivillon|Vivillon-Elegant, L50, M, shiny|100/100
|turn|2
|inactive|balon609 has 30 seconds left.
|inactive|balon609 has 20 seconds left.
|inactive|balon609 has 15 seconds left.
|
|t:|1784160792
|switch|p2a: Charizard|Charizard, L50, M|100/100
|move|p1a: Vivillon|Sleep Powder|p2a: Charizard
|-status|p2a: Charizard|slp|[from] move: Sleep Powder
|move|p2b: Kingambit|Kowtow Cleave|p1a: Vivillon
|-enditem|p1a: Vivillon|Focus Sash
|-damage|p1a: Vivillon|1/100
|move|p1b: Incineroar|Parting Shot|p2b: Kingambit
|-unboost|p2b: Kingambit|atk|1
|-ability|p2b: Kingambit|Defiant|boost
|-boost|p2b: Kingambit|atk|2
|-unboost|p2b: Kingambit|spa|1
|-ability|p2b: Kingambit|Defiant|boost
|-boost|p2b: Kingambit|atk|2
|
|t:|1784160800
|switch|p1b: Politoed|Politoed, L50, F, shiny|100/100|[from] Parting Shot
|-weather|RainDance|[from] ability: Drizzle|[of] p1b: Politoed
|
|-weather|RainDance|[upkeep]
|-start|p2b: Kingambit|perish2
|upkeep
|turn|3
|inactive|balon609 has 30 seconds left.
|
|t:|1784160831
|detailschange|p2a: Charizard|Charizard-Mega-Y, L50, M
|-mega|p2a: Charizard|Charizard|Charizardite Y
|-weather|SunnyDay|[from] ability: Drought|[of] p2a: Charizard
|move|p1a: Vivillon|Sleep Powder|p2b: Kingambit
|-status|p2b: Kingambit|slp|[from] move: Sleep Powder
|cant|p2a: Charizard|slp
|cant|p2b: Kingambit|slp
|move|p1b: Politoed|Weather Ball|p2a: Charizard
|-resisted|p2a: Charizard|1
|-damage|p2a: Charizard|86/100 slp
|
|-weather|SunnyDay|[upkeep]
|-start|p2b: Kingambit|perish1
|upkeep
|turn|4
|
|t:|1784160853
|switch|p2b: Garchomp|Garchomp, L50, F|100/100
|switch|p1b: Incineroar|Incineroar, L50, F, shiny|100/100
|-ability|p1b: Incineroar|Intimidate|boost
|-unboost|p2a: Charizard|atk|1
|-unboost|p2b: Garchomp|atk|1
|move|p1a: Vivillon|Protect|p1a: Vivillon
|-singleturn|p1a: Vivillon|Protect
|cant|p2a: Charizard|slp
|
|-weather|SunnyDay|[upkeep]
|upkeep
|turn|5
|
|t:|1784160867
|switch|p1a: Politoed|Politoed, L50, F, shiny|100/100
|-weather|RainDance|[from] ability: Drizzle|[of] p1a: Politoed
|move|p2b: Garchomp|Protect|p2b: Garchomp
|-singleturn|p2b: Garchomp|Protect
|move|p1b: Incineroar|Fake Out|p2b: Garchomp
|-activate|p2b: Garchomp|move: Protect
|-curestatus|p2a: Charizard|slp|[msg]
|move|p2a: Charizard|Heat Wave|p1a: Politoed|[spread] p1b
|-miss|p2a: Charizard|p1a: Politoed
|-resisted|p1b: Incineroar|1
|-damage|p1b: Incineroar|92/100
|
|-weather|RainDance|[upkeep]
|upkeep
|turn|6
|
|t:|1784160890
|switch|p2a: Kingambit|Kingambit, L50, M|100/100 slp
|switch|p1b: Vivillon|Vivillon-Elegant, L50, M, shiny|1/100
|move|p2b: Garchomp|Dragon Claw|p1a: Politoed
|-damage|p1a: Politoed|65/100
|-damage|p2b: Garchomp|90/100|[from] item: Life Orb
|move|p1a: Politoed|Weather Ball|p2a: Kingambit
|-crit|p2a: Kingambit
|-damage|p2a: Kingambit|21/100 slp
|
|-weather|RainDance|[upkeep]
|upkeep
|turn|7
|
|t:|1784160909
|move|p2b: Garchomp|Protect|p2b: Garchomp
|-singleturn|p2b: Garchomp|Protect
|move|p1b: Vivillon|Protect|p1b: Vivillon
|-singleturn|p1b: Vivillon|Protect
|-curestatus|p2a: Kingambit|slp|[msg]
|move|p2a: Kingambit|Sucker Punch|p1a: Politoed
|-damage|p1a: Politoed|28/100
|-enditem|p1a: Politoed|Sitrus Berry|[eat]
|-heal|p1a: Politoed|53/100|[from] item: Sitrus Berry
|move|p1a: Politoed|Weather Ball|p2a: Kingambit
|-damage|p2a: Kingambit|0 fnt
|faint|p2a: Kingambit
|
|-weather|RainDance|[upkeep]
|upkeep
|
|t:|1784160926
|switch|p2a: Farigiraf|Farigiraf, L50, F|100/100
|turn|8
|
|t:|1784160940
|switch|p1b: Incineroar|Incineroar, L50, F, shiny|92/100
|-ability|p1b: Incineroar|Intimidate|boost
|-unboost|p2a: Farigiraf|atk|1
|-unboost|p2b: Garchomp|atk|1
|move|p2b: Garchomp|Dragon Claw|p1b: Incineroar
|-crit|p1b: Incineroar
|-damage|p1b: Incineroar|28/100
|-damage|p2b: Garchomp|80/100|[from] item: Life Orb
|move|p1a: Politoed|Perish Song|p1a: Politoed
|-start|p1a: Politoed|perish3|[silent]
|-start|p1b: Incineroar|perish3|[silent]
|-start|p2a: Farigiraf|perish3|[silent]
|-start|p2b: Garchomp|perish3|[silent]
|-fieldactivate|move: Perish Song
|move|p2a: Farigiraf|Thunderbolt|p1a: Politoed
|-supereffective|p1a: Politoed|1
|-damage|p1a: Politoed|17/100
|
|-weather|RainDance|[upkeep]
|-start|p2b: Garchomp|perish3
|-start|p1a: Politoed|perish3
|-start|p2a: Farigiraf|perish3
|-start|p1b: Incineroar|perish3
|upkeep
|turn|9
|
|t:|1784160961
|move|p1a: Politoed|Protect|p1a: Politoed
|-singleturn|p1a: Politoed|Protect
|move|p1b: Incineroar|Protect|p1b: Incineroar
|-singleturn|p1b: Incineroar|Protect
|move|p2b: Garchomp|Stomping Tantrum|p1b: Incineroar
|-activate|p1b: Incineroar|move: Protect
|move|p2a: Farigiraf|Thunderbolt|p1a: Politoed
|-activate|p1a: Politoed|move: Protect
|
|-weather|none
|-start|p2b: Garchomp|perish2
|-start|p1a: Politoed|perish2
|-start|p2a: Farigiraf|perish2
|-start|p1b: Incineroar|perish2
|upkeep
|turn|10
|
|t:|1784160982
|switch|p1b: Vivillon|Vivillon-Elegant, L50, M, shiny|1/100
|move|p2b: Garchomp|Dragon Claw|p1b: Vivillon
|-damage|p1b: Vivillon|0 fnt
|faint|p1b: Vivillon
|-damage|p2b: Garchomp|70/100|[from] item: Life Orb
|move|p1a: Politoed|Encore|p2b: Garchomp
|-start|p2b: Garchomp|Encore
|move|p2a: Farigiraf|Thunderbolt|p1a: Politoed
|-supereffective|p1a: Politoed|1
|-damage|p1a: Politoed|0 fnt
|faint|p1a: Politoed
|
|-start|p2b: Garchomp|perish1
|-start|p2a: Farigiraf|perish1
|upkeep
|
|t:|1784160989
|switch|p1b: Incineroar|Incineroar, L50, F, shiny|28/100
|-ability|p1b: Incineroar|Intimidate|boost
|-unboost|p2a: Farigiraf|atk|1
|-unboost|p2b: Garchomp|atk|1
|turn|11
|
|t:|1784161004
|switch|p2b: Charizard|Charizard-Mega-Y, L50, M|86/100
|-weather|SunnyDay|[from] ability: Drought|[of] p2b: Charizard
|move|p2a: Farigiraf|Thunderbolt|p1b: Incineroar
|-damage|p1b: Incineroar|12/100
|-status|p1b: Incineroar|par
|cant|p1b: Incineroar|par
|
|-weather|SunnyDay|[upkeep]
|-start|p2a: Farigiraf|perish0
|upkeep
|faint|p2a: Farigiraf
|
|t:|1784161014
|switch|p2a: Garchomp|Garchomp, L50, F|70/100
|turn|12
|-message|TheLeoj forfeited.
|raw|TheLeoj's rating: 1142 → 1118(-24 for losing)
|raw|balon609's rating: 1159 → 1183(+24 for winning)
|
|win|balon609
