|j|☆Pingasman67
|j|☆Oriozz
|html|Pingasman67Oriozz    
|uhtml|bestof|Game 2 of a best-of-3
|t:|1783483397
|gametype|doubles
|player|p1|Pingasman67|1|1167
|player|p2|Oriozz|2|1108
|gen|9
|tier|[Gen 9 Champions] VGC 2026 Reg M-B (Bo3)
|rated|
|rule|Species Clause: Limit one of each Pokémon
|rule|Item Clause: Limit 1 of each item
|clearpoke
|poke|p1|Ninetales, L50, F|
|poke|p1|Pyroar, L50, F|
|poke|p1|Whimsicott, L50, F|
|poke|p1|Sylveon, L50, F|
|poke|p1|Metagross, L50|
|poke|p1|Garchomp, L50, M|
|poke|p2|Kingambit, L50, F|
|poke|p2|Floette-Eternal, L50, F|
|poke|p2|Sneasler, L50, M|
|poke|p2|Incineroar, L50, F|
|poke|p2|Garchomp, L50, M|
|poke|p2|Sinistcha, L50|
|teampreview|4
|showteam|p1|Ninetales||ChoiceScarf|Drought|WeatherBall,HeatWave,SolarBeam,FakeTears|Modest||F|||50|]Pyroar||Pyroarite|Unnerve|HeatWave,SolarBeam,Overheat,Protect|Timid||F|||50|]Whimsicott||FocusSash|Prankster|Moonblast,SunnyDay,Tailwind,Protect|Timid||F|||50|]Sylveon||FairyFeather|Pixilate|HyperBeam,HyperVoice,QuickAttack,Detect|Modest||F|||50|]Metagross||Metagrossite|ClearBody|IronHead,RockSlide,BodyPress,Protect|Jolly|||||50|]Garchomp||LifeOrb|RoughSkin|StompingTantrum,RockSlide,DragonClaw,Protect|Jolly||M|||50|
|showteam|p2|Kingambit||ChopleBerry|Defiant|KowtowCleave,Protect,SuckerPunch,IronHead|Adamant||F|||50|]Floette-Eternal||Floettite|FlowerVeil|DazzlingGleam,DrainingKiss,Protect,CalmMind|Bold||F|||50|]Sneasler||FocusSash|Unburden|FakeOut,DireClaw,CloseCombat,Coaching|Jolly||M|||50|]Incineroar||Leftovers|Intimidate|FakeOut,FlareBlitz,PartingShot,HelpingHand|Careful||F|||50|]Garchomp||Garchompite|RoughSkin|Earthquake,StompingTantrum,RockSlide,Protect|Adamant||M|||50|]Sinistcha||SitrusBerry|Hospitality|Protect,MatchaGotcha,TrickRoom,RagePowder|Bold|||||50|
|inactive|Battle timer is ON: inactive players will automatically lose when time's up. (requested by Oriozz)
|inactive|Oriozz has 60 seconds left.
|inactive|Oriozz has 30 seconds left.
|inactive|Oriozz has 20 seconds left.
|inactive|Oriozz has 15 seconds left.
|
|t:|1783483475
|teamsize|p1|4
|teamsize|p2|4
|start
|switch|p1a: Whimsicott|Whimsicott, L50, F|100/100
|switch|p1b: Sylveon|Sylveon, L50, F|100/100
|switch|p2a: Sinistcha|Sinistcha, L50|100/100
|switch|p2b: Garchomp|Garchomp, L50, M|100/100
|turn|1
|inactive|Pingasman67 has 30 seconds left.
|inactive|Oriozz has 30 seconds left.
|inactive|Oriozz has 20 seconds left.
|inactive|Oriozz has 15 seconds left.
|inactive|Oriozz has 10 seconds left.
|inactive|Oriozz has 5 seconds left.
|
|t:|1783483525
|switch|p2b: Incineroar|Incineroar, L50, F|100/100
|-ability|p2b: Incineroar|Intimidate|boost
|-unboost|p1a: Whimsicott|atk|1
|-unboost|p1b: Sylveon|atk|1
|move|p1a: Whimsicott|Tailwind|p1a: Whimsicott
|-sidestart|p1: Pingasman67|move: Tailwind
|move|p1b: Sylveon|Hyper Voice|p2b: Incineroar|[spread] p2a,p2b
|-damage|p2a: Sinistcha|52/100
|-damage|p2b: Incineroar|59/100
|move|p2a: Sinistcha|Matcha Gotcha|p1b: Sylveon|[spread] p1a,p1b
|-resisted|p1a: Whimsicott|1
|-damage|p1a: Whimsicott|80/100
|-heal|p2a: Sinistcha|60/100|[from] drain|[of] p1a: Whimsicott
|-damage|p1b: Sylveon|80/100
|-heal|p2a: Sinistcha|70/100|[from] drain|[of] p1b: Sylveon
|-status|p1a: Whimsicott|brn
|
|-heal|p2b: Incineroar|65/100|[from] item: Leftovers
|-damage|p1a: Whimsicott|74/100 brn|[from] brn
|upkeep
|turn|2
|inactive|Oriozz has 30 seconds left.
|
|t:|1783483553
|move|p2b: Incineroar|Fake Out|p1b: Sylveon
|-crit|p1b: Sylveon
|-damage|p1b: Sylveon|58/100
|move|p1a: Whimsicott|Moonblast|p2b: Incineroar
|-damage|p2b: Incineroar|38/100
|cant|p1b: Sylveon|flinch
|move|p2a: Sinistcha|Matcha Gotcha|p1b: Sylveon|[spread] p1a,p1b
|-resisted|p1a: Whimsicott|1
|-damage|p1a: Whimsicott|54/100 brn
|-heal|p2a: Sinistcha|78/100|[from] drain|[of] p1a: Whimsicott
|-damage|p1b: Sylveon|38/100
|-heal|p2a: Sinistcha|88/100|[from] drain|[of] p1b: Sylveon
|
|-heal|p2b: Incineroar|44/100|[from] item: Leftovers
|-damage|p1a: Whimsicott|48/100 brn|[from] brn
|upkeep
|turn|3
|inactive|Oriozz has 30 seconds left.
|inactive|Oriozz has 20 seconds left.
|
|t:|1783483590
|move|p1a: Whimsicott|Moonblast|p2b: Incineroar
|-damage|p2b: Incineroar|19/100
|move|p1b: Sylveon|Hyper Voice|p2b: Incineroar|[spread] p2a,p2b
|-damage|p2a: Sinistcha|38/100
|-damage|p2b: Incineroar|0 fnt
|-enditem|p2a: Sinistcha|Sitrus Berry|[eat]
|-heal|p2a: Sinistcha|62/100|[from] item: Sitrus Berry
|faint|p2b: Incineroar
|move|p2a: Sinistcha|Matcha Gotcha|p1b: Sylveon|[spread] p1a,p1b
|-resisted|p1a: Whimsicott|1
|-damage|p1a: Whimsicott|29/100 brn
|-heal|p2a: Sinistcha|70/100|[from] drain|[of] p1a: Whimsicott
|-damage|p1b: Sylveon|18/100
|-heal|p2a: Sinistcha|80/100|[from] drain|[of] p1b: Sylveon
|
|-damage|p1a: Whimsicott|23/100 brn|[from] brn
|upkeep
|
|t:|1783483608
|switch|p2b: Sneasler|Sneasler, L50, M|100/100
|turn|4
|
|t:|1783483631
|move|p1a: Whimsicott|Protect|p1a: Whimsicott
|-singleturn|p1a: Whimsicott|Protect
|move|p1b: Sylveon|Detect|p1b: Sylveon
|-singleturn|p1b: Sylveon|Protect
|move|p2b: Sneasler|Fake Out|p1b: Sylveon
|-activate|p1b: Sylveon|move: Protect
|move|p2a: Sinistcha|Matcha Gotcha|p1b: Sylveon|[spread] 
|-activate|p1a: Whimsicott|move: Protect
|-activate|p1b: Sylveon|move: Protect
|
|-damage|p1a: Whimsicott|17/100 brn|[from] brn
|-sideend|p1: Pingasman67|move: Tailwind
|upkeep
|turn|5
|inactive|Oriozz has 30 seconds left.
|inactive|Oriozz has 20 seconds left.
|
|t:|1783483668
|move|p1a: Whimsicott|Tailwind|p1a: Whimsicott
|-sidestart|p1: Pingasman67|move: Tailwind
|move|p1b: Sylveon|Hyper Beam|p2a: Sinistcha
|-damage|p2a: Sinistcha|0 fnt
|-mustrecharge|p1b: Sylveon
|faint|p2a: Sinistcha
|move|p2b: Sneasler|Dire Claw|p1b: Sylveon
|-supereffective|p1b: Sylveon|1
|-damage|p1b: Sylveon|0 fnt
|faint|p1b: Sylveon
|
|-damage|p1a: Whimsicott|11/100 brn|[from] brn
|upkeep
|
|t:|1783483683
|switch|p1b: Garchomp|Garchomp, L50, M|100/100
|switch|p2a: Garchomp|Garchomp, L50, M|100/100
|turn|6
|
|t:|1783483703
|move|p2a: Garchomp|Protect|p2a: Garchomp
|-singleturn|p2a: Garchomp|Protect
|move|p1a: Whimsicott|Moonblast|p2b: Sneasler
|-damage|p2b: Sneasler|56/100
|move|p1b: Garchomp|Dragon Claw|p2a: Garchomp
|-activate|p2a: Garchomp|move: Protect
|move|p2b: Sneasler|Coaching|p2a: Garchomp
|-boost|p2a: Garchomp|atk|1
|-boost|p2a: Garchomp|def|1
|
|-damage|p1a: Whimsicott|5/100 brn|[from] brn
|upkeep
|turn|7
|
|t:|1783483727
|detailschange|p2a: Garchomp|Garchomp-Mega, L50, M
|-mega|p2a: Garchomp|Garchomp|Garchompite
|move|p1a: Whimsicott|Moonblast|p2a: Garchomp
|-supereffective|p2a: Garchomp|1
|-damage|p2a: Garchomp|27/100
|move|p1b: Garchomp|Dragon Claw|p2a: Garchomp
|-supereffective|p2a: Garchomp|1
|-damage|p2a: Garchomp|0 fnt
|faint|p2a: Garchomp
|-damage|p1b: Garchomp|90/100|[from] item: Life Orb
|move|p2b: Sneasler|Coaching|p2: Garchomp|[notarget]
|-fail|p2b: Sneasler
|
|-damage|p1a: Whimsicott|0 fnt|[from] brn
|faint|p1a: Whimsicott
|upkeep
|
|t:|1783483738
|switch|p1a: Metagross|Metagross, L50|100/100
|turn|8
|-message|Oriozz forfeited.
|
|win|Pingasman67
||Oriozz is ready for game 3.
||Pingasman67 is ready for game 3.
|uhtml|next|Next: Game 3 of 3
