|j|☆T0123456789
|j|☆hexagonfoot
|html|T0123456789hexagonfoot    
|uhtml|bestof|Game 1 of a best-of-3
|t:|1757095043
|gametype|doubles
|player|p1|T0123456789|dawn|1199
|player|p2|hexagonfoot|caitlin|1163
|gen|9
|tier|[Gen 9] VGC 2025 Reg H (Bo3)
|rated|
|rule|Species Clause: Limit one of each Pokémon
|rule|Item Clause: Limit 1 of each item
|clearpoke
|poke|p1|Torkoal, L50, M|
|poke|p1|Charizard, L50, M|
|poke|p1|Venusaur, L50, M|
|poke|p1|Whimsicott, L50, M|
|poke|p1|Archaludon, L50, M|
|poke|p1|Sneasler, L50, F|
|poke|p2|Kingambit, L50, F|
|poke|p2|Primarina, L50, F|
|poke|p2|Sneasler, L50, M|
|poke|p2|Magmar, L50, M|
|poke|p2|Rillaboom, L50, F|
|poke|p2|Dragapult, L50, M|
|teampreview|4
|showteam|p1|Torkoal||EjectPack|Drought|Protect,HelpingHand,Eruption,Overheat|||M|||50|,,,,,Fire]Charizard||ChoiceSpecs|SolarPower|HeatWave,Flamethrower,AirSlash,TeraBlast|||M|||50|,,,,,Ghost]Venusaur||LifeOrb|Chlorophyll|Protect,SolarBeam,WeatherBall,SludgeBomb|||M|||50|,,,,,Fire]Whimsicott||CovertCloak|Prankster|Moonblast,Tailwind,SunnyDay,Encore|||M|||50|,,,,,Water]Archaludon||PowerHerb|Sturdy|Protect,FlashCannon,DracoMeteor,ElectroShot|||M|||50|,,,,,Ghost]Sneasler||FocusSash|PoisonTouch|Protect,CloseCombat,FakeOut,DireClaw|||F|||50|,,,,,Stellar
|showteam|p2|Kingambit||BlackGlasses|Defiant|KowtowCleave,SuckerPunch,SwordsDance,Protect|||F|||50|,,,,,Ghost]Primarina||SitrusBerry|LiquidVoice|HyperVoice,Moonblast,Haze,Protect|||F|||50|,,,,,Water]Sneasler||FocusSash|PoisonTouch|CloseCombat,DireClaw,FakeOut,Protect|||M|||50|,,,,,Stellar]Magmar||Eviolite|VitalSpirit|Overheat,WillOWisp,FollowMe,Protect|||M|||50|,,,,,Ghost]Rillaboom||AssaultVest|GrassySurge|WoodHammer,GrassyGlide,HighHorsepower,FakeOut|||F|||50|,,,,,Fire]Dragapult||ChoiceBand|ClearBody|DragonDarts,PhantomForce,TeraBlast,Uturn|||M|||50|,,,,,Ghost
|inactive|Battle timer is ON: inactive players will automatically lose when time's up. (requested by T0123456789)
|inactive|hexagonfoot has 60 seconds left.
|
|t:|1757095079
|teamsize|p1|4
|teamsize|p2|4
|start
|switch|p1a: Torkoal|Torkoal, L50, M|100/100
|switch|p1b: Venusaur|Venusaur, L50, M|100/100
|switch|p2a: Canary Wharf|Primarina, L50, F|100/100
|switch|p2b: Headstone Lane|Dragapult, L50, M|100/100
|-weather|SunnyDay|[from] ability: Drought|[of] p1a: Torkoal
|turn|1
|inactive|hexagonfoot has 30 seconds left.
|inactive|hexagonfoot has 20 seconds left.
|inactive|hexagonfoot has 15 seconds left.
|inactive|hexagonfoot has 10 seconds left.
|
|t:|1757095126
|switch|p2a: Syon Lane|Magmar, L50, M|100/100
|move|p1b: Venusaur|Solar Beam||[still]
|-prepare|p1b: Venusaur|Solar Beam
|-anim|p1b: Venusaur|Solar Beam|p2b: Headstone Lane
|-resisted|p2b: Headstone Lane
|-damage|p2b: Headstone Lane|50/100
|-damage|p1b: Venusaur|91/100|[from] item: Life Orb
|move|p2b: Headstone Lane|U-turn|p1b: Venusaur
|-damage|p1b: Venusaur|51/100
|
|t:|1757095135
|switch|p2b: Canary Wharf|Primarina, L50, F|100/100|[from] U-turn
|move|p1a: Torkoal|Overheat|p2a: Syon Lane
|-resisted|p2a: Syon Lane
|-damage|p2a: Syon Lane|67/100
|-unboost|p1a: Torkoal|spa|2
|-enditem|p1a: Torkoal|Eject Pack
|
|t:|1757095151
|switch|p1a: Charizard|Charizard, L50, M|100/100
|
|-weather|SunnyDay|[upkeep]
|-damage|p1a: Charizard|88/100|[from] ability: Solar Power|[of] p1a: Charizard
|upkeep
|turn|2
|
|t:|1757095167
|-terastallize|p1a: Charizard|Ghost
|move|p2a: Syon Lane|Protect|p2a: Syon Lane
|-singleturn|p2a: Syon Lane|Protect
|move|p2b: Canary Wharf|Protect|p2b: Canary Wharf
|-singleturn|p2b: Canary Wharf|Protect
|move|p1b: Venusaur|Sludge Bomb|p2a: Syon Lane
|-activate|p2a: Syon Lane|move: Protect
|move|p1a: Charizard|Heat Wave|p2a: Syon Lane|[spread] 
|-activate|p2a: Syon Lane|move: Protect
|-activate|p2b: Canary Wharf|move: Protect
|
|-weather|SunnyDay|[upkeep]
|-damage|p1a: Charizard|76/100|[from] ability: Solar Power|[of] p1a: Charizard
|upkeep
|turn|3
|
|t:|1757095185
|move|p2a: Syon Lane|Follow Me|p2a: Syon Lane
|-singleturn|p2a: Syon Lane|move: Follow Me
|move|p1b: Venusaur|Sludge Bomb|p2a: Syon Lane
|-crit|p2a: Syon Lane
|-damage|p2a: Syon Lane|3/100
|-damage|p1b: Venusaur|42/100|[from] item: Life Orb
|move|p1a: Charizard|Heat Wave|p2b: Canary Wharf|[spread] p2a,p2b
|-resisted|p2a: Syon Lane
|-resisted|p2b: Canary Wharf
|-damage|p2a: Syon Lane|0 fnt
|-damage|p2b: Canary Wharf|49/100
|-enditem|p2b: Canary Wharf|Sitrus Berry|[eat]
|-heal|p2b: Canary Wharf|74/100|[from] item: Sitrus Berry
|faint|p2a: Syon Lane
|move|p2b: Canary Wharf|Moonblast|p1a: Charizard
|-damage|p1a: Charizard|18/100
|
|-weather|SunnyDay|[upkeep]
|-damage|p1a: Charizard|6/100|[from] ability: Solar Power|[of] p1a: Charizard
|upkeep
|
|t:|1757095202
|switch|p2a: Hampstead Heath|Rillaboom, L50, F|100/100
|-fieldstart|move: Grassy Terrain|[from] ability: Grassy Surge|[of] p2a: Hampstead Heath
|turn|4
|
|t:|1757095214
|-terastallize|p2a: Hampstead Heath|Fire
|move|p2b: Canary Wharf|Protect|p2b: Canary Wharf
|-singleturn|p2b: Canary Wharf|Protect
|move|p2a: Hampstead Heath|Fake Out|p1b: Venusaur
|-crit|p1b: Venusaur
|-damage|p1b: Venusaur|13/100
|cant|p1b: Venusaur|flinch
|move|p1a: Charizard|Heat Wave|p2b: Canary Wharf|[spread] p2a
|-activate|p2b: Canary Wharf|move: Protect
|-resisted|p2a: Hampstead Heath
|-damage|p2a: Hampstead Heath|56/100
|
|-weather|SunnyDay|[upkeep]
|-damage|p1a: Charizard|0 fnt|[from] ability: Solar Power|[of] p1a: Charizard
|faint|p1a: Charizard
|-heal|p1b: Venusaur|19/100|[from] Grassy Terrain
|-heal|p2a: Hampstead Heath|62/100|[from] Grassy Terrain
|-heal|p2b: Canary Wharf|80/100|[from] Grassy Terrain
|upkeep
|
|t:|1757095222
|switch|p1a: Sneasler|Sneasler, L50, F|100/100
|turn|5
|
|t:|1757095239
|switch|p2b: Headstone Lane|Dragapult, L50, M|50/100
|move|p1a: Sneasler|Fake Out|p2a: Hampstead Heath
|-damage|p2a: Hampstead Heath|47/100
|move|p1b: Venusaur|Solar Beam||[still]
|-prepare|p1b: Venusaur|Solar Beam
|-anim|p1b: Venusaur|Solar Beam|p2b: Headstone Lane
|-resisted|p2b: Headstone Lane
|-damage|p2b: Headstone Lane|0 fnt
|faint|p2b: Headstone Lane
|-damage|p1b: Venusaur|9/100|[from] item: Life Orb
|cant|p2a: Hampstead Heath|flinch
|
|-weather|none
|-heal|p1b: Venusaur|15/100|[from] Grassy Terrain
|-heal|p2a: Hampstead Heath|53/100|[from] Grassy Terrain
|upkeep
|
|t:|1757095245
|switch|p2b: Canary Wharf|Primarina, L50, F|80/100
|turn|6
|
|t:|1757095257
|switch|p1a: Torkoal|Torkoal, L50, M|100/100
|-weather|SunnyDay|[from] ability: Drought|[of] p1a: Torkoal
|move|p2b: Canary Wharf|Protect|p2b: Canary Wharf
|-singleturn|p2b: Canary Wharf|Protect
|move|p1b: Venusaur|Sludge Bomb|p2a: Hampstead Heath
|-damage|p2a: Hampstead Heath|9/100
|-status|p2a: Hampstead Heath|psn
|-damage|p1b: Venusaur|6/100|[from] item: Life Orb
|move|p2a: Hampstead Heath|High Horsepower|p1b: Venusaur
|-damage|p1b: Venusaur|0 fnt
|faint|p1b: Venusaur
|
|-weather|SunnyDay|[upkeep]
|-heal|p2a: Hampstead Heath|15/100 psn|[from] Grassy Terrain
|-heal|p2b: Canary Wharf|86/100|[from] Grassy Terrain
|-damage|p2a: Hampstead Heath|3/100 psn|[from] psn
|upkeep
|
|t:|1757095271
|switch|p1b: Sneasler|Sneasler, L50, F|100/100
|turn|7
|
|t:|1757095276
|move|p1b: Sneasler|Fake Out|p2b: Canary Wharf
|-damage|p2b: Canary Wharf|71/100
|move|p2a: Hampstead Heath|Grassy Glide|p1b: Sneasler
|-resisted|p1b: Sneasler
|-damage|p1b: Sneasler|69/100
|cant|p2b: Canary Wharf|flinch
|move|p1a: Torkoal|Eruption|p2b: Canary Wharf|[spread] p2a,p2b
|-resisted|p2a: Hampstead Heath
|-resisted|p2b: Canary Wharf
|-damage|p2a: Hampstead Heath|0 fnt
|-damage|p2b: Canary Wharf|39/100
|faint|p2a: Hampstead Heath
|
|-weather|SunnyDay|[upkeep]
|-heal|p1b: Sneasler|75/100|[from] Grassy Terrain
|-heal|p2b: Canary Wharf|45/100|[from] Grassy Terrain
|upkeep
|turn|8
|-message|hexagonfoot forfeited.
|
|win|T0123456789
||hexagonfoot is ready for game 2.
||T0123456789 is ready for game 2.
|uhtml|next|Next: Game 2 of 3
