|j|☆stromes
|j|☆Ferran Tiburon
|html|stromesFerran Tiburon    
|uhtml|bestof|Game 2 of a best-of-3
|t:|1784653796
|gametype|doubles
|player|p1|stromes|169|1000
|player|p2|Ferran Tiburon|102|1192
|gen|9
|tier|[Gen 9 Champions] VGC 2026 Reg M-B (Bo3)
|rated|
|rule|Species Clause: Limit one of each Pokémon
|rule|Item Clause: Limit 1 of each item
|clearpoke
|poke|p1|Eelektross, L50, F, shiny|
|poke|p1|Rotom-Wash, L50, shiny|
|poke|p1|Garchomp, L50, M|
|poke|p1|Primarina, L50, M|
|poke|p1|Ninetales-Alola, L50, F|
|poke|p1|Ceruledge, L50, M|
|poke|p2|Delphox, L50, M|
|poke|p2|Sneasler, L50, M|
|poke|p2|Incineroar, L50, F|
|poke|p2|Sinistcha, L50|
|poke|p2|Maushold-Four, L50|
|poke|p2|Blastoise, L50, F|
|teampreview|4
|showteam|p1|Eelektross||Eelektrossite|Levitate|DrainPunch,SupercellSlam,RockSlide,Crunch|Adamant||F|||50|]Rotom-Wash||Leftovers|Levitate|VoltSwitch,ConfuseRay,WillOWisp,HydroPump|Modest|||||50|]Garchomp||SitrusBerry|RoughSkin|DragonClaw,Earthquake,SwordsDance,RockSlide|Adamant||M|||50|]Primarina||ChoiceScarf|LiquidVoice|DrainingKiss,HydroPump,HyperVoice,Blizzard|Serious||M|||50|]Ninetales-Alola||IcyRock|SnowWarning|AuroraVeil,DazzlingGleam,FreezeDry,NastyPlot|Serious||F|||50|]Ceruledge||FocusSash|WeakArmor|FlareBlitz,DestinyBond,SwordsDance,NightSlash|Hasty||M|||50|
|showteam|p2|Delphox||Delphoxite|Blaze|HeatWave,Psyshock,NastyPlot,Protect|Timid||M|||50|]Sneasler||FocusSash|PoisonTouch|CloseCombat,PoisonJab,FakeOut,QuickGuard|Jolly||M|||50|]Incineroar||SitrusBerry|Intimidate|FlareBlitz,ThroatChop,FakeOut,PartingShot|Impish||F|||50|]Sinistcha||OccaBerry|Hospitality|MatchaGotcha,RagePowder,LifeDew,Protect|Bold|||||50|]Maushold-Four||ChopleBerry|FriendGuard|FollowMe,Feint,HelpingHand,Protect|Impish|||||50|]Blastoise||Blastoisinite|RainDish|WaterSpout,DarkPulse,ShellSmash,Protect|Modest||F|||50|
|inactive|Battle timer is ON: inactive players will automatically lose when time's up. (requested by Ferran Tiburon)
|inactive|Ferran Tiburon has 60 seconds left.
|
|t:|1784653847
|teamsize|p1|4
|teamsize|p2|4
|start
|switch|p1a: Ninetales|Ninetales-Alola, L50, F|100/100
|switch|p1b: Primarina|Primarina, L50, M|100/100
|switch|p2a: Delphox|Delphox, L50, M|100/100
|switch|p2b: Incineroar|Incineroar, L50, F|100/100
|-weather|Snowscape|[from] ability: Snow Warning|[of] p1a: Ninetales
|-ability|p2b: Incineroar|Intimidate|boost
|-unboost|p1a: Ninetales|atk|1
|-unboost|p1b: Primarina|atk|1
|turn|1
|
|t:|1784653872
|detailschange|p2a: Delphox|Delphox-Mega, L50, M
|-mega|p2a: Delphox|Delphox|Delphoxite
|move|p2b: Incineroar|Fake Out|p1a: Ninetales
|-damage|p1a: Ninetales|93/100
|move|p2a: Delphox|Heat Wave|p1a: Ninetales|[spread] p1a,p1b
|-supereffective|p1a: Ninetales|1
|-resisted|p1b: Primarina|1
|-damage|p1a: Ninetales|16/100
|-damage|p1b: Primarina|80/100
|move|p1b: Primarina|Hydro Pump|p2a: Delphox|[miss]
|-miss|p1b: Primarina|p2a: Delphox
|cant|p1a: Ninetales|flinch
|
|-weather|Snowscape|[upkeep]
|upkeep
|turn|2
|inactive|stromes has 30 seconds left.
|
|t:|1784653897
|move|p2a: Delphox|Heat Wave|p1a: Ninetales|[spread] p1a,p1b
|-supereffective|p1a: Ninetales|1
|-resisted|p1b: Primarina|1
|-damage|p1a: Ninetales|0 fnt
|-damage|p1b: Primarina|60/100
|faint|p1a: Ninetales
|move|p1b: Primarina|Hydro Pump|p2a: Delphox
|-supereffective|p2a: Delphox|1
|-damage|p2a: Delphox|0 fnt
|faint|p2a: Delphox
|move|p2b: Incineroar|Parting Shot|p1b: Primarina
|-unboost|p1b: Primarina|atk|1
|-unboost|p1b: Primarina|spa|1
|
|t:|1784653903
|switch|p2b: Maushold|Maushold-Four, L50|100/100|[from] Parting Shot
|
|-weather|Snowscape|[upkeep]
|upkeep
|
|t:|1784653915
|switch|p2a: Sinistcha|Sinistcha, L50|100/100
|switch|p1a: Ceruledge|Ceruledge, L50, M|100/100
|turn|3
|inactive|stromes has 30 seconds left.
|
|t:|1784653946
|switch|p2b: Incineroar|Incineroar, L50, F|100/100
|-ability|p2b: Incineroar|Intimidate|boost
|-unboost|p1a: Ceruledge|atk|1
|-unboost|p1b: Primarina|atk|1
|move|p2a: Sinistcha|Protect|p2a: Sinistcha
|-singleturn|p2a: Sinistcha|Protect
|move|p1b: Primarina|Hydro Pump|p2b: Incineroar
|-supereffective|p2b: Incineroar|1
|-damage|p2b: Incineroar|21/100
|-enditem|p2b: Incineroar|Sitrus Berry|[eat]
|-heal|p2b: Incineroar|46/100|[from] item: Sitrus Berry
|move|p1a: Ceruledge|Swords Dance|p1a: Ceruledge
|-boost|p1a: Ceruledge|atk|2
|
|-weather|Snowscape|[upkeep]
|upkeep
|turn|4
|
|t:|1784653968
|move|p1b: Primarina|Hydro Pump|p2b: Incineroar
|-supereffective|p2b: Incineroar|1
|-damage|p2b: Incineroar|0 fnt
|faint|p2b: Incineroar
|move|p1a: Ceruledge|Flare Blitz|p2a: Sinistcha
|-supereffective|p2a: Sinistcha|1
|-enditem|p2a: Sinistcha|Occa Berry|[eat]
|-enditem|p2a: Sinistcha|Occa Berry|[weaken]
|-damage|p2a: Sinistcha|26/100
|-damage|p1a: Ceruledge|71/100|[from] Recoil
|move|p2a: Sinistcha|Matcha Gotcha|p1b: Primarina|[spread] p1a,p1b
|-resisted|p1a: Ceruledge|1
|-crit|p1a: Ceruledge
|-supereffective|p1b: Primarina|1
|-damage|p1a: Ceruledge|49/100
|-heal|p2a: Sinistcha|36/100|[from] drain|[of] p1a: Ceruledge
|-damage|p1b: Primarina|8/100
|-heal|p2a: Sinistcha|58/100|[from] drain|[of] p1b: Primarina
|
|-weather|Snowscape|[upkeep]
|upkeep
|
|t:|1784653976
|switch|p2b: Maushold|Maushold-Four, L50|100/100
|turn|5
|inactive|stromes has 30 seconds left.
|inactive|stromes has 20 seconds left.
|inactive|stromes has 15 seconds left.
|inactive|stromes has 10 seconds left.
|
|t:|1784654021
|switch|p1b: Rotom|Rotom-Wash, L50, shiny|100/100
|move|p2b: Maushold|Follow Me|p2b: Maushold
|-singleturn|p2b: Maushold|move: Follow Me
|move|p1a: Ceruledge|Swords Dance|p1a: Ceruledge
|-boost|p1a: Ceruledge|atk|2
|move|p2a: Sinistcha|Matcha Gotcha|p1a: Ceruledge|[spread] p1a,p1b
|-resisted|p1a: Ceruledge|1
|-supereffective|p1b: Rotom|1
|-damage|p1a: Ceruledge|35/100
|-heal|p2a: Sinistcha|65/100|[from] drain|[of] p1a: Ceruledge
|-damage|p1b: Rotom|45/100
|-heal|p2a: Sinistcha|84/100|[from] drain|[of] p1b: Rotom
|-status|p1b: Rotom|brn
|
|-weather|Snowscape|[upkeep]
|-heal|p1b: Rotom|51/100 brn|[from] item: Leftovers
|-damage|p1b: Rotom|45/100 brn|[from] brn
|upkeep
|turn|6
|inactive|stromes has 30 seconds left.
|inactive|Ferran Tiburon has 30 seconds left.
|inactive|stromes has 20 seconds left.
|inactive|stromes has 15 seconds left.
|
|t:|1784654065
|move|p2b: Maushold|Follow Me|p2b: Maushold
|-singleturn|p2b: Maushold|move: Follow Me
|move|p1a: Ceruledge|Night Slash|p2b: Maushold
|-damage|p2b: Maushold|45/100
|move|p1b: Rotom|Hydro Pump|p2b: Maushold|[miss]
|-miss|p1b: Rotom|p2b: Maushold
|move|p2a: Sinistcha|Matcha Gotcha|p1a: Ceruledge|[spread] p1a,p1b
|-resisted|p1a: Ceruledge|1
|-supereffective|p1b: Rotom|1
|-damage|p1a: Ceruledge|22/100
|-heal|p2a: Sinistcha|89/100|[from] drain|[of] p1a: Ceruledge
|-damage|p1b: Rotom|0 fnt
|-heal|p2a: Sinistcha|100/100|[from] drain|[of] p1b: Rotom
|faint|p1b: Rotom
|
|-weather|Snowscape|[upkeep]
|upkeep
|
|t:|1784654082
|switch|p1b: Primarina|Primarina, L50, M|8/100
|turn|7
|
|t:|1784654100
|move|p2b: Maushold|Follow Me|p2b: Maushold
|-singleturn|p2b: Maushold|move: Follow Me
|move|p1b: Primarina|Draining Kiss|p2b: Maushold
|-damage|p2b: Maushold|17/100
|-heal|p1b: Primarina|32/100|[from] drain|[of] p2b: Maushold
|move|p1a: Ceruledge|Destiny Bond|p1a: Ceruledge
|-singlemove|p1a: Ceruledge|Destiny Bond
|move|p2a: Sinistcha|Matcha Gotcha|p1a: Ceruledge|[spread] p1a,p1b
|-resisted|p1a: Ceruledge|1
|-supereffective|p1b: Primarina|1
|-damage|p1a: Ceruledge|8/100
|-damage|p1b: Primarina|0 fnt
|faint|p1b: Primarina
|
|-weather|Snowscape|[upkeep]
|upkeep
|turn|8
|
|t:|1784654119
|move|p2b: Maushold|Follow Me|p2b: Maushold
|-singleturn|p2b: Maushold|move: Follow Me
|move|p1a: Ceruledge|Night Slash|p2b: Maushold
|-damage|p2b: Maushold|0 fnt
|faint|p2b: Maushold
|move|p2a: Sinistcha|Matcha Gotcha|p1a: Ceruledge
|-resisted|p1a: Ceruledge|1
|-damage|p1a: Ceruledge|0 fnt
|faint|p1a: Ceruledge
|
|win|Ferran Tiburon
|raw|stromes's rating: 1000 → 1000(+0 for losing)
|raw|Ferran Tiburon's rating: 1192 → 1204(+12 for winning)
