|j|☆IloveBugs<3
|j|☆ILoveMIR
|html|IloveBugs<3ILoveMIR    
|uhtml|bestof|Game 2 of a best-of-3
|t:|1783634598
|gametype|doubles
|player|p1|IloveBugs<3|shauntal|1377
|player|p2|ILoveMIR|shauntal|1451
|gen|9
|tier|[Gen 9 Champions] VGC 2026 Reg M-B (Bo3)
|rated|
|rule|Species Clause: Limit one of each Pokémon
|rule|Item Clause: Limit 1 of each item
|clearpoke
|poke|p1|Floette-Eternal, L50, F|
|poke|p1|Glimmora, L50, F|
|poke|p1|Farigiraf, L50, M|
|poke|p1|Whimsicott, L50, M|
|poke|p1|Basculegion, L50, M|
|poke|p1|Incineroar, L50, M|
|poke|p2|Blaziken, L50, M|
|poke|p2|Basculegion, L50, M|
|poke|p2|Ninetales-Alola, L50, M|
|poke|p2|Tsareena, L50, F|
|poke|p2|Milotic, L50, M|
|poke|p2|Incineroar, L50, F|
|teampreview|4
|showteam|p1|Floette-Eternal||Floettite|FlowerVeil|Moonblast,DazzlingGleam,CalmMind,Protect|Modest||F|||50|]Glimmora||FocusSash|ToxicDebris|PowerGem,SludgeBomb,EarthPower,SpikyShield|Timid||F|||50|]Farigiraf||ColburBerry|ArmorTail|TwinBeam,Thunderbolt,HelpingHand,TrickRoom|Relaxed||M|||50|]Whimsicott||FairyFeather|Prankster|Moonblast,Encore,Tailwind,Protect|Bold||M|||50|]Basculegion||SitrusBerry|Adaptability|WaveCrash,LastRespects,AquaJet,Protect|Adamant||M|||50|]Incineroar||ChopleBerry|Intimidate|FlareBlitz,ThroatChop,FakeOut,PartingShot|Brave||M|||50|
|showteam|p2|Blaziken||Blazikenite|SpeedBoost|FlareBlitz,CloseCombat,RockSlide,Protect|Adamant||M|||50|]Basculegion||ChoiceScarf|Adaptability|WaveCrash,LastRespects,AquaJet,FlipTurn|Jolly||M|||50|]Ninetales-Alola||NeverMeltIce|SnowWarning|Blizzard,FreezeDry,Encore,Protect|Timid||M|||50|]Tsareena||WideLens|QueenlyMajesty|PowerWhip,TripleAxel,LowKick,Protect|Adamant||F|||50|]Milotic||ExpertBelt|Competitive|Scald,IceBeam,Recover,Protect|Modest||M|||50|]Incineroar||SitrusBerry|Intimidate|FakeOut,ThroatChop,FlareBlitz,PartingShot|Impish||F|||50|
|inactive|Battle timer is ON: inactive players will automatically lose when time's up. (requested by ILoveMIR)
|inactive|IloveBugs<3 has 60 seconds left.
|inactive|ILoveMIR has 60 seconds left.
|
|t:|1783634638
|teamsize|p1|4
|teamsize|p2|4
|start
|switch|p1a: Whimsicott|Whimsicott, L50, M|100/100
|switch|p1b: Floette|Floette-Eternal, L50, F|100/100
|switch|p2a: Tsareena|Tsareena, L50, F|100/100
|switch|p2b: Basculegion|Basculegion, L50, M|100/100
|turn|1
|inactive|ILoveMIR has 30 seconds left.
|
|t:|1783634663
|detailschange|p1b: Floette|Floette-Mega, L50, F
|-mega|p1b: Floette|Floette|Floettite
|-ability|p1b: Floette|Fairy Aura
|move|p1a: Whimsicott|Protect|p1a: Whimsicott
|-singleturn|p1a: Whimsicott|Protect
|move|p2b: Basculegion|Wave Crash|p1b: Floette
|-damage|p1b: Floette|32/100
|-damage|p2b: Basculegion|79/100|[from] Recoil
|move|p1b: Floette|Calm Mind|p1b: Floette
|-boost|p1b: Floette|spa|1
|-boost|p1b: Floette|spd|1
|move|p2a: Tsareena|Triple Axel|p1a: Whimsicott
|-activate|p1a: Whimsicott|move: Protect
|
|upkeep
|turn|2
|
|t:|1783634686
|move|p1a: Whimsicott|Tailwind|p1a: Whimsicott
|-sidestart|p1: IloveBugs<3|move: Tailwind
|move|p1b: Floette|Moonblast|p2b: Basculegion
|-damage|p2b: Basculegion|0 fnt
|faint|p2b: Basculegion
|move|p2a: Tsareena|Power Whip|p1b: Floette
|-damage|p1b: Floette|0 fnt
|faint|p1b: Floette
|
|upkeep
|
|t:|1783634695
|switch|p2b: Milotic|Milotic, L50, M|100/100
|switch|p1b: Glimmora|Glimmora, L50, F|100/100
|turn|3
|
|t:|1783634705
|move|p2a: Tsareena|Protect|p2a: Tsareena
|-singleturn|p2a: Tsareena|Protect
|move|p1b: Glimmora|Sludge Bomb|p2b: Milotic
|-damage|p2b: Milotic|65/100
|move|p1a: Whimsicott|Moonblast|p2b: Milotic
|-damage|p2b: Milotic|37/100
|move|p2b: Milotic|Scald|p1b: Glimmora
|-supereffective|p1b: Glimmora|1
|-enditem|p1b: Glimmora|Focus Sash
|-damage|p1b: Glimmora|1/100
|-status|p1b: Glimmora|brn
|
|-damage|p1b: Glimmora|0 fnt|[from] brn
|faint|p1b: Glimmora
|upkeep
|
|t:|1783634715
|switch|p1b: Farigiraf|Farigiraf, L50, M|100/100
|turn|4
|
|t:|1783634724
|move|p1a: Whimsicott|Moonblast|p2a: Tsareena
|-damage|p2a: Tsareena|59/100
|move|p1b: Farigiraf|Thunderbolt|p2b: Milotic
|-supereffective|p2b: Milotic|1
|-damage|p2b: Milotic|1/100
|move|p2a: Tsareena|Power Whip|p1b: Farigiraf|[miss]
|-miss|p2a: Tsareena|p1b: Farigiraf
|move|p2b: Milotic|Scald|p1b: Farigiraf
|-damage|p1b: Farigiraf|65/100
|
|upkeep
|turn|5
|
|t:|1783634738
|move|p2a: Tsareena|Protect|p2a: Tsareena
|-singleturn|p2a: Tsareena|Protect
|move|p1a: Whimsicott|Moonblast|p2a: Tsareena
|-activate|p2a: Tsareena|move: Protect
|move|p1b: Farigiraf|Twin Beam|p2a: Tsareena
|-activate|p2a: Tsareena|move: Protect
|move|p2b: Milotic|Scald|p1b: Farigiraf
|-damage|p1b: Farigiraf|33/100
|-status|p1b: Farigiraf|brn
|
|-damage|p1b: Farigiraf|27/100 brn|[from] brn
|-sideend|p1: IloveBugs<3|move: Tailwind
|upkeep
|turn|6
|
|t:|1783634747
|move|p1a: Whimsicott|Moonblast|p2a: Tsareena
|-damage|p2a: Tsareena|16/100
|move|p2b: Milotic|Ice Beam|p1a: Whimsicott
|-supereffective|p1a: Whimsicott|1
|-damage|p1a: Whimsicott|7/100
|move|p2a: Tsareena|Power Whip|p1b: Farigiraf
|-damage|p1b: Farigiraf|0 fnt
|faint|p1b: Farigiraf
|
|upkeep
|turn|7
|
|t:|1783634754
|move|p1a: Whimsicott|Moonblast|p2a: Tsareena
|-damage|p2a: Tsareena|0 fnt
|faint|p2a: Tsareena
|move|p2b: Milotic|Ice Beam|p1a: Whimsicott
|-supereffective|p1a: Whimsicott|1
|-damage|p1a: Whimsicott|0 fnt
|faint|p1a: Whimsicott
|
|win|ILoveMIR
