|j|☆SiniVGC
|j|☆Roncolaenjoyer
|html|SiniVGCRoncolaenjoyer    
|uhtml|bestof|Game 3 of a best-of-3
|t:|1783896456
|gametype|doubles
|player|p1|SiniVGC|riley|1220
|player|p2|Roncolaenjoyer|nate|1430
|gen|9
|tier|[Gen 9 Champions] VGC 2026 Reg M-B (Bo3)
|rated|
|rule|Species Clause: Limit one of each Pokémon
|rule|Item Clause: Limit 1 of each item
|clearpoke
|poke|p1|Metagross, L50|
|poke|p1|Garchomp, L50, M|
|poke|p1|Whimsicott, L50, F, shiny|
|poke|p1|Typhlosion-Hisui, L50, M|
|poke|p1|Kingambit, L50, F|
|poke|p1|Staraptor, L50, F|
|poke|p2|Charizard, L50, F|
|poke|p2|Sylveon, L50, F|
|poke|p2|Farigiraf, L50, F|
|poke|p2|Aerodactyl, L50, M|
|poke|p2|Kingambit, L50, F|
|poke|p2|Garchomp, L50, F|
|teampreview|4
|showteam|p1|Metagross||Metagrossite|ClearBody|HardPress,PsychicFangs,StompingTantrum,Protect|Jolly|||||50|]Garchomp||LifeOrb|RoughSkin|Earthquake,RockSlide,DragonClaw,Protect|Jolly||M|||50|]Whimsicott||FocusSash|Prankster|Moonblast,Encore,Tailwind,SunnyDay|Timid||F|||50|]Typhlosion-Hisui||ChoiceScarf|Frisk|Eruption,HeatWave,BurnUp,ShadowBall|Modest||M|||50|]Kingambit||BlackGlasses|Defiant|KowtowCleave,SuckerPunch,LowKick,Protect|Adamant||F|||50|]Staraptor||Staraptite|Intimidate|CloseCombat,BraveBird,Roost,Protect|Jolly||F|||50|
|showteam|p2|Charizard||CharizarditeY|SolarPower|Protect,WeatherBall,SolarBeam,HeatWave|Modest||F|||50|]Sylveon||FairyFeather|Pixilate|Detect,HyperVoice,QuickAttack,HyperBeam|Modest||F|||50|]Farigiraf||SitrusBerry|ArmorTail|Thunderbolt,TwinBeam,Roar,TrickRoom|Bold||F|||50|]Aerodactyl||Aerodactylite|Unnerve|RockSlide,DualWingbeat,IceFang,Tailwind|Jolly||M|||50|]Kingambit||FocusSash|Defiant|KowtowCleave,SuckerPunch,IronHead,LowKick|Adamant||F|||50|]Garchomp||LifeOrb|RoughSkin|Earthquake,StompingTantrum,DragonClaw,Protect|Jolly||F|||50|
|inactive|Battle timer is ON: inactive players will automatically lose when time's up. (requested by Roncolaenjoyer)
|j| lowjee
|inactive|SiniVGC has 60 seconds left.
|
|t:|1783896501
|teamsize|p1|4
|teamsize|p2|4
|start
|switch|p1a: Staraptor|Staraptor, L50, F|100/100
|switch|p1b: Whimsicott|Whimsicott, L50, F, shiny|100/100
|switch|p2a: Charizard|Charizard, L50, F|100/100
|switch|p2b: Sylveon|Sylveon, L50, F|100/100
|-ability|p1a: Staraptor|Intimidate|boost
|-unboost|p2a: Charizard|atk|1
|-unboost|p2b: Sylveon|atk|1
|turn|1
|inactive|SiniVGC has 30 seconds left.
|inactive|SiniVGC has 20 seconds left.
|inactive|SiniVGC has 15 seconds left.
|
|t:|1783896543
|switch|p1b: Typhlosion|Typhlosion-Hisui, L50, M|100/100
|-item|p2a: Charizard|Charizardite Y|[from] ability: Frisk|[of] p1b: Typhlosion
|-item|p2b: Sylveon|Fairy Feather|[from] ability: Frisk|[of] p1b: Typhlosion
|detailschange|p2a: Charizard|Charizard-Mega-Y, L50, F
|-mega|p2a: Charizard|Charizard|Charizardite Y
|-weather|SunnyDay|[from] ability: Drought|[of] p2a: Charizard
|move|p1a: Staraptor|Brave Bird|p2b: Sylveon
|-damage|p2b: Sylveon|48/100
|-damage|p1a: Staraptor|84/100|[from] Recoil
|move|p2a: Charizard|Heat Wave|p1b: Typhlosion|[spread] p1a,p1b
|-resisted|p1b: Typhlosion|1
|-damage|p1a: Staraptor|3/100
|-damage|p1b: Typhlosion|62/100
|move|p2b: Sylveon|Hyper Voice|p1a: Staraptor|[spread] p1a,p1b
|-resisted|p1b: Typhlosion|1
|-damage|p1a: Staraptor|0 fnt
|-damage|p1b: Typhlosion|30/100
|faint|p1a: Staraptor
|
|-weather|SunnyDay|[upkeep]
|upkeep
|
|t:|1783896559
|switch|p1a: Garchomp|Garchomp, L50, M|100/100
|turn|2
|
|t:|1783896575
|move|p2a: Charizard|Protect|p2a: Charizard
|-singleturn|p2a: Charizard|Protect
|move|p2b: Sylveon|Quick Attack|p1a: Garchomp
|-supereffective|p1a: Garchomp|1
|-damage|p1a: Garchomp|79/100
|-damage|p2b: Sylveon|36/100|[from] ability: Rough Skin|[of] p1a: Garchomp
|move|p1b: Typhlosion|Heat Wave|p2b: Sylveon|[spread] p2b
|-activate|p2a: Charizard|move: Protect
|-damage|p2b: Sylveon|0 fnt
|faint|p2b: Sylveon
|move|p1a: Garchomp|Rock Slide|p2a: Charizard
|-activate|p2a: Charizard|move: Protect
|
|-weather|SunnyDay|[upkeep]
|upkeep
|
|t:|1783896585
|switch|p2b: Farigiraf|Farigiraf, L50, F|100/100
|turn|3
|
|t:|1783896594
|move|p1b: Typhlosion|Heat Wave|p2b: Farigiraf|[spread] p2a,p2b
|-resisted|p2a: Charizard|1
|-damage|p2a: Charizard|74/100
|-damage|p2b: Farigiraf|46/100
|-enditem|p2b: Farigiraf|Sitrus Berry|[eat]
|-heal|p2b: Farigiraf|71/100|[from] item: Sitrus Berry
|move|p1a: Garchomp|Rock Slide|p2b: Farigiraf|[spread] p2a,p2b
|-supereffective|p2a: Charizard|2
|-damage|p2a: Charizard|0 fnt
|-damage|p2b: Farigiraf|53/100
|faint|p2a: Charizard
|-damage|p1a: Garchomp|69/100|[from] item: Life Orb
|move|p2b: Farigiraf|Trick Room|p2b: Farigiraf
|-fieldstart|move: Trick Room|[of] p2b: Farigiraf
|
|-weather|SunnyDay|[upkeep]
|upkeep
|
|t:|1783896606
|switch|p2a: Kingambit|Kingambit, L50, F|100/100
|turn|4
|
|t:|1783896625
|move|p2b: Farigiraf|Twin Beam|p1a: Garchomp
|-damage|p1a: Garchomp|52/100
|-damage|p1a: Garchomp|35/100
|-hitcount|p1a: Garchomp|2
|move|p2a: Kingambit|Kowtow Cleave|p1b: Typhlosion
|-supereffective|p1b: Typhlosion|1
|-damage|p1b: Typhlosion|0 fnt
|faint|p1b: Typhlosion
|move|p1a: Garchomp|Earthquake|p2b: Farigiraf|[spread] p2a,p2b
|-supereffective|p2a: Kingambit|1
|-damage|p2a: Kingambit|7/100
|-damage|p2b: Farigiraf|12/100
|-damage|p1a: Garchomp|25/100|[from] item: Life Orb
|
|-weather|SunnyDay|[upkeep]
|upkeep
|
|t:|1783896636
|switch|p1b: Whimsicott|Whimsicott, L50, F, shiny|100/100
|turn|5
|inactive|Roncolaenjoyer has 30 seconds left.
|inactive|Roncolaenjoyer has 20 seconds left.
|inactive|Roncolaenjoyer has 15 seconds left.
|inactive|Roncolaenjoyer has 10 seconds left.
|
|t:|1783896686
|move|p1a: Garchomp|Protect|p1a: Garchomp
|-singleturn|p1a: Garchomp|Protect
|move|p2b: Farigiraf|Twin Beam|p1b: Whimsicott
|-damage|p1b: Whimsicott|75/100
|-damage|p1b: Whimsicott|48/100
|-hitcount|p1b: Whimsicott|2
|move|p2a: Kingambit|Iron Head|p1b: Whimsicott
|-supereffective|p1b: Whimsicott|1
|-damage|p1b: Whimsicott|0 fnt
|faint|p1b: Whimsicott
|
|-weather|none
|upkeep
|turn|6
|-message|SiniVGC forfeited.
|
|win|Roncolaenjoyer
|raw|SiniVGC's rating: 1220 → 1209(-11 for losing)
|raw|Roncolaenjoyer's rating: 1430 → 1439(+9 for winning)
