|j|Ōśåqueenghidorah12
|j|ŌśåCARTAXINHO1996
|html|queenghidorah12CARTAXINHO1996    
|uhtml|bestof|Game 1 of a best-of-3
|t:|1782206385
|gametype|doubles
|player|p1|queenghidorah12|2|1141
|player|p2|CARTAXINHO1996|giovanni|1104
|gen|9
|tier|[Gen 9 Champions] VGC 2026 Reg M-B (Bo3)
|rated|
|rule|Species Clause: Limit one of each Pok├®mon
|rule|Item Clause: Limit 1 of each item
|clearpoke
|poke|p1|Swampert, L50, M|
|poke|p1|Pelipper, L50, M|
|poke|p1|Basculegion, L50, M|
|poke|p1|Sylveon, L50, F|
|poke|p1|Sinistcha, L50|
|poke|p1|Kingambit, L50, M|
|poke|p2|Samurott-Hisui, L50, M|
|poke|p2|Farigiraf, L50, F|
|poke|p2|Sinistcha-Masterpiece, L50|
|poke|p2|Incineroar, L50, F|
|poke|p2|Metagross, L50|
|poke|p2|Politoed, L50, M|
|teampreview|4
|showteam|p1|Swampert||Swampertite|Damp|WaveCrash,Earthquake,IcePunch,Protect|Adamant||M|||50|]Pelipper||FocusSash|Drizzle|Hurricane,WeatherBall,Tailwind,WideGuard|Timid||M|||50|]Basculegion||MysticWater|Adaptability|WaveCrash,LastRespects,AquaJet,Protect|Adamant||M|||50|]Sylveon||FairyFeather|Pixilate|HyperBeam,HyperVoice,Moonblast,Protect|Modest||F|||50|]Sinistcha||SitrusBerry|Hospitality|RagePowder,MatchaGotcha,LifeDew,Protect|Bold|||||50|]Kingambit||ChopleBerry|Defiant|SuckerPunch,IronHead,KowtowCleave,Protect|Adamant||M|||50|
|showteam|p2|Samurott-Hisui||FocusSash|Sharpness|CeaselessEdge,SuckerPunch,SacredSword,AquaCutter|Adamant||M|||50|]Farigiraf||SitrusBerry|ArmorTail|NastyPlot,HyperVoice,Psychic,TrickRoom|Modest||F|||50|]Sinistcha-Masterpiece||OccaBerry|Heatproof|StrengthSap,MatchaGotcha,TrickRoom,RagePowder|Modest|||||50|]Incineroar||LifeOrb|Intimidate|CloseCombat,FakeOut,FlareBlitz,DarkestLariat|Adamant||F|||50|]Metagross||Metagrossite|ClearBody|Protect,MeteorMash,PsychicFangs,IcePunch|Adamant|||||50|]Politoed||MysticWater|Drizzle|MuddyWater,EarthPower,Protect,IceBeam|Modest||M|||50|
|
|t:|1782206417
|teamsize|p1|4
|teamsize|p2|4
|start
|switch|p1a: Swampert|Swampert, L50, M|100/100
|switch|p1b: Pelipper|Pelipper, L50, M|100/100
|switch|p2a: Sinistcha|Sinistcha-Masterpiece, L50|100/100
|switch|p2b: Samurott|Samurott-Hisui, L50, M|100/100
|-weather|RainDance|[from] ability: Drizzle|[of] p1b: Pelipper
|turn|1
|
|t:|1782206441
|switch|p2a: Politoed|Politoed, L50, M|100/100
|detailschange|p1a: Swampert|Swampert-Mega, L50, M
|-mega|p1a: Swampert|Swampert|Swampertite
|move|p1a: Swampert|Ice Punch|p2a: Politoed
|-resisted|p2a: Politoed|1
|-damage|p2a: Politoed|81/100
|move|p1b: Pelipper|Hurricane|p2a: Politoed
|-damage|p2a: Politoed|37/100
|move|p2b: Samurott|Ceaseless Edge|p1a: Swampert
|-damage|p1a: Swampert|54/100
|-sidestart|p1: queenghidorah12|Spikes
|
|-weather|RainDance|[upkeep]
|upkeep
|turn|2
|
|t:|1782206461
|move|p1a: Swampert|Earthquake|p2b: Samurott|[spread] p2a,p2b
|-immune|p1b: Pelipper
|-damage|p2a: Politoed|0 fnt
|-damage|p2b: Samurott|42/100
|faint|p2a: Politoed
|move|p1b: Pelipper|Tailwind|p1b: Pelipper
|-sidestart|p1: queenghidorah12|move: Tailwind
|move|p2b: Samurott|Ceaseless Edge|p1b: Pelipper
|-damage|p1b: Pelipper|34/100
|-sidestart|p1: queenghidorah12|Spikes
|
|-weather|RainDance|[upkeep]
|upkeep
|
|t:|1782206472
|switch|p2a: Sinistcha|Sinistcha-Masterpiece, L50|100/100
|turn|3
|
|t:|1782206484
|move|p2b: Samurott|Sucker Punch|p1b: Pelipper
|-damage|p1b: Pelipper|0 fnt
|faint|p1b: Pelipper
|move|p1a: Swampert|Earthquake|p2b: Samurott|[spread] p2a,p2b
|-resisted|p2a: Sinistcha|1
|-damage|p2a: Sinistcha|77/100
|-damage|p2b: Samurott|0 fnt
|faint|p2b: Samurott
|move|p2a: Sinistcha|Matcha Gotcha|p1a: Swampert
|-supereffective|p1a: Swampert|2
|-damage|p1a: Swampert|0 fnt
|-heal|p2a: Sinistcha|100/100|[from] drain|[of] p1a: Swampert
|faint|p1a: Swampert
|
|-weather|RainDance|[upkeep]
|upkeep
|
|t:|1782206493
|switch|p1b: Sinistcha|Sinistcha, L50|100/100
|switch|p1a: Sylveon|Sylveon, L50, F|100/100
|switch|p2b: Metagross|Metagross, L50|100/100
|-damage|p1a: Sylveon|83/100|[from] Spikes
|-damage|p1b: Sinistcha|83/100|[from] Spikes
|-heal|p1a: Sylveon|100/100|[from] ability: Hospitality|[of] p1b: Sinistcha
|turn|4
|
|t:|1782206507
|detailschange|p2b: Metagross|Metagross-Mega, L50
|-mega|p2b: Metagross|Metagross|Metagrossite
|move|p1a: Sylveon|Hyper Voice|p2a: Sinistcha|[spread] p2a,p2b
|-resisted|p2b: Metagross|1
|-damage|p2a: Sinistcha|55/100
|-damage|p2b: Metagross|81/100
|move|p1b: Sinistcha|Matcha Gotcha|p2b: Metagross|[spread] p2a,p2b
|-resisted|p2a: Sinistcha|1
|-resisted|p2b: Metagross|1
|-damage|p2a: Sinistcha|42/100
|-heal|p1b: Sinistcha|91/100|[from] drain|[of] p2a: Sinistcha
|-damage|p2b: Metagross|70/100
|-heal|p1b: Sinistcha|98/100|[from] drain|[of] p2b: Metagross
|-status|p2b: Metagross|brn
|move|p2b: Metagross|Meteor Mash|p1a: Sylveon
|-supereffective|p1a: Sylveon|1
|-damage|p1a: Sylveon|15/100
|move|p2a: Sinistcha|Matcha Gotcha|p1a: Sylveon|[spread] p1b
|-miss|p2a: Sinistcha|p1a: Sylveon
|-resisted|p1b: Sinistcha|1
|-damage|p1b: Sinistcha|82/100
|-heal|p2a: Sinistcha|48/100|[from] drain|[of] p1b: Sinistcha
|
|-weather|RainDance|[upkeep]
|-damage|p2b: Metagross|64/100 brn|[from] brn
|upkeep
|turn|5
|c|ŌśåCARTAXINHO1996|no comments on the lucj no comments
|
|t:|1782206536
|move|p2b: Metagross|Protect|p2b: Metagross
|-singleturn|p2b: Metagross|Protect
|move|p1a: Sylveon|Hyper Voice|p2a: Sinistcha|[spread] p2a
|-activate|p2b: Metagross|move: Protect
|-damage|p2a: Sinistcha|2/100
|move|p1b: Sinistcha|Life Dew|p1b: Sinistcha|[spread] p1a,p1b
|-heal|p1a: Sylveon|40/100
|-heal|p1b: Sinistcha|100/100
|move|p2a: Sinistcha|Matcha Gotcha|p1a: Sylveon|[spread] p1a
|-miss|p2a: Sinistcha|p1b: Sinistcha
|-damage|p1a: Sylveon|20/100y
|-heal|p2a: Sinistcha|13/100|[from] drain|[of] p1a: Sylveon
|
|-weather|none
|-damage|p2b: Metagross|58/100 brn|[from] brn
|-sideend|p1: queenghidorah12|move: Tailwind
|upkeep
|turn|6
|
|t:|1782206569
|move|p1a: Sylveon|Protect|p1a: Sylveon
|-singleturn|p1a: Sylveon|Protect
|move|p2b: Metagross|Ice Punch|p1b: Sinistcha
|-supereffective|p1b: Sinistcha|1
|-damage|p1b: Sinistcha|67/100
|move|p1b: Sinistcha|Matcha Gotcha|p2a: Sinistcha|[spread] p2a,p2b
|-resisted|p2a: Sinistcha|1
|-resisted|p2b: Metagross|1
|-damage|p2a: Sinistcha|1/100
|-heal|p1b: Sinistcha|74/100|[from] drain|[of] p2a: Sinistcha
|-damage|p2b: Metagross|48/100 brn
|-heal|p1b: Sinistcha|80/100|[from] drain|[of] p2b: Metagross
|move|p2a: Sinistcha|Matcha Gotcha|p1b: Sinistcha|[spread] p1b
|-activate|p1a: Sylveon|move: Protect
|-resisted|p1b: Sinistcha|1
|-damage|p1b: Sinistcha|64/100
|-heal|p2a: Sinistcha|7/100|[from] drain|[of] p1b: Sinistcha
|
|-damage|p2b: Metagross|42/100 brn|[from] brn
|upkeep
|turn|7
|c|ŌśåCARTAXINHO1996|you got a burn exactly on the pokemon you needed
|c|ŌśåCARTAXINHO1996|full of luck
|
|t:|1782206592
|move|p1b: Sinistcha|Rage Powder|p1b: Sinistcha
|-singleturn|p1b: Sinistcha|move: Rage Powder
|move|p2b: Metagross|Meteor Mash|p1b: Sinistcha
|-damage|p1b: Sinistcha|33/100
|-enditem|p1b: Sinistcha|Sitrus Berry|[eat]
|-heal|p1b: Sinistcha|58/100|[from] item: Sitrus Berry
|move|p1a: Sylveon|Hyper Voice|p2b: Metagross|[spread] p2a,p2b
|-resisted|p2b: Metagross|1
|-damage|p2a: Sinistcha|0 fnt
|-damage|p2b: Metagross|24/100 brn
|faint|p2a: Sinistcha
|
|-damage|p2b: Metagross|18/100 brn|[from] brn
|upkeep
|turn|8
|
|t:|1782206605
|move|p1a: Sylveon|Protect|p1a: Sylveon
|-singleturn|p1a: Sylveon|Protect
|move|p2b: Metagross|Psychic Fangs|p1b: Sinistcha
|-damage|p1b: Sinistcha|30/100
|move|p1b: Sinistcha|Life Dew|p1b: Sinistcha|[spread] p1a,p1b
|-heal|p1a: Sylveon|45/100
|-heal|p1b: Sinistcha|56/100
|
|-damage|p2b: Metagross|12/100 brn|[from] brn
|upkeep
|turn|9
|c|ŌśåCARTAXINHO1996|luck after luck
|
|t:|1782206618
|move|p1b: Sinistcha|Rage Powder|p1b: Sinistcha
|-singleturn|p1b: Sinistcha|move: Rage Powder
|move|p2b: Metagross|Meteor Mash|p1b: Sinistcha
|-damage|p1b: Sinistcha|23/100
|-boost|p2b: Metagross|atk|1
|move|p1a: Sylveon|Hyper Beam|p2b: Metagross
|-resisted|p2b: Metagross|1
|-damage|p2b: Metagross|0 fnt
|-mustrecharge|p1a: Sylveon
|faint|p2b: Metagross
|
|win|queenghidorah12
|c|ŌśåCARTAXINHO1996|go wipe your a** you smell like sh*t
|l|ŌśåCARTAXINHO1996
|player|p2|
|raw|queenghidorah12's rating: 1141 → 1163(+22 for winning)
|raw|CARTAXINHO1996's rating: 1104 → 1082(-22 for losing)
