|j|☆SexyGolbat
|j|☆psyaiiyaii
|html|SexyGolbatpsyaiiyaii    
|uhtml|bestof|Game 1 of a best-of-3
|t:|1785977202
|gametype|doubles
|player|p1|SexyGolbat|101|
|player|p2|psyaiiyaii|265|
|gen|9
|tier|[Gen 9 Champions] VGC 2026 Reg M-B (Bo3)
|rule|Species Clause: Limit one of each Pokémon
|rule|Item Clause: Limit 1 of each item
|clearpoke
|poke|p1|Tyranitar, L50, F|
|poke|p1|Hippowdon, L50, M|
|poke|p1|Sandaconda, L50, F, shiny|
|poke|p1|Cofagrigus, L50, F|
|poke|p1|Sharpedo, L50, F|
|poke|p1|Houndoom, L50, M|
|poke|p2|Skarmory, L50, M|
|poke|p2|Garchomp, L50, M|
|poke|p2|Arcanine, L50, F|
|poke|p2|Milotic, L50, F|
|poke|p2|Weavile, L50, F|
|poke|p2|Gallade, L50, M|
|teampreview|4
|showteam|p1|Tyranitar||FocusSash|SandStream|ThunderPunch,Crunch,Protect,StompingTantrum|Adamant||F|||50|]Hippowdon||SitrusBerry|SandStream|Dig,Sandstorm,Earthquake,HeavySlam|Impish||M|||50|]Sandaconda||BrightPowder|SandVeil|Coil,Minimize,BodyPress,IronHead|Careful||F|||50|]Cofagrigus||MentalHerb|Mummy|DestinyBond,TrickRoom,Substitute,ConfuseRay|Sassy||F|||50|]Sharpedo||Leftovers|SpeedBoost|IceFang,AquaJet,CloseCombat,Dive|Jolly||F|||50|]Houndoom||Houndoominite|Unnerve|PsychicFangs,SolarBeam,SuckerPunch,IronTail|Bold||M|||50|
|showteam|p2|Skarmory||MetalCoat|Sturdy|Tailwind,BraveBird,Roost,IronHead|Impish||M|||50|]Garchomp||LumBerry|RoughSkin|StompingTantrum,RockSlide,DragonClaw,Protect|Jolly||M|||50|]Arcanine||SitrusBerry|Intimidate|FlareBlitz,WillOWisp,Snarl,Protect|Impish||F|||50|]Milotic||Leftovers|Competitive|Scald,IceBeam,IcyWind,Protect|Bold||F|||50|]Weavile||FocusSash|Pressure|FakeOut,Protect,TripleAxel,IceShard|Jolly||F|||50|]Gallade||KasibBerry|Sharpness|SacredSword,PsychoCut,KnockOff,WideGuard|Jolly||M|||50|
|j| ChadVonDoom
|j| James K Polk
|
|t:|1785977333
|teamsize|p1|4
|teamsize|p2|4
|start
|switch|p1a: Tyranitar|Tyranitar, L50, F|100/100
|switch|p1b: Sandaconda|Sandaconda, L50, F, shiny|100/100
|switch|p2a: Meta Ridley|Skarmory, L50, M|100/100
|switch|p2b: Wiggles|Milotic, L50, F|100/100
|-weather|Sandstorm|[from] ability: Sand Stream|[of] p1a: Tyranitar
|turn|1
|
|t:|1785977378
|move|p2b: Wiggles|Scald|p1a: Tyranitar
|-supereffective|p1a: Tyranitar|1
|-crit|p1a: Tyranitar
|-damage|p1a: Tyranitar|51/100
|move|p1a: Tyranitar|Thunder Punch|p2b: Wiggles
|-supereffective|p2b: Wiggles|1
|-damage|p2b: Wiggles|55/100
|move|p1b: Sandaconda|Minimize|p1b: Sandaconda
|-boost|p1b: Sandaconda|evasion|2
|move|p2a: Meta Ridley|Tailwind|p2a: Meta Ridley
|-sidestart|p2: psyaiiyaii|move: Tailwind
|
|-weather|Sandstorm|[upkeep]
|-damage|p2b: Wiggles|49/100|[from] Sandstorm
|-heal|p2b: Wiggles|55/100|[from] item: Leftovers
|upkeep
|turn|2
|
|t:|1785977410
|move|p2b: Wiggles|Protect|p2b: Wiggles
|-singleturn|p2b: Wiggles|Protect
|move|p1a: Tyranitar|Protect|p1a: Tyranitar
|-singleturn|p1a: Tyranitar|Protect
|move|p2a: Meta Ridley|Brave Bird|p1a: Tyranitar
|-activate|p1a: Tyranitar|move: Protect
|move|p1b: Sandaconda|Minimize|p1b: Sandaconda
|-boost|p1b: Sandaconda|evasion|2
|
|-weather|Sandstorm|[upkeep]
|-damage|p2b: Wiggles|49/100|[from] Sandstorm
|-heal|p2b: Wiggles|55/100|[from] item: Leftovers
|upkeep
|turn|3
|
|t:|1785977464
|move|p2b: Wiggles|Scald|p1a: Tyranitar
|-supereffective|p1a: Tyranitar|1
|-damage|p1a: Tyranitar|15/100
|-status|p1a: Tyranitar|brn
|move|p2a: Meta Ridley|Iron Head|p1b: Sandaconda|[miss]
|-miss|p2a: Meta Ridley|p1b: Sandaconda
|move|p1a: Tyranitar|Thunder Punch|p2b: Wiggles
|-supereffective|p2b: Wiggles|1
|-damage|p2b: Wiggles|34/100
|move|p1b: Sandaconda|Body Press|p2b: Wiggles
|-damage|p2b: Wiggles|13/100
|
|-weather|Sandstorm|[upkeep]
|-damage|p2b: Wiggles|7/100|[from] Sandstorm
|-heal|p2b: Wiggles|13/100|[from] item: Leftovers
|-damage|p1a: Tyranitar|9/100 brn|[from] brn
|upkeep
|turn|4
|
|t:|1785977624
|move|p1a: Tyranitar|Protect|p1a: Tyranitar
|-singleturn|p1a: Tyranitar|Protect
|move|p2b: Wiggles|Scald|p1a: Tyranitar
|-activate|p1a: Tyranitar|move: Protect
|move|p2a: Meta Ridley|Brave Bird|p1b: Sandaconda
|-damage|p1b: Sandaconda|73/100
|-damage|p2a: Meta Ridley|91/100|[from] Recoil
|move|p1b: Sandaconda|Coil|p1b: Sandaconda
|-boost|p1b: Sandaconda|atk|1
|-boost|p1b: Sandaconda|def|1
|-boost|p1b: Sandaconda|accuracy|1
|
|-weather|Sandstorm|[upkeep]
|-damage|p2b: Wiggles|7/100|[from] Sandstorm
|-heal|p2b: Wiggles|13/100|[from] item: Leftovers
|-damage|p1a: Tyranitar|3/100 brn|[from] brn
|-sideend|p2: psyaiiyaii|move: Tailwind
|upkeep
|turn|5
|
|t:|1785977658
|move|p2b: Wiggles|Scald|p1a: Tyranitar
|-supereffective|p1a: Tyranitar|1
|-damage|p1a: Tyranitar|0 fnt
|faint|p1a: Tyranitar
|move|p1b: Sandaconda|Body Press|p2b: Wiggles
|-damage|p2b: Wiggles|0 fnt
|faint|p2b: Wiggles
|move|p2a: Meta Ridley|Iron Head|p1b: Sandaconda|[miss]
|-miss|p2a: Meta Ridley|p1b: Sandaconda
|
|-weather|none
|upkeep
|
|t:|1785977691
|switch|p2b: Drag Queen|Garchomp, L50, M|100/100
|switch|p1a: Houndoom|Houndoom, L50, M|100/100
|-ability|p1a: Houndoom|Unnerve
|turn|6
|
|t:|1785977761
|switch|p1b: Sharpedo|Sharpedo, L50, F|100/100
|detailschange|p1a: Houndoom|Houndoom-Mega, L50, M
|-mega|p1a: Houndoom|Houndoom|Houndoominite
|move|p2b: Drag Queen|Rock Slide|p1b: Sharpedo|[spread] p1a,p1b
|-supereffective|p1a: Houndoom|1
|-damage|p1a: Houndoom|60/100
|-damage|p1b: Sharpedo|48/100
|move|p1a: Houndoom|Solar Beam||[still]
|-prepare|p1a: Houndoom|Solar Beam
|move|p2a: Meta Ridley|Tailwind|p2a: Meta Ridley
|-sidestart|p2: psyaiiyaii|move: Tailwind
|
|-heal|p1b: Sharpedo|54/100|[from] item: Leftovers
|upkeep
|turn|7
|l| James K Polk
|j| James K Polk
|
|t:|1785977871
|move|p2b: Drag Queen|Rock Slide|p1a: Houndoom|[spread] p1a,p1b
|-supereffective|p1a: Houndoom|1
|-damage|p1a: Houndoom|21/100
|-damage|p1b: Sharpedo|10/100
|move|p2a: Meta Ridley|Brave Bird|p1a: Houndoom
|-damage|p1a: Houndoom|0 fnt
|faint|p1a: Houndoom
|-damage|p2a: Meta Ridley|84/100|[from] Recoil
|cant|p1b: Sharpedo|flinch
|
|-heal|p1b: Sharpedo|16/100|[from] item: Leftovers
|-ability|p1b: Sharpedo|Speed Boost|boost
|-boost|p1b: Sharpedo|spe|1
|upkeep
|
|t:|1785977884
|switch|p1a: Sandaconda|Sandaconda, L50, F, shiny|73/100
|turn|8
|
|t:|1785977925
|move|p1b: Sharpedo|Aqua Jet|p2b: Drag Queen
|-damage|p2b: Drag Queen|81/100
|-damage|p1b: Sharpedo|4/100|[from] ability: Rough Skin|[of] p2b: Drag Queen
|move|p2b: Drag Queen|Dragon Claw|p1a: Sandaconda
|-damage|p1a: Sandaconda|42/100
|move|p2a: Meta Ridley|Iron Head|p1b: Sharpedo
|-resisted|p1b: Sharpedo|1
|-damage|p1b: Sharpedo|0 fnt
|faint|p1b: Sharpedo
|move|p1a: Sandaconda|Body Press|p2a: Meta Ridley
|-damage|p2a: Meta Ridley|69/100
|
|upkeep
|turn|9
|
|t:|1785977954
|move|p2b: Drag Queen|Rock Slide|p1a: Sandaconda
|-resisted|p1a: Sandaconda|1
|-damage|p1a: Sandaconda|32/100
|move|p2a: Meta Ridley|Brave Bird|p1a: Sandaconda
|-damage|p1a: Sandaconda|8/100
|-damage|p2a: Meta Ridley|61/100|[from] Recoil
|move|p1a: Sandaconda|Body Press|p2a: Meta Ridley
|-damage|p2a: Meta Ridley|46/100
|
|-sideend|p2: psyaiiyaii|move: Tailwind
|upkeep
|turn|10
|
|t:|1785977977
|move|p2b: Drag Queen|Dragon Claw|p1a: Sandaconda
|-damage|p1a: Sandaconda|0 fnt
|faint|p1a: Sandaconda
|
|win|psyaiiyaii
