|j|☆TheFoxGamer15
|j|☆Galyon13
|html|TheFoxGamer15Galyon13    
|uhtml|bestof|Game 3 of a best-of-3
|t:|1782590432
|gametype|doubles
|player|p1|TheFoxGamer15|ethan|
|player|p2|Galyon13|102|
|gen|9
|tier|[Gen 9 Champions] VGC 2026 Reg M-B (Bo3)
|rule|Species Clause: Limit one of each Pokémon
|rule|Item Clause: Limit 1 of each item
|clearpoke
|poke|p1|Aerodactyl, L50, M|
|poke|p1|Garchomp, L50, M|
|poke|p1|Sneasler, L50, F|
|poke|p1|Kingambit, L50, M|
|poke|p1|Charizard, L50, M|
|poke|p1|Venusaur, L50, F, shiny|
|poke|p2|Meganium, L50, M|
|poke|p2|Politoed, L50, M|
|poke|p2|Basculegion, L50, M|
|poke|p2|Archaludon, L50, M|
|poke|p2|Incineroar, L50, M|
|poke|p2|Gengar, L50, M|
|teampreview|4
|showteam|p1|Aerodactyl||Aerodactylite|Pressure|RockSlide,Tailwind,AerialAce,Crunch|Adamant||M|||50|]Garchomp||ChoiceScarf|RoughSkin|DragonClaw,Earthquake,RockSlide,PoisonJab|Adamant||M|||50|]Sneasler||WhiteHerb|Unburden|Protect,FakeOut,DireClaw,CloseCombat|Adamant||F|||50|]Kingambit||BlackGlasses|Defiant|KowtowCleave,SuckerPunch,IronHead,LowKick|Brave||M|||50|]Charizard||CharizarditeY|SolarPower|Protect,HeatWave,SolarBeam,WeatherBall|Timid||M|||50|]Venusaur||FocusSash|Chlorophyll|SolarBeam,Protect,SludgeBomb,SleepPowder|Timid||F|||50|
|showteam|p2|Meganium||Meganiumite|Overgrow|SolarBeam,DazzlingGleam,Synthesis,WeatherBall|Calm||M|||50|]Politoed||Leftovers|Drizzle|MuddyWater,Encore,PerishSong,Protect|Bold||M|||50|]Basculegion||MysticWater|SwiftSwim|LastRespects,WaveCrash,FlipTurn,Protect|Jolly||M|||50|]Archaludon||LifeOrb|Stamina|ElectroShot,FlashCannon,Snarl,Protect|Bold||M|||50|]Incineroar||SitrusBerry|Intimidate|WillOWisp,PartingShot,FakeOut,ThroatChop|Brave||M|||50|]Gengar||Gengarite|CursedBody|SludgeBomb,PerishSong,Protect,Disable|Bold||M|||50|
|
|t:|1782590456
|teamsize|p1|4
|teamsize|p2|4
|start
|switch|p1a: Charizard|Charizard, L50, M|100/100
|switch|p1b: Venusaur|Venusaur, L50, F, shiny|100/100
|switch|p2a: Meganium|Meganium, L50, M|100/100
|switch|p2b: Incineroar|Incineroar, L50, M|100/100
|-ability|p2b: Incineroar|Intimidate|boost
|-unboost|p1a: Charizard|atk|1
|-unboost|p1b: Venusaur|atk|1
|turn|1
|
|t:|1782590475
|detailschange|p1a: Charizard|Charizard-Mega-Y, L50, M
|-mega|p1a: Charizard|Charizard|Charizardite Y
|-weather|SunnyDay|[from] ability: Drought|[of] p1a: Charizard
|detailschange|p2a: Meganium|Meganium-Mega, L50, M
|-mega|p2a: Meganium|Meganium|Meganiumite
|move|p1b: Venusaur|Protect|p1b: Venusaur
|-singleturn|p1b: Venusaur|Protect
|move|p1a: Charizard|Protect|p1a: Charizard
|-singleturn|p1a: Charizard|Protect
|move|p2b: Incineroar|Fake Out|p1a: Charizard
|-activate|p1a: Charizard|move: Protect
|move|p2a: Meganium|Weather Ball|p1b: Venusaur
|-activate|p1b: Venusaur|move: Protect
|
|-weather|SunnyDay|[upkeep]
|upkeep
|turn|2
|
|t:|1782590500
|switch|p2b: Politoed|Politoed, L50, M|100/100
|-weather|RainDance|[from] ability: Drizzle|[of] p2b: Politoed
|move|p1a: Charizard|Weather Ball|p2a: Meganium
|-resisted|p2a: Meganium|1
|-damage|p2a: Meganium|77/100
|move|p1b: Venusaur|Sludge Bomb|p2a: Meganium
|-supereffective|p2a: Meganium|2
|-damage|p2a: Meganium|0 fnt
|faint|p2a: Meganium
|
|-weather|RainDance|[upkeep]
|upkeep
|
|t:|1782590512
|switch|p2a: Basculegion|Basculegion, L50, M|100/100
|turn|3
|
|t:|1782590524
|switch|p1a: Kingambit|Kingambit, L50, M|100/100
|move|p2a: Basculegion|Wave Crash|p1a: Kingambit
|-damage|p1a: Kingambit|27/100
|-damage|p2a: Basculegion|75/100|[from] Recoil
|move|p1b: Venusaur|Sleep Powder|p2b: Politoed|[miss]
|-miss|p1b: Venusaur|p2b: Politoed
|move|p2b: Politoed|Muddy Water|p1a: Kingambit|[spread] p1a,p1b
|-resisted|p1b: Venusaur|1
|-damage|p1a: Kingambit|0 fnt
|-damage|p1b: Venusaur|81/100
|faint|p1a: Kingambit
|
|-weather|RainDance|[upkeep]
|upkeep
|
|t:|1782590536
|switch|p1a: Charizard|Charizard-Mega-Y, L50, M|100/100
|-weather|SunnyDay|[from] ability: Drought|[of] p1a: Charizard
|turn|4
|
|t:|1782590542
|switch|p2a: Incineroar|Incineroar, L50, M|100/100
|-ability|p2a: Incineroar|Intimidate|boost
|-unboost|p1a: Charizard|atk|1
|-unboost|p1b: Venusaur|atk|1
|move|p2b: Politoed|Protect|p2b: Politoed
|-singleturn|p2b: Politoed|Protect
|move|p1b: Venusaur|Solar Beam||[still]
|-prepare|p1b: Venusaur|Solar Beam
|-anim|p1b: Venusaur|Solar Beam|p2b: Politoed
|-activate|p2b: Politoed|move: Protect
|move|p1a: Charizard|Solar Beam||[still]
|-prepare|p1a: Charizard|Solar Beam
|-anim|p1a: Charizard|Solar Beam|p2a: Incineroar
|-resisted|p2a: Incineroar|1
|-damage|p2a: Incineroar|78/100
|
|-weather|SunnyDay|[upkeep]
|upkeep
|turn|5
|
|t:|1782590559
|switch|p2b: Basculegion|Basculegion, L50, M|75/100
|move|p1b: Venusaur|Protect|p1b: Venusaur
|-singleturn|p1b: Venusaur|Protect
|move|p1a: Charizard|Protect|p1a: Charizard
|-singleturn|p1a: Charizard|Protect
|move|p2a: Incineroar|Fake Out|p1a: Charizard
|-activate|p1a: Charizard|move: Protect
|
|-weather|SunnyDay|[upkeep]
|upkeep
|turn|6
|
|t:|1782590579
|switch|p1a: Sneasler|Sneasler, L50, F|100/100
|switch|p2a: Politoed|Politoed, L50, M|100/100
|-weather|RainDance|[from] ability: Drizzle|[of] p2a: Politoed
|move|p2b: Basculegion|Wave Crash|p1a: Sneasler
|-damage|p1a: Sneasler|0 fnt
|faint|p1a: Sneasler
|-damage|p2b: Basculegion|49/100|[from] Recoil
|move|p1b: Venusaur|Sleep Powder|p2b: Basculegion
|-status|p2b: Basculegion|slp|[from] move: Sleep Powder
|
|-weather|RainDance|[upkeep]
|upkeep
|
|t:|1782590590
|switch|p1a: Charizard|Charizard-Mega-Y, L50, M|100/100
|-weather|SunnyDay|[from] ability: Drought|[of] p1a: Charizard
|turn|7
|
|t:|1782590603
|switch|p2a: Incineroar|Incineroar, L50, M|78/100
|-ability|p2a: Incineroar|Intimidate|boost
|-unboost|p1a: Charizard|atk|1
|-unboost|p1b: Venusaur|atk|1
|cant|p2b: Basculegion|slp
|move|p1b: Venusaur|Solar Beam||[still]
|-prepare|p1b: Venusaur|Solar Beam
|-anim|p1b: Venusaur|Solar Beam|p2b: Basculegion
|-supereffective|p2b: Basculegion|1
|-damage|p2b: Basculegion|0 fnt
|faint|p2b: Basculegion
|move|p1a: Charizard|Weather Ball|p2a: Incineroar
|-resisted|p2a: Incineroar|1
|-damage|p2a: Incineroar|39/100
|-enditem|p2a: Incineroar|Sitrus Berry|[eat]
|-heal|p2a: Incineroar|64/100|[from] item: Sitrus Berry
|
|-weather|SunnyDay|[upkeep]
|upkeep
|
|t:|1782590617
|switch|p2b: Politoed|Politoed, L50, M|100/100
|-weather|RainDance|[from] ability: Drizzle|[of] p2b: Politoed
|turn|8
|
|t:|1782590663
|move|p1a: Charizard|Protect|p1a: Charizard
|-singleturn|p1a: Charizard|Protect
|move|p2a: Incineroar|Fake Out|p1b: Venusaur
|-crit|p1b: Venusaur
|-damage|p1b: Venusaur|59/100
|cant|p1b: Venusaur|flinch
|move|p2b: Politoed|Muddy Water|p1a: Charizard|[spread] p1b
|-activate|p1a: Charizard|move: Protect
|-resisted|p1b: Venusaur|1
|-damage|p1b: Venusaur|39/100
|
|-weather|RainDance|[upkeep]
|upkeep
|turn|9
|
|t:|1782590680
|move|p1a: Charizard|Weather Ball|p2a: Incineroar
|-supereffective|p2a: Incineroar|1
|-damage|p2a: Incineroar|0 fnt
|faint|p2a: Incineroar
|move|p1b: Venusaur|Sludge Bomb|p2b: Politoed
|-damage|p2b: Politoed|67/100
|move|p2b: Politoed|Muddy Water|p1a: Charizard|[spread] p1a,p1b
|-supereffective|p1a: Charizard|1
|-resisted|p1b: Venusaur|1
|-damage|p1a: Charizard|26/100
|-damage|p1b: Venusaur|20/100y
|
|-weather|RainDance|[upkeep]
|-heal|p2b: Politoed|73/100|[from] item: Leftovers
|upkeep
|turn|10
|
|t:|1782590693
|move|p1a: Charizard|Protect|p1a: Charizard
|-singleturn|p1a: Charizard|Protect
|move|p1b: Venusaur|Protect|p1b: Venusaur
|-singleturn|p1b: Venusaur|Protect
|move|p2b: Politoed|Muddy Water|p1a: Charizard|[spread] 
|-activate|p1a: Charizard|move: Protect
|-activate|p1b: Venusaur|move: Protect
|
|-weather|RainDance|[upkeep]
|-heal|p2b: Politoed|79/100|[from] item: Leftovers
|upkeep
|turn|11
|
|t:|1782590729
|move|p1a: Charizard|Protect|p1a: Charizard
|-singleturn|p1a: Charizard|Protect
|move|p1b: Venusaur|Sleep Powder|p2b: Politoed
|-status|p2b: Politoed|slp|[from] move: Sleep Powder
|cant|p2b: Politoed|slp
|
|-weather|RainDance|[upkeep]
|-heal|p2b: Politoed|85/100 slp|[from] item: Leftovers
|upkeep
|turn|12
|
|t:|1782590748
|cant|p2b: Politoed|slp
|move|p1a: Charizard|Solar Beam||[still]
|-prepare|p1a: Charizard|Solar Beam
|move|p1b: Venusaur|Sludge Bomb|p2b: Politoed
|-damage|p2b: Politoed|51/100 slp
|
|-weather|none
|-heal|p2b: Politoed|57/100 slp|[from] item: Leftovers
|upkeep
|turn|13
|
|t:|1782590758
|-curestatus|p2b: Politoed|slp|[msg]
|move|p2b: Politoed|Protect|p2b: Politoed
|-singleturn|p2b: Politoed|Protect
|move|p1a: Charizard|Solar Beam|p2b: Politoed|[from] lockedmove
|-activate|p2b: Politoed|move: Protect
|move|p1b: Venusaur|Sludge Bomb|p2b: Politoed
|-activate|p2b: Politoed|move: Protect
|
|-heal|p2b: Politoed|63/100|[from] item: Leftovers
|upkeep
|turn|14
|
|t:|1782590770
|move|p1a: Charizard|Protect|p1a: Charizard
|-singleturn|p1a: Charizard|Protect
|move|p1b: Venusaur|Sleep Powder|p2b: Politoed
|-status|p2b: Politoed|slp|[from] move: Sleep Powder
|cant|p2b: Politoed|slp
|
|-heal|p2b: Politoed|69/100 slp|[from] item: Leftovers
|upkeep
|turn|15
|
|t:|1782590781
|cant|p2b: Politoed|slp
|move|p1a: Charizard|Weather Ball|p2b: Politoed
|-damage|p2b: Politoed|53/100 slp
|move|p1b: Venusaur|Sludge Bomb|p2b: Politoed
|-damage|p2b: Politoed|21/100 slp
|
|-heal|p2b: Politoed|28/100 slp|[from] item: Leftovers
|upkeep
|turn|16
|
|t:|1782590793
|move|p1a: Charizard|Weather Ball|p2b: Politoed
|-damage|p2b: Politoed|10/100 slp
|move|p1b: Venusaur|Sludge Bomb|p2b: Politoed
|-damage|p2b: Politoed|0 fnt
|faint|p2b: Politoed
|
|win|TheFoxGamer15
|c|☆TheFoxGamer15|Ggs
|l|☆Galyon13
|player|p2|
