|j|☆Uniursh
|j|☆Gunterzilla
|html|UniurshGunterzilla    
|uhtml|bestof|Game 1 of a best-of-3
|t:|1757098885
|gametype|doubles
|player|p1|Uniursh|ingo|1040
|player|p2|Gunterzilla|170|1062
|gen|9
|tier|[Gen 9] VGC 2025 Reg H (Bo3)
|rated|
|rule|Species Clause: Limit one of each Pokémon
|rule|Item Clause: Limit 1 of each item
|clearpoke
|poke|p1|Lilligant-Hisui, L50, F|
|poke|p1|Umbreon, L50, F|
|poke|p1|Volcarona, L50, M|
|poke|p1|Ninetales, L50, M|
|poke|p1|Jumpluff, L50, M|
|poke|p1|Ursaluna-Bloodmoon, L50, M|
|poke|p2|Comfey, L50, F|
|poke|p2|Primarina, L50, F|
|poke|p2|Amoonguss, L50, F|
|poke|p2|Sneasler, L50, M|
|poke|p2|Chesnaught, L50, M|
|poke|p2|Rillaboom, L50, M|
|teampreview|4
|showteam|p1|Lilligant-Hisui||WideLens|Chlorophyll|SolarBlade,CloseCombat,SleepPowder,TripleAxel|||F|||50|,,,,,Ghost]Umbreon||Leftovers|InnerFocus|FoulPlay,Snarl,Taunt,SkillSwap|||F|||50|,,,,,Water]Volcarona||SafetyGoggles|FlameBody|QuiverDance,FieryDance,BugBuzz,Protect|||M|||50|,,,,,Ghost]Ninetales||BlunderPolicy|Drought|WillOWisp,SolarBeam,HeatWave,SunnyDay|||M|||50|,,,,,Grass]Jumpluff||CovertCloak|Chlorophyll|Tailwind,SleepPowder,RagePowder,Encore|||M|||50|,,,,,Dark]Ursaluna-Bloodmoon||AssaultVest|MindsEye|EarthPower,BloodMoon,HyperVoice,VacuumWave|||M|||50|,,,,,Normal
|showteam|p2|Comfey||CovertCloak|Triage|DrainingKiss,FloralHealing,HelpingHand,TrickRoom|||F|||50|,,,,,Steel]Primarina||ThroatSpray|LiquidVoice|HyperVoice,Moonblast,CalmMind,Protect|||F|||50|,,,,,Poison]Amoonguss||RockyHelmet|Regenerator|Spore,RagePowder,ClearSmog,Protect|||F|||50|,,,,,Water]Sneasler||FocusSash|Unburden|DireClaw,CloseCombat,Coaching,Protect|||M|||50|,,,,,Stellar]Chesnaught||SitrusBerry|Bulletproof|DrainPunch,BellyDrum,GrassyGlide,SpikyShield|||M|||50|,,,,,Fire]Rillaboom||AssaultVest|GrassySurge|GrassyGlide,WoodHammer,Uturn,FakeOut|||M|||50|,,,,,Fire
|
|t:|1757098925
|teamsize|p1|4
|teamsize|p2|4
|start
|switch|p1a: Benadryl|Jumpluff, L50, M|100/100
|switch|p1b: Carnifax|Umbreon, L50, F|100/100
|switch|p2a: Blue|Primarina, L50, F, shiny|100/100
|switch|p2b: Rillaboom|Rillaboom, L50, M, shiny|100/100
|-fieldstart|move: Grassy Terrain|[from] ability: Grassy Surge|[of] p2b: Rillaboom
|turn|1
|inactive|Battle timer is ON: inactive players will automatically lose when time's up. (requested by Gunterzilla)
|
|t:|1757098958
|-terastallize|p2a: Blue|Poison
|move|p2b: Rillaboom|Fake Out|p1a: Benadryl
|-damage|p1a: Benadryl|80/100
|move|p1a: Benadryl|Tailwind|p1a: Benadryl
|-sidestart|p1: Uniursh|move: Tailwind
|move|p1b: Carnifax|Foul Play|p2b: Rillaboom
|-damage|p2b: Rillaboom|47/100
|move|p2a: Blue|Calm Mind|p2a: Blue
|-boost|p2a: Blue|spa|1
|-boost|p2a: Blue|spd|1
|
|-heal|p2b: Rillaboom|53/100|[from] Grassy Terrain
|upkeep
|turn|2
|
|t:|1757098982
|move|p1a: Benadryl|Encore|p2a: Blue
|-start|p2a: Blue|Encore
|move|p1b: Carnifax|Foul Play|p2b: Rillaboom
|-damage|p2b: Rillaboom|5/100
|move|p2b: Rillaboom|U-turn|p1a: Benadryl
|-damage|p1a: Benadryl|50/100
|
|t:|1757098991
|switch|p2b: Sneasler|Sneasler, L50, M|100/100|[from] U-turn
|move|p2a: Blue|Calm Mind|p2a: Blue
|-boost|p2a: Blue|spa|1
|-boost|p2a: Blue|spd|1
|
|upkeep
|turn|3
|inactive|Uniursh has 30 seconds left.
|
|t:|1757099016
|switch|p1b: Vulcanus|Volcarona, L50, M|100/100
|move|p1a: Benadryl|Rage Powder|p1a: Benadryl
|-singleturn|p1a: Benadryl|move: Rage Powder
|move|p2b: Sneasler|Dire Claw|p1a: Benadryl
|-supereffective|p1a: Benadryl
|-damage|p1a: Benadryl|0 fnt
|faint|p1a: Benadryl
|move|p2a: Blue|Calm Mind|p2a: Blue
|-boost|p2a: Blue|spa|1
|-boost|p2a: Blue|spd|1
|
|upkeep
|
|t:|1757099032
|switch|p1a: Lillimon|Lilligant-Hisui, L50, F|100/100
|turn|4
|inactive|Uniursh has 30 seconds left.
|
|t:|1757099058
|move|p2b: Sneasler|Protect|p2b: Sneasler
|-singleturn|p2b: Sneasler|Protect
|move|p1a: Lillimon|Triple Axel|p2a: Blue
|-damage|p2a: Blue|92/100
|-damage|p2a: Blue|76/100
|-damage|p2a: Blue|53/100
|-hitcount|p2a: Blue|3
|move|p1b: Vulcanus|Fiery Dance|p2a: Blue
|-damage|p2a: Blue|38/100
|move|p2a: Blue|Calm Mind|p2a: Blue
|-boost|p2a: Blue|spa|1
|-boost|p2a: Blue|spd|1
|
|-heal|p2a: Blue|44/100|[from] Grassy Terrain
|-end|p2a: Blue|Encore
|-sideend|p1: Uniursh|move: Tailwind
|upkeep
|turn|5
|inactive|Gunterzilla has 30 seconds left.
|
|t:|1757099083
|switch|p2b: Hula hula|Comfey, L50, F, shiny|100/100
|move|p1b: Vulcanus|Protect|p1b: Vulcanus
|-singleturn|p1b: Vulcanus|Protect
|move|p2a: Blue|Protect|p2a: Blue
|-singleturn|p2a: Blue|Protect
|move|p1a: Lillimon|Sleep Powder|p2a: Blue
|-activate|p2a: Blue|move: Protect
|
|-heal|p2a: Blue|50/100|[from] Grassy Terrain
|-fieldend|move: Grassy Terrain
|upkeep
|turn|6
|
|t:|1757099105
|move|p2b: Hula hula|Floral Healing|p2a: Blue
|-heal|p2a: Blue|99/100
|move|p1a: Lillimon|Sleep Powder|p2a: Blue
|-status|p2a: Blue|slp|[from] move: Sleep Powder
|move|p1b: Vulcanus|Quiver Dance|p1b: Vulcanus
|-boost|p1b: Vulcanus|spa|1
|-boost|p1b: Vulcanus|spd|1
|-boost|p1b: Vulcanus|spe|1
|cant|p2a: Blue|slp
|
|upkeep
|turn|7
|inactive|Gunterzilla has 30 seconds left.
|inactive|Gunterzilla has 20 seconds left.
|c|☆Gunterzilla|We might ver along very well, but today I há-te u
|inactive|Gunterzilla has 15 seconds left.
|inactive|Gunterzilla has 10 seconds left.
|
|t:|1757099152
|switch|p2b: Rillaboom|Rillaboom, L50, M, shiny|5/100
|-fieldstart|move: Grassy Terrain|[from] ability: Grassy Surge|[of] p2b: Rillaboom
|move|p1b: Vulcanus|Fiery Dance|p2a: Blue
|-damage|p2a: Blue|81/100 slp
|-boost|p1b: Vulcanus|spa|1
|move|p1a: Lillimon|Sleep Powder|p2b: Rillaboom
|-immune|p2b: Rillaboom
|-curestatus|p2a: Blue|slp|[msg]
|move|p2a: Blue|Hyper Voice|p1b: Vulcanus|[spread] p1a,p1b
|-resisted|p1a: Lillimon
|-supereffective|p1b: Vulcanus
|-damage|p1a: Lillimon|27/100
|-damage|p1b: Vulcanus|0 fnt
|faint|p1b: Vulcanus
|-enditem|p2a: Blue|Throat Spray
|-boost|p2a: Blue|spa|1|[from] item: Throat Spray
|
|-heal|p1a: Lillimon|33/100|[from] Grassy Terrain
|-heal|p2b: Rillaboom|11/100|[from] Grassy Terrain
|-heal|p2a: Blue|87/100|[from] Grassy Terrain
|upkeep
|
|t:|1757099170
|switch|p1b: Carnifax|Umbreon, L50, F|100/100
|turn|8
|
|t:|1757099182
|move|p2b: Rillaboom|Fake Out|p1a: Lillimon
|-damage|p1a: Lillimon|9/100
|cant|p1a: Lillimon|flinch
|move|p1b: Carnifax|Foul Play|p2b: Rillaboom
|-crit|p2b: Rillaboom
|-damage|p2b: Rillaboom|0 fnt
|faint|p2b: Rillaboom
|move|p2a: Blue|Hyper Voice|p1a: Lillimon|[spread] p1a,p1b
|-resisted|p1a: Lillimon
|-damage|p1a: Lillimon|0 fnt
|-damage|p1b: Carnifax|27/100
|faint|p1a: Lillimon
|
|-heal|p1b: Carnifax|33/100|[from] Grassy Terrain
|-heal|p1b: Carnifax|39/100|[from] item: Leftovers
|-heal|p2a: Blue|92/100|[from] Grassy Terrain
|upkeep
|
|t:|1757099198
|switch|p2b: Sneasler|Sneasler, L50, M|100/100
|turn|9
|
|t:|1757099204
|move|p2b: Sneasler|Close Combat|p1b: Carnifax
|-supereffective|p1b: Carnifax
|-damage|p1b: Carnifax|0 fnt
|-unboost|p2b: Sneasler|def|1
|-unboost|p2b: Sneasler|spd|1
|faint|p1b: Carnifax
|
|win|Gunterzilla
||Uniursh is ready for game 2.
||Gunterzilla is ready for game 2.
|uhtml|next|Next: Game 2 of 3
