|j|☆cheesbuga
|j|☆Cobrite
|html|cheesbugaCobrite    
|uhtml|bestof|Game 3 of a best-of-3
|t:|1757828183
|gametype|doubles
|player|p1|cheesbuga|pokemaniac|1051
|player|p2|Cobrite|1|1096
|gen|9
|tier|[Gen 9] VGC 2025 Reg H (Bo3)
|rated|
|rule|Species Clause: Limit one of each Pokémon
|rule|Item Clause: Limit 1 of each item
|clearpoke
|poke|p1|Ursaluna-Bloodmoon, L50, M|
|poke|p1|Incineroar, L50, F|
|poke|p1|Rillaboom, L50, M|
|poke|p1|Farigiraf, L50, M|
|poke|p1|Sneasler, L50, M|
|poke|p1|Volcarona, L50, F|
|poke|p2|Archaludon, L50, F|
|poke|p2|Basculegion, L50, M|
|poke|p2|Pelipper, L50, F|
|poke|p2|Amoonguss, L50, M|
|poke|p2|Incineroar, L50, F|
|poke|p2|Maushold, L50|
|teampreview|4
|showteam|p1|Ursaluna-Bloodmoon||LifeOrb|MindsEye|HyperVoice,BloodMoon,EarthPower,Protect|||M|||50|,,,,,Normal]Incineroar||SafetyGoggles|Intimidate|FakeOut,FlareBlitz,KnockOff,PartingShot|||F|||50|,,,,,Ghost]Rillaboom||AssaultVest|GrassySurge|Uturn,WoodHammer,GrassyGlide,FakeOut|||M|||50|,,,,,Fire]Farigiraf||ThroatSpray|ArmorTail|HyperVoice,Protect,Psychic,TrickRoom|||M|||50|,,,,,Fairy]Sneasler||FocusSash|Unburden|CloseCombat,Protect,FakeOut,ThroatChop|||M|||50|,,,,,Dark]Volcarona||CovertCloak|FlameBody|HeatWave,Protect,StruggleBug,QuiverDance|||F|||50|,,,,,Water
|showteam|p2|Archaludon||AssaultVest|Stamina|ElectroShot,DragonPulse,FlashCannon,BodyPress|||F|||50|,,,,,Grass]Basculegion||MysticWater|SwiftSwim|Protect,WaveCrash,AquaJet,LastRespects|||M|||50|,,,,,Water]Pelipper||FocusSash|Drizzle|Hurricane,WeatherBall,Tailwind,Protect|||F|||50|,,,,,Ghost]Amoonguss||SitrusBerry|Regenerator|Spore,RagePowder,PollenPuff,ClearSmog|||M|||50|,,,,,Water]Incineroar||SafetyGoggles|Intimidate|FakeOut,FlareBlitz,KnockOff,PartingShot|||F|||50|,,,,,Ghost]Maushold||WideLens|Technician|PopulationBomb,FollowMe,Taunt,Protect||||||50|,,,,,Grass
|
|t:|1757828239
|teamsize|p1|4
|teamsize|p2|4
|start
|switch|p1a: Sneasler|Sneasler, L50, M|100/100
|switch|p1b: Farigiraf|Farigiraf, L50, M|100/100
|switch|p2a: Pelipper|Pelipper, L50, F|100/100
|switch|p2b: Basculegion|Basculegion, L50, M|100/100
|-weather|RainDance|[from] ability: Drizzle|[of] p2a: Pelipper
|turn|1
|inactive|Battle timer is ON: inactive players will automatically lose when time's up. (requested by Cobrite)
|
|t:|1757828253
|move|p2a: Pelipper|Protect|p2a: Pelipper
|-singleturn|p2a: Pelipper|Protect
|move|p1b: Farigiraf|Protect|p1b: Farigiraf
|-singleturn|p1b: Farigiraf|Protect
|move|p2b: Basculegion|Wave Crash|p1b: Farigiraf
|-activate|p1b: Farigiraf|move: Protect
|move|p1a: Sneasler|Throat Chop|p2b: Basculegion
|-supereffective|p2b: Basculegion
|-damage|p2b: Basculegion|35/100
|-start|p2b: Basculegion|Throat Chop|[silent]
|
|-weather|RainDance|[upkeep]
|upkeep
|turn|2
|inactive|Cobrite has 30 seconds left.
|
|t:|1757828288
|switch|p1b: Rillaboom|Rillaboom, L50, M|100/100
|-fieldstart|move: Grassy Terrain|[from] ability: Grassy Surge|[of] p1b: Rillaboom
|move|p1a: Sneasler|Protect|p1a: Sneasler
|-singleturn|p1a: Sneasler|Protect
|move|p2b: Basculegion|Wave Crash|p1b: Rillaboom
|-resisted|p1b: Rillaboom
|-damage|p1b: Rillaboom|53/100
|-damage|p2b: Basculegion|18/100|[from] Recoil
|move|p2a: Pelipper|Hurricane|p1a: Sneasler
|-activate|p1a: Sneasler|move: Protect
|
|-weather|RainDance|[upkeep]
|-heal|p2b: Basculegion|25/100|[from] Grassy Terrain
|-heal|p1b: Rillaboom|59/100|[from] Grassy Terrain
|-end|p2b: Basculegion|Throat Chop|[silent]
|upkeep
|turn|3
|inactive|Cobrite has 30 seconds left.
|inactive|cheesbuga has 30 seconds left.
|
|t:|1757828323
|switch|p2b: Incineroar|Incineroar, L50, F|100/100
|-ability|p2b: Incineroar|Intimidate|boost
|-unboost|p1a: Sneasler|atk|1
|-unboost|p1b: Rillaboom|atk|1
|move|p1b: Rillaboom|Grassy Glide|p2b: Incineroar
|-resisted|p2b: Incineroar
|-damage|p2b: Incineroar|88/100
|move|p1a: Sneasler|Throat Chop|p2a: Pelipper
|-crit|p2a: Pelipper
|-damage|p2a: Pelipper|47/100
|-start|p2a: Pelipper|Throat Chop|[silent]
|move|p2a: Pelipper|Hurricane|p1b: Rillaboom
|-supereffective|p1b: Rillaboom
|-damage|p1b: Rillaboom|0 fnt
|faint|p1b: Rillaboom
|
|-weather|RainDance|[upkeep]
|-heal|p2b: Incineroar|94/100|[from] Grassy Terrain
|upkeep
|
|t:|1757828342
|switch|p1b: Farigiraf|Farigiraf, L50, M|100/100
|turn|4
|inactive|Cobrite has 30 seconds left.
|
|t:|1757828377
|-terastallize|p2b: Incineroar|Ghost
|move|p2a: Pelipper|Protect|p2a: Pelipper
|-singleturn|p2a: Pelipper|Protect
|move|p1a: Sneasler|Close Combat|p2b: Incineroar
|-immune|p2b: Incineroar
|move|p2b: Incineroar|Knock Off|p1b: Farigiraf
|-supereffective|p1b: Farigiraf
|-damage|p1b: Farigiraf|0 fnt
|-enditem|p1b: Farigiraf|Throat Spray|[from] move: Knock Off|[of] p2b: Incineroar
|faint|p1b: Farigiraf
|
|-weather|RainDance|[upkeep]
|-heal|p2b: Incineroar|100/100|[from] Grassy Terrain
|-end|p2a: Pelipper|Throat Chop|[silent]
|upkeep
|c|☆cheesbuga|how strong is your incin???
|
|t:|1757828396
|switch|p1b: Ursaluna|Ursaluna-Bloodmoon, L50, M|100/100
|turn|5
|inactive|Cobrite has 30 seconds left.
|
|t:|1757828428
|switch|p2a: Maushold|Maushold, L50|100/100
|-terastallize|p1b: Ursaluna|Normal
|move|p1a: Sneasler|Throat Chop|p2b: Incineroar
|-supereffective|p2b: Incineroar
|-damage|p2b: Incineroar|61/100
|-start|p2b: Incineroar|Throat Chop|[silent]
|move|p2b: Incineroar|Knock Off|p1b: Ursaluna
|-damage|p1b: Ursaluna|66/100
|-enditem|p1b: Ursaluna|Life Orb|[from] move: Knock Off|[of] p2b: Incineroar
|move|p1b: Ursaluna|Hyper Voice|p2b: Incineroar|[spread] p2a,p2b
|-damage|p2a: Maushold|23/100
|-damage|p2b: Incineroar|7/100
|
|-weather|none
|-heal|p2a: Maushold|29/100|[from] Grassy Terrain
|-heal|p2b: Incineroar|13/100|[from] Grassy Terrain
|-heal|p1b: Ursaluna|72/100|[from] Grassy Terrain
|upkeep
|turn|6
|inactive|cheesbuga has 30 seconds left.
|inactive|Cobrite has 30 seconds left.
|
|t:|1757828464
|move|p1a: Sneasler|Close Combat|p2a: Maushold
|-supereffective|p2a: Maushold
|-damage|p2a: Maushold|0 fnt
|-unboost|p1a: Sneasler|def|1
|-unboost|p1a: Sneasler|spd|1
|faint|p2a: Maushold
|move|p2b: Incineroar|Knock Off|p1a: Sneasler
|-resisted|p1a: Sneasler
|-damage|p1a: Sneasler|40/100
|-enditem|p1a: Sneasler|Focus Sash|[from] move: Knock Off|[of] p2b: Incineroar
|move|p1b: Ursaluna|Hyper Voice|p2b: Incineroar
|-damage|p2b: Incineroar|0 fnt
|faint|p2b: Incineroar
|
|-heal|p1a: Sneasler|45/100|[from] Grassy Terrain
|-heal|p1b: Ursaluna|78/100|[from] Grassy Terrain
|-fieldend|move: Grassy Terrain
|upkeep
|
|t:|1757828475
|switch|p2a: Pelipper|Pelipper, L50, F|47/100
|switch|p2b: Basculegion|Basculegion, L50, M|25/100
|-weather|RainDance|[from] ability: Drizzle|[of] p2a: Pelipper
|turn|7
|
|t:|1757828490
|move|p2b: Basculegion|Aqua Jet|p1a: Sneasler
|-damage|p1a: Sneasler|0 fnt
|faint|p1a: Sneasler
|move|p2a: Pelipper|Hurricane|p1b: Ursaluna
|-damage|p1b: Ursaluna|32/100
|move|p1b: Ursaluna|Hyper Voice|p2a: Pelipper|[spread] p2a,p2b
|-damage|p2a: Pelipper|0 fnt
|-damage|p2b: Basculegion|0 fnt
|faint|p2a: Pelipper
|faint|p2b: Basculegion
|
|win|cheesbuga
|raw|cheesbuga's rating: 1051 → 1088(+37 for winning)
|raw|Cobrite's rating: 1096 → 1068(-28 for losing)
|l|☆Cobrite
|player|p2|
