|j|☆caarlos.g_7
|j|☆Tendo Pain(Nagato)
|html|caarlos.g_7Tendo Pain(Nagato)    
|uhtml|bestof|Game 1 of a best-of-3
|t:|1782208397
|gametype|doubles
|player|p1|caarlos.g_7|grimsley|1125
|player|p2|Tendo Pain(Nagato)|bruno|1141
|gen|9
|tier|[Gen 9 Champions] VGC 2026 Reg M-B (Bo3)
|rated|
|rule|Species Clause: Limit one of each Pokémon
|rule|Item Clause: Limit 1 of each item
|clearpoke
|poke|p1|Charizard, L50, F, shiny|
|poke|p1|Whimsicott, L50, M|
|poke|p1|Garchomp, L50, M|
|poke|p1|Gholdengo, L50|
|poke|p1|Kangaskhan, L50, F|
|poke|p1|Incineroar, L50, M, shiny|
|poke|p2|Swampert, L50, F|
|poke|p2|Politoed, L50, F|
|poke|p2|Sinistcha-Masterpiece, L50|
|poke|p2|Archaludon, L50, F, shiny|
|poke|p2|Sableye, L50, F|
|poke|p2|Metagross, L50|
|teampreview|4
|showteam|p1|Charizard||CharizarditeY|Blaze|WeatherBall,HeatWave,SolarBeam,Protect|Modest||F|||50|]Whimsicott||FocusSash|Prankster|Moonblast,Tailwind,Encore,Protect|Timid||M|||50|]Garchomp||LifeOrb|RoughSkin|Earthquake,DragonClaw,RockSlide,Protect|Jolly||M|||50|]Gholdengo||SpellTag|GoodasGold|MakeItRain,ShadowBall,NastyPlot,Protect|Modest|||||50|]Kangaskhan||Kangaskhanite|Scrappy|DoubleEdge,IcePunch,LowKick,FakeOut|Adamant||F|||50|]Incineroar||SitrusBerry|Intimidate|FlareBlitz,ThroatChop,PartingShot,FakeOut|Careful||M|||50|
|showteam|p2|Swampert||Swampertite|Torrent|Protect,WaveCrash,Earthquake,FlipTurn|Adamant||F|||50|]Politoed||SitrusBerry|Drizzle|Protect,WeatherBall,PerishSong,Haze|Calm||F|||50|]Sinistcha-Masterpiece||KasibBerry|Hospitality|RagePowder,Protect,MatchaGotcha,LifeDew|Bold|||||50|]Archaludon||Leftovers|Stamina|ElectroShot,DragonPulse,FlashCannon,Protect|Bold||F|||50|]Sableye||LightClay|Prankster|LightScreen,Reflect,WillOWisp,RainDance|Bold||F|||50|]Metagross||Metagrossite|ClearBody|MeteorMash,PsychicFangs,Protect,Substitute|Adamant|||||50|
|inactive|Battle timer is ON: inactive players will automatically lose when time's up. (requested by caarlos.g_7)
|inactive|caarlos.g_7 has 60 seconds left.
|
|t:|1782208439
|teamsize|p1|4
|teamsize|p2|4
|start
|switch|p1a: Whimsicott|Whimsicott, L50, M|100/100
|switch|p1b: Charizard|Charizard, L50, F, shiny|100/100
|switch|p2a: Sableye|Sableye, L50, F|100/100
|switch|p2b: Swampert|Swampert, L50, F|100/100
|turn|1
|
|t:|1782208457
|switch|p1b: Kangaskhan|Kangaskhan, L50, F|100/100
|detailschange|p2b: Swampert|Swampert-Mega, L50, F
|-mega|p2b: Swampert|Swampert|Swampertite
|move|p2a: Sableye|Rain Dance|p2a: Sableye
|-weather|RainDance
|move|p2b: Swampert|Wave Crash|p1b: Kangaskhan
|-damage|p1b: Kangaskhan|12/100
|-damage|p2b: Swampert|73/100|[from] Recoil
|move|p1a: Whimsicott|Moonblast|p2a: Sableye
|-supereffective|p2a: Sableye|1
|-damage|p2a: Sableye|10/100
|
|-weather|RainDance|[upkeep]
|upkeep
|turn|2
|inactive|caarlos.g_7 has 30 seconds left.
|inactive|Tendo Pain(Nagato) has 30 seconds left.
|
|t:|1782208486
|switch|p2a: Archaludon|Archaludon, L50, F, shiny|100/100
|move|p1b: Kangaskhan|Fake Out|p2a: Archaludon
|-resisted|p2a: Archaludon|1
|-damage|p2a: Archaludon|94/100
|-ability|p2a: Archaludon|Stamina|boost
|-boost|p2a: Archaludon|def|1
|move|p2b: Swampert|Flip Turn|p1b: Kangaskhan
|-damage|p1b: Kangaskhan|0 fnt
|faint|p1b: Kangaskhan
|
|t:|1782208497
|switch|p2b: Politoed|Politoed, L50, F|100/100|[from] Flip Turn
|move|p1a: Whimsicott|Moonblast|p2b: Politoed
|-damage|p2b: Politoed|73/100
|
|-weather|RainDance|[upkeep]
|-heal|p2a: Archaludon|100/100|[from] item: Leftovers
|upkeep
|
|t:|1782208504
|switch|p1b: Charizard|Charizard, L50, F, shiny|100/100
|turn|3
|
|t:|1782208525
|switch|p2b: Swampert|Swampert-Mega, L50, F|73/100
|detailschange|p1b: Charizard|Charizard-Mega-Y, L50, F, shiny
|-mega|p1b: Charizard|Charizard|Charizardite Y
|-weather|SunnyDay|[from] ability: Drought|[of] p1b: Charizard
|move|p1a: Whimsicott|Tailwind|p1a: Whimsicott
|-sidestart|p1: caarlos.g_7|move: Tailwind
|move|p1b: Charizard|Heat Wave|p2b: Swampert|[spread] p2a,p2b
|-resisted|p2b: Swampert|1
|-damage|p2a: Archaludon|23/100
|-damage|p2b: Swampert|46/100
|-status|p2a: Archaludon|brn
|-status|p2b: Swampert|brn
|-ability|p2a: Archaludon|Stamina|boost
|-boost|p2a: Archaludon|def|1
|move|p2a: Archaludon|Flash Cannon|p1a: Whimsicott
|-supereffective|p1a: Whimsicott|1
|-enditem|p1a: Whimsicott|Focus Sash
|-damage|p1a: Whimsicott|1/100
|
|-weather|SunnyDay|[upkeep]
|-heal|p2a: Archaludon|29/100 brn|[from] item: Leftovers
|-damage|p2b: Swampert|40/100 brn|[from] brn
|-damage|p2a: Archaludon|23/100 brn|[from] brn
|upkeep
|turn|4
|inactive|caarlos.g_7 has 30 seconds left.
|inactive|caarlos.g_7 has 20 seconds left.
|inactive|caarlos.g_7 has 15 seconds left.
|
|t:|1782208568
|switch|p1b: Gholdengo|Gholdengo, L50|100/100
|switch|p2a: Politoed|Politoed, L50, F|73/100
|-weather|RainDance|[from] ability: Drizzle|[of] p2a: Politoed
|move|p1a: Whimsicott|Moonblast|p2b: Swampert
|-damage|p2b: Swampert|11/100 brn
|move|p2b: Swampert|Flip Turn|p1a: Whimsicott
|-resisted|p1a: Whimsicott|1
|-crit|p1a: Whimsicott
|-damage|p1a: Whimsicott|0 fnt
|faint|p1a: Whimsicott
|
|t:|1782208581
|switch|p2b: Sableye|Sableye, L50, F|10/100|[from] Flip Turn
|
|-weather|RainDance|[upkeep]
|upkeep
|
|t:|1782208585
|switch|p1a: Charizard|Charizard-Mega-Y, L50, F, shiny|100/100
|-weather|SunnyDay|[from] ability: Drought|[of] p1a: Charizard
|turn|5
|
|t:|1782208597
|move|p2b: Sableye|Rain Dance|p2b: Sableye
|-weather|RainDance
|move|p1a: Charizard|Heat Wave|p2b: Sableye|[spread] p2a,p2b
|-resisted|p2a: Politoed|1
|-damage|p2a: Politoed|65/100
|-damage|p2b: Sableye|0 fnt
|faint|p2b: Sableye
|move|p1b: Gholdengo|Shadow Ball|p2a: Politoed
|-damage|p2a: Politoed|31/100
|-enditem|p2a: Politoed|Sitrus Berry|[eat]
|-heal|p2a: Politoed|56/100|[from] item: Sitrus Berry
|move|p2a: Politoed|Perish Song|p2a: Politoed
|-start|p1a: Charizard|perish3|[silent]
|-immune|p1b: Gholdengo|[from] ability: Good as Gold
|-start|p2a: Politoed|perish3|[silent]
|-fieldactivate|move: Perish Song
|
|-weather|RainDance|[upkeep]
|-start|p1a: Charizard|perish3
|-start|p2a: Politoed|perish3
|upkeep
|
|t:|1782208607
|switch|p2b: Swampert|Swampert-Mega, L50, F|11/100 brn
|turn|6
|
|t:|1782208627
|move|p2b: Swampert|Protect|p2b: Swampert
|-singleturn|p2b: Swampert|Protect
|move|p2a: Politoed|Protect|p2a: Politoed
|-singleturn|p2a: Politoed|Protect
|move|p1a: Charizard|Weather Ball|p2b: Swampert
|-activate|p2b: Swampert|move: Protect
|move|p1b: Gholdengo|Shadow Ball|p2a: Politoed
|-activate|p2a: Politoed|move: Protect
|
|-weather|RainDance|[upkeep]
|-damage|p2b: Swampert|5/100 brn|[from] brn
|-start|p1a: Charizard|perish2
|-start|p2a: Politoed|perish2
|-sideend|p1: caarlos.g_7|move: Tailwind
|upkeep
|turn|7
|
|t:|1782208645
|move|p1a: Charizard|Protect|p1a: Charizard
|-singleturn|p1a: Charizard|Protect
|move|p2b: Swampert|Flip Turn|p1b: Gholdengo
|-damage|p1b: Gholdengo|78/100
|
|t:|1782208651
|switch|p2b: Archaludon|Archaludon, L50, F, shiny|23/100 brn|[from] Flip Turn
|move|p1b: Gholdengo|Nasty Plot|p1b: Gholdengo
|-boost|p1b: Gholdengo|spa|2
|move|p2a: Politoed|Weather Ball|p1b: Gholdengo
|-damage|p1b: Gholdengo|35/100
|
|-weather|RainDance|[upkeep]
|-heal|p2b: Archaludon|29/100 brn|[from] item: Leftovers
|-damage|p2b: Archaludon|23/100 brn|[from] brn
|-start|p1a: Charizard|perish1
|-start|p2a: Politoed|perish1
|upkeep
|turn|8
|inactive|caarlos.g_7 has 30 seconds left.
|inactive|Tendo Pain(Nagato) has 30 seconds left.
|
|t:|1782208684
|move|p1a: Charizard|Weather Ball|p2b: Archaludon
|-resisted|p2b: Archaludon|1
|-damage|p2b: Archaludon|0 fnt
|faint|p2b: Archaludon
|move|p1b: Gholdengo|Shadow Ball|p2a: Politoed
|-damage|p2a: Politoed|0 fnt
|faint|p2a: Politoed
|
|-weather|RainDance|[upkeep]
|-start|p1a: Charizard|perish0
|upkeep
|faint|p1a: Charizard
|
|t:|1782208695
|switch|p2b: Swampert|Swampert-Mega, L50, F|5/100 brn
|turn|9
|
|t:|1782208699
|move|p1b: Gholdengo|Protect|p1b: Gholdengo
|-singleturn|p1b: Gholdengo|Protect
|move|p2b: Swampert|Wave Crash|p1b: Gholdengo
|-activate|p1b: Gholdengo|move: Protect
|
|-weather|none
|-damage|p2b: Swampert|0 fnt|[from] brn
|faint|p2b: Swampert
|
|win|caarlos.g_7
|l|☆Tendo Pain(Nagato)
|player|p2|
||caarlos.g_7 is ready for game 2.
||Tendo Pain(Nagato) is ready for game 2.
|uhtml|next|Next: Game 2 of 3
