|j|☆thepokecrafter13
|j|☆dr. colress acroma
|html|thepokecrafter13dr. colress acroma    
|uhtml|bestof|Game 2 of a best-of-3
|t:|1783396725
|gametype|doubles
|player|p1|thepokecrafter13|265|
|player|p2|dr. colress acroma|colress|
|gen|9
|tier|[Gen 9 Champions] VGC 2026 Reg M-B (Bo3)
|rule|Species Clause: Limit one of each Pokémon
|rule|Item Clause: Limit 1 of each item
|clearpoke
|poke|p1|Garchomp, L50, M|
|poke|p1|Kingambit, L50, M|
|poke|p1|Milotic, L50, F|
|poke|p1|Whimsicott, L50, M|
|poke|p1|Charizard, L50, F|
|poke|p1|Sneasler, L50, M|
|poke|p2|Gardevoir, L50, F|
|poke|p2|Heracross, L50, M|
|poke|p2|Drampa, L50, M|
|poke|p2|Azumarill, L50, M|
|poke|p2|Corviknight, L50, F, shiny|
|poke|p2|Basculegion-F, L50, F|
|teampreview|4
|showteam|p1|Garchomp||YacheBerry|RoughSkin|Earthquake,DragonClaw,SwordsDance,IronHead|Jolly||M|||50|]Kingambit||BlackGlasses|SupremeOverlord|KowtowCleave,SuckerPunch,IronHead,LowKick|Adamant||M|||50|]Milotic||Leftovers|Competitive|Scald,Recover,IceBeam,Hypnosis|Bold||F|||50|]Whimsicott||MentalHerb|Prankster|Encore,Moonblast,Tailwind,Taunt|Bold||M|||50|]Charizard||CharizarditeY|Blaze|WeatherBall,SolarBeam,ScorchingSands,FocusBlast|Timid||F|||50|]Sneasler||FocusSash|Unburden|DireClaw,CloseCombat,FakeOut,Uturn|Adamant||M|||50|
|showteam|p2|Gardevoir||ExpertBelt|Synchronize|MysticalFire,Psychic,CalmMind,DazzlingGleam|Timid||F|||50|]Heracross||SilverPowder|Swarm|Megahorn,Lunge,SwordsDance,LowKick|Jolly||M|||50|]Drampa||RoseliBerry|Berserk|FireBlast,CalmMind,Earthquake,DragonPulse|Quiet||M|||50|]Azumarill||FocusSash|HugePower|PlayRough,IceSpinner,Liquidation,Encore|Adamant||M|||50|]Corviknight||SharpBeak|MirrorArmor|DrillPeck,Roost,Agility,IronHead|Adamant||F|||50|]Basculegion-F||DampRock|SwiftSwim|RainDance,Surf,Hex,Blizzard|Modest||F|||50|
|
|t:|1783396758
|teamsize|p1|4
|teamsize|p2|4
|start
|switch|p1a: Whimsicott|Whimsicott, L50, M|100/100
|switch|p1b: Charizard|Charizard, L50, F|100/100
|switch|p2a: Gwyn|Gardevoir, L50, F|100/100
|switch|p2b: Big Stall|Azumarill, L50, M|100/100
|turn|1
|
|t:|1783396783
|detailschange|p1b: Charizard|Charizard-Mega-Y, L50, F
|-mega|p1b: Charizard|Charizard|Charizardite Y
|-weather|SunnyDay|[from] ability: Drought|[of] p1b: Charizard
|move|p1a: Whimsicott|Tailwind|p1a: Whimsicott
|-sidestart|p1: thepokecrafter13|move: Tailwind
|move|p1b: Charizard|Weather Ball|p2a: Gwyn
|-damage|p2a: Gwyn|8/100
|move|p2a: Gwyn|Calm Mind|p2a: Gwyn
|-boost|p2a: Gwyn|spa|1
|-boost|p2a: Gwyn|spd|1
|move|p2b: Big Stall|Liquidation|p1b: Charizard
|-supereffective|p1b: Charizard|1
|-crit|p1b: Charizard
|-damage|p1b: Charizard|0 fnt
|faint|p1b: Charizard
|
|-weather|SunnyDay|[upkeep]
|upkeep
|
|t:|1783396814
|switch|p1b: Sneasler|Sneasler, L50, M|100/100
|turn|2
|
|t:|1783396828
|move|p1b: Sneasler|Fake Out|p2b: Big Stall
|-damage|p2b: Big Stall|84/100
|move|p1a: Whimsicott|Encore|p2a: Gwyn
|-start|p2a: Gwyn|Encore
|move|p2a: Gwyn|Calm Mind|p2a: Gwyn
|-boost|p2a: Gwyn|spa|1
|-boost|p2a: Gwyn|spd|1
|cant|p2b: Big Stall|flinch
|
|-weather|SunnyDay|[upkeep]
|upkeep
|turn|3
|c|☆dr. colress acroma|shit man..
|
|t:|1783396866
|move|p1b: Sneasler|Dire Claw|p2b: Big Stall
|-supereffective|p2b: Big Stall|1
|-damage|p2b: Big Stall|0 fnt
|faint|p2b: Big Stall
|move|p1a: Whimsicott|Moonblast|p2a: Gwyn
|-damage|p2a: Gwyn|0 fnt
|faint|p2a: Gwyn
|
|-weather|SunnyDay|[upkeep]
|upkeep
|
|t:|1783396876
|switch|p2a: Big Boi|Corviknight, L50, F, shiny|100/100
|switch|p2b: Bug|Heracross, L50, M|100/100
|turn|4
|
|t:|1783396935
|move|p1b: Sneasler|Close Combat|p2a: Big Boi
|-damage|p2a: Big Boi|29/100
|-unboost|p1b: Sneasler|def|1
|-unboost|p1b: Sneasler|spd|1
|move|p1a: Whimsicott|Moonblast|p2b: Bug
|-supereffective|p2b: Bug|1
|-damage|p2b: Bug|29/100
|-unboost|p2b: Bug|spa|1
|move|p2b: Bug|Megahorn|p1a: Whimsicott
|-damage|p1a: Whimsicott|9/100
|move|p2a: Big Boi|Drill Peck|p1b: Sneasler
|-supereffective|p1b: Sneasler|1
|-enditem|p1b: Sneasler|Focus Sash
|-damage|p1b: Sneasler|1/100
|
|-weather|SunnyDay|[upkeep]
|-sideend|p1: thepokecrafter13|move: Tailwind
|upkeep
|turn|5
|
|t:|1783396965
|move|p1b: Sneasler|Close Combat|p2a: Big Boi
|-damage|p2a: Big Boi|0 fnt
|-unboost|p1b: Sneasler|def|1
|-unboost|p1b: Sneasler|spd|1
|faint|p2a: Big Boi
|move|p2b: Bug|Lunge|p1a: Whimsicott
|-damage|p1a: Whimsicott|0 fnt
|faint|p1a: Whimsicott
|
|-weather|none
|upkeep
|
|t:|1783396974
|switch|p1a: Kingambit|Kingambit, L50, M|100/100
|-activate|p1a: Kingambit|ability: Supreme Overlord
|-start|p1a: Kingambit|fallen2|[silent]
|turn|6
|
|t:|1783396990
|move|p1b: Sneasler|Dire Claw|p2b: Bug
|-damage|p2b: Bug|0 fnt
|faint|p2b: Bug
|
|win|thepokecrafter13
|c|☆thepokecrafter13|gg
|c|☆dr. colress acroma|gg
