|j|☆tmmc01
|j|☆is_katabo
|html|tmmc01is_katabo    
|uhtml|bestof|Game 2 of a best-of-3
|t:|1784320379
|gametype|doubles
|player|p1|tmmc01|artist|1203
|player|p2|is_katabo|youngster-gen4dp|1291
|gen|9
|tier|[Gen 9 Champions] VGC 2026 Reg M-B (Bo3)
|rated|
|rule|Species Clause: Limit one of each Pokémon
|rule|Item Clause: Limit 1 of each item
|clearpoke
|poke|p1|Charizard, L50, M|
|poke|p1|Farigiraf, L50, M|
|poke|p1|Basculegion, L50, M|
|poke|p1|Kingambit, L50, M|
|poke|p1|Kangaskhan, L50, F|
|poke|p1|Vileplume, L50, M|
|poke|p2|Metagross, L50|
|poke|p2|Sinistcha, L50|
|poke|p2|Incineroar, L50, M|
|poke|p2|Dragonite, L50, F|
|poke|p2|Ninetales-Alola, L50, M|
|poke|p2|Milotic, L50, F|
|teampreview|4
|showteam|p1|Charizard||CharizarditeY|Blaze|Protect,HeatWave,SolarBeam,WeatherBall|Modest||M|||50|]Farigiraf||SitrusBerry|ArmorTail|TrickRoom,HelpingHand,PsychicFangs,Thunderbolt|Relaxed||M|||50|]Basculegion||ChoiceScarf|Adaptability|LastRespects,WaveCrash,FlipTurn,Soak|Jolly||M|||50|]Kingambit||BlackGlasses|Defiant|SwordsDance,Protect,KowtowCleave,SuckerPunch|Brave||M|||50|]Kangaskhan||Kangaskhanite|Scrappy|FakeOut,HammerArm,DoubleEdge,SuckerPunch|Brave||F|||50|]Vileplume||FocusSash|Chlorophyll|Protect,SleepPowder,SludgeBomb,StrengthSap|Timid||M|||50|
|showteam|p2|Metagross||Metagrossite|ClearBody|PsychicFangs,BodyPress,CosmicPower,Protect|Careful|||||50|]Sinistcha||KasibBerry|Hospitality|MatchaGotcha,ShadowBall,RagePowder,Protect|Bold|||||50|]Incineroar||SitrusBerry|Intimidate|FakeOut,DarkestLariat,FlareBlitz,PartingShot|Careful||M|||50|]Dragonite||Dragoninite|Multiscale|DragonPulse,HeatWave,Thunderbolt,Protect|Timid||F|||50|]Ninetales-Alola||FocusSash|SnowWarning|Blizzard,AuroraVeil,Encore,Protect|Timid||M|||50|]Milotic||Leftovers|Competitive|MuddyWater,Hypnosis,Coil,Protect|Calm||F|||50|
|l|☆tmmc01
|player|p1|
|inactive|Battle timer is ON: inactive players will automatically lose when time's up. (requested by is_katabo)
|j|☆tmmc01
|inactive|tmmc01 reconnected and has 90 seconds left.
|player|p1|tmmc01|artist|
|
|t:|1784320410
|teamsize|p1|4
|teamsize|p2|4
|start
|switch|p1a: Kingambit|Kingambit, L50, M|100/100
|switch|p1b: Farigiraf|Farigiraf, L50, M|100/100
|switch|p2a: Dragonite|Dragonite, L50, F|100/100
|switch|p2b: Milotic|Milotic, L50, F|100/100
|turn|1
|l|☆tmmc01
|inactive|tmmc01 disconnected and has a minute to reconnect!
|player|p1|
|j|☆tmmc01
|inactive|tmmc01 reconnected and has 35 seconds left.
|player|p1|tmmc01|artist|
|inactive|tmmc01 has 30 seconds left.
|
|t:|1784320438
|detailschange|p2a: Dragonite|Dragonite-Mega, L50, F
|-mega|p2a: Dragonite|Dragonite|Dragoninite
|move|p2a: Dragonite|Heat Wave|p1a: Kingambit|[spread] p1b
|-miss|p2a: Dragonite|p1a: Kingambit
|-damage|p1b: Farigiraf|72/100
|move|p2b: Milotic|Coil|p2b: Milotic
|-boost|p2b: Milotic|atk|1
|-boost|p2b: Milotic|def|1
|-boost|p2b: Milotic|accuracy|1
|move|p1a: Kingambit|Swords Dance|p1a: Kingambit
|-boost|p1a: Kingambit|atk|2
|move|p1b: Farigiraf|Trick Room|p1b: Farigiraf
|-fieldstart|move: Trick Room|[of] p1b: Farigiraf
|
|upkeep
|turn|2
|
|t:|1784320455
|move|p1b: Farigiraf|Helping Hand|p1a: Kingambit
|-singleturn|p1a: Kingambit|Helping Hand|[of] p1b: Farigiraf
|move|p1a: Kingambit|Kowtow Cleave|p2b: Milotic
|-damage|p2b: Milotic|0 fnt
|faint|p2b: Milotic
|move|p2a: Dragonite|Heat Wave|p1b: Farigiraf|[spread] p1a,p1b
|-supereffective|p1a: Kingambit|1
|-damage|p1a: Kingambit|50/100g
|-damage|p1b: Farigiraf|48/100
|-status|p1a: Kingambit|brn
|-enditem|p1b: Farigiraf|Sitrus Berry|[eat]
|-heal|p1b: Farigiraf|73/100|[from] item: Sitrus Berry
|
|-damage|p1a: Kingambit|44/100 brn|[from] brn
|upkeep
|
|t:|1784320463
|switch|p2b: Incineroar|Incineroar, L50, M|100/100
|-ability|p2b: Incineroar|Intimidate|boost
|-unboost|p1a: Kingambit|atk|1
|-ability|p1a: Kingambit|Defiant|boost
|-boost|p1a: Kingambit|atk|2
|-unboost|p1b: Farigiraf|atk|1
|turn|3
|
|t:|1784320475
|move|p1a: Kingambit|Protect|p1a: Kingambit
|-singleturn|p1a: Kingambit|Protect
|move|p1b: Farigiraf|Psychic Fangs|p2a: Dragonite
|-damage|p2a: Dragonite|91/100
|move|p2b: Incineroar|Darkest Lariat|p1b: Farigiraf
|-supereffective|p1b: Farigiraf|1
|-damage|p1b: Farigiraf|20/100y
|move|p2a: Dragonite|Heat Wave|p1a: Kingambit|[spread] p1b
|-activate|p1a: Kingambit|move: Protect
|-damage|p1b: Farigiraf|0 fnt
|faint|p1b: Farigiraf
|
|-damage|p1a: Kingambit|39/100 brn|[from] brn
|upkeep
|
|t:|1784320488
|switch|p1b: Vileplume|Vileplume, L50, M|100/100
|turn|4
|
|t:|1784320496
|move|p2a: Dragonite|Protect|p2a: Dragonite
|-singleturn|p2a: Dragonite|Protect
|move|p1a: Kingambit|Kowtow Cleave|p2a: Dragonite
|-activate|p2a: Dragonite|move: Protect
|move|p2b: Incineroar|Flare Blitz|p1a: Kingambit
|-supereffective|p1a: Kingambit|1
|-damage|p1a: Kingambit|0 fnt
|faint|p1a: Kingambit
|-damage|p2b: Incineroar|86/100|[from] Recoil
|move|p1b: Vileplume|Sleep Powder|p2b: Incineroar
|-status|p2b: Incineroar|slp|[from] move: Sleep Powder
|
|upkeep
|
|t:|1784320509
|switch|p1a: Charizard|Charizard, L50, M|100/100
|turn|5
|
|t:|1784320521
|cant|p2b: Incineroar|slp
|move|p1b: Vileplume|Sleep Powder|p2a: Dragonite
|-status|p2a: Dragonite|slp|[from] move: Sleep Powder
|move|p1a: Charizard|Weather Ball|p2a: Dragonite
|-damage|p2a: Dragonite|78/100 slp
|cant|p2a: Dragonite|slp
|
|-fieldend|move: Trick Room
|upkeep
|turn|6
|
|t:|1784320541
|detailschange|p1a: Charizard|Charizard-Mega-Y, L50, M
|-mega|p1a: Charizard|Charizard|Charizardite Y
|-weather|SunnyDay|[from] ability: Drought|[of] p1a: Charizard
|move|p1b: Vileplume|Sludge Bomb|p2a: Dragonite
|-damage|p2a: Dragonite|39/100 slp
|cant|p2a: Dragonite|slp
|move|p1a: Charizard|Heat Wave|p2a: Dragonite|[spread] p2a,p2b
|-resisted|p2a: Dragonite|1
|-resisted|p2b: Incineroar|1
|-damage|p2a: Dragonite|14/100 slp
|-damage|p2b: Incineroar|62/100 slp
|-curestatus|p2b: Incineroar|slp|[msg]
|move|p2b: Incineroar|Parting Shot|p1b: Vileplume
|-unboost|p1b: Vileplume|atk|1
|-unboost|p1b: Vileplume|spa|1
|
|t:|1784320553
|switch|p2b: Ninetales|Ninetales-Alola, L50, M|100/100|[from] Parting Shot
|-weather|Snowscape|[from] ability: Snow Warning|[of] p2b: Ninetales
|
|-weather|Snowscape|[upkeep]
|upkeep
|turn|7
|
|t:|1784320572
|move|p2b: Ninetales|Blizzard|p1b: Vileplume|[spread] p1a,p1b
|-supereffective|p1b: Vileplume|1
|-damage|p1a: Charizard|70/100
|-damage|p1b: Vileplume|21/100
|-curestatus|p2a: Dragonite|slp|[msg]
|move|p2a: Dragonite|Dragon Pulse|p1b: Vileplume
|-damage|p1b: Vileplume|0 fnt
|faint|p1b: Vileplume
|move|p1a: Charizard|Weather Ball|p2a: Dragonite
|-supereffective|p2a: Dragonite|2
|-damage|p2a: Dragonite|0 fnt
|faint|p2a: Dragonite
|
|-weather|Snowscape|[upkeep]
|upkeep
|
|t:|1784320582
|switch|p2a: Incineroar|Incineroar, L50, M|62/100
|-ability|p2a: Incineroar|Intimidate|boost
|-unboost|p1a: Charizard|atk|1
|turn|8
|-message|tmmc01 forfeited.
|
|win|is_katabo
|raw|tmmc01's rating: 1203 → 1184(-19 for losing)
|raw|is_katabo's rating: 1291 → 1310(+19 for winning)
|l|☆tmmc01
|player|p1|
|j|☆tmmc01
|player|p1|tmmc01|artist|
|l|☆tmmc01
|player|p1|
