|j|☆WestyLiam's House
|j|☆XayVGC
|html|WestyLiam's HouseXayVGC    
|uhtml|bestof|Game 3 of a best-of-3
|t:|1783610607
|gametype|doubles
|player|p1|WestyLiam's House|iris-gen5bw2|1276
|player|p2|XayVGC|clerk|1192
|gen|9
|tier|[Gen 9 Champions] VGC 2026 Reg M-B (Bo3)
|rated|
|rule|Species Clause: Limit one of each Pokémon
|rule|Item Clause: Limit 1 of each item
|clearpoke
|poke|p1|Charizard, L50, F|
|poke|p1|Venusaur, L50, M|
|poke|p1|Farigiraf, L50, M|
|poke|p1|Mawile, L50, M|
|poke|p1|Incineroar, L50, M|
|poke|p1|Garchomp, L50, F|
|poke|p2|Scovillain, L50, M|
|poke|p2|Araquanid, L50, F|
|poke|p2|Archaludon, L50, M|
|poke|p2|Froslass, L50, F|
|poke|p2|Lycanroc-Dusk, L50, M|
|poke|p2|Sneasler, L50, F|
|teampreview|4
|showteam|p1|Charizard||CharizarditeY|Blaze|HeatWave,WeatherBall,HelpingHand,Protect|Modest||F|||50|]Venusaur||LifeOrb|Chlorophyll|LeafStorm,SludgeBomb,EarthPower,Protect|Modest||M|||50|]Farigiraf||SitrusBerry|ArmorTail|TrickRoom,Thunderbolt,Psychic,HelpingHand|Sassy||M|||50|]Mawile||Mawilite|HyperCutter|PlayRough,RockSlide,SuckerPunch,Protect|Adamant||M|||50|]Incineroar||Leftovers|Intimidate|FakeOut,FlareBlitz,ThroatChop,PartingShot|Impish||M|||50|]Garchomp||ChoiceScarf|RoughSkin|Earthquake,DragonClaw,RockSlide,StompingTantrum|Adamant||F|||50|
|showteam|p2|Scovillain||Scovillainite|Moody|RagePowder,GigaDrain,Overheat,Protect|Bold||M|||50|]Araquanid||Leftovers|WaterBubble|WideGuard,Liquidation,LeechLife,Protect|Sassy||F|||50|]Archaludon||ChopleBerry|Stamina|AuraSphere,FlashCannon,DragonPulse,Protect|Modest||M|||50|]Froslass||Froslassite|SnowCloak|Blizzard,ShadowBall,AuroraVeil,Protect|Timid||F|||50|]Lycanroc-Dusk||FocusSash|ToughClaws|CloseCombat,Accelerock,RockSlide,Protect|Jolly||M|||50|]Sneasler||WhiteHerb|Unburden|FakeOut,CloseCombat,GunkShot,Protect|Jolly||F|||50|
|inactive|Battle timer is ON: inactive players will automatically lose when time's up. (requested by WestyLiam's House)
|inactive|XayVGC has 60 seconds left.
|inactive|XayVGC has 30 seconds left.
|inactive|XayVGC has 20 seconds left.
|inactive|XayVGC has 15 seconds left.
|inactive|XayVGC has 10 seconds left.
|
|t:|1783610690
|teamsize|p1|4
|teamsize|p2|4
|start
|switch|p1a: Venusaur|Venusaur, L50, M|100/100
|switch|p1b: Charizard|Charizard, L50, F|100/100
|switch|p2a: Scovillain|Scovillain, L50, M|100/100
|switch|p2b: Araquanid|Araquanid, L50, F|100/100
|turn|1
|inactive|XayVGC has 30 seconds left.
|
|t:|1783610720
|detailschange|p1b: Charizard|Charizard-Mega-Y, L50, F
|-mega|p1b: Charizard|Charizard|Charizardite Y
|-weather|SunnyDay|[from] ability: Drought|[of] p1b: Charizard
|move|p2a: Scovillain|Protect|p2a: Scovillain
|-singleturn|p2a: Scovillain|Protect
|move|p1a: Venusaur|Sludge Bomb|p2a: Scovillain
|-activate|p2a: Scovillain|move: Protect
|move|p1b: Charizard|Weather Ball|p2a: Scovillain
|-activate|p2a: Scovillain|move: Protect
|move|p2b: Araquanid|Liquidation|p1b: Charizard
|-supereffective|p1b: Charizard|1
|-crit|p1b: Charizard
|-damage|p1b: Charizard|20/100y
|
|-weather|SunnyDay|[upkeep]
|-ability|p2a: Scovillain|Moody|boost
|-boost|p2a: Scovillain|def|2
|-unboost|p2a: Scovillain|atk|1
|upkeep
|turn|2
|inactive|XayVGC has 30 seconds left.
|inactive|XayVGC has 20 seconds left.
|
|t:|1783610756
|switch|p1b: Incineroar|Incineroar, L50, M|100/100
|-ability|p1b: Incineroar|Intimidate|boost
|-unboost|p2a: Scovillain|atk|1
|-unboost|p2b: Araquanid|atk|1
|detailschange|p2a: Scovillain|Scovillain-Mega, L50, M
|-mega|p2a: Scovillain|Scovillain|Scovillainite
|move|p1a: Venusaur|Sludge Bomb|p2a: Scovillain
|-supereffective|p2a: Scovillain|1
|-damage|p2a: Scovillain|0 fnt
|-status|p1a: Venusaur|brn|[from] ability: Spicy Spray|[of] p2a: Scovillain
|faint|p2a: Scovillain
|-damage|p1a: Venusaur|90/100 brn|[from] item: Life Orb
|move|p2b: Araquanid|Liquidation|p1b: Incineroar
|-supereffective|p1b: Incineroar|1
|-damage|p1b: Incineroar|73/100
|
|-weather|SunnyDay|[upkeep]
|-heal|p1b: Incineroar|79/100|[from] item: Leftovers
|-damage|p1a: Venusaur|84/100 brn|[from] brn
|upkeep
|inactive|XayVGC has 30 seconds left.
|inactive|XayVGC has 20 seconds left.
|
|t:|1783610793
|switch|p2a: Archaludon|Archaludon, L50, M|100/100
|turn|3
|
|t:|1783610806
|move|p2a: Archaludon|Protect|p2a: Archaludon
|-singleturn|p2a: Archaludon|Protect
|move|p2b: Araquanid|Protect|p2b: Araquanid
|-singleturn|p2b: Araquanid|Protect
|move|p1b: Incineroar|Fake Out|p2b: Araquanid
|-activate|p2b: Araquanid|move: Protect
|move|p1a: Venusaur|Earth Power|p2a: Archaludon
|-activate|p2a: Archaludon|move: Protect
|
|-weather|SunnyDay|[upkeep]
|-heal|p1b: Incineroar|85/100|[from] item: Leftovers
|-damage|p1a: Venusaur|78/100 brn|[from] brn
|upkeep
|turn|4
|inactive|XayVGC has 30 seconds left.
|
|t:|1783610839
|move|p1a: Venusaur|Earth Power|p2a: Archaludon
|-supereffective|p2a: Archaludon|1
|-damage|p2a: Archaludon|0 fnt
|faint|p2a: Archaludon
|-damage|p1a: Venusaur|69/100 brn|[from] item: Life Orb
|move|p1b: Incineroar|Flare Blitz|p2b: Araquanid
|-damage|p2b: Araquanid|66/100
|-damage|p1b: Incineroar|75/100|[from] Recoil
|move|p2b: Araquanid|Leech Life|p1a: Venusaur
|-damage|p1a: Venusaur|45/100 brn
|-heal|p2b: Araquanid|77/100|[from] drain|[of] p1a: Venusaur
|
|-weather|SunnyDay|[upkeep]
|-heal|p1b: Incineroar|81/100|[from] item: Leftovers
|-heal|p2b: Araquanid|83/100|[from] item: Leftovers
|-damage|p1a: Venusaur|40/100 brn|[from] brn
|upkeep
|
|t:|1783610851
|switch|p2a: Lycanroc|Lycanroc-Dusk, L50, M|100/100
|turn|5
|c|☆XayVGC|didnt know venusaur was moving like that
|c|☆WestyLiam's House|yh bro
|inactive|XayVGC has 30 seconds left.
|
|t:|1783610882
|move|p2a: Lycanroc|Protect|p2a: Lycanroc
|-singleturn|p2a: Lycanroc|Protect
|move|p1a: Venusaur|Earth Power|p2a: Lycanroc
|-activate|p2a: Lycanroc|move: Protect
|move|p1b: Incineroar|Parting Shot|p2b: Araquanid
|-unboost|p2b: Araquanid|atk|1
|-unboost|p2b: Araquanid|spa|1
|
|t:|1783610888
|switch|p1b: Garchomp|Garchomp, L50, F|100/100|[from] Parting Shot
|move|p2b: Araquanid|Leech Life|p1a: Venusaur
|-damage|p1a: Venusaur|21/100 brn
|-heal|p2b: Araquanid|92/100|[from] drain|[of] p1a: Venusaur
|
|-weather|none
|-heal|p2b: Araquanid|97/100|[from] item: Leftovers
|-damage|p1a: Venusaur|15/100 brn|[from] brn
|upkeep
|turn|6
|inactive|XayVGC has 30 seconds left.
|inactive|XayVGC has 20 seconds left.
|
|t:|1783610923
|switch|p1a: Incineroar|Incineroar, L50, M|81/100
|-ability|p1a: Incineroar|Intimidate|boost
|-unboost|p2a: Lycanroc|atk|1
|-unboost|p2b: Araquanid|atk|1
|move|p2a: Lycanroc|Accelerock|p1a: Incineroar
|-supereffective|p1a: Incineroar|1
|-damage|p1a: Incineroar|51/100
|move|p1b: Garchomp|Dragon Claw|p2a: Lycanroc
|-damage|p2a: Lycanroc|22/100
|move|p2b: Araquanid|Liquidation|p1b: Garchomp
|-damage|p1b: Garchomp|76/100
|-damage|p2b: Araquanid|85/100|[from] ability: Rough Skin|[of] p1b: Garchomp
|
|-heal|p1a: Incineroar|57/100|[from] item: Leftovers
|-heal|p2b: Araquanid|91/100|[from] item: Leftovers
|upkeep
|turn|7
|inactive|XayVGC has 30 seconds left.
|
|t:|1783610955
|move|p2a: Lycanroc|Protect|p2a: Lycanroc
|-singleturn|p2a: Lycanroc|Protect
|move|p1a: Incineroar|Fake Out|p2b: Araquanid
|-damage|p2b: Araquanid|80/100
|move|p1b: Garchomp|Dragon Claw|p2a: Lycanroc
|-activate|p2a: Lycanroc|move: Protect
|cant|p2b: Araquanid|flinch
|
|-heal|p1a: Incineroar|63/100|[from] item: Leftovers
|-heal|p2b: Araquanid|85/100|[from] item: Leftovers
|upkeep
|turn|8
|
|t:|1783610964
|move|p2a: Lycanroc|Protect||[still]
|-fail|p2a: Lycanroc
|move|p1b: Garchomp|Dragon Claw|p2a: Lycanroc
|-crit|p2a: Lycanroc
|-damage|p2a: Lycanroc|0 fnt
|faint|p2a: Lycanroc
|move|p1a: Incineroar|Parting Shot|p2b: Araquanid
|-unboost|p2b: Araquanid|atk|1
|-unboost|p2b: Araquanid|spa|1
|-message|XayVGC forfeited.
|
|win|WestyLiam's House
|raw|WestyLiam's House's rating: 1276 → 1295(+19 for winning)
|raw|XayVGC's rating: 1192 → 1173(-19 for losing)
|l|☆XayVGC
|player|p2|
