|j|☆elmono11
|j|☆babysha
|html|elmono11babysha    
|uhtml|bestof|Game 1 of a best-of-3
|t:|1783893431
|gametype|doubles
|player|p1|elmono11|101|1133
|player|p2|babysha|102|1139
|gen|9
|tier|[Gen 9 Champions] VGC 2026 Reg M-B (Bo3)
|rated|
|rule|Species Clause: Limit one of each Pokémon
|rule|Item Clause: Limit 1 of each item
|clearpoke
|poke|p1|Blaziken, L50, M|
|poke|p1|Venusaur, L50, M|
|poke|p1|Ninetales-Alola, L50, M|
|poke|p1|Lycanroc-Dusk, L50, M|
|poke|p1|Kingambit, L50, M|
|poke|p1|Basculegion, L50, M|
|poke|p2|Sneasler, L50, M|
|poke|p2|Floette-Eternal, L50, F|
|poke|p2|Aerodactyl, L50, M|
|poke|p2|Pelipper, L50, M|
|poke|p2|Sceptile, L50, F|
|poke|p2|Lycanroc-Dusk, L50, M|
|teampreview|4
|showteam|p1|Blaziken||Blazikenite|SpeedBoost|CloseCombat,FlareBlitz,StoneEdge,Detect|Adamant||M|||50|]Venusaur||Venusaurite|Chlorophyll|GigaDrain,SludgeBomb,EarthPower,Protect|Modest||M|||50|]Ninetales-Alola||NeverMeltIce|SnowWarning|Blizzard,FreezeDry,Encore,Protect|Timid||M|||50|]Lycanroc-Dusk||FocusSash|ToughClaws|Accelerock,RockSlide,CloseCombat,Protect|Adamant||M|||50|]Kingambit||LifeOrb|Defiant|KowtowCleave,SuckerPunch,IronHead,Protect|Adamant||M|||50|]Basculegion||ChoiceScarf|Adaptability|WaveCrash,LastRespects,FlipTurn,AquaJet|Jolly||M|||50|
|showteam|p2|Sneasler||WhiteHerb|Unburden|FakeOut,DireClaw,CloseCombat,Protect|Jolly||M|||50|]Floette-Eternal||Floettite|FlowerVeil|CalmMind,LightofRuin,Moonblast,Protect|Timid||F|||50|]Aerodactyl||WideLens|Unnerve|Tailwind,DualWingbeat,RockSlide,WideGuard|Jolly||M|||50|]Pelipper||SharpBeak|Drizzle|Tailwind,Hurricane,WeatherBall,WideGuard|Modest||M|||50|]Sceptile||Sceptilite|Overgrow|GigaDrain,DragonPulse,EarthPower,Protect|Timid||F|||50|]Lycanroc-Dusk||FocusSash|ToughClaws|Accelerock,CloseCombat,RockSlide,Protect|Jolly||M|||50|
|inactive|Battle timer is ON: inactive players will automatically lose when time's up. (requested by babysha)
|inactive|elmono11 has 60 seconds left.
|inactive|babysha has 60 seconds left.
|
|t:|1783893475
|teamsize|p1|4
|teamsize|p2|4
|start
|switch|p1a: Venusaur|Venusaur, L50, M|100/100
|switch|p1b: Lycanroc|Lycanroc-Dusk, L50, M|100/100
|switch|p2a: Aerodactyl|Aerodactyl, L50, M|100/100
|switch|p2b: Pelipper|Pelipper, L50, M|100/100
|-ability|p2a: Aerodactyl|Unnerve
|-weather|RainDance|[from] ability: Drizzle|[of] p2b: Pelipper
|turn|1
|
|t:|1783893496
|detailschange|p1a: Venusaur|Venusaur-Mega, L50, M
|-mega|p1a: Venusaur|Venusaur|Venusaurite
|move|p2a: Aerodactyl|Dual Wingbeat|p1a: Venusaur
|-supereffective|p1a: Venusaur|1
|-damage|p1a: Venusaur|69/100
|-supereffective|p1a: Venusaur|1
|-crit|p1a: Venusaur
|-damage|p1a: Venusaur|22/100
|-hitcount|p1a: Venusaur|2
|move|p1b: Lycanroc|Rock Slide|p2a: Aerodactyl|[spread] p2a,p2b
|-supereffective|p2a: Aerodactyl|1
|-supereffective|p2b: Pelipper|1
|-damage|p2a: Aerodactyl|4/100
|-damage|p2b: Pelipper|32/100
|move|p1a: Venusaur|Giga Drain|p2b: Pelipper
|-damage|p2b: Pelipper|0 fnt
|-heal|p1a: Venusaur|35/100|[from] drain|[of] p2b: Pelipper
|faint|p2b: Pelipper
|
|-weather|RainDance|[upkeep]
|upkeep
|
|t:|1783893515
|switch|p2b: Floette|Floette-Eternal, L50, F|100/100
|turn|2
|
|t:|1783893539
|switch|p2a: Sneasler|Sneasler, L50, M|100/100
|detailschange|p2b: Floette|Floette-Mega, L50, F
|-mega|p2b: Floette|Floette|Floettite
|-ability|p2b: Floette|Fairy Aura
|move|p1b: Lycanroc|Accelerock|p2a: Sneasler
|-resisted|p2a: Sneasler|1
|-damage|p2a: Sneasler|77/100
|move|p2b: Floette|Moonblast|p1b: Lycanroc
|-enditem|p1b: Lycanroc|Focus Sash
|-damage|p1b: Lycanroc|1/100
|move|p1a: Venusaur|Sludge Bomb|p2b: Floette
|-supereffective|p2b: Floette|1
|-damage|p2b: Floette|20/100y
|
|-weather|RainDance|[upkeep]
|upkeep
|turn|3
|
|t:|1783893563
|move|p1b: Lycanroc|Protect|p1b: Lycanroc
|-singleturn|p1b: Lycanroc|Protect
|move|p1a: Venusaur|Protect|p1a: Venusaur
|-singleturn|p1a: Venusaur|Protect
|move|p2a: Sneasler|Fake Out|p1b: Lycanroc
|-activate|p1b: Lycanroc|move: Protect
|move|p2b: Floette|Moonblast|p1a: Venusaur
|-activate|p1a: Venusaur|move: Protect
|
|-weather|RainDance|[upkeep]
|upkeep
|turn|4
|
|t:|1783893574
|move|p2b: Floette|Protect|p2b: Floette
|-singleturn|p2b: Floette|Protect
|move|p1b: Lycanroc|Accelerock|p2b: Floette
|-activate|p2b: Floette|move: Protect
|move|p2a: Sneasler|Close Combat|p1b: Lycanroc
|-supereffective|p1b: Lycanroc|1
|-damage|p1b: Lycanroc|0 fnt
|-unboost|p2a: Sneasler|def|1
|-unboost|p2a: Sneasler|spd|1
|faint|p1b: Lycanroc
|-enditem|p2a: Sneasler|White Herb
|-clearnegativeboost|p2a: Sneasler|[silent]
|move|p1a: Venusaur|Earth Power|p2a: Sneasler
|-supereffective|p2a: Sneasler|1
|-damage|p2a: Sneasler|0 fnt
|faint|p2a: Sneasler
|
|-weather|RainDance|[upkeep]
|upkeep
|
|t:|1783893582
|switch|p2a: Aerodactyl|Aerodactyl, L50, M|4/100
|switch|p1b: Basculegion|Basculegion, L50, M|100/100
|-ability|p2a: Aerodactyl|Unnerve
|turn|5
|-message|babysha forfeited.
|
|win|elmono11
