|j|☆el_papas2893
|j|☆HopeAddict
|html|el_papas2893HopeAddict    
|uhtml|bestof|Game 1 of a best-of-3
|t:|1756840780
|gametype|doubles
|player|p1|el_papas2893|266|1068
|player|p2|HopeAddict|bill|1051
|gen|9
|tier|[Gen 9] VGC 2025 Reg H (Bo3)
|rated|
|rule|Species Clause: Limit one of each Pokémon
|rule|Item Clause: Limit 1 of each item
|clearpoke
|poke|p1|Bastiodon, L50, F|
|poke|p1|Electabuzz, L50, M|
|poke|p1|Indeedee, L50, M|
|poke|p1|Sceptile, L50, F|
|poke|p1|Talonflame, L50, F|
|poke|p1|Ursaluna-Bloodmoon, L50, M|
|poke|p2|Corviknight, L50, M|
|poke|p2|Garchomp, L50, M|
|poke|p2|Ninetales-Alola, L50, F|
|poke|p2|Sneasler, L50, M|
|poke|p2|Primarina, L50, M|
|poke|p2|Amoonguss, L50, M|
|teampreview|4
|showteam|p1|Bastiodon||Leftovers|Soundproof|BodyPress,WideGuard,StoneEdge,IronDefense|||F|||50|,,,,,Fighting]Electabuzz||Eviolite|VitalSpirit|Electroweb,FollowMe,SleepTalk,HelpingHand|||M|||50|,,,,,Dragon]Indeedee||FocusSash|PsychicSurge|ExpandingForce,TeraBlast,TrickRoom,Protect|||M|||50|,,,,,Fighting]Sceptile||PsychicSeed|Unburden|ShedTail,DragonPulse,LeafStorm,Protect|||F|||50|,,,,,Fire]Talonflame||CovertCloak|GaleWings|Tailwind,DualWingbeat,WillOWisp,FlareBlitz|||F|||50|,,,,,Fairy]Ursaluna-Bloodmoon||LifeOrb|MindsEye|HyperVoice,BloodMoon,EarthPower,VacuumWave|||M|||50|,,,,,Normal
|showteam|p2|Corviknight||Leftovers|MirrorArmor|BraveBird,BodyPress,BulkUp,Tailwind|||M|||50|,,,,,Fire]Garchomp||ClearAmulet|RoughSkin|Earthquake,RockSlide,StompingTantrum,Protect|||M|||50|,,,,,Ground]Ninetales-Alola||LightClay|SnowWarning|Blizzard,Encore,AuroraVeil,Protect|||F|||50|,,,,,Ghost]Sneasler||WhiteHerb|Unburden|DireClaw,CloseCombat,Protect,Coaching|||M|||50|,,,,,Flying]Primarina||ThroatSpray|LiquidVoice|HyperVoice,Moonblast,CalmMind,Protect|||M|||50|,,,,,Poison]Amoonguss||SitrusBerry|Regenerator|ClearSmog,PollenPuff,RagePowder,Spore|||M|||50|,,,,,Psychic
|inactive|Battle timer is ON: inactive players will automatically lose when time's up. (requested by HopeAddict)
|inactive|el_papas2893 has 60 seconds left.
|inactive|HopeAddict has 60 seconds left.
|inactive|el_papas2893 has 30 seconds left.
|inactive|el_papas2893 has 20 seconds left.
|inactive|el_papas2893 has 15 seconds left.
|inactive|el_papas2893 has 10 seconds left.
|inactive|el_papas2893 has 5 seconds left.
|
|t:|1756840869
|teamsize|p1|4
|teamsize|p2|4
|start
|switch|p1a: Talonflame|Talonflame, L50, F|100/100
|switch|p1b: Electabuzz|Electabuzz, L50, M|100/100
|switch|p2a: Corviknight|Corviknight, L50, M, shiny|100/100
|switch|p2b: Sneasler|Sneasler, L50, M|100/100
|turn|1
|inactive|el_papas2893 has 30 seconds left.
|inactive|el_papas2893 has 20 seconds left.
|inactive|el_papas2893 has 15 seconds left.
|inactive|el_papas2893 has 10 seconds left.
|
|t:|1756840918
|-terastallize|p2a: Corviknight|Fire
|move|p2b: Sneasler|Protect|p2b: Sneasler
|-singleturn|p2b: Sneasler|Protect
|move|p1b: Electabuzz|Follow Me|p1b: Electabuzz
|-singleturn|p1b: Electabuzz|move: Follow Me
|move|p1a: Talonflame|Dual Wingbeat|p2b: Sneasler
|-activate|p2b: Sneasler|move: Protect
|move|p2a: Corviknight|Bulk Up|p2a: Corviknight
|-boost|p2a: Corviknight|atk|1
|-boost|p2a: Corviknight|def|1
|
|upkeep
|turn|2
|inactive|HopeAddict has 30 seconds left.
|
|t:|1756840947
|move|p1b: Electabuzz|Follow Me|p1b: Electabuzz
|-singleturn|p1b: Electabuzz|move: Follow Me
|move|p1a: Talonflame|Dual Wingbeat|p2b: Sneasler
|-supereffective|p2b: Sneasler
|-damage|p2b: Sneasler|37/100
|-supereffective|p2b: Sneasler
|-damage|p2b: Sneasler|0 fnt
|faint|p2b: Sneasler
|-hitcount|p2: Sneasler|2
|move|p2a: Corviknight|Bulk Up|p2a: Corviknight
|-boost|p2a: Corviknight|atk|1
|-boost|p2a: Corviknight|def|1
|
|upkeep
|
|t:|1756840959
|switch|p2b: Garchomp|Garchomp, L50, M, shiny|100/100
|turn|3
|
|t:|1756840982
|switch|p1b: Indeedee|Indeedee, L50, M|100/100
|-fieldstart|move: Psychic Terrain|[from] ability: Psychic Surge|[of] p1b: Indeedee
|move|p2b: Garchomp|Rock Slide|p1b: Indeedee|[spread] p1b
|-miss|p2b: Garchomp|p1a: Talonflame
|-damage|p1b: Indeedee|63/100
|move|p1a: Talonflame|Will-O-Wisp|p2b: Garchomp
|-status|p2b: Garchomp|brn
|move|p2a: Corviknight|Body Press|p1b: Indeedee
|-damage|p1b: Indeedee|0 fnt
|faint|p1b: Indeedee
|
|-damage|p2b: Garchomp|94/100 brn|[from] brn
|upkeep
|
|t:|1756841001
|switch|p1b: Bastiodon|Bastiodon, L50, F|100/100
|turn|4
|
|t:|1756841016
|-terastallize|p1b: Bastiodon|Fighting
|move|p1a: Talonflame|Dual Wingbeat|p2a: Corviknight
|-activate|p2a: Corviknight|move: Psychic Terrain
|move|p2b: Garchomp|Stomping Tantrum|p1b: Bastiodon
|-damage|p1b: Bastiodon|88/100
|move|p2a: Corviknight|Bulk Up|p2a: Corviknight
|-boost|p2a: Corviknight|atk|1
|-boost|p2a: Corviknight|def|1
|move|p1b: Bastiodon|Iron Defense|p1b: Bastiodon
|-boost|p1b: Bastiodon|def|2
|
|-heal|p1b: Bastiodon|94/100|[from] item: Leftovers
|-damage|p2b: Garchomp|88/100 brn|[from] brn
|upkeep
|turn|5
|inactive|el_papas2893 has 30 seconds left.
|
|t:|1756841045
|move|p2b: Garchomp|Rock Slide|p1b: Bastiodon|[spread] p1a,p1b
|-supereffective|p1a: Talonflame
|-resisted|p1b: Bastiodon
|-damage|p1a: Talonflame|53/100
|-damage|p1b: Bastiodon|93/100
|move|p1a: Talonflame|Flare Blitz|p2b: Garchomp
|-resisted|p2b: Garchomp
|-damage|p2b: Garchomp|64/100 brn
|-damage|p1a: Talonflame|41/100|[from] ability: Rough Skin|[of] p2b: Garchomp
|-damage|p1a: Talonflame|32/100|[from] Recoil
|move|p2a: Corviknight|Body Press|p1b: Bastiodon
|-damage|p1b: Bastiodon|77/100
|move|p1b: Bastiodon|Iron Defense|p1b: Bastiodon
|-boost|p1b: Bastiodon|def|2
|
|-heal|p1b: Bastiodon|83/100|[from] item: Leftovers
|-damage|p2b: Garchomp|58/100 brn|[from] brn
|upkeep
|turn|6
|
|t:|1756841068
|move|p2b: Garchomp|Rock Slide|p1a: Talonflame|[spread] p1a,p1b
|-supereffective|p1a: Talonflame
|-resisted|p1b: Bastiodon
|-damage|p1a: Talonflame|0 fnt
|-damage|p1b: Bastiodon|82/100
|faint|p1a: Talonflame
|move|p2a: Corviknight|Brave Bird|p1b: Bastiodon
|-supereffective|p1b: Bastiodon
|-damage|p1b: Bastiodon|35/100
|-damage|p2a: Corviknight|88/100|[from] Recoil
|move|p1b: Bastiodon|Body Press|p2a: Corviknight
|-damage|p2a: Corviknight|37/100
|
|-heal|p2a: Corviknight|42/100|[from] item: Leftovers
|-heal|p1b: Bastiodon|41/100|[from] item: Leftovers
|-damage|p2b: Garchomp|52/100 brn|[from] brn
|upkeep
|
|t:|1756841084
|switch|p1a: Electabuzz|Electabuzz, L50, M|100/100
|turn|7
|
|t:|1756841099
|move|p2b: Garchomp|Stomping Tantrum|p1a: Electabuzz
|-supereffective|p1a: Electabuzz
|-crit|p1a: Electabuzz
|-damage|p1a: Electabuzz|53/100
|move|p1a: Electabuzz|Electroweb|p2a: Corviknight|[spread] p2a
|-immune|p2b: Garchomp
|-damage|p2a: Corviknight|29/100
|-ability|p2a: Corviknight|Mirror Armor
|-unboost|p1a: Electabuzz|spe|1
|move|p2a: Corviknight|Bulk Up|p2a: Corviknight
|-boost|p2a: Corviknight|atk|1
|-boost|p2a: Corviknight|def|1
|move|p1b: Bastiodon|Body Press|p2a: Corviknight
|-damage|p2a: Corviknight|0 fnt
|faint|p2a: Corviknight
|
|-heal|p1b: Bastiodon|47/100|[from] item: Leftovers
|-damage|p2b: Garchomp|46/100 brn|[from] brn
|-fieldend|move: Psychic Terrain
|upkeep
|
|t:|1756841102
|switch|p2a: Primarina|Primarina, L50, M|100/100
|turn|8
|inactive|el_papas2893 has 30 seconds left.
|inactive|el_papas2893 has 20 seconds left.
|
|t:|1756841138
|move|p1a: Electabuzz|Follow Me|p1a: Electabuzz
|-singleturn|p1a: Electabuzz|move: Follow Me
|move|p2b: Garchomp|Stomping Tantrum|p1a: Electabuzz
|-supereffective|p1a: Electabuzz
|-damage|p1a: Electabuzz|23/100
|move|p2a: Primarina|Moonblast|p1a: Electabuzz
|-damage|p1a: Electabuzz|0 fnt
|faint|p1a: Electabuzz
|move|p1b: Bastiodon|Body Press|p2a: Primarina
|-resisted|p2a: Primarina
|-damage|p2a: Primarina|20/100
|
|-heal|p1b: Bastiodon|53/100|[from] item: Leftovers
|-damage|p2b: Garchomp|40/100 brn|[from] brn
|upkeep
|turn|9
|inactive|el_papas2893 has 30 seconds left.
|
|t:|1756841165
|move|p2b: Garchomp|Stomping Tantrum|p1b: Bastiodon
|-damage|p1b: Bastiodon|48/100
|move|p2a: Primarina|Moonblast|p1b: Bastiodon
|-supereffective|p1b: Bastiodon
|-damage|p1b: Bastiodon|0 fnt
|faint|p1b: Bastiodon
|
|win|HopeAddict
||HopeAddict is ready for game 2.
|inactive|el_papas2893 has 30 seconds to confirm battle start!
|l|☆el_papas2893
|player|p1|
||el_papas2893 is ready for game 2.
|uhtml|next|Next: Game 2 of 3
