|j|☆iliteratepineapple
|j|☆jamasfc01
|html|iliteratepineapplejamasfc01    
|uhtml|bestof|Game 1 of a best-of-3
|t:|1756597168
|gametype|doubles
|player|p1|iliteratepineapple|1|1068
|player|p2|jamasfc01|2|1000
|gen|9
|tier|[Gen 9] VGC 2025 Reg H (Bo3)
|rated|
|rule|Species Clause: Limit one of each Pokémon
|rule|Item Clause: Limit 1 of each item
|clearpoke
|poke|p1|Basculegion, L50, M|
|poke|p1|Indeedee-F, L50, F|
|poke|p1|Ursaluna, L50, M|
|poke|p1|Murkrow, L50, F|
|poke|p1|Incineroar, L50, F|
|poke|p1|Sneasler, L50, F|
|poke|p2|Alcremie, L50, F|
|poke|p2|Smeargle, L50, M|
|poke|p2|Farigiraf, L50, M|
|poke|p2|Ursaluna-Bloodmoon, L50, M|
|poke|p2|Torkoal, L50, M|
|poke|p2|Annihilape, L50, F|
|teampreview|4
|showteam|p1|Basculegion||LifeOrb|SwiftSwim|WaveCrash,LastRespects,FlipTurn,Protect|||M|||50|,,,,,Grass]Indeedee-F||SafetyGoggles|PsychicSurge|Psychic,TrickRoom,Protect,FollowMe|||F|||50|,,,,,Fairy]Ursaluna||FlameOrb|Guts|Facade,HeadlongRush,Earthquake,Protect|||M|||50|,,,,,Ghost]Murkrow||Eviolite|Prankster|DualWingbeat,Tailwind,RainDance,Protect|||F|||50|,,,,,Ghost]Incineroar||AssaultVest|Intimidate|KnockOff,FlareBlitz,Uturn,FakeOut|||F|||50|,,,,,Bug]Sneasler||FocusSash|PoisonTouch|DireClaw,CloseCombat,ThroatChop,Protect|||F|||50|,,,,,Fighting
|showteam|p2|Alcremie||CovertCloak|SweetVeil|Decorate,Charm,DazzlingGleam,Encore|||F|||50|,,,,,Steel]Smeargle||FocusSash|Moody|FakeOut,Decorate,FollowMe,Spore|||M|||50|,,,,,Ghost]Farigiraf||MentalHerb|ArmorTail|TrickRoom,PsychicNoise,HelpingHand,Protect|||M|||50|,,,,,Dark]Ursaluna-Bloodmoon||LifeOrb|MindsEye|Protect,HyperVoice,EarthPower,BloodMoon|||M|||50|,,,,,Normal]Torkoal||Charcoal|Drought|Eruption,HeatWave,EarthPower,Protect|||M|||50|,,,,,Fire]Annihilape||ChoiceScarf|Defiant|CloseCombat,ShadowClaw,FinalGambit,Uturn|||F|||50|,,,,,Fighting
|inactive|Battle timer is ON: inactive players will automatically lose when time's up. (requested by jamasfc01)
|
|t:|1756597269
|teamsize|p1|4
|teamsize|p2|4
|start
|switch|p1a: Basculegion|Basculegion, L50, M|100/100
|switch|p1b: Murkrow|Murkrow, L50, F|100/100
|switch|p2a: Farigiraf|Farigiraf, L50, M|100/100
|switch|p2b: Torkoal|Torkoal, L50, M|100/100
|-weather|SunnyDay|[from] ability: Drought|[of] p2b: Torkoal
|turn|1
|inactive|iliteratepineapple has 30 seconds left.
|inactive|iliteratepineapple has 20 seconds left.
|inactive|iliteratepineapple has 15 seconds left.
|
|t:|1756597311
|move|p2b: Torkoal|Protect|p2b: Torkoal
|-singleturn|p2b: Torkoal|Protect
|move|p1b: Murkrow|Rain Dance|p1b: Murkrow
|-weather|RainDance
|move|p1a: Basculegion|Wave Crash|p2a: Farigiraf
|-damage|p2a: Farigiraf|2/100
|-damage|p1a: Basculegion|65/100|[from] Recoil
|-damage|p1a: Basculegion|56/100|[from] item: Life Orb
|move|p2a: Farigiraf|Trick Room|p2a: Farigiraf
|-fieldstart|move: Trick Room|[of] p2a: Farigiraf
|
|-weather|RainDance|[upkeep]
|upkeep
|turn|2
|inactive|iliteratepineapple has 30 seconds left.
|inactive|jamasfc01 has 30 seconds left.
|inactive|iliteratepineapple has 20 seconds left.
|inactive|jamasfc01 has 20 seconds left.
|inactive|iliteratepineapple has 15 seconds left.
|
|t:|1756597354
|switch|p1a: Ursaluna|Ursaluna, L50, M|100/100
|move|p2a: Farigiraf|Helping Hand|p2b: Torkoal
|-singleturn|p2b: Torkoal|Helping Hand|[of] p2a: Farigiraf
|move|p2b: Torkoal|Earth Power|p1a: Ursaluna
|-damage|p1a: Ursaluna|66/100
|move|p1b: Murkrow|Dual Wingbeat|p2b: Torkoal
|-damage|p2b: Torkoal|88/100
|-damage|p2b: Torkoal|76/100
|-hitcount|p2b: Torkoal|2
|
|-weather|RainDance|[upkeep]
|-status|p1a: Ursaluna|brn|[from] item: Flame Orb
|upkeep
|turn|3
|inactive|iliteratepineapple has 30 seconds left.
|inactive|jamasfc01 has 30 seconds left.
|inactive|jamasfc01 has 20 seconds left.
|inactive|jamasfc01 has 15 seconds left.
|inactive|jamasfc01 has 10 seconds left.
|
|t:|1756597400
|move|p2a: Farigiraf|Helping Hand|p2b: Torkoal
|-singleturn|p2b: Torkoal|Helping Hand|[of] p2a: Farigiraf
|move|p1a: Ursaluna|Protect|p1a: Ursaluna
|-singleturn|p1a: Ursaluna|Protect
|move|p2b: Torkoal|Eruption|p1a: Ursaluna|[spread] p1b
|-activate|p1a: Ursaluna|move: Protect
|-damage|p1b: Murkrow|62/100
|move|p1b: Murkrow|Dual Wingbeat|p2b: Torkoal
|-damage|p2b: Torkoal|64/100
|-damage|p2b: Torkoal|52/100
|-hitcount|p2b: Torkoal|2
|
|-weather|RainDance|[upkeep]
|-damage|p1a: Ursaluna|61/100 brn|[from] brn
|upkeep
|turn|4
|inactive|jamasfc01 has 30 seconds left.
|
|t:|1756597426
|move|p2a: Farigiraf|Helping Hand|p2b: Torkoal
|-singleturn|p2b: Torkoal|Helping Hand|[of] p2a: Farigiraf
|move|p2b: Torkoal|Heat Wave|p1a: Ursaluna|[spread] p1a,p1b
|-damage|p1a: Ursaluna|36/100 brn
|-damage|p1b: Murkrow|26/100
|move|p1a: Ursaluna|Earthquake|p2a: Farigiraf|[spread] p2a,p2b
|-immune|p1b: Murkrow
|-supereffective|p2b: Torkoal
|-damage|p2a: Farigiraf|0 fnt
|-damage|p2b: Torkoal|0 fnt
|faint|p2a: Farigiraf
|faint|p2b: Torkoal
|move|p1b: Murkrow|Dual Wingbeat|p2: Farigiraf|[notarget]
|-fail|p1b: Murkrow
|
|-weather|RainDance|[upkeep]
|-damage|p1a: Ursaluna|31/100 brn|[from] brn
|upkeep
|
|t:|1756597444
|switch|p2b: Smeargle|Smeargle, L50, M|100/100
|switch|p2a: Ursaluna|Ursaluna-Bloodmoon, L50, M|100/100
|turn|5
|
|t:|1756597463
|move|p1b: Murkrow|Protect|p1b: Murkrow
|-singleturn|p1b: Murkrow|Protect
|move|p1a: Ursaluna|Protect|p1a: Ursaluna
|-singleturn|p1a: Ursaluna|Protect
|move|p2a: Ursaluna|Hyper Voice|p1a: Ursaluna|[spread] 
|-activate|p1a: Ursaluna|move: Protect
|-activate|p1b: Murkrow|move: Protect
|move|p2b: Smeargle|Decorate|p2a: Ursaluna
|-boost|p2a: Ursaluna|atk|2
|-boost|p2a: Ursaluna|spa|2
|
|-weather|none
|-damage|p1a: Ursaluna|25/100 brn|[from] brn
|-fieldend|move: Trick Room
|-ability|p2b: Smeargle|Moody|boost
|-boost|p2b: Smeargle|spd|2
|-unboost|p2b: Smeargle|def|1
|upkeep
|turn|6
|inactive|iliteratepineapple has 30 seconds left.
|inactive|jamasfc01 has 30 seconds left.
|inactive|iliteratepineapple has 20 seconds left.
|
|t:|1756597502
|move|p1b: Murkrow|Tailwind|p1b: Murkrow
|-sidestart|p1: iliteratepineapple|move: Tailwind
|move|p1a: Ursaluna|Earthquake|p2a: Ursaluna|[spread] p2a,p2b
|-immune|p1b: Murkrow
|-damage|p2a: Ursaluna|54/100
|-enditem|p2b: Smeargle|Focus Sash
|-damage|p2b: Smeargle|1/100
|move|p2b: Smeargle|Decorate|p2a: Ursaluna
|-boost|p2a: Ursaluna|atk|2
|-boost|p2a: Ursaluna|spa|2
|move|p2a: Ursaluna|Hyper Voice|p1b: Murkrow|[spread] p1a,p1b
|-damage|p1a: Ursaluna|0 fnt
|-damage|p1b: Murkrow|0 fnt
|faint|p1a: Ursaluna
|faint|p1b: Murkrow
|-damage|p2a: Ursaluna|44/100|[from] item: Life Orb
|
|-ability|p2b: Smeargle|Moody|boost
|-boost|p2b: Smeargle|atk|2
|-unboost|p2b: Smeargle|def|1
|upkeep
|
|t:|1756597524
|switch|p1b: Indeedee|Indeedee-F, L50, F|100/100
|switch|p1a: Basculegion|Basculegion, L50, M|56/100
|-fieldstart|move: Psychic Terrain|[from] ability: Psychic Surge|[of] p1b: Indeedee
|turn|7
|inactive|jamasfc01 has 30 seconds left.
|inactive|jamasfc01 has 20 seconds left.
|inactive|jamasfc01 has 15 seconds left.
|
|t:|1756597565
|move|p1a: Basculegion|Protect|p1a: Basculegion
|-singleturn|p1a: Basculegion|Protect
|move|p2b: Smeargle|Follow Me|p2b: Smeargle
|-singleturn|p2b: Smeargle|move: Follow Me
|move|p1b: Indeedee|Psychic|p2b: Smeargle
|-damage|p2b: Smeargle|0 fnt
|faint|p2b: Smeargle
|move|p2a: Ursaluna|Hyper Voice|p1b: Indeedee|[spread] p1b
|-activate|p1a: Basculegion|move: Protect
|-damage|p1b: Indeedee|0 fnt
|faint|p1b: Indeedee
|-damage|p2a: Ursaluna|34/100|[from] item: Life Orb
|
|upkeep
|turn|8
|inactive|iliteratepineapple has 30 seconds left.
|inactive|iliteratepineapple has 20 seconds left.
|
|t:|1756597602
|-terastallize|p2a: Ursaluna|Normal
|move|p1a: Basculegion|Wave Crash|p2a: Ursaluna
|-damage|p2a: Ursaluna|0 fnt
|faint|p2a: Ursaluna
|-damage|p1a: Basculegion|44/100|[from] Recoil
|-damage|p1a: Basculegion|35/100|[from] item: Life Orb
|
|win|iliteratepineapple
|l|☆jamasfc01
|player|p2|
|inactive|iliteratepineapple has 30 seconds to confirm battle start!
|inactive|jamasfc01 has 30 seconds to confirm battle start!
||iliteratepineapple is ready for game 2.
|raw|iliteratepineapple's rating: 1068 → 1092(+24 for winning)
|raw|jamasfc01's rating: 1000 → 1000(+0 for losing)
