|j|☆zach_lucius
|j|☆OreXis945
|html|zach_luciusOreXis945    
|uhtml|bestof|Game 1 of a best-of-3
|t:|1756920081
|gametype|doubles
|player|p1|zach_lucius|briar|1349
|player|p2|OreXis945|101|1267
|gen|9
|tier|[Gen 9] VGC 2025 Reg H (Bo3)
|rated|
|rule|Species Clause: Limit one of each Pokémon
|rule|Item Clause: Limit 1 of each item
|clearpoke
|poke|p1|Indeedee-F, L50, F|
|poke|p1|Sneasler, L50, F|
|poke|p1|Armarouge, L50, F|
|poke|p1|Torkoal, L50, F|
|poke|p1|Lilligant-Hisui, L50, F|
|poke|p1|Gallade, L50, M|
|poke|p2|Archaludon, L50, F|
|poke|p2|Sinistcha-Masterpiece, L50|
|poke|p2|Dragonite, L50, F|
|poke|p2|Pelipper, L50, F|
|poke|p2|Ursaluna, L50, M|
|poke|p2|Gholdengo, L50|
|teampreview|4
|showteam|p1|Indeedee-F||SafetyGoggles|PsychicSurge|Psychic,HelpingHand,FollowMe,TrickRoom|||F|||50|,,,,,Fairy]Sneasler||PsychicSeed|Unburden|DireClaw,CloseCombat,ThroatChop,Protect|||F|||50|,,,,,Dark]Armarouge||LifeOrb|FlashFire|ExpandingForce,ArmorCannon,TrickRoom,Protect|||F|||50|,,,,,Grass]Torkoal||Charcoal|Drought|Eruption,WeatherBall,ClearSmog,Protect|||F|||50|,,,,,Fire]Lilligant-Hisui||FocusSash|Chlorophyll|CloseCombat,SolarBlade,IceSpinner,AfterYou|||F|||50|,,,,,Ghost]Gallade||ClearAmulet|Sharpness|SacredSword,PsychoCut,WideGuard,TrickRoom|||M|||50|,,,,,Steel
|showteam|p2|Archaludon||AssaultVest|Stamina|BodyPress,Snarl,ElectroShot,FlashCannon|||F|||50|,,,,,Fighting]Sinistcha-Masterpiece||SitrusBerry|Hospitality|MatchaGotcha,RagePowder,TrickRoom,LifeDew||||||50|,,,,,Dark]Dragonite||LoadedDice|Multiscale|ScaleShot,Protect,Tailwind,Haze|||F|||50|,,,,,Steel]Pelipper||FocusSash|Drizzle|MuddyWater,Hurricane,Tailwind,Protect|||F|||50|,,,,,Ghost]Ursaluna||FlameOrb|Guts|Facade,HeadlongRush,Earthquake,Protect|||M|||50|,,,,,Ghost]Gholdengo||ChoiceScarf|GoodasGold|MakeItRain,TeraBlast,ShadowBall,Trick||||||50|,,,,,Water
|
|t:|1756920136
|teamsize|p1|4
|teamsize|p2|4
|start
|switch|p1a: Indeedee|Indeedee-F, L50, F|100/100
|switch|p1b: Gallade|Gallade, L50, M|100/100
|switch|p2a: Archaludon|Archaludon, L50, F|100/100
|switch|p2b: Dragonite|Dragonite, L50, F|100/100
|-fieldstart|move: Psychic Terrain|[from] ability: Psychic Surge|[of] p1a: Indeedee
|turn|1
|
|t:|1756920169
|switch|p2b: Pelipper|Pelipper, L50, F|100/100
|-weather|RainDance|[from] ability: Drizzle|[of] p2b: Pelipper
|move|p1a: Indeedee|Follow Me|p1a: Indeedee
|-singleturn|p1a: Indeedee|move: Follow Me
|move|p2a: Archaludon|Electro Shot||[still]
|-prepare|p2a: Archaludon|Electro Shot
|-boost|p2a: Archaludon|spa|1
|-anim|p2a: Archaludon|Electro Shot|p1a: Indeedee
|-damage|p1a: Indeedee|49/100
|move|p1b: Gallade|Trick Room|p1b: Gallade
|-fieldstart|move: Trick Room|[of] p1b: Gallade
|
|-weather|RainDance|[upkeep]
|upkeep
|turn|2
|
|t:|1756920211
|switch|p2b: Sinistcha|Sinistcha-Masterpiece, L50|100/100
|-terastallize|p1b: Gallade|Steel
|move|p1b: Gallade|Sacred Sword|p2a: Archaludon
|-supereffective|p2a: Archaludon
|-damage|p2a: Archaludon|3/100
|-ability|p2a: Archaludon|Stamina|boost
|-boost|p2a: Archaludon|def|1
|move|p1a: Indeedee|Psychic|p2a: Archaludon
|-resisted|p2a: Archaludon
|-damage|p2a: Archaludon|0 fnt
|faint|p2a: Archaludon
|
|-weather|RainDance|[upkeep]
|upkeep
|
|t:|1756920238
|switch|p2a: Pelipper|Pelipper, L50, F|100/100
|turn|3
|
|t:|1756920266
|move|p2b: Sinistcha|Rage Powder|p2b: Sinistcha
|-singleturn|p2b: Sinistcha|move: Rage Powder
|move|p1b: Gallade|Psycho Cut|p2b: Sinistcha
|-damage|p2b: Sinistcha|34/100
|-enditem|p2b: Sinistcha|Sitrus Berry|[eat]
|-heal|p2b: Sinistcha|59/100|[from] item: Sitrus Berry
|move|p1a: Indeedee|Psychic|p2a: Pelipper
|-damage|p2a: Pelipper|32/100
|-unboost|p2a: Pelipper|spd|1
|move|p2a: Pelipper|Muddy Water|p1b: Gallade|[spread] p1b
|-miss|p2a: Pelipper|p1a: Indeedee
|-damage|p1b: Gallade|61/100
|
|-weather|RainDance|[upkeep]
|upkeep
|turn|4
|
|t:|1756920288
|switch|p2a: Dragonite|Dragonite, L50, F|100/100
|-terastallize|p2b: Sinistcha|Dark
|move|p2b: Sinistcha|Matcha Gotcha|p1b: Gallade|[spread] p1a,p1b
|-resisted|p1b: Gallade
|-damage|p1a: Indeedee|25/100
|-heal|p2b: Sinistcha|71/100|[from] drain|[of] p1a: Indeedee
|-damage|p1b: Gallade|49/100
|-heal|p2b: Sinistcha|76/100|[from] drain|[of] p1b: Gallade
|-status|p1a: Indeedee|brn
|move|p1b: Gallade|Psycho Cut|p2b: Sinistcha
|-immune|p2b: Sinistcha
|move|p1a: Indeedee|Psychic|p2a: Dragonite
|-damage|p2a: Dragonite|81/100
|
|-weather|RainDance|[upkeep]
|-damage|p1a: Indeedee|19/100 brn|[from] brn
|upkeep
|turn|5
|
|t:|1756920320
|switch|p1a: Armarouge|Armarouge, L50, F|100/100
|move|p2b: Sinistcha|Matcha Gotcha|p1b: Gallade|[spread] p1a,p1b
|-resisted|p1a: Armarouge
|-resisted|p1b: Gallade
|-damage|p1a: Armarouge|87/100
|-heal|p2b: Sinistcha|84/100|[from] drain|[of] p1a: Armarouge
|-damage|p1b: Gallade|39/100
|-heal|p2b: Sinistcha|89/100|[from] drain|[of] p1b: Gallade
|move|p1b: Gallade|Sacred Sword|p2b: Sinistcha
|-supereffective|p2b: Sinistcha
|-damage|p2b: Sinistcha|0 fnt
|faint|p2b: Sinistcha
|move|p2a: Dragonite|Scale Shot|p1b: Gallade|[miss]
|-miss|p2a: Dragonite|p1b: Gallade
|
|-weather|none
|-fieldend|move: Trick Room
|-fieldend|move: Psychic Terrain
|upkeep
|
|t:|1756920333
|switch|p2b: Pelipper|Pelipper, L50, F|32/100
|-weather|RainDance|[from] ability: Drizzle|[of] p2b: Pelipper
|turn|6
|
|t:|1756920339
|switch|p1b: Torkoal|Torkoal, L50, F|100/100
|-weather|SunnyDay|[from] ability: Drought|[of] p1b: Torkoal
|move|p2a: Dragonite|Scale Shot|p1a: Armarouge
|-damage|p1a: Armarouge|74/100
|-damage|p1a: Armarouge|60/100
|-damage|p1a: Armarouge|45/100
|-damage|p1a: Armarouge|32/100
|-damage|p1a: Armarouge|17/100
|-hitcount|p1a: Armarouge|5
|-unboost|p2a: Dragonite|def|1
|-boost|p2a: Dragonite|spe|1
|move|p2b: Pelipper|Muddy Water|p1a: Armarouge|[spread] p1a,p1b
|-supereffective|p1a: Armarouge
|-supereffective|p1b: Torkoal
|-damage|p1a: Armarouge|0 fnt
|-damage|p1b: Torkoal|65/100
|-unboost|p1b: Torkoal|accuracy|1
|faint|p1a: Armarouge
|
|-weather|SunnyDay|[upkeep]
|upkeep
|
|t:|1756920354
|switch|p1a: Indeedee|Indeedee-F, L50, F|19/100 brn
|-fieldstart|move: Psychic Terrain|[from] ability: Psychic Surge|[of] p1a: Indeedee
|turn|7
|
|t:|1756920363
|move|p1a: Indeedee|Follow Me|p1a: Indeedee
|-singleturn|p1a: Indeedee|move: Follow Me
|move|p2a: Dragonite|Scale Shot|p1a: Indeedee
|-damage|p1a: Indeedee|3/100 brn
|-damage|p1a: Indeedee|0 fnt
|faint|p1a: Indeedee
|-hitcount|p1: Indeedee|2
|-unboost|p2a: Dragonite|def|1
|-boost|p2a: Dragonite|spe|1
|move|p2b: Pelipper|Muddy Water|p1b: Torkoal|[miss]
|-miss|p2b: Pelipper|p1b: Torkoal
|move|p1b: Torkoal|Weather Ball|p2b: Pelipper
|-resisted|p2b: Pelipper
|-crit|p2b: Pelipper
|-damage|p2b: Pelipper|0 fnt
|faint|p2b: Pelipper
|
|-weather|SunnyDay|[upkeep]
|upkeep
|
|t:|1756920370
|switch|p1a: Gallade|Gallade, L50, M, tera:Steel|39/100
|turn|8
|
|t:|1756920375
|move|p2a: Dragonite|Scale Shot|p1a: Gallade
|-resisted|p1a: Gallade
|-damage|p1a: Gallade|29/100
|-resisted|p1a: Gallade
|-damage|p1a: Gallade|19/100
|-resisted|p1a: Gallade
|-damage|p1a: Gallade|9/100
|-resisted|p1a: Gallade
|-damage|p1a: Gallade|0 fnt
|faint|p1a: Gallade
|-hitcount|p1: Gallade|4
|-unboost|p2a: Dragonite|def|1
|-boost|p2a: Dragonite|spe|1
|move|p1b: Torkoal|Weather Ball|p2a: Dragonite
|-resisted|p2a: Dragonite
|-damage|p2a: Dragonite|42/100
|
|-weather|SunnyDay|[upkeep]
|upkeep
|turn|9
|
|t:|1756920395
|move|p2a: Dragonite|Scale Shot|p1b: Torkoal
|-damage|p1b: Torkoal|55/100
|-damage|p1b: Torkoal|43/100
|-damage|p1b: Torkoal|30/100
|-damage|p1b: Torkoal|20/100
|-damage|p1b: Torkoal|8/100
|-hitcount|p1b: Torkoal|5
|-unboost|p2a: Dragonite|def|1
|-boost|p2a: Dragonite|spe|1
|move|p1b: Torkoal|Weather Ball|p2a: Dragonite|[miss]
|-miss|p1b: Torkoal|p2a: Dragonite
|
|-weather|SunnyDay|[upkeep]
|upkeep
|turn|10
|
|t:|1756920403
|move|p2a: Dragonite|Scale Shot|p1b: Torkoal
|-damage|p1b: Torkoal|0 fnt
|faint|p1b: Torkoal
|-hitcount|p1: Torkoal|1
|
|win|OreXis945
||OreXis945 is ready for game 2.
||zach_lucius is ready for game 2.
|uhtml|next|Next: Game 2 of 3
|l|☆zach_lucius
|player|p1|
