|j|Ōśåwerling
|j|ŌśåVincykyu
|html|werlingVincykyu    
|uhtml|bestof|Game 2 of a best-of-3
|t:|1785874983
|gametype|doubles
|player|p1|werling|n|
|player|p2|Vincykyu|elesa|
|gen|9
|tier|[Gen 9 Champions] VGC 2026 Reg M-B (Bo3)
|rule|Species Clause: Limit one of each Pok├®mon
|rule|Item Clause: Limit 1 of each item
|clearpoke
|poke|p1|Pelipper, L50, M|
|poke|p1|Sinistcha, L50, shiny|
|poke|p1|Archaludon, L50, M, shiny|
|poke|p1|Basculegion, L50, M, shiny|
|poke|p1|Garchomp, L50, F, shiny|
|poke|p1|Jolteon, L50, M, shiny|
|poke|p2|Feraligatr, L50, M|
|poke|p2|Sinistcha-Masterpiece, L50|
|poke|p2|Sneasler, L50, F|
|poke|p2|Clefable, L50, F|
|poke|p2|Incineroar, L50, F|
|poke|p2|Talonflame, L50, F|
|teampreview|4
|showteam|p1|Pelipper||FocusSash|Drizzle|WeatherBall,Hurricane,Tailwind,WideGuard|Timid||M|||50|]Sinistcha||SitrusBerry|Hospitality|MatchaGotcha,RagePowder,StrengthSap,LifeDew|Bold|||||50|]Archaludon||Leftovers|Stamina|ElectroShot,FlashCannon,Protect,DragonPulse|Modest||M|||50|]Basculegion||MysticWater|Adaptability|AquaJet,LastRespects,WaveCrash,Protect|Adamant||M|||50|]Garchomp||LifeOrb|RoughSkin|Earthquake,DragonClaw,Protect,RockSlide|Jolly||F|||50|]Jolteon||Magnet|VoltAbsorb|AlluringVoice,Detect,Thunder,HelpingHand|Timid||M|||50|
|showteam|p2|Feraligatr||Feraligite|Torrent|Protect,DoubleEdge,Liquidation,AquaJet|Adamant||M|||50|]Sinistcha-Masterpiece||OccaBerry|Hospitality|MatchaGotcha,LifeDew,Protect,RagePowder|Bold|||||50|]Sneasler||WhiteHerb|Unburden|CloseCombat,ThroatChop,Protect,FakeOut|Adamant||F|||50|]Clefable||Leftovers|MagicGuard|FollowMe,Moonblast,Protect,HelpingHand|Bold||F|||50|]Incineroar||SitrusBerry|Intimidate|FakeOut,PartingShot,ThroatChop,WillOWisp|Careful||F|||50|]Talonflame||SharpBeak|GaleWings|Tailwind,Taunt,FlareBlitz,BraveBird|Adamant||F|||50|
|j| JinWasHere
|j| Raspree
|j| Alex Agni
|c| Raspree|Potete cominciare. Buona fortuna
|l|ŌśåVincykyu
|player|p2|
|j|ŌśåVincykyu
|player|p2|Vincykyu|elesa|
|n|ŌśåVincykyu|vincykyu
|c|Ōśåwerling|Buona fortuna
|c| JinWasHere|Need Help?
|c|Ōśåwerling|Io?
|c| JinWasHere|Nope
|c|Ōśåwerling|Ah ok
|
|t:|1785875412
|teamsize|p1|4
|teamsize|p2|4
|start
|switch|p1a: Pelipenna|Pelipper, L50, M|100/100
|switch|p1b: Aureliano|Jolteon, L50, M, shiny|100/100
|switch|p2a: Feraligatr|Feraligatr, L50, M|100/100
|switch|p2b: Incineroar|Incineroar, L50, F|100/100
|-weather|RainDance|[from] ability: Drizzle|[of] p1a: Pelipenna
|-ability|p2b: Incineroar|Intimidate|boost
|-unboost|p1a: Pelipenna|atk|1
|-unboost|p1b: Aureliano|atk|1
|turn|1
|
|t:|1785875545
|switch|p1a: Jews' Cannon|Archaludon, L50, M, shiny|100/100
|detailschange|p2a: Feraligatr|Feraligatr-Mega, L50, M
|-mega|p2a: Feraligatr|Feraligatr|Feraligite
|move|p1b: Aureliano|Detect|p1b: Aureliano
|-singleturn|p1b: Aureliano|Protect
|move|p2a: Feraligatr|Double-Edge|p1a: Jews' Cannon
|-damage|p1a: Jews' Cannon|34/100
|-ability|p1a: Jews' Cannon|Stamina|boost
|-boost|p1a: Jews' Cannon|def|1
|-damage|p2a: Feraligatr|74/100|[from] Recoil
|move|p2b: Incineroar|Will-O-Wisp|p1b: Aureliano
|-activate|p1b: Aureliano|move: Protect
|
|-weather|RainDance|[upkeep]
|-heal|p1a: Jews' Cannon|40/100|[from] item: Leftovers
|upkeep
|turn|2
|c| JinWasHere|Se i turni vanno troppo alle lunghe vi faccio attivare il timer
|
|t:|1785875626
|move|p1a: Jews' Cannon|Protect|p1a: Jews' Cannon
|-singleturn|p1a: Jews' Cannon|Protect
|move|p1b: Aureliano|Thunder|p2a: Feraligatr
|-damage|p2a: Feraligatr|9/100
|move|p2a: Feraligatr|Double-Edge|p1b: Aureliano
|-damage|p1b: Aureliano|0 fnt
|faint|p1b: Aureliano
|-damage|p2a: Feraligatr|0 fnt|[from] Recoil
|faint|p2a: Feraligatr
|move|p2b: Incineroar|Will-O-Wisp|p1a: Jews' Cannon
|-activate|p1a: Jews' Cannon|move: Protect
|
|-weather|RainDance|[upkeep]
|-heal|p1a: Jews' Cannon|46/100|[from] item: Leftovers
|upkeep
|
|t:|1785875651
|switch|p1b: Tonnu|Basculegion, L50, M, shiny|100/100
|switch|p2a: Sneasler|Sneasler, L50, F|100/100
|turn|3
|
|t:|1785875718
|move|p2a: Sneasler|Protect|p2a: Sneasler
|-singleturn|p2a: Sneasler|Protect
|move|p1b: Tonnu|Protect|p1b: Tonnu
|-singleturn|p1b: Tonnu|Protect
|move|p1a: Jews' Cannon|Electro Shot||[still]
|-prepare|p1a: Jews' Cannon|Electro Shot
|-boost|p1a: Jews' Cannon|spa|1
|-anim|p1a: Jews' Cannon|Electro Shot|p2a: Sneasler
|-activate|p2a: Sneasler|move: Protect
|move|p2b: Incineroar|Throat Chop|p1b: Tonnu
|-activate|p1b: Tonnu|move: Protect
|
|-weather|RainDance|[upkeep]
|-heal|p1a: Jews' Cannon|52/100|[from] item: Leftovers
|upkeep
|turn|4
|
|t:|1785875764
|move|p1b: Tonnu|Aqua Jet|p2b: Incineroar
|-supereffective|p2b: Incineroar|1
|-damage|p2b: Incineroar|14/100
|-enditem|p2b: Incineroar|Sitrus Berry|[eat]
|-heal|p2b: Incineroar|39/100|[from] item: Sitrus Berry
|move|p2a: Sneasler|Close Combat|p1a: Jews' Cannon
|-supereffective|p1a: Jews' Cannon|1
|-damage|p1a: Jews' Cannon|0 fnt
|-unboost|p2a: Sneasler|def|1
|-unboost|p2a: Sneasler|spd|1
|faint|p1a: Jews' Cannon
|-enditem|p2a: Sneasler|White Herb
|-clearnegativeboost|p2a: Sneasler|[silent]
|move|p2b: Incineroar|Will-O-Wisp|p1b: Tonnu
|-status|p1b: Tonnu|brn
|
|-weather|RainDance|[upkeep]
|-damage|p1b: Tonnu|93/100 brn|[from] brn
|upkeep
|
|t:|1785875785
|switch|p1a: Pelipenna|Pelipper, L50, M|100/100
|turn|5
|
|t:|1785875844
|move|p1b: Tonnu|Protect|p1b: Tonnu
|-singleturn|p1b: Tonnu|Protect
|move|p2a: Sneasler|Close Combat|p1a: Pelipenna
|-resisted|p1a: Pelipenna|1
|-damage|p1a: Pelipenna|60/100
|-unboost|p2a: Sneasler|def|1
|-unboost|p2a: Sneasler|spd|1
|move|p1a: Pelipenna|Tailwind|p1a: Pelipenna
|-sidestart|p1: werling|move: Tailwind
|move|p2b: Incineroar|Throat Chop|p1b: Tonnu
|-activate|p1b: Tonnu|move: Protect
|
|-weather|none
|-damage|p1b: Tonnu|87/100 brn|[from] brn
|upkeep
|turn|6
|c| JinWasHere|Attivate il timer
|
|t:|1785875959
|move|p1b: Tonnu|Aqua Jet|p2b: Incineroar
|-supereffective|p2b: Incineroar|1
|-damage|p2b: Incineroar|10/100
|move|p2a: Sneasler|Close Combat|p1a: Pelipenna
|-resisted|p1a: Pelipenna|1
|-damage|p1a: Pelipenna|25/100
|-unboost|p2a: Sneasler|def|1
|-unboost|p2a: Sneasler|spd|1
|move|p1a: Pelipenna|Hurricane|p2a: Sneasler
|-supereffective|p2a: Sneasler|1
|-damage|p2a: Sneasler|0 fnt
|faint|p2a: Sneasler
|move|p2b: Incineroar|Parting Shot|p1b: Tonnu
|-unboost|p1b: Tonnu|atk|1
|-unboost|p1b: Tonnu|spa|1
|
|t:|1785875974
|switch|p2b: Clefable|Clefable, L50, F|100/100|[from] Parting Shot
|
|-damage|p1b: Tonnu|81/100 brn|[from] brn
|upkeep
|
|t:|1785875982
|switch|p2a: Incineroar|Incineroar, L50, F|10/100
|-ability|p2a: Incineroar|Intimidate|boost
|-unboost|p1a: Pelipenna|atk|1
|-unboost|p1b: Tonnu|atk|1
|turn|7
|
|t:|1785876024
|move|p2a: Incineroar|Fake Out|p1a: Pelipenna
|-damage|p1a: Pelipenna|14/100
|move|p2b: Clefable|Follow Me|p2b: Clefable
|-singleturn|p2b: Clefable|move: Follow Me
|move|p1b: Tonnu|Last Respects|p2b: Clefable
|-damage|p2b: Clefable|76/100
|cant|p1a: Pelipenna|flinch
|
|-heal|p2b: Clefable|82/100|[from] item: Leftovers
|-damage|p1b: Tonnu|75/100 brn|[from] brn
|upkeep
|turn|8
|
|t:|1785876057
|move|p2b: Clefable|Follow Me|p2b: Clefable
|-singleturn|p2b: Clefable|move: Follow Me
|move|p1b: Tonnu|Aqua Jet|p2b: Clefable
|-damage|p2b: Clefable|75/100
|move|p1a: Pelipenna|Hurricane|p2b: Clefable
|-damage|p2b: Clefable|44/100
|-start|p2b: Clefable|confusion
|move|p2a: Incineroar|Throat Chop|p1a: Pelipenna
|-damage|p1a: Pelipenna|0 fnt
|faint|p1a: Pelipenna
|
|-heal|p2b: Clefable|50/100y|[from] item: Leftovers
|-damage|p1b: Tonnu|69/100 brn|[from] brn
|-sideend|p1: werling|move: Tailwind
|upkeep
|turn|9
|
|t:|1785876136
|-activate|p2b: Clefable|confusion
|move|p2b: Clefable|Follow Me|p2b: Clefable
|-singleturn|p2b: Clefable|move: Follow Me
|move|p1b: Tonnu|Last Respects|p2b: Clefable
|-damage|p2b: Clefable|20/100y
|move|p2a: Incineroar|Parting Shot|p1b: Tonnu
|-unboost|p1b: Tonnu|atk|1
|-unboost|p1b: Tonnu|spa|1
|
|-heal|p2b: Clefable|26/100|[from] item: Leftovers
|-damage|p1b: Tonnu|63/100 brn|[from] brn
|upkeep
|turn|10
|
|t:|1785876158
|move|p1b: Tonnu|Aqua Jet|p2a: Incineroar
|-supereffective|p2a: Incineroar|1
|-damage|p2a: Incineroar|0 fnt
|faint|p2a: Incineroar
|-activate|p2b: Clefable|confusion
|move|p2b: Clefable|Moonblast|p1b: Tonnu
|-damage|p1b: Tonnu|24/100 brn
|
|-heal|p2b: Clefable|32/100|[from] item: Leftovers
|-damage|p1b: Tonnu|17/100 brn|[from] brn
|upkeep
|turn|11
|
|t:|1785876176
|-activate|p2b: Clefable|confusion
|move|p2b: Clefable|Protect|p2b: Clefable
|-singleturn|p2b: Clefable|Protect
|move|p1b: Tonnu|Last Respects|p2b: Clefable
|-activate|p2b: Clefable|move: Protect
|
|-heal|p2b: Clefable|38/100|[from] item: Leftovers
|-damage|p1b: Tonnu|11/100 brn|[from] brn
|upkeep
|turn|12
|
|t:|1785876189
|-end|p2b: Clefable|confusion
|move|p2b: Clefable|Protect||[still]
|-fail|p2b: Clefable
|move|p1b: Tonnu|Last Respects|p2b: Clefable
|-damage|p2b: Clefable|13/100
|
|-heal|p2b: Clefable|19/100|[from] item: Leftovers
|-damage|p1b: Tonnu|5/100 brn|[from] brn
|upkeep
|turn|13
|
|t:|1785876203
|move|p1b: Tonnu|Last Respects|p2b: Clefable
|-damage|p2b: Clefable|0 fnt
|faint|p2b: Clefable
|
|win|werling
