|j|☆Dominick Misterio
|j|☆lux raymundi
|html|Dominick Misteriolux raymundi    
|uhtml|bestof|Game 3 of a best-of-3
|t:|1782488523
|gametype|doubles
|player|p1|Dominick Misterio|colress|1213
|player|p2|lux raymundi|102|1355
|gen|9
|tier|[Gen 9 Champions] VGC 2026 Reg M-B (Bo3)
|rated|
|rule|Species Clause: Limit one of each Pokémon
|rule|Item Clause: Limit 1 of each item
|clearpoke
|poke|p1|Sylveon, L50, F|
|poke|p1|Garchomp, L50, F|
|poke|p1|Blaziken, L50, F|
|poke|p1|Aerodactyl, L50, F|
|poke|p1|Kingambit, L50, F|
|poke|p1|Maushold-Four, L50|
|poke|p2|Farigiraf, L50, F|
|poke|p2|Floette-Eternal, L50, F|
|poke|p2|Basculegion, L50, M|
|poke|p2|Sneasler, L50, F|
|poke|p2|Sinistcha, L50|
|poke|p2|Delphox, L50, F|
|teampreview|4
|showteam|p1|Sylveon||FairyFeather|Pixilate|Detect,HyperBeam,HyperVoice,QuickAttack|Modest||F|||50|]Garchomp||LifeOrb|RoughSkin|Protect,Earthquake,DragonClaw,RockTomb|Jolly||F|||50|]Blaziken||Blazikenite|SpeedBoost|Protect,CloseCombat,SwordsDance,FlareBlitz|Adamant||F|||50|]Aerodactyl||Aerodactylite|Unnerve|RockSlide,DualWingbeat,Tailwind,IceFang|Jolly||F|||50|]Kingambit||FocusSash|Defiant|SuckerPunch,IronHead,LowKick,KowtowCleave|Adamant||F|||50|]Maushold-Four||ChopleBerry|FriendGuard|SunnyDay,Encore,SuperFang,Taunt|Jolly|||||50|
|showteam|p2|Farigiraf||SitrusBerry|ArmorTail|TrickRoom,HelpingHand,Protect,TwinBeam|Bold||F|||50|]Floette-Eternal||Floettite|FlowerVeil|CalmMind,DazzlingGleam,Moonblast,Protect|Modest||F|||50|]Basculegion||FocusSash|Adaptability|AquaJet,Liquidation,LastRespects,Protect|Adamant||M|||50|]Sneasler||WhiteHerb|Unburden|FakeOut,CloseCombat,DireClaw,Protect|Jolly||F|||50|]Sinistcha||KasibBerry|Hospitality|MatchaGotcha,RagePowder,TrickRoom,LifeDew|Serious|||||50|]Delphox||Delphoxite|Blaze|NastyPlot,HeatWave,Psychic,Protect|Timid||F|||50|
|
|t:|1782488538
|teamsize|p1|4
|teamsize|p2|4
|start
|switch|p1a: Garchomp|Garchomp, L50, F|100/100
|switch|p1b: Aerodactyl|Aerodactyl, L50, F|100/100
|switch|p2a: Sneasler|Sneasler, L50, F|100/100
|switch|p2b: Floette|Floette-Eternal, L50, F|100/100
|-ability|p1b: Aerodactyl|Unnerve
|turn|1
|
|t:|1782488566
|detailschange|p1b: Aerodactyl|Aerodactyl-Mega, L50, F
|-mega|p1b: Aerodactyl|Aerodactyl|Aerodactylite
|detailschange|p2b: Floette|Floette-Mega, L50, F
|-mega|p2b: Floette|Floette|Floettite
|-ability|p2b: Floette|Fairy Aura
|move|p2a: Sneasler|Fake Out|p1b: Aerodactyl
|-resisted|p1b: Aerodactyl|1
|-damage|p1b: Aerodactyl|91/100
|cant|p1b: Aerodactyl|flinch
|move|p1a: Garchomp|Earthquake|p2b: Floette|[spread] p2a,p2b
|-immune|p1b: Aerodactyl
|-supereffective|p2a: Sneasler|1
|-damage|p2a: Sneasler|0 fnt
|-damage|p2b: Floette|46/100
|faint|p2a: Sneasler
|-damage|p1a: Garchomp|90/100|[from] item: Life Orb
|move|p2b: Floette|Dazzling Gleam|p1a: Garchomp|[spread] p1a,p1b
|-supereffective|p1a: Garchomp|1
|-damage|p1a: Garchomp|0 fnt
|-damage|p1b: Aerodactyl|37/100
|faint|p1a: Garchomp
|
|upkeep
|
|t:|1782488585
|switch|p2a: Basculegion|Basculegion, L50, M|100/100
|switch|p1a: Kingambit|Kingambit, L50, F|100/100
|turn|2
|
|t:|1782488604
|switch|p1b: Sylveon|Sylveon, L50, F|100/100
|move|p2b: Floette|Protect|p2b: Floette
|-singleturn|p2b: Floette|Protect
|move|p2a: Basculegion|Aqua Jet|p1b: Sylveon
|-damage|p1b: Sylveon|65/100
|move|p1a: Kingambit|Iron Head|p2b: Floette
|-activate|p2b: Floette|move: Protect
|
|upkeep
|turn|3
|
|t:|1782488618
|switch|p2b: Farigiraf|Farigiraf, L50, F|100/100
|move|p2a: Basculegion|Liquidation|p1b: Sylveon
|-damage|p1b: Sylveon|5/100
|move|p1a: Kingambit|Iron Head|p2b: Farigiraf
|-damage|p2b: Farigiraf|61/100
|move|p1b: Sylveon|Hyper Beam|p2a: Basculegion|[miss]
|-miss|p1b: Sylveon|p2a: Basculegion
|
|upkeep
|turn|4
|
|t:|1782488641
|move|p2a: Basculegion|Protect|p2a: Basculegion
|-singleturn|p2a: Basculegion|Protect
|move|p1b: Sylveon|Detect|p1b: Sylveon
|-singleturn|p1b: Sylveon|Protect
|move|p1a: Kingambit|Kowtow Cleave|p2a: Basculegion
|-activate|p2a: Basculegion|move: Protect
|move|p2b: Farigiraf|Twin Beam|p1b: Sylveon
|-activate|p1b: Sylveon|move: Protect
|
|upkeep
|turn|5
|
|t:|1782488680
|move|p2b: Farigiraf|Protect|p2b: Farigiraf
|-singleturn|p2b: Farigiraf|Protect
|move|p2a: Basculegion|Aqua Jet|p1b: Sylveon
|-damage|p1b: Sylveon|0 fnt
|faint|p1b: Sylveon
|move|p1a: Kingambit|Kowtow Cleave|p2a: Basculegion
|-supereffective|p2a: Basculegion|1
|-enditem|p2a: Basculegion|Focus Sash
|-damage|p2a: Basculegion|1/100
|
|upkeep
|
|t:|1782488691
|switch|p1b: Aerodactyl|Aerodactyl-Mega, L50, F|37/100
|turn|6
|
|t:|1782488716
|move|p2a: Basculegion|Aqua Jet|p1a: Kingambit
|-damage|p1a: Kingambit|76/100
|move|p1b: Aerodactyl|Tailwind|p1b: Aerodactyl
|-sidestart|p1: Dominick Misterio|move: Tailwind
|move|p1a: Kingambit|Kowtow Cleave|p2a: Basculegion
|-supereffective|p2a: Basculegion|1
|-damage|p2a: Basculegion|0 fnt
|faint|p2a: Basculegion
|move|p2b: Farigiraf|Twin Beam|p1b: Aerodactyl
|-crit|p1b: Aerodactyl
|-damage|p1b: Aerodactyl|12/100
|-damage|p1b: Aerodactyl|0 fnt
|faint|p1b: Aerodactyl
|-hitcount|p1: Aerodactyl|2
|
|upkeep
|
|t:|1782488730
|switch|p2a: Floette|Floette-Mega, L50, F|46/100
|-ability|p2a: Floette|Fairy Aura
|turn|7
|
|t:|1782488741
|move|p2b: Farigiraf|Helping Hand|p2a: Floette
|-singleturn|p2a: Floette|Helping Hand|[of] p2b: Farigiraf
|move|p1a: Kingambit|Iron Head|p2a: Floette
|-supereffective|p2a: Floette|1
|-damage|p2a: Floette|0 fnt
|faint|p2a: Floette
|
|upkeep
|turn|8
|-message|lux raymundi forfeited.
|
|win|Dominick Misterio
|raw|Dominick Misterio's rating: 1213 → 1248(+35 for winning)
|raw|lux raymundi's rating: 1355 → 1327(-28 for losing)
