|j|☆Delacruso
|j|☆magnus2001
|html|Delacrusomagnus2001    
|uhtml|bestof|Game 2 of a best-of-3
|t:|1783153164
|gametype|doubles
|player|p1|Delacruso|red|1072
|player|p2|magnus2001|102|1051
|gen|9
|tier|[Gen 9 Champions] VGC 2026 Reg M-B (Bo3)
|rated|
|rule|Species Clause: Limit one of each Pokémon
|rule|Item Clause: Limit 1 of each item
|clearpoke
|poke|p1|Charizard, L50, M, shiny|
|poke|p1|Garchomp, L50, M, shiny|
|poke|p1|Kingambit, L50, M, shiny|
|poke|p1|Sylveon, L50, M|
|poke|p1|Whimsicott, L50, M, shiny|
|poke|p1|Basculegion, L50, M, shiny|
|poke|p2|Pyroar, L50, F|
|poke|p2|Torkoal, L50, M|
|poke|p2|Farigiraf, L50, M|
|poke|p2|Vileplume, L50, M|
|poke|p2|Incineroar, L50, F|
|poke|p2|Floette-Eternal, L50, F|
|teampreview|4
|showteam|p1|Charizard||CharizarditeY|SolarPower|HeatWave,SolarBeam,ScorchingSands,Protect|Modest||M|||50|]Garchomp||LifeOrb|RoughSkin|Earthquake,DragonClaw,RockSlide,Protect|Jolly||M|||50|]Kingambit||BlackGlasses|Defiant|SuckerPunch,KowtowCleave,Protect,IronHead|Adamant||M|||50|]Sylveon||FairyFeather|Pixilate|HyperVoice,QuickAttack,HyperBeam,Protect|Modest||M|||50|]Whimsicott||FocusSash|Prankster|Moonblast,Tailwind,Encore,SunnyDay|Timid||M|||50|]Basculegion||ChoiceScarf|Adaptability|LastRespects,AquaJet,WaveCrash,FlipTurn|Jolly||M|||50|
|showteam|p2|Pyroar||Pyroarite|Unnerve|Protect,Overheat,HeatWave,SolarBeam|Timid||F|||50|]Torkoal||Charcoal|Drought|Protect,HelpingHand,Eruption,WeatherBall|Quiet||M|||50|]Farigiraf||SitrusBerry|ArmorTail|HelpingHand,TrickRoom,Psychic,Thunderbolt|Relaxed||M|||50|]Vileplume||FocusSash|Chlorophyll|SleepPowder,AfterYou,SludgeBomb,SolarBeam|Timid||M|||50|]Incineroar||WhiteHerb|Intimidate|FakeOut,FlareBlitz,DarkestLariat,CloseCombat|Brave||F|||50|]Floette-Eternal||Floettite|FlowerVeil|Protect,CalmMind,Moonblast,DrainingKiss|Modest||F|||50|
|inactive|Battle timer is ON: inactive players will automatically lose when time's up. (requested by Delacruso)
|inactive|Delacruso has 60 seconds left.
|inactive|magnus2001 has 60 seconds left.
|
|t:|1783153207
|teamsize|p1|4
|teamsize|p2|4
|start
|switch|p1a: Whimsicott|Whimsicott, L50, M, shiny|100/100
|switch|p1b: Charizard|Charizard, L50, M, shiny|100/100
|switch|p2a: Pyroar|Pyroar, L50, F|100/100
|switch|p2b: Torkoal|Torkoal, L50, M|100/100
|-ability|p2a: Pyroar|Unnerve
|-weather|SunnyDay|[from] ability: Drought|[of] p2b: Torkoal
|turn|1
|inactive|magnus2001 has 30 seconds left.
|inactive|Delacruso has 30 seconds left.
|
|t:|1783153242
|detailschange|p2a: Pyroar|Pyroar-Mega, L50, F
|-mega|p2a: Pyroar|Pyroar|Pyroarite
|detailschange|p1b: Charizard|Charizard-Mega-Y, L50, M, shiny
|-mega|p1b: Charizard|Charizard|Charizardite Y
|move|p2b: Torkoal|Helping Hand|p2a: Pyroar
|-singleturn|p2a: Pyroar|Helping Hand|[of] p2b: Torkoal
|move|p1a: Whimsicott|Tailwind|p1a: Whimsicott
|-sidestart|p1: Delacruso|move: Tailwind
|move|p1b: Charizard|Scorching Sands|p2a: Pyroar
|-supereffective|p2a: Pyroar|1
|-damage|p2a: Pyroar|26/100
|move|p2a: Pyroar|Heat Wave|p1a: Whimsicott|[spread] p1a,p1b
|-supereffective|p1a: Whimsicott|1
|-resisted|p1b: Charizard|1
|-enditem|p1a: Whimsicott|Focus Sash
|-damage|p1a: Whimsicott|1/100
|-damage|p1b: Charizard|43/100
|
|-weather|SunnyDay|[upkeep]
|upkeep
|turn|2
|inactive|magnus2001 has 30 seconds left.
|
|t:|1783153272
|move|p2a: Pyroar|Protect|p2a: Pyroar
|-singleturn|p2a: Pyroar|Protect
|move|p1a: Whimsicott|Encore|p2b: Torkoal
|-start|p2b: Torkoal|Encore
|move|p2b: Torkoal|Helping Hand||[still]
|-fail|p2b: Torkoal
|move|p1b: Charizard|Scorching Sands|p2a: Pyroar
|-activate|p2a: Pyroar|move: Protect
|
|-weather|SunnyDay|[upkeep]
|upkeep
|turn|3
|
|t:|1783153290
|switch|p2a: Vileplume|Vileplume, L50, M|100/100
|switch|p2b: Incineroar|Incineroar, L50, F|100/100
|-ability|p2b: Incineroar|Intimidate|boost
|-unboost|p1a: Whimsicott|atk|1
|-unboost|p1b: Charizard|atk|1
|move|p1a: Whimsicott|Encore||[still]
|-fail|p1a: Whimsicott
|move|p1b: Charizard|Scorching Sands|p2a: Vileplume
|-damage|p2a: Vileplume|64/100
|
|-weather|SunnyDay|[upkeep]
|upkeep
|turn|4
|inactive|magnus2001 has 30 seconds left.
|
|t:|1783153322
|switch|p1a: Sylveon|Sylveon, L50, M|100/100
|move|p1b: Charizard|Protect|p1b: Charizard
|-singleturn|p1b: Charizard|Protect
|move|p2b: Incineroar|Fake Out|p1b: Charizard
|-activate|p1b: Charizard|move: Protect
|move|p2a: Vileplume|Sludge Bomb|p1a: Sylveon
|-supereffective|p1a: Sylveon|1
|-damage|p1a: Sylveon|36/100
|
|-weather|SunnyDay|[upkeep]
|-sideend|p1: Delacruso|move: Tailwind
|upkeep
|turn|5
|inactive|Delacruso has 30 seconds left.
|
|t:|1783153348
|move|p2a: Vileplume|Sludge Bomb|p1b: Charizard
|-damage|p1b: Charizard|6/100
|move|p1b: Charizard|Heat Wave|p2a: Vileplume|[spread] p2a,p2b
|-supereffective|p2a: Vileplume|1
|-resisted|p2b: Incineroar|1
|-damage|p2a: Vileplume|0 fnt
|-damage|p2b: Incineroar|71/100
|faint|p2a: Vileplume
|move|p1a: Sylveon|Hyper Beam|p2b: Incineroar
|-damage|p2b: Incineroar|0 fnt
|-mustrecharge|p1a: Sylveon
|faint|p2b: Incineroar
|
|-weather|none
|upkeep
|
|t:|1783153359
|switch|p2a: Torkoal|Torkoal, L50, M|100/100
|switch|p2b: Pyroar|Pyroar-Mega, L50, F|26/100
|-weather|SunnyDay|[from] ability: Drought|[of] p2a: Torkoal
|turn|6
|
|t:|1783153382
|move|p1b: Charizard|Protect|p1b: Charizard
|-singleturn|p1b: Charizard|Protect
|move|p2b: Pyroar|Heat Wave|p1b: Charizard|[spread] p1a
|-activate|p1b: Charizard|move: Protect
|-damage|p1a: Sylveon|0 fnt
|faint|p1a: Sylveon
|move|p2a: Torkoal|Eruption|p1b: Charizard
|-activate|p1b: Charizard|move: Protect
|
|-weather|SunnyDay|[upkeep]
|upkeep
|
|t:|1783153397
|switch|p1a: Whimsicott|Whimsicott, L50, M, shiny|1/100
|turn|7
|
|t:|1783153412
|move|p2b: Pyroar|Protect|p2b: Pyroar
|-singleturn|p2b: Pyroar|Protect
|move|p1a: Whimsicott|Tailwind|p1a: Whimsicott
|-sidestart|p1: Delacruso|move: Tailwind
|move|p1b: Charizard|Scorching Sands|p2a: Torkoal
|-supereffective|p2a: Torkoal|1
|-damage|p2a: Torkoal|22/100
|move|p2a: Torkoal|Eruption|p1b: Charizard|[spread] p1a,p1b
|-supereffective|p1a: Whimsicott|1
|-resisted|p1b: Charizard|1
|-crit|p1b: Charizard
|-damage|p1a: Whimsicott|0 fnt
|-damage|p1b: Charizard|0 fnt
|faint|p1a: Whimsicott
|faint|p1b: Charizard
|
|-weather|SunnyDay|[upkeep]
|upkeep
|
|t:|1783153426
|switch|p1b: Garchomp|Garchomp, L50, M, shiny|100/100
|turn|8
|
|t:|1783153431
|move|p2a: Torkoal|Helping Hand|p2b: Pyroar
|-singleturn|p2b: Pyroar|Helping Hand|[of] p2a: Torkoal
|move|p1b: Garchomp|Earthquake|p2a: Torkoal|[spread] p2a,p2b
|-supereffective|p2a: Torkoal|1
|-supereffective|p2b: Pyroar|1
|-damage|p2a: Torkoal|0 fnt
|-damage|p2b: Pyroar|0 fnt
|faint|p2a: Torkoal
|faint|p2b: Pyroar
|-damage|p1b: Garchomp|90/100|[from] item: Life Orb
|
|win|Delacruso
