|j|☆Musaavgc
|j|☆artyowls
|html|Musaavgcartyowls    
|uhtml|bestof|Game 3 of a best-of-3
|t:|1756800427
|gametype|doubles
|player|p1|Musaavgc|n|1000
|player|p2|artyowls|plasmagrunt|1064
|gen|9
|tier|[Gen 9] VGC 2025 Reg H (Bo3)
|rated|
|rule|Species Clause: Limit one of each Pokémon
|rule|Item Clause: Limit 1 of each item
|clearpoke
|poke|p1|Whimsicott, L50, F|
|poke|p1|Incineroar, L50, M|
|poke|p1|Smeargle, L50, M|
|poke|p1|Gholdengo, L50|
|poke|p1|Kingambit, L50, M|
|poke|p1|Garchomp, L50, F|
|poke|p2|Incineroar, L50, M|
|poke|p2|Rillaboom, L50, F|
|poke|p2|Gholdengo, L50|
|poke|p2|Electabuzz, L50, M|
|poke|p2|Dragonite, L50, M|
|poke|p2|Volcarona, L50, F|
|teampreview|4
|showteam|p1|Whimsicott||CovertCloak|Prankster|DazzlingGleam,Encore,Taunt,Tailwind|||F|||50|,,,,,Water]Incineroar||RockyHelmet|Intimidate|FakeOut,KnockOff,FlareBlitz,PartingShot|||M|||50|,,,,,Water]Smeargle||FocusSash|Moody|Decorate,Spore,SpikyShield,FollowMe|||M|||50|,,,,,Fire]Gholdengo||MetalCoat|GoodasGold|MakeItRain,ShadowBall,NastyPlot,Protect||||||50|,,,,,Fairy]Kingambit||BlackGlasses|Defiant|KowtowCleave,SuckerPunch,Protect,SwordsDance|||M|||50|,,,,,Dark]Garchomp||ChoiceScarf|RoughSkin|RockSlide,StompingTantrum,DragonClaw,Earthquake|||F|||50|,,,,,Steel
|showteam|p2|Incineroar||SafetyGoggles|Intimidate|FakeOut,KnockOff,PartingShot,FlareBlitz|||M|||50|,,,,,Ghost]Rillaboom||AssaultVest|GrassySurge|GrassyGlide,FakeOut,WoodHammer,HighHorsepower|||F|||50|,,,,,Fire]Gholdengo||LifeOrb|GoodasGold|MakeItRain,ShadowBall,Protect,NastyPlot||||||50|,,,,,Water]Electabuzz||Eviolite|VitalSpirit|FollowMe,Protect,Taunt,Electroweb|||M|||50|,,,,,Ghost]Dragonite||LoadedDice|Multiscale|ScaleShot,Protect,Haze,ExtremeSpeed|||M|||50|,,,,,Normal]Volcarona||RockyHelmet|FlameBody|StruggleBug,RagePowder,FieryDance,WillOWisp|||F|||50|,,,,,Water
|
|t:|1756800467
|teamsize|p1|4
|teamsize|p2|4
|start
|switch|p1a: 03302004|Whimsicott, L50, F|100/100
|switch|p1b: Imran|Smeargle, L50, M, shiny|100/100
|switch|p2a: Electabuzz|Electabuzz, L50, M|100/100
|switch|p2b: Dragonite|Dragonite, L50, M|100/100
|turn|1
|inactive|Battle timer is ON: inactive players will automatically lose when time's up. (requested by artyowls)
|
|t:|1756800515
|move|p2a: Electabuzz|Follow Me|p2a: Electabuzz
|-singleturn|p2a: Electabuzz|move: Follow Me
|move|p1a: 03302004|Taunt|p2a: Electabuzz
|-start|p2a: Electabuzz|move: Taunt
|move|p1b: Imran|Spore|p2a: Electabuzz
|-immune|p2a: Electabuzz|[from] ability: Vital Spirit
|move|p2b: Dragonite|Scale Shot|p1b: Imran
|-damage|p1b: Imran|72/100
|-damage|p1b: Imran|46/100
|-damage|p1b: Imran|19/100
|-damage|p1b: Imran|0 fnt
|faint|p1b: Imran
|-hitcount|p1: Imran|4
|-unboost|p2b: Dragonite|def|1
|-boost|p2b: Dragonite|spe|1
|
|upkeep
|inactive|Musaavgc has 30 seconds left.
|inactive|Musaavgc has 20 seconds left.
|
|t:|1756800550
|switch|p1b: Dawson|Kingambit, L50, M|100/100
|turn|2
|inactive|artyowls has 30 seconds left.
|inactive|artyowls has 20 seconds left.
|inactive|artyowls has 15 seconds left.
|inactive|artyowls has 10 seconds left.
|
|t:|1756800596
|switch|p2a: Rillaboom|Rillaboom, L50, F|100/100
|-fieldstart|move: Grassy Terrain|[from] ability: Grassy Surge|[of] p2a: Rillaboom
|move|p1a: 03302004|Tailwind|p1a: 03302004
|-sidestart|p1: Musaavgc|move: Tailwind
|move|p2b: Dragonite|Haze|p2b: Dragonite
|-clearallboost
|move|p1b: Dawson|Swords Dance|p1b: Dawson
|-boost|p1b: Dawson|atk|2
|
|upkeep
|turn|3
|inactive|Musaavgc has 30 seconds left.
|inactive|artyowls has 30 seconds left.
|inactive|Musaavgc has 20 seconds left.
|inactive|artyowls has 20 seconds left.
|
|t:|1756800635
|move|p2a: Rillaboom|Fake Out|p1b: Dawson
|-resisted|p1b: Dawson
|-damage|p1b: Dawson|96/100
|move|p1a: 03302004|Dazzling Gleam|p2a: Rillaboom|[spread] p2a,p2b
|-supereffective|p2b: Dragonite
|-damage|p2a: Rillaboom|89/100
|-damage|p2b: Dragonite|85/100
|cant|p1b: Dawson|flinch
|move|p2b: Dragonite|Haze|p2b: Dragonite
|-clearallboost
|
|-heal|p1b: Dawson|100/100|[from] Grassy Terrain
|-heal|p2a: Rillaboom|95/100|[from] Grassy Terrain
|upkeep
|turn|4
|inactive|Musaavgc has 30 seconds left.
|inactive|Musaavgc has 20 seconds left.
|inactive|Musaavgc has 15 seconds left.
|inactive|artyowls has 30 seconds left.
|
|t:|1756800690
|-terastallize|p1b: Dawson|Dark
|move|p1a: 03302004|Taunt|p2b: Dragonite
|-start|p2b: Dragonite|move: Taunt
|move|p1b: Dawson|Kowtow Cleave|p2a: Rillaboom
|-damage|p2a: Rillaboom|14/100
|move|p2a: Rillaboom|High Horsepower|p1b: Dawson
|-damage|p1b: Dawson|76/100
|move|p2b: Dragonite|Scale Shot|p1b: Dawson
|-damage|p1b: Dawson|66/100
|-damage|p1b: Dawson|56/100
|-damage|p1b: Dawson|43/100
|-damage|p1b: Dawson|33/100
|-hitcount|p1b: Dawson|4
|-unboost|p2b: Dragonite|def|1
|-boost|p2b: Dragonite|spe|1
|
|-heal|p1b: Dawson|39/100|[from] Grassy Terrain
|-heal|p2a: Rillaboom|19/100|[from] Grassy Terrain
|upkeep
|turn|5
|inactive|Musaavgc has 30 seconds left.
|inactive|artyowls has 30 seconds left.
|inactive|Musaavgc has 20 seconds left.
|inactive|artyowls has 20 seconds left.
|inactive|Musaavgc has 15 seconds left.
|inactive|artyowls has 15 seconds left.
|inactive|Musaavgc has 10 seconds left.
|inactive|Musaavgc has 5 seconds left.
|
|t:|1756800744
|switch|p2b: Electabuzz|Electabuzz, L50, M|100/100
|move|p1b: Dawson|Sucker Punch|p2a: Rillaboom
|-damage|p2a: Rillaboom|0 fnt
|faint|p2a: Rillaboom
|move|p1a: 03302004|Dazzling Gleam|p2b: Electabuzz
|-damage|p2b: Electabuzz|85/100
|
|-heal|p1b: Dawson|44/100|[from] Grassy Terrain
|-heal|p2b: Electabuzz|91/100|[from] Grassy Terrain
|-sideend|p1: Musaavgc|move: Tailwind
|upkeep
|
|t:|1756800754
|switch|p2a: Dragonite|Dragonite, L50, M|85/100
|turn|6
|
|t:|1756800769
|move|p1b: Dawson|Protect|p1b: Dawson
|-singleturn|p1b: Dawson|Protect
|move|p2b: Electabuzz|Follow Me|p2b: Electabuzz
|-singleturn|p2b: Electabuzz|move: Follow Me
|move|p1a: 03302004|Taunt|p2b: Electabuzz
|-start|p2b: Electabuzz|move: Taunt
|move|p2a: Dragonite|Scale Shot|p1b: Dawson
|-activate|p1b: Dawson|move: Protect
|
|-heal|p2b: Electabuzz|96/100|[from] Grassy Terrain
|-heal|p1b: Dawson|50/100|[from] Grassy Terrain
|-fieldend|move: Grassy Terrain
|upkeep
|turn|7
|inactive|Musaavgc has 30 seconds left.
|inactive|artyowls has 30 seconds left.
|inactive|Musaavgc has 20 seconds left.
|
|t:|1756800808
|move|p1a: 03302004|Dazzling Gleam|p2a: Dragonite|[spread] p2a,p2b
|-supereffective|p2a: Dragonite
|-damage|p2a: Dragonite|53/100
|-damage|p2b: Electabuzz|85/100
|move|p2b: Electabuzz|Electroweb|p1a: 03302004|[spread] p1a,p1b
|-resisted|p1a: 03302004
|-damage|p1a: 03302004|94/100
|-damage|p1b: Dawson|37/100
|-unboost|p1b: Dawson|spe|1
|-ability|p1b: Dawson|Defiant|boost
|-boost|p1b: Dawson|atk|2
|move|p2a: Dragonite|Scale Shot|p1b: Dawson
|-damage|p1b: Dawson|26/100
|-damage|p1b: Dawson|16/100
|-damage|p1b: Dawson|4/100
|-damage|p1b: Dawson|0 fnt
|faint|p1b: Dawson
|-hitcount|p1: Dawson|4
|-unboost|p2a: Dragonite|def|1
|-boost|p2a: Dragonite|spe|1
|
|upkeep
|
|t:|1756800826
|switch|p1b: Garchomp|Garchomp, L50, F|100/100
|turn|8
|inactive|artyowls has 30 seconds left.
|inactive|artyowls has 20 seconds left.
|inactive|artyowls has 15 seconds left.
|inactive|artyowls has 10 seconds left.
|
|t:|1756800873
|switch|p2a: Incineroar|Incineroar, L50, M|100/100
|-ability|p2a: Incineroar|Intimidate|boost
|-unboost|p1a: 03302004|atk|1
|-unboost|p1b: Garchomp|atk|1
|move|p1a: 03302004|Tailwind|p1a: 03302004
|-sidestart|p1: Musaavgc|move: Tailwind
|move|p1b: Garchomp|Dragon Claw|p2a: Incineroar
|-damage|p2a: Incineroar|75/100
|move|p2b: Electabuzz|Electroweb|p1a: 03302004|[spread] p1a
|-immune|p1b: Garchomp
|-resisted|p1a: 03302004
|-damage|p1a: 03302004|87/100
|
|upkeep
|turn|9
|inactive|Musaavgc has 30 seconds left.
|inactive|artyowls has 30 seconds left.
|inactive|Musaavgc has 20 seconds left.
|
|t:|1756800911
|move|p2a: Incineroar|Fake Out|p1b: Garchomp
|-damage|p1b: Garchomp|90/100
|-damage|p2a: Incineroar|63/100|[from] ability: Rough Skin|[of] p1b: Garchomp
|cant|p1b: Garchomp|flinch
|move|p1a: 03302004|Dazzling Gleam|p2b: Electabuzz|[spread] p2a,p2b
|-damage|p2a: Incineroar|51/100
|-damage|p2b: Electabuzz|73/100
|move|p2b: Electabuzz|Electroweb|p1b: Garchomp|[spread] p1a
|-immune|p1b: Garchomp
|-resisted|p1a: 03302004
|-damage|p1a: 03302004|81/100
|
|-end|p2b: Electabuzz|move: Taunt
|upkeep
|turn|10
|inactive|Musaavgc has 30 seconds left.
|inactive|artyowls has 30 seconds left.
|inactive|artyowls has 20 seconds left.
|inactive|artyowls has 15 seconds left.
|inactive|artyowls has 10 seconds left.
|
|t:|1756800957
|-terastallize|p2a: Incineroar|Ghost
|move|p2b: Electabuzz|Follow Me|p2b: Electabuzz
|-singleturn|p2b: Electabuzz|move: Follow Me
|move|p1a: 03302004|Encore|p2b: Electabuzz
|-start|p2b: Electabuzz|Encore
|move|p1b: Garchomp|Dragon Claw|p2b: Electabuzz
|-damage|p2b: Electabuzz|45/100
|move|p2a: Incineroar|Knock Off|p1b: Garchomp
|-damage|p1b: Garchomp|52/100
|-damage|p2a: Incineroar|39/100|[from] ability: Rough Skin|[of] p1b: Garchomp
|-enditem|p1b: Garchomp|Choice Scarf|[from] move: Knock Off|[of] p2a: Incineroar
|
|upkeep
|turn|11
|
|t:|1756800979
|move|p2b: Electabuzz|Follow Me|p2b: Electabuzz
|-singleturn|p2b: Electabuzz|move: Follow Me
|move|p1a: 03302004|Taunt|p2b: Electabuzz
|-start|p2b: Electabuzz|move: Taunt
|move|p1b: Garchomp|Rock Slide|p2b: Electabuzz|[spread] p2a,p2b
|-damage|p2a: Incineroar|27/100
|-damage|p2b: Electabuzz|32/100
|move|p2a: Incineroar|Knock Off|p1b: Garchomp
|-damage|p1b: Garchomp|25/100
|-damage|p2a: Incineroar|14/100|[from] ability: Rough Skin|[of] p1b: Garchomp
|
|-sideend|p1: Musaavgc|move: Tailwind
|upkeep
|turn|12
|inactive|artyowls has 30 seconds left.
|
|t:|1756801007
|move|p1b: Garchomp|Earthquake|p2a: Incineroar|[spread] p1a,p2a,p2b
|-resisted|p1a: 03302004
|-supereffective|p2b: Electabuzz
|-crit|p2b: Electabuzz
|-damage|p1a: 03302004|63/100
|-damage|p2a: Incineroar|0 fnt
|-damage|p2b: Electabuzz|0 fnt
|faint|p2a: Incineroar
|faint|p2b: Electabuzz
|move|p1a: 03302004|Dazzling Gleam|p2: Incineroar|[notarget]
|-fail|p1a: 03302004
|
|upkeep
|
|t:|1756801011
|switch|p2b: Dragonite|Dragonite, L50, M|53/100
|turn|13
|inactive|artyowls has 30 seconds left.
|
|t:|1756801040
|move|p2b: Dragonite|Extreme Speed|p1b: Garchomp
|-damage|p1b: Garchomp|0 fnt
|-damage|p2b: Dragonite|40/100|[from] ability: Rough Skin|[of] p1b: Garchomp
|faint|p1b: Garchomp
|move|p1a: 03302004|Tailwind|p1a: 03302004
|-sidestart|p1: Musaavgc|move: Tailwind
|
|upkeep
|turn|14
|inactive|artyowls has 30 seconds left.
|inactive|artyowls has 20 seconds left.
|
|t:|1756801059
|move|p2b: Dragonite|Extreme Speed|p1a: 03302004
|-damage|p1a: 03302004|26/100
|move|p1a: 03302004|Dazzling Gleam|p2b: Dragonite
|-supereffective|p2b: Dragonite
|-damage|p2b: Dragonite|0 fnt
|faint|p2b: Dragonite
|
|win|Musaavgc
|raw|Musaavgc's rating: 1000 → 1047(+47 for winning)
|raw|artyowls's rating: 1064 → 1041(-23 for losing)
|l|☆Musaavgc
|player|p1|
