|j|☆HumanPlaysVGC
|j|☆jjesper0508
|html|HumanPlaysVGCjjesper0508    
|uhtml|bestof|Game 2 of a best-of-3
|t:|1756497068
|gametype|doubles
|player|p1|HumanPlaysVGC|n-masters3|1045
|player|p2|jjesper0508|unknown|1000
|gen|9
|tier|[Gen 9] VGC 2025 Reg H (Bo3)
|rated|
|rule|Species Clause: Limit one of each Pokémon
|rule|Item Clause: Limit 1 of each item
|clearpoke
|poke|p1|Weezing-Galar, L50, M|
|poke|p1|Toedscruel, L50, M|
|poke|p1|Corviknight, L50, F|
|poke|p1|Incineroar, L50, F|
|poke|p1|Garchomp, L50, M|
|poke|p1|Indeedee, L50, M|
|poke|p2|Hydreigon, L50, F|
|poke|p2|Corviknight, L50, M|
|poke|p2|Mamoswine, L50, M|
|poke|p2|Cinderace, L50, F|
|poke|p2|Tauros-Paldea-Aqua, L50, M|
|poke|p2|Sinistcha, L50|
|teampreview|4
|showteam|p1|Weezing-Galar||SitrusBerry|NeutralizingGas|DazzlingGleam,SludgeBomb,Protect,Taunt|||M|||50|,,,,,Grass]Toedscruel||CovertCloak|MyceliumMight|Spore,RagePowder,EarthPower,AcidSpray|||M|||50|,,,,,Water]Corviknight||RockyHelmet|MirrorArmor|Tailwind,BraveBird,Protect,Roost|||F|||50|,,,,,Dragon]Incineroar||AbilityShield|Intimidate|FakeOut,KnockOff,PartingShot,Taunt|||F|||50|,,,,,Ghost]Garchomp||LifeOrb|RoughSkin|DragonClaw,Earthquake,Protect,StompingTantrum|||M|||50|,,,,,Ground]Indeedee||FocusSash|PsychicSurge|ExpandingForce,DazzlingGleam,Protect,TrickRoom|||M|||50|,,,,,Psychic
|showteam|p2|Hydreigon||LifeOrb|Levitate|DarkPulse,HeatWave,Protect,DracoMeteor|||F|||50|,,,,,Dark]Corviknight||SitrusBerry|MirrorArmor|Tailwind,Taunt,BraveBird,IronHead|||M|||50|,,,,,Dragon]Mamoswine||FocusSash|Oblivious|IceShard,IcicleCrash,HighHorsepower,Protect|||M|||50|,,,,,Ice]Cinderace||ClearAmulet|Libero|PyroBall,IronHead,Protect,SuckerPunch|||F|||50|,,,,,Fire]Tauros-Paldea-Aqua||MirrorHerb|Intimidate|AquaJet,CloseCombat,WaveCrash,Protect|||M|||50|,,,,,Grass]Sinistcha||Leftovers|Hospitality|RagePowder,LeafStorm,Protect,StunSpore||||||50|,,,,,Water
|j| mirokartlivehc
|
|t:|1756497155
|teamsize|p1|4
|teamsize|p2|4
|start
|switch|p1a: Weezing|Weezing-Galar, L50, M|100/100
|switch|p1b: Incineroar|Incineroar, L50, F|100/100
|switch|p2a: Corviknight|Corviknight, L50, M|100/100
|switch|p2b: Cinderace|Cinderace, L50, F|100/100
|-ability|p1a: Weezing|Neutralizing Gas
|-block|p1b: Incineroar|item: Ability Shield
|-ability|p1b: Incineroar|Intimidate|boost
|-unboost|p2a: Corviknight|atk|1
|-fail|p2b: Cinderace|unboost|[from] item: Clear Amulet|[of] p2b: Cinderace
|turn|1
|inactive|Battle timer is ON: inactive players will automatically lose when time's up. (requested by HumanPlaysVGC)
|
|t:|1756497190
|switch|p2b: Sinistcha|Sinistcha, L50|100/100
|move|p1b: Incineroar|Fake Out|p2a: Corviknight
|-resisted|p2a: Corviknight
|-damage|p2a: Corviknight|96/100
|cant|p2a: Corviknight|flinch
|move|p1a: Weezing|Sludge Bomb|p2b: Sinistcha
|-damage|p2b: Sinistcha|66/100
|
|-heal|p2b: Sinistcha|72/100|[from] item: Leftovers
|upkeep
|turn|2
|
|t:|1756497207
|move|p2b: Sinistcha|Protect|p2b: Sinistcha
|-singleturn|p2b: Sinistcha|Protect
|move|p1a: Weezing|Protect|p1a: Weezing
|-singleturn|p1a: Weezing|Protect
|move|p2a: Corviknight|Iron Head|p1a: Weezing
|-activate|p1a: Weezing|move: Protect
|move|p1b: Incineroar|Parting Shot|p2a: Corviknight
|-unboost|p2a: Corviknight|atk|1
|-unboost|p2a: Corviknight|spa|1
|
|t:|1756497220
|switch|p1b: Corviknight|Corviknight, L50, F|100/100|[from] Parting Shot
|
|-heal|p2b: Sinistcha|79/100|[from] item: Leftovers
|upkeep
|turn|3
|
|t:|1756497237
|switch|p2a: Cinderace|Cinderace, L50, F|100/100
|-end|p1a: Weezing|ability: Neutralizing Gas
|switch|p1a: Garchomp|Garchomp, L50, M|100/100
|move|p1b: Corviknight|Brave Bird|p2b: Sinistcha
|-supereffective|p2b: Sinistcha
|-damage|p2b: Sinistcha|0 fnt
|faint|p2b: Sinistcha
|-damage|p1b: Corviknight|78/100|[from] Recoil
|
|upkeep
|
|t:|1756497247
|switch|p2b: Mamoswine|Mamoswine, L50, M|100/100
|turn|4
|inactive|HumanPlaysVGC has 30 seconds left.
|inactive|HumanPlaysVGC has 20 seconds left.
|
|t:|1756497284
|switch|p1b: Incineroar|Incineroar, L50, F|100/100
|-ability|p1b: Incineroar|Intimidate|boost
|-fail|p2a: Cinderace|unboost|[from] item: Clear Amulet|[of] p2a: Cinderace
|-fail|p2b: Mamoswine|unboost|Attack|[from] ability: Oblivious|[of] p2b: Mamoswine
|move|p1a: Garchomp|Protect|p1a: Garchomp
|-singleturn|p1a: Garchomp|Protect
|move|p2a: Cinderace|Pyro Ball|p1b: Incineroar
|-resisted|p1b: Incineroar
|-damage|p1b: Incineroar|81/100
|move|p2b: Mamoswine|Icicle Crash|p1a: Garchomp
|-activate|p1a: Garchomp|move: Protect
|
|upkeep
|turn|5
|inactive|HumanPlaysVGC has 30 seconds left.
|
|t:|1756497316
|switch|p1a: Corviknight|Corviknight, L50, F|78/100
|move|p2a: Cinderace|Protect|p2a: Cinderace
|-start|p2a: Cinderace|typechange|Normal|[from] ability: Libero
|-singleturn|p2a: Cinderace|Protect
|move|p2b: Mamoswine|Protect|p2b: Mamoswine
|-singleturn|p2b: Mamoswine|Protect
|move|p1b: Incineroar|Fake Out|p2b: Mamoswine
|-activate|p2b: Mamoswine|move: Protect
|
|upkeep
|turn|6
|inactive|HumanPlaysVGC has 30 seconds left.
|
|t:|1756497348
|move|p1a: Corviknight|Protect|p1a: Corviknight
|-singleturn|p1a: Corviknight|Protect
|move|p2a: Cinderace|Pyro Ball|p1a: Corviknight
|-activate|p1a: Corviknight|move: Protect
|move|p2b: Mamoswine|High Horsepower|p1b: Incineroar
|-supereffective|p1b: Incineroar
|-damage|p1b: Incineroar|0 fnt
|faint|p1b: Incineroar
|
|upkeep
|
|t:|1756497363
|switch|p1b: Garchomp|Garchomp, L50, M|100/100
|turn|7
|
|t:|1756497373
|-terastallize|p2a: Cinderace|Fire
|-terastallize|p1b: Garchomp|Ground
|move|p2a: Cinderace|Pyro Ball|p1a: Corviknight
|-supereffective|p1a: Corviknight
|-damage|p1a: Corviknight|0 fnt
|faint|p1a: Corviknight
|move|p1b: Garchomp|Earthquake|p2a: Cinderace|[spread] p2a,p2b
|-supereffective|p2a: Cinderace
|-damage|p2a: Cinderace|0 fnt
|-damage|p2b: Mamoswine|12/100
|faint|p2a: Cinderace
|-damage|p1b: Garchomp|91/100|[from] item: Life Orb
|move|p2b: Mamoswine|Icicle Crash|p1b: Garchomp
|-supereffective|p1b: Garchomp
|-damage|p1b: Garchomp|0 fnt
|faint|p1b: Garchomp
|
|upkeep
|
|t:|1756497387
|switch|p2a: Corviknight|Corviknight, L50, M|96/100
|switch|p1b: Weezing|Weezing-Galar, L50, M|100/100
|-ability|p1b: Weezing|Neutralizing Gas
|turn|8
|
|t:|1756497406
|move|p2b: Mamoswine|High Horsepower|p1b: Weezing
|-supereffective|p1b: Weezing
|-damage|p1b: Weezing|3/100
|-enditem|p1b: Weezing|Sitrus Berry|[eat]
|-heal|p1b: Weezing|28/100|[from] item: Sitrus Berry
|move|p2a: Corviknight|Iron Head|p1b: Weezing
|-supereffective|p1b: Weezing
|-damage|p1b: Weezing|0 fnt
|faint|p1b: Weezing
|-end|p1b: Weezing|ability: Neutralizing Gas
|
|win|jjesper0508
|raw|HumanPlaysVGC's rating: 1045 → 1026(-19 for losing)
|raw|jjesper0508's rating: 1000 → 1045(+45 for winning)
|l| mirokartlivehc
|l|☆jjesper0508
|player|p2|
