|j|‽MPM1998
|j|☆spernerslemma
|html|MPM1998spernerslemma    
|uhtml|bestof|Game 1 of a best-of-3
|t:|1784471022
|gametype|doubles
|player|p1|MPM1998|265|1351
|player|p2|spernerslemma|pokekid|1379
|gen|9
|tier|[Gen 9 Champions] VGC 2026 Reg M-B (Bo3)
|rated|
|rule|Species Clause: Limit one of each Pokémon
|rule|Item Clause: Limit 1 of each item
|clearpoke
|poke|p1|Pelipper, L50, M|
|poke|p1|Sneasler, L50, F|
|poke|p1|Archaludon, L50, M|
|poke|p1|Swampert, L50, M|
|poke|p1|Basculegion, L50, M|
|poke|p1|Sylveon, L50, M|
|poke|p2|Swampert, L50, F|
|poke|p2|Grimmsnarl, L50, M|
|poke|p2|Archaludon, L50, M|
|poke|p2|Pelipper, L50, F|
|poke|p2|Venusaur, L50, M|
|poke|p2|Sneasler, L50, M|
|teampreview|4
|showteam|p1|Pelipper||FocusSash|Drizzle|Tailwind,Hurricane,WeatherBall,Protect|Timid||M|||50|]Sneasler||WhiteHerb|Unburden|FakeOut,CloseCombat,DireClaw,Protect|Adamant||F|||50|]Archaludon||SitrusBerry|Stamina|FlashCannon,DragonPulse,ElectroShot,Protect|Modest||M|||50|]Swampert||Swampertite|Torrent|WaveCrash,HighHorsepower,IcePunch,Protect|Adamant||M|||50|]Basculegion||ChoiceScarf|Adaptability|WaveCrash,FlipTurn,LastRespects,AquaJet|Jolly||M|||50|]Sylveon||FairyFeather|Pixilate|HyperVoice,HyperBeam,QuickAttack,Protect|Modest||M|||50|
|showteam|p2|Swampert||Swampertite|Torrent|WaveCrash,Protect,HighHorsepower,IcePunch|Adamant||F|||50|]Grimmsnarl||LightClay|Prankster|SpiritBreak,Reflect,LightScreen,PartingShot|Careful||M|||50|]Archaludon||Leftovers|Stamina|ElectroShot,DragonPulse,FlashCannon,Protect|Modest||M|||50|]Pelipper||SitrusBerry|Drizzle|WeatherBall,Hurricane,Tailwind,Protect|Modest||F|||50|]Venusaur||Venusaurite|Chlorophyll|SludgeBomb,Protect,GigaDrain,EarthPower|Modest||M|||50|]Sneasler||FocusSash|PoisonTouch|FakeOut,PoisonJab,CloseCombat,Protect|Jolly||M|||50|
|inactive|Battle timer is ON: inactive players will automatically lose when time's up. (requested by MPM1998)
|
|t:|1784471077
|teamsize|p1|4
|teamsize|p2|4
|start
|switch|p1a: Sneasler|Sneasler, L50, F|100/100
|switch|p1b: Sylveon|Sylveon, L50, M|100/100
|switch|p2a: Grimmsnarl|Grimmsnarl, L50, M|100/100
|switch|p2b: Venusaur|Venusaur, L50, M|100/100
|turn|1
|inactive|spernerslemma has 30 seconds left.
|
|t:|1784471103
|detailschange|p2b: Venusaur|Venusaur-Mega, L50, M
|-mega|p2b: Venusaur|Venusaur|Venusaurite
|move|p1a: Sneasler|Fake Out|p2a: Grimmsnarl
|-damage|p2a: Grimmsnarl|85/100
|cant|p2a: Grimmsnarl|flinch
|move|p2b: Venusaur|Earth Power|p1a: Sneasler
|-supereffective|p1a: Sneasler|1
|-damage|p1a: Sneasler|17/100
|move|p1b: Sylveon|Hyper Voice|p2b: Venusaur|[spread] p2a,p2b
|-supereffective|p2a: Grimmsnarl|1
|-resisted|p2b: Venusaur|1
|-damage|p2a: Grimmsnarl|0 fnt
|-damage|p2b: Venusaur|79/100
|faint|p2a: Grimmsnarl
|
|upkeep
|
|t:|1784471113
|switch|p2a: Pelipper|Pelipper, L50, F|100/100
|-weather|RainDance|[from] ability: Drizzle|[of] p2a: Pelipper
|turn|2
|inactive|spernerslemma has 30 seconds left.
|inactive|spernerslemma has 20 seconds left.
|inactive|spernerslemma has 15 seconds left.
|inactive|spernerslemma has 10 seconds left.
|inactive|MPM1998 has 30 seconds left.
|inactive|spernerslemma has 5 seconds left.
|
|t:|1784471167
|move|p1a: Sneasler|Dire Claw|p2b: Venusaur
|-damage|p2b: Venusaur|43/100
|move|p2b: Venusaur|Sludge Bomb|p1a: Sneasler
|-resisted|p1a: Sneasler|1
|-damage|p1a: Sneasler|0 fnt
|faint|p1a: Sneasler
|move|p2a: Pelipper|Tailwind|p2a: Pelipper
|-sidestart|p2: spernerslemma|move: Tailwind
|move|p1b: Sylveon|Hyper Beam|p2a: Pelipper
|-damage|p2a: Pelipper|0 fnt
|-mustrecharge|p1b: Sylveon
|faint|p2a: Pelipper
|
|-weather|RainDance|[upkeep]
|upkeep
|
|t:|1784471184
|switch|p1a: Pelipper|Pelipper, L50, M|100/100
|switch|p2a: Archaludon|Archaludon, L50, M|100/100
|turn|3
|inactive|spernerslemma has 30 seconds left.
|
|t:|1784471214
|move|p1a: Pelipper|Protect|p1a: Pelipper
|-singleturn|p1a: Pelipper|Protect
|move|p2b: Venusaur|Sludge Bomb|p1b: Sylveon
|-supereffective|p1b: Sylveon|1
|-damage|p1b: Sylveon|17/100
|move|p2a: Archaludon|Electro Shot||[still]
|-prepare|p2a: Archaludon|Electro Shot
|-boost|p2a: Archaludon|spa|1
|-anim|p2a: Archaludon|Electro Shot|p1b: Sylveon
|-damage|p1b: Sylveon|0 fnt
|faint|p1b: Sylveon
|
|-weather|RainDance|[upkeep]
|upkeep
|
|t:|1784471219
|switch|p1b: Swampert|Swampert, L50, M|100/100
|turn|4
|inactive|spernerslemma has 30 seconds left.
|inactive|spernerslemma has 20 seconds left.
|inactive|spernerslemma has 15 seconds left.
|inactive|spernerslemma has 10 seconds left.
|inactive|spernerslemma has 5 seconds left.
|
|t:|1784471270
|detailschange|p1b: Swampert|Swampert-Mega, L50, M
|-mega|p1b: Swampert|Swampert|Swampertite
|move|p2b: Venusaur|Protect|p2b: Venusaur
|-singleturn|p2b: Venusaur|Protect
|move|p1a: Pelipper|Protect||[still]
|-fail|p1a: Pelipper
|move|p1b: Swampert|Ice Punch|p2b: Venusaur
|-activate|p2b: Venusaur|move: Protect
|move|p2a: Archaludon|Electro Shot||[still]
|-prepare|p2a: Archaludon|Electro Shot
|-boost|p2a: Archaludon|spa|1
|-anim|p2a: Archaludon|Electro Shot|p1a: Pelipper
|-supereffective|p1a: Pelipper|2
|-enditem|p1a: Pelipper|Focus Sash
|-damage|p1a: Pelipper|1/100
|
|-weather|RainDance|[upkeep]
|upkeep
|turn|5
|inactive|spernerslemma has 30 seconds left.
|inactive|MPM1998 has 30 seconds left.
|
|t:|1784471304
|move|p1b: Swampert|Protect|p1b: Swampert
|-singleturn|p1b: Swampert|Protect
|move|p1a: Pelipper|Protect|p1a: Pelipper
|-singleturn|p1a: Pelipper|Protect
|move|p2b: Venusaur|Giga Drain|p1b: Swampert
|-activate|p1b: Swampert|move: Protect
|move|p2a: Archaludon|Dragon Pulse|p1b: Swampert
|-activate|p1b: Swampert|move: Protect
|
|-weather|RainDance|[upkeep]
|-sideend|p2: spernerslemma|move: Tailwind
|upkeep
|turn|6
|
|t:|1784471313
|move|p1b: Swampert|High Horsepower|p2a: Archaludon
|-supereffective|p2a: Archaludon|1
|-crit|p2a: Archaludon
|-damage|p2a: Archaludon|0 fnt
|faint|p2a: Archaludon
|move|p1a: Pelipper|Hurricane|p2b: Venusaur
|-supereffective|p2b: Venusaur|1
|-damage|p2b: Venusaur|0 fnt
|faint|p2b: Venusaur
|
|win|MPM1998
||MPM1998 is ready for game 2.
|inactive|spernerslemma has 30 seconds to confirm battle start!
||spernerslemma is ready for game 2.
|uhtml|next|Next: Game 2 of 3
