|j|☆lolgz
|j|☆nehuel912
|html|lolgznehuel912    
|uhtml|bestof|Game 1 of a best-of-3
|t:|1782339631
|gametype|doubles
|player|p1|lolgz|dawn|1132
|player|p2|nehuel912|266|1164
|gen|9
|tier|[Gen 9 Champions] VGC 2026 Reg M-B (Bo3)
|rated|
|rule|Species Clause: Limit one of each Pokémon
|rule|Item Clause: Limit 1 of each item
|clearpoke
|poke|p1|Torkoal, L50, M|
|poke|p1|Vileplume, L50, M|
|poke|p1|Farigiraf, L50, F|
|poke|p1|Scrafty, L50, F|
|poke|p1|Gallade, L50, M|
|poke|p1|Mawile, L50, F|
|poke|p2|Gengar, L50, F|
|poke|p2|Politoed, L50, M|
|poke|p2|Incineroar, L50, M|
|poke|p2|Whimsicott, L50, M|
|poke|p2|Sableye, L50, F|
|poke|p2|Dragonite, L50, M|
|teampreview|4
|showteam|p1|Torkoal||Charcoal|Drought|Eruption,WeatherBall,EarthPower,Protect|Quiet||M|||50|]Vileplume||FocusSash|Chlorophyll|EnergyBall,SludgeBomb,SleepPowder,AfterYou|Timid||M|||50|]Farigiraf||SitrusBerry|ArmorTail|TrickRoom,Protect,Psychic,HelpingHand|Bold||F|||50|]Scrafty||Scraftinite|Intimidate|CloseCombat,KnockOff,FakeOut,RockSlide|Brave||F|||50|]Gallade||IronBall|Sharpness|SacredSword,PsychoCut,WideGuard,TrickRoom|Brave||M|||50|]Mawile||Mawilite|Intimidate|SuckerPunch,PlayRough,SwordsDance,Protect|Brave||F|||50|
|showteam|p2|Gengar||Gengarite|CursedBody|ShadowBall,Protect,Disable,PerishSong|Timid||F|||50|]Politoed||SitrusBerry|Drizzle|WeatherBall,EarthPower,PerishSong,Protect|Modest||M|||50|]Incineroar||PasshoBerry|Intimidate|PartingShot,Protect,FlareBlitz,FakeOut|Adamant||M|||50|]Whimsicott||FocusSash|Prankster|Tailwind,Encore,Moonblast,Protect|Timid||M|||50|]Sableye||RoseliBerry|Prankster|LightScreen,Reflect,Encore,Disable|Calm||F|||50|]Dragonite||Leftovers|InnerFocus|ExtremeSpeed,Protect,DragonClaw,DragonDance|Adamant||M|||50|
|inactive|Battle timer is ON: inactive players will automatically lose when time's up. (requested by lolgz)
|inactive|lolgz has 60 seconds left.
|inactive|nehuel912 has 60 seconds left.
|inactive|lolgz has 30 seconds left.
|
|t:|1782339697
|teamsize|p1|4
|teamsize|p2|4
|start
|switch|p1a: Vileplume|Vileplume, L50, M|100/100
|switch|p1b: Torkoal|Torkoal, L50, M|100/100
|switch|p2a: Gengar|Gengar, L50, F|100/100
|switch|p2b: Sableye|Sableye, L50, F|100/100
|-weather|SunnyDay|[from] ability: Drought|[of] p1b: Torkoal
|turn|1
|
|t:|1782339711
|detailschange|p2a: Gengar|Gengar-Mega, L50, F
|-mega|p2a: Gengar|Gengar|Gengarite
|move|p2a: Gengar|Protect|p2a: Gengar
|-singleturn|p2a: Gengar|Protect
|move|p2b: Sableye|Light Screen|p2b: Sableye
|-sidestart|p2: nehuel912|move: Light Screen
|move|p1a: Vileplume|Sleep Powder|p2a: Gengar
|-activate|p2a: Gengar|move: Protect
|move|p1b: Torkoal|Eruption|p2a: Gengar|[spread] p2b
|-activate|p2a: Gengar|move: Protect
|-damage|p2b: Sableye|15/100
|
|-weather|SunnyDay|[upkeep]
|upkeep
|turn|2
|
|t:|1782339732
|move|p2b: Sableye|Disable|p1a: Vileplume
|-start|p1a: Vileplume|Disable|Sleep Powder
|cant|p1a: Vileplume|Disable|Sleep Powder
|move|p2a: Gengar|Disable|p1b: Torkoal
|-start|p1b: Torkoal|Disable|Eruption
|cant|p1b: Torkoal|Disable|Eruption
|
|-weather|SunnyDay|[upkeep]
|upkeep
|turn|3
|
|t:|1782339752
|move|p2b: Sableye|Encore|p1b: Torkoal
|-start|p1b: Torkoal|Encore
|move|p1a: Vileplume|Sludge Bomb|p2b: Sableye
|-resisted|p2b: Sableye|1
|-damage|p2b: Sableye|0 fnt
|faint|p2b: Sableye
|move|p2a: Gengar|Perish Song|p2a: Gengar
|-start|p1a: Vileplume|perish3|[silent]
|-start|p1b: Torkoal|perish3|[silent]
|-start|p2a: Gengar|perish3|[silent]
|-fieldactivate|move: Perish Song
|cant|p1b: Torkoal|Disable|Eruption
|
|-weather|SunnyDay|[upkeep]
|-start|p1a: Vileplume|perish3
|-start|p2a: Gengar|perish3
|-start|p1b: Torkoal|perish3
|upkeep
|
|t:|1782339769
|switch|p2b: Incineroar|Incineroar, L50, M|100/100
|-ability|p2b: Incineroar|Intimidate|boost
|-unboost|p1a: Vileplume|atk|1
|-unboost|p1b: Torkoal|atk|1
|turn|4
|inactive|nehuel912 has 30 seconds left.
|
|t:|1782339801
|move|p2a: Gengar|Protect|p2a: Gengar
|-singleturn|p2a: Gengar|Protect
|move|p2b: Incineroar|Fake Out|p1a: Vileplume
|-damage|p1a: Vileplume|78/100
|cant|p1a: Vileplume|flinch
|-activate|p1b: Torkoal|move: Struggle
|move|p1b: Torkoal|Struggle|p2b: Incineroar
|-damage|p2b: Incineroar|91/100
|-damage|p1b: Torkoal|75/100|[from] recoil
|
|-weather|SunnyDay|[upkeep]
|-start|p1a: Vileplume|perish2
|-start|p2a: Gengar|perish2
|-start|p1b: Torkoal|perish2
|upkeep
|turn|5
|inactive|nehuel912 has 30 seconds left.
|inactive|nehuel912 has 20 seconds left.
|inactive|nehuel912 has 15 seconds left.
|inactive|nehuel912 has 10 seconds left.
|inactive|nehuel912 has 5 seconds left.
|
|t:|1782339853
|move|p1a: Vileplume|Sludge Bomb|p2a: Gengar
|-resisted|p2a: Gengar|2
|-damage|p2a: Gengar|92/100
|move|p2a: Gengar|Shadow Ball|p1b: Torkoal
|-damage|p1b: Torkoal|17/100
|-unboost|p1b: Torkoal|spd|1
|move|p2b: Incineroar|Parting Shot|p1a: Vileplume
|-unboost|p1a: Vileplume|atk|1
|-unboost|p1a: Vileplume|spa|1
|
|t:|1782339871
|switch|p2b: Politoed|Politoed, L50, M|100/100|[from] Parting Shot
|-weather|RainDance|[from] ability: Drizzle|[of] p2b: Politoed
|-activate|p1b: Torkoal|move: Struggle
|move|p1b: Torkoal|Struggle|p2b: Politoed
|-damage|p2b: Politoed|91/100
|-damage|p1b: Torkoal|0 fnt|[from] recoil
|faint|p1b: Torkoal
|
|-weather|RainDance|[upkeep]
|-end|p1a: Vileplume|Disable
|-start|p2a: Gengar|perish1
|-start|p1a: Vileplume|perish1
|-sideend|p2: nehuel912|move: Light Screen
|upkeep
|
|t:|1782339883
|switch|p1b: Farigiraf|Farigiraf, L50, F|100/100
|turn|6
|
|t:|1782339902
|switch|p2a: Incineroar|Incineroar, L50, M|91/100
|-ability|p2a: Incineroar|Intimidate|boost
|-unboost|p1a: Vileplume|atk|1
|-unboost|p1b: Farigiraf|atk|1
|move|p2b: Politoed|Protect|p2b: Politoed
|-singleturn|p2b: Politoed|Protect
|move|p1a: Vileplume|Sleep Powder|p2b: Politoed
|-activate|p2b: Politoed|move: Protect
|move|p1b: Farigiraf|Trick Room|p1b: Farigiraf
|-fieldstart|move: Trick Room|[of] p1b: Farigiraf
|
|-weather|RainDance|[upkeep]
|-start|p1a: Vileplume|perish0
|faint|p1a: Vileplume
|upkeep
|
|t:|1782339908
|switch|p1a: Mawile|Mawile, L50, F|100/100
|-ability|p1a: Mawile|Intimidate|boost
|-unboost|p2a: Incineroar|atk|1
|-unboost|p2b: Politoed|atk|1
|turn|7
|inactive|nehuel912 has 30 seconds left.
|
|t:|1782339938
|detailschange|p1a: Mawile|Mawile-Mega, L50, F
|-mega|p1a: Mawile|Mawile|Mawilite
|move|p1b: Farigiraf|Helping Hand|p1a: Mawile
|-singleturn|p1a: Mawile|Helping Hand|[of] p1b: Farigiraf
|move|p1a: Mawile|Play Rough|p2b: Politoed|[miss]
|-miss|p1a: Mawile|p2b: Politoed
|move|p2a: Incineroar|Flare Blitz|p1a: Mawile
|-supereffective|p1a: Mawile|1
|-damage|p1a: Mawile|61/100
|-damage|p2a: Incineroar|80/100|[from] Recoil
|move|p2b: Politoed|Weather Ball|p1a: Mawile
|-damage|p1a: Mawile|0 fnt
|faint|p1a: Mawile
|
|-weather|RainDance|[upkeep]
|upkeep
|turn|8
|-message|lolgz forfeited.
|
|win|nehuel912
