|j|☆TonyPajamas17
|j|‽Atrix MJ
|html|TonyPajamas17Atrix MJ    
|uhtml|bestof|Game 1 of a best-of-3
|t:|1757722039
|gametype|doubles
|player|p1|TonyPajamas17|ingo|1265
|player|p2|Atrix MJ|miku-fire|1292
|gen|9
|tier|[Gen 9] VGC 2025 Reg H (Bo3)
|rated|
|rule|Species Clause: Limit one of each Pokémon
|rule|Item Clause: Limit 1 of each item
|clearpoke
|poke|p1|Tyranitar, L50, M|
|poke|p1|Excadrill, L50, F|
|poke|p1|Indeedee, L50, M|
|poke|p1|Sneasler, L50, F|
|poke|p1|Kilowattrel, L50, F|
|poke|p1|Bronzong, L50|
|poke|p2|Volcarona, L50, F|
|poke|p2|Incineroar, L50, F|
|poke|p2|Rillaboom, L50, M|
|poke|p2|Sneasler, L50, F|
|poke|p2|Dragonite, L50, M|
|poke|p2|Kingambit, L50, M|
|teampreview|4
|showteam|p1|Tyranitar||AssaultVest|SandStream|RockSlide,TeraBlast,LowKick,KnockOff|||M|||50|,,,,,Flying]Excadrill||FocusSash|SandRush|Earthquake,IronHead,Protect,HighHorsepower|||F|||50|,,,,,Ghost]Indeedee||ChoiceScarf|PsychicSurge|ExpandingForce,TeraBlast,Trick,ShadowBall|||M|||50|,,,,,Fighting]Sneasler||PsychicSeed|Unburden|CloseCombat,Protect,ThroatChop,DireClaw|||F|||50|,,,,,Dark]Kilowattrel||LifeOrb|Competitive|Discharge,Protect,Thunderbolt,AirSlash|||F|||50|,,,,,Ghost]Bronzong||CovertCloak|Levitate|TrickRoom,Imprison,Protect,BodyPress||||||50|,,,,,Rock
|showteam|p2|Volcarona||SitrusBerry|FlameBody|FieryDance,StruggleBug,RagePowder,Protect|||F|||50|,,,,,Fairy]Incineroar||ChopleBerry|Intimidate|FlareBlitz,KnockOff,FakeOut,Uturn|||F|||50|,,,,,Water]Rillaboom||AssaultVest|GrassySurge|GrassyGlide,FakeOut,Uturn,WoodHammer|||M|||50|,,,,,Fire]Sneasler||GrassySeed|Unburden|DireClaw,Acrobatics,CloseCombat,Protect|||F|||50|,,,,,Stellar]Dragonite||LoadedDice|Multiscale|ScaleShot,LowKick,Haze,Protect|||M|||50|,,,,,Fairy]Kingambit||SafetyGoggles|Defiant|SuckerPunch,KowtowCleave,SwordsDance,Protect|||M|||50|,,,,,Ghost
|inactive|Battle timer is ON: inactive players will automatically lose when time's up. (requested by Atrix MJ)
|inactive|Atrix MJ has 60 seconds left.
|
|t:|1757722113
|teamsize|p1|4
|teamsize|p2|4
|start
|switch|p1a: Tyranitar|Tyranitar, L50, M, shiny|100/100
|switch|p1b: Excadrill|Excadrill, L50, F|100/100
|switch|p2a: Rillaboom|Rillaboom, L50, M, shiny|100/100
|switch|p2b: Kingambit|Kingambit, L50, M|100/100
|-fieldstart|move: Grassy Terrain|[from] ability: Grassy Surge|[of] p2a: Rillaboom
|-weather|Sandstorm|[from] ability: Sand Stream|[of] p1a: Tyranitar
|turn|1
|inactive|Atrix MJ has 30 seconds left.
|
|t:|1757722143
|-terastallize|p2b: Kingambit|Ghost
|move|p2a: Rillaboom|Fake Out|p1a: Tyranitar
|-resisted|p1a: Tyranitar
|-damage|p1a: Tyranitar|95/100
|move|p1b: Excadrill|Iron Head|p2a: Rillaboom
|-damage|p2a: Rillaboom|58/100
|cant|p1a: Tyranitar|flinch
|move|p2b: Kingambit|Kowtow Cleave|p1b: Excadrill
|-damage|p1b: Excadrill|27/100
|
|-weather|Sandstorm|[upkeep]
|-damage|p2a: Rillaboom|52/100|[from] Sandstorm
|-heal|p1b: Excadrill|33/100|[from] Grassy Terrain
|-heal|p2a: Rillaboom|58/100|[from] Grassy Terrain
|-heal|p1a: Tyranitar|100/100|[from] Grassy Terrain
|upkeep
|turn|2
|
|t:|1757722161
|switch|p1b: Indeedee|Indeedee, L50, M, shiny|100/100
|-fieldstart|move: Psychic Terrain|[from] ability: Psychic Surge|[of] p1b: Indeedee
|switch|p2b: Incineroar|Incineroar, L50, F|100/100
|-ability|p2b: Incineroar|Intimidate|boost
|-unboost|p1a: Tyranitar|atk|1
|-unboost|p1b: Indeedee|atk|1
|move|p2a: Rillaboom|Grassy Glide|p1b: Indeedee
|-damage|p1b: Indeedee|38/100
|move|p1a: Tyranitar|Knock Off|p2b: Incineroar
|-resisted|p2b: Incineroar
|-damage|p2b: Incineroar|84/100
|-enditem|p2b: Incineroar|Chople Berry|[from] move: Knock Off|[of] p1a: Tyranitar
|
|-weather|Sandstorm|[upkeep]
|-damage|p1b: Indeedee|32/100|[from] Sandstorm
|-damage|p2a: Rillaboom|52/100|[from] Sandstorm
|-damage|p2b: Incineroar|78/100|[from] Sandstorm
|upkeep
|turn|3
|inactive|TonyPajamas17 has 30 seconds left.
|inactive|Atrix MJ has 30 seconds left.
|
|t:|1757722187
|switch|p2a: Kingambit|Kingambit, L50, M, tera:Ghost|100/100
|move|p1b: Indeedee|Expanding Force|p2a: Kingambit|[spread] p2a
|-immune|p2b: Incineroar
|-damage|p2a: Kingambit|44/100
|move|p1a: Tyranitar|Rock Slide|p2b: Incineroar|[spread] p2a,p2b
|-supereffective|p2b: Incineroar
|-damage|p2a: Kingambit|28/100
|-damage|p2b: Incineroar|44/100
|move|p2b: Incineroar|U-turn|p1b: Indeedee
|-supereffective|p1b: Indeedee
|-damage|p1b: Indeedee|0 fnt
|faint|p1b: Indeedee
|
|t:|1757722198
|switch|p2b: Rillaboom|Rillaboom, L50, M, shiny|52/100|[from] U-turn
|-fieldstart|move: Grassy Terrain|[from] ability: Grassy Surge|[of] p2b: Rillaboom
|
|-weather|Sandstorm|[upkeep]
|-damage|p2b: Rillaboom|46/100|[from] Sandstorm
|-heal|p2b: Rillaboom|52/100|[from] Grassy Terrain
|-heal|p2a: Kingambit|34/100|[from] Grassy Terrain
|upkeep
|
|t:|1757722202
|switch|p1b: Sneasler|Sneasler, L50, F, shiny|100/100
|turn|4
|
|t:|1757722222
|switch|p2a: Sneasler|Sneasler, L50, F|100/100
|-enditem|p2a: Sneasler|Grassy Seed
|-boost|p2a: Sneasler|def|1|[from] item: Grassy Seed
|move|p2b: Rillaboom|Fake Out|p1b: Sneasler
|-damage|p1b: Sneasler|79/100
|cant|p1b: Sneasler|flinch
|move|p1a: Tyranitar|Knock Off|p2a: Sneasler
|-resisted|p2a: Sneasler
|-damage|p2a: Sneasler|89/100
|
|-weather|Sandstorm|[upkeep]
|-damage|p2a: Sneasler|83/100|[from] Sandstorm
|-damage|p1b: Sneasler|73/100|[from] Sandstorm
|-damage|p2b: Rillaboom|46/100|[from] Sandstorm
|-heal|p2a: Sneasler|89/100|[from] Grassy Terrain
|-heal|p1b: Sneasler|79/100|[from] Grassy Terrain
|-heal|p2b: Rillaboom|52/100|[from] Grassy Terrain
|upkeep
|turn|5
|
|t:|1757722243
|switch|p2b: Incineroar|Incineroar, L50, F|44/100
|-ability|p2b: Incineroar|Intimidate|boost
|-unboost|p1a: Tyranitar|atk|1
|-unboost|p1b: Sneasler|atk|1
|-terastallize|p1a: Tyranitar|Flying
|move|p2a: Sneasler|Acrobatics|p1b: Sneasler
|-supereffective|p1b: Sneasler
|-damage|p1b: Sneasler|0 fnt
|faint|p1b: Sneasler
|move|p1a: Tyranitar|Tera Blast|p2a: Sneasler|[anim] Tera Blast Flying
|-supereffective|p2a: Sneasler
|-damage|p2a: Sneasler|22/100
|
|-weather|none
|-heal|p2a: Sneasler|28/100|[from] Grassy Terrain
|-heal|p2b: Incineroar|50/100|[from] Grassy Terrain
|upkeep
|
|t:|1757722254
|switch|p1b: Excadrill|Excadrill, L50, F|33/100
|turn|6
|
|t:|1757722260
|move|p1b: Excadrill|Protect|p1b: Excadrill
|-singleturn|p1b: Excadrill|Protect
|move|p2b: Incineroar|Fake Out|p1a: Tyranitar
|-damage|p1a: Tyranitar|90/100
|move|p2a: Sneasler|Close Combat|p1b: Excadrill
|-activate|p1b: Excadrill|move: Protect
|cant|p1a: Tyranitar|flinch
|
|-heal|p2a: Sneasler|33/100|[from] Grassy Terrain
|-heal|p1b: Excadrill|39/100|[from] Grassy Terrain
|-heal|p2b: Incineroar|56/100|[from] Grassy Terrain
|upkeep
|turn|7
|
|t:|1757722273
|move|p2a: Sneasler|Close Combat|p1b: Excadrill
|-supereffective|p1b: Excadrill
|-damage|p1b: Excadrill|0 fnt
|-unboost|p2a: Sneasler|def|1
|-unboost|p2a: Sneasler|spd|1
|faint|p1b: Excadrill
|move|p1a: Tyranitar|Tera Blast|p2a: Sneasler|[anim] Tera Blast Flying
|-supereffective|p2a: Sneasler
|-damage|p2a: Sneasler|0 fnt
|faint|p2a: Sneasler
|move|p2b: Incineroar|U-turn|p1a: Tyranitar
|-resisted|p1a: Tyranitar
|-damage|p1a: Tyranitar|81/100
|
|t:|1757722279
|switch|p2b: Rillaboom|Rillaboom, L50, M, shiny|52/100|[from] U-turn
|
|-heal|p2b: Rillaboom|58/100|[from] Grassy Terrain
|-fieldend|move: Grassy Terrain
|upkeep
|
|t:|1757722281
|switch|p2a: Incineroar|Incineroar, L50, F|56/100
|-ability|p2a: Incineroar|Intimidate|boost
|-unboost|p1a: Tyranitar|atk|1
|turn|8
|
|t:|1757722290
|move|p2b: Rillaboom|Fake Out|p1a: Tyranitar
|-damage|p1a: Tyranitar|69/100
|cant|p1a: Tyranitar|flinch
|move|p2a: Incineroar|U-turn|p1a: Tyranitar
|-resisted|p1a: Tyranitar
|-damage|p1a: Tyranitar|60/100
|
|t:|1757722292
|switch|p2a: Kingambit|Kingambit, L50, M, tera:Ghost|34/100|[from] U-turn
|
|upkeep
|turn|9
|
|t:|1757722303
|switch|p2b: Incineroar|Incineroar, L50, F|56/100
|-ability|p2b: Incineroar|Intimidate|boost
|-unboost|p1a: Tyranitar|atk|1
|move|p2a: Kingambit|Protect|p2a: Kingambit
|-singleturn|p2a: Kingambit|Protect
|move|p1a: Tyranitar|Rock Slide|p2a: Kingambit|[spread] p2b
|-activate|p2a: Kingambit|move: Protect
|-supereffective|p2b: Incineroar
|-damage|p2b: Incineroar|38/100
|
|upkeep
|turn|10
|
|t:|1757722314
|move|p2b: Incineroar|Fake Out|p1a: Tyranitar
|-crit|p1a: Tyranitar
|-damage|p1a: Tyranitar|43/100
|cant|p1a: Tyranitar|flinch
|move|p2a: Kingambit|Swords Dance|p2a: Kingambit
|-boost|p2a: Kingambit|atk|2
|
|upkeep
|turn|11
|
|t:|1757722319
|switch|p2b: Rillaboom|Rillaboom, L50, M, shiny|58/100
|-fieldstart|move: Grassy Terrain|[from] ability: Grassy Surge|[of] p2b: Rillaboom
|move|p2a: Kingambit|Sucker Punch|p1a: Tyranitar
|-damage|p1a: Tyranitar|0 fnt
|faint|p1a: Tyranitar
|
|win|Atrix MJ
||Atrix MJ is ready for game 2.
||TonyPajamas17 is ready for game 2.
|uhtml|next|Next: Game 2 of 3
|l|☆TonyPajamas17
|player|p1|
