|j|â˜†IngeVGC
|j|â˜†ProtectPartingShot
|html|IngeVGCProtectPartingShot    
|uhtml|bestof|Game 2 of a best-of-3
|t:|1756493213
|gametype|doubles
|player|p1|IngeVGC|fisherman-gen4|1451
|player|p2|ProtectPartingShot|iris|1534
|gen|9
|tier|[Gen 9] VGC 2025 Reg H (Bo3)
|rated|
|rule|Species Clause: Limit one of each PokÃ©mon
|rule|Item Clause: Limit 1 of each item
|clearpoke
|poke|p1|Kingambit, L50, F|
|poke|p1|Rillaboom, L50, M|
|poke|p1|Electabuzz, L50, M|
|poke|p1|Volcarona, L50, F|
|poke|p1|Sneasler, L50, F|
|poke|p1|Dragonite, L50, F|
|poke|p2|Gholdengo, L50|
|poke|p2|Incineroar, L50, M|
|poke|p2|Sneasler, L50, M|
|poke|p2|Dragonite, L50, F|
|poke|p2|Ursaluna-Bloodmoon, L50, M|
|poke|p2|Clefable, L50, M|
|teampreview|4
|showteam|p1|Kingambit||BlackGlasses|Defiant|Protect,KowtowCleave,SuckerPunch,SwordsDance|||F|||50|,,,,,Dark]Rillaboom||AssaultVest|GrassySurge|WoodHammer,GrassyGlide,HighHorsepower,FakeOut|||M|||50|,,,,,Fire]Electabuzz||Eviolite|VitalSpirit|Protect,Thunderbolt,HelpingHand,FollowMe|||M|||50|,,,,,Ghost]Volcarona||CovertCloak|FlameBody|Protect,HeatWave,TeraBlast,QuiverDance|||F|||50|,,,,,Fairy]Sneasler||FocusSash|Unburden|CloseCombat,DireClaw,Coaching,FakeOut|||F|||50|,,,,,Stellar]Dragonite||LoadedDice|Multiscale|ScaleShot,Haze,ExtremeSpeed,Protect|||F|||50|,,,,,Fairy
|showteam|p2|Gholdengo||LifeOrb|GoodasGold|MakeItRain,ShadowBall,NastyPlot,Protect||||||50|,,,,,Water]Incineroar||SafetyGoggles|Intimidate|PartingShot,FlareBlitz,KnockOff,FakeOut|||M|||50|,,,,,Ghost]Sneasler||FocusSash|PoisonTouch|DireClaw,CloseCombat,ThroatChop,Protect|||M|||50|,,,,,Stellar]Dragonite||LoadedDice|Multiscale|ScaleShot,Tailwind,Haze,Protect|||F|||50|,,,,,Fairy]Ursaluna-Bloodmoon||AssaultVest|MindsEye|HyperVoice,EarthPower,BloodMoon,VacuumWave|||M|||50|,,,,,Water]Clefable||SitrusBerry|Unaware|FollowMe,Moonblast,ThunderWave,Protect|||M|||50|,,,,,Water
|
|t:|1756493225
|teamsize|p1|4
|teamsize|p2|4
|start
|switch|p1a: Volcarona|Volcarona, L50, F|100/100
|switch|p1b: Snarf|Electabuzz, L50, M|100/100
|switch|p2a: Incineroar|Incineroar, L50, M|100/100
|switch|p2b: Dragonite|Dragonite, L50, F|100/100
|-ability|p2a: Incineroar|Intimidate|boost
|-unboost|p1a: Volcarona|atk|1
|-unboost|p1b: Snarf|atk|1
|turn|1
|inactive|Battle timer is ON: inactive players will automatically lose when time's up. (requested by IngeVGC)
|
|t:|1756493239
|-terastallize|p1a: Volcarona|Fairy
|move|p1b: Snarf|Thunderbolt|p2b: Dragonite
|-damage|p2b: Dragonite|86/100
|move|p1a: Volcarona|Quiver Dance|p1a: Volcarona
|-boost|p1a: Volcarona|spa|1
|-boost|p1a: Volcarona|spd|1
|-boost|p1a: Volcarona|spe|1
|move|p2b: Dragonite|Scale Shot|p1b: Snarf
|-damage|p1b: Snarf|89/100
|-damage|p1b: Snarf|78/100
|-crit|p1b: Snarf
|-damage|p1b: Snarf|61/100
|-damage|p1b: Snarf|51/100
|-damage|p1b: Snarf|40/100
|-hitcount|p1b: Snarf|5
|-unboost|p2b: Dragonite|def|1
|-boost|p2b: Dragonite|spe|1
|move|p2a: Incineroar|Knock Off|p1a: Volcarona
|-resisted|p1a: Volcarona
|-damage|p1a: Volcarona|75/100
|-enditem|p1a: Volcarona|Covert Cloak|[from] move: Knock Off|[of] p2a: Incineroar
|
|upkeep
|turn|2
|
|t:|1756493251
|switch|p2a: Clefable|Clefable, L50, M|100/100
|move|p1b: Snarf|Helping Hand|p1a: Volcarona
|-singleturn|p1a: Volcarona|Helping Hand|[of] p1b: Snarf
|move|p2b: Dragonite|Protect|p2b: Dragonite
|-singleturn|p2b: Dragonite|Protect
|move|p1a: Volcarona|Heat Wave|p2b: Dragonite|[spread] 
|-activate|p2b: Dragonite|move: Protect
|-miss|p1a: Volcarona|p2a: Clefable
|
|upkeep
|turn|3
|
|t:|1756493273
|move|p1b: Snarf|Helping Hand|p1a: Volcarona
|-singleturn|p1a: Volcarona|Helping Hand|[of] p1b: Snarf
|move|p1a: Volcarona|Heat Wave|p2a: Clefable|[spread] p2a,p2b
|-resisted|p2b: Dragonite
|-damage|p2a: Clefable|51/100
|-damage|p2b: Dragonite|39/100
|move|p2b: Dragonite|Scale Shot|p1b: Snarf
|-damage|p1b: Snarf|28/100
|-damage|p1b: Snarf|16/100
|-damage|p1b: Snarf|3/100
|-damage|p1b: Snarf|0 fnt
|faint|p1b: Snarf
|-hitcount|p1: Snarf|4
|-unboost|p2b: Dragonite|def|1
|-boost|p2b: Dragonite|spe|1
|move|p2a: Clefable|Thunder Wave|p1a: Volcarona
|-status|p1a: Volcarona|par
|
|upkeep
|
|t:|1756493283
|switch|p1b: Vanessa|Sneasler, L50, F|100/100
|turn|4
|
|t:|1756493303
|switch|p2a: Incineroar|Incineroar, L50, M|100/100
|-ability|p2a: Incineroar|Intimidate|boost
|-unboost|p1a: Volcarona|atk|1
|-unboost|p1b: Vanessa|atk|1
|move|p2b: Dragonite|Protect|p2b: Dragonite
|-singleturn|p2b: Dragonite|Protect
|move|p1b: Vanessa|Coaching|p1a: Volcarona
|-boost|p1a: Volcarona|atk|1
|-boost|p1a: Volcarona|def|1
|cant|p1a: Volcarona|par
|
|upkeep
|turn|5
|
|t:|1756493317
|switch|p1b: Kerchak|Rillaboom, L50, M|100/100
|-fieldstart|move: Grassy Terrain|[from] ability: Grassy Surge|[of] p1b: Kerchak
|move|p2a: Incineroar|Fake Out|p1a: Volcarona
|-damage|p1a: Volcarona|66/100 par
|move|p2b: Dragonite|Scale Shot|p1b: Kerchak
|-damage|p1b: Kerchak|87/100
|-damage|p1b: Kerchak|72/100
|-damage|p1b: Kerchak|58/100
|-damage|p1b: Kerchak|44/100
|-damage|p1b: Kerchak|31/100
|-hitcount|p1b: Kerchak|5
|-unboost|p2b: Dragonite|def|1
|-boost|p2b: Dragonite|spe|1
|cant|p1a: Volcarona|flinch
|
|-heal|p1b: Kerchak|37/100|[from] Grassy Terrain
|-heal|p1a: Volcarona|72/100 par|[from] Grassy Terrain
|upkeep
|turn|6
|
|t:|1756493340
|move|p2b: Dragonite|Scale Shot|p1b: Kerchak
|-damage|p1b: Kerchak|22/100
|-damage|p1b: Kerchak|7/100
|-damage|p1b: Kerchak|0 fnt
|faint|p1b: Kerchak
|-hitcount|p1: Kerchak|3
|-unboost|p2b: Dragonite|def|1
|-boost|p2b: Dragonite|spe|1
|cant|p1a: Volcarona|par
|move|p2a: Incineroar|Parting Shot|p1a: Volcarona
|-unboost|p1a: Volcarona|atk|1
|-unboost|p1a: Volcarona|spa|1
|
|t:|1756493346
|switch|p2a: Sneasler|Sneasler, L50, M|100/100|[from] Parting Shot
|
|-heal|p1a: Volcarona|78/100 par|[from] Grassy Terrain
|upkeep
|
|t:|1756493350
|switch|p1b: Vanessa|Sneasler, L50, F|100/100
|turn|7
|
|t:|1756493357
|move|p2b: Dragonite|Protect|p2b: Dragonite
|-singleturn|p2b: Dragonite|Protect
|move|p2a: Sneasler|Protect|p2a: Sneasler
|-singleturn|p2a: Sneasler|Protect
|move|p1b: Vanessa|Fake Out|p2a: Sneasler
|-activate|p2a: Sneasler|move: Protect
|cant|p1a: Volcarona|par
|
|-heal|p1a: Volcarona|84/100 par|[from] Grassy Terrain
|upkeep
|turn|8
|c|â˜†IngeVGC|:(
|-message|IngeVGC forfeited.
|
|win|ProtectPartingShot
|raw|IngeVGC's rating: 1451 → 1436(-15 for losing)
|raw|ProtectPartingShot's rating: 1534 → 1549(+15 for winning)
|c|â˜†ProtectPartingShot|Iâ€™m srry
|l|â˜†ProtectPartingShot
|player|p2|
|l|â˜†IngeVGC
|player|p1|
|j|â˜†ProtectPartingShot
|player|p2|ProtectPartingShot|iris|
