|j|☆SideB33563356
|j|☆WrathofSharath
|html|SideB33563356WrathofSharath    
|uhtml|bestof|Game 2 of a best-of-3
|t:|1784172153
|gametype|doubles
|player|p1|SideB33563356|1|
|player|p2|WrathofSharath|alder|
|gen|9
|tier|[Gen 9 Champions] VGC 2026 Reg M-B (Bo3)
|rule|Species Clause: Limit one of each Pokémon
|rule|Item Clause: Limit 1 of each item
|clearpoke
|poke|p1|Metagross, L50|
|poke|p1|Talonflame, L50, M|
|poke|p1|Basculegion, L50, M|
|poke|p1|Kingambit, L50, F|
|poke|p1|Hydreigon, L50, M|
|poke|p1|Ninetales-Alola, L50, M|
|poke|p2|Gholdengo, L50, shiny|
|poke|p2|Floette-Eternal, L50, F|
|poke|p2|Sneasler, L50, F, shiny|
|poke|p2|Garchomp, L50, M|
|poke|p2|Incineroar, L50, M, shiny|
|poke|p2|Talonflame, L50, M, shiny|
|teampreview|4
|showteam|p1|Metagross||Metagrossite|ClearBody|MeteorMash,PsychicFangs,BulletPunch,Protect|Jolly|||||50|]Talonflame||SharpBeak|GaleWings|BraveBird,WillOWisp,Tailwind,Protect|Jolly||M|||50|]Basculegion||LifeOrb|Adaptability|WaveCrash,LastRespects,AquaJet,Protect|Jolly||M|||50|]Kingambit||BlackGlasses|Defiant|KowtowCleave,LowKick,SuckerPunch,Protect|Adamant||F|||50|]Hydreigon||ChoiceScarf|Levitate|DarkPulse,DracoMeteor,Snarl,EarthPower|Modest||M|||50|]Ninetales-Alola||FocusSash|SnowWarning|Blizzard,FreezeDry,Encore,Protect|Timid||M|||50|
|showteam|p2|Gholdengo||ChoiceScarf|GoodasGold|MakeItRain,ShadowBall,Thunderbolt,Psychic|Modest|||||50|]Floette-Eternal||Floettite|FlowerVeil|Moonblast,DazzlingGleam,CalmMind,Protect|Timid||F|||50|]Sneasler||WhiteHerb|Unburden|DireClaw,FakeOut,Protect,CloseCombat|Adamant||F|||50|]Garchomp||LifeOrb|RoughSkin|Protect,Earthquake,DragonClaw,RockSlide|Jolly||M|||50|]Incineroar||SitrusBerry|Intimidate|FakeOut,FlareBlitz,ThroatChop,Protect|Adamant||M|||50|]Talonflame||SharpBeak|GaleWings|BraveBird,Tailwind,SunnyDay,Taunt|Jolly||M|||50|
|
|t:|1784172190
|teamsize|p1|4
|teamsize|p2|4
|start
|switch|p1a: Trae Young|Talonflame, L50, M|100/100
|switch|p1b: Computah|Metagross, L50|100/100
|switch|p2a: Vozinha|Floette-Eternal, L50, F|100/100
|switch|p2b: Uzbek Messi|Talonflame, L50, M, shiny|100/100
|turn|1
|
|t:|1784172213
|detailschange|p1b: Computah|Metagross-Mega, L50
|-mega|p1b: Computah|Metagross|Metagrossite
|move|p2a: Vozinha|Protect|p2a: Vozinha
|-singleturn|p2a: Vozinha|Protect
|move|p2b: Uzbek Messi|Tailwind|p2b: Uzbek Messi
|-sidestart|p2: WrathofSharath|move: Tailwind
|move|p1a: Trae Young|Tailwind|p1a: Trae Young
|-sidestart|p1: SideB33563356|move: Tailwind
|move|p1b: Computah|Meteor Mash|p2a: Vozinha
|-activate|p2a: Vozinha|move: Protect
|
|upkeep
|turn|2
|
|t:|1784172241
|switch|p1a: knickswinthechip!|Hydreigon, L50, M|100/100
|move|p2a: Vozinha|Protect||[still]
|-fail|p2a: Vozinha
|move|p2b: Uzbek Messi|Brave Bird|p1a: knickswinthechip!
|-damage|p1a: knickswinthechip!|50/100g
|-damage|p2b: Uzbek Messi|84/100|[from] Recoil
|move|p1b: Computah|Meteor Mash|p2a: Vozinha|[miss]
|-miss|p1b: Computah|p2a: Vozinha
|
|upkeep
|turn|3
|
|t:|1784172310
|detailschange|p2a: Vozinha|Floette-Mega, L50, F
|-mega|p2a: Vozinha|Floette|Floettite
|-ability|p2a: Vozinha|Fairy Aura
|move|p2a: Vozinha|Protect|p2a: Vozinha
|-singleturn|p2a: Vozinha|Protect
|move|p1b: Computah|Bullet Punch|p2b: Uzbek Messi
|-resisted|p2b: Uzbek Messi|1
|-crit|p2b: Uzbek Messi
|-damage|p2b: Uzbek Messi|57/100
|move|p1a: knickswinthechip!|Dark Pulse|p2b: Uzbek Messi
|-damage|p2b: Uzbek Messi|0 fnt
|faint|p2b: Uzbek Messi
|
|upkeep
|
|t:|1784172325
|switch|p2b: Hey Jude|Garchomp, L50, M|100/100
|turn|4
|
|t:|1784172341
|switch|p1a: Texas Power Crisis|Ninetales-Alola, L50, M|100/100
|-weather|Snowscape|[from] ability: Snow Warning|[of] p1a: Texas Power Crisis
|move|p2a: Vozinha|Protect|p2a: Vozinha
|-singleturn|p2a: Vozinha|Protect
|move|p1b: Computah|Meteor Mash|p2a: Vozinha
|-activate|p2a: Vozinha|move: Protect
|move|p2b: Hey Jude|Earthquake|p1b: Computah|[spread] p1a,p1b
|-activate|p2a: Vozinha|move: Protect
|-supereffective|p1b: Computah|1
|-damage|p1a: Texas Power Crisis|50/100g
|-damage|p1b: Computah|21/100
|-damage|p2b: Hey Jude|90/100|[from] item: Life Orb
|
|-weather|Snowscape|[upkeep]
|-sideend|p1: SideB33563356|move: Tailwind
|-sideend|p2: WrathofSharath|move: Tailwind
|upkeep
|turn|5
|
|t:|1784172361
|move|p2b: Hey Jude|Protect|p2b: Hey Jude
|-singleturn|p2b: Hey Jude|Protect
|move|p1b: Computah|Meteor Mash|p2a: Vozinha
|-supereffective|p2a: Vozinha|1
|-damage|p2a: Vozinha|0 fnt
|-boost|p1b: Computah|atk|1
|faint|p2a: Vozinha
|move|p1a: Texas Power Crisis|Blizzard|p2b: Hey Jude
|-activate|p2b: Hey Jude|move: Protect
|
|-weather|Snowscape|[upkeep]
|upkeep
|
|t:|1784172370
|switch|p2a: Ronaldo|Sneasler, L50, F, shiny|100/100
|turn|6
|
|t:|1784172406
|move|p1b: Computah|Protect|p1b: Computah
|-singleturn|p1b: Computah|Protect
|move|p1a: Texas Power Crisis|Protect|p1a: Texas Power Crisis
|-singleturn|p1a: Texas Power Crisis|Protect
|move|p2a: Ronaldo|Fake Out|p1a: Texas Power Crisis
|-activate|p1a: Texas Power Crisis|move: Protect
|move|p2b: Hey Jude|Earthquake|p1a: Texas Power Crisis|[spread] p2a
|-activate|p1a: Texas Power Crisis|move: Protect
|-activate|p1b: Computah|move: Protect
|-supereffective|p2a: Ronaldo|1
|-damage|p2a: Ronaldo|0 fnt
|faint|p2a: Ronaldo
|-damage|p2b: Hey Jude|80/100|[from] item: Life Orb
|
|-weather|Snowscape|[upkeep]
|upkeep
|turn|7
|
|t:|1784172428
|switch|p1b: knickswinthechip!|Hydreigon, L50, M|50/100g
|move|p1a: Texas Power Crisis|Blizzard|p2b: Hey Jude
|-supereffective|p2b: Hey Jude|2
|-damage|p2b: Hey Jude|0 fnt
|faint|p2b: Hey Jude
|
|win|SideB33563356
