|j|☆Tamejo
|j|☆antisbad
|html|Tamejoantisbad    
|uhtml|bestof|Game 3 of a best-of-3
|t:|1756410948
|gametype|doubles
|player|p1|Tamejo|caitlin|
|player|p2|antisbad|hop|
|gen|9
|tier|[Gen 9] VGC 2025 Reg H (Bo3)
|rule|Species Clause: Limit one of each Pokémon
|rule|Item Clause: Limit 1 of each item
|clearpoke
|poke|p1|Garchomp, L50, F|
|poke|p1|Vivillon-Fancy, L50, F|
|poke|p1|Sinistcha-Masterpiece, L50|
|poke|p1|Politoed, L50, F|
|poke|p1|Gholdengo, L50|
|poke|p1|Tauros-Paldea-Blaze, L50, M|
|poke|p2|Archaludon, L50, F|
|poke|p2|Dragonite, L50, F|
|poke|p2|Pelipper, L50, M|
|poke|p2|Ursaluna, L50, M|
|poke|p2|Sinistcha, L50|
|poke|p2|Gholdengo, L50|
|teampreview|4
|showteam|p1|Garchomp||ClearAmulet|RoughSkin|DragonClaw,StompingTantrum,SwordsDance,Protect|||F|||50|,,,,,Fairy]Vivillon-Fancy||FocusSash|CompoundEyes|Hurricane,SleepPowder,Tailwind,Protect|||F|||50|,,,,,Ghost]Sinistcha-Masterpiece||SitrusBerry|Hospitality|MatchaGotcha,RagePowder,TrickRoom,Protect||||||50|,,,,,Fairy]Politoed||AguavBerry|Drizzle|Haze,IcyWind,WeatherBall,Protect|||F|||50|,,,,,Dragon]Gholdengo||MetalCoat|GoodasGold|MakeItRain,ShadowBall,NastyPlot,Protect||||||50|,,,,,Fairy]Tauros-Paldea-Blaze||SafetyGoggles|Intimidate|RagingBull,CloseCombat,WillOWisp,Protect|||M|||50|,,,,,Water
|showteam|p2|Archaludon||AssaultVest|Stamina|FlashCannon,BodyPress,ElectroShot,Snarl|||F|||50|,,,,,Fighting]Dragonite||LoadedDice|Multiscale|ScaleShot,Tailwind,Haze,Protect|||F|||50|,,,,,Fairy]Pelipper||FocusSash|Drizzle|MuddyWater,Hurricane,Tailwind,Protect|||M|||50|,,,,,Ghost]Ursaluna||FlameOrb|Guts|Facade,HeadlongRush,Earthquake,Protect|||M|||50|,,,,,Ghost]Sinistcha||SitrusBerry|Hospitality|MatchaGotcha,LifeDew,RagePowder,TrickRoom||||||50|,,,,,Dark]Gholdengo||ChoiceScarf|GoodasGold|MakeItRain,ShadowBall,Trick,Protect||||||50|,,,,,Flying
|
|t:|1756411021
|teamsize|p1|4
|teamsize|p2|4
|start
|switch|p1a: Vivillon|Vivillon-Fancy, L50, F|100/100
|switch|p1b: Garchomp|Garchomp, L50, F|100/100
|switch|p2a: Dragonite|Dragonite, L50, F|100/100
|switch|p2b: Archaludon|Archaludon, L50, F|100/100
|turn|1
|inactive|Battle timer is ON: inactive players will automatically lose when time's up. (requested by Tamejo)
|
|t:|1756411064
|switch|p2a: Gholdengo|Gholdengo, L50|100/100
|-terastallize|p1b: Garchomp|Fairy
|move|p1b: Garchomp|Dragon Claw|p2a: Gholdengo
|-resisted|p2a: Gholdengo
|-damage|p2a: Gholdengo|78/100
|move|p1a: Vivillon|Sleep Powder|p2b: Archaludon
|-status|p2b: Archaludon|slp|[from] move: Sleep Powder
|cant|p2b: Archaludon|slp
|
|upkeep
|turn|2
|inactive|antisbad has 30 seconds left.
|inactive|antisbad has 20 seconds left.
|inactive|Tamejo has 30 seconds left.
|
|t:|1756411107
|switch|p1b: Gholdengo|Gholdengo, L50|100/100
|switch|p2b: Ursaluna|Ursaluna, L50, M|100/100
|-terastallize|p2a: Gholdengo|Flying
|move|p2a: Gholdengo|Make It Rain|p1a: Vivillon|[spread] p1a,p1b
|-crit|p1a: Vivillon
|-resisted|p1b: Gholdengo
|-enditem|p1a: Vivillon|Focus Sash
|-damage|p1a: Vivillon|1/100
|-damage|p1b: Gholdengo|69/100
|-unboost|p2a: Gholdengo|spa|1
|move|p1a: Vivillon|Tailwind|p1a: Vivillon
|-sidestart|p1: Tamejo|move: Tailwind
|
|-status|p2b: Ursaluna|brn|[from] item: Flame Orb
|upkeep
|turn|3
|inactive|Tamejo has 30 seconds left.
|inactive|antisbad has 30 seconds left.
|inactive|Tamejo has 20 seconds left.
|inactive|antisbad has 20 seconds left.
|inactive|Tamejo has 15 seconds left.
|inactive|antisbad has 15 seconds left.
|inactive|antisbad has 10 seconds left.
|
|t:|1756411153
|move|p1a: Vivillon|Hurricane|p2b: Ursaluna
|-damage|p2b: Ursaluna|62/100 brn
|move|p1b: Gholdengo|Make It Rain|p2a: Gholdengo|[spread] p2a,p2b
|-damage|p2a: Gholdengo|13/100
|-damage|p2b: Ursaluna|8/100 brn
|-unboost|p1b: Gholdengo|spa|1
|move|p2a: Gholdengo|Make It Rain|p1a: Vivillon|[spread] p1a,p1b
|-resisted|p1b: Gholdengo
|-damage|p1a: Vivillon|0 fnt
|-damage|p1b: Gholdengo|48/100
|-unboost|p2a: Gholdengo|spa|1
|faint|p1a: Vivillon
|move|p2b: Ursaluna|Earthquake|p1b: Gholdengo|[spread] p1b
|-immune|p2a: Gholdengo
|-supereffective|p1b: Gholdengo
|-damage|p1b: Gholdengo|0 fnt
|faint|p1b: Gholdengo
|
|-damage|p2b: Ursaluna|2/100 brn|[from] brn
|upkeep
|
|t:|1756411159
|switch|p1a: Garchomp|Garchomp, L50, F, tera:Fairy|100/100
|switch|p1b: Tauros|Tauros-Paldea-Blaze, L50, M|100/100
|-ability|p1b: Tauros|Intimidate|boost
|-unboost|p2a: Gholdengo|atk|1
|-unboost|p2b: Ursaluna|atk|1
|turn|4
|inactive|Tamejo has 30 seconds left.
|inactive|antisbad has 30 seconds left.
|inactive|Tamejo has 20 seconds left.
|
|t:|1756411197
|switch|p2a: Archaludon|Archaludon, L50, F|100/100 slp
|move|p2b: Ursaluna|Protect|p2b: Ursaluna
|-singleturn|p2b: Ursaluna|Protect
|move|p1a: Garchomp|Dragon Claw|p2b: Ursaluna
|-activate|p2b: Ursaluna|move: Protect
|move|p1b: Tauros|Raging Bull|p2a: Archaludon
|-damage|p2a: Archaludon|78/100 slp
|-ability|p2a: Archaludon|Stamina|boost
|-boost|p2a: Archaludon|def|1
|
|-damage|p2b: Ursaluna|0 fnt|[from] brn
|faint|p2b: Ursaluna
|upkeep
|
|t:|1756411204
|switch|p2b: Dragonite|Dragonite, L50, F|100/100
|turn|5
|inactive|Tamejo has 30 seconds left.
|inactive|Tamejo has 20 seconds left.
|inactive|Tamejo has 15 seconds left.
|inactive|Tamejo has 10 seconds left.
|
|t:|1756411252
|move|p1a: Garchomp|Stomping Tantrum|p2a: Archaludon
|-supereffective|p2a: Archaludon
|-damage|p2a: Archaludon|47/100 slp
|-ability|p2a: Archaludon|Stamina|boost
|-boost|p2a: Archaludon|def|1
|move|p1b: Tauros|Close Combat|p2a: Archaludon
|-supereffective|p2a: Archaludon
|-damage|p2a: Archaludon|20/100 slp
|-unboost|p1b: Tauros|def|1
|-unboost|p1b: Tauros|spd|1
|-ability|p2a: Archaludon|Stamina|boost
|-boost|p2a: Archaludon|def|1
|move|p2b: Dragonite|Scale Shot|p1b: Tauros
|-damage|p1b: Tauros|77/100
|-damage|p1b: Tauros|55/100
|-damage|p1b: Tauros|33/100
|-damage|p1b: Tauros|10/100
|-damage|p1b: Tauros|0 fnt
|faint|p1b: Tauros
|-hitcount|p1: Tauros|5
|-unboost|p2b: Dragonite|def|1
|-boost|p2b: Dragonite|spe|1
|cant|p2a: Archaludon|slp
|
|-sideend|p1: Tamejo|move: Tailwind
|upkeep
|turn|6
|c|☆Tamejo|Ggs
|
|t:|1756411272
|move|p2b: Dragonite|Tailwind|p2b: Dragonite
|-sidestart|p2: antisbad|move: Tailwind
|cant|p2a: Archaludon|slp
|move|p1a: Garchomp|Stomping Tantrum|p2a: Archaludon
|-supereffective|p2a: Archaludon
|-damage|p2a: Archaludon|0 fnt
|faint|p2a: Archaludon
|
|upkeep
|c|☆antisbad|GGs
|
|t:|1756411276
|switch|p2a: Gholdengo|Gholdengo, L50, tera:Flying|13/100
|turn|7
|
|t:|1756411285
|move|p1a: Garchomp|Protect|p1a: Garchomp
|-singleturn|p1a: Garchomp|Protect
|move|p2a: Gholdengo|Make It Rain|p1a: Garchomp
|-activate|p1a: Garchomp|move: Protect
|move|p2b: Dragonite|Haze|p2b: Dragonite
|-clearallboost
|
|upkeep
|turn|8
|
|t:|1756411296
|move|p2a: Gholdengo|Make It Rain|p1a: Garchomp
|-supereffective|p1a: Garchomp
|-damage|p1a: Garchomp|0 fnt
|-unboost|p2a: Gholdengo|spa|1
|faint|p1a: Garchomp
|
|win|antisbad
|l|☆Tamejo
|player|p1|
