|j|☆sparrow.d.ace
|j|☆Recadeco
|html|sparrow.d.aceRecadeco    
|uhtml|bestof|Game 2 of a best-of-3
|t:|1755534403
|gametype|doubles
|player|p1|sparrow.d.ace|alec-anime|1201
|player|p2|Recadeco|lucas|1335
|gen|9
|tier|[Gen 9] VGC 2025 Reg H (Bo3)
|rated|
|rule|Species Clause: Limit one of each Pokémon
|rule|Item Clause: Limit 1 of each item
|clearpoke
|poke|p1|Basculegion, L50, M|
|poke|p1|Pelipper, L50, M|
|poke|p1|Archaludon, L50, F|
|poke|p1|Kingambit, L50, M|
|poke|p1|Sneasler, L50, F|
|poke|p1|Rillaboom, L50, M|
|poke|p2|Kingambit, L50, M|
|poke|p2|Maushold-Four, L50|
|poke|p2|Talonflame, L50, M|
|poke|p2|Primarina, L50, F|
|poke|p2|Rillaboom, L50, F|
|poke|p2|Gholdengo, L50|
|teampreview|4
|showteam|p1|Basculegion||ChoiceBand|SwiftSwim|WaveCrash,FlipTurn,LastRespects,AquaJet|||M|||50|,,,,,Water]Pelipper||CovertCloak|Drizzle|WeatherBall,Hurricane,Tailwind,Protect|||M|||50|,,,,,Stellar]Archaludon||AssaultVest|Stamina|ElectroShot,DragonPulse,FlashCannon,BodyPress|||F|||50|,,,,,Grass]Kingambit||BlackGlasses|Defiant|KowtowCleave,IronHead,SuckerPunch,Protect|||M|||50|,,,,,Dark]Sneasler||FocusSash|PoisonTouch|DireClaw,CloseCombat,ThroatChop,Protect|||F|||50|,,,,,Ghost]Rillaboom||MiracleSeed|GrassySurge|WoodHammer,GrassyGlide,Uturn,FakeOut|||M|||50|,,,,,Fire
|showteam|p2|Kingambit||BlackGlasses|Defiant|KowtowCleave,SuckerPunch,SwordsDance,Protect|||M|||50|,,,,,Dark]Maushold-Four||SafetyGoggles|FriendGuard|SuperFang,HelpingHand,FollowMe,Taunt||||||50|,,,,,Ghost]Talonflame||CovertCloak|GaleWings|DualWingbeat,FlareBlitz,WillOWisp,Tailwind|||M|||50|,,,,,Stellar]Primarina||LifeOrb|LiquidVoice|HyperVoice,Moonblast,Haze,Protect|||F|||50|,,,,,Poison]Rillaboom||AssaultVest|GrassySurge|WoodHammer,HighHorsepower,Uturn,FakeOut|||F|||50|,,,,,Fire]Gholdengo||ChoiceSpecs|GoodasGold|MakeItRain,ShadowBall,Thunderbolt,Trick||||||50|,,,,,Steel
|inactive|Battle timer is ON: inactive players will automatically lose when time's up. (requested by Recadeco)
|
|t:|1755534435
|teamsize|p1|4
|teamsize|p2|4
|start
|switch|p1a: Pelipper|Pelipper, L50, M, shiny|100/100
|switch|p1b: Sneasler|Sneasler, L50, F|100/100
|switch|p2a: Shreder|Kingambit, L50, M, shiny|100/100
|switch|p2b: Tom y Jerry|Maushold-Four, L50|100/100
|-weather|RainDance|[from] ability: Drizzle|[of] p1a: Pelipper
|turn|1
|
|t:|1755534459
|switch|p2a: Ariel|Primarina, L50, F|100/100
|move|p1b: Sneasler|Close Combat|p2a: Ariel
|-resisted|p2a: Ariel
|-damage|p2a: Ariel|76/100
|-unboost|p1b: Sneasler|def|1
|-unboost|p1b: Sneasler|spd|1
|move|p2b: Tom y Jerry|Super Fang|p1b: Sneasler
|-damage|p1b: Sneasler|51/100
|move|p1a: Pelipper|Weather Ball|p2a: Ariel
|-resisted|p2a: Ariel
|-damage|p2a: Ariel|57/100
|
|-weather|RainDance|[upkeep]
|upkeep
|turn|2
|inactive|Recadeco has 30 seconds left.
|inactive|Recadeco has 20 seconds left.
|
|t:|1755534495
|switch|p1b: Archaludon|Archaludon, L50, F|100/100
|-terastallize|p1a: Pelipper|Stellar
|move|p2b: Tom y Jerry|Follow Me|p2b: Tom y Jerry
|-singleturn|p2b: Tom y Jerry|move: Follow Me
|move|p1a: Pelipper|Hurricane|p2b: Tom y Jerry
|-damage|p2b: Tom y Jerry|31/100
|move|p2a: Ariel|Hyper Voice|p1a: Pelipper|[spread] p1a,p1b
|-resisted|p1a: Pelipper
|-resisted|p1b: Archaludon
|-damage|p1a: Pelipper|40/100
|-damage|p1b: Archaludon|79/100
|-ability|p1b: Archaludon|Stamina|boost
|-boost|p1b: Archaludon|def|1
|-damage|p2a: Ariel|47/100|[from] item: Life Orb
|
|-weather|RainDance|[upkeep]
|upkeep
|turn|3
|inactive|Recadeco has 30 seconds left.
|
|t:|1755534520
|switch|p2a: Flying Gorilla|Rillaboom, L50, F|100/100
|-fieldstart|move: Grassy Terrain|[from] ability: Grassy Surge|[of] p2a: Flying Gorilla
|move|p2b: Tom y Jerry|Super Fang|p1b: Archaludon
|-damage|p1b: Archaludon|40/100
|-ability|p1b: Archaludon|Stamina|boost
|-boost|p1b: Archaludon|def|1
|move|p1a: Pelipper|Tailwind|p1a: Pelipper
|-sidestart|p1: sparrow.d.ace|move: Tailwind
|move|p1b: Archaludon|Electro Shot||[still]
|-prepare|p1b: Archaludon|Electro Shot
|-boost|p1b: Archaludon|spa|1
|-anim|p1b: Archaludon|Electro Shot|p2a: Flying Gorilla
|-resisted|p2a: Flying Gorilla
|-damage|p2a: Flying Gorilla|82/100
|
|-weather|RainDance|[upkeep]
|-heal|p1b: Archaludon|46/100|[from] Grassy Terrain
|-heal|p2b: Tom y Jerry|37/100|[from] Grassy Terrain
|-heal|p2a: Flying Gorilla|88/100|[from] Grassy Terrain
|upkeep
|turn|4
|
|t:|1755534545
|move|p2b: Tom y Jerry|Follow Me|p2b: Tom y Jerry
|-singleturn|p2b: Tom y Jerry|move: Follow Me
|move|p1a: Pelipper|Hurricane|p2b: Tom y Jerry
|-crit|p2b: Tom y Jerry
|-damage|p2b: Tom y Jerry|0 fnt
|faint|p2b: Tom y Jerry
|move|p1b: Archaludon|Body Press|p2a: Flying Gorilla
|-damage|p2a: Flying Gorilla|42/100
|move|p2a: Flying Gorilla|High Horsepower|p1b: Archaludon
|-supereffective|p1b: Archaludon
|-damage|p1b: Archaludon|23/100
|-ability|p1b: Archaludon|Stamina|boost
|-boost|p1b: Archaludon|def|1
|
|-weather|RainDance|[upkeep]
|-heal|p1b: Archaludon|29/100|[from] Grassy Terrain
|-heal|p2a: Flying Gorilla|48/100|[from] Grassy Terrain
|upkeep
|
|t:|1755534558
|switch|p2b: Shreder|Kingambit, L50, M, shiny|100/100
|turn|5
|
|t:|1755534570
|-terastallize|p2b: Shreder|Dark
|move|p2b: Shreder|Sucker Punch|p1b: Archaludon
|-damage|p1b: Archaludon|9/100
|-ability|p1b: Archaludon|Stamina|boost
|-boost|p1b: Archaludon|def|1
|move|p1a: Pelipper|Hurricane|p2a: Flying Gorilla
|-supereffective|p2a: Flying Gorilla
|-damage|p2a: Flying Gorilla|0 fnt
|faint|p2a: Flying Gorilla
|move|p1b: Archaludon|Body Press|p2b: Shreder
|-supereffective|p2b: Shreder
|-damage|p2b: Shreder|0 fnt
|faint|p2b: Shreder
|
|-weather|none
|-heal|p1b: Archaludon|15/100|[from] Grassy Terrain
|upkeep
|
|t:|1755534576
|switch|p2a: Ariel|Primarina, L50, F|47/100
|turn|6
|-message|Recadeco forfeited.
|
|win|sparrow.d.ace
|raw|sparrow.d.ace's rating: 1201 → 1235(+34 for winning)
|raw|Recadeco's rating: 1335 → 1308(-27 for losing)
|l|☆Recadeco
|player|p2|
|j|☆Recadeco
|player|p2|Recadeco|lucas|
