|j|☆Pelosis
|j|☆reuman
|html|Pelosisreuman    
|uhtml|bestof|Game 1 of a best-of-3
|t:|1784129264
|gametype|doubles
|player|p1|Pelosis|101|1105
|player|p2|reuman|lucas|1034
|gen|9
|tier|[Gen 9 Champions] VGC 2026 Reg M-B (Bo3)
|rated|
|rule|Species Clause: Limit one of each Pokémon
|rule|Item Clause: Limit 1 of each item
|clearpoke
|poke|p1|Mawile, L50, F|
|poke|p1|Farigiraf, L50, M|
|poke|p1|Incineroar, L50, F|
|poke|p1|Torkoal, L50, M|
|poke|p1|Venusaur, L50, M|
|poke|p1|Scrafty, L50, F|
|poke|p2|Garchomp, L50, F|
|poke|p2|Basculegion, L50, M|
|poke|p2|Tyranitar, L50, F|
|poke|p2|Incineroar, L50, F|
|poke|p2|Corviknight, L50, M, shiny|
|poke|p2|Gengar, L50, F|
|teampreview|4
|showteam|p1|Mawile||Mawilite|HyperCutter|Protect,PlayRough,SwordsDance,SuckerPunch|Brave||F|||50|]Farigiraf||SitrusBerry|ArmorTail|TrickRoom,TwinBeam,Thunderbolt,HelpingHand|Quiet||M|||50|]Incineroar||WhiteHerb|Intimidate|FakeOut,CloseCombat,FlareBlitz,ThroatChop|Brave||F|||50|]Torkoal||Charcoal|Drought|Protect,Eruption,HeatWave,WeatherBall|Quiet||M|||50|]Venusaur||FocusSash|Chlorophyll|SleepPowder,EarthPower,EnergyBall,SludgeBomb|Modest||M|||50|]Scrafty||Scraftinite|Intimidate|FakeOut,CloseCombat,KnockOff,IcePunch|Brave||F|||50|
|showteam|p2|Garchomp||LifeOrb|SandVeil|RockSlide,DragonClaw,StompingTantrum,Protect|Jolly||F|||50|]Basculegion||ChoiceScarf|Adaptability|AquaJet,WaveCrash,LastRespects,IceFang|Jolly||M|||50|]Tyranitar||Tyranitarite|SandStream|Crunch,RockSlide,Protect,FirePunch|Adamant||F|||50|]Incineroar||SitrusBerry|Intimidate|ThroatChop,FlareBlitz,FakeOut,PartingShot|Careful||F|||50|]Corviknight||Leftovers|MirrorArmor|Tailwind,BraveBird,IronHead,Protect|Impish||M|||50|]Gengar||Gengarite|CursedBody|ShadowBall,SludgeWave,PerishSong,Protect|Timid||F|||50|
|inactive|Battle timer is ON: inactive players will automatically lose when time's up. (requested by reuman)
|
|t:|1784129295
|teamsize|p1|4
|teamsize|p2|4
|start
|switch|p1a: Venusaur|Venusaur, L50, M|100/100
|switch|p1b: Farigiraf|Farigiraf, L50, M|100/100
|switch|p2a: Incineroar|Incineroar, L50, F|100/100
|switch|p2b: Garchomp|Garchomp, L50, F|100/100
|-ability|p2a: Incineroar|Intimidate|boost
|-unboost|p1a: Venusaur|atk|1
|-unboost|p1b: Farigiraf|atk|1
|turn|1
|inactive|Pelosis has 30 seconds left.
|
|t:|1784129330
|switch|p1b: Scrafty|Scrafty, L50, F|100/100
|-ability|p1b: Scrafty|Intimidate|boost
|-unboost|p2a: Incineroar|atk|1
|-unboost|p2b: Garchomp|atk|1
|move|p2b: Garchomp|Dragon Claw|p1a: Venusaur
|-damage|p1a: Venusaur|52/100
|-damage|p2b: Garchomp|90/100|[from] item: Life Orb
|move|p1a: Venusaur|Sleep Powder|p2a: Incineroar
|-status|p2a: Incineroar|slp|[from] move: Sleep Powder
|cant|p2a: Incineroar|slp
|
|upkeep
|turn|2
|inactive|Pelosis has 30 seconds left.
|inactive|Pelosis has 20 seconds left.
|
|t:|1784129365
|switch|p1a: Farigiraf|Farigiraf, L50, M|100/100
|detailschange|p1b: Scrafty|Scrafty-Mega, L50, F
|-mega|p1b: Scrafty|Scrafty|Scraftinite
|-ability|p1b: Scrafty|Intimidate|boost
|-unboost|p2a: Incineroar|atk|1
|-unboost|p2b: Garchomp|atk|1
|move|p2b: Garchomp|Protect|p2b: Garchomp
|-singleturn|p2b: Garchomp|Protect
|cant|p2a: Incineroar|slp
|move|p1b: Scrafty|Knock Off|p2a: Incineroar
|-resisted|p2a: Incineroar|1
|-damage|p2a: Incineroar|75/100 slp
|-enditem|p2a: Incineroar|Sitrus Berry|[from] move: Knock Off|[of] p1b: Scrafty
|
|upkeep
|turn|3
|
|t:|1784129385
|switch|p2b: Tyranitar|Tyranitar, L50, F|100/100
|-weather|Sandstorm|[from] ability: Sand Stream|[of] p2b: Tyranitar
|-curestatus|p2a: Incineroar|slp|[msg]
|move|p2a: Incineroar|Throat Chop|p1a: Farigiraf
|-supereffective|p1a: Farigiraf|1
|-damage|p1a: Farigiraf|70/100
|-start|p1a: Farigiraf|Throat Chop|[silent]
|move|p1b: Scrafty|Ice Punch|p2b: Tyranitar
|-damage|p2b: Tyranitar|78/100
|move|p1a: Farigiraf|Trick Room|p1a: Farigiraf
|-fieldstart|move: Trick Room|[of] p1a: Farigiraf
|
|-weather|Sandstorm|[upkeep]
|-damage|p1a: Farigiraf|64/100|[from] Sandstorm
|-damage|p1b: Scrafty|94/100|[from] Sandstorm
|-damage|p2a: Incineroar|69/100|[from] Sandstorm
|upkeep
|turn|4
|inactive|reuman has 30 seconds left.
|
|t:|1784129411
|switch|p1a: Torkoal|Torkoal, L50, M|100/100
|-weather|SunnyDay|[from] ability: Drought|[of] p1a: Torkoal
|move|p2b: Tyranitar|Protect|p2b: Tyranitar
|-singleturn|p2b: Tyranitar|Protect
|move|p1b: Scrafty|Close Combat|p2a: Incineroar
|-supereffective|p2a: Incineroar|1
|-crit|p2a: Incineroar
|-damage|p2a: Incineroar|0 fnt
|-unboost|p1b: Scrafty|def|1
|-unboost|p1b: Scrafty|spd|1
|faint|p2a: Incineroar
|
|-weather|SunnyDay|[upkeep]
|upkeep
|
|t:|1784129425
|switch|p2a: Garchomp|Garchomp, L50, F|90/100
|turn|5
|inactive|Pelosis has 30 seconds left.
|inactive|Pelosis has 20 seconds left.
|inactive|Pelosis has 15 seconds left.
|
|t:|1784129469
|switch|p1a: Venusaur|Venusaur, L50, M|52/100
|switch|p1b: Farigiraf|Farigiraf, L50, M|64/100
|detailschange|p2b: Tyranitar|Tyranitar-Mega, L50, F
|-mega|p2b: Tyranitar|Tyranitar|Tyranitarite
|-weather|Sandstorm|[from] ability: Sand Stream|[of] p2b: Tyranitar
|move|p2b: Tyranitar|Rock Slide|p1a: Venusaur|[spread] p1a,p1b
|-damage|p1a: Venusaur|0 fnt
|-damage|p1b: Farigiraf|30/100
|-enditem|p1b: Farigiraf|Sitrus Berry|[eat]
|-heal|p1b: Farigiraf|55/100|[from] item: Sitrus Berry
|faint|p1a: Venusaur
|move|p2a: Garchomp|Dragon Claw|p1b: Farigiraf
|-damage|p1b: Farigiraf|7/100
|-damage|p2a: Garchomp|80/100|[from] item: Life Orb
|
|-weather|Sandstorm|[upkeep]
|-damage|p1b: Farigiraf|1/100|[from] Sandstorm
|upkeep
|
|t:|1784129491
|switch|p1a: Torkoal|Torkoal, L50, M|100/100
|-weather|SunnyDay|[from] ability: Drought|[of] p1a: Torkoal
|turn|6
|
|t:|1784129509
|move|p1b: Farigiraf|Helping Hand|p1a: Torkoal
|-singleturn|p1a: Torkoal|Helping Hand|[of] p1b: Farigiraf
|move|p2b: Tyranitar|Protect|p2b: Tyranitar
|-singleturn|p2b: Tyranitar|Protect
|move|p1a: Torkoal|Eruption|p2a: Garchomp|[spread] p2a
|-activate|p2b: Tyranitar|move: Protect
|-resisted|p2a: Garchomp|1
|-damage|p2a: Garchomp|2/100
|move|p2a: Garchomp|Rock Slide|p1b: Farigiraf|[spread] p1a,p1b
|-supereffective|p1a: Torkoal|1
|-crit|p1b: Farigiraf
|-damage|p1a: Torkoal|58/100
|-damage|p1b: Farigiraf|0 fnt
|faint|p1b: Farigiraf
|-damage|p2a: Garchomp|0 fnt|[from] item: Life Orb
|faint|p2a: Garchomp
|
|-weather|SunnyDay|[upkeep]
|upkeep
|
|t:|1784129524
|switch|p1b: Scrafty|Scrafty-Mega, L50, F|94/100
|switch|p2a: Basculegion|Basculegion, L50, M|100/100
|-ability|p1b: Scrafty|Intimidate|boost
|-unboost|p2a: Basculegion|atk|1
|-unboost|p2b: Tyranitar|atk|1
|turn|7
|
|t:|1784129535
|move|p1a: Torkoal|Heat Wave|p2a: Basculegion|[spread] p2a,p2b
|-resisted|p2a: Basculegion|1
|-resisted|p2b: Tyranitar|1
|-damage|p2a: Basculegion|69/100
|-damage|p2b: Tyranitar|58/100
|move|p1b: Scrafty|Knock Off|p2a: Basculegion
|-supereffective|p2a: Basculegion|1
|-crit|p2a: Basculegion
|-damage|p2a: Basculegion|0 fnt
|-enditem|p2a: Basculegion|Choice Scarf|[from] move: Knock Off|[of] p1b: Scrafty
|faint|p2a: Basculegion
|move|p2b: Tyranitar|Rock Slide|p1a: Torkoal|[spread] p1b
|-miss|p2b: Tyranitar|p1a: Torkoal
|-resisted|p1b: Scrafty|1
|-damage|p1b: Scrafty|84/100
|
|-weather|SunnyDay|[upkeep]
|-fieldend|move: Trick Room
|upkeep
|turn|8
|
|t:|1784129552
|move|p2b: Tyranitar|Rock Slide|p1b: Scrafty|[spread] p1a
|-miss|p2b: Tyranitar|p1b: Scrafty
|-supereffective|p1a: Torkoal|1
|-damage|p1a: Torkoal|18/100
|move|p1b: Scrafty|Close Combat|p2b: Tyranitar
|-supereffective|p2b: Tyranitar|2
|-damage|p2b: Tyranitar|0 fnt
|-unboost|p1b: Scrafty|def|1
|-unboost|p1b: Scrafty|spd|1
|faint|p2b: Tyranitar
|
|win|Pelosis
|l|☆reuman
|player|p2|
||reuman is ready for game 2.
|inactive|Pelosis has 30 seconds to confirm battle start!
