|j|☆Linkmasterjr
|j|☆jonathan53332
|html|Linkmasterjrjonathan53332    
|uhtml|bestof|Game 2 of a best-of-3
|t:|1782460950
|gametype|doubles
|player|p1|Linkmasterjr|265|
|player|p2|jonathan53332|266|
|gen|9
|tier|[Gen 9 Champions] VGC 2026 Reg M-B (Bo3)
|rule|Species Clause: Limit one of each Pokémon
|rule|Item Clause: Limit 1 of each item
|clearpoke
|poke|p1|Raichu, L50, M|
|poke|p1|Staraptor, L50, M|
|poke|p1|Grimmsnarl, L50, M|
|poke|p1|Scizor, L50, F|
|poke|p1|Archaludon, L50, F|
|poke|p1|Gengar, L50, M|
|poke|p2|Primarina, L50, M|
|poke|p2|Sinistcha-Masterpiece, L50, shiny|
|poke|p2|Pelipper, L50, M|
|poke|p2|Meganium, L50, M, shiny|
|poke|p2|Excadrill, L50, M|
|poke|p2|Golurk, L50|
|teampreview|4
|showteam|p1|Raichu||RaichuniteY|LightningRod|ZapCannon,FocusBlast,AlluringVoice,FakeOut|Hasty||M|||50|]Staraptor||Staraptite|Intimidate|CloseCombat,Tailwind,BraveBird,Protect|Jolly||M|||50|]Grimmsnarl||LightClay|Prankster|LightScreen,Reflect,PartingShot,SpiritBreak|Careful||M|||50|]Scizor||MuscleBand|Technician|BulletPunch,DualWingbeat,Tailwind,CloseCombat|Adamant||F|||50|]Archaludon||FocusSash|Stamina|FlashCannon,ElectroShot,AuraSphere,Protect|Timid||F|||50|]Gengar||Gengarite|CursedBody|SludgeWave,ShadowBall,NastyPlot,Protect|Timid||M|||50|
|showteam|p2|Primarina||Leftovers|LiquidVoice|HyperVoice,Blizzard,EnergyBall,ShadowBall|Modest||M|||50|]Sinistcha-Masterpiece||SitrusBerry|Hospitality|MatchaGotcha,StrengthSap,ShadowBall,Scald|Modest|||||50|]Pelipper||FocusSash|Drizzle|Hurricane,WideGuard,IcyWind,Tailwind|Modest||M|||50|]Meganium||Meganiumite|LeafGuard|WeatherBall,SolarBeam,DazzlingGleam,Synthesis|Timid||M|||50|]Excadrill||Excadrite|SandRush|Earthquake,IronHead,BrickBreak,Protect|Jolly||M|||50|]Golurk||Golurkite|NoGuard|DynamicPunch,ThunderPunch,RockSlide,Poltergeist|Adamant|||||50|
|
|t:|1782461028
|teamsize|p1|4
|teamsize|p2|4
|start
|switch|p1a: Archaludon|Archaludon, L50, F|100/100
|switch|p1b: Gengar|Gengar, L50, M|100/100
|switch|p2a: Excadrill|Excadrill, L50, M|100/100
|switch|p2b: Pelipper|Pelipper, L50, M|100/100
|-weather|RainDance|[from] ability: Drizzle|[of] p2b: Pelipper
|turn|1
|
|t:|1782461039
|switch|p1b: Staraptor|Staraptor, L50, M|100/100
|-ability|p1b: Staraptor|Intimidate|boost
|-unboost|p2a: Excadrill|atk|1
|-unboost|p2b: Pelipper|atk|1
|detailschange|p2a: Excadrill|Excadrill-Mega, L50, M
|-mega|p2a: Excadrill|Excadrill|Excadrite
|move|p2a: Excadrill|Earthquake|p1b: Staraptor|[spread] p1a
|-immune|p2b: Pelipper
|-immune|p1b: Staraptor
|-supereffective|p1a: Archaludon|1
|-damage|p1a: Archaludon|49/100
|-ability|p1a: Archaludon|Stamina|boost
|-boost|p1a: Archaludon|def|1
|move|p1a: Archaludon|Aura Sphere|p2a: Excadrill
|-supereffective|p2a: Excadrill|1
|-damage|p2a: Excadrill|29/100
|move|p2b: Pelipper|Tailwind|p2b: Pelipper
|-sidestart|p2: jonathan53332|move: Tailwind
|
|-weather|RainDance|[upkeep]
|upkeep
|turn|2
|
|t:|1782461081
|move|p2a: Excadrill|Protect|p2a: Excadrill
|-singleturn|p2a: Excadrill|Protect
|move|p2b: Pelipper|Icy Wind|p1a: Archaludon|[spread] p1a,p1b
|-supereffective|p1b: Staraptor|1
|-damage|p1a: Archaludon|31/100
|-damage|p1b: Staraptor|59/100
|-unboost|p1a: Archaludon|spe|1
|-unboost|p1b: Staraptor|spe|1
|-ability|p1a: Archaludon|Stamina|boost
|-boost|p1a: Archaludon|def|1
|move|p1b: Staraptor|Tailwind|p1b: Staraptor
|-sidestart|p1: Linkmasterjr|move: Tailwind
|move|p1a: Archaludon|Aura Sphere|p2a: Excadrill
|-activate|p2a: Excadrill|move: Protect
|
|-weather|RainDance|[upkeep]
|upkeep
|turn|3
|
|t:|1782461121
|move|p1b: Staraptor|Protect|p1b: Staraptor
|-singleturn|p1b: Staraptor|Protect
|move|p1a: Archaludon|Protect|p1a: Archaludon
|-singleturn|p1a: Archaludon|Protect
|move|p2a: Excadrill|Iron Head|p1b: Staraptor
|-ability|p2a: Excadrill|Piercing Drill
|-zbroken|p1b: Staraptor
|-damage|p1b: Staraptor|46/100
|move|p2b: Pelipper|Hurricane|p1a: Archaludon
|-activate|p1a: Archaludon|move: Protect
|
|-weather|RainDance|[upkeep]
|upkeep
|turn|4
|
|t:|1782461143
|switch|p1b: Scizor|Scizor, L50, F|100/100
|move|p2a: Excadrill|Iron Head|p1b: Scizor
|-resisted|p1b: Scizor|1
|-damage|p1b: Scizor|83/100
|move|p2b: Pelipper|Hurricane|p1a: Archaludon
|-resisted|p1a: Archaludon|1
|-damage|p1a: Archaludon|0 fnt
|faint|p1a: Archaludon
|
|-weather|RainDance|[upkeep]
|-sideend|p2: jonathan53332|move: Tailwind
|upkeep
|
|t:|1782461151
|switch|p1a: Staraptor|Staraptor, L50, M|46/100
|-ability|p1a: Staraptor|Intimidate|boost
|-unboost|p2a: Excadrill|atk|1
|-unboost|p2b: Pelipper|atk|1
|turn|5
|
|t:|1782461162
|move|p1a: Staraptor|Protect|p1a: Staraptor
|-singleturn|p1a: Staraptor|Protect
|move|p2a: Excadrill|Protect|p2a: Excadrill
|-singleturn|p2a: Excadrill|Protect
|move|p1b: Scizor|Close Combat|p2a: Excadrill
|-activate|p2a: Excadrill|move: Protect
|move|p2b: Pelipper|Tailwind|p2b: Pelipper
|-sidestart|p2: jonathan53332|move: Tailwind
|
|-weather|none
|-sideend|p1: Linkmasterjr|move: Tailwind
|upkeep
|turn|6
|
|t:|1782461198
|detailschange|p1a: Staraptor|Staraptor-Mega, L50, M
|-mega|p1a: Staraptor|Staraptor|Staraptite
|move|p2a: Excadrill|Iron Head|p1a: Staraptor
|-damage|p1a: Staraptor|19/100
|move|p2b: Pelipper|Hurricane|p1a: Staraptor|[miss]
|-miss|p2b: Pelipper|p1a: Staraptor
|move|p1a: Staraptor|Tailwind|p1a: Staraptor
|-sidestart|p1: Linkmasterjr|move: Tailwind
|move|p1b: Scizor|Tailwind||[still]
|-fail|p1b: Scizor
|
|upkeep
|turn|7
|
|t:|1782461218
|move|p1b: Scizor|Bullet Punch|p2b: Pelipper
|-resisted|p2b: Pelipper|1
|-damage|p2b: Pelipper|75/100
|move|p1a: Staraptor|Close Combat|p2a: Excadrill
|-supereffective|p2a: Excadrill|1
|-damage|p2a: Excadrill|0 fnt
|-boost|p1a: Staraptor|def|1
|-boost|p1a: Staraptor|spd|1
|faint|p2a: Excadrill
|move|p2b: Pelipper|Icy Wind|p1a: Staraptor|[spread] p1a,p1b
|-supereffective|p1a: Staraptor|1
|-resisted|p1b: Scizor|1
|-damage|p1a: Staraptor|0 fnt
|-damage|p1b: Scizor|75/100
|-unboost|p1b: Scizor|spe|1
|faint|p1a: Staraptor
|
|upkeep
|
|t:|1782461229
|switch|p1a: Gengar|Gengar, L50, M|100/100
|switch|p2a: Sinistcha|Sinistcha-Masterpiece, L50, shiny|100/100
|-heal|p2b: Pelipper|100/100|[from] ability: Hospitality|[of] p2a: Sinistcha
|turn|8
|
|t:|1782461253
|move|p1a: Gengar|Shadow Ball|p2a: Sinistcha
|-supereffective|p2a: Sinistcha|1
|-damage|p2a: Sinistcha|0 fnt
|faint|p2a: Sinistcha
|move|p2b: Pelipper|Icy Wind|p1a: Gengar|[spread] p1a,p1b
|-crit|p1a: Gengar
|-resisted|p1b: Scizor|1
|-damage|p1a: Gengar|65/100
|-damage|p1b: Scizor|67/100
|-unboost|p1a: Gengar|spe|1
|-unboost|p1b: Scizor|spe|1
|move|p1b: Scizor|Dual Wingbeat|p2b: Pelipper
|-damage|p2b: Pelipper|68/100
|-damage|p2b: Pelipper|33/100
|-hitcount|p2b: Pelipper|2
|
|-sideend|p2: jonathan53332|move: Tailwind
|upkeep
|
|t:|1782461261
|switch|p2a: Golurk|Golurk, L50|100/100
|turn|9
|
|t:|1782461284
|move|p1b: Scizor|Bullet Punch|p2b: Pelipper
|-resisted|p2b: Pelipper|1
|-damage|p2b: Pelipper|6/100
|move|p1a: Gengar|Shadow Ball|p2a: Golurk
|-supereffective|p2a: Golurk|1
|-damage|p2a: Golurk|11/100
|-unboost|p2a: Golurk|spd|1
|move|p2b: Pelipper|Hurricane|p1a: Gengar
|-damage|p1a: Gengar|0 fnt
|-start|p2b: Pelipper|Disable|Hurricane|[from] ability: Cursed Body|[of] p1a: Gengar
|faint|p1a: Gengar
|move|p2a: Golurk|Poltergeist|p1b: Scizor
|-activate|p1b: Scizor|move: Poltergeist|Muscle Band
|-damage|p1b: Scizor|7/100
|
|-sideend|p1: Linkmasterjr|move: Tailwind
|upkeep
|turn|10
|
|t:|1782461309
|move|p1b: Scizor|Bullet Punch|p2a: Golurk
|-damage|p2a: Golurk|0 fnt
|faint|p2a: Golurk
|move|p2b: Pelipper|Icy Wind|p1b: Scizor
|-resisted|p1b: Scizor|1
|-damage|p1b: Scizor|0 fnt
|faint|p1b: Scizor
|
|win|jonathan53332
