|j|☆Beanybag
|j|☆meikh_neiht
|html|Beanybagmeikh_neiht    
|uhtml|bestof|Game 2 of a best-of-3
|t:|1783147977
|gametype|doubles
|player|p1|Beanybag|2|1278
|player|p2|meikh_neiht|lucas|1314
|gen|9
|tier|[Gen 9 Champions] VGC 2026 Reg M-B (Bo3)
|rated|
|rule|Species Clause: Limit one of each Pokémon
|rule|Item Clause: Limit 1 of each item
|clearpoke
|poke|p1|Ampharos, L50, M|
|poke|p1|Kangaskhan, L50, F|
|poke|p1|Grimmsnarl, L50, M|
|poke|p1|Bellibolt, L50, M|
|poke|p1|Sinistcha, L50|
|poke|p1|Tinkaton, L50, F|
|poke|p2|Staraptor, L50, M|
|poke|p2|Sinistcha, L50|
|poke|p2|Maushold, L50|
|poke|p2|Kingambit, L50, M|
|poke|p2|Sneasler, L50, F|
|poke|p2|Delphox, L50, M|
|teampreview|4
|showteam|p1|Ampharos||Ampharosite|Static|CottonGuard,ParabolicCharge,DragonPulse,Protect|Quiet||M|||50|]Kangaskhan||ChopleBerry|Scrappy|FakeOut,DoubleEdge,DrainPunch,Protect|Brave||F|||50|]Grimmsnarl||SitrusBerry|Prankster|FakeOut,PartingShot,SpiritBreak,Protect|Brave||M|||50|]Bellibolt||ShucaBerry|Electromorphosis|Soak,AcidSpray,VoltSwitch,SlackOff|Relaxed||M|||50|]Sinistcha||FocusSash|Hospitality|MatchaGotcha,ShadowBall,Protect,TrickRoom|Quiet|||||50|]Tinkaton||LightClay|MoldBreaker|FakeOut,GigatonHammer,Reflect,LightScreen|Brave||F|||50|
|showteam|p2|Staraptor||Staraptite|Intimidate|CloseCombat,BraveBird,Roost,Protect|Adamant||M|||50|]Sinistcha||SitrusBerry|Hospitality|RagePowder,MatchaGotcha,StrengthSap,LifeDew|Calm|||||50|]Maushold||ChopleBerry|FriendGuard|Encore,Charm,FollowMe,Protect|Timid|||||50|]Kingambit||OccaBerry|Defiant|KowtowCleave,SuckerPunch,SwordsDance,Protect|Adamant||M|||50|]Sneasler||WhiteHerb|Unburden|DireClaw,Protect,FakeOut,CloseCombat|Jolly||F|||50|]Delphox||Delphoxite|Blaze|HeatWave,Psyshock,NastyPlot,Protect|Timid||M|||50|
|inactive|Battle timer is ON: inactive players will automatically lose when time's up. (requested by meikh_neiht)
|
|t:|1783148025
|teamsize|p1|4
|teamsize|p2|4
|start
|switch|p1a: Grimmsnarl|Grimmsnarl, L50, M|100/100
|switch|p1b: Ampharos|Ampharos, L50, M|100/100
|switch|p2a: Maushold|Maushold, L50|100/100
|switch|p2b: Delphox|Delphox, L50, M|100/100
|turn|1
|inactive|meikh_neiht has 30 seconds left.
|
|t:|1783148055
|detailschange|p2b: Delphox|Delphox-Mega, L50, M
|-mega|p2b: Delphox|Delphox|Delphoxite
|detailschange|p1b: Ampharos|Ampharos-Mega, L50, M
|-mega|p1b: Ampharos|Ampharos|Ampharosite
|-ability|p1b: Ampharos|Mold Breaker
|move|p1a: Grimmsnarl|Fake Out|p2a: Maushold
|-damage|p2a: Maushold|82/100
|move|p2b: Delphox|Nasty Plot|p2b: Delphox
|-boost|p2b: Delphox|spa|2
|cant|p2a: Maushold|flinch
|move|p1b: Ampharos|Parabolic Charge|p2a: Maushold|[spread] p1a,p2a,p2b
|-damage|p1a: Grimmsnarl|62/100
|-damage|p2a: Maushold|41/100
|-damage|p2b: Delphox|73/100
|
|upkeep
|turn|2
|inactive|Beanybag has 30 seconds left.
|inactive|Beanybag has 20 seconds left.
|
|t:|1783148091
|move|p1a: Grimmsnarl|Parting Shot|p2a: Maushold
|-unboost|p2a: Maushold|atk|1
|-unboost|p2a: Maushold|spa|1
|
|t:|1783148097
|switch|p1a: Sinistcha|Sinistcha, L50|100/100|[from] Parting Shot
|move|p2b: Delphox|Psyshock|p1b: Ampharos
|-damage|p1b: Ampharos|28/100
|move|p2a: Maushold|Encore||[still]
|-fail|p2a: Maushold
|move|p1b: Ampharos|Parabolic Charge|p2b: Delphox|[spread] p1a,p2a,p2b
|-resisted|p1a: Sinistcha|1
|-damage|p1a: Sinistcha|79/100
|-heal|p1b: Ampharos|37/100|[from] drain|[of] p1a: Sinistcha
|-damage|p2a: Maushold|1/100
|-heal|p1b: Ampharos|56/100|[from] drain|[of] p2a: Maushold
|-damage|p2b: Delphox|47/100
|-heal|p1b: Ampharos|68/100|[from] drain|[of] p2b: Delphox
|
|upkeep
|turn|3
|inactive|Beanybag has 30 seconds left.
|inactive|Beanybag has 20 seconds left.
|inactive|Beanybag has 15 seconds left.
|inactive|Beanybag has 10 seconds left.
|
|t:|1783148144
|switch|p2a: Sinistcha|Sinistcha, L50|100/100
|-heal|p2b: Delphox|72/100|[from] ability: Hospitality|[of] p2a: Sinistcha
|move|p2b: Delphox|Heat Wave|p1b: Ampharos|[spread] p1a,p1b
|-supereffective|p1a: Sinistcha|1
|-resisted|p1b: Ampharos|1
|-damage|p1a: Sinistcha|0 fnt
|-damage|p1b: Ampharos|35/100
|faint|p1a: Sinistcha
|move|p1b: Ampharos|Parabolic Charge|p2b: Delphox|[spread] p2a,p2b
|-resisted|p2a: Sinistcha|1
|-damage|p2a: Sinistcha|85/100
|-heal|p1b: Ampharos|41/100|[from] drain|[of] p2a: Sinistcha
|-damage|p2b: Delphox|43/100
|-heal|p1b: Ampharos|54/100|[from] drain|[of] p2b: Delphox
|
|upkeep
|
|t:|1783148167
|switch|p1a: Grimmsnarl|Grimmsnarl, L50, M|62/100
|turn|4
|
|t:|1783148180
|move|p2b: Delphox|Protect|p2b: Delphox
|-singleturn|p2b: Delphox|Protect
|move|p1a: Grimmsnarl|Fake Out|p2b: Delphox
|-activate|p2b: Delphox|move: Protect
|move|p2a: Sinistcha|Life Dew|p2a: Sinistcha|[spread] p2a,p2b
|-heal|p2a: Sinistcha|100/100
|-heal|p2b: Delphox|68/100
|move|p1b: Ampharos|Parabolic Charge|p2b: Delphox|[spread] p1a,p2a
|-activate|p2b: Delphox|move: Protect
|-resisted|p2a: Sinistcha|1
|-damage|p1a: Grimmsnarl|27/100
|-heal|p1b: Ampharos|72/100|[from] drain|[of] p1a: Grimmsnarl
|-damage|p2a: Sinistcha|85/100
|-heal|p1b: Ampharos|78/100|[from] drain|[of] p2a: Sinistcha
|-enditem|p1a: Grimmsnarl|Sitrus Berry|[eat]
|-heal|p1a: Grimmsnarl|51/100|[from] item: Sitrus Berry
|
|upkeep
|turn|5
|
|t:|1783148199
|move|p1a: Grimmsnarl|Protect|p1a: Grimmsnarl
|-singleturn|p1a: Grimmsnarl|Protect
|move|p2a: Sinistcha|Rage Powder|p2a: Sinistcha
|-singleturn|p2a: Sinistcha|move: Rage Powder
|move|p2b: Delphox|Psyshock|p1b: Ampharos
|-damage|p1b: Ampharos|0 fnt
|faint|p1b: Ampharos
|
|upkeep
|-message|Beanybag forfeited.
|
|win|meikh_neiht
|raw|Beanybag's rating: 1278 → 1256(-22 for losing)
|raw|meikh_neiht's rating: 1314 → 1332(+18 for winning)
|l|☆Beanybag
|player|p1|
