|j|☆kimmage
|j|‽LorGhez
|html|kimmageLorGhez    
|uhtml|bestof|Game 1 of a best-of-3
|t:|1784126121
|gametype|doubles
|player|p1|kimmage|265|1045
|player|p2|LorGhez|170|1135
|gen|9
|tier|[Gen 9 Champions] VGC 2026 Reg M-B (Bo3)
|rated|
|rule|Species Clause: Limit one of each Pokémon
|rule|Item Clause: Limit 1 of each item
|clearpoke
|poke|p1|Charizard, L50, M|
|poke|p1|Sylveon, L50, F, shiny|
|poke|p1|Aerodactyl, L50, M|
|poke|p1|Garchomp, L50, M|
|poke|p1|Farigiraf, L50, F|
|poke|p1|Incineroar, L50, M|
|poke|p2|Venusaur, L50, M|
|poke|p2|Incineroar, L50, F|
|poke|p2|Primarina, L50, M|
|poke|p2|Aerodactyl, L50, F|
|poke|p2|Kingambit, L50, M|
|poke|p2|Farigiraf, L50, F|
|teampreview|4
|showteam|p1|Charizard||CharizarditeY|SolarPower|HeatWave,WeatherBall,Protect,SolarBeam|Timid||M|||50|]Sylveon||FairyFeather|Pixilate|HyperVoice,HyperBeam,Yawn,Protect|Modest||F|||50|]Aerodactyl||FocusSash|Unnerve|DualWingbeat,WideGuard,RockSlide,Tailwind|Jolly||M|||50|]Garchomp||LifeOrb|RoughSkin|DragonClaw,Earthquake,Protect,RockSlide|Jolly||M|||50|]Farigiraf||SitrusBerry|ArmorTail|Protect,Psychic,Thunderbolt,TrickRoom|Calm||F|||50|]Incineroar||ChopleBerry|Intimidate|DarkestLariat,FlareBlitz,PartingShot,FakeOut|Careful||M|||50|
|showteam|p2|Venusaur||Venusaurite|Chlorophyll|Protect,GigaDrain,SludgeBomb,EarthPower|Modest||M|||50|]Incineroar||Charcoal|Intimidate|FakeOut,PartingShot,DarkestLariat,FlareBlitz|Adamant||F|||50|]Primarina||LifeOrb|LiquidVoice|Protect,CalmMind,HyperVoice,Moonblast|Modest||M|||50|]Aerodactyl||Aerodactylite|Unnerve|DualWingbeat,Tailwind,RockSlide,IceFang|Adamant||F|||50|]Kingambit||BlackGlasses|Defiant|Protect,SuckerPunch,KowtowCleave,LowKick|Adamant||M|||50|]Farigiraf||ColburBerry|ArmorTail|PsychicFangs,TrickRoom,Thunderbolt,HelpingHand|Sassy||F|||50|
|inactive|Battle timer is ON: inactive players will automatically lose when time's up. (requested by LorGhez)
|inactive|kimmage has 60 seconds left.
|inactive|LorGhez has 60 seconds left.
|
|t:|1784126189
|teamsize|p1|4
|teamsize|p2|4
|start
|switch|p1a: Aerodactyl|Aerodactyl, L50, M|100/100
|switch|p1b: Garchomp|Garchomp, L50, M|100/100
|switch|p2a: Aerodactyl|Aerodactyl, L50, F|100/100
|switch|p2b: Primarina|Primarina, L50, M|100/100
|-ability|p1a: Aerodactyl|Unnerve
|-ability|p2a: Aerodactyl|Unnerve
|turn|1
|inactive|kimmage has 30 seconds left.
|inactive|LorGhez has 30 seconds left.
|
|t:|1784126221
|detailschange|p2a: Aerodactyl|Aerodactyl-Mega, L50, F
|-mega|p2a: Aerodactyl|Aerodactyl|Aerodactylite
|move|p1b: Garchomp|Protect|p1b: Garchomp
|-singleturn|p1b: Garchomp|Protect
|move|p2a: Aerodactyl|Ice Fang|p1b: Garchomp
|-activate|p1b: Garchomp|move: Protect
|move|p1a: Aerodactyl|Tailwind|p1a: Aerodactyl
|-sidestart|p1: kimmage|move: Tailwind
|move|p2b: Primarina|Calm Mind|p2b: Primarina
|-boost|p2b: Primarina|spa|1
|-boost|p2b: Primarina|spd|1
|
|upkeep
|turn|2
|inactive|LorGhez has 30 seconds left.
|
|t:|1784126249
|move|p2b: Primarina|Protect|p2b: Primarina
|-singleturn|p2b: Primarina|Protect
|move|p1a: Aerodactyl|Rock Slide|p2a: Aerodactyl|[spread] p2a
|-activate|p2b: Primarina|move: Protect
|-supereffective|p2a: Aerodactyl|1
|-damage|p2a: Aerodactyl|38/100
|move|p1b: Garchomp|Rock Slide|p2b: Primarina|[spread] p2a
|-activate|p2b: Primarina|move: Protect
|-supereffective|p2a: Aerodactyl|1
|-damage|p2a: Aerodactyl|0 fnt
|faint|p2a: Aerodactyl
|-damage|p1b: Garchomp|90/100|[from] item: Life Orb
|
|upkeep
|
|t:|1784126266
|switch|p2a: Venusaur|Venusaur, L50, M|100/100
|turn|3
|
|t:|1784126276
|move|p2a: Venusaur|Protect|p2a: Venusaur
|-singleturn|p2a: Venusaur|Protect
|move|p1a: Aerodactyl|Dual Wingbeat|p2a: Venusaur
|-activate|p2a: Venusaur|move: Protect
|move|p1b: Garchomp|Earthquake|p2a: Venusaur|[spread] p2b
|-activate|p2a: Venusaur|move: Protect
|-immune|p1a: Aerodactyl
|-damage|p2b: Primarina|43/100
|-damage|p1b: Garchomp|80/100|[from] item: Life Orb
|move|p2b: Primarina|Hyper Voice|p1a: Aerodactyl|[spread] p1a,p1b
|-supereffective|p1a: Aerodactyl|1
|-enditem|p1a: Aerodactyl|Focus Sash
|-damage|p1a: Aerodactyl|1/100
|-damage|p1b: Garchomp|8/100
|-damage|p2b: Primarina|34/100|[from] item: Life Orb
|
|upkeep
|turn|4
|
|t:|1784126301
|switch|p2a: Farigiraf|Farigiraf, L50, F|100/100
|move|p2b: Primarina|Protect|p2b: Primarina
|-singleturn|p2b: Primarina|Protect
|move|p1a: Aerodactyl|Dual Wingbeat|p2a: Farigiraf
|-damage|p2a: Farigiraf|84/100
|-damage|p2a: Farigiraf|68/100
|-hitcount|p2a: Farigiraf|2
|move|p1b: Garchomp|Earthquake|p2a: Farigiraf|[spread] p2a
|-activate|p2b: Primarina|move: Protect
|-immune|p1a: Aerodactyl
|-damage|p2a: Farigiraf|18/100
|-damage|p1b: Garchomp|0 fnt|[from] item: Life Orb
|faint|p1b: Garchomp
|
|-sideend|p1: kimmage|move: Tailwind
|upkeep
|
|t:|1784126318
|switch|p1b: Sylveon|Sylveon, L50, F, shiny|100/100
|turn|5
|
|t:|1784126340
|move|p2a: Farigiraf|Helping Hand|p2b: Primarina
|-singleturn|p2b: Primarina|Helping Hand|[of] p2a: Farigiraf
|move|p1a: Aerodactyl|Tailwind|p1a: Aerodactyl
|-sidestart|p1: kimmage|move: Tailwind
|move|p1b: Sylveon|Hyper Voice|p2b: Primarina|[spread] p2a,p2b
|-damage|p2a: Farigiraf|0 fnt
|-damage|p2b: Primarina|5/100
|faint|p2a: Farigiraf
|move|p2b: Primarina|Hyper Voice|p1b: Sylveon|[spread] p1a,p1b
|-supereffective|p1a: Aerodactyl|1
|-damage|p1a: Aerodactyl|0 fnt
|-damage|p1b: Sylveon|38/100
|faint|p1a: Aerodactyl
|-damage|p2b: Primarina|0 fnt|[from] item: Life Orb
|faint|p2b: Primarina
|
|upkeep
|
|t:|1784126354
|switch|p1a: Charizard|Charizard, L50, M|100/100
|switch|p2b: Venusaur|Venusaur, L50, M|100/100
|turn|6
|
|t:|1784126366
|detailschange|p1a: Charizard|Charizard-Mega-Y, L50, M
|-mega|p1a: Charizard|Charizard|Charizardite Y
|-weather|SunnyDay|[from] ability: Drought|[of] p1a: Charizard
|move|p1a: Charizard|Weather Ball|p2b: Venusaur
|-supereffective|p2b: Venusaur|1
|-damage|p2b: Venusaur|0 fnt
|faint|p2b: Venusaur
|
|win|kimmage
|inactive|kimmage has 30 seconds to confirm battle start!
|inactive|LorGhez has 30 seconds to confirm battle start!
||kimmage is ready for game 2.
|inactive|LorGhez has 20 seconds to confirm battle start!
|inactive|LorGhez has 10 seconds to confirm battle start!
|uhtml|next|Next: Game 2 of 3
|l|☆kimmage
|player|p1|
