|j|☆Oldcow
|j|☆SengarBlade
|html|OldcowSengarBlade    
|uhtml|bestof|Game 2 of a best-of-3
|t:|1757860182
|gametype|doubles
|player|p1|Oldcow|cyrus|
|player|p2|SengarBlade|shadowtriad|
|gen|9
|tier|[Gen 9] VGC 2025 Reg H (Bo3)
|rule|Species Clause: Limit one of each Pokémon
|rule|Item Clause: Limit 1 of each item
|clearpoke
|poke|p1|Garchomp, L50, F|
|poke|p1|Tyranitar, L50, M|
|poke|p1|Magmar, L50, M|
|poke|p1|Rillaboom, L50, M|
|poke|p1|Primarina, L50, F|
|poke|p1|Hydreigon, L50, F|
|poke|p2|Murkrow, L50, M|
|poke|p2|Tyranitar, L50, M|
|poke|p2|Lycanroc, L50, M|
|poke|p2|Decidueye-Hisui, L50, M|
|poke|p2|Clefable, L50, F|
|poke|p2|Hydreigon, L50, F|
|teampreview|4
|showteam|p1|Garchomp||LifeOrb|SandVeil|DragonClaw,StompingTantrum,RockSlide,Protect|||F|||50|,,,,,Steel]Tyranitar||AssaultVest|SandStream|KnockOff,RockSlide,LowKick,IcePunch|||M|||50|,,,,,Flying]Magmar||Eviolite|VitalSpirit|Overheat,FollowMe,Protect,Taunt|||M|||50|,,,,,Water]Rillaboom||MeadowPlate|GrassySurge|GrassyGlide,HighHorsepower,FakeOut,Uturn|||M|||50|,,,,,Grass]Primarina||SitrusBerry|LiquidVoice|HyperVoice,Moonblast,Protect,Haze|||F|||50|,,,,,Ghost]Hydreigon||CovertCloak|Levitate|DarkPulse,DracoMeteor,Tailwind,Protect|||F|||50|,,,,,Poison
|showteam|p2|Murkrow||Eviolite|Prankster|FoulPlay,Tailwind,Haze,Protect|||M|||50|,,,,,Steel]Tyranitar||ClearAmulet|SandStream|RockSlide,KnockOff,TeraBlast,Protect|||M|||50|,,,,,Flying]Lycanroc||FocusSash|SandRush|RockSlide,Accelerock,Endeavor,Endure|||M|||50|,,,,,Ghost]Decidueye-Hisui||LifeOrb|Scrappy|CloseCombat,LeafBlade,UpperHand,Protect|||M|||50|,,,,,Ghost]Clefable||SafetyGoggles|Unaware|Moonblast,FollowMe,HelpingHand,Protect|||F|||50|,,,,,Water]Hydreigon||AguavBerry|Levitate|DracoMeteor,DarkPulse,Snarl,Protect|||F|||50|,,,,,Poison
|j| KyleTampy
|j| jowemama
|
|t:|1757860242
|teamsize|p1|4
|teamsize|p2|4
|start
|switch|p1a: Garchomp|Garchomp, L50, F|100/100
|switch|p1b: Hydreigon|Hydreigon, L50, F|100/100
|switch|p2a: Murkrow|Murkrow, L50, M|100/100
|switch|p2b: Decidueye|Decidueye-Hisui, L50, M|100/100
|turn|1
|
|t:|1757860279
|-terastallize|p1b: Hydreigon|Poison
|move|p2a: Murkrow|Tailwind|p2a: Murkrow
|-sidestart|p2: SengarBlade|move: Tailwind
|move|p1b: Hydreigon|Tailwind|p1b: Hydreigon
|-sidestart|p1: Oldcow|move: Tailwind
|move|p1a: Garchomp|Rock Slide|p2b: Decidueye|[spread] p2a,p2b
|-supereffective|p2a: Murkrow
|-resisted|p2b: Decidueye
|-damage|p2a: Murkrow|28/100
|-damage|p2b: Decidueye|85/100
|-damage|p1a: Garchomp|91/100|[from] item: Life Orb
|move|p2b: Decidueye|Leaf Blade|p1a: Garchomp
|-damage|p1a: Garchomp|28/100
|-damage|p2b: Decidueye|75/100|[from] item: Life Orb
|
|upkeep
|turn|2
|
|t:|1757860320
|move|p2b: Decidueye|Protect|p2b: Decidueye
|-singleturn|p2b: Decidueye|Protect
|move|p1b: Hydreigon|Dark Pulse|p2a: Murkrow
|-resisted|p2a: Murkrow
|-damage|p2a: Murkrow|10/100
|move|p1a: Garchomp|Dragon Claw|p2b: Decidueye
|-activate|p2b: Decidueye|move: Protect
|move|p2a: Murkrow|Foul Play|p1a: Garchomp
|-damage|p1a: Garchomp|0 fnt
|faint|p1a: Garchomp
|
|upkeep
|
|t:|1757860336
|switch|p1a: Primarina|Primarina, L50, F|100/100
|turn|3
|inactive|Battle timer is ON: inactive players will automatically lose when time's up. (requested by Oldcow)
|
|t:|1757860362
|switch|p2a: Tyranitar|Tyranitar, L50, M|100/100
|-weather|Sandstorm|[from] ability: Sand Stream|[of] p2a: Tyranitar
|switch|p2b: Lycanroc|Lycanroc, L50, M|100/100
|move|p1b: Hydreigon|Draco Meteor|p2b: Lycanroc
|-damage|p2b: Lycanroc|32/100
|-unboost|p1b: Hydreigon|spa|2
|move|p1a: Primarina|Moonblast|p2a: Tyranitar
|-supereffective|p2a: Tyranitar
|-damage|p2a: Tyranitar|45/100
|
|-weather|Sandstorm|[upkeep]
|-damage|p1b: Hydreigon|95/100|[from] Sandstorm
|-damage|p1a: Primarina|95/100|[from] Sandstorm
|upkeep
|turn|4
|inactive|SengarBlade has 30 seconds left.
|inactive|SengarBlade has 20 seconds left.
|inactive|SengarBlade has 15 seconds left.
|inactive|SengarBlade has 10 seconds left.
|inactive|SengarBlade has 5 seconds left.
|
|t:|1757860412
|switch|p1b: Tyranitar|Tyranitar, L50, M|100/100
|move|p2b: Lycanroc|Endeavor|p1b: Tyranitar
|-damage|p1b: Tyranitar|24/100
|move|p2a: Tyranitar|Knock Off|p1b: Tyranitar
|-resisted|p1b: Tyranitar
|-damage|p1b: Tyranitar|0 fnt
|-enditem|p1b: Tyranitar|Assault Vest|[from] move: Knock Off|[of] p2a: Tyranitar
|faint|p1b: Tyranitar
|move|p1a: Primarina|Hyper Voice|p2a: Tyranitar|[spread] p2a,p2b
|-supereffective|p2a: Tyranitar
|-supereffective|p2b: Lycanroc
|-damage|p2a: Tyranitar|0 fnt
|-damage|p2b: Lycanroc|0 fnt
|faint|p2a: Tyranitar
|faint|p2b: Lycanroc
|
|-weather|Sandstorm|[upkeep]
|-damage|p1a: Primarina|89/100|[from] Sandstorm
|-sideend|p1: Oldcow|move: Tailwind
|-sideend|p2: SengarBlade|move: Tailwind
|upkeep
|
|t:|1757860429
|switch|p2b: Murkrow|Murkrow, L50, M|10/100
|switch|p2a: Decidueye|Decidueye-Hisui, L50, M|75/100
|switch|p1b: Hydreigon|Hydreigon, L50, F, tera:Poison|95/100
|turn|5
|inactive|SengarBlade has 30 seconds left.
|inactive|SengarBlade has 20 seconds left.
|
|t:|1757860465
|move|p1a: Primarina|Protect|p1a: Primarina
|-singleturn|p1a: Primarina|Protect
|move|p2b: Murkrow|Tailwind|p2b: Murkrow
|-sidestart|p2: SengarBlade|move: Tailwind
|move|p1b: Hydreigon|Draco Meteor|p2a: Decidueye
|-damage|p2a: Decidueye|10/100
|-unboost|p1b: Hydreigon|spa|2
|move|p2a: Decidueye|Leaf Blade|p1a: Primarina
|-activate|p1a: Primarina|move: Protect
|
|-weather|Sandstorm|[upkeep]
|-damage|p2b: Murkrow|4/100|[from] Sandstorm
|-damage|p1b: Hydreigon|89/100|[from] Sandstorm
|-damage|p2a: Decidueye|4/100|[from] Sandstorm
|-damage|p1a: Primarina|83/100|[from] Sandstorm
|upkeep
|turn|6
|inactive|Oldcow has 30 seconds left.
|
|t:|1757860494
|move|p1b: Hydreigon|Protect|p1b: Hydreigon
|-singleturn|p1b: Hydreigon|Protect
|move|p2b: Murkrow|Foul Play|p1b: Hydreigon
|-activate|p1b: Hydreigon|move: Protect
|move|p2a: Decidueye|Close Combat|p1b: Hydreigon
|-activate|p1b: Hydreigon|move: Protect
|move|p1a: Primarina|Hyper Voice|p2b: Murkrow|[spread] p2a,p2b
|-resisted|p2a: Decidueye
|-damage|p2a: Decidueye|0 fnt
|-damage|p2b: Murkrow|0 fnt
|faint|p2a: Decidueye
|faint|p2b: Murkrow
|
|win|Oldcow
|l| jowemama
|l| KyleTampy
