|j|☆KatKraydel
|j|☆cantchat_sorry
|html|KatKraydelcantchat_sorry    
|uhtml|bestof|Game 2 of a best-of-3
|t:|1785364057
|gametype|doubles
|player|p1|KatKraydel|lebanne|1283
|player|p2|cantchat_sorry|clair|1170
|gen|9
|tier|[Gen 9 Champions] VGC 2026 Reg M-B (Bo3)
|rated|
|rule|Species Clause: Limit one of each Pokémon
|rule|Item Clause: Limit 1 of each item
|clearpoke
|poke|p1|Torkoal, L50, M, shiny|
|poke|p1|Farigiraf, L50, M, shiny|
|poke|p1|Sylveon, L50, F, shiny|
|poke|p1|Kingambit, L50, M|
|poke|p1|Kangaskhan, L50, F|
|poke|p1|Basculegion, L50, M|
|poke|p2|Garchomp, L50, M|
|poke|p2|Tyranitar, L50, M|
|poke|p2|Corviknight, L50, F, shiny|
|poke|p2|Milotic, L50, F|
|poke|p2|Sinistcha, L50|
|poke|p2|Ceruledge, L50, M|
|teampreview|4
|showteam|p1|Torkoal||Charcoal|Drought|Eruption,HeatWave,WeatherBall,Protect|Quiet||M|||50|]Farigiraf||SitrusBerry|ArmorTail|HyperVoice,Psychic,TrickRoom,Protect|Relaxed||M|||50|]Sylveon||LifeOrb|Pixilate|HyperVoice,HyperBeam,QuickAttack,Protect|Quiet||F|||50|]Kingambit||OccaBerry|Defiant|KowtowCleave,SuckerPunch,LowKick,IronHead|Brave||M|||50|]Kangaskhan||Kangaskhanite|Scrappy|FakeOut,DoubleEdge,LowKick,SuckerPunch|Adamant||F|||50|]Basculegion||ChoiceScarf|Adaptability|WaveCrash,LastRespects,AquaJet,FlipTurn|Jolly||M|||50|
|showteam|p2|Garchomp||Garchompite|RoughSkin|EarthPower,DracoMeteor,PowerGem,Protect|Modest||M|||50|]Tyranitar||ChoiceScarf|SandStream|KnockOff,RockSlide,IcePunch,LowKick|Jolly||M|||50|]Corviknight||LifeOrb|MirrorArmor|BraveBird,IronHead,Tailwind,Protect|Jolly||F|||50|]Milotic||SitrusBerry|Competitive|Scald,IcyWind,Haze,Protect|Bold||F|||50|]Sinistcha||KasibBerry|Hospitality|MatchaGotcha,RagePowder,TrickRoom,Protect|Bold|||||50|]Ceruledge||ColburBerry|FlashFire|BitterBlade,ShadowSneak,BulkUp,Protect|Adamant||M|||50|
|inactive|Battle timer is ON: inactive players will automatically lose when time's up. (requested by cantchat_sorry)
|inactive|KatKraydel has 60 seconds left.
|inactive|KatKraydel has 30 seconds left.
|
|t:|1785364123
|teamsize|p1|4
|teamsize|p2|4
|start
|switch|p1a: fishing with you|Basculegion, L50, M|100/100
|switch|p1b: Jumpsuit|Farigiraf, L50, M, shiny|100/100
|switch|p2a: Tyranitar|Tyranitar, L50, M|100/100
|switch|p2b: Garchomp|Garchomp, L50, M|100/100
|-weather|Sandstorm|[from] ability: Sand Stream|[of] p2a: Tyranitar
|turn|1
|inactive|cantchat_sorry has 30 seconds left.
|inactive|cantchat_sorry has 20 seconds left.
|inactive|cantchat_sorry has 15 seconds left.
|
|t:|1785364165
|switch|p2a: Sinistcha|Sinistcha, L50|100/100
|detailschange|p2b: Garchomp|Garchomp-Mega, L50, M
|-mega|p2b: Garchomp|Garchomp|Garchompite
|move|p1b: Jumpsuit|Protect|p1b: Jumpsuit
|-singleturn|p1b: Jumpsuit|Protect
|move|p1a: fishing with you|Wave Crash|p2a: Sinistcha
|-resisted|p2a: Sinistcha|1
|-damage|p2a: Sinistcha|66/100
|-damage|p1a: fishing with you|89/100|[from] Recoil
|move|p2b: Garchomp|Earth Power|p1b: Jumpsuit
|-activate|p1b: Jumpsuit|move: Protect
|
|-weather|Sandstorm|[upkeep]
|-damage|p1a: fishing with you|83/100|[from] Sandstorm
|-damage|p2a: Sinistcha|59/100|[from] Sandstorm
|-damage|p1b: Jumpsuit|93/100|[from] Sandstorm
|upkeep
|turn|2
|inactive|KatKraydel has 30 seconds left.
|
|t:|1785364197
|switch|p1a: Space Girl|Sylveon, L50, F, shiny|100/100
|move|p2b: Garchomp|Earth Power|p1b: Jumpsuit
|-damage|p1b: Jumpsuit|40/100
|-unboost|p1b: Jumpsuit|spd|1
|-enditem|p1b: Jumpsuit|Sitrus Berry|[eat]
|-heal|p1b: Jumpsuit|65/100|[from] item: Sitrus Berry
|move|p2a: Sinistcha|Trick Room|p2a: Sinistcha
|-fieldstart|move: Trick Room|[of] p2a: Sinistcha
|move|p1b: Jumpsuit|Trick Room|p1b: Jumpsuit
|-fieldend|move: Trick Room
|
|-weather|Sandstorm|[upkeep]
|-damage|p2a: Sinistcha|53/100|[from] Sandstorm
|-damage|p1a: Space Girl|94/100|[from] Sandstorm
|-damage|p1b: Jumpsuit|59/100|[from] Sandstorm
|upkeep
|turn|3
|
|t:|1785364220
|move|p1b: Jumpsuit|Protect|p1b: Jumpsuit
|-singleturn|p1b: Jumpsuit|Protect
|move|p2b: Garchomp|Earth Power|p1b: Jumpsuit
|-activate|p1b: Jumpsuit|move: Protect
|move|p2a: Sinistcha|Matcha Gotcha|p1a: Space Girl|[spread] p1a
|-activate|p1b: Jumpsuit|move: Protect
|-damage|p1a: Space Girl|75/100
|-heal|p2a: Sinistcha|64/100|[from] drain|[of] p1a: Space Girl
|-status|p1a: Space Girl|brn
|move|p1a: Space Girl|Hyper Voice|p2b: Garchomp|[spread] p2a,p2b
|-supereffective|p2b: Garchomp|1
|-damage|p2a: Sinistcha|10/100
|-damage|p2b: Garchomp|0 fnt
|faint|p2b: Garchomp
|-damage|p1a: Space Girl|65/100 brn|[from] item: Life Orb
|
|-weather|Sandstorm|[upkeep]
|-damage|p2a: Sinistcha|4/100|[from] Sandstorm
|-damage|p1a: Space Girl|59/100 brn|[from] Sandstorm
|-damage|p1b: Jumpsuit|53/100|[from] Sandstorm
|-damage|p1a: Space Girl|53/100 brn|[from] brn
|upkeep
|
|t:|1785364226
|switch|p2b: Ceruledge|Ceruledge, L50, M|100/100
|turn|4
|
|t:|1785364234
|move|p1a: Space Girl|Quick Attack|p2a: Sinistcha
|-damage|p2a: Sinistcha|0 fnt
|faint|p2a: Sinistcha
|-damage|p1a: Space Girl|44/100 brn|[from] item: Life Orb
|move|p2b: Ceruledge|Bitter Blade|p1b: Jumpsuit
|-damage|p1b: Jumpsuit|15/100
|move|p1b: Jumpsuit|Psychic|p2b: Ceruledge
|-damage|p2b: Ceruledge|66/100
|
|-weather|Sandstorm|[upkeep]
|-damage|p2b: Ceruledge|59/100|[from] Sandstorm
|-damage|p1b: Jumpsuit|9/100|[from] Sandstorm
|-damage|p1a: Space Girl|38/100 brn|[from] Sandstorm
|-damage|p1a: Space Girl|32/100 brn|[from] brn
|upkeep
|
|t:|1785364247
|switch|p2a: Tyranitar|Tyranitar, L50, M|100/100
|turn|5
|
|t:|1785364253
|move|p1b: Jumpsuit|Protect|p1b: Jumpsuit
|-singleturn|p1b: Jumpsuit|Protect
|move|p2a: Tyranitar|Rock Slide|p1a: Space Girl|[spread] p1a
|-activate|p1b: Jumpsuit|move: Protect
|-damage|p1a: Space Girl|0 fnt
|faint|p1a: Space Girl
|move|p2b: Ceruledge|Bulk Up|p2b: Ceruledge
|-boost|p2b: Ceruledge|atk|1
|-boost|p2b: Ceruledge|def|1
|
|-weather|none
|upkeep
|
|t:|1785364262
|switch|p1a: fishing with you|Basculegion, L50, M|83/100
|turn|6
|
|t:|1785364274
|move|p2b: Ceruledge|Protect|p2b: Ceruledge
|-singleturn|p2b: Ceruledge|Protect
|move|p1a: fishing with you|Wave Crash|p2a: Tyranitar
|-supereffective|p2a: Tyranitar|1
|-damage|p2a: Tyranitar|0 fnt
|faint|p2a: Tyranitar
|-damage|p1a: fishing with you|54/100|[from] Recoil
|move|p1b: Jumpsuit|Psychic|p2b: Ceruledge
|-activate|p2b: Ceruledge|move: Protect
|
|upkeep
|turn|7
|-message|cantchat_sorry forfeited.
|
|win|KatKraydel
|l|☆cantchat_sorry
|player|p2|
||cantchat_sorry is ready for game 3.
