|j|☆1OO% Jesus
|j|☆beanybag
|html|1OO% Jesusbeanybag    
|uhtml|bestof|Game 2 of a best-of-3
|t:|1783523114
|gametype|doubles
|player|p1|1OO% Jesus|lillie-z|1226
|player|p2|beanybag|169|1128
|gen|9
|tier|[Gen 9 Champions] VGC 2026 Reg M-B (Bo3)
|rated|
|rule|Species Clause: Limit one of each Pokémon
|rule|Item Clause: Limit 1 of each item
|clearpoke
|poke|p1|Delphox, L50, F|
|poke|p1|Sneasler, L50, M|
|poke|p1|Incineroar, L50, M|
|poke|p1|Sinistcha, L50|
|poke|p1|Maushold-Four, L50|
|poke|p1|Blastoise, L50, F|
|poke|p2|Bellibolt, L50, F|
|poke|p2|Ampharos, L50, F, shiny|
|poke|p2|Araquanid, L50, M, shiny|
|poke|p2|Sinistcha, L50|
|poke|p2|Scovillain, L50, F|
|poke|p2|Chandelure, L50, M|
|teampreview|4
|showteam|p1|Delphox||Delphoxite|Blaze|HeatWave,Psyshock,NastyPlot,Protect|Timid||F|||50|]Sneasler||FocusSash|PoisonTouch|CloseCombat,PoisonJab,FakeOut,QuickGuard|Jolly||M|||50|]Incineroar||SitrusBerry|Intimidate|FlareBlitz,ThroatChop,FakeOut,PartingShot|Impish||M|||50|]Sinistcha||OccaBerry|Hospitality|MatchaGotcha,RagePowder,LifeDew,Protect|Bold|||||50|]Maushold-Four||ChopleBerry|FriendGuard|FollowMe,Feint,HelpingHand,Protect|Impish|||||50|]Blastoise||Blastoisinite|RainDish|WaterSpout,DarkPulse,ShellSmash,Protect|Modest||F|||50|
|showteam|p2|Bellibolt||SitrusBerry|Electromorphosis|Soak,VoltSwitch,ParabolicCharge,Protect|Calm||F|||50|]Ampharos||Ampharosite|Static|ParabolicCharge,Charge,CottonGuard,Protect|Calm||F|||50|]Araquanid||Leftovers|WaterBubble|Soak,Stockpile,Infestation,Protect|Relaxed||M|||50|]Sinistcha||WideLens|Hospitality|MatchaGotcha,LifeDew,TrickRoom,Protect|Sassy|||||50|]Scovillain||Scovillainite|Moody|GigaDrain,LeechSeed,RagePowder,Protect|Sassy||F|||50|]Chandelure||FocusSash|FlashFire|HeatWave,Hex,Haze,Protect|Quiet||M|||50|
|
|t:|1783523160
|teamsize|p1|4
|teamsize|p2|4
|start
|switch|p1a: Delphox|Delphox, L50, F|100/100
|switch|p1b: Maushold|Maushold-Four, L50|100/100
|switch|p2a: NONO SQUARE|Scovillain, L50, F|100/100
|switch|p2b: GREEN LAVA|Sinistcha, L50|100/100
|turn|1
|
|t:|1783523197
|detailschange|p1a: Delphox|Delphox-Mega, L50, F
|-mega|p1a: Delphox|Delphox|Delphoxite
|detailschange|p2a: NONO SQUARE|Scovillain-Mega, L50, F
|-mega|p2a: NONO SQUARE|Scovillain|Scovillainite
|move|p1b: Maushold|Helping Hand|p1a: Delphox
|-singleturn|p1a: Delphox|Helping Hand|[of] p1b: Maushold
|move|p1a: Delphox|Heat Wave|p2a: NONO SQUARE|[spread] p2a,p2b
|-supereffective|p2b: GREEN LAVA|1
|-damage|p2a: NONO SQUARE|50/100g
|-damage|p2b: GREEN LAVA|11/100
|-immune|p1a: Delphox
|move|p2a: NONO SQUARE|Leech Seed|p1b: Maushold
|-start|p1b: Maushold|move: Leech Seed
|move|p2b: GREEN LAVA|Trick Room|p2b: GREEN LAVA
|-fieldstart|move: Trick Room|[of] p2b: GREEN LAVA
|
|-damage|p1b: Maushold|87/100|[from] Leech Seed|[of] p2a: NONO SQUARE
|-heal|p2a: NONO SQUARE|63/100|[silent]
|upkeep
|turn|2
|
|t:|1783523221
|switch|p2b: Chandelure|Chandelure, L50, M|100/100
|switch|p2a: SUPA SOOKA|Araquanid, L50, M, shiny|100/100
|move|p1b: Maushold|Helping Hand|p1a: Delphox
|-singleturn|p1a: Delphox|Helping Hand|[of] p1b: Maushold
|move|p1a: Delphox|Heat Wave|p2b: Chandelure|[spread] p2a
|-start|p2b: Chandelure|ability: Flash Fire
|-crit|p2a: SUPA SOOKA
|-damage|p2a: SUPA SOOKA|63/100
|
|-heal|p2a: SUPA SOOKA|69/100|[from] item: Leftovers
|-damage|p1b: Maushold|75/100|[from] Leech Seed|[of] p2a: SUPA SOOKA
|-heal|p2a: SUPA SOOKA|81/100|[silent]
|upkeep
|turn|3
|
|t:|1783523236
|switch|p1b: Incineroar|Incineroar, L50, M|100/100
|-ability|p1b: Incineroar|Intimidate|boost
|-unboost|p2a: SUPA SOOKA|atk|1
|-unboost|p2b: Chandelure|atk|1
|move|p1a: Delphox|Protect|p1a: Delphox
|-singleturn|p1a: Delphox|Protect
|move|p2a: SUPA SOOKA|Soak|p1a: Delphox
|-activate|p1a: Delphox|move: Protect
|move|p2b: Chandelure|Heat Wave|p1b: Incineroar|[spread] p1b
|-activate|p1a: Delphox|move: Protect
|-resisted|p1b: Incineroar|1
|-damage|p1b: Incineroar|69/100
|
|-heal|p2a: SUPA SOOKA|87/100|[from] item: Leftovers
|upkeep
|turn|4
|
|t:|1783523262
|move|p2a: SUPA SOOKA|Infestation|p1a: Delphox
|-crit|p1a: Delphox
|-damage|p1a: Delphox|92/100
|-activate|p1a: Delphox|move: Infestation|[of] p2a: SUPA SOOKA
|move|p2b: Chandelure|Hex|p1a: Delphox
|-supereffective|p1a: Delphox|1
|-damage|p1a: Delphox|16/100
|move|p1b: Incineroar|Throat Chop|p2b: Chandelure
|-supereffective|p2b: Chandelure|1
|-damage|p2b: Chandelure|24/100
|-start|p2b: Chandelure|Throat Chop|[silent]
|move|p1a: Delphox|Psyshock|p2b: Chandelure
|-damage|p2b: Chandelure|0 fnt
|faint|p2b: Chandelure
|
|-heal|p2a: SUPA SOOKA|93/100|[from] item: Leftovers
|-damage|p1a: Delphox|4/100|[from] move: Infestation|[partiallytrapped]
|upkeep
|
|t:|1783523270
|switch|p2b: NONO SQUARE|Scovillain-Mega, L50, F|63/100
|turn|5
|
|t:|1783523287
|move|p2a: SUPA SOOKA|Soak|p1b: Incineroar
|-start|p1b: Incineroar|typechange|Water
|move|p2b: NONO SQUARE|Giga Drain|p1b: Incineroar
|-supereffective|p1b: Incineroar|1
|-damage|p1b: Incineroar|4/100
|-heal|p2b: NONO SQUARE|100/100|[from] drain|[of] p1b: Incineroar
|-enditem|p1b: Incineroar|Sitrus Berry|[eat]
|-heal|p1b: Incineroar|29/100|[from] item: Sitrus Berry
|move|p1b: Incineroar|Flare Blitz|p2b: NONO SQUARE
|-damage|p2b: NONO SQUARE|64/100
|-status|p1b: Incineroar|brn|[from] ability: Spicy Spray|[of] p2b: NONO SQUARE
|-damage|p1b: Incineroar|19/100 brn|[from] Recoil
|move|p1a: Delphox|Heat Wave|p2a: SUPA SOOKA|[spread] p2a,p2b
|-damage|p2a: SUPA SOOKA|78/100
|-damage|p2b: NONO SQUARE|30/100
|-immune|p1a: Delphox
|
|-heal|p2a: SUPA SOOKA|84/100|[from] item: Leftovers
|-damage|p1b: Incineroar|13/100 brn|[from] brn
|-damage|p1a: Delphox|0 fnt|[from] move: Infestation|[partiallytrapped]
|faint|p1a: Delphox
|-fieldend|move: Trick Room
|upkeep
|
|t:|1783523304
|switch|p1a: Sinistcha|Sinistcha, L50|100/100
|-heal|p1b: Incineroar|38/100 brn|[from] ability: Hospitality|[of] p1a: Sinistcha
|turn|6
|
|t:|1783523324
|move|p1b: Incineroar|Flare Blitz|p2b: NONO SQUARE
|-damage|p2b: NONO SQUARE|11/100
|-damage|p1b: Incineroar|32/100 brn|[from] Recoil
|move|p1a: Sinistcha|Matcha Gotcha|p2a: SUPA SOOKA|[spread] p2a,p2b
|-resisted|p2b: NONO SQUARE|2
|-damage|p2a: SUPA SOOKA|65/100
|-damage|p2b: NONO SQUARE|5/100
|-status|p1a: Sinistcha|brn|[from] ability: Spicy Spray|[of] p2b: NONO SQUARE
|move|p2b: NONO SQUARE|Giga Drain|p1b: Incineroar
|-supereffective|p1b: Incineroar|1
|-damage|p1b: Incineroar|0 fnt
|-heal|p2b: NONO SQUARE|25/100|[from] drain|[of] p1b: Incineroar
|faint|p1b: Incineroar
|move|p2a: SUPA SOOKA|Soak|p1a: Sinistcha
|-start|p1a: Sinistcha|typechange|Water
|
|-heal|p2a: SUPA SOOKA|71/100|[from] item: Leftovers
|-damage|p1a: Sinistcha|93/100 brn|[from] brn
|upkeep
|
|t:|1783523332
|switch|p1b: Maushold|Maushold-Four, L50|75/100
|turn|7
|-message|1OO% Jesus forfeited.
|
|win|beanybag
