|j|☆bana385
|j|☆ToastedArt
|html|bana385ToastedArt    
|uhtml|bestof|Game 3 of a best-of-3
|t:|1784399928
|gametype|doubles
|player|p1|bana385|101|1110
|player|p2|ToastedArt|iris|1052
|gen|9
|tier|[Gen 9 Champions] VGC 2026 Reg M-B (Bo3)
|rated|
|rule|Species Clause: Limit one of each Pokémon
|rule|Item Clause: Limit 1 of each item
|clearpoke
|poke|p1|Gholdengo, L50|
|poke|p1|Floette-Eternal, L50, F|
|poke|p1|Incineroar, L50, M|
|poke|p1|Sneasler, L50, M|
|poke|p1|Hydreigon, L50, F|
|poke|p1|Basculegion, L50, M|
|poke|p2|Falinks, L50, shiny|
|poke|p2|Gholdengo, L50|
|poke|p2|Hydreigon, L50, M, shiny|
|poke|p2|Sneasler, L50, F|
|poke|p2|Talonflame, L50, F, shiny|
|poke|p2|Kingambit, L50, F|
|teampreview|4
|showteam|p1|Gholdengo||FocusSash|GoodasGold|MakeItRain,ShadowBall,PowerGem,Protect|Modest|||||50|]Floette-Eternal||Floettite|FlowerVeil|CalmMind,Moonblast,DazzlingGleam,Protect|Timid||F|||50|]Incineroar||SitrusBerry|Intimidate|FakeOut,FlareBlitz,PartingShot,DarkestLariat|Careful||M|||50|]Sneasler||LifeOrb|PoisonTouch|CloseCombat,DireClaw,FakeOut,Protect|Jolly||M|||50|]Hydreigon||ChoiceScarf|Levitate|DarkPulse,DracoMeteor,Snarl,EarthPower|Modest||F|||50|]Basculegion||MysticWater|Adaptability|AquaJet,WaveCrash,LastRespects,Protect|Adamant||M|||50|
|showteam|p2|Falinks||Falinksite|Defiant|NoRetreat,BulkUp,CloseCombat,Protect|Careful|||||50|]Gholdengo||SpellTag|GoodasGold|MakeItRain,ShadowBall,NastyPlot,Protect|Modest|||||50|]Hydreigon||LifeOrb|Levitate|DracoMeteor,Snarl,EarthPower,DarkPulse|Modest||M|||50|]Sneasler||FocusSash|PoisonTouch|CloseCombat,PoisonJab,Coaching,FakeOut|Jolly||F|||50|]Talonflame||SharpBeak|GaleWings|BraveBird,Tailwind,Uturn,QuickGuard|Adamant||F|||50|]Kingambit||BlackGlasses|Defiant|KowtowCleave,SuckerPunch,SwordsDance,Protect|Adamant||F|||50|
|inactive|Battle timer is ON: inactive players will automatically lose when time's up. (requested by ToastedArt)
|inactive|ToastedArt has 60 seconds left.
|
|t:|1784399960
|teamsize|p1|4
|teamsize|p2|4
|start
|switch|p1a: Hydreigon|Hydreigon, L50, F|100/100
|switch|p1b: Gholdengo|Gholdengo, L50|100/100
|switch|p2a: Talonflame|Talonflame, L50, F, shiny|100/100
|switch|p2b: Kingambit|Kingambit, L50, F|100/100
|turn|1
|
|t:|1784399980
|move|p2b: Kingambit|Sucker Punch|p1b: Gholdengo
|-supereffective|p1b: Gholdengo|1
|-enditem|p1b: Gholdengo|Focus Sash
|-damage|p1b: Gholdengo|1/100
|move|p1a: Hydreigon|Earth Power|p2b: Kingambit
|-supereffective|p2b: Kingambit|1
|-damage|p2b: Kingambit|28/100
|move|p2a: Talonflame|U-turn|p1b: Gholdengo
|-resisted|p1b: Gholdengo|2
|-damage|p1b: Gholdengo|0 fnt
|faint|p1b: Gholdengo
|
|t:|1784399989
|switch|p2a: Falinks|Falinks, L50, shiny|100/100|[from] U-turn
|
|upkeep
|
|t:|1784399994
|switch|p1b: Floette|Floette-Eternal, L50, F|100/100
|turn|2
|
|t:|1784400005
|switch|p2b: Talonflame|Talonflame, L50, F, shiny|100/100
|detailschange|p1b: Floette|Floette-Mega, L50, F
|-mega|p1b: Floette|Floette|Floettite
|-ability|p1b: Floette|Fairy Aura
|detailschange|p2a: Falinks|Falinks-Mega, L50, shiny
|-mega|p2a: Falinks|Falinks|Falinksite
|move|p2a: Falinks|Protect|p2a: Falinks
|-singleturn|p2a: Falinks|Protect
|move|p1a: Hydreigon|Earth Power|p2b: Talonflame
|-immune|p2b: Talonflame
|move|p1b: Floette|Moonblast|p2a: Falinks
|-activate|p2a: Falinks|move: Protect
|
|upkeep
|turn|3
|inactive|bana385 has 30 seconds left.
|
|t:|1784400033
|switch|p1a: Basculegion|Basculegion, L50, M|100/100
|move|p2b: Talonflame|Tailwind|p2b: Talonflame
|-sidestart|p2: ToastedArt|move: Tailwind
|move|p2a: Falinks|No Retreat|p2a: Falinks
|-boost|p2a: Falinks|atk|1
|-boost|p2a: Falinks|def|1
|-boost|p2a: Falinks|spa|1
|-boost|p2a: Falinks|spd|1
|-boost|p2a: Falinks|spe|1
|-start|p2a: Falinks|move: No Retreat
|move|p1b: Floette|Moonblast|p2a: Falinks
|-supereffective|p2a: Falinks|1
|-damage|p2a: Falinks|0 fnt
|faint|p2a: Falinks
|
|upkeep
|
|t:|1784400040
|switch|p2a: Sneasler|Sneasler, L50, F|100/100
|turn|4
|inactive|bana385 has 30 seconds left.
|
|t:|1784400072
|move|p1b: Floette|Protect|p1b: Floette
|-singleturn|p1b: Floette|Protect
|move|p2b: Talonflame|Brave Bird|p1a: Basculegion
|-crit|p1a: Basculegion
|-damage|p1a: Basculegion|1/100
|-damage|p2b: Talonflame|52/100|[from] Recoil
|move|p1a: Basculegion|Aqua Jet|p2b: Talonflame
|-supereffective|p2b: Talonflame|1
|-damage|p2b: Talonflame|0 fnt
|faint|p2b: Talonflame
|move|p2a: Sneasler|Poison Jab|p1a: Basculegion
|-resisted|p1a: Basculegion|1
|-damage|p1a: Basculegion|0 fnt
|faint|p1a: Basculegion
|
|upkeep
|
|t:|1784400085
|switch|p2b: Kingambit|Kingambit, L50, F|28/100
|switch|p1a: Hydreigon|Hydreigon, L50, F|100/100
|turn|5
|
|t:|1784400100
|move|p2b: Kingambit|Protect|p2b: Kingambit
|-singleturn|p2b: Kingambit|Protect
|move|p2a: Sneasler|Close Combat|p1a: Hydreigon
|-supereffective|p1a: Hydreigon|1
|-damage|p1a: Hydreigon|0 fnt
|-unboost|p2a: Sneasler|def|1
|-unboost|p2a: Sneasler|spd|1
|faint|p1a: Hydreigon
|move|p1b: Floette|Dazzling Gleam|p2a: Sneasler|[spread] p2a
|-activate|p2b: Kingambit|move: Protect
|-damage|p2a: Sneasler|4/100
|
|upkeep
|turn|6
|
|t:|1784400112
|move|p2b: Kingambit|Sucker Punch|p1b: Floette
|-resisted|p1b: Floette|1
|-damage|p1b: Floette|73/100
|move|p2a: Sneasler|Poison Jab|p1b: Floette
|-supereffective|p1b: Floette|1
|-damage|p1b: Floette|0 fnt
|faint|p1b: Floette
|
|win|ToastedArt
|raw|bana385's rating: 1110 → 1081(-29 for losing)
|raw|ToastedArt's rating: 1052 → 1090(+38 for winning)
