|j|☆galargiant
|j|☆189audaz
|html|galargiant189audaz    
|uhtml|bestof|Game 2 of a best-of-3
|t:|1783394652
|gametype|doubles
|player|p1|galargiant|jupiter|1053
|player|p2|189audaz|steven|1056
|gen|9
|tier|[Gen 9 Champions] VGC 2026 Reg M-B (Bo3)
|rated|
|rule|Species Clause: Limit one of each Pokémon
|rule|Item Clause: Limit 1 of each item
|clearpoke
|poke|p1|Tinkaton, L50, F|
|poke|p1|Aerodactyl, L50, M|
|poke|p1|Delphox, L50, M|
|poke|p1|Garchomp, L50, F|
|poke|p1|Rotom-Wash, L50|
|poke|p1|Annihilape, L50, M|
|poke|p2|Gengar, L50, F|
|poke|p2|Incineroar, L50, M|
|poke|p2|Sneasler, L50, M|
|poke|p2|Kingambit, L50, F|
|poke|p2|Kommo-o, L50, F|
|poke|p2|Gardevoir, L50, F|
|teampreview|4
|showteam|p1|Tinkaton||OccaBerry|MoldBreaker|FakeOut,GigatonHammer,IceHammer,Encore|Jolly||F|||50|]Aerodactyl||FocusSash|Unnerve|RockSlide,Tailwind,DualWingbeat,Protect|Jolly||M|||50|]Delphox||Delphoxite|Blaze|HeatWave,Psychic,NastyPlot,Protect|Timid||M|||50|]Garchomp||LifeOrb|RoughSkin|Earthquake,RockSlide,DragonClaw,Protect|Jolly||F|||50|]Rotom-Wash||ChoiceScarf|Levitate|Thunderbolt,VoltSwitch,HydroPump,WillOWisp|Modest|||||50|]Annihilape||Leftovers|Defiant|PhantomForce,StormThrow,BulkUp,Protect|Adamant||M|||50|
|showteam|p2|Gengar||Gengarite|CursedBody|ShadowBall,PerishSong,Protect,Disable|Modest||F|||50|]Incineroar||PasshoBerry|Intimidate|FakeOut,Protect,FlareBlitz,PartingShot|Relaxed||M|||50|]Sneasler||WhiteHerb|Unburden|Protect,FakeOut,DireClaw,CloseCombat|Adamant||M|||50|]Kingambit||BlackGlasses|Defiant|Protect,KowtowCleave,SuckerPunch,SwordsDance|Brave||F|||50|]Kommo-o||Leftovers|Bulletproof|ClangorousSoul,ClangingScales,AuraSphere,Protect|Modest||F|||50|]Gardevoir||Gardevoirite|Trace|Moonblast,Protect,HyperVoice,HealPulse|Timid||F|||50|
|inactive|Battle timer is ON: inactive players will automatically lose when time's up. (requested by 189audaz)
|inactive|189audaz has 60 seconds left.
|inactive|189audaz has 30 seconds left.
|
|t:|1783394716
|teamsize|p1|4
|teamsize|p2|4
|start
|switch|p1a: Aerodactyl|Aerodactyl, L50, M|100/100
|switch|p1b: Annihilape|Annihilape, L50, M|100/100
|switch|p2a: Gengar|Gengar, L50, F|100/100
|switch|p2b: Sneasler|Sneasler, L50, M|100/100
|-ability|p1a: Aerodactyl|Unnerve
|turn|1
|
|t:|1783394739
|switch|p2b: Incineroar|Incineroar, L50, M|100/100
|-ability|p2b: Incineroar|Intimidate|boost
|-unboost|p1a: Aerodactyl|atk|1
|-unboost|p1b: Annihilape|atk|1
|-ability|p1b: Annihilape|Defiant|boost
|-boost|p1b: Annihilape|atk|2
|switch|p1b: Garchomp|Garchomp, L50, F|100/100
|detailschange|p2a: Gengar|Gengar-Mega, L50, F
|-mega|p2a: Gengar|Gengar|Gengarite
|move|p1a: Aerodactyl|Protect|p1a: Aerodactyl
|-singleturn|p1a: Aerodactyl|Protect
|move|p2a: Gengar|Perish Song|p2a: Gengar
|-start|p1a: Aerodactyl|perish3|[silent]
|-start|p1b: Garchomp|perish3|[silent]
|-start|p2a: Gengar|perish3|[silent]
|-start|p2b: Incineroar|perish3|[silent]
|-fieldactivate|move: Perish Song
|
|-start|p1a: Aerodactyl|perish3
|-start|p1b: Garchomp|perish3
|-start|p2a: Gengar|perish3
|-start|p2b: Incineroar|perish3
|upkeep
|turn|2
|inactive|189audaz has 30 seconds left.
|inactive|189audaz has 20 seconds left.
|inactive|galargiant has 30 seconds left.
|inactive|189audaz has 15 seconds left.
|
|t:|1783394787
|move|p2a: Gengar|Protect|p2a: Gengar
|-singleturn|p2a: Gengar|Protect
|move|p1a: Aerodactyl|Rock Slide|p2b: Incineroar|[spread] 
|-activate|p2a: Gengar|move: Protect
|-miss|p1a: Aerodactyl|p2b: Incineroar
|move|p1b: Garchomp|Earthquake|p2b: Incineroar|[spread] p2b
|-activate|p2a: Gengar|move: Protect
|-immune|p1a: Aerodactyl
|-supereffective|p2b: Incineroar|1
|-damage|p2b: Incineroar|37/100
|-damage|p1b: Garchomp|90/100|[from] item: Life Orb
|move|p2b: Incineroar|Parting Shot|p1b: Garchomp
|-unboost|p1b: Garchomp|atk|1
|-unboost|p1b: Garchomp|spa|1
|
|t:|1783394803
|switch|p2b: Sneasler|Sneasler, L50, M|100/100|[from] Parting Shot
|
|-start|p1a: Aerodactyl|perish2
|-start|p1b: Garchomp|perish2
|-start|p2a: Gengar|perish2
|upkeep
|turn|3
|inactive|189audaz has 30 seconds left.
|
|t:|1783394835
|move|p2b: Sneasler|Fake Out|p1b: Garchomp
|-damage|p1b: Garchomp|76/100
|-damage|p2b: Sneasler|87/100|[from] ability: Rough Skin|[of] p1b: Garchomp
|move|p1a: Aerodactyl|Dual Wingbeat|p2b: Sneasler
|-supereffective|p2b: Sneasler|1
|-damage|p2b: Sneasler|43/100
|-supereffective|p2b: Sneasler|1
|-damage|p2b: Sneasler|0 fnt
|faint|p2b: Sneasler
|-hitcount|p2: Sneasler|2
|cant|p1b: Garchomp|flinch
|move|p2a: Gengar|Shadow Ball|p1a: Aerodactyl
|-damage|p1a: Aerodactyl|36/100
|-unboost|p1a: Aerodactyl|spd|1
|
|-start|p1a: Aerodactyl|perish1
|-start|p1b: Garchomp|perish1
|-start|p2a: Gengar|perish1
|upkeep
|
|t:|1783394856
|switch|p2b: Incineroar|Incineroar, L50, M|37/100
|-ability|p2b: Incineroar|Intimidate|boost
|-unboost|p1a: Aerodactyl|atk|1
|-unboost|p1b: Garchomp|atk|1
|turn|4
|
|t:|1783394870
|switch|p2a: Kingambit|Kingambit, L50, F|100/100
|move|p2b: Incineroar|Protect|p2b: Incineroar
|-singleturn|p2b: Incineroar|Protect
|move|p1a: Aerodactyl|Tailwind|p1a: Aerodactyl
|-sidestart|p1: galargiant|move: Tailwind
|move|p1b: Garchomp|Earthquake|p2a: Kingambit|[spread] p2a
|-activate|p2b: Incineroar|move: Protect
|-immune|p1a: Aerodactyl
|-supereffective|p2a: Kingambit|1
|-damage|p2a: Kingambit|62/100
|-damage|p1b: Garchomp|66/100|[from] item: Life Orb
|
|-start|p1a: Aerodactyl|perish0
|-start|p1b: Garchomp|perish0
|faint|p1a: Aerodactyl
|faint|p1b: Garchomp
|upkeep
|
|t:|1783394885
|switch|p1a: Delphox|Delphox, L50, M|100/100
|switch|p1b: Annihilape|Annihilape, L50, M|100/100
|turn|5
|inactive|189audaz has 30 seconds left.
|
|t:|1783394915
|detailschange|p1a: Delphox|Delphox-Mega, L50, M
|-mega|p1a: Delphox|Delphox|Delphoxite
|move|p1a: Delphox|Nasty Plot|p1a: Delphox
|-boost|p1a: Delphox|spa|2
|move|p1b: Annihilape|Storm Throw|p2a: Kingambit
|-supereffective|p2a: Kingambit|2
|-crit|p2a: Kingambit
|-damage|p2a: Kingambit|0 fnt
|faint|p2a: Kingambit
|move|p2b: Incineroar|Parting Shot|p1a: Delphox
|-unboost|p1a: Delphox|atk|1
|-unboost|p1a: Delphox|spa|1
|
|t:|1783394924
|switch|p2b: Gengar|Gengar-Mega, L50, F|100/100|[from] Parting Shot
|
|upkeep
|
|t:|1783394926
|switch|p2a: Incineroar|Incineroar, L50, M|37/100
|-ability|p2a: Incineroar|Intimidate|boost
|-unboost|p1a: Delphox|atk|1
|-unboost|p1b: Annihilape|atk|1
|-ability|p1b: Annihilape|Defiant|boost
|-boost|p1b: Annihilape|atk|2
|turn|6
|
|t:|1783394950
|move|p1a: Delphox|Protect|p1a: Delphox
|-singleturn|p1a: Delphox|Protect
|move|p2a: Incineroar|Fake Out|p1a: Delphox
|-activate|p1a: Delphox|move: Protect
|move|p1b: Annihilape|Storm Throw|p2a: Incineroar
|-supereffective|p2a: Incineroar|1
|-crit|p2a: Incineroar
|-damage|p2a: Incineroar|0 fnt
|faint|p2a: Incineroar
|move|p2b: Gengar|Shadow Ball|p1b: Annihilape
|-supereffective|p1b: Annihilape|1
|-damage|p1b: Annihilape|16/100
|
|-heal|p1b: Annihilape|22/100|[from] item: Leftovers
|upkeep
|turn|7
|
|t:|1783394964
|move|p1a: Delphox|Psychic|p2b: Gengar
|-supereffective|p2b: Gengar|1
|-damage|p2b: Gengar|0 fnt
|faint|p2b: Gengar
|
|win|galargiant
|l|☆189audaz
|player|p2|
||galargiant is ready for game 3.
|inactive|189audaz has 30 seconds to confirm battle start!
|j|☆189audaz
|player|p2|189audaz|steven|
|inactive|189audaz has 20 seconds to confirm battle start!
|inactive|189audaz has 10 seconds to confirm battle start!
|inactive|189audaz has 0 seconds to confirm battle start!
|uhtml|next|Next: Game 3 of 3
