|j|☆Arnauz10
|j|☆dunknut2
|html|Arnauz10dunknut2    
|uhtml|bestof|Game 1 of a best-of-3
|t:|1756314617
|gametype|doubles
|player|p1|Arnauz10|ghetsis|1122
|player|p2|dunknut2|265|1203
|gen|9
|tier|[Gen 9] VGC 2025 Reg H (Bo3)
|rated|
|rule|Species Clause: Limit one of each Pokémon
|rule|Item Clause: Limit 1 of each item
|clearpoke
|poke|p1|Annihilape, L50, M|
|poke|p1|Dragonite, L50, F|
|poke|p1|Gholdengo, L50|
|poke|p1|Porygon2, L50|
|poke|p1|Ursaluna, L50, F|
|poke|p1|Incineroar, L50, M|
|poke|p2|Annihilape, L50, F|
|poke|p2|Sinistcha, L50|
|poke|p2|Maushold-Four, L50|
|poke|p2|Klefki, L50, M|
|poke|p2|Ursaluna-Bloodmoon, L50, M|
|poke|p2|Ninetales-Alola, L50, F|
|teampreview|4
|showteam|p1|Annihilape||FocusSash|Defiant|RageFist,CloseCombat,Coaching,Taunt|||M|||50|,,,,,Stellar]Dragonite||LoadedDice|Multiscale|ScaleShot,Haze,Tailwind,Protect|||F|||50|,,,,,Fairy]Gholdengo||LifeOrb|GoodasGold|ShadowBall,MakeItRain,NastyPlot,Protect||||||50|,,,,,Water]Porygon2||Eviolite|Download|IceBeam,TeraBlast,Recover,TrickRoom||||||50|,,,,,Fighting]Ursaluna||FlameOrb|Guts|Facade,Earthquake,HeadlongRush,Protect|||F|||50|,,,,,Ghost]Incineroar||SafetyGoggles|Intimidate|FakeOut,KnockOff,FlareBlitz,PartingShot|||M|||50|,,,,,Ghost
|showteam|p2|Annihilape||Leftovers|Defiant|Protect,BulkUp,DrainPunch,RageFist|||F|||50|,,,,,Fire]Sinistcha||SitrusBerry|Hospitality|MatchaGotcha,TrickRoom,LifeDew,RagePowder||||||50|,,,,,Water]Maushold-Four||FocusSash|FriendGuard|FollowMe,Taunt,BeatUp,Protect||||||50|,,,,,Ghost]Klefki||LightClay|Prankster|Reflect,LightScreen,MistyTerrain,DazzlingGleam|||M|||50|,,,,,Ghost]Ursaluna-Bloodmoon||AssaultVest|MindsEye|BloodMoon,HyperVoice,EarthPower,VacuumWave|||M|||50|,,,,,Water]Ninetales-Alola||NeverMeltIce|SnowWarning|Protect,FreezeDry,Blizzard,AuroraVeil|||F|||50|,,,,,Ghost
|
|t:|1756314677
|teamsize|p1|4
|teamsize|p2|4
|start
|switch|p1a: Annihilape|Annihilape, L50, M|100/100
|switch|p1b: Dragonite|Dragonite, L50, F|100/100
|switch|p2a: Annihilape|Annihilape, L50, F, shiny|100/100
|switch|p2b: Klefki|Klefki, L50, M|100/100
|turn|1
|
|t:|1756314697
|move|p2b: Klefki|Reflect|p2b: Klefki
|-sidestart|p2: dunknut2|Reflect
|move|p2a: Annihilape|Bulk Up|p2a: Annihilape
|-boost|p2a: Annihilape|atk|1
|-boost|p2a: Annihilape|def|1
|move|p1a: Annihilape|Coaching|p1b: Dragonite
|-boost|p1b: Dragonite|atk|1
|-boost|p1b: Dragonite|def|1
|move|p1b: Dragonite|Tailwind|p1b: Dragonite
|-sidestart|p1: Arnauz10|move: Tailwind
|
|upkeep
|turn|2
|
|t:|1756314781
|move|p1a: Annihilape|Rage Fist|p2a: Annihilape
|-supereffective|p2a: Annihilape
|-damage|p2a: Annihilape|81/100
|move|p1b: Dragonite|Scale Shot|p2a: Annihilape
|-damage|p2a: Annihilape|70/100
|-damage|p2a: Annihilape|60/100
|-damage|p2a: Annihilape|50/100
|-damage|p2a: Annihilape|39/100
|-damage|p2a: Annihilape|30/100
|-hitcount|p2a: Annihilape|5
|-unboost|p1b: Dragonite|def|1
|-boost|p1b: Dragonite|spe|1
|move|p2a: Annihilape|Bulk Up|p2a: Annihilape
|-boost|p2a: Annihilape|atk|1
|-boost|p2a: Annihilape|def|1
|move|p2b: Klefki|Dazzling Gleam|p1a: Annihilape|[spread] p1a,p1b
|-supereffective|p1a: Annihilape
|-supereffective|p1b: Dragonite
|-damage|p1a: Annihilape|66/100
|-damage|p1b: Dragonite|83/100
|
|-heal|p2a: Annihilape|36/100|[from] item: Leftovers
|upkeep
|turn|3
|
|t:|1756314834
|switch|p2b: Sinistcha|Sinistcha, L50|100/100
|-heal|p2a: Annihilape|61/100|[from] ability: Hospitality|[of] p2b: Sinistcha
|move|p2a: Annihilape|Protect|p2a: Annihilape
|-singleturn|p2a: Annihilape|Protect
|move|p1b: Dragonite|Scale Shot|p2a: Annihilape
|-activate|p2a: Annihilape|move: Protect
|move|p1a: Annihilape|Coaching|p1b: Dragonite
|-boost|p1b: Dragonite|atk|1
|-boost|p1b: Dragonite|def|1
|
|-heal|p2a: Annihilape|67/100|[from] item: Leftovers
|upkeep
|turn|4
|
|t:|1756314856
|move|p1b: Dragonite|Protect|p1b: Dragonite
|-singleturn|p1b: Dragonite|Protect
|move|p2b: Sinistcha|Rage Powder|p2b: Sinistcha
|-singleturn|p2b: Sinistcha|move: Rage Powder
|move|p1a: Annihilape|Taunt|p2b: Sinistcha
|-start|p2b: Sinistcha|move: Taunt
|move|p2a: Annihilape|Rage Fist|p1b: Dragonite
|-activate|p1b: Dragonite|move: Protect
|
|-heal|p2a: Annihilape|74/100|[from] item: Leftovers
|-sideend|p1: Arnauz10|move: Tailwind
|upkeep
|turn|5
|inactive|Battle timer is ON: inactive players will automatically lose when time's up. (requested by dunknut2)
|
|t:|1756314925
|switch|p2b: Klefki|Klefki, L50, M|100/100
|move|p2a: Annihilape|Protect|p2a: Annihilape
|-singleturn|p2a: Annihilape|Protect
|move|p1b: Dragonite|Haze|p1b: Dragonite
|-clearallboost
|move|p1a: Annihilape|Rage Fist|p2a: Annihilape
|-activate|p2a: Annihilape|move: Protect
|
|-heal|p2a: Annihilape|80/100|[from] item: Leftovers
|upkeep
|turn|6
|
|t:|1756314950
|switch|p1b: Ursaluna|Ursaluna, L50, F|100/100
|move|p2b: Klefki|Misty Terrain|p2b: Klefki
|-fieldstart|move: Misty Terrain
|move|p2a: Annihilape|Rage Fist|p1a: Annihilape
|-supereffective|p1a: Annihilape
|-damage|p1a: Annihilape|0 fnt
|faint|p1a: Annihilape
|
|-heal|p2a: Annihilape|86/100|[from] item: Leftovers
|upkeep
|
|t:|1756314961
|switch|p1a: Porygon2|Porygon2, L50|100/100
|-ability|p1a: Porygon2|Download|boost
|-boost|p1a: Porygon2|atk|1
|turn|7
|inactive|Arnauz10 has 30 seconds left.
|inactive|Arnauz10 has 20 seconds left.
|inactive|Arnauz10 has 15 seconds left.
|inactive|Arnauz10 has 10 seconds left.
|
|t:|1756315007
|switch|p2b: Sinistcha|Sinistcha, L50|100/100
|-heal|p2a: Annihilape|100/100|[from] ability: Hospitality|[of] p2b: Sinistcha
|move|p2a: Annihilape|Bulk Up|p2a: Annihilape
|-boost|p2a: Annihilape|atk|1
|-boost|p2a: Annihilape|def|1
|move|p1b: Ursaluna|Headlong Rush|p2a: Annihilape
|-crit|p2a: Annihilape
|-damage|p2a: Annihilape|2/100
|-unboost|p1b: Ursaluna|def|1
|-unboost|p1b: Ursaluna|spd|1
|move|p1a: Porygon2|Trick Room|p1a: Porygon2
|-fieldstart|move: Trick Room|[of] p1a: Porygon2
|
|-heal|p2a: Annihilape|9/100|[from] item: Leftovers
|upkeep
|turn|8
|
|t:|1756315031
|move|p2a: Annihilape|Protect|p2a: Annihilape
|-singleturn|p2a: Annihilape|Protect
|move|p1a: Porygon2|Ice Beam|p2b: Sinistcha
|-supereffective|p2b: Sinistcha
|-damage|p2b: Sinistcha|50/100
|-enditem|p2b: Sinistcha|Sitrus Berry|[eat]
|-heal|p2b: Sinistcha|75/100|[from] item: Sitrus Berry
|move|p1b: Ursaluna|Earthquake|p2b: Sinistcha|[spread] p1a,p2b
|-activate|p2a: Annihilape|move: Protect
|-resisted|p2b: Sinistcha
|-damage|p1a: Porygon2|73/100
|-damage|p2b: Sinistcha|63/100
|move|p2b: Sinistcha|Matcha Gotcha|p1b: Ursaluna|[spread] p1a,p1b
|-supereffective|p1b: Ursaluna
|-damage|p1a: Porygon2|59/100
|-heal|p2b: Sinistcha|71/100|[from] drain|[of] p1a: Porygon2
|-damage|p1b: Ursaluna|31/100
|-heal|p2b: Sinistcha|100/100|[from] drain|[of] p1b: Ursaluna
|
|-heal|p2a: Annihilape|15/100|[from] item: Leftovers
|-sideend|p2: dunknut2|Reflect
|upkeep
|turn|9
|inactive|Arnauz10 has 30 seconds left.
|inactive|dunknut2 has 30 seconds left.
|inactive|Arnauz10 has 20 seconds left.
|inactive|dunknut2 has 20 seconds left.
|inactive|Arnauz10 has 15 seconds left.
|inactive|Arnauz10 has 10 seconds left.
|inactive|Arnauz10 has 5 seconds left.
|
|t:|1756315083
|-terastallize|p1b: Ursaluna|Ghost
|move|p1a: Porygon2|Ice Beam|p2b: Sinistcha
|-supereffective|p2b: Sinistcha
|-damage|p2b: Sinistcha|45/100
|move|p1b: Ursaluna|Earthquake|p2b: Sinistcha|[spread] p1a,p2a,p2b
|-resisted|p2b: Sinistcha
|-damage|p1a: Porygon2|30/100
|-damage|p2a: Annihilape|0 fnt
|-damage|p2b: Sinistcha|29/100
|faint|p2a: Annihilape
|move|p2b: Sinistcha|Matcha Gotcha|p1a: Porygon2|[spread] p1a,p1b
|-damage|p1a: Porygon2|16/100
|-heal|p2b: Sinistcha|36/100|[from] drain|[of] p1a: Porygon2
|-damage|p1b: Ursaluna|0 fnt
|-heal|p2b: Sinistcha|56/100|[from] drain|[of] p1b: Ursaluna
|faint|p1b: Ursaluna
|
|upkeep
|
|t:|1756315103
|switch|p1b: Dragonite|Dragonite, L50, F|83/100
|switch|p2a: Ursaluna|Ursaluna-Bloodmoon, L50, M|100/100
|turn|10
|-message|Arnauz10 forfeited.
|
|win|dunknut2
