|j|☆FALL3N_DWN
|j|☆Mamoswinefanboi
|html|FALL3N_DWNMamoswinefanboi    
|uhtml|bestof|Game 3 of a best-of-3
|t:|1757629970
|gametype|doubles
|player|p1|FALL3N_DWN|carmine-festival|1207
|player|p2|Mamoswinefanboi|102|1298
|gen|9
|tier|[Gen 9] VGC 2025 Reg H (Bo3)
|rated|
|rule|Species Clause: Limit one of each Pokémon
|rule|Item Clause: Limit 1 of each item
|clearpoke
|poke|p1|Gholdengo, L50|
|poke|p1|Amoonguss, L50, M|
|poke|p1|Basculegion, L50, M|
|poke|p1|Pelipper, L50, M|
|poke|p1|Incineroar, L50, M|
|poke|p1|Archaludon, L50, M|
|poke|p2|Dragonite, L50, M|
|poke|p2|Gholdengo, L50|
|poke|p2|Rillaboom, L50, F|
|poke|p2|Ursaluna-Bloodmoon, L50, M|
|poke|p2|Maushold-Four, L50|
|poke|p2|Annihilape, L50, F|
|teampreview|4
|showteam|p1|Gholdengo||LifeOrb|GoodasGold|MakeItRain,ShadowBall,NastyPlot,Protect||||||50|,,,,,Water]Amoonguss||SitrusBerry|Regenerator|Spore,RagePowder,PollenPuff,Protect|||M|||50|,,,,,Psychic]Basculegion||ChoiceBand|SwiftSwim|WaveCrash,FlipTurn,LastRespects,AquaJet|||M|||50|,,,,,Water]Pelipper||FocusSash|Drizzle|WeatherBall,Hurricane,Tailwind,Protect|||M|||50|,,,,,Ground]Incineroar||SafetyGoggles|Intimidate|FlareBlitz,KnockOff,PartingShot,FakeOut|||M|||50|,,,,,Ghost]Archaludon||AssaultVest|Stamina|ElectroShot,FlashCannon,DracoMeteor,BodyPress|||M|||50|,,,,,Bug
|showteam|p2|Dragonite||LoadedDice|Multiscale|Tailwind,Haze,Protect,ScaleShot|||M|||50|,,,,,Fairy]Gholdengo||LifeOrb|GoodasGold|MakeItRain,ShadowBall,NastyPlot,Protect||||||50|,,,,,Water]Rillaboom||MiracleSeed|GrassySurge|WoodHammer,GrassyGlide,FakeOut,HighHorsepower|||F|||50|,,,,,Fire]Ursaluna-Bloodmoon||AssaultVest|MindsEye|BloodMoon,EarthPower,HyperVoice,VacuumWave|||M|||50|,,,,,Water]Maushold-Four||FocusSash|FriendGuard|SuperFang,FollowMe,BeatUp,Protect||||||50|,,,,,Ghost]Annihilape||SitrusBerry|Defiant|RageFist,DrainPunch,BulkUp,Protect|||F|||50|,,,,,Fire
|j| Arkhept
|l| Arkhept
|inactive|Battle timer is ON: inactive players will automatically lose when time's up. (requested by Mamoswinefanboi)
|
|t:|1757630026
|teamsize|p1|4
|teamsize|p2|4
|start
|switch|p1a: Amoonguss|Amoonguss, L50, M|100/100
|switch|p1b: Basculegion|Basculegion, L50, M|100/100
|switch|p2a: Rillaboom|Rillaboom, L50, F|100/100
|switch|p2b: Ursaluna|Ursaluna-Bloodmoon, L50, M|100/100
|-fieldstart|move: Grassy Terrain|[from] ability: Grassy Surge|[of] p2a: Rillaboom
|turn|1
|inactive|FALL3N_DWN has 30 seconds left.
|inactive|Mamoswinefanboi has 30 seconds left.
|inactive|FALL3N_DWN has 20 seconds left.
|inactive|Mamoswinefanboi has 20 seconds left.
|inactive|Mamoswinefanboi has 15 seconds left.
|inactive|Mamoswinefanboi has 10 seconds left.
|
|t:|1757630075
|switch|p1b: Archaludon|Archaludon, L50, M|100/100
|move|p2a: Rillaboom|Grassy Glide|p1b: Archaludon
|-resisted|p1b: Archaludon
|-damage|p1b: Archaludon|93/100
|-ability|p1b: Archaludon|Stamina|boost
|-boost|p1b: Archaludon|def|1
|move|p2b: Ursaluna|Blood Moon|p1b: Archaludon
|-resisted|p1b: Archaludon
|-damage|p1b: Archaludon|63/100
|-ability|p1b: Archaludon|Stamina|boost
|-boost|p1b: Archaludon|def|1
|move|p1a: Amoonguss|Pollen Puff|p2a: Rillaboom
|-supereffective|p2a: Rillaboom
|-damage|p2a: Rillaboom|62/100
|
|-heal|p1b: Archaludon|70/100|[from] Grassy Terrain
|-heal|p2a: Rillaboom|68/100|[from] Grassy Terrain
|upkeep
|turn|2
|inactive|FALL3N_DWN has 30 seconds left.
|inactive|FALL3N_DWN has 20 seconds left.
|
|t:|1757630110
|switch|p2b: Gholdengo|Gholdengo, L50|100/100
|move|p1a: Amoonguss|Rage Powder|p1a: Amoonguss
|-singleturn|p1a: Amoonguss|move: Rage Powder
|move|p1b: Archaludon|Body Press|p2b: Gholdengo
|-immune|p2b: Gholdengo
|move|p2a: Rillaboom|High Horsepower|p1b: Archaludon
|-supereffective|p1b: Archaludon
|-damage|p1b: Archaludon|45/100
|-ability|p1b: Archaludon|Stamina|boost
|-boost|p1b: Archaludon|def|1
|
|-heal|p1b: Archaludon|51/100|[from] Grassy Terrain
|-heal|p2a: Rillaboom|73/100|[from] Grassy Terrain
|upkeep
|turn|3
|
|t:|1757630133
|-terastallize|p1b: Archaludon|Bug
|move|p1a: Amoonguss|Rage Powder|p1a: Amoonguss
|-singleturn|p1a: Amoonguss|move: Rage Powder
|move|p2b: Gholdengo|Nasty Plot|p2b: Gholdengo
|-boost|p2b: Gholdengo|spa|2
|move|p1b: Archaludon|Body Press|p2a: Rillaboom
|-damage|p2a: Rillaboom|20/100
|move|p2a: Rillaboom|High Horsepower|p1b: Archaludon
|-resisted|p1b: Archaludon
|-damage|p1b: Archaludon|47/100
|-ability|p1b: Archaludon|Stamina|boost
|-boost|p1b: Archaludon|def|1
|
|-heal|p1b: Archaludon|53/100|[from] Grassy Terrain
|-heal|p2a: Rillaboom|26/100|[from] Grassy Terrain
|upkeep
|turn|4
|inactive|FALL3N_DWN has 30 seconds left.
|inactive|FALL3N_DWN has 20 seconds left.
|inactive|FALL3N_DWN has 15 seconds left.
|
|t:|1757630173
|switch|p1b: Pelipper|Pelipper, L50, M|100/100
|-weather|RainDance|[from] ability: Drizzle|[of] p1b: Pelipper
|move|p1a: Amoonguss|Rage Powder|p1a: Amoonguss
|-singleturn|p1a: Amoonguss|move: Rage Powder
|move|p2b: Gholdengo|Make It Rain|p1b: Pelipper|[spread] p1a,p1b
|-resisted|p1b: Pelipper
|-damage|p1a: Amoonguss|5/100
|-damage|p1b: Pelipper|4/100
|-unboost|p2b: Gholdengo|spa|1
|-enditem|p1a: Amoonguss|Sitrus Berry|[eat]
|-heal|p1a: Amoonguss|30/100|[from] item: Sitrus Berry
|-damage|p2b: Gholdengo|91/100|[from] item: Life Orb
|move|p2a: Rillaboom|High Horsepower|p1a: Amoonguss
|-damage|p1a: Amoonguss|6/100
|
|-weather|RainDance|[upkeep]
|-heal|p2b: Gholdengo|97/100|[from] Grassy Terrain
|-heal|p2a: Rillaboom|31/100|[from] Grassy Terrain
|-heal|p1a: Amoonguss|12/100|[from] Grassy Terrain
|upkeep
|turn|5
|inactive|FALL3N_DWN has 30 seconds left.
|
|t:|1757630207
|switch|p2a: Ursaluna|Ursaluna-Bloodmoon, L50, M|100/100
|switch|p1a: Archaludon|Archaludon, L50, M, tera:Bug|53/100
|move|p2b: Gholdengo|Make It Rain|p1b: Pelipper|[spread] p1a,p1b
|-resisted|p1b: Pelipper
|-damage|p1a: Archaludon|0 fnt
|-damage|p1b: Pelipper|0 fnt
|-unboost|p2b: Gholdengo|spa|1
|faint|p1a: Archaludon
|faint|p1b: Pelipper
|-damage|p2b: Gholdengo|88/100|[from] item: Life Orb
|
|-weather|RainDance|[upkeep]
|-heal|p2b: Gholdengo|94/100|[from] Grassy Terrain
|-fieldend|move: Grassy Terrain
|upkeep
|
|t:|1757630215
|switch|p1a: Amoonguss|Amoonguss, L50, M|45/100
|switch|p1b: Basculegion|Basculegion, L50, M|100/100
|turn|6
|inactive|FALL3N_DWN has 30 seconds left.
|inactive|FALL3N_DWN has 20 seconds left.
|inactive|FALL3N_DWN has 15 seconds left.
|
|t:|1757630259
|move|p1b: Basculegion|Wave Crash|p2b: Gholdengo
|-damage|p2b: Gholdengo|0 fnt
|faint|p2b: Gholdengo
|-damage|p1b: Basculegion|72/100|[from] Recoil
|move|p2a: Ursaluna|Blood Moon|p1a: Amoonguss
|-damage|p1a: Amoonguss|0 fnt
|faint|p1a: Amoonguss
|
|-weather|RainDance|[upkeep]
|upkeep
|
|t:|1757630262
|switch|p2b: Rillaboom|Rillaboom, L50, F|31/100
|-fieldstart|move: Grassy Terrain|[from] ability: Grassy Surge|[of] p2b: Rillaboom
|turn|7
|
|t:|1757630268
|move|p2b: Rillaboom|Grassy Glide|p1b: Basculegion
|-supereffective|p1b: Basculegion
|-damage|p1b: Basculegion|0 fnt
|faint|p1b: Basculegion
|
|win|Mamoswinefanboi
|raw|FALL3N_DWN's rating: 1207 → 1188(-19 for losing)
|raw|Mamoswinefanboi's rating: 1298 → 1317(+19 for winning)
