|j|☆R3pulse6
|j|☆soulslayer9029
|html|R3pulse6soulslayer9029    
|uhtml|bestof|Game 2 of a best-of-3
|t:|1757815573
|gametype|doubles
|player|p1|R3pulse6|dawn|1014
|player|p2|soulslayer9029|266|1060
|gen|9
|tier|[Gen 9] VGC 2025 Reg H (Bo3)
|rated|
|rule|Species Clause: Limit one of each Pokémon
|rule|Item Clause: Limit 1 of each item
|clearpoke
|poke|p1|Rotom-Wash, L50|
|poke|p1|Garchomp, L50, F|
|poke|p1|Tyranitar, L50, M|
|poke|p1|Excadrill, L50, M|
|poke|p1|Porygon2, L50|
|poke|p1|Kingambit, L50, M|
|poke|p2|Charizard, L50, M|
|poke|p2|Murkrow, L50, M|
|poke|p2|Garchomp, L50, F|
|poke|p2|Maushold-Four, L50|
|poke|p2|Torkoal, L50, F|
|poke|p2|Farigiraf, L50, M|
|teampreview|4
|showteam|p1|Rotom-Wash||CovertCloak|Levitate|Protect,VoltSwitch,HelpingHand,WillOWisp||||||50|,,,,,Fairy]Garchomp||LifeOrb|SandVeil|Earthquake,Protect,PoisonJab,BreakingSwipe|||F|||50|,,,,,Dragon]Tyranitar||ScopeLens|SandStream|RockSlide,Protect,Crunch,DragonDance|||M|||50|,,,,,Fire]Excadrill||ChoiceBand|SandRush|Earthquake,RockSlide,ThroatChop,BrickBreak|||M|||50|,,,,,Water]Porygon2||Eviolite|Download|Electroweb,Protect,TrickRoom,Conversion2||||||50|,,,,,Flying]Kingambit||SafetyGoggles|SupremeOverlord|SuckerPunch,Protect,Snarl,LowKick|||M|||50|,,,,,Dark
|showteam|p2|Charizard||Charcoal|SolarPower|HeatWave,ScorchingSands,Protect,Overheat|||M|||50|,,,,,Fire]Murkrow||Eviolite|Prankster|Tailwind,Haze,SunnyDay,FoulPlay|||M|||50|,,,,,Ghost]Garchomp||LifeOrb|RoughSkin|StompingTantrum,DragonClaw,Earthquake,Protect|||F|||50|,,,,,Ground]Maushold-Four||WideLens|Technician|PopulationBomb,FollowMe,Uturn,Protect||||||50|,,,,,Normal]Torkoal||FlamePlate|Drought|Eruption,EarthPower,WeatherBall,HelpingHand|||F|||50|,,,,,Fire]Farigiraf||ThroatSpray|ArmorTail|TrickRoom,HyperVoice,Thunderbolt,HelpingHand|||M|||50|,,,,,Electric
|
|t:|1757815609
|teamsize|p1|4
|teamsize|p2|4
|start
|switch|p1a: Rotom|Rotom-Wash, L50|100/100
|switch|p1b: Porygon2|Porygon2, L50|100/100
|switch|p2a: Tiny Torn|Murkrow, L50, M|100/100
|switch|p2b: Char-Yu|Charizard, L50, M|100/100
|-ability|p1b: Porygon2|Download|boost
|-boost|p1b: Porygon2|atk|1
|turn|1
|
|t:|1757815636
|move|p2a: Tiny Torn|Sunny Day|p2a: Tiny Torn
|-weather|SunnyDay
|move|p2b: Char-Yu|Heat Wave|p1b: Porygon2|[spread] p1a,p1b
|-resisted|p1a: Rotom
|-damage|p1a: Rotom|55/100
|-damage|p1b: Porygon2|46/100
|move|p1a: Rotom|Volt Switch|p2b: Char-Yu
|-supereffective|p2b: Char-Yu
|-damage|p2b: Char-Yu|37/100
|
|t:|1757815645
|switch|p1a: Kingambit|Kingambit, L50, M|100/100|[from] Volt Switch
|move|p1b: Porygon2|Trick Room|p1b: Porygon2
|-fieldstart|move: Trick Room|[of] p1b: Porygon2
|
|-weather|SunnyDay|[upkeep]
|-damage|p2b: Char-Yu|25/100|[from] ability: Solar Power|[of] p2b: Char-Yu
|upkeep
|turn|2
|
|t:|1757815667
|move|p1a: Kingambit|Protect|p1a: Kingambit
|-singleturn|p1a: Kingambit|Protect
|move|p2a: Tiny Torn|Haze|p2a: Tiny Torn
|-clearallboost
|move|p1b: Porygon2|Conversion 2|p2a: Tiny Torn
|-start|p1b: Porygon2|typechange|Fire
|move|p2b: Char-Yu|Scorching Sands|p1b: Porygon2
|-supereffective|p1b: Porygon2
|-damage|p1b: Porygon2|10/100
|
|-weather|SunnyDay|[upkeep]
|-damage|p2b: Char-Yu|12/100|[from] ability: Solar Power|[of] p2b: Char-Yu
|upkeep
|turn|3
|
|t:|1757815692
|move|p1a: Kingambit|Sucker Punch|p2b: Char-Yu
|-damage|p2b: Char-Yu|0 fnt
|faint|p2b: Char-Yu
|move|p1b: Porygon2|Electroweb|p2a: Tiny Torn
|-supereffective|p2a: Tiny Torn
|-damage|p2a: Tiny Torn|75/100
|-unboost|p2a: Tiny Torn|spe|1
|move|p2a: Tiny Torn|Foul Play|p1b: Porygon2
|-damage|p1b: Porygon2|0 fnt
|faint|p1b: Porygon2
|
|-weather|SunnyDay|[upkeep]
|upkeep
|
|t:|1757815714
|switch|p1b: Tyranitar|Tyranitar, L50, M|100/100
|switch|p2b: Pyrogre|Torkoal, L50, F|100/100
|-weather|Sandstorm|[from] ability: Sand Stream|[of] p1b: Tyranitar
|turn|4
|
|t:|1757815726
|-terastallize|p1a: Kingambit|Dark
|move|p1a: Kingambit|Sucker Punch|p2b: Pyrogre
|-damage|p2b: Pyrogre|61/100
|move|p2a: Tiny Torn|Sunny Day|p2a: Tiny Torn
|-weather|SunnyDay
|move|p2b: Pyrogre|Eruption|p1b: Tyranitar|[spread] p1a,p1b
|-resisted|p1b: Tyranitar
|-damage|p1a: Kingambit|54/100
|-damage|p1b: Tyranitar|82/100
|move|p1b: Tyranitar|Dragon Dance|p1b: Tyranitar
|-boost|p1b: Tyranitar|atk|1
|-boost|p1b: Tyranitar|spe|1
|
|-weather|SunnyDay|[upkeep]
|upkeep
|turn|5
|
|t:|1757815746
|move|p1a: Kingambit|Sucker Punch|p2b: Pyrogre
|-damage|p2b: Pyrogre|16/100
|move|p2a: Tiny Torn|Haze|p2a: Tiny Torn
|-clearallboost
|move|p2b: Pyrogre|Earth Power|p1a: Kingambit
|-damage|p1a: Kingambit|32/100
|move|p1b: Tyranitar|Dragon Dance|p1b: Tyranitar
|-boost|p1b: Tyranitar|atk|1
|-boost|p1b: Tyranitar|spe|1
|
|-weather|SunnyDay|[upkeep]
|-fieldend|move: Trick Room
|upkeep
|turn|6
|
|t:|1757815770
|move|p1b: Tyranitar|Protect|p1b: Tyranitar
|-singleturn|p1b: Tyranitar|Protect
|move|p1a: Kingambit|Sucker Punch|p2b: Pyrogre
|-damage|p2b: Pyrogre|0 fnt
|faint|p2b: Pyrogre
|move|p2a: Tiny Torn|Foul Play|p1a: Kingambit
|-resisted|p1a: Kingambit
|-damage|p1a: Kingambit|6/100
|
|-weather|SunnyDay|[upkeep]
|upkeep
|
|t:|1757815779
|switch|p2b: Maus Barrage|Maushold-Four, L50|100/100
|turn|7
|
|t:|1757815792
|move|p1a: Kingambit|Sucker Punch|p2b: Maus Barrage
|-damage|p2b: Maus Barrage|17/100
|move|p2b: Maus Barrage|Population Bomb|p1b: Tyranitar
|-resisted|p1b: Tyranitar
|-damage|p1b: Tyranitar|77/100
|-resisted|p1b: Tyranitar
|-damage|p1b: Tyranitar|73/100
|-resisted|p1b: Tyranitar
|-damage|p1b: Tyranitar|69/100
|-resisted|p1b: Tyranitar
|-damage|p1b: Tyranitar|65/100
|-resisted|p1b: Tyranitar
|-damage|p1b: Tyranitar|61/100
|-resisted|p1b: Tyranitar
|-damage|p1b: Tyranitar|56/100
|-resisted|p1b: Tyranitar
|-damage|p1b: Tyranitar|52/100
|-resisted|p1b: Tyranitar
|-damage|p1b: Tyranitar|48/100
|-resisted|p1b: Tyranitar
|-damage|p1b: Tyranitar|43/100
|-resisted|p1b: Tyranitar
|-crit|p1b: Tyranitar
|-damage|p1b: Tyranitar|36/100
|-hitcount|p1b: Tyranitar|10
|move|p1b: Tyranitar|Rock Slide|p2b: Maus Barrage|[spread] p2a,p2b
|-supereffective|p2a: Tiny Torn
|-damage|p2a: Tiny Torn|0 fnt
|-damage|p2b: Maus Barrage|0 fnt
|faint|p2a: Tiny Torn
|faint|p2b: Maus Barrage
|
|win|R3pulse6
||R3pulse6 is ready for game 3.
|inactive|soulslayer9029 has 30 seconds to confirm battle start!
|inactive|soulslayer9029 has 20 seconds to confirm battle start!
||soulslayer9029 is ready for game 3.
|uhtml|next|Next: Game 3 of 3
|l|☆soulslayer9029
|player|p2|
