|j|☆Gurrasnurra5
|j|☆FireFerret12
|html|Gurrasnurra5FireFerret12    
|uhtml|bestof|Game 2 of a best-of-3
|t:|1757765900
|gametype|doubles
|player|p1|Gurrasnurra5|wattson|1276
|player|p2|FireFerret12|nate|1288
|gen|9
|tier|[Gen 9] VGC 2025 Reg H (Bo3)
|rated|
|rule|Species Clause: Limit one of each Pokémon
|rule|Item Clause: Limit 1 of each item
|clearpoke
|poke|p1|Indeedee, L50, M|
|poke|p1|Sneasler, L50, F|
|poke|p1|Dondozo, L50, F|
|poke|p1|Tatsugiri, L50, F|
|poke|p1|Dragapult, L50, F|
|poke|p1|Ninetales-Alola, L50, F|
|poke|p2|Incineroar, L50, M|
|poke|p2|Gholdengo, L50|
|poke|p2|Rillaboom, L50, M|
|poke|p2|Farigiraf, L50, F|
|poke|p2|Dragonite, L50, M|
|poke|p2|Primarina, L50, M|
|teampreview|4
|showteam|p1|Indeedee||ChoiceScarf|PsychicSurge|ExpandingForce,TeraBlast,Trick,Protect|||M|||50|,,,,,Psychic]Sneasler||PsychicSeed|Unburden|DireClaw,CloseCombat,ThroatChop,Protect|||F|||50|,,,,,Dark]Dondozo||Leftovers|Unaware|WaveCrash,Earthquake,HeavySlam,Protect|||F|||50|,,,,,Steel]Tatsugiri||SitrusBerry|Commander|MuddyWater,DracoMeteor,Taunt,Protect|||F|||50|,,,,,Steel]Dragapult||ChoiceBand|ClearBody|DragonDarts,Outrage,Uturn,PhantomForce|||F|||50|,,,,,Dragon]Ninetales-Alola||FocusSash|SnowWarning|Blizzard,AuroraVeil,Protect,Encore|||F|||50|,,,,,Ghost
|showteam|p2|Incineroar||AssaultVest|Intimidate|FakeOut,FlareBlitz,KnockOff,Uturn|||M|||50|,,,,,Grass]Gholdengo||GrassySeed|GoodasGold|MakeItRain,ShadowBall,NastyPlot,Protect||||||50|,,,,,Water]Rillaboom||MiracleSeed|GrassySurge|FakeOut,GrassyGlide,WoodHammer,Uturn|||M|||50|,,,,,Fire]Farigiraf||ThroatSpray|ArmorTail|Psychic,HyperVoice,TrickRoom,Protect|||F|||50|,,,,,Water]Dragonite||LoadedDice|Multiscale|ExtremeSpeed,ScaleShot,Haze,Protect|||M|||50|,,,,,Steel]Primarina||ChoiceSpecs|LiquidVoice|Moonblast,HyperVoice,DazzlingGleam,IcyWind|||M|||50|,,,,,Poison
|
|t:|1757765910
|teamsize|p1|4
|teamsize|p2|4
|start
|switch|p1a: Dragapult|Dragapult, L50, F|100/100
|switch|p1b: Ninetales|Ninetales-Alola, L50, F|100/100
|switch|p2a: Farigiraf|Farigiraf, L50, F|100/100
|switch|p2b: Gholdengo|Gholdengo, L50|100/100
|-weather|Snowscape|[from] ability: Snow Warning|[of] p1b: Ninetales
|turn|1
|
|t:|1757765940
|move|p1a: Dragapult|Phantom Force||[still]
|-prepare|p1a: Dragapult|Phantom Force
|move|p1b: Ninetales|Aurora Veil|p1b: Ninetales
|-sidestart|p1: Gurrasnurra5|move: Aurora Veil
|move|p2b: Gholdengo|Nasty Plot|p2b: Gholdengo
|-boost|p2b: Gholdengo|spa|2
|move|p2a: Farigiraf|Trick Room|p2a: Farigiraf
|-fieldstart|move: Trick Room|[of] p2a: Farigiraf
|
|-weather|Snowscape|[upkeep]
|upkeep
|turn|2
|
|t:|1757765954
|switch|p2a: Rillaboom|Rillaboom, L50, M|100/100
|-fieldstart|move: Grassy Terrain|[from] ability: Grassy Surge|[of] p2a: Rillaboom
|-enditem|p2b: Gholdengo|Grassy Seed
|-boost|p2b: Gholdengo|def|1|[from] item: Grassy Seed
|-terastallize|p2b: Gholdengo|Water
|move|p2b: Gholdengo|Make It Rain|p1a: Dragapult|[spread] p1b
|-miss|p2b: Gholdengo|p1a: Dragapult
|-supereffective|p1b: Ninetales
|-enditem|p1b: Ninetales|Focus Sash
|-damage|p1b: Ninetales|1/100
|-unboost|p2b: Gholdengo|spa|1
|move|p1b: Ninetales|Blizzard|p2a: Rillaboom|[spread] p2a,p2b
|-supereffective|p2a: Rillaboom
|-resisted|p2b: Gholdengo
|-damage|p2a: Rillaboom|39/100
|-damage|p2b: Gholdengo|83/100
|move|p1a: Dragapult|Phantom Force|p2b: Gholdengo|[from] lockedmove
|-damage|p2b: Gholdengo|35/100
|
|-weather|Snowscape|[upkeep]
|-heal|p2a: Rillaboom|44/100|[from] Grassy Terrain
|-heal|p2b: Gholdengo|41/100|[from] Grassy Terrain
|-heal|p1b: Ninetales|7/100|[from] Grassy Terrain
|upkeep
|turn|3
|
|t:|1757765982
|switch|p1b: Dondozo|Dondozo, L50, F|100/100
|move|p2a: Rillaboom|Wood Hammer|p1b: Dondozo
|-supereffective|p1b: Dondozo
|-damage|p1b: Dondozo|27/100
|-damage|p2a: Rillaboom|16/100|[from] Recoil
|move|p2b: Gholdengo|Shadow Ball|p1a: Dragapult
|-supereffective|p1a: Dragapult
|-damage|p1a: Dragapult|2/100
|move|p1a: Dragapult|Phantom Force||[still]
|-prepare|p1a: Dragapult|Phantom Force
|
|-weather|Snowscape|[upkeep]
|-heal|p1b: Dondozo|34/100|[from] Grassy Terrain
|-heal|p1b: Dondozo|40/100|[from] item: Leftovers
|-heal|p2a: Rillaboom|22/100|[from] Grassy Terrain
|-heal|p2b: Gholdengo|48/100|[from] Grassy Terrain
|upkeep
|turn|4
|
|t:|1757766018
|-terastallize|p1b: Dondozo|Steel
|move|p1b: Dondozo|Heavy Slam|p2a: Rillaboom
|-damage|p2a: Rillaboom|0 fnt
|faint|p2a: Rillaboom
|move|p2b: Gholdengo|Shadow Ball|p1b: Dondozo
|-damage|p1b: Dondozo|11/100
|move|p1a: Dragapult|Phantom Force|p2b: Gholdengo|[from] lockedmove
|-damage|p2b: Gholdengo|0 fnt
|faint|p2b: Gholdengo
|
|-weather|Snowscape|[upkeep]
|-heal|p1b: Dondozo|17/100|[from] Grassy Terrain
|-heal|p1b: Dondozo|24/100|[from] item: Leftovers
|-heal|p1a: Dragapult|8/100|[from] Grassy Terrain
|upkeep
|
|t:|1757766022
|switch|p2a: Farigiraf|Farigiraf, L50, F|100/100
|switch|p2b: Dragonite|Dragonite, L50, M|100/100
|turn|5
|
|t:|1757766037
|switch|p1a: Ninetales|Ninetales-Alola, L50, F|7/100
|move|p1b: Dondozo|Protect|p1b: Dondozo
|-singleturn|p1b: Dondozo|Protect
|move|p2a: Farigiraf|Hyper Voice|p1b: Dondozo|[spread] p1a
|-activate|p1b: Dondozo|move: Protect
|-damage|p1a: Ninetales|0 fnt
|faint|p1a: Ninetales
|-enditem|p2a: Farigiraf|Throat Spray
|-boost|p2a: Farigiraf|spa|1|[from] item: Throat Spray
|move|p2b: Dragonite|Scale Shot|p1b: Dondozo
|-activate|p1b: Dondozo|move: Protect
|
|-weather|none
|-heal|p1b: Dondozo|30/100|[from] Grassy Terrain
|-heal|p1b: Dondozo|36/100|[from] item: Leftovers
|-sideend|p1: Gurrasnurra5|move: Aurora Veil
|-fieldend|move: Trick Room
|upkeep
|
|t:|1757766039
|switch|p1a: Tatsugiri|Tatsugiri, L50, F|100/100
|-activate|p1a: Tatsugiri|ability: Commander|[of] p1b: Dondozo
|-boost|p1b: Dondozo|atk|2
|-boost|p1b: Dondozo|spa|2
|-boost|p1b: Dondozo|spe|2
|-boost|p1b: Dondozo|def|2
|-boost|p1b: Dondozo|spd|2
|turn|6
|
|t:|1757766058
|move|p1b: Dondozo|Wave Crash|p2a: Farigiraf
|-damage|p2a: Farigiraf|15/100
|-damage|p1b: Dondozo|10/100|[from] Recoil
|move|p2b: Dragonite|Haze|p2b: Dragonite
|-clearallboost
|move|p2a: Farigiraf|Psychic|p1b: Dondozo
|-resisted|p1b: Dondozo
|-damage|p1b: Dondozo|0 fnt
|faint|p1b: Dondozo
|
|-heal|p2a: Farigiraf|21/100|[from] Grassy Terrain
|-fieldend|move: Grassy Terrain
|upkeep
|
|t:|1757766061
|switch|p1b: Dragapult|Dragapult, L50, F|8/100
|turn|7
|
|t:|1757766085
|move|p1b: Dragapult|Dragon Darts|p2a: Farigiraf
|-damage|p2a: Farigiraf|0 fnt
|-anim|p1b: Dragapult|Dragon Darts|p2b: Dragonite
|-supereffective|p2b: Dragonite
|-damage|p2b: Dragonite|50/100
|faint|p2a: Farigiraf
|move|p1a: Tatsugiri|Draco Meteor|p2b: Dragonite
|-supereffective|p2b: Dragonite
|-damage|p2b: Dragonite|0 fnt
|-unboost|p1a: Tatsugiri|spa|2
|faint|p2b: Dragonite
|
|win|Gurrasnurra5
||FireFerret12 is ready for game 3.
|l|☆FireFerret12
|player|p2|
||Gurrasnurra5 is ready for game 3.
|uhtml|next|Next: Game 3 of 3
|l|☆Gurrasnurra5
|player|p1|
