|j|☆Luxerna
|j|☆jeanryupr
|html|Luxernajeanryupr    
|uhtml|bestof|Game 2 of a best-of-3
|t:|1786153623
|gametype|doubles
|player|p1|Luxerna|waitress-gen4|1372
|player|p2|jeanryupr|1|1292
|gen|9
|tier|[Gen 9 Champions] VGC 2026 Reg M-B (Bo3)
|rated|
|rule|Species Clause: Limit one of each Pokémon
|rule|Item Clause: Limit 1 of each item
|clearpoke
|poke|p1|Tyranitar, L50, F|
|poke|p1|Staraptor, L50, F|
|poke|p1|Excadrill, L50, M|
|poke|p1|Gholdengo, L50|
|poke|p1|Milotic, L50, F|
|poke|p1|Sinistcha, L50|
|poke|p2|Staraptor, L50, M|
|poke|p2|Glimmora, L50, F|
|poke|p2|Whimsicott, L50, F|
|poke|p2|Kingambit, L50, M|
|poke|p2|Garchomp, L50, M|
|poke|p2|Delphox, L50, M|
|teampreview|4
|showteam|p1|Tyranitar||Tyranitarite|SandStream|RockSlide,KnockOff,HighHorsepower,Protect|Jolly||F|||50|]Staraptor||Staraptite|Intimidate|BraveBird,CloseCombat,Tailwind,Protect|Jolly||F|||50|]Excadrill||FocusSash|SandRush|HighHorsepower,IronHead,RockSlide,Protect|Adamant||M|||50|]Gholdengo||LifeOrb|GoodasGold|MakeItRain,ShadowBall,NastyPlot,Protect|Modest|||||50|]Milotic||SitrusBerry|Competitive|Protect,IceBeam,Scald,IcyWind|Modest||F|||50|]Sinistcha||ColburBerry|Hospitality|MatchaGotcha,RagePowder,ShadowBall,Protect|Bold|||||50|
|showteam|p2|Staraptor||Staraptite|Intimidate|CloseCombat,BraveBird,Roost,Protect|Jolly||M|||50|]Glimmora||FocusSash|ToxicDebris|PowerGem,SludgeBomb,EarthPower,SpikyShield|Modest||F|||50|]Whimsicott||OccaBerry|Prankster|Tailwind,Moonblast,Charm,LightScreen|Timid||F|||50|]Kingambit||ChopleBerry|Defiant|KowtowCleave,IronHead,LowKick,SuckerPunch|Adamant||M|||50|]Garchomp||ChoiceScarf|RoughSkin|Earthquake,DragonClaw,RockSlide,StompingTantrum|Adamant||M|||50|]Delphox||Delphoxite|Blaze|HeatWave,Psychic,Encore,Protect|Timid||M|||50|
|
|t:|1786153651
|teamsize|p1|4
|teamsize|p2|4
|start
|switch|p1a: Bugaboo|Milotic, L50, F|100/100
|switch|p1b: Tia Lu|Sinistcha, L50|100/100
|switch|p2a: Delphox|Delphox, L50, M|100/100
|switch|p2b: Garchomp|Garchomp, L50, M|100/100
|turn|1
|
|t:|1786153701
|detailschange|p2a: Delphox|Delphox-Mega, L50, M
|-mega|p2a: Delphox|Delphox|Delphoxite
|move|p1b: Tia Lu|Protect|p1b: Tia Lu
|-singleturn|p1b: Tia Lu|Protect
|move|p2b: Garchomp|Earthquake|p1b: Tia Lu|[spread] p1a
|-activate|p1b: Tia Lu|move: Protect
|-immune|p2a: Delphox|[from] ability: Levitate
|-damage|p1a: Bugaboo|62/100
|move|p2a: Delphox|Heat Wave|p1a: Bugaboo|[spread] p1a
|-activate|p1b: Tia Lu|move: Protect
|-resisted|p1a: Bugaboo|1
|-damage|p1a: Bugaboo|48/100
|-enditem|p1a: Bugaboo|Sitrus Berry|[eat]
|-heal|p1a: Bugaboo|73/100|[from] item: Sitrus Berry
|move|p1a: Bugaboo|Ice Beam|p2b: Garchomp
|-supereffective|p2b: Garchomp|2
|-damage|p2b: Garchomp|6/100
|
|upkeep
|turn|2
|
|t:|1786153720
|move|p2b: Garchomp|Earthquake|p1b: Tia Lu|[spread] p1a,p1b
|-immune|p2a: Delphox|[from] ability: Levitate
|-resisted|p1b: Tia Lu|1
|-damage|p1a: Bugaboo|39/100
|-damage|p1b: Tia Lu|82/100
|move|p2a: Delphox|Psychic|p1a: Bugaboo
|-damage|p1a: Bugaboo|0 fnt
|faint|p1a: Bugaboo
|move|p1b: Tia Lu|Shadow Ball|p2a: Delphox
|-supereffective|p2a: Delphox|1
|-damage|p2a: Delphox|35/100
|
|upkeep
|
|t:|1786153734
|switch|p1a: Norris|Excadrill, L50, M|100/100
|turn|3
|
|t:|1786153744
|switch|p1b: FloppaVs|Tyranitar, L50, F|100/100
|-weather|Sandstorm|[from] ability: Sand Stream|[of] p1b: FloppaVs
|move|p2a: Delphox|Protect|p2a: Delphox
|-singleturn|p2a: Delphox|Protect
|move|p1a: Norris|Rock Slide|p2a: Delphox|[spread] p2b
|-activate|p2a: Delphox|move: Protect
|-resisted|p2b: Garchomp|1
|-damage|p2b: Garchomp|0 fnt
|faint|p2b: Garchomp
|
|-weather|Sandstorm|[upkeep]
|-damage|p2a: Delphox|29/100|[from] Sandstorm
|upkeep
|
|t:|1786153753
|switch|p2b: Whimsicott|Whimsicott, L50, F|100/100
|turn|4
|
|t:|1786153761
|detailschange|p1b: FloppaVs|Tyranitar-Mega, L50, F
|-mega|p1b: FloppaVs|Tyranitar|Tyranitarite
|move|p1a: Norris|Protect|p1a: Norris
|-singleturn|p1a: Norris|Protect
|move|p2b: Whimsicott|Tailwind|p2b: Whimsicott
|-sidestart|p2: jeanryupr|move: Tailwind
|move|p2a: Delphox|Heat Wave|p1a: Norris|[spread] p1b
|-activate|p1a: Norris|move: Protect
|-resisted|p1b: FloppaVs|1
|-damage|p1b: FloppaVs|88/100
|-status|p1b: FloppaVs|brn
|move|p1b: FloppaVs|Rock Slide|p2a: Delphox|[spread] p2a,p2b
|-supereffective|p2a: Delphox|1
|-damage|p2a: Delphox|0 fnt
|-damage|p2b: Whimsicott|85/100
|faint|p2a: Delphox
|
|-weather|Sandstorm|[upkeep]
|-damage|p2b: Whimsicott|79/100|[from] Sandstorm
|-damage|p1b: FloppaVs|83/100 brn|[from] brn
|upkeep
|
|t:|1786153770
|switch|p2a: Glimmora|Glimmora, L50, F|100/100
|turn|5
|
|t:|1786153790
|move|p2b: Whimsicott|Charm|p1a: Norris
|-unboost|p1a: Norris|atk|2
|move|p1a: Norris|High Horsepower|p2a: Glimmora
|-supereffective|p2a: Glimmora|2
|-enditem|p2a: Glimmora|Focus Sash
|-damage|p2a: Glimmora|1/100
|-activate|p2a: Glimmora|ability: Toxic Debris
|-sidestart|p1: Luxerna|move: Toxic Spikes
|move|p2a: Glimmora|Earth Power|p1a: Norris
|-supereffective|p1a: Norris|1
|-damage|p1a: Norris|14/100
|move|p1b: FloppaVs|Rock Slide|p2b: Whimsicott|[spread] p2a,p2b
|-damage|p2a: Glimmora|0 fnt
|-damage|p2b: Whimsicott|64/100
|-activate|p2a: Glimmora|ability: Toxic Debris
|-sidestart|p1: Luxerna|move: Toxic Spikes
|faint|p2a: Glimmora
|
|-weather|Sandstorm|[upkeep]
|-damage|p2b: Whimsicott|58/100|[from] Sandstorm
|-damage|p1b: FloppaVs|77/100 brn|[from] brn
|upkeep
|turn|6
|
|t:|1786153808
|switch|p1b: Tia Lu|Sinistcha, L50|82/100
|-status|p1b: Tia Lu|tox
|-heal|p1a: Norris|39/100|[from] ability: Hospitality|[of] p1b: Tia Lu
|move|p2b: Whimsicott|Moonblast|p1a: Norris
|-resisted|p1a: Norris|1
|-damage|p1a: Norris|22/100
|move|p1a: Norris|Iron Head|p2b: Whimsicott
|-supereffective|p2b: Whimsicott|1
|-damage|p2b: Whimsicott|14/100
|
|-weather|Sandstorm|[upkeep]
|-damage|p2b: Whimsicott|7/100|[from] Sandstorm
|-damage|p1b: Tia Lu|77/100 tox|[from] Sandstorm
|-damage|p1b: Tia Lu|71/100 tox|[from] psn
|upkeep
|turn|7
|c|☆Luxerna|gg
|
|t:|1786153821
|move|p2b: Whimsicott|Moonblast|p1a: Norris
|-resisted|p1a: Norris|1
|-damage|p1a: Norris|3/100
|move|p1a: Norris|Iron Head|p2b: Whimsicott
|-supereffective|p2b: Whimsicott|1
|-damage|p2b: Whimsicott|0 fnt
|faint|p2b: Whimsicott
|
|win|Luxerna
