|j|☆Heitorcosmos
|j|☆eklyst
|html|Heitorcosmoseklyst    
|uhtml|bestof|Game 3 of a best-of-3
|t:|1785923414
|gametype|doubles
|player|p1|Heitorcosmos|169|1088
|player|p2|eklyst|pokemaniac|1140
|gen|9
|tier|[Gen 9 Champions] VGC 2026 Reg M-B (Bo3)
|rated|
|rule|Species Clause: Limit one of each Pokémon
|rule|Item Clause: Limit 1 of each item
|clearpoke
|poke|p1|Froslass, L50, F|
|poke|p1|Farigiraf, L50, M|
|poke|p1|Glaceon, L50, F|
|poke|p1|Sneasler, L50, F|
|poke|p1|Incineroar, L50, M|
|poke|p1|Glimmora, L50, F|
|poke|p2|Metagross, L50|
|poke|p2|Garchomp, L50, M|
|poke|p2|Tyranitar, L50, F|
|poke|p2|Sinistcha, L50|
|poke|p2|Milotic, L50, F|
|poke|p2|Sneasler, L50, F, shiny|
|teampreview|4
|showteam|p1|Froslass||Froslassite|SnowCloak|Protect,Thunderbolt,Blizzard,AuroraVeil|Modest||F|||50|]Farigiraf|||ArmorTail|HyperVoice,AllySwitch,TrickRoom,HelpingHand|Calm||M|||50|]Glaceon||FocusSash|SnowCloak|Blizzard,Snowscape,AlluringVoice,Yawn|Jolly||F|||50|]Sneasler||WhiteHerb|Pressure|CloseCombat,DireClaw,FakeOut,Protect|Jolly||F|||50|]Incineroar||SitrusBerry|Intimidate|FakeOut,PartingShot,FlareBlitz,Taunt|Adamant||M|||50|]Glimmora||Glimmoranite|ToxicDebris|EarthPower,SpikyShield,GunkShot,MeteorBeam|Jolly||F|||50|
|showteam|p2|Metagross||Metagrossite|ClearBody|IronHead,PsychicFangs,StompingTantrum,Protect|Jolly|||||50|]Garchomp||Garchompite|SandVeil|EarthPower,DracoMeteor,PowerGem,Protect|Modest||M|||50|]Tyranitar||ChoiceScarf|SandStream|RockSlide,KnockOff,LowKick,IcePunch|Jolly||F|||50|]Sinistcha||ColburBerry|Hospitality|MatchaGotcha,RagePowder,TrickRoom,Protect|Relaxed|||||50|]Milotic||SitrusBerry|Competitive|IcyWind,Haze,Scald,Protect|Bold||F|||50|]Sneasler||WhiteHerb|Unburden|CloseCombat,FakeOut,GunkShot,Protect|Jolly||F|||50|
|inactive|Battle timer is ON: inactive players will automatically lose when time's up. (requested by eklyst)
|
|t:|1785923439
|teamsize|p1|4
|teamsize|p2|4
|start
|switch|p1a: Froslass|Froslass, L50, F|100/100
|switch|p1b: Farigiraf|Farigiraf, L50, M|100/100
|switch|p2a: Tyranitar|Tyranitar, L50, F|100/100
|switch|p2b: Milotic|Milotic, L50, F|100/100
|-weather|Sandstorm|[from] ability: Sand Stream|[of] p2a: Tyranitar
|turn|1
|
|t:|1785923457
|detailschange|p1a: Froslass|Froslass-Mega, L50, F
|-mega|p1a: Froslass|Froslass|Froslassite
|-weather|Snowscape|[from] ability: Snow Warning|[of] p1a: Froslass
|move|p2a: Tyranitar|Knock Off|p1b: Farigiraf
|-supereffective|p1b: Farigiraf|1
|-damage|p1b: Farigiraf|30/100
|move|p1a: Froslass|Aurora Veil|p1a: Froslass
|-sidestart|p1: Heitorcosmos|move: Aurora Veil
|move|p2b: Milotic|Icy Wind|p1a: Froslass|[spread] p1a
|-miss|p2b: Milotic|p1b: Farigiraf
|-resisted|p1a: Froslass|1
|-damage|p1a: Froslass|96/100
|-unboost|p1a: Froslass|spe|1
|move|p1b: Farigiraf|Hyper Voice|p2a: Tyranitar|[spread] p2a,p2b
|-resisted|p2a: Tyranitar|1
|-damage|p2a: Tyranitar|85/100
|-damage|p2b: Milotic|78/100
|
|-weather|Snowscape|[upkeep]
|upkeep
|turn|2
|inactive|Heitorcosmos has 30 seconds left.
|inactive|Heitorcosmos has 20 seconds left.
|inactive|eklyst has 30 seconds left.
|inactive|Heitorcosmos has 15 seconds left.
|
|t:|1785923498
|switch|p2a: Metagross|Metagross, L50|100/100
|move|p1a: Froslass|Thunderbolt|p2b: Milotic
|-supereffective|p2b: Milotic|1
|-damage|p2b: Milotic|29/100
|-enditem|p2b: Milotic|Sitrus Berry|[eat]
|-heal|p2b: Milotic|53/100|[from] item: Sitrus Berry
|move|p2b: Milotic|Scald|p1b: Farigiraf
|-damage|p1b: Farigiraf|11/100
|move|p1b: Farigiraf|Trick Room|p1b: Farigiraf
|-fieldstart|move: Trick Room|[of] p1b: Farigiraf
|
|-weather|Snowscape|[upkeep]
|upkeep
|turn|3
|inactive|Heitorcosmos has 30 seconds left.
|inactive|Heitorcosmos has 20 seconds left.
|inactive|Heitorcosmos has 15 seconds left.
|inactive|Heitorcosmos has 10 seconds left.
|inactive|eklyst has 30 seconds left.
|inactive|Heitorcosmos has 5 seconds left.
|
|t:|1785923551
|move|p1b: Farigiraf|Helping Hand|p1a: Froslass
|-singleturn|p1a: Froslass|Helping Hand|[of] p1b: Farigiraf
|move|p2b: Milotic|Haze|p2b: Milotic
|-clearallboost
|move|p2a: Metagross|Iron Head|p1a: Froslass
|-supereffective|p1a: Froslass|1
|-damage|p1a: Froslass|28/100
|move|p1a: Froslass|Blizzard|p2a: Metagross|[spread] p2a,p2b
|-resisted|p2a: Metagross|1
|-resisted|p2b: Milotic|1
|-damage|p2a: Metagross|54/100
|-damage|p2b: Milotic|26/100
|
|-weather|Snowscape|[upkeep]
|upkeep
|turn|4
|
|t:|1785923569
|move|p1a: Froslass|Protect|p1a: Froslass
|-singleturn|p1a: Froslass|Protect
|move|p2b: Milotic|Scald|p1b: Farigiraf
|-damage|p1b: Farigiraf|0 fnt
|faint|p1b: Farigiraf
|move|p2a: Metagross|Iron Head|p1a: Froslass
|-activate|p1a: Froslass|move: Protect
|
|-weather|Snowscape|[upkeep]
|upkeep
|
|t:|1785923578
|switch|p1b: Sneasler|Sneasler, L50, F|100/100
|-ability|p1b: Sneasler|Pressure
|turn|5
|
|t:|1785923587
|move|p1b: Sneasler|Fake Out|p2a: Metagross
|-resisted|p2a: Metagross|1
|-damage|p2a: Metagross|48/100
|move|p2b: Milotic|Scald|p1a: Froslass
|-crit|p1a: Froslass
|-damage|p1a: Froslass|0 fnt
|faint|p1a: Froslass
|cant|p2a: Metagross|flinch
|
|-weather|none
|-sideend|p1: Heitorcosmos|move: Aurora Veil
|upkeep
|
|t:|1785923595
|switch|p1a: Glaceon|Glaceon, L50, F|100/100
|turn|6
|
|t:|1785923613
|switch|p2b: Pickle|Sneasler, L50, F, shiny|100/100
|detailschange|p2a: Metagross|Metagross-Mega, L50
|-mega|p2a: Metagross|Metagross|Metagrossite
|move|p1a: Glaceon|Snowscape|p1a: Glaceon
|-weather|Snowscape
|move|p2a: Metagross|Psychic Fangs|p1b: Sneasler
|-supereffective|p1b: Sneasler|2
|-damage|p1b: Sneasler|0 fnt
|faint|p1b: Sneasler
|
|-weather|Snowscape|[upkeep]
|-fieldend|move: Trick Room
|upkeep
|turn|7
|
|t:|1785923627
|move|p2b: Pickle|Close Combat|p1a: Glaceon|[miss]
|-miss|p2b: Pickle|p1a: Glaceon
|move|p2a: Metagross|Iron Head|p1a: Glaceon
|-supereffective|p1a: Glaceon|1
|-enditem|p1a: Glaceon|Focus Sash
|-damage|p1a: Glaceon|1/100
|move|p1a: Glaceon|Yawn|p2b: Pickle
|-start|p2b: Pickle|move: Yawn|[of] p1a: Glaceon
|
|-weather|Snowscape|[upkeep]
|upkeep
|turn|8
|l|☆eklyst
|inactive|eklyst disconnected and has a minute to reconnect!
|player|p2|
|inactive|eklyst has 30 seconds left.
|inactive|eklyst has 20 seconds left.
|inactive|eklyst has 15 seconds left.
|j|☆eklyst
|inactive|eklyst reconnected and has 15 seconds left.
|player|p2|eklyst|pokemaniac|
|inactive|eklyst has 10 seconds left.
|inactive|eklyst has 5 seconds left.
|
|t:|1785923682
|move|p2b: Pickle|Close Combat|p1a: Glaceon
|-supereffective|p1a: Glaceon|1
|-damage|p1a: Glaceon|0 fnt
|-unboost|p2b: Pickle|def|1
|-unboost|p2b: Pickle|spd|1
|faint|p1a: Glaceon
|
|win|eklyst
|raw|Heitorcosmos's rating: 1088 → 1068(-20 for losing)
|raw|eklyst's rating: 1140 → 1161(+21 for winning)
|l|☆Heitorcosmos
|player|p1|
|l|☆eklyst
|player|p2|
|j|☆eklyst
|player|p2|eklyst|pokemaniac|
|l|☆eklyst
|player|p2|
|j|☆eklyst
|player|p2|eklyst|pokemaniac|
