|j|☆lukoog
|j|☆ClumbsyLilBeach
|html|lukoogClumbsyLilBeach    
|uhtml|bestof|Game 1 of a best-of-3
|t:|1785644803
|gametype|doubles
|player|p1|lukoog|102|1144
|player|p2|ClumbsyLilBeach|jasmine|1184
|gen|9
|tier|[Gen 9 Champions] VGC 2026 Reg M-B (Bo3)
|rated|
|rule|Species Clause: Limit one of each Pokémon
|rule|Item Clause: Limit 1 of each item
|clearpoke
|poke|p1|Raichu, L50, F|
|poke|p1|Gholdengo, L50|
|poke|p1|Garchomp, L50, F|
|poke|p1|Delphox, L50, M|
|poke|p1|Basculegion, L50, M|
|poke|p1|Whimsicott, L50, F|
|poke|p2|Swampert, L50, F|
|poke|p2|Pelipper, L50, M|
|poke|p2|Basculegion, L50, M|
|poke|p2|Slowbro, L50, F|
|poke|p2|Blastoise, L50, M|
|poke|p2|Milotic, L50, M|
|teampreview|4
|showteam|p1|Raichu||RaichuniteY|LightningRod|ZapCannon,FocusBlast,FakeOut,Protect|Timid||F|||50|]Gholdengo||LifeOrb|GoodasGold|MakeItRain,ShadowBall,NastyPlot,Protect|Timid|||||50|]Garchomp||SoftSand|RoughSkin|Earthquake,StompingTantrum,RockSlide,Protect|Adamant||F|||50|]Delphox||Delphoxite|Blaze|Protect,HeatWave,Psychic,GrassKnot|Timid||M|||50|]Basculegion||MysticWater|Adaptability|FlipTurn,WaveCrash,LastRespects,Protect|Careful||M|||50|]Whimsicott||FocusSash|Prankster|Tailwind,TrickRoom,Moonblast,Taunt|Relaxed||F|||50|
|showteam|p2|Swampert||Swampertite|Damp|Earthquake,Waterfall,BulkUp,Protect|Jolly||F|||50|]Pelipper||FocusSash|Drizzle|WideGuard,Tailwind,Hurricane,WeatherBall|Timid||M|||50|]Basculegion||ChoiceScarf|Adaptability|LastRespects,WaveCrash,FlipTurn,AquaJet|Jolly||M|||50|]Slowbro||Leftovers|Oblivious|TrickRoom,HealPulse,RainDance,Psychic|Relaxed||F|||50|]Blastoise||Blastoisinite|RainDish|FakeOut,Protect,WaterSpout,WaterPulse|Quiet||M|||50|]Milotic||SitrusBerry|Competitive|Protect,Scald,IceBeam,IcyWind|Modest||M|||50|
|inactive|Battle timer is ON: inactive players will automatically lose when time's up. (requested by ClumbsyLilBeach)
|c|☆lukoog|mono water
|inactive|lukoog has 60 seconds left.
|inactive|ClumbsyLilBeach has 60 seconds left.
|
|t:|1785644842
|teamsize|p1|4
|teamsize|p2|4
|start
|switch|p1a: Raichu|Raichu, L50, F|100/100
|switch|p1b: Whimsicott|Whimsicott, L50, F|100/100
|switch|p2a: Butch|Basculegion, L50, M|100/100
|switch|p2b: Molasses|Slowbro, L50, F|100/100
|turn|1
|
|t:|1785644859
|detailschange|p1a: Raichu|Raichu-Mega-Y, L50, F
|-mega|p1a: Raichu|Raichu|Raichunite Y
|move|p1b: Whimsicott|Taunt|p2b: Molasses
|-immune|p2b: Molasses|[from] ability: Oblivious
|move|p2a: Butch|Wave Crash|p1a: Raichu
|-damage|p1a: Raichu|0 fnt
|faint|p1a: Raichu
|-damage|p2a: Butch|79/100|[from] Recoil
|move|p2b: Molasses|Trick Room|p2b: Molasses
|-fieldstart|move: Trick Room|[of] p2b: Molasses
|
|upkeep
|
|t:|1785644879
|switch|p1a: Garchomp|Garchomp, L50, F|100/100
|turn|2
|
|t:|1785644893
|switch|p2b: Milotic|Milotic, L50, M|100/100
|move|p1a: Garchomp|Earthquake|p2a: Butch|[spread] p1b,p2a,p2b
|-resisted|p1b: Whimsicott|1
|-damage|p1b: Whimsicott|78/100
|-damage|p2a: Butch|16/100
|-damage|p2b: Milotic|46/100
|-enditem|p2b: Milotic|Sitrus Berry|[eat]
|-heal|p2b: Milotic|71/100|[from] item: Sitrus Berry
|move|p2a: Butch|Wave Crash|p1a: Garchomp
|-damage|p1a: Garchomp|38/100
|-damage|p2a: Butch|4/100|[from] ability: Rough Skin|[of] p1a: Garchomp
|-damage|p2a: Butch|0 fnt|[from] Recoil
|faint|p2a: Butch
|move|p1b: Whimsicott|Trick Room|p1b: Whimsicott
|-fieldend|move: Trick Room
|
|upkeep
|
|t:|1785644910
|switch|p2a: Molasses|Slowbro, L50, F|100/100
|turn|3
|
|t:|1785644923
|move|p1a: Garchomp|Earthquake|p2b: Milotic|[spread] p1b,p2a,p2b
|-resisted|p1b: Whimsicott|1
|-damage|p1b: Whimsicott|56/100
|-damage|p2a: Molasses|67/100
|-damage|p2b: Milotic|22/100
|move|p1b: Whimsicott|Moonblast|p2b: Milotic
|-damage|p2b: Milotic|3/100
|move|p2b: Milotic|Icy Wind|p1b: Whimsicott|[spread] p1a,p1b
|-supereffective|p1a: Garchomp|2
|-supereffective|p1b: Whimsicott|1
|-damage|p1a: Garchomp|0 fnt
|-damage|p1b: Whimsicott|20/100y
|-unboost|p1b: Whimsicott|spe|1
|faint|p1a: Garchomp
|move|p2a: Molasses|Heal Pulse|p2b: Milotic
|-heal|p2b: Milotic|53/100
|
|-heal|p2a: Molasses|73/100|[from] item: Leftovers
|upkeep
|
|t:|1785644931
|switch|p1a: Basculegion|Basculegion, L50, M|100/100
|turn|4
|inactive|ClumbsyLilBeach has 30 seconds left.
|
|t:|1785644964
|move|p1b: Whimsicott|Tailwind|p1b: Whimsicott
|-sidestart|p1: lukoog|move: Tailwind
|move|p1a: Basculegion|Last Respects|p2a: Molasses
|-supereffective|p2a: Molasses|1
|-damage|p2a: Molasses|0 fnt
|faint|p2a: Molasses
|move|p2b: Milotic|Scald|p1a: Basculegion
|-resisted|p1a: Basculegion|1
|-damage|p1a: Basculegion|88/100
|
|upkeep
|
|t:|1785644974
|switch|p2a: Fiona|Swampert, L50, F|100/100
|turn|5
|
|t:|1785644998
|move|p1a: Basculegion|Protect|p1a: Basculegion
|-singleturn|p1a: Basculegion|Protect
|move|p2a: Fiona|Protect|p2a: Fiona
|-singleturn|p2a: Fiona|Protect
|move|p1b: Whimsicott|Taunt|p2a: Fiona
|-activate|p2a: Fiona|move: Protect
|move|p2b: Milotic|Icy Wind|p1b: Whimsicott|[spread] p1b
|-activate|p1a: Basculegion|move: Protect
|-supereffective|p1b: Whimsicott|1
|-damage|p1b: Whimsicott|0 fnt
|faint|p1b: Whimsicott
|
|upkeep
|turn|6
|
|t:|1785645017
|detailschange|p2a: Fiona|Swampert-Mega, L50, F
|-mega|p2a: Fiona|Swampert|Swampertite
|move|p1a: Basculegion|Last Respects|p2a: Fiona
|-damage|p2a: Fiona|10/100
|move|p2a: Fiona|Bulk Up|p2a: Fiona
|-boost|p2a: Fiona|atk|1
|-boost|p2a: Fiona|def|1
|move|p2b: Milotic|Scald|p1a: Basculegion
|-resisted|p1a: Basculegion|1
|-damage|p1a: Basculegion|75/100
|-status|p1a: Basculegion|brn
|
|-damage|p1a: Basculegion|69/100 brn|[from] brn
|upkeep
|turn|7
|
|t:|1785645037
|move|p2a: Fiona|Protect|p2a: Fiona
|-singleturn|p2a: Fiona|Protect
|move|p2b: Milotic|Protect|p2b: Milotic
|-singleturn|p2b: Milotic|Protect
|move|p1a: Basculegion|Last Respects|p2a: Fiona
|-activate|p2a: Fiona|move: Protect
|
|-damage|p1a: Basculegion|63/100 brn|[from] brn
|-sideend|p1: lukoog|move: Tailwind
|upkeep
|turn|8
|
|t:|1785645056
|move|p2a: Fiona|Earthquake|p1a: Basculegion|[spread] p2b,p1a
|-damage|p2b: Milotic|0 fnt
|-damage|p1a: Basculegion|0 fnt
|faint|p2b: Milotic
|faint|p1a: Basculegion
|
|win|ClumbsyLilBeach
||lukoog is ready for game 2.
