|j|☆reshiee
|j|‽ernestosparalesto1
|html|reshieeernestosparalesto1    
|uhtml|bestof|Game 2 of a best-of-3
|t:|1785252987
|gametype|doubles
|player|p1|reshiee|gwynn|1156
|player|p2|ernestosparalesto1|170|1212
|gen|9
|tier|[Gen 9 Champions] VGC 2026 Reg M-B (Bo3)
|rated|
|rule|Species Clause: Limit one of each Pokémon
|rule|Item Clause: Limit 1 of each item
|clearpoke
|poke|p1|Charizard, L50, M|
|poke|p1|Venusaur, L50, F|
|poke|p1|Pelipper, L50, F|
|poke|p1|Grimmsnarl, L50, M|
|poke|p1|Basculegion, L50, M|
|poke|p1|Archaludon, L50, M|
|poke|p2|Sableye, L50, M|
|poke|p2|Basculegion-F, L50, F|
|poke|p2|Venusaur, L50, F|
|poke|p2|Sneasler, L50, F|
|poke|p2|Clefable, L50, M|
|poke|p2|Kingambit, L50, M|
|teampreview|4
|showteam|p1|Charizard||CharizarditeY|Blaze|HeatWave,WeatherBall,SolarBeam,Protect|Modest||M|||50|]Venusaur||FocusSash|Chlorophyll|SludgeBomb,EarthPower,SleepPowder,Protect|Modest||F|||50|]Pelipper||SitrusBerry|Drizzle|Hurricane,WeatherBall,Tailwind,WideGuard|Modest||F|||50|]Grimmsnarl||LightClay|Prankster|SpiritBreak,Reflect,LightScreen,PartingShot|Sassy||M|||50|]Basculegion||ChoiceScarf|Adaptability|WaveCrash,LastRespects,FlipTurn,AquaJet|Jolly||M|||50|]Archaludon||Leftovers|Stamina|DragonPulse,FlashCannon,ElectroShot,Protect|Calm||M|||50|
|showteam|p2|Sableye||LightClay|Prankster|Reflect,LightScreen,Quash,RainDance|Bold||M|||50|]Basculegion-F||LifeOrb|SwiftSwim|MuddyWater,IceBeam,ShadowBall,Protect|Modest||F|||50|]Venusaur||Venusaurite|Overgrow|GigaDrain,SludgeBomb,EarthPower,Protect|Modest||F|||50|]Sneasler||WhiteHerb|PoisonTouch|FakeOut,CloseCombat,DireClaw,Protect|Adamant||F|||50|]Clefable||FairyFeather|Unaware|Moonblast,FollowMe,HelpingHand,Protect|Serious||M|||50|]Kingambit||FocusSash|Defiant|KowtowCleave,SuckerPunch,Protect,IronHead|Adamant||M|||50|
|
|t:|1785253024
|teamsize|p1|4
|teamsize|p2|4
|start
|switch|p1a: Grimmsnarl|Grimmsnarl, L50, M|100/100
|switch|p1b: Archaludon|Archaludon, L50, M|100/100
|switch|p2a: Sableye|Sableye, L50, M|100/100
|switch|p2b: Basculegion|Basculegion-F, L50, F|100/100
|turn|1
|inactive|Battle timer is ON: inactive players will automatically lose when time's up. (requested by ernestosparalesto1)
|
|t:|1785253058
|switch|p2b: Sneasler|Sneasler, L50, F|100/100
|move|p1a: Grimmsnarl|Light Screen|p1a: Grimmsnarl
|-sidestart|p1: reshiee|move: Light Screen
|move|p2a: Sableye|Light Screen|p2a: Sableye
|-sidestart|p2: ernestosparalesto1|move: Light Screen
|move|p1b: Archaludon|Electro Shot||[still]
|-prepare|p1b: Archaludon|Electro Shot
|-boost|p1b: Archaludon|spa|1
|
|upkeep
|turn|2
|
|t:|1785253081
|move|p1a: Grimmsnarl|Reflect|p1a: Grimmsnarl
|-sidestart|p1: reshiee|Reflect
|move|p2a: Sableye|Rain Dance|p2a: Sableye
|-weather|RainDance
|move|p2b: Sneasler|Close Combat|p1b: Archaludon
|-supereffective|p1b: Archaludon|1
|-damage|p1b: Archaludon|37/100
|-unboost|p2b: Sneasler|def|1
|-unboost|p2b: Sneasler|spd|1
|-ability|p1b: Archaludon|Stamina|boost
|-boost|p1b: Archaludon|def|1
|-enditem|p2b: Sneasler|White Herb
|-clearnegativeboost|p2b: Sneasler|[silent]
|move|p1b: Archaludon|Electro Shot|p2b: Sneasler|[from] lockedmove
|-damage|p2b: Sneasler|47/100
|
|-weather|RainDance|[upkeep]
|-heal|p1b: Archaludon|43/100|[from] item: Leftovers
|upkeep
|turn|3
|inactive|reshiee has 30 seconds left.
|
|t:|1785253107
|switch|p2a: Kingambit|Kingambit, L50, M|100/100
|move|p1b: Archaludon|Protect|p1b: Archaludon
|-singleturn|p1b: Archaludon|Protect
|move|p2b: Sneasler|Close Combat|p1b: Archaludon
|-activate|p1b: Archaludon|move: Protect
|move|p1a: Grimmsnarl|Spirit Break|p2a: Kingambit
|-damage|p2a: Kingambit|77/100
|-unboost|p2a: Kingambit|spa|1
|-ability|p2a: Kingambit|Defiant|boost
|-boost|p2a: Kingambit|atk|2
|
|-weather|RainDance|[upkeep]
|-heal|p1b: Archaludon|49/100|[from] item: Leftovers
|upkeep
|turn|4
|inactive|reshiee has 30 seconds left.
|
|t:|1785253134
|move|p1a: Grimmsnarl|Parting Shot|p2b: Sneasler
|-unboost|p2b: Sneasler|atk|1
|-unboost|p2b: Sneasler|spa|1
|
|t:|1785253139
|switch|p1a: Charizard|Charizard, L50, M|100/100|[from] Parting Shot
|move|p2a: Kingambit|Sucker Punch|p1b: Archaludon
|-damage|p1b: Archaludon|21/100
|-ability|p1b: Archaludon|Stamina|boost
|-boost|p1b: Archaludon|def|1
|move|p2b: Sneasler|Close Combat|p1b: Archaludon
|-supereffective|p1b: Archaludon|1
|-damage|p1b: Archaludon|0 fnt
|-unboost|p2b: Sneasler|def|1
|-unboost|p2b: Sneasler|spd|1
|faint|p1b: Archaludon
|
|-weather|RainDance|[upkeep]
|upkeep
|
|t:|1785253156
|switch|p1b: Grimmsnarl|Grimmsnarl, L50, M|100/100
|turn|5
|
|t:|1785253170
|detailschange|p1a: Charizard|Charizard-Mega-Y, L50, M
|-mega|p1a: Charizard|Charizard|Charizardite Y
|-weather|SunnyDay|[from] ability: Drought|[of] p1a: Charizard
|move|p2a: Kingambit|Sucker Punch|p1a: Charizard
|-damage|p1a: Charizard|46/100
|move|p2b: Sneasler|Dire Claw|p1a: Charizard
|-damage|p1a: Charizard|27/100
|move|p1a: Charizard|Heat Wave|p2a: Kingambit|[spread] p2b
|-miss|p1a: Charizard|p2a: Kingambit
|-damage|p2b: Sneasler|0 fnt
|faint|p2b: Sneasler
|move|p1b: Grimmsnarl|Spirit Break|p2a: Kingambit
|-damage|p2a: Kingambit|54/100
|-unboost|p2a: Kingambit|spa|1
|-ability|p2a: Kingambit|Defiant|boost
|-boost|p2a: Kingambit|atk|2
|
|-weather|SunnyDay|[upkeep]
|upkeep
|c|☆reshiee|damn
|
|t:|1785253184
|switch|p2b: Sableye|Sableye, L50, M|100/100
|turn|6
|
|t:|1785253197
|move|p1a: Charizard|Protect|p1a: Charizard
|-singleturn|p1a: Charizard|Protect
|move|p2b: Sableye|Rain Dance|p2b: Sableye
|-weather|RainDance
|move|p1b: Grimmsnarl|Spirit Break|p2b: Sableye
|-supereffective|p2b: Sableye|1
|-damage|p2b: Sableye|38/100
|-unboost|p2b: Sableye|spa|1
|move|p2a: Kingambit|Iron Head|p1b: Grimmsnarl
|-supereffective|p1b: Grimmsnarl|1
|-damage|p1b: Grimmsnarl|0 fnt
|faint|p1b: Grimmsnarl
|
|-weather|RainDance|[upkeep]
|upkeep
|
|t:|1785253211
|switch|p1b: Basculegion|Basculegion, L50, M|100/100
|turn|7
|
|t:|1785253219
|move|p1b: Basculegion|Aqua Jet|p2a: Kingambit
|-damage|p2a: Kingambit|28/100
|move|p2b: Sableye|Quash|p1a: Charizard
|-activate|p1a: Charizard|move: Quash
|move|p2a: Kingambit|Kowtow Cleave|p1b: Basculegion
|-supereffective|p1b: Basculegion|1
|-damage|p1b: Basculegion|0 fnt
|faint|p1b: Basculegion
|move|p1a: Charizard|Weather Ball|p2b: Sableye
|-damage|p2b: Sableye|0 fnt
|faint|p2b: Sableye
|
|-weather|RainDance|[upkeep]
|upkeep
|
|t:|1785253226
|switch|p2b: Basculegion|Basculegion-F, L50, F|100/100
|turn|8
|
|t:|1785253236
|move|p2a: Kingambit|Sucker Punch|p1a: Charizard
|-damage|p1a: Charizard|0 fnt
|faint|p1a: Charizard
|
|win|ernestosparalesto1
