|j|☆exposniffer
|j|☆teyvgc
|html|exposnifferteyvgc    
|uhtml|bestof|Game 2 of a best-of-3
|t:|1757218418
|gametype|doubles
|player|p1|exposniffer|blue|
|player|p2|teyvgc|benga|
|gen|9
|tier|[Gen 9] VGC 2025 Reg H (Bo3)
|rule|Species Clause: Limit one of each Pokémon
|rule|Item Clause: Limit 1 of each item
|clearpoke
|poke|p1|Gholdengo, L50|
|poke|p1|Dragonite, L50, M|
|poke|p1|Ursaluna-Bloodmoon, L50, M|
|poke|p1|Ninetales-Alola, L50, F|
|poke|p1|Annihilape, L50, F|
|poke|p1|Incineroar, L50, M|
|poke|p2|Excadrill, L50, F|
|poke|p2|Tyranitar, L50, F|
|poke|p2|Corviknight, L50, M|
|poke|p2|Rotom-Wash, L50|
|poke|p2|Amoonguss, L50, F|
|poke|p2|Flamigo, L50, F|
|teampreview|4
|showteam|p1|Gholdengo||MetalCoat|GoodasGold|MakeItRain,ShadowBall,NastyPlot,Protect||||||50|,,,,,Water]Dragonite||LoadedDice|Multiscale|ScaleShot,ExtremeSpeed,Haze,Protect|||M|||50|,,,,,Steel]Ursaluna-Bloodmoon||AssaultVest|MindsEye|BloodMoon,HyperVoice,EarthPower,VacuumWave|||M|||50|,,,,,Water]Ninetales-Alola||FocusSash|SnowWarning|Blizzard,IcyWind,AuroraVeil,IcicleSpear|||F|||50|,,,,,Ghost]Annihilape||SafetyGoggles|Defiant|CloseCombat,RageFist,Coaching,Taunt|||F|||50|,,,,,Fire]Incineroar||RockyHelmet|Intimidate|KnockOff,FlareBlitz,PartingShot,FakeOut|||M|||50|,,,,,Ghost
|showteam|p2|Excadrill||FocusSash|SandRush|Protect,IronHead,HighHorsepower,Earthquake|||F|||50|,,,,,Ground]Tyranitar||AssaultVest|SandStream|KnockOff,RockSlide,LowKick,TeraBlast|||F|||50|,,,,,Flying]Corviknight||WacanBerry|MirrorArmor|BraveBird,Uturn,Taunt,Tailwind|||M|||50|,,,,,Dragon]Rotom-Wash||SafetyGoggles|Levitate|Thunderbolt,HydroPump,WillOWisp,Protect||||||50|,,,,,Electric]Amoonguss||SitrusBerry|Regenerator|ClearSmog,PollenPuff,RagePowder,Spore|||F|||50|,,,,,Water]Flamigo||CovertCloak|Scrappy|BraveBird,WideGuard,CloseCombat,Detect|||F|||50|,,,,,Steel
|
|t:|1757218490
|teamsize|p1|4
|teamsize|p2|4
|start
|switch|p1a: Oso|Gholdengo, L50|100/100
|switch|p1b: Franklin|Dragonite, L50, M|100/100
|switch|p2a: Excadrill|Excadrill, L50, F|100/100
|switch|p2b: Tyranitar|Tyranitar, L50, F|100/100
|-weather|Sandstorm|[from] ability: Sand Stream|[of] p2b: Tyranitar
|turn|1
|
|t:|1757218690
|-terastallize|p1a: Oso|Water
|-terastallize|p2b: Tyranitar|Flying
|move|p2a: Excadrill|Iron Head|p1b: Franklin
|-damage|p1b: Franklin|76/100
|move|p1a: Oso|Nasty Plot|p1a: Oso
|-boost|p1a: Oso|spa|2
|cant|p1b: Franklin|flinch
|move|p2b: Tyranitar|Knock Off|p1a: Oso
|-damage|p1a: Oso|38/100
|-enditem|p1a: Oso|Metal Coat|[from] move: Knock Off|[of] p2b: Tyranitar
|
|-weather|Sandstorm|[upkeep]
|-damage|p1a: Oso|32/100|[from] Sandstorm
|-damage|p1b: Franklin|70/100|[from] Sandstorm
|-damage|p2b: Tyranitar|95/100|[from] Sandstorm
|upkeep
|turn|2
|
|t:|1757218717
|switch|p1b: Loui|Ninetales-Alola, L50, F|100/100
|-weather|Snowscape|[from] ability: Snow Warning|[of] p1b: Loui
|switch|p2b: Corviknight|Corviknight, L50, M|100/100
|move|p2a: Excadrill|Iron Head|p1a: Oso
|-resisted|p1a: Oso
|-damage|p1a: Oso|11/100
|cant|p1a: Oso|flinch
|
|-weather|Snowscape|[upkeep]
|upkeep
|turn|3
|
|t:|1757218793
|switch|p2b: Tyranitar|Tyranitar, L50, F, tera:Flying|95/100
|-weather|Sandstorm|[from] ability: Sand Stream|[of] p2b: Tyranitar
|move|p1a: Oso|Protect|p1a: Oso
|-singleturn|p1a: Oso|Protect
|move|p2a: Excadrill|Iron Head|p1b: Loui
|-supereffective|p1b: Loui
|-enditem|p1b: Loui|Focus Sash
|-damage|p1b: Loui|1/100
|move|p1b: Loui|Icy Wind|p2a: Excadrill|[spread] p2a,p2b
|-supereffective|p2b: Tyranitar
|-damage|p2a: Excadrill|81/100
|-damage|p2b: Tyranitar|76/100
|-unboost|p2a: Excadrill|spe|1
|-unboost|p2b: Tyranitar|spe|1
|
|-weather|Sandstorm|[upkeep]
|-damage|p1b: Loui|0 fnt|[from] Sandstorm
|-damage|p1a: Oso|4/100|[from] Sandstorm
|-damage|p2b: Tyranitar|71/100|[from] Sandstorm
|faint|p1b: Loui
|upkeep
|
|t:|1757218801
|switch|p1b: jerome|Ursaluna-Bloodmoon, L50, M|100/100
|turn|4
|
|t:|1757218833
|switch|p2b: Flamigo|Flamigo, L50, F|100/100
|move|p2a: Excadrill|Protect|p2a: Excadrill
|-singleturn|p2a: Excadrill|Protect
|move|p1a: Oso|Make It Rain|p2b: Flamigo|[spread] p2b
|-activate|p2a: Excadrill|move: Protect
|-damage|p2b: Flamigo|0 fnt
|-unboost|p1a: Oso|spa|1
|faint|p2b: Flamigo
|move|p1b: jerome|Blood Moon|p2a: Excadrill
|-activate|p2a: Excadrill|move: Protect
|
|-weather|Sandstorm|[upkeep]
|-damage|p1a: Oso|0 fnt|[from] Sandstorm
|faint|p1a: Oso
|upkeep
|
|t:|1757218872
|switch|p2b: Corviknight|Corviknight, L50, M|100/100
|switch|p1a: Franklin|Dragonite, L50, M|70/100
|turn|5
|
|t:|1757218894
|move|p1a: Franklin|Extreme Speed|p2a: Excadrill
|-resisted|p2a: Excadrill
|-damage|p2a: Excadrill|58/100
|move|p1b: jerome|Vacuum Wave|p2a: Excadrill
|-supereffective|p2a: Excadrill
|-damage|p2a: Excadrill|15/100
|move|p2a: Excadrill|Iron Head|p1a: Franklin
|-damage|p1a: Franklin|29/100
|move|p2b: Corviknight|Tailwind|p2b: Corviknight
|-sidestart|p2: teyvgc|move: Tailwind
|
|-weather|Sandstorm|[upkeep]
|-damage|p1a: Franklin|23/100|[from] Sandstorm
|upkeep
|turn|6
|
|t:|1757218948
|switch|p2a: Tyranitar|Tyranitar, L50, F, tera:Flying|71/100
|move|p1b: jerome|Vacuum Wave|p2a: Tyranitar
|-resisted|p2a: Tyranitar
|-damage|p2a: Tyranitar|66/100
|move|p2b: Corviknight|Brave Bird|p1a: Franklin
|-damage|p1a: Franklin|0 fnt
|faint|p1a: Franklin
|-damage|p2b: Corviknight|94/100|[from] Recoil
|
|-weather|Sandstorm|[upkeep]
|-damage|p2a: Tyranitar|60/100|[from] Sandstorm
|upkeep
|turn|7
|-message|exposniffer forfeited.
|
|win|teyvgc
||exposniffer is ready for game 3.
|inactive|teyvgc has 30 seconds to confirm battle start!
||teyvgc is ready for game 3.
|uhtml|next|Next: Game 3 of 3
