|j|☆enrique132132
|j|☆ghold medal
|html|enrique132132ghold medal    
|uhtml|bestof|Game 2 of a best-of-3
|t:|1756360966
|gametype|doubles
|player|p1|enrique132132|102|1119
|player|p2|ghold medal|psychic-gen4|1071
|gen|9
|tier|[Gen 9] VGC 2025 Reg H (Bo3)
|rated|
|rule|Species Clause: Limit one of each Pokémon
|rule|Item Clause: Limit 1 of each item
|clearpoke
|poke|p1|Indeedee, L50, M|
|poke|p1|Sneasler, L50, F|
|poke|p1|Talonflame, L50, F|
|poke|p1|Ursaluna-Bloodmoon, L50, M|
|poke|p1|Electabuzz, L50, M|
|poke|p1|Incineroar, L50, F|
|poke|p2|Gholdengo, L50|
|poke|p2|Rillaboom, L50, M|
|poke|p2|Incineroar, L50, M|
|poke|p2|Electabuzz, L50, M|
|poke|p2|Annihilape, L50, M|
|poke|p2|Dragonite, L50, M|
|teampreview|4
|showteam|p1|Indeedee||FocusSash|PsychicSurge|ExpandingForce,Protect,TrickRoom,HelpingHand|||M|||50|,,,,,Psychic]Sneasler||PsychicSeed|Unburden|CloseCombat,DireClaw,ThroatChop,Protect|||F|||50|,,,,,Dark]Talonflame||CovertCloak|GaleWings|FlareBlitz,DualWingbeat,WillOWisp,Tailwind|||F|||50|,,,,,Fairy]Ursaluna-Bloodmoon||LifeOrb|MindsEye|BloodMoon,HyperVoice,EarthPower,Protect|||M|||50|,,,,,Normal]Electabuzz||Eviolite|VitalSpirit|Electroweb,FollowMe,Taunt,Protect|||M|||50|,,,,,Dragon]Incineroar||SafetyGoggles|Intimidate|FlareBlitz,KnockOff,PartingShot,FakeOut|||F|||50|,,,,,Ghost
|showteam|p2|Gholdengo||Leftovers|GoodasGold|MakeItRain,ShadowBall,NastyPlot,Protect||||||50|,,,,,Water]Rillaboom||AssaultVest|GrassySurge|WoodHammer,HighHorsepower,GrassyGlide,FakeOut|||M|||50|,,,,,Fire]Incineroar||SafetyGoggles|Intimidate|FlareBlitz,KnockOff,PartingShot,FakeOut|||M|||50|,,,,,Ghost]Electabuzz||Eviolite|VitalSpirit|Electroweb,Taunt,FollowMe,Protect|||M|||50|,,,,,Ghost]Annihilape||FocusSash|Defiant|CloseCombat,RageFist,Coaching,FinalGambit|||M|||50|,,,,,Stellar]Dragonite||LoadedDice|Multiscale|ScaleShot,Haze,ExtremeSpeed,Protect|||M|||50|,,,,,Fairy
|inactive|Battle timer is ON: inactive players will automatically lose when time's up. (requested by ghold medal)
|
|t:|1756360994
|teamsize|p1|4
|teamsize|p2|4
|start
|switch|p1a: Talonflame|Talonflame, L50, F|100/100
|switch|p1b: Ursaluna|Ursaluna-Bloodmoon, L50, M|100/100
|switch|p2a: Gholdengo|Gholdengo, L50|100/100
|switch|p2b: Incineroar|Incineroar, L50, M, shiny|100/100
|-ability|p2b: Incineroar|Intimidate|boost
|-unboost|p1a: Talonflame|atk|1
|-unboost|p1b: Ursaluna|atk|1
|turn|1
|
|t:|1756361017
|switch|p2b: Rillaboom|Rillaboom, L50, M, shiny|100/100
|-fieldstart|move: Grassy Terrain|[from] ability: Grassy Surge|[of] p2b: Rillaboom
|-terastallize|p2a: Gholdengo|Water
|move|p1b: Ursaluna|Protect|p1b: Ursaluna
|-singleturn|p1b: Ursaluna|Protect
|move|p1a: Talonflame|Tailwind|p1a: Talonflame
|-sidestart|p1: enrique132132|move: Tailwind
|move|p2a: Gholdengo|Nasty Plot|p2a: Gholdengo
|-boost|p2a: Gholdengo|spa|2
|
|upkeep
|turn|2
|inactive|ghold medal has 30 seconds left.
|inactive|ghold medal has 20 seconds left.
|inactive|ghold medal has 15 seconds left.
|inactive|ghold medal has 10 seconds left.
|
|t:|1756361067
|switch|p1a: Indeedee|Indeedee, L50, M|100/100
|-fieldstart|move: Psychic Terrain|[from] ability: Psychic Surge|[of] p1a: Indeedee
|switch|p2b: Electabuzz|Electabuzz, L50, M, shiny|100/100
|-terastallize|p1b: Ursaluna|Normal
|move|p2a: Gholdengo|Protect|p2a: Gholdengo
|-singleturn|p2a: Gholdengo|Protect
|move|p1b: Ursaluna|Blood Moon|p2a: Gholdengo
|-activate|p2a: Gholdengo|move: Protect
|
|upkeep
|turn|3
|
|t:|1756361091
|switch|p2b: Rillaboom|Rillaboom, L50, M, shiny|100/100
|-fieldstart|move: Grassy Terrain|[from] ability: Grassy Surge|[of] p2b: Rillaboom
|move|p1a: Indeedee|Helping Hand|p1b: Ursaluna
|-singleturn|p1b: Ursaluna|Helping Hand|[of] p1a: Indeedee
|move|p1b: Ursaluna|Earth Power|p2a: Gholdengo
|-damage|p2a: Gholdengo|4/100
|-damage|p1b: Ursaluna|91/100|[from] item: Life Orb
|move|p2a: Gholdengo|Make It Rain|p1a: Indeedee|[spread] p1a,p1b
|-crit|p1a: Indeedee
|-enditem|p1a: Indeedee|Focus Sash
|-damage|p1a: Indeedee|1/100
|-damage|p1b: Ursaluna|0 fnt
|-unboost|p2a: Gholdengo|spa|1
|faint|p1b: Ursaluna
|
|-heal|p1a: Indeedee|7/100|[from] Grassy Terrain
|-heal|p2a: Gholdengo|10/100|[from] Grassy Terrain
|-heal|p2a: Gholdengo|16/100|[from] item: Leftovers
|upkeep
|
|t:|1756361108
|switch|p1b: Talonflame|Talonflame, L50, F|100/100
|turn|4
|
|t:|1756361130
|switch|p1a: Sneasler|Sneasler, L50, F|100/100
|switch|p2b: Electabuzz|Electabuzz, L50, M, shiny|100/100
|move|p2a: Gholdengo|Protect|p2a: Gholdengo
|-singleturn|p2a: Gholdengo|Protect
|move|p1b: Talonflame|Flare Blitz|p2b: Electabuzz
|-damage|p2b: Electabuzz|56/100
|-damage|p1b: Talonflame|84/100|[from] Recoil
|
|-heal|p2b: Electabuzz|62/100|[from] Grassy Terrain
|-heal|p2a: Gholdengo|22/100|[from] Grassy Terrain
|-heal|p2a: Gholdengo|28/100|[from] item: Leftovers
|-sideend|p1: enrique132132|move: Tailwind
|upkeep
|turn|5
|inactive|enrique132132 has 30 seconds left.
|inactive|enrique132132 has 20 seconds left.
|inactive|enrique132132 has 15 seconds left.
|inactive|enrique132132 has 10 seconds left.
|
|t:|1756361176
|move|p1a: Sneasler|Protect|p1a: Sneasler
|-singleturn|p1a: Sneasler|Protect
|move|p2b: Electabuzz|Follow Me|p2b: Electabuzz
|-singleturn|p2b: Electabuzz|move: Follow Me
|move|p1b: Talonflame|Flare Blitz|p2b: Electabuzz
|-damage|p2b: Electabuzz|11/100
|-damage|p1b: Talonflame|65/100|[from] Recoil
|move|p2a: Gholdengo|Make It Rain|p1b: Talonflame|[spread] p1b
|-activate|p1a: Sneasler|move: Protect
|-resisted|p1b: Talonflame
|-crit|p1b: Talonflame
|-damage|p1b: Talonflame|0 fnt
|-unboost|p2a: Gholdengo|spa|1
|faint|p1b: Talonflame
|
|-heal|p2b: Electabuzz|17/100|[from] Grassy Terrain
|-heal|p2a: Gholdengo|35/100|[from] Grassy Terrain
|-heal|p2a: Gholdengo|41/100|[from] item: Leftovers
|upkeep
|
|t:|1756361188
|switch|p1b: Indeedee|Indeedee, L50, M|7/100
|-fieldstart|move: Psychic Terrain|[from] ability: Psychic Surge|[of] p1b: Indeedee
|-enditem|p1a: Sneasler|Psychic Seed
|-boost|p1a: Sneasler|spd|1|[from] item: Psychic Seed
|turn|6
|
|t:|1756361199
|move|p2a: Gholdengo|Protect|p2a: Gholdengo
|-singleturn|p2a: Gholdengo|Protect
|move|p1a: Sneasler|Dire Claw|p2a: Gholdengo
|-activate|p2a: Gholdengo|move: Protect
|move|p2b: Electabuzz|Electroweb|p1b: Indeedee|[spread] p1b
|-miss|p2b: Electabuzz|p1a: Sneasler
|-damage|p1b: Indeedee|0 fnt
|faint|p1b: Indeedee
|
|-heal|p2a: Gholdengo|47/100|[from] item: Leftovers
|upkeep
|turn|7
|
|t:|1756361209
|move|p2b: Electabuzz|Follow Me|p2b: Electabuzz
|-singleturn|p2b: Electabuzz|move: Follow Me
|move|p1a: Sneasler|Dire Claw|p2b: Electabuzz
|-damage|p2b: Electabuzz|0 fnt
|faint|p2b: Electabuzz
|move|p2a: Gholdengo|Make It Rain|p1a: Sneasler
|-damage|p1a: Sneasler|47/100
|-unboost|p2a: Gholdengo|spa|1
|
|-heal|p2a: Gholdengo|53/100|[from] item: Leftovers
|upkeep
|-message|enrique132132 forfeited.
|
|win|ghold medal
|raw|enrique132132's rating: 1119 → 1091(-28 for losing)
|raw|ghold medal's rating: 1071 → 1104(+33 for winning)
|l|☆enrique132132
|player|p1|
