|j|☆zweeta
|j|☆TestNumber4
|html|zweetaTestNumber4    
|uhtml|bestof|Game 2 of a best-of-3
|t:|1756768436
|gametype|doubles
|player|p1|zweeta|pokekid|1244
|player|p2|TestNumber4|shadowtriad|1314
|gen|9
|tier|[Gen 9] VGC 2025 Reg H (Bo3)
|rated|
|rule|Species Clause: Limit one of each Pokémon
|rule|Item Clause: Limit 1 of each item
|clearpoke
|poke|p1|Gholdengo, L50|
|poke|p1|Ursaluna, L50, M|
|poke|p1|Sinistcha, L50|
|poke|p1|Sneasler, L50, M|
|poke|p1|Dragonite, L50, F|
|poke|p1|Incineroar, L50, F|
|poke|p2|Archaludon, L50, F|
|poke|p2|Pelipper, L50, F|
|poke|p2|Basculegion, L50, M|
|poke|p2|Amoonguss, L50, F|
|poke|p2|Gholdengo, L50|
|poke|p2|Maushold-Four, L50|
|teampreview|4
|showteam|p1|Gholdengo||LifeOrb|GoodasGold|MakeItRain,ShadowBall,NastyPlot,Protect||||||50|,,,,,Water]Ursaluna||FlameOrb|Guts|Facade,HeadlongRush,Earthquake,Protect|||M|||50|,,,,,Ghost]Sinistcha||SitrusBerry|Hospitality|MatchaGotcha,LifeDew,RagePowder,TrickRoom||||||50|,,,,,Dark]Sneasler||FocusSash|PoisonTouch|DireClaw,CloseCombat,Coaching,Protect|||M|||50|,,,,,Flying]Dragonite||LoadedDice|Multiscale|ScaleShot,Haze,Tailwind,Protect|||F|||50|,,,,,Fairy]Incineroar||SafetyGoggles|Intimidate|FakeOut,FlareBlitz,KnockOff,PartingShot|||F|||50|,,,,,Ghost
|showteam|p2|Archaludon||AssaultVest|Stamina|DragonPulse,ElectroShot,BodyPress,Snarl|||F|||50|,,,,,Bug]Pelipper||FocusSash|Drizzle|WeatherBall,Hurricane,Tailwind,Protect|||F|||50|,,,,,Ghost]Basculegion||ChoiceBand|SwiftSwim|AquaJet,WaveCrash,LastRespects,FlipTurn|||M|||50|,,,,,Water]Amoonguss||SitrusBerry|Regenerator|RagePowder,Spore,PollenPuff,Protect|||F|||50|,,,,,Fairy]Gholdengo||LifeOrb|GoodasGold|MakeItRain,ShadowBall,NastyPlot,Protect||||||50|,,,,,Water]Maushold-Four||WideLens|Technician|FollowMe,PopulationBomb,Taunt,Protect||||||50|,,,,,Ghost
|inactive|Battle timer is ON: inactive players will automatically lose when time's up. (requested by zweeta)
|
|t:|1756768449
|teamsize|p1|4
|teamsize|p2|4
|start
|switch|p1a: Dragonite|Dragonite, L50, F, shiny|100/100
|switch|p1b: Gholdengo|Gholdengo, L50, shiny|100/100
|switch|p2a: Amoonguss|Amoonguss, L50, F|100/100
|switch|p2b: Gholdengo|Gholdengo, L50|100/100
|turn|1
|
|t:|1756768472
|-terastallize|p1b: Gholdengo|Water
|-terastallize|p2b: Gholdengo|Water
|move|p2b: Gholdengo|Nasty Plot|p2b: Gholdengo
|-boost|p2b: Gholdengo|spa|2
|move|p1b: Gholdengo|Nasty Plot|p1b: Gholdengo
|-boost|p1b: Gholdengo|spa|2
|move|p1a: Dragonite|Scale Shot|p2a: Amoonguss
|-damage|p2a: Amoonguss|89/100
|-damage|p2a: Amoonguss|78/100
|-damage|p2a: Amoonguss|67/100
|-damage|p2a: Amoonguss|53/100
|-hitcount|p2a: Amoonguss|4
|-unboost|p1a: Dragonite|def|1
|-boost|p1a: Dragonite|spe|1
|move|p2a: Amoonguss|Spore|p1a: Dragonite
|-status|p1a: Dragonite|slp|[from] move: Spore
|
|upkeep
|turn|2
|
|t:|1756768498
|cant|p1a: Dragonite|slp
|move|p1b: Gholdengo|Make It Rain|p2b: Gholdengo|[spread] p2a,p2b
|-resisted|p2b: Gholdengo
|-damage|p2a: Amoonguss|0 fnt
|-damage|p2b: Gholdengo|34/100
|-unboost|p1b: Gholdengo|spa|1
|faint|p2a: Amoonguss
|-damage|p1b: Gholdengo|91/100|[from] item: Life Orb
|move|p2b: Gholdengo|Shadow Ball|p1b: Gholdengo
|-damage|p1b: Gholdengo|0 fnt
|faint|p1b: Gholdengo
|-damage|p2b: Gholdengo|24/100|[from] item: Life Orb
|
|upkeep
|
|t:|1756768514
|switch|p1b: Ursaluna|Ursaluna, L50, M, shiny|100/100
|switch|p2a: Basculegion|Basculegion, L50, M|100/100
|turn|3
|
|t:|1756768519
|move|p1b: Ursaluna|Protect|p1b: Ursaluna
|-singleturn|p1b: Ursaluna|Protect
|move|p2a: Basculegion|Aqua Jet|p1a: Dragonite
|-resisted|p1a: Dragonite
|-damage|p1a: Dragonite|89/100 slp
|cant|p1a: Dragonite|slp
|move|p2b: Gholdengo|Make It Rain|p1b: Ursaluna|[spread] p1a
|-activate|p1b: Ursaluna|move: Protect
|-damage|p1a: Dragonite|0 fnt
|-unboost|p2b: Gholdengo|spa|1
|faint|p1a: Dragonite
|-damage|p2b: Gholdengo|14/100|[from] item: Life Orb
|
|-status|p1b: Ursaluna|brn|[from] item: Flame Orb
|upkeep
|
|t:|1756768524
|switch|p1a: Sinistcha|Sinistcha, L50|100/100
|turn|4
|
|t:|1756768530
|switch|p2a: Pelipper|Pelipper, L50, F|100/100
|-weather|RainDance|[from] ability: Drizzle|[of] p2a: Pelipper
|move|p2b: Gholdengo|Make It Rain|p1b: Ursaluna|[spread] p1a,p1b
|-damage|p1a: Sinistcha|22/100
|-damage|p1b: Ursaluna|4/100 brn
|-unboost|p2b: Gholdengo|spa|1
|-enditem|p1a: Sinistcha|Sitrus Berry|[eat]
|-heal|p1a: Sinistcha|47/100|[from] item: Sitrus Berry
|-damage|p2b: Gholdengo|4/100|[from] item: Life Orb
|move|p1b: Ursaluna|Earthquake|p2b: Gholdengo|[spread] p1a,p2b
|-immune|p2a: Pelipper
|-resisted|p1a: Sinistcha
|-damage|p1a: Sinistcha|17/100
|-damage|p2b: Gholdengo|0 fnt
|faint|p2b: Gholdengo
|move|p1a: Sinistcha|Trick Room|p1a: Sinistcha
|-fieldstart|move: Trick Room|[of] p1a: Sinistcha
|
|-weather|RainDance|[upkeep]
|-damage|p1b: Ursaluna|0 fnt|[from] brn
|faint|p1b: Ursaluna
|upkeep
|
|t:|1756768538
|switch|p2b: Basculegion|Basculegion, L50, M|100/100
|turn|5
|
|t:|1756768543
|move|p1a: Sinistcha|Matcha Gotcha|p2b: Basculegion|[spread] p2a,p2b
|-supereffective|p2b: Basculegion
|-damage|p2a: Pelipper|54/100
|-heal|p1a: Sinistcha|35/100|[from] drain|[of] p2a: Pelipper
|-damage|p2b: Basculegion|48/100
|-heal|p1a: Sinistcha|63/100|[from] drain|[of] p2b: Basculegion
|move|p2a: Pelipper|Hurricane|p1a: Sinistcha
|-supereffective|p1a: Sinistcha
|-damage|p1a: Sinistcha|0 fnt
|faint|p1a: Sinistcha
|
|win|TestNumber4
|raw|zweeta's rating: 1244 → 1224(-20 for losing)
|raw|TestNumber4's rating: 1314 → 1330(+16 for winning)
|l|☆TestNumber4
|player|p2|
