|j|☆Kyooby
|j|☆luxordoodles
|html|Kyoobyluxordoodles    
|uhtml|bestof|Game 2 of a best-of-3
|t:|1757675549
|gametype|doubles
|player|p1|Kyooby|volkner|1086
|player|p2|luxordoodles|1|1073
|gen|9
|tier|[Gen 9] VGC 2025 Reg H (Bo3)
|rated|
|rule|Species Clause: Limit one of each Pokémon
|rule|Item Clause: Limit 1 of each item
|clearpoke
|poke|p1|Sinistcha, L50|
|poke|p1|Archaludon, L50, M|
|poke|p1|Pelipper, L50, M|
|poke|p1|Basculegion, L50, M|
|poke|p1|Hydreigon, L50, M|
|poke|p1|Electrode-Hisui, L50|
|poke|p2|Incineroar, L50, F|
|poke|p2|Pelipper, L50, F|
|poke|p2|Basculegion, L50, M|
|poke|p2|Amoonguss, L50, M|
|poke|p2|Maushold-Four, L50|
|poke|p2|Archaludon, L50, M|
|teampreview|4
|showteam|p1|Sinistcha||SitrusBerry|Hospitality|MatchaGotcha,StrengthSap,RagePowder,TrickRoom||||||50|,,,,,Fire]Archaludon||AssaultVest|Stamina|DragonPulse,FlashCannon,ElectroShot,BodyPress|||M|||50|,,,,,Bug]Pelipper||FocusSash|Drizzle|WeatherBall,Hurricane,Tailwind,Protect|||M|||50|,,,,,Stellar]Basculegion||LifeOrb|SwiftSwim|WaveCrash,LastRespects,AquaJet,Protect|||M|||50|,,,,,Grass]Hydreigon||ScopeLens|Levitate|DracoMeteor,DarkPulse,FocusEnergy,Protect|||M|||50|,,,,,Steel]Electrode-Hisui||LoadedDice|Soundproof|BulletSeed,Electroweb,Taunt,RainDance||||||50|,,,,,Ghost
|showteam|p2|Incineroar||SafetyGoggles|Intimidate|FakeOut,FlareBlitz,KnockOff,PartingShot|||F|||50|,,,,,Ghost]Pelipper||FocusSash|Drizzle|Hurricane,WeatherBall,Tailwind,Protect|||F|||50|,,,,,Ghost]Basculegion||MysticWater|SwiftSwim|Protect,WaveCrash,AquaJet,LastRespects|||M|||50|,,,,,Water]Amoonguss||SitrusBerry|Regenerator|Spore,RagePowder,PollenPuff,ClearSmog|||M|||50|,,,,,Water]Maushold-Four||WideLens|Technician|PopulationBomb,FollowMe,Taunt,Protect||||||50|,,,,,Grass]Archaludon||AssaultVest|Stamina|ElectroShot,DragonPulse,FlashCannon,BodyPress|||M|||50|,,,,,Grass
|inactive|Battle timer is ON: inactive players will automatically lose when time's up. (requested by Kyooby)
|
|t:|1757675562
|teamsize|p1|4
|teamsize|p2|4
|start
|switch|p1a: Electrode|Electrode-Hisui, L50, shiny|100/100
|switch|p1b: Archaludon|Archaludon, L50, M|100/100
|switch|p2a: Pelipper|Pelipper, L50, F|100/100
|switch|p2b: Archaludon|Archaludon, L50, M|100/100
|-weather|RainDance|[from] ability: Drizzle|[of] p2a: Pelipper
|turn|1
|inactive|luxordoodles has 30 seconds left.
|
|t:|1757675591
|-terastallize|p1b: Archaludon|Bug
|move|p1a: Electrode|Electroweb|p2a: Pelipper|[spread] p2a
|-miss|p1a: Electrode|p2b: Archaludon
|-supereffective|p2a: Pelipper
|-damage|p2a: Pelipper|12/100
|-unboost|p2a: Pelipper|spe|1
|move|p1b: Archaludon|Electro Shot||[still]
|-prepare|p1b: Archaludon|Electro Shot
|-boost|p1b: Archaludon|spa|1
|-anim|p1b: Archaludon|Electro Shot|p2a: Pelipper
|-supereffective|p2a: Pelipper
|-damage|p2a: Pelipper|0 fnt
|faint|p2a: Pelipper
|move|p2b: Archaludon|Electro Shot||[still]
|-prepare|p2b: Archaludon|Electro Shot
|-boost|p2b: Archaludon|spa|1
|-anim|p2b: Archaludon|Electro Shot|p1b: Archaludon
|-damage|p1b: Archaludon|57/100
|-ability|p1b: Archaludon|Stamina|boost
|-boost|p1b: Archaludon|def|1
|
|-weather|RainDance|[upkeep]
|upkeep
|
|t:|1757675613
|switch|p2a: Incineroar|Incineroar, L50, F|100/100
|-ability|p2a: Incineroar|Intimidate|boost
|-unboost|p1a: Electrode|atk|1
|-unboost|p1b: Archaludon|atk|1
|turn|2
|inactive|Kyooby has 30 seconds left.
|
|t:|1757675638
|move|p2a: Incineroar|Fake Out|p1b: Archaludon
|-damage|p1b: Archaludon|51/100
|-ability|p1b: Archaludon|Stamina|boost
|-boost|p1b: Archaludon|def|1
|move|p1a: Electrode|Taunt|p2a: Incineroar
|-start|p2a: Incineroar|move: Taunt
|move|p2b: Archaludon|Electro Shot||[still]
|-prepare|p2b: Archaludon|Electro Shot
|-boost|p2b: Archaludon|spa|1
|-anim|p2b: Archaludon|Electro Shot|p1b: Archaludon
|-damage|p1b: Archaludon|0 fnt
|faint|p1b: Archaludon
|
|-weather|RainDance|[upkeep]
|upkeep
|
|t:|1757675652
|switch|p1b: Pelipper|Pelipper, L50, M|100/100
|turn|3
|
|t:|1757675664
|move|p1a: Electrode|Bullet Seed|p2a: Incineroar
|-resisted|p2a: Incineroar
|-damage|p2a: Incineroar|99/100
|-resisted|p2a: Incineroar
|-damage|p2a: Incineroar|97/100
|-resisted|p2a: Incineroar
|-damage|p2a: Incineroar|96/100
|-resisted|p2a: Incineroar
|-damage|p2a: Incineroar|94/100
|-hitcount|p2a: Incineroar|4
|move|p1b: Pelipper|Weather Ball|p2a: Incineroar
|-supereffective|p2a: Incineroar
|-damage|p2a: Incineroar|0 fnt
|faint|p2a: Incineroar
|move|p2b: Archaludon|Electro Shot||[still]
|-prepare|p2b: Archaludon|Electro Shot
|-boost|p2b: Archaludon|spa|1
|-anim|p2b: Archaludon|Electro Shot|p1b: Pelipper
|-supereffective|p1b: Pelipper
|-enditem|p1b: Pelipper|Focus Sash
|-damage|p1b: Pelipper|1/100
|
|-weather|RainDance|[upkeep]
|upkeep
|
|t:|1757675669
|switch|p2a: Basculegion|Basculegion, L50, M|100/100
|turn|4
|inactive|Kyooby has 30 seconds left.
|inactive|Kyooby has 20 seconds left.
|
|t:|1757675708
|move|p1b: Pelipper|Protect|p1b: Pelipper
|-singleturn|p1b: Pelipper|Protect
|move|p2a: Basculegion|Last Respects|p1a: Electrode
|-damage|p1a: Electrode|0 fnt
|faint|p1a: Electrode
|move|p2b: Archaludon|Electro Shot||[still]
|-prepare|p2b: Archaludon|Electro Shot
|-boost|p2b: Archaludon|spa|1
|-anim|p2b: Archaludon|Electro Shot|p1b: Pelipper
|-activate|p1b: Pelipper|move: Protect
|
|-weather|RainDance|[upkeep]
|upkeep
|
|t:|1757675715
|switch|p1a: Basculegion|Basculegion, L50, M|100/100
|turn|5
|
|t:|1757675729
|move|p2a: Basculegion|Last Respects|p1a: Basculegion
|-supereffective|p1a: Basculegion
|-damage|p1a: Basculegion|0 fnt
|faint|p1a: Basculegion
|move|p1b: Pelipper|Hurricane|p2a: Basculegion
|-damage|p2a: Basculegion|38/100
|-start|p2a: Basculegion|confusion
|move|p2b: Archaludon|Electro Shot||[still]
|-prepare|p2b: Archaludon|Electro Shot
|-boost|p2b: Archaludon|spa|1
|-anim|p2b: Archaludon|Electro Shot|p1b: Pelipper
|-supereffective|p1b: Pelipper
|-damage|p1b: Pelipper|0 fnt
|faint|p1b: Pelipper
|
|win|luxordoodles
|raw|Kyooby's rating: 1086 → 1062(-24 for losing)
|raw|luxordoodles's rating: 1073 → 1103(+30 for winning)
