|j|☆VerVe1997
|j|☆pressinblades
|html|VerVe1997pressinblades    
|uhtml|bestof|Game 2 of a best-of-3
|t:|1782421396
|gametype|doubles
|player|p1|VerVe1997|steven|1194
|player|p2|pressinblades|steven|1170
|gen|9
|tier|[Gen 9 Champions] VGC 2026 Reg M-B (Bo3)
|rated|
|rule|Species Clause: Limit one of each Pokémon
|rule|Item Clause: Limit 1 of each item
|clearpoke
|poke|p1|Kingambit, L50, F|
|poke|p1|Metagross, L50, shiny|
|poke|p1|Gengar, L50, M, shiny|
|poke|p1|Incineroar, L50, F|
|poke|p1|Politoed, L50, M|
|poke|p1|Sinistcha-Masterpiece, L50|
|poke|p2|Talonflame, L50, M|
|poke|p2|Sneasler, L50, M|
|poke|p2|Garchomp, L50, F, shiny|
|poke|p2|Maushold, L50|
|poke|p2|Gardevoir, L50, M, shiny|
|poke|p2|Ninetales, L50, M|
|teampreview|4
|showteam|p1|Kingambit||BlackGlasses|Defiant|KowtowCleave,SuckerPunch,LowKick,Protect|Serious||F|||50|]Metagross||Metagrossite|ClearBody|PsychicFangs,IronHead,BodyPress,Protect|Adamant|||||50|]Gengar||Gengarite|CursedBody|SludgeBomb,PerishSong,Disable,Protect|Bold||M|||50|]Incineroar||SitrusBerry|Intimidate|PartingShot,FlareBlitz,FakeOut,Protect|Impish||F|||50|]Politoed||Leftovers|Drizzle|PerishSong,IceBeam,WeatherBall,Protect|Calm||M|||50|]Sinistcha-Masterpiece||KasibBerry|Hospitality|RagePowder,MatchaGotcha,StrengthSap,Protect|Bold|||||50|
|showteam|p2|Talonflame||LifeOrb|GaleWings|Protect,DualWingbeat,Tailwind,Overheat|Naive||M|||50|]Sneasler||WhiteHerb|Unburden|FakeOut,CloseCombat,DireClaw,RockTomb|Jolly||M|||50|]Garchomp||ExpertBelt|RoughSkin|Protect,RockSlide,Earthquake,DragonClaw|Adamant||F|||50|]Maushold||FocusSash|FriendGuard|Protect,SuperFang,PopulationBomb,FollowMe|Adamant|||||50|]Gardevoir||Gardevoirite|Telepathy|Protect,TrickRoom,HyperVoice,Psychic|Modest||M|||50|]Ninetales||ChoiceScarf|Drought|HeatWave,Overheat,SolarBeam,Snarl|Timid||M|||50|
|
|t:|1782421428
|teamsize|p1|4
|teamsize|p2|4
|start
|switch|p1a: Politoed|Politoed, L50, M|100/100
|switch|p1b: Incineroar|Incineroar, L50, F|100/100
|switch|p2a: Talonflame|Talonflame, L50, M|100/100
|switch|p2b: Gardevoir|Gardevoir, L50, M, shiny|100/100
|-weather|RainDance|[from] ability: Drizzle|[of] p1a: Politoed
|-ability|p1b: Incineroar|Intimidate|boost
|-unboost|p2a: Talonflame|atk|1
|-unboost|p2b: Gardevoir|atk|1
|turn|1
|
|t:|1782421475
|switch|p2a: Ninetales|Ninetales, L50, M|100/100
|-weather|SunnyDay|[from] ability: Drought|[of] p2a: Ninetales
|move|p2b: Gardevoir|Protect|p2b: Gardevoir
|-singleturn|p2b: Gardevoir|Protect
|move|p1a: Politoed|Perish Song|p1a: Politoed
|-start|p1a: Politoed|perish3|[silent]
|-start|p1b: Incineroar|perish3|[silent]
|-start|p2a: Ninetales|perish3|[silent]
|-start|p2b: Gardevoir|perish3|[silent]
|-fieldactivate|move: Perish Song
|move|p1b: Incineroar|Parting Shot|p2b: Gardevoir
|-activate|p2b: Gardevoir|move: Protect
|
|-weather|SunnyDay|[upkeep]
|-start|p2a: Ninetales|perish3
|-start|p2b: Gardevoir|perish3
|-start|p1a: Politoed|perish3
|-start|p1b: Incineroar|perish3
|upkeep
|turn|2
|
|t:|1782421500
|switch|p1a: Sinistcha|Sinistcha-Masterpiece, L50|100/100
|detailschange|p2b: Gardevoir|Gardevoir-Mega, L50, M, shiny
|-mega|p2b: Gardevoir|Gardevoir|Gardevoirite
|move|p2a: Ninetales|Solar Beam||[still]
|-prepare|p2a: Ninetales|Solar Beam
|-anim|p2a: Ninetales|Solar Beam|p1a: Sinistcha
|-resisted|p1a: Sinistcha|1
|-crit|p1a: Sinistcha
|-damage|p1a: Sinistcha|74/100
|move|p2b: Gardevoir|Hyper Voice|p1a: Sinistcha|[spread] p1a,p1b
|-damage|p1a: Sinistcha|11/100
|-damage|p1b: Incineroar|55/100
|move|p1b: Incineroar|Parting Shot|p2b: Gardevoir
|-unboost|p2b: Gardevoir|atk|1
|-unboost|p2b: Gardevoir|spa|1
|
|t:|1782421513
|switch|p1b: Gengar|Gengar, L50, M, shiny|100/100|[from] Parting Shot
|
|-weather|SunnyDay|[upkeep]
|-start|p2a: Ninetales|perish2
|-start|p2b: Gardevoir|perish2
|upkeep
|turn|3
|
|t:|1782421533
|switch|p2a: Garchomp|Garchomp, L50, F, shiny|100/100
|detailschange|p1b: Gengar|Gengar-Mega, L50, M, shiny
|-mega|p1b: Gengar|Gengar|Gengarite
|move|p1b: Gengar|Protect|p1b: Gengar
|-singleturn|p1b: Gengar|Protect
|move|p1a: Sinistcha|Protect|p1a: Sinistcha
|-singleturn|p1a: Sinistcha|Protect
|move|p2b: Gardevoir|Hyper Voice|p1a: Sinistcha|[spread] 
|-activate|p1a: Sinistcha|move: Protect
|-activate|p1b: Gengar|move: Protect
|
|-weather|SunnyDay|[upkeep]
|-start|p2b: Gardevoir|perish1
|upkeep
|turn|4
|
|t:|1782421566
|switch|p1a: Incineroar|Incineroar, L50, F|55/100
|-ability|p1a: Incineroar|Intimidate|boost
|-unboost|p2a: Garchomp|atk|1
|-unboost|p2b: Gardevoir|atk|1
|move|p1b: Gengar|Sludge Bomb|p2b: Gardevoir
|-supereffective|p2b: Gardevoir|1
|-damage|p2b: Gardevoir|13/100
|move|p2a: Garchomp|Earthquake|p1a: Incineroar|[spread] p2b,p1a,p1b
|-supereffective|p1a: Incineroar|1
|-supereffective|p1b: Gengar|1
|-damage|p2b: Gardevoir|0 fnt
|-damage|p1a: Incineroar|7/100
|-damage|p1b: Gengar|22/100
|-enditem|p1a: Incineroar|Sitrus Berry|[eat]
|-heal|p1a: Incineroar|31/100|[from] item: Sitrus Berry
|faint|p2b: Gardevoir
|
|-weather|SunnyDay|[upkeep]
|upkeep
|
|t:|1782421588
|switch|p2b: Talonflame|Talonflame, L50, M|100/100
|turn|5
|
|t:|1782421602
|switch|p1b: Politoed|Politoed, L50, M|100/100
|-weather|RainDance|[from] ability: Drizzle|[of] p1b: Politoed
|move|p2b: Talonflame|Dual Wingbeat|p1a: Incineroar
|-damage|p1a: Incineroar|18/100
|-damage|p1a: Incineroar|3/100
|-hitcount|p1a: Incineroar|2
|-damage|p2b: Talonflame|90/100|[from] item: Life Orb
|move|p2a: Garchomp|Earthquake|p1a: Incineroar|[spread] p1a,p1b
|-immune|p2b: Talonflame
|-supereffective|p1a: Incineroar|1
|-damage|p1a: Incineroar|0 fnt
|-damage|p1b: Politoed|76/100
|faint|p1a: Incineroar
|
|-weather|RainDance|[upkeep]
|-heal|p1b: Politoed|82/100|[from] item: Leftovers
|upkeep
|
|t:|1782421616
|switch|p1a: Gengar|Gengar-Mega, L50, M, shiny|22/100
|turn|6
|
|t:|1782421637
|move|p2b: Talonflame|Protect|p2b: Talonflame
|-singleturn|p2b: Talonflame|Protect
|move|p1a: Gengar|Protect|p1a: Gengar
|-singleturn|p1a: Gengar|Protect
|move|p2a: Garchomp|Earthquake|p1a: Gengar|[spread] p1b
|-activate|p2b: Talonflame|move: Protect
|-activate|p1a: Gengar|move: Protect
|-damage|p1b: Politoed|54/100
|move|p1b: Politoed|Perish Song|p1b: Politoed
|-start|p1a: Gengar|perish3|[silent]
|-start|p1b: Politoed|perish3|[silent]
|-start|p2a: Garchomp|perish3|[silent]
|-start|p2b: Talonflame|perish3|[silent]
|-fieldactivate|move: Perish Song
|
|-weather|RainDance|[upkeep]
|-heal|p1b: Politoed|60/100|[from] item: Leftovers
|-start|p2b: Talonflame|perish3
|-start|p1a: Gengar|perish3
|-start|p2a: Garchomp|perish3
|-start|p1b: Politoed|perish3
|upkeep
|turn|7
|
|t:|1782421670
|switch|p1b: Sinistcha|Sinistcha-Masterpiece, L50|11/100
|-heal|p1a: Gengar|46/100|[from] ability: Hospitality|[of] p1b: Sinistcha
|move|p2b: Talonflame|Dual Wingbeat|p1a: Gengar
|-damage|p1a: Gengar|25/100
|-damage|p1a: Gengar|6/100
|-hitcount|p1a: Gengar|2
|-damage|p2b: Talonflame|80/100|[from] item: Life Orb
|move|p1a: Gengar|Disable|p2a: Garchomp
|-start|p2a: Garchomp|Disable|Earthquake
|cant|p2a: Garchomp|Disable|Earthquake
|
|-weather|RainDance|[upkeep]
|-start|p2b: Talonflame|perish2
|-start|p1a: Gengar|perish2
|-start|p2a: Garchomp|perish2
|upkeep
|turn|8
|
|t:|1782421696
|move|p1a: Gengar|Protect|p1a: Gengar
|-singleturn|p1a: Gengar|Protect
|move|p1b: Sinistcha|Protect|p1b: Sinistcha
|-singleturn|p1b: Sinistcha|Protect
|move|p2b: Talonflame|Tailwind|p2b: Talonflame
|-sidestart|p2: pressinblades|move: Tailwind
|move|p2a: Garchomp|Rock Slide|p1a: Gengar|[spread] 
|-activate|p1a: Gengar|move: Protect
|-activate|p1b: Sinistcha|move: Protect
|
|-weather|RainDance|[upkeep]
|-start|p2b: Talonflame|perish1
|-start|p2a: Garchomp|perish1
|-start|p1a: Gengar|perish1
|upkeep
|turn|9
|
|t:|1782421735
|switch|p1a: Politoed|Politoed, L50, M|60/100
|move|p2b: Talonflame|Dual Wingbeat|p1a: Politoed
|-damage|p1a: Politoed|43/100
|-damage|p1a: Politoed|27/100
|-hitcount|p1a: Politoed|2
|-damage|p2b: Talonflame|70/100|[from] item: Life Orb
|move|p2a: Garchomp|Dragon Claw|p1a: Politoed
|-damage|p1a: Politoed|0 fnt
|faint|p1a: Politoed
|move|p1b: Sinistcha|Strength Sap|p2a: Garchomp
|-unboost|p2a: Garchomp|atk|1
|-heal|p1b: Sinistcha|85/100
|
|-weather|none
|-start|p2b: Talonflame|perish0
|-start|p2a: Garchomp|perish0
|faint|p2b: Talonflame
|faint|p2a: Garchomp
|upkeep
|
|t:|1782421752
|switch|p2b: Ninetales|Ninetales, L50, M|100/100
|switch|p1a: Gengar|Gengar-Mega, L50, M, shiny|6/100
|-weather|SunnyDay|[from] ability: Drought|[of] p2b: Ninetales
|turn|10
|
|t:|1782421791
|move|p1a: Gengar|Protect|p1a: Gengar
|-singleturn|p1a: Gengar|Protect
|move|p2b: Ninetales|Heat Wave|p1b: Sinistcha|[spread] p1b
|-activate|p1a: Gengar|move: Protect
|-supereffective|p1b: Sinistcha|1
|-damage|p1b: Sinistcha|0 fnt
|faint|p1b: Sinistcha
|
|-weather|SunnyDay|[upkeep]
|upkeep
|turn|11
|
|t:|1782421799
|move|p2b: Ninetales|Heat Wave|p1a: Gengar
|-damage|p1a: Gengar|0 fnt
|faint|p1a: Gengar
|
|win|pressinblades
||pressinblades is ready for game 3.
||VerVe1997 is ready for game 3.
|uhtml|next|Next: Game 3 of 3
