|j|☆Pelistorming
|j|☆fanman64
|html|Pelistormingfanman64    
|uhtml|bestof|Game 3 of a best-of-3
|t:|1755279035
|gametype|doubles
|player|p1|Pelistorming|winona|1167
|player|p2|fanman64|volkner|1338
|gen|9
|tier|[Gen 9] VGC 2025 Reg H (Bo3)
|rated|
|rule|Species Clause: Limit one of each Pokémon
|rule|Item Clause: Limit 1 of each item
|clearpoke
|poke|p1|Kilowattrel, L50, M|
|poke|p1|Amoonguss, L50, F|
|poke|p1|Incineroar, L50, F|
|poke|p1|Porygon2, L50|
|poke|p1|Ursaluna, L50, F|
|poke|p1|Ninetales-Alola, L50, F|
|poke|p2|Tyranitar, L50, M|
|poke|p2|Magmar, L50, M|
|poke|p2|Whimsicott, L50, F|
|poke|p2|Basculegion, L50, M|
|poke|p2|Rillaboom, L50, F|
|poke|p2|Kommo-o, L50, M|
|teampreview|4
|showteam|p1|Kilowattrel||FocusSash|Competitive|Thunderbolt,AirSlash,Tailwind,Protect|||M|||50|,,,,,Ghost]Amoonguss||SitrusBerry|Regenerator|PollenPuff,Spore,RagePowder,Protect|||F|||50|,,,,,Water]Incineroar||SafetyGoggles|Intimidate|FakeOut,FlareBlitz,KnockOff,PartingShot|||F|||50|,,,,,Ghost]Porygon2||Eviolite|Download|TeraBlast,IceBeam,Recover,TrickRoom||||||50|,,,,,Fighting]Ursaluna||FlameOrb|Guts|HeadlongRush,Facade,Earthquake,Protect|||F|||50|,,,,,Ghost]Ninetales-Alola||LifeOrb|SnowWarning|Blizzard,Moonblast,AuroraVeil,Protect|||F|||50|,,,,,Ghost
|showteam|p2|Tyranitar||AssaultVest|SandStream|RockSlide,KnockOff,LowKick,TeraBlast|||M|||50|,,,,,Flying]Magmar||Eviolite|VitalSpirit|Overheat,FollowMe,Protect,ClearSmog|||M|||50|,,,,,Fairy]Whimsicott||CovertCloak|Prankster|Moonblast,Tailwind,Protect,Encore|||F|||50|,,,,,Ghost]Basculegion||ChoiceScarf|Adaptability|WaveCrash,FlipTurn,LastRespects,AquaJet|||M|||50|,,,,,Water]Rillaboom||MiracleSeed|GrassySurge|WoodHammer,GrassyGlide,FakeOut,Uturn|||F|||50|,,,,,Grass]Kommo-o||ThroatSpray|Soundproof|ClangingScales,Flamethrower,Protect,ClangorousSoul|||M|||50|,,,,,Fire
|
|t:|1755279078
|teamsize|p1|4
|teamsize|p2|4
|start
|switch|p1a: Ninetales|Ninetales-Alola, L50, F, shiny|100/100
|switch|p1b: Incineroar|Incineroar, L50, F|100/100
|switch|p2a: Rillaboom|Rillaboom, L50, F|100/100
|switch|p2b: Tyranitar|Tyranitar, L50, M|100/100
|-weather|Snowscape|[from] ability: Snow Warning|[of] p1a: Ninetales
|-fieldstart|move: Grassy Terrain|[from] ability: Grassy Surge|[of] p2a: Rillaboom
|-ability|p1b: Incineroar|Intimidate|boost
|-unboost|p2a: Rillaboom|atk|1
|-unboost|p2b: Tyranitar|atk|1
|-weather|Sandstorm|[from] ability: Sand Stream|[of] p2b: Tyranitar
|turn|1
|
|t:|1755279107
|switch|p1a: Ursaluna|Ursaluna, L50, F|100/100
|switch|p2b: Basculegion|Basculegion, L50, M|100/100
|move|p1b: Incineroar|Fake Out|p2a: Rillaboom
|-damage|p2a: Rillaboom|89/100
|cant|p2a: Rillaboom|flinch
|
|-weather|Sandstorm|[upkeep]
|-damage|p2b: Basculegion|94/100|[from] Sandstorm
|-damage|p2a: Rillaboom|84/100|[from] Sandstorm
|-heal|p2b: Basculegion|100/100|[from] Grassy Terrain
|-heal|p2a: Rillaboom|89/100|[from] Grassy Terrain
|-status|p1a: Ursaluna|brn|[from] item: Flame Orb
|upkeep
|turn|2
|
|t:|1755279138
|-terastallize|p1b: Incineroar|Ghost
|move|p1a: Ursaluna|Protect|p1a: Ursaluna
|-singleturn|p1a: Ursaluna|Protect
|move|p2b: Basculegion|Flip Turn|p1b: Incineroar
|-damage|p1b: Incineroar|65/100
|
|t:|1755279148
|switch|p2b: Tyranitar|Tyranitar, L50, M|100/100|[from] Flip Turn
|move|p2a: Rillaboom|U-turn|p1b: Incineroar
|-resisted|p1b: Incineroar
|-damage|p1b: Incineroar|57/100
|
|t:|1755279155
|switch|p2a: Kommo-o|Kommo-o, L50, M|100/100|[from] U-turn
|move|p1b: Incineroar|Parting Shot|p2b: Tyranitar
|-unboost|p2b: Tyranitar|atk|1
|-unboost|p2b: Tyranitar|spa|1
|
|t:|1755279182
|switch|p1b: Ninetales|Ninetales-Alola, L50, F, shiny|100/100|[from] Parting Shot
|-weather|Snowscape|[from] ability: Snow Warning|[of] p1b: Ninetales
|
|-weather|Snowscape|[upkeep]
|-damage|p1a: Ursaluna|95/100 brn|[from] brn
|upkeep
|turn|3
|
|t:|1755279207
|switch|p2b: Basculegion|Basculegion, L50, M|100/100
|-terastallize|p2a: Kommo-o|Fire
|move|p1b: Ninetales|Blizzard|p2a: Kommo-o|[spread] p2a,p2b
|-resisted|p2a: Kommo-o
|-resisted|p2b: Basculegion
|-damage|p2a: Kommo-o|79/100
|-damage|p2b: Basculegion|77/100
|-damage|p1b: Ninetales|91/100|[from] item: Life Orb
|move|p2a: Kommo-o|Flamethrower|p1b: Ninetales
|-supereffective|p1b: Ninetales
|-damage|p1b: Ninetales|0 fnt
|faint|p1b: Ninetales
|move|p1a: Ursaluna|Facade|p2b: Basculegion
|-immune|p2b: Basculegion
|
|-weather|Snowscape|[upkeep]
|-heal|p2b: Basculegion|84/100|[from] Grassy Terrain
|-heal|p2a: Kommo-o|85/100|[from] Grassy Terrain
|-heal|p1a: Ursaluna|100/100 brn|[from] Grassy Terrain
|-damage|p1a: Ursaluna|95/100 brn|[from] brn
|upkeep
|
|t:|1755279216
|switch|p1b: Incineroar|Incineroar, L50, F, tera:Ghost|57/100
|-ability|p1b: Incineroar|Intimidate|boost
|-unboost|p2a: Kommo-o|atk|1
|-unboost|p2b: Basculegion|atk|1
|turn|4
|
|t:|1755279247
|move|p1b: Incineroar|Fake Out|p2a: Kommo-o
|-damage|p2a: Kommo-o|74/100
|move|p2b: Basculegion|Flip Turn|p1b: Incineroar
|-damage|p1b: Incineroar|34/100
|
|t:|1755279254
|switch|p2b: Tyranitar|Tyranitar, L50, M|100/100|[from] Flip Turn
|-weather|Sandstorm|[from] ability: Sand Stream|[of] p2b: Tyranitar
|cant|p2a: Kommo-o|flinch
|move|p1a: Ursaluna|Facade|p2b: Tyranitar
|-resisted|p2b: Tyranitar
|-damage|p2b: Tyranitar|53/100
|
|-weather|Sandstorm|[upkeep]
|-damage|p2a: Kommo-o|67/100|[from] Sandstorm
|-heal|p2a: Kommo-o|74/100|[from] Grassy Terrain
|-heal|p1b: Incineroar|40/100|[from] Grassy Terrain
|-heal|p1a: Ursaluna|100/100 brn|[from] Grassy Terrain
|-heal|p2b: Tyranitar|58/100|[from] Grassy Terrain
|-damage|p1a: Ursaluna|95/100 brn|[from] brn
|upkeep
|turn|5
|inactive|Battle timer is ON: inactive players will automatically lose when time's up. (requested by Pelistorming)
|
|t:|1755279272
|switch|p1b: Porygon2|Porygon2, L50|100/100
|-ability|p1b: Porygon2|Download|boost
|-boost|p1b: Porygon2|spa|1
|move|p1a: Ursaluna|Protect|p1a: Ursaluna
|-singleturn|p1a: Ursaluna|Protect
|move|p2a: Kommo-o|Clanging Scales|p1b: Porygon2|[spread] p1b
|-activate|p1a: Ursaluna|move: Protect
|-crit|p1b: Porygon2
|-damage|p1b: Porygon2|66/100
|-unboost|p2a: Kommo-o|def|1
|-enditem|p2a: Kommo-o|Throat Spray
|-boost|p2a: Kommo-o|spa|1|[from] item: Throat Spray
|move|p2b: Tyranitar|Low Kick|p1a: Ursaluna
|-activate|p1a: Ursaluna|move: Protect
|
|-weather|Sandstorm|[upkeep]
|-damage|p2a: Kommo-o|67/100|[from] Sandstorm
|-damage|p1b: Porygon2|59/100|[from] Sandstorm
|-heal|p2a: Kommo-o|74/100|[from] Grassy Terrain
|-heal|p1a: Ursaluna|100/100 brn|[from] Grassy Terrain
|-heal|p2b: Tyranitar|64/100|[from] Grassy Terrain
|-heal|p1b: Porygon2|66/100|[from] Grassy Terrain
|-damage|p1a: Ursaluna|95/100 brn|[from] brn
|-fieldend|move: Grassy Terrain
|upkeep
|turn|6
|inactive|Pelistorming has 30 seconds left.
|
|t:|1755279302
|switch|p1a: Incineroar|Incineroar, L50, F, tera:Ghost|40/100
|-ability|p1a: Incineroar|Intimidate|boost
|-unboost|p2a: Kommo-o|atk|1
|-unboost|p2b: Tyranitar|atk|1
|move|p2a: Kommo-o|Clanging Scales|p1a: Incineroar|[spread] p1a,p1b
|-damage|p1a: Incineroar|0 fnt
|-damage|p1b: Porygon2|29/100
|faint|p1a: Incineroar
|-unboost|p2a: Kommo-o|def|1
|move|p2b: Tyranitar|Low Kick|p1b: Porygon2
|-supereffective|p1b: Porygon2
|-damage|p1b: Porygon2|7/100
|move|p1b: Porygon2|Trick Room|p1b: Porygon2
|-fieldstart|move: Trick Room|[of] p1b: Porygon2
|
|-weather|Sandstorm|[upkeep]
|-damage|p1b: Porygon2|1/100|[from] Sandstorm
|-damage|p2a: Kommo-o|67/100|[from] Sandstorm
|upkeep
|
|t:|1755279313
|switch|p1a: Ursaluna|Ursaluna, L50, F|95/100 brn
|turn|7
|
|t:|1755279329
|move|p1b: Porygon2|Recover|p1b: Porygon2
|-heal|p1b: Porygon2|51/100
|move|p2b: Tyranitar|Low Kick|p1a: Ursaluna
|-supereffective|p1a: Ursaluna
|-damage|p1a: Ursaluna|44/100 brn
|move|p1a: Ursaluna|Facade|p2a: Kommo-o
|-crit|p2a: Kommo-o
|-damage|p2a: Kommo-o|0 fnt
|faint|p2a: Kommo-o
|
|-weather|Sandstorm|[upkeep]
|-damage|p1b: Porygon2|45/100|[from] Sandstorm
|-damage|p1a: Ursaluna|39/100 brn|[from] brn
|upkeep
|
|t:|1755279341
|switch|p2a: Rillaboom|Rillaboom, L50, F|89/100
|-fieldstart|move: Grassy Terrain|[from] ability: Grassy Surge|[of] p2a: Rillaboom
|turn|8
|inactive|Pelistorming has 30 seconds left.
|
|t:|1755279374
|move|p2a: Rillaboom|Fake Out|p1b: Porygon2
|-damage|p1b: Porygon2|35/100
|cant|p1b: Porygon2|flinch
|move|p2b: Tyranitar|Low Kick|p1a: Ursaluna
|-supereffective|p1a: Ursaluna
|-damage|p1a: Ursaluna|0 fnt
|faint|p1a: Ursaluna
|
|-weather|none
|-heal|p1b: Porygon2|41/100|[from] Grassy Terrain
|-heal|p2b: Tyranitar|70/100|[from] Grassy Terrain
|-heal|p2a: Rillaboom|95/100|[from] Grassy Terrain
|upkeep
|turn|9
|
|t:|1755279391
|move|p1b: Porygon2|Ice Beam|p2a: Rillaboom
|-supereffective|p2a: Rillaboom
|-damage|p2a: Rillaboom|0 fnt
|faint|p2a: Rillaboom
|move|p2b: Tyranitar|Knock Off|p1b: Porygon2
|-damage|p1b: Porygon2|16/100
|-enditem|p1b: Porygon2|Eviolite|[from] move: Knock Off|[of] p2b: Tyranitar
|
|-heal|p1b: Porygon2|22/100|[from] Grassy Terrain
|-heal|p2b: Tyranitar|76/100|[from] Grassy Terrain
|upkeep
|
|t:|1755279395
|switch|p2a: Basculegion|Basculegion, L50, M|84/100
|turn|10
|inactive|Pelistorming has 30 seconds left.
|
|t:|1755279421
|move|p1b: Porygon2|Ice Beam|p2a: Basculegion
|-resisted|p2a: Basculegion
|-damage|p2a: Basculegion|59/100
|-status|p2a: Basculegion|frz
|move|p2b: Tyranitar|Low Kick|p1b: Porygon2
|-supereffective|p1b: Porygon2
|-damage|p1b: Porygon2|0 fnt
|faint|p1b: Porygon2
|
|win|fanman64
|raw|Pelistorming's rating: 1167 → 1153(-14 for losing)
|raw|fanman64's rating: 1338 → 1349(+11 for winning)
