|j|☆neuesspielzeug
|j|☆bpecina03
|html|neuesspielzeugbpecina03    
|uhtml|bestof|Game 2 of a best-of-3
|t:|1784519571
|gametype|doubles
|player|p1|neuesspielzeug|2|1227
|player|p2|bpecina03|169|1238
|gen|9
|tier|[Gen 9 Champions] VGC 2026 Reg M-B (Bo3)
|rated|
|rule|Species Clause: Limit one of each Pokémon
|rule|Item Clause: Limit 1 of each item
|clearpoke
|poke|p1|Scrafty, L50, F|
|poke|p1|Toxapex, L50, F|
|poke|p1|Metagross, L50|
|poke|p1|Chandelure, L50, M|
|poke|p1|Hydreigon, L50, F|
|poke|p1|Sneasler, L50, F|
|poke|p2|Delphox, L50, M|
|poke|p2|Meowscarada, L50, F|
|poke|p2|Kingambit, L50, F|
|poke|p2|Aerodactyl, L50, M|
|poke|p2|Sylveon, L50, F|
|poke|p2|Basculegion, L50, M|
|teampreview|4
|showteam|p1|Scrafty||Scraftinite|Intimidate|FakeOut,DrainPunch,KnockOff,PoisonJab|Careful||F|||50|]Toxapex||Leftovers|Regenerator|Infestation,Toxic,BanefulBunker,WideGuard|Bold||F|||50|]Metagross||Metagrossite|ClearBody|PsychicFangs,StompingTantrum,IcePunch,Protect|Jolly|||||50|]Chandelure||FocusSash|FlashFire|EnergyBall,HeatWave,ShadowBall,Protect|Timid||M|||50|]Hydreigon||ChoiceScarf|Levitate|DracoMeteor,Snarl,DarkPulse,EarthPower|Modest||F|||50|]Sneasler||LifeOrb|PoisonTouch|FakeOut,CloseCombat,DireClaw,Protect|Jolly||F|||50|
|showteam|p2|Delphox||Delphoxite|Blaze|Protect,Encore,HeatWave,Psychic|Timid||M|||50|]Meowscarada||ChoiceScarf|Protean|TripleAxel,KnockOff,FlowerTrick,Uturn|Adamant||F|||50|]Kingambit||LifeOrb|Defiant|KowtowCleave,IronHead,SuckerPunch,Protect|Adamant||F|||50|]Aerodactyl||Aerodactylite|Unnerve|RockSlide,Tailwind,Protect,DualWingbeat|Jolly||M|||50|]Sylveon||FairyFeather|Pixilate|Protect,HyperVoice,HyperBeam,QuickAttack|Modest||F|||50|]Basculegion||FocusSash|Adaptability|LastRespects,Liquidation,AquaJet,Protect|Jolly||M|||50|
|inactive|Battle timer is ON: inactive players will automatically lose when time's up. (requested by bpecina03)
|
|t:|1784519639
|teamsize|p1|4
|teamsize|p2|4
|start
|switch|p1a: Toxapex|Toxapex, L50, F|100/100
|switch|p1b: Hydreigon|Hydreigon, L50, F|100/100
|switch|p2a: Delphox|Delphox, L50, M|100/100
|switch|p2b: Kingambit|Kingambit, L50, F|100/100
|turn|1
|
|t:|1784519654
|detailschange|p2a: Delphox|Delphox-Mega, L50, M
|-mega|p2a: Delphox|Delphox|Delphoxite
|move|p1b: Hydreigon|Dark Pulse|p2a: Delphox
|-supereffective|p2a: Delphox|1
|-damage|p2a: Delphox|18/100
|move|p2a: Delphox|Psychic|p1a: Toxapex
|-supereffective|p1a: Toxapex|1
|-damage|p1a: Toxapex|27/100
|move|p2b: Kingambit|Kowtow Cleave|p1a: Toxapex
|-damage|p1a: Toxapex|0 fnt
|faint|p1a: Toxapex
|-damage|p2b: Kingambit|90/100|[from] item: Life Orb
|
|upkeep
|
|t:|1784519667
|switch|p1a: Sneasler|Sneasler, L50, F|100/100
|turn|2
|
|t:|1784519677
|switch|p2b: Basculegion|Basculegion, L50, M|100/100
|move|p2a: Delphox|Protect|p2a: Delphox
|-singleturn|p2a: Delphox|Protect
|move|p1b: Hydreigon|Dark Pulse|p2a: Delphox
|-activate|p2a: Delphox|move: Protect
|move|p1a: Sneasler|Dire Claw|p2a: Delphox
|-activate|p2a: Delphox|move: Protect
|
|upkeep
|turn|3
|
|t:|1784519691
|move|p1a: Sneasler|Protect|p1a: Sneasler
|-singleturn|p1a: Sneasler|Protect
|move|p1b: Hydreigon|Dark Pulse|p2a: Delphox
|-supereffective|p2a: Delphox|1
|-damage|p2a: Delphox|0 fnt
|faint|p2a: Delphox
|move|p2b: Basculegion|Last Respects|p1a: Sneasler
|-activate|p1a: Sneasler|move: Protect
|
|upkeep
|
|t:|1784519700
|switch|p2a: Meowscarada|Meowscarada, L50, F|100/100
|turn|4
|
|t:|1784519714
|switch|p1b: Metagross|Metagross, L50|100/100
|move|p2a: Meowscarada|Triple Axel|p1b: Metagross|[miss]
|-start|p2a: Meowscarada|typechange|Ice|[from] ability: Protean
|-miss|p2a: Meowscarada|p1b: Metagross
|move|p1a: Sneasler|Close Combat|p2a: Meowscarada
|-supereffective|p2a: Meowscarada|1
|-damage|p2a: Meowscarada|0 fnt
|-unboost|p1a: Sneasler|def|1
|-unboost|p1a: Sneasler|spd|1
|faint|p2a: Meowscarada
|-damage|p1a: Sneasler|90/100|[from] item: Life Orb
|move|p2b: Basculegion|Last Respects|p1a: Sneasler
|-damage|p1a: Sneasler|0 fnt
|faint|p1a: Sneasler
|
|upkeep
|
|t:|1784519730
|switch|p1a: Hydreigon|Hydreigon, L50, F|100/100
|switch|p2a: Kingambit|Kingambit, L50, F|90/100
|turn|5
|inactive|neuesspielzeug has 30 seconds left.
|
|t:|1784519758
|move|p1b: Metagross|Protect|p1b: Metagross
|-singleturn|p1b: Metagross|Protect
|move|p1a: Hydreigon|Dark Pulse|p2b: Basculegion
|-supereffective|p2b: Basculegion|1
|-damage|p2b: Basculegion|2/100
|move|p2b: Basculegion|Last Respects|p1b: Metagross
|-activate|p1b: Metagross|move: Protect
|move|p2a: Kingambit|Iron Head|p1a: Hydreigon
|-damage|p1a: Hydreigon|23/100
|-damage|p2a: Kingambit|80/100|[from] item: Life Orb
|
|upkeep
|turn|6
|
|t:|1784519777
|detailschange|p1b: Metagross|Metagross-Mega, L50
|-mega|p1b: Metagross|Metagross|Metagrossite
|move|p2a: Kingambit|Sucker Punch|p1a: Hydreigon
|-resisted|p1a: Hydreigon|1
|-damage|p1a: Hydreigon|0 fnt
|faint|p1a: Hydreigon
|-damage|p2a: Kingambit|71/100|[from] item: Life Orb
|move|p1b: Metagross|Stomping Tantrum|p2a: Kingambit
|-supereffective|p2a: Kingambit|1
|-damage|p2a: Kingambit|14/100
|move|p2b: Basculegion|Last Respects|p1b: Metagross
|-supereffective|p1b: Metagross|1
|-damage|p1b: Metagross|0 fnt
|faint|p1b: Metagross
|
|win|bpecina03
