|j|☆Blu3Breath
|j|☆WexfordWarri0r
|html|Blu3BreathWexfordWarri0r    
|uhtml|bestof|Game 1 of a best-of-3
|t:|1783277862
|gametype|doubles
|player|p1|Blu3Breath|veteran|
|player|p2|WexfordWarri0r|169|
|gen|9
|tier|[Gen 9 Champions] VGC 2026 Reg M-B (Bo3)
|rule|Species Clause: Limit one of each Pokémon
|rule|Item Clause: Limit 1 of each item
|clearpoke
|poke|p1|Gengar, L50, F, shiny|
|poke|p1|Swampert, L50, M, shiny|
|poke|p1|Incineroar, L50, F|
|poke|p1|Politoed, L50, F|
|poke|p1|Archaludon, L50, M|
|poke|p1|Vivillon, L50, F|
|poke|p2|Gengar, L50, M|
|poke|p2|Swampert, L50, M|
|poke|p2|Incineroar, L50, M|
|poke|p2|Politoed, L50, F|
|poke|p2|Archaludon, L50, M|
|poke|p2|Vivillon-Ocean, L50, M|
|teampreview|4
|showteam|p1|Gengar||Gengarite|CursedBody|ShadowBall,PerishSong,SludgeBomb,Protect|Timid||F|||50|]Swampert||Swampertite|Torrent|WaveCrash,Earthquake,IcePunch,Protect|Adamant||M|||50|]Incineroar||PasshoBerry|Intimidate|ThroatChop,PartingShot,FakeOut,Protect|Sassy||F|||50|]Politoed||SitrusBerry|Drizzle|WeatherBall,PerishSong,Encore,Protect|Calm||F|||50|]Archaludon||Leftovers|Stamina|DragonPulse,FlashCannon,ElectroShot,Protect|Bold||M|||50|]Vivillon||FocusSash|CompoundEyes|Hurricane,SleepPowder,RagePowder,Protect|Timid||F|||50|
|showteam|p2|Gengar||Gengarite|CursedBody|ShadowBall,PerishSong,SludgeBomb,Protect|Timid||M|||50|]Swampert||Swampertite|Torrent|WaveCrash,Earthquake,IcePunch,Protect|Adamant||M|||50|]Incineroar||PasshoBerry|Intimidate|ThroatChop,PartingShot,FakeOut,Protect|Sassy||M|||50|]Politoed||SitrusBerry|Drizzle|WeatherBall,PerishSong,Encore,Protect|Calm||F|||50|]Archaludon||Leftovers|Stamina|DragonPulse,FlashCannon,ElectroShot,Protect|Bold||M|||50|]Vivillon-Ocean||FocusSash|CompoundEyes|Hurricane,SleepPowder,RagePowder,Protect|Timid||M|||50|
|c|☆Blu3Breath|gl hf
|c|☆WexfordWarri0r|Glhf brother
|c|☆WexfordWarri0r|nice team ahaha
|c|☆Blu3Breath|u2 haha
|j| nkgill1101
|j| Coldflame2802
|j| The Maknoon
|n| RadiantSteelix|radiantsteelix
|
|t:|1783277980
|teamsize|p1|4
|teamsize|p2|4
|start
|switch|p1a: Vivillon|Vivillon, L50, F|100/100
|switch|p1b: Swampert|Swampert, L50, M, shiny|100/100
|switch|p2a: Vivillon|Vivillon-Ocean, L50, M|100/100
|switch|p2b: Gengar|Gengar, L50, M|100/100
|turn|1
|
|t:|1783278003
|detailschange|p1b: Swampert|Swampert-Mega, L50, M, shiny
|-mega|p1b: Swampert|Swampert|Swampertite
|move|p2b: Gengar|Protect|p2b: Gengar
|-singleturn|p2b: Gengar|Protect
|move|p2a: Vivillon|Sleep Powder|p1b: Swampert
|-status|p1b: Swampert|slp|[from] move: Sleep Powder
|move|p1a: Vivillon|Sleep Powder|p2a: Vivillon
|-status|p2a: Vivillon|slp|[from] move: Sleep Powder
|cant|p1b: Swampert|slp
|
|upkeep
|turn|2
|j| ab0ve5029
|j| Combustandy
|
|t:|1783278036
|detailschange|p2b: Gengar|Gengar-Mega, L50, M
|-mega|p2b: Gengar|Gengar|Gengarite
|cant|p2a: Vivillon|slp
|move|p2b: Gengar|Perish Song|p2b: Gengar
|-start|p1a: Vivillon|perish3|[silent]
|-start|p1b: Swampert|perish3|[silent]
|-start|p2a: Vivillon|perish3|[silent]
|-start|p2b: Gengar|perish3|[silent]
|-fieldactivate|move: Perish Song
|move|p1a: Vivillon|Sleep Powder|p2b: Gengar
|-status|p2b: Gengar|slp|[from] move: Sleep Powder
|-curestatus|p1b: Swampert|slp|[msg]
|move|p1b: Swampert|Earthquake|p2b: Gengar|[spread] p2b
|-immune|p1a: Vivillon
|-immune|p2a: Vivillon
|-supereffective|p2b: Gengar|1
|-damage|p2b: Gengar|0 fnt
|faint|p2b: Gengar
|
|-start|p1a: Vivillon|perish3
|-start|p2a: Vivillon|perish3
|-start|p1b: Swampert|perish3
|upkeep
|
|t:|1783278058
|switch|p2b: Incineroar|Incineroar, L50, M|100/100
|-ability|p2b: Incineroar|Intimidate|boost
|-unboost|p1a: Vivillon|atk|1
|-unboost|p1b: Swampert|atk|1
|turn|3
|
|t:|1783278069
|switch|p1a: Archaludon|Archaludon, L50, M|100/100
|move|p2b: Incineroar|Fake Out|p1b: Swampert
|-damage|p1b: Swampert|90/100
|cant|p2a: Vivillon|slp
|cant|p1b: Swampert|flinch
|
|-start|p2a: Vivillon|perish2
|-start|p1b: Swampert|perish2
|upkeep
|turn|4
|
|t:|1783278095
|move|p2b: Incineroar|Protect|p2b: Incineroar
|-singleturn|p2b: Incineroar|Protect
|-curestatus|p2a: Vivillon|slp|[msg]
|move|p2a: Vivillon|Sleep Powder|p1b: Swampert
|-status|p1b: Swampert|slp|[from] move: Sleep Powder
|cant|p1b: Swampert|slp
|move|p1a: Archaludon|Dragon Pulse|p2a: Vivillon
|-damage|p2a: Vivillon|23/100
|
|-start|p2a: Vivillon|perish1
|-start|p1b: Swampert|perish1
|upkeep
|turn|5
|
|t:|1783278108
|switch|p2a: Swampert|Swampert, L50, M|100/100
|switch|p1b: Vivillon|Vivillon, L50, F|100/100
|move|p1a: Archaludon|Protect|p1a: Archaludon
|-singleturn|p1a: Archaludon|Protect
|move|p2b: Incineroar|Parting Shot|p1a: Archaludon
|-activate|p1a: Archaludon|move: Protect
|
|upkeep
|turn|6
|
|t:|1783278122
|switch|p2b: Vivillon|Vivillon-Ocean, L50, M|23/100
|move|p1b: Vivillon|Sleep Powder|p2a: Swampert
|-status|p2a: Swampert|slp|[from] move: Sleep Powder
|cant|p2a: Swampert|slp
|move|p1a: Archaludon|Dragon Pulse|p2b: Vivillon
|-damage|p2b: Vivillon|0 fnt
|faint|p2b: Vivillon
|
|upkeep
|
|t:|1783278127
|switch|p2b: Incineroar|Incineroar, L50, M|100/100
|-ability|p2b: Incineroar|Intimidate|boost
|-unboost|p1a: Archaludon|atk|1
|-unboost|p1b: Vivillon|atk|1
|turn|7
|
|t:|1783278134
|move|p2b: Incineroar|Fake Out|p1b: Vivillon
|-damage|p1b: Vivillon|78/100
|cant|p1b: Vivillon|flinch
|cant|p2a: Swampert|slp
|move|p1a: Archaludon|Dragon Pulse|p2a: Swampert
|-damage|p2a: Swampert|60/100 slp
|
|upkeep
|turn|8
|
|t:|1783278142
|move|p1b: Vivillon|Sleep Powder|p2b: Incineroar
|-status|p2b: Incineroar|slp|[from] move: Sleep Powder
|-curestatus|p2a: Swampert|slp|[msg]
|move|p2a: Swampert|Earthquake|p1b: Vivillon|[spread] p2b,p1a
|-immune|p1b: Vivillon
|-supereffective|p2b: Incineroar|1
|-supereffective|p1a: Archaludon|1
|-damage|p2b: Incineroar|34/100 slp
|-damage|p1a: Archaludon|53/100
|-ability|p1a: Archaludon|Stamina|boost
|-boost|p1a: Archaludon|def|1
|move|p1a: Archaludon|Dragon Pulse|p2a: Swampert
|-damage|p2a: Swampert|22/100
|cant|p2b: Incineroar|slp
|
|-heal|p1a: Archaludon|59/100|[from] item: Leftovers
|upkeep
|turn|9
|
|t:|1783278156
|cant|p2b: Incineroar|slp
|move|p1b: Vivillon|Hurricane|p2a: Swampert
|-damage|p2a: Swampert|0 fnt
|faint|p2a: Swampert
|move|p1a: Archaludon|Dragon Pulse|p2b: Incineroar
|-damage|p2b: Incineroar|7/100 slp
|
|-heal|p1a: Archaludon|65/100|[from] item: Leftovers
|upkeep
|turn|10
|
|t:|1783278163
|move|p1b: Vivillon|Hurricane|p2b: Incineroar
|-damage|p2b: Incineroar|0 fnt
|faint|p2b: Incineroar
|
|win|Blu3Breath
||Blu3Breath is ready for game 2.
|inactive|WexfordWarri0r has 30 seconds to confirm battle start!
|c|☆WexfordWarri0r|Gg
||WexfordWarri0r is ready for game 2.
|uhtml|next|Next: Game 2 of 3
|c|☆Blu3Breath|gg
|j| Cynthia's grippers
|l| RadiantSteelix
|l| nkgill1101
|l| Coldflame2802
|l| Cynthia's grippers
|l| Combustandy
|l| ab0ve5029
|l| The Maknoon
|l|☆WexfordWarri0r
|player|p2|
