|j|☆Yenabi
|j|☆stanhoff
|html|Yenabistanhoff    
|uhtml|bestof|Game 2 of a best-of-3
|t:|1756557290
|gametype|doubles
|player|p1|Yenabi|169|1124
|player|p2|stanhoff|falkner|1086
|gen|9
|tier|[Gen 9] VGC 2025 Reg H (Bo3)
|rated|
|rule|Species Clause: Limit one of each Pokémon
|rule|Item Clause: Limit 1 of each item
|clearpoke
|poke|p1|Archaludon, L50, F|
|poke|p1|Dragonite, L50, M|
|poke|p1|Pelipper, L50, F|
|poke|p1|Ursaluna, L50, F|
|poke|p1|Sinistcha, L50|
|poke|p1|Gholdengo, L50|
|poke|p2|Inteleon, L50, F|
|poke|p2|Salazzle, L50, F|
|poke|p2|Meowscarada, L50, F|
|poke|p2|Annihilape, L50, F|
|poke|p2|Murkrow, L50, F|
|poke|p2|Indeedee, L50, M|
|teampreview|4
|showteam|p1|Archaludon||AssaultVest|Stamina|FlashCannon,BodyPress,ElectroShot,Snarl|||F|||50|,,,,,Fighting]Dragonite||LoadedDice|Multiscale|ScaleShot,Tailwind,Haze,Protect|||M|||50|,,,,,Fairy]Pelipper||FocusSash|Drizzle|MuddyWater,Hurricane,Tailwind,Protect|||F|||50|,,,,,Ghost]Ursaluna||FlameOrb|Guts|Facade,HeadlongRush,Earthquake,Protect|||F|||50|,,,,,Ghost]Sinistcha||SitrusBerry|Hospitality|MatchaGotcha,LifeDew,RagePowder,TrickRoom||||||50|,,,,,Dark]Gholdengo||ChoiceScarf|GoodasGold|MakeItRain,ShadowBall,PowerGem,Trick||||||50|,,,,,Flying
|showteam|p2|Inteleon||ScopeLens|Sniper|SnipeShot,AirCutter,VacuumWave,Protect|||F|||50|,,,,,Stellar]Salazzle||FocusSash|Oblivious|FakeOut,DragonCheer,FakeTears,HeatWave|||F|||50|,,,,,Ghost]Meowscarada||CovertCloak|Protean|FlowerTrick,TripleAxel,SkillSwap,Protect|||F|||50|,,,,,Poison]Annihilape||ChoiceScarf|VitalSpirit|ShadowClaw,FinalGambit,CloseCombat,Uturn|||F|||50|,,,,,Ghost]Murkrow||Eviolite|Prankster|Tailwind,RainDance,FoulPlay,Haze|||F|||50|,,,,,Ghost]Indeedee||IronBall|PsychicSurge|AfterYou,HelpingHand,ExpandingForce,TrickRoom|||M|||50|,,,,,Fairy
|inactive|Battle timer is ON: inactive players will automatically lose when time's up. (requested by Yenabi)
|inactive|stanhoff has 60 seconds left.
|
|t:|1756557365
|teamsize|p1|4
|teamsize|p2|4
|start
|switch|p1a: Dragonite|Dragonite, L50, M|100/100
|switch|p1b: Archaludon|Archaludon, L50, F|100/100
|switch|p2a: Meowscarada|Meowscarada, L50, F|100/100
|switch|p2b: Annihilape|Annihilape, L50, F|100/100
|turn|1
|inactive|Yenabi has 30 seconds left.
|inactive|stanhoff has 30 seconds left.
|
|t:|1756557396
|move|p1a: Dragonite|Protect|p1a: Dragonite
|-singleturn|p1a: Dragonite|Protect
|move|p2b: Annihilape|U-turn|p1b: Archaludon
|-resisted|p1b: Archaludon
|-damage|p1b: Archaludon|94/100
|-ability|p1b: Archaludon|Stamina|boost
|-boost|p1b: Archaludon|def|1
|
|t:|1756557402
|switch|p2b: Salazzle|Salazzle, L50, F|100/100|[from] U-turn
|move|p2a: Meowscarada|Triple Axel|p1a: Dragonite
|-start|p2a: Meowscarada|typechange|Ice|[from] ability: Protean
|-activate|p1a: Dragonite|move: Protect
|move|p1b: Archaludon|Body Press|p2a: Meowscarada
|-supereffective|p2a: Meowscarada
|-damage|p2a: Meowscarada|0 fnt
|faint|p2a: Meowscarada
|
|upkeep
|
|t:|1756557405
|switch|p2a: Inteleon|Inteleon, L50, F|100/100
|turn|2
|
|t:|1756557420
|switch|p1a: Pelipper|Pelipper, L50, F|100/100
|-weather|RainDance|[from] ability: Drizzle|[of] p1a: Pelipper
|move|p2a: Inteleon|Protect|p2a: Inteleon
|-singleturn|p2a: Inteleon|Protect
|move|p2b: Salazzle|Dragon Cheer|p2a: Inteleon
|-start|p2a: Inteleon|move: Dragon Cheer
|move|p1b: Archaludon|Electro Shot||[still]
|-prepare|p1b: Archaludon|Electro Shot
|-boost|p1b: Archaludon|spa|1
|-anim|p1b: Archaludon|Electro Shot|p2a: Inteleon
|-activate|p2a: Inteleon|move: Protect
|
|-weather|RainDance|[upkeep]
|upkeep
|turn|3
|
|t:|1756557436
|-terastallize|p2a: Inteleon|Stellar
|move|p2b: Salazzle|Fake Tears|p1b: Archaludon
|-unboost|p1b: Archaludon|spd|2
|move|p2a: Inteleon|Snipe Shot|p1b: Archaludon
|-resisted|p1b: Archaludon
|-crit|p1b: Archaludon
|-damage|p1b: Archaludon|0 fnt
|faint|p1b: Archaludon
|move|p1a: Pelipper|Tailwind|p1a: Pelipper
|-sidestart|p1: Yenabi|move: Tailwind
|
|-weather|RainDance|[upkeep]
|upkeep
|
|t:|1756557445
|switch|p1b: Dragonite|Dragonite, L50, M|100/100
|turn|4
|
|t:|1756557451
|switch|p2b: Annihilape|Annihilape, L50, F|100/100
|move|p2a: Inteleon|Protect|p2a: Inteleon
|-singleturn|p2a: Inteleon|Protect
|move|p1b: Dragonite|Scale Shot|p2a: Inteleon
|-activate|p2a: Inteleon|move: Protect
|move|p1a: Pelipper|Muddy Water|p2a: Inteleon|[spread] p2b
|-activate|p2a: Inteleon|move: Protect
|-damage|p2b: Annihilape|65/100
|
|-weather|RainDance|[upkeep]
|upkeep
|turn|5
|
|t:|1756557470
|switch|p2a: Salazzle|Salazzle, L50, F|100/100
|move|p1b: Dragonite|Scale Shot|p2a: Salazzle
|-damage|p2a: Salazzle|73/100
|-damage|p2a: Salazzle|44/100
|-damage|p2a: Salazzle|16/100
|-damage|p2a: Salazzle|0 fnt
|faint|p2a: Salazzle
|-hitcount|p2: Salazzle|4
|-unboost|p1b: Dragonite|def|1
|-boost|p1b: Dragonite|spe|1
|move|p1a: Pelipper|Muddy Water|p2b: Annihilape
|-damage|p2b: Annihilape|9/100
|-unboost|p2b: Annihilape|accuracy|1
|move|p2b: Annihilape|Final Gambit|p1b: Dragonite
|-damage|p1b: Dragonite|90/100
|faint|p2b: Annihilape
|
|-weather|RainDance|[upkeep]
|upkeep
|
|t:|1756557476
|switch|p2b: Inteleon|Inteleon, L50, F, tera:Stellar|100/100
|turn|6
|
|t:|1756557498
|switch|p1b: Sinistcha|Sinistcha, L50|100/100
|move|p2b: Inteleon|Protect|p2b: Inteleon
|-singleturn|p2b: Inteleon|Protect
|move|p1a: Pelipper|Hurricane|p2b: Inteleon
|-activate|p2b: Inteleon|move: Protect
|
|-weather|none
|-sideend|p1: Yenabi|move: Tailwind
|upkeep
|turn|7
|
|t:|1756557514
|move|p2b: Inteleon|Snipe Shot|p1b: Sinistcha
|-resisted|p1b: Sinistcha
|-damage|p1b: Sinistcha|80/100
|move|p1a: Pelipper|Tailwind|p1a: Pelipper
|-sidestart|p1: Yenabi|move: Tailwind
|move|p1b: Sinistcha|Matcha Gotcha|p2b: Inteleon|[miss]
|-miss|p1b: Sinistcha|p2b: Inteleon
|
|upkeep
|turn|8
|
|t:|1756557523
|move|p1a: Pelipper|Muddy Water|p2b: Inteleon
|-resisted|p2b: Inteleon
|-damage|p2b: Inteleon|70/100
|move|p1b: Sinistcha|Matcha Gotcha|p2b: Inteleon
|-supereffective|p2b: Inteleon
|-damage|p2b: Inteleon|0 fnt
|-heal|p1b: Sinistcha|100/100|[from] drain|[of] p2b: Inteleon
|faint|p2b: Inteleon
|
|win|Yenabi
|raw|Yenabi's rating: 1124 → 1146(+22 for winning)
|raw|stanhoff's rating: 1086 → 1066(-20 for losing)
