|j|☆oranges8306624
|j|☆naibot2814
|html|oranges8306624naibot2814    
|uhtml|bestof|Game 1 of a best-of-3
|t:|1756329922
|gametype|doubles
|player|p1|oranges8306624|dawn|1020
|player|p2|naibot2814|ghetsis|1101
|gen|9
|tier|[Gen 9] VGC 2025 Reg H (Bo3)
|rated|
|rule|Species Clause: Limit one of each Pokémon
|rule|Item Clause: Limit 1 of each item
|clearpoke
|poke|p1|Dragonite, L50, M|
|poke|p1|Porygon-Z, L50|
|poke|p1|Volcarona, L50, M|
|poke|p1|Scizor, L50, F|
|poke|p1|Farigiraf, L50, F|
|poke|p1|Whimsicott, L50, F|
|poke|p2|Gholdengo, L50|
|poke|p2|Pelipper, L50, M|
|poke|p2|Archaludon, L50, M|
|poke|p2|Amoonguss, L50, M|
|poke|p2|Incineroar, L50, M|
|poke|p2|Dragonite, L50, M|
|teampreview|4
|showteam|p1|Dragonite||ChoiceBand|InnerFocus|ExtremeSpeed,ScaleShot,IceSpinner,StoneEdge|||M|||50|,,,,,Normal]Porygon-Z||SilkScarf|Adaptability|TriAttack,IcyWind,Psychic,Protect||||||50|,,,,,Ghost]Volcarona||Charcoal|FlameBody|QuiverDance,HeatWave,BugBuzz,Protect|||M|||50|,,,,,Water]Scizor||IronPlate|Technician|SwordsDance,BulletPunch,BugBite,Protect|||F|||50|,,,,,Fire]Farigiraf||ThroatSpray|ArmorTail|HyperVoice,DazzlingGleam,Thunder,Protect|||F|||50|,,,,,Dark]Whimsicott||FocusSash|Prankster|Tailwind,Taunt,Moonblast,Protect|||F|||50|,,,,,Steel
|showteam|p2|Gholdengo||LifeOrb|GoodasGold|MakeItRain,NastyPlot,Protect,ShadowBall||||||50|,,,,,Fairy]Pelipper||FocusSash|Drizzle|Hurricane,MuddyWater,WeatherBall,Tailwind|||M|||50|,,,,,Water]Archaludon||AssaultVest|Stamina|BodyPress,ElectroShot,FlashCannon,DragonPulse|||M|||50|,,,,,Grass]Amoonguss||CovertCloak|Regenerator|PollenPuff,RagePowder,Spore,SludgeBomb|||M|||50|,,,,,Fairy]Incineroar||MirrorHerb|Intimidate|FlareBlitz,FakeOut,PartingShot,KnockOff|||M|||50|,,,,,Ghost]Dragonite||LoadedDice|Multiscale|ScaleShot,ExtremeSpeed,Haze,Tailwind|||M|||50|,,,,,Fairy
|inactive|Battle timer is ON: inactive players will automatically lose when time's up. (requested by oranges8306624)
|
|t:|1756329954
|teamsize|p1|4
|teamsize|p2|4
|start
|switch|p1a: Dragonite|Dragonite, L50, M|100/100
|switch|p1b: Whimsicott|Whimsicott, L50, F, shiny|100/100
|switch|p2a: Dragonite|Dragonite, L50, M|100/100
|switch|p2b: Pelipper|Pelipper, L50, M|100/100
|-weather|RainDance|[from] ability: Drizzle|[of] p2b: Pelipper
|turn|1
|
|t:|1756329975
|switch|p2a: Archaludon|Archaludon, L50, M|100/100
|-terastallize|p1a: Dragonite|Normal
|move|p1a: Dragonite|Extreme Speed|p2a: Archaludon
|-resisted|p2a: Archaludon
|-damage|p2a: Archaludon|74/100
|-ability|p2a: Archaludon|Stamina|boost
|-boost|p2a: Archaludon|def|1
|move|p1b: Whimsicott|Tailwind|p1b: Whimsicott
|-sidestart|p1: oranges8306624|move: Tailwind
|move|p2b: Pelipper|Tailwind|p2b: Pelipper
|-sidestart|p2: naibot2814|move: Tailwind
|
|-weather|RainDance|[upkeep]
|upkeep
|turn|2
|
|t:|1756329999
|move|p1a: Dragonite|Extreme Speed|p2b: Pelipper
|-damage|p2b: Pelipper|1/100
|move|p1b: Whimsicott|Moonblast|p2a: Archaludon
|-damage|p2a: Archaludon|48/100
|-ability|p2a: Archaludon|Stamina|boost
|-boost|p2a: Archaludon|def|1
|move|p2b: Pelipper|Muddy Water|p1b: Whimsicott|[spread] p1a,p1b
|-resisted|p1b: Whimsicott
|-damage|p1a: Dragonite|60/100
|-damage|p1b: Whimsicott|64/100
|move|p2a: Archaludon|Flash Cannon|p1b: Whimsicott
|-supereffective|p1b: Whimsicott
|-damage|p1b: Whimsicott|0 fnt
|faint|p1b: Whimsicott
|
|-weather|RainDance|[upkeep]
|upkeep
|
|t:|1756330003
|switch|p1b: Farigiraf|Farigiraf, L50, F, shiny|100/100
|turn|3
|
|t:|1756330025
|move|p1a: Dragonite|Extreme Speed|p2b: Pelipper
|-damage|p2b: Pelipper|0 fnt
|faint|p2b: Pelipper
|move|p2a: Archaludon|Body Press|p1b: Farigiraf
|-damage|p1b: Farigiraf|54/100
|move|p1b: Farigiraf|Thunder|p2a: Archaludon
|-resisted|p2a: Archaludon
|-damage|p2a: Archaludon|34/100
|-ability|p2a: Archaludon|Stamina|boost
|-boost|p2a: Archaludon|def|1
|
|-weather|RainDance|[upkeep]
|upkeep
|
|t:|1756330042
|switch|p2b: Dragonite|Dragonite, L50, M|100/100
|turn|4
|
|t:|1756330055
|move|p1a: Dragonite|Extreme Speed|p2b: Dragonite
|-damage|p2b: Dragonite|71/100
|move|p2a: Archaludon|Body Press|p1a: Dragonite
|-supereffective|p1a: Dragonite
|-damage|p1a: Dragonite|0 fnt
|faint|p1a: Dragonite
|move|p2b: Dragonite|Scale Shot|p1b: Farigiraf
|-damage|p1b: Farigiraf|39/100
|-damage|p1b: Farigiraf|25/100
|-damage|p1b: Farigiraf|12/100
|-damage|p1b: Farigiraf|0 fnt
|faint|p1b: Farigiraf
|-hitcount|p1: Farigiraf|4
|-unboost|p2b: Dragonite|def|1
|-boost|p2b: Dragonite|spe|1
|
|-weather|RainDance|[upkeep]
|-sideend|p2: naibot2814|move: Tailwind
|-sideend|p1: oranges8306624|move: Tailwind
|upkeep
|
|t:|1756330061
|switch|p1b: Porygon-Z|Porygon-Z, L50|100/100
|turn|5
|-message|oranges8306624 forfeited.
|
|win|naibot2814
|l|☆oranges8306624
|player|p1|
||oranges8306624 is ready for game 2.
