|j|☆LeLeVGC
|j|☆Welwitchia
|html|LeLeVGCWelwitchia    
|uhtml|bestof|Game 2 of a best-of-3
|t:|1782721349
|gametype|doubles
|player|p1|LeLeVGC|2|1160
|player|p2|Welwitchia|pokemonbreeder-gen4|1066
|gen|9
|tier|[Gen 9 Champions] VGC 2026 Reg M-B (Bo3)
|rated|
|rule|Species Clause: Limit one of each Pokémon
|rule|Item Clause: Limit 1 of each item
|clearpoke
|poke|p1|Grimmsnarl, L50, M|
|poke|p1|Staraptor, L50, M|
|poke|p1|Gholdengo, L50|
|poke|p1|Whimsicott, L50, M|
|poke|p1|Garchomp, L50, F|
|poke|p1|Incineroar, L50, F|
|poke|p2|Banette, L50, F, shiny|
|poke|p2|Umbreon, L50, M|
|poke|p2|Blastoise, L50, F, shiny|
|poke|p2|Charizard, L50, M|
|poke|p2|Hatterene, L50, F, shiny|
|poke|p2|Venusaur, L50, M|
|teampreview|4
|showteam|p1|Grimmsnarl||LightClay|Prankster|FoulPlay,PartingShot,Reflect,LightScreen|Careful||M|||50|]Staraptor||Staraptite|Intimidate|CloseCombat,BraveBird,Roost,Protect|Jolly||M|||50|]Gholdengo||Leftovers|GoodasGold|MakeItRain,ShadowBall,NastyPlot,Protect|Modest|||||50|]Whimsicott||SitrusBerry|Prankster|Moonblast,Tailwind,FakeTears,Tickle|Calm||M|||50|]Garchomp||LifeOrb|RoughSkin|Earthquake,DragonClaw,RockSlide,Protect|Jolly||F|||50|]Incineroar||PasshoBerry|Intimidate|FlareBlitz,ThroatChop,FakeOut,PartingShot|Careful||F|||50|
|showteam|p2|Banette||Banettite|CursedBody|SkitterSmack,Disable,FoulPlay,DestinyBond|Careful||F|||50|]Umbreon||MentalHerb|InnerFocus|FoulPlay,Swagger,Toxic,Tickle|Calm||M|||50|]Blastoise||MysticWater|RainDish|MuddyWater,FakeOut,IceBeam,AquaJet|Quiet||F|||50|]Charizard||CharizarditeY|Blaze|AirSlash,SolarBeam,HeatWave,RockSlide|Hasty||M|||50|]Hatterene||BabiriBerry|MagicBounce|MagicPowder,TrickRoom,DazzlingGleam,LightScreen|Sassy||F|||50|]Venusaur||Leftovers|Chlorophyll|WorrySeed,SweetScent,SleepPowder,AcidSpray|Timid||M|||50|
|
|t:|1782721361
|teamsize|p1|4
|teamsize|p2|4
|start
|switch|p1a: Incineroar|Incineroar, L50, F|100/100
|switch|p1b: Staraptor|Staraptor, L50, M|100/100
|switch|p2a: Blastoise|Blastoise, L50, F, shiny|100/100
|switch|p2b: Hatterene|Hatterene, L50, F, shiny|100/100
|-ability|p1b: Staraptor|Intimidate|boost
|-unboost|p2a: Blastoise|atk|1
|-unboost|p2b: Hatterene|atk|1
|-ability|p1a: Incineroar|Intimidate|boost
|-unboost|p2a: Blastoise|atk|1
|-unboost|p2b: Hatterene|atk|1
|turn|1
|
|t:|1782721373
|switch|p1b: Gholdengo|Gholdengo, L50|100/100
|move|p1a: Incineroar|Fake Out|p2b: Hatterene
|-damage|p2b: Hatterene|89/100
|move|p2a: Blastoise|Fake Out|p1a: Incineroar
|-damage|p1a: Incineroar|95/100
|cant|p2b: Hatterene|flinch
|
|upkeep
|turn|2
|
|t:|1782721389
|move|p1b: Gholdengo|Nasty Plot|p1b: Gholdengo
|-boost|p1b: Gholdengo|spa|2
|move|p1a: Incineroar|Parting Shot|p2a: Blastoise
|-unboost|p2a: Blastoise|atk|1
|-unboost|p2a: Blastoise|spa|1
|
|t:|1782721395
|switch|p1a: Grimmsnarl|Grimmsnarl, L50, M|100/100|[from] Parting Shot
|move|p2a: Blastoise|Muddy Water|p1a: Grimmsnarl|[spread] p1b
|-miss|p2a: Blastoise|p1a: Grimmsnarl
|-damage|p1b: Gholdengo|76/100
|-unboost|p1b: Gholdengo|accuracy|1
|move|p2b: Hatterene|Light Screen|p2b: Hatterene
|-sidestart|p2: Welwitchia|move: Light Screen
|
|-heal|p1b: Gholdengo|82/100|[from] item: Leftovers
|upkeep
|turn|3
|
|t:|1782721407
|move|p1a: Grimmsnarl|Light Screen|p1a: Grimmsnarl
|-sidestart|p1: LeLeVGC|move: Light Screen
|move|p1b: Gholdengo|Nasty Plot|p1b: Gholdengo
|-boost|p1b: Gholdengo|spa|2
|move|p2a: Blastoise|Muddy Water|p1b: Gholdengo|[spread] p1a,p1b
|-damage|p1a: Grimmsnarl|85/100
|-damage|p1b: Gholdengo|66/100
|-unboost|p1a: Grimmsnarl|accuracy|1
|-unboost|p1b: Gholdengo|accuracy|1
|move|p2b: Hatterene|Trick Room|p2b: Hatterene
|-fieldstart|move: Trick Room|[of] p2b: Hatterene
|
|-heal|p1b: Gholdengo|72/100|[from] item: Leftovers
|upkeep
|turn|4
|
|t:|1782721432
|move|p1a: Grimmsnarl|Parting Shot|p2a: Blastoise
|-unboost|p2a: Blastoise|atk|1
|-unboost|p2a: Blastoise|spa|1
|
|t:|1782721436
|switch|p1a: Incineroar|Incineroar, L50, F|95/100|[from] Parting Shot
|-ability|p1a: Incineroar|Intimidate|boost
|-unboost|p2a: Blastoise|atk|1
|-unboost|p2b: Hatterene|atk|1
|move|p2b: Hatterene|Dazzling Gleam|p1a: Incineroar|[spread] p1a,p1b
|-resisted|p1b: Gholdengo|1
|-damage|p1a: Incineroar|81/100
|-damage|p1b: Gholdengo|63/100
|move|p2a: Blastoise|Muddy Water|p1b: Gholdengo|[spread] p1a,p1b
|-supereffective|p1a: Incineroar|1
|-enditem|p1a: Incineroar|Passho Berry|[eat]
|-enditem|p1a: Incineroar|Passho Berry|[weaken]
|-damage|p1a: Incineroar|72/100
|-damage|p1b: Gholdengo|50/100g
|-unboost|p1a: Incineroar|accuracy|1
|move|p1b: Gholdengo|Shadow Ball|p2a: Blastoise
|-damage|p2a: Blastoise|25/100
|
|-heal|p1b: Gholdengo|56/100|[from] item: Leftovers
|upkeep
|turn|5
|
|t:|1782721463
|switch|p2b: Venusaur|Venusaur, L50, M|100/100
|move|p2a: Blastoise|Muddy Water|p1b: Gholdengo|[spread] p1a,p1b
|-supereffective|p1a: Incineroar|1
|-damage|p1a: Incineroar|56/100
|-damage|p1b: Gholdengo|44/100
|-unboost|p1a: Incineroar|accuracy|1
|-unboost|p1b: Gholdengo|accuracy|1
|move|p1a: Incineroar|Throat Chop|p2a: Blastoise
|-damage|p2a: Blastoise|0 fnt
|faint|p2a: Blastoise
|move|p1b: Gholdengo|Shadow Ball|p2b: Venusaur
|-damage|p2b: Venusaur|13/100
|
|-heal|p1b: Gholdengo|51/100|[from] item: Leftovers
|-heal|p2b: Venusaur|19/100|[from] item: Leftovers
|upkeep
|
|t:|1782721477
|switch|p2a: Hatterene|Hatterene, L50, F, shiny|89/100
|turn|6
|
|t:|1782721486
|move|p2a: Hatterene|Dazzling Gleam|p1a: Incineroar|[spread] p1a,p1b
|-resisted|p1b: Gholdengo|1
|-damage|p1a: Incineroar|42/100
|-damage|p1b: Gholdengo|41/100
|move|p1a: Incineroar|Flare Blitz|p2b: Venusaur
|-supereffective|p2b: Venusaur|1
|-damage|p2b: Venusaur|0 fnt
|faint|p2b: Venusaur
|-damage|p1a: Incineroar|36/100|[from] Recoil
|move|p1b: Gholdengo|Shadow Ball|p2a: Hatterene|[miss]
|-miss|p1b: Gholdengo|p2a: Hatterene
|
|-heal|p1b: Gholdengo|47/100|[from] item: Leftovers
|-sideend|p2: Welwitchia|move: Light Screen
|upkeep
|
|t:|1782721493
|switch|p2b: Charizard|Charizard, L50, M|100/100
|turn|7
|
|t:|1782721501
|detailschange|p2b: Charizard|Charizard-Mega-Y, L50, M
|-mega|p2b: Charizard|Charizard|Charizardite Y
|-weather|SunnyDay|[from] ability: Drought|[of] p2b: Charizard
|move|p2a: Hatterene|Dazzling Gleam|p1a: Incineroar|[spread] p1a,p1b
|-resisted|p1b: Gholdengo|1
|-damage|p1a: Incineroar|22/100
|-damage|p1b: Gholdengo|39/100
|move|p1a: Incineroar|Parting Shot|p2b: Charizard
|-unboost|p2b: Charizard|atk|1
|-unboost|p2b: Charizard|spa|1
|
|t:|1782721509
|switch|p1a: Grimmsnarl|Grimmsnarl, L50, M|85/100|[from] Parting Shot
|move|p1b: Gholdengo|Shadow Ball|p2b: Charizard|[miss]
|-miss|p1b: Gholdengo|p2b: Charizard
|move|p2b: Charizard|Heat Wave|p1b: Gholdengo|[spread] p1a,p1b
|-supereffective|p1b: Gholdengo|1
|-damage|p1a: Grimmsnarl|62/100
|-damage|p1b: Gholdengo|0 fnt
|faint|p1b: Gholdengo
|
|-weather|SunnyDay|[upkeep]
|-fieldend|move: Trick Room
|upkeep
|
|t:|1782721515
|switch|p1b: Staraptor|Staraptor, L50, M|100/100
|-ability|p1b: Staraptor|Intimidate|boost
|-unboost|p2a: Hatterene|atk|1
|-unboost|p2b: Charizard|atk|1
|turn|8
|
|t:|1782721534
|detailschange|p1b: Staraptor|Staraptor-Mega, L50, M
|-mega|p1b: Staraptor|Staraptor|Staraptite
|move|p1a: Grimmsnarl|Parting Shot|p2b: Charizard
|-unboost|p2b: Charizard|atk|1
|-unboost|p2b: Charizard|spa|1
|
|t:|1782721539
|switch|p1a: Incineroar|Incineroar, L50, F|22/100|[from] Parting Shot
|-ability|p1a: Incineroar|Intimidate|boost
|-unboost|p2a: Hatterene|atk|1
|-unboost|p2b: Charizard|atk|1
|move|p1b: Staraptor|Close Combat|p2b: Charizard
|-resisted|p2b: Charizard|1
|-damage|p2b: Charizard|57/100
|-boost|p1b: Staraptor|def|1
|-boost|p1b: Staraptor|spd|1
|move|p2b: Charizard|Air Slash|p1b: Staraptor
|-supereffective|p1b: Staraptor|1
|-damage|p1b: Staraptor|81/100
|move|p2a: Hatterene|Trick Room|p2a: Hatterene
|-fieldstart|move: Trick Room|[of] p2a: Hatterene
|
|-weather|SunnyDay|[upkeep]
|upkeep
|turn|9
|
|t:|1782721560
|move|p2a: Hatterene|Magic Powder|p2b: Charizard
|-start|p2b: Charizard|typechange|Psychic
|move|p1a: Incineroar|Parting Shot|p2b: Charizard
|-unboost|p2b: Charizard|atk|1
|-unboost|p2b: Charizard|spa|1
|
|t:|1782721566
|switch|p1a: Grimmsnarl|Grimmsnarl, L50, M|62/100|[from] Parting Shot
|move|p2b: Charizard|Heat Wave|p1a: Grimmsnarl|[spread] p1a,p1b
|-damage|p1a: Grimmsnarl|52/100
|-damage|p1b: Staraptor|72/100
|move|p1b: Staraptor|Close Combat|p2a: Hatterene
|-resisted|p2a: Hatterene|2
|-damage|p2a: Hatterene|74/100
|-boost|p1b: Staraptor|def|1
|-boost|p1b: Staraptor|spd|1
|
|-weather|SunnyDay|[upkeep]
|upkeep
|turn|10
|
|t:|1782721587
|move|p1a: Grimmsnarl|Parting Shot|p2b: Charizard
|-unboost|p2b: Charizard|atk|1
|-unboost|p2b: Charizard|spa|1
|
|t:|1782721620
|switch|p1a: Incineroar|Incineroar, L50, F|22/100|[from] Parting Shot
|-ability|p1a: Incineroar|Intimidate|boost
|-unboost|p2a: Hatterene|atk|1
|-unboost|p2b: Charizard|atk|0
|move|p2a: Hatterene|Dazzling Gleam|p1b: Staraptor|[spread] p1a,p1b
|-supereffective|p1b: Staraptor|1
|-damage|p1a: Incineroar|8/100
|-damage|p1b: Staraptor|55/100
|move|p2b: Charizard|Heat Wave|p1a: Incineroar|[spread] p1a,p1b
|-resisted|p1a: Incineroar|1
|-damage|p1a: Incineroar|4/100
|-damage|p1b: Staraptor|50/100g
|move|p1b: Staraptor|Roost|p1b: Staraptor
|-heal|p1b: Staraptor|100/100
|-singleturn|p1b: Staraptor|move: Roost
|
|-weather|SunnyDay|[upkeep]
|-sideend|p1: LeLeVGC|move: Light Screen
|upkeep
|turn|11
|
|t:|1782721655
|move|p1b: Staraptor|Protect|p1b: Staraptor
|-singleturn|p1b: Staraptor|Protect
|move|p2a: Hatterene|Dazzling Gleam|p1b: Staraptor|[spread] p1a
|-activate|p1b: Staraptor|move: Protect
|-damage|p1a: Incineroar|0 fnt
|faint|p1a: Incineroar
|move|p2b: Charizard|Heat Wave|p1b: Staraptor
|-activate|p1b: Staraptor|move: Protect
|
|-weather|none
|upkeep
|
|t:|1782721660
|switch|p1a: Grimmsnarl|Grimmsnarl, L50, M|52/100
|turn|12
|
|t:|1782721671
|move|p1a: Grimmsnarl|Light Screen|p1a: Grimmsnarl
|-sidestart|p1: LeLeVGC|move: Light Screen
|move|p2a: Hatterene|Dazzling Gleam|p1a: Grimmsnarl|[spread] p1a,p1b
|-supereffective|p1a: Grimmsnarl|1
|-supereffective|p1b: Staraptor|1
|-crit|p1b: Staraptor
|-damage|p1a: Grimmsnarl|22/100
|-damage|p1b: Staraptor|17/100
|move|p2b: Charizard|Heat Wave|p1b: Staraptor|[spread] p1a,p1b
|-damage|p1a: Grimmsnarl|16/100
|-damage|p1b: Staraptor|14/100
|move|p1b: Staraptor|Close Combat|p2b: Charizard
|-resisted|p2b: Charizard|1
|-damage|p2b: Charizard|10/100
|-boost|p1b: Staraptor|def|1
|-boost|p1b: Staraptor|spd|1
|
|-fieldend|move: Trick Room
|upkeep
|turn|13
|
|t:|1782721689
|move|p1b: Staraptor|Roost|p1b: Staraptor
|-heal|p1b: Staraptor|64/100
|-singleturn|p1b: Staraptor|move: Roost
|move|p2b: Charizard|Heat Wave|p1b: Staraptor|[spread] p1a,p1b
|-damage|p1a: Grimmsnarl|10/100
|-damage|p1b: Staraptor|61/100
|move|p1a: Grimmsnarl|Foul Play|p2b: Charizard
|-supereffective|p2b: Charizard|1
|-damage|p2b: Charizard|0 fnt
|faint|p2b: Charizard
|move|p2a: Hatterene|Trick Room|p2a: Hatterene
|-fieldstart|move: Trick Room|[of] p2a: Hatterene
|
|upkeep
|turn|14
|
|t:|1782721700
|move|p2a: Hatterene|Dazzling Gleam|p1a: Grimmsnarl|[spread] p1a,p1b
|-supereffective|p1a: Grimmsnarl|1
|-supereffective|p1b: Staraptor|1
|-damage|p1a: Grimmsnarl|0 fnt
|-damage|p1b: Staraptor|47/100
|faint|p1a: Grimmsnarl
|move|p1b: Staraptor|Brave Bird|p2a: Hatterene
|-damage|p2a: Hatterene|11/100
|-damage|p1b: Staraptor|29/100|[from] Recoil
|
|upkeep
|turn|15
|
|t:|1782721706
|move|p2a: Hatterene|Dazzling Gleam|p1b: Staraptor
|-supereffective|p1b: Staraptor|1
|-damage|p1b: Staraptor|6/100
|move|p1b: Staraptor|Brave Bird|p2a: Hatterene
|-damage|p2a: Hatterene|0 fnt
|faint|p2a: Hatterene
|-damage|p1b: Staraptor|3/100|[from] Recoil
|
|win|LeLeVGC
|raw|LeLeVGC's rating: 1160 → 1178(+18 for winning)
|raw|Welwitchia's rating: 1066 → 1051(-15 for losing)
|l|☆LeLeVGC
|player|p1|
