|j|☆sparshjha
|j|☆MikeShinobu
|html|sparshjhaMikeShinobu    
|uhtml|bestof|Game 3 of a best-of-3
|t:|1783181511
|gametype|doubles
|player|p1|sparshjha|1|1185
|player|p2|MikeShinobu|ethan|1154
|gen|9
|tier|[Gen 9 Champions] VGC 2026 Reg M-B (Bo3)
|rated|
|rule|Species Clause: Limit one of each Pokémon
|rule|Item Clause: Limit 1 of each item
|clearpoke
|poke|p1|Charizard, L50, M|
|poke|p1|Garchomp, L50, F|
|poke|p1|Sylveon, L50, M|
|poke|p1|Farigiraf, L50, M|
|poke|p1|Kingambit, L50, M|
|poke|p1|Aerodactyl, L50, M|
|poke|p2|Corviknight, L50, F|
|poke|p2|Garchomp, L50, M|
|poke|p2|Basculegion-F, L50, F|
|poke|p2|Staraptor, L50, F|
|poke|p2|Whimsicott, L50, F|
|poke|p2|Meowstic, L50, M|
|teampreview|4
|showteam|p1|Charizard||CharizarditeY|Blaze|Protect,HeatWave,WeatherBall,SolarBeam|Modest||M|||50|]Garchomp||LifeOrb|RoughSkin|Protect,DragonClaw,StompingTantrum,Earthquake|Jolly||F|||50|]Sylveon||FairyFeather|Pixilate|Detect,QuickAttack,HyperVoice,HyperBeam|Modest||M|||50|]Farigiraf||SitrusBerry|ArmorTail|TwinBeam,Thunderbolt,Roar,TrickRoom|Bold||M|||50|]Kingambit||BlackGlasses|Defiant|SwordsDance,IronHead,SuckerPunch,Protect|Adamant||M|||50|]Aerodactyl||Aerodactylite|Unnerve|RockSlide,DualWingbeat,WideGuard,Tailwind|Adamant||M|||50|
|showteam|p2|Corviknight||OccaBerry|Unnerve|IronDefense,BodyPress,Roost,IronHead|Impish||F|||50|]Garchomp||YacheBerry|RoughSkin|Earthquake,DragonClaw,StompingTantrum,Protect|Jolly||M|||50|]Basculegion-F||ChoiceScarf|Adaptability|FlipTurn,ShadowBall,HydroPump,MuddyWater|Rash||F|||50|]Staraptor||Staraptite|Intimidate|CloseCombat,BraveBird,Roost,Protect|Jolly||F|||50|]Whimsicott||FocusSash|Prankster|Charm,Moonblast,Tailwind,Encore|Bold||F|||50|]Meowstic||Meowsticite|Prankster|FakeOut,SkillSwap,RainDance,Protect|Bold||M|||50|
|inactive|Battle timer is ON: inactive players will automatically lose when time's up. (requested by MikeShinobu)
|inactive|sparshjha has 60 seconds left.
|inactive|MikeShinobu has 60 seconds left.
|
|t:|1783181559
|teamsize|p1|4
|teamsize|p2|4
|start
|switch|p1a: Charizard|Charizard, L50, M|100/100
|switch|p1b: Farigiraf|Farigiraf, L50, M|100/100
|switch|p2a: Meowstic|Meowstic, L50, M|100/100
|switch|p2b: Staraptor|Staraptor, L50, F|100/100
|-ability|p2b: Staraptor|Intimidate|boost
|-unboost|p1a: Charizard|atk|1
|-unboost|p1b: Farigiraf|atk|1
|turn|1
|inactive|sparshjha has 30 seconds left.
|inactive|MikeShinobu has 30 seconds left.
|inactive|MikeShinobu has 20 seconds left.
|
|t:|1783181607
|switch|p1a: Sylveon|Sylveon, L50, M|100/100
|detailschange|p2b: Staraptor|Staraptor-Mega, L50, F
|-mega|p2b: Staraptor|Staraptor|Staraptite
|move|p2a: Meowstic|Rain Dance|p2a: Meowstic
|-weather|RainDance
|move|p2b: Staraptor|Close Combat|p1b: Farigiraf
|-damage|p1b: Farigiraf|46/100
|-boost|p2b: Staraptor|def|1
|-boost|p2b: Staraptor|spd|1
|-enditem|p1b: Farigiraf|Sitrus Berry|[eat]
|-heal|p1b: Farigiraf|71/100|[from] item: Sitrus Berry
|move|p1b: Farigiraf|Trick Room|p1b: Farigiraf
|-fieldstart|move: Trick Room|[of] p1b: Farigiraf
|
|-weather|RainDance|[upkeep]
|upkeep
|turn|2
|inactive|sparshjha has 30 seconds left.
|inactive|MikeShinobu has 30 seconds left.
|inactive|MikeShinobu has 20 seconds left.
|
|t:|1783181642
|switch|p2a: Basculegion|Basculegion-F, L50, F|100/100
|move|p2b: Staraptor|Protect|p2b: Staraptor
|-singleturn|p2b: Staraptor|Protect
|move|p1b: Farigiraf|Twin Beam|p2b: Staraptor
|-activate|p2b: Staraptor|move: Protect
|move|p1a: Sylveon|Hyper Voice|p2a: Basculegion|[spread] p2a
|-activate|p2b: Staraptor|move: Protect
|-damage|p2a: Basculegion|32/100
|
|-weather|RainDance|[upkeep]
|upkeep
|turn|3
|
|t:|1783181660
|switch|p2b: Whimsicott|Whimsicott, L50, F|100/100
|move|p1b: Farigiraf|Twin Beam|p2b: Whimsicott
|-damage|p2b: Whimsicott|74/100
|-damage|p2b: Whimsicott|49/100
|-hitcount|p2b: Whimsicott|2
|move|p1a: Sylveon|Hyper Voice|p2a: Basculegion|[spread] p2a,p2b
|-damage|p2a: Basculegion|0 fnt
|-damage|p2b: Whimsicott|0 fnt
|faint|p2a: Basculegion
|faint|p2b: Whimsicott
|
|-weather|RainDance|[upkeep]
|upkeep
|
|t:|1783181668
|switch|p2a: Meowstic|Meowstic, L50, M|100/100
|switch|p2b: Staraptor|Staraptor-Mega, L50, F|100/100
|turn|4
|
|t:|1783181681
|move|p2a: Meowstic|Skill Swap||[still]
|cant|p1b: Farigiraf|ability: Armor Tail|Skill Swap|[of] p2a: Meowstic
|move|p1b: Farigiraf|Twin Beam|p2b: Staraptor
|-supereffective|p2b: Staraptor|1
|-damage|p2b: Staraptor|65/100
|-supereffective|p2b: Staraptor|1
|-damage|p2b: Staraptor|34/100
|-hitcount|p2b: Staraptor|2
|move|p1a: Sylveon|Hyper Voice|p2a: Meowstic|[spread] p2a,p2b
|-supereffective|p2b: Staraptor|1
|-damage|p2a: Meowstic|39/100
|-damage|p2b: Staraptor|0 fnt
|faint|p2b: Staraptor
|
|-weather|RainDance|[upkeep]
|upkeep
|turn|5
|
|t:|1783181693
|move|p2a: Meowstic|Skill Swap||[still]
|cant|p1b: Farigiraf|ability: Armor Tail|Skill Swap|[of] p2a: Meowstic
|move|p1b: Farigiraf|Thunderbolt|p2a: Meowstic
|-damage|p2a: Meowstic|8/100
|move|p1a: Sylveon|Hyper Beam|p2a: Meowstic
|-damage|p2a: Meowstic|0 fnt
|-mustrecharge|p1a: Sylveon
|faint|p2a: Meowstic
|
|win|sparshjha
|raw|sparshjha's rating: 1185 → 1208(+23 for winning)
|raw|MikeShinobu's rating: 1154 → 1131(-23 for losing)
