|j|☆XavyXavy
|j|☆snorlaxpikachu1
|html|XavyXavysnorlaxpikachu1    
|uhtml|bestof|Game 1 of a best-of-3
|t:|1757858674
|gametype|doubles
|player|p1|XavyXavy|caitlin|1382
|player|p2|snorlaxpikachu1|palmer|1547
|gen|9
|tier|[Gen 9] VGC 2025 Reg H (Bo3)
|rated|
|rule|Species Clause: Limit one of each Pokémon
|rule|Item Clause: Limit 1 of each item
|clearpoke
|poke|p1|Incineroar, L50, F|
|poke|p1|Gholdengo, L50|
|poke|p1|Pelipper, L50, M|
|poke|p1|Archaludon, L50, M|
|poke|p1|Dragonite, L50, F|
|poke|p1|Ursaluna, L50, F|
|poke|p2|Ursaluna-Bloodmoon, L50, M|
|poke|p2|Rillaboom, L50, F|
|poke|p2|Incineroar, L50, F|
|poke|p2|Gholdengo, L50|
|poke|p2|Sinistcha-Masterpiece, L50|
|poke|p2|Dragonite, L50, F|
|teampreview|4
|showteam|p1|Incineroar||SafetyGoggles|Intimidate|FakeOut,Taunt,KnockOff,PartingShot|||F|||50|,,,,,Ghost]Gholdengo||ChoiceSpecs|GoodasGold|Trick,MakeItRain,ShadowBall,NastyPlot||||||50|,,,,,Steel]Pelipper||ChoiceScarf|Drizzle|MuddyWater,Tailwind,WeatherBall,Hurricane|||M|||50|,,,,,Ghost]Archaludon||PowerHerb|Sturdy|ElectroShot,Thunderbolt,DragonPulse,Protect|||M|||50|,,,,,Electric]Dragonite||LoadedDice|InnerFocus|ScaleShot,Tailwind,Haze,Protect|||F|||50|,,,,,Fairy]Ursaluna||FlameOrb|Guts|HeadlongRush,Facade,Earthquake,Protect|||F|||50|,,,,,Poison
|showteam|p2|Ursaluna-Bloodmoon||Leftovers|MindsEye|BloodMoon,EarthPower,CalmMind,Protect|||M|||50|,,,,,Electric]Rillaboom||AssaultVest|GrassySurge|FakeOut,GrassyGlide,WoodHammer,Uturn|||F|||50|,,,,,Ghost]Incineroar||SafetyGoggles|Intimidate|FakeOut,KnockOff,Taunt,PartingShot|||F|||50|,,,,,Ghost]Gholdengo||LifeOrb|GoodasGold|MakeItRain,ShadowBall,NastyPlot,Protect||||||50|,,,,,Water]Sinistcha-Masterpiece||SitrusBerry|Hospitality|MatchaGotcha,TrickRoom,LifeDew,RagePowder||||||50|,,,,,Dark]Dragonite||LoadedDice|Multiscale|ScaleShot,Tailwind,Haze,Protect|||F|||50|,,,,,Fairy
|
|t:|1757858707
|teamsize|p1|4
|teamsize|p2|4
|start
|switch|p1a: Pelipper|Pelipper, L50, M|100/100
|switch|p1b: Archaludon|Archaludon, L50, M|100/100
|switch|p2a: Gholdengo|Gholdengo, L50|100/100
|switch|p2b: Incineroar|Incineroar, L50, F|100/100
|-weather|RainDance|[from] ability: Drizzle|[of] p1a: Pelipper
|-ability|p2b: Incineroar|Intimidate|boost
|-unboost|p1a: Pelipper|atk|1
|-unboost|p1b: Archaludon|atk|1
|turn|1
|inactive|Battle timer is ON: inactive players will automatically lose when time's up. (requested by XavyXavy)
|
|t:|1757858725
|-terastallize|p1b: Archaludon|Electric
|move|p2b: Incineroar|Fake Out|p1b: Archaludon
|-damage|p1b: Archaludon|91/100
|move|p1a: Pelipper|Muddy Water|p2b: Incineroar|[spread] p2a,p2b
|-supereffective|p2b: Incineroar
|-damage|p2a: Gholdengo|61/100
|-damage|p2b: Incineroar|20/100
|cant|p1b: Archaludon|flinch
|move|p2a: Gholdengo|Nasty Plot|p2a: Gholdengo
|-boost|p2a: Gholdengo|spa|2
|
|-weather|RainDance|[upkeep]
|upkeep
|turn|2
|
|t:|1757858737
|switch|p2b: Sinistcha|Sinistcha-Masterpiece, L50|100/100
|-heal|p2a: Gholdengo|86/100|[from] ability: Hospitality|[of] p2b: Sinistcha
|move|p2a: Gholdengo|Protect|p2a: Gholdengo
|-singleturn|p2a: Gholdengo|Protect
|move|p1a: Pelipper|Muddy Water|p2b: Sinistcha|[spread] p2b
|-activate|p2a: Gholdengo|move: Protect
|-resisted|p2b: Sinistcha
|-damage|p2b: Sinistcha|79/100
|move|p1b: Archaludon|Electro Shot||[still]
|-prepare|p1b: Archaludon|Electro Shot
|-boost|p1b: Archaludon|spa|1
|-anim|p1b: Archaludon|Electro Shot|p2b: Sinistcha
|-resisted|p2b: Sinistcha
|-damage|p2b: Sinistcha|31/100
|-enditem|p2b: Sinistcha|Sitrus Berry|[eat]
|-heal|p2b: Sinistcha|56/100|[from] item: Sitrus Berry
|
|-weather|RainDance|[upkeep]
|upkeep
|turn|3
|inactive|XavyXavy has 30 seconds left.
|inactive|XavyXavy has 20 seconds left.
|inactive|XavyXavy has 15 seconds left.
|inactive|XavyXavy has 10 seconds left.
|inactive|XavyXavy has 5 seconds left.
|
|t:|1757858789
|-terastallize|p2a: Gholdengo|Water
|move|p2b: Sinistcha|Rage Powder|p2b: Sinistcha
|-singleturn|p2b: Sinistcha|move: Rage Powder
|move|p1a: Pelipper|Muddy Water|p2b: Sinistcha|[spread] p2a,p2b
|-resisted|p2a: Gholdengo
|-resisted|p2b: Sinistcha
|-damage|p2a: Gholdengo|66/100
|-damage|p2b: Sinistcha|35/100
|move|p1b: Archaludon|Electro Shot||[still]
|-prepare|p1b: Archaludon|Electro Shot
|-boost|p1b: Archaludon|spa|1
|-anim|p1b: Archaludon|Electro Shot|p2b: Sinistcha
|-resisted|p2b: Sinistcha
|-damage|p2b: Sinistcha|0 fnt
|faint|p2b: Sinistcha
|move|p2a: Gholdengo|Make It Rain|p1a: Pelipper|[spread] p1a,p1b
|-resisted|p1a: Pelipper
|-resisted|p1b: Archaludon
|-damage|p1a: Pelipper|0 fnt
|-damage|p1b: Archaludon|7/100
|-unboost|p2a: Gholdengo|spa|1
|faint|p1a: Pelipper
|-damage|p2a: Gholdengo|56/100|[from] item: Life Orb
|
|-weather|RainDance|[upkeep]
|upkeep
|
|t:|1757858798
|switch|p1a: Ursaluna|Ursaluna, L50, F|100/100
|switch|p2b: Incineroar|Incineroar, L50, F|20/100
|-ability|p2b: Incineroar|Intimidate|boost
|-unboost|p1a: Ursaluna|atk|1
|-unboost|p1b: Archaludon|atk|1
|turn|4
|
|t:|1757858813
|switch|p1a: Gholdengo|Gholdengo, L50|100/100
|move|p1b: Archaludon|Protect|p1b: Archaludon
|-singleturn|p1b: Archaludon|Protect
|move|p2b: Incineroar|Fake Out|p1b: Archaludon
|-activate|p1b: Archaludon|move: Protect
|move|p2a: Gholdengo|Make It Rain|p1b: Archaludon|[spread] p1a
|-activate|p1b: Archaludon|move: Protect
|-resisted|p1a: Gholdengo
|-damage|p1a: Gholdengo|50/100
|-unboost|p2a: Gholdengo|spa|1
|-damage|p2a: Gholdengo|46/100|[from] item: Life Orb
|
|-weather|RainDance|[upkeep]
|upkeep
|turn|5
|inactive|snorlaxpikachu1 has 30 seconds left.
|
|t:|1757858840
|switch|p2b: Dragonite|Dragonite, L50, F|100/100
|move|p1b: Archaludon|Electro Shot||[still]
|-prepare|p1b: Archaludon|Electro Shot
|-boost|p1b: Archaludon|spa|1
|-anim|p1b: Archaludon|Electro Shot|p2a: Gholdengo
|-supereffective|p2a: Gholdengo
|-damage|p2a: Gholdengo|0 fnt
|faint|p2a: Gholdengo
|move|p1a: Gholdengo|Make It Rain|p2b: Dragonite
|-damage|p2b: Dragonite|48/100
|-unboost|p1a: Gholdengo|spa|1
|
|-weather|none
|upkeep
|
|t:|1757858851
|switch|p2a: Incineroar|Incineroar, L50, F|20/100
|-ability|p2a: Incineroar|Intimidate|boost
|-unboost|p1a: Gholdengo|atk|1
|-unboost|p1b: Archaludon|atk|1
|turn|6
|
|t:|1757858864
|move|p2a: Incineroar|Fake Out|p1b: Archaludon
|-damage|p1b: Archaludon|0 fnt
|faint|p1b: Archaludon
|move|p1a: Gholdengo|Make It Rain|p2a: Incineroar|[spread] p2a,p2b
|-resisted|p2a: Incineroar
|-damage|p2a: Incineroar|0 fnt
|-damage|p2b: Dragonite|2/100
|-unboost|p1a: Gholdengo|spa|1
|faint|p2a: Incineroar
|move|p2b: Dragonite|Scale Shot|p1a: Gholdengo
|-resisted|p1a: Gholdengo
|-crit|p1a: Gholdengo
|-damage|p1a: Gholdengo|36/100
|-resisted|p1a: Gholdengo
|-damage|p1a: Gholdengo|27/100
|-resisted|p1a: Gholdengo
|-damage|p1a: Gholdengo|18/100
|-resisted|p1a: Gholdengo
|-damage|p1a: Gholdengo|8/100
|-hitcount|p1a: Gholdengo|4
|-unboost|p2b: Dragonite|def|1
|-boost|p2b: Dragonite|spe|1
|
|upkeep
|
|t:|1757858868
|switch|p1b: Ursaluna|Ursaluna, L50, F|100/100
|turn|7
|
|t:|1757858889
|move|p2b: Dragonite|Scale Shot|p1a: Gholdengo
|-resisted|p1a: Gholdengo
|-damage|p1a: Gholdengo|0 fnt
|faint|p1a: Gholdengo
|-hitcount|p1: Gholdengo|1
|-unboost|p2b: Dragonite|def|1
|-boost|p2b: Dragonite|spe|1
|move|p1b: Ursaluna|Facade|p2b: Dragonite
|-damage|p2b: Dragonite|0 fnt
|faint|p2b: Dragonite
|
|win|XavyXavy
||XavyXavy is ready for game 2.
||snorlaxpikachu1 is ready for game 2.
|uhtml|next|Next: Game 2 of 3
