|j|☆themanparris
|j|☆3k Ligue Croissant
|html|themanparris3k Ligue Croissant    
|uhtml|bestof|Game 1 of a best-of-3
|t:|1757626432
|gametype|doubles
|player|p1|themanparris|101|1081
|player|p2|3k Ligue Croissant|102|1165
|gen|9
|tier|[Gen 9] VGC 2025 Reg H (Bo3)
|rated|
|rule|Species Clause: Limit one of each Pokémon
|rule|Item Clause: Limit 1 of each item
|clearpoke
|poke|p1|Kingambit, L50, F|
|poke|p1|Primarina, L50, F|
|poke|p1|Sinistcha, L50|
|poke|p1|Volcarona, L50, M|
|poke|p1|Sneasler, L50, F|
|poke|p1|Ninetales-Alola, L50, M|
|poke|p2|Weavile, L50, M|
|poke|p2|Annihilape, L50, M|
|poke|p2|Coalossal, L50, M|
|poke|p2|Sinistcha, L50|
|poke|p2|Farigiraf, L50, M|
|poke|p2|Ninetales-Alola, L50, M|
|teampreview|4
|showteam|p1|Kingambit||BlackGlasses|Defiant|KowtowCleave,SuckerPunch,SwordsDance,Protect|||F|||50|,,,,,Dark]Primarina||LifeOrb|LiquidVoice|HyperVoice,Blizzard,Moonblast,Protect|||F|||50|,,,,,Ice]Sinistcha||SitrusBerry|Hospitality|MatchaGotcha,RagePowder,LifeDew,TrickRoom||||||50|,,,,,Steel]Volcarona||Leftovers|FlameBody|HeatWave,TeraBlast,QuiverDance,Protect|||M|||50|,,,,,Water]Sneasler||AirBalloon|Unburden|CloseCombat,DireClaw,Acrobatics,Coaching|||F|||50|,,,,,Stellar]Ninetales-Alola||FocusSash|SnowWarning|Blizzard,FreezeDry,Protect,AuroraVeil|||M|||50|,,,,,Ghost
|showteam|p2|Weavile||FocusSash|Pickpocket|Surf,BeatUp,KnockOff,TripleAxel|||M|||50|,,,,,Ghost]Annihilape||SafetyGoggles|Defiant|RageFist,DrainPunch,BulkUp,Protect|||M|||50|,,,,,Fire]Coalossal||WeaknessPolicy|SteamEngine|HeatWave,PowerGem,EarthPower,Protect|||M|||50|,,,,,Rock]Sinistcha||SitrusBerry|Hospitality|StrengthSap,LifeDew,RagePowder,MatchaGotcha||||||50|,,,,,Water]Farigiraf||ThroatSpray|ArmorTail|HyperVoice,DazzlingGleam,TrickRoom,SkillSwap|||M|||50|,,,,,Fairy]Ninetales-Alola||LightClay|SnowWarning|Blizzard,IcicleSpear,FreezeDry,AuroraVeil|||M|||50|,,,,,Ghost
|inactive|Battle timer is ON: inactive players will automatically lose when time's up. (requested by themanparris)
|inactive|themanparris has 60 seconds left.
|inactive|3k Ligue Croissant has 60 seconds left.
|inactive|themanparris has 30 seconds left.
|inactive|themanparris has 20 seconds left.
|inactive|themanparris has 15 seconds left.
|inactive|themanparris has 10 seconds left.
|inactive|themanparris has 5 seconds left.
|
|t:|1757626521
|teamsize|p1|4
|teamsize|p2|4
|start
|switch|p1a: Primarina|Primarina, L50, F|100/100
|switch|p1b: Ninetales|Ninetales-Alola, L50, M|100/100
|switch|p2a: Weavile|Weavile, L50, M|100/100
|switch|p2b: Coalossal|Coalossal, L50, M|100/100
|-weather|Snowscape|[from] ability: Snow Warning|[of] p1b: Ninetales
|turn|1
|inactive|themanparris has 30 seconds left.
|inactive|themanparris has 20 seconds left.
|inactive|themanparris has 15 seconds left.
|inactive|themanparris has 10 seconds left.
|
|t:|1757626570
|-terastallize|p2b: Coalossal|Rock
|move|p2a: Weavile|Surf|p1a: Primarina|[spread] p2b,p1a,p1b
|-supereffective|p2b: Coalossal
|-resisted|p1a: Primarina
|-damage|p2b: Coalossal|89/100
|-damage|p1a: Primarina|98/100
|-damage|p1b: Ninetales|94/100
|-ability|p2b: Coalossal|Steam Engine|boost
|-boost|p2b: Coalossal|spe|6
|-enditem|p2b: Coalossal|Weakness Policy
|-boost|p2b: Coalossal|atk|2|[from] item: Weakness Policy
|-boost|p2b: Coalossal|spa|2|[from] item: Weakness Policy
|move|p2b: Coalossal|Power Gem|p1a: Primarina
|-damage|p1a: Primarina|25/100
|move|p1b: Ninetales|Blizzard|p2b: Coalossal|[spread] p2a,p2b
|-resisted|p2a: Weavile
|-damage|p2a: Weavile|80/100
|-damage|p2b: Coalossal|58/100
|move|p1a: Primarina|Hyper Voice|p2a: Weavile|[spread] p2a,p2b
|-supereffective|p2b: Coalossal
|-damage|p2a: Weavile|17/100
|-damage|p2b: Coalossal|0 fnt
|faint|p2b: Coalossal
|-damage|p1a: Primarina|15/100|[from] item: Life Orb
|
|-weather|Snowscape|[upkeep]
|upkeep
|
|t:|1757626592
|switch|p2b: Annihilape|Annihilape, L50, M|100/100
|turn|2
|inactive|themanparris has 30 seconds left.
|inactive|themanparris has 20 seconds left.
|inactive|themanparris has 15 seconds left.
|inactive|themanparris has 10 seconds left.
|
|t:|1757626640
|move|p2a: Weavile|Beat Up|p2b: Annihilape
|-damage|p2b: Annihilape|92/100
|-crit|p2b: Annihilape
|-damage|p2b: Annihilape|79/100
|-damage|p2b: Annihilape|73/100
|-hitcount|p2b: Annihilape|3
|move|p1b: Ninetales|Blizzard|p2a: Weavile|[spread] p2a,p2b
|-resisted|p2a: Weavile
|-damage|p2a: Weavile|0 fnt
|-damage|p2b: Annihilape|47/100
|faint|p2a: Weavile
|move|p2b: Annihilape|Rage Fist|p1a: Primarina
|-damage|p1a: Primarina|0 fnt
|faint|p1a: Primarina
|
|-weather|Snowscape|[upkeep]
|upkeep
|
|t:|1757626653
|switch|p2a: Sinistcha|Sinistcha, L50|100/100
|switch|p1a: Sinistcha|Sinistcha, L50|100/100
|-heal|p1b: Ninetales|100/100|[from] ability: Hospitality|[of] p1a: Sinistcha
|-heal|p2b: Annihilape|71/100|[from] ability: Hospitality|[of] p2a: Sinistcha
|turn|3
|inactive|themanparris has 30 seconds left.
|inactive|themanparris has 20 seconds left.
|
|t:|1757626691
|switch|p1a: Kingambit|Kingambit, L50, F|100/100
|move|p1b: Ninetales|Blizzard|p2a: Sinistcha|[spread] p2a,p2b
|-supereffective|p2a: Sinistcha
|-damage|p2a: Sinistcha|46/100
|-damage|p2b: Annihilape|45/100
|-status|p2a: Sinistcha|frz
|-enditem|p2a: Sinistcha|Sitrus Berry|[eat]
|-heal|p2a: Sinistcha|71/100 frz|[from] item: Sitrus Berry
|move|p2b: Annihilape|Rage Fist|p1a: Kingambit
|-resisted|p1a: Kingambit
|-damage|p1a: Kingambit|56/100
|cant|p2a: Sinistcha|frz
|
|-weather|Snowscape|[upkeep]
|upkeep
|turn|4
|inactive|themanparris has 30 seconds left.
|
|t:|1757626722
|move|p2b: Annihilape|Protect|p2b: Annihilape
|-singleturn|p2b: Annihilape|Protect
|move|p1a: Kingambit|Sucker Punch||[still]
|-fail|p1a: Kingambit
|move|p1b: Ninetales|Blizzard|p2a: Sinistcha|[spread] p2a
|-activate|p2b: Annihilape|move: Protect
|-supereffective|p2a: Sinistcha
|-damage|p2a: Sinistcha|19/100 frz
|-curestatus|p2a: Sinistcha|frz|[from] move: Matcha Gotcha
|move|p2a: Sinistcha|Matcha Gotcha|p1b: Ninetales|[spread] p1a,p1b
|-resisted|p1a: Kingambit
|-damage|p1a: Kingambit|44/100
|-heal|p2a: Sinistcha|25/100|[from] drain|[of] p1a: Kingambit
|-damage|p1b: Ninetales|70/100
|-heal|p2a: Sinistcha|39/100|[from] drain|[of] p1b: Ninetales
|
|-weather|Snowscape|[upkeep]
|upkeep
|turn|5
|
|t:|1757626745
|-terastallize|p1a: Kingambit|Dark
|move|p2a: Sinistcha|Rage Powder|p2a: Sinistcha
|-singleturn|p2a: Sinistcha|move: Rage Powder
|move|p1a: Kingambit|Sucker Punch||[still]
|-fail|p1a: Kingambit
|move|p1b: Ninetales|Blizzard|p2b: Annihilape|[spread] p2a,p2b
|-supereffective|p2a: Sinistcha
|-damage|p2a: Sinistcha|0 fnt
|-damage|p2b: Annihilape|18/100
|faint|p2a: Sinistcha
|move|p2b: Annihilape|Drain Punch|p1a: Kingambit
|-supereffective|p1a: Kingambit
|-crit|p1a: Kingambit
|-damage|p1a: Kingambit|0 fnt
|-heal|p2b: Annihilape|39/100|[from] drain|[of] p1a: Kingambit
|faint|p1a: Kingambit
|
|-weather|none
|upkeep
|
|t:|1757626757
|switch|p1a: Sinistcha|Sinistcha, L50|100/100
|-heal|p1b: Ninetales|95/100|[from] ability: Hospitality|[of] p1a: Sinistcha
|turn|6
|
|t:|1757626769
|move|p1a: Sinistcha|Rage Powder|p1a: Sinistcha
|-singleturn|p1a: Sinistcha|move: Rage Powder
|move|p1b: Ninetales|Freeze-Dry|p2b: Annihilape
|-damage|p2b: Annihilape|16/100
|move|p2b: Annihilape|Rage Fist|p1b: Ninetales
|-damage|p1b: Ninetales|0 fnt
|faint|p1b: Ninetales
|
|upkeep
|turn|7
|
|t:|1757626780
|move|p2b: Annihilape|Rage Fist|p1a: Sinistcha
|-supereffective|p1a: Sinistcha
|-damage|p1a: Sinistcha|0 fnt
|faint|p1a: Sinistcha
|
|win|3k Ligue Croissant
||3k Ligue Croissant is ready for game 2.
|inactive|themanparris has 30 seconds to confirm battle start!
|l|☆themanparris
|player|p1|
||themanparris is ready for game 2.
|uhtml|next|Next: Game 2 of 3
