|j|☆bellytelevision
|j|☆memeberserk
|html|bellytelevisionmemeberserk    
|uhtml|bestof|Game 2 of a best-of-3
|t:|1782753328
|gametype|doubles
|player|p1|bellytelevision|biker|1034
|player|p2|memeberserk|lance|1114
|gen|9
|tier|[Gen 9 Champions] VGC 2026 Reg M-B (Bo3)
|rated|
|rule|Species Clause: Limit one of each Pokémon
|rule|Item Clause: Limit 1 of each item
|clearpoke
|poke|p1|Venusaur, L50, M, shiny|
|poke|p1|Swampert, L50, M|
|poke|p1|Sinistcha, L50|
|poke|p1|Pelipper, L50, F|
|poke|p1|Archaludon, L50, M, shiny|
|poke|p1|Sableye, L50, M, shiny|
|poke|p2|Grimmsnarl, L50, M|
|poke|p2|Toxapex, L50, F|
|poke|p2|Pelipper, L50, M|
|poke|p2|Swampert, L50, M|
|poke|p2|Staraptor, L50, F|
|poke|p2|Sinistcha, L50|
|teampreview|4
|showteam|p1|Venusaur||Venusaurite|Chlorophyll|GigaDrain,SludgeBomb,Protect,EarthPower|Modest||M|||50|]Swampert||Swampertite|Torrent|WaveCrash,IcePunch,HighHorsepower,Protect|Adamant||M|||50|]Sinistcha||CobaBerry|Hospitality|RagePowder,MatchaGotcha,LifeDew,TrickRoom|Sassy|||||50|]Pelipper||SitrusBerry|Drizzle|Tailwind,Hurricane,WeatherBall,WideGuard|Bold||F|||50|]Archaludon||Leftovers|Stamina|ElectroShot,FlashCannon,DragonPulse,Protect|Modest||M|||50|]Sableye||LightClay|Prankster|RainDance,Reflect,LightScreen,WillOWisp|Sassy||M|||50|
|showteam|p2|Grimmsnarl||LightClay|Prankster|LightScreen,Reflect,PartingShot,SpiritBreak|Careful||M|||50|]Toxapex||Leftovers|Regenerator|Infestation,Toxic,BanefulBunker,WideGuard|Bold||F|||50|]Pelipper||FocusSash|Drizzle|Hurricane,WeatherBall,Protect,Tailwind|Timid||M|||50|]Swampert||Swampertite|Torrent|Earthquake,WaveCrash,Protect,IcePunch|Adamant||M|||50|]Staraptor||Staraptite|Intimidate|CloseCombat,Roost,Protect,BraveBird|Adamant||F|||50|]Sinistcha||ColburBerry|Hospitality|MatchaGotcha,Protect,RagePowder,StrengthSap|Bold|||||50|
|inactive|Battle timer is ON: inactive players will automatically lose when time's up. (requested by memeberserk)
|
|t:|1782753370
|teamsize|p1|4
|teamsize|p2|4
|start
|switch|p1a: Sableye|Sableye, L50, M, shiny|100/100
|switch|p1b: Archaludon|Archaludon, L50, M, shiny|100/100
|switch|p2a: Staraptor|Staraptor, L50, F|100/100
|switch|p2b: Grimmsnarl|Grimmsnarl, L50, M|100/100
|-ability|p2a: Staraptor|Intimidate|boost
|-unboost|p1a: Sableye|atk|1
|-unboost|p1b: Archaludon|atk|1
|turn|1
|
|t:|1782753391
|move|p2a: Staraptor|Protect|p2a: Staraptor
|-singleturn|p2a: Staraptor|Protect
|move|p1b: Archaludon|Protect|p1b: Archaludon
|-singleturn|p1b: Archaludon|Protect
|move|p1a: Sableye|Will-O-Wisp|p2a: Staraptor
|-activate|p2a: Staraptor|move: Protect
|move|p2b: Grimmsnarl|Spirit Break|p1a: Sableye
|-supereffective|p1a: Sableye|1
|-damage|p1a: Sableye|15/100
|-unboost|p1a: Sableye|spa|1
|
|upkeep
|turn|2
|inactive|bellytelevision has 30 seconds left.
|inactive|memeberserk has 30 seconds left.
|
|t:|1782753422
|detailschange|p2a: Staraptor|Staraptor-Mega, L50, F
|-mega|p2a: Staraptor|Staraptor|Staraptite
|move|p1a: Sableye|Rain Dance|p1a: Sableye
|-weather|RainDance
|move|p2a: Staraptor|Close Combat|p1b: Archaludon
|-supereffective|p1b: Archaludon|1
|-damage|p1b: Archaludon|0 fnt
|-boost|p2a: Staraptor|def|1
|-boost|p2a: Staraptor|spd|1
|faint|p1b: Archaludon
|move|p2b: Grimmsnarl|Spirit Break|p1a: Sableye
|-supereffective|p1a: Sableye|1
|-damage|p1a: Sableye|0 fnt
|faint|p1a: Sableye
|
|-weather|RainDance|[upkeep]
|upkeep
|
|t:|1782753435
|switch|p1b: Venusaur|Venusaur, L50, M, shiny|100/100
|switch|p1a: Sinistcha|Sinistcha, L50|100/100
|turn|3
|
|t:|1782753447
|detailschange|p1b: Venusaur|Venusaur-Mega, L50, M, shiny
|-mega|p1b: Venusaur|Venusaur|Venusaurite
|move|p2a: Staraptor|Brave Bird|p1a: Sinistcha
|-supereffective|p1a: Sinistcha|1
|-enditem|p1a: Sinistcha|Coba Berry|[eat]
|-enditem|p1a: Sinistcha|Coba Berry|[weaken]
|-damage|p1a: Sinistcha|36/100
|-damage|p2a: Staraptor|80/100|[from] Recoil
|move|p1b: Venusaur|Sludge Bomb|p2b: Grimmsnarl
|-supereffective|p2b: Grimmsnarl|1
|-damage|p2b: Grimmsnarl|22/100
|move|p2b: Grimmsnarl|Spirit Break|p1a: Sinistcha
|-damage|p1a: Sinistcha|9/100
|-unboost|p1a: Sinistcha|spa|1
|move|p1a: Sinistcha|Trick Room|p1a: Sinistcha
|-fieldstart|move: Trick Room|[of] p1a: Sinistcha
|
|-weather|RainDance|[upkeep]
|upkeep
|turn|4
|
|t:|1782753471
|switch|p2a: Toxapex|Toxapex, L50, F|100/100
|move|p2b: Grimmsnarl|Parting Shot|p1b: Venusaur
|-unboost|p1b: Venusaur|atk|1
|-unboost|p1b: Venusaur|spa|1
|
|t:|1782753476
|switch|p2b: Staraptor|Staraptor-Mega, L50, F|80/100|[from] Parting Shot
|move|p1a: Sinistcha|Matcha Gotcha|p2a: Toxapex|[spread] p2a,p2b
|-resisted|p2b: Staraptor|1
|-damage|p2a: Toxapex|87/100
|-heal|p1a: Sinistcha|14/100|[from] drain|[of] p2a: Toxapex
|-damage|p2b: Staraptor|72/100
|-heal|p1a: Sinistcha|19/100|[from] drain|[of] p2b: Staraptor
|move|p1b: Venusaur|Sludge Bomb|p2a: Toxapex
|-resisted|p2a: Toxapex|1
|-damage|p2a: Toxapex|73/100
|
|-weather|RainDance|[upkeep]
|-heal|p2a: Toxapex|78/100|[from] item: Leftovers
|upkeep
|turn|5
|
|t:|1782753497
|move|p2b: Staraptor|Protect|p2b: Staraptor
|-singleturn|p2b: Staraptor|Protect
|move|p2a: Toxapex|Toxic|p1a: Sinistcha
|-status|p1a: Sinistcha|tox
|move|p1a: Sinistcha|Matcha Gotcha|p2a: Toxapex|[spread] p2a
|-activate|p2b: Staraptor|move: Protect
|-damage|p2a: Toxapex|66/100
|-heal|p1a: Sinistcha|25/100 tox|[from] drain|[of] p2a: Toxapex
|move|p1b: Venusaur|Sludge Bomb|p2b: Staraptor
|-activate|p2b: Staraptor|move: Protect
|
|-weather|RainDance|[upkeep]
|-heal|p2a: Toxapex|72/100|[from] item: Leftovers
|-damage|p1a: Sinistcha|18/100 tox|[from] psn
|upkeep
|turn|6
|
|t:|1782753517
|switch|p2b: Swampert|Swampert, L50, M|100/100
|move|p2a: Toxapex|Infestation|p1a: Sinistcha
|-damage|p1a: Sinistcha|15/100 tox
|-activate|p1a: Sinistcha|move: Infestation|[of] p2a: Toxapex
|move|p1a: Sinistcha|Matcha Gotcha|p2b: Swampert|[spread] p2a,p2b
|-supereffective|p2b: Swampert|2
|-damage|p2a: Toxapex|59/100
|-heal|p1a: Sinistcha|22/100 tox|[from] drain|[of] p2a: Toxapex
|-damage|p2b: Swampert|42/100
|-heal|p1a: Sinistcha|56/100 tox|[from] drain|[of] p2b: Swampert
|move|p1b: Venusaur|Sludge Bomb|p2b: Swampert
|-resisted|p2b: Swampert|1
|-damage|p2b: Swampert|26/100
|
|-weather|none
|-heal|p2a: Toxapex|64/100|[from] item: Leftovers
|-damage|p1a: Sinistcha|43/100 tox|[from] psn
|-damage|p1a: Sinistcha|31/100 tox|[from] move: Infestation|[partiallytrapped]
|upkeep
|turn|7
|inactive|bellytelevision has 30 seconds left.
|
|t:|1782753543
|move|p2b: Swampert|Protect|p2b: Swampert
|-singleturn|p2b: Swampert|Protect
|move|p2a: Toxapex|Infestation|p1b: Venusaur
|-damage|p1b: Venusaur|97/100
|-activate|p1b: Venusaur|move: Infestation|[of] p2a: Toxapex
|move|p1a: Sinistcha|Matcha Gotcha|p2a: Toxapex|[spread] p2a
|-activate|p2b: Swampert|move: Protect
|-damage|p2a: Toxapex|50/100g
|-heal|p1a: Sinistcha|37/100 tox|[from] drain|[of] p2a: Toxapex
|move|p1b: Venusaur|Giga Drain|p2a: Toxapex
|-damage|p2a: Toxapex|26/100
|-heal|p1b: Venusaur|100/100|[from] drain|[of] p2a: Toxapex
|
|-heal|p2a: Toxapex|31/100|[from] item: Leftovers
|-damage|p1a: Sinistcha|18/100 tox|[from] psn
|-damage|p1a: Sinistcha|6/100 tox|[from] move: Infestation|[partiallytrapped]
|-damage|p1b: Venusaur|87/100|[from] move: Infestation|[partiallytrapped]
|-fieldend|move: Trick Room
|upkeep
|turn|8
|
|t:|1782753566
|-heal|p2a: Toxapex|64/100|[from] ability: Regenerator|[silent]
|switch|p2a: Staraptor|Staraptor-Mega, L50, F|72/100
|move|p1a: Sinistcha|Rage Powder|p1a: Sinistcha
|-singleturn|p1a: Sinistcha|move: Rage Powder
|move|p1b: Venusaur|Giga Drain|p2b: Swampert
|-supereffective|p2b: Swampert|2
|-damage|p2b: Swampert|0 fnt
|-heal|p1b: Venusaur|100/100|[from] drain|[of] p2b: Swampert
|faint|p2b: Swampert
|
|-damage|p1a: Sinistcha|0 fnt|[from] psn
|faint|p1a: Sinistcha
|-end|p1b: Venusaur|Infestation|[partiallytrapped]|[silent]
|upkeep
|
|t:|1782753579
|switch|p2b: Grimmsnarl|Grimmsnarl, L50, M|22/100
|turn|9
|
|t:|1782753584
|move|p2b: Grimmsnarl|Parting Shot|p1b: Venusaur
|-unboost|p1b: Venusaur|atk|1
|-unboost|p1b: Venusaur|spa|1
|
|t:|1782753587
|switch|p2b: Toxapex|Toxapex, L50, F|64/100|[from] Parting Shot
|move|p2a: Staraptor|Brave Bird|p1b: Venusaur
|-supereffective|p1b: Venusaur|1
|-damage|p1b: Venusaur|0 fnt
|faint|p1b: Venusaur
|-damage|p2a: Staraptor|41/100|[from] Recoil
|
|win|memeberserk
||bellytelevision is ready for game 3.
||memeberserk is ready for game 3.
|uhtml|next|Next: Game 3 of 3
|l|☆memeberserk
|player|p2|
