|j|☆Kunojan
|j|☆Comeonbruv
|html|KunojanComeonbruv    
|uhtml|bestof|Game 3 of a best-of-3
|t:|1783486646
|gametype|doubles
|player|p1|Kunojan|depotagent|1072
|player|p2|Comeonbruv|youngster|1130
|gen|9
|tier|[Gen 9 Champions] VGC 2026 Reg M-B (Bo3)
|rated|
|rule|Species Clause: Limit one of each Pokémon
|rule|Item Clause: Limit 1 of each item
|clearpoke
|poke|p1|Incineroar, L50, M|
|poke|p1|Clefable, L50, M|
|poke|p1|Sableye, L50, M, shiny|
|poke|p1|Sinistcha, L50|
|poke|p1|Talonflame, L50, M|
|poke|p1|Delphox, L50, M, shiny|
|poke|p2|Sceptile, L50, M|
|poke|p2|Infernape, L50, M|
|poke|p2|Blastoise, L50, M|
|poke|p2|Empoleon, L50, F|
|poke|p2|Venusaur, L50, F|
|poke|p2|Charizard, L50, M, shiny|
|teampreview|4
|showteam|p1|Incineroar||SitrusBerry|Intimidate|CloseCombat,Roar,PartingShot,FakeOut|Careful||M|||50|]Clefable||KebiaBerry|Unaware|Moonblast,HelpingHand,FollowMe,Protect|Bold||M|||50|]Sableye||RoseliBerry|Prankster|ThunderWave,Encore,SunnyDay,FakeOut|Calm||M|||50|]Sinistcha||FocusSash|Hospitality|MatchaGotcha,StrengthSap,RagePowder,Protect|Bold|||||50|]Talonflame|||GaleWings|Acrobatics,QuickGuard,Tailwind,Protect|Serious||M|||50|]Delphox||Delphoxite|Blaze|HeatWave,Psychic,NastyPlot,Protect|Timid||M|||50|
|showteam|p2|Sceptile||WhiteHerb|Overgrow|LeafStorm,DragonPulse,Protect,Detect|Timid||M|||50|]Infernape||LifeOrb|IronFist|FakeOut,CloseCombat,Protect,FlareBlitz|Jolly||M|||50|]Blastoise||ShellBell|Torrent|WaterPulse,IceBeam,AuraSphere,DarkPulse|Modest||M|||50|]Empoleon||Leftovers|Competitive|HydroPump,FlashCannon,IcyWind,Protect|Modest||F|||50|]Venusaur||FocusSash|Chlorophyll|SludgeBomb,Protect,SleepPowder,GigaDrain|Modest||F|||50|]Charizard||CharizarditeY|Blaze|HeatWave,SolarBeam,Protect,Overheat|Timid||M|||50|
|inactive|Battle timer is ON: inactive players will automatically lose when time's up. (requested by Comeonbruv)
|inactive|Comeonbruv has 60 seconds left.
|
|t:|1783486679
|teamsize|p1|4
|teamsize|p2|4
|start
|switch|p1a: Clefable|Clefable, L50, M|100/100
|switch|p1b: Delphox|Delphox, L50, M, shiny|100/100
|switch|p2a: Gloria|Venusaur, L50, F|100/100
|switch|p2b: Chorizo|Charizard, L50, M, shiny|100/100
|turn|1
|
|t:|1783486702
|detailschange|p1b: Delphox|Delphox-Mega, L50, M, shiny
|-mega|p1b: Delphox|Delphox|Delphoxite
|detailschange|p2b: Chorizo|Charizard-Mega-Y, L50, M, shiny
|-mega|p2b: Chorizo|Charizard|Charizardite Y
|-weather|SunnyDay|[from] ability: Drought|[of] p2b: Chorizo
|move|p1a: Clefable|Follow Me|p1a: Clefable
|-singleturn|p1a: Clefable|move: Follow Me
|move|p2a: Gloria|Sludge Bomb|p1a: Clefable
|-supereffective|p1a: Clefable|1
|-enditem|p1a: Clefable|Kebia Berry|[eat]
|-enditem|p1a: Clefable|Kebia Berry|[weaken]
|-damage|p1a: Clefable|60/100
|-status|p1a: Clefable|psn
|move|p1b: Delphox|Nasty Plot|p1b: Delphox
|-boost|p1b: Delphox|spa|2
|move|p2b: Chorizo|Heat Wave|p1b: Delphox|[spread] p1b
|-miss|p2b: Chorizo|p1a: Clefable
|-resisted|p1b: Delphox|1
|-crit|p1b: Delphox
|-damage|p1b: Delphox|57/100
|
|-weather|SunnyDay|[upkeep]
|-damage|p1a: Clefable|48/100 psn|[from] psn
|upkeep
|turn|2
|inactive|Comeonbruv has 30 seconds left.
|inactive|Comeonbruv has 20 seconds left.
|inactive|Comeonbruv has 15 seconds left.
|inactive|Comeonbruv has 10 seconds left.
|inactive|Comeonbruv has 5 seconds left.
|
|t:|1783486757
|move|p1a: Clefable|Follow Me|p1a: Clefable
|-singleturn|p1a: Clefable|move: Follow Me
|move|p2a: Gloria|Sludge Bomb|p1a: Clefable
|-supereffective|p1a: Clefable|1
|-damage|p1a: Clefable|0 fnt
|faint|p1a: Clefable
|move|p1b: Delphox|Psychic|p2b: Chorizo
|-damage|p2b: Chorizo|0 fnt
|faint|p2b: Chorizo
|
|-weather|SunnyDay|[upkeep]
|upkeep
|
|t:|1783486770
|switch|p2b: Ruperto|Blastoise, L50, M|100/100
|switch|p1a: Sableye|Sableye, L50, M, shiny|100/100
|turn|3
|inactive|Comeonbruv has 30 seconds left.
|
|t:|1783486797
|move|p1a: Sableye|Fake Out|p2a: Gloria
|-damage|p2a: Gloria|90/100
|cant|p2a: Gloria|flinch
|move|p1b: Delphox|Psychic|p2b: Ruperto
|-damage|p2b: Ruperto|8/100
|move|p2b: Ruperto|Water Pulse|p1a: Sableye
|-damage|p1a: Sableye|82/100
|-heal|p2b: Ruperto|9/100|[from] item: Shell Bell|[of] p1a: Sableye
|
|-weather|SunnyDay|[upkeep]
|upkeep
|turn|4
|
|t:|1783486818
|switch|p1a: Incineroar|Incineroar, L50, M|100/100
|-ability|p1a: Incineroar|Intimidate|boost
|-unboost|p2a: Gloria|atk|1
|-unboost|p2b: Ruperto|atk|1
|move|p1b: Delphox|Protect|p1b: Delphox
|-singleturn|p1b: Delphox|Protect
|move|p2a: Gloria|Sleep Powder|p1b: Delphox
|-activate|p1b: Delphox|move: Protect
|move|p2b: Ruperto|Dark Pulse|p1b: Delphox
|-activate|p1b: Delphox|move: Protect
|
|-weather|SunnyDay|[upkeep]
|upkeep
|turn|5
|
|t:|1783486837
|switch|p2a: Mono|Infernape, L50, M|100/100
|move|p1a: Incineroar|Fake Out|p2a: Mono
|-damage|p2a: Mono|83/100
|move|p1b: Delphox|Psychic|p2b: Ruperto
|-damage|p2b: Ruperto|0 fnt
|faint|p2b: Ruperto
|
|-weather|none
|upkeep
|
|t:|1783486844
|switch|p2b: Gloria|Venusaur, L50, F|90/100
|turn|6
|
|t:|1783486866
|switch|p1a: Sableye|Sableye, L50, M, shiny|82/100
|move|p1b: Delphox|Protect|p1b: Delphox
|-singleturn|p1b: Delphox|Protect
|move|p2a: Mono|Flare Blitz|p1a: Sableye
|-damage|p1a: Sableye|0 fnt
|faint|p1a: Sableye
|-damage|p2a: Mono|55/100|[from] Recoil
|-damage|p2a: Mono|45/100|[from] item: Life Orb
|move|p2b: Gloria|Sleep Powder|p1b: Delphox
|-activate|p1b: Delphox|move: Protect
|
|upkeep
|
|t:|1783486879
|switch|p1a: Incineroar|Incineroar, L50, M|100/100
|-ability|p1a: Incineroar|Intimidate|boost
|-unboost|p2a: Mono|atk|1
|-unboost|p2b: Gloria|atk|1
|turn|7
|
|t:|1783486894
|move|p1a: Incineroar|Fake Out|p2a: Mono
|-damage|p2a: Mono|30/100
|move|p1b: Delphox|Psychic|p2b: Gloria
|-supereffective|p2b: Gloria|1
|-damage|p2b: Gloria|0 fnt
|faint|p2b: Gloria
|cant|p2a: Mono|flinch
|
|upkeep
|turn|8
|l|☆Comeonbruv
|inactive|Comeonbruv disconnected and has a minute to reconnect!
|player|p2|
|inactive|Comeonbruv has 30 seconds left.
|inactive|Comeonbruv has 20 seconds left.
|inactive|Comeonbruv has 15 seconds left.
|inactive|Comeonbruv has 10 seconds left.
|inactive|Comeonbruv has 5 seconds left.
|-message|Comeonbruv lost due to inactivity.
|
|win|Kunojan
|raw|Kunojan's rating: 1072 → 1106(+34 for winning)
|raw|Comeonbruv's rating: 1130 → 1101(-29 for losing)
