|j|☆WowieKazowee
|j|‽Truevillany123
|html|WowieKazoweeTruevillany123    
|uhtml|bestof|Game 2 of a best-of-3
|t:|1757164092
|gametype|doubles
|player|p1|WowieKazowee|idol|1086
|player|p2|Truevillany123|101|1065
|gen|9
|tier|[Gen 9] VGC 2025 Reg H (Bo3)
|rated|
|rule|Species Clause: Limit one of each Pokémon
|rule|Item Clause: Limit 1 of each item
|clearpoke
|poke|p1|Incineroar, L50, F|
|poke|p1|Rillaboom, L50, F|
|poke|p1|Sneasler, L50, F|
|poke|p1|Gholdengo, L50|
|poke|p1|Electabuzz, L50, F|
|poke|p1|Ninetales-Alola, L50, F|
|poke|p2|Ursaluna-Bloodmoon, L50, M|
|poke|p2|Gholdengo, L50|
|poke|p2|Dragonite, L50, M|
|poke|p2|Sneasler, L50, F|
|poke|p2|Incineroar, L50, F|
|poke|p2|Amoonguss, L50, F|
|teampreview|4
|showteam|p1|Incineroar||SafetyGoggles|Intimidate|FakeOut,FlareBlitz,KnockOff,PartingShot|||F|||50|,,,,,Water]Rillaboom||AssaultVest|GrassySurge|WoodHammer,GrassyGlide,FakeOut,Uturn|||F|||50|,,,,,Fire]Sneasler||GrassySeed|Unburden|CloseCombat,DireClaw,FakeOut,Protect|||F|||50|,,,,,Flying]Gholdengo||LifeOrb|GoodasGold|MakeItRain,ShadowBall,NastyPlot,Protect||||||50|,,,,,Steel]Electabuzz||Eviolite|VitalSpirit|Electroweb,VoltSwitch,FollowMe,Protect|||F|||50|,,,,,Bug]Ninetales-Alola||LightClay|SnowWarning|FreezeDry,AuroraVeil,Encore,Protect|||F|||50|,,,,,Water
|showteam|p2|Ursaluna-Bloodmoon||AssaultVest|MindsEye|BloodMoon,EarthPower,VacuumWave,HyperVoice|||M|||50|,,,,,Water]Gholdengo||LifeOrb|GoodasGold|Protect,MakeItRain,ShadowBall,NastyPlot||||||50|,,,,,Water]Dragonite||LoadedDice|Multiscale|ScaleShot,Tailwind,Haze,Protect|||M|||50|,,,,,Fairy]Sneasler||FocusSash|Unburden|Protect,DireClaw,CloseCombat,ThroatChop|||F|||50|,,,,,Stellar]Incineroar||SafetyGoggles|Intimidate|KnockOff,PartingShot,FlareBlitz,FakeOut|||F|||50|,,,,,Ghost]Amoonguss||SitrusBerry|Regenerator|RagePowder,Spore,PollenPuff,Protect|||F|||50|,,,,,Psychic
|
|t:|1757164120
|teamsize|p1|4
|teamsize|p2|4
|start
|switch|p1a: Electabuzz|Electabuzz, L50, F|100/100
|switch|p1b: Gholdengo|Gholdengo, L50|100/100
|switch|p2a: Incineroar|Incineroar, L50, F|100/100
|switch|p2b: Ursaluna|Ursaluna-Bloodmoon, L50, M|100/100
|-ability|p2a: Incineroar|Intimidate|boost
|-unboost|p1a: Electabuzz|atk|1
|-unboost|p1b: Gholdengo|atk|1
|turn|1
|
|t:|1757164137
|-terastallize|p1b: Gholdengo|Steel
|move|p2a: Incineroar|Fake Out|p1a: Electabuzz
|-damage|p1a: Electabuzz|87/100
|cant|p1a: Electabuzz|flinch
|move|p1b: Gholdengo|Make It Rain|p2b: Ursaluna|[spread] p2a,p2b
|-resisted|p2a: Incineroar
|-damage|p2a: Incineroar|61/100
|-damage|p2b: Ursaluna|46/100
|-unboost|p1b: Gholdengo|spa|1
|-damage|p1b: Gholdengo|91/100|[from] item: Life Orb
|move|p2b: Ursaluna|Earth Power|p1b: Gholdengo
|-supereffective|p1b: Gholdengo
|-damage|p1b: Gholdengo|0 fnt
|faint|p1b: Gholdengo
|
|upkeep
|
|t:|1757164153
|switch|p1b: Ninetales|Ninetales-Alola, L50, F|100/100
|-weather|Snowscape|[from] ability: Snow Warning|[of] p1b: Ninetales
|turn|2
|
|t:|1757164164
|move|p1b: Ninetales|Freeze-Dry|p2b: Ursaluna
|-supereffective|p2b: Ursaluna
|-damage|p2b: Ursaluna|20/100
|move|p1a: Electabuzz|Volt Switch|p2a: Incineroar
|-damage|p2a: Incineroar|38/100
|
|t:|1757164169
|switch|p1a: Incineroar|Incineroar, L50, F|100/100|[from] Volt Switch
|-ability|p1a: Incineroar|Intimidate|boost
|-unboost|p2a: Incineroar|atk|1
|-unboost|p2b: Ursaluna|atk|1
|move|p2a: Incineroar|Parting Shot|p1a: Incineroar
|-unboost|p1a: Incineroar|atk|1
|-unboost|p1a: Incineroar|spa|1
|
|t:|1757164178
|switch|p2a: Sneasler|Sneasler, L50, F|100/100|[from] Parting Shot
|move|p2b: Ursaluna|Hyper Voice|p1b: Ninetales|[spread] p1a,p1b
|-damage|p1a: Incineroar|62/100
|-damage|p1b: Ninetales|65/100
|
|-weather|Snowscape|[upkeep]
|upkeep
|turn|3
|
|t:|1757164188
|move|p2a: Sneasler|Protect|p2a: Sneasler
|-singleturn|p2a: Sneasler|Protect
|move|p1a: Incineroar|Fake Out|p2a: Sneasler
|-activate|p2a: Sneasler|move: Protect
|move|p2b: Ursaluna|Vacuum Wave|p1a: Incineroar
|-supereffective|p1a: Incineroar
|-damage|p1a: Incineroar|31/100
|move|p1b: Ninetales|Freeze-Dry|p2a: Sneasler
|-activate|p2a: Sneasler|move: Protect
|
|-weather|Snowscape|[upkeep]
|upkeep
|turn|4
|
|t:|1757164202
|switch|p1a: Electabuzz|Electabuzz, L50, F|87/100
|-terastallize|p2a: Sneasler|Stellar
|move|p2b: Ursaluna|Vacuum Wave|p1a: Electabuzz
|-damage|p1a: Electabuzz|75/100
|move|p2a: Sneasler|Dire Claw|p1b: Ninetales
|-supereffective|p1b: Ninetales
|-damage|p1b: Ninetales|0 fnt
|faint|p1b: Ninetales
|
|-weather|Snowscape|[upkeep]
|upkeep
|
|t:|1757164212
|switch|p1b: Incineroar|Incineroar, L50, F|31/100
|-ability|p1b: Incineroar|Intimidate|boost
|-unboost|p2a: Sneasler|atk|1
|-unboost|p2b: Ursaluna|atk|1
|turn|5
|
|t:|1757164224
|switch|p2a: Incineroar|Incineroar, L50, F|38/100
|-ability|p2a: Incineroar|Intimidate|boost
|-unboost|p1a: Electabuzz|atk|1
|-unboost|p1b: Incineroar|atk|1
|move|p1b: Incineroar|Fake Out|p2b: Ursaluna
|-damage|p2b: Ursaluna|13/100
|move|p1a: Electabuzz|Electroweb|p2b: Ursaluna|[spread] p2a
|-immune|p2b: Ursaluna
|-damage|p2a: Incineroar|23/100
|-unboost|p2a: Incineroar|spe|1
|cant|p2b: Ursaluna|flinch
|
|-weather|Snowscape|[upkeep]
|upkeep
|turn|6
|
|t:|1757164241
|move|p2a: Incineroar|Fake Out|p1a: Electabuzz
|-crit|p1a: Electabuzz
|-damage|p1a: Electabuzz|55/100
|move|p2b: Ursaluna|Vacuum Wave|p1b: Incineroar
|-supereffective|p1b: Incineroar
|-damage|p1b: Incineroar|1/100
|cant|p1a: Electabuzz|flinch
|move|p1b: Incineroar|Knock Off|p2b: Ursaluna
|-damage|p2b: Ursaluna|0 fnt
|-enditem|p2b: Ursaluna|Assault Vest|[from] move: Knock Off|[of] p1b: Incineroar
|faint|p2b: Ursaluna
|
|-weather|none
|upkeep
|
|t:|1757164248
|switch|p2b: Sneasler|Sneasler, L50, F, tera:Stellar|100/100
|turn|7
|
|t:|1757164257
|switch|p2a: Gholdengo|Gholdengo, L50|100/100
|move|p2b: Sneasler|Protect|p2b: Sneasler
|-singleturn|p2b: Sneasler|Protect
|move|p1a: Electabuzz|Follow Me|p1a: Electabuzz
|-singleturn|p1a: Electabuzz|move: Follow Me
|move|p1b: Incineroar|Flare Blitz|p2b: Sneasler
|-activate|p2b: Sneasler|move: Protect
|
|upkeep
|turn|8
|
|t:|1757164269
|move|p2b: Sneasler|Close Combat|p1a: Electabuzz
|-damage|p1a: Electabuzz|0 fnt
|-unboost|p2b: Sneasler|def|1
|-unboost|p2b: Sneasler|spd|1
|faint|p1a: Electabuzz
|move|p2a: Gholdengo|Make It Rain|p1b: Incineroar
|-resisted|p1b: Incineroar
|-damage|p1b: Incineroar|0 fnt
|-unboost|p2a: Gholdengo|spa|1
|faint|p1b: Incineroar
|-damage|p2a: Gholdengo|91/100|[from] item: Life Orb
|
|win|Truevillany123
|raw|WowieKazowee's rating: 1086 → 1062(-24 for losing)
|raw|Truevillany123's rating: 1065 → 1097(+32 for winning)
