|j|☆Mojanf
|j|☆samki9
|html|Mojanfsamki9    
|uhtml|bestof|Game 1 of a best-of-3
|t:|1783355425
|gametype|doubles
|player|p1|Mojanf|170|1074
|player|p2|samki9|marshal|1079
|gen|9
|tier|[Gen 9 Champions] VGC 2026 Reg M-B (Bo3)
|rated|
|rule|Species Clause: Limit one of each Pokémon
|rule|Item Clause: Limit 1 of each item
|clearpoke
|poke|p1|Delphox, L50, F|
|poke|p1|Sneasler, L50, F|
|poke|p1|Kingambit, L50, M|
|poke|p1|Whimsicott, L50, F|
|poke|p1|Tsareena, L50, F|
|poke|p1|Basculegion, L50, M|
|poke|p2|Delphox, L50, M|
|poke|p2|Sceptile, L50, F|
|poke|p2|Garchomp, L50, M|
|poke|p2|Rotom-Wash, L50|
|poke|p2|Aerodactyl, L50, M|
|poke|p2|Sinistcha, L50|
|teampreview|4
|showteam|p1|Delphox||Delphoxite|Magician|HeatWave,Psychic,CalmMind,Protect|Timid||F|||50|]Sneasler||WhiteHerb|Unburden|FakeOut,DireClaw,CloseCombat,Protect|Adamant||F|||50|]Kingambit||LifeOrb|Defiant|KowtowCleave,SuckerPunch,IronHead,Protect|Adamant||M|||50|]Whimsicott||FocusSash|Prankster|Tailwind,Encore,Moonblast,Protect|Timid||F|||50|]Tsareena||SitrusBerry|QueenlyMajesty|TripleAxel,LowKick,TropKick,Protect|Adamant||F|||50|]Basculegion||ChoiceScarf|Adaptability|LastRespects,WaveCrash,FlipTurn,AquaJet|Jolly||M|||50|
|showteam|p2|Delphox||Delphoxite|Blaze|HeatWave,Psyshock,Encore,Protect|Timid||M|||50|]Sceptile||Sceptilite|Overgrow|EnergyBall,DragonPulse,EarthPower,Protect|Timid||F|||50|]Garchomp||LifeOrb|RoughSkin|Earthquake,RockSlide,DragonClaw,Protect|Adamant||M|||50|]Rotom-Wash||ChoiceScarf|Levitate|HydroPump,Discharge,Thunderbolt,WillOWisp|Timid|||||50|]Aerodactyl||FocusSash|Unnerve|RockSlide,DualWingbeat,Tailwind,Protect|Jolly||M|||50|]Sinistcha||SitrusBerry|Hospitality|MatchaGotcha,TrickRoom,Imprison,RagePowder|Sassy|||||50|
|inactive|Battle timer is ON: inactive players will automatically lose when time's up. (requested by Mojanf)
|inactive|Mojanf has 60 seconds left.
|
|t:|1783355459
|teamsize|p1|4
|teamsize|p2|4
|start
|switch|p1a: Delphox|Delphox, L50, F|100/100
|switch|p1b: Sneasler|Sneasler, L50, F|100/100
|switch|p2a: Delphox|Delphox, L50, M|100/100
|switch|p2b: Rotom|Rotom-Wash, L50|100/100
|turn|1
|
|t:|1783355481
|switch|p1b: Whimsicott|Whimsicott, L50, F|100/100
|detailschange|p1a: Delphox|Delphox-Mega, L50, F
|-mega|p1a: Delphox|Delphox|Delphoxite
|detailschange|p2a: Delphox|Delphox-Mega, L50, M
|-mega|p2a: Delphox|Delphox|Delphoxite
|move|p1a: Delphox|Protect|p1a: Delphox
|-singleturn|p1a: Delphox|Protect
|move|p2b: Rotom|Hydro Pump|p1a: Delphox
|-activate|p1a: Delphox|move: Protect
|move|p2a: Delphox|Psyshock|p1b: Whimsicott
|-damage|p1b: Whimsicott|42/100
|
|upkeep
|turn|2
|
|t:|1783355504
|switch|p1a: Basculegion|Basculegion, L50, M|100/100
|move|p1b: Whimsicott|Tailwind|p1b: Whimsicott
|-sidestart|p1: Mojanf|move: Tailwind
|move|p2b: Rotom|Hydro Pump|p1a: Basculegion|[miss]
|-miss|p2b: Rotom|p1a: Basculegion
|move|p2a: Delphox|Heat Wave|p1a: Basculegion|[spread] p1a,p1b
|-resisted|p1a: Basculegion|1
|-supereffective|p1b: Whimsicott|1
|-damage|p1a: Basculegion|76/100
|-damage|p1b: Whimsicott|0 fnt
|faint|p1b: Whimsicott
|
|upkeep
|
|t:|1783355521
|switch|p1b: Sneasler|Sneasler, L50, F|100/100
|turn|3
|
|t:|1783355541
|switch|p2b: Garchomp|Garchomp, L50, M|100/100
|move|p2a: Delphox|Protect|p2a: Delphox
|-singleturn|p2a: Delphox|Protect
|move|p1b: Sneasler|Fake Out|p2b: Garchomp
|-damage|p2b: Garchomp|84/100
|-damage|p1b: Sneasler|87/100|[from] ability: Rough Skin|[of] p2b: Garchomp
|move|p1a: Basculegion|Flip Turn|p2a: Delphox
|-activate|p2a: Delphox|move: Protect
|
|upkeep
|turn|4
|
|t:|1783355564
|switch|p2a: Rotom|Rotom-Wash, L50|100/100
|move|p1a: Basculegion|Flip Turn|p2b: Garchomp
|-crit|p2b: Garchomp
|-damage|p2b: Garchomp|25/100
|-damage|p1a: Basculegion|63/100|[from] ability: Rough Skin|[of] p2b: Garchomp
|
|t:|1783355571
|switch|p1a: Delphox|Delphox-Mega, L50, F|100/100|[from] Flip Turn
|move|p1b: Sneasler|Close Combat|p2b: Garchomp
|-damage|p2b: Garchomp|0 fnt
|-unboost|p1b: Sneasler|def|1
|-unboost|p1b: Sneasler|spd|1
|-damage|p1b: Sneasler|75/100|[from] ability: Rough Skin|[of] p2b: Garchomp
|faint|p2b: Garchomp
|-enditem|p1b: Sneasler|White Herb
|-clearnegativeboost|p1b: Sneasler|[silent]
|
|upkeep
|
|t:|1783355590
|switch|p2b: Aerodactyl|Aerodactyl, L50, M|100/100
|-ability|p2b: Aerodactyl|Unnerve
|turn|5
|
|t:|1783355599
|move|p1b: Sneasler|Close Combat|p2b: Aerodactyl
|-enditem|p2b: Aerodactyl|Focus Sash
|-damage|p2b: Aerodactyl|1/100
|-unboost|p1b: Sneasler|def|1
|-unboost|p1b: Sneasler|spd|1
|move|p1a: Delphox|Psychic|p2b: Aerodactyl
|-damage|p2b: Aerodactyl|0 fnt
|faint|p2b: Aerodactyl
|move|p2a: Rotom|Hydro Pump|p1a: Delphox|[miss]
|-miss|p2a: Rotom|p1a: Delphox
|
|-sideend|p1: Mojanf|move: Tailwind
|upkeep
|
|t:|1783355608
|switch|p2b: Delphox|Delphox-Mega, L50, M|100/100
|turn|6
|
|t:|1783355617
|move|p1b: Sneasler|Close Combat|p2a: Rotom
|-damage|p2a: Rotom|16/100
|-unboost|p1b: Sneasler|def|1
|-unboost|p1b: Sneasler|spd|1
|move|p2a: Rotom|Hydro Pump|p1a: Delphox
|-supereffective|p1a: Delphox|1
|-damage|p1a: Delphox|3/100
|move|p1a: Delphox|Psychic|p2a: Rotom
|-damage|p2a: Rotom|0 fnt
|faint|p2a: Rotom
|move|p2b: Delphox|Psyshock|p1b: Sneasler
|-supereffective|p1b: Sneasler|2
|-damage|p1b: Sneasler|0 fnt
|faint|p1b: Sneasler
|
|upkeep
|
|t:|1783355629
|switch|p1b: Basculegion|Basculegion, L50, M|63/100
|turn|7
|-message|samki9 forfeited.
|
|win|Mojanf
||samki9 is ready for game 2.
||Mojanf is ready for game 2.
|uhtml|next|Next: Game 2 of 3
