|j|☆Lacossg
|j|☆ppyyy
|html|Lacossgppyyy    
|uhtml|bestof|Game 1 of a best-of-3
|t:|1757175396
|gametype|doubles
|player|p1|Lacossg|169|1134
|player|p2|ppyyy|elesa-gen5bw2|1288
|gen|9
|tier|[Gen 9] VGC 2025 Reg H (Bo3)
|rated|
|rule|Species Clause: Limit one of each Pokémon
|rule|Item Clause: Limit 1 of each item
|clearpoke
|poke|p1|Corviknight, L50, M|
|poke|p1|Chesnaught, L50, F|
|poke|p1|Tyranitar, L50, F|
|poke|p1|Porygon2, L50|
|poke|p1|Volcarona, L50, M|
|poke|p1|Kingambit, L50, F|
|poke|p2|Maushold, L50|
|poke|p2|Talonflame, L50, F|
|poke|p2|Archaludon, L50, M|
|poke|p2|Ursaluna, L50, M|
|poke|p2|Gholdengo, L50|
|poke|p2|Meowscarada, L50, F|
|teampreview|4
|showteam|p1|Corviknight||CovertCloak|MirrorArmor|Tailwind,Taunt,BraveBird,Roost|||M|||50|,,,,,Dragon]Chesnaught||Leftovers|Bulletproof|WideGuard,BodyPress,Protect,IronDefense|||F|||50|,,,,,Fairy]Tyranitar||FocusSash|SandStream|RockSlide,KnockOff,TeraBlast,Protect|||F|||50|,,,,,Grass]Porygon2||Eviolite|Download|TeraBlast,IceBeam,TrickRoom,Recover||||||50|,,,,,Flying]Volcarona||SitrusBerry|FlameBody|QuiverDance,FieryDance,GigaDrain,Protect|||M|||50|,,,,,Grass]Kingambit||BlackGlasses|Defiant|KowtowCleave,SwordsDance,SuckerPunch,Protect|||F|||50|,,,,,Fairy
|showteam|p2|Maushold||WideLens|Technician|FollowMe,PopulationBomb,Taunt,Protect||||||50|,,,,,Ghost]Talonflame||LifeOrb|GaleWings|BraveBird,FlareBlitz,Tailwind,WillOWisp|||F|||50|,,,,,Ghost]Archaludon||AssaultVest|Stamina|BodyPress,Snarl,DragonPulse,ElectroShot|||M|||50|,,,,,Bug]Ursaluna||FlameOrb|Guts|Facade,HeadlongRush,Earthquake,Protect|||M|||50|,,,,,Ghost]Gholdengo||ChoiceSpecs|GoodasGold|MakeItRain,ShadowBall,Protect,Trick||||||50|,,,,,Flying]Meowscarada||FocusSash|Protean|FlowerTrick,KnockOff,TripleAxel,Protect|||F|||50|,,,,,Grass
|
|t:|1757175493
|teamsize|p1|4
|teamsize|p2|4
|start
|switch|p1a: Chesnaught|Chesnaught, L50, F|100/100
|switch|p1b: Corviknight|Corviknight, L50, M|100/100
|switch|p2a: Maushold|Maushold, L50|100/100
|switch|p2b: Archaludon|Archaludon, L50, M|100/100
|turn|1
|
|t:|1757175522
|move|p2a: Maushold|Population Bomb|p2b: Archaludon
|-resisted|p2b: Archaludon
|-damage|p2b: Archaludon|96/100
|-ability|p2b: Archaludon|Stamina|boost
|-boost|p2b: Archaludon|def|1
|-resisted|p2b: Archaludon
|-damage|p2b: Archaludon|93/100
|-ability|p2b: Archaludon|Stamina|boost
|-boost|p2b: Archaludon|def|1
|-resisted|p2b: Archaludon
|-damage|p2b: Archaludon|90/100
|-ability|p2b: Archaludon|Stamina|boost
|-boost|p2b: Archaludon|def|1
|-resisted|p2b: Archaludon
|-damage|p2b: Archaludon|88/100
|-ability|p2b: Archaludon|Stamina|boost
|-boost|p2b: Archaludon|def|1
|-resisted|p2b: Archaludon
|-damage|p2b: Archaludon|86/100
|-ability|p2b: Archaludon|Stamina|boost
|-boost|p2b: Archaludon|def|1
|-resisted|p2b: Archaludon
|-damage|p2b: Archaludon|85/100
|-ability|p2b: Archaludon|Stamina|boost
|-boost|p2b: Archaludon|def|1
|-resisted|p2b: Archaludon
|-crit|p2b: Archaludon
|-damage|p2b: Archaludon|77/100
|-resisted|p2b: Archaludon
|-damage|p2b: Archaludon|76/100
|-resisted|p2b: Archaludon
|-damage|p2b: Archaludon|75/100
|-resisted|p2b: Archaludon
|-damage|p2b: Archaludon|74/100
|-hitcount|p2b: Archaludon|10
|move|p2b: Archaludon|Body Press|p1b: Corviknight
|-damage|p1b: Corviknight|30/100
|move|p1b: Corviknight|Tailwind|p1b: Corviknight
|-sidestart|p1: Lacossg|move: Tailwind
|move|p1a: Chesnaught|Iron Defense|p1a: Chesnaught
|-boost|p1a: Chesnaught|def|2
|
|upkeep
|turn|2
|
|t:|1757175551
|switch|p1b: Tyranitar|Tyranitar, L50, F|100/100
|-weather|Sandstorm|[from] ability: Sand Stream|[of] p1b: Tyranitar
|switch|p2a: Gholdengo|Gholdengo, L50|100/100
|-terastallize|p2b: Archaludon|Bug
|move|p1a: Chesnaught|Body Press|p2b: Archaludon
|-resisted|p2b: Archaludon
|-damage|p2b: Archaludon|67/100
|move|p2b: Archaludon|Dragon Pulse|p1a: Chesnaught
|-damage|p1a: Chesnaught|66/100
|
|-weather|Sandstorm|[upkeep]
|-damage|p1a: Chesnaught|60/100|[from] Sandstorm
|-damage|p2b: Archaludon|61/100|[from] Sandstorm
|-heal|p1a: Chesnaught|66/100|[from] item: Leftovers
|upkeep
|turn|3
|
|t:|1757175594
|move|p2a: Gholdengo|Protect|p2a: Gholdengo
|-singleturn|p2a: Gholdengo|Protect
|move|p1b: Tyranitar|Knock Off|p2a: Gholdengo
|-activate|p2a: Gholdengo|move: Protect
|move|p1a: Chesnaught|Iron Defense|p1a: Chesnaught
|-boost|p1a: Chesnaught|def|2
|move|p2b: Archaludon|Body Press|p1b: Tyranitar
|-supereffective|p1b: Tyranitar
|-enditem|p1b: Tyranitar|Focus Sash
|-damage|p1b: Tyranitar|1/100
|
|-weather|Sandstorm|[upkeep]
|-damage|p1a: Chesnaught|60/100|[from] Sandstorm
|-damage|p2b: Archaludon|54/100|[from] Sandstorm
|-heal|p1a: Chesnaught|66/100|[from] item: Leftovers
|upkeep
|turn|4
|
|t:|1757175615
|switch|p1b: Volcarona|Volcarona, L50, M|100/100
|switch|p2a: Maushold|Maushold, L50|100/100
|move|p1a: Chesnaught|Body Press|p2b: Archaludon
|-resisted|p2b: Archaludon
|-damage|p2b: Archaludon|43/100
|move|p2b: Archaludon|Dragon Pulse|p1a: Chesnaught
|-damage|p1a: Chesnaught|33/100
|
|-weather|Sandstorm|[upkeep]
|-damage|p1b: Volcarona|95/100|[from] Sandstorm
|-damage|p2a: Maushold|94/100|[from] Sandstorm
|-damage|p1a: Chesnaught|27/100|[from] Sandstorm
|-damage|p2b: Archaludon|36/100|[from] Sandstorm
|-heal|p1a: Chesnaught|33/100|[from] item: Leftovers
|-sideend|p1: Lacossg|move: Tailwind
|upkeep
|turn|5
|
|t:|1757175645
|-terastallize|p1a: Chesnaught|Fairy
|move|p1b: Volcarona|Protect|p1b: Volcarona
|-singleturn|p1b: Volcarona|Protect
|move|p2a: Maushold|Population Bomb|p1b: Volcarona
|-activate|p1b: Volcarona|move: Protect
|move|p2b: Archaludon|Body Press|p1b: Volcarona
|-activate|p1b: Volcarona|move: Protect
|move|p1a: Chesnaught|Body Press|p2a: Maushold
|-supereffective|p2a: Maushold
|-damage|p2a: Maushold|0 fnt
|faint|p2a: Maushold
|
|-weather|Sandstorm|[upkeep]
|-damage|p2b: Archaludon|30/100|[from] Sandstorm
|-damage|p1b: Volcarona|89/100|[from] Sandstorm
|-damage|p1a: Chesnaught|27/100|[from] Sandstorm
|-heal|p1a: Chesnaught|33/100|[from] item: Leftovers
|upkeep
|
|t:|1757175656
|switch|p2a: Gholdengo|Gholdengo, L50|100/100
|turn|6
|
|t:|1757175663
|move|p1a: Chesnaught|Wide Guard|p1a: Chesnaught
|-singleturn|p1a: Chesnaught|Wide Guard
|move|p2b: Archaludon|Body Press|p1b: Volcarona
|-resisted|p1b: Volcarona
|-damage|p1b: Volcarona|42/100
|-enditem|p1b: Volcarona|Sitrus Berry|[eat]
|-heal|p1b: Volcarona|67/100|[from] item: Sitrus Berry
|move|p2a: Gholdengo|Make It Rain|p1a: Chesnaught|[spread] 
|-activate|p1a: Chesnaught|move: Wide Guard
|-activate|p1b: Volcarona|move: Wide Guard
|move|p1b: Volcarona|Fiery Dance|p2b: Archaludon
|-supereffective|p2b: Archaludon
|-damage|p2b: Archaludon|0 fnt
|-boost|p1b: Volcarona|spa|1
|faint|p2b: Archaludon
|
|-weather|none
|-heal|p1a: Chesnaught|39/100|[from] item: Leftovers
|upkeep
|
|t:|1757175667
|switch|p2b: Talonflame|Talonflame, L50, F|100/100
|turn|7
|l|☆ppyyy
|player|p2|
|j|☆ppyyy
|player|p2|ppyyy|elesa-gen5bw2|
|
|t:|1757175734
|switch|p1b: Corviknight|Corviknight, L50, M|30/100
|move|p1a: Chesnaught|Wide Guard|p1a: Chesnaught
|-singleturn|p1a: Chesnaught|Wide Guard
|move|p2b: Talonflame|Brave Bird|p1b: Corviknight
|-resisted|p1b: Corviknight
|-damage|p1b: Corviknight|6/100
|-damage|p2b: Talonflame|90/100|[from] Recoil
|-damage|p2b: Talonflame|81/100|[from] item: Life Orb
|move|p2a: Gholdengo|Make It Rain|p1a: Chesnaught|[spread] 
|-activate|p1a: Chesnaught|move: Wide Guard
|-activate|p1b: Corviknight|move: Wide Guard
|
|-heal|p1a: Chesnaught|46/100|[from] item: Leftovers
|upkeep
|turn|8
|
|t:|1757175754
|move|p1a: Chesnaught|Wide Guard|p1a: Chesnaught
|-singleturn|p1a: Chesnaught|Wide Guard
|move|p2b: Talonflame|Will-O-Wisp|p1a: Chesnaught
|-status|p1a: Chesnaught|brn
|move|p2a: Gholdengo|Make It Rain|p1b: Corviknight|[spread] 
|-activate|p1a: Chesnaught|move: Wide Guard
|-activate|p1b: Corviknight|move: Wide Guard
|move|p1b: Corviknight|Tailwind|p1b: Corviknight
|-sidestart|p1: Lacossg|move: Tailwind
|
|-heal|p1a: Chesnaught|52/100 brn|[from] item: Leftovers
|-damage|p1a: Chesnaught|46/100 brn|[from] brn
|upkeep
|turn|9
|
|t:|1757175781
|move|p1a: Chesnaught|Wide Guard|p1a: Chesnaught
|-singleturn|p1a: Chesnaught|Wide Guard
|move|p1b: Corviknight|Taunt|p2b: Talonflame
|-start|p2b: Talonflame|move: Taunt
|cant|p2b: Talonflame|move: Taunt|Tailwind
|move|p2a: Gholdengo|Make It Rain|p1b: Corviknight|[spread] 
|-activate|p1a: Chesnaught|move: Wide Guard
|-activate|p1b: Corviknight|move: Wide Guard
|
|-heal|p1a: Chesnaught|52/100 brn|[from] item: Leftovers
|-damage|p1a: Chesnaught|46/100 brn|[from] brn
|upkeep
|turn|10
|
|t:|1757175793
|move|p1a: Chesnaught|Wide Guard|p1a: Chesnaught
|-singleturn|p1a: Chesnaught|Wide Guard
|move|p1b: Corviknight|Roost|p1b: Corviknight
|-heal|p1b: Corviknight|56/100
|-singleturn|p1b: Corviknight|move: Roost
|move|p2b: Talonflame|Flare Blitz|p1a: Chesnaught
|-damage|p1a: Chesnaught|32/100 brn
|-damage|p2b: Talonflame|75/100|[from] Recoil
|-damage|p2b: Talonflame|65/100|[from] item: Life Orb
|move|p2a: Gholdengo|Make It Rain|p1b: Corviknight|[spread] 
|-activate|p1a: Chesnaught|move: Wide Guard
|-activate|p1b: Corviknight|move: Wide Guard
|
|-heal|p1a: Chesnaught|38/100 brn|[from] item: Leftovers
|-damage|p1a: Chesnaught|32/100 brn|[from] brn
|upkeep
|turn|11
|
|t:|1757175807
|move|p1a: Chesnaught|Wide Guard|p1a: Chesnaught
|-singleturn|p1a: Chesnaught|Wide Guard
|move|p1b: Corviknight|Brave Bird|p2b: Talonflame
|-damage|p2b: Talonflame|6/100
|-damage|p1b: Corviknight|41/100|[from] Recoil
|move|p2b: Talonflame|Flare Blitz|p1b: Corviknight
|-supereffective|p1b: Corviknight
|-damage|p1b: Corviknight|0 fnt
|faint|p1b: Corviknight
|-damage|p2b: Talonflame|0 fnt|[from] Recoil
|faint|p2b: Talonflame
|move|p2a: Gholdengo|Make It Rain|p1a: Chesnaught
|-activate|p1a: Chesnaught|move: Wide Guard
|
|-heal|p1a: Chesnaught|38/100 brn|[from] item: Leftovers
|-damage|p1a: Chesnaught|32/100 brn|[from] brn
|-sideend|p1: Lacossg|move: Tailwind
|upkeep
|
|t:|1757175817
|switch|p1b: Tyranitar|Tyranitar, L50, F|1/100
|-weather|Sandstorm|[from] ability: Sand Stream|[of] p1b: Tyranitar
|turn|12
|
|t:|1757175822
|move|p1a: Chesnaught|Wide Guard|p1a: Chesnaught
|-singleturn|p1a: Chesnaught|Wide Guard
|move|p2a: Gholdengo|Make It Rain|p1a: Chesnaught|[spread] 
|-activate|p1a: Chesnaught|move: Wide Guard
|-activate|p1b: Tyranitar|move: Wide Guard
|move|p1b: Tyranitar|Rock Slide|p2a: Gholdengo
|-resisted|p2a: Gholdengo
|-damage|p2a: Gholdengo|78/100
|
|-weather|Sandstorm|[upkeep]
|-damage|p1a: Chesnaught|26/100 brn|[from] Sandstorm
|-heal|p1a: Chesnaught|32/100 brn|[from] item: Leftovers
|-damage|p1a: Chesnaught|26/100 brn|[from] brn
|upkeep
|turn|13
|
|t:|1757175835
|move|p1a: Chesnaught|Wide Guard|p1a: Chesnaught
|-singleturn|p1a: Chesnaught|Wide Guard
|move|p2a: Gholdengo|Make It Rain|p1a: Chesnaught|[spread] 
|-activate|p1a: Chesnaught|move: Wide Guard
|-activate|p1b: Tyranitar|move: Wide Guard
|move|p1b: Tyranitar|Knock Off|p2a: Gholdengo
|-supereffective|p2a: Gholdengo
|-damage|p2a: Gholdengo|0 fnt
|-enditem|p2a: Gholdengo|Choice Specs|[from] move: Knock Off|[of] p1b: Tyranitar
|faint|p2a: Gholdengo
|
|win|Lacossg
