|j|☆DreamPrince
|j|☆jiaco5
|html|DreamPrincejiaco5    
|uhtml|bestof|Game 3 of a best-of-3
|t:|1784001521
|gametype|doubles
|player|p1|DreamPrince|dahlia|1329
|player|p2|jiaco5|102|1289
|gen|9
|tier|[Gen 9 Champions] VGC 2026 Reg M-B (Bo3)
|rated|
|rule|Species Clause: Limit one of each Pokémon
|rule|Item Clause: Limit 1 of each item
|clearpoke
|poke|p1|Pidgeot, L50, F, shiny|
|poke|p1|Excadrill, L50, F|
|poke|p1|Tyranitar, L50, M|
|poke|p1|Tsareena, L50, F|
|poke|p1|Gholdengo, L50|
|poke|p1|Rotom-Wash, L50, shiny|
|poke|p2|Blastoise, L50, F|
|poke|p2|Sinistcha, L50|
|poke|p2|Delphox, L50, F|
|poke|p2|Sneasler, L50, M|
|poke|p2|Incineroar, L50, F|
|poke|p2|Kingambit, L50, M|
|teampreview|4
|showteam|p1|Pidgeot||Pidgeotite|BigPecks|Hurricane,HeatWave,Tailwind,Protect|Timid||F|||50|]Excadrill||FocusSash|SandRush|Earthquake,IronHead,RockSlide,Protect|Adamant||F|||50|]Tyranitar||Tyranitarite|SandStream|RockSlide,KnockOff,Protect,LowKick|Jolly||M|||50|]Tsareena||ChoiceScarf|QueenlyMajesty|PowerWhip,TripleAxel,Uturn,LowKick|Jolly||F|||50|]Gholdengo||Leftovers|GoodasGold|ShadowBall,MakeItRain,NastyPlot,Protect|Timid|||||50|]Rotom-Wash||SitrusBerry|Levitate|HydroPump,Thunderbolt,WillOWisp,Protect|Bold|||||50|
|showteam|p2|Blastoise||Blastoisinite|RainDish|WaterSpout,DarkPulse,ShellSmash,Protect|Modest||F|||50|]Sinistcha||OccaBerry|Hospitality|MatchaGotcha,TrickRoom,RagePowder,Protect|Relaxed|||||50|]Delphox||Delphoxite|Blaze|HeatWave,Psyshock,NastyPlot,Protect|Timid||F|||50|]Sneasler||FocusSash|PoisonTouch|CloseCombat,DireClaw,FakeOut,QuickGuard|Jolly||M|||50|]Incineroar||SitrusBerry|Intimidate|FlareBlitz,FakeOut,ThroatChop,PartingShot|Impish||F|||50|]Kingambit||BlackGlasses|Defiant|KowtowCleave,SuckerPunch,SwordsDance,Protect|Adamant||M|||50|
|inactive|Battle timer is ON: inactive players will automatically lose when time's up. (requested by jiaco5)
|
|t:|1784001592
|teamsize|p1|4
|teamsize|p2|4
|start
|switch|p1a: Pidgeot|Pidgeot, L50, F, shiny|100/100
|switch|p1b: Rotom|Rotom-Wash, L50, shiny|100/100
|switch|p2a: Sneasler|Sneasler, L50, M|100/100
|switch|p2b: Blastoise|Blastoise, L50, F|100/100
|turn|1
|inactive|DreamPrince has 30 seconds left.
|inactive|jiaco5 has 30 seconds left.
|
|t:|1784001624
|switch|p1a: Tsareena|Tsareena, L50, F|100/100
|switch|p2b: Sinistcha|Sinistcha, L50|100/100
|move|p2a: Sneasler|Dire Claw|p1a: Tsareena
|-supereffective|p1a: Tsareena|1
|-damage|p1a: Tsareena|16/100
|-status|p1a: Tsareena|psn
|move|p1b: Rotom|Thunderbolt|p2b: Sinistcha
|-resisted|p2b: Sinistcha|1
|-damage|p2b: Sinistcha|84/100
|
|-damage|p1a: Tsareena|4/100 psn|[from] psn
|upkeep
|turn|2
|
|t:|1784001645
|switch|p2a: Incineroar|Incineroar, L50, F|100/100
|-ability|p2a: Incineroar|Intimidate|boost
|-unboost|p1a: Tsareena|atk|1
|-unboost|p1b: Rotom|atk|1
|move|p1a: Tsareena|Triple Axel|p2b: Sinistcha
|-supereffective|p2b: Sinistcha|1
|-damage|p2b: Sinistcha|76/100
|-supereffective|p2b: Sinistcha|1
|-damage|p2b: Sinistcha|62/100
|-hitcount|p2b: Sinistcha|2
|move|p1b: Rotom|Will-O-Wisp|p2a: Incineroar|[miss]
|-miss|p1b: Rotom|p2a: Incineroar
|move|p2b: Sinistcha|Matcha Gotcha|p1b: Rotom|[spread] p1a,p1b
|-resisted|p1a: Tsareena|1
|-crit|p1a: Tsareena
|-supereffective|p1b: Rotom|1
|-damage|p1a: Tsareena|0 fnt
|-heal|p2b: Sinistcha|64/100|[from] drain|[of] p1a: Tsareena
|-damage|p1b: Rotom|50/100y
|-heal|p2b: Sinistcha|84/100|[from] drain|[of] p1b: Rotom
|-enditem|p1b: Rotom|Sitrus Berry|[eat]
|-heal|p1b: Rotom|75/100|[from] item: Sitrus Berry
|faint|p1a: Tsareena
|
|upkeep
|
|t:|1784001650
|switch|p1a: Tyranitar|Tyranitar, L50, M|100/100
|-weather|Sandstorm|[from] ability: Sand Stream|[of] p1a: Tyranitar
|turn|3
|
|t:|1784001675
|switch|p1b: Pidgeot|Pidgeot, L50, F, shiny|100/100
|move|p2b: Sinistcha|Protect|p2b: Sinistcha
|-singleturn|p2b: Sinistcha|Protect
|move|p1a: Tyranitar|Knock Off|p2b: Sinistcha
|-activate|p2b: Sinistcha|move: Protect
|move|p2a: Incineroar|Parting Shot|p1a: Tyranitar
|-unboost|p1a: Tyranitar|atk|1
|-unboost|p1a: Tyranitar|spa|1
|
|t:|1784001687
|switch|p2a: Sneasler|Sneasler, L50, M|100/100|[from] Parting Shot
|
|-weather|Sandstorm|[upkeep]
|-damage|p2a: Sneasler|94/100|[from] Sandstorm
|-damage|p1b: Pidgeot|94/100|[from] Sandstorm
|-damage|p2b: Sinistcha|78/100|[from] Sandstorm
|upkeep
|turn|4
|
|t:|1784001703
|detailschange|p1b: Pidgeot|Pidgeot-Mega, L50, F, shiny
|-mega|p1b: Pidgeot|Pidgeot|Pidgeotite
|move|p2a: Sneasler|Fake Out|p1b: Pidgeot
|-damage|p1b: Pidgeot|75/100
|-status|p1b: Pidgeot|psn|[from] ability: Poison Touch|[of] p2a: Sneasler
|cant|p1b: Pidgeot|flinch
|move|p1a: Tyranitar|Knock Off|p2b: Sinistcha
|-supereffective|p2b: Sinistcha|1
|-damage|p2b: Sinistcha|26/100
|-enditem|p2b: Sinistcha|Occa Berry|[from] move: Knock Off|[of] p1a: Tyranitar
|move|p2b: Sinistcha|Trick Room|p2b: Sinistcha
|-fieldstart|move: Trick Room|[of] p2b: Sinistcha
|
|-weather|Sandstorm|[upkeep]
|-damage|p2b: Sinistcha|20/100y|[from] Sandstorm
|-damage|p2a: Sneasler|88/100|[from] Sandstorm
|-damage|p1b: Pidgeot|69/100 psn|[from] Sandstorm
|-damage|p1b: Pidgeot|57/100 psn|[from] psn
|upkeep
|turn|5
|inactive|jiaco5 has 30 seconds left.
|
|t:|1784001729
|move|p2b: Sinistcha|Matcha Gotcha|p1b: Pidgeot|[spread] p1a,p1b
|-supereffective|p1a: Tyranitar|1
|-resisted|p1b: Pidgeot|1
|-damage|p1a: Tyranitar|73/100
|-heal|p2b: Sinistcha|34/100|[from] drain|[of] p1a: Tyranitar
|-damage|p1b: Pidgeot|43/100 psn
|-heal|p2b: Sinistcha|41/100|[from] drain|[of] p1b: Pidgeot
|move|p1a: Tyranitar|Rock Slide|p2b: Sinistcha|[spread] p2a,p2b
|-resisted|p2a: Sneasler|1
|-damage|p2a: Sneasler|72/100
|-damage|p2b: Sinistcha|25/100
|cant|p2a: Sneasler|flinch
|move|p1b: Pidgeot|Hurricane|p2a: Sneasler
|-supereffective|p2a: Sneasler|1
|-damage|p2a: Sneasler|0 fnt
|faint|p2a: Sneasler
|
|-weather|Sandstorm|[upkeep]
|-damage|p2b: Sinistcha|19/100|[from] Sandstorm
|-damage|p1b: Pidgeot|37/100 psn|[from] Sandstorm
|-damage|p1b: Pidgeot|25/100 psn|[from] psn
|upkeep
|
|t:|1784001746
|switch|p2a: Incineroar|Incineroar, L50, F|100/100
|-ability|p2a: Incineroar|Intimidate|boost
|-unboost|p1a: Tyranitar|atk|1
|-unboost|p1b: Pidgeot|atk|1
|turn|6
|
|t:|1784001757
|move|p1a: Tyranitar|Protect|p1a: Tyranitar
|-singleturn|p1a: Tyranitar|Protect
|move|p1b: Pidgeot|Protect|p1b: Pidgeot
|-singleturn|p1b: Pidgeot|Protect
|move|p2b: Sinistcha|Matcha Gotcha|p1a: Tyranitar|[spread] 
|-activate|p1a: Tyranitar|move: Protect
|-activate|p1b: Pidgeot|move: Protect
|move|p2a: Incineroar|Flare Blitz|p1b: Pidgeot
|-activate|p1b: Pidgeot|move: Protect
|
|-weather|Sandstorm|[upkeep]
|-damage|p2b: Sinistcha|12/100|[from] Sandstorm
|-damage|p2a: Incineroar|94/100|[from] Sandstorm
|-damage|p1b: Pidgeot|19/100 psn|[from] Sandstorm
|-damage|p1b: Pidgeot|7/100 psn|[from] psn
|upkeep
|turn|7
|
|t:|1784001782
|move|p1b: Pidgeot|Protect||[still]
|-fail|p1b: Pidgeot
|move|p2b: Sinistcha|Matcha Gotcha|p1a: Tyranitar|[spread] p1a,p1b
|-supereffective|p1a: Tyranitar|1
|-resisted|p1b: Pidgeot|1
|-crit|p1b: Pidgeot
|-damage|p1a: Tyranitar|43/100
|-heal|p2b: Sinistcha|28/100|[from] drain|[of] p1a: Tyranitar
|-damage|p1b: Pidgeot|0 fnt
|-heal|p2b: Sinistcha|31/100|[from] drain|[of] p1b: Pidgeot
|faint|p1b: Pidgeot
|move|p2a: Incineroar|Parting Shot|p1a: Tyranitar
|-unboost|p1a: Tyranitar|atk|1
|-unboost|p1a: Tyranitar|spa|1
|
|t:|1784001795
|switch|p2a: Blastoise|Blastoise, L50, F|100/100|[from] Parting Shot
|move|p1a: Tyranitar|Knock Off|p2b: Sinistcha
|-supereffective|p2b: Sinistcha|1
|-damage|p2b: Sinistcha|10/100
|
|-weather|none
|upkeep
|
|t:|1784001798
|switch|p1b: Rotom|Rotom-Wash, L50, shiny|75/100
|turn|8
|inactive|jiaco5 has 30 seconds left.
|
|t:|1784001825
|detailschange|p2a: Blastoise|Blastoise-Mega, L50, F
|-mega|p2a: Blastoise|Blastoise|Blastoisinite
|move|p2a: Blastoise|Protect|p2a: Blastoise
|-singleturn|p2a: Blastoise|Protect
|move|p2b: Sinistcha|Matcha Gotcha|p1b: Rotom|[spread] p1a,p1b
|-supereffective|p1a: Tyranitar|1
|-supereffective|p1b: Rotom|1
|-damage|p1a: Tyranitar|2/100
|-heal|p2b: Sinistcha|30/100|[from] drain|[of] p1a: Tyranitar
|-damage|p1b: Rotom|23/100
|-heal|p2b: Sinistcha|51/100|[from] drain|[of] p1b: Rotom
|move|p1a: Tyranitar|Rock Slide|p2a: Blastoise|[spread] p2b
|-activate|p2a: Blastoise|move: Protect
|-damage|p2b: Sinistcha|41/100
|move|p1b: Rotom|Thunderbolt|p2a: Blastoise
|-activate|p2a: Blastoise|move: Protect
|
|-fieldend|move: Trick Room
|upkeep
|turn|9
|-message|DreamPrince forfeited.
|
|win|jiaco5
|raw|DreamPrince's rating: 1329 → 1307(-22 for losing)
|raw|jiaco5's rating: 1289 → 1317(+28 for winning)
|l|☆DreamPrince
|player|p1|
