|j|☆dialghite
|j|☆buf0722shito
|html|dialghitebuf0722shito    
|uhtml|bestof|Game 1 of a best-of-3
|t:|1756389590
|gametype|doubles
|player|p1|dialghite|volkner|1382
|player|p2|buf0722shito|170|1290
|gen|9
|tier|[Gen 9] VGC 2025 Reg H (Bo3)
|rated|
|rule|Species Clause: Limit one of each Pokémon
|rule|Item Clause: Limit 1 of each item
|clearpoke
|poke|p1|Whimsicott, L50, F|
|poke|p1|Pelipper, L50, M|
|poke|p1|Indeedee, L50, M|
|poke|p1|Sneasler, L50, F|
|poke|p1|Ursaluna-Bloodmoon, L50, M|
|poke|p1|Archaludon, L50, M|
|poke|p2|Annihilape, L50, F|
|poke|p2|Dondozo, L50, F|
|poke|p2|Garchomp, L50, F|
|poke|p2|Ninetales-Alola, L50, M|
|poke|p2|Gholdengo, L50|
|poke|p2|Rillaboom, L50, M|
|teampreview|4
|showteam|p1|Whimsicott||CovertCloak|Prankster|Moonblast,Taunt,Tailwind,FakeTears|||F|||50|,,,,,Water]Pelipper||ChoiceScarf|Drizzle|MuddyWater,WeatherBall,Hurricane,Uturn|||M|||50|,,,,,Ghost]Indeedee||FocusSash|PsychicSurge|ExpandingForce,TeraBlast,Imprison,TrickRoom|||M|||50|,,,,,Psychic]Sneasler||PsychicSeed|Unburden|CloseCombat,DireClaw,ThroatChop,Protect|||F|||50|,,,,,Dark]Ursaluna-Bloodmoon||LifeOrb|MindsEye|HyperVoice,BloodMoon,EarthPower,Protect|||M|||50|,,,,,Normal]Archaludon||PowerHerb|Sturdy|ElectroShot,DragonPulse,Thunderbolt,Protect|||M|||50|,,,,,Electric
|showteam|p2|Annihilape||SafetyGoggles|Defiant|BulkUp,Protect,RageFist,DrainPunch|||F|||50|,,,,,Fire]Dondozo||Leftovers|Unaware|Yawn,WaveCrash,Protect,Fissure|||F|||50|,,,,,Fairy]Garchomp||LoadedDice|RoughSkin|ScaleShot,Protect,StompingTantrum,SwordsDance|||F|||50|,,,,,Steel]Ninetales-Alola||LightClay|SnowWarning|IcicleSpear,Blizzard,AuroraVeil,IcyWind|||M|||50|,,,,,Ghost]Gholdengo||GrassySeed|GoodasGold|MakeItRain,ShadowBall,Protect,NastyPlot||||||50|,,,,,Water]Rillaboom||AssaultVest|GrassySurge|FakeOut,GrassyGlide,WoodHammer,Uturn|||M|||50|,,,,,Fire
|inactive|Battle timer is ON: inactive players will automatically lose when time's up. (requested by dialghite)
|inactive|buf0722shito has 60 seconds left.
|
|t:|1756389625
|teamsize|p1|4
|teamsize|p2|4
|start
|switch|p1a: Whimsicott|Whimsicott, L50, F|100/100
|switch|p1b: Ursaluna|Ursaluna-Bloodmoon, L50, M|100/100
|switch|p2a: Garchomp|Garchomp, L50, F|100/100
|switch|p2b: Gholdengo|Gholdengo, L50|100/100
|turn|1
|
|t:|1756389636
|-terastallize|p2a: Garchomp|Steel
|move|p1a: Whimsicott|Tailwind|p1a: Whimsicott
|-sidestart|p1: dialghite|move: Tailwind
|move|p1b: Ursaluna|Earth Power|p2b: Gholdengo
|-supereffective|p2b: Gholdengo
|-damage|p2b: Gholdengo|0 fnt
|faint|p2b: Gholdengo
|-damage|p1b: Ursaluna|91/100|[from] item: Life Orb
|move|p2a: Garchomp|Scale Shot|p1b: Ursaluna
|-damage|p1b: Ursaluna|81/100
|-damage|p1b: Ursaluna|69/100
|-damage|p1b: Ursaluna|58/100
|-damage|p1b: Ursaluna|47/100
|-hitcount|p1b: Ursaluna|4
|-unboost|p2a: Garchomp|def|1
|-boost|p2a: Garchomp|spe|1
|
|upkeep
|
|t:|1756389644
|switch|p2b: Ninetales|Ninetales-Alola, L50, M|100/100
|-weather|Snowscape|[from] ability: Snow Warning|[of] p2b: Ninetales
|turn|2
|
|t:|1756389658
|move|p1a: Whimsicott|Taunt|p2b: Ninetales
|-start|p2b: Ninetales|move: Taunt
|move|p1b: Ursaluna|Earth Power|p2a: Garchomp
|-supereffective|p2a: Garchomp
|-damage|p2a: Garchomp|0 fnt
|faint|p2a: Garchomp
|-damage|p1b: Ursaluna|38/100|[from] item: Life Orb
|move|p2b: Ninetales|Blizzard|p1a: Whimsicott|[spread] p1a,p1b
|-supereffective|p1a: Whimsicott
|-supereffective|p1b: Ursaluna
|-damage|p1a: Whimsicott|29/100
|-damage|p1b: Ursaluna|0 fnt
|faint|p1b: Ursaluna
|
|-weather|Snowscape|[upkeep]
|upkeep
|
|t:|1756389666
|switch|p2a: Rillaboom|Rillaboom, L50, M|100/100
|switch|p1b: Archaludon|Archaludon, L50, M|100/100
|-fieldstart|move: Grassy Terrain|[from] ability: Grassy Surge|[of] p2a: Rillaboom
|turn|3
|
|t:|1756389678
|move|p1b: Archaludon|Protect|p1b: Archaludon
|-singleturn|p1b: Archaludon|Protect
|move|p2a: Rillaboom|Fake Out|p1b: Archaludon
|-activate|p1b: Archaludon|move: Protect
|move|p1a: Whimsicott|Fake Tears|p2b: Ninetales
|-unboost|p2b: Ninetales|spd|2
|move|p2b: Ninetales|Blizzard|p1a: Whimsicott|[spread] p1a
|-activate|p1b: Archaludon|move: Protect
|-supereffective|p1a: Whimsicott
|-damage|p1a: Whimsicott|0 fnt
|faint|p1a: Whimsicott
|
|-weather|Snowscape|[upkeep]
|upkeep
|
|t:|1756389680
|switch|p1a: Indeedee|Indeedee, L50, M|100/100
|-fieldstart|move: Psychic Terrain|[from] ability: Psychic Surge|[of] p1a: Indeedee
|turn|4
|
|t:|1756389691
|-terastallize|p1a: Indeedee|Psychic
|move|p1a: Indeedee|Expanding Force|p2b: Ninetales|[spread] p2a,p2b
|-damage|p2a: Rillaboom|54/100
|-damage|p2b: Ninetales|0 fnt
|faint|p2b: Ninetales
|move|p1b: Archaludon|Electro Shot||[still]
|-prepare|p1b: Archaludon|Electro Shot
|-boost|p1b: Archaludon|spa|1
|-enditem|p1b: Archaludon|Power Herb
|-anim|p1b: Archaludon|Electro Shot|p2a: Rillaboom
|-resisted|p2a: Rillaboom
|-damage|p2a: Rillaboom|27/100
|move|p2a: Rillaboom|Wood Hammer|p1a: Indeedee
|-enditem|p1a: Indeedee|Focus Sash
|-damage|p1a: Indeedee|1/100
|-damage|p2a: Rillaboom|5/100|[from] Recoil
|
|-weather|Snowscape|[upkeep]
|-sideend|p1: dialghite|move: Tailwind
|upkeep
|turn|5
|-message|buf0722shito forfeited.
|
|win|dialghite
