|j|☆alexander1111
|j|☆TopekaMelon
|html|alexander1111TopekaMelon    
|uhtml|bestof|Game 2 of a best-of-3
|t:|1784338375
|gametype|doubles
|player|p1|alexander1111|preschooler|
|player|p2|TopekaMelon|psychic-gen4|
|gen|9
|tier|[Gen 9 Champions] VGC 2026 Reg M-B (Bo3)
|rule|Species Clause: Limit one of each Pokémon
|rule|Item Clause: Limit 1 of each item
|clearpoke
|poke|p1|Blastoise, L50, M|
|poke|p1|Sinistcha, L50|
|poke|p1|Delphox, L50, M|
|poke|p1|Sneasler, L50, F|
|poke|p1|Incineroar, L50, M|
|poke|p1|Kingambit, L50, F|
|poke|p2|Farigiraf, L50, M|
|poke|p2|Torkoal, L50, M|
|poke|p2|Incineroar, L50, F|
|poke|p2|Vivillon-Elegant, L50, M|
|poke|p2|Gardevoir, L50, F|
|poke|p2|Mudsdale, L50, M|
|teampreview|4
|showteam|p1|Blastoise||Blastoisinite|RainDish|WaterSpout,DarkPulse,ShellSmash,Protect|Modest||M|||50|]Sinistcha||OccaBerry|Hospitality|MatchaGotcha,TrickRoom,RagePowder,Protect|Relaxed|||||50|]Delphox||Delphoxite|Blaze|HeatWave,Psychic,NastyPlot,Protect|Timid||M|||50|]Sneasler||FocusSash|PoisonTouch|CloseCombat,PoisonJab,FakeOut,QuickGuard|Jolly||F|||50|]Incineroar||SitrusBerry|Intimidate|FlareBlitz,FakeOut,Taunt,PartingShot|Impish||M|||50|]Kingambit||LifeOrb|Defiant|KowtowCleave,SuckerPunch,SwordsDance,Protect|Adamant||F|||50|
|showteam|p2|Farigiraf||SitrusBerry|ArmorTail|Protect,TrickRoom,Thunderbolt,Psychic|Sassy||M|||50|]Torkoal||Charcoal|Drought|Protect,SolarBeam,WeatherBall,Eruption|Quiet||M|||50|]Incineroar||WhiteHerb|Intimidate|FlareBlitz,DarkestLariat,PartingShot,FakeOut|Brave||F|||50|]Vivillon-Elegant||FocusSash|CompoundEyes|Protect,RagePowder,SleepPowder,Hurricane|Timid||M|||50|]Gardevoir||Gardevoirite|Telepathy|Protect,TrickRoom,Psychic,HyperVoice|Quiet||F|||50|]Mudsdale||LifeOrb|InnerFocus|Earthquake,HighHorsepower,HeavySlam,RockSlide|Brave||M|||50|
|
|t:|1784338430
|teamsize|p1|4
|teamsize|p2|4
|start
|switch|p1a: Kingambit|Kingambit, L50, F|100/100
|switch|p1b: Sneasler|Sneasler, L50, F|100/100
|switch|p2a: Mudsdale|Mudsdale, L50, M|100/100
|switch|p2b: Farigiraf|Farigiraf, L50, M|100/100
|turn|1
|
|t:|1784338509
|move|p1b: Sneasler|Close Combat|p2a: Mudsdale
|-damage|p2a: Mudsdale|46/100
|-unboost|p1b: Sneasler|def|1
|-unboost|p1b: Sneasler|spd|1
|-status|p2a: Mudsdale|psn|[from] ability: Poison Touch|[of] p1b: Sneasler
|move|p1a: Kingambit|Swords Dance|p1a: Kingambit
|-boost|p1a: Kingambit|atk|2
|move|p2a: Mudsdale|High Horsepower|p1a: Kingambit
|-supereffective|p1a: Kingambit|1
|-damage|p1a: Kingambit|0 fnt
|faint|p1a: Kingambit
|-damage|p2a: Mudsdale|36/100 psn|[from] item: Life Orb
|move|p2b: Farigiraf|Trick Room|p2b: Farigiraf
|-fieldstart|move: Trick Room|[of] p2b: Farigiraf
|
|-damage|p2a: Mudsdale|24/100 psn|[from] psn
|upkeep
|
|t:|1784338514
|switch|p1a: Sinistcha|Sinistcha, L50|100/100
|turn|2
|
|t:|1784338552
|switch|p2b: Incineroar|Incineroar, L50, F|100/100
|-ability|p2b: Incineroar|Intimidate|boost
|-unboost|p1a: Sinistcha|atk|1
|-unboost|p1b: Sneasler|atk|1
|move|p2a: Mudsdale|Rock Slide|p1b: Sneasler|[spread] p1a,p1b
|-resisted|p1b: Sneasler|1
|-damage|p1a: Sinistcha|77/100
|-damage|p1b: Sneasler|63/100
|-damage|p2a: Mudsdale|14/100 psn|[from] item: Life Orb
|cant|p1b: Sneasler|flinch
|move|p1a: Sinistcha|Trick Room|p1a: Sinistcha
|-fieldend|move: Trick Room
|
|-damage|p2a: Mudsdale|2/100 psn|[from] psn
|upkeep
|turn|3
|
|t:|1784338587
|switch|p2a: Farigiraf|Farigiraf, L50, M|100/100
|move|p2b: Incineroar|Fake Out|p1b: Sneasler
|-damage|p1b: Sneasler|29/100
|cant|p1b: Sneasler|flinch
|move|p1a: Sinistcha|Matcha Gotcha|p2b: Incineroar|[spread] p2a,p2b
|-resisted|p2b: Incineroar|1
|-damage|p2a: Farigiraf|82/100
|-heal|p1a: Sinistcha|88/100|[from] drain|[of] p2a: Farigiraf
|-damage|p2b: Incineroar|89/100
|-heal|p1a: Sinistcha|94/100|[from] drain|[of] p2b: Incineroar
|
|upkeep
|turn|4
|
|t:|1784338620
|switch|p1b: Delphox|Delphox, L50, M|100/100
|move|p1a: Sinistcha|Matcha Gotcha|p2b: Incineroar|[spread] p2a,p2b
|-resisted|p2b: Incineroar|1
|-damage|p2a: Farigiraf|65/100
|-heal|p1a: Sinistcha|100/100|[from] drain|[of] p2a: Farigiraf
|-damage|p2b: Incineroar|79/100
|-status|p2a: Farigiraf|brn
|move|p2a: Farigiraf|Psychic|p1b: Delphox
|-resisted|p1b: Delphox|1
|-damage|p1b: Delphox|82/100
|-unboost|p1b: Delphox|spd|1
|move|p2b: Incineroar|Flare Blitz|p1a: Sinistcha
|-supereffective|p1a: Sinistcha|1
|-enditem|p1a: Sinistcha|Occa Berry|[eat]
|-enditem|p1a: Sinistcha|Occa Berry|[weaken]
|-damage|p1a: Sinistcha|47/100
|-damage|p2b: Incineroar|63/100|[from] Recoil
|
|-damage|p2a: Farigiraf|58/100 brn|[from] brn
|upkeep
|turn|5
|
|t:|1784338663
|detailschange|p1b: Delphox|Delphox-Mega, L50, M
|-mega|p1b: Delphox|Delphox|Delphoxite
|move|p1a: Sinistcha|Protect|p1a: Sinistcha
|-singleturn|p1a: Sinistcha|Protect
|move|p1b: Delphox|Nasty Plot|p1b: Delphox
|-boost|p1b: Delphox|spa|2
|move|p2b: Incineroar|Darkest Lariat|p1b: Delphox
|-supereffective|p1b: Delphox|1
|-damage|p1b: Delphox|0 fnt
|faint|p1b: Delphox
|move|p2a: Farigiraf|Trick Room|p2a: Farigiraf
|-fieldstart|move: Trick Room|[of] p2a: Farigiraf
|
|-damage|p2a: Farigiraf|52/100 brn|[from] brn
|upkeep
|-message|alexander1111 forfeited.
|
|win|TopekaMelon
||alexander1111 is ready for game 3.
||TopekaMelon is ready for game 3.
|uhtml|next|Next: Game 3 of 3
