|j|☆Toberal98
|j|☆CaratroncoSun
|html|Toberal98CaratroncoSun    
|uhtml|bestof|Game 2 of a best-of-3
|t:|1782463105
|gametype|doubles
|player|p1|Toberal98|101|1000
|player|p2|CaratroncoSun|juan|1189
|gen|9
|tier|[Gen 9 Champions] VGC 2026 Reg M-B (Bo3)
|rated|
|rule|Species Clause: Limit one of each Pokémon
|rule|Item Clause: Limit 1 of each item
|clearpoke
|poke|p1|Dedenne, L50, M|
|poke|p1|Gengar, L50, F|
|poke|p1|Farigiraf, L50, F|
|poke|p1|Incineroar, L50, F|
|poke|p1|Dragonite, L50, F|
|poke|p1|Zoroark-Hisui, L50, M|
|poke|p2|Overqwil, L50, F, shiny|
|poke|p2|Swampert, L50, M|
|poke|p2|Pelipper, L50, F|
|poke|p2|Metagross, L50, shiny|
|poke|p2|Sneasler, L50, F|
|poke|p2|Sinistcha-Masterpiece, L50|
|teampreview|4
|showteam|p1|Dedenne||ShucaBerry|CheekPouch|Nuzzle,HelpingHand,VoltSwitch,Protect|Timid||M|||50|]Gengar||Gengarite|CursedBody|ShadowBall,SludgeBomb,Protect,PerishSong|Timid||F|||50|]Farigiraf||SitrusBerry|ArmorTail|Psychic,HelpingHand,Protect,TrickRoom|Bold||F|||50|]Incineroar||ChopleBerry|Intimidate|DarkestLariat,FlareBlitz,FakeOut,PartingShot|Careful||F|||50|]Dragonite||LumBerry|Multiscale|DragonClaw,ExtremeSpeed,Protect,LowKick|Adamant||F|||50|]Zoroark-Hisui||FocusSash|Illusion|ShadowBall,Protect,Flamethrower,IcyWind|Timid||M|||50|
|showteam|p2|Overqwil||LifeOrb|SwiftSwim|Protect,PoisonJab,ThroatChop,Liquidation|Adamant||F|||50|]Swampert||Swampertite|Damp|Protect,WaveCrash,HighHorsepower,IcePunch|Adamant||M|||50|]Pelipper||FocusSash|Drizzle|RainDance,Tailwind,Hurricane,WeatherBall|Modest||F|||50|]Metagross||Metagrossite|ClearBody|Protect,PsychicFangs,IronHead,IcePunch|Jolly|||||50|]Sneasler||WhiteHerb|Unburden|Coaching,FakeOut,DireClaw,CloseCombat|Jolly||F|||50|]Sinistcha-Masterpiece||SitrusBerry|Hospitality|MatchaGotcha,TrickRoom,LifeDew,RagePowder|Bold|||||50|
|inactive|Battle timer is ON: inactive players will automatically lose when time's up. (requested by Toberal98)
|inactive|CaratroncoSun has 60 seconds left.
|inactive|CaratroncoSun has 30 seconds left.
|
|t:|1782463198
|teamsize|p1|4
|teamsize|p2|4
|start
|switch|p1a: Farigiraf|Farigiraf, L50, F|100/100
|switch|p1b: Gengar|Gengar, L50, F|100/100
|switch|p2a: Sneasler|Sneasler, L50, F|100/100
|switch|p2b: Pelipper|Pelipper, L50, F|100/100
|-weather|RainDance|[from] ability: Drizzle|[of] p2b: Pelipper
|turn|1
|inactive|Toberal98 has 30 seconds left.
|
|t:|1782463227
|switch|p2b: Overqwil|Overqwil, L50, F, shiny|100/100
|detailschange|p1b: Gengar|Gengar-Mega, L50, F
|-mega|p1b: Gengar|Gengar|Gengarite
|move|p1a: Farigiraf|Protect|p1a: Farigiraf
|-singleturn|p1a: Farigiraf|Protect
|move|p1b: Gengar|Shadow Ball|p2b: Overqwil
|-resisted|p2b: Overqwil|1
|-damage|p2b: Overqwil|66/100
|move|p2a: Sneasler|Coaching|p2b: Overqwil
|-boost|p2b: Overqwil|atk|1
|-boost|p2b: Overqwil|def|1
|
|-weather|RainDance|[upkeep]
|upkeep
|turn|2
|
|t:|1782463251
|move|p1b: Gengar|Protect|p1b: Gengar
|-singleturn|p1b: Gengar|Protect
|move|p2b: Overqwil|Throat Chop|p1b: Gengar
|-activate|p1b: Gengar|move: Protect
|move|p2a: Sneasler|Coaching|p2b: Overqwil
|-boost|p2b: Overqwil|atk|1
|-boost|p2b: Overqwil|def|1
|move|p1a: Farigiraf|Psychic|p2a: Sneasler
|-supereffective|p2a: Sneasler|2
|-damage|p2a: Sneasler|0 fnt
|faint|p2a: Sneasler
|
|-weather|RainDance|[upkeep]
|upkeep
|
|t:|1782463264
|switch|p2a: Swampert|Swampert, L50, M|100/100
|turn|3
|
|t:|1782463280
|detailschange|p2a: Swampert|Swampert-Mega, L50, M
|-mega|p2a: Swampert|Swampert|Swampertite
|move|p2b: Overqwil|Throat Chop|p1a: Farigiraf
|-supereffective|p1a: Farigiraf|1
|-damage|p1a: Farigiraf|0 fnt
|faint|p1a: Farigiraf
|-damage|p2b: Overqwil|56/100|[from] item: Life Orb
|move|p2a: Swampert|High Horsepower|p1b: Gengar
|-supereffective|p1b: Gengar|1
|-damage|p1b: Gengar|0 fnt
|faint|p1b: Gengar
|
|-weather|RainDance|[upkeep]
|upkeep
|
|t:|1782463291
|switch|p1b: Dragonite|Dragonite, L50, F|100/100
|switch|p1a: Incineroar|Incineroar, L50, F|100/100
|-ability|p1a: Incineroar|Intimidate|boost
|-unboost|p2a: Swampert|atk|1
|-unboost|p2b: Overqwil|atk|1
|turn|4
|
|t:|1782463314
|move|p1a: Incineroar|Fake Out|p2b: Overqwil
|-damage|p2b: Overqwil|50/100y
|cant|p2b: Overqwil|flinch
|move|p2a: Swampert|Wave Crash|p1a: Incineroar
|-supereffective|p1a: Incineroar|1
|-damage|p1a: Incineroar|0 fnt
|faint|p1a: Incineroar
|-damage|p2a: Swampert|61/100|[from] Recoil
|move|p1b: Dragonite|Dragon Claw|p2b: Overqwil
|-damage|p2b: Overqwil|23/100
|
|-weather|RainDance|[upkeep]
|upkeep
|turn|5
|
|t:|1782463333
|move|p2b: Overqwil|Poison Jab|p1b: Dragonite
|-damage|p1b: Dragonite|64/100
|-status|p1b: Dragonite|psn
|-enditem|p1b: Dragonite|Lum Berry|[eat]
|-curestatus|p1b: Dragonite|psn|[msg]
|-damage|p2b: Overqwil|13/100|[from] item: Life Orb
|move|p2a: Swampert|Ice Punch|p1b: Dragonite
|-supereffective|p1b: Dragonite|2
|-damage|p1b: Dragonite|0 fnt
|faint|p1b: Dragonite
|
|win|CaratroncoSun
|raw|Toberal98's rating: 1000 → 1000(+0 for losing)
|raw|CaratroncoSun's rating: 1189 → 1202(+13 for winning)
