|j|☆Advertisementish
|j|☆StarDoor01
|html|AdvertisementishStarDoor01    
|uhtml|bestof|Game 1 of a best-of-3
|t:|1786008688
|gametype|doubles
|player|p1|Advertisementish|ghetsis|1302
|player|p2|StarDoor01|2|1240
|gen|9
|tier|[Gen 9 Champions] VGC 2026 Reg M-B (Bo3)
|rated|
|rule|Species Clause: Limit one of each Pokémon
|rule|Item Clause: Limit 1 of each item
|clearpoke
|poke|p1|Glimmora, L50, M|
|poke|p1|Maushold, L50|
|poke|p1|Annihilape, L50, M|
|poke|p1|Ninetales-Alola, L50, F|
|poke|p1|Primarina, L50, M|
|poke|p1|Hydreigon, L50, M|
|poke|p2|Scovillain, L50, F|
|poke|p2|Sylveon, L50, F|
|poke|p2|Kingambit, L50, F|
|poke|p2|Lycanroc-Dusk, L50, F|
|poke|p2|Basculegion, L50, M|
|poke|p2|Metagross, L50|
|teampreview|4
|showteam|p1|Glimmora||Glimmoranite|ToxicDebris|PowerGem,SludgeBomb,EarthPower,Protect|Modest||M|||50|]Maushold||ChopleBerry|FriendGuard|BeatUp,FollowMe,Protect,Feint|Bold|||||50|]Annihilape||Leftovers|Defiant|RageFist,DrainPunch,BulkUp,Protect|Adamant||M|||50|]Ninetales-Alola||NeverMeltIce|SnowWarning|Blizzard,FreezeDry,AuroraVeil,Protect|Timid||F|||50|]Primarina||LifeOrb|LiquidVoice|HyperVoice,DazzlingGleam,Moonblast,Protect|Modest||M|||50|]Hydreigon||FocusSash|Levitate|DarkPulse,DracoMeteor,Protect,Tailwind|Timid||M|||50|
|showteam|p2|Scovillain||Scovillainite|Moody|GigaDrain,Overheat,RagePowder,Protect|Bold||F|||50|]Sylveon||FairyFeather|Pixilate|HyperVoice,HyperBeam,QuickAttack,Detect|Modest||F|||50|]Kingambit||BlackGlasses|Defiant|KowtowCleave,SuckerPunch,SwordsDance,Protect|Adamant||F|||50|]Lycanroc-Dusk||FocusSash|ToughClaws|CloseCombat,Accelerock,RockSlide,Protect|Adamant||F|||50|]Basculegion||SitrusBerry|Adaptability|WaveCrash,LastRespects,AquaJet,Protect|Adamant||M|||50|]Metagross||Metagrossite|ClearBody|PsychicFangs,IcePunch,IronHead,Protect|Jolly|||||50|
|inactive|Battle timer is ON: inactive players will automatically lose when time's up. (requested by Advertisementish)
|inactive|Advertisementish has 60 seconds left.
|inactive|StarDoor01 has 60 seconds left.
|
|t:|1786008727
|teamsize|p1|4
|teamsize|p2|4
|start
|switch|p1a: Maushold|Maushold, L50|100/100
|switch|p1b: Glimmora|Glimmora, L50, M|100/100
|switch|p2a: Basculegion|Basculegion, L50, M|100/100
|switch|p2b: Metagross|Metagross, L50|100/100
|turn|1
|inactive|StarDoor01 has 30 seconds left.
|
|t:|1786008761
|switch|p1b: Annihilape|Annihilape, L50, M|100/100
|detailschange|p2b: Metagross|Metagross-Mega, L50
|-mega|p2b: Metagross|Metagross|Metagrossite
|move|p1a: Maushold|Follow Me|p1a: Maushold
|-singleturn|p1a: Maushold|move: Follow Me
|move|p2b: Metagross|Psychic Fangs|p1a: Maushold
|-damage|p1a: Maushold|36/100
|move|p2a: Basculegion|Wave Crash|p1a: Maushold
|-damage|p1a: Maushold|0 fnt
|faint|p1a: Maushold
|-damage|p2a: Basculegion|89/100|[from] Recoil
|
|upkeep
|
|t:|1786008782
|switch|p1a: Hydreigon|Hydreigon, L50, M|100/100
|turn|2
|
|t:|1786008798
|switch|p2a: Sylveon|Sylveon, L50, F|100/100
|move|p1b: Annihilape|Protect|p1b: Annihilape
|-singleturn|p1b: Annihilape|Protect
|move|p2b: Metagross|Psychic Fangs|p1b: Annihilape
|-activate|p1b: Annihilape|move: Protect
|move|p1a: Hydreigon|Tailwind|p1a: Hydreigon
|-sidestart|p1: Advertisementish|move: Tailwind
|
|upkeep
|turn|3
|
|t:|1786008813
|move|p1a: Hydreigon|Dark Pulse|p2b: Metagross
|-supereffective|p2b: Metagross|1
|-damage|p2b: Metagross|22/100
|move|p1b: Annihilape|Rage Fist|p2b: Metagross
|-supereffective|p2b: Metagross|1
|-damage|p2b: Metagross|0 fnt
|faint|p2b: Metagross
|move|p2a: Sylveon|Hyper Voice|p1b: Annihilape|[spread] p1a,p1b
|-supereffective|p1a: Hydreigon|2
|-supereffective|p1b: Annihilape|1
|-enditem|p1a: Hydreigon|Focus Sash
|-damage|p1a: Hydreigon|1/100
|-damage|p1b: Annihilape|36/100
|
|-heal|p1b: Annihilape|42/100|[from] item: Leftovers
|upkeep
|
|t:|1786008837
|switch|p2b: Kindred|Lycanroc-Dusk, L50, F|100/100
|turn|4
|
|t:|1786008855
|move|p1b: Annihilape|Protect|p1b: Annihilape
|-singleturn|p1b: Annihilape|Protect
|move|p2b: Kindred|Accelerock|p1a: Hydreigon
|-damage|p1a: Hydreigon|0 fnt
|faint|p1a: Hydreigon
|move|p2a: Sylveon|Hyper Voice|p1b: Annihilape
|-activate|p1b: Annihilape|move: Protect
|
|-heal|p1b: Annihilape|49/100|[from] item: Leftovers
|upkeep
|
|t:|1786008859
|switch|p1a: Glimmora|Glimmora, L50, M|100/100
|turn|5
|
|t:|1786008863
|detailschange|p1a: Glimmora|Glimmora-Mega, L50, M
|-mega|p1a: Glimmora|Glimmora|Glimmoranite
|move|p2b: Kindred|Protect|p2b: Kindred
|-singleturn|p2b: Kindred|Protect
|move|p2a: Sylveon|Detect|p2a: Sylveon
|-singleturn|p2a: Sylveon|Protect
|move|p1a: Glimmora|Sludge Bomb|p2a: Sylveon
|-activate|p2a: Sylveon|move: Protect
|move|p1b: Annihilape|Drain Punch|p2b: Kindred
|-activate|p2b: Kindred|move: Protect
|
|-heal|p1b: Annihilape|55/100|[from] item: Leftovers
|-sideend|p1: Advertisementish|move: Tailwind
|upkeep
|turn|6
|
|t:|1786008875
|move|p2b: Kindred|Rock Slide|p1b: Annihilape|[spread] 
|-miss|p2b: Kindred|p1a: Glimmora
|-miss|p2b: Kindred|p1b: Annihilape
|move|p1a: Glimmora|Sludge Bomb|p2a: Sylveon
|-supereffective|p2a: Sylveon|1
|-damage|p2a: Sylveon|0 fnt
|faint|p2a: Sylveon
|move|p1b: Annihilape|Drain Punch|p2b: Kindred
|-supereffective|p2b: Kindred|1
|-enditem|p2b: Kindred|Focus Sash
|-damage|p2b: Kindred|1/100
|-heal|p1b: Annihilape|91/100|[from] drain|[of] p2b: Kindred
|
|-heal|p1b: Annihilape|97/100|[from] item: Leftovers
|upkeep
|
|t:|1786008880
|switch|p2a: Basculegion|Basculegion, L50, M|89/100
|turn|7
|
|t:|1786008893
|move|p2b: Kindred|Rock Slide|p1b: Annihilape|[spread] 
|-miss|p2b: Kindred|p1a: Glimmora
|-miss|p2b: Kindred|p1b: Annihilape
|move|p1a: Glimmora|Power Gem|p2a: Basculegion
|-damage|p2a: Basculegion|21/100
|-enditem|p2a: Basculegion|Sitrus Berry|[eat]
|-heal|p2a: Basculegion|46/100|[from] item: Sitrus Berry
|move|p2a: Basculegion|Last Respects|p1b: Annihilape
|-supereffective|p1b: Annihilape|1
|-damage|p1b: Annihilape|0 fnt
|faint|p1b: Annihilape
|
|upkeep
|turn|8
|c|☆StarDoor01|?
|
|t:|1786008910
|move|p2b: Kindred|Close Combat|p1a: Glimmora
|-damage|p1a: Glimmora|38/100
|-unboost|p2b: Kindred|def|1
|-unboost|p2b: Kindred|spd|1
|move|p1a: Glimmora|Power Gem|p2a: Basculegion
|-damage|p2a: Basculegion|0 fnt
|faint|p2a: Basculegion
|
|upkeep
|turn|9
|-message|Advertisementish forfeited.
|
|win|StarDoor01
|l|☆Advertisementish
|player|p1|
||Advertisementish is ready for game 2.
||StarDoor01 is ready for game 2.
|uhtml|next|Next: Game 2 of 3
