|j|☆beckybug
|j|☆blackstormgames
|html|beckybugblackstormgames    
|uhtml|bestof|Game 3 of a best-of-3
|t:|1783033653
|gametype|doubles
|player|p1|beckybug|briar|1310
|player|p2|blackstormgames|lance|1327
|gen|9
|tier|[Gen 9 Champions] VGC 2026 Reg M-B (Bo3)
|rated|
|rule|Species Clause: Limit one of each Pokémon
|rule|Item Clause: Limit 1 of each item
|clearpoke
|poke|p1|Metagross, L50, shiny|
|poke|p1|Swampert, L50, M|
|poke|p1|Pelipper, L50, F|
|poke|p1|Archaludon, L50, M|
|poke|p1|Sinistcha-Masterpiece, L50|
|poke|p1|Grimmsnarl, L50, M, shiny|
|poke|p2|Metagross, L50|
|poke|p2|Sneasler, L50, F|
|poke|p2|Garchomp, L50, F|
|poke|p2|Charizard, L50, M|
|poke|p2|Aerodactyl, L50, F|
|poke|p2|Sylveon, L50, M|
|teampreview|4
|showteam|p1|Metagross||Metagrossite|ClearBody|IronHead,PsychicFangs,BodyPress,Protect|Jolly|||||50|]Swampert||Swampertite|Torrent|WaveCrash,Earthquake,IcePunch,Protect|Adamant||M|||50|]Pelipper||SitrusBerry|Drizzle|WeatherBall,Hurricane,Tailwind,Protect|Modest||F|||50|]Archaludon||Leftovers|Stamina|FlashCannon,DragonPulse,ElectroShot,Protect|Modest||M|||50|]Sinistcha-Masterpiece||OccaBerry|Hospitality|MatchaGotcha,RagePowder,TrickRoom,Protect|Relaxed|||||50|]Grimmsnarl||LightClay|Prankster|FoulPlay,PartingShot,Reflect,LightScreen|Calm||M|||50|
|showteam|p2|Metagross||Metagrossite|ClearBody|IronHead,PsychicFangs,BodyPress,Protect|Jolly|||||50|]Sneasler||WhiteHerb|PoisonTouch|FakeOut,GunkShot,CloseCombat,Coaching|Jolly||F|||50|]Garchomp||LifeOrb|SandVeil|Earthquake,DragonClaw,RockSlide,Protect|Jolly||F|||50|]Charizard||CharizarditeY|Blaze|HeatWave,SolarBeam,Overheat,Protect|Modest||M|||50|]Aerodactyl||FocusSash|Unnerve|RockSlide,DualWingbeat,Tailwind,Protect|Jolly||F|||50|]Sylveon||FairyFeather|Pixilate|HyperVoice,HyperBeam,QuickAttack,Detect|Modest||M|||50|
|
|t:|1783033661
|teamsize|p1|4
|teamsize|p2|4
|start
|switch|p1a: Grimmsnarl|Grimmsnarl, L50, M, shiny|100/100
|switch|p1b: Swampert|Swampert, L50, M|100/100
|switch|p2a: Charizard|Charizard, L50, M|100/100
|switch|p2b: Aerodactyl|Aerodactyl, L50, F|100/100
|-ability|p2b: Aerodactyl|Unnerve
|turn|1
|
|t:|1783033675
|detailschange|p2a: Charizard|Charizard-Mega-Y, L50, M
|-mega|p2a: Charizard|Charizard|Charizardite Y
|-weather|SunnyDay|[from] ability: Drought|[of] p2a: Charizard
|detailschange|p1b: Swampert|Swampert-Mega, L50, M
|-mega|p1b: Swampert|Swampert|Swampertite
|move|p1b: Swampert|Protect|p1b: Swampert
|-singleturn|p1b: Swampert|Protect
|move|p1a: Grimmsnarl|Light Screen|p1a: Grimmsnarl
|-sidestart|p1: beckybug|move: Light Screen
|move|p2b: Aerodactyl|Rock Slide|p1b: Swampert|[spread] p1a
|-activate|p1b: Swampert|move: Protect
|-damage|p1a: Grimmsnarl|75/100
|move|p2a: Charizard|Solar Beam||[still]
|-prepare|p2a: Charizard|Solar Beam
|-anim|p2a: Charizard|Solar Beam|p1b: Swampert
|-activate|p1b: Swampert|move: Protect
|
|-weather|SunnyDay|[upkeep]
|upkeep
|turn|2
|
|t:|1783033693
|switch|p2a: Garchomp|Garchomp, L50, F|100/100
|move|p1a: Grimmsnarl|Parting Shot|p2b: Aerodactyl
|-unboost|p2b: Aerodactyl|atk|1
|-unboost|p2b: Aerodactyl|spa|1
|
|t:|1783033703
|switch|p1a: Archaludon|Archaludon, L50, M|100/100|[from] Parting Shot
|move|p2b: Aerodactyl|Tailwind|p2b: Aerodactyl
|-sidestart|p2: blackstormgames|move: Tailwind
|move|p1b: Swampert|Wave Crash|p2a: Garchomp
|-damage|p2a: Garchomp|65/100
|-damage|p1b: Swampert|88/100|[from] Recoil
|
|-weather|SunnyDay|[upkeep]
|upkeep
|turn|3
|
|t:|1783033719
|switch|p1b: Pelipper|Pelipper, L50, F|100/100
|-weather|RainDance|[from] ability: Drizzle|[of] p1b: Pelipper
|move|p2b: Aerodactyl|Dual Wingbeat|p1b: Pelipper
|-crit|p1b: Pelipper
|-damage|p1b: Pelipper|67/100
|-damage|p1b: Pelipper|55/100
|-hitcount|p1b: Pelipper|2
|move|p2a: Garchomp|Earthquake|p1a: Archaludon|[spread] p1a
|-immune|p2b: Aerodactyl
|-immune|p1b: Pelipper
|-supereffective|p1a: Archaludon|1
|-damage|p1a: Archaludon|24/100
|-ability|p1a: Archaludon|Stamina|boost
|-boost|p1a: Archaludon|def|1
|-damage|p2a: Garchomp|55/100|[from] item: Life Orb
|move|p1a: Archaludon|Electro Shot||[still]
|-prepare|p1a: Archaludon|Electro Shot
|-boost|p1a: Archaludon|spa|1
|-anim|p1a: Archaludon|Electro Shot|p2b: Aerodactyl
|-supereffective|p2b: Aerodactyl|1
|-enditem|p2b: Aerodactyl|Focus Sash
|-damage|p2b: Aerodactyl|1/100
|
|-weather|RainDance|[upkeep]
|-heal|p1a: Archaludon|30/100|[from] item: Leftovers
|upkeep
|turn|4
|
|t:|1783033748
|switch|p1b: Grimmsnarl|Grimmsnarl, L50, M, shiny|75/100
|move|p1a: Archaludon|Protect|p1a: Archaludon
|-singleturn|p1a: Archaludon|Protect
|move|p2b: Aerodactyl|Rock Slide|p1b: Grimmsnarl|[spread] 
|-activate|p1a: Archaludon|move: Protect
|-miss|p2b: Aerodactyl|p1b: Grimmsnarl
|move|p2a: Garchomp|Dragon Claw|p1b: Grimmsnarl
|-immune|p1b: Grimmsnarl
|
|-weather|RainDance|[upkeep]
|-heal|p1a: Archaludon|37/100|[from] item: Leftovers
|upkeep
|turn|5
|
|t:|1783033766
|move|p1b: Grimmsnarl|Reflect|p1b: Grimmsnarl
|-sidestart|p1: beckybug|Reflect
|move|p2b: Aerodactyl|Dual Wingbeat|p1b: Grimmsnarl
|-damage|p1b: Grimmsnarl|66/100
|-damage|p1b: Grimmsnarl|57/100
|-hitcount|p1b: Grimmsnarl|2
|move|p2a: Garchomp|Earthquake|p1a: Archaludon|[spread] p1a,p1b
|-immune|p2b: Aerodactyl
|-supereffective|p1a: Archaludon|1
|-damage|p1a: Archaludon|5/100
|-damage|p1b: Grimmsnarl|24/100
|-ability|p1a: Archaludon|Stamina|boost
|-boost|p1a: Archaludon|def|1
|-damage|p2a: Garchomp|45/100|[from] item: Life Orb
|move|p1a: Archaludon|Dragon Pulse|p2a: Garchomp
|-supereffective|p2a: Garchomp|1
|-damage|p2a: Garchomp|0 fnt
|faint|p2a: Garchomp
|
|-weather|RainDance|[upkeep]
|-heal|p1a: Archaludon|11/100|[from] item: Leftovers
|-sideend|p2: blackstormgames|move: Tailwind
|upkeep
|
|t:|1783033783
|switch|p2a: Sylveon|Sylveon, L50, M|100/100
|turn|6
|
|t:|1783033793
|move|p1a: Archaludon|Protect|p1a: Archaludon
|-singleturn|p1a: Archaludon|Protect
|move|p1b: Grimmsnarl|Parting Shot|p2a: Sylveon
|-unboost|p2a: Sylveon|atk|1
|-unboost|p2a: Sylveon|spa|1
|
|t:|1783033799
|switch|p1b: Swampert|Swampert-Mega, L50, M|88/100|[from] Parting Shot
|move|p2b: Aerodactyl|Tailwind|p2b: Aerodactyl
|-sidestart|p2: blackstormgames|move: Tailwind
|move|p2a: Sylveon|Hyper Voice|p1a: Archaludon|[spread] p1b
|-activate|p1a: Archaludon|move: Protect
|-damage|p1b: Swampert|68/100
|
|-weather|RainDance|[upkeep]
|-heal|p1a: Archaludon|17/100|[from] item: Leftovers
|upkeep
|turn|7
|
|t:|1783033822
|switch|p2a: Charizard|Charizard-Mega-Y, L50, M|100/100
|-weather|SunnyDay|[from] ability: Drought|[of] p2a: Charizard
|move|p2b: Aerodactyl|Protect|p2b: Aerodactyl
|-singleturn|p2b: Aerodactyl|Protect
|move|p1b: Swampert|Wave Crash|p2a: Charizard
|-supereffective|p2a: Charizard|1
|-damage|p2a: Charizard|28/100
|-damage|p1b: Swampert|47/100|[from] Recoil
|move|p1a: Archaludon|Flash Cannon|p2a: Charizard
|-resisted|p2a: Charizard|1
|-damage|p2a: Charizard|1/100
|-unboost|p2a: Charizard|spd|1
|
|-weather|SunnyDay|[upkeep]
|-heal|p1a: Archaludon|23/100|[from] item: Leftovers
|upkeep
|turn|8
|
|t:|1783033849
|switch|p1b: Grimmsnarl|Grimmsnarl, L50, M, shiny|24/100
|move|p1a: Archaludon|Protect|p1a: Archaludon
|-singleturn|p1a: Archaludon|Protect
|move|p2b: Aerodactyl|Rock Slide|p1a: Archaludon|[spread] p1b
|-activate|p1a: Archaludon|move: Protect
|-damage|p1b: Grimmsnarl|12/100
|move|p2a: Charizard|Heat Wave|p1a: Archaludon|[spread] 
|-activate|p1a: Archaludon|move: Protect
|-miss|p2a: Charizard|p1b: Grimmsnarl
|
|-weather|SunnyDay|[upkeep]
|-heal|p1a: Archaludon|29/100|[from] item: Leftovers
|-sideend|p1: beckybug|move: Light Screen
|upkeep
|turn|9
|
|t:|1783033874
|move|p1b: Grimmsnarl|Parting Shot|p2b: Aerodactyl
|-unboost|p2b: Aerodactyl|atk|1
|-unboost|p2b: Aerodactyl|spa|1
|
|t:|1783033877
|switch|p1b: Pelipper|Pelipper, L50, F|55/100|[from] Parting Shot
|-weather|RainDance|[from] ability: Drizzle|[of] p1b: Pelipper
|move|p2b: Aerodactyl|Dual Wingbeat|p1b: Pelipper
|-damage|p1b: Pelipper|48/100
|-damage|p1b: Pelipper|41/100
|-hitcount|p1b: Pelipper|2
|move|p2a: Charizard|Overheat|p1a: Archaludon
|-damage|p1a: Archaludon|0 fnt
|-unboost|p2a: Charizard|spa|2
|faint|p1a: Archaludon
|
|-weather|RainDance|[upkeep]
|-sideend|p2: blackstormgames|move: Tailwind
|upkeep
|
|t:|1783033894
|switch|p1a: Swampert|Swampert-Mega, L50, M|47/100
|turn|10
|
|t:|1783033901
|switch|p2b: Sylveon|Sylveon, L50, M|100/100
|-enditem|p1b: Pelipper|Sitrus Berry|[eat]
|-heal|p1b: Pelipper|66/100|[from] item: Sitrus Berry
|move|p2a: Charizard|Protect|p2a: Charizard
|-singleturn|p2a: Charizard|Protect
|move|p1a: Swampert|Ice Punch|p2b: Sylveon
|-damage|p2b: Sylveon|61/100
|move|p1b: Pelipper|Tailwind|p1b: Pelipper
|-sidestart|p1: beckybug|move: Tailwind
|
|-weather|RainDance|[upkeep]
|upkeep
|turn|11
|
|t:|1783033922
|switch|p1b: Grimmsnarl|Grimmsnarl, L50, M, shiny|12/100
|switch|p2a: Aerodactyl|Aerodactyl, L50, F|1/100
|-ability|p2a: Aerodactyl|Unnerve
|move|p2b: Sylveon|Detect|p2b: Sylveon
|-singleturn|p2b: Sylveon|Protect
|move|p1a: Swampert|Wave Crash|p2b: Sylveon
|-activate|p2b: Sylveon|move: Protect
|
|-weather|RainDance|[upkeep]
|upkeep
|turn|12
|
|t:|1783033937
|move|p2b: Sylveon|Quick Attack|p1b: Grimmsnarl
|-supereffective|p1b: Grimmsnarl|1
|-damage|p1b: Grimmsnarl|0 fnt
|faint|p1b: Grimmsnarl
|move|p1a: Swampert|Wave Crash|p2b: Sylveon
|-damage|p2b: Sylveon|0 fnt
|faint|p2b: Sylveon
|-damage|p1a: Swampert|27/100|[from] Recoil
|move|p2a: Aerodactyl|Tailwind|p2a: Aerodactyl
|-sidestart|p2: blackstormgames|move: Tailwind
|
|-weather|RainDance|[upkeep]
|-sideend|p1: beckybug|Reflect
|upkeep
|
|t:|1783033948
|switch|p2b: Charizard|Charizard-Mega-Y, L50, M|1/100
|switch|p1b: Pelipper|Pelipper, L50, F|66/100
|-weather|SunnyDay|[from] ability: Drought|[of] p2b: Charizard
|-weather|RainDance|[from] ability: Drizzle|[of] p1b: Pelipper
|turn|13
|
|t:|1783033958
|move|p2a: Aerodactyl|Protect|p2a: Aerodactyl
|-singleturn|p2a: Aerodactyl|Protect
|move|p2b: Charizard|Protect|p2b: Charizard
|-singleturn|p2b: Charizard|Protect
|move|p1a: Swampert|Wave Crash|p2a: Aerodactyl
|-activate|p2a: Aerodactyl|move: Protect
|move|p1b: Pelipper|Weather Ball|p2b: Charizard
|-activate|p2b: Charizard|move: Protect
|
|-weather|RainDance|[upkeep]
|-sideend|p1: beckybug|move: Tailwind
|upkeep
|turn|14
|
|t:|1783033971
|move|p2a: Aerodactyl|Rock Slide|p1a: Swampert|[spread] p1a,p1b
|-resisted|p1a: Swampert|1
|-supereffective|p1b: Pelipper|1
|-damage|p1a: Swampert|17/100
|-damage|p1b: Pelipper|14/100
|move|p2b: Charizard|Heat Wave|p1b: Pelipper|[spread] p1a,p1b
|-resisted|p1a: Swampert|1
|-resisted|p1b: Pelipper|1
|-damage|p1a: Swampert|8/100
|-damage|p1b: Pelipper|2/100
|move|p1a: Swampert|Wave Crash|p2b: Charizard
|-supereffective|p2b: Charizard|1
|-damage|p2b: Charizard|0 fnt
|faint|p2b: Charizard
|-damage|p1a: Swampert|7/100|[from] Recoil
|cant|p1b: Pelipper|flinch
|
|-weather|RainDance|[upkeep]
|upkeep
|turn|15
|
|t:|1783033992
|move|p1a: Swampert|Protect|p1a: Swampert
|-singleturn|p1a: Swampert|Protect
|move|p1b: Pelipper|Protect|p1b: Pelipper
|-singleturn|p1b: Pelipper|Protect
|move|p2a: Aerodactyl|Rock Slide|p1b: Pelipper|[spread] 
|-activate|p1a: Swampert|move: Protect
|-activate|p1b: Pelipper|move: Protect
|
|-weather|RainDance|[upkeep]
|-sideend|p2: blackstormgames|move: Tailwind
|upkeep
|turn|16
|-message|blackstormgames forfeited.
|
|win|beckybug
|raw|beckybug's rating: 1310 → 1331(+21 for winning)
|raw|blackstormgames's rating: 1327 → 1306(-21 for losing)
|l|☆blackstormgames
|player|p2|
