|j|☆VenusaurBot
|j|☆TransGirlChomp1
|html|VenusaurBotTransGirlChomp1    
|uhtml|bestof|Game 1 of a best-of-3
|t:|1784358976
|gametype|doubles
|player|p1|VenusaurBot|koga|1176
|player|p2|TransGirlChomp1|skierf|1300
|gen|9
|tier|[Gen 9 Champions] VGC 2026 Reg M-B (Bo3)
|rated|
|rule|Species Clause: Limit one of each Pokémon
|rule|Item Clause: Limit 1 of each item
|clearpoke
|poke|p1|Blaziken, L50, F|
|poke|p1|Venusaur, L50, F|
|poke|p1|Ninetales-Alola, L50, F|
|poke|p1|Dragonite, L50, F|
|poke|p1|Kingambit, L50, F|
|poke|p1|Basculegion, L50, M|
|poke|p2|Garchomp, L50, F|
|poke|p2|Tyranitar, L50, M|
|poke|p2|Gholdengo, L50|
|poke|p2|Venusaur, L50, M|
|poke|p2|Incineroar, L50, M|
|poke|p2|Milotic, L50, M|
|teampreview|4
|showteam|p1|Blaziken||Blazikenite|SpeedBoost|Protect,FlareBlitz,CloseCombat,RockSlide|Adamant||F|||50|]Venusaur||Venusaurite|Chlorophyll|Protect,EarthPower,SludgeBomb,GigaDrain|Modest||F|||50|]Ninetales-Alola||NeverMeltIce|SnowWarning|Protect,Blizzard,FreezeDry,Encore|Timid||F|||50|]Dragonite||LifeOrb|InnerFocus|Protect,ExtremeSpeed,DragonClaw,LowKick|Adamant||F|||50|]Kingambit||BlackGlasses|Defiant|Protect,KowtowCleave,SuckerPunch,IronHead|Adamant||F|||50|]Basculegion||ChoiceScarf|Adaptability|WaveCrash,FlipTurn,AquaJet,LastRespects|Jolly||M|||50|
|showteam|p2|Garchomp||Garchompite|SandVeil|EarthPower,DragonPulse,PowerGem,Protect|Modest||F|||50|]Tyranitar||ChoiceScarf|SandStream|RockSlide,KnockOff,LowKick,IcyWind|Jolly||M|||50|]Gholdengo||LifeOrb|GoodasGold|MakeItRain,ShadowBall,NastyPlot,Protect|Modest|||||50|]Venusaur||Venusaurite|Chlorophyll|GigaDrain,SludgeBomb,LeechSeed,Protect|Modest||M|||50|]Incineroar||PasshoBerry|Intimidate|FakeOut,FlareBlitz,ThroatChop,PartingShot|Careful||M|||50|]Milotic||Leftovers|Competitive|Scald,IcyWind,Haze,Protect|Modest||M|||50|
|inactive|Battle timer is ON: inactive players will automatically lose when time's up. (requested by TransGirlChomp1)
|inactive|VenusaurBot has 60 seconds left.
|inactive|TransGirlChomp1 has 60 seconds left.
|
|t:|1784359037
|teamsize|p1|4
|teamsize|p2|4
|start
|switch|p1a: Kingambit|Kingambit, L50, F|100/100
|switch|p1b: Basculegion|Basculegion, L50, M|100/100
|switch|p2a: Venusaur|Venusaur, L50, M|100/100
|switch|p2b: Incineroar|Incineroar, L50, M|100/100
|-ability|p2b: Incineroar|Intimidate|boost
|-unboost|p1a: Kingambit|atk|1
|-ability|p1a: Kingambit|Defiant|boost
|-boost|p1a: Kingambit|atk|2
|-unboost|p1b: Basculegion|atk|1
|turn|1
|j| gephicka
|inactive|TransGirlChomp1 has 30 seconds left.
|
|t:|1784359069
|detailschange|p2a: Venusaur|Venusaur-Mega, L50, M
|-mega|p2a: Venusaur|Venusaur|Venusaurite
|move|p1a: Kingambit|Protect|p1a: Kingambit
|-singleturn|p1a: Kingambit|Protect
|move|p1b: Basculegion|Flip Turn|p2b: Incineroar
|-supereffective|p2b: Incineroar|1
|-enditem|p2b: Incineroar|Passho Berry|[eat]
|-enditem|p2b: Incineroar|Passho Berry|[weaken]
|-damage|p2b: Incineroar|78/100
|
|t:|1784359078
|switch|p1b: Venusaur|Venusaur, L50, F|100/100|[from] Flip Turn
|move|p2a: Venusaur|Sludge Bomb|p1b: Venusaur
|-damage|p1b: Venusaur|59/100
|move|p2b: Incineroar|Flare Blitz|p1a: Kingambit
|-activate|p1a: Kingambit|move: Protect
|
|upkeep
|turn|2
|inactive|VenusaurBot has 30 seconds left.
|inactive|VenusaurBot has 20 seconds left.
|inactive|VenusaurBot has 15 seconds left.
|
|t:|1784359122
|detailschange|p1b: Venusaur|Venusaur-Mega, L50, F
|-mega|p1b: Venusaur|Venusaur|Venusaurite
|move|p2a: Venusaur|Leech Seed|p1a: Kingambit
|-start|p1a: Kingambit|move: Leech Seed
|move|p1b: Venusaur|Sludge Bomb|p2b: Incineroar
|-damage|p2b: Incineroar|45/100
|-status|p2b: Incineroar|psn
|move|p2b: Incineroar|Flare Blitz|p1a: Kingambit
|-supereffective|p1a: Kingambit|1
|-damage|p1a: Kingambit|36/100
|-damage|p2b: Incineroar|23/100 psn|[from] Recoil
|move|p1a: Kingambit|Kowtow Cleave|p2a: Venusaur
|-damage|p2a: Venusaur|34/100
|
|-damage|p1a: Kingambit|24/100|[from] Leech Seed|[of] p2a: Venusaur
|-heal|p2a: Venusaur|47/100|[silent]
|-damage|p2b: Incineroar|10/100 psn|[from] psn
|upkeep
|turn|3
|inactive|VenusaurBot has 30 seconds left.
|inactive|TransGirlChomp1 has 30 seconds left.
|
|t:|1784359155
|move|p2a: Venusaur|Protect|p2a: Venusaur
|-singleturn|p2a: Venusaur|Protect
|move|p1a: Kingambit|Sucker Punch||[still]
|-fail|p1a: Kingambit
|move|p1b: Venusaur|Sludge Bomb|p2b: Incineroar
|-damage|p2b: Incineroar|0 fnt
|faint|p2b: Incineroar
|
|-damage|p1a: Kingambit|12/100|[from] Leech Seed|[of] p2a: Venusaur
|-heal|p2a: Venusaur|60/100|[silent]
|upkeep
|
|t:|1784359164
|switch|p2b: Tyranitar|Tyranitar, L50, M|100/100
|-weather|Sandstorm|[from] ability: Sand Stream|[of] p2b: Tyranitar
|turn|4
|
|t:|1784359184
|move|p1a: Kingambit|Sucker Punch||[still]
|-fail|p1a: Kingambit
|move|p2b: Tyranitar|Rock Slide|p1a: Kingambit|[spread] p1a
|-miss|p2b: Tyranitar|p1b: Venusaur
|-resisted|p1a: Kingambit|1
|-damage|p1a: Kingambit|1/100
|move|p2a: Venusaur|Leech Seed|p1b: Venusaur
|-immune|p1b: Venusaur
|move|p1b: Venusaur|Giga Drain|p2b: Tyranitar
|-supereffective|p2b: Tyranitar|1
|-damage|p2b: Tyranitar|44/100
|-heal|p1b: Venusaur|85/100|[from] drain|[of] p2b: Tyranitar
|
|-weather|Sandstorm|[upkeep]
|-damage|p2a: Venusaur|55/100|[from] Sandstorm
|-damage|p1b: Venusaur|79/100|[from] Sandstorm
|-damage|p1a: Kingambit|0 fnt|[from] Leech Seed|[of] p2a: Venusaur
|-heal|p2a: Venusaur|56/100|[silent]
|faint|p1a: Kingambit
|upkeep
|inactive|VenusaurBot has 30 seconds left.
|inactive|VenusaurBot has 20 seconds left.
|inactive|VenusaurBot has 15 seconds left.
|inactive|VenusaurBot has 10 seconds left.
|inactive|VenusaurBot has 5 seconds left.
|
|t:|1784359236
|switch|p1a: Basculegion|Basculegion, L50, M|100/100
|turn|5
|inactive|VenusaurBot has 30 seconds left.
|inactive|VenusaurBot has 20 seconds left.
|inactive|VenusaurBot has 15 seconds left.
|inactive|VenusaurBot has 10 seconds left.
|
|t:|1784359283
|move|p1a: Basculegion|Flip Turn|p2b: Tyranitar
|-supereffective|p2b: Tyranitar|1
|-damage|p2b: Tyranitar|0 fnt
|faint|p2b: Tyranitar
|
|t:|1784359287
|switch|p1a: Ninetales|Ninetales-Alola, L50, F|100/100|[from] Flip Turn
|-weather|Snowscape|[from] ability: Snow Warning|[of] p1a: Ninetales
|move|p2a: Venusaur|Giga Drain|p1a: Ninetales
|-damage|p1a: Ninetales|54/100
|-heal|p2a: Venusaur|76/100|[from] drain|[of] p1a: Ninetales
|move|p1b: Venusaur|Sludge Bomb|p2a: Venusaur
|-damage|p2a: Venusaur|35/100
|
|-weather|Snowscape|[upkeep]
|upkeep
|
|t:|1784359292
|switch|p2b: Gholdengo|Gholdengo, L50|100/100
|turn|6
|inactive|VenusaurBot has 30 seconds left.
|
|t:|1784359318
|move|p1a: Ninetales|Protect|p1a: Ninetales
|-singleturn|p1a: Ninetales|Protect
|move|p2b: Gholdengo|Nasty Plot|p2b: Gholdengo
|-boost|p2b: Gholdengo|spa|2
|move|p2a: Venusaur|Sludge Bomb|p1b: Venusaur
|-damage|p1b: Venusaur|39/100
|move|p1b: Venusaur|Sludge Bomb|p2a: Venusaur
|-damage|p2a: Venusaur|1/100
|
|-weather|Snowscape|[upkeep]
|upkeep
|turn|7
|inactive|VenusaurBot has 30 seconds left.
|inactive|VenusaurBot has 20 seconds left.
|
|t:|1784359355
|move|p2a: Venusaur|Protect|p2a: Venusaur
|-singleturn|p2a: Venusaur|Protect
|move|p1b: Venusaur|Protect|p1b: Venusaur
|-singleturn|p1b: Venusaur|Protect
|move|p1a: Ninetales|Blizzard|p2b: Gholdengo|[spread] p2b
|-activate|p2a: Venusaur|move: Protect
|-resisted|p2b: Gholdengo|1
|-damage|p2b: Gholdengo|84/100
|move|p2b: Gholdengo|Make It Rain|p1b: Venusaur|[spread] p1a
|-activate|p1b: Venusaur|move: Protect
|-supereffective|p1a: Ninetales|2
|-damage|p1a: Ninetales|0 fnt
|-unboost|p2b: Gholdengo|spa|2
|faint|p1a: Ninetales
|-damage|p2b: Gholdengo|74/100|[from] item: Life Orb
|
|-weather|Snowscape|[upkeep]
|upkeep
|
|t:|1784359366
|switch|p1a: Basculegion|Basculegion, L50, M|100/100
|turn|8
|
|t:|1784359377
|move|p2b: Gholdengo|Protect|p2b: Gholdengo
|-singleturn|p2b: Gholdengo|Protect
|move|p1a: Basculegion|Last Respects|p2a: Venusaur
|-damage|p2a: Venusaur|0 fnt
|faint|p2a: Venusaur
|move|p1b: Venusaur|Earth Power|p2b: Gholdengo
|-activate|p2b: Gholdengo|move: Protect
|
|-weather|Snowscape|[upkeep]
|upkeep
|turn|9
|-message|TransGirlChomp1 forfeited.
|
|win|VenusaurBot
||VenusaurBot is ready for game 2.
||TransGirlChomp1 is ready for game 2.
|uhtml|next|Next: Game 2 of 3
|l|☆TransGirlChomp1
|player|p2|
|l| gephicka
