|j|☆monkeychese
|j|☆vglabmty
|html|monkeychesevglabmty    
|uhtml|bestof|Game 1 of a best-of-3
|t:|1784910750
|gametype|doubles
|player|p1|monkeychese|nate|1152
|player|p2|vglabmty|170|1160
|gen|9
|tier|[Gen 9 Champions] VGC 2026 Reg M-B (Bo3)
|rated|
|rule|Species Clause: Limit one of each Pokémon
|rule|Item Clause: Limit 1 of each item
|clearpoke
|poke|p1|Banette, L50, M|
|poke|p1|Venusaur, L50, F|
|poke|p1|Incineroar, L50, F|
|poke|p1|Rotom-Wash, L50|
|poke|p1|Garchomp, L50, M|
|poke|p1|Sneasler, L50, M|
|poke|p2|Excadrill, L50, M|
|poke|p2|Farigiraf, L50, M|
|poke|p2|Tyranitar, L50, M|
|poke|p2|Froslass, L50, F|
|poke|p2|Sneasler, L50, F|
|poke|p2|Kingambit, L50, F|
|teampreview|4
|showteam|p1|Banette||Banettite|Insomnia|Poltergeist,WillOWisp,DestinyBond,Encore|Adamant||M|||50|]Venusaur||Venusaurite|Overgrow|GigaDrain,SludgeBomb,EarthPower,Protect|Modest||F|||50|]Incineroar||SitrusBerry|Intimidate|FlareBlitz,Taunt,PartingShot,FakeOut|Impish||F|||50|]Rotom-Wash||ChoiceScarf|Levitate|Thunderbolt,VoltSwitch,HydroPump,Electroweb|Timid|||||50|]Garchomp||LifeOrb|RoughSkin|StompingTantrum,DragonClaw,RockSlide,Protect|Jolly||M|||50|]Sneasler||FocusSash|Unburden|DireClaw,CloseCombat,FakeOut,QuickGuard|Naive||M|||50|
|showteam|p2|Excadrill||FocusSash|SandRush|HighHorsepower,Protect,IronHead,PoisonJab|Adamant||M|||50|]Farigiraf||SitrusBerry|ArmorTail|HelpingHand,Thunderbolt,TwinBeam,TrickRoom|Relaxed||M|||50|]Tyranitar||Tyranitarite|SandStream|DragonDance,KnockOff,RockSlide,Protect|Adamant||M|||50|]Froslass||Froslassite|CursedBody|AuroraVeil,Protect,Blizzard,ShadowBall|Timid||F|||50|]Sneasler||WhiteHerb|Unburden|FakeOut,DireClaw,CloseCombat,NightSlash|Adamant||F|||50|]Kingambit||BlackGlasses|Defiant|Protect,SwordsDance,SuckerPunch,KowtowCleave|Adamant||F|||50|
|inactive|Battle timer is ON: inactive players will automatically lose when time's up. (requested by monkeychese)
|
|t:|1784910794
|teamsize|p1|4
|teamsize|p2|4
|start
|switch|p1a: Garchomp|Garchomp, L50, M|100/100
|switch|p1b: Sneasler|Sneasler, L50, M|100/100
|switch|p2a: Farigiraf|Farigiraf, L50, M|100/100
|switch|p2b: Froslass|Froslass, L50, F|100/100
|turn|1
|
|t:|1784910818
|switch|p1a: Incineroar|Incineroar, L50, F|100/100
|-ability|p1a: Incineroar|Intimidate|boost
|-unboost|p2a: Farigiraf|atk|1
|-unboost|p2b: Froslass|atk|1
|detailschange|p2b: Froslass|Froslass-Mega, L50, F
|-mega|p2b: Froslass|Froslass|Froslassite
|-weather|Snowscape|[from] ability: Snow Warning|[of] p2b: Froslass
|move|p2b: Froslass|Aurora Veil|p2b: Froslass
|-sidestart|p2: vglabmty|move: Aurora Veil
|move|p1b: Sneasler|Close Combat|p2a: Farigiraf
|-damage|p2a: Farigiraf|68/100
|-unboost|p1b: Sneasler|def|1
|-unboost|p1b: Sneasler|spd|1
|move|p2a: Farigiraf|Twin Beam|p1b: Sneasler
|-supereffective|p1b: Sneasler|2
|-enditem|p1b: Sneasler|Focus Sash
|-damage|p1b: Sneasler|1/100
|-supereffective|p1b: Sneasler|2
|-damage|p1b: Sneasler|0 fnt
|faint|p1b: Sneasler
|-hitcount|p1: Sneasler|2
|
|-weather|Snowscape|[upkeep]
|upkeep
|
|t:|1784910833
|switch|p1b: Venusaur|Venusaur, L50, F|100/100
|turn|2
|
|t:|1784910845
|switch|p2b: Sneasler|Sneasler, L50, F|100/100
|detailschange|p1b: Venusaur|Venusaur-Mega, L50, F
|-mega|p1b: Venusaur|Venusaur|Venusaurite
|move|p1b: Venusaur|Earth Power|p2b: Sneasler
|-supereffective|p2b: Sneasler|1
|-damage|p2b: Sneasler|43/100
|move|p1a: Incineroar|Flare Blitz|p2b: Sneasler
|-damage|p2b: Sneasler|0 fnt
|faint|p2b: Sneasler
|-damage|p1a: Incineroar|88/100|[from] Recoil
|move|p2a: Farigiraf|Twin Beam|p1b: Venusaur
|-supereffective|p1b: Venusaur|1
|-damage|p1b: Venusaur|77/100
|-supereffective|p1b: Venusaur|1
|-damage|p1b: Venusaur|51/100
|-hitcount|p1b: Venusaur|2
|
|-weather|Snowscape|[upkeep]
|upkeep
|
|t:|1784910864
|switch|p2b: Froslass|Froslass-Mega, L50, F|100/100
|turn|3
|
|t:|1784910871
|move|p2a: Farigiraf|Helping Hand|p2b: Froslass
|-singleturn|p2b: Froslass|Helping Hand|[of] p2a: Farigiraf
|move|p1b: Venusaur|Protect|p1b: Venusaur
|-singleturn|p1b: Venusaur|Protect
|move|p2b: Froslass|Blizzard|p1a: Incineroar|[spread] p1a
|-activate|p1b: Venusaur|move: Protect
|-resisted|p1a: Incineroar|1
|-damage|p1a: Incineroar|57/100
|move|p1a: Incineroar|Parting Shot|p2a: Farigiraf
|-unboost|p2a: Farigiraf|atk|1
|-unboost|p2a: Farigiraf|spa|1
|
|t:|1784910882
|switch|p1a: Garchomp|Garchomp, L50, M|100/100|[from] Parting Shot
|
|-weather|Snowscape|[upkeep]
|upkeep
|turn|4
|
|t:|1784910891
|switch|p1b: Incineroar|Incineroar, L50, F|57/100
|-ability|p1b: Incineroar|Intimidate|boost
|-unboost|p2a: Farigiraf|atk|1
|-unboost|p2b: Froslass|atk|1
|move|p2a: Farigiraf|Helping Hand|p2b: Froslass
|-singleturn|p2b: Froslass|Helping Hand|[of] p2a: Farigiraf
|move|p1a: Garchomp|Protect|p1a: Garchomp
|-singleturn|p1a: Garchomp|Protect
|move|p2b: Froslass|Blizzard|p1b: Incineroar|[spread] p1b
|-activate|p1a: Garchomp|move: Protect
|-resisted|p1b: Incineroar|1
|-damage|p1b: Incineroar|26/100
|-enditem|p1b: Incineroar|Sitrus Berry|[eat]
|-heal|p1b: Incineroar|51/100|[from] item: Sitrus Berry
|
|-weather|Snowscape|[upkeep]
|upkeep
|turn|5
|
|t:|1784910911
|move|p2a: Farigiraf|Helping Hand|p2b: Froslass
|-singleturn|p2b: Froslass|Helping Hand|[of] p2a: Farigiraf
|move|p2b: Froslass|Blizzard|p1b: Incineroar|[spread] p1a,p1b
|-supereffective|p1a: Garchomp|2
|-resisted|p1b: Incineroar|1
|-crit|p1b: Incineroar
|-damage|p1a: Garchomp|0 fnt
|-damage|p1b: Incineroar|6/100
|-status|p1b: Incineroar|frz
|faint|p1a: Garchomp
|-curestatus|p1b: Incineroar|frz|[from] move: Flare Blitz
|move|p1b: Incineroar|Flare Blitz|p2b: Froslass
|-supereffective|p2b: Froslass|1
|-damage|p2b: Froslass|31/100
|-damage|p1b: Incineroar|0 fnt|[from] Recoil
|faint|p1b: Incineroar
|
|-weather|none
|-sideend|p2: vglabmty|move: Aurora Veil
|upkeep
|
|t:|1784910916
|switch|p1b: Venusaur|Venusaur-Mega, L50, F|51/100
|turn|6
|inactive|vglabmty has 30 seconds left.
|
|t:|1784910949
|switch|p2b: Kingambit|Kingambit, L50, F|100/100
|move|p1b: Venusaur|Sludge Bomb|p2a: Farigiraf
|-damage|p2a: Farigiraf|26/100
|-status|p2a: Farigiraf|psn
|-enditem|p2a: Farigiraf|Sitrus Berry|[eat]
|-heal|p2a: Farigiraf|51/100 psn|[from] item: Sitrus Berry
|move|p2a: Farigiraf|Twin Beam|p1b: Venusaur
|-supereffective|p1b: Venusaur|1
|-damage|p1b: Venusaur|35/100
|-supereffective|p1b: Venusaur|1
|-damage|p1b: Venusaur|19/100
|-hitcount|p1b: Venusaur|2
|
|-damage|p2a: Farigiraf|38/100 psn|[from] psn
|upkeep
|turn|7
|inactive|vglabmty has 30 seconds left.
|
|t:|1784910975
|move|p2b: Kingambit|Protect|p2b: Kingambit
|-singleturn|p2b: Kingambit|Protect
|move|p1b: Venusaur|Earth Power|p2b: Kingambit
|-activate|p2b: Kingambit|move: Protect
|move|p2a: Farigiraf|Trick Room|p2a: Farigiraf
|-fieldstart|move: Trick Room|[of] p2a: Farigiraf
|
|-damage|p2a: Farigiraf|26/100 psn|[from] psn
|upkeep
|turn|8
|
|t:|1784910993
|move|p2b: Kingambit|Kowtow Cleave|p1b: Venusaur
|-damage|p1b: Venusaur|0 fnt
|faint|p1b: Venusaur
|
|win|vglabmty
|l|☆monkeychese
|player|p1|
||monkeychese is ready for game 2.
|inactive|vglabmty has 30 seconds to confirm battle start!
||vglabmty is ready for game 2.
|uhtml|next|Next: Game 2 of 3
