|j|☆almiavgc
|j|☆No.1 Bug Fan
|html|almiavgcNo.1 Bug Fan    
|uhtml|bestof|Game 1 of a best-of-3
|t:|1785433570
|gametype|doubles
|player|p1|almiavgc|hilbert|1191
|player|p2|No.1 Bug Fan|burgh-masters|1119
|gen|9
|tier|[Gen 9 Champions] VGC 2026 Reg M-B (Bo3)
|rated|
|rule|Species Clause: Limit one of each Pokémon
|rule|Item Clause: Limit 1 of each item
|clearpoke
|poke|p1|Tyranitar, L50, M|
|poke|p1|Excadrill, L50, M|
|poke|p1|Milotic, L50, F|
|poke|p1|Sinistcha, L50|
|poke|p1|Staraptor, L50, M|
|poke|p1|Gholdengo, L50|
|poke|p2|Floette-Eternal, L50, F|
|poke|p2|Whimsicott, L50, M|
|poke|p2|Basculegion, L50, M|
|poke|p2|Kingambit, L50, F|
|poke|p2|Arcanine-Hisui, L50, F|
|poke|p2|Dragonite, L50, M|
|teampreview|4
|showteam|p1|Tyranitar||Tyranitarite|SandStream|KnockOff,RockSlide,HighHorsepower,Protect|Jolly||M|||50|]Excadrill||FocusSash|SandRush|Earthquake,IronHead,RockSlide,Protect|Adamant||M|||50|]Milotic||SitrusBerry|Competitive|Scald,IcyWind,Haze,Protect|Calm||F|||50|]Sinistcha||ColburBerry|Hospitality|MatchaGotcha,ShadowBall,Protect,RagePowder|Bold|||||50|]Staraptor||Staraptite|Intimidate|CloseCombat,BraveBird,Tailwind,Protect|Jolly||M|||50|]Gholdengo||LifeOrb|GoodasGold|MakeItRain,ShadowBall,NastyPlot,Protect|Modest|||||50|
|showteam|p2|Floette-Eternal||Floettite|FlowerVeil|DazzlingGleam,Moonblast,LightofRuin,Protect|Modest||F|||50|]Whimsicott||FocusSash|Prankster|Moonblast,Tailwind,Encore,Protect|Timid||M|||50|]Basculegion||ChoiceScarf|Adaptability|WaveCrash,AquaJet,FlipTurn,LastRespects|Jolly||M|||50|]Kingambit||BlackGlasses|Defiant|KowtowCleave,SuckerPunch,IronHead,Protect|Adamant||F|||50|]Arcanine-Hisui||SitrusBerry|RockHead|FlareBlitz,RockSlide,HeadSmash,Protect|Jolly||F|||50|]Dragonite||DragonFang|InnerFocus|DragonClaw,ExtremeSpeed,LowKick,Protect|Adamant||M|||50|
|inactive|Battle timer is ON: inactive players will automatically lose when time's up. (requested by No.1 Bug Fan)
|inactive|almiavgc has 60 seconds left.
|inactive|No.1 Bug Fan has 60 seconds left.
|inactive|almiavgc has 30 seconds left.
|inactive|almiavgc has 20 seconds left.
|
|t:|1785433641
|teamsize|p1|4
|teamsize|p2|4
|start
|switch|p1a: Gholdengo|Gholdengo, L50|100/100
|switch|p1b: Milotic|Milotic, L50, F|100/100
|switch|p2a: Whimsicott|Whimsicott, L50, M|100/100
|switch|p2b: Basculegion|Basculegion, L50, M|100/100
|turn|1
|inactive|No.1 Bug Fan has 30 seconds left.
|
|t:|1785433672
|move|p2a: Whimsicott|Protect|p2a: Whimsicott
|-singleturn|p2a: Whimsicott|Protect
|move|p1a: Gholdengo|Protect|p1a: Gholdengo
|-singleturn|p1a: Gholdengo|Protect
|move|p2b: Basculegion|Wave Crash|p1a: Gholdengo
|-activate|p1a: Gholdengo|move: Protect
|move|p1b: Milotic|Icy Wind|p2a: Whimsicott|[spread] 
|-activate|p2a: Whimsicott|move: Protect
|-miss|p1b: Milotic|p2b: Basculegion
|
|upkeep
|turn|2
|
|t:|1785433693
|switch|p1a: Sinistcha|Sinistcha, L50|100/100
|move|p2a: Whimsicott|Tailwind|p2a: Whimsicott
|-sidestart|p2: No.1 Bug Fan|move: Tailwind
|move|p2b: Basculegion|Wave Crash|p1a: Sinistcha
|-resisted|p1a: Sinistcha|1
|-damage|p1a: Sinistcha|68/100
|-damage|p2b: Basculegion|90/100|[from] Recoil
|move|p1b: Milotic|Icy Wind|p2a: Whimsicott|[spread] p2a,p2b
|-supereffective|p2a: Whimsicott|1
|-resisted|p2b: Basculegion|1
|-damage|p2a: Whimsicott|66/100
|-damage|p2b: Basculegion|85/100
|-unboost|p2a: Whimsicott|spe|1
|-unboost|p2b: Basculegion|spe|1
|
|upkeep
|turn|3
|inactive|No.1 Bug Fan has 30 seconds left.
|
|t:|1785433719
|switch|p2b: Floette|Floette-Eternal, L50, F|100/100
|move|p2a: Whimsicott|Moonblast|p1a: Sinistcha
|-damage|p1a: Sinistcha|34/100
|move|p1b: Milotic|Icy Wind|p2a: Whimsicott|[spread] p2a,p2b
|-supereffective|p2a: Whimsicott|1
|-damage|p2a: Whimsicott|35/100
|-damage|p2b: Floette|92/100
|-unboost|p2b: Floette|spe|1
|move|p1a: Sinistcha|Matcha Gotcha|p2b: Floette|[spread] p2a
|-miss|p1a: Sinistcha|p2b: Floette
|-resisted|p2a: Whimsicott|1
|-damage|p2a: Whimsicott|15/100
|-heal|p1a: Sinistcha|42/100|[from] drain|[of] p2a: Whimsicott
|
|upkeep
|turn|4
|
|t:|1785433738
|switch|p2a: Basculegion|Basculegion, L50, M|85/100
|detailschange|p2b: Floette|Floette-Mega, L50, F
|-mega|p2b: Floette|Floette|Floettite
|-ability|p2b: Floette|Fairy Aura
|move|p1a: Sinistcha|Protect|p1a: Sinistcha
|-singleturn|p1a: Sinistcha|Protect
|move|p2b: Floette|Dazzling Gleam|p1b: Milotic|[spread] p1b
|-activate|p1a: Sinistcha|move: Protect
|-damage|p1b: Milotic|63/100
|move|p1b: Milotic|Icy Wind|p2a: Basculegion|[spread] p2a,p2b
|-resisted|p2a: Basculegion|1
|-damage|p2a: Basculegion|79/100
|-damage|p2b: Floette|84/100
|-unboost|p2a: Basculegion|spe|1
|-unboost|p2b: Floette|spe|1
|
|upkeep
|turn|5
|inactive|No.1 Bug Fan has 30 seconds left.
|
|t:|1785433771
|move|p2a: Basculegion|Last Respects|p1a: Sinistcha
|-supereffective|p1a: Sinistcha|1
|-damage|p1a: Sinistcha|0 fnt
|faint|p1a: Sinistcha
|move|p2b: Floette|Moonblast|p1b: Milotic
|-damage|p1b: Milotic|6/100
|-enditem|p1b: Milotic|Sitrus Berry|[eat]
|-heal|p1b: Milotic|31/100|[from] item: Sitrus Berry
|move|p1b: Milotic|Icy Wind|p2a: Basculegion|[spread] p2a,p2b
|-resisted|p2a: Basculegion|1
|-damage|p2a: Basculegion|73/100
|-damage|p2b: Floette|77/100
|-unboost|p2a: Basculegion|spe|1
|-unboost|p2b: Floette|spe|1
|
|-sideend|p2: No.1 Bug Fan|move: Tailwind
|upkeep
|
|t:|1785433788
|switch|p1a: Gholdengo|Gholdengo, L50|100/100
|turn|6
|
|t:|1785433805
|switch|p2a: Arcanine|Arcanine-Hisui, L50, F|100/100
|switch|p2b: Whimsicott|Whimsicott, L50, M|15/100
|move|p1b: Milotic|Scald|p2a: Arcanine
|-supereffective|p2a: Arcanine|2
|-damage|p2a: Arcanine|0 fnt
|faint|p2a: Arcanine
|move|p1a: Gholdengo|Make It Rain|p2b: Whimsicott
|-supereffective|p2b: Whimsicott|1
|-damage|p2b: Whimsicott|0 fnt
|-unboost|p1a: Gholdengo|spa|2
|faint|p2b: Whimsicott
|-damage|p1a: Gholdengo|90/100|[from] item: Life Orb
|
|upkeep
|
|t:|1785433807
|switch|p2b: Floette|Floette-Mega, L50, F|77/100
|switch|p2a: Basculegion|Basculegion, L50, M|73/100
|-ability|p2b: Floette|Fairy Aura
|turn|7
|inactive|No.1 Bug Fan has 30 seconds left.
|
|t:|1785433842
|switch|p1a: Tyranitar|Tyranitar, L50, M|100/100
|-weather|Sandstorm|[from] ability: Sand Stream|[of] p1a: Tyranitar
|move|p2a: Basculegion|Wave Crash|p1a: Tyranitar
|-supereffective|p1a: Tyranitar|1
|-damage|p1a: Tyranitar|0 fnt
|faint|p1a: Tyranitar
|-damage|p2a: Basculegion|41/100|[from] Recoil
|move|p2b: Floette|Dazzling Gleam|p1b: Milotic
|-crit|p1b: Milotic
|-damage|p1b: Milotic|0 fnt
|faint|p1b: Milotic
|
|-weather|Sandstorm|[upkeep]
|-damage|p2a: Basculegion|35/100|[from] Sandstorm
|-damage|p2b: Floette|71/100|[from] Sandstorm
|upkeep
|
|t:|1785433849
|switch|p1b: Gholdengo|Gholdengo, L50|90/100
|turn|8
|
|t:|1785433854
|move|p2a: Basculegion|Wave Crash|p1b: Gholdengo
|-damage|p1b: Gholdengo|20/100y
|-damage|p2a: Basculegion|13/100|[from] Recoil
|move|p2b: Floette|Moonblast|p1b: Gholdengo
|-resisted|p1b: Gholdengo|1
|-damage|p1b: Gholdengo|0 fnt
|faint|p1b: Gholdengo
|
|win|No.1 Bug Fan
