|j|☆m111naaaa
|j|☆ZNX Ferro
|html|m111naaaaZNX Ferro    
|uhtml|bestof|Game 2 of a best-of-3
|t:|1756313616
|gametype|doubles
|player|p1|m111naaaa|jasmine|1096
|player|p2|ZNX Ferro|101|1029
|gen|9
|tier|[Gen 9] VGC 2025 Reg H (Bo3)
|rated|
|rule|Species Clause: Limit one of each Pokémon
|rule|Item Clause: Limit 1 of each item
|clearpoke
|poke|p1|Kilowattrel, L50, M|
|poke|p1|Amoonguss, L50, F|
|poke|p1|Incineroar, L50, F|
|poke|p1|Porygon2, L50|
|poke|p1|Gholdengo, L50|
|poke|p1|Ursaluna, L50, M|
|poke|p2|Hydrapple, L50, M|
|poke|p2|Gastrodon-East, L50, M|
|poke|p2|Incineroar, L50, M|
|poke|p2|Farigiraf, L50, M|
|poke|p2|Gholdengo, L50|
|poke|p2|Weezing-Galar, L50, F|
|teampreview|4
|showteam|p1|Kilowattrel||FocusSash|Competitive|Thunderbolt,AirSlash,Tailwind,Protect|||M|||50|,,,,,Ghost]Amoonguss||SitrusBerry|Regenerator|PollenPuff,Spore,RagePowder,Protect|||F|||50|,,,,,Water]Incineroar||SafetyGoggles|Intimidate|FakeOut,FlareBlitz,KnockOff,PartingShot|||F|||50|,,,,,Ghost]Porygon2||Eviolite|Download|TeraBlast,IceBeam,Recover,TrickRoom||||||50|,,,,,Fighting]Gholdengo||MetalCoat|GoodasGold|MakeItRain,ShadowBall,NastyPlot,Protect||||||50|,,,,,Flying]Ursaluna||FlameOrb|Guts|Facade,HeadlongRush,Earthquake,Protect|||M|||50|,,,,,Ghost
|showteam|p2|Hydrapple||AssaultVest|Regenerator|FickleBeam,GigaDrain,EarthPower,PollenPuff|||M|||50|,,,,,Steel]Gastrodon-East||SitrusBerry|StormDrain|EarthPower,IceBeam,Recover,Yawn|||M|||50|,,,,,Grass]Incineroar||SafetyGoggles|Intimidate|FakeOut,KnockOff,FlareBlitz,PartingShot|||M|||50|,,,,,Ghost]Farigiraf||ThroatSpray|ArmorTail|Protect,HyperVoice,TwinBeam,TrickRoom|||M|||50|,,,,,Fairy]Gholdengo||EjectPack|GoodasGold|Protect,MakeItRain,ShadowBall,Trick||||||50|,,,,,Steel]Weezing-Galar||ChoiceSpecs|MistySurge|DazzlingGleam,SludgeBomb,StrangeSteam,ShadowBall|||F|||50|,,,,,Water
|
|t:|1756313636
|teamsize|p1|4
|teamsize|p2|4
|start
|switch|p1a: Porygon2|Porygon2, L50|100/100
|switch|p1b: Incineroar|Incineroar, L50, F|100/100
|switch|p2a: Farigiraf|Farigiraf, L50, M|100/100
|switch|p2b: Incineroar|Incineroar, L50, M|100/100
|-ability|p1b: Incineroar|Intimidate|boost
|-unboost|p2a: Farigiraf|atk|1
|-unboost|p2b: Incineroar|atk|1
|-ability|p2b: Incineroar|Intimidate|boost
|-unboost|p1a: Porygon2|atk|1
|-unboost|p1b: Incineroar|atk|1
|-ability|p1a: Porygon2|Download|boost
|-boost|p1a: Porygon2|atk|1
|turn|1
|
|t:|1756313660
|switch|p1b: Ursaluna|Ursaluna, L50, M|100/100
|move|p2b: Incineroar|Knock Off|p1a: Porygon2
|-damage|p1a: Porygon2|80/100
|-enditem|p1a: Porygon2|Eviolite|[from] move: Knock Off|[of] p2b: Incineroar
|move|p2a: Farigiraf|Hyper Voice|p1a: Porygon2|[spread] p1a,p1b
|-damage|p1a: Porygon2|50/100
|-damage|p1b: Ursaluna|70/100
|-enditem|p2a: Farigiraf|Throat Spray
|-boost|p2a: Farigiraf|spa|1|[from] item: Throat Spray
|move|p1a: Porygon2|Trick Room|p1a: Porygon2
|-fieldstart|move: Trick Room|[of] p1a: Porygon2
|
|-status|p1b: Ursaluna|brn|[from] item: Flame Orb
|upkeep
|turn|2
|
|t:|1756313690
|switch|p1a: Amoonguss|Amoonguss, L50, F|100/100
|move|p2a: Farigiraf|Hyper Voice|p1a: Amoonguss|[spread] p1a,p1b
|-damage|p1a: Amoonguss|61/100
|-damage|p1b: Ursaluna|20/100 brn
|move|p2b: Incineroar|Knock Off|p1b: Ursaluna
|-damage|p1b: Ursaluna|0 fnt
|-enditem|p1b: Ursaluna|Flame Orb|[from] move: Knock Off|[of] p2b: Incineroar
|faint|p1b: Ursaluna
|
|upkeep
|
|t:|1756313699
|switch|p1b: Incineroar|Incineroar, L50, F|100/100
|-ability|p1b: Incineroar|Intimidate|boost
|-unboost|p2a: Farigiraf|atk|1
|-unboost|p2b: Incineroar|atk|1
|turn|3
|
|t:|1756313708
|move|p2a: Farigiraf|Protect|p2a: Farigiraf
|-singleturn|p2a: Farigiraf|Protect
|move|p1a: Amoonguss|Spore|p2a: Farigiraf
|-activate|p2a: Farigiraf|move: Protect
|move|p2b: Incineroar|Flare Blitz|p1a: Amoonguss
|-supereffective|p1a: Amoonguss
|-damage|p1a: Amoonguss|16/100
|-enditem|p1a: Amoonguss|Sitrus Berry|[eat]
|-heal|p1a: Amoonguss|41/100|[from] item: Sitrus Berry
|-damage|p2b: Incineroar|84/100|[from] Recoil
|move|p1b: Incineroar|Knock Off|p2a: Farigiraf
|-activate|p2a: Farigiraf|move: Protect
|
|upkeep
|turn|4
|
|t:|1756313726
|switch|p1a: Porygon2|Porygon2, L50|50/100
|-ability|p1a: Porygon2|Download|boost
|-boost|p1a: Porygon2|atk|1
|switch|p2a: Hydrapple|Hydrapple, L50, M, shiny|100/100
|move|p2b: Incineroar|Flare Blitz|p1a: Porygon2
|-damage|p1a: Porygon2|24/100
|-damage|p2b: Incineroar|75/100|[from] Recoil
|move|p1b: Incineroar|Parting Shot|p2a: Hydrapple
|-unboost|p2a: Hydrapple|atk|1
|-unboost|p2a: Hydrapple|spa|1
|
|t:|1756313738
|switch|p1b: Amoonguss|Amoonguss, L50, F|75/100|[from] Parting Shot
|
|upkeep
|turn|5
|
|t:|1756313761
|-terastallize|p1a: Porygon2|Fighting
|move|p1b: Amoonguss|Pollen Puff|p1a: Porygon2
|-heal|p1a: Porygon2|74/100
|move|p2a: Hydrapple|Fickle Beam|p1a: Porygon2|[anim] Fickle Beam All Out
|-activate|p2a: Hydrapple|move: Fickle Beam
|-damage|p1a: Porygon2|25/100
|move|p1a: Porygon2|Tera Blast|p2b: Incineroar|[anim] Tera Blast Fighting
|-supereffective|p2b: Incineroar
|-damage|p2b: Incineroar|19/100
|move|p2b: Incineroar|Parting Shot|p1b: Amoonguss
|-unboost|p1b: Amoonguss|atk|1
|-unboost|p1b: Amoonguss|spa|1
|
|t:|1756313774
|switch|p2b: Farigiraf|Farigiraf, L50, M|100/100|[from] Parting Shot
|
|-fieldend|move: Trick Room
|upkeep
|turn|6
|
|t:|1756313796
|switch|p2a: Incineroar|Incineroar, L50, M|19/100
|-ability|p2a: Incineroar|Intimidate|boost
|-unboost|p1a: Porygon2|atk|1
|-unboost|p1b: Amoonguss|atk|1
|move|p1a: Porygon2|Recover|p1a: Porygon2
|-heal|p1a: Porygon2|75/100
|move|p2b: Farigiraf|Twin Beam|p1a: Porygon2
|-supereffective|p1a: Porygon2
|-crit|p1a: Porygon2
|-damage|p1a: Porygon2|24/100
|-supereffective|p1a: Porygon2
|-crit|p1a: Porygon2
|-damage|p1a: Porygon2|0 fnt
|faint|p1a: Porygon2
|-hitcount|p1: Porygon2|2
|move|p1b: Amoonguss|Pollen Puff|p1: Porygon2|[notarget]
|-fail|p1b: Amoonguss
|
|upkeep
|
|t:|1756313812
|switch|p1a: Incineroar|Incineroar, L50, F|100/100
|-ability|p1a: Incineroar|Intimidate|boost
|-unboost|p2a: Incineroar|atk|1
|-unboost|p2b: Farigiraf|atk|1
|turn|7
|
|t:|1756313825
|move|p1b: Amoonguss|Protect|p1b: Amoonguss
|-singleturn|p1b: Amoonguss|Protect
|move|p2a: Incineroar|Fake Out|p1a: Incineroar
|-damage|p1a: Incineroar|92/100
|cant|p1a: Incineroar|flinch
|move|p2b: Farigiraf|Twin Beam|p1b: Amoonguss
|-activate|p1b: Amoonguss|move: Protect
|
|upkeep
|turn|8
|
|t:|1756313845
|move|p1a: Incineroar|Knock Off|p2a: Incineroar
|-resisted|p2a: Incineroar
|-crit|p2a: Incineroar
|-damage|p2a: Incineroar|0 fnt
|-enditem|p2a: Incineroar|Safety Goggles|[from] move: Knock Off|[of] p1a: Incineroar
|faint|p2a: Incineroar
|move|p2b: Farigiraf|Twin Beam|p1b: Amoonguss
|-supereffective|p1b: Amoonguss
|-damage|p1b: Amoonguss|39/100
|-supereffective|p1b: Amoonguss
|-damage|p1b: Amoonguss|6/100
|-hitcount|p1b: Amoonguss|2
|move|p1b: Amoonguss|Pollen Puff|p2b: Farigiraf
|-supereffective|p2b: Farigiraf
|-damage|p2b: Farigiraf|78/100
|
|upkeep
|
|t:|1756313867
|switch|p2a: Gastrodon|Gastrodon-East, L50, M|100/100
|turn|9
|
|t:|1756313880
|-terastallize|p2b: Farigiraf|Fairy
|move|p1a: Incineroar|Knock Off|p2a: Gastrodon
|-damage|p2a: Gastrodon|64/100
|-enditem|p2a: Gastrodon|Sitrus Berry|[from] move: Knock Off|[of] p1a: Incineroar
|move|p2b: Farigiraf|Twin Beam|p1b: Amoonguss
|-supereffective|p1b: Amoonguss
|-damage|p1b: Amoonguss|0 fnt
|faint|p1b: Amoonguss
|-hitcount|p1: Amoonguss|1
|move|p2a: Gastrodon|Yawn|p1a: Incineroar
|-start|p1a: Incineroar|move: Yawn|[of] p2a: Gastrodon
|
|upkeep
|turn|10
|
|t:|1756313896
|move|p1a: Incineroar|Flare Blitz|p2b: Farigiraf
|-damage|p2b: Farigiraf|27/100
|-status|p2b: Farigiraf|brn
|-damage|p1a: Incineroar|75/100|[from] Recoil
|move|p2b: Farigiraf|Hyper Voice|p1a: Incineroar
|-damage|p1a: Incineroar|31/100
|move|p2a: Gastrodon|Recover|p2a: Gastrodon
|-heal|p2a: Gastrodon|100/100
|
|-damage|p2b: Farigiraf|21/100 brn|[from] brn
|-end|p1a: Incineroar|move: Yawn|[silent]
|-status|p1a: Incineroar|slp
|upkeep
|turn|11
|
|t:|1756313909
|cant|p1a: Incineroar|slp
|move|p2b: Farigiraf|Hyper Voice|p1a: Incineroar
|-damage|p1a: Incineroar|0 fnt
|faint|p1a: Incineroar
|
|win|ZNX Ferro
|raw|m111naaaa's rating: 1096 → 1067(-29 for losing)
|raw|ZNX Ferro's rating: 1029 → 1071(+42 for winning)
|l|☆ZNX Ferro
|player|p2|
