|j|☆ElravinoZ
|j|☆larp saw
|html|ElravinoZlarp saw    
|uhtml|bestof|Game 2 of a best-of-3
|t:|1785356274
|gametype|doubles
|player|p1|ElravinoZ|266|1014
|player|p2|larp saw|266|1000
|gen|9
|tier|[Gen 9 Champions] VGC 2026 Reg M-B (Bo3)
|rated|
|rule|Species Clause: Limit one of each Pokémon
|rule|Item Clause: Limit 1 of each item
|clearpoke
|poke|p1|Gourgeist-Small, L50, M|
|poke|p1|Whimsicott, L50, M|
|poke|p1|Absol, L50, F|
|poke|p1|Froslass, L50, F|
|poke|p1|Maushold-Four, L50|
|poke|p1|Aerodactyl, L50, M|
|poke|p2|Heracross, L50, M, shiny|
|poke|p2|Meowscarada, L50, M|
|poke|p2|Farigiraf, L50, M|
|poke|p2|Grimmsnarl, L50, M|
|poke|p2|Mawile, L50, F|
|poke|p2|Blaziken, L50, F|
|teampreview|4
|showteam|p1|Gourgeist-Small||ChoiceScarf|Frisk|Trick,TrickorTreat,Explosion,Curse|Careful||M|||50|]Whimsicott||FocusSash|Prankster|Tailwind,WorrySeed,Encore,Moonblast|Bold||M|||50|]Absol||Absolite|Justified|ThroatChop,Protect,PsychoCut,Superpower|Jolly||F|||50|]Froslass||Froslassite|SnowCloak|ShadowBall,Blizzard,Protect,FrostBreath|Timid||F|||50|]Maushold-Four||SitrusBerry|FriendGuard|FollowMe,BeatUp,HelpingHand,SuperFang|Jolly|||||50|]Aerodactyl||WideLens|Unnerve|RockSlide,DualWingbeat,SteelWing,Protect|Jolly||M|||50|
|showteam|p2|Heracross||Heracronite|Moxie|SwordsDance,Megahorn,CloseCombat,Protect|Brave||M|||50|]Meowscarada||FocusSash|Protean|TripleAxel,FlowerTrick,Protect,FoulPlay|Adamant||M|||50|]Farigiraf||ColburBerry|ArmorTail|TrickRoom,BatonPass,Protect,DazzlingGleam|Relaxed||M|||50|]Grimmsnarl||LightClay|Prankster|Reflect,LightScreen,FakeOut,PartingShot|Relaxed||M|||50|]Mawile||Mawilite|Intimidate|PlayRough,SwordsDance,Protect,IronHead|Brave||F|||50|]Blaziken||MentalHerb|SpeedBoost|Protect,SwordsDance,CloseCombat,FlareBlitz|Serious||F|||50|
|
|t:|1785356305
|teamsize|p1|4
|teamsize|p2|4
|start
|switch|p1a: Froslass|Froslass, L50, F|100/100
|switch|p1b: Gourgeist|Gourgeist-Small, L50, M|100/100
|switch|p2a: Blaziken|Blaziken, L50, F|100/100
|switch|p2b: Meowscarada|Meowscarada, L50, M|100/100
|-item|p2a: Blaziken|Mental Herb|[from] ability: Frisk|[of] p1b: Gourgeist
|-item|p2b: Meowscarada|Focus Sash|[from] ability: Frisk|[of] p1b: Gourgeist
|turn|1
|inactive|Battle timer is ON: inactive players will automatically lose when time's up. (requested by larp saw)
|
|t:|1785356326
|move|p1a: Froslass|Protect|p1a: Froslass
|-singleturn|p1a: Froslass|Protect
|move|p2b: Meowscarada|Protect|p2b: Meowscarada
|-start|p2b: Meowscarada|typechange|Normal|[from] ability: Protean
|-singleturn|p2b: Meowscarada|Protect
|move|p2a: Blaziken|Protect|p2a: Blaziken
|-singleturn|p2a: Blaziken|Protect
|move|p1b: Gourgeist|Trick|p2b: Meowscarada
|-activate|p2b: Meowscarada|move: Protect
|
|-ability|p2a: Blaziken|Speed Boost|boost
|-boost|p2a: Blaziken|spe|1
|upkeep
|turn|2
|
|t:|1785356344
|switch|p1a: Aerodactyl|Aerodactyl, L50, M|100/100
|-ability|p1a: Aerodactyl|Unnerve
|move|p1b: Gourgeist|Trick|p2b: Meowscarada
|-activate|p1b: Gourgeist|move: Trick|[of] p2b: Meowscarada
|-item|p2b: Meowscarada|Choice Scarf|[from] move: Trick
|-item|p1b: Gourgeist|Focus Sash|[from] move: Trick
|move|p2b: Meowscarada|Foul Play|p1a: Aerodactyl
|-damage|p1a: Aerodactyl|54/100
|move|p2a: Blaziken|Flare Blitz|p1b: Gourgeist
|-supereffective|p1b: Gourgeist|1
|-enditem|p1b: Gourgeist|Focus Sash
|-damage|p1b: Gourgeist|1/100
|-status|p1b: Gourgeist|brn
|-damage|p2a: Blaziken|77/100|[from] Recoil
|
|-damage|p1b: Gourgeist|0 fnt|[from] brn
|faint|p1b: Gourgeist
|-ability|p2a: Blaziken|Speed Boost|boost
|-boost|p2a: Blaziken|spe|1
|upkeep
|
|t:|1785356364
|switch|p1b: Froslass|Froslass, L50, F|100/100
|turn|3
|
|t:|1785356382
|move|p1b: Froslass|Protect|p1b: Froslass
|-singleturn|p1b: Froslass|Protect
|move|p2b: Meowscarada|Foul Play|p1a: Aerodactyl
|-damage|p1a: Aerodactyl|8/100
|move|p2a: Blaziken|Flare Blitz|p1b: Froslass
|-activate|p1b: Froslass|move: Protect
|move|p1a: Aerodactyl|Dual Wingbeat|p2a: Blaziken
|-supereffective|p2a: Blaziken|1
|-damage|p2a: Blaziken|28/100
|-supereffective|p2a: Blaziken|1
|-damage|p2a: Blaziken|0 fnt
|faint|p2a: Blaziken
|-hitcount|p2: Blaziken|2
|
|upkeep
|
|t:|1785356392
|switch|p2a: Grimmsnarl|Grimmsnarl, L50, M|100/100
|turn|4
|inactive|ElravinoZ has 30 seconds left.
|
|t:|1785356425
|move|p1a: Aerodactyl|Protect|p1a: Aerodactyl
|-singleturn|p1a: Aerodactyl|Protect
|move|p2a: Grimmsnarl|Light Screen|p2a: Grimmsnarl
|-sidestart|p2: larp saw|move: Light Screen
|move|p2b: Meowscarada|Foul Play|p1a: Aerodactyl
|-activate|p1a: Aerodactyl|move: Protect
|move|p1b: Froslass|Frost Breath|p2b: Meowscarada
|-crit|p2b: Meowscarada
|-damage|p2b: Meowscarada|42/100
|
|upkeep
|turn|5
|
|t:|1785356446
|switch|p1a: Absol|Absol, L50, F|100/100
|move|p2a: Grimmsnarl|Parting Shot|p1b: Froslass
|-unboost|p1b: Froslass|atk|1
|-unboost|p1b: Froslass|spa|1
|
|t:|1785356452
|switch|p2a: Heracross|Heracross, L50, M, shiny|100/100|[from] Parting Shot
|move|p2b: Meowscarada|Foul Play|p1a: Absol
|-resisted|p1a: Absol|1
|-damage|p1a: Absol|66/100
|-ability|p1a: Absol|Justified|boost
|-boost|p1a: Absol|atk|1
|move|p1b: Froslass|Frost Breath|p2b: Meowscarada
|-crit|p2b: Meowscarada
|-damage|p2b: Meowscarada|0 fnt
|faint|p2b: Meowscarada
|
|upkeep
|
|t:|1785356461
|switch|p2b: Grimmsnarl|Grimmsnarl, L50, M|100/100
|turn|6
|
|t:|1785356480
|detailschange|p2a: Heracross|Heracross-Mega, L50, M, shiny
|-mega|p2a: Heracross|Heracross|Heracronite
|move|p1b: Froslass|Protect|p1b: Froslass
|-singleturn|p1b: Froslass|Protect
|move|p1a: Absol|Protect|p1a: Absol
|-singleturn|p1a: Absol|Protect
|move|p2b: Grimmsnarl|Parting Shot|p1b: Froslass
|-activate|p1b: Froslass|move: Protect
|move|p2a: Heracross|Close Combat|p1a: Absol
|-activate|p1a: Absol|move: Protect
|
|upkeep
|turn|7
|inactive|ElravinoZ has 30 seconds left.
|inactive|ElravinoZ has 20 seconds left.
|inactive|ElravinoZ has 15 seconds left.
|inactive|ElravinoZ has 10 seconds left.
|inactive|ElravinoZ has 5 seconds left.
|
|t:|1785356530
|detailschange|p1a: Absol|Absol-Mega, L50, F
|-mega|p1a: Absol|Absol|Absolite
|move|p2b: Grimmsnarl|Parting Shot|p1b: Froslass
|-unboost|p1b: Froslass|atk|1
|-unboost|p1b: Froslass|spa|1
|move|p1a: Absol|Psycho Cut|p2a: Heracross
|-supereffective|p2a: Heracross|1
|-damage|p2a: Heracross|35/100
|move|p1b: Froslass|Frost Breath|p2b: Grimmsnarl
|-crit|p2b: Grimmsnarl
|-damage|p2b: Grimmsnarl|61/100
|move|p2a: Heracross|Close Combat|p1a: Absol
|-supereffective|p1a: Absol|1
|-damage|p1a: Absol|0 fnt
|-unboost|p2a: Heracross|def|1
|-unboost|p2a: Heracross|spd|1
|faint|p1a: Absol
|
|upkeep
|
|t:|1785356544
|switch|p1a: Aerodactyl|Aerodactyl, L50, M|8/100
|-ability|p1a: Aerodactyl|Unnerve
|turn|8
|
|t:|1785356562
|move|p2b: Grimmsnarl|Reflect|p2b: Grimmsnarl
|-sidestart|p2: larp saw|Reflect
|move|p1a: Aerodactyl|Dual Wingbeat|p2a: Heracross
|-supereffective|p2a: Heracross|2
|-damage|p2a: Heracross|0 fnt
|faint|p2a: Heracross
|-hitcount|p2: Heracross|1
|move|p1b: Froslass|Frost Breath|p2b: Grimmsnarl
|-crit|p2b: Grimmsnarl
|-damage|p2b: Grimmsnarl|27/100
|
|upkeep
|turn|9
|inactive|ElravinoZ has 30 seconds left.
|inactive|ElravinoZ has 20 seconds left.
|inactive|ElravinoZ has 15 seconds left.
|inactive|ElravinoZ has 10 seconds left.
|inactive|ElravinoZ has 5 seconds left.
|
|t:|1785356617
|move|p2b: Grimmsnarl|Parting Shot|p1a: Aerodactyl
|-unboost|p1a: Aerodactyl|atk|1
|-unboost|p1a: Aerodactyl|spa|1
|move|p1a: Aerodactyl|Rock Slide|p2b: Grimmsnarl
|-damage|p2b: Grimmsnarl|14/100
|move|p1b: Froslass|Blizzard|p2b: Grimmsnarl
|-damage|p2b: Grimmsnarl|0 fnt
|faint|p2b: Grimmsnarl
|
|win|ElravinoZ
||larp saw is ready for game 3.
|inactive|ElravinoZ has 30 seconds to confirm battle start!
