|j|☆Coban7
|j|☆gundnub
|html|Coban7gundnub    
|uhtml|bestof|Game 1 of a best-of-3
|t:|1783285835
|gametype|doubles
|player|p1|Coban7|102|
|player|p2|gundnub|pokemonranger-gen4|
|gen|9
|tier|[Gen 9 Champions] VGC 2026 Reg M-B (Bo3)
|rule|Species Clause: Limit one of each Pokémon
|rule|Item Clause: Limit 1 of each item
|clearpoke
|poke|p1|Wyrdeer, L50, M|
|poke|p1|Empoleon, L50, M|
|poke|p1|Liepard, L50, F|
|poke|p1|Houndoom, L50, M, shiny|
|poke|p1|Noivern, L50, M|
|poke|p1|Dragalge, L50, M|
|poke|p2|Arcanine, L50, M|
|poke|p2|Serperior, L50, F|
|poke|p2|Altaria, L50, M|
|poke|p2|Toxicroak, L50, M|
|poke|p2|Krookodile, L50, M|
|poke|p2|Skarmory, L50, M|
|teampreview|4
|showteam|p1|Wyrdeer||MentalHerb|Intimidate|TrickRoom,SkillSwap,PsyshieldBash,LightScreen|Adamant||M|||50|]Empoleon||SitrusBerry|Competitive|IceBeam,HydroPump,FlashCannon,Protect|Quiet||M|||50|]Liepard||FocusSash|Prankster|SuckerPunch,SunnyDay,Encore,FakeOut|Jolly||F|||50|]Houndoom||Houndoominite|EarlyBird|HeatWave,DarkPulse,NastyPlot,Protect|Timid||M|||50|]Noivern||YacheBerry|Infiltrator|DracoMeteor,Taunt,Tailwind,Protect|Timid||M|||50|]Dragalge||LifeOrb|Adaptability|SludgeBomb,SludgeWave,DracoMeteor,Protect|Quiet||M|||50|
|showteam|p2|Arcanine||SitrusBerry|Intimidate|Protect,FlareBlitz,ExtremeSpeed,WillOWisp|Careful||M|||50|]Serperior||LightClay|Contrary|LeafStorm,Reflect,LightScreen,Glare|Timid||F|||50|]Altaria||Altarianite|CloudNine|Protect,HyperVoice,DragonPulse,Roost|Modest||M|||50|]Toxicroak||WhiteHerb|DrySkin|Protect,PoisonJab,CloseCombat,FakeOut|Adamant||M|||50|]Krookodile||ChoiceScarf|Intimidate|Earthquake,HighHorsepower,KnockOff,RockTomb|Jolly||M|||50|]Skarmory||Skarmorite|Sturdy|Protect,DualWingbeat,IronHead,SwordsDance|Adamant||M|||50|
|inactive|Battle timer is ON: inactive players will automatically lose when time's up. (requested by gundnub)
|c|☆gundnub|glhf
|c|☆Coban7|Glhf!
|inactive|Coban7 has 60 seconds left.
|inactive|gundnub has 60 seconds left.
|inactive|Coban7 has 30 seconds left.
|inactive|gundnub has 30 seconds left.
|inactive|Coban7 has 20 seconds left.
|inactive|gundnub has 20 seconds left.
|inactive|Coban7 has 15 seconds left.
|inactive|gundnub has 15 seconds left.
|inactive|Coban7 has 10 seconds left.
|inactiveoff|Battle timer is now OFF.
|
|t:|1783285957
|teamsize|p1|4
|teamsize|p2|4
|start
|switch|p1a: Liepard|Liepard, L50, F|100/100
|switch|p1b: Houndoom|Houndoom, L50, M, shiny|100/100
|switch|p2a: Altaria|Altaria, L50, M|100/100
|switch|p2b: Toxicroak|Toxicroak, L50, M|100/100
|-ability|p2a: Altaria|Cloud Nine
|turn|1
|
|t:|1783285981
|switch|p2b: Arcanine|Arcanine, L50, M|100/100
|-ability|p2b: Arcanine|Intimidate|boost
|-unboost|p1a: Liepard|atk|1
|-unboost|p1b: Houndoom|atk|1
|detailschange|p2a: Altaria|Altaria-Mega, L50, M
|-mega|p2a: Altaria|Altaria|Altarianite
|move|p1a: Liepard|Fake Out|p2a: Altaria
|-damage|p2a: Altaria|92/100
|move|p1b: Houndoom|Nasty Plot|p1b: Houndoom
|-boost|p1b: Houndoom|spa|2
|cant|p2a: Altaria|flinch
|
|upkeep
|turn|2
|
|t:|1783286034
|move|p1b: Houndoom|Protect|p1b: Houndoom
|-singleturn|p1b: Houndoom|Protect
|move|p1a: Liepard|Sunny Day|p1a: Liepard
|-weather|SunnyDay
|move|p2b: Arcanine|Flare Blitz|p1b: Houndoom
|-activate|p1b: Houndoom|move: Protect
|move|p2a: Altaria|Hyper Voice|p1a: Liepard|[spread] p1a
|-activate|p1b: Houndoom|move: Protect
|-supereffective|p1a: Liepard|1
|-enditem|p1a: Liepard|Focus Sash
|-damage|p1a: Liepard|1/100
|
|-weather|SunnyDay|[upkeep]
|upkeep
|turn|3
|
|t:|1783286069
|detailschange|p1b: Houndoom|Houndoom-Mega, L50, M, shiny
|-mega|p1b: Houndoom|Houndoom|Houndoominite
|move|p2b: Arcanine|Extreme Speed|p1a: Liepard
|-damage|p1a: Liepard|0 fnt
|faint|p1a: Liepard
|move|p1b: Houndoom|Heat Wave|p2b: Arcanine|[spread] p2b
|-miss|p1b: Houndoom|p2a: Altaria
|-resisted|p2b: Arcanine|1
|-damage|p2b: Arcanine|32/100
|-enditem|p2b: Arcanine|Sitrus Berry|[eat]
|-heal|p2b: Arcanine|56/100|[from] item: Sitrus Berry
|move|p2a: Altaria|Hyper Voice|p1b: Houndoom
|-damage|p1b: Houndoom|28/100
|
|-weather|SunnyDay|[upkeep]
|-damage|p1b: Houndoom|16/100|[from] ability: Solar Power|[of] p1b: Houndoom
|upkeep
|
|t:|1783286091
|switch|p1a: Dragalge|Dragalge, L50, M|100/100
|turn|4
|
|t:|1783286107
|move|p1b: Houndoom|Protect|p1b: Houndoom
|-singleturn|p1b: Houndoom|Protect
|move|p2a: Altaria|Protect|p2a: Altaria
|-singleturn|p2a: Altaria|Protect
|move|p2b: Arcanine|Extreme Speed|p1b: Houndoom
|-activate|p1b: Houndoom|move: Protect
|move|p1a: Dragalge|Sludge Wave|p2b: Arcanine|[spread] p2b
|-activate|p1b: Houndoom|move: Protect
|-activate|p2a: Altaria|move: Protect
|-damage|p2b: Arcanine|8/100
|-damage|p1a: Dragalge|90/100|[from] item: Life Orb
|
|-weather|SunnyDay|[upkeep]
|-damage|p1b: Houndoom|3/100|[from] ability: Solar Power|[of] p1b: Houndoom
|upkeep
|turn|5
|
|t:|1783286135
|switch|p1b: Noivern|Noivern, L50, M|100/100
|switch|p2a: Krookodile|Krookodile, L50, M|100/100
|-ability|p2a: Krookodile|Intimidate|boost
|-unboost|p1a: Dragalge|atk|1
|-unboost|p1b: Noivern|atk|1
|move|p2b: Arcanine|Extreme Speed|p1b: Noivern
|-damage|p1b: Noivern|75/100
|move|p1a: Dragalge|Sludge Bomb|p2a: Krookodile
|-resisted|p2a: Krookodile|1
|-damage|p2a: Krookodile|49/100
|-status|p2a: Krookodile|psn
|-damage|p1a: Dragalge|80/100|[from] item: Life Orb
|
|-weather|SunnyDay|[upkeep]
|-damage|p2a: Krookodile|37/100 psn|[from] psn
|upkeep
|turn|6
|
|t:|1783286205
|switch|p2b: Toxicroak|Toxicroak, L50, M|100/100
|move|p1b: Noivern|Protect|p1b: Noivern
|-singleturn|p1b: Noivern|Protect
|move|p2a: Krookodile|High Horsepower|p1a: Dragalge
|-supereffective|p1a: Dragalge|1
|-damage|p1a: Dragalge|0 fnt
|faint|p1a: Dragalge
|
|-weather|none
|-damage|p2a: Krookodile|24/100 psn|[from] psn
|upkeep
|
|t:|1783286213
|switch|p1a: Houndoom|Houndoom-Mega, L50, M, shiny|3/100
|turn|7
|
|t:|1783286232
|move|p1a: Houndoom|Protect|p1a: Houndoom
|-singleturn|p1a: Houndoom|Protect
|move|p2b: Toxicroak|Fake Out|p1b: Noivern
|-damage|p1b: Noivern|58/100
|move|p2a: Krookodile|High Horsepower|p1a: Houndoom
|-activate|p1a: Houndoom|move: Protect
|cant|p1b: Noivern|flinch
|
|-damage|p2a: Krookodile|12/100 psn|[from] psn
|upkeep
|turn|8
|
|t:|1783286245
|move|p1a: Houndoom|Protect||[still]
|-fail|p1a: Houndoom
|move|p2a: Krookodile|High Horsepower|p1a: Houndoom
|-supereffective|p1a: Houndoom|1
|-damage|p1a: Houndoom|0 fnt
|faint|p1a: Houndoom
|move|p1b: Noivern|Tailwind|p1b: Noivern
|-sidestart|p1: Coban7|move: Tailwind
|move|p2b: Toxicroak|Poison Jab|p1b: Noivern
|-damage|p1b: Noivern|3/100
|-status|p1b: Noivern|psn
|
|-damage|p1b: Noivern|0 fnt|[from] psn
|faint|p1b: Noivern
|
|win|gundnub
||Coban7 is ready for game 2.
||gundnub is ready for game 2.
|uhtml|next|Next: Game 2 of 3
|l|☆Coban7
|player|p1|
