|j|☆marcosdeltasena31
|j|☆lalalaing
|html|marcosdeltasena31lalalaing    
|uhtml|bestof|Game 3 of a best-of-3
|t:|1786132636
|gametype|doubles
|player|p1|marcosdeltasena31|hilbert|1483
|player|p2|lalalaing|birdkeeper|1371
|gen|9
|tier|[Gen 9 Champions] VGC 2026 Reg M-B (Bo3)
|rated|
|rule|Species Clause: Limit one of each Pokémon
|rule|Item Clause: Limit 1 of each item
|clearpoke
|poke|p1|Charizard, L50, M, shiny|
|poke|p1|Floette-Eternal, L50, F|
|poke|p1|Whimsicott, L50, F|
|poke|p1|Garchomp, L50, M|
|poke|p1|Basculegion, L50, M|
|poke|p1|Kingambit, L50, F|
|poke|p2|Gengar, L50, M|
|poke|p2|Swampert, L50, F|
|poke|p2|Kommo-o, L50, M|
|poke|p2|Politoed, L50, M|
|poke|p2|Vivillon-Marine, L50, F|
|poke|p2|Incineroar, L50, M|
|teampreview|4
|showteam|p1|Charizard||CharizarditeY|Blaze|HeatWave,WeatherBall,SolarBeam,Protect|Modest||M|||50|]Floette-Eternal||Floettite|FlowerVeil|Moonblast,DazzlingGleam,LightofRuin,Protect|Timid||F|||50|]Whimsicott||FocusSash|Prankster|Moonblast,Tailwind,Encore,Protect|Timid||F|||50|]Garchomp||LifeOrb|RoughSkin|RockSlide,DragonClaw,Earthquake,Protect|Jolly||M|||50|]Basculegion||MysticWater|Adaptability|WaveCrash,LastRespects,AquaJet,Protect|Adamant||M|||50|]Kingambit||ChopleBerry|Defiant|KowtowCleave,LowKick,SuckerPunch,Protect|Adamant||F|||50|
|showteam|p2|Gengar||Gengarite|CursedBody|ShadowBall,PerishSong,Disable,Protect|Modest||M|||50|]Swampert||Swampertite|Torrent|WaveCrash,Earthquake,IcePunch,Protect|Adamant||F|||50|]Kommo-o||Leftovers|Soundproof|ClangingScales,AuraSphere,ClangorousSoul,Protect|Modest||M|||50|]Politoed||SitrusBerry|Drizzle|WeatherBall,Encore,PerishSong,Protect|Calm||M|||50|]Vivillon-Marine||FocusSash|CompoundEyes|Hurricane,SleepPowder,RagePowder,Protect|Timid||F|||50|]Incineroar||ChopleBerry|Intimidate|ThroatChop,FakeOut,PartingShot,Protect|Impish||M|||50|
|
|t:|1786132661
|teamsize|p1|4
|teamsize|p2|4
|start
|switch|p1a: Garchomp|Garchomp, L50, M|100/100
|switch|p1b: Whimsicott|Whimsicott, L50, F|100/100
|switch|p2a: Gengar|Gengar, L50, M|100/100
|switch|p2b: Vivillon|Vivillon-Marine, L50, F|100/100
|turn|1
|
|t:|1786132683
|switch|p2b: Incineroar|Incineroar, L50, M|100/100
|-ability|p2b: Incineroar|Intimidate|boost
|-unboost|p1a: Garchomp|atk|1
|-unboost|p1b: Whimsicott|atk|1
|detailschange|p2a: Gengar|Gengar-Mega, L50, M
|-mega|p2a: Gengar|Gengar|Gengarite
|move|p1b: Whimsicott|Tailwind|p1b: Whimsicott
|-sidestart|p1: marcosdeltasena31|move: Tailwind
|move|p1a: Garchomp|Rock Slide|p2a: Gengar|[spread] p2a
|-miss|p1a: Garchomp|p2b: Incineroar
|-damage|p2a: Gengar|77/100
|-damage|p1a: Garchomp|90/100|[from] item: Life Orb
|cant|p2a: Gengar|flinch
|
|upkeep
|turn|2
|
|t:|1786132697
|move|p2b: Incineroar|Fake Out|p1a: Garchomp
|-damage|p1a: Garchomp|78/100
|-damage|p2b: Incineroar|87/100|[from] ability: Rough Skin|[of] p1a: Garchomp
|move|p1b: Whimsicott|Moonblast|p2a: Gengar
|-resisted|p2a: Gengar|1
|-damage|p2a: Gengar|57/100
|cant|p1a: Garchomp|flinch
|move|p2a: Gengar|Perish Song|p2a: Gengar
|-start|p1a: Garchomp|perish3|[silent]
|-start|p1b: Whimsicott|perish3|[silent]
|-start|p2a: Gengar|perish3|[silent]
|-start|p2b: Incineroar|perish3|[silent]
|-fieldactivate|move: Perish Song
|
|-start|p1b: Whimsicott|perish3
|-start|p1a: Garchomp|perish3
|-start|p2a: Gengar|perish3
|-start|p2b: Incineroar|perish3
|upkeep
|turn|3
|
|t:|1786132704
|move|p2a: Gengar|Protect|p2a: Gengar
|-singleturn|p2a: Gengar|Protect
|move|p2b: Incineroar|Protect|p2b: Incineroar
|-singleturn|p2b: Incineroar|Protect
|move|p1b: Whimsicott|Moonblast|p2b: Incineroar
|-activate|p2b: Incineroar|move: Protect
|move|p1a: Garchomp|Earthquake|p2a: Gengar|[spread] p1b
|-activate|p2a: Gengar|move: Protect
|-activate|p2b: Incineroar|move: Protect
|-resisted|p1b: Whimsicott|1
|-damage|p1b: Whimsicott|77/100
|-damage|p1a: Garchomp|69/100|[from] item: Life Orb
|
|-start|p1b: Whimsicott|perish2
|-start|p1a: Garchomp|perish2
|-start|p2a: Gengar|perish2
|-start|p2b: Incineroar|perish2
|upkeep
|turn|4
|
|t:|1786132716
|switch|p2a: Vivillon|Vivillon-Marine, L50, F|100/100
|move|p1b: Whimsicott|Moonblast|p2a: Vivillon
|-damage|p2a: Vivillon|29/100
|move|p1a: Garchomp|Earthquake|p2a: Vivillon|[spread] p1b,p2b
|-immune|p2a: Vivillon
|-resisted|p1b: Whimsicott|1
|-supereffective|p2b: Incineroar|1
|-damage|p1b: Whimsicott|51/100
|-damage|p2b: Incineroar|20/100y
|-damage|p1a: Garchomp|59/100|[from] item: Life Orb
|move|p2b: Incineroar|Parting Shot|p1a: Garchomp
|-unboost|p1a: Garchomp|atk|1
|-unboost|p1a: Garchomp|spa|1
|
|t:|1786132726
|switch|p2b: Gengar|Gengar-Mega, L50, M|57/100|[from] Parting Shot
|
|-start|p1b: Whimsicott|perish1
|-start|p1a: Garchomp|perish1
|-sideend|p1: marcosdeltasena31|move: Tailwind
|upkeep
|turn|5
|
|t:|1786132731
|move|p2b: Gengar|Protect|p2b: Gengar
|-singleturn|p2b: Gengar|Protect
|move|p2a: Vivillon|Protect|p2a: Vivillon
|-singleturn|p2a: Vivillon|Protect
|move|p1b: Whimsicott|Tailwind|p1b: Whimsicott
|-sidestart|p1: marcosdeltasena31|move: Tailwind
|move|p1a: Garchomp|Rock Slide|p2a: Vivillon|[spread] 
|-activate|p2a: Vivillon|move: Protect
|-activate|p2b: Gengar|move: Protect
|
|-start|p1b: Whimsicott|perish0
|-start|p1a: Garchomp|perish0
|faint|p1b: Whimsicott
|faint|p1a: Garchomp
|upkeep
|
|t:|1786132735
|switch|p1b: Charizard|Charizard, L50, M, shiny|100/100
|switch|p1a: Basculegion|Basculegion, L50, M|100/100
|turn|6
|c|☆lalalaing|That flinch lost me the game huh
|
|t:|1786132787
|switch|p2b: Incineroar|Incineroar, L50, M|20/100y
|-ability|p2b: Incineroar|Intimidate|boost
|-unboost|p1a: Basculegion|atk|1
|-unboost|p1b: Charizard|atk|1
|switch|p2a: Politoed|Politoed, L50, M|100/100
|-weather|RainDance|[from] ability: Drizzle|[of] p2a: Politoed
|move|p1b: Charizard|Weather Ball|p2a: Politoed
|-resisted|p2a: Politoed|1
|-damage|p2a: Politoed|84/100
|move|p1a: Basculegion|Last Respects|p2b: Incineroar
|-resisted|p2b: Incineroar|1
|-damage|p2b: Incineroar|0 fnt
|faint|p2b: Incineroar
|
|-weather|RainDance|[upkeep]
|upkeep
|
|t:|1786132811
|switch|p2b: Vivillon|Vivillon-Marine, L50, F|29/100
|turn|7
|
|t:|1786132822
|detailschange|p1b: Charizard|Charizard-Mega-Y, L50, M, shiny
|-mega|p1b: Charizard|Charizard|Charizardite Y
|-weather|SunnyDay|[from] ability: Drought|[of] p1b: Charizard
|move|p2b: Vivillon|Protect|p2b: Vivillon
|-singleturn|p2b: Vivillon|Protect
|move|p1b: Charizard|Heat Wave|p2b: Vivillon|[spread] p2a
|-activate|p2b: Vivillon|move: Protect
|-resisted|p2a: Politoed|1
|-damage|p2a: Politoed|63/100
|move|p1a: Basculegion|Last Respects|p2a: Politoed
|-damage|p2a: Politoed|1/100
|-enditem|p2a: Politoed|Sitrus Berry|[eat]
|-heal|p2a: Politoed|26/100|[from] item: Sitrus Berry
|move|p2a: Politoed|Perish Song|p2a: Politoed
|-start|p1a: Basculegion|perish3|[silent]
|-start|p1b: Charizard|perish3|[silent]
|-start|p2a: Politoed|perish3|[silent]
|-start|p2b: Vivillon|perish3|[silent]
|-fieldactivate|move: Perish Song
|
|-weather|SunnyDay|[upkeep]
|-start|p1b: Charizard|perish3
|-start|p1a: Basculegion|perish3
|-start|p2b: Vivillon|perish3
|-start|p2a: Politoed|perish3
|upkeep
|turn|8
|
|t:|1786132854
|move|p2a: Politoed|Protect|p2a: Politoed
|-singleturn|p2a: Politoed|Protect
|move|p1b: Charizard|Heat Wave|p2b: Vivillon|[spread] p2b
|-activate|p2a: Politoed|move: Protect
|-supereffective|p2b: Vivillon|1
|-damage|p2b: Vivillon|0 fnt
|faint|p2b: Vivillon
|move|p1a: Basculegion|Last Respects|p2a: Politoed
|-activate|p2a: Politoed|move: Protect
|
|-weather|SunnyDay|[upkeep]
|-start|p1b: Charizard|perish2
|-start|p1a: Basculegion|perish2
|-start|p2a: Politoed|perish2
|-sideend|p1: marcosdeltasena31|move: Tailwind
|upkeep
|
|t:|1786132855
|switch|p2b: Gengar|Gengar-Mega, L50, M|57/100
|turn|9
|
|t:|1786132868
|move|p2b: Gengar|Shadow Ball|p1a: Basculegion
|-supereffective|p1a: Basculegion|1
|-damage|p1a: Basculegion|0 fnt
|faint|p1a: Basculegion
|move|p1b: Charizard|Heat Wave|p2b: Gengar|[spread] p2a,p2b
|-resisted|p2a: Politoed|1
|-damage|p2a: Politoed|3/100
|-damage|p2b: Gengar|0 fnt
|faint|p2b: Gengar
|move|p2a: Politoed|Encore|p1b: Charizard
|-start|p1b: Charizard|Encore
|
|-weather|SunnyDay|[upkeep]
|-start|p1b: Charizard|perish1
|-start|p2a: Politoed|perish1
|upkeep
|turn|10
|c|☆lalalaing|I'll take it
|
|t:|1786132875
|move|p2a: Politoed|Protect|p2a: Politoed
|-singleturn|p2a: Politoed|Protect
|move|p1b: Charizard|Heat Wave|p2a: Politoed
|-activate|p2a: Politoed|move: Protect
|
|-weather|SunnyDay|[upkeep]
|-start|p1b: Charizard|perish0
|-start|p2a: Politoed|perish0
|faint|p1b: Charizard
|faint|p2a: Politoed
|
|win|lalalaing
|raw|marcosdeltasena31's rating: 1483 → 1457(-26 for losing)
|raw|lalalaing's rating: 1371 → 1397(+26 for winning)
|l|☆marcosdeltasena31
|player|p1|
