|j|☆mackerjuan
|j|☆TreyBayBay
|html|mackerjuanTreyBayBay    
|uhtml|bestof|Game 2 of a best-of-3
|t:|1757938517
|gametype|doubles
|player|p1|mackerjuan|169|1204
|player|p2|TreyBayBay|ninjaboy|1119
|gen|9
|tier|[Gen 9] VGC 2025 Reg H (Bo3)
|rated|
|rule|Species Clause: Limit one of each Pokémon
|rule|Item Clause: Limit 1 of each item
|clearpoke
|poke|p1|Indeedee-F, L50, F|
|poke|p1|Armarouge, L50, M|
|poke|p1|Whimsicott, L50, F|
|poke|p1|Annihilape, L50, M|
|poke|p1|Ursaluna-Bloodmoon, L50, M|
|poke|p1|Gholdengo, L50|
|poke|p2|Ninetales-Alola, L50, M|
|poke|p2|Farigiraf, L50, F|
|poke|p2|Sneasler, L50, M|
|poke|p2|Incineroar, L50, F|
|poke|p2|Archaludon, L50, M|
|poke|p2|Hydreigon, L50, M|
|teampreview|4
|showteam|p1|Indeedee-F||SafetyGoggles|PsychicSurge|TrickRoom,Psychic,HelpingHand,FollowMe|||F|||50|,,,,,Fairy]Armarouge||LifeOrb|FlashFire|ExpandingForce,HeatWave,Protect,TrickRoom|||M|||50|,,,,,Grass]Whimsicott||FocusSash|Prankster|Moonblast,Tailwind,SunnyDay,BeatUp|||F|||50|,,,,,Ghost]Annihilape||SitrusBerry|Defiant|DrainPunch,RageFist,Protect,BulkUp|||M|||50|,,,,,Fire]Ursaluna-Bloodmoon||SilkScarf|MindsEye|BloodMoon,HyperVoice,EarthPower,Protect|||M|||50|,,,,,Normal]Gholdengo||ChoiceSpecs|GoodasGold|MakeItRain,ShadowBall,PowerGem,Trick||||||50|,,,,,Steel
|showteam|p2|Ninetales-Alola||LightClay|SnowWarning|Protect,Blizzard,Moonblast,AuroraVeil|||M|||50|,,,,,Ghost]Farigiraf||ThroatSpray|ArmorTail|ExpandingForce,HyperVoice,TrickRoom,Imprison|||F|||50|,,,,,Fairy]Sneasler||FocusSash|PoisonTouch|FakeOut,DireClaw,CloseCombat,Taunt|||M|||50|,,,,,Stellar]Incineroar||SafetyGoggles|Intimidate|FakeOut,FlareBlitz,KnockOff,WillOWisp|||F|||50|,,,,,Ghost]Archaludon||AssaultVest|Stamina|DracoMeteor,FlashCannon,BodyPress,Thunderbolt|||M|||50|,,,,,Bug]Hydreigon||CovertCloak|Levitate|Snarl,EarthPower,HeatWave,Tailwind|||M|||50|,,,,,Ghost
|inactive|Battle timer is ON: inactive players will automatically lose when time's up. (requested by mackerjuan)
|
|t:|1757938541
|teamsize|p1|4
|teamsize|p2|4
|start
|switch|p1a: Gholdengo|Gholdengo, L50|100/100
|switch|p1b: Whimsicott|Whimsicott, L50, F|100/100
|switch|p2a: Hydreigon|Hydreigon, L50, M, shiny|100/100
|switch|p2b: Ninetales|Ninetales-Alola, L50, M, shiny|100/100
|-weather|Snowscape|[from] ability: Snow Warning|[of] p2b: Ninetales
|turn|1
|inactive|TreyBayBay has 30 seconds left.
|
|t:|1757938569
|-terastallize|p1a: Gholdengo|Steel
|move|p2b: Ninetales|Protect|p2b: Ninetales
|-singleturn|p2b: Ninetales|Protect
|move|p1b: Whimsicott|Tailwind|p1b: Whimsicott
|-sidestart|p1: mackerjuan|move: Tailwind
|move|p1a: Gholdengo|Make It Rain|p2a: Hydreigon|[spread] p2a
|-activate|p2b: Ninetales|move: Protect
|-crit|p2a: Hydreigon
|-damage|p2a: Hydreigon|0 fnt
|-unboost|p1a: Gholdengo|spa|1
|faint|p2a: Hydreigon
|
|-weather|Snowscape|[upkeep]
|upkeep
|
|t:|1757938583
|switch|p2a: Incineroar|Incineroar, L50, F|100/100
|-ability|p2a: Incineroar|Intimidate|boost
|-unboost|p1a: Gholdengo|atk|1
|-unboost|p1b: Whimsicott|atk|1
|turn|2
|inactive|TreyBayBay has 30 seconds left.
|
|t:|1757938615
|switch|p1b: Ursaluna|Ursaluna-Bloodmoon, L50, M|100/100
|move|p2a: Incineroar|Fake Out|p1a: Gholdengo
|-resisted|p1a: Gholdengo
|-damage|p1a: Gholdengo|94/100
|cant|p1a: Gholdengo|flinch
|move|p2b: Ninetales|Aurora Veil|p2b: Ninetales
|-sidestart|p2: TreyBayBay|move: Aurora Veil
|
|-weather|Snowscape|[upkeep]
|upkeep
|turn|3
|
|t:|1757938635
|-terastallize|p2b: Ninetales|Ghost
|move|p1a: Gholdengo|Make It Rain|p2a: Incineroar|[spread] p2a,p2b
|-resisted|p2a: Incineroar
|-damage|p2a: Incineroar|85/100
|-damage|p2b: Ninetales|49/100
|-unboost|p1a: Gholdengo|spa|1
|move|p1b: Ursaluna|Hyper Voice|p2a: Incineroar|[spread] p2a,p2b
|-damage|p2a: Incineroar|58/100
|-damage|p2b: Ninetales|10/100
|move|p2b: Ninetales|Blizzard|p1a: Gholdengo|[spread] p1a,p1b
|-resisted|p1a: Gholdengo
|-crit|p1a: Gholdengo
|-supereffective|p1b: Ursaluna
|-damage|p1a: Gholdengo|64/100
|-damage|p1b: Ursaluna|23/100
|move|p2a: Incineroar|Flare Blitz|p1a: Gholdengo
|-supereffective|p1a: Gholdengo
|-damage|p1a: Gholdengo|0 fnt
|faint|p1a: Gholdengo
|-damage|p2a: Incineroar|42/100|[from] Recoil
|
|-weather|Snowscape|[upkeep]
|upkeep
|
|t:|1757938660
|switch|p1a: Whimsicott|Whimsicott, L50, F|100/100
|turn|4
|inactive|TreyBayBay has 30 seconds left.
|
|t:|1757938689
|switch|p2a: Farigiraf|Farigiraf, L50, F, shiny|100/100
|move|p1a: Whimsicott|Moonblast|p2b: Ninetales
|-damage|p2b: Ninetales|0 fnt
|faint|p2b: Ninetales
|move|p1b: Ursaluna|Earth Power|p2a: Farigiraf
|-damage|p2a: Farigiraf|66/100
|
|-weather|Snowscape|[upkeep]
|-sideend|p1: mackerjuan|move: Tailwind
|upkeep
|
|t:|1757938698
|switch|p2b: Incineroar|Incineroar, L50, F|42/100
|-ability|p2b: Incineroar|Intimidate|boost
|-unboost|p1a: Whimsicott|atk|1
|-unboost|p1b: Ursaluna|atk|1
|turn|5
|inactive|mackerjuan has 30 seconds left.
|inactive|mackerjuan has 20 seconds left.
|inactive|mackerjuan has 15 seconds left.
|
|t:|1757938738
|move|p1b: Ursaluna|Protect|p1b: Ursaluna
|-singleturn|p1b: Ursaluna|Protect
|move|p2b: Incineroar|Fake Out|p1a: Whimsicott
|-damage|p1a: Whimsicott|85/100
|cant|p1a: Whimsicott|flinch
|move|p2a: Farigiraf|Hyper Voice|p1b: Ursaluna|[spread] p1a
|-activate|p1b: Ursaluna|move: Protect
|-damage|p1a: Whimsicott|46/100
|-enditem|p2a: Farigiraf|Throat Spray
|-boost|p2a: Farigiraf|spa|1|[from] item: Throat Spray
|
|-weather|none
|upkeep
|turn|6
|
|t:|1757938757
|move|p1a: Whimsicott|Tailwind|p1a: Whimsicott
|-sidestart|p1: mackerjuan|move: Tailwind
|move|p1b: Ursaluna|Blood Moon|p2a: Farigiraf
|-damage|p2a: Farigiraf|0 fnt
|faint|p2a: Farigiraf
|move|p2b: Incineroar|Flare Blitz|p1a: Whimsicott
|-supereffective|p1a: Whimsicott
|-damage|p1a: Whimsicott|0 fnt
|faint|p1a: Whimsicott
|-damage|p2b: Incineroar|32/100|[from] Recoil
|
|upkeep
|
|t:|1757938772
|switch|p1a: Annihilape|Annihilape, L50, M|100/100
|turn|7
|
|t:|1757938777
|move|p1a: Annihilape|Drain Punch|p2b: Incineroar
|-supereffective|p2b: Incineroar
|-damage|p2b: Incineroar|0 fnt
|faint|p2b: Incineroar
|
|win|mackerjuan
