|j|☆Ethan's Bleakmiss
|j|☆Samboi37
|html|Ethan's BleakmissSamboi37    
|uhtml|bestof|Game 2 of a best-of-3
|t:|1784567627
|gametype|doubles
|player|p1|Ethan's Bleakmiss|unknown|1117
|player|p2|Samboi37|170|1000
|gen|9
|tier|[Gen 9 Champions] VGC 2026 Reg M-B (Bo3)
|rated|
|rule|Species Clause: Limit one of each Pokémon
|rule|Item Clause: Limit 1 of each item
|clearpoke
|poke|p1|Blaziken, L50, M|
|poke|p1|Ninetales-Alola, L50, F, shiny|
|poke|p1|Kingambit, L50, F, shiny|
|poke|p1|Farigiraf, L50, F|
|poke|p1|Mawile, L50, M|
|poke|p1|Vivillon, L50, F, shiny|
|poke|p2|Gengar, L50, F|
|poke|p2|Sneasler, L50, F|
|poke|p2|Pelipper, L50, F|
|poke|p2|Sinistcha, L50|
|poke|p2|Meganium, L50, F|
|poke|p2|Archaludon, L50, M|
|teampreview|4
|showteam|p1|Blaziken||Blazikenite|SpeedBoost|CloseCombat,FlareBlitz,StoneEdge,Detect|Adamant||M|||50|]Ninetales-Alola||NeverMeltIce|SnowWarning|Blizzard,FreezeDry,Encore,Protect|Timid||F|||50|]Kingambit||LifeOrb|Defiant|SuckerPunch,KowtowCleave,IronHead,Protect|Adamant||F|||50|]Farigiraf||SitrusBerry|ArmorTail|HyperVoice,Psychic,TrickRoom,HelpingHand|Relaxed||F|||50|]Mawile||Mawilite|HyperCutter|PlayRough,IronHead,RockSlide,SuckerPunch|Adamant||M|||50|]Vivillon||FocusSash|CompoundEyes|SleepPowder,RagePowder,Protect,Hurricane|Timid||F|||50|
|showteam|p2|Gengar||Gengarite|CursedBody|Disable,PerishSong,Protect,ShadowBall|Timid||F|||50|]Sneasler||WhiteHerb|Unburden|Protect,DireClaw,FakeOut,CloseCombat|Adamant||F|||50|]Pelipper||FocusSash|Drizzle|Protect,Hurricane,WeatherBall,Tailwind|Bold||F|||50|]Sinistcha||SitrusBerry|Hospitality|MatchaGotcha,Protect,ShadowBall,RagePowder|Bold|||||50|]Meganium||Meganiumite|Overgrow|SolarBeam,Protect,PollenPuff,DazzlingGleam|Timid||F|||50|]Archaludon||Leftovers|Stamina|Protect,FlashCannon,ElectroShot,DragonPulse|Timid||M|||50|
|inactive|Battle timer is ON: inactive players will automatically lose when time's up. (requested by Ethan's Bleakmiss)
|inactive|Samboi37 also wants the timer to be on.
|inactive|Ethan's Bleakmiss has 60 seconds left.
|inactive|Samboi37 has 60 seconds left.
|
|t:|1784567681
|teamsize|p1|4
|teamsize|p2|4
|start
|switch|p1a: Kingambit|Kingambit, L50, F, shiny|100/100
|switch|p1b: Farigiraf|Farigiraf, L50, F|100/100
|switch|p2a: Archaludon|Archaludon, L50, M|100/100
|switch|p2b: Pelipper|Pelipper, L50, F|100/100
|-weather|RainDance|[from] ability: Drizzle|[of] p2b: Pelipper
|turn|1
|inactive|Samboi37 has 30 seconds left.
|
|t:|1784567714
|move|p2a: Archaludon|Electro Shot||[still]
|-prepare|p2a: Archaludon|Electro Shot
|-boost|p2a: Archaludon|spa|1
|-anim|p2a: Archaludon|Electro Shot|p1a: Kingambit
|-damage|p1a: Kingambit|36/100
|move|p2b: Pelipper|Hurricane|p1b: Farigiraf
|-damage|p1b: Farigiraf|62/100
|move|p1b: Farigiraf|Psychic|p2b: Pelipper
|-damage|p2b: Pelipper|54/100
|move|p1a: Kingambit|Kowtow Cleave|p2b: Pelipper
|-damage|p2b: Pelipper|2/100
|-damage|p1a: Kingambit|26/100|[from] item: Life Orb
|
|-weather|RainDance|[upkeep]
|upkeep
|turn|2
|
|t:|1784567736
|switch|p1b: Vivillon|Vivillon, L50, F, shiny|100/100
|move|p2b: Pelipper|Protect|p2b: Pelipper
|-singleturn|p2b: Pelipper|Protect
|move|p1a: Kingambit|Sucker Punch||[still]
|-fail|p1a: Kingambit
|move|p2a: Archaludon|Electro Shot||[still]
|-prepare|p2a: Archaludon|Electro Shot
|-boost|p2a: Archaludon|spa|1
|-anim|p2a: Archaludon|Electro Shot|p1a: Kingambit
|-damage|p1a: Kingambit|0 fnt
|faint|p1a: Kingambit
|
|-weather|RainDance|[upkeep]
|upkeep
|
|t:|1784567754
|switch|p1a: Blaziken|Blaziken, L50, M|100/100
|turn|3
|
|t:|1784567773
|switch|p2b: Sneasler|Sneasler, L50, F|100/100
|detailschange|p1a: Blaziken|Blaziken-Mega, L50, M
|-mega|p1a: Blaziken|Blaziken|Blazikenite
|move|p1b: Vivillon|Sleep Powder|p2a: Archaludon
|-status|p2a: Archaludon|slp|[from] move: Sleep Powder
|move|p1a: Blaziken|Close Combat|p2b: Sneasler
|-resisted|p2b: Sneasler|1
|-damage|p2b: Sneasler|32/100
|-unboost|p1a: Blaziken|def|1
|-unboost|p1a: Blaziken|spd|1
|cant|p2a: Archaludon|slp
|
|-weather|RainDance|[upkeep]
|-ability|p1a: Blaziken|Speed Boost|boost
|-boost|p1a: Blaziken|spe|1
|upkeep
|turn|4
|inactive|Ethan's Bleakmiss has 30 seconds left.
|inactive|Samboi37 has 30 seconds left.
|inactive|Samboi37 has 20 seconds left.
|inactive|Samboi37 has 15 seconds left.
|inactive|Samboi37 has 10 seconds left.
|
|t:|1784567822
|switch|p1b: Farigiraf|Farigiraf, L50, F|62/100
|cant|p2a: Archaludon|slp
|move|p1a: Blaziken|Close Combat|p2a: Archaludon
|-supereffective|p2a: Archaludon|1
|-damage|p2a: Archaludon|0 fnt
|-unboost|p1a: Blaziken|def|1
|-unboost|p1a: Blaziken|spd|1
|faint|p2a: Archaludon
|move|p2b: Sneasler|Dire Claw|p1a: Blaziken
|-damage|p1a: Blaziken|0 fnt
|faint|p1a: Blaziken
|
|-weather|RainDance|[upkeep]
|upkeep
|
|t:|1784567837
|switch|p1a: Vivillon|Vivillon, L50, F, shiny|100/100
|switch|p2a: Sinistcha|Sinistcha, L50|100/100
|-heal|p2b: Sneasler|57/100|[from] ability: Hospitality|[of] p2a: Sinistcha
|turn|5
|inactive|Ethan's Bleakmiss has 30 seconds left.
|inactive|Ethan's Bleakmiss has 20 seconds left.
|inactive|Samboi37 has 30 seconds left.
|inactive|Samboi37 has 20 seconds left.
|inactive|Samboi37 has 15 seconds left.
|inactive|Samboi37 has 10 seconds left.
|
|t:|1784567895
|move|p2b: Sneasler|Protect|p2b: Sneasler
|-singleturn|p2b: Sneasler|Protect
|move|p2a: Sinistcha|Protect|p2a: Sinistcha
|-singleturn|p2a: Sinistcha|Protect
|move|p1a: Vivillon|Hurricane|p2b: Sneasler
|-activate|p2b: Sneasler|move: Protect
|move|p1b: Farigiraf|Hyper Voice|p2b: Sneasler|[spread] 
|-activate|p2a: Sinistcha|move: Protect
|-activate|p2b: Sneasler|move: Protect
|
|-weather|none
|upkeep
|turn|6
|
|t:|1784567914
|switch|p2b: Pelipper|Pelipper, L50, F|2/100
|-weather|RainDance|[from] ability: Drizzle|[of] p2b: Pelipper
|move|p1a: Vivillon|Hurricane|p2b: Pelipper
|-damage|p2b: Pelipper|0 fnt
|faint|p2b: Pelipper
|move|p2a: Sinistcha|Matcha Gotcha|p1a: Vivillon|[spread] p1a,p1b
|-resisted|p1a: Vivillon|2
|-damage|p1a: Vivillon|87/100
|-damage|p1b: Farigiraf|39/100
|-enditem|p1b: Farigiraf|Sitrus Berry|[eat]
|-heal|p1b: Farigiraf|64/100|[from] item: Sitrus Berry
|move|p1b: Farigiraf|Hyper Voice|p2a: Sinistcha
|-immune|p2a: Sinistcha
|
|-weather|RainDance|[upkeep]
|upkeep
|
|t:|1784567930
|switch|p2b: Sneasler|Sneasler, L50, F|57/100
|turn|7
|inactive|Samboi37 has 30 seconds left.
|
|t:|1784567960
|move|p2b: Sneasler|Dire Claw|p1a: Vivillon
|-damage|p1a: Vivillon|1/100
|move|p1a: Vivillon|Hurricane|p2a: Sinistcha
|-supereffective|p2a: Sinistcha|1
|-damage|p2a: Sinistcha|14/100
|-enditem|p2a: Sinistcha|Sitrus Berry|[eat]
|-heal|p2a: Sinistcha|39/100|[from] item: Sitrus Berry
|move|p2a: Sinistcha|Shadow Ball|p1a: Vivillon
|-damage|p1a: Vivillon|0 fnt
|faint|p1a: Vivillon
|move|p1b: Farigiraf|Hyper Voice|p2a: Sinistcha|[spread] p2b
|-immune|p2a: Sinistcha
|-damage|p2b: Sneasler|21/100
|
|-weather|RainDance|[upkeep]
|upkeep
|turn|8
|inactive|Samboi37 has 30 seconds left.
|
|t:|1784567988
|move|p2b: Sneasler|Protect|p2b: Sneasler
|-singleturn|p2b: Sneasler|Protect
|move|p2a: Sinistcha|Matcha Gotcha|p1b: Farigiraf
|-damage|p1b: Farigiraf|31/100
|-heal|p2a: Sinistcha|59/100|[from] drain|[of] p1b: Farigiraf
|move|p1b: Farigiraf|Hyper Voice|p2b: Sneasler|[spread] 
|-activate|p2b: Sneasler|move: Protect
|-immune|p2a: Sinistcha
|
|-weather|RainDance|[upkeep]
|upkeep
|turn|9
|-message|Ethan's Bleakmiss forfeited.
|
|win|Samboi37
