|j|☆solracchabar11
|j|☆KodeBeast0526
|html|solracchabar11KodeBeast0526    
|uhtml|bestof|Game 3 of a best-of-3
|t:|1783548663
|gametype|doubles
|player|p1|solracchabar11|lucas|1078
|player|p2|KodeBeast0526|sailor|1107
|gen|9
|tier|[Gen 9 Champions] VGC 2026 Reg M-B (Bo3)
|rated|
|rule|Species Clause: Limit one of each Pokémon
|rule|Item Clause: Limit 1 of each item
|clearpoke
|poke|p1|Kingambit, L50, M|
|poke|p1|Aerodactyl, L50, M|
|poke|p1|Whimsicott, L50, M|
|poke|p1|Charizard, L50, M|
|poke|p1|Sylveon, L50, M|
|poke|p1|Garchomp, L50, M|
|poke|p2|Garchomp, L50, M, shiny|
|poke|p2|Staraptor, L50, F, shiny|
|poke|p2|Whimsicott, L50, F, shiny|
|poke|p2|Incineroar, L50, M, shiny|
|poke|p2|Gholdengo, L50|
|poke|p2|Zoroark-Hisui, L50, F|
|teampreview|4
|showteam|p1|Kingambit||BlackGlasses|Defiant|LowKick,IronHead,KowtowCleave,SuckerPunch|Adamant||M|||50|]Aerodactyl||Aerodactylite|RockHead|DualWingbeat,RockSlide,Tailwind,Protect|Adamant||M|||50|]Whimsicott||FocusSash|Prankster|Tailwind,Moonblast,Protect,Encore|Bold||M|||50|]Charizard||CharizarditeY|Blaze|HeatWave,WeatherBall,Protect,SolarBeam|Modest||M|||50|]Sylveon||FairyFeather|Pixilate|HyperVoice,HyperBeam,QuickAttack,Protect|Modest||M|||50|]Garchomp||LifeOrb|RoughSkin|Earthquake,StompingTantrum,DragonClaw,Protect|Jolly||M|||50|
|showteam|p2|Garchomp||LifeOrb|RoughSkin|Earthquake,Protect,RockSlide,DragonClaw|Adamant||M|||50|]Staraptor||Staraptite|Intimidate|BraveBird,CloseCombat,Roost,Protect|Jolly||F|||50|]Whimsicott||FocusSash|Prankster|Moonblast,Tailwind,Tickle,FakeTears|Timid||F|||50|]Incineroar||SitrusBerry|Intimidate|FakeOut,PartingShot,FlareBlitz,DarkestLariat|Impish||M|||50|]Gholdengo||WiseGlasses|GoodasGold|Protect,ShadowBall,MakeItRain,NastyPlot|Modest|||||50|]Zoroark-Hisui||ChoiceScarf|Illusion|IcyWind,HyperVoice,BitterMalice,Psychic|Timid||F|||50|
|
|t:|1783548680
|teamsize|p1|4
|teamsize|p2|4
|start
|switch|p1a: Sylveon|Sylveon, L50, M|100/100
|switch|p1b: Garchomp|Garchomp, L50, M|100/100
|switch|p2a: Garchomp|Garchomp, L50, M, shiny|100/100
|switch|p2b: Whimsicott|Whimsicott, L50, F, shiny|100/100
|turn|1
|inactive|Battle timer is ON: inactive players will automatically lose when time's up. (requested by solracchabar11)
|inactive|solracchabar11 has 60 seconds left.
|
|t:|1783548725
|move|p1b: Garchomp|Protect|p1b: Garchomp
|-singleturn|p1b: Garchomp|Protect
|move|p2b: Whimsicott|Tailwind|p2b: Whimsicott
|-sidestart|p2: KodeBeast0526|move: Tailwind
|move|p2a: Garchomp|Rock Slide|p1a: Sylveon|[spread] p1a
|-activate|p1b: Garchomp|move: Protect
|-damage|p1a: Sylveon|63/100
|-damage|p2a: Garchomp|90/100|[from] item: Life Orb
|move|p1a: Sylveon|Hyper Voice|p2b: Whimsicott|[spread] p2a,p2b
|-supereffective|p2a: Garchomp|1
|-damage|p2a: Garchomp|0 fnt
|-damage|p2b: Whimsicott|18/100
|faint|p2a: Garchomp
|
|upkeep
|
|t:|1783548744
|switch|p2a: Staraptor|Staraptor, L50, F, shiny|100/100
|-ability|p2a: Staraptor|Intimidate|boost
|-unboost|p1a: Sylveon|atk|1
|-unboost|p1b: Garchomp|atk|1
|turn|2
|
|t:|1783548758
|detailschange|p2a: Staraptor|Staraptor-Mega, L50, F, shiny
|-mega|p2a: Staraptor|Staraptor|Staraptite
|move|p1a: Sylveon|Protect|p1a: Sylveon
|-singleturn|p1a: Sylveon|Protect
|move|p2b: Whimsicott|Tickle|p2a: Staraptor
|-boost|p2a: Staraptor|atk|1
|-boost|p2a: Staraptor|def|1
|move|p2a: Staraptor|Close Combat|p1a: Sylveon
|-activate|p1a: Sylveon|move: Protect
|move|p1b: Garchomp|Dragon Claw|p2a: Staraptor
|-damage|p2a: Staraptor|76/100
|-damage|p1b: Garchomp|90/100|[from] item: Life Orb
|
|upkeep
|turn|3
|inactive|solracchabar11 has 30 seconds left.
|inactive|solracchabar11 has 20 seconds left.
|inactive|solracchabar11 has 15 seconds left.
|inactive|solracchabar11 has 10 seconds left.
|
|t:|1783548807
|move|p2b: Whimsicott|Tickle|p2a: Staraptor
|-boost|p2a: Staraptor|atk|1
|-boost|p2a: Staraptor|def|1
|move|p2a: Staraptor|Close Combat|p1a: Sylveon
|-resisted|p1a: Sylveon|1
|-damage|p1a: Sylveon|0 fnt
|-boost|p2a: Staraptor|def|1
|-boost|p2a: Staraptor|spd|1
|faint|p1a: Sylveon
|move|p1b: Garchomp|Stomping Tantrum|p2b: Whimsicott
|-resisted|p2b: Whimsicott|1
|-damage|p2b: Whimsicott|0 fnt
|faint|p2b: Whimsicott
|-damage|p1b: Garchomp|80/100|[from] item: Life Orb
|
|upkeep
|
|t:|1783548821
|switch|p2b: Zoroark|Zoroark-Hisui, L50, F|100/100
|switch|p1a: Charizard|Charizard, L50, M|100/100
|turn|4
|
|t:|1783548836
|detailschange|p1a: Charizard|Charizard-Mega-Y, L50, M
|-mega|p1a: Charizard|Charizard|Charizardite Y
|-weather|SunnyDay|[from] ability: Drought|[of] p1a: Charizard
|move|p2b: Zoroark|Icy Wind|p1a: Charizard|[spread] p1a,p1b
|-supereffective|p1b: Garchomp|2
|-crit|p1b: Garchomp
|-damage|p1a: Charizard|86/100
|-damage|p1b: Garchomp|2/100
|-unboost|p1a: Charizard|spe|1
|-unboost|p1b: Garchomp|spe|1
|move|p2a: Staraptor|Close Combat|p1a: Charizard
|-resisted|p1a: Charizard|1
|-damage|p1a: Charizard|0 fnt
|-boost|p2a: Staraptor|def|1
|-boost|p2a: Staraptor|spd|1
|faint|p1a: Charizard
|move|p1b: Garchomp|Earthquake|p2a: Staraptor|[spread] p2b
|-immune|p2a: Staraptor
|-damage|p2b: Zoroark|37/100
|-damage|p1b: Garchomp|0 fnt|[from] item: Life Orb
|faint|p1b: Garchomp
|
|-weather|SunnyDay|[upkeep]
|-sideend|p2: KodeBeast0526|move: Tailwind
|upkeep
|
|t:|1783548858
|switch|p1b: Whimsicott|Whimsicott, L50, M|100/100
|turn|5
|-message|solracchabar11 forfeited.
|
|win|KodeBeast0526
|raw|solracchabar11's rating: 1078 → 1058(-20 for losing)
|raw|KodeBeast0526's rating: 1107 → 1130(+23 for winning)
|l|☆solracchabar11
|player|p1|
