|j|☆bestboi8989
|j|☆ToshiVGC
|html|bestboi8989ToshiVGC    
|uhtml|bestof|Game 1 of a best-of-3
|t:|1757836362
|gametype|doubles
|player|p1|bestboi8989|169|1097
|player|p2|ToshiVGC|elesa|1199
|gen|9
|tier|[Gen 9] VGC 2025 Reg H (Bo3)
|rated|
|rule|Species Clause: Limit one of each Pokémon
|rule|Item Clause: Limit 1 of each item
|clearpoke
|poke|p1|Indeedee, L50, M|
|poke|p1|Sneasler, L50, M|
|poke|p1|Excadrill, L50, F|
|poke|p1|Magmar, L50, F|
|poke|p1|Corviknight, L50, M|
|poke|p1|Tyranitar, L50, M|
|poke|p2|Hatterene, L50, F|
|poke|p2|Torkoal, L50, M|
|poke|p2|Indeedee-F, L50, F|
|poke|p2|Ursaluna, L50, F|
|poke|p2|Gallade, L50, M|
|poke|p2|Lilligant-Hisui, L50, F|
|teampreview|4
|showteam|p1|Indeedee||ChoiceScarf|PsychicSurge|ExpandingForce,TeraBlast,Trick,Protect|||M|||50|,,,,,Psychic]Sneasler||WhiteHerb|Unburden|FakeOut,CloseCombat,DireClaw,Coaching|||M|||50|,,,,,Flying]Excadrill||FocusSash|SandRush|Earthquake,IronHead,SwordsDance,Protect|||F|||50|,,,,,Ground]Magmar||Eviolite|VitalSpirit|HeatWave,FollowMe,HelpingHand,Protect|||F|||50|,,,,,Flying]Corviknight||PsychicSeed|MirrorArmor|BraveBird,PowerTrip,BulkUp,Roost|||M|||50|,,,,,Water]Tyranitar||AssaultVest|SandStream|RockSlide,KnockOff,LowKick,TeraBlast|||M|||50|,,,,,Flying
|showteam|p2|Hatterene||LifeOrb|MagicBounce|DazzlingGleam,ExpandingForce,TrickRoom,Protect|||F|||50|,,,,,Psychic]Torkoal||Charcoal|Drought|Eruption,HeatWave,Protect,EarthPower|||M|||50|,,,,,Fire]Indeedee-F||PsychicSeed|PsychicSurge|DazzlingGleam,FollowMe,TrickRoom,HelpingHand|||F|||50|,,,,,Fairy]Ursaluna||FlameOrb|Guts|Facade,HeadlongRush,Earthquake,Protect|||F|||50|,,,,,Ghost]Gallade||ClearAmulet|Sharpness|SacredSword,PsychoCut,TrickRoom,WideGuard|||M|||50|,,,,,Grass]Lilligant-Hisui||FocusSash|Chlorophyll|CloseCombat,SolarBlade,SleepPowder,AfterYou|||F|||50|,,,,,Ghost
|
|t:|1757836413
|teamsize|p1|4
|teamsize|p2|4
|start
|switch|p1a: Tyranitar|Tyranitar, L50, M|100/100
|switch|p1b: Excadrill|Excadrill, L50, F|100/100
|switch|p2a: Indeedee|Indeedee-F, L50, F, shiny|100/100
|switch|p2b: Hatterene|Hatterene, L50, F, shiny|100/100
|-fieldstart|move: Psychic Terrain|[from] ability: Psychic Surge|[of] p2a: Indeedee
|-enditem|p2a: Indeedee|Psychic Seed
|-boost|p2a: Indeedee|spd|1|[from] item: Psychic Seed
|-weather|Sandstorm|[from] ability: Sand Stream|[of] p1a: Tyranitar
|turn|1
|
|t:|1757836440
|move|p2a: Indeedee|Follow Me|p2a: Indeedee
|-singleturn|p2a: Indeedee|move: Follow Me
|move|p1b: Excadrill|Swords Dance|p1b: Excadrill
|-boost|p1b: Excadrill|atk|2
|move|p1a: Tyranitar|Rock Slide|p2b: Hatterene|[spread] p2a,p2b
|-damage|p2a: Indeedee|75/100
|-damage|p2b: Hatterene|69/100
|move|p2b: Hatterene|Trick Room|p2b: Hatterene
|-fieldstart|move: Trick Room|[of] p2b: Hatterene
|
|-weather|Sandstorm|[upkeep]
|-damage|p2b: Hatterene|63/100|[from] Sandstorm
|-damage|p2a: Indeedee|68/100|[from] Sandstorm
|upkeep
|turn|2
|
|t:|1757836471
|switch|p1a: Magmar|Magmar, L50, F|100/100
|move|p2b: Hatterene|Dazzling Gleam|p1b: Excadrill|[spread] p1a,p1b
|-resisted|p1a: Magmar
|-resisted|p1b: Excadrill
|-damage|p1a: Magmar|83/100
|-damage|p1b: Excadrill|71/100
|-damage|p2b: Hatterene|54/100|[from] item: Life Orb
|move|p2a: Indeedee|Dazzling Gleam|p1b: Excadrill|[spread] p1a,p1b
|-resisted|p1a: Magmar
|-crit|p1a: Magmar
|-resisted|p1b: Excadrill
|-damage|p1a: Magmar|75/100
|-damage|p1b: Excadrill|62/100
|move|p1b: Excadrill|Earthquake|p2b: Hatterene|[spread] p1a,p2a,p2b
|-supereffective|p1a: Magmar
|-damage|p1a: Magmar|0 fnt
|-damage|p2a: Indeedee|0 fnt
|-damage|p2b: Hatterene|0 fnt
|faint|p1a: Magmar
|faint|p2a: Indeedee
|faint|p2b: Hatterene
|
|-weather|Sandstorm|[upkeep]
|upkeep
|
|t:|1757836492
|switch|p2b: Lilligant|Lilligant-Hisui, L50, F, shiny|100/100
|switch|p2a: Torkoal|Torkoal, L50, M, shiny|100/100
|switch|p1a: Corviknight|Corviknight, L50, M|100/100
|-weather|SunnyDay|[from] ability: Drought|[of] p2a: Torkoal
|-enditem|p1a: Corviknight|Psychic Seed
|-boost|p1a: Corviknight|spd|1|[from] item: Psychic Seed
|turn|3
|
|t:|1757836513
|-terastallize|p2a: Torkoal|Fire
|-terastallize|p1a: Corviknight|Water
|move|p2a: Torkoal|Eruption|p1a: Corviknight|[spread] p1a,p1b
|-resisted|p1a: Corviknight
|-supereffective|p1b: Excadrill
|-damage|p1a: Corviknight|61/100
|-damage|p1b: Excadrill|0 fnt
|faint|p1b: Excadrill
|move|p1a: Corviknight|Brave Bird|p2b: Lilligant
|-supereffective|p2b: Lilligant
|-enditem|p2b: Lilligant|Focus Sash
|-damage|p2b: Lilligant|1/100
|-damage|p1a: Corviknight|37/100|[from] Recoil
|move|p2b: Lilligant|Sleep Powder|p1a: Corviknight
|-status|p1a: Corviknight|slp|[from] move: Sleep Powder
|
|-weather|SunnyDay|[upkeep]
|upkeep
|
|t:|1757836528
|switch|p1b: Tyranitar|Tyranitar, L50, M|100/100
|-weather|Sandstorm|[from] ability: Sand Stream|[of] p1b: Tyranitar
|turn|4
|
|t:|1757836550
|move|p2a: Torkoal|Eruption|p1b: Tyranitar|[spread] p1a,p1b
|-resisted|p1a: Corviknight
|-resisted|p1b: Tyranitar
|-damage|p1a: Corviknight|14/100 slp
|-damage|p1b: Tyranitar|86/100
|move|p1b: Tyranitar|Knock Off|p2b: Lilligant
|-resisted|p2b: Lilligant
|-damage|p2b: Lilligant|0 fnt
|faint|p2b: Lilligant
|cant|p1a: Corviknight|slp
|
|-weather|Sandstorm|[upkeep]
|-damage|p2a: Torkoal|94/100|[from] Sandstorm
|-damage|p1a: Corviknight|8/100 slp|[from] Sandstorm
|upkeep
|turn|5
|-message|ToshiVGC forfeited.
|
|win|bestboi8989
|l|☆ToshiVGC
|player|p2|
||bestboi8989 is ready for game 2.
||ToshiVGC is ready for game 2.
|uhtml|next|Next: Game 2 of 3
