|j|☆Hawkc10ie
|j|☆memeberserk
|html|Hawkc10iememeberserk    
|uhtml|bestof|Game 1 of a best-of-3
|t:|1785121529
|gametype|doubles
|player|p1|Hawkc10ie|2|1253
|player|p2|memeberserk|lance|1177
|gen|9
|tier|[Gen 9 Champions] VGC 2026 Reg M-B (Bo3)
|rated|
|rule|Species Clause: Limit one of each Pokémon
|rule|Item Clause: Limit 1 of each item
|clearpoke
|poke|p1|Rotom-Wash, L50|
|poke|p1|Garchomp, L50, F|
|poke|p1|Sceptile, L50, F|
|poke|p1|Talonflame, L50, F|
|poke|p1|Farigiraf, L50, M|
|poke|p1|Charizard, L50, M|
|poke|p2|Raichu, L50, M|
|poke|p2|Corviknight, L50, F|
|poke|p2|Sylveon, L50, F|
|poke|p2|Basculegion, L50, M|
|poke|p2|Mamoswine, L50, M|
|poke|p2|Tyranitar, L50, F|
|teampreview|4
|showteam|p1|Rotom-Wash||ChoiceScarf|Levitate|Discharge,HydroPump,Thunderbolt,VoltSwitch|Timid|||||50|]Garchomp||LifeOrb|RoughSkin|Protect,Earthquake,RockSlide,DragonClaw|Jolly||F|||50|]Sceptile||Sceptilite|Overgrow|Protect,DragonPulse,EnergyBall,EarthPower|Timid||F|||50|]Talonflame||FocusSash|GaleWings|Protect,BraveBird,Tailwind,FlareBlitz|Adamant||F|||50|]Farigiraf||ColburBerry|ArmorTail|Protect,Imprison,TrickRoom,TwinBeam|Bold||M|||50|]Charizard||CharizarditeY|SolarPower|Protect,HeatWave,WeatherBall,SolarBeam|Modest||M|||50|
|showteam|p2|Raichu||RaichuniteY|LightningRod|ZapCannon,FocusBlast,FakeOut,Protect|Timid||M|||50|]Corviknight||Leftovers|Unnerve|BraveBird,IronHead,Tailwind,Protect|Careful||F|||50|]Sylveon||FairyFeather|Pixilate|HyperVoice,QuickAttack,Protect,Yawn|Modest||F|||50|]Basculegion||MysticWater|SwiftSwim|WaveCrash,LastRespects,AquaJet,Protect|Adamant||M|||50|]Mamoswine||LifeOrb|Oblivious|HighHorsepower,IceShard,IcicleCrash,Protect|Adamant||M|||50|]Tyranitar||FocusSash|SandStream|RockSlide,KnockOff,Superpower,Protect|Adamant||F|||50|
|inactive|Battle timer is ON: inactive players will automatically lose when time's up. (requested by memeberserk)
|inactive|memeberserk has 60 seconds left.
|
|t:|1785121578
|teamsize|p1|4
|teamsize|p2|4
|start
|switch|p1a: Rotom|Rotom-Wash, L50|100/100
|switch|p1b: Sceptile|Sceptile, L50, F|100/100
|switch|p2a: Sylveon|Sylveon, L50, F|100/100
|switch|p2b: Tyranitar|Tyranitar, L50, F|100/100
|-weather|Sandstorm|[from] ability: Sand Stream|[of] p2b: Tyranitar
|turn|1
|
|t:|1785121599
|switch|p2a: Raichu|Raichu, L50, M|100/100
|detailschange|p1b: Sceptile|Sceptile-Mega, L50, F
|-mega|p1b: Sceptile|Sceptile|Sceptilite
|move|p1a: Rotom|Discharge|p2b: Tyranitar|[spread] p2b
|-ability|p1b: Sceptile|Lightning Rod|boost
|-boost|p1b: Sceptile|spa|1
|-ability|p2a: Raichu|Lightning Rod|boost
|-boost|p2a: Raichu|spa|1
|-damage|p2b: Tyranitar|82/100
|move|p1b: Sceptile|Energy Ball|p2a: Raichu
|-crit|p2a: Raichu
|-damage|p2a: Raichu|0 fnt
|faint|p2a: Raichu
|move|p2b: Tyranitar|Knock Off|p1b: Sceptile
|-damage|p1b: Sceptile|45/100
|
|-weather|Sandstorm|[upkeep]
|-damage|p1a: Rotom|94/100|[from] Sandstorm
|-damage|p1b: Sceptile|39/100|[from] Sandstorm
|upkeep
|
|t:|1785121618
|switch|p2a: Sylveon|Sylveon, L50, F|100/100
|turn|2
|
|t:|1785121627
|move|p1b: Sceptile|Protect|p1b: Sceptile
|-singleturn|p1b: Sceptile|Protect
|move|p1a: Rotom|Discharge|p2a: Sylveon|[spread] p2a,p2b
|-activate|p1b: Sceptile|move: Protect
|-crit|p2a: Sylveon
|-damage|p2a: Sylveon|68/100
|-damage|p2b: Tyranitar|67/100
|-status|p2a: Sylveon|par
|-status|p2b: Tyranitar|par
|cant|p2b: Tyranitar|par
|move|p2a: Sylveon|Hyper Voice|p1a: Rotom|[spread] p1a
|-activate|p1b: Sceptile|move: Protect
|-damage|p1a: Rotom|35/100
|
|-weather|Sandstorm|[upkeep]
|-damage|p1a: Rotom|29/100|[from] Sandstorm
|-damage|p1b: Sceptile|33/100|[from] Sandstorm
|-damage|p2a: Sylveon|63/100 par|[from] Sandstorm
|upkeep
|turn|3
|
|t:|1785121646
|move|p2b: Tyranitar|Protect|p2b: Tyranitar
|-singleturn|p2b: Tyranitar|Protect
|move|p1a: Rotom|Discharge|p2b: Tyranitar|[spread] p2a
|-activate|p2b: Tyranitar|move: Protect
|-ability|p1b: Sceptile|Lightning Rod|boost
|-boost|p1b: Sceptile|spa|1
|-damage|p2a: Sylveon|43/100 par
|move|p1b: Sceptile|Energy Ball|p2b: Tyranitar
|-activate|p2b: Tyranitar|move: Protect
|cant|p2a: Sylveon|par
|
|-weather|Sandstorm|[upkeep]
|-damage|p1a: Rotom|23/100|[from] Sandstorm
|-damage|p1b: Sceptile|27/100|[from] Sandstorm
|-damage|p2a: Sylveon|37/100 par|[from] Sandstorm
|upkeep
|turn|4
|
|t:|1785121667
|move|p1b: Sceptile|Protect|p1b: Sceptile
|-singleturn|p1b: Sceptile|Protect
|move|p2b: Tyranitar|Protect||[still]
|-fail|p2b: Tyranitar
|move|p2a: Sylveon|Quick Attack|p1b: Sceptile
|-activate|p1b: Sceptile|move: Protect
|move|p1a: Rotom|Discharge|p2a: Sylveon|[spread] p2a,p2b
|-activate|p1b: Sceptile|move: Protect
|-damage|p2a: Sylveon|18/100 par
|-damage|p2b: Tyranitar|48/100 par
|
|-weather|Sandstorm|[upkeep]
|-damage|p1a: Rotom|17/100|[from] Sandstorm
|-damage|p1b: Sceptile|21/100|[from] Sandstorm
|-damage|p2a: Sylveon|12/100 par|[from] Sandstorm
|upkeep
|turn|5
|
|t:|1785121684
|move|p2a: Sylveon|Quick Attack|p1b: Sceptile
|-supereffective|p1b: Sceptile|1
|-damage|p1b: Sceptile|0 fnt
|faint|p1b: Sceptile
|move|p1a: Rotom|Discharge|p2a: Sylveon|[spread] p2a,p2b
|-damage|p2a: Sylveon|0 fnt
|-damage|p2b: Tyranitar|30/100 par
|faint|p2a: Sylveon
|move|p2b: Tyranitar|Knock Off|p1a: Rotom
|-damage|p1a: Rotom|0 fnt
|-enditem|p1a: Rotom|Choice Scarf|[from] move: Knock Off|[of] p2b: Tyranitar
|faint|p1a: Rotom
|
|-weather|none
|upkeep
|
|t:|1785121695
|switch|p1b: Talonflame|Talonflame, L50, F|100/100
|switch|p1a: Garchomp|Garchomp, L50, F|100/100
|switch|p2a: Basculegion|Basculegion, L50, M|100/100
|turn|6
|
|t:|1785121707
|move|p2b: Tyranitar|Protect|p2b: Tyranitar
|-singleturn|p2b: Tyranitar|Protect
|move|p1b: Talonflame|Tailwind|p1b: Talonflame
|-sidestart|p1: Hawkc10ie|move: Tailwind
|move|p1a: Garchomp|Earthquake|p2b: Tyranitar|[spread] p2a
|-activate|p2b: Tyranitar|move: Protect
|-immune|p1b: Talonflame
|-damage|p2a: Basculegion|52/100
|-damage|p1a: Garchomp|90/100|[from] item: Life Orb
|move|p2a: Basculegion|Last Respects|p1a: Garchomp
|-damage|p1a: Garchomp|13/100
|
|upkeep
|turn|7
|
|t:|1785121724
|move|p1b: Talonflame|Brave Bird|p2a: Basculegion
|-damage|p2a: Basculegion|1/100
|-damage|p1b: Talonflame|77/100|[from] Recoil
|move|p2a: Basculegion|Aqua Jet|p1b: Talonflame
|-supereffective|p1b: Talonflame|1
|-damage|p1b: Talonflame|3/100
|move|p1a: Garchomp|Earthquake|p2b: Tyranitar|[spread] p2a,p2b
|-immune|p1b: Talonflame
|-supereffective|p2b: Tyranitar|1
|-damage|p2a: Basculegion|0 fnt
|-damage|p2b: Tyranitar|0 fnt
|faint|p2a: Basculegion
|faint|p2b: Tyranitar
|-damage|p1a: Garchomp|3/100|[from] item: Life Orb
|
|win|Hawkc10ie
