|j|☆Elokyyy
|j|☆egregarious angle
|html|Elokyyyegregarious angle    
|uhtml|bestof|Game 1 of a best-of-3
|t:|1757723691
|gametype|doubles
|player|p1|Elokyyy|steven|1034
|player|p2|egregarious angle|winona|1098
|gen|9
|tier|[Gen 9] VGC 2025 Reg H (Bo3)
|rated|
|rule|Species Clause: Limit one of each Pokémon
|rule|Item Clause: Limit 1 of each item
|clearpoke
|poke|p1|Archaludon, L50, M|
|poke|p1|Dragonite, L50, M|
|poke|p1|Pelipper, L50, F|
|poke|p1|Ursaluna, L50, F|
|poke|p1|Sinistcha, L50|
|poke|p1|Gholdengo, L50|
|poke|p2|Incineroar, L50, F|
|poke|p2|Rillaboom, L50, M|
|poke|p2|Basculegion, L50, M|
|poke|p2|Volcarona, L50, F|
|poke|p2|Tyranitar, L50, F|
|poke|p2|Dragonite, L50, M|
|teampreview|4
|showteam|p1|Archaludon||Leftovers|Stamina|FlashCannon,BodyPress,ElectroShot,Protect|||M|||50|,,,,,Fighting]Dragonite||LoadedDice|Multiscale|ScaleShot,ExtremeSpeed,Haze,Protect|||M|||50|,,,,,Fairy]Pelipper||FocusSash|Drizzle|MuddyWater,Hurricane,Tailwind,Protect|||F|||50|,,,,,Ghost]Ursaluna||FlameOrb|Guts|Facade,HeadlongRush,Earthquake,Protect|||F|||50|,,,,,Ghost]Sinistcha||SitrusBerry|Hospitality|MatchaGotcha,LifeDew,RagePowder,TrickRoom||||||50|,,,,,Dark]Gholdengo||ChoiceScarf|GoodasGold|MakeItRain,ShadowBall,Trick,Protect||||||50|,,,,,Flying
|showteam|p2|Incineroar||SafetyGoggles|Intimidate|FakeOut,KnockOff,PartingShot,Taunt|||F|||50|,,,,,Ghost]Rillaboom||MiracleSeed|GrassySurge|FakeOut,GrassyGlide,WoodHammer,HighHorsepower|||M|||50|,,,,,Fire]Basculegion||ChoiceScarf|Adaptability|WaveCrash,FlipTurn,AquaJet,LastRespects|||M|||50|,,,,,Grass]Volcarona||Leftovers|FlameBody|HeatWave,QuiverDance,TeraBlast,Protect|||F|||50|,,,,,Fairy]Tyranitar||AssaultVest|SandStream|KnockOff,TeraBlast,LowKick,RockSlide|||F|||50|,,,,,Flying]Dragonite||LoadedDice|Multiscale|Protect,Tailwind,ScaleShot,Haze|||M|||50|,,,,,Fairy
|inactive|Battle timer is ON: inactive players will automatically lose when time's up. (requested by egregarious angle)
|inactive|egregarious angle has 60 seconds left.
|
|t:|1757723727
|teamsize|p1|4
|teamsize|p2|4
|start
|switch|p1a: Archaludon|Archaludon, L50, M|100/100
|switch|p1b: Dragonite|Dragonite, L50, M|100/100
|switch|p2a: Volcarona|Volcarona, L50, F|100/100
|switch|p2b: Basculegion|Basculegion, L50, M|100/100
|turn|1
|j| cazabichosroger
|l| cazabichosroger
|inactive|Elokyyy has 30 seconds left.
|inactive|Elokyyy has 20 seconds left.
|
|t:|1757723765
|switch|p1b: Pelipper|Pelipper, L50, F|100/100
|-weather|RainDance|[from] ability: Drizzle|[of] p1b: Pelipper
|move|p2b: Basculegion|Flip Turn|p1b: Pelipper
|-resisted|p1b: Pelipper
|-damage|p1b: Pelipper|62/100
|
|t:|1757723776
|switch|p2b: Tyranitar|Tyranitar, L50, F|100/100|[from] Flip Turn
|-weather|Sandstorm|[from] ability: Sand Stream|[of] p2b: Tyranitar
|move|p2a: Volcarona|Quiver Dance|p2a: Volcarona
|-boost|p2a: Volcarona|spa|1
|-boost|p2a: Volcarona|spd|1
|-boost|p2a: Volcarona|spe|1
|move|p1a: Archaludon|Electro Shot||[still]
|-prepare|p1a: Archaludon|Electro Shot
|-boost|p1a: Archaludon|spa|1
|
|-weather|Sandstorm|[upkeep]
|-damage|p2a: Volcarona|95/100|[from] Sandstorm
|-damage|p1b: Pelipper|56/100|[from] Sandstorm
|-heal|p2a: Volcarona|100/100|[from] item: Leftovers
|upkeep
|turn|2
|inactive|egregarious angle has 30 seconds left.
|inactive|egregarious angle has 20 seconds left.
|
|t:|1757723815
|switch|p1b: Dragonite|Dragonite, L50, M|100/100
|move|p2a: Volcarona|Quiver Dance|p2a: Volcarona
|-boost|p2a: Volcarona|spa|1
|-boost|p2a: Volcarona|spd|1
|-boost|p2a: Volcarona|spe|1
|move|p1a: Archaludon|Electro Shot|p2b: Tyranitar|[from] lockedmove
|-crit|p2b: Tyranitar
|-damage|p2b: Tyranitar|68/100
|move|p2b: Tyranitar|Low Kick|p1a: Archaludon
|-supereffective|p1a: Archaludon
|-damage|p1a: Archaludon|63/100
|-ability|p1a: Archaludon|Stamina|boost
|-boost|p1a: Archaludon|def|1
|
|-weather|Sandstorm|[upkeep]
|-damage|p2a: Volcarona|95/100|[from] Sandstorm
|-damage|p1b: Dragonite|95/100|[from] Sandstorm
|-heal|p2a: Volcarona|100/100|[from] item: Leftovers
|-heal|p1a: Archaludon|69/100|[from] item: Leftovers
|upkeep
|turn|3
|inactive|egregarious angle has 30 seconds left.
|inactive|egregarious angle has 20 seconds left.
|
|t:|1757723851
|switch|p2b: Rillaboom|Rillaboom, L50, M|100/100
|-fieldstart|move: Grassy Terrain|[from] ability: Grassy Surge|[of] p2b: Rillaboom
|-terastallize|p2a: Volcarona|Fairy
|move|p1a: Archaludon|Protect|p1a: Archaludon
|-singleturn|p1a: Archaludon|Protect
|move|p2a: Volcarona|Tera Blast|p1a: Archaludon|[anim] Tera Blast Fairy
|-activate|p1a: Archaludon|move: Protect
|move|p1b: Dragonite|Haze|p1b: Dragonite
|-clearallboost
|
|-weather|Sandstorm|[upkeep]
|-damage|p2a: Volcarona|95/100|[from] Sandstorm
|-damage|p2b: Rillaboom|95/100|[from] Sandstorm
|-damage|p1b: Dragonite|89/100|[from] Sandstorm
|-heal|p2a: Volcarona|100/100|[from] Grassy Terrain
|-heal|p2b: Rillaboom|100/100|[from] Grassy Terrain
|-heal|p1a: Archaludon|76/100|[from] Grassy Terrain
|-heal|p1a: Archaludon|82/100|[from] item: Leftovers
|upkeep
|turn|4
|inactive|egregarious angle has 30 seconds left.
|
|t:|1757723878
|switch|p1b: Pelipper|Pelipper, L50, F|56/100
|-weather|RainDance|[from] ability: Drizzle|[of] p1b: Pelipper
|move|p2a: Volcarona|Tera Blast|p1a: Archaludon|[anim] Tera Blast Fairy
|-damage|p1a: Archaludon|40/100
|-ability|p1a: Archaludon|Stamina|boost
|-boost|p1a: Archaludon|def|1
|move|p2b: Rillaboom|High Horsepower|p1a: Archaludon
|-supereffective|p1a: Archaludon
|-damage|p1a: Archaludon|7/100
|-ability|p1a: Archaludon|Stamina|boost
|-boost|p1a: Archaludon|def|1
|move|p1a: Archaludon|Electro Shot||[still]
|-prepare|p1a: Archaludon|Electro Shot
|-boost|p1a: Archaludon|spa|1
|-anim|p1a: Archaludon|Electro Shot|p2a: Volcarona
|-damage|p2a: Volcarona|50/100
|
|-weather|RainDance|[upkeep]
|-heal|p2a: Volcarona|56/100|[from] Grassy Terrain
|-heal|p2a: Volcarona|62/100|[from] item: Leftovers
|-heal|p1a: Archaludon|13/100|[from] Grassy Terrain
|-heal|p1a: Archaludon|19/100|[from] item: Leftovers
|upkeep
|turn|5
|inactive|Elokyyy has 30 seconds left.
|inactive|Elokyyy has 20 seconds left.
|
|t:|1757723915
|switch|p2a: Tyranitar|Tyranitar, L50, F|68/100
|-weather|Sandstorm|[from] ability: Sand Stream|[of] p2a: Tyranitar
|move|p1a: Archaludon|Protect|p1a: Archaludon
|-singleturn|p1a: Archaludon|Protect
|move|p1b: Pelipper|Hurricane|p2b: Rillaboom|[miss]
|-miss|p1b: Pelipper|p2b: Rillaboom
|move|p2b: Rillaboom|High Horsepower|p1a: Archaludon
|-activate|p1a: Archaludon|move: Protect
|
|-weather|Sandstorm|[upkeep]
|-damage|p1b: Pelipper|50/100|[from] Sandstorm
|-damage|p2b: Rillaboom|95/100|[from] Sandstorm
|-heal|p2b: Rillaboom|100/100|[from] Grassy Terrain
|-heal|p2a: Tyranitar|74/100|[from] Grassy Terrain
|-heal|p1a: Archaludon|25/100|[from] Grassy Terrain
|-heal|p1a: Archaludon|32/100|[from] item: Leftovers
|upkeep
|turn|6
|inactive|egregarious angle has 30 seconds left.
|
|t:|1757723949
|switch|p1b: Dragonite|Dragonite, L50, M|89/100
|switch|p2a: Basculegion|Basculegion, L50, M|100/100
|move|p2b: Rillaboom|High Horsepower|p1a: Archaludon
|-supereffective|p1a: Archaludon
|-damage|p1a: Archaludon|7/100
|-ability|p1a: Archaludon|Stamina|boost
|-boost|p1a: Archaludon|def|1
|move|p1a: Archaludon|Body Press|p2a: Basculegion
|-immune|p2a: Basculegion
|
|-weather|Sandstorm|[upkeep]
|-damage|p2a: Basculegion|94/100|[from] Sandstorm
|-damage|p2b: Rillaboom|95/100|[from] Sandstorm
|-damage|p1b: Dragonite|83/100|[from] Sandstorm
|-heal|p2a: Basculegion|100/100|[from] Grassy Terrain
|-heal|p2b: Rillaboom|100/100|[from] Grassy Terrain
|-heal|p1a: Archaludon|13/100|[from] Grassy Terrain
|-heal|p1a: Archaludon|19/100|[from] item: Leftovers
|upkeep
|turn|7
|inactive|egregarious angle has 30 seconds left.
|
|t:|1757723976
|switch|p2b: Tyranitar|Tyranitar, L50, F|74/100
|move|p1a: Archaludon|Protect|p1a: Archaludon
|-singleturn|p1a: Archaludon|Protect
|move|p2a: Basculegion|Flip Turn|p1b: Dragonite
|-resisted|p1b: Dragonite
|-damage|p1b: Dragonite|62/100
|
|t:|1757723985
|switch|p2a: Volcarona|Volcarona, L50, F, tera:Fairy|62/100|[from] Flip Turn
|move|p1b: Dragonite|Scale Shot|p2a: Volcarona
|-immune|p2a: Volcarona
|
|-weather|Sandstorm|[upkeep]
|-damage|p2a: Volcarona|56/100|[from] Sandstorm
|-damage|p1b: Dragonite|56/100|[from] Sandstorm
|-heal|p2a: Volcarona|62/100|[from] Grassy Terrain
|-heal|p2a: Volcarona|68/100|[from] item: Leftovers
|-heal|p1a: Archaludon|25/100|[from] Grassy Terrain
|-heal|p2b: Tyranitar|79/100|[from] Grassy Terrain
|-heal|p1a: Archaludon|32/100|[from] item: Leftovers
|-fieldend|move: Grassy Terrain
|upkeep
|turn|8
|
|t:|1757724008
|switch|p2b: Basculegion|Basculegion, L50, M|100/100
|switch|p1b: Pelipper|Pelipper, L50, F|50/100
|-weather|RainDance|[from] ability: Drizzle|[of] p1b: Pelipper
|move|p2a: Volcarona|Quiver Dance|p2a: Volcarona
|-boost|p2a: Volcarona|spa|1
|-boost|p2a: Volcarona|spd|1
|-boost|p2a: Volcarona|spe|1
|move|p1a: Archaludon|Body Press|p2b: Basculegion
|-immune|p2b: Basculegion
|
|-weather|RainDance|[upkeep]
|-heal|p2a: Volcarona|74/100|[from] item: Leftovers
|-heal|p1a: Archaludon|38/100|[from] item: Leftovers
|upkeep
|turn|9
|
|t:|1757724025
|move|p1a: Archaludon|Protect|p1a: Archaludon
|-singleturn|p1a: Archaludon|Protect
|move|p2a: Volcarona|Tera Blast|p1a: Archaludon|[anim] Tera Blast Fairy
|-activate|p1a: Archaludon|move: Protect
|move|p2b: Basculegion|Wave Crash|p1b: Pelipper
|-resisted|p1b: Pelipper
|-damage|p1b: Pelipper|0 fnt
|faint|p1b: Pelipper
|-damage|p2b: Basculegion|89/100|[from] Recoil
|
|-weather|RainDance|[upkeep]
|-heal|p2a: Volcarona|80/100|[from] item: Leftovers
|-heal|p1a: Archaludon|44/100|[from] item: Leftovers
|upkeep
|
|t:|1757724035
|switch|p1b: Gholdengo|Gholdengo, L50|100/100
|turn|10
|
|t:|1757724042
|switch|p2b: Tyranitar|Tyranitar, L50, F|79/100
|-weather|Sandstorm|[from] ability: Sand Stream|[of] p2b: Tyranitar
|move|p2a: Volcarona|Heat Wave|p1b: Gholdengo|[spread] p1a,p1b
|-supereffective|p1b: Gholdengo
|-crit|p1b: Gholdengo
|-damage|p1a: Archaludon|0 fnt
|-damage|p1b: Gholdengo|0 fnt
|faint|p1a: Archaludon
|faint|p1b: Gholdengo
|
|-weather|Sandstorm|[upkeep]
|-damage|p2a: Volcarona|74/100|[from] Sandstorm
|-heal|p2a: Volcarona|80/100|[from] item: Leftovers
|upkeep
|-message|Elokyyy forfeited.
|
|win|egregarious angle
|l|☆Elokyyy
|player|p1|
||egregarious angle is ready for game 2.
||Elokyyy is ready for game 2.
|uhtml|next|Next: Game 2 of 3
