|j|☆Ggbvvv
|j|☆Appletan
|html|GgbvvvAppletan    
|uhtml|bestof|Game 1 of a best-of-3
|t:|1757839158
|gametype|doubles
|player|p1|Ggbvvv|170|1115
|player|p2|Appletan|whitney|1200
|gen|9
|tier|[Gen 9] VGC 2025 Reg H (Bo3)
|rated|
|rule|Species Clause: Limit one of each Pokémon
|rule|Item Clause: Limit 1 of each item
|clearpoke
|poke|p1|Goodra-Hisui, L50, M|
|poke|p1|Volcarona, L50, M|
|poke|p1|Rillaboom, L50, M|
|poke|p1|Ursaluna-Bloodmoon, L50, M|
|poke|p1|Ninetales-Alola, L50, M|
|poke|p1|Sneasler, L50, F|
|poke|p2|Gholdengo, L50|
|poke|p2|Amoonguss, L50, F|
|poke|p2|Incineroar, L50, M|
|poke|p2|Pelipper, L50, F|
|poke|p2|Palafin, L50, M|
|poke|p2|Dragapult, L50, M|
|teampreview|4
|showteam|p1|Goodra-Hisui||SitrusBerry|ShellArmor|LifeDew,BodyPress,AcidArmor,Protect|||M|||50|,,,,,Fairy]Volcarona||RockyHelmet|FlameBody|WillOWisp,StruggleBug,HeatWave,RagePowder|||M|||50|,,,,,Water]Rillaboom||AssaultVest|GrassySurge|GrassyGlide,WoodHammer,FakeOut,HighHorsepower|||M|||50|,,,,,Fire]Ursaluna-Bloodmoon||Leftovers|MindsEye|BloodMoon,EarthPower,Yawn,Protect|||M|||50|,,,,,Electric]Ninetales-Alola||FocusSash|SnowCloak|Blizzard,IcyWind,Disable,Protect|||M|||50|,,,,,Ghost]Sneasler||GrassySeed|Unburden|SwordsDance,CloseCombat,Acrobatics,Protect|||F|||50|,,,,,Flying
|showteam|p2|Gholdengo||LifeOrb|GoodasGold|Protect,NastyPlot,ShadowBall,MakeItRain||||||50|,,,,,Steel]Amoonguss||SitrusBerry|Regenerator|Protect,RagePowder,SludgeBomb,Spore|||F|||50|,,,,,Fairy]Incineroar||AssaultVest|Intimidate|FlareBlitz,KnockOff,Uturn,FakeOut|||M|||50|,,,,,Grass]Pelipper||FocusSash|Drizzle|Protect,Tailwind,Hurricane,WeatherBall|||F|||50|,,,,,Ghost]Palafin||SplashPlate|ZerotoHero|Protect,Haze,JetPunch,WaveCrash|||M|||50|,,,,,Water]Dragapult||ChoiceSpecs|ClearBody|DracoMeteor,ShadowBall,TeraBlast,Uturn|||M|||50|,,,,,Fairy
|inactive|Battle timer is ON: inactive players will automatically lose when time's up. (requested by Ggbvvv)
|inactive|Appletan has 60 seconds left.
|
|t:|1757839234
|teamsize|p1|4
|teamsize|p2|4
|start
|switch|p1a: Ursaluna|Ursaluna-Bloodmoon, L50, M|100/100
|switch|p1b: Rillaboom|Rillaboom, L50, M|100/100
|switch|p2a: Amoonguss|Amoonguss, L50, F|100/100
|switch|p2b: Gholdengo|Gholdengo, L50|100/100
|-fieldstart|move: Grassy Terrain|[from] ability: Grassy Surge|[of] p1b: Rillaboom
|turn|1
|
|t:|1757839247
|switch|p2b: Pelipper|Pelipper, L50, F|100/100
|-weather|RainDance|[from] ability: Drizzle|[of] p2b: Pelipper
|move|p2a: Amoonguss|Protect|p2a: Amoonguss
|-singleturn|p2a: Amoonguss|Protect
|move|p1b: Rillaboom|Fake Out|p2a: Amoonguss
|-activate|p2a: Amoonguss|move: Protect
|move|p1a: Ursaluna|Blood Moon|p2a: Amoonguss
|-activate|p2a: Amoonguss|move: Protect
|
|-weather|RainDance|[upkeep]
|upkeep
|turn|2
|
|t:|1757839272
|move|p1a: Ursaluna|Protect|p1a: Ursaluna
|-singleturn|p1a: Ursaluna|Protect
|move|p1b: Rillaboom|Grassy Glide|p2b: Pelipper
|-damage|p2b: Pelipper|55/100
|move|p2b: Pelipper|Weather Ball|p1a: Ursaluna
|-activate|p1a: Ursaluna|move: Protect
|move|p2a: Amoonguss|Sludge Bomb|p1b: Rillaboom
|-supereffective|p1b: Rillaboom
|-damage|p1b: Rillaboom|68/100
|
|-weather|RainDance|[upkeep]
|-heal|p1b: Rillaboom|73/100|[from] Grassy Terrain
|upkeep
|turn|3
|inactive|Ggbvvv has 30 seconds left.
|inactive|Ggbvvv has 20 seconds left.
|
|t:|1757839307
|switch|p2a: Incineroar|Incineroar, L50, M|100/100
|-ability|p2a: Incineroar|Intimidate|boost
|-unboost|p1a: Ursaluna|atk|1
|-unboost|p1b: Rillaboom|atk|1
|-terastallize|p1a: Ursaluna|Electric
|move|p1b: Rillaboom|Grassy Glide|p2b: Pelipper
|-damage|p2b: Pelipper|24/100
|move|p2b: Pelipper|Weather Ball|p1a: Ursaluna
|-damage|p1a: Ursaluna|29/100
|move|p1a: Ursaluna|Yawn|p2a: Incineroar
|-start|p2a: Incineroar|move: Yawn|[of] p1a: Ursaluna
|
|-weather|RainDance|[upkeep]
|-heal|p1b: Rillaboom|79/100|[from] Grassy Terrain
|-heal|p1a: Ursaluna|35/100|[from] Grassy Terrain
|-heal|p1a: Ursaluna|41/100|[from] item: Leftovers
|upkeep
|turn|4
|inactive|Appletan has 30 seconds left.
|
|t:|1757839339
|move|p1b: Rillaboom|Grassy Glide|p2b: Pelipper
|-damage|p2b: Pelipper|0 fnt
|faint|p2b: Pelipper
|move|p2a: Incineroar|U-turn|p1b: Rillaboom
|-supereffective|p1b: Rillaboom
|-damage|p1b: Rillaboom|38/100
|
|t:|1757839342
|switch|p2a: Amoonguss|Amoonguss, L50, F|100/100|[from] U-turn
|move|p1a: Ursaluna|Earth Power|p2a: Amoonguss
|-damage|p2a: Amoonguss|62/100
|-unboost|p2a: Amoonguss|spd|1
|
|-weather|RainDance|[upkeep]
|-heal|p1b: Rillaboom|43/100|[from] Grassy Terrain
|-heal|p1a: Ursaluna|47/100|[from] Grassy Terrain
|-heal|p1a: Ursaluna|54/100|[from] item: Leftovers
|-heal|p2a: Amoonguss|68/100|[from] Grassy Terrain
|upkeep
|
|t:|1757839344
|switch|p2b: Incineroar|Incineroar, L50, M|100/100
|-ability|p2b: Incineroar|Intimidate|boost
|-unboost|p1a: Ursaluna|atk|1
|-unboost|p1b: Rillaboom|atk|1
|turn|5
|-message|Appletan forfeited.
|
|win|Ggbvvv
|l|☆Appletan
|player|p2|
||Appletan is ready for game 2.
|inactive|Ggbvvv has 30 seconds to confirm battle start!
||Ggbvvv is ready for game 2.
|uhtml|next|Next: Game 2 of 3
|l|☆Ggbvvv
|player|p1|
