|j|☆HTR KD
|j|☆klaushima
|html|HTR KDklaushima    
|uhtml|bestof|Game 2 of a best-of-3
|t:|1757159271
|gametype|doubles
|player|p1|HTR KD|hilda|1031
|player|p2|klaushima|alder|1000
|gen|9
|tier|[Gen 9] VGC 2025 Reg H (Bo3)
|rated|
|rule|Species Clause: Limit one of each Pokémon
|rule|Item Clause: Limit 1 of each item
|clearpoke
|poke|p1|Indeedee-F, L50, F|
|poke|p1|Farigiraf, L50, M|
|poke|p1|Torkoal, L50, M|
|poke|p1|Hatterene, L50, F|
|poke|p1|Incineroar, L50, M|
|poke|p1|Lilligant-Hisui, L50, F|
|poke|p2|Electabuzz, L50, F|
|poke|p2|Gholdengo, L50|
|poke|p2|Rillaboom, L50, M|
|poke|p2|Sneasler, L50, F|
|poke|p2|Dragonite, L50, M|
|poke|p2|Volcarona, L50, M|
|teampreview|4
|showteam|p1|Indeedee-F||PsychicSeed|PsychicSurge|Psychic,HelpingHand,FollowMe,TrickRoom|||F|||50|,,,,,Grass]Farigiraf||ThroatSpray|ArmorTail|Protect,ExpandingForce,HyperVoice,TrickRoom|||M|||50|,,,,,Dragon]Torkoal||Charcoal|Drought|Eruption,WeatherBall,ClearSmog,EarthPower|||M|||50|,,,,,Fire]Hatterene||LifeOrb|MagicBounce|ExpandingForce,DazzlingGleam,TrickRoom,Protect|||F|||50|,,,,,Water]Incineroar||ClearAmulet|Intimidate|FakeOut,KnockOff,CloseCombat,FlareBlitz|||M|||50|,,,,,Fire]Lilligant-Hisui||FocusSash|Chlorophyll|SolarBlade,CloseCombat,SleepPowder,AfterYou|||F|||50|,,,,,Ghost
|showteam|p2|Electabuzz||Eviolite|VitalSpirit|Thunderbolt,Taunt,FollowMe,Protect|||F|||50|,,,,,Dragon]Gholdengo||MetalCoat|GoodasGold|MakeItRain,ShadowBall,NastyPlot,Protect||||||50|,,,,,Water]Rillaboom||AssaultVest|GrassySurge|WoodHammer,GrassyGlide,HighHorsepower,FakeOut|||M|||50|,,,,,Fire]Sneasler||FocusSash|Unburden|CloseCombat,DireClaw,Coaching,FakeOut|||F|||50|,,,,,Ghost]Dragonite||LoadedDice|Multiscale|ScaleShot,Tailwind,Haze,Protect|||M|||50|,,,,,Fairy]Volcarona||Leftovers|FlameBody|Flamethrower,TeraBlast,QuiverDance,Protect|||M|||50|,,,,,Fairy
|inactive|Battle timer is ON: inactive players will automatically lose when time's up. (requested by klaushima)
|inactiveoff|Battle timer is now OFF.
|inactive|Battle timer is ON: inactive players will automatically lose when time's up. (requested by HTR KD)
|inactive|klaushima has 30 seconds left.
|inactive|klaushima has 20 seconds left.
|inactive|klaushima has 15 seconds left.
|inactive|klaushima has 10 seconds left.
|
|t:|1757159328
|teamsize|p1|4
|teamsize|p2|4
|start
|switch|p1a: Incineroar|Incineroar, L50, M|100/100
|switch|p1b: Farigiraf|Farigiraf, L50, M|100/100
|switch|p2a: Electabuzz|Electabuzz, L50, F|100/100
|switch|p2b: Sneasler|Sneasler, L50, F|100/100
|-ability|p1a: Incineroar|Intimidate|boost
|-unboost|p2a: Electabuzz|atk|1
|-unboost|p2b: Sneasler|atk|1
|turn|1
|inactive|HTR KD has 30 seconds left.
|inactive|klaushima has 30 seconds left.
|
|t:|1757159361
|switch|p1a: Indeedee|Indeedee-F, L50, F|100/100
|-fieldstart|move: Psychic Terrain|[from] ability: Psychic Surge|[of] p1a: Indeedee
|-enditem|p1a: Indeedee|Psychic Seed
|-boost|p1a: Indeedee|spd|1|[from] item: Psychic Seed
|move|p2b: Sneasler|Close Combat|p1a: Indeedee
|-crit|p1a: Indeedee
|-damage|p1a: Indeedee|4/100
|-unboost|p2b: Sneasler|def|1
|-unboost|p2b: Sneasler|spd|1
|move|p2a: Electabuzz|Taunt|p1b: Farigiraf
|-start|p1b: Farigiraf|move: Taunt
|move|p1b: Farigiraf|Expanding Force|p2a: Electabuzz|[spread] p2a,p2b
|-crit|p2a: Electabuzz
|-supereffective|p2b: Sneasler
|-damage|p2a: Electabuzz|47/100
|-enditem|p2b: Sneasler|Focus Sash
|-damage|p2b: Sneasler|1/100
|
|upkeep
|turn|2
|inactive|klaushima has 30 seconds left.
|inactive|klaushima has 20 seconds left.
|inactive|klaushima has 15 seconds left.
|inactive|klaushima has 10 seconds left.
|inactive|klaushima has 5 seconds left.
|
|t:|1757159414
|switch|p2b: Rillaboom|Rillaboom, L50, M|100/100
|-fieldstart|move: Grassy Terrain|[from] ability: Grassy Surge|[of] p2b: Rillaboom
|move|p1a: Indeedee|Follow Me|p1a: Indeedee
|-singleturn|p1a: Indeedee|move: Follow Me
|move|p2a: Electabuzz|Thunderbolt|p1a: Indeedee
|-damage|p1a: Indeedee|0 fnt
|faint|p1a: Indeedee
|move|p1b: Farigiraf|Expanding Force|p2a: Electabuzz
|-crit|p2a: Electabuzz
|-damage|p2a: Electabuzz|3/100
|
|-heal|p2a: Electabuzz|9/100|[from] Grassy Terrain
|upkeep
|
|t:|1757159426
|switch|p1a: Incineroar|Incineroar, L50, M|100/100
|-ability|p1a: Incineroar|Intimidate|boost
|-unboost|p2a: Electabuzz|atk|1
|-unboost|p2b: Rillaboom|atk|1
|turn|3
|
|t:|1757159439
|move|p2a: Electabuzz|Protect|p2a: Electabuzz
|-singleturn|p2a: Electabuzz|Protect
|move|p1a: Incineroar|Fake Out|p2b: Rillaboom
|-damage|p2b: Rillaboom|88/100
|cant|p2b: Rillaboom|flinch
|move|p1b: Farigiraf|Hyper Voice|p2a: Electabuzz|[spread] p2b
|-activate|p2a: Electabuzz|move: Protect
|-damage|p2b: Rillaboom|64/100
|-enditem|p1b: Farigiraf|Throat Spray
|-boost|p1b: Farigiraf|spa|1|[from] item: Throat Spray
|
|-heal|p2a: Electabuzz|15/100|[from] Grassy Terrain
|-heal|p2b: Rillaboom|70/100|[from] Grassy Terrain
|-end|p1b: Farigiraf|move: Taunt
|upkeep
|turn|4
|
|t:|1757159456
|move|p2a: Electabuzz|Taunt|p1b: Farigiraf
|-start|p1b: Farigiraf|move: Taunt
|move|p2b: Rillaboom|High Horsepower|p1a: Incineroar
|-supereffective|p1a: Incineroar
|-damage|p1a: Incineroar|61/100
|move|p1a: Incineroar|Knock Off|p2a: Electabuzz
|-damage|p2a: Electabuzz|0 fnt
|-enditem|p2a: Electabuzz|Eviolite|[from] move: Knock Off|[of] p1a: Incineroar
|faint|p2a: Electabuzz
|cant|p1b: Farigiraf|move: Taunt|Trick Room
|
|-heal|p2b: Rillaboom|76/100|[from] Grassy Terrain
|-heal|p1a: Incineroar|67/100|[from] Grassy Terrain
|upkeep
|inactive|klaushima has 30 seconds left.
|
|t:|1757159483
|switch|p2a: Sneasler|Sneasler, L50, F|1/100
|turn|5
|inactive|klaushima has 30 seconds left.
|
|t:|1757159508
|move|p2a: Sneasler|Close Combat|p1a: Incineroar
|-supereffective|p1a: Incineroar
|-damage|p1a: Incineroar|0 fnt
|-unboost|p2a: Sneasler|def|1
|-unboost|p2a: Sneasler|spd|1
|faint|p1a: Incineroar
|move|p2b: Rillaboom|Wood Hammer|p1b: Farigiraf
|-damage|p1b: Farigiraf|48/100
|-damage|p2b: Rillaboom|58/100|[from] Recoil
|move|p1b: Farigiraf|Hyper Voice|p2a: Sneasler|[spread] p2a,p2b
|-crit|p2a: Sneasler
|-damage|p2a: Sneasler|0 fnt
|-damage|p2b: Rillaboom|25/100
|faint|p2a: Sneasler
|
|-heal|p2b: Rillaboom|30/100|[from] Grassy Terrain
|-heal|p1b: Farigiraf|54/100|[from] Grassy Terrain
|upkeep
|
|t:|1757159521
|switch|p2a: Gholdengo|Gholdengo, L50|100/100
|switch|p1a: Torkoal|Torkoal, L50, M|100/100
|-weather|SunnyDay|[from] ability: Drought|[of] p1a: Torkoal
|turn|6
|inactive|klaushima has 30 seconds left.
|inactive|klaushima has 20 seconds left.
|
|t:|1757159558
|-terastallize|p1a: Torkoal|Fire
|move|p2a: Gholdengo|Shadow Ball|p1a: Torkoal
|-damage|p1a: Torkoal|44/100
|move|p2b: Rillaboom|High Horsepower|p1a: Torkoal
|-supereffective|p1a: Torkoal
|-damage|p1a: Torkoal|13/100
|move|p1b: Farigiraf|Expanding Force|p2a: Gholdengo
|-resisted|p2a: Gholdengo
|-damage|p2a: Gholdengo|72/100
|move|p1a: Torkoal|Eruption|p2a: Gholdengo|[spread] p2a,p2b
|-supereffective|p2a: Gholdengo
|-supereffective|p2b: Rillaboom
|-damage|p2a: Gholdengo|45/100
|-damage|p2b: Rillaboom|9/100
|
|-weather|SunnyDay|[upkeep]
|-heal|p2a: Gholdengo|50/100|[from] Grassy Terrain
|-heal|p2b: Rillaboom|15/100|[from] Grassy Terrain
|-heal|p1b: Farigiraf|60/100|[from] Grassy Terrain
|-heal|p1a: Torkoal|20/100|[from] Grassy Terrain
|-end|p1b: Farigiraf|move: Taunt
|-fieldend|move: Grassy Terrain
|upkeep
|turn|7
|
|t:|1757159580
|move|p2a: Gholdengo|Shadow Ball|p1a: Torkoal
|-crit|p1a: Torkoal
|-damage|p1a: Torkoal|0 fnt
|faint|p1a: Torkoal
|move|p2b: Rillaboom|Wood Hammer|p1b: Farigiraf
|-crit|p1b: Farigiraf
|-damage|p1b: Farigiraf|0 fnt
|faint|p1b: Farigiraf
|-damage|p2b: Rillaboom|0 fnt|[from] Recoil
|faint|p2b: Rillaboom
|
|win|klaushima
||HTR KD is ready for game 3.
||klaushima is ready for game 3.
|uhtml|next|Next: Game 3 of 3
|l|☆HTR KD
|player|p1|
