|j|☆yutaliban
|j|☆OrbitStabilizer
|html|yutalibanOrbitStabilizer    
|uhtml|bestof|Game 2 of a best-of-3
|t:|1782459162
|gametype|doubles
|player|p1|yutaliban|1|1163
|player|p2|OrbitStabilizer|psychic-gen2|1082
|gen|9
|tier|[Gen 9 Champions] VGC 2026 Reg M-B (Bo3)
|rated|
|rule|Species Clause: Limit one of each Pokémon
|rule|Item Clause: Limit 1 of each item
|clearpoke
|poke|p1|Aerodactyl, L50, M|
|poke|p1|Gholdengo, L50|
|poke|p1|Maushold, L50|
|poke|p1|Garchomp, L50, F|
|poke|p1|Kingambit, L50, F|
|poke|p1|Floette-Eternal, L50, F|
|poke|p2|Charizard, L50, F|
|poke|p2|Floette-Eternal, L50, F|
|poke|p2|Kingambit, L50, F|
|poke|p2|Basculegion, L50, M|
|poke|p2|Garchomp, L50, F|
|poke|p2|Whimsicott, L50, M|
|teampreview|4
|showteam|p1|Aerodactyl||Aerodactylite|RockHead|DualWingbeat,RockSlide,IceFang,Tailwind|Adamant||M|||50|]Gholdengo||LifeOrb|GoodasGold|ShadowBall,MakeItRain,NastyPlot,Protect|Modest|||||50|]Maushold||FocusSash|FriendGuard|FollowMe,SuperFang,Taunt,Protect|Jolly|||||50|]Garchomp||SitrusBerry|RoughSkin|RockSlide,DragonClaw,Earthquake,Protect|Adamant||F|||50|]Kingambit||BlackGlasses|Defiant|KowtowCleave,LowKick,SuckerPunch,Protect|Adamant||F|||50|]Floette-Eternal||Floettite|FlowerVeil|EnergyBall,Moonblast,DazzlingGleam,Protect|Modest||F|||50|
|showteam|p2|Charizard||CharizarditeY|Blaze|HeatWave,WeatherBall,SolarBeam,Protect|Modest||F|||50|]Floette-Eternal||Floettite|FlowerVeil|Moonblast,DazzlingGleam,LightofRuin,Protect|Modest||F|||50|]Kingambit||BlackGlasses|Defiant|KowtowCleave,SuckerPunch,IronHead,Protect|Adamant||F|||50|]Basculegion||LifeOrb|Adaptability|WaveCrash,AquaJet,LastRespects,Protect|Adamant||M|||50|]Garchomp||RoseliBerry|RoughSkin|DragonClaw,Earthquake,RockSlide,Protect|Adamant||F|||50|]Whimsicott||FocusSash|Prankster|Tailwind,Encore,Moonblast,Protect|Timid||M|||50|
|
|t:|1782459208
|teamsize|p1|4
|teamsize|p2|4
|start
|switch|p1a: Garchomp|Garchomp, L50, F|100/100
|switch|p1b: Aerodactyl|Aerodactyl, L50, M|100/100
|switch|p2a: Kingambit|Kingambit, L50, F|100/100
|switch|p2b: Garchomp|Garchomp, L50, F|100/100
|turn|1
|
|t:|1782459255
|detailschange|p1b: Aerodactyl|Aerodactyl-Mega, L50, M
|-mega|p1b: Aerodactyl|Aerodactyl|Aerodactylite
|move|p1b: Aerodactyl|Rock Slide|p2a: Kingambit|[spread] p2b
|-miss|p1b: Aerodactyl|p2a: Kingambit
|-resisted|p2b: Garchomp|1
|-damage|p2b: Garchomp|86/100
|move|p1a: Garchomp|Earthquake|p2b: Garchomp|[spread] p2a,p2b
|-immune|p1b: Aerodactyl
|-supereffective|p2a: Kingambit|1
|-damage|p2a: Kingambit|46/100
|-damage|p2b: Garchomp|51/100
|move|p2b: Garchomp|Rock Slide|p1b: Aerodactyl|[spread] p1a,p1b
|-resisted|p1a: Garchomp|1
|-supereffective|p1b: Aerodactyl|1
|-damage|p1a: Garchomp|91/100
|-damage|p1b: Aerodactyl|59/100
|move|p2a: Kingambit|Iron Head|p1b: Aerodactyl
|-supereffective|p1b: Aerodactyl|1
|-damage|p1b: Aerodactyl|0 fnt
|faint|p1b: Aerodactyl
|
|upkeep
|
|t:|1782459273
|switch|p1b: Kingambit|Kingambit, L50, F|100/100
|turn|2
|
|t:|1782459283
|move|p2a: Kingambit|Protect|p2a: Kingambit
|-singleturn|p2a: Kingambit|Protect
|move|p1a: Garchomp|Dragon Claw|p2b: Garchomp
|-supereffective|p2b: Garchomp|1
|-damage|p2b: Garchomp|0 fnt
|-damage|p1a: Garchomp|79/100|[from] ability: Rough Skin|[of] p2b: Garchomp
|faint|p2b: Garchomp
|move|p1b: Kingambit|Low Kick|p2a: Kingambit
|-activate|p2a: Kingambit|move: Protect
|
|upkeep
|
|t:|1782459289
|switch|p2b: Floette|Floette-Eternal, L50, F|100/100
|turn|3
|
|t:|1782459304
|switch|p1a: Gholdengo|Gholdengo, L50|100/100
|switch|p2a: Whimsicott|Whimsicott, L50, M|100/100
|detailschange|p2b: Floette|Floette-Mega, L50, F
|-mega|p2b: Floette|Floette|Floettite
|-ability|p2b: Floette|Fairy Aura
|move|p2b: Floette|Moonblast|p1a: Gholdengo
|-resisted|p1a: Gholdengo|1
|-damage|p1a: Gholdengo|56/100
|move|p1b: Kingambit|Low Kick|p2a: Whimsicott
|-resisted|p2a: Whimsicott|1
|-damage|p2a: Whimsicott|94/100
|
|upkeep
|turn|4
|
|t:|1782459328
|move|p2b: Floette|Protect|p2b: Floette
|-singleturn|p2b: Floette|Protect
|move|p1b: Kingambit|Protect|p1b: Kingambit
|-singleturn|p1b: Kingambit|Protect
|move|p2a: Whimsicott|Tailwind|p2a: Whimsicott
|-sidestart|p2: OrbitStabilizer|move: Tailwind
|move|p1a: Gholdengo|Make It Rain|p2b: Floette|[spread] p2a
|-activate|p2b: Floette|move: Protect
|-supereffective|p2a: Whimsicott|1
|-damage|p2a: Whimsicott|0 fnt
|-unboost|p1a: Gholdengo|spa|2
|faint|p2a: Whimsicott
|-damage|p1a: Gholdengo|46/100|[from] item: Life Orb
|
|upkeep
|
|t:|1782459330
|switch|p2a: Kingambit|Kingambit, L50, F|46/100
|turn|5
|
|t:|1782459351
|switch|p1a: Garchomp|Garchomp, L50, F|79/100
|move|p2b: Floette|Light of Ruin|p1b: Kingambit|[miss]
|-miss|p2b: Floette|p1b: Kingambit
|move|p2a: Kingambit|Kowtow Cleave|p1a: Garchomp
|-damage|p1a: Garchomp|26/100
|-damage|p2a: Kingambit|34/100|[from] ability: Rough Skin|[of] p1a: Garchomp
|-enditem|p1a: Garchomp|Sitrus Berry|[eat]
|-heal|p1a: Garchomp|51/100|[from] item: Sitrus Berry
|move|p1b: Kingambit|Low Kick|p2a: Kingambit
|-supereffective|p2a: Kingambit|2
|-damage|p2a: Kingambit|0 fnt
|faint|p2a: Kingambit
|
|upkeep
|turn|6
|-message|OrbitStabilizer forfeited.
|
|win|yutaliban
|l|☆OrbitStabilizer
|player|p2|
||OrbitStabilizer is ready for game 3.
||yutaliban is ready for game 3.
|uhtml|next|Next: Game 3 of 3
