|j|☆dogggybears
|j|☆LordTentacle69
|html|dogggybearsLordTentacle69    
|uhtml|bestof|Game 3 of a best-of-3
|t:|1756259852
|gametype|doubles
|player|p1|dogggybears|brycenman|1179
|player|p2|LordTentacle69|plasmagruntf|1191
|gen|9
|tier|[Gen 9] VGC 2025 Reg H (Bo3)
|rated|
|rule|Species Clause: Limit one of each Pokémon
|rule|Item Clause: Limit 1 of each item
|clearpoke
|poke|p1|Annihilape, L50, F|
|poke|p1|Dragonite, L50, F|
|poke|p1|Gholdengo, L50|
|poke|p1|Porygon2, L50|
|poke|p1|Ursaluna, L50, F|
|poke|p1|Incineroar, L50, F|
|poke|p2|Sneasler, L50, M|
|poke|p2|Rillaboom, L50, M|
|poke|p2|Maushold, L50|
|poke|p2|Volcarona, L50, M|
|poke|p2|Dragonite, L50, M|
|poke|p2|Gholdengo, L50|
|teampreview|4
|showteam|p1|Annihilape||FocusSash|Defiant|RageFist,CloseCombat,Coaching,FinalGambit|||F|||50|,,,,,Stellar]Dragonite||LoadedDice|Multiscale|ScaleShot,Haze,Tailwind,Protect|||F|||50|,,,,,Fairy]Gholdengo||LifeOrb|GoodasGold|ShadowBall,MakeItRain,NastyPlot,Protect||||||50|,,,,,Water]Porygon2||Eviolite|Download|IceBeam,TeraBlast,Recover,TrickRoom||||||50|,,,,,Fighting]Ursaluna||FlameOrb|Guts|Facade,Earthquake,HeadlongRush,Protect|||F|||50|,,,,,Ghost]Incineroar||SafetyGoggles|Intimidate|FakeOut,KnockOff,FlareBlitz,PartingShot|||F|||50|,,,,,Ghost
|showteam|p2|Sneasler||GrassySeed|Unburden|ThroatChop,CloseCombat,DireClaw,Protect|||M|||50|,,,,,Dark]Rillaboom||AssaultVest|GrassySurge|WoodHammer,GrassyGlide,FakeOut,HighHorsepower|||M|||50|,,,,,Fire]Maushold||RockyHelmet|FriendGuard|SuperFang,Taunt,Protect,FollowMe||||||50|,,,,,Ghost]Volcarona||Leftovers|FlameBody|QuiverDance,HeatWave,TeraBlast,Protect|||M|||50|,,,,,Fairy]Dragonite||LoadedDice|Multiscale|Protect,ScaleShot,Tailwind,Haze|||M|||50|,,,,,Steel]Gholdengo||SitrusBerry|GoodasGold|MakeItRain,ShadowBall,NastyPlot,Protect||||||50|,,,,,Water
|j| teamthief420
|
|t:|1756259904
|teamsize|p1|4
|teamsize|p2|4
|start
|switch|p1a: Incineroar|Incineroar, L50, F|100/100
|switch|p1b: Porygon2|Porygon2, L50|100/100
|switch|p2a: Volcarona|Volcarona, L50, M|100/100
|switch|p2b: Maushold|Maushold, L50|100/100
|-ability|p1a: Incineroar|Intimidate|boost
|-unboost|p2a: Volcarona|atk|1
|-unboost|p2b: Maushold|atk|1
|-ability|p1b: Porygon2|Download|boost
|-boost|p1b: Porygon2|atk|1
|turn|1
|
|t:|1756259926
|switch|p1b: Dragonite|Dragonite, L50, F|100/100
|-terastallize|p2b: Maushold|Ghost
|move|p1a: Incineroar|Fake Out|p2a: Volcarona
|-damage|p2a: Volcarona|92/100
|move|p2b: Maushold|Taunt|p1b: Dragonite
|-start|p1b: Dragonite|move: Taunt
|cant|p2a: Volcarona|flinch
|
|-heal|p2a: Volcarona|98/100|[from] item: Leftovers
|upkeep
|turn|2
|
|t:|1756259950
|move|p2b: Maushold|Super Fang|p1a: Incineroar
|-damage|p1a: Incineroar|50/100
|move|p2a: Volcarona|Quiver Dance|p2a: Volcarona
|-boost|p2a: Volcarona|spa|1
|-boost|p2a: Volcarona|spd|1
|-boost|p2a: Volcarona|spe|1
|move|p1b: Dragonite|Scale Shot|p2a: Volcarona
|-damage|p2a: Volcarona|86/100
|-damage|p2a: Volcarona|73/100
|-damage|p2a: Volcarona|60/100
|-damage|p2a: Volcarona|49/100
|-damage|p2a: Volcarona|36/100
|-hitcount|p2a: Volcarona|5
|-unboost|p1b: Dragonite|def|1
|-boost|p1b: Dragonite|spe|1
|move|p1a: Incineroar|Knock Off|p2a: Volcarona
|-damage|p2a: Volcarona|3/100
|-enditem|p2a: Volcarona|Leftovers|[from] move: Knock Off|[of] p1a: Incineroar
|
|upkeep
|turn|3
|
|t:|1756259989
|move|p2b: Maushold|Follow Me|p2b: Maushold
|-singleturn|p2b: Maushold|move: Follow Me
|move|p2a: Volcarona|Quiver Dance|p2a: Volcarona
|-boost|p2a: Volcarona|spa|1
|-boost|p2a: Volcarona|spd|1
|-boost|p2a: Volcarona|spe|1
|move|p1b: Dragonite|Scale Shot|p2b: Maushold
|-damage|p2b: Maushold|79/100
|-damage|p2b: Maushold|61/100
|-damage|p2b: Maushold|42/100
|-damage|p2b: Maushold|24/100
|-crit|p2b: Maushold
|-damage|p2b: Maushold|0 fnt
|faint|p2b: Maushold
|-hitcount|p2: Maushold|5
|-unboost|p1b: Dragonite|def|1
|-boost|p1b: Dragonite|spe|1
|move|p1a: Incineroar|Knock Off|p2a: Volcarona
|-crit|p2a: Volcarona
|-damage|p2a: Volcarona|0 fnt
|faint|p2a: Volcarona
|
|-end|p1b: Dragonite|move: Taunt
|upkeep
|
|t:|1756260008
|switch|p2b: Sneasler|Sneasler, L50, M|100/100
|switch|p2a: Rillaboom|Rillaboom, L50, M|100/100
|-fieldstart|move: Grassy Terrain|[from] ability: Grassy Surge|[of] p2a: Rillaboom
|-enditem|p2b: Sneasler|Grassy Seed
|-boost|p2b: Sneasler|def|1|[from] item: Grassy Seed
|turn|4
|
|t:|1756260041
|-terastallize|p1a: Incineroar|Ghost
|move|p1b: Dragonite|Protect|p1b: Dragonite
|-singleturn|p1b: Dragonite|Protect
|move|p2b: Sneasler|Close Combat|p1a: Incineroar
|-immune|p1a: Incineroar
|move|p2a: Rillaboom|High Horsepower|p1a: Incineroar
|-damage|p1a: Incineroar|26/100
|move|p1a: Incineroar|Flare Blitz|p2a: Rillaboom
|-supereffective|p2a: Rillaboom
|-damage|p2a: Rillaboom|16/100
|-damage|p1a: Incineroar|0 fnt|[from] Recoil
|faint|p1a: Incineroar
|
|-heal|p2a: Rillaboom|22/100|[from] Grassy Terrain
|upkeep
|
|t:|1756260053
|switch|p1a: Porygon2|Porygon2, L50|100/100
|-ability|p1a: Porygon2|Download|boost
|-boost|p1a: Porygon2|spa|1
|turn|5
|
|t:|1756260069
|move|p2a: Rillaboom|Grassy Glide|p1b: Dragonite
|-resisted|p1b: Dragonite
|-damage|p1b: Dragonite|90/100
|move|p2b: Sneasler|Dire Claw|p1b: Dragonite
|-damage|p1b: Dragonite|0 fnt
|faint|p1b: Dragonite
|move|p1a: Porygon2|Tera Blast|p2b: Sneasler
|-damage|p2b: Sneasler|33/100
|
|-heal|p2b: Sneasler|39/100|[from] Grassy Terrain
|-heal|p2a: Rillaboom|28/100|[from] Grassy Terrain
|upkeep
|
|t:|1756260075
|switch|p1b: Ursaluna|Ursaluna, L50, F|100/100
|turn|6
|
|t:|1756260102
|move|p2b: Sneasler|Close Combat|p1a: Porygon2
|-supereffective|p1a: Porygon2
|-damage|p1a: Porygon2|21/100
|-unboost|p2b: Sneasler|def|1
|-unboost|p2b: Sneasler|spd|1
|move|p2a: Rillaboom|Wood Hammer|p1a: Porygon2
|-damage|p1a: Porygon2|0 fnt
|faint|p1a: Porygon2
|-damage|p2a: Rillaboom|22/100|[from] Recoil
|move|p1b: Ursaluna|Headlong Rush|p2b: Sneasler
|-supereffective|p2b: Sneasler
|-damage|p2b: Sneasler|0 fnt
|-unboost|p1b: Ursaluna|def|1
|-unboost|p1b: Ursaluna|spd|1
|faint|p2b: Sneasler
|
|-heal|p2a: Rillaboom|28/100|[from] Grassy Terrain
|-status|p1b: Ursaluna|brn|[from] item: Flame Orb
|upkeep
|turn|7
|
|t:|1756260129
|move|p1b: Ursaluna|Protect|p1b: Ursaluna
|-singleturn|p1b: Ursaluna|Protect
|move|p2a: Rillaboom|Wood Hammer|p1b: Ursaluna
|-activate|p1b: Ursaluna|move: Protect
|
|-heal|p2a: Rillaboom|34/100|[from] Grassy Terrain
|-damage|p1b: Ursaluna|95/100 brn|[from] brn
|upkeep
|turn|8
|
|t:|1756260143
|move|p2a: Rillaboom|Wood Hammer|p1b: Ursaluna
|-supereffective|p1b: Ursaluna
|-damage|p1b: Ursaluna|0 fnt
|faint|p1b: Ursaluna
|-damage|p2a: Rillaboom|0 fnt|[from] Recoil
|faint|p2a: Rillaboom
|
|win|LordTentacle69
|raw|dogggybears's rating: 1179 → 1155(-24 for losing)
|raw|LordTentacle69's rating: 1191 → 1215(+24 for winning)
