|j|☆BIG_KASHA_STAR
|j|☆Sedrav
|html|BIG_KASHA_STARSedrav    
|uhtml|bestof|Game 3 of a best-of-3
|t:|1756945542
|gametype|doubles
|player|p1|BIG_KASHA_STAR|rocketgruntf|1141
|player|p2|Sedrav|265|1118
|gen|9
|tier|[Gen 9] VGC 2025 Reg H (Bo3)
|rated|
|rule|Species Clause: Limit one of each Pokémon
|rule|Item Clause: Limit 1 of each item
|clearpoke
|poke|p1|Amoonguss, L50, F|
|poke|p1|Incineroar, L50, M|
|poke|p1|Porygon2, L50|
|poke|p1|Gholdengo, L50|
|poke|p1|Hydreigon, L50, F|
|poke|p1|Primarina, L50, F|
|poke|p2|Garchomp, L50, M|
|poke|p2|Talonflame, L50, M|
|poke|p2|Gholdengo, L50|
|poke|p2|Tyranitar, L50, M|
|poke|p2|Amoonguss, L50, M|
|poke|p2|Milotic, L50, M|
|teampreview|4
|showteam|p1|Amoonguss||MentalHerb|Regenerator|Spore,RagePowder,Protect,PollenPuff|||F|||50|,,,,,Water]Incineroar||SafetyGoggles|Intimidate|FakeOut,FlareBlitz,KnockOff,PartingShot|||M|||50|,,,,,Flying]Porygon2||Eviolite|Download|TeraBlast,Recover,TrickRoom,IceBeam||||||50|,,,,,Fighting]Gholdengo||MetalCoat|GoodasGold|MakeItRain,ShadowBall,Protect,NastyPlot||||||50|,,,,,Fairy]Hydreigon||ChoiceSpecs|Levitate|DracoMeteor,DarkPulse,FireBlast,EarthPower|||F|||50|,,,,,Ghost]Primarina||SitrusBerry|LiquidVoice|HyperVoice,Moonblast,Protect,Haze|||F|||50|,,,,,Poison
|showteam|p2|Garchomp||LifeOrb|RoughSkin|DragonClaw,StompingTantrum,Earthquake,Protect|||M|||50|,,,,,Fairy]Talonflame||CovertCloak|GaleWings|BraveBird,Tailwind,WillOWisp,Taunt|||M|||50|,,,,,Grass]Gholdengo||MetalCoat|GoodasGold|MakeItRain,ShadowBall,NastyPlot,Protect||||||50|,,,,,Flying]Tyranitar||AssaultVest|SandStream|RockSlide,KnockOff,LowKick,TeraBlast|||M|||50|,,,,,Flying]Amoonguss||SitrusBerry|Regenerator|Spore,RagePowder,PollenPuff,Protect|||M|||50|,,,,,Water]Milotic||SafetyGoggles|Competitive|Scald,IcyWind,Haze,Protect|||M|||50|,,,,,Dragon
|inactive|Battle timer is ON: inactive players will automatically lose when time's up. (requested by BIG_KASHA_STAR)
|inactive|BIG_KASHA_STAR has 60 seconds left.
|inactive|Sedrav has 60 seconds left.
|
|t:|1756945589
|teamsize|p1|4
|teamsize|p2|4
|start
|switch|p1a: Incineroar|Incineroar, L50, M|100/100
|switch|p1b: Porygon2|Porygon2, L50|100/100
|switch|p2a: Milotic|Milotic, L50, M|100/100
|switch|p2b: Tyranitar|Tyranitar, L50, M|100/100
|-weather|Sandstorm|[from] ability: Sand Stream|[of] p2b: Tyranitar
|-ability|p1a: Incineroar|Intimidate|boost
|-unboost|p2a: Milotic|atk|1
|-ability|p2a: Milotic|Competitive|boost
|-boost|p2a: Milotic|spa|2
|-unboost|p2b: Tyranitar|atk|1
|-ability|p1b: Porygon2|Download|boost
|-boost|p1b: Porygon2|atk|1
|turn|1
|inactive|Sedrav has 30 seconds left.
|inactive|BIG_KASHA_STAR has 30 seconds left.
|
|t:|1756945621
|switch|p2b: Amoonguss|Amoonguss, L50, M|100/100
|move|p1a: Incineroar|Fake Out|p2a: Milotic
|-damage|p2a: Milotic|92/100
|cant|p2a: Milotic|flinch
|move|p1b: Porygon2|Trick Room|p1b: Porygon2
|-fieldstart|move: Trick Room|[of] p1b: Porygon2
|
|-weather|Sandstorm|[upkeep]
|-damage|p2b: Amoonguss|95/100|[from] Sandstorm
|-damage|p1b: Porygon2|94/100|[from] Sandstorm
|upkeep
|turn|2
|inactive|Sedrav has 30 seconds left.
|
|t:|1756945649
|switch|p2b: Tyranitar|Tyranitar, L50, M|100/100
|switch|p1b: Amoonguss|Amoonguss, L50, F|100/100
|move|p1a: Incineroar|Knock Off|p2a: Milotic
|-damage|p2a: Milotic|60/100
|-enditem|p2a: Milotic|Safety Goggles|[from] move: Knock Off|[of] p1a: Incineroar
|move|p2a: Milotic|Scald|p1a: Incineroar
|-supereffective|p1a: Incineroar
|-damage|p1a: Incineroar|7/100
|
|-weather|Sandstorm|[upkeep]
|-damage|p1b: Amoonguss|95/100|[from] Sandstorm
|-damage|p2a: Milotic|54/100|[from] Sandstorm
|upkeep
|turn|3
|inactive|BIG_KASHA_STAR has 30 seconds left.
|inactive|Sedrav has 30 seconds left.
|inactive|BIG_KASHA_STAR has 20 seconds left.
|inactive|Sedrav has 20 seconds left.
|inactive|BIG_KASHA_STAR has 15 seconds left.
|inactive|Sedrav has 15 seconds left.
|inactive|BIG_KASHA_STAR has 10 seconds left.
|inactive|Sedrav has 10 seconds left.
|inactive|Sedrav has 5 seconds left.
|
|t:|1756945700
|switch|p2b: Amoonguss|Amoonguss, L50, M|100/100
|move|p2a: Milotic|Protect|p2a: Milotic
|-singleturn|p2a: Milotic|Protect
|move|p1b: Amoonguss|Spore|p2a: Milotic
|-activate|p2a: Milotic|move: Protect
|move|p1a: Incineroar|Parting Shot|p2b: Amoonguss
|-unboost|p2b: Amoonguss|atk|1
|-unboost|p2b: Amoonguss|spa|1
|
|t:|1756945710
|switch|p1a: Gholdengo|Gholdengo, L50|100/100|[from] Parting Shot
|
|-weather|Sandstorm|[upkeep]
|-damage|p2b: Amoonguss|95/100|[from] Sandstorm
|-damage|p1b: Amoonguss|89/100|[from] Sandstorm
|-damage|p2a: Milotic|49/100|[from] Sandstorm
|upkeep
|turn|4
|inactive|Sedrav has 30 seconds left.
|
|t:|1756945744
|switch|p2b: Tyranitar|Tyranitar, L50, M|100/100
|switch|p2a: Gholdengo|Gholdengo, L50|100/100
|move|p1b: Amoonguss|Spore|p2a: Gholdengo
|-immune|p2a: Gholdengo|[from] ability: Good as Gold
|move|p1a: Gholdengo|Nasty Plot|p1a: Gholdengo
|-boost|p1a: Gholdengo|spa|2
|
|-weather|Sandstorm|[upkeep]
|-damage|p1b: Amoonguss|83/100|[from] Sandstorm
|upkeep
|turn|5
|inactive|BIG_KASHA_STAR has 30 seconds left.
|inactive|Sedrav has 30 seconds left.
|inactive|BIG_KASHA_STAR has 20 seconds left.
|inactive|Sedrav has 20 seconds left.
|inactive|BIG_KASHA_STAR has 15 seconds left.
|inactive|Sedrav has 15 seconds left.
|inactive|BIG_KASHA_STAR has 10 seconds left.
|inactive|BIG_KASHA_STAR has 5 seconds left.
|
|t:|1756945799
|switch|p2a: Milotic|Milotic, L50, M|49/100
|-terastallize|p1a: Gholdengo|Fairy
|move|p1b: Amoonguss|Spore|p2b: Tyranitar
|-status|p2b: Tyranitar|slp|[from] move: Spore
|cant|p2b: Tyranitar|slp
|move|p1a: Gholdengo|Make It Rain|p2b: Tyranitar|[spread] p2a,p2b
|-resisted|p2a: Milotic
|-supereffective|p2b: Tyranitar
|-damage|p2a: Milotic|12/100
|-damage|p2b: Tyranitar|18/100 slp
|-unboost|p1a: Gholdengo|spa|1
|
|-weather|none
|-fieldend|move: Trick Room
|upkeep
|turn|6
|inactive|Sedrav has 30 seconds left.
|inactive|Sedrav has 20 seconds left.
|inactive|BIG_KASHA_STAR has 30 seconds left.
|
|t:|1756945840
|switch|p2b: Gholdengo|Gholdengo, L50|100/100
|switch|p1b: Incineroar|Incineroar, L50, M|7/100
|-ability|p1b: Incineroar|Intimidate|boost
|-unboost|p2a: Milotic|atk|1
|-ability|p2a: Milotic|Competitive|boost
|-boost|p2a: Milotic|spa|2
|-unboost|p2b: Gholdengo|atk|1
|move|p1a: Gholdengo|Make It Rain|p2b: Gholdengo|[spread] p2a,p2b
|-resisted|p2a: Milotic
|-resisted|p2b: Gholdengo
|-damage|p2a: Milotic|0 fnt
|-damage|p2b: Gholdengo|54/100
|-unboost|p1a: Gholdengo|spa|1
|faint|p2a: Milotic
|
|upkeep
|
|t:|1756945859
|switch|p2a: Amoonguss|Amoonguss, L50, M|100/100
|turn|7
|inactive|BIG_KASHA_STAR has 30 seconds left.
|inactive|Sedrav has 30 seconds left.
|inactive|BIG_KASHA_STAR has 20 seconds left.
|inactive|Sedrav has 20 seconds left.
|
|t:|1756945898
|move|p2b: Gholdengo|Protect|p2b: Gholdengo
|-singleturn|p2b: Gholdengo|Protect
|move|p2a: Amoonguss|Protect|p2a: Amoonguss
|-singleturn|p2a: Amoonguss|Protect
|move|p1b: Incineroar|Fake Out|p2a: Amoonguss
|-activate|p2a: Amoonguss|move: Protect
|move|p1a: Gholdengo|Nasty Plot|p1a: Gholdengo
|-boost|p1a: Gholdengo|spa|2
|
|upkeep
|turn|8
|inactive|BIG_KASHA_STAR has 30 seconds left.
|inactive|Sedrav has 30 seconds left.
|inactive|Sedrav has 20 seconds left.
|inactive|Sedrav has 15 seconds left.
|
|t:|1756945943
|move|p2b: Gholdengo|Make It Rain|p1b: Incineroar|[spread] p1a,p1b
|-supereffective|p1a: Gholdengo
|-crit|p1a: Gholdengo
|-resisted|p1b: Incineroar
|-damage|p1a: Gholdengo|0 fnt
|-damage|p1b: Incineroar|0 fnt
|-unboost|p2b: Gholdengo|spa|1
|faint|p1a: Gholdengo
|faint|p1b: Incineroar
|move|p2a: Amoonguss|Pollen Puff|p2b: Gholdengo
|-heal|p2b: Gholdengo|100/100
|
|upkeep
|
|t:|1756945954
|switch|p1a: Porygon2|Porygon2, L50|94/100
|switch|p1b: Amoonguss|Amoonguss, L50, F|100/100
|-ability|p1a: Porygon2|Download|boost
|-boost|p1a: Porygon2|atk|1
|turn|9
|inactive|BIG_KASHA_STAR has 30 seconds left.
|inactive|BIG_KASHA_STAR has 20 seconds left.
|inactive|BIG_KASHA_STAR has 15 seconds left.
|
|t:|1756945995
|switch|p2a: Tyranitar|Tyranitar, L50, M|18/100 slp
|-weather|Sandstorm|[from] ability: Sand Stream|[of] p2a: Tyranitar
|move|p2b: Gholdengo|Nasty Plot|p2b: Gholdengo
|-boost|p2b: Gholdengo|spa|2
|move|p1a: Porygon2|Ice Beam|p2a: Tyranitar
|-damage|p2a: Tyranitar|8/100 slp
|move|p1b: Amoonguss|Pollen Puff|p2a: Tyranitar
|-supereffective|p2a: Tyranitar
|-damage|p2a: Tyranitar|0 fnt
|faint|p2a: Tyranitar
|
|-weather|Sandstorm|[upkeep]
|-damage|p1a: Porygon2|88/100|[from] Sandstorm
|-damage|p1b: Amoonguss|95/100|[from] Sandstorm
|upkeep
|
|t:|1756946009
|switch|p2a: Amoonguss|Amoonguss, L50, M|100/100
|turn|10
|c|☆BIG_KASHA_STAR|ggs
|-message|BIG_KASHA_STAR forfeited.
|
|win|Sedrav
|raw|BIG_KASHA_STAR's rating: 1141 → 1114(-27 for losing)
|raw|Sedrav's rating: 1118 → 1145(+27 for winning)
|l|☆BIG_KASHA_STAR
|player|p1|
