|j|☆homerj71
|j|☆thoming
|html|homerj71thoming    
|uhtml|bestof|Game 1 of a best-of-3
|t:|1783156411
|gametype|doubles
|player|p1|homerj71|1|1189
|player|p2|thoming|266|1247
|gen|9
|tier|[Gen 9 Champions] VGC 2026 Reg M-B (Bo3)
|rated|
|rule|Species Clause: Limit one of each Pokémon
|rule|Item Clause: Limit 1 of each item
|clearpoke
|poke|p1|Delphox, L50, F|
|poke|p1|Sneasler, L50, M|
|poke|p1|Floette-Eternal, L50, F|
|poke|p1|Incineroar, L50, M|
|poke|p1|Kingambit, L50, M|
|poke|p1|Sinistcha, L50|
|poke|p2|Blaziken, L50, F|
|poke|p2|Kingambit, L50, M|
|poke|p2|Milotic, L50, F|
|poke|p2|Sinistcha, L50|
|poke|p2|Ninetales-Alola, L50, F|
|poke|p2|Aerodactyl, L50, F|
|teampreview|4
|showteam|p1|Delphox||Delphoxite|Blaze|Protect,Psyshock,HeatWave,NastyPlot|Timid||F|||50|]Sneasler||FocusSash|PoisonTouch|QuickGuard,CloseCombat,FakeOut,DireClaw|Jolly||M|||50|]Floette-Eternal||Floettite|FlowerVeil|Protect,DazzlingGleam,CalmMind,Moonblast|Timid||F|||50|]Incineroar||SitrusBerry|Intimidate|ThroatChop,FlareBlitz,PartingShot,FakeOut|Impish||M|||50|]Kingambit||BlackGlasses|Defiant|Protect,KowtowCleave,SuckerPunch,SwordsDance|Adamant||M|||50|]Sinistcha||KasibBerry|Hospitality|Protect,TrickRoom,MatchaGotcha,RagePowder|Relaxed|||||50|
|showteam|p2|Blaziken||Blazikenite|SpeedBoost|CloseCombat,FlareBlitz,RockSlide,Detect|Adamant||F|||50|]Kingambit||BlackGlasses|Defiant|SuckerPunch,Assurance,IronHead,Protect|Adamant||M|||50|]Milotic||Leftovers|Competitive|MuddyWater,Hypnosis,Coil,LifeDew|Calm||F|||50|]Sinistcha||SitrusBerry|Hospitality|MatchaGotcha,RagePowder,TrickRoom,Protect|Relaxed|||||50|]Ninetales-Alola||NeverMeltIce|SnowWarning|Blizzard,FreezeDry,Encore,Protect|Timid||F|||50|]Aerodactyl||Aerodactylite|Unnerve|RockSlide,DualWingbeat,WideGuard,Tailwind|Jolly||F|||50|
|inactive|Battle timer is ON: inactive players will automatically lose when time's up. (requested by homerj71)
|inactive|homerj71 has 60 seconds left.
|
|t:|1783156446
|teamsize|p1|4
|teamsize|p2|4
|start
|switch|p1a: Floette|Floette-Eternal, L50, F|100/100
|switch|p1b: Sneasler|Sneasler, L50, M|100/100
|switch|p2a: Blaziken|Blaziken, L50, F|100/100
|switch|p2b: Milotic|Milotic, L50, F|100/100
|turn|1
|
|t:|1783156458
|detailschange|p1a: Floette|Floette-Mega, L50, F
|-mega|p1a: Floette|Floette|Floettite
|-ability|p1a: Floette|Fairy Aura
|move|p2a: Blaziken|Detect|p2a: Blaziken
|-singleturn|p2a: Blaziken|Protect
|move|p1b: Sneasler|Fake Out|p2a: Blaziken
|-activate|p2a: Blaziken|move: Protect
|move|p1a: Floette|Calm Mind|p1a: Floette
|-boost|p1a: Floette|spa|1
|-boost|p1a: Floette|spd|1
|move|p2b: Milotic|Coil|p2b: Milotic
|-boost|p2b: Milotic|atk|1
|-boost|p2b: Milotic|def|1
|-boost|p2b: Milotic|accuracy|1
|
|-ability|p2a: Blaziken|Speed Boost|boost
|-boost|p2a: Blaziken|spe|1
|upkeep
|turn|2
|
|t:|1783156480
|detailschange|p2a: Blaziken|Blaziken-Mega, L50, F
|-mega|p2a: Blaziken|Blaziken|Blazikenite
|move|p2a: Blaziken|Flare Blitz|p1a: Floette
|-damage|p1a: Floette|15/100
|-damage|p2a: Blaziken|71/100|[from] Recoil
|move|p1b: Sneasler|Dire Claw|p2b: Milotic
|-damage|p2b: Milotic|75/100
|move|p1a: Floette|Dazzling Gleam|p2a: Blaziken|[spread] p2a,p2b
|-damage|p2a: Blaziken|0 fnt
|-damage|p2b: Milotic|39/100
|faint|p2a: Blaziken
|move|p2b: Milotic|Muddy Water|p1a: Floette|[spread] p1a,p1b
|-damage|p1a: Floette|3/100
|-damage|p1b: Sneasler|67/100
|
|-heal|p2b: Milotic|45/100|[from] item: Leftovers
|upkeep
|
|t:|1783156491
|switch|p2a: Aerodactyl|Aerodactyl, L50, F|100/100
|-ability|p2a: Aerodactyl|Unnerve
|turn|3
|
|t:|1783156501
|switch|p1b: Sinistcha|Sinistcha, L50|100/100
|-heal|p1a: Floette|28/100|[from] ability: Hospitality|[of] p1b: Sinistcha
|move|p1a: Floette|Protect|p1a: Floette
|-singleturn|p1a: Floette|Protect
|move|p2a: Aerodactyl|Tailwind|p2a: Aerodactyl
|-sidestart|p2: thoming|move: Tailwind
|move|p2b: Milotic|Muddy Water|p1b: Sinistcha|[spread] p1b
|-activate|p1a: Floette|move: Protect
|-resisted|p1b: Sinistcha|1
|-damage|p1b: Sinistcha|87/100
|
|-heal|p2b: Milotic|51/100|[from] item: Leftovers
|upkeep
|turn|4
|inactive|homerj71 has 30 seconds left.
|
|t:|1783156526
|switch|p1b: Incineroar|Incineroar, L50, M|100/100
|-ability|p1b: Incineroar|Intimidate|boost
|-unboost|p2a: Aerodactyl|atk|1
|-unboost|p2b: Milotic|atk|1
|-ability|p2b: Milotic|Competitive|boost
|-boost|p2b: Milotic|spa|2
|move|p2a: Aerodactyl|Dual Wingbeat|p1b: Incineroar
|-damage|p1b: Incineroar|91/100
|-damage|p1b: Incineroar|81/100
|-hitcount|p1b: Incineroar|2
|move|p2b: Milotic|Muddy Water|p1a: Floette|[spread] p1a,p1b
|-supereffective|p1b: Incineroar|1
|-damage|p1a: Floette|5/100
|-damage|p1b: Incineroar|4/100
|-unboost|p1a: Floette|accuracy|1
|move|p1a: Floette|Dazzling Gleam|p2b: Milotic|[spread] p2a,p2b
|-damage|p2a: Aerodactyl|13/100
|-damage|p2b: Milotic|12/100
|
|-heal|p2b: Milotic|18/100|[from] item: Leftovers
|upkeep
|turn|5
|inactive|homerj71 has 30 seconds left.
|
|t:|1783156556
|switch|p1b: Sinistcha|Sinistcha, L50|87/100
|-heal|p1a: Floette|29/100|[from] ability: Hospitality|[of] p1b: Sinistcha
|move|p1a: Floette|Protect|p1a: Floette
|-singleturn|p1a: Floette|Protect
|move|p2a: Aerodactyl|Rock Slide|p1a: Floette|[spread] p1b
|-activate|p1a: Floette|move: Protect
|-damage|p1b: Sinistcha|75/100
|move|p2b: Milotic|Muddy Water|p1a: Floette|[spread] p1b
|-activate|p1a: Floette|move: Protect
|-resisted|p1b: Sinistcha|1
|-damage|p1b: Sinistcha|50/100g
|
|-heal|p2b: Milotic|24/100|[from] item: Leftovers
|upkeep
|turn|6
|
|t:|1783156572
|move|p1b: Sinistcha|Rage Powder|p1b: Sinistcha
|-singleturn|p1b: Sinistcha|move: Rage Powder
|move|p2a: Aerodactyl|Dual Wingbeat|p1b: Sinistcha
|-supereffective|p1b: Sinistcha|1
|-damage|p1b: Sinistcha|30/100
|-supereffective|p1b: Sinistcha|1
|-damage|p1b: Sinistcha|10/100
|-hitcount|p1b: Sinistcha|2
|move|p2b: Milotic|Muddy Water|p1a: Floette|[spread] p1a,p1b
|-resisted|p1b: Sinistcha|1
|-damage|p1a: Floette|6/100
|-damage|p1b: Sinistcha|0 fnt
|faint|p1b: Sinistcha
|move|p1a: Floette|Dazzling Gleam|p2b: Milotic|[spread] p2a,p2b
|-damage|p2a: Aerodactyl|0 fnt
|-damage|p2b: Milotic|0 fnt
|faint|p2a: Aerodactyl
|faint|p2b: Milotic
|
|-sideend|p2: thoming|move: Tailwind
|upkeep
|
|t:|1783156586
|switch|p2b: Kingambit|Kingambit, L50, M|100/100
|switch|p1b: Sneasler|Sneasler, L50, M|67/100
|turn|7
|
|t:|1783156599
|move|p1b: Sneasler|Fake Out|p2b: Kingambit
|-resisted|p2b: Kingambit|1
|-damage|p2b: Kingambit|94/100
|cant|p2b: Kingambit|flinch
|move|p1a: Floette|Moonblast|p2b: Kingambit|[miss]
|-miss|p1a: Floette|p2b: Kingambit
|
|upkeep
|turn|8
|
|t:|1783156609
|move|p2b: Kingambit|Sucker Punch|p1b: Sneasler
|-resisted|p1b: Sneasler|1
|-crit|p1b: Sneasler
|-damage|p1b: Sneasler|7/100
|move|p1b: Sneasler|Close Combat|p2b: Kingambit
|-supereffective|p2b: Kingambit|2
|-damage|p2b: Kingambit|0 fnt
|-unboost|p1b: Sneasler|def|1
|-unboost|p1b: Sneasler|spd|1
|faint|p2b: Kingambit
|
|win|homerj71
