|j|☆hippopotas fritas
|j|☆5wamp
|html|hippopotas fritas5wamp    
|uhtml|bestof|Game 3 of a best-of-3
|t:|1785255840
|gametype|doubles
|player|p1|hippopotas fritas|colress|
|player|p2|5wamp|170|
|gen|9
|tier|[Gen 9 Champions] VGC 2026 Reg M-B (Bo3)
|rule|Species Clause: Limit one of each Pokémon
|rule|Item Clause: Limit 1 of each item
|clearpoke
|poke|p1|Tyranitar, L50, M|
|poke|p1|Excadrill, L50, M|
|poke|p1|Milotic, L50, F|
|poke|p1|Sinistcha, L50|
|poke|p1|Staraptor, L50, M|
|poke|p1|Gholdengo, L50|
|poke|p2|Kingambit, L50, M|
|poke|p2|Gardevoir, L50, F|
|poke|p2|Talonflame, L50, F|
|poke|p2|Maushold, L50, shiny|
|poke|p2|Basculegion, L50, M|
|poke|p2|Kommo-o, L50, F|
|teampreview|4
|showteam|p1|Tyranitar||Tyranitarite|SandStream|KnockOff,RockSlide,HighHorsepower,Protect|Jolly||M|||50|]Excadrill||FocusSash|SandRush|HighHorsepower,IronHead,RockSlide,Protect|Adamant||M|||50|]Milotic||SitrusBerry|Competitive|Scald,IcyWind,Haze,Protect|Calm||F|||50|]Sinistcha||ColburBerry|Hospitality|MatchaGotcha,ShadowBall,Protect,RagePowder|Bold|||||50|]Staraptor||Staraptite|Intimidate|CloseCombat,BraveBird,Tailwind,Protect|Jolly||M|||50|]Gholdengo||LifeOrb|GoodasGold|MakeItRain,ShadowBall,NastyPlot,Protect|Modest|||||50|
|showteam|p2|Kingambit||FocusSash|Defiant|KowtowCleave,IronHead,SuckerPunch,LowKick|Adamant||M|||50|]Gardevoir||Gardevoirite|Telepathy|HyperVoice,Psyshock,Thunderbolt,Protect|Modest||F|||50|]Talonflame||SharpBeak|GaleWings|DualWingbeat,FlareBlitz,Tailwind,Protect|Jolly||F|||50|]Maushold||ChopleBerry|FriendGuard|Feint,SuperFang,FollowMe,Protect|Impish|||||50|]Basculegion||MysticWater|Adaptability|WaveCrash,LastRespects,AquaJet,Protect|Adamant||M|||50|]Kommo-o||LifeOrb|Overcoat|ClangingScales,AuraSphere,VacuumWave,Protect|Modest||F|||50|
|c|☆hippopotas fritas|this feels like the best lead
|
|t:|1785255857
|teamsize|p1|4
|teamsize|p2|4
|start
|switch|p1a: LegallyNotGodzilla|Tyranitar, L50, M|100/100
|switch|p1b: unpopular opinion|Staraptor, L50, M|100/100
|switch|p2a: Gardevoir|Gardevoir, L50, F|100/100
|switch|p2b: Maushold|Maushold, L50, shiny|100/100
|-ability|p1b: unpopular opinion|Intimidate|boost
|-unboost|p2a: Gardevoir|atk|1
|-unboost|p2b: Maushold|atk|1
|-weather|Sandstorm|[from] ability: Sand Stream|[of] p1a: LegallyNotGodzilla
|turn|1
|
|t:|1785255874
|switch|p2b: Kingambit|Kingambit, L50, M|100/100
|switch|p1a: Gholdielocks|Gholdengo, L50|100/100
|detailschange|p2a: Gardevoir|Gardevoir-Mega, L50, F
|-mega|p2a: Gardevoir|Gardevoir|Gardevoirite
|move|p1b: unpopular opinion|Protect|p1b: unpopular opinion
|-singleturn|p1b: unpopular opinion|Protect
|move|p2a: Gardevoir|Hyper Voice|p1a: Gholdielocks|[spread] p1a
|-activate|p1b: unpopular opinion|move: Protect
|-resisted|p1a: Gholdielocks|1
|-damage|p1a: Gholdielocks|77/100
|
|-weather|Sandstorm|[upkeep]
|-damage|p1b: unpopular opinion|94/100|[from] Sandstorm
|-damage|p2a: Gardevoir|94/100|[from] Sandstorm
|upkeep
|turn|2
|
|t:|1785255887
|detailschange|p1b: unpopular opinion|Staraptor-Mega, L50, M
|-mega|p1b: unpopular opinion|Staraptor|Staraptite
|move|p2b: Kingambit|Sucker Punch|p1a: Gholdielocks
|-supereffective|p1a: Gholdielocks|1
|-damage|p1a: Gholdielocks|0 fnt
|faint|p1a: Gholdielocks
|move|p1b: unpopular opinion|Close Combat|p2b: Kingambit
|-supereffective|p2b: Kingambit|2
|-enditem|p2b: Kingambit|Focus Sash
|-damage|p2b: Kingambit|1/100
|-boost|p1b: unpopular opinion|def|1
|-boost|p1b: unpopular opinion|spd|1
|move|p2a: Gardevoir|Hyper Voice|p1b: unpopular opinion
|-supereffective|p1b: unpopular opinion|1
|-damage|p1b: unpopular opinion|2/100
|
|-weather|Sandstorm|[upkeep]
|-damage|p1b: unpopular opinion|0 fnt|[from] Sandstorm
|-damage|p2a: Gardevoir|88/100|[from] Sandstorm
|faint|p1b: unpopular opinion
|upkeep
|
|t:|1785255891
|switch|p1b: LegallyNotGodzilla|Tyranitar, L50, M|100/100
|switch|p1a: Drilly the kid|Excadrill, L50, M|100/100
|turn|3
|
|t:|1785255900
|move|p2b: Kingambit|Sucker Punch|p1a: Drilly the kid
|-damage|p1a: Drilly the kid|35/100
|move|p1a: Drilly the kid|Iron Head|p2a: Gardevoir
|-supereffective|p2a: Gardevoir|1
|-damage|p2a: Gardevoir|0 fnt
|faint|p2a: Gardevoir
|move|p1b: LegallyNotGodzilla|Knock Off|p2b: Kingambit
|-resisted|p2b: Kingambit|1
|-damage|p2b: Kingambit|0 fnt
|faint|p2b: Kingambit
|
|-weather|Sandstorm|[upkeep]
|upkeep
|
|t:|1785255905
|switch|p2a: Basculegion|Basculegion, L50, M|100/100
|switch|p2b: Maushold|Maushold, L50, shiny|100/100
|turn|4
|
|t:|1785255915
|move|p1a: Drilly the kid|Protect|p1a: Drilly the kid
|-singleturn|p1a: Drilly the kid|Protect
|move|p2b: Maushold|Follow Me|p2b: Maushold
|-singleturn|p2b: Maushold|move: Follow Me
|move|p1b: LegallyNotGodzilla|Rock Slide|p2a: Basculegion|[spread] p2a,p2b
|-damage|p2a: Basculegion|77/100
|-damage|p2b: Maushold|74/100
|move|p2a: Basculegion|Wave Crash|p1b: LegallyNotGodzilla
|-supereffective|p1b: LegallyNotGodzilla|1
|-damage|p1b: LegallyNotGodzilla|0 fnt
|faint|p1b: LegallyNotGodzilla
|-damage|p2a: Basculegion|45/100|[from] Recoil
|
|-weather|Sandstorm|[upkeep]
|-damage|p2b: Maushold|68/100|[from] Sandstorm
|-damage|p2a: Basculegion|39/100|[from] Sandstorm
|upkeep
|turn|5
|
|t:|1785255927
|move|p2b: Maushold|Feint|p1a: Drilly the kid
|-resisted|p1a: Drilly the kid|1
|-crit|p1a: Drilly the kid
|-damage|p1a: Drilly the kid|27/100
|move|p2a: Basculegion|Aqua Jet|p1a: Drilly the kid
|-supereffective|p1a: Drilly the kid|1
|-damage|p1a: Drilly the kid|0 fnt
|faint|p1a: Drilly the kid
|
|win|5wamp
