|j|☆mattdapokemaster2
|j|☆lucky777n
|html|mattdapokemaster2lucky777n    
|uhtml|bestof|Game 1 of a best-of-3
|t:|1784036442
|gametype|doubles
|player|p1|mattdapokemaster2|266|1144
|player|p2|lucky777n|boarder|1169
|gen|9
|tier|[Gen 9 Champions] VGC 2026 Reg M-B (Bo3)
|rated|
|rule|Species Clause: Limit one of each Pokémon
|rule|Item Clause: Limit 1 of each item
|clearpoke
|poke|p1|Dragonite, L50, M|
|poke|p1|Raichu, L50, F|
|poke|p1|Sableye, L50, M|
|poke|p1|Pelipper, L50, F|
|poke|p1|Incineroar, L50, F|
|poke|p1|Milotic, L50, M|
|poke|p2|Gengar, L50, M|
|poke|p2|Incineroar, L50, F|
|poke|p2|Snorlax, L50, F|
|poke|p2|Ninetales-Alola, L50, M|
|poke|p2|Kingambit, L50, M|
|poke|p2|Sneasler, L50, M|
|teampreview|4
|showteam|p1|Dragonite||Dragoninite|Multiscale|Hurricane,DracoMeteor,Protect,Tailwind|Modest||M|||50|]Raichu||RaichuniteY|LightningRod|ZapCannon,FocusBlast,VoltSwitch,GrassKnot|Timid||F|||50|]Sableye||LightClay|Prankster|FakeOut,Gravity,LightScreen,Quash|Impish||M|||50|]Pelipper||FocusSash|Drizzle|WideGuard,Tailwind,Hurricane,WeatherBall|Modest||F|||50|]Incineroar||SitrusBerry|Intimidate|FakeOut,PartingShot,FlareBlitz,ThroatChop|Jolly||F|||50|]Milotic||Leftovers|Competitive|Hypnosis,Scald,DragonCheer,IceBeam|Calm||M|||50|
|showteam|p2|Gengar||Gengarite|CursedBody|ShadowBall,Disable,PerishSong,Protect|Timid||M|||50|]Incineroar||SitrusBerry|Intimidate|FakeOut,FlareBlitz,PartingShot,Protect|Relaxed||F|||50|]Snorlax||Leftovers|ThickFat|Fissure,Encore,Yawn,Protect|Relaxed||F|||50|]Ninetales-Alola||NeverMeltIce|SnowWarning|Blizzard,FreezeDry,Encore,Protect|Timid||M|||50|]Kingambit||BlackGlasses|Defiant|SuckerPunch,KowtowCleave,SwordsDance,Protect|Adamant||M|||50|]Sneasler||WhiteHerb|Unburden|FakeOut,CloseCombat,GunkShot,Protect|Jolly||M|||50|
|
|t:|1784036485
|teamsize|p1|4
|teamsize|p2|4
|start
|switch|p1a: Sableye|Sableye, L50, M|100/100
|switch|p1b: Raichu|Raichu, L50, F|100/100
|switch|p2a: Gengar|Gengar, L50, M|100/100
|switch|p2b: Incineroar|Incineroar, L50, F|100/100
|-ability|p2b: Incineroar|Intimidate|boost
|-unboost|p1a: Sableye|atk|1
|-unboost|p1b: Raichu|atk|1
|turn|1
|
|t:|1784036507
|switch|p1b: Incineroar|Incineroar, L50, F|100/100
|-ability|p1b: Incineroar|Intimidate|boost
|-unboost|p2a: Gengar|atk|1
|-unboost|p2b: Incineroar|atk|1
|detailschange|p2a: Gengar|Gengar-Mega, L50, M
|-mega|p2a: Gengar|Gengar|Gengarite
|move|p2b: Incineroar|Fake Out|p1b: Incineroar
|-damage|p1b: Incineroar|93/100
|move|p1a: Sableye|Fake Out|p2b: Incineroar
|-damage|p2b: Incineroar|96/100
|move|p2a: Gengar|Perish Song|p2a: Gengar
|-start|p1a: Sableye|perish3|[silent]
|-start|p1b: Incineroar|perish3|[silent]
|-start|p2a: Gengar|perish3|[silent]
|-start|p2b: Incineroar|perish3|[silent]
|-fieldactivate|move: Perish Song
|
|-start|p2a: Gengar|perish3
|-start|p1b: Incineroar|perish3
|-start|p2b: Incineroar|perish3
|-start|p1a: Sableye|perish3
|upkeep
|turn|2
|
|t:|1784036546
|move|p1a: Sableye|Light Screen|p1a: Sableye
|-sidestart|p1: mattdapokemaster2|move: Light Screen
|move|p2a: Gengar|Shadow Ball|p1a: Sableye
|-damage|p1a: Sableye|49/100
|move|p1b: Incineroar|Parting Shot|p2a: Gengar
|-unboost|p2a: Gengar|atk|1
|-unboost|p2a: Gengar|spa|1
|
|t:|1784036570
|switch|p1b: Raichu|Raichu, L50, F|100/100|[from] Parting Shot
|move|p2b: Incineroar|Flare Blitz|p1a: Sableye
|-damage|p1a: Sableye|17/100
|-damage|p2b: Incineroar|87/100|[from] Recoil
|
|-start|p2a: Gengar|perish2
|-start|p2b: Incineroar|perish2
|-start|p1a: Sableye|perish2
|upkeep
|turn|3
|
|t:|1784036599
|move|p1a: Sableye|Gravity|p1a: Sableye
|-fieldstart|move: Gravity
|move|p2a: Gengar|Shadow Ball|p1b: Raichu
|-damage|p1b: Raichu|70/100
|move|p1b: Raichu|Focus Blast|p2b: Incineroar
|-supereffective|p2b: Incineroar|1
|-damage|p2b: Incineroar|26/100
|-enditem|p2b: Incineroar|Sitrus Berry|[eat]
|-heal|p2b: Incineroar|50/100g|[from] item: Sitrus Berry
|move|p2b: Incineroar|Flare Blitz|p1b: Raichu
|-damage|p1b: Raichu|8/100
|-damage|p2b: Incineroar|37/100|[from] Recoil
|
|-start|p2a: Gengar|perish1
|-start|p2b: Incineroar|perish1
|-start|p1a: Sableye|perish1
|upkeep
|turn|4
|
|t:|1784036631
|switch|p2a: Ninetales|Ninetales-Alola, L50, M|100/100
|-weather|Snowscape|[from] ability: Snow Warning|[of] p2a: Ninetales
|move|p1a: Sableye|Quash||[still]
|-fail|p1a: Sableye
|move|p1b: Raichu|Volt Switch|p2b: Incineroar
|-damage|p2b: Incineroar|9/100
|
|t:|1784036642
|switch|p1b: Incineroar|Incineroar, L50, F|93/100|[from] Volt Switch
|-ability|p1b: Incineroar|Intimidate|boost
|-unboost|p2a: Ninetales|atk|1
|-unboost|p2b: Incineroar|atk|1
|move|p2b: Incineroar|Parting Shot|p1b: Incineroar
|-unboost|p1b: Incineroar|atk|1
|-unboost|p1b: Incineroar|spa|1
|
|t:|1784036675
|switch|p2b: Gengar|Gengar-Mega, L50, M|100/100|[from] Parting Shot
|
|-weather|Snowscape|[upkeep]
|-start|p1a: Sableye|perish0
|faint|p1a: Sableye
|upkeep
|
|t:|1784036687
|switch|p1a: Dragonite|Dragonite, L50, M|100/100
|turn|5
|
|t:|1784036726
|move|p2b: Gengar|Protect|p2b: Gengar
|-singleturn|p2b: Gengar|Protect
|move|p2a: Ninetales|Protect|p2a: Ninetales
|-singleturn|p2a: Ninetales|Protect
|move|p1b: Incineroar|Parting Shot|p2b: Gengar
|-activate|p2b: Gengar|move: Protect
|move|p1a: Dragonite|Tailwind|p1a: Dragonite
|-sidestart|p1: mattdapokemaster2|move: Tailwind
|
|-weather|Snowscape|[upkeep]
|upkeep
|turn|6
|
|t:|1784036774
|detailschange|p1a: Dragonite|Dragonite-Mega, L50, M
|-mega|p1a: Dragonite|Dragonite|Dragoninite
|move|p1b: Incineroar|Flare Blitz|p2a: Ninetales
|-supereffective|p2a: Ninetales|1
|-damage|p2a: Ninetales|44/100
|-damage|p1b: Incineroar|78/100|[from] Recoil
|move|p1a: Dragonite|Hurricane|p2a: Ninetales
|-damage|p2a: Ninetales|0 fnt
|faint|p2a: Ninetales
|move|p2b: Gengar|Shadow Ball|p1a: Dragonite
|-damage|p1a: Dragonite|89/100
|
|-weather|Snowscape|[upkeep]
|upkeep
|
|t:|1784036791
|switch|p2a: Incineroar|Incineroar, L50, F|9/100
|-ability|p2a: Incineroar|Intimidate|boost
|-unboost|p1a: Dragonite|atk|1
|-unboost|p1b: Incineroar|atk|1
|turn|7
|
|t:|1784036817
|move|p2a: Incineroar|Fake Out|p1b: Incineroar
|-damage|p1b: Incineroar|67/100
|cant|p1b: Incineroar|flinch
|move|p1a: Dragonite|Hurricane|p2a: Incineroar
|-damage|p2a: Incineroar|0 fnt
|faint|p2a: Incineroar
|move|p2b: Gengar|Shadow Ball|p1a: Dragonite
|-damage|p1a: Dragonite|68/100
|-unboost|p1a: Dragonite|spd|1
|
|-weather|Snowscape|[upkeep]
|-fieldend|move: Gravity
|upkeep
|
|t:|1784036830
|switch|p2a: Kingambit|Kingambit, L50, M|100/100
|turn|8
|
|t:|1784036859
|move|p2a: Kingambit|Sucker Punch|p1a: Dragonite
|-damage|p1a: Dragonite|25/100
|move|p1b: Incineroar|Flare Blitz|p2a: Kingambit
|-supereffective|p2a: Kingambit|1
|-damage|p2a: Kingambit|68/100
|-damage|p1b: Incineroar|56/100|[from] Recoil
|move|p1a: Dragonite|Draco Meteor|p2a: Kingambit
|-resisted|p2a: Kingambit|1
|-damage|p2a: Kingambit|26/100
|-unboost|p1a: Dragonite|spa|2
|move|p2b: Gengar|Disable|p1a: Dragonite
|-start|p1a: Dragonite|Disable|Draco Meteor
|
|-weather|none
|-sideend|p1: mattdapokemaster2|move: Tailwind
|upkeep
|turn|9
|
|t:|1784036894
|move|p2a: Kingambit|Protect|p2a: Kingambit
|-singleturn|p2a: Kingambit|Protect
|move|p2b: Gengar|Shadow Ball|p1a: Dragonite
|-damage|p1a: Dragonite|0 fnt
|faint|p1a: Dragonite
|move|p1b: Incineroar|Parting Shot|p2b: Gengar
|-unboost|p2b: Gengar|atk|1
|-unboost|p2b: Gengar|spa|1
|
|t:|1784036902
|switch|p1b: Raichu|Raichu, L50, F|8/100|[from] Parting Shot
|
|-sideend|p1: mattdapokemaster2|move: Light Screen
|upkeep
|
|t:|1784036903
|switch|p1a: Incineroar|Incineroar, L50, F|56/100
|-ability|p1a: Incineroar|Intimidate|boost
|-unboost|p2a: Kingambit|atk|1
|-ability|p2a: Kingambit|Defiant|boost
|-boost|p2a: Kingambit|atk|2
|-unboost|p2b: Gengar|atk|1
|turn|10
|
|t:|1784036925
|move|p2a: Kingambit|Sucker Punch|p1a: Incineroar
|-resisted|p1a: Incineroar|1
|-damage|p1a: Incineroar|23/100
|-enditem|p1a: Incineroar|Sitrus Berry|[eat]
|-heal|p1a: Incineroar|48/100|[from] item: Sitrus Berry
|move|p2b: Gengar|Shadow Ball|p1b: Raichu
|-damage|p1b: Raichu|0 fnt
|faint|p1b: Raichu
|move|p1a: Incineroar|Flare Blitz|p2a: Kingambit
|-supereffective|p2a: Kingambit|1
|-damage|p2a: Kingambit|0 fnt
|faint|p2a: Kingambit
|-damage|p1a: Incineroar|39/100|[from] Recoil
|
|upkeep
|turn|11
|
|t:|1784036944
|move|p2b: Gengar|Disable|p1a: Incineroar
|-start|p1a: Incineroar|Disable|Flare Blitz
|move|p1a: Incineroar|Throat Chop|p2b: Gengar
|-supereffective|p2b: Gengar|1
|-damage|p2b: Gengar|30/100
|-start|p2b: Gengar|Throat Chop|[silent]
|
|upkeep
|turn|12
|
|t:|1784036961
|move|p2b: Gengar|Shadow Ball|p1a: Incineroar
|-resisted|p1a: Incineroar|1
|-damage|p1a: Incineroar|25/100
|move|p1a: Incineroar|Parting Shot|p2b: Gengar
|-unboost|p2b: Gengar|atk|1
|-unboost|p2b: Gengar|spa|1
|
|-end|p2b: Gengar|Throat Chop|[silent]
|upkeep
|turn|13
|
|t:|1784036989
|move|p2b: Gengar|Shadow Ball|p1a: Incineroar
|-resisted|p1a: Incineroar|1
|-damage|p1a: Incineroar|14/100
|move|p1a: Incineroar|Throat Chop|p2b: Gengar
|-supereffective|p2b: Gengar|1
|-damage|p2b: Gengar|0 fnt
|faint|p2b: Gengar
|
|win|mattdapokemaster2
||lucky777n is ready for game 2.
||mattdapokemaster2 is ready for game 2.
|uhtml|next|Next: Game 2 of 3
|l|☆mattdapokemaster2
|player|p1|
