|j|☆MegaJouleVGC
|j|☆trompavieja
|html|MegaJouleVGCtrompavieja    
|uhtml|bestof|Game 1 of a best-of-3
|t:|1783074260
|gametype|doubles
|player|p1|MegaJouleVGC|artist|1371
|player|p2|trompavieja|tate|1490
|gen|9
|tier|[Gen 9 Champions] VGC 2026 Reg M-B (Bo3)
|rated|
|rule|Species Clause: Limit one of each Pokémon
|rule|Item Clause: Limit 1 of each item
|clearpoke
|poke|p1|Garchomp, L50, F|
|poke|p1|Whimsicott, L50, F|
|poke|p1|Charizard, L50, M|
|poke|p1|Floette-Eternal, L50, F|
|poke|p1|Basculegion, L50, M|
|poke|p1|Incineroar, L50, F|
|poke|p2|Farigiraf, L50, F|
|poke|p2|Kingambit, L50, M|
|poke|p2|Sylveon, L50, M|
|poke|p2|Charizard, L50, F|
|poke|p2|Garchomp, L50, F|
|poke|p2|Aerodactyl, L50, F|
|teampreview|4
|showteam|p1|Garchomp||LifeOrb|RoughSkin|Earthquake,RockSlide,DragonClaw,Protect|Adamant||F|||50|]Whimsicott||FairyFeather|Prankster|Tailwind,Encore,Moonblast,Protect|Timid||F|||50|]Charizard||CharizarditeY|Blaze|HeatWave,WeatherBall,SolarBeam,Protect|Timid||M|||50|]Floette-Eternal||Floettite|FlowerVeil|CalmMind,Moonblast,DazzlingGleam,Protect|Modest||F|||50|]Basculegion||ChoiceScarf|Adaptability|LastRespects,WaveCrash,AquaJet,FlipTurn|Jolly||M|||50|]Incineroar||SitrusBerry|Intimidate|FakeOut,FlareBlitz,Roar,PartingShot|Adamant||F|||50|
|showteam|p2|Farigiraf||SitrusBerry|ArmorTail|TwinBeam,Thunderbolt,TrickRoom,HelpingHand|Bold||F|||50|]Kingambit||FocusSash|Defiant|SuckerPunch,KowtowCleave,LowKick,IronHead|Adamant||M|||50|]Sylveon||FairyFeather|Pixilate|Detect,HyperVoice,QuickAttack,HyperBeam|Modest||M|||50|]Charizard||CharizarditeY|Blaze|HeatWave,SolarBeam,WeatherBall,Protect|Modest||F|||50|]Garchomp||LifeOrb|RoughSkin|StompingTantrum,Earthquake,DragonClaw,Protect|Jolly||F|||50|]Aerodactyl||Aerodactylite|Unnerve|Tailwind,DualWingbeat,RockSlide,IceFang|Jolly||F|||50|
|inactive|Battle timer is ON: inactive players will automatically lose when time's up. (requested by MegaJouleVGC)
|inactive|MegaJouleVGC has 60 seconds left.
|inactive|MegaJouleVGC has 30 seconds left.
|inactive|MegaJouleVGC has 20 seconds left.
|inactive|MegaJouleVGC has 15 seconds left.
|
|t:|1783074340
|teamsize|p1|4
|teamsize|p2|4
|start
|switch|p1a: Charizard|Charizard, L50, M|100/100
|switch|p1b: Basculegion|Basculegion, L50, M|100/100
|switch|p2a: Farigiraf|Farigiraf, L50, F|100/100
|switch|p2b: Charizard|Charizard, L50, F|100/100
|turn|1
|inactive|trompavieja has 30 seconds left.
|inactive|trompavieja has 20 seconds left.
|inactive|trompavieja has 15 seconds left.
|
|t:|1783074381
|detailschange|p1a: Charizard|Charizard-Mega-Y, L50, M
|-mega|p1a: Charizard|Charizard|Charizardite Y
|-weather|SunnyDay|[from] ability: Drought|[of] p1a: Charizard
|detailschange|p2b: Charizard|Charizard-Mega-Y, L50, F
|-mega|p2b: Charizard|Charizard|Charizardite Y
|move|p2b: Charizard|Protect|p2b: Charizard
|-singleturn|p2b: Charizard|Protect
|move|p1b: Basculegion|Flip Turn|p2a: Farigiraf
|-damage|p2a: Farigiraf|86/100
|
|t:|1783074391
|switch|p1b: Garchomp|Garchomp, L50, F|100/100|[from] Flip Turn
|move|p1a: Charizard|Weather Ball|p2a: Farigiraf
|-damage|p2a: Farigiraf|8/100
|-enditem|p2a: Farigiraf|Sitrus Berry|[eat]
|-heal|p2a: Farigiraf|33/100|[from] item: Sitrus Berry
|move|p2a: Farigiraf|Trick Room|p2a: Farigiraf
|-fieldstart|move: Trick Room|[of] p2a: Farigiraf
|
|-weather|SunnyDay|[upkeep]
|upkeep
|turn|2
|
|t:|1783074413
|move|p2a: Farigiraf|Thunderbolt|p1a: Charizard
|-supereffective|p1a: Charizard|1
|-crit|p1a: Charizard
|-damage|p1a: Charizard|30/100
|move|p2b: Charizard|Solar Beam||[still]
|-prepare|p2b: Charizard|Solar Beam
|-anim|p2b: Charizard|Solar Beam|p1b: Garchomp
|-crit|p1b: Garchomp
|-damage|p1b: Garchomp|23/100
|move|p1b: Garchomp|Rock Slide|p2a: Farigiraf|[spread] p2a,p2b
|-supereffective|p2b: Charizard|2
|-damage|p2a: Farigiraf|12/100
|-damage|p2b: Charizard|0 fnt
|faint|p2b: Charizard
|-damage|p1b: Garchomp|13/100|[from] item: Life Orb
|move|p1a: Charizard|Heat Wave|p2a: Farigiraf
|-damage|p2a: Farigiraf|0 fnt
|faint|p2a: Farigiraf
|
|-weather|SunnyDay|[upkeep]
|upkeep
|
|t:|1783074418
|switch|p2a: Kingambit|Kingambit, L50, M|100/100
|switch|p2b: Sylveon|Sylveon, L50, M|100/100
|turn|3
|
|t:|1783074437
|move|p1b: Garchomp|Protect|p1b: Garchomp
|-singleturn|p1b: Garchomp|Protect
|move|p1a: Charizard|Protect|p1a: Charizard
|-singleturn|p1a: Charizard|Protect
|move|p2b: Sylveon|Hyper Voice|p1a: Charizard|[spread] 
|-activate|p1a: Charizard|move: Protect
|-activate|p1b: Garchomp|move: Protect
|move|p2a: Kingambit|Kowtow Cleave|p1a: Charizard
|-activate|p1a: Charizard|move: Protect
|
|-weather|SunnyDay|[upkeep]
|upkeep
|turn|4
|
|t:|1783074453
|switch|p1b: Whimsicott|Whimsicott, L50, F|100/100
|move|p2b: Sylveon|Hyper Voice|p1a: Charizard|[spread] p1a,p1b
|-resisted|p1a: Charizard|1
|-damage|p1a: Charizard|4/100
|-damage|p1b: Whimsicott|22/100
|move|p2a: Kingambit|Kowtow Cleave|p1a: Charizard
|-damage|p1a: Charizard|0 fnt
|faint|p1a: Charizard
|
|-weather|SunnyDay|[upkeep]
|upkeep
|
|t:|1783074460
|switch|p1a: Garchomp|Garchomp, L50, F|13/100
|turn|5
|
|t:|1783074473
|move|p1b: Whimsicott|Protect|p1b: Whimsicott
|-singleturn|p1b: Whimsicott|Protect
|move|p1a: Garchomp|Protect|p1a: Garchomp
|-singleturn|p1a: Garchomp|Protect
|move|p2b: Sylveon|Hyper Voice|p1b: Whimsicott|[spread] 
|-activate|p1a: Garchomp|move: Protect
|-activate|p1b: Whimsicott|move: Protect
|move|p2a: Kingambit|Kowtow Cleave|p1b: Whimsicott
|-activate|p1b: Whimsicott|move: Protect
|
|-weather|none
|-fieldend|move: Trick Room
|upkeep
|turn|6
|
|t:|1783074497
|switch|p1a: Basculegion|Basculegion, L50, M|100/100
|move|p2a: Kingambit|Sucker Punch||[still]
|-fail|p2a: Kingambit
|move|p1b: Whimsicott|Moonblast|p2a: Kingambit
|-damage|p2a: Kingambit|53/100
|move|p2b: Sylveon|Hyper Voice|p1a: Basculegion|[spread] p1a,p1b
|-damage|p1a: Basculegion|47/100
|-damage|p1b: Whimsicott|0 fnt
|faint|p1b: Whimsicott
|
|upkeep
|
|t:|1783074505
|switch|p1b: Garchomp|Garchomp, L50, F|13/100
|turn|7
|
|t:|1783074517
|move|p1a: Basculegion|Aqua Jet|p2b: Sylveon
|-damage|p2b: Sylveon|70/100
|move|p2a: Kingambit|Sucker Punch||[still]
|-fail|p2a: Kingambit
|move|p2b: Sylveon|Quick Attack|p1b: Garchomp
|-supereffective|p1b: Garchomp|1
|-damage|p1b: Garchomp|0 fnt
|-damage|p2b: Sylveon|58/100|[from] ability: Rough Skin|[of] p1b: Garchomp
|faint|p1b: Garchomp
|
|upkeep
|turn|8
|
|t:|1783074527
|move|p1a: Basculegion|Aqua Jet|p2a: Kingambit
|-damage|p2a: Kingambit|30/100
|move|p2a: Kingambit|Kowtow Cleave|p1a: Basculegion
|-supereffective|p1a: Basculegion|1
|-damage|p1a: Basculegion|0 fnt
|faint|p1a: Basculegion
|
|win|trompavieja
||MegaJouleVGC is ready for game 2.
|l|☆MegaJouleVGC
|player|p1|
||trompavieja is ready for game 2.
|uhtml|next|Next: Game 2 of 3
