|j|☆Killsbugsded
|j|☆JoshSketch
|html|KillsbugsdedJoshSketch    
|uhtml|bestof|Game 2 of a best-of-3
|t:|1757735129
|gametype|doubles
|player|p1|Killsbugsded|265|1097
|player|p2|JoshSketch|169|1035
|gen|9
|tier|[Gen 9] VGC 2025 Reg H (Bo3)
|rated|
|rule|Species Clause: Limit one of each Pokémon
|rule|Item Clause: Limit 1 of each item
|clearpoke
|poke|p1|Rillaboom, L50, M|
|poke|p1|Volcarona, L50, M|
|poke|p1|Maushold-Four, L50|
|poke|p1|Milotic, L50, F|
|poke|p1|Garganacl, L50, M|
|poke|p1|Tyranitar, L50, M|
|poke|p2|Gholdengo, L50|
|poke|p2|Archaludon, L50, F|
|poke|p2|Pelipper, L50, M|
|poke|p2|Sneasler, L50, F|
|poke|p2|Rillaboom, L50, M|
|poke|p2|Basculegion, L50, M|
|teampreview|4
|showteam|p1|Rillaboom||ChoiceScarf|GrassySurge|WoodHammer,Uturn,DrumBeating,HighHorsepower|||M|||50|,,,,,Grass]Volcarona||GrassySeed|FlameBody|Flamethrower,TeraBlast,QuiverDance,Protect|||M|||50|,,,,,Fairy]Maushold-Four||FocusSash|FriendGuard|SuperFang,FollowMe,Taunt,Protect||||||50|,,,,,Ghost]Milotic||CovertCloak|Competitive|Scald,IceBeam,LifeDew,Protect|||F|||50|,,,,,Grass]Garganacl||SitrusBerry|PurifyingSalt|SaltCure,Recover,WideGuard,Protect|||M|||50|,,,,,Ghost]Tyranitar||AssaultVest|SandStream|RockSlide,KnockOff,LowKick,HighHorsepower|||M|||50|,,,,,Bug
|showteam|p2|Gholdengo||LifeOrb|GoodasGold|Protect,NastyPlot,MakeItRain,ShadowBall||||||50|,,,,,Steel]Archaludon||AssaultVest|Stamina|BodyPress,ElectroShot,DracoMeteor,FlashCannon|||F|||50|,,,,,Bug]Pelipper||SafetyGoggles|Drizzle|Tailwind,Hurricane,WeatherBall,Protect|||M|||50|,,,,,Ghost]Sneasler||FocusSash|PoisonTouch|Protect,FakeOut,CloseCombat,DireClaw|||F|||50|,,,,,Stellar]Rillaboom||LoadedDice|GrassySurge|FakeOut,BulletSeed,HighHorsepower,GrassyGlide|||M|||50|,,,,,Fire]Basculegion||ChoiceBand|SwiftSwim|WaveCrash,AquaJet,LastRespects,FlipTurn|||M|||50|,,,,,Grass
|
|t:|1757735142
|teamsize|p1|4
|teamsize|p2|4
|start
|switch|p1a: Rillaboom|Rillaboom, L50, M|100/100
|switch|p1b: Volcarona|Volcarona, L50, M|100/100
|switch|p2a: Jinsousen|Basculegion, L50, M, shiny|100/100
|switch|p2b: Fruity Kong|Rillaboom, L50, M, shiny|100/100
|-fieldstart|move: Grassy Terrain|[from] ability: Grassy Surge|[of] p1a: Rillaboom
|-enditem|p1b: Volcarona|Grassy Seed
|-boost|p1b: Volcarona|def|1|[from] item: Grassy Seed
|turn|1
|inactive|Battle timer is ON: inactive players will automatically lose when time's up. (requested by Killsbugsded)
|
|t:|1757735162
|switch|p2b: Pelipper|Pelipper, L50, M|100/100
|-weather|RainDance|[from] ability: Drizzle|[of] p2b: Pelipper
|-terastallize|p2a: Jinsousen|Grass
|move|p1b: Volcarona|Protect|p1b: Volcarona
|-singleturn|p1b: Volcarona|Protect
|move|p2a: Jinsousen|Wave Crash|p1b: Volcarona
|-activate|p1b: Volcarona|move: Protect
|move|p1a: Rillaboom|U-turn|p2b: Pelipper
|-resisted|p2b: Pelipper
|-damage|p2b: Pelipper|86/100
|
|t:|1757735175
|switch|p1a: Tyranitar|Tyranitar, L50, M|100/100|[from] U-turn
|-weather|Sandstorm|[from] ability: Sand Stream|[of] p1a: Tyranitar
|
|-weather|Sandstorm|[upkeep]
|-damage|p1b: Volcarona|94/100|[from] Sandstorm
|-damage|p2a: Jinsousen|94/100|[from] Sandstorm
|-heal|p1b: Volcarona|100/100|[from] Grassy Terrain
|-heal|p2a: Jinsousen|100/100|[from] Grassy Terrain
|upkeep
|turn|2
|inactive|Killsbugsded has 30 seconds left.
|
|t:|1757735205
|-terastallize|p1b: Volcarona|Fairy
|move|p1b: Volcarona|Flamethrower|p2a: Jinsousen
|-supereffective|p2a: Jinsousen
|-damage|p2a: Jinsousen|0 fnt
|faint|p2a: Jinsousen
|move|p2b: Pelipper|Weather Ball|p1b: Volcarona
|-damage|p1b: Volcarona|77/100
|move|p1a: Tyranitar|Knock Off|p2b: Pelipper
|-damage|p2b: Pelipper|30/100
|-enditem|p2b: Pelipper|Safety Goggles|[from] move: Knock Off|[of] p1a: Tyranitar
|
|-weather|Sandstorm|[upkeep]
|-damage|p1b: Volcarona|71/100|[from] Sandstorm
|-damage|p2b: Pelipper|24/100|[from] Sandstorm
|-heal|p1b: Volcarona|77/100|[from] Grassy Terrain
|upkeep
|
|t:|1757735213
|switch|p2a: Suspencer|Archaludon, L50, F|100/100
|turn|3
|
|t:|1757735224
|switch|p2b: Fruity Kong|Rillaboom, L50, M, shiny|100/100
|move|p1b: Volcarona|Tera Blast|p2b: Fruity Kong|[anim] Tera Blast Fairy
|-damage|p2b: Fruity Kong|53/100
|move|p2a: Suspencer|Flash Cannon|p1b: Volcarona
|-supereffective|p1b: Volcarona
|-damage|p1b: Volcarona|0 fnt
|faint|p1b: Volcarona
|move|p1a: Tyranitar|Knock Off|p2a: Suspencer
|-damage|p2a: Suspencer|65/100
|-ability|p2a: Suspencer|Stamina|boost
|-boost|p2a: Suspencer|def|1
|-enditem|p2a: Suspencer|Assault Vest|[from] move: Knock Off|[of] p1a: Tyranitar
|
|-weather|Sandstorm|[upkeep]
|-damage|p2b: Fruity Kong|47/100|[from] Sandstorm
|-heal|p2b: Fruity Kong|53/100|[from] Grassy Terrain
|-heal|p2a: Suspencer|72/100|[from] Grassy Terrain
|upkeep
|
|t:|1757735237
|switch|p1b: Rillaboom|Rillaboom, L50, M|100/100
|turn|4
|
|t:|1757735255
|move|p1b: Rillaboom|High Horsepower|p2a: Suspencer
|-supereffective|p2a: Suspencer
|-damage|p2a: Suspencer|36/100
|-ability|p2a: Suspencer|Stamina|boost
|-boost|p2a: Suspencer|def|1
|move|p2b: Fruity Kong|Bullet Seed|p2a: Suspencer
|-resisted|p2a: Suspencer
|-damage|p2a: Suspencer|35/100
|-ability|p2a: Suspencer|Stamina|boost
|-boost|p2a: Suspencer|def|1
|-resisted|p2a: Suspencer
|-damage|p2a: Suspencer|33/100
|-ability|p2a: Suspencer|Stamina|boost
|-boost|p2a: Suspencer|def|1
|-resisted|p2a: Suspencer
|-damage|p2a: Suspencer|32/100
|-ability|p2a: Suspencer|Stamina|boost
|-boost|p2a: Suspencer|def|1
|-resisted|p2a: Suspencer
|-damage|p2a: Suspencer|32/100
|-ability|p2a: Suspencer|Stamina|boost
|-boost|p2a: Suspencer|def|1
|-resisted|p2a: Suspencer
|-damage|p2a: Suspencer|31/100
|-hitcount|p2a: Suspencer|5
|move|p2a: Suspencer|Body Press|p1a: Tyranitar
|-supereffective|p1a: Tyranitar
|-damage|p1a: Tyranitar|0 fnt
|faint|p1a: Tyranitar
|
|-weather|Sandstorm|[upkeep]
|-damage|p1b: Rillaboom|94/100|[from] Sandstorm
|-damage|p2b: Fruity Kong|47/100|[from] Sandstorm
|-heal|p1b: Rillaboom|100/100|[from] Grassy Terrain
|-heal|p2b: Fruity Kong|53/100|[from] Grassy Terrain
|-heal|p2a: Suspencer|38/100|[from] Grassy Terrain
|upkeep
|
|t:|1757735262
|switch|p1a: Maushold|Maushold-Four, L50|100/100
|turn|5
|-message|Killsbugsded forfeited.
|
|win|JoshSketch
||JoshSketch is ready for game 3.
||Killsbugsded is ready for game 3.
|uhtml|next|Next: Game 3 of 3
|l|☆Killsbugsded
|player|p1|
