|j|☆yoru no kurage
|j|☆Sven
|html|yoru no kurageSven    
|uhtml|bestof|Game 1 of a best-of-3
|t:|1784905806
|gametype|doubles
|player|p1|yoru no kurage|yancy|
|player|p2|Sven|#smogonxnpa2024winner|
|gen|9
|tier|[Gen 9 Champions] VGC 2026 Reg M-B (Bo3)
|rule|Species Clause: Limit one of each Pokémon
|rule|Item Clause: Limit 1 of each item
|clearpoke
|poke|p1|Metagross, L50|
|poke|p1|Sneasler, L50, M|
|poke|p1|Ninetales-Alola, L50, M|
|poke|p1|Snorlax, L50, F|
|poke|p1|Toxapex, L50, M|
|poke|p1|Dragonite, L50, M|
|poke|p2|Froslass, L50, F|
|poke|p2|Basculegion, L50, M|
|poke|p2|Kingambit, L50, M|
|poke|p2|Sneasler, L50, F|
|poke|p2|Lycanroc-Dusk, L50, M|
|poke|p2|Scovillain, L50, M, shiny|
|teampreview|4
|showteam|p1|Metagross||Metagrossite|ClearBody|MeteorMash,PsychicFangs,StompingTantrum,Protect|Jolly|||||50|]Sneasler||FocusSash|Unburden|FakeOut,DireClaw,CloseCombat,Coaching|Jolly||M|||50|]Ninetales-Alola||NeverMeltIce|SnowWarning|Blizzard,FreezeDry,Encore,Protect|Timid||M|||50|]Snorlax||SitrusBerry|ThickFat|Yawn,BodySlam,HighHorsepower,Protect|Impish||F|||50|]Toxapex||Leftovers|Regenerator|Toxic,Infestation,Protect,WideGuard|Impish||M|||50|]Dragonite||Dragoninite|InnerFocus|Tailwind,DracoMeteor,Thunderbolt,HeatWave|Modest||M|||50|
|showteam|p2|Froslass||Froslassite|CursedBody|Blizzard,ShadowBall,AuroraVeil,Protect|Timid||F|||50|]Basculegion||SitrusBerry|Adaptability|WaveCrash,LastRespects,AquaJet,Protect|Adamant||M|||50|]Kingambit||LifeOrb|Defiant|KowtowCleave,SuckerPunch,SwordsDance,Protect|Adamant||M|||50|]Sneasler||WhiteHerb|Unburden|CloseCombat,GunkShot,FakeOut,Protect|Adamant||F|||50|]Lycanroc-Dusk||FocusSash|ToughClaws|RockSlide,CloseCombat,Accelerock,Protect|Adamant||M|||50|]Scovillain||Scovillainite|Moody|Overheat,GigaDrain,RagePowder,Protect|Bold||M|||50|
|inactive|Battle timer is ON: inactive players will automatically lose when time's up. (requested by Sven)
|inactive|yoru no kurage also wants the timer to be on.
|c|☆Sven|gl hf
|inactive|Sven no longer wants the timer on, but the timer is staying on because yorunokurage still does.
|c|☆yoru no kurage|If u dont mind can u ping the smogon doubles disc
|c|☆Sven|yes
|c|☆Sven|can we t urn off timer for a sec then
|c|☆yoru no kurage|Cant get on discord wih this signal
|c|☆yoru no kurage|Ye
|inactiveoff|Battle timer is now OFF.
|j| Herv The One
|c|☆Sven|can you also do /publicroom
|c|☆Sven|its required
|j| Code
|l| Code
|c|☆yoru no kurage|Trying
|c|☆yoru no kurage|It wont let me
|c|☆Sven|maybe in the bo3 room?
|c|☆yoru no kurage|This room's parent yoru no kurage vs. Sven must be public for this room to be public.
|uhtmlchange|bestof|Game 1 of a best-of-3
|c|☆yoru no kurage|There
|c|☆Sven|yup that worked
|c|☆Sven|Ill share link now
|l| Herv The One
|j| Herv The One
|c|☆Sven|shared
|c|☆yoru no kurage|Kk
|c|☆yoru no kurage|Hf
|
|t:|1784906024
|teamsize|p1|4
|teamsize|p2|4
|start
|switch|p1a: Sneasler|Sneasler, L50, M|100/100
|switch|p1b: Dragonite|Dragonite, L50, M|100/100
|switch|p2a: Basculegion|Basculegion, L50, M|100/100
|switch|p2b: Scovillain|Scovillain, L50, M, shiny|100/100
|turn|1
|l| Herv The One
|j| Herv The One
|
|t:|1784906070
|switch|p1a: Puddles|Toxapex, L50, M|100/100
|detailschange|p1b: Dragonite|Dragonite-Mega, L50, M
|-mega|p1b: Dragonite|Dragonite|Dragoninite
|detailschange|p2b: Scovillain|Scovillain-Mega, L50, M, shiny
|-mega|p2b: Scovillain|Scovillain|Scovillainite
|move|p1b: Dragonite|Heat Wave|p2a: Basculegion|[spread] p2b
|-miss|p1b: Dragonite|p2a: Basculegion
|-damage|p2b: Scovillain|67/100
|-status|p1b: Dragonite|brn|[from] ability: Spicy Spray|[of] p2b: Scovillain
|move|p2b: Scovillain|Giga Drain|p1a: Puddles
|-damage|p1a: Puddles|72/100
|-heal|p2b: Scovillain|80/100|[from] drain|[of] p1a: Puddles
|move|p2a: Basculegion|Wave Crash|p1a: Puddles
|-resisted|p1a: Puddles|1
|-damage|p1a: Puddles|48/100
|-damage|p2a: Basculegion|94/100|[from] Recoil
|
|-heal|p1a: Puddles|54/100|[from] item: Leftovers
|-damage|p1b: Dragonite|94/100 brn|[from] brn
|upkeep
|turn|2
|j| Schister
|j|+zoe
|
|t:|1784906096
|move|p2a: Basculegion|Protect|p2a: Basculegion
|-singleturn|p2a: Basculegion|Protect
|move|p1a: Puddles|Protect|p1a: Puddles
|-singleturn|p1a: Puddles|Protect
|move|p1b: Dragonite|Thunderbolt|p2a: Basculegion
|-activate|p2a: Basculegion|move: Protect
|move|p2b: Scovillain|Giga Drain|p1a: Puddles
|-activate|p1a: Puddles|move: Protect
|
|-heal|p1a: Puddles|59/100|[from] item: Leftovers
|-damage|p1b: Dragonite|88/100 brn|[from] brn
|upkeep
|turn|3
|
|t:|1784906121
|move|p1b: Dragonite|Draco Meteor|p2b: Scovillain
|-damage|p2b: Scovillain|0 fnt
|-unboost|p1b: Dragonite|spa|2
|faint|p2b: Scovillain
|move|p2a: Basculegion|Wave Crash|p1a: Puddles
|-resisted|p1a: Puddles|1
|-damage|p1a: Puddles|35/100
|-damage|p2a: Basculegion|88/100|[from] Recoil
|move|p1a: Puddles|Toxic|p2a: Basculegion
|-status|p2a: Basculegion|tox
|
|-heal|p1a: Puddles|41/100|[from] item: Leftovers
|-damage|p2a: Basculegion|82/100 tox|[from] psn
|-damage|p1b: Dragonite|82/100 brn|[from] brn
|upkeep
|
|t:|1784906126
|switch|p2b: Kingambit|Kingambit, L50, M|100/100
|turn|4
|j| Azrealeus
|
|t:|1784906142
|switch|p1b: Snorlax|Snorlax, L50, F|100/100
|move|p2a: Basculegion|Last Respects|p1b: Snorlax
|-immune|p1b: Snorlax
|move|p2b: Kingambit|Kowtow Cleave|p1b: Snorlax
|-damage|p1b: Snorlax|58/100
|-damage|p2b: Kingambit|90/100|[from] item: Life Orb
|move|p1a: Puddles|Infestation|p2a: Basculegion
|-resisted|p2a: Basculegion|1
|-damage|p2a: Basculegion|80/100 tox
|-activate|p2a: Basculegion|move: Infestation|[of] p1a: Puddles
|
|-heal|p1a: Puddles|47/100|[from] item: Leftovers
|-damage|p2a: Basculegion|68/100 tox|[from] psn
|-damage|p2a: Basculegion|56/100 tox|[from] move: Infestation|[partiallytrapped]
|upkeep
|turn|5
|j| Code
|
|t:|1784906162
|move|p1a: Puddles|Protect|p1a: Puddles
|-singleturn|p1a: Puddles|Protect
|move|p1b: Snorlax|Protect|p1b: Snorlax
|-singleturn|p1b: Snorlax|Protect
|move|p2a: Basculegion|Wave Crash|p1b: Snorlax
|-activate|p1b: Snorlax|move: Protect
|move|p2b: Kingambit|Kowtow Cleave|p1b: Snorlax
|-activate|p1b: Snorlax|move: Protect
|
|-heal|p1a: Puddles|52/100|[from] item: Leftovers
|-damage|p2a: Basculegion|38/100 tox|[from] psn
|-damage|p2a: Basculegion|26/100 tox|[from] move: Infestation|[partiallytrapped]
|upkeep
|-enditem|p2a: Basculegion|Sitrus Berry|[eat]
|-heal|p2a: Basculegion|51/100 tox|[from] item: Sitrus Berry
|turn|6
|j| icypenguin604
|
|t:|1784906177
|move|p2a: Basculegion|Last Respects|p1a: Puddles
|-damage|p1a: Puddles|10/100
|move|p2b: Kingambit|Swords Dance|p2b: Kingambit
|-boost|p2b: Kingambit|atk|2
|move|p1a: Puddles|Infestation|p2b: Kingambit
|-damage|p2b: Kingambit|87/100
|-activate|p2b: Kingambit|move: Infestation|[of] p1a: Puddles
|move|p1b: Snorlax|Yawn|p2b: Kingambit
|-start|p2b: Kingambit|move: Yawn|[of] p1b: Snorlax
|
|-heal|p1a: Puddles|16/100|[from] item: Leftovers
|-damage|p2a: Basculegion|27/100 tox|[from] psn
|-damage|p2a: Basculegion|15/100 tox|[from] move: Infestation|[partiallytrapped]
|-damage|p2b: Kingambit|75/100|[from] move: Infestation|[partiallytrapped]
|upkeep
|turn|7
|
|t:|1784906183
|switch|p2a: Sneasler|Sneasler, L50, F|100/100
|move|p1a: Puddles|Protect|p1a: Puddles
|-singleturn|p1a: Puddles|Protect
|move|p1b: Snorlax|Protect|p1b: Snorlax
|-singleturn|p1b: Snorlax|Protect
|move|p2b: Kingambit|Swords Dance|p2b: Kingambit
|-boost|p2b: Kingambit|atk|2
|
|-heal|p1a: Puddles|22/100|[from] item: Leftovers
|-damage|p2b: Kingambit|63/100|[from] move: Infestation|[partiallytrapped]
|-end|p2b: Kingambit|move: Yawn|[silent]
|-status|p2b: Kingambit|slp
|upkeep
|turn|8
|j| Hasayo
|
|t:|1784906197
|-heal|p1a: Puddles|55/100|[from] ability: Regenerator|[silent]
|switch|p1a: Sneasler|Sneasler, L50, M|100/100
|switch|p1b: Dragonite|Dragonite-Mega, L50, M|82/100 brn
|move|p2a: Sneasler|Close Combat|p1a: Sneasler
|-resisted|p1a: Sneasler|1
|-damage|p1a: Sneasler|47/100
|-unboost|p2a: Sneasler|def|1
|-unboost|p2a: Sneasler|spd|1
|-enditem|p2a: Sneasler|White Herb
|-clearnegativeboost|p2a: Sneasler|[silent]
|cant|p2b: Kingambit|slp
|
|-damage|p1b: Dragonite|76/100 brn|[from] brn
|-end|p2b: Kingambit|Infestation|[partiallytrapped]|[silent]
|upkeep
|turn|9
|
|t:|1784906212
|move|p2a: Sneasler|Protect|p2a: Sneasler
|-singleturn|p2a: Sneasler|Protect
|cant|p2b: Kingambit|slp
|move|p1a: Sneasler|Fake Out|p2a: Sneasler
|-activate|p2a: Sneasler|move: Protect
|move|p1b: Dragonite|Tailwind|p1b: Dragonite
|-sidestart|p1: yoru no kurage|move: Tailwind
|
|-damage|p1b: Dragonite|70/100 brn|[from] brn
|upkeep
|turn|10
|
|t:|1784906234
|-curestatus|p2b: Kingambit|slp|[msg]
|move|p2b: Kingambit|Sucker Punch|p1a: Sneasler
|-resisted|p1a: Sneasler|1
|-damage|p1a: Sneasler|0 fnt
|faint|p1a: Sneasler
|-damage|p2b: Kingambit|53/100|[from] item: Life Orb
|move|p2a: Sneasler|Gunk Shot|p1b: Dragonite
|-damage|p1b: Dragonite|14/100 brn
|move|p1b: Dragonite|Heat Wave|p2b: Kingambit|[spread] p2a
|-miss|p1b: Dragonite|p2b: Kingambit
|-damage|p2a: Sneasler|69/100
|
|-damage|p1b: Dragonite|8/100 brn|[from] brn
|upkeep
|j|+Actuarily
|j| kynan sahur
|-message|yoru no kurage forfeited.
|
|win|Sven
||yoru no kurage is ready for game 2.
||Sven is ready for game 2.
|uhtml|next|Next: Game 2 of 3
|j| hungry lights
|l| hungry lights
|j| Nido-Rus
|j|+iPetBigfoot
|l| icypenguin604
|l|+Actuarily
|j|+Actuarily
|l| Schister
|j| skittycel
|l|+Actuarily
|j|+bagel
|l|☆yoru no kurage
|player|p1|
|l| Nido-Rus
|l|+iPetBigfoot
|l| skittycel
|j| LogIce
|l| Azrealeus
|l| LogIce
|j| PigWarrior19
|j| Azrealeus
|l| Herv The One
|l| Azrealeus
|j|+Actuarily
|j| LogIce
|l| LogIce
|l|+Actuarily
