|j|☆Bbob415
|j|☆Period Hater
|html|Bbob415Period Hater    
|uhtml|bestof|Game 2 of a best-of-3
|t:|1784407243
|gametype|doubles
|player|p1|Bbob415|102|
|player|p2|Period Hater|hilda|
|gen|9
|tier|[Gen 9 Champions] VGC 2026 Reg M-B (Bo3)
|rule|Species Clause: Limit one of each Pokémon
|rule|Item Clause: Limit 1 of each item
|clearpoke
|poke|p1|Charizard, L50, M|
|poke|p1|Whimsicott, L50, F|
|poke|p1|Basculegion, L50, M|
|poke|p1|Mawile, L50, F|
|poke|p1|Farigiraf, L50, M|
|poke|p1|Garchomp, L50, M|
|poke|p2|Pelipper, L50, F|
|poke|p2|Swampert, L50, M|
|poke|p2|Maushold-Four, L50|
|poke|p2|Archaludon, L50, M|
|poke|p2|Annihilape, L50, M|
|poke|p2|Sinistcha, L50|
|teampreview|4
|showteam|p1|Charizard||CharizarditeY|SolarPower|HeatWave,WeatherBall,SolarBeam,Protect|Timid||M|||50|]Whimsicott||FocusSash|Prankster|Moonblast,Tailwind,Encore,Protect|Timid||F|||50|]Basculegion||SitrusBerry|Adaptability|WaveCrash,AquaJet,LastRespects,Protect|Adamant||M|||50|]Mawile||Mawilite|HyperCutter|PlayRough,IronHead,SuckerPunch,RockSlide|Adamant||F|||50|]Farigiraf||ColburBerry|ArmorTail|HyperVoice,Psychic,HelpingHand,TrickRoom|Relaxed||M|||50|]Garchomp||LifeOrb|RoughSkin|Earthquake,DragonClaw,RockSlide,Protect|Jolly||M|||50|
|showteam|p2|Pelipper||FocusSash|Drizzle|WeatherBall,Hurricane,Tailwind,WideGuard|Modest||F|||50|]Swampert||Swampertite|Torrent|WaveCrash,HighHorsepower,Protect,IcePunch|Adamant||M|||50|]Maushold-Four||ChopleBerry|FriendGuard|BeatUp,Encore,FollowMe,RainDance|Jolly|||||50|]Archaludon||Leftovers|Stamina|ElectroShot,DragonPulse,FlashCannon,Protect|Modest||M|||50|]Annihilape||SitrusBerry|Defiant|DrainPunch,RageFist,BulkUp,Protect|Adamant||M|||50|]Sinistcha||CobaBerry|Hospitality|MatchaGotcha,RagePowder,TrickRoom,Protect|Calm|||||50|
|j| Blizz.vg
|j| PolaroidVGC
|j| X2Muz
|j| RunningRad
|
|t:|1784407269
|teamsize|p1|4
|teamsize|p2|4
|start
|switch|p1a: Cheap Trick|Whimsicott, L50, F|100/100
|switch|p1b: Magicians Red|Charizard, L50, M|100/100
|switch|p2a: Annihilape|Annihilape, L50, M|100/100
|switch|p2b: Maushold|Maushold-Four, L50|100/100
|turn|1
|l| X2Muz
|
|t:|1784407295
|move|p1b: Magicians Red|Protect|p1b: Magicians Red
|-singleturn|p1b: Magicians Red|Protect
|move|p1a: Cheap Trick|Tailwind|p1a: Cheap Trick
|-sidestart|p1: Bbob415|move: Tailwind
|move|p2b: Maushold|Beat Up|p2a: Annihilape
|-damage|p2a: Annihilape|97/100
|-damage|p2a: Annihilape|95/100
|-damage|p2a: Annihilape|92/100
|-damage|p2a: Annihilape|90/100
|-hitcount|p2a: Annihilape|4
|move|p2a: Annihilape|Rage Fist|p1b: Magicians Red
|-activate|p1b: Magicians Red|move: Protect
|
|upkeep
|turn|2
|j| Autin Mago
|j| X2Muz
|c| Autin Mago|Go team
|
|t:|1784407328
|detailschange|p1b: Magicians Red|Charizard-Mega-Y, L50, M
|-mega|p1b: Magicians Red|Charizard|Charizardite Y
|-weather|SunnyDay|[from] ability: Drought|[of] p1b: Magicians Red
|move|p2a: Annihilape|Protect|p2a: Annihilape
|-singleturn|p2a: Annihilape|Protect
|move|p1a: Cheap Trick|Moonblast|p2a: Annihilape
|-activate|p2a: Annihilape|move: Protect
|move|p1b: Magicians Red|Heat Wave|p2b: Maushold|[spread] p2b
|-activate|p2a: Annihilape|move: Protect
|-damage|p2b: Maushold|23/100
|move|p2b: Maushold|Encore|p1b: Magicians Red
|-start|p1b: Magicians Red|Encore
|
|-weather|SunnyDay|[upkeep]
|upkeep
|turn|3
|
|t:|1784407357
|switch|p2b: Pelipper|Pelipper, L50, F|100/100
|-weather|RainDance|[from] ability: Drizzle|[of] p2b: Pelipper
|move|p1a: Cheap Trick|Encore|p2a: Annihilape
|-start|p2a: Annihilape|Encore
|move|p2a: Annihilape|Protect||[still]
|-fail|p2a: Annihilape
|move|p1b: Magicians Red|Heat Wave|p2a: Annihilape|[spread] p2a,p2b
|-crit|p2a: Annihilape
|-resisted|p2b: Pelipper|1
|-damage|p2a: Annihilape|55/100
|-damage|p2b: Pelipper|81/100
|
|-weather|RainDance|[upkeep]
|upkeep
|turn|4
|
|t:|1784407378
|switch|p1b: Clash|Basculegion, L50, M|100/100
|switch|p2a: Swampert|Swampert, L50, M|100/100
|move|p1a: Cheap Trick|Protect|p1a: Cheap Trick
|-singleturn|p1a: Cheap Trick|Protect
|move|p2b: Pelipper|Weather Ball|p1b: Clash
|-resisted|p1b: Clash|1
|-damage|p1b: Clash|61/100
|
|-weather|RainDance|[upkeep]
|-sideend|p1: Bbob415|move: Tailwind
|upkeep
|turn|5
|
|t:|1784407395
|detailschange|p2a: Swampert|Swampert-Mega, L50, M
|-mega|p2a: Swampert|Swampert|Swampertite
|move|p1a: Cheap Trick|Encore|p2b: Pelipper
|-start|p2b: Pelipper|Encore
|move|p2a: Swampert|Wave Crash|p1b: Clash
|-resisted|p1b: Clash|1
|-damage|p1b: Clash|7/100
|-enditem|p1b: Clash|Sitrus Berry|[eat]
|-heal|p1b: Clash|32/100|[from] item: Sitrus Berry
|-damage|p2a: Swampert|81/100|[from] Recoil
|move|p2b: Pelipper|Weather Ball|p1a: Cheap Trick
|-resisted|p1a: Cheap Trick|1
|-damage|p1a: Cheap Trick|39/100
|move|p1b: Clash|Wave Crash|p2a: Swampert
|-crit|p2a: Swampert
|-damage|p2a: Swampert|0 fnt
|faint|p2a: Swampert
|-damage|p1b: Clash|7/100|[from] Recoil
|
|-weather|RainDance|[upkeep]
|upkeep
|
|t:|1784407407
|switch|p2a: Annihilape|Annihilape, L50, M|55/100
|turn|6
|
|t:|1784407419
|move|p2a: Annihilape|Protect|p2a: Annihilape
|-singleturn|p2a: Annihilape|Protect
|move|p1a: Cheap Trick|Tailwind|p1a: Cheap Trick
|-sidestart|p1: Bbob415|move: Tailwind
|move|p1b: Clash|Wave Crash|p2a: Annihilape
|-activate|p2a: Annihilape|move: Protect
|move|p2b: Pelipper|Weather Ball|p1a: Cheap Trick
|-resisted|p1a: Cheap Trick|1
|-damage|p1a: Cheap Trick|0 fnt
|faint|p1a: Cheap Trick
|
|-weather|RainDance|[upkeep]
|upkeep
|
|t:|1784407430
|switch|p1a: Magicians Red|Charizard-Mega-Y, L50, M|100/100
|-weather|SunnyDay|[from] ability: Drought|[of] p1a: Magicians Red
|turn|7
|
|t:|1784407459
|move|p1a: Magicians Red|Weather Ball|p2a: Annihilape
|-damage|p2a: Annihilape|0 fnt
|faint|p2a: Annihilape
|move|p1b: Clash|Last Respects|p2b: Pelipper
|-crit|p2b: Pelipper
|-damage|p2b: Pelipper|0 fnt
|faint|p2b: Pelipper
|
|-weather|SunnyDay|[upkeep]
|upkeep
|
|t:|1784407466
|switch|p2b: Maushold|Maushold-Four, L50|23/100
|turn|8
|l| Autin Mago
|c|☆Period Hater|Gg
|
|t:|1784407474
|move|p1a: Magicians Red|Weather Ball|p2b: Maushold
|-damage|p2b: Maushold|0 fnt
|faint|p2b: Maushold
|
|win|Bbob415
|c|☆Bbob415|ggs
