|j|☆laufey#1fan
|j|☆techinsan3
|html|laufey#1fantechinsan3    
|uhtml|bestof|Game 2 of a best-of-3
|t:|1756529091
|gametype|doubles
|player|p1|laufey#1fan|lady|1175
|player|p2|techinsan3|ghetsis-gen5bw|1206
|gen|9
|tier|[Gen 9] VGC 2025 Reg H (Bo3)
|rated|
|rule|Species Clause: Limit one of each Pokémon
|rule|Item Clause: Limit 1 of each item
|clearpoke
|poke|p1|Gholdengo, L50|
|poke|p1|Ursaluna-Bloodmoon, L50, M|
|poke|p1|Incineroar, L50, F|
|poke|p1|Maushold-Four, L50|
|poke|p1|Annihilape, L50, M|
|poke|p1|Dragonite, L50, F|
|poke|p2|Volcarona, L50, M|
|poke|p2|Rillaboom, L50, F|
|poke|p2|Kingambit, L50, F|
|poke|p2|Electabuzz, L50, M|
|poke|p2|Sneasler, L50, M|
|poke|p2|Dragonite, L50, F|
|teampreview|4
|showteam|p1|Gholdengo||LifeOrb|GoodasGold|MakeItRain,NastyPlot,ShadowBall,Protect||||||50|,,,,,Water]Ursaluna-Bloodmoon||AssaultVest|MindsEye|BloodMoon,EarthPower,HyperVoice,VacuumWave|||M|||50|,,,,,Water]Incineroar||SafetyGoggles|Intimidate|FakeOut,FlareBlitz,PartingShot,KnockOff|||F|||50|,,,,,Ghost]Maushold-Four||FocusSash|FriendGuard|SuperFang,FollowMe,BeatUp,Protect||||||50|,,,,,Grass]Annihilape||SitrusBerry|Defiant|DrainPunch,BulkUp,RageFist,Protect|||M|||50|,,,,,Fire]Dragonite||LoadedDice|Multiscale|ScaleShot,ExtremeSpeed,Protect,Tailwind|||F|||50|,,,,,Fairy
|showteam|p2|Volcarona||CovertCloak|FlameBody|HeatWave,TeraBlast,QuiverDance,Protect|||M|||50|,,,,,Fairy]Rillaboom||AssaultVest|GrassySurge|WoodHammer,GrassyGlide,HighHorsepower,FakeOut|||F|||50|,,,,,Fire]Kingambit||SafetyGoggles|Defiant|KowtowCleave,SuckerPunch,SwordsDance,Protect|||F|||50|,,,,,Dark]Electabuzz||Eviolite|VitalSpirit|Thunderbolt,Taunt,FollowMe,Protect|||M|||50|,,,,,Ghost]Sneasler||FocusSash|Unburden|DireClaw,CloseCombat,Coaching,FakeOut|||M|||50|,,,,,Stellar]Dragonite||LoadedDice|Multiscale|ScaleShot,ExtremeSpeed,Haze,Protect|||F|||50|,,,,,Steel
|inactive|Battle timer is ON: inactive players will automatically lose when time's up. (requested by laufey#1fan)
|
|t:|1756529136
|teamsize|p1|4
|teamsize|p2|4
|start
|switch|p1a: Sabotage|Annihilape, L50, M, shiny|100/100
|switch|p1b: Carousel|Maushold-Four, L50|100/100
|switch|p2a: Sneasler|Sneasler, L50, M, shiny|100/100
|switch|p2b: Dragonite|Dragonite, L50, F, shiny|100/100
|turn|1
|
|t:|1756529155
|move|p1b: Carousel|Protect|p1b: Carousel
|-singleturn|p1b: Carousel|Protect
|move|p2a: Sneasler|Coaching|p2b: Dragonite
|-boost|p2b: Dragonite|atk|1
|-boost|p2b: Dragonite|def|1
|move|p1a: Sabotage|Bulk Up|p1a: Sabotage
|-boost|p1a: Sabotage|atk|1
|-boost|p1a: Sabotage|def|1
|move|p2b: Dragonite|Scale Shot|p1b: Carousel
|-activate|p1b: Carousel|move: Protect
|
|upkeep
|turn|2
|
|t:|1756529168
|move|p2b: Dragonite|Extreme Speed|p1b: Carousel
|-damage|p1b: Carousel|36/100
|move|p2a: Sneasler|Close Combat|p1b: Carousel
|-supereffective|p1b: Carousel
|-damage|p1b: Carousel|0 fnt
|-unboost|p2a: Sneasler|def|1
|-unboost|p2a: Sneasler|spd|1
|faint|p1b: Carousel
|move|p1a: Sabotage|Rage Fist|p2b: Dragonite
|-damage|p2b: Dragonite|90/100
|
|upkeep
|
|t:|1756529173
|switch|p1b: Snow white|Incineroar, L50, F, shiny|100/100
|-ability|p1b: Snow white|Intimidate|boost
|-unboost|p2a: Sneasler|atk|1
|-unboost|p2b: Dragonite|atk|1
|turn|3
|inactive|techinsan3 has 30 seconds left.
|inactive|techinsan3 has 20 seconds left.
|inactive|techinsan3 has 15 seconds left.
|
|t:|1756529216
|switch|p2a: Rillaboom|Rillaboom, L50, F, shiny|100/100
|-fieldstart|move: Grassy Terrain|[from] ability: Grassy Surge|[of] p2a: Rillaboom
|move|p1b: Snow white|Fake Out|p2a: Rillaboom
|-damage|p2a: Rillaboom|89/100
|move|p1a: Sabotage|Bulk Up|p1a: Sabotage
|-boost|p1a: Sabotage|atk|1
|-boost|p1a: Sabotage|def|1
|move|p2b: Dragonite|Scale Shot|p1b: Snow white
|-damage|p1b: Snow white|87/100
|-damage|p1b: Snow white|71/100
|-damage|p1b: Snow white|56/100
|-damage|p1b: Snow white|42/100
|-hitcount|p1b: Snow white|4
|-unboost|p2b: Dragonite|def|1
|-boost|p2b: Dragonite|spe|1
|
|-heal|p2a: Rillaboom|95/100|[from] Grassy Terrain
|-heal|p1b: Snow white|48/100|[from] Grassy Terrain
|upkeep
|turn|4
|
|t:|1756529237
|move|p2b: Dragonite|Haze|p2b: Dragonite
|-clearallboost
|move|p1a: Sabotage|Drain Punch|p2a: Rillaboom
|-damage|p2a: Rillaboom|65/100
|move|p2a: Rillaboom|High Horsepower|p1b: Snow white
|-supereffective|p1b: Snow white
|-damage|p1b: Snow white|0 fnt
|faint|p1b: Snow white
|
|-heal|p2a: Rillaboom|71/100|[from] Grassy Terrain
|upkeep
|
|t:|1756529244
|switch|p1b: Clear Air|Dragonite, L50, F|100/100
|turn|5
|
|t:|1756529266
|-terastallize|p2b: Dragonite|Steel
|-terastallize|p1b: Clear Air|Fairy
|move|p1a: Sabotage|Bulk Up|p1a: Sabotage
|-boost|p1a: Sabotage|atk|1
|-boost|p1a: Sabotage|def|1
|move|p2b: Dragonite|Scale Shot|p1b: Clear Air
|-immune|p1b: Clear Air
|move|p1b: Clear Air|Scale Shot|p2a: Rillaboom
|-damage|p2a: Rillaboom|57/100
|-damage|p2a: Rillaboom|43/100
|-damage|p2a: Rillaboom|29/100
|-damage|p2a: Rillaboom|14/100
|-damage|p2a: Rillaboom|0 fnt
|faint|p2a: Rillaboom
|-hitcount|p2: Rillaboom|5
|-unboost|p1b: Clear Air|def|1
|-boost|p1b: Clear Air|spe|1
|
|-heal|p2b: Dragonite|96/100|[from] Grassy Terrain
|upkeep
|
|t:|1756529273
|switch|p2a: Sneasler|Sneasler, L50, M, shiny|100/100
|turn|6
|
|t:|1756529292
|move|p1b: Clear Air|Protect|p1b: Clear Air
|-singleturn|p1b: Clear Air|Protect
|move|p2a: Sneasler|Fake Out|p1b: Clear Air
|-activate|p1b: Clear Air|move: Protect
|move|p1a: Sabotage|Drain Punch|p2b: Dragonite
|-supereffective|p2b: Dragonite
|-damage|p2b: Dragonite|0 fnt
|faint|p2b: Dragonite
|
|upkeep
|
|t:|1756529296
|switch|p2b: Volcarona|Volcarona, L50, M, shiny|100/100
|turn|7
|
|t:|1756529306
|move|p1b: Clear Air|Scale Shot|p2a: Sneasler
|-damage|p2a: Sneasler|77/100
|-damage|p2a: Sneasler|50/100
|-damage|p2a: Sneasler|24/100
|-damage|p2a: Sneasler|0 fnt
|faint|p2a: Sneasler
|-hitcount|p2: Sneasler|4
|-unboost|p1b: Clear Air|def|1
|-boost|p1b: Clear Air|spe|1
|move|p1a: Sabotage|Bulk Up|p1a: Sabotage
|-boost|p1a: Sabotage|atk|1
|-boost|p1a: Sabotage|def|1
|move|p2b: Volcarona|Quiver Dance|p2b: Volcarona
|-boost|p2b: Volcarona|spa|1
|-boost|p2b: Volcarona|spd|1
|-boost|p2b: Volcarona|spe|1
|
|-fieldend|move: Grassy Terrain
|upkeep
|turn|8
|
|t:|1756529319
|move|p1b: Clear Air|Scale Shot|p2b: Volcarona
|-damage|p2b: Volcarona|83/100
|-damage|p2b: Volcarona|65/100
|-damage|p2b: Volcarona|46/100
|-damage|p2b: Volcarona|29/100
|-damage|p2b: Volcarona|10/100
|-hitcount|p2b: Volcarona|5
|-unboost|p1b: Clear Air|def|1
|-boost|p1b: Clear Air|spe|1
|move|p2b: Volcarona|Quiver Dance|p2b: Volcarona
|-boost|p2b: Volcarona|spa|1
|-boost|p2b: Volcarona|spd|1
|-boost|p2b: Volcarona|spe|1
|move|p1a: Sabotage|Rage Fist|p2b: Volcarona
|-crit|p2b: Volcarona
|-damage|p2b: Volcarona|0 fnt
|faint|p2b: Volcarona
|
|win|laufey#1fan
||techinsan3 is ready for game 3.
||laufey#1fan is ready for game 3.
|uhtml|next|Next: Game 3 of 3
