|j|☆imsavusnic
|j|☆cuquabu
|html|imsavusniccuquabu    
|uhtml|bestof|Game 2 of a best-of-3
|t:|1784910576
|gametype|doubles
|player|p1|imsavusnic|boarder|1155
|player|p2|cuquabu|lucas|1179
|gen|9
|tier|[Gen 9 Champions] VGC 2026 Reg M-B (Bo3)
|rated|
|rule|Species Clause: Limit one of each Pokémon
|rule|Item Clause: Limit 1 of each item
|clearpoke
|poke|p1|Charizard, L50, M|
|poke|p1|Grimmsnarl, L50, M|
|poke|p1|Pelipper, L50, M|
|poke|p1|Archaludon, L50, M|
|poke|p1|Basculegion, L50, M|
|poke|p1|Venusaur, L50, M|
|poke|p2|Sneasler, L50, M, shiny|
|poke|p2|Blastoise, L50, M, shiny|
|poke|p2|Kingambit, L50, M, shiny|
|poke|p2|Incineroar, L50, M, shiny|
|poke|p2|Delphox, L50, F, shiny|
|poke|p2|Sinistcha, L50, shiny|
|teampreview|4
|showteam|p1|Charizard||CharizarditeY|Blaze|HeatWave,WeatherBall,SolarBeam,Protect|Modest||M|||50|]Grimmsnarl||LightClay|Prankster|SpiritBreak,Reflect,LightScreen,PartingShot|Impish||M|||50|]Pelipper||SitrusBerry|Drizzle|WeatherBall,Hurricane,Tailwind,WideGuard|Jolly||M|||50|]Archaludon||Leftovers|Stamina|FlashCannon,DragonPulse,ElectroShot,Protect|Calm||M|||50|]Basculegion||ChoiceScarf|Adaptability|WaveCrash,AquaJet,LastRespects,FlipTurn|Jolly||M|||50|]Venusaur||FocusSash|Chlorophyll|SludgeBomb,EarthPower,SleepPowder,Protect|Modest||M|||50|
|showteam|p2|Sneasler||FocusSash|PoisonTouch|PoisonJab,CloseCombat,FakeOut,QuickGuard|Jolly||M|||50|]Blastoise||Blastoisinite|RainDish|DarkPulse,WaterSpout,ShellSmash,Protect|Modest||M|||50|]Kingambit||BlackGlasses|Defiant|KowtowCleave,SuckerPunch,SwordsDance,Protect|Adamant||M|||50|]Incineroar||SitrusBerry|Intimidate|FlareBlitz,HelpingHand,PartingShot,FakeOut|Careful||M|||50|]Delphox||Delphoxite|Blaze|HeatWave,NastyPlot,Psyshock,Protect|Modest||F|||50|]Sinistcha||KasibBerry|Hospitality|MatchaGotcha,RagePowder,TrickRoom,Protect|Bold|||||50|
|inactive|Battle timer is ON: inactive players will automatically lose when time's up. (requested by cuquabu)
|inactive|imsavusnic has 60 seconds left.
|
|t:|1784910619
|teamsize|p1|4
|teamsize|p2|4
|start
|switch|p1a: Pelipper|Pelipper, L50, M|100/100
|switch|p1b: Archaludon|Archaludon, L50, M|100/100
|switch|p2a: Blastoise|Blastoise, L50, M, shiny|100/100
|switch|p2b: Sneasler|Sneasler, L50, M, shiny|100/100
|-weather|RainDance|[from] ability: Drizzle|[of] p1a: Pelipper
|turn|1
|
|t:|1784910641
|move|p2b: Sneasler|Fake Out|p1b: Archaludon
|-resisted|p1b: Archaludon|1
|-damage|p1b: Archaludon|94/100
|-ability|p1b: Archaludon|Stamina|boost
|-boost|p1b: Archaludon|def|1
|move|p2a: Blastoise|Shell Smash|p2a: Blastoise
|-unboost|p2a: Blastoise|def|1
|-unboost|p2a: Blastoise|spd|1
|-boost|p2a: Blastoise|atk|2
|-boost|p2a: Blastoise|spa|2
|-boost|p2a: Blastoise|spe|2
|move|p1a: Pelipper|Hurricane|p2b: Sneasler
|-supereffective|p2b: Sneasler|1
|-damage|p2b: Sneasler|7/100
|cant|p1b: Archaludon|flinch
|
|-weather|RainDance|[upkeep]
|-heal|p1b: Archaludon|100/100|[from] item: Leftovers
|upkeep
|turn|2
|inactive|cuquabu has 30 seconds left.
|inactive|imsavusnic has 30 seconds left.
|
|t:|1784910676
|detailschange|p2a: Blastoise|Blastoise-Mega, L50, M, shiny
|-mega|p2a: Blastoise|Blastoise|Blastoisinite
|move|p2a: Blastoise|Protect|p2a: Blastoise
|-singleturn|p2a: Blastoise|Protect
|move|p2b: Sneasler|Close Combat|p1b: Archaludon
|-supereffective|p1b: Archaludon|1
|-damage|p1b: Archaludon|38/100
|-unboost|p2b: Sneasler|def|1
|-unboost|p2b: Sneasler|spd|1
|-ability|p1b: Archaludon|Stamina|boost
|-boost|p1b: Archaludon|def|1
|move|p1a: Pelipper|Tailwind|p1a: Pelipper
|-sidestart|p1: imsavusnic|move: Tailwind
|move|p1b: Archaludon|Electro Shot||[still]
|-prepare|p1b: Archaludon|Electro Shot
|-boost|p1b: Archaludon|spa|1
|-anim|p1b: Archaludon|Electro Shot|p2b: Sneasler
|-damage|p2b: Sneasler|0 fnt
|faint|p2b: Sneasler
|
|-weather|RainDance|[upkeep]
|-heal|p1b: Archaludon|44/100|[from] item: Leftovers
|upkeep
|
|t:|1784910694
|switch|p2b: Incineroar|Incineroar, L50, M, shiny|100/100
|-ability|p2b: Incineroar|Intimidate|boost
|-unboost|p1a: Pelipper|atk|1
|-unboost|p1b: Archaludon|atk|1
|turn|3
|
|t:|1784910709
|switch|p1b: Basculegion|Basculegion, L50, M|100/100
|move|p2b: Incineroar|Fake Out|p1b: Basculegion
|-immune|p1b: Basculegion
|move|p2a: Blastoise|Dark Pulse|p1a: Pelipper
|-damage|p1a: Pelipper|0 fnt
|faint|p1a: Pelipper
|
|-weather|RainDance|[upkeep]
|upkeep
|
|t:|1784910721
|switch|p1a: Archaludon|Archaludon, L50, M|44/100
|turn|4
|inactive|imsavusnic has 30 seconds left.
|inactive|cuquabu has 30 seconds left.
|inactive|cuquabu has 20 seconds left.
|
|t:|1784910759
|move|p2a: Blastoise|Protect|p2a: Blastoise
|-singleturn|p2a: Blastoise|Protect
|move|p1a: Archaludon|Protect|p1a: Archaludon
|-singleturn|p1a: Archaludon|Protect
|move|p1b: Basculegion|Last Respects|p2a: Blastoise
|-activate|p2a: Blastoise|move: Protect
|move|p2b: Incineroar|Parting Shot|p1b: Basculegion
|-unboost|p1b: Basculegion|atk|1
|-unboost|p1b: Basculegion|spa|1
|
|t:|1784910769
|switch|p2b: Sinistcha|Sinistcha, L50, shiny|100/100|[from] Parting Shot
|
|-weather|RainDance|[upkeep]
|-heal|p1a: Archaludon|50/100g|[from] item: Leftovers
|upkeep
|turn|5
|inactive|imsavusnic has 30 seconds left.
|inactive|imsavusnic has 20 seconds left.
|inactive|imsavusnic has 15 seconds left.
|inactive|imsavusnic has 10 seconds left.
|inactive|imsavusnic has 5 seconds left.
|
|t:|1784910819
|move|p2b: Sinistcha|Rage Powder|p2b: Sinistcha
|-singleturn|p2b: Sinistcha|move: Rage Powder
|move|p1b: Basculegion|Last Respects|p2b: Sinistcha
|-supereffective|p2b: Sinistcha|1
|-enditem|p2b: Sinistcha|Kasib Berry|[eat]
|-enditem|p2b: Sinistcha|Kasib Berry|[weaken]
|-damage|p2b: Sinistcha|66/100
|move|p2a: Blastoise|Dark Pulse|p1b: Basculegion
|-supereffective|p1b: Basculegion|1
|-damage|p1b: Basculegion|0 fnt
|faint|p1b: Basculegion
|move|p1a: Archaludon|Electro Shot||[still]
|-prepare|p1a: Archaludon|Electro Shot
|-boost|p1a: Archaludon|spa|1
|-anim|p1a: Archaludon|Electro Shot|p2b: Sinistcha
|-resisted|p2b: Sinistcha|1
|-damage|p2b: Sinistcha|39/100
|
|-weather|none
|-heal|p1a: Archaludon|56/100|[from] item: Leftovers
|-sideend|p1: imsavusnic|move: Tailwind
|upkeep
|-message|imsavusnic forfeited.
|
|win|cuquabu
|raw|imsavusnic's rating: 1155 → 1132(-23 for losing)
|raw|cuquabu's rating: 1179 → 1202(+23 for winning)
|l|☆imsavusnic
|player|p1|
|l|☆cuquabu
|player|p2|
|j|☆imsavusnic
|player|p1|imsavusnic|boarder|
