|j|☆PkSbm
|j|☆Staryu14
|html|PkSbmStaryu14    
|uhtml|bestof|Game 2 of a best-of-3
|t:|1756492617
|gametype|doubles
|player|p1|PkSbm|169|1160
|player|p2|Staryu14|matt|1273
|gen|9
|tier|[Gen 9] VGC 2025 Reg H (Bo3)
|rated|
|rule|Species Clause: Limit one of each Pokémon
|rule|Item Clause: Limit 1 of each item
|clearpoke
|poke|p1|Gholdengo, L50|
|poke|p1|Dragonite, L50, F|
|poke|p1|Porygon2, L50|
|poke|p1|Ursaluna-Bloodmoon, L50, M|
|poke|p1|Primarina, L50, F|
|poke|p1|Incineroar, L50, M|
|poke|p2|Archaludon, L50, F|
|poke|p2|Pelipper, L50, M|
|poke|p2|Basculegion, L50, M|
|poke|p2|Incineroar, L50, M|
|poke|p2|Toxicroak, L50, M|
|poke|p2|Amoonguss, L50, M|
|teampreview|4
|showteam|p1|Gholdengo||LifeOrb|GoodasGold|ShadowBall,MakeItRain,Reflect,LightScreen||||||50|,,,,,Steel]Dragonite||LoadedDice|Multiscale|Tailwind,ScaleShot,ExtremeSpeed,Haze|||F|||50|,,,,,Fairy]Porygon2||Eviolite|Download|Recover,IceBeam,TrickRoom,TeraBlast||||||50|,,,,,Fighting]Ursaluna-Bloodmoon||AssaultVest|MindsEye|VacuumWave,EarthPower,HyperVoice,BloodMoon|||M|||50|,,,,,Ghost]Primarina||SitrusBerry|LiquidVoice|HyperVoice,Haze,Moonblast,Protect|||F|||50|,,,,,Steel]Incineroar||SafetyGoggles|Intimidate|FakeOut,KnockOff,PartingShot,FlareBlitz|||M|||50|,,,,,Ghost
|showteam|p2|Archaludon||AssaultVest|Stamina|ElectroShot,Snarl,DragonPulse,BodyPress|||F|||50|,,,,,Grass]Pelipper||FocusSash|Drizzle|WeatherBall,Hurricane,Protect,Tailwind|||M|||50|,,,,,Ground]Basculegion||MysticWater|SwiftSwim|AquaJet,WaveCrash,Protect,LastRespects|||M|||50|,,,,,Water]Incineroar||SafetyGoggles|Intimidate|FakeOut,FlareBlitz,KnockOff,PartingShot|||M|||50|,,,,,Ghost]Toxicroak||LifeOrb|DrySkin|FakeOut,CloseCombat,PoisonJab,SuckerPunch|||M|||50|,,,,,Dark]Amoonguss||CovertCloak|Regenerator|LeafStorm,Spore,RagePowder,PollenPuff|||M|||50|,,,,,Fairy
|
|t:|1756492645
|teamsize|p1|4
|teamsize|p2|4
|start
|switch|p1a: Ursaluna|Ursaluna-Bloodmoon, L50, M|100/100
|switch|p1b: Incineroar|Incineroar, L50, M|100/100
|switch|p2a: Pelipper|Pelipper, L50, M|100/100
|switch|p2b: Basculegion|Basculegion, L50, M|100/100
|-weather|RainDance|[from] ability: Drizzle|[of] p2a: Pelipper
|-ability|p1b: Incineroar|Intimidate|boost
|-unboost|p2a: Pelipper|atk|1
|-unboost|p2b: Basculegion|atk|1
|turn|1
|
|t:|1756492684
|switch|p2b: Archaludon|Archaludon, L50, F|100/100
|-terastallize|p1a: Ursaluna|Ghost
|move|p2a: Pelipper|Protect|p2a: Pelipper
|-singleturn|p2a: Pelipper|Protect
|move|p1b: Incineroar|Fake Out|p2a: Pelipper
|-activate|p2a: Pelipper|move: Protect
|move|p1a: Ursaluna|Blood Moon|p2b: Archaludon
|-resisted|p2b: Archaludon
|-damage|p2b: Archaludon|58/100
|-ability|p2b: Archaludon|Stamina|boost
|-boost|p2b: Archaludon|def|1
|
|-weather|RainDance|[upkeep]
|upkeep
|turn|2
|
|t:|1756492731
|switch|p1a: Primarina|Primarina, L50, F|100/100
|move|p2b: Archaludon|Electro Shot||[still]
|-prepare|p2b: Archaludon|Electro Shot
|-boost|p2b: Archaludon|spa|1
|-anim|p2b: Archaludon|Electro Shot|p1b: Incineroar
|-damage|p1b: Incineroar|36/100
|move|p2a: Pelipper|Weather Ball|p1b: Incineroar
|-supereffective|p1b: Incineroar
|-damage|p1b: Incineroar|0 fnt
|faint|p1b: Incineroar
|
|-weather|RainDance|[upkeep]
|upkeep
|
|t:|1756492750
|switch|p1b: Porygon2|Porygon2, L50|100/100
|-ability|p1b: Porygon2|Download|boost
|-boost|p1b: Porygon2|spa|1
|turn|3
|
|t:|1756492770
|move|p2b: Archaludon|Electro Shot||[still]
|-prepare|p2b: Archaludon|Electro Shot
|-boost|p2b: Archaludon|spa|1
|-anim|p2b: Archaludon|Electro Shot|p1b: Porygon2
|-damage|p1b: Porygon2|55/100
|move|p2a: Pelipper|Weather Ball|p1b: Porygon2
|-damage|p1b: Porygon2|16/100
|move|p1a: Primarina|Moonblast|p2b: Archaludon
|-damage|p2b: Archaludon|13/100
|-unboost|p2b: Archaludon|spa|1
|-ability|p2b: Archaludon|Stamina|boost
|-boost|p2b: Archaludon|def|1
|move|p1b: Porygon2|Trick Room|p1b: Porygon2
|-fieldstart|move: Trick Room|[of] p1b: Porygon2
|
|-weather|RainDance|[upkeep]
|upkeep
|turn|4
|
|t:|1756492803
|switch|p2b: Amoonguss|Amoonguss, L50, M|100/100
|move|p2a: Pelipper|Protect|p2a: Pelipper
|-singleturn|p2a: Pelipper|Protect
|move|p1b: Porygon2|Tera Blast|p2a: Pelipper
|-activate|p2a: Pelipper|move: Protect
|move|p1a: Primarina|Hyper Voice|p2b: Amoonguss|[spread] p2b
|-activate|p2a: Pelipper|move: Protect
|-resisted|p2b: Amoonguss
|-damage|p2b: Amoonguss|77/100
|
|-weather|RainDance|[upkeep]
|upkeep
|turn|5
|
|t:|1756492816
|move|p2b: Amoonguss|Spore|p1b: Porygon2
|-status|p1b: Porygon2|slp|[from] move: Spore
|cant|p1b: Porygon2|slp
|move|p1a: Primarina|Hyper Voice|p2a: Pelipper|[spread] p2a,p2b
|-resisted|p2a: Pelipper
|-resisted|p2b: Amoonguss
|-crit|p2b: Amoonguss
|-damage|p2a: Pelipper|54/100
|-damage|p2b: Amoonguss|45/100
|move|p2a: Pelipper|Hurricane|p1b: Porygon2
|-damage|p1b: Porygon2|0 fnt
|faint|p1b: Porygon2
|
|-weather|none
|upkeep
|
|t:|1756492876
|switch|p1b: Ursaluna|Ursaluna-Bloodmoon, L50, M, tera:Ghost|100/100
|turn|6
|
|t:|1756492887
|switch|p2a: Basculegion|Basculegion, L50, M|100/100
|move|p2b: Amoonguss|Spore|p1b: Ursaluna
|-status|p1b: Ursaluna|slp|[from] move: Spore
|cant|p1b: Ursaluna|slp
|move|p1a: Primarina|Hyper Voice|p2b: Amoonguss|[spread] p2a,p2b
|-resisted|p2a: Basculegion
|-resisted|p2b: Amoonguss
|-damage|p2a: Basculegion|81/100
|-damage|p2b: Amoonguss|31/100
|
|upkeep
|turn|7
|
|t:|1756492918
|move|p2b: Amoonguss|Leaf Storm|p1b: Ursaluna
|-damage|p1b: Ursaluna|69/100 slp
|-unboost|p2b: Amoonguss|spa|2
|cant|p1b: Ursaluna|slp
|move|p1a: Primarina|Moonblast|p2a: Basculegion
|-damage|p2a: Basculegion|24/100
|move|p2a: Basculegion|Last Respects|p1b: Ursaluna
|-supereffective|p1b: Ursaluna
|-damage|p1b: Ursaluna|34/100 slp
|
|-fieldend|move: Trick Room
|upkeep
|turn|8
|
|t:|1756492945
|move|p2b: Amoonguss|Rage Powder|p2b: Amoonguss
|-singleturn|p2b: Amoonguss|move: Rage Powder
|move|p2a: Basculegion|Last Respects|p1b: Ursaluna
|-supereffective|p1b: Ursaluna
|-damage|p1b: Ursaluna|0 fnt
|faint|p1b: Ursaluna
|move|p1a: Primarina|Moonblast|p2b: Amoonguss
|-resisted|p2b: Amoonguss
|-damage|p2b: Amoonguss|12/100
|
|upkeep
|turn|9
|
|t:|1756492967
|switch|p2a: Pelipper|Pelipper, L50, M|54/100
|-weather|RainDance|[from] ability: Drizzle|[of] p2a: Pelipper
|move|p1a: Primarina|Hyper Voice|p2a: Pelipper|[spread] p2a,p2b
|-resisted|p2a: Pelipper
|-resisted|p2b: Amoonguss
|-damage|p2a: Pelipper|7/100
|-damage|p2b: Amoonguss|0 fnt
|faint|p2b: Amoonguss
|
|-weather|RainDance|[upkeep]
|upkeep
|
|t:|1756492969
|switch|p2b: Archaludon|Archaludon, L50, F|13/100
|turn|10
|
|t:|1756492988
|move|p2b: Archaludon|Electro Shot||[still]
|-prepare|p2b: Archaludon|Electro Shot
|-boost|p2b: Archaludon|spa|1
|-anim|p2b: Archaludon|Electro Shot|p1a: Primarina
|-supereffective|p1a: Primarina
|-damage|p1a: Primarina|1/100
|-enditem|p1a: Primarina|Sitrus Berry|[eat]
|-heal|p1a: Primarina|26/100|[from] item: Sitrus Berry
|move|p2a: Pelipper|Hurricane|p1a: Primarina
|-damage|p1a: Primarina|0 fnt
|faint|p1a: Primarina
|
|win|Staryu14
|raw|PkSbm's rating: 1160 → 1143(-17 for losing)
|raw|Staryu14's rating: 1273 → 1290(+17 for winning)
|l|☆PkSbm
|player|p1|
