|j|☆SengarBlade
|j|☆KyleTampy
|html|SengarBladeKyleTampy    
|uhtml|bestof|Game 2 of a best-of-3
|t:|1757861812
|gametype|doubles
|player|p1|SengarBlade|shadowtriad|
|player|p2|KyleTampy|lucian|
|gen|9
|tier|[Gen 9] VGC 2025 Reg H (Bo3)
|rule|Species Clause: Limit one of each Pokémon
|rule|Item Clause: Limit 1 of each item
|clearpoke
|poke|p1|Murkrow, L50, F|
|poke|p1|Tyranitar, L50, M|
|poke|p1|Lycanroc, L50, M|
|poke|p1|Decidueye-Hisui, L50, F|
|poke|p1|Clefable, L50, F|
|poke|p1|Hydreigon, L50, F|
|poke|p2|Kleavor, L50, M|
|poke|p2|Tyranitar, L50, F|
|poke|p2|Gastrodon-East, L50, F|
|poke|p2|Decidueye-Hisui, L50, F|
|poke|p2|Corviknight, L50, F|
|poke|p2|Excadrill, L50, F|
|teampreview|4
|showteam|p1|Murkrow||Eviolite|Prankster|FoulPlay,Tailwind,Haze,Protect|||F|||50|,,,,,Steel]Tyranitar||ClearAmulet|SandStream|RockSlide,KnockOff,TeraBlast,Protect|||M|||50|,,,,,Flying]Lycanroc||FocusSash|SandRush|RockSlide,Accelerock,Endeavor,Endure|||M|||50|,,,,,Ghost]Decidueye-Hisui||LifeOrb|Scrappy|CloseCombat,LeafBlade,UpperHand,Protect|||F|||50|,,,,,Ghost]Clefable||SafetyGoggles|Unaware|Moonblast,FollowMe,HelpingHand,Protect|||F|||50|,,,,,Water]Hydreigon||AguavBerry|Levitate|DracoMeteor,DarkPulse,Snarl,Protect|||F|||50|,,,,,Poison
|showteam|p2|Kleavor||FocusSash|Sharpness|StoneAxe,CloseCombat,NightSlash,Protect|||M|||50|,,,,,Steel]Tyranitar||AssaultVest|SandStream|RockSlide,KnockOff,Snarl,TeraBlast|||F|||50|,,,,,Flying]Gastrodon-East||Leftovers|StormDrain|EarthPower,ClearSmog,Yawn,Protect|||F|||50|,,,,,Rock]Decidueye-Hisui||ScopeLens|Scrappy|TripleArrows,LeafBlade,SuckerPunch,Protect|||F|||50|,,,,,Steel]Corviknight||CovertCloak|MirrorArmor|Tailwind,BodyPress,DrillPeck,Uturn|||F|||50|,,,,,Dragon]Excadrill||ChoiceScarf|SandForce|Earthquake,IronHead,RockSlide,HighHorsepower|||F|||50|,,,,,Ghost
|j| Oldcow
|j| jowemama
|
|t:|1757861889
|teamsize|p1|4
|teamsize|p2|4
|start
|switch|p1a: Tyranitar|Tyranitar, L50, M|100/100
|switch|p1b: Lycanroc|Lycanroc, L50, M|100/100
|switch|p2a: Corviknight|Corviknight, L50, F|100/100
|switch|p2b: Kleavor|Kleavor, L50, M|100/100
|-weather|Sandstorm|[from] ability: Sand Stream|[of] p1a: Tyranitar
|turn|1
|
|t:|1757861919
|move|p2b: Kleavor|Protect|p2b: Kleavor
|-singleturn|p2b: Kleavor|Protect
|move|p1b: Lycanroc|Rock Slide|p2a: Corviknight|[spread] 
|-activate|p2b: Kleavor|move: Protect
|-miss|p1b: Lycanroc|p2a: Corviknight
|move|p1a: Tyranitar|Knock Off|p2a: Corviknight
|-damage|p2a: Corviknight|54/100
|-enditem|p2a: Corviknight|Covert Cloak|[from] move: Knock Off|[of] p1a: Tyranitar
|move|p2a: Corviknight|Tailwind|p2a: Corviknight
|-sidestart|p2: KyleTampy|move: Tailwind
|
|-weather|Sandstorm|[upkeep]
|upkeep
|turn|2
|
|t:|1757861938
|move|p1b: Lycanroc|Rock Slide|p2b: Kleavor|[spread] p2a,p2b
|-supereffective|p2b: Kleavor
|-damage|p2a: Corviknight|33/100
|-damage|p2b: Kleavor|20/100
|move|p2b: Kleavor|Stone Axe|p1b: Lycanroc
|-damage|p1b: Lycanroc|6/100
|-sidestart|p1: SengarBlade|move: Stealth Rock
|move|p2a: Corviknight|Body Press|p1a: Tyranitar
|-supereffective|p1a: Tyranitar
|-damage|p1a: Tyranitar|28/100
|move|p1a: Tyranitar|Rock Slide|p2b: Kleavor|[spread] p2a,p2b
|-supereffective|p2b: Kleavor
|-damage|p2a: Corviknight|7/100
|-damage|p2b: Kleavor|0 fnt
|faint|p2b: Kleavor
|
|-weather|Sandstorm|[upkeep]
|upkeep
|
|t:|1757861948
|switch|p2b: Excadrill|Excadrill, L50, F|100/100
|turn|3
|
|t:|1757861984
|-terastallize|p1a: Tyranitar|Flying
|move|p2b: Excadrill|Earthquake|p1b: Lycanroc|[spread] p1b
|-immune|p2a: Corviknight
|-immune|p1a: Tyranitar
|-supereffective|p1b: Lycanroc
|-damage|p1b: Lycanroc|0 fnt
|faint|p1b: Lycanroc
|move|p2a: Corviknight|Body Press|p1a: Tyranitar
|-resisted|p1a: Tyranitar
|-damage|p1a: Tyranitar|20/100
|move|p1a: Tyranitar|Rock Slide|p2b: Excadrill|[spread] p2a,p2b
|-resisted|p2b: Excadrill
|-damage|p2a: Corviknight|0 fnt
|-damage|p2b: Excadrill|89/100
|faint|p2a: Corviknight
|
|-weather|Sandstorm|[upkeep]
|-damage|p1a: Tyranitar|13/100|[from] Sandstorm
|upkeep
|
|t:|1757862004
|switch|p1b: Decidueye|Decidueye-Hisui, L50, F|100/100
|switch|p2a: Tyranitar|Tyranitar, L50, F|100/100
|-damage|p1b: Decidueye|94/100|[from] Stealth Rock
|turn|4
|c|☆KyleTampy|Oh lorz
|c|☆KyleTampy|I might have
|c|☆KyleTampy|Lost lmao
|c|☆KyleTampy|Lord dapat kaso misclick lmao
|
|t:|1757862044
|-terastallize|p2a: Tyranitar|Flying
|move|p2b: Excadrill|Earthquake|p1b: Decidueye|[spread] p1b
|-immune|p2a: Tyranitar
|-immune|p1a: Tyranitar
|-resisted|p1b: Decidueye
|-damage|p1b: Decidueye|66/100
|move|p2a: Tyranitar|Rock Slide|p1b: Decidueye|[spread] p1a,p1b
|-supereffective|p1a: Tyranitar
|-resisted|p1b: Decidueye
|-damage|p1a: Tyranitar|0 fnt
|-damage|p1b: Decidueye|50/100
|faint|p1a: Tyranitar
|move|p1b: Decidueye|Close Combat|p2b: Excadrill
|-supereffective|p2b: Excadrill
|-damage|p2b: Excadrill|0 fnt
|-unboost|p1b: Decidueye|def|1
|-unboost|p1b: Decidueye|spd|1
|faint|p2b: Excadrill
|-damage|p1b: Decidueye|40/100|[from] item: Life Orb
|
|-weather|Sandstorm|[upkeep]
|-damage|p2a: Tyranitar|95/100|[from] Sandstorm
|-damage|p1b: Decidueye|34/100|[from] Sandstorm
|-sideend|p2: KyleTampy|move: Tailwind
|upkeep
|
|t:|1757862063
|switch|p1a: Murkrow|Murkrow, L50, F|100/100
|-damage|p1a: Murkrow|76/100|[from] Stealth Rock
|turn|5
|
|t:|1757862108
|move|p1b: Decidueye|Protect|p1b: Decidueye
|-singleturn|p1b: Decidueye|Protect
|move|p1a: Murkrow|Foul Play|p2a: Tyranitar
|-damage|p2a: Tyranitar|62/100
|move|p2a: Tyranitar|Tera Blast|p1b: Decidueye|[anim] Tera Blast Flying
|-activate|p1b: Decidueye|move: Protect
|
|-weather|none
|upkeep
|turn|6
|
|t:|1757862125
|move|p1b: Decidueye|Protect||[still]
|-fail|p1b: Decidueye
|move|p1a: Murkrow|Foul Play|p2a: Tyranitar
|-damage|p2a: Tyranitar|28/100
|move|p2a: Tyranitar|Tera Blast|p1b: Decidueye|[anim] Tera Blast Flying
|-supereffective|p1b: Decidueye
|-damage|p1b: Decidueye|0 fnt
|faint|p1b: Decidueye
|
|upkeep
|turn|7
|
|t:|1757862139
|move|p1a: Murkrow|Foul Play|p2a: Tyranitar
|-damage|p2a: Tyranitar|0 fnt
|faint|p2a: Tyranitar
|
|win|SengarBlade
||SengarBlade is ready for game 3.
|c|☆KyleTampy|Masakit foul play tho
||KyleTampy is ready for game 3.
|uhtml|next|Next: Game 3 of 3
|l| jowemama
|l| Oldcow
|l|☆SengarBlade
|player|p1|
