|j|☆palle synchro
|j|☆Rimuro VGC
|html|palle synchroRimuro VGC    
|uhtml|bestof|Game 3 of a best-of-3
|t:|1784970016
|gametype|doubles
|player|p1|palle synchro|volkner|1420
|player|p2|Rimuro VGC|volkner|1283
|gen|9
|tier|[Gen 9 Champions] VGC 2026 Reg M-B (Bo3)
|rated|
|rule|Species Clause: Limit one of each Pokémon
|rule|Item Clause: Limit 1 of each item
|clearpoke
|poke|p1|Pelipper, L50, M|
|poke|p1|Archaludon, L50, F|
|poke|p1|Venusaur, L50, M|
|poke|p1|Maushold, L50|
|poke|p1|Gholdengo, L50|
|poke|p1|Basculegion, L50, M|
|poke|p2|Gardevoir, L50, F, shiny|
|poke|p2|Charizard, L50, F|
|poke|p2|Venusaur, L50, F|
|poke|p2|Garchomp, L50, F|
|poke|p2|Mawile, L50, F, shiny|
|poke|p2|Whimsicott, L50, F|
|teampreview|4
|showteam|p1|Pelipper||SitrusBerry|Drizzle|WeatherBall,Hurricane,Tailwind,Protect|Modest||M|||50|]Archaludon||Leftovers|Stamina|ElectroShot,DragonPulse,FlashCannon,Protect|Modest||F|||50|]Venusaur||Venusaurite|Chlorophyll|GigaDrain,EarthPower,SludgeBomb,Protect|Modest||M|||50|]Maushold||FocusSash|FriendGuard|SuperFang,RainDance,FollowMe,Protect|Timid|||||50|]Gholdengo||LifeOrb|GoodasGold|MakeItRain,ShadowBall,NastyPlot,Protect|Timid|||||50|]Basculegion||ChoiceScarf|Adaptability|WaveCrash,LastRespects,FlipTurn,AquaJet|Jolly||M|||50|
|showteam|p2|Gardevoir||FocusSash|Trace|Psychic,Moonblast,TrickRoom,Protect|Modest||F|||50|]Charizard||CharizarditeY|SolarPower|HeatWave,Protect,AirSlash,AncientPower|Modest||F|||50|]Venusaur||Leftovers|Chlorophyll|EnergyBall,SludgeBomb,SleepPowder,Protect|Modest||F|||50|]Garchomp||LifeOrb|RoughSkin|RockSlide,Outrage,Earthquake,Protect|Adamant||F|||50|]Mawile||Mawilite|Intimidate|PlayRough,IronHead,SwordsDance,Protect|Brave||F|||50|]Whimsicott||MentalHerb|Prankster|Tailwind,Protect,Moonblast,Taunt|Modest||F|||50|
|inactive|Battle timer is ON: inactive players will automatically lose when time's up. (requested by palle synchro)
|inactive|palle synchro has 60 seconds left.
|
|t:|1784970058
|teamsize|p1|4
|teamsize|p2|4
|start
|switch|p1a: Archaludon|Archaludon, L50, F|100/100
|switch|p1b: Basculegion|Basculegion, L50, M|100/100
|switch|p2a: Whimsicott|Whimsicott, L50, F|100/100
|switch|p2b: Charizard|Charizard, L50, F|100/100
|turn|1
|
|t:|1784970073
|detailschange|p2b: Charizard|Charizard-Mega-Y, L50, F
|-mega|p2b: Charizard|Charizard|Charizardite Y
|-weather|SunnyDay|[from] ability: Drought|[of] p2b: Charizard
|move|p2a: Whimsicott|Tailwind|p2a: Whimsicott
|-sidestart|p2: Rimuro VGC|move: Tailwind
|move|p2b: Charizard|Heat Wave|p1a: Archaludon|[spread] p1a,p1b
|-resisted|p1b: Basculegion|1
|-damage|p1a: Archaludon|26/100
|-damage|p1b: Basculegion|61/100
|-status|p1b: Basculegion|brn
|-ability|p1a: Archaludon|Stamina|boost
|-boost|p1a: Archaludon|def|1
|move|p1b: Basculegion|Flip Turn|p2b: Charizard
|-supereffective|p2b: Charizard|1
|-damage|p2b: Charizard|79/100
|
|t:|1784970083
|switch|p1b: Pelipper|Pelipper, L50, M|100/100|[from] Flip Turn
|-weather|RainDance|[from] ability: Drizzle|[of] p1b: Pelipper
|move|p1a: Archaludon|Electro Shot||[still]
|-prepare|p1a: Archaludon|Electro Shot
|-boost|p1a: Archaludon|spa|1
|-anim|p1a: Archaludon|Electro Shot|p2b: Charizard
|-supereffective|p2b: Charizard|1
|-damage|p2b: Charizard|0 fnt
|faint|p2b: Charizard
|
|-weather|RainDance|[upkeep]
|-heal|p1a: Archaludon|32/100|[from] item: Leftovers
|upkeep
|
|t:|1784970094
|switch|p2b: Garchomp|Garchomp, L50, F|100/100
|turn|2
|
|t:|1784970114
|switch|p1a: Maushold|Maushold, L50|100/100
|move|p2a: Whimsicott|Taunt|p1b: Pelipper
|-start|p1b: Pelipper|move: Taunt
|move|p2b: Garchomp|Rock Slide|p1a: Maushold|[spread] p1a,p1b
|-crit|p1a: Maushold
|-supereffective|p1b: Pelipper|1
|-damage|p1a: Maushold|43/100
|-damage|p1b: Pelipper|50/100g
|-damage|p2b: Garchomp|90/100|[from] item: Life Orb
|move|p1b: Pelipper|Hurricane|p2b: Garchomp
|-damage|p2b: Garchomp|50/100g
|
|-weather|RainDance|[upkeep]
|upkeep
|turn|3
|
|t:|1784970132
|move|p2a: Whimsicott|Protect|p2a: Whimsicott
|-singleturn|p2a: Whimsicott|Protect
|move|p1a: Maushold|Follow Me|p1a: Maushold
|-singleturn|p1a: Maushold|move: Follow Me
|move|p2b: Garchomp|Rock Slide|p1a: Maushold|[spread] p1a,p1b
|-supereffective|p1b: Pelipper|1
|-damage|p1a: Maushold|7/100
|-damage|p1b: Pelipper|3/100
|-enditem|p1b: Pelipper|Sitrus Berry|[eat]
|-heal|p1b: Pelipper|28/100|[from] item: Sitrus Berry
|-damage|p2b: Garchomp|40/100|[from] item: Life Orb
|cant|p1b: Pelipper|flinch
|
|-weather|RainDance|[upkeep]
|upkeep
|turn|4
|
|t:|1784970147
|move|p1a: Maushold|Follow Me|p1a: Maushold
|-singleturn|p1a: Maushold|move: Follow Me
|move|p2a: Whimsicott|Moonblast|p1a: Maushold
|-damage|p1a: Maushold|0 fnt
|faint|p1a: Maushold
|move|p2b: Garchomp|Rock Slide|p1b: Pelipper
|-supereffective|p1b: Pelipper|1
|-damage|p1b: Pelipper|0 fnt
|faint|p1b: Pelipper
|-damage|p2b: Garchomp|31/100|[from] item: Life Orb
|
|-weather|RainDance|[upkeep]
|-sideend|p2: Rimuro VGC|move: Tailwind
|upkeep
|
|t:|1784970155
|switch|p1a: Archaludon|Archaludon, L50, F|32/100
|switch|p1b: Basculegion|Basculegion, L50, M|61/100 brn
|turn|5
|-message|palle synchro forfeited.
|
|win|Rimuro VGC
|raw|palle synchro's rating: 1420 → 1392(-28 for losing)
|raw|Rimuro VGC's rating: 1283 → 1317(+34 for winning)
