|j|☆carmelotb
|j|☆sum1dum
|html|carmelotbsum1dum    
|uhtml|bestof|Game 1 of a best-of-3
|t:|1783116076
|gametype|doubles
|player|p1|carmelotb|pilot|1119
|player|p2|sum1dum|rosa|1215
|gen|9
|tier|[Gen 9 Champions] VGC 2026 Reg M-B (Bo3)
|rated|
|rule|Species Clause: Limit one of each Pokémon
|rule|Item Clause: Limit 1 of each item
|clearpoke
|poke|p1|Tyranitar, L50, F|
|poke|p1|Whimsicott, L50, M|
|poke|p1|Pyroar, L50, F|
|poke|p1|Garchomp, L50, M|
|poke|p1|Farigiraf, L50, M|
|poke|p1|Rotom-Wash, L50|
|poke|p2|Gliscor, L50, F|
|poke|p2|Primarina, L50, F|
|poke|p2|Metagross, L50|
|poke|p2|Ninetales-Alola, L50, M|
|poke|p2|Incineroar, L50, F|
|poke|p2|Sinistcha, L50|
|teampreview|4
|showteam|p1|Tyranitar||Tyranitarite|SandStream|RockSlide,HighHorsepower,DragonDance,Protect|Adamant||F|||50|]Whimsicott||LifeOrb|Prankster|Moonblast,Tailwind,EnergyBall,ShadowBall|Timid||M|||50|]Pyroar||Pyroarite|Unnerve|HeatWave,Taunt,Flamethrower,Protect|Timid||F|||50|]Garchomp||FocusSash|RoughSkin|SwordsDance,Protect,DragonClaw,Earthquake|Jolly||M|||50|]Farigiraf||ColburBerry|ArmorTail|TwinBeam,Thunderbolt,HelpingHand,Reflect|Relaxed||M|||50|]Rotom-Wash||Leftovers|Levitate|HelpingHand,Thunderbolt,LightScreen,WillOWisp|Calm|||||50|
|showteam|p2|Gliscor||LifeOrb|HyperCutter|DualWingbeat,HighHorsepower,Protect,RockSlide|Jolly||F|||50|]Primarina||Leftovers|LiquidVoice|CalmMind,HyperVoice,Moonblast,Protect|Modest||F|||50|]Metagross||Metagrossite|ClearBody|BulletPunch,IronHead,Protect,PsychicFangs|Jolly|||||50|]Ninetales-Alola||LightClay|SnowWarning|AuroraVeil,FreezeDry,Moonblast,Protect|Timid||M|||50|]Incineroar||ChopleBerry|Intimidate|FakeOut,FlareBlitz,DarkestLariat,PartingShot|Impish||F|||50|]Sinistcha||SitrusBerry|Hospitality|MatchaGotcha,Protect,LifeDew,RagePowder|Bold|||||50|
|inactive|Battle timer is ON: inactive players will automatically lose when time's up. (requested by carmelotb)
|inactive|sum1dum also wants the timer to be on.
|inactive|carmelotb has 60 seconds left.
|inactive|sum1dum has 60 seconds left.
|
|t:|1783116129
|teamsize|p1|4
|teamsize|p2|4
|start
|switch|p1a: Farigiraf|Farigiraf, L50, M|100/100
|switch|p1b: Whimsicott|Whimsicott, L50, M|100/100
|switch|p2a: Justice|Incineroar, L50, F|100/100
|switch|p2b: Patience|Primarina, L50, F|100/100
|-ability|p2a: Justice|Intimidate|boost
|-unboost|p1a: Farigiraf|atk|1
|-unboost|p1b: Whimsicott|atk|1
|turn|1
|
|t:|1783116147
|switch|p1b: Rotom|Rotom-Wash, L50|100/100
|move|p2a: Justice|Flare Blitz|p1b: Rotom
|-resisted|p1b: Rotom|1
|-damage|p1b: Rotom|73/100
|-damage|p2a: Justice|93/100|[from] Recoil
|move|p2b: Patience|Calm Mind|p2b: Patience
|-boost|p2b: Patience|spa|1
|-boost|p2b: Patience|spd|1
|move|p1a: Farigiraf|Reflect|p1a: Farigiraf
|-sidestart|p1: carmelotb|Reflect
|
|-heal|p1b: Rotom|79/100|[from] item: Leftovers
|upkeep
|turn|2
|
|t:|1783116166
|move|p1b: Rotom|Light Screen|p1b: Rotom
|-sidestart|p1: carmelotb|move: Light Screen
|move|p2a: Justice|Parting Shot|p1b: Rotom
|-unboost|p1b: Rotom|atk|1
|-unboost|p1b: Rotom|spa|1
|
|t:|1783116171
|switch|p2a: Perserverance|Metagross, L50|100/100|[from] Parting Shot
|move|p2b: Patience|Calm Mind|p2b: Patience
|-boost|p2b: Patience|spa|1
|-boost|p2b: Patience|spd|1
|move|p1a: Farigiraf|Twin Beam|p2b: Patience
|-damage|p2b: Patience|93/100
|-damage|p2b: Patience|86/100
|-hitcount|p2b: Patience|2
|
|-heal|p1b: Rotom|85/100|[from] item: Leftovers
|-heal|p2b: Patience|92/100|[from] item: Leftovers
|upkeep
|turn|3
|
|t:|1783116184
|detailschange|p2a: Perserverance|Metagross-Mega, L50
|-mega|p2a: Perserverance|Metagross|Metagrossite
|move|p2a: Perserverance|Psychic Fangs|p1b: Rotom
|-sideend|p1: carmelotb|Reflect
|-sideend|p1: carmelotb|move: Light Screen
|-damage|p1b: Rotom|14/100
|move|p1b: Rotom|Will-O-Wisp|p2a: Perserverance
|-status|p2a: Perserverance|brn
|move|p2b: Patience|Moonblast|p1b: Rotom
|-damage|p1b: Rotom|0 fnt
|faint|p1b: Rotom
|move|p1a: Farigiraf|Thunderbolt|p2b: Patience
|-supereffective|p2b: Patience|1
|-damage|p2b: Patience|73/100
|-status|p2b: Patience|par
|
|-heal|p2b: Patience|79/100 par|[from] item: Leftovers
|-damage|p2a: Perserverance|94/100 brn|[from] brn
|upkeep
|
|t:|1783116203
|switch|p1b: Whimsicott|Whimsicott, L50, M|100/100
|turn|4
|
|t:|1783116220
|move|p1a: Farigiraf|Helping Hand|p1b: Whimsicott
|-singleturn|p1b: Whimsicott|Helping Hand|[of] p1a: Farigiraf
|move|p1b: Whimsicott|Shadow Ball|p2a: Perserverance
|-supereffective|p2a: Perserverance|1
|-damage|p2a: Perserverance|14/100 brn
|-damage|p1b: Whimsicott|90/100|[from] item: Life Orb
|move|p2a: Perserverance|Iron Head|p1b: Whimsicott
|-supereffective|p1b: Whimsicott|1
|-damage|p1b: Whimsicott|0 fnt
|faint|p1b: Whimsicott
|move|p2b: Patience|Hyper Voice|p1a: Farigiraf
|-damage|p1a: Farigiraf|20/100r
|
|-heal|p2b: Patience|85/100 par|[from] item: Leftovers
|-damage|p2a: Perserverance|8/100 brn|[from] brn
|upkeep
|
|t:|1783116233
|switch|p1b: Garchomp|Garchomp, L50, M|100/100
|turn|5
|
|t:|1783116246
|move|p2a: Perserverance|Psychic Fangs|p1a: Farigiraf
|-resisted|p1a: Farigiraf|1
|-damage|p1a: Farigiraf|7/100
|move|p1b: Garchomp|Swords Dance|p1b: Garchomp
|-boost|p1b: Garchomp|atk|2
|move|p1a: Farigiraf|Thunderbolt|p2a: Perserverance
|-damage|p2a: Perserverance|0 fnt
|faint|p2a: Perserverance
|move|p2b: Patience|Moonblast|p1b: Garchomp
|-supereffective|p1b: Garchomp|1
|-enditem|p1b: Garchomp|Focus Sash
|-damage|p1b: Garchomp|1/100
|
|-heal|p2b: Patience|90/100 par|[from] item: Leftovers
|upkeep
|
|t:|1783116250
|switch|p2a: Justice|Incineroar, L50, F|93/100
|-ability|p2a: Justice|Intimidate|boost
|-unboost|p1a: Farigiraf|atk|1
|-unboost|p1b: Garchomp|atk|1
|turn|6
|
|t:|1783116257
|switch|p2a: Kindness|Sinistcha, L50|100/100
|-heal|p2b: Patience|100/100 par|[from] ability: Hospitality|[of] p2a: Kindness
|move|p1a: Farigiraf|Helping Hand|p1b: Garchomp
|-singleturn|p1b: Garchomp|Helping Hand|[of] p1a: Farigiraf
|move|p1b: Garchomp|Earthquake|p2b: Patience|[spread] p1a,p2a,p2b
|-resisted|p2a: Kindness|1
|-damage|p1a: Farigiraf|0 fnt
|-damage|p2a: Kindness|62/100
|-damage|p2b: Patience|9/100 par
|faint|p1a: Farigiraf
|move|p2b: Patience|Hyper Voice|p1b: Garchomp
|-damage|p1b: Garchomp|0 fnt
|faint|p1b: Garchomp
|
|win|sum1dum
