|j|☆princerock54
|j|☆turdshark
|html|princerock54turdshark    
|uhtml|bestof|Game 1 of a best-of-3
|t:|1785375862
|gametype|doubles
|player|p1|princerock54|266|
|player|p2|turdshark|169|
|gen|9
|tier|[Gen 9 Champions] VGC 2026 Reg M-B (Bo3)
|rule|Species Clause: Limit one of each Pokémon
|rule|Item Clause: Limit 1 of each item
|clearpoke
|poke|p1|Zoroark-Hisui, L50, F|
|poke|p1|Corviknight, L50, F, shiny|
|poke|p1|Lycanroc-Dusk, L50, M, shiny|
|poke|p1|Farigiraf, L50, M, shiny|
|poke|p1|Delphox, L50, M, shiny|
|poke|p1|Ninetales-Alola, L50, F, shiny|
|poke|p2|Charizard, L50, M|
|poke|p2|Venusaur, L50, F|
|poke|p2|Mawile, L50, F|
|poke|p2|Empoleon, L50, M|
|poke|p2|Aerodactyl, L50, F|
|poke|p2|Garchomp, L50, M|
|teampreview|4
|showteam|p1|Zoroark-Hisui||FocusSash|Illusion|Snarl,BitterMalice,Psychic,Uturn|Timid||F|||50|]Corviknight||OccaBerry|MirrorArmor|BodyPress,IronHead,BraveBird,Roost|Impish||F|||50|]Lycanroc-Dusk||ExpertBelt|ToughClaws|Accelerock,RockSlide,Protect,PsychicFangs|Adamant||M|||50|]Farigiraf||Leftovers|ArmorTail|TrickRoom,HyperVoice,Psychic,FoulPlay|Bold||M|||50|]Delphox||Delphoxite|Blaze|CalmMind,HeatWave,Psyshock,Protect|Timid||M|||50|]Ninetales-Alola||LightClay|SnowWarning|Blizzard,Encore,Protect,AuroraVeil|Timid||F|||50|
|showteam|p2|Charizard||CharizarditeY|Blaze|HeatWave,SolarBeam,Overheat,Protect|Timid||M|||50|]Venusaur||WideLens|Chlorophyll|SludgeBomb,GigaDrain,SleepPowder,Protect|Modest||F|||50|]Mawile||LifeOrb|Intimidate|PlayRough,SuckerPunch,IronHead,Protect|Adamant||F|||50|]Empoleon||Leftovers|Competitive|FlashCannon,Surf,IceBeam,Protect|Calm||M|||50|]Aerodactyl||FocusSash|Unnerve|Tailwind,WideGuard,RockSlide,Taunt|Jolly||F|||50|]Garchomp||SitrusBerry|RoughSkin|Earthquake,RockSlide,DragonClaw,Protect|Jolly||M|||50|
|
|t:|1785375882
|teamsize|p1|4
|teamsize|p2|4
|start
|switch|p1a: Ninetales|Ninetales-Alola, L50, F, shiny|100/100
|switch|p1b: Lycanroc|Lycanroc-Dusk, L50, M, shiny|100/100
|switch|p2a: Charizard|Charizard, L50, M|100/100
|switch|p2b: Garchomp|Garchomp, L50, M|100/100
|turn|1
|j| tedidn
|l| tedidn
|
|t:|1785376000
|detailschange|p2a: Charizard|Charizard-Mega-Y, L50, M
|-mega|p2a: Charizard|Charizard|Charizardite Y
|-weather|SunnyDay|[from] ability: Drought|[of] p2a: Charizard
|move|p2a: Charizard|Protect|p2a: Charizard
|-singleturn|p2a: Charizard|Protect
|move|p1a: Ninetales|Bitter Malice|p2b: Garchomp
|-damage|p2b: Garchomp|61/100
|-unboost|p2b: Garchomp|atk|1
|move|p2b: Garchomp|Earthquake|p1a: Ninetales|[spread] p1a,p1b
|-activate|p2a: Charizard|move: Protect
|-supereffective|p1b: Lycanroc|1
|-damage|p1a: Ninetales|42/100
|-damage|p1b: Lycanroc|11/100
|replace|p1a: Zoroark|Zoroark-Hisui, L50, F
|-end|p1a: Zoroark|Illusion
|move|p1b: Lycanroc|Rock Slide|p2a: Charizard|[spread] p2b
|-activate|p2a: Charizard|move: Protect
|-resisted|p2b: Garchomp|1
|-damage|p2b: Garchomp|45/100
|-enditem|p2b: Garchomp|Sitrus Berry|[eat]
|-heal|p2b: Garchomp|70/100|[from] item: Sitrus Berry
|
|-weather|SunnyDay|[upkeep]
|upkeep
|turn|2
|
|t:|1785376184
|move|p1b: Lycanroc|Accelerock|p2a: Charizard
|-supereffective|p2a: Charizard|2
|-damage|p2a: Charizard|0 fnt
|faint|p2a: Charizard
|move|p1a: Zoroark|Bitter Malice|p2b: Garchomp
|-damage|p2b: Garchomp|26/100
|-unboost|p2b: Garchomp|atk|1
|move|p2b: Garchomp|Dragon Claw|p1a: Zoroark
|-damage|p1a: Zoroark|1/100
|
|-weather|SunnyDay|[upkeep]
|upkeep
|
|t:|1785376330
|switch|p2a: Empoleon|Empoleon, L50, M|100/100
|turn|3
|
|t:|1785376417
|move|p1a: Zoroark|Bitter Malice|p2b: Garchomp
|-damage|p2b: Garchomp|0 fnt
|faint|p2b: Garchomp
|move|p1b: Lycanroc|Rock Slide|p2a: Empoleon
|-resisted|p2a: Empoleon|1
|-damage|p2a: Empoleon|79/100
|cant|p2a: Empoleon|flinch
|
|-weather|SunnyDay|[upkeep]
|-heal|p2a: Empoleon|84/100|[from] item: Leftovers
|upkeep
|
|t:|1785376450
|switch|p2b: Aerodactyl|Aerodactyl, L50, F|100/100
|-ability|p2b: Aerodactyl|Unnerve
|turn|4
|
|t:|1785376503
|move|p2b: Aerodactyl|Wide Guard|p2b: Aerodactyl
|-singleturn|p2b: Aerodactyl|Wide Guard
|move|p1b: Lycanroc|Accelerock|p2b: Aerodactyl
|-supereffective|p2b: Aerodactyl|1
|-damage|p2b: Aerodactyl|12/100
|move|p1a: Zoroark|Bitter Malice|p2b: Aerodactyl
|-damage|p2b: Aerodactyl|0 fnt
|faint|p2b: Aerodactyl
|move|p2a: Empoleon|Flash Cannon|p1b: Lycanroc
|-supereffective|p1b: Lycanroc|1
|-damage|p1b: Lycanroc|0 fnt
|faint|p1b: Lycanroc
|
|-weather|SunnyDay|[upkeep]
|-heal|p2a: Empoleon|90/100|[from] item: Leftovers
|upkeep
|
|t:|1785376522
|switch|p1b: Ninetales|Ninetales-Alola, L50, F, shiny|100/100
|-weather|Snowscape|[from] ability: Snow Warning|[of] p1b: Ninetales
|turn|5
|
|t:|1785376537
|move|p2a: Empoleon|Protect|p2a: Empoleon
|-singleturn|p2a: Empoleon|Protect
|move|p1a: Zoroark|U-turn|p2a: Empoleon
|-activate|p2a: Empoleon|move: Protect
|move|p1b: Ninetales|Aurora Veil|p1b: Ninetales
|-sidestart|p1: princerock54|move: Aurora Veil
|
|-weather|Snowscape|[upkeep]
|-heal|p2a: Empoleon|96/100|[from] item: Leftovers
|upkeep
|turn|6
|
|t:|1785376552
|move|p1a: Zoroark|U-turn|p2a: Empoleon
|-resisted|p2a: Empoleon|1
|-damage|p2a: Empoleon|89/100
|
|t:|1785376555
|switch|p1a: Delphox|Delphox, L50, M, shiny|100/100|[from] U-turn
|move|p1b: Ninetales|Blizzard|p2a: Empoleon
|-resisted|p2a: Empoleon|2
|-damage|p2a: Empoleon|82/100
|move|p2a: Empoleon|Ice Beam|p1b: Ninetales
|-resisted|p1b: Ninetales|1
|-damage|p1b: Ninetales|90/100
|
|-weather|Snowscape|[upkeep]
|-heal|p2a: Empoleon|87/100|[from] item: Leftovers
|upkeep
|turn|7
|
|t:|1785376567
|detailschange|p1a: Delphox|Delphox-Mega, L50, M, shiny
|-mega|p1a: Delphox|Delphox|Delphoxite
|move|p2a: Empoleon|Protect|p2a: Empoleon
|-singleturn|p2a: Empoleon|Protect
|move|p1a: Delphox|Calm Mind|p1a: Delphox
|-boost|p1a: Delphox|spa|1
|-boost|p1a: Delphox|spd|1
|move|p1b: Ninetales|Encore|p2a: Empoleon
|-activate|p2a: Empoleon|move: Protect
|
|-weather|Snowscape|[upkeep]
|-heal|p2a: Empoleon|93/100|[from] item: Leftovers
|upkeep
|turn|8
|
|t:|1785376581
|move|p1a: Delphox|Calm Mind|p1a: Delphox
|-boost|p1a: Delphox|spa|1
|-boost|p1a: Delphox|spd|1
|move|p1b: Ninetales|Encore|p2a: Empoleon
|-start|p2a: Empoleon|Encore
|move|p2a: Empoleon|Protect||[still]
|-fail|p2a: Empoleon
|
|-weather|Snowscape|[upkeep]
|-heal|p2a: Empoleon|99/100|[from] item: Leftovers
|upkeep
|turn|9
|
|t:|1785376594
|move|p2a: Empoleon|Protect|p2a: Empoleon
|-singleturn|p2a: Empoleon|Protect
|move|p1a: Delphox|Calm Mind|p1a: Delphox
|-boost|p1a: Delphox|spa|1
|-boost|p1a: Delphox|spd|1
|move|p1b: Ninetales|Blizzard|p2a: Empoleon
|-activate|p2a: Empoleon|move: Protect
|
|-weather|none
|-heal|p2a: Empoleon|100/100|[from] item: Leftovers
|upkeep
|turn|10
|
|t:|1785376604
|move|p2a: Empoleon|Protect|p2a: Empoleon
|-singleturn|p2a: Empoleon|Protect
|move|p1a: Delphox|Psyshock|p2a: Empoleon
|-activate|p2a: Empoleon|move: Protect
|move|p1b: Ninetales|Blizzard|p2a: Empoleon
|-activate|p2a: Empoleon|move: Protect
|
|-end|p2a: Empoleon|Encore
|upkeep
|turn|11
|
|t:|1785376615
|move|p2a: Empoleon|Protect||[still]
|-fail|p2a: Empoleon
|move|p1a: Delphox|Calm Mind|p1a: Delphox
|-boost|p1a: Delphox|spa|1
|-boost|p1a: Delphox|spd|1
|move|p1b: Ninetales|Encore|p2a: Empoleon
|-start|p2a: Empoleon|Encore
|
|upkeep
|turn|12
|
|t:|1785376630
|move|p1b: Ninetales|Protect|p1b: Ninetales
|-singleturn|p1b: Ninetales|Protect
|move|p2a: Empoleon|Protect|p2a: Empoleon
|-singleturn|p2a: Empoleon|Protect
|move|p1a: Delphox|Heat Wave|p2a: Empoleon
|-activate|p2a: Empoleon|move: Protect
|
|-sideend|p1: princerock54|move: Aurora Veil
|upkeep
|turn|13
|c|☆turdshark|this game never happened
|
|t:|1785376638
|move|p2a: Empoleon|Protect||[still]
|-fail|p2a: Empoleon
|move|p1a: Delphox|Heat Wave|p2a: Empoleon
|-damage|p2a: Empoleon|0 fnt
|faint|p2a: Empoleon
|
|win|princerock54
||turdshark is ready for game 2.
||princerock54 is ready for game 2.
|uhtml|next|Next: Game 2 of 3
|l|☆princerock54
|player|p1|
|l|☆turdshark
|player|p2|
|j|☆turdshark
|player|p2|turdshark|169|
