|j|☆tmjp01
|j|☆x5414
|html|tmjp01x5414    
|uhtml|bestof|Game 2 of a best-of-3
|t:|1782499191
|gametype|doubles
|player|p1|tmjp01|102|1263
|player|p2|x5414|266|1167
|gen|9
|tier|[Gen 9 Champions] VGC 2026 Reg M-B (Bo3)
|rated|
|rule|Species Clause: Limit one of each Pokémon
|rule|Item Clause: Limit 1 of each item
|clearpoke
|poke|p1|Corviknight, L50, M|
|poke|p1|Tyranitar, L50, M|
|poke|p1|Hydreigon, L50, F|
|poke|p1|Froslass, L50, F|
|poke|p1|Garchomp, L50, F|
|poke|p1|Arcanine-Hisui, L50, M|
|poke|p2|Grimmsnarl, L50, M|
|poke|p2|Incineroar, L50, F|
|poke|p2|Whimsicott, L50, M|
|poke|p2|Scizor, L50, F|
|poke|p2|Sinistcha, L50|
|poke|p2|Staraptor, L50, M|
|teampreview|4
|showteam|p1|Corviknight||OccaBerry|MirrorArmor|BraveBird,Protect,IronHead,Tailwind|Adamant||M|||50|]Tyranitar||Tyranitarite|SandStream|Protect,KnockOff,RockSlide,DragonDance|Adamant||M|||50|]Hydreigon||ChoiceScarf|Levitate|DarkPulse,DracoMeteor,EarthPower,ZenHeadbutt|Timid||F|||50|]Froslass||Froslassite|CursedBody|Blizzard,Protect,ShadowBall,WeatherBall|Timid||F|||50|]Garchomp||LifeOrb|RoughSkin|Protect,DragonClaw,RockSlide,Earthquake|Jolly||F|||50|]Arcanine-Hisui||FocusSash|RockHead|Protect,HeadSmash,ExtremeSpeed,FlareBlitz|Adamant||M|||50|
|showteam|p2|Grimmsnarl||LightClay|Prankster|LightScreen,Reflect,PartingShot,SpiritBreak|Careful||M|||50|]Incineroar||SitrusBerry|Intimidate|FakeOut,FlareBlitz,DarkestLariat,PartingShot|Relaxed||F|||50|]Whimsicott||FocusSash|Prankster|Protect,Moonblast,Tailwind,Charm|Bold||M|||50|]Scizor||Leftovers|Technician|Curse,Protect,BugBite,BulletPunch|Adamant||F|||50|]Sinistcha||OccaBerry|Hospitality|MatchaGotcha,RagePowder,TrickRoom,LifeDew|Sassy|||||50|]Staraptor||Staraptite|Intimidate|BraveBird,CloseCombat,Roost,Protect|Jolly||M|||50|
|inactive|Battle timer is ON: inactive players will automatically lose when time's up. (requested by x5414)
|
|t:|1782499212
|teamsize|p1|4
|teamsize|p2|4
|start
|switch|p1a: Corviknight|Corviknight, L50, M|100/100
|switch|p1b: Froslass|Froslass, L50, F|100/100
|switch|p2a: Staraptor|Staraptor, L50, M|100/100
|switch|p2b: Grimmsnarl|Grimmsnarl, L50, M|100/100
|-ability|p2a: Staraptor|Intimidate|boost
|-ability|p1a: Corviknight|Mirror Armor
|-unboost|p2a: Staraptor|atk|1
|-unboost|p1b: Froslass|atk|1
|turn|1
|
|t:|1782499234
|move|p1b: Froslass|Protect|p1b: Froslass
|-singleturn|p1b: Froslass|Protect
|move|p2a: Staraptor|Protect|p2a: Staraptor
|-singleturn|p2a: Staraptor|Protect
|move|p1a: Corviknight|Tailwind|p1a: Corviknight
|-sidestart|p1: tmjp01|move: Tailwind
|move|p2b: Grimmsnarl|Spirit Break|p1b: Froslass
|-activate|p1b: Froslass|move: Protect
|
|upkeep
|turn|2
|
|t:|1782499244
|switch|p2a: Incineroar|Incineroar, L50, F|100/100
|-ability|p2a: Incineroar|Intimidate|boost
|-ability|p1a: Corviknight|Mirror Armor
|-unboost|p2a: Incineroar|atk|1
|-unboost|p1b: Froslass|atk|1
|detailschange|p1b: Froslass|Froslass-Mega, L50, F
|-mega|p1b: Froslass|Froslass|Froslassite
|-weather|Snowscape|[from] ability: Snow Warning|[of] p1b: Froslass
|move|p1b: Froslass|Blizzard|p2a: Incineroar|[spread] p2a,p2b
|-resisted|p2a: Incineroar|1
|-crit|p2b: Grimmsnarl
|-damage|p2a: Incineroar|80/100
|-damage|p2b: Grimmsnarl|50/100g
|move|p1a: Corviknight|Brave Bird|p2a: Incineroar
|-damage|p2a: Incineroar|47/100
|-enditem|p2a: Incineroar|Sitrus Berry|[eat]
|-heal|p2a: Incineroar|72/100|[from] item: Sitrus Berry
|-damage|p1a: Corviknight|89/100|[from] Recoil
|move|p2b: Grimmsnarl|Spirit Break|p1b: Froslass
|-damage|p1b: Froslass|68/100
|-unboost|p1b: Froslass|spa|1
|
|-weather|Snowscape|[upkeep]
|upkeep
|turn|3
|
|t:|1782499260
|switch|p1b: Arcanine|Arcanine-Hisui, L50, M|100/100
|move|p1a: Corviknight|Protect|p1a: Corviknight
|-singleturn|p1a: Corviknight|Protect
|move|p2b: Grimmsnarl|Reflect|p2b: Grimmsnarl
|-sidestart|p2: x5414|Reflect
|move|p2a: Incineroar|Flare Blitz|p1a: Corviknight
|-activate|p1a: Corviknight|move: Protect
|
|-weather|Snowscape|[upkeep]
|upkeep
|turn|4
|
|t:|1782499275
|move|p2b: Grimmsnarl|Parting Shot|p1b: Arcanine
|-unboost|p1b: Arcanine|atk|1
|-unboost|p1b: Arcanine|spa|1
|
|t:|1782499278
|switch|p2b: Staraptor|Staraptor, L50, M|100/100|[from] Parting Shot
|-ability|p2b: Staraptor|Intimidate|boost
|-ability|p1a: Corviknight|Mirror Armor
|-unboost|p2b: Staraptor|atk|1
|-unboost|p1b: Arcanine|atk|1
|move|p1b: Arcanine|Head Smash|p2a: Incineroar
|-supereffective|p2a: Incineroar|1
|-damage|p2a: Incineroar|30/100
|move|p1a: Corviknight|Iron Head|p2b: Staraptor
|-damage|p2b: Staraptor|75/100
|move|p2a: Incineroar|Parting Shot|p1b: Arcanine
|-unboost|p1b: Arcanine|atk|1
|-unboost|p1b: Arcanine|spa|1
|
|t:|1782499287
|switch|p2a: Sinistcha|Sinistcha, L50|100/100|[from] Parting Shot
|-heal|p2b: Staraptor|100/100|[from] ability: Hospitality|[of] p2a: Sinistcha
|
|-weather|Snowscape|[upkeep]
|-sideend|p1: tmjp01|move: Tailwind
|upkeep
|turn|5
|
|t:|1782499306
|switch|p1b: Froslass|Froslass-Mega, L50, F|68/100
|detailschange|p2b: Staraptor|Staraptor-Mega, L50, M
|-mega|p2b: Staraptor|Staraptor|Staraptite
|move|p2b: Staraptor|Close Combat|p1a: Corviknight
|-damage|p1a: Corviknight|57/100
|-boost|p2b: Staraptor|def|1
|-boost|p2b: Staraptor|spd|1
|move|p1a: Corviknight|Tailwind|p1a: Corviknight
|-sidestart|p1: tmjp01|move: Tailwind
|move|p2a: Sinistcha|Matcha Gotcha|p1a: Corviknight|[spread] p1a,p1b
|-resisted|p1a: Corviknight|2
|-damage|p1a: Corviknight|51/100
|-damage|p1b: Froslass|41/100
|-status|p1a: Corviknight|brn
|
|-weather|Snowscape|[upkeep]
|-damage|p1a: Corviknight|45/100 brn|[from] brn
|upkeep
|turn|6
|
|t:|1782499320
|switch|p2a: Incineroar|Incineroar, L50, F|30/100
|-ability|p2a: Incineroar|Intimidate|boost
|-ability|p1a: Corviknight|Mirror Armor
|-unboost|p2a: Incineroar|atk|1
|-unboost|p1b: Froslass|atk|1
|move|p1b: Froslass|Blizzard|p2a: Incineroar|[spread] p2a,p2b
|-resisted|p2a: Incineroar|1
|-supereffective|p2b: Staraptor|1
|-damage|p2a: Incineroar|11/100
|-damage|p2b: Staraptor|34/100
|-status|p2b: Staraptor|frz
|move|p1a: Corviknight|Brave Bird|p2a: Incineroar
|-damage|p2a: Incineroar|1/100
|-damage|p1a: Corviknight|42/100 brn|[from] Recoil
|cant|p2b: Staraptor|frz
|
|-weather|none
|-damage|p1a: Corviknight|36/100 brn|[from] brn
|upkeep
|turn|7
|
|t:|1782499341
|switch|p2a: Sinistcha|Sinistcha, L50|100/100
|-heal|p2b: Staraptor|59/100 frz|[from] ability: Hospitality|[of] p2a: Sinistcha
|move|p1b: Froslass|Blizzard|p2b: Staraptor|[spread] p2b
|-miss|p1b: Froslass|p2a: Sinistcha
|-supereffective|p2b: Staraptor|1
|-damage|p2b: Staraptor|0 fnt
|faint|p2b: Staraptor
|move|p1a: Corviknight|Brave Bird|p2a: Sinistcha
|-supereffective|p2a: Sinistcha|1
|-damage|p2a: Sinistcha|76/100
|-damage|p1a: Corviknight|29/100 brn|[from] Recoil
|
|-damage|p1a: Corviknight|23/100 brn|[from] brn
|upkeep
|
|t:|1782499351
|switch|p2b: Grimmsnarl|Grimmsnarl, L50, M|50/100g
|turn|8
|
|t:|1782499361
|move|p1b: Froslass|Shadow Ball|p2a: Sinistcha
|-supereffective|p2a: Sinistcha|1
|-damage|p2a: Sinistcha|1/100
|-unboost|p2a: Sinistcha|spd|1
|move|p1a: Corviknight|Iron Head|p2b: Grimmsnarl
|-supereffective|p2b: Grimmsnarl|1
|-damage|p2b: Grimmsnarl|28/100
|move|p2b: Grimmsnarl|Spirit Break|p1b: Froslass
|-damage|p1b: Froslass|0 fnt
|faint|p1b: Froslass
|move|p2a: Sinistcha|Trick Room|p2a: Sinistcha
|-fieldstart|move: Trick Room|[of] p2a: Sinistcha
|
|-damage|p1a: Corviknight|18/100 brn|[from] brn
|-sideend|p1: tmjp01|move: Tailwind
|upkeep
|
|t:|1782499371
|switch|p1b: Arcanine|Arcanine-Hisui, L50, M|100/100
|turn|9
|
|t:|1782499380
|move|p2b: Grimmsnarl|Spirit Break|p1a: Corviknight
|-resisted|p1a: Corviknight|1
|-damage|p1a: Corviknight|4/100 brn
|-ability|p1a: Corviknight|Mirror Armor
|-unboost|p2b: Grimmsnarl|spa|1
|move|p2a: Sinistcha|Matcha Gotcha|p1a: Corviknight|[spread] p1a,p1b
|-resisted|p1a: Corviknight|2
|-damage|p1a: Corviknight|0 fnt
|-heal|p2a: Sinistcha|3/100|[from] drain|[of] p1a: Corviknight
|-damage|p1b: Arcanine|67/100
|-heal|p2a: Sinistcha|19/100|[from] drain|[of] p1b: Arcanine
|faint|p1a: Corviknight
|move|p1b: Arcanine|Flare Blitz|p2a: Sinistcha
|-supereffective|p2a: Sinistcha|1
|-enditem|p2a: Sinistcha|Occa Berry|[eat]
|-enditem|p2a: Sinistcha|Occa Berry|[weaken]
|-damage|p2a: Sinistcha|0 fnt
|faint|p2a: Sinistcha
|
|upkeep
|
|t:|1782499396
|switch|p2a: Incineroar|Incineroar, L50, F|1/100
|switch|p1a: Hydreigon|Hydreigon, L50, F|100/100
|-ability|p2a: Incineroar|Intimidate|boost
|-unboost|p1a: Hydreigon|atk|1
|-unboost|p1b: Arcanine|atk|1
|turn|10
|
|t:|1782499414
|move|p2a: Incineroar|Fake Out|p1b: Arcanine
|-resisted|p1b: Arcanine|1
|-damage|p1b: Arcanine|60/100
|move|p2b: Grimmsnarl|Spirit Break|p1a: Hydreigon
|-supereffective|p1a: Hydreigon|2
|-damage|p1a: Hydreigon|0 fnt
|faint|p1a: Hydreigon
|cant|p1b: Arcanine|flinch
|
|-sideend|p2: x5414|Reflect
|upkeep
|turn|11
|
|t:|1782499427
|move|p1b: Arcanine|Extreme Speed|p2a: Incineroar
|-damage|p2a: Incineroar|0 fnt
|faint|p2a: Incineroar
|move|p2b: Grimmsnarl|Spirit Break|p1b: Arcanine
|-resisted|p1b: Arcanine|1
|-damage|p1b: Arcanine|40/100
|-unboost|p1b: Arcanine|spa|1
|
|upkeep
|turn|12
|
|t:|1782499436
|move|p2b: Grimmsnarl|Spirit Break|p1b: Arcanine
|-resisted|p1b: Arcanine|1
|-damage|p1b: Arcanine|20/100y
|-unboost|p1b: Arcanine|spa|1
|move|p1b: Arcanine|Flare Blitz|p2b: Grimmsnarl
|-damage|p2b: Grimmsnarl|0 fnt
|faint|p2b: Grimmsnarl
|
|win|tmjp01
||x5414 is ready for game 3.
||tmjp01 is ready for game 3.
|uhtml|next|Next: Game 3 of 3
|l|☆x5414
|player|p2|
