|j|☆Masehood
|j|☆PreparationHHH
|html|MasehoodPreparationHHH    
|uhtml|bestof|Game 2 of a best-of-3
|t:|1757852837
|gametype|doubles
|player|p1|Masehood|linebacker|1211
|player|p2|PreparationHHH|zinzolin|1104
|gen|9
|tier|[Gen 9] VGC 2025 Reg H (Bo3)
|rated|
|rule|Species Clause: Limit one of each Pokémon
|rule|Item Clause: Limit 1 of each item
|clearpoke
|poke|p1|Archaludon, L50, M|
|poke|p1|Pelipper, L50, M|
|poke|p1|Sinistcha-Masterpiece, L50|
|poke|p1|Dragonite, L50, M|
|poke|p1|Ursaluna, L50, M|
|poke|p1|Gholdengo, L50|
|poke|p2|Toedscruel, L50, M|
|poke|p2|Weezing-Galar, L50, M|
|poke|p2|Pelipper, L50, F|
|poke|p2|Archaludon, L50, M|
|poke|p2|Comfey, L50, F|
|poke|p2|Kingdra, L50, F|
|teampreview|4
|showteam|p1|Archaludon||AssaultVest|Stamina|ElectroShot,FlashCannon,BodyPress,Snarl|||M|||50|,,,,,Fighting]Pelipper||FocusSash|Drizzle|Hurricane,WideGuard,WeatherBall,Protect|||M|||50|,,,,,Ghost]Sinistcha-Masterpiece||SitrusBerry|Hospitality|RagePowder,MatchaGotcha,TrickRoom,LifeDew||||||50|,,,,,Dark]Dragonite||LoadedDice|Multiscale|ScaleShot,Tailwind,Haze,Protect|||M|||50|,,,,,Fairy]Ursaluna||FlameOrb|Guts|HeadlongRush,Facade,Earthquake,Protect|||M|||50|,,,,,Ghost]Gholdengo||ChoiceScarf|GoodasGold|MakeItRain,ShadowBall,TeraBlast,Trick||||||50|,,,,,Water
|showteam|p2|Toedscruel||CovertCloak|MyceliumMight|Spore,BulletSeed,Protect,EarthPower|||M|||50|,,,,,Water]Weezing-Galar||SitrusBerry|NeutralizingGas|Taunt,SludgeBomb,Protect,DazzlingGleam|||M|||50|,,,,,Ghost]Pelipper||ChoiceScarf|Drizzle|WeatherBall,Hurricane,Tailwind,Uturn|||F|||50|,,,,,Ghost]Archaludon||AssaultVest|Stamina|ElectroShot,Snarl,BodyPress,FlashCannon|||M|||50|,,,,,Grass]Comfey||SafetyGoggles|Triage|DrainingKiss,FloralHealing,LightScreen,Protect|||F|||50|,,,,,Steel]Kingdra||LifeOrb|SwiftSwim|WeatherBall,Surf,DracoMeteor,Protect|||F|||50|,,,,,Steel
|inactive|Battle timer is ON: inactive players will automatically lose when time's up. (requested by Masehood)
|inactive|Masehood has 60 seconds left.
|
|t:|1757852869
|teamsize|p1|4
|teamsize|p2|4
|start
|switch|p1a: Sinistcha|Sinistcha-Masterpiece, L50|100/100
|switch|p1b: Ursaluna|Ursaluna, L50, M|100/100
|switch|p2a: Pelipper|Pelipper, L50, F|100/100
|switch|p2b: Kingdra|Kingdra, L50, F|100/100
|-weather|RainDance|[from] ability: Drizzle|[of] p2a: Pelipper
|turn|1
|
|t:|1757852881
|-terastallize|p1a: Sinistcha|Dark
|move|p1b: Ursaluna|Protect|p1b: Ursaluna
|-singleturn|p1b: Ursaluna|Protect
|move|p2b: Kingdra|Draco Meteor|p1a: Sinistcha
|-damage|p1a: Sinistcha|40/100
|-unboost|p2b: Kingdra|spa|2
|-enditem|p1a: Sinistcha|Sitrus Berry|[eat]
|-heal|p1a: Sinistcha|65/100|[from] item: Sitrus Berry
|-damage|p2b: Kingdra|91/100|[from] item: Life Orb
|move|p2a: Pelipper|Hurricane|p1a: Sinistcha
|-damage|p1a: Sinistcha|22/100
|move|p1a: Sinistcha|Trick Room|p1a: Sinistcha
|-fieldstart|move: Trick Room|[of] p1a: Sinistcha
|
|-weather|RainDance|[upkeep]
|-status|p1b: Ursaluna|brn|[from] item: Flame Orb
|upkeep
|turn|2
|inactive|Masehood has 30 seconds left.
|inactive|PreparationHHH has 30 seconds left.
|inactive|PreparationHHH has 20 seconds left.
|
|t:|1757852921
|move|p1a: Sinistcha|Matcha Gotcha|p2a: Pelipper|[spread] p2a,p2b
|-damage|p2a: Pelipper|58/100
|-heal|p1a: Sinistcha|39/100|[from] drain|[of] p2a: Pelipper
|-damage|p2b: Kingdra|64/100
|-heal|p1a: Sinistcha|52/100|[from] drain|[of] p2b: Kingdra
|move|p1b: Ursaluna|Facade|p2a: Pelipper
|-crit|p2a: Pelipper
|-damage|p2a: Pelipper|0 fnt
|faint|p2a: Pelipper
|move|p2b: Kingdra|Weather Ball|p1b: Ursaluna
|-supereffective|p1b: Ursaluna
|-damage|p1b: Ursaluna|31/100 brn
|-damage|p2b: Kingdra|54/100|[from] item: Life Orb
|
|-weather|RainDance|[upkeep]
|-damage|p1b: Ursaluna|25/100 brn|[from] brn
|upkeep
|
|t:|1757852944
|switch|p2a: Comfey|Comfey, L50, F|100/100
|turn|3
|
|t:|1757852950
|move|p2a: Comfey|Protect|p2a: Comfey
|-singleturn|p2a: Comfey|Protect
|move|p1a: Sinistcha|Life Dew|p1a: Sinistcha|[spread] p1a,p1b
|-heal|p1a: Sinistcha|77/100
|-heal|p1b: Ursaluna|50/100 brn
|move|p1b: Ursaluna|Earthquake|p2a: Comfey|[spread] p1a,p2b
|-activate|p2a: Comfey|move: Protect
|-crit|p1a: Sinistcha
|-damage|p1a: Sinistcha|0 fnt
|-damage|p2b: Kingdra|0 fnt
|faint|p1a: Sinistcha
|faint|p2b: Kingdra
|
|-weather|RainDance|[upkeep]
|-damage|p1b: Ursaluna|44/100 brn|[from] brn
|upkeep
|
|t:|1757852963
|switch|p1a: Pelipper|Pelipper, L50, M|100/100
|switch|p2b: Archaludon|Archaludon, L50, M|100/100
|turn|4
|
|t:|1757852985
|-terastallize|p2b: Archaludon|Grass
|move|p2a: Comfey|Draining Kiss|p1a: Pelipper
|-damage|p1a: Pelipper|76/100
|move|p1b: Ursaluna|Facade|p2a: Comfey
|-crit|p2a: Comfey
|-damage|p2a: Comfey|0 fnt
|faint|p2a: Comfey
|move|p2b: Archaludon|Electro Shot||[still]
|-prepare|p2b: Archaludon|Electro Shot
|-boost|p2b: Archaludon|spa|1
|-anim|p2b: Archaludon|Electro Shot|p1a: Pelipper
|-supereffective|p1a: Pelipper
|-crit|p1a: Pelipper
|-damage|p1a: Pelipper|0 fnt
|faint|p1a: Pelipper
|
|-weather|RainDance|[upkeep]
|-damage|p1b: Ursaluna|38/100 brn|[from] brn
|upkeep
|
|t:|1757852993
|switch|p1a: Archaludon|Archaludon, L50, M|100/100
|turn|5
|
|t:|1757853015
|move|p1b: Ursaluna|Facade|p2b: Archaludon
|-damage|p2b: Archaludon|2/100
|-ability|p2b: Archaludon|Stamina|boost
|-boost|p2b: Archaludon|def|1
|move|p1a: Archaludon|Flash Cannon|p2b: Archaludon
|-damage|p2b: Archaludon|0 fnt
|faint|p2b: Archaludon
|
|win|Masehood
||Masehood is ready for game 3.
|inactive|PreparationHHH has 30 seconds to confirm battle start!
