|j|☆25th_mang
|j|☆HinamikoNovelGames
|html|25th_mangHinamikoNovelGames    
|uhtml|bestof|Game 1 of a best-of-3
|t:|1783404535
|gametype|doubles
|player|p1|25th_mang|ballguy|1180
|player|p2|HinamikoNovelGames|parasollady|1280
|gen|9
|tier|[Gen 9 Champions] VGC 2026 Reg M-B (Bo3)
|rated|
|rule|Species Clause: Limit one of each Pokémon
|rule|Item Clause: Limit 1 of each item
|clearpoke
|poke|p1|Chandelure, L50, F|
|poke|p1|Garchomp, L50, F|
|poke|p1|Kingambit, L50, F|
|poke|p1|Tsareena, L50, F|
|poke|p1|Whimsicott, L50, M|
|poke|p1|Starmie, L50|
|poke|p2|Delphox, L50, F|
|poke|p2|Sinistcha-Masterpiece, L50|
|poke|p2|Blastoise, L50, F|
|poke|p2|Maushold, L50|
|poke|p2|Incineroar, L50, F|
|poke|p2|Sneasler, L50, F|
|teampreview|4
|showteam|p1|Chandelure||Chandelurite|FlashFire|HeatWave,ShadowBall,TrickRoom,Protect|Modest||F|||50|]Garchomp||LifeOrb|RoughSkin|StompingTantrum,DragonClaw,RockSlide,Protect|Jolly||F|||50|]Kingambit||ChopleBerry|Defiant|IronHead,SuckerPunch,LowKick,Protect|Adamant||F|||50|]Tsareena||WideLens|QueenlyMajesty|PowerWhip,TripleAxel,HelpingHand,Protect|Adamant||F|||50|]Whimsicott||FocusSash|Prankster|Moonblast,Tailwind,Encore,SunnyDay|Modest||M|||50|]Starmie||ChoiceScarf|NaturalCure|Scald,IcyWind,Psychic,Thunderbolt|Modest|||||50|
|showteam|p2|Delphox||Delphoxite|Blaze|HeatWave,Psyshock,NastyPlot,Protect|Timid||F|||50|]Sinistcha-Masterpiece||KasibBerry|Hospitality|MatchaGotcha,TrickRoom,RagePowder,Protect|Calm|||||50|]Blastoise||Blastoisinite|RainDish|WaterSpout,DarkPulse,ShellSmash,Protect|Modest||F|||50|]Maushold||ChopleBerry|FriendGuard|SuperFang,Feint,FollowMe,Protect|Impish|||||50|]Incineroar||SitrusBerry|Intimidate|FakeOut,FlareBlitz,ThroatChop,PartingShot|Impish||F|||50|]Sneasler||FocusSash|Unburden|FakeOut,CloseCombat,DireClaw,QuickGuard|Jolly||F|||50|
|inactive|Battle timer is ON: inactive players will automatically lose when time's up. (requested by 25th_mang)
|j| TheBergentruck1
|inactive|25th_mang has 60 seconds left.
|inactive|HinamikoNovelGames has 60 seconds left.
|l| TheBergentruck1
|inactive|25th_mang has 30 seconds left.
|inactive|25th_mang has 20 seconds left.
|inactive|25th_mang has 15 seconds left.
|inactive|25th_mang has 10 seconds left.
|inactive|25th_mang has 5 seconds left.
|
|t:|1783404623
|teamsize|p1|4
|teamsize|p2|4
|start
|switch|p1a: Whimsicott|Whimsicott, L50, M|100/100
|switch|p1b: Garchomp|Garchomp, L50, F|100/100
|switch|p2a: Delphox|Delphox, L50, F|100/100
|switch|p2b: Sneasler|Sneasler, L50, F|100/100
|turn|1
|
|t:|1783404639
|switch|p2b: Incineroar|Incineroar, L50, F|100/100
|-ability|p2b: Incineroar|Intimidate|boost
|-unboost|p1a: Whimsicott|atk|1
|-unboost|p1b: Garchomp|atk|1
|switch|p1a: Tsareena|Tsareena, L50, F|100/100
|detailschange|p2a: Delphox|Delphox-Mega, L50, F
|-mega|p2a: Delphox|Delphox|Delphoxite
|move|p2a: Delphox|Heat Wave|p1b: Garchomp|[spread] p1a,p1b
|-supereffective|p1a: Tsareena|1
|-resisted|p1b: Garchomp|1
|-damage|p1a: Tsareena|18/100
|-damage|p1b: Garchomp|78/100
|move|p1b: Garchomp|Stomping Tantrum|p2a: Delphox
|-immune|p2a: Delphox|[from] ability: Levitate
|
|upkeep
|turn|2
|
|t:|1783404662
|move|p1a: Tsareena|Helping Hand|p1b: Garchomp
|-singleturn|p1b: Garchomp|Helping Hand|[of] p1a: Tsareena
|move|p2a: Delphox|Heat Wave|p1a: Tsareena|[spread] p1a
|-miss|p2a: Delphox|p1b: Garchomp
|-supereffective|p1a: Tsareena|1
|-damage|p1a: Tsareena|0 fnt
|faint|p1a: Tsareena
|move|p1b: Garchomp|Rock Slide|p2a: Delphox|[spread] p2a,p2b
|-supereffective|p2a: Delphox|1
|-supereffective|p2b: Incineroar|1
|-damage|p2a: Delphox|36/100
|-damage|p2b: Incineroar|59/100
|-damage|p1b: Garchomp|68/100|[from] item: Life Orb
|move|p2b: Incineroar|Parting Shot|p1b: Garchomp
|-unboost|p1b: Garchomp|atk|1
|-unboost|p1b: Garchomp|spa|1
|
|t:|1783404669
|switch|p2b: Sinistcha|Sinistcha-Masterpiece, L50|100/100|[from] Parting Shot
|-heal|p2a: Delphox|61/100|[from] ability: Hospitality|[of] p2b: Sinistcha
|
|upkeep
|
|t:|1783404679
|switch|p1a: Starmie|Starmie, L50|100/100
|turn|3
|
|t:|1783404691
|switch|p1b: Whimsicott|Whimsicott, L50, M|100/100
|move|p2a: Delphox|Protect|p2a: Delphox
|-singleturn|p2a: Delphox|Protect
|move|p1a: Starmie|Icy Wind|p2a: Delphox|[spread] p2b
|-activate|p2a: Delphox|move: Protect
|-supereffective|p2b: Sinistcha|1
|-damage|p2b: Sinistcha|76/100
|-unboost|p2b: Sinistcha|spe|1
|move|p2b: Sinistcha|Matcha Gotcha|p1b: Whimsicott|[spread] p1a
|-miss|p2b: Sinistcha|p1b: Whimsicott
|-supereffective|p1a: Starmie|1
|-damage|p1a: Starmie|37/100
|-heal|p2b: Sinistcha|100/100|[from] drain|[of] p1a: Starmie
|
|upkeep
|turn|4
|
|t:|1783404709
|switch|p1a: Garchomp|Garchomp, L50, F|68/100
|switch|p2a: Sneasler|Sneasler, L50, F|100/100
|move|p1b: Whimsicott|Tailwind|p1b: Whimsicott
|-sidestart|p1: 25th_mang|move: Tailwind
|move|p2b: Sinistcha|Matcha Gotcha|p1b: Whimsicott|[spread] p1a,p1b
|-resisted|p1b: Whimsicott|1
|-damage|p1a: Garchomp|41/100
|-damage|p1b: Whimsicott|79/100
|-status|p1a: Garchomp|brn
|
|-damage|p1a: Garchomp|35/100 brn|[from] brn
|upkeep
|turn|5
|
|t:|1783404727
|switch|p2a: Delphox|Delphox-Mega, L50, F|61/100
|switch|p2b: Incineroar|Incineroar, L50, F|59/100
|-ability|p2b: Incineroar|Intimidate|boost
|-unboost|p1a: Garchomp|atk|1
|-unboost|p1b: Whimsicott|atk|1
|move|p1a: Garchomp|Stomping Tantrum|p2a: Delphox
|-immune|p2a: Delphox|[from] ability: Levitate
|move|p1b: Whimsicott|Moonblast|p2a: Delphox
|-resisted|p2a: Delphox|1
|-damage|p2a: Delphox|43/100
|
|-damage|p1a: Garchomp|29/100 brn|[from] brn
|upkeep
|turn|6
|
|t:|1783404742
|switch|p2b: Sinistcha|Sinistcha-Masterpiece, L50|100/100
|-heal|p2a: Delphox|67/100|[from] ability: Hospitality|[of] p2b: Sinistcha
|move|p1a: Garchomp|Rock Slide|p2b: Sinistcha|[spread] p2a,p2b
|-supereffective|p2a: Delphox|1
|-damage|p2a: Delphox|48/100
|-damage|p2b: Sinistcha|93/100
|-damage|p1a: Garchomp|20/100y brn|[from] item: Life Orb
|move|p1b: Whimsicott|Moonblast|p2b: Sinistcha
|-damage|p2b: Sinistcha|59/100
|move|p2a: Delphox|Heat Wave|p1a: Garchomp|[spread] p1a,p1b
|-resisted|p1a: Garchomp|1
|-supereffective|p1b: Whimsicott|1
|-damage|p1a: Garchomp|0 fnt
|-damage|p1b: Whimsicott|0 fnt
|faint|p1a: Garchomp
|faint|p1b: Whimsicott
|
|upkeep
|
|t:|1783404746
|switch|p1b: Starmie|Starmie, L50|37/100
|turn|7
|
|t:|1783404760
|move|p1b: Starmie|Scald|p2a: Delphox
|-supereffective|p2a: Delphox|1
|-damage|p2a: Delphox|0 fnt
|faint|p2a: Delphox
|move|p2b: Sinistcha|Matcha Gotcha|p1b: Starmie
|-supereffective|p1b: Starmie|1
|-damage|p1b: Starmie|0 fnt
|-heal|p2b: Sinistcha|75/100|[from] drain|[of] p1b: Starmie
|faint|p1b: Starmie
|
|win|HinamikoNovelGames
||HinamikoNovelGames is ready for game 2.
|inactive|25th_mang has 30 seconds to confirm battle start!
|inactive|25th_mang has 20 seconds to confirm battle start!
|inactive|25th_mang has 10 seconds to confirm battle start!
|uhtml|next|Next: Game 2 of 3
|l|☆25th_mang
|player|p1|
|l|☆HinamikoNovelGames
|player|p2|
|j|☆25th_mang
|player|p1|25th_mang|ballguy|
