|j|☆thebrickwall285
|j|☆Oriozz
|html|thebrickwall285Oriozz    
|uhtml|bestof|Game 2 of a best-of-3
|t:|1783536678
|gametype|doubles
|player|p1|thebrickwall285|170|1078
|player|p2|Oriozz|2|1114
|gen|9
|tier|[Gen 9 Champions] VGC 2026 Reg M-B (Bo3)
|rated|
|rule|Species Clause: Limit one of each Pokémon
|rule|Item Clause: Limit 1 of each item
|clearpoke
|poke|p1|Scovillain, L50, M|
|poke|p1|Aerodactyl, L50, F|
|poke|p1|Sylveon, L50, F|
|poke|p1|Salazzle, L50, F|
|poke|p1|Meowstic, L50, M|
|poke|p1|Kingambit, L50, F|
|poke|p2|Kingambit, L50, F|
|poke|p2|Floette-Eternal, L50, F|
|poke|p2|Sneasler, L50, M|
|poke|p2|Incineroar, L50, M|
|poke|p2|Garchomp, L50, M|
|poke|p2|Sinistcha, L50|
|teampreview|4
|showteam|p1|Scovillain||Scovillainite|Chlorophyll|Flamethrower,GigaDrain,RagePowder,LeechSeed|Modest||M|||50|]Aerodactyl||Aerodactylite|RockHead|DragonClaw,Tailwind,DualWingbeat,RockSlide|Jolly||F|||50|]Sylveon||SitrusBerry|Pixilate|CalmMind,Protect,HyperVoice,ShadowBall|Modest||F|||50|]Salazzle||ShellBell|Corrosion|FakeOut,Flamethrower,SludgeBomb,Toxic|Hasty||F|||50|]Meowstic||FocusSash|Prankster|FakeOut,TrickRoom,Psychic,SunnyDay|Sassy||M|||50|]Kingambit||Leftovers|Defiant|IronHead,LowKick,SuckerPunch,KowtowCleave|Adamant||F|||50|
|showteam|p2|Kingambit||ChopleBerry|Defiant|KowtowCleave,Protect,SuckerPunch,IronHead|Adamant||F|||50|]Floette-Eternal||Floettite|FlowerVeil|DazzlingGleam,DrainingKiss,Protect,CalmMind|Bold||F|||50|]Sneasler||FocusSash|Unburden|FakeOut,DireClaw,CloseCombat,Coaching|Jolly||M|||50|]Incineroar||Leftovers|Intimidate|FakeOut,FlareBlitz,PartingShot,HelpingHand|Careful||M|||50|]Garchomp||Garchompite|RoughSkin|Earthquake,StompingTantrum,RockSlide,Protect|Adamant||M|||50|]Sinistcha||SitrusBerry|Hospitality|Protect,MatchaGotcha,TrickRoom,RagePowder|Bold|||||50|
|inactive|Battle timer is ON: inactive players will automatically lose when time's up. (requested by Oriozz)
|
|t:|1783536691
|teamsize|p1|4
|teamsize|p2|4
|start
|switch|p1a: Aerodactyl|Aerodactyl, L50, F|100/100
|switch|p1b: Meowstic|Meowstic, L50, M|100/100
|switch|p2a: Sneasler|Sneasler, L50, M|100/100
|switch|p2b: Kingambit|Kingambit, L50, F|100/100
|turn|1
|inactive|Oriozz has 30 seconds left.
|
|t:|1783536717
|switch|p2a: Incineroar|Incineroar, L50, M|100/100
|-ability|p2a: Incineroar|Intimidate|boost
|-unboost|p1a: Aerodactyl|atk|1
|-unboost|p1b: Meowstic|atk|1
|detailschange|p1a: Aerodactyl|Aerodactyl-Mega, L50, F
|-mega|p1a: Aerodactyl|Aerodactyl|Aerodactylite
|move|p1b: Meowstic|Fake Out|p2b: Kingambit
|-resisted|p2b: Kingambit|1
|-damage|p2b: Kingambit|98/100
|move|p1a: Aerodactyl|Dual Wingbeat|p2a: Incineroar
|-damage|p2a: Incineroar|82/100
|-damage|p2a: Incineroar|67/100
|-hitcount|p2a: Incineroar|2
|cant|p2b: Kingambit|flinch
|
|-heal|p2a: Incineroar|73/100|[from] item: Leftovers
|upkeep
|turn|2
|inactive|Oriozz has 30 seconds left.
|
|t:|1783536745
|switch|p1a: Salazzle|Salazzle, L50, F|100/100
|move|p2a: Incineroar|Fake Out|p1b: Meowstic
|-damage|p1b: Meowstic|87/100
|cant|p1b: Meowstic|flinch
|move|p2b: Kingambit|Iron Head|p1a: Salazzle
|-resisted|p1a: Salazzle|1
|-damage|p1a: Salazzle|57/100
|
|-heal|p2a: Incineroar|79/100|[from] item: Leftovers
|upkeep
|turn|3
|inactive|Oriozz has 30 seconds left.
|inactive|Oriozz has 20 seconds left.
|
|t:|1783536780
|move|p2b: Kingambit|Protect|p2b: Kingambit
|-singleturn|p2b: Kingambit|Protect
|move|p1a: Salazzle|Flamethrower|p2b: Kingambit
|-activate|p2b: Kingambit|move: Protect
|move|p1b: Meowstic|Psychic|p2a: Incineroar
|-immune|p2a: Incineroar
|move|p2a: Incineroar|Parting Shot|p1a: Salazzle
|-unboost|p1a: Salazzle|atk|1
|-unboost|p1a: Salazzle|spa|1
|
|t:|1783536797
|switch|p2a: Sneasler|Sneasler, L50, M|100/100|[from] Parting Shot
|
|upkeep
|turn|4
|
|t:|1783536821
|move|p2a: Sneasler|Fake Out|p1b: Meowstic
|-damage|p1b: Meowstic|70/100
|move|p1a: Salazzle|Flamethrower|p2b: Kingambit
|-supereffective|p2b: Kingambit|1
|-damage|p2b: Kingambit|42/100
|-heal|p1a: Salazzle|67/100|[from] item: Shell Bell|[of] p2b: Kingambit
|cant|p1b: Meowstic|flinch
|move|p2b: Kingambit|Kowtow Cleave|p1a: Salazzle
|-damage|p1a: Salazzle|0 fnt
|faint|p1a: Salazzle
|
|upkeep
|
|t:|1783536836
|switch|p1a: Aerodactyl|Aerodactyl-Mega, L50, F|100/100
|turn|5
|
|t:|1783536843
|switch|p2a: Incineroar|Incineroar, L50, M|79/100
|-ability|p2a: Incineroar|Intimidate|boost
|-unboost|p1a: Aerodactyl|atk|1
|-unboost|p1b: Meowstic|atk|1
|move|p1a: Aerodactyl|Dual Wingbeat|p2a: Incineroar
|-damage|p2a: Incineroar|63/100
|-damage|p2a: Incineroar|46/100
|-hitcount|p2a: Incineroar|2
|move|p1b: Meowstic|Psychic|p2a: Incineroar
|-immune|p2a: Incineroar
|move|p2b: Kingambit|Iron Head|p1a: Aerodactyl
|-supereffective|p1a: Aerodactyl|1
|-damage|p1a: Aerodactyl|0 fnt
|faint|p1a: Aerodactyl
|
|-heal|p2a: Incineroar|51/100|[from] item: Leftovers
|upkeep
|
|t:|1783536850
|switch|p1a: Sylveon|Sylveon, L50, F|100/100
|turn|6
|
|t:|1783536875
|move|p1a: Sylveon|Protect|p1a: Sylveon
|-singleturn|p1a: Sylveon|Protect
|move|p2a: Incineroar|Parting Shot|p1a: Sylveon
|-activate|p1a: Sylveon|move: Protect
|move|p2b: Kingambit|Kowtow Cleave|p1b: Meowstic
|-supereffective|p1b: Meowstic|1
|-damage|p1b: Meowstic|0 fnt
|faint|p1b: Meowstic
|
|-heal|p2a: Incineroar|57/100|[from] item: Leftovers
|upkeep
|turn|7
|
|t:|1783536892
|move|p2a: Incineroar|Parting Shot|p1a: Sylveon
|-unboost|p1a: Sylveon|atk|1
|-unboost|p1a: Sylveon|spa|1
|
|t:|1783536895
|switch|p2a: Sneasler|Sneasler, L50, M|100/100|[from] Parting Shot
|move|p1a: Sylveon|Hyper Voice|p2b: Kingambit|[spread] p2a,p2b
|-damage|p2a: Sneasler|63/100
|-damage|p2b: Kingambit|17/100
|move|p2b: Kingambit|Iron Head|p1a: Sylveon
|-supereffective|p1a: Sylveon|1
|-damage|p1a: Sylveon|0 fnt
|faint|p1a: Sylveon
|
|win|Oriozz
|raw|thebrickwall285's rating: 1078 → 1059(-19 for losing)
|raw|Oriozz's rating: 1114 → 1136(+22 for winning)
