|j|☆raylix
|j|‽Comeoneoslkfkf
|html|raylixComeoneoslkfkf    
|uhtml|bestof|Game 2 of a best-of-3
|t:|1756278058
|gametype|doubles
|player|p1|raylix|bruno|1086
|player|p2|Comeoneoslkfkf|170|1054
|gen|9
|tier|[Gen 9] VGC 2025 Reg H (Bo3)
|rated|
|rule|Species Clause: Limit one of each Pokémon
|rule|Item Clause: Limit 1 of each item
|clearpoke
|poke|p1|Sneasler, L50, M|
|poke|p1|Indeedee, L50, M|
|poke|p1|Volcarona, L50, M|
|poke|p1|Ursaluna-Bloodmoon, L50, M|
|poke|p1|Annihilape, L50, M|
|poke|p1|Tyranitar, L50, M|
|poke|p2|Archaludon, L50, M|
|poke|p2|Gholdengo, L50|
|poke|p2|Politoed, L50, M|
|poke|p2|Gothitelle, L50, M|
|poke|p2|Kingdra, L50, F|
|poke|p2|Incineroar, L50, M|
|teampreview|4
|showteam|p1|Sneasler||PsychicSeed|Unburden|CloseCombat,DireClaw,ThroatChop,Protect|||M|||50|,,,,,Dark]Indeedee||ChoiceScarf|PsychicSurge|ExpandingForce,TeraBlast,Trick,Protect|||M|||50|,,,,,Psychic]Volcarona||SitrusBerry|FlameBody|Overheat,StruggleBug,RagePowder,Tailwind|||M|||50|,,,,,Grass]Ursaluna-Bloodmoon||LifeOrb|MindsEye|BloodMoon,HyperVoice,EarthPower,Protect|||M|||50|,,,,,Normal]Annihilape||SafetyGoggles|Defiant|CloseCombat,RageFist,Taunt,FinalGambit|||M|||50|,,,,,Fairy]Tyranitar||AssaultVest|SandStream|RockSlide,KnockOff,TeraBlast,LowKick|||M|||50|,,,,,Flying
|showteam|p2|Archaludon||PowerHerb|Sturdy|Protect,FlashCannon,DracoMeteor,ElectroShot|||M|||50|,,,,,Electric]Gholdengo||ChoiceScarf|GoodasGold|MakeItRain,ShadowBall,Trick,Protect||||||50|,,,,,Steel]Politoed||Leftovers|Drizzle|PerishSong,HelpingHand,Protect,WeatherBall|||M|||50|,,,,,Grass]Gothitelle||SitrusBerry|ShadowTag|FakeOut,Protect,TrickRoom,Psychic|||M|||50|,,,,,Dark]Kingdra||LifeOrb|SwiftSwim|Protect,MuddyWater,DracoMeteor,WeatherBall|||F|||50|,,,,,Stellar]Incineroar||SafetyGoggles|Intimidate|FakeOut,KnockOff,PartingShot,Protect|||M|||50|,,,,,Ghost
|inactive|Battle timer is ON: inactive players will automatically lose when time's up. (requested by Comeoneoslkfkf)
|inactive|raylix has 60 seconds left.
|
|t:|1756278102
|teamsize|p1|4
|teamsize|p2|4
|start
|switch|p1a: Sneasler|Sneasler, L50, M|100/100
|switch|p1b: Annihilape|Annihilape, L50, M|100/100
|switch|p2a: Kingdra|Kingdra, L50, F|100/100
|switch|p2b: Gothitelle|Gothitelle, L50, M|100/100
|turn|1
|inactive|raylix has 30 seconds left.
|inactive|Comeoneoslkfkf has 30 seconds left.
|inactive|raylix has 20 seconds left.
|inactive|raylix has 15 seconds left.
|inactive|Comeoneoslkfkf has 20 seconds left.
|inactive|raylix has 10 seconds left.
|
|t:|1756278148
|switch|p2b: Politoed|Politoed, L50, M|100/100
|-weather|RainDance|[from] ability: Drizzle|[of] p2b: Politoed
|-terastallize|p2a: Kingdra|Stellar
|move|p2a: Kingdra|Weather Ball|p1b: Annihilape
|-damage|p1b: Annihilape|6/100
|-damage|p2a: Kingdra|90/100|[from] item: Life Orb
|move|p1a: Sneasler|Close Combat|p2a: Kingdra
|-damage|p2a: Kingdra|2/100
|-unboost|p1a: Sneasler|def|1
|-unboost|p1a: Sneasler|spd|1
|move|p1b: Annihilape|Taunt|p2b: Politoed
|-start|p2b: Politoed|move: Taunt
|
|-weather|RainDance|[upkeep]
|upkeep
|turn|2
|inactive|Comeoneoslkfkf has 30 seconds left.
|
|t:|1756278177
|switch|p2a: Incineroar|Incineroar, L50, M|100/100
|-ability|p2a: Incineroar|Intimidate|boost
|-unboost|p1a: Sneasler|atk|1
|-unboost|p1b: Annihilape|atk|1
|-ability|p1b: Annihilape|Defiant|boost
|-boost|p1b: Annihilape|atk|2
|switch|p1b: Tyranitar|Tyranitar, L50, M|100/100
|-weather|Sandstorm|[from] ability: Sand Stream|[of] p1b: Tyranitar
|move|p1a: Sneasler|Dire Claw|p2b: Politoed
|-damage|p2b: Politoed|66/100
|-status|p2b: Politoed|psn
|move|p2b: Politoed|Weather Ball|p1b: Tyranitar
|-damage|p1b: Tyranitar|90/100
|
|-weather|Sandstorm|[upkeep]
|-damage|p1a: Sneasler|95/100|[from] Sandstorm
|-damage|p2b: Politoed|60/100 psn|[from] Sandstorm
|-heal|p2b: Politoed|66/100 psn|[from] item: Leftovers
|-damage|p2b: Politoed|53/100 psn|[from] psn
|upkeep
|turn|3
|inactive|Comeoneoslkfkf has 30 seconds left.
|inactive|Comeoneoslkfkf has 20 seconds left.
|
|t:|1756278215
|switch|p1b: Indeedee|Indeedee, L50, M|100/100
|-fieldstart|move: Psychic Terrain|[from] ability: Psychic Surge|[of] p1b: Indeedee
|-enditem|p1a: Sneasler|Psychic Seed
|-boost|p1a: Sneasler|spd|1|[from] item: Psychic Seed
|switch|p2b: Gothitelle|Gothitelle, L50, M|100/100
|move|p1a: Sneasler|Close Combat|p2a: Incineroar
|-supereffective|p2a: Incineroar
|-damage|p2a: Incineroar|31/100
|-unboost|p1a: Sneasler|def|1
|-unboost|p1a: Sneasler|spd|1
|move|p2a: Incineroar|Parting Shot|p1b: Indeedee
|-unboost|p1b: Indeedee|atk|1
|-unboost|p1b: Indeedee|spa|1
|
|t:|1756278229
|switch|p2a: Politoed|Politoed, L50, M|53/100 psn|[from] Parting Shot
|-weather|RainDance|[from] ability: Drizzle|[of] p2a: Politoed
|
|-weather|RainDance|[upkeep]
|-heal|p2a: Politoed|59/100 psn|[from] item: Leftovers
|-damage|p2a: Politoed|47/100 psn|[from] psn
|upkeep
|turn|4
|inactive|raylix has 30 seconds left.
|inactive|raylix has 20 seconds left.
|inactive|raylix has 15 seconds left.
|inactive|raylix has 10 seconds left.
|inactive|raylix has 5 seconds left.
|
|t:|1756278280
|move|p2a: Politoed|Protect|p2a: Politoed
|-singleturn|p2a: Politoed|Protect
|move|p1a: Sneasler|Close Combat|p2b: Gothitelle
|-resisted|p2b: Gothitelle
|-damage|p2b: Gothitelle|78/100
|-unboost|p1a: Sneasler|def|1
|-unboost|p1a: Sneasler|spd|1
|move|p1b: Indeedee|Expanding Force|p2a: Politoed|[spread] p2b
|-activate|p2a: Politoed|move: Protect
|-resisted|p2b: Gothitelle
|-damage|p2b: Gothitelle|64/100
|move|p2b: Gothitelle|Psychic|p1a: Sneasler
|-supereffective|p1a: Sneasler
|-damage|p1a: Sneasler|0 fnt
|faint|p1a: Sneasler
|
|-weather|RainDance|[upkeep]
|-heal|p2a: Politoed|53/100 psn|[from] item: Leftovers
|-damage|p2a: Politoed|41/100 psn|[from] psn
|upkeep
|
|t:|1756278295
|switch|p1a: Tyranitar|Tyranitar, L50, M|90/100
|-weather|Sandstorm|[from] ability: Sand Stream|[of] p1a: Tyranitar
|turn|5
|inactive|Comeoneoslkfkf has 30 seconds left.
|inactive|Comeoneoslkfkf has 20 seconds left.
|
|t:|1756278331
|switch|p2a: Incineroar|Incineroar, L50, M|31/100
|-ability|p2a: Incineroar|Intimidate|boost
|-unboost|p1a: Tyranitar|atk|1
|-unboost|p1b: Indeedee|atk|1
|move|p1b: Indeedee|Expanding Force|p2b: Gothitelle|[spread] p2b
|-immune|p2a: Incineroar
|-resisted|p2b: Gothitelle
|-damage|p2b: Gothitelle|50/100
|-enditem|p2b: Gothitelle|Sitrus Berry|[eat]
|-heal|p2b: Gothitelle|75/100|[from] item: Sitrus Berry
|move|p1a: Tyranitar|Rock Slide|p2b: Gothitelle|[spread] p2a,p2b
|-supereffective|p2a: Incineroar
|-damage|p2a: Incineroar|0 fnt
|-damage|p2b: Gothitelle|54/100
|faint|p2a: Incineroar
|cant|p2b: Gothitelle|flinch
|
|-weather|Sandstorm|[upkeep]
|-damage|p1b: Indeedee|95/100|[from] Sandstorm
|-damage|p2b: Gothitelle|48/100|[from] Sandstorm
|upkeep
|
|t:|1756278347
|switch|p2a: Politoed|Politoed, L50, M|41/100 psn
|-weather|RainDance|[from] ability: Drizzle|[of] p2a: Politoed
|turn|6
|inactive|Comeoneoslkfkf has 30 seconds left.
|
|t:|1756278382
|-terastallize|p1a: Tyranitar|Flying
|move|p2a: Politoed|Protect|p2a: Politoed
|-singleturn|p2a: Politoed|Protect
|move|p1b: Indeedee|Expanding Force|p2a: Politoed|[spread] p2b
|-activate|p2a: Politoed|move: Protect
|-resisted|p2b: Gothitelle
|-damage|p2b: Gothitelle|33/100
|move|p1a: Tyranitar|Knock Off|p2b: Gothitelle
|-supereffective|p2b: Gothitelle
|-damage|p2b: Gothitelle|0 fnt
|faint|p2b: Gothitelle
|
|-weather|RainDance|[upkeep]
|-heal|p2a: Politoed|47/100 psn|[from] item: Leftovers
|-damage|p2a: Politoed|34/100 psn|[from] psn
|upkeep
|
|t:|1756278393
|switch|p2b: Kingdra|Kingdra, L50, F, tera:Stellar|2/100
|turn|7
|
|t:|1756278409
|move|p2a: Politoed|Helping Hand|p2b: Kingdra
|-singleturn|p2b: Kingdra|Helping Hand|[of] p2a: Politoed
|move|p2b: Kingdra|Muddy Water|p1b: Indeedee|[spread] p1a,p1b
|-damage|p1a: Tyranitar|36/100
|-damage|p1b: Indeedee|0 fnt
|-unboost|p1a: Tyranitar|accuracy|1
|faint|p1b: Indeedee
|-damage|p2b: Kingdra|0 fnt|[from] item: Life Orb
|faint|p2b: Kingdra
|move|p1a: Tyranitar|Rock Slide|p2a: Politoed
|-damage|p2a: Politoed|6/100 psn
|
|-weather|RainDance|[upkeep]
|-heal|p2a: Politoed|12/100 psn|[from] item: Leftovers
|-damage|p2a: Politoed|0 fnt|[from] psn
|faint|p2a: Politoed
|
|win|raylix
|raw|raylix's rating: 1086 → 1111(+25 for winning)
|raw|Comeoneoslkfkf's rating: 1054 → 1038(-16 for losing)
|l|‽Comeoneoslkfkf
|player|p2|
