|j|☆Cristante terabug
|j|☆beaterheater
|html|Cristante terabugbeaterheater    
|uhtml|bestof|Game 2 of a best-of-3
|t:|1756314582
|gametype|doubles
|player|p1|Cristante terabug|kieran-champion|1221
|player|p2|beaterheater|marshal|1200
|gen|9
|tier|[Gen 9] VGC 2025 Reg H (Bo3)
|rated|
|rule|Species Clause: Limit one of each Pokémon
|rule|Item Clause: Limit 1 of each item
|clearpoke
|poke|p1|Kommo-o, L50, M|
|poke|p1|Gholdengo, L50|
|poke|p1|Sneasler, L50, F|
|poke|p1|Rillaboom, L50, M|
|poke|p1|Dondozo, L50, F|
|poke|p1|Electabuzz, L50, M|
|poke|p2|Corviknight, L50, F|
|poke|p2|Tyranitar, L50, M|
|poke|p2|Garchomp, L50, M|
|poke|p2|Hydreigon, L50, F|
|poke|p2|Maushold, L50|
|poke|p2|Archaludon, L50, M|
|teampreview|4
|showteam|p1|Kommo-o||ThroatSpray|Overcoat|ClangorousSoul,ClangingScales,Flamethrower,Protect|||M|||50|,,,,,Fire]Gholdengo||ChoiceSpecs|GoodasGold|MakeItRain,Thunderbolt,DazzlingGleam,ShadowBall||||||50|,,,,,Fairy]Sneasler||FocusSash|PoisonTouch|FakeOut,DireClaw,CloseCombat,Protect|||F|||50|,,,,,Stellar]Rillaboom||AssaultVest|GrassySurge|FakeOut,GrassyGlide,DrumBeating,HighHorsepower|||M|||50|,,,,,Fire]Dondozo||Leftovers|Unaware|WaveCrash,Fissure,Yawn,Protect|||F|||50|,,,,,Poison]Electabuzz||Eviolite|VitalSpirit|Electroweb,FollowMe,Taunt,Protect|||M|||50|,,,,,Ghost
|showteam|p2|Corviknight||Leftovers|MirrorArmor|BraveBird,IronHead,Tailwind,Taunt|||F|||50|,,,,,Dragon]Tyranitar||AssaultVest|SandStream|KnockOff,RockSlide,TeraBlast,LowKick|||M|||50|,,,,,Flying]Garchomp||LifeOrb|RoughSkin|Earthquake,StompingTantrum,DragonClaw,Protect|||M|||50|,,,,,Steel]Hydreigon||SafetyGoggles|Levitate|DracoMeteor,HeatWave,NastyPlot,Protect|||F|||50|,,,,,Fire]Maushold||SitrusBerry|FriendGuard|FollowMe,Taunt,SuperFang,Protect||||||50|,,,,,Ghost]Archaludon||PowerHerb|Stamina|BodyPress,ElectroShot,DragonPulse,Protect|||M|||50|,,,,,Fairy
|inactive|Battle timer is ON: inactive players will automatically lose when time's up. (requested by Cristante terabug)
|
|t:|1756314608
|teamsize|p1|4
|teamsize|p2|4
|start
|switch|p1a: Sneasler|Sneasler, L50, F|100/100
|switch|p1b: Kommo-o|Kommo-o, L50, M|100/100
|switch|p2a: Maushold|Maushold, L50|100/100
|switch|p2b: Garchomp|Garchomp, L50, M|100/100
|turn|1
|inactive|beaterheater has 30 seconds left.
|
|t:|1756314635
|move|p1a: Sneasler|Fake Out|p2b: Garchomp
|-damage|p2b: Garchomp|90/100
|-damage|p1a: Sneasler|88/100|[from] ability: Rough Skin|[of] p2b: Garchomp
|cant|p2b: Garchomp|flinch
|move|p1b: Kommo-o|Clangorous Soul|p1b: Kommo-o
|-boost|p1b: Kommo-o|atk|1
|-boost|p1b: Kommo-o|def|1
|-boost|p1b: Kommo-o|spa|1
|-boost|p1b: Kommo-o|spd|1
|-boost|p1b: Kommo-o|spe|1
|-damage|p1b: Kommo-o|68/100
|-enditem|p1b: Kommo-o|Throat Spray
|-boost|p1b: Kommo-o|spa|1|[from] item: Throat Spray
|move|p2a: Maushold|Super Fang|p1b: Kommo-o
|-damage|p1b: Kommo-o|34/100
|
|upkeep
|turn|2
|inactive|Cristante terabug has 30 seconds left.
|inactive|beaterheater has 30 seconds left.
|
|t:|1756314669
|-terastallize|p2b: Garchomp|Steel
|move|p2a: Maushold|Follow Me|p2a: Maushold
|-singleturn|p2a: Maushold|move: Follow Me
|move|p1b: Kommo-o|Clanging Scales|p2b: Garchomp|[spread] p2a,p2b
|-resisted|p2b: Garchomp
|-crit|p2b: Garchomp
|-damage|p2a: Maushold|38/100
|-damage|p2b: Garchomp|55/100
|-enditem|p2a: Maushold|Sitrus Berry|[eat]
|-heal|p2a: Maushold|63/100|[from] item: Sitrus Berry
|-unboost|p1b: Kommo-o|def|1
|move|p1a: Sneasler|Close Combat|p2a: Maushold
|-supereffective|p2a: Maushold
|-damage|p2a: Maushold|0 fnt
|-unboost|p1a: Sneasler|def|1
|-unboost|p1a: Sneasler|spd|1
|faint|p2a: Maushold
|move|p2b: Garchomp|Earthquake|p1a: Sneasler|[spread] p1a,p1b
|-supereffective|p1a: Sneasler
|-damage|p1a: Sneasler|0 fnt
|-damage|p1b: Kommo-o|0 fnt
|faint|p1a: Sneasler
|faint|p1b: Kommo-o
|-damage|p2b: Garchomp|45/100|[from] item: Life Orb
|
|upkeep
|
|t:|1756314693
|switch|p1a: Gholdengo|Gholdengo, L50|100/100
|switch|p1b: Dondozo|Dondozo, L50, F|100/100
|switch|p2a: Corviknight|Corviknight, L50, F|100/100
|turn|3
|
|t:|1756314708
|-terastallize|p1a: Gholdengo|Fairy
|move|p2b: Garchomp|Earthquake|p1a: Gholdengo|[spread] p1a,p1b
|-immune|p2a: Corviknight
|-damage|p1a: Gholdengo|47/100
|-damage|p1b: Dondozo|68/100
|-damage|p2b: Garchomp|35/100|[from] item: Life Orb
|move|p1a: Gholdengo|Thunderbolt|p2a: Corviknight
|-supereffective|p2a: Corviknight
|-damage|p2a: Corviknight|23/100
|move|p2a: Corviknight|Brave Bird|p1b: Dondozo
|-damage|p1b: Dondozo|42/100
|-damage|p2a: Corviknight|13/100|[from] Recoil
|move|p1b: Dondozo|Wave Crash|p2b: Garchomp
|-damage|p2b: Garchomp|0 fnt
|-damage|p1b: Dondozo|29/100|[from] ability: Rough Skin|[of] p2b: Garchomp
|faint|p2b: Garchomp
|-damage|p1b: Dondozo|20/100|[from] Recoil
|
|-heal|p2a: Corviknight|19/100|[from] item: Leftovers
|-heal|p1b: Dondozo|27/100|[from] item: Leftovers
|upkeep
|
|t:|1756314731
|switch|p2b: Tyranitar|Tyranitar, L50, M, shiny|100/100
|-weather|Sandstorm|[from] ability: Sand Stream|[of] p2b: Tyranitar
|turn|4
|
|t:|1756314739
|move|p1a: Gholdengo|Thunderbolt|p2a: Corviknight
|-supereffective|p2a: Corviknight
|-damage|p2a: Corviknight|0 fnt
|faint|p2a: Corviknight
|move|p2b: Tyranitar|Knock Off|p1b: Dondozo
|-damage|p1b: Dondozo|0 fnt
|-enditem|p1b: Dondozo|Leftovers|[from] move: Knock Off|[of] p2b: Tyranitar
|faint|p1b: Dondozo
|
|-weather|Sandstorm|[upkeep]
|-damage|p1a: Gholdengo|41/100|[from] Sandstorm
|upkeep
|turn|5
|
|t:|1756314754
|move|p1a: Gholdengo|Thunderbolt|p2b: Tyranitar
|-damage|p2b: Tyranitar|82/100
|move|p2b: Tyranitar|Rock Slide|p1a: Gholdengo
|-damage|p1a: Gholdengo|0 fnt
|faint|p1a: Gholdengo
|
|win|beaterheater
|raw|Cristante terabug's rating: 1221 → 1194(-27 for losing)
|raw|beaterheater's rating: 1200 → 1227(+27 for winning)
|l|☆beaterheater
|player|p2|
