|j|☆Kylliza
|j|☆jwithers93
|html|Kyllizajwithers93    
|uhtml|bestof|Game 2 of a best-of-3
|t:|1782335880
|gametype|doubles
|player|p1|Kylliza|265|1101
|player|p2|jwithers93|marshal|1133
|gen|9
|tier|[Gen 9 Champions] VGC 2026 Reg M-B (Bo3)
|rated|
|rule|Species Clause: Limit one of each Pokémon
|rule|Item Clause: Limit 1 of each item
|clearpoke
|poke|p1|Blaziken, L50, F|
|poke|p1|Whimsicott, L50, F|
|poke|p1|Incineroar, L50, M|
|poke|p1|Sylveon, L50, M|
|poke|p1|Basculegion, L50, M|
|poke|p1|Froslass, L50, F|
|poke|p2|Charizard, L50, F|
|poke|p2|Milotic, L50, M|
|poke|p2|Sinistcha, L50|
|poke|p2|Mawile, L50, F|
|poke|p2|Garchomp, L50, M|
|poke|p2|Sneasler, L50, F|
|teampreview|4
|showteam|p1|Blaziken||Blazikenite|SpeedBoost|FlareBlitz,CloseCombat,RockSlide,Protect|Adamant||F|||50|]Whimsicott||FocusSash|Prankster|Moonblast,Tailwind,Encore,Protect|Timid||F|||50|]Incineroar||SitrusBerry|Intimidate|FakeOut,FlareBlitz,ThroatChop,PartingShot|Careful||M|||50|]Sylveon||FairyFeather|Pixilate|HyperVoice,HyperBeam,QuickAttack,Protect|Modest||M|||50|]Basculegion||ChoiceScarf|Adaptability|WaveCrash,LastRespects,AquaJet,FlipTurn|Jolly||M|||50|]Froslass||Froslassite|CursedBody|Blizzard,ShadowBall,AuroraVeil,Protect|Timid||F|||50|
|showteam|p2|Charizard||CharizarditeY|Blaze|HeatWave,SolarBeam,WeatherBall,Protect|Timid||F|||50|]Milotic||Leftovers|Competitive|IcyWind,MuddyWater,Coil,Hypnosis|Calm||M|||50|]Sinistcha||SitrusBerry|Hospitality|MatchaGotcha,RagePowder,LifeDew,TrickRoom|Calm|||||50|]Mawile||Mawilite|Intimidate|PlayRough,IronHead,SuckerPunch,Protect|Adamant||F|||50|]Garchomp||LifeOrb|RoughSkin|DragonClaw,Earthquake,RockSlide,Protect|Jolly||M|||50|]Sneasler||FocusSash|Unburden|FakeOut,Coaching,QuickGuard,CloseCombat|Adamant||F|||50|
|inactive|Battle timer is ON: inactive players will automatically lose when time's up. (requested by Kylliza)
|
|t:|1782335924
|teamsize|p1|4
|teamsize|p2|4
|start
|switch|p1a: Blaziken|Blaziken, L50, F|100/100
|switch|p1b: Incineroar|Incineroar, L50, M|100/100
|switch|p2a: Sinistcha|Sinistcha, L50|100/100
|switch|p2b: Milotic|Milotic, L50, M|100/100
|-ability|p1b: Incineroar|Intimidate|boost
|-unboost|p2a: Sinistcha|atk|1
|-unboost|p2b: Milotic|atk|1
|-ability|p2b: Milotic|Competitive|boost
|-boost|p2b: Milotic|spa|2
|turn|1
|inactive|Kylliza has 30 seconds left.
|inactive|jwithers93 has 30 seconds left.
|inactive|Kylliza has 20 seconds left.
|inactive|jwithers93 has 20 seconds left.
|inactive|Kylliza has 15 seconds left.
|inactive|Kylliza has 10 seconds left.
|inactive|jwithers93 has 15 seconds left.
|
|t:|1782335972
|switch|p2a: Garchomp|Garchomp, L50, M|100/100
|detailschange|p1a: Blaziken|Blaziken-Mega, L50, F
|-mega|p1a: Blaziken|Blaziken|Blazikenite
|move|p1b: Incineroar|Fake Out|p2b: Milotic
|-damage|p2b: Milotic|88/100
|move|p1a: Blaziken|Flare Blitz|p2a: Garchomp
|-resisted|p2a: Garchomp|1
|-damage|p2a: Garchomp|62/100
|-damage|p1a: Blaziken|87/100|[from] ability: Rough Skin|[of] p2a: Garchomp
|-damage|p1a: Blaziken|73/100|[from] Recoil
|cant|p2b: Milotic|flinch
|
|-heal|p2b: Milotic|94/100|[from] item: Leftovers
|-ability|p1a: Blaziken|Speed Boost|boost
|-boost|p1a: Blaziken|spe|1
|upkeep
|turn|2
|inactive|Kylliza has 30 seconds left.
|inactive|Kylliza has 20 seconds left.
|
|t:|1782336011
|switch|p1b: Basculegion|Basculegion, L50, M|100/100
|move|p1a: Blaziken|Protect|p1a: Blaziken
|-singleturn|p1a: Blaziken|Protect
|move|p2a: Garchomp|Rock Slide|p1b: Basculegion|[spread] p1b
|-activate|p1a: Blaziken|move: Protect
|-damage|p1b: Basculegion|68/100
|-damage|p2a: Garchomp|52/100|[from] item: Life Orb
|move|p2b: Milotic|Muddy Water|p1a: Blaziken|[spread] p1b
|-activate|p1a: Blaziken|move: Protect
|-resisted|p1b: Basculegion|1
|-damage|p1b: Basculegion|42/100
|-unboost|p1b: Basculegion|accuracy|1
|
|-heal|p2b: Milotic|100/100|[from] item: Leftovers
|-ability|p1a: Blaziken|Speed Boost|boost
|-boost|p1a: Blaziken|spe|1
|upkeep
|turn|3
|inactive|Kylliza has 30 seconds left.
|inactive|jwithers93 has 30 seconds left.
|inactive|jwithers93 has 20 seconds left.
|inactive|jwithers93 has 15 seconds left.
|inactive|jwithers93 has 10 seconds left.
|
|t:|1782336061
|move|p1a: Blaziken|Close Combat|p2b: Milotic
|-damage|p2b: Milotic|14/100
|-unboost|p1a: Blaziken|def|1
|-unboost|p1a: Blaziken|spd|1
|move|p1b: Basculegion|Wave Crash|p2b: Milotic
|-resisted|p2b: Milotic|1
|-damage|p2b: Milotic|0 fnt
|faint|p2b: Milotic
|-damage|p1b: Basculegion|37/100|[from] Recoil
|move|p2a: Garchomp|Dragon Claw|p1b: Basculegion
|-damage|p1b: Basculegion|0 fnt
|faint|p1b: Basculegion
|-damage|p2a: Garchomp|43/100|[from] item: Life Orb
|
|-ability|p1a: Blaziken|Speed Boost|boost
|-boost|p1a: Blaziken|spe|1
|upkeep
|
|t:|1782336082
|switch|p1b: Sylveon|Sylveon, L50, M|100/100
|switch|p2b: Sinistcha|Sinistcha, L50|100/100
|-heal|p2a: Garchomp|68/100|[from] ability: Hospitality|[of] p2b: Sinistcha
|turn|4
|
|t:|1782336107
|move|p2a: Garchomp|Protect|p2a: Garchomp
|-singleturn|p2a: Garchomp|Protect
|move|p1a: Blaziken|Flare Blitz|p2b: Sinistcha
|-supereffective|p2b: Sinistcha|1
|-damage|p2b: Sinistcha|0 fnt
|faint|p2b: Sinistcha
|-damage|p1a: Blaziken|35/100|[from] Recoil
|move|p1b: Sylveon|Hyper Voice|p2a: Garchomp
|-activate|p2a: Garchomp|move: Protect
|
|-ability|p1a: Blaziken|Speed Boost|boost
|-boost|p1a: Blaziken|spe|1
|upkeep
|
|t:|1782336121
|switch|p2b: Mawile|Mawile, L50, F|100/100
|-ability|p2b: Mawile|Intimidate|boost
|-unboost|p1a: Blaziken|atk|1
|-unboost|p1b: Sylveon|atk|1
|turn|5
|
|t:|1782336138
|move|p2b: Mawile|Protect|p2b: Mawile
|-singleturn|p2b: Mawile|Protect
|move|p1a: Blaziken|Flare Blitz|p2b: Mawile
|-activate|p2b: Mawile|move: Protect
|move|p2a: Garchomp|Earthquake|p1b: Sylveon|[spread] p1a,p1b
|-activate|p2b: Mawile|move: Protect
|-supereffective|p1a: Blaziken|1
|-damage|p1a: Blaziken|0 fnt
|-damage|p1b: Sylveon|44/100
|faint|p1a: Blaziken
|-damage|p2a: Garchomp|58/100|[from] item: Life Orb
|move|p1b: Sylveon|Hyper Voice|p2b: Mawile|[spread] p2a
|-activate|p2b: Mawile|move: Protect
|-supereffective|p2a: Garchomp|1
|-damage|p2a: Garchomp|0 fnt
|faint|p2a: Garchomp
|
|upkeep
|
|t:|1782336155
|switch|p1a: Incineroar|Incineroar, L50, M|100/100
|-ability|p1a: Incineroar|Intimidate|boost
|-unboost|p2b: Mawile|atk|1
|turn|6
|
|t:|1782336170
|detailschange|p2b: Mawile|Mawile-Mega, L50, F
|-mega|p2b: Mawile|Mawile|Mawilite
|move|p1a: Incineroar|Fake Out|p2b: Mawile
|-resisted|p2b: Mawile|1
|-damage|p2b: Mawile|95/100
|move|p1b: Sylveon|Hyper Voice|p2b: Mawile
|-resisted|p2b: Mawile|1
|-damage|p2b: Mawile|59/100
|cant|p2b: Mawile|flinch
|
|upkeep
|turn|7
|
|t:|1782336184
|move|p1b: Sylveon|Hyper Beam|p2b: Mawile
|-resisted|p2b: Mawile|1
|-damage|p2b: Mawile|1/100
|-mustrecharge|p1b: Sylveon
|move|p1a: Incineroar|Flare Blitz|p2b: Mawile
|-supereffective|p2b: Mawile|1
|-damage|p2b: Mawile|0 fnt
|faint|p2b: Mawile
|-damage|p1a: Incineroar|99/100|[from] Recoil
|
|win|Kylliza
