|j|☆thebeast4895
|j|☆sum1dum
|html|thebeast4895sum1dum    
|uhtml|bestof|Game 2 of a best-of-3
|t:|1784047179
|gametype|doubles
|player|p1|thebeast4895|101|1178
|player|p2|sum1dum|rosa|1176
|gen|9
|tier|[Gen 9 Champions] VGC 2026 Reg M-B (Bo3)
|rated|
|rule|Species Clause: Limit one of each Pokémon
|rule|Item Clause: Limit 1 of each item
|clearpoke
|poke|p1|Sinistcha, L50, shiny|
|poke|p1|Drampa, L50, M, shiny|
|poke|p1|Farigiraf, L50, F|
|poke|p1|Staraptor, L50, F|
|poke|p1|Kingambit, L50, F, shiny|
|poke|p1|Milotic, L50, F, shiny|
|poke|p2|Gliscor, L50, M|
|poke|p2|Primarina, L50, M|
|poke|p2|Metagross, L50|
|poke|p2|Ninetales-Alola, L50, M|
|poke|p2|Incineroar, L50, F|
|poke|p2|Sinistcha, L50|
|teampreview|4
|showteam|p1|Sinistcha||SitrusBerry|Hospitality|Protect,MatchaGotcha,RagePowder,TrickRoom|Modest|||||50|]Drampa||Drampanite|CloudNine|Protect,CalmMind,EarthPower,HyperVoice|Quiet||M|||50|]Farigiraf||ColburBerry|ArmorTail|Protect,Psychic,HelpingHand,TrickRoom|Bold||F|||50|]Staraptor||Staraptite|Intimidate|Protect,BraveBird,CloseCombat,Roost|Adamant||F|||50|]Kingambit||FocusSash|Defiant|LowKick,IronHead,KowtowCleave,SuckerPunch|Adamant||F|||50|]Milotic||Leftovers|Competitive|Protect,IceBeam,MuddyWater,Scald|Modest||F|||50|
|showteam|p2|Gliscor||LifeOrb|HyperCutter|DualWingbeat,HighHorsepower,Protect,RockSlide|Jolly||M|||50|]Primarina||Leftovers|LiquidVoice|CalmMind,HyperVoice,Moonblast,Protect|Modest||M|||50|]Metagross||Metagrossite|ClearBody|BulletPunch,IronHead,Protect,PsychicFangs|Jolly|||||50|]Ninetales-Alola||LightClay|SnowWarning|AuroraVeil,FreezeDry,Moonblast,Protect|Timid||M|||50|]Incineroar||ChopleBerry|Intimidate|FakeOut,FlareBlitz,DarkestLariat,PartingShot|Impish||F|||50|]Sinistcha||SitrusBerry|Hospitality|MatchaGotcha,Protect,LifeDew,RagePowder|Bold|||||50|
|inactive|Battle timer is ON: inactive players will automatically lose when time's up. (requested by sum1dum)
|
|t:|1784047195
|teamsize|p1|4
|teamsize|p2|4
|start
|switch|p1a: Drampa|Drampa, L50, M, shiny|100/100
|switch|p1b: Farigiraf|Farigiraf, L50, F|100/100
|switch|p2a: Bravery|Gliscor, L50, M|100/100
|switch|p2b: Integrity|Ninetales-Alola, L50, M|100/100
|-weather|Snowscape|[from] ability: Snow Warning|[of] p2b: Integrity
|-ability|p1a: Drampa|Cloud Nine
|turn|1
|c|☆sum1dum|I'll try not to be a moron this time
|
|t:|1784047218
|move|p2b: Integrity|Moonblast|p1a: Drampa
|-supereffective|p1a: Drampa|1
|-damage|p1a: Drampa|25/100
|move|p2a: Bravery|High Horsepower|p1a: Drampa
|-damage|p1a: Drampa|0 fnt
|faint|p1a: Drampa
|-damage|p2a: Bravery|90/100|[from] item: Life Orb
|move|p1b: Farigiraf|Trick Room|p1b: Farigiraf
|-fieldstart|move: Trick Room|[of] p1b: Farigiraf
|
|-weather|Snowscape|[upkeep]
|upkeep
|c|☆thebeast4895|i give u full permission to be one tho
|
|t:|1784047225
|switch|p1a: Kingambit|Kingambit, L50, F, shiny|100/100
|turn|2
|
|t:|1784047238
|switch|p1b: Sinistcha|Sinistcha, L50, shiny|100/100
|move|p1a: Kingambit|Iron Head|p2b: Integrity
|-supereffective|p2b: Integrity|2
|-damage|p2b: Integrity|0 fnt
|faint|p2b: Integrity
|move|p2a: Bravery|High Horsepower|p1a: Kingambit
|-supereffective|p1a: Kingambit|1
|-damage|p1a: Kingambit|11/100
|-damage|p2a: Bravery|80/100|[from] item: Life Orb
|
|-weather|Snowscape|[upkeep]
|upkeep
|
|t:|1784047254
|switch|p2b: Patience|Primarina, L50, M|100/100
|turn|3
|
|t:|1784047267
|move|p2a: Bravery|Protect|p2a: Bravery
|-singleturn|p2a: Bravery|Protect
|move|p2b: Patience|Hyper Voice|p1a: Kingambit|[spread] p1a,p1b
|-resisted|p1b: Sinistcha|1
|-damage|p1a: Kingambit|0 fnt
|-damage|p1b: Sinistcha|81/100
|faint|p1a: Kingambit
|move|p1b: Sinistcha|Matcha Gotcha|p2a: Bravery|[spread] p2b
|-activate|p2a: Bravery|move: Protect
|-supereffective|p2b: Patience|1
|-damage|p2b: Patience|54/100
|-heal|p1b: Sinistcha|100/100|[from] drain|[of] p2b: Patience
|
|-weather|Snowscape|[upkeep]
|-heal|p2b: Patience|59/100|[from] item: Leftovers
|upkeep
|
|t:|1784047272
|switch|p1a: Farigiraf|Farigiraf, L50, F|100/100
|turn|4
|
|t:|1784047276
|switch|p2b: Kindness|Sinistcha, L50|100/100
|-heal|p2a: Bravery|100/100|[from] ability: Hospitality|[of] p2b: Kindness
|move|p1a: Farigiraf|Helping Hand|p1b: Sinistcha
|-singleturn|p1b: Sinistcha|Helping Hand|[of] p1a: Farigiraf
|move|p1b: Sinistcha|Matcha Gotcha|p2a: Bravery|[spread] p2a,p2b
|-resisted|p2b: Kindness|1
|-damage|p2a: Bravery|33/100
|-damage|p2b: Kindness|79/100
|move|p2a: Bravery|Dual Wingbeat|p1b: Sinistcha
|-supereffective|p1b: Sinistcha|1
|-damage|p1b: Sinistcha|56/100
|-supereffective|p1b: Sinistcha|1
|-damage|p1b: Sinistcha|12/100
|-enditem|p1b: Sinistcha|Sitrus Berry|[eat]
|-heal|p1b: Sinistcha|37/100|[from] item: Sitrus Berry
|-hitcount|p1b: Sinistcha|2
|-damage|p2a: Bravery|23/100|[from] item: Life Orb
|
|-weather|Snowscape|[upkeep]
|upkeep
|turn|5
|
|t:|1784047285
|move|p2a: Bravery|Protect|p2a: Bravery
|-singleturn|p2a: Bravery|Protect
|move|p1a: Farigiraf|Psychic|p2a: Bravery
|-activate|p2a: Bravery|move: Protect
|move|p1b: Sinistcha|Matcha Gotcha|p2b: Kindness|[spread] p2b
|-activate|p2a: Bravery|move: Protect
|-resisted|p2b: Kindness|1
|-crit|p2b: Kindness
|-damage|p2b: Kindness|57/100
|-heal|p1b: Sinistcha|48/100|[from] drain|[of] p2b: Kindness
|move|p2b: Kindness|Life Dew|p2b: Kindness|[spread] p2a,p2b
|-heal|p2a: Bravery|48/100
|-heal|p2b: Kindness|83/100
|
|-weather|none
|-fieldend|move: Trick Room
|upkeep
|turn|6
|
|t:|1784047293
|move|p1b: Sinistcha|Protect|p1b: Sinistcha
|-singleturn|p1b: Sinistcha|Protect
|move|p2a: Bravery|Dual Wingbeat|p1b: Sinistcha
|-activate|p1b: Sinistcha|move: Protect
|move|p2b: Kindness|Life Dew|p2b: Kindness|[spread] p2a,p2b
|-heal|p2a: Bravery|74/100
|-heal|p2b: Kindness|100/100
|move|p1a: Farigiraf|Trick Room|p1a: Farigiraf
|-fieldstart|move: Trick Room|[of] p1a: Farigiraf
|
|upkeep
|turn|7
|
|t:|1784047309
|move|p2a: Bravery|Protect|p2a: Bravery
|-singleturn|p2a: Bravery|Protect
|move|p1a: Farigiraf|Psychic|p2a: Bravery
|-activate|p2a: Bravery|move: Protect
|move|p2b: Kindness|Life Dew||[still]|[spread] p2a,p2b
|-heal|p2a: Bravery|99/100
|-fail|p2b: Kindness|heal
|move|p1b: Sinistcha|Matcha Gotcha|p2b: Kindness|[spread] p2b
|-activate|p2a: Bravery|move: Protect
|-resisted|p2b: Kindness|1
|-damage|p2b: Kindness|87/100
|-heal|p1b: Sinistcha|55/100|[from] drain|[of] p2b: Kindness
|
|upkeep
|turn|8
|
|t:|1784047318
|move|p1b: Sinistcha|Protect|p1b: Sinistcha
|-singleturn|p1b: Sinistcha|Protect
|move|p1a: Farigiraf|Psychic|p2a: Bravery
|-crit|p2a: Bravery
|-damage|p2a: Bravery|17/100
|move|p2b: Kindness|Matcha Gotcha|p1a: Farigiraf|[spread] p1a
|-activate|p1b: Sinistcha|move: Protect
|-damage|p1a: Farigiraf|74/100
|-heal|p2b: Kindness|100/100|[from] drain|[of] p1a: Farigiraf
|move|p2a: Bravery|Dual Wingbeat|p1b: Sinistcha
|-activate|p1b: Sinistcha|move: Protect
|
|upkeep
|turn|9
|
|t:|1784047329
|move|p2a: Bravery|Protect|p2a: Bravery
|-singleturn|p2a: Bravery|Protect
|move|p1a: Farigiraf|Psychic|p2b: Kindness
|-damage|p2b: Kindness|64/100
|move|p2b: Kindness|Life Dew|p2b: Kindness|[spread] p2a,p2b
|-heal|p2a: Bravery|42/100
|-heal|p2b: Kindness|89/100
|move|p1b: Sinistcha|Matcha Gotcha|p2a: Bravery|[spread] p2b
|-activate|p2a: Bravery|move: Protect
|-resisted|p2b: Kindness|1
|-damage|p2b: Kindness|76/100
|-heal|p1b: Sinistcha|61/100|[from] drain|[of] p2b: Kindness
|
|upkeep
|turn|10
|
|t:|1784047354
|switch|p2a: Patience|Primarina, L50, M|59/100
|move|p1a: Farigiraf|Psychic|p2b: Kindness
|-damage|p2b: Kindness|42/100
|-enditem|p2b: Kindness|Sitrus Berry|[eat]
|-heal|p2b: Kindness|67/100|[from] item: Sitrus Berry
|move|p2b: Kindness|Matcha Gotcha|p1b: Sinistcha|[spread] p1a,p1b
|-resisted|p1b: Sinistcha|1
|-damage|p1a: Farigiraf|47/100
|-heal|p2b: Kindness|84/100|[from] drain|[of] p1a: Farigiraf
|-damage|p1b: Sinistcha|48/100
|-heal|p2b: Kindness|91/100|[from] drain|[of] p1b: Sinistcha
|move|p1b: Sinistcha|Matcha Gotcha|p2b: Kindness|[spread] p2a,p2b
|-supereffective|p2a: Patience|1
|-resisted|p2b: Kindness|1
|-damage|p2a: Patience|18/100
|-heal|p1b: Sinistcha|70/100|[from] drain|[of] p2a: Patience
|-damage|p2b: Kindness|77/100
|-heal|p1b: Sinistcha|77/100|[from] drain|[of] p2b: Kindness
|
|-heal|p2a: Patience|24/100|[from] item: Leftovers
|-fieldend|move: Trick Room
|upkeep
|turn|11
|inactive|thebeast4895 has 30 seconds left.
|
|t:|1784047381
|move|p1a: Farigiraf|Protect|p1a: Farigiraf
|-singleturn|p1a: Farigiraf|Protect
|move|p1b: Sinistcha|Matcha Gotcha|p2b: Kindness|[spread] p2a,p2b
|-supereffective|p2a: Patience|1
|-resisted|p2b: Kindness|1
|-crit|p2b: Kindness
|-damage|p2a: Patience|0 fnt
|-heal|p1b: Sinistcha|90/100|[from] drain|[of] p2a: Patience
|-damage|p2b: Kindness|56/100
|-heal|p1b: Sinistcha|100/100|[from] drain|[of] p2b: Kindness
|faint|p2a: Patience
|move|p2b: Kindness|Matcha Gotcha|p1a: Farigiraf|[spread] p1b
|-activate|p1a: Farigiraf|move: Protect
|-resisted|p1b: Sinistcha|1
|-damage|p1b: Sinistcha|88/100
|-heal|p2b: Kindness|62/100|[from] drain|[of] p1b: Sinistcha
|
|upkeep
|
|t:|1784047384
|switch|p2a: Bravery|Gliscor, L50, M|42/100
|turn|12
|inactive|thebeast4895 has 30 seconds left.
|inactive|thebeast4895 has 20 seconds left.
|inactive|thebeast4895 has 15 seconds left.
|
|t:|1784047428
|move|p2a: Bravery|High Horsepower|p1a: Farigiraf
|-damage|p1a: Farigiraf|9/100
|-damage|p2a: Bravery|32/100|[from] item: Life Orb
|move|p2b: Kindness|Life Dew|p2b: Kindness|[spread] p2a,p2b
|-heal|p2a: Bravery|58/100
|-heal|p2b: Kindness|87/100
|move|p1b: Sinistcha|Matcha Gotcha|p2b: Kindness|[spread] p2a,p2b
|-resisted|p2b: Kindness|1
|-damage|p2a: Bravery|15/100
|-heal|p1b: Sinistcha|100/100|[from] drain|[of] p2a: Bravery
|-damage|p2b: Kindness|73/100
|move|p1a: Farigiraf|Psychic|p2a: Bravery
|-damage|p2a: Bravery|0 fnt
|faint|p2a: Bravery
|
|upkeep
|turn|13
|
|t:|1784047439
|move|p2b: Kindness|Matcha Gotcha|p1a: Farigiraf|[spread] p1b
|-miss|p2b: Kindness|p1a: Farigiraf
|-resisted|p1b: Sinistcha|1
|-damage|p1b: Sinistcha|88/100
|-heal|p2b: Kindness|79/100|[from] drain|[of] p1b: Sinistcha
|move|p1b: Sinistcha|Matcha Gotcha|p2b: Kindness
|-resisted|p2b: Kindness|1
|-damage|p2b: Kindness|59/100
|-heal|p1b: Sinistcha|98/100|[from] drain|[of] p2b: Kindness
|move|p1a: Farigiraf|Psychic|p2b: Kindness
|-damage|p2b: Kindness|22/100
|
|upkeep
|turn|14
|c|☆thebeast4895|gg
|c|☆thebeast4895|even if it hit
|c|☆sum1dum|ggs
|c|☆thebeast4895|i was gonna win in the long run
|-message|sum1dum forfeited.
|
|win|thebeast4895
|raw|thebeast4895's rating: 1178 → 1203(+25 for winning)
|raw|sum1dum's rating: 1176 → 1151(-25 for losing)
