|j|☆25th_mang
|j|☆ChimcharBot
|html|25th_mangChimcharBot    
|uhtml|bestof|Game 1 of a best-of-3
|t:|1783265879
|gametype|doubles
|player|p1|25th_mang|ballguy|1242
|player|p2|ChimcharBot|koga|1173
|gen|9
|tier|[Gen 9 Champions] VGC 2026 Reg M-B (Bo3)
|rated|
|rule|Species Clause: Limit one of each Pokémon
|rule|Item Clause: Limit 1 of each item
|clearpoke
|poke|p1|Blastoise, L50, F|
|poke|p1|Aerodactyl, L50, M|
|poke|p1|Sinistcha, L50|
|poke|p1|Kingambit, L50, M|
|poke|p1|Tsareena, L50, F|
|poke|p1|Metagross, L50, shiny|
|poke|p2|Floette-Eternal, L50, F|
|poke|p2|Incineroar, L50, F|
|poke|p2|Aerodactyl, L50, F|
|poke|p2|Kingambit, L50, M|
|poke|p2|Garchomp, L50, M|
|poke|p2|Sinistcha-Masterpiece, L50|
|teampreview|4
|showteam|p1|Blastoise||Blastoisinite|RainDish|WaterSpout,AuraSphere,DarkPulse,FakeOut|Modest||F|||50|]Aerodactyl||FocusSash|Unnerve|Tailwind,RainDance,RockSlide,DualWingbeat|Jolly||M|||50|]Sinistcha||SitrusBerry|Hospitality|LifeDew,MatchaGotcha,TrickRoom,RagePowder|Quiet|||||50|]Kingambit||ChopleBerry|Defiant|KowtowCleave,SuckerPunch,LowKick,IronHead|Adamant||M|||50|]Tsareena||WideLens|QueenlyMajesty|TropKick,LowKick,TripleAxel,HelpingHand|Adamant||F|||50|]Metagross||Metagrossite|ClearBody|IronHead,PsychicFangs,IcePunch,Protect|Adamant|||||50|
|showteam|p2|Floette-Eternal||Floettite|FlowerVeil|Protect,DrainingKiss,Moonblast,CalmMind|Modest||F|||50|]Incineroar||PasshoBerry|Intimidate|FlareBlitz,ThroatChop,PartingShot,FakeOut|Careful||F|||50|]Aerodactyl||Aerodactylite|Unnerve|Protect,Tailwind,DualWingbeat,RockSlide|Jolly||F|||50|]Kingambit||BlackGlasses|Defiant|Protect,KowtowCleave,SuckerPunch,SwordsDance|Adamant||M|||50|]Garchomp||SitrusBerry|RoughSkin|Protect,DragonClaw,StompingTantrum,RockSlide|Adamant||M|||50|]Sinistcha-Masterpiece||OccaBerry|Hospitality|Protect,RagePowder,MatchaGotcha,TrickRoom|Bold|||||50|
|inactive|Battle timer is ON: inactive players will automatically lose when time's up. (requested by 25th_mang)
|inactive|25th_mang has 60 seconds left.
|inactive|ChimcharBot has 60 seconds left.
|inactive|ChimcharBot has 30 seconds left.
|inactive|ChimcharBot has 20 seconds left.
|inactive|ChimcharBot has 15 seconds left.
|
|t:|1783265957
|teamsize|p1|4
|teamsize|p2|4
|start
|switch|p1a: Voyager|Blastoise, L50, F|100/100
|switch|p1b: MONEYBALL|Aerodactyl, L50, M|100/100
|switch|p2a: Floette|Floette-Eternal, L50, F|100/100
|switch|p2b: Sinistcha|Sinistcha-Masterpiece, L50|100/100
|-ability|p1b: MONEYBALL|Unnerve
|turn|1
|inactive|25th_mang has 30 seconds left.
|inactive|ChimcharBot has 30 seconds left.
|
|t:|1783265988
|switch|p2b: Incineroar|Incineroar, L50, F|100/100
|-ability|p2b: Incineroar|Intimidate|boost
|-unboost|p1a: Voyager|atk|1
|-unboost|p1b: MONEYBALL|atk|1
|detailschange|p1a: Voyager|Blastoise-Mega, L50, F
|-mega|p1a: Voyager|Blastoise|Blastoisinite
|detailschange|p2a: Floette|Floette-Mega, L50, F
|-mega|p2a: Floette|Floette|Floettite
|-ability|p2a: Floette|Fairy Aura
|move|p1b: MONEYBALL|Dual Wingbeat|p2b: Incineroar
|-damage|p2b: Incineroar|89/100
|-damage|p2b: Incineroar|77/100
|-hitcount|p2b: Incineroar|2
|move|p2a: Floette|Moonblast|p1a: Voyager
|-damage|p1a: Voyager|19/100
|-unboost|p1a: Voyager|spa|1
|move|p1a: Voyager|Dark Pulse|p2b: Incineroar
|-resisted|p2b: Incineroar|1
|-damage|p2b: Incineroar|66/100
|
|upkeep
|turn|2
|
|t:|1783266012
|switch|p1a: Her Majesty 5|Tsareena, L50, F|100/100
|move|p2b: Incineroar|Fake Out||[still]
|cant|p1a: Her Majesty 5|ability: Queenly Majesty|Fake Out|[of] p2b: Incineroar
|move|p1b: MONEYBALL|Tailwind|p1b: MONEYBALL
|-sidestart|p1: 25th_mang|move: Tailwind
|move|p2a: Floette|Moonblast|p1a: Her Majesty 5
|-damage|p1a: Her Majesty 5|21/100
|
|upkeep
|turn|3
|inactive|ChimcharBot has 30 seconds left.
|
|t:|1783266043
|move|p1b: MONEYBALL|Rock Slide|p2a: Floette|[spread] 
|-miss|p1b: MONEYBALL|p2a: Floette
|-miss|p1b: MONEYBALL|p2b: Incineroar
|move|p1a: Her Majesty 5|Trop Kick|p2a: Floette
|-damage|p2a: Floette|61/100
|-unboost|p2a: Floette|atk|1
|move|p2a: Floette|Moonblast|p1b: MONEYBALL
|-enditem|p1b: MONEYBALL|Focus Sash
|-damage|p1b: MONEYBALL|1/100
|move|p2b: Incineroar|Flare Blitz|p1a: Her Majesty 5
|-supereffective|p1a: Her Majesty 5|1
|-crit|p1a: Her Majesty 5
|-damage|p1a: Her Majesty 5|0 fnt
|faint|p1a: Her Majesty 5
|-damage|p2b: Incineroar|59/100|[from] Recoil
|
|upkeep
|
|t:|1783266057
|switch|p1a: George t. L.|Metagross, L50, shiny|100/100
|turn|4
|inactive|25th_mang has 30 seconds left.
|
|t:|1783266083
|switch|p2b: Sinistcha|Sinistcha-Masterpiece, L50|100/100
|-heal|p2a: Floette|86/100|[from] ability: Hospitality|[of] p2b: Sinistcha
|move|p2a: Floette|Protect|p2a: Floette
|-singleturn|p2a: Floette|Protect
|move|p1b: MONEYBALL|Rock Slide|p2b: Sinistcha|[spread] p2b
|-activate|p2a: Floette|move: Protect
|-damage|p2b: Sinistcha|84/100
|move|p1a: George t. L.|Iron Head|p2a: Floette
|-activate|p2a: Floette|move: Protect
|
|upkeep
|turn|5
|inactive|25th_mang has 30 seconds left.
|
|t:|1783266111
|switch|p1b: Voyager|Blastoise-Mega, L50, F|19/100
|move|p2b: Sinistcha|Rage Powder|p2b: Sinistcha
|-singleturn|p2b: Sinistcha|move: Rage Powder
|move|p1a: George t. L.|Ice Punch|p2b: Sinistcha
|-supereffective|p2b: Sinistcha|1
|-damage|p2b: Sinistcha|30/100
|move|p2a: Floette|Moonblast|p1b: Voyager
|-damage|p1b: Voyager|0 fnt
|faint|p1b: Voyager
|
|-sideend|p1: 25th_mang|move: Tailwind
|upkeep
|
|t:|1783266123
|switch|p1b: MONEYBALL|Aerodactyl, L50, M|1/100
|-ability|p1b: MONEYBALL|Unnerve
|turn|6
|
|t:|1783266142
|move|p2a: Floette|Protect|p2a: Floette
|-singleturn|p2a: Floette|Protect
|move|p1b: MONEYBALL|Dual Wingbeat|p2b: Sinistcha
|-supereffective|p2b: Sinistcha|1
|-damage|p2b: Sinistcha|0 fnt
|faint|p2b: Sinistcha
|-hitcount|p2: Sinistcha|1
|move|p1a: George t. L.|Iron Head|p2a: Floette
|-activate|p2a: Floette|move: Protect
|
|upkeep
|
|t:|1783266156
|switch|p2b: Incineroar|Incineroar, L50, F|59/100
|-ability|p2b: Incineroar|Intimidate|boost
|-fail|p1a: George t. L.|unboost|[from] ability: Clear Body|[of] p1a: George t. L.
|-unboost|p1b: MONEYBALL|atk|1
|turn|7
|
|t:|1783266169
|switch|p2a: Garchomp|Garchomp, L50, M|100/100
|move|p2b: Incineroar|Fake Out|p1b: MONEYBALL
|-resisted|p1b: MONEYBALL|1
|-crit|p1b: MONEYBALL
|-damage|p1b: MONEYBALL|0 fnt
|faint|p1b: MONEYBALL
|move|p1a: George t. L.|Iron Head|p2a: Garchomp
|-damage|p2a: Garchomp|59/100
|-damage|p1a: George t. L.|87/100|[from] ability: Rough Skin|[of] p2a: Garchomp
|
|upkeep
|turn|8
|
|t:|1783266188
|move|p2a: Garchomp|Stomping Tantrum|p1a: George t. L.
|-supereffective|p1a: George t. L.|1
|-damage|p1a: George t. L.|19/100
|move|p1a: George t. L.|Ice Punch|p2a: Garchomp
|-supereffective|p2a: Garchomp|2
|-damage|p2a: Garchomp|0 fnt
|-damage|p1a: George t. L.|7/100|[from] ability: Rough Skin|[of] p2a: Garchomp
|faint|p2a: Garchomp
|move|p2b: Incineroar|Flare Blitz|p1a: George t. L.
|-supereffective|p1a: George t. L.|1
|-damage|p1a: George t. L.|0 fnt
|faint|p1a: George t. L.
|-damage|p2b: Incineroar|57/100|[from] Recoil
|
|win|ChimcharBot
||ChimcharBot is ready for game 2.
|l|☆25th_mang
|player|p1|
|inactive|25th_mang has 30 seconds to confirm battle start!
||25th_mang is ready for game 2.
|uhtml|next|Next: Game 2 of 3
