|j|☆pitoune901
|j|☆airfanzs
|html|pitoune901airfanzs    
|uhtml|bestof|Game 2 of a best-of-3
|t:|1785756512
|gametype|doubles
|player|p1|pitoune901|canari|1105
|player|p2|airfanzs|backpacker|1067
|gen|9
|tier|[Gen 9 Champions] VGC 2026 Reg M-B (Bo3)
|rated|
|rule|Species Clause: Limit one of each Pokémon
|rule|Item Clause: Limit 1 of each item
|clearpoke
|poke|p1|Metagross, L50|
|poke|p1|Sableye, L50, F|
|poke|p1|Quaquaval, L50, F, shiny|
|poke|p1|Delphox, L50, M|
|poke|p1|Raichu, L50, F|
|poke|p1|Sneasler, L50, F|
|poke|p2|Staraptor, L50, M|
|poke|p2|Raichu, L50, M|
|poke|p2|Sylveon, L50, F|
|poke|p2|Farigiraf, L50, M|
|poke|p2|Arcanine-Hisui, L50, F|
|poke|p2|Kingambit, L50, M|
|teampreview|4
|showteam|p1|Metagross||LifeOrb|ClearBody|Protect,Explosion,MeteorMash,BulletPunch|Adamant|||||50|]Sableye||LightClay|Prankster|Reflect,LightScreen,Disable,Protect|Bold||F|||50|]Quaquaval||SitrusBerry|Moxie|AquaStep,CloseCombat,TripleAxel,KnockOff|Jolly||F|||50|]Delphox||Delphoxite|Blaze|NastyPlot,HeatWave,FocusBlast,Psyshock|Timid||M|||50|]Raichu||RaichuniteY|Static|ZapCannon,FocusBlast,GrassKnot,AlluringVoice|Timid||F|||50|]Sneasler||WhiteHerb|Unburden|CloseCombat,DireClaw,FakeOut,Acrobatics|Adamant||F|||50|
|showteam|p2|Staraptor||Staraptite|Intimidate|Tailwind,Protect,CloseCombat,DualWingbeat|Jolly||M|||50|]Raichu||RaichuniteY|LightningRod|FakeOut,ZapCannon,FocusBlast,Protect|Timid||M|||50|]Sylveon||FairyFeather|Pixilate|Detect,HyperVoice,QuickAttack,HyperBeam|Modest||F|||50|]Farigiraf||SitrusBerry|ArmorTail|Psychic,TrickRoom,HelpingHand,Protect|Calm||M|||50|]Arcanine-Hisui||FocusSash|RockHead|Protect,ExtremeSpeed,HeadSmash,FlareBlitz|Jolly||F|||50|]Kingambit||LifeOrb|Defiant|Protect,KowtowCleave,IronHead,SuckerPunch|Adamant||M|||50|
|inactive|Battle timer is ON: inactive players will automatically lose when time's up. (requested by pitoune901)
|
|t:|1785756522
|teamsize|p1|4
|teamsize|p2|4
|start
|switch|p1a: Metagross|Metagross, L50|100/100
|switch|p1b: Sableye|Sableye, L50, F|100/100
|switch|p2a: Arcanine|Arcanine-Hisui, L50, F|100/100
|switch|p2b: Farigiraf|Farigiraf, L50, M|100/100
|turn|1
|inactive|airfanzs has 30 seconds left.
|
|t:|1785756550
|move|p2b: Farigiraf|Helping Hand|p2a: Arcanine
|-singleturn|p2a: Arcanine|Helping Hand|[of] p2b: Farigiraf
|move|p1a: Metagross|Protect|p1a: Metagross
|-singleturn|p1a: Metagross|Protect
|move|p1b: Sableye|Reflect|p1b: Sableye
|-sidestart|p1: pitoune901|Reflect
|move|p2a: Arcanine|Flare Blitz|p1a: Metagross
|-activate|p1a: Metagross|move: Protect
|
|upkeep
|turn|2
|inactive|pitoune901 has 30 seconds left.
|
|t:|1785756577
|move|p2b: Farigiraf|Helping Hand|p2a: Arcanine
|-singleturn|p2a: Arcanine|Helping Hand|[of] p2b: Farigiraf
|move|p1b: Sableye|Light Screen|p1b: Sableye
|-sidestart|p1: pitoune901|move: Light Screen
|move|p2a: Arcanine|Flare Blitz|p1a: Metagross
|-supereffective|p1a: Metagross|1
|-damage|p1a: Metagross|10/100
|move|p1a: Metagross|Explosion|p2b: Farigiraf|[spread] p2a,p2b
|-immune|p1b: Sableye
|-resisted|p2a: Arcanine|1
|-damage|p2a: Arcanine|37/100
|-damage|p2b: Farigiraf|0 fnt
|faint|p1a: Metagross
|faint|p2b: Farigiraf
|
|upkeep
|
|t:|1785756590
|switch|p1a: Quaquaval|Quaquaval, L50, F, shiny|100/100
|switch|p2b: Sylveon|Sylveon, L50, F|100/100
|turn|3
|inactive|pitoune901 has 30 seconds left.
|inactive|airfanzs has 30 seconds left.
|
|t:|1785756624
|move|p1b: Sableye|Protect|p1b: Sableye
|-singleturn|p1b: Sableye|Protect
|move|p2a: Arcanine|Protect|p2a: Arcanine
|-singleturn|p2a: Arcanine|Protect
|move|p1a: Quaquaval|Aqua Step|p2a: Arcanine
|-activate|p2a: Arcanine|move: Protect
|move|p2b: Sylveon|Hyper Voice|p1b: Sableye|[spread] p1a
|-activate|p1b: Sableye|move: Protect
|-supereffective|p1a: Quaquaval|1
|-damage|p1a: Quaquaval|8/100
|-enditem|p1a: Quaquaval|Sitrus Berry|[eat]
|-heal|p1a: Quaquaval|32/100|[from] item: Sitrus Berry
|
|upkeep
|turn|4
|
|t:|1785756643
|move|p2a: Arcanine|Extreme Speed|p1a: Quaquaval
|-damage|p1a: Quaquaval|10/100
|move|p1b: Sableye|Disable|p2b: Sylveon
|-start|p2b: Sylveon|Disable|Hyper Voice
|move|p1a: Quaquaval|Aqua Step|p2a: Arcanine
|-supereffective|p2a: Arcanine|2
|-damage|p2a: Arcanine|0 fnt
|-boost|p1a: Quaquaval|spe|1
|faint|p2a: Arcanine
|-ability|p1a: Quaquaval|Moxie|boost
|-boost|p1a: Quaquaval|atk|1
|cant|p2b: Sylveon|Disable|Hyper Voice
|
|upkeep
|
|t:|1785756649
|switch|p2a: Raichu|Raichu, L50, M|100/100
|turn|5
|
|t:|1785756675
|detailschange|p2a: Raichu|Raichu-Mega-Y, L50, M
|-mega|p2a: Raichu|Raichu|Raichunite Y
|move|p2a: Raichu|Fake Out|p1a: Quaquaval
|-damage|p1a: Quaquaval|2/100
|move|p1b: Sableye|Light Screen||[still]
|-fail|p1b: Sableye
|cant|p1a: Quaquaval|flinch
|move|p2b: Sylveon|Hyper Beam|p1b: Sableye|[miss]
|-miss|p2b: Sylveon|p1b: Sableye
|
|upkeep
|turn|6
|
|t:|1785756697
|move|p1b: Sableye|Protect|p1b: Sableye
|-singleturn|p1b: Sableye|Protect
|move|p1a: Quaquaval|Aqua Step|p2b: Sylveon
|-damage|p2b: Sylveon|33/100
|-boost|p1a: Quaquaval|spe|1
|move|p2a: Raichu|Focus Blast|p1a: Quaquaval
|-damage|p1a: Quaquaval|0 fnt
|faint|p1a: Quaquaval
|move|p2b: Sylveon|Hyper Beam|p1b: Sableye
|-activate|p1b: Sableye|move: Protect
|
|upkeep
|
|t:|1785756705
|switch|p1a: Delphox|Delphox, L50, M|100/100
|turn|7
|
|t:|1785756717
|detailschange|p1a: Delphox|Delphox-Mega, L50, M
|-mega|p1a: Delphox|Delphox|Delphoxite
|move|p2b: Sylveon|Detect|p2b: Sylveon
|-singleturn|p2b: Sylveon|Protect
|move|p1b: Sableye|Disable|p2a: Raichu
|-start|p2a: Raichu|Disable|Focus Blast
|move|p1a: Delphox|Heat Wave|p2a: Raichu|[spread] p2a
|-activate|p2b: Sylveon|move: Protect
|-damage|p2a: Raichu|45/100
|move|p2a: Raichu|Zap Cannon|p1a: Delphox
|-damage|p1a: Delphox|60/100
|-status|p1a: Delphox|par
|
|-end|p2b: Sylveon|Disable
|upkeep
|turn|8
|
|t:|1785756738
|move|p1b: Sableye|Disable||[still]
|-fail|p1b: Sableye
|move|p2a: Raichu|Zap Cannon|p1a: Delphox
|-damage|p1a: Delphox|19/100 par
|move|p1a: Delphox|Heat Wave|p2b: Sylveon|[spread] p2a,p2b
|-damage|p2a: Raichu|0 fnt
|-damage|p2b: Sylveon|0 fnt
|faint|p2a: Raichu
|faint|p2b: Sylveon
|
|win|pitoune901
||airfanzs is ready for game 3.
|inactive|pitoune901 has 30 seconds to confirm battle start!
||pitoune901 is ready for game 3.
|uhtml|next|Next: Game 3 of 3
|l|☆airfanzs
|player|p2|
