|j|☆DilluVGC
|j|☆rokotroko
|html|DilluVGCrokotroko    
|uhtml|bestof|Game 1 of a best-of-3
|t:|1784291834
|gametype|doubles
|player|p1|DilluVGC|byron|1148
|player|p2|rokotroko|2|1230
|gen|9
|tier|[Gen 9 Champions] VGC 2026 Reg M-B (Bo3)
|rated|
|rule|Species Clause: Limit one of each Pokémon
|rule|Item Clause: Limit 1 of each item
|clearpoke
|poke|p1|Garchomp, L50, M|
|poke|p1|Venusaur, L50, F|
|poke|p1|Incineroar, L50, F|
|poke|p1|Charizard, L50, M|
|poke|p1|Toxapex, L50, M|
|poke|p1|Annihilape, L50, M|
|poke|p2|Charizard, L50, F|
|poke|p2|Garchomp, L50, F|
|poke|p2|Whimsicott, L50, F|
|poke|p2|Sneasler, L50, F|
|poke|p2|Umbreon, L50, F|
|poke|p2|Floette-Eternal, L50, F|
|teampreview|4
|showteam|p1|Garchomp||ChoiceScarf|RoughSkin|Earthquake,RockSlide,DragonClaw,StompingTantrum|Adamant||M|||50|]Venusaur||LifeOrb|Chlorophyll|SludgeBomb,SolarBeam,EarthPower,Protect|Modest||F|||50|]Incineroar||SitrusBerry|Intimidate|FakeOut,FlareBlitz,ThroatChop,PartingShot|Impish||F|||50|]Charizard||CharizarditeY|Blaze|HeatWave,WeatherBall,Protect,HelpingHand|Modest||M|||50|]Toxapex||Leftovers|Regenerator|Infestation,Toxic,WideGuard,BanefulBunker|Bold||M|||50|]Annihilape||FocusSash|Defiant|CloseCombat,PhantomForce,RockTomb,Protect|Jolly||M|||50|
|showteam|p2|Charizard||CharizarditeY|Blaze|SolarBeam,WeatherBall,HeatWave,Protect|Timid||F|||50|]Garchomp||LifeOrb|RoughSkin|RockSlide,Earthquake,DragonClaw,Protect|Jolly||F|||50|]Whimsicott||FocusSash|Prankster|Tailwind,Moonblast,Encore,SunnyDay|Timid||F|||50|]Sneasler||WhiteHerb|Unburden|DireClaw,CloseCombat,Protect,QuickGuard|Jolly||F|||50|]Umbreon||SitrusBerry|InnerFocus|FoulPlay,Taunt,Snarl,Moonlight|Bold||F|||50|]Floette-Eternal||Floettite|FlowerVeil|LightofRuin,Psychic,DazzlingGleam,Protect|Modest||F|||50|
|inactive|Battle timer is ON: inactive players will automatically lose when time's up. (requested by rokotroko)
|inactive|rokotroko has 60 seconds left.
|
|t:|1784291940
|teamsize|p1|4
|teamsize|p2|4
|start
|switch|p1a: Toxapex|Toxapex, L50, M|100/100
|switch|p1b: Annihilape|Annihilape, L50, M|100/100
|switch|p2a: Gregory|Sneasler, L50, F|100/100
|switch|p2b: Rhea|Floette-Eternal, L50, F|100/100
|turn|1
|inactive|rokotroko has 30 seconds left.
|
|t:|1784291976
|detailschange|p2b: Rhea|Floette-Mega, L50, F
|-mega|p2b: Rhea|Floette|Floettite
|-ability|p2b: Rhea|Fairy Aura
|move|p1a: Toxapex|Baneful Bunker|p1a: Toxapex
|-singleturn|p1a: Toxapex|move: Protect
|move|p2a: Gregory|Close Combat|p1a: Toxapex
|-activate|p1a: Toxapex|move: Protect
|move|p1b: Annihilape|Phantom Force||[still]
|-prepare|p1b: Annihilape|Phantom Force
|move|p2b: Rhea|Psychic|p1a: Toxapex
|-activate|p1a: Toxapex|move: Protect
|
|upkeep
|turn|2
|inactive|DilluVGC has 30 seconds left.
|
|t:|1784292004
|switch|p2a: La Bruja|Whimsicott, L50, F|100/100
|move|p1a: Toxapex|Baneful Bunker|p1a: Toxapex
|-singleturn|p1a: Toxapex|move: Protect
|move|p1b: Annihilape|Phantom Force|p2b: Rhea|[from] lockedmove
|-damage|p2b: Rhea|38/100
|move|p2b: Rhea|Psychic|p1a: Toxapex
|-activate|p1a: Toxapex|move: Protect
|
|upkeep
|turn|3
|
|t:|1784292025
|switch|p1a: Charizard|Charizard, L50, M|100/100
|move|p2a: La Bruja|Tailwind|p2a: La Bruja
|-sidestart|p2: rokotroko|move: Tailwind
|move|p2b: Rhea|Dazzling Gleam|p1a: Charizard|[spread] p1a,p1b
|-resisted|p1a: Charizard|1
|-supereffective|p1b: Annihilape|1
|-damage|p1a: Charizard|73/100
|-enditem|p1b: Annihilape|Focus Sash
|-damage|p1b: Annihilape|1/100
|move|p1b: Annihilape|Rock Tomb|p2b: Rhea
|-damage|p2b: Rhea|9/100
|-unboost|p2b: Rhea|spe|1
|
|upkeep
|turn|4
|
|t:|1784292047
|switch|p1b: Toxapex|Toxapex, L50, M|100/100
|detailschange|p1a: Charizard|Charizard-Mega-Y, L50, M
|-mega|p1a: Charizard|Charizard|Charizardite Y
|-weather|SunnyDay|[from] ability: Drought|[of] p1a: Charizard
|move|p2b: Rhea|Protect|p2b: Rhea
|-singleturn|p2b: Rhea|Protect
|move|p2a: La Bruja|Moonblast|p1b: Toxapex
|-resisted|p1b: Toxapex|1
|-damage|p1b: Toxapex|84/100
|move|p1a: Charizard|Heat Wave|p2b: Rhea|[spread] p2a
|-activate|p2b: Rhea|move: Protect
|-supereffective|p2a: La Bruja|1
|-enditem|p2a: La Bruja|Focus Sash
|-damage|p2a: La Bruja|1/100
|
|-weather|SunnyDay|[upkeep]
|-heal|p1b: Toxapex|89/100|[from] item: Leftovers
|upkeep
|turn|5
|
|t:|1784292069
|move|p1b: Toxapex|Baneful Bunker|p1b: Toxapex
|-singleturn|p1b: Toxapex|move: Protect
|move|p2a: La Bruja|Moonblast|p1a: Charizard
|-resisted|p1a: Charizard|1
|-damage|p1a: Charizard|51/100
|move|p2b: Rhea|Light of Ruin|p1a: Charizard
|-resisted|p1a: Charizard|1
|-damage|p1a: Charizard|1/100
|-damage|p2b: Rhea|0 fnt|[from] Recoil
|faint|p2b: Rhea
|move|p1a: Charizard|Heat Wave|p2a: La Bruja
|-supereffective|p2a: La Bruja|1
|-damage|p2a: La Bruja|0 fnt
|faint|p2a: La Bruja
|
|-weather|SunnyDay|[upkeep]
|-heal|p1b: Toxapex|95/100|[from] item: Leftovers
|upkeep
|
|t:|1784292084
|switch|p2a: Gregory|Sneasler, L50, F|100/100
|switch|p2b: Ragnar|Garchomp, L50, F|100/100
|turn|6
|inactive|rokotroko has 30 seconds left.
|
|t:|1784292110
|-heal|p1b: Toxapex|100/100|[from] ability: Regenerator|[silent]
|switch|p1b: Annihilape|Annihilape, L50, M|1/100
|move|p1a: Charizard|Protect|p1a: Charizard
|-singleturn|p1a: Charizard|Protect
|move|p2a: Gregory|Dire Claw|p1b: Annihilape
|-resisted|p1b: Annihilape|1
|-damage|p1b: Annihilape|0 fnt
|faint|p1b: Annihilape
|move|p2b: Ragnar|Rock Slide|p1a: Charizard
|-activate|p1a: Charizard|move: Protect
|
|-weather|SunnyDay|[upkeep]
|-sideend|p2: rokotroko|move: Tailwind
|upkeep
|
|t:|1784292123
|switch|p1b: Venusaur|Venusaur, L50, F|100/100
|turn|7
|
|t:|1784292142
|switch|p1a: Toxapex|Toxapex, L50, M|100/100
|move|p2a: Gregory|Protect|p2a: Gregory
|-singleturn|p2a: Gregory|Protect
|move|p1b: Venusaur|Earth Power|p2a: Gregory
|-activate|p2a: Gregory|move: Protect
|move|p2b: Ragnar|Rock Slide|p1a: Toxapex|[spread] p1a,p1b
|-damage|p1a: Toxapex|82/100
|-damage|p1b: Venusaur|67/100
|-damage|p2b: Ragnar|90/100|[from] item: Life Orb
|
|-weather|SunnyDay|[upkeep]
|-heal|p1a: Toxapex|88/100|[from] item: Leftovers
|upkeep
|turn|8
|
|t:|1784292160
|move|p1a: Toxapex|Wide Guard|p1a: Toxapex
|-singleturn|p1a: Toxapex|Wide Guard
|move|p1b: Venusaur|Earth Power|p2a: Gregory
|-supereffective|p2a: Gregory|1
|-damage|p2a: Gregory|5/100
|-damage|p1b: Venusaur|57/100|[from] item: Life Orb
|move|p2a: Gregory|Dire Claw|p1b: Venusaur
|-damage|p1b: Venusaur|6/100
|move|p2b: Ragnar|Dragon Claw|p1b: Venusaur
|-damage|p1b: Venusaur|0 fnt
|faint|p1b: Venusaur
|-damage|p2b: Ragnar|80/100|[from] item: Life Orb
|
|-weather|none
|-heal|p1a: Toxapex|94/100|[from] item: Leftovers
|upkeep
|
|t:|1784292174
|switch|p1b: Charizard|Charizard-Mega-Y, L50, M|1/100
|-weather|SunnyDay|[from] ability: Drought|[of] p1b: Charizard
|turn|9
|
|t:|1784292191
|move|p2b: Ragnar|Protect|p2b: Ragnar
|-singleturn|p2b: Ragnar|Protect
|move|p1b: Charizard|Protect|p1b: Charizard
|-singleturn|p1b: Charizard|Protect
|move|p2a: Gregory|Dire Claw|p1b: Charizard
|-activate|p1b: Charizard|move: Protect
|move|p1a: Toxapex|Infestation|p2a: Gregory
|-resisted|p2a: Gregory|2
|-damage|p2a: Gregory|5/100
|-activate|p2a: Gregory|move: Infestation|[of] p1a: Toxapex
|
|-weather|SunnyDay|[upkeep]
|-heal|p1a: Toxapex|100/100|[from] item: Leftovers
|-damage|p2a: Gregory|0 fnt|[from] move: Infestation|[partiallytrapped]
|faint|p2a: Gregory
|upkeep
|turn|10
|
|t:|1784292213
|move|p1b: Charizard|Protect|p1b: Charizard
|-singleturn|p1b: Charizard|Protect
|move|p2b: Ragnar|Dragon Claw|p1b: Charizard
|-activate|p1b: Charizard|move: Protect
|move|p1a: Toxapex|Toxic|p2b: Ragnar
|-status|p2b: Ragnar|tox
|
|-weather|SunnyDay|[upkeep]
|-damage|p2b: Ragnar|74/100 tox|[from] psn
|upkeep
|turn|11
|
|t:|1784292226
|move|p1b: Charizard|Helping Hand|p1a: Toxapex
|-singleturn|p1a: Toxapex|Helping Hand|[of] p1b: Charizard
|move|p2b: Ragnar|Dragon Claw|p1b: Charizard
|-damage|p1b: Charizard|0 fnt
|faint|p1b: Charizard
|-damage|p2b: Ragnar|64/100 tox|[from] item: Life Orb
|move|p1a: Toxapex|Infestation|p2b: Ragnar
|-damage|p2b: Ragnar|59/100 tox
|-activate|p2b: Ragnar|move: Infestation|[of] p1a: Toxapex
|-damage|p1a: Toxapex|87/100|[from] ability: Rough Skin|[of] p2b: Ragnar
|
|-weather|SunnyDay|[upkeep]
|-heal|p1a: Toxapex|93/100|[from] item: Leftovers
|-damage|p2b: Ragnar|47/100 tox|[from] psn
|-damage|p2b: Ragnar|35/100 tox|[from] move: Infestation|[partiallytrapped]
|upkeep
|turn|12
|
|t:|1784292244
|move|p1a: Toxapex|Baneful Bunker|p1a: Toxapex
|-singleturn|p1a: Toxapex|move: Protect
|move|p2b: Ragnar|Earthquake|p1a: Toxapex
|-activate|p1a: Toxapex|move: Protect
|
|-weather|SunnyDay|[upkeep]
|-heal|p1a: Toxapex|99/100|[from] item: Leftovers
|-damage|p2b: Ragnar|17/100 tox|[from] psn
|-damage|p2b: Ragnar|4/100 tox|[from] move: Infestation|[partiallytrapped]
|upkeep
|turn|13
|
|t:|1784292253
|move|p1a: Toxapex|Baneful Bunker||[still]
|-fail|p1a: Toxapex
|move|p2b: Ragnar|Earthquake|p1a: Toxapex
|-supereffective|p1a: Toxapex|1
|-damage|p1a: Toxapex|3/100
|-damage|p2b: Ragnar|0 fnt|[from] item: Life Orb
|faint|p2b: Ragnar
|
|win|DilluVGC
||DilluVGC is ready for game 2.
||rokotroko is ready for game 2.
|uhtml|next|Next: Game 2 of 3
|l|☆rokotroko
|player|p2|
