|j|☆junior weltmeister
|j|☆Prepucio Santos
|html|junior weltmeisterPrepucio Santos    
|uhtml|bestof|Game 2 of a best-of-3
|t:|1783853787
|gametype|doubles
|player|p1|junior weltmeister|169|1220
|player|p2|Prepucio Santos|striker|1318
|gen|9
|tier|[Gen 9 Champions] VGC 2026 Reg M-B (Bo3)
|rated|
|rule|Species Clause: Limit one of each Pokémon
|rule|Item Clause: Limit 1 of each item
|clearpoke
|poke|p1|Floette-Eternal, L50, F|
|poke|p1|Sinistcha, L50|
|poke|p1|Incineroar, L50, M|
|poke|p1|Sneasler, L50, F|
|poke|p1|Kingambit, L50, F|
|poke|p1|Blastoise, L50, F|
|poke|p2|Incineroar, L50, M|
|poke|p2|Sinistcha-Masterpiece, L50, shiny|
|poke|p2|Floette-Eternal, L50, F|
|poke|p2|Kingambit, L50, F|
|poke|p2|Sneasler, L50, M|
|poke|p2|Delphox, L50, F, shiny|
|teampreview|4
|showteam|p1|Floette-Eternal||Floettite|FlowerVeil|DazzlingGleam,DrainingKiss,CalmMind,Protect|Modest||F|||50|]Sinistcha||KasibBerry|Hospitality|MatchaGotcha,RagePowder,TrickRoom,Protect|Calm|||||50|]Incineroar||SitrusBerry|Intimidate|FlareBlitz,ThroatChop,FakeOut,PartingShot|Impish||M|||50|]Sneasler||FocusSash|PoisonTouch|CloseCombat,DireClaw,FakeOut,Protect|Jolly||F|||50|]Kingambit||BlackGlasses|Defiant|KowtowCleave,SuckerPunch,SwordsDance,Protect|Adamant||F|||50|]Blastoise||Blastoisinite|RainDish|WaterSpout,DarkPulse,ShellSmash,Protect|Modest||F|||50|
|showteam|p2|Incineroar||SitrusBerry|Intimidate|FakeOut,PartingShot,ThroatChop,FlareBlitz|Careful||M|||50|]Sinistcha-Masterpiece||KasibBerry|Hospitality|MatchaGotcha,LifeDew,RagePowder,TrickRoom|Bold|||||50|]Floette-Eternal||Floettite|FlowerVeil|Moonblast,DazzlingGleam,CalmMind,Protect|Modest||F|||50|]Kingambit||BlackGlasses|Defiant|KowtowCleave,SuckerPunch,SwordsDance,Protect|Adamant||F|||50|]Sneasler||FocusSash|PoisonTouch|FakeOut,CloseCombat,DireClaw,QuickGuard|Jolly||M|||50|]Delphox||Delphoxite|Blaze|HeatWave,Psyshock,NastyPlot,Protect|Timid||F|||50|
|inactive|Battle timer is ON: inactive players will automatically lose when time's up. (requested by Prepucio Santos)
|
|t:|1783853807
|teamsize|p1|4
|teamsize|p2|4
|start
|switch|p1a: Sinistcha|Sinistcha, L50|100/100
|switch|p1b: Floette|Floette-Eternal, L50, F|100/100
|switch|p2a: Sinistcha|Sinistcha-Masterpiece, L50, shiny|100/100
|switch|p2b: Floette|Floette-Eternal, L50, F|100/100
|turn|1
|
|t:|1783853820
|switch|p2a: Sneasler|Sneasler, L50, M|100/100
|detailschange|p1b: Floette|Floette-Mega, L50, F
|-mega|p1b: Floette|Floette|Floettite
|-ability|p1b: Floette|Fairy Aura
|detailschange|p2b: Floette|Floette-Mega, L50, F
|-mega|p2b: Floette|Floette|Floettite
|-ability|p2b: Floette|Fairy Aura
|move|p1b: Floette|Calm Mind|p1b: Floette
|-boost|p1b: Floette|spa|1
|-boost|p1b: Floette|spd|1
|move|p2b: Floette|Calm Mind|p2b: Floette
|-boost|p2b: Floette|spa|1
|-boost|p2b: Floette|spd|1
|move|p1a: Sinistcha|Matcha Gotcha|p2b: Floette|[spread] p2a,p2b
|-resisted|p2a: Sneasler|1
|-damage|p2a: Sneasler|82/100
|-damage|p2b: Floette|87/100
|
|upkeep
|turn|2
|
|t:|1783853839
|switch|p1a: Incineroar|Incineroar, L50, M|100/100
|-ability|p1a: Incineroar|Intimidate|boost
|-unboost|p2a: Sneasler|atk|1
|-unboost|p2b: Floette|atk|1
|move|p1b: Floette|Protect|p1b: Floette
|-singleturn|p1b: Floette|Protect
|move|p2a: Sneasler|Fake Out|p1b: Floette
|-activate|p1b: Floette|move: Protect
|move|p2b: Floette|Calm Mind|p2b: Floette
|-boost|p2b: Floette|spa|1
|-boost|p2b: Floette|spd|1
|
|upkeep
|turn|3
|inactive|Prepucio Santos has 30 seconds left.
|
|t:|1783853870
|switch|p2a: Sinistcha|Sinistcha-Masterpiece, L50, shiny|100/100
|-heal|p2b: Floette|100/100|[from] ability: Hospitality|[of] p2a: Sinistcha
|move|p2b: Floette|Protect|p2b: Floette
|-singleturn|p2b: Floette|Protect
|move|p1a: Incineroar|Fake Out|p2a: Sinistcha
|-immune|p2a: Sinistcha
|move|p1b: Floette|Dazzling Gleam|p2a: Sinistcha|[spread] p2a
|-activate|p2b: Floette|move: Protect
|-damage|p2a: Sinistcha|37/100
|
|upkeep
|turn|4
|
|t:|1783853892
|move|p1b: Floette|Calm Mind|p1b: Floette
|-boost|p1b: Floette|spa|1
|-boost|p1b: Floette|spd|1
|move|p2b: Floette|Moonblast|p1a: Incineroar
|-damage|p1a: Incineroar|0 fnt
|faint|p1a: Incineroar
|move|p2a: Sinistcha|Life Dew||[still]|[spread] p2a,p2b
|-heal|p2a: Sinistcha|62/100
|-fail|p2b: Floette|heal
|
|upkeep
|
|t:|1783853903
|switch|p1a: Sinistcha|Sinistcha, L50|100/100
|turn|5
|
|t:|1783853912
|move|p1b: Floette|Dazzling Gleam|p2b: Floette|[spread] p2a,p2b
|-damage|p2a: Sinistcha|0 fnt
|-damage|p2b: Floette|69/100
|faint|p2a: Sinistcha
|move|p2b: Floette|Dazzling Gleam|p1a: Sinistcha|[spread] p1a,p1b
|-damage|p1a: Sinistcha|15/100
|-damage|p1b: Floette|63/100
|move|p1a: Sinistcha|Matcha Gotcha|p2b: Floette
|-crit|p2b: Floette
|-damage|p2b: Floette|34/100
|-heal|p1a: Sinistcha|33/100|[from] drain|[of] p2b: Floette
|
|upkeep
|
|t:|1783853918
|switch|p2a: Sneasler|Sneasler, L50, M|82/100
|turn|6
|
|t:|1783853926
|switch|p1a: Kingambit|Kingambit, L50, F|100/100
|move|p1b: Floette|Protect|p1b: Floette
|-singleturn|p1b: Floette|Protect
|move|p2a: Sneasler|Fake Out|p1b: Floette
|-activate|p1b: Floette|move: Protect
|move|p2b: Floette|Dazzling Gleam|p1b: Floette|[spread] p1a
|-activate|p1b: Floette|move: Protect
|-damage|p1a: Kingambit|6/100
|
|upkeep
|turn|7
|
|t:|1783853937
|switch|p1a: Sinistcha|Sinistcha, L50|33/100
|-heal|p1b: Floette|88/100|[from] ability: Hospitality|[of] p1a: Sinistcha
|move|p2a: Sneasler|Dire Claw|p1b: Floette
|-supereffective|p1b: Floette|1
|-damage|p1b: Floette|3/100
|-status|p1b: Floette|psn|[from] ability: Poison Touch|[of] p2a: Sneasler
|move|p1b: Floette|Draining Kiss|p2a: Sneasler
|-damage|p2a: Sneasler|0 fnt
|-heal|p1b: Floette|65/100 psn|[from] drain|[of] p2a: Sneasler
|faint|p2a: Sneasler
|move|p2b: Floette|Dazzling Gleam|p1a: Sinistcha|[spread] p1a,p1b
|-damage|p1a: Sinistcha|0 fnt
|-damage|p1b: Floette|28/100 psn
|faint|p1a: Sinistcha
|
|-damage|p1b: Floette|16/100 psn|[from] psn
|upkeep
|
|t:|1783853944
|switch|p2a: Kingambit|Kingambit, L50, F|100/100
|switch|p1a: Kingambit|Kingambit, L50, F|6/100
|turn|8
|
|t:|1783853956
|move|p2a: Kingambit|Sucker Punch|p1b: Floette
|-resisted|p1b: Floette|1
|-damage|p1b: Floette|0 fnt
|faint|p1b: Floette
|move|p2b: Floette|Dazzling Gleam|p1a: Kingambit
|-damage|p1a: Kingambit|0 fnt
|faint|p1a: Kingambit
|
|win|Prepucio Santos
