|j|☆namboyVGC
|j|☆buf91 Lupita
|html|namboyVGCbuf91 Lupita    
|uhtml|bestof|Game 1 of a best-of-3
|t:|1756150102
|gametype|doubles
|player|p1|namboyVGC|pokemonranger-gen4|1252
|player|p2|buf91 Lupita|lucas|1202
|gen|9
|tier|[Gen 9] VGC 2025 Reg H (Bo3)
|rated|
|rule|Species Clause: Limit one of each Pokémon
|rule|Item Clause: Limit 1 of each item
|clearpoke
|poke|p1|Sneasler, L50, F|
|poke|p1|Indeedee, L50, M|
|poke|p1|Annihilape, L50, F|
|poke|p1|Tyranitar, L50, M|
|poke|p1|Excadrill, L50, M|
|poke|p1|Hydreigon, L50, M|
|poke|p2|Typhlosion-Hisui, L50, F|
|poke|p2|Whimsicott, L50, M|
|poke|p2|Kingambit, L50, F|
|poke|p2|Farigiraf, L50, M|
|poke|p2|Ursaluna-Bloodmoon, L50, M|
|poke|p2|Annihilape, L50, F|
|teampreview|4
|showteam|p1|Sneasler||PsychicSeed|Unburden|CloseCombat,DireClaw,ThroatChop,Protect|||F|||50|,,,,,Dark]Indeedee||ChoiceScarf|PsychicSurge|ExpandingForce,TeraBlast,Trick,DazzlingGleam|||M|||50|,,,,,Fire]Annihilape||SafetyGoggles|Defiant|CloseCombat,RageFist,Taunt,FinalGambit|||F|||50|,,,,,Psychic]Tyranitar||AssaultVest|SandStream|RockSlide,KnockOff,TeraBlast,LowKick|||M|||50|,,,,,Flying]Excadrill||FocusSash|SandRush|HighHorsepower,Earthquake,IronHead,Protect|||M|||50|,,,,,Stellar]Hydreigon||CovertCloak|Levitate|Snarl,DracoMeteor,Tailwind,Roar|||M|||50|,,,,,Poison
|showteam|p2|Typhlosion-Hisui||ChoiceSpecs|Blaze|HeatWave,Eruption,ShadowBall,Flamethrower|||F|||50|,,,,,Fire]Whimsicott||CovertCloak|Prankster|SunnyDay,Tailwind,Moonblast,Encore|||M|||50|,,,,,Ghost]Kingambit||AssaultVest|Defiant|KowtowCleave,LowKick,IronHead,SuckerPunch|||F|||50|,,,,,Fairy]Farigiraf||SitrusBerry|ArmorTail|TrickRoom,HelpingHand,Psychic,FoulPlay|||M|||50|,,,,,Fairy]Ursaluna-Bloodmoon||LifeOrb|MindsEye|Protect,BloodMoon,HyperVoice,EarthPower|||M|||50|,,,,,Normal]Annihilape||Leftovers|Defiant|Protect,BulkUp,DrainPunch,RageFist|||F|||50|,,,,,Fire
|inactive|Battle timer is ON: inactive players will automatically lose when time's up. (requested by namboyVGC)
|inactive|buf91 Lupita has 60 seconds left.
|
|t:|1756150137
|teamsize|p1|4
|teamsize|p2|4
|start
|switch|p1a: Sneasler|Sneasler, L50, F|100/100
|switch|p1b: Indeedee|Indeedee, L50, M|100/100
|switch|p2a: Farigiraf|Farigiraf, L50, M|100/100
|switch|p2b: Ursaluna|Ursaluna-Bloodmoon, L50, M|100/100
|-fieldstart|move: Psychic Terrain|[from] ability: Psychic Surge|[of] p1b: Indeedee
|-enditem|p1a: Sneasler|Psychic Seed
|-boost|p1a: Sneasler|spd|1|[from] item: Psychic Seed
|turn|1
|inactive|buf91 Lupita has 30 seconds left.
|
|t:|1756150168
|-terastallize|p1a: Sneasler|Dark
|move|p2b: Ursaluna|Protect|p2b: Ursaluna
|-singleturn|p2b: Ursaluna|Protect
|move|p1a: Sneasler|Throat Chop|p2a: Farigiraf
|-supereffective|p2a: Farigiraf
|-damage|p2a: Farigiraf|28/100
|-start|p2a: Farigiraf|Throat Chop|[silent]
|-enditem|p2a: Farigiraf|Sitrus Berry|[eat]
|-heal|p2a: Farigiraf|53/100|[from] item: Sitrus Berry
|move|p1b: Indeedee|Expanding Force|p2a: Farigiraf|[spread] p2a
|-activate|p2b: Ursaluna|move: Protect
|-resisted|p2a: Farigiraf
|-damage|p2a: Farigiraf|25/100
|move|p2a: Farigiraf|Trick Room|p2a: Farigiraf
|-fieldstart|move: Trick Room|[of] p2a: Farigiraf
|
|upkeep
|turn|2
|inactive|buf91 Lupita has 30 seconds left.
|inactive|buf91 Lupita has 20 seconds left.
|inactive|buf91 Lupita has 15 seconds left.
|inactive|buf91 Lupita has 10 seconds left.
|inactive|buf91 Lupita has 5 seconds left.
|
|t:|1756150222
|-terastallize|p2b: Ursaluna|Normal
|move|p1a: Sneasler|Protect|p1a: Sneasler
|-singleturn|p1a: Sneasler|Protect
|move|p2b: Ursaluna|Blood Moon|p1a: Sneasler
|-activate|p1a: Sneasler|move: Protect
|move|p2a: Farigiraf|Foul Play|p1b: Indeedee
|-supereffective|p1b: Indeedee
|-damage|p1b: Indeedee|43/100
|move|p1b: Indeedee|Expanding Force|p2a: Farigiraf|[spread] p2a,p2b
|-resisted|p2a: Farigiraf
|-damage|p2a: Farigiraf|0 fnt
|-damage|p2b: Ursaluna|38/100
|faint|p2a: Farigiraf
|
|upkeep
|
|t:|1756150239
|switch|p2a: Kingambit|Kingambit, L50, F|100/100
|turn|3
|
|t:|1756150246
|move|p2a: Kingambit|Low Kick|p1a: Sneasler
|-supereffective|p1a: Sneasler
|-damage|p1a: Sneasler|24/100
|move|p2b: Ursaluna|Hyper Voice|p1a: Sneasler|[spread] p1a,p1b
|-damage|p1a: Sneasler|0 fnt
|-damage|p1b: Indeedee|0 fnt
|faint|p1a: Sneasler
|faint|p1b: Indeedee
|-damage|p2b: Ursaluna|29/100|[from] item: Life Orb
|
|upkeep
|
|t:|1756150251
|switch|p1b: Excadrill|Excadrill, L50, M|100/100
|switch|p1a: Tyranitar|Tyranitar, L50, M|100/100
|-weather|Sandstorm|[from] ability: Sand Stream|[of] p1a: Tyranitar
|turn|4
|
|t:|1756150265
|move|p2a: Kingambit|Low Kick|p1a: Tyranitar
|-supereffective|p1a: Tyranitar
|-damage|p1a: Tyranitar|0 fnt
|faint|p1a: Tyranitar
|move|p2b: Ursaluna|Earth Power|p1b: Excadrill
|-supereffective|p1b: Excadrill
|-enditem|p1b: Excadrill|Focus Sash
|-damage|p1b: Excadrill|1/100
|-damage|p2b: Ursaluna|19/100|[from] item: Life Orb
|move|p1b: Excadrill|Earthquake|p2b: Ursaluna|[spread] p2a,p2b
|-supereffective|p2a: Kingambit
|-damage|p2a: Kingambit|36/100
|-damage|p2b: Ursaluna|0 fnt
|faint|p2b: Ursaluna
|
|-weather|Sandstorm|[upkeep]
|upkeep
|
|t:|1756150272
|switch|p2b: Annihilape|Annihilape, L50, F|100/100
|turn|5
|
|t:|1756150283
|move|p2a: Kingambit|Low Kick|p1b: Excadrill
|-supereffective|p1b: Excadrill
|-damage|p1b: Excadrill|0 fnt
|faint|p1b: Excadrill
|
|win|buf91 Lupita
||namboyVGC is ready for game 2.
||buf91 Lupita is ready for game 2.
|uhtml|next|Next: Game 2 of 3
