|j|☆testdigi
|j|☆Magicalarcher57
|html|testdigiMagicalarcher57    
|uhtml|bestof|Game 2 of a best-of-3
|t:|1782475145
|gametype|doubles
|player|p1|testdigi|1|1070
|player|p2|Magicalarcher57|diantha|1116
|gen|9
|tier|[Gen 9 Champions] VGC 2026 Reg M-B (Bo3)
|rated|
|rule|Species Clause: Limit one of each Pokémon
|rule|Item Clause: Limit 1 of each item
|clearpoke
|poke|p1|Hydreigon, L50, F|
|poke|p1|Garchomp, L50, F|
|poke|p1|Metagross, L50, shiny|
|poke|p1|Grimmsnarl, L50, M, shiny|
|poke|p1|Charizard, L50, M, shiny|
|poke|p1|Toxapex, L50, F, shiny|
|poke|p2|Raichu, L50, M, shiny|
|poke|p2|Garchomp, L50, M, shiny|
|poke|p2|Whimsicott, L50, F, shiny|
|poke|p2|Kingambit, L50, M, shiny|
|poke|p2|Basculegion, L50, M, shiny|
|poke|p2|Charizard, L50, M, shiny|
|teampreview|4
|showteam|p1|Hydreigon||ChoiceScarf|Levitate|HeatWave,DarkPulse,DracoMeteor,Snarl|Modest||F|||50|]Garchomp||SitrusBerry|RoughSkin|Protect,RockSlide,DragonClaw,Earthquake|Adamant||F|||50|]Metagross||Metagrossite|ClearBody|Protect,HammerArm,BulletPunch,IronHead|Serious|||||50|]Grimmsnarl||RoseliBerry|Prankster|FakeOut,LightScreen,Reflect,PartingShot|Sassy||M|||50|]Charizard||CharizarditeY|Blaze|Protect,HeatWave,SolarBeam,WeatherBall|Timid||M|||50|]Toxapex||Leftovers|Regenerator|Infestation,Toxic,BanefulBunker,WideGuard|Bold||F|||50|
|showteam|p2|Raichu||RaichuniteY|LightningRod|FakeOut,FocusBlast,ZapCannon,Protect|Timid||M|||50|]Garchomp||LifeOrb|RoughSkin|DragonClaw,Earthquake,StompingTantrum,Protect|Jolly||M|||50|]Whimsicott||FocusSash|Prankster|Moonblast,Tailwind,SunnyDay,Encore|Timid||F|||50|]Kingambit||BlackGlasses|Defiant|SuckerPunch,KowtowCleave,IronHead,Protect|Adamant||M|||50|]Basculegion||ChoiceScarf|Adaptability|LastRespects,WaveCrash,FlipTurn,AquaJet|Jolly||M|||50|]Charizard||CharizarditeY|Blaze|WeatherBall,SolarBeam,HeatWave,Protect|Modest||M|||50|
|inactive|Battle timer is ON: inactive players will automatically lose when time's up. (requested by Magicalarcher57)
|inactive|testdigi has 60 seconds left.
|inactive|testdigi has 30 seconds left.
|
|t:|1782475208
|teamsize|p1|4
|teamsize|p2|4
|start
|switch|p1a: Garchomp|Garchomp, L50, F|100/100
|switch|p1b: Charizard|Charizard, L50, M, shiny|100/100
|switch|p2a: Charizard|Charizard, L50, M, shiny|100/100
|switch|p2b: Athena|Garchomp, L50, M, shiny|100/100
|turn|1
|
|t:|1782475219
|switch|p1b: Hydreigon|Hydreigon, L50, F|100/100
|detailschange|p2a: Charizard|Charizard-Mega-Y, L50, M, shiny
|-mega|p2a: Charizard|Charizard|Charizardite Y
|-weather|SunnyDay|[from] ability: Drought|[of] p2a: Charizard
|move|p2b: Athena|Dragon Claw|p1a: Garchomp
|-supereffective|p1a: Garchomp|1
|-damage|p1a: Garchomp|11/100
|-damage|p2b: Athena|87/100|[from] ability: Rough Skin|[of] p1a: Garchomp
|-enditem|p1a: Garchomp|Sitrus Berry|[eat]
|-heal|p1a: Garchomp|35/100|[from] item: Sitrus Berry
|-damage|p2b: Athena|77/100|[from] item: Life Orb
|move|p2a: Charizard|Heat Wave|p1b: Hydreigon|[spread] p1b
|-miss|p2a: Charizard|p1a: Garchomp
|-resisted|p1b: Hydreigon|1
|-damage|p1b: Hydreigon|59/100
|move|p1a: Garchomp|Dragon Claw|p2b: Athena
|-supereffective|p2b: Athena|1
|-damage|p2b: Athena|0 fnt
|-damage|p1a: Garchomp|23/100|[from] ability: Rough Skin|[of] p2b: Athena
|faint|p2b: Athena
|
|-weather|SunnyDay|[upkeep]
|upkeep
|inactive|Magicalarcher57 has 30 seconds left.
|inactive|Magicalarcher57 has 20 seconds left.
|inactive|Magicalarcher57 has 15 seconds left.
|inactive|Magicalarcher57 has 10 seconds left.
|inactive|Magicalarcher57 has 5 seconds left.
|
|t:|1782475274
|switch|p2b: Odysseus|Kingambit, L50, M, shiny|100/100
|turn|2
|
|t:|1782475291
|move|p1a: Garchomp|Protect|p1a: Garchomp
|-singleturn|p1a: Garchomp|Protect
|move|p2b: Odysseus|Sucker Punch||[still]
|-fail|p2b: Odysseus
|move|p1b: Hydreigon|Heat Wave|p2a: Charizard|[spread] p2b
|-miss|p1b: Hydreigon|p2a: Charizard
|-supereffective|p2b: Odysseus|1
|-damage|p2b: Odysseus|19/100
|move|p2a: Charizard|Weather Ball|p1b: Hydreigon
|-resisted|p1b: Hydreigon|1
|-damage|p1b: Hydreigon|7/100
|
|-weather|SunnyDay|[upkeep]
|upkeep
|turn|3
|
|t:|1782475302
|switch|p1a: Charizard|Charizard, L50, M, shiny|100/100
|move|p2a: Charizard|Protect|p2a: Charizard
|-singleturn|p2a: Charizard|Protect
|move|p2b: Odysseus|Sucker Punch|p1b: Hydreigon
|-resisted|p1b: Hydreigon|1
|-damage|p1b: Hydreigon|0 fnt
|faint|p1b: Hydreigon
|
|-weather|SunnyDay|[upkeep]
|upkeep
|
|t:|1782475308
|switch|p1b: Grimmsnarl|Grimmsnarl, L50, M, shiny|100/100
|turn|4
|
|t:|1782475332
|detailschange|p1a: Charizard|Charizard-Mega-Y, L50, M, shiny
|-mega|p1a: Charizard|Charizard|Charizardite Y
|move|p1b: Grimmsnarl|Fake Out|p2a: Charizard
|-damage|p2a: Charizard|85/100
|move|p2b: Odysseus|Sucker Punch|p1a: Charizard
|-damage|p1a: Charizard|44/100
|move|p1a: Charizard|Heat Wave|p2b: Odysseus|[spread] p2b
|-miss|p1a: Charizard|p2a: Charizard
|-supereffective|p2b: Odysseus|1
|-damage|p2b: Odysseus|0 fnt
|faint|p2b: Odysseus
|cant|p2a: Charizard|flinch
|
|-weather|SunnyDay|[upkeep]
|upkeep
|
|t:|1782475345
|switch|p2b: Basculegion|Basculegion, L50, M, shiny|100/100
|turn|5
|
|t:|1782475353
|move|p1a: Charizard|Protect|p1a: Charizard
|-singleturn|p1a: Charizard|Protect
|move|p1b: Grimmsnarl|Parting Shot|p2b: Basculegion
|-unboost|p2b: Basculegion|atk|1
|-unboost|p2b: Basculegion|spa|1
|
|t:|1782475356
|switch|p1b: Garchomp|Garchomp, L50, F|23/100|[from] Parting Shot
|move|p2b: Basculegion|Last Respects|p1a: Charizard
|-activate|p1a: Charizard|move: Protect
|move|p2a: Charizard|Weather Ball|p1b: Garchomp
|-resisted|p1b: Garchomp|1
|-damage|p1b: Garchomp|0 fnt
|faint|p1b: Garchomp
|
|-weather|none
|upkeep
|
|t:|1782475360
|switch|p1b: Grimmsnarl|Grimmsnarl, L50, M, shiny|100/100
|turn|6
|
|t:|1782475368
|move|p1b: Grimmsnarl|Reflect|p1b: Grimmsnarl
|-sidestart|p1: testdigi|Reflect
|move|p2b: Basculegion|Last Respects|p1a: Charizard
|-damage|p1a: Charizard|1/100
|move|p1a: Charizard|Solar Beam||[still]
|-prepare|p1a: Charizard|Solar Beam
|move|p2a: Charizard|Heat Wave|p1b: Grimmsnarl|[spread] p1a,p1b
|-resisted|p1a: Charizard|1
|-damage|p1a: Charizard|0 fnt
|-damage|p1b: Grimmsnarl|56/100
|faint|p1a: Charizard
|
|upkeep
|turn|7
|-message|testdigi forfeited.
|
|win|Magicalarcher57
|raw|testdigi's rating: 1070 → 1052(-18 for losing)
|raw|Magicalarcher57's rating: 1116 → 1138(+22 for winning)
