|j|☆hactor-gv128
|j|☆GS Barnabe
|html|hactor-gv128GS Barnabe    
|uhtml|bestof|Game 1 of a best-of-3
|t:|1785789388
|gametype|doubles
|player|p1|hactor-gv128|101|1130
|player|p2|GS Barnabe|170|1264
|gen|9
|tier|[Gen 9 Champions] VGC 2026 Reg M-B (Bo3)
|rated|
|rule|Species Clause: Limit one of each Pokémon
|rule|Item Clause: Limit 1 of each item
|clearpoke
|poke|p1|Farigiraf, L50, M|
|poke|p1|Charizard, L50, M|
|poke|p1|Garchomp, L50, F|
|poke|p1|Aerodactyl, L50, F|
|poke|p1|Sylveon, L50, M|
|poke|p1|Kingambit, L50, F|
|poke|p2|Clefable, L50, M|
|poke|p2|Tyranitar, L50, F|
|poke|p2|Garchomp, L50, M|
|poke|p2|Gholdengo, L50|
|poke|p2|Rotom-Wash, L50|
|poke|p2|Aerodactyl, L50, M|
|teampreview|4
|showteam|p1|Farigiraf||SitrusBerry|ArmorTail|TrickRoom,TwinBeam,Thunderbolt,HelpingHand|Relaxed||M|||50|]Charizard||CharizarditeY|SolarPower|SolarBeam,WeatherBall,HeatWave,Protect|Modest||M|||50|]Garchomp||LifeOrb|RoughSkin|StompingTantrum,DragonClaw,Earthquake,Protect|Jolly||F|||50|]Aerodactyl||Aerodactylite|Unnerve|Tailwind,DualWingbeat,IceFang,RockSlide|Jolly||F|||50|]Sylveon||FairyFeather|Pixilate|HyperBeam,HyperVoice,QuickAttack,Protect|Modest||M|||50|]Kingambit||BlackGlasses|Defiant|KowtowCleave,IronHead,LowKick,SuckerPunch|Jolly||F|||50|
|showteam|p2|Clefable||SitrusBerry|Unaware|Moonblast,FollowMe,LifeDew,Protect|Bold||M|||50|]Tyranitar||ChoiceScarf|SandStream|RockSlide,KnockOff,IcePunch,Superpower|Jolly||F|||50|]Garchomp||Garchompite|SandVeil|DracoMeteor,EarthPower,PowerGem,Protect|Modest||M|||50|]Gholdengo||LifeOrb|GoodasGold|MakeItRain,ShadowBall,NastyPlot,Protect|Modest|||||50|]Rotom-Wash||Leftovers|Levitate|HydroPump,VoltSwitch,WillOWisp,Protect|Calm|||||50|]Aerodactyl||Aerodactylite|RockHead|RockSlide,DualWingbeat,Tailwind,Protect|Jolly||M|||50|
|
|t:|1785789418
|teamsize|p1|4
|teamsize|p2|4
|start
|switch|p1a: Aerodactyl|Aerodactyl, L50, F|100/100
|switch|p1b: Kingambit|Kingambit, L50, F|100/100
|switch|p2a: Aerodactyl|Aerodactyl, L50, M|100/100
|switch|p2b: Rotom|Rotom-Wash, L50|100/100
|-ability|p1a: Aerodactyl|Unnerve
|turn|1
|c|☆hactor-gv128|Glhf
|
|t:|1785789446
|switch|p1b: Sylveon|Sylveon, L50, M|100/100
|detailschange|p1a: Aerodactyl|Aerodactyl-Mega, L50, F
|-mega|p1a: Aerodactyl|Aerodactyl|Aerodactylite
|detailschange|p2a: Aerodactyl|Aerodactyl-Mega, L50, M
|-mega|p2a: Aerodactyl|Aerodactyl|Aerodactylite
|move|p1a: Aerodactyl|Rock Slide|p2b: Rotom|[spread] p2a
|-miss|p1a: Aerodactyl|p2b: Rotom
|-supereffective|p2a: Aerodactyl|1
|-damage|p2a: Aerodactyl|33/100
|move|p2a: Aerodactyl|Tailwind|p2a: Aerodactyl
|-sidestart|p2: GS Barnabe|move: Tailwind
|move|p2b: Rotom|Will-O-Wisp|p1b: Sylveon
|-status|p1b: Sylveon|brn
|
|-damage|p1b: Sylveon|94/100 brn|[from] brn
|upkeep
|turn|2
|
|t:|1785789476
|move|p2a: Aerodactyl|Rock Slide|p1a: Aerodactyl|[spread] p1a,p1b
|-supereffective|p1a: Aerodactyl|1
|-damage|p1a: Aerodactyl|20/100y
|-damage|p1b: Sylveon|64/100 brn
|move|p2b: Rotom|Volt Switch|p1a: Aerodactyl
|-supereffective|p1a: Aerodactyl|1
|-damage|p1a: Aerodactyl|0 fnt
|faint|p1a: Aerodactyl
|
|t:|1785789486
|switch|p2b: Tyranitar|Tyranitar, L50, F|100/100|[from] Volt Switch
|-weather|Sandstorm|[from] ability: Sand Stream|[of] p2b: Tyranitar
|move|p1b: Sylveon|Hyper Voice|p2b: Tyranitar|[spread] p2a,p2b
|-supereffective|p2b: Tyranitar|1
|-damage|p2a: Aerodactyl|2/100
|-damage|p2b: Tyranitar|47/100
|
|-weather|Sandstorm|[upkeep]
|-damage|p1b: Sylveon|58/100 brn|[from] Sandstorm
|-damage|p1b: Sylveon|52/100 brn|[from] brn
|upkeep
|
|t:|1785789498
|switch|p1a: Garchomp|Garchomp, L50, F|100/100
|turn|3
|
|t:|1785789521
|switch|p2a: Rotom|Rotom-Wash, L50|100/100
|switch|p1a: Kingambit|Kingambit, L50, F|100/100
|move|p1b: Sylveon|Quick Attack|p2a: Rotom
|-damage|p2a: Rotom|92/100
|move|p2b: Tyranitar|Ice Punch|p1a: Kingambit
|-resisted|p1a: Kingambit|1
|-damage|p1a: Kingambit|87/100
|
|-weather|Sandstorm|[upkeep]
|-damage|p2a: Rotom|87/100|[from] Sandstorm
|-damage|p1b: Sylveon|46/100 brn|[from] Sandstorm
|-heal|p2a: Rotom|92/100|[from] item: Leftovers
|-damage|p1b: Sylveon|40/100 brn|[from] brn
|upkeep
|turn|4
|
|t:|1785789553
|switch|p2b: Aerodactyl|Aerodactyl-Mega, L50, M|2/100
|move|p2a: Rotom|Will-O-Wisp|p1a: Kingambit
|-status|p1a: Kingambit|brn
|move|p1a: Kingambit|Kowtow Cleave|p2a: Rotom
|-damage|p2a: Rotom|60/100
|move|p1b: Sylveon|Hyper Voice|p2b: Aerodactyl|[spread] p2a,p2b
|-damage|p2a: Rotom|24/100
|-damage|p2b: Aerodactyl|0 fnt
|faint|p2b: Aerodactyl
|
|-weather|Sandstorm|[upkeep]
|-damage|p2a: Rotom|18/100|[from] Sandstorm
|-damage|p1b: Sylveon|34/100 brn|[from] Sandstorm
|-heal|p2a: Rotom|24/100|[from] item: Leftovers
|-damage|p1a: Kingambit|81/100 brn|[from] brn
|-damage|p1b: Sylveon|29/100 brn|[from] brn
|-sideend|p2: GS Barnabe|move: Tailwind
|upkeep
|
|t:|1785789577
|switch|p2b: Gholdengo|Gholdengo, L50|100/100
|turn|5
|
|t:|1785789590
|move|p1a: Kingambit|Sucker Punch|p2b: Gholdengo
|-supereffective|p2b: Gholdengo|1
|-damage|p2b: Gholdengo|63/100
|move|p2a: Rotom|Hydro Pump|p1a: Kingambit
|-damage|p1a: Kingambit|40/100 brn
|move|p2b: Gholdengo|Make It Rain|p1a: Kingambit|[spread] p1a,p1b
|-resisted|p1a: Kingambit|1
|-supereffective|p1b: Sylveon|1
|-damage|p1a: Kingambit|10/100 brn
|-damage|p1b: Sylveon|0 fnt
|-unboost|p2b: Gholdengo|spa|2
|faint|p1b: Sylveon
|-damage|p2b: Gholdengo|53/100|[from] item: Life Orb
|
|-weather|Sandstorm|[upkeep]
|-damage|p2a: Rotom|18/100|[from] Sandstorm
|-heal|p2a: Rotom|24/100|[from] item: Leftovers
|-damage|p1a: Kingambit|4/100 brn|[from] brn
|upkeep
|
|t:|1785789599
|switch|p1b: Garchomp|Garchomp, L50, F|100/100
|turn|6
|
|t:|1785789620
|move|p2b: Gholdengo|Protect|p2b: Gholdengo
|-singleturn|p2b: Gholdengo|Protect
|move|p1a: Kingambit|Sucker Punch||[still]
|-fail|p1a: Kingambit
|move|p1b: Garchomp|Dragon Claw|p2a: Rotom
|-damage|p2a: Rotom|0 fnt
|faint|p2a: Rotom
|-damage|p1b: Garchomp|90/100|[from] item: Life Orb
|
|-weather|none
|-damage|p1a: Kingambit|0 fnt|[from] brn
|faint|p1a: Kingambit
|upkeep
|
|t:|1785789633
|switch|p2a: Tyranitar|Tyranitar, L50, F|47/100
|-weather|Sandstorm|[from] ability: Sand Stream|[of] p2a: Tyranitar
|turn|7
|c|☆hactor-gv128|Gg
|
|t:|1785789654
|move|p2a: Tyranitar|Ice Punch|p1b: Garchomp
|-supereffective|p1b: Garchomp|2
|-damage|p1b: Garchomp|0 fnt
|-damage|p2a: Tyranitar|35/100|[from] ability: Rough Skin|[of] p1b: Garchomp
|faint|p1b: Garchomp
|
|win|GS Barnabe
