|j|☆LovelyLuna
|j|☆sheepie_sheep
|html|LovelyLunasheepie_sheep    
|uhtml|bestof|Game 2 of a best-of-3
|t:|1757125525
|gametype|doubles
|player|p1|LovelyLuna|#lameliarleo|
|player|p2|sheepie_sheep|allister-unmasked|
|gen|9
|tier|[Gen 9] VGC 2025 Reg H (Bo3)
|rule|Species Clause: Limit one of each Pokémon
|rule|Item Clause: Limit 1 of each item
|clearpoke
|poke|p1|Delphox, L50, F|
|poke|p1|Meowstic, L50, M|
|poke|p1|Jumpluff, L50, F|
|poke|p1|Typhlosion-Hisui, L50, F|
|poke|p1|Decidueye-Hisui, L50, M|
|poke|p1|Gardevoir, L50, F|
|poke|p2|Scizor, L50, F|
|poke|p2|Politoed, L50, F|
|poke|p2|Salamence, L50, M|
|poke|p2|Glimmora, L50, F|
|poke|p2|Kingdra, L50, M|
|poke|p2|Brambleghast, L50, M|
|teampreview|4
|showteam|p1|Delphox||LifeOrb|Blaze|Flamethrower,ExpandingForce,Encore,Protect|||F|||50|,,,,,Dark]Meowstic||CovertCloak|Prankster|FakeOut,PsychicTerrain,SunnyDay,Psychic|||M|||50|,,,,,Dark]Jumpluff||FocusSash|Chlorophyll|SleepPowder,RagePowder,Tailwind,Encore|||F|||50|,,,,,Ghost]Typhlosion-Hisui||ChoiceSpecs|Blaze|Eruption,ShadowBall,HeatWave,FocusBlast|||F|||50|,,,,,Fire]Decidueye-Hisui||AssaultVest|Scrappy|TripleArrows,LeafBlade,SuckerPunch,RockTomb|||M|||50|,,,,,Poison]Gardevoir||PixiePlate|Trace|DazzlingGleam,ExpandingForce,TrickRoom,Protect|||F|||50|,,,,,Steel
|showteam|p2|Scizor||MetalCoat|Technician|SwordsDance,BulletPunch,Protect,BugBite|||F|||50|,,,,,Steel]Politoed||EjectButton|Drizzle|WeatherBall,Protect,HelpingHand,IcyWind|||F|||50|,,,,,Grass]Salamence||LumBerry|Intimidate|Tailwind,Hurricane,Protect,DracoMeteor|||M|||50|,,,,,Steel]Glimmora||PowerHerb|ToxicDebris|MeteorBeam,SludgeBomb,SpikyShield,EarthPower|||F|||50|,,,,,Grass]Kingdra||LifeOrb|SwiftSwim|MuddyWater,WeatherBall,DracoMeteor,Protect|||M|||50|,,,,,Water]Brambleghast||FocusSash|WindRider|PowerWhip,Poltergeist,Protect,ShadowSneak|||M|||50|,,,,,Stellar
|inactive|Battle timer is ON: inactive players will automatically lose when time's up. (requested by sheepie_sheep)
|inactive|LovelyLuna also wants the timer to be on.
|
|t:|1757125544
|teamsize|p1|4
|teamsize|p2|4
|start
|switch|p1a: Delphox|Delphox, L50, F|100/100
|switch|p1b: Meowstic|Meowstic, L50, M|100/100
|switch|p2a: Salamence|Salamence, L50, M|100/100
|switch|p2b: Brambleghast|Brambleghast, L50, M|100/100
|-ability|p2a: Salamence|Intimidate|boost
|-unboost|p1a: Delphox|atk|1
|-unboost|p1b: Meowstic|atk|1
|turn|1
|inactive|LovelyLuna has 30 seconds left.
|
|t:|1757125576
|move|p1b: Meowstic|Fake Out|p2a: Salamence
|-damage|p2a: Salamence|97/100
|move|p1a: Delphox|Expanding Force|p2a: Salamence
|-damage|p2a: Salamence|38/100
|-damage|p1a: Delphox|90/100|[from] item: Life Orb
|move|p2b: Brambleghast|Poltergeist|p1a: Delphox
|-activate|p1a: Delphox|move: Poltergeist|Life Orb
|-supereffective|p1a: Delphox
|-damage|p1a: Delphox|0 fnt
|faint|p1a: Delphox
|cant|p2a: Salamence|flinch
|
|upkeep
|
|t:|1757125586
|switch|p1a: Decidueye|Decidueye-Hisui, L50, M|100/100
|turn|2
|
|t:|1757125599
|move|p2b: Brambleghast|Poltergeist|p1a: Decidueye
|-activate|p1a: Decidueye|move: Poltergeist|Assault Vest
|-damage|p1a: Decidueye|34/100
|move|p2a: Salamence|Tailwind|p2a: Salamence
|-sidestart|p2: sheepie_sheep|move: Tailwind
|-ability|p2b: Brambleghast|Wind Rider|boost
|-boost|p2b: Brambleghast|atk|1
|move|p1b: Meowstic|Psychic|p2b: Brambleghast
|-damage|p2b: Brambleghast|49/100
|move|p1a: Decidueye|Rock Tomb|p2a: Salamence
|-supereffective|p2a: Salamence
|-damage|p2a: Salamence|0 fnt
|faint|p2a: Salamence
|
|upkeep
|
|t:|1757125606
|switch|p2a: Glimmora|Glimmora, L50, F|100/100
|turn|3
|
|t:|1757125623
|move|p2b: Brambleghast|Poltergeist|p1a: Decidueye
|-activate|p1a: Decidueye|move: Poltergeist|Assault Vest
|-damage|p1a: Decidueye|0 fnt
|faint|p1a: Decidueye
|move|p2a: Glimmora|Meteor Beam||[still]
|-prepare|p2a: Glimmora|Meteor Beam
|-boost|p2a: Glimmora|spa|1
|-enditem|p2a: Glimmora|Power Herb
|-anim|p2a: Glimmora|Meteor Beam|p1b: Meowstic
|-damage|p1b: Meowstic|12/100
|move|p1b: Meowstic|Psychic|p2b: Brambleghast
|-damage|p2b: Brambleghast|0 fnt
|faint|p2b: Brambleghast
|
|upkeep
|
|t:|1757125635
|switch|p2b: Kingdra|Kingdra, L50, M|100/100
|switch|p1a: Jumpluff|Jumpluff, L50, F|100/100
|turn|4
|
|t:|1757125647
|move|p1b: Meowstic|Sunny Day|p1b: Meowstic
|-weather|SunnyDay
|move|p1a: Jumpluff|Sleep Powder|p2a: Glimmora
|-status|p2a: Glimmora|slp|[from] move: Sleep Powder
|cant|p2a: Glimmora|slp
|move|p2b: Kingdra|Muddy Water|p1b: Meowstic|[spread] p1a,p1b
|-resisted|p1a: Jumpluff
|-damage|p1a: Jumpluff|90/100
|-damage|p1b: Meowstic|0 fnt
|-unboost|p1a: Jumpluff|accuracy|1
|faint|p1b: Meowstic
|-damage|p2b: Kingdra|90/100|[from] item: Life Orb
|
|-weather|SunnyDay|[upkeep]
|upkeep
|turn|5
|-message|LovelyLuna forfeited.
|
|win|sheepie_sheep
||LovelyLuna is ready for game 3.
||sheepie_sheep is ready for game 3.
|uhtml|next|Next: Game 3 of 3
|l|☆sheepie_sheep
|player|p2|
