|j|☆note2610
|j|☆EnzoPS
|html|note2610EnzoPS    
|uhtml|bestof|Game 1 of a best-of-3
|t:|1757777057
|gametype|doubles
|player|p1|note2610|n|1059
|player|p2|EnzoPS|cynthia-gen4|1143
|gen|9
|tier|[Gen 9] VGC 2025 Reg H (Bo3)
|rated|
|rule|Species Clause: Limit one of each Pokémon
|rule|Item Clause: Limit 1 of each item
|clearpoke
|poke|p1|Indeedee-F, L50, F|
|poke|p1|Ursaluna, L50, F|
|poke|p1|Torkoal, L50, F|
|poke|p1|Lilligant-Hisui, L50, F|
|poke|p1|Hatterene, L50, F|
|poke|p1|Sinistcha, L50|
|poke|p2|Pelipper, L50, M|
|poke|p2|Amoonguss, L50, F|
|poke|p2|Archaludon, L50, M|
|poke|p2|Basculegion, L50, M|
|poke|p2|Gholdengo, L50|
|poke|p2|Incineroar, L50, F|
|teampreview|4
|showteam|p1|Indeedee-F||MentalHerb|PsychicSurge|FollowMe,TrickRoom,HelpingHand,DazzlingGleam|||F|||50|,,,,,Water]Ursaluna||FlameOrb|Guts|Facade,HeadlongRush,Earthquake,Protect|||F|||50|,,,,,Ghost]Torkoal||ChoiceSpecs|Drought|Eruption,HeatWave,EarthPower,SolarBeam|||F|||50|,,,,,Fire]Lilligant-Hisui||FocusSash|Chlorophyll|AfterYou,HelpingHand,LeafBlade,AxeKick|||F|||50|,,,,,Ghost]Hatterene||LifeOrb|MagicBounce|MysticalFire,ExpandingForce,Protect,DazzlingGleam|||F|||50|,,,,,Fire]Sinistcha||Leftovers|Hospitality|RagePowder,TrickRoom,MatchaGotcha,Protect||||||50|,,,,,Water
|showteam|p2|Pelipper||FocusSash|Drizzle|Protect,WeatherBall,Hurricane,Tailwind|||M|||50|,,,,,Ground]Amoonguss||SitrusBerry|Regenerator|Protect,Spore,RagePowder,PollenPuff|||F|||50|,,,,,Water]Archaludon||AssaultVest|Stamina|DragonPulse,ElectroShot,FlashCannon,BodyPress|||M|||50|,,,,,Grass]Basculegion||ChoiceBand|SwiftSwim|FlipTurn,WaveCrash,AquaJet,LastRespects|||M|||50|,,,,,Grass]Gholdengo||LifeOrb|GoodasGold|Protect,MakeItRain,ShadowBall,NastyPlot||||||50|,,,,,Water]Incineroar||SafetyGoggles|Intimidate|FlareBlitz,KnockOff,PartingShot,FakeOut|||F|||50|,,,,,Ghost
|inactive|Battle timer is ON: inactive players will automatically lose when time's up. (requested by note2610)
|inactive|EnzoPS has 60 seconds left.
|
|t:|1757777119
|teamsize|p1|4
|teamsize|p2|4
|start
|switch|p1a: Indeedee|Indeedee-F, L50, F|100/100
|switch|p1b: Hatterene|Hatterene, L50, F|100/100
|switch|p2a: Gholdengo|Gholdengo, L50|100/100
|switch|p2b: Amoonguss|Amoonguss, L50, F|100/100
|-fieldstart|move: Psychic Terrain|[from] ability: Psychic Surge|[of] p1a: Indeedee
|turn|1
|
|t:|1757777143
|-terastallize|p2b: Amoonguss|Water
|-terastallize|p1b: Hatterene|Fire
|move|p2a: Gholdengo|Protect|p2a: Gholdengo
|-singleturn|p2a: Gholdengo|Protect
|move|p2b: Amoonguss|Spore|p1a: Indeedee
|-status|p1a: Indeedee|slp|[from] move: Spore
|move|p1b: Hatterene|Mystical Fire|p2a: Gholdengo
|-activate|p2a: Gholdengo|move: Protect
|cant|p1a: Indeedee|slp
|
|upkeep
|turn|2
|inactive|EnzoPS has 30 seconds left.
|inactive|EnzoPS has 20 seconds left.
|inactive|EnzoPS has 15 seconds left.
|inactive|EnzoPS has 10 seconds left.
|
|t:|1757777188
|switch|p2a: Pelipper|Pelipper, L50, M, shiny|100/100
|-weather|RainDance|[from] ability: Drizzle|[of] p2a: Pelipper
|switch|p2b: Incineroar|Incineroar, L50, F|100/100
|-ability|p2b: Incineroar|Intimidate|boost
|-unboost|p1a: Indeedee|atk|1
|-unboost|p1b: Hatterene|atk|1
|move|p1b: Hatterene|Expanding Force|p2b: Incineroar|[spread] p2a
|-immune|p2b: Incineroar
|-enditem|p2a: Pelipper|Focus Sash
|-damage|p2a: Pelipper|1/100
|-damage|p1b: Hatterene|91/100|[from] item: Life Orb
|cant|p1a: Indeedee|slp
|
|-weather|RainDance|[upkeep]
|upkeep
|turn|3
|inactive|EnzoPS has 30 seconds left.
|inactive|EnzoPS has 20 seconds left.
|inactive|EnzoPS has 15 seconds left.
|
|t:|1757777230
|move|p2a: Pelipper|Protect|p2a: Pelipper
|-singleturn|p2a: Pelipper|Protect
|move|p2b: Incineroar|Knock Off|p1a: Indeedee
|-supereffective|p1a: Indeedee
|-crit|p1a: Indeedee
|-damage|p1a: Indeedee|0 fnt
|-enditem|p1a: Indeedee|Mental Herb|[from] move: Knock Off|[of] p2b: Incineroar
|faint|p1a: Indeedee
|move|p1b: Hatterene|Dazzling Gleam|p2a: Pelipper|[spread] p2b
|-activate|p2a: Pelipper|move: Protect
|-damage|p2b: Incineroar|54/100
|-damage|p1b: Hatterene|81/100|[from] item: Life Orb
|
|-weather|RainDance|[upkeep]
|upkeep
|
|t:|1757777248
|switch|p1a: Lilligant|Lilligant-Hisui, L50, F|100/100
|turn|4
|inactive|EnzoPS has 30 seconds left.
|inactive|EnzoPS has 20 seconds left.
|inactive|EnzoPS has 15 seconds left.
|inactive|EnzoPS has 10 seconds left.
|inactive|EnzoPS has 5 seconds left.
|
|t:|1757777298
|move|p1a: Lilligant|After You|p1b: Hatterene
|-activate|p1b: Hatterene|move: After You
|move|p1b: Hatterene|Dazzling Gleam|p2b: Incineroar|[spread] p2a,p2b
|-damage|p2a: Pelipper|0 fnt
|-damage|p2b: Incineroar|6/100
|faint|p2a: Pelipper
|-damage|p1b: Hatterene|71/100|[from] item: Life Orb
|move|p2b: Incineroar|Flare Blitz|p1a: Lilligant
|-supereffective|p1a: Lilligant
|-damage|p1a: Lilligant|25/100
|-damage|p2b: Incineroar|0 fnt|[from] Recoil
|faint|p2b: Incineroar
|
|-weather|RainDance|[upkeep]
|upkeep
|
|t:|1757777308
|switch|p2a: Gholdengo|Gholdengo, L50|100/100
|switch|p2b: Amoonguss|Amoonguss, L50, F, tera:Water|100/100
|turn|5
|inactive|EnzoPS has 30 seconds left.
|
|t:|1757777335
|switch|p1a: Torkoal|Torkoal, L50, F|100/100
|-weather|SunnyDay|[from] ability: Drought|[of] p1a: Torkoal
|move|p2b: Amoonguss|Rage Powder|p2b: Amoonguss
|-singleturn|p2b: Amoonguss|move: Rage Powder
|move|p2a: Gholdengo|Make It Rain|p1b: Hatterene|[spread] p1a,p1b
|-resisted|p1a: Torkoal
|-resisted|p1b: Hatterene
|-damage|p1a: Torkoal|61/100
|-damage|p1b: Hatterene|40/100
|-unboost|p2a: Gholdengo|spa|1
|-damage|p2a: Gholdengo|91/100|[from] item: Life Orb
|move|p1b: Hatterene|Expanding Force|p2b: Amoonguss|[spread] p2a,p2b
|-resisted|p2a: Gholdengo
|-damage|p2a: Gholdengo|40/100
|-damage|p2b: Amoonguss|22/100
|-enditem|p2b: Amoonguss|Sitrus Berry|[eat]
|-heal|p2b: Amoonguss|47/100|[from] item: Sitrus Berry
|-damage|p1b: Hatterene|30/100|[from] item: Life Orb
|
|-weather|SunnyDay|[upkeep]
|-fieldend|move: Psychic Terrain
|upkeep
|turn|6
|
|t:|1757777360
|move|p2a: Gholdengo|Shadow Ball|p1b: Hatterene
|-damage|p1b: Hatterene|0 fnt
|faint|p1b: Hatterene
|-damage|p2a: Gholdengo|31/100|[from] item: Life Orb
|move|p2b: Amoonguss|Spore|p1a: Torkoal
|-status|p1a: Torkoal|slp|[from] move: Spore
|cant|p1a: Torkoal|slp
|
|-weather|SunnyDay|[upkeep]
|upkeep
|
|t:|1757777364
|switch|p1b: Lilligant|Lilligant-Hisui, L50, F|25/100
|turn|7
|inactive|EnzoPS has 30 seconds left.
|inactive|EnzoPS has 20 seconds left.
|inactive|EnzoPS has 15 seconds left.
|
|t:|1757777405
|move|p2b: Amoonguss|Protect|p2b: Amoonguss
|-singleturn|p2b: Amoonguss|Protect
|move|p1b: Lilligant|Leaf Blade|p2a: Gholdengo
|-resisted|p2a: Gholdengo
|-damage|p2a: Gholdengo|12/100
|move|p2a: Gholdengo|Shadow Ball|p1b: Lilligant
|-damage|p1b: Lilligant|0 fnt
|faint|p1b: Lilligant
|-damage|p2a: Gholdengo|2/100|[from] item: Life Orb
|-curestatus|p1a: Torkoal|slp|[msg]
|move|p1a: Torkoal|Heat Wave|p2a: Gholdengo|[spread] p2a
|-activate|p2b: Amoonguss|move: Protect
|-supereffective|p2a: Gholdengo
|-damage|p2a: Gholdengo|0 fnt
|faint|p2a: Gholdengo
|
|-weather|SunnyDay|[upkeep]
|upkeep
|turn|8
|
|t:|1757777417
|move|p2b: Amoonguss|Pollen Puff|p1a: Torkoal
|-resisted|p1a: Torkoal
|-damage|p1a: Torkoal|48/100
|move|p1a: Torkoal|Heat Wave|p2b: Amoonguss
|-resisted|p2b: Amoonguss
|-damage|p2b: Amoonguss|5/100
|
|-weather|SunnyDay|[upkeep]
|upkeep
|turn|9
|
|t:|1757777427
|move|p2b: Amoonguss|Spore|p1a: Torkoal
|-status|p1a: Torkoal|slp|[from] move: Spore
|cant|p1a: Torkoal|slp
|
|-weather|none
|upkeep
|turn|10
|
|t:|1757777430
|move|p2b: Amoonguss|Pollen Puff|p1a: Torkoal
|-resisted|p1a: Torkoal
|-crit|p1a: Torkoal
|-damage|p1a: Torkoal|29/100 slp
|cant|p1a: Torkoal|slp
|
|upkeep
|turn|11
|
|t:|1757777438
|move|p2b: Amoonguss|Pollen Puff|p1a: Torkoal
|-resisted|p1a: Torkoal
|-damage|p1a: Torkoal|17/100 slp
|-curestatus|p1a: Torkoal|slp|[msg]
|move|p1a: Torkoal|Heat Wave|p2b: Amoonguss
|-resisted|p2b: Amoonguss
|-damage|p2b: Amoonguss|0 fnt
|faint|p2b: Amoonguss
|
|win|note2610
||EnzoPS is ready for game 2.
||note2610 is ready for game 2.
|uhtml|next|Next: Game 2 of 3
