|j|☆PalitinhoPJL
|j|☆snailboss
|html|PalitinhoPJLsnailboss    
|uhtml|bestof|Game 1 of a best-of-3
|t:|1757717915
|gametype|doubles
|player|p1|PalitinhoPJL|silver|1075
|player|p2|snailboss|hilda-wonderlauncher|1166
|gen|9
|tier|[Gen 9] VGC 2025 Reg H (Bo3)
|rated|
|rule|Species Clause: Limit one of each Pokémon
|rule|Item Clause: Limit 1 of each item
|clearpoke
|poke|p1|Delphox, L50, M|
|poke|p1|Murkrow, L50, M|
|poke|p1|Indeedee, L50, M|
|poke|p1|Sneasler, L50, M|
|poke|p1|Ninetales-Alola, L50, F|
|poke|p1|Dragapult, L50, F|
|poke|p2|Kingambit, L50, M|
|poke|p2|Rillaboom, L50, F|
|poke|p2|Volcarona, L50, F|
|poke|p2|Tauros-Paldea-Aqua, L50, M|
|poke|p2|Electabuzz, L50, F|
|poke|p2|Ninetales-Alola, L50, M|
|teampreview|4
|showteam|p1|Delphox||LifeOrb|Blaze|ExpandingForce,HeatWave,Flamethrower,Protect|||M|||50|,,,,,Fire]Murkrow||Eviolite|Prankster|Tailwind,FoulPlay,Haze,SunnyDay|||M|||50|,,,,,Ghost]Indeedee||FocusSash|PsychicSurge|ExpandingForce,TeraBlast,Imprison,TrickRoom|||M|||50|,,,,,Fighting]Sneasler||PsychicSeed|Unburden|DireClaw,CloseCombat,ThroatChop,Protect|||M|||50|,,,,,Dark]Ninetales-Alola||CovertCloak|SnowWarning|Blizzard,AuroraVeil,Encore,IcyWind|||F|||50|,,,,,Water]Dragapult||ChoiceBand|ClearBody|DragonDarts,PhantomForce,TeraBlast,Uturn|||F|||50|,,,,,Ghost
|showteam|p2|Kingambit||BlackGlasses|Defiant|SuckerPunch,KowtowCleave,SwordsDance,Protect|||M|||50|,,,,,Fire]Rillaboom||AssaultVest|GrassySurge|FakeOut,GrassyGlide,WoodHammer,HighHorsepower|||F|||50|,,,,,Fire]Volcarona||CovertCloak|FlameBody|QuiverDance,HeatWave,GigaDrain,Protect|||F|||50|,,,,,Grass]Tauros-Paldea-Aqua||GrassySeed|Intimidate|WaveCrash,BodyPress,Protect,AquaJet|||M|||50|,,,,,Fire]Electabuzz||Eviolite|VitalSpirit|Taunt,Thunderbolt,Protect,FollowMe|||F|||50|,,,,,Ghost]Ninetales-Alola||FocusSash|SnowWarning|Protect,Encore,FreezeDry,Disable|||M|||50|,,,,,Ghost
|inactive|Battle timer is ON: inactive players will automatically lose when time's up. (requested by PalitinhoPJL)
|inactive|snailboss has 60 seconds left.
|
|t:|1757717981
|teamsize|p1|4
|teamsize|p2|4
|start
|switch|p1a: Magrão|Sneasler, L50, M|100/100
|switch|p1b: Drip|Murkrow, L50, M|100/100
|switch|p2a: Kingambit|Kingambit, L50, M|100/100
|switch|p2b: Ninetales|Ninetales-Alola, L50, M|100/100
|-weather|Snowscape|[from] ability: Snow Warning|[of] p2b: Ninetales
|turn|1
|inactive|snailboss has 30 seconds left.
|inactive|snailboss has 20 seconds left.
|inactive|snailboss has 15 seconds left.
|inactive|snailboss has 10 seconds left.
|
|t:|1757718029
|move|p2a: Kingambit|Protect|p2a: Kingambit
|-singleturn|p2a: Kingambit|Protect
|move|p1b: Drip|Tailwind|p1b: Drip
|-sidestart|p1: PalitinhoPJL|move: Tailwind
|move|p1a: Magrão|Dire Claw|p2b: Ninetales
|-supereffective|p2b: Ninetales
|-damage|p2b: Ninetales|10/100
|-status|p2b: Ninetales|psn
|move|p2b: Ninetales|Disable|p1a: Magrão
|-start|p1a: Magrão|Disable|Dire Claw
|
|-weather|Snowscape|[upkeep]
|-damage|p2b: Ninetales|0 fnt|[from] psn
|faint|p2b: Ninetales
|upkeep
|
|t:|1757718043
|switch|p2b: Volcarona|Volcarona, L50, F|100/100
|turn|2
|
|t:|1757718064
|switch|p2a: Rillaboom|Rillaboom, L50, F|100/100
|-fieldstart|move: Grassy Terrain|[from] ability: Grassy Surge|[of] p2a: Rillaboom
|move|p1a: Magrão|Throat Chop|p2b: Volcarona
|-damage|p2b: Volcarona|69/100
|move|p1b: Drip|Foul Play|p2b: Volcarona
|-damage|p2b: Volcarona|52/100
|move|p2b: Volcarona|Heat Wave|p1a: Magrão|[spread] p1a
|-miss|p2b: Volcarona|p1b: Drip
|-damage|p1a: Magrão|58/100
|
|-weather|Snowscape|[upkeep]
|-heal|p1a: Magrão|63/100|[from] Grassy Terrain
|-heal|p2b: Volcarona|58/100|[from] Grassy Terrain
|upkeep
|turn|3
|
|t:|1757718083
|switch|p1a: Dagão|Dragapult, L50, F, shiny|100/100
|switch|p1b: FireFox|Delphox, L50, M|100/100
|move|p2b: Volcarona|Heat Wave|p1a: Dagão|[spread] p1b
|-miss|p2b: Volcarona|p1a: Dagão
|-resisted|p1b: FireFox
|-damage|p1b: FireFox|80/100
|move|p2a: Rillaboom|Wood Hammer|p1b: FireFox
|-resisted|p1b: FireFox
|-damage|p1b: FireFox|15/100
|-damage|p2a: Rillaboom|85/100|[from] Recoil
|
|-weather|Snowscape|[upkeep]
|-heal|p1b: FireFox|21/100|[from] Grassy Terrain
|-heal|p2b: Volcarona|64/100|[from] Grassy Terrain
|-heal|p2a: Rillaboom|91/100|[from] Grassy Terrain
|upkeep
|turn|4
|
|t:|1757718107
|move|p2a: Rillaboom|Grassy Glide|p1b: FireFox
|-resisted|p1b: FireFox
|-damage|p1b: FireFox|0 fnt
|faint|p1b: FireFox
|move|p1a: Dagão|U-turn|p2a: Rillaboom
|-supereffective|p2a: Rillaboom
|-damage|p2a: Rillaboom|30/100
|
|t:|1757718114
|switch|p1a: Drip|Murkrow, L50, M|100/100|[from] U-turn
|move|p2b: Volcarona|Quiver Dance|p2b: Volcarona
|-boost|p2b: Volcarona|spa|1
|-boost|p2b: Volcarona|spd|1
|-boost|p2b: Volcarona|spe|1
|
|-weather|Snowscape|[upkeep]
|-heal|p2b: Volcarona|70/100|[from] Grassy Terrain
|-heal|p2a: Rillaboom|36/100|[from] Grassy Terrain
|-sideend|p1: PalitinhoPJL|move: Tailwind
|upkeep
|
|t:|1757718116
|switch|p1b: Magrão|Sneasler, L50, M|63/100
|turn|5
|
|t:|1757718137
|move|p1a: Drip|Haze|p1a: Drip
|-clearallboost
|move|p1b: Magrão|Dire Claw|p2a: Rillaboom
|-supereffective|p2a: Rillaboom
|-damage|p2a: Rillaboom|0 fnt
|faint|p2a: Rillaboom
|move|p2b: Volcarona|Heat Wave|p1b: Magrão|[spread] p1a,p1b
|-damage|p1a: Drip|66/100
|-damage|p1b: Magrão|18/100
|
|-weather|none
|-heal|p1b: Magrão|24/100|[from] Grassy Terrain
|-heal|p2b: Volcarona|77/100|[from] Grassy Terrain
|upkeep
|
|t:|1757718146
|switch|p2a: Kingambit|Kingambit, L50, M|100/100
|turn|6
|
|t:|1757718154
|-terastallize|p2a: Kingambit|Fire
|move|p1a: Drip|Tailwind|p1a: Drip
|-sidestart|p1: PalitinhoPJL|move: Tailwind
|move|p1b: Magrão|Dire Claw|p2b: Volcarona
|-damage|p2b: Volcarona|28/100
|-status|p1b: Magrão|brn|[from] ability: Flame Body|[of] p2b: Volcarona
|move|p2b: Volcarona|Heat Wave|p1a: Drip|[spread] p1a,p1b
|-damage|p1a: Drip|29/100
|-damage|p1b: Magrão|0 fnt
|faint|p1b: Magrão
|move|p2a: Kingambit|Kowtow Cleave|p1a: Drip
|-resisted|p1a: Drip
|-damage|p1a: Drip|0 fnt
|faint|p1a: Drip
|
|-heal|p2b: Volcarona|34/100|[from] Grassy Terrain
|-fieldend|move: Grassy Terrain
|upkeep
|
|t:|1757718166
|switch|p1b: Dagão|Dragapult, L50, F, shiny|100/100
|turn|7
|
|t:|1757718176
|move|p2a: Kingambit|Sucker Punch|p1b: Dagão
|-supereffective|p1b: Dagão
|-damage|p1b: Dagão|0 fnt
|faint|p1b: Dagão
|
|win|snailboss
||PalitinhoPJL is ready for game 2.
