|j|☆eggtart69
|j|☆Its Sushiii
|html|eggtart69Its Sushiii    
|uhtml|bestof|Game 2 of a best-of-3
|t:|1783462037
|gametype|doubles
|player|p1|eggtart69|2|1203
|player|p2|Its Sushiii|265|1220
|gen|9
|tier|[Gen 9 Champions] VGC 2026 Reg M-B (Bo3)
|rated|
|rule|Species Clause: Limit one of each Pokémon
|rule|Item Clause: Limit 1 of each item
|clearpoke
|poke|p1|Metagross, L50|
|poke|p1|Delphox, L50, M|
|poke|p1|Tsareena, L50, F|
|poke|p1|Basculegion, L50, M|
|poke|p1|Sneasler, L50, M|
|poke|p1|Tinkaton, L50, F|
|poke|p2|Kingambit, L50, M|
|poke|p2|Charizard, L50, M|
|poke|p2|Aerodactyl, L50, M|
|poke|p2|Farigiraf, L50, M|
|poke|p2|Garchomp, L50, F|
|poke|p2|Sylveon, L50, F|
|teampreview|4
|showteam|p1|Metagross||Metagrossite|ClearBody|IronHead,ThunderPunch,PsychicFangs,Protect|Jolly|||||50|]Delphox||Delphoxite|Blaze|HeatWave,Psychic,GrassKnot,Protect|Timid||M|||50|]Tsareena||LumBerry|QueenlyMajesty|TropKick,HighJumpKick,KnockOff,Protect|Adamant||F|||50|]Basculegion||ChoiceScarf|Adaptability|FlipTurn,WaveCrash,LastRespects,IceFang|Jolly||M|||50|]Sneasler||WhiteHerb|Unburden|FakeOut,DireClaw,CloseCombat,Acrobatics|Jolly||M|||50|]Tinkaton||MuscleBand|MoldBreaker|FakeOut,GigatonHammer,PlayRough,Protect|Adamant||F|||50|
|showteam|p2|Kingambit||FocusSash|Defiant|KowtowCleave,IronHead,SuckerPunch,LowKick|Adamant||M|||50|]Charizard||CharizarditeY|Blaze|HeatWave,SolarBeam,WeatherBall,Protect|Modest||M|||50|]Aerodactyl||Aerodactylite|Unnerve|RockSlide,DualWingbeat,IceFang,Tailwind|Jolly||M|||50|]Farigiraf||SitrusBerry|ArmorTail|TwinBeam,Thunderbolt,TrickRoom,Protect|Bold||M|||50|]Garchomp||LifeOrb|RoughSkin|Earthquake,DragonClaw,StompingTantrum,Protect|Jolly||F|||50|]Sylveon||FairyFeather|Pixilate|HyperVoice,HyperBeam,QuickAttack,Protect|Modest||F|||50|
|inactive|Battle timer is ON: inactive players will automatically lose when time's up. (requested by Its Sushiii)
|
|t:|1783462049
|teamsize|p1|4
|teamsize|p2|4
|start
|switch|p1a: Tinkaton|Tinkaton, L50, F|100/100
|switch|p1b: Metagross|Metagross, L50|100/100
|switch|p2a: Charizard|Charizard, L50, M|100/100
|switch|p2b: Farigiraf|Farigiraf, L50, M|100/100
|-ability|p1a: Tinkaton|Mold Breaker
|turn|1
|
|t:|1783462065
|detailschange|p1b: Metagross|Metagross-Mega, L50
|-mega|p1b: Metagross|Metagross|Metagrossite
|move|p2a: Charizard|Protect|p2a: Charizard
|-singleturn|p2a: Charizard|Protect
|move|p2b: Farigiraf|Protect|p2b: Farigiraf
|-singleturn|p2b: Farigiraf|Protect
|move|p1a: Tinkaton|Fake Out|p2a: Charizard
|-activate|p2a: Charizard|move: Protect
|move|p1b: Metagross|Thunder Punch|p2a: Charizard
|-activate|p2a: Charizard|move: Protect
|
|upkeep
|turn|2
|inactive|Its Sushiii has 30 seconds left.
|
|t:|1783462093
|detailschange|p2a: Charizard|Charizard-Mega-Y, L50, M
|-mega|p2a: Charizard|Charizard|Charizardite Y
|-weather|SunnyDay|[from] ability: Drought|[of] p2a: Charizard
|move|p1b: Metagross|Thunder Punch|p2a: Charizard
|-supereffective|p2a: Charizard|1
|-damage|p2a: Charizard|32/100
|move|p2a: Charizard|Heat Wave|p1b: Metagross|[spread] p1a
|-miss|p2a: Charizard|p1b: Metagross
|-supereffective|p1a: Tinkaton|1
|-damage|p1a: Tinkaton|0 fnt
|faint|p1a: Tinkaton
|move|p2b: Farigiraf|Trick Room|p2b: Farigiraf
|-fieldstart|move: Trick Room|[of] p2b: Farigiraf
|
|-weather|SunnyDay|[upkeep]
|upkeep
|
|t:|1783462105
|switch|p1a: Tsareena|Tsareena, L50, F|100/100
|turn|3
|
|t:|1783462125
|switch|p2b: Kingambit|Kingambit, L50, M|100/100
|move|p1a: Tsareena|Protect|p1a: Tsareena
|-singleturn|p1a: Tsareena|Protect
|move|p1b: Metagross|Protect|p1b: Metagross
|-singleturn|p1b: Metagross|Protect
|move|p2a: Charizard|Heat Wave|p1b: Metagross|[spread] 
|-activate|p1a: Tsareena|move: Protect
|-activate|p1b: Metagross|move: Protect
|
|-weather|SunnyDay|[upkeep]
|upkeep
|turn|4
|
|t:|1783462145
|move|p1a: Tsareena|High Jump Kick|p2b: Kingambit
|-supereffective|p2b: Kingambit|2
|-enditem|p2b: Kingambit|Focus Sash
|-damage|p2b: Kingambit|1/100
|move|p2b: Kingambit|Kowtow Cleave|p1b: Metagross
|-supereffective|p1b: Metagross|1
|-damage|p1b: Metagross|14/100
|move|p2a: Charizard|Heat Wave|p1b: Metagross|[spread] p1a,p1b
|-supereffective|p1a: Tsareena|1
|-supereffective|p1b: Metagross|1
|-damage|p1a: Tsareena|0 fnt
|-damage|p1b: Metagross|0 fnt
|faint|p1a: Tsareena
|faint|p1b: Metagross
|
|-weather|SunnyDay|[upkeep]
|upkeep
|
|t:|1783462158
|switch|p1b: Basculegion|Basculegion, L50, M|100/100
|turn|5
|
|t:|1783462172
|move|p2b: Kingambit|Sucker Punch|p1b: Basculegion
|-supereffective|p1b: Basculegion|1
|-damage|p1b: Basculegion|2/100
|move|p2a: Charizard|Solar Beam||[still]
|-prepare|p2a: Charizard|Solar Beam
|-anim|p2a: Charizard|Solar Beam|p1b: Basculegion
|-supereffective|p1b: Basculegion|1
|-damage|p1b: Basculegion|0 fnt
|faint|p1b: Basculegion
|
|win|Its Sushiii
||eggtart69 is ready for game 3.
||Its Sushiii is ready for game 3.
|uhtml|next|Next: Game 3 of 3
|l|☆eggtart69
|player|p1|
