|j|☆efwefwefwefweifier
|j|☆AtrixMJ
|html|efwefwefwefweifierAtrixMJ    
|uhtml|bestof|Game 2 of a best-of-3
|t:|1785661471
|gametype|doubles
|player|p1|efwefwefwefweifier|clown|1371
|player|p2|AtrixMJ|may|1373
|gen|9
|tier|[Gen 9 Champions] VGC 2026 Reg M-B (Bo3)
|rated|
|rule|Species Clause: Limit one of each Pokémon
|rule|Item Clause: Limit 1 of each item
|clearpoke
|poke|p1|Blastoise, L50, F, shiny|
|poke|p1|Sinistcha, L50|
|poke|p1|Incineroar, L50, F, shiny|
|poke|p1|Sneasler, L50, M|
|poke|p1|Hydreigon, L50, M, shiny|
|poke|p1|Delphox, L50, M|
|poke|p2|Venusaur, L50, F, shiny|
|poke|p2|Farigiraf, L50, M, shiny|
|poke|p2|Incineroar, L50, M|
|poke|p2|Charizard, L50, F, shiny|
|poke|p2|Grimmsnarl, L50, M|
|poke|p2|Garchomp, L50, F, shiny|
|teampreview|4
|showteam|p1|Blastoise||Blastoisinite|RainDish|WaterSpout,DarkPulse,ShellSmash,Protect|Modest||F|||50|]Sinistcha||KasibBerry|Hospitality|MatchaGotcha,RagePowder,TrickRoom,LifeDew|Calm|||||50|]Incineroar||SitrusBerry|Intimidate|FlareBlitz,DarkestLariat,FakeOut,PartingShot|Careful||F|||50|]Sneasler||FocusSash|PoisonTouch|CloseCombat,PoisonJab,FakeOut,QuickGuard|Jolly||M|||50|]Hydreigon||ChoiceScarf|Levitate|DracoMeteor,DarkPulse,Snarl,EarthPower|Modest||M|||50|]Delphox||Delphoxite|Blaze|HeatWave,Psyshock,NastyPlot,Protect|Timid||M|||50|
|showteam|p2|Venusaur||LifeOrb|Chlorophyll|SludgeBomb,SolarBeam,SleepPowder,Protect|Timid||F|||50|]Farigiraf||TwistedSpoon|ArmorTail|HyperVoice,TwinBeam,TrickRoom,Protect|Quiet||M|||50|]Incineroar||Charcoal|Intimidate|FlareBlitz,DarkestLariat,FakeOut,PartingShot|Adamant||M|||50|]Charizard||CharizarditeY|Blaze|HeatWave,WeatherBall,Protect,HelpingHand|Modest||F|||50|]Grimmsnarl||LightClay|Prankster|SpiritBreak,FakeOut,PartingShot,LightScreen|Adamant||M|||50|]Garchomp||Garchompite|RoughSkin|StompingTantrum,DragonClaw,Earthquake,Protect|Adamant||F|||50|
|inactive|Battle timer is ON: inactive players will automatically lose when time's up. (requested by efwefwefwefweifier)
|inactive|efwefwefwefweifier has 60 seconds left.
|
|t:|1785661515
|teamsize|p1|4
|teamsize|p2|4
|start
|switch|p1a: Bartholomews|Hydreigon, L50, M, shiny|100/100
|switch|p1b: Macho Nacho|Delphox, L50, M|100/100
|switch|p2a: Venusaur|Venusaur, L50, F, shiny|100/100
|switch|p2b: HEATWAVES|Charizard, L50, F, shiny|100/100
|turn|1
|
|t:|1785661537
|detailschange|p1b: Macho Nacho|Delphox-Mega, L50, M
|-mega|p1b: Macho Nacho|Delphox|Delphoxite
|detailschange|p2b: HEATWAVES|Charizard-Mega-Y, L50, F, shiny
|-mega|p2b: HEATWAVES|Charizard|Charizardite Y
|-weather|SunnyDay|[from] ability: Drought|[of] p2b: HEATWAVES
|move|p2a: Venusaur|Sleep Powder|p1b: Macho Nacho|[miss]
|-miss|p2a: Venusaur|p1b: Macho Nacho
|move|p1a: Bartholomews|Snarl|p2a: Venusaur|[spread] p2a,p2b
|-damage|p2a: Venusaur|71/100
|-damage|p2b: HEATWAVES|80/100
|-unboost|p2a: Venusaur|spa|1
|-unboost|p2b: HEATWAVES|spa|1
|move|p1b: Macho Nacho|Heat Wave|p2b: HEATWAVES|[spread] p2b
|-miss|p1b: Macho Nacho|p2a: Venusaur
|-resisted|p2b: HEATWAVES|1
|-damage|p2b: HEATWAVES|55/100
|move|p2b: HEATWAVES|Heat Wave|p1b: Macho Nacho|[spread] p1a
|-miss|p2b: HEATWAVES|p1b: Macho Nacho
|-resisted|p1a: Bartholomews|1
|-damage|p1a: Bartholomews|73/100
|
|-weather|SunnyDay|[upkeep]
|upkeep
|turn|2
|inactive|efwefwefwefweifier has 30 seconds left.
|inactive|efwefwefwefweifier has 20 seconds left.
|inactive|efwefwefwefweifier has 15 seconds left.
|
|t:|1785661580
|switch|p2b: Incineroar|Incineroar, L50, M|100/100
|-ability|p2b: Incineroar|Intimidate|boost
|-unboost|p1a: Bartholomews|atk|1
|-unboost|p1b: Macho Nacho|atk|1
|move|p1b: Macho Nacho|Protect|p1b: Macho Nacho
|-singleturn|p1b: Macho Nacho|Protect
|move|p2a: Venusaur|Sleep Powder|p1b: Macho Nacho
|-activate|p1b: Macho Nacho|move: Protect
|move|p1a: Bartholomews|Snarl|p2b: Incineroar|[spread] p2a,p2b
|-resisted|p2b: Incineroar|1
|-damage|p2a: Venusaur|46/100
|-damage|p2b: Incineroar|88/100
|-unboost|p2a: Venusaur|spa|1
|-unboost|p2b: Incineroar|spa|1
|
|-weather|SunnyDay|[upkeep]
|upkeep
|turn|3
|
|t:|1785661596
|switch|p1a: Merry Berry|Incineroar, L50, F, shiny|100/100
|-ability|p1a: Merry Berry|Intimidate|boost
|-unboost|p2a: Venusaur|atk|1
|-unboost|p2b: Incineroar|atk|1
|move|p2a: Venusaur|Sleep Powder|p1b: Macho Nacho
|-status|p1b: Macho Nacho|slp|[from] move: Sleep Powder
|cant|p1b: Macho Nacho|slp
|move|p2b: Incineroar|Parting Shot|p1a: Merry Berry
|-unboost|p1a: Merry Berry|atk|1
|-unboost|p1a: Merry Berry|spa|1
|
|t:|1785661608
|switch|p2b: OVERTAKEN|Farigiraf, L50, M, shiny|100/100|[from] Parting Shot
|
|-weather|SunnyDay|[upkeep]
|upkeep
|turn|4
|
|t:|1785661623
|switch|p2a: Incineroar|Incineroar, L50, M|88/100
|-ability|p2a: Incineroar|Intimidate|boost
|-unboost|p1a: Merry Berry|atk|1
|-unboost|p1b: Macho Nacho|atk|1
|-curestatus|p1b: Macho Nacho|slp|[msg]
|move|p1b: Macho Nacho|Heat Wave|p2a: Incineroar|[spread] p2a,p2b
|-resisted|p2a: Incineroar|1
|-damage|p2a: Incineroar|61/100
|-damage|p2b: OVERTAKEN|51/100
|move|p1a: Merry Berry|Flare Blitz|p2a: Incineroar
|-resisted|p2a: Incineroar|1
|-damage|p2a: Incineroar|45/100
|-damage|p1a: Merry Berry|94/100|[from] Recoil
|move|p2b: OVERTAKEN|Trick Room|p2b: OVERTAKEN
|-fieldstart|move: Trick Room|[of] p2b: OVERTAKEN
|
|-weather|SunnyDay|[upkeep]
|upkeep
|turn|5
|
|t:|1785661646
|move|p2b: OVERTAKEN|Hyper Voice|p1a: Merry Berry|[spread] p1a,p1b
|-damage|p1a: Merry Berry|68/100
|-damage|p1b: Macho Nacho|70/100
|move|p1a: Merry Berry|Parting Shot|p2a: Incineroar
|-unboost|p2a: Incineroar|atk|1
|-unboost|p2a: Incineroar|spa|1
|
|t:|1785661651
|switch|p1a: Bartholomews|Hydreigon, L50, M, shiny|73/100|[from] Parting Shot
|move|p2a: Incineroar|Darkest Lariat|p1b: Macho Nacho
|-supereffective|p1b: Macho Nacho|1
|-damage|p1b: Macho Nacho|0 fnt
|faint|p1b: Macho Nacho
|
|-weather|none
|upkeep
|
|t:|1785661658
|switch|p1b: Merry Berry|Incineroar, L50, F, shiny|68/100
|-ability|p1b: Merry Berry|Intimidate|boost
|-unboost|p2a: Incineroar|atk|1
|-unboost|p2b: OVERTAKEN|atk|1
|turn|6
|inactive|AtrixMJ has 30 seconds left.
|
|t:|1785661685
|switch|p2b: Venusaur|Venusaur, L50, F, shiny|46/100
|move|p1b: Merry Berry|Flare Blitz|p2a: Incineroar
|-resisted|p2a: Incineroar|1
|-damage|p2a: Incineroar|24/100
|-damage|p1b: Merry Berry|61/100|[from] Recoil
|move|p2a: Incineroar|Parting Shot|p1a: Bartholomews
|-unboost|p1a: Bartholomews|atk|1
|-unboost|p1a: Bartholomews|spa|1
|inactive|AtrixMJ has 30 seconds left.
|inactive|AtrixMJ has 20 seconds left.
|inactive|AtrixMJ has 15 seconds left.
|inactive|AtrixMJ has 10 seconds left.
|
|t:|1785661733
|switch|p2a: HEATWAVES|Charizard-Mega-Y, L50, F, shiny|55/100|[from] Parting Shot
|-weather|SunnyDay|[from] ability: Drought|[of] p2a: HEATWAVES
|move|p1a: Bartholomews|Snarl|p2b: Venusaur|[spread] p2a,p2b
|-damage|p2a: HEATWAVES|40/100
|-damage|p2b: Venusaur|28/100
|-unboost|p2a: HEATWAVES|spa|1
|-unboost|p2b: Venusaur|spa|1
|
|-weather|SunnyDay|[upkeep]
|upkeep
|turn|7
|inactive|efwefwefwefweifier has 30 seconds left.
|inactive|efwefwefwefweifier has 20 seconds left.
|inactive|efwefwefwefweifier has 15 seconds left.
|
|t:|1785661777
|switch|p2b: Incineroar|Incineroar, L50, M|24/100
|-ability|p2b: Incineroar|Intimidate|boost
|-unboost|p1a: Bartholomews|atk|1
|-unboost|p1b: Merry Berry|atk|1
|move|p1b: Merry Berry|Darkest Lariat|p2b: Incineroar
|-resisted|p2b: Incineroar|1
|-damage|p2b: Incineroar|13/100
|move|p2a: HEATWAVES|Heat Wave|p1b: Merry Berry|[spread] p1a,p1b
|-resisted|p1a: Bartholomews|1
|-resisted|p1b: Merry Berry|1
|-damage|p1a: Bartholomews|49/100
|-damage|p1b: Merry Berry|43/100
|-enditem|p1b: Merry Berry|Sitrus Berry|[eat]
|-heal|p1b: Merry Berry|68/100|[from] item: Sitrus Berry
|move|p1a: Bartholomews|Snarl|p2b: Incineroar|[spread] p2a,p2b
|-resisted|p2b: Incineroar|1
|-damage|p2a: HEATWAVES|26/100
|-damage|p2b: Incineroar|6/100
|-unboost|p2a: HEATWAVES|spa|1
|-unboost|p2b: Incineroar|spa|1
|
|-weather|SunnyDay|[upkeep]
|upkeep
|turn|8
|
|t:|1785661798
|move|p1b: Merry Berry|Darkest Lariat|p2b: Incineroar
|-resisted|p2b: Incineroar|1
|-damage|p2b: Incineroar|0 fnt
|faint|p2b: Incineroar
|move|p2a: HEATWAVES|Weather Ball|p1a: Bartholomews
|-resisted|p1a: Bartholomews|1
|-damage|p1a: Bartholomews|22/100
|move|p1a: Bartholomews|Snarl|p2a: HEATWAVES
|-damage|p2a: HEATWAVES|5/100
|-unboost|p2a: HEATWAVES|spa|1
|
|-weather|SunnyDay|[upkeep]
|-fieldend|move: Trick Room
|upkeep
|
|t:|1785661801
|switch|p2b: Venusaur|Venusaur, L50, F, shiny|28/100
|turn|9
|inactive|AtrixMJ has 30 seconds left.
|inactive|AtrixMJ has 20 seconds left.
|inactive|AtrixMJ has 15 seconds left.
|
|t:|1785661841
|move|p2a: HEATWAVES|Protect|p2a: HEATWAVES
|-singleturn|p2a: HEATWAVES|Protect
|move|p2b: Venusaur|Sleep Powder|p1b: Merry Berry
|-status|p1b: Merry Berry|slp|[from] move: Sleep Powder
|move|p1a: Bartholomews|Snarl|p2b: Venusaur|[spread] 
|-activate|p2a: HEATWAVES|move: Protect
|-miss|p1a: Bartholomews|p2b: Venusaur
|cant|p1b: Merry Berry|slp
|
|-weather|SunnyDay|[upkeep]
|upkeep
|turn|10
|
|t:|1785661866
|switch|p1a: Poison Foison|Sneasler, L50, M|100/100
|move|p2b: Venusaur|Sludge Bomb|p1a: Poison Foison
|-resisted|p1a: Poison Foison|1
|-damage|p1a: Poison Foison|64/100
|-damage|p2b: Venusaur|19/100|[from] item: Life Orb
|move|p2a: HEATWAVES|Weather Ball|p1b: Merry Berry
|-resisted|p1b: Merry Berry|1
|-damage|p1b: Merry Berry|52/100 slp
|cant|p1b: Merry Berry|slp
|
|-weather|none
|upkeep
|turn|11
|
|t:|1785661885
|switch|p2a: OVERTAKEN|Farigiraf, L50, M, shiny|51/100
|move|p2b: Venusaur|Protect|p2b: Venusaur
|-singleturn|p2b: Venusaur|Protect
|move|p1a: Poison Foison|Poison Jab|p2b: Venusaur
|-activate|p2b: Venusaur|move: Protect
|-curestatus|p1b: Merry Berry|slp|[msg]
|move|p1b: Merry Berry|Parting Shot|p2a: OVERTAKEN
|-unboost|p2a: OVERTAKEN|atk|1
|-unboost|p2a: OVERTAKEN|spa|1
|
|t:|1785661892
|switch|p1b: Bartholomews|Hydreigon, L50, M, shiny|22/100|[from] Parting Shot
|
|upkeep
|turn|12
|
|t:|1785661911
|switch|p2a: HEATWAVES|Charizard-Mega-Y, L50, F, shiny|5/100
|-weather|SunnyDay|[from] ability: Drought|[of] p2a: HEATWAVES
|move|p2b: Venusaur|Sludge Bomb|p1b: Bartholomews
|-damage|p1b: Bartholomews|0 fnt
|faint|p1b: Bartholomews
|-damage|p2b: Venusaur|9/100|[from] item: Life Orb
|move|p1a: Poison Foison|Poison Jab|p2b: Venusaur
|-damage|p2b: Venusaur|0 fnt
|faint|p2b: Venusaur
|
|-weather|SunnyDay|[upkeep]
|upkeep
|
|t:|1785661918
|switch|p1b: Merry Berry|Incineroar, L50, F, shiny|52/100
|switch|p2b: OVERTAKEN|Farigiraf, L50, M, shiny|51/100
|-ability|p1b: Merry Berry|Intimidate|boost
|-unboost|p2a: HEATWAVES|atk|1
|-unboost|p2b: OVERTAKEN|atk|1
|turn|13
|
|t:|1785661937
|move|p2a: HEATWAVES|Protect|p2a: HEATWAVES
|-singleturn|p2a: HEATWAVES|Protect
|move|p1a: Poison Foison|Close Combat|p2b: OVERTAKEN
|-damage|p2b: OVERTAKEN|0 fnt
|-unboost|p1a: Poison Foison|def|1
|-unboost|p1a: Poison Foison|spd|1
|faint|p2b: OVERTAKEN
|move|p1b: Merry Berry|Darkest Lariat|p2a: HEATWAVES
|-activate|p2a: HEATWAVES|move: Protect
|
|-weather|SunnyDay|[upkeep]
|upkeep
|turn|14
|
|t:|1785661945
|move|p1a: Poison Foison|Close Combat|p2a: HEATWAVES
|-resisted|p2a: HEATWAVES|1
|-damage|p2a: HEATWAVES|0 fnt
|-unboost|p1a: Poison Foison|def|1
|-unboost|p1a: Poison Foison|spd|1
|faint|p2a: HEATWAVES
|
|win|efwefwefwefweifier
||AtrixMJ is ready for game 3.
||efwefwefwefweifier is ready for game 3.
|uhtml|next|Next: Game 3 of 3
|l|☆AtrixMJ
|player|p2|
