|j|☆CrystalGem02
|j|☆meekmatt
|html|CrystalGem02meekmatt    
|uhtml|bestof|Game 2 of a best-of-3
|t:|1756234562
|gametype|doubles
|player|p1|CrystalGem02|valerie|1192
|player|p2|meekmatt|170|1179
|gen|9
|tier|[Gen 9] VGC 2025 Reg H (Bo3)
|rated|
|rule|Species Clause: Limit one of each Pokémon
|rule|Item Clause: Limit 1 of each item
|clearpoke
|poke|p1|Rillaboom, L50, M|
|poke|p1|Electabuzz, L50, M|
|poke|p1|Archaludon, L50, M|
|poke|p1|Kingambit, L50, F|
|poke|p1|Pelipper, L50, F|
|poke|p1|Basculegion, L50, M|
|poke|p2|Whimsicott, L50, F|
|poke|p2|Annihilape, L50, F|
|poke|p2|Typhlosion-Hisui, L50, M|
|poke|p2|Incineroar, L50, F|
|poke|p2|Gholdengo, L50|
|poke|p2|Ninetales, L50, F|
|teampreview|4
|showteam|p1|Rillaboom||LoadedDice|GrassySurge|BulletSeed,GrassyGlide,HighHorsepower,FakeOut|||M|||50|,,,,,Fire]Electabuzz||Eviolite|VitalSpirit|Electroweb,Taunt,FollowMe,Protect|||M|||50|,,,,,Ghost]Archaludon||AssaultVest|Stamina|ElectroShot,DracoMeteor,FlashCannon,BodyPress|||M|||50|,,,,,Fairy]Kingambit||BlackGlasses|Defiant|KowtowCleave,SuckerPunch,SwordsDance,Protect|||F|||50|,,,,,Dark]Pelipper||FocusSash|Drizzle|WeatherBall,Hurricane,Tailwind,Protect|||F|||50|,,,,,Ghost]Basculegion||ChoiceBand|SwiftSwim|WaveCrash,FlipTurn,AquaJet,LastRespects|||M|||50|,,,,,Grass
|showteam|p2|Whimsicott||CovertCloak|Prankster|Moonblast,Tailwind,Taunt,SunnyDay|||F|||50|,,,,,Fairy]Annihilape||FocusSash|Defiant|FinalGambit,CloseCombat,RageFist,Protect|||F|||50|,,,,,Grass]Typhlosion-Hisui||ChoiceSpecs|Blaze|Eruption,HeatWave,ShadowBall,Overheat|||M|||50|,,,,,Fire]Incineroar||SafetyGoggles|Intimidate|FakeOut,HelpingHand,KnockOff,FlareBlitz|||F|||50|,,,,,Ghost]Gholdengo||LifeOrb|GoodasGold|MakeItRain,Protect,ShadowBall,DazzlingGleam||||||50|,,,,,Fairy]Ninetales||ChoiceScarf|Drought|HelpingHand,Roar,HeatWave,Overheat|||F|||50|,,,,,Fire
|inactive|Battle timer is ON: inactive players will automatically lose when time's up. (requested by CrystalGem02)
|inactive|CrystalGem02 has 60 seconds left.
|inactive|meekmatt has 60 seconds left.
|
|t:|1756234620
|teamsize|p1|4
|teamsize|p2|4
|start
|switch|p1a: Basculegion|Basculegion, L50, M|100/100
|switch|p1b: Archaludon|Archaludon, L50, M|100/100
|switch|p2a: Hot Dog|Typhlosion-Hisui, L50, M|100/100
|switch|p2b: Monkey|Annihilape, L50, F|100/100
|turn|1
|inactive|CrystalGem02 has 30 seconds left.
|inactive|meekmatt has 30 seconds left.
|
|t:|1756234665
|switch|p2a: Black Hole Sun|Ninetales, L50, F|100/100
|-weather|SunnyDay|[from] ability: Drought|[of] p2a: Black Hole Sun
|switch|p1b: Pelipper|Pelipper, L50, F|100/100
|-weather|RainDance|[from] ability: Drizzle|[of] p1b: Pelipper
|move|p1a: Basculegion|Flip Turn|p2a: Black Hole Sun
|-supereffective|p2a: Black Hole Sun
|-damage|p2a: Black Hole Sun|0 fnt
|faint|p2a: Black Hole Sun
|
|t:|1756234676
|switch|p1a: Archaludon|Archaludon, L50, M|100/100|[from] Flip Turn
|move|p2b: Monkey|Rage Fist|p1a: Archaludon
|-damage|p1a: Archaludon|82/100
|-ability|p1a: Archaludon|Stamina|boost
|-boost|p1a: Archaludon|def|1
|
|-weather|RainDance|[upkeep]
|upkeep
|
|t:|1756234681
|switch|p2a: Golden Gun|Gholdengo, L50|100/100
|turn|2
|
|t:|1756234694
|-terastallize|p2a: Golden Gun|Fairy
|move|p2b: Monkey|Close Combat|p1a: Archaludon
|-supereffective|p1a: Archaludon
|-damage|p1a: Archaludon|19/100
|-unboost|p2b: Monkey|def|1
|-unboost|p2b: Monkey|spd|1
|-ability|p1a: Archaludon|Stamina|boost
|-boost|p1a: Archaludon|def|1
|move|p2a: Golden Gun|Dazzling Gleam|p1a: Archaludon|[spread] p1a,p1b
|-damage|p1a: Archaludon|0 fnt
|-damage|p1b: Pelipper|29/100
|faint|p1a: Archaludon
|-damage|p2a: Golden Gun|91/100|[from] item: Life Orb
|move|p1b: Pelipper|Tailwind|p1b: Pelipper
|-sidestart|p1: CrystalGem02|move: Tailwind
|
|-weather|RainDance|[upkeep]
|upkeep
|
|t:|1756234704
|switch|p1a: Basculegion|Basculegion, L50, M|100/100
|turn|3
|
|t:|1756234719
|-terastallize|p1a: Basculegion|Grass
|move|p1b: Pelipper|Protect|p1b: Pelipper
|-singleturn|p1b: Pelipper|Protect
|move|p2a: Golden Gun|Protect|p2a: Golden Gun
|-singleturn|p2a: Golden Gun|Protect
|move|p1a: Basculegion|Wave Crash|p2a: Golden Gun
|-activate|p2a: Golden Gun|move: Protect
|move|p2b: Monkey|Rage Fist|p1a: Basculegion
|-damage|p1a: Basculegion|68/100
|
|-weather|RainDance|[upkeep]
|upkeep
|turn|4
|
|t:|1756234744
|switch|p2a: Hot Dog|Typhlosion-Hisui, L50, M|100/100
|move|p1a: Basculegion|Wave Crash|p2a: Hot Dog
|-supereffective|p2a: Hot Dog
|-damage|p2a: Hot Dog|0 fnt
|faint|p2a: Hot Dog
|-damage|p1a: Basculegion|43/100|[from] Recoil
|move|p1b: Pelipper|Hurricane|p2b: Monkey
|-supereffective|p2b: Monkey
|-enditem|p2b: Monkey|Focus Sash
|-damage|p2b: Monkey|1/100
|move|p2b: Monkey|Rage Fist|p1b: Pelipper
|-damage|p1b: Pelipper|0 fnt
|faint|p1b: Pelipper
|
|-weather|RainDance|[upkeep]
|upkeep
|
|t:|1756234759
|switch|p2a: Golden Gun|Gholdengo, L50, tera:Fairy|91/100
|switch|p1b: Kingambit|Kingambit, L50, F|100/100
|turn|5
|
|t:|1756234774
|move|p2b: Monkey|Protect|p2b: Monkey
|-singleturn|p2b: Monkey|Protect
|move|p1a: Basculegion|Wave Crash|p2a: Golden Gun
|-damage|p2a: Golden Gun|0 fnt
|faint|p2a: Golden Gun
|-damage|p1a: Basculegion|18/100|[from] Recoil
|move|p1b: Kingambit|Swords Dance|p1b: Kingambit
|-boost|p1b: Kingambit|atk|2
|
|-weather|none
|-sideend|p1: CrystalGem02|move: Tailwind
|upkeep
|turn|6
|
|t:|1756234789
|move|p1b: Kingambit|Sucker Punch|p2b: Monkey
|-damage|p2b: Monkey|0 fnt
|faint|p2b: Monkey
|
|win|CrystalGem02
|raw|CrystalGem02's rating: 1192 → 1216(+24 for winning)
|raw|meekmatt's rating: 1179 → 1155(-24 for losing)
