|j|☆LotadLover
|j|☆MasamuneTL
|html|LotadLoverMasamuneTL    
|uhtml|bestof|Game 3 of a best-of-3
|t:|1785980102
|gametype|doubles
|player|p1|LotadLover|fisherman-gen4|
|player|p2|MasamuneTL|170|
|gen|9
|tier|[Gen 9 Champions] VGC 2026 Reg M-B (Bo3)
|rule|Species Clause: Limit one of each Pokémon
|rule|Item Clause: Limit 1 of each item
|clearpoke
|poke|p1|Orthworm, L50, M|
|poke|p1|Blaziken, L50, M, shiny|
|poke|p1|Krookodile, L50, F|
|poke|p1|Rotom-Wash, L50|
|poke|p1|Hydrapple, L50, M|
|poke|p1|Talonflame, L50, F|
|poke|p2|Excadrill, L50, M|
|poke|p2|Sinistcha-Masterpiece, L50|
|poke|p2|Mawile, L50, M, shiny|
|poke|p2|Starmie, L50|
|poke|p2|Tyranitar, L50, F|
|poke|p2|Sableye, L50, F|
|teampreview|4
|showteam|p1|Orthworm||SitrusBerry|EarthEater|ShedTail,Earthquake,HelpingHand,BodyPress|Impish||M|||50|]Blaziken||Blazikenite|SpeedBoost|Protect,SwordsDance,BrickBreak,FlareBlitz|Adamant||M|||50|]Krookodile||WhiteHerb|Intimidate|Protect,KnockOff,Taunt,HighHorsepower|Adamant||F|||50|]Rotom-Wash||LightClay|Levitate|Reflect,VoltSwitch,LightScreen,HelpingHand|Bold|||||50|]Hydrapple||QuickClaw|Regenerator|GigaDrain,NastyPlot,EarthPower,Protect|Modest||M|||50|]Talonflame||ChartiBerry|GaleWings|Tailwind,WillOWisp,Uturn,SunnyDay|Impish||F|||50|
|showteam|p2|Excadrill||FocusSash|SandRush|XScissor,HighHorsepower,RockSlide,Protect|Adamant||M|||50|]Sinistcha-Masterpiece||Leftovers|Hospitality|MatchaGotcha,Scald,TrickRoom,RagePowder|Quiet|||||50|]Mawile||Mawilite|Intimidate|PlayRough,SuckerPunch,Protect,ThunderPunch|Adamant||M|||50|]Starmie||WacanBerry|NaturalCure|AllySwitch,TrickRoom,IceBeam,Scald|Modest|||||50|]Tyranitar||ChopleBerry|SandStream|PowerGem,Flamethrower,Protect,IceBeam|Modest||F|||50|]Sableye||SitrusBerry|Prankster|FakeOut,Quash,Encore,Taunt|Impish||F|||50|
|
|t:|1785980144
|teamsize|p1|4
|teamsize|p2|4
|start
|switch|p1a: Orthworm|Orthworm, L50, M|100/100
|switch|p1b: Krookodile|Krookodile, L50, F|100/100
|switch|p2a: Tyranitar|Tyranitar, L50, F|100/100
|switch|p2b: Starmie|Starmie, L50|100/100
|-ability|p1b: Krookodile|Intimidate|boost
|-unboost|p2a: Tyranitar|atk|1
|-unboost|p2b: Starmie|atk|1
|-weather|Sandstorm|[from] ability: Sand Stream|[of] p2a: Tyranitar
|turn|1
|
|t:|1785980175
|switch|p1a: Rotom|Rotom-Wash, L50|100/100
|move|p2b: Starmie|Ally Switch|p2b: Starmie
|swap|p2b: Starmie|0|[from] move: Ally Switch
|move|p1b: Krookodile|Knock Off|p2b: Tyranitar
|-resisted|p2b: Tyranitar|1
|-damage|p2b: Tyranitar|80/100
|-enditem|p2b: Tyranitar|Chople Berry|[from] move: Knock Off|[of] p1b: Krookodile
|move|p2b: Tyranitar|Ice Beam|p1b: Krookodile
|-supereffective|p1b: Krookodile|1
|-damage|p1b: Krookodile|34/100
|
|-weather|Sandstorm|[upkeep]
|-damage|p2a: Starmie|94/100|[from] Sandstorm
|-damage|p1a: Rotom|94/100|[from] Sandstorm
|upkeep
|turn|2
|
|t:|1785980215
|switch|p2a: Sinistcha|Sinistcha-Masterpiece, L50|100/100
|-heal|p2b: Tyranitar|100/100|[from] ability: Hospitality|[of] p2a: Sinistcha
|move|p1b: Krookodile|Protect|p1b: Krookodile
|-singleturn|p1b: Krookodile|Protect
|move|p1a: Rotom|Light Screen|p1a: Rotom
|-sidestart|p1: LotadLover|move: Light Screen
|move|p2b: Tyranitar|Ice Beam|p1b: Krookodile
|-activate|p1b: Krookodile|move: Protect
|
|-weather|Sandstorm|[upkeep]
|-damage|p1a: Rotom|88/100|[from] Sandstorm
|-damage|p2a: Sinistcha|93/100|[from] Sandstorm
|-heal|p2a: Sinistcha|100/100|[from] item: Leftovers
|upkeep
|turn|3
|
|t:|1785980244
|switch|p1b: Orthworm|Orthworm, L50, M|100/100
|move|p1a: Rotom|Reflect|p1a: Rotom
|-sidestart|p1: LotadLover|Reflect
|move|p2b: Tyranitar|Power Gem|p1a: Rotom
|-damage|p1a: Rotom|64/100
|move|p2a: Sinistcha|Matcha Gotcha|p1b: Orthworm|[spread] p1a,p1b
|-supereffective|p1a: Rotom|1
|-resisted|p1b: Orthworm|1
|-damage|p1a: Rotom|26/100
|-damage|p1b: Orthworm|84/100
|-status|p1b: Orthworm|brn
|
|-weather|Sandstorm|[upkeep]
|-damage|p1a: Rotom|20/100y|[from] Sandstorm
|-damage|p2a: Sinistcha|93/100|[from] Sandstorm
|-heal|p2a: Sinistcha|100/100|[from] item: Leftovers
|-damage|p1b: Orthworm|77/100 brn|[from] brn
|upkeep
|turn|4
|
|t:|1785980272
|move|p2a: Sinistcha|Rage Powder|p2a: Sinistcha
|-singleturn|p2a: Sinistcha|move: Rage Powder
|move|p1a: Rotom|Volt Switch|p2a: Sinistcha
|-resisted|p2a: Sinistcha|1
|-damage|p2a: Sinistcha|86/100
|
|t:|1785980280
|switch|p1a: Hydrapple|Hydrapple, L50, M|100/100|[from] Volt Switch
|move|p2b: Tyranitar|Flamethrower|p1b: Orthworm
|-supereffective|p1b: Orthworm|1
|-damage|p1b: Orthworm|23/100 brn
|-enditem|p1b: Orthworm|Sitrus Berry|[eat]
|-heal|p1b: Orthworm|48/100 brn|[from] item: Sitrus Berry
|move|p1b: Orthworm|Body Press|p2a: Sinistcha
|-immune|p2a: Sinistcha
|
|-weather|Sandstorm|[upkeep]
|-damage|p2a: Sinistcha|80/100|[from] Sandstorm
|-damage|p1a: Hydrapple|93/100|[from] Sandstorm
|-heal|p2a: Sinistcha|86/100|[from] item: Leftovers
|-damage|p1b: Orthworm|41/100 brn|[from] brn
|upkeep
|turn|5
|
|t:|1785980317
|move|p2a: Sinistcha|Rage Powder|p2a: Sinistcha
|-singleturn|p2a: Sinistcha|move: Rage Powder
|move|p2b: Tyranitar|Ice Beam|p1a: Hydrapple
|-supereffective|p1a: Hydrapple|2
|-damage|p1a: Hydrapple|27/100
|move|p1b: Orthworm|Earthquake|p2b: Tyranitar|[spread] p1a,p2a,p2b
|-resisted|p1a: Hydrapple|1
|-resisted|p2a: Sinistcha|1
|-supereffective|p2b: Tyranitar|1
|-damage|p1a: Hydrapple|25/100
|-damage|p2a: Sinistcha|83/100
|-damage|p2b: Tyranitar|87/100
|move|p1a: Hydrapple|Nasty Plot|p1a: Hydrapple
|-boost|p1a: Hydrapple|spa|2
|
|-weather|none
|-heal|p2a: Sinistcha|89/100|[from] item: Leftovers
|-damage|p1b: Orthworm|35/100 brn|[from] brn
|upkeep
|turn|6
|
|t:|1785980343
|-heal|p1a: Hydrapple|59/100|[from] ability: Regenerator|[silent]
|switch|p1a: Rotom|Rotom-Wash, L50|20/100y
|move|p2b: Tyranitar|Ice Beam|p1a: Rotom
|-resisted|p1a: Rotom|1
|-damage|p1a: Rotom|10/100
|move|p1b: Orthworm|Earthquake|p2b: Tyranitar|[spread] p2a,p2b
|-immune|p1a: Rotom|[from] ability: Levitate
|-resisted|p2a: Sinistcha|1
|-crit|p2a: Sinistcha
|-supereffective|p2b: Tyranitar|1
|-damage|p2a: Sinistcha|85/100
|-damage|p2b: Tyranitar|76/100
|move|p2a: Sinistcha|Scald|p1b: Orthworm
|-damage|p1b: Orthworm|10/100 brn
|
|-heal|p2a: Sinistcha|91/100|[from] item: Leftovers
|-damage|p1b: Orthworm|3/100 brn|[from] brn
|upkeep
|turn|7
|
|t:|1785980408
|move|p2b: Tyranitar|Protect|p2b: Tyranitar
|-singleturn|p2b: Tyranitar|Protect
|move|p1a: Rotom|Volt Switch|p2a: Sinistcha
|-resisted|p2a: Sinistcha|1
|-damage|p2a: Sinistcha|78/100
|
|t:|1785980416
|switch|p1a: Hydrapple|Hydrapple, L50, M|59/100|[from] Volt Switch
|move|p1b: Orthworm|Body Press|p2b: Tyranitar
|-activate|p2b: Tyranitar|move: Protect
|move|p2a: Sinistcha|Matcha Gotcha|p1a: Hydrapple|[spread] p1a,p1b
|-resisted|p1a: Hydrapple|2
|-resisted|p1b: Orthworm|1
|-crit|p1b: Orthworm
|-damage|p1a: Hydrapple|54/100
|-heal|p2a: Sinistcha|80/100|[from] drain|[of] p1a: Hydrapple
|-damage|p1b: Orthworm|0 fnt
|-heal|p2a: Sinistcha|83/100|[from] drain|[of] p1b: Orthworm
|faint|p1b: Orthworm
|
|-heal|p2a: Sinistcha|89/100|[from] item: Leftovers
|upkeep
|
|t:|1785980437
|switch|p1b: Krookodile|Krookodile, L50, F|34/100
|-ability|p1b: Krookodile|Intimidate|boost
|-unboost|p2a: Sinistcha|atk|1
|-unboost|p2b: Tyranitar|atk|1
|turn|8
|
|t:|1785980456
|move|p2a: Sinistcha|Rage Powder|p2a: Sinistcha
|-singleturn|p2a: Sinistcha|move: Rage Powder
|move|p1b: Krookodile|Knock Off|p2a: Sinistcha
|-supereffective|p2a: Sinistcha|1
|-damage|p2a: Sinistcha|1/100
|-enditem|p2a: Sinistcha|Leftovers|[from] move: Knock Off|[of] p1b: Krookodile
|move|p2b: Tyranitar|Ice Beam|p1a: Hydrapple
|-supereffective|p1a: Hydrapple|2
|-damage|p1a: Hydrapple|0 fnt
|faint|p1a: Hydrapple
|
|upkeep
|
|t:|1785980465
|switch|p1a: Rotom|Rotom-Wash, L50|10/100
|turn|9
|
|t:|1785980480
|move|p1b: Krookodile|Protect|p1b: Krookodile
|-singleturn|p1b: Krookodile|Protect
|move|p2a: Sinistcha|Rage Powder|p2a: Sinistcha
|-singleturn|p2a: Sinistcha|move: Rage Powder
|move|p1a: Rotom|Volt Switch|p2a: Sinistcha
|-resisted|p2a: Sinistcha|1
|-damage|p2a: Sinistcha|0 fnt
|faint|p2a: Sinistcha
|move|p2b: Tyranitar|Ice Beam|p1b: Krookodile
|-activate|p1b: Krookodile|move: Protect
|
|-sideend|p1: LotadLover|move: Light Screen
|upkeep
|
|t:|1785980483
|switch|p2a: Starmie|Starmie, L50|94/100
|turn|10
|
|t:|1785980505
|move|p2a: Starmie|Ally Switch|p2a: Starmie
|swap|p2a: Starmie|1|[from] move: Ally Switch
|move|p1b: Krookodile|High Horsepower|p2b: Starmie
|-damage|p2b: Starmie|31/100
|move|p1a: Rotom|Light Screen|p1a: Rotom
|-sidestart|p1: LotadLover|move: Light Screen
|move|p2a: Tyranitar|Ice Beam|p1b: Krookodile
|-supereffective|p1b: Krookodile|1
|-damage|p1b: Krookodile|0 fnt
|faint|p1b: Krookodile
|
|-sideend|p1: LotadLover|Reflect
|upkeep
|turn|11
|
|t:|1785980520
|move|p2b: Starmie|Scald|p1a: Rotom
|-resisted|p1a: Rotom|1
|-damage|p1a: Rotom|0 fnt
|faint|p1a: Rotom
|
|win|MasamuneTL
