|j|☆FunkleVGC
|j|☆TheNo0dles
|html|FunkleVGCTheNo0dles    
|uhtml|bestof|Game 1 of a best-of-3
|t:|1782258076
|gametype|doubles
|player|p1|FunkleVGC|fisherman-gen4|1203
|player|p2|TheNo0dles|nate|1040
|gen|9
|tier|[Gen 9 Champions] VGC 2026 Reg M-B (Bo3)
|rated|
|rule|Species Clause: Limit one of each Pokémon
|rule|Item Clause: Limit 1 of each item
|clearpoke
|poke|p1|Mawile, L50, F|
|poke|p1|Farigiraf, L50, M|
|poke|p1|Pelipper, L50, M|
|poke|p1|Archaludon, L50, M|
|poke|p1|Basculegion, L50, M|
|poke|p1|Maushold-Four, L50|
|poke|p2|Samurott, L50, M, shiny|
|poke|p2|Dragonite, L50, M|
|poke|p2|Meowstic, L50, M|
|poke|p2|Lucario, L50, F, shiny|
|poke|p2|Ninetales-Alola, L50, F|
|poke|p2|Archaludon, L50, M|
|teampreview|4
|showteam|p1|Mawile||Mawilite|HyperCutter|IronHead,PlayRough,SuckerPunch,Protect|Adamant||F|||50|]Farigiraf||SitrusBerry|ArmorTail|Psychic,HelpingHand,TrickRoom,Protect|Bold||M|||50|]Pelipper||LifeOrb|Drizzle|WeatherBall,Hurricane,Tailwind,Protect|Modest||M|||50|]Archaludon||Leftovers|Stamina|ElectroShot,FlashCannon,DragonPulse,Protect|Modest||M|||50|]Basculegion||ChoiceScarf|Adaptability|WaveCrash,LastRespects,FlipTurn,AquaJet|Jolly||M|||50|]Maushold-Four||FocusSash|FriendGuard|SuperFang,FollowMe,Encore,Protect|Jolly|||||50|
|showteam|p2|Samurott||SitrusBerry|ShellArmor|HydroPump,IceBeam,Taunt,VacuumWave|Mild||M|||50|]Dragonite||RoseliBerry|Multiscale|ExtremeSpeed,DragonClaw,Tailwind,Protect|Jolly||M|||50|]Meowstic||FocusSash|Prankster|RainDance,FakeOut,TrickRoom,LightScreen|Timid||M|||50|]Lucario||Lucarionite|InnerFocus|BulletPunch,CloseCombat,MeteorMash,Protect|Adamant||F|||50|]Ninetales-Alola||KebiaBerry|SnowWarning|Blizzard,AuroraVeil,Moonblast,Protect|Bold||F|||50|]Archaludon||ChoiceScarf|Sturdy|Thunderbolt,DracoMeteor,FlashCannon,AuraSphere|Timid||M|||50|
|
|t:|1782258136
|teamsize|p1|4
|teamsize|p2|4
|start
|switch|p1a: Pelipper|Pelipper, L50, M|100/100
|switch|p1b: Mawile|Mawile, L50, F|100/100
|switch|p2a: Meowstic|Meowstic, L50, M|100/100
|switch|p2b: Lucario|Lucario, L50, F, shiny|100/100
|-weather|RainDance|[from] ability: Drizzle|[of] p1a: Pelipper
|turn|1
|inactive|Battle timer is ON: inactive players will automatically lose when time's up. (requested by FunkleVGC)
|
|t:|1782258194
|detailschange|p2b: Lucario|Lucario-Mega, L50, F, shiny
|-mega|p2b: Lucario|Lucario|Lucarionite
|detailschange|p1b: Mawile|Mawile-Mega, L50, F
|-mega|p1b: Mawile|Mawile|Mawilite
|move|p1b: Mawile|Protect|p1b: Mawile
|-singleturn|p1b: Mawile|Protect
|move|p2a: Meowstic|Fake Out|p1a: Pelipper
|-damage|p1a: Pelipper|94/100
|move|p2b: Lucario|Close Combat|p1b: Mawile
|-activate|p1b: Mawile|move: Protect
|cant|p1a: Pelipper|flinch
|
|-weather|RainDance|[upkeep]
|upkeep
|turn|2
|inactive|TheNo0dles has 30 seconds left.
|
|t:|1782258229
|switch|p1b: Basculegion|Basculegion, L50, M|100/100
|move|p2a: Meowstic|Light Screen|p2a: Meowstic
|-sidestart|p2: TheNo0dles|move: Light Screen
|move|p2b: Lucario|Close Combat|p1b: Basculegion
|-immune|p1b: Basculegion
|move|p1a: Pelipper|Tailwind|p1a: Pelipper
|-sidestart|p1: FunkleVGC|move: Tailwind
|
|-weather|RainDance|[upkeep]
|upkeep
|turn|3
|
|t:|1782258246
|move|p2b: Lucario|Protect|p2b: Lucario
|-singleturn|p2b: Lucario|Protect
|move|p1b: Basculegion|Flip Turn|p2a: Meowstic
|-damage|p2a: Meowstic|25/100
|
|t:|1782258260
|switch|p1b: Mawile|Mawile-Mega, L50, F|100/100|[from] Flip Turn
|move|p1a: Pelipper|Weather Ball|p2b: Lucario
|-activate|p2b: Lucario|move: Protect
|move|p2a: Meowstic|Trick Room|p2a: Meowstic
|-fieldstart|move: Trick Room|[of] p2a: Meowstic
|
|-weather|RainDance|[upkeep]
|upkeep
|turn|4
|
|t:|1782258281
|switch|p2a: Ninetales|Ninetales-Alola, L50, F|100/100
|-weather|Snowscape|[from] ability: Snow Warning|[of] p2a: Ninetales
|move|p1b: Mawile|Play Rough|p2b: Lucario
|-damage|p2b: Lucario|0 fnt
|faint|p2b: Lucario
|move|p1a: Pelipper|Weather Ball|p2a: Ninetales
|-resisted|p2a: Ninetales|1
|-damage|p2a: Ninetales|90/100
|-damage|p1a: Pelipper|85/100|[from] item: Life Orb
|
|-weather|Snowscape|[upkeep]
|upkeep
|
|t:|1782258293
|switch|p2b: Samurott|Samurott, L50, M, shiny|100/100
|turn|5
|inactive|TheNo0dles has 30 seconds left.
|
|t:|1782258324
|move|p1b: Mawile|Protect|p1b: Mawile
|-singleturn|p1b: Mawile|Protect
|move|p1a: Pelipper|Protect|p1a: Pelipper
|-singleturn|p1a: Pelipper|Protect
|move|p2b: Samurott|Hydro Pump|p1b: Mawile
|-activate|p1b: Mawile|move: Protect
|move|p2a: Ninetales|Blizzard|p1a: Pelipper|[spread] 
|-activate|p1a: Pelipper|move: Protect
|-activate|p1b: Mawile|move: Protect
|
|-weather|Snowscape|[upkeep]
|-sideend|p1: FunkleVGC|move: Tailwind
|upkeep
|turn|6
|
|t:|1782258343
|switch|p1a: Maushold|Maushold-Four, L50|100/100
|move|p2a: Ninetales|Protect|p2a: Ninetales
|-singleturn|p2a: Ninetales|Protect
|move|p1b: Mawile|Iron Head|p2a: Ninetales
|-activate|p2a: Ninetales|move: Protect
|move|p2b: Samurott|Hydro Pump|p1b: Mawile
|-damage|p1b: Mawile|62/100
|
|-weather|Snowscape|[upkeep]
|-sideend|p2: TheNo0dles|move: Light Screen
|upkeep
|turn|7
|inactive|FunkleVGC has 30 seconds left.
|inactive|TheNo0dles has 30 seconds left.
|inactive|TheNo0dles has 20 seconds left.
|
|t:|1782258380
|switch|p2a: Meowstic|Meowstic, L50, M|25/100
|move|p1b: Mawile|Iron Head|p2a: Meowstic
|-damage|p2a: Meowstic|0 fnt
|faint|p2a: Meowstic
|move|p2b: Samurott|Hydro Pump|p1b: Mawile
|-damage|p1b: Mawile|19/100
|move|p1a: Maushold|Super Fang|p2b: Samurott
|-damage|p2b: Samurott|50/100y
|-enditem|p2b: Samurott|Sitrus Berry|[eat]
|-heal|p2b: Samurott|74/100|[from] item: Sitrus Berry
|
|-weather|Snowscape|[upkeep]
|-fieldend|move: Trick Room
|upkeep
|
|t:|1782258392
|switch|p2a: Ninetales|Ninetales-Alola, L50, F|90/100
|turn|8
|inactive|TheNo0dles has 30 seconds left.
|
|t:|1782258417
|switch|p1b: Pelipper|Pelipper, L50, M|85/100
|-weather|RainDance|[from] ability: Drizzle|[of] p1b: Pelipper
|move|p1a: Maushold|Super Fang|p2b: Samurott
|-damage|p2b: Samurott|37/100
|move|p2a: Ninetales|Moonblast|p1b: Pelipper
|-damage|p1b: Pelipper|62/100
|move|p2b: Samurott|Hydro Pump|p1a: Maushold
|-damage|p1a: Maushold|16/100
|
|-weather|RainDance|[upkeep]
|upkeep
|turn|9
|
|t:|1782258437
|move|p2b: Samurott|Vacuum Wave|p1a: Maushold
|-supereffective|p1a: Maushold|1
|-damage|p1a: Maushold|0 fnt
|faint|p1a: Maushold
|move|p2a: Ninetales|Moonblast|p1b: Pelipper
|-damage|p1b: Pelipper|33/100
|move|p1b: Pelipper|Weather Ball|p2a: Ninetales
|-damage|p2a: Ninetales|18/100
|-damage|p1b: Pelipper|23/100|[from] item: Life Orb
|
|-weather|RainDance|[upkeep]
|upkeep
|
|t:|1782258449
|switch|p1a: Mawile|Mawile-Mega, L50, F|19/100
|turn|10
|inactive|TheNo0dles has 30 seconds left.
|inactive|TheNo0dles has 20 seconds left.
|
|t:|1782258487
|switch|p1b: Basculegion|Basculegion, L50, M|100/100
|move|p1a: Mawile|Sucker Punch|p2b: Samurott
|-damage|p2b: Samurott|0 fnt
|faint|p2b: Samurott
|move|p2a: Ninetales|Moonblast|p1b: Basculegion
|-damage|p1b: Basculegion|67/100
|
|-weather|RainDance|[upkeep]
|upkeep
|turn|11
|
|t:|1782258506
|move|p1a: Mawile|Sucker Punch|p2a: Ninetales
|-resisted|p2a: Ninetales|1
|-damage|p2a: Ninetales|0 fnt
|faint|p2a: Ninetales
|
|win|FunkleVGC
