|j|☆JZ21
|j|☆langschlong
|html|JZ21langschlong    
|uhtml|bestof|Game 2 of a best-of-3
|t:|1757624699
|gametype|doubles
|player|p1|JZ21|brendan-rs|
|player|p2|langschlong|steven|
|gen|9
|tier|[Gen 9] VGC 2025 Reg H (Bo3)
|rule|Species Clause: Limit one of each Pokémon
|rule|Item Clause: Limit 1 of each item
|clearpoke
|poke|p1|Ninetales-Alola, L50, F|
|poke|p1|Rillaboom, L50, M|
|poke|p1|Magmar, L50, M|
|poke|p1|Sneasler, L50, F|
|poke|p1|Kingambit, L50, M|
|poke|p1|Basculegion, L50, M|
|poke|p2|Archaludon, L50, M|
|poke|p2|Gholdengo, L50|
|poke|p2|Whimsicott, L50, M|
|poke|p2|Dragonite, L50, M|
|poke|p2|Ursaluna-Bloodmoon, L50, M|
|poke|p2|Incineroar, L50, M|
|teampreview|4
|showteam|p1|Ninetales-Alola||NeverMeltIce|SnowWarning|Blizzard,FreezeDry,Encore,Protect|||F|||50|,,,,,Ghost]Rillaboom||AssaultVest|GrassySurge|WoodHammer,GrassyGlide,Uturn,FakeOut|||M|||50|,,,,,Ghost]Magmar||Eviolite|VitalSpirit|Protect,HeatWave,WillOWisp,FollowMe|||M|||50|,,,,,Ghost]Sneasler||FocusSash|PoisonTouch|FakeOut,DireClaw,CloseCombat,Protect|||F|||50|,,,,,Ghost]Kingambit||BlackGlasses|Defiant|KowtowCleave,SwordsDance,SuckerPunch,Protect|||M|||50|,,,,,Fire]Basculegion||ChoiceScarf|Adaptability|WaveCrash,FlipTurn,TeraBlast,LastRespects|||M|||50|,,,,,Fighting
|showteam|p2|Archaludon||PowerHerb|Stalwart|ElectroShot,Thunderbolt,DragonPulse,Protect|||M|||50|,,,,,Electric]Gholdengo||MetalCoat|GoodasGold|MakeItRain,ShadowBall,NastyPlot,Protect||||||50|,,,,,Steel]Whimsicott||FocusSash|Prankster|Moonblast,FakeTears,Encore,Tailwind|||M|||50|,,,,,Ghost]Dragonite||LoadedDice|InnerFocus|ScaleShot,ExtremeSpeed,IceSpinner,Protect|||M|||50|,,,,,Steel]Ursaluna-Bloodmoon||AssaultVest|MindsEye|BloodMoon,HyperVoice,EarthPower,VacuumWave|||M|||50|,,,,,Water]Incineroar||MirrorHerb|Intimidate|FakeOut,FlareBlitz,KnockOff,PartingShot|||M|||50|,,,,,Grass
|
|t:|1757624825
|teamsize|p1|4
|teamsize|p2|4
|start
|switch|p1a: Monke|Rillaboom, L50, M|100/100
|switch|p1b: Ninetales|Ninetales-Alola, L50, F, shiny|100/100
|switch|p2a: tomato town|Incineroar, L50, M, shiny|100/100
|switch|p2b: moisty mire|Ursaluna-Bloodmoon, L50, M|100/100
|-weather|Snowscape|[from] ability: Snow Warning|[of] p1b: Ninetales
|-fieldstart|move: Grassy Terrain|[from] ability: Grassy Surge|[of] p1a: Monke
|-ability|p2a: tomato town|Intimidate|boost
|-unboost|p1a: Monke|atk|1
|-unboost|p1b: Ninetales|atk|1
|turn|1
|
|t:|1757624876
|switch|p2a: tilted towers|Whimsicott, L50, M, shiny|100/100
|move|p1b: Ninetales|Protect|p1b: Ninetales
|-singleturn|p1b: Ninetales|Protect
|move|p1a: Monke|Fake Out|p2a: tilted towers
|-damage|p2a: tilted towers|87/100
|move|p2b: moisty mire|Blood Moon|p1b: Ninetales
|-activate|p1b: Ninetales|move: Protect
|
|-weather|Snowscape|[upkeep]
|-heal|p2a: tilted towers|93/100|[from] Grassy Terrain
|upkeep
|turn|2
|
|t:|1757624915
|move|p2a: tilted towers|Tailwind|p2a: tilted towers
|-sidestart|p2: langschlong|move: Tailwind
|move|p1b: Ninetales|Freeze-Dry|p2b: moisty mire
|-supereffective|p2b: moisty mire
|-damage|p2b: moisty mire|54/100
|move|p2b: moisty mire|Earth Power|p1a: Monke
|-resisted|p1a: Monke
|-damage|p1a: Monke|84/100
|-unboost|p1a: Monke|spd|1
|move|p1a: Monke|Wood Hammer|p2b: moisty mire
|-supereffective|p2b: moisty mire
|-damage|p2b: moisty mire|0 fnt
|faint|p2b: moisty mire
|-damage|p1a: Monke|65/100|[from] Recoil
|
|-weather|Snowscape|[upkeep]
|-heal|p2a: tilted towers|99/100|[from] Grassy Terrain
|-heal|p1a: Monke|71/100|[from] Grassy Terrain
|upkeep
|
|t:|1757624937
|switch|p2b: tomato town|Incineroar, L50, M, shiny|100/100
|-ability|p2b: tomato town|Intimidate|boost
|-unboost|p1a: Monke|atk|1
|-unboost|p1b: Ninetales|atk|1
|turn|3
|
|t:|1757624995
|switch|p1b: psssssssssst|Magmar, L50, M|100/100
|move|p2a: tilted towers|Encore||[still]
|-fail|p2a: tilted towers
|move|p2b: tomato town|Flare Blitz|p1a: Monke
|-supereffective|p1a: Monke
|-damage|p1a: Monke|0 fnt
|faint|p1a: Monke
|-damage|p2b: tomato town|76/100|[from] Recoil
|
|-weather|Snowscape|[upkeep]
|-heal|p2a: tilted towers|100/100|[from] Grassy Terrain
|-heal|p2b: tomato town|83/100|[from] Grassy Terrain
|upkeep
|
|t:|1757625005
|switch|p1a: Ninetales|Ninetales-Alola, L50, F, shiny|100/100
|turn|4
|
|t:|1757625074
|move|p1b: psssssssssst|Follow Me|p1b: psssssssssst
|-singleturn|p1b: psssssssssst|move: Follow Me
|move|p2a: tilted towers|Moonblast|p1b: psssssssssst
|-resisted|p1b: psssssssssst
|-damage|p1b: psssssssssst|86/100
|move|p2b: tomato town|Knock Off|p1b: psssssssssst
|-damage|p1b: psssssssssst|53/100
|-enditem|p1b: psssssssssst|Eviolite|[from] move: Knock Off|[of] p2b: tomato town
|move|p1a: Ninetales|Blizzard|p2b: tomato town|[spread] p2a,p2b
|-supereffective|p2a: tilted towers
|-resisted|p2b: tomato town
|-enditem|p2a: tilted towers|Focus Sash
|-damage|p2a: tilted towers|1/100
|-damage|p2b: tomato town|66/100
|
|-weather|Snowscape|[upkeep]
|-heal|p2a: tilted towers|7/100|[from] Grassy Terrain
|-heal|p2b: tomato town|72/100|[from] Grassy Terrain
|-heal|p1b: psssssssssst|59/100|[from] Grassy Terrain
|upkeep
|turn|5
|
|t:|1757625150
|switch|p2a: retail row|Archaludon, L50, M|100/100
|move|p1a: Ninetales|Protect|p1a: Ninetales
|-singleturn|p1a: Ninetales|Protect
|move|p2b: tomato town|Parting Shot|p1a: Ninetales
|-activate|p1a: Ninetales|move: Protect
|move|p1b: psssssssssst|Heat Wave|p2a: retail row|[spread] p2a,p2b
|-resisted|p2b: tomato town
|-damage|p2a: retail row|66/100
|-damage|p2b: tomato town|60/100
|
|-weather|none
|-heal|p2a: retail row|72/100|[from] Grassy Terrain
|-heal|p2b: tomato town|66/100|[from] Grassy Terrain
|-heal|p1b: psssssssssst|65/100|[from] Grassy Terrain
|-sideend|p2: langschlong|move: Tailwind
|-fieldend|move: Grassy Terrain
|upkeep
|turn|6
|l|☆langschlong
|player|p2|
|j|☆langschlong
|player|p2|langschlong|steven|
|
|t:|1757625236
|move|p2a: retail row|Protect|p2a: retail row
|-singleturn|p2a: retail row|Protect
|move|p1b: psssssssssst|Follow Me|p1b: psssssssssst
|-singleturn|p1b: psssssssssst|move: Follow Me
|move|p1a: Ninetales|Blizzard|p2a: retail row|[spread] p2b
|-activate|p2a: retail row|move: Protect
|-resisted|p2b: tomato town
|-damage|p2b: tomato town|47/100
|move|p2b: tomato town|Parting Shot|p1b: psssssssssst
|-unboost|p1b: psssssssssst|atk|1
|-unboost|p1b: psssssssssst|spa|1
|
|t:|1757625247
|switch|p2b: tilted towers|Whimsicott, L50, M, shiny|7/100|[from] Parting Shot
|
|upkeep
|turn|7
|
|t:|1757625338
|switch|p1a: ShingShing|Kingambit, L50, M, shiny|100/100
|-terastallize|p2a: retail row|Electric
|move|p2b: tilted towers|Tailwind|p2b: tilted towers
|-sidestart|p2: langschlong|move: Tailwind
|move|p2a: retail row|Electro Shot||[still]
|-prepare|p2a: retail row|Electro Shot
|-boost|p2a: retail row|spa|1
|-enditem|p2a: retail row|Power Herb
|-anim|p2a: retail row|Electro Shot|p1b: psssssssssst
|-damage|p1b: psssssssssst|0 fnt
|faint|p1b: psssssssssst
|
|upkeep
|
|t:|1757625343
|switch|p1b: Ninetales|Ninetales-Alola, L50, F, shiny|100/100
|-weather|Snowscape|[from] ability: Snow Warning|[of] p1b: Ninetales
|turn|8
|inactive|Battle timer is ON: inactive players will automatically lose when time's up. (requested by JZ21)
|
|t:|1757625433
|switch|p2b: tomato town|Incineroar, L50, M, shiny|47/100
|-ability|p2b: tomato town|Intimidate|boost
|-unboost|p1a: ShingShing|atk|1
|-ability|p1a: ShingShing|Defiant|boost
|-boost|p1a: ShingShing|atk|2
|-unboost|p1b: Ninetales|atk|1
|-enditem|p2b: tomato town|Mirror Herb
|-boost|p2b: tomato town|atk|2|[from] item: Mirror Herb
|-terastallize|p1a: ShingShing|Fire
|move|p2a: retail row|Thunderbolt|p1a: ShingShing
|-damage|p1a: ShingShing|26/100
|move|p1b: Ninetales|Blizzard|p2a: retail row|[spread] p2a,p2b
|-resisted|p2b: tomato town
|-damage|p2a: retail row|10/100
|-damage|p2b: tomato town|29/100
|move|p1a: ShingShing|Swords Dance|p1a: ShingShing
|-boost|p1a: ShingShing|atk|2
|
|-weather|Snowscape|[upkeep]
|upkeep
|turn|9
|inactive|JZ21 has 30 seconds left.
|inactive|langschlong has 30 seconds left.
|inactive|JZ21 has 20 seconds left.
|inactive|JZ21 has 15 seconds left.
|inactive|JZ21 has 10 seconds left.
|inactive|JZ21 has 5 seconds left.
|
|t:|1757625483
|move|p2a: retail row|Protect|p2a: retail row
|-singleturn|p2a: retail row|Protect
|move|p1b: Ninetales|Protect|p1b: Ninetales
|-singleturn|p1b: Ninetales|Protect
|move|p1a: ShingShing|Sucker Punch||[still]
|-fail|p1a: ShingShing
|move|p2b: tomato town|Flare Blitz|p1b: Ninetales
|-activate|p1b: Ninetales|move: Protect
|
|-weather|Snowscape|[upkeep]
|upkeep
|turn|10
|inactive|JZ21 has 30 seconds left.
|inactive|langschlong has 30 seconds left.
|inactive|JZ21 has 20 seconds left.
|
|t:|1757625522
|move|p2a: retail row|Protect||[still]
|-fail|p2a: retail row
|move|p1b: Ninetales|Protect||[still]
|-fail|p1b: Ninetales
|move|p1a: ShingShing|Sucker Punch|p2b: tomato town
|-resisted|p2b: tomato town
|-damage|p2b: tomato town|0 fnt
|faint|p2b: tomato town
|
|-weather|Snowscape|[upkeep]
|-sideend|p2: langschlong|move: Tailwind
|upkeep
|
|t:|1757625531
|switch|p2b: tilted towers|Whimsicott, L50, M, shiny|7/100
|turn|11
|inactive|JZ21 has 30 seconds left.
|inactive|langschlong has 30 seconds left.
|inactive|JZ21 has 20 seconds left.
|inactive|langschlong has 20 seconds left.
|inactive|JZ21 has 15 seconds left.
|inactive|langschlong has 15 seconds left.
|
|t:|1757625575
|move|p2a: retail row|Protect|p2a: retail row
|-singleturn|p2a: retail row|Protect
|move|p2b: tilted towers|Encore|p1b: Ninetales
|-start|p1b: Ninetales|Encore
|move|p1a: ShingShing|Sucker Punch||[still]
|-fail|p1a: ShingShing
|move|p1b: Ninetales|Protect||[still]
|-fail|p1b: Ninetales
|
|-weather|Snowscape|[upkeep]
|upkeep
|turn|12
|inactive|langschlong has 30 seconds left.
|inactive|JZ21 has 30 seconds left.
|inactive|langschlong has 20 seconds left.
|inactive|langschlong has 15 seconds left.
|
|t:|1757625625
|move|p1b: Ninetales|Protect|p1b: Ninetales
|-singleturn|p1b: Ninetales|Protect
|move|p2a: retail row|Protect||[still]
|-fail|p2a: retail row
|move|p2b: tilted towers|Encore|p1a: ShingShing
|-start|p1a: ShingShing|Encore
|move|p1a: ShingShing|Sucker Punch||[still]
|-fail|p1a: ShingShing
|
|-weather|none
|upkeep
|turn|13
|inactive|langschlong has 30 seconds left.
|inactive|JZ21 has 30 seconds left.
|inactive|langschlong has 20 seconds left.
|inactive|langschlong has 15 seconds left.
|
|t:|1757625667
|move|p1b: Ninetales|Protect||[still]
|-fail|p1b: Ninetales
|move|p2a: retail row|Protect|p2a: retail row
|-singleturn|p2a: retail row|Protect
|move|p2b: tilted towers|Fake Tears|p1b: Ninetales
|-unboost|p1b: Ninetales|spd|2
|move|p1a: ShingShing|Sucker Punch||[still]
|-fail|p1a: ShingShing
|
|-end|p1b: Ninetales|Encore
|upkeep
|turn|14
|inactive|JZ21 has 30 seconds left.
|inactive|langschlong has 30 seconds left.
|inactive|JZ21 has 20 seconds left.
|inactive|langschlong has 20 seconds left.
|inactive|JZ21 has 15 seconds left.
|inactive|langschlong has 15 seconds left.
|inactive|JZ21 has 10 seconds left.
|inactive|langschlong has 10 seconds left.
|inactive|langschlong has 5 seconds left.
|
|t:|1757625721
|move|p2b: tilted towers|Tailwind|p2b: tilted towers
|-sidestart|p2: langschlong|move: Tailwind
|move|p1a: ShingShing|Sucker Punch|p2a: retail row
|-damage|p2a: retail row|0 fnt
|faint|p2a: retail row
|move|p1b: Ninetales|Blizzard|p2b: tilted towers
|-supereffective|p2b: tilted towers
|-damage|p2b: tilted towers|0 fnt
|faint|p2b: tilted towers
|
|win|JZ21
|l|☆langschlong
|player|p2|
