|j|☆gianlucone
|j|☆HEDGEHOGMEOW
|html|gianluconeHEDGEHOGMEOW    
|uhtml|bestof|Game 3 of a best-of-3
|t:|1786064563
|gametype|doubles
|player|p1|gianlucone|170|1353
|player|p2|HEDGEHOGMEOW|102|1351
|gen|9
|tier|[Gen 9 Champions] VGC 2026 Reg M-B (Bo3)
|rated|
|rule|Species Clause: Limit one of each Pokémon
|rule|Item Clause: Limit 1 of each item
|clearpoke
|poke|p1|Raichu, L50, F|
|poke|p1|Staraptor, L50, F|
|poke|p1|Arcanine-Hisui, L50, M|
|poke|p1|Farigiraf, L50, M|
|poke|p1|Sylveon, L50, M|
|poke|p1|Kingambit, L50, M|
|poke|p2|Froslass, L50, F|
|poke|p2|Scovillain, L50, F|
|poke|p2|Lycanroc-Dusk, L50, M|
|poke|p2|Sneasler, L50, F|
|poke|p2|Kingambit, L50, M|
|poke|p2|Basculegion, L50, M|
|teampreview|4
|showteam|p1|Raichu||RaichuniteY|LightningRod|ZapCannon,FocusBlast,FakeOut,Protect|Timid||F|||50|]Staraptor||Staraptite|Intimidate|CloseCombat,DualWingbeat,Tailwind,Protect|Jolly||F|||50|]Arcanine-Hisui||FocusSash|RockHead|FlareBlitz,HeadSmash,ExtremeSpeed,Protect|Jolly||M|||50|]Farigiraf||SitrusBerry|ArmorTail|Psychic,HelpingHand,TrickRoom,Protect|Calm||M|||50|]Sylveon||FairyFeather|Pixilate|HyperVoice,QuickAttack,HyperBeam,Detect|Serious||M|||50|]Kingambit||LifeOrb|Defiant|KowtowCleave,SuckerPunch,SwordsDance,Protect|Adamant||M|||50|
|showteam|p2|Froslass||Froslassite|CursedBody|Blizzard,ShadowBall,AuroraVeil,Protect|Modest||F|||50|]Scovillain||Scovillainite|Moody|Overheat,GigaDrain,RagePowder,Protect|Bold||F|||50|]Lycanroc-Dusk||FocusSash|ToughClaws|Accelerock,RockSlide,CloseCombat,Protect|Adamant||M|||50|]Sneasler||WhiteHerb|Unburden|FakeOut,CloseCombat,DireClaw,Protect|Jolly||F|||50|]Kingambit||BlackGlasses|Defiant|SuckerPunch,KowtowCleave,SwordsDance,Protect|Adamant||M|||50|]Basculegion||SitrusBerry|Adaptability|WaveCrash,AquaJet,LastRespects,Protect|Adamant||M|||50|
|inactive|Battle timer is ON: inactive players will automatically lose when time's up. (requested by gianlucone)
|inactive|HEDGEHOGMEOW has 60 seconds left.
|inactive|HEDGEHOGMEOW has 30 seconds left.
|inactive|HEDGEHOGMEOW has 20 seconds left.
|inactive|HEDGEHOGMEOW has 15 seconds left.
|inactive|HEDGEHOGMEOW has 10 seconds left.
|inactive|HEDGEHOGMEOW has 5 seconds left.
|
|t:|1786064652
|teamsize|p1|4
|teamsize|p2|4
|start
|switch|p1a: Raichu|Raichu, L50, F|100/100
|switch|p1b: Arcanine|Arcanine-Hisui, L50, M|100/100
|switch|p2a: Froslass|Froslass, L50, F|100/100
|switch|p2b: Kingambit|Kingambit, L50, M|100/100
|turn|1
|inactive|HEDGEHOGMEOW has 30 seconds left.
|
|t:|1786064680
|switch|p1b: Farigiraf|Farigiraf, L50, M|100/100
|detailschange|p1a: Raichu|Raichu-Mega-Y, L50, F
|-mega|p1a: Raichu|Raichu|Raichunite Y
|detailschange|p2a: Froslass|Froslass-Mega, L50, F
|-mega|p2a: Froslass|Froslass|Froslassite
|-weather|Snowscape|[from] ability: Snow Warning|[of] p2a: Froslass
|move|p2b: Kingambit|Sucker Punch||[still]
|cant|p1b: Farigiraf|ability: Armor Tail|Sucker Punch|[of] p2b: Kingambit
|move|p1a: Raichu|Zap Cannon|p2a: Froslass
|-damage|p2a: Froslass|28/100
|-status|p2a: Froslass|par
|move|p2a: Froslass|Blizzard|p1b: Farigiraf|[spread] p1a,p1b
|-damage|p1a: Raichu|47/100
|-damage|p1b: Farigiraf|66/100
|
|-weather|Snowscape|[upkeep]
|upkeep
|turn|2
|inactive|gianlucone has 30 seconds left.
|inactive|HEDGEHOGMEOW has 30 seconds left.
|inactive|gianlucone has 20 seconds left.
|inactive|HEDGEHOGMEOW has 20 seconds left.
|inactive|gianlucone has 15 seconds left.
|inactive|HEDGEHOGMEOW has 15 seconds left.
|inactive|HEDGEHOGMEOW has 10 seconds left.
|inactive|HEDGEHOGMEOW has 5 seconds left.
|
|t:|1786064734
|move|p1a: Raichu|Protect|p1a: Raichu
|-singleturn|p1a: Raichu|Protect
|cant|p2a: Froslass|par
|move|p1b: Farigiraf|Psychic|p2a: Froslass
|-damage|p2a: Froslass|0 fnt
|faint|p2a: Froslass
|move|p2b: Kingambit|Kowtow Cleave|p1a: Raichu
|-activate|p1a: Raichu|move: Protect
|
|-weather|Snowscape|[upkeep]
|upkeep
|
|t:|1786064743
|switch|p2a: Sneasler|Sneasler, L50, F|100/100
|turn|3
|inactive|HEDGEHOGMEOW has 30 seconds left.
|
|t:|1786064770
|move|p1b: Farigiraf|Protect|p1b: Farigiraf
|-singleturn|p1b: Farigiraf|Protect
|move|p2b: Kingambit|Protect|p2b: Kingambit
|-singleturn|p2b: Kingambit|Protect
|move|p1a: Raichu|Zap Cannon|p2a: Sneasler
|-damage|p2a: Sneasler|17/100
|-status|p2a: Sneasler|par
|move|p2a: Sneasler|Close Combat|p1a: Raichu
|-damage|p1a: Raichu|0 fnt
|-unboost|p2a: Sneasler|def|1
|-unboost|p2a: Sneasler|spd|1
|faint|p1a: Raichu
|-enditem|p2a: Sneasler|White Herb
|-clearnegativeboost|p2a: Sneasler|[silent]
|
|-weather|Snowscape|[upkeep]
|upkeep
|
|t:|1786064784
|switch|p1a: Arcanine|Arcanine-Hisui, L50, M|100/100
|turn|4
|inactive|HEDGEHOGMEOW has 30 seconds left.
|
|t:|1786064811
|switch|p2b: Basculegion|Basculegion, L50, M|100/100
|move|p2a: Sneasler|Close Combat|p1a: Arcanine
|-supereffective|p1a: Arcanine|1
|-enditem|p1a: Arcanine|Focus Sash
|-damage|p1a: Arcanine|1/100
|-unboost|p2a: Sneasler|def|1
|-unboost|p2a: Sneasler|spd|1
|move|p1a: Arcanine|Flare Blitz|p2b: Basculegion
|-resisted|p2b: Basculegion|1
|-damage|p2b: Basculegion|65/100
|move|p1b: Farigiraf|Psychic|p2a: Sneasler
|-supereffective|p2a: Sneasler|2
|-damage|p2a: Sneasler|0 fnt
|faint|p2a: Sneasler
|
|-weather|Snowscape|[upkeep]
|upkeep
|
|t:|1786064824
|switch|p2a: Kingambit|Kingambit, L50, M|100/100
|turn|5
|
|t:|1786064849
|move|p1a: Arcanine|Flare Blitz|p2a: Kingambit
|-supereffective|p2a: Kingambit|1
|-damage|p2a: Kingambit|6/100
|move|p2b: Basculegion|Wave Crash|p1a: Arcanine
|-supereffective|p1a: Arcanine|2
|-damage|p1a: Arcanine|0 fnt
|faint|p1a: Arcanine
|-damage|p2b: Basculegion|65/100|[from] Recoil
|move|p1b: Farigiraf|Psychic|p2b: Basculegion
|-damage|p2b: Basculegion|35/100
|-enditem|p2b: Basculegion|Sitrus Berry|[eat]
|-heal|p2b: Basculegion|59/100|[from] item: Sitrus Berry
|move|p2a: Kingambit|Kowtow Cleave|p1b: Farigiraf
|-supereffective|p1b: Farigiraf|1
|-damage|p1b: Farigiraf|0 fnt
|faint|p1b: Farigiraf
|
|-weather|none
|upkeep
|
|t:|1786064866
|switch|p1b: Kingambit|Kingambit, L50, M|100/100
|turn|6
|inactive|HEDGEHOGMEOW has 30 seconds left.
|inactive|HEDGEHOGMEOW has 20 seconds left.
|inactive|HEDGEHOGMEOW has 15 seconds left.
|inactive|HEDGEHOGMEOW has 10 seconds left.
|
|t:|1786064914
|move|p2b: Basculegion|Wave Crash|p1b: Kingambit
|-damage|p1b: Kingambit|42/100
|-damage|p2b: Basculegion|41/100|[from] Recoil
|move|p2a: Kingambit|Swords Dance|p2a: Kingambit
|-boost|p2a: Kingambit|atk|2
|move|p1b: Kingambit|Kowtow Cleave|p2b: Basculegion
|-supereffective|p2b: Basculegion|1
|-damage|p2b: Basculegion|0 fnt
|faint|p2b: Basculegion
|-damage|p1b: Kingambit|32/100|[from] item: Life Orb
|
|upkeep
|turn|7
|inactive|HEDGEHOGMEOW has 30 seconds left.
|
|t:|1786064940
|move|p2a: Kingambit|Protect|p2a: Kingambit
|-singleturn|p2a: Kingambit|Protect
|move|p1b: Kingambit|Sucker Punch||[still]
|-fail|p1b: Kingambit
|
|upkeep
|turn|8
|inactive|HEDGEHOGMEOW has 30 seconds left.
|
|t:|1786064973
|move|p1b: Kingambit|Sucker Punch||[still]
|-fail|p1b: Kingambit
|move|p2a: Kingambit|Swords Dance|p2a: Kingambit
|-boost|p2a: Kingambit|atk|2
|
|upkeep
|turn|9
|
|t:|1786064991
|move|p2a: Kingambit|Protect|p2a: Kingambit
|-singleturn|p2a: Kingambit|Protect
|move|p1b: Kingambit|Swords Dance|p1b: Kingambit
|-boost|p1b: Kingambit|atk|2
|
|upkeep
|turn|10
|
|t:|1786065011
|move|p1b: Kingambit|Protect|p1b: Kingambit
|-singleturn|p1b: Kingambit|Protect
|move|p2a: Kingambit|Sucker Punch||[still]
|-fail|p2a: Kingambit
|
|upkeep
|turn|11
|
|t:|1786065027
|move|p2a: Kingambit|Protect|p2a: Kingambit
|-singleturn|p2a: Kingambit|Protect
|move|p1b: Kingambit|Sucker Punch||[still]
|-fail|p1b: Kingambit
|
|upkeep
|turn|12
|inactive|HEDGEHOGMEOW has 30 seconds left.
|inactive|HEDGEHOGMEOW has 20 seconds left.
|
|t:|1786065065
|move|p2a: Kingambit|Sucker Punch|p1b: Kingambit
|-resisted|p1b: Kingambit|1
|-damage|p1b: Kingambit|0 fnt
|faint|p1b: Kingambit
|
|win|HEDGEHOGMEOW
|raw|gianlucone's rating: 1353 → 1333(-20 for losing)
|raw|HEDGEHOGMEOW's rating: 1351 → 1371(+20 for winning)
|c|☆gianlucone|ggs
|c|☆HEDGEHOGMEOW|Gg
|c|☆HEDGEHOGMEOW|wp
|c|☆gianlucone|u too
|l|☆gianlucone
|player|p1|
|c|☆HEDGEHOGMEOW|Thanks
|l|☆HEDGEHOGMEOW
|player|p2|
|j|☆HEDGEHOGMEOW
|player|p2|HEDGEHOGMEOW|102|
|l|☆HEDGEHOGMEOW
|player|p2|
|j|☆HEDGEHOGMEOW
|player|p2|HEDGEHOGMEOW|102|
