|j|☆fudii
|j|☆Church of Chiyu
|html|fudiiChurch of Chiyu    
|uhtml|bestof|Game 2 of a best-of-3
|t:|1757823498
|gametype|doubles
|player|p1|fudii|dahlia|1172
|player|p2|Church of Chiyu|red|1202
|gen|9
|tier|[Gen 9] VGC 2025 Reg H (Bo3)
|rated|
|rule|Species Clause: Limit one of each Pokémon
|rule|Item Clause: Limit 1 of each item
|clearpoke
|poke|p1|Annihilape, L50, F|
|poke|p1|Sinistcha, L50|
|poke|p1|Maushold-Four, L50|
|poke|p1|Klefki, L50, M|
|poke|p1|Ursaluna-Bloodmoon, L50, M|
|poke|p1|Ninetales-Alola, L50, F|
|poke|p2|Rillaboom, L50, F|
|poke|p2|Incineroar, L50, F|
|poke|p2|Basculegion, L50, M|
|poke|p2|Ninetales-Alola, L50, F|
|poke|p2|Gholdengo, L50|
|poke|p2|Kommo-o, L50, F|
|teampreview|4
|showteam|p1|Annihilape||Leftovers|Defiant|Protect,BulkUp,DrainPunch,RageFist|||F|||50|,,,,,Fire]Sinistcha||SitrusBerry|Hospitality|MatchaGotcha,TrickRoom,LifeDew,RagePowder||||||50|,,,,,Water]Maushold-Four||SafetyGoggles|FriendGuard|FollowMe,Taunt,BeatUp,Protect||||||50|,,,,,Ghost]Klefki||LightClay|Prankster|Reflect,LightScreen,MistyTerrain,DazzlingGleam|||M|||50|,,,,,Ghost]Ursaluna-Bloodmoon||AssaultVest|MindsEye|BloodMoon,HyperVoice,EarthPower,VacuumWave|||M|||50|,,,,,Water]Ninetales-Alola||FocusSash|SnowWarning|Protect,Encore,FreezeDry,Blizzard|||F|||50|,,,,,Ghost
|showteam|p2|Rillaboom||AssaultVest|GrassySurge|DrumBeating,GrassyGlide,KnockOff,FakeOut|||F|||50|,,,,,Ghost]Incineroar||SitrusBerry|Intimidate|KnockOff,FlareBlitz,PartingShot,FakeOut|||F|||50|,,,,,Grass]Basculegion||ChoiceScarf|Adaptability|WaveCrash,LastRespects,FlipTurn,TeraBlast|||M|||50|,,,,,Fighting]Ninetales-Alola||FocusSash|SnowWarning|Blizzard,IcyWind,Encore,Protect|||F|||50|,,,,,Ice]Gholdengo||LifeOrb|GoodasGold|MakeItRain,ShadowBall,NastyPlot,Protect||||||50|,,,,,Water]Kommo-o||Leftovers|Overcoat|BodyPress,Flamethrower,IronDefense,Protect|||F|||50|,,,,,Fire
|
|t:|1757823546
|teamsize|p1|4
|teamsize|p2|4
|start
|switch|p1a: Maushold|Maushold-Four, L50|100/100
|switch|p1b: Annihilape|Annihilape, L50, F, shiny|100/100
|switch|p2a: Basculegion|Basculegion, L50, M|100/100
|switch|p2b: Ninetales|Ninetales-Alola, L50, F|100/100
|-weather|Snowscape|[from] ability: Snow Warning|[of] p2b: Ninetales
|turn|1
|
|t:|1757823561
|move|p2a: Basculegion|Wave Crash|p1b: Annihilape
|-damage|p1b: Annihilape|39/100
|-damage|p2a: Basculegion|79/100|[from] Recoil
|move|p2b: Ninetales|Blizzard|p1a: Maushold|[spread] p1a,p1b
|-damage|p1a: Maushold|58/100
|-damage|p1b: Annihilape|20/100
|-status|p1a: Maushold|frz
|cant|p1a: Maushold|frz
|move|p1b: Annihilape|Bulk Up|p1b: Annihilape
|-boost|p1b: Annihilape|atk|1
|-boost|p1b: Annihilape|def|1
|
|-weather|Snowscape|[upkeep]
|-heal|p1b: Annihilape|26/100|[from] item: Leftovers
|upkeep
|turn|2
|
|t:|1757823586
|move|p1b: Annihilape|Protect|p1b: Annihilape
|-singleturn|p1b: Annihilape|Protect
|move|p2a: Basculegion|Wave Crash|p1a: Maushold
|-crit|p1a: Maushold
|-damage|p1a: Maushold|0 fnt
|faint|p1a: Maushold
|-damage|p2a: Basculegion|63/100|[from] Recoil
|move|p2b: Ninetales|Encore|p1b: Annihilape
|-activate|p1b: Annihilape|move: Protect
|
|-weather|Snowscape|[upkeep]
|-heal|p1b: Annihilape|33/100|[from] item: Leftovers
|upkeep
|
|t:|1757823596
|switch|p1a: Sinistcha|Sinistcha, L50|100/100
|-heal|p1b: Annihilape|58/100|[from] ability: Hospitality|[of] p1a: Sinistcha
|turn|3
|
|t:|1757823625
|switch|p2a: Rillaboom|Rillaboom, L50, F|100/100
|-fieldstart|move: Grassy Terrain|[from] ability: Grassy Surge|[of] p2a: Rillaboom
|-terastallize|p2b: Ninetales|Ice
|-terastallize|p1a: Sinistcha|Water
|move|p1a: Sinistcha|Rage Powder|p1a: Sinistcha
|-singleturn|p1a: Sinistcha|move: Rage Powder
|move|p2b: Ninetales|Blizzard|p1b: Annihilape|[spread] p1a,p1b
|-resisted|p1a: Sinistcha
|-damage|p1a: Sinistcha|78/100
|-damage|p1b: Annihilape|21/100
|move|p1b: Annihilape|Rage Fist|p2b: Ninetales
|-enditem|p2b: Ninetales|Focus Sash
|-damage|p2b: Ninetales|1/100
|
|-weather|Snowscape|[upkeep]
|-heal|p2b: Ninetales|7/100|[from] Grassy Terrain
|-heal|p1b: Annihilape|27/100|[from] Grassy Terrain
|-heal|p1b: Annihilape|34/100|[from] item: Leftovers
|-heal|p1a: Sinistcha|84/100|[from] Grassy Terrain
|upkeep
|turn|4
|
|t:|1757823668
|move|p1b: Annihilape|Protect|p1b: Annihilape
|-singleturn|p1b: Annihilape|Protect
|move|p2b: Ninetales|Encore|p1a: Sinistcha
|-start|p1a: Sinistcha|Encore
|move|p2a: Rillaboom|Drum Beating|p1a: Sinistcha
|-supereffective|p1a: Sinistcha
|-damage|p1a: Sinistcha|9/100
|-unboost|p1a: Sinistcha|spe|1
|-enditem|p1a: Sinistcha|Sitrus Berry|[eat]
|-heal|p1a: Sinistcha|34/100|[from] item: Sitrus Berry
|move|p1a: Sinistcha|Rage Powder|p1a: Sinistcha
|-singleturn|p1a: Sinistcha|move: Rage Powder
|
|-weather|Snowscape|[upkeep]
|-heal|p2b: Ninetales|13/100|[from] Grassy Terrain
|-heal|p1b: Annihilape|40/100|[from] Grassy Terrain
|-heal|p1b: Annihilape|46/100|[from] item: Leftovers
|-heal|p1a: Sinistcha|40/100|[from] Grassy Terrain
|upkeep
|turn|5
|inactive|Battle timer is ON: inactive players will automatically lose when time's up. (requested by Church of Chiyu)
|
|t:|1757823714
|move|p1a: Sinistcha|Rage Powder|p1a: Sinistcha
|-singleturn|p1a: Sinistcha|move: Rage Powder
|move|p2a: Rillaboom|Grassy Glide|p1b: Annihilape
|-damage|p1b: Annihilape|25/100
|move|p2b: Ninetales|Blizzard|p1b: Annihilape|[spread] p1a,p1b
|-resisted|p1a: Sinistcha
|-damage|p1a: Sinistcha|19/100
|-damage|p1b: Annihilape|0 fnt
|-status|p1a: Sinistcha|frz
|faint|p1b: Annihilape
|
|-weather|none
|-heal|p2b: Ninetales|19/100|[from] Grassy Terrain
|-heal|p1a: Sinistcha|25/100 frz|[from] Grassy Terrain
|upkeep
|
|t:|1757823726
|switch|p1b: Ninetales|Ninetales-Alola, L50, F, shiny|100/100
|-weather|Snowscape|[from] ability: Snow Warning|[of] p1b: Ninetales
|turn|6
|
|t:|1757823733
|cant|p1a: Sinistcha|frz
|move|p2a: Rillaboom|Grassy Glide|p1a: Sinistcha
|-supereffective|p1a: Sinistcha
|-damage|p1a: Sinistcha|0 fnt
|faint|p1a: Sinistcha
|move|p1b: Ninetales|Blizzard|p2b: Ninetales|[spread] p2a,p2b
|-supereffective|p2a: Rillaboom
|-resisted|p2b: Ninetales
|-damage|p2a: Rillaboom|50/100
|-damage|p2b: Ninetales|1/100
|move|p2b: Ninetales|Icy Wind|p1b: Ninetales
|-resisted|p1b: Ninetales
|-damage|p1b: Ninetales|80/100
|-unboost|p1b: Ninetales|spe|1
|
|-weather|Snowscape|[upkeep]
|-heal|p2b: Ninetales|7/100|[from] Grassy Terrain
|-heal|p2a: Rillaboom|56/100|[from] Grassy Terrain
|-heal|p1b: Ninetales|86/100|[from] Grassy Terrain
|upkeep
|turn|7
|
|t:|1757823748
|move|p2b: Ninetales|Blizzard|p1b: Ninetales
|-resisted|p1b: Ninetales
|-damage|p1b: Ninetales|49/100
|move|p2a: Rillaboom|Drum Beating|p1b: Ninetales
|-damage|p1b: Ninetales|7/100
|-unboost|p1b: Ninetales|spe|1
|move|p1b: Ninetales|Blizzard|p2b: Ninetales|[spread] p2a,p2b
|-supereffective|p2a: Rillaboom
|-resisted|p2b: Ninetales
|-damage|p2a: Rillaboom|8/100
|-damage|p2b: Ninetales|0 fnt
|faint|p2b: Ninetales
|
|-weather|Snowscape|[upkeep]
|-heal|p2a: Rillaboom|14/100|[from] Grassy Terrain
|-heal|p1b: Ninetales|13/100|[from] Grassy Terrain
|-fieldend|move: Grassy Terrain
|upkeep
|
|t:|1757823754
|switch|p2b: Basculegion|Basculegion, L50, M|63/100
|turn|8
|
|t:|1757823764
|move|p2b: Basculegion|Last Respects|p1b: Ninetales
|-damage|p1b: Ninetales|0 fnt
|faint|p1b: Ninetales
|
|win|Church of Chiyu
||fudii is ready for game 3.
||Church of Chiyu is ready for game 3.
|uhtml|next|Next: Game 3 of 3
|l|☆fudii
|player|p1|
