|j|РўєLycaon05
|j|Рўєvgc yung eezy
|html|Lycaon05vgc yung eezy    
|uhtml|bestof|Game 2 of a best-of-3
|t:|1784662535
|gametype|doubles
|player|p1|Lycaon05|miku-ghost|
|player|p2|vgc yung eezy|lucas|
|gen|9
|tier|[Gen 9 Champions] VGC 2026 Reg M-B (Bo3)
|rule|Species Clause: Limit one of each Pok├Еmon
|rule|Item Clause: Limit 1 of each item
|clearpoke
|poke|p1|Venusaur, L50, M|
|poke|p1|Archaludon, L50, F|
|poke|p1|Pelipper, L50, M|
|poke|p1|Basculegion, L50, M|
|poke|p1|Charizard, L50, M|
|poke|p1|Grimmsnarl, L50, M|
|poke|p2|Staraptor, L50, F|
|poke|p2|Charizard, L50, M|
|poke|p2|Glimmora, L50, M|
|poke|p2|Whimsicott, L50, M|
|poke|p2|Basculegion, L50, M|
|poke|p2|Garchomp, L50, M|
|teampreview|4
|showteam|p1|Venusaur||Venusaurite|Chlorophyll|SludgeBomb,GigaDrain,EarthPower,Protect|Modest||M|||50|]Archaludon||Leftovers|Stamina|ElectroShot,DragonPulse,FlashCannon,Protect|Bold||F|||50|]Pelipper||LifeOrb|Drizzle|WeatherBall,Hurricane,WideGuard,Tailwind|Modest||M|||50|]Basculegion||ChoiceScarf|Adaptability|WaveCrash,FlipTurn,LastRespects,AquaJet|Jolly||M|||50|]Charizard||CharizarditeY|Blaze|HeatWave,SolarBeam,WeatherBall,Protect|Modest||M|||50|]Grimmsnarl||LightClay|Prankster|PartingShot,SpiritBreak,LightScreen,Reflect|Careful||M|||50|
|showteam|p2|Staraptor||Staraptite|Intimidate|DualWingbeat,CloseCombat,Roost,Protect|Jolly||F|||50|]Charizard||CharizarditeY|Blaze|HeatWave,SolarBeam,WeatherBall,Protect|Modest||M|||50|]Glimmora||FocusSash|ToxicDebris|PowerGem,SludgeBomb,EarthPower,SpikyShield|Modest||M|||50|]Whimsicott||LifeOrb|Prankster|Moonblast,GrassKnot,Tailwind,Protect|Modest||M|||50|]Basculegion||ChoiceScarf|Adaptability|WaveCrash,LastRespects,AquaJet,FlipTurn|Jolly||M|||50|]Garchomp||SitrusBerry|RoughSkin|Earthquake,RockSlide,PoisonJab,DragonTail|Adamant||M|||50|
|c|Рўєvgc yung eezy|hf
|inactive|Battle timer is ON: inactive players will automatically lose when time's up. (requested by Lycaon05)
|
|t:|1784662557
|teamsize|p1|4
|teamsize|p2|4
|start
|switch|p1a: Polska|Grimmsnarl, L50, M|100/100
|switch|p1b: ТЌЦТюг|Archaludon, L50, F|100/100
|switch|p2a: Staraptor|Staraptor, L50, F|100/100
|switch|p2b: Basculegion|Basculegion, L50, M|100/100
|-ability|p2a: Staraptor|Intimidate|boost
|-unboost|p1a: Polska|atk|1
|-unboost|p1b: ТЌЦТюг|atk|1
|turn|1
|
|t:|1784662571
|detailschange|p2a: Staraptor|Staraptor-Mega, L50, F
|-mega|p2a: Staraptor|Staraptor|Staraptite
|move|p1a: Polska|Reflect|p1a: Polska
|-sidestart|p1: Lycaon05|Reflect
|move|p2b: Basculegion|Wave Crash|p1a: Polska
|-damage|p1a: Polska|44/100
|-damage|p2b: Basculegion|81/100|[from] Recoil
|move|p2a: Staraptor|Close Combat|p1b: ТЌЦТюг
|-supereffective|p1b: ТЌЦТюг|1
|-damage|p1b: ТЌЦТюг|49/100
|-boost|p2a: Staraptor|def|1
|-boost|p2a: Staraptor|spd|1
|-ability|p1b: ТЌЦТюг|Stamina|boost
|-boost|p1b: ТЌЦТюг|def|1
|move|p1b: ТЌЦТюг|Electro Shot||[still]
|-prepare|p1b: ТЌЦТюг|Electro Shot
|-boost|p1b: ТЌЦТюг|spa|1
|
|-heal|p1b: ТЌЦТюг|55/100|[from] item: Leftovers
|upkeep
|turn|2
|j| maracujavgc
|
|t:|1784662591
|move|p1a: Polska|Parting Shot|p2b: Basculegion
|-unboost|p2b: Basculegion|atk|1
|-unboost|p2b: Basculegion|spa|1
|
|t:|1784662594
|switch|p1a: Norge|Basculegion, L50, M|100/100|[from] Parting Shot
|move|p2b: Basculegion|Wave Crash|p1b: ТЌЦТюг
|-resisted|p1b: ТЌЦТюг|1
|-damage|p1b: ТЌЦТюг|48/100
|-ability|p1b: ТЌЦТюг|Stamina|boost
|-boost|p1b: ТЌЦТюг|def|1
|-damage|p2b: Basculegion|78/100|[from] Recoil
|move|p2a: Staraptor|Close Combat|p1b: ТЌЦТюг
|-supereffective|p1b: ТЌЦТюг|1
|-damage|p1b: ТЌЦТюг|23/100
|-boost|p2a: Staraptor|def|1
|-boost|p2a: Staraptor|spd|1
|-ability|p1b: ТЌЦТюг|Stamina|boost
|-boost|p1b: ТЌЦТюг|def|1
|move|p1b: ТЌЦТюг|Electro Shot|p2a: Staraptor|[from] lockedmove
|-supereffective|p2a: Staraptor|1
|-damage|p2a: Staraptor|37/100
|
|-heal|p1b: ТЌЦТюг|29/100|[from] item: Leftovers
|upkeep
|turn|3
|inactive|Lycaon05 has 30 seconds left.
|inactive|Lycaon05 has 20 seconds left.
|
|t:|1784662634
|switch|p2b: Glimmora|Glimmora, L50, M|100/100
|move|p1b: ТЌЦТюг|Protect|p1b: ТЌЦТюг
|-singleturn|p1b: ТЌЦТюг|Protect
|move|p1a: Norge|Wave Crash|p2a: Staraptor
|-damage|p2a: Staraptor|0 fnt
|faint|p2a: Staraptor
|-damage|p1a: Norge|88/100|[from] Recoil
|
|-heal|p1b: ТЌЦТюг|35/100|[from] item: Leftovers
|upkeep
|
|t:|1784662646
|switch|p2a: Basculegion|Basculegion, L50, M|78/100
|turn|4
|
|t:|1784662659
|switch|p1a: Polska|Grimmsnarl, L50, M|44/100
|switch|p1b: Nederland|Pelipper, L50, M|100/100
|-weather|RainDance|[from] ability: Drizzle|[of] p1b: Nederland
|move|p2a: Basculegion|Last Respects|p1a: Polska
|-resisted|p1a: Polska|1
|-damage|p1a: Polska|22/100
|move|p2b: Glimmora|Earth Power|p1b: Nederland
|-immune|p1b: Nederland
|
|-weather|RainDance|[upkeep]
|upkeep
|turn|5
|
|t:|1784662679
|move|p1a: Polska|Light Screen|p1a: Polska
|-sidestart|p1: Lycaon05|move: Light Screen
|move|p2a: Basculegion|Last Respects|p1a: Polska
|-resisted|p1a: Polska|1
|-damage|p1a: Polska|0 fnt
|faint|p1a: Polska
|move|p2b: Glimmora|Power Gem|p1b: Nederland
|-supereffective|p1b: Nederland|1
|-damage|p1b: Nederland|5/100
|move|p1b: Nederland|Tailwind|p1b: Nederland
|-sidestart|p1: Lycaon05|move: Tailwind
|
|-weather|RainDance|[upkeep]
|upkeep
|
|t:|1784662687
|switch|p1a: Norge|Basculegion, L50, M|88/100
|turn|6
|
|t:|1784662702
|move|p1a: Norge|Last Respects|p2a: Basculegion
|-supereffective|p2a: Basculegion|1
|-damage|p2a: Basculegion|0 fnt
|faint|p2a: Basculegion
|move|p1b: Nederland|Weather Ball|p2b: Glimmora
|-supereffective|p2b: Glimmora|1
|-enditem|p2b: Glimmora|Focus Sash
|-damage|p2b: Glimmora|1/100
|-damage|p1b: Nederland|0 fnt|[from] item: Life Orb
|faint|p1b: Nederland
|move|p2b: Glimmora|Power Gem|p1a: Norge
|-damage|p1a: Norge|50/100g
|
|-weather|RainDance|[upkeep]
|upkeep
|
|t:|1784662707
|switch|p2a: Garchomp|Garchomp, L50, M|100/100
|switch|p1b: ТЌЦТюг|Archaludon, L50, F|35/100
|turn|7
|
|t:|1784662732
|move|p1b: ТЌЦТюг|Protect|p1b: ТЌЦТюг
|-singleturn|p1b: ТЌЦТюг|Protect
|move|p2b: Glimmora|Spiky Shield|p2b: Glimmora
|-singleturn|p2b: Glimmora|move: Protect
|move|p1a: Norge|Last Respects|p2b: Glimmora
|-activate|p2b: Glimmora|move: Protect
|move|p2a: Garchomp|Earthquake|p1b: ТЌЦТюг|[spread] p1a
|-activate|p2b: Glimmora|move: Protect
|-activate|p1b: ТЌЦТюг|move: Protect
|-damage|p1a: Norge|18/100
|
|-weather|RainDance|[upkeep]
|-heal|p1b: ТЌЦТюг|41/100|[from] item: Leftovers
|upkeep
|turn|8
|
|t:|1784662755
|move|p1a: Norge|Last Respects|p2a: Garchomp
|-crit|p2a: Garchomp
|-damage|p2a: Garchomp|0 fnt
|faint|p2a: Garchomp
|move|p1b: ТЌЦТюг|Electro Shot||[still]
|-prepare|p1b: ТЌЦТюг|Electro Shot
|-boost|p1b: ТЌЦТюг|spa|1
|-anim|p1b: ТЌЦТюг|Electro Shot|p2b: Glimmora
|-damage|p2b: Glimmora|0 fnt
|faint|p2b: Glimmora
|
|win|Lycaon05
||vgc yung eezy is ready for game 3.
||Lycaon05 is ready for game 3.
|uhtml|next|Next: Game 3 of 3
