|j|☆jgm1234
|j|☆Yato1226
|html|jgm1234Yato1226    
|uhtml|bestof|Game 2 of a best-of-3
|t:|1785687420
|gametype|doubles
|player|p1|jgm1234|emmet|1330
|player|p2|Yato1226|dragontamer|1415
|gen|9
|tier|[Gen 9 Champions] VGC 2026 Reg M-B (Bo3)
|rated|
|rule|Species Clause: Limit one of each Pokémon
|rule|Item Clause: Limit 1 of each item
|clearpoke
|poke|p1|Gengar, L50, F|
|poke|p1|Incineroar, L50, F|
|poke|p1|Sinistcha, L50|
|poke|p1|Kingambit, L50, F|
|poke|p1|Politoed, L50, F|
|poke|p1|Kommo-o, L50, F|
|poke|p2|Whimsicott, L50, F|
|poke|p2|Glimmora, L50, M|
|poke|p2|Ninetales-Alola, L50, F|
|poke|p2|Staraptor, L50, F|
|poke|p2|Kingambit, L50, M|
|poke|p2|Chandelure, L50, F|
|teampreview|4
|showteam|p1|Gengar||Gengarite|CursedBody|Protect,PerishSong,Disable,SludgeBomb|Timid||F|||50|]Incineroar||SitrusBerry|Intimidate|FakeOut,FlareBlitz,Protect,PartingShot|Careful||F|||50|]Sinistcha||CobaBerry|Hospitality|Protect,LifeDew,MatchaGotcha,RagePowder|Calm|||||50|]Kingambit||ChopleBerry|Defiant|KowtowCleave,SuckerPunch,LowKick,Protect|Adamant||F|||50|]Politoed||Leftovers|Drizzle|Encore,PerishSong,Protect,WeatherBall|Calm||F|||50|]Kommo-o||DragonFang|Soundproof|AuraSphere,ClangingScales,ClangorousSoul,Protect|Modest||F|||50|
|showteam|p2|Whimsicott||FocusSash|Prankster|Moonblast,Tailwind,Charm,Encore|Timid||F|||50|]Glimmora||Glimmoranite|ToxicDebris|PowerGem,SludgeBomb,EarthPower,SpikyShield|Timid||M|||50|]Ninetales-Alola||NeverMeltIce|SnowWarning|Blizzard,FreezeDry,IcyWind,Protect|Timid||F|||50|]Staraptor||Staraptite|Intimidate|CloseCombat,BraveBird,Roost,Protect|Jolly||F|||50|]Kingambit||LifeOrb|Defiant|KowtowCleave,SuckerPunch,IronHead,LowKick|Adamant||M|||50|]Chandelure||ColburBerry|FlashFire|HeatWave,ShadowBall,Imprison,TrickRoom|Bold||F|||50|
|inactive|Battle timer is ON: inactive players will automatically lose when time's up. (requested by jgm1234)
|
|t:|1785687434
|teamsize|p1|4
|teamsize|p2|4
|start
|switch|p1a: Gengar|Gengar, L50, F|100/100
|switch|p1b: Incineroar|Incineroar, L50, F|100/100
|switch|p2a: Whimsicott|Whimsicott, L50, F|100/100
|switch|p2b: Kingambit|Kingambit, L50, M|100/100
|-ability|p1b: Incineroar|Intimidate|boost
|-unboost|p2a: Whimsicott|atk|1
|-unboost|p2b: Kingambit|atk|1
|-ability|p2b: Kingambit|Defiant|boost
|-boost|p2b: Kingambit|atk|2
|turn|1
|
|t:|1785687441
|switch|p2a: Chandelure|Chandelure, L50, F|100/100
|detailschange|p1a: Gengar|Gengar-Mega, L50, F
|-mega|p1a: Gengar|Gengar|Gengarite
|move|p1b: Incineroar|Fake Out|p2b: Kingambit
|-resisted|p2b: Kingambit|1
|-damage|p2b: Kingambit|95/100
|move|p1a: Gengar|Perish Song|p1a: Gengar
|-start|p1a: Gengar|perish3|[silent]
|-start|p1b: Incineroar|perish3|[silent]
|-start|p2a: Chandelure|perish3|[silent]
|-start|p2b: Kingambit|perish3|[silent]
|-fieldactivate|move: Perish Song
|cant|p2b: Kingambit|flinch
|
|-start|p1a: Gengar|perish3
|-start|p2a: Chandelure|perish3
|-start|p2b: Kingambit|perish3
|-start|p1b: Incineroar|perish3
|upkeep
|turn|2
|
|t:|1785687459
|move|p1a: Gengar|Protect|p1a: Gengar
|-singleturn|p1a: Gengar|Protect
|move|p2b: Kingambit|Kowtow Cleave|p1a: Gengar
|-activate|p1a: Gengar|move: Protect
|move|p1b: Incineroar|Parting Shot|p2a: Chandelure
|-unboost|p2a: Chandelure|atk|1
|-unboost|p2a: Chandelure|spa|1
|
|t:|1785687467
|switch|p1b: Kingambit|Kingambit, L50, F|100/100|[from] Parting Shot
|move|p2a: Chandelure|Trick Room|p2a: Chandelure
|-fieldstart|move: Trick Room|[of] p2a: Chandelure
|
|-start|p2b: Kingambit|perish2
|-start|p2a: Chandelure|perish2
|-start|p1a: Gengar|perish2
|upkeep
|turn|3
|
|t:|1785687480
|switch|p1a: Incineroar|Incineroar, L50, F|100/100
|-ability|p1a: Incineroar|Intimidate|boost
|-unboost|p2a: Chandelure|atk|1
|-unboost|p2b: Kingambit|atk|1
|-ability|p2b: Kingambit|Defiant|boost
|-boost|p2b: Kingambit|atk|2
|move|p1b: Kingambit|Low Kick|p2b: Kingambit
|-supereffective|p2b: Kingambit|2
|-damage|p2b: Kingambit|0 fnt
|faint|p2b: Kingambit
|move|p2a: Chandelure|Heat Wave|p1b: Kingambit|[spread] p1a
|-miss|p2a: Chandelure|p1b: Kingambit
|-resisted|p1a: Incineroar|1
|-damage|p1a: Incineroar|91/100
|
|-start|p2a: Chandelure|perish1
|upkeep
|
|t:|1785687490
|switch|p2b: Staraptor|Staraptor, L50, F|100/100
|-ability|p2b: Staraptor|Intimidate|boost
|-unboost|p1a: Incineroar|atk|1
|-unboost|p1b: Kingambit|atk|1
|-ability|p1b: Kingambit|Defiant|boost
|-boost|p1b: Kingambit|atk|2
|turn|4
|inactive|jgm1234 has 30 seconds left.
|
|t:|1785687515
|switch|p2a: Whimsicott|Whimsicott, L50, F|100/100
|move|p2b: Staraptor|Protect|p2b: Staraptor
|-singleturn|p2b: Staraptor|Protect
|move|p1b: Kingambit|Kowtow Cleave|p2a: Whimsicott
|-resisted|p2a: Whimsicott|1
|-damage|p2a: Whimsicott|56/100
|move|p1a: Incineroar|Flare Blitz|p2a: Whimsicott
|-supereffective|p2a: Whimsicott|1
|-damage|p2a: Whimsicott|0 fnt
|faint|p2a: Whimsicott
|-damage|p1a: Incineroar|76/100|[from] Recoil
|
|upkeep
|
|t:|1785687518
|switch|p2a: Chandelure|Chandelure, L50, F|100/100
|turn|5
|
|t:|1785687542
|detailschange|p2b: Staraptor|Staraptor-Mega, L50, F
|-mega|p2b: Staraptor|Staraptor|Staraptite
|move|p1b: Kingambit|Kowtow Cleave|p2a: Chandelure
|-supereffective|p2a: Chandelure|1
|-enditem|p2a: Chandelure|Colbur Berry|[eat]
|-enditem|p2a: Chandelure|Colbur Berry|[weaken]
|-damage|p2a: Chandelure|38/100
|move|p1a: Incineroar|Flare Blitz|p2b: Staraptor
|-damage|p2b: Staraptor|67/100
|-damage|p1a: Incineroar|67/100|[from] Recoil
|move|p2a: Chandelure|Heat Wave|p1b: Kingambit|[spread] p1a,p1b
|-resisted|p1a: Incineroar|1
|-supereffective|p1b: Kingambit|1
|-damage|p1a: Incineroar|55/100
|-damage|p1b: Kingambit|27/100
|move|p2b: Staraptor|Close Combat|p1b: Kingambit
|-supereffective|p1b: Kingambit|2
|-enditem|p1b: Kingambit|Chople Berry|[eat]
|-enditem|p1b: Kingambit|Chople Berry|[weaken]
|-damage|p1b: Kingambit|0 fnt
|-boost|p2b: Staraptor|def|1
|-boost|p2b: Staraptor|spd|1
|faint|p1b: Kingambit
|
|upkeep
|
|t:|1785687553
|switch|p1b: Gengar|Gengar-Mega, L50, F|100/100
|turn|6
|
|t:|1785687566
|move|p1a: Incineroar|Protect|p1a: Incineroar
|-singleturn|p1a: Incineroar|Protect
|move|p1b: Gengar|Protect|p1b: Gengar
|-singleturn|p1b: Gengar|Protect
|move|p2a: Chandelure|Shadow Ball|p1b: Gengar
|-activate|p1b: Gengar|move: Protect
|move|p2b: Staraptor|Close Combat|p1a: Incineroar
|-activate|p1a: Incineroar|move: Protect
|
|-fieldend|move: Trick Room
|upkeep
|turn|7
|
|t:|1785687588
|move|p1b: Gengar|Disable|p2a: Chandelure
|-start|p2a: Chandelure|Disable|Shadow Ball
|move|p2b: Staraptor|Close Combat|p1a: Incineroar
|-supereffective|p1a: Incineroar|1
|-damage|p1a: Incineroar|0 fnt
|-boost|p2b: Staraptor|def|1
|-boost|p2b: Staraptor|spd|1
|faint|p1a: Incineroar
|move|p2a: Chandelure|Trick Room|p2a: Chandelure
|-fieldstart|move: Trick Room|[of] p2a: Chandelure
|
|upkeep
|
|t:|1785687593
|switch|p1a: Sinistcha|Sinistcha, L50|100/100
|turn|8
|inactive|jgm1234 has 30 seconds left.
|
|t:|1785687619
|move|p1a: Sinistcha|Protect|p1a: Sinistcha
|-singleturn|p1a: Sinistcha|Protect
|move|p2a: Chandelure|Heat Wave|p1b: Gengar|[spread] 
|-activate|p1a: Sinistcha|move: Protect
|-miss|p2a: Chandelure|p1b: Gengar
|move|p2b: Staraptor|Brave Bird|p1b: Gengar
|-damage|p1b: Gengar|13/100
|-damage|p2b: Staraptor|38/100|[from] Recoil
|move|p1b: Gengar|Sludge Bomb|p2b: Staraptor
|-damage|p2b: Staraptor|10/100
|-status|p2b: Staraptor|psn
|
|-damage|p2b: Staraptor|0 fnt|[from] psn
|faint|p2b: Staraptor
|upkeep
|turn|9
|
|t:|1785687644
|move|p1b: Gengar|Protect|p1b: Gengar
|-singleturn|p1b: Gengar|Protect
|move|p1a: Sinistcha|Matcha Gotcha|p2a: Chandelure
|-resisted|p2a: Chandelure|1
|-damage|p2a: Chandelure|17/100
|move|p2a: Chandelure|Heat Wave|p1b: Gengar|[spread] p1a
|-activate|p1b: Gengar|move: Protect
|-supereffective|p1a: Sinistcha|1
|-damage|p1a: Sinistcha|35/100
|
|upkeep
|turn|10
|
|t:|1785687659
|move|p1a: Sinistcha|Matcha Gotcha|p2a: Chandelure
|-resisted|p2a: Chandelure|1
|-damage|p2a: Chandelure|0 fnt
|-heal|p1a: Sinistcha|44/100|[from] drain|[of] p2a: Chandelure
|faint|p2a: Chandelure
|
|win|jgm1234
|raw|jgm1234's rating: 1330 → 1355(+25 for winning)
|raw|Yato1226's rating: 1415 → 1390(-25 for losing)
|l|☆Yato1226
|player|p2|
|c|☆jgm1234|gg
|l|☆jgm1234
|player|p1|
