|j|☆NightshadeAI
|j|☆obalapv2
|html|NightshadeAIobalapv2    
|uhtml|bestof|Game 1 of a best-of-3
|t:|1783582384
|gametype|doubles
|player|p1|NightshadeAI|265|1066
|player|p2|obalapv2|266|1047
|gen|9
|tier|[Gen 9 Champions] VGC 2026 Reg M-B (Bo3)
|rated|
|rule|Species Clause: Limit one of each Pokémon
|rule|Item Clause: Limit 1 of each item
|clearpoke
|poke|p1|Whimsicott, L50, M|
|poke|p1|Charizard, L50, M|
|poke|p1|Basculegion, L50, M|
|poke|p1|Garchomp, L50, M|
|poke|p1|Floette-Eternal, L50, F|
|poke|p1|Kingambit, L50, F|
|poke|p2|Scrafty, L50, M|
|poke|p2|Grimmsnarl, L50, M|
|poke|p2|Sinistcha-Masterpiece, L50|
|poke|p2|Basculegion, L50, M|
|poke|p2|Pelipper, L50, M|
|poke|p2|Swampert, L50, M|
|teampreview|4
|showteam|p1|Whimsicott||FocusSash|Prankster|Moonblast,Tailwind,Encore,Protect|Timid||M|||50|]Charizard||CharizarditeY|Blaze|WeatherBall,SolarBeam,HeatWave,Protect|Modest||M|||50|]Basculegion||MysticWater|Adaptability|LastRespects,WaveCrash,AquaJet,Protect|Adamant||M|||50|]Garchomp||LifeOrb|RoughSkin|DragonClaw,Earthquake,RockSlide,Protect|Adamant||M|||50|]Floette-Eternal||Floettite|FlowerVeil|DazzlingGleam,LightofRuin,Moonblast,Protect|Modest||F|||50|]Kingambit||ChopleBerry|Defiant|KowtowCleave,SuckerPunch,IronHead,LowKick|Adamant||F|||50|
|showteam|p2|Scrafty||Scraftinite|Intimidate|DrainPunch,Detect,SwordsDance,KnockOff|Adamant||M|||50|]Grimmsnarl||LightClay|Prankster|Reflect,LightScreen,FakeOut,SpiritBreak|Adamant||M|||50|]Sinistcha-Masterpiece||BrightPowder|Hospitality|TrickRoom,MatchaGotcha,ShadowBall,RagePowder|Quiet|||||50|]Basculegion||ChoiceScarf|Adaptability|WaveCrash,LastRespects,Liquidation,PhantomForce|Jolly||M|||50|]Pelipper||FocusSash|Drizzle|Hurricane,Tailwind,WeatherBall,WideGuard|Modest||M|||50|]Swampert||Swampertite|Damp|Waterfall,WaveCrash,Earthquake,FlipTurn|Adamant||M|||50|
|inactive|Battle timer is ON: inactive players will automatically lose when time's up. (requested by NightshadeAI)
|
|t:|1783582401
|teamsize|p1|4
|teamsize|p2|4
|start
|switch|p1a: Garchomp|Garchomp, L50, M|100/100
|switch|p1b: Whimsicott|Whimsicott, L50, M|100/100
|switch|p2a: Scrafty|Scrafty, L50, M|100/100
|switch|p2b: Grimmsnarl|Grimmsnarl, L50, M|100/100
|-ability|p2a: Scrafty|Intimidate|boost
|-unboost|p1a: Garchomp|atk|1
|-unboost|p1b: Whimsicott|atk|1
|turn|1
|
|t:|1783582416
|detailschange|p2a: Scrafty|Scrafty-Mega, L50, M
|-mega|p2a: Scrafty|Scrafty|Scraftinite
|-ability|p2a: Scrafty|Intimidate|boost
|-unboost|p1a: Garchomp|atk|1
|-unboost|p1b: Whimsicott|atk|1
|move|p1b: Whimsicott|Protect|p1b: Whimsicott
|-singleturn|p1b: Whimsicott|Protect
|move|p2b: Grimmsnarl|Reflect|p2b: Grimmsnarl
|-sidestart|p2: obalapv2|Reflect
|move|p1a: Garchomp|Earthquake|p2b: Grimmsnarl|[spread] p2a,p2b
|-activate|p1b: Whimsicott|move: Protect
|-damage|p2a: Scrafty|84/100
|-damage|p2b: Grimmsnarl|77/100
|-damage|p1a: Garchomp|90/100|[from] item: Life Orb
|move|p2a: Scrafty|Knock Off|p1a: Garchomp
|-damage|p1a: Garchomp|40/100
|-damage|p2a: Scrafty|72/100|[from] ability: Rough Skin|[of] p1a: Garchomp
|-enditem|p1a: Garchomp|Life Orb|[from] move: Knock Off|[of] p2a: Scrafty
|
|upkeep
|turn|2
|
|t:|1783582436
|switch|p2a: Sinistcha|Sinistcha-Masterpiece, L50|100/100
|-heal|p2b: Grimmsnarl|100/100|[from] ability: Hospitality|[of] p2a: Sinistcha
|move|p1b: Whimsicott|Moonblast|p2a: Sinistcha
|-damage|p2a: Sinistcha|69/100
|move|p1a: Garchomp|Rock Slide|p2a: Sinistcha|[spread] p2b
|-miss|p1a: Garchomp|p2a: Sinistcha
|-damage|p2b: Grimmsnarl|91/100
|move|p2b: Grimmsnarl|Spirit Break|p1a: Garchomp
|-supereffective|p1a: Garchomp|1
|-damage|p1a: Garchomp|0 fnt
|-damage|p2b: Grimmsnarl|79/100|[from] ability: Rough Skin|[of] p1a: Garchomp
|faint|p1a: Garchomp
|
|upkeep
|
|t:|1783582436
|switch|p1a: Basculegion|Basculegion, L50, M|100/100
|turn|3
|inactive|obalapv2 has 30 seconds left.
|
|t:|1783582468
|switch|p2b: Scrafty|Scrafty-Mega, L50, M|72/100
|-ability|p2b: Scrafty|Intimidate|boost
|-unboost|p1a: Basculegion|atk|1
|-unboost|p1b: Whimsicott|atk|1
|move|p1b: Whimsicott|Moonblast|p2b: Scrafty
|-supereffective|p2b: Scrafty|2
|-damage|p2b: Scrafty|0 fnt
|faint|p2b: Scrafty
|move|p1a: Basculegion|Wave Crash|p2a: Sinistcha
|-resisted|p2a: Sinistcha|1
|-damage|p2a: Sinistcha|46/100
|-damage|p1a: Basculegion|93/100|[from] Recoil
|move|p2a: Sinistcha|Trick Room|p2a: Sinistcha
|-fieldstart|move: Trick Room|[of] p2a: Sinistcha
|
|upkeep
|
|t:|1783582483
|switch|p2b: Grimmsnarl|Grimmsnarl, L50, M|79/100
|turn|4
|
|t:|1783582491
|move|p2b: Grimmsnarl|Spirit Break|p1a: Basculegion
|-damage|p1a: Basculegion|44/100
|-unboost|p1a: Basculegion|spa|1
|move|p2a: Sinistcha|Matcha Gotcha|p1a: Basculegion|[spread] p1b
|-miss|p2a: Sinistcha|p1a: Basculegion
|-resisted|p1b: Whimsicott|1
|-damage|p1b: Whimsicott|76/100
|-heal|p2a: Sinistcha|57/100|[from] drain|[of] p1b: Whimsicott
|move|p1a: Basculegion|Last Respects|p2a: Sinistcha
|-supereffective|p2a: Sinistcha|1
|-damage|p2a: Sinistcha|1/100
|move|p1b: Whimsicott|Moonblast|p2b: Grimmsnarl
|-supereffective|p2b: Grimmsnarl|1
|-damage|p2b: Grimmsnarl|13/100
|
|upkeep
|turn|5
|
|t:|1783582505
|move|p1a: Basculegion|Aqua Jet|p2b: Grimmsnarl
|-damage|p2b: Grimmsnarl|0 fnt
|faint|p2b: Grimmsnarl
|move|p2a: Sinistcha|Matcha Gotcha|p1b: Whimsicott|[spread] p1a,p1b
|-supereffective|p1a: Basculegion|1
|-resisted|p1b: Whimsicott|1
|-damage|p1a: Basculegion|0 fnt
|-heal|p2a: Sinistcha|27/100|[from] drain|[of] p1a: Basculegion
|-damage|p1b: Whimsicott|54/100
|-heal|p2a: Sinistcha|37/100|[from] drain|[of] p1b: Whimsicott
|faint|p1a: Basculegion
|move|p1b: Whimsicott|Moonblast|p2a: Sinistcha
|-damage|p2a: Sinistcha|5/100
|
|upkeep
|
|t:|1783582509
|switch|p2b: Basculegion|Basculegion, L50, M|100/100
|switch|p1a: Charizard|Charizard, L50, M|100/100
|turn|6
|
|t:|1783582515
|detailschange|p1a: Charizard|Charizard-Mega-Y, L50, M
|-mega|p1a: Charizard|Charizard|Charizardite Y
|-weather|SunnyDay|[from] ability: Drought|[of] p1a: Charizard
|move|p2a: Sinistcha|Shadow Ball|p1a: Charizard
|-damage|p1a: Charizard|56/100
|-unboost|p1a: Charizard|spd|1
|move|p1a: Charizard|Heat Wave|p2a: Sinistcha|[spread] p2a,p2b
|-supereffective|p2a: Sinistcha|1
|-resisted|p2b: Basculegion|1
|-crit|p2b: Basculegion
|-damage|p2a: Sinistcha|0 fnt
|-damage|p2b: Basculegion|33/100
|faint|p2a: Sinistcha
|move|p1b: Whimsicott|Moonblast|p2b: Basculegion
|-damage|p2b: Basculegion|0 fnt
|faint|p2b: Basculegion
|
|win|NightshadeAI
|inactive|NightshadeAI has 30 seconds to confirm battle start!
|inactive|obalapv2 has 30 seconds to confirm battle start!
||obalapv2 is ready for game 2.
|inactive|NightshadeAI has 20 seconds to confirm battle start!
