|j|☆Galleon48
|j|☆takaiga
|html|Galleon48takaiga    
|uhtml|bestof|Game 2 of a best-of-3
|t:|1783305792
|gametype|doubles
|player|p1|Galleon48|hooligans|
|player|p2|takaiga|265|
|gen|9
|tier|[Gen 9 Champions] VGC 2026 Reg M-B (Bo3)
|rule|Species Clause: Limit one of each Pokémon
|rule|Item Clause: Limit 1 of each item
|clearpoke
|poke|p1|Alakazam, L50, F|
|poke|p1|Basculegion, L50, M|
|poke|p1|Farigiraf, L50, F|
|poke|p1|Gourgeist-Super, L50, M|
|poke|p1|Corviknight, L50, M|
|poke|p1|Kleavor, L50, M|
|poke|p2|Tauros, L50, M|
|poke|p2|Hawlucha, L50, M, shiny|
|poke|p2|Kingambit, L50, F, shiny|
|poke|p2|Cofagrigus, L50, F|
|poke|p2|Steelix, L50, M, shiny|
|poke|p2|Floette-Eternal, L50, F, shiny|
|teampreview|4
|showteam|p1|Alakazam||Alakazite|Synchronize|FutureSight,DrainPunch,Protect,Psychic|Serious||F|||50|]Basculegion||ChoiceScarf|Adaptability|FlipTurn,IceBeam,IceFang,PhantomForce|Serious||M|||50|]Farigiraf||ShellBell|ArmorTail|EnergyBall,DazzlingGleam,FoulPlay,MirrorCoat|Serious||F|||50|]Gourgeist-Super||KingsRock|Frisk|FoulPlay,Psychic,Flamethrower,Facade|Serious||M|||50|]Corviknight||FocusSash|Pressure|FlashCannon,BodyPress,IronHead,DrillPeck|Serious||M|||50|]Kleavor||Leftovers|Sharpness|AirSlash,BrickBreak,NightSlash,Counter|Serious||M|||50|
|showteam|p2|Tauros||FocusSash|Intimidate|RockSlide,DoubleEdge,ThroatChop,Protect|Jolly||M|||50|]Hawlucha||Hawluchanite|Limber|BraveBird,ThroatChop,Entrainment,Protect|Adamant||M|||50|]Kingambit||BlackGlasses|SupremeOverlord|KowtowCleave,SuckerPunch,RockTomb,Protect|Adamant||F|||50|]Cofagrigus||Leftovers|Mummy|WillOWisp,TrickRoom,ShadowBall,Disable|Sassy||F|||50|]Steelix||SitrusBerry|Sturdy|Protect,Crunch,Fissure,FireFang|Brave||M|||50|]Floette-Eternal||FairyFeather|FlowerVeil|CalmMind,Wish,Protect,DazzlingGleam|Bold||F|||50|
|j| PhoenixOfZeal
|j| GameCario
|j| KendrickHeadass
|
|t:|1783305824
|teamsize|p1|4
|teamsize|p2|4
|start
|switch|p1a: Gourgeist|Gourgeist-Super, L50, M|100/100
|switch|p1b: Corviknight|Corviknight, L50, M|100/100
|switch|p2a: CAWCAW|Hawlucha, L50, M, shiny|100/100
|switch|p2b: PISSING GOLD|Steelix, L50, M, shiny|100/100
|-ability|p1b: Corviknight|Pressure
|-item|p2a: CAWCAW|Hawluchanite|[from] ability: Frisk|[of] p1a: Gourgeist
|-item|p2b: PISSING GOLD|Sitrus Berry|[from] ability: Frisk|[of] p1a: Gourgeist
|turn|1
|j| indeeded
|
|t:|1783305851
|detailschange|p2a: CAWCAW|Hawlucha-Mega, L50, M, shiny
|-mega|p2a: CAWCAW|Hawlucha|Hawluchanite
|move|p2a: CAWCAW|Entrainment|p2b: PISSING GOLD
|-ability|p2b: PISSING GOLD|No Guard|Sturdy|[from] move: Entrainment|[of] p2a: CAWCAW
|move|p1b: Corviknight|Body Press|p2b: PISSING GOLD
|-supereffective|p2b: PISSING GOLD|1
|-damage|p2b: PISSING GOLD|72/100
|move|p1a: Gourgeist|Psychic|p2a: CAWCAW
|-supereffective|p2a: CAWCAW|1
|-damage|p2a: CAWCAW|65/100
|move|p2b: PISSING GOLD|Fissure|p1a: Gourgeist
|-damage|p1a: Gourgeist|0 fnt
|faint|p1a: Gourgeist
|-ohko
|
|upkeep
|c| PhoenixOfZeal|IT LANDED
|
|t:|1783305869
|switch|p1a: Farigiraf|Farigiraf, L50, F|100/100
|turn|2
|
|t:|1783305888
|move|p2a: CAWCAW|Throat Chop|p1b: Corviknight
|-damage|p1b: Corviknight|72/100
|-start|p1b: Corviknight|Throat Chop|[silent]
|move|p1b: Corviknight|Body Press|p2b: PISSING GOLD
|-supereffective|p2b: PISSING GOLD|1
|-damage|p2b: PISSING GOLD|46/100
|-enditem|p2b: PISSING GOLD|Sitrus Berry|[eat]
|-heal|p2b: PISSING GOLD|70/100|[from] item: Sitrus Berry
|move|p1a: Farigiraf|Dazzling Gleam|p2b: PISSING GOLD|[spread] p2a,p2b
|-supereffective|p2a: CAWCAW|1
|-resisted|p2b: PISSING GOLD|1
|-damage|p2a: CAWCAW|37/100
|-damage|p2b: PISSING GOLD|62/100
|move|p2b: PISSING GOLD|Fissure|p1a: Farigiraf
|-damage|p1a: Farigiraf|0 fnt
|faint|p1a: Farigiraf
|-ohko
|
|upkeep
|
|t:|1783305905
|switch|p1a: Alakazam|Alakazam, L50, F|100/100
|turn|3
|c| GameCario|the entrainment
|
|t:|1783305921
|detailschange|p1a: Alakazam|Alakazam-Mega, L50, F
|-mega|p1a: Alakazam|Alakazam|Alakazite
|-ability|p1a: Alakazam|No Guard|Trace|[from] ability: Trace|[of] p2a: CAWCAW
|move|p1a: Alakazam|Protect|p1a: Alakazam
|-singleturn|p1a: Alakazam|Protect
|move|p2a: CAWCAW|Throat Chop|p1b: Corviknight
|-damage|p1b: Corviknight|47/100
|move|p1b: Corviknight|Body Press|p2b: PISSING GOLD
|-supereffective|p2b: PISSING GOLD|1
|-damage|p2b: PISSING GOLD|35/100
|move|p2b: PISSING GOLD|Fissure|p1a: Alakazam
|-activate|p1a: Alakazam|move: Protect
|
|-end|p1b: Corviknight|Throat Chop|[silent]
|upkeep
|turn|4
|
|t:|1783305941
|move|p1a: Alakazam|Protect||[still]
|-fail|p1a: Alakazam
|move|p2a: CAWCAW|Throat Chop|p1b: Corviknight
|-damage|p1b: Corviknight|21/100
|-start|p1b: Corviknight|Throat Chop|[silent]
|move|p1b: Corviknight|Body Press|p2b: PISSING GOLD
|-supereffective|p2b: PISSING GOLD|1
|-damage|p2b: PISSING GOLD|9/100
|move|p2b: PISSING GOLD|Fissure|p1a: Alakazam
|-damage|p1a: Alakazam|0 fnt
|faint|p1a: Alakazam
|-ohko
|
|upkeep
|turn|5
|
|t:|1783305963
|move|p2a: CAWCAW|Brave Bird|p1b: Corviknight
|-resisted|p1b: Corviknight|1
|-damage|p1b: Corviknight|0 fnt
|faint|p1b: Corviknight
|-damage|p2a: CAWCAW|30/100|[from] Recoil
|
|win|takaiga
|c|☆takaiga|ggs
|c| PhoenixOfZeal|GG
|l| indeeded
|l|☆Galleon48
|player|p1|
