|j|☆bennoVGC
|j|☆tryson69
|html|bennoVGCtryson69    
|uhtml|bestof|Game 1 of a best-of-3
|t:|1756727956
|gametype|doubles
|player|p1|bennoVGC|2|1302
|player|p2|tryson69|crasherwake|1220
|gen|9
|tier|[Gen 9] VGC 2025 Reg H (Bo3)
|rated|
|rule|Species Clause: Limit one of each Pokémon
|rule|Item Clause: Limit 1 of each item
|clearpoke
|poke|p1|Ursaluna, L50, M|
|poke|p1|Hydreigon, L50, F|
|poke|p1|Gholdengo, L50|
|poke|p1|Incineroar, L50, M|
|poke|p1|Amoonguss, L50, F|
|poke|p1|Porygon2, L50|
|poke|p2|Typhlosion-Hisui, L50, M|
|poke|p2|Rillaboom, L50, M|
|poke|p2|Primarina, L50, F|
|poke|p2|Archaludon, L50, M|
|poke|p2|Whimsicott, L50, F|
|poke|p2|Pelipper, L50, F|
|teampreview|4
|showteam|p1|Ursaluna||FlameOrb|Guts|Facade,HeadlongRush,Earthquake,Protect|||M|||50|,,,,,Fairy]Hydreigon||SafetyGoggles|Levitate|DracoMeteor,Snarl,Tailwind,Protect|||F|||50|,,,,,Ghost]Gholdengo||LifeOrb|GoodasGold|MakeItRain,ShadowBall,NastyPlot,Protect||||||50|,,,,,Dragon]Incineroar||AssaultVest|Intimidate|KnockOff,FlareBlitz,Uturn,FakeOut|||M|||50|,,,,,Grass]Amoonguss||CovertCloak|Regenerator|Spore,RagePowder,ClearSmog,PollenPuff|||F|||50|,,,,,Fire]Porygon2||Eviolite|Download|TeraBlast,IceBeam,Recover,TrickRoom||||||50|,,,,,Fairy
|showteam|p2|Typhlosion-Hisui||ChoiceScarf|Blaze|Eruption,HeatWave,Overheat,ShadowBall|||M|||50|,,,,,Fire]Rillaboom||AssaultVest|GrassySurge|WoodHammer,GrassyGlide,HighHorsepower,FakeOut|||M|||50|,,,,,Fire]Primarina||ThroatSpray|LiquidVoice|HyperVoice,Moonblast,Haze,Protect|||F|||50|,,,,,Poison]Archaludon||Leftovers|Stamina|ElectroShot,BodyPress,Protect,DracoMeteor|||M|||50|,,,,,Grass]Whimsicott||CovertCloak|Prankster|Tailwind,Taunt,Moonblast,SunnyDay|||F|||50|,,,,,Water]Pelipper||FocusSash|Drizzle|WeatherBall,Hurricane,WideGuard,Protect|||F|||50|,,,,,Steel
|inactive|Battle timer is ON: inactive players will automatically lose when time's up. (requested by tryson69)
|inactive|bennoVGC has 60 seconds left.
|
|t:|1756728040
|teamsize|p1|4
|teamsize|p2|4
|start
|switch|p1a: Porygon2|Porygon2, L50, shiny|100/100
|switch|p1b: Amoonguss|Amoonguss, L50, F, shiny|100/100
|switch|p2a: Whimsicott|Whimsicott, L50, F|100/100
|switch|p2b: Typhlosion|Typhlosion-Hisui, L50, M|100/100
|-ability|p1a: Porygon2|Download|boost
|-boost|p1a: Porygon2|spa|1
|turn|1
|inactive|bennoVGC has 30 seconds left.
|inactive|tryson69 has 30 seconds left.
|
|t:|1756728077
|-terastallize|p1b: Amoonguss|Fire
|move|p2a: Whimsicott|Taunt|p1b: Amoonguss
|-start|p1b: Amoonguss|move: Taunt
|move|p2b: Typhlosion|Eruption|p1a: Porygon2|[spread] p1a,p1b
|-resisted|p1b: Amoonguss
|-damage|p1a: Porygon2|70/100
|-damage|p1b: Amoonguss|75/100
|cant|p1b: Amoonguss|move: Taunt|Spore
|move|p1a: Porygon2|Trick Room|p1a: Porygon2
|-fieldstart|move: Trick Room|[of] p1a: Porygon2
|
|upkeep
|turn|2
|
|t:|1756728098
|move|p2a: Whimsicott|Sunny Day|p2a: Whimsicott
|-weather|SunnyDay
|move|p1b: Amoonguss|Pollen Puff|p1a: Porygon2
|-heal|p1a: Porygon2|100/100
|move|p1a: Porygon2|Ice Beam|p2a: Whimsicott
|-supereffective|p2a: Whimsicott
|-damage|p2a: Whimsicott|11/100
|move|p2b: Typhlosion|Eruption|p1b: Amoonguss|[spread] p1a,p1b
|-resisted|p1b: Amoonguss
|-damage|p1a: Porygon2|58/100
|-damage|p1b: Amoonguss|38/100
|
|-weather|SunnyDay|[upkeep]
|upkeep
|turn|3
|
|t:|1756728118
|switch|p2a: Archaludon|Archaludon, L50, M|100/100
|move|p1b: Amoonguss|Clear Smog|p1a: Porygon2
|-damage|p1a: Porygon2|49/100
|-clearboost|p1a: Porygon2
|move|p1a: Porygon2|Ice Beam|p2a: Archaludon
|-damage|p2a: Archaludon|80/100
|-ability|p2a: Archaludon|Stamina|boost
|-boost|p2a: Archaludon|def|1
|move|p2b: Typhlosion|Eruption|p1b: Amoonguss|[spread] p1a,p1b
|-resisted|p1b: Amoonguss
|-damage|p1a: Porygon2|5/100
|-damage|p1b: Amoonguss|0 fnt
|faint|p1b: Amoonguss
|
|-weather|SunnyDay|[upkeep]
|-heal|p2a: Archaludon|86/100|[from] item: Leftovers
|upkeep
|
|t:|1756728123
|switch|p1b: Ursaluna|Ursaluna, L50, M|100/100
|turn|4
|inactive|bennoVGC has 30 seconds left.
|inactive|tryson69 has 30 seconds left.
|inactive|bennoVGC has 20 seconds left.
|
|t:|1756728161
|-terastallize|p2a: Archaludon|Grass
|move|p1b: Ursaluna|Protect|p1b: Ursaluna
|-singleturn|p1b: Ursaluna|Protect
|move|p1a: Porygon2|Ice Beam|p2a: Archaludon
|-supereffective|p2a: Archaludon
|-damage|p2a: Archaludon|45/100
|-ability|p2a: Archaludon|Stamina|boost
|-boost|p2a: Archaludon|def|1
|move|p2a: Archaludon|Body Press|p1a: Porygon2
|-supereffective|p1a: Porygon2
|-damage|p1a: Porygon2|0 fnt
|faint|p1a: Porygon2
|move|p2b: Typhlosion|Eruption|p1b: Ursaluna
|-activate|p1b: Ursaluna|move: Protect
|
|-weather|SunnyDay|[upkeep]
|-heal|p2a: Archaludon|51/100|[from] item: Leftovers
|-status|p1b: Ursaluna|brn|[from] item: Flame Orb
|upkeep
|
|t:|1756728168
|switch|p1a: Incineroar|Incineroar, L50, M, shiny|100/100
|-ability|p1a: Incineroar|Intimidate|boost
|-unboost|p2a: Archaludon|atk|1
|-unboost|p2b: Typhlosion|atk|1
|turn|5
|
|t:|1756728177
|switch|p2b: Rillaboom|Rillaboom, L50, M|100/100
|-fieldstart|move: Grassy Terrain|[from] ability: Grassy Surge|[of] p2b: Rillaboom
|move|p2a: Archaludon|Protect|p2a: Archaludon
|-singleturn|p2a: Archaludon|Protect
|move|p1b: Ursaluna|Facade|p2a: Archaludon
|-activate|p2a: Archaludon|move: Protect
|move|p1a: Incineroar|Knock Off|p2b: Rillaboom
|-damage|p2b: Rillaboom|61/100
|-enditem|p2b: Rillaboom|Assault Vest|[from] move: Knock Off|[of] p1a: Incineroar
|
|-weather|SunnyDay|[upkeep]
|-heal|p2a: Archaludon|57/100|[from] Grassy Terrain
|-heal|p2a: Archaludon|63/100|[from] item: Leftovers
|-heal|p2b: Rillaboom|67/100|[from] Grassy Terrain
|-damage|p1b: Ursaluna|95/100 brn|[from] brn
|-fieldend|move: Trick Room
|upkeep
|turn|6
|
|t:|1756728199
|move|p2b: Rillaboom|Fake Out|p1a: Incineroar
|-damage|p1a: Incineroar|86/100
|cant|p1a: Incineroar|flinch
|move|p2a: Archaludon|Body Press|p1b: Ursaluna
|-supereffective|p1b: Ursaluna
|-damage|p1b: Ursaluna|20/100 brn
|move|p1b: Ursaluna|Facade|p2a: Archaludon
|-damage|p2a: Archaludon|16/100
|-ability|p2a: Archaludon|Stamina|boost
|-boost|p2a: Archaludon|def|1
|
|-weather|none
|-heal|p2b: Rillaboom|72/100|[from] Grassy Terrain
|-heal|p1a: Incineroar|92/100|[from] Grassy Terrain
|-heal|p2a: Archaludon|22/100|[from] Grassy Terrain
|-heal|p2a: Archaludon|28/100|[from] item: Leftovers
|-heal|p1b: Ursaluna|26/100 brn|[from] Grassy Terrain
|-damage|p1b: Ursaluna|20/100 brn|[from] brn
|upkeep
|turn|7
|
|t:|1756728214
|move|p1b: Ursaluna|Protect|p1b: Ursaluna
|-singleturn|p1b: Ursaluna|Protect
|move|p2b: Rillaboom|High Horsepower|p1a: Incineroar
|-supereffective|p1a: Incineroar
|-damage|p1a: Incineroar|25/100
|move|p1a: Incineroar|Flare Blitz|p2a: Archaludon
|-supereffective|p2a: Archaludon
|-damage|p2a: Archaludon|0 fnt
|faint|p2a: Archaludon
|-damage|p1a: Incineroar|15/100|[from] Recoil
|
|-heal|p2b: Rillaboom|78/100|[from] Grassy Terrain
|-heal|p1a: Incineroar|22/100|[from] Grassy Terrain
|-heal|p1b: Ursaluna|26/100 brn|[from] Grassy Terrain
|-damage|p1b: Ursaluna|20/100 brn|[from] brn
|upkeep
|
|t:|1756728222
|switch|p2a: Typhlosion|Typhlosion-Hisui, L50, M|100/100
|turn|8
|
|t:|1756728234
|move|p2a: Typhlosion|Eruption|p1a: Incineroar|[spread] p1a,p1b
|-resisted|p1a: Incineroar
|-damage|p1a: Incineroar|2/100
|-damage|p1b: Ursaluna|0 fnt
|faint|p1b: Ursaluna
|move|p2b: Rillaboom|High Horsepower|p1a: Incineroar
|-supereffective|p1a: Incineroar
|-damage|p1a: Incineroar|0 fnt
|faint|p1a: Incineroar
|
|win|tryson69
||bennoVGC is ready for game 2.
||tryson69 is ready for game 2.
|uhtml|next|Next: Game 2 of 3
|l|☆bennoVGC
|player|p1|
