|j|☆AbadanRiyi92
|j|‽blastsnow
|html|AbadanRiyi92blastsnow    
|uhtml|bestof|Game 2 of a best-of-3
|t:|1785511412
|gametype|doubles
|player|p1|AbadanRiyi92|colress|1191
|player|p2|blastsnow|red|1151
|gen|9
|tier|[Gen 9 Champions] VGC 2026 Reg M-B (Bo3)
|rated|
|rule|Species Clause: Limit one of each Pokémon
|rule|Item Clause: Limit 1 of each item
|clearpoke
|poke|p1|Gengar, L50, F, shiny|
|poke|p1|Maushold-Four, L50|
|poke|p1|Annihilape, L50, M|
|poke|p1|Incineroar, L50, M|
|poke|p1|Politoed, L50, M, shiny|
|poke|p1|Archaludon, L50, M|
|poke|p2|Blastoise, L50, F, shiny|
|poke|p2|Farigiraf, L50, M|
|poke|p2|Pelipper, L50, M|
|poke|p2|Dragonite, L50, M|
|poke|p2|Sneasler, L50, F|
|poke|p2|Overqwil, L50, M|
|teampreview|4
|showteam|p1|Gengar||Gengarite|CursedBody|ShadowBall,Disable,PerishSong,Protect|Timid||F|||50|]Maushold-Four||FocusSash|FriendGuard|FollowMe,Encore,BeatUp,Protect|Jolly|||||50|]Annihilape||RoseliBerry|Defiant|RageFist,CloseCombat,Encore,Protect|Jolly||M|||50|]Incineroar||PasshoBerry|Intimidate|PartingShot,ThroatChop,Protect,FakeOut|Sassy||M|||50|]Politoed||SitrusBerry|Drizzle|WeatherBall,Encore,PerishSong,Protect|Calm||M|||50|]Archaludon||Leftovers|Stamina|DragonPulse,FlashCannon,ElectroShot,Protect|Bold||M|||50|
|showteam|p2|Blastoise||Blastoisinite|RainDish|AuraSphere,WaterSpout,WaterPulse,Protect|Quiet||F|||50|]Farigiraf||SitrusBerry|ArmorTail|Protect,TrickRoom,HelpingHand,Psychic|Sassy||M|||50|]Pelipper||DampRock|Drizzle|Hurricane,WeatherBall,Protect,Roost|Bold||M|||50|]Dragonite||Dragoninite|Multiscale|DracoMeteor,Hurricane,Thunder,Protect|Modest||M|||50|]Sneasler||FocusSash|Unburden|CloseCombat,DireClaw,Protect,FakeOut|Adamant||F|||50|]Overqwil||LifeOrb|SwiftSwim|Crunch,Liquidation,PoisonJab,Protect|Adamant||M|||50|
|inactive|Battle timer is ON: inactive players will automatically lose when time's up. (requested by blastsnow)
|
|t:|1785511443
|teamsize|p1|4
|teamsize|p2|4
|start
|switch|p1a: Annihilape|Annihilape, L50, M|100/100
|switch|p1b: Maushold|Maushold-Four, L50|100/100
|switch|p2a: Overqwil|Overqwil, L50, M|100/100
|switch|p2b: Dragonite|Dragonite, L50, M|100/100
|turn|1
|inactive|AbadanRiyi92 has 30 seconds left.
|inactive|AbadanRiyi92 has 20 seconds left.
|inactive|AbadanRiyi92 has 15 seconds left.
|
|t:|1785511485
|switch|p2a: Pelipper|Pelipper, L50, M|100/100
|-weather|RainDance|[from] ability: Drizzle|[of] p2a: Pelipper
|detailschange|p2b: Dragonite|Dragonite-Mega, L50, M
|-mega|p2b: Dragonite|Dragonite|Dragoninite
|move|p1b: Maushold|Beat Up|p1a: Annihilape
|-damage|p1a: Annihilape|97/100
|-damage|p1a: Annihilape|94/100
|-damage|p1a: Annihilape|92/100
|-damage|p1a: Annihilape|89/100
|-hitcount|p1a: Annihilape|4
|move|p1a: Annihilape|Rage Fist|p2a: Pelipper
|-damage|p2a: Pelipper|14/100
|move|p2b: Dragonite|Hurricane|p1a: Annihilape
|-supereffective|p1a: Annihilape|1
|-damage|p1a: Annihilape|0 fnt
|faint|p1a: Annihilape
|
|-weather|RainDance|[upkeep]
|upkeep
|
|t:|1785511504
|switch|p1a: Archaludon|Archaludon, L50, M|100/100
|turn|2
|inactive|AbadanRiyi92 has 30 seconds left.
|
|t:|1785511535
|move|p1b: Maushold|Beat Up|p2a: Pelipper
|-damage|p2a: Pelipper|12/100
|-damage|p2a: Pelipper|10/100
|-damage|p2a: Pelipper|7/100
|-hitcount|p2a: Pelipper|3
|move|p2b: Dragonite|Draco Meteor|p1a: Archaludon
|-damage|p1a: Archaludon|44/100
|-unboost|p2b: Dragonite|spa|2
|-ability|p1a: Archaludon|Stamina|boost
|-boost|p1a: Archaludon|def|1
|move|p1a: Archaludon|Electro Shot||[still]
|-prepare|p1a: Archaludon|Electro Shot
|-boost|p1a: Archaludon|spa|1
|-anim|p1a: Archaludon|Electro Shot|p2b: Dragonite
|-damage|p2b: Dragonite|81/100
|move|p2a: Pelipper|Hurricane|p1b: Maushold
|-damage|p1b: Maushold|51/100
|
|-weather|RainDance|[upkeep]
|-heal|p1a: Archaludon|50/100g|[from] item: Leftovers
|upkeep
|turn|3
|inactive|AbadanRiyi92 has 30 seconds left.
|inactive|blastsnow has 30 seconds left.
|inactive|AbadanRiyi92 has 20 seconds left.
|inactive|AbadanRiyi92 has 15 seconds left.
|
|t:|1785511577
|switch|p2b: Sneasler|Sneasler, L50, F|100/100
|move|p2a: Pelipper|Protect|p2a: Pelipper
|-singleturn|p2a: Pelipper|Protect
|move|p1b: Maushold|Beat Up|p2a: Pelipper
|-activate|p2a: Pelipper|move: Protect
|move|p1a: Archaludon|Electro Shot||[still]
|-prepare|p1a: Archaludon|Electro Shot
|-boost|p1a: Archaludon|spa|1
|-anim|p1a: Archaludon|Electro Shot|p2b: Sneasler
|-enditem|p2b: Sneasler|Focus Sash
|-damage|p2b: Sneasler|1/100
|
|-weather|RainDance|[upkeep]
|-heal|p1a: Archaludon|56/100|[from] item: Leftovers
|upkeep
|turn|4
|inactive|AbadanRiyi92 has 30 seconds left.
|
|t:|1785511611
|move|p2b: Sneasler|Fake Out|p1b: Maushold
|-damage|p1b: Maushold|29/100
|cant|p1b: Maushold|flinch
|move|p1a: Archaludon|Electro Shot||[still]
|-prepare|p1a: Archaludon|Electro Shot
|-boost|p1a: Archaludon|spa|1
|-anim|p1a: Archaludon|Electro Shot|p2b: Sneasler
|-damage|p2b: Sneasler|0 fnt
|faint|p2b: Sneasler
|move|p2a: Pelipper|Weather Ball|p1b: Maushold
|-damage|p1b: Maushold|0 fnt
|faint|p1b: Maushold
|
|-weather|RainDance|[upkeep]
|-heal|p1a: Archaludon|62/100|[from] item: Leftovers
|upkeep
|
|t:|1785511627
|switch|p1b: Politoed|Politoed, L50, M, shiny|100/100
|switch|p2b: Overqwil|Overqwil, L50, M|100/100
|turn|5
|
|t:|1785511647
|move|p2b: Overqwil|Poison Jab|p1b: Politoed
|-damage|p1b: Politoed|49/100
|-enditem|p1b: Politoed|Sitrus Berry|[eat]
|-heal|p1b: Politoed|74/100|[from] item: Sitrus Berry
|-damage|p2b: Overqwil|90/100|[from] item: Life Orb
|move|p1a: Archaludon|Electro Shot||[still]
|-prepare|p1a: Archaludon|Electro Shot
|-boost|p1a: Archaludon|spa|1
|-anim|p1a: Archaludon|Electro Shot|p2b: Overqwil
|-damage|p2b: Overqwil|0 fnt
|faint|p2b: Overqwil
|move|p1b: Politoed|Weather Ball|p2a: Pelipper
|-resisted|p2a: Pelipper|1
|-damage|p2a: Pelipper|0 fnt
|faint|p2a: Pelipper
|
|-weather|RainDance|[upkeep]
|-heal|p1a: Archaludon|68/100|[from] item: Leftovers
|upkeep
|
|t:|1785511664
|switch|p2a: Dragonite|Dragonite-Mega, L50, M|81/100
|turn|6
|
|t:|1785511687
|move|p2a: Dragonite|Thunder|p1b: Politoed
|-supereffective|p1b: Politoed|1
|-crit|p1b: Politoed
|-damage|p1b: Politoed|0 fnt
|faint|p1b: Politoed
|move|p1a: Archaludon|Dragon Pulse|p2a: Dragonite
|-supereffective|p2a: Dragonite|1
|-damage|p2a: Dragonite|0 fnt
|faint|p2a: Dragonite
|
|win|AbadanRiyi92
|l|‽blastsnow
|player|p2|
||blastsnow is ready for game 3.
|inactive|AbadanRiyi92 has 30 seconds to confirm battle start!
