|j|☆Jiaco5
|j|☆BlRD BOY
|html|Jiaco5BlRD BOY    
|uhtml|bestof|Game 2 of a best-of-3
|t:|1783483504
|gametype|doubles
|player|p1|Jiaco5|265|1220
|player|p2|BlRD BOY|brycen|1162
|gen|9
|tier|[Gen 9 Champions] VGC 2026 Reg M-B (Bo3)
|rated|
|rule|Species Clause: Limit one of each Pokémon
|rule|Item Clause: Limit 1 of each item
|clearpoke
|poke|p1|Blastoise, L50, F|
|poke|p1|Sinistcha, L50|
|poke|p1|Delphox, L50, F|
|poke|p1|Sneasler, L50, M|
|poke|p1|Incineroar, L50, M|
|poke|p1|Kingambit, L50, F|
|poke|p2|Torkoal, L50, M|
|poke|p2|Avalugg-Hisui, L50, M|
|poke|p2|Farigiraf, L50, M|
|poke|p2|Scrafty, L50, F|
|poke|p2|Typhlosion-Hisui, L50, F|
|poke|p2|Sinistcha-Masterpiece, L50|
|teampreview|4
|showteam|p1|Blastoise||Blastoisinite|RainDish|WaterSpout,DarkPulse,ShellSmash,Protect|Modest||F|||50|]Sinistcha||OccaBerry|Hospitality|MatchaGotcha,LifeDew,RagePowder,Protect|Relaxed|||||50|]Delphox||Delphoxite|Blaze|HeatWave,Psyshock,NastyPlot,Protect|Timid||F|||50|]Sneasler||FocusSash|PoisonTouch|CloseCombat,DireClaw,FakeOut,QuickGuard|Jolly||M|||50|]Incineroar||SitrusBerry|Intimidate|FlareBlitz,FakeOut,HelpingHand,PartingShot|Impish||M|||50|]Kingambit||BlackGlasses|Defiant|KowtowCleave,SuckerPunch,SwordsDance,Protect|Adamant||F|||50|
|showteam|p2|Torkoal||Charcoal|Drought|Protect,Eruption,WeatherBall,HelpingHand|Quiet||M|||50|]Avalugg-Hisui||WideLens|Sturdy|MountainGale,RockSlide,BodyPress,WideGuard|Brave||M|||50|]Farigiraf||SitrusBerry|ArmorTail|PsychicFangs,Thunderbolt,HelpingHand,TrickRoom|Relaxed||M|||50|]Scrafty||Scraftinite|Intimidate|Detect,KnockOff,CloseCombat,FakeOut|Brave||F|||50|]Typhlosion-Hisui||ChoiceScarf|Frisk|Eruption,HeatWave,ShadowBall,SolarBeam|Modest||F|||50|]Sinistcha-Masterpiece||KasibBerry|Hospitality|MatchaGotcha,LifeDew,RagePowder,TrickRoom|Sassy|||||50|
|
|t:|1783483523
|teamsize|p1|4
|teamsize|p2|4
|start
|switch|p1a: Kingambit|Kingambit, L50, F|100/100
|switch|p1b: Sinistcha|Sinistcha, L50|100/100
|switch|p2a: Farigiraf|Farigiraf, L50, M|100/100
|switch|p2b: Scrafty|Scrafty, L50, F|100/100
|-ability|p2b: Scrafty|Intimidate|boost
|-unboost|p1a: Kingambit|atk|1
|-ability|p1a: Kingambit|Defiant|boost
|-boost|p1a: Kingambit|atk|2
|-unboost|p1b: Sinistcha|atk|1
|turn|1
|
|t:|1783483540
|switch|p1b: Incineroar|Incineroar, L50, M|100/100
|-ability|p1b: Incineroar|Intimidate|boost
|-unboost|p2a: Farigiraf|atk|1
|-unboost|p2b: Scrafty|atk|1
|move|p1a: Kingambit|Protect|p1a: Kingambit
|-singleturn|p1a: Kingambit|Protect
|move|p2b: Scrafty|Fake Out|p1a: Kingambit
|-activate|p1a: Kingambit|move: Protect
|move|p2a: Farigiraf|Trick Room|p2a: Farigiraf
|-fieldstart|move: Trick Room|[of] p2a: Farigiraf
|
|upkeep
|turn|2
|j| sfnlsflpiplup
|
|t:|1783483565
|switch|p2a: Torkoal|Torkoal, L50, M|100/100
|-weather|SunnyDay|[from] ability: Drought|[of] p2a: Torkoal
|move|p2b: Scrafty|Close Combat|p1a: Kingambit
|-supereffective|p1a: Kingambit|2
|-damage|p1a: Kingambit|0 fnt
|-unboost|p2b: Scrafty|def|1
|-unboost|p2b: Scrafty|spd|1
|faint|p1a: Kingambit
|move|p1b: Incineroar|Parting Shot|p2b: Scrafty
|-unboost|p2b: Scrafty|atk|1
|-unboost|p2b: Scrafty|spa|1
|
|t:|1783483575
|switch|p1b: Delphox|Delphox, L50, F|100/100|[from] Parting Shot
|
|-weather|SunnyDay|[upkeep]
|upkeep
|
|t:|1783483580
|switch|p1a: Incineroar|Incineroar, L50, M|100/100
|-ability|p1a: Incineroar|Intimidate|boost
|-unboost|p2a: Torkoal|atk|1
|-unboost|p2b: Scrafty|atk|1
|turn|3
|
|t:|1783483589
|switch|p2b: Farigiraf|Farigiraf, L50, M|100/100
|detailschange|p1b: Delphox|Delphox-Mega, L50, F
|-mega|p1b: Delphox|Delphox|Delphoxite
|move|p1a: Incineroar|Fake Out||[still]
|cant|p2b: Farigiraf|ability: Armor Tail|Fake Out|[of] p1a: Incineroar
|move|p2a: Torkoal|Eruption|p1b: Delphox|[spread] p1a,p1b
|-resisted|p1a: Incineroar|1
|-resisted|p1b: Delphox|1
|-damage|p1a: Incineroar|64/100
|-damage|p1b: Delphox|64/100
|move|p1b: Delphox|Nasty Plot|p1b: Delphox
|-boost|p1b: Delphox|spa|2
|
|-weather|SunnyDay|[upkeep]
|upkeep
|turn|4
|
|t:|1783483617
|move|p2b: Farigiraf|Helping Hand|p2a: Torkoal
|-singleturn|p2a: Torkoal|Helping Hand|[of] p2b: Farigiraf
|move|p1a: Incineroar|Helping Hand|p1b: Delphox
|-singleturn|p1b: Delphox|Helping Hand|[of] p1a: Incineroar
|move|p2a: Torkoal|Eruption|p1b: Delphox|[spread] p1a,p1b
|-resisted|p1a: Incineroar|1
|-resisted|p1b: Delphox|1
|-damage|p1a: Incineroar|5/100
|-damage|p1b: Delphox|7/100
|-enditem|p1a: Incineroar|Sitrus Berry|[eat]
|-heal|p1a: Incineroar|30/100|[from] item: Sitrus Berry
|move|p1b: Delphox|Heat Wave|p2a: Torkoal|[spread] p2a,p2b
|-resisted|p2a: Torkoal|1
|-damage|p2a: Torkoal|0 fnt
|-damage|p2b: Farigiraf|0 fnt
|faint|p2a: Torkoal
|faint|p2b: Farigiraf
|
|-weather|SunnyDay|[upkeep]
|upkeep
|
|t:|1783483626
|switch|p2a: Scrafty|Scrafty, L50, F|100/100
|switch|p2b: Avalugg|Avalugg-Hisui, L50, M|100/100
|-ability|p2a: Scrafty|Intimidate|boost
|-unboost|p1a: Incineroar|atk|1
|-unboost|p1b: Delphox|atk|1
|turn|5
|
|t:|1783483662
|switch|p1a: Sinistcha|Sinistcha, L50|100/100
|-heal|p1b: Delphox|31/100|[from] ability: Hospitality|[of] p1a: Sinistcha
|move|p1b: Delphox|Protect|p1b: Delphox
|-singleturn|p1b: Delphox|Protect
|move|p2b: Avalugg|Rock Slide|p1a: Sinistcha|[spread] p1a
|-activate|p1b: Delphox|move: Protect
|-damage|p1a: Sinistcha|74/100
|move|p2a: Scrafty|Knock Off|p1a: Sinistcha
|-supereffective|p1a: Sinistcha|1
|-damage|p1a: Sinistcha|2/100
|-enditem|p1a: Sinistcha|Occa Berry|[from] move: Knock Off|[of] p2a: Scrafty
|
|-weather|SunnyDay|[upkeep]
|-fieldend|move: Trick Room
|upkeep
|turn|6
|
|t:|1783483692
|move|p2b: Avalugg|Wide Guard|p2b: Avalugg
|-singleturn|p2b: Avalugg|Wide Guard
|move|p1b: Delphox|Psyshock|p2b: Avalugg
|-damage|p2b: Avalugg|52/100
|move|p1a: Sinistcha|Matcha Gotcha|p2b: Avalugg|[spread] 
|-activate|p2a: Scrafty|move: Wide Guard
|-activate|p2b: Avalugg|move: Wide Guard
|move|p2a: Scrafty|Knock Off|p1b: Delphox
|-supereffective|p1b: Delphox|1
|-damage|p1b: Delphox|0 fnt
|faint|p1b: Delphox
|
|-weather|none
|upkeep
|l| sfnlsflpiplup
|
|t:|1783483699
|switch|p1b: Incineroar|Incineroar, L50, M|30/100
|-ability|p1b: Incineroar|Intimidate|boost
|-unboost|p2a: Scrafty|atk|1
|-unboost|p2b: Avalugg|atk|1
|turn|7
|-message|Jiaco5 forfeited.
|raw|Jiaco5's rating: 1220 → 1191(-29 for losing)
|raw|BlRD BOY's rating: 1162 → 1191(+29 for winning)
|
|win|BlRD BOY
