|j|☆KittyKennedy
|j|☆chefbenboyrd
|html|KittyKennedychefbenboyrd    
|uhtml|bestof|Game 2 of a best-of-3
|t:|1756856563
|gametype|doubles
|player|p1|KittyKennedy|lyra|1080
|player|p2|chefbenboyrd|brawly|1050
|gen|9
|tier|[Gen 9] VGC 2025 Reg H (Bo3)
|rated|
|rule|Species Clause: Limit one of each Pokémon
|rule|Item Clause: Limit 1 of each item
|clearpoke
|poke|p1|Pelipper, L50, F|
|poke|p1|Archaludon, L50, F|
|poke|p1|Incineroar, L50, M|
|poke|p1|Conkeldurr, L50, M|
|poke|p1|Golurk, L50|
|poke|p1|Serperior, L50, M|
|poke|p2|Whimsicott, L50, M|
|poke|p2|Hydreigon, L50, M|
|poke|p2|Grimmsnarl, L50, M|
|poke|p2|Incineroar, L50, F|
|poke|p2|Gholdengo, L50|
|poke|p2|Annihilape, L50, M|
|teampreview|4
|showteam|p1|Pelipper||FocusSash|Drizzle|WeatherBall,Hurricane,Tailwind,Protect|||F|||50|,,,,,Ground]Archaludon||PowerHerb|Sturdy|ElectroShot,Protect,FlashCannon,DragonPulse|||F|||50|,,,,,Electric]Incineroar||SafetyGoggles|Intimidate|FlareBlitz,KnockOff,PartingShot,FakeOut|||M|||50|,,,,,Ghost]Conkeldurr||Leftovers|IronFist|DrainPunch,MachPunch,StoneEdge,Detect|||M|||50|,,,,,Ghost]Golurk||AssaultVest|NoGuard|HighHorsepower,Poltergeist,DynamicPunch,BrickBreak||||||50|,,,,,Dark]Serperior||CovertCloak|Contrary|LeafStorm,LightScreen,TeraBlast,Protect|||M|||50|,,,,,Stellar
|showteam|p2|Whimsicott||FocusSash|Prankster|SunnyDay,Encore,Tailwind,Moonblast|||M|||50|,,,,,Ghost]Hydreigon||ChoiceSpecs|Levitate|HeatWave,DracoMeteor,Snarl,DarkPulse|||M|||50|,,,,,Fire]Grimmsnarl||LightClay|Prankster|SpiritBreak,Reflect,LightScreen,ThunderWave|||M|||50|,,,,,Steel]Incineroar||SafetyGoggles|Intimidate|KnockOff,FakeOut,PartingShot,FlareBlitz|||F|||50|,,,,,Ghost]Gholdengo||LifeOrb|GoodasGold|Protect,MakeItRain,ShadowBall,NastyPlot||||||50|,,,,,Water]Annihilape||SitrusBerry|Defiant|Protect,Taunt,RageFist,DrainPunch|||M|||50|,,,,,Fairy
|inactive|Battle timer is ON: inactive players will automatically lose when time's up. (requested by chefbenboyrd)
|
|t:|1756856596
|teamsize|p1|4
|teamsize|p2|4
|start
|switch|p1a: Serperior|Serperior, L50, M|100/100
|switch|p1b: Golurk|Golurk, L50|100/100
|switch|p2a: Whimsicott|Whimsicott, L50, M|100/100
|switch|p2b: Hydreigon|Hydreigon, L50, M|100/100
|turn|1
|
|t:|1756856615
|-terastallize|p2b: Hydreigon|Fire
|move|p2a: Whimsicott|Sunny Day|p2a: Whimsicott
|-weather|SunnyDay
|move|p2b: Hydreigon|Heat Wave|p1b: Golurk|[spread] p1a,p1b
|-supereffective|p1a: Serperior
|-crit|p1b: Golurk
|-damage|p1a: Serperior|0 fnt
|-damage|p1b: Golurk|5/100
|faint|p1a: Serperior
|move|p1b: Golurk|Dynamic Punch|p2b: Hydreigon
|-damage|p2b: Hydreigon|64/100
|-start|p2b: Hydreigon|confusion
|
|-weather|SunnyDay|[upkeep]
|upkeep
|
|t:|1756856628
|switch|p1a: Archaludon|Archaludon, L50, F|100/100
|turn|2
|
|t:|1756856636
|switch|p1b: Pelipper|Pelipper, L50, F|100/100
|-weather|RainDance|[from] ability: Drizzle|[of] p1b: Pelipper
|move|p2a: Whimsicott|Moonblast|p1a: Archaludon
|-damage|p1a: Archaludon|67/100
|-activate|p2b: Hydreigon|confusion
|move|p2b: Hydreigon|Heat Wave|p1b: Pelipper|[spread] p1a,p1b
|-resisted|p1b: Pelipper
|-damage|p1a: Archaludon|37/100
|-damage|p1b: Pelipper|75/100
|move|p1a: Archaludon|Electro Shot||[still]
|-prepare|p1a: Archaludon|Electro Shot
|-boost|p1a: Archaludon|spa|1
|-anim|p1a: Archaludon|Electro Shot|p2b: Hydreigon
|-damage|p2b: Hydreigon|0 fnt
|faint|p2b: Hydreigon
|
|-weather|RainDance|[upkeep]
|upkeep
|
|t:|1756856651
|switch|p2b: Gholdengo|Gholdengo, L50|100/100
|turn|3
|
|t:|1756856665
|switch|p1a: Golurk|Golurk, L50|5/100
|move|p2a: Whimsicott|Sunny Day|p2a: Whimsicott
|-weather|SunnyDay
|move|p2b: Gholdengo|Shadow Ball|p1a: Golurk
|-supereffective|p1a: Golurk
|-damage|p1a: Golurk|0 fnt
|faint|p1a: Golurk
|-damage|p2b: Gholdengo|91/100|[from] item: Life Orb
|move|p1b: Pelipper|Tailwind|p1b: Pelipper
|-sidestart|p1: KittyKennedy|move: Tailwind
|
|-weather|SunnyDay|[upkeep]
|upkeep
|
|t:|1756856676
|switch|p1a: Archaludon|Archaludon, L50, F|37/100
|turn|4
|
|t:|1756856682
|-terastallize|p1a: Archaludon|Electric
|move|p1b: Pelipper|Protect|p1b: Pelipper
|-singleturn|p1b: Pelipper|Protect
|move|p2a: Whimsicott|Tailwind|p2a: Whimsicott
|-sidestart|p2: chefbenboyrd|move: Tailwind
|move|p2b: Gholdengo|Shadow Ball|p1a: Archaludon
|-damage|p1a: Archaludon|0 fnt
|faint|p1a: Archaludon
|-damage|p2b: Gholdengo|82/100|[from] item: Life Orb
|
|-weather|SunnyDay|[upkeep]
|upkeep
|turn|5
|
|t:|1756856694
|move|p2a: Whimsicott|Moonblast|p1b: Pelipper
|-damage|p1b: Pelipper|11/100
|move|p2b: Gholdengo|Make It Rain|p1b: Pelipper
|-resisted|p1b: Pelipper
|-damage|p1b: Pelipper|0 fnt
|-unboost|p2b: Gholdengo|spa|1
|faint|p1b: Pelipper
|-damage|p2b: Gholdengo|72/100|[from] item: Life Orb
|
|win|chefbenboyrd
||KittyKennedy is ready for game 3.
