|j|☆WallType
|j|☆JoshSketch
|html|WallTypeJoshSketch    
|uhtml|bestof|Game 1 of a best-of-3
|t:|1757709217
|gametype|doubles
|player|p1|WallType|1|1194
|player|p2|JoshSketch|101|1044
|gen|9
|tier|[Gen 9] VGC 2025 Reg H (Bo3)
|rated|
|rule|Species Clause: Limit one of each Pokémon
|rule|Item Clause: Limit 1 of each item
|clearpoke
|poke|p1|Archaludon, L50, M|
|poke|p1|Incineroar, L50, F|
|poke|p1|Dragonite, L50, M|
|poke|p1|Whimsicott, L50, M|
|poke|p1|Annihilape, L50, F|
|poke|p1|Ursaluna-Bloodmoon, L50, M|
|poke|p2|Gholdengo, L50|
|poke|p2|Sneasler, L50, F|
|poke|p2|Incineroar, L50, M|
|poke|p2|Amoonguss, L50, F|
|poke|p2|Dragonite, L50, F|
|poke|p2|Ursaluna-Bloodmoon, L50, M|
|teampreview|4
|showteam|p1|Archaludon||PowerHerb|Stalwart|Thunderbolt,ElectroShot,DragonPulse,Protect|||M|||50|,,,,,Electric]Incineroar||SitrusBerry|Intimidate|FakeOut,KnockOff,PartingShot,FlareBlitz|||F|||50|,,,,,Grass]Dragonite||LoadedDice|Multiscale|ScaleShot,Protect,ExtremeSpeed,Haze|||M|||50|,,,,,Steel]Whimsicott||FocusSash|Prankster|Moonblast,FakeTears,Encore,Tailwind|||M|||50|,,,,,Ghost]Annihilape||SafetyGoggles|Defiant|Coaching,CloseCombat,FinalGambit,RageFist|||F|||50|,,,,,Water]Ursaluna-Bloodmoon||AssaultVest|MindsEye|HyperVoice,EarthPower,BloodMoon,VacuumWave|||M|||50|,,,,,Ghost
|showteam|p2|Gholdengo||LifeOrb|GoodasGold|MakeItRain,ShadowBall,NastyPlot,Protect||||||50|,,,,,Water]Sneasler||FocusSash|PoisonTouch|FakeOut,CloseCombat,DireClaw,Protect|||F|||50|,,,,,Stellar]Incineroar||SafetyGoggles|Intimidate|FakeOut,FlareBlitz,KnockOff,PartingShot|||M|||50|,,,,,Ghost]Amoonguss||SitrusBerry|Regenerator|Spore,RagePowder,PollenPuff,Protect|||F|||50|,,,,,Water]Dragonite||LoadedDice|Multiscale|ScaleShot,Haze,Tailwind,ExtremeSpeed|||F|||50|,,,,,Fairy]Ursaluna-Bloodmoon||AssaultVest|MindsEye|HyperVoice,BloodMoon,EarthPower,VacuumWave|||M|||50|,,,,,Normal
|
|t:|1757709276
|teamsize|p1|4
|teamsize|p2|4
|start
|switch|p1a: Whimsicott|Whimsicott, L50, M|100/100
|switch|p1b: Annihilape|Annihilape, L50, F|100/100
|switch|p2a: Amoonguss|Amoonguss, L50, F|100/100
|switch|p2b: Ursaluna|Ursaluna-Bloodmoon, L50, M|100/100
|turn|1
|
|t:|1757709310
|-terastallize|p2b: Ursaluna|Normal
|move|p2a: Amoonguss|Rage Powder|p2a: Amoonguss
|-singleturn|p2a: Amoonguss|move: Rage Powder
|move|p1a: Whimsicott|Moonblast|p2b: Ursaluna
|-damage|p2b: Ursaluna|83/100
|-unboost|p2b: Ursaluna|spa|1
|move|p1b: Annihilape|Close Combat|p2b: Ursaluna
|-supereffective|p2b: Ursaluna
|-damage|p2b: Ursaluna|0 fnt
|-unboost|p1b: Annihilape|def|1
|-unboost|p1b: Annihilape|spd|1
|faint|p2b: Ursaluna
|
|upkeep
|
|t:|1757709333
|switch|p2b: Sneasler|Sneasler, L50, F|100/100
|turn|2
|
|t:|1757709361
|switch|p2a: Gholdengo|Gholdengo, L50|100/100
|move|p1a: Whimsicott|Tailwind|p1a: Whimsicott
|-sidestart|p1: WallType|move: Tailwind
|move|p1b: Annihilape|Rage Fist|p2b: Sneasler
|-damage|p2b: Sneasler|64/100
|move|p2b: Sneasler|Dire Claw|p1a: Whimsicott
|-supereffective|p1a: Whimsicott
|-enditem|p1a: Whimsicott|Focus Sash
|-damage|p1a: Whimsicott|1/100
|-status|p1a: Whimsicott|par
|
|upkeep
|turn|3
|
|t:|1757709383
|switch|p1b: Incineroar|Incineroar, L50, F|100/100
|-ability|p1b: Incineroar|Intimidate|boost
|-unboost|p2a: Gholdengo|atk|1
|-unboost|p2b: Sneasler|atk|1
|move|p2b: Sneasler|Dire Claw|p1b: Incineroar
|-damage|p1b: Incineroar|75/100
|cant|p1a: Whimsicott|par
|move|p2a: Gholdengo|Nasty Plot|p2a: Gholdengo
|-boost|p2a: Gholdengo|spa|2
|
|upkeep
|turn|4
|
|t:|1757709402
|switch|p1a: Annihilape|Annihilape, L50, F|100/100
|move|p2a: Gholdengo|Protect|p2a: Gholdengo
|-singleturn|p2a: Gholdengo|Protect
|move|p2b: Sneasler|Close Combat|p1b: Incineroar
|-supereffective|p1b: Incineroar
|-damage|p1b: Incineroar|3/100
|-unboost|p2b: Sneasler|def|1
|-unboost|p2b: Sneasler|spd|1
|-status|p1b: Incineroar|psn|[from] ability: Poison Touch|[of] p2b: Sneasler
|-enditem|p1b: Incineroar|Sitrus Berry|[eat]
|-heal|p1b: Incineroar|28/100 psn|[from] item: Sitrus Berry
|move|p1b: Incineroar|Knock Off|p2a: Gholdengo
|-activate|p2a: Gholdengo|move: Protect
|
|-damage|p1b: Incineroar|16/100 psn|[from] psn
|upkeep
|turn|5
|
|t:|1757709435
|move|p1a: Annihilape|Rage Fist|p2b: Sneasler
|-damage|p2b: Sneasler|4/100
|move|p2b: Sneasler|Dire Claw|p1a: Annihilape
|-resisted|p1a: Annihilape
|-damage|p1a: Annihilape|87/100
|move|p1b: Incineroar|Knock Off|p2a: Gholdengo
|-supereffective|p2a: Gholdengo
|-crit|p2a: Gholdengo
|-damage|p2a: Gholdengo|0 fnt
|-enditem|p2a: Gholdengo|Life Orb|[from] move: Knock Off|[of] p1b: Incineroar
|faint|p2a: Gholdengo
|
|-damage|p1b: Incineroar|3/100 psn|[from] psn
|-sideend|p1: WallType|move: Tailwind
|upkeep
|
|t:|1757709444
|switch|p2a: Amoonguss|Amoonguss, L50, F|100/100
|turn|6
|
|t:|1757709458
|switch|p1b: Whimsicott|Whimsicott, L50, M|1/100 par
|move|p2b: Sneasler|Dire Claw|p1a: Annihilape
|-resisted|p1a: Annihilape
|-damage|p1a: Annihilape|71/100
|-status|p1a: Annihilape|psn|[from] ability: Poison Touch|[of] p2b: Sneasler
|move|p1a: Annihilape|Rage Fist|p2b: Sneasler
|-damage|p2b: Sneasler|0 fnt
|faint|p2b: Sneasler
|move|p2a: Amoonguss|Pollen Puff|p2: Sneasler|[notarget]
|-fail|p2a: Amoonguss
|
|-damage|p1a: Annihilape|59/100 psn|[from] psn
|upkeep
|turn|7
|
|t:|1757709477
|move|p1b: Whimsicott|Fake Tears|p2a: Amoonguss
|-unboost|p2a: Amoonguss|spd|2
|move|p1a: Annihilape|Rage Fist|p2a: Amoonguss
|-damage|p2a: Amoonguss|43/100
|-enditem|p2a: Amoonguss|Sitrus Berry|[eat]
|-heal|p2a: Amoonguss|68/100|[from] item: Sitrus Berry
|move|p2a: Amoonguss|Pollen Puff|p1b: Whimsicott
|-damage|p1b: Whimsicott|0 fnt
|faint|p1b: Whimsicott
|
|-damage|p1a: Annihilape|47/100 psn|[from] psn
|upkeep
|
|t:|1757709486
|switch|p1b: MoneyMachine|Ursaluna-Bloodmoon, L50, M|100/100
|turn|8
|
|t:|1757709494
|move|p1a: Annihilape|Rage Fist|p2a: Amoonguss
|-damage|p2a: Amoonguss|16/100
|move|p1b: MoneyMachine|Hyper Voice|p2a: Amoonguss
|-damage|p2a: Amoonguss|0 fnt
|faint|p2a: Amoonguss
|
|win|WallType
||JoshSketch is ready for game 2.
||WallType is ready for game 2.
|uhtml|next|Next: Game 2 of 3
