|j|☆tostine
|j|☆sturmkitten69
|html|tostinesturmkitten69    
|uhtml|bestof|Game 1 of a best-of-3
|t:|1784690147
|gametype|doubles
|player|p1|tostine|102|1085
|player|p2|sturmkitten69|fisherman-gen4|1158
|gen|9
|tier|[Gen 9 Champions] VGC 2026 Reg M-B (Bo3)
|rated|
|rule|Species Clause: Limit one of each Pokémon
|rule|Item Clause: Limit 1 of each item
|clearpoke
|poke|p1|Meganium, L50, F|
|poke|p1|Farigiraf, L50, F|
|poke|p1|Politoed, L50, M|
|poke|p1|Basculegion, L50, M|
|poke|p1|Ninetales-Alola, L50, F|
|poke|p1|Drampa, L50, M|
|poke|p2|Incineroar, L50, M, shiny|
|poke|p2|Rotom-Wash, L50, shiny|
|poke|p2|Delphox, L50, M|
|poke|p2|Altaria, L50, M|
|poke|p2|Sinistcha, L50|
|poke|p2|Chesnaught, L50, M, shiny|
|teampreview|4
|showteam|p1|Meganium||Meganiumite|LeafGuard|SolarBeam,DazzlingGleam,Synthesis,WeatherBall|Quiet||F|||50|]Farigiraf||SitrusBerry|ArmorTail|TrickRoom,HyperVoice,AllySwitch,HelpingHand|Sassy||F|||50|]Politoed||DampRock|Drizzle|Encore,HelpingHand,MuddyWater,IcyWind|Bold||M|||50|]Basculegion||ChoiceScarf|Adaptability|WaveCrash,FlipTurn,LastRespects,PsychicFangs|Jolly||M|||50|]Ninetales-Alola||BabiriBerry|SnowWarning|Blizzard,Disable,AuroraVeil,Protect|Timid||F|||50|]Drampa||Drampanite|Berserk|Protect,HyperVoice,DracoMeteor,Roost|Modest||M|||50|
|showteam|p2|Incineroar||PasshoBerry|Intimidate|FakeOut,PartingShot,ThroatChop,FlareBlitz|Impish||M|||50|]Rotom-Wash||ChoiceScarf|Levitate|VoltSwitch,Electroweb,WillOWisp,HydroPump|Timid|||||50|]Delphox||Delphoxite|Blaze|HeatWave,CalmMind,Psychic,Protect|Timid||M|||50|]Altaria||RoseliBerry|CloudNine|Tailwind,Roost,WillOWisp,DragonPulse|Bold||M|||50|]Sinistcha||SitrusBerry|Hospitality|Protect,RagePowder,LifeDew,MatchaGotcha|Bold|||||50|]Chesnaught||Leftovers|Bulletproof|WideGuard,BodyPress,WoodHammer,SpikyShield|Impish||M|||50|
|inactive|Battle timer is ON: inactive players will automatically lose when time's up. (requested by sturmkitten69)
|
|t:|1784690192
|teamsize|p1|4
|teamsize|p2|4
|start
|switch|p1a: Politoed|Politoed, L50, M|100/100
|switch|p1b: Drampa|Drampa, L50, M|100/100
|switch|p2a: Incineroar|Incineroar, L50, M, shiny|100/100
|switch|p2b: Delphox|Delphox, L50, M|100/100
|-weather|RainDance|[from] ability: Drizzle|[of] p1a: Politoed
|-ability|p2a: Incineroar|Intimidate|boost
|-unboost|p1a: Politoed|atk|1
|-unboost|p1b: Drampa|atk|1
|turn|1
|inactive|sturmkitten69 has 30 seconds left.
|inactive|sturmkitten69 has 20 seconds left.
|inactive|sturmkitten69 has 15 seconds left.
|inactive|sturmkitten69 has 10 seconds left.
|
|t:|1784690242
|detailschange|p2b: Delphox|Delphox-Mega, L50, M
|-mega|p2b: Delphox|Delphox|Delphoxite
|detailschange|p1b: Drampa|Drampa-Mega, L50, M
|-mega|p1b: Drampa|Drampa|Drampanite
|move|p2a: Incineroar|Fake Out|p1a: Politoed
|-damage|p1a: Politoed|91/100
|move|p2b: Delphox|Calm Mind|p2b: Delphox
|-boost|p2b: Delphox|spa|1
|-boost|p2b: Delphox|spd|1
|cant|p1a: Politoed|flinch
|move|p1b: Drampa|Hyper Voice|p2a: Incineroar|[spread] p2a,p2b
|-damage|p2a: Incineroar|59/100
|-damage|p2b: Delphox|70/100
|
|-weather|RainDance|[upkeep]
|upkeep
|turn|2
|inactive|sturmkitten69 has 30 seconds left.
|
|t:|1784690267
|move|p2b: Delphox|Psychic|p1b: Drampa
|-damage|p1b: Drampa|38/100
|-unboost|p1b: Drampa|spd|1
|-ability|p1b: Drampa|Berserk|boost
|-boost|p1b: Drampa|spa|1
|move|p1a: Politoed|Muddy Water|p2b: Delphox|[spread] p2a
|-miss|p1a: Politoed|p2b: Delphox
|-supereffective|p2a: Incineroar|1
|-enditem|p2a: Incineroar|Passho Berry|[eat]
|-enditem|p2a: Incineroar|Passho Berry|[weaken]
|-damage|p2a: Incineroar|29/100
|move|p2a: Incineroar|Parting Shot|p1a: Politoed
|-unboost|p1a: Politoed|atk|1
|-unboost|p1a: Politoed|spa|1
|
|t:|1784690279
|switch|p2a: Sinistcha|Sinistcha, L50|100/100|[from] Parting Shot
|-heal|p2b: Delphox|95/100|[from] ability: Hospitality|[of] p2a: Sinistcha
|move|p1b: Drampa|Draco Meteor|p2b: Delphox
|-damage|p2b: Delphox|17/100
|-unboost|p1b: Drampa|spa|2
|
|-weather|RainDance|[upkeep]
|upkeep
|turn|3
|
|t:|1784690297
|move|p2b: Delphox|Psychic|p1a: Politoed
|-damage|p1a: Politoed|31/100
|move|p2a: Sinistcha|Matcha Gotcha|p1a: Politoed|[spread] p1a,p1b
|-supereffective|p1a: Politoed|1
|-resisted|p1b: Drampa|1
|-damage|p1a: Politoed|0 fnt
|-damage|p1b: Drampa|23/100
|faint|p1a: Politoed
|move|p1b: Drampa|Roost|p1b: Drampa
|-heal|p1b: Drampa|74/100
|-singleturn|p1b: Drampa|move: Roost
|
|-weather|RainDance|[upkeep]
|upkeep
|
|t:|1784690309
|switch|p1a: Basculegion|Basculegion, L50, M|100/100
|turn|4
|
|t:|1784690322
|move|p2a: Sinistcha|Rage Powder|p2a: Sinistcha
|-singleturn|p2a: Sinistcha|move: Rage Powder
|move|p1a: Basculegion|Flip Turn|p2a: Sinistcha
|-resisted|p2a: Sinistcha|1
|-damage|p2a: Sinistcha|74/100
|
|t:|1784690327
|switch|p1a: Farigiraf|Farigiraf, L50, F|100/100|[from] Flip Turn
|move|p2b: Delphox|Psychic|p1b: Drampa
|-damage|p1b: Drampa|0 fnt
|faint|p1b: Drampa
|
|-weather|RainDance|[upkeep]
|upkeep
|
|t:|1784690333
|switch|p1b: Basculegion|Basculegion, L50, M|100/100
|turn|5
|inactive|sturmkitten69 has 30 seconds left.
|
|t:|1784690364
|move|p1a: Farigiraf|Ally Switch|p1a: Farigiraf
|swap|p1a: Farigiraf|1|[from] move: Ally Switch
|move|p1a: Basculegion|Last Respects|p2b: Delphox
|-supereffective|p2b: Delphox|1
|-damage|p2b: Delphox|0 fnt
|faint|p2b: Delphox
|move|p2a: Sinistcha|Matcha Gotcha|p1a: Basculegion|[spread] p1a,p1b
|-supereffective|p1a: Basculegion|1
|-damage|p1a: Basculegion|44/100
|-heal|p2a: Sinistcha|100/100|[from] drain|[of] p1a: Basculegion
|-damage|p1b: Farigiraf|81/100
|
|-weather|RainDance|[upkeep]
|upkeep
|
|t:|1784690376
|switch|p2b: Incineroar|Incineroar, L50, M, shiny|29/100
|-ability|p2b: Incineroar|Intimidate|boost
|-unboost|p1a: Basculegion|atk|1
|-unboost|p1b: Farigiraf|atk|1
|turn|6
|
|t:|1784690393
|move|p2a: Sinistcha|Protect|p2a: Sinistcha
|-singleturn|p2a: Sinistcha|Protect
|move|p1b: Farigiraf|Ally Switch||[still]
|-fail|p1b: Farigiraf
|move|p1a: Basculegion|Last Respects|p2a: Sinistcha
|-activate|p2a: Sinistcha|move: Protect
|move|p2b: Incineroar|Throat Chop|p1a: Basculegion
|-supereffective|p1a: Basculegion|1
|-damage|p1a: Basculegion|0 fnt
|faint|p1a: Basculegion
|
|-weather|RainDance|[upkeep]
|upkeep
|turn|7
|-message|tostine forfeited.
|
|win|sturmkitten69
|l|☆tostine
|player|p1|
||tostine is ready for game 2.
||sturmkitten69 is ready for game 2.
|uhtml|next|Next: Game 2 of 3
