|j|☆Llama_Llord
|j|☆rainsmeller5000
|html|Llama_Llordrainsmeller5000    
|uhtml|bestof|Game 2 of a best-of-3
|t:|1756807882
|gametype|doubles
|player|p1|Llama_Llord|1|1085
|player|p2|rainsmeller5000|169|1000
|gen|9
|tier|[Gen 9] VGC 2025 Reg H (Bo3)
|rated|
|rule|Species Clause: Limit one of each Pokémon
|rule|Item Clause: Limit 1 of each item
|clearpoke
|poke|p1|Talonflame, L50, M|
|poke|p1|Garchomp, L50, F|
|poke|p1|Gholdengo, L50|
|poke|p1|Tyranitar, L50, F|
|poke|p1|Amoonguss, L50, F|
|poke|p1|Milotic, L50, M|
|poke|p2|Ursaluna-Bloodmoon, L50, M|
|poke|p2|Porygon2, L50|
|poke|p2|Amoonguss, L50, F|
|poke|p2|Incineroar, L50, F|
|poke|p2|Dragapult, L50, F|
|poke|p2|Sneasler, L50, F|
|teampreview|4
|showteam|p1|Talonflame||CovertCloak|GaleWings|Tailwind,BraveBird,WillOWisp,Taunt|||M|||50|,,,,,Grass]Garchomp||LifeOrb|RoughSkin|Earthquake,DragonClaw,StompingTantrum,Protect|||F|||50|,,,,,Fairy]Gholdengo||ChoiceSpecs|GoodasGold|MakeItRain,ShadowBall,Thunderbolt,PowerGem||||||50|,,,,,Steel]Tyranitar||AssaultVest|SandStream|RockSlide,KnockOff,TeraBlast,LowKick|||F|||50|,,,,,Flying]Amoonguss||SitrusBerry|Regenerator|PollenPuff,Spore,RagePowder,Protect|||F|||50|,,,,,Water]Milotic||SafetyGoggles|Competitive|Scald,IcyWind,Haze,Protect|||M|||50|,,,,,Dragon
|showteam|p2|Ursaluna-Bloodmoon||AssaultVest|MindsEye|BloodMoon,HyperVoice,EarthPower,VacuumWave|||M|||50|,,,,,Normal]Porygon2||Eviolite|Trace|IceBeam,Thunderbolt,Recover,TrickRoom||||||50|,,,,,Ghost]Amoonguss||CovertCloak|Regenerator|Spore,RagePowder,PollenPuff,SludgeBomb|||F|||50|,,,,,Water]Incineroar||SafetyGoggles|Intimidate|KnockOff,FakeOut,PartingShot,FlareBlitz|||F|||50|,,,,,Ghost]Dragapult||ChoiceBand|ClearBody|DragonDarts,Outrage,PhantomForce,Uturn|||F|||50|,,,,,Dragon]Sneasler||FocusSash|PoisonTouch|CloseCombat,DireClaw,ThroatChop,FakeOut|||F|||50|,,,,,Dark
|inactive|Battle timer is ON: inactive players will automatically lose when time's up. (requested by Llama_Llord)
|inactive|Llama_Llord has 60 seconds left.
|
|t:|1756807924
|teamsize|p1|4
|teamsize|p2|4
|start
|switch|p1a: Gholdengo|Gholdengo, L50|100/100
|switch|p1b: Talonflame|Talonflame, L50, M|100/100
|switch|p2a: Porygon2|Porygon2, L50|100/100
|switch|p2b: Amoonguss|Amoonguss, L50, F|100/100
|-ability|p2a: Porygon2|Gale Wings|Trace|[from] ability: Trace|[of] p1b: Talonflame
|turn|1
|inactive|rainsmeller5000 has 30 seconds left.
|
|t:|1756807949
|switch|p2b: Incineroar|Incineroar, L50, F|100/100
|-ability|p2b: Incineroar|Intimidate|boost
|-unboost|p1a: Gholdengo|atk|1
|-unboost|p1b: Talonflame|atk|1
|-terastallize|p1a: Gholdengo|Steel
|move|p1b: Talonflame|Taunt|p2a: Porygon2
|-start|p2a: Porygon2|move: Taunt
|move|p1a: Gholdengo|Make It Rain|p2a: Porygon2|[spread] p2a,p2b
|-resisted|p2b: Incineroar
|-damage|p2a: Porygon2|45/100
|-damage|p2b: Incineroar|55/100
|-unboost|p1a: Gholdengo|spa|1
|cant|p2a: Porygon2|move: Taunt|Trick Room
|
|upkeep
|turn|2
|
|t:|1756807974
|switch|p1a: Amoonguss|Amoonguss, L50, F|100/100
|switch|p2a: Amoonguss|Amoonguss, L50, F|100/100
|move|p2b: Incineroar|Fake Out|p1a: Amoonguss
|-damage|p1a: Amoonguss|89/100
|move|p1b: Talonflame|Tailwind|p1b: Talonflame
|-sidestart|p1: Llama_Llord|move: Tailwind
|
|upkeep
|turn|3
|
|t:|1756807989
|move|p1b: Talonflame|Brave Bird|p2a: Amoonguss
|-supereffective|p2a: Amoonguss
|-damage|p2a: Amoonguss|65/100
|-damage|p1b: Talonflame|86/100|[from] Recoil
|move|p1a: Amoonguss|Spore|p2a: Amoonguss
|-immune|p2a: Amoonguss
|move|p2b: Incineroar|Flare Blitz|p1b: Talonflame
|-resisted|p1b: Talonflame
|-damage|p1b: Talonflame|49/100
|-damage|p2b: Incineroar|44/100|[from] Recoil
|move|p2a: Amoonguss|Pollen Puff|p2b: Incineroar
|-heal|p2b: Incineroar|94/100
|
|upkeep
|turn|4
|inactive|Llama_Llord has 30 seconds left.
|
|t:|1756808015
|move|p1b: Talonflame|Will-O-Wisp|p2a: Amoonguss
|-status|p2a: Amoonguss|brn
|move|p1a: Amoonguss|Pollen Puff|p1b: Talonflame
|-heal|p1b: Talonflame|99/100
|move|p2b: Incineroar|Flare Blitz|p1b: Talonflame
|-resisted|p1b: Talonflame
|-damage|p1b: Talonflame|65/100
|-damage|p2b: Incineroar|83/100|[from] Recoil
|move|p2a: Amoonguss|Pollen Puff|p2b: Incineroar
|-heal|p2b: Incineroar|100/100
|
|-damage|p2a: Amoonguss|59/100 brn|[from] brn
|upkeep
|turn|5
|inactive|Llama_Llord has 30 seconds left.
|
|t:|1756808050
|move|p1b: Talonflame|Taunt|p2b: Incineroar
|-start|p2b: Incineroar|move: Taunt
|move|p1a: Amoonguss|Pollen Puff|p1b: Talonflame
|-heal|p1b: Talonflame|100/100
|cant|p2b: Incineroar|move: Taunt|Parting Shot
|move|p2a: Amoonguss|Spore|p1b: Talonflame
|-status|p1b: Talonflame|slp|[from] move: Spore
|
|-damage|p2a: Amoonguss|53/100 brn|[from] brn
|-sideend|p1: Llama_Llord|move: Tailwind
|upkeep
|turn|6
|inactive|rainsmeller5000 has 30 seconds left.
|l|☆rainsmeller5000
|inactive|rainsmeller5000 disconnected and has a minute to reconnect!
|player|p2|
|inactive|rainsmeller5000 has 20 seconds left.
|inactive|rainsmeller5000 has 15 seconds left.
|j|☆rainsmeller5000
|inactive|rainsmeller5000 reconnected and has 15 seconds left.
|player|p2|rainsmeller5000|169|
|inactive|rainsmeller5000 has 10 seconds left.
|inactive|rainsmeller5000 has 5 seconds left.
|
|t:|1756808105
|switch|p1b: Gholdengo|Gholdengo, L50, tera:Steel|100/100
|move|p1a: Amoonguss|Protect|p1a: Amoonguss
|-singleturn|p1a: Amoonguss|Protect
|move|p2b: Incineroar|Knock Off|p1b: Gholdengo
|-crit|p1b: Gholdengo
|-damage|p1b: Gholdengo|24/100
|-enditem|p1b: Gholdengo|Choice Specs|[from] move: Knock Off|[of] p2b: Incineroar
|move|p2a: Amoonguss|Spore|p1b: Gholdengo
|-immune|p1b: Gholdengo|[from] ability: Good as Gold
|
|-damage|p2a: Amoonguss|48/100 brn|[from] brn
|upkeep
|turn|7
|
|t:|1756808129
|move|p1b: Gholdengo|Power Gem|p2b: Incineroar
|-supereffective|p2b: Incineroar
|-damage|p2b: Incineroar|48/100
|move|p2b: Incineroar|Flare Blitz|p1b: Gholdengo
|-supereffective|p1b: Gholdengo
|-damage|p1b: Gholdengo|0 fnt
|faint|p1b: Gholdengo
|-damage|p2b: Incineroar|42/100|[from] Recoil
|move|p1a: Amoonguss|Pollen Puff|p1: Gholdengo|[notarget]
|-fail|p1a: Amoonguss
|move|p2a: Amoonguss|Sludge Bomb|p1a: Amoonguss
|-damage|p1a: Amoonguss|64/100
|
|-damage|p2a: Amoonguss|42/100 brn|[from] brn
|-end|p2b: Incineroar|move: Taunt
|upkeep
|
|t:|1756808138
|switch|p1b: Tyranitar|Tyranitar, L50, F|100/100
|-weather|Sandstorm|[from] ability: Sand Stream|[of] p1b: Tyranitar
|turn|8
|
|t:|1756808154
|switch|p2a: Ursaluna|Ursaluna-Bloodmoon, L50, M|100/100
|move|p1a: Amoonguss|Protect|p1a: Amoonguss
|-singleturn|p1a: Amoonguss|Protect
|move|p1b: Tyranitar|Rock Slide|p2a: Ursaluna|[spread] p2a
|-miss|p1b: Tyranitar|p2b: Incineroar
|-resisted|p2a: Ursaluna
|-damage|p2a: Ursaluna|89/100
|move|p2b: Incineroar|Parting Shot|p1b: Tyranitar
|-unboost|p1b: Tyranitar|atk|1
|-unboost|p1b: Tyranitar|spa|1
|
|t:|1756808167
|switch|p2b: Porygon2|Porygon2, L50|45/100|[from] Parting Shot
|-ability|p2b: Porygon2|Sand Stream|Trace|[from] ability: Trace|[of] p1b: Tyranitar
|
|-weather|Sandstorm|[upkeep]
|-damage|p2b: Porygon2|39/100|[from] Sandstorm
|-damage|p1a: Amoonguss|58/100|[from] Sandstorm
|upkeep
|turn|9
|inactive|Llama_Llord has 30 seconds left.
|
|t:|1756808201
|switch|p1b: Talonflame|Talonflame, L50, M|100/100 slp
|switch|p2b: Incineroar|Incineroar, L50, F|42/100
|-ability|p2b: Incineroar|Intimidate|boost
|-unboost|p1a: Amoonguss|atk|1
|-unboost|p1b: Talonflame|atk|1
|move|p2a: Ursaluna|Earth Power|p1b: Talonflame
|-immune|p1b: Talonflame
|move|p1a: Amoonguss|Spore|p2a: Ursaluna
|-status|p2a: Ursaluna|slp|[from] move: Spore
|
|-weather|Sandstorm|[upkeep]
|-damage|p1b: Talonflame|95/100 slp|[from] Sandstorm
|-damage|p1a: Amoonguss|52/100|[from] Sandstorm
|upkeep
|turn|10
|
|t:|1756808225
|switch|p2a: Porygon2|Porygon2, L50|39/100
|-ability|p2a: Porygon2|Gale Wings|Trace|[from] ability: Trace|[of] p1b: Talonflame
|switch|p1a: Tyranitar|Tyranitar, L50, F|100/100
|cant|p1b: Talonflame|slp
|move|p2b: Incineroar|Flare Blitz|p1a: Tyranitar
|-resisted|p1a: Tyranitar
|-damage|p1a: Tyranitar|76/100
|-damage|p2b: Incineroar|34/100|[from] Recoil
|
|-weather|Sandstorm|[upkeep]
|-damage|p1b: Talonflame|89/100 slp|[from] Sandstorm
|-damage|p2a: Porygon2|33/100|[from] Sandstorm
|upkeep
|turn|11
|
|t:|1756808248
|switch|p2b: Amoonguss|Amoonguss, L50, F|75/100 brn
|cant|p1b: Talonflame|slp
|move|p1a: Tyranitar|Rock Slide|p2a: Porygon2|[spread] p2a,p2b
|-damage|p2a: Porygon2|17/100
|-damage|p2b: Amoonguss|51/100 brn
|move|p2a: Porygon2|Trick Room|p2a: Porygon2
|-fieldstart|move: Trick Room|[of] p2a: Porygon2
|
|-weather|Sandstorm|[upkeep]
|-damage|p2b: Amoonguss|45/100 brn|[from] Sandstorm
|-damage|p2a: Porygon2|11/100|[from] Sandstorm
|-damage|p1b: Talonflame|83/100 slp|[from] Sandstorm
|-damage|p2b: Amoonguss|39/100 brn|[from] brn
|upkeep
|turn|12
|
|t:|1756808266
|switch|p1a: Amoonguss|Amoonguss, L50, F|85/100
|move|p2b: Amoonguss|Pollen Puff|p2a: Porygon2
|-heal|p2a: Porygon2|61/100
|move|p2a: Porygon2|Thunderbolt|p1b: Talonflame
|-supereffective|p1b: Talonflame
|-damage|p1b: Talonflame|21/100 slp
|cant|p1b: Talonflame|slp
|
|-weather|none
|-damage|p2b: Amoonguss|34/100 brn|[from] brn
|upkeep
|turn|13
|
|t:|1756808285
|switch|p2a: Incineroar|Incineroar, L50, F|34/100
|-ability|p2a: Incineroar|Intimidate|boost
|-unboost|p1a: Amoonguss|atk|1
|-unboost|p1b: Talonflame|atk|1
|move|p2b: Amoonguss|Sludge Bomb|p1b: Talonflame
|-damage|p1b: Talonflame|0 fnt
|faint|p1b: Talonflame
|move|p1a: Amoonguss|Spore|p2a: Incineroar
|-activate|p2a: Incineroar|item: Safety Goggles|Spore
|
|-damage|p2b: Amoonguss|28/100 brn|[from] brn
|upkeep
|
|t:|1756808289
|switch|p1b: Tyranitar|Tyranitar, L50, F|76/100
|-weather|Sandstorm|[from] ability: Sand Stream|[of] p1b: Tyranitar
|turn|14
|
|t:|1756808310
|move|p2a: Incineroar|Fake Out|p1b: Tyranitar
|-resisted|p1b: Tyranitar
|-damage|p1b: Tyranitar|70/100
|move|p1a: Amoonguss|Pollen Puff|p2b: Amoonguss
|-damage|p2b: Amoonguss|11/100 brn
|move|p2b: Amoonguss|Pollen Puff|p2a: Incineroar
|-heal|p2a: Incineroar|84/100
|cant|p1b: Tyranitar|flinch
|
|-weather|Sandstorm|[upkeep]
|-damage|p2b: Amoonguss|5/100 brn|[from] Sandstorm
|-damage|p1a: Amoonguss|80/100|[from] Sandstorm
|-damage|p2b: Amoonguss|0 fnt|[from] brn
|faint|p2b: Amoonguss
|upkeep
|
|t:|1756808327
|switch|p2b: Ursaluna|Ursaluna-Bloodmoon, L50, M|89/100 slp
|turn|15
|inactive|rainsmeller5000 has 30 seconds left.
|
|t:|1756808357
|move|p1a: Amoonguss|Pollen Puff|p1b: Tyranitar
|-heal|p1b: Tyranitar|100/100
|move|p2a: Incineroar|Parting Shot|p1b: Tyranitar
|-unboost|p1b: Tyranitar|atk|1
|-unboost|p1b: Tyranitar|spa|1
|
|t:|1756808363
|switch|p2a: Porygon2|Porygon2, L50|61/100|[from] Parting Shot
|-ability|p2a: Porygon2|Regenerator|Trace|[from] ability: Trace|[of] p1a: Amoonguss
|cant|p2b: Ursaluna|slp
|move|p1b: Tyranitar|Low Kick|p2b: Ursaluna
|-supereffective|p2b: Ursaluna
|-crit|p2b: Ursaluna
|-damage|p2b: Ursaluna|0 fnt
|faint|p2b: Ursaluna
|
|-weather|Sandstorm|[upkeep]
|-damage|p1a: Amoonguss|74/100|[from] Sandstorm
|-damage|p2a: Porygon2|55/100|[from] Sandstorm
|-fieldend|move: Trick Room
|upkeep
|
|t:|1756808376
|switch|p2b: Incineroar|Incineroar, L50, F|84/100
|-ability|p2b: Incineroar|Intimidate|boost
|-unboost|p1a: Amoonguss|atk|1
|-unboost|p1b: Tyranitar|atk|1
|turn|16
|
|t:|1756808387
|move|p2b: Incineroar|Fake Out|p1b: Tyranitar
|-resisted|p1b: Tyranitar
|-damage|p1b: Tyranitar|95/100
|cant|p1b: Tyranitar|flinch
|move|p1a: Amoonguss|Spore|p2a: Porygon2
|-status|p2a: Porygon2|slp|[from] move: Spore
|cant|p2a: Porygon2|slp
|
|-weather|Sandstorm|[upkeep]
|-damage|p2a: Porygon2|48/100 slp|[from] Sandstorm
|-damage|p1a: Amoonguss|68/100|[from] Sandstorm
|upkeep
|turn|17
|
|t:|1756808405
|move|p1b: Tyranitar|Low Kick|p2a: Porygon2
|-supereffective|p2a: Porygon2
|-damage|p2a: Porygon2|37/100 slp
|cant|p2a: Porygon2|slp
|move|p2b: Incineroar|Knock Off|p1b: Tyranitar
|-resisted|p1b: Tyranitar
|-damage|p1b: Tyranitar|75/100
|-enditem|p1b: Tyranitar|Assault Vest|[from] move: Knock Off|[of] p2b: Incineroar
|move|p1a: Amoonguss|Pollen Puff|p2a: Porygon2
|-crit|p2a: Porygon2
|-damage|p2a: Porygon2|22/100 slp
|
|-weather|Sandstorm|[upkeep]
|-damage|p2a: Porygon2|16/100 slp|[from] Sandstorm
|-damage|p1a: Amoonguss|62/100|[from] Sandstorm
|upkeep
|turn|18
|inactive|Llama_Llord has 30 seconds left.
|
|t:|1756808436
|move|p1a: Amoonguss|Protect|p1a: Amoonguss
|-singleturn|p1a: Amoonguss|Protect
|move|p1b: Tyranitar|Rock Slide|p2a: Porygon2|[spread] p2a,p2b
|-supereffective|p2b: Incineroar
|-damage|p2a: Porygon2|7/100 slp
|-damage|p2b: Incineroar|56/100
|-curestatus|p2a: Porygon2|slp|[msg]
|move|p2a: Porygon2|Recover|p2a: Porygon2
|-heal|p2a: Porygon2|57/100
|cant|p2b: Incineroar|flinch
|
|-weather|none
|upkeep
|turn|19
|inactive|rainsmeller5000 has 30 seconds left.
|inactive|rainsmeller5000 has 20 seconds left.
|inactive|rainsmeller5000 has 15 seconds left.
|inactive|rainsmeller5000 has 10 seconds left.
|
|t:|1756808461
|-terastallize|p2b: Incineroar|Ghost
|move|p1b: Tyranitar|Low Kick|p2b: Incineroar
|-immune|p2b: Incineroar
|move|p2a: Porygon2|Ice Beam|p1a: Amoonguss
|-supereffective|p1a: Amoonguss
|-damage|p1a: Amoonguss|24/100
|-enditem|p1a: Amoonguss|Sitrus Berry|[eat]
|-heal|p1a: Amoonguss|49/100|[from] item: Sitrus Berry
|move|p2b: Incineroar|Parting Shot|p1b: Tyranitar
|-unboost|p1b: Tyranitar|atk|1
|-unboost|p1b: Tyranitar|spa|1
|move|p1a: Amoonguss|Spore|p2a: Porygon2
|-status|p2a: Porygon2|slp|[from] move: Spore
|
|upkeep
|turn|20
|inactive|rainsmeller5000 has 10 seconds left this turn.
|inactive|rainsmeller5000 has 5 seconds left.
|-message|rainsmeller5000 lost due to inactivity.
|
|win|Llama_Llord
||rainsmeller5000 is ready for game 3.
