|j|☆chocokoala vgc
|j|☆Terminator7006
|html|chocokoala vgcTerminator7006    
|uhtml|bestof|Game 2 of a best-of-3
|t:|1784813438
|gametype|doubles
|player|p1|chocokoala vgc|benga|1271
|player|p2|Terminator7006|drayden|1325
|gen|9
|tier|[Gen 9 Champions] VGC 2026 Reg M-B (Bo3)
|rated|
|rule|Species Clause: Limit one of each Pokémon
|rule|Item Clause: Limit 1 of each item
|clearpoke
|poke|p1|Scovillain, L50, M|
|poke|p1|Primarina, L50, M|
|poke|p1|Aerodactyl, L50, M|
|poke|p1|Garchomp, L50, F|
|poke|p1|Gholdengo, L50|
|poke|p1|Grimmsnarl, L50, M|
|poke|p2|Delphox, L50, F, shiny|
|poke|p2|Hydreigon, L50, M, shiny|
|poke|p2|Incineroar, L50, F|
|poke|p2|Farigiraf, L50, F|
|poke|p2|Garchomp, L50, F, shiny|
|poke|p2|Mawile, L50, M, shiny|
|teampreview|4
|showteam|p1|Scovillain||Scovillainite|Moody|Flamethrower,GigaDrain,Protect,RagePowder|Bold||M|||50|]Primarina||Leftovers|LiquidVoice|HyperVoice,Moonblast,Protect,CalmMind|Modest||M|||50|]Aerodactyl||Aerodactylite|Unnerve|RockSlide,DualWingbeat,Protect,Tailwind|Jolly||M|||50|]Garchomp||SoftSand|RoughSkin|Earthquake,StompingTantrum,Protect,DragonClaw|Jolly||F|||50|]Gholdengo||LifeOrb|GoodasGold|MakeItRain,ShadowBall,Protect,NastyPlot|Modest|||||50|]Grimmsnarl||LightClay|Prankster|LightScreen,Reflect,FakeOut,FoulPlay|Sassy||M|||50|
|showteam|p2|Delphox||Delphoxite|Blaze|HeatWave,Psychic,NastyPlot,Protect|Modest||F|||50|]Hydreigon||ChoiceScarf|Levitate|DracoMeteor,DarkPulse,Snarl,EarthPower|Modest||M|||50|]Incineroar||PasshoBerry|Intimidate|FlareBlitz,DarkestLariat,PartingShot,FakeOut|Relaxed||F|||50|]Farigiraf||SitrusBerry|ArmorTail|TrickRoom,TwinBeam,HelpingHand,Protect|Bold||F|||50|]Garchomp||LifeOrb|RoughSkin|DragonClaw,Earthquake,RockSlide,Protect|Adamant||F|||50|]Mawile||Mawilite|HyperCutter|PlayRough,IronHead,SuckerPunch,Protect|Brave||M|||50|
|inactive|Battle timer is ON: inactive players will automatically lose when time's up. (requested by chocokoala vgc)
|inactive|Terminator7006 has 60 seconds left.
|inactive|Terminator7006 has 30 seconds left.
|inactive|Terminator7006 has 20 seconds left.
|inactive|Terminator7006 has 15 seconds left.
|
|t:|1784813515
|teamsize|p1|4
|teamsize|p2|4
|start
|switch|p1a: Grimmsnarl|Grimmsnarl, L50, M|100/100
|switch|p1b: Primarina|Primarina, L50, M|100/100
|switch|p2a: Farigiraf|Farigiraf, L50, F|100/100
|switch|p2b: Mawile|Mawile, L50, M, shiny|100/100
|turn|1
|inactive|Terminator7006 has 30 seconds left.
|inactive|Terminator7006 has 20 seconds left.
|
|t:|1784813554
|switch|p1b: Scovillain|Scovillain, L50, M|100/100
|detailschange|p2b: Mawile|Mawile-Mega, L50, M, shiny
|-mega|p2b: Mawile|Mawile|Mawilite
|move|p1a: Grimmsnarl|Reflect|p1a: Grimmsnarl
|-sidestart|p1: chocokoala vgc|Reflect
|move|p2b: Mawile|Iron Head|p1a: Grimmsnarl
|-supereffective|p1a: Grimmsnarl|1
|-damage|p1a: Grimmsnarl|0 fnt
|faint|p1a: Grimmsnarl
|move|p2a: Farigiraf|Trick Room|p2a: Farigiraf
|-fieldstart|move: Trick Room|[of] p2a: Farigiraf
|
|-ability|p1b: Scovillain|Moody|boost
|-boost|p1b: Scovillain|spd|2
|-unboost|p1b: Scovillain|spa|1
|upkeep
|
|t:|1784813567
|switch|p1a: Primarina|Primarina, L50, M|100/100
|turn|2
|inactive|Terminator7006 has 30 seconds left.
|inactive|Terminator7006 has 20 seconds left.
|inactive|Terminator7006 has 15 seconds left.
|inactive|Terminator7006 has 10 seconds left.
|inactive|Terminator7006 has 5 seconds left.
|
|t:|1784813618
|move|p2a: Farigiraf|Helping Hand|p2b: Mawile
|-singleturn|p2b: Mawile|Helping Hand|[of] p2a: Farigiraf
|move|p1a: Primarina|Protect|p1a: Primarina
|-singleturn|p1a: Primarina|Protect
|move|p1b: Scovillain|Protect|p1b: Scovillain
|-singleturn|p1b: Scovillain|Protect
|move|p2b: Mawile|Play Rough|p1a: Primarina
|-activate|p1a: Primarina|move: Protect
|
|-ability|p1b: Scovillain|Moody|boost
|-boost|p1b: Scovillain|spe|2
|-unboost|p1b: Scovillain|def|1
|upkeep
|turn|3
|
|t:|1784813641
|detailschange|p1b: Scovillain|Scovillain-Mega, L50, M
|-mega|p1b: Scovillain|Scovillain|Scovillainite
|move|p2a: Farigiraf|Helping Hand|p2b: Mawile
|-singleturn|p2b: Mawile|Helping Hand|[of] p2a: Farigiraf
|move|p1b: Scovillain|Rage Powder|p1b: Scovillain
|-singleturn|p1b: Scovillain|move: Rage Powder
|move|p2b: Mawile|Play Rough|p1b: Scovillain
|-resisted|p1b: Scovillain|1
|-damage|p1b: Scovillain|34/100
|-status|p2b: Mawile|brn|[from] ability: Spicy Spray|[of] p1b: Scovillain
|move|p1a: Primarina|Calm Mind|p1a: Primarina
|-boost|p1a: Primarina|spa|1
|-boost|p1a: Primarina|spd|1
|
|-damage|p2b: Mawile|94/100 brn|[from] brn
|upkeep
|turn|4
|inactive|Terminator7006 has 30 seconds left.
|inactive|Terminator7006 has 20 seconds left.
|inactive|Terminator7006 has 15 seconds left.
|inactive|Terminator7006 has 10 seconds left.
|inactive|Terminator7006 has 5 seconds left.
|
|t:|1784813693
|move|p2a: Farigiraf|Helping Hand|p2b: Mawile
|-singleturn|p2b: Mawile|Helping Hand|[of] p2a: Farigiraf
|move|p1a: Primarina|Protect|p1a: Primarina
|-singleturn|p1a: Primarina|Protect
|move|p1b: Scovillain|Protect|p1b: Scovillain
|-singleturn|p1b: Scovillain|Protect
|move|p2b: Mawile|Play Rough|p1a: Primarina
|-activate|p1a: Primarina|move: Protect
|
|-damage|p2b: Mawile|88/100 brn|[from] brn
|upkeep
|turn|5
|inactive|Terminator7006 has 30 seconds left.
|inactive|Terminator7006 has 20 seconds left.
|
|t:|1784813730
|move|p2a: Farigiraf|Helping Hand|p2b: Mawile
|-singleturn|p2b: Mawile|Helping Hand|[of] p2a: Farigiraf
|move|p1b: Scovillain|Rage Powder|p1b: Scovillain
|-singleturn|p1b: Scovillain|move: Rage Powder
|move|p2b: Mawile|Play Rough|p1b: Scovillain
|-resisted|p1b: Scovillain|1
|-damage|p1b: Scovillain|1/100
|move|p1a: Primarina|Calm Mind|p1a: Primarina
|-boost|p1a: Primarina|spa|1
|-boost|p1a: Primarina|spd|1
|
|-damage|p2b: Mawile|82/100 brn|[from] brn
|-fieldend|move: Trick Room
|upkeep
|turn|6
|inactive|Terminator7006 has 30 seconds left.
|inactive|Terminator7006 has 20 seconds left.
|inactive|Terminator7006 has 15 seconds left.
|inactive|Terminator7006 has 10 seconds left.
|
|t:|1784813777
|move|p2b: Mawile|Protect|p2b: Mawile
|-singleturn|p2b: Mawile|Protect
|move|p1b: Scovillain|Flamethrower|p2b: Mawile
|-activate|p2b: Mawile|move: Protect
|move|p1a: Primarina|Moonblast|p2a: Farigiraf
|-damage|p2a: Farigiraf|1/100
|-unboost|p2a: Farigiraf|spa|1
|-enditem|p2a: Farigiraf|Sitrus Berry|[eat]
|-heal|p2a: Farigiraf|25/100|[from] item: Sitrus Berry
|move|p2a: Farigiraf|Trick Room|p2a: Farigiraf
|-fieldstart|move: Trick Room|[of] p2a: Farigiraf
|
|-damage|p2b: Mawile|77/100 brn|[from] brn
|upkeep
|turn|7
|inactive|Terminator7006 has 30 seconds left.
|
|t:|1784813812
|move|p2b: Mawile|Protect||[still]
|-fail|p2b: Mawile
|move|p1b: Scovillain|Rage Powder|p1b: Scovillain
|-singleturn|p1b: Scovillain|move: Rage Powder
|move|p2a: Farigiraf|Twin Beam|p1b: Scovillain
|-damage|p1b: Scovillain|0 fnt
|-status|p2a: Farigiraf|brn|[from] ability: Spicy Spray|[of] p1b: Scovillain
|faint|p1b: Scovillain
|-hitcount|p1: Scovillain|1
|move|p1a: Primarina|Hyper Voice|p2b: Mawile|[spread] p2a,p2b
|-damage|p2a: Farigiraf|0 fnt
|-damage|p2b: Mawile|0 fnt
|faint|p2a: Farigiraf
|faint|p2b: Mawile
|
|upkeep
|
|t:|1784813824
|switch|p2b: Incineroar|Incineroar, L50, F|100/100
|switch|p2a: Hydreigon|Hydreigon, L50, M, shiny|100/100
|switch|p1b: Garchomp|Garchomp, L50, F|100/100
|-ability|p2b: Incineroar|Intimidate|boost
|-unboost|p1a: Primarina|atk|1
|-unboost|p1b: Garchomp|atk|1
|turn|8
|
|t:|1784813836
|move|p1a: Primarina|Protect|p1a: Primarina
|-singleturn|p1a: Primarina|Protect
|move|p1b: Garchomp|Protect|p1b: Garchomp
|-singleturn|p1b: Garchomp|Protect
|move|p2b: Incineroar|Fake Out|p1b: Garchomp
|-activate|p1b: Garchomp|move: Protect
|move|p2a: Hydreigon|Draco Meteor|p1b: Garchomp
|-activate|p1b: Garchomp|move: Protect
|
|-sideend|p1: chocokoala vgc|Reflect
|upkeep
|turn|9
|
|t:|1784813858
|move|p2b: Incineroar|Parting Shot|p1b: Garchomp
|-unboost|p1b: Garchomp|atk|1
|-unboost|p1b: Garchomp|spa|1
|move|p1a: Primarina|Hyper Voice|p2b: Incineroar|[spread] p2a,p2b
|-resisted|p2a: Hydreigon|1
|-supereffective|p2b: Incineroar|1
|-enditem|p2b: Incineroar|Passho Berry|[eat]
|-enditem|p2b: Incineroar|Passho Berry|[weaken]
|-damage|p2a: Hydreigon|58/100
|-damage|p2b: Incineroar|42/100
|move|p1b: Garchomp|Stomping Tantrum|p2b: Incineroar
|-supereffective|p2b: Incineroar|1
|-damage|p2b: Incineroar|6/100
|move|p2a: Hydreigon|Draco Meteor|p1b: Garchomp
|-supereffective|p1b: Garchomp|1
|-damage|p1b: Garchomp|0 fnt
|-unboost|p2a: Hydreigon|spa|2
|faint|p1b: Garchomp
|
|upkeep
|turn|10
|inactive|Terminator7006 has 30 seconds left.
|
|t:|1784813885
|move|p1a: Primarina|Protect|p1a: Primarina
|-singleturn|p1a: Primarina|Protect
|move|p2b: Incineroar|Darkest Lariat|p1a: Primarina
|-activate|p1a: Primarina|move: Protect
|move|p2a: Hydreigon|Draco Meteor|p1a: Primarina
|-activate|p1a: Primarina|move: Protect
|
|-fieldend|move: Trick Room
|upkeep
|turn|11
|
|t:|1784813892
|move|p2a: Hydreigon|Draco Meteor|p2b: Incineroar
|-damage|p2b: Incineroar|0 fnt
|-unboost|p2a: Hydreigon|spa|2
|faint|p2b: Incineroar
|move|p1a: Primarina|Hyper Voice|p2a: Hydreigon
|-resisted|p2a: Hydreigon|1
|-damage|p2a: Hydreigon|6/100
|
|upkeep
|turn|12
|
|t:|1784813903
|move|p2a: Hydreigon|Draco Meteor|p2: Incineroar|[notarget]
|-fail|p2a: Hydreigon
|move|p1a: Primarina|Calm Mind|p1a: Primarina
|-boost|p1a: Primarina|spa|1
|-boost|p1a: Primarina|spd|1
|
|upkeep
|turn|13
|
|t:|1784813910
|move|p2a: Hydreigon|Draco Meteor|p2: Incineroar|[notarget]
|-fail|p2a: Hydreigon
|move|p1a: Primarina|Moonblast|p2a: Hydreigon
|-supereffective|p2a: Hydreigon|2
|-damage|p2a: Hydreigon|0 fnt
|faint|p2a: Hydreigon
|
|win|chocokoala vgc
|raw|chocokoala vgc's rating: 1271 → 1300(+29 for winning)
|raw|Terminator7006's rating: 1325 → 1302(-23 for losing)
