|j|☆escanor_cs
|j|☆Gen4lover2
|html|escanor_csGen4lover2    
|uhtml|bestof|Game 1 of a best-of-3
|t:|1785879380
|gametype|doubles
|player|p1|escanor_cs|101|1290
|player|p2|Gen4lover2|wallace|1281
|gen|9
|tier|[Gen 9 Champions] VGC 2026 Reg M-B (Bo3)
|rated|
|rule|Species Clause: Limit one of each Pokémon
|rule|Item Clause: Limit 1 of each item
|clearpoke
|poke|p1|Blastoise, L50, M|
|poke|p1|Farigiraf, L50, M|
|poke|p1|Staraptor, L50, F|
|poke|p1|Torkoal, L50, M|
|poke|p1|Scovillain, L50, M|
|poke|p1|Sylveon, L50, M|
|poke|p2|Tyranitar, L50, M|
|poke|p2|Excadrill, L50, F|
|poke|p2|Staraptor, L50, F|
|poke|p2|Milotic, L50, F|
|poke|p2|Gholdengo, L50|
|poke|p2|Sinistcha-Masterpiece, L50|
|teampreview|4
|showteam|p1|Blastoise||Blastoisinite|Torrent|WaterSpout,DarkPulse,FakeOut,AuraSphere|Quiet||M|||50|]Farigiraf||SitrusBerry|ArmorTail|Psychic,Thunderbolt,TrickRoom,Protect|Bold||M|||50|]Staraptor||ChoiceScarf|Intimidate|CloseCombat,BraveBird,FinalGambit,Uturn|Jolly||F|||50|]Torkoal||Charcoal|Drought|HeatWave,Eruption,EarthPower,Protect|Quiet||M|||50|]Scovillain||Scovillainite|Moody|RagePowder,Overheat,LeechSeed,Protect|Bold||M|||50|]Sylveon||FairyFeather|Pixilate|HyperVoice,HyperBeam,QuickAttack,Protect|Quiet||M|||50|
|showteam|p2|Tyranitar||Tyranitarite|SandStream|RockSlide,KnockOff,LowKick,Protect|Adamant||M|||50|]Excadrill||FocusSash|SandRush|HighHorsepower,IronHead,RockSlide,Protect|Adamant||F|||50|]Staraptor||Staraptite|Intimidate|BraveBird,CloseCombat,Tailwind,Protect|Jolly||F|||50|]Milotic||SitrusBerry|Competitive|Scald,IceBeam,Recover,Protect|Modest||F|||50|]Gholdengo||LifeOrb|GoodasGold|MakeItRain,ShadowBall,NastyPlot,Protect|Modest|||||50|]Sinistcha-Masterpiece||ColburBerry|Hospitality|MatchaGotcha,RagePowder,TrickRoom,Protect|Relaxed|||||50|
|inactive|Battle timer is ON: inactive players will automatically lose when time's up. (requested by Gen4lover2)
|inactive|Gen4lover2 has 60 seconds left.
|
|t:|1785879434
|teamsize|p1|4
|teamsize|p2|4
|start
|switch|p1a: Scovillain|Scovillain, L50, M|100/100
|switch|p1b: Farigiraf|Farigiraf, L50, M|100/100
|switch|p2a: Sinistcha|Sinistcha-Masterpiece, L50|100/100
|switch|p2b: Tyranitar|Tyranitar, L50, M|100/100
|-weather|Sandstorm|[from] ability: Sand Stream|[of] p2b: Tyranitar
|turn|1
|
|t:|1785879451
|detailschange|p2b: Tyranitar|Tyranitar-Mega, L50, M
|-mega|p2b: Tyranitar|Tyranitar|Tyranitarite
|detailschange|p1a: Scovillain|Scovillain-Mega, L50, M
|-mega|p1a: Scovillain|Scovillain|Scovillainite
|move|p1b: Farigiraf|Protect|p1b: Farigiraf
|-singleturn|p1b: Farigiraf|Protect
|move|p2b: Tyranitar|Knock Off|p1b: Farigiraf
|-activate|p1b: Farigiraf|move: Protect
|move|p1a: Scovillain|Leech Seed|p2b: Tyranitar
|-start|p2b: Tyranitar|move: Leech Seed
|move|p2a: Sinistcha|Trick Room|p2a: Sinistcha
|-fieldstart|move: Trick Room|[of] p2a: Sinistcha
|
|-weather|Sandstorm|[upkeep]
|-damage|p1b: Farigiraf|93/100|[from] Sandstorm
|-damage|p2a: Sinistcha|93/100|[from] Sandstorm
|-damage|p1a: Scovillain|94/100|[from] Sandstorm
|-damage|p2b: Tyranitar|87/100|[from] Leech Seed|[of] p1a: Scovillain
|-heal|p1a: Scovillain|100/100|[silent]
|upkeep
|turn|2
|inactive|Gen4lover2 has 30 seconds left.
|inactive|Gen4lover2 has 20 seconds left.
|
|t:|1785879490
|switch|p2a: Milotic|Milotic, L50, F|100/100
|move|p1b: Farigiraf|Psychic|p2a: Milotic
|-damage|p2a: Milotic|74/100
|move|p1a: Scovillain|Overheat|p2a: Milotic
|-resisted|p2a: Milotic|1
|-damage|p2a: Milotic|51/100
|-unboost|p1a: Scovillain|spa|2
|move|p2b: Tyranitar|Knock Off|p1b: Farigiraf
|-supereffective|p1b: Farigiraf|1
|-damage|p1b: Farigiraf|0 fnt
|-enditem|p1b: Farigiraf|Sitrus Berry|[from] move: Knock Off|[of] p2b: Tyranitar
|faint|p1b: Farigiraf
|
|-weather|Sandstorm|[upkeep]
|-damage|p1a: Scovillain|94/100|[from] Sandstorm
|-damage|p2a: Milotic|45/100|[from] Sandstorm
|-enditem|p2a: Milotic|Sitrus Berry|[eat]
|-heal|p2a: Milotic|70/100|[from] item: Sitrus Berry
|-damage|p2b: Tyranitar|75/100|[from] Leech Seed|[of] p1a: Scovillain
|-heal|p1a: Scovillain|100/100|[silent]
|upkeep
|
|t:|1785879501
|switch|p1b: Sylveon|Sylveon, L50, M|100/100
|turn|3
|
|t:|1785879515
|switch|p1a: Torkoal|Torkoal, L50, M|100/100
|-weather|SunnyDay|[from] ability: Drought|[of] p1a: Torkoal
|switch|p2b: Sinistcha|Sinistcha-Masterpiece, L50|93/100
|-heal|p2a: Milotic|95/100|[from] ability: Hospitality|[of] p2b: Sinistcha
|move|p2a: Milotic|Protect|p2a: Milotic
|-singleturn|p2a: Milotic|Protect
|move|p1b: Sylveon|Hyper Voice|p2b: Sinistcha|[spread] p2b
|-activate|p2a: Milotic|move: Protect
|-damage|p2b: Sinistcha|44/100
|
|-weather|SunnyDay|[upkeep]
|upkeep
|turn|4
|
|t:|1785879537
|switch|p1a: Scovillain|Scovillain-Mega, L50, M|100/100
|switch|p2b: Tyranitar|Tyranitar-Mega, L50, M|75/100
|-weather|Sandstorm|[from] ability: Sand Stream|[of] p2b: Tyranitar
|move|p1b: Sylveon|Hyper Voice|p2a: Milotic|[spread] p2a,p2b
|-supereffective|p2b: Tyranitar|1
|-damage|p2a: Milotic|57/100
|-damage|p2b: Tyranitar|24/100
|move|p2a: Milotic|Scald|p1a: Scovillain
|-damage|p1a: Scovillain|66/100
|-status|p2a: Milotic|brn|[from] ability: Spicy Spray|[of] p1a: Scovillain
|
|-weather|Sandstorm|[upkeep]
|-damage|p1b: Sylveon|94/100|[from] Sandstorm
|-damage|p1a: Scovillain|60/100|[from] Sandstorm
|-damage|p2a: Milotic|51/100 brn|[from] Sandstorm
|-damage|p2a: Milotic|46/100 brn|[from] brn
|upkeep
|turn|5
|
|t:|1785879556
|move|p2a: Milotic|Protect|p2a: Milotic
|-singleturn|p2a: Milotic|Protect
|move|p2b: Tyranitar|Protect|p2b: Tyranitar
|-singleturn|p2b: Tyranitar|Protect
|move|p1b: Sylveon|Hyper Voice|p2a: Milotic|[spread] 
|-activate|p2a: Milotic|move: Protect
|-activate|p2b: Tyranitar|move: Protect
|move|p1a: Scovillain|Leech Seed|p2a: Milotic
|-activate|p2a: Milotic|move: Protect
|
|-weather|Sandstorm|[upkeep]
|-damage|p1b: Sylveon|88/100|[from] Sandstorm
|-damage|p1a: Scovillain|54/100|[from] Sandstorm
|-damage|p2a: Milotic|40/100 brn|[from] Sandstorm
|-damage|p2a: Milotic|34/100 brn|[from] brn
|-fieldend|move: Trick Room
|upkeep
|turn|6
|inactive|escanor_cs has 30 seconds left.
|
|t:|1785879586
|switch|p2a: Sinistcha|Sinistcha-Masterpiece, L50|44/100
|-heal|p2b: Tyranitar|49/100|[from] ability: Hospitality|[of] p2a: Sinistcha
|move|p1a: Scovillain|Protect|p1a: Scovillain
|-singleturn|p1a: Scovillain|Protect
|move|p2b: Tyranitar|Rock Slide|p1a: Scovillain|[spread] 
|-activate|p1a: Scovillain|move: Protect
|-miss|p2b: Tyranitar|p1b: Sylveon
|move|p1b: Sylveon|Hyper Voice|p2b: Tyranitar|[spread] p2a,p2b
|-supereffective|p2b: Tyranitar|1
|-damage|p2a: Sinistcha|0 fnt
|-damage|p2b: Tyranitar|0 fnt
|faint|p2a: Sinistcha
|faint|p2b: Tyranitar
|
|-weather|Sandstorm|[upkeep]
|-damage|p1a: Scovillain|48/100|[from] Sandstorm
|-damage|p1b: Sylveon|82/100|[from] Sandstorm
|upkeep
|
|t:|1785879602
|switch|p2b: Milotic|Milotic, L50, F|34/100 brn
|switch|p2a: Gholdengo|Gholdengo, L50|100/100
|turn|7
|
|t:|1785879617
|move|p1b: Sylveon|Protect|p1b: Sylveon
|-singleturn|p1b: Sylveon|Protect
|move|p2a: Gholdengo|Make It Rain|p1b: Sylveon|[spread] p1a
|-activate|p1b: Sylveon|move: Protect
|-resisted|p1a: Scovillain|1
|-damage|p1a: Scovillain|13/100
|-unboost|p2a: Gholdengo|spa|2
|-status|p2a: Gholdengo|brn|[from] ability: Spicy Spray|[of] p1a: Scovillain
|-damage|p2a: Gholdengo|90/100 brn|[from] item: Life Orb
|move|p2b: Milotic|Scald|p1a: Scovillain
|-damage|p1a: Scovillain|0 fnt
|faint|p1a: Scovillain
|
|-weather|Sandstorm|[upkeep]
|-damage|p2b: Milotic|28/100 brn|[from] Sandstorm
|-damage|p1b: Sylveon|76/100|[from] Sandstorm
|-damage|p2a: Gholdengo|84/100 brn|[from] brn
|-damage|p2b: Milotic|22/100 brn|[from] brn
|upkeep
|
|t:|1785879630
|switch|p1a: Torkoal|Torkoal, L50, M|100/100
|-weather|SunnyDay|[from] ability: Drought|[of] p1a: Torkoal
|turn|8
|inactive|Gen4lover2 has 30 seconds left.
|
|t:|1785879657
|move|p2a: Gholdengo|Protect|p2a: Gholdengo
|-singleturn|p2a: Gholdengo|Protect
|move|p2b: Milotic|Scald|p1a: Torkoal
|-supereffective|p1a: Torkoal|1
|-damage|p1a: Torkoal|59/100
|move|p1b: Sylveon|Hyper Voice|p2b: Milotic|[spread] p2b
|-activate|p2a: Gholdengo|move: Protect
|-damage|p2b: Milotic|0 fnt
|faint|p2b: Milotic
|move|p1a: Torkoal|Heat Wave|p2a: Gholdengo
|-activate|p2a: Gholdengo|move: Protect
|
|-weather|SunnyDay|[upkeep]
|-damage|p2a: Gholdengo|78/100 brn|[from] brn
|upkeep
|turn|9
|-message|Gen4lover2 forfeited.
|
|win|escanor_cs
|l|☆Gen4lover2
|player|p2|
|j|☆Gen4lover2
|player|p2|Gen4lover2|wallace|
||escanor_cs is ready for game 2.
||Gen4lover2 is ready for game 2.
|uhtml|next|Next: Game 2 of 3
|l|☆Gen4lover2
|player|p2|
