|j|☆andrewcips
|j|☆Delacruso
|html|andrewcipsDelacruso    
|uhtml|bestof|Game 1 of a best-of-3
|t:|1756802590
|gametype|doubles
|player|p1|andrewcips|alder|1047
|player|p2|Delacruso|red|1055
|gen|9
|tier|[Gen 9] VGC 2025 Reg H (Bo3)
|rated|
|rule|Species Clause: Limit one of each Pokémon
|rule|Item Clause: Limit 1 of each item
|clearpoke
|poke|p1|Archaludon, L50, M|
|poke|p1|Rillaboom, L50, F|
|poke|p1|Basculegion, L50, M|
|poke|p1|Kingambit, L50, F|
|poke|p1|Pelipper, L50, F|
|poke|p1|Electabuzz, L50, M|
|poke|p2|Ninetales, L50, F|
|poke|p2|Charizard, L50, M|
|poke|p2|Jumpluff, L50, F|
|poke|p2|Ursaluna-Bloodmoon, L50, M|
|poke|p2|Incineroar, L50, F|
|poke|p2|Gholdengo, L50|
|teampreview|4
|showteam|p1|Archaludon||AssaultVest|Stamina|ElectroShot,DracoMeteor,FlashCannon,BodyPress|||M|||50|,,,,,Fairy]Rillaboom||LoadedDice|GrassySurge|BulletSeed,GrassyGlide,FakeOut,HighHorsepower|||F|||50|,,,,,Fire]Basculegion||ChoiceBand|SwiftSwim|WaveCrash,LastRespects,FlipTurn,AquaJet|||M|||50|,,,,,Grass]Kingambit||BlackGlasses|Defiant|KowtowCleave,SuckerPunch,SwordsDance,Protect|||F|||50|,,,,,Dark]Pelipper||FocusSash|Drizzle|WeatherBall,Hurricane,Tailwind,Protect|||F|||50|,,,,,Ghost]Electabuzz||Eviolite|VitalSpirit|Electroweb,Taunt,FollowMe,Protect|||M|||50|,,,,,Ghost
|showteam|p2|Ninetales||Charcoal|Drought|BatonPass,CalmMind,WillOWisp,HeatWave|||F|||50|,,,,,Grass]Charizard||ChoiceSpecs|SolarPower|DragonPulse,HeatWave,Overheat,WeatherBall|||M|||50|,,,,,Ghost]Jumpluff||CovertCloak|Chlorophyll|SleepPowder,SunnyDay,Tailwind,RagePowder|||F|||50|,,,,,Water]Ursaluna-Bloodmoon||AssaultVest|MindsEye|EarthPower,BloodMoon,HyperVoice,VacuumWave|||M|||50|,,,,,Normal]Incineroar||SitrusBerry|Intimidate|FakeOut,FlareBlitz,KnockOff,PartingShot|||F|||50|,,,,,Ghost]Gholdengo||LifeOrb|GoodasGold|PowerGem,MakeItRain,ShadowBall,Protect||||||50|,,,,,Steel
|inactive|Battle timer is ON: inactive players will automatically lose when time's up. (requested by andrewcips)
|inactive|andrewcips has 60 seconds left.
|inactive|Delacruso has 60 seconds left.
|
|t:|1756802666
|teamsize|p1|4
|teamsize|p2|4
|start
|switch|p1a: Kingambit|Kingambit, L50, F|100/100
|switch|p1b: Electabuzz|Electabuzz, L50, M|100/100
|switch|p2a: Jumpluff|Jumpluff, L50, F|100/100
|switch|p2b: Ninetales|Ninetales, L50, F|100/100
|-weather|SunnyDay|[from] ability: Drought|[of] p2b: Ninetales
|turn|1
|inactive|andrewcips has 30 seconds left.
|inactive|Delacruso has 30 seconds left.
|inactive|andrewcips has 20 seconds left.
|inactive|Delacruso has 20 seconds left.
|inactive|andrewcips has 15 seconds left.
|inactive|andrewcips has 10 seconds left.
|
|t:|1756802714
|move|p1a: Kingambit|Protect|p1a: Kingambit
|-singleturn|p1a: Kingambit|Protect
|move|p2a: Jumpluff|Sleep Powder|p1a: Kingambit
|-activate|p1a: Kingambit|move: Protect
|move|p1b: Electabuzz|Taunt|p2a: Jumpluff
|-start|p2a: Jumpluff|move: Taunt
|move|p2b: Ninetales|Calm Mind|p2b: Ninetales
|-boost|p2b: Ninetales|spa|1
|-boost|p2b: Ninetales|spd|1
|
|-weather|SunnyDay|[upkeep]
|upkeep
|turn|2
|inactive|andrewcips has 30 seconds left.
|inactive|andrewcips has 20 seconds left.
|inactive|andrewcips has 15 seconds left.
|inactive|andrewcips has 10 seconds left.
|
|t:|1756802762
|-terastallize|p1a: Kingambit|Dark
|move|p1b: Electabuzz|Follow Me|p1b: Electabuzz
|-singleturn|p1b: Electabuzz|move: Follow Me
|-activate|p2a: Jumpluff|move: Struggle
|move|p2a: Jumpluff|Struggle|p1b: Electabuzz
|-crit|p1b: Electabuzz
|-damage|p1b: Electabuzz|94/100
|-damage|p2a: Jumpluff|75/100|[from] recoil
|move|p2b: Ninetales|Baton Pass|p2b: Ninetales
|
|t:|1756802770
|switch|p2b: Charizard|Charizard, L50, M, shiny|100/100|[from] Baton Pass
|move|p1a: Kingambit|Swords Dance|p1a: Kingambit
|-boost|p1a: Kingambit|atk|2
|
|-weather|SunnyDay|[upkeep]
|-damage|p2b: Charizard|88/100|[from] ability: Solar Power|[of] p2b: Charizard
|upkeep
|turn|3
|inactive|andrewcips has 30 seconds left.
|inactive|andrewcips has 20 seconds left.
|
|t:|1756802809
|switch|p2a: Ninetales|Ninetales, L50, F|100/100
|move|p1a: Kingambit|Protect|p1a: Kingambit
|-singleturn|p1a: Kingambit|Protect
|move|p2b: Charizard|Heat Wave|p1b: Electabuzz|[spread] p1b
|-activate|p1a: Kingambit|move: Protect
|-damage|p1b: Electabuzz|0 fnt
|faint|p1b: Electabuzz
|
|-weather|SunnyDay|[upkeep]
|-damage|p2b: Charizard|76/100|[from] ability: Solar Power|[of] p2b: Charizard
|upkeep
|
|t:|1756802821
|switch|p1b: Pelipper|Pelipper, L50, F|100/100
|-weather|RainDance|[from] ability: Drizzle|[of] p1b: Pelipper
|turn|4
|inactive|Delacruso has 30 seconds left.
|
|t:|1756802848
|switch|p2a: Jumpluff|Jumpluff, L50, F|75/100
|-terastallize|p2b: Charizard|Ghost
|move|p1a: Kingambit|Sucker Punch|p2b: Charizard
|-supereffective|p2b: Charizard
|-damage|p2b: Charizard|0 fnt
|faint|p2b: Charizard
|move|p1b: Pelipper|Weather Ball|p2a: Jumpluff
|-resisted|p2a: Jumpluff
|-damage|p2a: Jumpluff|37/100
|
|-weather|RainDance|[upkeep]
|upkeep
|
|t:|1756802862
|switch|p2b: Ninetales|Ninetales, L50, F|100/100
|-weather|SunnyDay|[from] ability: Drought|[of] p2b: Ninetales
|turn|5
|inactive|andrewcips has 30 seconds left.
|inactive|andrewcips has 20 seconds left.
|inactive|andrewcips has 15 seconds left.
|
|t:|1756802905
|move|p1a: Kingambit|Protect|p1a: Kingambit
|-singleturn|p1a: Kingambit|Protect
|move|p2a: Jumpluff|Sleep Powder|p1a: Kingambit
|-activate|p1a: Kingambit|move: Protect
|move|p2b: Ninetales|Calm Mind|p2b: Ninetales
|-boost|p2b: Ninetales|spa|1
|-boost|p2b: Ninetales|spd|1
|move|p1b: Pelipper|Weather Ball|p2a: Jumpluff
|-supereffective|p2a: Jumpluff
|-damage|p2a: Jumpluff|0 fnt
|faint|p2a: Jumpluff
|
|-weather|SunnyDay|[upkeep]
|upkeep
|
|t:|1756802918
|switch|p2a: Ursaluna|Ursaluna-Bloodmoon, L50, M|100/100
|turn|6
|inactive|andrewcips has 30 seconds left.
|
|t:|1756802946
|switch|p1b: Archaludon|Archaludon, L50, M|100/100
|move|p1a: Kingambit|Sucker Punch|p2a: Ursaluna
|-damage|p2a: Ursaluna|0 fnt
|faint|p2a: Ursaluna
|move|p2b: Ninetales|Heat Wave|p1a: Kingambit|[spread] p1a,p1b
|-damage|p1a: Kingambit|41/100
|-damage|p1b: Archaludon|55/100
|-status|p1b: Archaludon|brn
|-ability|p1b: Archaludon|Stamina|boost
|-boost|p1b: Archaludon|def|1
|
|-weather|SunnyDay|[upkeep]
|-damage|p1b: Archaludon|49/100 brn|[from] brn
|upkeep
|turn|7
|-message|Delacruso forfeited.
|
|win|andrewcips
||andrewcips is ready for game 2.
||Delacruso is ready for game 2.
|uhtml|next|Next: Game 2 of 3
