|j|☆sadnessvgc
|j|☆Le P VGC
|html|sadnessvgcLe P VGC    
|uhtml|bestof|Game 3 of a best-of-3
|t:|1785344082
|gametype|doubles
|player|p1|sadnessvgc|chase|1267
|player|p2|Le P VGC|265|1401
|gen|9
|tier|[Gen 9 Champions] VGC 2026 Reg M-B (Bo3)
|rated|
|rule|Species Clause: Limit one of each Pokémon
|rule|Item Clause: Limit 1 of each item
|clearpoke
|poke|p1|Whimsicott, L50, F, shiny|
|poke|p1|Staraptor, L50, F, shiny|
|poke|p1|Gholdengo, L50, shiny|
|poke|p1|Basculegion, L50, M, shiny|
|poke|p1|Kingambit, L50, F, shiny|
|poke|p1|Garchomp, L50, F, shiny|
|poke|p2|Incineroar, L50, M|
|poke|p2|Delphox, L50, F|
|poke|p2|Sinistcha, L50|
|poke|p2|Blastoise, L50, M|
|poke|p2|Sneasler, L50, F|
|poke|p2|Maushold-Four, L50|
|teampreview|4
|showteam|p1|Whimsicott||FocusSash|Prankster|Tailwind,Moonblast,Charm,Protect|Timid||F|||50|]Staraptor||Staraptite|Intimidate|CloseCombat,BraveBird,Roost,Protect|Jolly||F|||50|]Gholdengo||LifeOrb|GoodasGold|MakeItRain,ShadowBall,NastyPlot,Protect|Modest|||||50|]Basculegion||ChoiceScarf|Adaptability|WaveCrash,LastRespects,AquaJet,FlipTurn|Jolly||M|||50|]Kingambit||BlackGlasses|Defiant|KowtowCleave,SuckerPunch,IronHead,Protect|Adamant||F|||50|]Garchomp||HabanBerry|RoughSkin|Earthquake,StompingTantrum,RockSlide,Protect|Adamant||F|||50|
|showteam|p2|Incineroar||SitrusBerry|Intimidate|FakeOut,FlareBlitz,ThroatChop,PartingShot|Impish||M|||50|]Delphox||Delphoxite|Blaze|HeatWave,NastyPlot,Protect,Psychic|Timid||F|||50|]Sinistcha||OccaBerry|Hospitality|MatchaGotcha,RagePowder,TrickRoom,Protect|Bold|||||50|]Blastoise||Blastoisinite|RainDish|ShellSmash,Protect,WaterSpout,DarkPulse|Modest||M|||50|]Sneasler||WhiteHerb|Unburden|FakeOut,CloseCombat,DireClaw,Protect|Adamant||F|||50|]Maushold-Four||ChopleBerry|FriendGuard|FollowMe,SuperFang,Protect,Feint|Impish|||||50|
|inactive|Battle timer is ON: inactive players will automatically lose when time's up. (requested by Le P VGC)
|inactive|sadnessvgc has 60 seconds left.
|
|t:|1785344125
|teamsize|p1|4
|teamsize|p2|4
|start
|switch|p1a: Kingambit|Kingambit, L50, F, shiny|100/100
|switch|p1b: Basculegion|Basculegion, L50, M, shiny|100/100
|switch|p2a: Sinistcha|Sinistcha, L50|100/100
|switch|p2b: Incineroar|Incineroar, L50, M|100/100
|-ability|p2b: Incineroar|Intimidate|boost
|-unboost|p1a: Kingambit|atk|1
|-ability|p1a: Kingambit|Defiant|boost
|-boost|p1a: Kingambit|atk|2
|-unboost|p1b: Basculegion|atk|1
|turn|1
|
|t:|1785344148
|move|p1b: Basculegion|Flip Turn|p2b: Incineroar
|-supereffective|p2b: Incineroar|1
|-damage|p2b: Incineroar|60/100
|
|t:|1785344152
|switch|p1b: Staraptor|Staraptor, L50, F, shiny|100/100|[from] Flip Turn
|-ability|p1b: Staraptor|Intimidate|boost
|-unboost|p2a: Sinistcha|atk|1
|-unboost|p2b: Incineroar|atk|1
|move|p2b: Incineroar|Flare Blitz|p1b: Staraptor
|-damage|p1b: Staraptor|55/100
|-damage|p2b: Incineroar|48/100|[from] Recoil
|-enditem|p2b: Incineroar|Sitrus Berry|[eat]
|-heal|p2b: Incineroar|73/100|[from] item: Sitrus Berry
|move|p2a: Sinistcha|Matcha Gotcha|p1a: Kingambit|[spread] p1a
|-miss|p2a: Sinistcha|p1b: Staraptor
|-resisted|p1a: Kingambit|1
|-damage|p1a: Kingambit|86/100
|-status|p1a: Kingambit|brn
|move|p1a: Kingambit|Kowtow Cleave|p2a: Sinistcha
|-supereffective|p2a: Sinistcha|1
|-damage|p2a: Sinistcha|28/100
|
|-damage|p1a: Kingambit|80/100 brn|[from] brn
|upkeep
|turn|2
|inactive|sadnessvgc has 30 seconds left.
|
|t:|1785344179
|switch|p2a: Maushold|Maushold-Four, L50|100/100
|detailschange|p1b: Staraptor|Staraptor-Mega, L50, F, shiny
|-mega|p1b: Staraptor|Staraptor|Staraptite
|move|p1b: Staraptor|Roost|p1b: Staraptor
|-heal|p1b: Staraptor|100/100
|-singleturn|p1b: Staraptor|move: Roost
|move|p2b: Incineroar|Flare Blitz|p1a: Kingambit
|-supereffective|p1a: Kingambit|1
|-crit|p1a: Kingambit
|-damage|p1a: Kingambit|0 fnt
|faint|p1a: Kingambit
|-damage|p2b: Incineroar|48/100|[from] Recoil
|
|upkeep
|inactive|sadnessvgc has 30 seconds left.
|
|t:|1785344205
|switch|p1a: Whimsicott|Whimsicott, L50, F, shiny|100/100
|turn|3
|
|t:|1785344211
|move|p2a: Maushold|Protect|p2a: Maushold
|-singleturn|p2a: Maushold|Protect
|move|p1a: Whimsicott|Tailwind|p1a: Whimsicott
|-sidestart|p1: sadnessvgc|move: Tailwind
|move|p1b: Staraptor|Close Combat|p2a: Maushold
|-activate|p2a: Maushold|move: Protect
|move|p2b: Incineroar|Flare Blitz|p1a: Whimsicott
|-supereffective|p1a: Whimsicott|1
|-damage|p1a: Whimsicott|9/100
|-status|p1a: Whimsicott|brn
|-damage|p2b: Incineroar|28/100|[from] Recoil
|
|-damage|p1a: Whimsicott|3/100 brn|[from] brn
|upkeep
|turn|4
|
|t:|1785344229
|switch|p1a: Basculegion|Basculegion, L50, M, shiny|100/100
|move|p2a: Maushold|Feint|p1a: Basculegion
|-immune|p1a: Basculegion
|move|p1b: Staraptor|Close Combat|p2a: Maushold
|-supereffective|p2a: Maushold|1
|-enditem|p2a: Maushold|Chople Berry|[eat]
|-enditem|p2a: Maushold|Chople Berry|[weaken]
|-damage|p2a: Maushold|29/100
|-boost|p1b: Staraptor|def|1
|-boost|p1b: Staraptor|spd|1
|move|p2b: Incineroar|Throat Chop|p1a: Basculegion
|-supereffective|p1a: Basculegion|1
|-damage|p1a: Basculegion|44/100
|-start|p1a: Basculegion|Throat Chop|[silent]
|
|upkeep
|turn|5
|inactive|sadnessvgc has 30 seconds left.
|inactive|sadnessvgc has 20 seconds left.
|inactive|sadnessvgc has 15 seconds left.
|inactive|sadnessvgc has 10 seconds left.
|
|t:|1785344275
|move|p2a: Maushold|Protect|p2a: Maushold
|-singleturn|p2a: Maushold|Protect
|move|p1a: Basculegion|Flip Turn|p2a: Maushold
|-activate|p2a: Maushold|move: Protect
|move|p1b: Staraptor|Brave Bird|p2b: Incineroar
|-damage|p2b: Incineroar|0 fnt
|faint|p2b: Incineroar
|-damage|p1b: Staraptor|88/100|[from] Recoil
|
|-end|p1a: Basculegion|Throat Chop|[silent]
|upkeep
|
|t:|1785344284
|switch|p2b: Delphox|Delphox, L50, F|100/100
|turn|6
|inactive|sadnessvgc has 30 seconds left.
|
|t:|1785344318
|detailschange|p2b: Delphox|Delphox-Mega, L50, F
|-mega|p2b: Delphox|Delphox|Delphoxite
|move|p2a: Maushold|Follow Me|p2a: Maushold
|-singleturn|p2a: Maushold|move: Follow Me
|move|p1a: Basculegion|Flip Turn|p2a: Maushold
|-damage|p2a: Maushold|0 fnt
|faint|p2a: Maushold
|
|t:|1785344326
|switch|p1a: Whimsicott|Whimsicott, L50, F, shiny|3/100 brn|[from] Flip Turn
|move|p1b: Staraptor|Brave Bird|p2b: Delphox
|-damage|p2b: Delphox|3/100
|-damage|p1b: Staraptor|56/100|[from] Recoil
|move|p2b: Delphox|Nasty Plot|p2b: Delphox
|-boost|p2b: Delphox|spa|2
|
|-damage|p1a: Whimsicott|0 fnt|[from] brn
|faint|p1a: Whimsicott
|-sideend|p1: sadnessvgc|move: Tailwind
|upkeep
|
|t:|1785344338
|switch|p1a: Basculegion|Basculegion, L50, M, shiny|44/100
|switch|p2a: Sinistcha|Sinistcha, L50|28/100
|-heal|p2b: Delphox|28/100|[from] ability: Hospitality|[of] p2a: Sinistcha
|turn|7
|
|t:|1785344356
|move|p2a: Sinistcha|Rage Powder|p2a: Sinistcha
|-singleturn|p2a: Sinistcha|move: Rage Powder
|move|p1a: Basculegion|Last Respects|p2a: Sinistcha
|-supereffective|p2a: Sinistcha|1
|-damage|p2a: Sinistcha|0 fnt
|faint|p2a: Sinistcha
|move|p2b: Delphox|Heat Wave|p1a: Basculegion|[spread] p1a,p1b
|-resisted|p1a: Basculegion|1
|-damage|p1a: Basculegion|0 fnt
|-damage|p1b: Staraptor|0 fnt
|faint|p1a: Basculegion
|faint|p1b: Staraptor
|
|win|Le P VGC
|raw|sadnessvgc's rating: 1267 → 1251(-16 for losing)
|raw|Le P VGC's rating: 1401 → 1414(+13 for winning)
|c|☆sadnessvgc|gg
|c|☆Le P VGC|GG
