|j|☆iannaVi
|j|☆unatopipo
|html|iannaViunatopipo    
|uhtml|bestof|Game 3 of a best-of-3
|t:|1783937529
|gametype|doubles
|player|p1|iannaVi|cheren-gen5bw2|1228
|player|p2|unatopipo|aaron|1117
|gen|9
|tier|[Gen 9 Champions] VGC 2026 Reg M-B (Bo3)
|rated|
|rule|Species Clause: Limit one of each Pokémon
|rule|Item Clause: Limit 1 of each item
|clearpoke
|poke|p1|Sylveon, L50, M|
|poke|p1|Charizard, L50, F|
|poke|p1|Garchomp, L50, F|
|poke|p1|Aerodactyl, L50, M|
|poke|p1|Kingambit, L50, M|
|poke|p1|Farigiraf, L50, M|
|poke|p2|Sceptile, L50, M|
|poke|p2|Rotom-Heat, L50|
|poke|p2|Tinkaton, L50, F|
|poke|p2|Talonflame, L50, F|
|poke|p2|Glimmora, L50, F|
|poke|p2|Basculegion, L50, M|
|teampreview|4
|showteam|p1|Sylveon||FairyFeather|Pixilate|HyperVoice,HyperBeam,QuickAttack,Detect|Modest||M|||50|]Charizard||CharizarditeY|Blaze|WeatherBall,HeatWave,SolarBeam,Protect|Modest||F|||50|]Garchomp||LifeOrb|RoughSkin|DragonClaw,Protect,StompingTantrum,Earthquake|Jolly||F|||50|]Aerodactyl||Aerodactylite|Unnerve|RockSlide,IceFang,Tailwind,DualWingbeat|Jolly||M|||50|]Kingambit||FocusSash|Defiant|KowtowCleave,IronHead,SuckerPunch,LowKick|Adamant||M|||50|]Farigiraf||SitrusBerry|ArmorTail|TwinBeam,Thunderbolt,TrickRoom,Roar|Relaxed||M|||50|
|showteam|p2|Sceptile||Sceptilite|Overgrow|EnergyBall,DragonPulse,EarthPower,Detect|Timid||M|||50|]Rotom-Heat||ChoiceScarf|Levitate|Overheat,Discharge,WillOWisp,Trick|Timid|||||50|]Tinkaton||SitrusBerry|MoldBreaker|GigatonHammer,BrickBreak,FakeOut,Encore|Adamant||F|||50|]Talonflame||SharpBeak|GaleWings|DualWingbeat,Tailwind,Taunt,Protect|Jolly||F|||50|]Glimmora||FocusSash|ToxicDebris|SludgeBomb,PowerGem,EarthPower,SpikyShield|Modest||F|||50|]Basculegion||LifeOrb|Adaptability|LastRespects,WaveCrash,AquaJet,Protect|Adamant||M|||50|
|inactive|Battle timer is ON: inactive players will automatically lose when time's up. (requested by unatopipo)
|j| pirro9
|
|t:|1783937554
|teamsize|p1|4
|teamsize|p2|4
|start
|switch|p1a: Aerodactyl|Aerodactyl, L50, M|100/100
|switch|p1b: Kingambit|Kingambit, L50, M|100/100
|switch|p2a: Tinkaton|Tinkaton, L50, F|100/100
|switch|p2b: Basculegion|Basculegion, L50, M|100/100
|-ability|p1a: Aerodactyl|Unnerve
|-ability|p2a: Tinkaton|Mold Breaker
|turn|1
|inactive|iannaVi has 30 seconds left.
|
|t:|1783937584
|detailschange|p1a: Aerodactyl|Aerodactyl-Mega, L50, M
|-mega|p1a: Aerodactyl|Aerodactyl|Aerodactylite
|move|p1a: Aerodactyl|Tailwind|p1a: Aerodactyl
|-sidestart|p1: iannaVi|move: Tailwind
|move|p1b: Kingambit|Kowtow Cleave|p2b: Basculegion
|-supereffective|p2b: Basculegion|1
|-damage|p2b: Basculegion|0 fnt
|faint|p2b: Basculegion
|move|p2a: Tinkaton|Gigaton Hammer|p1a: Aerodactyl
|-supereffective|p1a: Aerodactyl|1
|-damage|p1a: Aerodactyl|0 fnt
|faint|p1a: Aerodactyl
|
|upkeep
|
|t:|1783937595
|switch|p1a: Garchomp|Garchomp, L50, F|100/100
|switch|p2b: Rotom|Rotom-Heat, L50|100/100
|turn|2
|
|t:|1783937613
|move|p1a: Garchomp|Stomping Tantrum|p2a: Tinkaton
|-supereffective|p2a: Tinkaton|1
|-damage|p2a: Tinkaton|0 fnt
|faint|p2a: Tinkaton
|-damage|p1a: Garchomp|90/100|[from] item: Life Orb
|move|p2b: Rotom|Will-O-Wisp|p1a: Garchomp
|-status|p1a: Garchomp|brn
|move|p1b: Kingambit|Iron Head|p2b: Rotom
|-resisted|p2b: Rotom|2
|-damage|p2b: Rotom|84/100
|
|-damage|p1a: Garchomp|84/100 brn|[from] brn
|upkeep
|
|t:|1783937625
|switch|p2a: Sceptile|Sceptile, L50, M|100/100
|turn|3
|inactive|iannaVi has 30 seconds left.
|
|t:|1783937655
|move|p2a: Sceptile|Detect|p2a: Sceptile
|-singleturn|p2a: Sceptile|Protect
|move|p1a: Garchomp|Dragon Claw|p2a: Sceptile
|-activate|p2a: Sceptile|move: Protect
|move|p2b: Rotom|Will-O-Wisp|p1b: Kingambit
|-status|p1b: Kingambit|brn
|move|p1b: Kingambit|Kowtow Cleave|p2b: Rotom
|-damage|p2b: Rotom|55/100
|
|-damage|p1a: Garchomp|78/100 brn|[from] brn
|-damage|p1b: Kingambit|93/100 brn|[from] brn
|upkeep
|turn|4
|inactive|unatopipo has 30 seconds left.
|inactive|unatopipo has 20 seconds left.
|inactive|unatopipo has 15 seconds left.
|
|t:|1783937699
|detailschange|p2a: Sceptile|Sceptile-Mega, L50, M
|-mega|p2a: Sceptile|Sceptile|Sceptilite
|move|p1a: Garchomp|Dragon Claw|p2a: Sceptile
|-supereffective|p2a: Sceptile|1
|-damage|p2a: Sceptile|12/100
|-damage|p1a: Garchomp|68/100 brn|[from] item: Life Orb
|move|p2b: Rotom|Will-O-Wisp|p1b: Kingambit|[miss]
|-miss|p2b: Rotom|p1b: Kingambit
|move|p2a: Sceptile|Dragon Pulse|p1a: Garchomp
|-supereffective|p1a: Garchomp|1
|-damage|p1a: Garchomp|0 fnt
|faint|p1a: Garchomp
|move|p1b: Kingambit|Kowtow Cleave|p2b: Rotom
|-damage|p2b: Rotom|25/100
|
|-damage|p1b: Kingambit|87/100 brn|[from] brn
|-sideend|p1: iannaVi|move: Tailwind
|upkeep
|
|t:|1783937715
|switch|p1a: Sylveon|Sylveon, L50, M|100/100
|turn|5
|
|t:|1783937723
|move|p2a: Sceptile|Detect|p2a: Sceptile
|-singleturn|p2a: Sceptile|Protect
|move|p2b: Rotom|Will-O-Wisp|p1a: Sylveon
|-status|p1a: Sylveon|brn
|move|p1b: Kingambit|Kowtow Cleave|p2b: Rotom
|-crit|p2b: Rotom
|-damage|p2b: Rotom|0 fnt
|faint|p2b: Rotom
|move|p1a: Sylveon|Hyper Voice|p2a: Sceptile
|-activate|p2a: Sceptile|move: Protect
|
|-damage|p1b: Kingambit|81/100 brn|[from] brn
|-damage|p1a: Sylveon|94/100 brn|[from] brn
|upkeep
|turn|6
|l| pirro9
|
|t:|1783937740
|move|p2a: Sceptile|Energy Ball|p1a: Sylveon
|-damage|p1a: Sylveon|54/100 brn
|move|p1b: Kingambit|Kowtow Cleave|p2a: Sceptile
|-damage|p2a: Sceptile|0 fnt
|faint|p2a: Sceptile
|
|win|iannaVi
|raw|iannaVi's rating: 1228 → 1245(+17 for winning)
|raw|unatopipo's rating: 1117 → 1100(-17 for losing)
|l|☆unatopipo
|player|p2|
