|j|☆RegiSIXSEVEN
|j|☆Chelicerate1
|html|RegiSIXSEVENChelicerate1    
|uhtml|bestof|Game 1 of a best-of-3
|t:|1784789662
|gametype|doubles
|player|p1|RegiSIXSEVEN|steven|1187
|player|p2|Chelicerate1|ethan|1360
|gen|9
|tier|[Gen 9 Champions] VGC 2026 Reg M-B (Bo3)
|rated|
|rule|Species Clause: Limit one of each Pokémon
|rule|Item Clause: Limit 1 of each item
|clearpoke
|poke|p1|Garchomp, L50, F, shiny|
|poke|p1|Venusaur, L50, F, shiny|
|poke|p1|Incineroar, L50, M, shiny|
|poke|p1|Charizard, L50, F, shiny|
|poke|p1|Toxapex, L50, F, shiny|
|poke|p1|Annihilape, L50, F, shiny|
|poke|p2|Grimmsnarl, L50, M|
|poke|p2|Basculegion, L50, M|
|poke|p2|Charizard, L50, F|
|poke|p2|Pelipper, L50, M|
|poke|p2|Venusaur, L50, M|
|poke|p2|Archaludon, L50, M|
|teampreview|4
|showteam|p1|Garchomp||ChoiceScarf|RoughSkin|Earthquake,DragonClaw,StompingTantrum,RockSlide|Adamant||F|||50|]Venusaur||LifeOrb|Chlorophyll|SolarBeam,SludgeBomb,EarthPower,Protect|Modest||F|||50|]Incineroar||SitrusBerry|Intimidate|FlareBlitz,ThroatChop,FakeOut,PartingShot|Impish||M|||50|]Charizard||CharizarditeY|Blaze|HeatWave,WeatherBall,HelpingHand,Protect|Modest||F|||50|]Toxapex||Leftovers|Regenerator|Infestation,Toxic,WideGuard,BanefulBunker|Bold||F|||50|]Annihilape||FocusSash|Defiant|CloseCombat,PhantomForce,RockTomb,Protect|Jolly||F|||50|
|showteam|p2|Grimmsnarl||LightClay|Prankster|SpiritBreak,PartingShot,Reflect,LightScreen|Sassy||M|||50|]Basculegion||ChoiceScarf|Adaptability|LastRespects,WaveCrash,AquaJet,FlipTurn|Jolly||M|||50|]Charizard||CharizarditeY|Blaze|Protect,HeatWave,WeatherBall,SolarBeam|Modest||F|||50|]Pelipper||SitrusBerry|Drizzle|Hurricane,WeatherBall,Tailwind,WideGuard|Modest||M|||50|]Venusaur||FocusSash|Chlorophyll|SludgeBomb,SleepPowder,EarthPower,Protect|Modest||M|||50|]Archaludon||Leftovers|Stamina|ElectroShot,DragonPulse,FlashCannon,Protect|Calm||M|||50|
|inactive|Battle timer is ON: inactive players will automatically lose when time's up. (requested by RegiSIXSEVEN)
|inactive|Chelicerate1 also wants the timer to be on.
|
|t:|1784789688
|teamsize|p1|4
|teamsize|p2|4
|start
|switch|p1a: Toxapex|Toxapex, L50, F, shiny|100/100
|switch|p1b: Charizard|Charizard, L50, F, shiny|100/100
|switch|p2a: Charizard|Charizard, L50, F|100/100
|switch|p2b: Grimmsnarl|Grimmsnarl, L50, M|100/100
|turn|1
|inactive|RegiSIXSEVEN has 30 seconds left.
|
|t:|1784789716
|detailschange|p2a: Charizard|Charizard-Mega-Y, L50, F
|-mega|p2a: Charizard|Charizard|Charizardite Y
|-weather|SunnyDay|[from] ability: Drought|[of] p2a: Charizard
|move|p1b: Charizard|Protect|p1b: Charizard
|-singleturn|p1b: Charizard|Protect
|move|p2b: Grimmsnarl|Light Screen|p2b: Grimmsnarl
|-sidestart|p2: Chelicerate1|move: Light Screen
|move|p2a: Charizard|Solar Beam||[still]
|-prepare|p2a: Charizard|Solar Beam
|-anim|p2a: Charizard|Solar Beam|p1a: Toxapex
|-damage|p1a: Toxapex|66/100
|move|p1a: Toxapex|Toxic|p2b: Grimmsnarl
|-status|p2b: Grimmsnarl|tox
|
|-weather|SunnyDay|[upkeep]
|-heal|p1a: Toxapex|71/100|[from] item: Leftovers
|-damage|p2b: Grimmsnarl|94/100 tox|[from] psn
|upkeep
|turn|2
|inactive|Chelicerate1 has 30 seconds left.
|inactive|Chelicerate1 has 20 seconds left.
|inactive|Chelicerate1 has 15 seconds left.
|
|t:|1784789760
|detailschange|p1b: Charizard|Charizard-Mega-Y, L50, F, shiny
|-mega|p1b: Charizard|Charizard|Charizardite Y
|move|p2b: Grimmsnarl|Parting Shot|p1b: Charizard
|-unboost|p1b: Charizard|atk|1
|-unboost|p1b: Charizard|spa|1
|
|t:|1784789764
|switch|p2b: Pelipper|Pelipper, L50, M|100/100|[from] Parting Shot
|-weather|RainDance|[from] ability: Drizzle|[of] p2b: Pelipper
|move|p2a: Charizard|Weather Ball|p1b: Charizard
|-supereffective|p1b: Charizard|1
|-damage|p1b: Charizard|4/100
|move|p1b: Charizard|Heat Wave|p2b: Pelipper|[spread] p2a,p2b
|-resisted|p2a: Charizard|1
|-resisted|p2b: Pelipper|1
|-damage|p2a: Charizard|96/100
|-damage|p2b: Pelipper|93/100
|-status|p2b: Pelipper|brn
|move|p1a: Toxapex|Infestation|p2a: Charizard
|-resisted|p2a: Charizard|2
|-damage|p2a: Charizard|96/100
|-activate|p2a: Charizard|move: Infestation|[of] p1a: Toxapex
|
|-weather|RainDance|[upkeep]
|-heal|p1a: Toxapex|77/100|[from] item: Leftovers
|-damage|p2b: Pelipper|87/100 brn|[from] brn
|-damage|p2a: Charizard|84/100|[from] move: Infestation|[partiallytrapped]
|upkeep
|turn|3
|inactive|RegiSIXSEVEN has 30 seconds left.
|inactive|RegiSIXSEVEN has 20 seconds left.
|inactive|RegiSIXSEVEN has 15 seconds left.
|
|t:|1784789805
|switch|p1b: Garchomp|Garchomp, L50, F, shiny|100/100
|move|p2a: Charizard|Weather Ball|p1b: Garchomp
|-damage|p1b: Garchomp|35/100
|move|p2b: Pelipper|Hurricane|p1a: Toxapex
|-damage|p1a: Toxapex|43/100
|move|p1a: Toxapex|Infestation|p2b: Pelipper
|-resisted|p2b: Pelipper|1
|-damage|p2b: Pelipper|85/100 brn
|-activate|p2b: Pelipper|move: Infestation|[of] p1a: Toxapex
|
|-weather|RainDance|[upkeep]
|-heal|p1a: Toxapex|49/100|[from] item: Leftovers
|-damage|p2b: Pelipper|79/100 brn|[from] brn
|-damage|p2a: Charizard|72/100|[from] move: Infestation|[partiallytrapped]
|-damage|p2b: Pelipper|67/100 brn|[from] move: Infestation|[partiallytrapped]
|upkeep
|turn|4
|
|t:|1784789822
|-heal|p1a: Toxapex|82/100|[from] ability: Regenerator|[silent]
|switch|p1a: Charizard|Charizard-Mega-Y, L50, F, shiny|4/100
|-weather|SunnyDay|[from] ability: Drought|[of] p1a: Charizard
|move|p2b: Pelipper|Wide Guard|p2b: Pelipper
|-singleturn|p2b: Pelipper|Wide Guard
|move|p1b: Garchomp|Dragon Claw|p2a: Charizard
|-damage|p2a: Charizard|25/100
|move|p2a: Charizard|Weather Ball|p1b: Garchomp
|-resisted|p1b: Garchomp|1
|-damage|p1b: Garchomp|0 fnt
|faint|p1b: Garchomp
|
|-weather|SunnyDay|[upkeep]
|-damage|p2b: Pelipper|61/100 brn|[from] brn
|-end|p2a: Charizard|Infestation|[partiallytrapped]|[silent]
|-end|p2b: Pelipper|Infestation|[partiallytrapped]|[silent]
|upkeep
|
|t:|1784789835
|switch|p1b: Venusaur|Venusaur, L50, F, shiny|100/100
|turn|5
|
|t:|1784789848
|switch|p1a: Toxapex|Toxapex, L50, F, shiny|82/100
|switch|p2b: Grimmsnarl|Grimmsnarl, L50, M|94/100 tox
|move|p2a: Charizard|Protect|p2a: Charizard
|-singleturn|p2a: Charizard|Protect
|move|p1b: Venusaur|Sludge Bomb|p2a: Charizard
|-activate|p2a: Charizard|move: Protect
|
|-weather|SunnyDay|[upkeep]
|-heal|p1a: Toxapex|87/100|[from] item: Leftovers
|-damage|p2b: Grimmsnarl|88/100 tox|[from] psn
|upkeep
|turn|6
|
|t:|1784789864
|switch|p2a: Archaludon|Archaludon, L50, M|100/100
|move|p1b: Venusaur|Protect|p1b: Venusaur
|-singleturn|p1b: Venusaur|Protect
|move|p2b: Grimmsnarl|Light Screen||[still]
|-fail|p2b: Grimmsnarl
|move|p1a: Toxapex|Toxic|p2a: Archaludon
|-immune|p2a: Archaludon
|
|-weather|SunnyDay|[upkeep]
|-heal|p1a: Toxapex|93/100|[from] item: Leftovers
|-damage|p2b: Grimmsnarl|76/100 tox|[from] psn
|upkeep
|turn|7
|
|t:|1784789877
|move|p2b: Grimmsnarl|Parting Shot|p1b: Venusaur
|-unboost|p1b: Venusaur|atk|1
|-unboost|p1b: Venusaur|spa|1
|
|t:|1784789880
|switch|p2b: Pelipper|Pelipper, L50, M|61/100 brn|[from] Parting Shot
|-weather|RainDance|[from] ability: Drizzle|[of] p2b: Pelipper
|move|p1b: Venusaur|Earth Power|p2a: Archaludon
|-supereffective|p2a: Archaludon|1
|-damage|p2a: Archaludon|68/100
|-ability|p2a: Archaludon|Stamina|boost
|-boost|p2a: Archaludon|def|1
|-damage|p1b: Venusaur|90/100|[from] item: Life Orb
|move|p2a: Archaludon|Electro Shot||[still]
|-prepare|p2a: Archaludon|Electro Shot
|-boost|p2a: Archaludon|spa|1
|-anim|p2a: Archaludon|Electro Shot|p1a: Toxapex
|-supereffective|p1a: Toxapex|1
|-damage|p1a: Toxapex|13/100
|move|p1a: Toxapex|Infestation|p2b: Pelipper
|-resisted|p2b: Pelipper|1
|-damage|p2b: Pelipper|59/100 brn
|-activate|p2b: Pelipper|move: Infestation|[of] p1a: Toxapex
|
|-weather|RainDance|[upkeep]
|-heal|p2a: Archaludon|74/100|[from] item: Leftovers
|-heal|p1a: Toxapex|19/100|[from] item: Leftovers
|-damage|p2b: Pelipper|53/100 brn|[from] brn
|-damage|p2b: Pelipper|41/100 brn|[from] move: Infestation|[partiallytrapped]
|upkeep
|-enditem|p2b: Pelipper|Sitrus Berry|[eat]
|-heal|p2b: Pelipper|66/100 brn|[from] item: Sitrus Berry
|turn|8
|inactive|RegiSIXSEVEN has 30 seconds left.
|
|t:|1784789911
|-heal|p1a: Toxapex|52/100|[from] ability: Regenerator|[silent]
|switch|p1a: Charizard|Charizard-Mega-Y, L50, F, shiny|4/100
|-weather|SunnyDay|[from] ability: Drought|[of] p1a: Charizard
|move|p1b: Venusaur|Sludge Bomb|p2b: Pelipper
|-damage|p2b: Pelipper|33/100 brn
|-damage|p1b: Venusaur|81/100|[from] item: Life Orb
|move|p2a: Archaludon|Dragon Pulse|p1b: Venusaur
|-crit|p1b: Venusaur
|-damage|p1b: Venusaur|0 fnt
|faint|p1b: Venusaur
|move|p2b: Pelipper|Weather Ball|p1a: Charizard
|-resisted|p1a: Charizard|1
|-damage|p1a: Charizard|0 fnt
|faint|p1a: Charizard
|
|-weather|SunnyDay|[upkeep]
|-heal|p2a: Archaludon|80/100|[from] item: Leftovers
|-damage|p2b: Pelipper|27/100 brn|[from] brn
|-end|p2b: Pelipper|Infestation|[partiallytrapped]|[silent]
|-sideend|p2: Chelicerate1|move: Light Screen
|upkeep
|
|t:|1784789919
|switch|p1b: Toxapex|Toxapex, L50, F, shiny|52/100
|turn|9
|-message|RegiSIXSEVEN forfeited.
|
|win|Chelicerate1
