|j|☆iloveships
|j|☆augusto30201
|html|iloveshipsaugusto30201    
|uhtml|bestof|Game 1 of a best-of-3
|t:|1785335929
|gametype|doubles
|player|p1|iloveships|emmet|1045
|player|p2|augusto30201|ethan|1000
|gen|9
|tier|[Gen 9 Champions] VGC 2026 Reg M-B (Bo3)
|rated|
|rule|Species Clause: Limit one of each Pokémon
|rule|Item Clause: Limit 1 of each item
|clearpoke
|poke|p1|Charizard, L50, M, shiny|
|poke|p1|Garchomp, L50, M|
|poke|p1|Incineroar, L50, M|
|poke|p1|Sylveon, L50, F, shiny|
|poke|p1|Aerodactyl, L50, M|
|poke|p1|Farigiraf, L50, M|
|poke|p2|Charizard, L50, M|
|poke|p2|Aggron, L50, M|
|poke|p2|Basculegion, L50, M|
|poke|p2|Sneasler, L50, F|
|poke|p2|Sinistcha, L50|
|poke|p2|Whimsicott, L50, F|
|teampreview|4
|showteam|p1|Charizard||CharizarditeY|Blaze|HeatWave,WeatherBall,SolarBeam,Protect|Modest||M|||50|]Garchomp||LifeOrb|RoughSkin|Earthquake,StompingTantrum,DragonClaw,Protect|Jolly||M|||50|]Incineroar||SitrusBerry|Intimidate|FakeOut,FlareBlitz,ThroatChop,PartingShot|Careful||M|||50|]Sylveon||FairyFeather|Pixilate|HyperVoice,QuickAttack,Moonblast,Detect|Modest||F|||50|]Aerodactyl||FocusSash|Unnerve|RockSlide,Protect,Tailwind,WideGuard|Jolly||M|||50|]Farigiraf||ColburBerry|ArmorTail|TwinBeam,Thunderbolt,TrickRoom,HelpingHand|Relaxed||M|||50|
|showteam|p2|Charizard||CharizarditeY|Blaze|DragonPulse,HeatWave,Protect,SolarBeam|Modest||M|||50|]Aggron||Aggronite|RockHead|RockSlide,IronHead,StompingTantrum,Protect|Relaxed||M|||50|]Basculegion||ExpertBelt|Adaptability|LastRespects,IceFang,FlipTurn,AquaJet|Adamant||M|||50|]Sneasler||WhiteHerb|PoisonTouch|DireClaw,FakeOut,CloseCombat,Protect|Adamant||F|||50|]Sinistcha||Leftovers|Hospitality|MatchaGotcha,LifeDew,RagePowder,Protect|Jolly|||||50|]Whimsicott||FocusSash|Prankster|Encore,Moonblast,Tailwind,SolarBeam|Careful||F|||50|
|inactive|Battle timer is ON: inactive players will automatically lose when time's up. (requested by augusto30201)
|inactive|iloveships also wants the timer to be on.
|inactive|iloveships has 60 seconds left.
|
|t:|1785335970
|teamsize|p1|4
|teamsize|p2|4
|start
|switch|p1a: Aerodactyl|Aerodactyl, L50, M|100/100
|switch|p1b: Farigiraf|Farigiraf, L50, M|100/100
|switch|p2a: LAGATA|Charizard, L50, M|100/100
|switch|p2b: FOFO|Whimsicott, L50, F|100/100
|-ability|p1a: Aerodactyl|Unnerve
|turn|1
|inactive|iloveships has 30 seconds left.
|inactive|iloveships has 20 seconds left.
|inactive|iloveships has 15 seconds left.
|
|t:|1785336014
|move|p1b: Farigiraf|Helping Hand|p1a: Aerodactyl
|-singleturn|p1a: Aerodactyl|Helping Hand|[of] p1b: Farigiraf
|move|p1a: Aerodactyl|Rock Slide|p2b: FOFO|[spread] p2a,p2b
|-supereffective|p2a: LAGATA|2
|-damage|p2a: LAGATA|0 fnt
|-damage|p2b: FOFO|52/100
|faint|p2a: LAGATA
|cant|p2b: FOFO|flinch
|
|upkeep
|
|t:|1785336029
|switch|p2a: TAPA|Sneasler, L50, F|100/100
|turn|2
|
|t:|1785336045
|move|p2b: FOFO|Encore||[still]
|cant|p1b: Farigiraf|ability: Armor Tail|Encore|[of] p2b: FOFO
|move|p1a: Aerodactyl|Tailwind|p1a: Aerodactyl
|-sidestart|p1: iloveships|move: Tailwind
|move|p1b: Farigiraf|Twin Beam|p2a: TAPA
|-supereffective|p2a: TAPA|2
|-damage|p2a: TAPA|29/100
|-supereffective|p2a: TAPA|2
|-damage|p2a: TAPA|0 fnt
|faint|p2a: TAPA
|-hitcount|p2: TAPA|2
|
|upkeep
|
|t:|1785336055
|switch|p2a: PESADO|Aggron, L50, M|100/100
|turn|3
|inactive|iloveships has 30 seconds left.
|
|t:|1785336083
|detailschange|p2a: PESADO|Aggron-Mega, L50, M
|-mega|p2a: PESADO|Aggron|Aggronite
|move|p2b: FOFO|Tailwind|p2b: FOFO
|-sidestart|p2: augusto30201|move: Tailwind
|move|p1a: Aerodactyl|Rock Slide|p2a: PESADO|[spread] p2a
|-miss|p1a: Aerodactyl|p2b: FOFO
|-resisted|p2a: PESADO|1
|-damage|p2a: PESADO|94/100
|move|p1b: Farigiraf|Twin Beam|p2b: FOFO
|-damage|p2b: FOFO|35/100
|-damage|p2b: FOFO|17/100
|-hitcount|p2b: FOFO|2
|move|p2a: PESADO|Rock Slide|p1b: Farigiraf|[spread] p1a,p1b
|-supereffective|p1a: Aerodactyl|1
|-damage|p1a: Aerodactyl|47/100
|-damage|p1b: Farigiraf|86/100
|
|upkeep
|turn|4
|inactive|augusto30201 has 30 seconds left.
|
|t:|1785336117
|move|p1a: Aerodactyl|Wide Guard|p1a: Aerodactyl
|-singleturn|p1a: Aerodactyl|Wide Guard
|move|p2b: FOFO|Moonblast|p1b: Farigiraf
|-damage|p1b: Farigiraf|65/100
|move|p1b: Farigiraf|Twin Beam|p2b: FOFO
|-damage|p2b: FOFO|0 fnt
|faint|p2b: FOFO
|-hitcount|p2: FOFO|1
|move|p2a: PESADO|Rock Slide|p1a: Aerodactyl|[spread] 
|-activate|p1a: Aerodactyl|move: Wide Guard
|-activate|p1b: Farigiraf|move: Wide Guard
|
|upkeep
|turn|5
|
|t:|1785336136
|move|p1a: Aerodactyl|Rock Slide|p2a: PESADO
|-resisted|p2a: PESADO|1
|-damage|p2a: PESADO|87/100
|move|p1b: Farigiraf|Thunderbolt|p2a: PESADO
|-damage|p2a: PESADO|65/100
|move|p2a: PESADO|Rock Slide|p1a: Aerodactyl|[spread] p1a,p1b
|-supereffective|p1a: Aerodactyl|1
|-damage|p1a: Aerodactyl|0 fnt
|-damage|p1b: Farigiraf|51/100
|faint|p1a: Aerodactyl
|
|-sideend|p1: iloveships|move: Tailwind
|upkeep
|
|t:|1785336144
|switch|p1a: Incineroar|Incineroar, L50, M|100/100
|-ability|p1a: Incineroar|Intimidate|boost
|-unboost|p2a: PESADO|atk|1
|turn|6
|
|t:|1785336154
|move|p1a: Incineroar|Fake Out|p2a: PESADO
|-resisted|p2a: PESADO|1
|-damage|p2a: PESADO|63/100
|cant|p2a: PESADO|flinch
|move|p1b: Farigiraf|Thunderbolt|p2a: PESADO
|-crit|p2a: PESADO
|-damage|p2a: PESADO|23/100
|
|-sideend|p2: augusto30201|move: Tailwind
|upkeep
|turn|7
|
|t:|1785336163
|move|p1a: Incineroar|Parting Shot|p2a: PESADO
|-unboost|p2a: PESADO|atk|1
|-unboost|p2a: PESADO|spa|1
|
|t:|1785336166
|switch|p1a: Charizard|Charizard, L50, M, shiny|100/100|[from] Parting Shot
|move|p1b: Farigiraf|Thunderbolt|p2a: PESADO
|-damage|p2a: PESADO|0 fnt
|faint|p2a: PESADO
|
|win|iloveships
