|j|☆PaquitoelBollito
|j|☆ShadowEliteYT
|html|PaquitoelBollitoShadowEliteYT    
|uhtml|bestof|Game 2 of a best-of-3
|t:|1783875259
|gametype|doubles
|player|p1|PaquitoelBollito|102|1089
|player|p2|ShadowEliteYT|2|1038
|gen|9
|tier|[Gen 9 Champions] VGC 2026 Reg M-B (Bo3)
|rated|
|rule|Species Clause: Limit one of each Pokémon
|rule|Item Clause: Limit 1 of each item
|clearpoke
|poke|p1|Aerodactyl, L50, M|
|poke|p1|Kingambit, L50, M|
|poke|p1|Garchomp, L50, F|
|poke|p1|Farigiraf, L50, F|
|poke|p1|Charizard, L50, M|
|poke|p1|Sylveon, L50, M|
|poke|p2|Raichu, L50, F|
|poke|p2|Sinistcha-Masterpiece, L50|
|poke|p2|Incineroar, L50, F|
|poke|p2|Staraptor, L50, M|
|poke|p2|Whimsicott, L50, M|
|poke|p2|Palafin, L50, F|
|teampreview|4
|showteam|p1|Aerodactyl||Aerodactylite|Unnerve|Tailwind,DualWingbeat,IceFang,RockSlide|Jolly||M|||50|]Kingambit||BlackGlasses|Defiant|SuckerPunch,KowtowCleave,Protect,LowKick|Adamant||M|||50|]Garchomp||LifeOrb|RoughSkin|Protect,DragonClaw,Earthquake,StompingTantrum|Jolly||F|||50|]Farigiraf||SitrusBerry|ArmorTail|PsychicFangs,Thunderbolt,TrickRoom,SunnyDay|Relaxed||F|||50|]Charizard||CharizarditeY|Blaze|Protect,HeatWave,WeatherBall,SolarBeam|Modest||M|||50|]Sylveon||FairyFeather|Pixilate|HyperVoice,Protect,QuickAttack,HyperBeam|Modest||M|||50|
|showteam|p2|Raichu||RaichuniteY|Static|ZapCannon,FocusBlast,VoltSwitch,Protect|Timid||F|||50|]Sinistcha-Masterpiece||Leftovers|Hospitality|MatchaGotcha,Poltergeist,RagePowder,Protect|Bold|||||50|]Incineroar||SitrusBerry|Intimidate|FlareBlitz,PartingShot,FakeOut,WillOWisp|Adamant||F|||50|]Staraptor||Staraptite|Intimidate|CloseCombat,BraveBird,Uturn,Protect|Jolly||M|||50|]Whimsicott||MentalHerb|Prankster|Moonblast,Tailwind,Encore,Charm|Timid||M|||50|]Palafin||LifeOrb|ZerotoHero|WaveCrash,IcePunch,FlipTurn,Protect|Jolly||F|||50|
|inactive|Battle timer is ON: inactive players will automatically lose when time's up. (requested by PaquitoelBollito)
|inactive|PaquitoelBollito has 60 seconds left.
|
|t:|1783875306
|teamsize|p1|4
|teamsize|p2|4
|start
|switch|p1a: Aerodactyl|Aerodactyl, L50, M|100/100
|switch|p1b: Kingambit|Kingambit, L50, M|100/100
|switch|p2a: Palafin|Palafin, L50, F|100/100
|switch|p2b: Incineroar|Incineroar, L50, F|100/100
|-ability|p1a: Aerodactyl|Unnerve
|-ability|p2b: Incineroar|Intimidate|boost
|-unboost|p1a: Aerodactyl|atk|1
|-unboost|p1b: Kingambit|atk|1
|-ability|p1b: Kingambit|Defiant|boost
|-boost|p1b: Kingambit|atk|2
|turn|1
|inactive|PaquitoelBollito has 30 seconds left.
|
|t:|1783875339
|detailschange|p1a: Aerodactyl|Aerodactyl-Mega, L50, M
|-mega|p1a: Aerodactyl|Aerodactyl|Aerodactylite
|move|p1b: Kingambit|Protect|p1b: Kingambit
|-singleturn|p1b: Kingambit|Protect
|move|p1a: Aerodactyl|Rock Slide|p2a: Palafin|[spread] p2a,p2b
|-supereffective|p2b: Incineroar|1
|-damage|p2a: Palafin|77/100
|-damage|p2b: Incineroar|64/100
|move|p2a: Palafin|Flip Turn|p1a: Aerodactyl
|-supereffective|p1a: Aerodactyl|1
|-damage|p1a: Aerodactyl|38/100
|-damage|p2a: Palafin|68/100|[from] item: Life Orb
|
|t:|1783875358
|detailschange|p2a: Palafin|Palafin-Hero, L50, F
|switch|p2a: Staraptor|Staraptor, L50, M|100/100|[from] Flip Turn
|-ability|p2a: Staraptor|Intimidate|boost
|-unboost|p1a: Aerodactyl|atk|1
|-unboost|p1b: Kingambit|atk|1
|-ability|p1b: Kingambit|Defiant|boost
|-boost|p1b: Kingambit|atk|2
|move|p2b: Incineroar|Flare Blitz|p1b: Kingambit
|-activate|p1b: Kingambit|move: Protect
|
|upkeep
|turn|2
|inactive|PaquitoelBollito has 30 seconds left.
|inactive|PaquitoelBollito has 20 seconds left.
|inactive|PaquitoelBollito has 15 seconds left.
|inactive|PaquitoelBollito has 10 seconds left.
|inactive|PaquitoelBollito has 5 seconds left.
|
|t:|1783875412
|move|p2a: Staraptor|Protect|p2a: Staraptor
|-singleturn|p2a: Staraptor|Protect
|move|p1b: Kingambit|Sucker Punch||[still]
|-fail|p1b: Kingambit
|move|p1a: Aerodactyl|Dual Wingbeat|p2a: Staraptor
|-activate|p2a: Staraptor|move: Protect
|move|p2b: Incineroar|Will-O-Wisp|p1a: Aerodactyl|[miss]
|-miss|p2b: Incineroar|p1a: Aerodactyl
|
|upkeep
|turn|3
|inactive|PaquitoelBollito has 30 seconds left.
|
|t:|1783875439
|switch|p2a: Palafin|Palafin-Hero, L50, F|68/100
|-activate|p2a: Palafin|ability: Zero to Hero
|move|p1a: Aerodactyl|Tailwind|p1a: Aerodactyl
|-sidestart|p1: PaquitoelBollito|move: Tailwind
|move|p1b: Kingambit|Low Kick|p2b: Incineroar
|-supereffective|p2b: Incineroar|1
|-damage|p2b: Incineroar|0 fnt
|faint|p2b: Incineroar
|
|upkeep
|
|t:|1783875448
|switch|p2b: Whimsicott|Whimsicott, L50, M|100/100
|turn|4
|inactive|PaquitoelBollito has 30 seconds left.
|
|t:|1783875474
|move|p1b: Kingambit|Sucker Punch|p2a: Palafin
|-damage|p2a: Palafin|0 fnt
|faint|p2a: Palafin
|move|p2b: Whimsicott|Encore|p1a: Aerodactyl
|-start|p1a: Aerodactyl|Encore
|move|p1a: Aerodactyl|Tailwind||[still]
|-fail|p1a: Aerodactyl
|
|upkeep
|
|t:|1783875481
|switch|p2a: Staraptor|Staraptor, L50, M|100/100
|-ability|p2a: Staraptor|Intimidate|boost
|-unboost|p1a: Aerodactyl|atk|1
|-unboost|p1b: Kingambit|atk|1
|-ability|p1b: Kingambit|Defiant|boost
|-boost|p1b: Kingambit|atk|2
|turn|5
|
|t:|1783875497
|switch|p1a: Charizard|Charizard, L50, M|100/100
|detailschange|p2a: Staraptor|Staraptor-Mega, L50, M
|-mega|p2a: Staraptor|Staraptor|Staraptite
|move|p1b: Kingambit|Sucker Punch|p2a: Staraptor
|-resisted|p2a: Staraptor|1
|-damage|p2a: Staraptor|32/100
|move|p2b: Whimsicott|Tailwind|p2b: Whimsicott
|-sidestart|p2: ShadowEliteYT|move: Tailwind
|move|p2a: Staraptor|Close Combat|p1b: Kingambit
|-supereffective|p1b: Kingambit|2
|-damage|p1b: Kingambit|0 fnt
|-boost|p2a: Staraptor|def|1
|-boost|p2a: Staraptor|spd|1
|faint|p1b: Kingambit
|
|upkeep
|
|t:|1783875509
|switch|p1b: Aerodactyl|Aerodactyl-Mega, L50, M|38/100
|turn|6
|inactive|ShadowEliteYT has 30 seconds left.
|
|t:|1783875541
|move|p2a: Staraptor|Protect|p2a: Staraptor
|-singleturn|p2a: Staraptor|Protect
|move|p1b: Aerodactyl|Dual Wingbeat|p2b: Whimsicott
|-supereffective|p2b: Whimsicott|1
|-damage|p2b: Whimsicott|32/100
|-supereffective|p2b: Whimsicott|1
|-damage|p2b: Whimsicott|0 fnt
|faint|p2b: Whimsicott
|-hitcount|p2: Whimsicott|2
|move|p1a: Charizard|Heat Wave|p2a: Staraptor
|-activate|p2a: Staraptor|move: Protect
|
|-sideend|p1: PaquitoelBollito|move: Tailwind
|upkeep
|turn|7
|
|t:|1783875558
|move|p2a: Staraptor|Close Combat|p1b: Aerodactyl
|-damage|p1b: Aerodactyl|0 fnt
|-boost|p2a: Staraptor|def|1
|-boost|p2a: Staraptor|spd|1
|faint|p1b: Aerodactyl
|move|p1a: Charizard|Heat Wave|p2a: Staraptor|[miss]
|-miss|p1a: Charizard|p2a: Staraptor
|
|upkeep
|
|t:|1783875565
|switch|p1b: Sylveon|Sylveon, L50, M|100/100
|turn|8
|
|t:|1783875571
|move|p2a: Staraptor|Brave Bird|p1a: Charizard
|-damage|p1a: Charizard|42/100
|-damage|p2a: Staraptor|10/100|[from] Recoil
|move|p1a: Charizard|Heat Wave|p2a: Staraptor
|-damage|p2a: Staraptor|0 fnt
|faint|p2a: Staraptor
|
|win|PaquitoelBollito
|raw|PaquitoelBollito's rating: 1089 → 1112(+23 for winning)
|raw|ShadowEliteYT's rating: 1038 → 1025(-13 for losing)
