|j|☆evioexess
|j|☆The_AG_Is_Real
|html|evioexessThe_AG_Is_Real    
|uhtml|bestof|Game 2 of a best-of-3
|t:|1785246060
|gametype|doubles
|player|p1|evioexess|265|1179
|player|p2|The_AG_Is_Real|rika|1264
|gen|9
|tier|[Gen 9 Champions] VGC 2026 Reg M-B (Bo3)
|rated|
|rule|Species Clause: Limit one of each Pokémon
|rule|Item Clause: Limit 1 of each item
|clearpoke
|poke|p1|Incineroar, L50, F|
|poke|p1|Swampert, L50, F|
|poke|p1|Pelipper, L50, F|
|poke|p1|Pinsir, L50, M|
|poke|p1|Maushold-Four, L50|
|poke|p1|Archaludon, L50, M, shiny|
|poke|p2|Metagross, L50|
|poke|p2|Kommo-o, L50, M|
|poke|p2|Ninetales-Alola, L50, F|
|poke|p2|Incineroar, L50, M|
|poke|p2|Sinistcha, L50|
|poke|p2|Aerodactyl, L50, F|
|teampreview|4
|showteam|p1|Incineroar||PasshoBerry|Intimidate|FakeOut,WillOWisp,PartingShot,ThroatChop|Jolly||F|||50|]Swampert||Swampertite|Torrent|Earthquake,WaveCrash,IcePunch,Protect|Adamant||F|||50|]Pelipper||SitrusBerry|Drizzle|WeatherBall,Hurricane,Tailwind,Protect|Modest||F|||50|]Pinsir||Pinsirite|HyperCutter|SwordsDance,QuickAttack,BugBite,Protect|Adamant||M|||50|]Maushold-Four||FocusSash|FriendGuard|RainDance,SuperFang,Taunt,FollowMe|Jolly|||||50|]Archaludon||Leftovers|Stamina|ElectroShot,FlashCannon,DragonPulse,Protect|Modest||M|||50|
|showteam|p2|Metagross||Metagrossite|LightMetal|PsychicFangs,IronHead,IcePunch,Protect|Jolly|||||50|]Kommo-o||Leftovers|Soundproof|ClangingScales,AuraSphere,ClangorousSoul,Protect|Modest||M|||50|]Ninetales-Alola||FocusSash|SnowWarning|Blizzard,Moonblast,AuroraVeil,Protect|Timid||F|||50|]Incineroar||SitrusBerry|Intimidate|FlareBlitz,DarkestLariat,FakeOut,PartingShot|Careful||M|||50|]Sinistcha||OccaBerry|Hospitality|MatchaGotcha,RagePowder,TrickRoom,Protect|Calm|||||50|]Aerodactyl||Aerodactylite|Unnerve|RockSlide,DualWingbeat,Tailwind,Protect|Jolly||F|||50|
|inactive|Battle timer is ON: inactive players will automatically lose when time's up. (requested by The_AG_Is_Real)
|inactive|evioexess has 60 seconds left.
|inactive|The_AG_Is_Real has 60 seconds left.
|j| r13974682
|l| r13974682
|inactive|evioexess has 30 seconds left.
|inactive|evioexess has 20 seconds left.
|inactive|evioexess has 15 seconds left.
|
|t:|1785246136
|teamsize|p1|4
|teamsize|p2|4
|start
|switch|p1a: Incineroar|Incineroar, L50, F|100/100
|switch|p1b: Pelipper|Pelipper, L50, F|100/100
|switch|p2a: Paco|Kommo-o, L50, M|100/100
|switch|p2b: Ninetales|Ninetales-Alola, L50, F|100/100
|-weather|Snowscape|[from] ability: Snow Warning|[of] p2b: Ninetales
|-weather|RainDance|[from] ability: Drizzle|[of] p1b: Pelipper
|-ability|p1a: Incineroar|Intimidate|boost
|-unboost|p2a: Paco|atk|1
|-unboost|p2b: Ninetales|atk|1
|turn|1
|
|t:|1785246159
|switch|p2b: Incineroar|Incineroar, L50, M|100/100
|-ability|p2b: Incineroar|Intimidate|boost
|-unboost|p1a: Incineroar|atk|1
|-unboost|p1b: Pelipper|atk|1
|move|p2a: Paco|Protect|p2a: Paco
|-singleturn|p2a: Paco|Protect
|move|p1a: Incineroar|Fake Out|p2b: Incineroar
|-damage|p2b: Incineroar|93/100
|move|p1b: Pelipper|Tailwind|p1b: Pelipper
|-sidestart|p1: evioexess|move: Tailwind
|
|-weather|RainDance|[upkeep]
|upkeep
|turn|2
|
|t:|1785246182
|move|p2b: Incineroar|Fake Out|p1b: Pelipper
|-damage|p1b: Pelipper|89/100
|cant|p1b: Pelipper|flinch
|move|p1a: Incineroar|Throat Chop|p2a: Paco
|-resisted|p2a: Paco|1
|-damage|p2a: Paco|91/100
|-start|p2a: Paco|Throat Chop|[silent]
|cant|p2a: Paco|move: Throat Chop
|
|-weather|RainDance|[upkeep]
|-heal|p2a: Paco|97/100|[from] item: Leftovers
|upkeep
|turn|3
|
|t:|1785246206
|switch|p2b: Ninetales|Ninetales-Alola, L50, F|100/100
|-weather|Snowscape|[from] ability: Snow Warning|[of] p2b: Ninetales
|move|p1b: Pelipper|Hurricane|p2a: Paco
|-supereffective|p2a: Paco|1
|-damage|p2a: Paco|3/100
|move|p1a: Incineroar|Throat Chop|p2b: Ninetales
|-resisted|p2b: Ninetales|1
|-damage|p2b: Ninetales|89/100
|-start|p2b: Ninetales|Throat Chop|[silent]
|move|p2a: Paco|Aura Sphere|p1a: Incineroar
|-supereffective|p1a: Incineroar|1
|-damage|p1a: Incineroar|30/100
|
|-weather|Snowscape|[upkeep]
|-heal|p2a: Paco|10/100|[from] item: Leftovers
|-end|p2a: Paco|Throat Chop|[silent]
|upkeep
|turn|4
|
|t:|1785246224
|switch|p1b: Pinsir|Pinsir, L50, M|100/100
|switch|p2a: Incineroar|Incineroar, L50, M|93/100
|-ability|p2a: Incineroar|Intimidate|boost
|-unboost|p1a: Incineroar|atk|1
|-fail|p1b: Pinsir|unboost|Attack|[from] ability: Hyper Cutter|[of] p1b: Pinsir
|move|p1a: Incineroar|Parting Shot|p2b: Ninetales
|-unboost|p2b: Ninetales|atk|1
|-unboost|p2b: Ninetales|spa|1
|
|t:|1785246233
|switch|p1a: Pelipper|Pelipper, L50, F|89/100|[from] Parting Shot
|-weather|RainDance|[from] ability: Drizzle|[of] p1a: Pelipper
|move|p2b: Ninetales|Blizzard|p1a: Pelipper|[spread] p1a
|-miss|p2b: Ninetales|p1b: Pinsir
|-damage|p1a: Pelipper|58/100
|
|-weather|RainDance|[upkeep]
|-end|p2b: Ninetales|Throat Chop|[silent]
|-sideend|p1: evioexess|move: Tailwind
|upkeep
|turn|5
|
|t:|1785246252
|switch|p2b: Paco|Kommo-o, L50, M|10/100
|move|p2a: Incineroar|Fake Out|p1a: Pelipper
|-damage|p1a: Pelipper|46/100
|-enditem|p1a: Pelipper|Sitrus Berry|[eat]
|-heal|p1a: Pelipper|70/100|[from] item: Sitrus Berry
|move|p1b: Pinsir|Swords Dance|p1b: Pinsir
|-boost|p1b: Pinsir|atk|2
|cant|p1a: Pelipper|flinch
|
|-weather|RainDance|[upkeep]
|-heal|p2b: Paco|16/100|[from] item: Leftovers
|upkeep
|turn|6
|inactive|evioexess has 30 seconds left.
|inactive|evioexess has 20 seconds left.
|
|t:|1785246289
|switch|p2b: Ninetales|Ninetales-Alola, L50, F|89/100
|-weather|Snowscape|[from] ability: Snow Warning|[of] p2b: Ninetales
|switch|p1a: Incineroar|Incineroar, L50, F|30/100
|-ability|p1a: Incineroar|Intimidate|boost
|-unboost|p2a: Incineroar|atk|1
|-unboost|p2b: Ninetales|atk|1
|detailschange|p1b: Pinsir|Pinsir-Mega, L50, M
|-mega|p1b: Pinsir|Pinsir|Pinsirite
|move|p1b: Pinsir|Bug Bite|p2a: Incineroar
|-damage|p2a: Incineroar|30/100
|-enditem|p2a: Incineroar|Sitrus Berry|[from] stealeat|[move] Bug Bite|[of] p1b: Pinsir
|move|p2a: Incineroar|Parting Shot|p1a: Incineroar
|-unboost|p1a: Incineroar|atk|1
|-unboost|p1a: Incineroar|spa|1
|
|t:|1785246300
|switch|p2a: Sinistcha|Sinistcha, L50|100/100|[from] Parting Shot
|-heal|p2b: Ninetales|100/100|[from] ability: Hospitality|[of] p2a: Sinistcha
|
|-weather|Snowscape|[upkeep]
|upkeep
|turn|7
|
|t:|1785246315
|switch|p2a: Incineroar|Incineroar, L50, M|30/100
|-ability|p2a: Incineroar|Intimidate|boost
|-unboost|p1a: Incineroar|atk|1
|-unboost|p1b: Pinsir|atk|1
|move|p2b: Ninetales|Protect|p2b: Ninetales
|-singleturn|p2b: Ninetales|Protect
|move|p1a: Incineroar|Fake Out|p2b: Ninetales
|-activate|p2b: Ninetales|move: Protect
|move|p1b: Pinsir|Swords Dance|p1b: Pinsir
|-boost|p1b: Pinsir|atk|2
|
|-weather|Snowscape|[upkeep]
|upkeep
|turn|8
|inactive|The_AG_Is_Real has 30 seconds left.
|
|t:|1785246341
|switch|p1a: Pelipper|Pelipper, L50, F|70/100
|-weather|RainDance|[from] ability: Drizzle|[of] p1a: Pelipper
|move|p1b: Pinsir|Protect|p1b: Pinsir
|-singleturn|p1b: Pinsir|Protect
|move|p2b: Ninetales|Blizzard|p1a: Pelipper|[spread] p1a
|-activate|p1b: Pinsir|move: Protect
|-damage|p1a: Pelipper|22/100
|move|p2a: Incineroar|Flare Blitz|p1b: Pinsir
|-activate|p1b: Pinsir|move: Protect
|
|-weather|RainDance|[upkeep]
|upkeep
|turn|9
|inactive|evioexess has 30 seconds left.
|
|t:|1785246368
|switch|p1a: Maushold|Maushold-Four, L50|100/100
|move|p2b: Ninetales|Blizzard|p1b: Pinsir|[spread] 
|-miss|p2b: Ninetales|p1a: Maushold
|-miss|p2b: Ninetales|p1b: Pinsir
|move|p1b: Pinsir|Bug Bite|p2a: Incineroar
|-damage|p2a: Incineroar|0 fnt
|faint|p2a: Incineroar
|
|-weather|RainDance|[upkeep]
|upkeep
|
|t:|1785246374
|switch|p2a: Paco|Kommo-o, L50, M|16/100
|turn|10
|
|t:|1785246388
|move|p1b: Pinsir|Protect|p1b: Pinsir
|-singleturn|p1b: Pinsir|Protect
|move|p1a: Maushold|Super Fang|p2b: Ninetales
|-damage|p2b: Ninetales|50/100y
|move|p2b: Ninetales|Blizzard|p1b: Pinsir|[spread] p1a
|-activate|p1b: Pinsir|move: Protect
|-damage|p1a: Maushold|61/100
|move|p2a: Paco|Clanging Scales|p1b: Pinsir|[spread] p1a
|-activate|p1b: Pinsir|move: Protect
|-damage|p1a: Maushold|14/100
|-unboost|p2a: Paco|def|1
|
|-weather|RainDance|[upkeep]
|-heal|p2a: Paco|22/100|[from] item: Leftovers
|upkeep
|turn|11
|inactive|The_AG_Is_Real has 30 seconds left.
|
|t:|1785246416
|move|p2b: Ninetales|Protect|p2b: Ninetales
|-singleturn|p2b: Ninetales|Protect
|move|p1b: Pinsir|Quick Attack|p2b: Ninetales
|-activate|p2b: Ninetales|move: Protect
|move|p1a: Maushold|Taunt|p2a: Paco
|-start|p2a: Paco|move: Taunt
|move|p2a: Paco|Clanging Scales|p1a: Maushold|[spread] p1a,p1b
|-damage|p1a: Maushold|0 fnt
|-damage|p1b: Pinsir|60/100
|faint|p1a: Maushold
|-unboost|p2a: Paco|def|1
|
|-weather|RainDance|[upkeep]
|-heal|p2a: Paco|28/100|[from] item: Leftovers
|upkeep
|
|t:|1785246430
|switch|p1a: Incineroar|Incineroar, L50, F|30/100
|-ability|p1a: Incineroar|Intimidate|boost
|-unboost|p2a: Paco|atk|1
|-unboost|p2b: Ninetales|atk|1
|turn|12
|
|t:|1785246445
|move|p2b: Ninetales|Protect||[still]
|-fail|p2b: Ninetales
|move|p1a: Incineroar|Fake Out|p2a: Paco
|-damage|p2a: Paco|8/100
|move|p1b: Pinsir|Quick Attack|p2b: Ninetales
|-damage|p2b: Ninetales|0 fnt
|faint|p2b: Ninetales
|cant|p2a: Paco|flinch
|
|-weather|none
|-heal|p2a: Paco|15/100|[from] item: Leftovers
|upkeep
|
|t:|1785246447
|switch|p2b: Sinistcha|Sinistcha, L50|100/100
|-heal|p2a: Paco|40/100|[from] ability: Hospitality|[of] p2b: Sinistcha
|turn|13
|
|t:|1785246461
|move|p2b: Sinistcha|Rage Powder|p2b: Sinistcha
|-singleturn|p2b: Sinistcha|move: Rage Powder
|move|p1b: Pinsir|Quick Attack|p2b: Sinistcha
|-supereffective|p2b: Sinistcha|1
|-damage|p2b: Sinistcha|0 fnt
|faint|p2b: Sinistcha
|move|p2a: Paco|Clanging Scales|p1a: Incineroar|[spread] p1a,p1b
|-damage|p1a: Incineroar|0 fnt
|-damage|p1b: Pinsir|11/100
|faint|p1a: Incineroar
|-unboost|p2a: Paco|def|1
|
|-heal|p2a: Paco|46/100|[from] item: Leftovers
|-end|p2a: Paco|move: Taunt
|upkeep
|
|t:|1785246472
|switch|p1a: Pelipper|Pelipper, L50, F|22/100
|-weather|RainDance|[from] ability: Drizzle|[of] p1a: Pelipper
|turn|14
|
|t:|1785246492
|move|p1b: Pinsir|Quick Attack|p2a: Paco
|-supereffective|p2a: Paco|1
|-damage|p2a: Paco|0 fnt
|faint|p2a: Paco
|
|win|evioexess
|raw|evioexess's rating: 1179 → 1210(+31 for winning)
|raw|The_AG_Is_Real's rating: 1264 → 1233(-31 for losing)
|c|☆The_AG_Is_Real|gg
|c|☆The_AG_Is_Real|pinsir is cool
|c|☆evioexess|gg
|c|☆evioexess|no
|c|☆evioexess|has no family
|c|☆evioexess|no friends
|c|☆The_AG_Is_Real|:(
