|j|☆Vagrahb
|j|☆DamoVGC
|html|VagrahbDamoVGC    
|uhtml|bestof|Game 3 of a best-of-3
|t:|1784380684
|gametype|doubles
|player|p1|Vagrahb|170|
|player|p2|DamoVGC|2|
|gen|9
|tier|[Gen 9 Champions] VGC 2026 Reg M-B (Bo3)
|rule|Species Clause: Limit one of each Pokémon
|rule|Item Clause: Limit 1 of each item
|clearpoke
|poke|p1|Blastoise, L50, F|
|poke|p1|Meowscarada, L50, M|
|poke|p1|Meowstic, L50, M|
|poke|p1|Araquanid, L50, M|
|poke|p1|Sceptile, L50, F|
|poke|p1|Bellibolt, L50, M|
|poke|p2|Grimmsnarl, L50, M|
|poke|p2|Swampert, L50, F|
|poke|p2|Pelipper, L50, M|
|poke|p2|Archaludon, L50, F|
|poke|p2|Sinistcha, L50|
|poke|p2|Floette-Eternal, L50, F|
|teampreview|4
|showteam|p1|Blastoise||WhiteHerb|RainDish|WaterSpout,Protect,IceBeam,ShellSmash|Modest||F|||50|]Meowscarada||WideLens|Protean|FlowerTrick,TripleAxel,ThroatChop,BrickBreak|Adamant||M|||50|]Meowstic||FocusBand|Prankster|FakeOut,RainDance,TrickRoom,Psychic|Bold||M|||50|]Araquanid||MysticWater|WaterBubble|Liquidation,Soak,WideGuard,Protect|Adamant||M|||50|]Sceptile||Sceptilite|Overgrow|EnergyBall,Detect,EarthPower,UpperHand|Modest||F|||50|]Bellibolt||SitrusBerry|Electromorphosis|ParabolicCharge,Soak,AcidSpray,Protect|Modest||M|||50|
|showteam|p2|Grimmsnarl||RoseliBerry|Prankster|FoulPlay,PartingShot,Reflect,LightScreen|Careful||M|||50|]Swampert||Swampertite|Damp|WaveCrash,Earthquake,IcePunch,Protect|Adamant||F|||50|]Pelipper||SitrusBerry|Drizzle|Hurricane,WeatherBall,Tailwind,WideGuard|Modest||M|||50|]Archaludon||Leftovers|Stamina|ElectroShot,DragonPulse,FlashCannon,Protect|Modest||F|||50|]Sinistcha||CobaBerry|Hospitality|MatchaGotcha,RagePowder,LifeDew,Protect|Relaxed|||||50|]Floette-Eternal||Floettite|FlowerVeil|Moonblast,DazzlingGleam,CalmMind,Protect|Modest||F|||50|
|
|t:|1784380720
|teamsize|p1|4
|teamsize|p2|4
|start
|switch|p1a: Araquanid|Araquanid, L50, M|100/100
|switch|p1b: Bellibolt|Bellibolt, L50, M|100/100
|switch|p2a: Swampert|Swampert, L50, F|100/100
|switch|p2b: Pelipper|Pelipper, L50, M|100/100
|-weather|RainDance|[from] ability: Drizzle|[of] p2b: Pelipper
|turn|1
|
|t:|1784380750
|detailschange|p2a: Swampert|Swampert-Mega, L50, F
|-mega|p2a: Swampert|Swampert|Swampertite
|move|p1b: Bellibolt|Protect|p1b: Bellibolt
|-singleturn|p1b: Bellibolt|Protect
|move|p2a: Swampert|Wave Crash|p1b: Bellibolt
|-activate|p1b: Bellibolt|move: Protect
|move|p2b: Pelipper|Weather Ball|p1b: Bellibolt
|-activate|p1b: Bellibolt|move: Protect
|move|p1a: Araquanid|Liquidation|p2a: Swampert
|-damage|p2a: Swampert|3/100
|
|-weather|RainDance|[upkeep]
|upkeep
|turn|2
|
|t:|1784380778
|move|p2a: Swampert|Wave Crash|p1b: Bellibolt
|-damage|p1b: Bellibolt|1/100
|-start|p1b: Bellibolt|Charge|Wave Crash|[from] ability: Electromorphosis
|-enditem|p1b: Bellibolt|Sitrus Berry|[eat]
|-heal|p1b: Bellibolt|25/100|[from] item: Sitrus Berry
|-damage|p2a: Swampert|0 fnt|[from] Recoil
|faint|p2a: Swampert
|move|p2b: Pelipper|Weather Ball|p1b: Bellibolt
|-damage|p1b: Bellibolt|0 fnt
|faint|p1b: Bellibolt
|move|p1a: Araquanid|Liquidation|p2b: Pelipper
|-resisted|p2b: Pelipper|1
|-damage|p2b: Pelipper|38/100
|-enditem|p2b: Pelipper|Sitrus Berry|[eat]
|-heal|p2b: Pelipper|63/100|[from] item: Sitrus Berry
|
|-weather|RainDance|[upkeep]
|upkeep
|
|t:|1784380798
|switch|p2a: Archaludon|Archaludon, L50, F|100/100
|switch|p1b: Meowscarada|Meowscarada, L50, M|100/100
|turn|3
|
|t:|1784380809
|switch|p2b: Sinistcha|Sinistcha, L50|100/100
|move|p1b: Meowscarada|Brick Break|p2a: Archaludon
|-start|p1b: Meowscarada|typechange|Fighting|[from] ability: Protean
|-supereffective|p2a: Archaludon|1
|-damage|p2a: Archaludon|41/100
|-ability|p2a: Archaludon|Stamina|boost
|-boost|p2a: Archaludon|def|1
|move|p2a: Archaludon|Electro Shot||[still]
|-prepare|p2a: Archaludon|Electro Shot
|-boost|p2a: Archaludon|spa|1
|-anim|p2a: Archaludon|Electro Shot|p1a: Araquanid
|-supereffective|p1a: Araquanid|1
|-damage|p1a: Araquanid|0 fnt
|faint|p1a: Araquanid
|
|-weather|RainDance|[upkeep]
|-heal|p2a: Archaludon|47/100|[from] item: Leftovers
|upkeep
|
|t:|1784380826
|switch|p1a: Sceptile|Sceptile, L50, F|100/100
|turn|4
|
|t:|1784380868
|detailschange|p1a: Sceptile|Sceptile-Mega, L50, F
|-mega|p1a: Sceptile|Sceptile|Sceptilite
|move|p2a: Archaludon|Protect|p2a: Archaludon
|-singleturn|p2a: Archaludon|Protect
|move|p1a: Sceptile|Energy Ball|p2a: Archaludon
|-activate|p2a: Archaludon|move: Protect
|move|p1b: Meowscarada|Triple Axel|p2b: Sinistcha
|-supereffective|p2b: Sinistcha|1
|-damage|p2b: Sinistcha|87/100
|-supereffective|p2b: Sinistcha|1
|-damage|p2b: Sinistcha|66/100
|-supereffective|p2b: Sinistcha|1
|-damage|p2b: Sinistcha|30/100
|-hitcount|p2b: Sinistcha|3
|move|p2b: Sinistcha|Life Dew|p2b: Sinistcha|[spread] p2a,p2b
|-heal|p2a: Archaludon|72/100
|-heal|p2b: Sinistcha|55/100
|
|-weather|RainDance|[upkeep]
|-heal|p2a: Archaludon|78/100|[from] item: Leftovers
|upkeep
|turn|5
|
|t:|1784380893
|switch|p2a: Pelipper|Pelipper, L50, M|63/100
|move|p1a: Sceptile|Detect|p1a: Sceptile
|-singleturn|p1a: Sceptile|Protect
|move|p1b: Meowscarada|Triple Axel|p2b: Sinistcha
|-supereffective|p2b: Sinistcha|1
|-damage|p2b: Sinistcha|43/100
|-supereffective|p2b: Sinistcha|1
|-damage|p2b: Sinistcha|19/100
|-supereffective|p2b: Sinistcha|1
|-damage|p2b: Sinistcha|0 fnt
|faint|p2b: Sinistcha
|-hitcount|p2: Sinistcha|3
|
|-weather|none
|upkeep
|
|t:|1784380903
|switch|p2b: Archaludon|Archaludon, L50, F|78/100
|turn|6
|
|t:|1784380914
|move|p1a: Sceptile|Earth Power|p2b: Archaludon
|-supereffective|p2b: Archaludon|1
|-damage|p2b: Archaludon|2/100
|-ability|p2b: Archaludon|Stamina|boost
|-boost|p2b: Archaludon|def|1
|move|p1b: Meowscarada|Flower Trick|p2a: Pelipper
|-crit|p2a: Pelipper
|-damage|p2a: Pelipper|24/100
|move|p2b: Archaludon|Dragon Pulse|p1a: Sceptile
|-supereffective|p1a: Sceptile|1
|-damage|p1a: Sceptile|0 fnt
|faint|p1a: Sceptile
|move|p2a: Pelipper|Tailwind|p2a: Pelipper
|-sidestart|p2: DamoVGC|move: Tailwind
|
|-heal|p2b: Archaludon|8/100|[from] item: Leftovers
|upkeep
|turn|7
|c|☆Vagrahb|gg wp :/
|
|t:|1784380949
|move|p2b: Archaludon|Dragon Pulse|p1b: Meowscarada
|-damage|p1b: Meowscarada|44/100
|move|p2a: Pelipper|Hurricane|p1b: Meowscarada
|-supereffective|p1b: Meowscarada|1
|-damage|p1b: Meowscarada|0 fnt
|faint|p1b: Meowscarada
|
|win|DamoVGC
|c|☆Vagrahb|Not as used to the showdown setup lol
|j| sithred8
|l|☆Vagrahb
|player|p1|
|l| sithred8
