|j|☆ncnxx
|j|☆Mestremarkusme
|html|ncnxxMestremarkusme    
|uhtml|bestof|Game 2 of a best-of-3
|t:|1785180679
|gametype|doubles
|player|p1|ncnxx|170|1269
|player|p2|Mestremarkusme|hiker-gen4|1159
|gen|9
|tier|[Gen 9 Champions] VGC 2026 Reg M-B (Bo3)
|rated|
|rule|Species Clause: Limit one of each Pokémon
|rule|Item Clause: Limit 1 of each item
|clearpoke
|poke|p1|Charizard, L50, M|
|poke|p1|Floette-Eternal, L50, F|
|poke|p1|Whimsicott, L50, F|
|poke|p1|Garchomp, L50, M|
|poke|p1|Basculegion, L50, M|
|poke|p1|Kingambit, L50, M|
|poke|p2|Incineroar, L50, M|
|poke|p2|Kingambit, L50, F|
|poke|p2|Sinistcha, L50|
|poke|p2|Sneasler, L50, M|
|poke|p2|Blastoise, L50, F|
|poke|p2|Delphox, L50, M|
|teampreview|4
|showteam|p1|Charizard||CharizarditeY|Blaze|HeatWave,WeatherBall,SolarBeam,Protect|Modest||M|||50|]Floette-Eternal||Floettite|FlowerVeil|DazzlingGleam,Moonblast,LightofRuin,Protect|Modest||F|||50|]Whimsicott||FocusSash|Prankster|Tailwind,Moonblast,Encore,Protect|Timid||F|||50|]Garchomp||SitrusBerry|RoughSkin|StompingTantrum,RockSlide,DragonTail,PoisonJab|Adamant||M|||50|]Basculegion||ChoiceScarf|Adaptability|LastRespects,WaveCrash,FlipTurn,AquaJet|Jolly||M|||50|]Kingambit||LifeOrb|Defiant|SuckerPunch,KowtowCleave,IronHead,LowKick|Adamant||M|||50|
|showteam|p2|Incineroar||SitrusBerry|Intimidate|FakeOut,FlareBlitz,ThroatChop,PartingShot|Impish||M|||50|]Kingambit||BlackGlasses|Defiant|KowtowCleave,SuckerPunch,SwordsDance,Protect|Adamant||F|||50|]Sinistcha||OccaBerry|Hospitality|MatchaGotcha,RagePowder,TrickRoom,Protect|Relaxed|||||50|]Sneasler||FocusSash|PoisonTouch|FakeOut,CloseCombat,PoisonJab,QuickGuard|Jolly||M|||50|]Blastoise||Blastoisinite|RainDish|WaterSpout,DarkPulse,ShellSmash,Protect|Modest||F|||50|]Delphox||Delphoxite|Blaze|HeatWave,Psychic,NastyPlot,Protect|Timid||M|||50|
|inactive|Battle timer is ON: inactive players will automatically lose when time's up. (requested by ncnxx)
|
|t:|1785180701
|teamsize|p1|4
|teamsize|p2|4
|start
|switch|p1a: Floette|Floette-Eternal, L50, F|100/100
|switch|p1b: Whimsicott|Whimsicott, L50, F|100/100
|switch|p2a: Delphox|Delphox, L50, M|100/100
|switch|p2b: Incineroar|Incineroar, L50, M|100/100
|-ability|p2b: Incineroar|Intimidate|boost
|-unboost|p1a: Floette|atk|1
|-block|p1b: Whimsicott|ability: Flower Veil|[of] p1a: Floette
|turn|1
|
|t:|1785180719
|detailschange|p2a: Delphox|Delphox-Mega, L50, M
|-mega|p2a: Delphox|Delphox|Delphoxite
|detailschange|p1a: Floette|Floette-Mega, L50, F
|-mega|p1a: Floette|Floette|Floettite
|-ability|p1a: Floette|Fairy Aura
|move|p1a: Floette|Protect|p1a: Floette
|-singleturn|p1a: Floette|Protect
|move|p2b: Incineroar|Fake Out|p1b: Whimsicott
|-damage|p1b: Whimsicott|85/100
|move|p2a: Delphox|Heat Wave|p1b: Whimsicott|[spread] p1b
|-activate|p1a: Floette|move: Protect
|-supereffective|p1b: Whimsicott|1
|-damage|p1b: Whimsicott|0 fnt
|faint|p1b: Whimsicott
|
|upkeep
|
|t:|1785180736
|switch|p1b: Basculegion|Basculegion, L50, M|100/100
|turn|2
|
|t:|1785180747
|move|p2a: Delphox|Protect|p2a: Delphox
|-singleturn|p2a: Delphox|Protect
|move|p1b: Basculegion|Wave Crash|p2a: Delphox
|-activate|p2a: Delphox|move: Protect
|move|p1a: Floette|Moonblast|p2b: Incineroar
|-damage|p2b: Incineroar|31/100
|-enditem|p2b: Incineroar|Sitrus Berry|[eat]
|-heal|p2b: Incineroar|55/100|[from] item: Sitrus Berry
|move|p2b: Incineroar|Parting Shot|p1a: Floette
|-unboost|p1a: Floette|atk|1
|-unboost|p1a: Floette|spa|1
|
|t:|1785180758
|switch|p2b: Sinistcha|Sinistcha, L50|100/100|[from] Parting Shot
|
|upkeep
|turn|3
|
|t:|1785180763
|switch|p1a: Kingambit|Kingambit, L50, M|100/100
|move|p2b: Sinistcha|Rage Powder|p2b: Sinistcha
|-singleturn|p2b: Sinistcha|move: Rage Powder
|move|p1b: Basculegion|Wave Crash|p2b: Sinistcha
|-resisted|p2b: Sinistcha|1
|-damage|p2b: Sinistcha|73/100
|-damage|p1b: Basculegion|91/100|[from] Recoil
|move|p2a: Delphox|Nasty Plot|p2a: Delphox
|-boost|p2a: Delphox|spa|2
|
|upkeep
|turn|4
|
|t:|1785180777
|switch|p1b: Floette|Floette-Mega, L50, F|100/100
|-ability|p1b: Floette|Fairy Aura
|move|p2b: Sinistcha|Rage Powder|p2b: Sinistcha
|-singleturn|p2b: Sinistcha|move: Rage Powder
|move|p2a: Delphox|Heat Wave|p1b: Floette|[spread] p1a,p1b
|-supereffective|p1a: Kingambit|1
|-damage|p1a: Kingambit|0 fnt
|-damage|p1b: Floette|35/100
|-status|p1b: Floette|brn
|faint|p1a: Kingambit
|
|-damage|p1b: Floette|30/100 brn|[from] brn
|upkeep
|
|t:|1785180785
|switch|p1a: Basculegion|Basculegion, L50, M|91/100
|turn|5
|
|t:|1785180791
|move|p1b: Floette|Protect|p1b: Floette
|-singleturn|p1b: Floette|Protect
|move|p2b: Sinistcha|Rage Powder|p2b: Sinistcha
|-singleturn|p2b: Sinistcha|move: Rage Powder
|move|p1a: Basculegion|Last Respects|p2b: Sinistcha
|-supereffective|p2b: Sinistcha|1
|-damage|p2b: Sinistcha|0 fnt
|faint|p2b: Sinistcha
|move|p2a: Delphox|Psychic|p1a: Basculegion
|-damage|p1a: Basculegion|0 fnt
|faint|p1a: Basculegion
|
|-damage|p1b: Floette|24/100 brn|[from] brn
|upkeep
|
|t:|1785180801
|switch|p2b: Incineroar|Incineroar, L50, M|55/100
|-ability|p2b: Incineroar|Intimidate|boost
|-unboost|p1b: Floette|atk|1
|turn|6
|
|t:|1785180804
|move|p2b: Incineroar|Fake Out|p1b: Floette
|-damage|p1b: Floette|13/100 brn
|move|p2a: Delphox|Psychic|p1b: Floette
|-damage|p1b: Floette|0 fnt
|faint|p1b: Floette
|
|win|Mestremarkusme
