|j|☆Jakobtc
|j|☆sbhaga34
|html|Jakobtcsbhaga34    
|uhtml|bestof|Game 2 of a best-of-3
|t:|1756751915
|gametype|doubles
|player|p1|Jakobtc|riley|1196
|player|p2|sbhaga34|hugh|1269
|gen|9
|tier|[Gen 9] VGC 2025 Reg H (Bo3)
|rated|
|rule|Species Clause: Limit one of each Pokémon
|rule|Item Clause: Limit 1 of each item
|clearpoke
|poke|p1|Gholdengo, L50|
|poke|p1|Incineroar, L50, M|
|poke|p1|Ursaluna, L50, F|
|poke|p1|Porygon2, L50|
|poke|p1|Kilowattrel, L50, M|
|poke|p1|Sneasler, L50, M|
|poke|p2|Indeedee-F, L50, F|
|poke|p2|Murkrow, L50, F|
|poke|p2|Tyranitar, L50, M|
|poke|p2|Excadrill, L50, F|
|poke|p2|Gardevoir, L50, M|
|poke|p2|Ursaluna-Bloodmoon, L50, M|
|teampreview|4
|showteam|p1|Gholdengo||LifeOrb|GoodasGold|MakeItRain,ShadowBall,NastyPlot,Protect||||||50|,,,,,Dragon]Incineroar||SafetyGoggles|Intimidate|FakeOut,FlareBlitz,KnockOff,PartingShot|||M|||50|,,,,,Bug]Ursaluna||FlameOrb|Guts|Facade,HeadlongRush,Earthquake,Protect|||F|||50|,,,,,Ghost]Porygon2||Eviolite|Download|TeraBlast,IceBeam,Recover,TrickRoom||||||50|,,,,,Flying]Kilowattrel||FocusSash|Competitive|AirSlash,Thunderbolt,Tailwind,Protect|||M|||50|,,,,,Ghost]Sneasler||WhiteHerb|Unburden|DireClaw,CloseCombat,Taunt,Protect|||M|||50|,,,,,Stellar
|showteam|p2|Indeedee-F||SafetyGoggles|PsychicSurge|FollowMe,TrickRoom,Imprison,Psychic|||F|||50|,,,,,Fairy]Murkrow||Eviolite|Prankster|Tailwind,Haze,BraveBird,FoulPlay|||F|||50|,,,,,Ghost]Tyranitar||WeaknessPolicy|SandStream|RockSlide,KnockOff,LowKick,Protect|||M|||50|,,,,,Flying]Excadrill||FocusSash|SandRush|Earthquake,IronHead,SwordsDance,Protect|||F|||50|,,,,,Ground]Gardevoir||ChoiceScarf|Telepathy|ExpandingForce,DazzlingGleam,Moonblast,IcyWind|||M|||50|,,,,,Psychic]Ursaluna-Bloodmoon||LifeOrb|MindsEye|BloodMoon,HyperVoice,EarthPower,Protect|||M|||50|,,,,,Normal
|inactive|Battle timer is ON: inactive players will automatically lose when time's up. (requested by Jakobtc)
|
|t:|1756751960
|teamsize|p1|4
|teamsize|p2|4
|start
|switch|p1a: Incineroar|Incineroar, L50, M|100/100
|switch|p1b: Porygon2|Porygon2, L50, shiny|100/100
|switch|p2a: Indeedee|Indeedee-F, L50, F|100/100
|switch|p2b: Tyranitar|Tyranitar, L50, M|100/100
|-fieldstart|move: Psychic Terrain|[from] ability: Psychic Surge|[of] p2a: Indeedee
|-weather|Sandstorm|[from] ability: Sand Stream|[of] p2b: Tyranitar
|-ability|p1b: Porygon2|Download|boost
|-boost|p1b: Porygon2|spa|1
|-ability|p1a: Incineroar|Intimidate|boost
|-unboost|p2a: Indeedee|atk|1
|-unboost|p2b: Tyranitar|atk|1
|turn|1
|inactive|Jakobtc has 30 seconds left.
|
|t:|1756751991
|switch|p1a: Ursaluna|Ursaluna, L50, F|100/100
|-terastallize|p2a: Indeedee|Fairy
|move|p2a: Indeedee|Imprison|p2a: Indeedee
|-start|p2a: Indeedee|move: Imprison
|move|p2b: Tyranitar|Knock Off|p1b: Porygon2
|-damage|p1b: Porygon2|74/100
|-enditem|p1b: Porygon2|Eviolite|[from] move: Knock Off|[of] p2b: Tyranitar
|move|p1b: Porygon2|Tera Blast|p2a: Indeedee
|-damage|p2a: Indeedee|52/100
|
|-weather|Sandstorm|[upkeep]
|-damage|p1b: Porygon2|68/100|[from] Sandstorm
|-status|p1a: Ursaluna|brn|[from] item: Flame Orb
|upkeep
|turn|2
|inactive|Jakobtc has 30 seconds left.
|inactive|sbhaga34 has 30 seconds left.
|inactive|sbhaga34 has 20 seconds left.
|
|t:|1756752035
|switch|p1b: Incineroar|Incineroar, L50, M|100/100
|-ability|p1b: Incineroar|Intimidate|boost
|-unboost|p2a: Indeedee|atk|1
|-unboost|p2b: Tyranitar|atk|1
|move|p2b: Tyranitar|Protect|p2b: Tyranitar
|-singleturn|p2b: Tyranitar|Protect
|move|p1a: Ursaluna|Protect|p1a: Ursaluna
|-singleturn|p1a: Ursaluna|Protect
|move|p2a: Indeedee|Psychic|p1a: Ursaluna
|-activate|p1a: Ursaluna|move: Protect
|
|-weather|Sandstorm|[upkeep]
|-damage|p1a: Ursaluna|94/100 brn|[from] brn
|upkeep
|turn|3
|
|t:|1756752050
|switch|p1b: Kilowattrel|Kilowattrel, L50, M|100/100
|move|p2a: Indeedee|Psychic|p1a: Ursaluna
|-damage|p1a: Ursaluna|59/100 brn
|move|p2b: Tyranitar|Rock Slide|p1b: Kilowattrel|[spread] p1a,p1b
|-resisted|p1a: Ursaluna
|-supereffective|p1b: Kilowattrel
|-damage|p1a: Ursaluna|53/100 brn
|-damage|p1b: Kilowattrel|43/100
|move|p1a: Ursaluna|Earthquake|p2b: Tyranitar|[spread] p2a,p2b
|-immune|p1b: Kilowattrel
|-supereffective|p2b: Tyranitar
|-damage|p2a: Indeedee|0 fnt
|-damage|p2b: Tyranitar|0 fnt
|faint|p2a: Indeedee
|faint|p2b: Tyranitar
|
|-weather|Sandstorm|[upkeep]
|-damage|p1b: Kilowattrel|37/100|[from] Sandstorm
|-damage|p1a: Ursaluna|47/100 brn|[from] brn
|upkeep
|
|t:|1756752068
|switch|p2a: Excadrill|Excadrill, L50, F, shiny|100/100
|switch|p2b: Gardevoir|Gardevoir, L50, M, shiny|100/100
|turn|4
|inactive|sbhaga34 has 30 seconds left.
|
|t:|1756752094
|switch|p1b: Incineroar|Incineroar, L50, M|100/100
|-ability|p1b: Incineroar|Intimidate|boost
|-unboost|p2a: Excadrill|atk|1
|-unboost|p2b: Gardevoir|atk|1
|switch|p1a: Porygon2|Porygon2, L50, shiny|68/100
|-ability|p1a: Porygon2|Download|boost
|-boost|p1a: Porygon2|atk|1
|move|p2a: Excadrill|Swords Dance|p2a: Excadrill
|-boost|p2a: Excadrill|atk|2
|move|p2b: Gardevoir|Expanding Force|p1a: Porygon2|[spread] p1a
|-immune|p1b: Incineroar
|-damage|p1a: Porygon2|19/100
|
|-weather|Sandstorm|[upkeep]
|-damage|p2b: Gardevoir|95/100|[from] Sandstorm
|-damage|p1a: Porygon2|13/100|[from] Sandstorm
|upkeep
|turn|5
|inactive|Jakobtc has 30 seconds left.
|
|t:|1756752122
|-terastallize|p1b: Incineroar|Bug
|move|p2a: Excadrill|Earthquake|p1b: Incineroar|[spread] p1a,p1b
|-activate|p2b: Gardevoir|ability: Telepathy
|-resisted|p1b: Incineroar
|-damage|p1a: Porygon2|0 fnt
|-damage|p1b: Incineroar|66/100
|faint|p1a: Porygon2
|move|p2b: Gardevoir|Expanding Force|p1b: Incineroar
|-damage|p1b: Incineroar|0 fnt
|faint|p1b: Incineroar
|
|-weather|none
|-fieldend|move: Psychic Terrain
|upkeep
|
|t:|1756752133
|switch|p1a: Ursaluna|Ursaluna, L50, F|47/100 brn
|switch|p1b: Kilowattrel|Kilowattrel, L50, M|37/100
|turn|6
|
|t:|1756752145
|move|p1b: Kilowattrel|Tailwind|p1b: Kilowattrel
|-sidestart|p1: Jakobtc|move: Tailwind
|move|p2b: Gardevoir|Expanding Force|p1b: Kilowattrel
|-damage|p1b: Kilowattrel|0 fnt
|faint|p1b: Kilowattrel
|move|p1a: Ursaluna|Earthquake|p2a: Excadrill|[spread] p2a,p2b
|-supereffective|p2a: Excadrill
|-crit|p2a: Excadrill
|-enditem|p2a: Excadrill|Focus Sash
|-damage|p2a: Excadrill|1/100
|-damage|p2b: Gardevoir|4/100
|move|p2a: Excadrill|Iron Head|p1a: Ursaluna
|-damage|p1a: Ursaluna|0 fnt
|faint|p1a: Ursaluna
|
|win|sbhaga34
|raw|Jakobtc's rating: 1196 → 1176(-20 for losing)
|raw|sbhaga34's rating: 1269 → 1289(+20 for winning)
|l|☆sbhaga34
|player|p2|
