|j|☆ablizzardis1
|j|☆Zephrhills
|html|ablizzardis1Zephrhills    
|uhtml|bestof|Game 2 of a best-of-3
|t:|1785891612
|gametype|doubles
|player|p1|ablizzardis1|101|
|player|p2|Zephrhills|miku-ghost|
|gen|9
|tier|[Gen 9 Champions] VGC 2026 Reg M-B (Bo3)
|rule|Species Clause: Limit one of each Pokémon
|rule|Item Clause: Limit 1 of each item
|clearpoke
|poke|p1|Pyroar, L50, M, shiny|
|poke|p1|Ninetales, L50, M, shiny|
|poke|p1|Garchomp, L50, F|
|poke|p1|Talonflame, L50, F|
|poke|p1|Gardevoir, L50, M|
|poke|p1|Tsareena, L50, F|
|poke|p2|Meowstic, L50, M|
|poke|p2|Dragapult, L50, M|
|poke|p2|Rotom-Wash, L50|
|poke|p2|Tyranitar, L50, F, shiny|
|poke|p2|Greninja, L50, F, shiny|
|poke|p2|Blaziken, L50, F|
|teampreview|4
|showteam|p1|Pyroar||Pyroarite|Unnerve|HeatWave,Overheat,SolarBeam,Protect|Timid||M|||50|]Ninetales||LifeOrb|Drought|HeatWave,Overheat,SolarBeam,Protect|Timid||M|||50|]Garchomp||RoseliBerry|SandVeil|Earthquake,DragonClaw,PoisonJab,RockSlide|Jolly||F|||50|]Talonflame||SharpBeak|GaleWings|BraveBird,Overheat,Protect,Tailwind|Naive||F|||50|]Gardevoir||Gardevoirite|Trace|HyperBeam,HyperVoice,Protect,Psyshock|Timid||M|||50|]Tsareena||WideLens|QueenlyMajesty|TripleAxel,HighJumpKick,PowerWhip,Protect|Adamant||F|||50|
|showteam|p2|Meowstic||Meowsticite|Prankster|Protect,Yawn,Wish,FakeOut|Modest||M|||50|]Dragapult||LifeOrb|ClearBody|DracoMeteor,ShadowBall,Surf,WillOWisp|Hasty||M|||50|]Rotom-Wash||Leftovers|Levitate|HydroPump,Protect,ShadowBall,Reflect|Bold|||||50|]Tyranitar||SitrusBerry|SandStream|RockSlide,ThunderWave,Protect,IceFang|Adamant||F|||50|]Greninja||ExpertBelt|Protean|Surf,GunkShot,IceBeam,ShadowSneak|Rash||F|||50|]Blaziken||Blazikenite|SpeedBoost|CloseCombat,RockSlide,FeatherDance,Detect|Adamant||F|||50|
|
|t:|1785891667
|teamsize|p1|4
|teamsize|p2|4
|start
|switch|p1a: The One|Talonflame, L50, F|100/100
|switch|p1b: Fire/Flying Chuds|Garchomp, L50, F|100/100
|switch|p2a: Meowstic|Meowstic, L50, M|100/100
|switch|p2b: Greninja|Greninja, L50, F, shiny|100/100
|turn|1
|
|t:|1785891689
|move|p1a: The One|Protect|p1a: The One
|-singleturn|p1a: The One|Protect
|move|p2a: Meowstic|Fake Out|p1a: The One
|-activate|p1a: The One|move: Protect
|move|p2b: Greninja|Ice Beam|p1b: Fire/Flying Chuds
|-start|p2b: Greninja|typechange|Ice|[from] ability: Protean
|-supereffective|p1b: Fire/Flying Chuds|2
|-damage|p1b: Fire/Flying Chuds|0 fnt
|faint|p1b: Fire/Flying Chuds
|
|upkeep
|
|t:|1785891700
|switch|p1b: Foidmon|Gardevoir, L50, M|100/100
|-ability|p1b: Foidmon|Protean|Trace|[from] ability: Trace|[of] p2b: Greninja
|turn|2
|
|t:|1785891712
|detailschange|p1b: Foidmon|Gardevoir-Mega, L50, M
|-mega|p1b: Foidmon|Gardevoir|Gardevoirite
|move|p1a: The One|Tailwind|p1a: The One
|-sidestart|p1: ablizzardis1|move: Tailwind
|move|p2a: Meowstic|Yawn|p1b: Foidmon
|-start|p1b: Foidmon|move: Yawn|[of] p2a: Meowstic
|move|p1b: Foidmon|Hyper Voice|p2a: Meowstic|[spread] p2a,p2b
|-damage|p2a: Meowstic|43/100
|-damage|p2b: Greninja|16/100
|move|p2b: Greninja|Gunk Shot|p1b: Foidmon
|-supereffective|p1b: Foidmon|1
|-damage|p1b: Foidmon|0 fnt
|faint|p1b: Foidmon
|
|upkeep
|
|t:|1785891724
|switch|p1b: BADDIE|Tsareena, L50, F|100/100
|turn|3
|
|t:|1785891748
|move|p2a: Meowstic|Protect|p2a: Meowstic
|-singleturn|p2a: Meowstic|Protect
|move|p1a: The One|Brave Bird|p2b: Greninja
|-damage|p2b: Greninja|0 fnt
|faint|p2b: Greninja
|-damage|p1a: The One|95/100|[from] Recoil
|move|p1b: BADDIE|Triple Axel|p2a: Meowstic
|-activate|p2a: Meowstic|move: Protect
|
|upkeep
|
|t:|1785891759
|switch|p2b: Blaziken|Blaziken, L50, F|100/100
|turn|4
|
|t:|1785891782
|detailschange|p2b: Blaziken|Blaziken-Mega, L50, F
|-mega|p2b: Blaziken|Blaziken|Blazikenite
|move|p2b: Blaziken|Detect|p2b: Blaziken
|-singleturn|p2b: Blaziken|Protect
|move|p2a: Meowstic|Wish|p2a: Meowstic
|move|p1a: The One|Brave Bird|p2b: Blaziken
|-activate|p2b: Blaziken|move: Protect
|move|p1b: BADDIE|High Jump Kick|p2b: Blaziken
|-activate|p2b: Blaziken|move: Protect
|-damage|p1b: BADDIE|50/100g|[from] highjumpkick
|
|-ability|p2b: Blaziken|Speed Boost|boost
|-boost|p2b: Blaziken|spe|1
|upkeep
|turn|5
|
|t:|1785891809
|switch|p2a: Dragapult|Dragapult, L50, M|100/100
|move|p2b: Blaziken|Detect||[still]
|-fail|p2b: Blaziken
|move|p1a: The One|Brave Bird|p2b: Blaziken
|-supereffective|p2b: Blaziken|1
|-damage|p2b: Blaziken|18/100
|-damage|p1a: The One|68/100|[from] Recoil
|move|p1b: BADDIE|High Jump Kick|p2b: Blaziken
|-damage|p2b: Blaziken|0 fnt
|faint|p2b: Blaziken
|
|-sideend|p1: ablizzardis1|move: Tailwind
|upkeep
|
|t:|1785891822
|switch|p2b: Meowstic|Meowstic, L50, M|43/100
|turn|6
|
|t:|1785891844
|move|p2b: Meowstic|Wish|p2b: Meowstic
|move|p1a: The One|Brave Bird|p2a: Dragapult
|-damage|p2a: Dragapult|36/100
|-damage|p1a: The One|50/100g|[from] Recoil
|move|p2a: Dragapult|Draco Meteor|p1b: BADDIE
|-damage|p1b: BADDIE|0 fnt
|-unboost|p2a: Dragapult|spa|2
|faint|p1b: BADDIE
|-damage|p2a: Dragapult|26/100|[from] item: Life Orb
|
|upkeep
|turn|7
|
|t:|1785891869
|move|p2b: Meowstic|Yawn|p1a: The One
|-start|p1a: The One|move: Yawn|[of] p2b: Meowstic
|move|p1a: The One|Brave Bird|p2a: Dragapult
|-damage|p2a: Dragapult|0 fnt
|faint|p2a: Dragapult
|-damage|p1a: The One|42/100|[from] Recoil
|
|-heal|p2b: Meowstic|93/100|[from] move: Wish|[wisher] Meowstic
|upkeep
|turn|8
|-message|Zephrhills forfeited.
|
|win|ablizzardis1
|l|☆Zephrhills
|player|p2|
