|j|☆Govek314
|j|☆Archu2167
|html|Govek314Archu2167    
|uhtml|bestof|Game 3 of a best-of-3
|t:|1756853688
|gametype|doubles
|player|p1|Govek314|2|1096
|player|p2|Archu2167|bruno|1020
|gen|9
|tier|[Gen 9] VGC 2025 Reg H (Bo3)
|rated|
|rule|Species Clause: Limit one of each Pokémon
|rule|Item Clause: Limit 1 of each item
|clearpoke
|poke|p1|Hydreigon, L50, F|
|poke|p1|Ursaluna-Bloodmoon, L50, M|
|poke|p1|Gholdengo, L50|
|poke|p1|Weezing-Galar, L50, M|
|poke|p1|Porygon2, L50|
|poke|p1|Incineroar, L50, F|
|poke|p2|Sceptile, L50, M|
|poke|p2|Ninetales-Alola, L50, F|
|poke|p2|Umbreon, L50, M|
|poke|p2|Annihilape, L50, M|
|poke|p2|Metagross, L50|
|poke|p2|Grimmsnarl, L50, M|
|teampreview|4
|showteam|p1|Hydreigon||SafetyGoggles|Levitate|DracoMeteor,Snarl,Tailwind,Protect|||F|||50|,,,,,Ghost]Ursaluna-Bloodmoon||LifeOrb|MindsEye|BloodMoon,HyperVoice,Protect,EarthPower|||M|||50|,,,,,Normal]Gholdengo||ChoiceSpecs|GoodasGold|ShadowBall,DazzlingGleam,Thunderbolt,MakeItRain||||||50|,,,,,Fairy]Weezing-Galar||SitrusBerry|NeutralizingGas|GunkShot,PlayRough,Haze,Protect|||M|||50|,,,,,Water]Porygon2||Eviolite|Download|TeraBlast,IceBeam,Recover,TrickRoom||||||50|,,,,,Fighting]Incineroar||AbilityShield|Intimidate|FakeOut,FlareBlitz,KnockOff,PartingShot|||F|||50|,,,,,Ghost
|showteam|p2|Sceptile||WeaknessPolicy|Unburden|Acrobatics,LeafBlade,Protect,SwordsDance|||M|||50|,,,,,Flying]Ninetales-Alola||LightClay|SnowWarning|AuroraVeil,Moonblast,Blizzard,IceShard|||F|||50|,,,,,Water]Umbreon||Leftovers|Synchronize|HelpingHand,Yawn,FoulPlay,Snarl|||M|||50|,,,,,Ghost]Annihilape||LumBerry|InnerFocus|RageFist,DrainPunch,BulkUp,Protect|||M|||50|,,,,,Ghost]Metagross||LifeOrb|ClearBody|IronHead,ZenHeadbutt,IcePunch,BulletPunch||||||50|,,,,,Steel]Grimmsnarl||MentalHerb|Prankster|Reflect,LightScreen,SpiritBreak,ThunderWave|||M|||50|,,,,,Dark
|
|t:|1756853710
|teamsize|p1|4
|teamsize|p2|4
|start
|switch|p1a: Weezing|Weezing-Galar, L50, M, shiny|100/100
|switch|p1b: Gholdengo|Gholdengo, L50, shiny|100/100
|switch|p2a: Umbreon|Umbreon, L50, M, shiny|100/100
|switch|p2b: Metagross|Metagross, L50, shiny|100/100
|-ability|p1a: Weezing|Neutralizing Gas
|turn|1
|
|t:|1756853746
|-terastallize|p1a: Weezing|Water
|move|p2b: Metagross|Zen Headbutt|p1a: Weezing
|-damage|p1a: Weezing|50/100
|-enditem|p1a: Weezing|Sitrus Berry|[eat]
|-heal|p1a: Weezing|74/100|[from] item: Sitrus Berry
|-damage|p2b: Metagross|91/100|[from] item: Life Orb
|move|p1b: Gholdengo|Shadow Ball|p2b: Metagross
|-supereffective|p2b: Metagross
|-damage|p2b: Metagross|0 fnt
|faint|p2b: Metagross
|cant|p1a: Weezing|flinch
|move|p2a: Umbreon|Yawn|p1a: Weezing
|-start|p1a: Weezing|move: Yawn|[of] p2a: Umbreon
|
|upkeep
|
|t:|1756853761
|switch|p2b: Annihilape|Annihilape, L50, M|100/100
|turn|2
|
|t:|1756853777
|switch|p1b: Ursaluna|Ursaluna-Bloodmoon, L50, M|100/100
|-end|p1a: Weezing|ability: Neutralizing Gas
|switch|p1a: Hydreigon|Hydreigon, L50, F|100/100
|move|p2b: Annihilape|Bulk Up|p2b: Annihilape
|-boost|p2b: Annihilape|atk|1
|-boost|p2b: Annihilape|def|1
|move|p2a: Umbreon|Foul Play|p1b: Ursaluna
|-damage|p1b: Ursaluna|86/100
|
|upkeep
|turn|3
|
|t:|1756853797
|move|p1a: Hydreigon|Tailwind|p1a: Hydreigon
|-sidestart|p1: Govek314|move: Tailwind
|move|p1b: Ursaluna|Blood Moon|p2b: Annihilape
|-damage|p2b: Annihilape|0 fnt
|faint|p2b: Annihilape
|-damage|p1b: Ursaluna|77/100|[from] item: Life Orb
|move|p2a: Umbreon|Yawn|p1a: Hydreigon
|-start|p1a: Hydreigon|move: Yawn|[of] p2a: Umbreon
|
|upkeep
|
|t:|1756853809
|switch|p2b: Grimmsnarl|Grimmsnarl, L50, M|100/100
|turn|4
|
|t:|1756853837
|switch|p1a: Gholdengo|Gholdengo, L50, shiny|100/100
|move|p2b: Grimmsnarl|Light Screen|p2b: Grimmsnarl
|-sidestart|p2: Archu2167|move: Light Screen
|move|p1b: Ursaluna|Hyper Voice|p2b: Grimmsnarl|[spread] p2a,p2b
|-damage|p2a: Umbreon|79/100
|-damage|p2b: Grimmsnarl|76/100
|-damage|p1b: Ursaluna|67/100|[from] item: Life Orb
|move|p2a: Umbreon|Yawn|p1b: Ursaluna
|-start|p1b: Ursaluna|move: Yawn|[of] p2a: Umbreon
|
|-heal|p2a: Umbreon|85/100|[from] item: Leftovers
|upkeep
|turn|5
|
|t:|1756853870
|move|p2b: Grimmsnarl|Thunder Wave|p1b: Ursaluna
|-immune|p1b: Ursaluna
|move|p1a: Gholdengo|Make It Rain|p2b: Grimmsnarl|[spread] p2a,p2b
|-supereffective|p2b: Grimmsnarl
|-damage|p2a: Umbreon|50/100
|-damage|p2b: Grimmsnarl|0 fnt
|-unboost|p1a: Gholdengo|spa|1
|faint|p2b: Grimmsnarl
|move|p1b: Ursaluna|Blood Moon|p2a: Umbreon
|-damage|p2a: Umbreon|6/100
|-damage|p1b: Ursaluna|58/100|[from] item: Life Orb
|move|p2a: Umbreon|Foul Play|p1a: Gholdengo
|-supereffective|p1a: Gholdengo
|-damage|p1a: Gholdengo|68/100
|
|-heal|p2a: Umbreon|12/100|[from] item: Leftovers
|-end|p1b: Ursaluna|move: Yawn|[silent]
|-status|p1b: Ursaluna|slp
|upkeep
|turn|6
|
|t:|1756853902
|switch|p1b: Hydreigon|Hydreigon, L50, F|100/100
|move|p1a: Gholdengo|Make It Rain|p2a: Umbreon
|-damage|p2a: Umbreon|0 fnt
|-unboost|p1a: Gholdengo|spa|1
|faint|p2a: Umbreon
|
|win|Govek314
|raw|Govek314's rating: 1096 → 1116(+20 for winning)
|raw|Archu2167's rating: 1020 → 1010(-10 for losing)
|l|☆Govek314
|player|p1|
|j|☆Govek314
|player|p1|Govek314|2|
