|j|☆yunsen
|j|☆iplaypadel
|html|yunseniplaypadel    
|uhtml|bestof|Game 1 of a best-of-3
|t:|1785184366
|gametype|doubles
|player|p1|yunsen|bellelba|1092
|player|p2|iplaypadel|2|1171
|gen|9
|tier|[Gen 9 Champions] VGC 2026 Reg M-B (Bo3)
|rated|
|rule|Species Clause: Limit one of each Pokémon
|rule|Item Clause: Limit 1 of each item
|clearpoke
|poke|p1|Staraptor, L50, M|
|poke|p1|Vanilluxe, L50, M|
|poke|p1|Farigiraf, L50, M|
|poke|p1|Blastoise, L50, F|
|poke|p1|Kingambit, L50, F|
|poke|p1|Camerupt, L50, F|
|poke|p2|Basculegion, L50, M|
|poke|p2|Aerodactyl, L50, M|
|poke|p2|Sinistcha, L50|
|poke|p2|Kangaskhan, L50, F|
|poke|p2|Floette-Eternal, L50, F|
|poke|p2|Incineroar, L50, M|
|teampreview|4
|showteam|p1|Staraptor||ChoiceScarf|Intimidate|FinalGambit,BraveBird,CloseCombat,Uturn|Jolly||M|||50|]Vanilluxe||NeverMeltIce|SnowWarning|Blizzard,FreezeDry,Protect,IceShard|Quiet||M|||50|]Farigiraf||SitrusBerry|ArmorTail|PsychicFangs,HyperVoice,HelpingHand,TrickRoom|Relaxed||M|||50|]Blastoise||Blastoisinite|Torrent|FakeOut,WaterSpout,AuraSphere,DarkPulse|Quiet||F|||50|]Kingambit||LifeOrb|Defiant|KowtowCleave,IronHead,Protect,SuckerPunch|Brave||F|||50|]Camerupt||Cameruptite|SolidRock|HeatWave,EarthPower,Protect,AncientPower|Quiet||F|||50|
|showteam|p2|Basculegion||ChoiceScarf|Adaptability|LastRespects,FlipTurn,WaveCrash,AquaJet|Jolly||M|||50|]Aerodactyl||FocusSash|Unnerve|Protect,Tailwind,RockSlide,DualWingbeat|Jolly||M|||50|]Sinistcha||KasibBerry|Hospitality|TrickRoom,RagePowder,MatchaGotcha,LifeDew|Relaxed|||||50|]Kangaskhan||Kangaskhanite|Scrappy|Protect,Crunch,DoubleEdge,DrainPunch|Jolly||F|||50|]Floette-Eternal||Floettite|FlowerVeil|DrainingKiss,DazzlingGleam,CalmMind,Protect|Timid||F|||50|]Incineroar||SitrusBerry|Intimidate|FakeOut,FlareBlitz,DarkestLariat,PartingShot|Adamant||M|||50|
|inactive|Battle timer is ON: inactive players will automatically lose when time's up. (requested by yunsen)
|inactive|iplaypadel has 60 seconds left.
|inactive|yunsen has 60 seconds left.
|
|t:|1785184415
|teamsize|p1|4
|teamsize|p2|4
|start
|switch|p1a: Farigiraf|Farigiraf, L50, M|100/100
|switch|p1b: Staraptor|Staraptor, L50, M|100/100
|switch|p2a: Kangaskhan|Kangaskhan, L50, F|100/100
|switch|p2b: Aerodactyl|Aerodactyl, L50, M|100/100
|-ability|p2b: Aerodactyl|Unnerve
|-ability|p1b: Staraptor|Intimidate|boost
|-fail|p2a: Kangaskhan|unboost|Attack|[from] ability: Scrappy|[of] p2a: Kangaskhan
|-unboost|p2b: Aerodactyl|atk|1
|turn|1
|
|t:|1785184433
|move|p2a: Kangaskhan|Protect|p2a: Kangaskhan
|-singleturn|p2a: Kangaskhan|Protect
|move|p1b: Staraptor|Final Gambit|p2a: Kangaskhan
|-activate|p2a: Kangaskhan|move: Protect
|move|p2b: Aerodactyl|Rock Slide|p1a: Farigiraf|[spread] p1a,p1b
|-supereffective|p1b: Staraptor|1
|-damage|p1a: Farigiraf|87/100
|-damage|p1b: Staraptor|58/100
|move|p1a: Farigiraf|Trick Room|p1a: Farigiraf
|-fieldstart|move: Trick Room|[of] p1a: Farigiraf
|
|upkeep
|turn|2
|
|t:|1785184448
|switch|p2a: Sinistcha|Sinistcha, L50|100/100
|switch|p1b: Vanilluxe|Vanilluxe, L50, M|100/100
|-weather|Snowscape|[from] ability: Snow Warning|[of] p1b: Vanilluxe
|move|p1a: Farigiraf|Psychic Fangs|p2b: Aerodactyl
|-damage|p2b: Aerodactyl|56/100
|move|p2b: Aerodactyl|Rock Slide|p1b: Vanilluxe|[spread] p1a,p1b
|-supereffective|p1b: Vanilluxe|1
|-damage|p1a: Farigiraf|73/100
|-damage|p1b: Vanilluxe|73/100
|
|-weather|Snowscape|[upkeep]
|upkeep
|turn|3
|
|t:|1785184466
|switch|p2a: Basculegion|Basculegion, L50, M|100/100
|move|p1a: Farigiraf|Helping Hand|p1b: Vanilluxe
|-singleturn|p1b: Vanilluxe|Helping Hand|[of] p1a: Farigiraf
|move|p1b: Vanilluxe|Blizzard|p2b: Aerodactyl|[spread] p2a,p2b
|-resisted|p2a: Basculegion|1
|-supereffective|p2b: Aerodactyl|1
|-damage|p2a: Basculegion|56/100
|-damage|p2b: Aerodactyl|0 fnt
|faint|p2b: Aerodactyl
|
|-weather|Snowscape|[upkeep]
|upkeep
|
|t:|1785184475
|switch|p2b: Sinistcha|Sinistcha, L50|100/100
|-heal|p2a: Basculegion|81/100|[from] ability: Hospitality|[of] p2b: Sinistcha
|turn|4
|
|t:|1785184498
|move|p1a: Farigiraf|Helping Hand|p1b: Vanilluxe
|-singleturn|p1b: Vanilluxe|Helping Hand|[of] p1a: Farigiraf
|move|p2b: Sinistcha|Rage Powder|p2b: Sinistcha
|-singleturn|p2b: Sinistcha|move: Rage Powder
|move|p1b: Vanilluxe|Blizzard|p2b: Sinistcha|[spread] p2a,p2b
|-resisted|p2a: Basculegion|1
|-supereffective|p2b: Sinistcha|1
|-damage|p2a: Basculegion|38/100
|-damage|p2b: Sinistcha|0 fnt
|faint|p2b: Sinistcha
|move|p2a: Basculegion|Wave Crash|p1b: Vanilluxe
|-damage|p1b: Vanilluxe|8/100
|-damage|p2a: Basculegion|19/100|[from] Recoil
|
|-weather|Snowscape|[upkeep]
|upkeep
|
|t:|1785184505
|switch|p2b: Kangaskhan|Kangaskhan, L50, F|100/100
|turn|5
|
|t:|1785184518
|move|p2b: Kangaskhan|Protect|p2b: Kangaskhan
|-singleturn|p2b: Kangaskhan|Protect
|move|p1a: Farigiraf|Psychic Fangs|p2b: Kangaskhan
|-activate|p2b: Kangaskhan|move: Protect
|move|p1b: Vanilluxe|Freeze-Dry|p2a: Basculegion
|-supereffective|p2a: Basculegion|1
|-damage|p2a: Basculegion|0 fnt
|faint|p2a: Basculegion
|
|-weather|Snowscape|[upkeep]
|-fieldend|move: Trick Room
|upkeep
|turn|6
|
|t:|1785184528
|detailschange|p2b: Kangaskhan|Kangaskhan-Mega, L50, F
|-mega|p2b: Kangaskhan|Kangaskhan|Kangaskhanite
|move|p1b: Vanilluxe|Protect|p1b: Vanilluxe
|-singleturn|p1b: Vanilluxe|Protect
|move|p2b: Kangaskhan|Crunch|p1a: Farigiraf
|-supereffective|p1a: Farigiraf|1
|-damage|p1a: Farigiraf|29/100
|-enditem|p1a: Farigiraf|Sitrus Berry|[eat]
|-heal|p1a: Farigiraf|54/100|[from] item: Sitrus Berry
|-supereffective|p1a: Farigiraf|1
|-damage|p1a: Farigiraf|44/100
|-hitcount|p1a: Farigiraf|2
|move|p1a: Farigiraf|Trick Room|p1a: Farigiraf
|-fieldstart|move: Trick Room|[of] p1a: Farigiraf
|
|-weather|none
|upkeep
|turn|7
|
|t:|1785184547
|move|p2b: Kangaskhan|Protect|p2b: Kangaskhan
|-singleturn|p2b: Kangaskhan|Protect
|move|p1b: Vanilluxe|Ice Shard|p2b: Kangaskhan
|-activate|p2b: Kangaskhan|move: Protect
|move|p1a: Farigiraf|Psychic Fangs|p2b: Kangaskhan
|-activate|p2b: Kangaskhan|move: Protect
|
|upkeep
|turn|8
|
|t:|1785184554
|move|p1a: Farigiraf|Helping Hand|p1b: Vanilluxe
|-singleturn|p1b: Vanilluxe|Helping Hand|[of] p1a: Farigiraf
|move|p1b: Vanilluxe|Freeze-Dry|p2b: Kangaskhan
|-damage|p2b: Kangaskhan|40/100
|move|p2b: Kangaskhan|Crunch|p1a: Farigiraf
|-supereffective|p1a: Farigiraf|1
|-damage|p1a: Farigiraf|3/100
|-supereffective|p1a: Farigiraf|1
|-damage|p1a: Farigiraf|0 fnt
|faint|p1a: Farigiraf
|-hitcount|p1: Farigiraf|2
|
|upkeep
|
|t:|1785184559
|switch|p1a: Staraptor|Staraptor, L50, M|58/100
|-ability|p1a: Staraptor|Intimidate|boost
|-unboost|p2b: Kangaskhan|atk|1
|turn|9
|
|t:|1785184567
|move|p2b: Kangaskhan|Protect|p2b: Kangaskhan
|-singleturn|p2b: Kangaskhan|Protect
|move|p1b: Vanilluxe|Ice Shard|p2b: Kangaskhan
|-activate|p2b: Kangaskhan|move: Protect
|move|p1a: Staraptor|Close Combat|p2b: Kangaskhan
|-activate|p2b: Kangaskhan|move: Protect
|
|upkeep
|turn|10
|
|t:|1785184576
|move|p1b: Vanilluxe|Ice Shard|p2b: Kangaskhan
|-damage|p2b: Kangaskhan|23/100
|move|p2b: Kangaskhan|Drain Punch|p1a: Staraptor
|-damage|p1a: Staraptor|36/100
|-heal|p2b: Kangaskhan|35/100|[from] drain|[of] p1a: Staraptor
|-damage|p1a: Staraptor|31/100
|-heal|p2b: Kangaskhan|37/100|[from] drain|[of] p1a: Staraptor
|-hitcount|p1a: Staraptor|2
|move|p1a: Staraptor|Close Combat|p2b: Kangaskhan
|-supereffective|p2b: Kangaskhan|1
|-damage|p2b: Kangaskhan|0 fnt
|-unboost|p1a: Staraptor|def|1
|-unboost|p1a: Staraptor|spd|1
|faint|p2b: Kangaskhan
|
|win|yunsen
||yunsen is ready for game 2.
||iplaypadel is ready for game 2.
|uhtml|next|Next: Game 2 of 3
|l|☆iplaypadel
|player|p2|
