|j|☆isrojo
|j|☆WiltedPants
|html|isrojoWiltedPants    
|uhtml|bestof|Game 1 of a best-of-3
|t:|1783103495
|gametype|doubles
|player|p1|isrojo|265|
|player|p2|WiltedPants|rood|
|gen|9
|tier|[Gen 9 Champions] VGC 2026 Reg M-B (Bo3)
|rule|Species Clause: Limit one of each Pokémon
|rule|Item Clause: Limit 1 of each item
|clearpoke
|poke|p1|Ampharos, L50, M, shiny|
|poke|p1|Kingambit, L50, M, shiny|
|poke|p1|Sableye, L50, F, shiny|
|poke|p1|Cofagrigus, L50, M, shiny|
|poke|p1|Kangaskhan, L50, F, shiny|
|poke|p1|Krookodile, L50, F, shiny|
|poke|p2|Snorlax, L50, F|
|poke|p2|Sinistcha, L50|
|poke|p2|Hawlucha, L50, M|
|poke|p2|Ariados, L50, M, shiny|
|poke|p2|Manectric, L50, M|
|poke|p2|Meowstic, L50, M|
|teampreview|4
|showteam|p1|Ampharos||Ampharosite|Static|Thunderbolt,DragonPulse,PowerGem,Discharge|Quiet||M|||50|]Kingambit||BlackGlasses|SupremeOverlord|KowtowCleave,SuckerPunch,IronHead,Protect|Brave||M|||50|]Sableye||LightClay|Prankster|FoulPlay,Reflect,LightScreen,Taunt|Sassy||F|||50|]Cofagrigus||Leftovers|Mummy|TrickRoom,ShadowBall,WillOWisp,Protect|Sassy||M|||50|]Kangaskhan||IronBall|Scrappy|FakeOut,Earthquake,RockSlide,Protect|Adamant||F|||50|]Krookodile||FocusSash|Intimidate|HighHorsepower,KnockOff,RockSlide,Protect|Brave||F|||50|
|showteam|p2|Snorlax||Leftovers|Immunity|BodySlam,Fissure,Protect,SmackDown|Impish||F|||50|]Sinistcha||MentalHerb|Hospitality|TrickRoom,RagePowder,MatchaGotcha,ShadowBall|Calm|||||50|]Hawlucha||Hawluchanite|MoldBreaker|CloseCombat,BraveBird,Protect,Entrainment|Adamant||M|||50|]Ariados||ScopeLens|Sniper|FocusEnergy,Megahorn,LeechLife,Protect|Adamant||M|||50|]Manectric||Manectite|LightningRod|Thunder,HyperVoice,Flamethrower,VoltSwitch|Modest||M|||50|]Meowstic||DampRock|Prankster|RainDance,ThunderWave,ExpandingForce,PsychicTerrain|Modest||M|||50|
|
|t:|1783103510
|teamsize|p1|4
|teamsize|p2|4
|start
|switch|p1a: IDF Soldier|Sableye, L50, F, shiny|100/100
|switch|p1b: Mother's Milk|Kangaskhan, L50, F, shiny|100/100
|switch|p2a: Asteroid Destroyer|Snorlax, L50, F|100/100
|switch|p2b: Jack Black|Hawlucha, L50, M|100/100
|-ability|p2b: Jack Black|Mold Breaker
|turn|1
|inactive|Battle timer is ON: inactive players will automatically lose when time's up. (requested by isrojo)
|
|t:|1783103565
|switch|p2b: Wing Gaster|Sinistcha, L50|100/100
|move|p1b: Mother's Milk|Fake Out|p2b: Wing Gaster
|-crit|p2b: Wing Gaster
|-damage|p2b: Wing Gaster|73/100
|move|p1a: IDF Soldier|Reflect|p1a: IDF Soldier
|-sidestart|p1: isrojo|Reflect
|move|p2a: Asteroid Destroyer|Fissure|p1a: IDF Soldier|[miss]
|-miss|p2a: Asteroid Destroyer|p1a: IDF Soldier
|
|upkeep
|turn|2
|inactive|WiltedPants has 30 seconds left.
|
|t:|1783103590
|move|p2b: Wing Gaster|Shadow Ball|p1a: IDF Soldier
|-damage|p1a: IDF Soldier|63/100
|-unboost|p1a: IDF Soldier|spd|1
|move|p1a: IDF Soldier|Foul Play|p2b: Wing Gaster
|-supereffective|p2b: Wing Gaster|1
|-damage|p2b: Wing Gaster|33/100
|move|p1b: Mother's Milk|Rock Slide|p2b: Wing Gaster|[spread] p2a,p2b
|-damage|p2a: Asteroid Destroyer|89/100
|-damage|p2b: Wing Gaster|16/100
|cant|p2a: Asteroid Destroyer|flinch
|
|-heal|p2a: Asteroid Destroyer|95/100|[from] item: Leftovers
|upkeep
|turn|3
|inactive|isrojo has 30 seconds left.
|inactive|WiltedPants has 30 seconds left.
|
|t:|1783103621
|switch|p2b: Ari (Knight Forme)|Ariados, L50, M, shiny|100/100
|switch|p1b: Rest Easy|Cofagrigus, L50, M, shiny|100/100
|move|p1a: IDF Soldier|Foul Play|p2b: Ari (Knight Forme)
|-damage|p2b: Ari (Knight Forme)|45/100
|move|p2a: Asteroid Destroyer|Body Slam|p1a: IDF Soldier
|-immune|p1a: IDF Soldier
|
|-heal|p2a: Asteroid Destroyer|100/100|[from] item: Leftovers
|upkeep
|turn|4
|
|t:|1783103645
|switch|p2a: Jack Black|Hawlucha, L50, M|100/100
|-ability|p2a: Jack Black|Mold Breaker
|move|p2b: Ari (Knight Forme)|Protect|p2b: Ari (Knight Forme)
|-singleturn|p2b: Ari (Knight Forme)|Protect
|move|p1a: IDF Soldier|Foul Play|p2b: Ari (Knight Forme)
|-activate|p2b: Ari (Knight Forme)|move: Protect
|move|p1b: Rest Easy|Trick Room|p1b: Rest Easy
|-fieldstart|move: Trick Room|[of] p1b: Rest Easy
|
|upkeep
|turn|5
|inactive|WiltedPants has 30 seconds left.
|
|t:|1783103671
|switch|p2b: Wing Gaster|Sinistcha, L50|16/100
|detailschange|p2a: Jack Black|Hawlucha-Mega, L50, M
|-mega|p2a: Jack Black|Hawlucha|Hawluchanite
|move|p2a: Jack Black|Protect|p2a: Jack Black
|-singleturn|p2a: Jack Black|Protect
|move|p1b: Rest Easy|Will-O-Wisp|p2a: Jack Black
|-activate|p2a: Jack Black|move: Protect
|move|p1a: IDF Soldier|Foul Play|p2b: Wing Gaster
|-supereffective|p2b: Wing Gaster|1
|-damage|p2b: Wing Gaster|0 fnt
|faint|p2b: Wing Gaster
|
|upkeep
|
|t:|1783103687
|switch|p2b: Asteroid Destroyer|Snorlax, L50, F|100/100
|turn|6
|
|t:|1783103709
|move|p1a: IDF Soldier|Light Screen|p1a: IDF Soldier
|-sidestart|p1: isrojo|move: Light Screen
|move|p1b: Rest Easy|Shadow Ball|p2a: Jack Black
|-damage|p2a: Jack Black|70/100
|move|p2b: Asteroid Destroyer|Fissure|p1a: IDF Soldier|[miss]
|-miss|p2b: Asteroid Destroyer|p1a: IDF Soldier
|move|p2a: Jack Black|Entrainment|p2b: Asteroid Destroyer
|-ability|p2b: Asteroid Destroyer|No Guard|Immunity|[from] move: Entrainment|[of] p2a: Jack Black
|
|upkeep
|turn|7
|inactive|WiltedPants has 30 seconds left.
|
|t:|1783103735
|switch|p2a: Ari (Knight Forme)|Ariados, L50, M, shiny|45/100
|move|p1b: Rest Easy|Shadow Ball|p2a: Ari (Knight Forme)
|-damage|p2a: Ari (Knight Forme)|8/100
|move|p2b: Asteroid Destroyer|Fissure|p1a: IDF Soldier
|-damage|p1a: IDF Soldier|0 fnt
|faint|p1a: IDF Soldier
|-ohko
|
|upkeep
|
|t:|1783103745
|switch|p1a: Mother's Milk|Kangaskhan, L50, F, shiny|100/100
|turn|8
|
|t:|1783103770
|move|p2b: Asteroid Destroyer|Protect|p2b: Asteroid Destroyer
|-singleturn|p2b: Asteroid Destroyer|Protect
|move|p1a: Mother's Milk|Fake Out|p2a: Ari (Knight Forme)
|-damage|p2a: Ari (Knight Forme)|0 fnt
|faint|p2a: Ari (Knight Forme)
|move|p1b: Rest Easy|Will-O-Wisp|p2b: Asteroid Destroyer
|-activate|p2b: Asteroid Destroyer|move: Protect
|
|-sideend|p1: isrojo|Reflect
|-fieldend|move: Trick Room
|upkeep
|
|t:|1783103781
|switch|p2a: Jack Black|Hawlucha-Mega, L50, M|70/100
|turn|9
|
|t:|1783103789
|move|p2a: Jack Black|Close Combat|p1a: Mother's Milk
|-supereffective|p1a: Mother's Milk|1
|-damage|p1a: Mother's Milk|0 fnt
|-unboost|p2a: Jack Black|def|1
|-unboost|p2a: Jack Black|spd|1
|faint|p1a: Mother's Milk
|move|p2b: Asteroid Destroyer|Fissure|p1b: Rest Easy
|-damage|p1b: Rest Easy|0 fnt
|faint|p1b: Rest Easy
|-ohko
|
|upkeep
|
|t:|1783103800
|switch|p1a: GREAT WARRIOR|Kingambit, L50, M, shiny|100/100
|-activate|p1a: GREAT WARRIOR|ability: Supreme Overlord
|-start|p1a: GREAT WARRIOR|fallen3|[silent]
|turn|10
|
|t:|1783103822
|move|p1a: GREAT WARRIOR|Sucker Punch|p2a: Jack Black
|-resisted|p2a: Jack Black|1
|-damage|p2a: Jack Black|17/100
|move|p2a: Jack Black|Close Combat|p1a: GREAT WARRIOR
|-supereffective|p1a: GREAT WARRIOR|2
|-damage|p1a: GREAT WARRIOR|0 fnt
|-unboost|p2a: Jack Black|def|1
|-unboost|p2a: Jack Black|spd|1
|faint|p1a: GREAT WARRIOR
|-end|p1a: GREAT WARRIOR|fallen3|[silent]
|
|win|WiltedPants
||isrojo is ready for game 2.
|inactive|WiltedPants has 30 seconds to confirm battle start!
