|j|☆SekonxTwo
|j|☆Mclovingods
|html|SekonxTwoMclovingods    
|uhtml|bestof|Game 3 of a best-of-3
|t:|1782674602
|gametype|doubles
|player|p1|SekonxTwo|iris-gen5bw2|1167
|player|p2|Mclovingods|266|1193
|gen|9
|tier|[Gen 9 Champions] VGC 2026 Reg M-B (Bo3)
|rated|
|rule|Species Clause: Limit one of each Pokémon
|rule|Item Clause: Limit 1 of each item
|clearpoke
|poke|p1|Hydreigon, L50, F|
|poke|p1|Sneasler, L50, F|
|poke|p1|Kingambit, L50, M|
|poke|p1|Basculegion, L50, M|
|poke|p1|Aerodactyl, L50, M|
|poke|p1|Froslass, L50, F|
|poke|p2|Delphox, L50, F|
|poke|p2|Basculegion, L50, M|
|poke|p2|Sinistcha, L50|
|poke|p2|Incineroar, L50, M|
|poke|p2|Garchomp, L50, F|
|poke|p2|Staraptor, L50, F|
|teampreview|4
|showteam|p1|Hydreigon||ChoiceScarf|Levitate|DracoMeteor,DarkPulse,Snarl,FireBlast|Modest||F|||50|]Sneasler||WhiteHerb|Unburden|FakeOut,DireClaw,CloseCombat,Protect|Jolly||F|||50|]Kingambit||ChopleBerry|Defiant|IronHead,Protect,SuckerPunch,KowtowCleave|Adamant||M|||50|]Basculegion||FocusSash|Adaptability|AquaJet,Liquidation,LastRespects,Protect|Adamant||M|||50|]Aerodactyl||Aerodactylite|Unnerve|DualWingbeat,RockSlide,Protect,Tailwind|Jolly||M|||50|]Froslass||Froslassite|CursedBody|AuroraVeil,Blizzard,Protect,ShadowBall|Modest||F|||50|
|showteam|p2|Delphox||Delphoxite|Blaze|NastyPlot,HeatWave,Psychic,Protect|Timid||F|||50|]Basculegion||MysticWater|Adaptability|WaveCrash,AquaJet,LastRespects,Protect|Jolly||M|||50|]Sinistcha||CobaBerry|Hospitality|MatchaGotcha,RagePowder,LifeDew,TrickRoom|Calm|||||50|]Incineroar||SitrusBerry|Intimidate|FakeOut,PartingShot,FlareBlitz,DarkestLariat|Careful||M|||50|]Garchomp||LifeOrb|RoughSkin|Earthquake,DragonClaw,RockSlide,Protect|Jolly||F|||50|]Staraptor||Staraptite|Intimidate|CloseCombat,BraveBird,Protect,Roost|Jolly||F|||50|
|inactive|Battle timer is ON: inactive players will automatically lose when time's up. (requested by SekonxTwo)
|inactive|SekonxTwo has 60 seconds left.
|
|t:|1782674651
|teamsize|p1|4
|teamsize|p2|4
|start
|switch|p1a: Hydreigon|Hydreigon, L50, F|100/100
|switch|p1b: Sneasler|Sneasler, L50, F|100/100
|switch|p2a: Staraptor|Staraptor, L50, F|100/100
|switch|p2b: Sinistcha|Sinistcha, L50|100/100
|-ability|p2a: Staraptor|Intimidate|boost
|-unboost|p1a: Hydreigon|atk|1
|-unboost|p1b: Sneasler|atk|1
|-enditem|p1b: Sneasler|White Herb
|-clearnegativeboost|p1b: Sneasler|[silent]
|turn|1
|inactive|SekonxTwo has 30 seconds left.
|
|t:|1782674685
|switch|p2b: Incineroar|Incineroar, L50, M|100/100
|-ability|p2b: Incineroar|Intimidate|boost
|-unboost|p1a: Hydreigon|atk|1
|-unboost|p1b: Sneasler|atk|1
|detailschange|p2a: Staraptor|Staraptor-Mega, L50, F
|-mega|p2a: Staraptor|Staraptor|Staraptite
|move|p2a: Staraptor|Protect|p2a: Staraptor
|-singleturn|p2a: Staraptor|Protect
|move|p1b: Sneasler|Fake Out|p2a: Staraptor
|-activate|p2a: Staraptor|move: Protect
|move|p1a: Hydreigon|Dark Pulse|p2b: Incineroar
|-resisted|p2b: Incineroar|1
|-damage|p2b: Incineroar|82/100
|
|upkeep
|turn|2
|inactive|SekonxTwo has 30 seconds left.
|inactive|SekonxTwo has 20 seconds left.
|
|t:|1782674725
|switch|p1a: Basculegion|Basculegion, L50, M|100/100
|move|p1b: Sneasler|Protect|p1b: Sneasler
|-singleturn|p1b: Sneasler|Protect
|move|p2b: Incineroar|Fake Out|p1a: Basculegion
|-immune|p1a: Basculegion
|move|p2a: Staraptor|Close Combat|p1b: Sneasler
|-activate|p1b: Sneasler|move: Protect
|
|upkeep
|turn|3
|inactive|SekonxTwo has 30 seconds left.
|inactive|SekonxTwo has 20 seconds left.
|inactive|SekonxTwo has 15 seconds left.
|inactive|SekonxTwo has 10 seconds left.
|
|t:|1782674770
|move|p1b: Sneasler|Dire Claw|p2a: Staraptor
|-damage|p2a: Staraptor|73/100
|move|p2a: Staraptor|Close Combat|p1b: Sneasler
|-resisted|p1b: Sneasler|1
|-damage|p1b: Sneasler|54/100
|-boost|p2a: Staraptor|def|1
|-boost|p2a: Staraptor|spd|1
|move|p1a: Basculegion|Liquidation|p2b: Incineroar
|-supereffective|p2b: Incineroar|1
|-damage|p2b: Incineroar|0 fnt
|faint|p2b: Incineroar
|
|upkeep
|
|t:|1782674781
|switch|p2b: Sinistcha|Sinistcha, L50|100/100
|-heal|p2a: Staraptor|98/100|[from] ability: Hospitality|[of] p2b: Sinistcha
|turn|4
|
|t:|1782674793
|switch|p1a: Aerodactyl|Aerodactyl, L50, M|100/100
|-ability|p1a: Aerodactyl|Unnerve
|move|p1b: Sneasler|Dire Claw|p2a: Staraptor
|-damage|p2a: Staraptor|79/100
|move|p2a: Staraptor|Close Combat|p1b: Sneasler
|-resisted|p1b: Sneasler|1
|-damage|p1b: Sneasler|7/100
|-boost|p2a: Staraptor|def|1
|-boost|p2a: Staraptor|spd|1
|move|p2b: Sinistcha|Matcha Gotcha|p1a: Aerodactyl|[spread] p1a,p1b
|-resisted|p1b: Sneasler|1
|-damage|p1a: Aerodactyl|60/100
|-damage|p1b: Sneasler|0 fnt
|faint|p1b: Sneasler
|
|upkeep
|
|t:|1782674814
|switch|p1b: Hydreigon|Hydreigon, L50, F|100/100
|turn|5
|
|t:|1782674834
|detailschange|p1a: Aerodactyl|Aerodactyl-Mega, L50, M
|-mega|p1a: Aerodactyl|Aerodactyl|Aerodactylite
|move|p2b: Sinistcha|Rage Powder|p2b: Sinistcha
|-singleturn|p2b: Sinistcha|move: Rage Powder
|move|p1b: Hydreigon|Draco Meteor|p2b: Sinistcha
|-damage|p2b: Sinistcha|31/100
|-unboost|p1b: Hydreigon|spa|2
|move|p1a: Aerodactyl|Dual Wingbeat|p2b: Sinistcha
|-supereffective|p2b: Sinistcha|1
|-enditem|p2b: Sinistcha|Coba Berry|[eat]
|-enditem|p2b: Sinistcha|Coba Berry|[weaken]
|-damage|p2b: Sinistcha|7/100
|-supereffective|p2b: Sinistcha|1
|-damage|p2b: Sinistcha|0 fnt
|faint|p2b: Sinistcha
|-hitcount|p2: Sinistcha|2
|move|p2a: Staraptor|Close Combat|p1a: Aerodactyl
|-damage|p1a: Aerodactyl|0 fnt
|-boost|p2a: Staraptor|def|1
|-boost|p2a: Staraptor|spd|1
|faint|p1a: Aerodactyl
|
|upkeep
|
|t:|1782674850
|switch|p1a: Basculegion|Basculegion, L50, M|100/100
|switch|p2b: Basculegion|Basculegion, L50, M|100/100
|turn|6
|
|t:|1782674875
|move|p2b: Basculegion|Protect|p2b: Basculegion
|-singleturn|p2b: Basculegion|Protect
|move|p1b: Hydreigon|Draco Meteor|p2a: Staraptor
|-damage|p2a: Staraptor|62/100
|-unboost|p1b: Hydreigon|spa|2
|move|p2a: Staraptor|Close Combat|p1b: Hydreigon
|-supereffective|p1b: Hydreigon|1
|-damage|p1b: Hydreigon|0 fnt
|-boost|p2a: Staraptor|def|1
|-boost|p2a: Staraptor|spd|1
|faint|p1b: Hydreigon
|move|p1a: Basculegion|Last Respects|p2b: Basculegion
|-activate|p2b: Basculegion|move: Protect
|
|upkeep
|turn|7
|-message|SekonxTwo forfeited.
|
|win|Mclovingods
|raw|SekonxTwo's rating: 1167 → 1144(-23 for losing)
|raw|Mclovingods's rating: 1193 → 1216(+23 for winning)
|l|☆SekonxTwo
|player|p1|
|c|☆Mclovingods|gg
