|j|☆Extroier
|j|☆DkayMM
|html|ExtroierDkayMM    
|uhtml|bestof|Game 3 of a best-of-3
|t:|1757023621
|gametype|doubles
|player|p1|Extroier|265|1050
|player|p2|DkayMM|ghetsis|1071
|gen|9
|tier|[Gen 9] VGC 2025 Reg H (Bo3)
|rated|
|rule|Species Clause: Limit one of each Pokémon
|rule|Item Clause: Limit 1 of each item
|clearpoke
|poke|p1|Tinkaton, L50, F|
|poke|p1|Sneasler, L50, M|
|poke|p1|Clefairy, L50, M|
|poke|p1|Grimmsnarl, L50, M|
|poke|p1|Volcarona, L50, M|
|poke|p1|Rillaboom, L50, M|
|poke|p2|Charizard, L50, M|
|poke|p2|Torkoal, L50, M|
|poke|p2|Porygon2, L50|
|poke|p2|Incineroar, L50, M|
|poke|p2|Jumpluff, L50, M|
|poke|p2|Ursaluna, L50, M|
|teampreview|4
|showteam|p1|Tinkaton||Leftovers|OwnTempo|SwordsDance,GigatonHammer,Protect,FakeOut|||F|||50|,,,,,Dragon]Sneasler||FocusSash|PoisonTouch|CloseCombat,DireClaw,Protect,FakeOut|||M|||50|,,,,,Ghost]Clefairy||Eviolite|FriendGuard|Encore,Protect,FollowMe,LifeDew|||M|||50|,,,,,Grass]Grimmsnarl||CovertCloak|Prankster|Protect,Crunch,Taunt,LightScreen|||M|||50|,,,,,Steel]Volcarona||LifeOrb|FlameBody|FieryDance,BugBuzz,QuiverDance,Protect|||M|||50|,,,,,Bug]Rillaboom||AssaultVest|GrassySurge|GrassyGlide,Uturn,FakeOut,WoodHammer|||M|||50|,,,,,Fire
|showteam|p2|Charizard||ChoiceSpecs|SolarPower|HeatWave,Overheat,WeatherBall,AirSlash|||M|||50|,,,,,Ghost]Torkoal||EjectPack|Drought|Eruption,Overheat,HelpingHand,Protect|||M|||50|,,,,,Fire]Porygon2||Eviolite|Download|TeraBlast,IceBeam,Recover,TrickRoom||||||50|,,,,,Fighting]Incineroar||SitrusBerry|Intimidate|FlareBlitz,KnockOff,FakeOut,PartingShot|||M|||50|,,,,,Ghost]Jumpluff||CovertCloak|Chlorophyll|SleepPowder,SunnyDay,RagePowder,Tailwind|||M|||50|,,,,,Water]Ursaluna||FlameOrb|Guts|HeadlongRush,Facade,Earthquake,Protect|||M|||50|,,,,,Ghost
|inactive|Battle timer is ON: inactive players will automatically lose when time's up. (requested by DkayMM)
|
|t:|1757023648
|teamsize|p1|4
|teamsize|p2|4
|start
|switch|p1a: Sneasler|Sneasler, L50, M|100/100
|switch|p1b: Grimmsnarl|Grimmsnarl, L50, M|100/100
|switch|p2a: Incineroar|Incineroar, L50, M|100/100
|switch|p2b: Porygon2|Porygon2, L50|100/100
|-ability|p2a: Incineroar|Intimidate|boost
|-unboost|p1a: Sneasler|atk|1
|-unboost|p1b: Grimmsnarl|atk|1
|-ability|p2b: Porygon2|Download|boost
|-boost|p2b: Porygon2|atk|1
|turn|1
|
|t:|1757023659
|-terastallize|p2b: Porygon2|Fighting
|move|p1a: Sneasler|Fake Out|p2a: Incineroar
|-damage|p2a: Incineroar|90/100
|cant|p2a: Incineroar|flinch
|move|p1b: Grimmsnarl|Taunt|p2b: Porygon2
|-start|p2b: Porygon2|move: Taunt
|cant|p2b: Porygon2|move: Taunt|Trick Room
|
|upkeep
|turn|2
|inactive|DkayMM has 30 seconds left.
|inactive|DkayMM has 20 seconds left.
|inactive|DkayMM has 15 seconds left.
|inactive|DkayMM has 10 seconds left.
|inactive|DkayMM has 5 seconds left.
|
|t:|1757023712
|switch|p2a: Torkoal|Torkoal, L50, M|100/100
|-weather|SunnyDay|[from] ability: Drought|[of] p2a: Torkoal
|move|p1b: Grimmsnarl|Light Screen|p1b: Grimmsnarl
|-sidestart|p1: Extroier|move: Light Screen
|move|p1a: Sneasler|Close Combat|p2a: Torkoal
|-damage|p2a: Torkoal|65/100
|-unboost|p1a: Sneasler|def|1
|-unboost|p1a: Sneasler|spd|1
|move|p2b: Porygon2|Ice Beam|p1a: Sneasler
|-damage|p1a: Sneasler|61/100
|
|-weather|SunnyDay|[upkeep]
|upkeep
|turn|3
|inactive|Extroier has 30 seconds left.
|inactive|DkayMM has 30 seconds left.
|inactive|Extroier has 20 seconds left.
|
|t:|1757023749
|move|p2a: Torkoal|Helping Hand|p2b: Porygon2
|-singleturn|p2b: Porygon2|Helping Hand|[of] p2a: Torkoal
|move|p1a: Sneasler|Dire Claw|p2a: Torkoal
|-damage|p2a: Torkoal|39/100
|-status|p2a: Torkoal|psn|[from] ability: Poison Touch|[of] p1a: Sneasler
|move|p2b: Porygon2|Ice Beam|p1a: Sneasler
|-damage|p1a: Sneasler|4/100
|move|p1b: Grimmsnarl|Crunch|p2a: Torkoal
|-damage|p2a: Torkoal|24/100 psn
|
|-weather|SunnyDay|[upkeep]
|-damage|p2a: Torkoal|11/100 psn|[from] psn
|-end|p2b: Porygon2|move: Taunt
|upkeep
|turn|4
|inactive|Extroier has 30 seconds left.
|inactive|DkayMM has 30 seconds left.
|inactive|Extroier has 20 seconds left.
|inactive|DkayMM has 20 seconds left.
|inactive|Extroier has 15 seconds left.
|inactive|DkayMM has 15 seconds left.
|inactive|Extroier has 10 seconds left.
|inactive|DkayMM has 10 seconds left.
|inactive|DkayMM has 5 seconds left.
|
|t:|1757023800
|switch|p2a: Incineroar|Incineroar, L50, M|90/100
|-ability|p2a: Incineroar|Intimidate|boost
|-unboost|p1a: Sneasler|atk|1
|-unboost|p1b: Grimmsnarl|atk|1
|move|p1a: Sneasler|Dire Claw|p2b: Porygon2
|-damage|p2b: Porygon2|84/100
|-status|p2b: Porygon2|par
|move|p1b: Grimmsnarl|Crunch|p2b: Porygon2
|-resisted|p2b: Porygon2
|-damage|p2b: Porygon2|79/100 par
|move|p2b: Porygon2|Ice Beam|p1a: Sneasler
|-damage|p1a: Sneasler|0 fnt
|faint|p1a: Sneasler
|
|-weather|SunnyDay|[upkeep]
|upkeep
|
|t:|1757023819
|switch|p1a: Tinkaton|Tinkaton, L50, F|100/100
|turn|5
|
|t:|1757023837
|switch|p2b: Ursaluna|Ursaluna, L50, M|100/100
|move|p1a: Tinkaton|Fake Out|p2a: Incineroar
|-damage|p2a: Incineroar|79/100
|cant|p2a: Incineroar|flinch
|move|p1b: Grimmsnarl|Taunt|p2b: Ursaluna
|-start|p2b: Ursaluna|move: Taunt
|
|-weather|SunnyDay|[upkeep]
|-status|p2b: Ursaluna|brn|[from] item: Flame Orb
|upkeep
|turn|6
|inactive|Extroier has 30 seconds left.
|inactive|DkayMM has 30 seconds left.
|inactive|DkayMM has 20 seconds left.
|
|t:|1757023873
|switch|p2b: Torkoal|Torkoal, L50, M|11/100 psn
|move|p1b: Grimmsnarl|Protect|p1b: Grimmsnarl
|-singleturn|p1b: Grimmsnarl|Protect
|move|p1a: Tinkaton|Protect|p1a: Tinkaton
|-singleturn|p1a: Tinkaton|Protect
|move|p2a: Incineroar|Parting Shot|p1a: Tinkaton
|-activate|p1a: Tinkaton|move: Protect
|
|-weather|none
|-damage|p2b: Torkoal|0 fnt|[from] psn
|faint|p2b: Torkoal
|-sideend|p1: Extroier|move: Light Screen
|upkeep
|
|t:|1757023884
|switch|p2b: Ursaluna|Ursaluna, L50, M|100/100 brn
|turn|7
|inactive|Extroier has 30 seconds left.
|inactive|Extroier has 20 seconds left.
|inactive|Extroier has 15 seconds left.
|inactive|Extroier has 10 seconds left.
|inactive|Extroier has 5 seconds left.
|
|t:|1757023937
|-terastallize|p1a: Tinkaton|Dragon
|move|p1a: Tinkaton|Gigaton Hammer|p2b: Ursaluna
|-crit|p2b: Ursaluna
|-damage|p2b: Ursaluna|32/100 brn
|move|p2a: Incineroar|Knock Off|p1a: Tinkaton
|-damage|p1a: Tinkaton|48/100
|-enditem|p1a: Tinkaton|Leftovers|[from] move: Knock Off|[of] p2a: Incineroar
|move|p2b: Ursaluna|Headlong Rush|p1a: Tinkaton
|-damage|p1a: Tinkaton|0 fnt
|-unboost|p2b: Ursaluna|def|1
|-unboost|p2b: Ursaluna|spd|1
|faint|p1a: Tinkaton
|move|p1b: Grimmsnarl|Crunch|p2b: Ursaluna
|-damage|p2b: Ursaluna|11/100 brn
|
|-damage|p2b: Ursaluna|5/100 brn|[from] brn
|upkeep
|
|t:|1757023956
|switch|p1a: Volcarona|Volcarona, L50, M|100/100
|turn|8
|
|t:|1757023979
|switch|p2b: Porygon2|Porygon2, L50, tera:Fighting|79/100 par
|-ability|p2b: Porygon2|Download|boost
|-boost|p2b: Porygon2|atk|1
|move|p1b: Grimmsnarl|Protect|p1b: Grimmsnarl
|-singleturn|p1b: Grimmsnarl|Protect
|move|p1a: Volcarona|Protect|p1a: Volcarona
|-singleturn|p1a: Volcarona|Protect
|move|p2a: Incineroar|Knock Off|p1a: Volcarona
|-activate|p1a: Volcarona|move: Protect
|
|upkeep
|turn|9
|
|t:|1757024002
|move|p1b: Grimmsnarl|Taunt|p2b: Porygon2
|-start|p2b: Porygon2|move: Taunt
|move|p1a: Volcarona|Quiver Dance|p1a: Volcarona
|-boost|p1a: Volcarona|spa|1
|-boost|p1a: Volcarona|spd|1
|-boost|p1a: Volcarona|spe|1
|move|p2a: Incineroar|Knock Off|p1a: Volcarona
|-damage|p1a: Volcarona|45/100
|-enditem|p1a: Volcarona|Life Orb|[from] move: Knock Off|[of] p2a: Incineroar
|cant|p2b: Porygon2|move: Taunt|Trick Room
|
|upkeep
|turn|10
|inactive|Extroier has 30 seconds left.
|inactive|DkayMM has 30 seconds left.
|inactive|DkayMM has 20 seconds left.
|
|t:|1757024037
|move|p1a: Volcarona|Fiery Dance|p2a: Incineroar
|-resisted|p2a: Incineroar
|-damage|p2a: Incineroar|45/100
|-boost|p1a: Volcarona|spa|1
|-enditem|p2a: Incineroar|Sitrus Berry|[eat]
|-heal|p2a: Incineroar|70/100|[from] item: Sitrus Berry
|move|p2a: Incineroar|Flare Blitz|p1a: Volcarona
|-damage|p1a: Volcarona|0 fnt
|faint|p1a: Volcarona
|-damage|p2a: Incineroar|56/100|[from] Recoil
|move|p1b: Grimmsnarl|Crunch|p2a: Incineroar
|-resisted|p2a: Incineroar
|-damage|p2a: Incineroar|49/100
|move|p2b: Porygon2|Ice Beam|p1b: Grimmsnarl
|-damage|p1b: Grimmsnarl|78/100
|
|upkeep
|turn|11
|
|t:|1757024054
|move|p2a: Incineroar|Flare Blitz|p1b: Grimmsnarl
|-damage|p1b: Grimmsnarl|16/100
|-damage|p2a: Incineroar|28/100|[from] Recoil
|move|p1b: Grimmsnarl|Crunch|p2a: Incineroar
|-resisted|p2a: Incineroar
|-damage|p2a: Incineroar|20/100
|move|p2b: Porygon2|Tera Blast|p1b: Grimmsnarl|[anim] Tera Blast Fighting
|-damage|p1b: Grimmsnarl|0 fnt
|faint|p1b: Grimmsnarl
|
|win|DkayMM
|raw|Extroier's rating: 1050 → 1034(-16 for losing)
|raw|DkayMM's rating: 1071 → 1099(+28 for winning)
|c|☆Extroier|Gg
