|j|☆fdaza
|j|☆crudo de fava
|html|fdazacrudo de fava    
|uhtml|bestof|Game 1 of a best-of-3
|t:|1757703232
|gametype|doubles
|player|p1|fdaza|steven|1313
|player|p2|crudo de fava|ingo|1445
|gen|9
|tier|[Gen 9] VGC 2025 Reg H (Bo3)
|rated|
|rule|Species Clause: Limit one of each Pokémon
|rule|Item Clause: Limit 1 of each item
|clearpoke
|poke|p1|Gholdengo, L50|
|poke|p1|Sneasler, L50, F|
|poke|p1|Incineroar, L50, F|
|poke|p1|Weezing, L50, M|
|poke|p1|Amoonguss, L50, F|
|poke|p1|Slaking, L50, M|
|poke|p2|Dragonite, L50, M|
|poke|p2|Gholdengo, L50|
|poke|p2|Archaludon, L50, F|
|poke|p2|Pelipper, L50, M|
|poke|p2|Ursaluna, L50, M|
|poke|p2|Sinistcha, L50|
|teampreview|4
|showteam|p1|Gholdengo||ChoiceSpecs|GoodasGold|MakeItRain,ShadowBall,Thunderbolt,PowerGem||||||50|,,,,,Water]Sneasler||FocusSash|PoisonTouch|ThroatChop,DireClaw,CloseCombat,Protect|||F|||50|,,,,,Stellar]Incineroar||AbilityShield|Intimidate|FakeOut,FlareBlitz,KnockOff,PartingShot|||F|||50|,,,,,Ghost]Weezing||Leftovers|NeutralizingGas|Haze,SludgeBomb,Protect,WillOWisp|||M|||50|,,,,,Flying]Amoonguss||RockyHelmet|Regenerator|Protect,RagePowder,PollenPuff,Spore|||F|||50|,,,,,Water]Slaking||ChoiceBand|Truant|DoubleEdge,HighHorsepower,SuckerPunch,PlayRough|||M|||50|,,,,,Ghost
|showteam|p2|Dragonite||LoadedDice|Multiscale|ScaleShot,Tailwind,Haze,Protect|||M|||50|,,,,,Fairy]Gholdengo||ChoiceScarf|GoodasGold|MakeItRain,ShadowBall,Trick,PowerGem||||||50|,,,,,Flying]Archaludon||AssaultVest|Stamina|ElectroShot,DragonPulse,BodyPress,Snarl|||F|||50|,,,,,Bug]Pelipper||SafetyGoggles|Drizzle|MuddyWater,Hurricane,Tailwind,Protect|||M|||50|,,,,,Ground]Ursaluna||FlameOrb|Guts|Earthquake,Facade,HeadlongRush,Protect|||M|||50|,,,,,Ghost]Sinistcha||SitrusBerry|Hospitality|MatchaGotcha,RagePowder,TrickRoom,LifeDew||||||50|,,,,,Dark
|
|t:|1757703308
|teamsize|p1|4
|teamsize|p2|4
|start
|switch|p1a: Weezing|Weezing, L50, M, shiny|100/100
|switch|p1b: Slaking|Slaking, L50, M, shiny|100/100
|switch|p2a: Gholdengo|Gholdengo, L50|100/100
|switch|p2b: Dragonite|Dragonite, L50, M|100/100
|-ability|p1a: Weezing|Neutralizing Gas
|turn|1
|
|t:|1757703332
|move|p1a: Weezing|Protect|p1a: Weezing
|-singleturn|p1a: Weezing|Protect
|move|p1b: Slaking|Sucker Punch|p2a: Gholdengo
|-supereffective|p2a: Gholdengo
|-damage|p2a: Gholdengo|0 fnt
|faint|p2a: Gholdengo
|move|p2b: Dragonite|Scale Shot|p1b: Slaking
|-damage|p1b: Slaking|91/100
|-damage|p1b: Slaking|80/100
|-damage|p1b: Slaking|71/100
|-damage|p1b: Slaking|62/100
|-damage|p1b: Slaking|51/100
|-hitcount|p1b: Slaking|5
|-unboost|p2b: Dragonite|def|1
|-boost|p2b: Dragonite|spe|1
|
|upkeep
|
|t:|1757703379
|switch|p2a: Pelipper|Pelipper, L50, M|100/100
|turn|2
|
|t:|1757703388
|switch|p1b: Incineroar|Incineroar, L50, F, shiny|100/100
|-ability|p1b: Incineroar|Intimidate|boost
|-unboost|p2a: Pelipper|atk|1
|-unboost|p2b: Dragonite|atk|1
|move|p2b: Dragonite|Scale Shot|p1b: Incineroar
|-crit|p1b: Incineroar
|-damage|p1b: Incineroar|84/100
|-damage|p1b: Incineroar|76/100
|-damage|p1b: Incineroar|68/100
|-damage|p1b: Incineroar|61/100
|-hitcount|p1b: Incineroar|4
|-unboost|p2b: Dragonite|def|1
|-boost|p2b: Dragonite|spe|1
|move|p2a: Pelipper|Muddy Water|p1b: Incineroar|[spread] p1a,p1b
|-supereffective|p1b: Incineroar
|-damage|p1a: Weezing|62/100
|-damage|p1b: Incineroar|21/100
|move|p1a: Weezing|Will-O-Wisp|p2b: Dragonite
|-status|p2b: Dragonite|brn
|
|-heal|p1a: Weezing|69/100|[from] item: Leftovers
|-damage|p2b: Dragonite|94/100 brn|[from] brn
|upkeep
|turn|3
|
|t:|1757703413
|move|p1b: Incineroar|Fake Out|p2a: Pelipper
|-damage|p2a: Pelipper|87/100
|move|p2b: Dragonite|Tailwind|p2b: Dragonite
|-sidestart|p2: crudo de fava|move: Tailwind
|cant|p2a: Pelipper|flinch
|move|p1a: Weezing|Sludge Bomb|p2a: Pelipper
|-damage|p2a: Pelipper|44/100
|
|-heal|p1a: Weezing|75/100|[from] item: Leftovers
|-damage|p2b: Dragonite|88/100 brn|[from] brn
|upkeep
|turn|4
|
|t:|1757703425
|switch|p1b: Slaking|Slaking, L50, M, shiny|51/100
|move|p1a: Weezing|Protect|p1a: Weezing
|-singleturn|p1a: Weezing|Protect
|move|p2b: Dragonite|Scale Shot|p1a: Weezing
|-activate|p1a: Weezing|move: Protect
|move|p2a: Pelipper|Muddy Water|p1a: Weezing|[spread] 
|-activate|p1a: Weezing|move: Protect
|-miss|p2a: Pelipper|p1b: Slaking
|
|-heal|p1a: Weezing|81/100|[from] item: Leftovers
|-damage|p2b: Dragonite|82/100 brn|[from] brn
|upkeep
|turn|5
|
|t:|1757703454
|switch|p2a: Archaludon|Archaludon, L50, F|100/100
|move|p1b: Slaking|Sucker Punch|p2b: Dragonite
|-damage|p2b: Dragonite|4/100 brn
|move|p2b: Dragonite|Scale Shot|p1b: Slaking
|-damage|p1b: Slaking|48/100
|-damage|p1b: Slaking|44/100
|-damage|p1b: Slaking|41/100
|-damage|p1b: Slaking|37/100
|-hitcount|p1b: Slaking|4
|-unboost|p2b: Dragonite|def|1
|-boost|p2b: Dragonite|spe|1
|move|p1a: Weezing|Sludge Bomb|p2a: Archaludon
|-immune|p2a: Archaludon
|
|-heal|p1a: Weezing|87/100|[from] item: Leftovers
|-damage|p2b: Dragonite|0 fnt|[from] brn
|faint|p2b: Dragonite
|upkeep
|
|t:|1757703462
|switch|p2b: Pelipper|Pelipper, L50, M|44/100
|turn|6
|
|t:|1757703478
|move|p1b: Slaking|Sucker Punch|p2b: Pelipper
|-damage|p2b: Pelipper|0 fnt
|faint|p2b: Pelipper
|move|p2a: Archaludon|Dragon Pulse|p1b: Slaking
|-damage|p1b: Slaking|6/100
|move|p1a: Weezing|Will-O-Wisp|p2a: Archaludon
|-status|p2a: Archaludon|brn
|
|-heal|p1a: Weezing|94/100|[from] item: Leftovers
|-damage|p2a: Archaludon|94/100 brn|[from] brn
|-sideend|p2: crudo de fava|move: Tailwind
|upkeep
|turn|7
|-message|crudo de fava forfeited.
|
|win|fdaza
||crudo de fava is ready for game 2.
|l|☆fdaza
|player|p1|
||crudo de fava is ready for game 2.
||fdaza is ready for game 2.
|uhtml|next|Next: Game 2 of 3
