|j|☆princeofunderworld
|j|☆Lorido
|html|princeofunderworldLorido    
|uhtml|bestof|Game 2 of a best-of-3
|t:|1784911786
|gametype|doubles
|player|p1|princeofunderworld|1|1206
|player|p2|Lorido|169|1198
|gen|9
|tier|[Gen 9 Champions] VGC 2026 Reg M-B (Bo3)
|rated|
|rule|Species Clause: Limit one of each Pokémon
|rule|Item Clause: Limit 1 of each item
|clearpoke
|poke|p1|Delphox, L50, F|
|poke|p1|Farigiraf, L50, M|
|poke|p1|Basculegion, L50, M|
|poke|p1|Incineroar, L50, F|
|poke|p1|Sylveon, L50, M|
|poke|p1|Garchomp, L50, F|
|poke|p2|Aerodactyl, L50, F|
|poke|p2|Kingambit, L50, M|
|poke|p2|Sylveon, L50, M|
|poke|p2|Charizard, L50, F|
|poke|p2|Garchomp, L50, F|
|poke|p2|Farigiraf, L50, M|
|teampreview|4
|showteam|p1|Delphox||Delphoxite|Blaze|NastyPlot,HeatWave,Protect,Psyshock|Timid||F|||50|]Farigiraf||ColburBerry|ArmorTail|TwinBeam,LowKick,Protect,TrickRoom|Sassy||M|||50|]Basculegion||FocusSash|Adaptability|Liquidation,LastRespects,AquaJet,Protect|Adamant||M|||50|]Incineroar||SitrusBerry|Intimidate|PartingShot,FlareBlitz,Taunt,FakeOut|Adamant||F|||50|]Sylveon||FairyFeather|Pixilate|HyperBeam,HyperVoice,Protect,Yawn|Modest||M|||50|]Garchomp||LifeOrb|RoughSkin|DragonClaw,RockSlide,Protect,Earthquake|Jolly||F|||50|
|showteam|p2|Aerodactyl||Aerodactylite|Unnerve|RockSlide,DualWingbeat,IceFang,Tailwind|Jolly||F|||50|]Kingambit||BlackGlasses|Defiant|KowtowCleave,IronHead,SuckerPunch,LowKick|Jolly||M|||50|]Sylveon||FairyFeather|Pixilate|HyperVoice,QuickAttack,HyperBeam,Detect|Modest||M|||50|]Charizard||CharizarditeY|Blaze|HeatWave,WeatherBall,SolarBeam,Protect|Modest||F|||50|]Garchomp||LifeOrb|RoughSkin|DragonClaw,Earthquake,RockSlide,Protect|Jolly||F|||50|]Farigiraf||SitrusBerry|ArmorTail|TwinBeam,Thunderbolt,TrickRoom,HelpingHand|Relaxed||M|||50|
|inactive|Battle timer is ON: inactive players will automatically lose when time's up. (requested by Lorido)
|inactive|princeofunderworld also wants the timer to be on.
|inactive|princeofunderworld has 60 seconds left.
|
|t:|1784911829
|teamsize|p1|4
|teamsize|p2|4
|start
|switch|p1a: Delphox|Delphox, L50, F|100/100
|switch|p1b: Farigiraf|Farigiraf, L50, M|100/100
|switch|p2a: Kingambit|Kingambit, L50, M|100/100
|switch|p2b: Garchomp|Garchomp, L50, F|100/100
|turn|1
|
|t:|1784911842
|detailschange|p1a: Delphox|Delphox-Mega, L50, F
|-mega|p1a: Delphox|Delphox|Delphoxite
|move|p1a: Delphox|Heat Wave|p2a: Kingambit|[spread] p2a,p2b
|-supereffective|p2a: Kingambit|1
|-resisted|p2b: Garchomp|1
|-damage|p2a: Kingambit|0 fnt
|-damage|p2b: Garchomp|78/100
|faint|p2a: Kingambit
|move|p2b: Garchomp|Rock Slide|p1a: Delphox|[spread] p1a,p1b
|-supereffective|p1a: Delphox|1
|-damage|p1a: Delphox|15/100
|-damage|p1b: Farigiraf|79/100
|-damage|p2b: Garchomp|68/100|[from] item: Life Orb
|move|p1b: Farigiraf|Twin Beam|p2b: Garchomp
|-damage|p2b: Garchomp|51/100
|-damage|p2b: Garchomp|35/100
|-hitcount|p2b: Garchomp|2
|
|upkeep
|
|t:|1784911847
|switch|p2a: Aerodactyl|Aerodactyl, L50, F|100/100
|-ability|p2a: Aerodactyl|Unnerve
|turn|2
|
|t:|1784911856
|move|p1a: Delphox|Psyshock|p2a: Aerodactyl
|-damage|p2a: Aerodactyl|22/100
|move|p2a: Aerodactyl|Rock Slide|p1b: Farigiraf|[spread] p1a,p1b
|-supereffective|p1a: Delphox|1
|-damage|p1a: Delphox|0 fnt
|-damage|p1b: Farigiraf|58/100
|faint|p1a: Delphox
|move|p2b: Garchomp|Earthquake|p1b: Farigiraf|[spread] p1b
|-immune|p2a: Aerodactyl
|-crit|p1b: Farigiraf
|-damage|p1b: Farigiraf|0 fnt
|faint|p1b: Farigiraf
|-damage|p2b: Garchomp|25/100|[from] item: Life Orb
|
|upkeep
|
|t:|1784911868
|switch|p1a: Basculegion|Basculegion, L50, M|100/100
|switch|p1b: Incineroar|Incineroar, L50, F|100/100
|-ability|p1b: Incineroar|Intimidate|boost
|-unboost|p2a: Aerodactyl|atk|1
|-unboost|p2b: Garchomp|atk|1
|turn|3
|
|t:|1784911885
|switch|p2b: Farigiraf|Farigiraf, L50, M|100/100
|move|p1b: Incineroar|Fake Out||[still]
|cant|p2b: Farigiraf|ability: Armor Tail|Fake Out|[of] p1b: Incineroar
|move|p1a: Basculegion|Aqua Jet||[still]
|cant|p2b: Farigiraf|ability: Armor Tail|Aqua Jet|[of] p1a: Basculegion
|move|p2a: Aerodactyl|Tailwind|p2a: Aerodactyl
|-sidestart|p2: Lorido|move: Tailwind
|
|upkeep
|turn|4
|
|t:|1784911900
|move|p2a: Aerodactyl|Rock Slide|p1a: Basculegion|[spread] p1a,p1b
|-supereffective|p1b: Incineroar|1
|-damage|p1a: Basculegion|79/100
|-damage|p1b: Incineroar|69/100
|move|p2b: Farigiraf|Thunderbolt|p1a: Basculegion
|-supereffective|p1a: Basculegion|1
|-damage|p1a: Basculegion|25/100
|-status|p1a: Basculegion|par
|cant|p1b: Incineroar|flinch
|cant|p1a: Basculegion|par
|
|upkeep
|turn|5
|
|t:|1784911915
|move|p2a: Aerodactyl|Rock Slide|p1b: Incineroar|[spread] p1b
|-miss|p2a: Aerodactyl|p1a: Basculegion
|-supereffective|p1b: Incineroar|1
|-damage|p1b: Incineroar|39/100
|move|p2b: Farigiraf|Thunderbolt|p1a: Basculegion
|-supereffective|p1a: Basculegion|1
|-damage|p1a: Basculegion|0 fnt
|faint|p1a: Basculegion
|move|p1b: Incineroar|Flare Blitz|p2b: Farigiraf
|-damage|p2b: Farigiraf|51/100
|-damage|p1b: Incineroar|20/100y|[from] Recoil
|
|upkeep
|turn|6
|
|t:|1784911920
|move|p2a: Aerodactyl|Rock Slide|p1b: Incineroar
|-supereffective|p1b: Incineroar|1
|-damage|p1b: Incineroar|0 fnt
|faint|p1b: Incineroar
|
|win|Lorido
