|j|☆FrancoilCieco777
|j|☆impno
|html|FrancoilCieco777impno    
|uhtml|bestof|Game 3 of a best-of-3
|t:|1756996843
|gametype|doubles
|player|p1|FrancoilCieco777|baker|1060
|player|p2|impno|ethan|1033
|gen|9
|tier|[Gen 9] VGC 2025 Reg H (Bo3)
|rated|
|rule|Species Clause: Limit one of each Pokémon
|rule|Item Clause: Limit 1 of each item
|clearpoke
|poke|p1|Volcarona, L50, M|
|poke|p1|Electabuzz, L50, F|
|poke|p1|Sneasler, L50, M|
|poke|p1|Kingambit, L50, F|
|poke|p1|Dragonite, L50, M|
|poke|p1|Rillaboom, L50, M|
|poke|p2|Indeedee, L50, M|
|poke|p2|Excadrill, L50, F|
|poke|p2|Tyranitar, L50, F|
|poke|p2|Sneasler, L50, F|
|poke|p2|Whimsicott, L50, M|
|poke|p2|Gholdengo, L50|
|teampreview|4
|showteam|p1|Volcarona||CovertCloak|FlameBody|HeatWave,TeraBlast,QuiverDance,Protect|||M|||50|,,,,,Fairy]Electabuzz||Eviolite|VitalSpirit|Thunderbolt,FollowMe,Taunt,Protect|||F|||50|,,,,,Ghost]Sneasler||FocusSash|Unburden|FakeOut,CloseCombat,DireClaw,Coaching|||M|||50|,,,,,Stellar]Kingambit||BlackGlasses|Defiant|KowtowCleave,SuckerPunch,SwordsDance,Protect|||F|||50|,,,,,Dark]Dragonite||LoadedDice|Multiscale|ScaleShot,ExtremeSpeed,Haze,Protect|||M|||50|,,,,,Normal]Rillaboom||AssaultVest|GrassySurge|WoodHammer,GrassyGlide,HighHorsepower,FakeOut|||M|||50|,,,,,Fire
|showteam|p2|Indeedee||ChoiceScarf|PsychicSurge|ExpandingForce,DazzlingGleam,Trick,Protect|||M|||50|,,,,,Psychic]Excadrill||LifeOrb|SandRush|HighHorsepower,IronHead,SwordsDance,Protect|||F|||50|,,,,,Ground]Tyranitar||AssaultVest|SandStream|HighHorsepower,KnockOff,StoneEdge,RockSlide|||F|||50|,,,,,Flying]Sneasler||PsychicSeed|Unburden|DireClaw,CloseCombat,Acrobatics,Protect|||F|||50|,,,,,Stellar]Whimsicott||FocusSash|Prankster|Tailwind,Encore,Moonblast,Protect|||M|||50|,,,,,Ghost]Gholdengo||ChoiceSpecs|GoodasGold|MakeItRain,ShadowBall,Trick,Protect||||||50|,,,,,Steel
|inactive|Battle timer is ON: inactive players will automatically lose when time's up. (requested by FrancoilCieco777)
|
|t:|1756996858
|teamsize|p1|4
|teamsize|p2|4
|start
|switch|p1a: Dragonite|Dragonite, L50, M, shiny|100/100
|switch|p1b: Kingambit|Kingambit, L50, F, shiny|100/100
|switch|p2a: Tyranitar|Tyranitar, L50, F, shiny|100/100
|switch|p2b: Excadrill|Excadrill, L50, F, shiny|100/100
|-weather|Sandstorm|[from] ability: Sand Stream|[of] p2a: Tyranitar
|turn|1
|
|t:|1756996875
|-terastallize|p1b: Kingambit|Dark
|move|p1a: Dragonite|Protect|p1a: Dragonite
|-singleturn|p1a: Dragonite|Protect
|move|p2b: Excadrill|Iron Head|p1b: Kingambit
|-damage|p1b: Kingambit|52/100
|-damage|p2b: Excadrill|91/100|[from] item: Life Orb
|move|p2a: Tyranitar|Stone Edge|p1a: Dragonite
|-activate|p1a: Dragonite|move: Protect
|move|p1b: Kingambit|Kowtow Cleave|p2b: Excadrill
|-damage|p2b: Excadrill|0 fnt
|faint|p2b: Excadrill
|
|-weather|Sandstorm|[upkeep]
|-damage|p1a: Dragonite|95/100|[from] Sandstorm
|-damage|p1b: Kingambit|46/100|[from] Sandstorm
|upkeep
|
|t:|1756996893
|switch|p2b: Gholdengo|Gholdengo, L50, shiny|100/100
|turn|2
|
|t:|1756996914
|switch|p1b: Rillaboom|Rillaboom, L50, M|100/100
|-fieldstart|move: Grassy Terrain|[from] ability: Grassy Surge|[of] p1b: Rillaboom
|move|p2b: Gholdengo|Shadow Ball|p1a: Dragonite
|-damage|p1a: Dragonite|23/100
|move|p1a: Dragonite|Scale Shot|p2a: Tyranitar
|-damage|p2a: Tyranitar|88/100
|-damage|p2a: Tyranitar|76/100
|-damage|p2a: Tyranitar|63/100
|-damage|p2a: Tyranitar|50/100
|-hitcount|p2a: Tyranitar|4
|-unboost|p1a: Dragonite|def|1
|-boost|p1a: Dragonite|spe|1
|move|p2a: Tyranitar|Stone Edge|p1b: Rillaboom
|-damage|p1b: Rillaboom|43/100
|
|-weather|Sandstorm|[upkeep]
|-damage|p1a: Dragonite|17/100|[from] Sandstorm
|-damage|p1b: Rillaboom|37/100|[from] Sandstorm
|-heal|p1b: Rillaboom|43/100|[from] Grassy Terrain
|-heal|p2a: Tyranitar|56/100|[from] Grassy Terrain
|upkeep
|turn|3
|
|t:|1756996936
|switch|p1b: Sneasler|Sneasler, L50, M|100/100
|switch|p2a: Indeedee|Indeedee, L50, M, shiny|100/100
|-fieldstart|move: Psychic Terrain|[from] ability: Psychic Surge|[of] p2a: Indeedee
|move|p1a: Dragonite|Scale Shot|p2a: Indeedee
|-damage|p2a: Indeedee|75/100
|-damage|p2a: Indeedee|50/100
|-damage|p2a: Indeedee|24/100
|-damage|p2a: Indeedee|0 fnt
|faint|p2a: Indeedee
|-hitcount|p2: Indeedee|4
|-unboost|p1a: Dragonite|def|1
|-boost|p1a: Dragonite|spe|1
|move|p2b: Gholdengo|Shadow Ball|p1a: Dragonite
|-damage|p1a: Dragonite|0 fnt
|faint|p1a: Dragonite
|
|-weather|Sandstorm|[upkeep]
|-damage|p1b: Sneasler|95/100|[from] Sandstorm
|upkeep
|
|t:|1756996954
|switch|p1a: Rillaboom|Rillaboom, L50, M|43/100
|switch|p2a: Tyranitar|Tyranitar, L50, F, shiny|56/100
|-fieldstart|move: Grassy Terrain|[from] ability: Grassy Surge|[of] p1a: Rillaboom
|turn|4
|
|t:|1756996967
|move|p1a: Rillaboom|Fake Out|p2a: Tyranitar
|-resisted|p2a: Tyranitar
|-damage|p2a: Tyranitar|51/100
|move|p1b: Sneasler|Dire Claw|p2a: Tyranitar
|-resisted|p2a: Tyranitar
|-damage|p2a: Tyranitar|35/100
|move|p2b: Gholdengo|Shadow Ball|p1a: Rillaboom
|-damage|p1a: Rillaboom|0 fnt
|faint|p1a: Rillaboom
|cant|p2a: Tyranitar|flinch
|
|-weather|Sandstorm|[upkeep]
|-damage|p1b: Sneasler|89/100|[from] Sandstorm
|-heal|p1b: Sneasler|95/100|[from] Grassy Terrain
|-heal|p2a: Tyranitar|41/100|[from] Grassy Terrain
|upkeep
|
|t:|1756996975
|switch|p1a: Kingambit|Kingambit, L50, F, shiny, tera:Dark|46/100
|turn|5
|
|t:|1756996988
|-terastallize|p2b: Gholdengo|Steel
|move|p1a: Kingambit|Sucker Punch|p2b: Gholdengo
|-damage|p2b: Gholdengo|29/100
|move|p1b: Sneasler|Dire Claw|p2a: Tyranitar
|-resisted|p2a: Tyranitar
|-damage|p2a: Tyranitar|24/100
|move|p2b: Gholdengo|Shadow Ball|p1a: Kingambit
|-resisted|p1a: Kingambit
|-damage|p1a: Kingambit|10/100
|-unboost|p1a: Kingambit|spd|1
|-ability|p1a: Kingambit|Defiant|boost
|-boost|p1a: Kingambit|atk|2
|move|p2a: Tyranitar|High Horsepower|p1b: Sneasler
|-supereffective|p1b: Sneasler
|-damage|p1b: Sneasler|0 fnt
|faint|p1b: Sneasler
|
|-weather|none
|-heal|p2b: Gholdengo|35/100|[from] Grassy Terrain
|-heal|p2a: Tyranitar|29/100|[from] Grassy Terrain
|-heal|p1a: Kingambit|15/100|[from] Grassy Terrain
|upkeep
|turn|6
|-message|FrancoilCieco777 forfeited.
|
|win|impno
|raw|FrancoilCieco777's rating: 1060 → 1040(-20 for losing)
|raw|impno's rating: 1033 → 1071(+38 for winning)
