|j|☆HolgerD
|j|☆C.blaze
|html|HolgerDC.blaze    
|uhtml|bestof|Game 1 of a best-of-3
|t:|1756818922
|gametype|doubles
|player|p1|HolgerD|170|1375
|player|p2|C.blaze|170|1279
|gen|9
|tier|[Gen 9] VGC 2025 Reg H (Bo3)
|rated|
|rule|Species Clause: Limit one of each Pokémon
|rule|Item Clause: Limit 1 of each item
|clearpoke
|poke|p1|Maushold, L50|
|poke|p1|Pelipper, L50, F|
|poke|p1|Archaludon, L50, M|
|poke|p1|Ursaluna, L50, M|
|poke|p1|Sinistcha, L50|
|poke|p1|Basculegion, L50, M|
|poke|p2|Pelipper, L50, M|
|poke|p2|Archaludon, L50, F|
|poke|p2|Ursaluna, L50, M|
|poke|p2|Sinistcha, L50|
|poke|p2|Incineroar, L50, F|
|poke|p2|Garchomp, L50, M|
|teampreview|4
|showteam|p1|Maushold||WideLens|Technician|PopulationBomb,FollowMe,Taunt,Protect||||||50|,,,,,Ghost]Pelipper||FocusSash|Drizzle|Hurricane,MuddyWater,Tailwind,Protect|||F|||50|,,,,,Stellar]Archaludon||AssaultVest|Stamina|DragonPulse,ElectroShot,BodyPress,FlashCannon|||M|||50|,,,,,Bug]Ursaluna||FlameOrb|Guts|Facade,HeadlongRush,Earthquake,Protect|||M|||50|,,,,,Ghost]Sinistcha||SitrusBerry|Hospitality|MatchaGotcha,LifeDew,RagePowder,TrickRoom||||||50|,,,,,Dark]Basculegion||ChoiceBand|SwiftSwim|AquaJet,FlipTurn,LastRespects,WaveCrash|||M|||50|,,,,,Water
|showteam|p2|Pelipper||FocusSash|Drizzle|WeatherBall,Hurricane,Protect,Tailwind|||M|||50|,,,,,Ghost]Archaludon||AssaultVest|Stamina|DracoMeteor,ElectroShot,BodyPress,Snarl|||F|||50|,,,,,Grass]Ursaluna||FlameOrb|Guts|Facade,HeadlongRush,Protect,Earthquake|||M|||50|,,,,,Ghost]Sinistcha||SitrusBerry|Hospitality|MatchaGotcha,RagePowder,LifeDew,TrickRoom||||||50|,,,,,Water]Incineroar||SafetyGoggles|Intimidate|KnockOff,WillOWisp,PartingShot,FakeOut|||F|||50|,,,,,Ghost]Garchomp||ClearAmulet|RoughSkin|DragonClaw,Earthquake,Protect,StompingTantrum|||M|||50|,,,,,Steel
|
|t:|1756818969
|teamsize|p1|4
|teamsize|p2|4
|start
|switch|p1a: Archaludon|Archaludon, L50, M|100/100
|switch|p1b: Basculegion|Basculegion, L50, M|100/100
|switch|p2a: Archaludon|Archaludon, L50, F|100/100
|switch|p2b: Incineroar|Incineroar, L50, F|100/100
|-ability|p2b: Incineroar|Intimidate|boost
|-unboost|p1a: Archaludon|atk|1
|-unboost|p1b: Basculegion|atk|1
|turn|1
|
|t:|1756819002
|switch|p1b: Sinistcha|Sinistcha, L50|100/100
|-terastallize|p2b: Incineroar|Ghost
|move|p1a: Archaludon|Body Press|p2b: Incineroar
|-immune|p2b: Incineroar
|move|p2a: Archaludon|Draco Meteor|p1b: Sinistcha
|-damage|p1b: Sinistcha|39/100
|-unboost|p2a: Archaludon|spa|2
|-enditem|p1b: Sinistcha|Sitrus Berry|[eat]
|-heal|p1b: Sinistcha|64/100|[from] item: Sitrus Berry
|move|p2b: Incineroar|Will-O-Wisp|p1b: Sinistcha
|-status|p1b: Sinistcha|brn
|
|-damage|p1b: Sinistcha|58/100 brn|[from] brn
|upkeep
|turn|2
|
|t:|1756819043
|switch|p1b: Pelipper|Pelipper, L50, F|100/100
|-weather|RainDance|[from] ability: Drizzle|[of] p1b: Pelipper
|move|p1a: Archaludon|Electro Shot||[still]
|-prepare|p1a: Archaludon|Electro Shot
|-boost|p1a: Archaludon|spa|1
|-anim|p1a: Archaludon|Electro Shot|p2b: Incineroar
|-damage|p2b: Incineroar|52/100
|move|p2a: Archaludon|Draco Meteor|p1b: Pelipper|[miss]
|-miss|p2a: Archaludon|p1b: Pelipper
|move|p2b: Incineroar|Knock Off|p1b: Pelipper
|-damage|p1b: Pelipper|30/100
|-enditem|p1b: Pelipper|Focus Sash|[from] move: Knock Off|[of] p2b: Incineroar
|
|-weather|RainDance|[upkeep]
|upkeep
|turn|3
|
|t:|1756819068
|switch|p2b: Pelipper|Pelipper, L50, M|100/100
|move|p1b: Pelipper|Tailwind|p1b: Pelipper
|-sidestart|p1: HolgerD|move: Tailwind
|move|p1a: Archaludon|Electro Shot||[still]
|-prepare|p1a: Archaludon|Electro Shot
|-boost|p1a: Archaludon|spa|1
|-anim|p1a: Archaludon|Electro Shot|p2b: Pelipper
|-supereffective|p2b: Pelipper
|-enditem|p2b: Pelipper|Focus Sash
|-damage|p2b: Pelipper|1/100
|move|p2a: Archaludon|Electro Shot||[still]
|-prepare|p2a: Archaludon|Electro Shot
|-boost|p2a: Archaludon|spa|1
|-anim|p2a: Archaludon|Electro Shot|p1b: Pelipper
|-supereffective|p1b: Pelipper
|-damage|p1b: Pelipper|0 fnt
|faint|p1b: Pelipper
|
|-weather|RainDance|[upkeep]
|upkeep
|
|t:|1756819088
|switch|p1b: Basculegion|Basculegion, L50, M|100/100
|turn|4
|
|t:|1756819110
|move|p1b: Basculegion|Flip Turn|p2a: Archaludon
|-resisted|p2a: Archaludon
|-damage|p2a: Archaludon|77/100
|-ability|p2a: Archaludon|Stamina|boost
|-boost|p2a: Archaludon|def|1
|
|t:|1756819114
|switch|p1b: Sinistcha|Sinistcha, L50|58/100 brn|[from] Flip Turn
|move|p1a: Archaludon|Electro Shot||[still]
|-prepare|p1a: Archaludon|Electro Shot
|-boost|p1a: Archaludon|spa|1
|-anim|p1a: Archaludon|Electro Shot|p2b: Pelipper
|-supereffective|p2b: Pelipper
|-damage|p2b: Pelipper|0 fnt
|faint|p2b: Pelipper
|move|p2a: Archaludon|Electro Shot||[still]
|-prepare|p2a: Archaludon|Electro Shot
|-boost|p2a: Archaludon|spa|1
|-anim|p2a: Archaludon|Electro Shot|p1b: Sinistcha
|-resisted|p1b: Sinistcha
|-damage|p1b: Sinistcha|35/100 brn
|
|-weather|RainDance|[upkeep]
|-damage|p1b: Sinistcha|29/100 brn|[from] brn
|upkeep
|
|t:|1756819125
|switch|p2b: Incineroar|Incineroar, L50, F, tera:Ghost|52/100
|-ability|p2b: Incineroar|Intimidate|boost
|-unboost|p1a: Archaludon|atk|1
|-unboost|p1b: Sinistcha|atk|1
|turn|5
|
|t:|1756819150
|move|p2b: Incineroar|Fake Out|p1a: Archaludon
|-resisted|p1a: Archaludon
|-damage|p1a: Archaludon|96/100
|-ability|p1a: Archaludon|Stamina|boost
|-boost|p1a: Archaludon|def|1
|cant|p1a: Archaludon|flinch
|move|p1b: Sinistcha|Life Dew|p1b: Sinistcha|[spread] p1a,p1b
|-heal|p1a: Archaludon|100/100
|-heal|p1b: Sinistcha|54/100 brn
|move|p2a: Archaludon|Electro Shot||[still]
|-prepare|p2a: Archaludon|Electro Shot
|-boost|p2a: Archaludon|spa|1
|-anim|p2a: Archaludon|Electro Shot|p1b: Sinistcha
|-resisted|p1b: Sinistcha
|-damage|p1b: Sinistcha|23/100 brn
|
|-weather|RainDance|[upkeep]
|-damage|p1b: Sinistcha|17/100 brn|[from] brn
|upkeep
|turn|6
|
|t:|1756819200
|move|p1a: Archaludon|Electro Shot||[still]
|-prepare|p1a: Archaludon|Electro Shot
|-boost|p1a: Archaludon|spa|1
|-anim|p1a: Archaludon|Electro Shot|p2b: Incineroar
|-damage|p2b: Incineroar|0 fnt
|faint|p2b: Incineroar
|move|p2a: Archaludon|Draco Meteor|p1a: Archaludon
|-damage|p1a: Archaludon|24/100
|-unboost|p2a: Archaludon|spa|2
|-ability|p1a: Archaludon|Stamina|boost
|-boost|p1a: Archaludon|def|1
|move|p1b: Sinistcha|Trick Room|p1b: Sinistcha
|-fieldstart|move: Trick Room|[of] p1b: Sinistcha
|
|-weather|none
|-damage|p1b: Sinistcha|11/100 brn|[from] brn
|-sideend|p1: HolgerD|move: Tailwind
|upkeep
|
|t:|1756819209
|switch|p2b: Garchomp|Garchomp, L50, M|100/100
|turn|7
|
|t:|1756819227
|move|p2b: Garchomp|Protect|p2b: Garchomp
|-singleturn|p2b: Garchomp|Protect
|move|p1b: Sinistcha|Matcha Gotcha|p2a: Archaludon|[spread] p2a
|-activate|p2b: Garchomp|move: Protect
|-resisted|p2a: Archaludon
|-damage|p2a: Archaludon|72/100
|-heal|p1b: Sinistcha|13/100 brn|[from] drain|[of] p2a: Archaludon
|-ability|p2a: Archaludon|Stamina|boost
|-boost|p2a: Archaludon|def|1
|move|p2a: Archaludon|Snarl|p1b: Sinistcha|[spread] p1a,p1b
|-supereffective|p1b: Sinistcha
|-damage|p1a: Archaludon|18/100
|-damage|p1b: Sinistcha|0 fnt
|-unboost|p1a: Archaludon|spa|1
|-ability|p1a: Archaludon|Stamina|boost
|-boost|p1a: Archaludon|def|1
|faint|p1b: Sinistcha
|move|p1a: Archaludon|Dragon Pulse|p2a: Archaludon
|-damage|p2a: Archaludon|3/100
|-ability|p2a: Archaludon|Stamina|boost
|-boost|p2a: Archaludon|def|1
|
|upkeep
|
|t:|1756819247
|switch|p1b: Basculegion|Basculegion, L50, M|100/100
|turn|8
|
|t:|1756819268
|-terastallize|p1a: Archaludon|Bug
|move|p2b: Garchomp|Protect||[still]
|-fail|p2b: Garchomp
|move|p2a: Archaludon|Body Press|p1a: Archaludon
|-resisted|p1a: Archaludon
|-damage|p1a: Archaludon|10/100
|-ability|p1a: Archaludon|Stamina|boost
|-boost|p1a: Archaludon|def|1
|move|p1b: Basculegion|Wave Crash|p2a: Archaludon
|-resisted|p2a: Archaludon
|-damage|p2a: Archaludon|0 fnt
|faint|p2a: Archaludon
|-damage|p1b: Basculegion|99/100|[from] Recoil
|move|p1a: Archaludon|Dragon Pulse|p2b: Garchomp
|-supereffective|p2b: Garchomp
|-damage|p2b: Garchomp|0 fnt
|faint|p2b: Garchomp
|
|win|HolgerD
|inactive|HolgerD has 30 seconds to confirm battle start!
|inactive|C.blaze has 30 seconds to confirm battle start!
||C.blaze is ready for game 2.
|inactive|HolgerD has 20 seconds to confirm battle start!
|inactive|HolgerD has 10 seconds to confirm battle start!
||HolgerD is ready for game 2.
|uhtml|next|Next: Game 2 of 3
|l|☆C.blaze
|player|p2|
