|j|☆aqoursfan1
|j|☆mertering
|html|aqoursfan1mertering    
|uhtml|bestof|Game 1 of a best-of-3
|t:|1786164573
|gametype|doubles
|player|p1|aqoursfan1|anabel-gen7|1409
|player|p2|mertering|steven|1318
|gen|9
|tier|[Gen 9 Champions] VGC 2026 Reg M-B (Bo3)
|rated|
|rule|Species Clause: Limit one of each Pokémon
|rule|Item Clause: Limit 1 of each item
|clearpoke
|poke|p1|Raichu, L50, F|
|poke|p1|Aerodactyl, L50, M|
|poke|p1|Kingambit, L50, F|
|poke|p1|Basculegion, L50, M|
|poke|p1|Sylveon, L50, M|
|poke|p1|Sneasler, L50, M|
|poke|p2|Delphox, L50, M|
|poke|p2|Whimsicott, L50, M|
|poke|p2|Basculegion, L50, M|
|poke|p2|Staraptor, L50, M|
|poke|p2|Garchomp, L50, M|
|poke|p2|Kingambit, L50, M|
|teampreview|4
|showteam|p1|Raichu||RaichuniteY|LightningRod|ZapCannon,FocusBlast,FakeOut,Protect|Timid||F|||50|]Aerodactyl||Aerodactylite|Unnerve|RockSlide,DualWingbeat,IceFang,Tailwind|Jolly||M|||50|]Kingambit||LifeOrb|Defiant|KowtowCleave,SuckerPunch,SwordsDance,Protect|Adamant||F|||50|]Basculegion||MysticWater|Adaptability|WaveCrash,LastRespects,AquaJet,Protect|Adamant||M|||50|]Sylveon||FairyFeather|Pixilate|HyperVoice,HyperBeam,QuickAttack,Detect|Modest||M|||50|]Sneasler||FocusSash|Unburden|DireClaw,CloseCombat,FakeOut,Protect|Jolly||M|||50|
|showteam|p2|Delphox||Delphoxite|Blaze|HeatWave,Psychic,Encore,Protect|Modest||M|||50|]Whimsicott||OccaBerry|Prankster|Moonblast,FakeTears,Tailwind,Charm|Bold||M|||50|]Basculegion||FocusSash|Adaptability|Liquidation,LastRespects,AquaJet,Protect|Adamant||M|||50|]Staraptor||Staraptite|Intimidate|CloseCombat,BraveBird,Roost,Protect|Adamant||M|||50|]Garchomp||LifeOrb|RoughSkin|Earthquake,RockSlide,DragonClaw,Protect|Jolly||M|||50|]Kingambit||ChopleBerry|Defiant|KowtowCleave,SuckerPunch,IronHead,LowKick|Adamant||M|||50|
|inactive|Battle timer is ON: inactive players will automatically lose when time's up. (requested by aqoursfan1)
|inactive|mertering also wants the timer to be on.
|inactive|aqoursfan1 has 60 seconds left.
|inactive|mertering has 60 seconds left.
|
|t:|1786164614
|teamsize|p1|4
|teamsize|p2|4
|start
|switch|p1a: Aerodactyl|Aerodactyl, L50, M|100/100
|switch|p1b: Raichu|Raichu, L50, F|100/100
|switch|p2a: Whimsicott|Whimsicott, L50, M|100/100
|switch|p2b: Staraptor|Staraptor, L50, M|100/100
|-ability|p1a: Aerodactyl|Unnerve
|-ability|p2b: Staraptor|Intimidate|boost
|-unboost|p1a: Aerodactyl|atk|1
|-unboost|p1b: Raichu|atk|1
|turn|1
|
|t:|1786164630
|detailschange|p1b: Raichu|Raichu-Mega-Y, L50, F
|-mega|p1b: Raichu|Raichu|Raichunite Y
|detailschange|p2b: Staraptor|Staraptor-Mega, L50, M
|-mega|p2b: Staraptor|Staraptor|Staraptite
|move|p1b: Raichu|Fake Out|p2b: Staraptor
|-damage|p2b: Staraptor|94/100
|move|p2a: Whimsicott|Fake Tears|p2b: Staraptor
|-boost|p2b: Staraptor|spd|2
|move|p1a: Aerodactyl|Tailwind|p1a: Aerodactyl
|-sidestart|p1: aqoursfan1|move: Tailwind
|cant|p2b: Staraptor|flinch
|
|upkeep
|turn|2
|
|t:|1786164648
|move|p2b: Staraptor|Protect|p2b: Staraptor
|-singleturn|p2b: Staraptor|Protect
|move|p2a: Whimsicott|Tailwind|p2a: Whimsicott
|-sidestart|p2: mertering|move: Tailwind
|move|p1a: Aerodactyl|Dual Wingbeat|p2b: Staraptor
|-activate|p2b: Staraptor|move: Protect
|move|p1b: Raichu|Zap Cannon|p2b: Staraptor
|-activate|p2b: Staraptor|move: Protect
|
|upkeep
|turn|3
|
|t:|1786164660
|move|p2a: Whimsicott|Fake Tears|p2b: Staraptor
|-boost|p2b: Staraptor|spd|2
|move|p1a: Aerodactyl|Dual Wingbeat|p2b: Staraptor
|-supereffective|p2b: Staraptor|1
|-damage|p2b: Staraptor|69/100
|-supereffective|p2b: Staraptor|1
|-damage|p2b: Staraptor|46/100
|-hitcount|p2b: Staraptor|2
|move|p1b: Raichu|Zap Cannon|p2b: Staraptor
|-supereffective|p2b: Staraptor|1
|-damage|p2b: Staraptor|5/100
|-status|p2b: Staraptor|par
|move|p2b: Staraptor|Close Combat|p1b: Raichu
|-damage|p1b: Raichu|3/100
|-boost|p2b: Staraptor|def|1
|-boost|p2b: Staraptor|spd|1
|
|upkeep
|turn|4
|
|t:|1786164679
|move|p2b: Staraptor|Protect|p2b: Staraptor
|-singleturn|p2b: Staraptor|Protect
|move|p1a: Aerodactyl|Dual Wingbeat|p2b: Staraptor
|-activate|p2b: Staraptor|move: Protect
|move|p1b: Raichu|Zap Cannon|p2a: Whimsicott
|-resisted|p2a: Whimsicott|1
|-damage|p2a: Whimsicott|63/100
|-status|p2a: Whimsicott|par
|move|p2a: Whimsicott|Moonblast|p1b: Raichu
|-crit|p1b: Raichu
|-damage|p1b: Raichu|0 fnt
|faint|p1b: Raichu
|
|-sideend|p1: aqoursfan1|move: Tailwind
|upkeep
|
|t:|1786164681
|switch|p1b: Sylveon|Sylveon, L50, M|100/100
|turn|5
|
|t:|1786164706
|move|p2a: Whimsicott|Charm|p2b: Staraptor
|-boost|p2b: Staraptor|atk|2
|move|p1b: Sylveon|Quick Attack|p2b: Staraptor
|-supereffective|p2b: Staraptor|1
|-damage|p2b: Staraptor|0 fnt
|faint|p2b: Staraptor
|move|p1a: Aerodactyl|Dual Wingbeat|p2a: Whimsicott
|-supereffective|p2a: Whimsicott|1
|-damage|p2a: Whimsicott|40/100 par
|-supereffective|p2a: Whimsicott|1
|-damage|p2a: Whimsicott|16/100 par
|-hitcount|p2a: Whimsicott|2
|
|-sideend|p2: mertering|move: Tailwind
|upkeep
|
|t:|1786164719
|switch|p2b: Basculegion|Basculegion, L50, M|100/100
|turn|6
|
|t:|1786164726
|move|p1b: Sylveon|Quick Attack|p2a: Whimsicott
|-damage|p2a: Whimsicott|4/100 par
|move|p2a: Whimsicott|Tailwind|p2a: Whimsicott
|-sidestart|p2: mertering|move: Tailwind
|move|p2b: Basculegion|Liquidation|p1a: Aerodactyl
|-supereffective|p1a: Aerodactyl|1
|-damage|p1a: Aerodactyl|0 fnt
|faint|p1a: Aerodactyl
|
|upkeep
|
|t:|1786164729
|switch|p1a: Basculegion|Basculegion, L50, M|100/100
|turn|7
|
|t:|1786164749
|move|p2b: Basculegion|Protect|p2b: Basculegion
|-singleturn|p2b: Basculegion|Protect
|move|p1a: Basculegion|Protect|p1a: Basculegion
|-singleturn|p1a: Basculegion|Protect
|move|p2a: Whimsicott|Moonblast|p1b: Sylveon
|-damage|p1b: Sylveon|81/100
|move|p1b: Sylveon|Hyper Beam|p2b: Basculegion
|-activate|p2b: Basculegion|move: Protect
|
|upkeep
|turn|8
|
|t:|1786164763
|move|p1a: Basculegion|Aqua Jet|p2b: Basculegion
|-resisted|p2b: Basculegion|1
|-damage|p2b: Basculegion|80/100
|move|p2b: Basculegion|Last Respects|p1a: Basculegion
|-supereffective|p1a: Basculegion|1
|-damage|p1a: Basculegion|0 fnt
|faint|p1a: Basculegion
|move|p2a: Whimsicott|Moonblast|p1b: Sylveon
|-damage|p1b: Sylveon|61/100
|move|p1b: Sylveon|Hyper Voice|p2b: Basculegion|[spread] p2a,p2b
|-damage|p2a: Whimsicott|0 fnt
|-damage|p2b: Basculegion|33/100
|faint|p2a: Whimsicott
|
|upkeep
|
|t:|1786164776
|switch|p2a: Garchomp|Garchomp, L50, M|100/100
|turn|9
|
|t:|1786164781
|move|p1b: Sylveon|Detect|p1b: Sylveon
|-singleturn|p1b: Sylveon|Protect
|move|p2a: Garchomp|Earthquake|p1b: Sylveon|[spread] p2b
|-activate|p1b: Sylveon|move: Protect
|-damage|p2b: Basculegion|0 fnt
|faint|p2b: Basculegion
|-damage|p2a: Garchomp|90/100|[from] item: Life Orb
|
|-sideend|p2: mertering|move: Tailwind
|upkeep
|turn|10
|
|t:|1786164790
|move|p2a: Garchomp|Earthquake|p1b: Sylveon
|-crit|p1b: Sylveon
|-damage|p1b: Sylveon|0 fnt
|faint|p1b: Sylveon
|-damage|p2a: Garchomp|80/100|[from] item: Life Orb
|
|win|mertering
||mertering is ready for game 2.
||aqoursfan1 is ready for game 2.
|uhtml|next|Next: Game 2 of 3
|l|☆aqoursfan1
|player|p1|
