|j|☆JP the president
|j|☆falafamiredosidofa
|html|JP the presidentfalafamiredosidofa    
|uhtml|bestof|Game 1 of a best-of-3
|t:|1785782490
|gametype|doubles
|player|p1|JP the president|steven|1116
|player|p2|falafamiredosidofa|steven|1050
|gen|9
|tier|[Gen 9 Champions] VGC 2026 Reg M-B (Bo3)
|rated|
|rule|Species Clause: Limit one of each Pokémon
|rule|Item Clause: Limit 1 of each item
|clearpoke
|poke|p1|Sableye, L50, M, shiny|
|poke|p1|Incineroar, L50, M, shiny|
|poke|p1|Basculegion, L50, M, shiny|
|poke|p1|Charizard, L50, M, shiny|
|poke|p1|Venusaur, L50, M, shiny|
|poke|p1|Garchomp, L50, M|
|poke|p2|Garchomp, L50, F|
|poke|p2|Venusaur, L50, F|
|poke|p2|Incineroar, L50, M|
|poke|p2|Charizard, L50, F|
|poke|p2|Toxapex, L50, F|
|poke|p2|Annihilape, L50, F|
|teampreview|4
|showteam|p1|Sableye||FocusSash|Prankster|ThunderWave,Disable,Encore,RainDance|Calm||M|||50|]Incineroar||SitrusBerry|Intimidate|FakeOut,FlareBlitz,PartingShot,Protect|Careful||M|||50|]Basculegion||ChoiceScarf|Adaptability|AquaJet,FlipTurn,LastRespects,WaveCrash|Hasty||M|||50|]Charizard||CharizarditeY|SolarPower|HeatWave,AncientPower,Protect,SolarBeam|Hasty||M|||50|]Venusaur||OccaBerry|Chlorophyll|EarthPower,SludgeBomb,SleepPowder,Protect|Modest||M|||50|]Garchomp||LifeOrb|RoughSkin|Earthquake,Protect,RockSlide,DragonClaw|Jolly||M|||50|
|showteam|p2|Garchomp||ChoiceScarf|RoughSkin|Earthquake,RockSlide,DragonClaw,StompingTantrum|Adamant||F|||50|]Venusaur||LifeOrb|Chlorophyll|SludgeBomb,SolarBeam,EarthPower,Protect|Modest||F|||50|]Incineroar||SitrusBerry|Intimidate|FakeOut,FlareBlitz,ThroatChop,PartingShot|Impish||M|||50|]Charizard||CharizarditeY|Blaze|HeatWave,WeatherBall,Protect,HelpingHand|Modest||F|||50|]Toxapex||Leftovers|Regenerator|Infestation,Toxic,WideGuard,BanefulBunker|Impish||F|||50|]Annihilape||FocusSash|Defiant|CloseCombat,PhantomForce,RockTomb,Protect|Jolly||F|||50|
|inactive|Battle timer is ON: inactive players will automatically lose when time's up. (requested by JP the president)
|inactive|falafamiredosidofa has 60 seconds left.
|inactive|falafamiredosidofa has 30 seconds left.
|c|☆JP the president|Come on
|inactive|falafamiredosidofa has 20 seconds left.
|inactive|falafamiredosidofa has 15 seconds left.
|
|t:|1785782609
|teamsize|p1|4
|teamsize|p2|4
|start
|switch|p1a: Star scream|Garchomp, L50, M|100/100
|switch|p1b: Lizardo|Charizard, L50, M, shiny|100/100
|switch|p2a: Venusaur|Venusaur, L50, F|100/100
|switch|p2b: Charizard|Charizard, L50, F|100/100
|turn|1
|
|t:|1785782628
|detailschange|p1b: Lizardo|Charizard-Mega-Y, L50, M, shiny
|-mega|p1b: Lizardo|Charizard|Charizardite Y
|-weather|SunnyDay|[from] ability: Drought|[of] p1b: Lizardo
|detailschange|p2b: Charizard|Charizard-Mega-Y, L50, F
|-mega|p2b: Charizard|Charizard|Charizardite Y
|move|p2b: Charizard|Helping Hand|p2a: Venusaur
|-singleturn|p2a: Venusaur|Helping Hand|[of] p2b: Charizard
|move|p2a: Venusaur|Solar Beam||[still]
|-prepare|p2a: Venusaur|Solar Beam
|-anim|p2a: Venusaur|Solar Beam|p1a: Star scream
|-damage|p1a: Star scream|0 fnt
|faint|p1a: Star scream
|-damage|p2a: Venusaur|90/100|[from] item: Life Orb
|move|p1b: Lizardo|Heat Wave|p2a: Venusaur|[spread] p2b
|-miss|p1b: Lizardo|p2a: Venusaur
|-resisted|p2b: Charizard|1
|-damage|p2b: Charizard|70/100
|
|-weather|SunnyDay|[upkeep]
|upkeep
|
|t:|1785782650
|switch|p1a: Greed|Sableye, L50, M, shiny|100/100
|turn|2
|inactive|falafamiredosidofa has 30 seconds left.
|inactive|falafamiredosidofa has 20 seconds left.
|inactive|falafamiredosidofa has 15 seconds left.
|
|t:|1785782692
|switch|p2b: Garchomp|Garchomp, L50, F|100/100
|move|p1a: Greed|Thunder Wave|p2a: Venusaur
|-status|p2a: Venusaur|par
|move|p1b: Lizardo|Heat Wave|p2a: Venusaur|[spread] p2a,p2b
|-supereffective|p2a: Venusaur|1
|-resisted|p2b: Garchomp|1
|-damage|p2a: Venusaur|0 fnt
|-damage|p2b: Garchomp|68/100
|faint|p2a: Venusaur
|
|-weather|SunnyDay|[upkeep]
|upkeep
|
|t:|1785782703
|switch|p2a: Charizard|Charizard-Mega-Y, L50, F|70/100
|turn|3
|
|t:|1785782723
|switch|p1b: Leaf tea|Venusaur, L50, M, shiny|100/100
|move|p1a: Greed|Thunder Wave|p2a: Charizard
|-status|p2a: Charizard|par
|move|p2b: Garchomp|Rock Slide|p1b: Leaf tea|[spread] p1a,p1b
|-damage|p1a: Greed|70/100
|-damage|p1b: Leaf tea|74/100
|move|p2a: Charizard|Weather Ball|p1a: Greed
|-damage|p1a: Greed|0 fnt
|faint|p1a: Greed
|
|-weather|SunnyDay|[upkeep]
|upkeep
|
|t:|1785782738
|switch|p1a: Lizardo|Charizard-Mega-Y, L50, M, shiny|100/100
|turn|4
|
|t:|1785782748
|move|p1b: Leaf tea|Sleep Powder|p2b: Garchomp
|-status|p2b: Garchomp|slp|[from] move: Sleep Powder
|cant|p2b: Garchomp|slp
|move|p1a: Lizardo|Ancient Power|p2a: Charizard
|-supereffective|p2a: Charizard|2
|-damage|p2a: Charizard|0 fnt
|faint|p2a: Charizard
|
|-weather|SunnyDay|[upkeep]
|upkeep
|
|t:|1785782751
|switch|p2a: Incineroar|Incineroar, L50, M|100/100
|-ability|p2a: Incineroar|Intimidate|boost
|-unboost|p1a: Lizardo|atk|1
|-unboost|p1b: Leaf tea|atk|1
|turn|5
|inactive|JP the president has 30 seconds left.
|
|t:|1785782778
|move|p2a: Incineroar|Fake Out|p1b: Leaf tea
|-damage|p1b: Leaf tea|61/100
|cant|p1b: Leaf tea|flinch
|cant|p2b: Garchomp|slp
|move|p1a: Lizardo|Solar Beam||[still]
|-prepare|p1a: Lizardo|Solar Beam
|-anim|p1a: Lizardo|Solar Beam|p2b: Garchomp
|-damage|p2b: Garchomp|14/100 slp
|
|-weather|none
|upkeep
|turn|6
|
|t:|1785782805
|-curestatus|p2b: Garchomp|slp|[msg]
|move|p2b: Garchomp|Rock Slide|p1a: Lizardo|[spread] p1a,p1b
|-supereffective|p1a: Lizardo|2
|-damage|p1a: Lizardo|0 fnt
|-damage|p1b: Leaf tea|36/100
|faint|p1a: Lizardo
|cant|p1b: Leaf tea|flinch
|move|p2a: Incineroar|Flare Blitz|p1b: Leaf tea
|-supereffective|p1b: Leaf tea|1
|-enditem|p1b: Leaf tea|Occa Berry|[eat]
|-enditem|p1b: Leaf tea|Occa Berry|[weaken]
|-damage|p1b: Leaf tea|0 fnt
|faint|p1b: Leaf tea
|-damage|p2a: Incineroar|90/100|[from] Recoil
|
|win|falafamiredosidofa
