|j|☆tg100
|j|☆Surwiival
|html|tg100Surwiival    
|uhtml|bestof|Game 2 of a best-of-3
|t:|1756234835
|gametype|doubles
|player|p1|tg100|102|1098
|player|p2|Surwiival|2|1055
|gen|9
|tier|[Gen 9] VGC 2025 Reg H (Bo3)
|rated|
|rule|Species Clause: Limit one of each Pokémon
|rule|Item Clause: Limit 1 of each item
|clearpoke
|poke|p1|Meowstic, L50, M|
|poke|p1|Indeedee, L50, M|
|poke|p1|Flamigo, L50, M|
|poke|p1|Incineroar, L50, F|
|poke|p1|Sneasler, L50, F|
|poke|p1|Ninetales-Alola, L50, F|
|poke|p2|Incineroar, L50, F|
|poke|p2|Sneasler, L50, M|
|poke|p2|Kingambit, L50, F|
|poke|p2|Electabuzz, L50, F|
|poke|p2|Baxcalibur, L50, F|
|poke|p2|Primarina, L50, M|
|teampreview|4
|showteam|p1|Meowstic||LifeOrb|Prankster|ExpandingForce,PsychicTerrain,LightScreen,Reflect|||M|||50|,,,,,Fairy]Indeedee||ChoiceScarf|PsychicSurge|Trick,ExpandingForce,DazzlingGleam,HyperVoice|||M|||50|,,,,,Fairy]Flamigo||WhiteHerb|Scrappy|Tailwind,CloseCombat,Acrobatics,Protect|||M|||50|,,,,,Steel]Incineroar||AssaultVest|Intimidate|FlareBlitz,KnockOff,Uturn,BrickBreak|||F|||50|,,,,,Grass]Sneasler||PsychicSeed|Unburden|ThroatChop,CloseCombat,DireClaw,Protect|||F|||50|,,,,,Dark]Ninetales-Alola||LightClay|SnowWarning|Blizzard,AuroraVeil,Moonblast,IcyWind|||F|||50|,,,,,Water
|showteam|p2|Incineroar||SitrusBerry|Intimidate|FakeOut,PartingShot,FlareBlitz,KnockOff|||F|||50|,,,,,Grass]Sneasler||FocusSash|Unburden|FakeOut,CloseCombat,DireClaw,Coaching|||M|||50|,,,,,Stellar]Kingambit||SafetyGoggles|Defiant|KowtowCleave,SuckerPunch,SwordsDance,Protect|||F|||50|,,,,,Ghost]Electabuzz||Eviolite|VitalSpirit|VoltSwitch,Taunt,FollowMe,Protect|||F|||50|,,,,,Ghost]Baxcalibur||LoadedDice|ThermalExchange|ScaleShot,IcicleSpear,IceShard,Protect|||F|||50|,,,,,Poison]Primarina||ThroatSpray|LiquidVoice|HyperVoice,Moonblast,Haze,Protect|||M|||50|,,,,,Water
|j| thewanderer55
|
|t:|1756234922
|teamsize|p1|4
|teamsize|p2|4
|start
|switch|p1a: Sneasler|Sneasler, L50, F|100/100
|switch|p1b: Indeedee|Indeedee, L50, M|100/100
|switch|p2a: Kingambit|Kingambit, L50, F|100/100
|switch|p2b: Sneasler|Sneasler, L50, M|100/100
|-fieldstart|move: Psychic Terrain|[from] ability: Psychic Surge|[of] p1b: Indeedee
|-enditem|p1a: Sneasler|Psychic Seed
|-boost|p1a: Sneasler|spd|1|[from] item: Psychic Seed
|turn|1
|l|☆tg100
|player|p1|
|j|☆tg100
|player|p1|tg100|102|
|
|t:|1756234977
|move|p2a: Kingambit|Protect|p2a: Kingambit
|-singleturn|p2a: Kingambit|Protect
|move|p1a: Sneasler|Close Combat|p2a: Kingambit
|-activate|p2a: Kingambit|move: Protect
|move|p1b: Indeedee|Expanding Force|p2a: Kingambit|[spread] p2b
|-activate|p2a: Kingambit|move: Protect
|-supereffective|p2b: Sneasler
|-enditem|p2b: Sneasler|Focus Sash
|-damage|p2b: Sneasler|1/100
|move|p2b: Sneasler|Dire Claw|p1b: Indeedee
|-crit|p1b: Indeedee
|-damage|p1b: Indeedee|0 fnt
|faint|p1b: Indeedee
|
|upkeep
|
|t:|1756234982
|switch|p1b: Ninetales|Ninetales-Alola, L50, F|100/100
|-weather|Snowscape|[from] ability: Snow Warning|[of] p1b: Ninetales
|turn|2
|
|t:|1756235034
|-terastallize|p1b: Ninetales|Water
|-terastallize|p2a: Kingambit|Ghost
|move|p2b: Sneasler|Dire Claw|p1b: Ninetales
|-damage|p1b: Ninetales|39/100
|move|p1a: Sneasler|Close Combat|p2a: Kingambit
|-immune|p2a: Kingambit
|move|p1b: Ninetales|Blizzard|p2b: Sneasler|[spread] p2a,p2b
|-damage|p2a: Kingambit|67/100
|-damage|p2b: Sneasler|0 fnt
|faint|p2b: Sneasler
|move|p2a: Kingambit|Kowtow Cleave|p1b: Ninetales
|-damage|p1b: Ninetales|0 fnt
|faint|p1b: Ninetales
|
|-weather|Snowscape|[upkeep]
|upkeep
|
|t:|1756235081
|switch|p2b: Baxcalibur|Baxcalibur, L50, F|100/100
|switch|p1b: Flamigo|Flamigo, L50, M|100/100
|turn|3
|
|t:|1756235122
|move|p1b: Flamigo|Protect|p1b: Flamigo
|-singleturn|p1b: Flamigo|Protect
|move|p2b: Baxcalibur|Protect|p2b: Baxcalibur
|-singleturn|p2b: Baxcalibur|Protect
|move|p2a: Kingambit|Protect|p2a: Kingambit
|-singleturn|p2a: Kingambit|Protect
|move|p1a: Sneasler|Throat Chop|p2a: Kingambit
|-activate|p2a: Kingambit|move: Protect
|
|-weather|Snowscape|[upkeep]
|upkeep
|turn|4
|
|t:|1756235171
|switch|p2a: Incineroar|Incineroar, L50, F, shiny|100/100
|-ability|p2a: Incineroar|Intimidate|boost
|-unboost|p1a: Sneasler|atk|1
|-fail|p1b: Flamigo|unboost|Attack|[from] ability: Scrappy|[of] p1b: Flamigo
|move|p1a: Sneasler|Throat Chop|p2a: Incineroar
|-resisted|p2a: Incineroar
|-damage|p2a: Incineroar|91/100
|-start|p2a: Incineroar|Throat Chop|[silent]
|move|p1b: Flamigo|Close Combat|p2b: Baxcalibur
|-supereffective|p2b: Baxcalibur
|-damage|p2b: Baxcalibur|34/100
|-unboost|p1b: Flamigo|def|1
|-unboost|p1b: Flamigo|spd|1
|-enditem|p1b: Flamigo|White Herb
|-clearnegativeboost|p1b: Flamigo|[silent]
|move|p2b: Baxcalibur|Scale Shot|p1a: Sneasler
|-damage|p1a: Sneasler|71/100
|-damage|p1a: Sneasler|46/100
|-damage|p1a: Sneasler|20/100
|-damage|p1a: Sneasler|0 fnt
|faint|p1a: Sneasler
|-hitcount|p1: Sneasler|4
|-unboost|p2b: Baxcalibur|def|1
|-boost|p2b: Baxcalibur|spe|1
|
|-weather|Snowscape|[upkeep]
|upkeep
|turn|5
|
|t:|1756235218
|move|p2b: Baxcalibur|Icicle Spear|p1b: Flamigo
|-supereffective|p1b: Flamigo
|-damage|p1b: Flamigo|57/100
|-supereffective|p1b: Flamigo
|-crit|p1b: Flamigo
|-damage|p1b: Flamigo|0 fnt
|faint|p1b: Flamigo
|-hitcount|p1: Flamigo|2
|
|win|Surwiival
|raw|tg100's rating: 1098 → 1070(-28 for losing)
|raw|Surwiival's rating: 1055 → 1091(+36 for winning)
