|j|☆Zaxxxxxx
|j|☆d1mo22
|html|Zaxxxxxxd1mo22    
|uhtml|bestof|Game 1 of a best-of-3
|t:|1784293272
|gametype|doubles
|player|p1|Zaxxxxxx|benga|1232
|player|p2|d1mo22|skier|1290
|gen|9
|tier|[Gen 9 Champions] VGC 2026 Reg M-B (Bo3)
|rated|
|rule|Species Clause: Limit one of each Pokémon
|rule|Item Clause: Limit 1 of each item
|clearpoke
|poke|p1|Delphox, L50, M, shiny|
|poke|p1|Blastoise, L50, F, shiny|
|poke|p1|Incineroar, L50, F, shiny|
|poke|p1|Sneasler, L50, F, shiny|
|poke|p1|Sinistcha, L50, shiny|
|poke|p1|Maushold, L50, shiny|
|poke|p2|Raichu, L50, M|
|poke|p2|Gyarados, L50, M, shiny|
|poke|p2|Mamoswine, L50, F|
|poke|p2|Ceruledge, L50, M|
|poke|p2|Sinistcha, L50|
|poke|p2|Kingambit, L50, F, shiny|
|teampreview|4
|showteam|p1|Delphox||Delphoxite|Blaze|Protect,NastyPlot,HeatWave,Psychic|Timid||M|||50|]Blastoise||Blastoisinite|Torrent|Protect,ShellSmash,WaterSpout,DarkPulse|Modest||F|||50|]Incineroar||SitrusBerry|Intimidate|FakeOut,PartingShot,DarkestLariat,FlareBlitz|Impish||F|||50|]Sneasler||FocusSash|PoisonTouch|FakeOut,CloseCombat,PoisonJab,QuickGuard|Jolly||F|||50|]Sinistcha||KasibBerry|Hospitality|Protect,MatchaGotcha,LifeDew,RagePowder|Bold|||||50|]Maushold||ChopleBerry|FriendGuard|Protect,FollowMe,SuperFang,Feint|Impish|||||50|
|showteam|p2|Raichu||RaichuniteY|LightningRod|FakeOut,Encore,ZapCannon,FocusBlast|Timid||M|||50|]Gyarados||Gyaradosite|Intimidate|LashOut,Waterfall,DragonDance,Protect|Adamant||M|||50|]Mamoswine||LifeOrb|Oblivious|Protect,IcicleCrash,IceShard,HighHorsepower|Jolly||F|||50|]Ceruledge||ColburBerry|FlashFire|BitterBlade,ShadowSneak,BulkUp,Protect|Adamant||M|||50|]Sinistcha||SitrusBerry|Hospitality|Protect,RagePowder,MatchaGotcha,LifeDew|Bold|||||50|]Kingambit||FocusSash|Defiant|Protect,SuckerPunch,KowtowCleave,IronHead|Adamant||F|||50|
|inactive|Battle timer is ON: inactive players will automatically lose when time's up. (requested by d1mo22)
|inactive|Zaxxxxxx has 60 seconds left.
|inactive|d1mo22 has 60 seconds left.
|inactive|Zaxxxxxx has 30 seconds left.
|
|t:|1784293335
|teamsize|p1|4
|teamsize|p2|4
|start
|switch|p1a: Maushold|Maushold, L50, shiny|100/100
|switch|p1b: Blastoise|Blastoise, L50, F, shiny|100/100
|switch|p2a: Raichu|Raichu, L50, M|100/100
|switch|p2b: Gyarados|Gyarados, L50, M, shiny|100/100
|-ability|p2b: Gyarados|Intimidate|boost
|-unboost|p1a: Maushold|atk|1
|-unboost|p1b: Blastoise|atk|1
|turn|1
|inactive|d1mo22 has 30 seconds left.
|
|t:|1784293362
|move|p1b: Blastoise|Protect|p1b: Blastoise
|-singleturn|p1b: Blastoise|Protect
|move|p2a: Raichu|Fake Out|p1b: Blastoise
|-activate|p1b: Blastoise|move: Protect
|move|p1a: Maushold|Super Fang|p2b: Gyarados
|-damage|p2b: Gyarados|50/100y
|move|p2b: Gyarados|Dragon Dance|p2b: Gyarados
|-boost|p2b: Gyarados|atk|1
|-boost|p2b: Gyarados|spe|1
|
|upkeep
|turn|2
|inactive|d1mo22 has 30 seconds left.
|
|t:|1784293388
|switch|p2a: Sinistcha|Sinistcha, L50|100/100
|-heal|p2b: Gyarados|74/100|[from] ability: Hospitality|[of] p2a: Sinistcha
|detailschange|p2b: Gyarados|Gyarados-Mega, L50, M, shiny
|-mega|p2b: Gyarados|Gyarados|Gyaradosite
|-ability|p2b: Gyarados|Mold Breaker
|detailschange|p1b: Blastoise|Blastoise-Mega, L50, F, shiny
|-mega|p1b: Blastoise|Blastoise|Blastoisinite
|move|p2b: Gyarados|Protect|p2b: Gyarados
|-singleturn|p2b: Gyarados|Protect
|move|p1a: Maushold|Follow Me|p1a: Maushold
|-singleturn|p1a: Maushold|move: Follow Me
|move|p1b: Blastoise|Water Spout|p2a: Sinistcha|[spread] p2a
|-activate|p2b: Gyarados|move: Protect
|-resisted|p2a: Sinistcha|1
|-damage|p2a: Sinistcha|69/100
|
|upkeep
|turn|3
|
|t:|1784293412
|move|p2a: Sinistcha|Protect|p2a: Sinistcha
|-singleturn|p2a: Sinistcha|Protect
|move|p1a: Maushold|Follow Me|p1a: Maushold
|-singleturn|p1a: Maushold|move: Follow Me
|move|p2b: Gyarados|Lash Out|p1a: Maushold
|-damage|p1a: Maushold|32/100
|move|p1b: Blastoise|Dark Pulse|p2a: Sinistcha
|-activate|p2a: Sinistcha|move: Protect
|
|upkeep
|turn|4
|inactive|d1mo22 has 30 seconds left.
|inactive|d1mo22 has 20 seconds left.
|
|t:|1784293449
|switch|p2a: Raichu|Raichu, L50, M|100/100
|move|p1a: Maushold|Follow Me|p1a: Maushold
|-singleturn|p1a: Maushold|move: Follow Me
|move|p2b: Gyarados|Lash Out|p1a: Maushold
|-damage|p1a: Maushold|0 fnt
|faint|p1a: Maushold
|move|p1b: Blastoise|Shell Smash|p1b: Blastoise
|-unboost|p1b: Blastoise|def|1
|-unboost|p1b: Blastoise|spd|1
|-boost|p1b: Blastoise|atk|2
|-boost|p1b: Blastoise|spa|2
|-boost|p1b: Blastoise|spe|2
|
|upkeep
|
|t:|1784293461
|switch|p1a: Sneasler|Sneasler, L50, F, shiny|100/100
|turn|5
|inactive|d1mo22 has 30 seconds left.
|
|t:|1784293490
|switch|p2a: Sinistcha|Sinistcha, L50|69/100
|-heal|p2b: Gyarados|99/100|[from] ability: Hospitality|[of] p2a: Sinistcha
|move|p2b: Gyarados|Protect|p2b: Gyarados
|-singleturn|p2b: Gyarados|Protect
|move|p1a: Sneasler|Fake Out|p2a: Sinistcha
|-immune|p2a: Sinistcha
|move|p1b: Blastoise|Water Spout|p2b: Gyarados|[spread] p2a
|-activate|p2b: Gyarados|move: Protect
|-resisted|p2a: Sinistcha|1
|-damage|p2a: Sinistcha|13/100
|-enditem|p2a: Sinistcha|Sitrus Berry|[eat]
|-heal|p2a: Sinistcha|38/100|[from] item: Sitrus Berry
|
|upkeep
|turn|6
|inactive|Zaxxxxxx has 30 seconds left.
|inactive|d1mo22 has 30 seconds left.
|inactive|d1mo22 has 20 seconds left.
|
|t:|1784293527
|switch|p1a: Incineroar|Incineroar, L50, F, shiny|100/100
|-ability|p1a: Incineroar|Intimidate|boost
|-unboost|p2a: Sinistcha|atk|1
|-unboost|p2b: Gyarados|atk|1
|move|p2a: Sinistcha|Rage Powder|p2a: Sinistcha
|-singleturn|p2a: Sinistcha|move: Rage Powder
|move|p1b: Blastoise|Water Spout|p2a: Sinistcha|[spread] p2a,p2b
|-resisted|p2a: Sinistcha|1
|-crit|p2a: Sinistcha
|-resisted|p2b: Gyarados|1
|-damage|p2a: Sinistcha|0 fnt
|-damage|p2b: Gyarados|55/100
|faint|p2a: Sinistcha
|move|p2b: Gyarados|Lash Out|p1b: Blastoise
|-damage|p1b: Blastoise|0 fnt
|faint|p1b: Blastoise
|
|upkeep
|inactive|Zaxxxxxx has 30 seconds left.
|inactive|Zaxxxxxx has 20 seconds left.
|inactive|Zaxxxxxx has 15 seconds left.
|
|t:|1784293568
|switch|p1b: Sneasler|Sneasler, L50, F, shiny|100/100
|switch|p2a: Kingambit|Kingambit, L50, F, shiny|100/100
|turn|7
|
|t:|1784293589
|move|p2b: Gyarados|Protect|p2b: Gyarados
|-singleturn|p2b: Gyarados|Protect
|move|p2a: Kingambit|Protect|p2a: Kingambit
|-singleturn|p2a: Kingambit|Protect
|move|p1b: Sneasler|Close Combat|p2b: Gyarados
|-activate|p2b: Gyarados|move: Protect
|move|p1a: Incineroar|Flare Blitz|p2a: Kingambit
|-activate|p2a: Kingambit|move: Protect
|
|upkeep
|turn|8
|inactive|Zaxxxxxx has 30 seconds left.
|inactive|d1mo22 has 30 seconds left.
|inactive|Zaxxxxxx has 20 seconds left.
|inactive|d1mo22 has 20 seconds left.
|inactive|d1mo22 has 15 seconds left.
|inactive|d1mo22 has 10 seconds left.
|inactive|d1mo22 has 5 seconds left.
|
|t:|1784293639
|switch|p2a: Raichu|Raichu, L50, M|100/100
|move|p1b: Sneasler|Close Combat|p2b: Gyarados
|-supereffective|p2b: Gyarados|1
|-damage|p2b: Gyarados|0 fnt
|-unboost|p1b: Sneasler|def|1
|-unboost|p1b: Sneasler|spd|1
|faint|p2b: Gyarados
|move|p1a: Incineroar|Flare Blitz|p2a: Raichu
|-damage|p2a: Raichu|33/100
|-damage|p1a: Incineroar|81/100|[from] Recoil
|
|upkeep
|
|t:|1784293644
|switch|p2b: Kingambit|Kingambit, L50, F, shiny|100/100
|turn|9
|inactive|Zaxxxxxx has 30 seconds left.
|inactive|Zaxxxxxx has 20 seconds left.
|inactive|Zaxxxxxx has 15 seconds left.
|inactive|Zaxxxxxx has 10 seconds left.
|inactive|Zaxxxxxx has 5 seconds left.
|
|t:|1784293699
|move|p1b: Sneasler|Close Combat|p2b: Kingambit
|-supereffective|p2b: Kingambit|2
|-enditem|p2b: Kingambit|Focus Sash
|-damage|p2b: Kingambit|1/100
|-unboost|p1b: Sneasler|def|1
|-unboost|p1b: Sneasler|spd|1
|move|p2a: Raichu|Focus Blast|p1a: Incineroar
|-supereffective|p1a: Incineroar|1
|-damage|p1a: Incineroar|35/100
|-enditem|p1a: Incineroar|Sitrus Berry|[eat]
|-heal|p1a: Incineroar|60/100|[from] item: Sitrus Berry
|move|p2b: Kingambit|Iron Head|p1b: Sneasler
|-enditem|p1b: Sneasler|Focus Sash
|-damage|p1b: Sneasler|1/100
|move|p1a: Incineroar|Parting Shot|p2a: Raichu
|-unboost|p2a: Raichu|atk|1
|-unboost|p2a: Raichu|spa|1
|
|upkeep
|turn|10
|inactive|Zaxxxxxx has 30 seconds left.
|inactive|d1mo22 has 30 seconds left.
|inactive|Zaxxxxxx has 20 seconds left.
|inactive|Zaxxxxxx has 15 seconds left.
|
|t:|1784293741
|move|p1b: Sneasler|Quick Guard|p1b: Sneasler
|-singleturn|p1b: Sneasler|Quick Guard
|move|p2b: Kingambit|Sucker Punch||[still]
|-fail|p2b: Kingambit
|move|p2a: Raichu|Focus Blast|p1a: Incineroar|[miss]
|-miss|p2a: Raichu|p1a: Incineroar
|move|p1a: Incineroar|Flare Blitz|p2a: Raichu
|-damage|p2a: Raichu|0 fnt
|faint|p2a: Raichu
|-damage|p1a: Incineroar|51/100|[from] Recoil
|
|upkeep
|turn|11
|inactive|Zaxxxxxx has 30 seconds left.
|inactive|Zaxxxxxx has 20 seconds left.
|inactive|Zaxxxxxx has 15 seconds left.
|c|☆d1mo22|cmmon man
|inactive|Zaxxxxxx has 10 seconds left.
|inactive|Zaxxxxxx has 5 seconds left.
|
|t:|1784293796
|move|p2b: Kingambit|Protect|p2b: Kingambit
|-singleturn|p2b: Kingambit|Protect
|move|p1b: Sneasler|Close Combat|p2b: Kingambit
|-activate|p2b: Kingambit|move: Protect
|move|p1a: Incineroar|Parting Shot|p2b: Kingambit
|-activate|p2b: Kingambit|move: Protect
|
|upkeep
|turn|12
|
|t:|1784293816
|move|p2b: Kingambit|Sucker Punch|p1b: Sneasler
|-resisted|p1b: Sneasler|1
|-damage|p1b: Sneasler|0 fnt
|faint|p1b: Sneasler
|move|p1a: Incineroar|Flare Blitz|p2b: Kingambit
|-supereffective|p2b: Kingambit|1
|-damage|p2b: Kingambit|0 fnt
|faint|p2b: Kingambit
|-damage|p1a: Incineroar|51/100|[from] Recoil
|
|win|Zaxxxxxx
