|j|☆dragonboy2100
|j|☆HelhiemFiend
|html|dragonboy2100HelhiemFiend    
|uhtml|bestof|Game 3 of a best-of-3
|t:|1756778867
|gametype|doubles
|player|p1|dragonboy2100|sage|1196
|player|p2|HelhiemFiend|102|1319
|gen|9
|tier|[Gen 9] VGC 2025 Reg H (Bo3)
|rated|
|rule|Species Clause: Limit one of each Pokémon
|rule|Item Clause: Limit 1 of each item
|clearpoke
|poke|p1|Corviknight, L50, F|
|poke|p1|Indeedee, L50, M|
|poke|p1|Sinistcha, L50|
|poke|p1|Tyranitar, L50, F|
|poke|p1|Excadrill, L50, F|
|poke|p1|Sneasler, L50, F|
|poke|p2|Sneasler, L50, M|
|poke|p2|Dragapult, L50, F|
|poke|p2|Kingambit, L50, M|
|poke|p2|Rillaboom, L50, M|
|poke|p2|Gholdengo, L50|
|poke|p2|Volcarona, L50, F|
|teampreview|4
|showteam|p1|Corviknight||PsychicSeed|MirrorArmor|BraveBird,PowerTrip,BulkUp,Roost|||F|||50|,,,,,Water]Indeedee||ChoiceScarf|PsychicSurge|ExpandingForce,TeraBlast,Protect,Trick|||M|||50|,,,,,Psychic]Sinistcha||SitrusBerry|Hospitality|MatchaGotcha,ShadowBall,RagePowder,Protect||||||50|,,,,,Water]Tyranitar||AssaultVest|SandStream|RockSlide,KnockOff,LowKick,TeraBlast|||F|||50|,,,,,Flying]Excadrill||FocusSash|SandRush|Earthquake,IronHead,SwordsDance,Protect|||F|||50|,,,,,Ground]Sneasler||WhiteHerb|Unburden|CloseCombat,DireClaw,Coaching,FakeOut|||F|||50|,,,,,Flying
|showteam|p2|Sneasler||FocusSash|Unburden|DireClaw,CloseCombat,FakeOut,Protect|||M|||50|,,,,,Stellar]Dragapult||ChoiceBand|ClearBody|DragonDarts,TeraBlast,PhantomForce,Uturn|||F|||50|,,,,,Ghost]Kingambit||SafetyGoggles|Defiant|KowtowCleave,SuckerPunch,SwordsDance,Protect|||M|||50|,,,,,Dark]Rillaboom||AssaultVest|GrassySurge|WoodHammer,GrassyGlide,FakeOut,Uturn|||M|||50|,,,,,Fire]Gholdengo||LifeOrb|GoodasGold|MakeItRain,ShadowBall,NastyPlot,Protect||||||50|,,,,,Dragon]Volcarona||CovertCloak|FlameBody|FieryDance,TeraBlast,QuiverDance,Protect|||F|||50|,,,,,Fairy
|inactive|Battle timer is ON: inactive players will automatically lose when time's up. (requested by HelhiemFiend)
|
|t:|1756778895
|teamsize|p1|4
|teamsize|p2|4
|start
|switch|p1a: Sneasler|Sneasler, L50, F|100/100
|switch|p1b: Tyranitar|Tyranitar, L50, F|100/100
|switch|p2a: Earhart|Dragapult, L50, F|100/100
|switch|p2b: Gambling!|Sneasler, L50, M|100/100
|-weather|Sandstorm|[from] ability: Sand Stream|[of] p1b: Tyranitar
|turn|1
|inactive|HelhiemFiend has 30 seconds left.
|
|t:|1756778923
|switch|p1a: Indeedee|Indeedee, L50, M|100/100
|-fieldstart|move: Psychic Terrain|[from] ability: Psychic Surge|[of] p1a: Indeedee
|-terastallize|p1b: Tyranitar|Flying
|move|p2a: Earhart|U-turn|p1b: Tyranitar
|-resisted|p1b: Tyranitar
|-damage|p1b: Tyranitar|86/100
|
|t:|1756778931
|switch|p2a: Big Gamba|Kingambit, L50, M|100/100|[from] U-turn
|move|p2b: Gambling!|Dire Claw|p1a: Indeedee
|-damage|p1a: Indeedee|7/100
|-status|p1a: Indeedee|par
|move|p1b: Tyranitar|Knock Off|p2a: Big Gamba
|-resisted|p2a: Big Gamba
|-damage|p2a: Big Gamba|80/100
|-enditem|p2a: Big Gamba|Safety Goggles|[from] move: Knock Off|[of] p1b: Tyranitar
|
|-weather|Sandstorm|[upkeep]
|-damage|p2b: Gambling!|95/100|[from] Sandstorm
|-damage|p1a: Indeedee|1/100 par|[from] Sandstorm
|-damage|p1b: Tyranitar|80/100|[from] Sandstorm
|upkeep
|turn|2
|inactive|dragonboy2100 has 30 seconds left.
|inactive|HelhiemFiend has 30 seconds left.
|
|t:|1756778964
|switch|p1a: Sneasler|Sneasler, L50, F|100/100
|switch|p2a: Donkey Kong|Rillaboom, L50, M|100/100
|-fieldstart|move: Grassy Terrain|[from] ability: Grassy Surge|[of] p2a: Donkey Kong
|move|p2b: Gambling!|Protect|p2b: Gambling!
|-singleturn|p2b: Gambling!|Protect
|move|p1b: Tyranitar|Low Kick|p2a: Donkey Kong
|-damage|p2a: Donkey Kong|72/100
|
|-weather|Sandstorm|[upkeep]
|-damage|p1a: Sneasler|95/100|[from] Sandstorm
|-damage|p2b: Gambling!|89/100|[from] Sandstorm
|-damage|p2a: Donkey Kong|66/100|[from] Sandstorm
|-damage|p1b: Tyranitar|74/100|[from] Sandstorm
|-heal|p2b: Gambling!|95/100|[from] Grassy Terrain
|-heal|p1a: Sneasler|100/100|[from] Grassy Terrain
|-heal|p2a: Donkey Kong|72/100|[from] Grassy Terrain
|upkeep
|turn|3
|inactive|HelhiemFiend has 30 seconds left.
|
|t:|1756778994
|switch|p2b: Big Gamba|Kingambit, L50, M|80/100
|switch|p1b: Indeedee|Indeedee, L50, M|1/100 par
|-fieldstart|move: Psychic Terrain|[from] ability: Psychic Surge|[of] p1b: Indeedee
|move|p1a: Sneasler|Close Combat|p2a: Donkey Kong
|-damage|p2a: Donkey Kong|15/100
|-unboost|p1a: Sneasler|def|1
|-unboost|p1a: Sneasler|spd|1
|-enditem|p1a: Sneasler|White Herb
|-clearnegativeboost|p1a: Sneasler|[silent]
|move|p2a: Donkey Kong|U-turn|p1a: Sneasler
|-resisted|p1a: Sneasler
|-damage|p1a: Sneasler|90/100
|
|t:|1756779009
|switch|p2a: Gambling!|Sneasler, L50, M|95/100|[from] U-turn
|
|-weather|Sandstorm|[upkeep]
|-damage|p1a: Sneasler|84/100|[from] Sandstorm
|-damage|p2a: Gambling!|89/100|[from] Sandstorm
|-damage|p1b: Indeedee|0 fnt|[from] Sandstorm
|faint|p1b: Indeedee
|upkeep
|inactive|dragonboy2100 has 30 seconds left.
|inactive|dragonboy2100 has 20 seconds left.
|
|t:|1756779048
|switch|p1b: Tyranitar|Tyranitar, L50, F, tera:Flying|74/100
|turn|4
|inactive|dragonboy2100 has 30 seconds left.
|
|t:|1756779077
|move|p2b: Big Gamba|Protect|p2b: Big Gamba
|-singleturn|p2b: Big Gamba|Protect
|move|p1a: Sneasler|Close Combat|p2b: Big Gamba
|-activate|p2b: Big Gamba|move: Protect
|move|p2a: Gambling!|Close Combat|p1a: Sneasler
|-resisted|p1a: Sneasler
|-damage|p1a: Sneasler|34/100
|-unboost|p2a: Gambling!|def|1
|-unboost|p2a: Gambling!|spd|1
|move|p1b: Tyranitar|Tera Blast|p2a: Gambling!|[anim] Tera Blast Flying
|-supereffective|p2a: Gambling!
|-crit|p2a: Gambling!
|-damage|p2a: Gambling!|0 fnt
|faint|p2a: Gambling!
|
|-weather|Sandstorm|[upkeep]
|-damage|p1a: Sneasler|29/100|[from] Sandstorm
|-damage|p1b: Tyranitar|68/100|[from] Sandstorm
|upkeep
|
|t:|1756779095
|switch|p2a: Donkey Kong|Rillaboom, L50, M|15/100
|-fieldstart|move: Grassy Terrain|[from] ability: Grassy Surge|[of] p2a: Donkey Kong
|turn|5
|inactive|dragonboy2100 has 30 seconds left.
|
|t:|1756779126
|switch|p1b: Excadrill|Excadrill, L50, F|100/100
|-terastallize|p2b: Big Gamba|Dark
|move|p2a: Donkey Kong|Fake Out|p1a: Sneasler
|-damage|p1a: Sneasler|5/100
|cant|p1a: Sneasler|flinch
|move|p2b: Big Gamba|Kowtow Cleave|p1b: Excadrill
|-enditem|p1b: Excadrill|Focus Sash
|-damage|p1b: Excadrill|1/100
|
|-weather|none
|-heal|p1a: Sneasler|11/100|[from] Grassy Terrain
|-heal|p1b: Excadrill|7/100|[from] Grassy Terrain
|-heal|p2a: Donkey Kong|21/100|[from] Grassy Terrain
|-heal|p2b: Big Gamba|86/100|[from] Grassy Terrain
|upkeep
|turn|6
|c|☆dragonboy2100|gg
|-message|dragonboy2100 forfeited.
|raw|dragonboy2100's rating: 1196 → 1179(-17 for losing)
|raw|HelhiemFiend's rating: 1319 → 1332(+13 for winning)
|
|win|HelhiemFiend
|c|☆HelhiemFiend|gg
|l|☆dragonboy2100
|player|p1|
