|j|☆Alecat
|j|☆inadomi
|html|Alecatinadomi    
|uhtml|bestof|Game 1 of a best-of-3
|t:|1757216237
|gametype|doubles
|player|p1|Alecat|scientistf|1081
|player|p2|inadomi|lady-gen4|1125
|gen|9
|tier|[Gen 9] VGC 2025 Reg H (Bo3)
|rated|
|rule|Species Clause: Limit one of each Pokémon
|rule|Item Clause: Limit 1 of each item
|clearpoke
|poke|p1|Sneasler, L50, F|
|poke|p1|Rillaboom, L50, F|
|poke|p1|Magmar, L50, M|
|poke|p1|Espathra, L50, F|
|poke|p1|Kingambit, L50, F|
|poke|p1|Arcanine-Hisui, L50, M|
|poke|p2|Indeedee, L50, M|
|poke|p2|Drifblim, L50, M|
|poke|p2|Volcarona, L50, F|
|poke|p2|Kommo-o, L50, M|
|poke|p2|Toxtricity, L50, M|
|poke|p2|Hydreigon, L50, M|
|teampreview|4
|showteam|p1|Sneasler||FocusSash|Unburden|FakeOut,CloseCombat,DireClaw,Coaching|||F|||50|,,,,,Ghost]Rillaboom||AssaultVest|GrassySurge|FakeOut,WoodHammer,GrassyGlide,HighHorsepower|||F|||50|,,,,,Fire]Magmar||Eviolite|VitalSpirit|Protect,HeatWave,Taunt,FollowMe|||M|||50|,,,,,Dragon]Espathra||GrassySeed|SpeedBoost|Protect,StoredPower,TeraBlast,CalmMind|||F|||50|,,,,,Fighting]Kingambit||SafetyGoggles|Defiant|Protect,KowtowCleave,SuckerPunch,SwordsDance|||F|||50|,,,,,Dark]Arcanine-Hisui||LoadedDice|Intimidate|Protect,FlareBlitz,RockBlast,ExtremeSpeed|||M|||50|,,,,,Ghost
|showteam|p2|Indeedee||FocusSash|PsychicSurge|ExpandingForce,TeraBlast,Imprison,TrickRoom|||M|||50|,,,,,Ground]Drifblim||PsychicSeed|Unburden|Acrobatics,WillOWisp,StrengthSap,Tailwind|||M|||50|,,,,,Flying]Volcarona||LifeOrb|FlameBody|BugBuzz,HeatWave,TeraBlast,GigaDrain|||F|||50|,,,,,Fairy]Kommo-o||Leftovers|Soundproof|BodyPress,Flamethrower,IronDefense,Protect|||M|||50|,,,,,Fire]Toxtricity||ChoiceSpecs|PunkRock|Overdrive,SludgeBomb,Boomburst,VoltSwitch|||M|||50|,,,,,Normal]Hydreigon||AssaultVest|Levitate|DarkPulse,DracoMeteor,FlashCannon,Snarl|||M|||50|,,,,,Ghost
|inactive|Battle timer is ON: inactive players will automatically lose when time's up. (requested by inadomi)
|inactive|Alecat also wants the timer to be on.
|inactive|inadomi has 60 seconds left.
|
|t:|1757216285
|teamsize|p1|4
|teamsize|p2|4
|start
|switch|p1a: Kingambit|Kingambit, L50, F|100/100
|switch|p1b: Espathra|Espathra, L50, F|100/100
|switch|p2a: Drifblim|Drifblim, L50, M|100/100
|switch|p2b: Kommo-o|Kommo-o, L50, M|100/100
|turn|1
|inactive|Alecat has 30 seconds left.
|
|t:|1757216318
|switch|p2b: Indeedee|Indeedee, L50, M|100/100
|-fieldstart|move: Psychic Terrain|[from] ability: Psychic Surge|[of] p2b: Indeedee
|-enditem|p2a: Drifblim|Psychic Seed
|-boost|p2a: Drifblim|spd|1|[from] item: Psychic Seed
|move|p1a: Kingambit|Protect|p1a: Kingambit
|-singleturn|p1a: Kingambit|Protect
|move|p2a: Drifblim|Tailwind|p2a: Drifblim
|-sidestart|p2: inadomi|move: Tailwind
|move|p1b: Espathra|Calm Mind|p1b: Espathra
|-boost|p1b: Espathra|spa|1
|-boost|p1b: Espathra|spd|1
|
|-ability|p1b: Espathra|Speed Boost|boost
|-boost|p1b: Espathra|spe|1
|upkeep
|turn|2
|inactive|inadomi has 30 seconds left.
|inactive|inadomi has 20 seconds left.
|
|t:|1757216355
|move|p1b: Espathra|Protect|p1b: Espathra
|-singleturn|p1b: Espathra|Protect
|move|p1a: Kingambit|Sucker Punch||[still]
|-fail|p1a: Kingambit
|move|p2a: Drifblim|Will-O-Wisp|p1a: Kingambit
|-status|p1a: Kingambit|brn
|move|p2b: Indeedee|Tera Blast|p1b: Espathra
|-activate|p1b: Espathra|move: Protect
|
|-damage|p1a: Kingambit|95/100 brn|[from] brn
|-ability|p1b: Espathra|Speed Boost|boost
|-boost|p1b: Espathra|spe|1
|upkeep
|turn|3
|inactive|inadomi has 30 seconds left.
|
|t:|1757216383
|move|p2a: Drifblim|Acrobatics|p1b: Espathra
|-damage|p1b: Espathra|63/100
|move|p2b: Indeedee|Tera Blast|p1b: Espathra
|-damage|p1b: Espathra|39/100
|move|p1b: Espathra|Calm Mind|p1b: Espathra
|-boost|p1b: Espathra|spa|1
|-boost|p1b: Espathra|spd|1
|move|p1a: Kingambit|Swords Dance|p1a: Kingambit
|-boost|p1a: Kingambit|atk|2
|
|-damage|p1a: Kingambit|89/100 brn|[from] brn
|-ability|p1b: Espathra|Speed Boost|boost
|-boost|p1b: Espathra|spe|1
|upkeep
|turn|4
|
|t:|1757216400
|-terastallize|p2b: Indeedee|Ground
|move|p1b: Espathra|Protect|p1b: Espathra
|-singleturn|p1b: Espathra|Protect
|move|p2a: Drifblim|Acrobatics|p1b: Espathra
|-activate|p1b: Espathra|move: Protect
|move|p2b: Indeedee|Tera Blast|p1a: Kingambit|[anim] Tera Blast Ground
|-supereffective|p1a: Kingambit
|-damage|p1a: Kingambit|16/100 brn
|move|p1a: Kingambit|Kowtow Cleave|p2b: Indeedee
|-damage|p2b: Indeedee|2/100
|
|-damage|p1a: Kingambit|11/100 brn|[from] brn
|-sideend|p2: inadomi|move: Tailwind
|-ability|p1b: Espathra|Speed Boost|boost
|-boost|p1b: Espathra|spe|1
|upkeep
|turn|5
|inactive|Alecat has 30 seconds left.
|inactive|inadomi has 30 seconds left.
|
|t:|1757216432
|switch|p1a: Rillaboom|Rillaboom, L50, F|100/100
|-fieldstart|move: Grassy Terrain|[from] ability: Grassy Surge|[of] p1a: Rillaboom
|-enditem|p1b: Espathra|Grassy Seed
|-boost|p1b: Espathra|def|1|[from] item: Grassy Seed
|move|p1b: Espathra|Stored Power|p2a: Drifblim
|-damage|p2a: Drifblim|4/100
|move|p2a: Drifblim|Acrobatics|p1b: Espathra
|-damage|p1b: Espathra|15/100
|move|p2b: Indeedee|Expanding Force|p1b: Espathra
|-resisted|p1b: Espathra
|-damage|p1b: Espathra|6/100
|
|-heal|p1b: Espathra|12/100|[from] Grassy Terrain
|-heal|p2b: Indeedee|8/100|[from] Grassy Terrain
|-ability|p1b: Espathra|Speed Boost|boost
|-boost|p1b: Espathra|spe|1
|upkeep
|turn|6
|inactive|Alecat has 30 seconds left.
|inactive|inadomi has 30 seconds left.
|inactive|Alecat has 20 seconds left.
|inactive|Alecat has 15 seconds left.
|
|t:|1757216473
|move|p1a: Rillaboom|Grassy Glide|p2b: Indeedee
|-supereffective|p2b: Indeedee
|-damage|p2b: Indeedee|0 fnt
|faint|p2b: Indeedee
|move|p1b: Espathra|Stored Power|p2a: Drifblim
|-damage|p2a: Drifblim|0 fnt
|faint|p2a: Drifblim
|
|-heal|p1b: Espathra|18/100|[from] Grassy Terrain
|-ability|p1b: Espathra|Speed Boost|boost
|-boost|p1b: Espathra|spe|1
|upkeep
|
|t:|1757216484
|switch|p2b: Toxtricity|Toxtricity, L50, M|100/100
|switch|p2a: Kommo-o|Kommo-o, L50, M|100/100
|turn|7
|
|t:|1757216498
|switch|p1a: Sneasler|Sneasler, L50, F|100/100
|move|p1b: Espathra|Protect|p1b: Espathra
|-singleturn|p1b: Espathra|Protect
|move|p2b: Toxtricity|Boomburst|p1a: Sneasler|[spread] p1a
|-activate|p1b: Espathra|move: Protect
|-immune|p2a: Kommo-o|[from] ability: Soundproof
|-damage|p1a: Sneasler|8/100
|move|p2a: Kommo-o|Body Press|p1b: Espathra
|-activate|p1b: Espathra|move: Protect
|
|-heal|p1b: Espathra|24/100|[from] Grassy Terrain
|-heal|p1a: Sneasler|14/100|[from] Grassy Terrain
|upkeep
|turn|8
|
|t:|1757216522
|move|p1b: Espathra|Stored Power|p2b: Toxtricity
|-supereffective|p2b: Toxtricity
|-damage|p2b: Toxtricity|0 fnt
|faint|p2b: Toxtricity
|move|p1a: Sneasler|Coaching|p1b: Espathra
|-boost|p1b: Espathra|atk|1
|-boost|p1b: Espathra|def|1
|move|p2a: Kommo-o|Body Press|p1b: Espathra
|-resisted|p1b: Espathra
|-crit|p1b: Espathra
|-damage|p1b: Espathra|0 fnt
|faint|p1b: Espathra
|
|-heal|p1a: Sneasler|20/100|[from] Grassy Terrain
|upkeep
|
|t:|1757216537
|switch|p1b: Rillaboom|Rillaboom, L50, F|100/100
|turn|9
|
|t:|1757216549
|move|p2a: Kommo-o|Protect|p2a: Kommo-o
|-singleturn|p2a: Kommo-o|Protect
|move|p1b: Rillaboom|Fake Out|p2a: Kommo-o
|-activate|p2a: Kommo-o|move: Protect
|move|p1a: Sneasler|Coaching|p1b: Rillaboom
|-boost|p1b: Rillaboom|atk|1
|-boost|p1b: Rillaboom|def|1
|
|-heal|p1a: Sneasler|26/100|[from] Grassy Terrain
|-fieldend|move: Grassy Terrain
|upkeep
|turn|10
|
|t:|1757216564
|-terastallize|p1b: Rillaboom|Fire
|move|p1a: Sneasler|Dire Claw|p2a: Kommo-o
|-damage|p2a: Kommo-o|72/100
|-status|p2a: Kommo-o|psn
|move|p1b: Rillaboom|High Horsepower|p2a: Kommo-o
|-damage|p2a: Kommo-o|37/100 psn
|move|p2a: Kommo-o|Iron Defense|p2a: Kommo-o
|-boost|p2a: Kommo-o|def|2
|
|-heal|p2a: Kommo-o|43/100 psn|[from] item: Leftovers
|-damage|p2a: Kommo-o|31/100 psn|[from] psn
|upkeep
|turn|11
|-message|inadomi forfeited.
|
|win|Alecat
||inadomi is ready for game 2.
