|j|☆erichoerry
|j|‽Sbinnotto
|html|erichoerrySbinnotto    
|uhtml|bestof|Game 1 of a best-of-3
|t:|1757814729
|gametype|doubles
|player|p1|erichoerry|169|1114
|player|p2|Sbinnotto|clown|1051
|gen|9
|tier|[Gen 9] VGC 2025 Reg H (Bo3)
|rated|
|rule|Species Clause: Limit one of each Pokémon
|rule|Item Clause: Limit 1 of each item
|clearpoke
|poke|p1|Milotic, L50, F|
|poke|p1|Incineroar, L50, F|
|poke|p1|Sinistcha, L50|
|poke|p1|Ninetales-Alola, L50, F|
|poke|p1|Gholdengo, L50|
|poke|p1|Archaludon, L50, M|
|poke|p2|Sneasler, L50, M|
|poke|p2|Palossand, L50, M|
|poke|p2|Talonflame, L50, F|
|poke|p2|Volcarona, L50, F|
|poke|p2|Rillaboom, L50, M|
|poke|p2|Gholdengo, L50|
|teampreview|4
|showteam|p1|Milotic||FlameOrb|MarvelScale|MuddyWater,Coil,Hypnosis,Recover|||F|||50|,,,,,Poison]Incineroar||AssaultVest|Intimidate|FlareBlitz,KnockOff,Uturn,FakeOut|||F|||50|,,,,,Ghost]Sinistcha||SitrusBerry|Hospitality|MatchaGotcha,RagePowder,TrickRoom,LifeDew||||||50|,,,,,Water]Ninetales-Alola||CovertCloak|SnowWarning|FreezeDry,IcyWind,Moonblast,AuroraVeil|||F|||50|,,,,,Water]Gholdengo||MetalCoat|GoodasGold|MakeItRain,ShadowBall,NastyPlot,Protect||||||50|,,,,,Water]Archaludon||PowerHerb|Stalwart|ElectroShot,DragonPulse,FlashCannon,Protect|||M|||50|,,,,,Grass
|showteam|p2|Sneasler||FocusSash|Unburden|CloseCombat,DireClaw,ThroatChop,FakeOut|||M|||50|,,,,,Ghost]Palossand||Leftovers|WaterCompaction|EarthPower,AncientPower,ShoreUp,Protect|||M|||50|,,,,,Grass]Talonflame||CovertCloak|GaleWings|BraveBird,FlareBlitz,Tailwind,Taunt|||F|||50|,,,,,Dark]Volcarona||ChoiceSpecs|FlameBody|HeatWave,GigaDrain,TeraBlast,BugBuzz|||F|||50|,,,,,Water]Rillaboom||AssaultVest|GrassySurge|WoodHammer,HighHorsepower,GrassyGlide,FakeOut|||M|||50|,,,,,Fire]Gholdengo||LifeOrb|GoodasGold|MakeItRain,ShadowBall,Thunderbolt,Protect||||||50|,,,,,Steel
|inactive|Battle timer is ON: inactive players will automatically lose when time's up. (requested by Sbinnotto)
|inactive|erichoerry also wants the timer to be on.
|
|t:|1757814760
|teamsize|p1|4
|teamsize|p2|4
|start
|switch|p1a: Milotic|Milotic, L50, F|100/100
|switch|p1b: Incineroar|Incineroar, L50, F|100/100
|switch|p2a: Volcarona|Volcarona, L50, F|100/100
|switch|p2b: Gholdengo|Gholdengo, L50|100/100
|-ability|p1b: Incineroar|Intimidate|boost
|-unboost|p2a: Volcarona|atk|1
|-unboost|p2b: Gholdengo|atk|1
|turn|1
|
|t:|1757814781
|-terastallize|p2a: Volcarona|Water
|move|p2b: Gholdengo|Thunderbolt|p1a: Milotic
|-supereffective|p1a: Milotic
|-damage|p1a: Milotic|33/100
|-damage|p2b: Gholdengo|91/100|[from] item: Life Orb
|move|p2a: Volcarona|Tera Blast|p1b: Incineroar|[anim] Tera Blast Water
|-supereffective|p1b: Incineroar
|-damage|p1b: Incineroar|22/100
|move|p1a: Milotic|Recover|p1a: Milotic
|-heal|p1a: Milotic|83/100
|move|p1b: Incineroar|Knock Off|p2a: Volcarona
|-crit|p2a: Volcarona
|-damage|p2a: Volcarona|9/100
|-enditem|p2a: Volcarona|Choice Specs|[from] move: Knock Off|[of] p1b: Incineroar
|
|-status|p1a: Milotic|brn|[from] item: Flame Orb
|upkeep
|turn|2
|
|t:|1757814799
|switch|p1b: Sinistcha|Sinistcha, L50|100/100
|-heal|p1a: Milotic|100/100 brn|[from] ability: Hospitality|[of] p1b: Sinistcha
|move|p2b: Gholdengo|Shadow Ball|p1b: Sinistcha
|-supereffective|p1b: Sinistcha
|-damage|p1b: Sinistcha|0 fnt
|faint|p1b: Sinistcha
|-damage|p2b: Gholdengo|81/100|[from] item: Life Orb
|move|p2a: Volcarona|Giga Drain|p1a: Milotic
|-supereffective|p1a: Milotic
|-damage|p1a: Milotic|54/100 brn
|-heal|p2a: Volcarona|32/100|[from] drain|[of] p1a: Milotic
|move|p1a: Milotic|Muddy Water|p2b: Gholdengo|[spread] p2b
|-miss|p1a: Milotic|p2a: Volcarona
|-damage|p2b: Gholdengo|48/100
|
|-damage|p1a: Milotic|48/100 brn|[from] brn
|upkeep
|
|t:|1757814814
|switch|p1b: Ninetales|Ninetales-Alola, L50, F|100/100
|-weather|Snowscape|[from] ability: Snow Warning|[of] p1b: Ninetales
|turn|3
|
|t:|1757814820
|move|p1b: Ninetales|Freeze-Dry|p2a: Volcarona
|-supereffective|p2a: Volcarona
|-damage|p2a: Volcarona|0 fnt
|faint|p2a: Volcarona
|move|p2b: Gholdengo|Make It Rain|p1b: Ninetales|[spread] p1a,p1b
|-resisted|p1a: Milotic
|-supereffective|p1b: Ninetales
|-damage|p1a: Milotic|25/100 brn
|-damage|p1b: Ninetales|0 fnt
|-unboost|p2b: Gholdengo|spa|1
|faint|p1b: Ninetales
|-damage|p2b: Gholdengo|38/100|[from] item: Life Orb
|move|p1a: Milotic|Recover|p1a: Milotic
|-heal|p1a: Milotic|75/100 brn
|
|-weather|Snowscape|[upkeep]
|-damage|p1a: Milotic|70/100 brn|[from] brn
|upkeep
|
|t:|1757814830
|switch|p1b: Incineroar|Incineroar, L50, F|22/100
|switch|p2a: Sneasler|Sneasler, L50, M|100/100
|-ability|p1b: Incineroar|Intimidate|boost
|-unboost|p2a: Sneasler|atk|1
|-unboost|p2b: Gholdengo|atk|1
|turn|4
|
|t:|1757814852
|switch|p2b: Rillaboom|Rillaboom, L50, M|100/100
|-fieldstart|move: Grassy Terrain|[from] ability: Grassy Surge|[of] p2b: Rillaboom
|-terastallize|p1a: Milotic|Poison
|move|p2a: Sneasler|Fake Out|p1b: Incineroar
|-damage|p1b: Incineroar|11/100
|cant|p1b: Incineroar|flinch
|move|p1a: Milotic|Coil|p1a: Milotic
|-boost|p1a: Milotic|atk|1
|-boost|p1a: Milotic|def|1
|-boost|p1a: Milotic|accuracy|1
|
|-weather|Snowscape|[upkeep]
|-heal|p1a: Milotic|75/100 brn|[from] Grassy Terrain
|-heal|p1b: Incineroar|17/100|[from] Grassy Terrain
|-damage|p1a: Milotic|70/100 brn|[from] brn
|upkeep
|turn|5
|
|t:|1757814875
|move|p2b: Rillaboom|Fake Out|p1a: Milotic
|-damage|p1a: Milotic|64/100 brn
|move|p2a: Sneasler|Dire Claw|p1b: Incineroar
|-damage|p1b: Incineroar|0 fnt
|faint|p1b: Incineroar
|cant|p1a: Milotic|flinch
|
|-weather|Snowscape|[upkeep]
|-heal|p1a: Milotic|70/100 brn|[from] Grassy Terrain
|-damage|p1a: Milotic|64/100 brn|[from] brn
|upkeep
|turn|6
|
|t:|1757814889
|move|p2a: Sneasler|Close Combat|p1a: Milotic
|-resisted|p1a: Milotic
|-damage|p1a: Milotic|54/100 brn
|-unboost|p2a: Sneasler|def|1
|-unboost|p2a: Sneasler|spd|1
|move|p1a: Milotic|Coil|p1a: Milotic
|-boost|p1a: Milotic|atk|1
|-boost|p1a: Milotic|def|1
|-boost|p1a: Milotic|accuracy|1
|move|p2b: Rillaboom|High Horsepower|p1a: Milotic
|-supereffective|p1a: Milotic
|-damage|p1a: Milotic|31/100 brn
|
|-weather|Snowscape|[upkeep]
|-heal|p1a: Milotic|37/100 brn|[from] Grassy Terrain
|-damage|p1a: Milotic|31/100 brn|[from] brn
|upkeep
|turn|7
|
|t:|1757814900
|move|p2a: Sneasler|Throat Chop|p1a: Milotic
|-damage|p1a: Milotic|25/100 brn
|-start|p1a: Milotic|Throat Chop|[silent]
|move|p1a: Milotic|Recover|p1a: Milotic
|-heal|p1a: Milotic|75/100 brn
|move|p2b: Rillaboom|High Horsepower|p1a: Milotic
|-supereffective|p1a: Milotic
|-damage|p1a: Milotic|54/100 brn
|
|-weather|none
|-heal|p1a: Milotic|60/100 brn|[from] Grassy Terrain
|-damage|p1a: Milotic|54/100 brn|[from] brn
|upkeep
|turn|8
|
|t:|1757814907
|move|p2a: Sneasler|Dire Claw|p1a: Milotic
|-resisted|p1a: Milotic
|-damage|p1a: Milotic|49/100 brn
|move|p1a: Milotic|Recover|p1a: Milotic
|-heal|p1a: Milotic|99/100 brn
|move|p2b: Rillaboom|High Horsepower|p1a: Milotic
|-supereffective|p1a: Milotic
|-damage|p1a: Milotic|78/100 brn
|
|-heal|p1a: Milotic|83/100 brn|[from] Grassy Terrain
|-damage|p1a: Milotic|78/100 brn|[from] brn
|-end|p1a: Milotic|Throat Chop|[silent]
|-fieldend|move: Grassy Terrain
|upkeep
|turn|9
|
|t:|1757814921
|move|p2a: Sneasler|Throat Chop|p1a: Milotic
|-damage|p1a: Milotic|71/100 brn
|-start|p1a: Milotic|Throat Chop|[silent]
|move|p1a: Milotic|Coil|p1a: Milotic
|-boost|p1a: Milotic|atk|1
|-boost|p1a: Milotic|def|1
|-boost|p1a: Milotic|accuracy|1
|move|p2b: Rillaboom|High Horsepower|p1a: Milotic
|-supereffective|p1a: Milotic
|-damage|p1a: Milotic|54/100 brn
|
|-damage|p1a: Milotic|48/100 brn|[from] brn
|upkeep
|turn|10
|
|t:|1757814928
|move|p2a: Sneasler|Throat Chop|p1a: Milotic
|-damage|p1a: Milotic|43/100 brn
|move|p1a: Milotic|Coil|p1a: Milotic
|-boost|p1a: Milotic|atk|1
|-boost|p1a: Milotic|def|1
|-boost|p1a: Milotic|accuracy|1
|move|p2b: Rillaboom|High Horsepower|p1a: Milotic
|-supereffective|p1a: Milotic
|-damage|p1a: Milotic|29/100 brn
|
|-damage|p1a: Milotic|23/100 brn|[from] brn
|-end|p1a: Milotic|Throat Chop|[silent]
|upkeep
|turn|11
|
|t:|1757814936
|switch|p2a: Gholdengo|Gholdengo, L50|38/100
|move|p1a: Milotic|Recover|p1a: Milotic
|-heal|p1a: Milotic|73/100 brn
|move|p2b: Rillaboom|High Horsepower|p1a: Milotic
|-supereffective|p1a: Milotic
|-damage|p1a: Milotic|57/100 brn
|
|-damage|p1a: Milotic|51/100 brn|[from] brn
|upkeep
|turn|12
|
|t:|1757814943
|move|p2a: Gholdengo|Shadow Ball|p1a: Milotic
|-damage|p1a: Milotic|9/100 brn
|-damage|p2a: Gholdengo|28/100|[from] item: Life Orb
|move|p1a: Milotic|Recover|p1a: Milotic
|-heal|p1a: Milotic|59/100 brn
|move|p2b: Rillaboom|High Horsepower|p1a: Milotic
|-supereffective|p1a: Milotic
|-damage|p1a: Milotic|45/100 brn
|
|-damage|p1a: Milotic|39/100 brn|[from] brn
|upkeep
|turn|13
|
|t:|1757814952
|move|p2a: Gholdengo|Shadow Ball|p1a: Milotic
|-damage|p1a: Milotic|0 fnt
|faint|p1a: Milotic
|-damage|p2a: Gholdengo|18/100|[from] item: Life Orb
|
|win|Sbinnotto
||erichoerry is ready for game 2.
||Sbinnotto is ready for game 2.
|uhtml|next|Next: Game 2 of 3
