|j|☆UndeadParadox
|j|☆colemarcusvgc
|html|UndeadParadoxcolemarcusvgc    
|uhtml|bestof|Game 1 of a best-of-3
|t:|1756871205
|gametype|doubles
|player|p1|UndeadParadox|guitarist|1304
|player|p2|colemarcusvgc|n|1182
|gen|9
|tier|[Gen 9] VGC 2025 Reg H (Bo3)
|rated|
|rule|Species Clause: Limit one of each Pokémon
|rule|Item Clause: Limit 1 of each item
|clearpoke
|poke|p1|Sneasler, L50, F|
|poke|p1|Rillaboom, L50, M|
|poke|p1|Incineroar, L50, M|
|poke|p1|Gholdengo, L50|
|poke|p1|Hydreigon, L50, M|
|poke|p1|Gengar, L50, F|
|poke|p2|Indeedee-F, L50, F|
|poke|p2|Hatterene, L50, F|
|poke|p2|Gallade, L50, M|
|poke|p2|Ursaluna, L50, M|
|poke|p2|Lilligant-Hisui, L50, F|
|poke|p2|Torkoal, L50, M|
|teampreview|4
|showteam|p1|Sneasler||GrassySeed|Unburden|CloseCombat,DireClaw,Acrobatics,Protect|||F|||50|,,,,,Flying]Rillaboom||AssaultVest|GrassySurge|WoodHammer,GrassyGlide,FakeOut,HighHorsepower|||M|||50|,,,,,Fire]Incineroar||SafetyGoggles|Intimidate|FlareBlitz,KnockOff,PartingShot,FakeOut|||M|||50|,,,,,Ghost]Gholdengo||MetalCoat|GoodasGold|Protect,MakeItRain,ShadowBall,NastyPlot||||||50|,,,,,Water]Hydreigon||LifeOrb|Levitate|Flamethrower,DracoMeteor,DarkPulse,Protect|||M|||50|,,,,,Fire]Gengar||FocusSash|CursedBody|ShadowBall,Haze,Taunt,IcyWind|||F|||50|,,,,,Ghost
|showteam|p2|Indeedee-F||PsychicSeed|PsychicSurge|TrickRoom,FollowMe,HelpingHand,DazzlingGleam|||F|||50|,,,,,Fire]Hatterene||LifeOrb|MagicBounce|ExpandingForce,TrickRoom,DazzlingGleam,Protect|||F|||50|,,,,,Psychic]Gallade||ClearAmulet|Sharpness|PsychoCut,TrickRoom,SacredSword,WideGuard|||M|||50|,,,,,Grass]Ursaluna||FlameOrb|Guts|HeadlongRush,Facade,SwordsDance,Protect|||M|||50|,,,,,Ghost]Lilligant-Hisui||FocusSash|Chlorophyll|SolarBlade,SleepPowder,CloseCombat,AfterYou|||F|||50|,,,,,Ghost]Torkoal||ChoiceSpecs|Drought|Eruption,HeatWave,WeatherBall,EarthPower|||M|||50|,,,,,Fire
|inactive|Battle timer is ON: inactive players will automatically lose when time's up. (requested by colemarcusvgc)
|
|t:|1756871263
|teamsize|p1|4
|teamsize|p2|4
|start
|switch|p1a: Incineroar|Incineroar, L50, M, shiny|100/100
|switch|p1b: Gholdengo|Gholdengo, L50, shiny|100/100
|switch|p2a: Indeedee|Indeedee-F, L50, F|100/100
|switch|p2b: Ursaluna|Ursaluna, L50, M|100/100
|-ability|p1a: Incineroar|Intimidate|boost
|-unboost|p2a: Indeedee|atk|1
|-unboost|p2b: Ursaluna|atk|1
|-fieldstart|move: Psychic Terrain|[from] ability: Psychic Surge|[of] p2a: Indeedee
|-enditem|p2a: Indeedee|Psychic Seed
|-boost|p2a: Indeedee|spd|1|[from] item: Psychic Seed
|turn|1
|
|t:|1756871283
|switch|p1b: Rillaboom|Rillaboom, L50, M|100/100
|-fieldstart|move: Grassy Terrain|[from] ability: Grassy Surge|[of] p1b: Rillaboom
|move|p1a: Incineroar|Fake Out|p2a: Indeedee
|-damage|p2a: Indeedee|87/100
|move|p2b: Ursaluna|Swords Dance|p2b: Ursaluna
|-boost|p2b: Ursaluna|atk|2
|cant|p2a: Indeedee|flinch
|
|-heal|p2a: Indeedee|93/100|[from] Grassy Terrain
|-status|p2b: Ursaluna|brn|[from] item: Flame Orb
|upkeep
|turn|2
|inactive|UndeadParadox has 30 seconds left.
|inactive|UndeadParadox has 20 seconds left.
|inactive|UndeadParadox has 15 seconds left.
|
|t:|1756871327
|switch|p2b: Hatterene|Hatterene, L50, F, shiny|100/100
|move|p1b: Rillaboom|Fake Out|p2a: Indeedee
|-damage|p2a: Indeedee|81/100
|move|p1a: Incineroar|Knock Off|p2a: Indeedee
|-supereffective|p2a: Indeedee
|-damage|p2a: Indeedee|25/100
|cant|p2a: Indeedee|flinch
|
|-heal|p2a: Indeedee|32/100|[from] Grassy Terrain
|upkeep
|turn|3
|
|t:|1756871347
|move|p2a: Indeedee|Follow Me|p2a: Indeedee
|-singleturn|p2a: Indeedee|move: Follow Me
|move|p1b: Rillaboom|Wood Hammer|p2a: Indeedee
|-damage|p2a: Indeedee|0 fnt
|faint|p2a: Indeedee
|-damage|p1b: Rillaboom|92/100|[from] Recoil
|move|p1a: Incineroar|Knock Off|p2b: Hatterene
|-damage|p2b: Hatterene|51/100
|-enditem|p2b: Hatterene|Life Orb|[from] move: Knock Off|[of] p1a: Incineroar
|move|p2b: Hatterene|Trick Room|p2b: Hatterene
|-fieldstart|move: Trick Room|[of] p2b: Hatterene
|
|-heal|p2b: Hatterene|57/100|[from] Grassy Terrain
|-heal|p1b: Rillaboom|98/100|[from] Grassy Terrain
|upkeep
|
|t:|1756871360
|switch|p2a: Gallade|Gallade, L50, M, shiny|100/100
|turn|4
|
|t:|1756871381
|switch|p1a: Gholdengo|Gholdengo, L50, shiny|100/100
|move|p2b: Hatterene|Dazzling Gleam|p1b: Rillaboom|[spread] p1a,p1b
|-resisted|p1a: Gholdengo
|-damage|p1a: Gholdengo|82/100
|-damage|p1b: Rillaboom|72/100
|move|p2a: Gallade|Sacred Sword|p1a: Gholdengo
|-immune|p1a: Gholdengo
|move|p1b: Rillaboom|Wood Hammer|p2a: Gallade
|-damage|p2a: Gallade|0 fnt
|faint|p2a: Gallade
|-damage|p1b: Rillaboom|44/100|[from] Recoil
|
|-heal|p2b: Hatterene|63/100|[from] Grassy Terrain
|-heal|p1b: Rillaboom|50/100|[from] Grassy Terrain
|-heal|p1a: Gholdengo|88/100|[from] Grassy Terrain
|upkeep
|
|t:|1756871396
|switch|p2a: Ursaluna|Ursaluna, L50, M|100/100 brn
|turn|5
|
|t:|1756871406
|-terastallize|p2a: Ursaluna|Ghost
|move|p1a: Gholdengo|Protect|p1a: Gholdengo
|-singleturn|p1a: Gholdengo|Protect
|move|p1b: Rillaboom|Grassy Glide|p2a: Ursaluna
|-damage|p2a: Ursaluna|74/100 brn
|move|p2b: Hatterene|Expanding Force|p1b: Rillaboom
|-damage|p1b: Rillaboom|16/100
|move|p2a: Ursaluna|Facade|p1a: Gholdengo
|-activate|p1a: Gholdengo|move: Protect
|
|-heal|p2b: Hatterene|68/100|[from] Grassy Terrain
|-heal|p2a: Ursaluna|80/100 brn|[from] Grassy Terrain
|-heal|p1b: Rillaboom|22/100|[from] Grassy Terrain
|-heal|p1a: Gholdengo|94/100|[from] Grassy Terrain
|-damage|p2a: Ursaluna|74/100 brn|[from] brn
|-fieldend|move: Grassy Terrain
|upkeep
|turn|6
|
|t:|1756871427
|switch|p1b: Hydreigon|Hydreigon, L50, M, shiny|100/100
|switch|p1a: Incineroar|Incineroar, L50, M, shiny|100/100
|-ability|p1a: Incineroar|Intimidate|boost
|-unboost|p2a: Ursaluna|atk|1
|-unboost|p2b: Hatterene|atk|1
|move|p2a: Ursaluna|Protect|p2a: Ursaluna
|-singleturn|p2a: Ursaluna|Protect
|move|p2b: Hatterene|Expanding Force|p1b: Hydreigon
|-immune|p1b: Hydreigon
|
|-damage|p2a: Ursaluna|68/100 brn|[from] brn
|upkeep
|turn|7
|
|t:|1756871448
|move|p2b: Hatterene|Protect|p2b: Hatterene
|-singleturn|p2b: Hatterene|Protect
|move|p1a: Incineroar|Fake Out|p2b: Hatterene
|-activate|p2b: Hatterene|move: Protect
|move|p2a: Ursaluna|Facade|p1b: Hydreigon
|-damage|p1b: Hydreigon|10/100
|move|p1b: Hydreigon|Dark Pulse|p2a: Ursaluna
|-supereffective|p2a: Ursaluna
|-damage|p2a: Ursaluna|0 fnt
|faint|p2a: Ursaluna
|-damage|p1b: Hydreigon|0 fnt|[from] item: Life Orb
|faint|p1b: Hydreigon
|
|-fieldend|move: Trick Room
|upkeep
|
|t:|1756871461
|switch|p1b: Gholdengo|Gholdengo, L50, shiny|94/100
|turn|8
|
|t:|1756871465
|move|p1b: Gholdengo|Make It Rain|p2b: Hatterene
|-supereffective|p2b: Hatterene
|-crit|p2b: Hatterene
|-damage|p2b: Hatterene|0 fnt
|-unboost|p1b: Gholdengo|spa|1
|faint|p2b: Hatterene
|
|win|UndeadParadox
||colemarcusvgc is ready for game 2.
||UndeadParadox is ready for game 2.
|uhtml|next|Next: Game 2 of 3
|l|☆colemarcusvgc
|player|p2|
