|j|☆issacnewtoniscool
|j|☆turts327
|html|issacnewtoniscoolturts327    
|uhtml|bestof|Game 2 of a best-of-3
|t:|1782319097
|gametype|doubles
|player|p1|issacnewtoniscool|2|1033
|player|p2|turts327|unknown|1077
|gen|9
|tier|[Gen 9 Champions] VGC 2026 Reg M-B (Bo3)
|rated|
|rule|Species Clause: Limit one of each Pokémon
|rule|Item Clause: Limit 1 of each item
|clearpoke
|poke|p1|Toxapex, L50, M, shiny|
|poke|p1|Charizard, L50, F, shiny|
|poke|p1|Incineroar, L50, M, shiny|
|poke|p1|Grimmsnarl, L50, M, shiny|
|poke|p1|Gholdengo, L50, shiny|
|poke|p1|Garchomp, L50, F|
|poke|p2|Raichu, L50, M|
|poke|p2|Farigiraf, L50, F|
|poke|p2|Dragonite, L50, F|
|poke|p2|Toxapex, L50, F|
|poke|p2|Incineroar, L50, M|
|poke|p2|Corviknight, L50, F|
|teampreview|4
|showteam|p1|Toxapex||Leftovers|Regenerator|BanefulBunker,Infestation,Toxic,WideGuard|Relaxed||M|||50|]Charizard||CharizarditeY|Blaze|HeatWave,WeatherBall,SolarBeam,Protect|Timid||F|||50|]Incineroar||SitrusBerry|Intimidate|FakeOut,FlareBlitz,ThroatChop,PartingShot|Impish||M|||50|]Grimmsnarl||LightClay|Prankster|FakeOut,Reflect,LightScreen,PartingShot|Impish||M|||50|]Gholdengo||LifeOrb|GoodasGold|MakeItRain,ShadowBall,NastyPlot,Protect|Modest|||||50|]Garchomp||ChoiceScarf|RoughSkin|DragonClaw,Earthquake,StompingTantrum,RockSlide|Adamant||F|||50|
|showteam|p2|Raichu||RaichuniteY|LightningRod|Protect,FocusBlast,ZapCannon,VoltSwitch|Modest||M|||50|]Farigiraf||SitrusBerry|ArmorTail|Protect,HyperVoice,NastyPlot,Imprison|Bold||F|||50|]Dragonite||LifeOrb|Multiscale|Protect,ExtremeSpeed,StoneEdge,BreakingSwipe|Adamant||F|||50|]Toxapex||Leftovers|Merciless|BanefulBunker,WideGuard,Toxic,Infestation|Bold||F|||50|]Incineroar||ChartiBerry|Intimidate|FakeOut,FlareBlitz,ThroatChop,PartingShot|Impish||M|||50|]Corviknight||LightClay|MirrorArmor|Reflect,IronDefense,BodyPress,LightScreen|Bold||F|||50|
|inactive|Battle timer is ON: inactive players will automatically lose when time's up. (requested by turts327)
|
|t:|1782319119
|teamsize|p1|4
|teamsize|p2|4
|start
|switch|p1a: Charizard|Charizard, L50, F, shiny|100/100
|switch|p1b: Garchomp|Garchomp, L50, F|100/100
|switch|p2a: Incineroar|Incineroar, L50, M|100/100
|switch|p2b: Raichu|Raichu, L50, M|100/100
|-ability|p2a: Incineroar|Intimidate|boost
|-unboost|p1a: Charizard|atk|1
|-unboost|p1b: Garchomp|atk|1
|turn|1
|
|t:|1782319134
|move|p2b: Raichu|Protect|p2b: Raichu
|-singleturn|p2b: Raichu|Protect
|move|p1a: Charizard|Protect|p1a: Charizard
|-singleturn|p1a: Charizard|Protect
|move|p1b: Garchomp|Earthquake|p2a: Incineroar|[spread] p2a
|-activate|p1a: Charizard|move: Protect
|-activate|p2b: Raichu|move: Protect
|-supereffective|p2a: Incineroar|1
|-damage|p2a: Incineroar|55/100
|move|p2a: Incineroar|Parting Shot|p1b: Garchomp
|-unboost|p1b: Garchomp|atk|1
|-unboost|p1b: Garchomp|spa|1
|
|t:|1782319150
|switch|p2a: Dragonite|Dragonite, L50, F|100/100|[from] Parting Shot
|
|upkeep
|turn|2
|
|t:|1782319161
|switch|p2b: Incineroar|Incineroar, L50, M|55/100
|-ability|p2b: Incineroar|Intimidate|boost
|-unboost|p1a: Charizard|atk|1
|-unboost|p1b: Garchomp|atk|1
|detailschange|p1a: Charizard|Charizard-Mega-Y, L50, F, shiny
|-mega|p1a: Charizard|Charizard|Charizardite Y
|-weather|SunnyDay|[from] ability: Drought|[of] p1a: Charizard
|move|p1b: Garchomp|Earthquake|p2a: Dragonite|[spread] p2b
|-immune|p1a: Charizard
|-immune|p2a: Dragonite
|-supereffective|p2b: Incineroar|1
|-damage|p2b: Incineroar|27/100
|move|p1a: Charizard|Weather Ball|p2b: Incineroar
|-resisted|p2b: Incineroar|1
|-damage|p2b: Incineroar|0 fnt
|faint|p2b: Incineroar
|move|p2a: Dragonite|Breaking Swipe|p1b: Garchomp|[spread] p1a,p1b
|-supereffective|p1b: Garchomp|1
|-damage|p1a: Charizard|65/100
|-damage|p1b: Garchomp|28/100
|-unboost|p1a: Charizard|atk|1
|-unboost|p1b: Garchomp|atk|1
|-damage|p2a: Dragonite|87/100|[from] ability: Rough Skin|[of] p1b: Garchomp
|-damage|p2a: Dragonite|78/100|[from] item: Life Orb
|
|-weather|SunnyDay|[upkeep]
|upkeep
|
|t:|1782319181
|switch|p2b: Corviknight|Corviknight, L50, F|100/100
|turn|3
|
|t:|1782319200
|switch|p1b: Gholdengo|Gholdengo, L50, shiny|100/100
|switch|p2b: Raichu|Raichu, L50, M|100/100
|move|p1a: Charizard|Weather Ball|p2b: Raichu
|-damage|p2b: Raichu|0 fnt
|faint|p2b: Raichu
|move|p2a: Dragonite|Stone Edge|p1a: Charizard
|-supereffective|p1a: Charizard|2
|-damage|p1a: Charizard|0 fnt
|faint|p1a: Charizard
|-damage|p2a: Dragonite|68/100|[from] item: Life Orb
|
|-weather|SunnyDay|[upkeep]
|upkeep
|
|t:|1782319210
|switch|p2b: Corviknight|Corviknight, L50, F|100/100
|switch|p1a: Incineroar|Incineroar, L50, M, shiny|100/100
|-ability|p1a: Incineroar|Intimidate|boost
|-unboost|p2a: Dragonite|atk|1
|-ability|p2b: Corviknight|Mirror Armor
|-unboost|p1a: Incineroar|atk|1
|turn|4
|
|t:|1782319227
|move|p1a: Incineroar|Fake Out|p2a: Dragonite
|-damage|p2a: Dragonite|62/100
|move|p1b: Gholdengo|Nasty Plot|p1b: Gholdengo
|-boost|p1b: Gholdengo|spa|2
|cant|p2a: Dragonite|flinch
|move|p2b: Corviknight|Iron Defense|p2b: Corviknight
|-boost|p2b: Corviknight|def|2
|
|-weather|SunnyDay|[upkeep]
|upkeep
|turn|5
|
|t:|1782319240
|move|p1b: Gholdengo|Shadow Ball|p2a: Dragonite
|-damage|p2a: Dragonite|0 fnt
|faint|p2a: Dragonite
|-damage|p1b: Gholdengo|90/100|[from] item: Life Orb
|move|p2b: Corviknight|Iron Defense|p2b: Corviknight
|-boost|p2b: Corviknight|def|2
|move|p1a: Incineroar|Parting Shot|p2b: Corviknight
|-ability|p2b: Corviknight|Mirror Armor
|-unboost|p1a: Incineroar|atk|1
|-ability|p2b: Corviknight|Mirror Armor
|-unboost|p1a: Incineroar|spa|1
|
|t:|1782319243
|switch|p1a: Garchomp|Garchomp, L50, F|28/100|[from] Parting Shot
|
|-weather|SunnyDay|[upkeep]
|upkeep
|turn|6
|
|t:|1782319254
|move|p1a: Garchomp|Rock Slide|p2b: Corviknight
|-damage|p2b: Corviknight|93/100
|move|p1b: Gholdengo|Nasty Plot|p1b: Gholdengo
|-boost|p1b: Gholdengo|spa|2
|move|p2b: Corviknight|Light Screen|p2b: Corviknight
|-sidestart|p2: turts327|move: Light Screen
|
|-weather|none
|upkeep
|turn|7
|
|t:|1782319271
|move|p1a: Garchomp|Rock Slide|p2b: Corviknight
|-damage|p2b: Corviknight|87/100
|move|p1b: Gholdengo|Shadow Ball|p2b: Corviknight
|-damage|p2b: Corviknight|0 fnt
|faint|p2b: Corviknight
|-damage|p1b: Gholdengo|81/100|[from] item: Life Orb
|
|win|issacnewtoniscool
|raw|issacnewtoniscool's rating: 1033 → 1072(+39 for winning)
|raw|turts327's rating: 1077 → 1053(-24 for losing)
|c|☆turts327|gg
|l|☆issacnewtoniscool
|player|p1|
