|badge|p1|gold|gen9randombattle|3-10
|uhtml|medal-msg|Curious what those medals under the avatar are? PS now has Ladder Seasons! For more information, check out the thread on Smogon.
|j|☆MichaelderBeste2
|j|☆dominicex
|html|MichaelderBeste2dominicex    
|uhtml|bestof|Game 3 of a best-of-3
|t:|1785691109
|gametype|doubles
|player|p1|MichaelderBeste2|#wcop2026germany|
|player|p2|dominicex|#smogonxnpa2026draftee|
|gen|9
|tier|[Gen 9 Champions] VGC 2026 Reg M-B (Bo3)
|rule|Species Clause: Limit one of each Pokémon
|rule|Item Clause: Limit 1 of each item
|clearpoke
|poke|p1|Kingambit, L50, F|
|poke|p1|Ninetales-Alola, L50, F|
|poke|p1|Incineroar, L50, F|
|poke|p1|Dragonite, L50, F|
|poke|p1|Sneasler, L50, M|
|poke|p1|Gengar, L50, M|
|poke|p2|Staraptor, L50, F|
|poke|p2|Gholdengo, L50|
|poke|p2|Sinistcha, L50|
|poke|p2|Incineroar, L50, M|
|poke|p2|Arcanine-Hisui, L50, M|
|poke|p2|Ninetales-Alola, L50, M|
|teampreview|4
|showteam|p1|Kingambit||BlackGlasses|Defiant|KowtowCleave,SuckerPunch,LowKick,Protect|Adamant||F|||50|]Ninetales-Alola||ChoiceScarf|SnowWarning|Blizzard,FreezeDry,IcyWind,Encore|Timid||F|||50|]Incineroar||SitrusBerry|Intimidate|FlareBlitz,ThroatChop,FakeOut,PartingShot|Impish||F|||50|]Dragonite||LifeOrb|InnerFocus|DragonClaw,Superpower,ExtremeSpeed,Protect|Adamant||F|||50|]Sneasler||FocusSash|Unburden|CloseCombat,DireClaw,RockSlide,Protect|Adamant||M|||50|]Gengar||Gengarite|CursedBody|SludgeBomb,ShadowBall,Substitute,Protect|Modest||M|||50|
|showteam|p2|Staraptor||Staraptite|Intimidate|CloseCombat,BraveBird,Roost,Protect|Jolly||F|||50|]Gholdengo||LifeOrb|GoodasGold|MakeItRain,ShadowBall,NastyPlot,Protect|Modest|||||50|]Sinistcha||ColburBerry|Hospitality|MatchaGotcha,RagePowder,TrickRoom,StrengthSap|Calm|||||50|]Incineroar||SitrusBerry|Intimidate|FakeOut,FlareBlitz,DarkestLariat,PartingShot|Impish||M|||50|]Arcanine-Hisui||FocusSash|RockHead|FlareBlitz,HeadSmash,ExtremeSpeed,Protect|Adamant||M|||50|]Ninetales-Alola||NeverMeltIce|SnowWarning|Blizzard,FreezeDry,Encore,Protect|Timid||M|||50|
|j|+Radio Free C-Side
|j| FRD DecK
|j| 0-x ft wayne
|j| thepokemonuploads
|j| Schister
|j| icypenguin604
|j| darthmorton
|inactive|Battle timer is ON: inactive players will automatically lose when time's up. (requested by MichaelderBeste2)
|j| AIRedzone
|j| KIoyZ
|l| KIoyZ
|l| AIRedzone
|j|+iPetBigfoot
|j| elladine
|inactive|MichaelderBeste2 has 60 seconds left.
|inactive|dominicex has 60 seconds left.
|j|+zee
|j| TrueView
|inactive|MichaelderBeste2 has 30 seconds left.
|inactive|MichaelderBeste2 has 20 seconds left.
|j| val16
|inactive|MichaelderBeste2 has 15 seconds left.
|
|t:|1785691192
|teamsize|p1|4
|teamsize|p2|4
|start
|switch|p1a: Incineroar|Incineroar, L50, F|100/100
|switch|p1b: Gengar|Gengar, L50, M|100/100
|switch|p2a: Staraptor|Staraptor, L50, F|100/100
|switch|p2b: Gholdengo|Gholdengo, L50|100/100
|-ability|p2a: Staraptor|Intimidate|boost
|-unboost|p1a: Incineroar|atk|1
|-unboost|p1b: Gengar|atk|1
|-ability|p1a: Incineroar|Intimidate|boost
|-unboost|p2a: Staraptor|atk|1
|-unboost|p2b: Gholdengo|atk|1
|turn|1
|l| Schister
|l| darthmorton
|j| Schister
|inactive|dominicex has 30 seconds left.
|inactive|MichaelderBeste2 has 30 seconds left.
|j| darthmorton
|inactive|dominicex has 20 seconds left.
|
|t:|1785691231
|switch|p2a: Sinistcha|Sinistcha, L50|100/100
|detailschange|p1b: Gengar|Gengar-Mega, L50, M
|-mega|p1b: Gengar|Gengar|Gengarite
|move|p2b: Gholdengo|Protect|p2b: Gholdengo
|-singleturn|p2b: Gholdengo|Protect
|move|p1a: Incineroar|Fake Out|p2a: Sinistcha
|-immune|p2a: Sinistcha
|move|p1b: Gengar|Shadow Ball|p2b: Gholdengo
|-activate|p2b: Gholdengo|move: Protect
|
|upkeep
|turn|2
|l|+iPetBigfoot
|j|+iPetBigfoot
|inactive|dominicex has 30 seconds left.
|inactive|MichaelderBeste2 has 30 seconds left.
|inactive|dominicex has 20 seconds left.
|inactive|dominicex has 15 seconds left.
|inactive|dominicex has 10 seconds left.
|
|t:|1785691278
|switch|p2b: Staraptor|Staraptor, L50, F|100/100
|-ability|p2b: Staraptor|Intimidate|boost
|-unboost|p1a: Incineroar|atk|1
|-unboost|p1b: Gengar|atk|1
|move|p1b: Gengar|Protect|p1b: Gengar
|-singleturn|p1b: Gengar|Protect
|move|p1a: Incineroar|Parting Shot|p2a: Sinistcha
|-unboost|p2a: Sinistcha|atk|1
|-unboost|p2a: Sinistcha|spa|1
|
|t:|1785691284
|switch|p1a: Ninetales|Ninetales-Alola, L50, F|100/100|[from] Parting Shot
|-weather|Snowscape|[from] ability: Snow Warning|[of] p1a: Ninetales
|move|p2a: Sinistcha|Trick Room|p2a: Sinistcha
|-fieldstart|move: Trick Room|[of] p2a: Sinistcha
|
|-weather|Snowscape|[upkeep]
|upkeep
|turn|3
|j| Lmk
|j| Monai
|inactive|dominicex has 30 seconds left.
|inactive|MichaelderBeste2 has 30 seconds left.
|
|t:|1785691315
|switch|p2a: Incineroar|Incineroar, L50, M|100/100
|-ability|p2a: Incineroar|Intimidate|boost
|-unboost|p1a: Ninetales|atk|1
|-unboost|p1b: Gengar|atk|1
|detailschange|p2b: Staraptor|Staraptor-Mega, L50, F
|-mega|p2b: Staraptor|Staraptor|Staraptite
|move|p2b: Staraptor|Close Combat|p1a: Ninetales
|-damage|p1a: Ninetales|45/100
|-boost|p2b: Staraptor|def|1
|-boost|p2b: Staraptor|spd|1
|move|p1b: Gengar|Sludge Bomb|p2b: Staraptor
|-damage|p2b: Staraptor|60/100
|-status|p2b: Staraptor|psn
|move|p1a: Ninetales|Blizzard|p2a: Incineroar|[spread] p2a,p2b
|-resisted|p2a: Incineroar|1
|-supereffective|p2b: Staraptor|1
|-damage|p2a: Incineroar|88/100
|-damage|p2b: Staraptor|19/100 psn
|
|-weather|Snowscape|[upkeep]
|-damage|p2b: Staraptor|7/100 psn|[from] psn
|upkeep
|turn|4
|inactive|MichaelderBeste2 has 30 seconds left.
|inactive|dominicex has 30 seconds left.
|
|t:|1785691347
|switch|p1a: Incineroar|Incineroar, L50, F|100/100
|-ability|p1a: Incineroar|Intimidate|boost
|-unboost|p2a: Incineroar|atk|1
|-boost|p2b: Staraptor|atk|1
|move|p1b: Gengar|Protect|p1b: Gengar
|-singleturn|p1b: Gengar|Protect
|move|p2a: Incineroar|Flare Blitz|p1a: Incineroar
|-resisted|p1a: Incineroar|1
|-damage|p1a: Incineroar|87/100
|-damage|p2a: Incineroar|84/100|[from] Recoil
|move|p2b: Staraptor|Close Combat|p1a: Incineroar
|-supereffective|p1a: Incineroar|1
|-damage|p1a: Incineroar|0 fnt
|-boost|p2b: Staraptor|def|1
|-boost|p2b: Staraptor|spd|1
|faint|p1a: Incineroar
|
|-weather|Snowscape|[upkeep]
|-damage|p2b: Staraptor|0 fnt|[from] psn
|faint|p2b: Staraptor
|upkeep
|l|+iPetBigfoot
|j|+iPetBigfoot
|
|t:|1785691362
|switch|p1a: Kingambit|Kingambit, L50, F|100/100
|switch|p2b: Gholdengo|Gholdengo, L50|100/100
|turn|5
|l| Lmk
|l| FRD DecK
|inactive|dominicex has 30 seconds left.
|inactive|dominicex has 20 seconds left.
|inactive|dominicex has 15 seconds left.
|l| elladine
|inactive|dominicex has 10 seconds left.
|inactive|dominicex has 5 seconds left.
|
|t:|1785691413
|move|p2b: Gholdengo|Protect|p2b: Gholdengo
|-singleturn|p2b: Gholdengo|Protect
|move|p1a: Kingambit|Kowtow Cleave|p2b: Gholdengo
|-activate|p2b: Gholdengo|move: Protect
|move|p2a: Incineroar|Parting Shot|p1b: Gengar
|-unboost|p1b: Gengar|atk|1
|-unboost|p1b: Gengar|spa|1
|
|t:|1785691421
|switch|p2a: Sinistcha|Sinistcha, L50|100/100|[from] Parting Shot
|move|p1b: Gengar|Substitute|p1b: Gengar
|-start|p1b: Gengar|Substitute
|-damage|p1b: Gengar|75/100
|
|-weather|Snowscape|[upkeep]
|upkeep
|turn|6
|j| Biff6
|inactive|dominicex has 30 seconds left.
|inactive|MichaelderBeste2 has 30 seconds left.
|inactive|dominicex has 20 seconds left.
|inactive|dominicex has 15 seconds left.
|l|+iPetBigfoot
|inactive|dominicex has 10 seconds left.
|j|+iPetBigfoot
|
|t:|1785691472
|move|p1b: Gengar|Protect|p1b: Gengar
|-singleturn|p1b: Gengar|Protect
|move|p2a: Sinistcha|Rage Powder|p2a: Sinistcha
|-singleturn|p2a: Sinistcha|move: Rage Powder
|move|p1a: Kingambit|Kowtow Cleave|p2a: Sinistcha
|-supereffective|p2a: Sinistcha|1
|-enditem|p2a: Sinistcha|Colbur Berry|[eat]
|-enditem|p2a: Sinistcha|Colbur Berry|[weaken]
|-damage|p2a: Sinistcha|52/100
|move|p2b: Gholdengo|Shadow Ball|p1b: Gengar
|-activate|p1b: Gengar|move: Protect
|
|-weather|none
|-fieldend|move: Trick Room
|upkeep
|turn|7
|j| proszz
|l| Schister
|inactive|dominicex has 30 seconds left.
|inactive|MichaelderBeste2 has 30 seconds left.
|inactive|dominicex has 20 seconds left.
|inactive|MichaelderBeste2 has 20 seconds left.
|inactive|dominicex has 15 seconds left.
|inactive|MichaelderBeste2 has 15 seconds left.
|
|t:|1785691521
|switch|p2a: Incineroar|Incineroar, L50, M|84/100
|-ability|p2a: Incineroar|Intimidate|boost
|-unboost|p1a: Kingambit|atk|1
|-ability|p1a: Kingambit|Defiant|boost
|-boost|p1a: Kingambit|atk|2
|-immune|p1b: Gengar
|move|p2b: Gholdengo|Protect|p2b: Gholdengo
|-singleturn|p2b: Gholdengo|Protect
|move|p1b: Gengar|Shadow Ball|p2a: Incineroar
|-resisted|p2a: Incineroar|1
|-damage|p2a: Incineroar|69/100
|move|p1a: Kingambit|Low Kick|p2a: Incineroar
|-supereffective|p2a: Incineroar|1
|-damage|p2a: Incineroar|0 fnt
|faint|p2a: Incineroar
|
|upkeep
|j| AKhant
|c|☆dominicex|ggs
|-message|dominicex forfeited.
|
|win|MichaelderBeste2
|c|☆MichaelderBeste2|ggs
|l| darthmorton
|l| thepokemonuploads
|l|+iPetBigfoot
|l| val16
