|j|☆Twiz94
|j|☆JNEST
|html|Twiz94JNEST    
|uhtml|bestof|Game 1 of a best-of-3
|t:|1756250464
|gametype|doubles
|player|p1|Twiz94|266|1094
|player|p2|JNEST|veteran-gen4|1106
|gen|9
|tier|[Gen 9] VGC 2025 Reg H (Bo3)
|rated|
|rule|Species Clause: Limit one of each Pokémon
|rule|Item Clause: Limit 1 of each item
|clearpoke
|poke|p1|Typhlosion-Hisui, L50, M|
|poke|p1|Ursaluna, L50, F|
|poke|p1|Indeedee, L50, M|
|poke|p1|Torkoal, L50, F|
|poke|p1|Sneasler, L50, M|
|poke|p1|Jumpluff, L50, F|
|poke|p2|Sneasler, L50, M|
|poke|p2|Indeedee, L50, M|
|poke|p2|Volcarona, L50, M|
|poke|p2|Ursaluna-Bloodmoon, L50, M|
|poke|p2|Annihilape, L50, M|
|poke|p2|Tyranitar, L50, M|
|teampreview|4
|showteam|p1|Typhlosion-Hisui||ChoiceScarf|Blaze|Eruption,HeatWave,Overheat,ShadowBall|||M|||50|,,,,,Fire]Ursaluna||FlameOrb|Guts|Protect,Facade,HeadlongRush,Earthquake|||F|||50|,,,,,Fairy]Indeedee||FocusSash|PsychicSurge|Protect,TeraBlast,ExpandingForce,TrickRoom|||M|||50|,,,,,Fighting]Torkoal||EjectPack|Drought|Protect,HelpingHand,Overheat,Eruption|||F|||50|,,,,,Fire]Sneasler||PsychicSeed|Unburden|FakeOut,DireClaw,CloseCombat,Coaching|||M|||50|,,,,,Stellar]Jumpluff||CovertCloak|Chlorophyll|SleepPowder,Tailwind,RagePowder,Encore|||F|||50|,,,,,Water
|showteam|p2|Sneasler||PsychicSeed|Unburden|CloseCombat,DireClaw,ThroatChop,Protect|||M|||50|,,,,,Dark]Indeedee||ChoiceScarf|PsychicSurge|ExpandingForce,TeraBlast,Trick,Protect|||M|||50|,,,,,Psychic]Volcarona||SitrusBerry|FlameBody|Overheat,StruggleBug,RagePowder,Tailwind|||M|||50|,,,,,Grass]Ursaluna-Bloodmoon||LifeOrb|MindsEye|BloodMoon,HyperVoice,EarthPower,Protect|||M|||50|,,,,,Normal]Annihilape||SafetyGoggles|Defiant|CloseCombat,RageFist,Taunt,FinalGambit|||M|||50|,,,,,Fairy]Tyranitar||AssaultVest|SandStream|RockSlide,KnockOff,TeraBlast,LowKick|||M|||50|,,,,,Flying
|inactive|Battle timer is ON: inactive players will automatically lose when time's up. (requested by JNEST)
|inactive|Twiz94 has 60 seconds left.
|inactive|Twiz94 has 30 seconds left.
|
|t:|1756250529
|teamsize|p1|4
|teamsize|p2|4
|start
|switch|p1a: Sneasler|Sneasler, L50, M, shiny|100/100
|switch|p1b: Jumpluff|Jumpluff, L50, F, shiny|100/100
|switch|p2a: Sneasler|Sneasler, L50, M|100/100
|switch|p2b: Indeedee|Indeedee, L50, M, shiny|100/100
|-fieldstart|move: Psychic Terrain|[from] ability: Psychic Surge|[of] p2b: Indeedee
|-enditem|p1a: Sneasler|Psychic Seed
|-boost|p1a: Sneasler|spd|1|[from] item: Psychic Seed
|-enditem|p2a: Sneasler|Psychic Seed
|-boost|p2a: Sneasler|spd|1|[from] item: Psychic Seed
|turn|1
|inactive|Twiz94 has 30 seconds left.
|inactive|Twiz94 has 20 seconds left.
|inactive|Twiz94 has 15 seconds left.
|
|t:|1756250573
|switch|p2b: Tyranitar|Tyranitar, L50, M|100/100
|-weather|Sandstorm|[from] ability: Sand Stream|[of] p2b: Tyranitar
|move|p1a: Sneasler|Dire Claw|p2b: Tyranitar
|-resisted|p2b: Tyranitar
|-damage|p2b: Tyranitar|82/100
|-status|p2b: Tyranitar|par
|move|p2a: Sneasler|Dire Claw|p1b: Jumpluff
|-supereffective|p1b: Jumpluff
|-damage|p1b: Jumpluff|0 fnt
|faint|p1b: Jumpluff
|
|-weather|Sandstorm|[upkeep]
|-damage|p1a: Sneasler|95/100|[from] Sandstorm
|-damage|p2a: Sneasler|95/100|[from] Sandstorm
|upkeep
|
|t:|1756250592
|switch|p1b: Indeedee|Indeedee, L50, M, shiny|100/100
|turn|2
|inactive|Twiz94 has 30 seconds left.
|
|t:|1756250626
|-terastallize|p2a: Sneasler|Dark
|move|p1a: Sneasler|Dire Claw|p2b: Tyranitar
|-resisted|p2b: Tyranitar
|-damage|p2b: Tyranitar|65/100 par
|move|p2a: Sneasler|Throat Chop|p1b: Indeedee
|-supereffective|p1b: Indeedee
|-enditem|p1b: Indeedee|Focus Sash
|-damage|p1b: Indeedee|1/100
|-start|p1b: Indeedee|Throat Chop|[silent]
|move|p1b: Indeedee|Expanding Force|p2b: Tyranitar|[spread] 
|-immune|p2a: Sneasler
|-immune|p2b: Tyranitar
|cant|p2b: Tyranitar|par
|
|-weather|Sandstorm|[upkeep]
|-damage|p1a: Sneasler|89/100|[from] Sandstorm
|-damage|p2a: Sneasler|89/100|[from] Sandstorm
|-damage|p1b: Indeedee|0 fnt|[from] Sandstorm
|faint|p1b: Indeedee
|upkeep
|
|t:|1756250629
|switch|p1b: Ursaluna|Ursaluna, L50, F, shiny|100/100
|turn|3
|
|t:|1756250649
|switch|p2a: Volcarona|Volcarona, L50, M|100/100
|move|p1a: Sneasler|Close Combat|p2a: Volcarona
|-resisted|p2a: Volcarona
|-damage|p2a: Volcarona|60/100
|-unboost|p1a: Sneasler|def|1
|-unboost|p1a: Sneasler|spd|1
|move|p1b: Ursaluna|Headlong Rush|p2b: Tyranitar
|-supereffective|p2b: Tyranitar
|-damage|p2b: Tyranitar|0 fnt
|-unboost|p1b: Ursaluna|def|1
|-unboost|p1b: Ursaluna|spd|1
|faint|p2b: Tyranitar
|
|-weather|Sandstorm|[upkeep]
|-damage|p1a: Sneasler|83/100|[from] Sandstorm
|-damage|p2a: Volcarona|54/100|[from] Sandstorm
|-status|p1b: Ursaluna|brn|[from] item: Flame Orb
|upkeep
|
|t:|1756250659
|switch|p2b: Indeedee|Indeedee, L50, M, shiny|100/100
|turn|4
|inactive|Twiz94 has 30 seconds left.
|inactive|Twiz94 has 20 seconds left.
|inactive|Twiz94 has 15 seconds left.
|
|t:|1756250704
|-terastallize|p1a: Sneasler|Stellar
|move|p2a: Volcarona|Rage Powder|p2a: Volcarona
|-singleturn|p2a: Volcarona|move: Rage Powder
|move|p1a: Sneasler|Dire Claw|p2a: Volcarona
|-damage|p2a: Volcarona|0 fnt
|faint|p2a: Volcarona
|move|p2b: Indeedee|Expanding Force|p1b: Ursaluna|[spread] p1a,p1b
|-supereffective|p1a: Sneasler
|-damage|p1a: Sneasler|0 fnt
|-damage|p1b: Ursaluna|16/100 brn
|faint|p1a: Sneasler
|move|p1b: Ursaluna|Facade|p2b: Indeedee
|-damage|p2b: Indeedee|0 fnt
|faint|p2b: Indeedee
|
|-weather|Sandstorm|[upkeep]
|-damage|p1b: Ursaluna|10/100 brn|[from] brn
|upkeep
|
|t:|1756250716
|switch|p2b: Sneasler|Sneasler, L50, M, tera:Dark|89/100
|turn|5
|
|t:|1756250735
|move|p2b: Sneasler|Throat Chop|p1b: Ursaluna
|-damage|p1b: Ursaluna|0 fnt
|faint|p1b: Ursaluna
|
|win|JNEST
||Twiz94 is ready for game 2.
