|j|☆gargameal.
|j|☆capivarolindo4321
|html|gargameal.capivarolindo4321    
|uhtml|bestof|Game 2 of a best-of-3
|t:|1782402078
|gametype|doubles
|player|p1|gargameal.|266|
|player|p2|capivarolindo4321|266|
|gen|9
|tier|[Gen 9 Champions] VGC 2026 Reg M-B (Bo3)
|rule|Species Clause: Limit one of each Pokémon
|rule|Item Clause: Limit 1 of each item
|clearpoke
|poke|p1|Gyarados, L50, M, shiny|
|poke|p1|Mamoswine, L50, M|
|poke|p1|Sinistcha-Masterpiece, L50, shiny|
|poke|p1|Hatterene, L50, F, shiny|
|poke|p1|Toxapex, L50, F, shiny|
|poke|p1|Sneasler, L50, F|
|poke|p2|Mimikyu, L50, F|
|poke|p2|Sinistcha, L50, shiny|
|poke|p2|Hatterene, L50, F, shiny|
|poke|p2|Kangaskhan, L50, F, shiny|
|poke|p2|Torkoal, L50, F, shiny|
|poke|p2|Dragalge, L50, M, shiny|
|teampreview|4
|showteam|p1|Gyarados||Gyaradosite|Intimidate|IceFang,Waterfall,LashOut,Protect|Jolly||M|||50|]Mamoswine||FocusSash|Oblivious|IcicleSpear,IceShard,Earthquake,Protect|Jolly||M|||50|]Sinistcha-Masterpiece||OccaBerry|Hospitality|MatchaGotcha,TrickRoom,RagePowder,LifeDew|Bold|||||50|]Hatterene||LifeOrb|MagicBounce|DazzlingGleam,MysticalFire,Psychic,Protect|Modest||F|||50|]Toxapex||Leftovers|Merciless|BanefulBunker,Toxic,WideGuard,Infestation|Bold||F|||50|]Sneasler||WhiteHerb|Unburden|FakeOut,Coaching,Protect,DireClaw|Adamant||F|||50|
|showteam|p2|Mimikyu||SpellTag|Disguise|TrickRoom,ShadowClaw,ShadowSneak,PlayRough|Brave||F|||50|]Sinistcha||FocusSash|Hospitality|TrickRoom,MatchaGotcha,ShadowBall,RagePowder|Quiet|||||50|]Hatterene||LifeOrb|MagicBounce|DazzlingGleam,MysticalFire,Psychic,Protect|Quiet||F|||50|]Kangaskhan||SilkScarf|Scrappy|FakeOut,LastResort|Jolly||F|||50|]Torkoal||SitrusBerry|Drought|Eruption,Protect,WeatherBall,SolarBeam|Quiet||F|||50|]Dragalge||Dragalgite|Adaptability|DragonPulse,SludgeWave,ShadowBall,Protect|Quiet||M|||50|
|
|t:|1782402102
|teamsize|p1|4
|teamsize|p2|4
|start
|switch|p1a: Gyarados|Gyarados, L50, M, shiny|100/100
|switch|p1b: Sneasler|Sneasler, L50, F|100/100
|switch|p2a: Mimikyu|Mimikyu, L50, F|100/100
|switch|p2b: Sinistcha|Sinistcha, L50, shiny|100/100
|-ability|p1a: Gyarados|Intimidate|boost
|-unboost|p2a: Mimikyu|atk|1
|-unboost|p2b: Sinistcha|atk|1
|turn|1
|
|t:|1782402283
|move|p1b: Sneasler|Coaching|p1a: Gyarados
|-boost|p1a: Gyarados|atk|1
|-boost|p1a: Gyarados|def|1
|move|p1a: Gyarados|Ice Fang|p2b: Sinistcha
|-supereffective|p2b: Sinistcha|1
|-damage|p2b: Sinistcha|25/100
|move|p2b: Sinistcha|Matcha Gotcha|p1a: Gyarados|[spread] p1b
|-miss|p2b: Sinistcha|p1a: Gyarados
|-resisted|p1b: Sneasler|1
|-damage|p1b: Sneasler|78/100
|-heal|p2b: Sinistcha|37/100|[from] drain|[of] p1b: Sneasler
|move|p2a: Mimikyu|Trick Room|p2a: Mimikyu
|-fieldstart|move: Trick Room|[of] p2a: Mimikyu
|
|upkeep
|turn|2
|
|t:|1782402333
|move|p1a: Gyarados|Protect|p1a: Gyarados
|-singleturn|p1a: Gyarados|Protect
|move|p2b: Sinistcha|Matcha Gotcha|p1b: Sneasler|[spread] p1b
|-activate|p1a: Gyarados|move: Protect
|-resisted|p1b: Sneasler|1
|-damage|p1b: Sneasler|58/100
|-heal|p2b: Sinistcha|47/100|[from] drain|[of] p1b: Sneasler
|move|p2a: Mimikyu|Play Rough|p1a: Gyarados
|-activate|p1a: Gyarados|move: Protect
|move|p1b: Sneasler|Coaching|p1a: Gyarados
|-boost|p1a: Gyarados|atk|1
|-boost|p1a: Gyarados|def|1
|
|upkeep
|turn|3
|
|t:|1782402352
|move|p1a: Gyarados|Protect||[still]
|-fail|p1a: Gyarados
|move|p2b: Sinistcha|Matcha Gotcha|p1b: Sneasler|[spread] p1a,p1b
|-resisted|p1b: Sneasler|1
|-damage|p1a: Gyarados|65/100
|-heal|p2b: Sinistcha|68/100|[from] drain|[of] p1a: Gyarados
|-damage|p1b: Sneasler|35/100
|-heal|p2b: Sinistcha|80/100|[from] drain|[of] p1b: Sneasler
|move|p2a: Mimikyu|Play Rough|p1a: Gyarados
|-damage|p1a: Gyarados|50/100g
|move|p1b: Sneasler|Coaching|p1a: Gyarados
|-boost|p1a: Gyarados|atk|1
|-boost|p1a: Gyarados|def|1
|
|upkeep
|turn|4
|
|t:|1782402373
|move|p1a: Gyarados|Protect|p1a: Gyarados
|-singleturn|p1a: Gyarados|Protect
|move|p2b: Sinistcha|Matcha Gotcha|p1b: Sneasler|[spread] p1b
|-activate|p1a: Gyarados|move: Protect
|-resisted|p1b: Sneasler|1
|-damage|p1b: Sneasler|12/100
|-heal|p2b: Sinistcha|92/100|[from] drain|[of] p1b: Sneasler
|move|p2a: Mimikyu|Play Rough|p1b: Sneasler
|-damage|p1b: Sneasler|0 fnt
|faint|p1b: Sneasler
|
|upkeep
|
|t:|1782402384
|switch|p1b: Sinistcha|Sinistcha-Masterpiece, L50, shiny|100/100
|-heal|p1a: Gyarados|75/100|[from] ability: Hospitality|[of] p1b: Sinistcha
|turn|5
|
|t:|1782402393
|move|p1a: Gyarados|Protect||[still]
|-fail|p1a: Gyarados
|move|p1b: Sinistcha|Rage Powder|p1b: Sinistcha
|-singleturn|p1b: Sinistcha|move: Rage Powder
|move|p2b: Sinistcha|Matcha Gotcha|p1a: Gyarados|[spread] p1a,p1b
|-resisted|p1b: Sinistcha|1
|-damage|p1a: Gyarados|41/100
|-heal|p2b: Sinistcha|100/100|[from] drain|[of] p1a: Gyarados
|-damage|p1b: Sinistcha|83/100
|move|p2a: Mimikyu|Shadow Claw|p1b: Sinistcha
|-supereffective|p1b: Sinistcha|1
|-crit|p1b: Sinistcha
|-damage|p1b: Sinistcha|0 fnt
|faint|p1b: Sinistcha
|
|-fieldend|move: Trick Room
|upkeep
|
|t:|1782402401
|switch|p1b: Toxapex|Toxapex, L50, F, shiny|100/100
|turn|6
|
|t:|1782402417
|detailschange|p1a: Gyarados|Gyarados-Mega, L50, M, shiny
|-mega|p1a: Gyarados|Gyarados|Gyaradosite
|-ability|p1a: Gyarados|Mold Breaker
|move|p1b: Toxapex|Wide Guard|p1b: Toxapex
|-singleturn|p1b: Toxapex|Wide Guard
|move|p1a: Gyarados|Waterfall|p2a: Mimikyu
|-damage|p2a: Mimikyu|0 fnt
|faint|p2a: Mimikyu
|move|p2b: Sinistcha|Matcha Gotcha|p1b: Toxapex|[spread] 
|-activate|p1a: Gyarados|move: Wide Guard
|-activate|p1b: Toxapex|move: Wide Guard
|
|upkeep
|
|t:|1782402428
|switch|p2a: Kangaskhan|Kangaskhan, L50, F, shiny|100/100
|turn|7
|
|t:|1782402442
|move|p1a: Gyarados|Protect|p1a: Gyarados
|-singleturn|p1a: Gyarados|Protect
|move|p2a: Kangaskhan|Fake Out|p1a: Gyarados
|-activate|p1a: Gyarados|move: Protect
|move|p1b: Toxapex|Toxic|p2a: Kangaskhan
|-status|p2a: Kangaskhan|tox
|move|p2b: Sinistcha|Trick Room|p2b: Sinistcha
|-fieldstart|move: Trick Room|[of] p2b: Sinistcha
|
|-damage|p2a: Kangaskhan|93/100 tox|[from] psn
|upkeep
|turn|8
|
|t:|1782402456
|move|p1b: Toxapex|Wide Guard|p1b: Toxapex
|-singleturn|p1b: Toxapex|Wide Guard
|move|p2b: Sinistcha|Matcha Gotcha|p1b: Toxapex|[spread] 
|-activate|p1a: Gyarados|move: Wide Guard
|-activate|p1b: Toxapex|move: Wide Guard
|move|p1a: Gyarados|Ice Fang|p2b: Sinistcha
|-supereffective|p2b: Sinistcha|1
|-enditem|p2b: Sinistcha|Focus Sash
|-damage|p2b: Sinistcha|1/100
|move|p2a: Kangaskhan|Last Resort|p1b: Toxapex
|-damage|p1b: Toxapex|48/100
|
|-heal|p1b: Toxapex|54/100|[from] item: Leftovers
|-damage|p2a: Kangaskhan|81/100 tox|[from] psn
|upkeep
|turn|9
|
|t:|1782402477
|move|p1b: Toxapex|Baneful Bunker|p1b: Toxapex
|-singleturn|p1b: Toxapex|move: Protect
|move|p1a: Gyarados|Protect|p1a: Gyarados
|-singleturn|p1a: Gyarados|Protect
|move|p2b: Sinistcha|Matcha Gotcha|p1a: Gyarados|[spread] 
|-activate|p1a: Gyarados|move: Protect
|-activate|p1b: Toxapex|move: Protect
|move|p2a: Kangaskhan|Last Resort|p1b: Toxapex
|-activate|p1b: Toxapex|move: Protect
|
|-heal|p1b: Toxapex|60/100|[from] item: Leftovers
|-damage|p2a: Kangaskhan|63/100 tox|[from] psn
|upkeep
|turn|10
|
|t:|1782402509
|move|p1b: Toxapex|Wide Guard|p1b: Toxapex
|-singleturn|p1b: Toxapex|Wide Guard
|move|p2b: Sinistcha|Matcha Gotcha|p1a: Gyarados|[spread] 
|-activate|p1a: Gyarados|move: Wide Guard
|-activate|p1b: Toxapex|move: Wide Guard
|move|p1a: Gyarados|Ice Fang|p2b: Sinistcha
|-supereffective|p2b: Sinistcha|1
|-damage|p2b: Sinistcha|0 fnt
|faint|p2b: Sinistcha
|move|p2a: Kangaskhan|Last Resort|p1b: Toxapex
|-damage|p1b: Toxapex|12/100
|
|-heal|p1b: Toxapex|18/100|[from] item: Leftovers
|-damage|p2a: Kangaskhan|38/100 tox|[from] psn
|upkeep
|
|t:|1782402520
|switch|p2b: Hatterene|Hatterene, L50, F, shiny|100/100
|turn|11
|
|t:|1782402529
|move|p1b: Toxapex|Wide Guard|p1b: Toxapex
|-singleturn|p1b: Toxapex|Wide Guard
|move|p2b: Hatterene|Dazzling Gleam|p1b: Toxapex|[spread] 
|-activate|p1a: Gyarados|move: Wide Guard
|-activate|p1b: Toxapex|move: Wide Guard
|move|p1a: Gyarados|Lash Out|p2b: Hatterene
|-damage|p2b: Hatterene|0 fnt
|faint|p2b: Hatterene
|move|p2a: Kangaskhan|Last Resort|p1b: Toxapex
|-damage|p1b: Toxapex|0 fnt
|faint|p1b: Toxapex
|
|-damage|p2a: Kangaskhan|8/100 tox|[from] psn
|-fieldend|move: Trick Room
|upkeep
|turn|12
|
|t:|1782402540
|move|p1a: Gyarados|Protect|p1a: Gyarados
|-singleturn|p1a: Gyarados|Protect
|move|p2a: Kangaskhan|Last Resort|p1a: Gyarados
|-activate|p1a: Gyarados|move: Protect
|
|-damage|p2a: Kangaskhan|0 fnt|[from] psn
|faint|p2a: Kangaskhan
|
|win|gargameal.
|l|☆capivarolindo4321
|player|p2|
