|j|☆KChiefs7
|j|☆Acesan24
|html|KChiefs7Acesan24    
|uhtml|bestof|Game 2 of a best-of-3
|t:|1757702304
|gametype|doubles
|player|p1|KChiefs7|swimmer-gen4|1141
|player|p2|Acesan24|170|1084
|gen|9
|tier|[Gen 9] VGC 2025 Reg H (Bo3)
|rated|
|rule|Species Clause: Limit one of each Pokémon
|rule|Item Clause: Limit 1 of each item
|clearpoke
|poke|p1|Ursaluna, L50, F|
|poke|p1|Gholdengo, L50|
|poke|p1|Amoonguss, L50, M|
|poke|p1|Porygon2, L50|
|poke|p1|Incineroar, L50, F|
|poke|p1|Flamigo, L50, M|
|poke|p2|Ursaluna-Bloodmoon, L50, M|
|poke|p2|Kleavor, L50, F|
|poke|p2|Basculegion, L50, M|
|poke|p2|Pelipper, L50, M|
|poke|p2|Indeedee, L50, M|
|poke|p2|Archaludon, L50, F|
|teampreview|4
|showteam|p1|Ursaluna||FlameOrb|Guts|Facade,Earthquake,Substitute,Protect|||F|||50|,,,,,Ghost]Gholdengo||ChoiceScarf|GoodasGold|MakeItRain,ShadowBall,DazzlingGleam,FocusBlast||||||50|,,,,,Steel]Amoonguss||SitrusBerry|Regenerator|RagePowder,Spore,PollenPuff,Protect|||M|||50|,,,,,Fairy]Porygon2||Eviolite|Download|Thunderbolt,IceBeam,Recover,TrickRoom||||||50|,,,,,Flying]Incineroar||AssaultVest|Intimidate|FlareBlitz,KnockOff,FakeOut,Uturn|||F|||50|,,,,,Grass]Flamigo||FocusSash|Scrappy|CloseCombat,BraveBird,WideGuard,Detect|||M|||50|,,,,,Stellar
|showteam|p2|Ursaluna-Bloodmoon||SilkScarf|MindsEye|BloodMoon,HyperVoice,EarthPower,Protect|||M|||50|,,,,,Ground]Kleavor||WideLens|Sharpness|XScissor,StoneAxe,DualWingbeat,Protect|||F|||50|,,,,,Flying]Basculegion||ChoiceBand|SwiftSwim|AquaJet,FlipTurn,LastRespects,WaveCrash|||M|||50|,,,,,Water]Pelipper||FocusSash|Drizzle|Hurricane,Tailwind,WeatherBall,Protect|||M|||50|,,,,,Ground]Indeedee||ChoiceScarf|PsychicSurge|Trick,ExpandingForce,DrainingKiss,EnergyBall|||M|||50|,,,,,Fairy]Archaludon||AssaultVest|Stalwart|BodyPress,ElectroShot,MirrorCoat,FlashCannon|||F|||50|,,,,,Steel
|inactive|Battle timer is ON: inactive players will automatically lose when time's up. (requested by KChiefs7)
|l|☆Acesan24
|inactive|Acesan24 disconnected and has a minute to reconnect!
|player|p2|
|inactive|KChiefs7 has 60 seconds left.
|j|☆Acesan24
|inactive|Acesan24 reconnected.
|player|p2|Acesan24|170|
|
|t:|1757702350
|teamsize|p1|4
|teamsize|p2|4
|start
|switch|p1a: Porygon2|Porygon2, L50|100/100
|switch|p1b: Incineroar|Incineroar, L50, F, shiny|100/100
|switch|p2a: Basculegion|Basculegion, L50, M|100/100
|switch|p2b: Indeedee|Indeedee, L50, M|100/100
|-fieldstart|move: Psychic Terrain|[from] ability: Psychic Surge|[of] p2b: Indeedee
|-ability|p1b: Incineroar|Intimidate|boost
|-unboost|p2a: Basculegion|atk|1
|-unboost|p2b: Indeedee|atk|1
|-ability|p1a: Porygon2|Download|boost
|-boost|p1a: Porygon2|atk|1
|turn|1
|inactive|KChiefs7 has 30 seconds left.
|
|t:|1757702382
|switch|p1b: Ursaluna|Ursaluna, L50, F|100/100
|-terastallize|p2a: Basculegion|Water
|move|p2b: Indeedee|Trick|p1a: Porygon2
|-activate|p2b: Indeedee|move: Trick|[of] p1a: Porygon2
|-item|p1a: Porygon2|Choice Scarf|[from] move: Trick
|-item|p2b: Indeedee|Eviolite|[from] move: Trick
|move|p2a: Basculegion|Wave Crash|p1b: Ursaluna
|-supereffective|p1b: Ursaluna
|-damage|p1b: Ursaluna|0 fnt
|faint|p1b: Ursaluna
|-damage|p2a: Basculegion|63/100|[from] Recoil
|move|p1a: Porygon2|Trick Room|p1a: Porygon2
|-fieldstart|move: Trick Room|[of] p1a: Porygon2
|
|upkeep
|
|t:|1757702397
|switch|p1b: Incineroar|Incineroar, L50, F, shiny|100/100
|-ability|p1b: Incineroar|Intimidate|boost
|-unboost|p2a: Basculegion|atk|1
|-unboost|p2b: Indeedee|atk|1
|turn|2
|
|t:|1757702412
|switch|p1a: Flamigo|Flamigo, L50, M|100/100
|switch|p2b: Pelipper|Pelipper, L50, M|100/100
|-weather|RainDance|[from] ability: Drizzle|[of] p2b: Pelipper
|-terastallize|p1b: Incineroar|Grass
|move|p1b: Incineroar|Knock Off|p2b: Pelipper
|-damage|p2b: Pelipper|52/100
|-enditem|p2b: Pelipper|Focus Sash|[from] move: Knock Off|[of] p1b: Incineroar
|move|p2a: Basculegion|Wave Crash|p1b: Incineroar
|-resisted|p1b: Incineroar
|-damage|p1b: Incineroar|62/100
|-damage|p2a: Basculegion|50/100|[from] Recoil
|
|-weather|RainDance|[upkeep]
|upkeep
|turn|3
|inactive|KChiefs7 has 30 seconds left.
|
|t:|1757702439
|switch|p1b: Porygon2|Porygon2, L50|100/100
|-ability|p1b: Porygon2|Download|boost
|-boost|p1b: Porygon2|spa|1
|move|p2b: Pelipper|Protect|p2b: Pelipper
|-singleturn|p2b: Pelipper|Protect
|move|p1a: Flamigo|Close Combat|p2a: Basculegion
|-damage|p2a: Basculegion|0 fnt
|-unboost|p1a: Flamigo|def|1
|-unboost|p1a: Flamigo|spd|1
|faint|p2a: Basculegion
|
|-weather|RainDance|[upkeep]
|upkeep
|
|t:|1757702452
|switch|p2a: Indeedee|Indeedee, L50, M|100/100
|turn|4
|inactive|KChiefs7 has 30 seconds left.
|
|t:|1757702483
|move|p2b: Pelipper|Hurricane|p1a: Flamigo
|-supereffective|p1a: Flamigo
|-enditem|p1a: Flamigo|Focus Sash
|-damage|p1a: Flamigo|1/100
|move|p1b: Porygon2|Ice Beam|p2b: Pelipper
|-damage|p2b: Pelipper|0 fnt
|faint|p2b: Pelipper
|move|p1a: Flamigo|Close Combat|p2a: Indeedee
|-damage|p2a: Indeedee|0 fnt
|-unboost|p1a: Flamigo|def|1
|-unboost|p1a: Flamigo|spd|1
|faint|p2a: Indeedee
|
|-weather|RainDance|[upkeep]
|upkeep
|
|t:|1757702499
|switch|p2b: Kleavor|Kleavor, L50, F|100/100
|turn|5
|
|t:|1757702512
|switch|p1a: Incineroar|Incineroar, L50, F, shiny, tera:Grass|62/100
|-ability|p1a: Incineroar|Intimidate|boost
|-unboost|p2b: Kleavor|atk|1
|move|p2b: Kleavor|Protect|p2b: Kleavor
|-singleturn|p2b: Kleavor|Protect
|move|p1b: Porygon2|Ice Beam|p2b: Kleavor
|-activate|p2b: Kleavor|move: Protect
|
|-weather|RainDance|[upkeep]
|-fieldend|move: Trick Room
|-fieldend|move: Psychic Terrain
|upkeep
|turn|6
|
|t:|1757702524
|move|p1a: Incineroar|Fake Out|p2b: Kleavor
|-resisted|p2b: Kleavor
|-damage|p2b: Kleavor|92/100
|move|p1b: Porygon2|Ice Beam|p2b: Kleavor
|-damage|p2b: Kleavor|38/100
|cant|p2b: Kleavor|flinch
|
|-weather|none
|upkeep
|turn|7
|inactive|KChiefs7 has 30 seconds left.
|
|t:|1757702551
|move|p1b: Porygon2|Ice Beam|p2b: Kleavor
|-damage|p2b: Kleavor|0 fnt
|faint|p2b: Kleavor
|
|win|KChiefs7
|l|☆Acesan24
|player|p2|
||KChiefs7 is ready for game 3.
||Acesan24 is ready for game 3.
|uhtml|next|Next: Game 3 of 3
