|j|☆teyvgc
|j|☆Aronaldo2
|html|teyvgcAronaldo2    
|uhtml|bestof|Game 2 of a best-of-3
|t:|1782531431
|gametype|doubles
|player|p1|teyvgc|rood|1177
|player|p2|Aronaldo2|265|1058
|gen|9
|tier|[Gen 9 Champions] VGC 2026 Reg M-B (Bo3)
|rated|
|rule|Species Clause: Limit one of each Pokémon
|rule|Item Clause: Limit 1 of each item
|clearpoke
|poke|p1|Houndstone, L50, F|
|poke|p1|Tyranitar, L50, M|
|poke|p1|Rotom-Wash, L50|
|poke|p1|Incineroar, L50, F|
|poke|p1|Farigiraf, L50, M, shiny|
|poke|p1|Garchomp, L50, M, shiny|
|poke|p2|Beartic, L50, M|
|poke|p2|Pelipper, L50, M|
|poke|p2|Swampert, L50, F|
|poke|p2|Sableye, L50, M|
|poke|p2|Incineroar, L50, F|
|poke|p2|Kingambit, L50, F|
|teampreview|4
|showteam|p1|Houndstone||FocusSash|SandRush|Poltergeist,ShadowSneak,LastRespects,Protect|Adamant||F|||50|]Tyranitar||Tyranitarite|SandStream|RockSlide,KnockOff,LowKick,Protect|Adamant||M|||50|]Rotom-Wash||Leftovers|Levitate|LightScreen,HydroPump,VoltSwitch,WillOWisp|Bold|||||50|]Incineroar||PasshoBerry|Intimidate|FlareBlitz,DarkestLariat,FakeOut,PartingShot|Adamant||F|||50|]Farigiraf||TwistedSpoon|ArmorTail|HyperVoice,TwinBeam,TrickRoom,HelpingHand|Quiet||M|||50|]Garchomp||Garchompite|RoughSkin|StompingTantrum,DragonClaw,IronHead,Protect|Adamant||M|||50|
|showteam|p2|Beartic||LifeOrb|SwiftSwim|IcicleCrash,RockSlide,Protect,CloseCombat|Jolly||M|||50|]Pelipper||FocusSash|Drizzle|Protect,WeatherBall,Hurricane,WideGuard|Timid||M|||50|]Swampert||Swampertite|Torrent|Protect,WaveCrash,HighHorsepower,FlipTurn|Adamant||F|||50|]Sableye||MentalHerb|Prankster|Encore,Disable,RainDance,Protect|Sassy||M|||50|]Incineroar||SitrusBerry|Intimidate|FakeOut,PartingShot,ThroatChop,HelpingHand|Impish||F|||50|]Kingambit||BlackGlasses|Defiant|SwordsDance,SuckerPunch,KowtowCleave,Protect|Adamant||F|||50|
|inactive|Battle timer is ON: inactive players will automatically lose when time's up. (requested by Aronaldo2)
|
|t:|1782531460
|teamsize|p1|4
|teamsize|p2|4
|start
|switch|p1a: Rotom|Rotom-Wash, L50|100/100
|switch|p1b: Farigiraf|Farigiraf, L50, M, shiny|100/100
|switch|p2a: Kingambit|Kingambit, L50, F|100/100
|switch|p2b: Swampert|Swampert, L50, F|100/100
|turn|1
|inactive|teyvgc has 30 seconds left.
|inactive|teyvgc has 20 seconds left.
|inactive|teyvgc has 15 seconds left.
|inactive|teyvgc has 10 seconds left.
|inactive|teyvgc has 5 seconds left.
|
|t:|1782531515
|detailschange|p2b: Swampert|Swampert-Mega, L50, F
|-mega|p2b: Swampert|Swampert|Swampertite
|move|p1a: Rotom|Light Screen|p1a: Rotom
|-sidestart|p1: teyvgc|move: Light Screen
|move|p2b: Swampert|Flip Turn|p1a: Rotom
|-resisted|p1a: Rotom|1
|-damage|p1a: Rotom|84/100
|
|t:|1782531521
|switch|p2b: Incineroar|Incineroar, L50, F|100/100|[from] Flip Turn
|-ability|p2b: Incineroar|Intimidate|boost
|-unboost|p1a: Rotom|atk|1
|-unboost|p1b: Farigiraf|atk|1
|move|p1b: Farigiraf|Hyper Voice|p2b: Incineroar|[spread] p2a,p2b
|-resisted|p2a: Kingambit|1
|-damage|p2a: Kingambit|85/100
|-damage|p2b: Incineroar|71/100
|move|p2a: Kingambit|Swords Dance|p2a: Kingambit
|-boost|p2a: Kingambit|atk|2
|
|-heal|p1a: Rotom|90/100|[from] item: Leftovers
|upkeep
|turn|2
|inactive|Aronaldo2 has 30 seconds left.
|inactive|Aronaldo2 has 20 seconds left.
|
|t:|1782531557
|move|p2b: Incineroar|Helping Hand|p2a: Kingambit
|-singleturn|p2a: Kingambit|Helping Hand|[of] p2b: Incineroar
|move|p1a: Rotom|Will-O-Wisp|p2a: Kingambit
|-status|p2a: Kingambit|brn
|move|p1b: Farigiraf|Hyper Voice|p2b: Incineroar|[spread] p2a,p2b
|-resisted|p2a: Kingambit|1
|-damage|p2a: Kingambit|71/100 brn
|-damage|p2b: Incineroar|45/100
|-enditem|p2b: Incineroar|Sitrus Berry|[eat]
|-heal|p2b: Incineroar|69/100|[from] item: Sitrus Berry
|move|p2a: Kingambit|Kowtow Cleave|p1a: Rotom
|-damage|p1a: Rotom|14/100
|
|-heal|p1a: Rotom|19/100|[from] item: Leftovers
|-damage|p2a: Kingambit|65/100 brn|[from] brn
|upkeep
|turn|3
|inactive|Aronaldo2 has 30 seconds left.
|
|t:|1782531583
|switch|p2b: Swampert|Swampert-Mega, L50, F|100/100
|switch|p1b: Garchomp|Garchomp, L50, M, shiny|100/100
|move|p1a: Rotom|Hydro Pump|p2b: Swampert
|-damage|p2b: Swampert|64/100
|move|p2a: Kingambit|Kowtow Cleave|p1a: Rotom
|-damage|p1a: Rotom|0 fnt
|faint|p1a: Rotom
|
|-damage|p2a: Kingambit|59/100 brn|[from] brn
|upkeep
|
|t:|1782531593
|switch|p1a: Tyranitar|Tyranitar, L50, M|100/100
|-weather|Sandstorm|[from] ability: Sand Stream|[of] p1a: Tyranitar
|turn|4
|
|t:|1782531614
|switch|p1a: Farigiraf|Farigiraf, L50, M, shiny|100/100
|detailschange|p1b: Garchomp|Garchomp-Mega, L50, M, shiny
|-mega|p1b: Garchomp|Garchomp|Garchompite
|move|p2a: Kingambit|Protect|p2a: Kingambit
|-singleturn|p2a: Kingambit|Protect
|move|p1b: Garchomp|Dragon Claw|p2b: Swampert
|-damage|p2b: Swampert|19/100
|move|p2b: Swampert|Flip Turn|p1a: Farigiraf
|-damage|p1a: Farigiraf|61/100
|
|t:|1782531620
|switch|p2b: Incineroar|Incineroar, L50, F|69/100|[from] Flip Turn
|-ability|p2b: Incineroar|Intimidate|boost
|-unboost|p1a: Farigiraf|atk|1
|-unboost|p1b: Garchomp|atk|1
|
|-weather|Sandstorm|[upkeep]
|-damage|p2b: Incineroar|63/100|[from] Sandstorm
|-damage|p1a: Farigiraf|55/100|[from] Sandstorm
|-damage|p2a: Kingambit|53/100 brn|[from] brn
|upkeep
|turn|5
|inactive|teyvgc has 30 seconds left.
|
|t:|1782531648
|move|p1a: Farigiraf|Helping Hand|p1b: Garchomp
|-singleturn|p1b: Garchomp|Helping Hand|[of] p1a: Farigiraf
|move|p1b: Garchomp|Stomping Tantrum|p2a: Kingambit
|-supereffective|p2a: Kingambit|1
|-damage|p2a: Kingambit|0 fnt
|faint|p2a: Kingambit
|move|p2b: Incineroar|Throat Chop|p1a: Farigiraf
|-supereffective|p1a: Farigiraf|1
|-damage|p1a: Farigiraf|0 fnt
|faint|p1a: Farigiraf
|
|-weather|Sandstorm|[upkeep]
|-damage|p2b: Incineroar|57/100|[from] Sandstorm
|-sideend|p1: teyvgc|move: Light Screen
|upkeep
|
|t:|1782531660
|switch|p1a: Tyranitar|Tyranitar, L50, M|100/100
|switch|p2a: Swampert|Swampert-Mega, L50, F|19/100
|turn|6
|
|t:|1782531680
|switch|p2b: Pelipper|Pelipper, L50, M|100/100
|-weather|RainDance|[from] ability: Drizzle|[of] p2b: Pelipper
|move|p1a: Tyranitar|Protect|p1a: Tyranitar
|-singleturn|p1a: Tyranitar|Protect
|move|p2a: Swampert|Wave Crash|p1b: Garchomp
|-damage|p1b: Garchomp|25/100
|-damage|p2a: Swampert|0 fnt|[from] Recoil
|faint|p2a: Swampert
|move|p1b: Garchomp|Dragon Claw|p2b: Pelipper
|-crit|p2b: Pelipper
|-enditem|p2b: Pelipper|Focus Sash
|-damage|p2b: Pelipper|1/100
|
|-weather|RainDance|[upkeep]
|upkeep
|
|t:|1782531689
|switch|p2a: Incineroar|Incineroar, L50, F|57/100
|-ability|p2a: Incineroar|Intimidate|boost
|-unboost|p1a: Tyranitar|atk|1
|-unboost|p1b: Garchomp|atk|1
|turn|7
|
|t:|1782531707
|move|p2b: Pelipper|Protect|p2b: Pelipper
|-singleturn|p2b: Pelipper|Protect
|move|p1b: Garchomp|Dragon Claw|p2a: Incineroar
|-damage|p2a: Incineroar|37/100
|move|p2a: Incineroar|Throat Chop|p1b: Garchomp
|-damage|p1b: Garchomp|1/100
|-start|p1b: Garchomp|Throat Chop|[silent]
|move|p1a: Tyranitar|Rock Slide|p2b: Pelipper|[spread] p2a
|-activate|p2b: Pelipper|move: Protect
|-supereffective|p2a: Incineroar|1
|-crit|p2a: Incineroar
|-damage|p2a: Incineroar|0 fnt
|faint|p2a: Incineroar
|
|-weather|RainDance|[upkeep]
|upkeep
|turn|8
|-message|Aronaldo2 forfeited.
|
|win|teyvgc
|raw|teyvgc's rating: 1177 → 1194(+17 for winning)
|raw|Aronaldo2's rating: 1058 → 1045(-13 for losing)
