|j|☆MolluskVGC
|j|☆www.battle
|html|MolluskVGCwww.battle    
|uhtml|bestof|Game 2 of a best-of-3
|t:|1757216760
|gametype|doubles
|player|p1|MolluskVGC|hiker-gen4|1144
|player|p2|www.battle|volkner|1089
|gen|9
|tier|[Gen 9] VGC 2025 Reg H (Bo3)
|rated|
|rule|Species Clause: Limit one of each Pokémon
|rule|Item Clause: Limit 1 of each item
|clearpoke
|poke|p1|Tyranitar, L50, M|
|poke|p1|Kommo-o, L50, M|
|poke|p1|Clefairy, L50, M|
|poke|p1|Sinistcha-Masterpiece, L50|
|poke|p1|Volcarona, L50, M|
|poke|p1|Basculegion, L50, M|
|poke|p2|Ursaluna, L50, F|
|poke|p2|Farigiraf, L50, M|
|poke|p2|Pelipper, L50, F|
|poke|p2|Archaludon, L50, F|
|poke|p2|Amoonguss, L50, F|
|poke|p2|Basculegion, L50, M|
|teampreview|4
|showteam|p1|Tyranitar||AssaultVest|SandStream|RockSlide,KnockOff,TeraBlast,LowKick|||M|||50|,,,,,Flying]Kommo-o||ThroatSpray|Overcoat|ClangingScales,AuraSphere,ClangorousSoul,Protect|||M|||50|,,,,,Steel]Clefairy||Eviolite|FriendGuard|Moonblast,FollowMe,HelpingHand,Protect|||M|||50|,,,,,Water]Sinistcha-Masterpiece||RockyHelmet|Hospitality|MatchaGotcha,RagePowder,StrengthSap,TrickRoom||||||50|,,,,,Water]Volcarona||CovertCloak|FlameBody|FieryDance,TeraBlast,QuiverDance,Protect|||M|||50|,,,,,Fairy]Basculegion||ChoiceScarf|Adaptability|WaveCrash,LastRespects,FlipTurn,AquaJet|||M|||50|,,,,,Water
|showteam|p2|Ursaluna||FlameOrb|Guts|Facade,HeadlongRush,Earthquake,Protect|||F|||50|,,,,,Water]Farigiraf||MentalHerb|ArmorTail|TrickRoom,Psychic,HelpingHand,Roar|||M|||50|,,,,,Dragon]Pelipper||FocusSash|Drizzle|Hurricane,WeatherBall,WideGuard,Protect|||F|||50|,,,,,Ghost]Archaludon||PowerHerb|Sturdy|ElectroShot,FlashCannon,DracoMeteor,Protect|||F|||50|,,,,,Flying]Amoonguss||CovertCloak|Regenerator|RagePowder,Spore,SludgeBomb,Protect|||F|||50|,,,,,Water]Basculegion||ChoiceBand|SwiftSwim|WaveCrash,AquaJet,LastRespects,FlipTurn|||M|||50|,,,,,Water
|inactive|Battle timer is ON: inactive players will automatically lose when time's up. (requested by www.battle)
|
|t:|1757216791
|teamsize|p1|4
|teamsize|p2|4
|start
|switch|p1a: Kommo-o|Kommo-o, L50, M|100/100
|switch|p1b: Clefairy|Clefairy, L50, M|100/100
|switch|p2a: Farigiraf|Farigiraf, L50, M|100/100
|switch|p2b: Ursaluna|Ursaluna, L50, F|100/100
|turn|1
|inactive|MolluskVGC has 30 seconds left.
|
|t:|1757216819
|move|p2b: Ursaluna|Protect|p2b: Ursaluna
|-singleturn|p2b: Ursaluna|Protect
|move|p1a: Kommo-o|Clangorous Soul|p1a: Kommo-o
|-boost|p1a: Kommo-o|atk|1
|-boost|p1a: Kommo-o|def|1
|-boost|p1a: Kommo-o|spa|1
|-boost|p1a: Kommo-o|spd|1
|-boost|p1a: Kommo-o|spe|1
|-damage|p1a: Kommo-o|68/100
|-enditem|p1a: Kommo-o|Throat Spray
|-boost|p1a: Kommo-o|spa|1|[from] item: Throat Spray
|move|p1b: Clefairy|Moonblast|p2a: Farigiraf
|-damage|p2a: Farigiraf|82/100
|move|p2a: Farigiraf|Trick Room|p2a: Farigiraf
|-fieldstart|move: Trick Room|[of] p2a: Farigiraf
|
|-status|p2b: Ursaluna|brn|[from] item: Flame Orb
|upkeep
|turn|2
|inactive|MolluskVGC has 30 seconds left.
|inactive|www.battle has 30 seconds left.
|
|t:|1757216848
|switch|p2b: Amoonguss|Amoonguss, L50, F|100/100
|move|p1a: Kommo-o|Protect|p1a: Kommo-o
|-singleturn|p1a: Kommo-o|Protect
|move|p1b: Clefairy|Moonblast|p2b: Amoonguss
|-resisted|p2b: Amoonguss
|-damage|p2b: Amoonguss|90/100
|move|p2a: Farigiraf|Roar|p1a: Kommo-o
|drag|p1a: Tyranitar|Tyranitar, L50, M|100/100
|-weather|Sandstorm|[from] ability: Sand Stream|[of] p1a: Tyranitar
|
|-weather|Sandstorm|[upkeep]
|-damage|p2b: Amoonguss|85/100|[from] Sandstorm
|-damage|p1b: Clefairy|95/100|[from] Sandstorm
|-damage|p2a: Farigiraf|76/100|[from] Sandstorm
|upkeep
|turn|3
|inactive|www.battle has 30 seconds left.
|inactive|www.battle has 20 seconds left.
|inactive|www.battle has 15 seconds left.
|inactive|www.battle has 10 seconds left.
|inactive|www.battle has 5 seconds left.
|
|t:|1757216902
|switch|p2a: Ursaluna|Ursaluna, L50, F|100/100 brn
|move|p1b: Clefairy|Follow Me|p1b: Clefairy
|-singleturn|p1b: Clefairy|move: Follow Me
|move|p2b: Amoonguss|Spore|p1b: Clefairy
|-status|p1b: Clefairy|slp|[from] move: Spore
|move|p1a: Tyranitar|Knock Off|p2a: Ursaluna
|-crit|p2a: Ursaluna
|-damage|p2a: Ursaluna|44/100 brn
|-enditem|p2a: Ursaluna|Flame Orb|[from] move: Knock Off|[of] p1a: Tyranitar
|
|-weather|Sandstorm|[upkeep]
|-damage|p2b: Amoonguss|79/100|[from] Sandstorm
|-damage|p1b: Clefairy|89/100 slp|[from] Sandstorm
|-damage|p2a: Ursaluna|38/100 brn|[from] brn
|upkeep
|turn|4
|
|t:|1757216921
|-terastallize|p1a: Tyranitar|Flying
|move|p2a: Ursaluna|Protect|p2a: Ursaluna
|-singleturn|p2a: Ursaluna|Protect
|cant|p1b: Clefairy|slp
|move|p2b: Amoonguss|Spore|p1a: Tyranitar
|-status|p1a: Tyranitar|slp|[from] move: Spore
|cant|p1a: Tyranitar|slp
|
|-weather|Sandstorm|[upkeep]
|-damage|p2b: Amoonguss|73/100|[from] Sandstorm
|-damage|p1b: Clefairy|83/100 slp|[from] Sandstorm
|-damage|p1a: Tyranitar|95/100 slp|[from] Sandstorm
|-damage|p2a: Ursaluna|32/100 brn|[from] brn
|upkeep
|turn|5
|inactive|www.battle has 30 seconds left.
|
|t:|1757216949
|switch|p1a: Basculegion|Basculegion, L50, M|100/100
|-curestatus|p1b: Clefairy|slp|[msg]
|move|p1b: Clefairy|Protect|p1b: Clefairy
|-singleturn|p1b: Clefairy|Protect
|move|p2b: Amoonguss|Sludge Bomb|p1b: Clefairy
|-activate|p1b: Clefairy|move: Protect
|move|p2a: Ursaluna|Facade|p1a: Basculegion
|-immune|p1a: Basculegion
|
|-weather|Sandstorm|[upkeep]
|-damage|p2b: Amoonguss|67/100|[from] Sandstorm
|-damage|p1b: Clefairy|77/100|[from] Sandstorm
|-damage|p1a: Basculegion|94/100|[from] Sandstorm
|-damage|p2a: Ursaluna|26/100 brn|[from] brn
|-fieldend|move: Trick Room
|upkeep
|turn|6
|inactive|MolluskVGC has 30 seconds left.
|inactive|www.battle has 30 seconds left.
|
|t:|1757216976
|switch|p2a: Farigiraf|Farigiraf, L50, M|76/100
|move|p1b: Clefairy|Follow Me|p1b: Clefairy
|-singleturn|p1b: Clefairy|move: Follow Me
|move|p1a: Basculegion|Flip Turn|p2b: Amoonguss
|-resisted|p2b: Amoonguss
|-damage|p2b: Amoonguss|51/100
|
|t:|1757216986
|switch|p1a: Kommo-o|Kommo-o, L50, M|68/100|[from] Flip Turn
|move|p2b: Amoonguss|Spore|p1b: Clefairy
|-status|p1b: Clefairy|slp|[from] move: Spore
|
|-weather|none
|upkeep
|turn|7
|
|t:|1757217003
|cant|p1b: Clefairy|slp
|move|p2b: Amoonguss|Protect|p2b: Amoonguss
|-singleturn|p2b: Amoonguss|Protect
|move|p1a: Kommo-o|Clanging Scales|p2b: Amoonguss|[spread] p2a
|-activate|p2b: Amoonguss|move: Protect
|-damage|p2a: Farigiraf|43/100
|-unboost|p1a: Kommo-o|def|1
|move|p2a: Farigiraf|Trick Room|p2a: Farigiraf
|-fieldstart|move: Trick Room|[of] p2a: Farigiraf
|
|upkeep
|turn|8
|
|t:|1757217017
|move|p1a: Kommo-o|Protect|p1a: Kommo-o
|-singleturn|p1a: Kommo-o|Protect
|move|p2b: Amoonguss|Spore|p1a: Kommo-o
|-activate|p1a: Kommo-o|move: Protect
|-curestatus|p1b: Clefairy|slp|[msg]
|move|p1b: Clefairy|Moonblast|p2a: Farigiraf
|-damage|p2a: Farigiraf|22/100
|move|p2a: Farigiraf|Psychic|p1a: Kommo-o
|-activate|p1a: Kommo-o|move: Protect
|
|upkeep
|turn|9
|
|t:|1757217033
|switch|p2a: Archaludon|Archaludon, L50, F|100/100
|move|p2b: Amoonguss|Protect|p2b: Amoonguss
|-singleturn|p2b: Amoonguss|Protect
|move|p1b: Clefairy|Follow Me|p1b: Clefairy
|-singleturn|p1b: Clefairy|move: Follow Me
|move|p1a: Kommo-o|Clanging Scales|p2a: Archaludon|[spread] p2a
|-activate|p2b: Amoonguss|move: Protect
|-damage|p2a: Archaludon|47/100
|-unboost|p1a: Kommo-o|def|1
|
|upkeep
|turn|10
|inactive|www.battle has 30 seconds left.
|inactive|www.battle has 20 seconds left.
|
|t:|1757217071
|move|p1b: Clefairy|Protect|p1b: Clefairy
|-singleturn|p1b: Clefairy|Protect
|move|p2a: Archaludon|Protect|p2a: Archaludon
|-singleturn|p2a: Archaludon|Protect
|move|p2b: Amoonguss|Spore|p1b: Clefairy
|-activate|p1b: Clefairy|move: Protect
|move|p1a: Kommo-o|Clanging Scales|p2a: Archaludon|[spread] p2b
|-activate|p2a: Archaludon|move: Protect
|-damage|p2b: Amoonguss|19/100
|-unboost|p1a: Kommo-o|def|1
|
|upkeep
|turn|11
|inactive|www.battle has 30 seconds left.
|inactive|MolluskVGC has 30 seconds left.
|inactive|www.battle has 20 seconds left.
|inactive|www.battle has 15 seconds left.
|
|t:|1757217114
|switch|p2b: Ursaluna|Ursaluna, L50, F|26/100 brn
|move|p1b: Clefairy|Follow Me|p1b: Clefairy
|-singleturn|p1b: Clefairy|move: Follow Me
|move|p2a: Archaludon|Draco Meteor|p1b: Clefairy
|-immune|p1b: Clefairy
|move|p1a: Kommo-o|Clangorous Soul|p1a: Kommo-o
|-boost|p1a: Kommo-o|atk|1
|-boost|p1a: Kommo-o|def|1
|-boost|p1a: Kommo-o|spa|1
|-boost|p1a: Kommo-o|spd|1
|-boost|p1a: Kommo-o|spe|1
|-damage|p1a: Kommo-o|35/100
|
|-damage|p2b: Ursaluna|20/100 brn|[from] brn
|-fieldend|move: Trick Room
|upkeep
|turn|12
|inactive|www.battle has 30 seconds left.
|inactive|www.battle has 20 seconds left.
|
|t:|1757217149
|-terastallize|p2a: Archaludon|Flying
|move|p1b: Clefairy|Follow Me|p1b: Clefairy
|-singleturn|p1b: Clefairy|move: Follow Me
|move|p1a: Kommo-o|Clanging Scales|p2a: Archaludon|[spread] p2a,p2b
|-crit|p2a: Archaludon
|-damage|p2a: Archaludon|0 fnt
|-damage|p2b: Ursaluna|0 fnt
|faint|p2a: Archaludon
|faint|p2b: Ursaluna
|-unboost|p1a: Kommo-o|def|1
|
|upkeep
|
|t:|1757217155
|switch|p2a: Amoonguss|Amoonguss, L50, F|52/100
|switch|p2b: Farigiraf|Farigiraf, L50, M|22/100
|turn|13
|-message|www.battle forfeited.
|
|win|MolluskVGC
|raw|MolluskVGC's rating: 1144 → 1165(+21 for winning)
|raw|www.battle's rating: 1089 → 1069(-20 for losing)
|l|☆www.battle
|player|p2|
