|j|‚òÜchefshimi
|j|‚òÜRegionalModeSlow
|html|chefshimiRegionalModeSlow    
|uhtml|bestof|Game 1 of a best-of-3
|t:|1756386891
|gametype|doubles
|player|p1|chefshimi|brycenman|1039
|player|p2|RegionalModeSlow|steven|1196
|gen|9
|tier|[Gen 9] VGC 2025 Reg H (Bo3)
|rated|
|rule|Species Clause: Limit one of each Pok√©mon
|rule|Item Clause: Limit 1 of each item
|clearpoke
|poke|p1|Sneasler, L50, F|
|poke|p1|Rillaboom, L50, F|
|poke|p1|Dragonite, L50, M|
|poke|p1|Kingambit, L50, F|
|poke|p1|Ursaluna-Bloodmoon, L50, M|
|poke|p1|Magmar, L50, F|
|poke|p2|Noivern, L50, M|
|poke|p2|Weezing-Galar, L50, M|
|poke|p2|Gholdengo, L50|
|poke|p2|Garchomp, L50, M|
|poke|p2|Annihilape, L50, M|
|poke|p2|Magmar, L50, F|
|teampreview|4
|showteam|p1|Sneasler||FocusSash|Unburden|DireClaw,CloseCombat,Protect,FakeOut|||F|||50|,,,,,Stellar]Rillaboom||AssaultVest|GrassySurge|GrassyGlide,WoodHammer,HighHorsepower,FakeOut|||F|||50|,,,,,Fire]Dragonite||LoadedDice|Multiscale|ScaleShot,Tailwind,Protect,Haze|||M|||50|,,,,,Fairy]Kingambit||SafetyGoggles|Defiant|SuckerPunch,KowtowCleave,SwordsDance,Protect|||F|||50|,,,,,Ghost]Ursaluna-Bloodmoon||LifeOrb|MindsEye|BloodMoon,HyperVoice,EarthPower,Protect|||M|||50|,,,,,Normal]Magmar||Eviolite|VitalSpirit|Overheat,HelpingHand,FollowMe,Protect|||F|||50|,,,,,Ghost
|showteam|p2|Noivern||CovertCloak|Telepathy|AirSlash,SuperFang,Tailwind,Taunt|||M|||50|,,,,,Steel]Weezing-Galar||ChoiceSpecs|NeutralizingGas|DazzlingGleam,SludgeBomb,StrangeSteam,Flamethrower|||M|||50|,,,,,Flying]Gholdengo||MetalCoat|GoodasGold|MakeItRain,ShadowBall,NastyPlot,Protect||||||50|,,,,,Flying]Garchomp||LifeOrb|RoughSkin|DragonClaw,Earthquake,StompingTantrum,Protect|||M|||50|,,,,,Ground]Annihilape||AssaultVest|Defiant|CloseCombat,ShadowClaw,FinalGambit,Uturn|||M|||50|,,,,,Stellar]Magmar||Eviolite|VitalSpirit|HeatWave,WillOWisp,FollowMe,Protect|||F|||50|,,,,,Ghost
|inactive|Battle timer is ON: inactive players will automatically lose when time's up. (requested by chefshimi)
|inactive|chefshimi has 60 seconds left.
|
|t:|1756386951
|teamsize|p1|4
|teamsize|p2|4
|start
|switch|p1a: Magmar|Magmar, L50, F|100/100
|switch|p1b: Ursaluna|Ursaluna-Bloodmoon, L50, M|100/100
|switch|p2a: Ozzy|Noivern, L50, M|100/100
|switch|p2b: Magmar|Magmar, L50, F|100/100
|turn|1
|
|t:|1756386970
|move|p2b: Magmar|Protect|p2b: Magmar
|-singleturn|p2b: Magmar|Protect
|move|p1a: Magmar|Follow Me|p1a: Magmar
|-singleturn|p1a: Magmar|move: Follow Me
|move|p2a: Ozzy|Super Fang|p1a: Magmar
|-damage|p1a: Magmar|50/100
|move|p1b: Ursaluna|Earth Power|p2b: Magmar
|-activate|p2b: Magmar|move: Protect
|
|upkeep
|turn|2
|inactive|RegionalModeSlow has 30 seconds left.
|
|t:|1756386996
|-terastallize|p1b: Ursaluna|Normal
|move|p1a: Magmar|Follow Me|p1a: Magmar
|-singleturn|p1a: Magmar|move: Follow Me
|move|p2a: Ozzy|Tailwind|p2a: Ozzy
|-sidestart|p2: RegionalModeSlow|move: Tailwind
|move|p2b: Magmar|Heat Wave|p1b: Ursaluna|[spread] p1a,p1b
|-resisted|p1a: Magmar
|-damage|p1a: Magmar|40/100
|-damage|p1b: Ursaluna|68/100
|move|p1b: Ursaluna|Hyper Voice|p2b: Magmar|[spread] p2a,p2b
|-crit|p2a: Ozzy
|-damage|p2a: Ozzy|0 fnt
|-damage|p2b: Magmar|41/100
|faint|p2a: Ozzy
|-damage|p1b: Ursaluna|58/100|[from] item: Life Orb
|
|upkeep
|
|t:|1756387001
|switch|p2a: Bl√•haj|Garchomp, L50, M|100/100
|turn|3
|
|t:|1756387017
|-terastallize|p2a: Bl√•haj|Ground
|move|p2b: Magmar|Protect|p2b: Magmar
|-singleturn|p2b: Magmar|Protect
|move|p1a: Magmar|Follow Me|p1a: Magmar
|-singleturn|p1a: Magmar|move: Follow Me
|move|p2a: Bl√•haj|Earthquake|p1b: Ursaluna|[spread] p1a,p1b
|-activate|p2b: Magmar|move: Protect
|-supereffective|p1a: Magmar
|-damage|p1a: Magmar|0 fnt
|-damage|p1b: Ursaluna|0 fnt
|faint|p1a: Magmar
|faint|p1b: Ursaluna
|-damage|p2a: Bl√•haj|91/100|[from] item: Life Orb
|
|upkeep
|
|t:|1756387022
|switch|p1a: Dragonite|Dragonite, L50, M|100/100
|switch|p1b: Kingambit|Kingambit, L50, F|100/100
|turn|4
|
|t:|1756387040
|move|p2a: Bl√•haj|Protect|p2a: Bl√•haj
|-singleturn|p2a: Bl√•haj|Protect
|move|p2b: Magmar|Will-O-Wisp|p1b: Kingambit
|-status|p1b: Kingambit|brn
|move|p1a: Dragonite|Scale Shot|p2b: Magmar|[miss]
|-miss|p1a: Dragonite|p2b: Magmar
|move|p1b: Kingambit|Kowtow Cleave|p2a: Bl√•haj
|-activate|p2a: Bl√•haj|move: Protect
|
|-damage|p1b: Kingambit|94/100 brn|[from] brn
|upkeep
|turn|5
|
|t:|1756387049
|move|p2a: Bl√•haj|Dragon Claw|p1a: Dragonite
|-supereffective|p1a: Dragonite
|-damage|p1a: Dragonite|38/100
|-damage|p2a: Bl√•haj|81/100|[from] item: Life Orb
|move|p2b: Magmar|Will-O-Wisp|p1a: Dragonite
|-status|p1a: Dragonite|brn
|move|p1a: Dragonite|Tailwind|p1a: Dragonite
|-sidestart|p1: chefshimi|move: Tailwind
|move|p1b: Kingambit|Swords Dance|p1b: Kingambit
|-boost|p1b: Kingambit|atk|2
|
|-damage|p1a: Dragonite|32/100 brn|[from] brn
|-damage|p1b: Kingambit|88/100 brn|[from] brn
|-sideend|p2: RegionalModeSlow|move: Tailwind
|upkeep
|turn|6
|
|t:|1756387062
|move|p2b: Magmar|Follow Me|p2b: Magmar
|-singleturn|p2b: Magmar|move: Follow Me
|move|p1a: Dragonite|Scale Shot|p2b: Magmar
|-damage|p2b: Magmar|36/100
|-damage|p2b: Magmar|30/100
|-damage|p2b: Magmar|25/100
|-damage|p2b: Magmar|19/100
|-crit|p2b: Magmar
|-damage|p2b: Magmar|12/100
|-hitcount|p2b: Magmar|5
|-unboost|p1a: Dragonite|def|1
|-boost|p1a: Dragonite|spe|1
|move|p2a: Bl√•haj|Stomping Tantrum|p1b: Kingambit
|-supereffective|p1b: Kingambit
|-damage|p1b: Kingambit|0 fnt
|faint|p1b: Kingambit
|-damage|p2a: Bl√•haj|72/100|[from] item: Life Orb
|
|-damage|p1a: Dragonite|26/100 brn|[from] brn
|upkeep
|turn|7
|-message|chefshimi forfeited.
|
|win|RegionalModeSlow
|l|‚òÜchefshimi
|player|p1|
||chefshimi is ready for game 2.
||RegionalModeSlow is ready for game 2.
|uhtml|next|Next: Game 2 of 3
