|j|☆palle synchro
|j|☆Fell Blue
|html|palle synchroFell Blue    
|uhtml|bestof|Game 1 of a best-of-3
|t:|1783375609
|gametype|doubles
|player|p1|palle synchro|volkner|1216
|player|p2|Fell Blue|fantina|1347
|gen|9
|tier|[Gen 9 Champions] VGC 2026 Reg M-B (Bo3)
|rated|
|rule|Species Clause: Limit one of each Pokémon
|rule|Item Clause: Limit 1 of each item
|clearpoke
|poke|p1|Swampert, L50, M|
|poke|p1|Pelipper, L50, M|
|poke|p1|Archaludon, L50, F|
|poke|p1|Venusaur, L50, F|
|poke|p1|Maushold-Four, L50|
|poke|p1|Gholdengo, L50|
|poke|p2|Mawile, L50, F|
|poke|p2|Farigiraf, L50, F|
|poke|p2|Drampa, L50, M|
|poke|p2|Kleavor, L50, M|
|poke|p2|Araquanid, L50, F|
|poke|p2|Incineroar, L50, M|
|teampreview|4
|showteam|p1|Swampert||Swampertite|Torrent|WaveCrash,HighHorsepower,IcePunch,Protect|Adamant||M|||50|]Pelipper||SitrusBerry|Drizzle|WeatherBall,Hurricane,Tailwind,WideGuard|Modest||M|||50|]Archaludon||Leftovers|Stamina|ElectroShot,DragonPulse,FlashCannon,Protect|Calm||F|||50|]Venusaur||Venusaurite|Chlorophyll|GigaDrain,EarthPower,SludgeBomb,Protect|Modest||F|||50|]Maushold-Four||FocusSash|FriendGuard|FollowMe,SuperFang,RainDance,Protect|Timid|||||50|]Gholdengo||LifeOrb|GoodasGold|MakeItRain,ShadowBall,NastyPlot,Protect|Modest|||||50|
|showteam|p2|Mawile||Mawilite|HyperCutter|RockSlide,PlayRough,SuckerPunch,BrickBreak|Brave||F|||50|]Farigiraf||SitrusBerry|ArmorTail|Thunderbolt,HelpingHand,Psychic,TrickRoom|Modest||F|||50|]Drampa||Drampanite|CloudNine|EarthPower,HyperVoice,Thunderbolt,Protect|Quiet||M|||50|]Kleavor||FocusSash|Sharpness|Feint,XScissor,StoneAxe,CloseCombat|Brave||M|||50|]Araquanid||MysticWater|WaterBubble|Surf,HydroPump,MirrorCoat,Endeavor|Quiet||F|||50|]Incineroar||LifeOrb|Intimidate|CloseCombat,FlareBlitz,FakeOut,ThroatChop|Brave||M|||50|
|inactive|Battle timer is ON: inactive players will automatically lose when time's up. (requested by palle synchro)
|inactive|Fell Blue has 60 seconds left.
|
|t:|1783375659
|teamsize|p1|4
|teamsize|p2|4
|start
|switch|p1a: Maushold|Maushold-Four, L50|100/100
|switch|p1b: Gold&go|Gholdengo, L50|100/100
|switch|p2a: Farigiraf|Farigiraf, L50, F|100/100
|switch|p2b: Incineroar|Incineroar, L50, M|100/100
|-ability|p2b: Incineroar|Intimidate|boost
|-unboost|p1a: Maushold|atk|1
|-unboost|p1b: Gold&go|atk|1
|turn|1
|inactive|palle synchro has 30 seconds left.
|
|t:|1783375688
|switch|p1a: Swampert|Swampert, L50, M|100/100
|move|p1b: Gold&go|Protect|p1b: Gold&go
|-singleturn|p1b: Gold&go|Protect
|move|p2b: Incineroar|Fake Out|p1a: Swampert
|-damage|p1a: Swampert|80/100
|-damage|p2b: Incineroar|90/100|[from] item: Life Orb
|move|p2a: Farigiraf|Trick Room|p2a: Farigiraf
|-fieldstart|move: Trick Room|[of] p2a: Farigiraf
|
|upkeep
|turn|2
|
|t:|1783375709
|switch|p1b: Pelipper|Pelipper, L50, M|100/100
|-weather|RainDance|[from] ability: Drizzle|[of] p1b: Pelipper
|detailschange|p1a: Swampert|Swampert-Mega, L50, M
|-mega|p1a: Swampert|Swampert|Swampertite
|move|p2b: Incineroar|Close Combat|p1a: Swampert
|-damage|p1a: Swampert|31/100
|-unboost|p2b: Incineroar|def|1
|-unboost|p2b: Incineroar|spd|1
|-damage|p2b: Incineroar|80/100|[from] item: Life Orb
|move|p2a: Farigiraf|Psychic|p1a: Swampert
|-damage|p1a: Swampert|0 fnt
|faint|p1a: Swampert
|
|-weather|RainDance|[upkeep]
|upkeep
|
|t:|1783375725
|switch|p1a: Maushold|Maushold-Four, L50|100/100
|turn|3
|
|t:|1783375742
|switch|p2b: Drampa|Drampa, L50, M|100/100
|-ability|p2b: Drampa|Cloud Nine
|move|p1a: Maushold|Follow Me|p1a: Maushold
|-singleturn|p1a: Maushold|move: Follow Me
|move|p2a: Farigiraf|Thunderbolt|p1a: Maushold
|-damage|p1a: Maushold|70/100
|move|p1b: Pelipper|Weather Ball|p2b: Drampa
|-damage|p2b: Drampa|87/100
|
|-weather|RainDance|[upkeep]
|upkeep
|turn|4
|
|t:|1783375753
|switch|p1b: Gold&go|Gholdengo, L50|100/100
|move|p1a: Maushold|Protect|p1a: Maushold
|-singleturn|p1a: Maushold|Protect
|move|p2b: Drampa|Earth Power|p1a: Maushold
|-activate|p1a: Maushold|move: Protect
|move|p2a: Farigiraf|Psychic|p1a: Maushold
|-activate|p1a: Maushold|move: Protect
|
|-weather|RainDance|[upkeep]
|upkeep
|turn|5
|
|t:|1783375771
|detailschange|p2b: Drampa|Drampa-Mega, L50, M
|-mega|p2b: Drampa|Drampa|Drampanite
|move|p1a: Maushold|Follow Me|p1a: Maushold
|-singleturn|p1a: Maushold|move: Follow Me
|move|p2b: Drampa|Earth Power|p1a: Maushold
|-damage|p1a: Maushold|21/100
|move|p2a: Farigiraf|Thunderbolt|p1a: Maushold
|-damage|p1a: Maushold|0 fnt
|faint|p1a: Maushold
|move|p1b: Gold&go|Nasty Plot|p1b: Gold&go
|-boost|p1b: Gold&go|spa|2
|
|-weather|RainDance|[upkeep]
|-fieldend|move: Trick Room
|upkeep
|
|t:|1783375780
|switch|p1a: Pelipper|Pelipper, L50, M|100/100
|turn|6
|
|t:|1783375798
|move|p1b: Gold&go|Make It Rain|p2b: Drampa|[spread] p2a,p2b
|-damage|p2a: Farigiraf|0 fnt
|-damage|p2b: Drampa|0 fnt
|-unboost|p1b: Gold&go|spa|2
|faint|p2a: Farigiraf
|faint|p2b: Drampa
|-damage|p1b: Gold&go|90/100|[from] item: Life Orb
|move|p1a: Pelipper|Weather Ball|p2: Farigiraf|[notarget]
|-fail|p1a: Pelipper
|
|-weather|none
|upkeep
|
|t:|1783375801
|switch|p2a: Incineroar|Incineroar, L50, M|80/100
|switch|p2b: Araquanid|Araquanid, L50, F|100/100
|-ability|p2a: Incineroar|Intimidate|boost
|-unboost|p1a: Pelipper|atk|1
|-unboost|p1b: Gold&go|atk|1
|turn|7
|
|t:|1783375813
|move|p2a: Incineroar|Fake Out|p1a: Pelipper
|-damage|p1a: Pelipper|81/100
|-damage|p2a: Incineroar|70/100|[from] item: Life Orb
|move|p1b: Gold&go|Nasty Plot|p1b: Gold&go
|-boost|p1b: Gold&go|spa|2
|cant|p1a: Pelipper|flinch
|move|p2b: Araquanid|Hydro Pump|p1b: Gold&go
|-damage|p1b: Gold&go|0 fnt
|faint|p1b: Gold&go
|
|upkeep
|turn|8
|-message|palle synchro forfeited.
|
|win|Fell Blue
||palle synchro is ready for game 2.
||palle synchro is ready for game 2.
