|j|☆OsmiumOs
|j|☆Kalycgos
|html|OsmiumOsKalycgos    
|uhtml|bestof|Game 1 of a best-of-3
|t:|1783880324
|gametype|doubles
|player|p1|OsmiumOs|102|1000
|player|p2|Kalycgos|102|1031
|gen|9
|tier|[Gen 9 Champions] VGC 2026 Reg M-B (Bo3)
|rated|
|rule|Species Clause: Limit one of each Pokémon
|rule|Item Clause: Limit 1 of each item
|clearpoke
|poke|p1|Froslass, L50, F|
|poke|p1|Sneasler, L50, F|
|poke|p1|Mawile, L50, M|
|poke|p1|Basculegion, L50, M|
|poke|p1|Sableye, L50, M|
|poke|p1|Hatterene, L50, F|
|poke|p2|Garchomp, L50, M, shiny|
|poke|p2|Charizard, L50, F, shiny|
|poke|p2|Whimsicott, L50, F|
|poke|p2|Floette-Eternal, L50, F|
|poke|p2|Kingambit, L50, M|
|poke|p2|Basculegion, L50, M|
|teampreview|4
|showteam|p1|Froslass||Froslassite|CursedBody|Protect,Blizzard,NastyPlot,Thunder|Timid||F|||50|]Sneasler||WhiteHerb|Unburden|FakeOut,DireClaw,UpperHand,CloseCombat|Jolly||F|||50|]Mawile||Mawilite|Intimidate|PlayRough,Protect,Taunt,IronHead|Adamant||M|||50|]Basculegion||MysticWater|SwiftSwim|LastRespects,Blizzard,WaveCrash,AquaJet|Adamant||M|||50|]Sableye||RoseliBerry|Prankster|WillOWisp,RainDance,Encore,FoulPlay|Calm||M|||50|]Hatterene||LifeOrb|Healer|TrickRoom,DazzlingGleam,Protect,Psychic|Quiet||F|||50|
|showteam|p2|Garchomp||LifeOrb|RoughSkin|DragonClaw,Earthquake,RockSlide,Protect|Jolly||M|||50|]Charizard||CharizarditeY|Blaze|HeatWave,SolarBeam,AncientPower,Protect|Modest||F|||50|]Whimsicott||FocusSash|Prankster|Moonblast,Tailwind,Encore,Protect|Timid||F|||50|]Floette-Eternal||Floettite|FlowerVeil|LightofRuin,Moonblast,DazzlingGleam,Protect|Timid||F|||50|]Kingambit||BlackGlasses|Defiant|KowtowCleave,SuckerPunch,LowKick,Protect|Adamant||M|||50|]Basculegion||MysticWater|Adaptability|LastRespects,WaveCrash,AquaJet,Protect|Adamant||M|||50|
|
|t:|1783880363
|teamsize|p1|4
|teamsize|p2|4
|start
|switch|p1a: Sneasler|Sneasler, L50, F|100/100
|switch|p1b: Sableye|Sableye, L50, M|100/100
|switch|p2a: Samurai|Kingambit, L50, M|100/100
|switch|p2b: Black Mage|Charizard, L50, F, shiny|100/100
|turn|1
|
|t:|1783880397
|switch|p2a: Reaper|Basculegion, L50, M|100/100
|move|p2b: Black Mage|Protect|p2b: Black Mage
|-singleturn|p2b: Black Mage|Protect
|move|p1b: Sableye|Rain Dance|p1b: Sableye
|-weather|RainDance
|move|p1a: Sneasler|Close Combat|p2a: Reaper
|-immune|p2a: Reaper
|
|-weather|RainDance|[upkeep]
|upkeep
|turn|2
|
|t:|1783880420
|switch|p1a: Basculegion|Basculegion, L50, M|100/100
|switch|p2b: Sage|Floette-Eternal, L50, F|100/100
|move|p2a: Reaper|Aqua Jet|p1a: Basculegion
|-resisted|p1a: Basculegion|1
|-damage|p1a: Basculegion|68/100
|move|p1b: Sableye|Foul Play|p2a: Reaper
|-supereffective|p2a: Reaper|1
|-damage|p2a: Reaper|0 fnt
|faint|p2a: Reaper
|
|-weather|RainDance|[upkeep]
|upkeep
|
|t:|1783880430
|switch|p2a: Samurai|Kingambit, L50, M|100/100
|turn|3
|
|t:|1783880461
|switch|p1b: Froslass|Froslass, L50, F|100/100
|detailschange|p2b: Sage|Floette-Mega, L50, F
|-mega|p2b: Sage|Floette|Floettite
|-ability|p2b: Sage|Fairy Aura
|move|p1a: Basculegion|Wave Crash|p2b: Sage
|-damage|p2b: Sage|0 fnt
|faint|p2b: Sage
|-damage|p1a: Basculegion|43/100|[from] Recoil
|move|p2a: Samurai|Kowtow Cleave|p1a: Basculegion
|-supereffective|p1a: Basculegion|1
|-damage|p1a: Basculegion|0 fnt
|faint|p1a: Basculegion
|
|-weather|RainDance|[upkeep]
|upkeep
|
|t:|1783880480
|switch|p2b: Black Mage|Charizard, L50, F, shiny|100/100
|switch|p1a: Sneasler|Sneasler, L50, F|100/100
|turn|4
|
|t:|1783880492
|detailschange|p1b: Froslass|Froslass-Mega, L50, F
|-mega|p1b: Froslass|Froslass|Froslassite
|-weather|Snowscape|[from] ability: Snow Warning|[of] p1b: Froslass
|move|p2a: Samurai|Protect|p2a: Samurai
|-singleturn|p2a: Samurai|Protect
|move|p1b: Froslass|Thunder|p2b: Black Mage
|-supereffective|p2b: Black Mage|1
|-damage|p2b: Black Mage|0 fnt
|faint|p2b: Black Mage
|move|p1a: Sneasler|Close Combat|p2a: Samurai
|-activate|p2a: Samurai|move: Protect
|
|-weather|Snowscape|[upkeep]
|upkeep
|turn|5
|
|t:|1783880509
|move|p2a: Samurai|Sucker Punch||[still]
|-fail|p2a: Samurai
|move|p1b: Froslass|Nasty Plot|p1b: Froslass
|-boost|p1b: Froslass|spa|2
|move|p1a: Sneasler|Close Combat|p2a: Samurai
|-supereffective|p2a: Samurai|2
|-damage|p2a: Samurai|0 fnt
|-unboost|p1a: Sneasler|def|1
|-unboost|p1a: Sneasler|spd|1
|faint|p2a: Samurai
|
|win|OsmiumOs
|inactive|OsmiumOs has 30 seconds to confirm battle start!
|inactive|Kalycgos has 30 seconds to confirm battle start!
||Kalycgos is ready for game 2.
|inactive|OsmiumOs has 20 seconds to confirm battle start!
