|j|☆andiom123
|j|☆s!dd_1
|html|andiom123s!dd_1    
|uhtml|bestof|Game 1 of a best-of-3
|t:|1783483044
|gametype|doubles
|player|p1|andiom123|red|1170
|player|p2|s!dd_1|flannery-gen6|1258
|gen|9
|tier|[Gen 9 Champions] VGC 2026 Reg M-B (Bo3)
|rated|
|rule|Species Clause: Limit one of each Pokémon
|rule|Item Clause: Limit 1 of each item
|clearpoke
|poke|p1|Incineroar, L50, F|
|poke|p1|Farigiraf, L50, F|
|poke|p1|Sylveon, L50, M|
|poke|p1|Torkoal, L50, F|
|poke|p1|Kangaskhan, L50, F|
|poke|p1|Mawile, L50, M|
|poke|p2|Blaziken, L50, M|
|poke|p2|Kingambit, L50, M|
|poke|p2|Incineroar, L50, F|
|poke|p2|Whimsicott, L50, F|
|poke|p2|Froslass, L50, F|
|poke|p2|Basculegion, L50, M|
|teampreview|4
|showteam|p1|Incineroar||MuscleBand|Intimidate|ThroatChop,FlareBlitz,FakeOut,PartingShot|Brave||F|||50|]Farigiraf||SitrusBerry|ArmorTail|FoulPlay,PsychicNoise,TrickRoom,HelpingHand|Relaxed||F|||50|]Sylveon||LifeOrb|Pixilate|HyperVoice,HyperBeam,QuickAttack,Detect|Modest||M|||50|]Torkoal||Charcoal|Drought|Eruption,EarthPower,Flamethrower,Protect|Quiet||F|||50|]Kangaskhan||Kangaskhanite|Scrappy|DoubleEdge,FakeOut,IcePunch,HammerArm|Brave||F|||50|]Mawile||Mawilite|HyperCutter|RockSlide,PlayRough,SuckerPunch,Protect|Brave||M|||50|
|showteam|p2|Blaziken||Blazikenite|SpeedBoost|FlareBlitz,CloseCombat,RockSlide,Detect|Jolly||M|||50|]Kingambit||BlackGlasses|Defiant|KowtowCleave,SuckerPunch,SwordsDance,Protect|Brave||M|||50|]Incineroar||PasshoBerry|Intimidate|FlareBlitz,Snarl,FakeOut,PartingShot|Impish||F|||50|]Whimsicott||LifeOrb|Prankster|Moonblast,EnergyBall,Tailwind,Protect|Timid||F|||50|]Froslass||Froslassite|CursedBody|Blizzard,ShadowBall,AuroraVeil,Protect|Timid||F|||50|]Basculegion||ChoiceScarf|Adaptability|WaveCrash,LastRespects,AquaJet,FlipTurn|Jolly||M|||50|
|inactive|Battle timer is ON: inactive players will automatically lose when time's up. (requested by s!dd_1)
|inactive|andiom123 has 60 seconds left.
|inactive|s!dd_1 has 60 seconds left.
|inactive|s!dd_1 has 30 seconds left.
|
|t:|1783483109
|teamsize|p1|4
|teamsize|p2|4
|start
|switch|p1a: Farigiraf|Farigiraf, L50, F|100/100
|switch|p1b: Kangaskhan|Kangaskhan, L50, F|100/100
|switch|p2a: Vulcan|Froslass, L50, F|100/100
|switch|p2b: Basculegion|Basculegion, L50, M|100/100
|turn|1
|inactive|andiom123 has 30 seconds left.
|inactive|s!dd_1 has 30 seconds left.
|inactive|andiom123 has 20 seconds left.
|
|t:|1783483145
|detailschange|p2a: Vulcan|Froslass-Mega, L50, F
|-mega|p2a: Vulcan|Froslass|Froslassite
|-weather|Snowscape|[from] ability: Snow Warning|[of] p2a: Vulcan
|move|p1b: Kangaskhan|Fake Out|p2a: Vulcan
|-damage|p2a: Vulcan|82/100
|move|p2b: Basculegion|Flip Turn|p1a: Farigiraf
|-damage|p1a: Farigiraf|73/100
|
|t:|1783483151
|switch|p2b: Matador|Incineroar, L50, F|100/100|[from] Flip Turn
|-ability|p2b: Matador|Intimidate|boost
|-unboost|p1a: Farigiraf|atk|1
|-fail|p1b: Kangaskhan|unboost|Attack|[from] ability: Scrappy|[of] p1b: Kangaskhan
|cant|p2a: Vulcan|flinch
|move|p1a: Farigiraf|Trick Room|p1a: Farigiraf
|-fieldstart|move: Trick Room|[of] p1a: Farigiraf
|
|-weather|Snowscape|[upkeep]
|upkeep
|turn|2
|inactive|andiom123 has 30 seconds left.
|inactive|s!dd_1 has 30 seconds left.
|
|t:|1783483178
|switch|p1a: Torkoal|Torkoal, L50, F|100/100
|-weather|SunnyDay|[from] ability: Drought|[of] p1a: Torkoal
|switch|p2a: Basculegion|Basculegion, L50, M|100/100
|move|p2b: Matador|Parting Shot|p1b: Kangaskhan
|-unboost|p1b: Kangaskhan|atk|1
|-unboost|p1b: Kangaskhan|spa|1
|
|t:|1783483186
|switch|p2b: Vulcan|Froslass-Mega, L50, F|82/100|[from] Parting Shot
|-weather|Snowscape|[from] ability: Snow Warning|[of] p2b: Vulcan
|move|p1b: Kangaskhan|Hammer Arm|p2b: Vulcan
|-supereffective|p2b: Vulcan|1
|-damage|p2b: Vulcan|42/100
|-unboost|p1b: Kangaskhan|spe|1
|
|-weather|Snowscape|[upkeep]
|upkeep
|turn|3
|
|t:|1783483206
|switch|p1b: Farigiraf|Farigiraf, L50, F|73/100
|move|p2b: Vulcan|Protect|p2b: Vulcan
|-singleturn|p2b: Vulcan|Protect
|move|p1a: Torkoal|Eruption|p2a: Basculegion|[spread] p2a
|-activate|p2b: Vulcan|move: Protect
|-resisted|p2a: Basculegion|1
|-damage|p2a: Basculegion|68/100
|move|p2a: Basculegion|Wave Crash|p1a: Torkoal
|-supereffective|p1a: Torkoal|1
|-damage|p1a: Torkoal|0 fnt
|faint|p1a: Torkoal
|-damage|p2a: Basculegion|38/100|[from] Recoil
|
|-weather|Snowscape|[upkeep]
|upkeep
|
|t:|1783483223
|switch|p1a: Sylveon|Sylveon, L50, M|100/100
|turn|4
|inactive|s!dd_1 has 30 seconds left.
|
|t:|1783483254
|move|p1b: Farigiraf|Foul Play|p2a: Basculegion
|-supereffective|p2a: Basculegion|1
|-damage|p2a: Basculegion|0 fnt
|faint|p2a: Basculegion
|move|p1a: Sylveon|Hyper Voice|p2b: Vulcan
|-damage|p2b: Vulcan|0 fnt
|faint|p2b: Vulcan
|-damage|p1a: Sylveon|90/100|[from] item: Life Orb
|
|-weather|Snowscape|[upkeep]
|upkeep
|
|t:|1783483257
|switch|p2a: Matador|Incineroar, L50, F|100/100
|switch|p2b: Gipsy|Blaziken, L50, M|100/100
|-ability|p2a: Matador|Intimidate|boost
|-unboost|p1a: Sylveon|atk|1
|-unboost|p1b: Farigiraf|atk|1
|turn|5
|inactive|andiom123 has 30 seconds left.
|
|t:|1783483290
|move|p1b: Farigiraf|Helping Hand|p1a: Sylveon
|-singleturn|p1a: Sylveon|Helping Hand|[of] p1b: Farigiraf
|move|p2b: Gipsy|Detect|p2b: Gipsy
|-singleturn|p2b: Gipsy|Protect
|move|p1a: Sylveon|Hyper Beam|p2a: Matador
|-damage|p2a: Matador|0 fnt
|-mustrecharge|p1a: Sylveon
|faint|p2a: Matador
|-damage|p1a: Sylveon|80/100|[from] item: Life Orb
|
|-weather|Snowscape|[upkeep]
|-fieldend|move: Trick Room
|-ability|p2b: Gipsy|Speed Boost|boost
|-boost|p2b: Gipsy|spe|1
|upkeep
|turn|6
|
|t:|1783483308
|move|p2b: Gipsy|Flare Blitz|p1b: Farigiraf
|-damage|p1b: Farigiraf|25/100
|-enditem|p1b: Farigiraf|Sitrus Berry|[eat]
|-heal|p1b: Farigiraf|50/100g|[from] item: Sitrus Berry
|-damage|p2b: Gipsy|77/100|[from] Recoil
|cant|p1a: Sylveon|recharge
|move|p1b: Farigiraf|Trick Room|p1b: Farigiraf
|-fieldstart|move: Trick Room|[of] p1b: Farigiraf
|
|-weather|none
|-ability|p2b: Gipsy|Speed Boost|boost
|-boost|p2b: Gipsy|spe|1
|upkeep
|turn|7
|-message|s!dd_1 forfeited.
|
|win|andiom123
||s!dd_1 is ready for game 2.
|inactive|andiom123 has 30 seconds to confirm battle start!
||andiom123 is ready for game 2.
|uhtml|next|Next: Game 2 of 3
|l|☆s!dd_1
|player|p2|
