|j|☆Steelix is best
|j|☆arcaninebr 2.0
|html|Steelix is bestarcaninebr 2.0    
|uhtml|bestof|Game 1 of a best-of-3
|t:|1756502703
|gametype|doubles
|player|p1|Steelix is best|265|1017
|player|p2|arcaninebr 2.0|1|1000
|gen|9
|tier|[Gen 9] VGC 2025 Reg H (Bo3)
|rated|
|rule|Species Clause: Limit one of each Pokémon
|rule|Item Clause: Limit 1 of each item
|clearpoke
|poke|p1|Ursaluna, L50, F|
|poke|p1|Incineroar, L50, F|
|poke|p1|Annihilape, L50, M|
|poke|p1|Farigiraf, L50, F|
|poke|p1|Smeargle, L50, F|
|poke|p1|Archaludon, L50, M|
|poke|p2|Arcanine, L50, M|
|poke|p2|Electabuzz, L50, F|
|poke|p2|Rillaboom, L50, M|
|poke|p2|Sneasler, L50, M|
|poke|p2|Annihilape, L50, M|
|poke|p2|Dragonite, L50, M|
|teampreview|4
|showteam|p1|Ursaluna||FlameOrb|Guts|Facade,Protect,HeadlongRush,CloseCombat|||F|||50|,,,,,Ghost]Incineroar||SafetyGoggles|Intimidate|KnockOff,PartingShot,FakeOut,FlareBlitz|||F|||50|,,,,,Ghost]Annihilape||ChoiceScarf|Defiant|FinalGambit,RageFist,CloseCombat,TeraBlast|||M|||50|,,,,,Dark]Farigiraf||ThroatSpray|ArmorTail|TrickRoom,HyperVoice,HelpingHand,Protect|||F|||50|,,,,,Normal]Smeargle||FocusSash|Moody|SpikyShield,FakeOut,Ruination,Spore|||F|||50|,,,,,Normal]Archaludon||SitrusBerry|Stamina|BodyPress,Protect,IronDefense,DracoMeteor|||M|||50|,,,,,Ghost
|showteam|p2|Arcanine||RockyHelmet|Intimidate|HeatWave,Snarl,Protect,WillOWisp|||M|||50|,,,,,Grass]Electabuzz||Eviolite|VitalSpirit|Protect,Taunt,Electroweb,FollowMe|||F|||50|,,,,,Electric]Rillaboom||AssaultVest|GrassySurge|WoodHammer,HighHorsepower,FakeOut,GrassyGlide|||M|||50|,,,,,Grass]Sneasler||GrassySeed|Unburden|CloseCombat,DireClaw,ThroatChop,FakeOut|||M|||50|,,,,,Dark]Annihilape||SafetyGoggles|Defiant|RageFist,CloseCombat,Taunt,Protect|||M|||50|,,,,,Fighting]Dragonite||LoadedDice|Multiscale|ScaleShot,ExtremeSpeed,StompingTantrum,Protect|||M|||50|,,,,,Normal
|inactive|Battle timer is ON: inactive players will automatically lose when time's up. (requested by Steelix is best)
|inactive|Steelix is best has 60 seconds left.
|inactive|arcaninebr 2.0 has 60 seconds left.
|
|t:|1756502748
|teamsize|p1|4
|teamsize|p2|4
|start
|switch|p1a: Farigiraf|Farigiraf, L50, F|100/100
|switch|p1b: Annihilape|Annihilape, L50, M|100/100
|switch|p2a: Electabuzz|Electabuzz, L50, F|100/100
|switch|p2b: Arcanine|Arcanine, L50, M|100/100
|-ability|p2b: Arcanine|Intimidate|boost
|-unboost|p1a: Farigiraf|atk|1
|-unboost|p1b: Annihilape|atk|1
|-ability|p1b: Annihilape|Defiant|boost
|-boost|p1b: Annihilape|atk|2
|turn|1
|inactive|Steelix is best has 30 seconds left.
|
|t:|1756502778
|move|p1a: Farigiraf|Helping Hand|p1b: Annihilape
|-singleturn|p1b: Annihilape|Helping Hand|[of] p1a: Farigiraf
|move|p1b: Annihilape|Close Combat|p2a: Electabuzz
|-damage|p2a: Electabuzz|20/100
|-unboost|p1b: Annihilape|def|1
|-unboost|p1b: Annihilape|spd|1
|move|p2a: Electabuzz|Taunt|p1a: Farigiraf
|-start|p1a: Farigiraf|move: Taunt
|move|p2b: Arcanine|Will-O-Wisp|p1b: Annihilape
|-status|p1b: Annihilape|brn
|
|-damage|p1b: Annihilape|95/100 brn|[from] brn
|upkeep
|turn|2
|l|☆Steelix is best
|inactive|Steelix is best disconnected and has a minute to reconnect!
|player|p1|
|j|☆Steelix is best
|inactive|Steelix is best reconnected and has 40 seconds left.
|player|p1|Steelix is best|265|
|inactive|Steelix is best has 30 seconds left.
|inactive|arcaninebr 2.0 has 30 seconds left.
|inactive|arcaninebr 2.0 has 20 seconds left.
|inactive|arcaninebr 2.0 has 15 seconds left.
|
|t:|1756502819
|switch|p1b: Ursaluna|Ursaluna, L50, F|100/100
|move|p2a: Electabuzz|Follow Me|p2a: Electabuzz
|-singleturn|p2a: Electabuzz|move: Follow Me
|move|p2b: Arcanine|Heat Wave|p1b: Ursaluna|[spread] p1a,p1b
|-damage|p1a: Farigiraf|73/100
|-damage|p1b: Ursaluna|77/100
|move|p1a: Farigiraf|Hyper Voice|p2b: Arcanine|[spread] p2a,p2b
|-damage|p2a: Electabuzz|0 fnt
|-damage|p2b: Arcanine|75/100
|faint|p2a: Electabuzz
|-enditem|p1a: Farigiraf|Throat Spray
|-boost|p1a: Farigiraf|spa|1|[from] item: Throat Spray
|
|-status|p1b: Ursaluna|brn|[from] item: Flame Orb
|upkeep
|
|t:|1756502833
|switch|p2a: Rillaboom|Rillaboom, L50, M|100/100
|-fieldstart|move: Grassy Terrain|[from] ability: Grassy Surge|[of] p2a: Rillaboom
|turn|3
|
|t:|1756502852
|-terastallize|p2a: Rillaboom|Grass
|move|p2b: Arcanine|Protect|p2b: Arcanine
|-singleturn|p2b: Arcanine|Protect
|move|p1b: Ursaluna|Protect|p1b: Ursaluna
|-singleturn|p1b: Ursaluna|Protect
|move|p2a: Rillaboom|Grassy Glide||[still]
|cant|p1a: Farigiraf|ability: Armor Tail|Grassy Glide|[of] p2a: Rillaboom
|move|p1a: Farigiraf|Hyper Voice|p2a: Rillaboom|[spread] p2a
|-activate|p2b: Arcanine|move: Protect
|-damage|p2a: Rillaboom|62/100
|
|-heal|p2a: Rillaboom|69/100|[from] Grassy Terrain
|-heal|p2b: Arcanine|81/100|[from] Grassy Terrain
|-heal|p1a: Farigiraf|79/100|[from] Grassy Terrain
|-heal|p1b: Ursaluna|84/100 brn|[from] Grassy Terrain
|-damage|p1b: Ursaluna|77/100 brn|[from] brn
|upkeep
|turn|4
|inactive|Steelix is best has 30 seconds left.
|
|t:|1756502878
|-terastallize|p1b: Ursaluna|Ghost
|move|p2a: Rillaboom|Grassy Glide||[still]
|cant|p1a: Farigiraf|ability: Armor Tail|Grassy Glide|[of] p2a: Rillaboom
|move|p2b: Arcanine|Snarl|p1a: Farigiraf|[spread] p1a,p1b
|-supereffective|p1a: Farigiraf
|-supereffective|p1b: Ursaluna
|-damage|p1a: Farigiraf|56/100
|-damage|p1b: Ursaluna|58/100 brn
|-unboost|p1a: Farigiraf|spa|1
|-unboost|p1b: Ursaluna|spa|1
|move|p1a: Farigiraf|Hyper Voice|p2a: Rillaboom|[spread] p2a,p2b
|-damage|p2a: Rillaboom|45/100
|-damage|p2b: Arcanine|53/100
|move|p1b: Ursaluna|Facade|p2b: Arcanine
|-damage|p2b: Arcanine|0 fnt
|-damage|p1b: Ursaluna|42/100 brn|[from] item: Rocky Helmet|[of] p2b: Arcanine
|faint|p2b: Arcanine
|
|-heal|p2a: Rillaboom|51/100|[from] Grassy Terrain
|-heal|p1a: Farigiraf|62/100|[from] Grassy Terrain
|-heal|p1b: Ursaluna|48/100 brn|[from] Grassy Terrain
|-damage|p1b: Ursaluna|42/100 brn|[from] brn
|-end|p1a: Farigiraf|move: Taunt
|upkeep
|inactive|arcaninebr 2.0 has 30 seconds left.
|
|t:|1756502906
|switch|p2b: Sneasler|Sneasler, L50, M|100/100
|-enditem|p2b: Sneasler|Grassy Seed
|-boost|p2b: Sneasler|def|1|[from] item: Grassy Seed
|turn|5
|l|☆Steelix is best
|inactive|Steelix is best disconnected and has a minute to reconnect!
|player|p1|
|j|☆Steelix is best
|inactive|Steelix is best reconnected and has 50 seconds left.
|player|p1|Steelix is best|265|
|
|t:|1756502919
|move|p1b: Ursaluna|Protect|p1b: Ursaluna
|-singleturn|p1b: Ursaluna|Protect
|move|p2b: Sneasler|Throat Chop|p1a: Farigiraf
|-supereffective|p1a: Farigiraf
|-damage|p1a: Farigiraf|4/100
|-start|p1a: Farigiraf|Throat Chop|[silent]
|move|p2a: Rillaboom|Wood Hammer|p1b: Ursaluna
|-activate|p1b: Ursaluna|move: Protect
|move|p1a: Farigiraf|Trick Room|p1a: Farigiraf
|-fieldstart|move: Trick Room|[of] p1a: Farigiraf
|
|-heal|p1b: Ursaluna|48/100 brn|[from] Grassy Terrain
|-heal|p1a: Farigiraf|10/100|[from] Grassy Terrain
|-heal|p2a: Rillaboom|57/100|[from] Grassy Terrain
|-damage|p1b: Ursaluna|42/100 brn|[from] brn
|upkeep
|turn|6
|inactive|Steelix is best has 30 seconds left.
|
|t:|1756502945
|move|p1a: Farigiraf|Helping Hand|p1b: Ursaluna
|-singleturn|p1b: Ursaluna|Helping Hand|[of] p1a: Farigiraf
|move|p1b: Ursaluna|Facade|p2b: Sneasler
|-damage|p2b: Sneasler|0 fnt
|faint|p2b: Sneasler
|move|p2a: Rillaboom|Wood Hammer|p1b: Ursaluna
|-damage|p1b: Ursaluna|0 fnt
|faint|p1b: Ursaluna
|-damage|p2a: Rillaboom|41/100|[from] Recoil
|
|-heal|p1a: Farigiraf|16/100|[from] Grassy Terrain
|-heal|p2a: Rillaboom|48/100|[from] Grassy Terrain
|-end|p1a: Farigiraf|Throat Chop|[silent]
|upkeep
|
|t:|1756502957
|switch|p1b: Smeargle|Smeargle, L50, F|100/100
|turn|7
|
|t:|1756502963
|move|p1b: Smeargle|Fake Out|p2a: Rillaboom
|-damage|p2a: Rillaboom|42/100
|move|p1a: Farigiraf|Hyper Voice|p2a: Rillaboom
|-damage|p2a: Rillaboom|7/100
|cant|p2a: Rillaboom|flinch
|
|-heal|p1a: Farigiraf|22/100|[from] Grassy Terrain
|-heal|p2a: Rillaboom|14/100|[from] Grassy Terrain
|-fieldend|move: Grassy Terrain
|-ability|p1b: Smeargle|Moody|boost
|-boost|p1b: Smeargle|def|2
|-unboost|p1b: Smeargle|spd|1
|upkeep
|turn|8
|
|t:|1756502979
|move|p1a: Farigiraf|Hyper Voice|p2a: Rillaboom
|-damage|p2a: Rillaboom|0 fnt
|faint|p2a: Rillaboom
|
|win|Steelix is best
||Steelix is best is ready for game 2.
||arcaninebr 2.0 is ready for game 2.
|uhtml|next|Next: Game 2 of 3
|l|☆Steelix is best
|player|p1|
