|j|☆Danielesqueda17
|j|☆testdigi
|html|Danielesqueda17testdigi    
|uhtml|bestof|Game 1 of a best-of-3
|t:|1784917657
|gametype|doubles
|player|p1|Danielesqueda17|bellelba|1186
|player|p2|testdigi|101|1184
|gen|9
|tier|[Gen 9 Champions] VGC 2026 Reg M-B (Bo3)
|rated|
|rule|Species Clause: Limit one of each Pokémon
|rule|Item Clause: Limit 1 of each item
|clearpoke
|poke|p1|Staraptor, L50, F|
|poke|p1|Farigiraf, L50, F|
|poke|p1|Mawile, L50, M|
|poke|p1|Torkoal, L50, F|
|poke|p1|Kingambit, L50, F|
|poke|p1|Meganium, L50, M|
|poke|p2|Raichu, L50, M|
|poke|p2|Sinistcha, L50|
|poke|p2|Corviknight, L50, M|
|poke|p2|Sylveon, L50, M|
|poke|p2|Garchomp, L50, F|
|poke|p2|Tyranitar, L50, M|
|teampreview|4
|showteam|p1|Staraptor||ChoiceScarf|Intimidate|FinalGambit,CloseCombat,BraveBird,Tailwind|Jolly||F|||50|]Farigiraf||SitrusBerry|ArmorTail|TrickRoom,HelpingHand,HyperVoice,Protect|Quiet||F|||50|]Mawile||Mawilite|HyperCutter|PlayRough,Protect,SuckerPunch,SwordsDance|Adamant||M|||50|]Torkoal||Charcoal|Drought|Eruption,HeatWave,WillOWisp,Protect|Quiet||F|||50|]Kingambit||BlackGlasses|Defiant|KowtowCleave,SuckerPunch,Protect,IronHead|Adamant||F|||50|]Meganium||Meganiumite|Overgrow|WeatherBall,SolarBeam,Protect,DazzlingGleam|Modest||M|||50|
|showteam|p2|Raichu||RaichuniteY|LightningRod|ZapCannon,FocusBlast,FakeOut,Protect|Timid||M|||50|]Sinistcha||KasibBerry|Hospitality|MatchaGotcha,LifeDew,RagePowder,Protect|Modest|||||50|]Corviknight||OccaBerry|MirrorArmor|IronHead,BraveBird,Tailwind,Protect|Adamant||M|||50|]Sylveon||FairyFeather|Pixilate|HyperVoice,QuickAttack,Yawn,Detect|Modest||M|||50|]Garchomp||LifeOrb|RoughSkin|DragonClaw,StompingTantrum,RockSlide,Protect|Adamant||F|||50|]Tyranitar||FocusSash|SandStream|RockSlide,KnockOff,Superpower,Protect|Adamant||M|||50|
|inactive|Battle timer is ON: inactive players will automatically lose when time's up. (requested by Danielesqueda17)
|
|t:|1784917680
|teamsize|p1|4
|teamsize|p2|4
|start
|switch|p1a: Farigiraf|Farigiraf, L50, F|100/100
|switch|p1b: Staraptor|Staraptor, L50, F|100/100
|switch|p2a: Raichu|Raichu, L50, M|100/100
|switch|p2b: Sylveon|Sylveon, L50, M|100/100
|-ability|p1b: Staraptor|Intimidate|boost
|-unboost|p2a: Raichu|atk|1
|-unboost|p2b: Sylveon|atk|1
|turn|1
|inactive|testdigi has 30 seconds left.
|inactive|testdigi has 20 seconds left.
|
|t:|1784917716
|switch|p2a: Sinistcha|Sinistcha, L50|100/100
|move|p2b: Sylveon|Detect|p2b: Sylveon
|-singleturn|p2b: Sylveon|Protect
|move|p1a: Farigiraf|Protect|p1a: Farigiraf
|-singleturn|p1a: Farigiraf|Protect
|move|p1b: Staraptor|Final Gambit|p2b: Sylveon
|-activate|p2b: Sylveon|move: Protect
|
|upkeep
|turn|2
|
|t:|1784917726
|switch|p1b: Mawile|Mawile, L50, M|100/100
|move|p2a: Sinistcha|Rage Powder|p2a: Sinistcha
|-singleturn|p2a: Sinistcha|move: Rage Powder
|move|p2b: Sylveon|Yawn|p1b: Mawile
|-start|p1b: Mawile|move: Yawn|[of] p2b: Sylveon
|move|p1a: Farigiraf|Trick Room|p1a: Farigiraf
|-fieldstart|move: Trick Room|[of] p1a: Farigiraf
|
|upkeep
|turn|3
|inactive|Danielesqueda17 has 30 seconds left.
|inactive|testdigi has 30 seconds left.
|
|t:|1784917763
|switch|p1a: Kingambit|Kingambit, L50, F|100/100
|detailschange|p1b: Mawile|Mawile-Mega, L50, M
|-mega|p1b: Mawile|Mawile|Mawilite
|move|p2b: Sylveon|Detect|p2b: Sylveon
|-singleturn|p2b: Sylveon|Protect
|move|p1b: Mawile|Play Rough|p2b: Sylveon
|-activate|p2b: Sylveon|move: Protect
|move|p2a: Sinistcha|Matcha Gotcha|p1b: Mawile|[spread] p1b
|-miss|p2a: Sinistcha|p1a: Kingambit
|-resisted|p1b: Mawile|1
|-damage|p1b: Mawile|84/100
|-status|p1b: Mawile|brn
|
|-damage|p1b: Mawile|77/100 brn|[from] brn
|-end|p1b: Mawile|move: Yawn|[silent]
|upkeep
|turn|4
|
|t:|1784917785
|move|p2a: Sinistcha|Rage Powder|p2a: Sinistcha
|-singleturn|p2a: Sinistcha|move: Rage Powder
|move|p1a: Kingambit|Kowtow Cleave|p2a: Sinistcha
|-supereffective|p2a: Sinistcha|1
|-damage|p2a: Sinistcha|0 fnt
|faint|p2a: Sinistcha
|move|p1b: Mawile|Swords Dance|p1b: Mawile
|-boost|p1b: Mawile|atk|2
|move|p2b: Sylveon|Yawn|p1a: Kingambit
|-start|p1a: Kingambit|move: Yawn|[of] p2b: Sylveon
|
|-damage|p1b: Mawile|71/100 brn|[from] brn
|upkeep
|
|t:|1784917799
|switch|p2a: Raichu|Raichu, L50, M|100/100
|turn|5
|
|t:|1784917806
|switch|p1a: Farigiraf|Farigiraf, L50, F|100/100
|detailschange|p2a: Raichu|Raichu-Mega-Y, L50, M
|-mega|p2a: Raichu|Raichu|Raichunite Y
|move|p2b: Sylveon|Detect|p2b: Sylveon
|-singleturn|p2b: Sylveon|Protect
|move|p2a: Raichu|Protect|p2a: Raichu
|-singleturn|p2a: Raichu|Protect
|move|p1b: Mawile|Play Rough|p2b: Sylveon
|-activate|p2b: Sylveon|move: Protect
|
|-damage|p1b: Mawile|65/100 brn|[from] brn
|upkeep
|turn|6
|
|t:|1784917820
|move|p1a: Farigiraf|Hyper Voice|p2a: Raichu|[spread] p2a,p2b
|-damage|p2a: Raichu|59/100
|-damage|p2b: Sylveon|77/100
|move|p1b: Mawile|Play Rough|p2b: Sylveon
|-damage|p2b: Sylveon|0 fnt
|faint|p2b: Sylveon
|move|p2a: Raichu|Zap Cannon|p1a: Farigiraf
|-damage|p1a: Farigiraf|33/100
|-status|p1a: Farigiraf|par
|-enditem|p1a: Farigiraf|Sitrus Berry|[eat]
|-heal|p1a: Farigiraf|57/100 par|[from] item: Sitrus Berry
|
|-damage|p1b: Mawile|59/100 brn|[from] brn
|-fieldend|move: Trick Room
|upkeep
|
|t:|1784917824
|switch|p2b: Garchomp|Garchomp, L50, F|100/100
|turn|7
|
|t:|1784917833
|switch|p1a: Staraptor|Staraptor, L50, F|100/100
|-ability|p1a: Staraptor|Intimidate|boost
|-unboost|p2a: Raichu|atk|1
|-unboost|p2b: Garchomp|atk|1
|move|p1b: Mawile|Sucker Punch|p2a: Raichu
|-damage|p2a: Raichu|0 fnt
|faint|p2a: Raichu
|move|p2b: Garchomp|Stomping Tantrum|p1b: Mawile
|-supereffective|p1b: Mawile|1
|-damage|p1b: Mawile|0 fnt
|faint|p1b: Mawile
|-damage|p2b: Garchomp|90/100|[from] item: Life Orb
|
|upkeep
|
|t:|1784917836
|switch|p1b: Kingambit|Kingambit, L50, F|100/100
|turn|8
|-message|testdigi forfeited.
|
|win|Danielesqueda17
