|j|☆Olciax34
|j|☆ancient95
|html|Olciax34ancient95    
|uhtml|bestof|Game 2 of a best-of-3
|t:|1784729202
|gametype|doubles
|player|p1|Olciax34|clair|1307
|player|p2|ancient95|benga|1250
|gen|9
|tier|[Gen 9 Champions] VGC 2026 Reg M-B (Bo3)
|rated|
|rule|Species Clause: Limit one of each Pokémon
|rule|Item Clause: Limit 1 of each item
|clearpoke
|poke|p1|Charizard, L50, M|
|poke|p1|Whimsicott, L50, M|
|poke|p1|Garchomp, L50, F|
|poke|p1|Basculegion, L50, M|
|poke|p1|Floette-Eternal, L50, F|
|poke|p1|Kingambit, L50, M|
|poke|p2|Grimmsnarl, L50, M, shiny|
|poke|p2|Basculegion, L50, M|
|poke|p2|Archaludon, L50, F|
|poke|p2|Staraptor, L50, F, shiny|
|poke|p2|Politoed, L50, F, shiny|
|poke|p2|Excadrill, L50, F, shiny|
|teampreview|4
|showteam|p1|Charizard||CharizarditeY|SolarPower|HeatWave,WeatherBall,SolarBeam,Protect|Modest||M|||50|]Whimsicott||FocusSash|Prankster|Moonblast,Tailwind,Encore,Protect|Timid||M|||50|]Garchomp||LifeOrb|RoughSkin|Earthquake,DragonClaw,RockSlide,Protect|Jolly||F|||50|]Basculegion||ChoiceScarf|Adaptability|WaveCrash,FlipTurn,LastRespects,AquaJet|Jolly||M|||50|]Floette-Eternal||Floettite|FlowerVeil|DrainingKiss,Moonblast,CalmMind,Protect|Modest||F|||50|]Kingambit||ChopleBerry|Defiant|KowtowCleave,SuckerPunch,IronHead,LowKick|Adamant||M|||50|
|showteam|p2|Grimmsnarl||LightClay|Prankster|LightScreen,Reflect,PartingShot,ScaryFace|Calm||M|||50|]Basculegion||ChoiceScarf|Adaptability|WaveCrash,FlipTurn,AquaJet,LastRespects|Jolly||M|||50|]Archaludon||Leftovers|Stamina|ElectroShot,FlashCannon,DragonPulse,Protect|Bold||F|||50|]Staraptor||Staraptite|Intimidate|CloseCombat,BraveBird,Protect,Roost|Jolly||F|||50|]Politoed||SitrusBerry|Drizzle|MuddyWater,RainDance,Protect,HelpingHand|Bold||F|||50|]Excadrill||FocusSash|MoldBreaker|Earthquake,IronHead,Protect,HighHorsepower|Adamant||F|||50|
|inactive|Battle timer is ON: inactive players will automatically lose when time's up. (requested by ancient95)
|
|t:|1784729217
|teamsize|p1|4
|teamsize|p2|4
|start
|switch|p1a: Floette|Floette-Eternal, L50, F|100/100
|switch|p1b: Basculegion|Basculegion, L50, M|100/100
|switch|p2a: 오롱털|Grimmsnarl, L50, M, shiny|100/100
|switch|p2b: 브리두라스|Archaludon, L50, F|100/100
|turn|1
|
|t:|1784729230
|detailschange|p1a: Floette|Floette-Mega, L50, F
|-mega|p1a: Floette|Floette|Floettite
|-ability|p1a: Floette|Fairy Aura
|move|p2a: 오롱털|Light Screen|p2a: 오롱털
|-sidestart|p2: ancient95|move: Light Screen
|move|p1b: Basculegion|Flip Turn|p2a: 오롱털
|-damage|p2a: 오롱털|59/100
|
|t:|1784729239
|switch|p1b: Whimsicott|Whimsicott, L50, M|100/100|[from] Flip Turn
|move|p1a: Floette|Calm Mind|p1a: Floette
|-boost|p1a: Floette|spa|1
|-boost|p1a: Floette|spd|1
|move|p2b: 브리두라스|Flash Cannon|p1a: Floette
|-supereffective|p1a: Floette|1
|-damage|p1a: Floette|64/100
|
|upkeep
|turn|2
|
|t:|1784729261
|move|p1a: Floette|Protect|p1a: Floette
|-singleturn|p1a: Floette|Protect
|move|p2a: 오롱털|Scary Face|p1a: Floette
|-activate|p1a: Floette|move: Protect
|move|p1b: Whimsicott|Moonblast|p2a: 오롱털
|-supereffective|p2a: 오롱털|1
|-damage|p2a: 오롱털|5/100
|move|p2b: 브리두라스|Flash Cannon|p1b: Whimsicott
|-supereffective|p1b: Whimsicott|1
|-enditem|p1b: Whimsicott|Focus Sash
|-damage|p1b: Whimsicott|1/100
|
|upkeep
|turn|3
|inactive|Olciax34 has 30 seconds left.
|
|t:|1784729296
|move|p1b: Whimsicott|Tailwind|p1b: Whimsicott
|-sidestart|p1: Olciax34|move: Tailwind
|move|p2a: 오롱털|Parting Shot|p1a: Floette
|-unboost|p1a: Floette|atk|1
|-unboost|p1a: Floette|spa|1
|
|t:|1784729300
|switch|p2a: 왕구리|Politoed, L50, F, shiny|100/100|[from] Parting Shot
|-weather|RainDance|[from] ability: Drizzle|[of] p2a: 왕구리
|move|p1a: Floette|Draining Kiss|p2b: 브리두라스
|-damage|p2b: 브리두라스|71/100
|-heal|p1a: Floette|86/100|[from] drain|[of] p2b: 브리두라스
|-ability|p2b: 브리두라스|Stamina|boost
|-boost|p2b: 브리두라스|def|1
|move|p2b: 브리두라스|Flash Cannon|p1b: Whimsicott
|-supereffective|p1b: Whimsicott|1
|-damage|p1b: Whimsicott|0 fnt
|faint|p1b: Whimsicott
|
|-weather|RainDance|[upkeep]
|-heal|p2b: 브리두라스|77/100|[from] item: Leftovers
|upkeep
|
|t:|1784729314
|switch|p1b: Kingambit|Kingambit, L50, M|100/100
|turn|4
|
|t:|1784729322
|move|p1a: Floette|Calm Mind|p1a: Floette
|-boost|p1a: Floette|spa|1
|-boost|p1a: Floette|spd|1
|move|p1b: Kingambit|Iron Head|p2a: 왕구리
|-resisted|p2a: 왕구리|1
|-damage|p2a: 왕구리|75/100
|move|p2b: 브리두라스|Electro Shot||[still]
|-prepare|p2b: 브리두라스|Electro Shot
|-boost|p2b: 브리두라스|spa|1
|-anim|p2b: 브리두라스|Electro Shot|p1b: Kingambit
|-damage|p1b: Kingambit|44/100
|cant|p2a: 왕구리|flinch
|
|-weather|RainDance|[upkeep]
|-heal|p2b: 브리두라스|83/100|[from] item: Leftovers
|upkeep
|turn|5
|inactive|ancient95 has 30 seconds left.
|inactive|Olciax34 has 30 seconds left.
|
|t:|1784729352
|move|p2a: 왕구리|Helping Hand|p2b: 브리두라스
|-singleturn|p2b: 브리두라스|Helping Hand|[of] p2a: 왕구리
|move|p1a: Floette|Moonblast|p2b: 브리두라스
|-damage|p2b: 브리두라스|5/100
|-ability|p2b: 브리두라스|Stamina|boost
|-boost|p2b: 브리두라스|def|1
|move|p1b: Kingambit|Low Kick|p2b: 브리두라스
|-supereffective|p2b: 브리두라스|1
|-damage|p2b: 브리두라스|0 fnt
|faint|p2b: 브리두라스
|
|-weather|RainDance|[upkeep]
|upkeep
|
|t:|1784729361
|switch|p2b: 찌르호크|Staraptor, L50, F, shiny|100/100
|-ability|p2b: 찌르호크|Intimidate|boost
|-unboost|p1a: Floette|atk|1
|-unboost|p1b: Kingambit|atk|1
|-ability|p1b: Kingambit|Defiant|boost
|-boost|p1b: Kingambit|atk|2
|turn|6
|
|t:|1784729379
|detailschange|p2b: 찌르호크|Staraptor-Mega, L50, F, shiny
|-mega|p2b: 찌르호크|Staraptor|Staraptite
|move|p2b: 찌르호크|Protect|p2b: 찌르호크
|-singleturn|p2b: 찌르호크|Protect
|move|p2a: 왕구리|Protect|p2a: 왕구리
|-singleturn|p2a: 왕구리|Protect
|move|p1a: Floette|Moonblast|p2b: 찌르호크
|-activate|p2b: 찌르호크|move: Protect
|move|p1b: Kingambit|Iron Head|p2a: 왕구리
|-activate|p2a: 왕구리|move: Protect
|
|-weather|RainDance|[upkeep]
|-sideend|p1: Olciax34|move: Tailwind
|upkeep
|turn|7
|
|t:|1784729401
|move|p1a: Floette|Protect|p1a: Floette
|-singleturn|p1a: Floette|Protect
|move|p2b: 찌르호크|Close Combat|p1b: Kingambit
|-supereffective|p1b: Kingambit|2
|-enditem|p1b: Kingambit|Chople Berry|[eat]
|-enditem|p1b: Kingambit|Chople Berry|[weaken]
|-damage|p1b: Kingambit|0 fnt
|-boost|p2b: 찌르호크|def|1
|-boost|p2b: 찌르호크|spd|1
|faint|p1b: Kingambit
|move|p2a: 왕구리|Muddy Water|p1a: Floette
|-activate|p1a: Floette|move: Protect
|
|-weather|none
|upkeep
|
|t:|1784729413
|switch|p1b: Basculegion|Basculegion, L50, M|100/100
|turn|8
|inactive|ancient95 has 30 seconds left.
|
|t:|1784729445
|move|p2a: 왕구리|Helping Hand|p2b: 찌르호크
|-singleturn|p2b: 찌르호크|Helping Hand|[of] p2a: 왕구리
|move|p1b: Basculegion|Last Respects|p2b: 찌르호크
|-damage|p2b: 찌르호크|41/100
|move|p2b: 찌르호크|Brave Bird|p1a: Floette
|-damage|p1a: Floette|3/100
|-damage|p2b: 찌르호크|17/100|[from] Recoil
|move|p1a: Floette|Draining Kiss|p2b: 찌르호크
|-supereffective|p2b: 찌르호크|1
|-damage|p2b: 찌르호크|0 fnt
|-heal|p1a: Floette|19/100|[from] drain|[of] p2b: 찌르호크
|faint|p2b: 찌르호크
|
|-sideend|p2: ancient95|move: Light Screen
|upkeep
|
|t:|1784729447
|switch|p2b: 오롱털|Grimmsnarl, L50, M, shiny|5/100
|turn|9
|-message|ancient95 forfeited.
|
|win|Olciax34
|raw|Olciax34's rating: 1307 → 1324(+17 for winning)
|raw|ancient95's rating: 1250 → 1229(-21 for losing)
|l|☆ancient95
|player|p2|
