|j|☆KilamanolaVGC
|j|☆avigolvgc
|html|KilamanolaVGCavigolvgc    
|uhtml|bestof|Game 1 of a best-of-3
|t:|1757630474
|gametype|doubles
|player|p1|KilamanolaVGC|170|1287
|player|p2|avigolvgc|265|1277
|gen|9
|tier|[Gen 9] VGC 2025 Reg H (Bo3)
|rated|
|rule|Species Clause: Limit one of each Pokémon
|rule|Item Clause: Limit 1 of each item
|clearpoke
|poke|p1|Weezing-Galar, L50, F|
|poke|p1|Slaking, L50, M|
|poke|p1|Mamoswine, L50, F|
|poke|p1|Kilowattrel, L50, M|
|poke|p1|Dondozo, L50, M|
|poke|p1|Tatsugiri, L50, M|
|poke|p2|Farigiraf, L50, F|
|poke|p2|Rillaboom, L50, M|
|poke|p2|Incineroar, L50, M|
|poke|p2|Ursaluna, L50, M|
|poke|p2|Staraptor, L50, M|
|poke|p2|Dragapult, L50, F|
|teampreview|4
|showteam|p1|Weezing-Galar||CovertCloak|NeutralizingGas|StrangeSteam,WillOWisp,Taunt,Protect|||F|||50|,,,,,Water]Slaking||LifeOrb|Truant|DoubleEdge,SuckerPunch,HighHorsepower,Protect|||M|||50|,,,,,Ghost]Mamoswine||FocusSash|Oblivious|IcicleCrash,IceShard,Earthquake,Protect|||F|||50|,,,,,Ghost]Kilowattrel||ChoiceSpecs|Competitive|Thunderbolt,Discharge,AirSlash,VoltSwitch|||M|||50|,,,,,Ghost]Dondozo||Leftovers|Unaware|WaveCrash,HeavySlam,OrderUp,Protect|||M|||50|,,,,,Grass]Tatsugiri||AbilityShield|Commander|MuddyWater,DragonPulse,DracoMeteor,Protect|||M|||50|,,,,,Steel
|showteam|p2|Farigiraf||ThroatSpray|ArmorTail|PsychicNoise,HyperVoice,TrickRoom,Protect|||F|||50|,,,,,Fairy]Rillaboom||AssaultVest|GrassySurge|WoodHammer,GrassyGlide,Uturn,FakeOut|||M|||50|,,,,,Fire]Incineroar||SafetyGoggles|Intimidate|KnockOff,PartingShot,Snarl,FakeOut|||M|||50|,,,,,Dragon]Ursaluna||FlameOrb|Guts|Facade,HeadlongRush,Earthquake,Protect|||M|||50|,,,,,Water]Staraptor||ChoiceScarf|Intimidate|CloseCombat,BraveBird,Uturn,FinalGambit|||M|||50|,,,,,Ghost]Dragapult||FocusSash|ClearBody|DragonDarts,PhantomForce,DragonTail,Protect|||F|||50|,,,,,Fire
|inactive|Battle timer is ON: inactive players will automatically lose when time's up. (requested by avigolvgc)
|inactive|KilamanolaVGC also wants the timer to be on.
|inactive|KilamanolaVGC has 60 seconds left.
|inactive|avigolvgc has 60 seconds left.
|
|t:|1757630527
|teamsize|p1|4
|teamsize|p2|4
|start
|switch|p1a: Slaking|Slaking, L50, M, shiny|100/100
|switch|p1b: Weezing|Weezing-Galar, L50, F, shiny|100/100
|switch|p2a: Enrique|Staraptor, L50, M|100/100
|switch|p2b: Dragapult|Dragapult, L50, F|100/100
|-ability|p1b: Weezing|Neutralizing Gas
|turn|1
|j| akabaki
|inactive|avigolvgc has 30 seconds left.
|
|t:|1757630553
|-terastallize|p1a: Slaking|Ghost
|move|p1a: Slaking|Sucker Punch|p2a: Enrique
|-damage|p2a: Enrique|48/100
|-damage|p1a: Slaking|91/100|[from] item: Life Orb
|move|p2a: Enrique|Final Gambit|p1b: Weezing
|-damage|p1b: Weezing|48/100
|faint|p2a: Enrique
|move|p1b: Weezing|Will-O-Wisp|p2b: Dragapult
|-status|p2b: Dragapult|brn
|move|p2b: Dragapult|Dragon Tail|p1a: Slaking
|-damage|p1a: Slaking|78/100
|drag|p1a: Tatsugiri|Tatsugiri, L50, M, shiny|100/100
|
|-damage|p2b: Dragapult|95/100 brn|[from] brn
|upkeep
|
|t:|1757630567
|switch|p2a: Claudia|Farigiraf, L50, F, shiny|100/100
|turn|2
|l| akabaki
|
|t:|1757630586
|switch|p1a: Slaking|Slaking, L50, M, shiny, tera:Ghost|78/100
|move|p1b: Weezing|Taunt|p2a: Claudia
|-start|p2a: Claudia|move: Taunt
|move|p2b: Dragapult|Dragon Tail|p1b: Weezing
|-immune|p1b: Weezing
|cant|p2a: Claudia|move: Taunt|Trick Room
|
|-damage|p2b: Dragapult|89/100 brn|[from] brn
|upkeep
|turn|3
|c|☆KilamanolaVGC|???
|inactive|avigolvgc has 30 seconds left.
|
|t:|1757630614
|move|p2b: Dragapult|Phantom Force||[still]
|-prepare|p2b: Dragapult|Phantom Force
|move|p1a: Slaking|Double-Edge|p2a: Claudia
|-damage|p2a: Claudia|1/100
|-damage|p1a: Slaking|47/100|[from] Recoil
|-damage|p1a: Slaking|37/100|[from] item: Life Orb
|move|p1b: Weezing|Strange Steam|p2a: Claudia
|-damage|p2a: Claudia|0 fnt
|faint|p2a: Claudia
|
|-damage|p2b: Dragapult|83/100 brn|[from] brn
|upkeep
|
|t:|1757630624
|switch|p2a: Quirino|Ursaluna, L50, M|100/100
|turn|4
|
|t:|1757630639
|switch|p1a: Tatsugiri|Tatsugiri, L50, M, shiny|100/100
|-end|p1b: Weezing|ability: Neutralizing Gas
|switch|p1b: Dondozo|Dondozo, L50, M, shiny|100/100
|-activate|p1a: Tatsugiri|ability: Commander|[of] p1b: Dondozo
|-boost|p1b: Dondozo|atk|2
|-boost|p1b: Dondozo|spa|2
|-boost|p1b: Dondozo|spe|2
|-boost|p1b: Dondozo|def|2
|-boost|p1b: Dondozo|spd|2
|-terastallize|p2a: Quirino|Water
|move|p2a: Quirino|Protect|p2a: Quirino
|-singleturn|p2a: Quirino|Protect
|move|p2b: Dragapult|Phantom Force|p1a: Tatsugiri|[from] lockedmove|[miss]
|-miss|p2b: Dragapult|p1a: Tatsugiri
|
|-damage|p2b: Dragapult|77/100 brn|[from] brn
|-status|p2a: Quirino|brn|[from] item: Flame Orb
|upkeep
|turn|5
|
|t:|1757630663
|move|p2b: Dragapult|Phantom Force||[still]
|-prepare|p2b: Dragapult|Phantom Force
|move|p1b: Dondozo|Order Up|p2b: Dragapult|[miss]
|-miss|p1b: Dondozo|p2b: Dragapult
|move|p2a: Quirino|Facade|p1b: Dondozo
|-damage|p1b: Dondozo|59/100
|
|-heal|p1b: Dondozo|66/100|[from] item: Leftovers
|-damage|p2b: Dragapult|71/100 brn|[from] brn
|-damage|p2a: Quirino|94/100 brn|[from] brn
|upkeep
|turn|6
|
|t:|1757630682
|move|p2b: Dragapult|Phantom Force|p1b: Dondozo|[from] lockedmove
|-damage|p1b: Dondozo|57/100
|move|p1b: Dondozo|Order Up|p2b: Dragapult
|-supereffective|p2b: Dragapult
|-damage|p2b: Dragapult|0 fnt
|faint|p2b: Dragapult
|-boost|p1b: Dondozo|atk|1
|move|p2a: Quirino|Headlong Rush|p1b: Dondozo
|-damage|p1b: Dondozo|21/100
|-unboost|p2a: Quirino|def|1
|-unboost|p2a: Quirino|spd|1
|
|-heal|p1b: Dondozo|27/100|[from] item: Leftovers
|-damage|p2a: Quirino|88/100 brn|[from] brn
|upkeep
|turn|7
|
|t:|1757630696
|move|p1b: Dondozo|Order Up|p2a: Quirino
|-damage|p2a: Quirino|47/100 brn
|-boost|p1b: Dondozo|atk|1
|move|p2a: Quirino|Facade|p1b: Dondozo
|-damage|p1b: Dondozo|0 fnt
|faint|p1b: Dondozo
|
|-damage|p2a: Quirino|41/100 brn|[from] brn
|upkeep
|
|t:|1757630701
|switch|p1b: Slaking|Slaking, L50, M, shiny, tera:Ghost|37/100
|turn|8
|
|t:|1757630707
|switch|p1a: Weezing|Weezing-Galar, L50, F, shiny|48/100
|-ability|p1a: Weezing|Neutralizing Gas
|move|p1b: Slaking|Double-Edge|p2a: Quirino
|-damage|p2a: Quirino|0 fnt
|faint|p2a: Quirino
|-damage|p1b: Slaking|24/100|[from] Recoil
|-damage|p1b: Slaking|14/100|[from] item: Life Orb
|
|win|KilamanolaVGC
||avigolvgc is ready for game 2.
||KilamanolaVGC is ready for game 2.
|uhtml|next|Next: Game 2 of 3
