|j|☆trepanbad
|j|☆Frakub
|html|trepanbadFrakub    
|uhtml|bestof|Game 3 of a best-of-3
|t:|1755709051
|gametype|doubles
|player|p1|trepanbad|hilbert|1207
|player|p2|Frakub|acetrainer-gen4dp|1300
|gen|9
|tier|[Gen 9] VGC 2025 Reg H (Bo3)
|rated|
|rule|Species Clause: Limit one of each Pokémon
|rule|Item Clause: Limit 1 of each item
|clearpoke
|poke|p1|Incineroar, L50, F|
|poke|p1|Annihilape, L50, F|
|poke|p1|Electabuzz, L50, F|
|poke|p1|Gholdengo, L50|
|poke|p1|Rillaboom, L50, M|
|poke|p1|Dragonite, L50, M|
|poke|p2|Kingambit, L50, F|
|poke|p2|Rillaboom, L50, M|
|poke|p2|Ninetales-Alola, L50, F|
|poke|p2|Dragonite, L50, F|
|poke|p2|Magmar, L50, F|
|poke|p2|Sneasler, L50, F|
|teampreview|4
|showteam|p1|Incineroar||MirrorHerb|Intimidate|FakeOut,PartingShot,FlareBlitz,KnockOff|||F|||50|,,,,,Ghost]Annihilape||FocusSash|Defiant|Taunt,CloseCombat,RageFist,Coaching|||F|||50|,,,,,Stellar]Electabuzz||Eviolite|VitalSpirit|Electroweb,Taunt,Protect,FollowMe|||F|||50|,,,,,Dragon]Gholdengo||SitrusBerry|GoodasGold|MakeItRain,ShadowBall,Protect,NastyPlot||||||50|,,,,,Water]Rillaboom||AssaultVest|GrassySurge|FakeOut,WoodHammer,HighHorsepower,GrassyGlide|||M|||50|,,,,,Fire]Dragonite||LoadedDice|Multiscale|Protect,ScaleShot,Haze,ExtremeSpeed|||M|||50|,,,,,Fairy
|showteam|p2|Kingambit||BlackGlasses|Defiant|KowtowCleave,SuckerPunch,SwordsDance,Protect|||F|||50|,,,,,Dark]Rillaboom||AssaultVest|GrassySurge|WoodHammer,GrassyGlide,HighHorsepower,FakeOut|||M|||50|,,,,,Fire]Ninetales-Alola||LightClay|SnowWarning|Blizzard,FreezeDry,Protect,AuroraVeil|||F|||50|,,,,,Ghost]Dragonite||LoadedDice|Multiscale|ScaleShot,ExtremeSpeed,Haze,Protect|||F|||50|,,,,,Steel]Magmar||Eviolite|VitalSpirit|Taunt,Overheat,FollowMe,Protect|||F|||50|,,,,,Ghost]Sneasler||FocusSash|PoisonTouch|FakeOut,DireClaw,CloseCombat,Protect|||F|||50|,,,,,Ghost
|inactive|Battle timer is ON: inactive players will automatically lose when time's up. (requested by Frakub)
|inactive|trepanbad also wants the timer to be on.
|
|t:|1755709077
|teamsize|p1|4
|teamsize|p2|4
|start
|switch|p1a: Annihilape|Annihilape, L50, F|100/100
|switch|p1b: Gholdengo|Gholdengo, L50|100/100
|switch|p2a: Kingambit|Kingambit, L50, F|100/100
|switch|p2b: Magmar|Magmar, L50, F|100/100
|turn|1
|inactive|trepanbad has 30 seconds left.
|inactive|trepanbad has 20 seconds left.
|inactive|trepanbad has 15 seconds left.
|inactive|trepanbad has 10 seconds left.
|
|t:|1755709123
|switch|p1b: Electabuzz|Electabuzz, L50, F|100/100
|move|p2b: Magmar|Follow Me|p2b: Magmar
|-singleturn|p2b: Magmar|move: Follow Me
|move|p1a: Annihilape|Taunt|p2b: Magmar
|-start|p2b: Magmar|move: Taunt
|move|p2a: Kingambit|Swords Dance|p2a: Kingambit
|-boost|p2a: Kingambit|atk|2
|
|upkeep
|turn|2
|inactive|trepanbad has 30 seconds left.
|inactive|trepanbad has 20 seconds left.
|inactive|trepanbad has 15 seconds left.
|
|t:|1755709164
|switch|p2b: Rillaboom|Rillaboom, L50, M|100/100
|-fieldstart|move: Grassy Terrain|[from] ability: Grassy Surge|[of] p2b: Rillaboom
|-terastallize|p1a: Annihilape|Stellar
|move|p2a: Kingambit|Protect|p2a: Kingambit
|-singleturn|p2a: Kingambit|Protect
|move|p1b: Electabuzz|Follow Me|p1b: Electabuzz
|-singleturn|p1b: Electabuzz|move: Follow Me
|move|p1a: Annihilape|Close Combat|p2a: Kingambit
|-activate|p2a: Kingambit|move: Protect
|
|upkeep
|turn|3
|
|t:|1755709189
|move|p2b: Rillaboom|Fake Out|p1b: Electabuzz
|-damage|p1b: Electabuzz|87/100
|cant|p1b: Electabuzz|flinch
|move|p2a: Kingambit|Sucker Punch|p1a: Annihilape
|-enditem|p1a: Annihilape|Focus Sash
|-damage|p1a: Annihilape|1/100
|move|p1a: Annihilape|Close Combat|p2a: Kingambit
|-supereffective|p2a: Kingambit
|-damage|p2a: Kingambit|0 fnt
|-unboost|p1a: Annihilape|def|1
|-unboost|p1a: Annihilape|spd|1
|faint|p2a: Kingambit
|
|-heal|p1b: Electabuzz|93/100|[from] Grassy Terrain
|-heal|p1a: Annihilape|7/100|[from] Grassy Terrain
|upkeep
|
|t:|1755709204
|switch|p2a: Sneasler|Sneasler, L50, F|100/100
|turn|4
|inactive|trepanbad has 30 seconds left.
|inactive|trepanbad has 20 seconds left.
|
|t:|1755709243
|switch|p1b: Gholdengo|Gholdengo, L50|100/100
|switch|p1a: Incineroar|Incineroar, L50, F|100/100
|-ability|p1a: Incineroar|Intimidate|boost
|-unboost|p2a: Sneasler|atk|1
|-unboost|p2b: Rillaboom|atk|1
|move|p2a: Sneasler|Fake Out|p1b: Gholdengo
|-immune|p1b: Gholdengo
|move|p2b: Rillaboom|Grassy Glide|p1a: Incineroar
|-resisted|p1a: Incineroar
|-damage|p1a: Incineroar|90/100
|
|-heal|p1a: Incineroar|96/100|[from] Grassy Terrain
|upkeep
|turn|5
|inactive|trepanbad has 30 seconds left.
|
|t:|1755709271
|switch|p2b: Magmar|Magmar, L50, F|100/100
|move|p2a: Sneasler|Protect|p2a: Sneasler
|-singleturn|p2a: Sneasler|Protect
|move|p1b: Gholdengo|Nasty Plot|p1b: Gholdengo
|-boost|p1b: Gholdengo|spa|2
|move|p1a: Incineroar|Parting Shot|p2b: Magmar
|-unboost|p2b: Magmar|atk|1
|-unboost|p2b: Magmar|spa|1
|
|t:|1755709275
|switch|p1a: Electabuzz|Electabuzz, L50, F|93/100|[from] Parting Shot
|
|-heal|p1a: Electabuzz|99/100|[from] Grassy Terrain
|upkeep
|turn|6
|
|t:|1755709289
|move|p1b: Gholdengo|Protect|p1b: Gholdengo
|-singleturn|p1b: Gholdengo|Protect
|move|p2a: Sneasler|Close Combat|p1a: Electabuzz
|-damage|p1a: Electabuzz|62/100
|-unboost|p2a: Sneasler|def|1
|-unboost|p2a: Sneasler|spd|1
|move|p1a: Electabuzz|Electroweb|p2b: Magmar|[spread] p2a,p2b
|-damage|p2a: Sneasler|75/100
|-damage|p2b: Magmar|90/100
|-unboost|p2a: Sneasler|spe|1
|-unboost|p2b: Magmar|spe|1
|move|p2b: Magmar|Overheat|p1b: Gholdengo
|-activate|p1b: Gholdengo|move: Protect
|
|-heal|p1a: Electabuzz|68/100|[from] Grassy Terrain
|-heal|p2a: Sneasler|80/100|[from] Grassy Terrain
|-heal|p2b: Magmar|96/100|[from] Grassy Terrain
|-fieldend|move: Grassy Terrain
|upkeep
|turn|7
|
|t:|1755709313
|switch|p2a: Rillaboom|Rillaboom, L50, M|100/100
|-fieldstart|move: Grassy Terrain|[from] ability: Grassy Surge|[of] p2a: Rillaboom
|move|p1a: Electabuzz|Follow Me|p1a: Electabuzz
|-singleturn|p1a: Electabuzz|move: Follow Me
|move|p1b: Gholdengo|Shadow Ball|p2b: Magmar
|-damage|p2b: Magmar|38/100
|move|p2b: Magmar|Overheat|p1a: Electabuzz
|-damage|p1a: Electabuzz|40/100
|-unboost|p2b: Magmar|spa|2
|
|-heal|p1a: Electabuzz|46/100|[from] Grassy Terrain
|-heal|p2b: Magmar|44/100|[from] Grassy Terrain
|upkeep
|turn|8
|inactive|Frakub has 30 seconds left.
|
|t:|1755709338
|switch|p1a: Incineroar|Incineroar, L50, F|96/100
|-ability|p1a: Incineroar|Intimidate|boost
|-unboost|p2a: Rillaboom|atk|1
|-unboost|p2b: Magmar|atk|1
|-terastallize|p2a: Rillaboom|Fire
|move|p2b: Magmar|Follow Me|p2b: Magmar
|-singleturn|p2b: Magmar|move: Follow Me
|move|p1b: Gholdengo|Shadow Ball|p2b: Magmar
|-damage|p2b: Magmar|0 fnt
|faint|p2b: Magmar
|move|p2a: Rillaboom|High Horsepower|p1b: Gholdengo
|-supereffective|p1b: Gholdengo
|-damage|p1b: Gholdengo|55/100
|
|-heal|p1b: Gholdengo|61/100|[from] Grassy Terrain
|-heal|p1a: Incineroar|100/100|[from] Grassy Terrain
|upkeep
|
|t:|1755709343
|switch|p2b: Sneasler|Sneasler, L50, F|80/100
|turn|9
|
|t:|1755709356
|switch|p1a: Electabuzz|Electabuzz, L50, F|46/100
|move|p1b: Gholdengo|Protect|p1b: Gholdengo
|-singleturn|p1b: Gholdengo|Protect
|move|p2b: Sneasler|Close Combat|p1a: Electabuzz
|-damage|p1a: Electabuzz|0 fnt
|-unboost|p2b: Sneasler|def|1
|-unboost|p2b: Sneasler|spd|1
|faint|p1a: Electabuzz
|move|p2a: Rillaboom|High Horsepower|p1b: Gholdengo
|-activate|p1b: Gholdengo|move: Protect
|
|-heal|p2b: Sneasler|86/100|[from] Grassy Terrain
|-heal|p1b: Gholdengo|68/100|[from] Grassy Terrain
|upkeep
|
|t:|1755709367
|switch|p1a: Incineroar|Incineroar, L50, F|100/100
|-ability|p1a: Incineroar|Intimidate|boost
|-unboost|p2a: Rillaboom|atk|1
|-unboost|p2b: Sneasler|atk|1
|turn|10
|
|t:|1755709384
|move|p1a: Incineroar|Fake Out|p2a: Rillaboom
|-damage|p2a: Rillaboom|90/100
|move|p2b: Sneasler|Close Combat|p1a: Incineroar
|-supereffective|p1a: Incineroar
|-damage|p1a: Incineroar|25/100
|-unboost|p2b: Sneasler|def|1
|-unboost|p2b: Sneasler|spd|1
|-status|p1a: Incineroar|psn|[from] ability: Poison Touch|[of] p2b: Sneasler
|move|p1b: Gholdengo|Shadow Ball|p2a: Rillaboom
|-damage|p2a: Rillaboom|28/100
|-unboost|p2a: Rillaboom|spd|1
|cant|p2a: Rillaboom|flinch
|
|-heal|p2b: Sneasler|92/100|[from] Grassy Terrain
|-heal|p1b: Gholdengo|74/100|[from] Grassy Terrain
|-heal|p2a: Rillaboom|34/100|[from] Grassy Terrain
|-heal|p1a: Incineroar|31/100 psn|[from] Grassy Terrain
|-damage|p1a: Incineroar|19/100 psn|[from] psn
|upkeep
|turn|11
|
|t:|1755709400
|move|p2b: Sneasler|Close Combat|p1a: Incineroar
|-supereffective|p1a: Incineroar
|-damage|p1a: Incineroar|0 fnt
|-unboost|p2b: Sneasler|def|1
|-unboost|p2b: Sneasler|spd|1
|faint|p1a: Incineroar
|move|p1b: Gholdengo|Shadow Ball|p2a: Rillaboom
|-damage|p2a: Rillaboom|0 fnt
|faint|p2a: Rillaboom
|
|-heal|p2b: Sneasler|98/100|[from] Grassy Terrain
|-heal|p1b: Gholdengo|80/100|[from] Grassy Terrain
|-fieldend|move: Grassy Terrain
|upkeep
|
|t:|1755709405
|switch|p1a: Annihilape|Annihilape, L50, F, tera:Stellar|7/100
|turn|12
|-message|Frakub forfeited.
|
|win|trepanbad
|raw|trepanbad's rating: 1207 → 1239(+32 for winning)
|raw|Frakub's rating: 1300 → 1268(-32 for losing)
|c|☆Frakub|gg
|c|☆trepanbad|gg
