|j|☆mygreat
|j|☆new mental
|html|mygreatnew mental    
|uhtml|bestof|Game 1 of a best-of-3
|t:|1786127165
|gametype|doubles
|player|p1|mygreat|lance|1201
|player|p2|new mental|volkner|1164
|gen|9
|tier|[Gen 9 Champions] VGC 2026 Reg M-B (Bo3)
|rated|
|rule|Species Clause: Limit one of each Pokémon
|rule|Item Clause: Limit 1 of each item
|clearpoke
|poke|p1|Kingambit, L50, F|
|poke|p1|Glimmora, L50, F|
|poke|p1|Whimsicott, L50, M|
|poke|p1|Delphox, L50, M|
|poke|p1|Garchomp, L50, F|
|poke|p1|Staraptor, L50, M|
|poke|p2|Charizard, L50, M|
|poke|p2|Garchomp, L50, F|
|poke|p2|Incineroar, L50, F|
|poke|p2|Venusaur, L50, F|
|poke|p2|Toxapex, L50, F|
|poke|p2|Sylveon, L50, F|
|teampreview|4
|showteam|p1|Kingambit||ChopleBerry|Defiant|SuckerPunch,KowtowCleave,IronHead,LowKick|Adamant||F|||50|]Glimmora||FocusSash|ToxicDebris|SludgeBomb,PowerGem,EarthPower,SpikyShield|Timid||F|||50|]Whimsicott||OccaBerry|Prankster|Moonblast,Tailwind,FakeTears,Tickle|Timid||M|||50|]Delphox||Delphoxite|Blaze|HeatWave,Psyshock,Substitute,Protect|Modest||M|||50|]Garchomp||LifeOrb|RoughSkin|DragonClaw,Earthquake,RockSlide,Protect|Jolly||F|||50|]Staraptor||Staraptite|Intimidate|BraveBird,CloseCombat,Roost,Protect|Jolly||M|||50|
|showteam|p2|Charizard||CharizarditeY|Blaze|WeatherBall,HeatWave,AncientPower,Protect|Modest||M|||50|]Garchomp||ChoiceScarf|RoughSkin|RockSlide,DragonClaw,Earthquake,StompingTantrum|Adamant||F|||50|]Incineroar||SitrusBerry|Intimidate|FlareBlitz,FakeOut,DarkestLariat,PartingShot|Impish||F|||50|]Venusaur||LifeOrb|Chlorophyll|SludgeBomb,LeafStorm,EarthPower,Protect|Modest||F|||50|]Toxapex||Leftovers|Regenerator|Infestation,Toxic,WideGuard,BanefulBunker|Bold||F|||50|]Sylveon||FairyFeather|Pixilate|HyperVoice,QuickAttack,Yawn,Detect|Modest||F|||50|
|inactive|Battle timer is ON: inactive players will automatically lose when time's up. (requested by mygreat)
|inactive|new mental has 60 seconds left.
|
|t:|1786127198
|teamsize|p1|4
|teamsize|p2|4
|start
|switch|p1a: Glimmora|Glimmora, L50, F|100/100
|switch|p1b: Whimsicott|Whimsicott, L50, M|100/100
|switch|p2a: Charizard|Charizard, L50, M|100/100
|switch|p2b: Garchomp|Garchomp, L50, F|100/100
|turn|1
|
|t:|1786127208
|detailschange|p2a: Charizard|Charizard-Mega-Y, L50, M
|-mega|p2a: Charizard|Charizard|Charizardite Y
|-weather|SunnyDay|[from] ability: Drought|[of] p2a: Charizard
|move|p1a: Glimmora|Spiky Shield|p1a: Glimmora
|-singleturn|p1a: Glimmora|move: Protect
|move|p1b: Whimsicott|Tailwind|p1b: Whimsicott
|-sidestart|p1: mygreat|move: Tailwind
|move|p2b: Garchomp|Earthquake|p1b: Whimsicott|[spread] p1b
|-activate|p1a: Glimmora|move: Protect
|-immune|p2a: Charizard
|-resisted|p1b: Whimsicott|1
|-damage|p1b: Whimsicott|75/100
|move|p2a: Charizard|Heat Wave|p1a: Glimmora|[spread] p1b
|-activate|p1a: Glimmora|move: Protect
|-supereffective|p1b: Whimsicott|1
|-enditem|p1b: Whimsicott|Occa Berry|[eat]
|-enditem|p1b: Whimsicott|Occa Berry|[weaken]
|-damage|p1b: Whimsicott|0 fnt
|faint|p1b: Whimsicott
|
|-weather|SunnyDay|[upkeep]
|upkeep
|
|t:|1786127217
|switch|p1b: Garchomp|Garchomp, L50, F|100/100
|turn|2
|
|t:|1786127222
|switch|p2b: Incineroar|Incineroar, L50, F|100/100
|-ability|p2b: Incineroar|Intimidate|boost
|-unboost|p1a: Glimmora|atk|1
|-unboost|p1b: Garchomp|atk|1
|move|p2a: Charizard|Protect|p2a: Charizard
|-singleturn|p2a: Charizard|Protect
|move|p1b: Garchomp|Dragon Claw|p2b: Incineroar
|-damage|p2b: Incineroar|72/100
|-damage|p1b: Garchomp|90/100|[from] item: Life Orb
|move|p1a: Glimmora|Power Gem|p2a: Charizard
|-activate|p2a: Charizard|move: Protect
|
|-weather|SunnyDay|[upkeep]
|upkeep
|turn|3
|
|t:|1786127245
|switch|p2a: Toxapex|Toxapex, L50, F|100/100
|move|p1a: Glimmora|Spiky Shield|p1a: Glimmora
|-singleturn|p1a: Glimmora|move: Protect
|move|p2b: Incineroar|Fake Out|p1a: Glimmora
|-activate|p1a: Glimmora|move: Protect
|-damage|p2b: Incineroar|59/100|[from] Spiky Shield|[of] p1a: Glimmora
|move|p1b: Garchomp|Rock Slide|p2a: Toxapex|[spread] p2a,p2b
|-supereffective|p2b: Incineroar|1
|-damage|p2a: Toxapex|88/100
|-damage|p2b: Incineroar|32/100
|-enditem|p2b: Incineroar|Sitrus Berry|[eat]
|-heal|p2b: Incineroar|57/100|[from] item: Sitrus Berry
|-damage|p1b: Garchomp|80/100|[from] item: Life Orb
|
|-weather|SunnyDay|[upkeep]
|-heal|p2a: Toxapex|94/100|[from] item: Leftovers
|upkeep
|turn|4
|
|t:|1786127258
|switch|p1b: Delphox|Delphox, L50, M|100/100
|move|p1a: Glimmora|Power Gem|p2b: Incineroar
|-supereffective|p2b: Incineroar|1
|-damage|p2b: Incineroar|0 fnt
|faint|p2b: Incineroar
|move|p2a: Toxapex|Infestation|p1a: Glimmora
|-resisted|p1a: Glimmora|1
|-damage|p1a: Glimmora|98/100
|-activate|p1a: Glimmora|move: Infestation|[of] p2a: Toxapex
|
|-weather|SunnyDay|[upkeep]
|-heal|p2a: Toxapex|100/100|[from] item: Leftovers
|-damage|p1a: Glimmora|85/100|[from] move: Infestation|[partiallytrapped]
|-sideend|p1: mygreat|move: Tailwind
|upkeep
|
|t:|1786127265
|switch|p2b: Garchomp|Garchomp, L50, F|100/100
|turn|5
|
|t:|1786127281
|detailschange|p1b: Delphox|Delphox-Mega, L50, M
|-mega|p1b: Delphox|Delphox|Delphoxite
|move|p1a: Glimmora|Spiky Shield|p1a: Glimmora
|-singleturn|p1a: Glimmora|move: Protect
|move|p2b: Garchomp|Rock Slide|p1b: Delphox|[spread] p1b
|-activate|p1a: Glimmora|move: Protect
|-supereffective|p1b: Delphox|1
|-damage|p1b: Delphox|47/100
|move|p1b: Delphox|Substitute|p1b: Delphox
|-start|p1b: Delphox|Substitute
|-damage|p1b: Delphox|22/100
|move|p2a: Toxapex|Toxic||[still]
|-fail|p2a: Toxapex
|
|-weather|none
|-damage|p1a: Glimmora|73/100|[from] move: Infestation|[partiallytrapped]
|upkeep
|turn|6
|
|t:|1786127295
|move|p2b: Garchomp|Rock Slide|p1b: Delphox|[spread] p1a,p1b
|-supereffective|p1b: Delphox|1
|-end|p1b: Delphox|Substitute
|-damage|p1a: Glimmora|47/100
|-activate|p1a: Glimmora|ability: Toxic Debris
|-sidestart|p2: new mental|move: Toxic Spikes
|move|p1b: Delphox|Psyshock|p2a: Toxapex
|-supereffective|p2a: Toxapex|1
|-damage|p2a: Toxapex|41/100
|move|p1a: Glimmora|Earth Power|p2a: Toxapex
|-supereffective|p2a: Toxapex|1
|-damage|p2a: Toxapex|0 fnt
|faint|p2a: Toxapex
|
|-end|p1a: Glimmora|Infestation|[partiallytrapped]|[silent]
|upkeep
|
|t:|1786127297
|switch|p2a: Charizard|Charizard-Mega-Y, L50, M|100/100
|-weather|SunnyDay|[from] ability: Drought|[of] p2a: Charizard
|turn|7
|
|t:|1786127308
|move|p2b: Garchomp|Rock Slide|p1a: Glimmora|[spread] p1a,p1b
|-supereffective|p1b: Delphox|1
|-damage|p1a: Glimmora|21/100
|-damage|p1b: Delphox|0 fnt
|-activate|p1a: Glimmora|ability: Toxic Debris
|-sidestart|p2: new mental|move: Toxic Spikes
|faint|p1b: Delphox
|move|p1a: Glimmora|Power Gem|p2a: Charizard
|-supereffective|p2a: Charizard|2
|-damage|p2a: Charizard|0 fnt
|faint|p2a: Charizard
|
|-weather|SunnyDay|[upkeep]
|upkeep
|
|t:|1786127311
|switch|p1b: Garchomp|Garchomp, L50, F|80/100
|turn|8
|
|t:|1786127315
|move|p2b: Garchomp|Rock Slide|p1a: Glimmora|[spread] p1a,p1b
|-resisted|p1b: Garchomp|1
|-damage|p1a: Glimmora|0 fnt
|-damage|p1b: Garchomp|70/100
|faint|p1a: Glimmora
|move|p1b: Garchomp|Dragon Claw|p2b: Garchomp
|-supereffective|p2b: Garchomp|1
|-damage|p2b: Garchomp|0 fnt
|-damage|p1b: Garchomp|57/100|[from] ability: Rough Skin|[of] p2b: Garchomp
|faint|p2b: Garchomp
|-damage|p1b: Garchomp|48/100|[from] item: Life Orb
|
|win|mygreat
