|j|☆KatKraydel
|j|‽Mr James Freak
|html|KatKraydelMr James Freak    
|uhtml|bestof|Game 1 of a best-of-3
|t:|1784064549
|gametype|doubles
|player|p1|KatKraydel|lebanne|1393
|player|p2|Mr James Freak|scientist|1377
|gen|9
|tier|[Gen 9 Champions] VGC 2026 Reg M-B (Bo3)
|rated|
|rule|Species Clause: Limit one of each Pokémon
|rule|Item Clause: Limit 1 of each item
|clearpoke
|poke|p1|Tyranitar, L50, F|
|poke|p1|Whimsicott, L50, F|
|poke|p1|Excadrill, L50, M|
|poke|p1|Kommo-o, L50, F|
|poke|p1|Venusaur, L50, F|
|poke|p1|Basculegion, L50, M|
|poke|p2|Sinistcha-Masterpiece, L50, shiny|
|poke|p2|Sneasler, L50, M, shiny|
|poke|p2|Delphox, L50, F, shiny|
|poke|p2|Kingambit, L50, M, shiny|
|poke|p2|Incineroar, L50, F, shiny|
|poke|p2|Ninetales-Alola, L50, M, shiny|
|teampreview|4
|showteam|p1|Tyranitar||Tyranitarite|SandStream|RockSlide,KnockOff,IcePunch,Protect|Adamant||F|||50|]Whimsicott||MentalHerb|Prankster|Moonblast,Tailwind,FakeTears,Protect|Bold||F|||50|]Excadrill||FocusSash|SandRush|HighHorsepower,IronHead,RockTomb,Protect|Adamant||M|||50|]Kommo-o||LifeOrb|Overcoat|ClangingScales,AuraSphere,FlashCannon,Protect|Modest||F|||50|]Venusaur||Venusaurite|Chlorophyll|EnergyBall,SludgeBomb,EarthPower,Protect|Modest||F|||50|]Basculegion||ChoiceScarf|Adaptability|WaveCrash,LastRespects,AquaJet,FlipTurn|Adamant||M|||50|
|showteam|p2|Sinistcha-Masterpiece||OccaBerry|Hospitality|MatchaGotcha,RagePowder,TrickRoom,Protect|Bold|||||50|]Sneasler||WhiteHerb|Unburden|CloseCombat,DireClaw,FakeOut,QuickGuard|Jolly||M|||50|]Delphox||Delphoxite|Blaze|HeatWave,Psyshock,NastyPlot,Protect|Timid||F|||50|]Kingambit||ChopleBerry|Defiant|KowtowCleave,SuckerPunch,LowKick,Protect|Adamant||M|||50|]Incineroar||PasshoBerry|Intimidate|FakeOut,PartingShot,FlareBlitz,ThroatChop|Careful||F|||50|]Ninetales-Alola||FocusSash|SnowWarning|Blizzard,FreezeDry,Encore,Protect|Timid||M|||50|
|
|t:|1784064607
|teamsize|p1|4
|teamsize|p2|4
|start
|switch|p1a: Bounce Man|Whimsicott, L50, F|100/100
|switch|p1b: Epaulette Shark|Tyranitar, L50, F|100/100
|switch|p2a: Sneasler|Sneasler, L50, M, shiny|100/100
|switch|p2b: Kingambit|Kingambit, L50, M, shiny|100/100
|-weather|Sandstorm|[from] ability: Sand Stream|[of] p1b: Epaulette Shark
|turn|1
|
|t:|1784064625
|switch|p1b: Drum Show|Kommo-o, L50, F|100/100
|move|p2a: Sneasler|Fake Out|p1a: Bounce Man
|-damage|p1a: Bounce Man|85/100
|cant|p1a: Bounce Man|flinch
|move|p2b: Kingambit|Low Kick|p1b: Drum Show
|-damage|p1b: Drum Show|76/100
|
|-weather|Sandstorm|[upkeep]
|-damage|p2a: Sneasler|94/100|[from] Sandstorm
|-damage|p1a: Bounce Man|79/100|[from] Sandstorm
|upkeep
|turn|2
|
|t:|1784064648
|move|p1a: Bounce Man|Tailwind|p1a: Bounce Man
|-sidestart|p1: KatKraydel|move: Tailwind
|move|p1b: Drum Show|Aura Sphere|p2b: Kingambit
|-supereffective|p2b: Kingambit|2
|-enditem|p2b: Kingambit|Chople Berry|[eat]
|-enditem|p2b: Kingambit|Chople Berry|[weaken]
|-damage|p2b: Kingambit|1/100
|-damage|p1b: Drum Show|66/100|[from] item: Life Orb
|move|p2a: Sneasler|Close Combat|p1a: Bounce Man
|-resisted|p1a: Bounce Man|1
|-damage|p1a: Bounce Man|47/100
|-unboost|p2a: Sneasler|def|1
|-unboost|p2a: Sneasler|spd|1
|-enditem|p2a: Sneasler|White Herb
|-clearnegativeboost|p2a: Sneasler|[silent]
|move|p2b: Kingambit|Low Kick|p1b: Drum Show
|-damage|p1b: Drum Show|42/100
|
|-weather|Sandstorm|[upkeep]
|-damage|p2a: Sneasler|88/100|[from] Sandstorm
|-damage|p1a: Bounce Man|41/100|[from] Sandstorm
|upkeep
|turn|3
|
|t:|1784064673
|switch|p1a: fishing with you|Basculegion, L50, M|100/100
|move|p2b: Kingambit|Protect|p2b: Kingambit
|-singleturn|p2b: Kingambit|Protect
|move|p2a: Sneasler|Dire Claw|p1b: Drum Show
|-damage|p1b: Drum Show|4/100
|-status|p1b: Drum Show|par
|move|p1b: Drum Show|Clanging Scales|p2b: Kingambit|[spread] p2a
|-activate|p2b: Kingambit|move: Protect
|-damage|p2a: Sneasler|25/100
|-unboost|p1b: Drum Show|def|1
|-damage|p1b: Drum Show|0 fnt|[from] item: Life Orb
|faint|p1b: Drum Show
|
|-weather|Sandstorm|[upkeep]
|-damage|p1a: fishing with you|93/100|[from] Sandstorm
|-damage|p2a: Sneasler|19/100|[from] Sandstorm
|upkeep
|
|t:|1784064686
|switch|p1b: Epaulette Shark|Tyranitar, L50, F|100/100
|turn|4
|
|t:|1784064698
|detailschange|p1b: Epaulette Shark|Tyranitar-Mega, L50, F
|-mega|p1b: Epaulette Shark|Tyranitar|Tyranitarite
|move|p1a: fishing with you|Aqua Jet|p2a: Sneasler
|-damage|p2a: Sneasler|0 fnt
|faint|p2a: Sneasler
|move|p1b: Epaulette Shark|Rock Slide|p2b: Kingambit|[miss]
|-miss|p1b: Epaulette Shark|p2b: Kingambit
|move|p2b: Kingambit|Kowtow Cleave|p1a: fishing with you
|-supereffective|p1a: fishing with you|1
|-damage|p1a: fishing with you|0 fnt
|faint|p1a: fishing with you
|
|-weather|Sandstorm|[upkeep]
|upkeep
|
|t:|1784064715
|switch|p2a: Ninetales|Ninetales-Alola, L50, M, shiny|100/100
|switch|p1a: Bounce Man|Whimsicott, L50, F|41/100
|-weather|Snowscape|[from] ability: Snow Warning|[of] p2a: Ninetales
|turn|5
|
|t:|1784064719
|move|p2a: Ninetales|Protect|p2a: Ninetales
|-singleturn|p2a: Ninetales|Protect
|move|p2b: Kingambit|Protect|p2b: Kingambit
|-singleturn|p2b: Kingambit|Protect
|move|p1a: Bounce Man|Moonblast|p2a: Ninetales
|-activate|p2a: Ninetales|move: Protect
|move|p1b: Epaulette Shark|Rock Slide|p2b: Kingambit|[spread] 
|-activate|p2a: Ninetales|move: Protect
|-activate|p2b: Kingambit|move: Protect
|
|-weather|Snowscape|[upkeep]
|-sideend|p1: KatKraydel|move: Tailwind
|upkeep
|turn|6
|
|t:|1784064754
|move|p1a: Bounce Man|Tailwind|p1a: Bounce Man
|-sidestart|p1: KatKraydel|move: Tailwind
|move|p1b: Epaulette Shark|Rock Slide|p2a: Ninetales|[spread] p2a,p2b
|-supereffective|p2a: Ninetales|1
|-crit|p2a: Ninetales
|-resisted|p2b: Kingambit|1
|-enditem|p2a: Ninetales|Focus Sash
|-damage|p2a: Ninetales|1/100
|-damage|p2b: Kingambit|0 fnt
|faint|p2b: Kingambit
|move|p2a: Ninetales|Blizzard|p1b: Epaulette Shark|[spread] p1a,p1b
|-supereffective|p1a: Bounce Man|1
|-damage|p1a: Bounce Man|0 fnt
|-damage|p1b: Epaulette Shark|75/100
|faint|p1a: Bounce Man
|
|-weather|Snowscape|[upkeep]
|upkeep
|
|t:|1784064764
|switch|p2b: Delphox|Delphox, L50, F, shiny|100/100
|turn|7
|
|t:|1784064771
|detailschange|p2b: Delphox|Delphox-Mega, L50, F, shiny
|-mega|p2b: Delphox|Delphox|Delphoxite
|move|p2b: Delphox|Protect|p2b: Delphox
|-singleturn|p2b: Delphox|Protect
|move|p2a: Ninetales|Protect|p2a: Ninetales
|-singleturn|p2a: Ninetales|Protect
|move|p1b: Epaulette Shark|Rock Slide|p2a: Ninetales|[spread] 
|-activate|p2a: Ninetales|move: Protect
|-activate|p2b: Delphox|move: Protect
|
|-weather|Snowscape|[upkeep]
|upkeep
|turn|8
|
|t:|1784064787
|move|p1b: Epaulette Shark|Rock Slide|p2a: Ninetales|[spread] p2b
|-miss|p1b: Epaulette Shark|p2a: Ninetales
|-supereffective|p2b: Delphox|1
|-damage|p2b: Delphox|9/100
|move|p2b: Delphox|Nasty Plot|p2b: Delphox
|-boost|p2b: Delphox|spa|2
|move|p2a: Ninetales|Blizzard|p1b: Epaulette Shark
|-damage|p1b: Epaulette Shark|37/100
|
|-weather|Snowscape|[upkeep]
|upkeep
|turn|9
|
|t:|1784064797
|move|p2b: Delphox|Protect|p2b: Delphox
|-singleturn|p2b: Delphox|Protect
|move|p2a: Ninetales|Protect|p2a: Ninetales
|-singleturn|p2a: Ninetales|Protect
|move|p1b: Epaulette Shark|Rock Slide|p2a: Ninetales|[spread] 
|-activate|p2a: Ninetales|move: Protect
|-activate|p2b: Delphox|move: Protect
|
|-weather|none
|-sideend|p1: KatKraydel|move: Tailwind
|upkeep
|turn|10
|
|t:|1784064803
|move|p1b: Epaulette Shark|Protect|p1b: Epaulette Shark
|-singleturn|p1b: Epaulette Shark|Protect
|move|p2b: Delphox|Heat Wave|p1b: Epaulette Shark
|-activate|p1b: Epaulette Shark|move: Protect
|move|p2a: Ninetales|Freeze-Dry|p1b: Epaulette Shark
|-activate|p1b: Epaulette Shark|move: Protect
|
|upkeep
|turn|11
|
|t:|1784064809
|move|p2b: Delphox|Heat Wave|p1b: Epaulette Shark
|-resisted|p1b: Epaulette Shark|1
|-damage|p1b: Epaulette Shark|0 fnt
|faint|p1b: Epaulette Shark
|
|win|Mr James Freak
||KatKraydel is ready for game 2.
