|j|☆Lightoz
|j|☆dialghite
|html|Lightozdialghite    
|uhtml|bestof|Game 2 of a best-of-3
|t:|1756741196
|gametype|doubles
|player|p1|Lightoz|blue-gen2|1486
|player|p2|dialghite|volkner|1473
|gen|9
|tier|[Gen 9] VGC 2025 Reg H (Bo3)
|rated|
|rule|Species Clause: Limit one of each Pokémon
|rule|Item Clause: Limit 1 of each item
|clearpoke
|poke|p1|Incineroar, L50, F|
|poke|p1|Annihilape, L50, M|
|poke|p1|Dragonite, L50, M|
|poke|p1|Volcarona, L50, F|
|poke|p1|Rillaboom, L50, F|
|poke|p1|Ursaluna-Bloodmoon, L50, M|
|poke|p2|Whimsicott, L50, F|
|poke|p2|Corviknight, L50, M|
|poke|p2|Indeedee, L50, M|
|poke|p2|Sneasler, L50, M|
|poke|p2|Ursaluna-Bloodmoon, L50, M|
|poke|p2|Archaludon, L50, F|
|teampreview|4
|showteam|p1|Incineroar||SitrusBerry|Intimidate|FlareBlitz,KnockOff,FakeOut,PartingShot|||F|||50|,,,,,Ghost]Annihilape||SafetyGoggles|Defiant|CloseCombat,RageFist,Coaching,FinalGambit|||M|||50|,,,,,Water]Dragonite||LoadedDice|Multiscale|ScaleShot,ExtremeSpeed,Haze,Protect|||M|||50|,,,,,Normal]Volcarona||Leftovers|FlameBody|HeatWave,TeraBlast,QuiverDance,Protect|||F|||50|,,,,,Fairy]Rillaboom||AssaultVest|GrassySurge|WoodHammer,GrassyGlide,HighHorsepower,FakeOut|||F|||50|,,,,,Fire]Ursaluna-Bloodmoon||FocusSash|MindsEye|BloodMoon,EarthPower,HyperVoice,Protect|||M|||50|,,,,,Normal
|showteam|p2|Whimsicott||CovertCloak|Prankster|Moonblast,Taunt,Tailwind,FakeTears|||F|||50|,,,,,Water]Corviknight||Leftovers|MirrorArmor|BraveBird,BodyPress,Tailwind,BulkUp|||M|||50|,,,,,Dragon]Indeedee||FocusSash|PsychicSurge|ExpandingForce,TeraBlast,Imprison,TrickRoom|||M|||50|,,,,,Psychic]Sneasler||PsychicSeed|Unburden|CloseCombat,DireClaw,ThroatChop,Protect|||M|||50|,,,,,Dark]Ursaluna-Bloodmoon||LifeOrb|MindsEye|HyperVoice,BloodMoon,EarthPower,Protect|||M|||50|,,,,,Normal]Archaludon||PowerHerb|Stalwart|ElectroShot,DragonPulse,Thunderbolt,Protect|||F|||50|,,,,,Electric
|inactive|Battle timer is ON: inactive players will automatically lose when time's up. (requested by dialghite)
|inactive|Lightoz has 60 seconds left.
|
|t:|1756741238
|teamsize|p1|4
|teamsize|p2|4
|start
|switch|p1a: Ursaluna|Ursaluna-Bloodmoon, L50, M|100/100
|switch|p1b: Volcarona|Volcarona, L50, F|100/100
|switch|p2a: Corviknight|Corviknight, L50, M|100/100
|switch|p2b: Sneasler|Sneasler, L50, M|100/100
|turn|1
|
|t:|1756741261
|move|p2b: Sneasler|Dire Claw|p1b: Volcarona
|-damage|p1b: Volcarona|50/100
|-status|p1b: Volcarona|par
|move|p1a: Ursaluna|Earth Power|p2b: Sneasler
|-supereffective|p2b: Sneasler
|-damage|p2b: Sneasler|0 fnt
|faint|p2b: Sneasler
|move|p2a: Corviknight|Brave Bird|p1b: Volcarona
|-supereffective|p1b: Volcarona
|-damage|p1b: Volcarona|0 fnt
|faint|p1b: Volcarona
|-damage|p2a: Corviknight|86/100|[from] Recoil
|
|-heal|p2a: Corviknight|92/100|[from] item: Leftovers
|upkeep
|
|t:|1756741274
|switch|p2b: Ursaluna|Ursaluna-Bloodmoon, L50, M|100/100
|switch|p1b: Dragonite|Dragonite, L50, M|100/100
|turn|2
|
|t:|1756741289
|move|p1b: Dragonite|Haze|p1b: Dragonite
|-clearallboost
|move|p2b: Ursaluna|Hyper Voice|p1a: Ursaluna|[spread] p1a,p1b
|-crit|p1b: Dragonite
|-damage|p1a: Ursaluna|42/100
|-damage|p1b: Dragonite|63/100
|-damage|p2b: Ursaluna|91/100|[from] item: Life Orb
|move|p1a: Ursaluna|Hyper Voice|p2b: Ursaluna|[spread] p2a,p2b
|-resisted|p2a: Corviknight
|-damage|p2a: Corviknight|78/100
|-damage|p2b: Ursaluna|39/100
|move|p2a: Corviknight|Bulk Up|p2a: Corviknight
|-boost|p2a: Corviknight|atk|1
|-boost|p2a: Corviknight|def|1
|
|-heal|p2a: Corviknight|84/100|[from] item: Leftovers
|upkeep
|turn|3
|
|t:|1756741312
|-terastallize|p1a: Ursaluna|Normal
|move|p2b: Ursaluna|Protect|p2b: Ursaluna
|-singleturn|p2b: Ursaluna|Protect
|move|p1b: Dragonite|Haze|p1b: Dragonite
|-clearallboost
|move|p1a: Ursaluna|Blood Moon|p2a: Corviknight
|-resisted|p2a: Corviknight
|-damage|p2a: Corviknight|42/100
|move|p2a: Corviknight|Tailwind|p2a: Corviknight
|-sidestart|p2: dialghite|move: Tailwind
|
|-heal|p2a: Corviknight|48/100|[from] item: Leftovers
|upkeep
|turn|4
|
|t:|1756741336
|switch|p1a: Rillaboom|Rillaboom, L50, F, shiny|100/100
|-fieldstart|move: Grassy Terrain|[from] ability: Grassy Surge|[of] p1a: Rillaboom
|move|p1b: Dragonite|Protect|p1b: Dragonite
|-singleturn|p1b: Dragonite|Protect
|move|p2b: Ursaluna|Hyper Voice|p1a: Rillaboom|[spread] p1a
|-activate|p1b: Dragonite|move: Protect
|-damage|p1a: Rillaboom|61/100
|-damage|p2b: Ursaluna|29/100|[from] item: Life Orb
|move|p2a: Corviknight|Brave Bird|p1b: Dragonite
|-activate|p1b: Dragonite|move: Protect
|
|-heal|p2b: Ursaluna|35/100|[from] Grassy Terrain
|-heal|p2a: Corviknight|54/100|[from] item: Leftovers
|-heal|p1a: Rillaboom|67/100|[from] Grassy Terrain
|upkeep
|turn|5
|
|t:|1756741351
|switch|p2a: Indeedee|Indeedee, L50, M|100/100
|-fieldstart|move: Psychic Terrain|[from] ability: Psychic Surge|[of] p2a: Indeedee
|-terastallize|p2b: Ursaluna|Normal
|move|p1a: Rillaboom|Fake Out|p2a: Indeedee
|-activate|p2a: Indeedee|move: Psychic Terrain
|move|p2b: Ursaluna|Hyper Voice|p1b: Dragonite|[spread] p1a,p1b
|-damage|p1a: Rillaboom|17/100
|-damage|p1b: Dragonite|0 fnt
|faint|p1b: Dragonite
|-damage|p2b: Ursaluna|25/100|[from] item: Life Orb
|
|upkeep
|-message|Lightoz forfeited.
|
|win|dialghite
|raw|Lightoz's rating: 1486 → 1465(-21 for losing)
|raw|dialghite's rating: 1473 → 1494(+21 for winning)
|l|☆Lightoz
|player|p1|
