|j|☆Kampfstube
|j|☆ghotamcity2.0
|html|Kampfstubeghotamcity2.0    
|uhtml|bestof|Game 2 of a best-of-3
|t:|1756626711
|gametype|doubles
|player|p1|Kampfstube|n|1123
|player|p2|ghotamcity2.0|biker-gen4|1068
|gen|9
|tier|[Gen 9] VGC 2025 Reg H (Bo3)
|rated|
|rule|Species Clause: Limit one of each Pokémon
|rule|Item Clause: Limit 1 of each item
|clearpoke
|poke|p1|Grimmsnarl, L50, M|
|poke|p1|Volcarona, L50, F|
|poke|p1|Annihilape, L50, M|
|poke|p1|Ursaluna-Bloodmoon, L50, M|
|poke|p1|Dragonite, L50, M|
|poke|p1|Maushold, L50|
|poke|p2|Gholdengo, L50|
|poke|p2|Incineroar, L50, F|
|poke|p2|Flamigo, L50, F|
|poke|p2|Ursaluna, L50, F|
|poke|p2|Porygon2, L50|
|poke|p2|Amoonguss, L50, M|
|teampreview|4
|showteam|p1|Grimmsnarl||CovertCloak|Prankster|SpiritBreak,LightScreen,Reflect,ThunderWave|||M|||50|,,,,,Steel]Volcarona||Leftovers|FlameBody|GigaDrain,QuiverDance,HeatWave,Protect|||F|||50|,,,,,Grass]Annihilape||SafetyGoggles|Defiant|BulkUp,DrainPunch,Protect,RageFist|||M|||50|,,,,,Fire]Ursaluna-Bloodmoon||AssaultVest|MindsEye|EarthPower,BloodMoon,HyperVoice,VacuumWave|||M|||50|,,,,,Water]Dragonite||LoadedDice|Multiscale|ScaleShot,ExtremeSpeed,Protect,Haze|||M|||50|,,,,,Fairy]Maushold||WideLens|FriendGuard|PopulationBomb,BeatUp,Protect,FollowMe||||||50|,,,,,Ghost
|showteam|p2|Gholdengo||LifeOrb|GoodasGold|MakeItRain,ShadowBall,NastyPlot,Protect||||||50|,,,,,Dragon]Incineroar||SafetyGoggles|Intimidate|KnockOff,FlareBlitz,PartingShot,FakeOut|||F|||50|,,,,,Grass]Flamigo||FocusSash|Scrappy|CloseCombat,BraveBird,WideGuard,Protect|||F|||50|,,,,,Ghost]Ursaluna||FlameOrb|Guts|Facade,HeadlongRush,Earthquake,Protect|||F|||50|,,,,,Normal]Porygon2||Eviolite|Download|TeraBlast,IceBeam,TrickRoom,Recover||||||50|,,,,,Fighting]Amoonguss||MentalHerb|Regenerator|Spore,RagePowder,PollenPuff,SludgeBomb|||M|||50|,,,,,Water
|inactive|Battle timer is ON: inactive players will automatically lose when time's up. (requested by Kampfstube)
|
|t:|1756626740
|teamsize|p1|4
|teamsize|p2|4
|start
|switch|p1a: Grimmsnarl|Grimmsnarl, L50, M|100/100
|switch|p1b: Volcarona|Volcarona, L50, F, shiny|100/100
|switch|p2a: Gholdengo|Gholdengo, L50|100/100
|switch|p2b: Amoonguss|Amoonguss, L50, M|100/100
|turn|1
|
|t:|1756626755
|-terastallize|p1b: Volcarona|Grass
|move|p1a: Grimmsnarl|Light Screen|p1a: Grimmsnarl
|-sidestart|p1: Kampfstube|move: Light Screen
|move|p2a: Gholdengo|Nasty Plot|p2a: Gholdengo
|-boost|p2a: Gholdengo|spa|2
|move|p1b: Volcarona|Quiver Dance|p1b: Volcarona
|-boost|p1b: Volcarona|spa|1
|-boost|p1b: Volcarona|spd|1
|-boost|p1b: Volcarona|spe|1
|move|p2b: Amoonguss|Spore|p1b: Volcarona
|-immune|p1b: Volcarona
|
|upkeep
|turn|2
|inactive|Kampfstube has 30 seconds left.
|
|t:|1756626783
|-terastallize|p2b: Amoonguss|Water
|move|p2a: Gholdengo|Protect|p2a: Gholdengo
|-singleturn|p2a: Gholdengo|Protect
|move|p1a: Grimmsnarl|Reflect|p1a: Grimmsnarl
|-sidestart|p1: Kampfstube|Reflect
|move|p1b: Volcarona|Quiver Dance|p1b: Volcarona
|-boost|p1b: Volcarona|spa|1
|-boost|p1b: Volcarona|spd|1
|-boost|p1b: Volcarona|spe|1
|move|p2b: Amoonguss|Sludge Bomb|p1b: Volcarona
|-supereffective|p1b: Volcarona
|-damage|p1b: Volcarona|84/100
|-status|p1b: Volcarona|psn
|
|-heal|p1b: Volcarona|90/100 psn|[from] item: Leftovers
|-damage|p1b: Volcarona|78/100 psn|[from] psn
|upkeep
|turn|3
|
|t:|1756626805
|move|p1b: Volcarona|Heat Wave|p2a: Gholdengo|[spread] p2a,p2b
|-supereffective|p2a: Gholdengo
|-resisted|p2b: Amoonguss
|-damage|p2a: Gholdengo|0 fnt
|-damage|p2b: Amoonguss|73/100
|faint|p2a: Gholdengo
|move|p1a: Grimmsnarl|Spirit Break|p2b: Amoonguss
|-damage|p2b: Amoonguss|48/100
|-unboost|p2b: Amoonguss|spa|1
|move|p2b: Amoonguss|Sludge Bomb|p1b: Volcarona
|-supereffective|p1b: Volcarona
|-damage|p1b: Volcarona|67/100 psn
|
|-heal|p1b: Volcarona|73/100 psn|[from] item: Leftovers
|-damage|p1b: Volcarona|61/100 psn|[from] psn
|upkeep
|
|t:|1756626811
|switch|p2a: Flamigo|Flamigo, L50, F|100/100
|turn|4
|
|t:|1756626824
|move|p1b: Volcarona|Protect|p1b: Volcarona
|-singleturn|p1b: Volcarona|Protect
|move|p2a: Flamigo|Protect|p2a: Flamigo
|-singleturn|p2a: Flamigo|Protect
|move|p1a: Grimmsnarl|Thunder Wave|p2a: Flamigo
|-activate|p2a: Flamigo|move: Protect
|move|p2b: Amoonguss|Spore|p1a: Grimmsnarl
|-status|p1a: Grimmsnarl|slp|[from] move: Spore
|
|-heal|p1b: Volcarona|67/100 psn|[from] item: Leftovers
|-damage|p1b: Volcarona|55/100 psn|[from] psn
|upkeep
|turn|5
|
|t:|1756626849
|switch|p1a: Annihilape|Annihilape, L50, M|100/100
|switch|p2b: Ursaluna|Ursaluna, L50, F|100/100
|move|p2a: Flamigo|Wide Guard|p2a: Flamigo
|-singleturn|p2a: Flamigo|Wide Guard
|move|p1b: Volcarona|Giga Drain|p2b: Ursaluna
|-supereffective|p2b: Ursaluna
|-crit|p2b: Ursaluna
|-damage|p2b: Ursaluna|0 fnt
|-heal|p1b: Volcarona|100/100 psn|[from] drain|[of] p2b: Ursaluna
|faint|p2b: Ursaluna
|
|-damage|p1b: Volcarona|88/100 psn|[from] psn
|-sideend|p1: Kampfstube|move: Light Screen
|upkeep
|-message|ghotamcity2.0 forfeited.
|raw|Kampfstube's rating: 1123 → 1144(+21 for winning)
|raw|ghotamcity2.0's rating: 1068 → 1051(-17 for losing)
|
|win|Kampfstube
