|j|☆pikachu10001
|j|☆slyvesterccd
|html|pikachu10001slyvesterccd    
|uhtml|bestof|Game 1 of a best-of-3
|t:|1785502144
|gametype|doubles
|player|p1|pikachu10001|265|
|player|p2|slyvesterccd|101|
|gen|9
|tier|[Gen 9 Champions] VGC 2026 Reg M-B (Bo3)
|rule|Species Clause: Limit one of each Pokémon
|rule|Item Clause: Limit 1 of each item
|clearpoke
|poke|p1|Arcanine-Hisui, L50, F|
|poke|p1|Staraptor, L50, F|
|poke|p1|Sinistcha-Masterpiece, L50|
|poke|p1|Charizard, L50, M|
|poke|p1|Raichu, L50, M|
|poke|p1|Ninetales, L50, M|
|poke|p2|Steelix, L50, M, shiny|
|poke|p2|Sinistcha, L50|
|poke|p2|Oranguru, L50, M|
|poke|p2|Tyranitar, L50, F, shiny|
|poke|p2|Rotom-Wash, L50|
|poke|p2|Sceptile, L50, M, shiny|
|teampreview|4
|showteam|p1|Arcanine-Hisui||ChoiceScarf|RockHead|FlareBlitz,HeadSmash,CloseCombat,ExtremeSpeed|Adamant||F|||50|]Staraptor||Staraptite|Intimidate|CloseCombat,BraveBird,Protect,Tailwind|Jolly||F|||50|]Sinistcha-Masterpiece||MentalHerb|Hospitality|ShadowBall,MatchaGotcha,LifeDew,RagePowder|Calm|||||50|]Charizard||Leftovers|SolarPower|HeatWave,AirSlash,ScorchingSands,DragonPulse|Bold||M|||50|]Raichu||RaichuniteY|LightningRod|FakeOut,ZapCannon,FocusBlast,DrainingKiss|Mild||M|||50|]Ninetales||HeatRock|Drought|Overheat,HeatWave,SolarBeam,WillOWisp|Modest||M|||50|
|showteam|p2|Steelix||Steelixite|Sturdy|BodyPress,Curse,Protect,GyroBall|Sassy||M|||50|]Sinistcha||ColburBerry|Hospitality|MatchaGotcha,Protect,TrickRoom,LifeDew|Bold|||||50|]Oranguru||SitrusBerry|Telepathy|Instruct,Gravity,Psychic,TrickRoom|Sassy||M|||50|]Tyranitar||SmoothRock|SandStream|RockSlide,Crunch,Protect,BrickBreak|Adamant||F|||50|]Rotom-Wash||Leftovers|Levitate|WillOWisp,LightScreen,Discharge,Protect|Calm|||||50|]Sceptile||Sceptilite|Overgrow|EarthPower,Detect,DragonPulse,GigaDrain|Timid||M|||50|
|c|☆slyvesterccd|dam nice team
|
|t:|1785502195
|teamsize|p1|4
|teamsize|p2|4
|start
|switch|p1a: Charizard|Charizard, L50, M|100/100
|switch|p1b: Ninetales|Ninetales, L50, M|100/100
|switch|p2a: Rotom|Rotom-Wash, L50|100/100
|switch|p2b: Sinistcha|Sinistcha, L50|100/100
|-weather|SunnyDay|[from] ability: Drought|[of] p1b: Ninetales
|turn|1
|
|t:|1785502223
|move|p2b: Sinistcha|Protect|p2b: Sinistcha
|-singleturn|p2b: Sinistcha|Protect
|move|p1b: Ninetales|Solar Beam||[still]
|-prepare|p1b: Ninetales|Solar Beam
|-anim|p1b: Ninetales|Solar Beam|p2a: Rotom
|-supereffective|p2a: Rotom|1
|-damage|p2a: Rotom|47/100
|move|p1a: Charizard|Heat Wave|p2b: Sinistcha|[spread] p2a
|-activate|p2b: Sinistcha|move: Protect
|-resisted|p2a: Rotom|1
|-damage|p2a: Rotom|21/100
|move|p2a: Rotom|Discharge|p1b: Ninetales|[spread] p1a,p1b
|-activate|p2b: Sinistcha|move: Protect
|-supereffective|p1a: Charizard|1
|-damage|p1a: Charizard|54/100
|-damage|p1b: Ninetales|77/100
|
|-weather|SunnyDay|[upkeep]
|-damage|p1a: Charizard|42/100|[from] ability: Solar Power|[of] p1a: Charizard
|-heal|p1a: Charizard|48/100|[from] item: Leftovers
|-heal|p2a: Rotom|26/100|[from] item: Leftovers
|upkeep
|turn|2
|
|t:|1785502246
|switch|p2b: Tyranitar|Tyranitar, L50, F, shiny|100/100
|-weather|Sandstorm|[from] ability: Sand Stream|[of] p2b: Tyranitar
|move|p1b: Ninetales|Heat Wave|p2a: Rotom|[spread] p2a,p2b
|-resisted|p2a: Rotom|1
|-resisted|p2b: Tyranitar|1
|-damage|p2a: Rotom|17/100
|-damage|p2b: Tyranitar|93/100
|move|p1a: Charizard|Heat Wave|p2a: Rotom|[spread] p2a,p2b
|-resisted|p2a: Rotom|1
|-resisted|p2b: Tyranitar|1
|-damage|p2a: Rotom|5/100
|-damage|p2b: Tyranitar|86/100
|-status|p2b: Tyranitar|brn
|move|p2a: Rotom|Light Screen|p2a: Rotom
|-sidestart|p2: slyvesterccd|move: Light Screen
|
|-weather|Sandstorm|[upkeep]
|-damage|p1b: Ninetales|71/100|[from] Sandstorm
|-damage|p1a: Charizard|42/100|[from] Sandstorm
|-damage|p2a: Rotom|0 fnt|[from] Sandstorm
|faint|p2a: Rotom
|-heal|p1a: Charizard|48/100|[from] item: Leftovers
|-damage|p2b: Tyranitar|80/100 brn|[from] brn
|upkeep
|
|t:|1785502260
|switch|p2a: Steelix|Steelix, L50, M, shiny|100/100
|turn|3
|
|t:|1785502297
|move|p2a: Steelix|Protect|p2a: Steelix
|-singleturn|p2a: Steelix|Protect
|move|p1b: Ninetales|Will-O-Wisp|p2a: Steelix
|-activate|p2a: Steelix|move: Protect
|move|p1a: Charizard|Scorching Sands|p2b: Tyranitar
|-supereffective|p2b: Tyranitar|1
|-damage|p2b: Tyranitar|68/100 brn
|move|p2b: Tyranitar|Rock Slide|p1b: Ninetales|[spread] p1a,p1b
|-supereffective|p1a: Charizard|2
|-crit|p1a: Charizard
|-supereffective|p1b: Ninetales|1
|-damage|p1a: Charizard|0 fnt
|-damage|p1b: Ninetales|31/100
|faint|p1a: Charizard
|
|-weather|Sandstorm|[upkeep]
|-damage|p1b: Ninetales|25/100|[from] Sandstorm
|-damage|p2b: Tyranitar|62/100 brn|[from] brn
|upkeep
|
|t:|1785502302
|switch|p1a: Sinistcha|Sinistcha-Masterpiece, L50|100/100
|-heal|p1b: Ninetales|50/100y|[from] ability: Hospitality|[of] p1a: Sinistcha
|turn|4
|
|t:|1785502327
|detailschange|p2a: Steelix|Steelix-Mega, L50, M, shiny
|-mega|p2a: Steelix|Steelix|Steelixite
|move|p1b: Ninetales|Will-O-Wisp|p2a: Steelix|[miss]
|-miss|p1b: Ninetales|p2a: Steelix
|move|p1a: Sinistcha|Matcha Gotcha|p2a: Steelix|[spread] p2a,p2b
|-supereffective|p2b: Tyranitar|1
|-damage|p2a: Steelix|87/100
|-damage|p2b: Tyranitar|44/100 brn
|move|p2b: Tyranitar|Rock Slide|p1a: Sinistcha|[spread] p1b
|-miss|p2b: Tyranitar|p1a: Sinistcha
|-supereffective|p1b: Ninetales|1
|-crit|p1b: Ninetales
|-damage|p1b: Ninetales|0 fnt
|faint|p1b: Ninetales
|move|p2a: Steelix|Curse|p2a: Steelix
|-unboost|p2a: Steelix|spe|1
|-boost|p2a: Steelix|atk|1
|-boost|p2a: Steelix|def|1
|
|-weather|Sandstorm|[upkeep]
|-damage|p1a: Sinistcha|93/100|[from] Sandstorm
|-damage|p2b: Tyranitar|38/100 brn|[from] brn
|upkeep
|
|t:|1785502337
|switch|p1b: Arcanine|Arcanine-Hisui, L50, F|100/100
|turn|5
|
|t:|1785502356
|switch|p2b: Sinistcha|Sinistcha, L50|100/100
|-heal|p2a: Steelix|100/100|[from] ability: Hospitality|[of] p2b: Sinistcha
|move|p1a: Sinistcha|Rage Powder|p1a: Sinistcha
|-singleturn|p1a: Sinistcha|move: Rage Powder
|move|p1b: Arcanine|Close Combat|p2b: Sinistcha
|-immune|p2b: Sinistcha
|move|p2a: Steelix|Body Press|p1a: Sinistcha
|-immune|p1a: Sinistcha
|
|-weather|Sandstorm|[upkeep]
|-damage|p1a: Sinistcha|87/100|[from] Sandstorm
|-damage|p2b: Sinistcha|93/100|[from] Sandstorm
|upkeep
|turn|6
|
|t:|1785502377
|move|p1a: Sinistcha|Rage Powder|p1a: Sinistcha
|-singleturn|p1a: Sinistcha|move: Rage Powder
|move|p1b: Arcanine|Close Combat|p2a: Steelix
|-supereffective|p2a: Steelix|1
|-damage|p2a: Steelix|72/100
|-unboost|p1b: Arcanine|def|1
|-unboost|p1b: Arcanine|spd|1
|move|p2b: Sinistcha|Life Dew|p2b: Sinistcha|[spread] p2a,p2b
|-heal|p2a: Steelix|97/100
|-heal|p2b: Sinistcha|100/100
|move|p2a: Steelix|Gyro Ball|p1a: Sinistcha
|-damage|p1a: Sinistcha|26/100
|
|-weather|Sandstorm|[upkeep]
|-damage|p1a: Sinistcha|20/100y|[from] Sandstorm
|-damage|p2b: Sinistcha|93/100|[from] Sandstorm
|-sideend|p2: slyvesterccd|move: Light Screen
|upkeep
|turn|7
|c|☆pikachu10001|Sad miss
|
|t:|1785502397
|move|p1b: Arcanine|Close Combat|p2a: Steelix
|-supereffective|p2a: Steelix|1
|-damage|p2a: Steelix|68/100
|-unboost|p1b: Arcanine|def|1
|-unboost|p1b: Arcanine|spd|1
|move|p2b: Sinistcha|Life Dew|p2b: Sinistcha|[spread] p2a,p2b
|-heal|p2a: Steelix|93/100
|-heal|p2b: Sinistcha|100/100
|move|p1a: Sinistcha|Matcha Gotcha|p2b: Sinistcha|[spread] p2a,p2b
|-crit|p2a: Steelix
|-resisted|p2b: Sinistcha|1
|-damage|p2a: Steelix|67/100
|-heal|p1a: Sinistcha|33/100|[from] drain|[of] p2a: Steelix
|-damage|p2b: Sinistcha|87/100
|-heal|p1a: Sinistcha|39/100|[from] drain|[of] p2b: Sinistcha
|-status|p2a: Steelix|brn
|move|p2a: Steelix|Gyro Ball|p1b: Arcanine
|-damage|p1b: Arcanine|0 fnt
|faint|p1b: Arcanine
|
|-weather|Sandstorm|[upkeep]
|-damage|p2b: Sinistcha|81/100|[from] Sandstorm
|-damage|p1a: Sinistcha|33/100|[from] Sandstorm
|-damage|p2a: Steelix|61/100 brn|[from] brn
|upkeep
|turn|8
|c|☆slyvesterccd|oof burn
|
|t:|1785502421
|move|p1a: Sinistcha|Life Dew|p1a: Sinistcha
|-heal|p1a: Sinistcha|58/100
|move|p2b: Sinistcha|Life Dew|p2b: Sinistcha|[spread] p2a,p2b
|-heal|p2a: Steelix|85/100 brn
|-heal|p2b: Sinistcha|100/100
|move|p2a: Steelix|Gyro Ball|p1a: Sinistcha
|-damage|p1a: Sinistcha|25/100
|
|-weather|Sandstorm|[upkeep]
|-damage|p1a: Sinistcha|19/100|[from] Sandstorm
|-damage|p2b: Sinistcha|93/100|[from] Sandstorm
|-damage|p2a: Steelix|79/100 brn|[from] brn
|upkeep
|turn|9
|
|t:|1785502433
|move|p1a: Sinistcha|Shadow Ball|p2b: Sinistcha
|-supereffective|p2b: Sinistcha|1
|-damage|p2b: Sinistcha|24/100
|move|p2b: Sinistcha|Life Dew|p2b: Sinistcha|[spread] p2a,p2b
|-heal|p2a: Steelix|100/100 brn
|-heal|p2b: Sinistcha|49/100
|move|p2a: Steelix|Curse|p2a: Steelix
|-unboost|p2a: Steelix|spe|1
|-boost|p2a: Steelix|atk|1
|-boost|p2a: Steelix|def|1
|
|-weather|none
|-damage|p2a: Steelix|93/100 brn|[from] brn
|upkeep
|turn|10
|
|t:|1785502441
|switch|p2b: Tyranitar|Tyranitar, L50, F, shiny|38/100 brn
|-weather|Sandstorm|[from] ability: Sand Stream|[of] p2b: Tyranitar
|move|p1a: Sinistcha|Life Dew|p1a: Sinistcha
|-heal|p1a: Sinistcha|44/100
|move|p2a: Steelix|Gyro Ball|p1a: Sinistcha
|-damage|p1a: Sinistcha|0 fnt
|faint|p1a: Sinistcha
|
|win|slyvesterccd
||pikachu10001 is ready for game 2.
||slyvesterccd is ready for game 2.
|uhtml|next|Next: Game 2 of 3
