|j|☆Lorido
|j|☆prath1
|html|Loridoprath1    
|uhtml|bestof|Game 1 of a best-of-3
|t:|1785077850
|gametype|doubles
|player|p1|Lorido|2|1204
|player|p2|prath1|102|1102
|gen|9
|tier|[Gen 9 Champions] VGC 2026 Reg M-B (Bo3)
|rated|
|rule|Species Clause: Limit one of each Pokémon
|rule|Item Clause: Limit 1 of each item
|clearpoke
|poke|p1|Aerodactyl, L50, F|
|poke|p1|Kingambit, L50, M|
|poke|p1|Sylveon, L50, M|
|poke|p1|Charizard, L50, F|
|poke|p1|Garchomp, L50, F|
|poke|p1|Farigiraf, L50, F|
|poke|p2|Charizard, L50, F, shiny|
|poke|p2|Garchomp, L50, M|
|poke|p2|Sylveon, L50, M, shiny|
|poke|p2|Whimsicott, L50, M|
|poke|p2|Raichu, L50, F, shiny|
|poke|p2|Toxapex, L50, M|
|teampreview|4
|showteam|p1|Aerodactyl||Aerodactylite|Unnerve|RockSlide,DualWingbeat,IceFang,Tailwind|Jolly||F|||50|]Kingambit||BlackGlasses|Defiant|KowtowCleave,IronHead,SuckerPunch,Protect|Adamant||M|||50|]Sylveon||FairyFeather|Pixilate|HyperVoice,QuickAttack,HyperBeam,Detect|Modest||M|||50|]Charizard||CharizarditeY|Blaze|HeatWave,WeatherBall,SolarBeam,Protect|Modest||F|||50|]Garchomp||LifeOrb|RoughSkin|DragonClaw,Earthquake,RockSlide,Protect|Jolly||F|||50|]Farigiraf||SitrusBerry|ArmorTail|TwinBeam,Thunderbolt,TrickRoom,HelpingHand|Relaxed||F|||50|
|showteam|p2|Charizard||CharizarditeY|SolarPower|HeatWave,SolarBeam,RockSlide,Roost|Mild||F|||50|]Garchomp||LifeOrb|RoughSkin|EarthPower,IronHead,DragonClaw,Protect|Naive||M|||50|]Sylveon||FairyFeather|Pixilate|HyperBeam,HyperVoice,Protect,QuickAttack|Sassy||M|||50|]Whimsicott||FocusSash|Prankster|Tailwind,EnergyBall,Protect,SunnyDay|Bold||M|||50|]Raichu||RaichuniteY|LightningRod|VoltTackle,FocusBlast,GrassKnot,Protect|Hasty||F|||50|]Toxapex||Leftovers|Regenerator|Toxic,Infestation,HydroPump,Protect|Bold||M|||50|
|inactive|Battle timer is ON: inactive players will automatically lose when time's up. (requested by Lorido)
|inactive|Lorido has 60 seconds left.
|inactive|Lorido has 30 seconds left.
|inactive|Lorido has 20 seconds left.
|inactive|Lorido has 15 seconds left.
|
|t:|1785077927
|teamsize|p1|4
|teamsize|p2|4
|start
|switch|p1a: Farigiraf|Farigiraf, L50, F|100/100
|switch|p1b: Kingambit|Kingambit, L50, M|100/100
|switch|p2a: Sylveon|Sylveon, L50, M, shiny|100/100
|switch|p2b: Raichu|Raichu, L50, F, shiny|100/100
|turn|1
|
|t:|1785077952
|detailschange|p2b: Raichu|Raichu-Mega-Y, L50, F, shiny
|-mega|p2b: Raichu|Raichu|Raichunite Y
|move|p1b: Kingambit|Protect|p1b: Kingambit
|-singleturn|p1b: Kingambit|Protect
|move|p2b: Raichu|Focus Blast|p1b: Kingambit
|-activate|p1b: Kingambit|move: Protect
|move|p2a: Sylveon|Hyper Voice|p1a: Farigiraf|[spread] p1a
|-activate|p1b: Kingambit|move: Protect
|-damage|p1a: Farigiraf|67/100
|move|p1a: Farigiraf|Trick Room|p1a: Farigiraf
|-fieldstart|move: Trick Room|[of] p1a: Farigiraf
|
|upkeep
|turn|2
|
|t:|1785077968
|move|p1b: Kingambit|Kowtow Cleave|p2b: Raichu
|-damage|p2b: Raichu|0 fnt
|faint|p2b: Raichu
|move|p2a: Sylveon|Hyper Voice|p1b: Kingambit|[spread] p1a,p1b
|-damage|p1a: Farigiraf|33/100
|-damage|p1b: Kingambit|71/100
|-enditem|p1a: Farigiraf|Sitrus Berry|[eat]
|-heal|p1a: Farigiraf|58/100|[from] item: Sitrus Berry
|move|p1a: Farigiraf|Twin Beam|p2a: Sylveon
|-damage|p2a: Sylveon|92/100
|-damage|p2a: Sylveon|83/100
|-hitcount|p2a: Sylveon|2
|
|upkeep
|
|t:|1785077980
|switch|p2b: Garchomp|Garchomp, L50, M|100/100
|turn|3
|inactive|Lorido has 30 seconds left.
|
|t:|1785078009
|move|p1b: Kingambit|Kowtow Cleave|p2b: Garchomp
|-damage|p2b: Garchomp|47/100
|-damage|p1b: Kingambit|58/100|[from] ability: Rough Skin|[of] p2b: Garchomp
|move|p1a: Farigiraf|Twin Beam|p2b: Garchomp
|-damage|p2b: Garchomp|28/100
|-damage|p2b: Garchomp|9/100
|-hitcount|p2b: Garchomp|2
|move|p2a: Sylveon|Hyper Beam|p1b: Kingambit|[miss]
|-miss|p2a: Sylveon|p1b: Kingambit
|move|p2b: Garchomp|Earth Power|p1b: Kingambit
|-supereffective|p1b: Kingambit|1
|-damage|p1b: Kingambit|1/100
|-damage|p2b: Garchomp|0 fnt|[from] item: Life Orb
|faint|p2b: Garchomp
|
|upkeep
|
|t:|1785078025
|switch|p2b: Whimsicott|Whimsicott, L50, M|100/100
|turn|4
|
|t:|1785078038
|move|p1b: Kingambit|Iron Head|p2a: Sylveon
|-supereffective|p2a: Sylveon|1
|-damage|p2a: Sylveon|0 fnt
|faint|p2a: Sylveon
|move|p1a: Farigiraf|Twin Beam|p2b: Whimsicott
|-damage|p2b: Whimsicott|76/100
|-damage|p2b: Whimsicott|55/100
|-hitcount|p2b: Whimsicott|2
|move|p2b: Whimsicott|Energy Ball|p1a: Farigiraf
|-damage|p1a: Farigiraf|34/100
|
|upkeep
|turn|5
|
|t:|1785078053
|move|p1b: Kingambit|Iron Head|p2b: Whimsicott
|-supereffective|p2b: Whimsicott|1
|-damage|p2b: Whimsicott|0 fnt
|faint|p2b: Whimsicott
|
|win|Lorido
