|j|☆Perhaps Perish?
|j|☆teyvgc
|html|Perhaps Perish?teyvgc    
|uhtml|bestof|Game 2 of a best-of-3
|t:|1757256477
|gametype|doubles
|player|p1|Perhaps Perish?|steven|1225
|player|p2|teyvgc|benga|1305
|gen|9
|tier|[Gen 9] VGC 2025 Reg H (Bo3)
|rated|
|rule|Species Clause: Limit one of each Pokémon
|rule|Item Clause: Limit 1 of each item
|clearpoke
|poke|p1|Basculegion, L50, M|
|poke|p1|Greninja-*, L50, F|
|poke|p1|Archaludon, L50, F|
|poke|p1|Sinistcha, L50|
|poke|p1|Pelipper, L50, M|
|poke|p1|Annihilape, L50, M|
|poke|p2|Gholdengo, L50|
|poke|p2|Dragonite, L50, M|
|poke|p2|Sneasler, L50, M|
|poke|p2|Incineroar, L50, F|
|poke|p2|Indeedee, L50, M|
|poke|p2|Ninetales-Alola, L50, F|
|teampreview|4
|showteam|p1|Basculegion||ChoiceBand|SwiftSwim|AquaJet,LastRespects,WaveCrash,FlipTurn|||M|||50|,,,,,Dark]Greninja||LoadedDice|Torrent|WaterShuriken,DarkPulse,Haze,Taunt|||F|||50|,,,,,Ghost]Archaludon||AssaultVest|Stamina|ElectroShot,DragonPulse,Snarl,BodyPress|||F|||50|,,,,,Grass]Sinistcha||SitrusBerry|Hospitality|LifeDew,TrickRoom,RagePowder,MatchaGotcha||||||50|,,,,,Water]Pelipper||CovertCloak|Drizzle|WeatherBall,Hurricane,WideGuard,Protect|||M|||50|,,,,,Grass]Annihilape||ChoiceScarf|Defiant|FinalGambit,CloseCombat,RageFist,Uturn|||M|||50|,,,,,Grass
|showteam|p2|Gholdengo||LifeOrb|GoodasGold|Protect,MakeItRain,ShadowBall,NastyPlot||||||50|,,,,,Water]Dragonite||LoadedDice|Multiscale|ScaleShot,Tailwind,Haze,Protect|||M|||50|,,,,,Fairy]Sneasler||PsychicSeed|Unburden|Protect,DireClaw,CloseCombat,ThroatChop|||M|||50|,,,,,Dark]Incineroar||SafetyGoggles|Intimidate|KnockOff,PartingShot,FlareBlitz,FakeOut|||F|||50|,,,,,Ghost]Indeedee||ChoiceScarf|PsychicSurge|Protect,Trick,TeraBlast,ExpandingForce|||M|||50|,,,,,Psychic]Ninetales-Alola||FocusSash|SnowWarning|Blizzard,IcyWind,Encore,AuroraVeil|||F|||50|,,,,,Ghost
|
|t:|1757256515
|teamsize|p1|4
|teamsize|p2|4
|start
|switch|p1a: good pokemon|Greninja, L50, F, shiny|100/100
|switch|p1b: Bridge/Stapeler?|Archaludon, L50, F, shiny|100/100
|switch|p2a: Indeedee|Indeedee, L50, M|100/100
|switch|p2b: Sneasler|Sneasler, L50, M|100/100
|-fieldstart|move: Psychic Terrain|[from] ability: Psychic Surge|[of] p2a: Indeedee
|-enditem|p2b: Sneasler|Psychic Seed
|-boost|p2b: Sneasler|spd|1|[from] item: Psychic Seed
|turn|1
|
|t:|1757256543
|-terastallize|p2a: Indeedee|Psychic
|move|p1a: good pokemon|Water Shuriken|p1b: Bridge/Stapeler?
|-resisted|p1b: Bridge/Stapeler?
|-damage|p1b: Bridge/Stapeler?|98/100
|-ability|p1b: Bridge/Stapeler?|Stamina|boost
|-boost|p1b: Bridge/Stapeler?|def|1
|-resisted|p1b: Bridge/Stapeler?
|-damage|p1b: Bridge/Stapeler?|96/100
|-ability|p1b: Bridge/Stapeler?|Stamina|boost
|-boost|p1b: Bridge/Stapeler?|def|1
|-resisted|p1b: Bridge/Stapeler?
|-damage|p1b: Bridge/Stapeler?|94/100
|-ability|p1b: Bridge/Stapeler?|Stamina|boost
|-boost|p1b: Bridge/Stapeler?|def|1
|-resisted|p1b: Bridge/Stapeler?
|-damage|p1b: Bridge/Stapeler?|92/100
|-ability|p1b: Bridge/Stapeler?|Stamina|boost
|-boost|p1b: Bridge/Stapeler?|def|1
|-hitcount|p1b: Bridge/Stapeler?|4
|move|p2b: Sneasler|Close Combat|p1a: good pokemon
|-supereffective|p1a: good pokemon
|-damage|p1a: good pokemon|0 fnt
|-unboost|p2b: Sneasler|def|1
|-unboost|p2b: Sneasler|spd|1
|faint|p1a: good pokemon
|move|p2a: Indeedee|Expanding Force|p1b: Bridge/Stapeler?
|-resisted|p1b: Bridge/Stapeler?
|-damage|p1b: Bridge/Stapeler?|58/100
|-ability|p1b: Bridge/Stapeler?|Stamina|boost
|-boost|p1b: Bridge/Stapeler?|def|1
|move|p1b: Bridge/Stapeler?|Body Press|p2b: Sneasler
|-resisted|p2b: Sneasler
|-damage|p2b: Sneasler|4/100
|
|upkeep
|
|t:|1757256568
|switch|p1a: Inflated Toucan|Pelipper, L50, M, shiny|100/100
|-weather|RainDance|[from] ability: Drizzle|[of] p1a: Inflated Toucan
|turn|2
|
|t:|1757256606
|move|p1a: Inflated Toucan|Wide Guard|p1a: Inflated Toucan
|-singleturn|p1a: Inflated Toucan|Wide Guard
|move|p2b: Sneasler|Dire Claw|p1a: Inflated Toucan
|-damage|p1a: Inflated Toucan|57/100
|move|p2a: Indeedee|Expanding Force|p1a: Inflated Toucan|[spread] 
|-activate|p1a: Inflated Toucan|move: Wide Guard
|-activate|p1b: Bridge/Stapeler?|move: Wide Guard
|move|p1b: Bridge/Stapeler?|Snarl|p2b: Sneasler|[spread] p2a,p2b
|-supereffective|p2a: Indeedee
|-resisted|p2b: Sneasler
|-damage|p2a: Indeedee|65/100
|-damage|p2b: Sneasler|0 fnt
|-unboost|p2a: Indeedee|spa|1
|faint|p2b: Sneasler
|
|-weather|RainDance|[upkeep]
|upkeep
|
|t:|1757256618
|switch|p2b: Gholdengo|Gholdengo, L50|100/100
|turn|3
|
|t:|1757256644
|switch|p2a: Ninetales|Ninetales-Alola, L50, F|100/100
|-weather|Snowscape|[from] ability: Snow Warning|[of] p2a: Ninetales
|switch|p1a: cupa|Sinistcha, L50|100/100
|-heal|p1b: Bridge/Stapeler?|83/100|[from] ability: Hospitality|[of] p1a: cupa
|move|p2b: Gholdengo|Protect|p2b: Gholdengo
|-singleturn|p2b: Gholdengo|Protect
|move|p1b: Bridge/Stapeler?|Snarl|p2b: Gholdengo|[spread] p2a
|-activate|p2b: Gholdengo|move: Protect
|-resisted|p2a: Ninetales
|-damage|p2a: Ninetales|94/100
|-unboost|p2a: Ninetales|spa|1
|
|-weather|Snowscape|[upkeep]
|upkeep
|turn|4
|
|t:|1757256670
|-terastallize|p1a: cupa|Water
|move|p2a: Ninetales|Encore|p1b: Bridge/Stapeler?
|-start|p1b: Bridge/Stapeler?|Encore
|move|p2b: Gholdengo|Nasty Plot|p2b: Gholdengo
|-boost|p2b: Gholdengo|spa|2
|move|p1b: Bridge/Stapeler?|Snarl|p2b: Gholdengo|[spread] p2a,p2b
|-resisted|p2a: Ninetales
|-supereffective|p2b: Gholdengo
|-damage|p2a: Ninetales|88/100
|-damage|p2b: Gholdengo|74/100
|-unboost|p2a: Ninetales|spa|1
|-unboost|p2b: Gholdengo|spa|1
|move|p1a: cupa|Trick Room|p1a: cupa
|-fieldstart|move: Trick Room|[of] p1a: cupa
|
|-weather|Snowscape|[upkeep]
|upkeep
|turn|5
|
|t:|1757256695
|switch|p1b: Inflated Toucan|Pelipper, L50, M, shiny|57/100
|-weather|RainDance|[from] ability: Drizzle|[of] p1b: Inflated Toucan
|move|p1a: cupa|Matcha Gotcha|p2a: Ninetales|[spread] p2a,p2b
|-resisted|p2b: Gholdengo
|-damage|p2a: Ninetales|61/100
|-damage|p2b: Gholdengo|60/100
|move|p2b: Gholdengo|Nasty Plot|p2b: Gholdengo
|-boost|p2b: Gholdengo|spa|2
|move|p2a: Ninetales|Aurora Veil||[still]
|-fail|p2a: Ninetales
|
|-weather|RainDance|[upkeep]
|-fieldend|move: Psychic Terrain
|upkeep
|turn|6
|
|t:|1757256723
|switch|p2a: Indeedee|Indeedee, L50, M, tera:Psychic|65/100
|-fieldstart|move: Psychic Terrain|[from] ability: Psychic Surge|[of] p2a: Indeedee
|move|p2b: Gholdengo|Protect|p2b: Gholdengo
|-singleturn|p2b: Gholdengo|Protect
|move|p1a: cupa|Life Dew||[still]|[spread] p1a,p1b
|-fail|p1a: cupa|heal
|-heal|p1b: Inflated Toucan|83/100
|move|p1b: Inflated Toucan|Weather Ball|p2b: Gholdengo
|-activate|p2b: Gholdengo|move: Protect
|
|-weather|RainDance|[upkeep]
|upkeep
|turn|7
|
|t:|1757256748
|switch|p1a: Bridge/Stapeler?|Archaludon, L50, F, shiny|83/100
|switch|p2a: Ninetales|Ninetales-Alola, L50, F|61/100
|-weather|Snowscape|[from] ability: Snow Warning|[of] p2a: Ninetales
|move|p1b: Inflated Toucan|Hurricane|p2a: Ninetales
|-damage|p2a: Ninetales|10/100
|move|p2b: Gholdengo|Shadow Ball|p1a: Bridge/Stapeler?
|-damage|p1a: Bridge/Stapeler?|12/100
|-ability|p1a: Bridge/Stapeler?|Stamina|boost
|-boost|p1a: Bridge/Stapeler?|def|1
|-damage|p2b: Gholdengo|50/100|[from] item: Life Orb
|
|-weather|Snowscape|[upkeep]
|upkeep
|turn|8
|
|t:|1757256806
|move|p2b: Gholdengo|Protect|p2b: Gholdengo
|-singleturn|p2b: Gholdengo|Protect
|move|p1b: Inflated Toucan|Weather Ball|p2a: Ninetales
|-resisted|p2a: Ninetales
|-damage|p2a: Ninetales|0 fnt
|faint|p2a: Ninetales
|move|p1a: Bridge/Stapeler?|Snarl|p2b: Gholdengo
|-activate|p2b: Gholdengo|move: Protect
|
|-weather|Snowscape|[upkeep]
|-fieldend|move: Trick Room
|upkeep
|
|t:|1757256816
|switch|p2a: Indeedee|Indeedee, L50, M, tera:Psychic|65/100
|turn|9
|
|t:|1757256859
|move|p1b: Inflated Toucan|Wide Guard|p1b: Inflated Toucan
|-singleturn|p1b: Inflated Toucan|Wide Guard
|move|p2a: Indeedee|Expanding Force|p1a: Bridge/Stapeler?|[spread] 
|-activate|p1a: Bridge/Stapeler?|move: Wide Guard
|-activate|p1b: Inflated Toucan|move: Wide Guard
|move|p2b: Gholdengo|Shadow Ball|p1a: Bridge/Stapeler?
|-crit|p1a: Bridge/Stapeler?
|-damage|p1a: Bridge/Stapeler?|0 fnt
|faint|p1a: Bridge/Stapeler?
|-damage|p2b: Gholdengo|41/100|[from] item: Life Orb
|
|-weather|Snowscape|[upkeep]
|upkeep
|
|t:|1757256863
|switch|p1a: cupa|Sinistcha, L50, tera:Water|100/100
|-heal|p1b: Inflated Toucan|100/100|[from] ability: Hospitality|[of] p1a: cupa
|turn|10
|
|t:|1757256880
|move|p1b: Inflated Toucan|Wide Guard|p1b: Inflated Toucan
|-singleturn|p1b: Inflated Toucan|Wide Guard
|move|p2a: Indeedee|Expanding Force|p1b: Inflated Toucan|[spread] 
|-activate|p1a: cupa|move: Wide Guard
|-activate|p1b: Inflated Toucan|move: Wide Guard
|move|p2b: Gholdengo|Shadow Ball|p1a: cupa
|-damage|p1a: cupa|0 fnt
|faint|p1a: cupa
|-damage|p2b: Gholdengo|31/100|[from] item: Life Orb
|
|-weather|Snowscape|[upkeep]
|-fieldend|move: Psychic Terrain
|upkeep
|turn|11
|c|☆Perhaps Perish?|gg
|-message|Perhaps Perish? forfeited.
|
|win|teyvgc
|raw|Perhaps Perish?'s rating: 1225 → 1206(-19 for losing)
|raw|teyvgc's rating: 1305 → 1320(+15 for winning)
