|j|☆wade connects
|j|☆homerj71
|html|wade connectshomerj71    
|uhtml|bestof|Game 3 of a best-of-3
|t:|1783882791
|gametype|doubles
|player|p1|wade connects|266|1126
|player|p2|homerj71|169|1231
|gen|9
|tier|[Gen 9 Champions] VGC 2026 Reg M-B (Bo3)
|rated|
|rule|Species Clause: Limit one of each Pokémon
|rule|Item Clause: Limit 1 of each item
|clearpoke
|poke|p1|Malamar, L50, F|
|poke|p1|Mimikyu, L50, M, shiny|
|poke|p1|Pyroar, L50, M, shiny|
|poke|p1|Vileplume, L50, M, shiny|
|poke|p1|Aegislash, L50, M|
|poke|p1|Torkoal, L50, M|
|poke|p2|Sneasler, L50, F|
|poke|p2|Sinistcha, L50|
|poke|p2|Incineroar, L50, F|
|poke|p2|Kingambit, L50, M|
|poke|p2|Delphox, L50, M|
|poke|p2|Floette-Eternal, L50, F|
|teampreview|4
|showteam|p1|Malamar||Malamarite|Contrary|Protect,PsychoCut,KnockOff,Superpower|Brave||F|||50|]Mimikyu||MentalHerb|Disguise|Protect,TrickRoom,PlayRough,ShadowClaw|Brave||M|||50|]Pyroar||Pyroarite|Unnerve|Protect,Flamethrower,ScorchingSands,HeatWave|Timid||M|||50|]Vileplume||FocusSash|Chlorophyll|AfterYou,SleepPowder,SolarBeam,SludgeBomb|Timid||M|||50|]Aegislash||ColburBerry|StanceChange|KingsShield,IronHead,SacredSword,Poltergeist|Brave||M|||50|]Torkoal||LifeOrb|Drought|Protect,HelpingHand,Eruption,EarthPower|Quiet||M|||50|
|showteam|p2|Sneasler||FocusSash|PoisonTouch|QuickGuard,FakeOut,DireClaw,CloseCombat|Jolly||F|||50|]Sinistcha||OccaBerry|Hospitality|Protect,RagePowder,MatchaGotcha,TrickRoom|Relaxed|||||50|]Incineroar||SitrusBerry|Intimidate|FakeOut,FlareBlitz,ThroatChop,PartingShot|Careful||F|||50|]Kingambit||BlackGlasses|Defiant|KowtowCleave,SwordsDance,SuckerPunch,Protect|Adamant||M|||50|]Delphox||Delphoxite|Blaze|Protect,NastyPlot,HeatWave,Psyshock|Timid||M|||50|]Floette-Eternal||Floettite|FlowerVeil|Moonblast,CalmMind,Protect,DazzlingGleam|Bold||F|||50|
|inactive|Battle timer is ON: inactive players will automatically lose when time's up. (requested by homerj71)
|
|t:|1783882821
|teamsize|p1|4
|teamsize|p2|4
|start
|switch|p1a: Mimikyu|Mimikyu, L50, M, shiny|100/100
|switch|p1b: Aegislash|Aegislash, L50, M|100/100
|switch|p2a: Kingambit|Kingambit, L50, M|100/100
|switch|p2b: Incineroar|Incineroar, L50, F|100/100
|-ability|p2b: Incineroar|Intimidate|boost
|-unboost|p1a: Mimikyu|atk|1
|-unboost|p1b: Aegislash|atk|1
|turn|1
|
|t:|1783882836
|move|p1b: Aegislash|King's Shield|p1b: Aegislash
|-singleturn|p1b: Aegislash|Protect
|move|p2b: Incineroar|Flare Blitz|p1b: Aegislash
|-activate|p1b: Aegislash|move: Protect
|-unboost|p2b: Incineroar|atk|1
|move|p2a: Kingambit|Swords Dance|p2a: Kingambit
|-boost|p2a: Kingambit|atk|2
|move|p1a: Mimikyu|Trick Room|p1a: Mimikyu
|-fieldstart|move: Trick Room|[of] p1a: Mimikyu
|
|upkeep
|turn|2
|
|t:|1783882851
|move|p2a: Kingambit|Protect|p2a: Kingambit
|-singleturn|p2a: Kingambit|Protect
|-formechange|p1b: Aegislash|Aegislash-Blade|
|move|p1b: Aegislash|Sacred Sword|p2a: Kingambit
|-activate|p2a: Kingambit|move: Protect
|move|p2b: Incineroar|Flare Blitz|p1b: Aegislash
|-supereffective|p1b: Aegislash|1
|-damage|p1b: Aegislash|0 fnt
|faint|p1b: Aegislash
|-damage|p2b: Incineroar|72/100|[from] Recoil
|move|p1a: Mimikyu|Play Rough|p2b: Incineroar
|-damage|p2b: Incineroar|46/100
|-enditem|p2b: Incineroar|Sitrus Berry|[eat]
|-heal|p2b: Incineroar|70/100|[from] item: Sitrus Berry
|
|upkeep
|
|t:|1783882869
|switch|p1b: Malamar|Malamar, L50, F|100/100
|turn|3
|
|t:|1783882890
|detailschange|p1b: Malamar|Malamar-Mega, L50, F
|-mega|p1b: Malamar|Malamar|Malamarite
|move|p2a: Kingambit|Sucker Punch|p1b: Malamar
|-damage|p1b: Malamar|8/100
|move|p1b: Malamar|Superpower|p2a: Kingambit
|-supereffective|p2a: Kingambit|2
|-damage|p2a: Kingambit|0 fnt
|-boost|p1b: Malamar|atk|1
|-boost|p1b: Malamar|def|1
|faint|p2a: Kingambit
|move|p2b: Incineroar|Throat Chop|p1b: Malamar
|-damage|p1b: Malamar|0 fnt
|faint|p1b: Malamar
|move|p1a: Mimikyu|Play Rough|p2b: Incineroar
|-damage|p2b: Incineroar|46/100
|
|upkeep
|
|t:|1783882906
|switch|p2a: Sinistcha|Sinistcha, L50|100/100
|switch|p1b: Torkoal|Torkoal, L50, M|100/100
|-weather|SunnyDay|[from] ability: Drought|[of] p1b: Torkoal
|-heal|p2b: Incineroar|71/100|[from] ability: Hospitality|[of] p2a: Sinistcha
|turn|4
|
|t:|1783882917
|move|p2a: Sinistcha|Protect|p2a: Sinistcha
|-singleturn|p2a: Sinistcha|Protect
|move|p1b: Torkoal|Eruption|p2b: Incineroar|[spread] p2b
|-activate|p2a: Sinistcha|move: Protect
|-resisted|p2b: Incineroar|1
|-damage|p2b: Incineroar|33/100
|-damage|p1b: Torkoal|90/100|[from] item: Life Orb
|move|p2b: Incineroar|Flare Blitz|p1b: Torkoal
|-resisted|p1b: Torkoal|1
|-damage|p1b: Torkoal|71/100
|-damage|p2b: Incineroar|27/100|[from] Recoil
|move|p1a: Mimikyu|Shadow Claw|p2a: Sinistcha
|-activate|p2a: Sinistcha|move: Protect
|
|-weather|SunnyDay|[upkeep]
|upkeep
|turn|5
|-message|wade connects forfeited.
|raw|wade connects's rating: 1126 → 1108(-18 for losing)
|raw|homerj71's rating: 1231 → 1249(+18 for winning)
|
|win|homerj71
