|j|☆EmekaD
|j|☆taki1223
|html|EmekaDtaki1223    
|uhtml|bestof|Game 2 of a best-of-3
|t:|1782437515
|gametype|doubles
|player|p1|EmekaD|alain|
|player|p2|taki1223|#wcapiargentina|
|gen|9
|tier|[Gen 9 Champions] VGC 2026 Reg M-B (Bo3)
|rule|Species Clause: Limit one of each Pokémon
|rule|Item Clause: Limit 1 of each item
|clearpoke
|poke|p1|Lycanroc-Dusk, L50, F|
|poke|p1|Sneasler, L50, M|
|poke|p1|Scovillain, L50, M|
|poke|p1|Basculegion, L50, M|
|poke|p1|Froslass, L50, F|
|poke|p1|Kingambit, L50, M|
|poke|p2|Meganium, L50, F|
|poke|p2|Pelipper, L50, F|
|poke|p2|Araquanid, L50, M|
|poke|p2|Scizor, L50, F|
|poke|p2|Quaquaval, L50, M|
|poke|p2|Kingambit, L50, M|
|teampreview|4
|showteam|p1|Lycanroc-Dusk||FocusSash|ToughClaws|RockSlide,CloseCombat,Accelerock,Protect|Adamant||F|||50|]Sneasler||WhiteHerb|Unburden|CloseCombat,GunkShot,FakeOut,Protect|Jolly||M|||50|]Scovillain||Scovillainite|Moody|Overheat,GigaDrain,RagePowder,Protect|Bold||M|||50|]Basculegion||SitrusBerry|Adaptability|WaveCrash,LastRespects,AquaJet,Protect|Adamant||M|||50|]Froslass||Froslassite|SnowCloak|Blizzard,ShadowBall,AuroraVeil,Protect|Modest||F|||50|]Kingambit||BlackGlasses|Defiant|KowtowCleave,SuckerPunch,SwordsDance,Protect|Adamant||M|||50|
|showteam|p2|Meganium||Meganiumite|Overgrow|SolarBeam,Synthesis,DazzlingGleam,WeatherBall|Timid||F|||50|]Pelipper||FocusSash|Drizzle|Hurricane,WeatherBall,Tailwind,HelpingHand|Modest||F|||50|]Araquanid||MysticWater|WaterBubble|Liquidation,LeechLife,PoisonJab,MirrorCoat|Adamant||M|||50|]Scizor||Scizorite|Technician|BulletPunch,Protect,Roost,Curse|Impish||F|||50|]Quaquaval||ChoiceScarf|Moxie|Liquidation,KnockOff,Uturn,CloseCombat|Jolly||M|||50|]Kingambit||BlackGlasses|SupremeOverlord|SuckerPunch,KowtowCleave,IronHead,Protect|Adamant||M|||50|
|
|t:|1782437531
|teamsize|p1|4
|teamsize|p2|4
|start
|switch|p1a: Sneasler|Sneasler, L50, M|100/100
|switch|p1b: Scovillain|Scovillain, L50, M|100/100
|switch|p2a: Scizor|Scizor, L50, F|100/100
|switch|p2b: Quaquaval|Quaquaval, L50, M|100/100
|turn|1
|
|t:|1782437546
|switch|p2a: Pelipper|Pelipper, L50, F|100/100
|-weather|RainDance|[from] ability: Drizzle|[of] p2a: Pelipper
|detailschange|p1b: Scovillain|Scovillain-Mega, L50, M
|-mega|p1b: Scovillain|Scovillain|Scovillainite
|move|p1a: Sneasler|Fake Out|p2b: Quaquaval
|-damage|p2b: Quaquaval|83/100
|cant|p2b: Quaquaval|flinch
|move|p1b: Scovillain|Giga Drain|p2b: Quaquaval
|-supereffective|p2b: Quaquaval|1
|-damage|p2b: Quaquaval|0 fnt
|faint|p2b: Quaquaval
|
|-weather|RainDance|[upkeep]
|upkeep
|
|t:|1782437552
|switch|p2b: Araquanid|Araquanid, L50, M|100/100
|turn|2
|
|t:|1782437573
|switch|p1a: Lycanroc|Lycanroc-Dusk, L50, F|100/100
|move|p1b: Scovillain|Protect|p1b: Scovillain
|-singleturn|p1b: Scovillain|Protect
|move|p2a: Pelipper|Hurricane|p1a: Lycanroc
|-resisted|p1a: Lycanroc|1
|-damage|p1a: Lycanroc|57/100
|move|p2b: Araquanid|Liquidation|p1b: Scovillain
|-activate|p1b: Scovillain|move: Protect
|
|-weather|RainDance|[upkeep]
|upkeep
|turn|3
|
|t:|1782437623
|switch|p2a: Scizor|Scizor, L50, F|100/100
|move|p1a: Lycanroc|Rock Slide|p2b: Araquanid|[spread] p2a,p2b
|-supereffective|p2b: Araquanid|1
|-damage|p2a: Scizor|79/100
|-damage|p2b: Araquanid|38/100
|move|p1b: Scovillain|Giga Drain|p2a: Scizor
|-resisted|p2a: Scizor|2
|-damage|p2a: Scizor|69/100
|move|p2b: Araquanid|Liquidation|p1b: Scovillain
|-damage|p1b: Scovillain|0 fnt
|faint|p1b: Scovillain
|
|-weather|RainDance|[upkeep]
|upkeep
|
|t:|1782437642
|switch|p1b: Sneasler|Sneasler, L50, M|100/100
|turn|4
|
|t:|1782437665
|detailschange|p2a: Scizor|Scizor-Mega, L50, F
|-mega|p2a: Scizor|Scizor|Scizorite
|move|p2a: Scizor|Protect|p2a: Scizor
|-singleturn|p2a: Scizor|Protect
|move|p1b: Sneasler|Fake Out|p2a: Scizor
|-activate|p2a: Scizor|move: Protect
|move|p1a: Lycanroc|Rock Slide|p2a: Scizor|[spread] p2b
|-activate|p2a: Scizor|move: Protect
|-supereffective|p2b: Araquanid|1
|-damage|p2b: Araquanid|0 fnt
|faint|p2b: Araquanid
|
|-weather|RainDance|[upkeep]
|upkeep
|
|t:|1782437669
|switch|p2b: Pelipper|Pelipper, L50, F|100/100
|turn|5
|
|t:|1782437681
|move|p2a: Scizor|Bullet Punch|p1a: Lycanroc
|-supereffective|p1a: Lycanroc|1
|-damage|p1a: Lycanroc|0 fnt
|faint|p1a: Lycanroc
|move|p1b: Sneasler|Close Combat|p2b: Pelipper
|-resisted|p2b: Pelipper|1
|-damage|p2b: Pelipper|71/100
|-unboost|p1b: Sneasler|def|1
|-unboost|p1b: Sneasler|spd|1
|-enditem|p1b: Sneasler|White Herb
|-clearnegativeboost|p1b: Sneasler|[silent]
|move|p2b: Pelipper|Hurricane|p1b: Sneasler
|-supereffective|p1b: Sneasler|1
|-damage|p1b: Sneasler|0 fnt
|faint|p1b: Sneasler
|
|-weather|none
|upkeep
|
|t:|1782437684
|switch|p1b: Basculegion|Basculegion, L50, M|100/100
|turn|6
|
|t:|1782437706
|move|p2a: Scizor|Bullet Punch|p1b: Basculegion
|-resisted|p1b: Basculegion|1
|-damage|p1b: Basculegion|85/100
|move|p1b: Basculegion|Wave Crash|p2a: Scizor
|-damage|p2a: Scizor|26/100
|-damage|p1b: Basculegion|73/100|[from] Recoil
|move|p2b: Pelipper|Hurricane|p1b: Basculegion
|-damage|p1b: Basculegion|21/100
|-enditem|p1b: Basculegion|Sitrus Berry|[eat]
|-heal|p1b: Basculegion|46/100|[from] item: Sitrus Berry
|
|upkeep
|turn|7
|
|t:|1782437722
|move|p2a: Scizor|Bullet Punch|p1b: Basculegion
|-resisted|p1b: Basculegion|1
|-damage|p1b: Basculegion|31/100
|move|p1b: Basculegion|Last Respects|p2b: Pelipper
|-damage|p2b: Pelipper|0 fnt
|faint|p2b: Pelipper
|
|upkeep
|turn|8
|c|☆taki1223|gg
|
|t:|1782437733
|move|p2a: Scizor|Bullet Punch|p1b: Basculegion
|-resisted|p1b: Basculegion|1
|-damage|p1b: Basculegion|15/100
|move|p1b: Basculegion|Last Respects|p2a: Scizor
|-damage|p2a: Scizor|0 fnt
|faint|p2a: Scizor
|
|win|EmekaD
|c|☆EmekaD|gg
|l|☆taki1223
|player|p2|
