|j|☆Casfu
|j|☆Tyrunt Jumpman
|html|CasfuTyrunt Jumpman    
|uhtml|bestof|Game 3 of a best-of-3
|t:|1785431534
|gametype|doubles
|player|p1|Casfu|gardenia|1206
|player|p2|Tyrunt Jumpman|hiker-gen4|1277
|gen|9
|tier|[Gen 9 Champions] VGC 2026 Reg M-B (Bo3)
|rated|
|rule|Species Clause: Limit one of each Pokémon
|rule|Item Clause: Limit 1 of each item
|clearpoke
|poke|p1|Eelektross, L50, F|
|poke|p1|Whimsicott, L50, F|
|poke|p1|Garchomp, L50, F|
|poke|p1|Incineroar, L50, M|
|poke|p1|Kingambit, L50, M|
|poke|p1|Basculegion, L50, M|
|poke|p2|Tyranitar, L50, F|
|poke|p2|Excadrill, L50, M|
|poke|p2|Milotic, L50, F|
|poke|p2|Sinistcha, L50|
|poke|p2|Staraptor, L50, F|
|poke|p2|Gholdengo, L50|
|teampreview|4
|showteam|p1|Eelektross||Eelektrossite|Levitate|Thunderbolt,Flamethrower,GigaDrain,Protect|Modest||F|||50|]Whimsicott||FocusSash|Prankster|Moonblast,Tailwind,Encore,SunnyDay|Modest||F|||50|]Garchomp||LifeOrb|RoughSkin|Protect,RockSlide,Earthquake,DragonClaw|Adamant||F|||50|]Incineroar||SitrusBerry|Intimidate|FakeOut,FlareBlitz,PartingShot,DarkestLariat|Adamant||M|||50|]Kingambit||BlackGlasses|Defiant|IronHead,SuckerPunch,KowtowCleave,Protect|Adamant||M|||50|]Basculegion||MysticWater|Adaptability|Liquidation,AquaJet,LastRespects,FlipTurn|Serious||M|||50|
|showteam|p2|Tyranitar||Tyranitarite|SandStream|KnockOff,RockSlide,HighHorsepower,Protect|Jolly||F|||50|]Excadrill||FocusSash|SandRush|Earthquake,IronHead,RockSlide,Protect|Adamant||M|||50|]Milotic||SitrusBerry|Competitive|Scald,IceBeam,IcyWind,Protect|Calm||F|||50|]Sinistcha||ColburBerry|Hospitality|MatchaGotcha,ShadowBall,Protect,RagePowder|Bold|||||50|]Staraptor||Staraptite|Intimidate|CloseCombat,BraveBird,Tailwind,Protect|Jolly||F|||50|]Gholdengo||LifeOrb|GoodasGold|MakeItRain,ShadowBall,NastyPlot,Protect|Modest|||||50|
|inactive|Battle timer is ON: inactive players will automatically lose when time's up. (requested by Casfu)
|inactive|Tyrunt Jumpman has 60 seconds left.
|
|t:|1785431619
|teamsize|p1|4
|teamsize|p2|4
|start
|switch|p1a: Whimsicott|Whimsicott, L50, F|100/100
|switch|p1b: Eelektross|Eelektross, L50, F|100/100
|switch|p2a: Tyranitar|Tyranitar, L50, F|100/100
|switch|p2b: Gholdengo|Gholdengo, L50|100/100
|-weather|Sandstorm|[from] ability: Sand Stream|[of] p2a: Tyranitar
|turn|1
|inactive|Casfu has 30 seconds left.
|inactive|Tyrunt Jumpman has 30 seconds left.
|inactive|Tyrunt Jumpman has 20 seconds left.
|
|t:|1785431656
|detailschange|p1b: Eelektross|Eelektross-Mega, L50, F
|-mega|p1b: Eelektross|Eelektross|Eelektrossite
|move|p2b: Gholdengo|Protect|p2b: Gholdengo
|-singleturn|p2b: Gholdengo|Protect
|move|p1a: Whimsicott|Tailwind|p1a: Whimsicott
|-sidestart|p1: Casfu|move: Tailwind
|move|p1b: Eelektross|Flamethrower|p2b: Gholdengo
|-activate|p2b: Gholdengo|move: Protect
|move|p2a: Tyranitar|Knock Off|p1b: Eelektross
|-damage|p1b: Eelektross|59/100
|
|-weather|Sandstorm|[upkeep]
|-damage|p1a: Whimsicott|94/100|[from] Sandstorm
|-damage|p1b: Eelektross|53/100|[from] Sandstorm
|upkeep
|turn|2
|inactive|Casfu has 30 seconds left.
|inactive|Tyrunt Jumpman has 30 seconds left.
|inactive|Tyrunt Jumpman has 20 seconds left.
|inactive|Tyrunt Jumpman has 15 seconds left.
|inactive|Tyrunt Jumpman has 10 seconds left.
|inactive|Tyrunt Jumpman has 5 seconds left.
|
|t:|1785431707
|switch|p1b: Incineroar|Incineroar, L50, M|100/100
|-ability|p1b: Incineroar|Intimidate|boost
|-unboost|p2a: Tyranitar|atk|1
|-unboost|p2b: Gholdengo|atk|1
|detailschange|p2a: Tyranitar|Tyranitar-Mega, L50, F
|-mega|p2a: Tyranitar|Tyranitar|Tyranitarite
|move|p1a: Whimsicott|Moonblast|p2a: Tyranitar
|-supereffective|p2a: Tyranitar|1
|-damage|p2a: Tyranitar|62/100
|move|p2a: Tyranitar|Rock Slide|p1a: Whimsicott|[spread] p1a,p1b
|-supereffective|p1b: Incineroar|1
|-damage|p1a: Whimsicott|68/100
|-damage|p1b: Incineroar|63/100
|move|p2b: Gholdengo|Shadow Ball|p1a: Whimsicott
|-damage|p1a: Whimsicott|10/100
|-damage|p2b: Gholdengo|90/100|[from] item: Life Orb
|
|-weather|Sandstorm|[upkeep]
|-damage|p1a: Whimsicott|5/100|[from] Sandstorm
|-damage|p1b: Incineroar|57/100|[from] Sandstorm
|upkeep
|turn|3
|inactive|Casfu has 30 seconds left.
|inactive|Casfu has 20 seconds left.
|inactive|Casfu has 15 seconds left.
|inactive|Casfu has 10 seconds left.
|inactive|Casfu has 5 seconds left.
|
|t:|1785431759
|switch|p2b: Milotic|Milotic, L50, F|100/100
|move|p2a: Tyranitar|Protect|p2a: Tyranitar
|-singleturn|p2a: Tyranitar|Protect
|move|p1a: Whimsicott|Sunny Day|p1a: Whimsicott
|-weather|SunnyDay
|move|p1b: Incineroar|Parting Shot|p2a: Tyranitar
|-activate|p2a: Tyranitar|move: Protect
|
|-weather|SunnyDay|[upkeep]
|upkeep
|turn|4
|inactive|Tyrunt Jumpman has 30 seconds left.
|inactive|Casfu has 30 seconds left.
|inactive|Tyrunt Jumpman has 20 seconds left.
|inactive|Tyrunt Jumpman has 15 seconds left.
|inactive|Tyrunt Jumpman has 10 seconds left.
|inactive|Tyrunt Jumpman has 5 seconds left.
|
|t:|1785431810
|switch|p1b: Garchomp|Garchomp, L50, F|100/100
|switch|p2a: Staraptor|Staraptor, L50, F|100/100
|-ability|p2a: Staraptor|Intimidate|boost
|-unboost|p1a: Whimsicott|atk|1
|-unboost|p1b: Garchomp|atk|1
|move|p1a: Whimsicott|Moonblast|p2a: Staraptor
|-damage|p2a: Staraptor|57/100
|move|p2b: Milotic|Icy Wind|p1b: Garchomp|[spread] p1a
|-miss|p2b: Milotic|p1b: Garchomp
|-supereffective|p1a: Whimsicott|1
|-damage|p1a: Whimsicott|0 fnt
|faint|p1a: Whimsicott
|
|-weather|SunnyDay|[upkeep]
|-sideend|p1: Casfu|move: Tailwind
|upkeep
|
|t:|1785431826
|switch|p1a: Incineroar|Incineroar, L50, M|57/100
|-ability|p1a: Incineroar|Intimidate|boost
|-unboost|p2a: Staraptor|atk|1
|-unboost|p2b: Milotic|atk|1
|-ability|p2b: Milotic|Competitive|boost
|-boost|p2b: Milotic|spa|2
|turn|5
|inactive|Tyrunt Jumpman has 30 seconds left.
|inactive|Tyrunt Jumpman has 20 seconds left.
|inactive|Tyrunt Jumpman has 15 seconds left.
|
|t:|1785431870
|move|p2a: Staraptor|Protect|p2a: Staraptor
|-singleturn|p2a: Staraptor|Protect
|move|p2b: Milotic|Protect|p2b: Milotic
|-singleturn|p2b: Milotic|Protect
|move|p1a: Incineroar|Fake Out|p2b: Milotic
|-activate|p2b: Milotic|move: Protect
|move|p1b: Garchomp|Rock Slide|p2a: Staraptor|[spread] 
|-activate|p2a: Staraptor|move: Protect
|-activate|p2b: Milotic|move: Protect
|
|-weather|SunnyDay|[upkeep]
|upkeep
|turn|6
|inactive|Casfu has 30 seconds left.
|j| tedidn
|
|t:|1785431896
|move|p2a: Staraptor|Tailwind|p2a: Staraptor
|-sidestart|p2: Tyrunt Jumpman|move: Tailwind
|move|p2b: Milotic|Ice Beam|p1b: Garchomp
|-supereffective|p1b: Garchomp|2
|-damage|p1b: Garchomp|0 fnt
|faint|p1b: Garchomp
|move|p1a: Incineroar|Darkest Lariat|p2b: Milotic
|-damage|p2b: Milotic|65/100
|
|-weather|SunnyDay|[upkeep]
|upkeep
|
|t:|1785431906
|switch|p1b: Eelektross|Eelektross-Mega, L50, F|53/100
|turn|7
|-message|Casfu forfeited.
|raw|Casfu's rating: 1206 → 1186(-20 for losing)
|raw|Tyrunt Jumpman's rating: 1277 → 1297(+20 for winning)
|
|win|Tyrunt Jumpman
