|j|☆edhen
|j|☆TeyOnTheRox
|html|edhenTeyOnTheRox    
|uhtml|bestof|Game 1 of a best-of-3
|t:|1757831064
|gametype|doubles
|player|p1|edhen|clair|1226
|player|p2|TeyOnTheRox|benga|1262
|gen|9
|tier|[Gen 9] VGC 2025 Reg H (Bo3)
|rated|
|rule|Species Clause: Limit one of each Pokémon
|rule|Item Clause: Limit 1 of each item
|clearpoke
|poke|p1|Politoed, L50, M|
|poke|p1|Archaludon, L50, M|
|poke|p1|Comfey, L50, F|
|poke|p1|Rillaboom, L50, M|
|poke|p1|Basculegion, L50, M|
|poke|p1|Talonflame, L50, M|
|poke|p2|Tyranitar, L50, F|
|poke|p2|Excadrill, L50, M|
|poke|p2|Sneasler, L50, F|
|poke|p2|Indeedee, L50, M|
|poke|p2|Corviknight, L50, M|
|poke|p2|Annihilape, L50, M|
|teampreview|4
|showteam|p1|Politoed||Leftovers|Drizzle|Protect,MuddyWater,Haze,Hypnosis|||M|||50|,,,,,Grass]Archaludon||AssaultVest|Stamina|ElectroShot,BodyPress,FlashCannon,DracoMeteor|||M|||50|,,,,,Grass]Comfey||WikiBerry|Triage|Protect,FloralHealing,DrainingKiss,Taunt|||F|||50|,,,,,Steel]Rillaboom||LoadedDice|GrassySurge|BulletSeed,GrassyGlide,FakeOut,HighHorsepower|||M|||50|,,,,,Fire]Basculegion||ChoiceBand|SwiftSwim|LastRespects,WaveCrash,AquaJet,FlipTurn|||M|||50|,,,,,Water]Talonflame||CovertCloak|GaleWings|Tailwind,WillOWisp,DualWingbeat,FlareBlitz|||M|||50|,,,,,Ghost
|showteam|p2|Tyranitar||AssaultVest|SandStream|RockSlide,KnockOff,TeraBlast,LowKick|||F|||50|,,,,,Flying]Excadrill||FocusSash|SandRush|IronHead,HighHorsepower,Earthquake,Protect|||M|||50|,,,,,Stellar]Sneasler||PsychicSeed|Unburden|DireClaw,CloseCombat,ThroatChop,Protect|||F|||50|,,,,,Dark]Indeedee||ChoiceScarf|PsychicSurge|ExpandingForce,TeraBlast,Protect,Trick|||M|||50|,,,,,Psychic]Corviknight||Leftovers|MirrorArmor|BraveBird,BulkUp,Roost,Tailwind|||M|||50|,,,,,Dragon]Annihilape||SafetyGoggles|Defiant|CloseCombat,FinalGambit,RageFist,Taunt|||M|||50|,,,,,Water
|
|t:|1757831097
|teamsize|p1|4
|teamsize|p2|4
|start
|switch|p1a: Archaludon|Archaludon, L50, M|100/100
|switch|p1b: Basculegion|Basculegion, L50, M|100/100
|switch|p2a: Cars II|Corviknight, L50, M|100/100
|switch|p2b: Cachiiga|Annihilape, L50, M|100/100
|turn|1
|
|t:|1757831127
|switch|p1a: Politoed|Politoed, L50, M|100/100
|-weather|RainDance|[from] ability: Drizzle|[of] p1a: Politoed
|-terastallize|p2a: Cars II|Dragon
|move|p1b: Basculegion|Wave Crash|p2b: Cachiiga
|-damage|p2b: Cachiiga|0 fnt
|faint|p2b: Cachiiga
|-damage|p1b: Basculegion|65/100|[from] Recoil
|move|p2a: Cars II|Tailwind|p2a: Cars II
|-sidestart|p2: TeyOnTheRox|move: Tailwind
|
|-weather|RainDance|[upkeep]
|upkeep
|
|t:|1757831143
|switch|p2b: Cars I|Indeedee, L50, M, shiny|100/100
|-fieldstart|move: Psychic Terrain|[from] ability: Psychic Surge|[of] p2b: Cars I
|turn|2
|
|t:|1757831175
|switch|p1b: Comfey|Comfey, L50, F|100/100
|move|p2b: Cars I|Expanding Force|p1b: Comfey|[spread] p1a,p1b
|-damage|p1a: Politoed|51/100
|-damage|p1b: Comfey|45/100
|move|p2a: Cars II|Bulk Up|p2a: Cars II
|-boost|p2a: Cars II|atk|1
|-boost|p2a: Cars II|def|1
|move|p1a: Politoed|Muddy Water|p2a: Cars II|[spread] p2a,p2b
|-resisted|p2a: Cars II
|-crit|p2b: Cars I
|-damage|p2a: Cars II|86/100
|-damage|p2b: Cars I|36/100
|
|-weather|RainDance|[upkeep]
|-heal|p2a: Cars II|92/100|[from] item: Leftovers
|-heal|p1a: Politoed|57/100|[from] item: Leftovers
|upkeep
|turn|3
|
|t:|1757831200
|move|p1b: Comfey|Floral Healing|p1a: Politoed
|-heal|p1a: Politoed|100/100
|move|p2b: Cars I|Expanding Force|p1b: Comfey|[spread] p1a,p1b
|-damage|p1a: Politoed|58/100
|-damage|p1b: Comfey|0 fnt
|faint|p1b: Comfey
|move|p2a: Cars II|Brave Bird|p1a: Politoed
|-damage|p1a: Politoed|0 fnt
|faint|p1a: Politoed
|-damage|p2a: Cars II|73/100|[from] Recoil
|
|-weather|RainDance|[upkeep]
|-heal|p2a: Cars II|79/100|[from] item: Leftovers
|upkeep
|
|t:|1757831208
|switch|p1b: Basculegion|Basculegion, L50, M|65/100
|switch|p1a: Archaludon|Archaludon, L50, M|100/100
|turn|4
|
|t:|1757831235
|move|p2b: Cars I|Expanding Force|p1a: Archaludon|[spread] p1a,p1b
|-resisted|p1a: Archaludon
|-damage|p1a: Archaludon|81/100
|-damage|p1b: Basculegion|0 fnt
|-ability|p1a: Archaludon|Stamina|boost
|-boost|p1a: Archaludon|def|1
|faint|p1b: Basculegion
|move|p2a: Cars II|Brave Bird|p1a: Archaludon
|-resisted|p1a: Archaludon
|-damage|p1a: Archaludon|66/100
|-ability|p1a: Archaludon|Stamina|boost
|-boost|p1a: Archaludon|def|1
|-damage|p2a: Cars II|75/100|[from] Recoil
|move|p1a: Archaludon|Draco Meteor|p2a: Cars II
|-supereffective|p2a: Cars II
|-damage|p2a: Cars II|0 fnt
|-unboost|p1a: Archaludon|spa|2
|faint|p2a: Cars II
|
|-weather|RainDance|[upkeep]
|-sideend|p2: TeyOnTheRox|move: Tailwind
|upkeep
|
|t:|1757831246
|switch|p2a: Lightnin'|Sneasler, L50, F|100/100
|-enditem|p2a: Lightnin'|Psychic Seed
|-boost|p2a: Lightnin'|spd|1|[from] item: Psychic Seed
|turn|5
|
|t:|1757831263
|move|p2a: Lightnin'|Close Combat|p1a: Archaludon
|-supereffective|p1a: Archaludon
|-damage|p1a: Archaludon|18/100
|-unboost|p2a: Lightnin'|def|1
|-unboost|p2a: Lightnin'|spd|1
|-ability|p1a: Archaludon|Stamina|boost
|-boost|p1a: Archaludon|def|1
|move|p2b: Cars I|Expanding Force|p1a: Archaludon
|-resisted|p1a: Archaludon
|-crit|p1a: Archaludon
|-damage|p1a: Archaludon|0 fnt
|faint|p1a: Archaludon
|
|win|TeyOnTheRox
