|j|☆chknadobovgc
|j|☆TORVEX
|html|chknadobovgcTORVEX    
|uhtml|bestof|Game 1 of a best-of-3
|t:|1757809372
|gametype|doubles
|player|p1|chknadobovgc|cheren-gen5bw2|1200
|player|p2|TORVEX|acetrainer-gen4dp|1160
|gen|9
|tier|[Gen 9] VGC 2025 Reg H (Bo3)
|rated|
|rule|Species Clause: Limit one of each Pokémon
|rule|Item Clause: Limit 1 of each item
|clearpoke
|poke|p1|Dragonite, L50, F|
|poke|p1|Gholdengo, L50|
|poke|p1|Ursaluna-Bloodmoon, L50, M|
|poke|p1|Annihilape, L50, M|
|poke|p1|Maushold-Four, L50|
|poke|p1|Rillaboom, L50, M|
|poke|p2|Incineroar, L50, F|
|poke|p2|Sinistcha, L50|
|poke|p2|Garchomp, L50, M|
|poke|p2|Pelipper, L50, F|
|poke|p2|Palafin, L50, F|
|poke|p2|Archaludon, L50, M|
|teampreview|4
|showteam|p1|Dragonite||LoadedDice|Multiscale|ScaleShot,Tailwind,Haze,Protect|||F|||50|,,,,,Fairy]Gholdengo||LifeOrb|GoodasGold|MakeItRain,ShadowBall,NastyPlot,Protect||||||50|,,,,,Water]Ursaluna-Bloodmoon||AssaultVest|MindsEye|BloodMoon,EarthPower,HyperVoice,VacuumWave|||M|||50|,,,,,Water]Annihilape||SitrusBerry|Defiant|DrainPunch,RageFist,BulkUp,Protect|||M|||50|,,,,,Fire]Maushold-Four||FocusSash|FriendGuard|SuperFang,BeatUp,FollowMe,Protect||||||50|,,,,,Ghost]Rillaboom||MiracleSeed|GrassySurge|WoodHammer,GrassyGlide,HighHorsepower,FakeOut|||M|||50|,,,,,Fire
|showteam|p2|Incineroar||SafetyGoggles|Intimidate|FakeOut,WillOWisp,KnockOff,PartingShot|||F|||50|,,,,,Ghost]Sinistcha||BigRoot|Hospitality|Protect,RagePowder,MatchaGotcha,Hex||||||50|,,,,,Fire]Garchomp||LifeOrb|RoughSkin|Protect,DragonClaw,Earthquake,StompingTantrum|||M|||50|,,,,,Steel]Pelipper||FocusSash|Drizzle|Protect,Tailwind,WeatherBall,Hurricane|||F|||50|,,,,,Ghost]Palafin||MysticWater|ZerotoHero|Protect,WaveCrash,JetPunch,CloseCombat|||F|||50|,,,,,Water]Archaludon||AssaultVest|Stamina|DragonPulse,FlashCannon,ElectroShot,BodyPress|||M|||50|,,,,,Grass
|inactive|Battle timer is ON: inactive players will automatically lose when time's up. (requested by TORVEX)
|inactive|TORVEX has 60 seconds left.
|
|t:|1757809421
|teamsize|p1|4
|teamsize|p2|4
|start
|switch|p1a: Rillaboom|Rillaboom, L50, M|100/100
|switch|p1b: Gholdengo|Gholdengo, L50|100/100
|switch|p2a: Sinistcha|Sinistcha, L50|100/100
|switch|p2b: Pelipper|Pelipper, L50, F|100/100
|-fieldstart|move: Grassy Terrain|[from] ability: Grassy Surge|[of] p1a: Rillaboom
|-weather|RainDance|[from] ability: Drizzle|[of] p2b: Pelipper
|turn|1
|inactive|chknadobovgc has 30 seconds left.
|inactive|TORVEX has 30 seconds left.
|inactive|chknadobovgc has 20 seconds left.
|inactive|chknadobovgc has 15 seconds left.
|inactive|chknadobovgc has 10 seconds left.
|
|t:|1757809468
|switch|p1a: Annihilape|Annihilape, L50, M, shiny|100/100
|switch|p2b: Garchomp|Garchomp, L50, M, shiny|100/100
|move|p1b: Gholdengo|Shadow Ball|p2b: Garchomp
|-damage|p2b: Garchomp|48/100
|-unboost|p2b: Garchomp|spd|1
|-damage|p1b: Gholdengo|91/100|[from] item: Life Orb
|move|p2a: Sinistcha|Hex|p1b: Gholdengo
|-supereffective|p1b: Gholdengo
|-damage|p1b: Gholdengo|19/100
|
|-weather|RainDance|[upkeep]
|-heal|p2b: Garchomp|54/100|[from] Grassy Terrain
|-heal|p1b: Gholdengo|25/100|[from] Grassy Terrain
|upkeep
|turn|2
|inactive|chknadobovgc has 30 seconds left.
|
|t:|1757809502
|move|p2b: Garchomp|Protect|p2b: Garchomp
|-singleturn|p2b: Garchomp|Protect
|move|p1b: Gholdengo|Protect|p1b: Gholdengo
|-singleturn|p1b: Gholdengo|Protect
|move|p1a: Annihilape|Bulk Up|p1a: Annihilape
|-boost|p1a: Annihilape|atk|1
|-boost|p1a: Annihilape|def|1
|move|p2a: Sinistcha|Hex|p1a: Annihilape
|-supereffective|p1a: Annihilape
|-damage|p1a: Annihilape|36/100
|-enditem|p1a: Annihilape|Sitrus Berry|[eat]
|-heal|p1a: Annihilape|61/100|[from] item: Sitrus Berry
|
|-weather|RainDance|[upkeep]
|-heal|p2b: Garchomp|60/100|[from] Grassy Terrain
|-heal|p1a: Annihilape|67/100|[from] Grassy Terrain
|-heal|p1b: Gholdengo|31/100|[from] Grassy Terrain
|upkeep
|turn|3
|
|t:|1757809521
|switch|p1b: Maushold|Maushold-Four, L50|100/100
|move|p1a: Annihilape|Rage Fist|p2b: Garchomp
|-damage|p2b: Garchomp|0 fnt
|-damage|p1a: Annihilape|55/100|[from] ability: Rough Skin|[of] p2b: Garchomp
|faint|p2b: Garchomp
|move|p2a: Sinistcha|Matcha Gotcha|p1b: Maushold|[spread] p1a,p1b
|-damage|p1a: Annihilape|25/100
|-damage|p1b: Maushold|48/100
|-status|p1b: Maushold|brn
|
|-weather|RainDance|[upkeep]
|-heal|p1b: Maushold|54/100 brn|[from] Grassy Terrain
|-heal|p1a: Annihilape|31/100|[from] Grassy Terrain
|-damage|p1b: Maushold|48/100 brn|[from] brn
|upkeep
|
|t:|1757809535
|switch|p2b: Pelipper|Pelipper, L50, F|100/100
|turn|4
|
|t:|1757809551
|-terastallize|p2b: Pelipper|Ghost
|move|p2a: Sinistcha|Protect|p2a: Sinistcha
|-singleturn|p2a: Sinistcha|Protect
|move|p1b: Maushold|Follow Me|p1b: Maushold
|-singleturn|p1b: Maushold|move: Follow Me
|move|p1a: Annihilape|Rage Fist|p2b: Pelipper
|-supereffective|p2b: Pelipper
|-enditem|p2b: Pelipper|Focus Sash
|-damage|p2b: Pelipper|1/100
|move|p2b: Pelipper|Tailwind|p2b: Pelipper
|-sidestart|p2: TORVEX|move: Tailwind
|
|-weather|RainDance|[upkeep]
|-heal|p2b: Pelipper|7/100|[from] Grassy Terrain
|-heal|p1b: Maushold|54/100 brn|[from] Grassy Terrain
|-heal|p1a: Annihilape|37/100|[from] Grassy Terrain
|-damage|p1b: Maushold|48/100 brn|[from] brn
|upkeep
|turn|5
|inactive|chknadobovgc has 30 seconds left.
|inactive|chknadobovgc has 20 seconds left.
|inactive|chknadobovgc has 15 seconds left.
|inactive|chknadobovgc has 10 seconds left.
|inactive|chknadobovgc has 5 seconds left.
|
|t:|1757809603
|switch|p1b: Gholdengo|Gholdengo, L50|31/100
|move|p1a: Annihilape|Protect|p1a: Annihilape
|-singleturn|p1a: Annihilape|Protect
|move|p2b: Pelipper|Weather Ball|p1a: Annihilape
|-activate|p1a: Annihilape|move: Protect
|move|p2a: Sinistcha|Matcha Gotcha|p1a: Annihilape|[spread] 
|-activate|p1a: Annihilape|move: Protect
|-miss|p2a: Sinistcha|p1b: Gholdengo
|
|-weather|none
|-heal|p2b: Pelipper|14/100|[from] Grassy Terrain
|-heal|p1a: Annihilape|43/100|[from] Grassy Terrain
|-heal|p1b: Gholdengo|37/100|[from] Grassy Terrain
|-fieldend|move: Grassy Terrain
|upkeep
|turn|6
|inactive|chknadobovgc has 30 seconds left.
|
|t:|1757809630
|switch|p1b: Maushold|Maushold-Four, L50|48/100 brn
|-terastallize|p1a: Annihilape|Fire
|move|p2b: Pelipper|Hurricane|p1a: Annihilape|[miss]
|-miss|p2b: Pelipper|p1a: Annihilape
|move|p2a: Sinistcha|Hex|p1b: Maushold
|-immune|p1b: Maushold
|move|p1a: Annihilape|Rage Fist|p2a: Sinistcha
|-supereffective|p2a: Sinistcha
|-damage|p2a: Sinistcha|0 fnt
|faint|p2a: Sinistcha
|
|-damage|p1b: Maushold|42/100 brn|[from] brn
|upkeep
|
|t:|1757809635
|switch|p2a: Archaludon|Archaludon, L50, M, shiny|100/100
|turn|7
|
|t:|1757809648
|move|p1b: Maushold|Protect|p1b: Maushold
|-singleturn|p1b: Maushold|Protect
|move|p1a: Annihilape|Protect|p1a: Annihilape
|-singleturn|p1a: Annihilape|Protect
|move|p2a: Archaludon|Dragon Pulse|p1a: Annihilape
|-activate|p1a: Annihilape|move: Protect
|move|p2b: Pelipper|Weather Ball|p2a: Archaludon
|-resisted|p2a: Archaludon
|-damage|p2a: Archaludon|95/100
|-ability|p2a: Archaludon|Stamina|boost
|-boost|p2a: Archaludon|def|1
|
|-damage|p1b: Maushold|36/100 brn|[from] brn
|-sideend|p2: TORVEX|move: Tailwind
|upkeep
|turn|8
|
|t:|1757809673
|move|p1b: Maushold|Beat Up|p1a: Annihilape
|-damage|p1a: Annihilape|43/100
|-damage|p1a: Annihilape|42/100
|-damage|p1a: Annihilape|41/100
|-damage|p1a: Annihilape|41/100
|-hitcount|p1a: Annihilape|4
|move|p1a: Annihilape|Rage Fist|p2a: Archaludon
|-damage|p2a: Archaludon|1/100
|-ability|p2a: Archaludon|Stamina|boost
|-boost|p2a: Archaludon|def|1
|move|p2a: Archaludon|Dragon Pulse|p1a: Annihilape
|-damage|p1a: Annihilape|13/100
|move|p2b: Pelipper|Tailwind|p2b: Pelipper
|-sidestart|p2: TORVEX|move: Tailwind
|
|-damage|p1b: Maushold|30/100 brn|[from] brn
|upkeep
|turn|9
|inactive|chknadobovgc has 30 seconds left.
|
|t:|1757809705
|move|p1b: Maushold|Protect|p1b: Maushold
|-singleturn|p1b: Maushold|Protect
|move|p1a: Annihilape|Protect|p1a: Annihilape
|-singleturn|p1a: Annihilape|Protect
|move|p2a: Archaludon|Dragon Pulse|p1a: Annihilape
|-activate|p1a: Annihilape|move: Protect
|move|p2b: Pelipper|Weather Ball|p1a: Annihilape
|-activate|p1a: Annihilape|move: Protect
|
|-damage|p1b: Maushold|23/100 brn|[from] brn
|upkeep
|turn|10
|-message|TORVEX forfeited.
|
|win|chknadobovgc
|l|☆TORVEX
|player|p2|
||TORVEX is ready for game 2.
||chknadobovgc is ready for game 2.
|uhtml|next|Next: Game 2 of 3
|j|☆TORVEX
|player|p2|TORVEX|acetrainer-gen4dp|
|l|☆TORVEX
|player|p2|
