|j|☆Astonished25
|j|☆pela10
|html|Astonished25pela10    
|uhtml|bestof|Game 2 of a best-of-3
|t:|1785864676
|gametype|doubles
|player|p1|Astonished25|tate|1000
|player|p2|pela10|brycenman|1038
|gen|9
|tier|[Gen 9 Champions] VGC 2026 Reg M-B (Bo3)
|rated|
|rule|Species Clause: Limit one of each Pokémon
|rule|Item Clause: Limit 1 of each item
|clearpoke
|poke|p1|Sinistcha, L50|
|poke|p1|Incineroar, L50, F|
|poke|p1|Floette-Eternal, L50, F|
|poke|p1|Staraptor, L50, F|
|poke|p1|Kingambit, L50, M|
|poke|p1|Maushold, L50|
|poke|p2|Staraptor, L50, F|
|poke|p2|Arcanine-Hisui, L50, M|
|poke|p2|Kingambit, L50, F|
|poke|p2|Sylveon, L50, M|
|poke|p2|Raichu, L50, F|
|poke|p2|Farigiraf, L50, F|
|teampreview|4
|showteam|p1|Sinistcha||ColburBerry|Hospitality|MatchaGotcha,RagePowder,TrickRoom,LifeDew|Relaxed|||||50|]Incineroar||PasshoBerry|Intimidate|ThroatChop,FlareBlitz,PartingShot,FakeOut|Adamant||F|||50|]Floette-Eternal||Floettite|FlowerVeil|Protect,CalmMind,Moonblast,DazzlingGleam|Modest||F|||50|]Staraptor||Staraptite|Intimidate|CloseCombat,DualWingbeat,Roost,Protect|Jolly||F|||50|]Kingambit||LifeOrb|Defiant|SuckerPunch,IronHead,KowtowCleave,Protect|Brave||M|||50|]Maushold||ChopleBerry|FriendGuard|Feint,FollowMe,Protect,BabyDollEyes|Careful|||||50|
|showteam|p2|Staraptor||Staraptite|Intimidate|BraveBird,CloseCombat,Tailwind,Protect|Jolly||F|||50|]Arcanine-Hisui||FocusSash|RockHead|FlareBlitz,HeadSmash,ExtremeSpeed,Protect|Jolly||M|||50|]Kingambit||LifeOrb|Defiant|KowtowCleave,SuckerPunch,SwordsDance,Protect|Adamant||F|||50|]Sylveon||FairyFeather|Pixilate|HyperVoice,HyperBeam,QuickAttack,Detect|Modest||M|||50|]Raichu||RaichuniteY|LightningRod|ZapCannon,FocusBlast,FakeOut,Protect|Timid||F|||50|]Farigiraf||SitrusBerry|ArmorTail|TwinBeam,HelpingHand,Protect,TrickRoom|Calm||F|||50|
|inactive|Battle timer is ON: inactive players will automatically lose when time's up. (requested by Astonished25)
|inactive|pela10 has 60 seconds left.
|
|t:|1785864718
|teamsize|p1|4
|teamsize|p2|4
|start
|switch|p1a: Sinistcha|Sinistcha, L50|100/100
|switch|p1b: Floette|Floette-Eternal, L50, F|100/100
|switch|p2a: Staraptor|Staraptor, L50, F|100/100
|switch|p2b: Sylveon|Sylveon, L50, M|100/100
|-ability|p2a: Staraptor|Intimidate|boost
|-block|p1a: Sinistcha|ability: Flower Veil|[of] p1b: Floette
|-unboost|p1b: Floette|atk|1
|turn|1
|
|t:|1785864741
|switch|p1a: Incineroar|Incineroar, L50, F|100/100
|-ability|p1a: Incineroar|Intimidate|boost
|-unboost|p2a: Staraptor|atk|1
|-unboost|p2b: Sylveon|atk|1
|detailschange|p2a: Staraptor|Staraptor-Mega, L50, F
|-mega|p2a: Staraptor|Staraptor|Staraptite
|detailschange|p1b: Floette|Floette-Mega, L50, F
|-mega|p1b: Floette|Floette|Floettite
|-ability|p1b: Floette|Fairy Aura
|move|p2a: Staraptor|Protect|p2a: Staraptor
|-singleturn|p2a: Staraptor|Protect
|move|p1b: Floette|Dazzling Gleam|p2b: Sylveon|[spread] p2b
|-activate|p2a: Staraptor|move: Protect
|-damage|p2b: Sylveon|63/100
|move|p2b: Sylveon|Hyper Voice|p1b: Floette|[spread] p1a,p1b
|-damage|p1a: Incineroar|40/100
|-damage|p1b: Floette|50/100g
|
|upkeep
|turn|2
|inactive|pela10 has 30 seconds left.
|
|t:|1785864772
|switch|p1a: Sinistcha|Sinistcha, L50|100/100
|-heal|p1b: Floette|75/100|[from] ability: Hospitality|[of] p1a: Sinistcha
|move|p2a: Staraptor|Protect|p2a: Staraptor
|-singleturn|p2a: Staraptor|Protect
|move|p2b: Sylveon|Detect|p2b: Sylveon
|-singleturn|p2b: Sylveon|Protect
|move|p1b: Floette|Dazzling Gleam|p2b: Sylveon|[spread] 
|-activate|p2a: Staraptor|move: Protect
|-activate|p2b: Sylveon|move: Protect
|
|upkeep
|turn|3
|
|t:|1785864790
|switch|p2a: Arcanine|Arcanine-Hisui, L50, M|100/100
|move|p1b: Floette|Calm Mind|p1b: Floette
|-boost|p1b: Floette|spa|1
|-boost|p1b: Floette|spd|1
|move|p2b: Sylveon|Hyper Voice|p1b: Floette|[spread] p1a,p1b
|-damage|p1a: Sinistcha|37/100
|-damage|p1b: Floette|44/100
|move|p1a: Sinistcha|Life Dew|p1a: Sinistcha|[spread] p1a,p1b
|-heal|p1a: Sinistcha|62/100
|-heal|p1b: Floette|69/100
|
|upkeep
|turn|4
|
|t:|1785864811
|switch|p1a: Incineroar|Incineroar, L50, F|40/100
|-ability|p1a: Incineroar|Intimidate|boost
|-unboost|p2a: Arcanine|atk|1
|-unboost|p2b: Sylveon|atk|1
|move|p2a: Arcanine|Head Smash|p1a: Incineroar|[miss]
|-miss|p2a: Arcanine|p1a: Incineroar
|move|p1b: Floette|Dazzling Gleam|p2b: Sylveon|[spread] p2a,p2b
|-resisted|p2a: Arcanine|1
|-damage|p2a: Arcanine|55/100
|-damage|p2b: Sylveon|4/100
|move|p2b: Sylveon|Hyper Voice|p1b: Floette|[spread] p1a,p1b
|-damage|p1a: Incineroar|0 fnt
|-damage|p1b: Floette|37/100
|faint|p1a: Incineroar
|
|upkeep
|
|t:|1785864813
|switch|p1a: Sinistcha|Sinistcha, L50|62/100
|-heal|p1b: Floette|62/100|[from] ability: Hospitality|[of] p1a: Sinistcha
|turn|5
|
|t:|1785864834
|move|p2b: Sylveon|Quick Attack|p1a: Sinistcha
|-crit|p1a: Sinistcha
|-damage|p1a: Sinistcha|42/100
|move|p2a: Arcanine|Flare Blitz|p1a: Sinistcha
|-supereffective|p1a: Sinistcha|1
|-damage|p1a: Sinistcha|0 fnt
|faint|p1a: Sinistcha
|move|p1b: Floette|Dazzling Gleam|p2a: Arcanine|[spread] p2a,p2b
|-resisted|p2a: Arcanine|1
|-damage|p2a: Arcanine|8/100
|-damage|p2b: Sylveon|0 fnt
|faint|p2b: Sylveon
|
|upkeep
|
|t:|1785864843
|switch|p2b: Staraptor|Staraptor-Mega, L50, F|100/100
|switch|p1a: Kingambit|Kingambit, L50, M|100/100
|turn|6
|
|t:|1785864850
|move|p2a: Arcanine|Protect|p2a: Arcanine
|-singleturn|p2a: Arcanine|Protect
|move|p1a: Kingambit|Protect|p1a: Kingambit
|-singleturn|p1a: Kingambit|Protect
|move|p2b: Staraptor|Close Combat|p1a: Kingambit
|-activate|p1a: Kingambit|move: Protect
|move|p1b: Floette|Dazzling Gleam|p2b: Staraptor|[spread] p2b
|-activate|p2a: Arcanine|move: Protect
|-supereffective|p2b: Staraptor|1
|-damage|p2b: Staraptor|0 fnt
|faint|p2b: Staraptor
|
|upkeep
|
|t:|1785864855
|switch|p2b: Kingambit|Kingambit, L50, F|100/100
|turn|7
|
|t:|1785864869
|move|p1b: Floette|Protect|p1b: Floette
|-singleturn|p1b: Floette|Protect
|move|p2a: Arcanine|Flare Blitz|p1a: Kingambit
|-supereffective|p1a: Kingambit|1
|-damage|p1a: Kingambit|42/100
|-status|p1a: Kingambit|brn
|move|p2b: Kingambit|Kowtow Cleave|p1b: Floette
|-activate|p1b: Floette|move: Protect
|move|p1a: Kingambit|Kowtow Cleave|p2a: Arcanine
|-damage|p2a: Arcanine|0 fnt
|faint|p2a: Arcanine
|-damage|p1a: Kingambit|33/100 brn|[from] item: Life Orb
|
|-damage|p1a: Kingambit|27/100 brn|[from] brn
|upkeep
|turn|8
|
|t:|1785864884
|move|p1b: Floette|Moonblast|p2b: Kingambit
|-damage|p2b: Kingambit|0 fnt
|faint|p2b: Kingambit
|
|win|Astonished25
||Astonished25 is ready for game 3.
|l|☆pela10
|player|p2|
||pela10 is ready for game 3.
|uhtml|next|Next: Game 3 of 3
