|j|☆BranchingBee
|j|☆Needels
|html|BranchingBeeNeedels    
|uhtml|bestof|Game 3 of a best-of-3
|t:|1756958530
|gametype|doubles
|player|p1|BranchingBee|102|1099
|player|p2|Needels|eusine|1193
|gen|9
|tier|[Gen 9] VGC 2025 Reg H (Bo3)
|rated|
|rule|Species Clause: Limit one of each Pokémon
|rule|Item Clause: Limit 1 of each item
|clearpoke
|poke|p1|Typhlosion-Hisui, L50, M|
|poke|p1|Murkrow, L50, M|
|poke|p1|Sinistcha, L50|
|poke|p1|Maushold-Four, L50|
|poke|p1|Indeedee, L50, M|
|poke|p1|Gholdengo, L50|
|poke|p2|Ursaluna, L50, M|
|poke|p2|Jumpluff, L50, F|
|poke|p2|Charizard, L50, F|
|poke|p2|Torkoal, L50, F|
|poke|p2|Incineroar, L50, F|
|poke|p2|Porygon2, L50|
|teampreview|4
|showteam|p1|Typhlosion-Hisui||ChoiceScarf|Blaze|Eruption,HeatWave,ShadowBall,Overheat|||M|||50|,,,,,Fire]Murkrow||Eviolite|Prankster|Tailwind,SunnyDay,DarkPulse,Quash|||M|||50|,,,,,Dark]Sinistcha||FocusSash|Hospitality|MatchaGotcha,LifeDew,RagePowder,Protect||||||50|,,,,,Grass]Maushold-Four||WideLens|FriendGuard|HelpingHand,FollowMe,PopulationBomb,Protect||||||50|,,,,,Normal]Indeedee||ChoiceSpecs|PsychicSurge|ExpandingForce,DrainingKiss,Psychic,DazzlingGleam|||M|||50|,,,,,Psychic]Gholdengo||MetalCoat|GoodasGold|ShadowBall,MakeItRain,Protect,NastyPlot||||||50|,,,,,Steel
|showteam|p2|Ursaluna||FlameOrb|Guts|HeadlongRush,Facade,Earthquake,Protect|||M|||50|,,,,,Ghost]Jumpluff||CovertCloak|Chlorophyll|SleepPowder,SunnyDay,Tailwind,RagePowder|||F|||50|,,,,,Fire]Charizard||ChoiceSpecs|SolarPower|DragonPulse,HeatWave,Overheat,WeatherBall|||F|||50|,,,,,Ghost]Torkoal||EjectPack|Drought|HelpingHand,Eruption,Overheat,Protect|||F|||50|,,,,,Fire]Incineroar||SitrusBerry|Intimidate|FakeOut,FlareBlitz,KnockOff,PartingShot|||F|||50|,,,,,Ghost]Porygon2||Eviolite|Download|TeraBlast,IceBeam,Recover,TrickRoom||||||50|,,,,,Fighting
|j| bunii on spotify
|
|t:|1756958558
|teamsize|p1|4
|teamsize|p2|4
|start
|switch|p1a: Typhlosion|Typhlosion-Hisui, L50, M|100/100
|switch|p1b: Maushold|Maushold-Four, L50|100/100
|switch|p2a: Porygon2|Porygon2, L50, shiny|100/100
|switch|p2b: Incineroar|Incineroar, L50, F|100/100
|-ability|p2b: Incineroar|Intimidate|boost
|-unboost|p1a: Typhlosion|atk|1
|-unboost|p1b: Maushold|atk|1
|-ability|p2a: Porygon2|Download|boost
|-boost|p2a: Porygon2|atk|1
|turn|1
|l| bunii on spotify
|inactive|Battle timer is ON: inactive players will automatically lose when time's up. (requested by BranchingBee)
|
|t:|1756958635
|-terastallize|p1a: Typhlosion|Fire
|move|p1b: Maushold|Helping Hand|p1a: Typhlosion
|-singleturn|p1a: Typhlosion|Helping Hand|[of] p1b: Maushold
|move|p1a: Typhlosion|Overheat|p2a: Porygon2
|-damage|p2a: Porygon2|16/100
|-unboost|p1a: Typhlosion|spa|2
|move|p2b: Incineroar|Parting Shot|p1a: Typhlosion
|-unboost|p1a: Typhlosion|atk|1
|-unboost|p1a: Typhlosion|spa|1
|
|t:|1756958646
|switch|p2b: Torkoal|Torkoal, L50, F|100/100|[from] Parting Shot
|-weather|SunnyDay|[from] ability: Drought|[of] p2b: Torkoal
|move|p2a: Porygon2|Trick Room|p2a: Porygon2
|-fieldstart|move: Trick Room|[of] p2a: Porygon2
|
|-weather|SunnyDay|[upkeep]
|upkeep
|turn|2
|inactive|BranchingBee has 30 seconds left.
|inactive|Needels has 30 seconds left.
|
|t:|1756958677
|-terastallize|p2b: Torkoal|Fire
|move|p1b: Maushold|Protect|p1b: Maushold
|-singleturn|p1b: Maushold|Protect
|move|p2b: Torkoal|Eruption|p1b: Maushold|[spread] p1a
|-activate|p1b: Maushold|move: Protect
|-resisted|p1a: Typhlosion
|-damage|p1a: Typhlosion|46/100
|move|p2a: Porygon2|Tera Blast|p1a: Typhlosion
|-damage|p1a: Typhlosion|9/100
|move|p1a: Typhlosion|Overheat|p2a: Porygon2
|-damage|p2a: Porygon2|0 fnt
|-unboost|p1a: Typhlosion|spa|2
|faint|p2a: Porygon2
|
|-weather|SunnyDay|[upkeep]
|upkeep
|
|t:|1756958692
|switch|p2a: Ursaluna|Ursaluna, L50, M|100/100
|turn|3
|
|t:|1756958712
|move|p1b: Maushold|Protect||[still]
|-fail|p1b: Maushold
|move|p2b: Torkoal|Eruption|p1b: Maushold|[spread] p1a,p1b
|-resisted|p1a: Typhlosion
|-damage|p1a: Typhlosion|0 fnt
|-damage|p1b: Maushold|0 fnt
|faint|p1a: Typhlosion
|faint|p1b: Maushold
|move|p2a: Ursaluna|Facade|p1: Typhlosion|[notarget]
|-fail|p2a: Ursaluna
|
|-weather|SunnyDay|[upkeep]
|-status|p2a: Ursaluna|brn|[from] item: Flame Orb
|upkeep
|
|t:|1756958724
|switch|p1a: Indeedee|Indeedee, L50, M|100/100
|switch|p1b: Gholdengo|Gholdengo, L50|100/100
|-fieldstart|move: Psychic Terrain|[from] ability: Psychic Surge|[of] p1a: Indeedee
|turn|4
|inactive|BranchingBee has 30 seconds left.
|
|t:|1756958752
|move|p1b: Gholdengo|Protect|p1b: Gholdengo
|-singleturn|p1b: Gholdengo|Protect
|move|p2b: Torkoal|Eruption|p1a: Indeedee|[spread] p1a
|-activate|p1b: Gholdengo|move: Protect
|-damage|p1a: Indeedee|0 fnt
|faint|p1a: Indeedee
|move|p2a: Ursaluna|Facade|p1b: Gholdengo
|-activate|p1b: Gholdengo|move: Protect
|
|-weather|SunnyDay|[upkeep]
|-damage|p2a: Ursaluna|95/100 brn|[from] brn
|upkeep
|turn|5
|
|t:|1756958767
|move|p1b: Gholdengo|Protect||[still]
|-fail|p1b: Gholdengo
|move|p2b: Torkoal|Eruption|p1b: Gholdengo
|-supereffective|p1b: Gholdengo
|-damage|p1b: Gholdengo|0 fnt
|faint|p1b: Gholdengo
|
|win|Needels
|raw|BranchingBee's rating: 1099 → 1081(-18 for losing)
|raw|Needels's rating: 1193 → 1211(+18 for winning)
