|j|☆2025bolognachamp
|j|☆Basura2U
|html|2025bolognachampBasura2U    
|uhtml|bestof|Game 1 of a best-of-3
|t:|1757758644
|gametype|doubles
|player|p1|2025bolognachamp|169|1052
|player|p2|Basura2U|lucas|1127
|gen|9
|tier|[Gen 9] VGC 2025 Reg H (Bo3)
|rated|
|rule|Species Clause: Limit one of each Pokémon
|rule|Item Clause: Limit 1 of each item
|clearpoke
|poke|p1|Charizard, L50, M|
|poke|p1|Torkoal, L50, M|
|poke|p1|Porygon2, L50|
|poke|p1|Incineroar, L50, F|
|poke|p1|Jumpluff, L50, M|
|poke|p1|Ursaluna, L50, M|
|poke|p2|Talonflame, L50, M|
|poke|p2|Rotom-Wash, L50|
|poke|p2|Toxicroak, L50, M|
|poke|p2|Gholdengo, L50|
|poke|p2|Electabuzz, L50, M|
|poke|p2|Rillaboom, L50, M|
|teampreview|4
|showteam|p1|Charizard||ChoiceSpecs|SolarPower|HeatWave,Overheat,WeatherBall,AirSlash|||M|||50|,,,,,Ghost]Torkoal||EjectPack|Drought|Eruption,Overheat,HelpingHand,Protect|||M|||50|,,,,,Fire]Porygon2||Eviolite|Download|TeraBlast,IceBeam,Recover,TrickRoom||||||50|,,,,,Fighting]Incineroar||SitrusBerry|Intimidate|FlareBlitz,KnockOff,FakeOut,PartingShot|||F|||50|,,,,,Ghost]Jumpluff||CovertCloak|Chlorophyll|SleepPowder,SunnyDay,RagePowder,Tailwind|||M|||50|,,,,,Water]Ursaluna||FlameOrb|Guts|HeadlongRush,Facade,Earthquake,Protect|||M|||50|,,,,,Ghost
|showteam|p2|Talonflame|||GaleWings|Acrobatics,FlareBlitz,Tailwind,Protect|||M|||50|,,,,,Ghost]Rotom-Wash||SitrusBerry|Levitate|WillOWisp,Thunderbolt,HydroPump,Protect||||||50|,,,,,Dark]Toxicroak||AssaultVest|DrySkin|FakeOut,SuckerPunch,GunkShot,CloseCombat|||M|||50|,,,,,Dark]Gholdengo||MetalCoat|GoodasGold|MakeItRain,NastyPlot,ShadowBall,Protect||||||50|,,,,,Water]Electabuzz||Eviolite|VitalSpirit|FollowMe,Electroweb,Taunt,HelpingHand|||M|||50|,,,,,Fairy]Rillaboom||MiracleSeed|GrassySurge|GrassyGlide,Uturn,FakeOut,WoodHammer|||M|||50|,,,,,Fire
|
|t:|1757758701
|teamsize|p1|4
|teamsize|p2|4
|start
|switch|p1a: Incineroar|Incineroar, L50, F, shiny|100/100
|switch|p1b: Porygon2|Porygon2, L50, shiny|100/100
|switch|p2a: Electabuzz|Electabuzz, L50, M|100/100
|switch|p2b: Gholdengo|Gholdengo, L50|100/100
|-ability|p1a: Incineroar|Intimidate|boost
|-unboost|p2a: Electabuzz|atk|1
|-unboost|p2b: Gholdengo|atk|1
|-ability|p1b: Porygon2|Download|boost
|-boost|p1b: Porygon2|spa|1
|turn|1
|
|t:|1757758729
|move|p2a: Electabuzz|Taunt|p1b: Porygon2
|-start|p1b: Porygon2|move: Taunt
|move|p1a: Incineroar|Flare Blitz|p2b: Gholdengo
|-supereffective|p2b: Gholdengo
|-damage|p2b: Gholdengo|0 fnt
|faint|p2b: Gholdengo
|-damage|p1a: Incineroar|69/100|[from] Recoil
|move|p1b: Porygon2|Ice Beam|p2a: Electabuzz
|-damage|p2a: Electabuzz|69/100
|
|upkeep
|c|☆Basura2U|Def forgot i hit taunt
|
|t:|1757758765
|switch|p2b: Rotom|Rotom-Wash, L50|100/100
|turn|2
|inactive|Battle timer is ON: inactive players will automatically lose when time's up. (requested by Basura2U)
|
|t:|1757758820
|-terastallize|p1a: Incineroar|Ghost
|move|p2b: Rotom|Hydro Pump|p1a: Incineroar
|-damage|p1a: Incineroar|29/100
|-enditem|p1a: Incineroar|Sitrus Berry|[eat]
|-heal|p1a: Incineroar|53/100|[from] item: Sitrus Berry
|move|p2a: Electabuzz|Electroweb|p1a: Incineroar|[spread] p1a,p1b
|-damage|p1a: Incineroar|40/100
|-damage|p1b: Porygon2|92/100
|-unboost|p1a: Incineroar|spe|1
|-unboost|p1b: Porygon2|spe|1
|move|p1a: Incineroar|Parting Shot|p2a: Electabuzz
|-unboost|p2a: Electabuzz|atk|1
|-unboost|p2a: Electabuzz|spa|1
|
|t:|1757758833
|switch|p1a: Ursaluna|Ursaluna, L50, M, shiny|100/100|[from] Parting Shot
|move|p1b: Porygon2|Tera Blast|p2a: Electabuzz
|-damage|p2a: Electabuzz|27/100
|
|-status|p1a: Ursaluna|brn|[from] item: Flame Orb
|upkeep
|turn|3
|inactive|Basura2U has 30 seconds left.
|inactive|2025bolognachamp has 30 seconds left.
|
|t:|1757758867
|switch|p2a: Rillaboom|Rillaboom, L50, M|100/100
|-fieldstart|move: Grassy Terrain|[from] ability: Grassy Surge|[of] p2a: Rillaboom
|move|p2b: Rotom|Hydro Pump|p1a: Ursaluna
|-supereffective|p1a: Ursaluna
|-damage|p1a: Ursaluna|27/100 brn
|move|p1a: Ursaluna|Facade|p2b: Rotom
|-damage|p2b: Rotom|0 fnt
|faint|p2b: Rotom
|move|p1b: Porygon2|Tera Blast|p2a: Rillaboom
|-damage|p2a: Rillaboom|30/100
|
|-heal|p2a: Rillaboom|36/100|[from] Grassy Terrain
|-heal|p1a: Ursaluna|33/100 brn|[from] Grassy Terrain
|-heal|p1b: Porygon2|98/100|[from] Grassy Terrain
|-damage|p1a: Ursaluna|27/100 brn|[from] brn
|-end|p1b: Porygon2|move: Taunt
|upkeep
|
|t:|1757758877
|switch|p2b: Electabuzz|Electabuzz, L50, M|27/100
|turn|4
|
|t:|1757758901
|switch|p1b: Incineroar|Incineroar, L50, F, shiny, tera:Ghost|40/100
|-ability|p1b: Incineroar|Intimidate|boost
|-unboost|p2a: Rillaboom|atk|1
|-unboost|p2b: Electabuzz|atk|1
|-terastallize|p2a: Rillaboom|Fire
|move|p1a: Ursaluna|Protect|p1a: Ursaluna
|-singleturn|p1a: Ursaluna|Protect
|move|p2b: Electabuzz|Electroweb|p1a: Ursaluna|[spread] p1b
|-activate|p1a: Ursaluna|move: Protect
|-damage|p1b: Incineroar|26/100
|-unboost|p1b: Incineroar|spe|1
|move|p2a: Rillaboom|Wood Hammer|p1b: Incineroar
|-damage|p1b: Incineroar|0 fnt
|faint|p1b: Incineroar
|-damage|p2a: Rillaboom|27/100|[from] Recoil
|
|-heal|p2b: Electabuzz|32/100|[from] Grassy Terrain
|-heal|p2a: Rillaboom|33/100|[from] Grassy Terrain
|-heal|p1a: Ursaluna|33/100 brn|[from] Grassy Terrain
|-damage|p1a: Ursaluna|27/100 brn|[from] brn
|upkeep
|
|t:|1757758922
|switch|p1b: Porygon2|Porygon2, L50, shiny|98/100
|-ability|p1b: Porygon2|Download|boost
|-boost|p1b: Porygon2|spa|1
|turn|5
|inactive|Basura2U has 30 seconds left.
|inactive|2025bolognachamp has 30 seconds left.
|
|t:|1757758955
|switch|p1a: Torkoal|Torkoal, L50, M|100/100
|-weather|SunnyDay|[from] ability: Drought|[of] p1a: Torkoal
|move|p2b: Electabuzz|Taunt|p1b: Porygon2
|-start|p1b: Porygon2|move: Taunt
|move|p2a: Rillaboom|Wood Hammer|p1a: Torkoal
|-resisted|p1a: Torkoal
|-damage|p1a: Torkoal|76/100
|-damage|p2a: Rillaboom|26/100|[from] Recoil
|cant|p1b: Porygon2|move: Taunt|Trick Room
|
|-weather|SunnyDay|[upkeep]
|-heal|p2b: Electabuzz|38/100|[from] Grassy Terrain
|-heal|p2a: Rillaboom|32/100|[from] Grassy Terrain
|-heal|p1b: Porygon2|100/100|[from] Grassy Terrain
|-heal|p1a: Torkoal|82/100|[from] Grassy Terrain
|upkeep
|turn|6
|inactive|2025bolognachamp has 30 seconds left.
|inactive|Basura2U has 30 seconds left.
|inactive|2025bolognachamp has 20 seconds left.
|inactive|2025bolognachamp has 15 seconds left.
|
|t:|1757758999
|move|p2b: Electabuzz|Helping Hand|p2a: Rillaboom
|-singleturn|p2a: Rillaboom|Helping Hand|[of] p2b: Electabuzz
|move|p1a: Torkoal|Helping Hand|p1b: Porygon2
|-singleturn|p1b: Porygon2|Helping Hand|[of] p1a: Torkoal
|move|p2a: Rillaboom|Wood Hammer|p1b: Porygon2
|-damage|p1b: Porygon2|38/100
|-damage|p2a: Rillaboom|12/100|[from] Recoil
|move|p1b: Porygon2|Tera Blast|p2a: Rillaboom
|-damage|p2a: Rillaboom|0 fnt
|faint|p2a: Rillaboom
|
|-weather|SunnyDay|[upkeep]
|-heal|p2b: Electabuzz|44/100|[from] Grassy Terrain
|-heal|p1b: Porygon2|44/100|[from] Grassy Terrain
|-heal|p1a: Torkoal|88/100|[from] Grassy Terrain
|upkeep
|turn|7
|-message|Basura2U forfeited.
|
|win|2025bolognachamp
||Basura2U is ready for game 2.
|inactive|2025bolognachamp has 30 seconds to confirm battle start!
|inactive|2025bolognachamp has 20 seconds to confirm battle start!
||2025bolognachamp is ready for game 2.
|uhtml|next|Next: Game 2 of 3
|l|☆Basura2U
|player|p2|
