|j|☆thaduck
|j|☆Fell Blue
|html|thaduckFell Blue    
|uhtml|bestof|Game 2 of a best-of-3
|t:|1783377019
|gametype|doubles
|player|p1|thaduck|morty|1268
|player|p2|Fell Blue|fantina|1311
|gen|9
|tier|[Gen 9 Champions] VGC 2026 Reg M-B (Bo3)
|rated|
|rule|Species Clause: Limit one of each Pokémon
|rule|Item Clause: Limit 1 of each item
|clearpoke
|poke|p1|Staraptor, L50, F|
|poke|p1|Incineroar, L50, M|
|poke|p1|Sinistcha, L50|
|poke|p1|Maushold, L50|
|poke|p1|Delphox, L50, M|
|poke|p1|Toxapex, L50, F|
|poke|p2|Mawile, L50, F|
|poke|p2|Farigiraf, L50, F|
|poke|p2|Drampa, L50, M|
|poke|p2|Kleavor, L50, M|
|poke|p2|Araquanid, L50, M|
|poke|p2|Incineroar, L50, M|
|teampreview|4
|showteam|p1|Staraptor||Staraptite|Intimidate|CloseCombat,DualWingbeat,Roost,Protect|Jolly||F|||50|]Incineroar||SitrusBerry|Intimidate|FlareBlitz,ThroatChop,FakeOut,PartingShot|Impish||M|||50|]Sinistcha||KasibBerry|Hospitality|MatchaGotcha,LifeDew,RagePowder,Protect|Bold|||||50|]Maushold||FocusSash|FriendGuard|SunnyDay,FollowMe,Charm,Protect|Timid|||||50|]Delphox||Delphoxite|Blaze|HeatWave,Psyshock,NastyPlot,Protect|Timid||M|||50|]Toxapex||Leftovers|Regenerator|Toxic,Infestation,WideGuard,BanefulBunker|Bold||F|||50|
|showteam|p2|Mawile||Mawilite|HyperCutter|RockSlide,PlayRough,SuckerPunch,BrickBreak|Brave||F|||50|]Farigiraf||SitrusBerry|ArmorTail|Thunderbolt,HelpingHand,Psychic,TrickRoom|Modest||F|||50|]Drampa||Drampanite|CloudNine|EarthPower,EnergyBall,Thunderbolt,Protect|Quiet||M|||50|]Kleavor||FocusSash|Sharpness|Feint,XScissor,StoneAxe,CloseCombat|Brave||M|||50|]Araquanid||MysticWater|WaterBubble|Surf,HydroPump,MirrorCoat,Endeavor|Quiet||M|||50|]Incineroar||LifeOrb|Intimidate|CloseCombat,FlareBlitz,FakeOut,ThroatChop|Brave||M|||50|
|
|t:|1783377037
|teamsize|p1|4
|teamsize|p2|4
|start
|switch|p1a: Staraptor|Staraptor, L50, F|100/100
|switch|p1b: Maushold|Maushold, L50|100/100
|switch|p2a: Farigiraf|Farigiraf, L50, F|100/100
|switch|p2b: Incineroar|Incineroar, L50, M|100/100
|-ability|p1a: Staraptor|Intimidate|boost
|-unboost|p2a: Farigiraf|atk|1
|-unboost|p2b: Incineroar|atk|1
|-ability|p2b: Incineroar|Intimidate|boost
|-unboost|p1a: Staraptor|atk|1
|-unboost|p1b: Maushold|atk|1
|turn|1
|
|t:|1783377064
|detailschange|p1a: Staraptor|Staraptor-Mega, L50, F
|-mega|p1a: Staraptor|Staraptor|Staraptite
|move|p2b: Incineroar|Fake Out|p1a: Staraptor
|-damage|p1a: Staraptor|88/100
|-damage|p2b: Incineroar|90/100|[from] item: Life Orb
|move|p1b: Maushold|Charm|p1a: Staraptor
|-boost|p1a: Staraptor|atk|2
|cant|p1a: Staraptor|flinch
|move|p2a: Farigiraf|Trick Room|p2a: Farigiraf
|-fieldstart|move: Trick Room|[of] p2a: Farigiraf
|
|upkeep
|turn|2
|
|t:|1783377077
|move|p1b: Maushold|Follow Me|p1b: Maushold
|-singleturn|p1b: Maushold|move: Follow Me
|move|p2b: Incineroar|Flare Blitz|p1b: Maushold
|-crit|p1b: Maushold
|-enditem|p1b: Maushold|Focus Sash
|-damage|p1b: Maushold|1/100
|-damage|p2b: Incineroar|60/100|[from] Recoil
|-damage|p2b: Incineroar|50/100g|[from] item: Life Orb
|move|p2a: Farigiraf|Psychic|p1b: Maushold
|-damage|p1b: Maushold|0 fnt
|faint|p1b: Maushold
|move|p1a: Staraptor|Close Combat|p2b: Incineroar
|-supereffective|p2b: Incineroar|1
|-damage|p2b: Incineroar|0 fnt
|-boost|p1a: Staraptor|def|1
|-boost|p1a: Staraptor|spd|1
|faint|p2b: Incineroar
|
|upkeep
|
|t:|1783377089
|switch|p2b: Araquanid|Araquanid, L50, M|100/100
|switch|p1b: Incineroar|Incineroar, L50, M|100/100
|-ability|p1b: Incineroar|Intimidate|boost
|-unboost|p2a: Farigiraf|atk|1
|-unboost|p2b: Araquanid|atk|1
|turn|3
|
|t:|1783377098
|move|p1a: Staraptor|Protect|p1a: Staraptor
|-singleturn|p1a: Staraptor|Protect
|move|p2b: Araquanid|Hydro Pump|p1a: Staraptor
|-activate|p1a: Staraptor|move: Protect
|move|p2a: Farigiraf|Psychic|p1a: Staraptor
|-activate|p1a: Staraptor|move: Protect
|move|p1b: Incineroar|Parting Shot|p2b: Araquanid
|-unboost|p2b: Araquanid|atk|1
|-unboost|p2b: Araquanid|spa|1
|
|t:|1783377103
|switch|p1b: Toxapex|Toxapex, L50, F|100/100|[from] Parting Shot
|
|upkeep
|turn|4
|
|t:|1783377113
|move|p1b: Toxapex|Toxic|p2b: Araquanid
|-status|p2b: Araquanid|tox
|move|p2b: Araquanid|Hydro Pump|p1a: Staraptor
|-damage|p1a: Staraptor|44/100
|move|p2a: Farigiraf|Psychic|p1a: Staraptor
|-supereffective|p1a: Staraptor|1
|-damage|p1a: Staraptor|0 fnt
|faint|p1a: Staraptor
|
|-damage|p2b: Araquanid|94/100 tox|[from] psn
|upkeep
|
|t:|1783377122
|switch|p1a: Incineroar|Incineroar, L50, M|100/100
|-ability|p1a: Incineroar|Intimidate|boost
|-unboost|p2a: Farigiraf|atk|1
|-unboost|p2b: Araquanid|atk|1
|turn|5
|
|t:|1783377131
|move|p2a: Farigiraf|Helping Hand|p2b: Araquanid
|-singleturn|p2b: Araquanid|Helping Hand|[of] p2a: Farigiraf
|move|p2b: Araquanid|Surf|p1b: Toxapex|[spread] p2a,p1a,p1b
|-supereffective|p1a: Incineroar|1
|-resisted|p1b: Toxapex|1
|-damage|p2a: Farigiraf|56/100
|-damage|p1a: Incineroar|15/100
|-damage|p1b: Toxapex|80/100
|-enditem|p1a: Incineroar|Sitrus Berry|[eat]
|-heal|p1a: Incineroar|40/100|[from] item: Sitrus Berry
|move|p1b: Toxapex|Infestation|p2a: Farigiraf
|-supereffective|p2a: Farigiraf|1
|-damage|p2a: Farigiraf|50/100y
|-activate|p2a: Farigiraf|move: Infestation|[of] p1b: Toxapex
|-enditem|p2a: Farigiraf|Sitrus Berry|[eat]
|-heal|p2a: Farigiraf|74/100|[from] item: Sitrus Berry
|move|p1a: Incineroar|Throat Chop|p2a: Farigiraf
|-supereffective|p2a: Farigiraf|1
|-damage|p2a: Farigiraf|16/100
|-start|p2a: Farigiraf|Throat Chop|[silent]
|
|-heal|p1b: Toxapex|86/100|[from] item: Leftovers
|-damage|p2b: Araquanid|82/100 tox|[from] psn
|-damage|p2a: Farigiraf|3/100|[from] move: Infestation|[partiallytrapped]
|-fieldend|move: Trick Room
|upkeep
|turn|6
|
|t:|1783377143
|move|p1a: Incineroar|Throat Chop|p2b: Araquanid
|-damage|p2b: Araquanid|48/100 tox
|-start|p2b: Araquanid|Throat Chop|[silent]
|move|p1b: Toxapex|Infestation|p2b: Araquanid
|-damage|p2b: Araquanid|45/100 tox
|-activate|p2b: Araquanid|move: Infestation|[of] p1b: Toxapex
|move|p2b: Araquanid|Surf|p1b: Toxapex|[spread] p2a,p1a,p1b
|-supereffective|p1a: Incineroar|1
|-crit|p1a: Incineroar
|-resisted|p1b: Toxapex|1
|-damage|p2a: Farigiraf|0 fnt
|-damage|p1a: Incineroar|0 fnt
|-damage|p1b: Toxapex|73/100
|faint|p2a: Farigiraf
|faint|p1a: Incineroar
|
|-heal|p1b: Toxapex|78/100|[from] item: Leftovers
|-damage|p2b: Araquanid|28/100 tox|[from] psn
|-damage|p2b: Araquanid|16/100 tox|[from] move: Infestation|[partiallytrapped]
|upkeep
|
|t:|1783377145
|switch|p2a: Mawile|Mawile, L50, F|100/100
|turn|7
|
|t:|1783377156
|detailschange|p2a: Mawile|Mawile-Mega, L50, F
|-mega|p2a: Mawile|Mawile|Mawilite
|move|p1b: Toxapex|Baneful Bunker|p1b: Toxapex
|-singleturn|p1b: Toxapex|move: Protect
|move|p2a: Mawile|Rock Slide|p1b: Toxapex
|-activate|p1b: Toxapex|move: Protect
|move|p2b: Araquanid|Hydro Pump|p1b: Toxapex
|-activate|p1b: Toxapex|move: Protect
|
|-heal|p1b: Toxapex|84/100|[from] item: Leftovers
|-damage|p2b: Araquanid|0 fnt|[from] psn
|faint|p2b: Araquanid
|upkeep
|turn|8
|
|t:|1783377165
|move|p2a: Mawile|Rock Slide|p1b: Toxapex
|-damage|p1b: Toxapex|52/100
|cant|p1b: Toxapex|flinch
|
|-heal|p1b: Toxapex|58/100|[from] item: Leftovers
|upkeep
|turn|9
|
|t:|1783377173
|move|p1b: Toxapex|Baneful Bunker|p1b: Toxapex
|-singleturn|p1b: Toxapex|move: Protect
|move|p2a: Mawile|Rock Slide|p1b: Toxapex
|-activate|p1b: Toxapex|move: Protect
|
|-heal|p1b: Toxapex|63/100|[from] item: Leftovers
|upkeep
|turn|10
|
|t:|1783377181
|move|p1b: Toxapex|Wide Guard|p1b: Toxapex
|-singleturn|p1b: Toxapex|Wide Guard
|move|p2a: Mawile|Rock Slide|p1b: Toxapex
|-activate|p1b: Toxapex|move: Wide Guard
|
|-heal|p1b: Toxapex|69/100|[from] item: Leftovers
|upkeep
|turn|11
|
|t:|1783377186
|move|p1b: Toxapex|Baneful Bunker||[still]
|-fail|p1b: Toxapex
|move|p2a: Mawile|Play Rough|p1b: Toxapex
|-resisted|p1b: Toxapex|1
|-damage|p1b: Toxapex|35/100
|
|-heal|p1b: Toxapex|41/100|[from] item: Leftovers
|upkeep
|turn|12
|
|t:|1783377194
|move|p1b: Toxapex|Baneful Bunker|p1b: Toxapex
|-singleturn|p1b: Toxapex|move: Protect
|move|p2a: Mawile|Play Rough|p1b: Toxapex
|-activate|p1b: Toxapex|move: Protect
|
|-heal|p1b: Toxapex|46/100|[from] item: Leftovers
|upkeep
|turn|13
|
|t:|1783377202
|move|p2a: Mawile|Play Rough|p1b: Toxapex
|-resisted|p1b: Toxapex|1
|-damage|p1b: Toxapex|12/100
|move|p1b: Toxapex|Infestation|p2a: Mawile
|-resisted|p2a: Mawile|2
|-damage|p2a: Mawile|99/100
|-activate|p2a: Mawile|move: Infestation|[of] p1b: Toxapex
|
|-heal|p1b: Toxapex|18/100|[from] item: Leftovers
|-damage|p2a: Mawile|87/100|[from] move: Infestation|[partiallytrapped]
|upkeep
|turn|14
|
|t:|1783377208
|move|p1b: Toxapex|Baneful Bunker|p1b: Toxapex
|-singleturn|p1b: Toxapex|move: Protect
|move|p2a: Mawile|Play Rough|p1b: Toxapex
|-activate|p1b: Toxapex|move: Protect
|
|-heal|p1b: Toxapex|24/100|[from] item: Leftovers
|-damage|p2a: Mawile|75/100|[from] move: Infestation|[partiallytrapped]
|upkeep
|turn|15
|
|t:|1783377214
|move|p2a: Mawile|Play Rough|p1b: Toxapex
|-resisted|p1b: Toxapex|1
|-damage|p1b: Toxapex|0 fnt
|faint|p1b: Toxapex
|
|win|Fell Blue
|raw|thaduck's rating: 1268 → 1246(-22 for losing)
|raw|Fell Blue's rating: 1311 → 1329(+18 for winning)
