|j|☆ZeGaboVGC
|j|☆shakyturtle
|html|ZeGaboVGCshakyturtle    
|uhtml|bestof|Game 1 of a best-of-3
|t:|1756736091
|gametype|doubles
|player|p1|ZeGaboVGC|benga|1104
|player|p2|shakyturtle|blaine|1003
|gen|9
|tier|[Gen 9] VGC 2025 Reg H (Bo3)
|rated|
|rule|Species Clause: Limit one of each Pokémon
|rule|Item Clause: Limit 1 of each item
|clearpoke
|poke|p1|Incineroar, L50, M|
|poke|p1|Amoonguss, L50, F|
|poke|p1|Ursaluna-Bloodmoon, L50, M|
|poke|p1|Sneasler, L50, F|
|poke|p1|Gholdengo, L50|
|poke|p1|Dragonite, L50, F|
|poke|p2|Murkrow, L50, M|
|poke|p2|Gholdengo, L50|
|poke|p2|Milotic, L50, F|
|poke|p2|Dragonite, L50, F|
|poke|p2|Farigiraf, L50, M|
|poke|p2|Sylveon, L50, F|
|teampreview|4
|showteam|p1|Incineroar||SafetyGoggles|Intimidate|FlareBlitz,KnockOff,PartingShot,FakeOut|||M|||50|,,,,,Ghost]Amoonguss||SitrusBerry|Regenerator|Spore,RagePowder,PollenPuff,Protect|||F|||50|,,,,,Dark]Ursaluna-Bloodmoon||AssaultVest|MindsEye|HyperVoice,BloodMoon,EarthPower,VacuumWave|||M|||50|,,,,,Water]Sneasler||FocusSash|Unburden|CloseCombat,DireClaw,ThroatChop,Protect|||F|||50|,,,,,Stellar]Gholdengo||LifeOrb|GoodasGold|MakeItRain,ShadowBall,NastyPlot,Protect||||||50|,,,,,Water]Dragonite||LoadedDice|Multiscale|ScaleShot,Tailwind,Haze,Protect|||F|||50|,,,,,Fairy
|showteam|p2|Murkrow||Eviolite|Prankster|Snarl,FoulPlay,Tailwind,Haze|||M|||50|,,,,,Dark]Gholdengo||SitrusBerry|GoodasGold|Protect,NastyPlot,ShadowBall,MakeItRain||||||50|,,,,,Dragon]Milotic||AdrenalineOrb|Competitive|Protect,IcyWind,TeraBlast,Scald|||F|||50|,,,,,Grass]Dragonite||ChoiceBand|InnerFocus|Outrage,TeraBlast,ExtremeSpeed,IronHead|||F|||50|,,,,,Flying]Farigiraf||ThroatSpray|ArmorTail|Protect,TrickRoom,PsychicNoise,HyperVoice|||M|||50|,,,,,Normal]Sylveon||WikiBerry|Pixilate|Protect,CalmMind,HyperVoice,DrainingKiss|||F|||50|,,,,,Fairy
|inactive|Battle timer is ON: inactive players will automatically lose when time's up. (requested by ZeGaboVGC)
|inactive|shakyturtle also wants the timer to be on.
|inactive|ZeGaboVGC has 60 seconds left.
|inactive|ZeGaboVGC has 30 seconds left.
|
|t:|1756736153
|teamsize|p1|4
|teamsize|p2|4
|start
|switch|p1a: Gholdengo|Gholdengo, L50|100/100
|switch|p1b: Amoonguss|Amoonguss, L50, F|100/100
|switch|p2a: Milotic|Milotic, L50, F|100/100
|switch|p2b: Murkrow|Murkrow, L50, M|100/100
|turn|1
|
|t:|1756736176
|switch|p2a: Gholdengo|Gholdengo, L50|100/100
|move|p1a: Gholdengo|Nasty Plot|p1a: Gholdengo
|-boost|p1a: Gholdengo|spa|2
|move|p2b: Murkrow|Snarl|p1a: Gholdengo|[spread] p1a,p1b
|-supereffective|p1a: Gholdengo
|-damage|p1a: Gholdengo|76/100
|-damage|p1b: Amoonguss|90/100
|-unboost|p1a: Gholdengo|spa|1
|-unboost|p1b: Amoonguss|spa|1
|move|p1b: Amoonguss|Spore|p2b: Murkrow
|-status|p2b: Murkrow|slp|[from] move: Spore
|
|upkeep
|turn|2
|inactive|ZeGaboVGC has 30 seconds left.
|inactive|shakyturtle has 30 seconds left.
|
|t:|1756736204
|-terastallize|p1a: Gholdengo|Water
|-terastallize|p2a: Gholdengo|Dragon
|move|p1b: Amoonguss|Rage Powder|p1b: Amoonguss
|-singleturn|p1b: Amoonguss|move: Rage Powder
|cant|p2b: Murkrow|slp
|move|p1a: Gholdengo|Make It Rain|p2a: Gholdengo|[spread] p2a,p2b
|-damage|p2a: Gholdengo|9/100
|-damage|p2b: Murkrow|0 fnt
|-unboost|p1a: Gholdengo|spa|1
|-enditem|p2a: Gholdengo|Sitrus Berry|[eat]
|-heal|p2a: Gholdengo|34/100|[from] item: Sitrus Berry
|faint|p2b: Murkrow
|-damage|p1a: Gholdengo|66/100|[from] item: Life Orb
|move|p2a: Gholdengo|Nasty Plot|p2a: Gholdengo
|-boost|p2a: Gholdengo|spa|2
|
|upkeep
|
|t:|1756736220
|switch|p2b: Milotic|Milotic, L50, F|100/100
|turn|3
|
|t:|1756736233
|move|p1a: Gholdengo|Protect|p1a: Gholdengo
|-singleturn|p1a: Gholdengo|Protect
|move|p2a: Gholdengo|Protect|p2a: Gholdengo
|-singleturn|p2a: Gholdengo|Protect
|move|p2b: Milotic|Icy Wind|p1a: Gholdengo|[spread] p1b
|-activate|p1a: Gholdengo|move: Protect
|-supereffective|p1b: Amoonguss
|-damage|p1b: Amoonguss|70/100
|-unboost|p1b: Amoonguss|spe|1
|move|p1b: Amoonguss|Spore|p2b: Milotic
|-status|p2b: Milotic|slp|[from] move: Spore
|
|upkeep
|turn|4
|
|t:|1756736253
|move|p1b: Amoonguss|Protect|p1b: Amoonguss
|-singleturn|p1b: Amoonguss|Protect
|move|p1a: Gholdengo|Shadow Ball|p2a: Gholdengo
|-crit|p2a: Gholdengo
|-damage|p2a: Gholdengo|0 fnt
|faint|p2a: Gholdengo
|-damage|p1a: Gholdengo|56/100|[from] item: Life Orb
|cant|p2b: Milotic|slp
|
|upkeep
|
|t:|1756736255
|switch|p2a: Dragonite|Dragonite, L50, F|100/100
|turn|5
|
|t:|1756736266
|move|p1b: Amoonguss|Rage Powder|p1b: Amoonguss
|-singleturn|p1b: Amoonguss|move: Rage Powder
|move|p1a: Gholdengo|Nasty Plot|p1a: Gholdengo
|-boost|p1a: Gholdengo|spa|2
|cant|p2b: Milotic|slp
|move|p2a: Dragonite|Outrage|p1b: Amoonguss
|-damage|p1b: Amoonguss|0 fnt
|faint|p1b: Amoonguss
|
|upkeep
|
|t:|1756736284
|switch|p1b: Ursaluna|Ursaluna-Bloodmoon, L50, M|100/100
|turn|6
|
|t:|1756736298
|move|p1a: Gholdengo|Make It Rain|p2b: Milotic|[spread] p2a,p2b
|-resisted|p2b: Milotic
|-damage|p2a: Dragonite|0 fnt
|-damage|p2b: Milotic|56/100 slp
|-unboost|p1a: Gholdengo|spa|1
|faint|p2a: Dragonite
|-damage|p1a: Gholdengo|47/100|[from] item: Life Orb
|-curestatus|p2b: Milotic|slp|[msg]
|move|p2b: Milotic|Icy Wind|p1b: Ursaluna|[spread] p1a,p1b
|-resisted|p1a: Gholdengo
|-supereffective|p1b: Ursaluna
|-damage|p1a: Gholdengo|39/100
|-damage|p1b: Ursaluna|84/100
|-unboost|p1a: Gholdengo|spe|1
|-unboost|p1b: Ursaluna|spe|1
|move|p1b: Ursaluna|Blood Moon|p2b: Milotic
|-damage|p2b: Milotic|0 fnt
|faint|p2b: Milotic
|
|win|ZeGaboVGC
|l|☆shakyturtle
|player|p2|
