|j|☆CretaceousDraconid
|j|☆Susername
|html|CretaceousDraconidSusername    
|uhtml|bestof|Game 1 of a best-of-3
|t:|1757827330
|gametype|doubles
|player|p1|CretaceousDraconid|zinnia-masters|1169
|player|p2|Susername|102|1022
|gen|9
|tier|[Gen 9] VGC 2025 Reg H (Bo3)
|rated|
|rule|Species Clause: Limit one of each Pokémon
|rule|Item Clause: Limit 1 of each item
|clearpoke
|poke|p1|Whimsicott, L50, F|
|poke|p1|Incineroar, L50, M|
|poke|p1|Salamence, L50, F|
|poke|p1|Garchomp, L50, F|
|poke|p1|Sneasler, L50, M|
|poke|p1|Ninetales-Alola, L50, F|
|poke|p2|Ceruledge, L50, F|
|poke|p2|Salamence, L50, F|
|poke|p2|Magmar, L50, M|
|poke|p2|Tauros-Paldea-Aqua, L50, M|
|poke|p2|Glimmora, L50, M|
|poke|p2|Decidueye-Hisui, L50, F|
|teampreview|4
|showteam|p1|Whimsicott||CovertCloak|Prankster|Tailwind,Moonblast,Encore,Taunt|||F|||50|,,,,,Water]Incineroar||SafetyGoggles|Intimidate|FakeOut,Taunt,PartingShot,KnockOff|||M|||50|,,,,,Ghost]Salamence||ChoiceSpecs|Intimidate|Hurricane,HeatWave,DracoMeteor,HydroPump|||F|||50|,,,,,Fire]Garchomp||LoadedDice|RoughSkin|StompingTantrum,Earthquake,ScaleShot,Protect|||F|||50|,,,,,Ghost]Sneasler||FocusSash|PoisonTouch|DireClaw,CloseCombat,Coaching,Protect|||M|||50|,,,,,Fairy]Ninetales-Alola||NeverMeltIce|SnowWarning|FreezeDry,Blizzard,AuroraVeil,Protect|||F|||50|,,,,,Ghost
|showteam|p2|Ceruledge||ClearAmulet|FlashFire|BitterBlade,ShadowSneak,SwordsDance,Protect|||F|||50|,,,,,Grass]Salamence||CovertCloak|Intimidate|DracoMeteor,HeatWave,Tailwind,Protect|||F|||50|,,,,,Dark]Magmar||Eviolite|VitalSpirit|LavaPlume,FollowMe,HelpingHand,Protect|||M|||50|,,,,,Water]Tauros-Paldea-Aqua||MirrorHerb|Intimidate|CloseCombat,RagingBull,WildCharge,Protect|||M|||50|,,,,,Fire]Glimmora||PowerHerb|ToxicDebris|MeteorBeam,SludgeBomb,EarthPower,Protect|||M|||50|,,,,,Grass]Decidueye-Hisui||LifeOrb|Scrappy|LeafBlade,TripleArrows,Tailwind,Protect|||F|||50|,,,,,Dark
|inactive|Battle timer is ON: inactive players will automatically lose when time's up. (requested by Susername)
|inactive|CretaceousDraconid has 60 seconds left.
|
|t:|1757827382
|teamsize|p1|4
|teamsize|p2|4
|start
|switch|p1a: Ninetales|Ninetales-Alola, L50, F|100/100
|switch|p1b: Garchomp|Garchomp, L50, F|100/100
|switch|p2a: Tauros|Tauros-Paldea-Aqua, L50, M|100/100
|switch|p2b: Magmar|Magmar, L50, M|100/100
|-weather|Snowscape|[from] ability: Snow Warning|[of] p1a: Ninetales
|-ability|p2a: Tauros|Intimidate|boost
|-unboost|p1a: Ninetales|atk|1
|-unboost|p1b: Garchomp|atk|1
|turn|1
|
|t:|1757827409
|switch|p1b: Salamence|Salamence, L50, F|100/100
|-ability|p1b: Salamence|Intimidate|boost
|-unboost|p2a: Tauros|atk|1
|-unboost|p2b: Magmar|atk|1
|move|p2b: Magmar|Helping Hand|p2a: Tauros
|-singleturn|p2a: Tauros|Helping Hand|[of] p2b: Magmar
|move|p1a: Ninetales|Aurora Veil|p1a: Ninetales
|-sidestart|p1: CretaceousDraconid|move: Aurora Veil
|move|p2a: Tauros|Raging Bull|p1a: Ninetales
|-sideend|p1: CretaceousDraconid|move: Aurora Veil
|-damage|p1a: Ninetales|65/100
|
|-weather|Snowscape|[upkeep]
|upkeep
|turn|2
|
|t:|1757827426
|switch|p2a: Salamence|Salamence, L50, F|100/100
|-ability|p2a: Salamence|Intimidate|boost
|-unboost|p1a: Ninetales|atk|1
|-unboost|p1b: Salamence|atk|1
|move|p1a: Ninetales|Freeze-Dry|p2a: Salamence
|-supereffective|p2a: Salamence
|-damage|p2a: Salamence|3/100
|move|p1b: Salamence|Hydro Pump|p2b: Magmar
|-supereffective|p2b: Magmar
|-damage|p2b: Magmar|21/100
|move|p2b: Magmar|Lava Plume|p1b: Salamence|[spread] p2a,p1a,p1b
|-resisted|p2a: Salamence
|-supereffective|p1a: Ninetales
|-resisted|p1b: Salamence
|-damage|p2a: Salamence|0 fnt
|-damage|p1a: Ninetales|22/100
|-damage|p1b: Salamence|89/100
|-status|p1a: Ninetales|brn
|faint|p2a: Salamence
|
|-weather|Snowscape|[upkeep]
|-damage|p1a: Ninetales|16/100 brn|[from] brn
|upkeep
|inactive|Susername has 30 seconds left.
|
|t:|1757827453
|switch|p2a: Ceruledge|Ceruledge, L50, F|100/100
|turn|3
|
|t:|1757827465
|move|p2b: Magmar|Follow Me|p2b: Magmar
|-singleturn|p2b: Magmar|move: Follow Me
|move|p1a: Ninetales|Blizzard|p2b: Magmar|[spread] p2a,p2b
|-resisted|p2a: Ceruledge
|-resisted|p2b: Magmar
|-damage|p2a: Ceruledge|86/100
|-damage|p2b: Magmar|10/100
|move|p1b: Salamence|Hydro Pump|p2b: Magmar|[miss]
|-miss|p1b: Salamence|p2b: Magmar
|move|p2a: Ceruledge|Swords Dance|p2a: Ceruledge
|-boost|p2a: Ceruledge|atk|2
|
|-weather|Snowscape|[upkeep]
|-damage|p1a: Ninetales|11/100 brn|[from] brn
|upkeep
|turn|4
|
|t:|1757827479
|move|p2b: Magmar|Protect|p2b: Magmar
|-singleturn|p2b: Magmar|Protect
|move|p2a: Ceruledge|Shadow Sneak|p1a: Ninetales
|-damage|p1a: Ninetales|0 fnt
|faint|p1a: Ninetales
|move|p1b: Salamence|Hydro Pump|p2a: Ceruledge|[miss]
|-miss|p1b: Salamence|p2a: Ceruledge
|
|-weather|Snowscape|[upkeep]
|upkeep
|
|t:|1757827487
|switch|p1a: Garchomp|Garchomp, L50, F|100/100
|turn|5
|
|t:|1757827496
|-terastallize|p2a: Ceruledge|Grass
|move|p1a: Garchomp|Earthquake|p2b: Magmar|[spread] p2a,p2b
|-immune|p1b: Salamence
|-resisted|p2a: Ceruledge
|-supereffective|p2b: Magmar
|-damage|p2a: Ceruledge|60/100
|-damage|p2b: Magmar|0 fnt
|faint|p2b: Magmar
|move|p1b: Salamence|Hydro Pump|p2a: Ceruledge
|-resisted|p2a: Ceruledge
|-damage|p2a: Ceruledge|33/100
|move|p2a: Ceruledge|Swords Dance|p2a: Ceruledge
|-boost|p2a: Ceruledge|atk|2
|
|-weather|none
|upkeep
|
|t:|1757827501
|switch|p2b: Tauros|Tauros-Paldea-Aqua, L50, M|100/100
|-ability|p2b: Tauros|Intimidate|boost
|-unboost|p1a: Garchomp|atk|1
|-unboost|p1b: Salamence|atk|1
|turn|6
|inactive|CretaceousDraconid has 30 seconds left.
|
|t:|1757827531
|switch|p1b: TheFuckYouGuy|Sneasler, L50, M|100/100
|move|p1a: Garchomp|Scale Shot|p2a: Ceruledge
|-damage|p2a: Ceruledge|21/100
|-damage|p2a: Ceruledge|8/100
|-damage|p2a: Ceruledge|0 fnt
|faint|p2a: Ceruledge
|-hitcount|p2: Ceruledge|3
|-unboost|p1a: Garchomp|def|1
|-boost|p1a: Garchomp|spe|1
|-enditem|p2b: Tauros|Mirror Herb
|-boost|p2b: Tauros|spe|1|[from] item: Mirror Herb
|move|p2b: Tauros|Raging Bull|p1a: Garchomp
|-damage|p1a: Garchomp|30/100
|-damage|p2b: Tauros|88/100|[from] ability: Rough Skin|[of] p1a: Garchomp
|
|upkeep
|turn|7
|-message|Susername forfeited.
|
|win|CretaceousDraconid
|l|☆Susername
|player|p2|
||Susername is ready for game 2.
||CretaceousDraconid is ready for game 2.
|uhtml|next|Next: Game 2 of 3
