|j|☆geardox
|j|☆Swami
|html|geardoxSwami    
|uhtml|bestof|Game 1 of a best-of-3
|t:|1756348204
|gametype|doubles
|player|p1|geardox|cyclist|1190
|player|p2|Swami|cyrus|1123
|gen|9
|tier|[Gen 9] VGC 2025 Reg H (Bo3)
|rated|
|rule|Species Clause: Limit one of each Pokémon
|rule|Item Clause: Limit 1 of each item
|clearpoke
|poke|p1|Sneasler, L50, M|
|poke|p1|Garchomp, L50, M|
|poke|p1|Corviknight, L50, F|
|poke|p1|Amoonguss, L50, F|
|poke|p1|Incineroar, L50, M|
|poke|p1|Dragonite, L50, M|
|poke|p2|Pelipper, L50, M|
|poke|p2|Basculegion, L50, M|
|poke|p2|Archaludon, L50, M|
|poke|p2|Amoonguss, L50, M|
|poke|p2|Incineroar, L50, M|
|poke|p2|Dragonite, L50, M|
|teampreview|4
|showteam|p1|Sneasler||FocusSash|Unburden|DireClaw,CloseCombat,FakeOut,Coaching|||M|||50|,,,,,Ghost]Garchomp||LifeOrb|RoughSkin|Protect,Earthquake,DragonClaw,StompingTantrum|||M|||50|,,,,,Ground]Corviknight||SitrusBerry|MirrorArmor|BraveBird,Tailwind,Roost,Taunt|||F|||50|,,,,,Fire]Amoonguss||RockyHelmet|Regenerator|ClearSmog,RagePowder,Spore,PollenPuff|||F|||50|,,,,,Water]Incineroar||AssaultVest|Intimidate|KnockOff,FlareBlitz,FakeOut,Uturn|||M|||50|,,,,,Ghost]Dragonite||LoadedDice|Multiscale|ScaleShot,Tailwind,Haze,ExtremeSpeed|||M|||50|,,,,,Fairy
|showteam|p2|Pelipper||CovertCloak|Drizzle|Hurricane,WeatherBall,Tailwind,Protect|||M|||50|,,,,,Electric]Basculegion||LifeOrb|SwiftSwim|WaveCrash,LastRespects,Protect,AquaJet|||M|||50|,,,,,Water]Archaludon||AssaultVest|Stamina|FlashCannon,ElectroShot,BodyPress,DragonPulse|||M|||50|,,,,,Fighting]Amoonguss||SitrusBerry|Regenerator|Spore,PollenPuff,ClearSmog,RagePowder|||M|||50|,,,,,Psychic]Incineroar||SafetyGoggles|Intimidate|FakeOut,Taunt,KnockOff,PartingShot|||M|||50|,,,,,Ghost]Dragonite||LoadedDice|Multiscale|ScaleShot,StompingTantrum,Haze,Protect|||M|||50|,,,,,Ground
|inactive|Battle timer is ON: inactive players will automatically lose when time's up. (requested by geardox)
|inactive|geardox has 60 seconds left.
|
|t:|1756348267
|teamsize|p1|4
|teamsize|p2|4
|start
|switch|p1a: Moonster|Amoonguss, L50, F, shiny|100/100
|switch|p1b: Dragonite|Dragonite, L50, M|100/100
|switch|p2a: Incineroar|Incineroar, L50, M|100/100
|switch|p2b: Dragonite|Dragonite, L50, M|100/100
|-ability|p2a: Incineroar|Intimidate|boost
|-unboost|p1a: Moonster|atk|1
|-unboost|p1b: Dragonite|atk|1
|turn|1
|inactive|geardox has 30 seconds left.
|inactive|geardox has 20 seconds left.
|
|t:|1756348304
|move|p1b: Dragonite|Tailwind|p1b: Dragonite
|-sidestart|p1: geardox|move: Tailwind
|move|p2b: Dragonite|Scale Shot|p1b: Dragonite|[miss]
|-miss|p2b: Dragonite|p1b: Dragonite
|move|p1a: Moonster|Spore|p2b: Dragonite
|-status|p2b: Dragonite|slp|[from] move: Spore
|move|p2a: Incineroar|Taunt|p1a: Moonster
|-start|p1a: Moonster|move: Taunt
|
|upkeep
|turn|2
|inactive|geardox has 30 seconds left.
|
|t:|1756348338
|switch|p2b: Archaludon|Archaludon, L50, M, shiny|100/100
|move|p1b: Dragonite|Scale Shot|p2b: Archaludon
|-damage|p2b: Archaludon|94/100
|-ability|p2b: Archaludon|Stamina|boost
|-boost|p2b: Archaludon|def|1
|-damage|p2b: Archaludon|89/100
|-ability|p2b: Archaludon|Stamina|boost
|-boost|p2b: Archaludon|def|1
|-damage|p2b: Archaludon|85/100
|-ability|p2b: Archaludon|Stamina|boost
|-boost|p2b: Archaludon|def|1
|-crit|p2b: Archaludon
|-damage|p2b: Archaludon|69/100
|-ability|p2b: Archaludon|Stamina|boost
|-boost|p2b: Archaludon|def|1
|-hitcount|p2b: Archaludon|4
|-unboost|p1b: Dragonite|def|1
|-boost|p1b: Dragonite|spe|1
|move|p1a: Moonster|Clear Smog|p2b: Archaludon
|-immune|p2b: Archaludon
|move|p2a: Incineroar|Knock Off|p1b: Dragonite
|-damage|p1b: Dragonite|68/100
|-enditem|p1b: Dragonite|Loaded Dice|[from] move: Knock Off|[of] p2a: Incineroar
|
|upkeep
|turn|3
|inactive|geardox has 30 seconds left.
|inactive|geardox has 20 seconds left.
|
|t:|1756348377
|switch|p1a: Stinky Pete|Garchomp, L50, M|100/100
|switch|p2a: Pelipper|Pelipper, L50, M, shiny|100/100
|-weather|RainDance|[from] ability: Drizzle|[of] p2a: Pelipper
|move|p1b: Dragonite|Haze|p1b: Dragonite
|-clearallboost
|move|p2b: Archaludon|Electro Shot||[still]
|-prepare|p2b: Archaludon|Electro Shot
|-boost|p2b: Archaludon|spa|1
|-anim|p2b: Archaludon|Electro Shot|p1b: Dragonite
|-damage|p1b: Dragonite|3/100
|
|-weather|RainDance|[upkeep]
|upkeep
|turn|4
|inactive|geardox has 30 seconds left.
|inactive|Swami has 30 seconds left.
|
|t:|1756348405
|switch|p2b: Dragonite|Dragonite, L50, M|100/100 slp
|switch|p2a: Incineroar|Incineroar, L50, M|100/100
|-ability|p2a: Incineroar|Intimidate|boost
|-unboost|p1a: Stinky Pete|atk|1
|-unboost|p1b: Dragonite|atk|1
|-terastallize|p1a: Stinky Pete|Ground
|move|p1a: Stinky Pete|Earthquake|p2b: Dragonite|[spread] p2a
|-immune|p1b: Dragonite
|-immune|p2b: Dragonite
|-supereffective|p2a: Incineroar
|-crit|p2a: Incineroar
|-damage|p2a: Incineroar|0 fnt
|faint|p2a: Incineroar
|-damage|p1a: Stinky Pete|91/100|[from] item: Life Orb
|move|p1b: Dragonite|Scale Shot|p2b: Dragonite
|-supereffective|p2b: Dragonite
|-damage|p2b: Dragonite|88/100 slp
|-supereffective|p2b: Dragonite
|-damage|p2b: Dragonite|65/100 slp
|-supereffective|p2b: Dragonite
|-damage|p2b: Dragonite|40/100 slp
|-supereffective|p2b: Dragonite
|-damage|p2b: Dragonite|17/100 slp
|-supereffective|p2b: Dragonite
|-damage|p2b: Dragonite|0 fnt
|faint|p2b: Dragonite
|-hitcount|p2: Dragonite|5
|-unboost|p1b: Dragonite|def|1
|-boost|p1b: Dragonite|spe|1
|
|-weather|RainDance|[upkeep]
|-sideend|p1: geardox|move: Tailwind
|upkeep
|
|t:|1756348415
|switch|p2b: Pelipper|Pelipper, L50, M, shiny|100/100
|switch|p2a: Archaludon|Archaludon, L50, M, shiny|69/100
|turn|5
|inactive|geardox has 30 seconds left.
|
|t:|1756348447
|switch|p1a: Moonster|Amoonguss, L50, F, shiny|100/100
|-terastallize|p2a: Archaludon|Fighting
|move|p1b: Dragonite|Scale Shot|p2b: Pelipper|[miss]
|-miss|p1b: Dragonite|p2b: Pelipper
|move|p2a: Archaludon|Electro Shot||[still]
|-prepare|p2a: Archaludon|Electro Shot
|-boost|p2a: Archaludon|spa|1
|-anim|p2a: Archaludon|Electro Shot|p1b: Dragonite
|-damage|p1b: Dragonite|0 fnt
|faint|p1b: Dragonite
|move|p2b: Pelipper|Tailwind|p2b: Pelipper
|-sidestart|p2: Swami|move: Tailwind
|
|-weather|RainDance|[upkeep]
|upkeep
|
|t:|1756348466
|switch|p1b: Riku|Sneasler, L50, M|100/100
|turn|6
|inactive|geardox has 30 seconds left.
|inactive|geardox has 20 seconds left.
|inactive|geardox has 15 seconds left.
|
|t:|1756348507
|move|p1a: Moonster|Rage Powder|p1a: Moonster
|-singleturn|p1a: Moonster|move: Rage Powder
|move|p2a: Archaludon|Electro Shot||[still]
|-prepare|p2a: Archaludon|Electro Shot
|-boost|p2a: Archaludon|spa|1
|-anim|p2a: Archaludon|Electro Shot|p1a: Moonster
|-resisted|p1a: Moonster
|-crit|p1a: Moonster
|-damage|p1a: Moonster|48/100
|move|p2b: Pelipper|Hurricane|p1a: Moonster
|-supereffective|p1a: Moonster
|-damage|p1a: Moonster|0 fnt
|faint|p1a: Moonster
|move|p1b: Riku|Dire Claw|p2b: Pelipper
|-damage|p2b: Pelipper|55/100
|
|-weather|RainDance|[upkeep]
|upkeep
|
|t:|1756348521
|switch|p1a: Stinky Pete|Garchomp, L50, M, tera:Ground|91/100
|turn|7
|
|t:|1756348536
|move|p1a: Stinky Pete|Protect|p1a: Stinky Pete
|-singleturn|p1a: Stinky Pete|Protect
|move|p2a: Archaludon|Electro Shot||[still]
|-prepare|p2a: Archaludon|Electro Shot
|-boost|p2a: Archaludon|spa|1
|-anim|p2a: Archaludon|Electro Shot|p1b: Riku
|-enditem|p1b: Riku|Focus Sash
|-damage|p1b: Riku|1/100
|move|p1b: Riku|Coaching|p1a: Stinky Pete
|-boost|p1a: Stinky Pete|atk|1
|-boost|p1a: Stinky Pete|def|1
|move|p2b: Pelipper|Weather Ball|p1b: Riku
|-damage|p1b: Riku|0 fnt
|faint|p1b: Riku
|
|-weather|none
|upkeep
|turn|8
|
|t:|1756348557
|move|p1a: Stinky Pete|Protect||[still]
|-fail|p1a: Stinky Pete
|move|p2a: Archaludon|Dragon Pulse|p1a: Stinky Pete
|-damage|p1a: Stinky Pete|0 fnt
|faint|p1a: Stinky Pete
|
|win|Swami
||Swami is ready for game 2.
