|j|☆TestNumber4
|j|☆MrTedno
|html|TestNumber4MrTedno    
|uhtml|bestof|Game 2 of a best-of-3
|t:|1756896024
|gametype|doubles
|player|p1|TestNumber4|shadowtriad|1320
|player|p2|MrTedno|barry|1234
|gen|9
|tier|[Gen 9] VGC 2025 Reg H (Bo3)
|rated|
|rule|Species Clause: Limit one of each Pokémon
|rule|Item Clause: Limit 1 of each item
|clearpoke
|poke|p1|Incineroar, L50, F|
|poke|p1|Rillaboom, L50, M|
|poke|p1|Basculegion, L50, M|
|poke|p1|Tyranitar, L50, M|
|poke|p1|Volcarona, L50, M|
|poke|p1|Dragonite, L50, M|
|poke|p2|Ninetales-Alola, L50, M|
|poke|p2|Garchomp, L50, M|
|poke|p2|Dragonite, L50, M|
|poke|p2|Incineroar, L50, M|
|poke|p2|Gholdengo, L50|
|poke|p2|Farigiraf, L50, M|
|teampreview|4
|showteam|p1|Incineroar||SafetyGoggles|Intimidate|FakeOut,KnockOff,PartingShot,Taunt|||F|||50|,,,,,Ghost]Rillaboom||MiracleSeed|GrassySurge|FakeOut,GrassyGlide,WoodHammer,HighHorsepower|||M|||50|,,,,,Fire]Basculegion||ChoiceScarf|Adaptability|WaveCrash,FlipTurn,AquaJet,LastRespects|||M|||50|,,,,,Grass]Tyranitar||AssaultVest|SandStream|KnockOff,TeraBlast,LowKick,RockSlide|||M|||50|,,,,,Flying]Volcarona||Leftovers|FlameBody|HeatWave,TeraBlast,QuiverDance,Protect|||M|||50|,,,,,Fairy]Dragonite||LoadedDice|Multiscale|ScaleShot,Tailwind,Haze,Protect|||M|||50|,,,,,Fairy
|showteam|p2|Ninetales-Alola||FocusSash|SnowWarning|Encore,Blizzard,FreezeDry,Protect|||M|||50|,,,,,Ghost]Garchomp||ClearAmulet|RoughSkin|Earthquake,DragonClaw,StompingTantrum,Protect|||M|||50|,,,,,Ground]Dragonite||LumBerry|InnerFocus|TeraBlast,LowKick,ExtremeSpeed,Protect|||M|||50|,,,,,Flying]Incineroar||SafetyGoggles|Intimidate|FakeOut,PartingShot,FlareBlitz,KnockOff|||M|||50|,,,,,Ghost]Gholdengo||LifeOrb|GoodasGold|ShadowBall,MakeItRain,NastyPlot,Protect||||||50|,,,,,Flying]Farigiraf||SitrusBerry|ArmorTail|TrickRoom,Protect,TeraBlast,PsychicNoise|||M|||50|,,,,,Fighting
|inactive|Battle timer is ON: inactive players will automatically lose when time's up. (requested by MrTedno)
|
|t:|1756896049
|teamsize|p1|4
|teamsize|p2|4
|start
|switch|p1a: Volcarona|Volcarona, L50, M|100/100
|switch|p1b: Basculegion|Basculegion, L50, M|100/100
|switch|p2a: Marty|Dragonite, L50, M|100/100
|switch|p2b: Julien|Incineroar, L50, M|100/100
|-ability|p2b: Julien|Intimidate|boost
|-unboost|p1a: Volcarona|atk|1
|-unboost|p1b: Basculegion|atk|1
|turn|1
|inactive|MrTedno has 30 seconds left.
|inactive|MrTedno has 20 seconds left.
|inactive|MrTedno has 15 seconds left.
|
|t:|1756896092
|switch|p2b: Gloria|Ninetales-Alola, L50, M|100/100
|-weather|Snowscape|[from] ability: Snow Warning|[of] p2b: Gloria
|-terastallize|p1a: Volcarona|Fairy
|-terastallize|p2a: Marty|Flying
|move|p1b: Basculegion|Wave Crash|p2b: Gloria
|-damage|p2b: Gloria|43/100
|-damage|p1b: Basculegion|86/100|[from] Recoil
|move|p1a: Volcarona|Quiver Dance|p1a: Volcarona
|-boost|p1a: Volcarona|spa|1
|-boost|p1a: Volcarona|spd|1
|-boost|p1a: Volcarona|spe|1
|move|p2a: Marty|Tera Blast|p1a: Volcarona|[anim] Tera Blast Flying
|-damage|p1a: Volcarona|26/100
|
|-weather|Snowscape|[upkeep]
|-heal|p1a: Volcarona|32/100|[from] item: Leftovers
|upkeep
|turn|2
|inactive|MrTedno has 30 seconds left.
|inactive|TestNumber4 has 30 seconds left.
|inactive|MrTedno has 20 seconds left.
|inactive|TestNumber4 has 20 seconds left.
|inactive|MrTedno has 15 seconds left.
|inactive|MrTedno has 10 seconds left.
|inactive|MrTedno has 5 seconds left.
|
|t:|1756896145
|move|p1a: Volcarona|Protect|p1a: Volcarona
|-singleturn|p1a: Volcarona|Protect
|move|p1b: Basculegion|Wave Crash|p2b: Gloria
|-damage|p2b: Gloria|0 fnt
|faint|p2b: Gloria
|-damage|p1b: Basculegion|75/100|[from] Recoil
|move|p2a: Marty|Tera Blast|p1b: Basculegion|[anim] Tera Blast Flying
|-damage|p1b: Basculegion|0 fnt
|faint|p1b: Basculegion
|
|-weather|Snowscape|[upkeep]
|-heal|p1a: Volcarona|38/100|[from] item: Leftovers
|upkeep
|
|t:|1756896164
|switch|p2b: Julien|Incineroar, L50, M|100/100
|switch|p1b: Incineroar|Incineroar, L50, F, shiny|100/100
|-ability|p2b: Julien|Intimidate|boost
|-unboost|p1a: Volcarona|atk|1
|-unboost|p1b: Incineroar|atk|1
|-ability|p1b: Incineroar|Intimidate|boost
|-fail|p2a: Marty|unboost|Attack|[from] ability: Inner Focus|[of] p2a: Marty
|-unboost|p2b: Julien|atk|1
|turn|3
|inactive|MrTedno has 30 seconds left.
|inactive|MrTedno has 20 seconds left.
|
|t:|1756896201
|switch|p1a: Tyranitar|Tyranitar, L50, M, shiny|100/100
|-weather|Sandstorm|[from] ability: Sand Stream|[of] p1a: Tyranitar
|move|p2b: Julien|Fake Out|p1b: Incineroar
|-damage|p1b: Incineroar|94/100
|cant|p1b: Incineroar|flinch
|move|p2a: Marty|Tera Blast|p1a: Tyranitar|[anim] Tera Blast Flying
|-resisted|p1a: Tyranitar
|-damage|p1a: Tyranitar|73/100
|
|-weather|Sandstorm|[upkeep]
|-damage|p2a: Marty|95/100|[from] Sandstorm
|upkeep
|turn|4
|inactive|TestNumber4 has 30 seconds left.
|inactive|TestNumber4 has 20 seconds left.
|inactive|TestNumber4 has 15 seconds left.
|
|t:|1756896246
|move|p2a: Marty|Low Kick|p1a: Tyranitar
|-supereffective|p1a: Tyranitar
|-damage|p1a: Tyranitar|0 fnt
|faint|p1a: Tyranitar
|move|p2b: Julien|Parting Shot|p1b: Incineroar
|-unboost|p1b: Incineroar|atk|1
|-unboost|p1b: Incineroar|spa|1
|
|t:|1756896251
|switch|p2b: Skipper|Gholdengo, L50|100/100|[from] Parting Shot
|move|p1b: Incineroar|Parting Shot|p2b: Skipper
|-immune|p2b: Skipper|[from] ability: Good as Gold
|
|-weather|Sandstorm|[upkeep]
|-damage|p2a: Marty|89/100|[from] Sandstorm
|upkeep
|
|t:|1756896260
|switch|p1a: Volcarona|Volcarona, L50, M, tera:Fairy|38/100
|turn|5
|inactive|MrTedno has 30 seconds left.
|
|t:|1756896291
|switch|p2b: Julien|Incineroar, L50, M|100/100
|-ability|p2b: Julien|Intimidate|boost
|-unboost|p1a: Volcarona|atk|1
|-unboost|p1b: Incineroar|atk|1
|move|p1a: Volcarona|Heat Wave|p2a: Marty|[spread] p2a,p2b
|-resisted|p2b: Julien
|-damage|p2a: Marty|47/100
|-damage|p2b: Julien|85/100
|move|p2a: Marty|Tera Blast|p1a: Volcarona|[anim] Tera Blast Flying
|-damage|p1a: Volcarona|0 fnt
|faint|p1a: Volcarona
|move|p1b: Incineroar|Knock Off|p2b: Julien
|-resisted|p2b: Julien
|-damage|p2b: Julien|79/100
|-enditem|p2b: Julien|Safety Goggles|[from] move: Knock Off|[of] p1b: Incineroar
|
|-weather|Sandstorm|[upkeep]
|-damage|p2a: Marty|41/100|[from] Sandstorm
|-damage|p2b: Julien|72/100|[from] Sandstorm
|upkeep
|turn|6
|
|t:|1756896306
|move|p2b: Julien|Fake Out|p1b: Incineroar
|-damage|p1b: Incineroar|85/100
|move|p2a: Marty|Tera Blast|p1b: Incineroar|[anim] Tera Blast Flying
|-crit|p1b: Incineroar
|-damage|p1b: Incineroar|15/100
|cant|p1b: Incineroar|flinch
|
|-weather|Sandstorm|[upkeep]
|-damage|p2a: Marty|35/100|[from] Sandstorm
|-damage|p2b: Julien|66/100|[from] Sandstorm
|upkeep
|turn|7
|
|t:|1756896316
|move|p2a: Marty|Tera Blast|p1b: Incineroar|[anim] Tera Blast Flying
|-crit|p1b: Incineroar
|-damage|p1b: Incineroar|0 fnt
|faint|p1b: Incineroar
|
|win|MrTedno
|raw|TestNumber4's rating: 1320 → 1295(-25 for losing)
|raw|MrTedno's rating: 1234 → 1265(+31 for winning)
|c|☆MrTedno|ggwp
|l|☆TestNumber4
|player|p1|
