|j|☆Cannon14
|j|☆BVSelf
|html|Cannon14BVSelf    
|uhtml|bestof|Game 2 of a best-of-3
|t:|1783589869
|gametype|doubles
|player|p1|Cannon14|steven|1317
|player|p2|BVSelf|juan|1397
|gen|9
|tier|[Gen 9 Champions] VGC 2026 Reg M-B (Bo3)
|rated|
|rule|Species Clause: Limit one of each Pokémon
|rule|Item Clause: Limit 1 of each item
|clearpoke
|poke|p1|Delphox, L50, F|
|poke|p1|Grimmsnarl, L50, M|
|poke|p1|Rotom-Wash, L50|
|poke|p1|Sinistcha, L50|
|poke|p1|Kingambit, L50, M|
|poke|p1|Sneasler, L50, M|
|poke|p2|Torkoal, L50, M|
|poke|p2|Venusaur, L50, M|
|poke|p2|Farigiraf, L50, M|
|poke|p2|Scrafty, L50, M|
|poke|p2|Mamoswine, L50, F|
|poke|p2|Pyroar, L50, M|
|teampreview|4
|showteam|p1|Delphox||Delphoxite|Blaze|HeatWave,Psychic,NastyPlot,Protect|Timid||F|||50|]Grimmsnarl||LightClay|Prankster|FakeOut,Reflect,LightScreen,PartingShot|Careful||M|||50|]Rotom-Wash||SitrusBerry|Levitate|HydroPump,Thunderbolt,WillOWisp,VoltSwitch|Modest|||||50|]Sinistcha||ColburBerry|Hospitality|MatchaGotcha,RagePowder,TrickRoom,Protect|Quiet|||||50|]Kingambit||BlackGlasses|Defiant|KowtowCleave,SuckerPunch,SwordsDance,Protect|Adamant||M|||50|]Sneasler||FocusSash|Unburden|DireClaw,RockSlide,CloseCombat,FakeOut|Naive||M|||50|
|showteam|p2|Torkoal||HeatRock|Drought|Eruption,WeatherBall,HelpingHand,Protect|Quiet||M|||50|]Venusaur||LifeOrb|Chlorophyll|EnergyBall,SludgeBomb,EarthPower,Protect|Modest||M|||50|]Farigiraf||SitrusBerry|ArmorTail|Psychic,Thunderbolt,TrickRoom,Protect|Bold||M|||50|]Scrafty||Scraftinite|Intimidate|KnockOff,DrainPunch,IcePunch,FakeOut|Adamant||M|||50|]Mamoswine||FocusSash|Oblivious|HighHorsepower,RockSlide,IceShard,Protect|Adamant||F|||50|]Pyroar||Pyroarite|Unnerve|HeatWave,Overheat,Yawn,Protect|Timid||M|||50|
|inactive|Battle timer is ON: inactive players will automatically lose when time's up. (requested by Cannon14)
|inactive|Cannon14 has 60 seconds left.
|
|t:|1783589921
|teamsize|p1|4
|teamsize|p2|4
|start
|switch|p1a: Grimmsnarl|Grimmsnarl, L50, M|100/100
|switch|p1b: Rotom|Rotom-Wash, L50|100/100
|switch|p2a: Venusaur|Venusaur, L50, M|100/100
|switch|p2b: Scrafty|Scrafty, L50, M|100/100
|-ability|p2b: Scrafty|Intimidate|boost
|-unboost|p1a: Grimmsnarl|atk|1
|-unboost|p1b: Rotom|atk|1
|turn|1
|inactive|Cannon14 has 30 seconds left.
|inactive|Cannon14 has 20 seconds left.
|inactive|BVSelf has 30 seconds left.
|inactive|Cannon14 has 15 seconds left.
|inactive|Cannon14 has 10 seconds left.
|inactive|Cannon14 has 5 seconds left.
|
|t:|1783589974
|detailschange|p2b: Scrafty|Scrafty-Mega, L50, M
|-mega|p2b: Scrafty|Scrafty|Scraftinite
|-ability|p2b: Scrafty|Intimidate|boost
|-unboost|p1a: Grimmsnarl|atk|1
|-unboost|p1b: Rotom|atk|1
|move|p2b: Scrafty|Fake Out|p1a: Grimmsnarl
|-damage|p1a: Grimmsnarl|84/100
|cant|p1a: Grimmsnarl|flinch
|move|p2a: Venusaur|Sludge Bomb|p1a: Grimmsnarl
|-supereffective|p1a: Grimmsnarl|1
|-damage|p1a: Grimmsnarl|0 fnt
|faint|p1a: Grimmsnarl
|-damage|p2a: Venusaur|90/100|[from] item: Life Orb
|move|p1b: Rotom|Will-O-Wisp|p2b: Scrafty
|-status|p2b: Scrafty|brn
|
|-damage|p2b: Scrafty|94/100 brn|[from] brn
|upkeep
|
|t:|1783589993
|switch|p1a: Delphox|Delphox, L50, F|100/100
|turn|2
|
|t:|1783590007
|detailschange|p1a: Delphox|Delphox-Mega, L50, F
|-mega|p1a: Delphox|Delphox|Delphoxite
|move|p1a: Delphox|Nasty Plot|p1a: Delphox
|-boost|p1a: Delphox|spa|2
|move|p2a: Venusaur|Energy Ball|p1b: Rotom
|-supereffective|p1b: Rotom|1
|-damage|p1b: Rotom|0 fnt
|faint|p1b: Rotom
|-damage|p2a: Venusaur|80/100|[from] item: Life Orb
|move|p2b: Scrafty|Knock Off|p1a: Delphox
|-supereffective|p1a: Delphox|1
|-damage|p1a: Delphox|51/100
|
|-damage|p2b: Scrafty|88/100 brn|[from] brn
|upkeep
|
|t:|1783590014
|switch|p1b: Kingambit|Kingambit, L50, M|100/100
|turn|3
|
|t:|1783590033
|move|p2a: Venusaur|Protect|p2a: Venusaur
|-singleturn|p2a: Venusaur|Protect
|move|p1a: Delphox|Heat Wave|p2b: Scrafty|[spread] 
|-activate|p2a: Venusaur|move: Protect
|-miss|p1a: Delphox|p2b: Scrafty
|move|p2b: Scrafty|Drain Punch|p1b: Kingambit
|-supereffective|p1b: Kingambit|2
|-damage|p1b: Kingambit|36/100
|-heal|p2b: Scrafty|100/100 brn|[from] drain|[of] p1b: Kingambit
|move|p1b: Kingambit|Swords Dance|p1b: Kingambit
|-boost|p1b: Kingambit|atk|2
|
|-damage|p2b: Scrafty|94/100 brn|[from] brn
|upkeep
|turn|4
|inactive|Cannon14 has 30 seconds left.
|inactive|BVSelf has 30 seconds left.
|
|t:|1783590058
|switch|p2a: Torkoal|Torkoal, L50, M|100/100
|-weather|SunnyDay|[from] ability: Drought|[of] p2a: Torkoal
|move|p1b: Kingambit|Sucker Punch|p2b: Scrafty
|-resisted|p2b: Scrafty|2
|-damage|p2b: Scrafty|75/100 brn
|move|p1a: Delphox|Heat Wave|p2a: Torkoal|[spread] p2b
|-miss|p1a: Delphox|p2a: Torkoal
|-damage|p2b: Scrafty|0 fnt
|faint|p2b: Scrafty
|
|-weather|SunnyDay|[upkeep]
|upkeep
|
|t:|1783590068
|switch|p2b: Venusaur|Venusaur, L50, M|80/100
|turn|5
|inactive|Cannon14 has 30 seconds left.
|inactive|Cannon14 has 20 seconds left.
|inactive|Cannon14 has 15 seconds left.
|inactive|Cannon14 has 10 seconds left.
|
|t:|1783590118
|move|p2b: Venusaur|Protect|p2b: Venusaur
|-singleturn|p2b: Venusaur|Protect
|move|p2a: Torkoal|Protect|p2a: Torkoal
|-singleturn|p2a: Torkoal|Protect
|move|p1b: Kingambit|Sucker Punch||[still]
|-fail|p1b: Kingambit
|move|p1a: Delphox|Psychic|p2a: Torkoal
|-activate|p2a: Torkoal|move: Protect
|
|-weather|SunnyDay|[upkeep]
|upkeep
|turn|6
|
|t:|1783590132
|switch|p2a: Farigiraf|Farigiraf, L50, M|100/100
|move|p1b: Kingambit|Protect|p1b: Kingambit
|-singleturn|p1b: Kingambit|Protect
|move|p2b: Venusaur|Sludge Bomb|p1a: Delphox
|-damage|p1a: Delphox|0 fnt
|faint|p1a: Delphox
|-damage|p2b: Venusaur|71/100|[from] item: Life Orb
|
|-weather|SunnyDay|[upkeep]
|upkeep
|turn|7
|
|t:|1783590144
|move|p2b: Venusaur|Earth Power|p1b: Kingambit
|-supereffective|p1b: Kingambit|1
|-damage|p1b: Kingambit|0 fnt
|faint|p1b: Kingambit
|-damage|p2b: Venusaur|61/100|[from] item: Life Orb
|
|win|BVSelf
|raw|Cannon14's rating: 1317 → 1302(-15 for losing)
|raw|BVSelf's rating: 1397 → 1412(+15 for winning)
|c|☆BVSelf|ggs
