|j|☆bighamsterbaseball
|j|☆Inushimi
|html|bighamsterbaseballInushimi    
|uhtml|bestof|Game 1 of a best-of-3
|t:|1783184468
|gametype|doubles
|player|p1|bighamsterbaseball|pokemaniac|1134
|player|p2|Inushimi|169|1000
|gen|9
|tier|[Gen 9 Champions] VGC 2026 Reg M-B (Bo3)
|rated|
|rule|Species Clause: Limit one of each Pokémon
|rule|Item Clause: Limit 1 of each item
|clearpoke
|poke|p1|Pyroar, L50, F|
|poke|p1|Scrafty, L50, F|
|poke|p1|Torkoal, L50, F|
|poke|p1|Farigiraf, L50, F|
|poke|p1|Venusaur, L50, F|
|poke|p1|Mamoswine, L50, M|
|poke|p2|Kingambit, L50, M|
|poke|p2|Charizard, L50, M|
|poke|p2|Aerodactyl, L50, M|
|poke|p2|Farigiraf, L50, F|
|poke|p2|Garchomp, L50, M|
|poke|p2|Sylveon, L50, F|
|teampreview|4
|showteam|p1|Pyroar||Pyroarite|Unnerve|HeatWave,Overheat,Yawn,Protect|Timid||F|||50|]Scrafty||Scraftinite|Intimidate|FakeOut,DrainPunch,KnockOff,IcePunch|Adamant||F|||50|]Torkoal||HeatRock|Drought|Eruption,WeatherBall,HelpingHand,Protect|Quiet||F|||50|]Farigiraf||SitrusBerry|ArmorTail|Psychic,Thunderbolt,TrickRoom,Protect|Quiet||F|||50|]Venusaur||LifeOrb|Chlorophyll|EnergyBall,SludgeBomb,EarthPower,Protect|Modest||F|||50|]Mamoswine||FocusSash|Oblivious|IceShard,HighHorsepower,RockSlide,Protect|Adamant||M|||50|
|showteam|p2|Kingambit||FocusSash|Defiant|KowtowCleave,IronHead,SuckerPunch,LowKick|Adamant||M|||50|]Charizard||CharizarditeY|Blaze|HeatWave,SolarBeam,WeatherBall,Protect|Timid||M|||50|]Aerodactyl||Aerodactylite|Unnerve|RockSlide,DualWingbeat,IceFang,Tailwind|Jolly||M|||50|]Farigiraf||SitrusBerry|ArmorTail|Psychic,Thunderbolt,TrickRoom,Protect|Bold||F|||50|]Garchomp||LifeOrb|RoughSkin|Earthquake,DragonClaw,StompingTantrum,Protect|Jolly||M|||50|]Sylveon||FairyFeather|Pixilate|HyperVoice,HyperBeam,QuickAttack,Protect|Modest||F|||50|
|inactive|Battle timer is ON: inactive players will automatically lose when time's up. (requested by Inushimi)
|inactive|bighamsterbaseball has 60 seconds left.
|inactive|Inushimi has 60 seconds left.
|inactive|bighamsterbaseball has 30 seconds left.
|inactive|bighamsterbaseball has 20 seconds left.
|inactive|bighamsterbaseball has 15 seconds left.
|inactive|bighamsterbaseball has 10 seconds left.
|
|t:|1783184557
|teamsize|p1|4
|teamsize|p2|4
|start
|switch|p1a: Pyroar|Pyroar, L50, F|100/100
|switch|p1b: Scrafty|Scrafty, L50, F|100/100
|switch|p2a: Charizard|Charizard, L50, M|100/100
|switch|p2b: Kingambit|Kingambit, L50, M|100/100
|-ability|p1a: Pyroar|Unnerve
|-ability|p1b: Scrafty|Intimidate|boost
|-unboost|p2a: Charizard|atk|1
|-unboost|p2b: Kingambit|atk|1
|-ability|p2b: Kingambit|Defiant|boost
|-boost|p2b: Kingambit|atk|2
|turn|1
|inactive|Inushimi has 30 seconds left.
|inactive|Inushimi has 20 seconds left.
|
|t:|1783184596
|switch|p2b: Garchomp|Garchomp, L50, M|100/100
|detailschange|p1a: Pyroar|Pyroar-Mega, L50, F
|-mega|p1a: Pyroar|Pyroar|Pyroarite
|detailschange|p2a: Charizard|Charizard-Mega-Y, L50, M
|-mega|p2a: Charizard|Charizard|Charizardite Y
|-weather|SunnyDay|[from] ability: Drought|[of] p2a: Charizard
|move|p1b: Scrafty|Fake Out|p2b: Garchomp
|-damage|p2b: Garchomp|88/100
|-damage|p1b: Scrafty|87/100|[from] ability: Rough Skin|[of] p2b: Garchomp
|move|p1a: Pyroar|Heat Wave|p2b: Garchomp|[spread] p2a,p2b
|-resisted|p2a: Charizard|1
|-resisted|p2b: Garchomp|1
|-damage|p2a: Charizard|56/100
|-damage|p2b: Garchomp|40/100
|move|p2a: Charizard|Heat Wave|p1a: Pyroar|[spread] p1a,p1b
|-resisted|p1a: Pyroar|1
|-damage|p1a: Pyroar|57/100
|-damage|p1b: Scrafty|24/100
|
|-weather|SunnyDay|[upkeep]
|upkeep
|turn|2
|inactive|bighamsterbaseball has 30 seconds left.
|inactive|bighamsterbaseball has 20 seconds left.
|inactive|bighamsterbaseball has 15 seconds left.
|
|t:|1783184641
|switch|p1b: Torkoal|Torkoal, L50, F|100/100
|move|p2b: Garchomp|Protect|p2b: Garchomp
|-singleturn|p2b: Garchomp|Protect
|move|p1a: Pyroar|Heat Wave|p2a: Charizard|[spread] p2a
|-activate|p2b: Garchomp|move: Protect
|-resisted|p2a: Charizard|1
|-damage|p2a: Charizard|16/100
|move|p2a: Charizard|Heat Wave|p1b: Torkoal|[spread] p1a,p1b
|-resisted|p1a: Pyroar|1
|-resisted|p1b: Torkoal|1
|-damage|p1a: Pyroar|14/100
|-damage|p1b: Torkoal|61/100
|
|-weather|SunnyDay|[upkeep]
|upkeep
|turn|3
|inactive|Inushimi has 30 seconds left.
|l|☆bighamsterbaseball
|inactive|bighamsterbaseball disconnected and has a minute to reconnect!
|player|p1|
|
|t:|1783184674
|switch|p1b: Scrafty|Scrafty, L50, F|24/100
|-ability|p1b: Scrafty|Intimidate|boost
|-unboost|p2a: Charizard|atk|1
|-unboost|p2b: Garchomp|atk|1
|move|p2a: Charizard|Protect|p2a: Charizard
|-singleturn|p2a: Charizard|Protect
|move|p1a: Pyroar|Heat Wave|p2b: Garchomp|[spread] p2b
|-activate|p2a: Charizard|move: Protect
|-resisted|p2b: Garchomp|1
|-damage|p2b: Garchomp|0 fnt
|faint|p2b: Garchomp
|
|-weather|SunnyDay|[upkeep]
|upkeep
|j|☆bighamsterbaseball
|inactive|bighamsterbaseball reconnected.
|player|p1|bighamsterbaseball|pokemaniac|
|
|t:|1783184687
|switch|p2b: Sylveon|Sylveon, L50, F|100/100
|turn|4
|inactive|bighamsterbaseball has 30 seconds left.
|inactive|bighamsterbaseball has 20 seconds left.
|inactive|bighamsterbaseball has 15 seconds left.
|inactive|bighamsterbaseball has 10 seconds left.
|
|t:|1783184732
|move|p1b: Scrafty|Fake Out|p2b: Sylveon
|-damage|p2b: Sylveon|84/100
|cant|p2b: Sylveon|flinch
|move|p1a: Pyroar|Heat Wave|p2a: Charizard|[spread] p2b
|-miss|p1a: Pyroar|p2a: Charizard
|-damage|p2b: Sylveon|17/100
|-status|p2b: Sylveon|brn
|move|p2a: Charizard|Heat Wave|p1a: Pyroar|[spread] p1a,p1b
|-resisted|p1a: Pyroar|1
|-damage|p1a: Pyroar|0 fnt
|-damage|p1b: Scrafty|0 fnt
|faint|p1a: Pyroar
|faint|p1b: Scrafty
|
|-weather|SunnyDay|[upkeep]
|-damage|p2b: Sylveon|11/100 brn|[from] brn
|upkeep
|
|t:|1783184740
|switch|p1a: Torkoal|Torkoal, L50, F|61/100
|switch|p1b: Mamoswine|Mamoswine, L50, M|100/100
|turn|5
|
|t:|1783184758
|move|p1b: Mamoswine|Protect|p1b: Mamoswine
|-singleturn|p1b: Mamoswine|Protect
|move|p2b: Sylveon|Quick Attack|p1b: Mamoswine
|-activate|p1b: Mamoswine|move: Protect
|move|p2a: Charizard|Heat Wave|p1b: Mamoswine|[spread] p1a
|-activate|p1b: Mamoswine|move: Protect
|-resisted|p1a: Torkoal|1
|-damage|p1a: Torkoal|16/100
|move|p1a: Torkoal|Eruption|p2b: Sylveon|[spread] p2a,p2b
|-resisted|p2a: Charizard|1
|-damage|p2a: Charizard|10/100
|-damage|p2b: Sylveon|1/100 brn
|
|-weather|none
|-damage|p2b: Sylveon|0 fnt|[from] brn
|faint|p2b: Sylveon
|upkeep
|
|t:|1783184771
|switch|p2b: Kingambit|Kingambit, L50, M|100/100
|turn|6
|inactive|bighamsterbaseball has 30 seconds left.
|inactive|bighamsterbaseball has 20 seconds left.
|inactive|bighamsterbaseball has 15 seconds left.
|
|t:|1783184813
|move|p2a: Charizard|Heat Wave|p1a: Torkoal|[spread] p1a,p1b
|-resisted|p1a: Torkoal|1
|-supereffective|p1b: Mamoswine|1
|-damage|p1a: Torkoal|0 fnt
|-enditem|p1b: Mamoswine|Focus Sash
|-damage|p1b: Mamoswine|1/100
|faint|p1a: Torkoal
|move|p1b: Mamoswine|Rock Slide|p2b: Kingambit|[spread] p2a,p2b
|-supereffective|p2a: Charizard|2
|-resisted|p2b: Kingambit|1
|-damage|p2a: Charizard|0 fnt
|-damage|p2b: Kingambit|91/100
|faint|p2a: Charizard
|move|p2b: Kingambit|Iron Head|p1b: Mamoswine
|-supereffective|p1b: Mamoswine|1
|-damage|p1b: Mamoswine|0 fnt
|faint|p1b: Mamoswine
|
|win|Inushimi
|inactive|bighamsterbaseball has 30 seconds to confirm battle start!
|inactive|Inushimi has 30 seconds to confirm battle start!
||Inushimi is ready for game 2.
||bighamsterbaseball is ready for game 2.
|uhtml|next|Next: Game 2 of 3
|j| The Educated Fool
|l|☆bighamsterbaseball
|player|p1|
|l|☆Inushimi
|player|p2|
|n| The Educated Fool|theeducatedfool
