|j|☆Ducktile
|j|☆ScribbleScribble
|html|DucktileScribbleScribble    
|uhtml|bestof|Game 1 of a best-of-3
|t:|1757912858
|gametype|doubles
|player|p1|Ducktile|emmet|1296
|player|p2|ScribbleScribble|mina-lgpe|1193
|gen|9
|tier|[Gen 9] VGC 2025 Reg H (Bo3)
|rated|
|rule|Species Clause: Limit one of each Pokémon
|rule|Item Clause: Limit 1 of each item
|clearpoke
|poke|p1|Rillaboom, L50, F|
|poke|p1|Volcarona, L50, M|
|poke|p1|Basculegion, L50, M|
|poke|p1|Incineroar, L50, F|
|poke|p1|Ninetales-Alola, L50, F|
|poke|p1|Ursaluna-Bloodmoon, L50, M|
|poke|p2|Volcarona, L50, M|
|poke|p2|Rillaboom, L50, F|
|poke|p2|Kingambit, L50, F|
|poke|p2|Basculegion, L50, M|
|poke|p2|Sneasler, L50, F|
|poke|p2|Clefable, L50, F|
|teampreview|4
|showteam|p1|Rillaboom||AssaultVest|GrassySurge|WoodHammer,GrassyGlide,FakeOut,HighHorsepower|||F|||50|,,,,,Fire]Volcarona||GrassySeed|FlameBody|HeatWave,TeraBlast,QuiverDance,Protect|||M|||50|,,,,,Fairy]Basculegion||ChoiceScarf|Adaptability|WaveCrash,LastRespects,FlipTurn,AquaJet|||M|||50|,,,,,Water]Incineroar||SafetyGoggles|Intimidate|FlareBlitz,KnockOff,FakeOut,PartingShot|||F|||50|,,,,,Ghost]Ninetales-Alola||FocusSash|SnowWarning|Blizzard,FreezeDry,AuroraVeil,Protect|||F|||50|,,,,,Ice]Ursaluna-Bloodmoon||Leftovers|MindsEye|BloodMoon,EarthPower,Yawn,Protect|||M|||50|,,,,,Water
|showteam|p2|Volcarona||Leftovers|FlameBody|HeatWave,TeraBlast,QuiverDance,Protect|||M|||50|,,,,,Fairy]Rillaboom||AssaultVest|GrassySurge|WoodHammer,GrassyGlide,HighHorsepower,FakeOut|||F|||50|,,,,,Fire]Kingambit||SafetyGoggles|Defiant|KowtowCleave,SuckerPunch,SwordsDance,Protect|||F|||50|,,,,,Ghost]Basculegion||ChoiceScarf|Adaptability|WaveCrash,FlipTurn,LastRespects,AquaJet|||M|||50|,,,,,Water]Sneasler||GrassySeed|Unburden|CloseCombat,Acrobatics,SwordsDance,Protect|||F|||50|,,,,,Flying]Clefable||SitrusBerry|Unaware|Moonblast,FollowMe,LifeDew,Protect|||F|||50|,,,,,Water
|inactive|Battle timer is ON: inactive players will automatically lose when time's up. (requested by ScribbleScribble)
|c|☆ScribbleScribble|mishtile
|c|☆Ducktile|mish mish
|inactive|Ducktile has 60 seconds left.
|inactive|ScribbleScribble has 60 seconds left.
|
|t:|1757912892
|teamsize|p1|4
|teamsize|p2|4
|start
|switch|p1a: Basculegion|Basculegion, L50, M|100/100
|switch|p1b: Ninetales|Ninetales-Alola, L50, F|100/100
|switch|p2a: Kingambit|Kingambit, L50, F|100/100
|switch|p2b: Sneasler|Sneasler, L50, F, shiny|100/100
|-weather|Snowscape|[from] ability: Snow Warning|[of] p1b: Ninetales
|turn|1
|inactive|Ducktile has 30 seconds left.
|inactive|ScribbleScribble has 30 seconds left.
|
|t:|1757912923
|move|p1a: Basculegion|Flip Turn|p2b: Sneasler
|-damage|p2b: Sneasler|36/100
|
|t:|1757912927
|switch|p1a: Rillaboom|Rillaboom, L50, F|100/100|[from] Flip Turn
|-fieldstart|move: Grassy Terrain|[from] ability: Grassy Surge|[of] p1a: Rillaboom
|-enditem|p2b: Sneasler|Grassy Seed
|-boost|p2b: Sneasler|def|1|[from] item: Grassy Seed
|move|p2b: Sneasler|Close Combat|p1b: Ninetales
|-damage|p1b: Ninetales|38/100
|-unboost|p2b: Sneasler|def|1
|-unboost|p2b: Sneasler|spd|1
|move|p1b: Ninetales|Aurora Veil|p1b: Ninetales
|-sidestart|p1: Ducktile|move: Aurora Veil
|move|p2a: Kingambit|Swords Dance|p2a: Kingambit
|-boost|p2a: Kingambit|atk|2
|
|-weather|Snowscape|[upkeep]
|-heal|p2b: Sneasler|42/100|[from] Grassy Terrain
|-heal|p1b: Ninetales|44/100|[from] Grassy Terrain
|upkeep
|turn|2
|
|t:|1757912946
|move|p2b: Sneasler|Protect|p2b: Sneasler
|-singleturn|p2b: Sneasler|Protect
|move|p2a: Kingambit|Protect|p2a: Kingambit
|-singleturn|p2a: Kingambit|Protect
|move|p1b: Ninetales|Blizzard|p2a: Kingambit|[spread] 
|-activate|p2a: Kingambit|move: Protect
|-activate|p2b: Sneasler|move: Protect
|move|p1a: Rillaboom|High Horsepower|p2a: Kingambit
|-activate|p2a: Kingambit|move: Protect
|
|-weather|Snowscape|[upkeep]
|-heal|p2b: Sneasler|48/100|[from] Grassy Terrain
|-heal|p1b: Ninetales|50/100|[from] Grassy Terrain
|upkeep
|turn|3
|
|t:|1757912971
|-terastallize|p2b: Sneasler|Flying
|move|p2a: Kingambit|Sucker Punch|p1b: Ninetales
|-resisted|p1b: Ninetales
|-damage|p1b: Ninetales|24/100
|move|p2b: Sneasler|Acrobatics|p1a: Rillaboom
|-supereffective|p1a: Rillaboom
|-damage|p1a: Rillaboom|24/100
|move|p1b: Ninetales|Blizzard|p2b: Sneasler|[spread] p2a,p2b
|-resisted|p2a: Kingambit
|-supereffective|p2b: Sneasler
|-damage|p2a: Kingambit|84/100
|-damage|p2b: Sneasler|0 fnt
|faint|p2b: Sneasler
|move|p1a: Rillaboom|High Horsepower|p2a: Kingambit|[miss]
|-miss|p1a: Rillaboom|p2a: Kingambit
|
|-weather|Snowscape|[upkeep]
|-heal|p1b: Ninetales|30/100|[from] Grassy Terrain
|-heal|p1a: Rillaboom|30/100|[from] Grassy Terrain
|-heal|p2a: Kingambit|90/100|[from] Grassy Terrain
|upkeep
|
|t:|1757912977
|switch|p2b: Basculegion|Basculegion, L50, M|100/100
|turn|4
|
|t:|1757913001
|move|p1a: Rillaboom|Grassy Glide|p2b: Basculegion
|-supereffective|p2b: Basculegion
|-damage|p2b: Basculegion|15/100
|move|p2a: Kingambit|Sucker Punch||[still]
|-fail|p2a: Kingambit
|move|p2b: Basculegion|Wave Crash|p1b: Ninetales
|-damage|p1b: Ninetales|0 fnt
|faint|p1b: Ninetales
|-damage|p2b: Basculegion|7/100|[from] Recoil
|
|-weather|Snowscape|[upkeep]
|-heal|p2b: Basculegion|13/100|[from] Grassy Terrain
|-heal|p1a: Rillaboom|36/100|[from] Grassy Terrain
|-heal|p2a: Kingambit|96/100|[from] Grassy Terrain
|upkeep
|
|t:|1757913009
|switch|p1b: Volcarona|Volcarona, L50, M|100/100
|-enditem|p1b: Volcarona|Grassy Seed
|-boost|p1b: Volcarona|def|1|[from] item: Grassy Seed
|turn|5
|inactive|ScribbleScribble has 30 seconds left.
|
|t:|1757913036
|move|p1a: Rillaboom|Grassy Glide|p2b: Basculegion
|-supereffective|p2b: Basculegion
|-damage|p2b: Basculegion|0 fnt
|faint|p2b: Basculegion
|move|p1b: Volcarona|Quiver Dance|p1b: Volcarona
|-boost|p1b: Volcarona|spa|1
|-boost|p1b: Volcarona|spd|1
|-boost|p1b: Volcarona|spe|1
|move|p2a: Kingambit|Kowtow Cleave|p1b: Volcarona
|-damage|p1b: Volcarona|54/100
|
|-weather|none
|-heal|p1b: Volcarona|60/100|[from] Grassy Terrain
|-heal|p1a: Rillaboom|42/100|[from] Grassy Terrain
|-heal|p2a: Kingambit|100/100|[from] Grassy Terrain
|-sideend|p1: Ducktile|move: Aurora Veil
|-fieldend|move: Grassy Terrain
|upkeep
|
|t:|1757913038
|switch|p2b: Rillaboom|Rillaboom, L50, F|100/100
|-fieldstart|move: Grassy Terrain|[from] ability: Grassy Surge|[of] p2b: Rillaboom
|turn|6
|inactive|Ducktile has 30 seconds left.
|
|t:|1757913064
|move|p1b: Volcarona|Protect|p1b: Volcarona
|-singleturn|p1b: Volcarona|Protect
|move|p2b: Rillaboom|Fake Out|p1b: Volcarona
|-activate|p1b: Volcarona|move: Protect
|move|p1a: Rillaboom|High Horsepower|p2a: Kingambit
|-supereffective|p2a: Kingambit
|-damage|p2a: Kingambit|47/100
|move|p2a: Kingambit|Swords Dance|p2a: Kingambit
|-boost|p2a: Kingambit|atk|2
|
|-heal|p1b: Volcarona|67/100|[from] Grassy Terrain
|-heal|p1a: Rillaboom|48/100|[from] Grassy Terrain
|-heal|p2a: Kingambit|53/100|[from] Grassy Terrain
|upkeep
|turn|7
|
|t:|1757913079
|-terastallize|p1b: Volcarona|Fairy
|move|p2a: Kingambit|Sucker Punch|p1b: Volcarona
|-resisted|p1b: Volcarona
|-damage|p1b: Volcarona|19/100
|-status|p2a: Kingambit|brn|[from] ability: Flame Body|[of] p1b: Volcarona
|move|p1b: Volcarona|Heat Wave|p2b: Rillaboom|[spread] p2a,p2b
|-supereffective|p2a: Kingambit
|-supereffective|p2b: Rillaboom
|-damage|p2a: Kingambit|0 fnt
|-damage|p2b: Rillaboom|25/100
|faint|p2a: Kingambit
|move|p2b: Rillaboom|Wood Hammer|p1a: Rillaboom
|-resisted|p1a: Rillaboom
|-damage|p1a: Rillaboom|13/100
|-damage|p2b: Rillaboom|14/100|[from] Recoil
|move|p1a: Rillaboom|High Horsepower|p2b: Rillaboom|[miss]
|-miss|p1a: Rillaboom|p2b: Rillaboom
|
|-heal|p1b: Volcarona|25/100|[from] Grassy Terrain
|-heal|p2b: Rillaboom|19/100|[from] Grassy Terrain
|-heal|p1a: Rillaboom|18/100|[from] Grassy Terrain
|upkeep
|turn|8
|
|t:|1757913102
|move|p2b: Rillaboom|Grassy Glide|p1b: Volcarona
|-damage|p1b: Volcarona|0 fnt
|faint|p1b: Volcarona
|move|p1a: Rillaboom|Grassy Glide|p2b: Rillaboom
|-resisted|p2b: Rillaboom
|-damage|p2b: Rillaboom|0 fnt
|faint|p2b: Rillaboom
|
|win|Ducktile
||ScribbleScribble is ready for game 2.
||Ducktile is ready for game 2.
|uhtml|next|Next: Game 2 of 3
