|j|☆owbd
|j|☆MVPJLO
|html|owbdMVPJLO    
|uhtml|bestof|Game 1 of a best-of-3
|t:|1757663102
|gametype|doubles
|player|p1|owbd|cynthia-gen4|1121
|player|p2|MVPJLO|265|1220
|gen|9
|tier|[Gen 9] VGC 2025 Reg H (Bo3)
|rated|
|rule|Species Clause: Limit one of each Pokémon
|rule|Item Clause: Limit 1 of each item
|clearpoke
|poke|p1|Gholdengo, L50|
|poke|p1|Milotic, L50, F|
|poke|p1|Rillaboom, L50, M|
|poke|p1|Incineroar, L50, M|
|poke|p1|Volcarona, L50, M|
|poke|p1|Dragonite, L50, F|
|poke|p2|Garchomp, L50, M|
|poke|p2|Whimsicott, L50, F|
|poke|p2|Sneasler, L50, F|
|poke|p2|Incineroar, L50, F|
|poke|p2|Dragonite, L50, F|
|poke|p2|Gholdengo, L50|
|teampreview|4
|showteam|p1|Gholdengo||LifeOrb|GoodasGold|NastyPlot,MakeItRain,ShadowBall,Protect||||||50|,,,,,Steel]Milotic||SitrusBerry|Competitive|Scald,IceBeam,Protect,Haze|||F|||50|,,,,,Fairy]Rillaboom||AssaultVest|GrassySurge|FakeOut,GrassyGlide,WoodHammer,Uturn|||M|||50|,,,,,Fire]Incineroar||SafetyGoggles|Intimidate|FlareBlitz,FakeOut,KnockOff,PartingShot|||M|||50|,,,,,Ghost]Volcarona||Leftovers|FlameBody|HeatWave,FieryDance,QuiverDance,Protect|||M|||50|,,,,,Grass]Dragonite||LoadedDice|Multiscale|ScaleShot,ExtremeSpeed,Protect,Tailwind|||F|||50|,,,,,Normal
|showteam|p2|Garchomp||LifeOrb|RoughSkin|Earthquake,StompingTantrum,DragonClaw,Protect|||M|||50|,,,,,Ground]Whimsicott||CovertCloak|Prankster|Tailwind,Moonblast,Encore,Protect|||F|||50|,,,,,Ghost]Sneasler||FocusSash|Unburden|DireClaw,CloseCombat,Coaching,Protect|||F|||50|,,,,,Flying]Incineroar||ChopleBerry|Intimidate|FakeOut,FlareBlitz,KnockOff,PartingShot|||F|||50|,,,,,Ghost]Dragonite||LoadedDice|Multiscale|ScaleShot,Tailwind,Haze,Protect|||F|||50|,,,,,Fairy]Gholdengo||ChoiceSpecs|GoodasGold|MakeItRain,ShadowBall,Thunderbolt,SteelBeam||||||50|,,,,,Steel
|
|t:|1757663180
|teamsize|p1|4
|teamsize|p2|4
|start
|switch|p1a: Gholdengo|Gholdengo, L50|100/100
|switch|p1b: Dragonite|Dragonite, L50, F|100/100
|switch|p2a: Sneasler|Sneasler, L50, F|100/100
|switch|p2b: Dragonite|Dragonite, L50, F|100/100
|turn|1
|
|t:|1757663213
|move|p2a: Sneasler|Coaching|p2b: Dragonite
|-boost|p2b: Dragonite|atk|1
|-boost|p2b: Dragonite|def|1
|move|p1a: Gholdengo|Make It Rain|p2b: Dragonite|[spread] p2a,p2b
|-damage|p2a: Sneasler|10/100
|-damage|p2b: Dragonite|66/100
|-unboost|p1a: Gholdengo|spa|1
|-damage|p1a: Gholdengo|91/100|[from] item: Life Orb
|move|p2b: Dragonite|Scale Shot|p1b: Dragonite
|-supereffective|p1b: Dragonite
|-damage|p1b: Dragonite|78/100
|-supereffective|p1b: Dragonite
|-damage|p1b: Dragonite|34/100
|-supereffective|p1b: Dragonite
|-damage|p1b: Dragonite|0 fnt
|faint|p1b: Dragonite
|-hitcount|p1: Dragonite|3
|-unboost|p2b: Dragonite|def|1
|-boost|p2b: Dragonite|spe|1
|
|upkeep
|
|t:|1757663237
|switch|p1b: Milotic|Milotic, L50, F|100/100
|turn|2
|
|t:|1757663253
|move|p2b: Dragonite|Tailwind|p2b: Dragonite
|-sidestart|p2: MVPJLO|move: Tailwind
|move|p2a: Sneasler|Coaching|p2b: Dragonite
|-boost|p2b: Dragonite|atk|1
|-boost|p2b: Dragonite|def|1
|move|p1a: Gholdengo|Nasty Plot|p1a: Gholdengo
|-boost|p1a: Gholdengo|spa|2
|move|p1b: Milotic|Ice Beam|p2b: Dragonite
|-supereffective|p2b: Dragonite
|-damage|p2b: Dragonite|0 fnt
|faint|p2b: Dragonite
|
|upkeep
|
|t:|1757663262
|switch|p2b: Incineroar|Incineroar, L50, F|100/100
|-ability|p2b: Incineroar|Intimidate|boost
|-unboost|p1a: Gholdengo|atk|1
|-unboost|p1b: Milotic|atk|1
|-ability|p1b: Milotic|Competitive|boost
|-boost|p1b: Milotic|spa|2
|turn|3
|
|t:|1757663298
|move|p2a: Sneasler|Dire Claw|p1b: Milotic
|-damage|p1b: Milotic|52/100
|-status|p1b: Milotic|psn
|move|p2b: Incineroar|Knock Off|p1b: Milotic
|-damage|p1b: Milotic|4/100 psn
|-enditem|p1b: Milotic|Sitrus Berry|[from] move: Knock Off|[of] p2b: Incineroar
|move|p1a: Gholdengo|Nasty Plot|p1a: Gholdengo
|-boost|p1a: Gholdengo|spa|2
|move|p1b: Milotic|Scald|p2b: Incineroar
|-supereffective|p2b: Incineroar
|-damage|p2b: Incineroar|0 fnt
|faint|p2b: Incineroar
|
|-damage|p1b: Milotic|0 fnt|[from] psn
|faint|p1b: Milotic
|upkeep
|
|t:|1757663313
|switch|p1b: Volcarona|Volcarona, L50, M|100/100
|switch|p2b: Gholdengo|Gholdengo, L50|100/100
|turn|4
|
|t:|1757663352
|-terastallize|p2b: Gholdengo|Steel
|move|p2a: Sneasler|Close Combat|p1a: Gholdengo
|-immune|p1a: Gholdengo
|move|p2b: Gholdengo|Shadow Ball|p1a: Gholdengo
|-supereffective|p1a: Gholdengo
|-damage|p1a: Gholdengo|0 fnt
|faint|p1a: Gholdengo
|move|p1b: Volcarona|Heat Wave|p2a: Sneasler|[spread] p2a,p2b
|-supereffective|p2b: Gholdengo
|-damage|p2a: Sneasler|0 fnt
|-damage|p2b: Gholdengo|21/100
|faint|p2a: Sneasler
|
|upkeep
|turn|5
|
|t:|1757663372
|move|p2b: Gholdengo|Shadow Ball|p1b: Volcarona
|-damage|p1b: Volcarona|47/100
|-unboost|p1b: Volcarona|spd|1
|move|p1b: Volcarona|Heat Wave|p2b: Gholdengo
|-supereffective|p2b: Gholdengo
|-damage|p2b: Gholdengo|0 fnt
|faint|p2b: Gholdengo
|
|win|owbd
||owbd is ready for game 2.
|inactive|MVPJLO has 30 seconds to confirm battle start!
|inactive|MVPJLO has 20 seconds to confirm battle start!
||MVPJLO is ready for game 2.
|uhtml|next|Next: Game 2 of 3
