|j|☆XelaMaster
|j|☆Zappower
|html|XelaMasterZappower    
|uhtml|bestof|Game 1 of a best-of-3
|t:|1782711296
|gametype|doubles
|player|p1|XelaMaster|volkner|1051
|player|p2|Zappower|102|1057
|gen|9
|tier|[Gen 9 Champions] VGC 2026 Reg M-B (Bo3)
|rated|
|rule|Species Clause: Limit one of each Pokémon
|rule|Item Clause: Limit 1 of each item
|clearpoke
|poke|p1|Gardevoir, L50, F|
|poke|p1|Maushold-Four, L50|
|poke|p1|Basculegion, L50, M|
|poke|p1|Kingambit, L50, F|
|poke|p1|Talonflame, L50, M|
|poke|p1|Garchomp, L50, M|
|poke|p2|Swampert, L50, F|
|poke|p2|Pelipper, L50, F|
|poke|p2|Archaludon, L50, M|
|poke|p2|Sinistcha, L50|
|poke|p2|Maushold, L50|
|poke|p2|Gholdengo, L50|
|teampreview|4
|showteam|p1|Gardevoir||Gardevoirite|Telepathy|HyperVoice,Protect,Psyshock,TrickRoom|Modest||F|||50|]Maushold-Four||FocusSash|FriendGuard|FollowMe,Encore,SuperFang,Protect|Jolly|||||50|]Basculegion||SitrusBerry|Adaptability|AquaJet,LastRespects,WaveCrash,Protect|Adamant||M|||50|]Kingambit||ChopleBerry|Defiant|Protect,SuckerPunch,KowtowCleave,IronHead|Adamant||F|||50|]Talonflame|||GaleWings|Tailwind,WillOWisp,Acrobatics,Protect|Jolly||M|||50|]Garchomp||LifeOrb|RoughSkin|Earthquake,RockSlide,DragonClaw,Protect|Adamant||M|||50|
|showteam|p2|Swampert||Swampertite|Torrent|HighHorsepower,IcePunch,Protect,WaveCrash|Adamant||F|||50|]Pelipper||SitrusBerry|Drizzle|WeatherBall,Hurricane,Tailwind,WideGuard|Modest||F|||50|]Archaludon||Leftovers|Stamina|ElectroShot,DragonPulse,FlashCannon,Protect|Modest||M|||50|]Sinistcha||KasibBerry|Hospitality|RagePowder,MatchaGotcha,TrickRoom,Protect|Quiet|||||50|]Maushold||FocusSash|FriendGuard|FollowMe,SuperFang,RainDance,Protect|Jolly|||||50|]Gholdengo||LifeOrb|GoodasGold|MakeItRain,ShadowBall,NastyPlot,Protect|Modest|||||50|
|inactive|Battle timer is ON: inactive players will automatically lose when time's up. (requested by XelaMaster)
|inactive|XelaMaster has 60 seconds left.
|
|t:|1782711337
|teamsize|p1|4
|teamsize|p2|4
|start
|switch|p1a: Talonflame|Talonflame, L50, M|100/100
|switch|p1b: Gardevoir|Gardevoir, L50, F|100/100
|switch|p2a: Sinistcha|Sinistcha, L50|100/100
|switch|p2b: Maushold|Maushold, L50|100/100
|turn|1
|inactive|XelaMaster has 30 seconds left.
|l|☆XelaMaster
|inactive|XelaMaster disconnected and has a minute to reconnect!
|player|p1|
|inactive|XelaMaster has 20 seconds left.
|inactive|XelaMaster has 15 seconds left.
|j|☆XelaMaster
|inactive|XelaMaster reconnected and has 15 seconds left.
|player|p1|XelaMaster|volkner|
|inactive|XelaMaster has 10 seconds left.
|inactive|XelaMaster has 5 seconds left.
|
|t:|1782711390
|detailschange|p1b: Gardevoir|Gardevoir-Mega, L50, F
|-mega|p1b: Gardevoir|Gardevoir|Gardevoirite
|move|p2b: Maushold|Follow Me|p2b: Maushold
|-singleturn|p2b: Maushold|move: Follow Me
|move|p1a: Talonflame|Tailwind|p1a: Talonflame
|-sidestart|p1: XelaMaster|move: Tailwind
|move|p1b: Gardevoir|Hyper Voice|p2b: Maushold|[spread] p2a,p2b
|-damage|p2a: Sinistcha|56/100
|-damage|p2b: Maushold|37/100
|move|p2a: Sinistcha|Trick Room|p2a: Sinistcha
|-fieldstart|move: Trick Room|[of] p2a: Sinistcha
|
|upkeep
|turn|2
|
|t:|1782711414
|move|p2a: Sinistcha|Protect|p2a: Sinistcha
|-singleturn|p2a: Sinistcha|Protect
|move|p1a: Talonflame|Acrobatics|p2a: Sinistcha
|-activate|p2a: Sinistcha|move: Protect
|move|p2b: Maushold|Rain Dance|p2b: Maushold
|-weather|RainDance
|move|p1b: Gardevoir|Hyper Voice|p2a: Sinistcha|[spread] p2b
|-activate|p2a: Sinistcha|move: Protect
|-damage|p2b: Maushold|0 fnt
|faint|p2b: Maushold
|
|-weather|RainDance|[upkeep]
|upkeep
|
|t:|1782711426
|switch|p2b: Swampert|Swampert, L50, F|100/100
|turn|3
|inactive|XelaMaster has 30 seconds left.
|
|t:|1782711458
|move|p1b: Gardevoir|Protect|p1b: Gardevoir
|-singleturn|p1b: Gardevoir|Protect
|move|p1a: Talonflame|Acrobatics|p2a: Sinistcha
|-supereffective|p2a: Sinistcha|1
|-damage|p2a: Sinistcha|0 fnt
|faint|p2a: Sinistcha
|move|p2b: Swampert|Wave Crash|p1a: Talonflame
|-supereffective|p1a: Talonflame|1
|-damage|p1a: Talonflame|0 fnt
|faint|p1a: Talonflame
|-damage|p2b: Swampert|71/100|[from] Recoil
|
|-weather|RainDance|[upkeep]
|upkeep
|inactive|XelaMaster has 30 seconds left.
|
|t:|1782711489
|switch|p2a: Pelipper|Pelipper, L50, F|100/100
|switch|p1a: Maushold|Maushold-Four, L50|100/100
|turn|4
|inactive|Zappower has 30 seconds left.
|
|t:|1782711522
|move|p2a: Pelipper|Wide Guard|p2a: Pelipper
|-singleturn|p2a: Pelipper|Wide Guard
|move|p1a: Maushold|Follow Me|p1a: Maushold
|-singleturn|p1a: Maushold|move: Follow Me
|move|p2b: Swampert|High Horsepower|p1a: Maushold
|-damage|p1a: Maushold|41/100
|move|p1b: Gardevoir|Psyshock|p2b: Swampert
|-damage|p2b: Swampert|10/100
|
|-weather|RainDance|[upkeep]
|-sideend|p1: XelaMaster|move: Tailwind
|upkeep
|turn|5
|inactive|XelaMaster has 30 seconds left.
|
|t:|1782711551
|move|p1b: Gardevoir|Protect|p1b: Gardevoir
|-singleturn|p1b: Gardevoir|Protect
|move|p1a: Maushold|Protect|p1a: Maushold
|-singleturn|p1a: Maushold|Protect
|move|p2a: Pelipper|Hurricane|p1b: Gardevoir
|-activate|p1b: Gardevoir|move: Protect
|move|p2b: Swampert|High Horsepower|p1b: Gardevoir
|-activate|p1b: Gardevoir|move: Protect
|
|-weather|RainDance|[upkeep]
|-fieldend|move: Trick Room
|upkeep
|turn|6
|
|t:|1782711574
|detailschange|p2b: Swampert|Swampert-Mega, L50, F
|-mega|p2b: Swampert|Swampert|Swampertite
|move|p2b: Swampert|High Horsepower|p1b: Gardevoir|[miss]
|-miss|p2b: Swampert|p1b: Gardevoir
|move|p1a: Maushold|Super Fang|p2a: Pelipper
|-damage|p2a: Pelipper|50/100g
|move|p1b: Gardevoir|Hyper Voice|p2a: Pelipper|[spread] p2a,p2b
|-damage|p2a: Pelipper|0 fnt
|-damage|p2b: Swampert|0 fnt
|faint|p2a: Pelipper
|faint|p2b: Swampert
|
|win|XelaMaster
|inactive|XelaMaster has 30 seconds to confirm battle start!
|inactive|Zappower has 30 seconds to confirm battle start!
|l|☆Zappower
|player|p2|
||Zappower is ready for game 2.
