|j|☆uPinhuu
|j|☆mavrickbfr
|html|uPinhuumavrickbfr    
|uhtml|bestof|Game 2 of a best-of-3
|t:|1784768133
|gametype|doubles
|player|p1|uPinhuu|169|
|player|p2|mavrickbfr|gentleman-gen4|
|gen|9
|tier|[Gen 9 Champions] VGC 2026 Reg M-B (Bo3)
|rule|Species Clause: Limit one of each Pokémon
|rule|Item Clause: Limit 1 of each item
|clearpoke
|poke|p1|Garchomp, L50, F|
|poke|p1|Venusaur, L50, M|
|poke|p1|Incineroar, L50, M|
|poke|p1|Charizard, L50, M|
|poke|p1|Toxapex, L50, M|
|poke|p1|Annihilape, L50, F|
|poke|p2|Gholdengo, L50|
|poke|p2|Milotic, L50, F, shiny|
|poke|p2|Staraptor, L50, M, shiny|
|poke|p2|Tyranitar, L50, M, shiny|
|poke|p2|Sinistcha, L50|
|poke|p2|Excadrill, L50, M|
|teampreview|4
|showteam|p1|Garchomp||ChoiceScarf|RoughSkin|Earthquake,DragonClaw,StompingTantrum,RockSlide|Adamant||F|||50|]Venusaur||LifeOrb|Chlorophyll|SolarBeam,SludgeBomb,EarthPower,Protect|Modest||M|||50|]Incineroar||SitrusBerry|Intimidate|FlareBlitz,ThroatChop,FakeOut,PartingShot|Impish||M|||50|]Charizard||CharizarditeY|Blaze|HeatWave,WeatherBall,HelpingHand,Protect|Modest||M|||50|]Toxapex||Leftovers|Regenerator|Infestation,Toxic,WideGuard,BanefulBunker|Bold||M|||50|]Annihilape||FocusSash|Defiant|CloseCombat,PhantomForce,RockTomb,Protect|Jolly||F|||50|
|showteam|p2|Gholdengo||LifeOrb|GoodasGold|MakeItRain,Protect,ShadowBall,NastyPlot|Timid|||||50|]Milotic||ChoiceScarf|Competitive|MuddyWater,IcyWind,IceBeam,DrainingKiss|Modest||F|||50|]Staraptor||Staraptite|Intimidate|DualWingbeat,CloseCombat,Uturn,Roost|Jolly||M|||50|]Tyranitar||Tyranitarite|SandStream|RockSlide,Earthquake,IronHead,KnockOff|Careful||M|||50|]Sinistcha||SitrusBerry|Hospitality|MatchaGotcha,RagePowder,Protect,LifeDew|Bold|||||50|]Excadrill||FocusSash|SandRush|Earthquake,RockSlide,StompingTantrum,SwordsDance|Adamant||M|||50|
|
|t:|1784768204
|teamsize|p1|4
|teamsize|p2|4
|start
|switch|p1a: Charizard|Charizard, L50, M|100/100
|switch|p1b: Garchomp|Garchomp, L50, F|100/100
|switch|p2a: Milotic|Milotic, L50, F, shiny|100/100
|switch|p2b: Gholdengo|Gholdengo, L50|100/100
|turn|1
|
|t:|1784768222
|detailschange|p1a: Charizard|Charizard-Mega-Y, L50, M
|-mega|p1a: Charizard|Charizard|Charizardite Y
|-weather|SunnyDay|[from] ability: Drought|[of] p1a: Charizard
|move|p1b: Garchomp|Earthquake|p2b: Gholdengo|[spread] p2a,p2b
|-immune|p1a: Charizard
|-supereffective|p2b: Gholdengo|1
|-damage|p2a: Milotic|53/100
|-damage|p2b: Gholdengo|23/100
|move|p2a: Milotic|Icy Wind|p1a: Charizard|[spread] p1a,p1b
|-crit|p1a: Charizard
|-supereffective|p1b: Garchomp|2
|-damage|p1a: Charizard|84/100
|-damage|p1b: Garchomp|43/100
|-unboost|p1a: Charizard|spe|1
|-unboost|p1b: Garchomp|spe|1
|move|p2b: Gholdengo|Make It Rain|p1a: Charizard|[spread] p1a,p1b
|-resisted|p1a: Charizard|1
|-damage|p1a: Charizard|61/100
|-damage|p1b: Garchomp|0 fnt
|-unboost|p2b: Gholdengo|spa|2
|faint|p1b: Garchomp
|-damage|p2b: Gholdengo|13/100|[from] item: Life Orb
|move|p1a: Charizard|Heat Wave|p2b: Gholdengo|[spread] p2a,p2b
|-resisted|p2a: Milotic|1
|-supereffective|p2b: Gholdengo|1
|-damage|p2a: Milotic|27/100
|-damage|p2b: Gholdengo|0 fnt
|faint|p2b: Gholdengo
|
|-weather|SunnyDay|[upkeep]
|upkeep
|
|t:|1784768254
|switch|p1b: Toxapex|Toxapex, L50, M|100/100
|switch|p2b: Sinistcha|Sinistcha, L50|100/100
|-heal|p2a: Milotic|51/100|[from] ability: Hospitality|[of] p2b: Sinistcha
|turn|2
|
|t:|1784768280
|switch|p2a: Tyranitar|Tyranitar, L50, M, shiny|100/100
|-weather|Sandstorm|[from] ability: Sand Stream|[of] p2a: Tyranitar
|switch|p1a: Venusaur|Venusaur, L50, M|100/100
|move|p2b: Sinistcha|Protect|p2b: Sinistcha
|-singleturn|p2b: Sinistcha|Protect
|move|p1b: Toxapex|Wide Guard||[still]
|-fail|p1b: Toxapex
|
|-weather|Sandstorm|[upkeep]
|-damage|p1a: Venusaur|94/100|[from] Sandstorm
|-damage|p2b: Sinistcha|93/100|[from] Sandstorm
|-damage|p1b: Toxapex|94/100|[from] Sandstorm
|-heal|p1b: Toxapex|100/100|[from] item: Leftovers
|upkeep
|turn|3
|
|t:|1784768315
|switch|p2a: Milotic|Milotic, L50, F, shiny|51/100
|switch|p1b: Charizard|Charizard-Mega-Y, L50, M|61/100
|-weather|SunnyDay|[from] ability: Drought|[of] p1b: Charizard
|move|p1a: Venusaur|Solar Beam||[still]
|-prepare|p1a: Venusaur|Solar Beam
|-anim|p1a: Venusaur|Solar Beam|p2a: Milotic
|-supereffective|p2a: Milotic|1
|-damage|p2a: Milotic|0 fnt
|faint|p2a: Milotic
|-damage|p1a: Venusaur|84/100|[from] item: Life Orb
|move|p2b: Sinistcha|Life Dew|p2b: Sinistcha
|-heal|p2b: Sinistcha|100/100
|
|-weather|SunnyDay|[upkeep]
|upkeep
|
|t:|1784768330
|switch|p2a: Tyranitar|Tyranitar, L50, M, shiny|100/100
|-weather|Sandstorm|[from] ability: Sand Stream|[of] p2a: Tyranitar
|turn|4
|
|t:|1784768342
|switch|p1b: Toxapex|Toxapex, L50, M|100/100
|move|p1a: Venusaur|Protect|p1a: Venusaur
|-singleturn|p1a: Venusaur|Protect
|move|p2b: Sinistcha|Life Dew||[still]|[still]|[spread] 
|-fail|p2a: Tyranitar|heal
|-fail|p2b: Sinistcha|heal
|move|p2a: Tyranitar|Rock Slide|p1b: Toxapex|[spread] p1b
|-activate|p1a: Venusaur|move: Protect
|-damage|p1b: Toxapex|80/100
|
|-weather|Sandstorm|[upkeep]
|-damage|p1a: Venusaur|79/100|[from] Sandstorm
|-damage|p2b: Sinistcha|93/100|[from] Sandstorm
|-damage|p1b: Toxapex|74/100|[from] Sandstorm
|-heal|p1b: Toxapex|80/100|[from] item: Leftovers
|upkeep
|turn|5
|
|t:|1784768369
|-heal|p1b: Toxapex|100/100|[from] ability: Regenerator|[silent]
|switch|p1b: Charizard|Charizard-Mega-Y, L50, M|61/100
|-weather|SunnyDay|[from] ability: Drought|[of] p1b: Charizard
|move|p1a: Venusaur|Solar Beam||[still]
|-prepare|p1a: Venusaur|Solar Beam
|-anim|p1a: Venusaur|Solar Beam|p2a: Tyranitar
|-supereffective|p2a: Tyranitar|1
|-damage|p2a: Tyranitar|0 fnt
|faint|p2a: Tyranitar
|-damage|p1a: Venusaur|69/100|[from] item: Life Orb
|move|p2b: Sinistcha|Matcha Gotcha|p1b: Charizard|[spread] p1a,p1b
|-resisted|p1a: Venusaur|2
|-resisted|p1b: Charizard|2
|-damage|p1a: Venusaur|62/100
|-heal|p2b: Sinistcha|97/100|[from] drain|[of] p1a: Venusaur
|-damage|p1b: Charizard|55/100
|-heal|p2b: Sinistcha|100/100|[from] drain|[of] p1b: Charizard
|
|-weather|SunnyDay|[upkeep]
|upkeep
|turn|6
|-message|mavrickbfr forfeited.
|
|win|uPinhuu
|l|☆mavrickbfr
|player|p2|
|j|☆mavrickbfr
|player|p2|mavrickbfr|gentleman-gen4|
