|j|☆beanybag
|j|☆hakeezy
|html|beanybaghakeezy    
|uhtml|bestof|Game 2 of a best-of-3
|t:|1783473880
|gametype|doubles
|player|p1|beanybag|102|1188
|player|p2|hakeezy|2|1119
|gen|9
|tier|[Gen 9 Champions] VGC 2026 Reg M-B (Bo3)
|rated|
|rule|Species Clause: Limit one of each Pokémon
|rule|Item Clause: Limit 1 of each item
|clearpoke
|poke|p1|Bellibolt, L50, F|
|poke|p1|Ampharos, L50, M, shiny|
|poke|p1|Araquanid, L50, M, shiny|
|poke|p1|Sinistcha, L50|
|poke|p1|Scovillain, L50, F|
|poke|p1|Grimmsnarl, L50, M, shiny|
|poke|p2|Swampert, L50, M|
|poke|p2|Pelipper, L50, M|
|poke|p2|Kingambit, L50, M|
|poke|p2|Metagross, L50|
|poke|p2|Archaludon, L50, M|
|poke|p2|Grimmsnarl, L50, M|
|teampreview|4
|showteam|p1|Bellibolt||SitrusBerry|Electromorphosis|Soak,VoltSwitch,ParabolicCharge,Protect|Calm||F|||50|]Ampharos||Ampharosite|Static|ParabolicCharge,Charge,CottonGuard,Protect|Calm||M|||50|]Araquanid||Leftovers|WaterBubble|Soak,Stockpile,Infestation,Protect|Relaxed||M|||50|]Sinistcha||WideLens|Hospitality|MatchaGotcha,LifeDew,TrickRoom,Protect|Sassy|||||50|]Scovillain||Scovillainite|Moody|GigaDrain,LeechSeed,RagePowder,Protect|Sassy||F|||50|]Grimmsnarl||LightClay|Prankster|PartingShot,SpiritBreak,Reflect,LightScreen|Impish||M|||50|
|showteam|p2|Swampert||Swampertite|Torrent|WaveCrash,Protect,Earthquake,IcePunch|Adamant||M|||50|]Pelipper||DampRock|Drizzle|Protect,WeatherBall,Hurricane,Tailwind|Timid||M|||50|]Kingambit||FocusSash|Defiant|KowtowCleave,SuckerPunch,Protect,IronHead|Serious||M|||50|]Metagross||Metagrossite|ClearBody|Protect,MeteorMash,PsychicFangs,BulletPunch|Jolly|||||50|]Archaludon||Leftovers|Stamina|FlashCannon,DracoMeteor,ElectroShot,Protect|Timid||M|||50|]Grimmsnarl||LightClay|Prankster|SpiritBreak,PartingShot,Reflect,LightScreen|Jolly||M|||50|
|
|t:|1783473931
|teamsize|p1|4
|teamsize|p2|4
|start
|switch|p1a: NONO SPOT|Scovillain, L50, F|100/100
|switch|p1b: GREEN LAVA|Sinistcha, L50|100/100
|switch|p2a: Kingambit|Kingambit, L50, M|100/100
|switch|p2b: Grimmsnarl|Grimmsnarl, L50, M|100/100
|turn|1
|inactive|Battle timer is ON: inactive players will automatically lose when time's up. (requested by hakeezy)
|
|t:|1783473950
|detailschange|p1a: NONO SPOT|Scovillain-Mega, L50, F
|-mega|p1a: NONO SPOT|Scovillain|Scovillainite
|move|p1b: GREEN LAVA|Protect|p1b: GREEN LAVA
|-singleturn|p1b: GREEN LAVA|Protect
|move|p2b: Grimmsnarl|Light Screen|p2b: Grimmsnarl
|-sidestart|p2: hakeezy|move: Light Screen
|move|p2a: Kingambit|Kowtow Cleave|p1b: GREEN LAVA
|-activate|p1b: GREEN LAVA|move: Protect
|move|p1a: NONO SPOT|Leech Seed|p2a: Kingambit
|-start|p2a: Kingambit|move: Leech Seed
|
|-damage|p2a: Kingambit|87/100|[from] Leech Seed|[of] p1a: NONO SPOT
|upkeep
|turn|2
|
|t:|1783473974
|switch|p2a: Metagross|Metagross, L50|100/100
|move|p1a: NONO SPOT|Rage Powder|p1a: NONO SPOT
|-singleturn|p1a: NONO SPOT|move: Rage Powder
|move|p2b: Grimmsnarl|Parting Shot|p1a: NONO SPOT
|-unboost|p1a: NONO SPOT|atk|1
|-unboost|p1a: NONO SPOT|spa|1
|
|t:|1783473981
|switch|p2b: Kingambit|Kingambit, L50, M|87/100|[from] Parting Shot
|move|p1b: GREEN LAVA|Trick Room|p1b: GREEN LAVA
|-fieldstart|move: Trick Room|[of] p1b: GREEN LAVA
|
|upkeep
|turn|3
|
|t:|1783474000
|switch|p1b: SQRTTTT|Bellibolt, L50, F|100/100
|detailschange|p2a: Metagross|Metagross-Mega, L50
|-mega|p2a: Metagross|Metagross|Metagrossite
|move|p1a: NONO SPOT|Rage Powder|p1a: NONO SPOT
|-singleturn|p1a: NONO SPOT|move: Rage Powder
|move|p2b: Kingambit|Kowtow Cleave|p1a: NONO SPOT
|-damage|p1a: NONO SPOT|43/100
|-status|p2b: Kingambit|brn|[from] ability: Spicy Spray|[of] p1a: NONO SPOT
|move|p2a: Metagross|Psychic Fangs|p1a: NONO SPOT
|-damage|p1a: NONO SPOT|0 fnt
|-status|p2a: Metagross|brn|[from] ability: Spicy Spray|[of] p1a: NONO SPOT
|faint|p1a: NONO SPOT
|
|-damage|p2b: Kingambit|81/100 brn|[from] brn
|-damage|p2a: Metagross|94/100 brn|[from] brn
|upkeep
|
|t:|1783474007
|switch|p1a: GREEN LAVA|Sinistcha, L50|100/100
|turn|4
|
|t:|1783474025
|switch|p2b: Grimmsnarl|Grimmsnarl, L50, M|100/100
|move|p2a: Metagross|Protect|p2a: Metagross
|-singleturn|p2a: Metagross|Protect
|move|p1b: SQRTTTT|Soak|p2b: Grimmsnarl
|-start|p2b: Grimmsnarl|typechange|Water
|move|p1a: GREEN LAVA|Matcha Gotcha|p2b: Grimmsnarl|[spread] p2b
|-activate|p2a: Metagross|move: Protect
|-supereffective|p2b: Grimmsnarl|1
|-damage|p2b: Grimmsnarl|57/100
|
|-damage|p2a: Metagross|88/100 brn|[from] brn
|upkeep
|turn|5
|
|t:|1783474047
|move|p2b: Grimmsnarl|Parting Shot|p1a: GREEN LAVA
|-unboost|p1a: GREEN LAVA|atk|1
|-unboost|p1a: GREEN LAVA|spa|1
|
|t:|1783474053
|switch|p2b: Kingambit|Kingambit, L50, M|81/100 brn|[from] Parting Shot
|move|p1b: SQRTTTT|Soak|p2a: Metagross
|-start|p2a: Metagross|typechange|Water
|move|p1a: GREEN LAVA|Matcha Gotcha|p2b: Kingambit|[spread] p2a,p2b
|-supereffective|p2a: Metagross|1
|-resisted|p2b: Kingambit|1
|-damage|p2a: Metagross|64/100 brn
|-damage|p2b: Kingambit|75/100 brn
|move|p2a: Metagross|Meteor Mash|p1a: GREEN LAVA
|-damage|p1a: GREEN LAVA|80/100
|
|-damage|p2b: Kingambit|68/100 brn|[from] brn
|-damage|p2a: Metagross|59/100 brn|[from] brn
|upkeep
|turn|6
|inactive|hakeezy has 30 seconds left.
|
|t:|1783474087
|switch|p2a: Swampert|Swampert, L50, M|100/100
|move|p2b: Kingambit|Sucker Punch|p1a: GREEN LAVA
|-supereffective|p1a: GREEN LAVA|1
|-damage|p1a: GREEN LAVA|46/100
|move|p1b: SQRTTTT|Soak|p2b: Kingambit
|-start|p2b: Kingambit|typechange|Water
|move|p1a: GREEN LAVA|Matcha Gotcha|p2b: Kingambit|[spread] p2a,p2b
|-supereffective|p2a: Swampert|2
|-supereffective|p2b: Kingambit|1
|-damage|p2a: Swampert|50/100g
|-heal|p1a: GREEN LAVA|71/100|[from] drain|[of] p2a: Swampert
|-damage|p2b: Kingambit|43/100 brn
|-heal|p1a: GREEN LAVA|84/100|[from] drain|[of] p2b: Kingambit
|
|-damage|p2b: Kingambit|37/100 brn|[from] brn
|-fieldend|move: Trick Room
|upkeep
|turn|7
|inactive|hakeezy has 30 seconds left.
|
|t:|1783474113
|move|p2a: Swampert|Ice Punch|p1a: GREEN LAVA
|-supereffective|p1a: GREEN LAVA|1
|-damage|p1a: GREEN LAVA|34/100
|move|p2b: Kingambit|Kowtow Cleave|p1a: GREEN LAVA
|-supereffective|p1a: GREEN LAVA|1
|-damage|p1a: GREEN LAVA|3/100
|move|p1b: SQRTTTT|Soak|p2a: Swampert
|-start|p2a: Swampert|typechange|Water
|move|p1a: GREEN LAVA|Trick Room|p1a: GREEN LAVA
|-fieldstart|move: Trick Room|[of] p1a: GREEN LAVA
|
|-damage|p2b: Kingambit|31/100 brn|[from] brn
|upkeep
|turn|8
|
|t:|1783474134
|switch|p2a: Metagross|Metagross-Mega, L50|59/100 brn
|move|p2b: Kingambit|Sucker Punch||[still]
|-fail|p2b: Kingambit
|move|p1b: SQRTTTT|Volt Switch|p2a: Metagross
|-damage|p2a: Metagross|42/100 brn
|
|t:|1783474137
|switch|p1b: SUPA SOOKA|Araquanid, L50, M, shiny|100/100|[from] Volt Switch
|move|p1a: GREEN LAVA|Life Dew||[still]|[spread] p1a,p1b
|-heal|p1a: GREEN LAVA|29/100
|-fail|p1b: SUPA SOOKA|heal
|
|-damage|p2b: Kingambit|24/100 brn|[from] brn
|-damage|p2a: Metagross|36/100 brn|[from] brn
|-sideend|p2: hakeezy|move: Light Screen
|upkeep
|turn|9
|inactive|hakeezy has 30 seconds left.
|inactive|hakeezy has 20 seconds left.
|
|t:|1783474177
|move|p2b: Kingambit|Sucker Punch|p1a: GREEN LAVA
|-supereffective|p1a: GREEN LAVA|1
|-damage|p1a: GREEN LAVA|4/100
|move|p1b: SUPA SOOKA|Soak|p2a: Metagross
|-start|p2a: Metagross|typechange|Water
|move|p1a: GREEN LAVA|Matcha Gotcha|p2b: Kingambit|[spread] p2a,p2b
|-supereffective|p2a: Metagross|1
|-supereffective|p2b: Kingambit|1
|-damage|p2a: Metagross|4/100 brn
|-heal|p1a: GREEN LAVA|18/100|[from] drain|[of] p2a: Metagross
|-damage|p2b: Kingambit|0 fnt
|-heal|p1a: GREEN LAVA|30/100|[from] drain|[of] p2b: Kingambit
|faint|p2b: Kingambit
|move|p2a: Metagross|Psychic Fangs|p1b: SUPA SOOKA
|-damage|p1b: SUPA SOOKA|84/100
|
|-heal|p1b: SUPA SOOKA|90/100|[from] item: Leftovers
|-damage|p2a: Metagross|0 fnt|[from] brn
|faint|p2a: Metagross
|upkeep
|-message|hakeezy forfeited.
|
|win|beanybag
|raw|beanybag's rating: 1188 → 1208(+20 for winning)
|raw|hakeezy's rating: 1119 → 1099(-20 for losing)
|l|☆hakeezy
|player|p2|
