|j|☆unluckyvgc
|j|☆x-3 demon
|html|unluckyvgcx-3 demon    
|uhtml|bestof|Game 1 of a best-of-3
|t:|1757203503
|gametype|doubles
|player|p1|unluckyvgc|169|1078
|player|p2|x-3 demon|boarder-gen2|1278
|gen|9
|tier|[Gen 9] VGC 2025 Reg H (Bo3)
|rated|
|rule|Species Clause: Limit one of each Pokémon
|rule|Item Clause: Limit 1 of each item
|clearpoke
|poke|p1|Dragapult, L50, F|
|poke|p1|Volcarona, L50, F|
|poke|p1|Archaludon, L50, F|
|poke|p1|Rillaboom, L50, F|
|poke|p1|Sneasler, L50, F|
|poke|p1|Electabuzz, L50, M|
|poke|p2|Dragonite, L50, F|
|poke|p2|Sinistcha, L50|
|poke|p2|Ursaluna, L50, F|
|poke|p2|Gholdengo, L50|
|poke|p2|Incineroar, L50, M|
|poke|p2|Ninetales-Alola, L50, M|
|teampreview|4
|showteam|p1|Dragapult||ChoiceBand|ClearBody|DragonDarts,Uturn,Outrage,PhantomForce|||F|||50|,,,,,Dragon]Volcarona||LifeOrb|FlameBody|HeatWave,TeraBlast,Tailwind,Protect|||F|||50|,,,,,Water]Archaludon||PowerHerb|Sturdy|DragonPulse,ElectroShot,AuraSphere,Protect|||F|||50|,,,,,Fairy]Rillaboom||AssaultVest|GrassySurge|WoodHammer,GrassyGlide,HighHorsepower,FakeOut|||F|||50|,,,,,Fire]Sneasler||FocusSash|PoisonTouch|DireClaw,CloseCombat,FakeOut,Protect|||F|||50|,,,,,Ghost]Electabuzz||Eviolite|VitalSpirit|Electroweb,Taunt,FollowMe,Protect|||M|||50|,,,,,Fairy
|showteam|p2|Dragonite||LoadedDice|Multiscale|ScaleShot,Haze,Tailwind,Protect|||F|||50|,,,,,Fairy]Sinistcha||SitrusBerry|Hospitality|MatchaGotcha,LifeDew,RagePowder,TrickRoom||||||50|,,,,,Dark]Ursaluna||FlameOrb|Guts|HeadlongRush,Earthquake,Facade,Protect|||F|||50|,,,,,Ghost]Gholdengo||LifeOrb|GoodasGold|MakeItRain,ShadowBall,NastyPlot,Protect||||||50|,,,,,Water]Incineroar||AssaultVest|Intimidate|FlareBlitz,KnockOff,FakeOut,Uturn|||M|||50|,,,,,Grass]Ninetales-Alola||FocusSash|SnowWarning|IcyWind,FreezeDry,Encore,AuroraVeil|||M|||50|,,,,,Ghost
|inactive|Battle timer is ON: inactive players will automatically lose when time's up. (requested by unluckyvgc)
|
|t:|1757203550
|teamsize|p1|4
|teamsize|p2|4
|start
|switch|p1a: lightyear|Electabuzz, L50, M|100/100
|switch|p1b: dreepy airlines|Dragapult, L50, F|100/100
|switch|p2a: Incineroar|Incineroar, L50, M|100/100
|switch|p2b: Sinistcha|Sinistcha, L50|100/100
|-ability|p2a: Incineroar|Intimidate|boost
|-unboost|p1a: lightyear|atk|1
|-fail|p1b: dreepy airlines|unboost|[from] ability: Clear Body|[of] p1b: dreepy airlines
|turn|1
|inactive|unluckyvgc has 30 seconds left.
|inactive|unluckyvgc has 20 seconds left.
|inactive|unluckyvgc has 15 seconds left.
|inactive|x-3 demon has 30 seconds left.
|inactive|unluckyvgc has 10 seconds left.
|inactive|unluckyvgc has 5 seconds left.
|
|t:|1757203602
|move|p2a: Incineroar|Fake Out|p1a: lightyear
|-damage|p1a: lightyear|90/100
|move|p1b: dreepy airlines|U-turn|p2b: Sinistcha
|-damage|p2b: Sinistcha|71/100
|
|t:|1757203607
|switch|p1b: alumulumu|Archaludon, L50, F|100/100|[from] U-turn
|cant|p1a: lightyear|flinch
|move|p2b: Sinistcha|Trick Room|p2b: Sinistcha
|-fieldstart|move: Trick Room|[of] p2b: Sinistcha
|
|upkeep
|turn|2
|
|t:|1757203625
|switch|p2b: Ursaluna|Ursaluna, L50, F, shiny|100/100
|move|p2a: Incineroar|Knock Off|p1b: alumulumu
|-crit|p1b: alumulumu
|-damage|p1b: alumulumu|38/100
|-enditem|p1b: alumulumu|Power Herb|[from] move: Knock Off|[of] p2a: Incineroar
|move|p1b: alumulumu|Electro Shot||[still]
|-prepare|p1b: alumulumu|Electro Shot
|-boost|p1b: alumulumu|spa|1
|move|p1a: lightyear|Taunt|p2b: Ursaluna
|-start|p2b: Ursaluna|move: Taunt
|
|-status|p2b: Ursaluna|brn|[from] item: Flame Orb
|upkeep
|turn|3
|inactive|unluckyvgc has 30 seconds left.
|inactive|x-3 demon has 30 seconds left.
|inactive|unluckyvgc has 20 seconds left.
|
|t:|1757203664
|switch|p2a: Sinistcha|Sinistcha, L50|71/100
|move|p1a: lightyear|Protect|p1a: lightyear
|-singleturn|p1a: lightyear|Protect
|move|p2b: Ursaluna|Earthquake|p1a: lightyear|[spread] p2a,p1b
|-activate|p1a: lightyear|move: Protect
|-resisted|p2a: Sinistcha
|-supereffective|p1b: alumulumu
|-damage|p2a: Sinistcha|46/100
|-damage|p1b: alumulumu|0 fnt
|-enditem|p2a: Sinistcha|Sitrus Berry|[eat]
|-heal|p2a: Sinistcha|71/100|[from] item: Sitrus Berry
|faint|p1b: alumulumu
|
|-damage|p2b: Ursaluna|95/100 brn|[from] brn
|upkeep
|
|t:|1757203671
|switch|p1b: return to monke|Rillaboom, L50, F|100/100
|-fieldstart|move: Grassy Terrain|[from] ability: Grassy Surge|[of] p1b: return to monke
|turn|4
|
|t:|1757203691
|-terastallize|p2b: Ursaluna|Ghost
|move|p1a: lightyear|Follow Me|p1a: lightyear
|-singleturn|p1a: lightyear|move: Follow Me
|move|p2a: Sinistcha|Life Dew|p2a: Sinistcha|[spread] p2a,p2b
|-heal|p2a: Sinistcha|96/100
|-heal|p2b: Ursaluna|100/100 brn
|move|p2b: Ursaluna|Facade|p1a: lightyear
|-damage|p1a: lightyear|0 fnt
|faint|p1a: lightyear
|move|p1b: return to monke|Wood Hammer|p2b: Ursaluna
|-damage|p2b: Ursaluna|36/100 brn
|-damage|p1b: return to monke|79/100|[from] Recoil
|
|-heal|p2a: Sinistcha|100/100|[from] Grassy Terrain
|-heal|p2b: Ursaluna|42/100 brn|[from] Grassy Terrain
|-heal|p1b: return to monke|85/100|[from] Grassy Terrain
|-damage|p2b: Ursaluna|36/100 brn|[from] brn
|-end|p2b: Ursaluna|move: Taunt
|upkeep
|
|t:|1757203702
|switch|p1a: dreepy airlines|Dragapult, L50, F|100/100
|turn|5
|
|t:|1757203719
|-terastallize|p1a: dreepy airlines|Dragon
|move|p1b: return to monke|Grassy Glide|p2b: Ursaluna
|-damage|p2b: Ursaluna|4/100 brn
|move|p2a: Sinistcha|Life Dew||[still]|[spread] p2a,p2b
|-fail|p2a: Sinistcha|heal
|-heal|p2b: Ursaluna|29/100 brn
|move|p2b: Ursaluna|Headlong Rush|p1a: dreepy airlines
|-damage|p1a: dreepy airlines|0 fnt
|-unboost|p2b: Ursaluna|def|1
|-unboost|p2b: Ursaluna|spd|1
|faint|p1a: dreepy airlines
|
|-heal|p2b: Ursaluna|35/100 brn|[from] Grassy Terrain
|-heal|p1b: return to monke|91/100|[from] Grassy Terrain
|-damage|p2b: Ursaluna|29/100 brn|[from] brn
|-fieldend|move: Trick Room
|upkeep
|turn|6
|c|☆unluckyvgc|gg
|-message|unluckyvgc forfeited.
|
|win|x-3 demon
||unluckyvgc is ready for game 2.
||x-3 demon is ready for game 2.
|uhtml|next|Next: Game 2 of 3
|c|☆x-3 demon|gg
