|j|☆gallegutsito
|j|☆magicalarcher57
|html|gallegutsitomagicalarcher57    
|uhtml|bestof|Game 1 of a best-of-3
|t:|1784516733
|gametype|doubles
|player|p1|gallegutsito|266|1313
|player|p2|magicalarcher57|diantha|1288
|gen|9
|tier|[Gen 9 Champions] VGC 2026 Reg M-B (Bo3)
|rated|
|rule|Species Clause: Limit one of each Pokémon
|rule|Item Clause: Limit 1 of each item
|clearpoke
|poke|p1|Staraptor, L50, M|
|poke|p1|Delphox, L50, M|
|poke|p1|Whimsicott, L50, M|
|poke|p1|Kingambit, L50, F|
|poke|p1|Glimmora, L50, M|
|poke|p1|Garchomp, L50, M|
|poke|p2|Basculegion, L50, M|
|poke|p2|Glimmora, L50, F|
|poke|p2|Garchomp, L50, F|
|poke|p2|Whimsicott, L50, F|
|poke|p2|Metagross, L50|
|poke|p2|Annihilape, L50, F|
|teampreview|4
|showteam|p1|Staraptor||Staraptite|Intimidate|CloseCombat,DualWingbeat,Roost,Protect|Jolly||M|||50|]Delphox||Delphoxite|Blaze|HeatWave,Psychic,Encore,Protect|Timid||M|||50|]Whimsicott||OccaBerry|Prankster|Tailwind,Moonblast,Charm,LightScreen|Timid||M|||50|]Kingambit||ChopleBerry|Defiant|KowtowCleave,IronHead,LowKick,SuckerPunch|Adamant||F|||50|]Glimmora||FocusSash|ToxicDebris|EarthPower,PowerGem,SludgeBomb,SpikyShield|Modest||M|||50|]Garchomp||ChoiceScarf|RoughSkin|Earthquake,DragonClaw,RockSlide,StompingTantrum|Adamant||M|||50|
|showteam|p2|Basculegion||MysticWater|Adaptability|AquaJet,LastRespects,WaveCrash,Protect|Jolly||M|||50|]Glimmora||LifeOrb|ToxicDebris|PowerGem,EarthPower,SpikyShield,SludgeBomb|Timid||F|||50|]Garchomp||SitrusBerry|RoughSkin|DragonClaw,StompingTantrum,Protect,Earthquake|Jolly||F|||50|]Whimsicott||FocusSash|Prankster|Tailwind,Moonblast,Encore,Protect|Timid||F|||50|]Metagross||Metagrossite|ClearBody|IcePunch,IronHead,PsychicFangs,Protect|Jolly|||||50|]Annihilape||Leftovers|Defiant|Protect,CloseCombat,RageFist,Taunt|Adamant||F|||50|
|inactive|Battle timer is ON: inactive players will automatically lose when time's up. (requested by magicalarcher57)
|inactive|gallegutsito has 60 seconds left.
|inactive|magicalarcher57 has 60 seconds left.
|
|t:|1784516775
|teamsize|p1|4
|teamsize|p2|4
|start
|switch|p1a: Staraptor|Staraptor, L50, M|100/100
|switch|p1b: Whimsicott|Whimsicott, L50, M|100/100
|switch|p2a: Whimsicott|Whimsicott, L50, F|100/100
|switch|p2b: Basculegion|Basculegion, L50, M|100/100
|-ability|p1a: Staraptor|Intimidate|boost
|-unboost|p2a: Whimsicott|atk|1
|-unboost|p2b: Basculegion|atk|1
|turn|1
|inactive|magicalarcher57 has 30 seconds left.
|
|t:|1784516803
|detailschange|p1a: Staraptor|Staraptor-Mega, L50, M
|-mega|p1a: Staraptor|Staraptor|Staraptite
|move|p1b: Whimsicott|Charm|p1a: Staraptor
|-boost|p1a: Staraptor|atk|2
|move|p2a: Whimsicott|Moonblast|p1a: Staraptor
|-supereffective|p1a: Staraptor|1
|-damage|p1a: Staraptor|27/100
|move|p1a: Staraptor|Dual Wingbeat|p2a: Whimsicott
|-supereffective|p2a: Whimsicott|1
|-enditem|p2a: Whimsicott|Focus Sash
|-damage|p2a: Whimsicott|1/100
|-supereffective|p2a: Whimsicott|1
|-damage|p2a: Whimsicott|0 fnt
|faint|p2a: Whimsicott
|-hitcount|p2: Whimsicott|2
|move|p2b: Basculegion|Wave Crash|p1a: Staraptor
|-damage|p1a: Staraptor|0 fnt
|faint|p1a: Staraptor
|-damage|p2b: Basculegion|91/100|[from] Recoil
|
|upkeep
|
|t:|1784516818
|switch|p2a: Glimmora|Glimmora, L50, F|100/100
|switch|p1a: Kingambit|Kingambit, L50, F|100/100
|turn|2
|inactive|gallegutsito has 30 seconds left.
|
|t:|1784516844
|move|p1b: Whimsicott|Light Screen|p1b: Whimsicott
|-sidestart|p1: gallegutsito|move: Light Screen
|move|p2b: Basculegion|Aqua Jet|p1a: Kingambit
|-damage|p1a: Kingambit|85/100
|move|p2a: Glimmora|Earth Power|p1a: Kingambit
|-supereffective|p1a: Kingambit|1
|-damage|p1a: Kingambit|36/100
|-damage|p2a: Glimmora|90/100|[from] item: Life Orb
|move|p1a: Kingambit|Kowtow Cleave|p2b: Basculegion
|-supereffective|p2b: Basculegion|1
|-damage|p2b: Basculegion|0 fnt
|faint|p2b: Basculegion
|
|upkeep
|
|t:|1784516866
|switch|p2b: Garchomp|Garchomp, L50, F|100/100
|turn|3
|
|t:|1784516884
|move|p1b: Whimsicott|Charm|p2b: Garchomp
|-unboost|p2b: Garchomp|atk|2
|move|p1a: Kingambit|Sucker Punch|p2b: Garchomp
|-damage|p2b: Garchomp|55/100
|-damage|p1a: Kingambit|24/100|[from] ability: Rough Skin|[of] p2b: Garchomp
|move|p2b: Garchomp|Stomping Tantrum|p1a: Kingambit
|-supereffective|p1a: Kingambit|1
|-damage|p1a: Kingambit|0 fnt
|faint|p1a: Kingambit
|move|p2a: Glimmora|Sludge Bomb|p1b: Whimsicott
|-supereffective|p1b: Whimsicott|2
|-crit|p1b: Whimsicott
|-damage|p1b: Whimsicott|0 fnt
|faint|p1b: Whimsicott
|-damage|p2a: Glimmora|81/100|[from] item: Life Orb
|
|upkeep
|
|t:|1784516892
|switch|p1b: Garchomp|Garchomp, L50, M|100/100
|turn|4
|
|t:|1784516898
|move|p2a: Glimmora|Spiky Shield|p2a: Glimmora
|-singleturn|p2a: Glimmora|move: Protect
|move|p1b: Garchomp|Earthquake|p2b: Garchomp|[spread] p2b
|-activate|p2a: Glimmora|move: Protect
|-damage|p2b: Garchomp|13/100
|-enditem|p2b: Garchomp|Sitrus Berry|[eat]
|-heal|p2b: Garchomp|38/100|[from] item: Sitrus Berry
|move|p2b: Garchomp|Dragon Claw|p1b: Garchomp
|-supereffective|p1b: Garchomp|1
|-damage|p1b: Garchomp|62/100
|-damage|p2b: Garchomp|25/100|[from] ability: Rough Skin|[of] p1b: Garchomp
|
|upkeep
|turn|5
|
|t:|1784516909
|move|p1b: Garchomp|Earthquake|p2b: Garchomp|[spread] p2a,p2b
|-supereffective|p2a: Glimmora|2
|-damage|p2a: Glimmora|0 fnt
|-damage|p2b: Garchomp|0 fnt
|-activate|p2a: Glimmora|ability: Toxic Debris
|-sidestart|p1: gallegutsito|move: Toxic Spikes
|faint|p2a: Glimmora
|faint|p2b: Garchomp
|
|win|gallegutsito
