|j|☆Shionaki
|j|☆heatvw
|html|Shionakiheatvw    
|uhtml|bestof|Game 1 of a best-of-3
|t:|1756958933
|gametype|doubles
|player|p1|Shionaki|cynthia-gen4|1117
|player|p2|heatvw|gambler|1100
|gen|9
|tier|[Gen 9] VGC 2025 Reg H (Bo3)
|rated|
|rule|Species Clause: Limit one of each Pokémon
|rule|Item Clause: Limit 1 of each item
|clearpoke
|poke|p1|Sneasler, L50, M|
|poke|p1|Primarina, L50, F|
|poke|p1|Kingambit, L50, M|
|poke|p1|Dragapult, L50, M|
|poke|p1|Rillaboom, L50, M|
|poke|p1|Magmar, L50, F|
|poke|p2|Flamigo, L50, F|
|poke|p2|Ninetales-Alola, L50, F|
|poke|p2|Garchomp, L50, M|
|poke|p2|Incineroar, L50, F|
|poke|p2|Amoonguss, L50, F|
|poke|p2|Kingambit, L50, F|
|teampreview|4
|showteam|p1|Sneasler||FocusSash|PoisonTouch|CloseCombat,DireClaw,FakeOut,Protect|||M|||50|,,,,,Stellar]Primarina||SitrusBerry|LiquidVoice|HyperVoice,Moonblast,Protect,Haze|||F|||50|,,,,,Water]Kingambit||BlackGlasses|Defiant|KowtowCleave,SuckerPunch,Protect,SwordsDance|||M|||50|,,,,,Ghost]Dragapult||ChoiceBand|ClearBody|DragonDarts,TeraBlast,PhantomForce,Uturn|||M|||50|,,,,,Ghost]Rillaboom||AssaultVest|GrassySurge|WoodHammer,GrassyGlide,HighHorsepower,FakeOut|||M|||50|,,,,,Fire]Magmar||Eviolite|VitalSpirit|Overheat,WillOWisp,FollowMe,Protect|||F|||50|,,,,,Ghost
|showteam|p2|Flamigo||ChoiceBand|Scrappy|Uturn,CloseCombat,BraveBird,Facade|||F|||50|,,,,,Stellar]Ninetales-Alola||FocusSash|SnowWarning|Protect,Encore,IcyWind,Blizzard|||F|||50|,,,,,Ghost]Garchomp||LifeOrb|RoughSkin|DragonClaw,StompingTantrum,Earthquake,Protect|||M|||50|,,,,,Ground]Incineroar||SafetyGoggles|Intimidate|FakeOut,FlareBlitz,KnockOff,PartingShot|||F|||50|,,,,,Ghost]Amoonguss||SitrusBerry|Regenerator|Spore,RagePowder,PollenPuff,Protect|||F|||50|,,,,,Water]Kingambit||AssaultVest|Defiant|KowtowCleave,IronHead,LowKick,SuckerPunch|||F|||50|,,,,,Fire
|inactive|Battle timer is ON: inactive players will automatically lose when time's up. (requested by heatvw)
|inactive|Shionaki has 60 seconds left.
|inactive|heatvw has 60 seconds left.
|
|t:|1756958971
|teamsize|p1|4
|teamsize|p2|4
|start
|switch|p1a: Rillaboom|Rillaboom, L50, M|100/100
|switch|p1b: Kingambit|Kingambit, L50, M|100/100
|switch|p2a: Incineroar|Incineroar, L50, F, shiny|100/100
|switch|p2b: Flamigo|Flamigo, L50, F, shiny|100/100
|-fieldstart|move: Grassy Terrain|[from] ability: Grassy Surge|[of] p1a: Rillaboom
|-ability|p2a: Incineroar|Intimidate|boost
|-unboost|p1a: Rillaboom|atk|1
|-unboost|p1b: Kingambit|atk|1
|-ability|p1b: Kingambit|Defiant|boost
|-boost|p1b: Kingambit|atk|2
|turn|1
|
|t:|1756958991
|switch|p1b: Dragapult|Dragapult, L50, M|100/100
|move|p1a: Rillaboom|Fake Out|p2a: Incineroar
|-damage|p2a: Incineroar|91/100
|cant|p2a: Incineroar|flinch
|move|p2b: Flamigo|Close Combat|p1b: Dragapult
|-damage|p1b: Dragapult|0 fnt
|-unboost|p2b: Flamigo|def|1
|-unboost|p2b: Flamigo|spd|1
|faint|p1b: Dragapult
|
|-heal|p2a: Incineroar|97/100|[from] Grassy Terrain
|upkeep
|
|t:|1756959004
|switch|p1b: Primarina|Primarina, L50, F|100/100
|turn|2
|
|t:|1756959013
|switch|p2b: Ninetales|Ninetales-Alola, L50, F|100/100
|-weather|Snowscape|[from] ability: Snow Warning|[of] p2b: Ninetales
|move|p1a: Rillaboom|High Horsepower|p2a: Incineroar
|-supereffective|p2a: Incineroar
|-damage|p2a: Incineroar|55/100
|move|p2a: Incineroar|Parting Shot|p1b: Primarina
|-unboost|p1b: Primarina|atk|1
|-unboost|p1b: Primarina|spa|1
|
|t:|1756959022
|switch|p2a: Flamigo|Flamigo, L50, F, shiny|100/100|[from] Parting Shot
|move|p1b: Primarina|Moonblast|p2b: Ninetales
|-damage|p2b: Ninetales|62/100
|
|-weather|Snowscape|[upkeep]
|-heal|p2b: Ninetales|68/100|[from] Grassy Terrain
|upkeep
|turn|3
|
|t:|1756959046
|move|p2b: Ninetales|Blizzard|p1a: Rillaboom|[spread] p1a,p1b
|-supereffective|p1a: Rillaboom
|-resisted|p1b: Primarina
|-damage|p1a: Rillaboom|54/100
|-damage|p1b: Primarina|87/100
|move|p2a: Flamigo|Brave Bird|p1b: Primarina
|-damage|p1b: Primarina|2/100
|-enditem|p1b: Primarina|Sitrus Berry|[eat]
|-heal|p1b: Primarina|27/100|[from] item: Sitrus Berry
|-damage|p2a: Flamigo|67/100|[from] Recoil
|move|p1a: Rillaboom|Wood Hammer|p2b: Ninetales
|-damage|p2b: Ninetales|14/100
|-damage|p1a: Rillaboom|40/100|[from] Recoil
|move|p1b: Primarina|Moonblast|p2a: Flamigo
|-supereffective|p2a: Flamigo
|-damage|p2a: Flamigo|0 fnt
|faint|p2a: Flamigo
|
|-weather|Snowscape|[upkeep]
|-heal|p2b: Ninetales|20/100|[from] Grassy Terrain
|-heal|p1a: Rillaboom|46/100|[from] Grassy Terrain
|-heal|p1b: Primarina|33/100|[from] Grassy Terrain
|upkeep
|inactive|heatvw has 30 seconds left.
|
|t:|1756959074
|switch|p2a: Garchomp|Garchomp, L50, M, shiny|100/100
|turn|4
|inactive|heatvw has 30 seconds left.
|
|t:|1756959106
|switch|p2b: Incineroar|Incineroar, L50, F, shiny|55/100
|-ability|p2b: Incineroar|Intimidate|boost
|-unboost|p1a: Rillaboom|atk|1
|-unboost|p1b: Primarina|atk|1
|-terastallize|p2a: Garchomp|Ground
|move|p1b: Primarina|Protect|p1b: Primarina
|-singleturn|p1b: Primarina|Protect
|move|p1a: Rillaboom|Grassy Glide|p2a: Garchomp
|-supereffective|p2a: Garchomp
|-damage|p2a: Garchomp|61/100
|-damage|p1a: Rillaboom|34/100|[from] ability: Rough Skin|[of] p2a: Garchomp
|move|p2a: Garchomp|Stomping Tantrum|p1b: Primarina
|-activate|p1b: Primarina|move: Protect
|
|-weather|Snowscape|[upkeep]
|-heal|p2a: Garchomp|67/100|[from] Grassy Terrain
|-heal|p1a: Rillaboom|40/100|[from] Grassy Terrain
|-heal|p2b: Incineroar|61/100|[from] Grassy Terrain
|-heal|p1b: Primarina|39/100|[from] Grassy Terrain
|upkeep
|turn|5
|inactive|Shionaki has 30 seconds left.
|
|t:|1756959141
|move|p2a: Garchomp|Protect|p2a: Garchomp
|-singleturn|p2a: Garchomp|Protect
|move|p1a: Rillaboom|Grassy Glide|p2a: Garchomp
|-activate|p2a: Garchomp|move: Protect
|move|p2b: Incineroar|Flare Blitz|p1a: Rillaboom
|-supereffective|p1a: Rillaboom
|-damage|p1a: Rillaboom|0 fnt
|faint|p1a: Rillaboom
|-damage|p2b: Incineroar|48/100|[from] Recoil
|move|p1b: Primarina|Hyper Voice|p2a: Garchomp|[spread] p2b
|-activate|p2a: Garchomp|move: Protect
|-supereffective|p2b: Incineroar
|-damage|p2b: Incineroar|6/100
|
|-weather|Snowscape|[upkeep]
|-heal|p2a: Garchomp|73/100|[from] Grassy Terrain
|-heal|p2b: Incineroar|12/100|[from] Grassy Terrain
|-heal|p1b: Primarina|45/100|[from] Grassy Terrain
|-fieldend|move: Grassy Terrain
|upkeep
|
|t:|1756959156
|switch|p1a: Kingambit|Kingambit, L50, M|100/100
|turn|6
|inactive|Shionaki has 30 seconds left.
|inactive|Shionaki has 20 seconds left.
|inactive|Shionaki has 15 seconds left.
|
|t:|1756959198
|-terastallize|p1a: Kingambit|Ghost
|move|p1b: Primarina|Protect|p1b: Primarina
|-singleturn|p1b: Primarina|Protect
|move|p1a: Kingambit|Sucker Punch|p2b: Incineroar
|-resisted|p2b: Incineroar
|-damage|p2b: Incineroar|0 fnt
|faint|p2b: Incineroar
|move|p2a: Garchomp|Earthquake|p1b: Primarina|[spread] p1a
|-activate|p1b: Primarina|move: Protect
|-damage|p1a: Kingambit|50/100
|-damage|p2a: Garchomp|63/100|[from] item: Life Orb
|
|-weather|none
|upkeep
|
|t:|1756959202
|switch|p2b: Ninetales|Ninetales-Alola, L50, F|20/100
|-weather|Snowscape|[from] ability: Snow Warning|[of] p2b: Ninetales
|turn|7
|
|t:|1756959224
|move|p1a: Kingambit|Sucker Punch|p2a: Garchomp
|-damage|p2a: Garchomp|19/100
|-damage|p1a: Kingambit|38/100|[from] ability: Rough Skin|[of] p2a: Garchomp
|move|p2b: Ninetales|Blizzard|p1a: Kingambit|[spread] p1a,p1b
|-resisted|p1b: Primarina
|-damage|p1a: Kingambit|12/100
|-damage|p1b: Primarina|31/100
|move|p2a: Garchomp|Stomping Tantrum|p1b: Primarina
|-damage|p1b: Primarina|0 fnt
|faint|p1b: Primarina
|-damage|p2a: Garchomp|9/100|[from] item: Life Orb
|
|-weather|Snowscape|[upkeep]
|upkeep
|turn|8
|
|t:|1756959240
|move|p1a: Kingambit|Sucker Punch|p2a: Garchomp
|-damage|p2a: Garchomp|0 fnt
|-damage|p1a: Kingambit|0 fnt|[from] ability: Rough Skin|[of] p2a: Garchomp
|faint|p2a: Garchomp
|faint|p1a: Kingambit
|
|win|heatvw
||heatvw is ready for game 2.
|inactive|Shionaki has 30 seconds to confirm battle start!
||Shionaki is ready for game 2.
|uhtml|next|Next: Game 2 of 3
|l|☆Shionaki
|player|p1|
