|j|☆MrPhoenixGC
|j|☆willscharnagl
|html|MrPhoenixGCwillscharnagl    
|uhtml|bestof|Game 3 of a best-of-3
|t:|1756828875
|gametype|doubles
|player|p1|MrPhoenixGC|steven|1130
|player|p2|willscharnagl|169|1168
|gen|9
|tier|[Gen 9] VGC 2025 Reg H (Bo3)
|rated|
|rule|Species Clause: Limit one of each Pokémon
|rule|Item Clause: Limit 1 of each item
|clearpoke
|poke|p1|Gholdengo, L50|
|poke|p1|Pelipper, L50, M|
|poke|p1|Archaludon, L50, F|
|poke|p1|Ursaluna, L50, F|
|poke|p1|Dragonite, L50, F|
|poke|p1|Sinistcha, L50|
|poke|p2|Gliscor, L50, M|
|poke|p2|Grimmsnarl, L50, M|
|poke|p2|Incineroar, L50, M|
|poke|p2|Archaludon, L50, F|
|poke|p2|Sinistcha-Masterpiece, L50|
|poke|p2|Pelipper, L50, F|
|teampreview|4
|showteam|p1|Gholdengo||ChoiceScarf|GoodasGold|MakeItRain,ShadowBall,Trick,Protect||||||50|,,,,,Steel]Pelipper||FocusSash|Drizzle|Protect,MuddyWater,Hurricane,WideGuard|||M|||50|,,,,,Ghost]Archaludon||AssaultVest|Stamina|BodyPress,Snarl,ElectroShot,FlashCannon|||F|||50|,,,,,Bug]Ursaluna||FlameOrb|Guts|Protect,Facade,Earthquake,HeadlongRush|||F|||50|,,,,,Ghost]Dragonite||LoadedDice|Multiscale|ScaleShot,Haze,Tailwind,Protect|||F|||50|,,,,,Fairy]Sinistcha||SitrusBerry|Hospitality|TrickRoom,MatchaGotcha,LifeDew,RagePowder||||||50|,,,,,Dark
|showteam|p2|Gliscor||ToxicOrb|PoisonHeal|DualWingbeat,HighHorsepower,Protect,SwordsDance|||M|||50|,,,,,Water]Grimmsnarl||LightClay|Prankster|LightScreen,Reflect,SpiritBreak,ThunderWave|||M|||50|,,,,,Ghost]Incineroar||SafetyGoggles|Intimidate|KnockOff,PartingShot,FakeOut,FlareBlitz|||M|||50|,,,,,Ghost]Archaludon||PowerHerb|Sturdy|Thunderbolt,ElectroShot,Protect,DracoMeteor|||F|||50|,,,,,Electric]Sinistcha-Masterpiece||AssaultVest|Hospitality|LeafStorm,Scald,MatchaGotcha,ShadowBall||||||50|,,,,,Water]Pelipper||FocusSash|Drizzle|WeatherBall,Hurricane,Tailwind,Protect|||F|||50|,,,,,Ghost
|inactive|Battle timer is ON: inactive players will automatically lose when time's up. (requested by willscharnagl)
|
|t:|1756828902
|teamsize|p1|4
|teamsize|p2|4
|start
|switch|p1a: Gholdengo|Gholdengo, L50|100/100
|switch|p1b: Dragonite|Dragonite, L50, F|100/100
|switch|p2a: Incineroar|Incineroar, L50, M|100/100
|switch|p2b: Gliscor|Gliscor, L50, M|100/100
|-ability|p2a: Incineroar|Intimidate|boost
|-unboost|p1a: Gholdengo|atk|1
|-unboost|p1b: Dragonite|atk|1
|turn|1
|inactive|MrPhoenixGC has 30 seconds left.
|inactive|MrPhoenixGC has 20 seconds left.
|inactive|MrPhoenixGC has 15 seconds left.
|inactive|MrPhoenixGC has 10 seconds left.
|
|t:|1756828948
|-terastallize|p1a: Gholdengo|Steel
|move|p2a: Incineroar|Fake Out|p1b: Dragonite
|-damage|p1b: Dragonite|95/100
|move|p1a: Gholdengo|Trick|p2a: Incineroar
|-activate|p1a: Gholdengo|move: Trick|[of] p2a: Incineroar
|-item|p2a: Incineroar|Choice Scarf|[from] move: Trick
|-item|p1a: Gholdengo|Safety Goggles|[from] move: Trick
|move|p2b: Gliscor|High Horsepower|p1a: Gholdengo|[miss]
|-miss|p2b: Gliscor|p1a: Gholdengo
|cant|p1b: Dragonite|flinch
|
|-status|p2b: Gliscor|tox|[from] item: Toxic Orb
|upkeep
|turn|2
|c|☆willscharnagl|lmao
|inactive|MrPhoenixGC has 30 seconds left.
|inactive|MrPhoenixGC has 20 seconds left.
|j| thiaguimsjo
|
|t:|1756828985
|switch|p2a: Archaludon|Archaludon, L50, F|100/100
|move|p2b: Gliscor|Swords Dance|p2b: Gliscor
|-boost|p2b: Gliscor|atk|2
|move|p1a: Gholdengo|Make It Rain|p2a: Archaludon|[spread] p2a,p2b
|-resisted|p2a: Archaludon
|-damage|p2a: Archaludon|48/100
|-damage|p2b: Gliscor|4/100 tox
|-unboost|p1a: Gholdengo|spa|1
|move|p1b: Dragonite|Scale Shot|p2b: Gliscor
|-damage|p2b: Gliscor|0 fnt
|faint|p2b: Gliscor
|-hitcount|p2: Gliscor|1
|-unboost|p1b: Dragonite|def|1
|-boost|p1b: Dragonite|spe|1
|
|upkeep
|
|t:|1756828996
|switch|p2b: Sinistcha|Sinistcha-Masterpiece, L50|100/100
|-heal|p2a: Archaludon|73/100|[from] ability: Hospitality|[of] p2b: Sinistcha
|turn|3
|inactive|MrPhoenixGC has 30 seconds left.
|inactive|MrPhoenixGC has 20 seconds left.
|inactive|MrPhoenixGC has 15 seconds left.
|
|t:|1756829038
|switch|p1a: Archaludon|Archaludon, L50, F|100/100
|move|p1b: Dragonite|Tailwind|p1b: Dragonite
|-sidestart|p1: MrPhoenixGC|move: Tailwind
|move|p2a: Archaludon|Electro Shot||[still]
|-prepare|p2a: Archaludon|Electro Shot
|-boost|p2a: Archaludon|spa|1
|-enditem|p2a: Archaludon|Power Herb
|-anim|p2a: Archaludon|Electro Shot|p1a: Archaludon
|-resisted|p1a: Archaludon
|-damage|p1a: Archaludon|75/100
|-ability|p1a: Archaludon|Stamina|boost
|-boost|p1a: Archaludon|def|1
|move|p2b: Sinistcha|Scald|p1b: Dragonite
|-resisted|p1b: Dragonite
|-damage|p1b: Dragonite|81/100
|
|upkeep
|turn|4
|inactive|MrPhoenixGC has 30 seconds left.
|inactive|willscharnagl has 30 seconds left.
|inactive|MrPhoenixGC has 20 seconds left.
|inactive|MrPhoenixGC has 15 seconds left.
|inactive|MrPhoenixGC has 10 seconds left.
|
|t:|1756829085
|switch|p2a: Incineroar|Incineroar, L50, M|100/100
|-ability|p2a: Incineroar|Intimidate|boost
|-unboost|p1a: Archaludon|atk|1
|-unboost|p1b: Dragonite|atk|1
|move|p1b: Dragonite|Scale Shot|p2b: Sinistcha
|-crit|p2b: Sinistcha
|-damage|p2b: Sinistcha|80/100
|-damage|p2b: Sinistcha|73/100
|-damage|p2b: Sinistcha|66/100
|-damage|p2b: Sinistcha|59/100
|-hitcount|p2b: Sinistcha|4
|-unboost|p1b: Dragonite|def|1
|-boost|p1b: Dragonite|spe|1
|move|p1a: Archaludon|Snarl|p2b: Sinistcha|[spread] p2a,p2b
|-resisted|p2a: Incineroar
|-supereffective|p2b: Sinistcha
|-damage|p2a: Incineroar|97/100
|-damage|p2b: Sinistcha|42/100
|-unboost|p2a: Incineroar|spa|1
|-unboost|p2b: Sinistcha|spa|1
|move|p2b: Sinistcha|Scald|p1b: Dragonite
|-resisted|p1b: Dragonite
|-damage|p1b: Dragonite|71/100
|
|upkeep
|turn|5
|inactive|MrPhoenixGC has 30 seconds left.
|inactive|MrPhoenixGC has 20 seconds left.
|inactive|MrPhoenixGC has 15 seconds left.
|inactive|MrPhoenixGC has 10 seconds left.
|
|t:|1756829133
|switch|p2b: Archaludon|Archaludon, L50, F|73/100
|move|p1b: Dragonite|Scale Shot|p2a: Incineroar
|-damage|p2a: Incineroar|89/100
|-damage|p2a: Incineroar|82/100
|-damage|p2a: Incineroar|74/100
|-damage|p2a: Incineroar|67/100
|-damage|p2a: Incineroar|59/100
|-hitcount|p2a: Incineroar|5
|-unboost|p1b: Dragonite|def|1
|-boost|p1b: Dragonite|spe|1
|move|p1a: Archaludon|Body Press|p2a: Incineroar
|-supereffective|p2a: Incineroar
|-damage|p2a: Incineroar|0 fnt
|faint|p2a: Incineroar
|
|upkeep
|-message|willscharnagl forfeited.
|
|win|MrPhoenixGC
|raw|MrPhoenixGC's rating: 1130 → 1158(+28 for winning)
|raw|willscharnagl's rating: 1168 → 1140(-28 for losing)
