|j|☆iliasdelm
|j|☆Vitor_hsaf
|html|iliasdelmVitor_hsaf    
|uhtml|bestof|Game 3 of a best-of-3
|t:|1756318887
|gametype|doubles
|player|p1|iliasdelm|gambler|1138
|player|p2|Vitor_hsaf|blue|1218
|gen|9
|tier|[Gen 9] VGC 2025 Reg H (Bo3)
|rated|
|rule|Species Clause: Limit one of each Pokémon
|rule|Item Clause: Limit 1 of each item
|clearpoke
|poke|p1|Primarina, L50, F|
|poke|p1|Incineroar, L50, M|
|poke|p1|Gholdengo, L50|
|poke|p1|Ursaluna, L50, M|
|poke|p1|Amoonguss, L50, F|
|poke|p1|Porygon2, L50|
|poke|p2|Amoonguss, L50, F|
|poke|p2|Sneasler, L50, F|
|poke|p2|Gholdengo, L50|
|poke|p2|Incineroar, L50, F|
|poke|p2|Ursaluna-Bloodmoon, L50, M|
|poke|p2|Dragonite, L50, M|
|teampreview|4
|showteam|p1|Primarina||ThroatSpray|LiquidVoice|HyperVoice,Moonblast,Haze,Protect|||F|||50|,,,,,Poison]Incineroar||AssaultVest|Intimidate|FlareBlitz,KnockOff,FakeOut,Uturn|||M|||50|,,,,,Grass]Gholdengo||LifeOrb|GoodasGold|MakeItRain,ShadowBall,NastyPlot,Protect||||||50|,,,,,Water]Ursaluna||FlameOrb|Guts|Facade,HeadlongRush,Protect,Substitute|||M|||50|,,,,,Ghost]Amoonguss||SitrusBerry|Regenerator|PollenPuff,Spore,RagePowder,GigaDrain|||F|||50|,,,,,Electric]Porygon2||Eviolite|Download|IceBeam,TeraBlast,Recover,TrickRoom||||||50|,,,,,Fighting
|showteam|p2|Amoonguss||SitrusBerry|Regenerator|RagePowder,Spore,PollenPuff,Protect|||F|||50|,,,,,Psychic]Sneasler||FocusSash|Unburden|Protect,DireClaw,CloseCombat,ThroatChop|||F|||50|,,,,,Stellar]Gholdengo||LifeOrb|GoodasGold|Protect,MakeItRain,ShadowBall,NastyPlot||||||50|,,,,,Water]Incineroar||SafetyGoggles|Intimidate|KnockOff,PartingShot,FlareBlitz,FakeOut|||F|||50|,,,,,Ghost]Ursaluna-Bloodmoon||AssaultVest|MindsEye|BloodMoon,EarthPower,VacuumWave,HyperVoice|||M|||50|,,,,,Water]Dragonite||LoadedDice|Multiscale|ScaleShot,Tailwind,Haze,Protect|||M|||50|,,,,,Fairy
|inactive|Battle timer is ON: inactive players will automatically lose when time's up. (requested by Vitor_hsaf)
|
|t:|1756318909
|teamsize|p1|4
|teamsize|p2|4
|start
|switch|p1a: Incineroar|Incineroar, L50, M|100/100
|switch|p1b: Gholdengo|Gholdengo, L50|100/100
|switch|p2a: Tony|Ursaluna-Bloodmoon, L50, M|100/100
|switch|p2b: Zzzzzzzz|Amoonguss, L50, F|100/100
|-ability|p1a: Incineroar|Intimidate|boost
|-unboost|p2a: Tony|atk|1
|-unboost|p2b: Zzzzzzzz|atk|1
|turn|1
|
|t:|1756318918
|-terastallize|p1a: Incineroar|Grass
|move|p1a: Incineroar|Fake Out|p2a: Tony
|-damage|p2a: Tony|92/100
|move|p1b: Gholdengo|Nasty Plot|p1b: Gholdengo
|-boost|p1b: Gholdengo|spa|2
|cant|p2a: Tony|flinch
|move|p2b: Zzzzzzzz|Spore|p1a: Incineroar
|-immune|p1a: Incineroar
|
|upkeep
|turn|2
|
|t:|1756318934
|-terastallize|p2a: Tony|Water
|move|p2b: Zzzzzzzz|Rage Powder|p2b: Zzzzzzzz
|-singleturn|p2b: Zzzzzzzz|move: Rage Powder
|move|p1b: Gholdengo|Make It Rain|p2a: Tony|[spread] p2a,p2b
|-resisted|p2a: Tony
|-damage|p2a: Tony|58/100
|-damage|p2b: Zzzzzzzz|0 fnt
|-unboost|p1b: Gholdengo|spa|1
|faint|p2b: Zzzzzzzz
|-damage|p1b: Gholdengo|91/100|[from] item: Life Orb
|move|p1a: Incineroar|Knock Off|p2a: Tony
|-damage|p2a: Tony|26/100
|-enditem|p2a: Tony|Assault Vest|[from] move: Knock Off|[of] p1a: Incineroar
|move|p2a: Tony|Earth Power|p1b: Gholdengo
|-supereffective|p1b: Gholdengo
|-damage|p1b: Gholdengo|0 fnt
|faint|p1b: Gholdengo
|
|upkeep
|
|t:|1756318949
|switch|p1b: Porygon2|Porygon2, L50|100/100
|switch|p2b: 8|Sneasler, L50, F|100/100
|-ability|p1b: Porygon2|Download|boost
|-boost|p1b: Porygon2|spa|1
|turn|3
|
|t:|1756318961
|switch|p1b: Primarina|Primarina, L50, F|100/100
|move|p2b: 8|Close Combat|p1b: Primarina
|-resisted|p1b: Primarina
|-crit|p1b: Primarina
|-damage|p1b: Primarina|44/100
|-unboost|p2b: 8|def|1
|-unboost|p2b: 8|spd|1
|move|p1a: Incineroar|U-turn|p2b: 8
|-resisted|p2b: 8
|-damage|p2b: 8|87/100
|
|t:|1756318971
|switch|p1a: Porygon2|Porygon2, L50|100/100|[from] U-turn
|-ability|p1a: Porygon2|Download|boost
|-boost|p1a: Porygon2|spa|1
|move|p2a: Tony|Blood Moon|p1b: Primarina
|-damage|p1b: Primarina|0 fnt
|faint|p1b: Primarina
|
|upkeep
|
|t:|1756318972
|switch|p1b: Incineroar|Incineroar, L50, M, tera:Grass|100/100
|-ability|p1b: Incineroar|Intimidate|boost
|-unboost|p2a: Tony|atk|1
|-unboost|p2b: 8|atk|1
|turn|4
|
|t:|1756318980
|switch|p2b: Luffy|Incineroar, L50, F|100/100
|-ability|p2b: Luffy|Intimidate|boost
|-unboost|p1a: Porygon2|atk|1
|-unboost|p1b: Incineroar|atk|1
|move|p1b: Incineroar|Fake Out|p2a: Tony
|-damage|p2a: Tony|20/100
|cant|p2a: Tony|flinch
|move|p1a: Porygon2|Trick Room|p1a: Porygon2
|-fieldstart|move: Trick Room|[of] p1a: Porygon2
|
|upkeep
|turn|5
|
|t:|1756318998
|move|p1a: Porygon2|Tera Blast|p2a: Tony
|-damage|p2a: Tony|0 fnt
|faint|p2a: Tony
|move|p1b: Incineroar|Flare Blitz|p2b: Luffy
|-resisted|p2b: Luffy
|-damage|p2b: Luffy|85/100
|-damage|p1b: Incineroar|95/100|[from] Recoil
|move|p2b: Luffy|Knock Off|p1a: Porygon2
|-damage|p1a: Porygon2|73/100
|-enditem|p1a: Porygon2|Eviolite|[from] move: Knock Off|[of] p2b: Luffy
|
|upkeep
|
|t:|1756319002
|switch|p2a: 8|Sneasler, L50, F|87/100
|turn|6
|
|t:|1756319011
|move|p2a: 8|Protect|p2a: 8
|-singleturn|p2a: 8|Protect
|move|p1a: Porygon2|Tera Blast|p2a: 8
|-activate|p2a: 8|move: Protect
|move|p1b: Incineroar|Flare Blitz|p2a: 8
|-activate|p2a: 8|move: Protect
|move|p2b: Luffy|Flare Blitz|p1b: Incineroar
|-supereffective|p1b: Incineroar
|-damage|p1b: Incineroar|0 fnt
|faint|p1b: Incineroar
|-damage|p2b: Luffy|53/100|[from] Recoil
|
|upkeep
|turn|7
|
|t:|1756319027
|move|p1a: Porygon2|Tera Blast|p2a: 8
|-damage|p2a: 8|18/100
|move|p2b: Luffy|Flare Blitz|p1a: Porygon2
|-damage|p1a: Porygon2|24/100
|-damage|p2b: Luffy|38/100|[from] Recoil
|move|p2a: 8|Close Combat|p1a: Porygon2
|-supereffective|p1a: Porygon2
|-damage|p1a: Porygon2|0 fnt
|-unboost|p2a: 8|def|1
|-unboost|p2a: 8|spd|1
|faint|p1a: Porygon2
|
|win|Vitor_hsaf
|raw|iliasdelm's rating: 1138 → 1119(-19 for losing)
|raw|Vitor_hsaf's rating: 1218 → 1237(+19 for winning)
|c|☆iliasdelm|γγ
|c|☆Vitor_hsaf|gg
|c|☆iliasdelm|i was hasty
|c|☆Vitor_hsaf|jeah the incy tera
|c|☆iliasdelm|the moment i pressed the last move i knew i should have doubled inci
|l|☆iliasdelm
|player|p1|
|j|☆iliasdelm
|player|p1|iliasdelm|gambler|
