|j|☆Il Mule
|j|☆palle synchro
|html|Il Mulepalle synchro    
|uhtml|bestof|Game 3 of a best-of-3
|t:|1757075598
|gametype|doubles
|player|p1|Il Mule|salvatore|1575
|player|p2|palle synchro|volkner|1442
|gen|9
|tier|[Gen 9] VGC 2025 Reg H (Bo3)
|rated|
|rule|Species Clause: Limit one of each Pokémon
|rule|Item Clause: Limit 1 of each item
|clearpoke
|poke|p1|Corviknight, L50, M|
|poke|p1|Garchomp, L50, M|
|poke|p1|Tyranitar, L50, M|
|poke|p1|Gholdengo, L50|
|poke|p1|Sneasler, L50, M|
|poke|p1|Incineroar, L50, M|
|poke|p2|Whimsicott, L50, F|
|poke|p2|Annihilape, L50, M|
|poke|p2|Indeedee, L50, M|
|poke|p2|Sneasler, L50, M|
|poke|p2|Ursaluna-Bloodmoon, L50, M|
|poke|p2|Archaludon, L50, M|
|teampreview|4
|showteam|p1|Corviknight||CovertCloak|MirrorArmor|BraveBird,Taunt,Roost,Tailwind|||M|||50|,,,,,Dragon]Garchomp||ClearAmulet|RoughSkin|Earthquake,DragonClaw,StompingTantrum,Protect|||M|||50|,,,,,Fire]Tyranitar||AssaultVest|SandStream|RockSlide,KnockOff,TeraBlast,LowKick|||M|||50|,,,,,Flying]Gholdengo||LifeOrb|GoodasGold|MakeItRain,ShadowBall,NastyPlot,Protect||||||50|,,,,,Flying]Sneasler||AirBalloon|Unburden|DireClaw,CloseCombat,Coaching,Protect|||M|||50|,,,,,Ghost]Incineroar||SafetyGoggles|Intimidate|FlareBlitz,WillOWisp,PartingShot,FakeOut|||M|||50|,,,,,Ghost
|showteam|p2|Whimsicott||CovertCloak|Prankster|Moonblast,Taunt,Tailwind,FakeTears|||F|||50|,,,,,Water]Annihilape||SafetyGoggles|Defiant|CloseCombat,RageFist,FinalGambit,Taunt|||M|||50|,,,,,Fairy]Indeedee||FocusSash|PsychicSurge|ExpandingForce,TeraBlast,Imprison,TrickRoom|||M|||50|,,,,,Psychic]Sneasler||PsychicSeed|Unburden|CloseCombat,DireClaw,ThroatChop,Protect|||M|||50|,,,,,Dark]Ursaluna-Bloodmoon||LifeOrb|MindsEye|HyperVoice,BloodMoon,EarthPower,Protect|||M|||50|,,,,,Normal]Archaludon||PowerHerb|Sturdy|ElectroShot,DragonPulse,Thunderbolt,Protect|||M|||50|,,,,,Electric
|inactive|Battle timer is ON: inactive players will automatically lose when time's up. (requested by palle synchro)
|
|t:|1757075618
|teamsize|p1|4
|teamsize|p2|4
|start
|switch|p1a: Tyranitar|Tyranitar, L50, M|100/100
|switch|p1b: Corviknight|Corviknight, L50, M, shiny|100/100
|switch|p2a: Ursaluna|Ursaluna-Bloodmoon, L50, M|100/100
|switch|p2b: Whimsicott|Whimsicott, L50, F|100/100
|-weather|Sandstorm|[from] ability: Sand Stream|[of] p1a: Tyranitar
|turn|1
|
|t:|1757075628
|-terastallize|p1a: Tyranitar|Flying
|move|p2b: Whimsicott|Taunt|p1b: Corviknight
|-start|p1b: Corviknight|move: Taunt
|move|p2a: Ursaluna|Earth Power|p1a: Tyranitar
|-immune|p1a: Tyranitar
|cant|p1b: Corviknight|move: Taunt|Tailwind
|move|p1a: Tyranitar|Tera Blast|p2b: Whimsicott|[anim] Tera Blast Flying
|-supereffective|p2b: Whimsicott
|-damage|p2b: Whimsicott|0 fnt
|faint|p2b: Whimsicott
|
|-weather|Sandstorm|[upkeep]
|-damage|p1a: Tyranitar|95/100|[from] Sandstorm
|upkeep
|
|t:|1757075635
|switch|p2b: Archaludon|Archaludon, L50, M|100/100
|turn|2
|
|t:|1757075655
|-terastallize|p2a: Ursaluna|Normal
|move|p2b: Archaludon|Electro Shot||[still]
|-prepare|p2b: Archaludon|Electro Shot
|-boost|p2b: Archaludon|spa|1
|-enditem|p2b: Archaludon|Power Herb
|-anim|p2b: Archaludon|Electro Shot|p1b: Corviknight
|-supereffective|p1b: Corviknight
|-damage|p1b: Corviknight|0 fnt
|faint|p1b: Corviknight
|move|p2a: Ursaluna|Blood Moon|p1a: Tyranitar
|-damage|p1a: Tyranitar|19/100
|-damage|p2a: Ursaluna|91/100|[from] item: Life Orb
|move|p1a: Tyranitar|Low Kick|p2a: Ursaluna
|-supereffective|p2a: Ursaluna
|-damage|p2a: Ursaluna|19/100
|
|-weather|Sandstorm|[upkeep]
|-damage|p2a: Ursaluna|13/100|[from] Sandstorm
|-damage|p1a: Tyranitar|14/100|[from] Sandstorm
|upkeep
|
|t:|1757075669
|switch|p1b: Garchomp|Garchomp, L50, M|100/100
|turn|3
|
|t:|1757075683
|move|p2a: Ursaluna|Protect|p2a: Ursaluna
|-singleturn|p2a: Ursaluna|Protect
|move|p1b: Garchomp|Earthquake|p2b: Archaludon|[spread] p2b
|-activate|p2a: Ursaluna|move: Protect
|-immune|p1a: Tyranitar
|-supereffective|p2b: Archaludon
|-damage|p2b: Archaludon|27/100
|move|p2b: Archaludon|Dragon Pulse|p1b: Garchomp
|-supereffective|p1b: Garchomp
|-damage|p1b: Garchomp|0 fnt
|faint|p1b: Garchomp
|move|p1a: Tyranitar|Knock Off|p2b: Archaludon
|-damage|p2b: Archaludon|0 fnt
|faint|p2b: Archaludon
|
|-weather|Sandstorm|[upkeep]
|-damage|p2a: Ursaluna|7/100|[from] Sandstorm
|-damage|p1a: Tyranitar|8/100|[from] Sandstorm
|upkeep
|
|t:|1757075693
|switch|p1b: Sneasler|Sneasler, L50, M|100/100
|switch|p2b: Annihilape|Annihilape, L50, M|100/100
|-item|p1b: Sneasler|Air Balloon
|turn|4
|inactive|Il Mule has 30 seconds left.
|
|t:|1757075721
|move|p1b: Sneasler|Dire Claw|p2a: Ursaluna
|-damage|p2a: Ursaluna|0 fnt
|faint|p2a: Ursaluna
|move|p2b: Annihilape|Rage Fist|p1a: Tyranitar
|-damage|p1a: Tyranitar|0 fnt
|faint|p1a: Tyranitar
|
|-weather|Sandstorm|[upkeep]
|-damage|p1b: Sneasler|95/100|[from] Sandstorm
|upkeep
|turn|5
|
|t:|1757075733
|move|p1b: Sneasler|Dire Claw|p2b: Annihilape
|-resisted|p2b: Annihilape
|-damage|p2b: Annihilape|81/100
|-status|p2b: Annihilape|par
|move|p2b: Annihilape|Rage Fist|p1b: Sneasler
|-damage|p1b: Sneasler|28/100
|-enditem|p1b: Sneasler|Air Balloon
|
|-weather|none
|upkeep
|turn|6
|
|t:|1757075741
|move|p1b: Sneasler|Dire Claw|p2b: Annihilape
|-resisted|p2b: Annihilape
|-damage|p2b: Annihilape|60/100 par
|move|p2b: Annihilape|Rage Fist|p1b: Sneasler
|-damage|p1b: Sneasler|0 fnt
|faint|p1b: Sneasler
|
|win|palle synchro
|raw|Il Mule's rating: 1575 → 1548(-27 for losing)
|raw|palle synchro's rating: 1442 → 1469(+27 for winning)
