|j|☆puli95
|j|☆salvulcano24
|html|puli95salvulcano24    
|uhtml|bestof|Game 2 of a best-of-3
|t:|1784752364
|gametype|doubles
|player|p1|puli95|170|1062
|player|p2|salvulcano24|pokemonbreederf|1143
|gen|9
|tier|[Gen 9 Champions] VGC 2026 Reg M-B (Bo3)
|rated|
|rule|Species Clause: Limit one of each Pokémon
|rule|Item Clause: Limit 1 of each item
|clearpoke
|poke|p1|Metagross, L50|
|poke|p1|Talonflame, L50, F|
|poke|p1|Hydreigon, L50, F|
|poke|p1|Sneasler, L50, F|
|poke|p1|Sinistcha, L50|
|poke|p1|Milotic, L50, M|
|poke|p2|Farigiraf, L50, F|
|poke|p2|Gardevoir, L50, F|
|poke|p2|Venusaur, L50, M|
|poke|p2|Aerodactyl, L50, F|
|poke|p2|Garchomp, L50, M|
|poke|p2|Rampardos, L50, F, shiny|
|teampreview|4
|showteam|p1|Metagross||Metagrossite|ClearBody|BulletPunch,PsychicFangs,RockSlide,Protect|Adamant|||||50|]Talonflame||Charcoal|GaleWings|Overheat,BraveBird,Tailwind,QuickGuard|Naive||F|||50|]Hydreigon||LifeOrb|Levitate|DarkPulse,DracoMeteor,EarthPower,Protect|Modest||F|||50|]Sneasler||FocusSash|PoisonTouch|CloseCombat,DireClaw,FakeOut,QuickGuard|Adamant||F|||50|]Sinistcha||SitrusBerry|Hospitality|MatchaGotcha,RagePowder,TrickRoom,Protect|Bold|||||50|]Milotic||Leftovers|MarvelScale|Scald,IceBeam,HelpingHand,Protect|Bold||M|||50|
|showteam|p2|Farigiraf||SitrusBerry|ArmorTail|Psychic,TrickRoom,Protect,HelpingHand|Bold||F|||50|]Gardevoir||Gardevoirite|Synchronize|Protect,AuraSphere,HyperVoice,TrickRoom|Modest||F|||50|]Venusaur||Venusaurite|Overgrow|Protect,GigaDrain,SludgeBomb,EarthPower|Modest||M|||50|]Aerodactyl||FocusSash|Unnerve|RockSlide,DualWingbeat,Tailwind,WideGuard|Jolly||F|||50|]Garchomp||RoseliBerry|RoughSkin|StompingTantrum,DragonClaw,SwordsDance,Protect|Jolly||M|||50|]Rampardos||LifeOrb|SheerForce|RockSlide,FirePunch,ThunderPunch,Protect|Adamant||F|||50|
|
|t:|1784752397
|teamsize|p1|4
|teamsize|p2|4
|start
|switch|p1a: Metagross|Metagross, L50|100/100
|switch|p1b: Sneasler|Sneasler, L50, F|100/100
|switch|p2a: Gardevoir|Gardevoir, L50, F|100/100
|switch|p2b: Rampardos|Rampardos, L50, F, shiny|100/100
|turn|1
|
|t:|1784752420
|switch|p2a: Farigiraf|Farigiraf, L50, F|100/100
|detailschange|p1a: Metagross|Metagross-Mega, L50
|-mega|p1a: Metagross|Metagross|Metagrossite
|move|p1b: Sneasler|Dire Claw|p2a: Farigiraf
|-damage|p2a: Farigiraf|65/100
|-status|p2a: Farigiraf|par
|move|p1a: Metagross|Rock Slide|p2a: Farigiraf|[spread] p2a,p2b
|-crit|p2b: Rampardos
|-damage|p2a: Farigiraf|44/100 par
|-damage|p2b: Rampardos|55/100
|-enditem|p2a: Farigiraf|Sitrus Berry|[eat]
|-heal|p2a: Farigiraf|68/100 par|[from] item: Sitrus Berry
|move|p2b: Rampardos|Fire Punch|p1a: Metagross
|-supereffective|p1a: Metagross|1
|-damage|p1a: Metagross|12/100
|
|upkeep
|turn|2
|
|t:|1784752478
|move|p2b: Rampardos|Protect|p2b: Rampardos
|-singleturn|p2b: Rampardos|Protect
|move|p1b: Sneasler|Close Combat|p2b: Rampardos
|-activate|p2b: Rampardos|move: Protect
|move|p1a: Metagross|Rock Slide|p2b: Rampardos|[spread] p2a
|-activate|p2b: Rampardos|move: Protect
|-damage|p2a: Farigiraf|49/100 par
|move|p2a: Farigiraf|Trick Room|p2a: Farigiraf
|-fieldstart|move: Trick Room|[of] p2a: Farigiraf
|
|upkeep
|turn|3
|
|t:|1784752497
|move|p1a: Metagross|Protect|p1a: Metagross
|-singleturn|p1a: Metagross|Protect
|move|p2a: Farigiraf|Psychic|p1b: Sneasler
|-supereffective|p1b: Sneasler|2
|-enditem|p1b: Sneasler|Focus Sash
|-damage|p1b: Sneasler|1/100
|move|p2b: Rampardos|Rock Slide|p1b: Sneasler|[spread] p1b
|-activate|p1a: Metagross|move: Protect
|-resisted|p1b: Sneasler|1
|-damage|p1b: Sneasler|0 fnt
|faint|p1b: Sneasler
|
|upkeep
|
|t:|1784752508
|switch|p1b: Sinistcha|Sinistcha, L50|100/100
|-heal|p1a: Metagross|36/100|[from] ability: Hospitality|[of] p1b: Sinistcha
|turn|4
|
|t:|1784752526
|move|p1b: Sinistcha|Rage Powder|p1b: Sinistcha
|-singleturn|p1b: Sinistcha|move: Rage Powder
|move|p2a: Farigiraf|Psychic|p1b: Sinistcha
|-damage|p1b: Sinistcha|64/100
|move|p2b: Rampardos|Fire Punch|p1b: Sinistcha
|-supereffective|p1b: Sinistcha|1
|-damage|p1b: Sinistcha|0 fnt
|faint|p1b: Sinistcha
|move|p1a: Metagross|Psychic Fangs|p2a: Farigiraf
|-resisted|p2a: Farigiraf|1
|-damage|p2a: Farigiraf|22/100 par
|
|upkeep
|
|t:|1784752536
|switch|p1b: Hydreigon|Hydreigon, L50, F|100/100
|turn|5
|
|t:|1784752551
|move|p2a: Farigiraf|Helping Hand|p2b: Rampardos
|-singleturn|p2b: Rampardos|Helping Hand|[of] p2a: Farigiraf
|move|p2b: Rampardos|Rock Slide|p1b: Hydreigon|[spread] p1a,p1b
|-resisted|p1a: Metagross|1
|-damage|p1a: Metagross|3/100
|-damage|p1b: Hydreigon|0 fnt
|faint|p1b: Hydreigon
|move|p1a: Metagross|Rock Slide|p2a: Farigiraf|[spread] p2a,p2b
|-damage|p2a: Farigiraf|4/100 par
|-damage|p2b: Rampardos|23/100
|
|upkeep
|turn|6
|
|t:|1784752567
|switch|p2a: Garchomp|Garchomp, L50, M|100/100
|move|p1a: Metagross|Protect|p1a: Metagross
|-singleturn|p1a: Metagross|Protect
|move|p2b: Rampardos|Fire Punch|p1a: Metagross
|-activate|p1a: Metagross|move: Protect
|
|-fieldend|move: Trick Room
|upkeep
|turn|7
|-message|puli95 forfeited.
|
|win|salvulcano24
|l|☆puli95
|player|p1|
||puli95 is ready for game 3.
||salvulcano24 is ready for game 3.
|uhtml|next|Next: Game 3 of 3
