|j|☆cookerpokemon
|j|☆Pokemon Research
|html|cookerpokemonPokemon Research    
|uhtml|bestof|Game 3 of a best-of-3
|t:|1785983566
|gametype|doubles
|player|p1|cookerpokemon|265|1031
|player|p2|Pokemon Research|266|1043
|gen|9
|tier|[Gen 9 Champions] VGC 2026 Reg M-B (Bo3)
|rated|
|rule|Species Clause: Limit one of each Pokémon
|rule|Item Clause: Limit 1 of each item
|clearpoke
|poke|p1|Grimmsnarl, L50, M|
|poke|p1|Scovillain, L50, M|
|poke|p1|Toxapex, L50, F|
|poke|p1|Incineroar, L50, F|
|poke|p1|Blastoise, L50, F|
|poke|p1|Blaziken, L50, F|
|poke|p2|Tyranitar, L50, F, shiny|
|poke|p2|Excadrill, L50, M, shiny|
|poke|p2|Milotic, L50, F, shiny|
|poke|p2|Whimsicott, L50, M, shiny|
|poke|p2|Grimmsnarl, L50, M, shiny|
|poke|p2|Kingambit, L50, M, shiny|
|teampreview|4
|showteam|p1|Grimmsnarl||LightClay|Prankster|FakeOut,PartingShot,Reflect,LightScreen|Impish||M|||50|]Scovillain||Scovillainite|Moody|RagePowder,LeechSeed,Protect,Flamethrower|Bold||M|||50|]Toxapex||Leftovers|Regenerator|Toxic,Infestation,Recover,BanefulBunker|Calm||F|||50|]Incineroar||SitrusBerry|Intimidate|FakeOut,PartingShot,FlareBlitz,Protect|Impish||F|||50|]Blastoise||Blastoisinite|Torrent|AquaTail|Serious||F|||50|]Blaziken||Blazikenite|SpeedBoost|AuraSphere|Serious||F|||50|
|showteam|p2|Tyranitar||Tyranitarite|SandStream|RockSlide,KnockOff,LowKick,Protect|Adamant||F|||50|]Excadrill||FocusSash|SandRush|HighHorsepower,IronHead,RockSlide,Protect|Adamant||M|||50|]Milotic||Leftovers|Competitive|Scald,IcyWind,Recover,Protect|Bold||F|||50|]Whimsicott||MentalHerb|Prankster|Tailwind,Moonblast,Encore,Protect|Timid||M|||50|]Grimmsnarl||LightClay|Prankster|LightScreen,Reflect,SpiritBreak,PartingShot|Careful||M|||50|]Kingambit||BlackGlasses|Defiant|KowtowCleave,SuckerPunch,IronHead,Protect|Adamant||M|||50|
|inactive|Battle timer is ON: inactive players will automatically lose when time's up. (requested by cookerpokemon)
|
|t:|1785983612
|teamsize|p1|4
|teamsize|p2|4
|start
|switch|p1a: Scovillain|Scovillain, L50, M|100/100
|switch|p1b: Grimmsnarl|Grimmsnarl, L50, M|100/100
|switch|p2a: Tyranitar|Tyranitar, L50, F, shiny|100/100
|switch|p2b: Whimsicott|Whimsicott, L50, M, shiny|100/100
|-weather|Sandstorm|[from] ability: Sand Stream|[of] p2a: Tyranitar
|turn|1
|
|t:|1785983633
|detailschange|p1a: Scovillain|Scovillain-Mega, L50, M
|-mega|p1a: Scovillain|Scovillain|Scovillainite
|move|p2b: Whimsicott|Tailwind|p2b: Whimsicott
|-sidestart|p2: Pokemon Research|move: Tailwind
|move|p1b: Grimmsnarl|Reflect|p1b: Grimmsnarl
|-sidestart|p1: cookerpokemon|Reflect
|move|p2a: Tyranitar|Rock Slide|p1a: Scovillain|[spread] p1a,p1b
|-supereffective|p1a: Scovillain|1
|-damage|p1a: Scovillain|57/100
|-damage|p1b: Grimmsnarl|79/100
|-status|p2a: Tyranitar|brn|[from] ability: Spicy Spray|[of] p1a: Scovillain
|move|p1a: Scovillain|Leech Seed|p2a: Tyranitar
|-start|p2a: Tyranitar|move: Leech Seed
|
|-weather|Sandstorm|[upkeep]
|-damage|p2b: Whimsicott|94/100|[from] Sandstorm
|-damage|p1a: Scovillain|51/100|[from] Sandstorm
|-damage|p1b: Grimmsnarl|73/100|[from] Sandstorm
|-damage|p2a: Tyranitar|87/100 brn|[from] Leech Seed|[of] p1a: Scovillain
|-heal|p1a: Scovillain|66/100|[silent]
|-damage|p2a: Tyranitar|82/100 brn|[from] brn
|upkeep
|turn|2
|inactive|cookerpokemon has 30 seconds left.
|
|t:|1785983667
|detailschange|p2a: Tyranitar|Tyranitar-Mega, L50, F, shiny
|-mega|p2a: Tyranitar|Tyranitar|Tyranitarite
|move|p1b: Grimmsnarl|Light Screen|p1b: Grimmsnarl
|-sidestart|p1: cookerpokemon|move: Light Screen
|move|p2b: Whimsicott|Moonblast|p1b: Grimmsnarl
|-supereffective|p1b: Grimmsnarl|1
|-crit|p1b: Grimmsnarl
|-damage|p1b: Grimmsnarl|0 fnt
|faint|p1b: Grimmsnarl
|move|p2a: Tyranitar|Rock Slide|p1a: Scovillain
|-supereffective|p1a: Scovillain|1
|-damage|p1a: Scovillain|35/100
|cant|p1a: Scovillain|flinch
|
|-weather|Sandstorm|[upkeep]
|-damage|p2b: Whimsicott|88/100|[from] Sandstorm
|-damage|p1a: Scovillain|29/100|[from] Sandstorm
|-damage|p2a: Tyranitar|70/100 brn|[from] Leech Seed|[of] p1a: Scovillain
|-heal|p1a: Scovillain|44/100|[silent]
|-damage|p2a: Tyranitar|64/100 brn|[from] brn
|upkeep
|
|t:|1785983683
|switch|p1b: Incineroar|Incineroar, L50, F|100/100
|-ability|p1b: Incineroar|Intimidate|boost
|-unboost|p2a: Tyranitar|atk|1
|-unboost|p2b: Whimsicott|atk|1
|turn|3
|c|☆Pokemon Research|you suck kid
|
|t:|1785983706
|move|p1b: Incineroar|Fake Out|p2a: Tyranitar
|-resisted|p2a: Tyranitar|1
|-damage|p2a: Tyranitar|61/100 brn
|move|p2b: Whimsicott|Encore|p1a: Scovillain
|-start|p1a: Scovillain|Encore
|cant|p2a: Tyranitar|flinch
|move|p1a: Scovillain|Leech Seed|p2b: Whimsicott
|-immune|p2b: Whimsicott
|
|-weather|Sandstorm|[upkeep]
|-damage|p2b: Whimsicott|82/100|[from] Sandstorm
|-damage|p1a: Scovillain|38/100|[from] Sandstorm
|-damage|p1b: Incineroar|94/100|[from] Sandstorm
|-damage|p2a: Tyranitar|49/100 brn|[from] Leech Seed|[of] p1a: Scovillain
|-heal|p1a: Scovillain|52/100|[silent]
|-damage|p2a: Tyranitar|43/100 brn|[from] brn
|upkeep
|turn|4
|
|t:|1785983730
|switch|p2b: Excadrill|Excadrill, L50, M, shiny|100/100
|switch|p1a: Toxapex|Toxapex, L50, F|100/100
|move|p2a: Tyranitar|Rock Slide|p1b: Incineroar|[spread] p1a
|-miss|p2a: Tyranitar|p1b: Incineroar
|-damage|p1a: Toxapex|93/100
|move|p1b: Incineroar|Parting Shot|p2a: Tyranitar
|-unboost|p2a: Tyranitar|atk|1
|-unboost|p2a: Tyranitar|spa|1
|
|t:|1785983741
|switch|p1b: Scovillain|Scovillain-Mega, L50, M|52/100|[from] Parting Shot
|
|-weather|Sandstorm|[upkeep]
|-damage|p1b: Scovillain|47/100|[from] Sandstorm
|-damage|p1a: Toxapex|87/100|[from] Sandstorm
|-heal|p1a: Toxapex|93/100|[from] item: Leftovers
|-damage|p2a: Tyranitar|31/100 brn|[from] Leech Seed|[of] p1a: Toxapex
|-heal|p1a: Toxapex|100/100|[silent]
|-damage|p2a: Tyranitar|25/100 brn|[from] brn
|-sideend|p2: Pokemon Research|move: Tailwind
|upkeep
|turn|5
|inactive|cookerpokemon has 30 seconds left.
|
|t:|1785983767
|move|p2b: Excadrill|High Horsepower|p1a: Toxapex
|-supereffective|p1a: Toxapex|1
|-damage|p1a: Toxapex|38/100
|move|p1b: Scovillain|Flamethrower|p2b: Excadrill
|-supereffective|p2b: Excadrill|1
|-enditem|p2b: Excadrill|Focus Sash
|-damage|p2b: Excadrill|1/100
|move|p2a: Tyranitar|Rock Slide|p1a: Toxapex|[spread] p1a,p1b
|-supereffective|p1b: Scovillain|1
|-damage|p1a: Toxapex|34/100
|-damage|p1b: Scovillain|34/100
|cant|p1a: Toxapex|flinch
|
|-weather|none
|-heal|p1a: Toxapex|40/100|[from] item: Leftovers
|-damage|p2a: Tyranitar|13/100 brn|[from] Leech Seed|[of] p1a: Toxapex
|-heal|p1a: Toxapex|56/100|[silent]
|-damage|p2a: Tyranitar|7/100 brn|[from] brn
|upkeep
|turn|6
|
|t:|1785983790
|move|p1b: Scovillain|Protect|p1b: Scovillain
|-singleturn|p1b: Scovillain|Protect
|move|p2b: Excadrill|Rock Slide|p1b: Scovillain|[spread] p1a
|-activate|p1b: Scovillain|move: Protect
|-damage|p1a: Toxapex|45/100
|move|p2a: Tyranitar|Rock Slide|p1a: Toxapex|[spread] p1a
|-activate|p1b: Scovillain|move: Protect
|-damage|p1a: Toxapex|40/100
|move|p1a: Toxapex|Infestation|p2b: Excadrill
|-resisted|p2b: Excadrill|1
|-damage|p2b: Excadrill|0 fnt
|faint|p2b: Excadrill
|
|-heal|p1a: Toxapex|45/100|[from] item: Leftovers
|-damage|p2a: Tyranitar|0 fnt|[from] Leech Seed|[of] p1a: Toxapex
|-heal|p1a: Toxapex|56/100|[silent]
|faint|p2a: Tyranitar
|upkeep
|
|t:|1785983798
|switch|p2b: Whimsicott|Whimsicott, L50, M, shiny|82/100
|switch|p2a: Grimmsnarl|Grimmsnarl, L50, M, shiny|100/100
|turn|7
|inactive|cookerpokemon has 30 seconds left.
|
|t:|1785983825
|move|p2b: Whimsicott|Encore|p1a: Toxapex
|-start|p1a: Toxapex|Encore
|move|p2a: Grimmsnarl|Light Screen|p2a: Grimmsnarl
|-sidestart|p2: Pokemon Research|move: Light Screen
|move|p1b: Scovillain|Leech Seed|p2a: Grimmsnarl
|-start|p2a: Grimmsnarl|move: Leech Seed
|move|p1a: Toxapex|Infestation|p2a: Grimmsnarl
|-crit|p2a: Grimmsnarl
|-damage|p2a: Grimmsnarl|96/100
|-activate|p2a: Grimmsnarl|move: Infestation|[of] p1a: Toxapex
|
|-heal|p1a: Toxapex|61/100|[from] item: Leftovers
|-damage|p2a: Grimmsnarl|83/100|[from] Leech Seed|[of] p1b: Scovillain
|-heal|p1b: Scovillain|49/100|[silent]
|-damage|p2a: Grimmsnarl|71/100|[from] move: Infestation|[partiallytrapped]
|upkeep
|turn|8
|inactive|cookerpokemon has 30 seconds left.
|inactive|Pokemon Research has 30 seconds left.
|
|t:|1785983852
|move|p1b: Scovillain|Protect|p1b: Scovillain
|-singleturn|p1b: Scovillain|Protect
|move|p2b: Whimsicott|Encore|p1b: Scovillain
|-activate|p1b: Scovillain|move: Protect
|move|p2a: Grimmsnarl|Parting Shot|p1b: Scovillain
|-activate|p1b: Scovillain|move: Protect
|move|p1a: Toxapex|Infestation|p2b: Whimsicott
|-damage|p2b: Whimsicott|78/100
|-activate|p2b: Whimsicott|move: Infestation|[of] p1a: Toxapex
|
|-heal|p1a: Toxapex|67/100|[from] item: Leftovers
|-damage|p2a: Grimmsnarl|58/100|[from] Leech Seed|[of] p1b: Scovillain
|-heal|p1b: Scovillain|63/100|[silent]
|-damage|p2b: Whimsicott|66/100|[from] move: Infestation|[partiallytrapped]
|-damage|p2a: Grimmsnarl|46/100|[from] move: Infestation|[partiallytrapped]
|-sideend|p1: cookerpokemon|Reflect
|upkeep
|turn|9
|
|t:|1785983876
|move|p1b: Scovillain|Rage Powder|p1b: Scovillain
|-singleturn|p1b: Scovillain|move: Rage Powder
|move|p2b: Whimsicott|Moonblast|p1b: Scovillain
|-resisted|p1b: Scovillain|1
|-damage|p1b: Scovillain|55/100
|-unboost|p1b: Scovillain|spa|1
|-status|p2b: Whimsicott|brn|[from] ability: Spicy Spray|[of] p1b: Scovillain
|move|p2a: Grimmsnarl|Spirit Break|p1b: Scovillain
|-resisted|p1b: Scovillain|1
|-damage|p1b: Scovillain|41/100
|-unboost|p1b: Scovillain|spa|1
|-status|p2a: Grimmsnarl|brn|[from] ability: Spicy Spray|[of] p1b: Scovillain
|move|p1a: Toxapex|Infestation|p2b: Whimsicott
|-damage|p2b: Whimsicott|62/100 brn
|
|-heal|p1a: Toxapex|73/100|[from] item: Leftovers
|-damage|p2a: Grimmsnarl|34/100 brn|[from] Leech Seed|[of] p1b: Scovillain
|-heal|p1b: Scovillain|56/100|[silent]
|-damage|p2b: Whimsicott|56/100 brn|[from] brn
|-damage|p2a: Grimmsnarl|28/100 brn|[from] brn
|-damage|p2b: Whimsicott|44/100 brn|[from] move: Infestation|[partiallytrapped]
|-damage|p2a: Grimmsnarl|15/100 brn|[from] move: Infestation|[partiallytrapped]
|-end|p1a: Toxapex|Encore
|-sideend|p1: cookerpokemon|move: Light Screen
|upkeep
|turn|10
|c|☆Pokemon Research|my bad biggest g
|inactive|cookerpokemon has 30 seconds left.
|
|t:|1785983901
|move|p1b: Scovillain|Rage Powder|p1b: Scovillain
|-singleturn|p1b: Scovillain|move: Rage Powder
|move|p2a: Grimmsnarl|Reflect|p2a: Grimmsnarl
|-sidestart|p2: Pokemon Research|Reflect
|move|p2b: Whimsicott|Moonblast|p1b: Scovillain
|-resisted|p1b: Scovillain|1
|-damage|p1b: Scovillain|43/100
|move|p1a: Toxapex|Recover|p1a: Toxapex
|-heal|p1a: Toxapex|100/100
|
|-damage|p2a: Grimmsnarl|3/100 brn|[from] Leech Seed|[of] p1b: Scovillain
|-heal|p1b: Scovillain|57/100|[silent]
|-damage|p2b: Whimsicott|38/100 brn|[from] brn
|-damage|p2a: Grimmsnarl|0 fnt|[from] brn
|faint|p2a: Grimmsnarl
|-damage|p2b: Whimsicott|26/100 brn|[from] move: Infestation|[partiallytrapped]
|upkeep
|turn|11
|
|t:|1785983918
|move|p1b: Scovillain|Rage Powder|p1b: Scovillain
|-singleturn|p1b: Scovillain|move: Rage Powder
|move|p2b: Whimsicott|Moonblast|p1a: Toxapex
|-resisted|p1a: Toxapex|1
|-damage|p1a: Toxapex|90/100
|move|p1a: Toxapex|Infestation|p2b: Whimsicott
|-damage|p2b: Whimsicott|22/100 brn
|
|-heal|p1a: Toxapex|96/100|[from] item: Leftovers
|-damage|p2b: Whimsicott|16/100 brn|[from] brn
|-damage|p2b: Whimsicott|4/100 brn|[from] move: Infestation|[partiallytrapped]
|upkeep
|turn|12
|
|t:|1785983934
|move|p1b: Scovillain|Protect|p1b: Scovillain
|-singleturn|p1b: Scovillain|Protect
|move|p1a: Toxapex|Baneful Bunker|p1a: Toxapex
|-singleturn|p1a: Toxapex|move: Protect
|move|p2b: Whimsicott|Moonblast|p1a: Toxapex
|-activate|p1a: Toxapex|move: Protect
|
|-heal|p1a: Toxapex|100/100|[from] item: Leftovers
|-damage|p2b: Whimsicott|0 fnt|[from] brn
|faint|p2b: Whimsicott
|
|win|cookerpokemon
|raw|cookerpokemon's rating: 1031 → 1068(+37 for winning)
|raw|Pokemon Research's rating: 1043 → 1026(-17 for losing)
