|j|☆amadeus1803
|j|☆Jordan74
|html|amadeus1803Jordan74    
|uhtml|bestof|Game 2 of a best-of-3
|t:|1782357487
|gametype|doubles
|player|p1|amadeus1803|flint|
|player|p2|Jordan74|266|
|gen|9
|tier|[Gen 9 Champions] VGC 2026 Reg M-B (Bo3)
|rule|Species Clause: Limit one of each Pokémon
|rule|Item Clause: Limit 1 of each item
|clearpoke
|poke|p1|Blaziken, L50, F, shiny|
|poke|p1|Hydreigon, L50, F, shiny|
|poke|p1|Basculegion, L50, M, shiny|
|poke|p1|Whimsicott, L50, F|
|poke|p1|Farigiraf, L50, F, shiny|
|poke|p1|Metagross, L50, shiny|
|poke|p2|Charizard, L50, F|
|poke|p2|Mawile, L50, M|
|poke|p2|Basculegion, L50, M|
|poke|p2|Garchomp, L50, M|
|poke|p2|Whimsicott, L50, F|
|poke|p2|Farigiraf, L50, M|
|teampreview|4
|showteam|p1|Blaziken||Blazikenite|SpeedBoost|RockSlide,FlareBlitz,Detect,CloseCombat|Adamant||F|||50|]Hydreigon||ChoiceScarf|Levitate|DarkPulse,DracoMeteor,Snarl,EarthPower|Modest||F|||50|]Basculegion||LifeOrb|Adaptability|AquaJet,WaveCrash,LastRespects,Protect|Adamant||M|||50|]Whimsicott||FocusSash|Prankster|EnergyBall,Moonblast,Tailwind,Protect|Timid||F|||50|]Farigiraf||SitrusBerry|ArmorTail|Thunderbolt,Psychic,Roar,TrickRoom|Bold||F|||50|]Metagross||Metagrossite|ClearBody|PsychicFangs,Protect,StompingTantrum,IronHead|Jolly|||||50|
|showteam|p2|Charizard||CharizarditeY|Blaze|Protect,HeatWave,SolarBeam,WeatherBall|Timid||F|||50|]Mawile||Mawilite|HyperCutter|PlayRough,SuckerPunch,BrickBreak,Protect|Adamant||M|||50|]Basculegion||MysticWater|Adaptability|LastRespects,AquaJet,WaveCrash,FlipTurn|Adamant||M|||50|]Garchomp||LifeOrb|RoughSkin|Earthquake,RockSlide,DragonClaw,Protect|Jolly||M|||50|]Whimsicott||FocusSash|Prankster|Tailwind,Moonblast,Encore,Protect|Timid||F|||50|]Farigiraf||SitrusBerry|ArmorTail|TrickRoom,Psychic,Protect,HelpingHand|Sassy||M|||50|
|inactive|Battle timer is ON: inactive players will automatically lose when time's up. (requested by Jordan74)
|inactive|amadeus1803 has 60 seconds left.
|c|☆Jordan74|vamos al boyberry
|
|t:|1782357524
|teamsize|p1|4
|teamsize|p2|4
|start
|switch|p1a: Blaziken|Blaziken, L50, F, shiny|100/100
|switch|p1b: Farigiraf|Farigiraf, L50, F, shiny|100/100
|switch|p2a: Farigiraf|Farigiraf, L50, M|100/100
|switch|p2b: Basculegion|Basculegion, L50, M|100/100
|turn|1
|inactive|amadeus1803 has 30 seconds left.
|inactive|Jordan74 has 30 seconds left.
|inactive|Jordan74 has 20 seconds left.
|inactive|Jordan74 has 15 seconds left.
|inactive|Jordan74 has 10 seconds left.
|
|t:|1782357569
|switch|p1a: Hydreigon|Hydreigon, L50, F, shiny|100/100
|move|p2b: Basculegion|Wave Crash|p1a: Hydreigon
|-resisted|p1a: Hydreigon|1
|-damage|p1a: Hydreigon|40/100
|-damage|p2b: Basculegion|83/100|[from] Recoil
|move|p1b: Farigiraf|Roar|p2a: Farigiraf
|drag|p2a: Mawile|Mawile, L50, M|100/100
|
|upkeep
|turn|2
|inactive|amadeus1803 has 30 seconds left.
|inactive|Jordan74 has 30 seconds left.
|
|t:|1782357600
|switch|p2b: Farigiraf|Farigiraf, L50, M|100/100
|detailschange|p2a: Mawile|Mawile-Mega, L50, M
|-mega|p2a: Mawile|Mawile|Mawilite
|move|p2a: Mawile|Protect|p2a: Mawile
|-singleturn|p2a: Mawile|Protect
|move|p1a: Hydreigon|Dark Pulse|p2b: Farigiraf
|-supereffective|p2b: Farigiraf|1
|-damage|p2b: Farigiraf|38/100
|-enditem|p2b: Farigiraf|Sitrus Berry|[eat]
|-heal|p2b: Farigiraf|62/100|[from] item: Sitrus Berry
|move|p1b: Farigiraf|Roar|p2a: Mawile
|drag|p2a: Garchomp|Garchomp, L50, M|100/100
|
|upkeep
|turn|3
|inactive|amadeus1803 has 30 seconds left.
|c|☆Jordan74|como ruge la gatita
|inactive|amadeus1803 has 20 seconds left.
|inactive|Jordan74 has 30 seconds left.
|inactive|amadeus1803 has 15 seconds left.
|inactive|amadeus1803 has 10 seconds left.
|inactive|Jordan74 has 20 seconds left.
|inactive|amadeus1803 has 5 seconds left.
|
|t:|1782357655
|move|p2b: Farigiraf|Protect|p2b: Farigiraf
|-singleturn|p2b: Farigiraf|Protect
|move|p1a: Hydreigon|Dark Pulse|p2a: Garchomp
|-damage|p2a: Garchomp|51/100
|move|p2a: Garchomp|Dragon Claw|p1a: Hydreigon
|-supereffective|p1a: Hydreigon|1
|-damage|p1a: Hydreigon|0 fnt
|faint|p1a: Hydreigon
|-damage|p2a: Garchomp|41/100|[from] item: Life Orb
|move|p1b: Farigiraf|Thunderbolt|p2b: Farigiraf
|-activate|p2b: Farigiraf|move: Protect
|
|upkeep
|
|t:|1782357680
|switch|p1a: Basculegion|Basculegion, L50, M, shiny|100/100
|turn|4
|
|t:|1782357692
|move|p2a: Garchomp|Rock Slide|p1a: Basculegion|[spread] p1a,p1b
|-damage|p1a: Basculegion|67/100
|-damage|p1b: Farigiraf|80/100
|-damage|p2a: Garchomp|31/100|[from] item: Life Orb
|cant|p1a: Basculegion|flinch
|cant|p1b: Farigiraf|flinch
|move|p2b: Farigiraf|Trick Room|p2b: Farigiraf
|-fieldstart|move: Trick Room|[of] p2b: Farigiraf
|
|upkeep
|turn|5
|c|☆Jordan74|perdon
|
|t:|1782357714
|move|p2b: Farigiraf|Psychic|p1a: Basculegion
|-damage|p1a: Basculegion|26/100
|move|p1a: Basculegion|Wave Crash|p2a: Garchomp
|-damage|p2a: Garchomp|0 fnt
|-damage|p1a: Basculegion|14/100|[from] ability: Rough Skin|[of] p2a: Garchomp
|faint|p2a: Garchomp
|-damage|p1a: Basculegion|5/100|[from] Recoil
|-damage|p1a: Basculegion|0 fnt|[from] item: Life Orb
|faint|p1a: Basculegion
|move|p1b: Farigiraf|Trick Room|p1b: Farigiraf
|-fieldend|move: Trick Room
|
|upkeep
|
|t:|1782357728
|switch|p2a: Basculegion|Basculegion, L50, M|83/100
|switch|p1a: Blaziken|Blaziken, L50, F, shiny|100/100
|turn|6
|inactive|amadeus1803 has 30 seconds left.
|inactive|Jordan74 has 30 seconds left.
|inactive|amadeus1803 has 20 seconds left.
|
|t:|1782357764
|detailschange|p1a: Blaziken|Blaziken-Mega, L50, F, shiny
|-mega|p1a: Blaziken|Blaziken|Blazikenite
|move|p1a: Blaziken|Rock Slide|p2a: Basculegion|[spread] p2a,p2b
|-damage|p2a: Basculegion|53/100
|-damage|p2b: Farigiraf|35/100
|move|p2a: Basculegion|Wave Crash|p1b: Farigiraf
|-damage|p1b: Farigiraf|3/100
|-enditem|p1b: Farigiraf|Sitrus Berry|[eat]
|-heal|p1b: Farigiraf|28/100|[from] item: Sitrus Berry
|-damage|p2a: Basculegion|25/100|[from] Recoil
|move|p1b: Farigiraf|Thunderbolt|p2a: Basculegion
|-supereffective|p2a: Basculegion|1
|-damage|p2a: Basculegion|0 fnt
|faint|p2a: Basculegion
|move|p2b: Farigiraf|Psychic|p1a: Blaziken
|-supereffective|p1a: Blaziken|1
|-damage|p1a: Blaziken|0 fnt
|faint|p1a: Blaziken
|
|upkeep
|
|t:|1782357779
|switch|p2a: Mawile|Mawile-Mega, L50, M|100/100
|turn|7
|-message|amadeus1803 forfeited.
|
|win|Jordan74
