|j|☆manlikerlm
|j|☆LuckGalicia
|html|manlikerlmLuckGalicia    
|uhtml|bestof|Game 1 of a best-of-3
|t:|1782327865
|gametype|doubles
|player|p1|manlikerlm|blackbelt-gen4dp|1000
|player|p2|LuckGalicia|aaron|1105
|gen|9
|tier|[Gen 9 Champions] VGC 2026 Reg M-B (Bo3)
|rated|
|rule|Species Clause: Limit one of each Pokémon
|rule|Item Clause: Limit 1 of each item
|clearpoke
|poke|p1|Staraptor, L50, F|
|poke|p1|Floette-Eternal, L50, F|
|poke|p1|Sinistcha, L50|
|poke|p1|Kleavor, L50, F|
|poke|p1|Krookodile, L50, M|
|poke|p1|Tinkaton, L50, F|
|poke|p2|Staraptor, L50, M, shiny|
|poke|p2|Liepard, L50, F|
|poke|p2|Sinistcha, L50|
|poke|p2|Sableye, L50, F|
|poke|p2|Grimmsnarl, L50, M|
|poke|p2|Scizor, L50, M|
|teampreview|4
|showteam|p1|Staraptor||Staraptite|Intimidate|DualWingbeat,CloseCombat,Roost,Protect|Jolly||F|||50|]Floette-Eternal||Floettite|FlowerVeil|Moonblast,DazzlingGleam,GigaDrain,Protect|Modest||F|||50|]Sinistcha||OccaBerry|Hospitality|ShadowBall,RagePowder,TrickRoom,StrengthSap|Sassy|||||50|]Kleavor||FocusSash|SheerForce|RockSlide,Tailwind,Defog,Protect|Jolly||F|||50|]Krookodile||ChoiceScarf|Intimidate|RockSlide,HighHorsepower,KnockOff,IronHead|Adamant||M|||50|]Tinkaton||FairyFeather|MoldBreaker|FakeOut,GigatonHammer,PlayRough,Protect|Adamant||F|||50|
|showteam|p2|Staraptor||Staraptite|Intimidate|CloseCombat,DualWingbeat,Roost,Protect|Adamant||M|||50|]Liepard||FocusSash|Prankster|FakeOut,ThunderWave,Charm,FakeTears|Careful||F|||50|]Sinistcha||Leftovers|Hospitality|MatchaGotcha,StrengthSap,RagePowder,Hex|Bold|||||50|]Sableye||MentalHerb|Prankster|Disable,Encore,SunnyDay,WillOWisp|Impish||F|||50|]Grimmsnarl||LightClay|Prankster|LightScreen,Reflect,ScaryFace,FakeTears|Careful||M|||50|]Scizor||LifeOrb|Technician|BulletPunch,KnockOff,Uturn,Protect|Adamant||M|||50|
|
|t:|1782327890
|teamsize|p1|4
|teamsize|p2|4
|start
|switch|p1a: Kleavor|Kleavor, L50, F|100/100
|switch|p1b: Tinkaton|Tinkaton, L50, F|100/100
|switch|p2a: Staraptor|Staraptor, L50, M, shiny|100/100
|switch|p2b: Grimmsnarl|Grimmsnarl, L50, M|100/100
|-ability|p2a: Staraptor|Intimidate|boost
|-unboost|p1a: Kleavor|atk|1
|-unboost|p1b: Tinkaton|atk|1
|-ability|p1b: Tinkaton|Mold Breaker
|turn|1
|
|t:|1782327914
|detailschange|p2a: Staraptor|Staraptor-Mega, L50, M, shiny
|-mega|p2a: Staraptor|Staraptor|Staraptite
|move|p1b: Tinkaton|Fake Out|p2a: Staraptor
|-damage|p2a: Staraptor|94/100
|move|p2b: Grimmsnarl|Reflect|p2b: Grimmsnarl
|-sidestart|p2: LuckGalicia|Reflect
|move|p1a: Kleavor|Tailwind|p1a: Kleavor
|-sidestart|p1: manlikerlm|move: Tailwind
|cant|p2a: Staraptor|flinch
|
|upkeep
|turn|2
|inactive|Battle timer is ON: inactive players will automatically lose when time's up. (requested by LuckGalicia)
|
|t:|1782327929
|move|p2b: Grimmsnarl|Scary Face|p2a: Staraptor
|-boost|p2a: Staraptor|spe|2
|move|p1a: Kleavor|Rock Slide|p2b: Grimmsnarl|[spread] 
|-miss|p1a: Kleavor|p2a: Staraptor
|-miss|p1a: Kleavor|p2b: Grimmsnarl
|move|p2a: Staraptor|Close Combat|p1a: Kleavor
|-damage|p1a: Kleavor|20/100y
|-boost|p2a: Staraptor|def|1
|-boost|p2a: Staraptor|spd|1
|move|p1b: Tinkaton|Play Rough|p2a: Staraptor
|-supereffective|p2a: Staraptor|1
|-damage|p2a: Staraptor|73/100
|
|upkeep
|turn|3
|
|t:|1782327948
|switch|p1b: Floette|Floette-Eternal, L50, F|100/100
|move|p1a: Kleavor|Protect|p1a: Kleavor
|-singleturn|p1a: Kleavor|Protect
|move|p2b: Grimmsnarl|Scary Face|p2a: Staraptor
|-boost|p2a: Staraptor|spe|2
|move|p2a: Staraptor|Close Combat|p1a: Kleavor
|-activate|p1a: Kleavor|move: Protect
|
|upkeep
|turn|4
|
|t:|1782327967
|detailschange|p1b: Floette|Floette-Mega, L50, F
|-mega|p1b: Floette|Floette|Floettite
|-ability|p1b: Floette|Fairy Aura
|move|p2a: Staraptor|Protect|p2a: Staraptor
|-singleturn|p2a: Staraptor|Protect
|move|p2b: Grimmsnarl|Light Screen|p2b: Grimmsnarl
|-sidestart|p2: LuckGalicia|move: Light Screen
|move|p1a: Kleavor|Defog|p2b: Grimmsnarl
|-unboost|p2b: Grimmsnarl|evasion|1
|-sideend|p2: LuckGalicia|Reflect
|-sideend|p2: LuckGalicia|move: Light Screen
|move|p1b: Floette|Dazzling Gleam|p2a: Staraptor|[spread] p2b
|-activate|p2a: Staraptor|move: Protect
|-supereffective|p2b: Grimmsnarl|1
|-damage|p2b: Grimmsnarl|21/100
|
|-sideend|p1: manlikerlm|move: Tailwind
|upkeep
|turn|5
|
|t:|1782327986
|move|p1a: Kleavor|Protect|p1a: Kleavor
|-singleturn|p1a: Kleavor|Protect
|move|p2b: Grimmsnarl|Light Screen|p2b: Grimmsnarl
|-sidestart|p2: LuckGalicia|move: Light Screen
|move|p2a: Staraptor|Close Combat|p1a: Kleavor
|-activate|p1a: Kleavor|move: Protect
|move|p1b: Floette|Dazzling Gleam|p2b: Grimmsnarl|[spread] p2a,p2b
|-supereffective|p2a: Staraptor|1
|-crit|p2a: Staraptor
|-supereffective|p2b: Grimmsnarl|1
|-damage|p2a: Staraptor|0 fnt
|-damage|p2b: Grimmsnarl|0 fnt
|faint|p2a: Staraptor
|faint|p2b: Grimmsnarl
|
|upkeep
|
|t:|1782327992
|switch|p2a: Scizor|Scizor, L50, M|100/100
|switch|p2b: Sableye|Sableye, L50, F|100/100
|turn|6
|
|t:|1782328005
|move|p1b: Floette|Protect|p1b: Floette
|-singleturn|p1b: Floette|Protect
|move|p2a: Scizor|Bullet Punch|p1b: Floette
|-activate|p1b: Floette|move: Protect
|move|p2b: Sableye|Encore|p1a: Kleavor
|-start|p1a: Kleavor|Encore
|move|p1a: Kleavor|Protect||[still]
|-fail|p1a: Kleavor
|
|upkeep
|turn|7
|
|t:|1782328022
|switch|p1a: Krookodile|Krookodile, L50, M|100/100
|-ability|p1a: Krookodile|Intimidate|boost
|-unboost|p2a: Scizor|atk|1
|-unboost|p2b: Sableye|atk|1
|move|p2a: Scizor|Bullet Punch|p1b: Floette
|-supereffective|p1b: Floette|1
|-damage|p1b: Floette|42/100
|-damage|p2a: Scizor|90/100|[from] item: Life Orb
|move|p2b: Sableye|Encore|p1b: Floette
|-start|p1b: Floette|Encore
|move|p1b: Floette|Protect||[still]
|-fail|p1b: Floette
|
|upkeep
|turn|8
|inactive|manlikerlm has 30 seconds left.
|
|t:|1782328048
|switch|p1b: Tinkaton|Tinkaton, L50, F|100/100
|-ability|p1b: Tinkaton|Mold Breaker
|move|p2b: Sableye|Will-O-Wisp|p1b: Tinkaton|[miss]
|-miss|p2b: Sableye|p1b: Tinkaton
|move|p1a: Krookodile|High Horsepower|p2a: Scizor
|-damage|p2a: Scizor|35/100
|move|p2a: Scizor|U-turn|p1a: Krookodile
|-supereffective|p1a: Krookodile|1
|-damage|p1a: Krookodile|13/100
|-damage|p2a: Scizor|26/100|[from] item: Life Orb
|
|upkeep
|turn|9
|inactive|manlikerlm has 30 seconds left.
|
|t:|1782328075
|move|p2a: Scizor|Bullet Punch|p1a: Krookodile
|-damage|p1a: Krookodile|0 fnt
|faint|p1a: Krookodile
|-damage|p2a: Scizor|16/100|[from] item: Life Orb
|move|p2b: Sableye|Will-O-Wisp|p1b: Tinkaton
|-status|p1b: Tinkaton|brn
|move|p1b: Tinkaton|Play Rough|p2b: Sableye
|-supereffective|p2b: Sableye|1
|-damage|p2b: Sableye|54/100
|
|-damage|p1b: Tinkaton|94/100 brn|[from] brn
|upkeep
|
|t:|1782328091
|switch|p1a: Floette|Floette-Mega, L50, F|42/100
|-ability|p1a: Floette|Fairy Aura
|turn|10
|
|t:|1782328107
|move|p1a: Floette|Protect|p1a: Floette
|-singleturn|p1a: Floette|Protect
|move|p2a: Scizor|Bullet Punch|p1a: Floette
|-activate|p1a: Floette|move: Protect
|move|p2b: Sableye|Disable|p1b: Tinkaton
|-start|p1b: Tinkaton|Disable|Play Rough
|move|p1b: Tinkaton|Gigaton Hammer|p2a: Scizor
|-resisted|p2a: Scizor|1
|-crit|p2a: Scizor
|-damage|p2a: Scizor|0 fnt
|faint|p2a: Scizor
|
|-damage|p1b: Tinkaton|88/100 brn|[from] brn
|upkeep
|turn|11
|-message|LuckGalicia forfeited.
|
|win|manlikerlm
|l|☆LuckGalicia
|player|p2|
||LuckGalicia is ready for game 2.
