|j|☆note2610
|j|☆EnzoPS
|html|note2610EnzoPS    
|uhtml|bestof|Game 2 of a best-of-3
|t:|1757777446
|gametype|doubles
|player|p1|note2610|n|1059
|player|p2|EnzoPS|cynthia-gen4|1143
|gen|9
|tier|[Gen 9] VGC 2025 Reg H (Bo3)
|rated|
|rule|Species Clause: Limit one of each Pokémon
|rule|Item Clause: Limit 1 of each item
|clearpoke
|poke|p1|Indeedee-F, L50, F|
|poke|p1|Ursaluna, L50, F|
|poke|p1|Torkoal, L50, F|
|poke|p1|Lilligant-Hisui, L50, F|
|poke|p1|Hatterene, L50, F|
|poke|p1|Sinistcha, L50|
|poke|p2|Pelipper, L50, M|
|poke|p2|Amoonguss, L50, F|
|poke|p2|Archaludon, L50, M|
|poke|p2|Basculegion, L50, M|
|poke|p2|Gholdengo, L50|
|poke|p2|Incineroar, L50, F|
|teampreview|4
|showteam|p1|Indeedee-F||MentalHerb|PsychicSurge|FollowMe,TrickRoom,HelpingHand,DazzlingGleam|||F|||50|,,,,,Water]Ursaluna||FlameOrb|Guts|Facade,HeadlongRush,Earthquake,Protect|||F|||50|,,,,,Ghost]Torkoal||ChoiceSpecs|Drought|Eruption,HeatWave,EarthPower,SolarBeam|||F|||50|,,,,,Fire]Lilligant-Hisui||FocusSash|Chlorophyll|AfterYou,HelpingHand,LeafBlade,AxeKick|||F|||50|,,,,,Ghost]Hatterene||LifeOrb|MagicBounce|MysticalFire,ExpandingForce,Protect,DazzlingGleam|||F|||50|,,,,,Fire]Sinistcha||Leftovers|Hospitality|RagePowder,TrickRoom,MatchaGotcha,Protect||||||50|,,,,,Water
|showteam|p2|Pelipper||FocusSash|Drizzle|Protect,WeatherBall,Hurricane,Tailwind|||M|||50|,,,,,Ground]Amoonguss||SitrusBerry|Regenerator|Protect,Spore,RagePowder,PollenPuff|||F|||50|,,,,,Water]Archaludon||AssaultVest|Stamina|DragonPulse,ElectroShot,FlashCannon,BodyPress|||M|||50|,,,,,Grass]Basculegion||ChoiceBand|SwiftSwim|FlipTurn,WaveCrash,AquaJet,LastRespects|||M|||50|,,,,,Grass]Gholdengo||LifeOrb|GoodasGold|Protect,MakeItRain,ShadowBall,NastyPlot||||||50|,,,,,Water]Incineroar||SafetyGoggles|Intimidate|FlareBlitz,KnockOff,PartingShot,FakeOut|||F|||50|,,,,,Ghost
|inactive|Battle timer is ON: inactive players will automatically lose when time's up. (requested by note2610)
|
|t:|1757777467
|teamsize|p1|4
|teamsize|p2|4
|start
|switch|p1a: Torkoal|Torkoal, L50, F|100/100
|switch|p1b: Lilligant|Lilligant-Hisui, L50, F|100/100
|switch|p2a: Incineroar|Incineroar, L50, F|100/100
|switch|p2b: Amoonguss|Amoonguss, L50, F|100/100
|-ability|p2a: Incineroar|Intimidate|boost
|-unboost|p1a: Torkoal|atk|1
|-unboost|p1b: Lilligant|atk|1
|-weather|SunnyDay|[from] ability: Drought|[of] p1a: Torkoal
|turn|1
|inactive|EnzoPS has 30 seconds left.
|
|t:|1757777501
|switch|p1b: Indeedee|Indeedee-F, L50, F|100/100
|-fieldstart|move: Psychic Terrain|[from] ability: Psychic Surge|[of] p1b: Indeedee
|move|p2a: Incineroar|Fake Out|p1b: Indeedee
|-activate|p1b: Indeedee|move: Psychic Terrain
|move|p2b: Amoonguss|Spore|p1a: Torkoal
|-status|p1a: Torkoal|slp|[from] move: Spore
|cant|p1a: Torkoal|slp
|
|-weather|SunnyDay|[upkeep]
|upkeep
|turn|2
|inactive|note2610 has 30 seconds left.
|inactive|EnzoPS has 30 seconds left.
|
|t:|1757777539
|switch|p1a: Hatterene|Hatterene, L50, F|100/100
|-terastallize|p1b: Indeedee|Water
|move|p2a: Incineroar|Parting Shot|p1a: Hatterene
|move|p1a: Hatterene|Parting Shot|p2a: Incineroar|[from] ability: Magic Bounce
|-unboost|p2a: Incineroar|atk|1
|-unboost|p2a: Incineroar|spa|1
|
|t:|1757777551
|switch|p1a: Torkoal|Torkoal, L50, F|100/100 slp|[from] Parting Shot
|move|p2b: Amoonguss|Pollen Puff|p1b: Indeedee
|-damage|p1b: Indeedee|83/100
|move|p1b: Indeedee|Trick Room|p1b: Indeedee
|-fieldstart|move: Trick Room|[of] p1b: Indeedee
|
|-weather|SunnyDay|[upkeep]
|upkeep
|turn|3
|
|t:|1757777565
|switch|p2a: Pelipper|Pelipper, L50, M, shiny|100/100
|-weather|RainDance|[from] ability: Drizzle|[of] p2a: Pelipper
|-terastallize|p2b: Amoonguss|Water
|move|p1b: Indeedee|Follow Me|p1b: Indeedee
|-singleturn|p1b: Indeedee|move: Follow Me
|cant|p1a: Torkoal|slp
|move|p2b: Amoonguss|Spore|p1b: Indeedee
|-status|p1b: Indeedee|slp|[from] move: Spore
|
|-weather|RainDance|[upkeep]
|upkeep
|turn|4
|
|t:|1757777590
|switch|p1a: Hatterene|Hatterene, L50, F|100/100
|cant|p1b: Indeedee|slp
|move|p2b: Amoonguss|Pollen Puff|p1a: Hatterene
|-damage|p1a: Hatterene|80/100
|move|p2a: Pelipper|Weather Ball|p1a: Hatterene
|-damage|p1a: Hatterene|5/100
|
|-weather|RainDance|[upkeep]
|upkeep
|turn|5
|
|t:|1757777615
|switch|p2a: Incineroar|Incineroar, L50, F|100/100
|-ability|p2a: Incineroar|Intimidate|boost
|-unboost|p1a: Hatterene|atk|1
|-unboost|p1b: Indeedee|atk|1
|move|p2b: Amoonguss|Protect|p2b: Amoonguss
|-singleturn|p2b: Amoonguss|Protect
|-curestatus|p1b: Indeedee|slp|[msg]
|move|p1b: Indeedee|Follow Me|p1b: Indeedee
|-singleturn|p1b: Indeedee|move: Follow Me
|move|p1a: Hatterene|Expanding Force|p2a: Incineroar|[spread] 
|-activate|p2b: Amoonguss|move: Protect
|-immune|p2a: Incineroar
|
|-weather|RainDance|[upkeep]
|-fieldend|move: Psychic Terrain
|upkeep
|turn|6
|inactive|EnzoPS has 30 seconds left.
|inactive|EnzoPS has 20 seconds left.
|
|t:|1757777652
|switch|p2b: Gholdengo|Gholdengo, L50|100/100
|move|p1b: Indeedee|Follow Me|p1b: Indeedee
|-singleturn|p1b: Indeedee|move: Follow Me
|move|p1a: Hatterene|Expanding Force|p2b: Gholdengo
|-resisted|p2b: Gholdengo
|-damage|p2b: Gholdengo|67/100
|-damage|p1a: Hatterene|0 fnt|[from] item: Life Orb
|faint|p1a: Hatterene
|move|p2a: Incineroar|Knock Off|p1b: Indeedee
|-damage|p1b: Indeedee|30/100
|-enditem|p1b: Indeedee|Mental Herb|[from] move: Knock Off|[of] p2a: Incineroar
|
|-weather|RainDance|[upkeep]
|-fieldend|move: Trick Room
|upkeep
|
|t:|1757777659
|switch|p1a: Lilligant|Lilligant-Hisui, L50, F|100/100
|turn|7
|
|t:|1757777675
|move|p1a: Lilligant|Axe Kick|p2a: Incineroar
|-supereffective|p2a: Incineroar
|-damage|p2a: Incineroar|19/100
|move|p2b: Gholdengo|Make It Rain|p1a: Lilligant|[spread] p1a,p1b
|-resisted|p1b: Indeedee
|-damage|p1a: Lilligant|19/100
|-damage|p1b: Indeedee|4/100
|-unboost|p2b: Gholdengo|spa|1
|-damage|p2b: Gholdengo|57/100|[from] item: Life Orb
|move|p1b: Indeedee|Dazzling Gleam|p2b: Gholdengo|[spread] p2a,p2b
|-resisted|p2b: Gholdengo
|-damage|p2a: Incineroar|7/100
|-damage|p2b: Gholdengo|50/100
|move|p2a: Incineroar|Flare Blitz|p1a: Lilligant
|-supereffective|p1a: Lilligant
|-damage|p1a: Lilligant|0 fnt
|faint|p1a: Lilligant
|-damage|p2a: Incineroar|1/100|[from] Recoil
|
|-weather|none
|upkeep
|
|t:|1757777690
|switch|p1a: Torkoal|Torkoal, L50, F|100/100 slp
|-weather|SunnyDay|[from] ability: Drought|[of] p1a: Torkoal
|turn|8
|
|t:|1757777701
|move|p2b: Gholdengo|Make It Rain|p1a: Torkoal|[spread] p1a,p1b
|-resisted|p1a: Torkoal
|-resisted|p1b: Indeedee
|-damage|p1a: Torkoal|76/100 slp
|-damage|p1b: Indeedee|0 fnt
|-unboost|p2b: Gholdengo|spa|1
|faint|p1b: Indeedee
|-damage|p2b: Gholdengo|40/100|[from] item: Life Orb
|move|p2a: Incineroar|Knock Off|p1a: Torkoal
|-damage|p1a: Torkoal|42/100 slp
|-enditem|p1a: Torkoal|Choice Specs|[from] move: Knock Off|[of] p2a: Incineroar
|cant|p1a: Torkoal|slp
|
|-weather|SunnyDay|[upkeep]
|upkeep
|turn|9
|
|t:|1757777713
|move|p2b: Gholdengo|Shadow Ball|p1a: Torkoal
|-damage|p1a: Torkoal|2/100 slp
|-damage|p2b: Gholdengo|31/100|[from] item: Life Orb
|move|p2a: Incineroar|Parting Shot|p1a: Torkoal
|-unboost|p1a: Torkoal|atk|1
|-unboost|p1a: Torkoal|spa|1
|
|t:|1757777718
|switch|p2a: Amoonguss|Amoonguss, L50, F, tera:Water|100/100|[from] Parting Shot
|-curestatus|p1a: Torkoal|slp|[msg]
|move|p1a: Torkoal|Heat Wave|p2b: Gholdengo|[spread] p2a,p2b
|-resisted|p2a: Amoonguss
|-supereffective|p2b: Gholdengo
|-damage|p2a: Amoonguss|87/100
|-damage|p2b: Gholdengo|0 fnt
|faint|p2b: Gholdengo
|
|-weather|SunnyDay|[upkeep]
|upkeep
|
|t:|1757777721
|switch|p2b: Pelipper|Pelipper, L50, M, shiny|100/100
|-weather|RainDance|[from] ability: Drizzle|[of] p2b: Pelipper
|turn|10
|
|t:|1757777725
|move|p2b: Pelipper|Weather Ball|p1a: Torkoal
|-supereffective|p1a: Torkoal
|-damage|p1a: Torkoal|0 fnt
|faint|p1a: Torkoal
|
|win|EnzoPS
||EnzoPS is ready for game 3.
||note2610 is ready for game 3.
|uhtml|next|Next: Game 3 of 3
