|j|☆Nosejugarbalance
|j|☆Caloteiros VGC
|html|NosejugarbalanceCaloteiros VGC    
|uhtml|bestof|Game 3 of a best-of-3
|t:|1785818161
|gametype|doubles
|player|p1|Nosejugarbalance|101|1211
|player|p2|Caloteiros VGC|morty|1182
|gen|9
|tier|[Gen 9 Champions] VGC 2026 Reg M-B (Bo3)
|rated|
|rule|Species Clause: Limit one of each Pokémon
|rule|Item Clause: Limit 1 of each item
|clearpoke
|poke|p1|Gardevoir, L50, F, shiny|
|poke|p1|Basculegion, L50, M|
|poke|p1|Talonflame, L50, F|
|poke|p1|Maushold, L50|
|poke|p1|Kingambit, L50, F|
|poke|p1|Garchomp, L50, M|
|poke|p2|Raichu, L50, M|
|poke|p2|Sinistcha, L50|
|poke|p2|Incineroar, L50, F|
|poke|p2|Sylveon, L50, M|
|poke|p2|Hydreigon, L50, F|
|poke|p2|Metagross, L50|
|teampreview|4
|showteam|p1|Gardevoir||Gardevoirite|Trace|HyperVoice,Psychic,Protect,Thunderbolt|Modest||F|||50|]Basculegion||ChoiceScarf|Adaptability|WaveCrash,LastRespects,FlipTurn,AquaJet|Jolly||M|||50|]Talonflame||SharpBeak|GaleWings|DualWingbeat,FlareBlitz,Tailwind,Protect|Jolly||F|||50|]Maushold||FocusSash|FriendGuard|SuperFang,Feint,FollowMe,Protect|Jolly|||||50|]Kingambit||ExpertBelt|Defiant|KowtowCleave,SuckerPunch,IronHead,LowKick|Jolly||F|||50|]Garchomp||LifeOrb|RoughSkin|Earthquake,RockSlide,Protect,DragonClaw|Adamant||M|||50|
|showteam|p2|Raichu||RaichuniteY|LightningRod|ZapCannon,FocusBlast,FakeOut,Protect|Timid||M|||50|]Sinistcha||SitrusBerry|Hospitality|MatchaGotcha,RagePowder,TrickRoom,Protect|Bold|||||50|]Incineroar||ShucaBerry|Intimidate|FlareBlitz,DarkestLariat,PartingShot,FakeOut|Careful||F|||50|]Sylveon||FairyFeather|Pixilate|HyperVoice,Moonblast,CalmMind,Protect|Modest||M|||50|]Hydreigon||ChoiceScarf|Levitate|DracoMeteor,DarkPulse,EarthPower,Snarl|Modest||F|||50|]Metagross||Metagrossite|ClearBody|HardPress,BodyPress,PsychicFangs,Protect|Adamant|||||50|
|inactive|Battle timer is ON: inactive players will automatically lose when time's up. (requested by Caloteiros VGC)
|inactive|Nosejugarbalance has 60 seconds left.
|
|t:|1785818213
|teamsize|p1|4
|teamsize|p2|4
|start
|switch|p1a: Basculegion|Basculegion, L50, M|100/100
|switch|p1b: Maushold|Maushold, L50|100/100
|switch|p2a: Raichu|Raichu, L50, M|100/100
|switch|p2b: Metagross|Metagross, L50|100/100
|turn|1
|inactive|Caloteiros VGC has 30 seconds left.
|inactive|Caloteiros VGC has 20 seconds left.
|inactive|Caloteiros VGC has 15 seconds left.
|inactive|Caloteiros VGC has 10 seconds left.
|inactive|Caloteiros VGC has 5 seconds left.
|
|t:|1785818268
|detailschange|p2b: Metagross|Metagross-Mega, L50
|-mega|p2b: Metagross|Metagross|Metagrossite
|move|p2a: Raichu|Fake Out|p1b: Maushold
|-damage|p1b: Maushold|90/100
|move|p1a: Basculegion|Wave Crash|p2a: Raichu
|-damage|p2a: Raichu|0 fnt
|faint|p2a: Raichu
|-damage|p1a: Basculegion|71/100|[from] Recoil
|cant|p1b: Maushold|flinch
|move|p2b: Metagross|Psychic Fangs|p1a: Basculegion
|-damage|p1a: Basculegion|12/100
|
|upkeep
|
|t:|1785818279
|switch|p2a: Sinistcha|Sinistcha, L50|100/100
|turn|2
|
|t:|1785818287
|switch|p1a: Kingambit|Kingambit, L50, F|100/100
|move|p1b: Maushold|Protect|p1b: Maushold
|-singleturn|p1b: Maushold|Protect
|move|p2b: Metagross|Protect|p2b: Metagross
|-singleturn|p2b: Metagross|Protect
|move|p2a: Sinistcha|Matcha Gotcha|p1a: Kingambit|[spread] p1a
|-activate|p1b: Maushold|move: Protect
|-resisted|p1a: Kingambit|1
|-damage|p1a: Kingambit|89/100
|-status|p1a: Kingambit|brn
|
|-damage|p1a: Kingambit|83/100 brn|[from] brn
|upkeep
|turn|3
|c|☆Nosejugarbalance|:vvvvvvvvvvvvvvvvvvvv
|inactive|Nosejugarbalance has 30 seconds left.
|
|t:|1785818316
|move|p2a: Sinistcha|Protect|p2a: Sinistcha
|-singleturn|p2a: Sinistcha|Protect
|move|p1b: Maushold|Follow Me|p1b: Maushold
|-singleturn|p1b: Maushold|move: Follow Me
|move|p2b: Metagross|Body Press|p1b: Maushold
|-supereffective|p1b: Maushold|1
|-damage|p1b: Maushold|1/100
|move|p1a: Kingambit|Kowtow Cleave|p2a: Sinistcha
|-activate|p2a: Sinistcha|move: Protect
|
|-damage|p1a: Kingambit|77/100 brn|[from] brn
|upkeep
|turn|4
|
|t:|1785818338
|move|p1b: Maushold|Follow Me|p1b: Maushold
|-singleturn|p1b: Maushold|move: Follow Me
|move|p2b: Metagross|Body Press|p1b: Maushold
|-supereffective|p1b: Maushold|1
|-damage|p1b: Maushold|0 fnt
|faint|p1b: Maushold
|move|p1a: Kingambit|Kowtow Cleave|p2a: Sinistcha
|-supereffective|p2a: Sinistcha|1
|-damage|p2a: Sinistcha|49/100
|-enditem|p2a: Sinistcha|Sitrus Berry|[eat]
|-heal|p2a: Sinistcha|74/100|[from] item: Sitrus Berry
|move|p2a: Sinistcha|Trick Room|p2a: Sinistcha
|-fieldstart|move: Trick Room|[of] p2a: Sinistcha
|
|-damage|p1a: Kingambit|71/100 brn|[from] brn
|upkeep
|
|t:|1785818352
|switch|p1b: Gardevoir|Gardevoir, L50, F, shiny|100/100
|-ability|p1b: Gardevoir|Hospitality|Trace|[from] ability: Trace|[of] p2a: Sinistcha
|-heal|p1a: Kingambit|96/100 brn|[from] ability: Hospitality|[of] p1b: Gardevoir
|turn|5
|
|t:|1785818368
|move|p2a: Sinistcha|Protect|p2a: Sinistcha
|-singleturn|p2a: Sinistcha|Protect
|move|p1b: Gardevoir|Protect|p1b: Gardevoir
|-singleturn|p1b: Gardevoir|Protect
|move|p2b: Metagross|Protect|p2b: Metagross
|-singleturn|p2b: Metagross|Protect
|move|p1a: Kingambit|Kowtow Cleave|p2b: Metagross
|-activate|p2b: Metagross|move: Protect
|
|-damage|p1a: Kingambit|89/100 brn|[from] brn
|upkeep
|turn|6
|
|t:|1785818387
|detailschange|p1b: Gardevoir|Gardevoir-Mega, L50, F, shiny
|-mega|p1b: Gardevoir|Gardevoir|Gardevoirite
|move|p2a: Sinistcha|Matcha Gotcha|p1b: Gardevoir|[spread] p1a,p1b
|-resisted|p1a: Kingambit|1
|-damage|p1a: Kingambit|76/100 brn
|-heal|p2a: Sinistcha|80/100|[from] drain|[of] p1a: Kingambit
|-damage|p1b: Gardevoir|76/100
|-heal|p2a: Sinistcha|90/100|[from] drain|[of] p1b: Gardevoir
|move|p1a: Kingambit|Kowtow Cleave|p2b: Metagross
|-supereffective|p2b: Metagross|1
|-damage|p2b: Metagross|59/100
|move|p2b: Metagross|Hard Press|p1b: Gardevoir
|-supereffective|p1b: Gardevoir|1
|-damage|p1b: Gardevoir|0 fnt
|faint|p1b: Gardevoir
|
|-damage|p1a: Kingambit|70/100 brn|[from] brn
|upkeep
|
|t:|1785818404
|switch|p1b: Basculegion|Basculegion, L50, M|12/100
|turn|7
|
|t:|1785818416
|move|p1b: Basculegion|Aqua Jet|p2b: Metagross
|-damage|p2b: Metagross|43/100
|move|p2a: Sinistcha|Matcha Gotcha|p1b: Basculegion|[spread] p1a,p1b
|-resisted|p1a: Kingambit|1
|-supereffective|p1b: Basculegion|1
|-damage|p1a: Kingambit|57/100 brn
|-heal|p2a: Sinistcha|97/100|[from] drain|[of] p1a: Kingambit
|-damage|p1b: Basculegion|0 fnt
|-heal|p2a: Sinistcha|100/100|[from] drain|[of] p1b: Basculegion
|faint|p1b: Basculegion
|move|p1a: Kingambit|Kowtow Cleave|p2b: Metagross
|-supereffective|p2b: Metagross|1
|-damage|p2b: Metagross|3/100
|move|p2b: Metagross|Body Press|p1a: Kingambit
|-supereffective|p1a: Kingambit|2
|-damage|p1a: Kingambit|0 fnt
|faint|p1a: Kingambit
|
|win|Caloteiros VGC
