|j|‽Mortimerd
|j|☆Truevillany123
|html|MortimerdTruevillany123    
|uhtml|bestof|Game 2 of a best-of-3
|t:|1757082232
|gametype|doubles
|player|p1|Mortimerd|drayden|1125
|player|p2|Truevillany123|169|1034
|gen|9
|tier|[Gen 9] VGC 2025 Reg H (Bo3)
|rated|
|rule|Species Clause: Limit one of each Pokémon
|rule|Item Clause: Limit 1 of each item
|clearpoke
|poke|p1|Tyranitar, L50, F|
|poke|p1|Corviknight, L50, M|
|poke|p1|Weezing-Galar, L50, F|
|poke|p1|Toedscruel, L50, M|
|poke|p1|Incineroar, L50, M|
|poke|p1|Excadrill, L50, F|
|poke|p2|Ursaluna-Bloodmoon, L50, M|
|poke|p2|Gholdengo, L50|
|poke|p2|Dragonite, L50, M|
|poke|p2|Sneasler, L50, F|
|poke|p2|Incineroar, L50, F|
|poke|p2|Amoonguss, L50, M|
|teampreview|4
|showteam|p1|Tyranitar||ClearAmulet|SandStream|RockSlide,KnockOff,TeraBlast,Protect|||F|||50|,,,,,Flying]Corviknight||SitrusBerry|MirrorArmor|BraveBird,IronHead,Tailwind,BulkUp|||M|||50|,,,,,Ground]Weezing-Galar||ChoiceSpecs|NeutralizingGas|SludgeBomb,DazzlingGleam,StrangeSteam,Flamethrower|||F|||50|,,,,,Grass]Toedscruel||FocusSash|MyceliumMight|Spore,AcidSpray,EarthPower,RagePowder|||M|||50|,,,,,Water]Incineroar||AbilityShield|Intimidate|FakeOut,WillOWisp,KnockOff,PartingShot|||M|||50|,,,,,Grass]Excadrill||LifeOrb|SandRush|Earthquake,IronHead,RockSlide,Protect|||F|||50|,,,,,Ghost
|showteam|p2|Ursaluna-Bloodmoon||AssaultVest|MindsEye|BloodMoon,EarthPower,VacuumWave,HyperVoice|||M|||50|,,,,,Water]Gholdengo||LifeOrb|GoodasGold|Protect,MakeItRain,ShadowBall,NastyPlot||||||50|,,,,,Water]Dragonite||LoadedDice|Multiscale|ScaleShot,Tailwind,Haze,Protect|||M|||50|,,,,,Fairy]Sneasler||FocusSash|Unburden|Protect,DireClaw,CloseCombat,ThroatChop|||F|||50|,,,,,Stellar]Incineroar||SafetyGoggles|Intimidate|KnockOff,PartingShot,FlareBlitz,FakeOut|||F|||50|,,,,,Ghost]Amoonguss||SitrusBerry|Regenerator|RagePowder,Spore,PollenPuff,Protect|||M|||50|,,,,,Psychic
|c|☆Truevillany123|Gg
|
|t:|1757082270
|teamsize|p1|4
|teamsize|p2|4
|start
|switch|p1a: Tyranitar|Tyranitar, L50, F|100/100
|switch|p1b: Corviknight|Corviknight, L50, M|100/100
|switch|p2a: Gholdengo|Gholdengo, L50|100/100
|switch|p2b: Amoonguss|Amoonguss, L50, M|100/100
|-weather|Sandstorm|[from] ability: Sand Stream|[of] p1a: Tyranitar
|turn|1
|
|t:|1757082290
|-terastallize|p1a: Tyranitar|Flying
|move|p2a: Gholdengo|Protect|p2a: Gholdengo
|-singleturn|p2a: Gholdengo|Protect
|move|p1a: Tyranitar|Tera Blast|p2b: Amoonguss|[anim] Tera Blast Flying
|-supereffective|p2b: Amoonguss
|-damage|p2b: Amoonguss|34/100
|-enditem|p2b: Amoonguss|Sitrus Berry|[eat]
|-heal|p2b: Amoonguss|59/100|[from] item: Sitrus Berry
|move|p1b: Corviknight|Tailwind|p1b: Corviknight
|-sidestart|p1: Mortimerd|move: Tailwind
|move|p2b: Amoonguss|Spore|p1b: Corviknight
|-status|p1b: Corviknight|slp|[from] move: Spore
|
|-weather|Sandstorm|[upkeep]
|-damage|p1a: Tyranitar|94/100|[from] Sandstorm
|-damage|p2b: Amoonguss|53/100|[from] Sandstorm
|upkeep
|turn|2
|
|t:|1757082306
|move|p2b: Amoonguss|Rage Powder|p2b: Amoonguss
|-singleturn|p2b: Amoonguss|move: Rage Powder
|move|p1a: Tyranitar|Knock Off|p2b: Amoonguss
|-damage|p2b: Amoonguss|25/100
|cant|p1b: Corviknight|slp
|move|p2a: Gholdengo|Nasty Plot|p2a: Gholdengo
|-boost|p2a: Gholdengo|spa|2
|
|-weather|Sandstorm|[upkeep]
|-damage|p1a: Tyranitar|88/100|[from] Sandstorm
|-damage|p2b: Amoonguss|20/100|[from] Sandstorm
|upkeep
|turn|3
|
|t:|1757082330
|move|p2b: Amoonguss|Rage Powder|p2b: Amoonguss
|-singleturn|p2b: Amoonguss|move: Rage Powder
|move|p1a: Tyranitar|Knock Off|p2b: Amoonguss
|-damage|p2b: Amoonguss|0 fnt
|faint|p2b: Amoonguss
|cant|p1b: Corviknight|slp
|move|p2a: Gholdengo|Make It Rain|p1a: Tyranitar|[spread] p1a,p1b
|-resisted|p1b: Corviknight
|-damage|p1a: Tyranitar|0 fnt
|-damage|p1b: Corviknight|45/100 slp
|-unboost|p2a: Gholdengo|spa|1
|-enditem|p1b: Corviknight|Sitrus Berry|[eat]
|-heal|p1b: Corviknight|70/100 slp|[from] item: Sitrus Berry
|faint|p1a: Tyranitar
|-damage|p2a: Gholdengo|91/100|[from] item: Life Orb
|
|-weather|Sandstorm|[upkeep]
|upkeep
|
|t:|1757082346
|switch|p1a: Excadrill|Excadrill, L50, F|100/100
|switch|p2b: Sneasler|Sneasler, L50, F|100/100
|turn|4
|
|t:|1757082353
|move|p2b: Sneasler|Protect|p2b: Sneasler
|-singleturn|p2b: Sneasler|Protect
|move|p2a: Gholdengo|Protect|p2a: Gholdengo
|-singleturn|p2a: Gholdengo|Protect
|move|p1a: Excadrill|Earthquake|p2a: Gholdengo|[spread] 
|-activate|p2a: Gholdengo|move: Protect
|-activate|p2b: Sneasler|move: Protect
|-immune|p1b: Corviknight
|cant|p1b: Corviknight|slp
|
|-weather|Sandstorm|[upkeep]
|-damage|p2b: Sneasler|95/100|[from] Sandstorm
|-sideend|p1: Mortimerd|move: Tailwind
|upkeep
|turn|5
|
|t:|1757082368
|-terastallize|p2a: Gholdengo|Water
|move|p1a: Excadrill|Earthquake|p2b: Sneasler|[spread] p2a,p2b
|-immune|p1b: Corviknight
|-supereffective|p2b: Sneasler
|-damage|p2a: Gholdengo|36/100
|-damage|p2b: Sneasler|0 fnt
|faint|p2b: Sneasler
|-damage|p1a: Excadrill|91/100|[from] item: Life Orb
|move|p2a: Gholdengo|Shadow Ball|p1a: Excadrill
|-damage|p1a: Excadrill|0 fnt
|faint|p1a: Excadrill
|-damage|p2a: Gholdengo|26/100|[from] item: Life Orb
|-curestatus|p1b: Corviknight|slp|[msg]
|move|p1b: Corviknight|Tailwind|p1b: Corviknight
|-sidestart|p1: Mortimerd|move: Tailwind
|
|-weather|none
|upkeep
|
|t:|1757082380
|switch|p2b: Ursaluna|Ursaluna-Bloodmoon, L50, M|100/100
|switch|p1a: Incineroar|Incineroar, L50, M|100/100
|-ability|p1a: Incineroar|Intimidate|boost
|-unboost|p2a: Gholdengo|atk|1
|-unboost|p2b: Ursaluna|atk|1
|turn|6
|
|t:|1757082389
|move|p2a: Gholdengo|Protect|p2a: Gholdengo
|-singleturn|p2a: Gholdengo|Protect
|move|p1a: Incineroar|Fake Out|p2b: Ursaluna
|-damage|p2b: Ursaluna|92/100
|move|p1b: Corviknight|Brave Bird|p2a: Gholdengo
|-activate|p2a: Gholdengo|move: Protect
|cant|p2b: Ursaluna|flinch
|
|upkeep
|turn|7
|
|t:|1757082407
|move|p1b: Corviknight|Brave Bird|p2a: Gholdengo
|-damage|p2a: Gholdengo|0 fnt
|faint|p2a: Gholdengo
|-damage|p1b: Corviknight|63/100|[from] Recoil
|move|p1a: Incineroar|Knock Off|p2b: Ursaluna
|-crit|p2b: Ursaluna
|-damage|p2b: Ursaluna|53/100
|-enditem|p2b: Ursaluna|Assault Vest|[from] move: Knock Off|[of] p1a: Incineroar
|move|p2b: Ursaluna|Earth Power|p1a: Incineroar
|-supereffective|p1a: Incineroar
|-damage|p1a: Incineroar|16/100
|
|upkeep
|turn|8
|c|☆Truevillany123|Fuck Corvilnogjt
|
|t:|1757082418
|move|p1b: Corviknight|Iron Head|p2b: Ursaluna
|-damage|p2b: Ursaluna|29/100
|move|p1a: Incineroar|Parting Shot|p2b: Ursaluna
|-unboost|p2b: Ursaluna|atk|1
|-unboost|p2b: Ursaluna|spa|1
|move|p2b: Ursaluna|Hyper Voice|p1a: Incineroar|[spread] p1a,p1b
|-resisted|p1b: Corviknight
|-damage|p1a: Incineroar|0 fnt
|-damage|p1b: Corviknight|50/100
|faint|p1a: Incineroar
|
|-sideend|p1: Mortimerd|move: Tailwind
|upkeep
|turn|9
|
|t:|1757082429
|move|p1b: Corviknight|Brave Bird|p2b: Ursaluna
|-damage|p2b: Ursaluna|0 fnt
|faint|p2b: Ursaluna
|-damage|p1b: Corviknight|40/100|[from] Recoil
|
|win|Mortimerd
