|j|☆BracingBike5323
|j|☆lipeater444
|html|BracingBike5323lipeater444    
|uhtml|bestof|Game 1 of a best-of-3
|t:|1783708548
|gametype|doubles
|player|p1|BracingBike5323|101|
|player|p2|lipeater444|skierf-gen4dp|
|gen|9
|tier|[Gen 9 Champions] VGC 2026 Reg M-B (Bo3)
|rule|Species Clause: Limit one of each Pokémon
|rule|Item Clause: Limit 1 of each item
|clearpoke
|poke|p1|Lopunny, L50, M|
|poke|p1|Vivillon, L50, M|
|poke|p1|Garchomp, L50, M|
|poke|p1|Aegislash, L50, M|
|poke|p1|Sylveon, L50, M|
|poke|p1|Basculegion, L50, M|
|poke|p2|Torkoal, L50, M, shiny|
|poke|p2|Trevenant, L50, M, shiny|
|poke|p2|Scrafty, L50, M|
|poke|p2|Aegislash, L50, M|
|poke|p2|Venusaur, L50, M, shiny|
|poke|p2|Charizard, L50, M|
|teampreview|4
|showteam|p1|Lopunny||Lopunnite|Limber|CloseCombat,GigaImpact,FakeOut,Encore|Adamant||M|||50|]Vivillon||FocusSash|CompoundEyes|SleepPowder,Tailwind,Hurricane,Protect|Timid||M|||50|]Garchomp||LumBerry|SandVeil|DragonClaw,Earthquake,RockSlide,Protect|Adamant||M|||50|]Aegislash||SpellTag|StanceChange|Poltergeist,SacredSword,ShadowSneak,KingsShield|Brave||M|||50|]Sylveon||FairyFeather|Pixilate|HyperBeam,HyperVoice,MysticalFire,Detect|Modest||M|||50|]Basculegion||ChoiceScarf|Adaptability|LastRespects,Liquidation,WaveCrash,AquaJet|Jolly||M|||50|
|showteam|p2|Torkoal||Charcoal|Drought|HeatWave,EarthPower,SolarBeam,Protect|Quiet||M|||50|]Trevenant||SitrusBerry|Harvest|TrickRoom,HornLeech,Poltergeist,Protect|Brave||M|||50|]Scrafty||Scraftinite|Intimidate|FakeOut,CloseCombat,KnockOff,Protect|Brave||M|||50|]Aegislash||ColburBerry|StanceChange|WideGuard,IronHead,ShadowSneak,KingsShield|Careful||M|||50|]Venusaur||LifeOrb|Chlorophyll|SleepPowder,SolarBeam,SludgeBomb,Protect|Modest||M|||50|]Charizard||CharizarditeY|SolarPower|WeatherBall,SolarBeam,ScorchingSands,Protect|Timid||M|||50|
|
|t:|1783708612
|teamsize|p1|4
|teamsize|p2|4
|start
|switch|p1a: Lopunny|Lopunny, L50, M|100/100
|switch|p1b: Vivillon|Vivillon, L50, M|100/100
|switch|p2a: Verdito|Venusaur, L50, M, shiny|100/100
|switch|p2b: Pimientito|Charizard, L50, M|100/100
|turn|1
|
|t:|1783708625
|detailschange|p1a: Lopunny|Lopunny-Mega, L50, M
|-mega|p1a: Lopunny|Lopunny|Lopunnite
|move|p2b: Pimientito|Protect|p2b: Pimientito
|-singleturn|p2b: Pimientito|Protect
|move|p2a: Verdito|Protect|p2a: Verdito
|-singleturn|p2a: Verdito|Protect
|move|p1a: Lopunny|Fake Out|p2a: Verdito
|-activate|p2a: Verdito|move: Protect
|move|p1b: Vivillon|Tailwind|p1b: Vivillon
|-sidestart|p1: BracingBike5323|move: Tailwind
|
|upkeep
|turn|2
|
|t:|1783708646
|detailschange|p2b: Pimientito|Charizard-Mega-Y, L50, M
|-mega|p2b: Pimientito|Charizard|Charizardite Y
|-weather|SunnyDay|[from] ability: Drought|[of] p2b: Pimientito
|move|p1a: Lopunny|Encore|p2a: Verdito
|-start|p2a: Verdito|Encore
|move|p2a: Verdito|Protect|p2a: Verdito
|-singleturn|p2a: Verdito|Protect
|move|p1b: Vivillon|Sleep Powder|p2b: Pimientito
|-status|p2b: Pimientito|slp|[from] move: Sleep Powder
|cant|p2b: Pimientito|slp
|
|-weather|SunnyDay|[upkeep]
|upkeep
|turn|3
|
|t:|1783708680
|move|p2a: Verdito|Protect||[still]
|-fail|p2a: Verdito
|move|p1a: Lopunny|Giga Impact|p2b: Pimientito
|-damage|p2b: Pimientito|0 fnt
|-mustrecharge|p1a: Lopunny
|faint|p2b: Pimientito
|move|p1b: Vivillon|Hurricane|p2a: Verdito|[miss]
|-miss|p1b: Vivillon|p2a: Verdito
|
|-weather|SunnyDay|[upkeep]
|upkeep
|
|t:|1783708692
|switch|p2b: Machito|Scrafty, L50, M|100/100
|-ability|p2b: Machito|Intimidate|boost
|-fail|p1a: Lopunny|unboost|Attack|[from] ability: Scrappy|[of] p1a: Lopunny
|-unboost|p1b: Vivillon|atk|1
|turn|4
|
|t:|1783708709
|move|p1b: Vivillon|Protect|p1b: Vivillon
|-singleturn|p1b: Vivillon|Protect
|move|p2a: Verdito|Protect|p2a: Verdito
|-singleturn|p2a: Verdito|Protect
|move|p2b: Machito|Fake Out|p1b: Vivillon
|-activate|p1b: Vivillon|move: Protect
|cant|p1a: Lopunny|recharge
|
|-weather|SunnyDay|[upkeep]
|-end|p2a: Verdito|Encore
|-sideend|p1: BracingBike5323|move: Tailwind
|upkeep
|turn|5
|
|t:|1783708741
|move|p2b: Machito|Protect|p2b: Machito
|-singleturn|p2b: Machito|Protect
|move|p2a: Verdito|Sleep Powder|p1b: Vivillon
|-status|p1b: Vivillon|slp|[from] move: Sleep Powder
|move|p1a: Lopunny|Close Combat|p2b: Machito
|-activate|p2b: Machito|move: Protect
|cant|p1b: Vivillon|slp
|
|-weather|SunnyDay|[upkeep]
|upkeep
|turn|6
|
|t:|1783708766
|move|p2a: Verdito|Sleep Powder|p1a: Lopunny
|-status|p1a: Lopunny|slp|[from] move: Sleep Powder
|cant|p1a: Lopunny|slp
|-curestatus|p1b: Vivillon|slp|[msg]
|move|p1b: Vivillon|Tailwind|p1b: Vivillon
|-sidestart|p1: BracingBike5323|move: Tailwind
|move|p2b: Machito|Close Combat|p1a: Lopunny
|-supereffective|p1a: Lopunny|1
|-damage|p1a: Lopunny|0 fnt
|-unboost|p2b: Machito|def|1
|-unboost|p2b: Machito|spd|1
|faint|p1a: Lopunny
|
|-weather|none
|upkeep
|
|t:|1783708781
|switch|p1a: Garchomp|Garchomp, L50, M|100/100
|turn|7
|
|t:|1783708816
|move|p2b: Machito|Protect|p2b: Machito
|-singleturn|p2b: Machito|Protect
|move|p1b: Vivillon|Hurricane|p2a: Verdito
|-supereffective|p2a: Verdito|1
|-damage|p2a: Verdito|0 fnt
|faint|p2a: Verdito
|move|p1a: Garchomp|Earthquake|p2b: Machito|[spread] 
|-activate|p2b: Machito|move: Protect
|-immune|p1b: Vivillon
|
|upkeep
|
|t:|1783708824
|switch|p2a: Cortito|Aegislash, L50, M|100/100
|turn|8
|
|t:|1783708834
|move|p2a: Cortito|Wide Guard|p2a: Cortito
|-singleturn|p2a: Cortito|Wide Guard
|move|p1b: Vivillon|Sleep Powder|p2a: Cortito
|-status|p2a: Cortito|slp|[from] move: Sleep Powder
|move|p1a: Garchomp|Dragon Claw|p2b: Machito
|-damage|p2b: Machito|38/100
|move|p2b: Machito|Close Combat|p1a: Garchomp
|-damage|p1a: Garchomp|46/100
|-unboost|p2b: Machito|def|1
|-unboost|p2b: Machito|spd|1
|
|upkeep
|turn|9
|
|t:|1783708861
|move|p2b: Machito|Protect|p2b: Machito
|-singleturn|p2b: Machito|Protect
|cant|p2a: Cortito|slp
|move|p1b: Vivillon|Hurricane|p2a: Cortito
|-resisted|p2a: Cortito|1
|-damage|p2a: Cortito|85/100 slp
|move|p1a: Garchomp|Earthquake|p2a: Cortito|[spread] p2a
|-activate|p2b: Machito|move: Protect
|-immune|p1b: Vivillon
|-supereffective|p2a: Cortito|1
|-damage|p2a: Cortito|10/100 slp
|
|-sideend|p1: BracingBike5323|move: Tailwind
|upkeep
|turn|10
|
|t:|1783708880
|cant|p2a: Cortito|slp
|move|p1b: Vivillon|Tailwind|p1b: Vivillon
|-sidestart|p1: BracingBike5323|move: Tailwind
|move|p1a: Garchomp|Earthquake|p2a: Cortito|[spread] p2a,p2b
|-immune|p1b: Vivillon
|-supereffective|p2a: Cortito|1
|-damage|p2a: Cortito|0 fnt
|-damage|p2b: Machito|0 fnt
|faint|p2a: Cortito
|faint|p2b: Machito
|
|win|BracingBike5323
||lipeater444 is ready for game 2.
||BracingBike5323 is ready for game 2.
|uhtml|next|Next: Game 2 of 3
