|j|☆FreezyPop439
|j|☆testforlose
|html|FreezyPop439testforlose    
|uhtml|bestof|Game 1 of a best-of-3
|t:|1783420262
|gametype|doubles
|player|p1|FreezyPop439|collector|1340
|player|p2|testforlose|ghetsis-gen5bw|1443
|gen|9
|tier|[Gen 9 Champions] VGC 2026 Reg M-B (Bo3)
|rated|
|rule|Species Clause: Limit one of each Pokémon
|rule|Item Clause: Limit 1 of each item
|clearpoke
|poke|p1|Raichu, L50, F|
|poke|p1|Gyarados, L50, M|
|poke|p1|Mamoswine, L50, F|
|poke|p1|Ceruledge, L50, M|
|poke|p1|Clefable, L50, F|
|poke|p1|Kingambit, L50, F|
|poke|p2|Charizard, L50, M|
|poke|p2|Garchomp, L50, F|
|poke|p2|Aerodactyl, L50, M|
|poke|p2|Farigiraf, L50, M|
|poke|p2|Kingambit, L50, M|
|poke|p2|Sylveon, L50, F|
|teampreview|4
|showteam|p1|Raichu||RaichuniteY|LightningRod|ZapCannon,FocusBlast,FakeOut,Protect|Timid||F|||50|]Gyarados||Gyaradosite|Intimidate|Waterfall,PowerWhip,DragonDance,Protect|Adamant||M|||50|]Mamoswine||LifeOrb|Oblivious|HighHorsepower,IceShard,IcicleCrash,Protect|Jolly||F|||50|]Ceruledge||ColburBerry|FlashFire|BitterBlade,ShadowSneak,BulkUp,Protect|Adamant||M|||50|]Clefable||SitrusBerry|Unaware|Moonblast,FollowMe,HelpingHand,Protect|Bold||F|||50|]Kingambit||FocusSash|Defiant|IronHead,KowtowCleave,SuckerPunch,LowKick|Adamant||F|||50|
|showteam|p2|Charizard||CharizarditeY|Blaze|HeatWave,WeatherBall,SolarBeam,Protect|Modest||M|||50|]Garchomp||LifeOrb|RoughSkin|Earthquake,DragonClaw,StompingTantrum,Protect|Jolly||F|||50|]Aerodactyl||Aerodactylite|Unnerve|RockSlide,DualWingbeat,IceFang,Tailwind|Jolly||M|||50|]Farigiraf||SitrusBerry|ArmorTail|Psychic,Thunderbolt,TrickRoom,Protect|Bold||M|||50|]Kingambit||FocusSash|Defiant|KowtowCleave,IronHead,SuckerPunch,LowKick|Adamant||M|||50|]Sylveon||FairyFeather|Pixilate|HyperVoice,HyperBeam,QuickAttack,Detect|Modest||F|||50|
|inactive|Battle timer is ON: inactive players will automatically lose when time's up. (requested by testforlose)
|inactive|FreezyPop439 has 60 seconds left.
|inactive|testforlose has 60 seconds left.
|inactive|FreezyPop439 has 30 seconds left.
|
|t:|1783420323
|teamsize|p1|4
|teamsize|p2|4
|start
|switch|p1a: Kingambit|Kingambit, L50, F|100/100
|switch|p1b: Raichu|Raichu, L50, F|100/100
|switch|p2a: Aerodactyl|Aerodactyl, L50, M|100/100
|switch|p2b: Sylveon|Sylveon, L50, F|100/100
|-ability|p2a: Aerodactyl|Unnerve
|turn|1
|inactive|FreezyPop439 has 30 seconds left.
|
|t:|1783420357
|switch|p2a: Garchomp|Garchomp, L50, F|100/100
|move|p2b: Sylveon|Detect|p2b: Sylveon
|-singleturn|p2b: Sylveon|Protect
|move|p1b: Raichu|Fake Out|p2a: Garchomp
|-damage|p2a: Garchomp|91/100
|-damage|p1b: Raichu|87/100|[from] ability: Rough Skin|[of] p2a: Garchomp
|move|p1a: Kingambit|Iron Head|p2b: Sylveon
|-activate|p2b: Sylveon|move: Protect
|
|upkeep
|turn|2
|inactive|testforlose has 30 seconds left.
|inactive|testforlose has 20 seconds left.
|inactive|testforlose has 15 seconds left.
|inactive|testforlose has 10 seconds left.
|
|t:|1783420403
|switch|p1b: Gyarados|Gyarados, L50, M|100/100
|-ability|p1b: Gyarados|Intimidate|boost
|-unboost|p2a: Garchomp|atk|1
|-unboost|p2b: Sylveon|atk|1
|switch|p2b: Aerodactyl|Aerodactyl, L50, M|100/100
|-ability|p2b: Aerodactyl|Unnerve
|move|p2a: Garchomp|Earthquake|p1a: Kingambit|[spread] p1a
|-immune|p2b: Aerodactyl
|-immune|p1b: Gyarados
|-supereffective|p1a: Kingambit|1
|-damage|p1a: Kingambit|38/100
|-damage|p2a: Garchomp|81/100|[from] item: Life Orb
|move|p1a: Kingambit|Iron Head|p2b: Aerodactyl
|-supereffective|p2b: Aerodactyl|1
|-damage|p2b: Aerodactyl|0 fnt
|faint|p2b: Aerodactyl
|
|upkeep
|
|t:|1783420412
|switch|p2b: Sylveon|Sylveon, L50, F|100/100
|turn|3
|
|t:|1783420426
|move|p2a: Garchomp|Stomping Tantrum|p1a: Kingambit
|-supereffective|p1a: Kingambit|1
|-damage|p1a: Kingambit|0 fnt
|faint|p1a: Kingambit
|-damage|p2a: Garchomp|71/100|[from] item: Life Orb
|move|p1b: Gyarados|Dragon Dance|p1b: Gyarados
|-boost|p1b: Gyarados|atk|1
|-boost|p1b: Gyarados|spe|1
|move|p2b: Sylveon|Hyper Voice|p1b: Gyarados
|-damage|p1b: Gyarados|43/100
|
|upkeep
|
|t:|1783420440
|switch|p1a: Mamoswine|Mamoswine, L50, F|100/100
|turn|4
|
|t:|1783420460
|move|p1b: Gyarados|Waterfall|p2b: Sylveon
|-damage|p2b: Sylveon|29/100
|move|p2a: Garchomp|Dragon Claw|p1a: Mamoswine
|-damage|p1a: Mamoswine|62/100
|-damage|p2a: Garchomp|61/100|[from] item: Life Orb
|move|p1a: Mamoswine|High Horsepower|p2b: Sylveon
|-damage|p2b: Sylveon|0 fnt
|faint|p2b: Sylveon
|-damage|p1a: Mamoswine|52/100|[from] item: Life Orb
|
|upkeep
|
|t:|1783420470
|switch|p2b: Farigiraf|Farigiraf, L50, M|100/100
|turn|5
|
|t:|1783420485
|move|p2a: Garchomp|Protect|p2a: Garchomp
|-singleturn|p2a: Garchomp|Protect
|move|p1b: Gyarados|Waterfall|p2b: Farigiraf
|-damage|p2b: Farigiraf|45/100
|-enditem|p2b: Farigiraf|Sitrus Berry|[eat]
|-heal|p2b: Farigiraf|70/100|[from] item: Sitrus Berry
|move|p1a: Mamoswine|Icicle Crash|p2b: Farigiraf
|-damage|p2b: Farigiraf|25/100
|-damage|p1a: Mamoswine|42/100|[from] item: Life Orb
|cant|p2b: Farigiraf|flinch
|
|upkeep
|turn|6
|
|t:|1783420501
|move|p1a: Mamoswine|Protect|p1a: Mamoswine
|-singleturn|p1a: Mamoswine|Protect
|move|p1b: Gyarados|Waterfall|p2b: Farigiraf
|-damage|p2b: Farigiraf|0 fnt
|faint|p2b: Farigiraf
|move|p2a: Garchomp|Dragon Claw|p1a: Mamoswine
|-activate|p1a: Mamoswine|move: Protect
|
|upkeep
|turn|7
|-message|testforlose forfeited.
|
|win|FreezyPop439
