|j|☆ToastedArt
|j|☆guinman24
|html|ToastedArtguinman24    
|uhtml|bestof|Game 1 of a best-of-3
|t:|1784333321
|gametype|doubles
|player|p1|ToastedArt|iris|1095
|player|p2|guinman24|infielder|1000
|gen|9
|tier|[Gen 9 Champions] VGC 2026 Reg M-B (Bo3)
|rated|
|rule|Species Clause: Limit one of each Pokémon
|rule|Item Clause: Limit 1 of each item
|clearpoke
|poke|p1|Sinistcha, L50|
|poke|p1|Sneasler, L50, F|
|poke|p1|Hydreigon, L50, M|
|poke|p1|Gholdengo, L50|
|poke|p1|Falinks, L50, shiny|
|poke|p1|Incineroar, L50, M|
|poke|p2|Glimmora, L50, F, shiny|
|poke|p2|Whimsicott, L50, F|
|poke|p2|Hydreigon, L50, M|
|poke|p2|Incineroar, L50, M|
|poke|p2|Basculegion, L50, M|
|poke|p2|Metagross, L50|
|teampreview|4
|showteam|p1|Sinistcha||KasibBerry|Hospitality|MatchaGotcha,Imprison,RagePowder,TrickRoom|Calm|||||50|]Sneasler||FocusSash|PoisonTouch|CloseCombat,FakeOut,PoisonJab,AcidSpray|Jolly||F|||50|]Hydreigon||ChoiceScarf|Levitate|DarkPulse,DracoMeteor,EarthPower,Snarl|Modest||M|||50|]Gholdengo||LifeOrb|GoodasGold|MakeItRain,ShadowBall,NastyPlot,Protect|Modest|||||50|]Falinks||Falinksite|Defiant|NoRetreat,SwordsDance,CloseCombat,Protect|Adamant|||||50|]Incineroar||SitrusBerry|Intimidate|FlareBlitz,DarkestLariat,FakeOut,PartingShot|Careful||M|||50|
|showteam|p2|Glimmora||Glimmoranite|ToxicDebris|SludgeBomb,PowerGem,EnergyBall,SpikyShield|Timid||F|||50|]Whimsicott||FocusSash|Prankster|Encore,Moonblast,Tailwind,Protect|Timid||F|||50|]Hydreigon||LifeOrb|Levitate|Snarl,DracoMeteor,EarthPower,Protect|Modest||M|||50|]Incineroar||SitrusBerry|Intimidate|FlareBlitz,DarkestLariat,PartingShot,FakeOut|Impish||M|||50|]Basculegion||MysticWater|Adaptability|WaveCrash,AquaJet,LastRespects,Protect|Jolly||M|||50|]Metagross||Metagrossite|ClearBody|IronHead,PsychicFangs,IcePunch,Protect|Jolly|||||50|
|inactive|Battle timer is ON: inactive players will automatically lose when time's up. (requested by ToastedArt)
|inactive|ToastedArt has 60 seconds left.
|inactive|guinman24 has 60 seconds left.
|inactive|ToastedArt has 30 seconds left.
|
|t:|1784333385
|teamsize|p1|4
|teamsize|p2|4
|start
|switch|p1a: Sneasler|Sneasler, L50, F|100/100
|switch|p1b: Gholdengo|Gholdengo, L50|100/100
|switch|p2a: Whimsicott|Whimsicott, L50, F|100/100
|switch|p2b: Hydreigon|Hydreigon, L50, M|100/100
|turn|1
|
|t:|1784333399
|switch|p1b: Falinks|Falinks, L50, shiny|100/100
|move|p2a: Whimsicott|Protect|p2a: Whimsicott
|-singleturn|p2a: Whimsicott|Protect
|move|p2b: Hydreigon|Protect|p2b: Hydreigon
|-singleturn|p2b: Hydreigon|Protect
|move|p1a: Sneasler|Fake Out|p2a: Whimsicott
|-activate|p2a: Whimsicott|move: Protect
|
|upkeep
|turn|2
|inactive|guinman24 has 30 seconds left.
|
|t:|1784333427
|switch|p2b: Basculegion|Basculegion, L50, M|100/100
|detailschange|p1b: Falinks|Falinks-Mega, L50, shiny
|-mega|p1b: Falinks|Falinks|Falinksite
|move|p1a: Sneasler|Poison Jab|p2a: Whimsicott
|-supereffective|p2a: Whimsicott|2
|-enditem|p2a: Whimsicott|Focus Sash
|-damage|p2a: Whimsicott|1/100
|-status|p2a: Whimsicott|psn|[from] ability: Poison Touch|[of] p1a: Sneasler
|move|p2a: Whimsicott|Moonblast|p1b: Falinks
|-supereffective|p1b: Falinks|1
|-damage|p1b: Falinks|8/100
|move|p1b: Falinks|Swords Dance|p1b: Falinks
|-boost|p1b: Falinks|atk|2
|
|-damage|p2a: Whimsicott|0 fnt|[from] psn
|faint|p2a: Whimsicott
|upkeep
|
|t:|1784333446
|switch|p2a: Metagross|Metagross, L50|100/100
|turn|3
|
|t:|1784333458
|switch|p1a: Hydreigon|Hydreigon, L50, M|100/100
|detailschange|p2a: Metagross|Metagross-Mega, L50
|-mega|p2a: Metagross|Metagross|Metagrossite
|move|p1b: Falinks|Protect|p1b: Falinks
|-singleturn|p1b: Falinks|Protect
|move|p2b: Basculegion|Aqua Jet|p1b: Falinks
|-activate|p1b: Falinks|move: Protect
|move|p2a: Metagross|Psychic Fangs|p1a: Hydreigon
|-immune|p1a: Hydreigon
|
|upkeep
|turn|4
|inactive|guinman24 has 30 seconds left.
|
|t:|1784333484
|switch|p1b: Gholdengo|Gholdengo, L50|100/100
|move|p1a: Hydreigon|Dark Pulse|p2a: Metagross
|-supereffective|p2a: Metagross|1
|-damage|p2a: Metagross|14/100
|cant|p2a: Metagross|flinch
|move|p2b: Basculegion|Wave Crash|p1b: Gholdengo
|-damage|p1b: Gholdengo|2/100
|-damage|p2b: Basculegion|72/100|[from] Recoil
|
|upkeep
|turn|5
|inactive|guinman24 has 30 seconds left.
|inactive|guinman24 has 20 seconds left.
|
|t:|1784333520
|switch|p2a: Hydreigon|Hydreigon, L50, M|100/100
|move|p2b: Basculegion|Protect|p2b: Basculegion
|-singleturn|p2b: Basculegion|Protect
|move|p1a: Hydreigon|Dark Pulse|p2b: Basculegion
|-activate|p2b: Basculegion|move: Protect
|move|p1b: Gholdengo|Shadow Ball|p2a: Hydreigon
|-resisted|p2a: Hydreigon|1
|-damage|p2a: Hydreigon|66/100
|-damage|p1b: Gholdengo|0 fnt|[from] item: Life Orb
|faint|p1b: Gholdengo
|
|upkeep
|inactive|ToastedArt has 30 seconds left.
|
|t:|1784333545
|switch|p1b: Sneasler|Sneasler, L50, F|100/100
|turn|6
|
|t:|1784333561
|move|p2a: Hydreigon|Protect|p2a: Hydreigon
|-singleturn|p2a: Hydreigon|Protect
|move|p2b: Basculegion|Aqua Jet|p1b: Sneasler
|-damage|p1b: Sneasler|46/100
|move|p1a: Hydreigon|Dark Pulse|p2b: Basculegion
|-supereffective|p2b: Basculegion|1
|-damage|p2b: Basculegion|0 fnt
|faint|p2b: Basculegion
|move|p1b: Sneasler|Close Combat|p2a: Hydreigon
|-activate|p2a: Hydreigon|move: Protect
|
|upkeep
|
|t:|1784333572
|switch|p2b: Metagross|Metagross-Mega, L50|14/100
|turn|7
|
|t:|1784333583
|move|p2b: Metagross|Protect|p2b: Metagross
|-singleturn|p2b: Metagross|Protect
|move|p1a: Hydreigon|Dark Pulse|p2b: Metagross
|-activate|p2b: Metagross|move: Protect
|move|p1b: Sneasler|Close Combat|p2a: Hydreigon
|-supereffective|p2a: Hydreigon|1
|-damage|p2a: Hydreigon|0 fnt
|-unboost|p1b: Sneasler|def|1
|-unboost|p1b: Sneasler|spd|1
|faint|p2a: Hydreigon
|
|upkeep
|turn|8
|
|t:|1784333594
|move|p1a: Hydreigon|Dark Pulse|p2b: Metagross
|-supereffective|p2b: Metagross|1
|-damage|p2b: Metagross|0 fnt
|faint|p2b: Metagross
|
|win|ToastedArt
