|j|☆Bazilvts
|j|☆icemonggs
|html|Bazilvtsicemonggs    
|uhtml|bestof|Game 1 of a best-of-3
|t:|1785006799
|gametype|doubles
|player|p1|Bazilvts|265|1232
|player|p2|icemonggs|cilan|1211
|gen|9
|tier|[Gen 9 Champions] VGC 2026 Reg M-B (Bo3)
|rated|
|rule|Species Clause: Limit one of each Pokémon
|rule|Item Clause: Limit 1 of each item
|clearpoke
|poke|p1|Blaziken, L50, M|
|poke|p1|Meowscarada, L50, M|
|poke|p1|Gholdengo, L50|
|poke|p1|Dragonite, L50, M|
|poke|p1|Sylveon, L50, M|
|poke|p1|Mudsdale, L50, M|
|poke|p2|Dragonite, L50, F, shiny|
|poke|p2|Toxapex, L50, M, shiny|
|poke|p2|Sneasler, L50, M|
|poke|p2|Kingambit, L50, M, shiny|
|poke|p2|Charizard, L50, M, shiny|
|poke|p2|Froslass, L50, F, shiny|
|teampreview|4
|showteam|p1|Blaziken||Blazikenite|Blaze|CloseCombat,FlareBlitz,RockSlide,Protect|Jolly||M|||50|]Meowscarada||LifeOrb|Overgrow|FlowerTrick,TripleAxel,SuckerPunch,Protect|Jolly||M|||50|]Gholdengo||ChoiceScarf|GoodasGold|MakeItRain,ShadowBall,PowerGem,FocusBlast|Modest|||||50|]Dragonite||WhiteHerb|Multiscale|ScaleShot,Superpower,ExtremeSpeed,Protect|Adamant||M|||50|]Sylveon||FocusSash|Pixilate|HyperVoice,QuickAttack,Yawn,Detect|Timid||M|||50|]Mudsdale||SitrusBerry|InnerFocus|Earthquake,HeavySlam,Protect,Curse|Brave||M|||50|
|showteam|p2|Dragonite||LifeOrb|InnerFocus|DragonClaw,ExtremeSpeed,LowKick,Protect|Adamant||F|||50|]Toxapex||Leftovers|Regenerator|Infestation,Toxic,WideGuard,BanefulBunker|Bold||M|||50|]Sneasler||FocusSash|PoisonTouch|CloseCombat,PoisonJab,FakeOut,Protect|Jolly||M|||50|]Kingambit||BlackGlasses|Defiant|KowtowCleave,SwordsDance,SuckerPunch,Protect|Adamant||M|||50|]Charizard||CharizarditeY|Blaze|HeatWave,WeatherBall,SolarBeam,Protect|Modest||M|||50|]Froslass||Froslassite|CursedBody|Blizzard,ShadowBall,AuroraVeil,Protect|Modest||F|||50|
|
|t:|1785006847
|teamsize|p1|4
|teamsize|p2|4
|start
|switch|p1a: Gholdengo|Gholdengo, L50|100/100
|switch|p1b: Dragonite|Dragonite, L50, M|100/100
|switch|p2a: Sneasler|Sneasler, L50, M|100/100
|switch|p2b: Froslass|Froslass, L50, F, shiny|100/100
|turn|1
|
|t:|1785006863
|switch|p2a: Kingambit|Kingambit, L50, M, shiny|100/100
|move|p2b: Froslass|Protect|p2b: Froslass
|-singleturn|p2b: Froslass|Protect
|move|p1b: Dragonite|Protect|p1b: Dragonite
|-singleturn|p1b: Dragonite|Protect
|move|p1a: Gholdengo|Make It Rain|p2a: Kingambit|[spread] p2a
|-activate|p2b: Froslass|move: Protect
|-resisted|p2a: Kingambit|1
|-damage|p2a: Kingambit|72/100
|-unboost|p1a: Gholdengo|spa|2
|
|upkeep
|turn|2
|
|t:|1785006878
|switch|p1a: Blaziken|Blaziken, L50, M|100/100
|detailschange|p2b: Froslass|Froslass-Mega, L50, F, shiny
|-mega|p2b: Froslass|Froslass|Froslassite
|-weather|Snowscape|[from] ability: Snow Warning|[of] p2b: Froslass
|move|p2b: Froslass|Blizzard|p1b: Dragonite|[spread] p1a,p1b
|-resisted|p1a: Blaziken|1
|-supereffective|p1b: Dragonite|2
|-damage|p1a: Blaziken|66/100
|-damage|p1b: Dragonite|16/100
|move|p1b: Dragonite|Superpower|p2a: Kingambit
|-supereffective|p2a: Kingambit|2
|-damage|p2a: Kingambit|0 fnt
|-unboost|p1b: Dragonite|atk|1
|-unboost|p1b: Dragonite|def|1
|faint|p2a: Kingambit
|-enditem|p1b: Dragonite|White Herb
|-clearnegativeboost|p1b: Dragonite|[silent]
|
|-weather|Snowscape|[upkeep]
|upkeep
|
|t:|1785006897
|switch|p2a: Toxapex|Toxapex, L50, M, shiny|100/100
|turn|3
|
|t:|1785006908
|detailschange|p1a: Blaziken|Blaziken-Mega, L50, M
|-mega|p1a: Blaziken|Blaziken|Blazikenite
|move|p1a: Blaziken|Protect|p1a: Blaziken
|-singleturn|p1a: Blaziken|Protect
|move|p1b: Dragonite|Protect|p1b: Dragonite
|-singleturn|p1b: Dragonite|Protect
|move|p2b: Froslass|Aurora Veil|p2b: Froslass
|-sidestart|p2: icemonggs|move: Aurora Veil
|move|p2a: Toxapex|Toxic|p1a: Blaziken
|-activate|p1a: Blaziken|move: Protect
|
|-weather|Snowscape|[upkeep]
|-ability|p1a: Blaziken|Speed Boost|boost
|-boost|p1a: Blaziken|spe|1
|upkeep
|turn|4
|
|t:|1785006925
|switch|p1b: Gholdengo|Gholdengo, L50|100/100
|move|p2b: Froslass|Protect|p2b: Froslass
|-singleturn|p2b: Froslass|Protect
|move|p1a: Blaziken|Rock Slide|p2a: Toxapex|[spread] p2a
|-activate|p2b: Froslass|move: Protect
|-damage|p2a: Toxapex|90/100
|move|p2a: Toxapex|Toxic|p1a: Blaziken
|-status|p1a: Blaziken|tox
|
|-weather|Snowscape|[upkeep]
|-heal|p2a: Toxapex|96/100|[from] item: Leftovers
|-damage|p1a: Blaziken|60/100 tox|[from] psn
|-ability|p1a: Blaziken|Speed Boost|boost
|-boost|p1a: Blaziken|spe|1
|upkeep
|turn|5
|
|t:|1785006946
|switch|p2b: Sneasler|Sneasler, L50, M|100/100
|move|p1a: Blaziken|Rock Slide|p2b: Sneasler|[spread] p2a,p2b
|-resisted|p2b: Sneasler|1
|-damage|p2a: Toxapex|85/100
|-damage|p2b: Sneasler|86/100
|move|p1b: Gholdengo|Make It Rain|p2a: Toxapex|[spread] p2a,p2b
|-resisted|p2a: Toxapex|1
|-damage|p2a: Toxapex|71/100
|-damage|p2b: Sneasler|40/100
|-unboost|p1b: Gholdengo|spa|2
|move|p2a: Toxapex|Infestation|p1a: Blaziken
|-resisted|p1a: Blaziken|2
|-damage|p1a: Blaziken|59/100 tox
|-activate|p1a: Blaziken|move: Infestation|[of] p2a: Toxapex
|
|-weather|Snowscape|[upkeep]
|-heal|p2a: Toxapex|77/100|[from] item: Leftovers
|-damage|p1a: Blaziken|48/100 tox|[from] psn
|-damage|p1a: Blaziken|36/100 tox|[from] move: Infestation|[partiallytrapped]
|-ability|p1a: Blaziken|Speed Boost|boost
|-boost|p1a: Blaziken|spe|1
|upkeep
|turn|6
|
|t:|1785006968
|switch|p1b: Dragonite|Dragonite, L50, M|16/100
|move|p1a: Blaziken|Protect|p1a: Blaziken
|-singleturn|p1a: Blaziken|Protect
|move|p2b: Sneasler|Fake Out|p1a: Blaziken
|-activate|p1a: Blaziken|move: Protect
|move|p2a: Toxapex|Infestation|p1b: Dragonite
|-resisted|p1b: Dragonite|1
|-damage|p1b: Dragonite|14/100
|-activate|p1b: Dragonite|move: Infestation|[of] p2a: Toxapex
|
|-weather|none
|-heal|p2a: Toxapex|82/100|[from] item: Leftovers
|-damage|p1a: Blaziken|19/100 tox|[from] psn
|-damage|p1a: Blaziken|7/100 tox|[from] move: Infestation|[partiallytrapped]
|-damage|p1b: Dragonite|2/100|[from] move: Infestation|[partiallytrapped]
|-ability|p1a: Blaziken|Speed Boost|boost
|-boost|p1a: Blaziken|spe|1
|upkeep
|turn|7
|
|t:|1785006988
|move|p2b: Sneasler|Protect|p2b: Sneasler
|-singleturn|p2b: Sneasler|Protect
|move|p2a: Toxapex|Baneful Bunker|p2a: Toxapex
|-singleturn|p2a: Toxapex|move: Protect
|move|p1a: Blaziken|Rock Slide|p2b: Sneasler|[spread] 
|-activate|p2a: Toxapex|move: Protect
|-activate|p2b: Sneasler|move: Protect
|move|p1b: Dragonite|Scale Shot|p2a: Toxapex
|-activate|p2a: Toxapex|move: Protect
|
|-heal|p2a: Toxapex|88/100|[from] item: Leftovers
|-damage|p1a: Blaziken|0 fnt|[from] psn
|faint|p1a: Blaziken
|-damage|p1b: Dragonite|0 fnt|[from] move: Infestation|[partiallytrapped]
|faint|p1b: Dragonite
|-sideend|p2: icemonggs|move: Aurora Veil
|upkeep
|
|t:|1785007004
|switch|p1a: Meowscarada|Meowscarada, L50, M|100/100
|switch|p1b: Gholdengo|Gholdengo, L50|100/100
|turn|8
|
|t:|1785007019
|move|p1b: Gholdengo|Shadow Ball|p2a: Toxapex
|-damage|p2a: Toxapex|55/100
|move|p1a: Meowscarada|Triple Axel|p2b: Sneasler|[miss]
|-miss|p1a: Meowscarada|p2b: Sneasler
|move|p2b: Sneasler|Close Combat|p1a: Meowscarada
|-supereffective|p1a: Meowscarada|1
|-damage|p1a: Meowscarada|0 fnt
|-unboost|p2b: Sneasler|def|1
|-unboost|p2b: Sneasler|spd|1
|faint|p1a: Meowscarada
|move|p2a: Toxapex|Infestation|p1b: Gholdengo
|-resisted|p1b: Gholdengo|2
|-damage|p1b: Gholdengo|99/100
|-activate|p1b: Gholdengo|move: Infestation|[of] p2a: Toxapex
|
|-heal|p2a: Toxapex|61/100|[from] item: Leftovers
|-damage|p1b: Gholdengo|87/100|[from] move: Infestation|[partiallytrapped]
|upkeep
|turn|9
|-message|Bazilvts forfeited.
|
|win|icemonggs
|l|☆Bazilvts
|player|p1|
||Bazilvts is ready for game 2.
||icemonggs is ready for game 2.
|uhtml|next|Next: Game 2 of 3
