|j|☆AndrewKommoo
|j|☆Alosson
|html|AndrewKommooAlosson    
|uhtml|bestof|Game 1 of a best-of-3
|t:|1756246565
|gametype|doubles
|player|p1|AndrewKommoo|buck|1000
|player|p2|Alosson|ingo|1110
|gen|9
|tier|[Gen 9] VGC 2025 Reg H (Bo3)
|rated|
|rule|Species Clause: Limit one of each Pokémon
|rule|Item Clause: Limit 1 of each item
|clearpoke
|poke|p1|Pelipper, L50, M|
|poke|p1|Basculegion, L50, M|
|poke|p1|Bronzong, L50|
|poke|p1|Archaludon, L50, F|
|poke|p1|Amoonguss, L50, F|
|poke|p1|Ursaluna, L50, F|
|poke|p2|Sneasler, L50, M|
|poke|p2|Torkoal, L50, M|
|poke|p2|Hatterene, L50, F|
|poke|p2|Ursaluna-Bloodmoon, L50, M|
|poke|p2|Indeedee-F, L50, F|
|poke|p2|Lilligant-Hisui, L50, F|
|teampreview|4
|showteam|p1|Pelipper||ChoiceSpecs|Drizzle|MuddyWater,IceBeam,Hurricane,WeatherBall|||M|||50|,,,,,Flying]Basculegion||ChoiceBand|SwiftSwim|WaveCrash,LastRespects,AquaJet,FlipTurn|||M|||50|,,,,,Water]Bronzong||Leftovers|Levitate|BodyPress,GyroBall,IronDefense,TrickRoom||||||50|,,,,,Fighting]Archaludon||AssaultVest|Stamina|ElectroShot,BodyPress,FlashCannon,DracoMeteor|||F|||50|,,,,,Grass]Amoonguss||RockyHelmet|Regenerator|RagePowder,Spore,PollenPuff,ClearSmog|||F|||50|,,,,,Water]Ursaluna||FlameOrb|Guts|Facade,Earthquake,ShadowClaw,Protect|||F|||50|,,,,,Ghost
|showteam|p2|Sneasler||PsychicSeed|Unburden|Acrobatics,DireClaw,CloseCombat,Taunt|||M|||50|,,,,,Flying]Torkoal||AssaultVest|Drought|Eruption,BodyPress,WeatherBall,SolarBeam|||M|||50|,,,,,Grass]Hatterene||CovertCloak|MagicBounce|ExpandingForce,TrickRoom,MysticalFire,Protect|||F|||50|,,,,,Fire]Ursaluna-Bloodmoon||ThroatSpray|MindsEye|HyperBeam,EarthPower,BloodMoon,Protect|||M|||50|,,,,,Normal]Indeedee-F||SafetyGoggles|PsychicSurge|TrickRoom,FollowMe,TeraBlast,HelpingHand|||F|||50|,,,,,Dark]Lilligant-Hisui||FocusSash|Chlorophyll|AfterYou,SolarBlade,Protect,LowKick|||F|||50|,,,,,Ghost
|
|t:|1756246609
|teamsize|p1|4
|teamsize|p2|4
|start
|switch|p1a: Basculegion|Basculegion, L50, M|100/100
|switch|p1b: Pelipper|Pelipper, L50, M|100/100
|switch|p2a: Indeedee|Indeedee-F, L50, F, shiny|100/100
|switch|p2b: Hatterene|Hatterene, L50, F, shiny|100/100
|-fieldstart|move: Psychic Terrain|[from] ability: Psychic Surge|[of] p2a: Indeedee
|-weather|RainDance|[from] ability: Drizzle|[of] p1b: Pelipper
|turn|1
|
|t:|1756246621
|move|p2a: Indeedee|Follow Me|p2a: Indeedee
|-singleturn|p2a: Indeedee|move: Follow Me
|move|p1a: Basculegion|Flip Turn|p2a: Indeedee
|-damage|p2a: Indeedee|20/100
|
|t:|1756246635
|switch|p1a: Bronzong|Bronzong, L50|100/100|[from] Flip Turn
|move|p1b: Pelipper|Muddy Water|p2b: Hatterene|[spread] p2b
|-miss|p1b: Pelipper|p2a: Indeedee
|-damage|p2b: Hatterene|29/100
|move|p2b: Hatterene|Trick Room|p2b: Hatterene
|-fieldstart|move: Trick Room|[of] p2b: Hatterene
|
|-weather|RainDance|[upkeep]
|upkeep
|turn|2
|
|t:|1756246663
|switch|p1b: Archaludon|Archaludon, L50, F|100/100
|move|p2a: Indeedee|Helping Hand|p2b: Hatterene
|-singleturn|p2b: Hatterene|Helping Hand|[of] p2a: Indeedee
|move|p1a: Bronzong|Gyro Ball|p2b: Hatterene
|-supereffective|p2b: Hatterene
|-damage|p2b: Hatterene|6/100
|move|p2b: Hatterene|Expanding Force|p1b: Archaludon|[spread] p1a,p1b
|-resisted|p1a: Bronzong
|-resisted|p1b: Archaludon
|-damage|p1a: Bronzong|78/100
|-damage|p1b: Archaludon|67/100
|-ability|p1b: Archaludon|Stamina|boost
|-boost|p1b: Archaludon|def|1
|
|-weather|RainDance|[upkeep]
|-heal|p1a: Bronzong|84/100|[from] item: Leftovers
|upkeep
|turn|3
|
|t:|1756246687
|move|p2a: Indeedee|Follow Me|p2a: Indeedee
|-singleturn|p2a: Indeedee|move: Follow Me
|move|p1a: Bronzong|Gyro Ball|p2a: Indeedee
|-damage|p2a: Indeedee|0 fnt
|faint|p2a: Indeedee
|move|p2b: Hatterene|Expanding Force|p1b: Archaludon|[spread] p1a,p1b
|-resisted|p1a: Bronzong
|-resisted|p1b: Archaludon
|-crit|p1b: Archaludon
|-damage|p1a: Bronzong|68/100
|-damage|p1b: Archaludon|33/100
|-ability|p1b: Archaludon|Stamina|boost
|-boost|p1b: Archaludon|def|1
|move|p1b: Archaludon|Body Press|p2b: Hatterene
|-resisted|p2b: Hatterene
|-damage|p2b: Hatterene|0 fnt
|faint|p2b: Hatterene
|
|-weather|RainDance|[upkeep]
|-heal|p1a: Bronzong|74/100|[from] item: Leftovers
|upkeep
|
|t:|1756246702
|switch|p2b: Lilligant|Lilligant-Hisui, L50, F, shiny|100/100
|switch|p2a: Torkoal|Torkoal, L50, M, shiny|100/100
|-weather|SunnyDay|[from] ability: Drought|[of] p2a: Torkoal
|turn|4
|
|t:|1756246733
|switch|p1b: Pelipper|Pelipper, L50, M|100/100
|-weather|RainDance|[from] ability: Drizzle|[of] p1b: Pelipper
|-terastallize|p1a: Bronzong|Fighting
|move|p1a: Bronzong|Body Press|p2a: Torkoal
|-damage|p2a: Torkoal|70/100
|move|p2a: Torkoal|Eruption|p1b: Pelipper|[spread] p1a,p1b
|-resisted|p1b: Pelipper
|-damage|p1a: Bronzong|60/100
|-damage|p1b: Pelipper|90/100
|move|p2b: Lilligant|Solar Blade||[still]
|-prepare|p2b: Lilligant|Solar Blade
|
|-weather|RainDance|[upkeep]
|-heal|p1a: Bronzong|66/100|[from] item: Leftovers
|upkeep
|turn|5
|
|t:|1756246754
|move|p1a: Bronzong|Body Press|p2b: Lilligant
|-damage|p2b: Lilligant|30/100
|move|p2a: Torkoal|Weather Ball|p1a: Bronzong
|-damage|p1a: Bronzong|28/100
|move|p1b: Pelipper|Muddy Water|p2b: Lilligant|[spread] p2a,p2b
|-supereffective|p2a: Torkoal
|-resisted|p2b: Lilligant
|-damage|p2a: Torkoal|0 fnt
|-damage|p2b: Lilligant|0 fnt
|faint|p2a: Torkoal
|faint|p2b: Lilligant
|
|win|AndrewKommoo
||AndrewKommoo is ready for game 2.
|inactive|Alosson has 30 seconds to confirm battle start!
||Alosson is ready for game 2.
|uhtml|next|Next: Game 2 of 3
