|j|☆mikelpoyarzabal
|j|☆caevz027
|html|mikelpoyarzabalcaevz027    
|uhtml|bestof|Game 1 of a best-of-3
|t:|1784740723
|gametype|doubles
|player|p1|mikelpoyarzabal|arven-s|1304
|player|p2|caevz027|265|1221
|gen|9
|tier|[Gen 9 Champions] VGC 2026 Reg M-B (Bo3)
|rated|
|rule|Species Clause: Limit one of each Pokémon
|rule|Item Clause: Limit 1 of each item
|clearpoke
|poke|p1|Garchomp, L50, M|
|poke|p1|Venusaur, L50, F|
|poke|p1|Incineroar, L50, M|
|poke|p1|Charizard, L50, M|
|poke|p1|Toxapex, L50, F|
|poke|p1|Annihilape, L50, F|
|poke|p2|Maushold-Four, L50|
|poke|p2|Annihilape, L50, F|
|poke|p2|Samurott-Hisui, L50, M|
|poke|p2|Glimmora, L50, F|
|poke|p2|Froslass, L50, F|
|poke|p2|Talonflame, L50, F|
|teampreview|4
|showteam|p1|Garchomp||ChoiceScarf|RoughSkin|Earthquake,RockSlide,DragonClaw,StompingTantrum|Adamant||M|||50|]Venusaur||LifeOrb|Chlorophyll|SludgeBomb,SolarBeam,EarthPower,Protect|Modest||F|||50|]Incineroar||SitrusBerry|Intimidate|FakeOut,FlareBlitz,ThroatChop,PartingShot|Impish||M|||50|]Charizard||CharizarditeY|Blaze|HeatWave,WeatherBall,Protect,HelpingHand|Modest||M|||50|]Toxapex||Leftovers|Regenerator|Infestation,Toxic,WideGuard,BanefulBunker|Impish||F|||50|]Annihilape||FocusSash|Defiant|CloseCombat,PhantomForce,RageFist,Protect|Jolly||F|||50|
|showteam|p2|Maushold-Four||ChopleBerry|FriendGuard|FollowMe,Protect,BeatUp,SuperFang|Jolly|||||50|]Annihilape||Leftovers|Defiant|DrainPunch,RageFist,BulkUp,Protect|Adamant||F|||50|]Samurott-Hisui||LifeOrb|Sharpness|CeaselessEdge,RazorShell,SacredSword,Protect|Jolly||M|||50|]Glimmora||FocusSash|ToxicDebris|EarthPower,PowerGem,SludgeBomb,SpikyShield|Timid||F|||50|]Froslass||Froslassite|SnowCloak|Blizzard,ShadowBall,AuroraVeil,Protect|Timid||F|||50|]Talonflame|||GaleWings|Acrobatics,Tailwind,Protect,WillOWisp|Jolly||F|||50|
|inactive|Battle timer is ON: inactive players will automatically lose when time's up. (requested by mikelpoyarzabal)
|inactive|mikelpoyarzabal has 60 seconds left.
|inactive|caevz027 has 60 seconds left.
|
|t:|1784740774
|teamsize|p1|4
|teamsize|p2|4
|start
|switch|p1a: Venusaur|Venusaur, L50, F|100/100
|switch|p1b: Charizard|Charizard, L50, M|100/100
|switch|p2a: Talonflame|Talonflame, L50, F|100/100
|switch|p2b: Glimmora|Glimmora, L50, F|100/100
|turn|1
|inactive|caevz027 has 30 seconds left.
|
|t:|1784740809
|switch|p1b: Garchomp|Garchomp, L50, M|100/100
|move|p2b: Glimmora|Spiky Shield|p2b: Glimmora
|-singleturn|p2b: Glimmora|move: Protect
|move|p2a: Talonflame|Acrobatics|p1a: Venusaur
|-supereffective|p1a: Venusaur|1
|-damage|p1a: Venusaur|24/100
|move|p1a: Venusaur|Earth Power|p2b: Glimmora
|-activate|p2b: Glimmora|move: Protect
|
|upkeep
|turn|2
|
|t:|1784740833
|switch|p1a: Toxapex|Toxapex, L50, F|100/100
|move|p1b: Garchomp|Stomping Tantrum|p2b: Glimmora
|-supereffective|p2b: Glimmora|2
|-enditem|p2b: Glimmora|Focus Sash
|-damage|p2b: Glimmora|1/100
|-activate|p2b: Glimmora|ability: Toxic Debris
|-sidestart|p1: mikelpoyarzabal|move: Toxic Spikes
|move|p2a: Talonflame|Will-O-Wisp|p1b: Garchomp
|-status|p1b: Garchomp|brn
|move|p2b: Glimmora|Sludge Bomb|p1a: Toxapex
|-resisted|p1a: Toxapex|1
|-damage|p1a: Toxapex|82/100
|
|-heal|p1a: Toxapex|87/100|[from] item: Leftovers
|-damage|p1b: Garchomp|93/100 brn|[from] brn
|upkeep
|turn|3
|inactive|caevz027 has 30 seconds left.
|inactive|caevz027 has 20 seconds left.
|inactive|caevz027 has 15 seconds left.
|inactive|caevz027 has 10 seconds left.
|
|t:|1784740883
|switch|p2a: Annihilape|Annihilape, L50, F|100/100
|move|p2b: Glimmora|Spiky Shield|p2b: Glimmora
|-singleturn|p2b: Glimmora|move: Protect
|move|p1b: Garchomp|Stomping Tantrum|p2b: Glimmora
|-activate|p2b: Glimmora|move: Protect
|-damage|p1b: Garchomp|81/100 brn|[from] Spiky Shield|[of] p2b: Glimmora
|move|p1a: Toxapex|Toxic|p2a: Annihilape
|-status|p2a: Annihilape|tox
|
|-heal|p1a: Toxapex|93/100|[from] item: Leftovers
|-damage|p2a: Annihilape|94/100 tox|[from] psn
|-damage|p1b: Garchomp|75/100 brn|[from] brn
|upkeep
|turn|4
|
|t:|1784740901
|switch|p1b: Venusaur|Venusaur, L50, F|24/100
|-sideend|p1: mikelpoyarzabal|move: Toxic Spikes|[of] p1b: Venusaur
|switch|p2b: Talonflame|Talonflame, L50, F|100/100
|move|p2a: Annihilape|Bulk Up|p2a: Annihilape
|-boost|p2a: Annihilape|atk|1
|-boost|p2a: Annihilape|def|1
|move|p1a: Toxapex|Infestation|p2a: Annihilape
|-resisted|p2a: Annihilape|2
|-damage|p2a: Annihilape|93/100 tox
|-activate|p2a: Annihilape|move: Infestation|[of] p1a: Toxapex
|
|-heal|p2a: Annihilape|99/100 tox|[from] item: Leftovers
|-heal|p1a: Toxapex|99/100|[from] item: Leftovers
|-damage|p2a: Annihilape|87/100 tox|[from] psn
|-damage|p2a: Annihilape|75/100 tox|[from] move: Infestation|[partiallytrapped]
|upkeep
|turn|5
|
|t:|1784740921
|move|p2b: Talonflame|Tailwind|p2b: Talonflame
|-sidestart|p2: caevz027|move: Tailwind
|move|p2a: Annihilape|Rage Fist|p1a: Toxapex
|-damage|p1a: Toxapex|45/100
|move|p1b: Venusaur|Sludge Bomb|p2b: Talonflame
|-damage|p2b: Talonflame|27/100
|-damage|p1b: Venusaur|15/100|[from] item: Life Orb
|move|p1a: Toxapex|Infestation|p2b: Talonflame
|-resisted|p2b: Talonflame|2
|-crit|p2b: Talonflame
|-damage|p2b: Talonflame|26/100
|-activate|p2b: Talonflame|move: Infestation|[of] p1a: Toxapex
|
|-heal|p2a: Annihilape|81/100 tox|[from] item: Leftovers
|-heal|p1a: Toxapex|50/100g|[from] item: Leftovers
|-damage|p2a: Annihilape|63/100 tox|[from] psn
|-damage|p2b: Talonflame|14/100|[from] move: Infestation|[partiallytrapped]
|-damage|p2a: Annihilape|50/100g tox|[from] move: Infestation|[partiallytrapped]
|upkeep
|turn|6
|
|t:|1784740943
|move|p1a: Toxapex|Baneful Bunker|p1a: Toxapex
|-singleturn|p1a: Toxapex|move: Protect
|move|p2b: Talonflame|Acrobatics|p1b: Venusaur
|-supereffective|p1b: Venusaur|1
|-damage|p1b: Venusaur|0 fnt
|faint|p1b: Venusaur
|move|p2a: Annihilape|Bulk Up|p2a: Annihilape
|-boost|p2a: Annihilape|atk|1
|-boost|p2a: Annihilape|def|1
|
|-heal|p2a: Annihilape|56/100 tox|[from] item: Leftovers
|-heal|p1a: Toxapex|56/100|[from] item: Leftovers
|-damage|p2a: Annihilape|32/100 tox|[from] psn
|-damage|p2b: Talonflame|1/100|[from] move: Infestation|[partiallytrapped]
|-damage|p2a: Annihilape|20/100y tox|[from] move: Infestation|[partiallytrapped]
|upkeep
|
|t:|1784740953
|switch|p1b: Charizard|Charizard, L50, M|100/100
|turn|7
|
|t:|1784740964
|-heal|p1a: Toxapex|89/100|[from] ability: Regenerator|[silent]
|switch|p1a: Garchomp|Garchomp, L50, M|75/100 brn
|move|p1b: Charizard|Protect|p1b: Charizard
|-singleturn|p1b: Charizard|Protect
|move|p2b: Talonflame|Tailwind||[still]
|-fail|p2b: Talonflame
|move|p2a: Annihilape|Rage Fist|p1a: Garchomp
|-damage|p1a: Garchomp|0 fnt
|-damage|p2a: Annihilape|7/100 tox|[from] ability: Rough Skin|[of] p1a: Garchomp
|faint|p1a: Garchomp
|
|-heal|p2a: Annihilape|13/100 tox|[from] item: Leftovers
|-damage|p2a: Annihilape|0 fnt|[from] psn
|faint|p2a: Annihilape
|-end|p2b: Talonflame|Infestation|[partiallytrapped]|[silent]
|upkeep
|
|t:|1784740983
|switch|p1a: Toxapex|Toxapex, L50, F|89/100
|switch|p2a: Glimmora|Glimmora, L50, F|1/100
|turn|8
|
|t:|1784740997
|detailschange|p1b: Charizard|Charizard-Mega-Y, L50, M
|-mega|p1b: Charizard|Charizard|Charizardite Y
|-weather|SunnyDay|[from] ability: Drought|[of] p1b: Charizard
|move|p2b: Talonflame|Protect|p2b: Talonflame
|-singleturn|p2b: Talonflame|Protect
|move|p2a: Glimmora|Power Gem|p1b: Charizard
|-supereffective|p1b: Charizard|2
|-damage|p1b: Charizard|0 fnt
|faint|p1b: Charizard
|move|p1a: Toxapex|Infestation|p2a: Glimmora
|-resisted|p2a: Glimmora|1
|-damage|p2a: Glimmora|0 fnt
|faint|p2a: Glimmora
|
|-weather|SunnyDay|[upkeep]
|-heal|p1a: Toxapex|95/100|[from] item: Leftovers
|-sideend|p2: caevz027|move: Tailwind
|upkeep
|
|t:|1784741011
|switch|p2a: Froslass|Froslass, L50, F|100/100
|turn|9
|
|t:|1784741017
|detailschange|p2a: Froslass|Froslass-Mega, L50, F
|-mega|p2a: Froslass|Froslass|Froslassite
|-weather|Snowscape|[from] ability: Snow Warning|[of] p2a: Froslass
|move|p2b: Talonflame|Tailwind|p2b: Talonflame
|-sidestart|p2: caevz027|move: Tailwind
|move|p2a: Froslass|Blizzard|p1a: Toxapex
|-resisted|p1a: Toxapex|1
|-damage|p1a: Toxapex|71/100
|move|p1a: Toxapex|Toxic|p2a: Froslass
|-status|p2a: Froslass|tox
|
|-weather|Snowscape|[upkeep]
|-heal|p1a: Toxapex|77/100|[from] item: Leftovers
|-damage|p2a: Froslass|93/100 tox|[from] psn
|upkeep
|turn|10
|
|t:|1784741036
|move|p1a: Toxapex|Baneful Bunker|p1a: Toxapex
|-singleturn|p1a: Toxapex|move: Protect
|move|p2b: Talonflame|Will-O-Wisp|p1a: Toxapex
|-activate|p1a: Toxapex|move: Protect
|move|p2a: Froslass|Blizzard|p1a: Toxapex
|-activate|p1a: Toxapex|move: Protect
|
|-weather|Snowscape|[upkeep]
|-heal|p1a: Toxapex|82/100|[from] item: Leftovers
|-damage|p2a: Froslass|81/100 tox|[from] psn
|upkeep
|turn|11
|
|t:|1784741050
|move|p2b: Talonflame|Acrobatics|p1a: Toxapex
|-damage|p1a: Toxapex|59/100
|move|p2a: Froslass|Shadow Ball|p1a: Toxapex
|-damage|p1a: Toxapex|27/100
|move|p1a: Toxapex|Infestation|p2a: Froslass
|-resisted|p2a: Froslass|1
|-damage|p2a: Froslass|80/100 tox
|-activate|p2a: Froslass|move: Infestation|[of] p1a: Toxapex
|
|-weather|Snowscape|[upkeep]
|-heal|p1a: Toxapex|33/100|[from] item: Leftovers
|-damage|p2a: Froslass|61/100 tox|[from] psn
|-damage|p2a: Froslass|49/100 tox|[from] move: Infestation|[partiallytrapped]
|upkeep
|turn|12
|
|t:|1784741064
|move|p2b: Talonflame|Will-O-Wisp|p1a: Toxapex
|-status|p1a: Toxapex|brn
|move|p2a: Froslass|Blizzard|p1a: Toxapex
|-resisted|p1a: Toxapex|1
|-damage|p1a: Toxapex|8/100 brn
|move|p1a: Toxapex|Infestation|p2b: Talonflame
|-resisted|p2b: Talonflame|2
|-damage|p2b: Talonflame|1/100
|-activate|p2b: Talonflame|move: Infestation|[of] p1a: Toxapex
|
|-weather|Snowscape|[upkeep]
|-heal|p1a: Toxapex|14/100 brn|[from] item: Leftovers
|-damage|p2a: Froslass|25/100 tox|[from] psn
|-damage|p1a: Toxapex|8/100 brn|[from] brn
|-damage|p2b: Talonflame|0 fnt|[from] move: Infestation|[partiallytrapped]
|faint|p2b: Talonflame
|-damage|p2a: Froslass|12/100 tox|[from] move: Infestation|[partiallytrapped]
|-sideend|p2: caevz027|move: Tailwind
|upkeep
|turn|13
|
|t:|1784741082
|move|p1a: Toxapex|Baneful Bunker|p1a: Toxapex
|-singleturn|p1a: Toxapex|move: Protect
|move|p2a: Froslass|Shadow Ball|p1a: Toxapex
|-activate|p1a: Toxapex|move: Protect
|
|-weather|none
|-heal|p1a: Toxapex|14/100 brn|[from] item: Leftovers
|-damage|p2a: Froslass|0 fnt|[from] psn
|faint|p2a: Froslass
|
|win|mikelpoyarzabal
