|j|☆chefbenboyrd
|j|☆MidoMidori
|html|chefbenboyrdMidoMidori    
|uhtml|bestof|Game 1 of a best-of-3
|t:|1756398126
|gametype|doubles
|player|p1|chefbenboyrd|roughneck|1199
|player|p2|MidoMidori|roxanne-gen6|1204
|gen|9
|tier|[Gen 9] VGC 2025 Reg H (Bo3)
|rated|
|rule|Species Clause: Limit one of each Pokémon
|rule|Item Clause: Limit 1 of each item
|clearpoke
|poke|p1|Whimsicott, L50, M|
|poke|p1|Hydreigon, L50, M|
|poke|p1|Grimmsnarl, L50, M|
|poke|p1|Incineroar, L50, F|
|poke|p1|Gholdengo, L50|
|poke|p1|Annihilape, L50, M|
|poke|p2|Sneasler, L50, F|
|poke|p2|Indeedee, L50, M|
|poke|p2|Volcarona, L50, F|
|poke|p2|Ursaluna-Bloodmoon, L50, M|
|poke|p2|Annihilape, L50, M|
|poke|p2|Tyranitar, L50, M|
|teampreview|4
|showteam|p1|Whimsicott||FocusSash|Prankster|SunnyDay,Encore,Tailwind,Moonblast|||M|||50|,,,,,Ghost]Hydreigon||ChoiceSpecs|Levitate|HeatWave,DracoMeteor,Snarl,DarkPulse|||M|||50|,,,,,Fire]Grimmsnarl||LightClay|Prankster|SpiritBreak,Reflect,LightScreen,ThunderWave|||M|||50|,,,,,Steel]Incineroar||SafetyGoggles|Intimidate|KnockOff,FakeOut,PartingShot,FlareBlitz|||F|||50|,,,,,Ghost]Gholdengo||LifeOrb|GoodasGold|Protect,MakeItRain,ShadowBall,NastyPlot||||||50|,,,,,Water]Annihilape||SitrusBerry|Defiant|Protect,Taunt,RageFist,DrainPunch|||M|||50|,,,,,Fairy
|showteam|p2|Sneasler||PsychicSeed|Unburden|CloseCombat,DireClaw,ThroatChop,Protect|||F|||50|,,,,,Dark]Indeedee||ChoiceScarf|PsychicSurge|ExpandingForce,TeraBlast,Trick,Protect|||M|||50|,,,,,Psychic]Volcarona||SitrusBerry|FlameBody|Overheat,StruggleBug,RagePowder,Tailwind|||F|||50|,,,,,Grass]Ursaluna-Bloodmoon||LifeOrb|MindsEye|BloodMoon,HyperVoice,EarthPower,Protect|||M|||50|,,,,,Normal]Annihilape||SafetyGoggles|Defiant|CloseCombat,RageFist,Taunt,FinalGambit|||M|||50|,,,,,Fairy]Tyranitar||AssaultVest|SandStream|RockSlide,KnockOff,TeraBlast,LowKick|||M|||50|,,,,,Flying
|inactive|Battle timer is ON: inactive players will automatically lose when time's up. (requested by chefbenboyrd)
|l|☆chefbenboyrd
|inactive|chefbenboyrd disconnected and has a minute to reconnect!
|player|p1|
|j|☆chefbenboyrd
|inactive|chefbenboyrd reconnected.
|player|p1|chefbenboyrd|roughneck|
|inactive|MidoMidori has 60 seconds left.
|
|t:|1756398205
|teamsize|p1|4
|teamsize|p2|4
|start
|switch|p1a: Grimmsnarl|Grimmsnarl, L50, M|100/100
|switch|p1b: Annihilape|Annihilape, L50, M|100/100
|switch|p2a: Indeedee|Indeedee, L50, M|100/100
|switch|p2b: Sneasler|Sneasler, L50, F|100/100
|-fieldstart|move: Psychic Terrain|[from] ability: Psychic Surge|[of] p2a: Indeedee
|-enditem|p2b: Sneasler|Psychic Seed
|-boost|p2b: Sneasler|spd|1|[from] item: Psychic Seed
|turn|1
|inactive|chefbenboyrd has 30 seconds left.
|
|t:|1756398237
|switch|p1b: Incineroar|Incineroar, L50, F|100/100
|-ability|p1b: Incineroar|Intimidate|boost
|-unboost|p2a: Indeedee|atk|1
|-unboost|p2b: Sneasler|atk|1
|move|p1a: Grimmsnarl|Reflect|p1a: Grimmsnarl
|-sidestart|p1: chefbenboyrd|Reflect
|move|p2b: Sneasler|Dire Claw|p1a: Grimmsnarl
|-supereffective|p1a: Grimmsnarl
|-damage|p1a: Grimmsnarl|59/100
|move|p2a: Indeedee|Tera Blast|p1a: Grimmsnarl
|-damage|p1a: Grimmsnarl|25/100
|
|upkeep
|turn|2
|
|t:|1756398252
|switch|p2a: Volcarona|Volcarona, L50, F|100/100
|move|p1a: Grimmsnarl|Light Screen|p1a: Grimmsnarl
|-sidestart|p1: chefbenboyrd|move: Light Screen
|move|p2b: Sneasler|Dire Claw|p1a: Grimmsnarl
|-supereffective|p1a: Grimmsnarl
|-damage|p1a: Grimmsnarl|0 fnt
|faint|p1a: Grimmsnarl
|move|p1b: Incineroar|Knock Off|p2a: Volcarona
|-damage|p2a: Volcarona|52/100
|-enditem|p2a: Volcarona|Sitrus Berry|[from] move: Knock Off|[of] p1b: Incineroar
|
|upkeep
|
|t:|1756398262
|switch|p1a: Annihilape|Annihilape, L50, M|100/100
|turn|3
|
|t:|1756398275
|move|p2b: Sneasler|Close Combat|p1b: Incineroar
|-supereffective|p1b: Incineroar
|-damage|p1b: Incineroar|45/100
|-unboost|p2b: Sneasler|def|1
|-unboost|p2b: Sneasler|spd|1
|move|p2a: Volcarona|Tailwind|p2a: Volcarona
|-sidestart|p2: MidoMidori|move: Tailwind
|move|p1a: Annihilape|Drain Punch|p2b: Sneasler
|-resisted|p2b: Sneasler
|-damage|p2b: Sneasler|66/100
|move|p1b: Incineroar|Flare Blitz|p2a: Volcarona
|-damage|p2a: Volcarona|0 fnt
|faint|p2a: Volcarona
|-damage|p1b: Incineroar|30/100|[from] Recoil
|
|upkeep
|
|t:|1756398291
|switch|p2a: Ursaluna|Ursaluna-Bloodmoon, L50, M|100/100
|turn|4
|
|t:|1756398302
|switch|p1b: Gholdengo|Gholdengo, L50|100/100
|-terastallize|p2a: Ursaluna|Normal
|move|p1a: Annihilape|Protect|p1a: Annihilape
|-singleturn|p1a: Annihilape|Protect
|move|p2b: Sneasler|Dire Claw|p1a: Annihilape
|-activate|p1a: Annihilape|move: Protect
|move|p2a: Ursaluna|Hyper Voice|p1b: Gholdengo|[spread] p1b
|-activate|p1a: Annihilape|move: Protect
|-resisted|p1b: Gholdengo
|-damage|p1b: Gholdengo|76/100
|-damage|p2a: Ursaluna|91/100|[from] item: Life Orb
|
|upkeep
|turn|5
|
|t:|1756398326
|switch|p2b: Indeedee|Indeedee, L50, M|100/100
|switch|p1b: Incineroar|Incineroar, L50, F|30/100
|-ability|p1b: Incineroar|Intimidate|boost
|-unboost|p2a: Ursaluna|atk|1
|-unboost|p2b: Indeedee|atk|1
|move|p2a: Ursaluna|Earth Power|p1b: Incineroar
|-supereffective|p1b: Incineroar
|-damage|p1b: Incineroar|0 fnt
|faint|p1b: Incineroar
|-damage|p2a: Ursaluna|81/100|[from] item: Life Orb
|move|p1a: Annihilape|Drain Punch|p2a: Ursaluna
|-supereffective|p2a: Ursaluna
|-damage|p2a: Ursaluna|36/100
|
|-fieldend|move: Psychic Terrain
|upkeep
|
|t:|1756398335
|switch|p1b: Gholdengo|Gholdengo, L50|76/100
|turn|6
|inactive|chefbenboyrd has 30 seconds left.
|inactive|MidoMidori has 30 seconds left.
|inactive|MidoMidori has 20 seconds left.
|
|t:|1756398372
|move|p1b: Gholdengo|Protect|p1b: Gholdengo
|-singleturn|p1b: Gholdengo|Protect
|move|p2b: Indeedee|Expanding Force|p1a: Annihilape
|-supereffective|p1a: Annihilape
|-damage|p1a: Annihilape|54/100
|move|p2a: Ursaluna|Earth Power|p1b: Gholdengo
|-activate|p1b: Gholdengo|move: Protect
|move|p1a: Annihilape|Drain Punch|p2a: Ursaluna
|-supereffective|p2a: Ursaluna
|-damage|p2a: Ursaluna|0 fnt
|-heal|p1a: Annihilape|70/100|[from] drain|[of] p2a: Ursaluna
|faint|p2a: Ursaluna
|
|-sideend|p2: MidoMidori|move: Tailwind
|upkeep
|
|t:|1756398375
|switch|p2a: Sneasler|Sneasler, L50, F|66/100
|turn|7
|inactive|chefbenboyrd has 30 seconds left.
|
|t:|1756398409
|move|p1a: Annihilape|Protect|p1a: Annihilape
|-singleturn|p1a: Annihilape|Protect
|move|p2b: Indeedee|Expanding Force|p1b: Gholdengo
|-resisted|p1b: Gholdengo
|-damage|p1b: Gholdengo|62/100
|move|p2a: Sneasler|Throat Chop|p1b: Gholdengo
|-supereffective|p1b: Gholdengo
|-damage|p1b: Gholdengo|17/100
|-start|p1b: Gholdengo|Throat Chop|[silent]
|move|p1b: Gholdengo|Make It Rain|p2a: Sneasler|[spread] p2a,p2b
|-crit|p2a: Sneasler
|-damage|p2a: Sneasler|0 fnt
|-damage|p2b: Indeedee|28/100
|-unboost|p1b: Gholdengo|spa|1
|faint|p2a: Sneasler
|-damage|p1b: Gholdengo|7/100|[from] item: Life Orb
|
|upkeep
|turn|8
|
|t:|1756398427
|-terastallize|p1a: Annihilape|Fairy
|move|p1b: Gholdengo|Protect|p1b: Gholdengo
|-singleturn|p1b: Gholdengo|Protect
|move|p2b: Indeedee|Expanding Force|p1b: Gholdengo
|-activate|p1b: Gholdengo|move: Protect
|move|p1a: Annihilape|Drain Punch|p2b: Indeedee
|-damage|p2b: Indeedee|0 fnt
|-heal|p1a: Annihilape|79/100|[from] drain|[of] p2b: Indeedee
|faint|p2b: Indeedee
|
|win|chefbenboyrd
||MidoMidori is ready for game 2.
|inactive|chefbenboyrd has 30 seconds to confirm battle start!
|inactive|chefbenboyrd has 20 seconds to confirm battle start!
||chefbenboyrd is ready for game 2.
|uhtml|next|Next: Game 2 of 3
