|j|☆FX Demon1
|j|☆AnriVGC
|html|FX Demon1AnriVGC    
|uhtml|bestof|Game 2 of a best-of-3
|t:|1756233785
|gametype|doubles
|player|p1|FX Demon1|102|1040
|player|p2|AnriVGC|hilda-masters3|1114
|gen|9
|tier|[Gen 9] VGC 2025 Reg H (Bo3)
|rated|
|rule|Species Clause: Limit one of each Pokémon
|rule|Item Clause: Limit 1 of each item
|clearpoke
|poke|p1|Charizard, L50, F|
|poke|p1|Torkoal, L50, M|
|poke|p1|Porygon2, L50|
|poke|p1|Incineroar, L50, M|
|poke|p1|Jumpluff, L50, F|
|poke|p1|Ursaluna, L50, F|
|poke|p2|Gholdengo, L50|
|poke|p2|Sneasler, L50, M|
|poke|p2|Rillaboom, L50, M|
|poke|p2|Dragonite, L50, M|
|poke|p2|Ninetales-Alola, L50, M|
|poke|p2|Arcanine-Hisui, L50, M|
|teampreview|4
|showteam|p1|Charizard||ChoiceSpecs|SolarPower|HeatWave,Overheat,WeatherBall,AirSlash|||F|||50|,,,,,Ghost]Torkoal||EjectPack|Drought|Eruption,Overheat,HelpingHand,Protect|||M|||50|,,,,,Fire]Porygon2||Eviolite|Download|IceBeam,TeraBlast,TrickRoom,Recover||||||50|,,,,,Fighting]Incineroar||SitrusBerry|Intimidate|FlareBlitz,KnockOff,FakeOut,PartingShot|||M|||50|,,,,,Ghost]Jumpluff||CovertCloak|Chlorophyll|SleepPowder,SunnyDay,RagePowder,Tailwind|||F|||50|,,,,,Water]Ursaluna||FlameOrb|Guts|HeadlongRush,Facade,Earthquake,Protect|||F|||50|,,,,,Ghost
|showteam|p2|Gholdengo||GrassySeed|GoodasGold|NastyPlot,MakeItRain,ShadowBall,Protect||||||50|,,,,,Water]Sneasler||FocusSash|Unburden|CloseCombat,DireClaw,Coaching,FakeOut|||M|||50|,,,,,Ghost]Rillaboom||AssaultVest|GrassySurge|FakeOut,GrassyGlide,DrumBeating,HighHorsepower|||M|||50|,,,,,Fire]Dragonite||LoadedDice|Multiscale|ScaleShot,StompingTantrum,Haze,Protect|||M|||50|,,,,,Steel]Ninetales-Alola||CovertCloak|SnowWarning|IcyWind,Blizzard,Encore,AuroraVeil|||M|||50|,,,,,Water]Arcanine-Hisui||ClearAmulet|Intimidate|RockSlide,FlareBlitz,ExtremeSpeed,Protect|||M|||50|,,,,,Water
|inactive|Battle timer is ON: inactive players will automatically lose when time's up. (requested by AnriVGC)
|
|t:|1756233831
|teamsize|p1|4
|teamsize|p2|4
|start
|switch|p1a: Charizard|Charizard, L50, F|100/100
|switch|p1b: Jumpluff|Jumpluff, L50, F|100/100
|switch|p2a: Gholdengo|Gholdengo, L50|100/100
|switch|p2b: Sneasler|Sneasler, L50, M|100/100
|turn|1
|inactive|AnriVGC has 30 seconds left.
|inactive|AnriVGC has 20 seconds left.
|
|t:|1756233866
|switch|p1a: Incineroar|Incineroar, L50, M|100/100
|-ability|p1a: Incineroar|Intimidate|boost
|-unboost|p2a: Gholdengo|atk|1
|-unboost|p2b: Sneasler|atk|1
|move|p2b: Sneasler|Fake Out|p1a: Incineroar
|-damage|p1a: Incineroar|90/100
|move|p1b: Jumpluff|Sleep Powder|p2b: Sneasler
|-status|p2b: Sneasler|slp|[from] move: Sleep Powder
|move|p2a: Gholdengo|Shadow Ball|p1a: Incineroar
|-resisted|p1a: Incineroar
|-damage|p1a: Incineroar|67/100
|
|upkeep
|turn|2
|
|t:|1756233890
|switch|p2b: Rillaboom|Rillaboom, L50, M|100/100
|-fieldstart|move: Grassy Terrain|[from] ability: Grassy Surge|[of] p2b: Rillaboom
|-enditem|p2a: Gholdengo|Grassy Seed
|-boost|p2a: Gholdengo|def|1|[from] item: Grassy Seed
|-terastallize|p2a: Gholdengo|Water
|move|p1b: Jumpluff|Tailwind|p1b: Jumpluff
|-sidestart|p1: FX Demon1|move: Tailwind
|move|p1a: Incineroar|Flare Blitz|p2a: Gholdengo
|-resisted|p2a: Gholdengo
|-crit|p2a: Gholdengo
|-damage|p2a: Gholdengo|53/100
|-damage|p1a: Incineroar|54/100|[from] Recoil
|move|p2a: Gholdengo|Nasty Plot|p2a: Gholdengo
|-boost|p2a: Gholdengo|spa|2
|
|-heal|p1a: Incineroar|60/100|[from] Grassy Terrain
|-heal|p2a: Gholdengo|59/100|[from] Grassy Terrain
|upkeep
|turn|3
|inactive|AnriVGC has 30 seconds left.
|
|t:|1756233923
|switch|p1a: Charizard|Charizard, L50, F|100/100
|move|p1b: Jumpluff|Sleep Powder|p2a: Gholdengo
|-immune|p2a: Gholdengo|[from] ability: Good as Gold
|move|p2b: Rillaboom|High Horsepower|p1a: Charizard
|-immune|p1a: Charizard
|move|p2a: Gholdengo|Shadow Ball|p1b: Jumpluff
|-damage|p1b: Jumpluff|2/100
|
|-heal|p2a: Gholdengo|65/100|[from] Grassy Terrain
|upkeep
|turn|4
|inactive|AnriVGC has 30 seconds left.
|
|t:|1756233951
|move|p2b: Rillaboom|Grassy Glide|p1b: Jumpluff
|-resisted|p1b: Jumpluff
|-damage|p1b: Jumpluff|0 fnt
|faint|p1b: Jumpluff
|move|p1a: Charizard|Heat Wave|p2b: Rillaboom|[spread] p2a
|-miss|p1a: Charizard|p2b: Rillaboom
|-resisted|p2a: Gholdengo
|-damage|p2a: Gholdengo|36/100
|move|p2a: Gholdengo|Shadow Ball|p1a: Charizard
|-damage|p1a: Charizard|0 fnt
|faint|p1a: Charizard
|
|-heal|p2a: Gholdengo|42/100|[from] Grassy Terrain
|upkeep
|
|t:|1756233965
|switch|p1b: Incineroar|Incineroar, L50, M|60/100
|switch|p1a: Porygon2|Porygon2, L50|100/100
|-ability|p1b: Incineroar|Intimidate|boost
|-unboost|p2a: Gholdengo|atk|1
|-unboost|p2b: Rillaboom|atk|1
|-ability|p1a: Porygon2|Download|boost
|-boost|p1a: Porygon2|spa|1
|turn|5
|
|t:|1756233981
|switch|p2b: Ninetales|Ninetales-Alola, L50, M|100/100
|-weather|Snowscape|[from] ability: Snow Warning|[of] p2b: Ninetales
|move|p2a: Gholdengo|Protect|p2a: Gholdengo
|-singleturn|p2a: Gholdengo|Protect
|move|p1b: Incineroar|Flare Blitz|p2b: Ninetales
|-supereffective|p2b: Ninetales
|-damage|p2b: Ninetales|13/100
|-damage|p1b: Incineroar|35/100|[from] Recoil
|-enditem|p1b: Incineroar|Sitrus Berry|[eat]
|-heal|p1b: Incineroar|59/100|[from] item: Sitrus Berry
|move|p1a: Porygon2|Tera Blast|p2a: Gholdengo
|-activate|p2a: Gholdengo|move: Protect
|
|-weather|Snowscape|[upkeep]
|-heal|p1b: Incineroar|65/100|[from] Grassy Terrain
|-heal|p2b: Ninetales|19/100|[from] Grassy Terrain
|-heal|p2a: Gholdengo|48/100|[from] Grassy Terrain
|-sideend|p1: FX Demon1|move: Tailwind
|upkeep
|turn|6
|
|t:|1756234003
|move|p2b: Ninetales|Aurora Veil|p2b: Ninetales
|-sidestart|p2: AnriVGC|move: Aurora Veil
|move|p2a: Gholdengo|Make It Rain|p1b: Incineroar|[spread] p1a,p1b
|-resisted|p1b: Incineroar
|-damage|p1a: Porygon2|39/100
|-damage|p1b: Incineroar|17/100
|-unboost|p2a: Gholdengo|spa|1
|move|p1b: Incineroar|Knock Off|p2a: Gholdengo
|-damage|p2a: Gholdengo|33/100
|move|p1a: Porygon2|Tera Blast|p2a: Gholdengo
|-damage|p2a: Gholdengo|0 fnt
|faint|p2a: Gholdengo
|
|-weather|Snowscape|[upkeep]
|-heal|p2b: Ninetales|25/100|[from] Grassy Terrain
|-heal|p1b: Incineroar|23/100|[from] Grassy Terrain
|-heal|p1a: Porygon2|45/100|[from] Grassy Terrain
|-fieldend|move: Grassy Terrain
|upkeep
|
|t:|1756234015
|switch|p2a: Rillaboom|Rillaboom, L50, M|100/100
|-fieldstart|move: Grassy Terrain|[from] ability: Grassy Surge|[of] p2a: Rillaboom
|turn|7
|
|t:|1756234033
|-terastallize|p1b: Incineroar|Ghost
|move|p2a: Rillaboom|Fake Out|p1a: Porygon2
|-damage|p1a: Porygon2|37/100
|move|p2b: Ninetales|Blizzard|p1a: Porygon2|[spread] p1a,p1b
|-damage|p1a: Porygon2|21/100
|-damage|p1b: Incineroar|0 fnt
|faint|p1b: Incineroar
|cant|p1a: Porygon2|flinch
|
|-weather|Snowscape|[upkeep]
|-heal|p2b: Ninetales|31/100|[from] Grassy Terrain
|-heal|p1a: Porygon2|28/100|[from] Grassy Terrain
|upkeep
|turn|8
|
|t:|1756234044
|move|p2b: Ninetales|Blizzard|p1a: Porygon2
|-damage|p1a: Porygon2|4/100
|move|p2a: Rillaboom|Drum Beating|p1a: Porygon2
|-damage|p1a: Porygon2|0 fnt
|faint|p1a: Porygon2
|
|win|AnriVGC
