|j|☆aerodactylhater
|j|☆gerald hoppy
|html|aerodactylhatergerald hoppy    
|uhtml|bestof|Game 2 of a best-of-3
|t:|1784414230
|gametype|doubles
|player|p1|aerodactylhater|cowgirl|1267
|player|p2|gerald hoppy|169|1305
|gen|9
|tier|[Gen 9 Champions] VGC 2026 Reg M-B (Bo3)
|rated|
|rule|Species Clause: Limit one of each Pokémon
|rule|Item Clause: Limit 1 of each item
|clearpoke
|poke|p1|Vanilluxe, L50, F|
|poke|p1|Blaziken, L50, M|
|poke|p1|Whimsicott, L50, F|
|poke|p1|Farigiraf, L50, F|
|poke|p1|Basculegion, L50, M|
|poke|p1|Kingambit, L50, M|
|poke|p2|Palafin, L50, M|
|poke|p2|Incineroar, L50, M|
|poke|p2|Gengar, L50, M|
|poke|p2|Sinistcha, L50|
|poke|p2|Politoed, L50, M|
|poke|p2|Sneasler, L50, F|
|teampreview|4
|showteam|p1|Vanilluxe||ChoiceScarf|SnowWarning|FreezeDry,Blizzard,IcyWind,SheerCold|Timid||F|||50|]Blaziken||Blazikenite|SpeedBoost|CloseCombat,FlareBlitz,Protect,RockSlide|Adamant||M|||50|]Whimsicott||FocusSash|Prankster|Moonblast,Tailwind,Protect,Encore|Timid||F|||50|]Farigiraf||SitrusBerry|ArmorTail|Psychic,Thunderbolt,TrickRoom,Protect|Modest||F|||50|]Basculegion||LifeOrb|Adaptability|WaveCrash,AquaJet,LastRespects,Protect|Adamant||M|||50|]Kingambit||BlackGlasses|Defiant|KowtowCleave,SuckerPunch,IronHead,Protect|Adamant||M|||50|
|showteam|p2|Palafin||MysticWater|ZerotoHero|Protect,WaveCrash,JetPunch,IcePunch|Adamant||M|||50|]Incineroar||ShucaBerry|Intimidate|Protect,FakeOut,ThroatChop,PartingShot|Relaxed||M|||50|]Gengar||Gengarite|CursedBody|Protect,ShadowBall,Disable,PerishSong|Timid||M|||50|]Sinistcha||KasibBerry|Hospitality|Protect,MatchaGotcha,RagePowder,LifeDew|Bold|||||50|]Politoed||SitrusBerry|Drizzle|Protect,WeatherBall,Encore,PerishSong|Calm||M|||50|]Sneasler||FocusSash|PoisonTouch|Protect,FakeOut,DireClaw,CloseCombat|Jolly||F|||50|
|inactive|Battle timer is ON: inactive players will automatically lose when time's up. (requested by aerodactylhater)
|inactive|aerodactylhater has 60 seconds left.
|inactive|gerald hoppy has 60 seconds left.
|
|t:|1784414291
|teamsize|p1|4
|teamsize|p2|4
|start
|switch|p1a: Basculegion|Basculegion, L50, M|100/100
|switch|p1b: Farigiraf|Farigiraf, L50, F|100/100
|switch|p2a: Palafin|Palafin, L50, M|100/100
|switch|p2b: Gengar|Gengar, L50, M|100/100
|turn|1
|inactive|gerald hoppy has 30 seconds left.
|inactive|gerald hoppy has 20 seconds left.
|
|t:|1784414331
|detailschange|p2a: Palafin|Palafin-Hero, L50, M
|switch|p2a: Sinistcha|Sinistcha, L50|100/100
|detailschange|p2b: Gengar|Gengar-Mega, L50, M
|-mega|p2b: Gengar|Gengar|Gengarite
|move|p2b: Gengar|Protect|p2b: Gengar
|-singleturn|p2b: Gengar|Protect
|move|p1a: Basculegion|Protect|p1a: Basculegion
|-singleturn|p1a: Basculegion|Protect
|move|p1b: Farigiraf|Trick Room|p1b: Farigiraf
|-fieldstart|move: Trick Room|[of] p1b: Farigiraf
|
|upkeep
|turn|2
|
|t:|1784414350
|switch|p1a: Kingambit|Kingambit, L50, M|100/100
|switch|p2b: Palafin|Palafin-Hero, L50, M|100/100
|-activate|p2b: Palafin|ability: Zero to Hero
|move|p1b: Farigiraf|Psychic|p2b: Palafin
|-damage|p2b: Palafin|55/100
|move|p2a: Sinistcha|Matcha Gotcha|p1b: Farigiraf|[spread] p1a,p1b
|-resisted|p1a: Kingambit|1
|-damage|p1a: Kingambit|88/100
|-damage|p1b: Farigiraf|74/100
|
|upkeep
|turn|3
|inactive|aerodactylhater has 30 seconds left.
|
|t:|1784414385
|move|p2a: Sinistcha|Rage Powder|p2a: Sinistcha
|-singleturn|p2a: Sinistcha|move: Rage Powder
|move|p1a: Kingambit|Kowtow Cleave|p2a: Sinistcha
|-supereffective|p2a: Sinistcha|1
|-damage|p2a: Sinistcha|17/100
|move|p1b: Farigiraf|Thunderbolt|p2a: Sinistcha
|-resisted|p2a: Sinistcha|1
|-damage|p2a: Sinistcha|3/100
|move|p2b: Palafin|Wave Crash|p1a: Kingambit
|-damage|p1a: Kingambit|14/100
|-damage|p2b: Palafin|29/100|[from] Recoil
|
|upkeep
|turn|4
|inactive|gerald hoppy has 30 seconds left.
|
|t:|1784414419
|switch|p2b: Incineroar|Incineroar, L50, M|100/100
|-ability|p2b: Incineroar|Intimidate|boost
|-unboost|p1a: Kingambit|atk|1
|-ability|p1a: Kingambit|Defiant|boost
|-boost|p1a: Kingambit|atk|2
|-unboost|p1b: Farigiraf|atk|1
|move|p2a: Sinistcha|Protect|p2a: Sinistcha
|-singleturn|p2a: Sinistcha|Protect
|move|p1a: Kingambit|Kowtow Cleave|p2a: Sinistcha
|-activate|p2a: Sinistcha|move: Protect
|move|p1b: Farigiraf|Psychic|p2b: Incineroar
|-immune|p2b: Incineroar
|
|upkeep
|turn|5
|inactive|aerodactylhater has 30 seconds left.
|inactive|gerald hoppy has 30 seconds left.
|
|t:|1784414450
|switch|p1a: Blaziken|Blaziken, L50, M|100/100
|move|p2b: Incineroar|Throat Chop|p1a: Blaziken
|-resisted|p1a: Blaziken|1
|-damage|p1a: Blaziken|75/100
|-start|p1a: Blaziken|Throat Chop|[silent]
|move|p1b: Farigiraf|Psychic|p2a: Sinistcha
|-damage|p2a: Sinistcha|0 fnt
|faint|p2a: Sinistcha
|
|-fieldend|move: Trick Room
|upkeep
|
|t:|1784414455
|switch|p2a: Gengar|Gengar-Mega, L50, M|100/100
|turn|6
|inactive|aerodactylhater has 30 seconds left.
|
|t:|1784414484
|detailschange|p1a: Blaziken|Blaziken-Mega, L50, M
|-mega|p1a: Blaziken|Blaziken|Blazikenite
|move|p1a: Blaziken|Protect|p1a: Blaziken
|-singleturn|p1a: Blaziken|Protect
|move|p1b: Farigiraf|Protect|p1b: Farigiraf
|-singleturn|p1b: Farigiraf|Protect
|move|p2b: Incineroar|Protect|p2b: Incineroar
|-singleturn|p2b: Incineroar|Protect
|move|p2a: Gengar|Shadow Ball|p1a: Blaziken
|-activate|p1a: Blaziken|move: Protect
|
|-end|p1a: Blaziken|Throat Chop|[silent]
|-ability|p1a: Blaziken|Speed Boost|boost
|-boost|p1a: Blaziken|spe|1
|upkeep
|turn|7
|
|t:|1784414502
|move|p2a: Gengar|Protect|p2a: Gengar
|-singleturn|p2a: Gengar|Protect
|move|p1a: Blaziken|Flare Blitz|p2a: Gengar
|-activate|p2a: Gengar|move: Protect
|move|p1b: Farigiraf|Thunderbolt|p2b: Incineroar
|-damage|p2b: Incineroar|75/100
|move|p2b: Incineroar|Throat Chop|p1b: Farigiraf
|-supereffective|p1b: Farigiraf|1
|-damage|p1b: Farigiraf|20/100y
|-start|p1b: Farigiraf|Throat Chop|[silent]
|-enditem|p1b: Farigiraf|Sitrus Berry|[eat]
|-heal|p1b: Farigiraf|45/100|[from] item: Sitrus Berry
|
|-ability|p1a: Blaziken|Speed Boost|boost
|-boost|p1a: Blaziken|spe|1
|upkeep
|turn|8
|inactive|gerald hoppy has 30 seconds left.
|
|t:|1784414530
|move|p2a: Gengar|Protect||[still]
|-fail|p2a: Gengar
|move|p1b: Farigiraf|Protect|p1b: Farigiraf
|-singleturn|p1b: Farigiraf|Protect
|move|p1a: Blaziken|Flare Blitz|p2a: Gengar
|-damage|p2a: Gengar|20/100y
|-damage|p1a: Blaziken|47/100|[from] Recoil
|move|p2b: Incineroar|Throat Chop|p1b: Farigiraf
|-activate|p1b: Farigiraf|move: Protect
|
|-end|p1b: Farigiraf|Throat Chop|[silent]
|-ability|p1a: Blaziken|Speed Boost|boost
|-boost|p1a: Blaziken|spe|1
|upkeep
|turn|9
|
|t:|1784414552
|move|p2a: Gengar|Protect|p2a: Gengar
|-singleturn|p2a: Gengar|Protect
|move|p1a: Blaziken|Close Combat|p2b: Incineroar
|-supereffective|p2b: Incineroar|1
|-damage|p2b: Incineroar|0 fnt
|-unboost|p1a: Blaziken|def|1
|-unboost|p1a: Blaziken|spd|1
|faint|p2b: Incineroar
|move|p1b: Farigiraf|Psychic|p2a: Gengar
|-activate|p2a: Gengar|move: Protect
|
|-ability|p1a: Blaziken|Speed Boost|boost
|-boost|p1a: Blaziken|spe|1
|upkeep
|-message|gerald hoppy forfeited.
|
|win|aerodactylhater
|raw|aerodactylhater's rating: 1267 → 1295(+28 for winning)
|raw|gerald hoppy's rating: 1305 → 1283(-22 for losing)
|l|☆gerald hoppy
|player|p2|
