|j|☆R1xohbilbao
|j|☆M4rcos315
|html|R1xohbilbaoM4rcos315    
|uhtml|bestof|Game 3 of a best-of-3
|t:|1756996958
|gametype|doubles
|player|p1|R1xohbilbao|ltsurge|
|player|p2|M4rcos315|colress|
|gen|9
|tier|[Gen 9] VGC 2025 Reg H (Bo3)
|rule|Species Clause: Limit one of each Pokémon
|rule|Item Clause: Limit 1 of each item
|clearpoke
|poke|p1|Talonflame, L50, F|
|poke|p1|Garchomp, L50, M|
|poke|p1|Ninetales-Alola, L50, F|
|poke|p1|Sneasler, L50, F|
|poke|p1|Kingambit, L50, M|
|poke|p1|Electabuzz, L50, M|
|poke|p2|Rillaboom, L50, F|
|poke|p2|Dragonite, L50, F|
|poke|p2|Sneasler, L50, F|
|poke|p2|Kingambit, L50, M|
|poke|p2|Electabuzz, L50, F|
|poke|p2|Volcarona, L50, F|
|teampreview|4
|showteam|p1|Talonflame||CovertCloak|GaleWings|BraveBird,Tailwind,WillOWisp,Taunt|||F|||50|,,,,,Ghost]Garchomp||LifeOrb|RoughSkin|Earthquake,DragonClaw,StompingTantrum,Protect|||M|||50|,,,,,Steel]Ninetales-Alola||SafetyGoggles|SnowWarning|Blizzard,FreezeDry,Encore,Protect|||F|||50|,,,,,Fire]Sneasler||FocusSash|Unburden|FakeOut,CloseCombat,DireClaw,Protect|||F|||50|,,,,,Stellar]Kingambit||BlackGlasses|Defiant|SuckerPunch,KowtowCleave,Protect,SwordsDance|||M|||50|,,,,,Dark]Electabuzz||Eviolite|VitalSpirit|Protect,FollowMe,Electroweb,VoltSwitch|||M|||50|,,,,,Ghost
|showteam|p2|Rillaboom||AssaultVest|GrassySurge|FakeOut,HighHorsepower,WoodHammer,GrassyGlide|||F|||50|,,,,,Fire]Dragonite||LoadedDice|Multiscale|Haze,ScaleShot,Protect,Tailwind|||F|||50|,,,,,Fairy]Sneasler||FocusSash|PoisonTouch|DireClaw,CloseCombat,FakeOut,Coaching|||F|||50|,,,,,Stellar]Kingambit||BlackGlasses|Defiant|KowtowCleave,SuckerPunch,SwordsDance,Protect|||M|||50|,,,,,Dark]Electabuzz||Eviolite|VitalSpirit|Thunderbolt,Taunt,FollowMe,Protect|||F|||50|,,,,,Dragon]Volcarona||CovertCloak|FlameBody|HeatWave,TeraBlast,QuiverDance,Protect|||F|||50|,,,,,Fairy
|inactive|Battle timer is ON: inactive players will automatically lose when time's up. (requested by M4rcos315)
|
|t:|1756997046
|teamsize|p1|4
|teamsize|p2|4
|start
|switch|p1a: Sneasler|Sneasler, L50, F|100/100
|switch|p1b: Garchomp|Garchomp, L50, M|100/100
|switch|p2a: Elextasis|Electabuzz, L50, F|100/100
|switch|p2b: Brr PataPim|Rillaboom, L50, F|100/100
|-fieldstart|move: Grassy Terrain|[from] ability: Grassy Surge|[of] p2b: Brr PataPim
|turn|1
|inactive|R1xohbilbao has 30 seconds left.
|inactive|M4rcos315 has 30 seconds left.
|inactive|R1xohbilbao has 20 seconds left.
|
|t:|1756997085
|move|p1a: Sneasler|Fake Out|p2b: Brr PataPim
|-damage|p2b: Brr PataPim|87/100
|cant|p2b: Brr PataPim|flinch
|move|p2a: Elextasis|Follow Me|p2a: Elextasis
|-singleturn|p2a: Elextasis|move: Follow Me
|move|p1b: Garchomp|Stomping Tantrum|p2a: Elextasis
|-supereffective|p2a: Elextasis
|-crit|p2a: Elextasis
|-damage|p2a: Elextasis|0 fnt
|faint|p2a: Elextasis
|-damage|p1b: Garchomp|91/100|[from] item: Life Orb
|
|-heal|p1b: Garchomp|97/100|[from] Grassy Terrain
|-heal|p2b: Brr PataPim|93/100|[from] Grassy Terrain
|upkeep
|
|t:|1756997100
|switch|p2a: ElvaGin|Sneasler, L50, F|100/100
|turn|2
|inactive|M4rcos315 has 30 seconds left.
|
|t:|1756997128
|move|p2a: ElvaGin|Fake Out|p1b: Garchomp
|-damage|p1b: Garchomp|84/100
|-damage|p2a: ElvaGin|88/100|[from] ability: Rough Skin|[of] p1b: Garchomp
|-status|p1b: Garchomp|psn|[from] ability: Poison Touch|[of] p2a: ElvaGin
|move|p1a: Sneasler|Dire Claw|p2b: Brr PataPim
|-supereffective|p2b: Brr PataPim
|-damage|p2b: Brr PataPim|20/100
|cant|p1b: Garchomp|flinch
|move|p2b: Brr PataPim|High Horsepower|p1a: Sneasler
|-supereffective|p1a: Sneasler
|-enditem|p1a: Sneasler|Focus Sash
|-damage|p1a: Sneasler|1/100
|
|-heal|p1a: Sneasler|7/100|[from] Grassy Terrain
|-heal|p2a: ElvaGin|94/100|[from] Grassy Terrain
|-heal|p1b: Garchomp|89/100 psn|[from] Grassy Terrain
|-heal|p2b: Brr PataPim|26/100|[from] Grassy Terrain
|-damage|p1b: Garchomp|77/100 psn|[from] psn
|upkeep
|turn|3
|inactive|M4rcos315 has 30 seconds left.
|
|t:|1756997162
|move|p2b: Brr PataPim|Grassy Glide|p1a: Sneasler
|-resisted|p1a: Sneasler
|-damage|p1a: Sneasler|0 fnt
|faint|p1a: Sneasler
|move|p2a: ElvaGin|Dire Claw|p1b: Garchomp
|-resisted|p1b: Garchomp
|-damage|p1b: Garchomp|58/100 psn
|-damage|p2a: ElvaGin|82/100|[from] ability: Rough Skin|[of] p1b: Garchomp
|move|p1b: Garchomp|Stomping Tantrum|p2a: ElvaGin
|-supereffective|p2a: ElvaGin
|-damage|p2a: ElvaGin|0 fnt
|faint|p2a: ElvaGin
|-damage|p1b: Garchomp|49/100 psn|[from] item: Life Orb
|
|-heal|p1b: Garchomp|54/100 psn|[from] Grassy Terrain
|-heal|p2b: Brr PataPim|32/100|[from] Grassy Terrain
|-damage|p1b: Garchomp|42/100 psn|[from] psn
|upkeep
|
|t:|1756997177
|switch|p1a: Talonflame|Talonflame, L50, F|100/100
|switch|p2a: VolcaTula|Volcarona, L50, F|100/100
|turn|4
|inactive|M4rcos315 has 30 seconds left.
|
|t:|1756997206
|-terastallize|p2a: VolcaTula|Fairy
|move|p1b: Garchomp|Protect|p1b: Garchomp
|-singleturn|p1b: Garchomp|Protect
|move|p2a: VolcaTula|Protect|p2a: VolcaTula
|-singleturn|p2a: VolcaTula|Protect
|move|p1a: Talonflame|Taunt|p2a: VolcaTula
|-activate|p2a: VolcaTula|move: Protect
|move|p2b: Brr PataPim|Wood Hammer|p1a: Talonflame
|-resisted|p1a: Talonflame
|-damage|p1a: Talonflame|74/100
|-damage|p2b: Brr PataPim|24/100|[from] Recoil
|
|-heal|p1b: Garchomp|48/100 psn|[from] Grassy Terrain
|-heal|p2b: Brr PataPim|30/100|[from] Grassy Terrain
|-damage|p1b: Garchomp|36/100 psn|[from] psn
|upkeep
|turn|5
|inactive|R1xohbilbao has 30 seconds left.
|inactive|R1xohbilbao has 20 seconds left.
|
|t:|1756997244
|-terastallize|p1b: Garchomp|Steel
|move|p2b: Brr PataPim|Grassy Glide|p1a: Talonflame
|-resisted|p1a: Talonflame
|-damage|p1a: Talonflame|63/100
|move|p1a: Talonflame|Brave Bird|p2a: VolcaTula
|-damage|p2a: VolcaTula|55/100
|-damage|p1a: Talonflame|46/100|[from] Recoil
|move|p1b: Garchomp|Stomping Tantrum|p2a: VolcaTula
|-damage|p2a: VolcaTula|3/100
|-damage|p1b: Garchomp|26/100 psn|[from] item: Life Orb
|move|p2a: VolcaTula|Tera Blast|p1b: Garchomp|[anim] Tera Blast Fairy
|-resisted|p1b: Garchomp
|-damage|p1b: Garchomp|6/100 psn
|
|-heal|p1b: Garchomp|12/100 psn|[from] Grassy Terrain
|-heal|p2a: VolcaTula|8/100|[from] Grassy Terrain
|-heal|p2b: Brr PataPim|36/100|[from] Grassy Terrain
|-damage|p1b: Garchomp|0 fnt|[from] psn
|faint|p1b: Garchomp
|-fieldend|move: Grassy Terrain
|upkeep
|
|t:|1756997255
|switch|p1b: Ninetales|Ninetales-Alola, L50, F|100/100
|-weather|Snowscape|[from] ability: Snow Warning|[of] p1b: Ninetales
|turn|6
|
|t:|1756997280
|move|p1a: Talonflame|Brave Bird|p2b: Brr PataPim
|-supereffective|p2b: Brr PataPim
|-damage|p2b: Brr PataPim|0 fnt
|faint|p2b: Brr PataPim
|-damage|p1a: Talonflame|31/100|[from] Recoil
|move|p1b: Ninetales|Blizzard|p2a: VolcaTula
|-damage|p2a: VolcaTula|0 fnt
|faint|p2a: VolcaTula
|
|win|R1xohbilbao
|c|☆R1xohbilbao|ggs
|c|☆R1xohbilbao|buenas
|c|☆M4rcos315|gg
|l|☆M4rcos315
|player|p2|
