|j|☆Its andreas tbh
|j|☆Noir-Grey
|html|Its andreas tbhNoir-Grey    
|uhtml|bestof|Game 1 of a best-of-3
|t:|1785160755
|gametype|doubles
|player|p1|Its andreas tbh|2|
|player|p2|Noir-Grey|bellelba|
|gen|9
|tier|[Gen 9 Champions] VGC 2026 Reg M-B (Bo3)
|rule|Species Clause: Limit one of each Pokémon
|rule|Item Clause: Limit 1 of each item
|clearpoke
|poke|p1|Klefki, L50, M|
|poke|p1|Sinistcha, L50|
|poke|p1|Oranguru, L50, F|
|poke|p1|Aggron, L50, M|
|poke|p1|Politoed, L50, M|
|poke|p1|Abomasnow, L50, M|
|poke|p2|Gardevoir, L50, F, shiny|
|poke|p2|Hatterene, L50, F|
|poke|p2|Mawile, L50, F|
|poke|p2|Tsareena, L50, F|
|poke|p2|Leafeon, L50, F|
|poke|p2|Primarina, L50, F|
|teampreview|4
|showteam|p1|Klefki||LightClay|Prankster|LightScreen,Reflect,RainDance,DazzlingGleam|Calm||M|||50|]Sinistcha||SitrusBerry|Hospitality|MatchaGotcha,LifeDew,RagePowder,TrickRoom|Sassy|||||50|]Oranguru||MentalHerb|InnerFocus|TrickRoom,Instruct,Protect,Taunt|Calm||F|||50|]Aggron||Aggronite|Sturdy|IronDefense,BodyPress,HeavySlam,Protect|Adamant||M|||50|]Politoed||Leftovers|Drizzle|MuddyWater,WeatherBall,Amnesia,Protect|Quiet||M|||50|]Abomasnow||Abomasite|SnowWarning|Blizzard,GigaDrain,EarthPower,Protect|Quiet||M|||50|
|showteam|p2|Gardevoir||Gardevoirite|Trace|Psychic,Thunderbolt,Protect,TrickRoom|Quiet||F|||50|]Hatterene||LifeOrb|MagicBounce|DazzlingGleam,ExpandingForce,TrickRoom,Protect|Quiet||F|||50|]Mawile||Leftovers|HyperCutter|PlayRough,IronHead,SuckerPunch,Protect|Adamant||F|||50|]Tsareena||SitrusBerry|QueenlyMajesty|PowerWhip,Uturn,TripleAxel,Taunt|Adamant||F|||50|]Leafeon||KingsRock|LeafGuard|LeafBlade,KnockOff,DoubleEdge,Synthesis|Serious||F|||50|]Primarina||FairyFeather|LiquidVoice|HyperVoice,Moonblast,Haze,Protect|Modest||F|||50|
|
|t:|1785160808
|teamsize|p1|4
|teamsize|p2|4
|start
|switch|p1a: Abomasnow|Abomasnow, L50, M|100/100
|switch|p1b: Oranguru|Oranguru, L50, F|100/100
|switch|p2a: Hatterene|Hatterene, L50, F|100/100
|switch|p2b: Mawile|Mawile, L50, F|100/100
|-weather|Snowscape|[from] ability: Snow Warning|[of] p1a: Abomasnow
|turn|1
|inactive|Battle timer is ON: inactive players will automatically lose when time's up. (requested by Its andreas tbh)
|
|t:|1785160833
|detailschange|p1a: Abomasnow|Abomasnow-Mega, L50, M
|-mega|p1a: Abomasnow|Abomasnow|Abomasite
|move|p1b: Oranguru|Protect|p1b: Oranguru
|-singleturn|p1b: Oranguru|Protect
|move|p1a: Abomasnow|Protect|p1a: Abomasnow
|-singleturn|p1a: Abomasnow|Protect
|move|p2b: Mawile|Sucker Punch||[still]
|-fail|p2b: Mawile
|move|p2a: Hatterene|Trick Room|p2a: Hatterene
|-fieldstart|move: Trick Room|[of] p2a: Hatterene
|
|-weather|Snowscape|[upkeep]
|upkeep
|turn|2
|
|t:|1785160856
|move|p2a: Hatterene|Dazzling Gleam|p1b: Oranguru|[spread] p1a,p1b
|-damage|p1a: Abomasnow|62/100
|-damage|p1b: Oranguru|68/100
|-damage|p2a: Hatterene|90/100|[from] item: Life Orb
|move|p1a: Abomasnow|Blizzard|p2b: Mawile|[spread] p2a,p2b
|-resisted|p2b: Mawile|1
|-damage|p2a: Hatterene|40/100
|-damage|p2b: Mawile|43/100
|move|p2b: Mawile|Iron Head|p1a: Abomasnow
|-supereffective|p1a: Abomasnow|1
|-damage|p1a: Abomasnow|21/100
|move|p1b: Oranguru|Instruct|p1a: Abomasnow
|-singleturn|p1a: Abomasnow|move: Instruct|[of] p1b: Oranguru
|cant|p1a: Abomasnow|flinch
|
|-weather|Snowscape|[upkeep]
|-heal|p2b: Mawile|50/100y|[from] item: Leftovers
|upkeep
|turn|3
|
|t:|1785160881
|switch|p1b: Sinistcha|Sinistcha, L50|100/100
|-heal|p1a: Abomasnow|46/100|[from] ability: Hospitality|[of] p1b: Sinistcha
|move|p2b: Mawile|Sucker Punch||[still]
|-fail|p2b: Mawile
|move|p2a: Hatterene|Dazzling Gleam|p1b: Sinistcha|[spread] p1a,p1b
|-damage|p1a: Abomasnow|11/100
|-damage|p1b: Sinistcha|60/100
|-damage|p2a: Hatterene|31/100|[from] item: Life Orb
|move|p1a: Abomasnow|Blizzard|p2b: Mawile|[spread] p2a,p2b
|-resisted|p2b: Mawile|1
|-damage|p2a: Hatterene|0 fnt
|-damage|p2b: Mawile|0 fnt
|faint|p2a: Hatterene
|faint|p2b: Mawile
|
|-weather|Snowscape|[upkeep]
|upkeep
|
|t:|1785160898
|switch|p2a: Tsareena|Tsareena, L50, F|100/100
|switch|p2b: Gardevoir|Gardevoir, L50, F, shiny|100/100
|-ability|p2b: Gardevoir|Snow Warning|Trace|[from] ability: Trace|[of] p1a: Abomasnow
|turn|4
|
|t:|1785160918
|move|p1b: Sinistcha|Rage Powder|p1b: Sinistcha
|-singleturn|p1b: Sinistcha|move: Rage Powder
|move|p1a: Abomasnow|Blizzard|p2a: Tsareena|[spread] p2a,p2b
|-supereffective|p2a: Tsareena|1
|-damage|p2a: Tsareena|0 fnt
|-damage|p2b: Gardevoir|53/100
|faint|p2a: Tsareena
|move|p2b: Gardevoir|Psychic|p1b: Sinistcha
|-damage|p1b: Sinistcha|18/100
|-unboost|p1b: Sinistcha|spd|1
|-enditem|p1b: Sinistcha|Sitrus Berry|[eat]
|-heal|p1b: Sinistcha|43/100|[from] item: Sitrus Berry
|
|-weather|Snowscape|[upkeep]
|upkeep
|turn|5
|
|t:|1785160931
|detailschange|p2b: Gardevoir|Gardevoir-Mega, L50, F, shiny
|-mega|p2b: Gardevoir|Gardevoir|Gardevoirite
|move|p1b: Sinistcha|Rage Powder|p1b: Sinistcha
|-singleturn|p1b: Sinistcha|move: Rage Powder
|move|p1a: Abomasnow|Blizzard|p2b: Gardevoir
|-damage|p2b: Gardevoir|0 fnt
|faint|p2b: Gardevoir
|
|win|Its andreas tbh
||Noir-Grey is ready for game 2.
|inactive|Its andreas tbh has 30 seconds to confirm battle start!
||Its andreas tbh is ready for game 2.
|uhtml|next|Next: Game 2 of 3
