|j|☆Vanidicuss
|j|☆Alfaceb
|html|VanidicussAlfaceb    
|uhtml|bestof|Game 2 of a best-of-3
|t:|1782653538
|gametype|doubles
|player|p1|Vanidicuss|drayden|1100
|player|p2|Alfaceb|pokefan|1169
|gen|9
|tier|[Gen 9 Champions] VGC 2026 Reg M-B (Bo3)
|rated|
|rule|Species Clause: Limit one of each Pokémon
|rule|Item Clause: Limit 1 of each item
|clearpoke
|poke|p1|Garchomp, L50, F|
|poke|p1|Victreebel, L50, F|
|poke|p1|Incineroar, L50, M|
|poke|p1|Aggron, L50, F|
|poke|p1|Grimmsnarl, L50, M|
|poke|p1|Sylveon, L50, F|
|poke|p2|Charizard, L50, F|
|poke|p2|Aerodactyl, L50, F, shiny|
|poke|p2|Venusaur, L50, M|
|poke|p2|Clefable, L50, M|
|poke|p2|Blastoise, L50, M|
|poke|p2|Kangaskhan, L50, F|
|teampreview|4
|showteam|p1|Garchomp||SitrusBerry|SandVeil|Earthquake,DragonClaw,RockSlide,Protect|Jolly||F|||50|]Victreebel||Victreebelite|Chlorophyll|StrengthSap,SludgeBomb,EnergyBall,Protect|Rash||F|||50|]Incineroar||Charcoal|Intimidate|FakeOut,PartingShot,Protect,FlareBlitz|Careful||M|||50|]Aggron||Aggronite|Sturdy|BodyPress,IronDefense,Protect,HeavySlam|Impish||F|||50|]Grimmsnarl||MentalHerb|Prankster|LightScreen,Reflect,Protect,FakeOut|Careful||M|||50|]Sylveon||ChoiceScarf|Pixilate|HyperBeam,HyperVoice,Protect,MysticalFire|Modest||F|||50|
|showteam|p2|Charizard||CharizarditeY|SolarPower|HeatWave,WeatherBall,Protect,SolarBeam|Modest||F|||50|]Aerodactyl||FocusSash|Unnerve|DualWingbeat,RockSlide,Protect,Tailwind|Jolly||F|||50|]Venusaur||LifeOrb|Chlorophyll|SleepPowder,SludgeBomb,EnergyBall,Protect|Modest||M|||50|]Clefable||FairyFeather|Unaware|FollowMe,Moonblast,LifeDew,HelpingHand|Modest||M|||50|]Blastoise||Blastoisinite|Torrent|ShellSmash,WaterSpout,AuraSphere,Protect|Modest||M|||50|]Kangaskhan||SilkScarf|Scrappy|FakeOut,LastResort|Adamant||F|||50|
|
|t:|1782653564
|teamsize|p1|4
|teamsize|p2|4
|start
|switch|p1a: Sylveon|Sylveon, L50, F|100/100
|switch|p1b: Incineroar|Incineroar, L50, M|100/100
|switch|p2a: Charizard|Charizard, L50, F|100/100
|switch|p2b: Venusaur|Venusaur, L50, M|100/100
|-ability|p1b: Incineroar|Intimidate|boost
|-unboost|p2a: Charizard|atk|1
|-unboost|p2b: Venusaur|atk|1
|turn|1
|
|t:|1782653590
|detailschange|p2a: Charizard|Charizard-Mega-Y, L50, F
|-mega|p2a: Charizard|Charizard|Charizardite Y
|-weather|SunnyDay|[from] ability: Drought|[of] p2a: Charizard
|move|p2b: Venusaur|Protect|p2b: Venusaur
|-singleturn|p2b: Venusaur|Protect
|move|p2a: Charizard|Protect|p2a: Charizard
|-singleturn|p2a: Charizard|Protect
|move|p1b: Incineroar|Fake Out|p2a: Charizard
|-activate|p2a: Charizard|move: Protect
|move|p1a: Sylveon|Mystical Fire|p2b: Venusaur
|-activate|p2b: Venusaur|move: Protect
|
|-weather|SunnyDay|[upkeep]
|upkeep
|turn|2
|
|t:|1782653620
|move|p2b: Venusaur|Sleep Powder|p1b: Incineroar
|-status|p1b: Incineroar|slp|[from] move: Sleep Powder
|move|p1a: Sylveon|Mystical Fire|p2b: Venusaur
|-supereffective|p2b: Venusaur|1
|-damage|p2b: Venusaur|11/100
|-unboost|p2b: Venusaur|spa|1
|move|p2a: Charizard|Heat Wave|p1b: Incineroar|[spread] p1a,p1b
|-resisted|p1b: Incineroar|1
|-damage|p1a: Sylveon|41/100
|-damage|p1b: Incineroar|79/100 slp
|cant|p1b: Incineroar|slp
|
|-weather|SunnyDay|[upkeep]
|upkeep
|turn|3
|
|t:|1782653637
|move|p2b: Venusaur|Sludge Bomb|p1a: Sylveon
|-supereffective|p1a: Sylveon|1
|-damage|p1a: Sylveon|0 fnt
|faint|p1a: Sylveon
|-damage|p2b: Venusaur|1/100|[from] item: Life Orb
|move|p2a: Charizard|Weather Ball|p1b: Incineroar
|-resisted|p1b: Incineroar|1
|-damage|p1b: Incineroar|49/100 slp
|cant|p1b: Incineroar|slp
|
|-weather|SunnyDay|[upkeep]
|upkeep
|
|t:|1782653647
|switch|p1a: Victreebel|Victreebel, L50, F|100/100
|turn|4
|
|t:|1782653679
|detailschange|p1a: Victreebel|Victreebel-Mega, L50, F
|-mega|p1a: Victreebel|Victreebel|Victreebelite
|move|p2b: Venusaur|Protect|p2b: Venusaur
|-singleturn|p2b: Venusaur|Protect
|-curestatus|p1b: Incineroar|slp|[msg]
|move|p1b: Incineroar|Protect|p1b: Incineroar
|-singleturn|p1b: Incineroar|Protect
|move|p2a: Charizard|Weather Ball|p1b: Incineroar
|-activate|p1b: Incineroar|move: Protect
|move|p1a: Victreebel|Sludge Bomb|p2b: Venusaur
|-activate|p2b: Venusaur|move: Protect
|
|-weather|SunnyDay|[upkeep]
|upkeep
|turn|5
|
|t:|1782653707
|switch|p2b: Kangaskhan|Kangaskhan, L50, F|100/100
|switch|p1b: Garchomp|Garchomp, L50, F|100/100
|move|p2a: Charizard|Weather Ball|p1b: Garchomp
|-resisted|p1b: Garchomp|1
|-damage|p1b: Garchomp|49/100
|-enditem|p1b: Garchomp|Sitrus Berry|[eat]
|-heal|p1b: Garchomp|74/100|[from] item: Sitrus Berry
|move|p1a: Victreebel|Sludge Bomb|p2b: Kangaskhan
|-damage|p2b: Kangaskhan|40/100
|
|-weather|none
|upkeep
|turn|6
|
|t:|1782653728
|switch|p2a: Clefable|Clefable, L50, M|100/100
|move|p2b: Kangaskhan|Fake Out|p1a: Victreebel
|-damage|p1a: Victreebel|75/100
|move|p1b: Garchomp|Rock Slide|p2a: Clefable|[spread] p2a,p2b
|-damage|p2a: Clefable|78/100
|-damage|p2b: Kangaskhan|17/100
|cant|p1a: Victreebel|flinch
|
|upkeep
|turn|7
|
|t:|1782653750
|move|p1a: Victreebel|Protect|p1a: Victreebel
|-singleturn|p1a: Victreebel|Protect
|move|p1b: Garchomp|Earthquake|p2b: Kangaskhan|[spread] p2a,p2b
|-activate|p1a: Victreebel|move: Protect
|-damage|p2a: Clefable|34/100
|-damage|p2b: Kangaskhan|0 fnt
|faint|p2b: Kangaskhan
|move|p2a: Clefable|Moonblast|p1b: Garchomp
|-supereffective|p1b: Garchomp|1
|-damage|p1b: Garchomp|0 fnt
|faint|p1b: Garchomp
|
|upkeep
|
|t:|1782653765
|switch|p1b: Incineroar|Incineroar, L50, M|49/100
|switch|p2b: Venusaur|Venusaur, L50, M|1/100
|-ability|p1b: Incineroar|Intimidate|boost
|-unboost|p2a: Clefable|atk|1
|-unboost|p2b: Venusaur|atk|1
|turn|8
|
|t:|1782653775
|move|p2b: Venusaur|Protect|p2b: Venusaur
|-singleturn|p2b: Venusaur|Protect
|move|p1b: Incineroar|Fake Out|p2b: Venusaur
|-activate|p2b: Venusaur|move: Protect
|move|p1a: Victreebel|Sludge Bomb|p2a: Clefable
|-supereffective|p2a: Clefable|1
|-damage|p2a: Clefable|0 fnt
|faint|p2a: Clefable
|
|upkeep
|
|t:|1782653785
|switch|p2a: Charizard|Charizard-Mega-Y, L50, F|100/100
|-weather|SunnyDay|[from] ability: Drought|[of] p2a: Charizard
|turn|9
|
|t:|1782653804
|move|p1b: Incineroar|Protect|p1b: Incineroar
|-singleturn|p1b: Incineroar|Protect
|move|p2b: Venusaur|Sludge Bomb|p1b: Incineroar
|-activate|p1b: Incineroar|move: Protect
|move|p2a: Charizard|Heat Wave|p1b: Incineroar|[spread] 
|-activate|p1b: Incineroar|move: Protect
|-miss|p2a: Charizard|p1a: Victreebel
|move|p1a: Victreebel|Sludge Bomb|p2b: Venusaur
|-damage|p2b: Venusaur|0 fnt
|faint|p2b: Venusaur
|
|-weather|SunnyDay|[upkeep]
|upkeep
|turn|10
|
|t:|1782653837
|move|p1b: Incineroar|Protect||[still]
|-fail|p1b: Incineroar
|move|p2a: Charizard|Weather Ball|p1b: Incineroar
|-resisted|p1b: Incineroar|1
|-damage|p1b: Incineroar|20/100y
|move|p1a: Victreebel|Sludge Bomb|p2a: Charizard
|-damage|p2a: Charizard|54/100
|
|-weather|SunnyDay|[upkeep]
|upkeep
|turn|11
|
|t:|1782653850
|move|p1b: Incineroar|Protect|p1b: Incineroar
|-singleturn|p1b: Incineroar|Protect
|move|p2a: Charizard|Heat Wave|p1b: Incineroar|[spread] p1a
|-activate|p1b: Incineroar|move: Protect
|-supereffective|p1a: Victreebel|1
|-damage|p1a: Victreebel|0 fnt
|-damage|p2a: Charizard|0 fnt|[from] ability: Innards Out|[of] p1a: Victreebel
|faint|p1a: Victreebel
|faint|p2a: Charizard
|
|win|Vanidicuss
|raw|Vanidicuss's rating: 1100 → 1130(+30 for winning)
|raw|Alfaceb's rating: 1169 → 1139(-30 for losing)
