|j|☆helpimbadatthislol
|j|☆protectthyking34
|html|helpimbadatthislolprotectthyking34    
|uhtml|bestof|Game 3 of a best-of-3
|t:|1785280275
|gametype|doubles
|player|p1|helpimbadatthislol|rosa|1151
|player|p2|protectthyking34|rocketgrunt|1218
|gen|9
|tier|[Gen 9 Champions] VGC 2026 Reg M-B (Bo3)
|rated|
|rule|Species Clause: Limit one of each Pokémon
|rule|Item Clause: Limit 1 of each item
|clearpoke
|poke|p1|Ampharos, L50, F|
|poke|p1|Scizor, L50, F|
|poke|p1|Rotom-Wash, L50|
|poke|p1|Heliolisk, L50, M|
|poke|p1|Stunfisk, L50, F|
|poke|p1|Dragonite, L50, F|
|poke|p2|Delphox, L50, M|
|poke|p2|Incineroar, L50, M|
|poke|p2|Sneasler, L50, M|
|poke|p2|Sinistcha, L50|
|poke|p2|Kingambit, L50, F|
|poke|p2|Blastoise, L50, M|
|teampreview|4
|showteam|p1|Ampharos||Ampharosite|Static|ParabolicCharge,Protect,Thunderbolt,DragonPulse|Quiet||F|||50|]Scizor||LifeOrb|Technician|BulletPunch,Uturn,CloseCombat,Protect|Adamant||F|||50|]Rotom-Wash||SitrusBerry|Levitate|HydroPump,Discharge,WillOWisp,VoltSwitch|Modest|||||50|]Heliolisk||ChoiceScarf|SolarPower|HyperVoice,WeatherBall,Discharge,DarkPulse|Modest||M|||50|]Stunfisk||FocusSash|Static|RainDance,EarthPower,Discharge,ThunderWave|Quiet||F|||50|]Dragonite||ChestoBerry|InnerFocus|DragonClaw,ExtremeSpeed,Rest,DragonCheer|Adamant||F|||50|
|showteam|p2|Delphox||Delphoxite|Blaze|NastyPlot,Protect,Psyshock,HeatWave|Timid||M|||50|]Incineroar||SitrusBerry|Intimidate|FakeOut,PartingShot,FlareBlitz,DarkestLariat|Impish||M|||50|]Sneasler||FocusSash|PoisonTouch|GunkShot,FakeOut,CloseCombat,QuickGuard|Jolly||M|||50|]Sinistcha||OccaBerry|Hospitality|MatchaGotcha,RagePowder,TrickRoom,Protect|Calm|||||50|]Kingambit||BlackGlasses|Defiant|SuckerPunch,KowtowCleave,LowKick,Protect|Adamant||F|||50|]Blastoise||Blastoisinite|RainDish|ShellSmash,WaterSpout,DarkPulse,Protect|Timid||M|||50|
|inactive|Battle timer is ON: inactive players will automatically lose when time's up. (requested by protectthyking34)
|
|t:|1785280301
|teamsize|p1|4
|teamsize|p2|4
|start
|switch|p1a: Scizor|Scizor, L50, F|100/100
|switch|p1b: Dragonite|Dragonite, L50, F|100/100
|switch|p2a: Incineroar|Incineroar, L50, M|100/100
|switch|p2b: Kingambit|Kingambit, L50, F|100/100
|-ability|p2a: Incineroar|Intimidate|boost
|-unboost|p1a: Scizor|atk|1
|-fail|p1b: Dragonite|unboost|Attack|[from] ability: Inner Focus|[of] p1b: Dragonite
|turn|1
|
|t:|1785280316
|move|p1a: Scizor|Protect|p1a: Scizor
|-singleturn|p1a: Scizor|Protect
|move|p2a: Incineroar|Fake Out|p1a: Scizor
|-activate|p1a: Scizor|move: Protect
|move|p1b: Dragonite|Dragon Claw|p2a: Incineroar
|-crit|p2a: Incineroar
|-damage|p2a: Incineroar|43/100
|-enditem|p2a: Incineroar|Sitrus Berry|[eat]
|-heal|p2a: Incineroar|67/100|[from] item: Sitrus Berry
|move|p2b: Kingambit|Kowtow Cleave|p1b: Dragonite
|-damage|p1b: Dragonite|41/100
|
|upkeep
|turn|2
|inactive|helpimbadatthislol has 30 seconds left.
|
|t:|1785280344
|switch|p2a: Sneasler|Sneasler, L50, M|100/100
|move|p2b: Kingambit|Protect|p2b: Kingambit
|-singleturn|p2b: Kingambit|Protect
|move|p1b: Dragonite|Rest|p1b: Dragonite
|-status|p1b: Dragonite|slp|[from] move: Rest
|-heal|p1b: Dragonite|100/100 slp|[silent]
|-enditem|p1b: Dragonite|Chesto Berry|[eat]
|-curestatus|p1b: Dragonite|slp|[msg]
|move|p1a: Scizor|Close Combat|p2a: Sneasler
|-resisted|p2a: Sneasler|1
|-damage|p2a: Sneasler|64/100
|-unboost|p1a: Scizor|def|1
|-unboost|p1a: Scizor|spd|1
|-damage|p1a: Scizor|90/100|[from] item: Life Orb
|
|upkeep
|turn|3
|
|t:|1785280364
|move|p1a: Scizor|Protect|p1a: Scizor
|-singleturn|p1a: Scizor|Protect
|move|p2a: Sneasler|Gunk Shot|p1b: Dragonite
|-damage|p1b: Dragonite|38/100
|move|p1b: Dragonite|Dragon Claw|p2a: Sneasler
|-damage|p2a: Sneasler|0 fnt
|faint|p2a: Sneasler
|move|p2b: Kingambit|Kowtow Cleave|p1b: Dragonite
|-damage|p1b: Dragonite|0 fnt
|faint|p1b: Dragonite
|
|upkeep
|
|t:|1785280378
|switch|p2a: Delphox|Delphox, L50, M|100/100
|switch|p1b: Ampharos|Ampharos, L50, F|100/100
|turn|4
|inactive|helpimbadatthislol has 30 seconds left.
|inactive|helpimbadatthislol has 20 seconds left.
|inactive|protectthyking34 has 30 seconds left.
|inactive|helpimbadatthislol has 15 seconds left.
|inactive|helpimbadatthislol has 10 seconds left.
|
|t:|1785280427
|detailschange|p2a: Delphox|Delphox-Mega, L50, M
|-mega|p2a: Delphox|Delphox|Delphoxite
|detailschange|p1b: Ampharos|Ampharos-Mega, L50, F
|-mega|p1b: Ampharos|Ampharos|Ampharosite
|-ability|p1b: Ampharos|Mold Breaker
|move|p2a: Delphox|Protect|p2a: Delphox
|-singleturn|p2a: Delphox|Protect
|move|p1a: Scizor|Close Combat|p2b: Kingambit
|-supereffective|p2b: Kingambit|2
|-damage|p2b: Kingambit|0 fnt
|-unboost|p1a: Scizor|def|1
|-unboost|p1a: Scizor|spd|1
|faint|p2b: Kingambit
|-damage|p1a: Scizor|80/100|[from] item: Life Orb
|move|p1b: Ampharos|Parabolic Charge|p2a: Delphox|[spread] p1a
|-activate|p2a: Delphox|move: Protect
|-damage|p1a: Scizor|1/100
|
|upkeep
|
|t:|1785280438
|switch|p2b: Incineroar|Incineroar, L50, M|67/100
|-ability|p2b: Incineroar|Intimidate|boost
|-unboost|p1a: Scizor|atk|1
|-unboost|p1b: Ampharos|atk|1
|turn|5
|
|t:|1785280453
|move|p2b: Incineroar|Fake Out|p1b: Ampharos
|-damage|p1b: Ampharos|89/100
|move|p2a: Delphox|Nasty Plot|p2a: Delphox
|-boost|p2a: Delphox|spa|2
|move|p1a: Scizor|U-turn|p2a: Delphox
|-damage|p2a: Delphox|61/100
|-damage|p1a: Scizor|0 fnt|[from] item: Life Orb
|faint|p1a: Scizor
|cant|p1b: Ampharos|flinch
|
|upkeep
|
|t:|1785280455
|switch|p1a: Heliolisk|Heliolisk, L50, M|100/100
|turn|6
|inactive|helpimbadatthislol has 30 seconds left.
|
|t:|1785280486
|move|p2a: Delphox|Protect|p2a: Delphox
|-singleturn|p2a: Delphox|Protect
|move|p1a: Heliolisk|Hyper Voice|p2a: Delphox|[spread] p2b
|-activate|p2a: Delphox|move: Protect
|-damage|p2b: Incineroar|39/100
|move|p2b: Incineroar|Parting Shot|p1b: Ampharos
|-unboost|p1b: Ampharos|atk|1
|-unboost|p1b: Ampharos|spa|1
|move|p1b: Ampharos|Parabolic Charge|p2a: Delphox|[spread] p1a,p2b
|-activate|p2a: Delphox|move: Protect
|-resisted|p1a: Heliolisk|1
|-crit|p1a: Heliolisk
|-damage|p1a: Heliolisk|65/100
|-heal|p1b: Ampharos|100/100|[from] drain|[of] p1a: Heliolisk
|-damage|p2b: Incineroar|18/100
|
|upkeep
|turn|7
|
|t:|1785280502
|move|p1a: Heliolisk|Hyper Voice|p2b: Incineroar|[spread] p2a,p2b
|-damage|p2a: Delphox|29/100
|-damage|p2b: Incineroar|0 fnt
|faint|p2b: Incineroar
|move|p2a: Delphox|Heat Wave|p1a: Heliolisk|[spread] p1a,p1b
|-resisted|p1b: Ampharos|1
|-damage|p1a: Heliolisk|0 fnt
|-damage|p1b: Ampharos|64/100
|-status|p1b: Ampharos|brn
|faint|p1a: Heliolisk
|move|p1b: Ampharos|Thunderbolt|p2a: Delphox
|-damage|p2a: Delphox|0 fnt
|faint|p2a: Delphox
|
|win|helpimbadatthislol
|raw|helpimbadatthislol's rating: 1151 → 1181(+30 for winning)
|raw|protectthyking34's rating: 1218 → 1188(-30 for losing)
