|j|☆Guludegou9394
|j|☆12yueh25
|html|Guludegou939412yueh25    
|uhtml|bestof|Game 2 of a best-of-3
|t:|1785161319
|gametype|doubles
|player|p1|Guludegou9394|266|
|player|p2|12yueh25|101|
|gen|9
|tier|[Gen 9 Champions] VGC 2026 Reg M-B (Bo3)
|rule|Species Clause: Limit one of each Pokémon
|rule|Item Clause: Limit 1 of each item
|clearpoke
|poke|p1|Blastoise, L50, F|
|poke|p1|Delphox, L50, F|
|poke|p1|Kingambit, L50, M|
|poke|p1|Sinistcha-Masterpiece, L50|
|poke|p1|Sneasler, L50, M|
|poke|p1|Incineroar, L50, M|
|poke|p2|Ninetales-Alola, L50, M|
|poke|p2|Staraptor, L50, M|
|poke|p2|Garchomp, L50, M, shiny|
|poke|p2|Zoroark-Hisui, L50, M|
|poke|p2|Gholdengo, L50|
|poke|p2|Scovillain, L50, F, shiny|
|teampreview|4
|showteam|p1|Blastoise||Blastoisinite|RainDish|Protect,ShellSmash,WaterSpout,DarkPulse|Modest||F|||50|]Delphox||Delphoxite|Blaze|Protect,NastyPlot,Psyshock,HeatWave|Timid||F|||50|]Kingambit||LifeOrb|Defiant|Protect,SwordsDance,SuckerPunch,KowtowCleave|Adamant||M|||50|]Sinistcha-Masterpiece||KasibBerry|Hospitality|MatchaGotcha,RagePowder,LifeDew,TrickRoom|Bold|||||50|]Sneasler||FocusSash|PoisonTouch|Protect,FakeOut,PoisonJab,CloseCombat|Jolly||M|||50|]Incineroar||SitrusBerry|Intimidate|HelpingHand,FakeOut,PartingShot,FlareBlitz|Careful||M|||50|
|showteam|p2|Ninetales-Alola||LightClay|SnowWarning|FreezeDry,Blizzard,AuroraVeil,Protect|Timid||M|||50|]Staraptor||Staraptite|Intimidate|Tailwind,BraveBird,CloseCombat,Protect|Jolly||M|||50|]Garchomp||SitrusBerry|RoughSkin|RockSlide,StompingTantrum,DragonClaw,Protect|Jolly||M|||50|]Zoroark-Hisui||ChoiceScarf|Illusion|Flamethrower,HyperVoice,ShadowBall,IcyWind|Modest||M|||50|]Gholdengo||LifeOrb|GoodasGold|NastyPlot,Protect,ShadowBall,MakeItRain|Modest|||||50|]Scovillain||Scovillainite|Moody|Flamethrower,GigaDrain,LeechSeed,RagePowder|Bold||F|||50|
|
|t:|1785161376
|teamsize|p1|4
|teamsize|p2|4
|start
|switch|p1a: Blastoise|Blastoise, L50, F|100/100
|switch|p1b: Incineroar|Incineroar, L50, M|100/100
|switch|p2a: Ninetales|Ninetales-Alola, L50, M|100/100
|switch|p2b: Garchomp|Garchomp, L50, M, shiny|100/100
|-weather|Snowscape|[from] ability: Snow Warning|[of] p2a: Ninetales
|-ability|p1b: Incineroar|Intimidate|boost
|-unboost|p2a: Ninetales|atk|1
|-unboost|p2b: Garchomp|atk|1
|turn|1
|
|t:|1785161432
|detailschange|p1a: Blastoise|Blastoise-Mega, L50, F
|-mega|p1a: Blastoise|Blastoise|Blastoisinite
|move|p1a: Blastoise|Protect|p1a: Blastoise
|-singleturn|p1a: Blastoise|Protect
|move|p2b: Garchomp|Hyper Voice|p1b: Incineroar|[spread] p1b
|-activate|p1a: Blastoise|move: Protect
|-damage|p1b: Incineroar|71/100
|move|p2a: Ninetales|Aurora Veil|p2a: Ninetales
|-sidestart|p2: 12yueh25|move: Aurora Veil
|move|p1b: Incineroar|Parting Shot|p2b: Garchomp
|-unboost|p2b: Garchomp|atk|1
|-unboost|p2b: Garchomp|spa|1
|
|t:|1785161444
|switch|p1b: Sneasler|Sneasler, L50, M|100/100|[from] Parting Shot
|
|-weather|Snowscape|[upkeep]
|upkeep
|turn|2
|
|t:|1785161478
|move|p2a: Ninetales|Protect|p2a: Ninetales
|-singleturn|p2a: Ninetales|Protect
|move|p2b: Garchomp|Hyper Voice|p1b: Sneasler|[spread] p1a,p1b
|-damage|p1a: Blastoise|76/100
|-damage|p1b: Sneasler|63/100
|move|p1b: Sneasler|Close Combat|p2b: Garchomp
|-immune|p2b: Garchomp
|move|p1a: Blastoise|Water Spout|p2b: Garchomp|[spread] p2b
|-activate|p2a: Ninetales|move: Protect
|-damage|p2b: Garchomp|28/100
|replace|p2b: Zoroark|Zoroark-Hisui, L50, M
|-end|p2b: Zoroark|Illusion
|
|-weather|Snowscape|[upkeep]
|upkeep
|turn|3
|
|t:|1785161508
|switch|p1b: Sinistcha|Sinistcha-Masterpiece, L50|100/100
|-heal|p1a: Blastoise|100/100|[from] ability: Hospitality|[of] p1b: Sinistcha
|move|p2b: Zoroark|Hyper Voice|p1b: Sinistcha|[spread] p1a
|-immune|p1b: Sinistcha
|-damage|p1a: Blastoise|75/100
|move|p2a: Ninetales|Freeze-Dry|p1a: Blastoise
|-supereffective|p1a: Blastoise|1
|-damage|p1a: Blastoise|25/100
|move|p1a: Blastoise|Water Spout|p2b: Zoroark|[spread] p2a,p2b
|-damage|p2a: Ninetales|87/100
|-damage|p2b: Zoroark|6/100
|
|-weather|Snowscape|[upkeep]
|upkeep
|turn|4
|
|t:|1785161544
|switch|p2b: Staraptor|Staraptor, L50, M|100/100
|-ability|p2b: Staraptor|Intimidate|boost
|-unboost|p1a: Blastoise|atk|1
|-unboost|p1b: Sinistcha|atk|1
|move|p1a: Blastoise|Protect|p1a: Blastoise
|-singleturn|p1a: Blastoise|Protect
|move|p2a: Ninetales|Blizzard|p1a: Blastoise|[spread] p1b
|-activate|p1a: Blastoise|move: Protect
|-supereffective|p1b: Sinistcha|1
|-damage|p1b: Sinistcha|44/100
|move|p1b: Sinistcha|Life Dew|p1b: Sinistcha|[spread] p1a,p1b
|-heal|p1a: Blastoise|50/100y
|-heal|p1b: Sinistcha|70/100
|
|-weather|Snowscape|[upkeep]
|upkeep
|turn|5
|
|t:|1785161579
|switch|p2a: Garchomp|Garchomp, L50, M, shiny|6/100
|detailschange|p2b: Staraptor|Staraptor-Mega, L50, M
|-mega|p2b: Staraptor|Staraptor|Staraptite
|move|p1b: Sinistcha|Rage Powder|p1b: Sinistcha
|-singleturn|p1b: Sinistcha|move: Rage Powder
|move|p2b: Staraptor|Brave Bird|p1b: Sinistcha
|-supereffective|p1b: Sinistcha|1
|-crit|p1b: Sinistcha
|-damage|p1b: Sinistcha|0 fnt
|faint|p1b: Sinistcha
|-damage|p2b: Staraptor|76/100|[from] Recoil
|move|p1a: Blastoise|Shell Smash|p1a: Blastoise
|-unboost|p1a: Blastoise|def|1
|-unboost|p1a: Blastoise|spd|1
|-boost|p1a: Blastoise|atk|2
|-boost|p1a: Blastoise|spa|2
|-boost|p1a: Blastoise|spe|2
|
|-weather|none
|upkeep
|
|t:|1785161599
|switch|p1b: Sneasler|Sneasler, L50, M|63/100
|turn|6
|
|t:|1785161623
|switch|p1b: Incineroar|Incineroar, L50, M|71/100
|-ability|p1b: Incineroar|Intimidate|boost
|-unboost|p2a: Garchomp|atk|1
|-boost|p2b: Staraptor|atk|1
|move|p2b: Staraptor|Protect|p2b: Staraptor
|-singleturn|p2b: Staraptor|Protect
|move|p1a: Blastoise|Water Spout|p2a: Garchomp|[spread] p2a
|-activate|p2b: Staraptor|move: Protect
|-damage|p2a: Garchomp|0 fnt
|replace|p2a: Zoroark|Zoroark-Hisui, L50, M
|-end|p2a: Zoroark|Illusion
|faint|p2a: Zoroark
|
|upkeep
|
|t:|1785161635
|switch|p2a: Ninetales|Ninetales-Alola, L50, M|87/100
|-weather|Snowscape|[from] ability: Snow Warning|[of] p2a: Ninetales
|turn|7
|
|t:|1785161645
|move|p1b: Incineroar|Fake Out|p2b: Staraptor
|-damage|p2b: Staraptor|68/100
|move|p1a: Blastoise|Water Spout|p2a: Ninetales|[spread] p2a,p2b
|-damage|p2a: Ninetales|39/100
|-damage|p2b: Staraptor|22/100
|cant|p2b: Staraptor|flinch
|move|p2a: Ninetales|Freeze-Dry|p1a: Blastoise
|-supereffective|p1a: Blastoise|1
|-damage|p1a: Blastoise|0 fnt
|faint|p1a: Blastoise
|
|-weather|Snowscape|[upkeep]
|upkeep
|
|t:|1785161658
|switch|p1a: Sneasler|Sneasler, L50, M|63/100
|turn|8
|
|t:|1785161699
|move|p2b: Staraptor|Protect|p2b: Staraptor
|-singleturn|p2b: Staraptor|Protect
|move|p1a: Sneasler|Poison Jab|p2b: Staraptor
|-activate|p2b: Staraptor|move: Protect
|move|p2a: Ninetales|Blizzard|p1a: Sneasler|[spread] p1a,p1b
|-crit|p1a: Sneasler
|-resisted|p1b: Incineroar|1
|-damage|p1a: Sneasler|11/100
|-damage|p1b: Incineroar|61/100
|move|p1b: Incineroar|Flare Blitz|p2a: Ninetales
|-supereffective|p2a: Ninetales|1
|-damage|p2a: Ninetales|0 fnt
|faint|p2a: Ninetales
|-damage|p1b: Incineroar|51/100|[from] Recoil
|
|-weather|Snowscape|[upkeep]
|-sideend|p2: 12yueh25|move: Aurora Veil
|upkeep
|
|t:|1785161710
|switch|p2a: Garchomp|Garchomp, L50, M, shiny|100/100
|turn|9
|
|t:|1785161723
|move|p1b: Incineroar|Helping Hand|p1a: Sneasler
|-singleturn|p1a: Sneasler|Helping Hand|[of] p1b: Incineroar
|move|p1a: Sneasler|Close Combat|p2a: Garchomp
|-damage|p2a: Garchomp|18/100
|-unboost|p1a: Sneasler|def|1
|-unboost|p1a: Sneasler|spd|1
|-damage|p1a: Sneasler|0 fnt|[from] ability: Rough Skin|[of] p2a: Garchomp
|-enditem|p2a: Garchomp|Sitrus Berry|[eat]
|-heal|p2a: Garchomp|43/100|[from] item: Sitrus Berry
|faint|p1a: Sneasler
|move|p2b: Staraptor|Close Combat|p1b: Incineroar
|-supereffective|p1b: Incineroar|1
|-crit|p1b: Incineroar
|-damage|p1b: Incineroar|0 fnt
|-boost|p2b: Staraptor|def|1
|-boost|p2b: Staraptor|spd|1
|faint|p1b: Incineroar
|
|win|12yueh25
