|j|☆eviovulpix
|j|☆exessvgc
|html|eviovulpixexessvgc    
|uhtml|bestof|Game 3 of a best-of-3
|t:|1783356564
|gametype|doubles
|player|p1|eviovulpix|101|
|player|p2|exessvgc|102|
|gen|9
|tier|[Gen 9 Champions] VGC 2026 Reg M-B (Bo3)
|rule|Species Clause: Limit one of each Pokémon
|rule|Item Clause: Limit 1 of each item
|clearpoke
|poke|p1|Politoed, L50, M, shiny|
|poke|p1|Incineroar, L50, M, shiny|
|poke|p1|Gengar, L50, M, shiny|
|poke|p1|Archaludon, L50, M, shiny|
|poke|p1|Vivillon-Pokeball, L50, M, shiny|
|poke|p1|Swampert, L50, F, shiny|
|poke|p2|Charizard, L50, M|
|poke|p2|Sneasler, L50, M|
|poke|p2|Farigiraf, L50, F|
|poke|p2|Aerodactyl, L50, F|
|poke|p2|Sylveon, L50, M|
|poke|p2|Venusaur, L50, M|
|teampreview|4
|showteam|p1|Politoed||SitrusBerry|Drizzle|Encore,Protect,PerishSong,MuddyWater|Calm||M|||50|]Incineroar||PasshoBerry|Intimidate|PartingShot,Protect,FakeOut,ThroatChop|Jolly||M|||50|]Gengar||Gengarite|CursedBody|PerishSong,Disable,Protect,ShadowBall|Modest||M|||50|]Archaludon||Leftovers|Stamina|ElectroShot,FlashCannon,DragonPulse,Protect|Modest||M|||50|]Vivillon-Pokeball||ChoiceScarf|CompoundEyes|SleepPowder,Hurricane,GigaDrain,BugBuzz|Timid||M|||50|]Swampert||Swampertite|Torrent|WaveCrash,HighHorsepower,IcePunch,Protect|Adamant||F|||50|
|showteam|p2|Charizard||CharizarditeX|Blaze|DragonDance,DragonClaw,FlareBlitz,Protect|Jolly||M|||50|]Sneasler||WhiteHerb|Unburden|FakeOut,Protect,CloseCombat,DireClaw|Jolly||M|||50|]Farigiraf||SitrusBerry|ArmorTail|TrickRoom,PsychicNoise,HelpingHand,Thunderbolt|Bold||F|||50|]Aerodactyl||FocusSash|Unnerve|RockSlide,Tailwind,SunnyDay,Taunt|Jolly||F|||50|]Sylveon||FairyFeather|Pixilate|HyperVoice,HyperBeam,Protect,ShadowBall|Modest||M|||50|]Venusaur||WideLens|Chlorophyll|SludgeBomb,EarthPower,SleepPowder,Protect|Modest||M|||50|
|
|t:|1783356636
|teamsize|p1|4
|teamsize|p2|4
|start
|switch|p1a: Gengar|Gengar, L50, M, shiny|100/100
|switch|p1b: Politoed|Politoed, L50, M, shiny|100/100
|switch|p2a: DINOSAUVO|Aerodactyl, L50, F|100/100
|switch|p2b: LA GIRAFFA|Farigiraf, L50, F|100/100
|-ability|p2a: DINOSAUVO|Unnerve
|-weather|RainDance|[from] ability: Drizzle|[of] p1b: Politoed
|turn|1
|
|t:|1783356666
|switch|p1b: Incineroar|Incineroar, L50, M, shiny|100/100
|-ability|p1b: Incineroar|Intimidate|boost
|-unboost|p2a: DINOSAUVO|atk|1
|-unboost|p2b: LA GIRAFFA|atk|1
|detailschange|p1a: Gengar|Gengar-Mega, L50, M, shiny
|-mega|p1a: Gengar|Gengar|Gengarite
|move|p1a: Gengar|Protect|p1a: Gengar
|-singleturn|p1a: Gengar|Protect
|move|p2a: DINOSAUVO|Taunt|p1b: Incineroar
|-start|p1b: Incineroar|move: Taunt
|move|p2b: LA GIRAFFA|Psychic Noise|p1a: Gengar
|-activate|p1a: Gengar|move: Protect
|
|-weather|RainDance|[upkeep]
|upkeep
|turn|2
|
|t:|1783356693
|move|p2a: DINOSAUVO|Rock Slide|p1b: Incineroar|[spread] p1a
|-miss|p2a: DINOSAUVO|p1b: Incineroar
|-damage|p1a: Gengar|79/100
|move|p1a: Gengar|Shadow Ball|p2a: DINOSAUVO
|-damage|p2a: DINOSAUVO|30/100
|move|p1b: Incineroar|Throat Chop|p2b: LA GIRAFFA
|-supereffective|p2b: LA GIRAFFA|1
|-damage|p2b: LA GIRAFFA|44/100
|-start|p2b: LA GIRAFFA|Throat Chop|[silent]
|-enditem|p2b: LA GIRAFFA|Sitrus Berry|[eat]
|-heal|p2b: LA GIRAFFA|69/100|[from] item: Sitrus Berry
|cant|p2b: LA GIRAFFA|move: Throat Chop
|
|-weather|RainDance|[upkeep]
|upkeep
|turn|3
|
|t:|1783356715
|move|p1a: Gengar|Protect|p1a: Gengar
|-singleturn|p1a: Gengar|Protect
|move|p2a: DINOSAUVO|Tailwind|p2a: DINOSAUVO
|-sidestart|p2: exessvgc|move: Tailwind
|move|p2b: LA GIRAFFA|Thunderbolt|p1a: Gengar
|-activate|p1a: Gengar|move: Protect
|move|p1b: Incineroar|Throat Chop|p2a: DINOSAUVO
|-damage|p2a: DINOSAUVO|0 fnt
|faint|p2a: DINOSAUVO
|
|-weather|RainDance|[upkeep]
|-end|p1b: Incineroar|move: Taunt
|-end|p2b: LA GIRAFFA|Throat Chop|[silent]
|upkeep
|
|t:|1783356722
|switch|p2a: EXESS|Charizard, L50, M|100/100
|turn|4
|
|t:|1783356739
|switch|p1a: Politoed|Politoed, L50, M, shiny|100/100
|detailschange|p2a: EXESS|Charizard-Mega-X, L50, M
|-mega|p2a: EXESS|Charizard|Charizardite X
|move|p2a: EXESS|Dragon Dance|p2a: EXESS
|-boost|p2a: EXESS|atk|1
|-boost|p2a: EXESS|spe|1
|move|p2b: LA GIRAFFA|Psychic Noise|p1a: Politoed
|-damage|p1a: Politoed|78/100
|-start|p1a: Politoed|move: Heal Block
|move|p1b: Incineroar|Parting Shot|p2a: EXESS
|-unboost|p2a: EXESS|atk|1
|-unboost|p2a: EXESS|spa|1
|
|t:|1783356752
|switch|p1b: Gengar|Gengar-Mega, L50, M, shiny|79/100|[from] Parting Shot
|
|-weather|RainDance|[upkeep]
|upkeep
|turn|5
|
|t:|1783356767
|move|p2b: LA GIRAFFA|Helping Hand|p2a: EXESS
|-singleturn|p2a: EXESS|Helping Hand|[of] p2b: LA GIRAFFA
|move|p2a: EXESS|Dragon Claw|p1a: Politoed
|-damage|p1a: Politoed|0 fnt
|faint|p1a: Politoed
|move|p1b: Gengar|Disable|p2b: LA GIRAFFA
|-start|p2b: LA GIRAFFA|Disable|Helping Hand
|
|-weather|none
|upkeep
|
|t:|1783356776
|switch|p1a: Incineroar|Incineroar, L50, M, shiny|100/100
|-ability|p1a: Incineroar|Intimidate|boost
|-unboost|p2a: EXESS|atk|1
|-unboost|p2b: LA GIRAFFA|atk|1
|turn|6
|
|t:|1783356806
|move|p2a: EXESS|Flare Blitz|p1b: Gengar
|-damage|p1b: Gengar|11/100
|-damage|p2a: EXESS|75/100|[from] Recoil
|move|p1b: Gengar|Disable|p2a: EXESS
|-start|p2a: EXESS|Disable|Flare Blitz
|move|p2b: LA GIRAFFA|Thunderbolt|p1b: Gengar
|-damage|p1b: Gengar|0 fnt
|faint|p1b: Gengar
|move|p1a: Incineroar|Parting Shot|p2a: EXESS
|-unboost|p2a: EXESS|atk|1
|-unboost|p2a: EXESS|spa|1
|
|t:|1783356818
|switch|p1a: Vivillon|Vivillon-Pokeball, L50, M, shiny|100/100|[from] Parting Shot
|
|-sideend|p2: exessvgc|move: Tailwind
|upkeep
|
|t:|1783356821
|switch|p1b: Incineroar|Incineroar, L50, M, shiny|100/100
|-ability|p1b: Incineroar|Intimidate|boost
|-unboost|p2a: EXESS|atk|1
|-unboost|p2b: LA GIRAFFA|atk|1
|turn|7
|
|t:|1783356837
|move|p2a: EXESS|Dragon Claw|p1a: Vivillon
|-damage|p1a: Vivillon|55/100
|move|p1a: Vivillon|Hurricane|p2b: LA GIRAFFA
|-damage|p2b: LA GIRAFFA|30/100
|move|p1b: Incineroar|Throat Chop|p2b: LA GIRAFFA
|-supereffective|p2b: LA GIRAFFA|1
|-damage|p2b: LA GIRAFFA|0 fnt
|faint|p2b: LA GIRAFFA
|
|upkeep
|
|t:|1783356844
|switch|p2b: Marianela|Sylveon, L50, M|100/100
|turn|8
|
|t:|1783356853
|move|p2a: EXESS|Protect|p2a: EXESS
|-singleturn|p2a: EXESS|Protect
|move|p2b: Marianela|Protect|p2b: Marianela
|-singleturn|p2b: Marianela|Protect
|move|p1a: Vivillon|Hurricane|p2a: EXESS
|-activate|p2a: EXESS|move: Protect
|move|p1b: Incineroar|Throat Chop|p2a: EXESS
|-activate|p2a: EXESS|move: Protect
|
|upkeep
|turn|9
|
|t:|1783356873
|move|p2a: EXESS|Dragon Claw|p1a: Vivillon
|-damage|p1a: Vivillon|16/100
|move|p1a: Vivillon|Hurricane|p2a: EXESS
|-damage|p2a: EXESS|15/100
|move|p1b: Incineroar|Throat Chop|p2a: EXESS
|-damage|p2a: EXESS|0 fnt
|faint|p2a: EXESS
|move|p2b: Marianela|Hyper Voice|p1b: Incineroar|[spread] p1a,p1b
|-damage|p1a: Vivillon|0 fnt
|-damage|p1b: Incineroar|50/100g
|faint|p1a: Vivillon
|
|upkeep
|turn|10
|
|t:|1783356891
|move|p1b: Incineroar|Throat Chop|p2b: Marianela
|-resisted|p2b: Marianela|1
|-damage|p2b: Marianela|81/100
|-start|p2b: Marianela|Throat Chop|[silent]
|cant|p2b: Marianela|move: Throat Chop
|
|upkeep
|turn|11
|
|t:|1783356903
|move|p1b: Incineroar|Parting Shot|p2b: Marianela
|-unboost|p2b: Marianela|atk|1
|-unboost|p2b: Marianela|spa|1
|move|p2b: Marianela|Hyper Beam|p1b: Incineroar
|-damage|p1b: Incineroar|0 fnt
|-mustrecharge|p2b: Marianela
|faint|p1b: Incineroar
|
|win|exessvgc
