|j|☆liamj vgc!
|j|☆Sir AaronVGC
|html|liamj vgc!Sir AaronVGC    
|uhtml|bestof|Game 1 of a best-of-3
|t:|1783535789
|gametype|doubles
|player|p1|liamj vgc!|leon-tower|
|player|p2|Sir AaronVGC|#smogonxnpa2026draftee2|
|gen|9
|tier|[Gen 9 Champions] VGC 2026 Reg M-B (Bo3)
|rule|Species Clause: Limit one of each Pokémon
|rule|Item Clause: Limit 1 of each item
|clearpoke
|poke|p1|Gengar, L50, M, shiny|
|poke|p1|Incineroar, L50, M, shiny|
|poke|p1|Sinistcha, L50|
|poke|p1|Politoed, L50, F|
|poke|p1|Staraptor, L50, M|
|poke|p1|Archaludon, L50, M, shiny|
|poke|p2|Aerodactyl, L50, M, shiny|
|poke|p2|Sneasler, L50, M, shiny|
|poke|p2|Froslass, L50, F|
|poke|p2|Tsareena, L50, F, shiny|
|poke|p2|Kingambit, L50, M|
|poke|p2|Basculegion, L50, M|
|teampreview|4
|showteam|p1|Gengar||Gengarite|CursedBody|ShadowBall,PerishSong,Disable,Protect|Timid||M|||50|]Incineroar||PasshoBerry|Intimidate|Protect,FakeOut,ThroatChop,PartingShot|Impish||M|||50|]Sinistcha||ColburBerry|Hospitality|GigaDrain,RagePowder,StrengthSap,Protect|Calm|||||50|]Politoed||SitrusBerry|Drizzle|WeatherBall,PerishSong,Encore,Protect|Bold||F|||50|]Staraptor||Staraptite|Intimidate|CloseCombat,BraveBird,Roost,Protect|Jolly||M|||50|]Archaludon||Magnet|Stalwart|FlashCannon,ElectroShot,DragonPulse,Protect|Modest||M|||50|
|showteam|p2|Aerodactyl||Aerodactylite|Unnerve|RockSlide,DualWingbeat,Tailwind,Protect|Jolly||M|||50|]Sneasler||LifeOrb|PoisonTouch|DireClaw,CloseCombat,FakeOut,Protect|Adamant||M|||50|]Froslass||Froslassite|SnowCloak|Blizzard,ShadowBall,DestinyBond,Protect|Timid||F|||50|]Tsareena||WideLens|QueenlyMajesty|PowerWhip,LowKick,TripleAxel,HelpingHand|Adamant||F|||50|]Kingambit||BlackGlasses|Defiant|KowtowCleave,SuckerPunch,SwordsDance,Protect|Adamant||M|||50|]Basculegion||FocusSash|Adaptability|Liquidation,LastRespects,AquaJet,Protect|Adamant||M|||50|
|inactive|Battle timer is ON: inactive players will automatically lose when time's up. (requested by liamj vgc!)
|c|☆liamj vgc!|glhf
|c|☆Sir AaronVGC|glhf
|inactive|liamj vgc! has 60 seconds left.
|inactive|Sir AaronVGC has 60 seconds left.
|
|t:|1783535836
|teamsize|p1|4
|teamsize|p2|4
|start
|switch|p1a: Gengar|Gengar, L50, M, shiny|100/100
|switch|p1b: Incineroar|Incineroar, L50, M, shiny|100/100
|switch|p2a: Robespierre|Kingambit, L50, M|100/100
|switch|p2b: Cupid|Aerodactyl, L50, M, shiny|100/100
|-ability|p2b: Cupid|Unnerve
|-ability|p1b: Incineroar|Intimidate|boost
|-unboost|p2a: Robespierre|atk|1
|-ability|p2a: Robespierre|Defiant|boost
|-boost|p2a: Robespierre|atk|2
|-unboost|p2b: Cupid|atk|1
|turn|1
|inactive|liamj vgc! has 30 seconds left.
|inactive|liamj vgc! has 20 seconds left.
|inactive|liamj vgc! has 15 seconds left.
|inactive|liamj vgc! has 10 seconds left.
|
|t:|1783535885
|switch|p2b: Koroleva|Tsareena, L50, F, shiny|100/100
|detailschange|p1a: Gengar|Gengar-Mega, L50, M, shiny
|-mega|p1a: Gengar|Gengar|Gengarite
|move|p1a: Gengar|Protect|p1a: Gengar
|-singleturn|p1a: Gengar|Protect
|move|p2a: Robespierre|Kowtow Cleave|p1a: Gengar
|-activate|p1a: Gengar|move: Protect
|move|p1b: Incineroar|Parting Shot|p2b: Koroleva
|-unboost|p2b: Koroleva|atk|1
|-unboost|p2b: Koroleva|spa|1
|
|t:|1783535904
|switch|p1b: Sinistcha|Sinistcha, L50|100/100|[from] Parting Shot
|
|upkeep
|turn|2
|j| TG511
|
|t:|1783535916
|move|p2a: Robespierre|Protect|p2a: Robespierre
|-singleturn|p2a: Robespierre|Protect
|move|p1a: Gengar|Disable|p2a: Robespierre
|-activate|p2a: Robespierre|move: Protect
|move|p2b: Koroleva|Triple Axel|p1a: Gengar
|-damage|p1a: Gengar|94/100
|-damage|p1a: Gengar|83/100
|-damage|p1a: Gengar|66/100
|-hitcount|p1a: Gengar|3
|move|p1b: Sinistcha|Strength Sap|p2b: Koroleva
|-unboost|p2b: Koroleva|atk|1
|
|upkeep
|turn|3
|
|t:|1783535933
|move|p2b: Koroleva|Helping Hand|p2a: Robespierre
|-singleturn|p2a: Robespierre|Helping Hand|[of] p2b: Koroleva
|move|p1b: Sinistcha|Rage Powder|p1b: Sinistcha
|-singleturn|p1b: Sinistcha|move: Rage Powder
|move|p1a: Gengar|Perish Song|p1a: Gengar
|-start|p1a: Gengar|perish3|[silent]
|-start|p1b: Sinistcha|perish3|[silent]
|-start|p2a: Robespierre|perish3|[silent]
|-start|p2b: Koroleva|perish3|[silent]
|-fieldactivate|move: Perish Song
|move|p2a: Robespierre|Kowtow Cleave|p1b: Sinistcha
|-supereffective|p1b: Sinistcha|1
|-enditem|p1b: Sinistcha|Colbur Berry|[eat]
|-enditem|p1b: Sinistcha|Colbur Berry|[weaken]
|-damage|p1b: Sinistcha|0 fnt
|faint|p1b: Sinistcha
|
|-start|p1a: Gengar|perish3
|-start|p2b: Koroleva|perish3
|-start|p2a: Robespierre|perish3
|upkeep
|
|t:|1783535944
|switch|p1b: Incineroar|Incineroar, L50, M, shiny|100/100
|-ability|p1b: Incineroar|Intimidate|boost
|-unboost|p2a: Robespierre|atk|1
|-ability|p2a: Robespierre|Defiant|boost
|-boost|p2a: Robespierre|atk|2
|-unboost|p2b: Koroleva|atk|1
|turn|4
|
|t:|1783535969
|move|p1a: Gengar|Protect|p1a: Gengar
|-singleturn|p1a: Gengar|Protect
|move|p1b: Incineroar|Protect|p1b: Incineroar
|-singleturn|p1b: Incineroar|Protect
|move|p2a: Robespierre|Sucker Punch||[still]
|-fail|p2a: Robespierre
|move|p2b: Koroleva|Triple Axel|p1a: Gengar
|-activate|p1a: Gengar|move: Protect
|
|-start|p1a: Gengar|perish2
|-start|p2b: Koroleva|perish2
|-start|p2a: Robespierre|perish2
|upkeep
|turn|5
|inactive|liamj vgc! has 30 seconds left.
|
|t:|1783535998
|switch|p1a: Politoed|Politoed, L50, F|100/100
|-weather|RainDance|[from] ability: Drizzle|[of] p1a: Politoed
|move|p2b: Koroleva|Power Whip|p1a: Politoed
|-supereffective|p1a: Politoed|1
|-damage|p1a: Politoed|60/100
|move|p2a: Robespierre|Kowtow Cleave|p1b: Incineroar
|-resisted|p1b: Incineroar|1
|-damage|p1b: Incineroar|58/100
|move|p1b: Incineroar|Parting Shot|p2b: Koroleva
|-unboost|p2b: Koroleva|atk|1
|-unboost|p2b: Koroleva|spa|1
|
|t:|1783536010
|switch|p1b: Gengar|Gengar-Mega, L50, M, shiny|66/100|[from] Parting Shot
|
|-weather|RainDance|[upkeep]
|-start|p2b: Koroleva|perish1
|-start|p2a: Robespierre|perish1
|upkeep
|turn|6
|
|t:|1783536030
|move|p1b: Gengar|Protect|p1b: Gengar
|-singleturn|p1b: Gengar|Protect
|move|p1a: Politoed|Protect|p1a: Politoed
|-singleturn|p1a: Politoed|Protect
|move|p2a: Robespierre|Sucker Punch||[still]
|-fail|p2a: Robespierre
|move|p2b: Koroleva|Power Whip|p1a: Politoed
|-activate|p1a: Politoed|move: Protect
|
|-weather|RainDance|[upkeep]
|-start|p2b: Koroleva|perish0
|-start|p2a: Robespierre|perish0
|faint|p2b: Koroleva
|faint|p2a: Robespierre
|upkeep
|
|t:|1783536035
|switch|p2b: Cupid|Aerodactyl, L50, M, shiny|100/100
|switch|p2a: Houndfish|Basculegion, L50, M|100/100
|-ability|p2b: Cupid|Unnerve
|turn|7
|
|t:|1783536053
|switch|p1b: Incineroar|Incineroar, L50, M, shiny|58/100
|-ability|p1b: Incineroar|Intimidate|boost
|-unboost|p2a: Houndfish|atk|1
|-unboost|p2b: Cupid|atk|1
|detailschange|p2b: Cupid|Aerodactyl-Mega, L50, M, shiny
|-mega|p2b: Cupid|Aerodactyl|Aerodactylite
|move|p2b: Cupid|Rock Slide|p1a: Politoed|[spread] p1a,p1b
|-supereffective|p1b: Incineroar|1
|-damage|p1a: Politoed|45/100
|-damage|p1b: Incineroar|32/100
|-enditem|p1a: Politoed|Sitrus Berry|[eat]
|-heal|p1a: Politoed|70/100|[from] item: Sitrus Berry
|move|p2a: Houndfish|Last Respects|p1a: Politoed
|-damage|p1a: Politoed|12/100
|move|p1a: Politoed|Perish Song|p1a: Politoed
|-start|p1a: Politoed|perish3|[silent]
|-start|p1b: Incineroar|perish3|[silent]
|-start|p2a: Houndfish|perish3|[silent]
|-start|p2b: Cupid|perish3|[silent]
|-fieldactivate|move: Perish Song
|
|-weather|RainDance|[upkeep]
|-start|p2b: Cupid|perish3
|-start|p2a: Houndfish|perish3
|-start|p1a: Politoed|perish3
|-start|p1b: Incineroar|perish3
|upkeep
|turn|8
|
|t:|1783536067
|move|p1a: Politoed|Protect|p1a: Politoed
|-singleturn|p1a: Politoed|Protect
|move|p1b: Incineroar|Protect|p1b: Incineroar
|-singleturn|p1b: Incineroar|Protect
|move|p2b: Cupid|Rock Slide|p1a: Politoed|[spread] 
|-activate|p1a: Politoed|move: Protect
|-activate|p1b: Incineroar|move: Protect
|move|p2a: Houndfish|Liquidation|p1b: Incineroar
|-activate|p1b: Incineroar|move: Protect
|
|-weather|RainDance|[upkeep]
|-start|p2b: Cupid|perish2
|-start|p2a: Houndfish|perish2
|-start|p1a: Politoed|perish2
|-start|p1b: Incineroar|perish2
|upkeep
|turn|9
|-message|Sir AaronVGC forfeited.
|
|win|liamj vgc!
||liamj vgc! is ready for game 2.
||Sir AaronVGC is ready for game 2.
|uhtml|next|Next: Game 2 of 3
|l| TG511
