|j|☆d1mo22
|j|☆lald3n
|html|d1mo22lald3n    
|uhtml|bestof|Game 3 of a best-of-3
|t:|1784655004
|gametype|doubles
|player|p1|d1mo22|skier|1262
|player|p2|lald3n|iono-masters|1176
|gen|9
|tier|[Gen 9 Champions] VGC 2026 Reg M-B (Bo3)
|rated|
|rule|Species Clause: Limit one of each Pokémon
|rule|Item Clause: Limit 1 of each item
|clearpoke
|poke|p1|Raichu, L50, F|
|poke|p1|Gyarados, L50, F, shiny|
|poke|p1|Mamoswine, L50, M|
|poke|p1|Ceruledge, L50, M|
|poke|p1|Sinistcha, L50|
|poke|p1|Kingambit, L50, F, shiny|
|poke|p2|Ceruledge, L50, M|
|poke|p2|Incineroar, L50, F|
|poke|p2|Froslass, L50, F|
|poke|p2|Overqwil, L50, F|
|poke|p2|Charizard, L50, M|
|poke|p2|Lucario, L50, M|
|teampreview|4
|showteam|p1|Raichu||RaichuniteY|LightningRod|FakeOut,Encore,ZapCannon,FocusBlast|Timid||F|||50|]Gyarados||Gyaradosite|Intimidate|LashOut,Waterfall,DragonDance,Protect|Adamant||F|||50|]Mamoswine||LifeOrb|Oblivious|Protect,IcicleCrash,IceShard,HighHorsepower|Jolly||M|||50|]Ceruledge||ColburBerry|FlashFire|BitterBlade,ShadowSneak,BulkUp,Protect|Adamant||M|||50|]Sinistcha||SitrusBerry|Hospitality|Protect,RagePowder,MatchaGotcha,LifeDew|Bold|||||50|]Kingambit||FocusSash|Defiant|Protect,SuckerPunch,KowtowCleave,IronHead|Adamant||F|||50|
|showteam|p2|Ceruledge||BigRoot|FlashFire|PsychUp,BulkUp,BitterBlade,ShadowSneak|Jolly||M|||50|]Incineroar||SitrusBerry|Intimidate|FakeOut,PartingShot,WillOWisp,FlareBlitz|Careful||F|||50|]Froslass||Froslassite|CursedBody|AuroraVeil,Blizzard,PsychUp,Protect|Timid||F|||50|]Overqwil||Leftovers|Intimidate|Minimize,Substitute,BarbBarrage,Spite|Jolly||F|||50|]Charizard||CharizarditeY|Blaze|HeatWave,WeatherBall,SolarBeam,Protect|Timid||M|||50|]Lucario||Lucarionite|Justified|CloseCombat,BulletPunch,Detect,RockSlide|Jolly||M|||50|
|inactive|Battle timer is ON: inactive players will automatically lose when time's up. (requested by d1mo22)
|
|t:|1784655029
|teamsize|p1|4
|teamsize|p2|4
|start
|switch|p1a: Kingambit|Kingambit, L50, F, shiny|100/100
|switch|p1b: Raichu|Raichu, L50, F|100/100
|switch|p2a: Incineroar|Incineroar, L50, F|100/100
|switch|p2b: Lucario|Lucario, L50, M|100/100
|-ability|p2a: Incineroar|Intimidate|boost
|-unboost|p1a: Kingambit|atk|1
|-ability|p1a: Kingambit|Defiant|boost
|-boost|p1a: Kingambit|atk|2
|-unboost|p1b: Raichu|atk|1
|turn|1
|inactive|d1mo22 has 30 seconds left.
|
|t:|1784655057
|move|p1a: Kingambit|Protect|p1a: Kingambit
|-singleturn|p1a: Kingambit|Protect
|move|p1b: Raichu|Fake Out|p2b: Lucario
|-resisted|p2b: Lucario|1
|-damage|p2b: Lucario|96/100
|move|p2a: Incineroar|Fake Out|p1a: Kingambit
|-activate|p1a: Kingambit|move: Protect
|cant|p2b: Lucario|flinch
|
|upkeep
|turn|2
|inactive|d1mo22 has 30 seconds left.
|
|t:|1784655091
|switch|p2b: Ceruledge|Ceruledge, L50, M|100/100
|move|p1b: Raichu|Encore|p2a: Incineroar
|-start|p2a: Incineroar|Encore
|move|p2a: Incineroar|Fake Out||[still]
|-hint|Fake Out only works on your first turn out.
|-fail|p2a: Incineroar
|move|p1a: Kingambit|Kowtow Cleave|p2b: Ceruledge
|-supereffective|p2b: Ceruledge|1
|-damage|p2b: Ceruledge|0 fnt
|faint|p2b: Ceruledge
|
|upkeep
|c|☆lald3n|damn
|c|☆lald3n|good play
|
|t:|1784655105
|switch|p2b: Charizard|Charizard, L50, M|100/100
|turn|3
|
|t:|1784655112
|switch|p1b: Ceruledge|Ceruledge, L50, M|100/100
|detailschange|p2b: Charizard|Charizard-Mega-Y, L50, M
|-mega|p2b: Charizard|Charizard|Charizardite Y
|-weather|SunnyDay|[from] ability: Drought|[of] p2b: Charizard
|move|p1a: Kingambit|Protect|p1a: Kingambit
|-singleturn|p1a: Kingambit|Protect
|move|p2b: Charizard|Heat Wave|p1b: Ceruledge|[spread] 
|-activate|p1a: Kingambit|move: Protect
|-start|p1b: Ceruledge|ability: Flash Fire
|-activate|p2a: Incineroar|move: Struggle
|move|p2a: Incineroar|Struggle|p1a: Kingambit
|-activate|p1a: Kingambit|move: Protect
|
|-weather|SunnyDay|[upkeep]
|upkeep
|turn|4
|
|t:|1784655136
|switch|p2a: Lucario|Lucario, L50, M|96/100
|move|p1b: Ceruledge|Shadow Sneak|p2b: Charizard
|-damage|p2b: Charizard|72/100
|move|p2b: Charizard|Heat Wave|p1a: Kingambit|[spread] p1a
|-immune|p1b: Ceruledge|[from] ability: Flash Fire
|-supereffective|p1a: Kingambit|1
|-enditem|p1a: Kingambit|Focus Sash
|-damage|p1a: Kingambit|1/100
|move|p1a: Kingambit|Kowtow Cleave|p2b: Charizard
|-damage|p2b: Charizard|0 fnt
|faint|p2b: Charizard
|
|-weather|SunnyDay|[upkeep]
|upkeep
|
|t:|1784655139
|switch|p2b: Incineroar|Incineroar, L50, F|100/100
|-ability|p2b: Incineroar|Intimidate|boost
|-unboost|p1a: Kingambit|atk|1
|-ability|p1a: Kingambit|Defiant|boost
|-boost|p1a: Kingambit|atk|2
|-unboost|p1b: Ceruledge|atk|1
|turn|5
|inactive|d1mo22 has 30 seconds left.
|
|t:|1784655173
|-end|p1b: Ceruledge|ability: Flash Fire|[silent]
|switch|p1b: Gyarados|Gyarados, L50, F, shiny|100/100
|-ability|p1b: Gyarados|Intimidate|boost
|-unboost|p2a: Lucario|atk|1
|-unboost|p2b: Incineroar|atk|1
|move|p2a: Lucario|Detect|p2a: Lucario
|-singleturn|p2a: Lucario|Protect
|move|p1a: Kingambit|Protect|p1a: Kingambit
|-singleturn|p1a: Kingambit|Protect
|move|p2b: Incineroar|Flare Blitz|p1a: Kingambit
|-activate|p1a: Kingambit|move: Protect
|
|-weather|SunnyDay|[upkeep]
|upkeep
|turn|6
|
|t:|1784655190
|switch|p1b: Raichu|Raichu, L50, F|100/100
|move|p1a: Kingambit|Sucker Punch|p2a: Lucario
|-resisted|p2a: Lucario|1
|-damage|p2a: Lucario|31/100
|-ability|p2a: Lucario|Justified|boost
|-boost|p2a: Lucario|atk|1
|move|p2a: Lucario|Rock Slide|p1b: Raichu|[spread] p1a
|-miss|p2a: Lucario|p1b: Raichu
|-resisted|p1a: Kingambit|1
|-damage|p1a: Kingambit|0 fnt
|faint|p1a: Kingambit
|move|p2b: Incineroar|Will-O-Wisp|p1b: Raichu
|-status|p1b: Raichu|brn
|
|-weather|SunnyDay|[upkeep]
|-damage|p1b: Raichu|94/100 brn|[from] brn
|upkeep
|
|t:|1784655205
|switch|p1a: Gyarados|Gyarados, L50, F, shiny|100/100
|-ability|p1a: Gyarados|Intimidate|boost
|-unboost|p2a: Lucario|atk|1
|-unboost|p2b: Incineroar|atk|1
|turn|7
|-message|lald3n forfeited.
|
|win|d1mo22
|raw|d1mo22's rating: 1262 → 1281(+19 for winning)
|raw|lald3n's rating: 1176 → 1157(-19 for losing)
|c|☆lald3n|gg
|c|☆d1mo22|gg
