|j|☆HelhiemFiend
|j|☆HopeAddict
|html|HelhiemFiendHopeAddict    
|uhtml|bestof|Game 1 of a best-of-3
|t:|1756927597
|gametype|doubles
|player|p1|HelhiemFiend|1|1175
|player|p2|HopeAddict|bill|1108
|gen|9
|tier|[Gen 9] VGC 2025 Reg H (Bo3)
|rated|
|rule|Species Clause: Limit one of each Pokémon
|rule|Item Clause: Limit 1 of each item
|clearpoke
|poke|p1|Sneasler, L50, F|
|poke|p1|Dragapult, L50, F|
|poke|p1|Kingambit, L50, F|
|poke|p1|Gholdengo, L50|
|poke|p1|Incineroar, L50, F|
|poke|p1|Primarina, L50, F|
|poke|p2|Corviknight, L50, M|
|poke|p2|Garchomp, L50, F|
|poke|p2|Ninetales-Alola, L50, M|
|poke|p2|Sneasler, L50, F|
|poke|p2|Volcarona, L50, M|
|poke|p2|Dragonite, L50, F|
|teampreview|4
|showteam|p1|Sneasler||FocusSash|Unburden|DireClaw,CloseCombat,FakeOut,Protect|||F|||50|,,,,,Stellar]Dragapult||ChoiceBand|ClearBody|DragonDarts,TeraBlast,PhantomForce,Uturn|||F|||50|,,,,,Ghost]Kingambit||SafetyGoggles|Defiant|KowtowCleave,SuckerPunch,SwordsDance,Protect|||F|||50|,,,,,Dark]Gholdengo||LifeOrb|GoodasGold|MakeItRain,ShadowBall,NastyPlot,Protect||||||50|,,,,,Dragon]Incineroar||AssaultVest|Intimidate|FlareBlitz,KnockOff,FakeOut,Uturn|||F|||50|,,,,,Ghost]Primarina||ThroatSpray|LiquidVoice|HyperVoice,Moonblast,Haze,Protect|||F|||50|,,,,,Poison
|showteam|p2|Corviknight||Leftovers|MirrorArmor|BraveBird,BodyPress,BulkUp,Tailwind|||M|||50|,,,,,Fire]Garchomp||ClearAmulet|RoughSkin|Earthquake,RockSlide,StompingTantrum,Protect|||F|||50|,,,,,Ground]Ninetales-Alola||LightClay|SnowWarning|Blizzard,Encore,AuroraVeil,Protect|||M|||50|,,,,,Ghost]Sneasler||FocusSash|Unburden|DireClaw,CloseCombat,Protect,Coaching|||F|||50|,,,,,Flying]Volcarona||CovertCloak|FlameBody|HeatWave,GigaDrain,QuiverDance,Protect|||M|||50|,,,,,Grass]Dragonite||LoadedDice|InnerFocus|ScaleShot,ExtremeSpeed,Haze,Protect|||F|||50|,,,,,Dragon
|inactive|Battle timer is ON: inactive players will automatically lose when time's up. (requested by HopeAddict)
|c|☆HelhiemFiend|glhf
|c|☆HopeAddict|you too
|inactive|HopeAddict has 60 seconds left.
|c|☆HopeAddict|i ran into 2 perish trap teams in a row so im excited to finally fight a real team (and get bodied lmao)
|c|☆HelhiemFiend|dont worry im currently on a massive bout of self doubt and teambuilding panic
|inactive|HopeAddict has 30 seconds left.
|inactive|HopeAddict has 20 seconds left.
|
|t:|1756927672
|teamsize|p1|4
|teamsize|p2|4
|start
|switch|p1a: Cringe|Incineroar, L50, F|100/100
|switch|p1b: Earhart|Dragapult, L50, F|100/100
|switch|p2a: Ninetales|Ninetales-Alola, L50, M|100/100
|switch|p2b: Volcarona|Volcarona, L50, M|100/100
|-weather|Snowscape|[from] ability: Snow Warning|[of] p2a: Ninetales
|-ability|p1a: Cringe|Intimidate|boost
|-unboost|p2a: Ninetales|atk|1
|-unboost|p2b: Volcarona|atk|1
|turn|1
|c|☆HopeAddict|feel that bro
|inactive|HelhiemFiend has 30 seconds left.
|inactive|HopeAddict has 30 seconds left.
|inactive|HelhiemFiend has 20 seconds left.
|inactive|HelhiemFiend has 15 seconds left.
|
|t:|1756927715
|move|p2a: Ninetales|Protect|p2a: Ninetales
|-singleturn|p2a: Ninetales|Protect
|move|p2b: Volcarona|Protect|p2b: Volcarona
|-singleturn|p2b: Volcarona|Protect
|move|p1b: Earhart|U-turn|p2b: Volcarona
|-activate|p2b: Volcarona|move: Protect
|move|p1a: Cringe|Knock Off|p2b: Volcarona
|-activate|p2b: Volcarona|move: Protect
|
|-weather|Snowscape|[upkeep]
|upkeep
|turn|2
|inactive|HopeAddict has 30 seconds left.
|
|t:|1756927741
|move|p1b: Earhart|U-turn|p2a: Ninetales
|-resisted|p2a: Ninetales
|-damage|p2a: Ninetales|84/100
|
|t:|1756927748
|switch|p1b: Big Gamba|Kingambit, L50, F|100/100|[from] U-turn
|move|p2a: Ninetales|Aurora Veil|p2a: Ninetales
|-sidestart|p2: HopeAddict|move: Aurora Veil
|move|p2b: Volcarona|Quiver Dance|p2b: Volcarona
|-boost|p2b: Volcarona|spa|1
|-boost|p2b: Volcarona|spd|1
|-boost|p2b: Volcarona|spe|1
|move|p1a: Cringe|Flare Blitz|p2a: Ninetales
|-supereffective|p2a: Ninetales
|-damage|p2a: Ninetales|17/100
|-status|p2a: Ninetales|brn
|-damage|p1a: Cringe|81/100|[from] Recoil
|
|-weather|Snowscape|[upkeep]
|-damage|p2a: Ninetales|11/100 brn|[from] brn
|upkeep
|turn|3
|inactive|HelhiemFiend has 30 seconds left.
|inactive|HopeAddict has 30 seconds left.
|
|t:|1756927774
|-terastallize|p1b: Big Gamba|Dark
|move|p2b: Volcarona|Heat Wave|p1b: Big Gamba|[spread] p1a,p1b
|-resisted|p1a: Cringe
|-damage|p1a: Cringe|67/100
|-damage|p1b: Big Gamba|52/100
|move|p2a: Ninetales|Blizzard|p1a: Cringe|[spread] p1a,p1b
|-resisted|p1a: Cringe
|-damage|p1a: Cringe|59/100
|-damage|p1b: Big Gamba|27/100
|move|p1a: Cringe|Flare Blitz|p2b: Volcarona
|-damage|p2b: Volcarona|56/100
|-damage|p1a: Cringe|45/100|[from] Recoil
|move|p1b: Big Gamba|Swords Dance|p1b: Big Gamba
|-boost|p1b: Big Gamba|atk|2
|
|-weather|Snowscape|[upkeep]
|-damage|p2a: Ninetales|5/100 brn|[from] brn
|upkeep
|turn|4
|inactive|HelhiemFiend has 30 seconds left.
|inactive|HopeAddict has 30 seconds left.
|
|t:|1756927803
|move|p1b: Big Gamba|Protect|p1b: Big Gamba
|-singleturn|p1b: Big Gamba|Protect
|move|p2b: Volcarona|Heat Wave|p1b: Big Gamba|[spread] p1a
|-activate|p1b: Big Gamba|move: Protect
|-resisted|p1a: Cringe
|-damage|p1a: Cringe|30/100
|move|p2a: Ninetales|Blizzard|p1a: Cringe|[spread] p1a
|-activate|p1b: Big Gamba|move: Protect
|-resisted|p1a: Cringe
|-damage|p1a: Cringe|21/100
|move|p1a: Cringe|U-turn|p2b: Volcarona
|-resisted|p2b: Volcarona
|-damage|p2b: Volcarona|47/100
|
|t:|1756927817
|switch|p1a: Snake Eyes|Sneasler, L50, F|100/100|[from] U-turn
|
|-weather|Snowscape|[upkeep]
|-damage|p2a: Ninetales|0 fnt|[from] brn
|faint|p2a: Ninetales
|upkeep
|
|t:|1756927839
|switch|p2a: Corviknight|Corviknight, L50, M, shiny|100/100
|turn|5
|
|t:|1756927856
|move|p2b: Volcarona|Protect|p2b: Volcarona
|-singleturn|p2b: Volcarona|Protect
|move|p1a: Snake Eyes|Fake Out|p2a: Corviknight
|-resisted|p2a: Corviknight
|-damage|p2a: Corviknight|96/100
|move|p1b: Big Gamba|Sucker Punch||[still]
|-fail|p1b: Big Gamba
|cant|p2a: Corviknight|flinch
|
|-weather|none
|-heal|p2a: Corviknight|100/100|[from] item: Leftovers
|upkeep
|turn|6
|inactive|HopeAddict has 30 seconds left.
|
|t:|1756927888
|switch|p2b: Garchomp|Garchomp, L50, F, shiny|100/100
|switch|p1a: Cringe|Incineroar, L50, F|21/100
|-ability|p1a: Cringe|Intimidate|boost
|-ability|p2a: Corviknight|Mirror Armor
|-unboost|p1a: Cringe|atk|1
|-fail|p2b: Garchomp|unboost|[from] item: Clear Amulet|[of] p2b: Garchomp
|move|p1b: Big Gamba|Protect|p1b: Big Gamba
|-singleturn|p1b: Big Gamba|Protect
|move|p2a: Corviknight|Body Press|p1b: Big Gamba
|-activate|p1b: Big Gamba|move: Protect
|
|upkeep
|turn|7
|
|t:|1756927910
|move|p1a: Cringe|Fake Out|p2b: Garchomp
|-damage|p2b: Garchomp|95/100
|-damage|p1a: Cringe|9/100|[from] ability: Rough Skin|[of] p2b: Garchomp
|move|p1b: Big Gamba|Sucker Punch|p2a: Corviknight
|-damage|p2a: Corviknight|44/100
|cant|p2b: Garchomp|flinch
|move|p2a: Corviknight|Body Press|p1b: Big Gamba
|-supereffective|p1b: Big Gamba
|-damage|p1b: Big Gamba|0 fnt
|faint|p1b: Big Gamba
|
|-heal|p2a: Corviknight|50/100|[from] item: Leftovers
|upkeep
|
|t:|1756927926
|switch|p1b: Earhart|Dragapult, L50, F|100/100
|turn|8
|inactive|HopeAddict has 30 seconds left.
|
|t:|1756927954
|-terastallize|p2b: Garchomp|Ground
|move|p1b: Earhart|Dragon Darts|p2b: Garchomp
|-damage|p2b: Garchomp|68/100
|-anim|p1b: Earhart|Dragon Darts|p2a: Corviknight
|-resisted|p2a: Corviknight
|-damage|p2a: Corviknight|39/100
|move|p2b: Garchomp|Rock Slide|p1b: Earhart|[spread] p1b
|-miss|p2b: Garchomp|p1a: Cringe
|-damage|p1b: Earhart|76/100
|move|p2a: Corviknight|Tailwind|p2a: Corviknight
|-sidestart|p2: HopeAddict|move: Tailwind
|move|p1a: Cringe|Flare Blitz|p2a: Corviknight
|-supereffective|p2a: Corviknight
|-damage|p2a: Corviknight|0 fnt
|faint|p2a: Corviknight
|-damage|p1a: Cringe|0 fnt|[from] Recoil
|faint|p1a: Cringe
|
|upkeep
|inactive|HelhiemFiend has 30 seconds left.
|
|t:|1756927987
|switch|p2a: Volcarona|Volcarona, L50, M|47/100
|switch|p1a: Snake Eyes|Sneasler, L50, F|100/100
|turn|9
|
|t:|1756928007
|move|p2b: Garchomp|Protect|p2b: Garchomp
|-singleturn|p2b: Garchomp|Protect
|move|p2a: Volcarona|Protect|p2a: Volcarona
|-singleturn|p2a: Volcarona|Protect
|move|p1b: Earhart|Dragon Darts|p2b: Garchomp
|-activate|p2a: Volcarona|move: Protect
|move|p1a: Snake Eyes|Dire Claw|p2a: Volcarona
|-activate|p2a: Volcarona|move: Protect
|
|-sideend|p2: HopeAddict|move: Aurora Veil
|upkeep
|turn|10
|
|t:|1756928015
|move|p2b: Garchomp|Stomping Tantrum|p1b: Earhart
|-damage|p1b: Earhart|11/100
|move|p2a: Volcarona|Heat Wave|p1b: Earhart|[spread] p1a,p1b
|-resisted|p1b: Earhart
|-damage|p1a: Snake Eyes|56/100
|-damage|p1b: Earhart|0 fnt
|faint|p1b: Earhart
|move|p1a: Snake Eyes|Dire Claw|p2a: Volcarona
|-damage|p2a: Volcarona|0 fnt
|faint|p2a: Volcarona
|
|upkeep
|turn|11
|
|t:|1756928028
|move|p1a: Snake Eyes|Protect|p1a: Snake Eyes
|-singleturn|p1a: Snake Eyes|Protect
|move|p2b: Garchomp|Stomping Tantrum|p1a: Snake Eyes
|-activate|p1a: Snake Eyes|move: Protect
|
|-sideend|p2: HopeAddict|move: Tailwind
|upkeep
|turn|12
|
|t:|1756928029
|move|p1a: Snake Eyes|Dire Claw|p2b: Garchomp
|-resisted|p2b: Garchomp
|-damage|p2b: Garchomp|46/100
|-damage|p1a: Snake Eyes|43/100|[from] ability: Rough Skin|[of] p2b: Garchomp
|move|p2b: Garchomp|Stomping Tantrum|p1a: Snake Eyes
|-supereffective|p1a: Snake Eyes
|-damage|p1a: Snake Eyes|0 fnt
|faint|p1a: Snake Eyes
|
|win|HopeAddict
||HelhiemFiend is ready for game 2.
||HopeAddict is ready for game 2.
|uhtml|next|Next: Game 2 of 3
