|j|☆kimius64
|j|☆Charizard0420
|html|kimius64Charizard0420    
|uhtml|bestof|Game 1 of a best-of-3
|t:|1783233647
|gametype|doubles
|player|p1|kimius64|iris-gen5bw2|1229
|player|p2|Charizard0420|2|1000
|gen|9
|tier|[Gen 9 Champions] VGC 2026 Reg M-B (Bo3)
|rated|
|rule|Species Clause: Limit one of each Pokémon
|rule|Item Clause: Limit 1 of each item
|clearpoke
|poke|p1|Raichu, L50, F|
|poke|p1|Gyarados, L50, M|
|poke|p1|Mamoswine, L50, F|
|poke|p1|Kingambit, L50, F|
|poke|p1|Sneasler, L50, F|
|poke|p1|Sinistcha, L50|
|poke|p2|Ceruledge, L50, M|
|poke|p2|Incineroar, L50, F, shiny|
|poke|p2|Sinistcha, L50, shiny|
|poke|p2|Grimmsnarl, L50, M, shiny|
|poke|p2|Garchomp, L50, M, shiny|
|poke|p2|Staraptor, L50, F, shiny|
|teampreview|4
|showteam|p1|Raichu||RaichuniteY|LightningRod|ZapCannon,FocusBlast,FakeOut,Protect|Timid||F|||50|]Gyarados||Gyaradosite|Intimidate|Waterfall,LashOut,DragonDance,Protect|Adamant||M|||50|]Mamoswine||LifeOrb|Oblivious|HighHorsepower,IceShard,IcicleCrash,Protect|Jolly||F|||50|]Kingambit||FocusSash|Defiant|IronHead,KowtowCleave,SuckerPunch,LowKick|Adamant||F|||50|]Sneasler||WhiteHerb|Unburden|FakeOut,Coaching,CloseCombat,DireClaw|Jolly||F|||50|]Sinistcha||CobaBerry|Hospitality|LeafStorm,RagePowder,TrickRoom,ShadowBall|Calm|||||50|
|showteam|p2|Ceruledge||Leftovers|FlashFire|Protect,BitterBlade,BulkUp,ShadowSneak|Adamant||M|||50|]Incineroar||PasshoBerry|Intimidate|Protect,FakeOut,PartingShot,ThroatChop|Sassy||F|||50|]Sinistcha||ColburBerry|Hospitality|Protect,RagePowder,MatchaGotcha,PsychUp|Bold|||||50|]Grimmsnarl||LightClay|Prankster|SpiritBreak,PartingShot,ScaryFace,LightScreen|Careful||M|||50|]Garchomp||LifeOrb|RoughSkin|Protect,Earthquake,RockSlide,DragonClaw|Jolly||M|||50|]Staraptor||Staraptite|Intimidate|Protect,BraveBird,CloseCombat,Roost|Jolly||F|||50|
|
|t:|1783233681
|teamsize|p1|4
|teamsize|p2|4
|start
|switch|p1a: Raichu|Raichu, L50, F|100/100
|switch|p1b: Sneasler|Sneasler, L50, F|100/100
|switch|p2a: Grimmsnarl|Grimmsnarl, L50, M, shiny|100/100
|switch|p2b: Staraptor|Staraptor, L50, F, shiny|100/100
|-ability|p2b: Staraptor|Intimidate|boost
|-unboost|p1a: Raichu|atk|1
|-unboost|p1b: Sneasler|atk|1
|-enditem|p1b: Sneasler|White Herb
|-clearnegativeboost|p1b: Sneasler|[silent]
|turn|1
|
|t:|1783233700
|detailschange|p2b: Staraptor|Staraptor-Mega, L50, F, shiny
|-mega|p2b: Staraptor|Staraptor|Staraptite
|detailschange|p1a: Raichu|Raichu-Mega-Y, L50, F
|-mega|p1a: Raichu|Raichu|Raichunite Y
|move|p2b: Staraptor|Protect|p2b: Staraptor
|-singleturn|p2b: Staraptor|Protect
|move|p1b: Sneasler|Fake Out|p2a: Grimmsnarl
|-damage|p2a: Grimmsnarl|86/100
|cant|p2a: Grimmsnarl|flinch
|move|p1a: Raichu|Zap Cannon|p2b: Staraptor
|-activate|p2b: Staraptor|move: Protect
|
|upkeep
|turn|2
|
|t:|1783233725
|move|p2a: Grimmsnarl|Scary Face|p2b: Staraptor
|-boost|p2b: Staraptor|spe|2
|move|p1b: Sneasler|Coaching|p1a: Raichu
|-boost|p1a: Raichu|atk|1
|-boost|p1a: Raichu|def|1
|move|p2b: Staraptor|Close Combat|p1a: Raichu
|-damage|p1a: Raichu|48/100
|-boost|p2b: Staraptor|def|1
|-boost|p2b: Staraptor|spd|1
|move|p1a: Raichu|Zap Cannon|p2b: Staraptor
|-supereffective|p2b: Staraptor|1
|-damage|p2b: Staraptor|17/100
|-status|p2b: Staraptor|par
|
|upkeep
|turn|3
|
|t:|1783233753
|move|p2b: Staraptor|Protect|p2b: Staraptor
|-singleturn|p2b: Staraptor|Protect
|move|p2a: Grimmsnarl|Light Screen|p2a: Grimmsnarl
|-sidestart|p2: Charizard0420|move: Light Screen
|move|p1b: Sneasler|Dire Claw|p2a: Grimmsnarl
|-supereffective|p2a: Grimmsnarl|1
|-damage|p2a: Grimmsnarl|7/100
|move|p1a: Raichu|Zap Cannon|p2a: Grimmsnarl
|-damage|p2a: Grimmsnarl|0 fnt
|faint|p2a: Grimmsnarl
|
|upkeep
|
|t:|1783233777
|switch|p2a: Incineroar|Incineroar, L50, F, shiny|100/100
|-ability|p2a: Incineroar|Intimidate|boost
|-unboost|p1a: Raichu|atk|1
|-unboost|p1b: Sneasler|atk|1
|turn|4
|
|t:|1783233786
|switch|p1b: Sinistcha|Sinistcha, L50|100/100
|-heal|p1a: Raichu|73/100|[from] ability: Hospitality|[of] p1b: Sinistcha
|move|p1a: Raichu|Protect|p1a: Raichu
|-singleturn|p1a: Raichu|Protect
|move|p2a: Incineroar|Fake Out|p1a: Raichu
|-activate|p1a: Raichu|move: Protect
|move|p2b: Staraptor|Roost|p2b: Staraptor
|-heal|p2b: Staraptor|67/100 par
|-singleturn|p2b: Staraptor|move: Roost
|
|upkeep
|turn|5
|
|t:|1783233820
|move|p2b: Staraptor|Protect|p2b: Staraptor
|-singleturn|p2b: Staraptor|Protect
|move|p1b: Sinistcha|Rage Powder|p1b: Sinistcha
|-singleturn|p1b: Sinistcha|move: Rage Powder
|move|p1a: Raichu|Focus Blast|p2a: Incineroar
|-supereffective|p2a: Incineroar|1
|-damage|p2a: Incineroar|56/100
|move|p2a: Incineroar|Parting Shot|p1b: Sinistcha
|-unboost|p1b: Sinistcha|atk|1
|-unboost|p1b: Sinistcha|spa|1
|
|t:|1783233830
|switch|p2a: Garchomp|Garchomp, L50, M, shiny|100/100|[from] Parting Shot
|
|upkeep
|turn|6
|
|t:|1783233844
|move|p1a: Raichu|Zap Cannon|p2b: Staraptor
|-supereffective|p2b: Staraptor|1
|-damage|p2b: Staraptor|12/100 par
|cant|p2b: Staraptor|par
|move|p2a: Garchomp|Earthquake|p1b: Sinistcha|[spread] p1a,p1b
|-immune|p2b: Staraptor
|-supereffective|p1a: Raichu|1
|-resisted|p1b: Sinistcha|1
|-damage|p1a: Raichu|0 fnt
|-damage|p1b: Sinistcha|77/100
|faint|p1a: Raichu
|-damage|p2a: Garchomp|90/100|[from] item: Life Orb
|move|p1b: Sinistcha|Shadow Ball|p2a: Garchomp
|-damage|p2a: Garchomp|71/100
|
|upkeep
|
|t:|1783233854
|switch|p1a: Mamoswine|Mamoswine, L50, F|100/100
|turn|7
|
|t:|1783233866
|move|p1a: Mamoswine|Ice Shard|p2b: Staraptor
|-supereffective|p2b: Staraptor|1
|-damage|p2b: Staraptor|0 fnt
|faint|p2b: Staraptor
|-damage|p1a: Mamoswine|90/100|[from] item: Life Orb
|move|p2a: Garchomp|Rock Slide|p1b: Sinistcha|[spread] p1a,p1b
|-damage|p1a: Mamoswine|62/100
|-damage|p1b: Sinistcha|51/100
|-damage|p2a: Garchomp|61/100|[from] item: Life Orb
|cant|p1b: Sinistcha|flinch
|
|upkeep
|
|t:|1783233877
|switch|p2b: Incineroar|Incineroar, L50, F, shiny|56/100
|-ability|p2b: Incineroar|Intimidate|boost
|-fail|p1a: Mamoswine|unboost|Attack|[from] ability: Oblivious|[of] p1a: Mamoswine
|-unboost|p1b: Sinistcha|atk|1
|turn|8
|
|t:|1783233884
|switch|p1b: Sneasler|Sneasler, L50, F|100/100
|move|p1a: Mamoswine|Protect|p1a: Mamoswine
|-singleturn|p1a: Mamoswine|Protect
|move|p2b: Incineroar|Fake Out|p1a: Mamoswine
|-activate|p1a: Mamoswine|move: Protect
|move|p2a: Garchomp|Rock Slide|p1b: Sneasler|[spread] p1b
|-activate|p1a: Mamoswine|move: Protect
|-resisted|p1b: Sneasler|1
|-damage|p1b: Sneasler|77/100
|-damage|p2a: Garchomp|51/100|[from] item: Life Orb
|
|upkeep
|turn|9
|
|t:|1783233904
|move|p2a: Garchomp|Protect|p2a: Garchomp
|-singleturn|p2a: Garchomp|Protect
|move|p1a: Mamoswine|Ice Shard|p2a: Garchomp
|-activate|p2a: Garchomp|move: Protect
|move|p1b: Sneasler|Close Combat|p2b: Incineroar
|-supereffective|p2b: Incineroar|1
|-damage|p2b: Incineroar|0 fnt
|-unboost|p1b: Sneasler|def|1
|-unboost|p1b: Sneasler|spd|1
|faint|p2b: Incineroar
|
|upkeep
|turn|10
|
|t:|1783233919
|move|p1b: Sneasler|Coaching|p1a: Mamoswine
|-boost|p1a: Mamoswine|atk|1
|-boost|p1a: Mamoswine|def|1
|move|p2a: Garchomp|Earthquake|p1a: Mamoswine|[spread] p1a,p1b
|-supereffective|p1b: Sneasler|1
|-damage|p1a: Mamoswine|24/100
|-damage|p1b: Sneasler|0 fnt
|faint|p1b: Sneasler
|-damage|p2a: Garchomp|42/100|[from] item: Life Orb
|move|p1a: Mamoswine|Icicle Crash|p2a: Garchomp
|-supereffective|p2a: Garchomp|2
|-damage|p2a: Garchomp|0 fnt
|faint|p2a: Garchomp
|-damage|p1a: Mamoswine|14/100|[from] item: Life Orb
|
|win|kimius64
||kimius64 is ready for game 2.
||Charizard0420 is ready for game 2.
|uhtml|next|Next: Game 2 of 3
|l|☆Charizard0420
|player|p2|
