|j|☆tincsort
|j|☆javivaarela
|html|tincsortjavivaarela    
|uhtml|bestof|Game 2 of a best-of-3
|t:|1785789312
|gametype|doubles
|player|p1|tincsort|blaine|
|player|p2|javivaarela|102|
|gen|9
|tier|[Gen 9 Champions] VGC 2026 Reg M-B (Bo3)
|rule|Species Clause: Limit one of each Pokémon
|rule|Item Clause: Limit 1 of each item
|clearpoke
|poke|p1|Raichu, L50, F|
|poke|p1|Sinistcha, L50|
|poke|p1|Ceruledge, L50, F|
|poke|p1|Milotic, L50, M|
|poke|p1|Incineroar, L50, M|
|poke|p1|Sneasler, L50, F|
|poke|p2|Blastoise, L50, F|
|poke|p2|Delphox, L50, F|
|poke|p2|Incineroar, L50, M|
|poke|p2|Sneasler, L50, F|
|poke|p2|Sinistcha, L50|
|poke|p2|Maushold-Four, L50|
|teampreview|4
|showteam|p1|Raichu||RaichuniteY|LightningRod|ZapCannon,FocusBlast,FakeOut,Protect|Timid||F|||50|]Sinistcha||KasibBerry|Hospitality|MatchaGotcha,LifeDew,RagePowder,Protect|Relaxed|||||50|]Ceruledge||ColburBerry|FlashFire|BitterBlade,ShadowSneak,BulkUp,Protect|Adamant||F|||50|]Milotic||Leftovers|Competitive|MuddyWater,Coil,Hypnosis,Protect|Calm||M|||50|]Incineroar||SitrusBerry|Intimidate|FlareBlitz,ThroatChop,FakeOut,PartingShot|Impish||M|||50|]Sneasler||FocusSash|PoisonTouch|FakeOut,CloseCombat,DireClaw,Protect|Jolly||F|||50|
|showteam|p2|Blastoise||Blastoisinite|RainDish|WaterSpout,DarkPulse,ShellSmash,Protect|Modest||F|||50|]Delphox||Delphoxite|Blaze|HeatWave,Psyshock,NastyPlot,Protect|Timid||F|||50|]Incineroar||SitrusBerry|Intimidate|FakeOut,FlareBlitz,ThroatChop,PartingShot|Impish||M|||50|]Sneasler||FocusSash|PoisonTouch|FakeOut,CloseCombat,DireClaw,QuickGuard|Jolly||F|||50|]Sinistcha||KasibBerry|Hospitality|MatchaGotcha,LifeDew,RagePowder,Protect|Bold|||||50|]Maushold-Four||ChopleBerry|FriendGuard|SuperFang,Feint,FollowMe,Protect|Impish|||||50|
|inactive|Battle timer is ON: inactive players will automatically lose when time's up. (requested by tincsort)
|inactive|tincsort has 60 seconds left.
|j| miraiis curse
|c| miraiis curse|menos mal que soy un genio, la proxima vez pasar game kbrones
|inactive|tincsort has 30 seconds left.
|inactive|tincsort has 20 seconds left.
|c|☆javivaarela|my bad
|
|t:|1785789387
|teamsize|p1|4
|teamsize|p2|4
|start
|switch|p1a: Milotic|Milotic, L50, M|100/100
|switch|p1b: Raichu|Raichu, L50, F|100/100
|switch|p2a: Blastoise|Blastoise, L50, F|100/100
|switch|p2b: Sneasler|Sneasler, L50, F|100/100
|turn|1
|inactive|javivaarela has 30 seconds left.
|inactive|javivaarela has 20 seconds left.
|inactive|javivaarela has 15 seconds left.
|inactive|javivaarela has 10 seconds left.
|
|t:|1785789434
|detailschange|p1b: Raichu|Raichu-Mega-Y, L50, F
|-mega|p1b: Raichu|Raichu|Raichunite Y
|detailschange|p2a: Blastoise|Blastoise-Mega, L50, F
|-mega|p2a: Blastoise|Blastoise|Blastoisinite
|move|p1b: Raichu|Fake Out|p2b: Sneasler
|-damage|p2b: Sneasler|86/100
|cant|p2b: Sneasler|flinch
|move|p2a: Blastoise|Shell Smash|p2a: Blastoise
|-unboost|p2a: Blastoise|def|1
|-unboost|p2a: Blastoise|spd|1
|-boost|p2a: Blastoise|atk|2
|-boost|p2a: Blastoise|spa|2
|-boost|p2a: Blastoise|spe|2
|move|p1a: Milotic|Coil|p1a: Milotic
|-boost|p1a: Milotic|atk|1
|-boost|p1a: Milotic|def|1
|-boost|p1a: Milotic|accuracy|1
|
|upkeep
|turn|2
|inactive|tincsort has 30 seconds left.
|inactive|javivaarela has 30 seconds left.
|inactive|tincsort has 20 seconds left.
|
|t:|1785789470
|switch|p2b: Sinistcha|Sinistcha, L50|100/100
|move|p2a: Blastoise|Protect|p2a: Blastoise
|-singleturn|p2a: Blastoise|Protect
|move|p1b: Raichu|Protect|p1b: Raichu
|-singleturn|p1b: Raichu|Protect
|move|p1a: Milotic|Hypnosis|p2a: Blastoise
|-activate|p2a: Blastoise|move: Protect
|
|upkeep
|turn|3
|
|t:|1785789485
|switch|p1b: Sinistcha|Sinistcha, L50|100/100
|move|p2b: Sinistcha|Rage Powder|p2b: Sinistcha
|-singleturn|p2b: Sinistcha|move: Rage Powder
|move|p2a: Blastoise|Water Spout|p1b: Sinistcha|[spread] p1a,p1b
|-resisted|p1a: Milotic|1
|-resisted|p1b: Sinistcha|1
|-damage|p1a: Milotic|59/100
|-damage|p1b: Sinistcha|34/100
|move|p1a: Milotic|Muddy Water|p2b: Sinistcha|[spread] p2a,p2b
|-resisted|p2a: Blastoise|1
|-resisted|p2b: Sinistcha|1
|-damage|p2a: Blastoise|83/100
|-damage|p2b: Sinistcha|90/100
|
|-heal|p1a: Milotic|65/100|[from] item: Leftovers
|upkeep
|turn|4
|inactive|javivaarela has 30 seconds left.
|inactive|javivaarela has 20 seconds left.
|inactive|javivaarela has 15 seconds left.
|inactive|javivaarela has 10 seconds left.
|
|t:|1785789531
|switch|p1b: Incineroar|Incineroar, L50, M|100/100
|-ability|p1b: Incineroar|Intimidate|boost
|-unboost|p2a: Blastoise|atk|1
|-unboost|p2b: Sinistcha|atk|1
|move|p2a: Blastoise|Protect|p2a: Blastoise
|-singleturn|p2a: Blastoise|Protect
|move|p1a: Milotic|Muddy Water|p2b: Sinistcha|[spread] p2b
|-activate|p2a: Blastoise|move: Protect
|-resisted|p2b: Sinistcha|1
|-damage|p2b: Sinistcha|79/100
|move|p2b: Sinistcha|Matcha Gotcha|p1b: Incineroar|[spread] p1a
|-miss|p2b: Sinistcha|p1b: Incineroar
|-supereffective|p1a: Milotic|1
|-damage|p1a: Milotic|29/100
|-heal|p2b: Sinistcha|99/100|[from] drain|[of] p1a: Milotic
|-status|p1a: Milotic|brn
|
|-heal|p1a: Milotic|35/100 brn|[from] item: Leftovers
|-damage|p1a: Milotic|29/100 brn|[from] brn
|upkeep
|turn|5
|
|t:|1785789551
|switch|p1b: Sinistcha|Sinistcha, L50|34/100
|-heal|p1a: Milotic|54/100 brn|[from] ability: Hospitality|[of] p1b: Sinistcha
|move|p2b: Sinistcha|Rage Powder|p2b: Sinistcha
|-singleturn|p2b: Sinistcha|move: Rage Powder
|move|p2a: Blastoise|Water Spout|p1a: Milotic|[spread] p1a,p1b
|-resisted|p1a: Milotic|1
|-crit|p1a: Milotic
|-resisted|p1b: Sinistcha|1
|-crit|p1b: Sinistcha
|-damage|p1a: Milotic|0 fnt
|-damage|p1b: Sinistcha|0 fnt
|faint|p1a: Milotic
|faint|p1b: Sinistcha
|
|upkeep
|inactive|tincsort has 30 seconds left.
|c|☆tincsort|XD
|inactive|tincsort has 20 seconds left.
|-message|tincsort forfeited.
|
|win|javivaarela
