|j|☆NewAdi6
|j|☆rafa0145
|html|NewAdi6rafa0145    
|uhtml|bestof|Game 1 of a best-of-3
|t:|1783936773
|gametype|doubles
|player|p1|NewAdi6|102|1225
|player|p2|rafa0145|170|1171
|gen|9
|tier|[Gen 9 Champions] VGC 2026 Reg M-B (Bo3)
|rated|
|rule|Species Clause: Limit one of each Pokémon
|rule|Item Clause: Limit 1 of each item
|clearpoke
|poke|p1|Farigiraf, L50, F|
|poke|p1|Alcremie-Ruby-Swirl, L50, F|
|poke|p1|Floette-Eternal, L50, F|
|poke|p1|Incineroar, L50, M|
|poke|p1|Garchomp, L50, F|
|poke|p1|Lucario, L50, F|
|poke|p2|Charizard, L50, F|
|poke|p2|Kingambit, L50, F|
|poke|p2|Sylveon, L50, F|
|poke|p2|Garchomp, L50, M|
|poke|p2|Aerodactyl, L50, F|
|poke|p2|Farigiraf, L50, F|
|teampreview|4
|showteam|p1|Farigiraf||SitrusBerry|ArmorTail|HyperVoice,Psychic,Protect,TrickRoom|Relaxed||F|||50|]Alcremie-Ruby-Swirl||KebiaBerry|AromaVeil|Decorate,HelpingHand,Protect,AlluringVoice|Relaxed||F|||50|]Floette-Eternal||Floettite|FlowerVeil|DrainingKiss,Moonblast,DazzlingGleam,Protect|Timid||F|||50|]Incineroar||LumBerry|Intimidate|DarkestLariat,FlareBlitz,FakeOut,PartingShot|Careful||M|||50|]Garchomp||LifeOrb|RoughSkin|RockSlide,StompingTantrum,DragonClaw,Protect|Jolly||F|||50|]Lucario||Lucarionite|InnerFocus|BulletPunch,MeteorMash,CloseCombat,Protect|Jolly||F|||50|
|showteam|p2|Charizard||CharizarditeY|SolarPower|Protect,HeatWave,SolarBeam,WeatherBall|Modest||F|||50|]Kingambit||FocusSash|Defiant|IronHead,SuckerPunch,KowtowCleave,LowKick|Adamant||F|||50|]Sylveon||FairyFeather|Pixilate|Detect,HyperVoice,HyperBeam,QuickAttack|Modest||F|||50|]Garchomp||LifeOrb|RoughSkin|Protect,DragonClaw,Earthquake,RockSlide|Jolly||M|||50|]Aerodactyl||Aerodactylite|Unnerve|IceFang,RockSlide,Tailwind,DualWingbeat|Jolly||F|||50|]Farigiraf||SitrusBerry|ArmorTail|TrickRoom,Psychic,Thunderbolt,Roar|Bold||F|||50|
|inactive|Battle timer is ON: inactive players will automatically lose when time's up. (requested by NewAdi6)
|
|t:|1783936820
|teamsize|p1|4
|teamsize|p2|4
|start
|switch|p1a: Lucario|Lucario, L50, F|100/100
|switch|p1b: Garchomp|Garchomp, L50, F|100/100
|switch|p2a: Garchomp|Garchomp, L50, M|100/100
|switch|p2b: Charizard|Charizard, L50, F|100/100
|turn|1
|inactive|rafa0145 has 30 seconds left.
|
|t:|1783936847
|switch|p1a: Incineroar|Incineroar, L50, M|100/100
|-ability|p1a: Incineroar|Intimidate|boost
|-unboost|p2a: Garchomp|atk|1
|-unboost|p2b: Charizard|atk|1
|detailschange|p2b: Charizard|Charizard-Mega-Y, L50, F
|-mega|p2b: Charizard|Charizard|Charizardite Y
|-weather|SunnyDay|[from] ability: Drought|[of] p2b: Charizard
|move|p2b: Charizard|Protect|p2b: Charizard
|-singleturn|p2b: Charizard|Protect
|move|p1b: Garchomp|Rock Slide|p2a: Garchomp|[spread] p2a
|-activate|p2b: Charizard|move: Protect
|-resisted|p2a: Garchomp|1
|-damage|p2a: Garchomp|88/100
|-damage|p1b: Garchomp|90/100|[from] item: Life Orb
|move|p2a: Garchomp|Dragon Claw|p1b: Garchomp
|-supereffective|p1b: Garchomp|1
|-damage|p1b: Garchomp|18/100
|-damage|p2a: Garchomp|76/100|[from] ability: Rough Skin|[of] p1b: Garchomp
|-damage|p2a: Garchomp|66/100|[from] item: Life Orb
|
|-weather|SunnyDay|[upkeep]
|upkeep
|turn|2
|
|t:|1783936869
|switch|p2b: Farigiraf|Farigiraf, L50, F|100/100
|move|p1a: Incineroar|Fake Out||[still]
|cant|p2b: Farigiraf|ability: Armor Tail|Fake Out|[of] p1a: Incineroar
|move|p2a: Garchomp|Earthquake|p1b: Garchomp|[spread] p2b,p1a,p1b
|-supereffective|p1a: Incineroar|1
|-damage|p2b: Farigiraf|72/100
|-damage|p1a: Incineroar|42/100
|-damage|p1b: Garchomp|0 fnt
|faint|p1b: Garchomp
|-damage|p2a: Garchomp|56/100|[from] item: Life Orb
|
|-weather|SunnyDay|[upkeep]
|upkeep
|
|t:|1783936873
|switch|p1b: Lucario|Lucario, L50, F|100/100
|turn|3
|
|t:|1783936897
|switch|p2b: Charizard|Charizard-Mega-Y, L50, F|100/100
|detailschange|p1b: Lucario|Lucario-Mega, L50, F
|-mega|p1b: Lucario|Lucario|Lucarionite
|move|p1b: Lucario|Close Combat|p2a: Garchomp
|-damage|p2a: Garchomp|0 fnt
|-unboost|p1b: Lucario|def|1
|-unboost|p1b: Lucario|spd|1
|-damage|p1b: Lucario|87/100|[from] ability: Rough Skin|[of] p2a: Garchomp
|faint|p2a: Garchomp
|move|p1a: Incineroar|Flare Blitz|p2b: Charizard
|-resisted|p2b: Charizard|1
|-damage|p2b: Charizard|68/100
|-damage|p1a: Incineroar|32/100|[from] Recoil
|
|-weather|SunnyDay|[upkeep]
|upkeep
|
|t:|1783936921
|switch|p2a: Farigiraf|Farigiraf, L50, F|72/100
|turn|4
|
|t:|1783936930
|move|p2b: Charizard|Protect|p2b: Charizard
|-singleturn|p2b: Charizard|Protect
|move|p1b: Lucario|Close Combat|p2b: Charizard
|-activate|p2b: Charizard|move: Protect
|move|p1a: Incineroar|Darkest Lariat|p2b: Charizard
|-activate|p2b: Charizard|move: Protect
|move|p2a: Farigiraf|Trick Room|p2a: Farigiraf
|-fieldstart|move: Trick Room|[of] p2a: Farigiraf
|
|-weather|SunnyDay|[upkeep]
|upkeep
|turn|5
|
|t:|1783936948
|switch|p1b: Alcremie|Alcremie-Ruby-Swirl, L50, F|100/100
|move|p2a: Farigiraf|Thunderbolt|p1a: Incineroar
|-damage|p1a: Incineroar|16/100
|move|p1a: Incineroar|Flare Blitz|p2b: Charizard
|-resisted|p2b: Charizard|1
|-damage|p2b: Charizard|32/100
|-damage|p1a: Incineroar|5/100|[from] Recoil
|move|p2b: Charizard|Heat Wave|p1a: Incineroar|[spread] p1a
|-miss|p2b: Charizard|p1b: Alcremie
|-resisted|p1a: Incineroar|1
|-damage|p1a: Incineroar|0 fnt
|faint|p1a: Incineroar
|
|-weather|none
|upkeep
|
|t:|1783936952
|switch|p1a: Lucario|Lucario-Mega, L50, F|87/100
|turn|6
|
|t:|1783936973
|move|p1a: Lucario|Protect|p1a: Lucario
|-singleturn|p1a: Lucario|Protect
|move|p1b: Alcremie|Alluring Voice|p2b: Charizard
|-resisted|p2b: Charizard|1
|-damage|p2b: Charizard|19/100
|move|p2a: Farigiraf|Psychic|p1a: Lucario
|-activate|p1a: Lucario|move: Protect
|move|p2b: Charizard|Heat Wave|p1a: Lucario|[spread] p1b
|-activate|p1a: Lucario|move: Protect
|-damage|p1b: Alcremie|65/100
|
|upkeep
|turn|7
|
|t:|1783936985
|move|p1b: Alcremie|Alluring Voice|p2b: Charizard
|-resisted|p2b: Charizard|1
|-damage|p2b: Charizard|7/100
|move|p2a: Farigiraf|Psychic|p1a: Lucario
|-damage|p1a: Lucario|30/100
|move|p2b: Charizard|Heat Wave|p1b: Alcremie|[spread] p1a
|-miss|p2b: Charizard|p1b: Alcremie
|-supereffective|p1a: Lucario|1
|-damage|p1a: Lucario|0 fnt
|faint|p1a: Lucario
|
|upkeep
|turn|8
|
|t:|1783936997
|move|p1b: Alcremie|Alluring Voice|p2b: Charizard
|-resisted|p2b: Charizard|1
|-damage|p2b: Charizard|0 fnt
|faint|p2b: Charizard
|move|p2a: Farigiraf|Psychic|p1b: Alcremie
|-damage|p1b: Alcremie|35/100
|
|-fieldend|move: Trick Room
|upkeep
|
|t:|1783937003
|switch|p2b: Kingambit|Kingambit, L50, F|100/100
|turn|9
|
|t:|1783937007
|move|p2b: Kingambit|Iron Head|p1b: Alcremie
|-supereffective|p1b: Alcremie|1
|-damage|p1b: Alcremie|0 fnt
|faint|p1b: Alcremie
|
|win|rafa0145
