|j|☆Crying Flurmels
|j|☆achiphoond
|html|Crying Flurmelsachiphoond    
|uhtml|bestof|Game 3 of a best-of-3
|t:|1756926265
|gametype|doubles
|player|p1|Crying Flurmels|102|
|player|p2|achiphoond|1|
|gen|9
|tier|[Gen 9] VGC 2025 Reg H (Bo3)
|rule|Species Clause: Limit one of each Pokémon
|rule|Item Clause: Limit 1 of each item
|clearpoke
|poke|p1|Murkrow, L50, F|
|poke|p1|Volcarona, L50, M|
|poke|p1|Sneasler, L50, M|
|poke|p1|Kingambit, L50, M|
|poke|p1|Dragonite, L50, M|
|poke|p1|Rillaboom, L50, F|
|poke|p2|Gholdengo, L50|
|poke|p2|Sneasler, L50, M|
|poke|p2|Rillaboom, L50, F|
|poke|p2|Dragonite, L50, F|
|poke|p2|Ninetales-Alola, L50, M|
|poke|p2|Arcanine-Hisui, L50, F|
|teampreview|4
|showteam|p1|Murkrow||Eviolite|Prankster|FoulPlay,Tailwind,Haze,SunnyDay|||F|||50|,,,,,Ghost]Volcarona||CovertCloak|FlameBody|HeatWave,TeraBlast,QuiverDance,Protect|||M|||50|,,,,,Water]Sneasler||GrassySeed|Unburden|DireClaw,CloseCombat,Protect,Coaching|||M|||50|,,,,,Stellar]Kingambit||BlackGlasses|Defiant|KowtowCleave,SuckerPunch,SwordsDance,Protect|||M|||50|,,,,,Dark]Dragonite||ChoiceBand|InnerFocus|Outrage,StompingTantrum,LowKick,ExtremeSpeed|||M|||50|,,,,,Normal]Rillaboom||MiracleSeed|GrassySurge|WoodHammer,GrassyGlide,Uturn,FakeOut|||F|||50|,,,,,Fire
|showteam|p2|Gholdengo||GrassySeed|GoodasGold|NastyPlot,MakeItRain,ShadowBall,Protect||||||50|,,,,,Water]Sneasler||WhiteHerb|Unburden|CloseCombat,DireClaw,Coaching,Protect|||M|||50|,,,,,Ghost]Rillaboom||AssaultVest|GrassySurge|FakeOut,GrassyGlide,DrumBeating,HighHorsepower|||F|||50|,,,,,Fire]Dragonite||LoadedDice|Multiscale|ScaleShot,StompingTantrum,Tailwind,Protect|||F|||50|,,,,,Ground]Ninetales-Alola||FocusSash|SnowWarning|Blizzard,IcyWind,Encore,AuroraVeil|||M|||50|,,,,,Ghost]Arcanine-Hisui||ClearAmulet|Intimidate|RockSlide,FlareBlitz,ExtremeSpeed,Protect|||F|||50|,,,,,Water
|inactive|Battle timer is ON: inactive players will automatically lose when time's up. (requested by achiphoond)
|inactive|achiphoond has 60 seconds left.
|inactive|achiphoond has 30 seconds left.
|inactive|achiphoond has 20 seconds left.
|inactive|achiphoond has 15 seconds left.
|
|t:|1756926344
|teamsize|p1|4
|teamsize|p2|4
|start
|switch|p1a: Kingambit|Kingambit, L50, M, shiny|100/100
|switch|p1b: Rillaboom|Rillaboom, L50, F, shiny|100/100
|switch|p2a: Sneasler|Sneasler, L50, M|100/100
|switch|p2b: Rillaboom|Rillaboom, L50, F|100/100
|-fieldstart|move: Grassy Terrain|[from] ability: Grassy Surge|[of] p2b: Rillaboom
|turn|1
|
|t:|1756926364
|move|p1a: Kingambit|Protect|p1a: Kingambit
|-singleturn|p1a: Kingambit|Protect
|move|p2b: Rillaboom|Fake Out|p1b: Rillaboom
|-damage|p1b: Rillaboom|87/100
|move|p2a: Sneasler|Close Combat|p1a: Kingambit
|-activate|p1a: Kingambit|move: Protect
|cant|p1b: Rillaboom|flinch
|
|-heal|p1b: Rillaboom|93/100|[from] Grassy Terrain
|upkeep
|turn|2
|inactive|achiphoond has 30 seconds left.
|
|t:|1756926400
|switch|p1a: Volcarona|Volcarona, L50, M|100/100
|move|p2a: Sneasler|Dire Claw|p1b: Rillaboom
|-supereffective|p1b: Rillaboom
|-damage|p1b: Rillaboom|17/100
|move|p2b: Rillaboom|High Horsepower|p1b: Rillaboom
|-resisted|p1b: Rillaboom
|-damage|p1b: Rillaboom|3/100
|move|p1b: Rillaboom|U-turn|p2b: Rillaboom
|-supereffective|p2b: Rillaboom
|-damage|p2b: Rillaboom|54/100
|
|t:|1756926415
|switch|p1b: Sneasler|Sneasler, L50, M|100/100|[from] U-turn
|-enditem|p1b: Sneasler|Grassy Seed
|-boost|p1b: Sneasler|def|1|[from] item: Grassy Seed
|
|-heal|p2b: Rillaboom|60/100|[from] Grassy Terrain
|upkeep
|turn|3
|inactive|achiphoond has 30 seconds left.
|inactive|achiphoond has 20 seconds left.
|
|t:|1756926452
|move|p1b: Sneasler|Dire Claw|p2a: Sneasler
|-resisted|p2a: Sneasler
|-damage|p2a: Sneasler|73/100
|-status|p2a: Sneasler|par
|move|p2b: Rillaboom|Drum Beating|p1b: Sneasler
|-resisted|p1b: Sneasler
|-damage|p1b: Sneasler|73/100
|-unboost|p1b: Sneasler|spe|1
|move|p1a: Volcarona|Quiver Dance|p1a: Volcarona
|-boost|p1a: Volcarona|spa|1
|-boost|p1a: Volcarona|spd|1
|-boost|p1a: Volcarona|spe|1
|cant|p2a: Sneasler|par
|
|-heal|p1b: Sneasler|79/100|[from] Grassy Terrain
|-heal|p2b: Rillaboom|66/100|[from] Grassy Terrain
|-heal|p2a: Sneasler|80/100 par|[from] Grassy Terrain
|upkeep
|turn|4
|inactive|achiphoond has 30 seconds left.
|
|t:|1756926485
|switch|p2b: Arcanine|Arcanine-Hisui, L50, F|100/100
|-ability|p2b: Arcanine|Intimidate|boost
|-unboost|p1a: Volcarona|atk|1
|-unboost|p1b: Sneasler|atk|1
|move|p1b: Sneasler|Dire Claw|p2a: Sneasler
|-resisted|p2a: Sneasler
|-damage|p2a: Sneasler|63/100 par
|move|p1a: Volcarona|Heat Wave|p2b: Arcanine|[spread] p2a,p2b
|-resisted|p2b: Arcanine
|-damage|p2a: Sneasler|0 fnt
|-damage|p2b: Arcanine|85/100
|faint|p2a: Sneasler
|
|-heal|p1b: Sneasler|84/100|[from] Grassy Terrain
|-heal|p2b: Arcanine|91/100|[from] Grassy Terrain
|upkeep
|inactive|achiphoond has 30 seconds left.
|
|t:|1756926511
|switch|p2a: Dragonite|Dragonite, L50, F|100/100
|turn|5
|inactive|achiphoond has 30 seconds left.
|inactive|Crying Flurmels has 30 seconds left.
|
|t:|1756926553
|-terastallize|p2b: Arcanine|Water
|move|p1b: Sneasler|Close Combat|p2b: Arcanine
|-damage|p2b: Arcanine|40/100
|-unboost|p1b: Sneasler|def|1
|-unboost|p1b: Sneasler|spd|1
|move|p1a: Volcarona|Heat Wave|p2b: Arcanine|[spread] p2a,p2b
|-resisted|p2a: Dragonite
|-resisted|p2b: Arcanine
|-damage|p2a: Dragonite|87/100
|-damage|p2b: Arcanine|4/100
|move|p2b: Arcanine|Rock Slide|p1b: Sneasler|[spread] p1a,p1b
|-supereffective|p1a: Volcarona
|-resisted|p1b: Sneasler
|-damage|p1a: Volcarona|0 fnt
|-damage|p1b: Sneasler|60/100
|faint|p1a: Volcarona
|move|p2a: Dragonite|Tailwind|p2a: Dragonite
|-sidestart|p2: achiphoond|move: Tailwind
|
|-heal|p2b: Arcanine|10/100|[from] Grassy Terrain
|-heal|p1b: Sneasler|66/100|[from] Grassy Terrain
|-fieldend|move: Grassy Terrain
|upkeep
|
|t:|1756926572
|switch|p1a: Kingambit|Kingambit, L50, M, shiny|100/100
|turn|6
|inactive|achiphoond has 30 seconds left.
|
|t:|1756926600
|switch|p1b: Rillaboom|Rillaboom, L50, F, shiny|3/100
|-fieldstart|move: Grassy Terrain|[from] ability: Grassy Surge|[of] p1b: Rillaboom
|move|p1a: Kingambit|Protect|p1a: Kingambit
|-singleturn|p1a: Kingambit|Protect
|move|p2b: Arcanine|Flare Blitz|p1a: Kingambit
|-activate|p1a: Kingambit|move: Protect
|move|p2a: Dragonite|Stomping Tantrum|p1b: Rillaboom
|-resisted|p1b: Rillaboom
|-damage|p1b: Rillaboom|0 fnt
|faint|p1b: Rillaboom
|
|-heal|p2b: Arcanine|16/100|[from] Grassy Terrain
|upkeep
|
|t:|1756926610
|switch|p1b: Sneasler|Sneasler, L50, M|66/100
|turn|7
|inactive|achiphoond has 30 seconds left.
|inactive|Crying Flurmels has 30 seconds left.
|
|t:|1756926647
|switch|p2b: Rillaboom|Rillaboom, L50, F|66/100
|-terastallize|p1a: Kingambit|Dark
|move|p1a: Kingambit|Sucker Punch|p2a: Dragonite
|-damage|p2a: Dragonite|9/100
|move|p2a: Dragonite|Stomping Tantrum|p1b: Sneasler
|-supereffective|p1b: Sneasler
|-damage|p1b: Sneasler|0 fnt
|faint|p1b: Sneasler
|
|-heal|p2b: Rillaboom|71/100|[from] Grassy Terrain
|upkeep
|turn|8
|inactive|achiphoond has 30 seconds left.
|inactive|achiphoond has 20 seconds left.
|
|t:|1756926687
|move|p1a: Kingambit|Protect|p1a: Kingambit
|-singleturn|p1a: Kingambit|Protect
|move|p2b: Rillaboom|Fake Out|p1a: Kingambit
|-activate|p1a: Kingambit|move: Protect
|move|p2a: Dragonite|Scale Shot|p1a: Kingambit
|-activate|p1a: Kingambit|move: Protect
|
|-heal|p2b: Rillaboom|77/100|[from] Grassy Terrain
|-sideend|p2: achiphoond|move: Tailwind
|upkeep
|turn|9
|inactive|achiphoond has 30 seconds left.
|inactive|achiphoond has 20 seconds left.
|
|t:|1756926725
|move|p1a: Kingambit|Sucker Punch|p2a: Dragonite
|-damage|p2a: Dragonite|0 fnt
|faint|p2a: Dragonite
|move|p2b: Rillaboom|Drum Beating|p1a: Kingambit
|-damage|p1a: Kingambit|59/100
|-unboost|p1a: Kingambit|spe|1
|-ability|p1a: Kingambit|Defiant|boost
|-boost|p1a: Kingambit|atk|2
|
|-heal|p2b: Rillaboom|83/100|[from] Grassy Terrain
|-heal|p1a: Kingambit|65/100|[from] Grassy Terrain
|upkeep
|
|t:|1756926728
|switch|p2a: Arcanine|Arcanine-Hisui, L50, F, tera:Water|16/100
|-ability|p2a: Arcanine|Intimidate|boost
|-unboost|p1a: Kingambit|atk|1
|-ability|p1a: Kingambit|Defiant|boost
|-boost|p1a: Kingambit|atk|2
|turn|10
|
|t:|1756926747
|move|p1a: Kingambit|Protect|p1a: Kingambit
|-singleturn|p1a: Kingambit|Protect
|move|p2a: Arcanine|Extreme Speed|p1a: Kingambit
|-activate|p1a: Kingambit|move: Protect
|move|p2b: Rillaboom|Drum Beating|p1a: Kingambit
|-activate|p1a: Kingambit|move: Protect
|
|-heal|p2a: Arcanine|22/100|[from] Grassy Terrain
|-heal|p2b: Rillaboom|89/100|[from] Grassy Terrain
|-heal|p1a: Kingambit|70/100|[from] Grassy Terrain
|-fieldend|move: Grassy Terrain
|upkeep
|turn|11
|
|t:|1756926766
|move|p1a: Kingambit|Sucker Punch|p2b: Rillaboom
|-damage|p2b: Rillaboom|0 fnt
|faint|p2b: Rillaboom
|move|p2a: Arcanine|Flare Blitz|p1a: Kingambit
|-damage|p1a: Kingambit|26/100
|-damage|p2a: Arcanine|5/100|[from] Recoil
|
|upkeep
|turn|12
|
|t:|1756926788
|move|p2a: Arcanine|Protect|p2a: Arcanine
|-singleturn|p2a: Arcanine|Protect
|move|p1a: Kingambit|Protect||[still]
|-fail|p1a: Kingambit
|
|upkeep
|turn|13
|
|t:|1756926808
|move|p1a: Kingambit|Protect|p1a: Kingambit
|-singleturn|p1a: Kingambit|Protect
|move|p2a: Arcanine|Flare Blitz|p1a: Kingambit
|-activate|p1a: Kingambit|move: Protect
|
|upkeep
|turn|14
|
|t:|1756926823
|move|p2a: Arcanine|Extreme Speed|p1a: Kingambit
|-damage|p1a: Kingambit|7/100
|move|p1a: Kingambit|Kowtow Cleave|p2a: Arcanine
|-damage|p2a: Arcanine|0 fnt
|faint|p2a: Arcanine
|
|win|Crying Flurmels
|c|☆Crying Flurmels|gg
|c|☆achiphoond|ig gg
|c|☆Crying Flurmels|that was insane played
|l|☆achiphoond
|player|p2|
