|j|☆lolgz
|j|☆M1To006
|html|lolgzM1To006    
|uhtml|bestof|Game 1 of a best-of-3
|t:|1783032521
|gametype|doubles
|player|p1|lolgz|dawn|1113
|player|p2|M1To006|266|1192
|gen|9
|tier|[Gen 9 Champions] VGC 2026 Reg M-B (Bo3)
|rated|
|rule|Species Clause: Limit one of each Pokémon
|rule|Item Clause: Limit 1 of each item
|clearpoke
|poke|p1|Scrafty, L50, M|
|poke|p1|Vivillon, L50, M|
|poke|p1|Incineroar, L50, F|
|poke|p1|Sinistcha, L50|
|poke|p1|Rotom-Wash, L50|
|poke|p1|Delphox, L50, M|
|poke|p2|Charizard, L50, F|
|poke|p2|Aerodactyl, L50, F|
|poke|p2|Garchomp, L50, F|
|poke|p2|Sylveon, L50, F|
|poke|p2|Kingambit, L50, M|
|poke|p2|Farigiraf, L50, F|
|teampreview|4
|showteam|p1|Scrafty||Scraftinite|Intimidate|DrainPunch,KnockOff,Protect,DragonDance|Jolly||M|||50|]Vivillon||ChoiceScarf|CompoundEyes|SleepPowder,Hurricane,RagePowder,Tailwind|Timid||M|||50|]Incineroar||PasshoBerry|Intimidate|PartingShot,FakeOut,ThroatChop,FlareBlitz|Careful||F|||50|]Sinistcha||KasibBerry|Hospitality|MatchaGotcha,RagePowder,LifeDew,Protect|Serious|||||50|]Rotom-Wash||SitrusBerry|Levitate|HydroPump,WillOWisp,VoltSwitch,LightScreen|Modest|||||50|]Delphox||Delphoxite|Blaze|HeatWave,Psychic,Protect,NastyPlot|Timid||M|||50|
|showteam|p2|Charizard||CharizarditeY|Blaze|WeatherBall,HeatWave,SolarBeam,Protect|Modest||F|||50|]Aerodactyl||Aerodactylite|Unnerve|DualWingbeat,RockSlide,Tailwind,IceFang|Jolly||F|||50|]Garchomp||LifeOrb|RoughSkin|Earthquake,DragonClaw,StompingTantrum,Protect|Jolly||F|||50|]Sylveon||FairyFeather|Pixilate|HyperVoice,HyperBeam,QuickAttack,Protect|Modest||F|||50|]Kingambit||FocusSash|Defiant|KowtowCleave,IronHead,SuckerPunch,LowKick|Adamant||M|||50|]Farigiraf||SitrusBerry|ArmorTail|Psychic,Thunderbolt,TrickRoom,Roar|Bold||F|||50|
|inactive|Battle timer is ON: inactive players will automatically lose when time's up. (requested by lolgz)
|j| ViviTop5
|l| ViviTop5
|inactive|lolgz has 60 seconds left.
|inactive|M1To006 has 60 seconds left.
|inactive|M1To006 has 30 seconds left.
|inactive|M1To006 has 20 seconds left.
|inactive|M1To006 has 15 seconds left.
|
|t:|1783032597
|teamsize|p1|4
|teamsize|p2|4
|start
|switch|p1a: Vivillon|Vivillon, L50, M|100/100
|switch|p1b: Delphox|Delphox, L50, M|100/100
|switch|p2a: Aerodactyl|Aerodactyl, L50, F|100/100
|switch|p2b: Sylveon|Sylveon, L50, F|100/100
|-ability|p2a: Aerodactyl|Unnerve
|turn|1
|
|t:|1783032621
|switch|p2a: Farigiraf|Farigiraf, L50, F|100/100
|detailschange|p1b: Delphox|Delphox-Mega, L50, M
|-mega|p1b: Delphox|Delphox|Delphoxite
|move|p1a: Vivillon|Sleep Powder|p2a: Farigiraf
|-status|p2a: Farigiraf|slp|[from] move: Sleep Powder
|move|p1b: Delphox|Nasty Plot|p1b: Delphox
|-boost|p1b: Delphox|spa|2
|move|p2b: Sylveon|Hyper Beam|p1a: Vivillon
|-damage|p1a: Vivillon|0 fnt
|-mustrecharge|p2b: Sylveon
|faint|p1a: Vivillon
|
|upkeep
|
|t:|1783032630
|switch|p1a: Rotom|Rotom-Wash, L50|100/100
|turn|2
|
|t:|1783032645
|move|p1b: Delphox|Nasty Plot|p1b: Delphox
|-boost|p1b: Delphox|spa|2
|move|p1a: Rotom|Light Screen|p1a: Rotom
|-sidestart|p1: lolgz|move: Light Screen
|cant|p2b: Sylveon|recharge
|cant|p2a: Farigiraf|slp
|
|upkeep
|turn|3
|
|t:|1783032656
|move|p1b: Delphox|Heat Wave|p2a: Farigiraf|[spread] p2a,p2b
|-damage|p2a: Farigiraf|0 fnt
|-damage|p2b: Sylveon|9/100
|faint|p2a: Farigiraf
|move|p1a: Rotom|Will-O-Wisp|p2b: Sylveon
|-status|p2b: Sylveon|brn
|move|p2b: Sylveon|Hyper Voice|p1b: Delphox|[spread] p1a,p1b
|-crit|p1a: Rotom
|-resisted|p1b: Delphox|1
|-damage|p1a: Rotom|22/100
|-damage|p1b: Delphox|87/100
|-enditem|p1a: Rotom|Sitrus Berry|[eat]
|-heal|p1a: Rotom|47/100|[from] item: Sitrus Berry
|
|-damage|p2b: Sylveon|3/100 brn|[from] brn
|upkeep
|
|t:|1783032676
|switch|p2a: Aerodactyl|Aerodactyl, L50, F|100/100
|-ability|p2a: Aerodactyl|Unnerve
|turn|4
|
|t:|1783032682
|detailschange|p2a: Aerodactyl|Aerodactyl-Mega, L50, F
|-mega|p2a: Aerodactyl|Aerodactyl|Aerodactylite
|move|p1b: Delphox|Protect|p1b: Delphox
|-singleturn|p1b: Delphox|Protect
|move|p2a: Aerodactyl|Rock Slide|p1a: Rotom|[spread] p1a
|-activate|p1b: Delphox|move: Protect
|-damage|p1a: Rotom|22/100
|move|p1a: Rotom|Will-O-Wisp|p2a: Aerodactyl
|-status|p2a: Aerodactyl|brn
|move|p2b: Sylveon|Hyper Voice|p1a: Rotom|[spread] p1a
|-activate|p1b: Delphox|move: Protect
|-damage|p1a: Rotom|0 fnt
|faint|p1a: Rotom
|
|-damage|p2a: Aerodactyl|93/100 brn|[from] brn
|-damage|p2b: Sylveon|0 fnt|[from] brn
|faint|p2b: Sylveon
|upkeep
|
|t:|1783032699
|switch|p1a: Incineroar|Incineroar, L50, F|100/100
|switch|p2b: Kingambit|Kingambit, L50, M|100/100
|-ability|p1a: Incineroar|Intimidate|boost
|-unboost|p2a: Aerodactyl|atk|1
|-unboost|p2b: Kingambit|atk|1
|-ability|p2b: Kingambit|Defiant|boost
|-boost|p2b: Kingambit|atk|2
|turn|5
|
|t:|1783032717
|move|p1a: Incineroar|Fake Out|p2b: Kingambit
|-resisted|p2b: Kingambit|1
|-damage|p2b: Kingambit|95/100
|cant|p2b: Kingambit|flinch
|move|p2a: Aerodactyl|Rock Slide|p1a: Incineroar|[spread] p1a,p1b
|-supereffective|p1a: Incineroar|1
|-supereffective|p1b: Delphox|1
|-damage|p1a: Incineroar|82/100
|-damage|p1b: Delphox|60/100
|move|p1b: Delphox|Heat Wave|p2a: Aerodactyl|[spread] p2b
|-miss|p1b: Delphox|p2a: Aerodactyl
|-supereffective|p2b: Kingambit|1
|-damage|p2b: Kingambit|0 fnt
|faint|p2b: Kingambit
|
|-damage|p2a: Aerodactyl|87/100 brn|[from] brn
|upkeep
|turn|6
|
|t:|1783032729
|move|p2a: Aerodactyl|Rock Slide|p1b: Delphox|[spread] p1a,p1b
|-supereffective|p1a: Incineroar|1
|-supereffective|p1b: Delphox|1
|-damage|p1a: Incineroar|65/100
|-damage|p1b: Delphox|36/100
|move|p1b: Delphox|Psychic|p2a: Aerodactyl
|-damage|p2a: Aerodactyl|0 fnt
|faint|p2a: Aerodactyl
|
|win|lolgz
