|j|☆darthmorton
|j|☆Sbratto
|html|darthmortonSbratto    
|uhtml|bestof|Game 2 of a best-of-3
|t:|1785355010
|gametype|doubles
|player|p1|darthmorton|red|
|player|p2|Sbratto|266|
|gen|9
|tier|[Gen 9 Champions] VGC 2026 Reg M-B (Bo3)
|rule|Species Clause: Limit one of each Pokémon
|rule|Item Clause: Limit 1 of each item
|clearpoke
|poke|p1|Garchomp, L50, M|
|poke|p1|Incineroar, L50, M|
|poke|p1|Floette-Eternal, L50, F|
|poke|p1|Sinistcha, L50|
|poke|p1|Sneasler, L50, F|
|poke|p1|Kingambit, L50, M|
|poke|p2|Raichu, L50, M|
|poke|p2|Incineroar, L50, F|
|poke|p2|Sinistcha, L50|
|poke|p2|Mawile, L50, M|
|poke|p2|Basculegion, L50, M|
|poke|p2|Mamoswine, L50, M|
|teampreview|4
|showteam|p1|Garchomp||Garchompite|SandVeil|RockSlide,StompingTantrum,Earthquake,Protect|Adamant||M|||50|]Incineroar||Leftovers|Intimidate|FlareBlitz,HelpingHand,PartingShot,FakeOut|Sassy||M|||50|]Floette-Eternal||Floettite|FlowerVeil|DazzlingGleam,DrainingKiss,CalmMind,Protect|Timid||F|||50|]Sinistcha||SitrusBerry|Hospitality|MatchaGotcha,RagePowder,TrickRoom,Protect|Bold|||||50|]Sneasler||FocusSash|PoisonTouch|CloseCombat,DireClaw,FakeOut,Coaching|Naive||F|||50|]Kingambit||ChopleBerry|Defiant|KowtowCleave,SuckerPunch,IronHead,Protect|Adamant||M|||50|
|showteam|p2|Raichu||RaichuniteY|LightningRod|ZapCannon,NastyPlot,FocusBlast,Protect|Timid||M|||50|]Incineroar||SitrusBerry|Intimidate|FakeOut,FlareBlitz,PartingShot,DarkestLariat|Adamant||F|||50|]Sinistcha||OccaBerry|Hospitality|MatchaGotcha,RagePowder,TrickRoom,ShadowBall|Calm|||||50|]Mawile||Mawilite|HyperCutter|PlayRough,SuckerPunch,SwordsDance,Protect|Brave||M|||50|]Basculegion||ChoiceScarf|Adaptability|LastRespects,AquaJet,FlipTurn,WaveCrash|Jolly||M|||50|]Mamoswine||FocusSash|Oblivious|HighHorsepower,IceShard,IcicleCrash,Protect|Adamant||M|||50|
|inactive|Battle timer is ON: inactive players will automatically lose when time's up. (requested by darthmorton)
|inactive|Sbratto has 60 seconds left.
|
|t:|1785355053
|teamsize|p1|4
|teamsize|p2|4
|start
|switch|p1a: Sneasler|Sneasler, L50, F|100/100
|switch|p1b: Kingambit|Kingambit, L50, M|100/100
|switch|p2a: Basculegion|Basculegion, L50, M|100/100
|switch|p2b: Sinistcha|Sinistcha, L50|100/100
|turn|1
|inactive|darthmorton has 30 seconds left.
|inactive|darthmorton has 20 seconds left.
|inactive|darthmorton has 15 seconds left.
|inactive|darthmorton has 10 seconds left.
|
|t:|1785355099
|move|p1b: Kingambit|Protect|p1b: Kingambit
|-singleturn|p1b: Kingambit|Protect
|move|p2a: Basculegion|Flip Turn|p1b: Kingambit
|-activate|p1b: Kingambit|move: Protect
|move|p1a: Sneasler|Coaching|p1b: Kingambit
|-boost|p1b: Kingambit|atk|1
|-boost|p1b: Kingambit|def|1
|move|p2b: Sinistcha|Matcha Gotcha|p1a: Sneasler|[spread] p1a
|-activate|p1b: Kingambit|move: Protect
|-resisted|p1a: Sneasler|1
|-damage|p1a: Sneasler|82/100
|
|upkeep
|turn|2
|inactive|Sbratto has 30 seconds left.
|inactive|Sbratto has 20 seconds left.
|
|t:|1785355137
|switch|p2b: Incineroar|Incineroar, L50, F|100/100
|-ability|p2b: Incineroar|Intimidate|boost
|-unboost|p1a: Sneasler|atk|1
|-unboost|p1b: Kingambit|atk|1
|-ability|p1b: Kingambit|Defiant|boost
|-boost|p1b: Kingambit|atk|2
|move|p2a: Basculegion|Flip Turn|p1a: Sneasler
|-damage|p1a: Sneasler|20/100y
|inactive|Sbratto has 30 seconds left.
|
|t:|1785355169
|switch|p2a: Mawile|Mawile, L50, M|100/100|[from] Flip Turn
|move|p1a: Sneasler|Coaching|p1b: Kingambit
|-boost|p1b: Kingambit|atk|1
|-boost|p1b: Kingambit|def|1
|move|p1b: Kingambit|Kowtow Cleave|p2b: Incineroar
|-resisted|p2b: Incineroar|1
|-damage|p2b: Incineroar|46/100
|-enditem|p2b: Incineroar|Sitrus Berry|[eat]
|-heal|p2b: Incineroar|71/100|[from] item: Sitrus Berry
|
|upkeep
|turn|3
|inactive|darthmorton has 30 seconds left.
|inactive|Sbratto has 30 seconds left.
|inactive|darthmorton has 20 seconds left.
|
|t:|1785355204
|move|p1b: Kingambit|Protect|p1b: Kingambit
|-singleturn|p1b: Kingambit|Protect
|move|p1a: Sneasler|Coaching|p1b: Kingambit
|-boost|p1b: Kingambit|atk|1
|-boost|p1b: Kingambit|def|1
|move|p2b: Incineroar|Parting Shot|p1a: Sneasler
|-unboost|p1a: Sneasler|atk|1
|-unboost|p1a: Sneasler|spa|1
|
|t:|1785355216
|switch|p2b: Basculegion|Basculegion, L50, M|100/100|[from] Parting Shot
|move|p2a: Mawile|Swords Dance|p2a: Mawile
|-boost|p2a: Mawile|atk|2
|
|upkeep
|turn|4
|
|t:|1785355237
|switch|p1a: Sinistcha|Sinistcha, L50|100/100
|detailschange|p2a: Mawile|Mawile-Mega, L50, M
|-mega|p2a: Mawile|Mawile|Mawilite
|move|p2b: Basculegion|Wave Crash|p1b: Kingambit
|-damage|p1b: Kingambit|75/100
|-damage|p2b: Basculegion|91/100|[from] Recoil
|move|p1b: Kingambit|Iron Head|p2a: Mawile
|-damage|p2a: Mawile|0 fnt
|faint|p2a: Mawile
|
|upkeep
|
|t:|1785355248
|switch|p2a: Sinistcha|Sinistcha, L50|100/100
|-heal|p2b: Basculegion|100/100|[from] ability: Hospitality|[of] p2a: Sinistcha
|turn|5
|
|t:|1785355264
|move|p1a: Sinistcha|Rage Powder|p1a: Sinistcha
|-singleturn|p1a: Sinistcha|move: Rage Powder
|move|p2b: Basculegion|Wave Crash|p1a: Sinistcha
|-resisted|p1a: Sinistcha|1
|-damage|p1a: Sinistcha|67/100
|-damage|p2b: Basculegion|90/100|[from] Recoil
|move|p2a: Sinistcha|Shadow Ball|p1a: Sinistcha
|-supereffective|p1a: Sinistcha|1
|-damage|p1a: Sinistcha|1/100
|-enditem|p1a: Sinistcha|Sitrus Berry|[eat]
|-heal|p1a: Sinistcha|25/100|[from] item: Sitrus Berry
|move|p1b: Kingambit|Kowtow Cleave|p2b: Basculegion
|-supereffective|p2b: Basculegion|1
|-damage|p2b: Basculegion|0 fnt
|faint|p2b: Basculegion
|
|upkeep
|
|t:|1785355279
|switch|p2b: Incineroar|Incineroar, L50, F|71/100
|-ability|p2b: Incineroar|Intimidate|boost
|-unboost|p1a: Sinistcha|atk|1
|-unboost|p1b: Kingambit|atk|1
|-ability|p1b: Kingambit|Defiant|boost
|-boost|p1b: Kingambit|atk|2
|turn|6
|inactive|darthmorton has 30 seconds left.
|
|t:|1785355305
|move|p1b: Kingambit|Protect|p1b: Kingambit
|-singleturn|p1b: Kingambit|Protect
|move|p1a: Sinistcha|Matcha Gotcha|p2a: Sinistcha|[spread] p2a,p2b
|-resisted|p2a: Sinistcha|1
|-resisted|p2b: Incineroar|1
|-crit|p2b: Incineroar
|-damage|p2a: Sinistcha|89/100
|-heal|p1a: Sinistcha|30/100|[from] drain|[of] p2a: Sinistcha
|-damage|p2b: Incineroar|54/100
|-heal|p1a: Sinistcha|39/100|[from] drain|[of] p2b: Incineroar
|move|p2b: Incineroar|Flare Blitz|p1b: Kingambit
|-activate|p1b: Kingambit|move: Protect
|move|p2a: Sinistcha|Trick Room|p2a: Sinistcha
|-fieldstart|move: Trick Room|[of] p2a: Sinistcha
|
|upkeep
|turn|7
|inactive|Sbratto has 30 seconds left.
|
|t:|1785355338
|move|p1a: Sinistcha|Rage Powder|p1a: Sinistcha
|-singleturn|p1a: Sinistcha|move: Rage Powder
|move|p1b: Kingambit|Kowtow Cleave|p2b: Incineroar
|-resisted|p2b: Incineroar|1
|-damage|p2b: Incineroar|0 fnt
|faint|p2b: Incineroar
|move|p2a: Sinistcha|Shadow Ball|p1a: Sinistcha
|-supereffective|p1a: Sinistcha|1
|-damage|p1a: Sinistcha|0 fnt
|faint|p1a: Sinistcha
|
|upkeep
|
|t:|1785355348
|switch|p1a: Sneasler|Sneasler, L50, F|20/100y
|turn|8
|c|☆Sbratto|Good luck for next
|c|☆Sbratto|!!!
|c|☆darthmorton|thanks!
|c|☆darthmorton|enjoy your movie!
|-message|Sbratto forfeited.
|
|win|darthmorton
