|j|☆the winking dol
|j|☆GoldenPants03
|html|the winking dolGoldenPants03    
|uhtml|bestof|Game 1 of a best-of-3
|t:|1756324670
|gametype|doubles
|player|p1|the winking dol|dawn|1082
|player|p2|GoldenPants03|101|1205
|gen|9
|tier|[Gen 9] VGC 2025 Reg H (Bo3)
|rated|
|rule|Species Clause: Limit one of each Pokémon
|rule|Item Clause: Limit 1 of each item
|clearpoke
|poke|p1|Rillaboom, L50, F|
|poke|p1|Glimmora, L50, F|
|poke|p1|Farigiraf, L50, M|
|poke|p1|Tyranitar, L50, M|
|poke|p1|Kommo-o, L50, F|
|poke|p1|Gholdengo, L50|
|poke|p2|Indeedee-F, L50, F|
|poke|p2|Hatterene, L50, F|
|poke|p2|Gallade, L50, M|
|poke|p2|Ursaluna, L50, F|
|poke|p2|Torkoal, L50, F|
|poke|p2|Lilligant-Hisui, L50, F|
|teampreview|4
|showteam|p1|Rillaboom||MiracleSeed|GrassySurge|WoodHammer,GrassyGlide,HighHorsepower,FakeOut|||F|||50|,,,,,Poison]Glimmora||LifeOrb|ToxicDebris|PowerGem,EarthPower,SludgeWave,SpikyShield|||F|||50|,,,,,Ghost]Farigiraf||SitrusBerry|ArmorTail|Psychic,HyperVoice,FoulPlay,TrickRoom|||M|||50|,,,,,Dark]Tyranitar||AssaultVest|SandStream|RockSlide,KnockOff,LowKick,TeraBlast|||M|||50|,,,,,Ghost]Kommo-o||Leftovers|Overcoat|ClangingScales,AuraSphere,Flamethrower,ClangorousSoul|||F|||50|,,,,,Steel]Gholdengo||ChoiceScarf|GoodasGold|MakeItRain,ShadowBall,Trick,Protect||||||50|,,,,,Steel
|showteam|p2|Indeedee-F||PsychicSeed|PsychicSurge|FollowMe,TrickRoom,HelpingHand,DazzlingGleam|||F|||50|,,,,,Fire]Hatterene||LifeOrb|MagicBounce|TrickRoom,Protect,DazzlingGleam,ExpandingForce|||F|||50|,,,,,Psychic]Gallade||ClearAmulet|Sharpness|TrickRoom,SacredSword,WideGuard,PsychoCut|||M|||50|,,,,,Grass]Ursaluna||FlameOrb|Guts|Facade,SwordsDance,HeadlongRush,Protect|||F|||50|,,,,,Ghost]Torkoal||ChoiceSpecs|Drought|Eruption,HeatWave,WeatherBall,EarthPower|||F|||50|,,,,,Fire]Lilligant-Hisui||FocusSash|Chlorophyll|AfterYou,LeafBlade,SleepPowder,CloseCombat|||F|||50|,,,,,Ghost
|inactive|Battle timer is ON: inactive players will automatically lose when time's up. (requested by the winking dol)
|inactive|the winking dol has 60 seconds left.
|inactive|the winking dol has 30 seconds left.
|inactive|the winking dol has 20 seconds left.
|inactive|the winking dol has 15 seconds left.
|inactive|the winking dol has 10 seconds left.
|inactive|the winking dol has 5 seconds left.
|
|t:|1756324762
|teamsize|p1|4
|teamsize|p2|4
|start
|switch|p1a: Farigiraf|Farigiraf, L50, M|100/100
|switch|p1b: Rillaboom|Rillaboom, L50, F|100/100
|switch|p2a: Lilligant|Lilligant-Hisui, L50, F|100/100
|switch|p2b: Torkoal|Torkoal, L50, F|100/100
|-fieldstart|move: Grassy Terrain|[from] ability: Grassy Surge|[of] p1b: Rillaboom
|-weather|SunnyDay|[from] ability: Drought|[of] p2b: Torkoal
|turn|1
|inactive|the winking dol has 30 seconds left.
|inactive|GoldenPants03 has 30 seconds left.
|
|t:|1756324797
|switch|p2a: Indeedee|Indeedee-F, L50, F|100/100
|-fieldstart|move: Psychic Terrain|[from] ability: Psychic Surge|[of] p2a: Indeedee
|-enditem|p2a: Indeedee|Psychic Seed
|-boost|p2a: Indeedee|spd|1|[from] item: Psychic Seed
|switch|p1b: Tyranitar|Tyranitar, L50, M|100/100
|-weather|Sandstorm|[from] ability: Sand Stream|[of] p1b: Tyranitar
|move|p1a: Farigiraf|Hyper Voice|p2a: Indeedee|[spread] p2a,p2b
|-damage|p2a: Indeedee|84/100
|-damage|p2b: Torkoal|69/100
|move|p2b: Torkoal|Weather Ball|p1b: Tyranitar
|-damage|p1b: Tyranitar|85/100
|
|-weather|Sandstorm|[upkeep]
|-damage|p2a: Indeedee|77/100|[from] Sandstorm
|-damage|p1a: Farigiraf|94/100|[from] Sandstorm
|-damage|p2b: Torkoal|63/100|[from] Sandstorm
|upkeep
|turn|2
|inactive|the winking dol has 30 seconds left.
|inactive|GoldenPants03 has 30 seconds left.
|
|t:|1756324826
|switch|p2b: Ursaluna|Ursaluna, L50, F|100/100
|move|p1b: Tyranitar|Rock Slide|p2a: Indeedee|[spread] p2a,p2b
|-resisted|p2b: Ursaluna
|-damage|p2a: Indeedee|49/100
|-damage|p2b: Ursaluna|89/100
|move|p1a: Farigiraf|Hyper Voice|p2a: Indeedee|[spread] p2a,p2b
|-damage|p2a: Indeedee|32/100
|-damage|p2b: Ursaluna|65/100
|move|p2a: Indeedee|Trick Room|p2a: Indeedee
|-fieldstart|move: Trick Room|[of] p2a: Indeedee
|
|-weather|Sandstorm|[upkeep]
|-damage|p1a: Farigiraf|88/100|[from] Sandstorm
|-damage|p2a: Indeedee|25/100|[from] Sandstorm
|-status|p2b: Ursaluna|brn|[from] item: Flame Orb
|upkeep
|turn|3
|inactive|the winking dol has 30 seconds left.
|inactive|GoldenPants03 has 30 seconds left.
|inactive|the winking dol has 20 seconds left.
|inactive|the winking dol has 15 seconds left.
|inactive|the winking dol has 10 seconds left.
|
|t:|1756324875
|-terastallize|p1b: Tyranitar|Ghost
|move|p2a: Indeedee|Follow Me|p2a: Indeedee
|-singleturn|p2a: Indeedee|move: Follow Me
|move|p2b: Ursaluna|Facade|p1a: Farigiraf
|-damage|p1a: Farigiraf|0 fnt
|faint|p1a: Farigiraf
|move|p1b: Tyranitar|Knock Off|p2a: Indeedee
|-supereffective|p2a: Indeedee
|-damage|p2a: Indeedee|0 fnt
|faint|p2a: Indeedee
|
|-weather|Sandstorm|[upkeep]
|-damage|p1b: Tyranitar|79/100|[from] Sandstorm
|-damage|p2b: Ursaluna|59/100 brn|[from] brn
|upkeep
|
|t:|1756324893
|switch|p1a: Rillaboom|Rillaboom, L50, F|100/100
|switch|p2a: Lilligant|Lilligant-Hisui, L50, F|100/100
|-fieldstart|move: Grassy Terrain|[from] ability: Grassy Surge|[of] p1a: Rillaboom
|turn|4
|inactive|GoldenPants03 has 30 seconds left.
|
|t:|1756324922
|-terastallize|p2b: Ursaluna|Ghost
|move|p1a: Rillaboom|Grassy Glide|p2b: Ursaluna
|-damage|p2b: Ursaluna|25/100 brn
|move|p2b: Ursaluna|Facade|p1a: Rillaboom
|-damage|p1a: Rillaboom|0 fnt
|faint|p1a: Rillaboom
|move|p1b: Tyranitar|Knock Off|p2b: Ursaluna
|-supereffective|p2b: Ursaluna
|-damage|p2b: Ursaluna|0 fnt
|-enditem|p2b: Ursaluna|Flame Orb|[from] move: Knock Off|[of] p1b: Tyranitar
|faint|p2b: Ursaluna
|move|p2a: Lilligant|Leaf Blade|p1b: Tyranitar
|-damage|p1b: Tyranitar|40/100
|
|-weather|Sandstorm|[upkeep]
|-damage|p1b: Tyranitar|34/100|[from] Sandstorm
|-damage|p2a: Lilligant|94/100|[from] Sandstorm
|-heal|p1b: Tyranitar|40/100|[from] Grassy Terrain
|-heal|p2a: Lilligant|100/100|[from] Grassy Terrain
|upkeep
|
|t:|1756324944
|switch|p2b: Torkoal|Torkoal, L50, F|63/100
|switch|p1a: Gholdengo|Gholdengo, L50|100/100
|-weather|SunnyDay|[from] ability: Drought|[of] p2b: Torkoal
|turn|5
|
|t:|1756324967
|move|p2b: Torkoal|Eruption|p1a: Gholdengo|[spread] p1a,p1b
|-supereffective|p1a: Gholdengo
|-damage|p1a: Gholdengo|0 fnt
|-damage|p1b: Tyranitar|1/100
|faint|p1a: Gholdengo
|move|p1b: Tyranitar|Rock Slide|p2a: Lilligant|[spread] p2a,p2b
|-resisted|p2a: Lilligant
|-supereffective|p2b: Torkoal
|-damage|p2a: Lilligant|77/100
|-damage|p2b: Torkoal|12/100
|move|p2a: Lilligant|Leaf Blade|p1b: Tyranitar
|-damage|p1b: Tyranitar|0 fnt
|faint|p1b: Tyranitar
|
|win|GoldenPants03
|inactive|the winking dol has 30 seconds to confirm battle start!
|inactive|GoldenPants03 has 30 seconds to confirm battle start!
||GoldenPants03 is ready for game 2.
||the winking dol is ready for game 2.
|uhtml|next|Next: Game 2 of 3
