|j|☆Hackervgc
|j|☆yungleandoer96
|html|Hackervgcyungleandoer96    
|uhtml|bestof|Game 2 of a best-of-3
|t:|1757004262
|gametype|doubles
|player|p1|Hackervgc|gentleman-gen4|
|player|p2|yungleandoer96|pokemonbreeder-gen4|
|gen|9
|tier|[Gen 9] VGC 2025 Reg H (Bo3)
|rule|Species Clause: Limit one of each Pokémon
|rule|Item Clause: Limit 1 of each item
|clearpoke
|poke|p1|Kingambit, L50, F|
|poke|p1|Magmar, L50, M|
|poke|p1|Dragonite, L50, M|
|poke|p1|Sneasler, L50, F|
|poke|p1|Ursaluna-Bloodmoon, L50, M|
|poke|p1|Farigiraf, L50, M|
|poke|p2|Incineroar, L50, F|
|poke|p2|Amoonguss, L50, F|
|poke|p2|Ursaluna-Bloodmoon, L50, M|
|poke|p2|Sneasler, L50, M|
|poke|p2|Gholdengo, L50|
|poke|p2|Dragonite, L50, M|
|teampreview|4
|showteam|p1|Kingambit||AssaultVest|Defiant|KowtowCleave,SuckerPunch,LowKick,TeraBlast|||F|||50|,,,,,Flying]Magmar||Eviolite|VitalSpirit|FollowMe,Protect,Flamethrower,WillOWisp|||M|||50|,,,,,Dragon]Dragonite||LoadedDice|Multiscale|ScaleShot,Protect,Tailwind,Haze|||M|||50|,,,,,Fairy]Sneasler||FocusSash|Unburden|ThroatChop,DireClaw,CloseCombat,Protect|||F|||50|,,,,,Stellar]Ursaluna-Bloodmoon||LifeOrb|MindsEye|BloodMoon,Protect,EarthPower,HyperVoice|||M|||50|,,,,,Normal]Farigiraf||SitrusBerry|ArmorTail|TrickRoom,HelpingHand,Psychic,Protect|||M|||50|,,,,,Water
|showteam|p2|Incineroar||SafetyGoggles|Intimidate|FlareBlitz,KnockOff,PartingShot,FakeOut|||F|||50|,,,,,Ghost]Amoonguss||SitrusBerry|Regenerator|Spore,RagePowder,PollenPuff,Protect|||F|||50|,,,,,Psychic]Ursaluna-Bloodmoon||AssaultVest|MindsEye|HyperVoice,BloodMoon,EarthPower,VacuumWave|||M|||50|,,,,,Water]Sneasler||FocusSash|Unburden|CloseCombat,DireClaw,ThroatChop,Protect|||M|||50|,,,,,Stellar]Gholdengo||LifeOrb|GoodasGold|MakeItRain,ShadowBall,NastyPlot,Protect||||||50|,,,,,Water]Dragonite||LoadedDice|Multiscale|ScaleShot,Tailwind,Haze,Protect|||M|||50|,,,,,Fairy
|
|t:|1757004341
|teamsize|p1|4
|teamsize|p2|4
|start
|switch|p1a: Ursaluna|Ursaluna-Bloodmoon, L50, M|100/100
|switch|p1b: Magmar|Magmar, L50, M|100/100
|switch|p2a: Dragonite|Dragonite, L50, M|100/100
|switch|p2b: Ursaluna|Ursaluna-Bloodmoon, L50, M|100/100
|turn|1
|
|t:|1757004374
|-terastallize|p1a: Ursaluna|Normal
|move|p1b: Magmar|Protect|p1b: Magmar
|-singleturn|p1b: Magmar|Protect
|move|p2a: Dragonite|Scale Shot|p1b: Magmar
|-activate|p1b: Magmar|move: Protect
|move|p2b: Ursaluna|Blood Moon|p1b: Magmar
|-activate|p1b: Magmar|move: Protect
|move|p1a: Ursaluna|Hyper Voice|p2a: Dragonite|[spread] p2a,p2b
|-damage|p2a: Dragonite|64/100
|-damage|p2b: Ursaluna|57/100
|-damage|p1a: Ursaluna|90/100|[from] item: Life Orb
|
|upkeep
|turn|2
|
|t:|1757004392
|move|p1b: Magmar|Follow Me|p1b: Magmar
|-singleturn|p1b: Magmar|move: Follow Me
|move|p2a: Dragonite|Scale Shot|p1b: Magmar
|-damage|p1b: Magmar|88/100
|-damage|p1b: Magmar|75/100
|-damage|p1b: Magmar|63/100
|-damage|p1b: Magmar|50/100
|-damage|p1b: Magmar|38/100
|-hitcount|p1b: Magmar|5
|-unboost|p2a: Dragonite|def|1
|-boost|p2a: Dragonite|spe|1
|move|p2b: Ursaluna|Earth Power|p1b: Magmar
|-supereffective|p1b: Magmar
|-damage|p1b: Magmar|0 fnt
|faint|p1b: Magmar
|move|p1a: Ursaluna|Hyper Voice|p2b: Ursaluna|[spread] p2a,p2b
|-damage|p2a: Dragonite|0 fnt
|-damage|p2b: Ursaluna|15/100
|faint|p2a: Dragonite
|-damage|p1a: Ursaluna|80/100|[from] item: Life Orb
|
|upkeep
|
|t:|1757004404
|switch|p2a: Sneasler|Sneasler, L50, M|100/100
|switch|p1b: Dragonita|Dragonite, L50, M|100/100
|turn|3
|
|t:|1757004424
|move|p2a: Sneasler|Protect|p2a: Sneasler
|-singleturn|p2a: Sneasler|Protect
|move|p1a: Ursaluna|Protect|p1a: Ursaluna
|-singleturn|p1a: Ursaluna|Protect
|move|p2b: Ursaluna|Vacuum Wave|p1b: Dragonita
|-resisted|p1b: Dragonita
|-damage|p1b: Dragonita|97/100
|move|p1b: Dragonita|Scale Shot|p2b: Ursaluna
|-damage|p2b: Ursaluna|4/100
|-damage|p2b: Ursaluna|0 fnt
|faint|p2b: Ursaluna
|-hitcount|p2: Ursaluna|2
|-unboost|p1b: Dragonita|def|1
|-boost|p1b: Dragonita|spe|1
|
|upkeep
|
|t:|1757004428
|switch|p2b: Gholdengo|Gholdengo, L50|100/100
|turn|4
|
|t:|1757004454
|move|p1b: Dragonita|Scale Shot|p2a: Sneasler|[miss]
|-miss|p1b: Dragonita|p2a: Sneasler
|move|p2a: Sneasler|Close Combat|p1a: Ursaluna
|-supereffective|p1a: Ursaluna
|-damage|p1a: Ursaluna|0 fnt
|-unboost|p2a: Sneasler|def|1
|-unboost|p2a: Sneasler|spd|1
|faint|p1a: Ursaluna
|move|p2b: Gholdengo|Make It Rain|p1b: Dragonita
|-damage|p1b: Dragonita|9/100
|-unboost|p2b: Gholdengo|spa|1
|-damage|p2b: Gholdengo|91/100|[from] item: Life Orb
|
|upkeep
|
|t:|1757004458
|switch|p1a: Sneasler|Sneasler, L50, F|100/100
|turn|5
|
|t:|1757004486
|move|p1b: Dragonita|Protect|p1b: Dragonita
|-singleturn|p1b: Dragonita|Protect
|move|p2a: Sneasler|Dire Claw|p1b: Dragonita
|-activate|p1b: Dragonita|move: Protect
|move|p1a: Sneasler|Throat Chop|p2b: Gholdengo
|-supereffective|p2b: Gholdengo
|-damage|p2b: Gholdengo|31/100
|-start|p2b: Gholdengo|Throat Chop|[silent]
|move|p2b: Gholdengo|Make It Rain|p1b: Dragonita|[spread] p1a
|-activate|p1b: Dragonita|move: Protect
|-damage|p1a: Sneasler|38/100
|-unboost|p2b: Gholdengo|spa|1
|-damage|p2b: Gholdengo|21/100|[from] item: Life Orb
|
|upkeep
|turn|6
|
|t:|1757004507
|move|p1b: Dragonita|Scale Shot|p2a: Sneasler|[miss]
|-miss|p1b: Dragonita|p2a: Sneasler
|move|p2a: Sneasler|Dire Claw|p1b: Dragonita
|-damage|p1b: Dragonita|0 fnt
|faint|p1b: Dragonita
|move|p1a: Sneasler|Throat Chop|p2b: Gholdengo
|-supereffective|p2b: Gholdengo
|-damage|p2b: Gholdengo|0 fnt
|faint|p2b: Gholdengo
|
|upkeep
|turn|7
|c|☆yungleandoer96|srry
|c|☆Hackervgc|a lost so many games to that f*cking move
|
|t:|1757004534
|-terastallize|p2a: Sneasler|Stellar
|move|p2a: Sneasler|Close Combat|p1a: Sneasler
|-resisted|p1a: Sneasler
|-damage|p1a: Sneasler|0 fnt
|-unboost|p2a: Sneasler|def|1
|-unboost|p2a: Sneasler|spd|1
|faint|p1a: Sneasler
|
|win|yungleandoer96
|c|☆Hackervgc|gg
|c|☆yungleandoer96|ggs
