|j|☆SaQurata
|j|☆Seteshy
|html|SaQurataSeteshy    
|uhtml|bestof|Game 2 of a best-of-3
|t:|1785297711
|gametype|doubles
|player|p1|SaQurata|170|1042
|player|p2|Seteshy|1|1036
|gen|9
|tier|[Gen 9 Champions] VGC 2026 Reg M-B (Bo3)
|rated|
|rule|Species Clause: Limit one of each Pokémon
|rule|Item Clause: Limit 1 of each item
|clearpoke
|poke|p1|Dragonite, L50, M|
|poke|p1|Metagross, L50|
|poke|p1|Ninetales-Alola, L50, M|
|poke|p1|Garchomp, L50, M|
|poke|p1|Incineroar, L50, M|
|poke|p1|Basculegion, L50, M|
|poke|p2|Tyranitar, L50, M|
|poke|p2|Glimmora, L50, M|
|poke|p2|Garganacl, L50, F|
|poke|p2|Kleavor, L50, M|
|poke|p2|Arcanine-Hisui, L50, F|
|poke|p2|Aerodactyl, L50, M|
|teampreview|4
|showteam|p1|Dragonite||Dragoninite|Multiscale|DracoMeteor,Flamethrower,Thunderbolt,Protect|Modest||M|||50|]Metagross||Metagrossite|ClearBody|PsychicFangs,BulletPunch,IcePunch,Protect|Adamant|||||50|]Ninetales-Alola||FocusSash|SnowWarning|Moonblast,FreezeDry,Blizzard,HelpingHand|Timid||M|||50|]Garchomp||LifeOrb|RoughSkin|DragonClaw,RockSlide,PoisonJab,StompingTantrum|Jolly||M|||50|]Incineroar||SitrusBerry|Intimidate|FakeOut,FlareBlitz,ThroatChop,PartingShot|Brave||M|||50|]Basculegion||MysticWater|Adaptability|WaveCrash,LastRespects,AquaJet,Protect|Jolly||M|||50|
|showteam|p2|Tyranitar||Tyranitarite|SandStream|RockSlide,KnockOff,Protect,LowKick|Adamant||M|||50|]Glimmora||FocusSash|ToxicDebris|PowerGem,SpikyShield,EarthPower,SludgeBomb|Modest||M|||50|]Garganacl||Leftovers|PurifyingSalt|SaltCure,BodyPress,IronDefense,Recover|Careful||F|||50|]Kleavor||ChoiceScarf|Sharpness|StoneAxe,XScissor,Uturn,CloseCombat|Adamant||M|||50|]Arcanine-Hisui||LifeOrb|RockHead|FlareBlitz,HeadSmash,WildCharge,ExtremeSpeed|Adamant||F|||50|]Aerodactyl||Aerodactylite|Unnerve|RockSlide,Tailwind,DualWingbeat,Protect|Jolly||M|||50|
|inactive|Battle timer is ON: inactive players will automatically lose when time's up. (requested by SaQurata)
|inactive|SaQurata has 60 seconds left.
|inactive|Seteshy has 60 seconds left.
|
|t:|1785297753
|teamsize|p1|4
|teamsize|p2|4
|start
|switch|p1a: Ninetales|Ninetales-Alola, L50, M|100/100
|switch|p1b: Garchomp|Garchomp, L50, M|100/100
|switch|p2a: Aerodactyl|Aerodactyl, L50, M|100/100
|switch|p2b: Kleavor|Kleavor, L50, M|100/100
|-ability|p2a: Aerodactyl|Unnerve
|-weather|Snowscape|[from] ability: Snow Warning|[of] p1a: Ninetales
|turn|1
|inactive|SaQurata has 30 seconds left.
|
|t:|1785297782
|detailschange|p2a: Aerodactyl|Aerodactyl-Mega, L50, M
|-mega|p2a: Aerodactyl|Aerodactyl|Aerodactylite
|move|p2a: Aerodactyl|Tailwind|p2a: Aerodactyl
|-sidestart|p2: Seteshy|move: Tailwind
|move|p2b: Kleavor|U-turn|p1b: Garchomp
|-crit|p1b: Garchomp
|-damage|p1b: Garchomp|37/100
|-damage|p2b: Kleavor|87/100|[from] ability: Rough Skin|[of] p1b: Garchomp
|
|t:|1785297791
|switch|p2b: Tyranitar|Tyranitar, L50, M|100/100|[from] U-turn
|-weather|Sandstorm|[from] ability: Sand Stream|[of] p2b: Tyranitar
|move|p1a: Ninetales|Blizzard|p2a: Aerodactyl|[spread] p2a
|-miss|p1a: Ninetales|p2b: Tyranitar
|-supereffective|p2a: Aerodactyl|1
|-damage|p2a: Aerodactyl|50/100g
|move|p1b: Garchomp|Rock Slide|p2a: Aerodactyl|[spread] p2a,p2b
|-supereffective|p2a: Aerodactyl|1
|-damage|p2a: Aerodactyl|0 fnt
|-damage|p2b: Tyranitar|80/100
|faint|p2a: Aerodactyl
|-damage|p1b: Garchomp|27/100|[from] item: Life Orb
|
|-weather|Sandstorm|[upkeep]
|-damage|p1a: Ninetales|93/100|[from] Sandstorm
|upkeep
|
|t:|1785297813
|switch|p2a: Arcanine|Arcanine-Hisui, L50, F|100/100
|turn|2
|inactive|SaQurata has 30 seconds left.
|
|t:|1785297839
|switch|p1a: Incineroar|Incineroar, L50, M|100/100
|-ability|p1a: Incineroar|Intimidate|boost
|-unboost|p2a: Arcanine|atk|1
|-unboost|p2b: Tyranitar|atk|1
|move|p2a: Arcanine|Head Smash|p1a: Incineroar
|-supereffective|p1a: Incineroar|1
|-damage|p1a: Incineroar|0 fnt
|faint|p1a: Incineroar
|-damage|p2a: Arcanine|90/100|[from] item: Life Orb
|move|p1b: Garchomp|Stomping Tantrum|p2a: Arcanine
|-supereffective|p2a: Arcanine|2
|-damage|p2a: Arcanine|0 fnt
|faint|p2a: Arcanine
|-damage|p1b: Garchomp|17/100|[from] item: Life Orb
|move|p2b: Tyranitar|Rock Slide|p1b: Garchomp
|-resisted|p1b: Garchomp|1
|-damage|p1b: Garchomp|3/100
|
|-weather|Sandstorm|[upkeep]
|upkeep
|
|t:|1785297856
|switch|p2a: Kleavor|Kleavor, L50, M|87/100
|switch|p1a: Ninetales|Ninetales-Alola, L50, M|93/100
|-weather|Snowscape|[from] ability: Snow Warning|[of] p1a: Ninetales
|turn|3
|inactive|Seteshy has 30 seconds left.
|
|t:|1785297889
|move|p2a: Kleavor|X-Scissor|p1b: Garchomp
|-damage|p1b: Garchomp|0 fnt
|-damage|p2a: Kleavor|75/100|[from] ability: Rough Skin|[of] p1b: Garchomp
|faint|p1b: Garchomp
|move|p1a: Ninetales|Blizzard|p2b: Tyranitar|[spread] p2a,p2b
|-damage|p2a: Kleavor|19/100
|-damage|p2b: Tyranitar|54/100
|-status|p2a: Kleavor|frz
|move|p2b: Tyranitar|Rock Slide|p1a: Ninetales
|-supereffective|p1a: Ninetales|1
|-damage|p1a: Ninetales|36/100
|
|-weather|Snowscape|[upkeep]
|upkeep
|inactive|SaQurata has 30 seconds left.
|
|t:|1785297918
|switch|p1b: Basculegion|Basculegion, L50, M|100/100
|turn|4
|
|t:|1785297933
|move|p1b: Basculegion|Aqua Jet|p2b: Tyranitar
|-supereffective|p2b: Tyranitar|1
|-damage|p2b: Tyranitar|4/100
|cant|p2a: Kleavor|frz
|move|p1a: Ninetales|Moonblast|p2b: Tyranitar
|-supereffective|p2b: Tyranitar|1
|-damage|p2b: Tyranitar|0 fnt
|faint|p2b: Tyranitar
|
|-weather|Snowscape|[upkeep]
|-sideend|p2: Seteshy|move: Tailwind
|upkeep
|turn|5
|inactive|SaQurata has 30 seconds left.
|inactive|SaQurata has 20 seconds left.
|inactive|SaQurata has 15 seconds left.
|inactive|SaQurata has 10 seconds left.
|inactive|SaQurata has 5 seconds left.
|
|t:|1785297988
|cant|p2a: Kleavor|frz
|move|p1a: Ninetales|Moonblast|p2a: Kleavor
|-damage|p2a: Kleavor|0 fnt
|faint|p2a: Kleavor
|
|win|SaQurata
|raw|SaQurata's rating: 1042 → 1075(+33 for winning)
|raw|Seteshy's rating: 1036 → 1021(-15 for losing)
|l|☆SaQurata
|player|p1|
