|j|☆bennoVGC
|j|☆tryson69
|html|bennoVGCtryson69    
|uhtml|bestof|Game 2 of a best-of-3
|t:|1756728236
|gametype|doubles
|player|p1|bennoVGC|2|1302
|player|p2|tryson69|crasherwake|1220
|gen|9
|tier|[Gen 9] VGC 2025 Reg H (Bo3)
|rated|
|rule|Species Clause: Limit one of each Pokémon
|rule|Item Clause: Limit 1 of each item
|clearpoke
|poke|p1|Ursaluna, L50, M|
|poke|p1|Hydreigon, L50, F|
|poke|p1|Gholdengo, L50|
|poke|p1|Incineroar, L50, M|
|poke|p1|Amoonguss, L50, F|
|poke|p1|Porygon2, L50|
|poke|p2|Typhlosion-Hisui, L50, M|
|poke|p2|Rillaboom, L50, M|
|poke|p2|Primarina, L50, F|
|poke|p2|Archaludon, L50, M|
|poke|p2|Whimsicott, L50, F|
|poke|p2|Pelipper, L50, F|
|teampreview|4
|showteam|p1|Ursaluna||FlameOrb|Guts|Facade,HeadlongRush,Earthquake,Protect|||M|||50|,,,,,Fairy]Hydreigon||SafetyGoggles|Levitate|DracoMeteor,Snarl,Tailwind,Protect|||F|||50|,,,,,Ghost]Gholdengo||LifeOrb|GoodasGold|MakeItRain,ShadowBall,NastyPlot,Protect||||||50|,,,,,Dragon]Incineroar||AssaultVest|Intimidate|KnockOff,FlareBlitz,Uturn,FakeOut|||M|||50|,,,,,Grass]Amoonguss||CovertCloak|Regenerator|Spore,RagePowder,ClearSmog,PollenPuff|||F|||50|,,,,,Fire]Porygon2||Eviolite|Download|TeraBlast,IceBeam,Recover,TrickRoom||||||50|,,,,,Fairy
|showteam|p2|Typhlosion-Hisui||ChoiceScarf|Blaze|Eruption,HeatWave,Overheat,ShadowBall|||M|||50|,,,,,Fire]Rillaboom||AssaultVest|GrassySurge|WoodHammer,GrassyGlide,HighHorsepower,FakeOut|||M|||50|,,,,,Fire]Primarina||ThroatSpray|LiquidVoice|HyperVoice,Moonblast,Haze,Protect|||F|||50|,,,,,Poison]Archaludon||Leftovers|Stamina|ElectroShot,BodyPress,Protect,DracoMeteor|||M|||50|,,,,,Grass]Whimsicott||CovertCloak|Prankster|Tailwind,Taunt,Moonblast,SunnyDay|||F|||50|,,,,,Water]Pelipper||FocusSash|Drizzle|WeatherBall,Hurricane,WideGuard,Protect|||F|||50|,,,,,Steel
|inactive|Battle timer is ON: inactive players will automatically lose when time's up. (requested by bennoVGC)
|
|t:|1756728256
|teamsize|p1|4
|teamsize|p2|4
|start
|switch|p1a: Incineroar|Incineroar, L50, M, shiny|100/100
|switch|p1b: Porygon2|Porygon2, L50, shiny|100/100
|switch|p2a: Typhlosion|Typhlosion-Hisui, L50, M|100/100
|switch|p2b: Primarina|Primarina, L50, F|100/100
|-ability|p1a: Incineroar|Intimidate|boost
|-unboost|p2a: Typhlosion|atk|1
|-unboost|p2b: Primarina|atk|1
|-ability|p1b: Porygon2|Download|boost
|-boost|p1b: Porygon2|atk|1
|turn|1
|inactive|bennoVGC has 30 seconds left.
|
|t:|1756728281
|switch|p2a: Rillaboom|Rillaboom, L50, M|100/100
|-fieldstart|move: Grassy Terrain|[from] ability: Grassy Surge|[of] p2a: Rillaboom
|move|p1a: Incineroar|Knock Off|p2a: Rillaboom
|-damage|p2a: Rillaboom|59/100
|-enditem|p2a: Rillaboom|Assault Vest|[from] move: Knock Off|[of] p1a: Incineroar
|move|p2b: Primarina|Hyper Voice|p1b: Porygon2|[spread] p1a,p1b
|-supereffective|p1a: Incineroar
|-damage|p1a: Incineroar|54/100
|-damage|p1b: Porygon2|83/100
|-enditem|p2b: Primarina|Throat Spray
|-boost|p2b: Primarina|spa|1|[from] item: Throat Spray
|move|p1b: Porygon2|Trick Room|p1b: Porygon2
|-fieldstart|move: Trick Room|[of] p1b: Porygon2
|
|-heal|p1b: Porygon2|89/100|[from] Grassy Terrain
|-heal|p1a: Incineroar|60/100|[from] Grassy Terrain
|-heal|p2a: Rillaboom|65/100|[from] Grassy Terrain
|upkeep
|turn|2
|
|t:|1756728297
|move|p2a: Rillaboom|Fake Out|p1b: Porygon2
|-damage|p1b: Porygon2|81/100
|cant|p1b: Porygon2|flinch
|move|p2b: Primarina|Hyper Voice|p1b: Porygon2|[spread] p1a,p1b
|-supereffective|p1a: Incineroar
|-damage|p1a: Incineroar|0 fnt
|-damage|p1b: Porygon2|52/100
|faint|p1a: Incineroar
|
|-heal|p1b: Porygon2|58/100|[from] Grassy Terrain
|-heal|p2a: Rillaboom|71/100|[from] Grassy Terrain
|upkeep
|
|t:|1756728305
|switch|p1a: Amoonguss|Amoonguss, L50, F, shiny|100/100
|turn|3
|
|t:|1756728325
|move|p2b: Primarina|Protect|p2b: Primarina
|-singleturn|p2b: Primarina|Protect
|move|p1a: Amoonguss|Spore|p2b: Primarina
|-activate|p2b: Primarina|move: Protect
|move|p1b: Porygon2|Recover|p1b: Porygon2
|-heal|p1b: Porygon2|100/100
|move|p2a: Rillaboom|Wood Hammer|p1b: Porygon2
|-damage|p1b: Porygon2|53/100
|-damage|p2a: Rillaboom|56/100|[from] Recoil
|
|-heal|p1b: Porygon2|59/100|[from] Grassy Terrain
|-heal|p2a: Rillaboom|62/100|[from] Grassy Terrain
|upkeep
|turn|4
|
|t:|1756728340
|move|p1a: Amoonguss|Spore|p2b: Primarina
|-status|p2b: Primarina|slp|[from] move: Spore
|move|p1b: Porygon2|Ice Beam|p2a: Rillaboom
|-supereffective|p2a: Rillaboom
|-damage|p2a: Rillaboom|17/100
|cant|p2b: Primarina|slp
|move|p2a: Rillaboom|Wood Hammer|p1b: Porygon2
|-damage|p1b: Porygon2|9/100
|-damage|p2a: Rillaboom|2/100|[from] Recoil
|
|-heal|p1b: Porygon2|15/100|[from] Grassy Terrain
|-heal|p2a: Rillaboom|8/100|[from] Grassy Terrain
|upkeep
|turn|5
|inactive|bennoVGC has 30 seconds left.
|inactive|bennoVGC has 20 seconds left.
|inactive|bennoVGC has 15 seconds left.
|
|t:|1756728385
|move|p2a: Rillaboom|Grassy Glide|p1b: Porygon2
|-damage|p1b: Porygon2|0 fnt
|faint|p1b: Porygon2
|move|p1a: Amoonguss|Clear Smog|p2b: Primarina
|-supereffective|p2b: Primarina
|-damage|p2b: Primarina|76/100 slp
|-clearboost|p2b: Primarina
|cant|p2b: Primarina|slp
|
|-heal|p2b: Primarina|82/100 slp|[from] Grassy Terrain
|-heal|p2a: Rillaboom|14/100|[from] Grassy Terrain
|-fieldend|move: Trick Room
|-fieldend|move: Grassy Terrain
|upkeep
|
|t:|1756728389
|switch|p1b: Ursaluna|Ursaluna, L50, M|100/100
|turn|6
|
|t:|1756728404
|switch|p2a: Archaludon|Archaludon, L50, M|100/100
|move|p1b: Ursaluna|Protect|p1b: Ursaluna
|-singleturn|p1b: Ursaluna|Protect
|cant|p2b: Primarina|slp
|move|p1a: Amoonguss|Pollen Puff|p2a: Archaludon
|-resisted|p2a: Archaludon
|-damage|p2a: Archaludon|91/100
|-ability|p2a: Archaludon|Stamina|boost
|-boost|p2a: Archaludon|def|1
|
|-heal|p2a: Archaludon|97/100|[from] item: Leftovers
|-status|p1b: Ursaluna|brn|[from] item: Flame Orb
|upkeep
|turn|7
|
|t:|1756728418
|-terastallize|p1b: Ursaluna|Fairy
|move|p2a: Archaludon|Draco Meteor|p1b: Ursaluna
|-immune|p1b: Ursaluna
|move|p1b: Ursaluna|Facade|p2b: Primarina
|-damage|p2b: Primarina|0 fnt
|faint|p2b: Primarina
|move|p1a: Amoonguss|Clear Smog|p2a: Archaludon
|-immune|p2a: Archaludon
|
|-heal|p2a: Archaludon|100/100|[from] item: Leftovers
|-damage|p1b: Ursaluna|95/100 brn|[from] brn
|upkeep
|
|t:|1756728425
|switch|p2b: Typhlosion|Typhlosion-Hisui, L50, M|100/100
|turn|8
|
|t:|1756728442
|-terastallize|p2b: Typhlosion|Fire
|move|p1b: Ursaluna|Protect|p1b: Ursaluna
|-singleturn|p1b: Ursaluna|Protect
|move|p2b: Typhlosion|Eruption|p1a: Amoonguss|[spread] p1a
|-activate|p1b: Ursaluna|move: Protect
|-supereffective|p1a: Amoonguss
|-damage|p1a: Amoonguss|0 fnt
|faint|p1a: Amoonguss
|move|p2a: Archaludon|Body Press|p1b: Ursaluna
|-activate|p1b: Ursaluna|move: Protect
|
|-damage|p1b: Ursaluna|89/100 brn|[from] brn
|upkeep
|turn|9
|-message|bennoVGC forfeited.
|
|win|tryson69
|raw|bennoVGC's rating: 1302 → 1277(-25 for losing)
|raw|tryson69's rating: 1220 → 1251(+31 for winning)
|l|☆bennoVGC
|player|p1|
