|j|☆T-Soro
|j|☆Refanner
|html|T-SoroRefanner    
|uhtml|bestof|Game 2 of a best-of-3
|t:|1756200187
|gametype|doubles
|player|p1|T-Soro|buck|1086
|player|p2|Refanner|1|1030
|gen|9
|tier|[Gen 9] VGC 2025 Reg H (Bo3)
|rated|
|rule|Species Clause: Limit one of each Pokémon
|rule|Item Clause: Limit 1 of each item
|clearpoke
|poke|p1|Primarina, L50, F|
|poke|p1|Garchomp, L50, F|
|poke|p1|Gholdengo, L50|
|poke|p1|Talonflame, L50, M|
|poke|p1|Tyranitar, L50, M|
|poke|p1|Amoonguss, L50, F|
|poke|p2|Ursaluna-Bloodmoon, L50, M|
|poke|p2|Amoonguss, L50, M|
|poke|p2|Farigiraf, L50, F|
|poke|p2|Dragapult, L50, F|
|poke|p2|Incineroar, L50, F|
|poke|p2|Talonflame, L50, F|
|teampreview|4
|showteam|p1|Primarina||ThroatSpray|LiquidVoice|HyperVoice,Moonblast,Protect,Haze|||F|||50|,,,,,Steel]Garchomp||LifeOrb|RoughSkin|Earthquake,RockSlide,DragonClaw,Protect|||F|||50|,,,,,Fire]Gholdengo||Leftovers|GoodasGold|MakeItRain,ShadowBall,NastyPlot,Protect||||||50|,,,,,Flying]Talonflame||CovertCloak|GaleWings|BraveBird,Tailwind,WillOWisp,Taunt|||M|||50|,,,,,Flying]Tyranitar||AssaultVest|SandStream|RockSlide,KnockOff,LowKick,IcePunch|||M|||50|,,,,,Flying]Amoonguss||SitrusBerry|Regenerator|Spore,RagePowder,PollenPuff,Protect|||F|||50|,,,,,Water
|showteam|p2|Ursaluna-Bloodmoon||AssaultVest|MindsEye|EarthPower,HyperVoice,VacuumWave,BloodMoon|||M|||50|,,,,,Dragon]Amoonguss||SitrusBerry|Regenerator|PollenPuff,RagePowder,Protect,Spore|||M|||50|,,,,,Water]Farigiraf||ThroatSpray|ArmorTail|HyperVoice,Psychic,TrickRoom,Protect|||F|||50|,,,,,Fairy]Dragapult||ChoiceBand|ClearBody|DragonDarts,PhantomForce,Uturn,SuckerPunch|||F|||50|,,,,,Dragon]Incineroar||SafetyGoggles|Intimidate|KnockOff,FakeOut,PartingShot,WillOWisp|||F|||50|,,,,,Ghost]Talonflame||CovertCloak|GaleWings|DualWingbeat,FlareBlitz,Tailwind,Taunt|||F|||50|,,,,,Flying
|
|t:|1756200216
|teamsize|p1|4
|teamsize|p2|4
|start
|switch|p1a: Talonflame|Talonflame, L50, M|100/100
|switch|p1b: Garchomp|Garchomp, L50, F|100/100
|switch|p2a: Incineroar|Incineroar, L50, F|100/100
|switch|p2b: Farigiraf|Farigiraf, L50, F|100/100
|-ability|p2a: Incineroar|Intimidate|boost
|-unboost|p1a: Talonflame|atk|1
|-unboost|p1b: Garchomp|atk|1
|turn|1
|
|t:|1756200230
|-terastallize|p1b: Garchomp|Fire
|move|p1a: Talonflame|Taunt|p2b: Farigiraf
|-start|p2b: Farigiraf|move: Taunt
|move|p1b: Garchomp|Earthquake|p2b: Farigiraf|[spread] p2a,p2b
|-immune|p1a: Talonflame
|-supereffective|p2a: Incineroar
|-damage|p2a: Incineroar|49/100
|-damage|p2b: Farigiraf|63/100
|-damage|p1b: Garchomp|91/100|[from] item: Life Orb
|move|p2a: Incineroar|Will-O-Wisp|p1b: Garchomp
|-immune|p1b: Garchomp
|move|p2b: Farigiraf|Hyper Voice|p1b: Garchomp|[spread] p1a,p1b
|-damage|p1a: Talonflame|62/100
|-damage|p1b: Garchomp|53/100
|-enditem|p2b: Farigiraf|Throat Spray
|-boost|p2b: Farigiraf|spa|1|[from] item: Throat Spray
|
|upkeep
|turn|2
|
|t:|1756200263
|move|p1a: Talonflame|Brave Bird|p2b: Farigiraf
|-damage|p2b: Farigiraf|35/100
|-damage|p1a: Talonflame|51/100|[from] Recoil
|move|p1b: Garchomp|Earthquake|p2a: Incineroar|[spread] p2a,p2b
|-immune|p1a: Talonflame
|-supereffective|p2a: Incineroar
|-damage|p2a: Incineroar|0 fnt
|-damage|p2b: Farigiraf|0 fnt
|faint|p2a: Incineroar
|faint|p2b: Farigiraf
|-damage|p1b: Garchomp|43/100|[from] item: Life Orb
|
|upkeep
|
|t:|1756200274
|switch|p2a: Ursaluna|Ursaluna-Bloodmoon, L50, M|100/100
|switch|p2b: Amoonguss|Amoonguss, L50, M|100/100
|turn|3
|
|t:|1756200293
|-terastallize|p2b: Amoonguss|Water
|move|p2b: Amoonguss|Rage Powder|p2b: Amoonguss
|-singleturn|p2b: Amoonguss|move: Rage Powder
|move|p1a: Talonflame|Taunt|p2b: Amoonguss
|-start|p2b: Amoonguss|move: Taunt
|move|p1b: Garchomp|Earthquake|p2b: Amoonguss|[spread] p2a,p2b
|-immune|p1a: Talonflame
|-damage|p2a: Ursaluna|75/100
|-damage|p2b: Amoonguss|73/100
|-damage|p1b: Garchomp|34/100|[from] item: Life Orb
|move|p2a: Ursaluna|Hyper Voice|p1a: Talonflame|[spread] p1a,p1b
|-crit|p1b: Garchomp
|-damage|p1a: Talonflame|0 fnt
|-damage|p1b: Garchomp|0 fnt
|faint|p1a: Talonflame
|faint|p1b: Garchomp
|
|upkeep
|
|t:|1756200300
|switch|p1a: Tyranitar|Tyranitar, L50, M|100/100
|switch|p1b: Primarina|Primarina, L50, F|100/100
|-weather|Sandstorm|[from] ability: Sand Stream|[of] p1a: Tyranitar
|turn|4
|
|t:|1756200333
|move|p1a: Tyranitar|Low Kick|p2a: Ursaluna
|-supereffective|p2a: Ursaluna
|-damage|p2a: Ursaluna|20/100
|move|p2a: Ursaluna|Blood Moon|p1b: Primarina
|-damage|p1b: Primarina|31/100
|move|p1b: Primarina|Hyper Voice|p2a: Ursaluna|[spread] p2a,p2b
|-supereffective|p2a: Ursaluna
|-resisted|p2b: Amoonguss
|-damage|p2a: Ursaluna|0 fnt
|-damage|p2b: Amoonguss|59/100
|faint|p2a: Ursaluna
|-enditem|p1b: Primarina|Throat Spray
|-boost|p1b: Primarina|spa|1|[from] item: Throat Spray
|move|p2b: Amoonguss|Pollen Puff|p2: Ursaluna|[notarget]
|-fail|p2b: Amoonguss
|
|-weather|Sandstorm|[upkeep]
|-damage|p1b: Primarina|25/100|[from] Sandstorm
|-damage|p2b: Amoonguss|53/100|[from] Sandstorm
|upkeep
|turn|5
|-message|Refanner forfeited.
|
|win|T-Soro
|l|☆Refanner
|player|p2|
||T-Soro is ready for game 3.
||Refanner is ready for game 3.
|uhtml|next|Next: Game 3 of 3
|j|☆Refanner
|player|p2|Refanner|1|
|l|☆T-Soro
|player|p1|
