|j|☆Sapitoch 4
|j|☆SwagbossVillage
|html|Sapitoch 4SwagbossVillage    
|uhtml|bestof|Game 1 of a best-of-3
|t:|1782324694
|gametype|doubles
|player|p1|Sapitoch 4|101|1134
|player|p2|SwagbossVillage|1|1047
|gen|9
|tier|[Gen 9 Champions] VGC 2026 Reg M-B (Bo3)
|rated|
|rule|Species Clause: Limit one of each Pokémon
|rule|Item Clause: Limit 1 of each item
|clearpoke
|poke|p1|Gengar, L50, F|
|poke|p1|Whimsicott, L50, M|
|poke|p1|Incineroar, L50, F|
|poke|p1|Dragonite, L50, M|
|poke|p1|Politoed, L50, M|
|poke|p1|Sneasler, L50, M|
|poke|p2|Hydreigon, L50, M|
|poke|p2|Mr. Rime, L50, F, shiny|
|poke|p2|Metagross, L50|
|poke|p2|Charizard, L50, M|
|poke|p2|Grimmsnarl, L50, M|
|poke|p2|Toxapex, L50, F|
|teampreview|4
|showteam|p1|Gengar||Gengarite|CursedBody|ShadowBall,SludgeBomb,Disable,Protect|Timid||F|||50|]Whimsicott||FocusSash|Prankster|Protect,EnergyBall,Tailwind,Encore|Bold||M|||50|]Incineroar||PasshoBerry|Intimidate|FakeOut,FlareBlitz,DarkestLariat,PartingShot|Jolly||F|||50|]Dragonite||DragonFang|Multiscale|DragonClaw,LowKick,Protect,ExtremeSpeed|Adamant||M|||50|]Politoed||MysticWater|Drizzle|WeatherBall,MuddyWater,Protect,Encore|Modest||M|||50|]Sneasler||WhiteHerb|Unburden|CloseCombat,FakeOut,Protect,DireClaw|Jolly||M|||50|
|showteam|p2|Hydreigon||ChoiceScarf|Levitate|HeatWave,DarkPulse,DracoMeteor,Snarl|Modest||M|||50|]Mr. Rime||FocusSash|ScreenCleaner|FakeOut,Blizzard,Protect,SunnyDay|Serious||F|||50|]Metagross||Metagrossite|ClearBody|IronHead,HammerArm,BulletPunch,Protect|Adamant|||||50|]Charizard||CharizarditeY|Blaze|Protect,HeatWave,SolarBeam,WeatherBall|Timid||M|||50|]Grimmsnarl||RoseliBerry|Prankster|FakeOut,FoulPlay,Reflect,PartingShot|Sassy||M|||50|]Toxapex||Leftovers|Regenerator|Infestation,Toxic,BanefulBunker,WideGuard|Bold||F|||50|
|
|t:|1782324758
|teamsize|p1|4
|teamsize|p2|4
|start
|switch|p1a: Incineroar|Incineroar, L50, F|100/100
|switch|p1b: Gengar|Gengar, L50, F|100/100
|switch|p2a: Hydreigon|Hydreigon, L50, M|100/100
|switch|p2b: Toxapex|Toxapex, L50, F|100/100
|-ability|p1a: Incineroar|Intimidate|boost
|-unboost|p2a: Hydreigon|atk|1
|-unboost|p2b: Toxapex|atk|1
|turn|1
|
|t:|1782324788
|detailschange|p1b: Gengar|Gengar-Mega, L50, F
|-mega|p1b: Gengar|Gengar|Gengarite
|move|p1a: Incineroar|Fake Out|p2a: Hydreigon
|-damage|p2a: Hydreigon|89/100
|cant|p2a: Hydreigon|flinch
|move|p1b: Gengar|Sludge Bomb|p2a: Hydreigon
|-damage|p2a: Hydreigon|30/100
|-status|p2a: Hydreigon|psn
|move|p2b: Toxapex|Toxic|p1a: Incineroar
|-status|p1a: Incineroar|tox
|
|-damage|p2a: Hydreigon|18/100 psn|[from] psn
|-damage|p1a: Incineroar|94/100 tox|[from] psn
|upkeep
|turn|2
|
|t:|1782324809
|move|p1b: Gengar|Protect|p1b: Gengar
|-singleturn|p1b: Gengar|Protect
|move|p2a: Hydreigon|Dark Pulse|p1b: Gengar
|-activate|p1b: Gengar|move: Protect
|move|p1a: Incineroar|Parting Shot|p2a: Hydreigon
|-unboost|p2a: Hydreigon|atk|1
|-unboost|p2a: Hydreigon|spa|1
|
|t:|1782324816
|switch|p1a: Sneasler|Sneasler, L50, M|100/100|[from] Parting Shot
|move|p2b: Toxapex|Infestation|p1b: Gengar
|-activate|p1b: Gengar|move: Protect
|
|-damage|p2a: Hydreigon|6/100 psn|[from] psn
|upkeep
|turn|3
|
|t:|1782324829
|move|p1a: Sneasler|Fake Out|p2a: Hydreigon
|-damage|p2a: Hydreigon|0 fnt
|faint|p2a: Hydreigon
|move|p1b: Gengar|Disable|p2b: Toxapex
|-start|p2b: Toxapex|Disable|Infestation
|cant|p2b: Toxapex|Disable|Infestation
|
|upkeep
|
|t:|1782324844
|switch|p2a: Metagross|Metagross, L50|100/100
|turn|4
|
|t:|1782324857
|switch|p1a: Incineroar|Incineroar, L50, F|94/100 tox
|-ability|p1a: Incineroar|Intimidate|boost
|-fail|p2a: Metagross|unboost|[from] ability: Clear Body|[of] p2a: Metagross
|-unboost|p2b: Toxapex|atk|1
|detailschange|p2a: Metagross|Metagross-Mega, L50
|-mega|p2a: Metagross|Metagross|Metagrossite
|move|p1b: Gengar|Protect|p1b: Gengar
|-singleturn|p1b: Gengar|Protect
|move|p2b: Toxapex|Wide Guard|p2b: Toxapex
|-singleturn|p2b: Toxapex|Wide Guard
|move|p2a: Metagross|Iron Head|p1b: Gengar
|-activate|p1b: Gengar|move: Protect
|
|-damage|p1a: Incineroar|88/100 tox|[from] psn
|upkeep
|turn|5
|
|t:|1782324879
|move|p2b: Toxapex|Baneful Bunker||[still]
|-fail|p2b: Toxapex
|move|p1a: Incineroar|Fake Out|p2a: Metagross
|-resisted|p2a: Metagross|1
|-crit|p2a: Metagross
|-damage|p2a: Metagross|94/100
|move|p1b: Gengar|Shadow Ball|p2a: Metagross
|-supereffective|p2a: Metagross|1
|-damage|p2a: Metagross|12/100
|cant|p2a: Metagross|flinch
|
|-damage|p1a: Incineroar|76/100 tox|[from] psn
|upkeep
|turn|6
|
|t:|1782324900
|move|p1b: Gengar|Shadow Ball|p2a: Metagross
|-supereffective|p2a: Metagross|1
|-damage|p2a: Metagross|0 fnt
|faint|p2a: Metagross
|move|p1a: Incineroar|Parting Shot|p2b: Toxapex
|-unboost|p2b: Toxapex|atk|1
|-unboost|p2b: Toxapex|spa|1
|
|t:|1782324906
|switch|p1a: Sneasler|Sneasler, L50, M|100/100|[from] Parting Shot
|move|p2b: Toxapex|Toxic|p1b: Gengar
|-immune|p1b: Gengar
|
|-end|p2b: Toxapex|Disable
|upkeep
|c|☆SwagbossVillage|Gg
|-message|SwagbossVillage forfeited.
|
|win|Sapitoch 4
||SwagbossVillage is ready for game 2.
