|j|☆DanTheTrainer25
|j|☆mooimmo
|html|DanTheTrainer25mooimmo    
|uhtml|bestof|Game 2 of a best-of-3
|t:|1784252394
|gametype|doubles
|player|p1|DanTheTrainer25|266|
|player|p2|mooimmo|170|
|gen|9
|tier|[Gen 9 Champions] VGC 2026 Reg M-B (Bo3)
|rule|Species Clause: Limit one of each Pokémon
|rule|Item Clause: Limit 1 of each item
|clearpoke
|poke|p1|Garchomp, L50, F|
|poke|p1|Froslass, L50, F|
|poke|p1|Rotom-Frost, L50|
|poke|p1|Aerodactyl, L50, F|
|poke|p1|Milotic, L50, M|
|poke|p1|Dragapult, L50, M|
|poke|p2|Politoed, L50, M|
|poke|p2|Meowstic, L50, M|
|poke|p2|Ditto, L50|
|poke|p2|Gengar, L50, F|
|poke|p2|Pidgeot, L50, M|
|poke|p2|Incineroar, L50, F|
|teampreview|4
|showteam|p1|Garchomp||LifeOrb|RoughSkin|Earthquake,RockSlide,DragonClaw,Protect|Adamant||F|||50|]Froslass||Froslassite|SnowCloak|AuroraVeil,Blizzard,ShadowBall,Protect|Modest||F|||50|]Rotom-Frost||WiseGlasses|Levitate|Electroweb,ShadowBall,VoltSwitch,Blizzard|Timid|||||50|]Aerodactyl||FocusSash|Unnerve|RockSlide,PsychicFangs,Tailwind,DualWingbeat|Jolly||F|||50|]Milotic||Leftovers|Competitive|Recover,Coil,MuddyWater,FlipTurn|Bold||M|||50|]Dragapult||ExpertBelt|ClearBody|SuckerPunch,PsychicFangs,PhantomForce,Uturn|Jolly||M|||50|
|showteam|p2|Politoed||Leftovers|Drizzle|ChillingWater,IcyWind,Protect,HelpingHand|Calm||M|||50|]Meowstic||FocusSash|Prankster|SunnyDay,ThunderWave,HelpingHand,ShadowBall|Serious||M|||50|]Ditto||ChoiceScarf|Imposter|Transform|Naive|||||50|]Gengar||Gengarite|CursedBody|Protect,ShadowBall,Thunder,IcyWind|Timid||F|||50|]Pidgeot||Pidgeotite|BigPecks|Protect,Tailwind,HeatWave,Hurricane|Timid||M|||50|]Incineroar||ShucaBerry|Intimidate|DarkestLariat,FakeOut,PartingShot,WillOWisp|Careful||F|||50|
|
|t:|1784252439
|teamsize|p1|4
|teamsize|p2|4
|start
|switch|p1a: Garchomp|Garchomp, L50, F|100/100
|switch|p1b: Aerodactyl|Aerodactyl, L50, F|100/100
|switch|p2a: Gengar|Gengar, L50, F|100/100
|switch|p2b: Incineroar|Incineroar, L50, F|100/100
|-ability|p1b: Aerodactyl|Unnerve
|-ability|p2b: Incineroar|Intimidate|boost
|-unboost|p1a: Garchomp|atk|1
|-unboost|p1b: Aerodactyl|atk|1
|turn|1
|
|t:|1784252472
|switch|p1a: Dragapult|Dragapult, L50, M|100/100
|detailschange|p2a: Gengar|Gengar-Mega, L50, F
|-mega|p2a: Gengar|Gengar|Gengarite
|move|p2b: Incineroar|Fake Out|p1a: Dragapult
|-immune|p1a: Dragapult
|move|p2a: Gengar|Icy Wind|p1b: Aerodactyl|[spread] p1a,p1b
|-supereffective|p1a: Dragapult|1
|-supereffective|p1b: Aerodactyl|1
|-damage|p1a: Dragapult|57/100
|-damage|p1b: Aerodactyl|52/100
|-unboost|p1b: Aerodactyl|spe|1
|move|p1b: Aerodactyl|Tailwind|p1b: Aerodactyl
|-sidestart|p1: DanTheTrainer25|move: Tailwind
|
|upkeep
|turn|2
|
|t:|1784252498
|move|p2a: Gengar|Protect|p2a: Gengar
|-singleturn|p2a: Gengar|Protect
|move|p1a: Dragapult|Phantom Force||[still]
|-prepare|p1a: Dragapult|Phantom Force
|move|p1b: Aerodactyl|Rock Slide|p2b: Incineroar|[spread] 
|-activate|p2a: Gengar|move: Protect
|-miss|p1b: Aerodactyl|p2b: Incineroar
|move|p2b: Incineroar|Darkest Lariat|p1a: Dragapult|[miss]
|-miss|p2b: Incineroar|p1a: Dragapult
|
|upkeep
|turn|3
|
|t:|1784252550
|switch|p2a: Politoed|Politoed, L50, M|100/100
|-weather|RainDance|[from] ability: Drizzle|[of] p2a: Politoed
|move|p1a: Dragapult|Phantom Force|p2a: Politoed|[from] lockedmove
|-damage|p2a: Politoed|49/100
|move|p1b: Aerodactyl|Rock Slide|p2b: Incineroar|[spread] p2a,p2b
|-supereffective|p2b: Incineroar|1
|-damage|p2a: Politoed|30/100
|-damage|p2b: Incineroar|64/100
|cant|p2b: Incineroar|flinch
|
|-weather|RainDance|[upkeep]
|-heal|p2a: Politoed|37/100|[from] item: Leftovers
|upkeep
|turn|4
|
|t:|1784252580
|move|p1a: Dragapult|U-turn|p2b: Incineroar
|-damage|p2b: Incineroar|41/100
|
|t:|1784252584
|switch|p1a: Garchomp|Garchomp, L50, F|100/100|[from] U-turn
|move|p1b: Aerodactyl|Rock Slide|p2b: Incineroar|[spread] p2a
|-miss|p1b: Aerodactyl|p2b: Incineroar
|-damage|p2a: Politoed|19/100
|cant|p2a: Politoed|flinch
|move|p2b: Incineroar|Parting Shot|p1b: Aerodactyl
|-unboost|p1b: Aerodactyl|atk|1
|-unboost|p1b: Aerodactyl|spa|1
|
|t:|1784252594
|switch|p2b: Ditto|Ditto, L50|100/100|[from] Parting Shot
|-transform|p2b: Ditto|p1a: Garchomp|[from] ability: Imposter
|
|-weather|RainDance|[upkeep]
|-heal|p2a: Politoed|25/100|[from] item: Leftovers
|-sideend|p1: DanTheTrainer25|move: Tailwind
|upkeep
|turn|5
|c|☆mooimmo|here comes the boom
|
|t:|1784252624
|move|p2a: Politoed|Protect|p2a: Politoed
|-singleturn|p2a: Politoed|Protect
|move|p2b: Ditto|Dragon Claw|p1a: Garchomp
|-supereffective|p1a: Garchomp|1
|-damage|p1a: Garchomp|11/100
|-damage|p2b: Ditto|87/100|[from] ability: Rough Skin|[of] p1a: Garchomp
|move|p1a: Garchomp|Dragon Claw|p2b: Ditto
|-supereffective|p2b: Ditto|1
|-damage|p2b: Ditto|0 fnt
|-damage|p1a: Garchomp|0 fnt|[from] ability: Rough Skin|[of] p2b: Ditto
|faint|p2b: Ditto
|faint|p1a: Garchomp
|move|p1b: Aerodactyl|Tailwind|p1b: Aerodactyl
|-sidestart|p1: DanTheTrainer25|move: Tailwind
|
|-weather|RainDance|[upkeep]
|-heal|p2a: Politoed|31/100|[from] item: Leftovers
|upkeep
|
|t:|1784252654
|switch|p1a: Dragapult|Dragapult, L50, M|57/100
|switch|p2b: Gengar|Gengar-Mega, L50, F|100/100
|turn|6
|
|t:|1784252706
|move|p2a: Politoed|Helping Hand|p2b: Gengar
|-singleturn|p2b: Gengar|Helping Hand|[of] p2a: Politoed
|move|p1a: Dragapult|Phantom Force||[still]
|-prepare|p1a: Dragapult|Phantom Force
|move|p1b: Aerodactyl|Rock Slide|p2b: Gengar|[spread] p2a,p2b
|-damage|p2a: Politoed|17/100
|-damage|p2b: Gengar|81/100
|move|p2b: Gengar|Icy Wind|p1a: Dragapult|[spread] p1b
|-miss|p2b: Gengar|p1a: Dragapult
|-supereffective|p1b: Aerodactyl|1
|-damage|p1b: Aerodactyl|0 fnt
|faint|p1b: Aerodactyl
|
|-weather|RainDance|[upkeep]
|-heal|p2a: Politoed|23/100|[from] item: Leftovers
|upkeep
|
|t:|1784252720
|switch|p1b: Froslass|Froslass, L50, F|100/100
|turn|7
|
|t:|1784252747
|detailschange|p1b: Froslass|Froslass-Mega, L50, F
|-mega|p1b: Froslass|Froslass|Froslassite
|-weather|Snowscape|[from] ability: Snow Warning|[of] p1b: Froslass
|move|p2b: Gengar|Protect|p2b: Gengar
|-singleturn|p2b: Gengar|Protect
|move|p2a: Politoed|Protect|p2a: Politoed
|-singleturn|p2a: Politoed|Protect
|move|p1a: Dragapult|Phantom Force|p2b: Gengar|[from] lockedmove
|-activate|p2b: Gengar|move: Phantom Force|[broken]
|-supereffective|p2b: Gengar|1
|-damage|p2b: Gengar|0 fnt
|faint|p2b: Gengar
|move|p1b: Froslass|Blizzard|p2a: Politoed
|-activate|p2a: Politoed|move: Protect
|
|-weather|Snowscape|[upkeep]
|-heal|p2a: Politoed|29/100|[from] item: Leftovers
|upkeep
|c|☆mooimmo|I;m dumb lol
|c|☆mooimmo|I'm
|
|t:|1784252766
|switch|p2b: Incineroar|Incineroar, L50, F|41/100
|-ability|p2b: Incineroar|Intimidate|boost
|-fail|p1a: Dragapult|unboost|[from] ability: Clear Body|[of] p1a: Dragapult
|-unboost|p1b: Froslass|atk|1
|turn|8
|
|t:|1784252786
|move|p1a: Dragapult|U-turn|p2b: Incineroar
|-damage|p2b: Incineroar|20/100y
|move|p1b: Froslass|Shadow Ball|p2a: Politoed
|-damage|p2a: Politoed|0 fnt
|faint|p2a: Politoed
|move|p2b: Incineroar|Darkest Lariat|p1b: Froslass
|-supereffective|p1b: Froslass|1
|-damage|p1b: Froslass|32/100
|
|-weather|Snowscape|[upkeep]
|-sideend|p1: DanTheTrainer25|move: Tailwind
|upkeep
|turn|9
|
|t:|1784252806
|move|p1a: Dragapult|U-turn|p2b: Incineroar
|-damage|p2b: Incineroar|0 fnt
|faint|p2b: Incineroar
|
|win|DanTheTrainer25
|l|☆mooimmo
|player|p2|
