|j|☆elitetweet
|j|☆standardamerican
|html|elitetweetstandardamerican    
|uhtml|bestof|Game 1 of a best-of-3
|t:|1784816668
|gametype|doubles
|player|p1|elitetweet|korrina|1064
|player|p2|standardamerican|169|1218
|gen|9
|tier|[Gen 9 Champions] VGC 2026 Reg M-B (Bo3)
|rated|
|rule|Species Clause: Limit one of each Pokémon
|rule|Item Clause: Limit 1 of each item
|clearpoke
|poke|p1|Aerodactyl, L50, M|
|poke|p1|Rotom-Wash, L50, shiny|
|poke|p1|Garchomp, L50, F|
|poke|p1|Sneasler, L50, M|
|poke|p1|Incineroar, L50, F|
|poke|p1|Floette-Eternal, L50, F|
|poke|p2|Sinistcha, L50|
|poke|p2|Incineroar, L50, M|
|poke|p2|Milotic, L50, F|
|poke|p2|Raichu, L50, F|
|poke|p2|Gardevoir, L50, F|
|poke|p2|Ceruledge, L50, M|
|teampreview|4
|showteam|p1|Aerodactyl||FocusSash|Unnerve|RockSlide,DualWingbeat,Taunt,Tailwind|Jolly||M|||50|]Rotom-Wash||ChoiceScarf|Levitate|HydroPump,Electroweb,WillOWisp,Thunderbolt|Timid|||||50|]Garchomp||LifeOrb|RoughSkin|StompingTantrum,DragonClaw,RockSlide,Protect|Jolly||F|||50|]Sneasler||WhiteHerb|Unburden|FakeOut,DireClaw,CloseCombat,Coaching|Adamant||M|||50|]Incineroar||SitrusBerry|Intimidate|FakeOut,FlareBlitz,DarkestLariat,PartingShot|Adamant||F|||50|]Floette-Eternal||Floettite|FlowerVeil|DazzlingGleam,CalmMind,DrainingKiss,Protect|Modest||F|||50|
|showteam|p2|Sinistcha||KasibBerry|Hospitality|MatchaGotcha,Imprison,RagePowder,Protect|Bold|||||50|]Incineroar||SitrusBerry|Intimidate|FlareBlitz,DarkestLariat,FakeOut,PartingShot|Careful||M|||50|]Milotic||Leftovers|Competitive|MuddyWater,Coil,Hypnosis,Protect|Calm||F|||50|]Raichu||RaichuniteY|LightningRod|ZapCannon,FocusBlast,FakeOut,Protect|Timid||F|||50|]Gardevoir||Gardevoirite|Trace|HyperVoice,Psyshock,TrickRoom,Protect|Modest||F|||50|]Ceruledge||ColburBerry|FlashFire|BitterBlade,ShadowSneak,BulkUp,Protect|Adamant||M|||50|
|inactive|Battle timer is ON: inactive players will automatically lose when time's up. (requested by elitetweet)
|inactive|elitetweet has 60 seconds left.
|inactive|standardamerican has 60 seconds left.
|
|t:|1784816713
|teamsize|p1|4
|teamsize|p2|4
|start
|switch|p1a: Aerodactyl|Aerodactyl, L50, M|100/100
|switch|p1b: Floette|Floette-Eternal, L50, F|100/100
|switch|p2a: Incineroar|Incineroar, L50, M|100/100
|switch|p2b: Gardevoir|Gardevoir, L50, F|100/100
|-ability|p1a: Aerodactyl|Unnerve
|-ability|p2b: Gardevoir|Flower Veil|Trace|[from] ability: Trace|[of] p1b: Floette
|-ability|p2a: Incineroar|Intimidate|boost
|-unboost|p1a: Aerodactyl|atk|1
|-unboost|p1b: Floette|atk|1
|turn|1
|
|t:|1784816726
|detailschange|p1b: Floette|Floette-Mega, L50, F
|-mega|p1b: Floette|Floette|Floettite
|-ability|p1b: Floette|Fairy Aura
|detailschange|p2b: Gardevoir|Gardevoir-Mega, L50, F
|-mega|p2b: Gardevoir|Gardevoir|Gardevoirite
|move|p2a: Incineroar|Fake Out|p1a: Aerodactyl
|-resisted|p1a: Aerodactyl|1
|-damage|p1a: Aerodactyl|91/100
|cant|p1a: Aerodactyl|flinch
|move|p1b: Floette|Dazzling Gleam|p2a: Incineroar|[spread] p2a,p2b
|-damage|p2a: Incineroar|60/100
|-damage|p2b: Gardevoir|60/100
|move|p2b: Gardevoir|Trick Room|p2b: Gardevoir
|-fieldstart|move: Trick Room|[of] p2b: Gardevoir
|
|upkeep
|turn|2
|inactive|standardamerican has 30 seconds left.
|
|t:|1784816754
|switch|p1a: John Cenaroar|Incineroar, L50, F|100/100
|-ability|p1a: John Cenaroar|Intimidate|boost
|-unboost|p2a: Incineroar|atk|1
|-unboost|p2b: Gardevoir|atk|1
|move|p1b: Floette|Protect|p1b: Floette
|-singleturn|p1b: Floette|Protect
|move|p2a: Incineroar|Flare Blitz|p1b: Floette
|-activate|p1b: Floette|move: Protect
|move|p2b: Gardevoir|Hyper Voice|p1a: John Cenaroar|[spread] p1a
|-activate|p1b: Floette|move: Protect
|-damage|p1a: John Cenaroar|38/100
|-enditem|p1a: John Cenaroar|Sitrus Berry|[eat]
|-heal|p1a: John Cenaroar|63/100|[from] item: Sitrus Berry
|
|upkeep
|turn|3
|
|t:|1784816775
|move|p2b: Gardevoir|Protect|p2b: Gardevoir
|-singleturn|p2b: Gardevoir|Protect
|move|p1a: John Cenaroar|Fake Out|p2a: Incineroar
|-damage|p2a: Incineroar|50/100g
|cant|p2a: Incineroar|flinch
|move|p1b: Floette|Calm Mind|p1b: Floette
|-boost|p1b: Floette|spa|1
|-boost|p1b: Floette|spd|1
|
|upkeep
|turn|4
|inactive|elitetweet has 30 seconds left.
|
|t:|1784816805
|move|p2a: Incineroar|Flare Blitz|p1a: John Cenaroar
|-resisted|p1a: John Cenaroar|1
|-damage|p1a: John Cenaroar|48/100
|-damage|p2a: Incineroar|45/100|[from] Recoil
|-enditem|p2a: Incineroar|Sitrus Berry|[eat]
|-heal|p2a: Incineroar|70/100|[from] item: Sitrus Berry
|move|p1a: John Cenaroar|Parting Shot|p2a: Incineroar
|-unboost|p2a: Incineroar|atk|1
|-unboost|p2a: Incineroar|spa|1
|
|t:|1784816815
|switch|p1a: Aerodactyl|Aerodactyl, L50, M|91/100|[from] Parting Shot
|-ability|p1a: Aerodactyl|Unnerve
|move|p2b: Gardevoir|Hyper Voice|p1a: Aerodactyl|[spread] p1a,p1b
|-damage|p1a: Aerodactyl|0 fnt
|-damage|p1b: Floette|67/100
|faint|p1a: Aerodactyl
|move|p1b: Floette|Dazzling Gleam|p2a: Incineroar|[spread] p2a,p2b
|-damage|p2a: Incineroar|18/100
|-damage|p2b: Gardevoir|2/100
|
|upkeep
|
|t:|1784816826
|switch|p1a: John Cenaroar|Incineroar, L50, F|48/100
|-ability|p1a: John Cenaroar|Intimidate|boost
|-unboost|p2a: Incineroar|atk|1
|-unboost|p2b: Gardevoir|atk|1
|turn|5
|inactive|standardamerican has 30 seconds left.
|
|t:|1784816854
|switch|p2a: Sinistcha|Sinistcha, L50|100/100
|-heal|p2b: Gardevoir|26/100|[from] ability: Hospitality|[of] p2a: Sinistcha
|move|p2b: Gardevoir|Protect|p2b: Gardevoir
|-singleturn|p2b: Gardevoir|Protect
|move|p1a: John Cenaroar|Fake Out|p2b: Gardevoir
|-activate|p2b: Gardevoir|move: Protect
|move|p1b: Floette|Calm Mind|p1b: Floette
|-boost|p1b: Floette|spa|1
|-boost|p1b: Floette|spd|1
|
|-fieldend|move: Trick Room
|upkeep
|turn|6
|inactive|standardamerican has 30 seconds left.
|inactive|standardamerican has 20 seconds left.
|inactive|standardamerican has 15 seconds left.
|inactive|standardamerican has 10 seconds left.
|inactive|standardamerican has 5 seconds left.
|
|t:|1784816905
|switch|p2b: Incineroar|Incineroar, L50, M|18/100
|-ability|p2b: Incineroar|Intimidate|boost
|-unboost|p1a: John Cenaroar|atk|1
|-unboost|p1b: Floette|atk|1
|switch|p2a: Milotic|Milotic, L50, F|100/100
|move|p1b: Floette|Dazzling Gleam|p2a: Milotic|[spread] p2a,p2b
|-damage|p2a: Milotic|43/100
|-damage|p2b: Incineroar|0 fnt
|faint|p2b: Incineroar
|move|p1a: John Cenaroar|Darkest Lariat|p2a: Milotic
|-damage|p2a: Milotic|20/100y
|
|-heal|p2a: Milotic|26/100|[from] item: Leftovers
|upkeep
|
|t:|1784816915
|switch|p2b: Gardevoir|Gardevoir-Mega, L50, F|26/100
|turn|7
|
|t:|1784816921
|switch|p2a: Sinistcha|Sinistcha, L50|100/100
|-heal|p2b: Gardevoir|51/100|[from] ability: Hospitality|[of] p2a: Sinistcha
|move|p1b: Floette|Dazzling Gleam|p2a: Sinistcha|[spread] p2a,p2b
|-crit|p2b: Gardevoir
|-damage|p2a: Sinistcha|7/100
|-damage|p2b: Gardevoir|0 fnt
|faint|p2b: Gardevoir
|move|p1a: John Cenaroar|Darkest Lariat|p2a: Sinistcha
|-supereffective|p2a: Sinistcha|1
|-damage|p2a: Sinistcha|0 fnt
|faint|p2a: Sinistcha
|
|upkeep
|-message|standardamerican forfeited.
|
|win|elitetweet
||elitetweet is ready for game 2.
||standardamerican is ready for game 2.
|uhtml|next|Next: Game 2 of 3
|l|☆elitetweet
|player|p1|
|l|☆standardamerican
|player|p2|
|j|☆standardamerican
|player|p2|standardamerican|169|
