|j|☆myshirtisdirty
|j|☆Karkz
|html|myshirtisdirtyKarkz    
|uhtml|bestof|Game 1 of a best-of-3
|t:|1757905039
|gametype|doubles
|player|p1|myshirtisdirty|1|1071
|player|p2|Karkz|lance|1132
|gen|9
|tier|[Gen 9] VGC 2025 Reg H (Bo3)
|rated|
|rule|Species Clause: Limit one of each Pokémon
|rule|Item Clause: Limit 1 of each item
|clearpoke
|poke|p1|Indeedee-F, L50, F|
|poke|p1|Gallade, L50, M|
|poke|p1|Ursaluna, L50, M|
|poke|p1|Torkoal, L50, M|
|poke|p1|Hatterene, L50, F|
|poke|p1|Lilligant-Hisui, L50, F|
|poke|p2|Garganacl, L50, F|
|poke|p2|Volcarona, L50, M|
|poke|p2|Dondozo, L50, M|
|poke|p2|Grimmsnarl, L50, M|
|poke|p2|Rillaboom, L50, M|
|poke|p2|Tyranitar, L50, M|
|teampreview|4
|showteam|p1|Indeedee-F||SafetyGoggles|PsychicSurge|DazzlingGleam,HelpingHand,TrickRoom,FollowMe|||F|||50|,,,,,Fairy]Gallade||ClearAmulet|Sharpness|PsychoCut,SacredSword,TrickRoom,WideGuard|||M|||50|,,,,,Steel]Ursaluna||FlameOrb|Guts|Facade,Earthquake,HeadlongRush,Protect|||M|||50|,,,,,Ghost]Torkoal||ChoiceSpecs|Drought|WeatherBall,HeatWave,Eruption,EarthPower|||M|||50|,,,,,Grass]Hatterene||LifeOrb|MagicBounce|ExpandingForce,DazzlingGleam,MysticalFire,TrickRoom|||F|||50|,,,,,Water]Lilligant-Hisui||FocusSash|Chlorophyll|SleepPowder,AfterYou,CloseCombat,SolarBlade|||F|||50|,,,,,Ghost
|showteam|p2|Garganacl||SitrusBerry|PurifyingSalt|SaltCure,Recover,IronDefense,Protect|||F|||50|,,,,,Poison]Volcarona||Leftovers|FlameBody|HeatWave,GigaDrain,QuiverDance,Protect|||M|||50|,,,,,Dragon]Dondozo||SafetyGoggles|Unaware|WaveCrash,Fissure,Yawn,Protect|||M|||50|,,,,,Dragon]Grimmsnarl||LightClay|Prankster|SpiritBreak,ThunderWave,Reflect,LightScreen|||M|||50|,,,,,Ghost]Rillaboom||MiracleSeed|GrassySurge|WoodHammer,GrassyGlide,Uturn,FakeOut|||M|||50|,,,,,Grass]Tyranitar||AssaultVest|SandStream|RockSlide,KnockOff,TeraBlast,SandTomb|||M|||50|,,,,,Flying
|inactive|Battle timer is ON: inactive players will automatically lose when time's up. (requested by Karkz)
|
|t:|1757905062
|teamsize|p1|4
|teamsize|p2|4
|start
|switch|p1a: Indeedee|Indeedee-F, L50, F|100/100
|switch|p1b: Gallade|Gallade, L50, M, shiny|100/100
|switch|p2a: Goblin Mode|Grimmsnarl, L50, M|100/100
|switch|p2b: Gangrel|Rillaboom, L50, M|100/100
|-fieldstart|move: Grassy Terrain|[from] ability: Grassy Surge|[of] p2b: Gangrel
|-fieldstart|move: Psychic Terrain|[from] ability: Psychic Surge|[of] p1a: Indeedee
|turn|1
|
|t:|1757905080
|move|p2a: Goblin Mode|Reflect|p2a: Goblin Mode
|-sidestart|p2: Karkz|Reflect
|move|p2b: Gangrel|U-turn|p1a: Indeedee
|-supereffective|p1a: Indeedee
|-damage|p1a: Indeedee|53/100
|
|t:|1757905085
|switch|p2b: Cloverfield|Tyranitar, L50, M|100/100|[from] U-turn
|-weather|Sandstorm|[from] ability: Sand Stream|[of] p2b: Cloverfield
|move|p1b: Gallade|Sacred Sword|p2a: Goblin Mode
|-damage|p2a: Goblin Mode|50/100
|move|p1a: Indeedee|Trick Room|p1a: Indeedee
|-fieldstart|move: Trick Room|[of] p1a: Indeedee
|
|-weather|Sandstorm|[upkeep]
|-damage|p1b: Gallade|95/100|[from] Sandstorm
|-damage|p2a: Goblin Mode|44/100|[from] Sandstorm
|upkeep
|turn|2
|
|t:|1757905101
|switch|p2b: Boto|Dondozo, L50, M|100/100
|move|p1a: Indeedee|Helping Hand|p1b: Gallade
|-singleturn|p1b: Gallade|Helping Hand|[of] p1a: Indeedee
|move|p2a: Goblin Mode|Light Screen|p2a: Goblin Mode
|-sidestart|p2: Karkz|move: Light Screen
|move|p1b: Gallade|Sacred Sword|p2a: Goblin Mode
|-damage|p2a: Goblin Mode|0 fnt
|faint|p2a: Goblin Mode
|
|-weather|Sandstorm|[upkeep]
|-damage|p1b: Gallade|89/100|[from] Sandstorm
|upkeep
|
|t:|1757905105
|switch|p2a: Gangrel|Rillaboom, L50, M|100/100
|-fieldstart|move: Grassy Terrain|[from] ability: Grassy Surge|[of] p2a: Gangrel
|turn|3
|
|t:|1757905128
|-terastallize|p2a: Gangrel|Grass
|move|p1a: Indeedee|Follow Me|p1a: Indeedee
|-singleturn|p1a: Indeedee|move: Follow Me
|move|p2a: Gangrel|Grassy Glide|p1a: Indeedee
|-damage|p1a: Indeedee|0 fnt
|faint|p1a: Indeedee
|move|p2b: Boto|Wave Crash|p1b: Gallade
|-damage|p1b: Gallade|20/100
|-damage|p2b: Boto|84/100|[from] Recoil
|move|p1b: Gallade|Sacred Sword|p2a: Gangrel
|-damage|p2a: Gangrel|51/100
|
|-weather|Sandstorm|[upkeep]
|-damage|p1b: Gallade|15/100|[from] Sandstorm
|-damage|p2a: Gangrel|45/100|[from] Sandstorm
|-heal|p2b: Boto|90/100|[from] Grassy Terrain
|-heal|p1b: Gallade|20/100|[from] Grassy Terrain
|-heal|p2a: Gangrel|51/100|[from] Grassy Terrain
|upkeep
|
|t:|1757905148
|switch|p1a: Hatterene|Hatterene, L50, F|100/100
|turn|4
|
|t:|1757905169
|move|p2a: Gangrel|Grassy Glide|p1a: Hatterene
|-damage|p1a: Hatterene|37/100
|move|p1a: Hatterene|Expanding Force|p2a: Gangrel
|-damage|p2a: Gangrel|5/100
|-damage|p1a: Hatterene|27/100|[from] item: Life Orb
|move|p2b: Boto|Wave Crash|p1a: Hatterene
|-damage|p1a: Hatterene|0 fnt
|faint|p1a: Hatterene
|-damage|p2b: Boto|84/100|[from] Recoil
|move|p1b: Gallade|Sacred Sword|p2b: Boto
|-damage|p2b: Boto|54/100
|
|-weather|Sandstorm|[upkeep]
|-damage|p1b: Gallade|15/100|[from] Sandstorm
|-damage|p2a: Gangrel|0 fnt|[from] Sandstorm
|faint|p2a: Gangrel
|-heal|p2b: Boto|60/100|[from] Grassy Terrain
|-heal|p1b: Gallade|20/100|[from] Grassy Terrain
|upkeep
|
|t:|1757905184
|switch|p1a: Ursaluna|Ursaluna, L50, M|100/100
|switch|p2a: Cloverfield|Tyranitar, L50, M|100/100
|turn|5
|inactive|myshirtisdirty has 30 seconds left.
|
|t:|1757905215
|-terastallize|p1a: Ursaluna|Ghost
|move|p1a: Ursaluna|Headlong Rush|p2a: Cloverfield
|-supereffective|p2a: Cloverfield
|-damage|p2a: Cloverfield|29/100
|-unboost|p1a: Ursaluna|def|1
|-unboost|p1a: Ursaluna|spd|1
|move|p2b: Boto|Wave Crash|p1b: Gallade
|-damage|p1b: Gallade|0 fnt
|faint|p1b: Gallade
|-damage|p2b: Boto|56/100|[from] Recoil
|move|p2a: Cloverfield|Knock Off|p1a: Ursaluna
|-supereffective|p1a: Ursaluna
|-damage|p1a: Ursaluna|0 fnt
|-enditem|p1a: Ursaluna|Flame Orb|[from] move: Knock Off|[of] p2a: Cloverfield
|faint|p1a: Ursaluna
|
|win|Karkz
||myshirtisdirty is ready for game 2.
|inactive|Karkz has 30 seconds to confirm battle start!
||Karkz is ready for game 2.
|uhtml|next|Next: Game 2 of 3
