|j|☆JefeHilariov_
|j|☆SlowH-amurott
|html|JefeHilariov_SlowH-amurott    
|uhtml|bestof|Game 1 of a best-of-3
|t:|1756246576
|gametype|doubles
|player|p1|JefeHilariov_|169|1120
|player|p2|SlowH-amurott|ninjaboy-gen3|1192
|gen|9
|tier|[Gen 9] VGC 2025 Reg H (Bo3)
|rated|
|rule|Species Clause: Limit one of each Pokémon
|rule|Item Clause: Limit 1 of each item
|clearpoke
|poke|p1|Kingdra, L50, F|
|poke|p1|Archaludon, L50, F|
|poke|p1|Gholdengo, L50|
|poke|p1|Rillaboom, L50, F|
|poke|p1|Pelipper, L50, M|
|poke|p1|Flamigo, L50, F|
|poke|p2|Volcarona, L50, F|
|poke|p2|Samurott-Hisui, L50, M|
|poke|p2|Gholdengo, L50|
|poke|p2|Sneasler, L50, F|
|poke|p2|Ursaluna-Bloodmoon, L50, M|
|poke|p2|Indeedee, L50, M|
|teampreview|4
|showteam|p1|Kingdra||ChoiceSpecs|SwiftSwim|WeatherBall,DracoMeteor,MuddyWater,IcyWind|||F|||50|,,,,,Stellar]Archaludon||AssaultVest|Stamina|BodyPress,FlashCannon,ElectroShot,DracoMeteor|||F|||50|,,,,,Grass]Gholdengo||LifeOrb|GoodasGold|MakeItRain,ShadowBall,NastyPlot,Protect||||||50|,,,,,Water]Rillaboom||LoadedDice|GrassySurge|GrassyGlide,BulletSeed,Uturn,FakeOut|||F|||50|,,,,,Fire]Pelipper||DampRock|Drizzle|WeatherBall,Hurricane,WideGuard,Protect|||M|||50|,,,,,Grass]Flamigo||FocusSash|Scrappy|CloseCombat,BraveBird,Tailwind,Detect|||F|||50|,,,,,Stellar
|showteam|p2|Volcarona||SitrusBerry|FlameBody|FieryDance,StruggleBug,Tailwind,RagePowder|||F|||50|,,,,,Fairy]Samurott-Hisui||AssaultVest|Sharpness|AquaCutter,SacredSword,SuckerPunch,FlipTurn|||M|||50|,,,,,Ghost]Gholdengo||MetalCoat|GoodasGold|MakeItRain,ShadowBall,NastyPlot,Protect||||||50|,,,,,Water]Sneasler||PsychicSeed|Unburden|DireClaw,CloseCombat,ThroatChop,Protect|||F|||50|,,,,,Dark]Ursaluna-Bloodmoon||LifeOrb|MindsEye|BloodMoon,HyperVoice,EarthPower,Protect|||M|||50|,,,,,Normal]Indeedee||FocusSash|PsychicSurge|ExpandingForce,Encore,Imprison,TrickRoom|||M|||50|,,,,,Psychic
|inactive|Battle timer is ON: inactive players will automatically lose when time's up. (requested by SlowH-amurott)
|inactive|JefeHilariov_ has 60 seconds left.
|
|t:|1756246619
|teamsize|p1|4
|teamsize|p2|4
|start
|switch|p1a: Rillaboom|Rillaboom, L50, F|100/100
|switch|p1b: Flamigo|Flamigo, L50, F, shiny|100/100
|switch|p2a: Longclaw|Sneasler, L50, F, shiny|100/100
|switch|p2b: MDD|Indeedee, L50, M, shiny|100/100
|-fieldstart|move: Psychic Terrain|[from] ability: Psychic Surge|[of] p2b: MDD
|-enditem|p2a: Longclaw|Psychic Seed
|-boost|p2a: Longclaw|spd|1|[from] item: Psychic Seed
|-fieldstart|move: Grassy Terrain|[from] ability: Grassy Surge|[of] p1a: Rillaboom
|turn|1
|
|t:|1756246643
|move|p2a: Longclaw|Protect|p2a: Longclaw
|-singleturn|p2a: Longclaw|Protect
|move|p2b: MDD|Expanding Force|p1b: Flamigo
|-supereffective|p1b: Flamigo
|-enditem|p1b: Flamigo|Focus Sash
|-damage|p1b: Flamigo|1/100
|move|p1b: Flamigo|Close Combat|p2b: MDD
|-enditem|p2b: MDD|Focus Sash
|-damage|p2b: MDD|1/100
|-unboost|p1b: Flamigo|def|1
|-unboost|p1b: Flamigo|spd|1
|move|p1a: Rillaboom|U-turn|p2b: MDD
|-supereffective|p2b: MDD
|-damage|p2b: MDD|0 fnt
|faint|p2b: MDD
|
|t:|1756246665
|switch|p1a: Gholdengo|Gholdengo, L50|100/100|[from] U-turn
|
|upkeep
|
|t:|1756246673
|switch|p2b: Occam's Razor|Samurott-Hisui, L50, M, shiny|100/100
|turn|2
|
|t:|1756246679
|-terastallize|p2a: Longclaw|Dark
|move|p1a: Gholdengo|Protect|p1a: Gholdengo
|-singleturn|p1a: Gholdengo|Protect
|move|p2b: Occam's Razor|Sucker Punch||[still]
|-fail|p2b: Occam's Razor
|move|p2a: Longclaw|Throat Chop|p1a: Gholdengo
|-activate|p1a: Gholdengo|move: Protect
|move|p1b: Flamigo|Tailwind|p1b: Flamigo
|-sidestart|p1: JefeHilariov_|move: Tailwind
|
|upkeep
|turn|3
|
|t:|1756246703
|switch|p1b: Rillaboom|Rillaboom, L50, F|100/100
|-terastallize|p1a: Gholdengo|Water
|move|p2b: Occam's Razor|Sucker Punch||[still]
|-fail|p2b: Occam's Razor
|move|p2a: Longclaw|Throat Chop|p1a: Gholdengo
|-damage|p1a: Gholdengo|53/100
|-start|p1a: Gholdengo|Throat Chop|[silent]
|move|p1a: Gholdengo|Make It Rain|p2b: Occam's Razor|[spread] p2a,p2b
|-resisted|p2b: Occam's Razor
|-damage|p2a: Longclaw|50/100
|-damage|p2b: Occam's Razor|80/100
|-unboost|p1a: Gholdengo|spa|1
|-damage|p1a: Gholdengo|44/100|[from] item: Life Orb
|
|-heal|p2a: Longclaw|56/100|[from] Grassy Terrain
|-heal|p1a: Gholdengo|50/100|[from] Grassy Terrain
|-heal|p2b: Occam's Razor|86/100|[from] Grassy Terrain
|upkeep
|turn|4
|inactive|JefeHilariov_ has 30 seconds left.
|
|t:|1756246732
|switch|p1a: Pelipper|Pelipper, L50, M, shiny|100/100
|-weather|RainDance|[from] ability: Drizzle|[of] p1a: Pelipper
|move|p1b: Rillaboom|Grassy Glide|p2a: Longclaw
|-damage|p2a: Longclaw|0 fnt
|faint|p2a: Longclaw
|move|p2b: Occam's Razor|Sacred Sword|p1a: Pelipper
|-resisted|p1a: Pelipper
|-damage|p1a: Pelipper|79/100
|
|-weather|RainDance|[upkeep]
|-heal|p2b: Occam's Razor|92/100|[from] Grassy Terrain
|upkeep
|
|t:|1756246739
|switch|p2a: Luna Sangre|Ursaluna-Bloodmoon, L50, M|100/100
|turn|5
|-message|SlowH-amurott forfeited.
|raw|JefeHilariov_'s rating: 1120 → 1150(+30 for winning)
|raw|SlowH-amurott's rating: 1192 → 1162(-30 for losing)
|
|win|JefeHilariov_
