|j|☆526yamuko
|j|☆carlosaurio326
|html|526yamukocarlosaurio326    
|uhtml|bestof|Game 1 of a best-of-3
|t:|1785781510
|gametype|doubles
|player|p1|526yamuko|smasher|1125
|player|p2|carlosaurio326|266|1252
|gen|9
|tier|[Gen 9 Champions] VGC 2026 Reg M-B (Bo3)
|rated|
|rule|Species Clause: Limit one of each Pokémon
|rule|Item Clause: Limit 1 of each item
|clearpoke
|poke|p1|Tyranitar, L50, F|
|poke|p1|Sinistcha, L50|
|poke|p1|Gholdengo, L50|
|poke|p1|Milotic, L50, M|
|poke|p1|Steelix, L50, M|
|poke|p1|Sneasler, L50, M|
|poke|p2|Tauros-Paldea-Aqua, L50, M|
|poke|p2|Delphox, L50, M|
|poke|p2|Sinistcha, L50|
|poke|p2|Kingambit, L50, F|
|poke|p2|Garchomp, L50, M|
|poke|p2|Aerodactyl, L50, M|
|teampreview|4
|showteam|p1|Tyranitar||Tyranitarite|SandStream|Protect,RockSlide,KnockOff,LowKick|Adamant||F|||50|]Sinistcha||SitrusBerry|Hospitality|TrickRoom,Protect,RagePowder,MatchaGotcha|Calm|||||50|]Gholdengo||LifeOrb|GoodasGold|NastyPlot,Protect,ShadowBall,MakeItRain|Modest|||||50|]Milotic||Leftovers|Competitive|IcyWind,Protect,Scald,Haze|Modest||M|||50|]Steelix||Steelixite|SheerForce|WideGuard,HighHorsepower,Protect,HeavySlam|Adamant||M|||50|]Sneasler||WhiteHerb|Unburden|CloseCombat,FakeOut,DireClaw,Protect|Adamant||M|||50|
|showteam|p2|Tauros-Paldea-Aqua||LifeOrb|Intimidate|CloseCombat,WaveCrash,AquaJet,Protect|Adamant||M|||50|]Delphox||Delphoxite|Blaze|HeatWave,Psychic,Substitute,Protect|Modest||M|||50|]Sinistcha||SitrusBerry|Hospitality|MatchaGotcha,RagePowder,LifeDew,TrickRoom|Calm|||||50|]Kingambit||FocusSash|Defiant|KowtowCleave,IronHead,SuckerPunch,LowKick|Adamant||F|||50|]Garchomp||Leftovers|RoughSkin|DragonClaw,Earthquake,SwordsDance,Protect|Adamant||M|||50|]Aerodactyl||Aerodactylite|Unnerve|RockSlide,DualWingbeat,Tailwind,Protect|Jolly||M|||50|
|
|t:|1785781560
|teamsize|p1|4
|teamsize|p2|4
|start
|switch|p1a: Sneasler|Sneasler, L50, M|100/100
|switch|p1b: Sinistcha|Sinistcha, L50|100/100
|switch|p2a: Garchomp|Garchomp, L50, M|100/100
|switch|p2b: Kingambit|Kingambit, L50, F|100/100
|turn|1
|inactive|Battle timer is ON: inactive players will automatically lose when time's up. (requested by carlosaurio326)
|
|t:|1785781616
|move|p1a: Sneasler|Fake Out|p2a: Garchomp
|-damage|p2a: Garchomp|86/100
|-damage|p1a: Sneasler|87/100|[from] ability: Rough Skin|[of] p2a: Garchomp
|cant|p2a: Garchomp|flinch
|move|p2b: Kingambit|Kowtow Cleave|p1b: Sinistcha
|-supereffective|p1b: Sinistcha|1
|-crit|p1b: Sinistcha
|-damage|p1b: Sinistcha|0 fnt
|faint|p1b: Sinistcha
|
|-heal|p2a: Garchomp|92/100|[from] item: Leftovers
|upkeep
|
|t:|1785781625
|switch|p1b: Tyranitar|Tyranitar, L50, F|100/100
|-weather|Sandstorm|[from] ability: Sand Stream|[of] p1b: Tyranitar
|turn|2
|
|t:|1785781640
|switch|p2b: Tauros|Tauros-Paldea-Aqua, L50, M|100/100
|-ability|p2b: Tauros|Intimidate|boost
|-unboost|p1a: Sneasler|atk|1
|-unboost|p1b: Tyranitar|atk|1
|-enditem|p1a: Sneasler|White Herb
|-clearnegativeboost|p1a: Sneasler|[silent]
|move|p1a: Sneasler|Protect|p1a: Sneasler
|-singleturn|p1a: Sneasler|Protect
|move|p2a: Garchomp|Swords Dance|p2a: Garchomp
|-boost|p2a: Garchomp|atk|2
|move|p1b: Tyranitar|Low Kick|p2b: Tauros
|-damage|p2b: Tauros|70/100
|
|-weather|Sandstorm|[upkeep]
|-damage|p1a: Sneasler|82/100|[from] Sandstorm
|-damage|p2b: Tauros|64/100|[from] Sandstorm
|-heal|p2a: Garchomp|99/100|[from] item: Leftovers
|upkeep
|turn|3
|inactive|526yamuko has 30 seconds left.
|
|t:|1785781670
|switch|p1b: Milotic|Milotic, L50, M|100/100
|move|p2b: Tauros|Protect|p2b: Tauros
|-singleturn|p2b: Tauros|Protect
|move|p1a: Sneasler|Close Combat|p2a: Garchomp
|-damage|p2a: Garchomp|42/100
|-unboost|p1a: Sneasler|def|1
|-unboost|p1a: Sneasler|spd|1
|-damage|p1a: Sneasler|70/100|[from] ability: Rough Skin|[of] p2a: Garchomp
|move|p2a: Garchomp|Earthquake|p1a: Sneasler|[spread] p1a,p1b
|-activate|p2b: Tauros|move: Protect
|-supereffective|p1a: Sneasler|1
|-damage|p1a: Sneasler|0 fnt
|-damage|p1b: Milotic|19/100
|faint|p1a: Sneasler
|
|-weather|Sandstorm|[upkeep]
|-damage|p2b: Tauros|59/100|[from] Sandstorm
|-damage|p1b: Milotic|13/100|[from] Sandstorm
|-heal|p2a: Garchomp|48/100|[from] item: Leftovers
|-heal|p1b: Milotic|19/100|[from] item: Leftovers
|upkeep
|
|t:|1785781678
|switch|p1a: Tyranitar|Tyranitar, L50, F|100/100
|turn|4
|
|t:|1785781686
|detailschange|p1a: Tyranitar|Tyranitar-Mega, L50, F
|-mega|p1a: Tyranitar|Tyranitar|Tyranitarite
|move|p2a: Garchomp|Protect|p2a: Garchomp
|-singleturn|p2a: Garchomp|Protect
|move|p2b: Tauros|Close Combat|p1b: Milotic
|-damage|p1b: Milotic|0 fnt
|-unboost|p2b: Tauros|def|1
|-unboost|p2b: Tauros|spd|1
|faint|p1b: Milotic
|-damage|p2b: Tauros|49/100|[from] item: Life Orb
|move|p1a: Tyranitar|Rock Slide|p2a: Garchomp|[spread] p2b
|-activate|p2a: Garchomp|move: Protect
|-resisted|p2b: Tauros|1
|-damage|p2b: Tauros|16/100
|
|-weather|Sandstorm|[upkeep]
|-damage|p2b: Tauros|11/100|[from] Sandstorm
|-heal|p2a: Garchomp|54/100|[from] item: Leftovers
|upkeep
|turn|5
|inactive|carlosaurio326 has 30 seconds left.
|
|t:|1785781711
|move|p2b: Tauros|Close Combat|p1a: Tyranitar
|-supereffective|p1a: Tyranitar|2
|-damage|p1a: Tyranitar|0 fnt
|-unboost|p2b: Tauros|def|1
|-unboost|p2b: Tauros|spd|1
|faint|p1a: Tyranitar
|-damage|p2b: Tauros|1/100|[from] item: Life Orb
|
|win|carlosaurio326
||carlosaurio326 is ready for game 2.
||526yamuko is ready for game 2.
|uhtml|next|Next: Game 2 of 3
