|j|☆zephnix
|j|☆Younk Ark
|html|zephnixYounk Ark    
|uhtml|bestof|Game 1 of a best-of-3
|t:|1784066343
|gametype|doubles
|player|p1|zephnix|lucas-gen4pt|1063
|player|p2|Younk Ark|266|1063
|gen|9
|tier|[Gen 9 Champions] VGC 2026 Reg M-B (Bo3)
|rated|
|rule|Species Clause: Limit one of each Pokémon
|rule|Item Clause: Limit 1 of each item
|clearpoke
|poke|p1|Gallade, L50, M, shiny|
|poke|p1|Maushold-Four, L50|
|poke|p1|Basculegion, L50, M|
|poke|p1|Archaludon, L50, M|
|poke|p1|Pelipper, L50, F|
|poke|p1|Sinistcha, L50|
|poke|p2|Charizard, L50, F, shiny|
|poke|p2|Whimsicott, L50, M, shiny|
|poke|p2|Garchomp, L50, F|
|poke|p2|Farigiraf, L50, M|
|poke|p2|Sinistcha, L50|
|poke|p2|Venusaur, L50, F|
|teampreview|4
|showteam|p1|Gallade||Galladite|Justified|ShadowSneak,StoneEdge,Protect,DrainPunch|Jolly||M|||50|]Maushold-Four||Leftovers|FriendGuard|FollowMe,SuperFang,Protect,BeatUp|Timid|||||50|]Basculegion||MysticWater|SwiftSwim|AquaJet,WaveCrash,Protect,LastRespects|Serious||M|||50|]Archaludon||DragonFang|Sturdy|FlashCannon,DracoMeteor,Protect,ElectroShot|Serious||M|||50|]Pelipper||FocusSash|Drizzle|Hurricane,WeatherBall,Protect,Tailwind|Serious||F|||50|]Sinistcha||SitrusBerry|Hospitality|MatchaGotcha,RagePowder,ShadowBall,LifeDew|Serious|||||50|
|showteam|p2|Charizard||CharizarditeX|Blaze|FlareBlitz,DragonClaw,Protect,SwordsDance|Jolly||F|||50|]Whimsicott||FocusSash|Prankster|Tailwind,Moonblast,Protect,SunnyDay|Timid||M|||50|]Garchomp||LifeOrb|RoughSkin|Earthquake,DragonClaw,RockSlide,Protect|Adamant||F|||50|]Farigiraf||SitrusBerry|ArmorTail|TrickRoom,HelpingHand,PsychicFangs,Protect|Calm||M|||50|]Sinistcha||BigRoot|Hospitality|MatchaGotcha,RagePowder,TrickRoom,Protect|Bold|||||50|]Venusaur||Venusaurite|Chlorophyll|SludgeBomb,GigaDrain,SleepPowder,EarthPower|Modest||F|||50|
|inactive|Battle timer is ON: inactive players will automatically lose when time's up. (requested by Younk Ark)
|
|t:|1784066390
|teamsize|p1|4
|teamsize|p2|4
|start
|switch|p1a: Gallade|Gallade, L50, M, shiny|100/100
|switch|p1b: Maushold|Maushold-Four, L50|100/100
|switch|p2a: Whimsicott|Whimsicott, L50, M, shiny|100/100
|switch|p2b: Garchomp|Garchomp, L50, F|100/100
|turn|1
|inactive|zephnix has 30 seconds left.
|inactive|Younk Ark has 30 seconds left.
|inactive|Younk Ark has 20 seconds left.
|inactive|Younk Ark has 15 seconds left.
|inactive|Younk Ark has 10 seconds left.
|
|t:|1784066435
|switch|p2b: Farigiraf|Farigiraf, L50, M|100/100
|move|p2a: Whimsicott|Tailwind|p2a: Whimsicott
|-sidestart|p2: Younk Ark|move: Tailwind
|move|p1b: Maushold|Beat Up|p1a: Gallade
|-crit|p1a: Gallade
|-damage|p1a: Gallade|95/100
|-ability|p1a: Gallade|Justified|boost
|-boost|p1a: Gallade|atk|1
|-damage|p1a: Gallade|92/100
|-ability|p1a: Gallade|Justified|boost
|-boost|p1a: Gallade|atk|1
|-damage|p1a: Gallade|90/100
|-ability|p1a: Gallade|Justified|boost
|-boost|p1a: Gallade|atk|1
|-damage|p1a: Gallade|86/100
|-ability|p1a: Gallade|Justified|boost
|-boost|p1a: Gallade|atk|1
|-hitcount|p1a: Gallade|4
|move|p1a: Gallade|Drain Punch|p2a: Whimsicott
|-resisted|p2a: Whimsicott|1
|-damage|p2a: Whimsicott|29/100
|-heal|p1a: Gallade|100/100|[from] drain|[of] p2a: Whimsicott
|
|upkeep
|turn|2
|inactive|zephnix has 30 seconds left.
|inactive|Younk Ark has 30 seconds left.
|inactive|zephnix has 20 seconds left.
|inactive|Younk Ark has 20 seconds left.
|
|t:|1784066473
|move|p2b: Farigiraf|Helping Hand|p2a: Whimsicott
|-singleturn|p2a: Whimsicott|Helping Hand|[of] p2b: Farigiraf
|move|p2a: Whimsicott|Moonblast|p1a: Gallade
|-supereffective|p1a: Gallade|1
|-damage|p1a: Gallade|22/100
|move|p1b: Maushold|Beat Up|p1a: Gallade
|-crit|p1a: Gallade
|-damage|p1a: Gallade|18/100
|-ability|p1a: Gallade|Justified|boost
|-boost|p1a: Gallade|atk|1
|-damage|p1a: Gallade|15/100
|-ability|p1a: Gallade|Justified|boost
|-boost|p1a: Gallade|atk|1
|-damage|p1a: Gallade|13/100
|-damage|p1a: Gallade|10/100
|-hitcount|p1a: Gallade|4
|move|p1a: Gallade|Drain Punch|p2b: Farigiraf
|-damage|p2b: Farigiraf|0 fnt
|-heal|p1a: Gallade|80/100|[from] drain|[of] p2b: Farigiraf
|faint|p2b: Farigiraf
|
|upkeep
|
|t:|1784066493
|switch|p2b: Charizard|Charizard, L50, F, shiny|100/100
|turn|3
|
|t:|1784066512
|detailschange|p2b: Charizard|Charizard-Mega-X, L50, F, shiny
|-mega|p2b: Charizard|Charizard|Charizardite X
|detailschange|p1a: Gallade|Gallade-Mega, L50, M, shiny
|-mega|p1a: Gallade|Gallade|Galladite
|move|p1b: Maushold|Follow Me|p1b: Maushold
|-singleturn|p1b: Maushold|move: Follow Me
|move|p2a: Whimsicott|Sunny Day|p2a: Whimsicott
|-weather|SunnyDay
|move|p1a: Gallade|Shadow Sneak|p2a: Whimsicott
|-damage|p2a: Whimsicott|0 fnt
|faint|p2a: Whimsicott
|move|p2b: Charizard|Flare Blitz|p1b: Maushold
|-damage|p1b: Maushold|0 fnt
|faint|p1b: Maushold
|-damage|p2b: Charizard|61/100|[from] Recoil
|
|-weather|SunnyDay|[upkeep]
|upkeep
|
|t:|1784066528
|switch|p2a: Garchomp|Garchomp, L50, F|100/100
|switch|p1b: Pelipper|Pelipper, L50, F|100/100
|-weather|RainDance|[from] ability: Drizzle|[of] p1b: Pelipper
|turn|4
|
|t:|1784066548
|move|p1a: Gallade|Protect|p1a: Gallade
|-singleturn|p1a: Gallade|Protect
|move|p2b: Charizard|Flare Blitz|p1a: Gallade
|-activate|p1a: Gallade|move: Protect
|move|p2a: Garchomp|Rock Slide|p1a: Gallade|[spread] p1b
|-activate|p1a: Gallade|move: Protect
|-supereffective|p1b: Pelipper|1
|-damage|p1b: Pelipper|23/100
|-damage|p2a: Garchomp|90/100|[from] item: Life Orb
|cant|p1b: Pelipper|flinch
|
|-weather|RainDance|[upkeep]
|-sideend|p2: Younk Ark|move: Tailwind
|upkeep
|turn|5
|inactive|zephnix has 30 seconds left.
|
|t:|1784066577
|move|p1a: Gallade|Drain Punch|p2b: Charizard
|-damage|p2b: Charizard|0 fnt
|-heal|p1a: Gallade|100/100|[from] drain|[of] p2b: Charizard
|faint|p2b: Charizard
|move|p2a: Garchomp|Rock Slide|p1b: Pelipper|[spread] p1a,p1b
|-resisted|p1a: Gallade|1
|-supereffective|p1b: Pelipper|1
|-damage|p1a: Gallade|85/100
|-damage|p1b: Pelipper|0 fnt
|faint|p1b: Pelipper
|-damage|p2a: Garchomp|80/100|[from] item: Life Orb
|
|-weather|RainDance|[upkeep]
|upkeep
|
|t:|1784066590
|switch|p1b: Basculegion|Basculegion, L50, M|100/100
|turn|6
|c|☆zephnix|It's over 9000
|
|t:|1784066602
|move|p2a: Garchomp|Protect|p2a: Garchomp
|-singleturn|p2a: Garchomp|Protect
|move|p1b: Basculegion|Wave Crash|p2a: Garchomp
|-activate|p2a: Garchomp|move: Protect
|move|p1a: Gallade|Drain Punch|p2a: Garchomp
|-activate|p2a: Garchomp|move: Protect
|
|-weather|RainDance|[upkeep]
|upkeep
|turn|7
|
|t:|1784066614
|move|p1b: Basculegion|Wave Crash|p2a: Garchomp
|-damage|p2a: Garchomp|0 fnt
|-damage|p1b: Basculegion|87/100|[from] ability: Rough Skin|[of] p2a: Garchomp
|faint|p2a: Garchomp
|-damage|p1b: Basculegion|64/100|[from] Recoil
|
|win|zephnix
|raw|zephnix's rating: 1063 → 1094(+31 for winning)
|raw|Younk Ark's rating: 1063 → 1044(-19 for losing)
|l|☆Younk Ark
|player|p2|
