|j|☆Fling Eastwood
|j|☆NDDLTMC bp
|html|Fling EastwoodNDDLTMC bp    
|uhtml|bestof|Game 1 of a best-of-3
|t:|1785896303
|gametype|doubles
|player|p1|Fling Eastwood|lacey-masters|
|player|p2|NDDLTMC bp|skierf|
|gen|9
|tier|[Gen 9 Champions] VGC 2026 Reg M-B (Bo3)
|rule|Species Clause: Limit one of each Pokémon
|rule|Item Clause: Limit 1 of each item
|clearpoke
|poke|p1|Gengar, L50, M, shiny|
|poke|p1|Blastoise, L50, F, shiny|
|poke|p1|Volcarona, L50, F, shiny|
|poke|p1|Meowscarada, L50, F, shiny|
|poke|p1|Clefable, L50, M, shiny|
|poke|p1|Scrafty, L50, M, shiny|
|poke|p2|Ampharos, L50, M, shiny|
|poke|p2|Oranguru, L50, F, shiny|
|poke|p2|Aegislash, L50, M|
|poke|p2|Camerupt, L50, M|
|poke|p2|Araquanid, L50, F|
|poke|p2|Scrafty, L50, F|
|teampreview|4
|showteam|p1|Gengar||Gengarite|CursedBody|ShadowBall,Substitute,PerishSong,Protect|Timid||M|||50|]Blastoise||Blastoisinite|RainDish|WaterSpout,DarkPulse,ShellSmash,Protect|Timid||F|||50|]Volcarona||Leftovers|FlameBody|HeatWave,GigaDrain,QuiverDance,Protect|Modest||F|||50|]Meowscarada||ChoiceScarf|Protean|FlowerTrick,TripleAxel,Uturn,PollenPuff|Jolly||F|||50|]Clefable||SitrusBerry|CuteCharm|DazzlingGleam,LifeDew,FollowMe,Protect|Calm||M|||50|]Scrafty||RoseliBerry|Intimidate|KnockOff,CloseCombat,FakeOut,Detect|Careful||M|||50|
|showteam|p2|Ampharos||Ampharosite|Static|Thunderbolt,DragonPulse,PowerGem,Protect|Modest||M|||50|]Oranguru||SitrusBerry|InnerFocus|Psychic,FoulPlay,Instruct,TrickRoom|Sassy||F|||50|]Aegislash||LifeOrb|StanceChange|Poltergeist,IronHead,ShadowSneak,KingsShield|Adamant||M|||50|]Camerupt||Cameruptite|SolidRock|HeatWave,Flamethrower,EarthPower,Protect|Quiet||M|||50|]Araquanid||MysticWater|WaterBubble|Liquidation,LeechLife,Soak,Protect|Brave||F|||50|]Scrafty||BlackBelt|Intimidate|CloseCombat,KnockOff,FakeOut,SuperFang|Brave||F|||50|
|c|☆NDDLTMC bp|glhf
|c|☆Fling Eastwood|U2
|
|t:|1785896367
|teamsize|p1|4
|teamsize|p2|4
|start
|switch|p1a: Duz It|Gengar, L50, M, shiny|100/100
|switch|p1b: Gig|Clefable, L50, M, shiny|100/100
|switch|p2a: Oranguru|Oranguru, L50, F, shiny|100/100
|switch|p2b: Scrafty|Scrafty, L50, F|100/100
|-ability|p2b: Scrafty|Intimidate|boost
|-unboost|p1a: Duz It|atk|1
|-unboost|p1b: Gig|atk|1
|turn|1
|
|t:|1785896378
|detailschange|p1a: Duz It|Gengar-Mega, L50, M, shiny
|-mega|p1a: Duz It|Gengar|Gengarite
|move|p1b: Gig|Follow Me|p1b: Gig
|-singleturn|p1b: Gig|move: Follow Me
|move|p1a: Duz It|Perish Song|p1a: Duz It
|-start|p1a: Duz It|perish3|[silent]
|-start|p1b: Gig|perish3|[silent]
|-start|p2a: Oranguru|perish3|[silent]
|-start|p2b: Scrafty|perish3|[silent]
|-fieldactivate|move: Perish Song
|move|p2b: Scrafty|Super Fang|p1b: Gig
|-damage|p1b: Gig|50/100y
|-start|p2b: Scrafty|Attract|[from] ability: Cute Charm|[of] p1b: Gig
|-enditem|p1b: Gig|Sitrus Berry|[eat]
|-heal|p1b: Gig|74/100|[from] item: Sitrus Berry
|move|p2a: Oranguru|Trick Room|p2a: Oranguru
|-fieldstart|move: Trick Room|[of] p2a: Oranguru
|
|-start|p2b: Scrafty|perish3
|-start|p2a: Oranguru|perish3
|-start|p1b: Gig|perish3
|-start|p1a: Duz It|perish3
|upkeep
|turn|2
|
|t:|1785896396
|move|p1b: Gig|Protect|p1b: Gig
|-singleturn|p1b: Gig|Protect
|move|p1a: Duz It|Protect|p1a: Duz It
|-singleturn|p1a: Duz It|Protect
|-activate|p2b: Scrafty|move: Attract|[of] p1b: Gig
|move|p2b: Scrafty|Super Fang|p1b: Gig
|-activate|p1b: Gig|move: Protect
|move|p2a: Oranguru|Psychic|p1a: Duz It
|-activate|p1a: Duz It|move: Protect
|
|-start|p2b: Scrafty|perish2
|-start|p2a: Oranguru|perish2
|-start|p1b: Gig|perish2
|-start|p1a: Duz It|perish2
|upkeep
|turn|3
|
|t:|1785896410
|move|p1b: Gig|Follow Me|p1b: Gig
|-singleturn|p1b: Gig|move: Follow Me
|-activate|p2b: Scrafty|move: Attract|[of] p1b: Gig
|cant|p2b: Scrafty|Attract
|move|p2a: Oranguru|Psychic|p1b: Gig
|-damage|p1b: Gig|51/100
|move|p1a: Duz It|Substitute|p1a: Duz It
|-start|p1a: Duz It|Substitute
|-damage|p1a: Duz It|75/100
|
|-start|p2b: Scrafty|perish1
|-start|p2a: Oranguru|perish1
|-start|p1b: Gig|perish1
|-start|p1a: Duz It|perish1
|upkeep
|turn|4
|
|t:|1785896430
|switch|p1b: POWER|Blastoise, L50, F, shiny|100/100
|-end|p2b: Scrafty|Attract|[silent]
|switch|p1a: 50|Scrafty, L50, M, shiny|100/100
|-ability|p1a: 50|Intimidate|boost
|-fail|p2a: Oranguru|unboost|Attack|[from] ability: Inner Focus|[of] p2a: Oranguru
|-unboost|p2b: Scrafty|atk|1
|move|p2b: Scrafty|Super Fang|p1a: 50
|-damage|p1a: 50|50/100y
|move|p2a: Oranguru|Psychic|p1a: 50
|-immune|p1a: 50
|
|-start|p2b: Scrafty|perish0
|-start|p2a: Oranguru|perish0
|faint|p2b: Scrafty
|faint|p2a: Oranguru
|upkeep
|
|t:|1785896436
|switch|p2b: Ampharos|Ampharos, L50, M, shiny|100/100
|switch|p2a: Araquanid|Araquanid, L50, F|100/100
|turn|5
|
|t:|1785896447
|detailschange|p2b: Ampharos|Ampharos-Mega, L50, M, shiny
|-mega|p2b: Ampharos|Ampharos|Ampharosite
|-ability|p2b: Ampharos|Mold Breaker
|move|p1a: 50|Fake Out|p2b: Ampharos
|-damage|p2b: Ampharos|92/100
|move|p2a: Araquanid|Liquidation|p1a: 50
|-damage|p1a: 50|0 fnt
|faint|p1a: 50
|cant|p2b: Ampharos|flinch
|move|p1b: POWER|Shell Smash|p1b: POWER
|-unboost|p1b: POWER|def|1
|-unboost|p1b: POWER|spd|1
|-boost|p1b: POWER|atk|2
|-boost|p1b: POWER|spa|2
|-boost|p1b: POWER|spe|2
|
|-fieldend|move: Trick Room
|upkeep
|
|t:|1785896455
|switch|p1a: Duz It|Gengar-Mega, L50, M, shiny|75/100
|turn|6
|
|t:|1785896472
|move|p2b: Ampharos|Protect|p2b: Ampharos
|-singleturn|p2b: Ampharos|Protect
|move|p1b: POWER|Dark Pulse|p2b: Ampharos
|-activate|p2b: Ampharos|move: Protect
|move|p1a: Duz It|Shadow Ball|p2b: Ampharos
|-activate|p2b: Ampharos|move: Protect
|move|p2a: Araquanid|Liquidation|p1a: Duz It
|-damage|p1a: Duz It|0 fnt
|faint|p1a: Duz It
|
|upkeep
|
|t:|1785896475
|switch|p1a: Gig|Clefable, L50, M, shiny|51/100
|turn|7
|
|t:|1785896482
|move|p1b: POWER|Dark Pulse|p2b: Ampharos
|-damage|p2b: Ampharos|53/100
|move|p1a: Gig|Dazzling Gleam|p2b: Ampharos|[spread] p2a,p2b
|-crit|p2a: Araquanid
|-supereffective|p2b: Ampharos|1
|-damage|p2a: Araquanid|77/100
|-damage|p2b: Ampharos|22/100
|move|p2b: Ampharos|Thunderbolt|p1b: POWER
|-supereffective|p1b: POWER|1
|-damage|p1b: POWER|0 fnt
|faint|p1b: POWER
|move|p2a: Araquanid|Liquidation|p1a: Gig
|-damage|p1a: Gig|0 fnt
|faint|p1a: Gig
|
|win|NDDLTMC bp
|c|☆Fling Eastwood|ggs
||NDDLTMC bp is ready for game 2.
|inactive|Fling Eastwood has 30 seconds to confirm battle start!
||Fling Eastwood is ready for game 2.
|uhtml|next|Next: Game 2 of 3
