|j|☆chrispygreens
|j|☆ming0mang0
|html|chrispygreensming0mang0    
|uhtml|bestof|Game 2 of a best-of-3
|t:|1757110245
|gametype|doubles
|player|p1|chrispygreens|palmer|1054
|player|p2|ming0mang0|harlequin|1092
|gen|9
|tier|[Gen 9] VGC 2025 Reg H (Bo3)
|rated|
|rule|Species Clause: Limit one of each Pokémon
|rule|Item Clause: Limit 1 of each item
|clearpoke
|poke|p1|Incineroar, L50, M|
|poke|p1|Amoonguss, L50, M|
|poke|p1|Archaludon, L50, F|
|poke|p1|Blaziken, L50, M|
|poke|p1|Salamence, L50, M|
|poke|p1|Grimmsnarl, L50, M|
|poke|p2|Excadrill, L50, F|
|poke|p2|Tyranitar, L50, M|
|poke|p2|Sneasler, L50, M|
|poke|p2|Indeedee, L50, M|
|poke|p2|Corviknight, L50, M|
|poke|p2|Annihilape, L50, M|
|teampreview|4
|showteam|p1|Incineroar||SafetyGoggles|Intimidate|FlareBlitz,FakeOut,KnockOff,PartingShot|||M|||50|,,,,,Ghost]Amoonguss||SitrusBerry|Regenerator|Spore,SludgeBomb,RagePowder,Toxic|||M|||50|,,,,,Dark]Archaludon||PowerHerb|Stamina|ElectroShot,DragonPulse,BodyPress,FlashCannon|||F|||50|,,,,,Fighting]Blaziken||LifeOrb|SpeedBoost|FlareBlitz,BraveBird,CloseCombat,Protect|||M|||50|,,,,,Flying]Salamence||EjectButton|Intimidate|IronHead,DualWingbeat,Outrage,Tailwind|||M|||50|,,,,,Steel]Grimmsnarl||LightClay|Prankster|LightScreen,Reflect,SpiritBreak,PartingShot|||M|||50|,,,,,Fairy
|showteam|p2|Excadrill||FocusSash|SandRush|IronHead,HighHorsepower,Earthquake,Protect|||F|||50|,,,,,Stellar]Tyranitar||AssaultVest|SandStream|RockSlide,KnockOff,TeraBlast,LowKick|||M|||50|,,,,,Flying]Sneasler||PsychicSeed|Unburden|DireClaw,CloseCombat,ThroatChop,Protect|||M|||50|,,,,,Dark]Indeedee||ChoiceScarf|PsychicSurge|ExpandingForce,TeraBlast,Protect,Trick|||M|||50|,,,,,Psychic]Corviknight||Leftovers|MirrorArmor|BulkUp,BraveBird,Roost,Tailwind|||M|||50|,,,,,Dragon]Annihilape||SafetyGoggles|Defiant|CloseCombat,FinalGambit,RageFist,Taunt|||M|||50|,,,,,Water
|inactive|Battle timer is ON: inactive players will automatically lose when time's up. (requested by chrispygreens)
|inactive|ming0mang0 has 60 seconds left.
|inactive|ming0mang0 has 30 seconds left.
|inactive|ming0mang0 has 20 seconds left.
|inactive|ming0mang0 has 15 seconds left.
|inactive|ming0mang0 has 10 seconds left.
|
|t:|1757110333
|teamsize|p1|4
|teamsize|p2|4
|start
|switch|p1a: Incineroar|Incineroar, L50, M|100/100
|switch|p1b: Archaludon|Archaludon, L50, F|100/100
|switch|p2a: Annihilape|Annihilape, L50, M|100/100
|switch|p2b: Sneasler|Sneasler, L50, M|100/100
|-ability|p1a: Incineroar|Intimidate|boost
|-unboost|p2a: Annihilape|atk|1
|-ability|p2a: Annihilape|Defiant|boost
|-boost|p2a: Annihilape|atk|2
|-unboost|p2b: Sneasler|atk|1
|turn|1
|j| RonJohn
|inactive|ming0mang0 has 30 seconds left.
|inactive|ming0mang0 has 20 seconds left.
|inactive|ming0mang0 has 15 seconds left.
|inactive|ming0mang0 has 10 seconds left.
|inactive|ming0mang0 has 5 seconds left.
|
|t:|1757110388
|switch|p1b: Blaziken|Blaziken, L50, M|100/100
|move|p2b: Sneasler|Protect|p2b: Sneasler
|-singleturn|p2b: Sneasler|Protect
|move|p2a: Annihilape|Close Combat|p1b: Blaziken
|-damage|p1b: Blaziken|0 fnt
|-unboost|p2a: Annihilape|def|1
|-unboost|p2a: Annihilape|spd|1
|faint|p1b: Blaziken
|move|p1a: Incineroar|Flare Blitz|p2b: Sneasler
|-activate|p2b: Sneasler|move: Protect
|
|upkeep
|
|t:|1757110404
|switch|p1b: Salamence|Salamence, L50, M|100/100
|-ability|p1b: Salamence|Intimidate|boost
|-unboost|p2a: Annihilape|atk|1
|-ability|p2a: Annihilape|Defiant|boost
|-boost|p2a: Annihilape|atk|2
|-unboost|p2b: Sneasler|atk|1
|turn|2
|
|t:|1757110422
|switch|p2b: Corviknight|Corviknight, L50, M, shiny|100/100
|switch|p2a: Indeedee|Indeedee, L50, M|100/100
|-fieldstart|move: Psychic Terrain|[from] ability: Psychic Surge|[of] p2a: Indeedee
|move|p1b: Salamence|Tailwind|p1b: Salamence
|-sidestart|p1: chrispygreens|move: Tailwind
|move|p1a: Incineroar|Knock Off|p2a: Indeedee
|-supereffective|p2a: Indeedee
|-damage|p2a: Indeedee|0 fnt
|-enditem|p2a: Indeedee|Choice Scarf|[from] move: Knock Off|[of] p1a: Incineroar
|faint|p2a: Indeedee
|
|upkeep
|inactive|ming0mang0 has 30 seconds left.
|
|t:|1757110452
|switch|p2a: Sneasler|Sneasler, L50, M|100/100
|-enditem|p2a: Sneasler|Psychic Seed
|-boost|p2a: Sneasler|spd|1|[from] item: Psychic Seed
|turn|3
|inactive|ming0mang0 has 30 seconds left.
|inactive|ming0mang0 has 20 seconds left.
|inactive|ming0mang0 has 15 seconds left.
|
|t:|1757110493
|-terastallize|p2a: Sneasler|Dark
|-terastallize|p1a: Incineroar|Ghost
|move|p2a: Sneasler|Close Combat|p1a: Incineroar
|-immune|p1a: Incineroar
|move|p1b: Salamence|Dual Wingbeat|p2a: Sneasler
|-damage|p2a: Sneasler|66/100
|-damage|p2a: Sneasler|30/100
|-hitcount|p2a: Sneasler|2
|move|p1a: Incineroar|Flare Blitz|p2b: Corviknight
|-supereffective|p2b: Corviknight
|-damage|p2b: Corviknight|1/100
|-damage|p1a: Incineroar|68/100|[from] Recoil
|move|p2b: Corviknight|Tailwind|p2b: Corviknight
|-sidestart|p2: ming0mang0|move: Tailwind
|
|-heal|p2b: Corviknight|7/100|[from] item: Leftovers
|upkeep
|turn|4
|inactive|chrispygreens has 30 seconds left.
|inactive|ming0mang0 has 30 seconds left.
|inactive|chrispygreens has 20 seconds left.
|
|t:|1757110528
|move|p2a: Sneasler|Protect|p2a: Sneasler
|-singleturn|p2a: Sneasler|Protect
|move|p1b: Salamence|Dual Wingbeat|p2a: Sneasler
|-activate|p2a: Sneasler|move: Protect
|move|p2b: Corviknight|Roost|p2b: Corviknight
|-heal|p2b: Corviknight|57/100
|-singleturn|p2b: Corviknight|move: Roost
|move|p1a: Incineroar|Knock Off|p2b: Corviknight
|-damage|p2b: Corviknight|18/100
|-enditem|p2b: Corviknight|Leftovers|[from] move: Knock Off|[of] p1a: Incineroar
|
|upkeep
|turn|5
|
|t:|1757110548
|move|p2a: Sneasler|Throat Chop|p1a: Incineroar
|-supereffective|p1a: Incineroar
|-damage|p1a: Incineroar|0 fnt
|faint|p1a: Incineroar
|move|p1b: Salamence|Dual Wingbeat|p2a: Sneasler
|-damage|p2a: Sneasler|0 fnt
|faint|p2a: Sneasler
|-hitcount|p2: Sneasler|1
|move|p2b: Corviknight|Roost|p2b: Corviknight
|-heal|p2b: Corviknight|69/100
|-singleturn|p2b: Corviknight|move: Roost
|
|-sideend|p1: chrispygreens|move: Tailwind
|upkeep
|
|t:|1757110568
|switch|p2a: Annihilape|Annihilape, L50, M|100/100
|switch|p1a: Archaludon|Archaludon, L50, F|100/100
|turn|6
|inactive|chrispygreens has 30 seconds left.
|
|t:|1757110599
|move|p2a: Annihilape|Final Gambit|p1a: Archaludon
|-damage|p1a: Archaludon|0 fnt
|faint|p2a: Annihilape
|faint|p1a: Archaludon
|move|p2b: Corviknight|Roost|p2b: Corviknight
|-heal|p2b: Corviknight|100/100
|-singleturn|p2b: Corviknight|move: Roost
|move|p1b: Salamence|Dual Wingbeat|p2b: Corviknight
|-resisted|p2b: Corviknight
|-damage|p2b: Corviknight|92/100
|-resisted|p2b: Corviknight
|-damage|p2b: Corviknight|83/100
|-hitcount|p2b: Corviknight|2
|
|-sideend|p2: ming0mang0|move: Tailwind
|-fieldend|move: Psychic Terrain
|upkeep
|turn|7
|
|t:|1757110618
|move|p1b: Salamence|Outrage|p2b: Corviknight
|-resisted|p2b: Corviknight
|-damage|p2b: Corviknight|56/100
|move|p2b: Corviknight|Bulk Up|p2b: Corviknight
|-boost|p2b: Corviknight|atk|1
|-boost|p2b: Corviknight|def|1
|
|upkeep
|turn|8
|
|t:|1757110626
|move|p1b: Salamence|Outrage|p2b: Corviknight|[from] lockedmove
|-resisted|p2b: Corviknight
|-damage|p2b: Corviknight|40/100
|-start|p1b: Salamence|confusion|[fatigue]
|move|p2b: Corviknight|Roost|p2b: Corviknight
|-heal|p2b: Corviknight|90/100
|-singleturn|p2b: Corviknight|move: Roost
|
|upkeep
|turn|9
|
|t:|1757110635
|-activate|p1b: Salamence|confusion
|move|p1b: Salamence|Outrage|p2b: Corviknight
|-resisted|p2b: Corviknight
|-damage|p2b: Corviknight|72/100
|move|p2b: Corviknight|Bulk Up|p2b: Corviknight
|-boost|p2b: Corviknight|atk|1
|-boost|p2b: Corviknight|def|1
|
|upkeep
|turn|10
|
|t:|1757110645
|-activate|p1b: Salamence|confusion
|move|p1b: Salamence|Outrage|p2b: Corviknight|[from] lockedmove
|-resisted|p2b: Corviknight
|-damage|p2b: Corviknight|59/100
|move|p2b: Corviknight|Bulk Up|p2b: Corviknight
|-boost|p2b: Corviknight|atk|1
|-boost|p2b: Corviknight|def|1
|
|upkeep
|turn|11
|
|t:|1757110653
|-end|p1b: Salamence|confusion
|move|p1b: Salamence|Outrage|p2b: Corviknight|[from] lockedmove
|-resisted|p2b: Corviknight
|-crit|p2b: Corviknight
|-damage|p2b: Corviknight|24/100
|-start|p1b: Salamence|confusion|[fatigue]
|move|p2b: Corviknight|Roost|p2b: Corviknight
|-heal|p2b: Corviknight|75/100
|-singleturn|p2b: Corviknight|move: Roost
|
|upkeep
|turn|12
|
|t:|1757110666
|-activate|p1b: Salamence|confusion
|move|p1b: Salamence|Outrage|p2b: Corviknight
|-resisted|p2b: Corviknight
|-damage|p2b: Corviknight|64/100
|move|p2b: Corviknight|Tailwind|p2b: Corviknight
|-sidestart|p2: ming0mang0|move: Tailwind
|
|upkeep
|turn|13
|
|t:|1757110675
|move|p2b: Corviknight|Bulk Up|p2b: Corviknight
|-boost|p2b: Corviknight|atk|1
|-boost|p2b: Corviknight|def|1
|-activate|p1b: Salamence|confusion
|move|p1b: Salamence|Outrage|p2b: Corviknight|[from] lockedmove
|-resisted|p2b: Corviknight
|-damage|p2b: Corviknight|55/100
|
|upkeep
|turn|14
|
|t:|1757110682
|move|p2b: Corviknight|Roost|p2b: Corviknight
|-heal|p2b: Corviknight|100/100
|-singleturn|p2b: Corviknight|move: Roost
|-activate|p1b: Salamence|confusion
|move|p1b: Salamence|Outrage|p2b: Corviknight|[from] lockedmove
|-resisted|p2b: Corviknight
|-damage|p2b: Corviknight|92/100
|
|upkeep
|turn|15
|
|t:|1757110691
|move|p2b: Corviknight|Brave Bird|p1b: Salamence
|-damage|p1b: Salamence|0 fnt
|faint|p1b: Salamence
|-damage|p2b: Corviknight|64/100|[from] Recoil
|
|win|ming0mang0
|raw|chrispygreens's rating: 1054 → 1038(-16 for losing)
|raw|ming0mang0's rating: 1092 → 1115(+23 for winning)
|l|☆chrispygreens
|player|p1|
