|j|â˜†platinumflare
|j|â˜†Weare17
|html|platinumflareWeare17    
|uhtml|bestof|Game 2 of a best-of-3
|t:|1786046837
|gametype|doubles
|player|p1|platinumflare|lance|1201
|player|p2|Weare17|265|1307
|gen|9
|tier|[Gen 9 Champions] VGC 2026 Reg M-B (Bo3)
|rated|
|rule|Species Clause: Limit one of each PokÃ©mon
|rule|Item Clause: Limit 1 of each item
|clearpoke
|poke|p1|Staraptor, L50, M|
|poke|p1|Raichu, L50, M|
|poke|p1|Meowscarada, L50, M|
|poke|p1|Talonflame, L50, F|
|poke|p1|Farigiraf, L50, M|
|poke|p1|Kingambit, L50, F|
|poke|p2|Staraptor, L50, F|
|poke|p2|Arcanine-Hisui, L50, M|
|poke|p2|Sylveon, L50, F|
|poke|p2|Kingambit, L50, F|
|poke|p2|Farigiraf, L50, F|
|poke|p2|Raichu, L50, F|
|teampreview|4
|showteam|p1|Staraptor||Staraptite|Intimidate|BraveBird,CloseCombat,Protect,Roost|Jolly||M|||50|]Raichu||RaichuniteY|LightningRod|ZapCannon,FocusBlast,GrassKnot,Protect|Timid||M|||50|]Meowscarada||ChoiceScarf|Protean|FlowerTrick,TripleAxel,ThroatChop,Uturn|Adamant||M|||50|]Talonflame||SharpBeak|GaleWings|DualWingbeat,FlareBlitz,Protect,Tailwind|Jolly||F|||50|]Farigiraf||SitrusBerry|ArmorTail|TrickRoom,Imprison,Psychic,HyperVoice|Modest||M|||50|]Kingambit||LifeOrb|Defiant|KowtowCleave,IronHead,SuckerPunch,Protect|Adamant||F|||50|
|showteam|p2|Staraptor||Staraptite|Intimidate|Protect,Tailwind,CloseCombat,BraveBird|Jolly||F|||50|]Arcanine-Hisui||FocusSash|RockHead|ExtremeSpeed,FlareBlitz,HeadSmash,Protect|Jolly||M|||50|]Sylveon||FairyFeather|Pixilate|Detect,QuickAttack,HyperVoice,HyperBeam|Modest||F|||50|]Kingambit||LifeOrb|Defiant|KowtowCleave,SuckerPunch,SwordsDance,Protect|Adamant||F|||50|]Farigiraf||SitrusBerry|ArmorTail|Protect,Psychic,HelpingHand,TrickRoom|Bold||F|||50|]Raichu||RaichuniteY|LightningRod|Protect,FakeOut,FocusBlast,ZapCannon|Timid||F|||50|
|inactive|Battle timer is ON: inactive players will automatically lose when time's up. (requested by platinumflare)
|l|â˜†platinumflare
|inactive|platinumflare disconnected and has a minute to reconnect!
|player|p1|
|j|â˜†platinumflare
|inactive|platinumflare reconnected and has 80 seconds left.
|player|p1|platinumflare|lance|
|inactive|platinumflare has 60 seconds left.
|inactive|platinumflare has 30 seconds left.
|
|t:|1786046911
|teamsize|p1|4
|teamsize|p2|4
|start
|switch|p1a: Farigiraf|Farigiraf, L50, M|100/100
|switch|p1b: Raichu|Raichu, L50, M|100/100
|switch|p2a: Sylveon|Sylveon, L50, F|100/100
|switch|p2b: Raichu|Raichu, L50, F|100/100
|turn|1
|
|t:|1786046931
|move|p2b: Raichu|Protect|p2b: Raichu
|-singleturn|p2b: Raichu|Protect
|move|p1b: Raichu|Grass Knot|p2a: Sylveon
|-damage|p2a: Sylveon|92/100
|move|p2a: Sylveon|Hyper Voice|p1a: Farigiraf|[spread] p1a,p1b
|-damage|p1a: Farigiraf|51/100
|-damage|p1b: Raichu|35/100
|move|p1a: Farigiraf|Psychic|p2a: Sylveon
|-crit|p2a: Sylveon
|-damage|p2a: Sylveon|48/100
|
|upkeep
|turn|2
|
|t:|1786046954
|switch|p1b: Kingambit|Kingambit, L50, F|100/100
|move|p2b: Raichu|Focus Blast|p1a: Farigiraf|[miss]
|-miss|p2b: Raichu|p1a: Farigiraf
|move|p2a: Sylveon|Hyper Voice|p1b: Kingambit|[spread] p1a,p1b
|-damage|p1a: Farigiraf|2/100
|-damage|p1b: Kingambit|41/100
|-enditem|p1a: Farigiraf|Sitrus Berry|[eat]
|-heal|p1a: Farigiraf|27/100|[from] item: Sitrus Berry
|move|p1a: Farigiraf|Hyper Voice|p2a: Sylveon|[spread] p2a,p2b
|-damage|p2a: Sylveon|23/100
|-damage|p2b: Raichu|46/100
|
|upkeep
|turn|3
|l|â˜†platinumflare
|inactive|platinumflare disconnected and has a minute to reconnect!
|player|p1|
|j|â˜†platinumflare
|inactive|platinumflare reconnected and has 35 seconds left.
|player|p1|platinumflare|lance|
|inactive|platinumflare has 30 seconds left.
|
|t:|1786046982
|switch|p2a: Farigiraf|Farigiraf, L50, F|100/100
|detailschange|p2b: Raichu|Raichu-Mega-Y, L50, F
|-mega|p2b: Raichu|Raichu|Raichunite Y
|move|p1b: Kingambit|Sucker Punch||[still]
|cant|p2a: Farigiraf|ability: Armor Tail|Sucker Punch|[of] p1b: Kingambit
|move|p2b: Raichu|Focus Blast|p1b: Kingambit
|-supereffective|p1b: Kingambit|2
|-damage|p1b: Kingambit|0 fnt
|faint|p1b: Kingambit
|move|p1a: Farigiraf|Hyper Voice|p2b: Raichu|[spread] p2a,p2b
|-damage|p2a: Farigiraf|70/100
|-damage|p2b: Raichu|0 fnt
|faint|p2b: Raichu
|
|upkeep
|
|t:|1786046997
|switch|p2b: Arcanine|Arcanine-Hisui, L50, M|100/100
|switch|p1b: Meowscarada|Meowscarada, L50, M|100/100
|turn|4
|
|t:|1786047012
|move|p1b: Meowscarada|Throat Chop|p2b: Arcanine
|-start|p1b: Meowscarada|typechange|Dark|[from] ability: Protean
|-damage|p2b: Arcanine|45/100
|-start|p2b: Arcanine|Throat Chop|[silent]
|move|p2b: Arcanine|Flare Blitz|p1a: Farigiraf
|-damage|p1a: Farigiraf|0 fnt
|faint|p1a: Farigiraf
|move|p2a: Farigiraf|Trick Room|p2a: Farigiraf
|-fieldstart|move: Trick Room|[of] p2a: Farigiraf
|
|upkeep
|
|t:|1786047019
|switch|p1a: Raichu|Raichu, L50, M|35/100
|turn|5
|
|t:|1786047027
|detailschange|p1a: Raichu|Raichu-Mega-Y, L50, M
|-mega|p1a: Raichu|Raichu|Raichunite Y
|move|p2a: Farigiraf|Psychic|p1a: Raichu
|-damage|p1a: Raichu|0 fnt
|faint|p1a: Raichu
|move|p2b: Arcanine|Flare Blitz|p1b: Meowscarada
|-damage|p1b: Meowscarada|7/100
|move|p1b: Meowscarada|Throat Chop|p2a: Farigiraf
|-supereffective|p2a: Farigiraf|1
|-damage|p2a: Farigiraf|9/100
|-start|p2a: Farigiraf|Throat Chop|[silent]
|-enditem|p2a: Farigiraf|Sitrus Berry|[eat]
|-heal|p2a: Farigiraf|34/100|[from] item: Sitrus Berry
|
|-end|p2b: Arcanine|Throat Chop|[silent]
|upkeep
|turn|6
|
|t:|1786047039
|move|p2a: Farigiraf|Helping Hand|p2b: Arcanine
|-singleturn|p2b: Arcanine|Helping Hand|[of] p2a: Farigiraf
|move|p2b: Arcanine|Extreme Speed|p1b: Meowscarada
|-damage|p1b: Meowscarada|0 fnt
|faint|p1b: Meowscarada
|
|win|Weare17
|raw|platinumflare's rating: 1201 → 1183(-18 for losing)
|raw|Weare17's rating: 1307 → 1321(+14 for winning)
|l|â˜†platinumflare
|player|p1|
