|j|☆rusted warrior
|j|☆bahia ducati
|html|rusted warriorbahia ducati    
|uhtml|bestof|Game 1 of a best-of-3
|t:|1757776491
|gametype|doubles
|player|p1|rusted warrior|miku-ghost|1167
|player|p2|bahia ducati|skier|1120
|gen|9
|tier|[Gen 9] VGC 2025 Reg H (Bo3)
|rated|
|rule|Species Clause: Limit one of each Pokémon
|rule|Item Clause: Limit 1 of each item
|clearpoke
|poke|p1|Gholdengo, L50|
|poke|p1|Incineroar, L50, M|
|poke|p1|Amoonguss, L50, F|
|poke|p1|Porygon2, L50|
|poke|p1|Ursaluna, L50, M|
|poke|p1|Dragonite, L50, M|
|poke|p2|Dragonite, L50, F|
|poke|p2|Gholdengo, L50|
|poke|p2|Ursaluna-Bloodmoon, L50, M|
|poke|p2|Annihilape, L50, F|
|poke|p2|Maushold-Four, L50|
|poke|p2|Rillaboom, L50, M|
|teampreview|4
|showteam|p1|Gholdengo||LifeOrb|GoodasGold|MakeItRain,ShadowBall,NastyPlot,Protect||||||50|,,,,,Water]Incineroar||SafetyGoggles|Intimidate|KnockOff,FlareBlitz,FakeOut,PartingShot|||M|||50|,,,,,Ghost]Amoonguss||CovertCloak|Regenerator|RagePowder,PollenPuff,Protect,Spore|||F|||50|,,,,,Dark]Porygon2||Eviolite|Download|TeraBlast,IceBeam,TrickRoom,Recover||||||50|,,,,,Fighting]Ursaluna||FlameOrb|Guts|Facade,Earthquake,HeadlongRush,Protect|||M|||50|,,,,,Ghost]Dragonite||LoadedDice|Multiscale|ScaleShot,Tailwind,Protect,Haze|||M|||50|,,,,,Fairy
|showteam|p2|Dragonite||LoadedDice|Multiscale|ScaleShot,Tailwind,Haze,Protect|||F|||50|,,,,,Fairy]Gholdengo||LifeOrb|GoodasGold|MakeItRain,ShadowBall,NastyPlot,Protect||||||50|,,,,,Water]Ursaluna-Bloodmoon||AssaultVest|MindsEye|BloodMoon,EarthPower,HyperVoice,VacuumWave|||M|||50|,,,,,Water]Annihilape||SitrusBerry|Defiant|DrainPunch,RageFist,BulkUp,Protect|||F|||50|,,,,,Fire]Maushold-Four||FocusSash|FriendGuard|SuperFang,BeatUp,FollowMe,Protect||||||50|,,,,,Ghost]Rillaboom||MiracleSeed|GrassySurge|WoodHammer,GrassyGlide,HighHorsepower,FakeOut|||M|||50|,,,,,Fire
|inactive|Battle timer is ON: inactive players will automatically lose when time's up. (requested by bahia ducati)
|
|t:|1757776519
|teamsize|p1|4
|teamsize|p2|4
|start
|switch|p1a: Amoonguss|Amoonguss, L50, F, shiny|100/100
|switch|p1b: Porygon2|Porygon2, L50, shiny|100/100
|switch|p2a: Annihilape|Annihilape, L50, F|100/100
|switch|p2b: Maushold|Maushold-Four, L50|100/100
|-ability|p1b: Porygon2|Download|boost
|-boost|p1b: Porygon2|atk|1
|turn|1
|inactive|bahia ducati has 30 seconds left.
|inactive|bahia ducati has 20 seconds left.
|inactive|bahia ducati has 15 seconds left.
|inactive|bahia ducati has 10 seconds left.
|
|t:|1757776565
|move|p2b: Maushold|Super Fang|p1b: Porygon2
|-damage|p1b: Porygon2|50/100
|move|p2a: Annihilape|Rage Fist|p1a: Amoonguss
|-damage|p1a: Amoonguss|85/100
|move|p1a: Amoonguss|Spore|p2a: Annihilape
|-status|p2a: Annihilape|slp|[from] move: Spore
|move|p1b: Porygon2|Trick Room|p1b: Porygon2
|-fieldstart|move: Trick Room|[of] p1b: Porygon2
|
|upkeep
|turn|2
|
|t:|1757776586
|cant|p2a: Annihilape|slp
|move|p2b: Maushold|Protect|p2b: Maushold
|-singleturn|p2b: Maushold|Protect
|move|p1a: Amoonguss|Pollen Puff|p1b: Porygon2
|-heal|p1b: Porygon2|100/100
|move|p1b: Porygon2|Tera Blast|p2b: Maushold
|-activate|p2b: Maushold|move: Protect
|
|upkeep
|turn|3
|
|t:|1757776602
|switch|p1b: Ursaluna|Ursaluna, L50, M|100/100
|-terastallize|p2b: Maushold|Ghost
|move|p2b: Maushold|Follow Me|p2b: Maushold
|-singleturn|p2b: Maushold|move: Follow Me
|move|p1a: Amoonguss|Spore|p2b: Maushold
|-status|p2b: Maushold|slp|[from] move: Spore
|cant|p2a: Annihilape|slp
|
|-status|p1b: Ursaluna|brn|[from] item: Flame Orb
|upkeep
|turn|4
|
|t:|1757776617
|switch|p1a: Porygon2|Porygon2, L50, shiny|100/100
|-ability|p1a: Porygon2|Download|boost
|-boost|p1a: Porygon2|atk|1
|switch|p2b: Rillaboom|Rillaboom, L50, M|100/100
|-fieldstart|move: Grassy Terrain|[from] ability: Grassy Surge|[of] p2b: Rillaboom
|-curestatus|p2a: Annihilape|slp|[msg]
|move|p2a: Annihilape|Protect|p2a: Annihilape
|-singleturn|p2a: Annihilape|Protect
|move|p1b: Ursaluna|Headlong Rush|p2a: Annihilape
|-activate|p2a: Annihilape|move: Protect
|
|-damage|p1b: Ursaluna|95/100 brn|[from] brn
|upkeep
|turn|5
|inactive|bahia ducati has 30 seconds left.
|
|t:|1757776646
|switch|p2a: Maushold|Maushold-Four, L50, tera:Ghost|100/100 slp
|-terastallize|p1b: Ursaluna|Ghost
|move|p2b: Rillaboom|Grassy Glide|p1b: Ursaluna
|-damage|p1b: Ursaluna|60/100 brn
|move|p1a: Porygon2|Ice Beam|p2b: Rillaboom
|-supereffective|p2b: Rillaboom
|-damage|p2b: Rillaboom|47/100
|move|p1b: Ursaluna|Headlong Rush|p2a: Maushold
|-enditem|p2a: Maushold|Focus Sash
|-damage|p2a: Maushold|1/100 slp
|-unboost|p1b: Ursaluna|def|1
|-unboost|p1b: Ursaluna|spd|1
|
|-heal|p1b: Ursaluna|66/100 brn|[from] Grassy Terrain
|-heal|p2b: Rillaboom|53/100|[from] Grassy Terrain
|-heal|p2a: Maushold|7/100 slp|[from] Grassy Terrain
|-damage|p1b: Ursaluna|60/100 brn|[from] brn
|-fieldend|move: Trick Room
|upkeep
|turn|6
|
|t:|1757776668
|switch|p1b: Amoonguss|Amoonguss, L50, F, shiny|100/100
|cant|p2a: Maushold|slp
|move|p2b: Rillaboom|Wood Hammer|p1a: Porygon2
|-damage|p1a: Porygon2|34/100
|-damage|p2b: Rillaboom|32/100|[from] Recoil
|move|p1a: Porygon2|Trick Room|p1a: Porygon2
|-fieldstart|move: Trick Room|[of] p1a: Porygon2
|
|-heal|p1a: Porygon2|41/100|[from] Grassy Terrain
|-heal|p2b: Rillaboom|38/100|[from] Grassy Terrain
|-heal|p2a: Maushold|13/100 slp|[from] Grassy Terrain
|upkeep
|turn|7
|
|t:|1757776686
|-curestatus|p2a: Maushold|slp|[msg]
|move|p2a: Maushold|Follow Me|p2a: Maushold
|-singleturn|p2a: Maushold|move: Follow Me
|move|p1b: Amoonguss|Pollen Puff|p2a: Maushold
|-resisted|p2a: Maushold
|-damage|p2a: Maushold|3/100
|move|p1a: Porygon2|Ice Beam|p2a: Maushold
|-damage|p2a: Maushold|0 fnt
|faint|p2a: Maushold
|move|p2b: Rillaboom|Wood Hammer|p1a: Porygon2
|-damage|p1a: Porygon2|0 fnt
|faint|p1a: Porygon2
|-damage|p2b: Rillaboom|26/100|[from] Recoil
|
|-heal|p2b: Rillaboom|32/100|[from] Grassy Terrain
|upkeep
|
|t:|1757776705
|switch|p1a: Ursaluna|Ursaluna, L50, M, tera:Ghost|60/100 brn
|switch|p2a: Annihilape|Annihilape, L50, F|100/100
|turn|8
|
|t:|1757776713
|switch|p2b: Ursaluna|Ursaluna-Bloodmoon, L50, M|100/100
|move|p1a: Ursaluna|Protect|p1a: Ursaluna
|-singleturn|p1a: Ursaluna|Protect
|move|p2a: Annihilape|Protect|p2a: Annihilape
|-singleturn|p2a: Annihilape|Protect
|move|p1b: Amoonguss|Spore|p2a: Annihilape
|-activate|p2a: Annihilape|move: Protect
|
|-heal|p1a: Ursaluna|66/100 brn|[from] Grassy Terrain
|-damage|p1a: Ursaluna|60/100 brn|[from] brn
|-fieldend|move: Grassy Terrain
|upkeep
|turn|9
|
|t:|1757776729
|switch|p2a: Rillaboom|Rillaboom, L50, M|32/100
|-fieldstart|move: Grassy Terrain|[from] ability: Grassy Surge|[of] p2a: Rillaboom
|move|p2b: Ursaluna|Vacuum Wave|p1a: Ursaluna
|-damage|p1a: Ursaluna|44/100 brn
|move|p1b: Amoonguss|Spore|p2b: Ursaluna
|-status|p2b: Ursaluna|slp|[from] move: Spore
|move|p1a: Ursaluna|Headlong Rush|p2a: Rillaboom
|-resisted|p2a: Rillaboom
|-damage|p2a: Rillaboom|0 fnt
|-unboost|p1a: Ursaluna|def|1
|-unboost|p1a: Ursaluna|spd|1
|faint|p2a: Rillaboom
|
|-heal|p1a: Ursaluna|50/100 brn|[from] Grassy Terrain
|-damage|p1a: Ursaluna|44/100 brn|[from] brn
|upkeep
|
|t:|1757776742
|switch|p2a: Annihilape|Annihilape, L50, F|100/100
|turn|10
|
|t:|1757776750
|move|p2a: Annihilape|Protect|p2a: Annihilape
|-singleturn|p2a: Annihilape|Protect
|move|p1b: Amoonguss|Spore|p2a: Annihilape
|-activate|p2a: Annihilape|move: Protect
|cant|p2b: Ursaluna|slp
|move|p1a: Ursaluna|Facade|p2b: Ursaluna
|-damage|p2b: Ursaluna|5/100 slp
|
|-heal|p2b: Ursaluna|11/100 slp|[from] Grassy Terrain
|-heal|p1a: Ursaluna|50/100 brn|[from] Grassy Terrain
|-damage|p1a: Ursaluna|44/100 brn|[from] brn
|-fieldend|move: Trick Room
|upkeep
|turn|11
|
|t:|1757776765
|move|p1a: Ursaluna|Protect|p1a: Ursaluna
|-singleturn|p1a: Ursaluna|Protect
|move|p2a: Annihilape|Rage Fist|p1a: Ursaluna
|-activate|p1a: Ursaluna|move: Protect
|-curestatus|p2b: Ursaluna|slp|[msg]
|move|p2b: Ursaluna|Blood Moon|p1a: Ursaluna
|-activate|p1a: Ursaluna|move: Protect
|move|p1b: Amoonguss|Spore|p2a: Annihilape
|-status|p2a: Annihilape|slp|[from] move: Spore
|
|-heal|p1a: Ursaluna|50/100 brn|[from] Grassy Terrain
|-heal|p2b: Ursaluna|16/100|[from] Grassy Terrain
|-damage|p1a: Ursaluna|44/100 brn|[from] brn
|upkeep
|turn|12
|
|t:|1757776786
|cant|p2a: Annihilape|slp
|move|p1a: Ursaluna|Facade|p2b: Ursaluna
|-damage|p2b: Ursaluna|0 fnt
|faint|p2b: Ursaluna
|move|p1b: Amoonguss|Pollen Puff|p1a: Ursaluna
|-heal|p1a: Ursaluna|94/100 brn
|
|-heal|p1a: Ursaluna|99/100 brn|[from] Grassy Terrain
|-damage|p1a: Ursaluna|94/100 brn|[from] brn
|upkeep
|turn|13
|-message|bahia ducati forfeited.
|
|win|rusted warrior
|l|☆bahia ducati
|player|p2|
||bahia ducati is ready for game 2.
