|j|Ōśå3illyEdgar
|j|ŌśåRyan96
|html|3illyEdgarRyan96    
|uhtml|bestof|Game 2 of a best-of-3
|t:|1782516549
|gametype|doubles
|player|p1|3illyEdgar|101|1040
|player|p2|Ryan96|crasherwake|1068
|gen|9
|tier|[Gen 9 Champions] VGC 2026 Reg M-B (Bo3)
|rated|
|rule|Species Clause: Limit one of each Pok├®mon
|rule|Item Clause: Limit 1 of each item
|clearpoke
|poke|p1|Pyroar, L50, F|
|poke|p1|Ninetales, L50, F|
|poke|p1|Farigiraf, L50, M|
|poke|p1|Whimsicott, L50, M|
|poke|p1|Basculegion, L50, M|
|poke|p1|Dragalge, L50, F|
|poke|p2|Whimsicott, L50, M|
|poke|p2|Staraptor, L50, M|
|poke|p2|Garchomp, L50, F|
|poke|p2|Metagross, L50|
|poke|p2|Basculegion, L50, M|
|poke|p2|Typhlosion-Hisui, L50, F|
|teampreview|4
|showteam|p1|Pyroar||Pyroarite|Unnerve|Protect,Overheat,HyperVoice,HeatWave|Timid||F|||50|]Ninetales||ChoiceScarf|Drought|HeatWave,SolarBeam,WeatherBall,FakeTears|Timid||F|||50|]Farigiraf||SitrusBerry|ArmorTail|Thunderbolt,HelpingHand,TwinBeam,TrickRoom|Relaxed||M|||50|]Whimsicott||FocusSash|Prankster|Protect,Tailwind,SunnyDay,Moonblast|Timid||M|||50|]Basculegion||LifeOrb|Adaptability|LastRespects,Protect,WaveCrash,AquaJet|Adamant||M|||50|]Dragalge||Dragalgite|PoisonPoint|DracoMeteor,FlipTurn,SludgeBomb,Protect|Relaxed||F|||50|
|showteam|p2|Whimsicott||FocusSash|Prankster|Tickle,Tailwind,Moonblast,FakeTears|Timid||M|||50|]Staraptor||Staraptite|Intimidate|BraveBird,CloseCombat,Roost,Protect|Jolly||M|||50|]Garchomp||RoseliBerry|RoughSkin|DragonClaw,StompingTantrum,RockTomb,PoisonJab|Jolly||F|||50|]Metagross||Metagrossite|ClearBody|IronHead,PsychicFangs,BulletPunch,Protect|Jolly|||||50|]Basculegion||MysticWater|Adaptability|WaveCrash,LastRespects,AquaJet,Protect|Adamant||M|||50|]Typhlosion-Hisui||ChoiceScarf|Frisk|Eruption,HeatWave,BurnUp,ShadowBall|Modest||F|||50|
|c|Ōśå3illyEdgar|1% chance
|
|t:|1782516574
|teamsize|p1|4
|teamsize|p2|4
|start
|switch|p1a: Pyroar|Pyroar, L50, F|100/100
|switch|p1b: Ninetales|Ninetales, L50, F|100/100
|switch|p2a: Whimsicott|Whimsicott, L50, M|100/100
|switch|p2b: Staraptor|Staraptor, L50, M|100/100
|-ability|p1a: Pyroar|Unnerve
|-weather|SunnyDay|[from] ability: Drought|[of] p1b: Ninetales
|-ability|p2b: Staraptor|Intimidate|boost
|-unboost|p1a: Pyroar|atk|1
|-unboost|p1b: Ninetales|atk|1
|turn|1
|inactive|Battle timer is ON: inactive players will automatically lose when time's up. (requested by 3illyEdgar)
|
|t:|1782516587
|detailschange|p1a: Pyroar|Pyroar-Mega, L50, F
|-mega|p1a: Pyroar|Pyroar|Pyroarite
|detailschange|p2b: Staraptor|Staraptor-Mega, L50, M
|-mega|p2b: Staraptor|Staraptor|Staraptite
|move|p2a: Whimsicott|Fake Tears|p2b: Staraptor
|-boost|p2b: Staraptor|spd|2
|move|p1b: Ninetales|Heat Wave|p2a: Whimsicott|[spread] p2a,p2b
|-supereffective|p2a: Whimsicott|1
|-enditem|p2a: Whimsicott|Focus Sash
|-damage|p2a: Whimsicott|1/100
|-damage|p2b: Staraptor|73/100
|move|p1a: Pyroar|Overheat|p2b: Staraptor
|-damage|p2b: Staraptor|0 fnt
|-unboost|p1a: Pyroar|spa|2
|faint|p2b: Staraptor
|
|-weather|SunnyDay|[upkeep]
|upkeep
|c|ŌśåRyan96|damn
|
|t:|1782516604
|switch|p2b: Garchomp|Garchomp, L50, F|100/100
|turn|2
|
|t:|1782516614
|switch|p1a: Whimsicott|Whimsicott, L50, M|100/100
|move|p2a: Whimsicott|Tailwind|p2a: Whimsicott
|-sidestart|p2: Ryan96|move: Tailwind
|move|p2b: Garchomp|Stomping Tantrum|p1b: Ninetales
|-supereffective|p1b: Ninetales|1
|-crit|p1b: Ninetales
|-damage|p1b: Ninetales|0 fnt
|faint|p1b: Ninetales
|
|-weather|SunnyDay|[upkeep]
|upkeep
|
|t:|1782516623
|switch|p1b: Basculegion|Basculegion, L50, M|100/100
|turn|3
|
|t:|1782516639
|move|p2a: Whimsicott|Tickle|p1b: Basculegion
|-unboost|p1b: Basculegion|atk|1
|-unboost|p1b: Basculegion|def|1
|move|p1a: Whimsicott|Tailwind|p1a: Whimsicott
|-sidestart|p1: 3illyEdgar|move: Tailwind
|move|p1b: Basculegion|Aqua Jet|p2a: Whimsicott
|-resisted|p2a: Whimsicott|1
|-crit|p2a: Whimsicott
|-damage|p2a: Whimsicott|0 fnt
|faint|p2a: Whimsicott
|-damage|p1b: Basculegion|90/100|[from] item: Life Orb
|move|p2b: Garchomp|Poison Jab|p1a: Whimsicott
|-supereffective|p1a: Whimsicott|2
|-enditem|p1a: Whimsicott|Focus Sash
|-damage|p1a: Whimsicott|1/100
|-status|p1a: Whimsicott|psn
|
|-weather|SunnyDay|[upkeep]
|-damage|p1a: Whimsicott|0 fnt|[from] psn
|faint|p1a: Whimsicott
|upkeep
|
|t:|1782516651
|switch|p2a: Basculegion|Basculegion, L50, M|100/100
|switch|p1a: Pyroar|Pyroar-Mega, L50, F|100/100
|turn|4
|
|t:|1782516672
|move|p2a: Basculegion|Protect|p2a: Basculegion
|-singleturn|p2a: Basculegion|Protect
|move|p1a: Pyroar|Heat Wave|p2a: Basculegion|[spread] 
|-activate|p2a: Basculegion|move: Protect
|-miss|p1a: Pyroar|p2b: Garchomp
|move|p2b: Garchomp|Rock Tomb|p1a: Pyroar
|-supereffective|p1a: Pyroar|1
|-damage|p1a: Pyroar|52/100
|-unboost|p1a: Pyroar|spe|1
|move|p1b: Basculegion|Last Respects|p2a: Basculegion
|-activate|p2a: Basculegion|move: Protect
|
|-weather|SunnyDay|[upkeep]
|upkeep
|turn|5
|c|Ōśå3illyEdgar|again
|c|ŌśåRyan96|heat wave is such a bs move man
|c|ŌśåRyan96|if it ain't 100% is 50%
|inactive|Ryan96 has 30 seconds left.
|
|t:|1782516704
|move|p1a: Pyroar|Protect|p1a: Pyroar
|-singleturn|p1a: Pyroar|Protect
|move|p2a: Basculegion|Aqua Jet|p1a: Pyroar
|-activate|p1a: Pyroar|move: Protect
|move|p2b: Garchomp|Dragon Claw|p1b: Basculegion
|-crit|p1b: Basculegion
|-damage|p1b: Basculegion|0 fnt
|faint|p1b: Basculegion
|
|-weather|none
|-sideend|p2: Ryan96|move: Tailwind
|upkeep
|turn|6
|c|Ōśå3illyEdgar|lmao
|inactive|3illyEdgar has 30 seconds left.
|inactive|Ryan96 has 30 seconds left.
|
|t:|1782516735
|move|p2a: Basculegion|Protect|p2a: Basculegion
|-singleturn|p2a: Basculegion|Protect
|move|p1a: Pyroar|Heat Wave|p2a: Basculegion|[spread] 
|-activate|p2a: Basculegion|move: Protect
|-miss|p1a: Pyroar|p2b: Garchomp
|move|p2b: Garchomp|Stomping Tantrum|p1a: Pyroar
|-supereffective|p1a: Pyroar|1
|-damage|p1a: Pyroar|0 fnt
|faint|p1a: Pyroar
|
|win|Ryan96
|raw|3illyEdgar's rating: 1040 → 1025(-15 for losing)
|raw|Ryan96's rating: 1068 → 1095(+27 for winning)
|l|Ōśå3illyEdgar
|player|p1|
|c|ŌśåRyan96|i think that didn't matter
|c|ŌśåRyan96|the crit, i mean
