|j|☆SunshineTufo
|j|☆Spasio
|html|SunshineTufoSpasio    
|uhtml|bestof|Game 1 of a best-of-3
|t:|1785399018
|gametype|doubles
|player|p1|SunshineTufo|li|1332
|player|p2|Spasio|101|1395
|gen|9
|tier|[Gen 9 Champions] VGC 2026 Reg M-B (Bo3)
|rated|
|rule|Species Clause: Limit one of each Pokémon
|rule|Item Clause: Limit 1 of each item
|clearpoke
|poke|p1|Raichu, L50, M, shiny|
|poke|p1|Decidueye-Hisui, L50, M|
|poke|p1|Floette-Eternal, L50, F|
|poke|p1|Aerodactyl, L50, M, shiny|
|poke|p1|Kingambit, L50, F|
|poke|p1|Basculegion, L50, M, shiny|
|poke|p2|Charizard, L50, M|
|poke|p2|Glimmora, L50, M|
|poke|p2|Whimsicott, L50, F|
|poke|p2|Ninetales-Alola, L50, F|
|poke|p2|Kingambit, L50, M|
|poke|p2|Kommo-o, L50, M|
|teampreview|4
|showteam|p1|Raichu||RaichuniteY|Static|ZapCannon,FocusBlast,FakeOut,Protect|Timid||M|||50|]Decidueye-Hisui||ScopeLens|Scrappy|TripleArrows,LeafBlade,Protect,Taunt|Adamant||M|||50|]Floette-Eternal||Floettite|FlowerVeil|Moonblast,DazzlingGleam,LightofRuin,Protect|Timid||F|||50|]Aerodactyl||FocusSash|Unnerve|RockSlide,DualWingbeat,Tailwind,Protect|Jolly||M|||50|]Kingambit||ChopleBerry|Defiant|KowtowCleave,IronHead,SuckerPunch,LowKick|Adamant||F|||50|]Basculegion||LifeOrb|Adaptability|WaveCrash,AquaJet,LastRespects,Protect|Adamant||M|||50|
|showteam|p2|Charizard||CharizarditeY|Blaze|HeatWave,WeatherBall,SolarBeam,Protect|Modest||M|||50|]Glimmora||Glimmoranite|ToxicDebris|SludgeBomb,PowerGem,EarthPower,SpikyShield|Modest||M|||50|]Whimsicott||FocusSash|Prankster|Moonblast,Tailwind,Encore,Protect|Timid||F|||50|]Ninetales-Alola||NeverMeltIce|SnowWarning|Blizzard,FreezeDry,Disable,Protect|Timid||F|||50|]Kingambit||BlackGlasses|Defiant|KowtowCleave,SuckerPunch,IronHead,Protect|Adamant||M|||50|]Kommo-o||LifeOrb|Overcoat|ClangingScales,AuraSphere,VacuumWave,Protect|Modest||M|||50|
|inactive|Battle timer is ON: inactive players will automatically lose when time's up. (requested by Spasio)
|inactive|SunshineTufo also wants the timer to be on.
|
|t:|1785399044
|teamsize|p1|4
|teamsize|p2|4
|start
|switch|p1a: Aerodactyl|Aerodactyl, L50, M, shiny|100/100
|switch|p1b: Raichu|Raichu, L50, M, shiny|100/100
|switch|p2a: Whimsicott|Whimsicott, L50, F|100/100
|switch|p2b: Glimmora|Glimmora, L50, M|100/100
|-ability|p1a: Aerodactyl|Unnerve
|turn|1
|
|t:|1785399057
|detailschange|p1b: Raichu|Raichu-Mega-Y, L50, M, shiny
|-mega|p1b: Raichu|Raichu|Raichunite Y
|move|p2a: Whimsicott|Protect|p2a: Whimsicott
|-singleturn|p2a: Whimsicott|Protect
|move|p2b: Glimmora|Spiky Shield|p2b: Glimmora
|-singleturn|p2b: Glimmora|move: Protect
|move|p1b: Raichu|Fake Out|p2a: Whimsicott
|-activate|p2a: Whimsicott|move: Protect
|move|p1a: Aerodactyl|Dual Wingbeat|p2a: Whimsicott
|-activate|p2a: Whimsicott|move: Protect
|
|upkeep
|turn|2
|
|t:|1785399075
|detailschange|p2b: Glimmora|Glimmora-Mega, L50, M
|-mega|p2b: Glimmora|Glimmora|Glimmoranite
|move|p2a: Whimsicott|Tailwind|p2a: Whimsicott
|-sidestart|p2: Spasio|move: Tailwind
|move|p2b: Glimmora|Earth Power|p1b: Raichu
|-supereffective|p1b: Raichu|1
|-damage|p1b: Raichu|0 fnt
|faint|p1b: Raichu
|move|p1a: Aerodactyl|Tailwind|p1a: Aerodactyl
|-sidestart|p1: SunshineTufo|move: Tailwind
|
|upkeep
|
|t:|1785399081
|switch|p1b: Basculegion|Basculegion, L50, M, shiny|100/100
|turn|3
|
|t:|1785399089
|switch|p1a: Decidueye|Decidueye-Hisui, L50, M|100/100
|switch|p2b: Kingambit|Kingambit, L50, M|100/100
|move|p2a: Whimsicott|Encore||[still]
|-fail|p2a: Whimsicott
|move|p1b: Basculegion|Aqua Jet|p2b: Kingambit
|-damage|p2b: Kingambit|71/100
|-damage|p1b: Basculegion|90/100|[from] item: Life Orb
|
|upkeep
|turn|4
|
|t:|1785399103
|switch|p1b: Aerodactyl|Aerodactyl, L50, M, shiny|100/100
|-ability|p1b: Aerodactyl|Unnerve
|move|p2b: Kingambit|Protect|p2b: Kingambit
|-singleturn|p2b: Kingambit|Protect
|move|p2a: Whimsicott|Moonblast|p1a: Decidueye
|-supereffective|p1a: Decidueye|1
|-damage|p1a: Decidueye|26/100
|move|p1a: Decidueye|Triple Arrows|p2b: Kingambit
|-activate|p2b: Kingambit|move: Protect
|
|upkeep
|turn|5
|
|t:|1785399116
|switch|p2b: Glimmora|Glimmora-Mega, L50, M|100/100
|move|p1b: Aerodactyl|Dual Wingbeat|p2a: Whimsicott
|-supereffective|p2a: Whimsicott|1
|-damage|p2a: Whimsicott|42/100
|-supereffective|p2a: Whimsicott|1
|-damage|p2a: Whimsicott|0 fnt
|faint|p2a: Whimsicott
|-hitcount|p2: Whimsicott|2
|move|p1a: Decidueye|Triple Arrows|p2b: Glimmora
|-crit|p2b: Glimmora
|-damage|p2b: Glimmora|22/100
|-unboost|p2b: Glimmora|def|1
|
|-sideend|p2: Spasio|move: Tailwind
|-sideend|p1: SunshineTufo|move: Tailwind
|upkeep
|
|t:|1785399121
|switch|p2a: Kingambit|Kingambit, L50, M|71/100
|turn|6
|
|t:|1785399134
|move|p2a: Kingambit|Sucker Punch|p1a: Decidueye
|-resisted|p1a: Decidueye|1
|-damage|p1a: Decidueye|0 fnt
|faint|p1a: Decidueye
|move|p1b: Aerodactyl|Rock Slide|p2b: Glimmora|[spread] p2a,p2b
|-resisted|p2a: Kingambit|1
|-damage|p2a: Kingambit|60/100
|-damage|p2b: Glimmora|0 fnt
|faint|p2b: Glimmora
|
|upkeep
|
|t:|1785399137
|switch|p2b: Ninetales|Ninetales-Alola, L50, F|100/100
|switch|p1a: Basculegion|Basculegion, L50, M, shiny|90/100
|-weather|Snowscape|[from] ability: Snow Warning|[of] p2b: Ninetales
|turn|7
|
|t:|1785399145
|move|p1a: Basculegion|Aqua Jet|p2a: Kingambit
|-damage|p2a: Kingambit|27/100
|-damage|p1a: Basculegion|80/100|[from] item: Life Orb
|move|p2a: Kingambit|Sucker Punch||[still]
|-fail|p2a: Kingambit
|move|p1b: Aerodactyl|Rock Slide|p2a: Kingambit|[spread] p2a,p2b
|-resisted|p2a: Kingambit|1
|-supereffective|p2b: Ninetales|1
|-damage|p2a: Kingambit|18/100
|-damage|p2b: Ninetales|50/100g
|cant|p2b: Ninetales|flinch
|
|-weather|Snowscape|[upkeep]
|upkeep
|turn|8
|
|t:|1785399155
|move|p2a: Kingambit|Protect|p2a: Kingambit
|-singleturn|p2a: Kingambit|Protect
|move|p1a: Basculegion|Aqua Jet|p2a: Kingambit
|-activate|p2a: Kingambit|move: Protect
|move|p1b: Aerodactyl|Rock Slide|p2b: Ninetales|[spread] p2b
|-activate|p2a: Kingambit|move: Protect
|-supereffective|p2b: Ninetales|1
|-damage|p2b: Ninetales|1/100
|move|p2b: Ninetales|Freeze-Dry|p1a: Basculegion
|-supereffective|p1a: Basculegion|1
|-damage|p1a: Basculegion|11/100
|
|-weather|Snowscape|[upkeep]
|upkeep
|turn|9
|
|t:|1785399164
|move|p1a: Basculegion|Aqua Jet|p2a: Kingambit
|-crit|p2a: Kingambit
|-damage|p2a: Kingambit|0 fnt
|faint|p2a: Kingambit
|-damage|p1a: Basculegion|1/100|[from] item: Life Orb
|move|p1b: Aerodactyl|Rock Slide|p2b: Ninetales
|-supereffective|p2b: Ninetales|1
|-damage|p2b: Ninetales|0 fnt
|faint|p2b: Ninetales
|
|win|SunshineTufo
