|j|☆SbonghiSupreme
|j|☆tedidn
|html|SbonghiSupremetedidn    
|uhtml|bestof|Game 2 of a best-of-3
|t:|1756673640
|gametype|doubles
|player|p1|SbonghiSupreme|102|1404
|player|p2|tedidn|marshal|1259
|gen|9
|tier|[Gen 9] VGC 2025 Reg H (Bo3)
|rated|
|rule|Species Clause: Limit one of each Pokémon
|rule|Item Clause: Limit 1 of each item
|clearpoke
|poke|p1|Ursaluna, L50, M|
|poke|p1|Porygon2, L50|
|poke|p1|Incineroar, L50, M|
|poke|p1|Amoonguss, L50, F|
|poke|p1|Gholdengo, L50|
|poke|p1|Hydreigon, L50, F|
|poke|p2|Dragonite, L50, M|
|poke|p2|Rillaboom, L50, M|
|poke|p2|Sneasler, L50, F|
|poke|p2|Volcarona, L50, M|
|poke|p2|Electabuzz, L50, M|
|poke|p2|Kingambit, L50, M|
|teampreview|4
|showteam|p1|Ursaluna||FlameOrb|Guts|Facade,HeadlongRush,Earthquake,Protect|||M|||50|,,,,,Ghost]Porygon2||Eviolite|Download|TeraBlast,IceBeam,Recover,TrickRoom||||||50|,,,,,Fighting]Incineroar||SitrusBerry|Intimidate|FlareBlitz,KnockOff,PartingShot,FakeOut|||M|||50|,,,,,Ghost]Amoonguss||RockyHelmet|Regenerator|PollenPuff,Spore,RagePowder,Protect|||F|||50|,,,,,Fairy]Gholdengo||MetalCoat|GoodasGold|MakeItRain,ShadowBall,NastyPlot,Protect||||||50|,,,,,Water]Hydreigon||SafetyGoggles|Levitate|DracoMeteor,Snarl,Tailwind,Protect|||F|||50|,,,,,Ghost
|showteam|p2|Dragonite||LoadedDice|Multiscale|ScaleShot,ExtremeSpeed,Haze,Protect|||M|||50|,,,,,Normal]Rillaboom||AssaultVest|GrassySurge|WoodHammer,GrassyGlide,FakeOut,Uturn|||M|||50|,,,,,Fire]Sneasler||FocusSash|Unburden|CloseCombat,Coaching,DireClaw,FakeOut|||F|||50|,,,,,Stellar]Volcarona||GrassySeed|FlameBody|Flamethrower,QuiverDance,GigaDrain,Protect|||M|||50|,,,,,Grass]Electabuzz||Eviolite|VitalSpirit|Thunderbolt,Taunt,FollowMe,Protect|||M|||50|,,,,,Ghost]Kingambit||SafetyGoggles|Defiant|KowtowCleave,SuckerPunch,SwordsDance,Protect|||M|||50|,,,,,Dark
|inactive|Battle timer is ON: inactive players will automatically lose when time's up. (requested by tedidn)
|inactive|tedidn has 60 seconds left.
|inactive|SbonghiSupreme has 60 seconds left.
|
|t:|1756673693
|teamsize|p1|4
|teamsize|p2|4
|start
|switch|p1a: Hydreigon|Hydreigon, L50, F|100/100
|switch|p1b: Porygon2|Porygon2, L50|100/100
|switch|p2a: Noxia|Sneasler, L50, F|100/100
|switch|p2b: Tokugawa|Kingambit, L50, M|100/100
|-ability|p1b: Porygon2|Download|boost
|-boost|p1b: Porygon2|spa|1
|turn|1
|
|t:|1756673716
|-terastallize|p1b: Porygon2|Fighting
|move|p2a: Noxia|Fake Out|p1b: Porygon2
|-damage|p1b: Porygon2|92/100
|move|p1a: Hydreigon|Tailwind|p1a: Hydreigon
|-sidestart|p1: SbonghiSupreme|move: Tailwind
|cant|p1b: Porygon2|flinch
|move|p2b: Tokugawa|Kowtow Cleave|p1a: Hydreigon
|-resisted|p1a: Hydreigon
|-damage|p1a: Hydreigon|74/100
|
|upkeep
|turn|2
|
|t:|1756673737
|switch|p1a: Gholdengo|Gholdengo, L50|100/100
|-terastallize|p2a: Noxia|Stellar
|move|p2b: Tokugawa|Protect|p2b: Tokugawa
|-singleturn|p2b: Tokugawa|Protect
|move|p2a: Noxia|Close Combat|p1b: Porygon2
|-damage|p1b: Porygon2|37/100
|-unboost|p2a: Noxia|def|1
|-unboost|p2a: Noxia|spd|1
|move|p1b: Porygon2|Ice Beam|p2a: Noxia
|-damage|p2a: Noxia|8/100
|
|upkeep
|turn|3
|inactive|tedidn has 30 seconds left.
|inactive|SbonghiSupreme has 30 seconds left.
|
|t:|1756673774
|switch|p2b: Michael|Electabuzz, L50, M|100/100
|move|p1a: Gholdengo|Make It Rain|p2a: Noxia|[spread] p2a,p2b
|-resisted|p2b: Michael
|-damage|p2a: Noxia|0 fnt
|-damage|p2b: Michael|78/100
|-unboost|p1a: Gholdengo|spa|1
|faint|p2a: Noxia
|move|p1b: Porygon2|Tera Blast|p2b: Michael|[anim] Tera Blast Fighting
|-damage|p2b: Michael|31/100
|
|upkeep
|
|t:|1756673780
|switch|p2a: Tokugawa|Kingambit, L50, M|100/100
|turn|4
|
|t:|1756673793
|switch|p1a: Ursaluna|Ursaluna, L50, M|100/100
|move|p2b: Michael|Follow Me|p2b: Michael
|-singleturn|p2b: Michael|move: Follow Me
|move|p1b: Porygon2|Recover|p1b: Porygon2
|-heal|p1b: Porygon2|87/100
|move|p2a: Tokugawa|Swords Dance|p2a: Tokugawa
|-boost|p2a: Tokugawa|atk|2
|
|-sideend|p1: SbonghiSupreme|move: Tailwind
|-status|p1a: Ursaluna|brn|[from] item: Flame Orb
|upkeep
|turn|5
|
|t:|1756673806
|move|p2a: Tokugawa|Protect|p2a: Tokugawa
|-singleturn|p2a: Tokugawa|Protect
|move|p2b: Michael|Taunt|p1b: Porygon2
|-start|p1b: Porygon2|move: Taunt
|move|p1a: Ursaluna|Facade|p2b: Michael
|-crit|p2b: Michael
|-damage|p2b: Michael|0 fnt
|faint|p2b: Michael
|move|p1b: Porygon2|Tera Blast|p2a: Tokugawa|[anim] Tera Blast Fighting
|-activate|p2a: Tokugawa|move: Protect
|
|-damage|p1a: Ursaluna|95/100 brn|[from] brn
|upkeep
|
|t:|1756673810
|switch|p2b: Harambe|Rillaboom, L50, M|100/100
|-fieldstart|move: Grassy Terrain|[from] ability: Grassy Surge|[of] p2b: Harambe
|turn|6
|inactive|tedidn has 30 seconds left.
|
|t:|1756673839
|move|p2b: Harambe|Fake Out|p1b: Porygon2
|-damage|p1b: Porygon2|78/100
|move|p2a: Tokugawa|Sucker Punch|p1a: Ursaluna
|-damage|p1a: Ursaluna|25/100 brn
|move|p1a: Ursaluna|Headlong Rush|p2a: Tokugawa
|-supereffective|p2a: Tokugawa
|-damage|p2a: Tokugawa|0 fnt
|-unboost|p1a: Ursaluna|def|1
|-unboost|p1a: Ursaluna|spd|1
|faint|p2a: Tokugawa
|cant|p1b: Porygon2|flinch
|
|-heal|p1a: Ursaluna|31/100 brn|[from] Grassy Terrain
|-heal|p1b: Porygon2|84/100|[from] Grassy Terrain
|-damage|p1a: Ursaluna|25/100 brn|[from] brn
|upkeep
|turn|7
|
|t:|1756673853
|move|p2b: Harambe|Grassy Glide|p1a: Ursaluna
|-supereffective|p1a: Ursaluna
|-damage|p1a: Ursaluna|0 fnt
|faint|p1a: Ursaluna
|move|p1b: Porygon2|Ice Beam|p2b: Harambe
|-supereffective|p2b: Harambe
|-damage|p2b: Harambe|32/100
|-status|p2b: Harambe|frz
|
|-heal|p2b: Harambe|39/100 frz|[from] Grassy Terrain
|-heal|p1b: Porygon2|91/100|[from] Grassy Terrain
|-end|p1b: Porygon2|move: Taunt
|upkeep
|
|t:|1756673863
|switch|p1a: Hydreigon|Hydreigon, L50, F|74/100
|turn|8
|
|t:|1756673867
|move|p1a: Hydreigon|Draco Meteor|p2b: Harambe
|-damage|p2b: Harambe|0 fnt
|-unboost|p1a: Hydreigon|spa|2
|faint|p2b: Harambe
|
|win|SbonghiSupreme
||SbonghiSupreme is ready for game 3.
||tedidn is ready for game 3.
|uhtml|next|Next: Game 3 of 3
|l|☆SbonghiSupreme
|player|p1|
