|j|☆mokuzz
|j|☆pependerland
|html|mokuzzpependerland    
|uhtml|bestof|Game 3 of a best-of-3
|t:|1784094914
|gametype|doubles
|player|p1|mokuzz|skierf|1040
|player|p2|pependerland|2|1114
|gen|9
|tier|[Gen 9 Champions] VGC 2026 Reg M-B (Bo3)
|rated|
|rule|Species Clause: Limit one of each Pokémon
|rule|Item Clause: Limit 1 of each item
|clearpoke
|poke|p1|Delphox, L50, F|
|poke|p1|Sylveon, L50, F|
|poke|p1|Incineroar, L50, F|
|poke|p1|Scovillain, L50, F|
|poke|p1|Sinistcha, L50|
|poke|p1|Garchomp, L50, M|
|poke|p2|Charizard, L50, M|
|poke|p2|Corviknight, L50, M|
|poke|p2|Sinistcha, L50|
|poke|p2|Sneasler, L50, M|
|poke|p2|Incineroar, L50, M|
|poke|p2|Floette-Eternal, L50, F|
|teampreview|4
|showteam|p1|Delphox||Delphoxite|Blaze|HeatWave,Psyshock,NastyPlot,Protect|Timid||F|||50|]Sylveon||Leftovers|Pixilate|HyperVoice,Moonblast,CalmMind,Protect|Bold||F|||50|]Incineroar||SitrusBerry|Intimidate|ThroatChop,FlareBlitz,PartingShot,FakeOut|Adamant||F|||50|]Scovillain||Scovillainite|Moody|GigaDrain,Flamethrower,RagePowder,Protect|Calm||F|||50|]Sinistcha||ColburBerry|Hospitality|MatchaGotcha,RagePowder,LifeDew,TrickRoom|Sassy|||||50|]Garchomp||LifeOrb|SandVeil|RockSlide,DragonClaw,StompingTantrum,Protect|Jolly||M|||50|
|showteam|p2|Charizard||CharizarditeX|Blaze|FlareBlitz,DragonClaw,DragonDance,Protect|Adamant||M|||50|]Corviknight||Leftovers|MirrorArmor|Tailwind,BraveBird,Roost,IronHead|Adamant||M|||50|]Sinistcha||KasibBerry|Hospitality|TrickRoom,RagePowder,MatchaGotcha,Protect|Calm|||||50|]Sneasler||FocusSash|Unburden|FakeOut,CloseCombat,DireClaw,Coaching|Jolly||M|||50|]Incineroar||SitrusBerry|Intimidate|FakeOut,FlareBlitz,ThroatChop,PartingShot|Adamant||M|||50|]Floette-Eternal||Floettite|Symbiosis|DazzlingGleam,Moonblast,Protect,CalmMind|Modest||F|||50|
|inactive|Battle timer is ON: inactive players will automatically lose when time's up. (requested by mokuzz)
|
|t:|1784094933
|teamsize|p1|4
|teamsize|p2|4
|start
|switch|p1a: Sylveon|Sylveon, L50, F|100/100
|switch|p1b: Delphox|Delphox, L50, F|100/100
|switch|p2a: Incineroar|Incineroar, L50, M|100/100
|switch|p2b: Charizard|Charizard, L50, M|100/100
|-ability|p2a: Incineroar|Intimidate|boost
|-unboost|p1a: Sylveon|atk|1
|-unboost|p1b: Delphox|atk|1
|turn|1
|inactive|mokuzz has 30 seconds left.
|inactive|pependerland has 30 seconds left.
|
|t:|1784094961
|switch|p1a: Incineroar|Incineroar, L50, F|100/100
|-ability|p1a: Incineroar|Intimidate|boost
|-unboost|p2a: Incineroar|atk|1
|-unboost|p2b: Charizard|atk|1
|detailschange|p1b: Delphox|Delphox-Mega, L50, F
|-mega|p1b: Delphox|Delphox|Delphoxite
|move|p1b: Delphox|Nasty Plot|p1b: Delphox
|-boost|p1b: Delphox|spa|2
|move|p2b: Charizard|Dragon Dance|p2b: Charizard
|-boost|p2b: Charizard|atk|1
|-boost|p2b: Charizard|spe|1
|move|p2a: Incineroar|Throat Chop|p1b: Delphox
|-supereffective|p1b: Delphox|1
|-damage|p1b: Delphox|46/100
|-start|p1b: Delphox|Throat Chop|[silent]
|
|upkeep
|turn|2
|
|t:|1784094983
|switch|p1a: Sinistcha|Sinistcha, L50|100/100
|-heal|p1b: Delphox|70/100|[from] ability: Hospitality|[of] p1a: Sinistcha
|move|p1b: Delphox|Protect|p1b: Delphox
|-singleturn|p1b: Delphox|Protect
|move|p2b: Charizard|Dragon Dance|p2b: Charizard
|-boost|p2b: Charizard|atk|1
|-boost|p2b: Charizard|spe|1
|move|p2a: Incineroar|Throat Chop|p1b: Delphox
|-activate|p1b: Delphox|move: Protect
|
|-end|p1b: Delphox|Throat Chop|[silent]
|upkeep
|turn|3
|inactive|mokuzz has 30 seconds left.
|inactive|pependerland has 30 seconds left.
|
|t:|1784095018
|detailschange|p2b: Charizard|Charizard-Mega-X, L50, M
|-mega|p2b: Charizard|Charizard|Charizardite X
|move|p2b: Charizard|Flare Blitz|p1a: Sinistcha
|-supereffective|p1a: Sinistcha|1
|-damage|p1a: Sinistcha|0 fnt
|faint|p1a: Sinistcha
|-damage|p2b: Charizard|65/100|[from] Recoil
|move|p1b: Delphox|Psyshock|p2b: Charizard
|-damage|p2b: Charizard|0 fnt
|faint|p2b: Charizard
|move|p2a: Incineroar|Throat Chop|p1b: Delphox
|-supereffective|p1b: Delphox|1
|-damage|p1b: Delphox|13/100
|-start|p1b: Delphox|Throat Chop|[silent]
|
|upkeep
|
|t:|1784095039
|switch|p2b: Sneasler|Sneasler, L50, M|100/100
|switch|p1a: Incineroar|Incineroar, L50, F|100/100
|-ability|p1a: Incineroar|Intimidate|boost
|-unboost|p2a: Incineroar|atk|1
|-unboost|p2b: Sneasler|atk|1
|turn|4
|
|t:|1784095051
|move|p1b: Delphox|Protect|p1b: Delphox
|-singleturn|p1b: Delphox|Protect
|move|p2b: Sneasler|Fake Out|p1a: Incineroar
|-damage|p1a: Incineroar|91/100
|cant|p1a: Incineroar|flinch
|move|p2a: Incineroar|Throat Chop|p1b: Delphox
|-activate|p1b: Delphox|move: Protect
|
|-end|p1b: Delphox|Throat Chop|[silent]
|upkeep
|turn|5
|
|t:|1784095072
|switch|p2b: Sinistcha|Sinistcha, L50|100/100
|move|p1b: Delphox|Heat Wave|p2a: Incineroar|[spread] p2a,p2b
|-resisted|p2a: Incineroar|1
|-supereffective|p2b: Sinistcha|1
|-damage|p2a: Incineroar|68/100
|-damage|p2b: Sinistcha|0 fnt
|faint|p2b: Sinistcha
|move|p2a: Incineroar|Throat Chop|p1b: Delphox
|-supereffective|p1b: Delphox|1
|-damage|p1b: Delphox|0 fnt
|faint|p1b: Delphox
|move|p1a: Incineroar|Flare Blitz|p2a: Incineroar
|-resisted|p2a: Incineroar|1
|-damage|p2a: Incineroar|45/100
|-enditem|p2a: Incineroar|Sitrus Berry|[eat]
|-heal|p2a: Incineroar|69/100|[from] item: Sitrus Berry
|-damage|p1a: Incineroar|83/100|[from] Recoil
|
|upkeep
|
|t:|1784095087
|switch|p1b: Sylveon|Sylveon, L50, F|100/100
|switch|p2b: Sneasler|Sneasler, L50, M|100/100
|turn|6
|inactive|mokuzz has 30 seconds left.
|
|t:|1784095112
|move|p1b: Sylveon|Protect|p1b: Sylveon
|-singleturn|p1b: Sylveon|Protect
|move|p2b: Sneasler|Dire Claw|p1b: Sylveon
|-activate|p1b: Sylveon|move: Protect
|move|p1a: Incineroar|Flare Blitz|p2b: Sneasler
|-damage|p2b: Sneasler|17/100
|-damage|p1a: Incineroar|61/100|[from] Recoil
|move|p2a: Incineroar|Throat Chop|p1a: Incineroar
|-resisted|p1a: Incineroar|1
|-damage|p1a: Incineroar|54/100
|-start|p1a: Incineroar|Throat Chop|[silent]
|
|upkeep
|turn|7
|inactive|pependerland has 30 seconds left.
|
|t:|1784095137
|move|p2b: Sneasler|Dire Claw|p1b: Sylveon
|-supereffective|p1b: Sylveon|1
|-damage|p1b: Sylveon|25/100
|move|p1b: Sylveon|Hyper Voice|p2b: Sneasler|[spread] p2a,p2b
|-damage|p2a: Incineroar|46/100
|-damage|p2b: Sneasler|0 fnt
|faint|p2b: Sneasler
|move|p1a: Incineroar|Throat Chop|p2a: Incineroar
|-resisted|p2a: Incineroar|1
|-damage|p2a: Incineroar|30/100
|-start|p2a: Incineroar|Throat Chop|[silent]
|move|p2a: Incineroar|Throat Chop|p1b: Sylveon
|-resisted|p1b: Sylveon|1
|-damage|p1b: Sylveon|17/100
|-start|p1b: Sylveon|Throat Chop|[silent]
|
|-heal|p1b: Sylveon|23/100|[from] item: Leftovers
|-end|p1a: Incineroar|Throat Chop|[silent]
|upkeep
|turn|8
|
|t:|1784095153
|move|p1b: Sylveon|Moonblast|p2a: Incineroar
|-damage|p2a: Incineroar|1/100
|move|p1a: Incineroar|Throat Chop|p2a: Incineroar
|-resisted|p2a: Incineroar|1
|-damage|p2a: Incineroar|0 fnt
|faint|p2a: Incineroar
|
|win|mokuzz
|raw|mokuzz's rating: 1040 → 1081(+41 for winning)
|raw|pependerland's rating: 1114 → 1084(-30 for losing)
|l|☆pependerland
|player|p2|
|c|☆mokuzz|thank you for the games
