|j|☆engoleseco
|j|☆Tovurnak
|html|engolesecoTovurnak    
|uhtml|bestof|Game 3 of a best-of-3
|t:|1756425383
|gametype|doubles
|player|p1|engoleseco|2|1028
|player|p2|Tovurnak|265|1052
|gen|9
|tier|[Gen 9] VGC 2025 Reg H (Bo3)
|rated|
|rule|Species Clause: Limit one of each Pokémon
|rule|Item Clause: Limit 1 of each item
|clearpoke
|poke|p1|Armarouge, L50, M|
|poke|p1|Gengar, L50, F|
|poke|p1|Ursaluna, L50, F|
|poke|p1|Indeedee-F, L50, F|
|poke|p1|Torkoal, L50, M|
|poke|p1|Gallade, L50, M|
|poke|p2|Sneasler, L50, M|
|poke|p2|Dragapult, L50, F|
|poke|p2|Primarina, L50, F|
|poke|p2|Rillaboom, L50, F|
|poke|p2|Kingambit, L50, M|
|poke|p2|Magmar, L50, F|
|teampreview|4
|showteam|p1|Armarouge||PsychicSeed|FlashFire|EnergyBall,TrickRoom,ExpandingForce,HeatWave|||M|||50|,,,,,Grass]Gengar||FocusSash|CursedBody|Taunt,ShadowBall,DarkPulse,SludgeBomb|||F|||50|,,,,,Dark]Ursaluna||FlameOrb|Guts|Facade,Protect,HeadlongRush,Earthquake|||F|||50|,,,,,Ghost]Indeedee-F||RockyHelmet|PsychicSurge|FollowMe,TrickRoom,Psychic,HelpingHand|||F|||50|,,,,,Grass]Torkoal||Charcoal|Drought|Eruption,WeatherBall,EarthPower,HeatWave|||M|||50|,,,,,Fire]Gallade||ClearAmulet|Steadfast|SacredSword,WideGuard,PsychoCut,TrickRoom|||M|||50|,,,,,Grass
|showteam|p2|Sneasler||FocusSash|PoisonTouch|CloseCombat,DireClaw,FakeOut,Protect|||M|||50|,,,,,Stellar]Dragapult||ChoiceBand|ClearBody|DragonDarts,TeraBlast,PhantomForce,Uturn|||F|||50|,,,,,Ghost]Primarina||SitrusBerry|LiquidVoice|HyperVoice,Moonblast,Haze,Protect|||F|||50|,,,,,Water]Rillaboom||AssaultVest|GrassySurge|WoodHammer,GrassyGlide,HighHorsepower,FakeOut|||F|||50|,,,,,Fire]Kingambit||BlackGlasses|Defiant|KowtowCleave,SuckerPunch,SwordsDance,Protect|||M|||50|,,,,,Ghost]Magmar||Eviolite|VitalSpirit|Overheat,WillOWisp,FollowMe,Protect|||F|||50|,,,,,Ghost
|inactive|Battle timer is ON: inactive players will automatically lose when time's up. (requested by engoleseco)
|inactive|engoleseco has 60 seconds left.
|inactive|Tovurnak has 60 seconds left.
|inactive|engoleseco has 30 seconds left.
|
|t:|1756425444
|teamsize|p1|4
|teamsize|p2|4
|start
|switch|p1a: Indeedee|Indeedee-F, L50, F|100/100
|switch|p1b: Armarouge|Armarouge, L50, M|100/100
|switch|p2a: Dragapult|Dragapult, L50, F|100/100
|switch|p2b: Kingambit|Kingambit, L50, M|100/100
|-fieldstart|move: Psychic Terrain|[from] ability: Psychic Surge|[of] p1a: Indeedee
|-enditem|p1b: Armarouge|Psychic Seed
|-boost|p1b: Armarouge|spd|1|[from] item: Psychic Seed
|turn|1
|inactive|engoleseco has 30 seconds left.
|inactive|Tovurnak has 30 seconds left.
|inactive|Tovurnak has 20 seconds left.
|inactive|Tovurnak has 15 seconds left.
|inactive|Tovurnak has 10 seconds left.
|
|t:|1756425491
|switch|p1a: Ursaluna|Ursaluna, L50, F|100/100
|-terastallize|p1b: Armarouge|Grass
|move|p2a: Dragapult|Dragon Darts|p1a: Ursaluna
|-damage|p1a: Ursaluna|75/100
|-anim|p2a: Dragapult|Dragon Darts|p1b: Armarouge
|-damage|p1b: Armarouge|64/100
|move|p2b: Kingambit|Swords Dance|p2b: Kingambit
|-boost|p2b: Kingambit|atk|2
|move|p1b: Armarouge|Trick Room|p1b: Armarouge
|-fieldstart|move: Trick Room|[of] p1b: Armarouge
|
|-status|p1a: Ursaluna|brn|[from] item: Flame Orb
|upkeep
|turn|2
|inactive|engoleseco has 30 seconds left.
|inactive|Tovurnak has 30 seconds left.
|inactive|Tovurnak has 20 seconds left.
|inactive|Tovurnak has 15 seconds left.
|inactive|Tovurnak has 10 seconds left.
|
|t:|1756425539
|switch|p2a: Rillaboom|Rillaboom, L50, F|100/100
|-fieldstart|move: Grassy Terrain|[from] ability: Grassy Surge|[of] p2a: Rillaboom
|move|p2b: Kingambit|Protect|p2b: Kingambit
|-singleturn|p2b: Kingambit|Protect
|move|p1a: Ursaluna|Headlong Rush|p2b: Kingambit
|-activate|p2b: Kingambit|move: Protect
|move|p1b: Armarouge|Expanding Force|p2a: Rillaboom
|-damage|p2a: Rillaboom|68/100
|
|-heal|p1a: Ursaluna|81/100 brn|[from] Grassy Terrain
|-heal|p1b: Armarouge|70/100|[from] Grassy Terrain
|-heal|p2a: Rillaboom|74/100|[from] Grassy Terrain
|-damage|p1a: Ursaluna|75/100 brn|[from] brn
|upkeep
|turn|3
|inactive|Tovurnak has 30 seconds left.
|
|t:|1756425566
|switch|p1b: Indeedee|Indeedee-F, L50, F|100/100
|-fieldstart|move: Psychic Terrain|[from] ability: Psychic Surge|[of] p1b: Indeedee
|move|p2a: Rillaboom|Fake Out|p1a: Ursaluna
|-activate|p1a: Ursaluna|move: Psychic Terrain
|move|p1a: Ursaluna|Facade|p2a: Rillaboom
|-damage|p2a: Rillaboom|0 fnt
|faint|p2a: Rillaboom
|move|p2b: Kingambit|Kowtow Cleave|p1b: Indeedee
|-supereffective|p1b: Indeedee
|-damage|p1b: Indeedee|0 fnt
|-damage|p2b: Kingambit|84/100|[from] item: Rocky Helmet|[of] p1b: Indeedee
|faint|p1b: Indeedee
|
|-damage|p1a: Ursaluna|69/100 brn|[from] brn
|upkeep
|
|t:|1756425584
|switch|p1b: Torkoal|Torkoal, L50, M|100/100
|switch|p2a: Magmar|Magmar, L50, F|100/100
|-weather|SunnyDay|[from] ability: Drought|[of] p1b: Torkoal
|turn|4
|inactive|Tovurnak has 30 seconds left.
|
|t:|1756425615
|move|p2b: Kingambit|Protect|p2b: Kingambit
|-singleturn|p2b: Kingambit|Protect
|move|p2a: Magmar|Protect|p2a: Magmar
|-singleturn|p2a: Magmar|Protect
|move|p1b: Torkoal|Eruption|p2a: Magmar|[spread] 
|-activate|p2a: Magmar|move: Protect
|-activate|p2b: Kingambit|move: Protect
|move|p1a: Ursaluna|Headlong Rush|p2a: Magmar
|-activate|p2a: Magmar|move: Protect
|
|-weather|SunnyDay|[upkeep]
|-damage|p1a: Ursaluna|63/100 brn|[from] brn
|upkeep
|turn|5
|inactive|Tovurnak has 30 seconds left.
|inactive|Tovurnak has 20 seconds left.
|
|t:|1756425653
|move|p2a: Magmar|Follow Me|p2a: Magmar
|-singleturn|p2a: Magmar|move: Follow Me
|move|p2b: Kingambit|Sucker Punch|p1b: Torkoal
|-activate|p1b: Torkoal|move: Psychic Terrain
|move|p1b: Torkoal|Eruption|p2a: Magmar|[spread] p2a,p2b
|-resisted|p2a: Magmar
|-supereffective|p2b: Kingambit
|-damage|p2a: Magmar|67/100
|-damage|p2b: Kingambit|0 fnt
|faint|p2b: Kingambit
|move|p1a: Ursaluna|Headlong Rush|p2a: Magmar
|-supereffective|p2a: Magmar
|-damage|p2a: Magmar|0 fnt
|-unboost|p1a: Ursaluna|def|1
|-unboost|p1a: Ursaluna|spd|1
|faint|p2a: Magmar
|
|-weather|SunnyDay|[upkeep]
|-damage|p1a: Ursaluna|57/100 brn|[from] brn
|-fieldend|move: Trick Room
|upkeep
|
|t:|1756425660
|switch|p2b: Dragapult|Dragapult, L50, F|100/100
|turn|6
|c|☆engoleseco|gg
|
|t:|1756425677
|move|p2b: Dragapult|Dragon Darts|p1a: Ursaluna
|-damage|p1a: Ursaluna|20/100 brn
|-anim|p2b: Dragapult|Dragon Darts|p1b: Torkoal
|-damage|p1b: Torkoal|69/100
|move|p1a: Ursaluna|Headlong Rush|p2b: Dragapult
|-damage|p2b: Dragapult|0 fnt
|-unboost|p1a: Ursaluna|def|1
|-unboost|p1a: Ursaluna|spd|1
|faint|p2b: Dragapult
|
|win|engoleseco
|raw|engoleseco's rating: 1028 → 1066(+38 for winning)
|raw|Tovurnak's rating: 1052 → 1033(-19 for losing)
|l|☆Tovurnak
|player|p2|
