|j|☆kyo_is_de4d
|j|☆martharia
|html|kyo_is_de4dmartharia    
|uhtml|bestof|Game 2 of a best-of-3
|t:|1782257632
|gametype|doubles
|player|p1|kyo_is_de4d|1|1000
|player|p2|martharia|102|1000
|gen|9
|tier|[Gen 9 Champions] VGC 2026 Reg M-B (Bo3)
|rated|
|rule|Species Clause: Limit one of each Pokémon
|rule|Item Clause: Limit 1 of each item
|clearpoke
|poke|p1|Floette-Eternal, L50, F|
|poke|p1|Charizard, L50, M, shiny|
|poke|p1|Kingambit, L50, M, shiny|
|poke|p1|Whimsicott, L50, F, shiny|
|poke|p1|Basculegion, L50, M, shiny|
|poke|p1|Garchomp, L50, F, shiny|
|poke|p2|Delphox, L50, F, shiny|
|poke|p2|Meowscarada, L50, F|
|poke|p2|Quaquaval, L50, F|
|poke|p2|Zoroark-Hisui, L50, F, shiny|
|poke|p2|Talonflame, L50, F|
|poke|p2|Mawile, L50, F, shiny|
|teampreview|4
|showteam|p1|Floette-Eternal||Floettite|FlowerVeil|LightofRuin,Moonblast,DazzlingGleam,Protect|Timid||F|||50|]Charizard||CharizarditeY|Blaze|SolarBeam,HeatWave,WeatherBall,Protect|Modest||M|||50|]Kingambit||BlackGlasses|Defiant|IronHead,Protect,KowtowCleave,SuckerPunch|Adamant||M|||50|]Whimsicott||FocusSash|Prankster|Moonblast,Tailwind,Encore,Protect|Timid||F|||50|]Basculegion||MysticWater|Adaptability|WaveCrash,Protect,LastRespects,AquaJet|Adamant||M|||50|]Garchomp||LifeOrb|RoughSkin|Earthquake,RockSlide,Protect,DragonClaw|Jolly||F|||50|
|showteam|p2|Delphox||Delphoxite|Blaze|HeatWave,Psyshock,CalmMind,Protect|Modest||F|||50|]Meowscarada||ExpertBelt|Protean|FlowerTrick,ThroatChop,TripleAxel,Protect|Adamant||F|||50|]Quaquaval||LifeOrb|Moxie|AquaStep,CloseCombat,SwordsDance,Protect|Jolly||F|||50|]Zoroark-Hisui||FocusSash|Illusion|BitterMalice,IcyWind,Taunt,Protect|Timid||F|||50|]Talonflame||SharpBeak|GaleWings|BraveBird,Tailwind,WillOWisp,QuickGuard|Jolly||F|||50|]Mawile||Mawilite|HyperCutter|IronHead,PlayRough,SuckerPunch,Protect|Adamant||F|||50|
|
|t:|1782257664
|teamsize|p1|4
|teamsize|p2|4
|start
|switch|p1a: Garchomp|Garchomp, L50, F, shiny|100/100
|switch|p1b: Whimsicott|Whimsicott, L50, F, shiny|100/100
|switch|p2a: Delphox|Delphox, L50, F, shiny|100/100
|switch|p2b: Talonflame|Talonflame, L50, F|100/100
|turn|1
|
|t:|1782257697
|switch|p2b: Quaquaval|Quaquaval, L50, F|100/100
|move|p2a: Delphox|Protect|p2a: Delphox
|-singleturn|p2a: Delphox|Protect
|move|p1b: Whimsicott|Tailwind|p1b: Whimsicott
|-sidestart|p1: kyo_is_de4d|move: Tailwind
|move|p1a: Garchomp|Rock Slide|p2a: Delphox|[spread] p2b
|-activate|p2a: Delphox|move: Protect
|-resisted|p2b: Quaquaval|1
|-damage|p2b: Quaquaval|83/100
|-damage|p1a: Garchomp|90/100|[from] item: Life Orb
|
|upkeep
|turn|2
|
|t:|1782257734
|detailschange|p2a: Delphox|Delphox-Mega, L50, F, shiny
|-mega|p2a: Delphox|Delphox|Delphoxite
|move|p1a: Garchomp|Protect|p1a: Garchomp
|-singleturn|p1a: Garchomp|Protect
|move|p2b: Quaquaval|Protect|p2b: Quaquaval
|-singleturn|p2b: Quaquaval|Protect
|move|p1b: Whimsicott|Encore|p2a: Delphox
|-start|p2a: Delphox|Encore
|move|p2a: Delphox|Protect||[still]
|-fail|p2a: Delphox
|
|upkeep
|turn|3
|
|t:|1782257758
|switch|p2a: Meowscarada|Meowscarada, L50, F|100/100
|switch|p2b: Talonflame|Talonflame, L50, F|100/100
|move|p1b: Whimsicott|Encore||[still]
|-fail|p1b: Whimsicott
|move|p1a: Garchomp|Rock Slide|p2b: Talonflame|[spread] p2a,p2b
|-supereffective|p2b: Talonflame|2
|-damage|p2a: Meowscarada|60/100
|-damage|p2b: Talonflame|0 fnt
|faint|p2b: Talonflame
|-damage|p1a: Garchomp|80/100|[from] item: Life Orb
|
|upkeep
|
|t:|1782257768
|switch|p2b: Quaquaval|Quaquaval, L50, F|83/100
|turn|4
|
|t:|1782257793
|move|p1a: Garchomp|Protect|p1a: Garchomp
|-singleturn|p1a: Garchomp|Protect
|move|p1b: Whimsicott|Moonblast|p2a: Meowscarada
|-supereffective|p2a: Meowscarada|1
|-damage|p2a: Meowscarada|0 fnt
|faint|p2a: Meowscarada
|move|p2b: Quaquaval|Aqua Step|p1b: Whimsicott
|-resisted|p1b: Whimsicott|1
|-damage|p1b: Whimsicott|65/100
|-boost|p2b: Quaquaval|spe|1
|-damage|p2b: Quaquaval|73/100|[from] item: Life Orb
|
|-sideend|p1: kyo_is_de4d|move: Tailwind
|upkeep
|
|t:|1782257797
|switch|p2a: Delphox|Delphox-Mega, L50, F, shiny|100/100
|turn|5
|
|t:|1782257809
|move|p1b: Whimsicott|Tailwind|p1b: Whimsicott
|-sidestart|p1: kyo_is_de4d|move: Tailwind
|move|p1a: Garchomp|Rock Slide|p2a: Delphox|[spread] p2a,p2b
|-supereffective|p2a: Delphox|1
|-resisted|p2b: Quaquaval|1
|-damage|p2a: Delphox|20/100r
|-damage|p2b: Quaquaval|55/100
|-damage|p1a: Garchomp|70/100|[from] item: Life Orb
|cant|p2b: Quaquaval|flinch
|move|p2a: Delphox|Heat Wave|p1a: Garchomp|[spread] p1a,p1b
|-resisted|p1a: Garchomp|1
|-supereffective|p1b: Whimsicott|1
|-damage|p1a: Garchomp|44/100
|-damage|p1b: Whimsicott|0 fnt
|faint|p1b: Whimsicott
|
|upkeep
|
|t:|1782257821
|switch|p1b: Basculegion|Basculegion, L50, M, shiny|100/100
|turn|6
|-message|martharia forfeited.
|
|win|kyo_is_de4d
