|j|☆Djuseppe
|j|☆playrornds
|html|Djuseppeplayrornds    
|uhtml|bestof|Game 1 of a best-of-3
|t:|1757198548
|gametype|doubles
|player|p1|Djuseppe|zinzolin|1147
|player|p2|playrornds|giovanni-gen1rb|1080
|gen|9
|tier|[Gen 9] VGC 2025 Reg H (Bo3)
|rated|
|rule|Species Clause: Limit one of each Pokémon
|rule|Item Clause: Limit 1 of each item
|clearpoke
|poke|p1|Gholdengo, L50|
|poke|p1|Ninetales-Alola, L50, F|
|poke|p1|Incineroar, L50, F|
|poke|p1|Rillaboom, L50, M|
|poke|p1|Ursaluna-Bloodmoon, L50, M|
|poke|p1|Whimsicott, L50, F|
|poke|p2|Ursaluna, L50, M|
|poke|p2|Porygon2, L50|
|poke|p2|Gholdengo, L50|
|poke|p2|Kilowattrel, L50, F|
|poke|p2|Amoonguss, L50, F|
|poke|p2|Incineroar, L50, F|
|teampreview|4
|showteam|p1|Gholdengo||GrassySeed|GoodasGold|MakeItRain,ShadowBall,NastyPlot,Protect||||||50|,,,,,Water]Ninetales-Alola||LightClay|SnowWarning|AuroraVeil,FreezeDry,IcyWind,Disable|||F|||50|,,,,,Fire]Incineroar||AssaultVest|Intimidate|FakeOut,Uturn,KnockOff,Snarl|||F|||50|,,,,,Bug]Rillaboom||MiracleSeed|GrassySurge|WoodHammer,GrassyGlide,Uturn,FakeOut|||M|||50|,,,,,Fire]Ursaluna-Bloodmoon||LifeOrb|MindsEye|BloodMoon,HyperVoice,EarthPower,Protect|||M|||50|,,,,,Normal]Whimsicott||CovertCloak|Prankster|Moonblast,Tailwind,FakeTears,Encore|||F|||50|,,,,,Water
|showteam|p2|Ursaluna||FlameOrb|Guts|Facade,HeadlongRush,Earthquake,Protect|||M|||50|,,,,,Ghost]Porygon2||Eviolite|Download|TeraBlast,IceBeam,Recover,TrickRoom||||||50|,,,,,Fighting]Gholdengo||MetalCoat|GoodasGold|MakeItRain,ShadowBall,NastyPlot,Protect||||||50|,,,,,Flying]Kilowattrel||FocusSash|Competitive|Thunderbolt,AirSlash,Tailwind,Protect|||F|||50|,,,,,Ghost]Amoonguss||SitrusBerry|Regenerator|PollenPuff,Spore,RagePowder,Protect|||F|||50|,,,,,Water]Incineroar||SafetyGoggles|Intimidate|FakeOut,FlareBlitz,KnockOff,PartingShot|||F|||50|,,,,,Ghost
|inactive|Battle timer is ON: inactive players will automatically lose when time's up. (requested by playrornds)
|inactive|Djuseppe has 60 seconds left.
|inactive|playrornds has 60 seconds left.
|inactive|Djuseppe has 30 seconds left.
|inactive|Djuseppe has 20 seconds left.
|
|t:|1757198619
|teamsize|p1|4
|teamsize|p2|4
|start
|switch|p1a: Ninetales|Ninetales-Alola, L50, F|100/100
|switch|p1b: Gholdengo|Gholdengo, L50|100/100
|switch|p2a: Incineroar|Incineroar, L50, F|100/100
|switch|p2b: Kilowattrel|Kilowattrel, L50, F|100/100
|-weather|Snowscape|[from] ability: Snow Warning|[of] p1a: Ninetales
|-ability|p2a: Incineroar|Intimidate|boost
|-unboost|p1a: Ninetales|atk|1
|-unboost|p1b: Gholdengo|atk|1
|turn|1
|inactive|Djuseppe has 30 seconds left.
|inactive|playrornds has 30 seconds left.
|inactive|Djuseppe has 20 seconds left.
|inactive|playrornds has 20 seconds left.
|inactive|Djuseppe has 15 seconds left.
|inactive|playrornds has 15 seconds left.
|inactive|playrornds has 10 seconds left.
|inactive|playrornds has 5 seconds left.
|
|t:|1757198672
|move|p1b: Gholdengo|Protect|p1b: Gholdengo
|-singleturn|p1b: Gholdengo|Protect
|move|p2a: Incineroar|Fake Out|p1a: Ninetales
|-damage|p1a: Ninetales|91/100
|move|p2b: Kilowattrel|Tailwind|p2b: Kilowattrel
|-sidestart|p2: playrornds|move: Tailwind
|cant|p1a: Ninetales|flinch
|
|-weather|Snowscape|[upkeep]
|upkeep
|turn|2
|inactive|playrornds has 30 seconds left.
|inactive|playrornds has 20 seconds left.
|
|t:|1757198710
|switch|p2b: Gholdengo|Gholdengo, L50|100/100
|switch|p1b: Rillaboom|Rillaboom, L50, M|100/100
|-fieldstart|move: Grassy Terrain|[from] ability: Grassy Surge|[of] p1b: Rillaboom
|move|p2a: Incineroar|Knock Off|p1b: Rillaboom
|-damage|p1b: Rillaboom|55/100
|-enditem|p1b: Rillaboom|Miracle Seed|[from] move: Knock Off|[of] p2a: Incineroar
|move|p1a: Ninetales|Aurora Veil|p1a: Ninetales
|-sidestart|p1: Djuseppe|move: Aurora Veil
|
|-weather|Snowscape|[upkeep]
|-heal|p1a: Ninetales|97/100|[from] Grassy Terrain
|-heal|p1b: Rillaboom|61/100|[from] Grassy Terrain
|upkeep
|turn|3
|inactive|Djuseppe has 30 seconds left.
|inactive|playrornds has 30 seconds left.
|inactive|Djuseppe has 20 seconds left.
|inactive|playrornds has 20 seconds left.
|inactive|Djuseppe has 15 seconds left.
|inactive|playrornds has 15 seconds left.
|inactive|Djuseppe has 10 seconds left.
|inactive|playrornds has 10 seconds left.
|inactive|playrornds has 5 seconds left.
|
|t:|1757198763
|switch|p2a: Kilowattrel|Kilowattrel, L50, F|100/100
|switch|p1a: Incineroar|Incineroar, L50, F|100/100
|-ability|p1a: Incineroar|Intimidate|boost
|-unboost|p2a: Kilowattrel|atk|1
|-ability|p2a: Kilowattrel|Competitive|boost
|-boost|p2a: Kilowattrel|spa|2
|-unboost|p2b: Gholdengo|atk|1
|move|p2b: Gholdengo|Nasty Plot|p2b: Gholdengo
|-boost|p2b: Gholdengo|spa|2
|move|p1b: Rillaboom|U-turn|p2a: Kilowattrel
|-resisted|p2a: Kilowattrel
|-damage|p2a: Kilowattrel|75/100
|
|t:|1757198782
|switch|p1b: Gholdengo|Gholdengo, L50|100/100|[from] U-turn
|-enditem|p1b: Gholdengo|Grassy Seed
|-boost|p1b: Gholdengo|def|1|[from] item: Grassy Seed
|
|-weather|Snowscape|[upkeep]
|upkeep
|turn|4
|inactive|Djuseppe has 30 seconds left.
|inactive|playrornds has 30 seconds left.
|inactive|playrornds has 20 seconds left.
|inactive|Djuseppe has 20 seconds left.
|inactive|playrornds has 15 seconds left.
|inactive|Djuseppe has 15 seconds left.
|inactive|Djuseppe has 10 seconds left.
|
|t:|1757198832
|-terastallize|p2a: Kilowattrel|Ghost
|-terastallize|p1b: Gholdengo|Water
|move|p2b: Gholdengo|Protect|p2b: Gholdengo
|-singleturn|p2b: Gholdengo|Protect
|move|p1a: Incineroar|Fake Out|p2a: Kilowattrel
|-immune|p2a: Kilowattrel
|move|p2a: Kilowattrel|Thunderbolt|p1b: Gholdengo
|-supereffective|p1b: Gholdengo
|-damage|p1b: Gholdengo|0 fnt
|faint|p1b: Gholdengo
|
|-weather|Snowscape|[upkeep]
|-heal|p2a: Kilowattrel|81/100|[from] Grassy Terrain
|-sideend|p2: playrornds|move: Tailwind
|upkeep
|
|t:|1757198852
|switch|p1b: Rillaboom|Rillaboom, L50, M|61/100
|turn|5
|inactive|playrornds has 30 seconds left.
|inactive|playrornds has 20 seconds left.
|
|t:|1757198890
|move|p1b: Rillaboom|Grassy Glide|p2a: Kilowattrel
|-damage|p2a: Kilowattrel|4/100
|move|p2a: Kilowattrel|Tailwind|p2a: Kilowattrel
|-sidestart|p2: playrornds|move: Tailwind
|move|p2b: Gholdengo|Make It Rain|p1a: Incineroar|[spread] p1a,p1b
|-resisted|p1a: Incineroar
|-damage|p1a: Incineroar|79/100
|-damage|p1b: Rillaboom|0 fnt
|-unboost|p2b: Gholdengo|spa|1
|faint|p1b: Rillaboom
|move|p1a: Incineroar|Knock Off|p2b: Gholdengo
|-supereffective|p2b: Gholdengo
|-damage|p2b: Gholdengo|25/100
|-enditem|p2b: Gholdengo|Metal Coat|[from] move: Knock Off|[of] p1a: Incineroar
|
|-weather|none
|-heal|p2a: Kilowattrel|10/100|[from] Grassy Terrain
|-heal|p2b: Gholdengo|31/100|[from] Grassy Terrain
|-heal|p1a: Incineroar|85/100|[from] Grassy Terrain
|upkeep
|
|t:|1757198909
|switch|p1b: Ninetales|Ninetales-Alola, L50, F|97/100
|-weather|Snowscape|[from] ability: Snow Warning|[of] p1b: Ninetales
|turn|6
|
|t:|1757198918
|move|p2a: Kilowattrel|Thunderbolt|p1a: Incineroar
|-damage|p1a: Incineroar|57/100
|move|p2b: Gholdengo|Make It Rain|p1a: Incineroar|[spread] p1a,p1b
|-resisted|p1a: Incineroar
|-supereffective|p1b: Ninetales
|-damage|p1a: Incineroar|43/100
|-damage|p1b: Ninetales|0 fnt
|-unboost|p2b: Gholdengo|spa|1
|faint|p1b: Ninetales
|move|p1a: Incineroar|Snarl|p2b: Gholdengo|[spread] p2a,p2b
|-supereffective|p2a: Kilowattrel
|-supereffective|p2b: Gholdengo
|-damage|p2a: Kilowattrel|0 fnt
|-damage|p2b: Gholdengo|10/100
|-unboost|p2b: Gholdengo|spa|1
|faint|p2a: Kilowattrel
|
|-weather|Snowscape|[upkeep]
|-heal|p2b: Gholdengo|16/100|[from] Grassy Terrain
|-heal|p1a: Incineroar|49/100|[from] Grassy Terrain
|-fieldend|move: Grassy Terrain
|upkeep
|
|t:|1757198930
|switch|p2a: Ursaluna|Ursaluna, L50, M, shiny|100/100
|turn|7
|inactive|Djuseppe has 30 seconds left.
|
|t:|1757198955
|move|p2b: Gholdengo|Protect|p2b: Gholdengo
|-singleturn|p2b: Gholdengo|Protect
|move|p2a: Ursaluna|Headlong Rush|p1a: Incineroar
|-supereffective|p1a: Incineroar
|-damage|p1a: Incineroar|0 fnt
|-unboost|p2a: Ursaluna|def|1
|-unboost|p2a: Ursaluna|spd|1
|faint|p1a: Incineroar
|
|win|playrornds
||Djuseppe is ready for game 2.
||playrornds is ready for game 2.
|uhtml|next|Next: Game 2 of 3
|l|☆playrornds
|player|p2|
