|j|☆Parid08
|j|☆wolfeglick'sson
|html|Parid08wolfeglick'sson    
|uhtml|bestof|Game 1 of a best-of-3
|t:|1786017491
|gametype|doubles
|player|p1|Parid08|lucas|1137
|player|p2|wolfeglick'sson|2|1174
|gen|9
|tier|[Gen 9 Champions] VGC 2026 Reg M-B (Bo3)
|rated|
|rule|Species Clause: Limit one of each Pokémon
|rule|Item Clause: Limit 1 of each item
|clearpoke
|poke|p1|Charizard, L50, M|
|poke|p1|Floette-Eternal, L50, F|
|poke|p1|Whimsicott, L50, F|
|poke|p1|Kingambit, L50, F|
|poke|p1|Basculegion, L50, M|
|poke|p1|Garchomp, L50, F|
|poke|p2|Ceruledge, L50, M|
|poke|p2|Rotom-Wash, L50|
|poke|p2|Staraptor, L50, F|
|poke|p2|Whimsicott, L50, M|
|poke|p2|Dragalge, L50, F|
|poke|p2|Kingambit, L50, M|
|teampreview|4
|showteam|p1|Charizard||CharizarditeY|Blaze|HeatWave,WeatherBall,AncientPower,Protect|Modest||M|||50|]Floette-Eternal||Floettite|FlowerVeil|Moonblast,DazzlingGleam,LightofRuin,Protect|Timid||F|||50|]Whimsicott||FocusSash|Prankster|Moonblast,Tailwind,Encore,Protect|Timid||F|||50|]Kingambit||OccaBerry|Defiant|KowtowCleave,SuckerPunch,IronHead,Protect|Adamant||F|||50|]Basculegion||LifeOrb|Adaptability|WaveCrash,LastRespects,AquaJet,Protect|Adamant||M|||50|]Garchomp||RoseliBerry|RoughSkin|DragonClaw,Earthquake,RockSlide,PoisonJab|Jolly||F|||50|
|showteam|p2|Ceruledge||LifeOrb|FlashFire|BitterBlade,Poltergeist,ShadowSneak,Protect|Jolly||M|||50|]Rotom-Wash||Leftovers|Levitate|HydroPump,Thunderbolt,WillOWisp,Protect|Calm|||||50|]Staraptor||Staraptite|Intimidate|CloseCombat,BraveBird,Roost,Protect|Careful||F|||50|]Whimsicott||FocusSash|Prankster|Tailwind,Charm,Encore,Moonblast|Timid||M|||50|]Dragalge||Dragalgite|PoisonPoint|DragonPulse,SludgeBomb,Toxic,Protect|Calm||F|||50|]Kingambit||BlackGlasses|Defiant|IronHead,SuckerPunch,LowKick,Protect|Adamant||M|||50|
|inactive|Battle timer is ON: inactive players will automatically lose when time's up. (requested by wolfeglick'sson)
|inactive|Parid08 has 60 seconds left.
|inactive|wolfeglick'sson has 60 seconds left.
|inactive|Parid08 has 30 seconds left.
|inactive|Parid08 has 20 seconds left.
|inactive|Parid08 has 15 seconds left.
|inactive|Parid08 has 10 seconds left.
|
|t:|1786017573
|teamsize|p1|4
|teamsize|p2|4
|start
|switch|p1a: Whimsicott|Whimsicott, L50, F|100/100
|switch|p1b: Floette|Floette-Eternal, L50, F|100/100
|switch|p2a: Kingambit|Kingambit, L50, M|100/100
|switch|p2b: Rotom|Rotom-Wash, L50|100/100
|turn|1
|inactive|Parid08 has 30 seconds left.
|
|t:|1786017599
|detailschange|p1b: Floette|Floette-Mega, L50, F
|-mega|p1b: Floette|Floette|Floettite
|-ability|p1b: Floette|Fairy Aura
|move|p1a: Whimsicott|Moonblast|p2a: Kingambit
|-damage|p2a: Kingambit|58/100
|move|p1b: Floette|Light of Ruin|p2a: Kingambit
|-damage|p2a: Kingambit|0 fnt
|faint|p2a: Kingambit
|-damage|p1b: Floette|61/100|[from] Recoil
|move|p2b: Rotom|Thunderbolt|p1b: Floette
|-damage|p1b: Floette|35/100
|
|upkeep
|
|t:|1786017617
|switch|p2a: Dragalge|Dragalge, L50, F|100/100
|turn|2
|inactive|Parid08 has 30 seconds left.
|inactive|Parid08 has 20 seconds left.
|inactive|Parid08 has 15 seconds left.
|inactive|Parid08 has 10 seconds left.
|
|t:|1786017662
|switch|p1b: Garchomp|Garchomp, L50, F|100/100
|detailschange|p2a: Dragalge|Dragalge-Mega, L50, F
|-mega|p2a: Dragalge|Dragalge|Dragalgite
|move|p1a: Whimsicott|Tailwind|p1a: Whimsicott
|-sidestart|p1: Parid08|move: Tailwind
|move|p2b: Rotom|Thunderbolt|p1b: Garchomp
|-immune|p1b: Garchomp
|move|p2a: Dragalge|Sludge Bomb|p1a: Whimsicott
|-supereffective|p1a: Whimsicott|2
|-crit|p1a: Whimsicott
|-enditem|p1a: Whimsicott|Focus Sash
|-damage|p1a: Whimsicott|1/100
|
|upkeep
|turn|3
|
|t:|1786017680
|move|p2a: Dragalge|Protect|p2a: Dragalge
|-singleturn|p2a: Dragalge|Protect
|move|p1a: Whimsicott|Moonblast|p2a: Dragalge
|-activate|p2a: Dragalge|move: Protect
|move|p1b: Garchomp|Earthquake|p2a: Dragalge|[spread] p1a
|-activate|p2a: Dragalge|move: Protect
|-immune|p2b: Rotom|[from] ability: Levitate
|-resisted|p1a: Whimsicott|1
|-damage|p1a: Whimsicott|0 fnt
|faint|p1a: Whimsicott
|move|p2b: Rotom|Will-O-Wisp|p1b: Garchomp
|-status|p1b: Garchomp|brn
|
|-damage|p1b: Garchomp|94/100 brn|[from] brn
|upkeep
|
|t:|1786017694
|switch|p1a: Kingambit|Kingambit, L50, F|100/100
|turn|4
|
|t:|1786017706
|move|p1a: Kingambit|Sucker Punch|p2a: Dragalge
|-damage|p2a: Dragalge|60/100
|move|p1b: Garchomp|Dragon Claw|p2a: Dragalge
|-supereffective|p2a: Dragalge|1
|-damage|p2a: Dragalge|18/100
|move|p2b: Rotom|Will-O-Wisp|p1a: Kingambit
|-status|p1a: Kingambit|brn
|move|p2a: Dragalge|Dragon Pulse|p1b: Garchomp
|-supereffective|p1b: Garchomp|1
|-damage|p1b: Garchomp|3/100 brn
|
|-damage|p1b: Garchomp|0 fnt|[from] brn
|faint|p1b: Garchomp
|-damage|p1a: Kingambit|94/100 brn|[from] brn
|upkeep
|
|t:|1786017720
|switch|p1b: Floette|Floette-Mega, L50, F|35/100
|-ability|p1b: Floette|Fairy Aura
|turn|5
|
|t:|1786017728
|-heal|p2a: Dragalge|51/100|[from] ability: Regenerator|[silent]
|switch|p2a: Ceruledge|Ceruledge, L50, M|100/100
|move|p1b: Floette|Dazzling Gleam|p2b: Rotom|[spread] p2a,p2b
|-resisted|p2a: Ceruledge|1
|-damage|p2a: Ceruledge|71/100
|-damage|p2b: Rotom|63/100
|move|p1a: Kingambit|Kowtow Cleave|p2b: Rotom
|-damage|p2b: Rotom|37/100
|move|p2b: Rotom|Thunderbolt|p1b: Floette
|-damage|p1b: Floette|8/100
|
|-heal|p2b: Rotom|43/100|[from] item: Leftovers
|-damage|p1a: Kingambit|88/100 brn|[from] brn
|-sideend|p1: Parid08|move: Tailwind
|upkeep
|turn|6
|
|t:|1786017749
|move|p1b: Floette|Protect|p1b: Floette
|-singleturn|p1b: Floette|Protect
|move|p2a: Ceruledge|Shadow Sneak|p1b: Floette
|-activate|p1b: Floette|move: Protect
|move|p2b: Rotom|Hydro Pump|p1a: Kingambit
|-damage|p1a: Kingambit|47/100 brn
|move|p1a: Kingambit|Kowtow Cleave|p2a: Ceruledge
|-supereffective|p2a: Ceruledge|1
|-crit|p2a: Ceruledge
|-damage|p2a: Ceruledge|0 fnt
|faint|p2a: Ceruledge
|
|-heal|p2b: Rotom|49/100|[from] item: Leftovers
|-damage|p1a: Kingambit|42/100 brn|[from] brn
|upkeep
|
|t:|1786017762
|switch|p2a: Dragalge|Dragalge-Mega, L50, F|51/100
|turn|7
|
|t:|1786017768
|move|p2a: Dragalge|Protect|p2a: Dragalge
|-singleturn|p2a: Dragalge|Protect
|move|p1a: Kingambit|Sucker Punch||[still]
|-fail|p1a: Kingambit
|move|p1b: Floette|Dazzling Gleam|p2a: Dragalge|[spread] p2b
|-activate|p2a: Dragalge|move: Protect
|-damage|p2b: Rotom|9/100
|move|p2b: Rotom|Thunderbolt|p1b: Floette
|-damage|p1b: Floette|0 fnt
|faint|p1b: Floette
|
|-heal|p2b: Rotom|15/100|[from] item: Leftovers
|-damage|p1a: Kingambit|36/100 brn|[from] brn
|upkeep
|turn|8
|
|t:|1786017786
|move|p2b: Rotom|Hydro Pump|p1a: Kingambit
|-damage|p1a: Kingambit|0 fnt
|faint|p1a: Kingambit
|
|win|wolfeglick'sson
|l|☆wolfeglick'sson
|player|p2|
||wolfeglick'sson is ready for game 2.
