|j|☆Bbob415
|j|☆PackOfCamelBlues
|html|Bbob415PackOfCamelBlues    
|uhtml|bestof|Game 1 of a best-of-3
|t:|1783206041
|gametype|doubles
|player|p1|Bbob415|n|
|player|p2|PackOfCamelBlues|pryce|
|gen|9
|tier|[Gen 9 Champions] VGC 2026 Reg M-B (Bo3)
|rule|Species Clause: Limit one of each Pokémon
|rule|Item Clause: Limit 1 of each item
|clearpoke
|poke|p1|Charizard, L50, M|
|poke|p1|Whimsicott, L50, M|
|poke|p1|Basculegion, L50, M|
|poke|p1|Mawile, L50, F|
|poke|p1|Farigiraf, L50, M|
|poke|p1|Garchomp, L50, F|
|poke|p2|Swampert, L50, F, shiny|
|poke|p2|Pelipper, L50, F, shiny|
|poke|p2|Archaludon, L50, M, shiny|
|poke|p2|Overqwil, L50, F, shiny|
|poke|p2|Grimmsnarl, L50, M, shiny|
|poke|p2|Sinistcha, L50, shiny|
|teampreview|4
|showteam|p1|Charizard||CharizarditeY|SolarPower|HeatWave,WeatherBall,SolarBeam,Protect|Modest||M|||50|]Whimsicott||FocusSash|Prankster|Moonblast,Tailwind,Encore,Protect|Timid||M|||50|]Basculegion||SitrusBerry|Adaptability|WaveCrash,AquaJet,LastRespects,Protect|Adamant||M|||50|]Mawile||Mawilite|HyperCutter|PlayRough,IronHead,SuckerPunch,RockSlide|Adamant||F|||50|]Farigiraf||ColburBerry|ArmorTail|HyperVoice,Psychic,HelpingHand,TrickRoom|Relaxed||M|||50|]Garchomp||LifeOrb|RoughSkin|Earthquake,DragonClaw,RockSlide,Protect|Jolly||F|||50|
|showteam|p2|Swampert||Swampertite|Damp|WaveCrash,HighHorsepower,IcePunch,Protect|Adamant||F|||50|]Pelipper||LifeOrb|Drizzle|Hurricane,WeatherBall,Tailwind,Protect|Timid||F|||50|]Archaludon||Leftovers|Stamina|FlashCannon,DragonPulse,ElectroShot,Protect|Modest||M|||50|]Overqwil||FocusSash|SwiftSwim|GunkShot,RainDance,Crunch,Taunt|Adamant||F|||50|]Grimmsnarl||LightClay|Prankster|SpiritBreak,PartingShot,LightScreen,Reflect|Calm||M|||50|]Sinistcha||KasibBerry|Hospitality|MatchaGotcha,RagePowder,LifeDew,TrickRoom|Bold|||||50|
|c|☆PackOfCamelBlues|Give me a sec to share links
|c|☆Bbob415|alr same
|l|☆PackOfCamelBlues
|player|p2|
|j| Izzywooperstan
|j| Autin Mago
|j| triziateam
|j| YamperIsTheBest
|l| YamperIsTheBest
|c|☆Bbob415|lmk when ur back and good to go
|j|☆PackOfCamelBlues
|player|p2|PackOfCamelBlues|pryce|
|c|☆PackOfCamelBlues|I’m back my b
|c|☆PackOfCamelBlues|glhf
|c|☆Bbob415|glhf
|j| thebigmacky
|
|t:|1783206215
|teamsize|p1|4
|teamsize|p2|4
|start
|switch|p1a: Farigiraf|Farigiraf, L50, M|100/100
|switch|p1b: Garchomp|Garchomp, L50, F|100/100
|switch|p2a: $PL4s#|Pelipper, L50, F, shiny|100/100
|switch|p2b: wig|Grimmsnarl, L50, M, shiny|100/100
|-weather|RainDance|[from] ability: Drizzle|[of] p2a: $PL4s#
|turn|1
|
|t:|1783206234
|move|p1b: Garchomp|Rock Slide|p2b: wig|[spread] p2a,p2b
|-supereffective|p2a: $PL4s#|1
|-damage|p2a: $PL4s#|35/100
|-damage|p2b: wig|74/100
|-damage|p1b: Garchomp|90/100|[from] item: Life Orb
|move|p2a: $PL4s#|Weather Ball|p1b: Garchomp
|-damage|p1b: Garchomp|0 fnt
|faint|p1b: Garchomp
|-damage|p2a: $PL4s#|26/100|[from] item: Life Orb
|move|p2b: wig|Spirit Break|p1a: Farigiraf
|-damage|p1a: Farigiraf|76/100
|-unboost|p1a: Farigiraf|spa|1
|move|p1a: Farigiraf|Trick Room|p1a: Farigiraf
|-fieldstart|move: Trick Room|[of] p1a: Farigiraf
|
|-weather|RainDance|[upkeep]
|upkeep
|
|t:|1783206249
|switch|p1b: Mawile|Mawile, L50, F|100/100
|turn|2
|
|t:|1783206259
|detailschange|p1b: Mawile|Mawile-Mega, L50, F
|-mega|p1b: Mawile|Mawile|Mawilite
|move|p2a: $PL4s#|Protect|p2a: $PL4s#
|-singleturn|p2a: $PL4s#|Protect
|move|p2b: wig|Reflect|p2b: wig
|-sidestart|p2: PackOfCamelBlues|Reflect
|move|p1b: Mawile|Iron Head|p2b: wig
|-supereffective|p2b: wig|1
|-damage|p2b: wig|0 fnt
|faint|p2b: wig
|move|p1a: Farigiraf|Hyper Voice|p2a: $PL4s#
|-activate|p2a: $PL4s#|move: Protect
|
|-weather|RainDance|[upkeep]
|upkeep
|
|t:|1783206262
|switch|p2b: Mike Jones|Overqwil, L50, F, shiny|100/100
|turn|3
|
|t:|1783206278
|move|p1b: Mawile|Play Rough|p2b: Mike Jones
|-damage|p2b: Mike Jones|33/100
|move|p1a: Farigiraf|Hyper Voice|p2b: Mike Jones|[spread] p2a,p2b
|-damage|p2a: $PL4s#|0 fnt
|-damage|p2b: Mike Jones|6/100
|faint|p2a: $PL4s#
|move|p2b: Mike Jones|Crunch|p1a: Farigiraf
|-supereffective|p1a: Farigiraf|1
|-enditem|p1a: Farigiraf|Colbur Berry|[eat]
|-enditem|p1a: Farigiraf|Colbur Berry|[weaken]
|-damage|p1a: Farigiraf|38/100
|
|-weather|RainDance|[upkeep]
|upkeep
|
|t:|1783206286
|switch|p2a: Big Pert 30|Swampert, L50, F, shiny|100/100
|turn|4
|
|t:|1783206316
|detailschange|p2a: Big Pert 30|Swampert-Mega, L50, F, shiny
|-mega|p2a: Big Pert 30|Swampert|Swampertite
|move|p1b: Mawile|Play Rough|p2a: Big Pert 30
|-damage|p2a: Big Pert 30|42/100
|move|p1a: Farigiraf|Hyper Voice|p2a: Big Pert 30|[spread] p2a,p2b
|-damage|p2a: Big Pert 30|24/100
|-damage|p2b: Mike Jones|0 fnt
|faint|p2b: Mike Jones
|move|p2a: Big Pert 30|High Horsepower|p1b: Mawile
|-supereffective|p1b: Mawile|1
|-damage|p1b: Mawile|0 fnt
|faint|p1b: Mawile
|
|-weather|RainDance|[upkeep]
|upkeep
|
|t:|1783206328
|switch|p1b: Basculegion|Basculegion, L50, M|100/100
|turn|5
|j| Phix_x
|
|t:|1783206339
|move|p2a: Big Pert 30|Protect|p2a: Big Pert 30
|-singleturn|p2a: Big Pert 30|Protect
|move|p1b: Basculegion|Aqua Jet|p2a: Big Pert 30
|-activate|p2a: Big Pert 30|move: Protect
|move|p1a: Farigiraf|Psychic|p2a: Big Pert 30
|-activate|p2a: Big Pert 30|move: Protect
|
|-weather|none
|-fieldend|move: Trick Room
|upkeep
|turn|6
|j| x-4 drop la
|j| coolguy14604
|c|☆PackOfCamelBlues|Gg
|
|t:|1783206356
|move|p2a: Big Pert 30|High Horsepower|p1a: Farigiraf
|-damage|p1a: Farigiraf|0 fnt
|faint|p1a: Farigiraf
|move|p1b: Basculegion|Last Respects|p2a: Big Pert 30
|-crit|p2a: Big Pert 30
|-damage|p2a: Big Pert 30|0 fnt
|faint|p2a: Big Pert 30
|
|win|Bbob415
||PackOfCamelBlues is ready for game 2.
|c|☆Bbob415|gg
|inactive|Bbob415 has 30 seconds to confirm battle start!
||Bbob415 is ready for game 2.
|uhtml|next|Next: Game 2 of 3
|l| Phix_x
|l| coolguy14604
|j| ZardiCharVGC
|l| ZardiCharVGC
|l| Autin Mago
|l| Izzywooperstan
|l| triziateam
|l| x-4 drop la
|l|☆PackOfCamelBlues
|player|p2|
