|j|☆aswin505
|j|☆GymGlofer
|html|aswin505GymGlofer    
|uhtml|bestof|Game 2 of a best-of-3
|t:|1785074811
|gametype|doubles
|player|p1|aswin505|169|1102
|player|p2|GymGlofer|blackbelt|1137
|gen|9
|tier|[Gen 9 Champions] VGC 2026 Reg M-B (Bo3)
|rated|
|rule|Species Clause: Limit one of each Pokémon
|rule|Item Clause: Limit 1 of each item
|clearpoke
|poke|p1|Sylveon, L50, F|
|poke|p1|Sableye, L50, F, shiny|
|poke|p1|Rotom-Wash, L50|
|poke|p1|Espathra, L50, F, shiny|
|poke|p1|Gholdengo, L50|
|poke|p1|Tyranitar, L50, M|
|poke|p2|Quaquaval, L50, M|
|poke|p2|Greninja, L50, F|
|poke|p2|Pelipper, L50, M|
|poke|p2|Basculegion-F, L50, F|
|poke|p2|Starmie, L50|
|poke|p2|Feraligatr, L50, M|
|teampreview|4
|showteam|p1|Sylveon||FairyFeather|Pixilate|HyperVoice,HyperBeam,Detect,MysticalFire|Modest||F|||50|]Sableye||FocusBand|Prankster|Gravity,Encore,Disable,FoulPlay|Impish||F|||50|]Rotom-Wash||SitrusBerry|Levitate|HydroPump,WillOWisp,Thunderbolt,Electroweb|Calm|||||50|]Espathra||FocusSash|SpeedBoost|LuminaCrash,Hypnosis,Protect,DazzlingGleam|Modest||F|||50|]Gholdengo||ChoiceScarf|GoodasGold|MakeItRain,FocusBlast,Trick,ShadowBall|Modest|||||50|]Tyranitar||Tyranitarite|SandStream|IcePunch,BrickBreak,RockSlide,Protect|Adamant||M|||50|
|showteam|p2|Quaquaval||FocusSash|Moxie|AquaStep,CloseCombat,TripleAxel,Protect|Jolly||M|||50|]Greninja||Greninjite|Protean|FlipTurn,DarkPulse,IcyWind,Protect|Hasty||F|||50|]Pelipper||ZoomLens|Drizzle|MuddyWater,Hurricane,WideGuard,Protect|Quiet||M|||50|]Basculegion-F||LifeOrb|Adaptability|ChillingWater,ShadowBall,AquaJet,Protect|Timid||F|||50|]Starmie||ChoiceScarf|Illuminate|HydroPump,Psychic,Thunder,IceBeam|Timid|||||50|]Feraligatr||Feraligite|SheerForce|Liquidation,DoubleEdge,DragonDance,Protect|Adamant||M|||50|
|
|t:|1785074848
|teamsize|p1|4
|teamsize|p2|4
|start
|switch|p1a: Gholdengo|Gholdengo, L50|100/100
|switch|p1b: Sableye|Sableye, L50, F, shiny|100/100
|switch|p2a: Quaquaval|Quaquaval, L50, M|100/100
|switch|p2b: Greninja|Greninja, L50, F|100/100
|turn|1
|
|t:|1785074878
|detailschange|p2b: Greninja|Greninja-Mega, L50, F
|-mega|p2b: Greninja|Greninja|Greninjite
|move|p2b: Greninja|Dark Pulse|p1b: Sableye
|-start|p2b: Greninja|typechange|Dark|[from] ability: Protean
|-damage|p1b: Sableye|49/100
|move|p1a: Gholdengo|Focus Blast|p2b: Greninja
|-supereffective|p2b: Greninja|1
|-damage|p2b: Greninja|0 fnt
|faint|p2b: Greninja
|move|p2a: Quaquaval|Aqua Step|p1b: Sableye
|-crit|p1b: Sableye
|-damage|p1b: Sableye|0 fnt
|-boost|p2a: Quaquaval|spe|1
|faint|p1b: Sableye
|-ability|p2a: Quaquaval|Moxie|boost
|-boost|p2a: Quaquaval|atk|1
|
|upkeep
|
|t:|1785074911
|switch|p2b: Basculegion|Basculegion-F, L50, F|100/100
|switch|p1b: Rotom|Rotom-Wash, L50|100/100
|turn|2
|inactive|Battle timer is ON: inactive players will automatically lose when time's up. (requested by aswin505)
|
|t:|1785074931
|switch|p1a: Sylveon|Sylveon, L50, F|100/100
|move|p2b: Basculegion|Protect|p2b: Basculegion
|-singleturn|p2b: Basculegion|Protect
|move|p2a: Quaquaval|Close Combat|p1b: Rotom
|-damage|p1b: Rotom|19/100
|-unboost|p2a: Quaquaval|def|1
|-unboost|p2a: Quaquaval|spd|1
|-enditem|p1b: Rotom|Sitrus Berry|[eat]
|-heal|p1b: Rotom|43/100|[from] item: Sitrus Berry
|move|p1b: Rotom|Electroweb|p2a: Quaquaval|[spread] p2a
|-activate|p2b: Basculegion|move: Protect
|-supereffective|p2a: Quaquaval|1
|-damage|p2a: Quaquaval|36/100
|-unboost|p2a: Quaquaval|spe|1
|
|upkeep
|turn|3
|
|t:|1785074954
|switch|p2b: Pelipper|Pelipper, L50, M|100/100
|-weather|RainDance|[from] ability: Drizzle|[of] p2b: Pelipper
|move|p2a: Quaquaval|Aqua Step|p1b: Rotom
|-resisted|p1b: Rotom|1
|-damage|p1b: Rotom|1/100
|-boost|p2a: Quaquaval|spe|1
|move|p1b: Rotom|Thunderbolt|p2b: Pelipper
|-supereffective|p2b: Pelipper|2
|-damage|p2b: Pelipper|0 fnt
|faint|p2b: Pelipper
|move|p1a: Sylveon|Hyper Voice|p2a: Quaquaval
|-supereffective|p2a: Quaquaval|1
|-damage|p2a: Quaquaval|0 fnt
|faint|p2a: Quaquaval
|
|-weather|RainDance|[upkeep]
|upkeep
|
|t:|1785074966
|switch|p2b: Basculegion|Basculegion-F, L50, F|100/100
|turn|4
|
|t:|1785074973
|move|p1a: Sylveon|Detect|p1a: Sylveon
|-singleturn|p1a: Sylveon|Protect
|move|p2b: Basculegion|Shadow Ball|p1b: Rotom
|-damage|p1b: Rotom|0 fnt
|faint|p1b: Rotom
|-damage|p2b: Basculegion|90/100|[from] item: Life Orb
|
|-weather|RainDance|[upkeep]
|upkeep
|
|t:|1785074978
|switch|p1b: Gholdengo|Gholdengo, L50|100/100
|turn|5
|
|t:|1785074997
|move|p1a: Sylveon|Detect||[still]
|-fail|p1a: Sylveon
|move|p1b: Gholdengo|Make It Rain|p2b: Basculegion
|-resisted|p2b: Basculegion|1
|-damage|p2b: Basculegion|55/100
|-unboost|p1b: Gholdengo|spa|2
|move|p2b: Basculegion|Shadow Ball|p1b: Gholdengo
|-supereffective|p1b: Gholdengo|1
|-damage|p1b: Gholdengo|0 fnt
|faint|p1b: Gholdengo
|-damage|p2b: Basculegion|45/100|[from] item: Life Orb
|
|-weather|RainDance|[upkeep]
|upkeep
|turn|6
|
|t:|1785075009
|move|p2b: Basculegion|Shadow Ball|p1a: Sylveon
|-damage|p1a: Sylveon|56/100
|-damage|p2b: Basculegion|36/100|[from] item: Life Orb
|move|p1a: Sylveon|Hyper Beam|p2b: Basculegion
|-damage|p2b: Basculegion|0 fnt
|-mustrecharge|p1a: Sylveon
|faint|p2b: Basculegion
|
|win|aswin505
|raw|aswin505's rating: 1102 → 1130(+28 for winning)
|raw|GymGlofer's rating: 1137 → 1109(-28 for losing)
|j| tedidn
