|j|☆MugiwaraLux
|j|☆a year without
|html|MugiwaraLuxa year without    
|uhtml|bestof|Game 1 of a best-of-3
|t:|1785828660
|gametype|doubles
|player|p1|MugiwaraLux|cynthia-masters4|1358
|player|p2|a year without|hiker-gen4|1199
|gen|9
|tier|[Gen 9 Champions] VGC 2026 Reg M-B (Bo3)
|rated|
|rule|Species Clause: Limit one of each Pokémon
|rule|Item Clause: Limit 1 of each item
|clearpoke
|poke|p1|Garchomp, L50, M|
|poke|p1|Venusaur, L50, F|
|poke|p1|Incineroar, L50, F|
|poke|p1|Charizard, L50, M|
|poke|p1|Toxapex, L50, M|
|poke|p1|Annihilape, L50, M|
|poke|p2|Whimsicott, L50, F, shiny|
|poke|p2|Basculegion, L50, M, shiny|
|poke|p2|Kingambit, L50, F|
|poke|p2|Floette-Eternal, L50, F|
|poke|p2|Garchomp, L50, M, shiny|
|poke|p2|Charizard, L50, F, shiny|
|teampreview|4
|showteam|p1|Garchomp||ChoiceScarf|RoughSkin|Earthquake,RockSlide,DragonClaw,StompingTantrum|Adamant||M|||50|]Venusaur||LifeOrb|Chlorophyll|SludgeBomb,LeafStorm,EarthPower,Protect|Modest||F|||50|]Incineroar||SitrusBerry|Intimidate|FakeOut,FlareBlitz,ThroatChop,PartingShot|Impish||F|||50|]Charizard||CharizarditeY|Blaze|HeatWave,WeatherBall,Protect,HelpingHand|Modest||M|||50|]Toxapex||Leftovers|Regenerator|Infestation,Toxic,WideGuard,BanefulBunker|Impish||M|||50|]Annihilape||FocusSash|Defiant|CloseCombat,PhantomForce,RockTomb,Protect|Jolly||M|||50|
|showteam|p2|Whimsicott||FocusSash|Prankster|Protect,Moonblast,Tailwind,Encore|Timid||F|||50|]Basculegion||MysticWater|Adaptability|WaveCrash,Protect,LastRespects,AquaJet|Adamant||M|||50|]Kingambit||ChopleBerry|Defiant|KowtowCleave,LowKick,SuckerPunch,IronHead|Adamant||F|||50|]Floette-Eternal||Floettite|FlowerVeil|DazzlingGleam,Moonblast,LightofRuin,Protect|Timid||F|||50|]Garchomp||LifeOrb|RoughSkin|RockSlide,StompingTantrum,DragonClaw,Protect|Jolly||M|||50|]Charizard||CharizarditeY|Blaze|HeatWave,SolarBeam,WeatherBall,Protect|Modest||F|||50|
|inactive|Battle timer is ON: inactive players will automatically lose when time's up. (requested by MugiwaraLux)
|inactive|MugiwaraLux has 60 seconds left.
|inactive|a year without has 60 seconds left.
|
|t:|1785828709
|teamsize|p1|4
|teamsize|p2|4
|start
|switch|p1a: Charizard|Charizard, L50, M|100/100
|switch|p1b: Venusaur|Venusaur, L50, F|100/100
|switch|p2a: Charizard|Charizard, L50, F, shiny|100/100
|switch|p2b: Garchomp|Garchomp, L50, M, shiny|100/100
|turn|1
|inactive|MugiwaraLux has 30 seconds left.
|inactive|MugiwaraLux has 20 seconds left.
|
|t:|1785828745
|detailschange|p1a: Charizard|Charizard-Mega-Y, L50, M
|-mega|p1a: Charizard|Charizard|Charizardite Y
|-weather|SunnyDay|[from] ability: Drought|[of] p1a: Charizard
|detailschange|p2a: Charizard|Charizard-Mega-Y, L50, F, shiny
|-mega|p2a: Charizard|Charizard|Charizardite Y
|move|p1a: Charizard|Helping Hand|p1b: Venusaur
|-singleturn|p1b: Venusaur|Helping Hand|[of] p1a: Charizard
|move|p1b: Venusaur|Leaf Storm|p2b: Garchomp
|-damage|p2b: Garchomp|0 fnt
|-unboost|p1b: Venusaur|spa|2
|faint|p2b: Garchomp
|-damage|p1b: Venusaur|90/100|[from] item: Life Orb
|move|p2a: Charizard|Heat Wave|p1a: Charizard|[spread] p1a,p1b
|-resisted|p1a: Charizard|1
|-supereffective|p1b: Venusaur|1
|-damage|p1a: Charizard|71/100
|-damage|p1b: Venusaur|0 fnt
|faint|p1b: Venusaur
|
|-weather|SunnyDay|[upkeep]
|upkeep
|
|t:|1785828764
|switch|p2b: Whimsicott|Whimsicott, L50, F, shiny|100/100
|switch|p1b: Garchomp|Garchomp, L50, M|100/100
|turn|2
|
|t:|1785828785
|move|p2a: Charizard|Protect|p2a: Charizard
|-singleturn|p2a: Charizard|Protect
|move|p2b: Whimsicott|Tailwind|p2b: Whimsicott
|-sidestart|p2: a year without|move: Tailwind
|move|p1b: Garchomp|Rock Slide|p2a: Charizard|[spread] p2b
|-activate|p2a: Charizard|move: Protect
|-damage|p2b: Whimsicott|70/100
|move|p1a: Charizard|Heat Wave|p2a: Charizard|[spread] p2b
|-activate|p2a: Charizard|move: Protect
|-supereffective|p2b: Whimsicott|1
|-damage|p2b: Whimsicott|0 fnt
|faint|p2b: Whimsicott
|
|-weather|SunnyDay|[upkeep]
|upkeep
|
|t:|1785828795
|switch|p2b: Basculegion|Basculegion, L50, M, shiny|100/100
|turn|3
|
|t:|1785828799
|switch|p1b: Incineroar|Incineroar, L50, F|100/100
|-ability|p1b: Incineroar|Intimidate|boost
|-unboost|p2a: Charizard|atk|1
|-unboost|p2b: Basculegion|atk|1
|move|p1a: Charizard|Protect|p1a: Charizard
|-singleturn|p1a: Charizard|Protect
|move|p2b: Basculegion|Last Respects|p1b: Incineroar
|-resisted|p1b: Incineroar|1
|-damage|p1b: Incineroar|74/100
|move|p2a: Charizard|Heat Wave|p1b: Incineroar|[spread] 
|-activate|p1a: Charizard|move: Protect
|-miss|p2a: Charizard|p1b: Incineroar
|
|-weather|SunnyDay|[upkeep]
|upkeep
|turn|4
|
|t:|1785828813
|move|p2b: Basculegion|Wave Crash|p1b: Incineroar
|-supereffective|p1b: Incineroar|1
|-damage|p1b: Incineroar|29/100
|-enditem|p1b: Incineroar|Sitrus Berry|[eat]
|-heal|p1b: Incineroar|53/100|[from] item: Sitrus Berry
|-damage|p2b: Basculegion|85/100|[from] Recoil
|move|p2a: Charizard|Heat Wave|p1a: Charizard|[spread] p1a,p1b
|-resisted|p1a: Charizard|1
|-resisted|p1b: Incineroar|1
|-damage|p1a: Charizard|44/100
|-damage|p1b: Incineroar|29/100
|move|p1a: Charizard|Weather Ball|p2b: Basculegion
|-resisted|p2b: Basculegion|1
|-damage|p2b: Basculegion|42/100
|move|p1b: Incineroar|Throat Chop|p2b: Basculegion
|-supereffective|p2b: Basculegion|1
|-damage|p2b: Basculegion|0 fnt
|faint|p2b: Basculegion
|
|-weather|SunnyDay|[upkeep]
|upkeep
|turn|5
|-message|a year without forfeited.
|
|win|MugiwaraLux
||a year without is ready for game 2.
||MugiwaraLux is ready for game 2.
|uhtml|next|Next: Game 2 of 3
|l|☆a year without
|player|p2|
