|j|☆valeron88
|j|☆KChiefs7
|html|valeron88KChiefs7    
|uhtml|bestof|Game 3 of a best-of-3
|t:|1757083381
|gametype|doubles
|player|p1|valeron88|170|1097
|player|p2|KChiefs7|swimmer-gen4|1072
|gen|9
|tier|[Gen 9] VGC 2025 Reg H (Bo3)
|rated|
|rule|Species Clause: Limit one of each Pokémon
|rule|Item Clause: Limit 1 of each item
|clearpoke
|poke|p1|Glimmora, L50, M|
|poke|p1|Amoonguss, L50, M|
|poke|p1|Incineroar, L50, F|
|poke|p1|Kingambit, L50, F|
|poke|p1|Sneasler, L50, M|
|poke|p1|Dragapult, L50, M|
|poke|p2|Ursaluna, L50, F|
|poke|p2|Gholdengo, L50|
|poke|p2|Flamigo, L50, M|
|poke|p2|Amoonguss, L50, M|
|poke|p2|Porygon2, L50|
|poke|p2|Incineroar, L50, F|
|teampreview|4
|showteam|p1|Glimmora||PowerHerb|ToxicDebris|MeteorBeam,SpikyShield,EarthPower,SludgeBomb|||M|||50|,,,,,Flying]Amoonguss||RockyHelmet|Regenerator|RagePowder,PollenPuff,Spore,ClearSmog|||M|||50|,,,,,Water]Incineroar||AssaultVest|Intimidate|Uturn,KnockOff,FakeOut,FlareBlitz|||F|||50|,,,,,Ghost]Kingambit||LifeOrb|Defiant|SuckerPunch,KowtowCleave,IronHead,Protect|||F|||50|,,,,,Ghost]Sneasler||FocusSash|PoisonTouch|FakeOut,DireClaw,CloseCombat,Uturn|||M|||50|,,,,,Normal]Dragapult||ChoiceBand|ClearBody|Uturn,Outrage,PhantomForce,DragonDarts|||M|||50|,,,,,Stellar
|showteam|p2|Ursaluna||FlameOrb|Guts|Facade,HeadlongRush,Earthquake,Protect|||F|||50|,,,,,Ghost]Gholdengo||LifeOrb|GoodasGold|MakeItRain,ShadowBall,NastyPlot,Protect||||||50|,,,,,Water]Flamigo||FocusSash|Scrappy|Detect,CloseCombat,WideGuard,DualWingbeat|||M|||50|,,,,,Ghost]Amoonguss||CovertCloak|Regenerator|RagePowder,Spore,PollenPuff,ClearSmog|||M|||50|,,,,,Fairy]Porygon2||Eviolite|Download|TeraBlast,IceBeam,Recover,TrickRoom||||||50|,,,,,Fighting]Incineroar||SafetyGoggles|Intimidate|FlareBlitz,KnockOff,FakeOut,PartingShot|||F|||50|,,,,,Ghost
|inactive|Battle timer is ON: inactive players will automatically lose when time's up. (requested by KChiefs7)
|
|t:|1757083393
|teamsize|p1|4
|teamsize|p2|4
|start
|switch|p1a: Dragapult|Dragapult, L50, M|100/100
|switch|p1b: Kingambit|Kingambit, L50, F|100/100
|switch|p2a: Incineroar|Incineroar, L50, F|100/100
|switch|p2b: Ursaluna|Ursaluna, L50, F|100/100
|-ability|p2a: Incineroar|Intimidate|boost
|-fail|p1a: Dragapult|unboost|[from] ability: Clear Body|[of] p1a: Dragapult
|-unboost|p1b: Kingambit|atk|1
|-ability|p1b: Kingambit|Defiant|boost
|-boost|p1b: Kingambit|atk|2
|turn|1
|inactive|KChiefs7 has 30 seconds left.
|inactive|KChiefs7 has 20 seconds left.
|inactive|KChiefs7 has 15 seconds left.
|inactive|KChiefs7 has 10 seconds left.
|
|t:|1757083440
|switch|p2a: Porygon2|Porygon2, L50|100/100
|-ability|p2a: Porygon2|Download|boost
|-boost|p2a: Porygon2|spa|1
|-terastallize|p1b: Kingambit|Ghost
|move|p2b: Ursaluna|Protect|p2b: Ursaluna
|-singleturn|p2b: Ursaluna|Protect
|move|p1a: Dragapult|Dragon Darts|p2a: Porygon2
|-crit|p2a: Porygon2
|-damage|p2a: Porygon2|56/100
|-anim|p1a: Dragapult|Dragon Darts|p2a: Porygon2
|-damage|p2a: Porygon2|27/100
|move|p1b: Kingambit|Kowtow Cleave|p2a: Porygon2
|-damage|p2a: Porygon2|0 fnt
|faint|p2a: Porygon2
|-damage|p1b: Kingambit|91/100|[from] item: Life Orb
|
|-status|p2b: Ursaluna|brn|[from] item: Flame Orb
|upkeep
|
|t:|1757083459
|switch|p2a: Gholdengo|Gholdengo, L50|100/100
|turn|2
|
|t:|1757083480
|-terastallize|p2a: Gholdengo|Water
|move|p1b: Kingambit|Sucker Punch|p2b: Ursaluna
|-damage|p2b: Ursaluna|49/100 brn
|-damage|p1b: Kingambit|81/100|[from] item: Life Orb
|move|p1a: Dragapult|Dragon Darts|p2a: Gholdengo
|-damage|p2a: Gholdengo|58/100
|-anim|p1a: Dragapult|Dragon Darts|p2b: Ursaluna
|-damage|p2b: Ursaluna|21/100 brn
|move|p2a: Gholdengo|Nasty Plot|p2a: Gholdengo
|-boost|p2a: Gholdengo|spa|2
|move|p2b: Ursaluna|Facade|p1a: Dragapult
|-immune|p1a: Dragapult
|
|-damage|p2b: Ursaluna|15/100 brn|[from] brn
|upkeep
|turn|3
|c|☆valeron88|xdd
|c|☆KChiefs7|rip
|inactive|valeron88 has 30 seconds left.
|
|t:|1757083507
|move|p2b: Ursaluna|Protect|p2b: Ursaluna
|-singleturn|p2b: Ursaluna|Protect
|move|p1b: Kingambit|Sucker Punch|p2a: Gholdengo
|-damage|p2a: Gholdengo|0 fnt
|faint|p2a: Gholdengo
|-damage|p1b: Kingambit|71/100|[from] item: Life Orb
|move|p1a: Dragapult|Dragon Darts|p2b: Ursaluna
|-activate|p2b: Ursaluna|move: Protect
|
|-damage|p2b: Ursaluna|9/100 brn|[from] brn
|upkeep
|
|t:|1757083512
|switch|p2a: Incineroar|Incineroar, L50, F|100/100
|-ability|p2a: Incineroar|Intimidate|boost
|-fail|p1a: Dragapult|unboost|[from] ability: Clear Body|[of] p1a: Dragapult
|-unboost|p1b: Kingambit|atk|1
|-ability|p1b: Kingambit|Defiant|boost
|-boost|p1b: Kingambit|atk|2
|turn|4
|c|☆valeron88|crack
|
|t:|1757083523
|move|p1a: Dragapult|Dragon Darts|p2a: Incineroar
|-damage|p2a: Incineroar|62/100
|-anim|p1a: Dragapult|Dragon Darts|p2b: Ursaluna
|-damage|p2b: Ursaluna|0 fnt
|faint|p2b: Ursaluna
|move|p2a: Incineroar|Knock Off|p1b: Kingambit
|-supereffective|p1b: Kingambit
|-damage|p1b: Kingambit|3/100
|-enditem|p1b: Kingambit|Life Orb|[from] move: Knock Off|[of] p2a: Incineroar
|move|p1b: Kingambit|Kowtow Cleave|p2a: Incineroar
|-resisted|p2a: Incineroar
|-damage|p2a: Incineroar|20/100
|
|upkeep
|turn|5
|
|t:|1757083537
|move|p1b: Kingambit|Sucker Punch|p2a: Incineroar
|-resisted|p2a: Incineroar
|-damage|p2a: Incineroar|0 fnt
|faint|p2a: Incineroar
|
|win|valeron88
|raw|valeron88's rating: 1097 → 1121(+24 for winning)
|raw|KChiefs7's rating: 1072 → 1053(-19 for losing)
|l|☆valeron88
|player|p1|
|l|☆KChiefs7
|player|p2|
|j|☆KChiefs7
|player|p2|KChiefs7|swimmer-gen4|
