|j|☆Mashuno
|j|☆efwefwefwefweifier
|html|Mashunoefwefwefwefweifier    
|uhtml|bestof|Game 2 of a best-of-3
|t:|1784072302
|gametype|doubles
|player|p1|Mashuno|harlequin|1160
|player|p2|efwefwefwefweifier|clown|1320
|gen|9
|tier|[Gen 9 Champions] VGC 2026 Reg M-B (Bo3)
|rated|
|rule|Species Clause: Limit one of each Pokémon
|rule|Item Clause: Limit 1 of each item
|clearpoke
|poke|p1|Pelipper, L50, F|
|poke|p1|Archaludon, L50, M|
|poke|p1|Blastoise, L50, F|
|poke|p1|Sinistcha, L50|
|poke|p1|Sableye, L50, F|
|poke|p1|Sneasler, L50, M|
|poke|p2|Armarouge, L50, F|
|poke|p2|Sinistcha, L50|
|poke|p2|Floette-Eternal, L50, F|
|poke|p2|Incineroar, L50, M, shiny|
|poke|p2|Sneasler, L50, M|
|poke|p2|Hydreigon, L50, M|
|teampreview|4
|showteam|p1|Pelipper||FocusSash|Drizzle|WeatherBall,Hurricane,Tailwind,RainDance|Modest||F|||50|]Archaludon||Leftovers|Stamina|Protect,DracoMeteor,FlashCannon,ElectroShot|Modest||M|||50|]Blastoise||Blastoisinite|RainDish|Protect,FakeOut,WaterSpout,DarkPulse|Modest||F|||50|]Sinistcha||SitrusBerry|Hospitality|MatchaGotcha,RagePowder,LifeDew,TrickRoom|Bold|||||50|]Sableye||LightClay|Prankster|FoulPlay,LightScreen,Reflect,RainDance|Impish||F|||50|]Sneasler||WhiteHerb|Unburden|FakeOut,DireClaw,CloseCombat,RockSlide|Jolly||M|||50|
|showteam|p2|Armarouge||ColburBerry|FlashFire|HeatWave,Psychic,CalmMind,Protect|Modest||F|||50|]Sinistcha||KasibBerry|Hospitality|MatchaGotcha,RagePowder,LifeDew,TrickRoom|Calm|||||50|]Floette-Eternal||Floettite|FlowerVeil|Moonblast,DrainingKiss,CalmMind,Protect|Modest||F|||50|]Incineroar||SitrusBerry|Intimidate|FlareBlitz,FakeOut,PartingShot,Taunt|Impish||M|||50|]Sneasler||FocusSash|PoisonTouch|CloseCombat,PoisonJab,FakeOut,QuickGuard|Jolly||M|||50|]Hydreigon||ChoiceScarf|Levitate|DracoMeteor,DarkPulse,Snarl,EarthPower|Modest||M|||50|
|inactive|Battle timer is ON: inactive players will automatically lose when time's up. (requested by efwefwefwefweifier)
|inactive|Mashuno has 60 seconds left.
|inactive|Mashuno has 30 seconds left.
|inactive|Mashuno has 20 seconds left.
|inactive|Mashuno has 15 seconds left.
|inactive|Mashuno has 10 seconds left.
|
|t:|1784072386
|teamsize|p1|4
|teamsize|p2|4
|start
|switch|p1a: Dai News|Pelipper, L50, F|100/100
|switch|p1b: Blastoise|Blastoise, L50, F|100/100
|switch|p2a: Poison Foison|Sneasler, L50, M|100/100
|switch|p2b: Bartholomews|Hydreigon, L50, M|100/100
|-weather|RainDance|[from] ability: Drizzle|[of] p1a: Dai News
|turn|1
|inactive|Mashuno has 30 seconds left.
|
|t:|1784072417
|switch|p1a: Kocho|Sneasler, L50, M|100/100
|move|p1b: Blastoise|Protect|p1b: Blastoise
|-singleturn|p1b: Blastoise|Protect
|move|p2a: Poison Foison|Fake Out|p1a: Kocho
|-damage|p1a: Kocho|77/100
|move|p2b: Bartholomews|Snarl|p1b: Blastoise|[spread] 
|-activate|p1b: Blastoise|move: Protect
|-miss|p2b: Bartholomews|p1a: Kocho
|
|-weather|RainDance|[upkeep]
|upkeep
|turn|2
|inactive|efwefwefwefweifier has 30 seconds left.
|
|t:|1784072442
|switch|p2b: Spinny Sinny|Sinistcha, L50|100/100
|switch|p1b: Sableye|Sableye, L50, F|100/100
|move|p2a: Poison Foison|Close Combat|p1b: Sableye
|-immune|p1b: Sableye
|move|p1a: Kocho|Close Combat|p2b: Spinny Sinny
|-immune|p2b: Spinny Sinny
|
|-weather|RainDance|[upkeep]
|upkeep
|turn|3
|
|t:|1784072467
|move|p1b: Sableye|Reflect|p1b: Sableye
|-sidestart|p1: Mashuno|Reflect
|move|p1a: Kocho|Dire Claw|p2b: Spinny Sinny
|-damage|p2b: Spinny Sinny|60/100
|-status|p2b: Spinny Sinny|par
|move|p2a: Poison Foison|Poison Jab|p1b: Sableye
|-resisted|p1b: Sableye|1
|-damage|p1b: Sableye|80/100
|-status|p1b: Sableye|psn
|move|p2b: Spinny Sinny|Matcha Gotcha|p1a: Kocho|[spread] p1a,p1b
|-resisted|p1a: Kocho|1
|-damage|p1a: Kocho|61/100
|-heal|p2b: Spinny Sinny|67/100 par|[from] drain|[of] p1a: Kocho
|-damage|p1b: Sableye|51/100 psn
|-heal|p2b: Spinny Sinny|80/100 par|[from] drain|[of] p1b: Sableye
|
|-weather|RainDance|[upkeep]
|-damage|p1b: Sableye|39/100 psn|[from] psn
|upkeep
|turn|4
|inactive|Mashuno has 30 seconds left.
|inactive|efwefwefwefweifier has 30 seconds left.
|
|t:|1784072497
|switch|p1b: Dai News|Pelipper, L50, F|100/100
|move|p1a: Kocho|Dire Claw|p2b: Spinny Sinny
|-damage|p2b: Spinny Sinny|42/100 par
|move|p2a: Poison Foison|Close Combat|p1a: Kocho
|-resisted|p1a: Kocho|1
|-damage|p1a: Kocho|28/100
|-unboost|p2a: Poison Foison|def|1
|-unboost|p2a: Poison Foison|spd|1
|move|p2b: Spinny Sinny|Matcha Gotcha|p1a: Kocho|[spread] p1a,p1b
|-resisted|p1a: Kocho|1
|-damage|p1a: Kocho|10/100
|-heal|p2b: Spinny Sinny|50/100g par|[from] drain|[of] p1a: Kocho
|-damage|p1b: Dai News|67/100
|-heal|p2b: Spinny Sinny|66/100 par|[from] drain|[of] p1b: Dai News
|
|-weather|RainDance|[upkeep]
|upkeep
|turn|5
|inactive|Mashuno has 30 seconds left.
|inactive|efwefwefwefweifier has 30 seconds left.
|inactive|efwefwefwefweifier has 20 seconds left.
|
|t:|1784072540
|move|p2b: Spinny Sinny|Rage Powder|p2b: Spinny Sinny
|-singleturn|p2b: Spinny Sinny|move: Rage Powder
|move|p1a: Kocho|Dire Claw|p2b: Spinny Sinny
|-damage|p2b: Spinny Sinny|30/100 par
|move|p2a: Poison Foison|Poison Jab|p1b: Dai News
|-damage|p1b: Dai News|38/100
|-status|p1b: Dai News|psn
|move|p1b: Dai News|Tailwind|p1b: Dai News
|-sidestart|p1: Mashuno|move: Tailwind
|
|-weather|none
|-damage|p1b: Dai News|26/100 psn|[from] psn
|upkeep
|turn|6
|inactive|Mashuno has 30 seconds left.
|
|t:|1784072573
|switch|p1b: Sableye|Sableye, L50, F|39/100 psn
|move|p1a: Kocho|Dire Claw|p2b: Spinny Sinny
|-damage|p2b: Spinny Sinny|0 fnt
|faint|p2b: Spinny Sinny
|move|p2a: Poison Foison|Poison Jab|p1a: Kocho
|-resisted|p1a: Kocho|1
|-crit|p1a: Kocho
|-damage|p1a: Kocho|0 fnt
|faint|p1a: Kocho
|
|-damage|p1b: Sableye|27/100 psn|[from] psn
|upkeep
|inactive|efwefwefwefweifier has 30 seconds left.
|inactive|Mashuno has 30 seconds left.
|inactive|efwefwefwefweifier has 20 seconds left.
|inactive|efwefwefwefweifier has 15 seconds left.
|inactive|efwefwefwefweifier has 10 seconds left.
|inactive|efwefwefwefweifier has 5 seconds left.
|
|t:|1784072628
|switch|p1a: Dai News|Pelipper, L50, F|26/100 psn
|switch|p2b: Bartholomews|Hydreigon, L50, M|100/100
|-weather|RainDance|[from] ability: Drizzle|[of] p1a: Dai News
|turn|7
|inactive|efwefwefwefweifier has 30 seconds left.
|inactive|efwefwefwefweifier has 20 seconds left.
|inactive|efwefwefwefweifier has 15 seconds left.
|inactive|efwefwefwefweifier has 10 seconds left.
|inactive|efwefwefwefweifier has 5 seconds left.
|
|t:|1784072683
|move|p1b: Sableye|Light Screen|p1b: Sableye
|-sidestart|p1: Mashuno|move: Light Screen
|move|p2b: Bartholomews|Draco Meteor|p1a: Dai News
|-damage|p1a: Dai News|0 fnt
|-unboost|p2b: Bartholomews|spa|2
|faint|p1a: Dai News
|move|p2a: Poison Foison|Close Combat|p1b: Sableye
|-immune|p1b: Sableye
|
|-weather|RainDance|[upkeep]
|-damage|p1b: Sableye|15/100 psn|[from] psn
|upkeep
|
|t:|1784072695
|switch|p1a: Blastoise|Blastoise, L50, F|100/100
|turn|8
|inactive|efwefwefwefweifier has 30 seconds left.
|inactive|efwefwefwefweifier has 20 seconds left.
|inactive|efwefwefwefweifier has 15 seconds left.
|inactive|efwefwefwefweifier has 10 seconds left.
|inactive|efwefwefwefweifier has 5 seconds left.
|
|t:|1784072750
|detailschange|p1a: Blastoise|Blastoise-Mega, L50, F
|-mega|p1a: Blastoise|Blastoise|Blastoisinite
|move|p2b: Bartholomews|Draco Meteor|p1b: Sableye
|-damage|p1b: Sableye|0 fnt
|-unboost|p2b: Bartholomews|spa|2
|faint|p1b: Sableye
|move|p1a: Blastoise|Water Spout|p2b: Bartholomews|[spread] p2a,p2b
|-resisted|p2b: Bartholomews|1
|-enditem|p2a: Poison Foison|Focus Sash
|-damage|p2a: Poison Foison|1/100
|-damage|p2b: Bartholomews|42/100
|move|p2a: Poison Foison|Close Combat|p1a: Blastoise
|-damage|p1a: Blastoise|65/100
|-unboost|p2a: Poison Foison|def|1
|-unboost|p2a: Poison Foison|spd|1
|
|-weather|RainDance|[upkeep]
|-sideend|p1: Mashuno|move: Tailwind
|upkeep
|turn|9
|inactive|efwefwefwefweifier has 30 seconds left.
|c|☆Mashuno|ggs
|inactive|efwefwefwefweifier has 20 seconds left.
|inactive|efwefwefwefweifier has 15 seconds left.
|inactive|efwefwefwefweifier has 10 seconds left.
|inactive|efwefwefwefweifier has 5 seconds left.
|
|t:|1784072805
|move|p2b: Bartholomews|Draco Meteor|p1a: Blastoise
|-damage|p1a: Blastoise|51/100
|-unboost|p2b: Bartholomews|spa|2
|move|p2a: Poison Foison|Close Combat|p1a: Blastoise
|-damage|p1a: Blastoise|14/100
|-unboost|p2a: Poison Foison|def|1
|-unboost|p2a: Poison Foison|spd|1
|move|p1a: Blastoise|Water Spout|p2b: Bartholomews|[spread] p2a,p2b
|-crit|p2a: Poison Foison
|-resisted|p2b: Bartholomews|1
|-damage|p2a: Poison Foison|0 fnt
|-damage|p2b: Bartholomews|33/100
|faint|p2a: Poison Foison
|
|-weather|RainDance|[upkeep]
|upkeep
|-message|Mashuno forfeited.
|
|win|efwefwefwefweifier
||Mashuno is ready for game 3.
|inactive|efwefwefwefweifier has 30 seconds to confirm battle start!
|inactive|efwefwefwefweifier has 20 seconds to confirm battle start!
|inactive|efwefwefwefweifier has 10 seconds to confirm battle start!
|l|☆efwefwefwefweifier
|player|p2|
|inactive|efwefwefwefweifier has 0 seconds to confirm battle start!
|uhtml|next|Next: Game 3 of 3
