|j|☆prophetcassandra
|j|☆Joey Snowball
|html|prophetcassandraJoey Snowball    
|uhtml|bestof|Game 1 of a best-of-3
|t:|1783791461
|gametype|doubles
|player|p1|prophetcassandra|caitlin|
|player|p2|Joey Snowball|266|
|gen|9
|tier|[Gen 9 Champions] VGC 2026 Reg M-B (Bo3)
|rule|Species Clause: Limit one of each Pokémon
|rule|Item Clause: Limit 1 of each item
|clearpoke
|poke|p1|Maushold-Four, L50|
|poke|p1|Gholdengo, L50|
|poke|p1|Swampert, L50, F|
|poke|p1|Talonflame, L50, F|
|poke|p1|Drampa, L50, M|
|poke|p1|Venusaur, L50, F|
|poke|p2|Basculegion-F, L50, F|
|poke|p2|Sinistcha, L50|
|poke|p2|Wyrdeer, L50, M|
|poke|p2|Gyarados, L50, M|
|poke|p2|Blaziken, L50, M|
|poke|p2|Lycanroc-Dusk, L50, M|
|teampreview|4
|showteam|p1|Maushold-Four||WideLens|FriendGuard|PopulationBomb,TidyUp,Crunch,Protect|Naive|||||50|]Gholdengo||LifeOrb|GoodasGold|MakeItRain,NastyPlot,Protect,DazzlingGleam|Modest|||||50|]Swampert||Swampertite|Torrent|Earthquake,HammerArm,FlipTurn,Waterfall|Lax||F|||50|]Talonflame||FocusSash|GaleWings|BraveBird,Roost,Tailwind,BlazeKick|Naive||F|||50|]Drampa||QuickClaw|CloudNine|HyperVoice,GrassKnot,DracoMeteor,ThunderWave|Quiet||M|||50|]Venusaur||Venusaurite|Overgrow|SludgeBomb,EarthPower,SleepPowder,Protect|Timid||F|||50|
|showteam|p2|Basculegion-F||ChoiceScarf|Adaptability|ShadowBall,MuddyWater,Surf,Blizzard|Mild||F|||50|]Sinistcha||QuickClaw|Hospitality|MatchaGotcha,NastyPlot,TrickRoom,ShadowBall|Modest|||||50|]Wyrdeer||SilkScarf|Frisk|PsyshieldBash,GigaImpact,Thrash,ThroatChop|Adamant||M|||50|]Gyarados||Gyaradosite|Intimidate|Waterfall,StoneEdge,Protect,PowerWhip|Relaxed||M|||50|]Blaziken||Blazikenite|Blaze|CloseCombat,FlareBlitz,KnockOff,Protect|Adamant||M|||50|]Lycanroc-Dusk||FocusSash|ToughClaws|RockSlide,Protect,LastResort,SuckerPunch|Adamant||M|||50|
|j| PrinceFrerin
|j| immmcanadian
|inactive|Battle timer is ON: inactive players will automatically lose when time's up. (requested by prophetcassandra)
|
|t:|1783791527
|teamsize|p1|4
|teamsize|p2|4
|start
|switch|p1a: Venusaur|Venusaur, L50, F|100/100
|switch|p1b: Talonflame|Talonflame, L50, F|100/100
|switch|p2a: mega moxie|Gyarados, L50, M|100/100
|switch|p2b: Not in Uber|Blaziken, L50, M|100/100
|-ability|p2a: mega moxie|Intimidate|boost
|-unboost|p1a: Venusaur|atk|1
|-unboost|p1b: Talonflame|atk|1
|turn|1
|inactive|prophetcassandra has 30 seconds left.
|inactive|Joey Snowball has 30 seconds left.
|inactive|prophetcassandra has 20 seconds left.
|inactive|Joey Snowball has 20 seconds left.
|
|t:|1783791564
|detailschange|p1a: Venusaur|Venusaur-Mega, L50, F
|-mega|p1a: Venusaur|Venusaur|Venusaurite
|detailschange|p2b: Not in Uber|Blaziken-Mega, L50, M
|-mega|p2b: Not in Uber|Blaziken|Blazikenite
|move|p2b: Not in Uber|Protect|p2b: Not in Uber
|-singleturn|p2b: Not in Uber|Protect
|move|p1b: Talonflame|Tailwind|p1b: Talonflame
|-sidestart|p1: prophetcassandra|move: Tailwind
|move|p1a: Venusaur|Sleep Powder|p2a: mega moxie|[miss]
|-miss|p1a: Venusaur|p2a: mega moxie
|move|p2a: mega moxie|Stone Edge|p1b: Talonflame
|-supereffective|p1b: Talonflame|2
|-enditem|p1b: Talonflame|Focus Sash
|-damage|p1b: Talonflame|1/100
|
|-ability|p2b: Not in Uber|Speed Boost|boost
|-boost|p2b: Not in Uber|spe|1
|upkeep
|turn|2
|c|☆prophetcassandra|zamn
|inactive|prophetcassandra has 30 seconds left.
|inactive|Joey Snowball has 30 seconds left.
|inactive|Joey Snowball has 20 seconds left.
|inactive|Joey Snowball has 15 seconds left.
|inactive|Joey Snowball has 10 seconds left.
|
|t:|1783791614
|move|p1b: Talonflame|Brave Bird|p2b: Not in Uber
|-supereffective|p2b: Not in Uber|1
|-damage|p2b: Not in Uber|10/100
|-damage|p1b: Talonflame|0 fnt|[from] Recoil
|faint|p1b: Talonflame
|move|p1a: Venusaur|Sleep Powder|p2b: Not in Uber
|-status|p2b: Not in Uber|slp|[from] move: Sleep Powder
|cant|p2b: Not in Uber|slp
|move|p2a: mega moxie|Waterfall|p1a: Venusaur
|-resisted|p1a: Venusaur|1
|-damage|p1a: Venusaur|78/100
|
|-ability|p2b: Not in Uber|Speed Boost|boost
|-boost|p2b: Not in Uber|spe|1
|upkeep
|
|t:|1783791627
|switch|p1b: Maushold|Maushold-Four, L50|100/100
|turn|3
|inactive|Joey Snowball has 30 seconds left.
|
|t:|1783791658
|switch|p2a: matcha at home|Sinistcha, L50|100/100
|-heal|p2b: Not in Uber|35/100 slp|[from] ability: Hospitality|[of] p2a: matcha at home
|move|p1b: Maushold|Population Bomb|p2a: matcha at home
|-immune|p2a: matcha at home
|move|p1a: Venusaur|Sludge Bomb|p2b: Not in Uber
|-damage|p2b: Not in Uber|0 fnt
|faint|p2b: Not in Uber
|
|upkeep
|inactive|Joey Snowball has 30 seconds left.
|
|t:|1783791685
|switch|p2b: no frisk no reward|Wyrdeer, L50, M|100/100
|-item|p1a: Venusaur|Venusaurite|[from] ability: Frisk|[of] p2b: no frisk no reward
|-item|p1b: Maushold|Wide Lens|[from] ability: Frisk|[of] p2b: no frisk no reward
|turn|4
|inactive|Joey Snowball has 30 seconds left.
|
|t:|1783791713
|move|p1b: Maushold|Population Bomb|p2b: no frisk no reward
|-damage|p2b: no frisk no reward|91/100
|-damage|p2b: no frisk no reward|82/100
|-crit|p2b: no frisk no reward
|-damage|p2b: no frisk no reward|70/100
|-damage|p2b: no frisk no reward|62/100
|-damage|p2b: no frisk no reward|53/100
|-damage|p2b: no frisk no reward|44/100
|-damage|p2b: no frisk no reward|35/100
|-damage|p2b: no frisk no reward|28/100
|-damage|p2b: no frisk no reward|20/100y
|-crit|p2b: no frisk no reward
|-damage|p2b: no frisk no reward|8/100
|-hitcount|p2b: no frisk no reward|10
|move|p1a: Venusaur|Sludge Bomb|p2a: matcha at home
|-damage|p2a: matcha at home|45/100
|move|p2a: matcha at home|Shadow Ball|p1a: Venusaur
|-damage|p1a: Venusaur|47/100
|move|p2b: no frisk no reward|Giga Impact|p1a: Venusaur
|-damage|p1a: Venusaur|0 fnt
|-mustrecharge|p2b: no frisk no reward
|faint|p1a: Venusaur
|
|-sideend|p1: prophetcassandra|move: Tailwind
|upkeep
|
|t:|1783791735
|switch|p1a: Swampert|Swampert, L50, F|100/100
|turn|5
|inactive|prophetcassandra has 30 seconds left.
|
|t:|1783791768
|move|p1b: Maushold|Crunch|p2a: matcha at home
|-supereffective|p2a: matcha at home|1
|-crit|p2a: matcha at home
|-damage|p2a: matcha at home|0 fnt
|faint|p2a: matcha at home
|cant|p2b: no frisk no reward|recharge
|move|p1a: Swampert|Waterfall|p2b: no frisk no reward
|-damage|p2b: no frisk no reward|0 fnt
|faint|p2b: no frisk no reward
|
|upkeep
|c|☆prophetcassandra|MOUSE
|
|t:|1783791778
|switch|p2a: mega moxie|Gyarados, L50, M|100/100
|-ability|p2a: mega moxie|Intimidate|boost
|-unboost|p1a: Swampert|atk|1
|-unboost|p1b: Maushold|atk|1
|turn|6
|
|t:|1783791790
|move|p1b: Maushold|Population Bomb|p2a: mega moxie
|-damage|p2a: mega moxie|95/100
|-damage|p2a: mega moxie|90/100
|-damage|p2a: mega moxie|85/100
|-damage|p2a: mega moxie|80/100
|-damage|p2a: mega moxie|74/100
|-damage|p2a: mega moxie|69/100
|-hitcount|p2a: mega moxie|6
|move|p2a: mega moxie|Power Whip|p1a: Swampert
|-supereffective|p1a: Swampert|2
|-damage|p1a: Swampert|2/100
|move|p1a: Swampert|Waterfall|p2a: mega moxie
|-resisted|p2a: mega moxie|1
|-damage|p2a: mega moxie|51/100
|
|upkeep
|turn|7
|inactive|Joey Snowball has 30 seconds left.
|
|t:|1783791819
|move|p1b: Maushold|Population Bomb|p2a: mega moxie
|-damage|p2a: mega moxie|46/100
|-damage|p2a: mega moxie|41/100
|-crit|p2a: mega moxie
|-damage|p2a: mega moxie|31/100
|-damage|p2a: mega moxie|25/100
|-damage|p2a: mega moxie|20/100y
|-damage|p2a: mega moxie|15/100
|-damage|p2a: mega moxie|10/100
|-damage|p2a: mega moxie|4/100
|-damage|p2a: mega moxie|0 fnt
|faint|p2a: mega moxie
|-hitcount|p2: mega moxie|9
|
|win|prophetcassandra
|inactive|prophetcassandra has 30 seconds to confirm battle start!
|inactive|Joey Snowball has 30 seconds to confirm battle start!
||prophetcassandra is ready for game 2.
