|j|☆Sasori07
|j|☆VelascoAlvarado
|html|Sasori07VelascoAlvarado    
|uhtml|bestof|Game 2 of a best-of-3
|t:|1784781747
|gametype|doubles
|player|p1|Sasori07|volkner|
|player|p2|VelascoAlvarado|eusine|
|gen|9
|tier|[Gen 9 Champions] VGC 2026 Reg M-B (Bo3)
|rule|Species Clause: Limit one of each Pokémon
|rule|Item Clause: Limit 1 of each item
|clearpoke
|poke|p1|Talonflame, L50, F|
|poke|p1|Rotom-Wash, L50|
|poke|p1|Froslass, L50, F|
|poke|p1|Glimmora, L50, F|
|poke|p1|Kingambit, L50, F|
|poke|p1|Garchomp, L50, F|
|poke|p2|Charizard, L50, M|
|poke|p2|Floette-Eternal, L50, F|
|poke|p2|Sinistcha, L50|
|poke|p2|Garchomp, L50, M|
|poke|p2|Incineroar, L50, M|
|poke|p2|Venusaur, L50, F|
|teampreview|4
|showteam|p1|Talonflame|||GaleWings|Acrobatics,Tailwind,FlareBlitz,Protect|Jolly||F|||50|]Rotom-Wash||Magnet|Levitate|Thunderbolt,HydroPump,WillOWisp,Protect|Modest|||||50|]Froslass||Froslassite|SnowCloak|Blizzard,ShadowBall,AuroraVeil,Protect|Timid||F|||50|]Glimmora||Glimmoranite|ToxicDebris|PowerGem,SludgeBomb,EarthPower,SpikyShield|Timid||F|||50|]Kingambit||ChopleBerry|Defiant|KowtowCleave,SuckerPunch,LowKick,Protect|Adamant||F|||50|]Garchomp||LumBerry|RoughSkin|DragonClaw,Earthquake,SwordsDance,Protect|Jolly||F|||50|
|showteam|p2|Charizard||CharizarditeY|SolarPower|HeatWave,SolarBeam,Protect,WeatherBall|Modest||M|||50|]Floette-Eternal||Floettite|FlowerVeil|DazzlingGleam,Moonblast,Protect,CalmMind|Timid||F|||50|]Sinistcha||KasibBerry|Hospitality|MatchaGotcha,RagePowder,TrickRoom,Protect|Relaxed|||||50|]Garchomp||ChoiceScarf|RoughSkin|DragonClaw,Earthquake,RockSlide,StompingTantrum|Adamant||M|||50|]Incineroar||SitrusBerry|Intimidate|PartingShot,FakeOut,ThroatChop,FlareBlitz|Careful||M|||50|]Venusaur||FocusSash|Chlorophyll|SludgeBomb,EarthPower,SleepPowder,Protect|Timid||F|||50|
|inactive|Battle timer is ON: inactive players will automatically lose when time's up. (requested by VelascoAlvarado)
|
|t:|1784781770
|teamsize|p1|4
|teamsize|p2|4
|start
|switch|p1a: Talonflame|Talonflame, L50, F|100/100
|switch|p1b: Garchomp|Garchomp, L50, F|100/100
|switch|p2a: Incineroar|Incineroar, L50, M|100/100
|switch|p2b: Floette|Floette-Eternal, L50, F|100/100
|-ability|p2a: Incineroar|Intimidate|boost
|-unboost|p1a: Talonflame|atk|1
|-unboost|p1b: Garchomp|atk|1
|turn|1
|
|t:|1784781789
|switch|p1b: Glimmora|Glimmora, L50, F|100/100
|detailschange|p2b: Floette|Floette-Mega, L50, F
|-mega|p2b: Floette|Floette|Floettite
|-ability|p2b: Floette|Fairy Aura
|move|p1a: Talonflame|Protect|p1a: Talonflame
|-singleturn|p1a: Talonflame|Protect
|move|p2a: Incineroar|Fake Out|p1b: Glimmora
|-resisted|p1b: Glimmora|1
|-damage|p1b: Glimmora|93/100
|-activate|p1b: Glimmora|ability: Toxic Debris
|-sidestart|p2: VelascoAlvarado|move: Toxic Spikes
|move|p2b: Floette|Calm Mind|p2b: Floette
|-boost|p2b: Floette|spa|1
|-boost|p2b: Floette|spd|1
|
|upkeep
|turn|2
|j| toxiccroc12
|l| toxiccroc12
|inactive|Sasori07 has 30 seconds left.
|inactive|VelascoAlvarado has 30 seconds left.
|
|t:|1784781815
|switch|p1a: Rotom|Rotom-Wash, L50|100/100
|detailschange|p1b: Glimmora|Glimmora-Mega, L50, F
|-mega|p1b: Glimmora|Glimmora|Glimmoranite
|move|p2b: Floette|Protect|p2b: Floette
|-singleturn|p2b: Floette|Protect
|move|p1b: Glimmora|Power Gem|p2a: Incineroar
|-supereffective|p2a: Incineroar|1
|-damage|p2a: Incineroar|8/100
|-enditem|p2a: Incineroar|Sitrus Berry|[eat]
|-heal|p2a: Incineroar|33/100|[from] item: Sitrus Berry
|move|p2a: Incineroar|Parting Shot|p1a: Rotom
|-unboost|p1a: Rotom|atk|1
|-unboost|p1a: Rotom|spa|1
|
|t:|1784781829
|switch|p2a: Garchomp|Garchomp, L50, M|100/100|[from] Parting Shot
|-status|p2a: Garchomp|psn
|
|-damage|p2a: Garchomp|87/100 psn|[from] psn
|upkeep
|turn|3
|inactive|VelascoAlvarado has 30 seconds left.
|
|t:|1784781855
|move|p1b: Glimmora|Spiky Shield|p1b: Glimmora
|-singleturn|p1b: Glimmora|move: Protect
|move|p2a: Garchomp|Stomping Tantrum|p1b: Glimmora
|-activate|p1b: Glimmora|move: Protect
|-damage|p2a: Garchomp|75/100 psn|[from] Spiky Shield|[of] p1b: Glimmora
|move|p2b: Floette|Moonblast|p1a: Rotom
|-damage|p1a: Rotom|7/100
|move|p1a: Rotom|Hydro Pump|p2a: Garchomp
|-damage|p2a: Garchomp|36/100 psn
|
|-damage|p2a: Garchomp|24/100 psn|[from] psn
|upkeep
|turn|4
|inactive|Sasori07 has 30 seconds left.
|inactive|VelascoAlvarado has 30 seconds left.
|inactive|Sasori07 has 20 seconds left.
|
|t:|1784781895
|switch|p1b: Garchomp|Garchomp, L50, F|100/100
|move|p2a: Garchomp|Stomping Tantrum|p1b: Garchomp
|-damage|p1b: Garchomp|56/100
|-damage|p2a: Garchomp|12/100 psn|[from] ability: Rough Skin|[of] p1b: Garchomp
|move|p2b: Floette|Dazzling Gleam|p1a: Rotom|[spread] p1a,p1b
|-supereffective|p1b: Garchomp|1
|-damage|p1a: Rotom|0 fnt
|-damage|p1b: Garchomp|0 fnt
|faint|p1a: Rotom
|faint|p1b: Garchomp
|
|-damage|p2a: Garchomp|0 fnt|[from] psn
|faint|p2a: Garchomp
|upkeep
|
|t:|1784781906
|switch|p1b: Talonflame|Talonflame, L50, F|100/100
|switch|p2a: Incineroar|Incineroar, L50, M|33/100
|switch|p1a: Glimmora|Glimmora-Mega, L50, F|93/100
|-status|p2a: Incineroar|psn
|-ability|p2a: Incineroar|Intimidate|boost
|-unboost|p1a: Glimmora|atk|1
|-unboost|p1b: Talonflame|atk|1
|turn|5
|
|t:|1784781927
|move|p2a: Incineroar|Fake Out|p1a: Glimmora
|-resisted|p1a: Glimmora|1
|-damage|p1a: Glimmora|88/100
|move|p1b: Talonflame|Acrobatics|p2b: Floette
|-damage|p2b: Floette|66/100
|move|p2b: Floette|Calm Mind|p2b: Floette
|-boost|p2b: Floette|spa|1
|-boost|p2b: Floette|spd|1
|cant|p1a: Glimmora|flinch
|
|-damage|p2a: Incineroar|20/100y psn|[from] psn
|upkeep
|turn|6
|inactive|Sasori07 has 30 seconds left.
|
|t:|1784781957
|switch|p2a: Sinistcha|Sinistcha, L50|100/100
|-status|p2a: Sinistcha|psn
|-heal|p2b: Floette|90/100|[from] ability: Hospitality|[of] p2a: Sinistcha
|move|p1b: Talonflame|Acrobatics|p2a: Sinistcha
|-supereffective|p2a: Sinistcha|1
|-damage|p2a: Sinistcha|51/100 psn
|move|p2b: Floette|Dazzling Gleam|p1b: Talonflame|[spread] p1a,p1b
|-resisted|p1a: Glimmora|1
|-resisted|p1b: Talonflame|1
|-damage|p1a: Glimmora|43/100
|-damage|p1b: Talonflame|37/100
|move|p1a: Glimmora|Sludge Bomb|p2a: Sinistcha
|-damage|p2a: Sinistcha|0 fnt
|faint|p2a: Sinistcha
|
|upkeep
|
|t:|1784781968
|switch|p2a: Incineroar|Incineroar, L50, M|20/100y psn
|-ability|p2a: Incineroar|Intimidate|boost
|-unboost|p1a: Glimmora|atk|1
|-unboost|p1b: Talonflame|atk|1
|turn|7
|
|t:|1784781978
|move|p1a: Glimmora|Spiky Shield|p1a: Glimmora
|-singleturn|p1a: Glimmora|move: Protect
|move|p2a: Incineroar|Fake Out|p1a: Glimmora
|-activate|p1a: Glimmora|move: Protect
|-damage|p2a: Incineroar|8/100 psn|[from] Spiky Shield|[of] p1a: Glimmora
|move|p1b: Talonflame|Acrobatics|p2b: Floette
|-damage|p2b: Floette|68/100
|move|p2b: Floette|Dazzling Gleam|p1b: Talonflame|[spread] p1b
|-activate|p1a: Glimmora|move: Protect
|-resisted|p1b: Talonflame|1
|-damage|p1b: Talonflame|0 fnt
|faint|p1b: Talonflame
|
|-damage|p2a: Incineroar|0 fnt|[from] psn
|faint|p2a: Incineroar
|upkeep
|turn|8
|
|t:|1784781997
|move|p2b: Floette|Moonblast|p1a: Glimmora
|-resisted|p1a: Glimmora|1
|-damage|p1a: Glimmora|0 fnt
|faint|p1a: Glimmora
|
|win|VelascoAlvarado
|c|☆Sasori07|Gg
|l|☆Sasori07
|player|p1|
|l|☆VelascoAlvarado
|player|p2|
|j|☆VelascoAlvarado
|player|p2|VelascoAlvarado|eusine|
