|j|☆Sap 3
|j|☆KodeBeast0526
|html|Sap 3KodeBeast0526    
|uhtml|bestof|Game 2 of a best-of-3
|t:|1784256815
|gametype|doubles
|player|p1|Sap 3|boarder|1040
|player|p2|KodeBeast0526|sailor|1161
|gen|9
|tier|[Gen 9 Champions] VGC 2026 Reg M-B (Bo3)
|rated|
|rule|Species Clause: Limit one of each Pokémon
|rule|Item Clause: Limit 1 of each item
|clearpoke
|poke|p1|Swampert, L50, F|
|poke|p1|Sceptile, L50, M|
|poke|p1|Pelipper, L50, F|
|poke|p1|Rotom-Wash, L50|
|poke|p1|Toxapex, L50, F|
|poke|p1|Sneasler, L50, F|
|poke|p2|Aerodactyl, L50, M|
|poke|p2|Kingambit, L50, M|
|poke|p2|Sylveon, L50, M|
|poke|p2|Garchomp, L50, M|
|poke|p2|Charizard, L50, M|
|poke|p2|Incineroar, L50, M|
|teampreview|4
|showteam|p1|Swampert||Swampertite|Torrent|WaveCrash,Earthquake,RockSlide,Protect|Jolly||F|||50|]Sceptile||Sceptilite|Overgrow|GigaDrain,DragonPulse,EarthPower,Protect|Timid||M|||50|]Pelipper||FocusSash|Drizzle|Hurricane,WeatherBall,IcyWind,Tailwind|Modest||F|||50|]Rotom-Wash||SitrusBerry|Levitate|Discharge,HydroPump,Thunderbolt,WillOWisp|Calm|||||50|]Toxapex||Leftovers|Regenerator|Liquidation,CrossPoison,Infestation,BanefulBunker|Careful||F|||50|]Sneasler||MuscleBand|PoisonTouch|CloseCombat,DireClaw,FakeOut,Uturn|Jolly||F|||50|
|showteam|p2|Aerodactyl||Aerodactylite|Unnerve|RockSlide,IceFang,Tailwind,WideGuard|Jolly||M|||50|]Kingambit||FocusSash|Defiant|KowtowCleave,SuckerPunch,IronHead,Protect|Adamant||M|||50|]Sylveon||FairyFeather|Pixilate|Detect,HyperVoice,HyperBeam,QuickAttack|Modest||M|||50|]Garchomp||LifeOrb|RoughSkin|Earthquake,DragonClaw,StompingTantrum,Protect|Jolly||M|||50|]Charizard||CharizarditeY|Blaze|Protect,HeatWave,SolarBeam,WeatherBall|Modest||M|||50|]Incineroar||SitrusBerry|Intimidate|DarkestLariat,FlareBlitz,FakeOut,PartingShot|Impish||M|||50|
|inactive|Battle timer is ON: inactive players will automatically lose when time's up. (requested by KodeBeast0526)
|
|t:|1784256846
|teamsize|p1|4
|teamsize|p2|4
|start
|switch|p1a: Leaves|Sceptile, L50, M|100/100
|switch|p1b: Washington|Rotom-Wash, L50|100/100
|switch|p2a: Aerodactyl|Aerodactyl, L50, M|100/100
|switch|p2b: Charizard|Charizard, L50, M|100/100
|-ability|p2a: Aerodactyl|Unnerve
|turn|1
|inactive|Sap 3 has 30 seconds left.
|
|t:|1784256874
|switch|p2b: Garchomp|Garchomp, L50, M|100/100
|detailschange|p1a: Leaves|Sceptile-Mega, L50, M
|-mega|p1a: Leaves|Sceptile|Sceptilite
|detailschange|p2a: Aerodactyl|Aerodactyl-Mega, L50, M
|-mega|p2a: Aerodactyl|Aerodactyl|Aerodactylite
|move|p1a: Leaves|Dragon Pulse|p2a: Aerodactyl
|-damage|p2a: Aerodactyl|50/100g
|move|p2a: Aerodactyl|Ice Fang|p1a: Leaves|[miss]
|-miss|p2a: Aerodactyl|p1a: Leaves
|move|p1b: Washington|Discharge|p2a: Aerodactyl|[spread] p2a
|-ability|p1a: Leaves|Lightning Rod|boost
|-boost|p1a: Leaves|spa|1
|-immune|p2b: Garchomp
|-supereffective|p2a: Aerodactyl|1
|-damage|p2a: Aerodactyl|7/100
|-status|p2a: Aerodactyl|par
|
|upkeep
|turn|2
|inactive|Sap 3 has 30 seconds left.
|
|t:|1784256906
|move|p1a: Leaves|Dragon Pulse|p2b: Garchomp
|-supereffective|p2b: Garchomp|1
|-damage|p2b: Garchomp|0 fnt
|faint|p2b: Garchomp
|move|p1b: Washington|Thunderbolt|p1a: Leaves
|-activate|p1a: Leaves|ability: Lightning Rod
|-ability|p1a: Leaves|Lightning Rod|boost
|-boost|p1a: Leaves|spa|1
|move|p2a: Aerodactyl|Ice Fang|p1a: Leaves
|-supereffective|p1a: Leaves|2
|-damage|p1a: Leaves|0 fnt
|faint|p1a: Leaves
|
|upkeep
|
|t:|1784256918
|switch|p1a: Sneasler|Sneasler, L50, F|100/100
|switch|p2b: Kingambit|Kingambit, L50, M|100/100
|turn|3
|
|t:|1784256935
|move|p1a: Sneasler|Fake Out|p2a: Aerodactyl
|-resisted|p2a: Aerodactyl|1
|-damage|p2a: Aerodactyl|0 fnt
|faint|p2a: Aerodactyl
|move|p1b: Washington|Will-O-Wisp|p2b: Kingambit
|-status|p2b: Kingambit|brn
|move|p2b: Kingambit|Kowtow Cleave|p1b: Washington
|-damage|p1b: Washington|73/100
|
|-damage|p2b: Kingambit|94/100 brn|[from] brn
|upkeep
|
|t:|1784256942
|switch|p2a: Charizard|Charizard, L50, M|100/100
|turn|4
|
|t:|1784256954
|move|p2b: Kingambit|Sucker Punch|p1b: Washington
|-damage|p1b: Washington|52/100
|move|p1a: Sneasler|Close Combat|p2b: Kingambit
|-supereffective|p2b: Kingambit|2
|-damage|p2b: Kingambit|0 fnt
|-unboost|p1a: Sneasler|def|1
|-unboost|p1a: Sneasler|spd|1
|faint|p2b: Kingambit
|move|p2a: Charizard|Solar Beam||[still]
|-prepare|p2a: Charizard|Solar Beam
|move|p1b: Washington|Thunderbolt|p2a: Charizard
|-supereffective|p2a: Charizard|1
|-damage|p2a: Charizard|22/100
|
|upkeep
|turn|5
|
|t:|1784256965
|move|p1a: Sneasler|Dire Claw|p2a: Charizard
|-damage|p2a: Charizard|0 fnt
|faint|p2a: Charizard
|
|win|Sap 3
||Sap 3 is ready for game 3.
|l|☆Sap 3
|player|p1|
||KodeBeast0526 is ready for game 3.
|uhtml|next|Next: Game 3 of 3
