|j|☆Zevenit
|j|☆pikatrod
|html|Zevenitpikatrod    
|uhtml|bestof|Game 1 of a best-of-3
|t:|1784604843
|gametype|doubles
|player|p1|Zevenit|waiter-gen4dp|1282
|player|p2|pikatrod|169|1424
|gen|9
|tier|[Gen 9 Champions] VGC 2026 Reg M-B (Bo3)
|rated|
|rule|Species Clause: Limit one of each Pokémon
|rule|Item Clause: Limit 1 of each item
|clearpoke
|poke|p1|Delphox, L50, M|
|poke|p1|Sneasler, L50, M|
|poke|p1|Incineroar, L50, M|
|poke|p1|Sinistcha, L50|
|poke|p1|Maushold-Four, L50|
|poke|p1|Blastoise, L50, M|
|poke|p2|Kingambit, L50, M|
|poke|p2|Charizard, L50, M|
|poke|p2|Aerodactyl, L50, M|
|poke|p2|Farigiraf, L50, M|
|poke|p2|Garchomp, L50, F|
|poke|p2|Sylveon, L50, F|
|teampreview|4
|showteam|p1|Delphox||Delphoxite|Blaze|HeatWave,Psyshock,NastyPlot,Protect|Timid||M|||50|]Sneasler||FocusSash|PoisonTouch|CloseCombat,PoisonJab,FakeOut,QuickGuard|Jolly||M|||50|]Incineroar||SitrusBerry|Intimidate|FlareBlitz,ThroatChop,FakeOut,PartingShot|Impish||M|||50|]Sinistcha||OccaBerry|Hospitality|MatchaGotcha,RagePowder,LifeDew,Protect|Bold|||||50|]Maushold-Four||ChopleBerry|FriendGuard|FollowMe,Feint,HelpingHand,Protect|Impish|||||50|]Blastoise||Blastoisinite|RainDish|WaterSpout,DarkPulse,ShellSmash,Protect|Modest||M|||50|
|showteam|p2|Kingambit||FocusSash|Defiant|KowtowCleave,IronHead,SuckerPunch,LowKick|Adamant||M|||50|]Charizard||CharizarditeY|Blaze|HeatWave,SolarBeam,WeatherBall,Protect|Modest||M|||50|]Aerodactyl||Aerodactylite|Unnerve|RockSlide,DualWingbeat,IceFang,Tailwind|Jolly||M|||50|]Farigiraf||SitrusBerry|ArmorTail|TwinBeam,Thunderbolt,TrickRoom,Roar|Bold||M|||50|]Garchomp||LifeOrb|RoughSkin|Earthquake,DragonClaw,StompingTantrum,Protect|Jolly||F|||50|]Sylveon||FairyFeather|Pixilate|HyperVoice,HyperBeam,QuickAttack,Protect|Modest||F|||50|
|inactive|Battle timer is ON: inactive players will automatically lose when time's up. (requested by Zevenit)
|inactive|Zevenit has 60 seconds left.
|inactive|pikatrod has 60 seconds left.
|inactive|pikatrod has 30 seconds left.
|inactive|pikatrod has 20 seconds left.
|inactive|pikatrod has 15 seconds left.
|inactive|pikatrod has 10 seconds left.
|inactive|pikatrod has 5 seconds left.
|
|t:|1784604931
|teamsize|p1|4
|teamsize|p2|4
|start
|switch|p1a: Delphox|Delphox, L50, M|100/100
|switch|p1b: Sneasler|Sneasler, L50, M|100/100
|switch|p2a: Charizard|Charizard, L50, M|100/100
|switch|p2b: Aerodactyl|Aerodactyl, L50, M|100/100
|-ability|p2b: Aerodactyl|Unnerve
|turn|1
|inactive|Zevenit has 30 seconds left.
|
|t:|1784604957
|switch|p1b: Incineroar|Incineroar, L50, M|100/100
|-ability|p1b: Incineroar|Intimidate|boost
|-unboost|p2a: Charizard|atk|1
|-unboost|p2b: Aerodactyl|atk|1
|switch|p2a: Farigiraf|Farigiraf, L50, M|100/100
|detailschange|p2b: Aerodactyl|Aerodactyl-Mega, L50, M
|-mega|p2b: Aerodactyl|Aerodactyl|Aerodactylite
|detailschange|p1a: Delphox|Delphox-Mega, L50, M
|-mega|p1a: Delphox|Delphox|Delphoxite
|move|p1a: Delphox|Protect|p1a: Delphox
|-singleturn|p1a: Delphox|Protect
|move|p2b: Aerodactyl|Rock Slide|p1b: Incineroar|[spread] p1b
|-activate|p1a: Delphox|move: Protect
|-supereffective|p1b: Incineroar|1
|-damage|p1b: Incineroar|67/100
|
|upkeep
|turn|2
|inactive|Zevenit has 30 seconds left.
|
|t:|1784604989
|switch|p1a: Maushold|Maushold-Four, L50|100/100
|move|p2b: Aerodactyl|Rock Slide|p1b: Incineroar|[spread] p1a,p1b
|-supereffective|p1b: Incineroar|1
|-damage|p1a: Maushold|81/100
|-damage|p1b: Incineroar|40/100
|-enditem|p1b: Incineroar|Sitrus Berry|[eat]
|-heal|p1b: Incineroar|65/100|[from] item: Sitrus Berry
|move|p1b: Incineroar|Parting Shot|p2b: Aerodactyl
|-unboost|p2b: Aerodactyl|atk|1
|-unboost|p2b: Aerodactyl|spa|1
|
|t:|1784604999
|switch|p1b: Delphox|Delphox-Mega, L50, M|100/100|[from] Parting Shot
|move|p2a: Farigiraf|Thunderbolt|p1b: Delphox
|-damage|p1b: Delphox|85/100
|
|upkeep
|turn|3
|
|t:|1784605020
|switch|p2b: Charizard|Charizard, L50, M|100/100
|switch|p1a: Incineroar|Incineroar, L50, M|65/100
|-ability|p1a: Incineroar|Intimidate|boost
|-unboost|p2a: Farigiraf|atk|1
|-unboost|p2b: Charizard|atk|1
|move|p1b: Delphox|Nasty Plot|p1b: Delphox
|-boost|p1b: Delphox|spa|2
|move|p2a: Farigiraf|Roar|p1b: Delphox
|drag|p1b: Maushold|Maushold-Four, L50|81/100
|
|upkeep
|turn|4
|
|t:|1784605044
|switch|p2b: Aerodactyl|Aerodactyl-Mega, L50, M|100/100
|move|p1b: Maushold|Helping Hand|p1a: Incineroar
|-singleturn|p1a: Incineroar|Helping Hand|[of] p1b: Maushold
|move|p1a: Incineroar|Throat Chop|p2a: Farigiraf
|-supereffective|p2a: Farigiraf|1
|-damage|p2a: Farigiraf|31/100
|-start|p2a: Farigiraf|Throat Chop|[silent]
|-enditem|p2a: Farigiraf|Sitrus Berry|[eat]
|-heal|p2a: Farigiraf|55/100|[from] item: Sitrus Berry
|move|p2a: Farigiraf|Twin Beam|p1b: Maushold
|-damage|p1b: Maushold|65/100
|-damage|p1b: Maushold|49/100
|-hitcount|p1b: Maushold|2
|
|upkeep
|turn|5
|
|t:|1784605061
|switch|p2a: Charizard|Charizard, L50, M|100/100
|move|p1b: Maushold|Protect|p1b: Maushold
|-singleturn|p1b: Maushold|Protect
|move|p2b: Aerodactyl|Rock Slide|p1b: Maushold|[spread] p1a
|-activate|p1b: Maushold|move: Protect
|-supereffective|p1a: Incineroar|1
|-damage|p1a: Incineroar|32/100
|cant|p1a: Incineroar|flinch
|
|upkeep
|turn|6
|
|t:|1784605080
|move|p1b: Maushold|Feint|p2a: Charizard
|-damage|p2a: Charizard|89/100
|move|p2b: Aerodactyl|Rock Slide|p1a: Incineroar|[spread] p1a,p1b
|-supereffective|p1a: Incineroar|1
|-damage|p1a: Incineroar|0 fnt
|-damage|p1b: Maushold|19/100
|faint|p1a: Incineroar
|move|p2a: Charizard|Heat Wave|p1b: Maushold
|-damage|p1b: Maushold|0 fnt
|faint|p1b: Maushold
|
|upkeep
|
|t:|1784605085
|switch|p1b: Delphox|Delphox-Mega, L50, M|85/100
|switch|p1a: Sneasler|Sneasler, L50, M|100/100
|turn|7
|
|t:|1784605098
|switch|p2a: Farigiraf|Farigiraf, L50, M|55/100
|move|p2b: Aerodactyl|Dual Wingbeat|p1a: Sneasler
|-supereffective|p1a: Sneasler|1
|-damage|p1a: Sneasler|3/100
|-supereffective|p1a: Sneasler|1
|-damage|p1a: Sneasler|0 fnt
|faint|p1a: Sneasler
|-hitcount|p1: Sneasler|2
|move|p1b: Delphox|Nasty Plot|p1b: Delphox
|-boost|p1b: Delphox|spa|2
|
|upkeep
|turn|8
|
|t:|1784605119
|move|p2b: Aerodactyl|Rock Slide|p1b: Delphox
|-supereffective|p1b: Delphox|1
|-damage|p1b: Delphox|0 fnt
|faint|p1b: Delphox
|
|win|pikatrod
||pikatrod is ready for game 2.
||Zevenit is ready for game 2.
|uhtml|next|Next: Game 2 of 3
|l|☆Zevenit
|player|p1|
