|j|☆GiovanniMuciaccia
|j|☆enrico20022002
|html|GiovanniMuciacciaenrico20022002    
|uhtml|bestof|Game 1 of a best-of-3
|t:|1756731894
|gametype|doubles
|player|p1|GiovanniMuciaccia|265|1230
|player|p2|enrico20022002|101|1166
|gen|9
|tier|[Gen 9] VGC 2025 Reg H (Bo3)
|rated|
|rule|Species Clause: Limit one of each Pokémon
|rule|Item Clause: Limit 1 of each item
|clearpoke
|poke|p1|Charizard, L50, F|
|poke|p1|Torkoal, L50, M|
|poke|p1|Porygon2, L50|
|poke|p1|Incineroar, L50, M|
|poke|p1|Jumpluff, L50, M|
|poke|p1|Ursaluna, L50, M|
|poke|p2|Archaludon, L50, F|
|poke|p2|Sneasler, L50, M|
|poke|p2|Incineroar, L50, F|
|poke|p2|Rillaboom, L50, M|
|poke|p2|Dragonite, L50, F|
|poke|p2|Annihilape, L50, F|
|teampreview|4
|showteam|p1|Charizard||ChoiceSpecs|SolarPower|HeatWave,Overheat,WeatherBall,AirSlash|||F|||50|,,,,,Ghost]Torkoal||EjectPack|Drought|Eruption,Overheat,HelpingHand,Protect|||M|||50|,,,,,Fire]Porygon2||Eviolite|Download|TeraBlast,IceBeam,Recover,TrickRoom||||||50|,,,,,Fighting]Incineroar||SitrusBerry|Intimidate|FlareBlitz,KnockOff,FakeOut,PartingShot|||M|||50|,,,,,Ghost]Jumpluff||CovertCloak|Chlorophyll|SleepPowder,SunnyDay,RagePowder,Tailwind|||M|||50|,,,,,Water]Ursaluna||FlameOrb|Guts|HeadlongRush,Facade,Earthquake,Protect|||M|||50|,,,,,Ghost
|showteam|p2|Archaludon||PowerHerb|Sturdy|ElectroShot,DragonPulse,Thunderbolt,Protect|||F|||50|,,,,,Electric]Sneasler||FocusSash|PoisonTouch|FakeOut,DireClaw,CloseCombat,Protect|||M|||50|,,,,,Stellar]Incineroar||SafetyGoggles|Intimidate|FakeOut,PartingShot,FlareBlitz,KnockOff|||F|||50|,,,,,Ghost]Rillaboom||AssaultVest|GrassySurge|FakeOut,Uturn,WoodHammer,GrassyGlide|||M|||50|,,,,,Fire]Dragonite||LoadedDice|Multiscale|ScaleShot,ExtremeSpeed,Haze,Protect|||F|||50|,,,,,Fairy]Annihilape||ChoiceScarf|VitalSpirit|CloseCombat,FinalGambit,RageFist,Coaching|||F|||50|,,,,,Fighting
|inactive|Battle timer is ON: inactive players will automatically lose when time's up. (requested by enrico20022002)
|j| magicplayher
|inactive|GiovanniMuciaccia has 60 seconds left.
|inactive|enrico20022002 has 60 seconds left.
|
|t:|1756731950
|teamsize|p1|4
|teamsize|p2|4
|start
|switch|p1a: Jumpluff|Jumpluff, L50, M|100/100
|switch|p1b: Incineroar|Incineroar, L50, M|100/100
|switch|p2a: Annihilape|Annihilape, L50, F|100/100
|switch|p2b: Sneasler|Sneasler, L50, M|100/100
|-ability|p1b: Incineroar|Intimidate|boost
|-unboost|p2a: Annihilape|atk|1
|-unboost|p2b: Sneasler|atk|1
|turn|1
|inactive|GiovanniMuciaccia has 30 seconds left.
|
|t:|1756731981
|switch|p2b: Incineroar|Incineroar, L50, F|100/100
|-ability|p2b: Incineroar|Intimidate|boost
|-unboost|p1a: Jumpluff|atk|1
|-unboost|p1b: Incineroar|atk|1
|move|p2a: Annihilape|Final Gambit|p1a: Jumpluff
|-damage|p1a: Jumpluff|0 fnt
|faint|p2a: Annihilape
|faint|p1a: Jumpluff
|move|p1b: Incineroar|Parting Shot|p2b: Incineroar
|-unboost|p2b: Incineroar|atk|1
|-unboost|p2b: Incineroar|spa|1
|
|t:|1756731991
|switch|p1b: Ursaluna|Ursaluna, L50, M|100/100|[from] Parting Shot
|
|-status|p1b: Ursaluna|brn|[from] item: Flame Orb
|upkeep
|
|t:|1756731999
|switch|p1a: Incineroar|Incineroar, L50, M|100/100
|switch|p2a: Dragonite|Dragonite, L50, F|100/100
|-ability|p1a: Incineroar|Intimidate|boost
|-unboost|p2a: Dragonite|atk|1
|-unboost|p2b: Incineroar|atk|1
|turn|2
|
|t:|1756732021
|-terastallize|p2b: Incineroar|Ghost
|move|p2a: Dragonite|Protect|p2a: Dragonite
|-singleturn|p2a: Dragonite|Protect
|move|p1a: Incineroar|Fake Out|p2a: Dragonite
|-activate|p2a: Dragonite|move: Protect
|move|p1b: Ursaluna|Facade|p2a: Dragonite
|-activate|p2a: Dragonite|move: Protect
|move|p2b: Incineroar|Knock Off|p1b: Ursaluna
|-damage|p1b: Ursaluna|84/100 brn
|-enditem|p1b: Ursaluna|Flame Orb|[from] move: Knock Off|[of] p2b: Incineroar
|
|-damage|p1b: Ursaluna|79/100 brn|[from] brn
|upkeep
|turn|3
|
|t:|1756732039
|move|p2a: Dragonite|Scale Shot|p1b: Ursaluna
|-damage|p1b: Ursaluna|72/100 brn
|-damage|p1b: Ursaluna|65/100 brn
|-damage|p1b: Ursaluna|59/100 brn
|-damage|p1b: Ursaluna|53/100 brn
|-hitcount|p1b: Ursaluna|4
|-unboost|p2a: Dragonite|def|1
|-boost|p2a: Dragonite|spe|1
|move|p1a: Incineroar|Knock Off|p2a: Dragonite
|-damage|p2a: Dragonite|68/100
|-enditem|p2a: Dragonite|Loaded Dice|[from] move: Knock Off|[of] p1a: Incineroar
|move|p1b: Ursaluna|Facade|p2a: Dragonite
|-damage|p2a: Dragonite|0 fnt
|faint|p2a: Dragonite
|move|p2b: Incineroar|Parting Shot|p1b: Ursaluna
|-unboost|p1b: Ursaluna|atk|1
|-unboost|p1b: Ursaluna|spa|1
|
|t:|1756732051
|switch|p2b: Sneasler|Sneasler, L50, M|100/100|[from] Parting Shot
|
|-damage|p1b: Ursaluna|48/100 brn|[from] brn
|upkeep
|
|t:|1756732053
|switch|p2a: Incineroar|Incineroar, L50, F, tera:Ghost|100/100
|-ability|p2a: Incineroar|Intimidate|boost
|-unboost|p1a: Incineroar|atk|1
|-unboost|p1b: Ursaluna|atk|1
|turn|4
|inactive|GiovanniMuciaccia has 30 seconds left.
|
|t:|1756732087
|-terastallize|p1a: Incineroar|Ghost
|move|p2b: Sneasler|Close Combat|p1b: Ursaluna
|-supereffective|p1b: Ursaluna
|-damage|p1b: Ursaluna|0 fnt
|-unboost|p2b: Sneasler|def|1
|-unboost|p2b: Sneasler|spd|1
|faint|p1b: Ursaluna
|move|p1a: Incineroar|Parting Shot|p2a: Incineroar
|-unboost|p2a: Incineroar|atk|1
|-unboost|p2a: Incineroar|spa|1
|
|t:|1756732094
|switch|p1a: Charizard|Charizard, L50, F|100/100|[from] Parting Shot
|move|p2a: Incineroar|Knock Off|p1a: Charizard
|-damage|p1a: Charizard|65/100
|-enditem|p1a: Charizard|Choice Specs|[from] move: Knock Off|[of] p2a: Incineroar
|
|upkeep
|
|t:|1756732099
|switch|p1b: Incineroar|Incineroar, L50, M, tera:Ghost|100/100
|-ability|p1b: Incineroar|Intimidate|boost
|-unboost|p2a: Incineroar|atk|1
|-unboost|p2b: Sneasler|atk|1
|turn|5
|
|t:|1756732110
|move|p1b: Incineroar|Fake Out|p2b: Sneasler
|-damage|p2b: Sneasler|68/100
|cant|p2b: Sneasler|flinch
|move|p1a: Charizard|Heat Wave|p2a: Incineroar|[spread] p2b
|-miss|p1a: Charizard|p2a: Incineroar
|-damage|p2b: Sneasler|0 fnt
|faint|p2b: Sneasler
|move|p2a: Incineroar|Knock Off|p1a: Charizard
|-damage|p1a: Charizard|47/100
|
|upkeep
|turn|6
|
|t:|1756732118
|move|p1a: Charizard|Heat Wave|p2a: Incineroar
|-crit|p2a: Incineroar
|-damage|p2a: Incineroar|50/100
|move|p1b: Incineroar|Knock Off|p2a: Incineroar
|-supereffective|p2a: Incineroar
|-damage|p2a: Incineroar|0 fnt
|-enditem|p2a: Incineroar|Safety Goggles|[from] move: Knock Off|[of] p1b: Incineroar
|faint|p2a: Incineroar
|
|win|GiovanniMuciaccia
||GiovanniMuciaccia is ready for game 2.
|l|☆enrico20022002
|player|p2|
||enrico20022002 is ready for game 2.
|uhtml|next|Next: Game 2 of 3
