|j|☆Govek314
|j|☆Acris
|html|Govek314Acris    
|uhtml|bestof|Game 1 of a best-of-3
|t:|1756856252
|gametype|doubles
|player|p1|Govek314|2|1123
|player|p2|Acris|169|1165
|gen|9
|tier|[Gen 9] VGC 2025 Reg H (Bo3)
|rated|
|rule|Species Clause: Limit one of each Pokémon
|rule|Item Clause: Limit 1 of each item
|clearpoke
|poke|p1|Hydreigon, L50, M|
|poke|p1|Ursaluna-Bloodmoon, L50, M|
|poke|p1|Gholdengo, L50|
|poke|p1|Weezing-Galar, L50, M|
|poke|p1|Porygon2, L50|
|poke|p1|Incineroar, L50, F|
|poke|p2|Archaludon, L50, M|
|poke|p2|Pelipper, L50, M|
|poke|p2|Basculegion, L50, M|
|poke|p2|Incineroar, L50, F|
|poke|p2|Maushold-Four, L50|
|poke|p2|Annihilape, L50, F|
|teampreview|4
|showteam|p1|Hydreigon||SafetyGoggles|Levitate|DracoMeteor,Snarl,Tailwind,Protect|||M|||50|,,,,,Ghost]Ursaluna-Bloodmoon||LifeOrb|MindsEye|BloodMoon,HyperVoice,Protect,EarthPower|||M|||50|,,,,,Normal]Gholdengo||ChoiceSpecs|GoodasGold|ShadowBall,DazzlingGleam,Thunderbolt,MakeItRain||||||50|,,,,,Fairy]Weezing-Galar||SitrusBerry|NeutralizingGas|GunkShot,PlayRough,Haze,Protect|||M|||50|,,,,,Water]Porygon2||Eviolite|Download|TeraBlast,IceBeam,Recover,TrickRoom||||||50|,,,,,Fighting]Incineroar||AbilityShield|Intimidate|FakeOut,FlareBlitz,KnockOff,PartingShot|||F|||50|,,,,,Ghost
|showteam|p2|Archaludon||AssaultVest|Stamina|DracoMeteor,FlashCannon,ElectroShot,BodyPress|||M|||50|,,,,,Grass]Pelipper||FocusSash|Drizzle|Hurricane,WeatherBall,Tailwind,HelpingHand|||M|||50|,,,,,Stellar]Basculegion||ChoiceBand|SwiftSwim|WaveCrash,FlipTurn,LastRespects,AquaJet|||M|||50|,,,,,Water]Incineroar||SafetyGoggles|Intimidate|FakeOut,KnockOff,Taunt,PartingShot|||F|||50|,,,,,Ghost]Maushold-Four||WideLens|Technician|PopulationBomb,BeatUp,FollowMe,Protect||||||50|,,,,,Ghost]Annihilape||Leftovers|Defiant|DrainPunch,RageFist,BulkUp,Protect|||F|||50|,,,,,Grass
|inactive|Battle timer is ON: inactive players will automatically lose when time's up. (requested by Acris)
|c|☆Acris|gweezing team is actually kinda sick man
|c|☆Acris|glhf
|inactive|Govek314 has 60 seconds left.
|c|☆Govek314|glhf
|c|☆Govek314|thanks
|inactive|Acris has 30 seconds left.
|
|t:|1756856329
|teamsize|p1|4
|teamsize|p2|4
|start
|switch|p1a: Weezing|Weezing-Galar, L50, M, shiny|100/100
|switch|p1b: Hydreigon|Hydreigon, L50, M|100/100
|switch|p2a: Incineroar|Incineroar, L50, F|100/100
|switch|p2b: Annihilape|Annihilape, L50, F|100/100
|-ability|p1a: Weezing|Neutralizing Gas
|turn|1
|
|t:|1756856352
|-terastallize|p1b: Hydreigon|Ghost
|move|p2a: Incineroar|Fake Out|p1a: Weezing
|-damage|p1a: Weezing|90/100
|move|p1b: Hydreigon|Tailwind|p1b: Hydreigon
|-sidestart|p1: Govek314|move: Tailwind
|cant|p1a: Weezing|flinch
|move|p2b: Annihilape|Drain Punch|p1b: Hydreigon
|-immune|p1b: Hydreigon
|
|upkeep
|turn|2
|
|t:|1756856368
|move|p2b: Annihilape|Protect|p2b: Annihilape
|-singleturn|p2b: Annihilape|Protect
|move|p1b: Hydreigon|Draco Meteor|p2b: Annihilape
|-activate|p2b: Annihilape|move: Protect
|move|p1a: Weezing|Play Rough|p2b: Annihilape
|-activate|p2b: Annihilape|move: Protect
|move|p2a: Incineroar|Parting Shot|p1a: Weezing
|-unboost|p1a: Weezing|atk|1
|-unboost|p1a: Weezing|spa|1
|
|t:|1756856382
|switch|p2a: Maushold|Maushold-Four, L50|100/100|[from] Parting Shot
|
|upkeep
|turn|3
|inactive|Acris has 30 seconds left.
|inactive|Acris has 20 seconds left.
|
|t:|1756856418
|move|p2a: Maushold|Protect|p2a: Maushold
|-singleturn|p2a: Maushold|Protect
|move|p1b: Hydreigon|Draco Meteor|p2a: Maushold
|-activate|p2a: Maushold|move: Protect
|move|p1a: Weezing|Play Rough|p2a: Maushold
|-activate|p2a: Maushold|move: Protect
|move|p2b: Annihilape|Rage Fist|p1b: Hydreigon
|-supereffective|p1b: Hydreigon
|-damage|p1b: Hydreigon|55/100
|
|upkeep
|turn|4
|
|t:|1756856434
|switch|p2a: Incineroar|Incineroar, L50, F|100/100
|move|p1b: Hydreigon|Draco Meteor|p2a: Incineroar
|-damage|p2a: Incineroar|55/100
|-unboost|p1b: Hydreigon|spa|2
|move|p1a: Weezing|Play Rough|p2a: Incineroar
|-damage|p2a: Incineroar|33/100
|move|p2b: Annihilape|Rage Fist|p1b: Hydreigon
|-supereffective|p1b: Hydreigon
|-damage|p1b: Hydreigon|7/100
|
|-sideend|p1: Govek314|move: Tailwind
|upkeep
|turn|5
|inactive|Acris has 30 seconds left.
|
|t:|1756856459
|switch|p2a: Archaludon|Archaludon, L50, M|100/100
|move|p1b: Hydreigon|Tailwind|p1b: Hydreigon
|-sidestart|p1: Govek314|move: Tailwind
|move|p1a: Weezing|Gunk Shot|p2a: Archaludon
|-immune|p2a: Archaludon
|move|p2b: Annihilape|Rage Fist|p1b: Hydreigon
|-supereffective|p1b: Hydreigon
|-damage|p1b: Hydreigon|0 fnt
|faint|p1b: Hydreigon
|
|upkeep
|
|t:|1756856473
|switch|p1b: Ursaluna|Ursaluna-Bloodmoon, L50, M|100/100
|turn|6
|
|t:|1756856497
|move|p2b: Annihilape|Protect|p2b: Annihilape
|-singleturn|p2b: Annihilape|Protect
|move|p1b: Ursaluna|Blood Moon|p2b: Annihilape
|-activate|p2b: Annihilape|move: Protect
|move|p1a: Weezing|Play Rough|p2b: Annihilape
|-activate|p2b: Annihilape|move: Protect
|move|p2a: Archaludon|Body Press|p1b: Ursaluna
|-supereffective|p1b: Ursaluna
|-damage|p1b: Ursaluna|58/100
|
|upkeep
|turn|7
|
|t:|1756856518
|switch|p1b: Incineroar|Incineroar, L50, F, shiny|100/100
|-ability|p1b: Incineroar|Intimidate|boost
|-unboost|p2a: Archaludon|atk|1
|-unboost|p2b: Annihilape|atk|1
|move|p1a: Weezing|Play Rough|p2a: Archaludon
|-damage|p2a: Archaludon|82/100
|move|p2b: Annihilape|Drain Punch|p1b: Incineroar
|-supereffective|p1b: Incineroar
|-crit|p1b: Incineroar
|-damage|p1b: Incineroar|11/100
|move|p2a: Archaludon|Body Press|p1b: Incineroar
|-supereffective|p1b: Incineroar
|-crit|p1b: Incineroar
|-damage|p1b: Incineroar|0 fnt
|faint|p1b: Incineroar
|
|upkeep
|
|t:|1756856532
|switch|p1b: Ursaluna|Ursaluna-Bloodmoon, L50, M|58/100
|turn|8
|
|t:|1756856541
|move|p2b: Annihilape|Protect|p2b: Annihilape
|-singleturn|p2b: Annihilape|Protect
|move|p1b: Ursaluna|Earth Power|p2a: Archaludon
|-supereffective|p2a: Archaludon
|-damage|p2a: Archaludon|0 fnt
|faint|p2a: Archaludon
|-damage|p1b: Ursaluna|49/100|[from] item: Life Orb
|move|p1a: Weezing|Play Rough|p2b: Annihilape
|-activate|p2b: Annihilape|move: Protect
|
|-sideend|p1: Govek314|move: Tailwind
|upkeep
|
|t:|1756856547
|switch|p2a: Maushold|Maushold-Four, L50|100/100
|turn|9
|
|t:|1756856559
|move|p2a: Maushold|Population Bomb|p1b: Ursaluna
|-damage|p1b: Ursaluna|43/100
|-damage|p1b: Ursaluna|37/100
|-damage|p1b: Ursaluna|31/100
|-damage|p1b: Ursaluna|25/100
|-damage|p1b: Ursaluna|19/100
|-damage|p1b: Ursaluna|13/100
|-damage|p1b: Ursaluna|8/100
|-damage|p1b: Ursaluna|2/100
|-damage|p1b: Ursaluna|0 fnt
|faint|p1b: Ursaluna
|-hitcount|p1: Ursaluna|9
|move|p2b: Annihilape|Bulk Up|p2b: Annihilape
|-boost|p2b: Annihilape|atk|1
|-boost|p2b: Annihilape|def|1
|move|p1a: Weezing|Gunk Shot|p2a: Maushold
|-damage|p2a: Maushold|42/100
|
|upkeep
|turn|10
|
|t:|1756856581
|move|p2a: Maushold|Beat Up|p2b: Annihilape
|-damage|p2b: Annihilape|98/100
|-damage|p2b: Annihilape|95/100
|-damage|p2b: Annihilape|92/100
|-hitcount|p2b: Annihilape|3
|move|p2b: Annihilape|Rage Fist|p1a: Weezing
|-damage|p1a: Weezing|3/100
|-enditem|p1a: Weezing|Sitrus Berry|[eat]
|-heal|p1a: Weezing|28/100|[from] item: Sitrus Berry
|move|p1a: Weezing|Gunk Shot|p2a: Maushold|[miss]
|-miss|p1a: Weezing|p2a: Maushold
|
|-heal|p2b: Annihilape|99/100|[from] item: Leftovers
|upkeep
|turn|11
|c|☆Govek314|you got all the calls there
|c|☆Acris|it happens
|-message|Govek314 forfeited.
|
|win|Acris
|l|☆Govek314
|player|p1|
||Acris is ready for game 2.
|j|☆Govek314
|player|p1|Govek314|2|
|inactive|Govek314 has 30 seconds to confirm battle start!
