|j|☆Sparklucario
|j|‽CaratroncoSun
|html|SparklucarioCaratroncoSun    
|uhtml|bestof|Game 3 of a best-of-3
|t:|1784107861
|gametype|doubles
|player|p1|Sparklucario|102|1200
|player|p2|CaratroncoSun|juan|1296
|gen|9
|tier|[Gen 9 Champions] VGC 2026 Reg M-B (Bo3)
|rated|
|rule|Species Clause: Limit one of each Pokémon
|rule|Item Clause: Limit 1 of each item
|clearpoke
|poke|p1|Hydreigon, L50, M|
|poke|p1|Garchomp, L50, F|
|poke|p1|Metagross, L50|
|poke|p1|Charizard, L50, F|
|poke|p1|Grimmsnarl, L50, M|
|poke|p1|Toxapex, L50, M|
|poke|p2|Charizard, L50, F, shiny|
|poke|p2|Venusaur, L50, M, shiny|
|poke|p2|Whimsicott, L50, F, shiny|
|poke|p2|Basculegion, L50, M|
|poke|p2|Garchomp, L50, F, shiny|
|poke|p2|Tyranitar, L50, F|
|teampreview|4
|showteam|p1|Hydreigon||ChoiceScarf|Levitate|HeatWave,DarkPulse,DracoMeteor,Snarl|Modest||M|||50|]Garchomp||SitrusBerry|RoughSkin|Earthquake,RockSlide,DragonClaw,Protect|Adamant||F|||50|]Metagross||Metagrossite|ClearBody|IronHead,HammerArm,BulletPunch,Protect|Adamant|||||50|]Charizard||CharizarditeY|Blaze|Protect,HeatWave,SolarBeam,WeatherBall|Timid||F|||50|]Grimmsnarl||RoseliBerry|Prankster|FakeOut,FoulPlay,Reflect,PartingShot|Sassy||M|||50|]Toxapex||Leftovers|Regenerator|Infestation,Toxic,BanefulBunker,WideGuard|Bold||M|||50|
|showteam|p2|Charizard||CharizarditeY|Blaze|Protect,SolarBeam,HeatWave,AirSlash|Modest||F|||50|]Venusaur||WideLens|Chlorophyll|Protect,GigaDrain,EarthPower,SleepPowder|Modest||M|||50|]Whimsicott||FocusSash|Prankster|Protect,Moonblast,Tailwind,Encore|Timid||F|||50|]Basculegion||MysticWater|Adaptability|Protect,AquaJet,WaveCrash,LastRespects|Adamant||M|||50|]Garchomp||RoseliBerry|RoughSkin|Protect,PoisonJab,StompingTantrum,StoneEdge|Jolly||F|||50|]Tyranitar||Tyranitarite|SandStream|Protect,RockSlide,KnockOff,LowKick|Adamant||F|||50|
|
|t:|1784107890
|teamsize|p1|4
|teamsize|p2|4
|start
|switch|p1a: Toxapex|Toxapex, L50, M|100/100
|switch|p1b: Metagross|Metagross, L50|100/100
|switch|p2a: Garchomp|Garchomp, L50, F, shiny|100/100
|switch|p2b: Whimsicott|Whimsicott, L50, F, shiny|100/100
|turn|1
|inactive|Battle timer is ON: inactive players will automatically lose when time's up. (requested by Sparklucario)
|inactive|CaratroncoSun has 60 seconds left.
|
|t:|1784107927
|detailschange|p1b: Metagross|Metagross-Mega, L50
|-mega|p1b: Metagross|Metagross|Metagrossite
|move|p2b: Whimsicott|Protect|p2b: Whimsicott
|-singleturn|p2b: Whimsicott|Protect
|move|p1b: Metagross|Protect|p1b: Metagross
|-singleturn|p1b: Metagross|Protect
|move|p2a: Garchomp|Stomping Tantrum|p1b: Metagross
|-activate|p1b: Metagross|move: Protect
|move|p1a: Toxapex|Toxic|p2b: Whimsicott
|-activate|p2b: Whimsicott|move: Protect
|
|upkeep
|turn|2
|
|t:|1784107943
|move|p2b: Whimsicott|Encore|p1b: Metagross
|-start|p1b: Metagross|Encore
|move|p1b: Metagross|Protect|p1b: Metagross
|-singleturn|p1b: Metagross|Protect
|move|p2a: Garchomp|Stomping Tantrum|p1a: Toxapex
|-supereffective|p1a: Toxapex|1
|-damage|p1a: Toxapex|49/100
|move|p1a: Toxapex|Toxic|p2b: Whimsicott
|-status|p2b: Whimsicott|tox
|
|-heal|p1a: Toxapex|54/100|[from] item: Leftovers
|-damage|p2b: Whimsicott|94/100 tox|[from] psn
|upkeep
|turn|3
|
|t:|1784107970
|switch|p1b: Hydreigon|Hydreigon, L50, M|100/100
|move|p1a: Toxapex|Baneful Bunker|p1a: Toxapex
|-singleturn|p1a: Toxapex|move: Protect
|move|p2b: Whimsicott|Moonblast|p1a: Toxapex
|-activate|p1a: Toxapex|move: Protect
|move|p2a: Garchomp|Stomping Tantrum|p1a: Toxapex
|-activate|p1a: Toxapex|move: Protect
|-status|p2a: Garchomp|psn
|
|-heal|p1a: Toxapex|60/100|[from] item: Leftovers
|-damage|p2b: Whimsicott|82/100 tox|[from] psn
|-damage|p2a: Garchomp|87/100 psn|[from] psn
|upkeep
|turn|4
|
|t:|1784107991
|switch|p1b: Metagross|Metagross-Mega, L50|100/100
|move|p2b: Whimsicott|Tailwind|p2b: Whimsicott
|-sidestart|p2: CaratroncoSun|move: Tailwind
|move|p2a: Garchomp|Stomping Tantrum|p1a: Toxapex
|-supereffective|p1a: Toxapex|1
|-damage|p1a: Toxapex|13/100
|move|p1a: Toxapex|Infestation|p2b: Whimsicott
|-damage|p2b: Whimsicott|77/100 tox
|-activate|p2b: Whimsicott|move: Infestation|[of] p1a: Toxapex
|
|-heal|p1a: Toxapex|19/100|[from] item: Leftovers
|-damage|p2b: Whimsicott|59/100 tox|[from] psn
|-damage|p2a: Garchomp|75/100 psn|[from] psn
|-damage|p2b: Whimsicott|47/100 tox|[from] move: Infestation|[partiallytrapped]
|upkeep
|turn|5
|inactive|CaratroncoSun has 30 seconds left.
|
|t:|1784108018
|move|p2b: Whimsicott|Protect|p2b: Whimsicott
|-singleturn|p2b: Whimsicott|Protect
|move|p1b: Metagross|Protect|p1b: Metagross
|-singleturn|p1b: Metagross|Protect
|move|p1a: Toxapex|Baneful Bunker|p1a: Toxapex
|-singleturn|p1a: Toxapex|move: Protect
|move|p2a: Garchomp|Stomping Tantrum|p1b: Metagross
|-activate|p1b: Metagross|move: Protect
|
|-heal|p1a: Toxapex|24/100|[from] item: Leftovers
|-damage|p2b: Whimsicott|23/100 tox|[from] psn
|-damage|p2a: Garchomp|62/100 psn|[from] psn
|-damage|p2b: Whimsicott|11/100 tox|[from] move: Infestation|[partiallytrapped]
|upkeep
|turn|6
|
|t:|1784108038
|-heal|p1a: Toxapex|57/100|[from] ability: Regenerator|[silent]
|switch|p1a: Hydreigon|Hydreigon, L50, M|100/100
|move|p2b: Whimsicott|Moonblast|p1b: Metagross
|-resisted|p1b: Metagross|1
|-damage|p1b: Metagross|84/100
|move|p2a: Garchomp|Stomping Tantrum|p1a: Hydreigon
|-immune|p1a: Hydreigon|[from] ability: Levitate
|move|p1b: Metagross|Iron Head|p2a: Garchomp
|-damage|p2a: Garchomp|0 fnt
|-damage|p1b: Metagross|71/100|[from] ability: Rough Skin|[of] p2a: Garchomp
|faint|p2a: Garchomp
|
|-damage|p2b: Whimsicott|0 fnt|[from] psn
|faint|p2b: Whimsicott
|upkeep
|
|t:|1784108056
|switch|p2b: Venusaur|Venusaur, L50, M, shiny|100/100
|switch|p2a: Charizard|Charizard, L50, F, shiny|100/100
|turn|7
|
|t:|1784108073
|switch|p1a: Toxapex|Toxapex, L50, M|57/100
|switch|p1b: Garchomp|Garchomp, L50, F|100/100
|detailschange|p2a: Charizard|Charizard-Mega-Y, L50, F, shiny
|-mega|p2a: Charizard|Charizard|Charizardite Y
|-weather|SunnyDay|[from] ability: Drought|[of] p2a: Charizard
|move|p2b: Venusaur|Sleep Powder|p1a: Toxapex
|-status|p1a: Toxapex|slp|[from] move: Sleep Powder
|move|p2a: Charizard|Heat Wave|p1a: Toxapex|[spread] p1a,p1b
|-resisted|p1a: Toxapex|1
|-resisted|p1b: Garchomp|1
|-crit|p1b: Garchomp
|-damage|p1a: Toxapex|35/100 slp
|-damage|p1b: Garchomp|59/100
|
|-weather|SunnyDay|[upkeep]
|-heal|p1a: Toxapex|40/100 slp|[from] item: Leftovers
|-sideend|p2: CaratroncoSun|move: Tailwind
|upkeep
|turn|8
|inactive|CaratroncoSun has 30 seconds left.
|inactive|CaratroncoSun has 20 seconds left.
|inactive|CaratroncoSun has 15 seconds left.
|inactive|CaratroncoSun has 10 seconds left.
|
|t:|1784108123
|-heal|p1a: Toxapex|73/100 slp|[from] ability: Regenerator|[silent]
|switch|p1a: Hydreigon|Hydreigon, L50, M|100/100
|move|p1b: Garchomp|Protect|p1b: Garchomp
|-singleturn|p1b: Garchomp|Protect
|move|p2b: Venusaur|Sleep Powder|p1b: Garchomp
|-activate|p1b: Garchomp|move: Protect
|move|p2a: Charizard|Solar Beam||[still]
|-prepare|p2a: Charizard|Solar Beam
|-anim|p2a: Charizard|Solar Beam|p1a: Hydreigon
|-resisted|p1a: Hydreigon|1
|-damage|p1a: Hydreigon|72/100
|
|-weather|SunnyDay|[upkeep]
|upkeep
|turn|9
|
|t:|1784108143
|move|p2b: Venusaur|Sleep Powder|p1a: Hydreigon
|-status|p1a: Hydreigon|slp|[from] move: Sleep Powder
|cant|p1a: Hydreigon|slp
|move|p2a: Charizard|Heat Wave|p1b: Garchomp|[spread] p1a,p1b
|-resisted|p1a: Hydreigon|1
|-crit|p1a: Hydreigon
|-resisted|p1b: Garchomp|1
|-damage|p1a: Hydreigon|18/100 slp
|-damage|p1b: Garchomp|31/100
|-enditem|p1b: Garchomp|Sitrus Berry|[eat]
|-heal|p1b: Garchomp|56/100|[from] item: Sitrus Berry
|move|p1b: Garchomp|Earthquake|p2a: Charizard|[spread] p2b
|-immune|p1a: Hydreigon|[from] ability: Levitate
|-immune|p2a: Charizard
|-damage|p2b: Venusaur|49/100
|
|-weather|SunnyDay|[upkeep]
|upkeep
|turn|10
|inactive|CaratroncoSun has 30 seconds left.
|
|t:|1784108169
|switch|p1a: Toxapex|Toxapex, L50, M|73/100 slp
|move|p1b: Garchomp|Protect|p1b: Garchomp
|-singleturn|p1b: Garchomp|Protect
|move|p2b: Venusaur|Giga Drain|p1b: Garchomp
|-activate|p1b: Garchomp|move: Protect
|move|p2a: Charizard|Air Slash|p1a: Toxapex
|-damage|p1a: Toxapex|39/100 slp
|
|-weather|SunnyDay|[upkeep]
|-heal|p1a: Toxapex|45/100 slp|[from] item: Leftovers
|upkeep
|turn|11
|
|t:|1784108187
|switch|p1b: Hydreigon|Hydreigon, L50, M|18/100 slp
|move|p2b: Venusaur|Giga Drain|p1b: Hydreigon
|-resisted|p1b: Hydreigon|1
|-damage|p1b: Hydreigon|0 fnt
|-heal|p2b: Venusaur|59/100|[from] drain|[of] p1b: Hydreigon
|faint|p1b: Hydreigon
|move|p2a: Charizard|Air Slash|p1a: Toxapex
|-damage|p1a: Toxapex|8/100 slp
|cant|p1a: Toxapex|slp
|
|-weather|none
|-heal|p1a: Toxapex|14/100 slp|[from] item: Leftovers
|upkeep
|
|t:|1784108201
|switch|p1b: Garchomp|Garchomp, L50, F|56/100
|turn|12
|
|t:|1784108214
|cant|p1a: Toxapex|slp
|move|p2a: Charizard|Air Slash|p1b: Garchomp|[miss]
|-miss|p2a: Charizard|p1b: Garchomp
|move|p1b: Garchomp|Earthquake|p2b: Venusaur|[spread] p1a,p2b
|-immune|p2a: Charizard
|-supereffective|p1a: Toxapex|1
|-damage|p1a: Toxapex|0 fnt
|-damage|p2b: Venusaur|14/100
|faint|p1a: Toxapex
|move|p2b: Venusaur|Earth Power|p1b: Garchomp
|-damage|p1b: Garchomp|29/100
|
|upkeep
|
|t:|1784108223
|switch|p1a: Metagross|Metagross-Mega, L50|71/100
|turn|13
|
|t:|1784108233
|move|p2b: Venusaur|Protect|p2b: Venusaur
|-singleturn|p2b: Venusaur|Protect
|move|p1a: Metagross|Bullet Punch|p2a: Charizard
|-resisted|p2a: Charizard|1
|-damage|p2a: Charizard|82/100
|move|p2a: Charizard|Air Slash|p1b: Garchomp
|-crit|p1b: Garchomp
|-damage|p1b: Garchomp|0 fnt
|faint|p1b: Garchomp
|
|upkeep
|turn|14
|
|t:|1784108247
|move|p1a: Metagross|Bullet Punch|p2b: Venusaur
|-damage|p2b: Venusaur|0 fnt
|faint|p2b: Venusaur
|move|p2a: Charizard|Heat Wave|p1a: Metagross|[miss]
|-miss|p2a: Charizard|p1a: Metagross
|
|upkeep
|turn|15
|c|☆Sparklucario|Gg
|
|t:|1784108256
|move|p2a: Charizard|Heat Wave|p1a: Metagross|[miss]
|-miss|p2a: Charizard|p1a: Metagross
|move|p1a: Metagross|Iron Head|p2a: Charizard
|-resisted|p2a: Charizard|1
|-damage|p2a: Charizard|48/100
|
|upkeep
|turn|16
|
|t:|1784108263
|move|p2a: Charizard|Heat Wave|p1a: Metagross
|-supereffective|p1a: Metagross|1
|-damage|p1a: Metagross|0 fnt
|faint|p1a: Metagross
|
|win|CaratroncoSun
|raw|Sparklucario's rating: 1200 → 1182(-18 for losing)
|raw|CaratroncoSun's rating: 1296 → 1314(+18 for winning)
