|j|☆Ferran Tiburon
|j|☆Megafraudette
|html|Ferran TiburonMegafraudette    
|uhtml|bestof|Game 1 of a best-of-3
|t:|1783083635
|gametype|doubles
|player|p1|Ferran Tiburon|101|1246
|player|p2|Megafraudette|169|1356
|gen|9
|tier|[Gen 9 Champions] VGC 2026 Reg M-B (Bo3)
|rated|
|rule|Species Clause: Limit one of each Pokémon
|rule|Item Clause: Limit 1 of each item
|clearpoke
|poke|p1|Charizard, L50, F|
|poke|p1|Kingambit, L50, F|
|poke|p1|Sylveon, L50, F|
|poke|p1|Garchomp, L50, M|
|poke|p1|Aerodactyl, L50, F|
|poke|p1|Farigiraf, L50, F|
|poke|p2|Floette-Eternal, L50, F|
|poke|p2|Whimsicott, L50, M|
|poke|p2|Basculegion, L50, M|
|poke|p2|Farigiraf, L50, F|
|poke|p2|Kingambit, L50, F|
|poke|p2|Arcanine-Hisui, L50, F|
|teampreview|4
|showteam|p1|Charizard||CharizarditeY|SolarPower|Protect,HeatWave,SolarBeam,WeatherBall|Modest||F|||50|]Kingambit||FocusSash|Defiant|IronHead,SuckerPunch,KowtowCleave,LowKick|Adamant||F|||50|]Sylveon||FairyFeather|Pixilate|Detect,HyperVoice,HyperBeam,QuickAttack|Modest||F|||50|]Garchomp||LifeOrb|RoughSkin|Protect,DragonClaw,Earthquake,StompingTantrum|Jolly||M|||50|]Aerodactyl||Aerodactylite|RockHead|IceFang,RockSlide,Tailwind,DualWingbeat|Jolly||F|||50|]Farigiraf||SitrusBerry|ArmorTail|TrickRoom,Psychic,Thunderbolt,Roar|Bold||F|||50|
|showteam|p2|Floette-Eternal||Floettite|FlowerVeil|Moonblast,DazzlingGleam,LightofRuin,Protect|Modest||F|||50|]Whimsicott||FairyFeather|Prankster|Moonblast,Encore,Tailwind,Protect|Bold||M|||50|]Basculegion||LifeOrb|Adaptability|WaveCrash,AquaJet,LastRespects,Protect|Jolly||M|||50|]Farigiraf||ColburBerry|ArmorTail|TwinBeam,TrickRoom,HelpingHand,Imprison|Calm||F|||50|]Kingambit||ChopleBerry|Defiant|KowtowCleave,SuckerPunch,IronHead,LowKick|Adamant||F|||50|]Arcanine-Hisui||FocusSash|RockHead|FlareBlitz,HeadSmash,ExtremeSpeed,Protect|Jolly||F|||50|
|inactive|Battle timer is ON: inactive players will automatically lose when time's up. (requested by Ferran Tiburon)
|inactive|Ferran Tiburon has 60 seconds left.
|
|t:|1783083691
|teamsize|p1|4
|teamsize|p2|4
|start
|switch|p1a: Aerodactyl|Aerodactyl, L50, F|100/100
|switch|p1b: Sylveon|Sylveon, L50, F|100/100
|switch|p2a: Floette|Floette-Eternal, L50, F|100/100
|switch|p2b: Whimsicott|Whimsicott, L50, M|100/100
|turn|1
|
|t:|1783083709
|switch|p2a: Arcanine|Arcanine-Hisui, L50, F|100/100
|move|p1a: Aerodactyl|Tailwind|p1a: Aerodactyl
|-sidestart|p1: Ferran Tiburon|move: Tailwind
|move|p1b: Sylveon|Hyper Voice|p2b: Whimsicott|[spread] p2a,p2b
|-resisted|p2a: Arcanine|1
|-damage|p2a: Arcanine|70/100
|-damage|p2b: Whimsicott|41/100
|move|p2b: Whimsicott|Moonblast|p1a: Aerodactyl
|-damage|p1a: Aerodactyl|62/100
|
|upkeep
|turn|2
|
|t:|1783083721
|move|p2b: Whimsicott|Encore|p1a: Aerodactyl
|-start|p1a: Aerodactyl|Encore
|move|p1a: Aerodactyl|Tailwind||[still]
|-fail|p1a: Aerodactyl
|move|p1b: Sylveon|Hyper Voice|p2b: Whimsicott|[spread] p2a,p2b
|-resisted|p2a: Arcanine|1
|-damage|p2a: Arcanine|38/100
|-damage|p2b: Whimsicott|0 fnt
|faint|p2b: Whimsicott
|move|p2a: Arcanine|Head Smash|p1b: Sylveon
|-damage|p1b: Sylveon|21/100
|
|upkeep
|
|t:|1783083733
|switch|p2b: Kingambit|Kingambit, L50, F|100/100
|turn|3
|
|t:|1783083745
|switch|p1a: Garchomp|Garchomp, L50, M|100/100
|move|p2b: Kingambit|Sucker Punch|p1b: Sylveon
|-resisted|p1b: Sylveon|1
|-damage|p1b: Sylveon|0 fnt
|faint|p1b: Sylveon
|move|p2a: Arcanine|Head Smash|p1a: Garchomp
|-resisted|p1a: Garchomp|1
|-damage|p1a: Garchomp|65/100
|-damage|p2a: Arcanine|26/100|[from] ability: Rough Skin|[of] p1a: Garchomp
|
|upkeep
|
|t:|1783083752
|switch|p1b: Aerodactyl|Aerodactyl, L50, F|62/100
|turn|4
|
|t:|1783083775
|move|p2a: Arcanine|Protect|p2a: Arcanine
|-singleturn|p2a: Arcanine|Protect
|move|p1b: Aerodactyl|Tailwind||[still]
|-fail|p1b: Aerodactyl
|move|p1a: Garchomp|Earthquake|p2a: Arcanine|[spread] p2b
|-activate|p2a: Arcanine|move: Protect
|-immune|p1b: Aerodactyl
|-supereffective|p2b: Kingambit|1
|-damage|p2b: Kingambit|34/100
|-damage|p1a: Garchomp|55/100|[from] item: Life Orb
|move|p2b: Kingambit|Kowtow Cleave|p1a: Garchomp
|-damage|p1a: Garchomp|14/100
|-damage|p2b: Kingambit|22/100|[from] ability: Rough Skin|[of] p1a: Garchomp
|
|-sideend|p1: Ferran Tiburon|move: Tailwind
|upkeep
|turn|5
|
|t:|1783083795
|move|p1a: Garchomp|Protect|p1a: Garchomp
|-singleturn|p1a: Garchomp|Protect
|move|p2a: Arcanine|Extreme Speed|p1a: Garchomp
|-activate|p1a: Garchomp|move: Protect
|move|p2b: Kingambit|Sucker Punch||[still]
|-fail|p2b: Kingambit
|move|p1b: Aerodactyl|Tailwind|p1b: Aerodactyl
|-sidestart|p1: Ferran Tiburon|move: Tailwind
|
|upkeep
|turn|6
|inactive|Ferran Tiburon has 30 seconds left.
|
|t:|1783083829
|switch|p1b: Charizard|Charizard, L50, F|100/100
|move|p2a: Arcanine|Extreme Speed|p1a: Garchomp
|-damage|p1a: Garchomp|0 fnt
|-damage|p2a: Arcanine|14/100|[from] ability: Rough Skin|[of] p1a: Garchomp
|faint|p1a: Garchomp
|move|p2b: Kingambit|Sucker Punch||[still]
|-fail|p2b: Kingambit
|
|upkeep
|
|t:|1783083834
|switch|p1a: Aerodactyl|Aerodactyl, L50, F|62/100
|turn|7
|inactive|Ferran Tiburon has 30 seconds left.
|
|t:|1783083865
|detailschange|p1b: Charizard|Charizard-Mega-Y, L50, F
|-mega|p1b: Charizard|Charizard|Charizardite Y
|-weather|SunnyDay|[from] ability: Drought|[of] p1b: Charizard
|move|p2a: Arcanine|Extreme Speed|p1b: Charizard
|-damage|p1b: Charizard|75/100
|move|p2b: Kingambit|Sucker Punch|p1b: Charizard
|-damage|p1b: Charizard|36/100
|move|p1a: Aerodactyl|Tailwind||[still]
|-fail|p1a: Aerodactyl
|move|p1b: Charizard|Heat Wave|p2b: Kingambit|[spread] p2a,p2b
|-resisted|p2a: Arcanine|2
|-supereffective|p2b: Kingambit|1
|-damage|p2a: Arcanine|0 fnt
|-damage|p2b: Kingambit|0 fnt
|faint|p2a: Arcanine
|faint|p2b: Kingambit
|
|-weather|SunnyDay|[upkeep]
|upkeep
|
|t:|1783083874
|switch|p2b: Floette|Floette-Eternal, L50, F|100/100
|turn|8
|
|t:|1783083892
|move|p2b: Floette|Protect|p2b: Floette
|-singleturn|p2b: Floette|Protect
|move|p1a: Aerodactyl|Rock Slide|p2b: Floette
|-activate|p2b: Floette|move: Protect
|move|p1b: Charizard|Weather Ball|p2b: Floette
|-activate|p2b: Floette|move: Protect
|
|-weather|SunnyDay|[upkeep]
|-sideend|p1: Ferran Tiburon|move: Tailwind
|upkeep
|turn|9
|
|t:|1783083913
|detailschange|p2b: Floette|Floette-Mega, L50, F
|-mega|p2b: Floette|Floette|Floettite
|-ability|p2b: Floette|Fairy Aura
|move|p1a: Aerodactyl|Tailwind|p1a: Aerodactyl
|-sidestart|p1: Ferran Tiburon|move: Tailwind
|move|p1b: Charizard|Weather Ball|p2b: Floette
|-crit|p2b: Floette
|-damage|p2b: Floette|0 fnt
|faint|p2b: Floette
|
|win|Ferran Tiburon
||Megafraudette is ready for game 2.
||Ferran Tiburon is ready for game 2.
|uhtml|next|Next: Game 2 of 3
|l|☆Megafraudette
|player|p2|
