|j|☆is_katabo
|j|☆RyanPowneyLobotomy
|html|is_kataboRyanPowneyLobotomy    
|uhtml|bestof|Game 1 of a best-of-3
|t:|1785821076
|gametype|doubles
|player|p1|is_katabo|youngster-gen4dp|1263
|player|p2|RyanPowneyLobotomy|pokemonranger-gen4|1154
|gen|9
|tier|[Gen 9 Champions] VGC 2026 Reg M-B (Bo3)
|rated|
|rule|Species Clause: Limit one of each Pokémon
|rule|Item Clause: Limit 1 of each item
|clearpoke
|poke|p1|Venusaur, L50, F|
|poke|p1|Charizard, L50, M|
|poke|p1|Incineroar, L50, M|
|poke|p1|Toxapex, L50, F|
|poke|p1|Dragapult, L50, F|
|poke|p1|Sylveon, L50, M|
|poke|p2|Charizard, L50, F|
|poke|p2|Incineroar, L50, M|
|poke|p2|Gholdengo, L50|
|poke|p2|Whimsicott, L50, M|
|poke|p2|Kommo-o, L50, M|
|poke|p2|Basculegion, L50, M|
|teampreview|4
|showteam|p1|Venusaur||LifeOrb|Chlorophyll|LeafStorm,SludgeBomb,EarthPower,Protect|Modest||F|||50|]Charizard||CharizarditeY|Blaze|WeatherBall,HeatWave,HelpingHand,Protect|Modest||M|||50|]Incineroar||SitrusBerry|Intimidate|FakeOut,ThroatChop,FlareBlitz,PartingShot|Careful||M|||50|]Toxapex||Leftovers|Regenerator|Infestation,Toxic,WideGuard,BanefulBunker|Relaxed||F|||50|]Dragapult||FocusSash|ClearBody|DragonDarts,PhantomForce,DracoMeteor,Protect|Naive||F|||50|]Sylveon||FairyFeather|Pixilate|HyperVoice,HyperBeam,QuickAttack,Detect|Modest||M|||50|
|showteam|p2|Charizard||CharizarditeY|Blaze|HeatWave,WeatherBall,SolarBeam,Protect|Modest||F|||50|]Incineroar||SitrusBerry|Intimidate|FakeOut,FlareBlitz,ThroatChop,PartingShot|Impish||M|||50|]Gholdengo||MetalCoat|GoodasGold|MakeItRain,ShadowBall,NastyPlot,Protect|Modest|||||50|]Whimsicott||FocusSash|Prankster|Moonblast,Tailwind,Encore,Protect|Timid||M|||50|]Kommo-o||LifeOrb|Soundproof|ClangingScales,AuraSphere,VacuumWave,Protect|Modest||M|||50|]Basculegion||MysticWater|Adaptability|WaveCrash,AquaJet,LastRespects,Protect|Adamant||M|||50|
|inactive|Battle timer is ON: inactive players will automatically lose when time's up. (requested by RyanPowneyLobotomy)
|inactive|is_katabo has 60 seconds left.
|
|t:|1785821159
|teamsize|p1|4
|teamsize|p2|4
|start
|switch|p1a: Toxapex|Toxapex, L50, F|100/100
|switch|p1b: Dragapult|Dragapult, L50, F|100/100
|switch|p2a: Charizard|Charizard, L50, F|100/100
|switch|p2b: Whimsicott|Whimsicott, L50, M|100/100
|turn|1
|inactive|RyanPowneyLobotomy has 30 seconds left.
|inactive|RyanPowneyLobotomy has 20 seconds left.
|inactive|RyanPowneyLobotomy has 15 seconds left.
|inactive|RyanPowneyLobotomy has 10 seconds left.
|inactive|RyanPowneyLobotomy has 5 seconds left.
|
|t:|1785821210
|switch|p2b: Kommo-o|Kommo-o, L50, M|100/100
|detailschange|p2a: Charizard|Charizard-Mega-Y, L50, F
|-mega|p2a: Charizard|Charizard|Charizardite Y
|-weather|SunnyDay|[from] ability: Drought|[of] p2a: Charizard
|move|p1b: Dragapult|Phantom Force||[still]
|-prepare|p1b: Dragapult|Phantom Force
|move|p2a: Charizard|Solar Beam||[still]
|-prepare|p2a: Charizard|Solar Beam
|-anim|p2a: Charizard|Solar Beam|p1a: Toxapex
|-damage|p1a: Toxapex|63/100
|move|p1a: Toxapex|Infestation|p2a: Charizard
|-resisted|p2a: Charizard|2
|-damage|p2a: Charizard|99/100
|-activate|p2a: Charizard|move: Infestation|[of] p1a: Toxapex
|
|-weather|SunnyDay|[upkeep]
|-heal|p1a: Toxapex|68/100|[from] item: Leftovers
|-damage|p2a: Charizard|87/100|[from] move: Infestation|[partiallytrapped]
|upkeep
|turn|2
|
|t:|1785821231
|move|p1a: Toxapex|Wide Guard|p1a: Toxapex
|-singleturn|p1a: Toxapex|Wide Guard
|move|p1b: Dragapult|Phantom Force|p2b: Kommo-o|[from] lockedmove
|-damage|p2b: Kommo-o|57/100
|move|p2b: Kommo-o|Clanging Scales|p1a: Toxapex|[spread] 
|-activate|p1a: Toxapex|move: Wide Guard
|-activate|p1b: Dragapult|move: Wide Guard
|move|p2a: Charizard|Weather Ball|p1b: Dragapult
|-resisted|p1b: Dragapult|1
|-damage|p1b: Dragapult|35/100
|
|-weather|SunnyDay|[upkeep]
|-heal|p1a: Toxapex|74/100|[from] item: Leftovers
|-damage|p2a: Charizard|75/100|[from] move: Infestation|[partiallytrapped]
|upkeep
|turn|3
|
|t:|1785821250
|switch|p2b: Whimsicott|Whimsicott, L50, M|100/100
|move|p1b: Dragapult|Dragon Darts|p2a: Charizard
|-damage|p2a: Charizard|53/100
|-anim|p1b: Dragapult|Dragon Darts|p2a: Charizard
|-damage|p2a: Charizard|31/100
|move|p2a: Charizard|Solar Beam||[still]
|-prepare|p2a: Charizard|Solar Beam
|-anim|p2a: Charizard|Solar Beam|p1a: Toxapex
|-damage|p1a: Toxapex|39/100
|move|p1a: Toxapex|Infestation|p2b: Whimsicott
|-damage|p2b: Whimsicott|94/100
|-activate|p2b: Whimsicott|move: Infestation|[of] p1a: Toxapex
|
|-weather|SunnyDay|[upkeep]
|-heal|p1a: Toxapex|45/100|[from] item: Leftovers
|-damage|p2b: Whimsicott|82/100|[from] move: Infestation|[partiallytrapped]
|-damage|p2a: Charizard|19/100|[from] move: Infestation|[partiallytrapped]
|upkeep
|turn|4
|
|t:|1785821270
|switch|p1b: Incineroar|Incineroar, L50, M|100/100
|-ability|p1b: Incineroar|Intimidate|boost
|-unboost|p2a: Charizard|atk|1
|-unboost|p2b: Whimsicott|atk|1
|move|p1a: Toxapex|Baneful Bunker|p1a: Toxapex
|-singleturn|p1a: Toxapex|move: Protect
|move|p2b: Whimsicott|Tailwind|p2b: Whimsicott
|-sidestart|p2: RyanPowneyLobotomy|move: Tailwind
|move|p2a: Charizard|Weather Ball|p1b: Incineroar
|-resisted|p1b: Incineroar|1
|-damage|p1b: Incineroar|64/100
|
|-weather|SunnyDay|[upkeep]
|-heal|p1a: Toxapex|50/100g|[from] item: Leftovers
|-damage|p2b: Whimsicott|70/100|[from] move: Infestation|[partiallytrapped]
|-damage|p2a: Charizard|6/100|[from] move: Infestation|[partiallytrapped]
|upkeep
|turn|5
|inactive|is_katabo has 30 seconds left.
|
|t:|1785821302
|move|p2b: Whimsicott|Protect|p2b: Whimsicott
|-singleturn|p2b: Whimsicott|Protect
|move|p2a: Charizard|Solar Beam||[still]
|-prepare|p2a: Charizard|Solar Beam
|-anim|p2a: Charizard|Solar Beam|p1a: Toxapex
|-damage|p1a: Toxapex|17/100
|move|p1b: Incineroar|Flare Blitz|p2b: Whimsicott
|-activate|p2b: Whimsicott|move: Protect
|move|p1a: Toxapex|Toxic|p2a: Charizard
|-status|p2a: Charizard|tox
|
|-weather|none
|-heal|p1a: Toxapex|23/100|[from] item: Leftovers
|-damage|p2a: Charizard|1/100 tox|[from] psn
|-damage|p2b: Whimsicott|57/100|[from] move: Infestation|[partiallytrapped]
|-damage|p2a: Charizard|0 fnt|[from] move: Infestation|[partiallytrapped]
|faint|p2a: Charizard
|upkeep
|inactive|RyanPowneyLobotomy has 30 seconds left.
|
|t:|1785821331
|switch|p2a: Basculegion|Basculegion, L50, M|100/100
|turn|6
|
|t:|1785821345
|move|p2b: Whimsicott|Moonblast|p1b: Incineroar
|-damage|p1b: Incineroar|38/100
|-unboost|p1b: Incineroar|spa|1
|-enditem|p1b: Incineroar|Sitrus Berry|[eat]
|-heal|p1b: Incineroar|62/100|[from] item: Sitrus Berry
|move|p2a: Basculegion|Last Respects|p1a: Toxapex
|-damage|p1a: Toxapex|0 fnt
|faint|p1a: Toxapex
|move|p1b: Incineroar|Parting Shot|p2a: Basculegion
|-unboost|p2a: Basculegion|atk|1
|-unboost|p2a: Basculegion|spa|1
|
|t:|1785821360
|switch|p1b: Charizard|Charizard, L50, M|100/100|[from] Parting Shot
|
|-end|p2b: Whimsicott|Infestation|[partiallytrapped]|[silent]
|upkeep
|
|t:|1785821363
|switch|p1a: Incineroar|Incineroar, L50, M|62/100
|-ability|p1a: Incineroar|Intimidate|boost
|-unboost|p2a: Basculegion|atk|1
|-unboost|p2b: Whimsicott|atk|1
|turn|7
|inactive|RyanPowneyLobotomy has 30 seconds left.
|
|t:|1785821393
|detailschange|p1b: Charizard|Charizard-Mega-Y, L50, M
|-mega|p1b: Charizard|Charizard|Charizardite Y
|-weather|SunnyDay|[from] ability: Drought|[of] p1b: Charizard
|move|p2b: Whimsicott|Protect|p2b: Whimsicott
|-singleturn|p2b: Whimsicott|Protect
|move|p2a: Basculegion|Wave Crash|p1b: Charizard
|-supereffective|p1b: Charizard|1
|-damage|p1b: Charizard|58/100
|-damage|p2a: Basculegion|87/100|[from] Recoil
|move|p1b: Charizard|Heat Wave|p2a: Basculegion|[spread] p2a
|-activate|p2b: Whimsicott|move: Protect
|-resisted|p2a: Basculegion|1
|-damage|p2a: Basculegion|57/100
|move|p1a: Incineroar|Throat Chop|p2a: Basculegion
|-supereffective|p2a: Basculegion|1
|-damage|p2a: Basculegion|0 fnt
|faint|p2a: Basculegion
|
|-weather|SunnyDay|[upkeep]
|-sideend|p2: RyanPowneyLobotomy|move: Tailwind
|upkeep
|
|t:|1785821404
|switch|p2a: Kommo-o|Kommo-o, L50, M|57/100
|turn|8
|
|t:|1785821420
|move|p2b: Whimsicott|Tailwind|p2b: Whimsicott
|-sidestart|p2: RyanPowneyLobotomy|move: Tailwind
|move|p2a: Kommo-o|Aura Sphere|p1a: Incineroar
|-supereffective|p1a: Incineroar|1
|-damage|p1a: Incineroar|0 fnt
|faint|p1a: Incineroar
|-damage|p2a: Kommo-o|48/100|[from] item: Life Orb
|move|p1b: Charizard|Heat Wave|p2a: Kommo-o|[spread] p2a,p2b
|-resisted|p2a: Kommo-o|1
|-supereffective|p2b: Whimsicott|1
|-damage|p2a: Kommo-o|15/100
|-damage|p2b: Whimsicott|0 fnt
|-status|p2a: Kommo-o|brn
|faint|p2b: Whimsicott
|
|-weather|SunnyDay|[upkeep]
|-damage|p2a: Kommo-o|9/100 brn|[from] brn
|upkeep
|
|t:|1785821429
|switch|p1a: Dragapult|Dragapult, L50, F|35/100
|turn|9
|
|t:|1785821438
|move|p1a: Dragapult|Protect|p1a: Dragapult
|-singleturn|p1a: Dragapult|Protect
|move|p1b: Charizard|Protect|p1b: Charizard
|-singleturn|p1b: Charizard|Protect
|move|p2a: Kommo-o|Clanging Scales|p1b: Charizard|[spread] 
|-activate|p1a: Dragapult|move: Protect
|-activate|p1b: Charizard|move: Protect
|
|-weather|SunnyDay|[upkeep]
|-damage|p2a: Kommo-o|3/100 brn|[from] brn
|upkeep
|turn|10
|
|t:|1785821448
|move|p2a: Kommo-o|Clanging Scales|p1a: Dragapult|[spread] p1a,p1b
|-supereffective|p1a: Dragapult|1
|-damage|p1a: Dragapult|0 fnt
|-damage|p1b: Charizard|17/100
|faint|p1a: Dragapult
|-unboost|p2a: Kommo-o|def|1
|-damage|p2a: Kommo-o|0 fnt|[from] item: Life Orb
|faint|p2a: Kommo-o
|
|win|is_katabo
||RyanPowneyLobotomy is ready for game 2.
||is_katabo is ready for game 2.
|uhtml|next|Next: Game 2 of 3
|l|☆RyanPowneyLobotomy
|player|p2|
