|j|‽testingdeez
|j|☆Baddyboy100
|html|testingdeezBaddyboy100    
|uhtml|bestof|Game 3 of a best-of-3
|t:|1782221750
|gametype|doubles
|player|p1|testingdeez|101|1179
|player|p2|Baddyboy100|volkner|1082
|gen|9
|tier|[Gen 9 Champions] VGC 2026 Reg M-B (Bo3)
|rated|
|rule|Species Clause: Limit one of each Pokémon
|rule|Item Clause: Limit 1 of each item
|clearpoke
|poke|p1|Charizard, L50, F, shiny|
|poke|p1|Metagross, L50, shiny|
|poke|p1|Samurott-Hisui, L50, M, shiny|
|poke|p1|Sylveon, L50, M|
|poke|p1|Garchomp, L50, F|
|poke|p1|Aerodactyl, L50, F|
|poke|p2|Grimmsnarl, L50, M|
|poke|p2|Staraptor, L50, F|
|poke|p2|Sinistcha, L50|
|poke|p2|Farigiraf, L50, M|
|poke|p2|Garchomp, L50, F|
|poke|p2|Whimsicott, L50, M|
|teampreview|4
|showteam|p1|Charizard||CharizarditeY|Blaze|WeatherBall,HeatWave,SolarBeam,Protect|Bold||F|||50|]Metagross||Metagrossite|ClearBody|IronHead,BodyPress,IcePunch,Protect|Jolly|||||50|]Samurott-Hisui||BlackGlasses|Sharpness|SuckerPunch,CeaselessEdge,SacredSword,Protect|Adamant||M|||50|]Sylveon||FairyFeather|Pixilate|HyperVoice,QuickAttack,HyperBeam,Protect|Modest||M|||50|]Garchomp||LifeOrb|RoughSkin|DragonClaw,RockSlide,Earthquake,Protect|Jolly||F|||50|]Aerodactyl||FocusSash|Unnerve|RockSlide,SunnyDay,Tailwind,Protect|Jolly||F|||50|
|showteam|p2|Grimmsnarl||LightClay|Prankster|PartingShot,ScaryFace,Reflect,LightScreen|Careful||M|||50|]Staraptor||Staraptite|Intimidate|CloseCombat,Roost,BraveBird,Protect|Jolly||F|||50|]Sinistcha||SitrusBerry|Hospitality|RagePowder,Protect,StrengthSap,MatchaGotcha|Bold|||||50|]Farigiraf||Leftovers|ArmorTail|AllySwitch,ThunderWave,HyperVoice,Psychic|Calm||M|||50|]Garchomp||LifeOrb|RoughSkin|StompingTantrum,Outrage,PoisonJab,RockSlide|Adamant||F|||50|]Whimsicott||FocusSash|Prankster|Taunt,Tailwind,Moonblast,Encore|Timid||M|||50|
|inactive|Battle timer is ON: inactive players will automatically lose when time's up. (requested by Baddyboy100)
|inactive|testingdeez has 60 seconds left.
|
|t:|1782221784
|teamsize|p1|4
|teamsize|p2|4
|start
|switch|p1a: Metagross|Metagross, L50, shiny|100/100
|switch|p1b: Sylveon|Sylveon, L50, M|100/100
|switch|p2a: Staraptor|Staraptor, L50, F|100/100
|switch|p2b: Whimsicott|Whimsicott, L50, M|100/100
|-ability|p2a: Staraptor|Intimidate|boost
|-fail|p1a: Metagross|unboost|[from] ability: Clear Body|[of] p1a: Metagross
|-unboost|p1b: Sylveon|atk|1
|turn|1
|
|t:|1782221799
|switch|p2a: Farigiraf|Farigiraf, L50, M|100/100
|detailschange|p1a: Metagross|Metagross-Mega, L50, shiny
|-mega|p1a: Metagross|Metagross|Metagrossite
|move|p2b: Whimsicott|Tailwind|p2b: Whimsicott
|-sidestart|p2: Baddyboy100|move: Tailwind
|move|p1a: Metagross|Ice Punch|p2a: Farigiraf
|-damage|p2a: Farigiraf|65/100
|move|p1b: Sylveon|Hyper Voice|p2a: Farigiraf|[spread] p2a,p2b
|-damage|p2a: Farigiraf|33/100
|-damage|p2b: Whimsicott|40/100
|
|-heal|p2a: Farigiraf|40/100|[from] item: Leftovers
|upkeep
|turn|2
|inactive|testingdeez has 30 seconds left.
|inactive|testingdeez has 20 seconds left.
|inactive|testingdeez has 15 seconds left.
|
|t:|1782221844
|move|p2b: Whimsicott|Encore|p1a: Metagross
|-start|p1a: Metagross|Encore
|move|p1a: Metagross|Ice Punch|p2a: Farigiraf
|-damage|p2a: Farigiraf|1/100
|move|p2a: Farigiraf|Thunder Wave|p1a: Metagross
|-status|p1a: Metagross|par
|move|p1b: Sylveon|Hyper Voice|p2b: Whimsicott|[spread] p2a,p2b
|-damage|p2a: Farigiraf|0 fnt
|-damage|p2b: Whimsicott|0 fnt
|faint|p2a: Farigiraf
|faint|p2b: Whimsicott
|
|upkeep
|
|t:|1782221856
|switch|p2b: Staraptor|Staraptor, L50, F|100/100
|switch|p2a: Garchomp|Garchomp, L50, F|100/100
|-ability|p2b: Staraptor|Intimidate|boost
|-unboost|p1a: Metagross|atk|1
|-unboost|p1b: Sylveon|atk|1
|turn|3
|inactive|testingdeez has 30 seconds left.
|
|t:|1782221888
|detailschange|p2b: Staraptor|Staraptor-Mega, L50, F
|-mega|p2b: Staraptor|Staraptor|Staraptite
|move|p2b: Staraptor|Brave Bird|p1b: Sylveon
|-damage|p1b: Sylveon|26/100
|-damage|p2b: Staraptor|71/100|[from] Recoil
|move|p2a: Garchomp|Rock Slide|p1a: Metagross|[spread] p1a,p1b
|-resisted|p1a: Metagross|1
|-damage|p1a: Metagross|89/100 par
|-damage|p1b: Sylveon|0 fnt
|faint|p1b: Sylveon
|-damage|p2a: Garchomp|90/100|[from] item: Life Orb
|cant|p1a: Metagross|par
|
|upkeep
|
|t:|1782221903
|switch|p1b: Aerodactyl|Aerodactyl, L50, F|100/100
|-ability|p1b: Aerodactyl|Unnerve
|turn|4
|
|t:|1782221920
|switch|p1a: Garchomp|Garchomp, L50, F|100/100
|move|p1b: Aerodactyl|Protect|p1b: Aerodactyl
|-singleturn|p1b: Aerodactyl|Protect
|move|p2b: Staraptor|Close Combat|p1b: Aerodactyl
|-activate|p1b: Aerodactyl|move: Protect
|move|p2a: Garchomp|Rock Slide|p1b: Aerodactyl|[spread] p1a
|-activate|p1b: Aerodactyl|move: Protect
|-resisted|p1a: Garchomp|1
|-damage|p1a: Garchomp|85/100
|-damage|p2a: Garchomp|80/100|[from] item: Life Orb
|
|-sideend|p2: Baddyboy100|move: Tailwind
|upkeep
|turn|5
|
|t:|1782221933
|move|p1b: Aerodactyl|Tailwind|p1b: Aerodactyl
|-sidestart|p1: testingdeez|move: Tailwind
|move|p1a: Garchomp|Dragon Claw|p2a: Garchomp
|-supereffective|p2a: Garchomp|1
|-damage|p2a: Garchomp|0 fnt
|-damage|p1a: Garchomp|73/100|[from] ability: Rough Skin|[of] p2a: Garchomp
|faint|p2a: Garchomp
|-damage|p1a: Garchomp|63/100|[from] item: Life Orb
|move|p2b: Staraptor|Close Combat|p1b: Aerodactyl
|-crit|p1b: Aerodactyl
|-enditem|p1b: Aerodactyl|Focus Sash
|-damage|p1b: Aerodactyl|1/100
|-boost|p2b: Staraptor|def|1
|-boost|p2b: Staraptor|spd|1
|
|upkeep
|turn|6
|
|t:|1782221945
|move|p1b: Aerodactyl|Rock Slide|p2b: Staraptor
|-damage|p2b: Staraptor|45/100
|move|p1a: Garchomp|Dragon Claw|p2b: Staraptor
|-damage|p2b: Staraptor|1/100
|-damage|p1a: Garchomp|54/100|[from] item: Life Orb
|move|p2b: Staraptor|Close Combat|p1b: Aerodactyl
|-damage|p1b: Aerodactyl|0 fnt
|-boost|p2b: Staraptor|def|1
|-boost|p2b: Staraptor|spd|1
|faint|p1b: Aerodactyl
|
|upkeep
|
|t:|1782221953
|switch|p1b: Metagross|Metagross-Mega, L50, shiny|89/100 par
|turn|7
|
|t:|1782221958
|move|p2b: Staraptor|Protect|p2b: Staraptor
|-singleturn|p2b: Staraptor|Protect
|move|p1a: Garchomp|Dragon Claw|p2b: Staraptor
|-activate|p2b: Staraptor|move: Protect
|move|p1b: Metagross|Iron Head|p2b: Staraptor
|-activate|p2b: Staraptor|move: Protect
|
|upkeep
|turn|8
|
|t:|1782221962
|move|p2b: Staraptor|Protect|p2b: Staraptor
|-singleturn|p2b: Staraptor|Protect
|move|p1a: Garchomp|Dragon Claw|p2b: Staraptor
|-activate|p2b: Staraptor|move: Protect
|move|p1b: Metagross|Iron Head|p2b: Staraptor
|-activate|p2b: Staraptor|move: Protect
|
|-sideend|p1: testingdeez|move: Tailwind
|upkeep
|turn|9
|
|t:|1782221965
|move|p2b: Staraptor|Roost|p2b: Staraptor
|-heal|p2b: Staraptor|50/100g
|-singleturn|p2b: Staraptor|move: Roost
|move|p1a: Garchomp|Dragon Claw|p2b: Staraptor
|-damage|p2b: Staraptor|18/100
|-damage|p1a: Garchomp|44/100|[from] item: Life Orb
|move|p1b: Metagross|Iron Head|p2b: Staraptor
|-damage|p2b: Staraptor|0 fnt
|faint|p2b: Staraptor
|
|win|testingdeez
|raw|testingdeez's rating: 1179 → 1197(+18 for winning)
|raw|Baddyboy100's rating: 1082 → 1066(-16 for losing)
|l|☆Baddyboy100
|player|p2|
