|j|☆Ziik
|j|☆ChrixsVGC
|html|ZiikChrixsVGC    
|uhtml|bestof|Game 1 of a best-of-3
|t:|1756326790
|gametype|doubles
|player|p1|Ziik|170|1129
|player|p2|ChrixsVGC|veteran|1147
|gen|9
|tier|[Gen 9] VGC 2025 Reg H (Bo3)
|rated|
|rule|Species Clause: Limit one of each Pokémon
|rule|Item Clause: Limit 1 of each item
|clearpoke
|poke|p1|Amoonguss, L50, M|
|poke|p1|Archaludon, L50, M|
|poke|p1|Basculegion, L50, M|
|poke|p1|Pelipper, L50, F|
|poke|p1|Rillaboom, L50, F|
|poke|p1|Maushold-Four, L50|
|poke|p2|Dondozo, L50, F|
|poke|p2|Tatsugiri, L50, M|
|poke|p2|Maushold-Four, L50|
|poke|p2|Annihilape, L50, M|
|poke|p2|Whimsicott, L50, F|
|poke|p2|Typhlosion-Hisui, L50, M|
|teampreview|4
|showteam|p1|Amoonguss||SitrusBerry|Regenerator|RagePowder,Spore,PollenPuff,ClearSmog|||M|||50|,,,,,Fire]Archaludon||AssaultVest|Stamina|ElectroShot,FlashCannon,DracoMeteor,BodyPress|||M|||50|,,,,,Bug]Basculegion||LifeOrb|SwiftSwim|WaveCrash,LastRespects,AquaJet,FlipTurn|||M|||50|,,,,,Water]Pelipper||FocusSash|Drizzle|Protect,WeatherBall,Hurricane,Tailwind|||F|||50|,,,,,Steel]Rillaboom||MiracleSeed|GrassySurge|FakeOut,GrassyGlide,WoodHammer,Uturn|||F|||50|,,,,,Fire]Maushold-Four||WideLens|FriendGuard|Protect,FollowMe,Taunt,PopulationBomb||||||50|,,,,,Grass
|showteam|p2|Dondozo||Leftovers|Unaware|WaveCrash,Earthquake,OrderUp,Protect|||F|||50|,,,,,Dragon]Tatsugiri||SitrusBerry|Commander|DracoMeteor,MuddyWater,HelpingHand,Protect|||M|||50|,,,,,Steel]Maushold-Four||WideLens|Technician|PopulationBomb,Crunch,FollowMe,Protect||||||50|,,,,,Normal]Annihilape||ChoiceScarf|Defiant|ShadowClaw,CloseCombat,FinalGambit,Uturn|||M|||50|,,,,,Fighting]Whimsicott||CovertCloak|Prankster|Tailwind,SunnyDay,Moonblast,Encore|||F|||50|,,,,,Rock]Typhlosion-Hisui||Charcoal|Frisk|Eruption,HeatWave,ShadowBall,Protect|||M|||50|,,,,,Fairy
|j| nico the ram
|
|t:|1756326867
|teamsize|p1|4
|teamsize|p2|4
|start
|switch|p1a: Maushold|Maushold-Four, L50|100/100
|switch|p1b: Basculegion|Basculegion, L50, M|100/100
|switch|p2a: Typhlosion|Typhlosion-Hisui, L50, M|100/100
|switch|p2b: Whimsicott|Whimsicott, L50, F|100/100
|-item|p1a: Maushold|Wide Lens|[from] ability: Frisk|[of] p2a: Typhlosion
|-item|p1b: Basculegion|Life Orb|[from] ability: Frisk|[of] p2a: Typhlosion
|turn|1
|
|t:|1756326944
|switch|p1b: Pelipper|Pelipper, L50, F|100/100
|-weather|RainDance|[from] ability: Drizzle|[of] p1b: Pelipper
|move|p2b: Whimsicott|Sunny Day|p2b: Whimsicott
|-weather|SunnyDay
|move|p2a: Typhlosion|Eruption|p1a: Maushold|[spread] p1a,p1b
|-resisted|p1b: Pelipper
|-damage|p1a: Maushold|0 fnt
|-damage|p1b: Pelipper|33/100
|faint|p1a: Maushold
|
|-weather|SunnyDay|[upkeep]
|upkeep
|
|t:|1756326957
|switch|p1a: Amoonguss|Amoonguss, L50, M|100/100
|turn|2
|
|t:|1756326968
|-terastallize|p1a: Amoonguss|Fire
|move|p1b: Pelipper|Protect|p1b: Pelipper
|-singleturn|p1b: Pelipper|Protect
|move|p2b: Whimsicott|Moonblast|p1a: Amoonguss
|-resisted|p1a: Amoonguss
|-damage|p1a: Amoonguss|89/100
|-unboost|p1a: Amoonguss|spa|1
|move|p2a: Typhlosion|Eruption|p1b: Pelipper|[spread] p1a
|-activate|p1b: Pelipper|move: Protect
|-resisted|p1a: Amoonguss
|-damage|p1a: Amoonguss|50/100
|-enditem|p1a: Amoonguss|Sitrus Berry|[eat]
|-heal|p1a: Amoonguss|74/100|[from] item: Sitrus Berry
|move|p1a: Amoonguss|Spore|p2a: Typhlosion
|-status|p2a: Typhlosion|slp|[from] move: Spore
|
|-weather|SunnyDay|[upkeep]
|upkeep
|turn|3
|
|t:|1756327003
|switch|p1a: Basculegion|Basculegion, L50, M|100/100
|move|p2b: Whimsicott|Encore|p1b: Pelipper
|-start|p1b: Pelipper|Encore
|cant|p2a: Typhlosion|slp
|move|p1b: Pelipper|Protect||[still]
|-fail|p1b: Pelipper
|
|-weather|SunnyDay|[upkeep]
|upkeep
|turn|4
|
|t:|1756327020
|switch|p1b: Amoonguss|Amoonguss, L50, M, tera:Fire|100/100
|move|p2b: Whimsicott|Tailwind|p2b: Whimsicott
|-sidestart|p2: ChrixsVGC|move: Tailwind
|cant|p2a: Typhlosion|slp
|move|p1a: Basculegion|Last Respects|p2a: Typhlosion
|-supereffective|p2a: Typhlosion
|-damage|p2a: Typhlosion|0 fnt
|faint|p2a: Typhlosion
|-damage|p1a: Basculegion|91/100|[from] item: Life Orb
|
|-weather|SunnyDay|[upkeep]
|upkeep
|
|t:|1756327029
|switch|p2a: Dondozo|Dondozo, L50, F|100/100
|turn|5
|
|t:|1756327046
|switch|p1a: Pelipper|Pelipper, L50, F|33/100
|-weather|RainDance|[from] ability: Drizzle|[of] p1a: Pelipper
|move|p2a: Dondozo|Protect|p2a: Dondozo
|-singleturn|p2a: Dondozo|Protect
|move|p2b: Whimsicott|Moonblast|p1b: Amoonguss
|-resisted|p1b: Amoonguss
|-damage|p1b: Amoonguss|90/100
|move|p1b: Amoonguss|Clear Smog|p2a: Dondozo
|-activate|p2a: Dondozo|move: Protect
|
|-weather|RainDance|[upkeep]
|upkeep
|turn|6
|
|t:|1756327071
|switch|p2b: Tatsugiri|Tatsugiri, L50, M|100/100
|-activate|p2b: Tatsugiri|ability: Commander|[of] p2a: Dondozo
|-boost|p2a: Dondozo|atk|2
|-boost|p2a: Dondozo|spa|2
|-boost|p2a: Dondozo|spe|2
|-boost|p2a: Dondozo|def|2
|-boost|p2a: Dondozo|spd|2
|move|p2a: Dondozo|Earthquake|p1a: Pelipper|[spread] p1b
|-miss|p2a: Dondozo|p2b: Tatsugiri
|-immune|p1a: Pelipper
|-supereffective|p1b: Amoonguss
|-damage|p1b: Amoonguss|9/100
|move|p1a: Pelipper|Hurricane|p2b: Tatsugiri|[miss]
|-miss|p1a: Pelipper|p2b: Tatsugiri
|move|p1b: Amoonguss|Spore|p2a: Dondozo
|-status|p2a: Dondozo|slp|[from] move: Spore
|
|-weather|RainDance|[upkeep]
|upkeep
|turn|7
|
|t:|1756327096
|cant|p2a: Dondozo|slp
|move|p1a: Pelipper|Hurricane|p2a: Dondozo
|-damage|p2a: Dondozo|70/100 slp
|move|p1b: Amoonguss|Clear Smog|p2a: Dondozo
|-damage|p2a: Dondozo|62/100 slp
|-clearboost|p2a: Dondozo
|
|-weather|RainDance|[upkeep]
|-heal|p2a: Dondozo|68/100 slp|[from] item: Leftovers
|-sideend|p2: ChrixsVGC|move: Tailwind
|upkeep
|turn|8
|
|t:|1756327113
|switch|p1b: Basculegion|Basculegion, L50, M|91/100
|move|p1a: Pelipper|Hurricane|p2a: Dondozo
|-damage|p2a: Dondozo|10/100 slp
|cant|p2a: Dondozo|slp
|
|-weather|RainDance|[upkeep]
|-heal|p2a: Dondozo|16/100 slp|[from] item: Leftovers
|upkeep
|turn|9
|
|t:|1756327135
|-curestatus|p2a: Dondozo|slp|[msg]
|move|p2a: Dondozo|Protect|p2a: Dondozo
|-singleturn|p2a: Dondozo|Protect
|move|p1b: Basculegion|Flip Turn|p2a: Dondozo
|-activate|p2a: Dondozo|move: Protect
|move|p1a: Pelipper|Hurricane|p2b: Tatsugiri|[miss]
|-miss|p1a: Pelipper|p2b: Tatsugiri
|
|-weather|none
|-heal|p2a: Dondozo|22/100|[from] item: Leftovers
|upkeep
|turn|10
|
|t:|1756327152
|move|p1b: Basculegion|Last Respects|p2a: Dondozo
|-damage|p2a: Dondozo|0 fnt
|faint|p2a: Dondozo
|-damage|p1b: Basculegion|81/100|[from] item: Life Orb
|move|p1a: Pelipper|Hurricane|p2b: Tatsugiri|[miss]
|-miss|p1a: Pelipper|p2b: Tatsugiri
|
|upkeep
|
|t:|1756327158
|switch|p2a: Whimsicott|Whimsicott, L50, F|100/100
|turn|11
|
|t:|1756327174
|switch|p1a: Amoonguss|Amoonguss, L50, M, tera:Fire|42/100
|move|p2a: Whimsicott|Moonblast|p1a: Amoonguss
|-resisted|p1a: Amoonguss
|-damage|p1a: Amoonguss|32/100
|-unboost|p1a: Amoonguss|spa|1
|move|p1b: Basculegion|Flip Turn|p2a: Whimsicott
|-resisted|p2a: Whimsicott
|-damage|p2a: Whimsicott|80/100
|-damage|p1b: Basculegion|71/100|[from] item: Life Orb
|
|t:|1756327185
|switch|p1b: Pelipper|Pelipper, L50, F|33/100|[from] Flip Turn
|-weather|RainDance|[from] ability: Drizzle|[of] p1b: Pelipper
|move|p2b: Tatsugiri|Muddy Water|p1b: Pelipper|[spread] p1a,p1b
|-supereffective|p1a: Amoonguss
|-resisted|p1b: Pelipper
|-damage|p1a: Amoonguss|0 fnt
|-damage|p1b: Pelipper|0 fnt
|faint|p1a: Amoonguss
|faint|p1b: Pelipper
|
|-weather|RainDance|[upkeep]
|upkeep
|
|t:|1756327197
|switch|p1a: Basculegion|Basculegion, L50, M|71/100
|turn|12
|
|t:|1756327203
|move|p1a: Basculegion|Last Respects|p2a: Whimsicott
|-damage|p2a: Whimsicott|0 fnt
|faint|p2a: Whimsicott
|-damage|p1a: Basculegion|62/100|[from] item: Life Orb
|move|p2b: Tatsugiri|Draco Meteor|p1a: Basculegion
|-damage|p1a: Basculegion|0 fnt
|-unboost|p2b: Tatsugiri|spa|2
|faint|p1a: Basculegion
|
|win|ChrixsVGC
||ChrixsVGC is ready for game 2.
|inactive|Ziik has 30 seconds to confirm battle start!
||Ziik is ready for game 2.
|uhtml|next|Next: Game 2 of 3
|l| nico the ram
|l|☆ChrixsVGC
|player|p2|
