|j|☆JNEST
|j|☆DISSSSS
|html|JNESTDISSSSS    
|uhtml|bestof|Game 2 of a best-of-3
|t:|1756164986
|gametype|doubles
|player|p1|JNEST|veteran-gen4|1187
|player|p2|DISSSSS|flannery|1152
|gen|9
|tier|[Gen 9] VGC 2025 Reg H (Bo3)
|rated|
|rule|Species Clause: Limit one of each Pokémon
|rule|Item Clause: Limit 1 of each item
|clearpoke
|poke|p1|Weezing, L50, M|
|poke|p1|Incineroar, L50, M|
|poke|p1|Annihilape, L50, M|
|poke|p1|Tyranitar, L50, M|
|poke|p2|Ursaluna, L50, F|
|poke|p2|Reuniclus, L50, M|
|poke|p2|Indeedee-F, L50, F|
|poke|p2|Sneasler, L50, F|
|poke|p2|Torkoal, L50, F|
|poke|p2|Lilligant-Hisui, L50, F|
|teampreview|4
|showteam|p1|Weezing||SitrusBerry|NeutralizingGas|Protect,Taunt,WillOWisp,SludgeBomb|||M|||50|,,,,,Ghost]Incineroar||AbilityShield|Intimidate|KnockOff,FlareBlitz,FakeOut,PartingShot|||M|||50|,,,,,Ghost]Annihilape||SafetyGoggles|Defiant|Taunt,RageFist,CloseCombat,FinalGambit|||M|||50|,,,,,Fairy]Tyranitar||AssaultVest|SandStream|RockSlide,KnockOff,TeraBlast,LowKick|||M|||50|,,,,,Flying
|showteam|p2|Ursaluna||FlameOrb|Guts|Facade,HeadlongRush,Earthquake,Protect|||F|||50|,,,,,Normal]Reuniclus||LifeOrb|MagicGuard|ExpandingForce,TrickRoom,Protect,TeraBlast|||M|||50|,,,,,Fighting]Indeedee-F||SafetyGoggles|PsychicSurge|TrickRoom,Psychic,FollowMe,HelpingHand|||F|||50|,,,,,Water]Sneasler||PsychicSeed|Unburden|DireClaw,CloseCombat,ThroatChop,Protect|||F|||50|,,,,,Dark]Torkoal||Charcoal|Drought|Eruption,EarthPower,Protect,HeatWave|||F|||50|,,,,,Fire]Lilligant-Hisui||FocusSash|Chlorophyll|AfterYou,SleepPowder,CloseCombat,Protect|||F|||50|,,,,,Ghost
|inactive|Battle timer is ON: inactive players will automatically lose when time's up. (requested by DISSSSS)
|inactive|JNEST also wants the timer to be on.
|
|t:|1756165002
|teamsize|p1|4
|teamsize|p2|4
|start
|switch|p1a: Annihilape|Annihilape, L50, M|100/100
|switch|p1b: Incineroar|Incineroar, L50, M|100/100
|switch|p2a: Torkoal|Torkoal, L50, F|100/100
|switch|p2b: Lilligant|Lilligant-Hisui, L50, F|100/100
|-ability|p1b: Incineroar|Intimidate|boost
|-unboost|p2a: Torkoal|atk|1
|-unboost|p2b: Lilligant|atk|1
|-weather|SunnyDay|[from] ability: Drought|[of] p2a: Torkoal
|turn|1
|
|t:|1756165016
|switch|p1b: Tyranitar|Tyranitar, L50, M|100/100
|-weather|Sandstorm|[from] ability: Sand Stream|[of] p1b: Tyranitar
|move|p2b: Lilligant|Protect|p2b: Lilligant
|-singleturn|p2b: Lilligant|Protect
|move|p2a: Torkoal|Protect|p2a: Torkoal
|-singleturn|p2a: Torkoal|Protect
|move|p1a: Annihilape|Taunt|p2b: Lilligant
|-activate|p2b: Lilligant|move: Protect
|
|-weather|Sandstorm|[upkeep]
|-damage|p2b: Lilligant|94/100|[from] Sandstorm
|-damage|p2a: Torkoal|94/100|[from] Sandstorm
|upkeep
|turn|2
|
|t:|1756165027
|move|p2b: Lilligant|Close Combat|p1b: Tyranitar
|-supereffective|p1b: Tyranitar
|-damage|p1b: Tyranitar|0 fnt
|-unboost|p2b: Lilligant|def|1
|-unboost|p2b: Lilligant|spd|1
|faint|p1b: Tyranitar
|move|p1a: Annihilape|Taunt|p2b: Lilligant
|-start|p2b: Lilligant|move: Taunt
|move|p2a: Torkoal|Earth Power|p1a: Annihilape
|-damage|p1a: Annihilape|77/100
|
|-weather|Sandstorm|[upkeep]
|-damage|p2b: Lilligant|88/100|[from] Sandstorm
|-damage|p2a: Torkoal|88/100|[from] Sandstorm
|upkeep
|
|t:|1756165032
|switch|p1b: Incineroar|Incineroar, L50, M|100/100
|-ability|p1b: Incineroar|Intimidate|boost
|-unboost|p2a: Torkoal|atk|1
|-unboost|p2b: Lilligant|atk|1
|turn|3
|
|t:|1756165037
|switch|p2b: Indeedee|Indeedee-F, L50, F|100/100
|-fieldstart|move: Psychic Terrain|[from] ability: Psychic Surge|[of] p2b: Indeedee
|move|p2a: Torkoal|Protect|p2a: Torkoal
|-singleturn|p2a: Torkoal|Protect
|move|p1a: Annihilape|Rage Fist|p2a: Torkoal
|-activate|p2a: Torkoal|move: Protect
|move|p1b: Incineroar|Knock Off|p2b: Indeedee
|-supereffective|p2b: Indeedee
|-damage|p2b: Indeedee|5/100
|-enditem|p2b: Indeedee|Safety Goggles|[from] move: Knock Off|[of] p1b: Incineroar
|
|-weather|Sandstorm|[upkeep]
|-damage|p2b: Indeedee|0 fnt|[from] Sandstorm
|-damage|p1b: Incineroar|95/100|[from] Sandstorm
|-damage|p2a: Torkoal|82/100|[from] Sandstorm
|faint|p2b: Indeedee
|upkeep
|
|t:|1756165049
|switch|p2b: Sneasler|Sneasler, L50, F|100/100
|-enditem|p2b: Sneasler|Psychic Seed
|-boost|p2b: Sneasler|spd|1|[from] item: Psychic Seed
|turn|4
|inactive|DISSSSS has 30 seconds left.
|
|t:|1756165081
|switch|p1b: Weezing|Weezing, L50, M|100/100
|-ability|p1b: Weezing|Neutralizing Gas
|switch|p2a: Lilligant|Lilligant-Hisui, L50, F|88/100
|move|p2b: Sneasler|Close Combat|p1b: Weezing
|-resisted|p1b: Weezing
|-damage|p1b: Weezing|69/100
|-unboost|p2b: Sneasler|def|1
|-unboost|p2b: Sneasler|spd|1
|move|p1a: Annihilape|Rage Fist|p2a: Lilligant
|-damage|p2a: Lilligant|37/100
|
|-weather|Sandstorm|[upkeep]
|-damage|p2a: Lilligant|30/100|[from] Sandstorm
|-damage|p2b: Sneasler|95/100|[from] Sandstorm
|-damage|p1b: Weezing|63/100|[from] Sandstorm
|upkeep
|turn|5
|
|t:|1756165098
|-terastallize|p2b: Sneasler|Dark
|move|p1b: Weezing|Protect|p1b: Weezing
|-singleturn|p1b: Weezing|Protect
|move|p2a: Lilligant|Sleep Powder|p1b: Weezing
|-activate|p1b: Weezing|move: Protect
|move|p2b: Sneasler|Throat Chop|p1a: Annihilape
|-damage|p1a: Annihilape|28/100
|-start|p1a: Annihilape|Throat Chop|[silent]
|move|p1a: Annihilape|Rage Fist|p2a: Lilligant
|-crit|p2a: Lilligant
|-damage|p2a: Lilligant|0 fnt
|faint|p2a: Lilligant
|
|-weather|none
|upkeep
|
|t:|1756165106
|switch|p2a: Torkoal|Torkoal, L50, F|82/100
|turn|6
|
|t:|1756165118
|switch|p1a: Incineroar|Incineroar, L50, M|95/100
|-ability|p1a: Incineroar|Intimidate|boost
|-unboost|p2a: Torkoal|atk|1
|-unboost|p2b: Sneasler|atk|1
|move|p2b: Sneasler|Throat Chop|p1a: Incineroar
|-resisted|p1a: Incineroar
|-damage|p1a: Incineroar|81/100
|-start|p1a: Incineroar|Throat Chop|[silent]
|move|p1b: Weezing|Will-O-Wisp|p2b: Sneasler
|-status|p2b: Sneasler|brn
|move|p2a: Torkoal|Earth Power|p1b: Weezing
|-supereffective|p1b: Weezing
|-damage|p1b: Weezing|9/100
|-enditem|p1b: Weezing|Sitrus Berry|[eat]
|-heal|p1b: Weezing|34/100|[from] item: Sitrus Berry
|
|-damage|p2b: Sneasler|89/100 brn|[from] brn
|upkeep
|turn|7
|
|t:|1756165140
|-terastallize|p1b: Weezing|Ghost
|move|p2b: Sneasler|Throat Chop|p1b: Weezing
|-supereffective|p1b: Weezing
|-damage|p1b: Weezing|9/100
|-start|p1b: Weezing|Throat Chop|[silent]
|move|p1a: Incineroar|Knock Off|p2a: Torkoal
|-damage|p2a: Torkoal|49/100
|-enditem|p2a: Torkoal|Charcoal|[from] move: Knock Off|[of] p1a: Incineroar
|move|p1b: Weezing|Sludge Bomb|p2a: Torkoal
|-damage|p2a: Torkoal|10/100
|-status|p2a: Torkoal|psn
|move|p2a: Torkoal|Earth Power|p1a: Incineroar
|-supereffective|p1a: Incineroar
|-damage|p1a: Incineroar|28/100
|
|-damage|p2a: Torkoal|0 fnt|[from] psn
|faint|p2a: Torkoal
|-damage|p2b: Sneasler|83/100 brn|[from] brn
|-end|p1a: Incineroar|Throat Chop|[silent]
|-fieldend|move: Psychic Terrain
|upkeep
|turn|8
|
|t:|1756165159
|move|p2b: Sneasler|Close Combat|p1a: Incineroar
|-supereffective|p1a: Incineroar
|-damage|p1a: Incineroar|0 fnt
|-unboost|p2b: Sneasler|def|1
|-unboost|p2b: Sneasler|spd|1
|faint|p1a: Incineroar
|move|p1b: Weezing|Sludge Bomb|p2b: Sneasler
|-damage|p2b: Sneasler|28/100 brn
|
|-damage|p2b: Sneasler|22/100 brn|[from] brn
|-end|p1b: Weezing|Throat Chop|[silent]
|upkeep
|
|t:|1756165162
|switch|p1a: Annihilape|Annihilape, L50, M|28/100
|turn|9
|
|t:|1756165182
|move|p2b: Sneasler|Throat Chop|p1a: Annihilape
|-damage|p1a: Annihilape|12/100
|-start|p1a: Annihilape|Throat Chop|[silent]
|move|p1a: Annihilape|Close Combat|p2b: Sneasler
|-supereffective|p2b: Sneasler
|-damage|p2b: Sneasler|0 fnt
|-unboost|p1a: Annihilape|def|1
|-unboost|p1a: Annihilape|spd|1
|faint|p2b: Sneasler
|
|win|JNEST
||DISSSSS is ready for game 3.
