|j|☆Ssamuuelll
|j|☆Adriatic Tides
|html|SsamuuelllAdriatic Tides    
|uhtml|bestof|Game 1 of a best-of-3
|t:|1784767448
|gametype|doubles
|player|p1|Ssamuuelll|265|1233
|player|p2|Adriatic Tides|leon|1193
|gen|9
|tier|[Gen 9 Champions] VGC 2026 Reg M-B (Bo3)
|rated|
|rule|Species Clause: Limit one of each Pokémon
|rule|Item Clause: Limit 1 of each item
|clearpoke
|poke|p1|Chandelure, L50, M, shiny|
|poke|p1|Kangaskhan, L50, F|
|poke|p1|Kingambit, L50, M|
|poke|p1|Kommo-o, L50, M|
|poke|p1|Gallade, L50, M|
|poke|p1|Basculegion, L50, M|
|poke|p2|Tyranitar, L50, M|
|poke|p2|Excadrill, L50, M|
|poke|p2|Delphox, L50, F|
|poke|p2|Sinistcha, L50|
|poke|p2|Rotom-Wash, L50|
|poke|p2|Incineroar, L50, M|
|teampreview|4
|showteam|p1|Chandelure||FocusSash|FlashFire|TrickRoom,HeatWave,ShadowBall,Protect|Quiet||M|||50|]Kangaskhan||Kangaskhanite|Scrappy|FakeOut,DoubleEdge,SuckerPunch,BrickBreak|Brave||F|||50|]Kingambit||ChopleBerry|Defiant|KowtowCleave,SuckerPunch,IronHead,LowKick|Brave||M|||50|]Kommo-o||LifeOrb|Soundproof|ClangingScales,AuraSphere,VacuumWave,Protect|Quiet||M|||50|]Gallade||ExpertBelt|Sharpness|SacredSword,LeafBlade,PsychoCut,TrickRoom|Brave||M|||50|]Basculegion||SitrusBerry|Adaptability|Protect,WaveCrash,LastRespects,AquaJet|Brave||M|||50|
|showteam|p2|Tyranitar||Tyranitarite|SandStream|KnockOff,RockSlide,Protect,LowKick|Adamant||M|||50|]Excadrill||FocusSash|SandRush|Protect,Earthquake,IronHead,RockSlide|Adamant||M|||50|]Delphox||Delphoxite|Blaze|NastyPlot,HeatWave,Psyshock,Protect|Timid||F|||50|]Sinistcha||ColburBerry|Hospitality|TrickRoom,MatchaGotcha,Protect,RagePowder|Bold|||||50|]Rotom-Wash||Leftovers|Levitate|Electroweb,HydroPump,Protect,Thunderbolt|Modest|||||50|]Incineroar||SitrusBerry|Intimidate|FakeOut,FlareBlitz,PartingShot,ThroatChop|Careful||M|||50|
|
|t:|1784767495
|teamsize|p1|4
|teamsize|p2|4
|start
|switch|p1a: Chandelure|Chandelure, L50, M, shiny|100/100
|switch|p1b: Kangaskhan|Kangaskhan, L50, F|100/100
|switch|p2a: Tyranitar|Tyranitar, L50, M|100/100
|switch|p2b: Excadrill|Excadrill, L50, M|100/100
|-weather|Sandstorm|[from] ability: Sand Stream|[of] p2a: Tyranitar
|turn|1
|
|t:|1784767530
|detailschange|p1b: Kangaskhan|Kangaskhan-Mega, L50, F
|-mega|p1b: Kangaskhan|Kangaskhan|Kangaskhanite
|detailschange|p2a: Tyranitar|Tyranitar-Mega, L50, M
|-mega|p2a: Tyranitar|Tyranitar|Tyranitarite
|move|p2b: Excadrill|Rock Slide|p1a: Chandelure|[spread] p1a,p1b
|-supereffective|p1a: Chandelure|1
|-damage|p1a: Chandelure|53/100
|-damage|p1b: Kangaskhan|79/100
|move|p1b: Kangaskhan|Brick Break|p2a: Tyranitar
|-supereffective|p2a: Tyranitar|2
|-damage|p2a: Tyranitar|24/100
|-supereffective|p2a: Tyranitar|2
|-damage|p2a: Tyranitar|7/100
|-hitcount|p2a: Tyranitar|2
|move|p2a: Tyranitar|Rock Slide|p1a: Chandelure|[spread] p1a,p1b
|-supereffective|p1a: Chandelure|1
|-damage|p1a: Chandelure|0 fnt
|-damage|p1b: Kangaskhan|46/100
|faint|p1a: Chandelure
|
|-weather|Sandstorm|[upkeep]
|-damage|p1b: Kangaskhan|40/100|[from] Sandstorm
|upkeep
|
|t:|1784767563
|switch|p1a: Kingambit|Kingambit, L50, M|100/100
|turn|2
|
|t:|1784767581
|switch|p2a: Rotom|Rotom-Wash, L50|100/100
|move|p1a: Kingambit|Sucker Punch|p2b: Excadrill
|-damage|p2b: Excadrill|45/100
|move|p2b: Excadrill|Earthquake|p1a: Kingambit|[spread] p1a,p1b
|-immune|p2a: Rotom|[from] ability: Levitate
|-supereffective|p1a: Kingambit|1
|-damage|p1a: Kingambit|32/100
|-damage|p1b: Kangaskhan|1/100
|move|p1b: Kangaskhan|Brick Break|p2b: Excadrill
|-supereffective|p2b: Excadrill|1
|-damage|p2b: Excadrill|0 fnt
|faint|p2b: Excadrill
|
|-weather|Sandstorm|[upkeep]
|-damage|p2a: Rotom|94/100|[from] Sandstorm
|-damage|p1b: Kangaskhan|0 fnt|[from] Sandstorm
|faint|p1b: Kangaskhan
|-heal|p2a: Rotom|100/100|[from] item: Leftovers
|upkeep
|
|t:|1784767602
|switch|p2b: Tyranitar|Tyranitar-Mega, L50, M|7/100
|switch|p1b: Kommo-o|Kommo-o, L50, M|100/100
|turn|3
|
|t:|1784767622
|move|p2b: Tyranitar|Protect|p2b: Tyranitar
|-singleturn|p2b: Tyranitar|Protect
|move|p1b: Kommo-o|Vacuum Wave|p2b: Tyranitar
|-activate|p2b: Tyranitar|move: Protect
|move|p2a: Rotom|Thunderbolt|p1a: Kingambit
|-damage|p1a: Kingambit|0 fnt
|faint|p1a: Kingambit
|
|-weather|Sandstorm|[upkeep]
|-damage|p2a: Rotom|94/100|[from] Sandstorm
|-damage|p1b: Kommo-o|93/100|[from] Sandstorm
|-heal|p2a: Rotom|100/100|[from] item: Leftovers
|upkeep
|turn|4
|
|t:|1784767636
|switch|p2b: Sinistcha|Sinistcha, L50|100/100
|move|p2a: Rotom|Electroweb|p1b: Kommo-o
|-resisted|p1b: Kommo-o|1
|-damage|p1b: Kommo-o|83/100
|-unboost|p1b: Kommo-o|spe|1
|move|p1b: Kommo-o|Clanging Scales|p2a: Rotom|[spread] p2a,p2b
|-damage|p2a: Rotom|47/100
|-damage|p2b: Sinistcha|45/100
|-unboost|p1b: Kommo-o|def|1
|-damage|p1b: Kommo-o|74/100|[from] item: Life Orb
|
|-weather|Sandstorm|[upkeep]
|-damage|p2a: Rotom|41/100|[from] Sandstorm
|-damage|p2b: Sinistcha|39/100|[from] Sandstorm
|-damage|p1b: Kommo-o|68/100|[from] Sandstorm
|-heal|p2a: Rotom|47/100|[from] item: Leftovers
|upkeep
|turn|5
|
|t:|1784767653
|move|p2a: Rotom|Electroweb|p1b: Kommo-o
|-resisted|p1b: Kommo-o|1
|-damage|p1b: Kommo-o|58/100
|-unboost|p1b: Kommo-o|spe|1
|move|p2b: Sinistcha|Matcha Gotcha|p1b: Kommo-o
|-resisted|p1b: Kommo-o|1
|-damage|p1b: Kommo-o|41/100
|-heal|p2b: Sinistcha|47/100|[from] drain|[of] p1b: Kommo-o
|-status|p1b: Kommo-o|brn
|move|p1b: Kommo-o|Clanging Scales|p2a: Rotom|[spread] p2a,p2b
|-damage|p2a: Rotom|0 fnt
|-damage|p2b: Sinistcha|0 fnt
|faint|p2a: Rotom
|faint|p2b: Sinistcha
|-unboost|p1b: Kommo-o|def|1
|-damage|p1b: Kommo-o|32/100 brn|[from] item: Life Orb
|
|-weather|none
|-damage|p1b: Kommo-o|26/100 brn|[from] brn
|upkeep
|
|t:|1784767666
|switch|p2b: Tyranitar|Tyranitar-Mega, L50, M|7/100
|-weather|Sandstorm|[from] ability: Sand Stream|[of] p2b: Tyranitar
|turn|6
|
|t:|1784767678
|move|p2b: Tyranitar|Protect|p2b: Tyranitar
|-singleturn|p2b: Tyranitar|Protect
|move|p1b: Kommo-o|Vacuum Wave|p2b: Tyranitar
|-activate|p2b: Tyranitar|move: Protect
|
|-weather|Sandstorm|[upkeep]
|-damage|p1b: Kommo-o|20/100y brn|[from] Sandstorm
|-damage|p1b: Kommo-o|13/100 brn|[from] brn
|upkeep
|turn|7
|
|t:|1784767688
|move|p2b: Tyranitar|Protect|p2b: Tyranitar
|-singleturn|p2b: Tyranitar|Protect
|move|p1b: Kommo-o|Vacuum Wave|p2b: Tyranitar
|-activate|p2b: Tyranitar|move: Protect
|
|-weather|Sandstorm|[upkeep]
|-damage|p1b: Kommo-o|7/100 brn|[from] Sandstorm
|-damage|p1b: Kommo-o|1/100 brn|[from] brn
|upkeep
|turn|8
|
|t:|1784767698
|move|p2b: Tyranitar|Protect||[still]
|-fail|p2b: Tyranitar
|move|p1b: Kommo-o|Vacuum Wave|p2b: Tyranitar
|-supereffective|p2b: Tyranitar|2
|-damage|p2b: Tyranitar|0 fnt
|faint|p2b: Tyranitar
|-damage|p1b: Kommo-o|0 fnt|[from] item: Life Orb
|faint|p1b: Kommo-o
|
|win|Ssamuuelll
||Adriatic Tides is ready for game 2.
|inactive|Ssamuuelll has 30 seconds to confirm battle start!
||Ssamuuelll is ready for game 2.
|uhtml|next|Next: Game 2 of 3
