|j|☆FunkleVGC
|j|‽mattyj8799
|html|FunkleVGCmattyj8799    
|uhtml|bestof|Game 2 of a best-of-3
|t:|1784212962
|gametype|doubles
|player|p1|FunkleVGC|fisherman-gen4|1158
|player|p2|mattyj8799|byron|1073
|gen|9
|tier|[Gen 9 Champions] VGC 2026 Reg M-B (Bo3)
|rated|
|rule|Species Clause: Limit one of each Pokémon
|rule|Item Clause: Limit 1 of each item
|clearpoke
|poke|p1|Maushold, L50|
|poke|p1|Annihilape, L50, F, shiny|
|poke|p1|Sylveon, L50, F, shiny|
|poke|p1|Aegislash, L50, F, shiny|
|poke|p1|Hydreigon, L50, M|
|poke|p1|Aerodactyl, L50, M|
|poke|p2|Metagross, L50, shiny|
|poke|p2|Sinistcha-Masterpiece, L50|
|poke|p2|Incineroar, L50, F, shiny|
|poke|p2|Sneasler, L50, M|
|poke|p2|Tyranitar, L50, F|
|poke|p2|Staraptor, L50, M|
|teampreview|4
|showteam|p1|Maushold||ChopleBerry|FriendGuard|Protect,BeatUp,SuperFang,FollowMe|Jolly|||||50|]Annihilape||SitrusBerry|Defiant|Protect,BulkUp,DrainPunch,RageFist|Careful||F|||50|]Sylveon||FairyFeather|Pixilate|Protect,HyperVoice,HyperBeam,QuickAttack|Modest||F|||50|]Aegislash||SpellTag|StanceChange|KingsShield,Poltergeist,ShadowSneak,IronHead|Adamant||F|||50|]Hydreigon||ChoiceScarf|Levitate|DarkPulse,Snarl,DracoMeteor,EarthPower|Modest||M|||50|]Aerodactyl||Aerodactylite|Unnerve|WideGuard,RockSlide,DualWingbeat,Tailwind|Jolly||M|||50|
|showteam|p2|Metagross||Metagrossite|ClearBody|Earthquake,BulletPunch,PsychicFangs,Protect|Adamant|||||50|]Sinistcha-Masterpiece||Leftovers|Hospitality|MatchaGotcha,RagePowder,ShadowBall,Protect|Bold|||||50|]Incineroar||SitrusBerry|Intimidate|PartingShot,FakeOut,FlareBlitz,WillOWisp|Careful||F|||50|]Sneasler||WhiteHerb|Unburden|FakeOut,CloseCombat,DireClaw,Coaching|Jolly||M|||50|]Tyranitar||ChopleBerry|SandStream|DragonDance,RockSlide,KnockOff,Protect|Adamant||F|||50|]Staraptor||ChoiceScarf|Intimidate|Uturn,FinalGambit,CloseCombat,BraveBird|Jolly||M|||50|
|inactive|Battle timer is ON: inactive players will automatically lose when time's up. (requested by mattyj8799)
|
|t:|1784212973
|teamsize|p1|4
|teamsize|p2|4
|start
|switch|p1a: Aegislash|Aegislash, L50, F, shiny|100/100
|switch|p1b: Maushold|Maushold, L50|100/100
|switch|p2a: Metagross|Metagross, L50, shiny|100/100
|switch|p2b: Sneasler|Sneasler, L50, M|100/100
|turn|1
|inactive|mattyj8799 has 30 seconds left.
|inactive|mattyj8799 has 20 seconds left.
|inactive|mattyj8799 has 15 seconds left.
|inactive|mattyj8799 has 10 seconds left.
|
|t:|1784213018
|detailschange|p2a: Metagross|Metagross-Mega, L50, shiny
|-mega|p2a: Metagross|Metagross|Metagrossite
|move|p2b: Sneasler|Coaching|p2a: Metagross
|-boost|p2a: Metagross|atk|1
|-boost|p2a: Metagross|def|1
|move|p1b: Maushold|Super Fang|p2b: Sneasler
|-damage|p2b: Sneasler|50/100g
|move|p2a: Metagross|Psychic Fangs|p1b: Maushold
|-damage|p1b: Maushold|0 fnt
|faint|p1b: Maushold
|-formechange|p1a: Aegislash|Aegislash-Blade|
|move|p1a: Aegislash|Poltergeist|p2a: Metagross
|-activate|p2a: Metagross|move: Poltergeist|Metagrossite
|-supereffective|p2a: Metagross|1
|-damage|p2a: Metagross|28/100
|
|upkeep
|
|t:|1784213037
|switch|p1b: Sylveon|Sylveon, L50, F, shiny|100/100
|turn|2
|
|t:|1784213043
|switch|p2b: Sinistcha|Sinistcha-Masterpiece, L50|100/100
|-heal|p2a: Metagross|53/100|[from] ability: Hospitality|[of] p2b: Sinistcha
|move|p1b: Sylveon|Protect|p1b: Sylveon
|-singleturn|p1b: Sylveon|Protect
|-formechange|p1a: Aegislash|Aegislash|
|move|p1a: Aegislash|King's Shield|p1a: Aegislash
|-singleturn|p1a: Aegislash|Protect
|move|p2a: Metagross|Bullet Punch|p1b: Sylveon
|-activate|p1b: Sylveon|move: Protect
|
|upkeep
|turn|3
|
|t:|1784213057
|switch|p1b: Hydreigon|Hydreigon, L50, M|100/100
|move|p2b: Sinistcha|Rage Powder|p2b: Sinistcha
|-singleturn|p2b: Sinistcha|move: Rage Powder
|move|p2a: Metagross|Bullet Punch|p1b: Hydreigon
|-damage|p1b: Hydreigon|44/100
|-formechange|p1a: Aegislash|Aegislash-Blade|
|move|p1a: Aegislash|Poltergeist|p2b: Sinistcha
|-activate|p2b: Sinistcha|move: Poltergeist|Leftovers
|-supereffective|p2b: Sinistcha|1
|-damage|p2b: Sinistcha|0 fnt
|faint|p2b: Sinistcha
|
|upkeep
|
|t:|1784213070
|switch|p2b: Sneasler|Sneasler, L50, M|50/100g
|turn|4
|
|t:|1784213084
|move|p2a: Metagross|Bullet Punch|p1b: Hydreigon
|-damage|p1b: Hydreigon|0 fnt
|faint|p1b: Hydreigon
|move|p2b: Sneasler|Coaching|p2a: Metagross
|-boost|p2a: Metagross|atk|1
|-boost|p2a: Metagross|def|1
|move|p1a: Aegislash|Poltergeist|p2b: Sneasler
|-activate|p2b: Sneasler|move: Poltergeist|White Herb
|-damage|p2b: Sneasler|0 fnt
|faint|p2b: Sneasler
|
|upkeep
|
|t:|1784213095
|switch|p2b: Tyranitar|Tyranitar, L50, F|100/100
|switch|p1b: Sylveon|Sylveon, L50, F, shiny|100/100
|-weather|Sandstorm|[from] ability: Sand Stream|[of] p2b: Tyranitar
|turn|5
|
|t:|1784213110
|move|p1b: Sylveon|Protect|p1b: Sylveon
|-singleturn|p1b: Sylveon|Protect
|-formechange|p1a: Aegislash|Aegislash|
|move|p1a: Aegislash|King's Shield|p1a: Aegislash
|-singleturn|p1a: Aegislash|Protect
|move|p2a: Metagross|Bullet Punch|p1b: Sylveon
|-activate|p1b: Sylveon|move: Protect
|move|p2b: Tyranitar|Knock Off|p1a: Aegislash
|-activate|p1a: Aegislash|move: Protect
|-unboost|p2b: Tyranitar|atk|1
|
|-weather|Sandstorm|[upkeep]
|-damage|p1b: Sylveon|93/100|[from] Sandstorm
|upkeep
|turn|6
|
|t:|1784213126
|move|p2a: Metagross|Bullet Punch|p1b: Sylveon
|-supereffective|p1b: Sylveon|1
|-damage|p1b: Sylveon|0 fnt
|faint|p1b: Sylveon
|move|p2b: Tyranitar|Knock Off|p1a: Aegislash
|-supereffective|p1a: Aegislash|1
|-damage|p1a: Aegislash|42/100
|-enditem|p1a: Aegislash|Spell Tag|[from] move: Knock Off|[of] p2b: Tyranitar
|-formechange|p1a: Aegislash|Aegislash-Blade|
|move|p1a: Aegislash|Poltergeist|p2a: Metagross
|-activate|p2a: Metagross|move: Poltergeist|Metagrossite
|-supereffective|p2a: Metagross|1
|-damage|p2a: Metagross|0 fnt
|faint|p2a: Metagross
|
|-weather|Sandstorm|[upkeep]
|upkeep
|turn|7
|
|t:|1784213140
|-formechange|p1a: Aegislash|Aegislash|
|move|p1a: Aegislash|King's Shield|p1a: Aegislash
|-singleturn|p1a: Aegislash|Protect
|move|p2b: Tyranitar|Dragon Dance|p2b: Tyranitar
|-boost|p2b: Tyranitar|atk|1
|-boost|p2b: Tyranitar|spe|1
|
|-weather|Sandstorm|[upkeep]
|upkeep
|turn|8
|
|t:|1784213148
|move|p2b: Tyranitar|Knock Off|p1a: Aegislash
|-supereffective|p1a: Aegislash|1
|-damage|p1a: Aegislash|0 fnt
|faint|p1a: Aegislash
|
|win|mattyj8799
|raw|FunkleVGC's rating: 1158 → 1127(-31 for losing)
|raw|mattyj8799's rating: 1073 → 1109(+36 for winning)
