|j|☆dawndishysoap2
|j|☆Tamejo
|html|dawndishysoap2Tamejo    
|uhtml|bestof|Game 1 of a best-of-3
|t:|1784481353
|gametype|doubles
|player|p1|dawndishysoap2|2|1000
|player|p2|Tamejo|caitlin|1045
|gen|9
|tier|[Gen 9 Champions] VGC 2026 Reg M-B (Bo3)
|rated|
|rule|Species Clause: Limit one of each Pokémon
|rule|Item Clause: Limit 1 of each item
|clearpoke
|poke|p1|Gengar, L50, M|
|poke|p1|Politoed, L50, F|
|poke|p1|Archaludon, L50, M|
|poke|p1|Incineroar, L50, M|
|poke|p1|Vivillon, L50, F|
|poke|p1|Swampert, L50, M|
|poke|p2|Mamoswine, L50, M|
|poke|p2|Gyarados, L50, F|
|poke|p2|Sneasler, L50, F|
|poke|p2|Sinistcha, L50|
|poke|p2|Talonflame, L50, F|
|poke|p2|Metagross, L50|
|teampreview|4
|showteam|p1|Gengar||Gengarite|CursedBody|ShadowBall,SludgeBomb,PerishSong,Protect|Modest||M|||50|]Politoed||SitrusBerry|Drizzle|WeatherBall,Protect,Encore,PerishSong|Calm||F|||50|]Archaludon||Leftovers|Stamina|ElectroShot,FlashCannon,Protect,DragonPulse|Bold||M|||50|]Incineroar||PasshoBerry|Intimidate|ThroatChop,Protect,FakeOut,PartingShot|Relaxed||M|||50|]Vivillon||FocusSash|CompoundEyes|Hurricane,Protect,SleepPowder,RagePowder|Timid||F|||50|]Swampert||Swampertite|Torrent|WaveCrash,Protect,IcePunch,Earthquake|Adamant||M|||50|
|showteam|p2|Mamoswine||LifeOrb|Oblivious|HighHorsepower,IceShard,RockSlide,Protect|Adamant||M|||50|]Gyarados||Gyaradosite|Intimidate|Waterfall,LashOut,DragonDance,Protect|Jolly||F|||50|]Sneasler||FocusSash|PoisonTouch|PoisonJab,CloseCombat,FakeOut,Coaching|Jolly||F|||50|]Sinistcha||OccaBerry|Hospitality|MatchaGotcha,RagePowder,LifeDew,Protect|Bold|||||50|]Talonflame||SharpBeak|GaleWings|DualWingbeat,Tailwind,Taunt,QuickGuard|Jolly||F|||50|]Metagross||Metagrossite|ClearBody|PsychicFangs,IronHead,BodyPress,Protect|Adamant|||||50|
|inactive|Battle timer is ON: inactive players will automatically lose when time's up. (requested by dawndishysoap2)
|inactive|dawndishysoap2 has 60 seconds left.
|inactive|Tamejo has 60 seconds left.
|
|t:|1784481408
|teamsize|p1|4
|teamsize|p2|4
|start
|switch|p1a: Incineroar|Incineroar, L50, M|100/100
|switch|p1b: Politoed|Politoed, L50, F|100/100
|switch|p2a: Sneasler|Sneasler, L50, F|100/100
|switch|p2b: Talonflame|Talonflame, L50, F|100/100
|-weather|RainDance|[from] ability: Drizzle|[of] p1b: Politoed
|-ability|p1a: Incineroar|Intimidate|boost
|-unboost|p2a: Sneasler|atk|1
|-unboost|p2b: Talonflame|atk|1
|turn|1
|inactive|dawndishysoap2 has 30 seconds left.
|
|t:|1784481438
|switch|p2b: Gyarados|Gyarados, L50, F|100/100
|-ability|p2b: Gyarados|Intimidate|boost
|-unboost|p1a: Incineroar|atk|1
|-unboost|p1b: Politoed|atk|1
|move|p2a: Sneasler|Fake Out|p1b: Politoed
|-damage|p1b: Politoed|91/100
|-status|p1b: Politoed|psn|[from] ability: Poison Touch|[of] p2a: Sneasler
|move|p1a: Incineroar|Fake Out|p2a: Sneasler
|-damage|p2a: Sneasler|88/100
|cant|p1b: Politoed|flinch
|
|-weather|RainDance|[upkeep]
|-damage|p1b: Politoed|79/100 psn|[from] psn
|upkeep
|turn|2
|inactive|dawndishysoap2 has 30 seconds left.
|inactive|Tamejo has 30 seconds left.
|
|t:|1784481475
|move|p2b: Gyarados|Protect|p2b: Gyarados
|-singleturn|p2b: Gyarados|Protect
|move|p2a: Sneasler|Coaching|p2b: Gyarados
|-boost|p2b: Gyarados|atk|1
|-boost|p2b: Gyarados|def|1
|move|p1b: Politoed|Perish Song|p1b: Politoed
|-start|p1a: Incineroar|perish3|[silent]
|-start|p1b: Politoed|perish3|[silent]
|-start|p2a: Sneasler|perish3|[silent]
|-start|p2b: Gyarados|perish3|[silent]
|-fieldactivate|move: Perish Song
|move|p1a: Incineroar|Parting Shot|p2a: Sneasler
|-unboost|p2a: Sneasler|atk|1
|-unboost|p2a: Sneasler|spa|1
|
|t:|1784481488
|switch|p1a: Archaludon|Archaludon, L50, M|100/100|[from] Parting Shot
|
|-weather|RainDance|[upkeep]
|-damage|p1b: Politoed|66/100 psn|[from] psn
|-start|p2a: Sneasler|perish3
|-start|p2b: Gyarados|perish3
|-start|p1b: Politoed|perish3
|upkeep
|turn|3
|inactive|Tamejo has 30 seconds left.
|inactive|Tamejo has 20 seconds left.
|
|t:|1784481532
|detailschange|p2b: Gyarados|Gyarados-Mega, L50, F
|-mega|p2b: Gyarados|Gyarados|Gyaradosite
|-ability|p2b: Gyarados|Mold Breaker
|move|p1b: Politoed|Protect|p1b: Politoed
|-singleturn|p1b: Politoed|Protect
|move|p2a: Sneasler|Coaching|p2b: Gyarados
|-boost|p2b: Gyarados|atk|1
|-boost|p2b: Gyarados|def|1
|move|p2b: Gyarados|Lash Out|p1a: Archaludon
|-damage|p1a: Archaludon|47/100
|-ability|p1a: Archaludon|Stamina|boost
|-boost|p1a: Archaludon|def|1
|move|p1a: Archaludon|Electro Shot||[still]
|-prepare|p1a: Archaludon|Electro Shot
|-boost|p1a: Archaludon|spa|1
|-anim|p1a: Archaludon|Electro Shot|p2b: Gyarados
|-supereffective|p2b: Gyarados|1
|-damage|p2b: Gyarados|10/100
|
|-weather|RainDance|[upkeep]
|-heal|p1a: Archaludon|53/100|[from] item: Leftovers
|-damage|p1b: Politoed|54/100 psn|[from] psn
|-start|p2a: Sneasler|perish2
|-start|p2b: Gyarados|perish2
|-start|p1b: Politoed|perish2
|upkeep
|turn|4
|inactive|dawndishysoap2 has 30 seconds left.
|
|t:|1784481566
|move|p1a: Archaludon|Protect|p1a: Archaludon
|-singleturn|p1a: Archaludon|Protect
|move|p2a: Sneasler|Close Combat|p1a: Archaludon
|-activate|p1a: Archaludon|move: Protect
|move|p2b: Gyarados|Waterfall|p1b: Politoed
|-resisted|p1b: Politoed|1
|-damage|p1b: Politoed|0 fnt
|faint|p1b: Politoed
|
|-weather|RainDance|[upkeep]
|-heal|p1a: Archaludon|59/100|[from] item: Leftovers
|-start|p2a: Sneasler|perish1
|-start|p2b: Gyarados|perish1
|upkeep
|
|t:|1784481584
|switch|p1b: Incineroar|Incineroar, L50, M|100/100
|-ability|p1b: Incineroar|Intimidate|boost
|-unboost|p2a: Sneasler|atk|1
|-unboost|p2b: Gyarados|atk|1
|turn|5
|
|t:|1784481601
|switch|p2a: Talonflame|Talonflame, L50, F|100/100
|move|p1b: Incineroar|Fake Out|p2b: Gyarados
|-damage|p2b: Gyarados|5/100
|cant|p2b: Gyarados|flinch
|move|p1a: Archaludon|Electro Shot||[still]
|-prepare|p1a: Archaludon|Electro Shot
|-boost|p1a: Archaludon|spa|1
|-anim|p1a: Archaludon|Electro Shot|p2a: Talonflame
|-supereffective|p2a: Talonflame|1
|-damage|p2a: Talonflame|0 fnt
|faint|p2a: Talonflame
|
|-weather|none
|-heal|p1a: Archaludon|65/100|[from] item: Leftovers
|-start|p2b: Gyarados|perish0
|upkeep
|faint|p2b: Gyarados
|
|t:|1784481613
|switch|p2a: Mamoswine|Mamoswine, L50, M|100/100
|switch|p2b: Sneasler|Sneasler, L50, F|88/100
|turn|6
|
|t:|1784481632
|move|p2b: Sneasler|Close Combat|p1a: Archaludon
|-supereffective|p1a: Archaludon|1
|-damage|p1a: Archaludon|14/100
|-unboost|p2b: Sneasler|def|1
|-unboost|p2b: Sneasler|spd|1
|-ability|p1a: Archaludon|Stamina|boost
|-boost|p1a: Archaludon|def|1
|move|p2a: Mamoswine|High Horsepower|p1b: Incineroar
|-supereffective|p1b: Incineroar|1
|-damage|p1b: Incineroar|0 fnt
|faint|p1b: Incineroar
|-damage|p2a: Mamoswine|90/100|[from] item: Life Orb
|move|p1a: Archaludon|Flash Cannon|p2a: Mamoswine
|-supereffective|p2a: Mamoswine|1
|-damage|p2a: Mamoswine|0 fnt
|faint|p2a: Mamoswine
|
|-heal|p1a: Archaludon|20/100y|[from] item: Leftovers
|upkeep
|
|t:|1784481642
|switch|p1b: Gengar|Gengar, L50, M|100/100
|turn|7
|
|t:|1784481659
|detailschange|p1b: Gengar|Gengar-Mega, L50, M
|-mega|p1b: Gengar|Gengar|Gengarite
|move|p1a: Archaludon|Protect|p1a: Archaludon
|-singleturn|p1a: Archaludon|Protect
|move|p2b: Sneasler|Close Combat|p1a: Archaludon
|-activate|p1a: Archaludon|move: Protect
|move|p1b: Gengar|Shadow Ball|p2b: Sneasler
|-damage|p2b: Sneasler|0 fnt
|faint|p2b: Sneasler
|
|win|dawndishysoap2
||Tamejo is ready for game 2.
|inactive|dawndishysoap2 has 30 seconds to confirm battle start!
|inactive|dawndishysoap2 has 20 seconds to confirm battle start!
|inactive|dawndishysoap2 has 10 seconds to confirm battle start!
|l|☆dawndishysoap2
|player|p1|
|uhtml|next|Next: Game 2 of 3
|j|☆dawndishysoap2
|player|p1|dawndishysoap2|2|
|l|☆dawndishysoap2
|player|p1|
