|j|鈽唄unterdrago
|j|鈽唋ucia_tortuga
|html|hunterdragolucia_tortuga    
|uhtml|bestof|Game 3 of a best-of-3
|t:|1757781275
|gametype|doubles
|player|p1|hunterdrago|rosa|
|player|p2|lucia_tortuga|veteranf|
|gen|9
|tier|[Gen 9] VGC 2025 Reg H (Bo3)
|rule|Tera Type Preview: Tera Types are shown at Team Preview
|rule|Species Clause: Limit one of each Pok茅mon
|rule|Item Clause: Limit 1 of each item
|raw|2 custom rules: Tera Type Preview, !Force Open Team Sheets
|clearpoke
|poke|p1|Basculegion-F, L50, F|
|poke|p1|Illumise, L50, F|
|poke|p1|Ursaluna-Bloodmoon, L50, M|
|poke|p1|Hariyama, L50, F|
|poke|p1|Sinistcha-Masterpiece, L50|
|poke|p1|Magmortar, L50, M|
|poke|p2|Meowstic, L50, M|
|poke|p2|Lurantis, L50, F|
|poke|p2|Lanturn, L50, F|
|poke|p2|Baxcalibur, L50, F|
|poke|p2|Scrafty, L50, M|
|poke|p2|Houndoom, L50, F|
|raw|hunterdrago's Tera Types: /  /  /  /  / 
|raw|lucia_tortuga's Tera Types: /  /  /  /  / 
|teampreview|4
|j| StephaneYT
|l| StephaneYT
|c|鈽唋ucia_tortuga|so neither of us gonna fuck up this game right
|c|鈽唄unterdrago|......
|j| Criee
|c|鈽唄unterdrago|erm
|c|鈽唋ucia_tortuga|idk how we keep doing it
|c|鈽唄unterdrago|idk im stupid...
|c|鈽唄unterdrago|i win if i dont do that hahaha
|
|t:|1757781342
|teamsize|p1|4
|teamsize|p2|4
|start
|switch|p1a: da fis|Basculegion-F, L50, F|100/100
|switch|p1b: Big Hands|Hariyama, L50, F|100/100
|switch|p2a: Baxcalibur|Baxcalibur, L50, F, shiny|100/100
|switch|p2b: Scrafty|Scrafty, L50, M, shiny|100/100
|-ability|p2b: Scrafty|Intimidate|boost
|-unboost|p1a: da fis|atk|1
|-unboost|p1b: Big Hands|atk|1
|turn|1
|
|t:|1757781357
|switch|p1a: LMAO RAGEBAITED|Illumise, L50, F|100/100
|move|p1b: Big Hands|Protect|p1b: Big Hands
|-singleturn|p1b: Big Hands|Protect
|move|p2b: Scrafty|Fake Out|p1b: Big Hands
|-activate|p1b: Big Hands|move: Protect
|move|p2a: Baxcalibur|Scale Shot|p1a: LMAO RAGEBAITED
|-damage|p1a: LMAO RAGEBAITED|86/100
|-damage|p1a: LMAO RAGEBAITED|73/100
|-damage|p1a: LMAO RAGEBAITED|60/100
|-damage|p1a: LMAO RAGEBAITED|46/100
|-hitcount|p1a: LMAO RAGEBAITED|4
|-unboost|p2a: Baxcalibur|def|1
|-boost|p2a: Baxcalibur|spe|1
|
|-status|p1b: Big Hands|brn|[from] item: Flame Orb
|upkeep
|turn|2
|
|t:|1757781389
|switch|p1b: da fis|Basculegion-F, L50, F|100/100
|move|p1a: LMAO RAGEBAITED|Tailwind|p1a: LMAO RAGEBAITED
|-sidestart|p1: hunterdrago|move: Tailwind
|move|p2a: Baxcalibur|Icicle Spear|p1a: LMAO RAGEBAITED
|-damage|p1a: LMAO RAGEBAITED|32/100
|-damage|p1a: LMAO RAGEBAITED|18/100
|-damage|p1a: LMAO RAGEBAITED|3/100
|-damage|p1a: LMAO RAGEBAITED|0 fnt
|faint|p1a: LMAO RAGEBAITED
|-hitcount|p1: LMAO RAGEBAITED|4
|move|p2b: Scrafty|Super Fang|p1b: da fis
|-immune|p1b: da fis
|
|upkeep
|
|t:|1757781397
|switch|p1a: Big Hands|Hariyama, L50, F|100/100 brn
|turn|3
|
|t:|1757781422
|-terastallize|p2a: Baxcalibur|Ghost
|move|p1b: da fis|Shadow Ball|p2b: Scrafty
|-resisted|p2b: Scrafty
|-damage|p2b: Scrafty|86/100
|move|p2a: Baxcalibur|Scale Shot|p1b: da fis
|-damage|p1b: da fis|81/100
|-damage|p1b: da fis|62/100
|-damage|p1b: da fis|45/100
|-damage|p1b: da fis|26/100
|-hitcount|p1b: da fis|4
|-unboost|p2a: Baxcalibur|def|1
|-boost|p2a: Baxcalibur|spe|1
|move|p1a: Big Hands|Close Combat|p2b: Scrafty
|-supereffective|p2b: Scrafty
|-damage|p2b: Scrafty|0 fnt
|-unboost|p1a: Big Hands|def|1
|-unboost|p1a: Big Hands|spd|1
|faint|p2b: Scrafty
|
|-damage|p1a: Big Hands|94/100 brn|[from] brn
|upkeep
|
|t:|1757781432
|switch|p2b: Meowstic|Meowstic, L50, M, shiny|100/100
|turn|4
|
|t:|1757781442
|switch|p1a: MOOOON|Ursaluna-Bloodmoon, L50, M|100/100
|move|p2b: Meowstic|Light Screen|p2b: Meowstic
|-sidestart|p2: lucia_tortuga|move: Light Screen
|move|p1b: da fis|Shadow Ball|p2a: Baxcalibur
|-supereffective|p2a: Baxcalibur
|-damage|p2a: Baxcalibur|42/100
|move|p2a: Baxcalibur|Scale Shot|p1a: MOOOON
|-damage|p1a: MOOOON|89/100
|-damage|p1a: MOOOON|78/100
|-damage|p1a: MOOOON|67/100
|-damage|p1a: MOOOON|57/100
|-crit|p1a: MOOOON
|-damage|p1a: MOOOON|41/100
|-hitcount|p1a: MOOOON|5
|-unboost|p2a: Baxcalibur|def|1
|-boost|p2a: Baxcalibur|spe|1
|
|upkeep
|turn|5
|
|t:|1757781466
|move|p1b: da fis|Shadow Ball|p2a: Baxcalibur
|-supereffective|p2a: Baxcalibur
|-damage|p2a: Baxcalibur|0 fnt
|faint|p2a: Baxcalibur
|move|p1a: MOOOON|Blood Moon|p2b: Meowstic
|-damage|p2b: Meowstic|39/100
|-damage|p1a: MOOOON|31/100|[from] item: Life Orb
|move|p2b: Meowstic|Psychic|p1b: da fis
|-damage|p1b: da fis|0 fnt
|faint|p1b: da fis
|
|-sideend|p1: hunterdrago|move: Tailwind
|upkeep
|
|t:|1757781475
|switch|p1b: Big Hands|Hariyama, L50, F|94/100 brn
|switch|p2a: Lurantis|Lurantis, L50, F, shiny|100/100
|turn|6
|c|鈽唋ucia_tortuga|cant believe even at 330 speed, they outsped bax
|c|鈽唄unterdrago|scarf + tailwind is crazy
|
|t:|1757781529
|-terastallize|p1a: MOOOON|Poison
|move|p1b: Big Hands|Fake Out|p2a: Lurantis
|-damage|p2a: Lurantis|75/100
|-damage|p1b: Big Hands|78/100 brn|[from] item: Rocky Helmet|[of] p2a: Lurantis
|move|p2b: Meowstic|Psychic|p1b: Big Hands
|-supereffective|p1b: Big Hands
|-damage|p1b: Big Hands|24/100 brn
|move|p1a: MOOOON|Hyper Voice|p2b: Meowstic|[spread] p2a,p2b
|-damage|p2a: Lurantis|36/100
|-damage|p2b: Meowstic|6/100
|-damage|p1a: MOOOON|21/100|[from] item: Life Orb
|cant|p2a: Lurantis|flinch
|
|-damage|p1b: Big Hands|17/100 brn|[from] brn
|upkeep
|turn|7
|
|t:|1757781547
|move|p2b: Meowstic|Psychic|p1a: MOOOON
|-supereffective|p1a: MOOOON
|-damage|p1a: MOOOON|0 fnt
|faint|p1a: MOOOON
|move|p1b: Big Hands|Close Combat|p2a: Lurantis
|-damage|p2a: Lurantis|0 fnt
|-unboost|p1b: Big Hands|def|1
|-unboost|p1b: Big Hands|spd|1
|-damage|p1b: Big Hands|1/100 brn|[from] item: Rocky Helmet|[of] p2a: Lurantis
|faint|p2a: Lurantis
|
|-damage|p1b: Big Hands|0 fnt|[from] brn
|faint|p1b: Big Hands
|
|win|lucia_tortuga
|c|鈽唋ucia_tortuga|ggs
|c|鈽唄unterdrago|ggs!
|c|鈽唋ucia_tortuga|stressful
|l| Criee
|c|鈽唄unterdrago|gl in playoffs!
