|j|☆RrrrrMemes9
|j|☆chargem13
|html|RrrrrMemes9chargem13    
|uhtml|bestof|Game 2 of a best-of-3
|t:|1784521675
|gametype|doubles
|player|p1|RrrrrMemes9|n|
|player|p2|chargem13|iris|
|gen|9
|tier|[Gen 9 Champions] VGC 2026 Reg M-B (Bo3)
|rule|Species Clause: Limit one of each Pokémon
|rule|Item Clause: Limit 1 of each item
|clearpoke
|poke|p1|Eelektross, L50, M|
|poke|p1|Oranguru, L50, F, shiny|
|poke|p1|Malamar, L50, F|
|poke|p1|Hatterene, L50, F, shiny|
|poke|p1|Araquanid, L50, M, shiny|
|poke|p1|Aegislash, L50, M, shiny|
|poke|p2|Pyroar, L50, M, shiny|
|poke|p2|Torkoal, L50, M, shiny|
|poke|p2|Kingambit, L50, F|
|poke|p2|Dragonite, L50, F|
|poke|p2|Mimikyu, L50, M|
|poke|p2|Sneasler, L50, F, shiny|
|teampreview|4
|showteam|p1|Eelektross||Eelektrossite|Levitate|Coil,ThunderPunch,SupercellSlam,VoltSwitch|Brave||M|||50|]Oranguru||SitrusBerry|Telepathy|FocusBlast,Instruct,Protect,Extrasensory|Quiet||F|||50|]Malamar||Malamarite|Contrary|TrickRoom,PsychoCut,Superpower,LashOut|Brave||F|||50|]Hatterene||LightClay|MagicBounce|HealingWish,LightScreen,Reflect,DazzlingGleam|Calm||F|||50|]Araquanid||LifeOrb|WaterAbsorb|Liquidation,LeechLife,Trailblaze,PoisonJab|Jolly||M|||50|]Aegislash||QuickClaw|StanceChange|KingsShield,ShadowSneak,SwordsDance,SacredSword|Adamant||M|||50|
|showteam|p2|Pyroar||Pyroarite|Moxie|Overheat,HeatWave,SolarBeam,Protect|Modest||M|||50|]Torkoal||HeatRock|Drought|Eruption,WeatherBall,HelpingHand,Yawn|Quiet||M|||50|]Kingambit||BlackGlasses|Defiant|KowtowCleave,SuckerPunch,LowKick,Protect|Brave||F|||50|]Dragonite||Dragoninite|Multiscale|DragonPulse,Flamethrower,Tailwind,Protect|Modest||F|||50|]Mimikyu||LifeOrb|Disguise|PlayRough,ShadowSneak,TrickRoom,SwordsDance|Adamant||M|||50|]Sneasler||FocusSash|PoisonTouch|DireClaw,CloseCombat,FakeOut,Feint|Jolly||F|||50|
|
|t:|1784521713
|teamsize|p1|4
|teamsize|p2|4
|start
|switch|p1a: Witchy|Hatterene, L50, F, shiny|100/100
|switch|p1b: Evil Josh|Araquanid, L50, M, shiny|100/100
|switch|p2a: Pharaoh|Sneasler, L50, F, shiny|100/100
|switch|p2b: Sogoba|Dragonite, L50, F|100/100
|turn|1
|
|t:|1784521755
|move|p2a: Pharaoh|Dire Claw|p1a: Witchy
|-supereffective|p1a: Witchy|1
|-damage|p1a: Witchy|10/100
|move|p2b: Sogoba|Tailwind|p2b: Sogoba
|-sidestart|p2: chargem13|move: Tailwind
|move|p1b: Evil Josh|Liquidation|p2a: Pharaoh
|-damage|p2a: Pharaoh|38/100
|-damage|p1b: Evil Josh|90/100|[from] item: Life Orb
|move|p1a: Witchy|Light Screen|p1a: Witchy
|-sidestart|p1: RrrrrMemes9|move: Light Screen
|
|upkeep
|turn|2
|
|t:|1784521793
|move|p2a: Pharaoh|Feint|p1a: Witchy
|-damage|p1a: Witchy|0 fnt
|faint|p1a: Witchy
|move|p2b: Sogoba|Flamethrower|p1b: Evil Josh
|-damage|p1b: Evil Josh|71/100
|move|p1b: Evil Josh|Liquidation|p2a: Pharaoh
|-damage|p2a: Pharaoh|0 fnt
|faint|p2a: Pharaoh
|-damage|p1b: Evil Josh|62/100|[from] item: Life Orb
|
|upkeep
|
|t:|1784521807
|switch|p2a: Kongwe|Torkoal, L50, M, shiny|100/100
|switch|p1a: Evil Teach|Oranguru, L50, F, shiny|100/100
|-weather|SunnyDay|[from] ability: Drought|[of] p2a: Kongwe
|turn|3
|
|t:|1784521869
|move|p2b: Sogoba|Dragon Pulse|p1b: Evil Josh
|-damage|p1b: Evil Josh|34/100
|move|p1a: Evil Teach|Instruct|p1b: Evil Josh
|-singleturn|p1b: Evil Josh|move: Instruct|[of] p1a: Evil Teach
|move|p1b: Evil Josh|Liquidation|p2a: Kongwe
|-supereffective|p2a: Kongwe|1
|-damage|p2a: Kongwe|68/100
|-damage|p1b: Evil Josh|24/100|[from] item: Life Orb
|move|p2a: Kongwe|Eruption|p1b: Evil Josh|[spread] p1a,p1b
|-damage|p1a: Evil Teach|74/100
|-damage|p1b: Evil Josh|0 fnt
|faint|p1b: Evil Josh
|
|-weather|SunnyDay|[upkeep]
|upkeep
|
|t:|1784521888
|switch|p1b: Humansized Leech|Eelektross, L50, M|100/100
|turn|4
|
|t:|1784521910
|detailschange|p1b: Humansized Leech|Eelektross-Mega, L50, M
|-mega|p1b: Humansized Leech|Eelektross|Eelektrossite
|move|p1a: Evil Teach|Protect|p1a: Evil Teach
|-singleturn|p1a: Evil Teach|Protect
|move|p2b: Sogoba|Dragon Pulse|p1b: Humansized Leech
|-damage|p1b: Humansized Leech|71/100
|move|p1b: Humansized Leech|Coil|p1b: Humansized Leech
|-boost|p1b: Humansized Leech|atk|1
|-boost|p1b: Humansized Leech|def|1
|-boost|p1b: Humansized Leech|accuracy|1
|move|p2a: Kongwe|Eruption|p1a: Evil Teach|[spread] p1b
|-activate|p1a: Evil Teach|move: Protect
|-damage|p1b: Humansized Leech|35/100
|
|-weather|SunnyDay|[upkeep]
|-sideend|p2: chargem13|move: Tailwind
|upkeep
|turn|5
|
|t:|1784521945
|move|p2b: Sogoba|Tailwind|p2b: Sogoba
|-sidestart|p2: chargem13|move: Tailwind
|move|p1b: Humansized Leech|Supercell Slam|p2b: Sogoba
|-damage|p2b: Sogoba|49/100
|move|p1a: Evil Teach|Extrasensory|p2b: Sogoba
|-damage|p2b: Sogoba|14/100
|move|p2a: Kongwe|Yawn|p1a: Evil Teach
|-start|p1a: Evil Teach|move: Yawn|[of] p2a: Kongwe
|
|-weather|SunnyDay|[upkeep]
|upkeep
|turn|6
|
|t:|1784521970
|move|p2b: Sogoba|Dragon Pulse|p1a: Evil Teach
|-damage|p1a: Evil Teach|54/100
|move|p1b: Humansized Leech|Thunder Punch|p2b: Sogoba
|-damage|p2b: Sogoba|0 fnt
|faint|p2b: Sogoba
|-ability|p1b: Humansized Leech|Eelevate|boost
|-boost|p1b: Humansized Leech|atk|1
|move|p1a: Evil Teach|Instruct|p1b: Humansized Leech
|-singleturn|p1b: Humansized Leech|move: Instruct|[of] p1a: Evil Teach
|move|p1b: Humansized Leech|Thunder Punch|p2a: Kongwe
|-damage|p2a: Kongwe|1/100
|move|p2a: Kongwe|Eruption|p1b: Humansized Leech|[spread] p1a,p1b
|-damage|p1a: Evil Teach|53/100
|-damage|p1b: Humansized Leech|35/100
|
|-weather|SunnyDay|[upkeep]
|-end|p1a: Evil Teach|move: Yawn|[silent]
|-status|p1a: Evil Teach|slp
|upkeep
|
|t:|1784522010
|switch|p2b: Mufasa|Pyroar, L50, M, shiny|100/100
|turn|7
|
|t:|1784522023
|detailschange|p2b: Mufasa|Pyroar-Mega, L50, M, shiny
|-mega|p2b: Mufasa|Pyroar|Pyroarite
|move|p2a: Kongwe|Helping Hand|p2b: Mufasa
|-singleturn|p2b: Mufasa|Helping Hand|[of] p2a: Kongwe
|move|p2b: Mufasa|Heat Wave|p1a: Evil Teach|[spread] p1a
|-miss|p2b: Mufasa|p1b: Humansized Leech
|-damage|p1a: Evil Teach|0 fnt
|faint|p1a: Evil Teach
|move|p1b: Humansized Leech|Supercell Slam|p2b: Mufasa
|-damage|p2b: Mufasa|0 fnt
|faint|p2b: Mufasa
|-ability|p1b: Humansized Leech|Eelevate|boost
|-boost|p1b: Humansized Leech|atk|1
|
|-weather|SunnyDay|[upkeep]
|upkeep
|turn|8
|
|t:|1784522045
|move|p1b: Humansized Leech|Supercell Slam|p2a: Kongwe
|-damage|p2a: Kongwe|0 fnt
|faint|p2a: Kongwe
|
|win|RrrrrMemes9
