|j|☆spicy mcchikin
|j|☆lemonyshark
|html|spicy mcchikinlemonyshark    
|uhtml|bestof|Game 2 of a best-of-3
|t:|1784762622
|gametype|doubles
|player|p1|spicy mcchikin|palmer|1086
|player|p2|lemonyshark|sabrina|1000
|gen|9
|tier|[Gen 9 Champions] VGC 2026 Reg M-B (Bo3)
|rated|
|rule|Species Clause: Limit one of each Pokémon
|rule|Item Clause: Limit 1 of each item
|clearpoke
|poke|p1|Charizard, L50, F|
|poke|p1|Garchomp, L50, F|
|poke|p1|Incineroar, L50, M|
|poke|p1|Venusaur, L50, F|
|poke|p1|Toxapex, L50, F|
|poke|p1|Sylveon, L50, F|
|poke|p2|Chandelure, L50, M|
|poke|p2|Whimsicott, L50, F, shiny|
|poke|p2|Torkoal, L50, F|
|poke|p2|Tsareena, L50, F, shiny|
|poke|p2|Charizard, L50, F, shiny|
|poke|p2|Oranguru, L50, M|
|teampreview|4
|showteam|p1|Charizard||CharizarditeY|SolarPower|WeatherBall,HeatWave,AncientPower,Protect|Modest||F|||50|]Garchomp||ChoiceScarf|RoughSkin|RockSlide,DragonClaw,Earthquake,StompingTantrum|Adamant||F|||50|]Incineroar||SitrusBerry|Intimidate|FlareBlitz,FakeOut,ThroatChop,PartingShot|Impish||M|||50|]Venusaur||LifeOrb|Chlorophyll|SludgeBomb,LeafStorm,EarthPower,Protect|Modest||F|||50|]Toxapex||Leftovers|Regenerator|Infestation,Toxic,WideGuard,BanefulBunker|Bold||F|||50|]Sylveon||FairyFeather|Pixilate|HyperVoice,QuickAttack,Yawn,Detect|Modest||F|||50|
|showteam|p2|Chandelure||Chandelurite|FlashFire|CalmMind,HeatWave,ShadowBall,Protect|Timid||M|||50|]Whimsicott||MentalHerb|Prankster|WorrySeed,Tailwind,FakeTears,Encore|Timid||F|||50|]Torkoal||Charcoal|Drought|Eruption,EarthPower,Protect,AncientPower|Modest||F|||50|]Tsareena||LifeOrb|QueenlyMajesty|TripleAxel,TropKick,SolarBlade,Protect|Jolly||F|||50|]Charizard||CharizarditeY|SolarPower|WeatherBall,SolarBeam,HeatWave,Protect|Modest||F|||50|]Oranguru||ChestoBerry|Telepathy|Instruct,LightScreen,Reflect,Rest|Calm||M|||50|
|inactive|Battle timer is ON: inactive players will automatically lose when time's up. (requested by spicy mcchikin)
|inactive|spicy mcchikin has 60 seconds left.
|
|t:|1784762672
|teamsize|p1|4
|teamsize|p2|4
|start
|switch|p1a: Charizard|Charizard, L50, F|100/100
|switch|p1b: Garchomp|Garchomp, L50, F|100/100
|switch|p2a: WCott|Whimsicott, L50, F, shiny|100/100
|switch|p2b: Oranguru|Oranguru, L50, M|100/100
|turn|1
|inactive|lemonyshark has 30 seconds left.
|
|t:|1784762702
|detailschange|p1a: Charizard|Charizard-Mega-Y, L50, F
|-mega|p1a: Charizard|Charizard|Charizardite Y
|-weather|SunnyDay|[from] ability: Drought|[of] p1a: Charizard
|move|p2a: WCott|Tailwind|p2a: WCott
|-sidestart|p2: lemonyshark|move: Tailwind
|move|p1b: Garchomp|Earthquake|p2b: Oranguru|[spread] p2a,p2b
|-immune|p1a: Charizard
|-resisted|p2a: WCott|1
|-damage|p2a: WCott|74/100
|-damage|p2b: Oranguru|57/100
|move|p2b: Oranguru|Light Screen|p2b: Oranguru
|-sidestart|p2: lemonyshark|move: Light Screen
|move|p1a: Charizard|Weather Ball|p2a: WCott
|-supereffective|p2a: WCott|1
|-crit|p2a: WCott
|-damage|p2a: WCott|0 fnt
|faint|p2a: WCott
|
|-weather|SunnyDay|[upkeep]
|upkeep
|
|t:|1784762717
|switch|p2a: Tsareena|Tsareena, L50, F, shiny|100/100
|turn|2
|
|t:|1784762732
|switch|p1b: Incineroar|Incineroar, L50, M|100/100
|-ability|p1b: Incineroar|Intimidate|boost
|-unboost|p2a: Tsareena|atk|1
|-unboost|p2b: Oranguru|atk|1
|move|p2a: Tsareena|Protect|p2a: Tsareena
|-singleturn|p2a: Tsareena|Protect
|move|p2b: Oranguru|Reflect|p2b: Oranguru
|-sidestart|p2: lemonyshark|Reflect
|move|p1a: Charizard|Weather Ball|p2a: Tsareena
|-activate|p2a: Tsareena|move: Protect
|
|-weather|SunnyDay|[upkeep]
|upkeep
|turn|3
|inactive|spicy mcchikin has 30 seconds left.
|inactive|lemonyshark has 30 seconds left.
|
|t:|1784762760
|move|p2a: Tsareena|Triple Axel|p1a: Charizard
|-damage|p1a: Charizard|93/100
|-damage|p1a: Charizard|81/100
|-hitcount|p1a: Charizard|2
|-damage|p2a: Tsareena|90/100|[from] item: Life Orb
|move|p2b: Oranguru|Instruct|p2a: Tsareena
|-singleturn|p2a: Tsareena|move: Instruct|[of] p2b: Oranguru
|move|p2a: Tsareena|Triple Axel|p1a: Charizard
|-damage|p1a: Charizard|75/100
|-damage|p1a: Charizard|63/100
|-damage|p1a: Charizard|46/100
|-hitcount|p1a: Charizard|3
|-damage|p2a: Tsareena|81/100|[from] item: Life Orb
|move|p1a: Charizard|Weather Ball|p2a: Tsareena
|-supereffective|p2a: Tsareena|1
|-damage|p2a: Tsareena|0 fnt
|faint|p2a: Tsareena
|move|p1b: Incineroar|Parting Shot|p2b: Oranguru
|-unboost|p2b: Oranguru|atk|1
|-unboost|p2b: Oranguru|spa|1
|c|☆lemonyshark|rip
|inactive|spicy mcchikin has 30 seconds left.
|
|t:|1784762791
|switch|p1b: Toxapex|Toxapex, L50, F|100/100|[from] Parting Shot
|
|-weather|SunnyDay|[upkeep]
|upkeep
|c|☆spicy mcchikin|o7
|
|t:|1784762795
|switch|p2a: ChandeGOAT|Chandelure, L50, M|100/100
|turn|4
|
|t:|1784762818
|move|p2a: ChandeGOAT|Calm Mind|p2a: ChandeGOAT
|-boost|p2a: ChandeGOAT|spa|1
|-boost|p2a: ChandeGOAT|spd|1
|move|p2b: Oranguru|Instruct|p2a: ChandeGOAT
|-singleturn|p2a: ChandeGOAT|move: Instruct|[of] p2b: Oranguru
|move|p2a: ChandeGOAT|Calm Mind|p2a: ChandeGOAT
|-boost|p2a: ChandeGOAT|spa|1
|-boost|p2a: ChandeGOAT|spd|1
|move|p1a: Charizard|Ancient Power|p2a: ChandeGOAT
|-supereffective|p2a: ChandeGOAT|1
|-damage|p2a: ChandeGOAT|77/100
|move|p1b: Toxapex|Toxic|p2a: ChandeGOAT
|-status|p2a: ChandeGOAT|tox
|
|-weather|SunnyDay|[upkeep]
|-damage|p2a: ChandeGOAT|71/100 tox|[from] psn
|-sideend|p2: lemonyshark|move: Tailwind
|upkeep
|turn|5
|inactive|spicy mcchikin has 30 seconds left.
|
|t:|1784762847
|detailschange|p2a: ChandeGOAT|Chandelure-Mega, L50, M
|-mega|p2a: ChandeGOAT|Chandelure|Chandelurite
|move|p2a: ChandeGOAT|Heat Wave|p1b: Toxapex|[spread] p1b
|-miss|p2a: ChandeGOAT|p1a: Charizard
|-resisted|p1b: Toxapex|1
|-damage|p1b: Toxapex|50/100g
|move|p1a: Charizard|Ancient Power|p2a: ChandeGOAT
|-supereffective|p2a: ChandeGOAT|1
|-damage|p2a: ChandeGOAT|51/100 tox
|move|p2b: Oranguru|Instruct|p2a: ChandeGOAT
|-singleturn|p2a: ChandeGOAT|move: Instruct|[of] p2b: Oranguru
|move|p2a: ChandeGOAT|Heat Wave|p1a: Charizard|[spread] p1b
|-miss|p2a: ChandeGOAT|p1a: Charizard
|-resisted|p1b: Toxapex|1
|-damage|p1b: Toxapex|0 fnt
|faint|p1b: Toxapex
|
|-weather|none
|-damage|p2a: ChandeGOAT|39/100 tox|[from] psn
|-sideend|p2: lemonyshark|move: Light Screen
|upkeep
|c|☆lemonyshark|whyyyyyyy
|
|t:|1784762867
|switch|p1b: Garchomp|Garchomp, L50, F|100/100
|turn|6
|
|t:|1784762876
|move|p1a: Charizard|Protect|p1a: Charizard
|-singleturn|p1a: Charizard|Protect
|move|p1b: Garchomp|Earthquake|p2b: Oranguru|[spread] p2a,p2b
|-activate|p1a: Charizard|move: Protect
|-supereffective|p2a: ChandeGOAT|1
|-crit|p2a: ChandeGOAT
|-damage|p2a: ChandeGOAT|0 fnt
|-damage|p2b: Oranguru|26/100
|faint|p2a: ChandeGOAT
|move|p2b: Oranguru|Instruct|p2: ChandeGOAT|[notarget]
|-fail|p2b: Oranguru
|
|-sideend|p2: lemonyshark|Reflect
|upkeep
|turn|7
|c|☆spicy mcchikin|gg
|c|☆lemonyshark|gg
|
|t:|1784762891
|move|p1b: Garchomp|Earthquake|p2b: Oranguru|[spread] p2b
|-immune|p1a: Charizard
|-damage|p2b: Oranguru|0 fnt
|faint|p2b: Oranguru
|
|win|spicy mcchikin
|raw|spicy mcchikin's rating: 1086 → 1107(+21 for winning)
|raw|lemonyshark's rating: 1000 → 1000(+0 for losing)
|l|☆lemonyshark
|player|p2|
