|j|☆JohnDandy
|j|☆AliexVGC
|html|JohnDandyAliexVGC    
|uhtml|bestof|Game 3 of a best-of-3
|t:|1782253671
|gametype|doubles
|player|p1|JohnDandy|veteran|1040
|player|p2|AliexVGC|hilbert-wonderlauncher|1000
|gen|9
|tier|[Gen 9 Champions] VGC 2026 Reg M-B (Bo3)
|rated|
|rule|Species Clause: Limit one of each Pokémon
|rule|Item Clause: Limit 1 of each item
|clearpoke
|poke|p1|Basculegion, L50, M|
|poke|p1|Golurk, L50|
|poke|p1|Gardevoir, L50, F, shiny|
|poke|p1|Zoroark-Hisui, L50, F|
|poke|p1|Goodra-Hisui, L50, F, shiny|
|poke|p1|Maushold-Four, L50|
|poke|p2|Charizard, L50, F|
|poke|p2|Aerodactyl, L50, M|
|poke|p2|Garchomp, L50, M|
|poke|p2|Sylveon, L50, F|
|poke|p2|Farigiraf, L50, F|
|poke|p2|Kingambit, L50, F|
|teampreview|4
|showteam|p1|Basculegion||Leftovers|Adaptability|AquaJet,PhantomForce,WaveCrash,IceFang|Adamant||M|||50|]Golurk||ColburBerry|IronFist|StealthRock,Earthquake,IcePunch,ShadowPunch|Adamant|||||50|]Gardevoir||Gardevoirite|Synchronize|Protect,ShadowBall,HyperVoice,CalmMind|Timid||F|||50|]Zoroark-Hisui||Metronome|Illusion|HyperVoice,Protect,ShadowBall,Flamethrower|Timid||F|||50|]Goodra-Hisui||ChopleBerry|SapSipper|DragonPulse,Surf,Thunderbolt,SludgeBomb|Modest||F|||50|]Maushold-Four||WideLens|FriendGuard|PopulationBomb,FollowMe,HelpingHand,Bite|Jolly|||||50|
|showteam|p2|Charizard||CharizarditeY|Blaze|Protect,HeatWave,WeatherBall,SolarBeam|Modest||F|||50|]Aerodactyl||Aerodactylite|RockHead|RockSlide,DualWingbeat,Tailwind,IceFang|Jolly||M|||50|]Garchomp||LifeOrb|RoughSkin|Earthquake,StompingTantrum,DragonClaw,Protect|Adamant||M|||50|]Sylveon||FairyFeather|Pixilate|HyperVoice,QuickAttack,HyperBeam,Detect|Modest||F|||50|]Farigiraf||SitrusBerry|ArmorTail|TwinBeam,Thunderbolt,Roar,TrickRoom|Quiet||F|||50|]Kingambit||FocusSash|Defiant|KowtowCleave,IronHead,SuckerPunch,LowKick|Docile||F|||50|
|inactive|Battle timer is ON: inactive players will automatically lose when time's up. (requested by AliexVGC)
|
|t:|1782253685
|teamsize|p1|4
|teamsize|p2|4
|start
|switch|p1a: Tatsumaki|Gardevoir, L50, F, shiny|100/100
|switch|p1b: PapuFamilia|Maushold-Four, L50|100/100
|switch|p2a: Charizard|Charizard, L50, F|100/100
|switch|p2b: Kingambit|Kingambit, L50, F|100/100
|turn|1
|
|t:|1782253699
|move|p2a: Charizard|Protect|p2a: Charizard
|-singleturn|p2a: Charizard|Protect
|move|p1b: PapuFamilia|Population Bomb|p2a: Charizard
|-activate|p2a: Charizard|move: Protect
|move|p1a: Tatsumaki|Hyper Voice|p2a: Charizard|[spread] p2b
|-activate|p2a: Charizard|move: Protect
|-resisted|p2b: Kingambit|1
|-damage|p2b: Kingambit|79/100
|move|p2b: Kingambit|Low Kick|p1b: PapuFamilia
|-supereffective|p1b: PapuFamilia|1
|-damage|p1b: PapuFamilia|77/100
|
|upkeep
|turn|2
|inactive|AliexVGC has 30 seconds left.
|inactive|AliexVGC has 20 seconds left.
|inactive|AliexVGC has 15 seconds left.
|
|t:|1782253743
|switch|p2a: Garchomp|Garchomp, L50, M|100/100
|move|p2b: Kingambit|Sucker Punch|p1a: Tatsumaki
|-supereffective|p1a: Tatsumaki|1
|-damage|p1a: Tatsumaki|0 fnt
|replace|p1a: Tina|Zoroark-Hisui, L50, F
|-end|p1a: Tina|Illusion
|faint|p1a: Tina
|move|p1b: PapuFamilia|Population Bomb|p2a: Garchomp
|-damage|p2a: Garchomp|93/100
|-damage|p1b: PapuFamilia|65/100|[from] ability: Rough Skin|[of] p2a: Garchomp
|-damage|p2a: Garchomp|87/100
|-damage|p1b: PapuFamilia|53/100|[from] ability: Rough Skin|[of] p2a: Garchomp
|-damage|p2a: Garchomp|79/100
|-damage|p1b: PapuFamilia|41/100|[from] ability: Rough Skin|[of] p2a: Garchomp
|-damage|p2a: Garchomp|72/100
|-damage|p1b: PapuFamilia|29/100|[from] ability: Rough Skin|[of] p2a: Garchomp
|-damage|p2a: Garchomp|66/100
|-damage|p1b: PapuFamilia|17/100|[from] ability: Rough Skin|[of] p2a: Garchomp
|-damage|p2a: Garchomp|58/100
|-damage|p1b: PapuFamilia|5/100|[from] ability: Rough Skin|[of] p2a: Garchomp
|-damage|p2a: Garchomp|51/100
|-damage|p1b: PapuFamilia|0 fnt|[from] ability: Rough Skin|[of] p2a: Garchomp
|faint|p1b: PapuFamilia
|-hitcount|p2a: Garchomp|7
|
|upkeep
|inactive|JohnDandy has 30 seconds left.
|
|t:|1782253771
|switch|p1b: Tatsumaki|Gardevoir, L50, F, shiny|100/100
|switch|p1a: Goomyta|Goodra-Hisui, L50, F, shiny|100/100
|turn|3
|
|t:|1782253789
|detailschange|p1b: Tatsumaki|Gardevoir-Mega, L50, F, shiny
|-mega|p1b: Tatsumaki|Gardevoir|Gardevoirite
|move|p2a: Garchomp|Protect|p2a: Garchomp
|-singleturn|p2a: Garchomp|Protect
|move|p1b: Tatsumaki|Hyper Voice|p2b: Kingambit|[spread] p2b
|-activate|p2a: Garchomp|move: Protect
|-damage|p2b: Kingambit|18/100
|move|p2b: Kingambit|Iron Head|p1b: Tatsumaki
|-supereffective|p1b: Tatsumaki|1
|-damage|p1b: Tatsumaki|0 fnt
|faint|p1b: Tatsumaki
|move|p1a: Goomyta|Dragon Pulse|p2a: Garchomp
|-activate|p2a: Garchomp|move: Protect
|
|upkeep
|turn|4
|c|☆JohnDandy|F
|
|t:|1782253808
|switch|p2a: Sylveon|Sylveon, L50, F|100/100
|switch|p2b: Charizard|Charizard, L50, F|100/100
|move|p1a: Goomyta|Surf|p2a: Sylveon|[spread] p2a,p2b
|-supereffective|p2b: Charizard|1
|-damage|p2a: Sylveon|81/100
|-damage|p2b: Charizard|52/100
|
|upkeep
|turn|5
|
|t:|1782253820
|detailschange|p2b: Charizard|Charizard-Mega-Y, L50, F
|-mega|p2b: Charizard|Charizard|Charizardite Y
|-weather|SunnyDay|[from] ability: Drought|[of] p2b: Charizard
|move|p2b: Charizard|Weather Ball|p1a: Goomyta
|-crit|p1a: Goomyta
|-damage|p1a: Goomyta|8/100
|move|p2a: Sylveon|Hyper Beam|p1a: Goomyta
|-damage|p1a: Goomyta|0 fnt
|-mustrecharge|p2a: Sylveon
|faint|p1a: Goomyta
|
|win|AliexVGC
|raw|JohnDandy's rating: 1040 → 1022(-18 for losing)
|raw|AliexVGC's rating: 1000 → 1045(+45 for winning)
|l|☆JohnDandy
|player|p1|
