|j|☆ShabazXVGC
|j|☆Bobbo1
|html|ShabazXVGCBobbo1    
|uhtml|bestof|Game 1 of a best-of-3
|t:|1756912864
|gametype|doubles
|player|p1|ShabazXVGC|marlon|1140
|player|p2|Bobbo1|ghetsis|1180
|gen|9
|tier|[Gen 9] VGC 2025 Reg H (Bo3)
|rated|
|rule|Species Clause: Limit one of each Pokémon
|rule|Item Clause: Limit 1 of each item
|clearpoke
|poke|p1|Rillaboom, L50, M|
|poke|p1|Incineroar, L50, F|
|poke|p1|Weezing-Galar, L50, M|
|poke|p1|Dragapult, L50, F|
|poke|p1|Kingambit, L50, M|
|poke|p1|Porygon2, L50|
|poke|p2|Palafin, L50, M|
|poke|p2|Incineroar, L50, F|
|poke|p2|Rillaboom, L50, M|
|poke|p2|Volcarona, L50, F|
|poke|p2|Ninetales-Alola, L50, M|
|poke|p2|Gholdengo, L50|
|teampreview|4
|showteam|p1|Rillaboom||GrassySeed|GrassySurge|FakeOut,HighHorsepower,GrassyGlide,WoodHammer|||M|||50|,,,,,Fire]Incineroar||AssaultVest|Intimidate|FlareBlitz,KnockOff,Uturn,FakeOut|||F|||50|,,,,,Ghost]Weezing-Galar||SitrusBerry|NeutralizingGas|Protect,PoisonGas,SludgeBomb,DazzlingGleam|||M|||50|,,,,,Water]Dragapult||LifeOrb|ClearBody|DragonDarts,PhantomForce,Uturn,Protect|||F|||50|,,,,,Dragon]Kingambit||SafetyGoggles|Defiant|SuckerPunch,KowtowCleave,Protect,SwordsDance|||M|||50|,,,,,Dragon]Porygon2||Eviolite|Download|TeraBlast,IceBeam,TrickRoom,Recover||||||50|,,,,,Poison
|showteam|p2|Palafin||MysticWater|ZerotoHero|IcePunch,JetPunch,WaveCrash,Protect|||M|||50|,,,,,Water]Incineroar||SafetyGoggles|Intimidate|FakeOut,KnockOff,FlareBlitz,PartingShot|||F|||50|,,,,,Ghost]Rillaboom||AssaultVest|GrassySurge|FakeOut,GrassyGlide,WoodHammer,Uturn|||M|||50|,,,,,Fire]Volcarona||GrassySeed|FlameBody|QuiverDance,FieryDance,GigaDrain,Protect|||F|||50|,,,,,Grass]Ninetales-Alola||LightClay|SnowWarning|AuroraVeil,Blizzard,Moonblast,Protect|||M|||50|,,,,,Fire]Gholdengo||LifeOrb|GoodasGold|NastyPlot,MakeItRain,ShadowBall,Protect||||||50|,,,,,Water
|inactive|Battle timer is ON: inactive players will automatically lose when time's up. (requested by ShabazXVGC)
|
|t:|1756912911
|teamsize|p1|4
|teamsize|p2|4
|start
|switch|p1a: Vegapunk|Porygon2, L50|100/100
|switch|p1b: Mihawk|Kingambit, L50, M|100/100
|switch|p2a: Volcarona|Volcarona, L50, F|100/100
|switch|p2b: Gholdengo|Gholdengo, L50|100/100
|-ability|p1a: Vegapunk|Download|boost
|-boost|p1a: Vegapunk|atk|1
|turn|1
|inactive|ShabazXVGC has 30 seconds left.
|inactive|ShabazXVGC has 20 seconds left.
|inactive|ShabazXVGC has 15 seconds left.
|
|t:|1756912952
|switch|p2b: Rillaboom|Rillaboom, L50, M|100/100
|-fieldstart|move: Grassy Terrain|[from] ability: Grassy Surge|[of] p2b: Rillaboom
|-enditem|p2a: Volcarona|Grassy Seed
|-boost|p2a: Volcarona|def|1|[from] item: Grassy Seed
|switch|p1b: Ace|Incineroar, L50, F|100/100
|-ability|p1b: Ace|Intimidate|boost
|-unboost|p2a: Volcarona|atk|1
|-unboost|p2b: Rillaboom|atk|1
|move|p2a: Volcarona|Fiery Dance|p1b: Ace
|-resisted|p1b: Ace
|-damage|p1b: Ace|86/100
|-boost|p2a: Volcarona|spa|1
|move|p1a: Vegapunk|Trick Room|p1a: Vegapunk
|-fieldstart|move: Trick Room|[of] p1a: Vegapunk
|
|-heal|p1b: Ace|92/100|[from] Grassy Terrain
|upkeep
|turn|2
|
|t:|1756912974
|move|p2b: Rillaboom|Fake Out|p1a: Vegapunk
|-damage|p1a: Vegapunk|96/100
|cant|p1a: Vegapunk|flinch
|move|p1b: Ace|Knock Off|p2b: Rillaboom
|-damage|p2b: Rillaboom|61/100
|-enditem|p2b: Rillaboom|Assault Vest|[from] move: Knock Off|[of] p1b: Ace
|move|p2a: Volcarona|Quiver Dance|p2a: Volcarona
|-boost|p2a: Volcarona|spa|1
|-boost|p2a: Volcarona|spd|1
|-boost|p2a: Volcarona|spe|1
|
|-heal|p1a: Vegapunk|100/100|[from] Grassy Terrain
|-heal|p2b: Rillaboom|67/100|[from] Grassy Terrain
|-heal|p1b: Ace|98/100|[from] Grassy Terrain
|upkeep
|turn|3
|
|t:|1756912993
|move|p1a: Vegapunk|Tera Blast|p2a: Volcarona
|-damage|p2a: Volcarona|83/100
|move|p2b: Rillaboom|U-turn|p1b: Ace
|-damage|p1b: Ace|83/100
|
|t:|1756912999
|switch|p2b: Incineroar|Incineroar, L50, F|100/100|[from] U-turn
|-ability|p2b: Incineroar|Intimidate|boost
|-unboost|p1a: Vegapunk|atk|1
|-unboost|p1b: Ace|atk|1
|move|p1b: Ace|Flare Blitz|p2a: Volcarona
|-damage|p2a: Volcarona|53/100
|-damage|p1b: Ace|72/100|[from] Recoil
|move|p2a: Volcarona|Fiery Dance|p1a: Vegapunk
|-damage|p1a: Vegapunk|56/100
|-boost|p2a: Volcarona|spa|1
|
|-heal|p1a: Vegapunk|62/100|[from] Grassy Terrain
|-heal|p1b: Ace|78/100|[from] Grassy Terrain
|-heal|p2a: Volcarona|59/100|[from] Grassy Terrain
|upkeep
|turn|4
|inactive|ShabazXVGC has 30 seconds left.
|inactive|Bobbo1 has 30 seconds left.
|
|t:|1756913033
|move|p2a: Volcarona|Protect|p2a: Volcarona
|-singleturn|p2a: Volcarona|Protect
|move|p1a: Vegapunk|Recover|p1a: Vegapunk
|-heal|p1a: Vegapunk|100/100
|move|p2b: Incineroar|Knock Off|p1a: Vegapunk
|-damage|p1a: Vegapunk|77/100
|-enditem|p1a: Vegapunk|Eviolite|[from] move: Knock Off|[of] p2b: Incineroar
|move|p1b: Ace|U-turn|p2b: Incineroar
|-damage|p2b: Incineroar|85/100
|
|t:|1756913045
|switch|p1b: Mihawk|Kingambit, L50, M|100/100|[from] U-turn
|
|-heal|p1a: Vegapunk|83/100|[from] Grassy Terrain
|-heal|p2b: Incineroar|91/100|[from] Grassy Terrain
|-heal|p2a: Volcarona|66/100|[from] Grassy Terrain
|upkeep
|turn|5
|
|t:|1756913065
|switch|p1b: Ace|Incineroar, L50, F|78/100
|-ability|p1b: Ace|Intimidate|boost
|-unboost|p2a: Volcarona|atk|1
|-unboost|p2b: Incineroar|atk|1
|-terastallize|p2a: Volcarona|Grass
|move|p1a: Vegapunk|Tera Blast|p2a: Volcarona
|-damage|p2a: Volcarona|47/100
|move|p2b: Incineroar|Flare Blitz|p1b: Ace
|-resisted|p1b: Ace
|-damage|p1b: Ace|59/100
|-damage|p2b: Incineroar|86/100|[from] Recoil
|move|p2a: Volcarona|Giga Drain|p1a: Vegapunk
|-damage|p1a: Vegapunk|0 fnt
|-heal|p2a: Volcarona|89/100|[from] drain|[of] p1a: Vegapunk
|faint|p1a: Vegapunk
|
|-heal|p2b: Incineroar|92/100|[from] Grassy Terrain
|-heal|p1b: Ace|65/100|[from] Grassy Terrain
|-heal|p2a: Volcarona|95/100|[from] Grassy Terrain
|-fieldend|move: Trick Room
|-fieldend|move: Grassy Terrain
|upkeep
|
|t:|1756913081
|switch|p1a: Mihawk|Kingambit, L50, M|100/100
|turn|6
|
|t:|1756913096
|-terastallize|p1a: Mihawk|Dragon
|move|p2a: Volcarona|Fiery Dance|p1b: Ace
|-resisted|p1b: Ace
|-damage|p1b: Ace|30/100
|-boost|p2a: Volcarona|spa|1
|move|p1b: Ace|Flare Blitz|p2a: Volcarona
|-supereffective|p2a: Volcarona
|-damage|p2a: Volcarona|6/100
|-damage|p1b: Ace|0 fnt|[from] Recoil
|faint|p1b: Ace
|move|p2b: Incineroar|Flare Blitz|p1a: Mihawk
|-resisted|p1a: Mihawk
|-damage|p1a: Mihawk|86/100
|-damage|p2b: Incineroar|87/100|[from] Recoil
|move|p1a: Mihawk|Swords Dance|p1a: Mihawk
|-boost|p1a: Mihawk|atk|2
|
|upkeep
|
|t:|1756913112
|switch|p1b: Kaido|Dragapult, L50, F|100/100
|turn|7
|inactive|Bobbo1 has 30 seconds left.
|
|t:|1756913138
|move|p1a: Mihawk|Sucker Punch|p2a: Volcarona
|-damage|p2a: Volcarona|0 fnt
|faint|p2a: Volcarona
|move|p1b: Kaido|Phantom Force||[still]
|-prepare|p1b: Kaido|Phantom Force
|move|p2b: Incineroar|Knock Off|p1b: Kaido|[miss]
|-miss|p2b: Incineroar|p1b: Kaido
|
|upkeep
|
|t:|1756913146
|switch|p2a: Rillaboom|Rillaboom, L50, M|67/100
|-fieldstart|move: Grassy Terrain|[from] ability: Grassy Surge|[of] p2a: Rillaboom
|turn|8
|
|t:|1756913154
|move|p2a: Rillaboom|Fake Out|p1a: Mihawk
|-damage|p1a: Mihawk|76/100
|move|p1b: Kaido|Phantom Force|p2a: Rillaboom|[from] lockedmove
|-damage|p2a: Rillaboom|18/100
|-damage|p1b: Kaido|91/100|[from] item: Life Orb
|move|p2b: Incineroar|Knock Off|p1b: Kaido
|-supereffective|p1b: Kaido
|-damage|p1b: Kaido|2/100
|-enditem|p1b: Kaido|Life Orb|[from] move: Knock Off|[of] p2b: Incineroar
|cant|p1a: Mihawk|flinch
|
|-heal|p1b: Kaido|8/100|[from] Grassy Terrain
|-heal|p2a: Rillaboom|24/100|[from] Grassy Terrain
|-heal|p2b: Incineroar|93/100|[from] Grassy Terrain
|-heal|p1a: Mihawk|82/100|[from] Grassy Terrain
|upkeep
|turn|9
|
|t:|1756913174
|move|p1b: Kaido|Protect|p1b: Kaido
|-singleturn|p1b: Kaido|Protect
|move|p2a: Rillaboom|Grassy Glide|p1b: Kaido
|-activate|p1b: Kaido|move: Protect
|move|p2b: Incineroar|Knock Off|p1a: Mihawk
|-damage|p1a: Mihawk|61/100
|-enditem|p1a: Mihawk|Safety Goggles|[from] move: Knock Off|[of] p2b: Incineroar
|move|p1a: Mihawk|Kowtow Cleave|p2a: Rillaboom
|-damage|p2a: Rillaboom|0 fnt
|faint|p2a: Rillaboom
|
|-heal|p1b: Kaido|15/100|[from] Grassy Terrain
|-heal|p2b: Incineroar|99/100|[from] Grassy Terrain
|-heal|p1a: Mihawk|67/100|[from] Grassy Terrain
|upkeep
|
|t:|1756913187
|switch|p2a: Gholdengo|Gholdengo, L50|100/100
|turn|10
|
|t:|1756913210
|move|p1a: Mihawk|Sucker Punch|p2a: Gholdengo
|-supereffective|p2a: Gholdengo
|-damage|p2a: Gholdengo|0 fnt
|faint|p2a: Gholdengo
|move|p1b: Kaido|Phantom Force||[still]
|-prepare|p1b: Kaido|Phantom Force
|move|p2b: Incineroar|Knock Off|p1a: Mihawk
|-damage|p1a: Mihawk|51/100
|
|-heal|p2b: Incineroar|100/100|[from] Grassy Terrain
|-heal|p1a: Mihawk|57/100|[from] Grassy Terrain
|upkeep
|turn|11
|
|t:|1756913225
|move|p1b: Kaido|Phantom Force|p2b: Incineroar|[from] lockedmove
|-resisted|p2b: Incineroar
|-damage|p2b: Incineroar|78/100
|move|p2b: Incineroar|Knock Off|p1a: Mihawk
|-damage|p1a: Mihawk|42/100
|move|p1a: Mihawk|Swords Dance|p1a: Mihawk
|-boost|p1a: Mihawk|atk|2
|
|-heal|p1b: Kaido|21/100|[from] Grassy Terrain
|-heal|p2b: Incineroar|84/100|[from] Grassy Terrain
|-heal|p1a: Mihawk|48/100|[from] Grassy Terrain
|upkeep
|turn|12
|
|t:|1756913236
|move|p2b: Incineroar|Fake Out||[still]
|-hint|Fake Out only works on your first turn out.
|-fail|p2b: Incineroar
|move|p1b: Kaido|Dragon Darts|p2b: Incineroar
|-damage|p2b: Incineroar|60/100
|-anim|p1b: Kaido|Dragon Darts|p2b: Incineroar
|-damage|p2b: Incineroar|35/100
|move|p1a: Mihawk|Kowtow Cleave|p2b: Incineroar
|-resisted|p2b: Incineroar
|-damage|p2b: Incineroar|0 fnt
|faint|p2b: Incineroar
|
|win|ShabazXVGC
||Bobbo1 is ready for game 2.
|l|☆Bobbo1
|player|p2|
||ShabazXVGC is ready for game 2.
|uhtml|next|Next: Game 2 of 3
