|j|☆The PWC Luigi
|j|☆bpecina03
|html|The PWC Luigibpecina03    
|uhtml|bestof|Game 3 of a best-of-3
|t:|1756915811
|gametype|doubles
|player|p1|The PWC Luigi|cheren-gen5bw2|1030
|player|p2|bpecina03|266|1006
|gen|9
|tier|[Gen 9] VGC 2025 Reg H (Bo3)
|rated|
|rule|Species Clause: Limit one of each Pokémon
|rule|Item Clause: Limit 1 of each item
|clearpoke
|poke|p1|Tyranitar, L50, M|
|poke|p1|Excadrill, L50, F|
|poke|p1|Sinistcha-Masterpiece, L50|
|poke|p1|Salamence, L50, F|
|poke|p1|Blaziken, L50, M|
|poke|p1|Bruxish, L50, M|
|poke|p2|Tyranitar, L50, M|
|poke|p2|Annihilape, L50, F|
|poke|p2|Talonflame, L50, F|
|poke|p2|Primarina, L50, F|
|poke|p2|Incineroar, L50, F|
|poke|p2|Garchomp, L50, F|
|teampreview|4
|showteam|p1|Tyranitar||ClearAmulet|SandStream|RockSlide,KnockOff,DragonDance,Protect|||M|||50|,,,,,Grass]Excadrill||AssaultVest|SandRush|Earthquake,IronHead,HighHorsepower,RockSlide|||F|||50|,,,,,Ghost]Sinistcha-Masterpiece||SitrusBerry|Hospitality|ShadowBall,MatchaGotcha,RagePowder,Protect||||||50|,,,,,Dark]Salamence||LifeOrb|Intimidate|DracoMeteor,AirSlash,Protect,Tailwind|||F|||50|,,,,,Ghost]Blaziken||CovertCloak|SpeedBoost|AuraSphere,HeatWave,Coaching,WillOWisp|||M|||50|,,,,,Dragon]Bruxish||ChoiceScarf|Dazzling|PsychicFangs,WaveCrash,FlipTurn,SuperFang|||M|||50|,,,,,Water
|showteam|p2|Tyranitar||AssaultVest|SandStream|RockSlide,TeraBlast,KnockOff,LowKick|||M|||50|,,,,,Flying]Annihilape||SitrusBerry|VitalSpirit|RageFist,Protect,BulkUp,DrainPunch|||F|||50|,,,,,Grass]Talonflame||CovertCloak|FlameBody|Tailwind,BraveBird,WillOWisp,Protect|||F|||50|,,,,,Grass]Primarina||ThroatSpray|LiquidVoice|HyperVoice,Haze,Moonblast,Protect|||F|||50|,,,,,Steel]Incineroar||SafetyGoggles|Intimidate|FakeOut,KnockOff,FlareBlitz,PartingShot|||F|||50|,,,,,Ghost]Garchomp||LifeOrb|SandVeil|StompingTantrum,Earthquake,Protect,DragonClaw|||F|||50|,,,,,Ground
|
|t:|1756915854
|teamsize|p1|4
|teamsize|p2|4
|start
|switch|p1a: Tyranitar|Tyranitar, L50, M|100/100
|switch|p1b: Blaziken|Blaziken, L50, M|100/100
|switch|p2a: Primarina|Primarina, L50, F|100/100
|switch|p2b: Talonflame|Talonflame, L50, F|100/100
|-weather|Sandstorm|[from] ability: Sand Stream|[of] p1a: Tyranitar
|turn|1
|
|t:|1756915876
|-terastallize|p1a: Tyranitar|Grass
|move|p2a: Primarina|Protect|p2a: Primarina
|-singleturn|p2a: Primarina|Protect
|move|p2b: Talonflame|Tailwind|p2b: Talonflame
|-sidestart|p2: bpecina03|move: Tailwind
|move|p1b: Blaziken|Coaching|p1a: Tyranitar
|-boost|p1a: Tyranitar|atk|1
|-boost|p1a: Tyranitar|def|1
|move|p1a: Tyranitar|Rock Slide|p2a: Primarina|[spread] p2b
|-activate|p2a: Primarina|move: Protect
|-supereffective|p2b: Talonflame
|-damage|p2b: Talonflame|0 fnt
|faint|p2b: Talonflame
|
|-weather|Sandstorm|[upkeep]
|-damage|p2a: Primarina|95/100|[from] Sandstorm
|-damage|p1b: Blaziken|95/100|[from] Sandstorm
|-damage|p1a: Tyranitar|94/100|[from] Sandstorm
|-ability|p1b: Blaziken|Speed Boost|boost
|-boost|p1b: Blaziken|spe|1
|upkeep
|
|t:|1756915896
|switch|p2b: Annihilape|Annihilape, L50, F|100/100
|turn|2
|
|t:|1756915907
|move|p2a: Primarina|Hyper Voice|p1b: Blaziken|[spread] p1a,p1b
|-resisted|p1a: Tyranitar
|-supereffective|p1b: Blaziken
|-damage|p1a: Tyranitar|77/100
|-damage|p1b: Blaziken|5/100
|-enditem|p2a: Primarina|Throat Spray
|-boost|p2a: Primarina|spa|1|[from] item: Throat Spray
|move|p2b: Annihilape|Drain Punch|p1a: Tyranitar
|-damage|p1a: Tyranitar|54/100
|move|p1b: Blaziken|Will-O-Wisp|p2b: Annihilape
|-status|p2b: Annihilape|brn
|move|p1a: Tyranitar|Dragon Dance|p1a: Tyranitar
|-boost|p1a: Tyranitar|atk|1
|-boost|p1a: Tyranitar|spe|1
|
|-weather|Sandstorm|[upkeep]
|-damage|p2a: Primarina|89/100|[from] Sandstorm
|-damage|p2b: Annihilape|94/100 brn|[from] Sandstorm
|-damage|p1b: Blaziken|0 fnt|[from] Sandstorm
|-damage|p1a: Tyranitar|48/100|[from] Sandstorm
|faint|p1b: Blaziken
|-damage|p2b: Annihilape|88/100 brn|[from] brn
|upkeep
|
|t:|1756915935
|switch|p1b: Excadrill|Excadrill, L50, F|100/100
|turn|3
|
|t:|1756915948
|move|p1a: Tyranitar|Protect|p1a: Tyranitar
|-singleturn|p1a: Tyranitar|Protect
|move|p1b: Excadrill|Earthquake|p2b: Annihilape|[spread] p2a,p2b
|-activate|p1a: Tyranitar|move: Protect
|-damage|p2a: Primarina|25/100
|-damage|p2b: Annihilape|42/100 brn
|-enditem|p2b: Annihilape|Sitrus Berry|[eat]
|-heal|p2b: Annihilape|67/100 brn|[from] item: Sitrus Berry
|move|p2a: Primarina|Haze|p2a: Primarina
|-clearallboost
|move|p2b: Annihilape|Rage Fist|p1b: Excadrill
|-damage|p1b: Excadrill|63/100
|
|-weather|Sandstorm|[upkeep]
|-damage|p2a: Primarina|20/100|[from] Sandstorm
|-damage|p2b: Annihilape|61/100 brn|[from] Sandstorm
|-damage|p1a: Tyranitar|41/100|[from] Sandstorm
|-damage|p2b: Annihilape|55/100 brn|[from] brn
|upkeep
|turn|4
|
|t:|1756915974
|move|p2a: Primarina|Protect|p2a: Primarina
|-singleturn|p2a: Primarina|Protect
|move|p1b: Excadrill|Iron Head|p2a: Primarina
|-activate|p2a: Primarina|move: Protect
|move|p2b: Annihilape|Drain Punch|p1b: Excadrill
|-supereffective|p1b: Excadrill
|-damage|p1b: Excadrill|6/100
|-heal|p2b: Annihilape|80/100 brn|[from] drain|[of] p1b: Excadrill
|move|p1a: Tyranitar|Knock Off|p2b: Annihilape
|-damage|p2b: Annihilape|38/100 brn
|
|-weather|Sandstorm|[upkeep]
|-damage|p2a: Primarina|14/100|[from] Sandstorm
|-damage|p2b: Annihilape|32/100 brn|[from] Sandstorm
|-damage|p1a: Tyranitar|35/100|[from] Sandstorm
|-damage|p2b: Annihilape|25/100 brn|[from] brn
|-sideend|p2: bpecina03|move: Tailwind
|upkeep
|turn|5
|
|t:|1756915999
|switch|p2a: Garchomp|Garchomp, L50, F|100/100
|move|p1b: Excadrill|Rock Slide|p2a: Garchomp|[spread] p2a,p2b
|-resisted|p2a: Garchomp
|-resisted|p2b: Annihilape
|-damage|p2a: Garchomp|90/100
|-damage|p2b: Annihilape|14/100 brn
|move|p2b: Annihilape|Drain Punch|p1b: Excadrill
|-supereffective|p1b: Excadrill
|-damage|p1b: Excadrill|0 fnt
|-heal|p2b: Annihilape|17/100 brn|[from] drain|[of] p1b: Excadrill
|faint|p1b: Excadrill
|move|p1a: Tyranitar|Dragon Dance|p1a: Tyranitar
|-boost|p1a: Tyranitar|atk|1
|-boost|p1a: Tyranitar|spe|1
|
|-weather|none
|-damage|p2b: Annihilape|11/100 brn|[from] brn
|upkeep
|
|t:|1756916014
|switch|p1b: Salamence|Salamence, L50, F|100/100
|-ability|p1b: Salamence|Intimidate|boost
|-unboost|p2a: Garchomp|atk|1
|-unboost|p2b: Annihilape|atk|1
|turn|6
|
|t:|1756916032
|move|p2b: Annihilape|Protect|p2b: Annihilape
|-singleturn|p2b: Annihilape|Protect
|move|p2a: Garchomp|Earthquake|p1b: Salamence|[spread] p1a
|-activate|p2b: Annihilape|move: Protect
|-immune|p1b: Salamence
|-resisted|p1a: Tyranitar
|-damage|p1a: Tyranitar|20/100
|-damage|p2a: Garchomp|80/100|[from] item: Life Orb
|move|p1a: Tyranitar|Knock Off|p2a: Garchomp
|-damage|p2a: Garchomp|0 fnt
|-enditem|p2a: Garchomp|Life Orb|[from] move: Knock Off|[of] p1a: Tyranitar
|faint|p2a: Garchomp
|move|p1b: Salamence|Air Slash|p2b: Annihilape
|-activate|p2b: Annihilape|move: Protect
|
|-damage|p2b: Annihilape|5/100 brn|[from] brn
|upkeep
|
|t:|1756916046
|switch|p2a: Primarina|Primarina, L50, F|14/100
|turn|7
|
|t:|1756916059
|-terastallize|p2a: Primarina|Steel
|move|p1a: Tyranitar|Protect|p1a: Tyranitar
|-singleturn|p1a: Tyranitar|Protect
|move|p1b: Salamence|Protect|p1b: Salamence
|-singleturn|p1b: Salamence|Protect
|move|p2a: Primarina|Moonblast|p1b: Salamence
|-activate|p1b: Salamence|move: Protect
|move|p2b: Annihilape|Rage Fist|p1a: Tyranitar
|-activate|p1a: Tyranitar|move: Protect
|
|-damage|p2b: Annihilape|0 fnt|[from] brn
|faint|p2b: Annihilape
|upkeep
|turn|8
|-message|bpecina03 forfeited.
|raw|The PWC Luigi's rating: 1030 → 1063(+33 for winning)
|raw|bpecina03's rating: 1006 → 1000(-6 for losing)
|
|win|The PWC Luigi
|l|☆bpecina03
|player|p2|
