|j|☆Cm ja g g f
|j|☆MackTheMacaw
|html|Cm ja g g fMackTheMacaw    
|uhtml|bestof|Game 1 of a best-of-3
|t:|1782705403
|gametype|doubles
|player|p1|Cm ja g g f|2|1000
|player|p2|MackTheMacaw|bugcatcher-gen4dp|1000
|gen|9
|tier|[Gen 9 Champions] VGC 2026 Reg M-B (Bo3)
|rated|
|rule|Species Clause: Limit one of each Pokémon
|rule|Item Clause: Limit 1 of each item
|clearpoke
|poke|p1|Malamar, L50, F|
|poke|p1|Sneasler, L50, F|
|poke|p1|Grimmsnarl, L50, M|
|poke|p1|Aegislash, L50, F|
|poke|p1|Basculegion, L50, M|
|poke|p1|Incineroar, L50, F|
|poke|p2|Annihilape, L50, F|
|poke|p2|Kingambit, L50, M|
|poke|p2|Palafin, L50, M|
|poke|p2|Dragalge, L50, F|
|poke|p2|Umbreon, L50, M|
|poke|p2|Snorlax, L50, M|
|teampreview|4
|showteam|p1|Malamar||Malamarite|SuctionCups|PsychoCut,KnockOff,Superpower,Protect|Adamant||F|||50|]Sneasler||WhiteHerb|Unburden|Screech,CloseCombat,DireClaw,FakeOut|Adamant||F|||50|]Grimmsnarl||LightClay|Prankster|FakeTears,ScaryFace,PartingShot,SpiritBreak|Careful||M|||50|]Aegislash||Leftovers|StanceChange|ShadowClaw,ShadowSneak,IronHead,KingsShield|Adamant||F|||50|]Basculegion||ChoiceScarf|Adaptability|AquaJet,WaveCrash,FlipTurn,LastRespects|Adamant||M|||50|]Incineroar||PasshoBerry|Intimidate|DarkestLariat,FlareBlitz,FakeOut,PartingShot|Adamant||F|||50|
|showteam|p2|Annihilape||ChestoBerry|Defiant|BulkUp,Rest,RageFist,DrainPunch|Careful||F|||50|]Kingambit||ChopleBerry|Defiant|SuckerPunch,KowtowCleave,Protect,IronHead|Adamant||M|||50|]Palafin||MysticWater|ZerotoHero|JetPunch,BulkUp,Taunt,DrainPunch|Careful||M|||50|]Dragalge||Dragalgite|Adaptability|Haze,FlipTurn,Protect,DracoMeteor|Sassy||F|||50|]Umbreon||MentalHerb|Synchronize|Wish,Protect,HelpingHand,Yawn|Bold||M|||50|]Snorlax||Leftovers|ThickFat|Encore,Fissure,Yawn,Protect|Relaxed||M|||50|
|
|t:|1782705472
|teamsize|p1|4
|teamsize|p2|4
|start
|switch|p1a: Malamar|Malamar, L50, F|100/100
|switch|p1b: Sneasler|Sneasler, L50, F|100/100
|switch|p2a: Dragalge|Dragalge, L50, F|100/100
|switch|p2b: Palafin|Palafin, L50, M|100/100
|turn|1
|
|t:|1782705513
|detailschange|p2b: Palafin|Palafin-Hero, L50, M
|switch|p2b: Umbreon|Umbreon, L50, M|100/100
|detailschange|p1a: Malamar|Malamar-Mega, L50, F
|-mega|p1a: Malamar|Malamar|Malamarite
|detailschange|p2a: Dragalge|Dragalge-Mega, L50, F
|-mega|p2a: Dragalge|Dragalge|Dragalgite
|move|p1a: Malamar|Protect|p1a: Malamar
|-singleturn|p1a: Malamar|Protect
|move|p1b: Sneasler|Fake Out|p2b: Umbreon
|-damage|p2b: Umbreon|90/100
|move|p2a: Dragalge|Flip Turn|p1a: Malamar
|-activate|p1a: Malamar|move: Protect
|
|upkeep
|turn|2
|
|t:|1782705547
|move|p2a: Dragalge|Protect|p2a: Dragalge
|-singleturn|p2a: Dragalge|Protect
|move|p1b: Sneasler|Screech|p1a: Malamar|[miss]
|-miss|p1b: Sneasler|p1a: Malamar
|move|p1a: Malamar|Superpower|p2b: Umbreon
|-supereffective|p2b: Umbreon|1
|-damage|p2b: Umbreon|47/100
|-boost|p1a: Malamar|atk|1
|-boost|p1a: Malamar|def|1
|move|p2b: Umbreon|Yawn|p1a: Malamar
|-start|p1a: Malamar|move: Yawn|[of] p2b: Umbreon
|
|upkeep
|turn|3
|
|t:|1782705577
|move|p2b: Umbreon|Protect|p2b: Umbreon
|-singleturn|p2b: Umbreon|Protect
|move|p1b: Sneasler|Screech|p1a: Malamar
|-boost|p1a: Malamar|def|2
|move|p1a: Malamar|Superpower|p2b: Umbreon
|-activate|p2b: Umbreon|move: Protect
|move|p2a: Dragalge|Flip Turn|p1a: Malamar
|-damage|p1a: Malamar|95/100
|
|t:|1782705602
|switch|p2a: Palafin|Palafin-Hero, L50, M|100/100|[from] Flip Turn
|-activate|p2a: Palafin|ability: Zero to Hero
|
|-end|p1a: Malamar|move: Yawn|[silent]
|-status|p1a: Malamar|slp
|upkeep
|turn|4
|
|t:|1782705618
|switch|p2b: Dragalge|Dragalge-Mega, L50, F|100/100
|cant|p1a: Malamar|slp
|move|p1b: Sneasler|Close Combat|p2a: Palafin
|-damage|p2a: Palafin|33/100
|-unboost|p1b: Sneasler|def|1
|-unboost|p1b: Sneasler|spd|1
|-enditem|p1b: Sneasler|White Herb
|-clearnegativeboost|p1b: Sneasler|[silent]
|move|p2a: Palafin|Bulk Up|p2a: Palafin
|-boost|p2a: Palafin|atk|1
|-boost|p2a: Palafin|def|1
|
|upkeep
|turn|5
|
|t:|1782705649
|move|p2a: Palafin|Jet Punch|p1b: Sneasler
|-crit|p1b: Sneasler
|-damage|p1b: Sneasler|0 fnt
|faint|p1b: Sneasler
|-curestatus|p1a: Malamar|slp|[msg]
|move|p1a: Malamar|Psycho Cut|p2b: Dragalge
|-supereffective|p2b: Dragalge|1
|-crit|p2b: Dragalge
|-damage|p2b: Dragalge|0 fnt
|faint|p2b: Dragalge
|
|upkeep
|
|t:|1782705661
|switch|p1b: Grimmsnarl|Grimmsnarl, L50, M|100/100
|switch|p2b: Kingambit|Kingambit, L50, M|100/100
|turn|6
|
|t:|1782705684
|move|p2a: Palafin|Jet Punch|p1a: Malamar
|-damage|p1a: Malamar|72/100
|move|p1b: Grimmsnarl|Scary Face|p1a: Malamar
|-boost|p1a: Malamar|spe|2
|move|p1a: Malamar|Superpower|p2b: Kingambit
|-supereffective|p2b: Kingambit|2
|-enditem|p2b: Kingambit|Chople Berry|[eat]
|-enditem|p2b: Kingambit|Chople Berry|[weaken]
|-damage|p2b: Kingambit|14/100
|-boost|p1a: Malamar|atk|1
|-boost|p1a: Malamar|def|1
|move|p2b: Kingambit|Iron Head|p1b: Grimmsnarl
|-supereffective|p1b: Grimmsnarl|1
|-damage|p1b: Grimmsnarl|0 fnt
|faint|p1b: Grimmsnarl
|
|upkeep
|
|t:|1782705700
|switch|p1b: Aegislash|Aegislash, L50, F|100/100
|turn|7
|
|t:|1782705713
|move|p1b: Aegislash|King's Shield|p1b: Aegislash
|-singleturn|p1b: Aegislash|Protect
|move|p2a: Palafin|Jet Punch|p1a: Malamar
|-damage|p1a: Malamar|54/100
|move|p1a: Malamar|Superpower|p2b: Kingambit
|-supereffective|p2b: Kingambit|2
|-damage|p2b: Kingambit|0 fnt
|-boost|p1a: Malamar|atk|1
|-boost|p1a: Malamar|def|1
|faint|p2b: Kingambit
|
|upkeep
|
|t:|1782705720
|switch|p2b: Umbreon|Umbreon, L50, M|47/100
|turn|8
|
|t:|1782705747
|move|p2b: Umbreon|Helping Hand|p2a: Palafin
|-singleturn|p2a: Palafin|Helping Hand|[of] p2b: Umbreon
|move|p2a: Palafin|Jet Punch|p1a: Malamar
|-damage|p1a: Malamar|29/100
|move|p1a: Malamar|Superpower|p2b: Umbreon
|-supereffective|p2b: Umbreon|1
|-damage|p2b: Umbreon|0 fnt
|-boost|p1a: Malamar|atk|1
|-boost|p1a: Malamar|def|1
|faint|p2b: Umbreon
|-formechange|p1b: Aegislash|Aegislash-Blade|
|move|p1b: Aegislash|Shadow Claw|p2a: Palafin
|-damage|p2a: Palafin|5/100
|
|upkeep
|turn|9
|
|t:|1782705777
|move|p1a: Malamar|Protect|p1a: Malamar
|-singleturn|p1a: Malamar|Protect
|move|p2a: Palafin|Jet Punch|p1a: Malamar
|-activate|p1a: Malamar|move: Protect
|move|p1b: Aegislash|Shadow Sneak|p2a: Palafin
|-damage|p2a: Palafin|0 fnt
|faint|p2a: Palafin
|
|win|Cm ja g g f
||MackTheMacaw is ready for game 2.
|inactive|Cm ja g g f has 30 seconds to confirm battle start!
