|j|☆M1NuM-
|j|☆benjitulio
|html|M1NuM-benjitulio    
|uhtml|bestof|Game 1 of a best-of-3
|t:|1783211684
|gametype|doubles
|player|p1|M1NuM-|wallace|1205
|player|p2|benjitulio|wattson|1105
|gen|9
|tier|[Gen 9 Champions] VGC 2026 Reg M-B (Bo3)
|rated|
|rule|Species Clause: Limit one of each Pokémon
|rule|Item Clause: Limit 1 of each item
|clearpoke
|poke|p1|Aerodactyl, L50, F|
|poke|p1|Venusaur, L50, F|
|poke|p1|Kingambit, L50, F|
|poke|p1|Basculegion, L50, M|
|poke|p1|Whimsicott, L50, M|
|poke|p1|Vivillon-Pokeball, L50, M|
|poke|p2|Maushold-Four, L50|
|poke|p2|Incineroar, L50, F|
|poke|p2|Metagross, L50|
|poke|p2|Aerodactyl, L50, M|
|poke|p2|Primarina, L50, M|
|poke|p2|Sinistcha, L50|
|teampreview|4
|showteam|p1|Aerodactyl||Aerodactylite|Unnerve|RockSlide,DualWingbeat,Tailwind,Protect|Jolly||F|||50|]Venusaur||Venusaurite|Chlorophyll|EarthPower,SludgeBomb,GigaDrain,Protect|Modest||F|||50|]Kingambit||ChopleBerry|Defiant|KowtowCleave,LowKick,SuckerPunch,Protect|Adamant||F|||50|]Basculegion||LifeOrb|Adaptability|LastRespects,AquaJet,WaveCrash,Protect|Adamant||M|||50|]Whimsicott||MentalHerb|Prankster|Encore,Tailwind,Moonblast,Protect|Bold||M|||50|]Vivillon-Pokeball||FocusSash|CompoundEyes|SleepPowder,RagePowder,Hurricane,Protect|Timid||M|||50|
|showteam|p2|Maushold-Four||FocusSash|FriendGuard|FollowMe,RainDance,PopulationBomb,SuperFang|Jolly|||||50|]Incineroar||ChopleBerry|Intimidate|FakeOut,FlareBlitz,PartingShot,DarkestLariat|Impish||F|||50|]Metagross||Metagrossite|ClearBody|IronHead,Protect,PsychicFangs,Earthquake|Adamant|||||50|]Aerodactyl||FocusBand|Unnerve|RockSlide,Protect,Tailwind,IceFang|Jolly||M|||50|]Primarina||ChoiceScarf|LiquidVoice|HyperVoice,HydroPump,IcyWind,Moonblast|Modest||M|||50|]Sinistcha||Leftovers|Hospitality|MatchaGotcha,LifeDew,ShadowBall,RagePowder|Calm|||||50|
|inactive|Battle timer is ON: inactive players will automatically lose when time's up. (requested by M1NuM-)
|inactive|M1NuM- has 60 seconds left.
|
|t:|1783211735
|teamsize|p1|4
|teamsize|p2|4
|start
|switch|p1a: Basculegion|Basculegion, L50, M|100/100
|switch|p1b: Whimsicott|Whimsicott, L50, M|100/100
|switch|p2a: Metagross|Metagross, L50|100/100
|switch|p2b: Aerodactyl|Aerodactyl, L50, M|100/100
|-ability|p2b: Aerodactyl|Unnerve
|turn|1
|
|t:|1783211747
|detailschange|p2a: Metagross|Metagross-Mega, L50
|-mega|p2a: Metagross|Metagross|Metagrossite
|move|p1b: Whimsicott|Tailwind|p1b: Whimsicott
|-sidestart|p1: M1NuM-|move: Tailwind
|move|p1a: Basculegion|Aqua Jet|p2b: Aerodactyl
|-supereffective|p2b: Aerodactyl|1
|-damage|p2b: Aerodactyl|0 fnt
|faint|p2b: Aerodactyl
|-damage|p1a: Basculegion|90/100|[from] item: Life Orb
|move|p2a: Metagross|Earthquake|p1a: Basculegion|[spread] p1a,p1b
|-resisted|p1b: Whimsicott|1
|-damage|p1a: Basculegion|50/100g
|-damage|p1b: Whimsicott|86/100
|
|upkeep
|
|t:|1783211753
|switch|p2b: Incineroar|Incineroar, L50, F|100/100
|-ability|p2b: Incineroar|Intimidate|boost
|-unboost|p1a: Basculegion|atk|1
|-unboost|p1b: Whimsicott|atk|1
|turn|2
|
|t:|1783211763
|move|p1b: Whimsicott|Protect|p1b: Whimsicott
|-singleturn|p1b: Whimsicott|Protect
|move|p2b: Incineroar|Fake Out|p1b: Whimsicott
|-activate|p1b: Whimsicott|move: Protect
|move|p1a: Basculegion|Wave Crash|p2b: Incineroar
|-supereffective|p2b: Incineroar|1
|-damage|p2b: Incineroar|0 fnt
|faint|p2b: Incineroar
|-damage|p1a: Basculegion|16/100|[from] Recoil
|-damage|p1a: Basculegion|7/100|[from] item: Life Orb
|move|p2a: Metagross|Psychic Fangs|p1a: Basculegion
|-damage|p1a: Basculegion|0 fnt
|faint|p1a: Basculegion
|
|upkeep
|
|t:|1783211771
|switch|p1a: Kingambit|Kingambit, L50, F|100/100
|switch|p2b: Sinistcha|Sinistcha, L50|100/100
|turn|3
|
|t:|1783211791
|move|p1b: Whimsicott|Moonblast|p2b: Sinistcha
|-damage|p2b: Sinistcha|75/100
|move|p2a: Metagross|Iron Head|p1b: Whimsicott
|-supereffective|p1b: Whimsicott|1
|-damage|p1b: Whimsicott|0 fnt
|faint|p1b: Whimsicott
|move|p1a: Kingambit|Kowtow Cleave|p2b: Sinistcha
|-supereffective|p2b: Sinistcha|1
|-damage|p2b: Sinistcha|0 fnt
|faint|p2b: Sinistcha
|
|upkeep
|
|t:|1783211794
|switch|p1b: Venusaur|Venusaur, L50, F|100/100
|turn|4
|
|t:|1783211800
|detailschange|p1b: Venusaur|Venusaur-Mega, L50, F
|-mega|p1b: Venusaur|Venusaur|Venusaurite
|move|p2a: Metagross|Protect|p2a: Metagross
|-singleturn|p2a: Metagross|Protect
|move|p1b: Venusaur|Earth Power|p2a: Metagross
|-activate|p2a: Metagross|move: Protect
|move|p1a: Kingambit|Kowtow Cleave|p2a: Metagross
|-activate|p2a: Metagross|move: Protect
|
|-sideend|p1: M1NuM-|move: Tailwind
|upkeep
|turn|5
|
|t:|1783211812
|move|p1a: Kingambit|Sucker Punch|p2a: Metagross
|-supereffective|p2a: Metagross|1
|-damage|p2a: Metagross|33/100
|move|p2a: Metagross|Psychic Fangs|p1b: Venusaur
|-supereffective|p1b: Venusaur|1
|-damage|p1b: Venusaur|0 fnt
|faint|p1b: Venusaur
|
|upkeep
|turn|6
|inactive|M1NuM- has 30 seconds left.
|inactive|M1NuM- has 20 seconds left.
|inactive|M1NuM- has 15 seconds left.
|inactive|M1NuM- has 10 seconds left.
|inactive|M1NuM- has 5 seconds left.
|
|t:|1783211866
|move|p2a: Metagross|Protect|p2a: Metagross
|-singleturn|p2a: Metagross|Protect
|move|p1a: Kingambit|Sucker Punch||[still]
|-fail|p1a: Kingambit
|
|upkeep
|turn|7
|inactive|M1NuM- has 30 seconds left.
|inactive|M1NuM- has 20 seconds left.
|inactive|M1NuM- has 15 seconds left.
|inactive|M1NuM- has 10 seconds left.
|inactive|M1NuM- has 5 seconds left.
|
|t:|1783211918
|move|p2a: Metagross|Protect||[still]
|-fail|p2a: Metagross
|move|p1a: Kingambit|Protect||[still]
|-fail|p1a: Kingambit
|
|upkeep
|turn|8
|inactive|M1NuM- has 30 seconds left.
|inactive|M1NuM- has 20 seconds left.
|inactive|M1NuM- has 15 seconds left.
|inactive|M1NuM- has 10 seconds left.
|inactive|M1NuM- has 5 seconds left.
|
|t:|1783211971
|move|p1a: Kingambit|Sucker Punch|p2a: Metagross
|-supereffective|p2a: Metagross|1
|-damage|p2a: Metagross|0 fnt
|faint|p2a: Metagross
|
|win|M1NuM-
