|j|☆Garmas
|j|☆spearow's nest
|html|Garmasspearow's nest    
|uhtml|bestof|Game 1 of a best-of-3
|t:|1756756343
|gametype|doubles
|player|p1|Garmas|ethan|1132
|player|p2|spearow's nest|lance|1266
|gen|9
|tier|[Gen 9] VGC 2025 Reg H (Bo3)
|rated|
|rule|Species Clause: Limit one of each Pokémon
|rule|Item Clause: Limit 1 of each item
|clearpoke
|poke|p1|Incineroar, L50, M|
|poke|p1|Amoonguss, L50, M|
|poke|p1|Ursaluna-Bloodmoon, L50, M|
|poke|p1|Sneasler, L50, M|
|poke|p1|Gholdengo, L50|
|poke|p1|Dragonite, L50, M|
|poke|p2|Rillaboom, L50, M|
|poke|p2|Dragonite, L50, M|
|poke|p2|Sneasler, L50, M|
|poke|p2|Ninetales-Alola, L50, F|
|poke|p2|Kingambit, L50, M|
|poke|p2|Magmar, L50, M|
|teampreview|4
|showteam|p1|Incineroar||SafetyGoggles|Intimidate|FlareBlitz,KnockOff,PartingShot,FakeOut|||M|||50|,,,,,Ghost]Amoonguss||SitrusBerry|Regenerator|Spore,RagePowder,PollenPuff,Protect|||M|||50|,,,,,Psychic]Ursaluna-Bloodmoon||AssaultVest|MindsEye|HyperVoice,BloodMoon,EarthPower,VacuumWave|||M|||50|,,,,,Water]Sneasler||FocusSash|Unburden|CloseCombat,DireClaw,ThroatChop,Protect|||M|||50|,,,,,Stellar]Gholdengo||LifeOrb|GoodasGold|MakeItRain,ShadowBall,NastyPlot,Protect||||||50|,,,,,Water]Dragonite||LoadedDice|Multiscale|ScaleShot,Tailwind,Haze,Protect|||M|||50|,,,,,Fairy
|showteam|p2|Rillaboom||AssaultVest|GrassySurge|WoodHammer,GrassyGlide,HighHorsepower,FakeOut|||M|||50|,,,,,Fire]Dragonite||LoadedDice|Multiscale|Protect,ScaleShot,LowKick,Haze|||M|||50|,,,,,Fairy]Sneasler||WhiteHerb|Unburden|Protect,DireClaw,CloseCombat,Coaching|||M|||50|,,,,,Ghost]Ninetales-Alola||ChoiceSpecs|SnowWarning|Blizzard,IcyWind,Moonblast,FreezeDry|||F|||50|,,,,,Ghost]Kingambit||SafetyGoggles|Defiant|Protect,KowtowCleave,SuckerPunch,SwordsDance|||M|||50|,,,,,Dark]Magmar||Eviolite|VitalSpirit|Protect,FollowMe,Overheat,WillOWisp|||M|||50|,,,,,Ghost
|
|t:|1756756435
|teamsize|p1|4
|teamsize|p2|4
|start
|switch|p1a: Ursaluna|Ursaluna-Bloodmoon, L50, M|100/100
|switch|p1b: Dragonite|Dragonite, L50, M|100/100
|switch|p2a: Sneasler|Sneasler, L50, M|100/100
|switch|p2b: Ninetales|Ninetales-Alola, L50, F|100/100
|-weather|Snowscape|[from] ability: Snow Warning|[of] p2b: Ninetales
|turn|1
|
|t:|1756756465
|switch|p1b: Gholdengo|Gholdengo, L50|100/100
|-terastallize|p1a: Ursaluna|Water
|move|p2a: Sneasler|Dire Claw|p1a: Ursaluna
|-damage|p1a: Ursaluna|71/100
|-status|p1a: Ursaluna|slp
|move|p2b: Ninetales|Blizzard|p1b: Gholdengo|[spread] p1a,p1b
|-resisted|p1a: Ursaluna
|-resisted|p1b: Gholdengo
|-damage|p1a: Ursaluna|57/100 slp
|-damage|p1b: Gholdengo|75/100
|cant|p1a: Ursaluna|slp
|
|-weather|Snowscape|[upkeep]
|upkeep
|turn|2
|
|t:|1756756488
|move|p2a: Sneasler|Close Combat|p1a: Ursaluna
|-damage|p1a: Ursaluna|16/100 slp
|-unboost|p2a: Sneasler|def|1
|-unboost|p2a: Sneasler|spd|1
|-enditem|p2a: Sneasler|White Herb
|-clearnegativeboost|p2a: Sneasler|[silent]
|move|p2b: Ninetales|Blizzard|p1b: Gholdengo|[spread] p1a,p1b
|-resisted|p1a: Ursaluna
|-resisted|p1b: Gholdengo
|-damage|p1a: Ursaluna|0 fnt
|-damage|p1b: Gholdengo|51/100
|faint|p1a: Ursaluna
|move|p1b: Gholdengo|Make It Rain|p2a: Sneasler|[spread] p2a,p2b
|-supereffective|p2b: Ninetales
|-damage|p2a: Sneasler|20/100
|-damage|p2b: Ninetales|0 fnt
|-unboost|p1b: Gholdengo|spa|1
|faint|p2b: Ninetales
|-damage|p1b: Gholdengo|42/100|[from] item: Life Orb
|
|-weather|Snowscape|[upkeep]
|upkeep
|
|t:|1756756505
|switch|p2b: Kingambit|Kingambit, L50, M|100/100
|switch|p1a: Dragonite|Dragonite, L50, M|100/100
|turn|3
|
|t:|1756756519
|switch|p1b: Sneasler|Sneasler, L50, M|100/100
|move|p2a: Sneasler|Dire Claw|p1a: Dragonite
|-damage|p1a: Dragonite|79/100
|-status|p1a: Dragonite|slp
|cant|p1a: Dragonite|slp
|move|p2b: Kingambit|Swords Dance|p2b: Kingambit
|-boost|p2b: Kingambit|atk|2
|
|-weather|Snowscape|[upkeep]
|upkeep
|turn|4
|
|t:|1756756538
|-terastallize|p2b: Kingambit|Dark
|move|p2a: Sneasler|Coaching|p2b: Kingambit
|-boost|p2b: Kingambit|atk|1
|-boost|p2b: Kingambit|def|1
|move|p1b: Sneasler|Dire Claw|p2a: Sneasler
|-resisted|p2a: Sneasler
|-damage|p2a: Sneasler|0 fnt
|faint|p2a: Sneasler
|cant|p1a: Dragonite|slp
|move|p2b: Kingambit|Kowtow Cleave|p1a: Dragonite
|-damage|p1a: Dragonite|0 fnt
|faint|p1a: Dragonite
|
|-weather|Snowscape|[upkeep]
|upkeep
|
|t:|1756756551
|switch|p2a: Rillaboom|Rillaboom, L50, M|100/100
|switch|p1a: Gholdengo|Gholdengo, L50|42/100
|-fieldstart|move: Grassy Terrain|[from] ability: Grassy Surge|[of] p2a: Rillaboom
|turn|5
|
|t:|1756756569
|move|p1b: Sneasler|Protect|p1b: Sneasler
|-singleturn|p1b: Sneasler|Protect
|move|p1a: Gholdengo|Protect|p1a: Gholdengo
|-singleturn|p1a: Gholdengo|Protect
|move|p2a: Rillaboom|Fake Out|p1b: Sneasler
|-activate|p1b: Sneasler|move: Protect
|move|p2b: Kingambit|Kowtow Cleave|p1a: Gholdengo
|-activate|p1a: Gholdengo|move: Protect
|
|-weather|none
|-heal|p1a: Gholdengo|48/100|[from] Grassy Terrain
|upkeep
|turn|6
|
|t:|1756756585
|move|p2a: Rillaboom|Grassy Glide|p1b: Sneasler
|-resisted|p1b: Sneasler
|-damage|p1b: Sneasler|72/100
|move|p2b: Kingambit|Sucker Punch|p1b: Sneasler
|-resisted|p1b: Sneasler
|-damage|p1b: Sneasler|0 fnt
|faint|p1b: Sneasler
|move|p1a: Gholdengo|Make It Rain|p2b: Kingambit|[spread] p2a,p2b
|-damage|p2a: Rillaboom|50/100
|-damage|p2b: Kingambit|40/100
|-unboost|p1a: Gholdengo|spa|1
|-damage|p1a: Gholdengo|38/100|[from] item: Life Orb
|
|-heal|p1a: Gholdengo|45/100|[from] Grassy Terrain
|-heal|p2a: Rillaboom|56/100|[from] Grassy Terrain
|-heal|p2b: Kingambit|46/100|[from] Grassy Terrain
|upkeep
|turn|7
|-message|Garmas forfeited.
|
|win|spearow's nest
