|j|☆Radlars
|j|☆ShikikanV
|html|RadlarsShikikanV    
|uhtml|bestof|Game 1 of a best-of-3
|t:|1785220732
|gametype|doubles
|player|p1|Radlars|170|
|player|p2|ShikikanV|plasmagrunt-gen5bw|
|gen|9
|tier|[Gen 9 Champions] VGC 2026 Reg M-B (Bo3)
|rule|Species Clause: Limit one of each Pokémon
|rule|Item Clause: Limit 1 of each item
|clearpoke
|poke|p1|Heracross, L50, M|
|poke|p1|Farigiraf, L50, M|
|poke|p1|Grimmsnarl, L50, M|
|poke|p1|Bastiodon, L50, F|
|poke|p1|Tyranitar, L50, M|
|poke|p1|Aegislash, L50, F|
|poke|p2|Garganacl, L50, M|
|poke|p2|Tyranitar, L50, F|
|poke|p2|Sandaconda, L50, F, shiny|
|poke|p2|Farigiraf, L50, M|
|poke|p2|Chandelure, L50, F, shiny|
|poke|p2|Tinkaton, L50, F|
|teampreview|4
|showteam|p1|Heracross||Heracronite|Moxie|BulletSeed,Detect,BrickBreak,RockBlast|Brave||M|||50|]Farigiraf||SitrusBerry|ArmorTail|TrickRoom,PsychicNoise,HelpingHand,Protect|Relaxed||M|||50|]Grimmsnarl||LightClay|Prankster|FoulPlay,LightScreen,PartingShot,FakeOut|Impish||M|||50|]Bastiodon||Leftovers|Sturdy|WideGuard,Counter,IronDefense,BodyPress|Relaxed||F|||50|]Tyranitar||Tyranitarite|SandStream|RockSlide,Curse,KnockOff,Protect|Careful||M|||50|]Aegislash||MetalCoat|StanceChange|IronHead,KingsShield,SacredSword,ShadowBall|Brave||F|||50|
|showteam|p2|Garganacl||HardStone|PurifyingSalt|RockSlide,SaltCure,BodyPress,Protect|Lax||M|||50|]Tyranitar||Tyranitarite|SandStream|SandTomb,Protect,BrickBreak,Crunch|Serious||F|||50|]Sandaconda||BrightPowder|SandSpit|Protect,SandTomb,ScorchingSands,BodyPress|Relaxed||F|||50|]Farigiraf||Leftovers|ArmorTail|TrickRoom,Trick,Protect,Roar|Sassy||M|||50|]Chandelure||ChartiBerry|FlameBody|TrickRoom,ShadowBall,Curse,Protect|Sassy||F|||50|]Tinkaton||ExpertBelt|MoldBreaker|FakeOut,BrickBreak,GigatonHammer,WoodHammer|Jolly||F|||50|
|
|t:|1785220824
|teamsize|p1|4
|teamsize|p2|4
|start
|switch|p1a: Heracross|Heracross, L50, M|100/100
|switch|p1b: Grimmsnarl|Grimmsnarl, L50, M|100/100
|switch|p2a: trick|Farigiraf, L50, M|100/100
|switch|p2b: pharaoh's curse|Tyranitar, L50, F|100/100
|-weather|Sandstorm|[from] ability: Sand Stream|[of] p2b: pharaoh's curse
|turn|1
|
|t:|1785220869
|detailschange|p1a: Heracross|Heracross-Mega, L50, M
|-mega|p1a: Heracross|Heracross|Heracronite
|move|p2a: trick|Protect|p2a: trick
|-singleturn|p2a: trick|Protect
|move|p1a: Heracross|Brick Break|p2b: pharaoh's curse
|-supereffective|p2b: pharaoh's curse|2
|-damage|p2b: pharaoh's curse|0 fnt
|faint|p2b: pharaoh's curse
|move|p1b: Grimmsnarl|Foul Play|p2a: trick
|-activate|p2a: trick|move: Protect
|
|-weather|Sandstorm|[upkeep]
|-damage|p1a: Heracross|94/100|[from] Sandstorm
|-damage|p1b: Grimmsnarl|94/100|[from] Sandstorm
|-damage|p2a: trick|93/100|[from] Sandstorm
|-heal|p2a: trick|100/100|[from] item: Leftovers
|upkeep
|
|t:|1785220882
|switch|p2b: fire|Chandelure, L50, F, shiny|100/100
|turn|2
|
|t:|1785220926
|switch|p1a: Aegislash|Aegislash, L50, F|100/100
|move|p2b: fire|Shadow Ball|p1a: Aegislash
|-supereffective|p1a: Aegislash|1
|-damage|p1a: Aegislash|41/100
|-unboost|p1a: Aegislash|spd|1
|move|p1b: Grimmsnarl|Foul Play|p2a: trick
|-supereffective|p2a: trick|1
|-damage|p2a: trick|40/100
|move|p2a: trick|Roar|p1b: Grimmsnarl
|drag|p1b: Farigiraf|Farigiraf, L50, M|100/100
|
|-weather|Sandstorm|[upkeep]
|-damage|p2b: fire|94/100|[from] Sandstorm
|-damage|p2a: trick|34/100|[from] Sandstorm
|-damage|p1b: Farigiraf|93/100|[from] Sandstorm
|-heal|p2a: trick|40/100|[from] item: Leftovers
|upkeep
|turn|3
|
|t:|1785220957
|move|p1a: Aegislash|King's Shield|p1a: Aegislash
|-singleturn|p1a: Aegislash|Protect
|move|p2b: fire|Shadow Ball|p1a: Aegislash
|-activate|p1a: Aegislash|move: Protect
|move|p2a: trick|Trick Room|p2a: trick
|-fieldstart|move: Trick Room|[of] p2a: trick
|move|p1b: Farigiraf|Trick Room|p1b: Farigiraf
|-fieldend|move: Trick Room
|
|-weather|Sandstorm|[upkeep]
|-damage|p2b: fire|88/100|[from] Sandstorm
|-damage|p1b: Farigiraf|87/100|[from] Sandstorm
|-damage|p2a: trick|34/100|[from] Sandstorm
|-heal|p2a: trick|40/100|[from] item: Leftovers
|upkeep
|turn|4
|c|☆ShikikanV|son..
|
|t:|1785220986
|switch|p1a: Grimmsnarl|Grimmsnarl, L50, M|94/100
|move|p2b: fire|Shadow Ball|p1a: Grimmsnarl
|-resisted|p1a: Grimmsnarl|1
|-damage|p1a: Grimmsnarl|76/100
|move|p1b: Farigiraf|Psychic Noise|p2a: trick
|-resisted|p2a: trick|1
|-damage|p2a: trick|29/100
|-start|p2a: trick|move: Heal Block
|move|p2a: trick|Trick Room|p2a: trick
|-fieldstart|move: Trick Room|[of] p2a: trick
|
|-weather|Sandstorm|[upkeep]
|-damage|p1b: Farigiraf|81/100|[from] Sandstorm
|-damage|p2a: trick|22/100|[from] Sandstorm
|-damage|p1a: Grimmsnarl|70/100|[from] Sandstorm
|-damage|p2b: fire|82/100|[from] Sandstorm
|upkeep
|turn|5
|
|t:|1785221012
|move|p1b: Farigiraf|Helping Hand|p1a: Grimmsnarl
|-singleturn|p1a: Grimmsnarl|Helping Hand|[of] p1b: Farigiraf
|move|p1a: Grimmsnarl|Foul Play|p2b: fire
|-supereffective|p2b: fire|1
|-damage|p2b: fire|14/100
|-status|p1a: Grimmsnarl|brn|[from] ability: Flame Body|[of] p2b: fire
|move|p2b: fire|Shadow Ball|p1b: Farigiraf
|-immune|p1b: Farigiraf
|move|p2a: trick|Roar|p1a: Grimmsnarl
|drag|p1a: Aegislash|Aegislash, L50, F|41/100
|
|-weather|none
|-end|p2a: trick|move: Heal Block
|upkeep
|turn|6
|c|☆Radlars|skib
|
|t:|1785221074
|move|p1b: Farigiraf|Helping Hand|p1a: Aegislash
|-singleturn|p1a: Aegislash|Helping Hand|[of] p1b: Farigiraf
|-formechange|p1a: Aegislash|Aegislash-Blade|
|move|p1a: Aegislash|Shadow Ball|p2b: fire
|-supereffective|p2b: fire|1
|-damage|p2b: fire|0 fnt
|faint|p2b: fire
|move|p2a: trick|Roar|p1b: Farigiraf
|drag|p1b: Grimmsnarl|Grimmsnarl, L50, M|70/100 brn
|
|-heal|p2a: trick|29/100|[from] item: Leftovers
|-damage|p1b: Grimmsnarl|64/100 brn|[from] brn
|upkeep
|
|t:|1785221086
|switch|p2b: Her|Tinkaton, L50, F|100/100
|-ability|p2b: Her|Mold Breaker
|turn|7
|
|t:|1785221121
|switch|p1b: Heracross|Heracross-Mega, L50, M|94/100
|move|p1a: Aegislash|Iron Head|p2a: trick
|-damage|p2a: trick|0 fnt
|faint|p2a: trick
|move|p2b: Her|Gigaton Hammer|p1b: Heracross
|-damage|p1b: Heracross|50/100g
|
|upkeep
|turn|8
|
|t:|1785221147
|move|p1a: Aegislash|Iron Head|p2b: Her
|-crit|p2b: Her
|-damage|p2b: Her|0 fnt
|faint|p2b: Her
|
|win|Radlars
|inactive|Radlars has 30 seconds to confirm battle start!
|inactive|ShikikanV has 30 seconds to confirm battle start!
|inactive|Radlars has 20 seconds to confirm battle start!
|inactive|ShikikanV has 20 seconds to confirm battle start!
||ShikikanV is ready for game 2.
