|j|☆thecrazur
|j|☆vilan333
|html|thecrazurvilan333    
|uhtml|bestof|Game 2 of a best-of-3
|t:|1784835640
|gametype|doubles
|player|p1|thecrazur|102|1239
|player|p2|vilan333|marshal|1282
|gen|9
|tier|[Gen 9 Champions] VGC 2026 Reg M-B (Bo3)
|rated|
|rule|Species Clause: Limit one of each Pokémon
|rule|Item Clause: Limit 1 of each item
|clearpoke
|poke|p1|Blaziken, L50, M|
|poke|p1|Ninetales-Alola, L50, F|
|poke|p1|Sinistcha, L50|
|poke|p1|Aerodactyl, L50, F|
|poke|p1|Kingambit, L50, M|
|poke|p1|Basculegion, L50, M|
|poke|p2|Charizard, L50, M|
|poke|p2|Aerodactyl, L50, M|
|poke|p2|Garchomp, L50, F|
|poke|p2|Sylveon, L50, M|
|poke|p2|Farigiraf, L50, F|
|poke|p2|Incineroar, L50, F|
|teampreview|4
|showteam|p1|Blaziken||Blazikenite|SpeedBoost|AuraSphere,HeatWave,ScorchingSands,Detect|Modest||M|||50|]Ninetales-Alola||LifeOrb|SnowWarning|Blizzard,FreezeDry,Moonblast,Protect|Timid||F|||50|]Sinistcha||ColburBerry|Hospitality|MatchaGotcha,Protect,TrickRoom,RagePowder|Bold|||||50|]Aerodactyl||Aerodactylite|Unnerve|RockSlide,DualWingbeat,Protect,Tailwind|Jolly||F|||50|]Kingambit||FocusSash|Defiant|SuckerPunch,IronHead,LowKick,KowtowCleave|Adamant||M|||50|]Basculegion||ChoiceScarf|Adaptability|LastRespects,WaveCrash,AquaJet,FlipTurn|Jolly||M|||50|
|showteam|p2|Charizard||CharizarditeY|Blaze|Protect,HeatWave,WeatherBall,SolarBeam|Modest||M|||50|]Aerodactyl||FocusSash|RockHead|Protect,WideGuard,Tailwind,RockSlide|Jolly||M|||50|]Garchomp||LifeOrb|RoughSkin|DragonClaw,Protect,RockSlide,Earthquake|Jolly||F|||50|]Sylveon||FairyFeather|Pixilate|HyperBeam,Detect,HyperVoice,QuickAttack|Modest||M|||50|]Farigiraf||SitrusBerry|ArmorTail|Psyshock,Thunderbolt,TrickRoom,Protect|Bold||F|||50|]Incineroar||Charcoal|Intimidate|PartingShot,FakeOut,FlareBlitz,ThroatChop|Impish||F|||50|
|inactive|Battle timer is ON: inactive players will automatically lose when time's up. (requested by vilan333)
|
|t:|1784835664
|teamsize|p1|4
|teamsize|p2|4
|start
|switch|p1a: Sinistcha|Sinistcha, L50|100/100
|switch|p1b: Kingambit|Kingambit, L50, M|100/100
|switch|p2a: Farigiraf|Farigiraf, L50, F|100/100
|switch|p2b: Incineroar|Incineroar, L50, F|100/100
|-ability|p2b: Incineroar|Intimidate|boost
|-unboost|p1a: Sinistcha|atk|1
|-unboost|p1b: Kingambit|atk|1
|-ability|p1b: Kingambit|Defiant|boost
|-boost|p1b: Kingambit|atk|2
|turn|1
|inactive|thecrazur has 30 seconds left.
|inactive|vilan333 has 30 seconds left.
|inactive|vilan333 has 20 seconds left.
|inactive|vilan333 has 15 seconds left.
|inactive|vilan333 has 10 seconds left.
|
|t:|1784835709
|move|p2b: Incineroar|Fake Out|p1b: Kingambit
|-resisted|p1b: Kingambit|1
|-damage|p1b: Kingambit|95/100
|move|p1a: Sinistcha|Rage Powder|p1a: Sinistcha
|-singleturn|p1a: Sinistcha|move: Rage Powder
|cant|p1b: Kingambit|flinch
|move|p2a: Farigiraf|Trick Room|p2a: Farigiraf
|-fieldstart|move: Trick Room|[of] p2a: Farigiraf
|
|upkeep
|turn|2
|
|t:|1784835728
|switch|p1b: Basculegion|Basculegion, L50, M|100/100
|move|p2a: Farigiraf|Protect|p2a: Farigiraf
|-singleturn|p2a: Farigiraf|Protect
|move|p2b: Incineroar|Flare Blitz|p1b: Basculegion
|-resisted|p1b: Basculegion|1
|-damage|p1b: Basculegion|59/100
|-status|p1b: Basculegion|brn
|-damage|p2b: Incineroar|87/100|[from] Recoil
|move|p1a: Sinistcha|Trick Room|p1a: Sinistcha
|-fieldend|move: Trick Room
|
|-damage|p1b: Basculegion|53/100 brn|[from] brn
|upkeep
|turn|3
|c|☆thecrazur|What a well timed burn
|inactive|thecrazur has 30 seconds left.
|inactive|thecrazur has 20 seconds left.
|
|t:|1784835764
|switch|p1b: Aerodactyl|Aerodactyl, L50, F|100/100
|-ability|p1b: Aerodactyl|Unnerve
|move|p2b: Incineroar|Flare Blitz|p1a: Sinistcha
|-supereffective|p1a: Sinistcha|1
|-damage|p1a: Sinistcha|14/100
|-status|p1a: Sinistcha|brn
|-damage|p2b: Incineroar|62/100|[from] Recoil
|move|p1a: Sinistcha|Trick Room|p1a: Sinistcha
|-fieldstart|move: Trick Room|[of] p1a: Sinistcha
|move|p2a: Farigiraf|Trick Room|p2a: Farigiraf
|-fieldend|move: Trick Room
|
|-damage|p1a: Sinistcha|7/100 brn|[from] brn
|upkeep
|turn|4
|
|t:|1784835785
|switch|p2b: Sylveon|Sylveon, L50, M|100/100
|detailschange|p1b: Aerodactyl|Aerodactyl-Mega, L50, F
|-mega|p1b: Aerodactyl|Aerodactyl|Aerodactylite
|move|p2a: Farigiraf|Protect|p2a: Farigiraf
|-singleturn|p2a: Farigiraf|Protect
|move|p1b: Aerodactyl|Rock Slide|p2a: Farigiraf|[spread] p2b
|-activate|p2a: Farigiraf|move: Protect
|-damage|p2b: Sylveon|69/100
|move|p1a: Sinistcha|Matcha Gotcha|p2a: Farigiraf|[spread] p2b
|-activate|p2a: Farigiraf|move: Protect
|-damage|p2b: Sylveon|49/100
|-heal|p1a: Sinistcha|18/100 brn|[from] drain|[of] p2b: Sylveon
|
|-damage|p1a: Sinistcha|11/100 brn|[from] brn
|upkeep
|turn|5
|inactive|vilan333 has 30 seconds left.
|
|t:|1784835813
|move|p2b: Sylveon|Quick Attack|p1a: Sinistcha
|-damage|p1a: Sinistcha|1/100 brn
|move|p1b: Aerodactyl|Rock Slide|p2a: Farigiraf|[spread] p2a,p2b
|-damage|p2a: Farigiraf|77/100
|-damage|p2b: Sylveon|15/100
|move|p1a: Sinistcha|Matcha Gotcha|p2a: Farigiraf|[spread] p2a,p2b
|-damage|p2a: Farigiraf|57/100
|-heal|p1a: Sinistcha|14/100 brn|[from] drain|[of] p2a: Farigiraf
|-damage|p2b: Sylveon|0 fnt
|-heal|p1a: Sinistcha|22/100 brn|[from] drain|[of] p2b: Sylveon
|-status|p2a: Farigiraf|brn
|faint|p2b: Sylveon
|move|p2a: Farigiraf|Trick Room|p2a: Farigiraf
|-fieldstart|move: Trick Room|[of] p2a: Farigiraf
|
|-damage|p2a: Farigiraf|51/100 brn|[from] brn
|-damage|p1a: Sinistcha|15/100 brn|[from] brn
|upkeep
|
|t:|1784835832
|switch|p2b: Incineroar|Incineroar, L50, F|62/100
|-ability|p2b: Incineroar|Intimidate|boost
|-unboost|p1a: Sinistcha|atk|1
|-unboost|p1b: Aerodactyl|atk|1
|turn|6
|
|t:|1784835860
|switch|p1b: Basculegion|Basculegion, L50, M|53/100 brn
|move|p1a: Sinistcha|Protect|p1a: Sinistcha
|-singleturn|p1a: Sinistcha|Protect
|move|p2b: Incineroar|Fake Out|p1b: Basculegion
|-immune|p1b: Basculegion
|move|p2a: Farigiraf|Thunderbolt|p1a: Sinistcha
|-activate|p1a: Sinistcha|move: Protect
|
|-damage|p2a: Farigiraf|45/100 brn|[from] brn
|-damage|p1a: Sinistcha|9/100 brn|[from] brn
|-damage|p1b: Basculegion|47/100 brn|[from] brn
|upkeep
|-enditem|p2a: Farigiraf|Sitrus Berry|[eat]
|-heal|p2a: Farigiraf|70/100 brn|[from] item: Sitrus Berry
|turn|7
|inactive|vilan333 has 30 seconds left.
|inactive|vilan333 has 20 seconds left.
|
|t:|1784835895
|move|p2a: Farigiraf|Thunderbolt|p1a: Sinistcha
|-resisted|p1a: Sinistcha|1
|-damage|p1a: Sinistcha|0 fnt
|faint|p1a: Sinistcha
|move|p2b: Incineroar|Flare Blitz|p1b: Basculegion
|-resisted|p1b: Basculegion|1
|-damage|p1b: Basculegion|13/100 brn
|-damage|p2b: Incineroar|51/100|[from] Recoil
|move|p1b: Basculegion|Wave Crash|p2b: Incineroar
|-supereffective|p2b: Incineroar|1
|-damage|p2b: Incineroar|0 fnt
|faint|p2b: Incineroar
|-damage|p1b: Basculegion|0 fnt|[from] Recoil
|faint|p1b: Basculegion
|
|-damage|p2a: Farigiraf|64/100 brn|[from] brn
|upkeep
|
|t:|1784835912
|switch|p2b: Charizard|Charizard, L50, M|100/100
|switch|p1a: Kingambit|Kingambit, L50, M|95/100
|switch|p1b: Aerodactyl|Aerodactyl-Mega, L50, F|100/100
|turn|8
|inactive|thecrazur has 30 seconds left.
|
|t:|1784835940
|detailschange|p2b: Charizard|Charizard-Mega-Y, L50, M
|-mega|p2b: Charizard|Charizard|Charizardite Y
|-weather|SunnyDay|[from] ability: Drought|[of] p2b: Charizard
|move|p2a: Farigiraf|Thunderbolt|p1b: Aerodactyl
|-supereffective|p1b: Aerodactyl|1
|-damage|p1b: Aerodactyl|41/100
|move|p1a: Kingambit|Kowtow Cleave|p2a: Farigiraf
|-supereffective|p2a: Farigiraf|1
|-damage|p2a: Farigiraf|0 fnt
|faint|p2a: Farigiraf
|move|p2b: Charizard|Heat Wave|p1b: Aerodactyl|[spread] p1a,p1b
|-supereffective|p1a: Kingambit|1
|-resisted|p1b: Aerodactyl|1
|-damage|p1a: Kingambit|0 fnt
|-damage|p1b: Aerodactyl|7/100
|faint|p1a: Kingambit
|move|p1b: Aerodactyl|Rock Slide|p2b: Charizard
|-supereffective|p2b: Charizard|2
|-damage|p2b: Charizard|0 fnt
|faint|p2b: Charizard
|
|win|thecrazur
|inactive|thecrazur has 30 seconds to confirm battle start!
|inactive|vilan333 has 30 seconds to confirm battle start!
||thecrazur is ready for game 3.
