|j|☆Isam_26011
|j|☆Kitsuuuuuune
|html|Isam_26011Kitsuuuuuune    
|uhtml|bestof|Game 1 of a best-of-3
|t:|1757118727
|gametype|doubles
|player|p1|Isam_26011|n|1172
|player|p2|Kitsuuuuuune|acetrainerf-gen4dp|1157
|gen|9
|tier|[Gen 9] VGC 2025 Reg H (Bo3)
|rated|
|rule|Species Clause: Limit one of each Pokémon
|rule|Item Clause: Limit 1 of each item
|clearpoke
|poke|p1|Indeedee-F, L50, F|
|poke|p1|Hatterene, L50, F|
|poke|p1|Gallade, L50, M|
|poke|p1|Ursaluna, L50, M|
|poke|p1|Sunflora, L50, F|
|poke|p1|Torkoal, L50, M|
|poke|p2|Kilowattrel, L50, M|
|poke|p2|Gholdengo, L50|
|poke|p2|Garchomp, L50, F|
|poke|p2|Milotic, L50, F|
|poke|p2|Incineroar, L50, F|
|poke|p2|Amoonguss, L50, F|
|teampreview|4
|showteam|p1|Indeedee-F||PsychicSeed|PsychicSurge|TrickRoom,FollowMe,HelpingHand,DazzlingGleam|||F|||50|,,,,,Fire]Hatterene||LifeOrb|MagicBounce|ExpandingForce,TrickRoom,DazzlingGleam,Protect|||F|||50|,,,,,Psychic]Gallade||ClearAmulet|Sharpness|PsychoCut,TrickRoom,SacredSword,WideGuard|||M|||50|,,,,,Grass]Ursaluna||FlameOrb|Guts|HeadlongRush,Facade,SwordsDance,Protect|||M|||50|,,,,,Ghost]Sunflora||ChoiceSpecs|SolarPower|LeafStorm,WeatherBall,SludgeBomb,EarthPower|||F|||50|,,,,,Fire]Torkoal||Charcoal|Drought|Eruption,EarthPower,WeatherBall,Protect|||M|||50|,,,,,Fire
|showteam|p2|Kilowattrel||FocusSash|Competitive|Protect,Tailwind,AirSlash,Thunder|||M|||50|,,,,,Ghost]Gholdengo||MetalCoat|GoodasGold|NastyPlot,Protect,MakeItRain,ShadowBall||||||50|,,,,,Water]Garchomp||LifeOrb|RoughSkin|Earthquake,DragonClaw,StompingTantrum,Protect|||F|||50|,,,,,Fairy]Milotic||FlameOrb|MarvelScale|FlipTurn,Scald,IceBeam,TeraBlast|||F|||50|,,,,,Fire]Incineroar||SafetyGoggles|Intimidate|FakeOut,FlareBlitz,KnockOff,PartingShot|||F|||50|,,,,,Ghost]Amoonguss||MentalHerb|Regenerator|Spore,RagePowder,PollenPuff,ClearSmog|||F|||50|,,,,,Water
|inactive|Battle timer is ON: inactive players will automatically lose when time's up. (requested by Kitsuuuuuune)
|inactive|Kitsuuuuuune has 60 seconds left.
|inactive|Isam_26011 has 60 seconds left.
|
|t:|1757118807
|teamsize|p1|4
|teamsize|p2|4
|start
|switch|p1a: Paty|Indeedee-F, L50, F, shiny|100/100
|switch|p1b: Shura|Gallade, L50, M, shiny|100/100
|switch|p2a: Milotic|Milotic, L50, F, shiny|100/100
|switch|p2b: Incineroar|Incineroar, L50, F, shiny|100/100
|-ability|p2b: Incineroar|Intimidate|boost
|-unboost|p1a: Paty|atk|1
|-fail|p1b: Shura|unboost|[from] item: Clear Amulet|[of] p1b: Shura
|-fieldstart|move: Psychic Terrain|[from] ability: Psychic Surge|[of] p1a: Paty
|-enditem|p1a: Paty|Psychic Seed
|-boost|p1a: Paty|spd|1|[from] item: Psychic Seed
|turn|1
|inactive|Isam_26011 has 30 seconds left.
|inactive|Kitsuuuuuune has 30 seconds left.
|inactive|Isam_26011 has 20 seconds left.
|inactive|Kitsuuuuuune has 20 seconds left.
|inactive|Isam_26011 has 15 seconds left.
|inactive|Kitsuuuuuune has 15 seconds left.
|inactive|Isam_26011 has 10 seconds left.
|inactive|Kitsuuuuuune has 10 seconds left.
|inactive|Isam_26011 has 5 seconds left.
|
|t:|1757118858
|move|p2a: Milotic|Scald|p1b: Shura
|-damage|p1b: Shura|68/100
|move|p2b: Incineroar|Knock Off|p1b: Shura
|-damage|p1b: Shura|11/100
|-enditem|p1b: Shura|Clear Amulet|[from] move: Knock Off|[of] p2b: Incineroar
|move|p1a: Paty|Dazzling Gleam|p2a: Milotic|[spread] p2a,p2b
|-damage|p2a: Milotic|90/100
|-damage|p2b: Incineroar|90/100
|move|p1b: Shura|Trick Room|p1b: Shura
|-fieldstart|move: Trick Room|[of] p1b: Shura
|
|-status|p2a: Milotic|brn|[from] item: Flame Orb
|upkeep
|turn|2
|inactive|Isam_26011 has 30 seconds left.
|inactive|Kitsuuuuuune has 30 seconds left.
|inactive|Kitsuuuuuune has 20 seconds left.
|inactive|Kitsuuuuuune has 15 seconds left.
|
|t:|1757118900
|move|p1a: Paty|Helping Hand|p1b: Shura
|-singleturn|p1b: Shura|Helping Hand|[of] p1a: Paty
|move|p1b: Shura|Psycho Cut|p2a: Milotic
|-damage|p2a: Milotic|29/100 brn
|move|p2b: Incineroar|Parting Shot|p1a: Paty
|-unboost|p1a: Paty|atk|1
|-unboost|p1a: Paty|spa|1
|
|t:|1757118924
|switch|p2b: Amoonguss|Amoonguss, L50, F|100/100|[from] Parting Shot
|move|p2a: Milotic|Scald|p1b: Shura
|-damage|p1b: Shura|0 fnt
|faint|p1b: Shura
|
|-damage|p2a: Milotic|23/100 brn|[from] brn
|upkeep
|
|t:|1757118931
|switch|p1b: Acelga|Hatterene, L50, F, shiny|100/100
|turn|3
|inactive|Isam_26011 has 30 seconds left.
|inactive|Kitsuuuuuune has 30 seconds left.
|inactive|Kitsuuuuuune has 20 seconds left.
|inactive|Kitsuuuuuune has 15 seconds left.
|
|t:|1757118974
|-terastallize|p2b: Amoonguss|Water
|move|p1a: Paty|Helping Hand|p1b: Acelga
|-singleturn|p1b: Acelga|Helping Hand|[of] p1a: Paty
|move|p1b: Acelga|Expanding Force|p2a: Milotic|[spread] p2a,p2b
|-damage|p2a: Milotic|0 fnt
|-damage|p2b: Amoonguss|2/100
|faint|p2a: Milotic
|-damage|p1b: Acelga|91/100|[from] item: Life Orb
|move|p2b: Amoonguss|Spore|p1b: Acelga
|move|p1b: Acelga|Spore|p2b: Amoonguss|[from] ability: Magic Bounce
|-status|p2b: Amoonguss|slp|[from] move: Spore
|
|upkeep
|
|t:|1757118988
|switch|p2a: Incineroar|Incineroar, L50, F, shiny|90/100
|-ability|p2a: Incineroar|Intimidate|boost
|-unboost|p1a: Paty|atk|1
|-unboost|p1b: Acelga|atk|1
|turn|4
|inactive|Kitsuuuuuune has 30 seconds left.
|
|t:|1757119015
|move|p1a: Paty|Helping Hand|p1b: Acelga
|-singleturn|p1b: Acelga|Helping Hand|[of] p1a: Paty
|cant|p2b: Amoonguss|slp
|move|p1b: Acelga|Dazzling Gleam|p2a: Incineroar|[spread] p2a,p2b
|-damage|p2a: Incineroar|34/100
|-damage|p2b: Amoonguss|0 fnt
|faint|p2b: Amoonguss
|-damage|p1b: Acelga|82/100|[from] item: Life Orb
|move|p2a: Incineroar|Knock Off|p1b: Acelga
|-damage|p1b: Acelga|34/100
|-enditem|p1b: Acelga|Life Orb|[from] move: Knock Off|[of] p2a: Incineroar
|
|upkeep
|
|t:|1757119028
|switch|p2b: Gholdengo|Gholdengo, L50|100/100
|turn|5
|inactive|Isam_26011 has 30 seconds left.
|inactive|Isam_26011 has 20 seconds left.
|inactive|Isam_26011 has 15 seconds left.
|inactive|Isam_26011 has 10 seconds left.
|
|t:|1757119082
|switch|p1a: Mbappe|Torkoal, L50, M, shiny|100/100
|-weather|SunnyDay|[from] ability: Drought|[of] p1a: Mbappe
|move|p1b: Acelga|Protect|p1b: Acelga
|-singleturn|p1b: Acelga|Protect
|move|p2a: Incineroar|Flare Blitz|p1b: Acelga
|-activate|p1b: Acelga|move: Protect
|move|p2b: Gholdengo|Nasty Plot|p2b: Gholdengo
|-boost|p2b: Gholdengo|spa|2
|
|-weather|SunnyDay|[upkeep]
|-fieldend|move: Trick Room
|-fieldend|move: Psychic Terrain
|upkeep
|turn|6
|inactive|Isam_26011 has 30 seconds left.
|inactive|Kitsuuuuuune has 30 seconds left.
|
|t:|1757119116
|move|p2b: Gholdengo|Make It Rain|p1a: Mbappe|[spread] p1a,p1b
|-resisted|p1a: Mbappe
|-supereffective|p1b: Acelga
|-damage|p1a: Mbappe|34/100
|-damage|p1b: Acelga|0 fnt
|-unboost|p2b: Gholdengo|spa|1
|faint|p1b: Acelga
|move|p2a: Incineroar|Knock Off|p1a: Mbappe
|-damage|p1a: Mbappe|2/100
|-enditem|p1a: Mbappe|Charcoal|[from] move: Knock Off|[of] p2a: Incineroar
|move|p1a: Mbappe|Weather Ball|p2b: Gholdengo
|-supereffective|p2b: Gholdengo
|-damage|p2b: Gholdengo|0 fnt
|faint|p2b: Gholdengo
|
|-weather|SunnyDay|[upkeep]
|upkeep
|
|t:|1757119127
|switch|p1b: Paty|Indeedee-F, L50, F, shiny|100/100
|-fieldstart|move: Psychic Terrain|[from] ability: Psychic Surge|[of] p1b: Paty
|turn|7
|
|t:|1757119152
|move|p1b: Paty|Follow Me|p1b: Paty
|-singleturn|p1b: Paty|move: Follow Me
|move|p2a: Incineroar|Flare Blitz|p1b: Paty
|-damage|p1b: Paty|29/100
|-damage|p2a: Incineroar|13/100|[from] Recoil
|move|p1a: Mbappe|Earth Power|p2a: Incineroar
|-supereffective|p2a: Incineroar
|-damage|p2a: Incineroar|0 fnt
|faint|p2a: Incineroar
|
|win|Isam_26011
|inactive|Isam_26011 has 30 seconds to confirm battle start!
|inactive|Kitsuuuuuune has 30 seconds to confirm battle start!
||Kitsuuuuuune is ready for game 2.
||Isam_26011 is ready for game 2.
|uhtml|next|Next: Game 2 of 3
