|j|☆Wezly_ME
|j|☆Dorito99
|html|Wezly_MEDorito99    
|uhtml|bestof|Game 1 of a best-of-3
|t:|1757698498
|gametype|doubles
|player|p1|Wezly_ME|palmer|1082
|player|p2|Dorito99|riley|1113
|gen|9
|tier|[Gen 9] VGC 2025 Reg H (Bo3)
|rated|
|rule|Species Clause: Limit one of each Pokémon
|rule|Item Clause: Limit 1 of each item
|clearpoke
|poke|p1|Ursaluna-Bloodmoon, L50, M|
|poke|p1|Sinistcha, L50|
|poke|p1|Smeargle, L50, M|
|poke|p1|Sneasler, L50, M|
|poke|p1|Bellibolt, L50, F|
|poke|p1|Indeedee-F, L50, F|
|poke|p2|Meowstic, L50, M|
|poke|p2|Incineroar, L50, M|
|poke|p2|Basculegion, L50, M|
|poke|p2|Archaludon, L50, F|
|poke|p2|Pelipper, L50, M|
|poke|p2|Beartic, L50, F|
|teampreview|4
|showteam|p1|Ursaluna-Bloodmoon||AssaultVest|MindsEye|BloodMoon,HyperVoice,EarthPower,Moonblast|||M|||50|,,,,,Fairy]Sinistcha||Leftovers|Hospitality|Protect,LifeDew,ShadowBall,MatchaGotcha||||||50|,,,,,Water]Smeargle||FocusSash|Moody|FakeOut,FollowMe,Decorate,Spore|||M|||50|,,,,,Ghost]Sneasler||NormalGem|Unburden|FakeOut,NightSlash,DireClaw,CloseCombat|||M|||50|,,,,,Flying]Bellibolt||BigRoot|Electromorphosis|ParabolicCharge,AcidSpray,Soak,Protect|||F|||50|,,,,,Grass]Indeedee-F||RockyHelmet|PsychicSurge|Psychic,TrickRoom,FollowMe,Protect|||F|||50|,,,,,Fairy
|showteam|p2|Meowstic||CovertCloak|Prankster|LightScreen,Psychic,RainDance,TrickRoom|||M|||50|,,,,,Dark]Incineroar||SafetyGoggles|Intimidate|FakeOut,WillOWisp,KnockOff,PartingShot|||M|||50|,,,,,Grass]Basculegion||ChoiceScarf|SwiftSwim|WaveCrash,LastRespects,FlipTurn,PsychicFangs|||M|||50|,,,,,Ghost]Archaludon||PowerHerb|Stamina|ElectroShot,DragonPulse,FlashCannon,Protect|||F|||50|,,,,,Grass]Pelipper||FocusSash|Drizzle|Protect,WeatherBall,Hurricane,Tailwind|||M|||50|,,,,,Ghost]Beartic||LifeOrb|SwiftSwim|IcicleCrash,CloseCombat,Liquidation,Protect|||F|||50|,,,,,Water
|inactive|Battle timer is ON: inactive players will automatically lose when time's up. (requested by Wezly_ME)
|inactive|Wezly_ME has 60 seconds left.
|inactive|Dorito99 has 60 seconds left.
|
|t:|1757698548
|teamsize|p1|4
|teamsize|p2|4
|start
|switch|p1a: Ursaluna|Ursaluna-Bloodmoon, L50, M|100/100
|switch|p1b: Indeedee|Indeedee-F, L50, F|100/100
|switch|p2a: Incineroar|Incineroar, L50, M, shiny|100/100
|switch|p2b: Basculegion|Basculegion, L50, M, shiny|100/100
|-fieldstart|move: Psychic Terrain|[from] ability: Psychic Surge|[of] p1b: Indeedee
|-ability|p2a: Incineroar|Intimidate|boost
|-unboost|p1a: Ursaluna|atk|1
|-unboost|p1b: Indeedee|atk|1
|turn|1
|inactive|Wezly_ME has 30 seconds left.
|
|t:|1757698574
|move|p1b: Indeedee|Follow Me|p1b: Indeedee
|-singleturn|p1b: Indeedee|move: Follow Me
|move|p2b: Basculegion|Flip Turn|p1b: Indeedee
|-damage|p1b: Indeedee|70/100
|-damage|p2b: Basculegion|84/100|[from] item: Rocky Helmet|[of] p1b: Indeedee
|
|t:|1757698584
|switch|p2b: Pelipper|Pelipper, L50, M, shiny|100/100|[from] Flip Turn
|-weather|RainDance|[from] ability: Drizzle|[of] p2b: Pelipper
|move|p2a: Incineroar|Knock Off|p1b: Indeedee
|-supereffective|p1b: Indeedee
|-damage|p1b: Indeedee|0 fnt
|-damage|p2a: Incineroar|84/100|[from] item: Rocky Helmet|[of] p1b: Indeedee
|-enditem|p1b: Indeedee|Rocky Helmet|[from] move: Knock Off|[of] p2a: Incineroar
|faint|p1b: Indeedee
|move|p1a: Ursaluna|Earth Power|p2a: Incineroar
|-supereffective|p2a: Incineroar
|-damage|p2a: Incineroar|0 fnt
|faint|p2a: Incineroar
|
|-weather|RainDance|[upkeep]
|upkeep
|
|t:|1757698600
|switch|p1b: Bellibolt|Bellibolt, L50, F|100/100
|switch|p2a: Basculegion|Basculegion, L50, M, shiny|84/100
|turn|2
|
|t:|1757698622
|-terastallize|p2a: Basculegion|Ghost
|-terastallize|p1a: Ursaluna|Fairy
|move|p2a: Basculegion|Last Respects|p1b: Bellibolt
|-damage|p1b: Bellibolt|46/100
|-start|p1b: Bellibolt|Charge|Last Respects|[from] ability: Electromorphosis
|move|p2b: Pelipper|Weather Ball|p1a: Ursaluna
|-damage|p1a: Ursaluna|54/100
|move|p1a: Ursaluna|Hyper Voice|p2b: Pelipper|[spread] p2a,p2b
|-crit|p2a: Basculegion
|-damage|p2a: Basculegion|14/100
|-damage|p2b: Pelipper|32/100
|move|p1b: Bellibolt|Parabolic Charge|p2b: Pelipper|[spread] p1a,p2a,p2b
|-supereffective|p2b: Pelipper
|-damage|p1a: Ursaluna|28/100
|-heal|p1b: Bellibolt|63/100|[from] drain|[of] p1a: Ursaluna
|-damage|p2a: Basculegion|0 fnt
|-heal|p1b: Bellibolt|72/100|[from] drain|[of] p2a: Basculegion
|-damage|p2b: Pelipper|0 fnt
|-heal|p1b: Bellibolt|86/100|[from] drain|[of] p2b: Pelipper
|faint|p2a: Basculegion
|faint|p2b: Pelipper
|-end|p1b: Bellibolt|Charge|[silent]
|
|-weather|RainDance|[upkeep]
|upkeep
|
|t:|1757698645
|switch|p2b: Beartic|Beartic, L50, F, shiny|100/100
|turn|3
|
|t:|1757698661
|move|p2b: Beartic|Icicle Crash|p1a: Ursaluna
|-damage|p1a: Ursaluna|0 fnt
|faint|p1a: Ursaluna
|-damage|p2b: Beartic|91/100|[from] item: Life Orb
|move|p1b: Bellibolt|Acid Spray|p2b: Beartic
|-damage|p2b: Beartic|79/100
|-unboost|p2b: Beartic|spd|2
|
|-weather|RainDance|[upkeep]
|upkeep
|
|t:|1757698670
|switch|p1a: Sneasler|Sneasler, L50, M|100/100
|turn|4
|
|t:|1757698678
|move|p2b: Beartic|Protect|p2b: Beartic
|-singleturn|p2b: Beartic|Protect
|move|p1a: Sneasler|Close Combat|p2b: Beartic
|-activate|p2b: Beartic|move: Protect
|move|p1b: Bellibolt|Parabolic Charge|p2b: Beartic|[spread] p1a
|-activate|p2b: Beartic|move: Protect
|-damage|p1a: Sneasler|74/100
|-heal|p1b: Bellibolt|100/100|[from] drain|[of] p1a: Sneasler
|
|-weather|RainDance|[upkeep]
|upkeep
|turn|5
|
|t:|1757698690
|move|p2b: Beartic|Icicle Crash|p1b: Bellibolt
|-damage|p1b: Bellibolt|46/100
|-start|p1b: Bellibolt|Charge|Icicle Crash|[from] ability: Electromorphosis
|-damage|p2b: Beartic|69/100|[from] item: Life Orb
|move|p1a: Sneasler|Close Combat|p2b: Beartic
|-supereffective|p2b: Beartic
|-damage|p2b: Beartic|0 fnt
|-unboost|p1a: Sneasler|def|1
|-unboost|p1a: Sneasler|spd|1
|faint|p2b: Beartic
|
|win|Wezly_ME
||Dorito99 is ready for game 2.
||Wezly_ME is ready for game 2.
|uhtml|next|Next: Game 2 of 3
|l|☆Wezly_ME
|player|p1|
