|j|☆stellar boy
|j|☆ihearttheidf
|html|stellar boyihearttheidf    
|uhtml|bestof|Game 1 of a best-of-3
|t:|1756655982
|gametype|doubles
|player|p1|stellar boy|169|1000
|player|p2|ihearttheidf|265|1040
|gen|9
|tier|[Gen 9] VGC 2025 Reg H (Bo3)
|rated|
|rule|Species Clause: Limit one of each Pokémon
|rule|Item Clause: Limit 1 of each item
|clearpoke
|poke|p1|Charizard, L50, M|
|poke|p1|Torkoal, L50, M|
|poke|p1|Porygon2, L50|
|poke|p1|Incineroar, L50, M|
|poke|p1|Jumpluff, L50, F|
|poke|p1|Ursaluna, L50, M|
|poke|p2|Pelipper, L50, F|
|poke|p2|Archaludon, L50, F|
|poke|p2|Maushold, L50|
|poke|p2|Annihilape, L50, M|
|poke|p2|Sinistcha, L50|
|poke|p2|Tinkaton, L50, F|
|teampreview|4
|showteam|p1|Charizard||ChoiceSpecs|SolarPower|HeatWave,Overheat,WeatherBall,AirSlash|||M|||50|,,,,,Ghost]Torkoal||EjectPack|Drought|Eruption,Overheat,HelpingHand,Protect|||M|||50|,,,,,Fire]Porygon2||Eviolite|Download|TeraBlast,IceBeam,Recover,TrickRoom||||||50|,,,,,Fighting]Incineroar||SitrusBerry|Intimidate|FlareBlitz,KnockOff,FakeOut,PartingShot|||M|||50|,,,,,Ghost]Jumpluff||CovertCloak|Chlorophyll|SleepPowder,SunnyDay,RagePowder,Tailwind|||F|||50|,,,,,Water]Ursaluna||FlameOrb|Guts|HeadlongRush,Facade,Earthquake,Protect|||M|||50|,,,,,Ghost
|showteam|p2|Pelipper||LifeOrb|Drizzle|Protect,Hurricane,Tailwind,WeatherBall|||F|||50|,,,,,Ground]Archaludon||WhiteHerb|Stamina|ElectroShot,DracoMeteor,BodyPress,FlashCannon|||F|||50|,,,,,Grass]Maushold||FocusSash|FriendGuard|BeatUp,FollowMe,Taunt,Protect||||||50|,,,,,Ghost]Annihilape||SafetyGoggles|Defiant|Protect,BulkUp,DrainPunch,RageFist|||M|||50|,,,,,Dragon]Sinistcha||SitrusBerry|Hospitality|StrengthSap,MatchaGotcha,RagePowder,Protect||||||50|,,,,,Grass]Tinkaton||CovertCloak|MoldBreaker|Protect,FakeOut,RockSlide,GigatonHammer|||F|||50|,,,,,Fire
|
|t:|1756656013
|teamsize|p1|4
|teamsize|p2|4
|start
|switch|p1a: Charizard|Charizard, L50, M|100/100
|switch|p1b: Torkoal|Torkoal, L50, M|100/100
|switch|p2a: Maushold|Maushold, L50|100/100
|switch|p2b: Archaludon|Archaludon, L50, F|100/100
|-weather|SunnyDay|[from] ability: Drought|[of] p1b: Torkoal
|turn|1
|
|t:|1756656073
|move|p2a: Maushold|Beat Up|p1b: Torkoal
|-damage|p1b: Torkoal|99/100
|-damage|p1b: Torkoal|97/100
|-damage|p1b: Torkoal|94/100
|-damage|p1b: Torkoal|92/100
|-hitcount|p1b: Torkoal|4
|move|p1a: Charizard|Overheat|p2b: Archaludon
|-damage|p2b: Archaludon|0 fnt
|-unboost|p1a: Charizard|spa|2
|faint|p2b: Archaludon
|move|p1b: Torkoal|Overheat|p2a: Maushold
|-enditem|p2a: Maushold|Focus Sash
|-damage|p2a: Maushold|1/100
|-unboost|p1b: Torkoal|spa|2
|-enditem|p1b: Torkoal|Eject Pack
|
|t:|1756656094
|switch|p1b: Jumpluff|Jumpluff, L50, F|100/100
|
|-weather|SunnyDay|[upkeep]
|-damage|p1a: Charizard|88/100|[from] ability: Solar Power|[of] p1a: Charizard
|upkeep
|
|t:|1756656106
|switch|p2b: Tinkaton|Tinkaton, L50, F, shiny|100/100
|-ability|p2b: Tinkaton|Mold Breaker
|turn|2
|
|t:|1756656131
|move|p2a: Maushold|Protect|p2a: Maushold
|-singleturn|p2a: Maushold|Protect
|move|p1b: Jumpluff|Sleep Powder|p2b: Tinkaton|[miss]
|-miss|p1b: Jumpluff|p2b: Tinkaton
|move|p1a: Charizard|Overheat|p2a: Maushold
|-activate|p2a: Maushold|move: Protect
|move|p2b: Tinkaton|Rock Slide|p1a: Charizard|[spread] p1b
|-miss|p2b: Tinkaton|p1a: Charizard
|-supereffective|p1b: Jumpluff
|-damage|p1b: Jumpluff|74/100
|
|-weather|SunnyDay|[upkeep]
|-damage|p1a: Charizard|76/100|[from] ability: Solar Power|[of] p1a: Charizard
|upkeep
|turn|3
|
|t:|1756656159
|move|p2a: Maushold|Follow Me|p2a: Maushold
|-singleturn|p2a: Maushold|move: Follow Me
|move|p1b: Jumpluff|Sleep Powder|p2a: Maushold
|-status|p2a: Maushold|slp|[from] move: Sleep Powder
|move|p1a: Charizard|Overheat|p2a: Maushold
|-damage|p2a: Maushold|0 fnt
|-unboost|p1a: Charizard|spa|2
|faint|p2a: Maushold
|move|p2b: Tinkaton|Rock Slide|p1a: Charizard|[spread] p1a,p1b
|-supereffective|p1a: Charizard
|-supereffective|p1b: Jumpluff
|-damage|p1a: Charizard|5/100
|-damage|p1b: Jumpluff|46/100
|
|-weather|SunnyDay|[upkeep]
|-damage|p1a: Charizard|0 fnt|[from] ability: Solar Power|[of] p1a: Charizard
|faint|p1a: Charizard
|upkeep
|
|t:|1756656177
|switch|p2a: Annihilape|Annihilape, L50, M, shiny|100/100
|switch|p1a: Ursaluna|Ursaluna, L50, M|100/100
|turn|4
|
|t:|1756656206
|-terastallize|p1a: Ursaluna|Ghost
|move|p1b: Jumpluff|Tailwind|p1b: Jumpluff
|-sidestart|p1: stellar boy|move: Tailwind
|move|p1a: Ursaluna|Earthquake|p2a: Annihilape|[spread] p2a,p2b
|-immune|p1b: Jumpluff
|-supereffective|p2b: Tinkaton
|-damage|p2a: Annihilape|55/100
|-damage|p2b: Tinkaton|4/100
|move|p2b: Tinkaton|Rock Slide|p1a: Ursaluna|[spread] p1a
|-miss|p2b: Tinkaton|p1b: Jumpluff
|-damage|p1a: Ursaluna|92/100
|move|p2a: Annihilape|Drain Punch|p1a: Ursaluna
|-immune|p1a: Ursaluna
|
|-weather|SunnyDay|[upkeep]
|-status|p1a: Ursaluna|brn|[from] item: Flame Orb
|upkeep
|turn|5
|
|t:|1756656237
|move|p2b: Tinkaton|Protect|p2b: Tinkaton
|-singleturn|p2b: Tinkaton|Protect
|move|p1b: Jumpluff|Rage Powder|p1b: Jumpluff
|-singleturn|p1b: Jumpluff|move: Rage Powder
|move|p1a: Ursaluna|Earthquake|p2a: Annihilape|[spread] p2a
|-activate|p2b: Tinkaton|move: Protect
|-immune|p1b: Jumpluff
|-damage|p2a: Annihilape|0 fnt
|faint|p2a: Annihilape
|
|-weather|none
|-damage|p1a: Ursaluna|86/100 brn|[from] brn
|upkeep
|turn|6
|-message|ihearttheidf forfeited.
|
|win|stellar boy
