|j|☆FrosteXD
|j|☆Kripo405
|html|FrosteXDKripo405    
|uhtml|bestof|Game 3 of a best-of-3
|t:|1756386133
|gametype|doubles
|player|p1|FrosteXD|1|1084
|player|p2|Kripo405|266|1031
|gen|9
|tier|[Gen 9] VGC 2025 Reg H (Bo3)
|rated|
|rule|Species Clause: Limit one of each Pokémon
|rule|Item Clause: Limit 1 of each item
|clearpoke
|poke|p1|Maushold-Four, L50|
|poke|p1|Dragonite, L50, M|
|poke|p1|Volcarona, L50, F|
|poke|p1|Sneasler, L50, M|
|poke|p1|Rillaboom, L50, M|
|poke|p1|Swampert, L50, F|
|poke|p2|Smeargle, L50, M|
|poke|p2|Hydreigon, L50, M|
|poke|p2|Garchomp, L50, F|
|poke|p2|Whimsicott, L50, F|
|poke|p2|Incineroar, L50, M|
|poke|p2|Primarina, L50, F|
|teampreview|4
|showteam|p1|Maushold-Four||WideLens|FriendGuard|FollowMe,Encore,PopulationBomb,Taunt||||||50|,,,,,Ground]Dragonite||LoadedDice|Multiscale|ScaleShot,Protect,IceSpinner,Tailwind|||M|||50|,,,,,Steel]Volcarona||LifeOrb|FlameBody|GigaDrain,FieryDance,Protect,QuiverDance|||F|||50|,,,,,Grass]Sneasler||GrassySeed|Unburden|DireClaw,CloseCombat,ThroatChop,FakeOut|||M|||50|,,,,,Dark]Rillaboom||AssaultVest|GrassySurge|FakeOut,Uturn,GrassyGlide,WoodHammer|||M|||50|,,,,,Ground]Swampert||ClearAmulet|Torrent|HighHorsepower,BulkUp,WideGuard,Liquidation|||F|||50|,,,,,Ghost
|showteam|p2|Smeargle||FocusSash|Moody|FakeOut,Decorate,FollowMe,Spore|||M|||50|,,,,,Grass]Hydreigon||SafetyGoggles|Levitate|DracoMeteor,DarkPulse,Protect,Snarl|||M|||50|,,,,,Poison]Garchomp||LifeOrb|RoughSkin|Earthquake,StompingTantrum,DragonClaw,Protect|||F|||50|,,,,,Steel]Whimsicott||CovertCloak|Prankster|Moonblast,Tailwind,LightScreen,HelpingHand|||F|||50|,,,,,Dark]Incineroar||AssaultVest|Intimidate|KnockOff,FlareBlitz,Uturn,FakeOut|||M|||50|,,,,,Ghost]Primarina||ThroatSpray|LiquidVoice|Protect,Moonblast,HyperVoice,Haze|||F|||50|,,,,,Fire
|
|t:|1756386175
|teamsize|p1|4
|teamsize|p2|4
|start
|switch|p1a: Swampert|Swampert, L50, F|100/100
|switch|p1b: Rillaboom|Rillaboom, L50, M|100/100
|switch|p2a: Garchomp|Garchomp, L50, F|100/100
|switch|p2b: Hydreigon|Hydreigon, L50, M|100/100
|-fieldstart|move: Grassy Terrain|[from] ability: Grassy Surge|[of] p1b: Rillaboom
|turn|1
|inactive|Battle timer is ON: inactive players will automatically lose when time's up. (requested by FrosteXD)
|inactive|FrosteXD has 60 seconds left.
|inactive|Kripo405 has 60 seconds left.
|
|t:|1756386224
|move|p2a: Garchomp|Protect|p2a: Garchomp
|-singleturn|p2a: Garchomp|Protect
|move|p2b: Hydreigon|Protect|p2b: Hydreigon
|-singleturn|p2b: Hydreigon|Protect
|move|p1a: Swampert|Wide Guard|p1a: Swampert
|-singleturn|p1a: Swampert|Wide Guard
|move|p1b: Rillaboom|Wood Hammer|p2a: Garchomp
|-activate|p2a: Garchomp|move: Protect
|
|upkeep
|turn|2
|inactive|Kripo405 has 30 seconds left.
|inactive|Kripo405 has 20 seconds left.
|inactive|Kripo405 has 15 seconds left.
|
|t:|1756386268
|switch|p2b: Smeargle|Smeargle, L50, M|100/100
|move|p2a: Garchomp|Dragon Claw|p1b: Rillaboom
|-damage|p1b: Rillaboom|57/100
|-damage|p2a: Garchomp|91/100|[from] item: Life Orb
|move|p1b: Rillaboom|U-turn|p2b: Smeargle
|-crit|p2b: Smeargle
|-damage|p2b: Smeargle|19/100
|
|t:|1756386276
|switch|p1b: Dragonite|Dragonite, L50, M|100/100|[from] U-turn
|move|p1a: Swampert|Bulk Up|p1a: Swampert
|-boost|p1a: Swampert|atk|1
|-boost|p1a: Swampert|def|1
|
|-heal|p2a: Garchomp|97/100|[from] Grassy Terrain
|-heal|p2b: Smeargle|25/100|[from] Grassy Terrain
|-ability|p2b: Smeargle|Moody|boost
|-boost|p2b: Smeargle|spa|2
|-unboost|p2b: Smeargle|spd|1
|upkeep
|turn|3
|inactive|Kripo405 has 30 seconds left.
|
|t:|1756386307
|move|p2a: Garchomp|Protect|p2a: Garchomp
|-singleturn|p2a: Garchomp|Protect
|move|p1b: Dragonite|Protect|p1b: Dragonite
|-singleturn|p1b: Dragonite|Protect
|move|p2b: Smeargle|Spore|p1a: Swampert
|-status|p1a: Swampert|slp|[from] move: Spore
|cant|p1a: Swampert|slp
|
|-heal|p2a: Garchomp|100/100|[from] Grassy Terrain
|-heal|p2b: Smeargle|31/100|[from] Grassy Terrain
|-ability|p2b: Smeargle|Moody|boost
|-boost|p2b: Smeargle|spa|2
|-unboost|p2b: Smeargle|def|1
|upkeep
|turn|4
|
|t:|1756386329
|-terastallize|p1b: Dragonite|Steel
|move|p2a: Garchomp|Dragon Claw|p1b: Dragonite
|-resisted|p1b: Dragonite
|-damage|p1b: Dragonite|86/100
|-damage|p2a: Garchomp|91/100|[from] item: Life Orb
|move|p2b: Smeargle|Spore|p1b: Dragonite
|-status|p1b: Dragonite|slp|[from] move: Spore
|cant|p1b: Dragonite|slp
|cant|p1a: Swampert|slp
|
|-heal|p2a: Garchomp|97/100|[from] Grassy Terrain
|-heal|p2b: Smeargle|38/100|[from] Grassy Terrain
|-heal|p1b: Dragonite|92/100 slp|[from] Grassy Terrain
|-ability|p2b: Smeargle|Moody|boost
|-boost|p2b: Smeargle|spe|2
|-unboost|p2b: Smeargle|spd|1
|upkeep
|turn|5
|inactive|Kripo405 has 30 seconds left.
|inactive|Kripo405 has 20 seconds left.
|inactive|Kripo405 has 15 seconds left.
|inactive|Kripo405 has 10 seconds left.
|
|t:|1756386375
|move|p2b: Smeargle|Decorate|p2a: Garchomp
|-boost|p2a: Garchomp|atk|2
|-boost|p2a: Garchomp|spa|2
|move|p2a: Garchomp|Dragon Claw|p1b: Dragonite
|-resisted|p1b: Dragonite
|-damage|p1b: Dragonite|27/100 slp
|-damage|p2a: Garchomp|87/100|[from] item: Life Orb
|cant|p1b: Dragonite|slp
|cant|p1a: Swampert|slp
|
|-heal|p2b: Smeargle|44/100|[from] Grassy Terrain
|-heal|p2a: Garchomp|93/100|[from] Grassy Terrain
|-heal|p1b: Dragonite|33/100 slp|[from] Grassy Terrain
|-fieldend|move: Grassy Terrain
|-ability|p2b: Smeargle|Moody|boost
|-boost|p2b: Smeargle|atk|2
|-unboost|p2b: Smeargle|spe|1
|upkeep
|turn|6
|inactive|Kripo405 has 30 seconds left.
|
|t:|1756386408
|move|p2b: Smeargle|Spore|p1a: Swampert
|-fail|p1a: Swampert|slp
|move|p2a: Garchomp|Dragon Claw|p1b: Dragonite
|-resisted|p1b: Dragonite
|-damage|p1b: Dragonite|0 fnt
|faint|p1b: Dragonite
|-damage|p2a: Garchomp|83/100|[from] item: Life Orb
|-curestatus|p1a: Swampert|slp|[msg]
|move|p1a: Swampert|Liquidation|p2a: Garchomp
|-damage|p2a: Garchomp|19/100
|-damage|p1a: Swampert|88/100|[from] ability: Rough Skin|[of] p2a: Garchomp
|
|-ability|p2b: Smeargle|Moody|boost
|-boost|p2b: Smeargle|spa|2
|-unboost|p2b: Smeargle|spd|1
|upkeep
|
|t:|1756386415
|switch|p1b: Sneasler|Sneasler, L50, M|100/100
|turn|7
|inactive|Kripo405 has 30 seconds left.
|
|t:|1756386442
|move|p1b: Sneasler|Fake Out|p2b: Smeargle
|-damage|p2b: Smeargle|0 fnt
|faint|p2b: Smeargle
|move|p2a: Garchomp|Earthquake|p1b: Sneasler|[spread] p1a,p1b
|-supereffective|p1b: Sneasler
|-damage|p1a: Swampert|26/100
|-damage|p1b: Sneasler|0 fnt
|faint|p1b: Sneasler
|-damage|p2a: Garchomp|9/100|[from] item: Life Orb
|move|p1a: Swampert|Liquidation|p2a: Garchomp
|-crit|p2a: Garchomp
|-damage|p2a: Garchomp|0 fnt
|-damage|p1a: Swampert|14/100|[from] ability: Rough Skin|[of] p2a: Garchomp
|faint|p2a: Garchomp
|
|upkeep
|
|t:|1756386453
|switch|p1b: Rillaboom|Rillaboom, L50, M|57/100
|switch|p2a: Hydreigon|Hydreigon, L50, M|100/100
|switch|p2b: Whimsicott|Whimsicott, L50, F|100/100
|-fieldstart|move: Grassy Terrain|[from] ability: Grassy Surge|[of] p1b: Rillaboom
|turn|8
|
|t:|1756386470
|move|p2a: Hydreigon|Protect|p2a: Hydreigon
|-singleturn|p2a: Hydreigon|Protect
|move|p2b: Whimsicott|Tailwind|p2b: Whimsicott
|-sidestart|p2: Kripo405|move: Tailwind
|move|p1b: Rillaboom|U-turn|p2a: Hydreigon
|-activate|p2a: Hydreigon|move: Protect
|move|p1a: Swampert|Liquidation|p2a: Hydreigon
|-activate|p2a: Hydreigon|move: Protect
|
|-heal|p1b: Rillaboom|63/100|[from] Grassy Terrain
|-heal|p1a: Swampert|20/100|[from] Grassy Terrain
|upkeep
|turn|9
|inactive|Kripo405 has 30 seconds left.
|inactive|Kripo405 has 20 seconds left.
|inactive|Kripo405 has 15 seconds left.
|inactive|Kripo405 has 10 seconds left.
|inactive|Kripo405 has 5 seconds left.
|
|t:|1756386520
|move|p2b: Whimsicott|Helping Hand|p2a: Hydreigon
|-singleturn|p2a: Hydreigon|Helping Hand|[of] p2b: Whimsicott
|move|p1a: Swampert|Wide Guard|p1a: Swampert
|-singleturn|p1a: Swampert|Wide Guard
|move|p2a: Hydreigon|Dark Pulse|p1a: Swampert
|-damage|p1a: Swampert|0 fnt
|faint|p1a: Swampert
|move|p1b: Rillaboom|U-turn|p2b: Whimsicott
|-damage|p2b: Whimsicott|70/100
|
|-heal|p2b: Whimsicott|76/100|[from] Grassy Terrain
|-heal|p1b: Rillaboom|69/100|[from] Grassy Terrain
|upkeep
|turn|10
|-message|FrosteXD forfeited.
|
|win|Kripo405
|raw|FrosteXD's rating: 1084 → 1058(-26 for losing)
|raw|Kripo405's rating: 1031 → 1072(+41 for winning)
|l|☆FrosteXD
|player|p1|
