|j|☆Luke693VGC
|j|☆TheLackluster7
|html|Luke693VGCTheLackluster7    
|uhtml|bestof|Game 1 of a best-of-3
|t:|1756922814
|gametype|doubles
|player|p1|Luke693VGC|cyclist-gen4|1151
|player|p2|TheLackluster7|juggler|1172
|gen|9
|tier|[Gen 9] VGC 2025 Reg H (Bo3)
|rated|
|rule|Species Clause: Limit one of each Pokémon
|rule|Item Clause: Limit 1 of each item
|clearpoke
|poke|p1|Archaludon, L50, F|
|poke|p1|Pelipper, L50, F|
|poke|p1|Basculegion, L50, M|
|poke|p1|Amoonguss, L50, M|
|poke|p1|Incineroar, L50, F|
|poke|p1|Gholdengo, L50|
|poke|p2|Pelipper, L50, M|
|poke|p2|Kingdra, L50, M|
|poke|p2|Archaludon, L50, M|
|poke|p2|Rillaboom, L50, M|
|poke|p2|Zoroark-Hisui, L50, M|
|poke|p2|Gastrodon, L50, F|
|teampreview|4
|showteam|p1|Archaludon||AssaultVest|Stamina|DragonPulse,ElectroShot,FlashCannon,BodyPress|||F|||50|,,,,,Grass]Pelipper||FocusSash|Drizzle|WeatherBall,Hurricane,Tailwind,Protect|||F|||50|,,,,,Stellar]Basculegion||ChoiceBand|SwiftSwim|WaveCrash,LastRespects,AquaJet,FlipTurn|||M|||50|,,,,,Water]Amoonguss||RockyHelmet|Regenerator|PollenPuff,RagePowder,Spore,Protect|||M|||50|,,,,,Water]Incineroar||SafetyGoggles|Intimidate|KnockOff,FakeOut,PartingShot,Taunt|||F|||50|,,,,,Ghost]Gholdengo||LifeOrb|GoodasGold|MakeItRain,ShadowBall,NastyPlot,Protect||||||50|,,,,,Water
|showteam|p2|Pelipper||CovertCloak|Drizzle|WideGuard,Tailwind,Hurricane,WeatherBall|||M|||50|,,,,,Electric]Kingdra||LifeOrb|SwiftSwim|IceBeam,WeatherBall,DragonPulse,Protect|||M|||50|,,,,,Poison]Archaludon||AssaultVest|Stamina|BodyPress,ElectroShot,DragonPulse,Snarl|||M|||50|,,,,,Grass]Rillaboom||MiracleSeed|GrassySurge|HighHorsepower,FakeOut,GrassyGlide,WoodHammer|||M|||50|,,,,,Fire]Zoroark-Hisui||FocusSash|Illusion|Protect,HyperVoice,ShadowBall,NastyPlot|||M|||50|,,,,,Stellar]Gastrodon||Leftovers|StormDrain|IceBeam,Protect,Surf,EarthPower|||F|||50|,,,,,Poison
|
|t:|1756922922
|teamsize|p1|4
|teamsize|p2|4
|start
|switch|p1a: Gholdengo|Gholdengo, L50|100/100
|switch|p1b: Amoonguss|Amoonguss, L50, M|100/100
|switch|p2a: Pelipper|Pelipper, L50, M|100/100
|switch|p2b: Kingdra|Kingdra, L50, M|100/100
|-weather|RainDance|[from] ability: Drizzle|[of] p2a: Pelipper
|turn|1
|inactive|Battle timer is ON: inactive players will automatically lose when time's up. (requested by Luke693VGC)
|inactive|Luke693VGC has 60 seconds left.
|inactive|TheLackluster7 has 60 seconds left.
|
|t:|1756922982
|-terastallize|p1b: Amoonguss|Water
|move|p2b: Kingdra|Nasty Plot|p2b: Kingdra
|-boost|p2b: Kingdra|spa|2
|move|p1a: Gholdengo|Shadow Ball|p2a: Pelipper
|-damage|p2a: Pelipper|3/100
|-damage|p1a: Gholdengo|91/100|[from] item: Life Orb
|move|p2a: Pelipper|Hurricane|p1b: Amoonguss
|-damage|p1b: Amoonguss|58/100
|-start|p1b: Amoonguss|confusion
|-activate|p1b: Amoonguss|confusion
|move|p1b: Amoonguss|Spore|p2b: Kingdra
|-status|p2b: Kingdra|slp|[from] move: Spore
|
|-weather|RainDance|[upkeep]
|upkeep
|turn|2
|inactive|Luke693VGC has 30 seconds left.
|inactive|Luke693VGC has 20 seconds left.
|inactive|Luke693VGC has 15 seconds left.
|inactive|Luke693VGC has 10 seconds left.
|
|t:|1756923031
|move|p2a: Pelipper|Wide Guard|p2a: Pelipper
|-singleturn|p2a: Pelipper|Wide Guard
|cant|p2b: Kingdra|slp
|move|p1a: Gholdengo|Make It Rain|p2a: Pelipper|[spread] 
|-activate|p2a: Pelipper|move: Wide Guard
|-activate|p2b: Kingdra|move: Wide Guard
|-activate|p1b: Amoonguss|confusion
|move|p1b: Amoonguss|Spore|p2a: Pelipper
|-status|p2a: Pelipper|slp|[from] move: Spore
|
|-weather|RainDance|[upkeep]
|upkeep
|turn|3
|
|t:|1756923049
|switch|p2a: Rillaboom|Rillaboom, L50, M|100/100
|-fieldstart|move: Grassy Terrain|[from] ability: Grassy Surge|[of] p2a: Rillaboom
|-curestatus|p2b: Kingdra|slp|[msg]
|move|p2b: Kingdra|Shadow Ball|p1a: Gholdengo
|-supereffective|p1a: Gholdengo
|-damage|p1a: Gholdengo|0 fnt
|faint|p1a: Gholdengo
|-activate|p1b: Amoonguss|confusion
|move|p1b: Amoonguss|Pollen Puff|p2b: Kingdra
|-resisted|p2b: Kingdra
|-damage|p2b: Kingdra|82/100
|replace|p2b: Zoroark|Zoroark-Hisui, L50, M
|-end|p2b: Zoroark|Illusion
|
|-weather|RainDance|[upkeep]
|-heal|p2b: Zoroark|88/100|[from] Grassy Terrain
|-heal|p1b: Amoonguss|64/100|[from] Grassy Terrain
|upkeep
|inactive|Luke693VGC has 30 seconds left.
|
|t:|1756923077
|switch|p1a: Incineroar|Incineroar, L50, F|100/100
|-ability|p1a: Incineroar|Intimidate|boost
|-unboost|p2a: Rillaboom|atk|1
|-unboost|p2b: Zoroark|atk|1
|turn|4
|inactive|Luke693VGC has 30 seconds left.
|inactive|Luke693VGC has 20 seconds left.
|
|t:|1756923112
|switch|p1b: Basculegion|Basculegion, L50, M|100/100
|-terastallize|p2b: Zoroark|Stellar
|move|p2b: Zoroark|Hyper Voice|p1b: Basculegion|[spread] p1a
|-immune|p1b: Basculegion
|-damage|p1a: Incineroar|25/100
|move|p2a: Rillaboom|High Horsepower|p1a: Incineroar
|-supereffective|p1a: Incineroar
|-damage|p1a: Incineroar|0 fnt
|faint|p1a: Incineroar
|
|-weather|RainDance|[upkeep]
|-heal|p2b: Zoroark|94/100|[from] Grassy Terrain
|upkeep
|
|t:|1756923125
|switch|p1a: Amoonguss|Amoonguss, L50, M, tera:Water|97/100
|turn|5
|inactive|Luke693VGC has 30 seconds left.
|inactive|Luke693VGC has 20 seconds left.
|inactive|Luke693VGC has 15 seconds left.
|inactive|Luke693VGC has 10 seconds left.
|inactive|Luke693VGC has 5 seconds left.
|
|t:|1756923176
|move|p2b: Zoroark|Protect|p2b: Zoroark
|-singleturn|p2b: Zoroark|Protect
|move|p1a: Amoonguss|Rage Powder|p1a: Amoonguss
|-singleturn|p1a: Amoonguss|move: Rage Powder
|move|p2a: Rillaboom|Grassy Glide|p1b: Basculegion
|-supereffective|p1b: Basculegion
|-damage|p1b: Basculegion|21/100
|move|p1b: Basculegion|Wave Crash|p2b: Zoroark
|-activate|p2b: Zoroark|move: Protect
|
|-weather|none
|-heal|p1b: Basculegion|27/100|[from] Grassy Terrain
|-heal|p2b: Zoroark|100/100|[from] Grassy Terrain
|-heal|p1a: Amoonguss|100/100|[from] Grassy Terrain
|upkeep
|turn|6
|-message|Luke693VGC forfeited.
|
|win|TheLackluster7
