|j|☆A.SMash
|j|☆bassacucina777
|html|A.SMashbassacucina777    
|uhtml|bestof|Game 1 of a best-of-3
|t:|1756627588
|gametype|doubles
|player|p1|A.SMash|lucas|1040
|player|p2|bassacucina777|170|1152
|gen|9
|tier|[Gen 9] VGC 2025 Reg H (Bo3)
|rated|
|rule|Species Clause: Limit one of each Pokémon
|rule|Item Clause: Limit 1 of each item
|clearpoke
|poke|p1|Amoonguss, L50, M|
|poke|p1|Archaludon, L50, F|
|poke|p1|Pelipper, L50, M|
|poke|p1|Ursaluna-Bloodmoon, L50, M|
|poke|p1|Kingambit, L50, F|
|poke|p1|Skeledirge, L50, M|
|poke|p2|Charizard, L50, M|
|poke|p2|Torkoal, L50, F|
|poke|p2|Porygon2, L50|
|poke|p2|Incineroar, L50, M|
|poke|p2|Jumpluff, L50, F|
|poke|p2|Ursaluna, L50, F|
|teampreview|4
|showteam|p1|Amoonguss||Leftovers|Regenerator|Protect,GigaDrain,SludgeBomb,RagePowder|||M|||50|,,,,,Ground]Archaludon||RockyHelmet|Stamina|ElectroShot,Earthquake,DracoMeteor,BodyPress|||F|||50|,,,,,Electric]Pelipper|||Drizzle|Acrobatics,HelpingHand,Tailwind,Roost|||M|||50|,,,,,Dragon]Ursaluna-Bloodmoon||LifeOrb|MindsEye|BloodMoon,BodyPress,Earthquake,Protect|||M|||50|,,,,,Normal]Kingambit||ClearAmulet|Defiant|FoulPlay,KowtowCleave,Protect,IronHead|||F|||50|,,,,,Steel]Skeledirge||ChoiceSpecs|Unaware|TorchSong,Flamethrower,Hex,ScaryFace|||M|||50|,,,,,Fire
|showteam|p2|Charizard||ChoiceSpecs|SolarPower|HeatWave,Overheat,WeatherBall,AirSlash|||M|||50|,,,,,Ghost]Torkoal||EjectPack|Drought|Eruption,Overheat,HelpingHand,Protect|||F|||50|,,,,,Fire]Porygon2||Eviolite|Download|IceBeam,TeraBlast,TrickRoom,Recover||||||50|,,,,,Fighting]Incineroar||SitrusBerry|Intimidate|FlareBlitz,KnockOff,FakeOut,PartingShot|||M|||50|,,,,,Ghost]Jumpluff||CovertCloak|Chlorophyll|SleepPowder,PollenPuff,RagePowder,Tailwind|||F|||50|,,,,,Water]Ursaluna||FlameOrb|Guts|HeadlongRush,Facade,Earthquake,Protect|||F|||50|,,,,,Ghost
|
|t:|1756627621
|teamsize|p1|4
|teamsize|p2|4
|start
|switch|p1a: Pelipper|Pelipper, L50, M|100/100
|switch|p1b: Archaludon|Archaludon, L50, F|100/100
|switch|p2a: Jumpluff|Jumpluff, L50, F|100/100
|switch|p2b: Charizard|Charizard, L50, M|100/100
|-weather|RainDance|[from] ability: Drizzle|[of] p1a: Pelipper
|turn|1
|c|☆A.SMash|Bro my team is ALL OVER THE PLACE lmao
|c|☆bassacucina777|man YES
|
|t:|1756627674
|switch|p2a: Torkoal|Torkoal, L50, F|100/100
|-weather|SunnyDay|[from] ability: Drought|[of] p2a: Torkoal
|move|p1a: Pelipper|Helping Hand|p1b: Archaludon
|-singleturn|p1b: Archaludon|Helping Hand|[of] p1a: Pelipper
|move|p2b: Charizard|Heat Wave|p1a: Pelipper|[spread] p1b
|-miss|p2b: Charizard|p1a: Pelipper
|-damage|p1b: Archaludon|0 fnt
|faint|p1b: Archaludon
|
|-weather|SunnyDay|[upkeep]
|-damage|p2b: Charizard|88/100|[from] ability: Solar Power|[of] p2b: Charizard
|upkeep
|c|☆A.SMash|Your team looks like its dedicated to one strat
|c|☆A.SMash|Mine aint lmao
|
|t:|1756627695
|switch|p1b: Amoonguss|Amoonguss, L50, M|100/100
|turn|2
|c|☆bassacucina777|mine not really, won laic last year
|c|☆A.SMash|Yeah its over
|c|☆bassacucina777|yeah man
|
|t:|1756627733
|switch|p1a: Skeledirge|Skeledirge, L50, M|100/100
|move|p2a: Torkoal|Helping Hand|p2b: Charizard
|-singleturn|p2b: Charizard|Helping Hand|[of] p2a: Torkoal
|move|p1b: Amoonguss|Rage Powder|p1b: Amoonguss
|-singleturn|p1b: Amoonguss|move: Rage Powder
|move|p2b: Charizard|Heat Wave|p1a: Skeledirge|[spread] p1a,p1b
|-resisted|p1a: Skeledirge
|-supereffective|p1b: Amoonguss
|-damage|p1a: Skeledirge|13/100
|-damage|p1b: Amoonguss|0 fnt
|faint|p1b: Amoonguss
|
|-weather|SunnyDay|[upkeep]
|-damage|p2b: Charizard|76/100|[from] ability: Solar Power|[of] p2b: Charizard
|upkeep
|c|☆A.SMash|I reaply screwed myself here
|c|☆A.SMash|Pelipper with dirge
|c|☆A.SMash|Yeah...
|
|t:|1756627765
|switch|p1b: Pelipper|Pelipper, L50, M|100/100
|-weather|RainDance|[from] ability: Drizzle|[of] p1b: Pelipper
|turn|3
|c|☆bassacucina777|gg man
|
|t:|1756627788
|move|p2b: Charizard|Heat Wave|p1b: Pelipper|[spread] p1a,p1b
|-resisted|p1a: Skeledirge
|-resisted|p1b: Pelipper
|-damage|p1a: Skeledirge|1/100
|-damage|p1b: Pelipper|80/100
|move|p1b: Pelipper|Acrobatics|p2b: Charizard
|-damage|p2b: Charizard|28/100
|move|p1a: Skeledirge|Hex|p2b: Charizard
|-damage|p2b: Charizard|0 fnt
|faint|p2b: Charizard
|move|p2a: Torkoal|Eruption|p1a: Skeledirge|[spread] p1a,p1b
|-resisted|p1a: Skeledirge
|-resisted|p1b: Pelipper
|-damage|p1a: Skeledirge|0 fnt
|-damage|p1b: Pelipper|60/100
|faint|p1a: Skeledirge
|
|-weather|RainDance|[upkeep]
|upkeep
|
|t:|1756627804
|switch|p2b: Jumpluff|Jumpluff, L50, F|100/100
|turn|4
|c|☆A.SMash|Alteast got 1 ko :,D
|c|☆bassacucina777|ahahah
|
|t:|1756627818
|switch|p2a: Incineroar|Incineroar, L50, M|100/100
|-ability|p2a: Incineroar|Intimidate|boost
|-unboost|p1b: Pelipper|atk|1
|-terastallize|p1b: Pelipper|Dragon
|move|p2b: Jumpluff|Sleep Powder|p1b: Pelipper
|-status|p1b: Pelipper|slp|[from] move: Sleep Powder
|cant|p1b: Pelipper|slp
|
|-weather|RainDance|[upkeep]
|upkeep
|turn|5
|c|☆A.SMash|K gg
|c|☆A.SMash|Bro how do i forfeit
|
|t:|1756627853
|move|p2b: Jumpluff|Pollen Puff|p1b: Pelipper
|-damage|p1b: Pelipper|39/100 slp
|cant|p1b: Pelipper|slp
|move|p2a: Incineroar|Knock Off|p1b: Pelipper
|-damage|p1b: Pelipper|1/100 slp
|
|-weather|RainDance|[upkeep]
|upkeep
|turn|6
|c|☆bassacucina777|click the x above the match
|c|☆A.SMash|Oh
|c|☆A.SMash|Thanks lol
|c|☆bassacucina777|no problem
|-message|A.SMash forfeited.
|
|win|bassacucina777
