|j|☆new mental
|j|☆ko1d_lol
|html|new mentalko1d_lol    
|uhtml|bestof|Game 1 of a best-of-3
|t:|1785513907
|gametype|doubles
|player|p1|new mental|volkner|1356
|player|p2|ko1d_lol|170|1228
|gen|9
|tier|[Gen 9 Champions] VGC 2026 Reg M-B (Bo3)
|rated|
|rule|Species Clause: Limit one of each Pokémon
|rule|Item Clause: Limit 1 of each item
|clearpoke
|poke|p1|Charizard, L50, M|
|poke|p1|Garchomp, L50, M|
|poke|p1|Incineroar, L50, F|
|poke|p1|Venusaur, L50, F|
|poke|p1|Toxapex, L50, F|
|poke|p1|Sylveon, L50, F|
|poke|p2|Charizard, L50, M|
|poke|p2|Whimsicott, L50, M|
|poke|p2|Kingambit, L50, M|
|poke|p2|Basculegion, L50, M|
|poke|p2|Garchomp, L50, F|
|poke|p2|Glimmora, L50, F|
|teampreview|4
|showteam|p1|Charizard||CharizarditeY|SolarPower|WeatherBall,HeatWave,AncientPower,Protect|Modest||M|||50|]Garchomp||ChoiceScarf|RoughSkin|RockSlide,DragonClaw,Earthquake,StompingTantrum|Adamant||M|||50|]Incineroar||SitrusBerry|Intimidate|FlareBlitz,FakeOut,DarkestLariat,PartingShot|Impish||F|||50|]Venusaur||LifeOrb|Chlorophyll|SludgeBomb,LeafStorm,EarthPower,Protect|Modest||F|||50|]Toxapex||Leftovers|Regenerator|Infestation,Toxic,WideGuard,BanefulBunker|Bold||F|||50|]Sylveon||FairyFeather|Pixilate|HyperVoice,QuickAttack,Yawn,Detect|Modest||F|||50|
|showteam|p2|Charizard||CharizarditeY|Blaze|HeatWave,SolarBeam,WeatherBall,Protect|Modest||M|||50|]Whimsicott||FairyFeather|Prankster|Moonblast,Tailwind,Encore,Protect|Timid||M|||50|]Kingambit||ChopleBerry|Defiant|KowtowCleave,LowKick,SuckerPunch,Protect|Adamant||M|||50|]Basculegion||MysticWater|Adaptability|WaveCrash,LastRespects,AquaJet,Protect|Adamant||M|||50|]Garchomp||SitrusBerry|RoughSkin|DragonClaw,Earthquake,RockSlide,PoisonJab|Jolly||F|||50|]Glimmora||FocusSash|ToxicDebris|PowerGem,SludgeBomb,EarthPower,SpikyShield|Modest||F|||50|
|inactive|Battle timer is ON: inactive players will automatically lose when time's up. (requested by new mental)
|
|t:|1785513964
|teamsize|p1|4
|teamsize|p2|4
|start
|switch|p1a: Charizard|Charizard, L50, M|100/100
|switch|p1b: Venusaur|Venusaur, L50, F|100/100
|switch|p2a: Whimsicott|Whimsicott, L50, M|100/100
|switch|p2b: Garchomp|Garchomp, L50, F|100/100
|turn|1
|
|t:|1785513984
|switch|p1a: Toxapex|Toxapex, L50, F|100/100
|move|p2a: Whimsicott|Tailwind|p2a: Whimsicott
|-sidestart|p2: ko1d_lol|move: Tailwind
|move|p2b: Garchomp|Rock Slide|p1b: Venusaur|[spread] p1a
|-miss|p2b: Garchomp|p1b: Venusaur
|-damage|p1a: Toxapex|87/100
|move|p1b: Venusaur|Sludge Bomb|p2a: Whimsicott
|-supereffective|p2a: Whimsicott|2
|-damage|p2a: Whimsicott|0 fnt
|faint|p2a: Whimsicott
|-damage|p1b: Venusaur|90/100|[from] item: Life Orb
|
|-heal|p1a: Toxapex|92/100|[from] item: Leftovers
|upkeep
|
|t:|1785513996
|switch|p2a: Kingambit|Kingambit, L50, M|100/100
|turn|2
|
|t:|1785514003
|move|p2a: Kingambit|Protect|p2a: Kingambit
|-singleturn|p2a: Kingambit|Protect
|move|p1a: Toxapex|Wide Guard|p1a: Toxapex
|-singleturn|p1a: Toxapex|Wide Guard
|move|p2b: Garchomp|Earthquake|p1b: Venusaur|[spread] 
|-activate|p1a: Toxapex|move: Wide Guard
|-activate|p1b: Venusaur|move: Wide Guard
|-activate|p2a: Kingambit|move: Protect
|move|p1b: Venusaur|Earth Power|p2a: Kingambit
|-activate|p2a: Kingambit|move: Protect
|
|-heal|p1a: Toxapex|98/100|[from] item: Leftovers
|upkeep
|turn|3
|inactive|ko1d_lol has 30 seconds left.
|inactive|new mental has 30 seconds left.
|
|t:|1785514036
|move|p2a: Kingambit|Sucker Punch|p1b: Venusaur
|-damage|p1b: Venusaur|45/100
|move|p2b: Garchomp|Dragon Claw|p1b: Venusaur
|-damage|p1b: Venusaur|0 fnt
|faint|p1b: Venusaur
|move|p1a: Toxapex|Toxic|p2b: Garchomp
|-status|p2b: Garchomp|tox
|
|-heal|p1a: Toxapex|100/100|[from] item: Leftovers
|-damage|p2b: Garchomp|93/100 tox|[from] psn
|upkeep
|
|t:|1785514044
|switch|p1b: Charizard|Charizard, L50, M|100/100
|turn|4
|
|t:|1785514063
|switch|p2a: Basculegion|Basculegion, L50, M|100/100
|move|p1b: Charizard|Protect|p1b: Charizard
|-singleturn|p1b: Charizard|Protect
|move|p2b: Garchomp|Dragon Claw|p1b: Charizard
|-activate|p1b: Charizard|move: Protect
|move|p1a: Toxapex|Infestation|p2b: Garchomp
|-damage|p2b: Garchomp|90/100 tox
|-activate|p2b: Garchomp|move: Infestation|[of] p1a: Toxapex
|-damage|p1a: Toxapex|87/100|[from] ability: Rough Skin|[of] p2b: Garchomp
|
|-heal|p1a: Toxapex|93/100|[from] item: Leftovers
|-damage|p2b: Garchomp|78/100 tox|[from] psn
|-damage|p2b: Garchomp|65/100 tox|[from] move: Infestation|[partiallytrapped]
|-sideend|p2: ko1d_lol|move: Tailwind
|upkeep
|turn|5
|
|t:|1785514085
|switch|p1b: Garchomp|Garchomp, L50, M|100/100
|move|p2b: Garchomp|Earthquake|p1a: Toxapex|[spread] p2a,p1a,p1b
|-supereffective|p1a: Toxapex|1
|-damage|p2a: Basculegion|59/100
|-damage|p1a: Toxapex|38/100
|-damage|p1b: Garchomp|60/100
|move|p2a: Basculegion|Wave Crash|p1b: Garchomp
|-damage|p1b: Garchomp|0 fnt
|-damage|p2a: Basculegion|47/100|[from] ability: Rough Skin|[of] p1b: Garchomp
|faint|p1b: Garchomp
|-damage|p2a: Basculegion|28/100|[from] Recoil
|move|p1a: Toxapex|Toxic|p2a: Basculegion
|-status|p2a: Basculegion|tox
|
|-heal|p1a: Toxapex|44/100|[from] item: Leftovers
|-damage|p2b: Garchomp|47/100 tox|[from] psn
|-damage|p2a: Basculegion|22/100 tox|[from] psn
|-damage|p2b: Garchomp|34/100 tox|[from] move: Infestation|[partiallytrapped]
|upkeep
|-enditem|p2b: Garchomp|Sitrus Berry|[eat]
|-heal|p2b: Garchomp|59/100 tox|[from] item: Sitrus Berry
|
|t:|1785514090
|switch|p1b: Charizard|Charizard, L50, M|100/100
|turn|6
|
|t:|1785514105
|detailschange|p1b: Charizard|Charizard-Mega-Y, L50, M
|-mega|p1b: Charizard|Charizard|Charizardite Y
|-weather|SunnyDay|[from] ability: Drought|[of] p1b: Charizard
|move|p1a: Toxapex|Wide Guard|p1a: Toxapex
|-singleturn|p1a: Toxapex|Wide Guard
|move|p2b: Garchomp|Dragon Claw|p1b: Charizard
|-crit|p1b: Charizard
|-damage|p1b: Charizard|41/100
|move|p1b: Charizard|Heat Wave|p2b: Garchomp|[spread] p2a,p2b
|-resisted|p2a: Basculegion|1
|-resisted|p2b: Garchomp|1
|-damage|p2a: Basculegion|0 fnt
|-damage|p2b: Garchomp|27/100 tox
|faint|p2a: Basculegion
|
|-weather|SunnyDay|[upkeep]
|-heal|p1a: Toxapex|50/100g|[from] item: Leftovers
|-damage|p2b: Garchomp|2/100 tox|[from] psn
|-damage|p2b: Garchomp|0 fnt|[from] move: Infestation|[partiallytrapped]
|faint|p2b: Garchomp
|upkeep
|
|t:|1785514122
|switch|p2b: Kingambit|Kingambit, L50, M|100/100
|turn|7
|
|t:|1785514128
|move|p1b: Charizard|Protect|p1b: Charizard
|-singleturn|p1b: Charizard|Protect
|move|p2b: Kingambit|Sucker Punch||[still]
|-fail|p2b: Kingambit
|move|p1a: Toxapex|Infestation|p2b: Kingambit
|-damage|p2b: Kingambit|96/100
|-activate|p2b: Kingambit|move: Infestation|[of] p1a: Toxapex
|
|-weather|SunnyDay|[upkeep]
|-heal|p1a: Toxapex|56/100|[from] item: Leftovers
|-damage|p2b: Kingambit|84/100|[from] move: Infestation|[partiallytrapped]
|upkeep
|turn|8
|
|t:|1785514134
|move|p1b: Charizard|Protect||[still]
|-fail|p1b: Charizard
|move|p2b: Kingambit|Sucker Punch||[still]
|-fail|p2b: Kingambit
|move|p1a: Toxapex|Infestation|p2b: Kingambit
|-damage|p2b: Kingambit|81/100
|
|-weather|SunnyDay|[upkeep]
|-heal|p1a: Toxapex|61/100|[from] item: Leftovers
|-damage|p2b: Kingambit|69/100|[from] move: Infestation|[partiallytrapped]
|upkeep
|turn|9
|
|t:|1785514143
|move|p1b: Charizard|Protect|p1b: Charizard
|-singleturn|p1b: Charizard|Protect
|move|p2b: Kingambit|Kowtow Cleave|p1b: Charizard
|-activate|p1b: Charizard|move: Protect
|move|p1a: Toxapex|Infestation|p2b: Kingambit
|-damage|p2b: Kingambit|65/100
|
|-weather|SunnyDay|[upkeep]
|-heal|p1a: Toxapex|67/100|[from] item: Leftovers
|-damage|p2b: Kingambit|53/100|[from] move: Infestation|[partiallytrapped]
|upkeep
|turn|10
|
|t:|1785514156
|move|p2b: Kingambit|Sucker Punch|p1b: Charizard
|-damage|p1b: Charizard|2/100
|move|p1b: Charizard|Weather Ball|p2b: Kingambit
|-supereffective|p2b: Kingambit|1
|-damage|p2b: Kingambit|0 fnt
|faint|p2b: Kingambit
|
|win|new mental
