|j|☆teriso169
|j|☆Frakub
|html|teriso169Frakub    
|uhtml|bestof|Game 2 of a best-of-3
|t:|1755685510
|gametype|doubles
|player|p1|teriso169|anabel-gen7|1206
|player|p2|Frakub|acetrainer-gen4dp|1331
|gen|9
|tier|[Gen 9] VGC 2025 Reg H (Bo3)
|rated|
|rule|Species Clause: Limit one of each Pokémon
|rule|Item Clause: Limit 1 of each item
|clearpoke
|poke|p1|Blaziken, L50, M|
|poke|p1|Dragonite, L50, M|
|poke|p1|Primarina, L50, F|
|poke|p1|Rillaboom, L50, M|
|poke|p1|Ninetales-Alola, L50, F|
|poke|p1|Gholdengo, L50|
|poke|p2|Kingambit, L50, M|
|poke|p2|Rillaboom, L50, F|
|poke|p2|Ninetales-Alola, L50, M|
|poke|p2|Dragonite, L50, M|
|poke|p2|Magmar, L50, F|
|poke|p2|Sneasler, L50, M|
|teampreview|4
|showteam|p1|Blaziken||LifeOrb|SpeedBoost|Protect,CloseCombat,FlareBlitz,UpperHand|||M|||50|,,,,,Ghost]Dragonite||LoadedDice|Multiscale|ScaleShot,Protect,Tailwind,LowKick|||M|||50|,,,,,Steel]Primarina||MysticWater|LiquidVoice|HyperVoice,Moonblast,Protect,Haze|||F|||50|,,,,,Steel]Rillaboom||AssaultVest|GrassySurge|WoodHammer,FakeOut,Uturn,GrassyGlide|||M|||50|,,,,,Fire]Ninetales-Alola||ChoiceSpecs|SnowWarning|Blizzard,FreezeDry,Moonblast,IcyWind|||F|||50|,,,,,Ice]Gholdengo||GrassySeed|GoodasGold|NastyPlot,MakeItRain,ShadowBall,Protect||||||50|,,,,,Water
|showteam|p2|Kingambit||BlackGlasses|Defiant|KowtowCleave,SuckerPunch,SwordsDance,Protect|||M|||50|,,,,,Dark]Rillaboom||AssaultVest|GrassySurge|WoodHammer,GrassyGlide,HighHorsepower,FakeOut|||F|||50|,,,,,Fire]Ninetales-Alola||LightClay|SnowWarning|Blizzard,FreezeDry,Protect,AuroraVeil|||M|||50|,,,,,Ghost]Dragonite||LoadedDice|Multiscale|ScaleShot,ExtremeSpeed,Haze,Protect|||M|||50|,,,,,Steel]Magmar||Eviolite|VitalSpirit|Taunt,Overheat,FollowMe,Protect|||F|||50|,,,,,Ghost]Sneasler||FocusSash|PoisonTouch|FakeOut,DireClaw,CloseCombat,Protect|||M|||50|,,,,,Ghost
|inactive|Battle timer is ON: inactive players will automatically lose when time's up. (requested by teriso169)
|inactive|Frakub also wants the timer to be on.
|inactive|teriso169 has 60 seconds left.
|inactive|Frakub has 60 seconds left.
|
|t:|1755685548
|teamsize|p1|4
|teamsize|p2|4
|start
|switch|p1a: Surrogate|Dragonite, L50, M, shiny|100/100
|switch|p1b: Sonata Dusk|Primarina, L50, F, shiny|100/100
|switch|p2a: Magmar|Magmar, L50, F|100/100
|switch|p2b: Sneasler|Sneasler, L50, M|100/100
|turn|1
|
|t:|1755685564
|move|p1a: Surrogate|Protect|p1a: Surrogate
|-singleturn|p1a: Surrogate|Protect
|move|p1b: Sonata Dusk|Protect|p1b: Sonata Dusk
|-singleturn|p1b: Sonata Dusk|Protect
|move|p2a: Magmar|Follow Me|p2a: Magmar
|-singleturn|p2a: Magmar|move: Follow Me
|move|p2b: Sneasler|Dire Claw|p1b: Sonata Dusk
|-activate|p1b: Sonata Dusk|move: Protect
|
|upkeep
|turn|2
|
|t:|1755685582
|move|p2b: Sneasler|Dire Claw|p1a: Surrogate
|-damage|p1a: Surrogate|78/100
|-status|p1a: Surrogate|psn
|move|p1a: Surrogate|Tailwind|p1a: Surrogate
|-sidestart|p1: teriso169|move: Tailwind
|move|p1b: Sonata Dusk|Hyper Voice|p2b: Sneasler|[spread] p2a,p2b
|-supereffective|p2a: Magmar
|-damage|p2a: Magmar|38/100
|-damage|p2b: Sneasler|37/100
|move|p2a: Magmar|Taunt|p1a: Surrogate
|-start|p1a: Surrogate|move: Taunt
|
|-damage|p1a: Surrogate|66/100 psn|[from] psn
|upkeep
|turn|3
|
|t:|1755685601
|move|p1a: Surrogate|Scale Shot|p2a: Magmar
|-damage|p2a: Magmar|25/100
|-damage|p2a: Magmar|13/100
|-damage|p2a: Magmar|0 fnt
|faint|p2a: Magmar
|-hitcount|p2: Magmar|3
|-unboost|p1a: Surrogate|def|1
|-boost|p1a: Surrogate|spe|1
|move|p1b: Sonata Dusk|Hyper Voice|p2b: Sneasler
|-damage|p2b: Sneasler|0 fnt
|faint|p2b: Sneasler
|
|-damage|p1a: Surrogate|54/100 psn|[from] psn
|upkeep
|
|t:|1755685603
|switch|p2b: Rillaboom|Rillaboom, L50, F|100/100
|switch|p2a: Kingambit|Kingambit, L50, M|100/100
|-fieldstart|move: Grassy Terrain|[from] ability: Grassy Surge|[of] p2b: Rillaboom
|turn|4
|
|t:|1755685622
|-terastallize|p2a: Kingambit|Dark
|move|p2a: Kingambit|Sucker Punch|p1a: Surrogate
|-damage|p1a: Surrogate|0 fnt
|faint|p1a: Surrogate
|move|p1b: Sonata Dusk|Hyper Voice|p2b: Rillaboom|[spread] p2a,p2b
|-resisted|p2b: Rillaboom
|-crit|p2b: Rillaboom
|-damage|p2a: Kingambit|60/100
|-damage|p2b: Rillaboom|76/100
|move|p2b: Rillaboom|Wood Hammer|p1b: Sonata Dusk
|-supereffective|p1b: Sonata Dusk
|-damage|p1b: Sonata Dusk|0 fnt
|faint|p1b: Sonata Dusk
|-damage|p2b: Rillaboom|50/100|[from] Recoil
|
|-heal|p2b: Rillaboom|56/100|[from] Grassy Terrain
|-heal|p2a: Kingambit|66/100|[from] Grassy Terrain
|upkeep
|
|t:|1755685624
|switch|p1a: Lukankazi|Blaziken, L50, M, shiny|100/100
|switch|p1b: Xin Xianying|Ninetales-Alola, L50, F, shiny|100/100
|-weather|Snowscape|[from] ability: Snow Warning|[of] p1b: Xin Xianying
|turn|5
|
|t:|1755685643
|-terastallize|p1b: Xin Xianying|Ice
|move|p1a: Lukankazi|Upper Hand||[still]
|-fail|p1a: Lukankazi
|move|p1b: Xin Xianying|Blizzard|p2b: Rillaboom|[spread] p2a,p2b
|-supereffective|p2b: Rillaboom
|-damage|p2a: Kingambit|9/100
|-damage|p2b: Rillaboom|0 fnt
|faint|p2b: Rillaboom
|move|p2a: Kingambit|Kowtow Cleave|p1a: Lukankazi
|-resisted|p1a: Lukankazi
|-damage|p1a: Lukankazi|38/100
|
|-weather|Snowscape|[upkeep]
|-heal|p1a: Lukankazi|44/100|[from] Grassy Terrain
|-heal|p2a: Kingambit|15/100|[from] Grassy Terrain
|-sideend|p1: teriso169|move: Tailwind
|-ability|p1a: Lukankazi|Speed Boost|boost
|-boost|p1a: Lukankazi|spe|1
|upkeep
|turn|6
|
|t:|1755685650
|move|p1a: Lukankazi|Upper Hand|p2a: Kingambit
|-supereffective|p2a: Kingambit
|-damage|p2a: Kingambit|0 fnt
|faint|p2a: Kingambit
|-damage|p1a: Lukankazi|34/100|[from] item: Life Orb
|
|win|teriso169
|raw|teriso169's rating: 1206 → 1240(+34 for winning)
|raw|Frakub's rating: 1331 → 1304(-27 for losing)
|c|☆Frakub|gg
|l|☆teriso169
|player|p1|
