|j|☆impno
|j|☆sorecruiser
|html|impnosorecruiser    
|uhtml|bestof|Game 3 of a best-of-3
|t:|1757124442
|gametype|doubles
|player|p1|impno|ethan|1131
|player|p2|sorecruiser|furisodegirl-black|1146
|gen|9
|tier|[Gen 9] VGC 2025 Reg H (Bo3)
|rated|
|rule|Species Clause: Limit one of each Pokémon
|rule|Item Clause: Limit 1 of each item
|clearpoke
|poke|p1|Lilligant-Hisui, L50, F|
|poke|p1|Torkoal, L50, M|
|poke|p1|Indeedee-F, L50, F|
|poke|p1|Reuniclus, L50, M|
|poke|p1|Ursaluna, L50, M|
|poke|p1|Smeargle, L50, M|
|poke|p2|Gholdengo, L50|
|poke|p2|Whimsicott, L50, M|
|poke|p2|Sneasler, L50, F|
|poke|p2|Basculegion, L50, M|
|poke|p2|Hydreigon, L50, F|
|poke|p2|Magmar, L50, F|
|teampreview|4
|showteam|p1|Lilligant-Hisui||FocusSash|Chlorophyll|CloseCombat,SleepPowder,AfterYou,Protect|||F|||50|,,,,,Ghost]Torkoal||ChoiceSpecs|Drought|Eruption,HeatWave,WeatherBall,EarthPower|||M|||50|,,,,,Fire]Indeedee-F||SafetyGoggles|PsychicSurge|FollowMe,HelpingHand,TrickRoom,AlluringVoice|||F|||50|,,,,,Water]Reuniclus||LifeOrb|MagicGuard|ExpandingForce,FocusBlast,CalmMind,TrickRoom|||M|||50|,,,,,Psychic]Ursaluna||FlameOrb|Guts|Earthquake,HeadlongRush,Facade,Protect|||M|||50|,,,,,Ground]Smeargle||EjectPack|Moody|Spore,FollowMe,TrickRoom,Taunt|||M|||50|,,,,,Normal
|showteam|p2|Gholdengo||MetalCoat|GoodasGold|MakeItRain,ShadowBall,NastyPlot,Protect||||||50|,,,,,Steel]Whimsicott||CovertCloak|Prankster|Tailwind,Encore,FakeTears,Moonblast|||M|||50|,,,,,Dark]Sneasler||FocusSash|PoisonTouch|DireClaw,CloseCombat,ThroatChop,Protect|||F|||50|,,,,,Dark]Basculegion||ChoiceScarf|Adaptability|LastRespects,WaveCrash,AquaJet,FlipTurn|||M|||50|,,,,,Ghost]Hydreigon||ChoiceSpecs|Levitate|DarkPulse,DracoMeteor,Snarl,HeatWave|||F|||50|,,,,,Fire]Magmar||Eviolite|VitalSpirit|FollowMe,HeatWave,Taunt,Protect|||F|||50|,,,,,Ghost
|
|t:|1757124473
|teamsize|p1|4
|teamsize|p2|4
|start
|switch|p1a: Lilligant|Lilligant-Hisui, L50, F, shiny|100/100
|switch|p1b: Indeedee|Indeedee-F, L50, F, shiny|100/100
|switch|p2a: Sneasler|Sneasler, L50, F|100/100
|switch|p2b: Magmar|Magmar, L50, F|100/100
|-fieldstart|move: Psychic Terrain|[from] ability: Psychic Surge|[of] p1b: Indeedee
|turn|1
|
|t:|1757124515
|move|p2a: Sneasler|Protect|p2a: Sneasler
|-singleturn|p2a: Sneasler|Protect
|move|p1a: Lilligant|After You|p1b: Indeedee
|-activate|p1b: Indeedee|move: After You
|move|p1b: Indeedee|Trick Room|p1b: Indeedee
|-fieldstart|move: Trick Room|[of] p1b: Indeedee
|move|p2b: Magmar|Taunt|p1b: Indeedee
|-start|p1b: Indeedee|move: Taunt
|
|upkeep
|turn|2
|
|t:|1757124570
|move|p2b: Magmar|Follow Me|p2b: Magmar
|-singleturn|p2b: Magmar|move: Follow Me
|move|p1b: Indeedee|Alluring Voice|p2b: Magmar
|-resisted|p2b: Magmar
|-damage|p2b: Magmar|93/100
|move|p1a: Lilligant|Sleep Powder|p2b: Magmar
|-immune|p2b: Magmar|[from] ability: Vital Spirit
|move|p2a: Sneasler|Dire Claw|p1a: Lilligant
|-supereffective|p1a: Lilligant
|-enditem|p1a: Lilligant|Focus Sash
|-damage|p1a: Lilligant|1/100
|-status|p1a: Lilligant|par
|
|upkeep
|turn|3
|
|t:|1757124596
|move|p2b: Magmar|Follow Me|p2b: Magmar
|-singleturn|p2b: Magmar|move: Follow Me
|move|p1b: Indeedee|Alluring Voice|p2b: Magmar
|-resisted|p2b: Magmar
|-damage|p2b: Magmar|85/100
|move|p1a: Lilligant|Close Combat|p2b: Magmar
|-damage|p2b: Magmar|50/100
|-unboost|p1a: Lilligant|def|1
|-unboost|p1a: Lilligant|spd|1
|move|p2a: Sneasler|Throat Chop|p1b: Indeedee
|-supereffective|p1b: Indeedee
|-damage|p1b: Indeedee|25/100
|-start|p1b: Indeedee|Throat Chop|[silent]
|
|upkeep
|turn|4
|
|t:|1757124616
|switch|p1b: Reuniclus|Reuniclus, L50, M, shiny|100/100
|move|p2b: Magmar|Follow Me|p2b: Magmar
|-singleturn|p2b: Magmar|move: Follow Me
|move|p1a: Lilligant|Close Combat|p2b: Magmar
|-damage|p2b: Magmar|9/100
|-unboost|p1a: Lilligant|def|1
|-unboost|p1a: Lilligant|spd|1
|move|p2a: Sneasler|Dire Claw|p1b: Reuniclus
|-damage|p1b: Reuniclus|59/100
|-status|p1b: Reuniclus|psn|[from] ability: Poison Touch|[of] p2a: Sneasler
|
|upkeep
|turn|5
|
|t:|1757124654
|-terastallize|p2a: Sneasler|Dark
|cant|p1a: Lilligant|par
|move|p2b: Magmar|Protect|p2b: Magmar
|-singleturn|p2b: Magmar|Protect
|move|p1b: Reuniclus|Expanding Force|p2a: Sneasler|[spread] 
|-activate|p2b: Magmar|move: Protect
|-immune|p2a: Sneasler
|move|p2a: Sneasler|Dire Claw|p1a: Lilligant
|-supereffective|p1a: Lilligant
|-damage|p1a: Lilligant|0 fnt
|faint|p1a: Lilligant
|
|-fieldend|move: Trick Room
|-fieldend|move: Psychic Terrain
|upkeep
|
|t:|1757124661
|switch|p1a: Indeedee|Indeedee-F, L50, F, shiny|25/100
|-fieldstart|move: Psychic Terrain|[from] ability: Psychic Surge|[of] p1a: Indeedee
|turn|6
|
|t:|1757124680
|move|p2a: Sneasler|Throat Chop|p1a: Indeedee
|-supereffective|p1a: Indeedee
|-damage|p1a: Indeedee|0 fnt
|faint|p1a: Indeedee
|move|p2b: Magmar|Taunt|p1b: Reuniclus
|-start|p1b: Reuniclus|move: Taunt
|cant|p1b: Reuniclus|move: Taunt|Trick Room
|
|upkeep
|
|t:|1757124686
|switch|p1a: Torkoal|Torkoal, L50, M, shiny|100/100
|-weather|SunnyDay|[from] ability: Drought|[of] p1a: Torkoal
|turn|7
|
|t:|1757124693
|move|p2a: Sneasler|Close Combat|p1a: Torkoal
|-damage|p1a: Torkoal|55/100
|-unboost|p2a: Sneasler|def|1
|-unboost|p2a: Sneasler|spd|1
|move|p2b: Magmar|Heat Wave|p1a: Torkoal|[spread] p1a,p1b
|-resisted|p1a: Torkoal
|-damage|p1a: Torkoal|30/100
|-damage|p1b: Reuniclus|25/100 psn
|move|p1b: Reuniclus|Focus Blast|p2a: Sneasler|[miss]
|-miss|p1b: Reuniclus|p2a: Sneasler
|move|p1a: Torkoal|Heat Wave|p2a: Sneasler|[spread] p2a,p2b
|-resisted|p2b: Magmar
|-enditem|p2a: Sneasler|Focus Sash
|-damage|p2a: Sneasler|1/100
|-damage|p2b: Magmar|0 fnt
|faint|p2b: Magmar
|
|-weather|SunnyDay|[upkeep]
|upkeep
|
|t:|1757124707
|switch|p2b: Gholdengo|Gholdengo, L50|100/100
|turn|8
|
|t:|1757124715
|move|p2a: Sneasler|Close Combat|p1a: Torkoal
|-damage|p1a: Torkoal|0 fnt
|-unboost|p2a: Sneasler|def|1
|-unboost|p2a: Sneasler|spd|1
|faint|p1a: Torkoal
|move|p2b: Gholdengo|Shadow Ball|p1b: Reuniclus
|-supereffective|p1b: Reuniclus
|-damage|p1b: Reuniclus|0 fnt
|faint|p1b: Reuniclus
|
|win|sorecruiser
|raw|impno's rating: 1131 → 1107(-24 for losing)
|raw|sorecruiser's rating: 1146 → 1170(+24 for winning)
|c|☆sorecruiser|ggs
|c|☆impno|gg
