|j|☆ruki_gazer
|j|☆KodeBeast0526
|html|ruki_gazerKodeBeast0526    
|uhtml|bestof|Game 1 of a best-of-3
|t:|1757736872
|gametype|doubles
|player|p1|ruki_gazer|101|1186
|player|p2|KodeBeast0526|sailor|1149
|gen|9
|tier|[Gen 9] VGC 2025 Reg H (Bo3)
|rated|
|rule|Species Clause: Limit one of each Pokémon
|rule|Item Clause: Limit 1 of each item
|clearpoke
|poke|p1|Sneasler, L50, M|
|poke|p1|Kingambit, L50, F|
|poke|p1|Rillaboom, L50, F|
|poke|p1|Ursaluna-Bloodmoon, L50, M|
|poke|p1|Dragonite, L50, F|
|poke|p1|Magmar, L50, M|
|poke|p2|Excadrill, L50, M|
|poke|p2|Tyranitar, L50, M|
|poke|p2|Sneasler, L50, F|
|poke|p2|Indeedee, L50, M|
|poke|p2|Corviknight, L50, F|
|poke|p2|Annihilape, L50, F|
|teampreview|4
|showteam|p1|Sneasler||GrassySeed|Unburden|DireClaw,CloseCombat,Acrobatics,Protect|||M|||50|,,,,,Flying]Kingambit||BlackGlasses|Defiant|KowtowCleave,SuckerPunch,SwordsDance,Protect|||F|||50|,,,,,Water]Rillaboom||AssaultVest|GrassySurge|DrumBeating,GrassyGlide,HighHorsepower,FakeOut|||F|||50|,,,,,Fire]Ursaluna-Bloodmoon||FocusSash|MindsEye|BloodMoon,HyperVoice,EarthPower,Protect|||M|||50|,,,,,Normal]Dragonite||LoadedDice|Multiscale|ScaleShot,Haze,Tailwind,Protect|||F|||50|,,,,,Fairy]Magmar||Eviolite|VitalSpirit|Overheat,FollowMe,WillOWisp,Protect|||M|||50|,,,,,Ghost
|showteam|p2|Excadrill||FocusSash|SandRush|IronHead,HighHorsepower,Earthquake,Protect|||M|||50|,,,,,Stellar]Tyranitar||AssaultVest|SandStream|RockSlide,KnockOff,TeraBlast,LowKick|||M|||50|,,,,,Flying]Sneasler||PsychicSeed|Unburden|DireClaw,CloseCombat,ThroatChop,Protect|||F|||50|,,,,,Dark]Indeedee||ChoiceScarf|PsychicSurge|ExpandingForce,TeraBlast,Protect,Trick|||M|||50|,,,,,Psychic]Corviknight||Leftovers|MirrorArmor|BraveBird,BulkUp,Roost,Tailwind|||F|||50|,,,,,Dragon]Annihilape||SafetyGoggles|Defiant|CloseCombat,FinalGambit,RageFist,Taunt|||F|||50|,,,,,Water
|inactive|Battle timer is ON: inactive players will automatically lose when time's up. (requested by KodeBeast0526)
|
|t:|1757736956
|teamsize|p1|4
|teamsize|p2|4
|start
|switch|p1a: Magmar|Magmar, L50, M|100/100
|switch|p1b: Sneasler|Sneasler, L50, M|100/100
|switch|p2a: Annihilape|Annihilape, L50, F|100/100
|switch|p2b: Tyranitar|Tyranitar, L50, M, shiny|100/100
|-weather|Sandstorm|[from] ability: Sand Stream|[of] p2b: Tyranitar
|turn|1
|inactive|ruki_gazer has 30 seconds left.
|
|t:|1757736983
|-terastallize|p1a: Magmar|Ghost
|-terastallize|p2b: Tyranitar|Flying
|move|p1b: Sneasler|Protect|p1b: Sneasler
|-singleturn|p1b: Sneasler|Protect
|move|p2a: Annihilape|Final Gambit|p1a: Magmar
|-immune|p1a: Magmar
|move|p1a: Magmar|Will-O-Wisp|p2b: Tyranitar
|-status|p2b: Tyranitar|brn
|move|p2b: Tyranitar|Tera Blast|p1b: Sneasler|[anim] Tera Blast Flying
|-activate|p1b: Sneasler|move: Protect
|
|-weather|Sandstorm|[upkeep]
|-damage|p1b: Sneasler|95/100|[from] Sandstorm
|-damage|p1a: Magmar|95/100|[from] Sandstorm
|-damage|p2b: Tyranitar|95/100 brn|[from] Sandstorm
|-damage|p2b: Tyranitar|89/100 brn|[from] brn
|upkeep
|turn|2
|
|t:|1757737003
|switch|p1a: Rillaboom|Rillaboom, L50, F|100/100
|-fieldstart|move: Grassy Terrain|[from] ability: Grassy Surge|[of] p1a: Rillaboom
|-enditem|p1b: Sneasler|Grassy Seed
|-boost|p1b: Sneasler|def|1|[from] item: Grassy Seed
|move|p1b: Sneasler|Acrobatics|p2a: Annihilape
|-supereffective|p2a: Annihilape
|-damage|p2a: Annihilape|12/100
|move|p2a: Annihilape|Rage Fist|p1a: Rillaboom
|-damage|p1a: Rillaboom|58/100
|move|p2b: Tyranitar|Rock Slide|p1b: Sneasler|[spread] p1a,p1b
|-resisted|p1b: Sneasler
|-damage|p1a: Rillaboom|45/100
|-damage|p1b: Sneasler|88/100
|
|-weather|Sandstorm|[upkeep]
|-damage|p1b: Sneasler|82/100|[from] Sandstorm
|-damage|p1a: Rillaboom|38/100|[from] Sandstorm
|-damage|p2b: Tyranitar|83/100 brn|[from] Sandstorm
|-heal|p1b: Sneasler|88/100|[from] Grassy Terrain
|-heal|p2a: Annihilape|18/100|[from] Grassy Terrain
|-heal|p1a: Rillaboom|45/100|[from] Grassy Terrain
|-damage|p2b: Tyranitar|77/100 brn|[from] brn
|upkeep
|turn|3
|inactive|ruki_gazer has 30 seconds left.
|inactive|KodeBeast0526 has 30 seconds left.
|
|t:|1757737033
|move|p1a: Rillaboom|Fake Out|p2b: Tyranitar
|-damage|p2b: Tyranitar|67/100 brn
|move|p1b: Sneasler|Dire Claw|p2a: Annihilape
|-resisted|p2a: Annihilape
|-damage|p2a: Annihilape|0 fnt
|faint|p2a: Annihilape
|cant|p2b: Tyranitar|flinch
|
|-weather|Sandstorm|[upkeep]
|-damage|p1b: Sneasler|82/100|[from] Sandstorm
|-damage|p1a: Rillaboom|38/100|[from] Sandstorm
|-damage|p2b: Tyranitar|61/100 brn|[from] Sandstorm
|-heal|p1b: Sneasler|88/100|[from] Grassy Terrain
|-heal|p1a: Rillaboom|45/100|[from] Grassy Terrain
|-damage|p2b: Tyranitar|56/100 brn|[from] brn
|upkeep
|
|t:|1757737043
|switch|p2a: Indeedee|Indeedee, L50, M, shiny|100/100
|-fieldstart|move: Psychic Terrain|[from] ability: Psychic Surge|[of] p2a: Indeedee
|turn|4
|
|t:|1757737051
|switch|p1a: Magmar|Magmar, L50, M, tera:Ghost|95/100
|move|p1b: Sneasler|Protect|p1b: Sneasler
|-singleturn|p1b: Sneasler|Protect
|move|p2a: Indeedee|Expanding Force|p1a: Magmar|[spread] p1a
|-activate|p1b: Sneasler|move: Protect
|-damage|p1a: Magmar|49/100
|move|p2b: Tyranitar|Rock Slide|p1b: Sneasler|[spread] p1a
|-activate|p1b: Sneasler|move: Protect
|-damage|p1a: Magmar|36/100
|
|-weather|Sandstorm|[upkeep]
|-damage|p1b: Sneasler|82/100|[from] Sandstorm
|-damage|p2a: Indeedee|95/100|[from] Sandstorm
|-damage|p1a: Magmar|30/100|[from] Sandstorm
|-damage|p2b: Tyranitar|50/100 brn|[from] Sandstorm
|-damage|p2b: Tyranitar|44/100 brn|[from] brn
|upkeep
|turn|5
|
|t:|1757737071
|switch|p2a: Sneasler|Sneasler, L50, F, shiny|100/100
|-enditem|p2a: Sneasler|Psychic Seed
|-boost|p2a: Sneasler|spd|1|[from] item: Psychic Seed
|switch|p1a: Rillaboom|Rillaboom, L50, F|45/100
|-fieldstart|move: Grassy Terrain|[from] ability: Grassy Surge|[of] p1a: Rillaboom
|move|p1b: Sneasler|Acrobatics|p2a: Sneasler
|-supereffective|p2a: Sneasler
|-damage|p2a: Sneasler|0 fnt
|faint|p2a: Sneasler
|move|p2b: Tyranitar|Knock Off|p1a: Rillaboom
|-damage|p1a: Rillaboom|20/100
|-enditem|p1a: Rillaboom|Assault Vest|[from] move: Knock Off|[of] p2b: Tyranitar
|
|-weather|none
|-heal|p1b: Sneasler|88/100|[from] Grassy Terrain
|-heal|p1a: Rillaboom|26/100|[from] Grassy Terrain
|-damage|p2b: Tyranitar|38/100 brn|[from] brn
|upkeep
|
|t:|1757737087
|switch|p2a: Indeedee|Indeedee, L50, M, shiny|95/100
|-fieldstart|move: Psychic Terrain|[from] ability: Psychic Surge|[of] p2a: Indeedee
|turn|6
|
|t:|1757737094
|switch|p1a: Magmar|Magmar, L50, M, tera:Ghost|30/100
|move|p1b: Sneasler|Protect|p1b: Sneasler
|-singleturn|p1b: Sneasler|Protect
|move|p2a: Indeedee|Expanding Force|p1b: Sneasler|[spread] p1a
|-activate|p1b: Sneasler|move: Protect
|-damage|p1a: Magmar|0 fnt
|faint|p1a: Magmar
|move|p2b: Tyranitar|Knock Off|p1b: Sneasler
|-activate|p1b: Sneasler|move: Protect
|
|-damage|p2b: Tyranitar|32/100 brn|[from] brn
|upkeep
|
|t:|1757737107
|switch|p1a: Rillaboom|Rillaboom, L50, F|26/100
|-fieldstart|move: Grassy Terrain|[from] ability: Grassy Surge|[of] p1a: Rillaboom
|turn|7
|
|t:|1757737120
|move|p1a: Rillaboom|Fake Out|p2b: Tyranitar
|-damage|p2b: Tyranitar|22/100 brn
|move|p1b: Sneasler|Acrobatics|p2a: Indeedee
|-damage|p2a: Indeedee|4/100
|move|p2a: Indeedee|Expanding Force|p1b: Sneasler
|-supereffective|p1b: Sneasler
|-damage|p1b: Sneasler|0 fnt
|faint|p1b: Sneasler
|cant|p2b: Tyranitar|flinch
|
|-heal|p2a: Indeedee|10/100|[from] Grassy Terrain
|-heal|p1a: Rillaboom|32/100|[from] Grassy Terrain
|-damage|p2b: Tyranitar|17/100 brn|[from] brn
|upkeep
|
|t:|1757737132
|switch|p1b: Dragonite|Dragonite, L50, F|100/100
|turn|8
|
|t:|1757737137
|move|p1a: Rillaboom|Grassy Glide|p2a: Indeedee
|-damage|p2a: Indeedee|0 fnt
|faint|p2a: Indeedee
|move|p1b: Dragonite|Scale Shot|p2b: Tyranitar
|-damage|p2b: Tyranitar|3/100 brn
|-damage|p2b: Tyranitar|0 fnt
|faint|p2b: Tyranitar
|-hitcount|p2: Tyranitar|2
|
|win|ruki_gazer
||KodeBeast0526 is ready for game 2.
||ruki_gazer is ready for game 2.
|uhtml|next|Next: Game 2 of 3
|l|☆ruki_gazer
|player|p1|
|l|☆KodeBeast0526
|player|p2|
