|j|ŌśåRean412
|j|ŌśåBroscoeFlames
|html|Rean412BroscoeFlames    
|uhtml|bestof|Game 2 of a best-of-3
|t:|1756343350
|gametype|doubles
|player|p1|Rean412|2|1056
|player|p2|BroscoeFlames|169|1117
|gen|9
|tier|[Gen 9] VGC 2025 Reg H (Bo3)
|rated|
|rule|Species Clause: Limit one of each Pok├®mon
|rule|Item Clause: Limit 1 of each item
|clearpoke
|poke|p1|Grimmsnarl, L50, M|
|poke|p1|Incineroar, L50, M|
|poke|p1|Gastrodon-East, L50, F|
|poke|p1|Annihilape, L50, M|
|poke|p1|Archaludon, L50, F|
|poke|p1|Whimsicott, L50, M|
|poke|p2|Volcarona, L50, M|
|poke|p2|Gholdengo, L50|
|poke|p2|Electabuzz, L50, M|
|poke|p2|Rillaboom, L50, F|
|poke|p2|Dragonite, L50, F|
|poke|p2|Sneasler, L50, M|
|teampreview|4
|showteam|p1|Grimmsnarl||CovertCloak|Prankster|SpiritBreak,LightScreen,Reflect,MistyTerrain|||M|||50|,,,,,Ghost]Incineroar||SafetyGoggles|Intimidate|FakeOut,KnockOff,Taunt,PartingShot|||M|||50|,,,,,Ghost]Gastrodon-East||Leftovers|StormDrain|EarthPower,MuddyWater,Recover,Protect|||F|||50|,,,,,Poison]Annihilape||SitrusBerry|Defiant|Protect,BulkUp,DrainPunch,RageFist|||M|||50|,,,,,Fire]Archaludon||PowerHerb|Stamina|DragonPulse,ElectroShot,BodyPress,FlashCannon|||F|||50|,,,,,Electric]Whimsicott||FocusSash|Prankster|Moonblast,BeatUp,Tailwind,Encore|||M|||50|,,,,,Steel
|showteam|p2|Volcarona||SitrusBerry|FlameBody|HeatWave,GigaDrain,QuiverDance,Protect|||M|||50|,,,,,Grass]Gholdengo||LifeOrb|GoodasGold|NastyPlot,MakeItRain,ShadowBall,Protect||||||50|,,,,,Water]Electabuzz||Eviolite|VitalSpirit|Thunderbolt,ThunderWave,FollowMe,Taunt|||M|||50|,,,,,Ghost]Rillaboom||AssaultVest|GrassySurge|FakeOut,GrassyGlide,WoodHammer,HighHorsepower|||F|||50|,,,,,Fire]Dragonite||LoadedDice|InnerFocus|Haze,ScaleShot,ExtremeSpeed,Tailwind|||F|||50|,,,,,Fairy]Sneasler||GrassySeed|Unburden|DireClaw,CloseCombat,Protect,ThroatChop|||M|||50|,,,,,Dark
|c|ŌśåRean412|GLHF
|c|ŌśåBroscoeFlames|glhf!
|
|t:|1756343395
|teamsize|p1|4
|teamsize|p2|4
|start
|switch|p1a: Grimmsnarl|Grimmsnarl, L50, M|100/100
|switch|p1b: Archaludon|Archaludon, L50, F|100/100
|switch|p2a: Volcarona|Volcarona, L50, M|100/100
|switch|p2b: Electabuzz|Electabuzz, L50, M|100/100
|turn|1
|c|ŌśåRean412|I like this game but I really suck at it
|c|ŌśåBroscoeFlames|I've been struggling to find my pittsburgh team
|
|t:|1756343444
|switch|p1b: Annihilape|Annihilape, L50, M|100/100
|move|p1a: Grimmsnarl|Misty Terrain|p1a: Grimmsnarl
|-fieldstart|move: Misty Terrain
|move|p2a: Volcarona|Quiver Dance|p2a: Volcarona
|-boost|p2a: Volcarona|spa|1
|-boost|p2a: Volcarona|spd|1
|-boost|p2a: Volcarona|spe|1
|move|p2b: Electabuzz|Thunder Wave|p1b: Annihilape|[miss]
|-miss|p2b: Electabuzz|p1b: Annihilape
|
|upkeep
|turn|2
|
|t:|1756343461
|move|p1a: Grimmsnarl|Light Screen|p1a: Grimmsnarl
|-sidestart|p1: Rean412|move: Light Screen
|move|p2a: Volcarona|Quiver Dance|p2a: Volcarona
|-boost|p2a: Volcarona|spa|1
|-boost|p2a: Volcarona|spd|1
|-boost|p2a: Volcarona|spe|1
|move|p1b: Annihilape|Drain Punch|p2b: Electabuzz
|-damage|p2b: Electabuzz|75/100
|move|p2b: Electabuzz|Taunt|p1b: Annihilape
|-start|p1b: Annihilape|move: Taunt
|
|upkeep
|turn|3
|c|ŌśåRean412|I donŌĆÖt even play competitively.
|
|t:|1756343496
|-terastallize|p1b: Annihilape|Fire
|move|p2b: Electabuzz|Follow Me|p2b: Electabuzz
|-singleturn|p2b: Electabuzz|move: Follow Me
|move|p2a: Volcarona|Quiver Dance|p2a: Volcarona
|-boost|p2a: Volcarona|spa|1
|-boost|p2a: Volcarona|spd|1
|-boost|p2a: Volcarona|spe|1
|move|p1b: Annihilape|Drain Punch|p2b: Electabuzz
|-damage|p2b: Electabuzz|50/100
|move|p1a: Grimmsnarl|Spirit Break|p2b: Electabuzz
|-damage|p2b: Electabuzz|29/100
|-unboost|p2b: Electabuzz|spa|1
|
|upkeep
|turn|4
|
|t:|1756343517
|move|p2b: Electabuzz|Follow Me|p2b: Electabuzz
|-singleturn|p2b: Electabuzz|move: Follow Me
|move|p2a: Volcarona|Heat Wave|p1b: Annihilape|[spread] p1a,p1b
|-resisted|p1b: Annihilape
|-damage|p1a: Grimmsnarl|41/100
|-damage|p1b: Annihilape|75/100
|move|p1b: Annihilape|Rage Fist|p2b: Electabuzz
|-damage|p2b: Electabuzz|0 fnt
|faint|p2b: Electabuzz
|move|p1a: Grimmsnarl|Spirit Break|p2a: Volcarona
|-resisted|p2a: Volcarona
|-damage|p2a: Volcarona|82/100
|-unboost|p2a: Volcarona|spa|1
|
|upkeep
|c|ŌśåRean412|I am so dead
|
|t:|1756343543
|switch|p2b: Sneasler|Sneasler, L50, M|100/100
|turn|5
|c|ŌśåRean412|I just have 0 ways to not let you get quiver dances off
|c|ŌśåBroscoeFlames|we'll see!
|
|t:|1756343567
|move|p1a: Grimmsnarl|Reflect|p1a: Grimmsnarl
|-sidestart|p1: Rean412|Reflect
|move|p2a: Volcarona|Heat Wave|p1b: Annihilape|[spread] p1b
|-miss|p2a: Volcarona|p1a: Grimmsnarl
|-resisted|p1b: Annihilape
|-damage|p1b: Annihilape|55/100
|move|p2b: Sneasler|Close Combat|p1b: Annihilape
|-damage|p1b: Annihilape|9/100
|-unboost|p2b: Sneasler|def|1
|-unboost|p2b: Sneasler|spd|1
|-enditem|p1b: Annihilape|Sitrus Berry|[eat]
|-heal|p1b: Annihilape|34/100|[from] item: Sitrus Berry
|move|p1b: Annihilape|Rage Fist|p2a: Volcarona
|-damage|p2a: Volcarona|0 fnt
|faint|p2a: Volcarona
|
|-end|p1b: Annihilape|move: Taunt
|-fieldend|Misty Terrain
|upkeep
|
|t:|1756343584
|switch|p2a: Gholdengo|Gholdengo, L50, shiny|100/100
|turn|6
|
|t:|1756343601
|move|p1b: Annihilape|Protect|p1b: Annihilape
|-singleturn|p1b: Annihilape|Protect
|move|p1a: Grimmsnarl|Misty Terrain|p1a: Grimmsnarl
|-fieldstart|move: Misty Terrain
|move|p2b: Sneasler|Close Combat|p1b: Annihilape
|-activate|p1b: Annihilape|move: Protect
|move|p2a: Gholdengo|Nasty Plot|p2a: Gholdengo
|-boost|p2a: Gholdengo|spa|2
|
|-sideend|p1: Rean412|move: Light Screen
|upkeep
|turn|7
|
|t:|1756343628
|switch|p1b: Archaludon|Archaludon, L50, F|100/100
|move|p2b: Sneasler|Close Combat|p1b: Archaludon
|-supereffective|p1b: Archaludon
|-damage|p1b: Archaludon|30/100
|-unboost|p2b: Sneasler|def|1
|-unboost|p2b: Sneasler|spd|1
|-ability|p1b: Archaludon|Stamina|boost
|-boost|p1b: Archaludon|def|1
|move|p2a: Gholdengo|Nasty Plot|p2a: Gholdengo
|-boost|p2a: Gholdengo|spa|2
|move|p1a: Grimmsnarl|Spirit Break|p2b: Sneasler
|-damage|p2b: Sneasler|0 fnt
|faint|p2b: Sneasler
|
|upkeep
|turn|8
|c|ŌśåBroscoeFlames|that might be gg!
|
|t:|1756343651
|move|p1a: Grimmsnarl|Light Screen|p1a: Grimmsnarl
|-sidestart|p1: Rean412|move: Light Screen
|move|p2a: Gholdengo|Make It Rain|p1a: Grimmsnarl|[spread] p1a,p1b
|-supereffective|p1a: Grimmsnarl
|-resisted|p1b: Archaludon
|-damage|p1a: Grimmsnarl|0 fnt
|-damage|p1b: Archaludon|0 fnt
|-unboost|p2a: Gholdengo|spa|1
|faint|p1a: Grimmsnarl
|faint|p1b: Archaludon
|-damage|p2a: Gholdengo|91/100|[from] item: Life Orb
|
|upkeep
|
|t:|1756343661
|switch|p1b: Annihilape|Annihilape, L50, M, tera:Fire|34/100
|switch|p1a: Whimsicott|Whimsicott, L50, M|100/100
|turn|9
|
|t:|1756343668
|move|p1a: Whimsicott|Tailwind|p1a: Whimsicott
|-sidestart|p1: Rean412|move: Tailwind
|move|p1b: Annihilape|Rage Fist|p2a: Gholdengo
|-supereffective|p2a: Gholdengo
|-damage|p2a: Gholdengo|0 fnt
|faint|p2a: Gholdengo
|
|win|Rean412
||Rean412 is ready for game 3.
||BroscoeFlames is ready for game 3.
|uhtml|next|Next: Game 3 of 3
|l|ŌśåRean412
|player|p1|
