|j|☆Zzag
|j|☆azuree turtle
|html|Zzagazuree turtle    
|uhtml|bestof|Game 2 of a best-of-3
|t:|1757817678
|gametype|doubles
|player|p1|Zzag|101|1230
|player|p2|azuree turtle|hilbert|1345
|gen|9
|tier|[Gen 9] VGC 2025 Reg H (Bo3)
|rated|
|rule|Species Clause: Limit one of each Pokémon
|rule|Item Clause: Limit 1 of each item
|clearpoke
|poke|p1|Pelipper, L50, M|
|poke|p1|Baxcalibur, L50, F|
|poke|p1|Dragonite, L50, F|
|poke|p1|Basculegion, L50, M|
|poke|p1|Amoonguss, L50, M|
|poke|p1|Incineroar, L50, M|
|poke|p2|Grimmsnarl, L50, M|
|poke|p2|Volcarona, L50, M|
|poke|p2|Indeedee, L50, M|
|poke|p2|Sneasler, L50, M|
|poke|p2|Dondozo, L50, M|
|poke|p2|Tatsugiri, L50, M|
|teampreview|4
|showteam|p1|Pelipper||FocusSash|Drizzle|Hurricane,WeatherBall,Protect,Tailwind|||M|||50|,,,,,Stellar]Baxcalibur||DragonFang|ThermalExchange|IceShard,IcicleCrash,GlaiveRush,Protect|||F|||50|,,,,,Poison]Dragonite||LoadedDice|Multiscale|ScaleShot,IceSpinner,Haze,Protect|||F|||50|,,,,,Fairy]Basculegion||LifeOrb|SwiftSwim|LastRespects,WaveCrash,AquaJet,Protect|||M|||50|,,,,,Water]Amoonguss||SitrusBerry|Regenerator|Protect,PollenPuff,RagePowder,Spore|||M|||50|,,,,,Steel]Incineroar||AssaultVest|Intimidate|FakeOut,FlareBlitz,KnockOff,Uturn|||M|||50|,,,,,Grass
|showteam|p2|Grimmsnarl||LightClay|Prankster|SpiritBreak,Reflect,LightScreen,ThunderWave|||M|||50|,,,,,Ghost]Volcarona||SitrusBerry|FlameBody|StruggleBug,WillOWisp,RagePowder,Overheat|||M|||50|,,,,,Dragon]Indeedee||FocusSash|PsychicSurge|ExpandingForce,TeraBlast,HelpingHand,Protect|||M|||50|,,,,,Psychic]Sneasler||PsychicSeed|Unburden|DireClaw,CloseCombat,ToxicSpikes,Protect|||M|||50|,,,,,Dark]Dondozo||Leftovers|Unaware|OrderUp,Earthquake,Protect,Substitute|||M|||50|,,,,,Steel]Tatsugiri||SafetyGoggles|Commander|DracoMeteor,MuddyWater,HelpingHand,Protect|||M|||50|,,,,,Normal
|inactive|Battle timer is ON: inactive players will automatically lose when time's up. (requested by azuree turtle)
|inactive|Zzag has 60 seconds left.
|
|t:|1757817713
|teamsize|p1|4
|teamsize|p2|4
|start
|switch|p1a: Basculegion|Basculegion, L50, M|100/100
|switch|p1b: Pelipper|Pelipper, L50, M|100/100
|switch|p2a: Sneasler|Sneasler, L50, M|100/100
|switch|p2b: Indeedee|Indeedee, L50, M|100/100
|-fieldstart|move: Psychic Terrain|[from] ability: Psychic Surge|[of] p2b: Indeedee
|-enditem|p2a: Sneasler|Psychic Seed
|-boost|p2a: Sneasler|spd|1|[from] item: Psychic Seed
|-weather|RainDance|[from] ability: Drizzle|[of] p1b: Pelipper
|turn|1
|
|t:|1757817729
|move|p2a: Sneasler|Dire Claw|p1b: Pelipper
|-damage|p1b: Pelipper|46/100
|-status|p1b: Pelipper|slp
|move|p1a: Basculegion|Wave Crash|p2a: Sneasler
|-damage|p2a: Sneasler|0 fnt
|faint|p2a: Sneasler
|-damage|p1a: Basculegion|77/100|[from] Recoil
|-damage|p1a: Basculegion|67/100|[from] item: Life Orb
|move|p2b: Indeedee|Expanding Force|p1b: Pelipper|[spread] p1a,p1b
|-damage|p1a: Basculegion|15/100
|-damage|p1b: Pelipper|0 fnt
|faint|p1b: Pelipper
|
|-weather|RainDance|[upkeep]
|upkeep
|
|t:|1757817740
|switch|p2a: Tatsugiri|Tatsugiri, L50, M|100/100
|switch|p1b: Incineroar|Incineroar, L50, M|100/100
|-ability|p1b: Incineroar|Intimidate|boost
|-unboost|p2a: Tatsugiri|atk|1
|-unboost|p2b: Indeedee|atk|1
|turn|2
|
|t:|1757817757
|move|p2b: Indeedee|Helping Hand|p2a: Tatsugiri
|-singleturn|p2a: Tatsugiri|Helping Hand|[of] p2b: Indeedee
|move|p1a: Basculegion|Last Respects|p2a: Tatsugiri
|-damage|p2a: Tatsugiri|0 fnt
|faint|p2a: Tatsugiri
|-damage|p1a: Basculegion|5/100|[from] item: Life Orb
|move|p1b: Incineroar|Knock Off|p2b: Indeedee
|-supereffective|p2b: Indeedee
|-enditem|p2b: Indeedee|Focus Sash
|-damage|p2b: Indeedee|1/100
|
|-weather|RainDance|[upkeep]
|upkeep
|
|t:|1757817767
|switch|p2a: Dondozo|Dondozo, L50, M|100/100
|turn|3
|
|t:|1757817782
|move|p1a: Basculegion|Protect|p1a: Basculegion
|-singleturn|p1a: Basculegion|Protect
|move|p2b: Indeedee|Protect|p2b: Indeedee
|-singleturn|p2b: Indeedee|Protect
|move|p1b: Incineroar|U-turn|p2b: Indeedee
|-activate|p2b: Indeedee|move: Protect
|move|p2a: Dondozo|Earthquake|p1a: Basculegion|[spread] p1b
|-activate|p2b: Indeedee|move: Protect
|-activate|p1a: Basculegion|move: Protect
|-supereffective|p1b: Incineroar
|-damage|p1b: Incineroar|57/100
|
|-weather|RainDance|[upkeep]
|upkeep
|turn|4
|
|t:|1757817799
|switch|p1a: Amoonguss|Amoonguss, L50, M, shiny|100/100
|move|p2a: Dondozo|Protect|p2a: Dondozo
|-singleturn|p2a: Dondozo|Protect
|move|p2b: Indeedee|Expanding Force|p1b: Incineroar|[spread] p1a
|-immune|p1b: Incineroar
|-supereffective|p1a: Amoonguss
|-damage|p1a: Amoonguss|29/100
|-enditem|p1a: Amoonguss|Sitrus Berry|[eat]
|-heal|p1a: Amoonguss|54/100|[from] item: Sitrus Berry
|move|p1b: Incineroar|U-turn|p2b: Indeedee
|-supereffective|p2b: Indeedee
|-damage|p2b: Indeedee|0 fnt
|faint|p2b: Indeedee
|
|t:|1757817811
|switch|p1b: Basculegion|Basculegion, L50, M|5/100|[from] U-turn
|
|-weather|RainDance|[upkeep]
|upkeep
|turn|5
|
|t:|1757817823
|switch|p1b: Incineroar|Incineroar, L50, M|57/100
|-ability|p1b: Incineroar|Intimidate|boost
|-unboost|p2a: Dondozo|atk|1
|move|p2a: Dondozo|Earthquake|p1b: Incineroar|[spread] p1a,p1b
|-supereffective|p1b: Incineroar
|-damage|p1a: Amoonguss|39/100
|-damage|p1b: Incineroar|28/100
|move|p1a: Amoonguss|Spore|p2a: Dondozo
|-status|p2a: Dondozo|slp|[from] move: Spore
|
|-weather|none
|-fieldend|move: Psychic Terrain
|upkeep
|turn|6
|
|t:|1757817836
|move|p1b: Incineroar|Knock Off|p2a: Dondozo
|-damage|p2a: Dondozo|76/100 slp
|-enditem|p2a: Dondozo|Leftovers|[from] move: Knock Off|[of] p1b: Incineroar
|cant|p2a: Dondozo|slp
|move|p1a: Amoonguss|Pollen Puff|p1b: Incineroar
|-heal|p1b: Incineroar|78/100
|
|upkeep
|turn|7
|
|t:|1757817855
|move|p1b: Incineroar|Knock Off|p2a: Dondozo
|-damage|p2a: Dondozo|59/100 slp
|cant|p2a: Dondozo|slp
|move|p1a: Amoonguss|Pollen Puff|p1b: Incineroar
|-heal|p1b: Incineroar|100/100
|
|upkeep
|turn|8
|
|t:|1757817878
|-terastallize|p1b: Incineroar|Grass
|move|p1a: Amoonguss|Protect|p1a: Amoonguss
|-singleturn|p1a: Amoonguss|Protect
|move|p1b: Incineroar|Flare Blitz|p2a: Dondozo
|-resisted|p2a: Dondozo
|-damage|p2a: Dondozo|42/100 slp
|-damage|p1b: Incineroar|94/100|[from] Recoil
|-curestatus|p2a: Dondozo|slp|[msg]
|move|p2a: Dondozo|Earthquake|p1a: Amoonguss|[spread] p1b
|-activate|p1a: Amoonguss|move: Protect
|-resisted|p1b: Incineroar
|-damage|p1b: Incineroar|87/100
|
|upkeep
|turn|9
|
|t:|1757817902
|move|p1b: Incineroar|Knock Off|p2a: Dondozo
|-damage|p2a: Dondozo|24/100
|move|p2a: Dondozo|Substitute|p2a: Dondozo
|-fail|p2a: Dondozo|move: Substitute|[weak]
|move|p1a: Amoonguss|Spore|p2a: Dondozo
|-status|p2a: Dondozo|slp|[from] move: Spore
|
|upkeep
|turn|10
|
|t:|1757817912
|switch|p1a: Basculegion|Basculegion, L50, M|5/100
|move|p1b: Incineroar|Knock Off|p2a: Dondozo
|-damage|p2a: Dondozo|6/100 slp
|cant|p2a: Dondozo|slp
|
|upkeep
|turn|11
|
|t:|1757817925
|move|p1b: Incineroar|U-turn|p2a: Dondozo
|-damage|p2a: Dondozo|0 fnt
|faint|p2a: Dondozo
|
|win|Zzag
|raw|Zzag's rating: 1230 → 1263(+33 for winning)
|raw|azuree turtle's rating: 1345 → 1319(-26 for losing)
|l|☆azuree turtle
|player|p2|
