|j|☆Rodrilovespokemon
|j|☆ninha1600
|html|Rodrilovespokemonninha1600    
|uhtml|bestof|Game 2 of a best-of-3
|t:|1756982500
|gametype|doubles
|player|p1|Rodrilovespokemon|266|1022
|player|p2|ninha1600|lady|1102
|gen|9
|tier|[Gen 9] VGC 2025 Reg H (Bo3)
|rated|
|rule|Species Clause: Limit one of each Pokémon
|rule|Item Clause: Limit 1 of each item
|clearpoke
|poke|p1|Archaludon, L50, F|
|poke|p1|Basculegion, L50, M|
|poke|p1|Pelipper, L50, M|
|poke|p1|Amoonguss, L50, M|
|poke|p1|Incineroar, L50, F|
|poke|p1|Maushold, L50|
|poke|p2|Dragonite, L50, M|
|poke|p2|Gholdengo, L50|
|poke|p2|Rillaboom, L50, M|
|poke|p2|Arcanine-Hisui, L50, M|
|poke|p2|Annihilape, L50, M|
|poke|p2|Murkrow, L50, F|
|teampreview|4
|showteam|p1|Archaludon||AssaultVest|Stamina|ElectroShot,DragonPulse,FlashCannon,BodyPress|||F|||50|,,,,,Grass]Basculegion||MysticWater|SwiftSwim|Protect,WaveCrash,AquaJet,LastRespects|||M|||50|,,,,,Water]Pelipper||FocusSash|Drizzle|Hurricane,WeatherBall,Tailwind,Protect|||M|||50|,,,,,Ghost]Amoonguss||SitrusBerry|Regenerator|Spore,RagePowder,PollenPuff,ClearSmog|||M|||50|,,,,,Water]Incineroar||SafetyGoggles|Intimidate|FakeOut,FlareBlitz,KnockOff,PartingShot|||F|||50|,,,,,Ghost]Maushold||WideLens|Technician|PopulationBomb,FollowMe,Taunt,Protect||||||50|,,,,,Grass
|showteam|p2|Dragonite||LoadedDice|Multiscale|Protect,ScaleShot,LowKick,ExtremeSpeed|||M|||50|,,,,,Fairy]Gholdengo||ChoiceSpecs|GoodasGold|Thunderbolt,PowerGem,MakeItRain,ShadowBall||||||50|,,,,,Steel]Rillaboom||AssaultVest|GrassySurge|FakeOut,HighHorsepower,WoodHammer,GrassyGlide|||M|||50|,,,,,Fire]Arcanine-Hisui||ClearAmulet|Intimidate|Protect,FlareBlitz,RockSlide,ExtremeSpeed|||M|||50|,,,,,Water]Annihilape||FocusSash|Defiant|Coaching,CloseCombat,RageFist,FinalGambit|||M|||50|,,,,,Stellar]Murkrow||Eviolite|Prankster|Haze,Tailwind,FoulPlay,Taunt|||F|||50|,,,,,Ghost
|inactive|Battle timer is ON: inactive players will automatically lose when time's up. (requested by Rodrilovespokemon)
|
|t:|1756982536
|teamsize|p1|4
|teamsize|p2|4
|start
|switch|p1a: Maushold|Maushold, L50|100/100
|switch|p1b: Amoonguss|Amoonguss, L50, M|100/100
|switch|p2a: Dragonite|Dragonite, L50, M|100/100
|switch|p2b: Annihilape|Annihilape, L50, M|100/100
|turn|1
|inactive|ninha1600 has 30 seconds left.
|
|t:|1756982568
|move|p1a: Maushold|Population Bomb|p2a: Dragonite
|-damage|p2a: Dragonite|94/100
|-damage|p2a: Dragonite|81/100
|-damage|p2a: Dragonite|68/100
|-damage|p2a: Dragonite|55/100
|-damage|p2a: Dragonite|43/100
|-damage|p2a: Dragonite|29/100
|-damage|p2a: Dragonite|15/100
|-damage|p2a: Dragonite|2/100
|-damage|p2a: Dragonite|0 fnt
|faint|p2a: Dragonite
|-hitcount|p2: Dragonite|9
|move|p2b: Annihilape|Coaching|p2: Dragonite|[notarget]
|-fail|p2b: Annihilape
|move|p1b: Amoonguss|Spore|p2b: Annihilape
|-status|p2b: Annihilape|slp|[from] move: Spore
|
|upkeep
|
|t:|1756982586
|switch|p2a: Gholdengo|Gholdengo, L50|100/100
|turn|2
|
|t:|1756982607
|move|p1a: Maushold|Protect|p1a: Maushold
|-singleturn|p1a: Maushold|Protect
|cant|p2b: Annihilape|slp
|move|p2a: Gholdengo|Make It Rain|p1b: Amoonguss|[spread] p1b
|-activate|p1a: Maushold|move: Protect
|-damage|p1b: Amoonguss|42/100
|-unboost|p2a: Gholdengo|spa|1
|-enditem|p1b: Amoonguss|Sitrus Berry|[eat]
|-heal|p1b: Amoonguss|67/100|[from] item: Sitrus Berry
|move|p1b: Amoonguss|Spore|p2a: Gholdengo
|-immune|p2a: Gholdengo|[from] ability: Good as Gold
|
|upkeep
|turn|3
|inactive|Rodrilovespokemon has 30 seconds left.
|
|t:|1756982639
|move|p1a: Maushold|Population Bomb|p2a: Gholdengo
|-immune|p2a: Gholdengo
|cant|p2b: Annihilape|slp
|move|p2a: Gholdengo|Make It Rain|p1a: Maushold|[spread] p1a,p1b
|-damage|p1a: Maushold|32/100
|-damage|p1b: Amoonguss|29/100
|-unboost|p2a: Gholdengo|spa|1
|move|p1b: Amoonguss|Pollen Puff|p2b: Annihilape
|-resisted|p2b: Annihilape
|-damage|p2b: Annihilape|96/100 slp
|
|upkeep
|turn|4
|inactive|Rodrilovespokemon has 30 seconds left.
|inactive|ninha1600 has 30 seconds left.
|
|t:|1756982666
|move|p1a: Maushold|Taunt|p2b: Annihilape
|-start|p2b: Annihilape|move: Taunt
|cant|p2b: Annihilape|slp
|move|p2a: Gholdengo|Make It Rain|p1a: Maushold|[spread] p1a,p1b
|-damage|p1a: Maushold|0 fnt
|-damage|p1b: Amoonguss|0 fnt
|-unboost|p2a: Gholdengo|spa|1
|faint|p1a: Maushold
|faint|p1b: Amoonguss
|
|upkeep
|
|t:|1756982674
|switch|p1a: Pelipper|Pelipper, L50, M|100/100
|switch|p1b: Archaludon|Archaludon, L50, F|100/100
|-weather|RainDance|[from] ability: Drizzle|[of] p1a: Pelipper
|turn|5
|inactive|ninha1600 has 30 seconds left.
|
|t:|1756982705
|-curestatus|p2b: Annihilape|slp|[msg]
|move|p2b: Annihilape|Final Gambit|p1b: Archaludon
|-damage|p1b: Archaludon|0 fnt
|faint|p2b: Annihilape
|faint|p1b: Archaludon
|move|p2a: Gholdengo|Make It Rain|p1a: Pelipper
|-resisted|p1a: Pelipper
|-damage|p1a: Pelipper|69/100
|-unboost|p2a: Gholdengo|spa|1
|move|p1a: Pelipper|Tailwind|p1a: Pelipper
|-sidestart|p1: Rodrilovespokemon|move: Tailwind
|
|-weather|RainDance|[upkeep]
|upkeep
|
|t:|1756982718
|switch|p2b: Murkrow|Murkrow, L50, F, shiny|100/100
|turn|6
|
|t:|1756982739
|-terastallize|p1a: Pelipper|Ghost
|-terastallize|p2a: Gholdengo|Steel
|move|p2b: Murkrow|Haze|p2b: Murkrow
|-clearallboost
|move|p1a: Pelipper|Weather Ball|p2a: Gholdengo
|-damage|p2a: Gholdengo|25/100
|move|p2a: Gholdengo|Make It Rain|p1a: Pelipper
|-crit|p1a: Pelipper
|-damage|p1a: Pelipper|0 fnt
|-unboost|p2a: Gholdengo|spa|1
|faint|p1a: Pelipper
|
|win|ninha1600
|raw|Rodrilovespokemon's rating: 1022 → 1012(-10 for losing)
|raw|ninha1600's rating: 1102 → 1121(+19 for winning)
|l|☆Rodrilovespokemon
|player|p1|
