|j|☆KodeBeast0526
|j|☆Gozante
|html|KodeBeast0526Gozante    
|uhtml|bestof|Game 1 of a best-of-3
|t:|1783992286
|gametype|doubles
|player|p1|KodeBeast0526|hiker|1264
|player|p2|Gozante|1|1465
|gen|9
|tier|[Gen 9 Champions] VGC 2026 Reg M-B (Bo3)
|rated|
|rule|Species Clause: Limit one of each Pokémon
|rule|Item Clause: Limit 1 of each item
|clearpoke
|poke|p1|Aerodactyl, L50, M, shiny|
|poke|p1|Kingambit, L50, M, shiny|
|poke|p1|Garchomp, L50, M, shiny|
|poke|p1|Charizard, L50, M, shiny|
|poke|p1|Incineroar, L50, M, shiny|
|poke|p1|Metagross, L50, shiny|
|poke|p2|Floette-Eternal, L50, F|
|poke|p2|Delphox, L50, M|
|poke|p2|Sneasler, L50, F|
|poke|p2|Incineroar, L50, M|
|poke|p2|Kingambit, L50, F|
|poke|p2|Sinistcha, L50|
|teampreview|4
|showteam|p1|Aerodactyl||FocusSash|Unnerve|RockSlide,IceFang,Tailwind,WideGuard|Jolly||M|||50|]Kingambit||BlackGlasses|Defiant|KowtowCleave,SuckerPunch,IronHead,Protect|Adamant||M|||50|]Garchomp||LifeOrb|RoughSkin|Earthquake,DragonClaw,StompingTantrum,Protect|Jolly||M|||50|]Charizard||CharizarditeY|Blaze|Protect,HeatWave,SolarBeam,WeatherBall|Modest||M|||50|]Incineroar||SitrusBerry|Intimidate|DarkestLariat,FlareBlitz,FakeOut,PartingShot|Impish||M|||50|]Metagross||Metagrossite|ClearBody|BodyPress,IronHead,PsychicFangs,Protect|Adamant|||||50|
|showteam|p2|Floette-Eternal||Floettite|FlowerVeil|Protect,CalmMind,DazzlingGleam,Moonblast|Modest||F|||50|]Delphox||Delphoxite|Blaze|Protect,NastyPlot,Psychic,HeatWave|Modest||M|||50|]Sneasler||FocusSash|PoisonTouch|FakeOut,PoisonJab,CloseCombat,RockTomb|Jolly||F|||50|]Incineroar||SitrusBerry|Intimidate|FakeOut,HelpingHand,PartingShot,FlareBlitz|Careful||M|||50|]Kingambit||LifeOrb|Defiant|Protect,SwordsDance,SuckerPunch,KowtowCleave|Adamant||F|||50|]Sinistcha||ColburBerry|Hospitality|Protect,TrickRoom,RagePowder,MatchaGotcha|Bold|||||50|
|
|t:|1783992349
|teamsize|p1|4
|teamsize|p2|4
|start
|switch|p1a: Aerodactyl|Aerodactyl, L50, M, shiny|100/100
|switch|p1b: Metagross|Metagross, L50, shiny|100/100
|switch|p2a: Sneasler|Sneasler, L50, F|100/100
|switch|p2b: Floette|Floette-Eternal, L50, F|100/100
|-ability|p1a: Aerodactyl|Unnerve
|turn|1
|
|t:|1783992388
|detailschange|p1b: Metagross|Metagross-Mega, L50, shiny
|-mega|p1b: Metagross|Metagross|Metagrossite
|move|p2b: Floette|Protect|p2b: Floette
|-singleturn|p2b: Floette|Protect
|move|p2a: Sneasler|Fake Out|p1a: Aerodactyl
|-resisted|p1a: Aerodactyl|1
|-damage|p1a: Aerodactyl|89/100
|-status|p1a: Aerodactyl|psn|[from] ability: Poison Touch|[of] p2a: Sneasler
|cant|p1a: Aerodactyl|flinch
|move|p1b: Metagross|Psychic Fangs|p2a: Sneasler
|-supereffective|p2a: Sneasler|2
|-enditem|p2a: Sneasler|Focus Sash
|-damage|p2a: Sneasler|1/100
|
|-damage|p1a: Aerodactyl|77/100 psn|[from] psn
|upkeep
|turn|2
|
|t:|1783992412
|switch|p2a: Incineroar|Incineroar, L50, M|100/100
|-ability|p2a: Incineroar|Intimidate|boost
|-unboost|p1a: Aerodactyl|atk|1
|-unboost|p1b: Metagross|atk|1
|switch|p2b: Sinistcha|Sinistcha, L50|100/100
|move|p1a: Aerodactyl|Tailwind|p1a: Aerodactyl
|-sidestart|p1: KodeBeast0526|move: Tailwind
|move|p1b: Metagross|Iron Head|p2b: Sinistcha
|-damage|p2b: Sinistcha|60/100
|
|-damage|p1a: Aerodactyl|65/100 psn|[from] psn
|upkeep
|turn|3
|
|t:|1783992428
|move|p2a: Incineroar|Fake Out|p1b: Metagross
|-resisted|p1b: Metagross|1
|-damage|p1b: Metagross|95/100
|move|p1a: Aerodactyl|Rock Slide|p2a: Incineroar|[spread] p2a,p2b
|-supereffective|p2a: Incineroar|1
|-damage|p2a: Incineroar|67/100
|-damage|p2b: Sinistcha|47/100
|cant|p1b: Metagross|flinch
|cant|p2b: Sinistcha|flinch
|
|-damage|p1a: Aerodactyl|52/100 psn|[from] psn
|upkeep
|turn|4
|
|t:|1783992457
|switch|p2a: Floette|Floette-Eternal, L50, F|100/100
|switch|p2b: Sneasler|Sneasler, L50, F|1/100
|move|p1a: Aerodactyl|Rock Slide|p2a: Floette|[spread] p2a,p2b
|-resisted|p2b: Sneasler|1
|-damage|p2a: Floette|79/100
|-damage|p2b: Sneasler|0 fnt
|faint|p2b: Sneasler
|move|p1b: Metagross|Psychic Fangs|p2a: Floette
|-damage|p2a: Floette|24/100
|
|-damage|p1a: Aerodactyl|40/100 psn|[from] psn
|upkeep
|inactive|Battle timer is ON: inactive players will automatically lose when time's up. (requested by KodeBeast0526)
|
|t:|1783992474
|switch|p2b: Incineroar|Incineroar, L50, M|67/100
|-ability|p2b: Incineroar|Intimidate|boost
|-unboost|p1a: Aerodactyl|atk|1
|-unboost|p1b: Metagross|atk|1
|turn|5
|
|t:|1783992479
|switch|p1b: Garchomp|Garchomp, L50, M, shiny|100/100
|switch|p2a: Sinistcha|Sinistcha, L50|47/100
|-heal|p2b: Incineroar|92/100|[from] ability: Hospitality|[of] p2a: Sinistcha
|move|p2b: Incineroar|Fake Out|p1b: Garchomp
|-damage|p1b: Garchomp|89/100
|-damage|p2b: Incineroar|79/100|[from] ability: Rough Skin|[of] p1b: Garchomp
|move|p1a: Aerodactyl|Rock Slide|p2a: Sinistcha|[spread] p2b
|-miss|p1a: Aerodactyl|p2a: Sinistcha
|-supereffective|p2b: Incineroar|1
|-damage|p2b: Incineroar|55/100
|
|-damage|p1a: Aerodactyl|28/100 psn|[from] psn
|-sideend|p1: KodeBeast0526|move: Tailwind
|upkeep
|turn|6
|
|t:|1783992491
|move|p2a: Sinistcha|Protect|p2a: Sinistcha
|-singleturn|p2a: Sinistcha|Protect
|move|p1a: Aerodactyl|Rock Slide|p2a: Sinistcha|[spread] p2b
|-activate|p2a: Sinistcha|move: Protect
|-supereffective|p2b: Incineroar|1
|-damage|p2b: Incineroar|31/100
|move|p1b: Garchomp|Earthquake|p2a: Sinistcha|[spread] p2b
|-activate|p2a: Sinistcha|move: Protect
|-immune|p1a: Aerodactyl
|-supereffective|p2b: Incineroar|1
|-damage|p2b: Incineroar|0 fnt
|faint|p2b: Incineroar
|-damage|p1b: Garchomp|79/100|[from] item: Life Orb
|
|-damage|p1a: Aerodactyl|16/100 psn|[from] psn
|upkeep
|
|t:|1783992506
|switch|p2b: Floette|Floette-Eternal, L50, F|24/100
|turn|7
|
|t:|1783992511
|detailschange|p2b: Floette|Floette-Mega, L50, F
|-mega|p2b: Floette|Floette|Floettite
|-ability|p2b: Floette|Fairy Aura
|move|p2b: Floette|Protect|p2b: Floette
|-singleturn|p2b: Floette|Protect
|move|p1a: Aerodactyl|Rock Slide|p2b: Floette|[spread] p2a
|-activate|p2b: Floette|move: Protect
|-damage|p2a: Sinistcha|36/100
|move|p1b: Garchomp|Earthquake|p2a: Sinistcha|[spread] p2a
|-activate|p2b: Floette|move: Protect
|-immune|p1a: Aerodactyl
|-resisted|p2a: Sinistcha|1
|-damage|p2a: Sinistcha|12/100
|-damage|p1b: Garchomp|69/100|[from] item: Life Orb
|move|p2a: Sinistcha|Trick Room|p2a: Sinistcha
|-fieldstart|move: Trick Room|[of] p2a: Sinistcha
|
|-damage|p1a: Aerodactyl|3/100 psn|[from] psn
|upkeep
|turn|8
|-message|Gozante forfeited.
|
|win|KodeBeast0526
|l|☆Gozante
|player|p2|
||Gozante is ready for game 2.
