|j|☆new mental
|j|☆raksbach
|html|new mentalraksbach    
|uhtml|bestof|Game 2 of a best-of-3
|t:|1785941057
|gametype|doubles
|player|p1|new mental|volkner|
|player|p2|raksbach|doubleteam|
|gen|9
|tier|[Gen 9 Champions] VGC 2026 Reg M-B (Bo3)
|rule|Species Clause: Limit one of each Pokémon
|rule|Item Clause: Limit 1 of each item
|clearpoke
|poke|p1|Charizard, L50, F|
|poke|p1|Garchomp, L50, F|
|poke|p1|Incineroar, L50, M|
|poke|p1|Venusaur, L50, M|
|poke|p1|Toxapex, L50, M|
|poke|p1|Sylveon, L50, M|
|poke|p2|Staraptor, L50, M|
|poke|p2|Glimmora, L50, F|
|poke|p2|Whimsicott, L50, F|
|poke|p2|Kingambit, L50, M|
|poke|p2|Garchomp, L50, M|
|poke|p2|Delphox, L50, M|
|teampreview|4
|showteam|p1|Charizard||CharizarditeY|Blaze|WeatherBall,HeatWave,AncientPower,Protect|Modest||F|||50|]Garchomp||ChoiceScarf|RoughSkin|RockSlide,DragonClaw,Earthquake,StompingTantrum|Adamant||F|||50|]Incineroar||SitrusBerry|Intimidate|FlareBlitz,FakeOut,DarkestLariat,PartingShot|Impish||M|||50|]Venusaur||LifeOrb|Chlorophyll|SludgeBomb,LeafStorm,EarthPower,Protect|Modest||M|||50|]Toxapex||Leftovers|Regenerator|Infestation,Toxic,WideGuard,BanefulBunker|Bold||M|||50|]Sylveon||FairyFeather|Pixilate|HyperVoice,QuickAttack,Yawn,Detect|Modest||M|||50|
|showteam|p2|Staraptor||Staraptite|Intimidate|CloseCombat,BraveBird,Roost,Protect|Jolly||M|||50|]Glimmora||FocusSash|ToxicDebris|PowerGem,SludgeBomb,EarthPower,SpikyShield|Modest||F|||50|]Whimsicott||OccaBerry|Prankster|Tailwind,Moonblast,Charm,LightScreen|Timid||F|||50|]Kingambit||ChopleBerry|Defiant|KowtowCleave,IronHead,LowKick,SuckerPunch|Adamant||M|||50|]Garchomp||LifeOrb|RoughSkin|Earthquake,DragonClaw,RockSlide,Protect|Adamant||M|||50|]Delphox||Delphoxite|Blaze|HeatWave,Psychic,Encore,Protect|Timid||M|||50|
|inactive|Battle timer is ON: inactive players will automatically lose when time's up. (requested by raksbach)
|
|t:|1785941083
|teamsize|p1|4
|teamsize|p2|4
|start
|switch|p1a: Charizard|Charizard, L50, F|100/100
|switch|p1b: Venusaur|Venusaur, L50, M|100/100
|switch|p2a: Staraptor|Staraptor, L50, M|100/100
|switch|p2b: Whimsicott|Whimsicott, L50, F|100/100
|-ability|p2a: Staraptor|Intimidate|boost
|-unboost|p1a: Charizard|atk|1
|-unboost|p1b: Venusaur|atk|1
|turn|1
|inactive|raksbach has 30 seconds left.
|
|t:|1785941117
|switch|p1b: Incineroar|Incineroar, L50, M|100/100
|-ability|p1b: Incineroar|Intimidate|boost
|-unboost|p2a: Staraptor|atk|1
|-unboost|p2b: Whimsicott|atk|1
|detailschange|p2a: Staraptor|Staraptor-Mega, L50, M
|-mega|p2a: Staraptor|Staraptor|Staraptite
|detailschange|p1a: Charizard|Charizard-Mega-Y, L50, F
|-mega|p1a: Charizard|Charizard|Charizardite Y
|-weather|SunnyDay|[from] ability: Drought|[of] p1a: Charizard
|move|p2b: Whimsicott|Light Screen|p2b: Whimsicott
|-sidestart|p2: raksbach|move: Light Screen
|move|p2a: Staraptor|Close Combat|p1a: Charizard
|-resisted|p1a: Charizard|1
|-damage|p1a: Charizard|81/100
|-boost|p2a: Staraptor|def|1
|-boost|p2a: Staraptor|spd|1
|move|p1a: Charizard|Heat Wave|p2b: Whimsicott|[spread] p2a
|-miss|p1a: Charizard|p2b: Whimsicott
|-damage|p2a: Staraptor|70/100
|
|-weather|SunnyDay|[upkeep]
|upkeep
|turn|2
|inactive|raksbach has 30 seconds left.
|
|t:|1785941145
|move|p1b: Incineroar|Fake Out|p2a: Staraptor
|-damage|p2a: Staraptor|62/100
|move|p2b: Whimsicott|Charm|p2a: Staraptor
|-boost|p2a: Staraptor|atk|2
|cant|p2a: Staraptor|flinch
|move|p1a: Charizard|Heat Wave|p2b: Whimsicott|[spread] p2a,p2b
|-supereffective|p2b: Whimsicott|1
|-enditem|p2b: Whimsicott|Occa Berry|[eat]
|-enditem|p2b: Whimsicott|Occa Berry|[weaken]
|-damage|p2a: Staraptor|35/100
|-damage|p2b: Whimsicott|40/100
|
|-weather|SunnyDay|[upkeep]
|upkeep
|turn|3
|
|t:|1785941161
|move|p2b: Whimsicott|Tailwind|p2b: Whimsicott
|-sidestart|p2: raksbach|move: Tailwind
|move|p2a: Staraptor|Close Combat|p1b: Incineroar
|-supereffective|p1b: Incineroar|1
|-damage|p1b: Incineroar|0 fnt
|-boost|p2a: Staraptor|def|1
|-boost|p2a: Staraptor|spd|1
|faint|p1b: Incineroar
|move|p1a: Charizard|Weather Ball|p2a: Staraptor
|-damage|p2a: Staraptor|3/100
|
|-weather|SunnyDay|[upkeep]
|upkeep
|
|t:|1785941174
|switch|p1b: Garchomp|Garchomp, L50, F|100/100
|turn|4
|
|t:|1785941189
|switch|p1b: Venusaur|Venusaur, L50, M|100/100
|move|p2a: Staraptor|Roost|p2a: Staraptor
|-heal|p2a: Staraptor|53/100
|-singleturn|p2a: Staraptor|move: Roost
|move|p2b: Whimsicott|Moonblast|p1b: Venusaur
|-resisted|p1b: Venusaur|1
|-damage|p1b: Venusaur|85/100
|move|p1a: Charizard|Heat Wave|p2b: Whimsicott|[spread] p2a,p2b
|-supereffective|p2b: Whimsicott|1
|-damage|p2a: Staraptor|32/100
|-damage|p2b: Whimsicott|0 fnt
|faint|p2b: Whimsicott
|
|-weather|SunnyDay|[upkeep]
|upkeep
|
|t:|1785941200
|switch|p2b: Glimmora|Glimmora, L50, F|100/100
|turn|5
|
|t:|1785941209
|switch|p1b: Garchomp|Garchomp, L50, F|100/100
|move|p1a: Charizard|Protect|p1a: Charizard
|-singleturn|p1a: Charizard|Protect
|move|p2a: Staraptor|Brave Bird|p1b: Garchomp
|-damage|p1b: Garchomp|22/100
|-damage|p2a: Staraptor|20/100y|[from] ability: Rough Skin|[of] p1b: Garchomp
|-damage|p2a: Staraptor|0 fnt|[from] Recoil
|faint|p2a: Staraptor
|move|p2b: Glimmora|Power Gem|p1a: Charizard
|-activate|p1a: Charizard|move: Protect
|
|-weather|none
|-sideend|p2: raksbach|move: Light Screen
|upkeep
|
|t:|1785941214
|switch|p2a: Kingambit|Kingambit, L50, M|100/100
|turn|6
|inactive|new mental has 30 seconds left.
|inactive|new mental has 20 seconds left.
|
|t:|1785941252
|switch|p1a: Venusaur|Venusaur, L50, M|85/100
|move|p2a: Kingambit|Sucker Punch|p1b: Garchomp
|-damage|p1b: Garchomp|0 fnt
|-damage|p2a: Kingambit|87/100|[from] ability: Rough Skin|[of] p1b: Garchomp
|faint|p1b: Garchomp
|move|p2b: Glimmora|Power Gem|p1a: Venusaur
|-damage|p1a: Venusaur|30/100
|
|-sideend|p2: raksbach|move: Tailwind
|upkeep
|
|t:|1785941256
|switch|p1b: Charizard|Charizard-Mega-Y, L50, F|81/100
|-weather|SunnyDay|[from] ability: Drought|[of] p1b: Charizard
|turn|7
|
|t:|1785941270
|move|p2a: Kingambit|Sucker Punch|p1a: Venusaur
|-damage|p1a: Venusaur|0 fnt
|faint|p1a: Venusaur
|move|p1b: Charizard|Heat Wave|p2b: Glimmora|[spread] p2a
|-miss|p1b: Charizard|p2b: Glimmora
|-supereffective|p2a: Kingambit|1
|-damage|p2a: Kingambit|0 fnt
|faint|p2a: Kingambit
|move|p2b: Glimmora|Earth Power|p1b: Charizard
|-immune|p1b: Charizard
|
|-weather|SunnyDay|[upkeep]
|upkeep
|turn|8
|
|t:|1785941282
|move|p1b: Charizard|Weather Ball|p2b: Glimmora
|-resisted|p2b: Glimmora|1
|-damage|p2b: Glimmora|34/100
|move|p2b: Glimmora|Power Gem|p1b: Charizard
|-supereffective|p1b: Charizard|2
|-damage|p1b: Charizard|0 fnt
|faint|p1b: Charizard
|
|win|raksbach
||raksbach is ready for game 3.
|inactive|new mental has 30 seconds to confirm battle start!
||new mental is ready for game 3.
|uhtml|next|Next: Game 3 of 3
