|j|☆Aketzagar18
|j|☆xander.62
|html|Aketzagar18xander.62    
|uhtml|bestof|Game 1 of a best-of-3
|t:|1783876979
|gametype|doubles
|player|p1|Aketzagar18|1|1000
|player|p2|xander.62|2|1049
|gen|9
|tier|[Gen 9 Champions] VGC 2026 Reg M-B (Bo3)
|rated|
|rule|Species Clause: Limit one of each Pokémon
|rule|Item Clause: Limit 1 of each item
|clearpoke
|poke|p1|Incineroar, L50, F|
|poke|p1|Maushold, L50|
|poke|p1|Sinistcha, L50|
|poke|p1|Sneasler, L50, F|
|poke|p1|Blastoise, L50, M|
|poke|p1|Delphox, L50, M|
|poke|p2|Staraptor, L50, M|
|poke|p2|Grimmsnarl, L50, M|
|poke|p2|Garchomp, L50, F|
|poke|p2|Gholdengo, L50|
|poke|p2|Delphox, L50, M|
|poke|p2|Whimsicott, L50, M|
|teampreview|4
|showteam|p1|Incineroar||SitrusBerry|Intimidate|FakeOut,FlareBlitz,ThroatChop,PartingShot|Impish||F|||50|]Maushold||ChopleBerry|FriendGuard|SuperFang,Feint,FollowMe,Protect|Impish|||||50|]Sinistcha||KasibBerry|Hospitality|MatchaGotcha,LifeDew,RagePowder,Protect|Bold|||||50|]Sneasler||FocusSash|PoisonTouch|FakeOut,CloseCombat,DireClaw,QuickGuard|Jolly||F|||50|]Blastoise||Blastoisinite|RainDish|WaterSpout,DarkPulse,ShellSmash,Protect|Modest||M|||50|]Delphox||Delphoxite|Blaze|HeatWave,Psyshock,NastyPlot,Protect|Timid||M|||50|
|showteam|p2|Staraptor||Staraptite|Intimidate|CloseCombat,BraveBird,Protect,Roost|Jolly||M|||50|]Grimmsnarl||LightClay|Prankster|FoulPlay,PartingShot,Reflect,LightScreen|Impish||M|||50|]Garchomp||LifeOrb|SandVeil|DragonClaw,RockSlide,Earthquake,Protect|Jolly||F|||50|]Gholdengo||ChoiceScarf|GoodasGold|FlashCannon,ShadowBall,PowerGem,Thunderbolt|Modest|||||50|]Delphox||Delphoxite|Magician|Psychic,HeatWave,NastyPlot,Protect|Timid||M|||50|]Whimsicott||FocusSash|Prankster|Moonblast,Tailwind,Charm,Protect|Timid||M|||50|
|inactive|Battle timer is ON: inactive players will automatically lose when time's up. (requested by Aketzagar18)
|inactive|xander.62 has 60 seconds left.
|inactive|xander.62 has 30 seconds left.
|inactive|xander.62 has 20 seconds left.
|inactive|xander.62 has 15 seconds left.
|inactive|xander.62 has 10 seconds left.
|inactive|xander.62 has 5 seconds left.
|
|t:|1783877070
|teamsize|p1|4
|teamsize|p2|4
|start
|switch|p1a: Incineroar|Incineroar, L50, F|100/100
|switch|p1b: Blastoise|Blastoise, L50, M|100/100
|switch|p2a: Staraptor|Staraptor, L50, M|100/100
|switch|p2b: Grimmsnarl|Grimmsnarl, L50, M|100/100
|-ability|p2a: Staraptor|Intimidate|boost
|-unboost|p1a: Incineroar|atk|1
|-unboost|p1b: Blastoise|atk|1
|-ability|p1a: Incineroar|Intimidate|boost
|-unboost|p2a: Staraptor|atk|1
|-unboost|p2b: Grimmsnarl|atk|1
|turn|1
|inactive|Aketzagar18 has 30 seconds left.
|
|t:|1783877099
|detailschange|p2a: Staraptor|Staraptor-Mega, L50, M
|-mega|p2a: Staraptor|Staraptor|Staraptite
|detailschange|p1b: Blastoise|Blastoise-Mega, L50, M
|-mega|p1b: Blastoise|Blastoise|Blastoisinite
|move|p1a: Incineroar|Fake Out|p2a: Staraptor
|-damage|p2a: Staraptor|91/100
|move|p2b: Grimmsnarl|Light Screen|p2b: Grimmsnarl
|-sidestart|p2: xander.62|move: Light Screen
|cant|p2a: Staraptor|flinch
|move|p1b: Blastoise|Shell Smash|p1b: Blastoise
|-unboost|p1b: Blastoise|def|1
|-unboost|p1b: Blastoise|spd|1
|-boost|p1b: Blastoise|atk|2
|-boost|p1b: Blastoise|spa|2
|-boost|p1b: Blastoise|spe|2
|
|upkeep
|turn|2
|inactive|Aketzagar18 has 30 seconds left.
|inactive|xander.62 has 30 seconds left.
|inactive|xander.62 has 20 seconds left.
|inactive|xander.62 has 15 seconds left.
|inactive|xander.62 has 10 seconds left.
|inactive|xander.62 has 5 seconds left.
|
|t:|1783877154
|move|p1b: Blastoise|Water Spout|p2b: Grimmsnarl|[spread] p2a,p2b
|-damage|p2a: Staraptor|0 fnt
|-damage|p2b: Grimmsnarl|15/100
|faint|p2a: Staraptor
|move|p1a: Incineroar|Flare Blitz|p2b: Grimmsnarl
|-damage|p2b: Grimmsnarl|0 fnt
|faint|p2b: Grimmsnarl
|-damage|p1a: Incineroar|95/100|[from] Recoil
|
|upkeep
|
|t:|1783877169
|switch|p2a: Garchomp|Garchomp, L50, F|100/100
|switch|p2b: Gholdengo|Gholdengo, L50|100/100
|turn|3
|
|t:|1783877185
|move|p2a: Garchomp|Protect|p2a: Garchomp
|-singleturn|p2a: Garchomp|Protect
|move|p1b: Blastoise|Water Spout|p2a: Garchomp|[spread] p2b
|-activate|p2a: Garchomp|move: Protect
|-damage|p2b: Gholdengo|4/100
|move|p2b: Gholdengo|Thunderbolt|p1b: Blastoise
|-supereffective|p1b: Blastoise|1
|-damage|p1b: Blastoise|0 fnt
|faint|p1b: Blastoise
|move|p1a: Incineroar|Throat Chop|p2a: Garchomp
|-activate|p2a: Garchomp|move: Protect
|
|upkeep
|
|t:|1783877198
|switch|p1b: Sinistcha|Sinistcha, L50|100/100
|-heal|p1a: Incineroar|100/100|[from] ability: Hospitality|[of] p1b: Sinistcha
|turn|4
|
|t:|1783877206
|move|p1b: Sinistcha|Protect|p1b: Sinistcha
|-singleturn|p1b: Sinistcha|Protect
|move|p2b: Gholdengo|Thunderbolt|p1b: Sinistcha
|-activate|p1b: Sinistcha|move: Protect
|move|p2a: Garchomp|Earthquake|p1b: Sinistcha|[spread] p2b,p1a
|-activate|p1b: Sinistcha|move: Protect
|-supereffective|p2b: Gholdengo|1
|-supereffective|p1a: Incineroar|1
|-damage|p2b: Gholdengo|0 fnt
|-damage|p1a: Incineroar|30/100
|-enditem|p1a: Incineroar|Sitrus Berry|[eat]
|-heal|p1a: Incineroar|55/100|[from] item: Sitrus Berry
|faint|p2b: Gholdengo
|-damage|p2a: Garchomp|90/100|[from] item: Life Orb
|move|p1a: Incineroar|Throat Chop|p2a: Garchomp
|-damage|p2a: Garchomp|68/100
|-start|p2a: Garchomp|Throat Chop|[silent]
|
|upkeep
|turn|5
|inactive|Aketzagar18 has 30 seconds left.
|inactive|Aketzagar18 has 20 seconds left.
|
|t:|1783877243
|move|p2a: Garchomp|Earthquake|p1b: Sinistcha|[spread] p1a,p1b
|-supereffective|p1a: Incineroar|1
|-resisted|p1b: Sinistcha|1
|-damage|p1a: Incineroar|0 fnt
|-damage|p1b: Sinistcha|79/100
|faint|p1a: Incineroar
|-damage|p2a: Garchomp|58/100|[from] item: Life Orb
|move|p1b: Sinistcha|Matcha Gotcha|p2a: Garchomp
|-damage|p2a: Garchomp|34/100
|-heal|p1b: Sinistcha|92/100|[from] drain|[of] p2a: Garchomp
|
|-end|p2a: Garchomp|Throat Chop|[silent]
|upkeep
|
|t:|1783877246
|switch|p1a: Delphox|Delphox, L50, M|100/100
|turn|6
|c|☆Aketzagar18|your go
|inactive|xander.62 has 30 seconds left.
|c|☆Aketzagar18|not that hard
|inactive|xander.62 has 20 seconds left.
|
|t:|1783877282
|move|p1a: Delphox|Protect|p1a: Delphox
|-singleturn|p1a: Delphox|Protect
|move|p2a: Garchomp|Rock Slide|p1a: Delphox|[spread] p1b
|-activate|p1a: Delphox|move: Protect
|-damage|p1b: Sinistcha|72/100
|-damage|p2a: Garchomp|24/100|[from] item: Life Orb
|move|p1b: Sinistcha|Matcha Gotcha|p2a: Garchomp
|-damage|p2a: Garchomp|0 fnt
|-heal|p1b: Sinistcha|85/100|[from] drain|[of] p2a: Garchomp
|faint|p2a: Garchomp
|
|win|Aketzagar18
||Aketzagar18 is ready for game 2.
