|j|☆KodeBeast0526
|j|☆IceyMochi
|html|KodeBeast0526IceyMochi    
|uhtml|bestof|Game 1 of a best-of-3
|t:|1784397090
|gametype|doubles
|player|p1|KodeBeast0526|sailor|1213
|player|p2|IceyMochi|caitlin|1204
|gen|9
|tier|[Gen 9 Champions] VGC 2026 Reg M-B (Bo3)
|rated|
|rule|Species Clause: Limit one of each Pokémon
|rule|Item Clause: Limit 1 of each item
|clearpoke
|poke|p1|Aerodactyl, L50, M, shiny|
|poke|p1|Kingambit, L50, M, shiny|
|poke|p1|Sylveon, L50, M, shiny|
|poke|p1|Garchomp, L50, M, shiny|
|poke|p1|Charizard, L50, M, shiny|
|poke|p1|Farigiraf, L50, F, shiny|
|poke|p2|Froslass, L50, F|
|poke|p2|Farigiraf, L50, F|
|poke|p2|Armarouge, L50, M|
|poke|p2|Whimsicott, L50, F|
|poke|p2|Kingambit, L50, F|
|poke|p2|Basculegion, L50, M|
|teampreview|4
|showteam|p1|Aerodactyl||Aerodactylite|Unnerve|RockSlide,IceFang,Tailwind,WideGuard|Jolly||M|||50|]Kingambit||FocusSash|Defiant|KowtowCleave,SuckerPunch,IronHead,LowKick|Adamant||M|||50|]Sylveon||FairyFeather|Pixilate|Detect,HyperVoice,HyperBeam,QuickAttack|Modest||M|||50|]Garchomp||ChoiceScarf|RoughSkin|Earthquake,DragonClaw,StompingTantrum,StoneEdge|Jolly||M|||50|]Charizard||CharizarditeY|Blaze|Protect,HeatWave,SolarBeam,WeatherBall|Modest||M|||50|]Farigiraf||SitrusBerry|ArmorTail|Thunderbolt,PsychicNoise,TrickRoom,HelpingHand|Bold||F|||50|
|showteam|p2|Froslass||Froslassite|CursedBody|NastyPlot,Protect,Blizzard,ShadowBall|Timid||F|||50|]Farigiraf||SitrusBerry|ArmorTail|TrickRoom,AllySwitch,TwinBeam,Protect|Relaxed||F|||50|]Armarouge||ColburBerry|FlashFire|HeatWave,EnergyBall,Psychic,WideGuard|Quiet||M|||50|]Whimsicott||FocusSash|Prankster|Moonblast,Tailwind,Encore,Protect|Modest||F|||50|]Kingambit||BlackGlasses|Defiant|SwordsDance,KowtowCleave,IronHead,LowKick|Adamant||F|||50|]Basculegion||MysticWater|Adaptability|WaveCrash,LastRespects,AquaJet,Protect|Adamant||M|||50|
|inactive|Battle timer is ON: inactive players will automatically lose when time's up. (requested by KodeBeast0526)
|
|t:|1784397131
|teamsize|p1|4
|teamsize|p2|4
|start
|switch|p1a: Charizard|Charizard, L50, M, shiny|100/100
|switch|p1b: Garchomp|Garchomp, L50, M, shiny|100/100
|switch|p2a: Farigiraf|Farigiraf, L50, F|100/100
|switch|p2b: Armarouge|Armarouge, L50, M|100/100
|turn|1
|inactive|IceyMochi has 30 seconds left.
|
|t:|1784397166
|detailschange|p1a: Charizard|Charizard-Mega-Y, L50, M, shiny
|-mega|p1a: Charizard|Charizard|Charizardite Y
|-weather|SunnyDay|[from] ability: Drought|[of] p1a: Charizard
|move|p2a: Farigiraf|Ally Switch|p2a: Farigiraf
|swap|p2a: Farigiraf|1|[from] move: Ally Switch
|move|p1b: Garchomp|Stone Edge|p2a: Armarouge
|-supereffective|p2a: Armarouge|1
|-damage|p2a: Armarouge|36/100
|move|p1a: Charizard|Weather Ball|p2a: Armarouge
|-start|p2a: Armarouge|ability: Flash Fire
|move|p2a: Armarouge|Psychic|p1b: Garchomp
|-damage|p1b: Garchomp|45/100
|
|-weather|SunnyDay|[upkeep]
|upkeep
|turn|2
|inactive|KodeBeast0526 has 30 seconds left.
|inactive|IceyMochi has 30 seconds left.
|
|t:|1784397201
|-end|p2a: Armarouge|ability: Flash Fire|[silent]
|switch|p2a: Kingambit|Kingambit, L50, F|100/100
|move|p1b: Garchomp|Stone Edge|p2b: Farigiraf
|-damage|p2b: Farigiraf|74/100
|move|p1a: Charizard|Weather Ball|p2a: Kingambit
|-supereffective|p2a: Kingambit|1
|-damage|p2a: Kingambit|0 fnt
|faint|p2a: Kingambit
|move|p2b: Farigiraf|Trick Room|p2b: Farigiraf
|-fieldstart|move: Trick Room|[of] p2b: Farigiraf
|
|-weather|SunnyDay|[upkeep]
|upkeep
|
|t:|1784397208
|switch|p2a: Armarouge|Armarouge, L50, M|36/100
|turn|3
|
|t:|1784397216
|move|p2b: Farigiraf|Twin Beam|p1a: Charizard
|-damage|p1a: Charizard|87/100
|-damage|p1a: Charizard|75/100
|-hitcount|p1a: Charizard|2
|move|p2a: Armarouge|Psychic|p1b: Garchomp
|-damage|p1b: Garchomp|0 fnt
|faint|p1b: Garchomp
|move|p1a: Charizard|Weather Ball|p2a: Armarouge
|-start|p2a: Armarouge|ability: Flash Fire
|
|-weather|SunnyDay|[upkeep]
|upkeep
|
|t:|1784397224
|switch|p1b: Farigiraf|Farigiraf, L50, F, shiny|100/100
|turn|4
|
|t:|1784397235
|move|p2b: Farigiraf|Twin Beam|p1a: Charizard
|-damage|p1a: Charizard|61/100
|-damage|p1a: Charizard|47/100
|-hitcount|p1a: Charizard|2
|move|p2a: Armarouge|Heat Wave|p1b: Farigiraf|[spread] p1a,p1b
|-resisted|p1a: Charizard|1
|-damage|p1a: Charizard|7/100
|-damage|p1b: Farigiraf|15/100
|-enditem|p1b: Farigiraf|Sitrus Berry|[eat]
|-heal|p1b: Farigiraf|40/100|[from] item: Sitrus Berry
|move|p1a: Charizard|Weather Ball|p2a: Armarouge
|-immune|p2a: Armarouge|[from] ability: Flash Fire
|move|p1b: Farigiraf|Trick Room|p1b: Farigiraf
|-fieldend|move: Trick Room
|
|-weather|SunnyDay|[upkeep]
|upkeep
|turn|5
|
|t:|1784397253
|move|p1b: Farigiraf|Helping Hand|p1a: Charizard
|-singleturn|p1a: Charizard|Helping Hand|[of] p1b: Farigiraf
|move|p1a: Charizard|Solar Beam||[still]
|-prepare|p1a: Charizard|Solar Beam
|-anim|p1a: Charizard|Solar Beam|p2b: Farigiraf
|-damage|p2b: Farigiraf|6/100
|-enditem|p2b: Farigiraf|Sitrus Berry|[eat]
|-heal|p2b: Farigiraf|31/100|[from] item: Sitrus Berry
|move|p2a: Armarouge|Heat Wave|p1a: Charizard|[spread] p1a
|-miss|p2a: Armarouge|p1b: Farigiraf
|-resisted|p1a: Charizard|1
|-crit|p1a: Charizard
|-damage|p1a: Charizard|0 fnt
|faint|p1a: Charizard
|move|p2b: Farigiraf|Trick Room|p2b: Farigiraf
|-fieldstart|move: Trick Room|[of] p2b: Farigiraf
|
|-weather|none
|upkeep
|
|t:|1784397259
|switch|p1a: Kingambit|Kingambit, L50, M, shiny|100/100
|turn|6
|
|t:|1784397268
|move|p2b: Farigiraf|Ally Switch|p2b: Farigiraf
|swap|p2b: Farigiraf|0|[from] move: Ally Switch
|move|p1b: Farigiraf|Psychic Noise|p2a: Farigiraf
|-resisted|p2a: Farigiraf|1
|-damage|p2a: Farigiraf|18/100
|-start|p2a: Farigiraf|move: Heal Block
|move|p2b: Armarouge|Heat Wave|p1b: Farigiraf|[spread] p1a,p1b
|-supereffective|p1a: Kingambit|1
|-enditem|p1a: Kingambit|Focus Sash
|-damage|p1a: Kingambit|1/100
|-damage|p1b: Farigiraf|0 fnt
|faint|p1b: Farigiraf
|move|p1a: Kingambit|Kowtow Cleave|p2b: Armarouge
|-supereffective|p2b: Armarouge|1
|-enditem|p2b: Armarouge|Colbur Berry|[eat]
|-enditem|p2b: Armarouge|Colbur Berry|[weaken]
|-damage|p2b: Armarouge|0 fnt
|faint|p2b: Armarouge
|
|upkeep
|
|t:|1784397280
|switch|p2b: Froslass|Froslass, L50, F|100/100
|turn|7
|
|t:|1784397293
|move|p2a: Farigiraf|Protect|p2a: Farigiraf
|-singleturn|p2a: Farigiraf|Protect
|move|p2b: Froslass|Protect|p2b: Froslass
|-singleturn|p2b: Froslass|Protect
|move|p1a: Kingambit|Kowtow Cleave|p2a: Farigiraf
|-activate|p2a: Farigiraf|move: Protect
|
|-end|p2a: Farigiraf|move: Heal Block
|upkeep
|turn|8
|
|t:|1784397312
|detailschange|p2b: Froslass|Froslass-Mega, L50, F
|-mega|p2b: Froslass|Froslass|Froslassite
|-weather|Snowscape|[from] ability: Snow Warning|[of] p2b: Froslass
|move|p2a: Farigiraf|Ally Switch|p2a: Farigiraf
|swap|p2a: Farigiraf|1|[from] move: Ally Switch
|move|p1a: Kingambit|Kowtow Cleave|p2b: Farigiraf
|-supereffective|p2b: Farigiraf|1
|-damage|p2b: Farigiraf|0 fnt
|faint|p2b: Farigiraf
|move|p2a: Froslass|Blizzard|p1a: Kingambit
|-resisted|p1a: Kingambit|1
|-damage|p1a: Kingambit|0 fnt
|faint|p1a: Kingambit
|
|win|IceyMochi
||IceyMochi is ready for game 2.
