|j|☆Lord_of_Ewoks
|j|☆dman12352
|html|Lord_of_Ewoksdman12352    
|uhtml|bestof|Game 3 of a best-of-3
|t:|1756410955
|gametype|doubles
|player|p1|Lord_of_Ewoks|169|1125
|player|p2|dman12352|brycenman|1043
|gen|9
|tier|[Gen 9] VGC 2025 Reg H (Bo3)
|rated|
|rule|Species Clause: Limit one of each Pokémon
|rule|Item Clause: Limit 1 of each item
|clearpoke
|poke|p1|Blaziken, L50, M|
|poke|p1|Primarina, L50, M|
|poke|p1|Serperior, L50, M|
|poke|p1|Pelipper, L50, M|
|poke|p1|Electabuzz, L50, M|
|poke|p1|Kingambit, L50, F|
|poke|p2|Comfey, L50, F|
|poke|p2|Annihilape, L50, M|
|poke|p2|Maushold, L50|
|poke|p2|Archaludon, L50, F|
|poke|p2|Incineroar, L50, M|
|poke|p2|Pelipper, L50, M|
|teampreview|4
|showteam|p1|Blaziken||ClearAmulet|SpeedBoost|FirePledge,CloseCombat,FlareBlitz,Protect|||M|||50|,,,,,Ghost]Primarina||LifeOrb|LiquidVoice|HyperVoice,Moonblast,WaterPledge,Protect|||M|||50|,,,,,Poison]Serperior||FocusSash|Contrary|LeafStorm,TeraBlast,GrassPledge,Protect|||M|||50|,,,,,Stellar]Pelipper||CovertCloak|Drizzle|Tailwind,Hurricane,WideGuard,Protect|||M|||50|,,,,,Ghost]Electabuzz||Eviolite|VitalSpirit|Electroweb,VoltSwitch,FollowMe,Protect|||M|||50|,,,,,Ghost]Kingambit||BlackGlasses|Defiant|KowtowCleave,SuckerPunch,SwordsDance,Protect|||F|||50|,,,,,Dark
|showteam|p2|Comfey||RockyHelmet|Triage|CalmMind,DrainingKiss,GigaDrain,FloralHealing|||F|||50|,,,,,Steel]Annihilape||Leftovers|Defiant|RageFist,DrainPunch,BulkUp,Protect|||M|||50|,,,,,Fire]Maushold||SafetyGoggles|FriendGuard|Protect,Encore,FollowMe,BeatUp||||||50|,,,,,Ghost]Archaludon||AssaultVest|Stamina|ElectroShot,BodyPress,DragonPulse,FlashCannon|||F|||50|,,,,,Flying]Incineroar||SitrusBerry|Intimidate|FakeOut,FlareBlitz,KnockOff,PartingShot|||M|||50|,,,,,Water]Pelipper||FocusSash|Drizzle|Tailwind,Protect,MuddyWater,Hurricane|||M|||50|,,,,,Ground
|inactive|Battle timer is ON: inactive players will automatically lose when time's up. (requested by dman12352)
|j| Plopy14
|inactive|dman12352 has 60 seconds left.
|
|t:|1756410986
|teamsize|p1|4
|teamsize|p2|4
|start
|switch|p1a: Serperior|Serperior, L50, M|100/100
|switch|p1b: Primarina|Primarina, L50, M|100/100
|switch|p2a: Incineroar|Incineroar, L50, M, shiny|100/100
|switch|p2b: Annihilape|Annihilape, L50, M|100/100
|-ability|p2a: Incineroar|Intimidate|boost
|-boost|p1a: Serperior|atk|1
|-unboost|p1b: Primarina|atk|1
|turn|1
|
|t:|1756411002
|switch|p2a: Comfey|Comfey, L50, F, shiny|100/100
|move|p1a: Serperior|Protect|p1a: Serperior
|-singleturn|p1a: Serperior|Protect
|move|p1b: Primarina|Protect|p1b: Primarina
|-singleturn|p1b: Primarina|Protect
|move|p2b: Annihilape|Bulk Up|p2b: Annihilape
|-boost|p2b: Annihilape|atk|1
|-boost|p2b: Annihilape|def|1
|
|upkeep
|turn|2
|
|t:|1756411022
|move|p2b: Annihilape|Protect|p2b: Annihilape
|-singleturn|p2b: Annihilape|Protect
|move|p2a: Comfey|Giga Drain|p1b: Primarina
|-supereffective|p1b: Primarina
|-damage|p1b: Primarina|68/100
|move|p1a: Serperior|Grass Pledge|p2a: Comfey
|-waiting|p1a: Serperior|p1b: Primarina
|move|p1b: Primarina|Water Pledge|p2a: Comfey|[from] move: Grass Pledge
|-combine
|-damage|p2a: Comfey|0 fnt
|-sidestart|p2: dman12352|Grass Pledge
|faint|p2a: Comfey
|-damage|p1b: Primarina|59/100|[from] item: Life Orb
|
|upkeep
|
|t:|1756411029
|switch|p2a: Incineroar|Incineroar, L50, M, shiny|100/100
|-ability|p2a: Incineroar|Intimidate|boost
|-boost|p1a: Serperior|atk|1
|-unboost|p1b: Primarina|atk|1
|turn|3
|
|t:|1756411035
|move|p1a: Serperior|Protect|p1a: Serperior
|-singleturn|p1a: Serperior|Protect
|move|p1b: Primarina|Protect|p1b: Primarina
|-singleturn|p1b: Primarina|Protect
|move|p2a: Incineroar|Fake Out|p1a: Serperior
|-activate|p1a: Serperior|move: Protect
|move|p2b: Annihilape|Rage Fist|p1b: Primarina
|-activate|p1b: Primarina|move: Protect
|
|upkeep
|turn|4
|
|t:|1756411043
|move|p1a: Serperior|Leaf Storm|p2b: Annihilape
|-damage|p2b: Annihilape|61/100
|-boost|p1a: Serperior|spa|2
|move|p1b: Primarina|Hyper Voice|p2b: Annihilape|[spread] p2a,p2b
|-supereffective|p2a: Incineroar
|-damage|p2a: Incineroar|15/100
|-damage|p2b: Annihilape|22/100
|-enditem|p2a: Incineroar|Sitrus Berry|[eat]
|-heal|p2a: Incineroar|40/100|[from] item: Sitrus Berry
|-damage|p1b: Primarina|49/100|[from] item: Life Orb
|move|p2b: Annihilape|Rage Fist|p1b: Primarina
|-damage|p1b: Primarina|0 fnt
|faint|p1b: Primarina
|move|p2a: Incineroar|Flare Blitz|p1a: Serperior
|-supereffective|p1a: Serperior
|-enditem|p1a: Serperior|Focus Sash
|-damage|p1a: Serperior|1/100
|-damage|p2a: Incineroar|16/100|[from] Recoil
|
|-heal|p2b: Annihilape|28/100|[from] item: Leftovers
|upkeep
|
|t:|1756411057
|switch|p1b: Blaziken|Blaziken, L50, M|100/100
|turn|5
|
|t:|1756411064
|switch|p2a: Archaludon|Archaludon, L50, F, shiny|100/100
|move|p2b: Annihilape|Protect|p2b: Annihilape
|-singleturn|p2b: Annihilape|Protect
|move|p1a: Serperior|Leaf Storm|p2b: Annihilape
|-activate|p2b: Annihilape|move: Protect
|move|p1b: Blaziken|Close Combat|p2a: Archaludon
|-supereffective|p2a: Archaludon
|-damage|p2a: Archaludon|8/100
|-unboost|p1b: Blaziken|def|1
|-unboost|p1b: Blaziken|spd|1
|-ability|p2a: Archaludon|Stamina|boost
|-boost|p2a: Archaludon|def|1
|
|-heal|p2b: Annihilape|34/100|[from] item: Leftovers
|-sideend|p2: dman12352|Grass Pledge
|-ability|p1b: Blaziken|Speed Boost|boost
|-boost|p1b: Blaziken|spe|1
|upkeep
|turn|6
|
|t:|1756411083
|-terastallize|p1a: Serperior|Stellar
|-terastallize|p2b: Annihilape|Fire
|move|p1b: Blaziken|Flare Blitz|p2a: Archaludon
|-damage|p2a: Archaludon|0 fnt
|faint|p2a: Archaludon
|-damage|p1b: Blaziken|98/100|[from] Recoil
|move|p1a: Serperior|Tera Blast|p2b: Annihilape|[anim] Tera Blast Stellar
|-supereffective|p2b: Annihilape
|-damage|p2b: Annihilape|0 fnt
|-boost|p1a: Serperior|atk|1
|-boost|p1a: Serperior|spa|1
|faint|p2b: Annihilape
|
|-ability|p1b: Blaziken|Speed Boost|boost
|-boost|p1b: Blaziken|spe|1
|upkeep
|
|t:|1756411092
|switch|p2b: Incineroar|Incineroar, L50, M, shiny|16/100
|-ability|p2b: Incineroar|Intimidate|boost
|-boost|p1a: Serperior|atk|1
|-fail|p1b: Blaziken|unboost|[from] item: Clear Amulet|[of] p1b: Blaziken
|turn|7
|
|t:|1756411096
|move|p1b: Blaziken|Protect|p1b: Blaziken
|-singleturn|p1b: Blaziken|Protect
|move|p1a: Serperior|Protect|p1a: Serperior
|-singleturn|p1a: Serperior|Protect
|move|p2b: Incineroar|Fake Out|p1a: Serperior
|-activate|p1a: Serperior|move: Protect
|
|-ability|p1b: Blaziken|Speed Boost|boost
|-boost|p1b: Blaziken|spe|1
|upkeep
|turn|8
|
|t:|1756411101
|move|p1b: Blaziken|Close Combat|p2b: Incineroar
|-supereffective|p2b: Incineroar
|-damage|p2b: Incineroar|0 fnt
|-unboost|p1b: Blaziken|def|1
|-unboost|p1b: Blaziken|spd|1
|faint|p2b: Incineroar
|
|win|Lord_of_Ewoks
|raw|Lord_of_Ewoks's rating: 1125 → 1144(+19 for winning)
|raw|dman12352's rating: 1043 → 1030(-13 for losing)
|l|☆dman12352
|player|p2|
|l|☆Lord_of_Ewoks
|player|p1|
