|j|☆JohnnyBoy015
|j|☆1OO% Jesus
|html|JohnnyBoy0151OO% Jesus    
|uhtml|bestof|Game 2 of a best-of-3
|t:|1782397310
|gametype|doubles
|player|p1|JohnnyBoy015|rosa|1118
|player|p2|1OO% Jesus|lillie-z|1170
|gen|9
|tier|[Gen 9 Champions] VGC 2026 Reg M-B (Bo3)
|rated|
|rule|Species Clause: Limit one of each Pokémon
|rule|Item Clause: Limit 1 of each item
|clearpoke
|poke|p1|Mawile, L50, F|
|poke|p1|Garchomp, L50, F|
|poke|p1|Incineroar, L50, F|
|poke|p1|Sneasler, L50, M|
|poke|p1|Farigiraf, L50, F|
|poke|p1|Sinistcha, L50|
|poke|p2|Charizard, L50, F|
|poke|p2|Whimsicott, L50, M|
|poke|p2|Garchomp, L50, F|
|poke|p2|Basculegion, L50, M|
|poke|p2|Kingambit, L50, F|
|poke|p2|Floette-Eternal, L50, F|
|teampreview|4
|showteam|p1|Mawile||Mawilite|Intimidate|PlayRough,SwordsDance,SuckerPunch,Protect|Brave||F|||50|]Garchomp||LifeOrb|RoughSkin|DragonClaw,StompingTantrum,RockSlide,Protect|Jolly||F|||50|]Incineroar||SitrusBerry|Intimidate|FakeOut,FlareBlitz,DarkestLariat,PartingShot|Adamant||F|||50|]Sneasler||FocusSash|PoisonTouch|FakeOut,DireClaw,CloseCombat,Protect|Jolly||M|||50|]Farigiraf||ColburBerry|ArmorTail|TwinBeam,Thunderbolt,HelpingHand,TrickRoom|Sassy||F|||50|]Sinistcha||OccaBerry|Hospitality|MatchaGotcha,LifeDew,RagePowder,TrickRoom|Bold|||||50|
|showteam|p2|Charizard||CharizarditeY|Blaze|HeatWave,WeatherBall,SolarBeam,Protect|Modest||F|||50|]Whimsicott||FocusSash|Prankster|Moonblast,Tailwind,Encore,Protect|Timid||M|||50|]Garchomp||LifeOrb|RoughSkin|Earthquake,DragonClaw,RockSlide,Protect|Jolly||F|||50|]Basculegion||MysticWater|Adaptability|WaveCrash,LastRespects,AquaJet,Protect|Adamant||M|||50|]Kingambit||ChopleBerry|Defiant|KowtowCleave,SuckerPunch,IronHead,LowKick|Adamant||F|||50|]Floette-Eternal||Floettite|FlowerVeil|DazzlingGleam,Moonblast,LightofRuin,Protect|Timid||F|||50|
|
|t:|1782397366
|teamsize|p1|4
|teamsize|p2|4
|start
|switch|p1a: Garchomp|Garchomp, L50, F|100/100
|switch|p1b: Sneasler|Sneasler, L50, M|100/100
|switch|p2a: Whimsicott|Whimsicott, L50, M|100/100
|switch|p2b: Garchomp|Garchomp, L50, F|100/100
|turn|1
|inactive|Battle timer is ON: inactive players will automatically lose when time's up. (requested by 1OO% Jesus)
|
|t:|1782397396
|switch|p1a: Mawile|Mawile, L50, F|100/100
|-ability|p1a: Mawile|Intimidate|boost
|-unboost|p2a: Whimsicott|atk|1
|-unboost|p2b: Garchomp|atk|1
|move|p2a: Whimsicott|Protect|p2a: Whimsicott
|-singleturn|p2a: Whimsicott|Protect
|move|p2b: Garchomp|Protect|p2b: Garchomp
|-singleturn|p2b: Garchomp|Protect
|move|p1b: Sneasler|Dire Claw|p2a: Whimsicott
|-activate|p2a: Whimsicott|move: Protect
|
|upkeep
|turn|2
|inactive|1OO% Jesus has 30 seconds left.
|
|t:|1782397422
|detailschange|p1a: Mawile|Mawile-Mega, L50, F
|-mega|p1a: Mawile|Mawile|Mawilite
|move|p2a: Whimsicott|Tailwind|p2a: Whimsicott
|-sidestart|p2: 1OO% Jesus|move: Tailwind
|move|p2b: Garchomp|Earthquake|p1a: Mawile|[spread] p2a,p1a,p1b
|-resisted|p2a: Whimsicott|1
|-supereffective|p1a: Mawile|1
|-supereffective|p1b: Sneasler|1
|-crit|p1b: Sneasler
|-damage|p2a: Whimsicott|77/100
|-damage|p1a: Mawile|35/100
|-enditem|p1b: Sneasler|Focus Sash
|-damage|p1b: Sneasler|1/100
|-damage|p2b: Garchomp|90/100|[from] item: Life Orb
|move|p1b: Sneasler|Dire Claw|p2a: Whimsicott
|-supereffective|p2a: Whimsicott|2
|-damage|p2a: Whimsicott|0 fnt
|faint|p2a: Whimsicott
|move|p1a: Mawile|Play Rough|p2b: Garchomp
|-supereffective|p2b: Garchomp|1
|-damage|p2b: Garchomp|0 fnt
|-damage|p1a: Mawile|23/100|[from] ability: Rough Skin|[of] p2b: Garchomp
|faint|p2b: Garchomp
|
|upkeep
|
|t:|1782397436
|switch|p2a: Charizard|Charizard, L50, F|100/100
|switch|p2b: Basculegion|Basculegion, L50, M|100/100
|turn|3
|inactive|JohnnyBoy015 has 30 seconds left.
|inactive|JohnnyBoy015 has 20 seconds left.
|
|t:|1782397472
|switch|p1b: Farigiraf|Farigiraf, L50, F|100/100
|move|p1a: Mawile|Protect|p1a: Mawile
|-singleturn|p1a: Mawile|Protect
|move|p2b: Basculegion|Aqua Jet||[still]
|cant|p1b: Farigiraf|ability: Armor Tail|Aqua Jet|[of] p2b: Basculegion
|move|p2a: Charizard|Weather Ball|p1b: Farigiraf
|-damage|p1b: Farigiraf|89/100
|
|upkeep
|turn|4
|
|t:|1782397490
|move|p1a: Mawile|Sucker Punch|p2b: Basculegion
|-supereffective|p2b: Basculegion|1
|-damage|p2b: Basculegion|0 fnt
|faint|p2b: Basculegion
|move|p2a: Charizard|Heat Wave|p1a: Mawile|[spread] p1a,p1b
|-supereffective|p1a: Mawile|1
|-damage|p1a: Mawile|0 fnt
|-damage|p1b: Farigiraf|67/100
|-status|p1b: Farigiraf|brn
|faint|p1a: Mawile
|move|p1b: Farigiraf|Thunderbolt|p2a: Charizard
|-supereffective|p2a: Charizard|1
|-damage|p2a: Charizard|42/100
|
|-damage|p1b: Farigiraf|61/100 brn|[from] brn
|upkeep
|
|t:|1782397505
|switch|p1a: Sneasler|Sneasler, L50, M|1/100
|turn|5
|
|t:|1782397510
|move|p2a: Charizard|Protect|p2a: Charizard
|-singleturn|p2a: Charizard|Protect
|move|p1a: Sneasler|Fake Out|p2a: Charizard
|-activate|p2a: Charizard|move: Protect
|move|p1b: Farigiraf|Thunderbolt|p2a: Charizard
|-activate|p2a: Charizard|move: Protect
|
|-damage|p1b: Farigiraf|54/100 brn|[from] brn
|-sideend|p2: 1OO% Jesus|move: Tailwind
|upkeep
|turn|6
|-message|1OO% Jesus forfeited.
|
|win|JohnnyBoy015
