|j|☆No.1AnicredibleFan
|j|☆OzzyUF
|html|No.1AnicredibleFanOzzyUF    
|uhtml|bestof|Game 2 of a best-of-3
|t:|1756420382
|gametype|doubles
|player|p1|No.1AnicredibleFan|hilbert|1114
|player|p2|OzzyUF|medium|1197
|gen|9
|tier|[Gen 9] VGC 2025 Reg H (Bo3)
|rated|
|rule|Species Clause: Limit one of each Pokémon
|rule|Item Clause: Limit 1 of each item
|clearpoke
|poke|p1|Baxcalibur, L50, M|
|poke|p1|Ursaluna-Bloodmoon, L50, M|
|poke|p1|Farigiraf, L50, F|
|poke|p1|Murkrow, L50, F|
|poke|p1|Arcanine-Hisui, L50, M|
|poke|p1|Amoonguss, L50, M|
|poke|p2|Gholdengo, L50|
|poke|p2|Whimsicott, L50, M|
|poke|p2|Rotom-Wash, L50|
|poke|p2|Dragonite, L50, M|
|poke|p2|Porygon2, L50|
|poke|p2|Ursaluna, L50, F|
|teampreview|4
|showteam|p1|Baxcalibur||LoadedDice|ThermalExchange|Protect,SwordsDance,ScaleShot,IcicleSpear|||M|||50|,,,,,Poison]Ursaluna-Bloodmoon||LifeOrb|MindsEye|Protect,EarthPower,HyperVoice,BloodMoon|||M|||50|,,,,,Normal]Farigiraf||ThroatSpray|ArmorTail|Protect,TrickRoom,HyperVoice,Psychic|||F|||50|,,,,,Grass]Murkrow||Eviolite|Prankster|Protect,Tailwind,Snarl,Haze|||F|||50|,,,,,Ghost]Arcanine-Hisui||ChoiceBand|Intimidate|FlareBlitz,RockSlide,ExtremeSpeed,WildCharge|||M|||50|,,,,,Grass]Amoonguss||SitrusBerry|Regenerator|Protect,RagePowder,PollenPuff,Spore|||M|||50|,,,,,Water
|showteam|p2|Gholdengo||EjectPack|GoodasGold|MakeItRain,Protect,NastyPlot,ShadowBall||||||50|,,,,,Steel]Whimsicott||CovertCloak|Prankster|Tailwind,FakeTears,Moonblast,Encore|||M|||50|,,,,,Grass]Rotom-Wash||Leftovers|Levitate|HydroPump,WillOWisp,Discharge,VoltSwitch||||||50|,,,,,Electric]Dragonite||LoadedDice|Multiscale|ExtremeSpeed,Protect,Haze,ScaleShot|||M|||50|,,,,,Fairy]Porygon2||Eviolite|Download|TeraBlast,IceBeam,Recover,TrickRoom||||||50|,,,,,Fighting]Ursaluna||FlameOrb|Guts|HeadlongRush,Facade,Earthquake,Protect|||F|||50|,,,,,Ghost
|inactive|Battle timer is ON: inactive players will automatically lose when time's up. (requested by OzzyUF)
|
|t:|1756420398
|teamsize|p1|4
|teamsize|p2|4
|start
|switch|p1a: Baxcalibur|Baxcalibur, L50, M|100/100
|switch|p1b: Amoonguss|Amoonguss, L50, M|100/100
|switch|p2a: Gholdengo|Gholdengo, L50|100/100
|switch|p2b: Whimsicott|Whimsicott, L50, M|100/100
|turn|1
|inactive|No.1AnicredibleFan has 30 seconds left.
|inactive|OzzyUF has 30 seconds left.
|
|t:|1756420435
|switch|p1b: Farigiraf|Farigiraf, L50, F|100/100
|-terastallize|p1a: Baxcalibur|Poison
|-terastallize|p2a: Gholdengo|Steel
|move|p2b: Whimsicott|Fake Tears||[still]
|cant|p1b: Farigiraf|ability: Armor Tail|Fake Tears|[of] p2b: Whimsicott
|move|p1a: Baxcalibur|Swords Dance|p1a: Baxcalibur
|-boost|p1a: Baxcalibur|atk|2
|move|p2a: Gholdengo|Make It Rain|p1a: Baxcalibur|[spread] p1a,p1b
|-damage|p1a: Baxcalibur|38/100
|-damage|p1b: Farigiraf|34/100
|-unboost|p2a: Gholdengo|spa|1
|-enditem|p2a: Gholdengo|Eject Pack
|
|t:|1756420450
|switch|p2a: Ursaluna|Ursaluna, L50, F|100/100
|
|-status|p2a: Ursaluna|brn|[from] item: Flame Orb
|upkeep
|turn|2
|
|t:|1756420466
|move|p1a: Baxcalibur|Protect|p1a: Baxcalibur
|-singleturn|p1a: Baxcalibur|Protect
|move|p2b: Whimsicott|Tailwind|p2b: Whimsicott
|-sidestart|p2: OzzyUF|move: Tailwind
|move|p2a: Ursaluna|Earthquake|p1b: Farigiraf|[spread] p2b,p1b
|-activate|p1a: Baxcalibur|move: Protect
|-resisted|p2b: Whimsicott
|-damage|p2b: Whimsicott|63/100
|-damage|p1b: Farigiraf|0 fnt
|faint|p1b: Farigiraf
|
|-damage|p2a: Ursaluna|95/100 brn|[from] brn
|upkeep
|
|t:|1756420475
|switch|p1b: Ursaluna|Ursaluna-Bloodmoon, L50, M|100/100
|turn|3
|
|t:|1756420493
|switch|p1a: Amoonguss|Amoonguss, L50, M|100/100
|move|p2b: Whimsicott|Encore||[still]
|-fail|p2b: Whimsicott
|move|p2a: Ursaluna|Facade|p1b: Ursaluna
|-damage|p1b: Ursaluna|20/100
|move|p1b: Ursaluna|Blood Moon|p2a: Ursaluna
|-damage|p2a: Ursaluna|9/100 brn
|-damage|p1b: Ursaluna|10/100|[from] item: Life Orb
|
|-damage|p2a: Ursaluna|3/100 brn|[from] brn
|upkeep
|turn|4
|l|☆No.1AnicredibleFan
|inactive|No.1AnicredibleFan disconnected and has a minute to reconnect!
|player|p1|
|inactive|No.1AnicredibleFan has 30 seconds left.
|j|☆No.1AnicredibleFan
|inactive|No.1AnicredibleFan reconnected and has 25 seconds left.
|player|p1|No.1AnicredibleFan|hilbert|
|inactive|No.1AnicredibleFan has 20 seconds left.
|inactive|No.1AnicredibleFan has 15 seconds left.
|
|t:|1756420533
|move|p1b: Ursaluna|Protect|p1b: Ursaluna
|-singleturn|p1b: Ursaluna|Protect
|move|p2b: Whimsicott|Moonblast|p1b: Ursaluna
|-activate|p1b: Ursaluna|move: Protect
|move|p2a: Ursaluna|Facade|p1a: Amoonguss
|-damage|p1a: Amoonguss|6/100
|-enditem|p1a: Amoonguss|Sitrus Berry|[eat]
|-heal|p1a: Amoonguss|31/100|[from] item: Sitrus Berry
|move|p1a: Amoonguss|Pollen Puff|p2a: Ursaluna
|-damage|p2a: Ursaluna|0 fnt
|faint|p2a: Ursaluna
|
|upkeep
|
|t:|1756420547
|switch|p2a: Gholdengo|Gholdengo, L50, tera:Steel|100/100
|turn|5
|
|t:|1756420558
|move|p2b: Whimsicott|Moonblast|p1a: Amoonguss
|-resisted|p1a: Amoonguss
|-damage|p1a: Amoonguss|15/100
|move|p2a: Gholdengo|Make It Rain|p1b: Ursaluna|[spread] p1a,p1b
|-damage|p1a: Amoonguss|0 fnt
|-damage|p1b: Ursaluna|0 fnt
|-unboost|p2a: Gholdengo|spa|1
|faint|p1a: Amoonguss
|faint|p1b: Ursaluna
|
|-sideend|p2: OzzyUF|move: Tailwind
|upkeep
|
|t:|1756420565
|switch|p1b: Baxcalibur|Baxcalibur, L50, M, tera:Poison|38/100
|turn|6
|
|t:|1756420572
|move|p2b: Whimsicott|Moonblast|p1b: Baxcalibur
|-resisted|p1b: Baxcalibur
|-damage|p1b: Baxcalibur|21/100
|move|p1b: Baxcalibur|Icicle Spear|p2b: Whimsicott
|-supereffective|p2b: Whimsicott
|-damage|p2b: Whimsicott|29/100
|-supereffective|p2b: Whimsicott
|-damage|p2b: Whimsicott|0 fnt
|faint|p2b: Whimsicott
|-hitcount|p2: Whimsicott|2
|move|p2a: Gholdengo|Shadow Ball|p1b: Baxcalibur
|-damage|p1b: Baxcalibur|0 fnt
|faint|p1b: Baxcalibur
|
|win|OzzyUF
|raw|No.1AnicredibleFan's rating: 1114 → 1095(-19 for losing)
|raw|OzzyUF's rating: 1197 → 1216(+19 for winning)
