|j|☆SquisProjects
|j|☆MrGardnHose
|html|SquisProjectsMrGardnHose    
|uhtml|bestof|Game 1 of a best-of-3
|t:|1782239772
|gametype|doubles
|player|p1|SquisProjects|1|1091
|player|p2|MrGardnHose|jasmine-masters2|1025
|gen|9
|tier|[Gen 9 Champions] VGC 2026 Reg M-B (Bo3)
|rated|
|rule|Species Clause: Limit one of each Pokémon
|rule|Item Clause: Limit 1 of each item
|clearpoke
|poke|p1|Raichu, L50, M, shiny|
|poke|p1|Froslass, L50, F|
|poke|p1|Talonflame, L50, F|
|poke|p1|Gholdengo, L50|
|poke|p1|Hydreigon, L50, M|
|poke|p1|Farigiraf, L50, F|
|poke|p2|Metagross, L50|
|poke|p2|Garchomp, L50, F|
|poke|p2|Talonflame, L50, M|
|poke|p2|Eelektross, L50, F|
|poke|p2|Basculegion, L50, M|
|poke|p2|Kingambit, L50, F|
|teampreview|4
|showteam|p1|Raichu||RaichuniteY|LightningRod|GrassKnot,Protect,ZapCannon,FocusBlast|Timid||M|||50|]Froslass||Froslassite|SnowCloak|AuroraVeil,Blizzard,ShadowBall,Protect|Timid||F|||50|]Talonflame||ExpertBelt|GaleWings|Tailwind,Protect,FlareBlitz,BraveBird|Jolly||F|||50|]Gholdengo||LifeOrb|GoodasGold|MakeItRain,ShadowBall,Protect,NastyPlot|Modest|||||50|]Hydreigon||FocusSash|Levitate|DarkPulse,DracoMeteor,Protect,EarthPower|Serious||M|||50|]Farigiraf||SitrusBerry|ArmorTail|DazzlingGleam,HyperVoice,Psychic,Protect|Modest||F|||50|
|showteam|p2|Metagross||Metagrossite|ClearBody|IronHead,PsychicFangs,IcePunch,Protect|Timid|||||50|]Garchomp||LifeOrb|RoughSkin|Earthquake,RockSlide,DragonClaw,Protect|Jolly||F|||50|]Talonflame||SharpBeak|GaleWings|DualWingbeat,FlareBlitz,Tailwind,UpperHand|Jolly||M|||50|]Eelektross||Eelektrossite|Levitate|Thunderbolt,Discharge,GigaDrain,Protect|Modest||F|||50|]Basculegion||MysticWater|Adaptability|AquaJet,WaveCrash,LastRespects,Protect|Adamant||M|||50|]Kingambit||BlackGlasses|Defiant|KowtowCleave,SuckerPunch,LowKick,Protect|Adamant||F|||50|
|
|t:|1782239795
|teamsize|p1|4
|teamsize|p2|4
|start
|switch|p1a: Froslass|Froslass, L50, F|100/100
|switch|p1b: Gholdengo|Gholdengo, L50|100/100
|switch|p2a: Garchomp|Garchomp, L50, F|100/100
|switch|p2b: Talonflame|Talonflame, L50, M|100/100
|turn|1
|
|t:|1782239828
|switch|p1b: Talonflame|Talonflame, L50, F|100/100
|detailschange|p1a: Froslass|Froslass-Mega, L50, F
|-mega|p1a: Froslass|Froslass|Froslassite
|-weather|Snowscape|[from] ability: Snow Warning|[of] p1a: Froslass
|move|p2a: Garchomp|Protect|p2a: Garchomp
|-singleturn|p2a: Garchomp|Protect
|move|p2b: Talonflame|Tailwind|p2b: Talonflame
|-sidestart|p2: MrGardnHose|move: Tailwind
|move|p1a: Froslass|Blizzard|p2a: Garchomp|[spread] p2b
|-activate|p2a: Garchomp|move: Protect
|-damage|p2b: Talonflame|26/100
|
|-weather|Snowscape|[upkeep]
|upkeep
|turn|2
|
|t:|1782239843
|move|p1b: Talonflame|Brave Bird|p2b: Talonflame
|-damage|p2b: Talonflame|0 fnt
|faint|p2b: Talonflame
|-damage|p1b: Talonflame|90/100|[from] Recoil
|move|p2a: Garchomp|Rock Slide|p1b: Talonflame|[spread] p1a,p1b
|-supereffective|p1a: Froslass|1
|-supereffective|p1b: Talonflame|2
|-damage|p1a: Froslass|43/100
|-damage|p1b: Talonflame|0 fnt
|faint|p1b: Talonflame
|-damage|p2a: Garchomp|90/100|[from] item: Life Orb
|move|p1a: Froslass|Blizzard|p2a: Garchomp
|-supereffective|p2a: Garchomp|2
|-damage|p2a: Garchomp|0 fnt
|faint|p2a: Garchomp
|
|-weather|Snowscape|[upkeep]
|upkeep
|
|t:|1782239857
|switch|p2b: Basculegion|Basculegion, L50, M|100/100
|switch|p1b: Gholdengo|Gholdengo, L50|100/100
|switch|p2a: Metagross|Metagross, L50|100/100
|turn|3
|
|t:|1782239879
|switch|p1a: Hydreigon|Hydreigon, L50, M|100/100
|detailschange|p2a: Metagross|Metagross-Mega, L50
|-mega|p2a: Metagross|Metagross|Metagrossite
|move|p2a: Metagross|Iron Head|p1a: Hydreigon
|-damage|p1a: Hydreigon|34/100
|move|p2b: Basculegion|Last Respects|p1b: Gholdengo
|-supereffective|p1b: Gholdengo|1
|-damage|p1b: Gholdengo|0 fnt
|faint|p1b: Gholdengo
|
|-weather|Snowscape|[upkeep]
|upkeep
|
|t:|1782239889
|switch|p1b: Froslass|Froslass-Mega, L50, F|43/100
|turn|4
|
|t:|1782239907
|move|p1b: Froslass|Protect|p1b: Froslass
|-singleturn|p1b: Froslass|Protect
|move|p1a: Hydreigon|Protect|p1a: Hydreigon
|-singleturn|p1a: Hydreigon|Protect
|move|p2a: Metagross|Iron Head|p1b: Froslass
|-activate|p1b: Froslass|move: Protect
|move|p2b: Basculegion|Last Respects|p1a: Hydreigon
|-activate|p1a: Hydreigon|move: Protect
|
|-weather|Snowscape|[upkeep]
|-sideend|p2: MrGardnHose|move: Tailwind
|upkeep
|turn|5
|
|t:|1782239934
|move|p2a: Metagross|Protect|p2a: Metagross
|-singleturn|p2a: Metagross|Protect
|move|p2b: Basculegion|Protect|p2b: Basculegion
|-singleturn|p2b: Basculegion|Protect
|move|p1b: Froslass|Shadow Ball|p2b: Basculegion
|-activate|p2b: Basculegion|move: Protect
|move|p1a: Hydreigon|Earth Power|p2a: Metagross
|-activate|p2a: Metagross|move: Protect
|
|-weather|none
|upkeep
|turn|6
|
|t:|1782239954
|move|p1b: Froslass|Shadow Ball|p2b: Basculegion
|-supereffective|p2b: Basculegion|1
|-damage|p2b: Basculegion|3/100
|move|p2a: Metagross|Iron Head|p1a: Hydreigon
|-damage|p1a: Hydreigon|0 fnt
|faint|p1a: Hydreigon
|move|p2b: Basculegion|Last Respects|p1b: Froslass
|-supereffective|p1b: Froslass|1
|-damage|p1b: Froslass|0 fnt
|faint|p1b: Froslass
|
|win|MrGardnHose
