|j|☆Infernape314
|j|☆tedidn
|html|Infernape314tedidn    
|uhtml|bestof|Game 1 of a best-of-3
|t:|1782629980
|gametype|doubles
|player|p1|Infernape314|thorton|1311
|player|p2|tedidn|marshal|1348
|gen|9
|tier|[Gen 9 Champions] VGC 2026 Reg M-B (Bo3)
|rated|
|rule|Species Clause: Limit one of each Pokémon
|rule|Item Clause: Limit 1 of each item
|clearpoke
|poke|p1|Archaludon, L50, M|
|poke|p1|Swampert, L50, M|
|poke|p1|Pelipper, L50, F|
|poke|p1|Dragapult, L50, M|
|poke|p1|Scizor, L50, F|
|poke|p1|Heliolisk, L50, F|
|poke|p2|Froslass, L50, F|
|poke|p2|Scovillain, L50, F, shiny|
|poke|p2|Basculegion, L50, M|
|poke|p2|Kingambit, L50, M|
|poke|p2|Sneasler, L50, F|
|poke|p2|Lycanroc-Dusk, L50, M, shiny|
|teampreview|4
|showteam|p1|Archaludon||Leftovers|Stamina|DragonPulse,ElectroShot,FlashCannon,Protect|Modest||M|||50|]Swampert||Swampertite|Torrent|WaveCrash,HighHorsepower,IcePunch,Protect|Adamant||M|||50|]Pelipper||SitrusBerry|Drizzle|WeatherBall,Hurricane,WideGuard,Protect|Bold||F|||50|]Dragapult||FocusSash|ClearBody|DracoMeteor,ShadowBall,WillOWisp,Protect|Timid||M|||50|]Scizor||Scizorite|Technician|BulletPunch,CloseCombat,Protect,BugBite|Adamant||F|||50|]Heliolisk||ChoiceScarf|DrySkin|Thunderbolt,Electroweb,VoltSwitch,DarkPulse|Modest||F|||50|
|showteam|p2|Froslass||Froslassite|CursedBody|Blizzard,ShadowBall,AuroraVeil,Protect|Modest||F|||50|]Scovillain||Scovillainite|Moody|GigaDrain,Overheat,RagePowder,Protect|Bold||F|||50|]Basculegion||SitrusBerry|Adaptability|WaveCrash,LastRespects,AquaJet,Protect|Adamant||M|||50|]Kingambit||BlackGlasses|Defiant|KowtowCleave,SuckerPunch,SwordsDance,Protect|Adamant||M|||50|]Sneasler||WhiteHerb|Unburden|CloseCombat,GunkShot,Protect,FakeOut|Adamant||F|||50|]Lycanroc-Dusk||FocusSash|ToughClaws|CloseCombat,Accelerock,RockSlide,Protect|Adamant||M|||50|
|inactive|Battle timer is ON: inactive players will automatically lose when time's up. (requested by tedidn)
|inactive|Infernape314 also wants the timer to be on.
|inactive|tedidn has 60 seconds left.
|
|t:|1782630012
|teamsize|p1|4
|teamsize|p2|4
|start
|switch|p1a: Dragapult|Dragapult, L50, M|100/100
|switch|p1b: Scizor|Scizor, L50, F|100/100
|switch|p2a: Froslass|Froslass, L50, F|100/100
|switch|p2b: Basculegion|Basculegion, L50, M|100/100
|turn|1
|
|t:|1782630036
|switch|p2a: Kingambit|Kingambit, L50, M|100/100
|move|p1b: Scizor|Bullet Punch|p2a: Kingambit
|-resisted|p2a: Kingambit|1
|-damage|p2a: Kingambit|86/100
|move|p1a: Dragapult|Will-O-Wisp|p2b: Basculegion
|-status|p2b: Basculegion|brn
|move|p2b: Basculegion|Wave Crash|p1b: Scizor
|-damage|p1b: Scizor|60/100
|-damage|p2b: Basculegion|89/100 brn|[from] Recoil
|
|-damage|p2b: Basculegion|83/100 brn|[from] brn
|upkeep
|turn|2
|inactive|Infernape314 has 30 seconds left.
|
|t:|1782630067
|move|p1b: Scizor|Protect|p1b: Scizor
|-singleturn|p1b: Scizor|Protect
|move|p2a: Kingambit|Protect|p2a: Kingambit
|-singleturn|p2a: Kingambit|Protect
|move|p1a: Dragapult|Will-O-Wisp|p2a: Kingambit
|-activate|p2a: Kingambit|move: Protect
|move|p2b: Basculegion|Wave Crash|p1b: Scizor
|-activate|p1b: Scizor|move: Protect
|
|-damage|p2b: Basculegion|77/100 brn|[from] brn
|upkeep
|turn|3
|
|t:|1782630085
|switch|p2a: Froslass|Froslass, L50, F|100/100
|move|p1a: Dragapult|Shadow Ball|p2b: Basculegion
|-supereffective|p2b: Basculegion|1
|-damage|p2b: Basculegion|10/100 brn
|-enditem|p2b: Basculegion|Sitrus Berry|[eat]
|-heal|p2b: Basculegion|35/100 brn|[from] item: Sitrus Berry
|move|p2b: Basculegion|Last Respects|p1a: Dragapult
|-supereffective|p1a: Dragapult|1
|-damage|p1a: Dragapult|57/100
|move|p1b: Scizor|Close Combat|p2a: Froslass
|-immune|p2a: Froslass
|
|-damage|p2b: Basculegion|29/100 brn|[from] brn
|upkeep
|turn|4
|
|t:|1782630106
|detailschange|p2a: Froslass|Froslass-Mega, L50, F
|-mega|p2a: Froslass|Froslass|Froslassite
|-weather|Snowscape|[from] ability: Snow Warning|[of] p2a: Froslass
|move|p1a: Dragapult|Protect|p1a: Dragapult
|-singleturn|p1a: Dragapult|Protect
|move|p2a: Froslass|Protect|p2a: Froslass
|-singleturn|p2a: Froslass|Protect
|move|p2b: Basculegion|Aqua Jet|p1b: Scizor
|-damage|p1b: Scizor|47/100
|move|p1b: Scizor|Bullet Punch|p2a: Froslass
|-activate|p2a: Froslass|move: Protect
|
|-weather|Snowscape|[upkeep]
|-damage|p2b: Basculegion|23/100 brn|[from] brn
|upkeep
|turn|5
|
|t:|1782630130
|switch|p2a: Kingambit|Kingambit, L50, M|86/100
|switch|p1b: Pelipper|Pelipper, L50, F|100/100
|-weather|RainDance|[from] ability: Drizzle|[of] p1b: Pelipper
|move|p1a: Dragapult|Shadow Ball|p2b: Basculegion
|-supereffective|p2b: Basculegion|1
|-damage|p2b: Basculegion|0 fnt
|faint|p2b: Basculegion
|
|-weather|RainDance|[upkeep]
|upkeep
|
|t:|1782630138
|switch|p2b: Froslass|Froslass-Mega, L50, F|100/100
|-weather|Snowscape|[from] ability: Snow Warning|[of] p2b: Froslass
|turn|6
|
|t:|1782630149
|switch|p1b: Scizor|Scizor, L50, F|47/100
|move|p1a: Dragapult|Protect|p1a: Dragapult
|-singleturn|p1a: Dragapult|Protect
|move|p2a: Kingambit|Sucker Punch||[still]
|-fail|p2a: Kingambit
|move|p2b: Froslass|Shadow Ball|p1a: Dragapult
|-activate|p1a: Dragapult|move: Protect
|
|-weather|Snowscape|[upkeep]
|upkeep
|turn|7
|
|t:|1782630161
|switch|p1b: Pelipper|Pelipper, L50, F|100/100
|-weather|RainDance|[from] ability: Drizzle|[of] p1b: Pelipper
|move|p2a: Kingambit|Sucker Punch||[still]
|-fail|p2a: Kingambit
|move|p1a: Dragapult|Will-O-Wisp|p2a: Kingambit
|-status|p2a: Kingambit|brn
|move|p2b: Froslass|Shadow Ball|p1b: Pelipper
|-damage|p1b: Pelipper|38/100
|-enditem|p1b: Pelipper|Sitrus Berry|[eat]
|-heal|p1b: Pelipper|63/100|[from] item: Sitrus Berry
|
|-weather|RainDance|[upkeep]
|-damage|p2a: Kingambit|81/100 brn|[from] brn
|upkeep
|turn|8
|
|t:|1782630178
|move|p2a: Kingambit|Sucker Punch|p1a: Dragapult
|-supereffective|p1a: Dragapult|1
|-damage|p1a: Dragapult|0 fnt
|faint|p1a: Dragapult
|move|p2b: Froslass|Blizzard|p1b: Pelipper
|-damage|p1b: Pelipper|0 fnt
|faint|p1b: Pelipper
|
|-weather|RainDance|[upkeep]
|-damage|p2a: Kingambit|75/100 brn|[from] brn
|upkeep
|
|t:|1782630186
|switch|p1a: Swampert|Swampert, L50, M|100/100
|switch|p1b: Scizor|Scizor, L50, F|47/100
|turn|9
|
|t:|1782630207
|switch|p2b: Sneasler|Sneasler, L50, F|100/100
|detailschange|p1a: Swampert|Swampert-Mega, L50, M
|-mega|p1a: Swampert|Swampert|Swampertite
|move|p1a: Swampert|Wave Crash|p2b: Sneasler
|-damage|p2b: Sneasler|0 fnt
|faint|p2b: Sneasler
|-damage|p1a: Swampert|69/100|[from] Recoil
|move|p1b: Scizor|Close Combat|p2a: Kingambit
|-supereffective|p2a: Kingambit|2
|-damage|p2a: Kingambit|0 fnt
|-unboost|p1b: Scizor|def|1
|-unboost|p1b: Scizor|spd|1
|faint|p2a: Kingambit
|
|-weather|RainDance|[upkeep]
|upkeep
|
|t:|1782630215
|switch|p2b: Froslass|Froslass-Mega, L50, F|100/100
|-weather|Snowscape|[from] ability: Snow Warning|[of] p2b: Froslass
|turn|10
|
|t:|1782630225
|move|p1b: Scizor|Bullet Punch|p2b: Froslass
|-supereffective|p2b: Froslass|1
|-damage|p2b: Froslass|32/100
|move|p2b: Froslass|Blizzard|p1a: Swampert|[spread] p1a,p1b
|-resisted|p1b: Scizor|1
|-damage|p1a: Swampert|31/100
|-damage|p1b: Scizor|10/100
|move|p1a: Swampert|Wave Crash|p2b: Froslass
|-damage|p2b: Froslass|0 fnt
|faint|p2b: Froslass
|-damage|p1a: Swampert|21/100|[from] Recoil
|
|win|Infernape314
