|j|☆GizmoBaneling
|j|☆Arahelis
|html|GizmoBanelingArahelis    
|uhtml|bestof|Game 3 of a best-of-3
|t:|1784305499
|gametype|doubles
|player|p1|GizmoBaneling|169|
|player|p2|Arahelis|sailor|
|gen|9
|tier|[Gen 9 Champions] VGC 2026 Reg M-B (Bo3)
|rule|Species Clause: Limit one of each Pokémon
|rule|Item Clause: Limit 1 of each item
|clearpoke
|poke|p1|Scolipede, L50, F|
|poke|p1|Kingambit, L50, F|
|poke|p1|Garchomp, L50, F|
|poke|p1|Blastoise, L50, F|
|poke|p1|Incineroar, L50, M|
|poke|p1|Grimmsnarl, L50, M|
|poke|p2|Eelektross, L50, F|
|poke|p2|Zoroark-Hisui, L50, F|
|poke|p2|Ninetales-Alola, L50, F|
|poke|p2|Whimsicott, L50, F|
|poke|p2|Scrafty, L50, F|
|poke|p2|Garchomp, L50, F|
|teampreview|4
|showteam|p1|Scolipede||Scolipite|SpeedBoost|LeechLife,PoisonJab,SwordsDance,Protect|Adamant||F|||50|]Kingambit||ChopleBerry|Defiant|KowtowCleave,IronHead,SuckerPunch,SwordsDance|Adamant||F|||50|]Garchomp||LifeOrb|RoughSkin|Earthquake,DragonClaw,RockSlide,Protect|Adamant||F|||50|]Blastoise||Blastoisinite|RainDish|Surf,AuraSphere,ShellSmash,Protect|Modest||F|||50|]Incineroar||SitrusBerry|Intimidate|FlareBlitz,DarkestLariat,FakeOut,PartingShot|Adamant||M|||50|]Grimmsnarl||LightClay|Prankster|SpiritBreak,FakeOut,PartingShot,LightScreen|Adamant||M|||50|
|showteam|p2|Eelektross||Eelektrossite|Levitate|GigaDrain,Thunderbolt,FlashCannon,Protect|Modest||F|||50|]Zoroark-Hisui||FocusSash|Illusion|IcyWind,BitterMalice,Snarl,Protect|Timid||F|||50|]Ninetales-Alola||LightClay|SnowWarning|AuroraVeil,Blizzard,DazzlingGleam,Protect|Timid||F|||50|]Whimsicott||MentalHerb|Prankster|Encore,FakeTears,Tailwind,LeechSeed|Calm||F|||50|]Scrafty||SitrusBerry|Intimidate|FakeOut,QuickGuard,KnockOff,Protect|Careful||F|||50|]Garchomp||LifeOrb|RoughSkin|Earthquake,RockSlide,BreakingSwipe,Protect|Jolly||F|||50|
|
|t:|1784305521
|teamsize|p1|4
|teamsize|p2|4
|start
|switch|p1a: Scolipede|Scolipede, L50, F|100/100
|switch|p1b: Grimmsnarl|Grimmsnarl, L50, M|100/100
|switch|p2a: Khezu|Eelektross, L50, F|100/100
|switch|p2b: Cephadrome|Garchomp, L50, F|100/100
|turn|1
|
|t:|1784305536
|detailschange|p2a: Khezu|Eelektross-Mega, L50, F
|-mega|p2a: Khezu|Eelektross|Eelektrossite
|move|p1a: Scolipede|Protect|p1a: Scolipede
|-singleturn|p1a: Scolipede|Protect
|move|p1b: Grimmsnarl|Light Screen|p1b: Grimmsnarl
|-sidestart|p1: GizmoBaneling|move: Light Screen
|move|p2b: Cephadrome|Earthquake|p1a: Scolipede|[spread] p1b
|-activate|p1a: Scolipede|move: Protect
|-immune|p2a: Khezu|[from] ability: Eelevate
|-damage|p1b: Grimmsnarl|46/100
|-damage|p2b: Cephadrome|90/100|[from] item: Life Orb
|move|p2a: Khezu|Flash Cannon|p1b: Grimmsnarl
|-supereffective|p1b: Grimmsnarl|1
|-damage|p1b: Grimmsnarl|2/100
|
|-ability|p1a: Scolipede|Speed Boost|boost
|-boost|p1a: Scolipede|spe|1
|upkeep
|turn|2
|
|t:|1784305572
|detailschange|p1a: Scolipede|Scolipede-Mega, L50, F
|-mega|p1a: Scolipede|Scolipede|Scolipite
|move|p1b: Grimmsnarl|Parting Shot|p2a: Khezu
|-unboost|p2a: Khezu|atk|1
|-unboost|p2a: Khezu|spa|1
|
|t:|1784305578
|switch|p1b: Garchomp|Garchomp, L50, F|100/100|[from] Parting Shot
|move|p2b: Cephadrome|Breaking Swipe|p1a: Scolipede|[spread] p1a,p1b
|-supereffective|p1b: Garchomp|1
|-damage|p1a: Scolipede|71/100
|-damage|p1b: Garchomp|41/100
|-unboost|p1a: Scolipede|atk|1
|-unboost|p1b: Garchomp|atk|1
|-damage|p2b: Cephadrome|77/100|[from] ability: Rough Skin|[of] p1b: Garchomp
|-damage|p2b: Cephadrome|68/100|[from] item: Life Orb
|move|p1a: Scolipede|Leech Life|p2b: Cephadrome
|-damage|p2b: Cephadrome|33/100
|-heal|p1a: Scolipede|94/100|[from] drain|[of] p2b: Cephadrome
|-damage|p1a: Scolipede|82/100|[from] ability: Rough Skin|[of] p2b: Cephadrome
|move|p2a: Khezu|Flash Cannon|p1b: Garchomp
|-damage|p1b: Garchomp|25/100
|
|upkeep
|turn|3
|c|☆GizmoBaneling|what
|c|☆GizmoBaneling|oh that's incredibly annoying
|c|☆GizmoBaneling|i need to give scoliopede max speed if it's 1 point slower than chomp after a speedbost
|
|t:|1784305646
|switch|p1a: Grimmsnarl|Grimmsnarl, L50, M|2/100
|switch|p2a: Volvidion|Scrafty, L50, F|100/100
|-ability|p2a: Volvidion|Intimidate|boost
|-unboost|p1a: Grimmsnarl|atk|1
|-unboost|p1b: Garchomp|atk|1
|move|p2b: Cephadrome|Protect|p2b: Cephadrome
|-singleturn|p2b: Cephadrome|Protect
|move|p1b: Garchomp|Protect||[still]
|-fail|p1b: Garchomp
|
|upkeep
|turn|4
|
|t:|1784305670
|switch|p1b: Scolipede|Scolipede-Mega, L50, F|82/100
|move|p1a: Grimmsnarl|Parting Shot|p2b: Cephadrome
|-unboost|p2b: Cephadrome|atk|1
|-unboost|p2b: Cephadrome|spa|1
|
|t:|1784305675
|switch|p1a: Garchomp|Garchomp, L50, F|25/100|[from] Parting Shot
|move|p2b: Cephadrome|Rock Slide|p1b: Scolipede|[spread] p1a,p1b
|-resisted|p1a: Garchomp|1
|-supereffective|p1b: Scolipede|1
|-damage|p1a: Garchomp|17/100
|-damage|p1b: Scolipede|52/100
|-damage|p2b: Cephadrome|23/100|[from] item: Life Orb
|move|p2a: Volvidion|Knock Off|p1b: Scolipede
|-damage|p1b: Scolipede|33/100
|
|upkeep
|turn|5
|
|t:|1784305703
|move|p2b: Cephadrome|Breaking Swipe|p1a: Garchomp|[spread] p1a,p1b
|-supereffective|p1a: Garchomp|1
|-damage|p1a: Garchomp|0 fnt
|-damage|p1b: Scolipede|16/100
|-unboost|p1b: Scolipede|atk|1
|-damage|p2b: Cephadrome|11/100|[from] ability: Rough Skin|[of] p1a: Garchomp
|faint|p1a: Garchomp
|-damage|p2b: Cephadrome|1/100|[from] item: Life Orb
|move|p1b: Scolipede|Leech Life|p2a: Volvidion
|-damage|p2a: Volvidion|72/100
|-heal|p1b: Scolipede|33/100|[from] drain|[of] p2a: Volvidion
|move|p2a: Volvidion|Knock Off|p1b: Scolipede
|-damage|p1b: Scolipede|14/100
|
|upkeep
|
|t:|1784305719
|switch|p1a: Kingambit|Kingambit, L50, F|100/100
|turn|6
|
|t:|1784305727
|move|p1b: Scolipede|Protect|p1b: Scolipede
|-singleturn|p1b: Scolipede|Protect
|move|p2a: Volvidion|Quick Guard|p2a: Volvidion
|-singleturn|p2a: Volvidion|Quick Guard
|move|p1a: Kingambit|Sucker Punch|p2b: Cephadrome
|-activate|p2b: Cephadrome|move: Quick Guard
|move|p2b: Cephadrome|Earthquake|p1b: Scolipede|[spread] p2a,p1a
|-activate|p1b: Scolipede|move: Protect
|-supereffective|p1a: Kingambit|1
|-damage|p2a: Volvidion|44/100
|-damage|p1a: Kingambit|47/100
|-enditem|p2a: Volvidion|Sitrus Berry|[eat]
|-heal|p2a: Volvidion|69/100|[from] item: Sitrus Berry
|-damage|p2b: Cephadrome|0 fnt|[from] item: Life Orb
|faint|p2b: Cephadrome
|
|upkeep
|c|☆Arahelis|Ah
|c|☆Arahelis|Fuck
|
|t:|1784305749
|switch|p2b: Kirin Oroshi|Ninetales-Alola, L50, F|100/100
|-weather|Snowscape|[from] ability: Snow Warning|[of] p2b: Kirin Oroshi
|turn|7
|
|t:|1784305760
|switch|p1b: Grimmsnarl|Grimmsnarl, L50, M|2/100
|move|p2a: Volvidion|Quick Guard|p2a: Volvidion
|-singleturn|p2a: Volvidion|Quick Guard
|move|p2b: Kirin Oroshi|Dazzling Gleam|p1b: Grimmsnarl|[spread] p1a,p1b
|-supereffective|p1b: Grimmsnarl|1
|-damage|p1a: Kingambit|31/100
|-damage|p1b: Grimmsnarl|0 fnt
|faint|p1b: Grimmsnarl
|move|p1a: Kingambit|Swords Dance|p1a: Kingambit
|-boost|p1a: Kingambit|atk|2
|
|-weather|Snowscape|[upkeep]
|upkeep
|
|t:|1784305771
|switch|p1b: Scolipede|Scolipede-Mega, L50, F|14/100
|turn|8
|
|t:|1784305783
|move|p2b: Kirin Oroshi|Protect|p2b: Kirin Oroshi
|-singleturn|p2b: Kirin Oroshi|Protect
|move|p1b: Scolipede|Protect|p1b: Scolipede
|-singleturn|p1b: Scolipede|Protect
|move|p2a: Volvidion|Protect||[still]
|-fail|p2a: Volvidion
|move|p1a: Kingambit|Iron Head|p2b: Kirin Oroshi
|-activate|p2b: Kirin Oroshi|move: Protect
|
|-weather|Snowscape|[upkeep]
|-sideend|p1: GizmoBaneling|move: Light Screen
|upkeep
|turn|9
|c|☆GizmoBaneling|gg
|c|☆Arahelis|ggwp
|
|t:|1784305799
|move|p2a: Volvidion|Quick Guard|p2a: Volvidion
|-singleturn|p2a: Volvidion|Quick Guard
|move|p2b: Kirin Oroshi|Dazzling Gleam|p1b: Scolipede|[spread] p1a,p1b
|-resisted|p1b: Scolipede|1
|-damage|p1a: Kingambit|9/100
|-damage|p1b: Scolipede|0 fnt
|faint|p1b: Scolipede
|move|p1a: Kingambit|Iron Head|p2b: Kirin Oroshi
|-supereffective|p2b: Kirin Oroshi|2
|-damage|p2b: Kirin Oroshi|0 fnt
|faint|p2b: Kirin Oroshi
|
|-weather|Snowscape|[upkeep]
|upkeep
|
|t:|1784305809
|switch|p2b: Khezu|Eelektross-Mega, L50, F|100/100
|turn|10
|c|☆GizmoBaneling|i should've just committed and brought incin
|
|t:|1784305832
|move|p2b: Khezu|Thunderbolt|p1a: Kingambit
|-damage|p1a: Kingambit|0 fnt
|faint|p1a: Kingambit
|
|win|Arahelis
