|j|☆random_gibus
|j|☆natsukivgc
|html|random_gibusnatsukivgc    
|uhtml|bestof|Game 1 of a best-of-3
|t:|1785700762
|gametype|doubles
|player|p1|random_gibus|101|1157
|player|p2|natsukivgc|102|1295
|gen|9
|tier|[Gen 9 Champions] VGC 2026 Reg M-B (Bo3)
|rated|
|rule|Species Clause: Limit one of each Pokémon
|rule|Item Clause: Limit 1 of each item
|clearpoke
|poke|p1|Gholdengo, L50|
|poke|p1|Excadrill, L50, F|
|poke|p1|Tyranitar, L50, M|
|poke|p1|Sinistcha, L50|
|poke|p1|Staraptor, L50, F|
|poke|p1|Whimsicott, L50, M|
|poke|p2|Garchomp, L50, M|
|poke|p2|Charizard, L50, M|
|poke|p2|Kingambit, L50, F|
|poke|p2|Basculegion, L50, M|
|poke|p2|Whimsicott, L50, F|
|poke|p2|Floette-Eternal, L50, F|
|teampreview|4
|showteam|p1|Gholdengo||LifeOrb|GoodasGold|MakeItRain,ShadowBall,DazzlingGleam,Protect|Modest|||||50|]Excadrill||FocusSash|SandRush|Earthquake,IronHead,RockSlide,Protect|Adamant||F|||50|]Tyranitar||Tyranitarite|SandStream|RockSlide,KnockOff,LowKick,Protect|Adamant||M|||50|]Sinistcha||OccaBerry|Hospitality|MatchaGotcha,RagePowder,TrickRoom,Protect|Sassy|||||50|]Staraptor||Staraptite|Intimidate|BraveBird,CloseCombat,Tailwind,Protect|Jolly||F|||50|]Whimsicott||MentalHerb|Prankster|Moonblast,Encore,Tailwind,Protect|Modest||M|||50|
|showteam|p2|Garchomp||SitrusBerry|RoughSkin|RockSlide,DragonTail,StompingTantrum,PoisonJab|Adamant||M|||50|]Charizard||CharizarditeY|Blaze|HeatWave,SolarBeam,WeatherBall,Protect|Modest||M|||50|]Kingambit||LifeOrb|Defiant|KowtowCleave,IronHead,SuckerPunch,LowKick|Adamant||F|||50|]Basculegion||ChoiceScarf|Adaptability|LastRespects,WaveCrash,FlipTurn,AquaJet|Jolly||M|||50|]Whimsicott||FocusSash|Prankster|Tailwind,Moonblast,Encore,Protect|Timid||F|||50|]Floette-Eternal||Floettite|FlowerVeil|DazzlingGleam,Moonblast,LightofRuin,Protect|Modest||F|||50|
|c|☆random_gibus|first zard on showdown
|c|☆random_gibus|about time
|c|☆natsukivgc|im scared.
|c|☆natsukivgc|bringing floette.
|c|☆random_gibus|please do, my mole is hungry
|
|t:|1785700830
|teamsize|p1|4
|teamsize|p2|4
|start
|switch|p1a: Whimsicott|Whimsicott, L50, M|100/100
|switch|p1b: Gholdengo|Gholdengo, L50|100/100
|switch|p2a: Whimsicott|Whimsicott, L50, F|100/100
|switch|p2b: Charizard|Charizard, L50, M|100/100
|turn|1
|c|☆natsukivgc|I LIED!
|
|t:|1785700850
|detailschange|p2b: Charizard|Charizard-Mega-Y, L50, M
|-mega|p2b: Charizard|Charizard|Charizardite Y
|-weather|SunnyDay|[from] ability: Drought|[of] p2b: Charizard
|move|p1a: Whimsicott|Protect|p1a: Whimsicott
|-singleturn|p1a: Whimsicott|Protect
|move|p1b: Gholdengo|Protect|p1b: Gholdengo
|-singleturn|p1b: Gholdengo|Protect
|move|p2a: Whimsicott|Tailwind|p2a: Whimsicott
|-sidestart|p2: natsukivgc|move: Tailwind
|move|p2b: Charizard|Heat Wave|p1a: Whimsicott|[spread] 
|-activate|p1a: Whimsicott|move: Protect
|-activate|p1b: Gholdengo|move: Protect
|
|-weather|SunnyDay|[upkeep]
|upkeep
|turn|2
|
|t:|1785700873
|switch|p2b: Kingambit|Kingambit, L50, F|100/100
|switch|p1b: Tyranitar|Tyranitar, L50, M|100/100
|-weather|Sandstorm|[from] ability: Sand Stream|[of] p1b: Tyranitar
|move|p1a: Whimsicott|Tailwind|p1a: Whimsicott
|-sidestart|p1: random_gibus|move: Tailwind
|move|p2a: Whimsicott|Moonblast|p1b: Tyranitar
|-supereffective|p1b: Tyranitar|1
|-damage|p1b: Tyranitar|54/100
|
|-weather|Sandstorm|[upkeep]
|-damage|p2a: Whimsicott|94/100|[from] Sandstorm
|-damage|p1a: Whimsicott|94/100|[from] Sandstorm
|upkeep
|turn|3
|
|t:|1785700905
|move|p2a: Whimsicott|Encore|p1a: Whimsicott
|-start|p1a: Whimsicott|Encore
|-enditem|p1a: Whimsicott|Mental Herb
|-end|p1a: Whimsicott|Encore
|move|p1a: Whimsicott|Moonblast|p2b: Kingambit
|-damage|p2b: Kingambit|55/100
|move|p1b: Tyranitar|Low Kick|p2b: Kingambit
|-supereffective|p2b: Kingambit|2
|-damage|p2b: Kingambit|0 fnt
|faint|p2b: Kingambit
|
|-weather|Sandstorm|[upkeep]
|-damage|p2a: Whimsicott|88/100|[from] Sandstorm
|-damage|p1a: Whimsicott|88/100|[from] Sandstorm
|upkeep
|
|t:|1785700922
|switch|p2b: Charizard|Charizard-Mega-Y, L50, M|100/100
|-weather|SunnyDay|[from] ability: Drought|[of] p2b: Charizard
|turn|4
|c|☆random_gibus|does no one read the team sheet?
|
|t:|1785700936
|detailschange|p1b: Tyranitar|Tyranitar-Mega, L50, M
|-mega|p1b: Tyranitar|Tyranitar|Tyranitarite
|-weather|Sandstorm|[from] ability: Sand Stream|[of] p1b: Tyranitar
|move|p2a: Whimsicott|Moonblast|p1b: Tyranitar
|-supereffective|p1b: Tyranitar|1
|-damage|p1b: Tyranitar|15/100
|move|p1a: Whimsicott|Moonblast|p2a: Whimsicott
|-damage|p2a: Whimsicott|23/100
|move|p2b: Charizard|Heat Wave|p1a: Whimsicott|[spread] p1a,p1b
|-supereffective|p1a: Whimsicott|1
|-crit|p1a: Whimsicott
|-resisted|p1b: Tyranitar|1
|-damage|p1a: Whimsicott|0 fnt
|-damage|p1b: Tyranitar|3/100
|faint|p1a: Whimsicott
|move|p1b: Tyranitar|Rock Slide|p2b: Charizard|[spread] p2a,p2b
|-supereffective|p2b: Charizard|2
|-damage|p2a: Whimsicott|0 fnt
|-damage|p2b: Charizard|0 fnt
|faint|p2a: Whimsicott
|faint|p2b: Charizard
|
|-weather|Sandstorm|[upkeep]
|-sideend|p2: natsukivgc|move: Tailwind
|upkeep
|c|☆natsukivgc|i just click buttons mate
|
|t:|1785700966
|switch|p1a: Gholdengo|Gholdengo, L50|100/100
|switch|p2b: Basculegion|Basculegion, L50, M|100/100
|turn|5
|
|t:|1785700985
|move|p1a: Gholdengo|Shadow Ball|p2b: Basculegion
|-supereffective|p2b: Basculegion|1
|-crit|p2b: Basculegion
|-damage|p2b: Basculegion|0 fnt
|faint|p2b: Basculegion
|-damage|p1a: Gholdengo|90/100|[from] item: Life Orb
|
|win|random_gibus
