|j|☆anino23
|j|☆mochigno
|html|anino23mochigno    
|uhtml|bestof|Game 2 of a best-of-3
|t:|1783777614
|gametype|doubles
|player|p1|anino23|2|1134
|player|p2|mochigno|169|1130
|gen|9
|tier|[Gen 9 Champions] VGC 2026 Reg M-B (Bo3)
|rated|
|rule|Species Clause: Limit one of each Pokémon
|rule|Item Clause: Limit 1 of each item
|clearpoke
|poke|p1|Pyroar, L50, F, shiny|
|poke|p1|Scrafty, L50, M|
|poke|p1|Mamoswine, L50, F|
|poke|p1|Venusaur, L50, F|
|poke|p1|Torkoal, L50, F|
|poke|p1|Farigiraf, L50, M|
|poke|p2|Rotom-Wash, L50|
|poke|p2|Garchomp, L50, F|
|poke|p2|Kingambit, L50, M|
|poke|p2|Sceptile, L50, F|
|poke|p2|Talonflame, L50, F|
|poke|p2|Incineroar, L50, M|
|teampreview|4
|showteam|p1|Pyroar||Pyroarite|Unnerve|HeatWave,Overheat,Yawn,Protect|Timid||F|||50|]Scrafty||Scraftinite|Intimidate|FakeOut,KnockOff,DrainPunch,IcePunch|Adamant||M|||50|]Mamoswine||FocusSash|Oblivious|IceShard,HighHorsepower,RockSlide,Protect|Jolly||F|||50|]Venusaur||LifeOrb|Chlorophyll|EnergyBall,EarthPower,SludgeBomb,Protect|Modest||F|||50|]Torkoal||HeatRock|Drought|Eruption,HelpingHand,WeatherBall,Protect|Quiet||F|||50|]Farigiraf||SitrusBerry|ArmorTail|Psychic,Thunderbolt,TrickRoom,Protect|Quiet||M|||50|
|showteam|p2|Rotom-Wash||ChoiceScarf|Levitate|Discharge,VoltSwitch,Electroweb,HydroPump|Timid|||||50|]Garchomp||LifeOrb|RoughSkin|DragonClaw,StompingTantrum,Earthquake,Protect|Jolly||F|||50|]Kingambit||ExpertBelt|Defiant|SuckerPunch,IronHead,KowtowCleave,Protect|Adamant||M|||50|]Sceptile||Sceptilite|Unburden|EarthPower,DragonPulse,GrassKnot,Protect|Timid||F|||50|]Talonflame||MentalHerb|GaleWings|WillOWisp,DualWingbeat,Tailwind,Protect|Jolly||F|||50|]Incineroar||SitrusBerry|Intimidate|Snarl,BurningJealousy,FakeOut,PartingShot|Sassy||M|||50|
|inactive|Battle timer is ON: inactive players will automatically lose when time's up. (requested by anino23)
|inactive|anino23 has 60 seconds left.
|
|t:|1783777668
|teamsize|p1|4
|teamsize|p2|4
|start
|switch|p1a: Scrafty|Scrafty, L50, M|100/100
|switch|p1b: Farigiraf|Farigiraf, L50, M|100/100
|switch|p2a: Talonflame|Talonflame, L50, F|100/100
|switch|p2b: Incineroar|Incineroar, L50, M|100/100
|-ability|p1a: Scrafty|Intimidate|boost
|-unboost|p2a: Talonflame|atk|1
|-unboost|p2b: Incineroar|atk|1
|-ability|p2b: Incineroar|Intimidate|boost
|-unboost|p1a: Scrafty|atk|1
|-unboost|p1b: Farigiraf|atk|1
|turn|1
|
|t:|1783777692
|detailschange|p1a: Scrafty|Scrafty-Mega, L50, M
|-mega|p1a: Scrafty|Scrafty|Scraftinite
|-ability|p1a: Scrafty|Intimidate|boost
|-unboost|p2a: Talonflame|atk|1
|-unboost|p2b: Incineroar|atk|1
|move|p1a: Scrafty|Fake Out|p2a: Talonflame
|-damage|p2a: Talonflame|83/100
|cant|p2a: Talonflame|flinch
|move|p2b: Incineroar|Parting Shot|p1b: Farigiraf
|-unboost|p1b: Farigiraf|atk|1
|-unboost|p1b: Farigiraf|spa|1
|
|t:|1783777704
|switch|p2b: Rotom|Rotom-Wash, L50|100/100|[from] Parting Shot
|move|p1b: Farigiraf|Trick Room|p1b: Farigiraf
|-fieldstart|move: Trick Room|[of] p1b: Farigiraf
|
|upkeep
|turn|2
|
|t:|1783777721
|move|p2a: Talonflame|Protect|p2a: Talonflame
|-singleturn|p2a: Talonflame|Protect
|move|p1b: Farigiraf|Thunderbolt|p2a: Talonflame
|-activate|p2a: Talonflame|move: Protect
|move|p1a: Scrafty|Knock Off|p2b: Rotom
|-damage|p2b: Rotom|45/100
|-enditem|p2b: Rotom|Choice Scarf|[from] move: Knock Off|[of] p1a: Scrafty
|move|p2b: Rotom|Volt Switch|p1a: Scrafty
|-damage|p1a: Scrafty|75/100
|
|t:|1783777734
|switch|p2b: Incineroar|Incineroar, L50, M|100/100|[from] Volt Switch
|-ability|p2b: Incineroar|Intimidate|boost
|-unboost|p1a: Scrafty|atk|1
|-unboost|p1b: Farigiraf|atk|1
|
|upkeep
|turn|3
|
|t:|1783777742
|switch|p1a: Torkoal|Torkoal, L50, F|100/100
|-weather|SunnyDay|[from] ability: Drought|[of] p1a: Torkoal
|move|p2b: Incineroar|Snarl|p1b: Farigiraf|[spread] p1a,p1b
|-supereffective|p1b: Farigiraf|1
|-damage|p1a: Torkoal|84/100
|-damage|p1b: Farigiraf|76/100
|-unboost|p1a: Torkoal|spa|1
|-unboost|p1b: Farigiraf|spa|1
|move|p1b: Farigiraf|Thunderbolt|p2a: Talonflame
|-supereffective|p2a: Talonflame|1
|-crit|p2a: Talonflame
|-damage|p2a: Talonflame|0 fnt
|faint|p2a: Talonflame
|
|-weather|SunnyDay|[upkeep]
|upkeep
|
|t:|1783777755
|switch|p2a: Rotom|Rotom-Wash, L50|45/100
|turn|4
|
|t:|1783777771
|switch|p1b: Scrafty|Scrafty-Mega, L50, M|75/100
|-ability|p1b: Scrafty|Intimidate|boost
|-unboost|p2a: Rotom|atk|1
|-unboost|p2b: Incineroar|atk|1
|move|p1a: Torkoal|Eruption|p2a: Rotom|[spread] p2a,p2b
|-resisted|p2a: Rotom|1
|-resisted|p2b: Incineroar|1
|-crit|p2b: Incineroar
|-damage|p2a: Rotom|19/100
|-damage|p2b: Incineroar|65/100
|move|p2b: Incineroar|Snarl|p1a: Torkoal|[spread] p1a,p1b
|-resisted|p1b: Scrafty|2
|-damage|p1a: Torkoal|68/100
|-damage|p1b: Scrafty|72/100
|-unboost|p1a: Torkoal|spa|1
|-unboost|p1b: Scrafty|spa|1
|move|p2a: Rotom|Volt Switch|p1b: Scrafty
|-damage|p1b: Scrafty|44/100
|
|t:|1783777787
|switch|p2a: Kingambit|Kingambit, L50, M|100/100|[from] Volt Switch
|
|-weather|SunnyDay|[upkeep]
|upkeep
|turn|5
|
|t:|1783777795
|move|p2a: Kingambit|Protect|p2a: Kingambit
|-singleturn|p2a: Kingambit|Protect
|move|p1a: Torkoal|Weather Ball|p2a: Kingambit
|-activate|p2a: Kingambit|move: Protect
|move|p2b: Incineroar|Parting Shot|p1a: Torkoal
|-unboost|p1a: Torkoal|atk|1
|-unboost|p1a: Torkoal|spa|1
|
|t:|1783777803
|switch|p2b: Rotom|Rotom-Wash, L50|19/100|[from] Parting Shot
|move|p1b: Scrafty|Drain Punch|p2b: Rotom
|-damage|p2b: Rotom|0 fnt
|-heal|p1b: Scrafty|52/100|[from] drain|[of] p2b: Rotom
|faint|p2b: Rotom
|
|-weather|SunnyDay|[upkeep]
|-fieldend|move: Trick Room
|upkeep
|
|t:|1783777809
|switch|p2b: Incineroar|Incineroar, L50, M|65/100
|-ability|p2b: Incineroar|Intimidate|boost
|-unboost|p1a: Torkoal|atk|1
|-unboost|p1b: Scrafty|atk|1
|turn|6
|
|t:|1783777821
|switch|p1a: Farigiraf|Farigiraf, L50, M|76/100
|move|p1b: Scrafty|Drain Punch|p2a: Kingambit
|-supereffective|p2a: Kingambit|2
|-crit|p2a: Kingambit
|-damage|p2a: Kingambit|0 fnt
|-heal|p1b: Scrafty|100/100|[from] drain|[of] p2a: Kingambit
|faint|p2a: Kingambit
|move|p2b: Incineroar|Snarl|p1b: Scrafty|[spread] p1a,p1b
|-supereffective|p1a: Farigiraf|1
|-resisted|p1b: Scrafty|2
|-damage|p1a: Farigiraf|52/100
|-damage|p1b: Scrafty|97/100
|-unboost|p1a: Farigiraf|spa|1
|-unboost|p1b: Scrafty|spa|1
|
|-weather|SunnyDay|[upkeep]
|upkeep
|turn|7
|-message|mochigno forfeited.
|raw|anino23's rating: 1134 → 1159(+25 for winning)
|raw|mochigno's rating: 1130 → 1105(-25 for losing)
|
|win|anino23
|l|☆mochigno
|player|p2|
