|j|☆pekkleduck
|j|☆Cymothoa829469
|html|pekkleduckCymothoa829469    
|uhtml|bestof|Game 2 of a best-of-3
|t:|1783554494
|gametype|doubles
|player|p1|pekkleduck|170|
|player|p2|Cymothoa829469|ingo|
|gen|9
|tier|[Gen 9 Champions] VGC 2026 Reg M-B (Bo3)
|rule|Species Clause: Limit one of each Pokémon
|rule|Item Clause: Limit 1 of each item
|clearpoke
|poke|p1|Greninja, L50, M|
|poke|p1|Swampert, L50, F|
|poke|p1|Grimmsnarl, L50, M|
|poke|p1|Archaludon, L50, M|
|poke|p1|Gholdengo, L50|
|poke|p1|Pelipper, L50, M|
|poke|p2|Staraptor, L50, F|
|poke|p2|Farigiraf, L50, F|
|poke|p2|Garchomp, L50, M|
|poke|p2|Incineroar, L50, M|
|poke|p2|Sceptile, L50, M|
|poke|p2|Gengar, L50, M|
|teampreview|4
|showteam|p1|Greninja||Greninjite|Protean|WeatherBall,IceBeam,GrassKnot,Protect|Timid||M|||50|]Swampert||Swampertite|Damp|WaveCrash,Earthquake,IcePunch,Protect|Adamant||F|||50|]Grimmsnarl||LightClay|Prankster|SuckerPunch,PartingShot,Reflect,LightScreen|Adamant||M|||50|]Archaludon||Leftovers|Stamina|FlashCannon,ElectroShot,DragonPulse,Protect|Modest||M|||50|]Gholdengo||MetalCoat|GoodasGold|MakeItRain,ShadowBall,NastyPlot,Protect|Modest|||||50|]Pelipper||DampRock|Drizzle|WeatherBall,Hurricane,Tailwind,Protect|Modest||M|||50|
|showteam|p2|Staraptor||ChoiceScarf|Reckless|CloseCombat,BraveBird,DoubleEdge,Uturn|Adamant||F|||50|]Farigiraf||SitrusBerry|ArmorTail|Psychic,TrickRoom,FoulPlay,Protect|Sassy||F|||50|]Garchomp||LifeOrb|RoughSkin|DragonClaw,RockSlide,StompingTantrum,Protect|Jolly||M|||50|]Incineroar||Leftovers|Intimidate|FakeOut,FlareBlitz,PartingShot,ThroatChop|Impish||M|||50|]Sceptile||Sceptilite|Overgrow|DragonPulse,EarthPower,GigaDrain,Protect|Timid||M|||50|]Gengar||Gengarite|CursedBody|ClearSmog,DarkPulse,SludgeWave,Protect|Timid||M|||50|
|inactive|Battle timer is ON: inactive players will automatically lose when time's up. (requested by pekkleduck)
|
|t:|1783554522
|teamsize|p1|4
|teamsize|p2|4
|start
|switch|p1a: Bridge|Archaludon, L50, M|100/100
|switch|p1b: Shuten-Dōji|Grimmsnarl, L50, M|100/100
|switch|p2a: Incineroar|Incineroar, L50, M|100/100
|switch|p2b: Sceptile|Sceptile, L50, M|100/100
|-ability|p2a: Incineroar|Intimidate|boost
|-unboost|p1a: Bridge|atk|1
|-unboost|p1b: Shuten-Dōji|atk|1
|turn|1
|
|t:|1783554529
|detailschange|p2b: Sceptile|Sceptile-Mega, L50, M
|-mega|p2b: Sceptile|Sceptile|Sceptilite
|move|p2a: Incineroar|Fake Out|p1b: Shuten-Dōji
|-damage|p1b: Shuten-Dōji|87/100
|cant|p1b: Shuten-Dōji|flinch
|move|p2b: Sceptile|Earth Power|p1a: Bridge
|-supereffective|p1a: Bridge|1
|-damage|p1a: Bridge|12/100
|-ability|p1a: Bridge|Stamina|boost
|-boost|p1a: Bridge|def|1
|move|p1a: Bridge|Dragon Pulse|p2b: Sceptile
|-supereffective|p2b: Sceptile|1
|-damage|p2b: Sceptile|0 fnt
|faint|p2b: Sceptile
|
|-heal|p1a: Bridge|18/100|[from] item: Leftovers
|upkeep
|
|t:|1783554543
|switch|p2b: Staraptor|Staraptor, L50, F|100/100
|turn|2
|
|t:|1783554565
|move|p1a: Bridge|Protect|p1a: Bridge
|-singleturn|p1a: Bridge|Protect
|move|p1b: Shuten-Dōji|Reflect|p1b: Shuten-Dōji
|-sidestart|p1: pekkleduck|Reflect
|move|p2b: Staraptor|Brave Bird|p1a: Bridge
|-activate|p1a: Bridge|move: Protect
|move|p2a: Incineroar|Throat Chop|p1b: Shuten-Dōji
|-resisted|p1b: Shuten-Dōji|2
|-damage|p1b: Shuten-Dōji|81/100
|-start|p1b: Shuten-Dōji|Throat Chop|[silent]
|
|-heal|p1a: Bridge|24/100|[from] item: Leftovers
|upkeep
|turn|3
|
|t:|1783554581
|move|p1b: Shuten-Dōji|Sucker Punch|p2b: Staraptor
|-damage|p2b: Staraptor|59/100
|move|p2b: Staraptor|Brave Bird|p1a: Bridge
|-resisted|p1a: Bridge|1
|-crit|p1a: Bridge
|-damage|p1a: Bridge|0 fnt
|faint|p1a: Bridge
|-damage|p2b: Staraptor|50/100y|[from] Recoil
|move|p2a: Incineroar|Parting Shot|p1b: Shuten-Dōji
|-unboost|p1b: Shuten-Dōji|atk|1
|-unboost|p1b: Shuten-Dōji|spa|1
|
|t:|1783554592
|switch|p2a: Gengar|Gengar, L50, M|100/100|[from] Parting Shot
|
|-end|p1b: Shuten-Dōji|Throat Chop|[silent]
|upkeep
|
|t:|1783554598
|switch|p1a: Toad|Swampert, L50, F|100/100
|turn|4
|inactive|Cymothoa829469 has 30 seconds left.
|
|t:|1783554629
|detailschange|p1a: Toad|Swampert-Mega, L50, F
|-mega|p1a: Toad|Swampert|Swampertite
|move|p1b: Shuten-Dōji|Parting Shot|p2b: Staraptor
|-unboost|p2b: Staraptor|atk|1
|-unboost|p2b: Staraptor|spa|1
|
|t:|1783554633
|switch|p1b: Tolietbowl|Pelipper, L50, M|100/100|[from] Parting Shot
|-weather|RainDance|[from] ability: Drizzle|[of] p1b: Tolietbowl
|move|p2b: Staraptor|Brave Bird|p1a: Toad
|-damage|p1a: Toad|67/100
|-damage|p2b: Staraptor|37/100|[from] Recoil
|move|p1a: Toad|Earthquake|p2a: Gengar|[spread] p2a
|-immune|p1b: Tolietbowl
|-immune|p2b: Staraptor
|-supereffective|p2a: Gengar|1
|-damage|p2a: Gengar|0 fnt
|faint|p2a: Gengar
|
|-weather|RainDance|[upkeep]
|upkeep
|
|t:|1783554644
|switch|p2a: Incineroar|Incineroar, L50, M|100/100
|-ability|p2a: Incineroar|Intimidate|boost
|-unboost|p1a: Toad|atk|1
|-unboost|p1b: Tolietbowl|atk|1
|turn|5
|
|t:|1783554654
|move|p2a: Incineroar|Fake Out|p1b: Tolietbowl
|-damage|p1b: Tolietbowl|92/100
|move|p2b: Staraptor|Brave Bird|p1a: Toad
|-crit|p1a: Toad
|-damage|p1a: Toad|0 fnt
|faint|p1a: Toad
|-damage|p2b: Staraptor|11/100|[from] Recoil
|cant|p1b: Tolietbowl|flinch
|
|-weather|RainDance|[upkeep]
|upkeep
|
|t:|1783554656
|switch|p1a: Shuten-Dōji|Grimmsnarl, L50, M|81/100
|turn|6
|
|t:|1783554669
|move|p1a: Shuten-Dōji|Sucker Punch|p2b: Staraptor
|-damage|p2b: Staraptor|0 fnt
|faint|p2b: Staraptor
|move|p1b: Tolietbowl|Weather Ball|p2a: Incineroar
|-supereffective|p2a: Incineroar|1
|-damage|p2a: Incineroar|12/100
|move|p2a: Incineroar|Flare Blitz|p1a: Shuten-Dōji
|-damage|p1a: Shuten-Dōji|62/100
|-damage|p2a: Incineroar|6/100|[from] Recoil
|
|-weather|RainDance|[upkeep]
|-heal|p2a: Incineroar|12/100|[from] item: Leftovers
|upkeep
|turn|7
|
|t:|1783554673
|move|p1a: Shuten-Dōji|Sucker Punch|p2a: Incineroar
|-resisted|p2a: Incineroar|1
|-damage|p2a: Incineroar|0 fnt
|faint|p2a: Incineroar
|
|win|pekkleduck
||pekkleduck is ready for game 3.
|l|☆pekkleduck
|player|p1|
||Cymothoa829469 is ready for game 3.
|uhtml|next|Next: Game 3 of 3
|l|☆Cymothoa829469
|player|p2|
|j|☆pekkleduck
|player|p1|pekkleduck|170|
|l|☆pekkleduck
|player|p1|
|j|☆pekkleduck
|player|p1|pekkleduck|170|
