|j|☆fookinraw42
|j|☆lamequteck
|html|fookinraw42lamequteck    
|uhtml|bestof|Game 1 of a best-of-3
|t:|1756150266
|gametype|doubles
|player|p1|fookinraw42|flannery|1052
|player|p2|lamequteck|169|1095
|gen|9
|tier|[Gen 9] VGC 2025 Reg H (Bo3)
|rated|
|rule|Species Clause: Limit one of each Pokémon
|rule|Item Clause: Limit 1 of each item
|clearpoke
|poke|p1|Gholdengo, L50|
|poke|p1|Amoonguss, L50, F|
|poke|p1|Basculegion, L50, M|
|poke|p1|Incineroar, L50, F|
|poke|p1|Archaludon, L50, F|
|poke|p1|Pelipper, L50, M|
|poke|p2|Archaludon, L50, F|
|poke|p2|Pelipper, L50, M|
|poke|p2|Gholdengo, L50|
|poke|p2|Basculegion, L50, M|
|poke|p2|Amoonguss, L50, M|
|poke|p2|Incineroar, L50, M|
|teampreview|4
|showteam|p1|Gholdengo||LifeOrb|GoodasGold|MakeItRain,ShadowBall,NastyPlot,Protect||||||50|,,,,,Water]Amoonguss||SitrusBerry|Regenerator|Spore,RagePowder,PollenPuff,Protect|||F|||50|,,,,,Psychic]Basculegion||ChoiceBand|SwiftSwim|WaveCrash,FlipTurn,AquaJet,LastRespects|||M|||50|,,,,,Water]Incineroar||SafetyGoggles|Intimidate|KnockOff,PartingShot,WillOWisp,FakeOut|||F|||50|,,,,,Ghost]Archaludon||AssaultVest|Stamina|FlashCannon,DracoMeteor,ElectroShot,BodyPress|||F|||50|,,,,,Bug]Pelipper||CovertCloak|Drizzle|WeatherBall,Hurricane,Tailwind,Protect|||M|||50|,,,,,Dragon
|showteam|p2|Archaludon||AssaultVest|Stamina|DracoMeteor,FlashCannon,ElectroShot,BodyPress|||F|||50|,,,,,Grass]Pelipper||FocusSash|Drizzle|Protect,WeatherBall,Hurricane,Tailwind|||M|||50|,,,,,Stellar]Gholdengo||LifeOrb|GoodasGold|Protect,MakeItRain,ShadowBall,NastyPlot||||||50|,,,,,Water]Basculegion||ChoiceBand|SwiftSwim|FlipTurn,WaveCrash,AquaJet,LastRespects|||M|||50|,,,,,Grass]Amoonguss||SitrusBerry|Regenerator|Spore,RagePowder,PollenPuff,Protect|||M|||50|,,,,,Water]Incineroar||SafetyGoggles|Intimidate|FlareBlitz,KnockOff,PartingShot,FakeOut|||M|||50|,,,,,Ghost
|inactive|Battle timer is ON: inactive players will automatically lose when time's up. (requested by fookinraw42)
|inactive|fookinraw42 has 60 seconds left.
|inactive|lamequteck has 60 seconds left.
|inactive|fookinraw42 has 30 seconds left.
|
|t:|1756150327
|teamsize|p1|4
|teamsize|p2|4
|start
|switch|p1a: Incineroar|Incineroar, L50, F|100/100
|switch|p1b: Gholdengo|Gholdengo, L50|100/100
|switch|p2a: Archaludon|Archaludon, L50, F, shiny|100/100
|switch|p2b: Incineroar|Incineroar, L50, M|100/100
|-ability|p2b: Incineroar|Intimidate|boost
|-unboost|p1a: Incineroar|atk|1
|-unboost|p1b: Gholdengo|atk|1
|-ability|p1a: Incineroar|Intimidate|boost
|-unboost|p2a: Archaludon|atk|1
|-unboost|p2b: Incineroar|atk|1
|turn|1
|inactive|fookinraw42 has 30 seconds left.
|inactive|lamequteck has 30 seconds left.
|inactive|lamequteck has 20 seconds left.
|inactive|lamequteck has 15 seconds left.
|inactive|lamequteck has 10 seconds left.
|
|t:|1756150377
|-terastallize|p2b: Incineroar|Ghost
|-terastallize|p1a: Incineroar|Ghost
|move|p1b: Gholdengo|Protect|p1b: Gholdengo
|-singleturn|p1b: Gholdengo|Protect
|move|p2a: Archaludon|Body Press|p1a: Incineroar
|-immune|p1a: Incineroar
|move|p2b: Incineroar|Flare Blitz|p1b: Gholdengo
|-activate|p1b: Gholdengo|move: Protect
|move|p1a: Incineroar|Knock Off|p2a: Archaludon
|-damage|p2a: Archaludon|80/100
|-ability|p2a: Archaludon|Stamina|boost
|-boost|p2a: Archaludon|def|1
|-enditem|p2a: Archaludon|Assault Vest|[from] move: Knock Off|[of] p1a: Incineroar
|
|upkeep
|turn|2
|inactive|fookinraw42 has 30 seconds left.
|inactive|lamequteck has 30 seconds left.
|
|t:|1756150406
|move|p1b: Gholdengo|Shadow Ball|p2a: Archaludon
|-damage|p2a: Archaludon|17/100
|-ability|p2a: Archaludon|Stamina|boost
|-boost|p2a: Archaludon|def|1
|-damage|p1b: Gholdengo|91/100|[from] item: Life Orb
|move|p2a: Archaludon|Flash Cannon|p1a: Incineroar
|-damage|p1a: Incineroar|65/100
|move|p2b: Incineroar|Flare Blitz|p1b: Gholdengo
|-supereffective|p1b: Gholdengo
|-damage|p1b: Gholdengo|1/100
|-damage|p2b: Incineroar|76/100|[from] Recoil
|move|p1a: Incineroar|Will-O-Wisp|p2b: Incineroar
|-status|p2b: Incineroar|brn
|
|-damage|p2b: Incineroar|70/100 brn|[from] brn
|upkeep
|turn|3
|inactive|fookinraw42 has 30 seconds left.
|
|t:|1756150433
|move|p1b: Gholdengo|Make It Rain|p2a: Archaludon|[spread] p2a,p2b
|-resisted|p2a: Archaludon
|-damage|p2a: Archaludon|0 fnt
|-damage|p2b: Incineroar|10/100 brn
|-unboost|p1b: Gholdengo|spa|1
|faint|p2a: Archaludon
|-damage|p1b: Gholdengo|0 fnt|[from] item: Life Orb
|faint|p1b: Gholdengo
|move|p2b: Incineroar|Parting Shot|p1a: Incineroar
|-unboost|p1a: Incineroar|atk|1
|-unboost|p1a: Incineroar|spa|1
|
|t:|1756150443
|switch|p2b: Pelipper|Pelipper, L50, M, shiny|100/100|[from] Parting Shot
|-weather|RainDance|[from] ability: Drizzle|[of] p2b: Pelipper
|move|p1a: Incineroar|Knock Off|p2b: Pelipper
|-damage|p2b: Pelipper|71/100
|-enditem|p2b: Pelipper|Focus Sash|[from] move: Knock Off|[of] p1a: Incineroar
|
|-weather|RainDance|[upkeep]
|upkeep
|
|t:|1756150458
|switch|p1b: Archaludon|Archaludon, L50, F|100/100
|switch|p2a: Basculegion|Basculegion, L50, M, shiny|100/100
|turn|4
|
|t:|1756150469
|move|p2a: Basculegion|Flip Turn|p1a: Incineroar
|-crit|p1a: Incineroar
|-damage|p1a: Incineroar|0 fnt
|faint|p1a: Incineroar
|
|t:|1756150474
|switch|p2a: Incineroar|Incineroar, L50, M, tera:Ghost|10/100 brn|[from] Flip Turn
|-ability|p2a: Incineroar|Intimidate|boost
|-unboost|p1b: Archaludon|atk|1
|move|p1b: Archaludon|Electro Shot||[still]
|-prepare|p1b: Archaludon|Electro Shot
|-boost|p1b: Archaludon|spa|1
|-anim|p1b: Archaludon|Electro Shot|p2a: Incineroar
|-damage|p2a: Incineroar|0 fnt
|faint|p2a: Incineroar
|move|p2b: Pelipper|Tailwind|p2b: Pelipper
|-sidestart|p2: lamequteck|move: Tailwind
|
|-weather|RainDance|[upkeep]
|upkeep
|
|t:|1756150488
|switch|p2a: Basculegion|Basculegion, L50, M, shiny|100/100
|switch|p1a: Basculegion|Basculegion, L50, M|100/100
|turn|5
|
|t:|1756150502
|move|p2a: Basculegion|Last Respects|p1b: Archaludon
|-damage|p1b: Archaludon|15/100
|-ability|p1b: Archaludon|Stamina|boost
|-boost|p1b: Archaludon|def|1
|move|p1a: Basculegion|Last Respects|p2a: Basculegion
|-supereffective|p2a: Basculegion
|-damage|p2a: Basculegion|0 fnt
|faint|p2a: Basculegion
|move|p2b: Pelipper|Hurricane|p1b: Archaludon
|-resisted|p1b: Archaludon
|-damage|p1b: Archaludon|0 fnt
|faint|p1b: Archaludon
|
|-weather|RainDance|[upkeep]
|upkeep
|turn|6
|
|t:|1756150520
|move|p1a: Basculegion|Last Respects|p2b: Pelipper
|-damage|p2b: Pelipper|0 fnt
|faint|p2b: Pelipper
|
|win|fookinraw42
||lamequteck is ready for game 2.
||fookinraw42 is ready for game 2.
|uhtml|next|Next: Game 2 of 3
|l|☆lamequteck
|player|p2|
