|j|☆zeedra
|j|☆ultraquesito
|html|zeedraultraquesito    
|uhtml|bestof|Game 2 of a best-of-3
|t:|1785097613
|gametype|doubles
|player|p1|zeedra|chili|
|player|p2|ultraquesito|170|
|gen|9
|tier|[Gen 9 Champions] VGC 2026 Reg M-B (Bo3)
|rule|Species Clause: Limit one of each Pokémon
|rule|Item Clause: Limit 1 of each item
|clearpoke
|poke|p1|Floette-Eternal, L50, F|
|poke|p1|Basculegion, L50, M|
|poke|p1|Sneasler, L50, M|
|poke|p1|Weavile, L50, F|
|poke|p1|Aerodactyl, L50, M|
|poke|p1|Hydreigon, L50, M|
|poke|p2|Blaziken, L50, M|
|poke|p2|Farigiraf, L50, M|
|poke|p2|Venusaur, L50, M|
|poke|p2|Torkoal, L50, F|
|poke|p2|Kingambit, L50, F|
|poke|p2|Grimmsnarl, L50, M|
|teampreview|4
|showteam|p1|Floette-Eternal||Floettite|FlowerVeil|DazzlingGleam,Moonblast,Protect,CalmMind|Timid||F|||50|]Basculegion||ChoiceScarf|Adaptability|AquaJet,LastRespects,WaveCrash,FlipTurn|Jolly||M|||50|]Sneasler||WhiteHerb|PoisonTouch|CloseCombat,DireClaw,ShadowClaw,FakeOut|Jolly||M|||50|]Weavile||FocusSash|Pickpocket|FakeOut,LowKick,KnockOff,TripleAxel|Jolly||F|||50|]Aerodactyl||Aerodactylite|Unnerve|RockSlide,Protect,DualWingbeat,Tailwind|Jolly||M|||50|]Hydreigon||LifeOrb|Levitate|DracoMeteor,DarkPulse,Protect,Flamethrower|Timid||M|||50|
|showteam|p2|Blaziken||Blazikenite|SpeedBoost|FlareBlitz,CloseCombat,RockSlide,Detect|Adamant||M|||50|]Farigiraf||SitrusBerry|ArmorTail|Psychic,Thunderbolt,HelpingHand,TrickRoom|Relaxed||M|||50|]Venusaur||LifeOrb|Chlorophyll|EnergyBall,SludgeBomb,EarthPower,Protect|Modest||M|||50|]Torkoal||Leftovers|Drought|WeatherBall,Yawn,HelpingHand,Protect|Relaxed||F|||50|]Kingambit||FocusSash|Defiant|KowtowCleave,SuckerPunch,IronHead,Protect|Adamant||F|||50|]Grimmsnarl||LightClay|Prankster|SpiritBreak,Reflect,LightScreen,FakeOut|Careful||M|||50|
|
|t:|1785097681
|teamsize|p1|4
|teamsize|p2|4
|start
|switch|p1a: Hydreigon|Hydreigon, L50, M|100/100
|switch|p1b: Floette|Floette-Eternal, L50, F|100/100
|switch|p2a: Grimmsnarl|Grimmsnarl, L50, M|100/100
|switch|p2b: Blaziken|Blaziken, L50, M|100/100
|turn|1
|
|t:|1785097704
|switch|p1a: Aerodactyl|Aerodactyl, L50, M|100/100
|-ability|p1a: Aerodactyl|Unnerve
|detailschange|p1b: Floette|Floette-Mega, L50, F
|-mega|p1b: Floette|Floette|Floettite
|-ability|p1b: Floette|Fairy Aura
|detailschange|p2b: Blaziken|Blaziken-Mega, L50, M
|-mega|p2b: Blaziken|Blaziken|Blazikenite
|move|p2b: Blaziken|Detect|p2b: Blaziken
|-singleturn|p2b: Blaziken|Protect
|move|p2a: Grimmsnarl|Light Screen|p2a: Grimmsnarl
|-sidestart|p2: ultraquesito|move: Light Screen
|move|p1b: Floette|Calm Mind|p1b: Floette
|-boost|p1b: Floette|spa|1
|-boost|p1b: Floette|spd|1
|
|-ability|p2b: Blaziken|Speed Boost|boost
|-boost|p2b: Blaziken|spe|1
|upkeep
|turn|2
|
|t:|1785097748
|move|p2a: Grimmsnarl|Reflect|p2a: Grimmsnarl
|-sidestart|p2: ultraquesito|Reflect
|move|p2b: Blaziken|Rock Slide|p1b: Floette|[spread] p1a,p1b
|-supereffective|p1a: Aerodactyl|1
|-damage|p1a: Aerodactyl|14/100
|-damage|p1b: Floette|66/100
|cant|p1a: Aerodactyl|flinch
|move|p1b: Floette|Moonblast|p2b: Blaziken
|-damage|p2b: Blaziken|0 fnt
|faint|p2b: Blaziken
|
|upkeep
|
|t:|1785097761
|switch|p2b: Kingambit|Kingambit, L50, F|100/100
|turn|3
|
|t:|1785097795
|move|p1b: Floette|Protect|p1b: Floette
|-singleturn|p1b: Floette|Protect
|move|p2b: Kingambit|Sucker Punch||[still]
|-fail|p2b: Kingambit
|move|p1a: Aerodactyl|Tailwind|p1a: Aerodactyl
|-sidestart|p1: zeedra|move: Tailwind
|move|p2a: Grimmsnarl|Spirit Break|p1b: Floette
|-activate|p1b: Floette|move: Protect
|
|upkeep
|turn|4
|
|t:|1785097828
|switch|p1a: Sneasler|Sneasler, L50, M|100/100
|move|p1b: Floette|Moonblast|p2b: Kingambit
|-damage|p2b: Kingambit|14/100
|move|p2b: Kingambit|Iron Head|p1b: Floette
|-supereffective|p1b: Floette|1
|-damage|p1b: Floette|0 fnt
|faint|p1b: Floette
|move|p2a: Grimmsnarl|Spirit Break|p1a: Sneasler
|-damage|p1a: Sneasler|50/100g
|-unboost|p1a: Sneasler|spa|1
|-enditem|p1a: Sneasler|White Herb
|-clearnegativeboost|p1a: Sneasler|[silent]
|
|upkeep
|
|t:|1785097845
|switch|p1b: Aerodactyl|Aerodactyl, L50, M|14/100
|-ability|p1b: Aerodactyl|Unnerve
|turn|5
|
|t:|1785097859
|switch|p2a: Farigiraf|Farigiraf, L50, M|100/100
|move|p1a: Sneasler|Fake Out||[still]
|cant|p2a: Farigiraf|ability: Armor Tail|Fake Out|[of] p1a: Sneasler
|move|p2b: Kingambit|Sucker Punch|p1b: Aerodactyl
|-damage|p1b: Aerodactyl|0 fnt
|faint|p1b: Aerodactyl
|
|upkeep
|
|t:|1785097869
|switch|p1b: Hydreigon|Hydreigon, L50, M|100/100
|turn|6
|
|t:|1785097907
|move|p2b: Kingambit|Sucker Punch|p1b: Hydreigon
|-resisted|p1b: Hydreigon|1
|-damage|p1b: Hydreigon|78/100
|move|p1a: Sneasler|Dire Claw|p2a: Farigiraf
|-damage|p2a: Farigiraf|78/100
|move|p1b: Hydreigon|Dark Pulse|p2a: Farigiraf
|-supereffective|p2a: Farigiraf|1
|-damage|p2a: Farigiraf|15/100
|-enditem|p2a: Farigiraf|Sitrus Berry|[eat]
|-heal|p2a: Farigiraf|40/100|[from] item: Sitrus Berry
|-damage|p1b: Hydreigon|68/100|[from] item: Life Orb
|move|p2a: Farigiraf|Psychic|p1a: Sneasler
|-supereffective|p1a: Sneasler|2
|-damage|p1a: Sneasler|0 fnt
|faint|p1a: Sneasler
|
|-sideend|p1: zeedra|move: Tailwind
|upkeep
|turn|7
|
|t:|1785097959
|move|p1b: Hydreigon|Dark Pulse|p2a: Farigiraf
|-supereffective|p2a: Farigiraf|1
|-damage|p2a: Farigiraf|0 fnt
|faint|p2a: Farigiraf
|-damage|p1b: Hydreigon|59/100|[from] item: Life Orb
|move|p2b: Kingambit|Iron Head|p1b: Hydreigon
|-damage|p1b: Hydreigon|3/100
|
|upkeep
|
|t:|1785097968
|switch|p2a: Grimmsnarl|Grimmsnarl, L50, M|100/100
|turn|8
|
|t:|1785097973
|move|p1b: Hydreigon|Protect|p1b: Hydreigon
|-singleturn|p1b: Hydreigon|Protect
|move|p2b: Kingambit|Sucker Punch||[still]
|-fail|p2b: Kingambit
|move|p2a: Grimmsnarl|Spirit Break|p1b: Hydreigon
|-activate|p1b: Hydreigon|move: Protect
|
|-sideend|p2: ultraquesito|move: Light Screen
|upkeep
|turn|9
|
|t:|1785097988
|move|p2b: Kingambit|Sucker Punch|p1b: Hydreigon
|-resisted|p1b: Hydreigon|1
|-damage|p1b: Hydreigon|0 fnt
|faint|p1b: Hydreigon
|
|win|ultraquesito
||zeedra is ready for game 3.
|inactive|ultraquesito has 30 seconds to confirm battle start!
|inactive|ultraquesito has 20 seconds to confirm battle start!
||ultraquesito is ready for game 3.
|uhtml|next|Next: Game 3 of 3
|l|☆ultraquesito
|player|p2|
