|j|☆123something
|j|☆Jasondddd
|html|123somethingJasondddd    
|uhtml|bestof|Game 3 of a best-of-3
|t:|1754974843
|gametype|doubles
|player|p1|123something|169|1394
|player|p2|Jasondddd|1|1346
|gen|9
|tier|[Gen 9] VGC 2025 Reg H (Bo3)
|rated|
|rule|Species Clause: Limit one of each Pokémon
|rule|Item Clause: Limit 1 of each item
|clearpoke
|poke|p1|Gholdengo, L50|
|poke|p1|Sneasler, L50, M|
|poke|p1|Rillaboom, L50, F|
|poke|p1|Dragonite, L50, M|
|poke|p1|Ninetales-Alola, L50, F|
|poke|p1|Arcanine-Hisui, L50, M|
|poke|p2|Volcarona, L50, M|
|poke|p2|Electabuzz, L50, M|
|poke|p2|Kingambit, L50, M|
|poke|p2|Sneasler, L50, M|
|poke|p2|Rillaboom, L50, F|
|poke|p2|Basculegion, L50, M|
|teampreview|4
|showteam|p1|Gholdengo||GrassySeed|GoodasGold|NastyPlot,MakeItRain,ShadowBall,Protect||||||50|,,,,,Water]Sneasler||WhiteHerb|Unburden|CloseCombat,DireClaw,Coaching,Protect|||M|||50|,,,,,Ghost]Rillaboom||AssaultVest|GrassySurge|FakeOut,GrassyGlide,DrumBeating,HighHorsepower|||F|||50|,,,,,Fire]Dragonite||LoadedDice|Multiscale|ScaleShot,StompingTantrum,Tailwind,Protect|||M|||50|,,,,,Ground]Ninetales-Alola||FocusSash|SnowWarning|Blizzard,IcyWind,Encore,AuroraVeil|||F|||50|,,,,,Ghost]Arcanine-Hisui||ClearAmulet|Intimidate|RockSlide,FlareBlitz,ExtremeSpeed,Protect|||M|||50|,,,,,Water
|showteam|p2|Volcarona||CovertCloak|FlameBody|Protect,QuiverDance,HeatWave,TeraBlast|||M|||50|,,,,,Fairy]Electabuzz||Eviolite|VitalSpirit|Protect,Thunderbolt,Taunt,FollowMe|||M|||50|,,,,,Dragon]Kingambit||SafetyGoggles|Defiant|Protect,SwordsDance,SuckerPunch,KowtowCleave|||M|||50|,,,,,Dark]Sneasler||FocusSash|Unburden|FakeOut,DireClaw,Protect,CloseCombat|||M|||50|,,,,,Ghost]Rillaboom||AssaultVest|GrassySurge|FakeOut,GrassyGlide,WoodHammer,Uturn|||F|||50|,,,,,Fire]Basculegion||ChoiceScarf|Adaptability|FlipTurn,AquaJet,LastRespects,WaveCrash|||M|||50|,,,,,Fairy
|inactive|Battle timer is ON: inactive players will automatically lose when time's up. (requested by Jasondddd)
|inactive|123something has 60 seconds left.
|inactive|Jasondddd has 30 seconds left.
|inactive|123something has 30 seconds left.
|inactive|123something has 20 seconds left.
|inactive|123something has 15 seconds left.
|inactive|123something has 10 seconds left.
|
|t:|1754974989
|teamsize|p1|4
|teamsize|p2|4
|start
|switch|p1a: Rillaboom|Rillaboom, L50, F|100/100
|switch|p1b: Dragonite|Dragonite, L50, M|100/100
|switch|p2a: Volcarona|Volcarona, L50, M|100/100
|switch|p2b: Sneasler|Sneasler, L50, M|100/100
|-fieldstart|move: Grassy Terrain|[from] ability: Grassy Surge|[of] p1a: Rillaboom
|turn|1
|inactive|123something has 30 seconds left.
|
|t:|1754975021
|switch|p1b: Arcanine|Arcanine-Hisui, L50, M|100/100
|-ability|p1b: Arcanine|Intimidate|boost
|-unboost|p2a: Volcarona|atk|1
|-unboost|p2b: Sneasler|atk|1
|move|p2b: Sneasler|Fake Out|p1b: Arcanine
|-resisted|p1b: Arcanine
|-damage|p1b: Arcanine|95/100
|move|p1a: Rillaboom|Drum Beating|p2b: Sneasler
|-resisted|p2b: Sneasler
|-damage|p2b: Sneasler|56/100
|-unboost|p2b: Sneasler|spe|1
|move|p2a: Volcarona|Quiver Dance|p2a: Volcarona
|-boost|p2a: Volcarona|spa|1
|-boost|p2a: Volcarona|spd|1
|-boost|p2a: Volcarona|spe|1
|
|-heal|p1b: Arcanine|100/100|[from] Grassy Terrain
|-heal|p2b: Sneasler|62/100|[from] Grassy Terrain
|upkeep
|turn|2
|inactive|123something has 30 seconds left.
|inactive|Jasondddd has 30 seconds left.
|inactive|123something has 20 seconds left.
|inactive|123something has 15 seconds left.
|inactive|Jasondddd has 20 seconds left.
|
|t:|1754975068
|switch|p1a: Dragonite|Dragonite, L50, M|100/100
|move|p2a: Volcarona|Protect|p2a: Volcarona
|-singleturn|p2a: Volcarona|Protect
|move|p1b: Arcanine|Flare Blitz|p2a: Volcarona
|-activate|p2a: Volcarona|move: Protect
|move|p2b: Sneasler|Close Combat|p1b: Arcanine
|-supereffective|p1b: Arcanine
|-damage|p1b: Arcanine|0 fnt
|-unboost|p2b: Sneasler|def|1
|-unboost|p2b: Sneasler|spd|1
|faint|p1b: Arcanine
|
|-heal|p2b: Sneasler|68/100|[from] Grassy Terrain
|upkeep
|
|t:|1754975088
|switch|p1b: Gholdengo|Gholdengo, L50|100/100
|-enditem|p1b: Gholdengo|Grassy Seed
|-boost|p1b: Gholdengo|def|1|[from] item: Grassy Seed
|turn|3
|inactive|123something has 30 seconds left.
|inactive|Jasondddd has 30 seconds left.
|inactive|Jasondddd has 20 seconds left.
|
|t:|1754975132
|-terastallize|p1b: Gholdengo|Water
|move|p2a: Volcarona|Quiver Dance|p2a: Volcarona
|-boost|p2a: Volcarona|spa|1
|-boost|p2a: Volcarona|spd|1
|-boost|p2a: Volcarona|spe|1
|move|p1b: Gholdengo|Nasty Plot|p1b: Gholdengo
|-boost|p1b: Gholdengo|spa|2
|move|p1a: Dragonite|Scale Shot|p2b: Sneasler
|-damage|p2b: Sneasler|28/100
|-damage|p2b: Sneasler|0 fnt
|faint|p2b: Sneasler
|-hitcount|p2: Sneasler|2
|-unboost|p1a: Dragonite|def|1
|-boost|p1a: Dragonite|spe|1
|
|upkeep
|
|t:|1754975151
|switch|p2b: Electabuzz|Electabuzz, L50, M|100/100
|turn|4
|inactive|Jasondddd has 30 seconds left.
|
|t:|1754975186
|move|p1b: Gholdengo|Protect|p1b: Gholdengo
|-singleturn|p1b: Gholdengo|Protect
|move|p2a: Volcarona|Heat Wave|p1a: Dragonite|[spread] p1a
|-activate|p1b: Gholdengo|move: Protect
|-resisted|p1a: Dragonite
|-damage|p1a: Dragonite|80/100
|move|p1a: Dragonite|Scale Shot|p2b: Electabuzz
|-damage|p2b: Electabuzz|89/100
|-damage|p2b: Electabuzz|75/100
|-damage|p2b: Electabuzz|64/100
|-damage|p2b: Electabuzz|50/100
|-damage|p2b: Electabuzz|37/100
|-hitcount|p2b: Electabuzz|5
|-unboost|p1a: Dragonite|def|1
|-boost|p1a: Dragonite|spe|1
|move|p2b: Electabuzz|Thunderbolt|p1b: Gholdengo
|-activate|p1b: Gholdengo|move: Protect
|
|-heal|p2b: Electabuzz|43/100|[from] Grassy Terrain
|upkeep
|turn|5
|inactive|123something has 30 seconds left.
|inactive|Jasondddd has 30 seconds left.
|inactive|123something has 20 seconds left.
|inactive|Jasondddd has 20 seconds left.
|inactive|Jasondddd has 15 seconds left.
|j| wyatvgc
|
|t:|1754975234
|move|p2b: Electabuzz|Follow Me|p2b: Electabuzz
|-singleturn|p2b: Electabuzz|move: Follow Me
|move|p1a: Dragonite|Scale Shot|p2b: Electabuzz
|-damage|p2b: Electabuzz|30/100
|-damage|p2b: Electabuzz|18/100
|-damage|p2b: Electabuzz|6/100
|-damage|p2b: Electabuzz|0 fnt
|faint|p2b: Electabuzz
|-hitcount|p2: Electabuzz|4
|-unboost|p1a: Dragonite|def|1
|-boost|p1a: Dragonite|spe|1
|move|p2a: Volcarona|Tera Blast|p1a: Dragonite
|-damage|p1a: Dragonite|20/100
|move|p1b: Gholdengo|Make It Rain|p2a: Volcarona
|-resisted|p2a: Volcarona
|-damage|p2a: Volcarona|72/100
|-unboost|p1b: Gholdengo|spa|1
|
|-heal|p2a: Volcarona|79/100|[from] Grassy Terrain
|-fieldend|move: Grassy Terrain
|upkeep
|l| wyatvgc
|
|t:|1754975256
|switch|p2b: Basculegion|Basculegion, L50, M|100/100
|turn|6
|inactive|123something has 30 seconds left.
|inactive|123something has 20 seconds left.
|inactive|Jasondddd has 30 seconds left.
|inactive|123something has 15 seconds left.
|
|t:|1754975299
|-terastallize|p2b: Basculegion|Fairy
|move|p1b: Gholdengo|Protect|p1b: Gholdengo
|-singleturn|p1b: Gholdengo|Protect
|move|p1a: Dragonite|Tailwind|p1a: Dragonite
|-sidestart|p1: 123something|move: Tailwind
|move|p2a: Volcarona|Heat Wave|p1a: Dragonite|[spread] p1a
|-activate|p1b: Gholdengo|move: Protect
|-resisted|p1a: Dragonite
|-damage|p1a: Dragonite|0 fnt
|faint|p1a: Dragonite
|move|p2b: Basculegion|Last Respects|p1b: Gholdengo
|-activate|p1b: Gholdengo|move: Protect
|
|upkeep
|
|t:|1754975308
|switch|p1a: Rillaboom|Rillaboom, L50, F|100/100
|-fieldstart|move: Grassy Terrain|[from] ability: Grassy Surge|[of] p1a: Rillaboom
|turn|7
|
|t:|1754975332
|move|p1a: Rillaboom|High Horsepower|p2a: Volcarona
|-damage|p2a: Volcarona|45/100
|-status|p1a: Rillaboom|brn|[from] ability: Flame Body|[of] p2a: Volcarona
|move|p1b: Gholdengo|Make It Rain|p2b: Basculegion|[spread] p2a,p2b
|-resisted|p2a: Volcarona
|-supereffective|p2b: Basculegion
|-damage|p2a: Volcarona|29/100
|-damage|p2b: Basculegion|0 fnt
|-unboost|p1b: Gholdengo|spa|1
|faint|p2b: Basculegion
|move|p2a: Volcarona|Heat Wave|p1a: Rillaboom|[spread] p1a
|-miss|p2a: Volcarona|p1b: Gholdengo
|-supereffective|p1a: Rillaboom
|-damage|p1a: Rillaboom|0 fnt
|faint|p1a: Rillaboom
|
|-heal|p2a: Volcarona|35/100|[from] Grassy Terrain
|upkeep
|turn|8
|
|t:|1754975357
|move|p1b: Gholdengo|Nasty Plot|p1b: Gholdengo
|-boost|p1b: Gholdengo|spa|2
|move|p2a: Volcarona|Tera Blast|p1b: Gholdengo
|-damage|p1b: Gholdengo|39/100
|
|-heal|p1b: Gholdengo|45/100|[from] Grassy Terrain
|-heal|p2a: Volcarona|41/100|[from] Grassy Terrain
|upkeep
|turn|9
|inactive|Jasondddd has 30 seconds left.
|
|t:|1754975384
|move|p1b: Gholdengo|Shadow Ball|p2a: Volcarona
|-damage|p2a: Volcarona|3/100
|move|p2a: Volcarona|Tera Blast|p1b: Gholdengo
|-damage|p1b: Gholdengo|0 fnt
|faint|p1b: Gholdengo
|
|win|Jasondddd
|raw|123something's rating: 1394 → 1371(-23 for losing)
|raw|Jasondddd's rating: 1346 → 1369(+23 for winning)
|l|☆123something
|player|p1|
