|j|☆pakomon120
|j|☆GoPlayCatch
|html|pakomon120GoPlayCatch    
|uhtml|bestof|Game 2 of a best-of-3
|t:|1785176677
|gametype|doubles
|player|p1|pakomon120|102|1229
|player|p2|GoPlayCatch|102|1284
|gen|9
|tier|[Gen 9 Champions] VGC 2026 Reg M-B (Bo3)
|rated|
|rule|Species Clause: Limit one of each Pokémon
|rule|Item Clause: Limit 1 of each item
|clearpoke
|poke|p1|Staraptor, L50, M|
|poke|p1|Whimsicott, L50, M|
|poke|p1|Charizard, L50, M|
|poke|p1|Garchomp, L50, M|
|poke|p1|Basculegion, L50, M|
|poke|p1|Farigiraf, L50, M|
|poke|p2|Decidueye-Hisui, L50, F|
|poke|p2|Camerupt, L50, M|
|poke|p2|Milotic, L50, M|
|poke|p2|Scizor, L50, M|
|poke|p2|Farigiraf, L50, M|
|poke|p2|Incineroar, L50, F|
|teampreview|4
|showteam|p1|Staraptor||Staraptite|Intimidate|BraveBird,CloseCombat,Protect,Roost|Adamant||M|||50|]Whimsicott||FocusSash|Prankster|Tailwind,Encore,Moonblast,Charm|Timid||M|||50|]Charizard||CharizarditeY|Blaze|HeatWave,SolarBeam,WeatherBall,Protect|Modest||M|||50|]Garchomp||LifeOrb|RoughSkin|Earthquake,RockSlide,DragonClaw,Protect|Adamant||M|||50|]Basculegion||ChoiceScarf|Adaptability|WaveCrash,LastRespects,FlipTurn,AquaJet|Jolly||M|||50|]Farigiraf||SitrusBerry|ArmorTail|TrickRoom,Psychic,Thunderbolt,HelpingHand|Modest||M|||50|
|showteam|p2|Decidueye-Hisui||ScopeLens|Scrappy|LeafBlade,TripleArrows,Protect,ShadowSneak|Brave||F|||50|]Camerupt||Cameruptite|SolidRock|AncientPower,HeatWave,EarthPower,Protect|Quiet||M|||50|]Milotic||Leftovers|Competitive|MuddyWater,LifeDew,Haze,Protect|Bold||M|||50|]Scizor||Scizorite|Technician|BulletPunch,SwordsDance,BugBite,Protect|Brave||M|||50|]Farigiraf||SitrusBerry|ArmorTail|TwinBeam,TrickRoom,Protect,Imprison|Sassy||M|||50|]Incineroar||ShucaBerry|Intimidate|FlareBlitz,FakeOut,PartingShot,DarkestLariat|Careful||F|||50|
|inactive|Battle timer is ON: inactive players will automatically lose when time's up. (requested by pakomon120)
|inactive|pakomon120 has 60 seconds left.
|
|t:|1785176716
|teamsize|p1|4
|teamsize|p2|4
|start
|switch|p1a: Garchomp|Garchomp, L50, M|100/100
|switch|p1b: Farigiraf|Farigiraf, L50, M|100/100
|switch|p2a: Incineroar|Incineroar, L50, F|100/100
|switch|p2b: Farigiraf|Farigiraf, L50, M|100/100
|-ability|p2a: Incineroar|Intimidate|boost
|-unboost|p1a: Garchomp|atk|1
|-unboost|p1b: Farigiraf|atk|1
|turn|1
|
|t:|1785176734
|move|p1b: Farigiraf|Helping Hand|p1a: Garchomp
|-singleturn|p1a: Garchomp|Helping Hand|[of] p1b: Farigiraf
|move|p2b: Farigiraf|Protect|p2b: Farigiraf
|-singleturn|p2b: Farigiraf|Protect
|move|p1a: Garchomp|Earthquake|p2b: Farigiraf|[spread] p1b,p2a
|-activate|p2b: Farigiraf|move: Protect
|-supereffective|p2a: Incineroar|1
|-enditem|p2a: Incineroar|Shuca Berry|[eat]
|-enditem|p2a: Incineroar|Shuca Berry|[weaken]
|-damage|p1b: Farigiraf|48/100
|-damage|p2a: Incineroar|52/100
|-enditem|p1b: Farigiraf|Sitrus Berry|[eat]
|-heal|p1b: Farigiraf|73/100|[from] item: Sitrus Berry
|-damage|p1a: Garchomp|90/100|[from] item: Life Orb
|move|p2a: Incineroar|Parting Shot|p1a: Garchomp
|-unboost|p1a: Garchomp|atk|1
|-unboost|p1a: Garchomp|spa|1
|
|t:|1785176750
|switch|p2a: Decidueye|Decidueye-Hisui, L50, F|100/100|[from] Parting Shot
|
|upkeep
|turn|2
|
|t:|1785176768
|move|p1a: Garchomp|Rock Slide|p2b: Farigiraf|[spread] p2a,p2b
|-resisted|p2a: Decidueye|1
|-crit|p2b: Farigiraf
|-damage|p2a: Decidueye|92/100
|-damage|p2b: Farigiraf|67/100
|-damage|p1a: Garchomp|80/100|[from] item: Life Orb
|move|p1b: Farigiraf|Psychic|p2a: Decidueye
|-supereffective|p2a: Decidueye|1
|-damage|p2a: Decidueye|14/100
|cant|p2b: Farigiraf|flinch
|move|p2a: Decidueye|Triple Arrows|p1a: Garchomp
|-damage|p1a: Garchomp|35/100
|-unboost|p1a: Garchomp|def|1
|
|upkeep
|turn|3
|inactive|pakomon120 has 30 seconds left.
|inactive|pakomon120 has 20 seconds left.
|inactive|pakomon120 has 15 seconds left.
|inactive|pakomon120 has 10 seconds left.
|
|t:|1785176817
|switch|p1a: Charizard|Charizard, L50, M|100/100
|switch|p2a: Incineroar|Incineroar, L50, F|52/100
|-ability|p2a: Incineroar|Intimidate|boost
|-unboost|p1a: Charizard|atk|1
|-unboost|p1b: Farigiraf|atk|1
|move|p1b: Farigiraf|Psychic|p2a: Incineroar
|-immune|p2a: Incineroar
|move|p2b: Farigiraf|Imprison|p2b: Farigiraf
|-start|p2b: Farigiraf|move: Imprison
|
|upkeep
|turn|4
|inactive|pakomon120 has 30 seconds left.
|
|t:|1785176851
|switch|p1a: Garchomp|Garchomp, L50, M|35/100
|switch|p1b: Basculegion|Basculegion, L50, M|100/100
|move|p2b: Farigiraf|Protect|p2b: Farigiraf
|-singleturn|p2b: Farigiraf|Protect
|move|p2a: Incineroar|Parting Shot|p1a: Garchomp
|-unboost|p1a: Garchomp|atk|1
|-unboost|p1a: Garchomp|spa|1
|
|t:|1785176861
|switch|p2a: Decidueye|Decidueye-Hisui, L50, F|14/100|[from] Parting Shot
|
|upkeep
|turn|5
|
|t:|1785176878
|switch|p2a: Incineroar|Incineroar, L50, F|52/100
|-ability|p2a: Incineroar|Intimidate|boost
|-unboost|p1a: Garchomp|atk|1
|-unboost|p1b: Basculegion|atk|1
|move|p1b: Basculegion|Wave Crash|p2b: Farigiraf
|-damage|p2b: Farigiraf|23/100
|-enditem|p2b: Farigiraf|Sitrus Berry|[eat]
|-heal|p2b: Farigiraf|48/100|[from] item: Sitrus Berry
|-damage|p1b: Basculegion|83/100|[from] Recoil
|move|p1a: Garchomp|Rock Slide|p2a: Incineroar|[spread] p2b
|-miss|p1a: Garchomp|p2a: Incineroar
|-damage|p2b: Farigiraf|37/100
|-damage|p1a: Garchomp|25/100|[from] item: Life Orb
|move|p2b: Farigiraf|Trick Room|p2b: Farigiraf
|-fieldstart|move: Trick Room|[of] p2b: Farigiraf
|
|upkeep
|turn|6
|inactive|pakomon120 has 30 seconds left.
|
|t:|1785176911
|switch|p1a: Charizard|Charizard, L50, M|100/100
|move|p2b: Farigiraf|Twin Beam|p1b: Basculegion
|-damage|p1b: Basculegion|64/100
|-damage|p1b: Basculegion|45/100
|-hitcount|p1b: Basculegion|2
|move|p2a: Incineroar|Darkest Lariat|p1b: Basculegion
|-supereffective|p1b: Basculegion|1
|-damage|p1b: Basculegion|0 fnt
|faint|p1b: Basculegion
|
|upkeep
|
|t:|1785176921
|switch|p1b: Garchomp|Garchomp, L50, M|25/100
|turn|7
|
|t:|1785176944
|switch|p1b: Farigiraf|Farigiraf, L50, M|73/100
|detailschange|p1a: Charizard|Charizard-Mega-Y, L50, M
|-mega|p1a: Charizard|Charizard|Charizardite Y
|-weather|SunnyDay|[from] ability: Drought|[of] p1a: Charizard
|move|p2b: Farigiraf|Twin Beam|p1b: Farigiraf
|-resisted|p1b: Farigiraf|1
|-damage|p1b: Farigiraf|66/100
|-resisted|p1b: Farigiraf|1
|-damage|p1b: Farigiraf|59/100
|-hitcount|p1b: Farigiraf|2
|move|p2a: Incineroar|Darkest Lariat|p1b: Farigiraf
|-supereffective|p1b: Farigiraf|1
|-damage|p1b: Farigiraf|0 fnt
|faint|p1b: Farigiraf
|move|p1a: Charizard|Weather Ball|p2b: Farigiraf
|-damage|p2b: Farigiraf|0 fnt
|faint|p2b: Farigiraf
|
|-weather|SunnyDay|[upkeep]
|upkeep
|
|t:|1785176962
|switch|p2b: Camerupt|Camerupt, L50, M|100/100
|switch|p1b: Garchomp|Garchomp, L50, M|25/100
|turn|8
|
|t:|1785176986
|detailschange|p2b: Camerupt|Camerupt-Mega, L50, M
|-mega|p2b: Camerupt|Camerupt|Cameruptite
|move|p2b: Camerupt|Ancient Power|p1a: Charizard
|-supereffective|p1a: Charizard|2
|-damage|p1a: Charizard|0 fnt
|faint|p1a: Charizard
|move|p2a: Incineroar|Darkest Lariat|p1b: Garchomp
|-damage|p1b: Garchomp|0 fnt
|-damage|p2a: Incineroar|40/100|[from] ability: Rough Skin|[of] p1b: Garchomp
|faint|p1b: Garchomp
|
|win|GoPlayCatch
|raw|pakomon120's rating: 1229 → 1208(-21 for losing)
|raw|GoPlayCatch's rating: 1284 → 1305(+21 for winning)
|l|☆pakomon120
|player|p1|
|l|☆GoPlayCatch
|player|p2|
|j| tedidn
