|j|☆munchie2ff
|j|☆delucieous
|html|munchie2ffdelucieous    
|uhtml|bestof|Game 3 of a best-of-3
|t:|1784291465
|gametype|doubles
|player|p1|munchie2ff|cheren-gen5bw2|
|player|p2|delucieous|beauty-gen6xy|
|gen|9
|tier|[Gen 9 Champions] VGC 2026 Reg M-B (Bo3)
|rule|Species Clause: Limit one of each Pokémon
|rule|Item Clause: Limit 1 of each item
|clearpoke
|poke|p1|Staraptor, L50, M|
|poke|p1|Vanilluxe, L50, F|
|poke|p1|Farigiraf, L50, F|
|poke|p1|Blastoise, L50, M|
|poke|p1|Kingambit, L50, M|
|poke|p1|Camerupt, L50, M|
|poke|p2|Charizard, L50, F|
|poke|p2|Floette-Eternal, L50, F|
|poke|p2|Whimsicott, L50, M|
|poke|p2|Kingambit, L50, F|
|poke|p2|Garchomp, L50, M|
|poke|p2|Basculegion, L50, M|
|teampreview|4
|showteam|p1|Staraptor||ChoiceScarf|Intimidate|FinalGambit,BraveBird,CloseCombat,Uturn|Jolly||M|||50|]Vanilluxe||NeverMeltIce|SnowWarning|Blizzard,FreezeDry,Protect,IceShard|Quiet||F|||50|]Farigiraf||SitrusBerry|ArmorTail|PsychicFangs,HyperVoice,HelpingHand,TrickRoom|Relaxed||F|||50|]Blastoise||Blastoisinite|RainDish|FakeOut,WaterSpout,AuraSphere,DarkPulse|Quiet||M|||50|]Kingambit||LifeOrb|Defiant|KowtowCleave,IronHead,Protect,SuckerPunch|Brave||M|||50|]Camerupt||Cameruptite|SolidRock|HeatWave,EarthPower,Protect,AncientPower|Quiet||M|||50|
|showteam|p2|Charizard||CharizarditeY|Blaze|HeatWave,WeatherBall,SolarBeam,Protect|Modest||F|||50|]Floette-Eternal||Floettite|FlowerVeil|DazzlingGleam,Protect,Moonblast,LightofRuin|Modest||F|||50|]Whimsicott||FocusSash|Prankster|Moonblast,Protect,Tailwind,Encore|Timid||M|||50|]Kingambit||ChopleBerry|Defiant|KowtowCleave,SuckerPunch,IronHead,Protect|Adamant||F|||50|]Garchomp||LifeOrb|RoughSkin|DragonClaw,Earthquake,RockSlide,Protect|Jolly||M|||50|]Basculegion||MysticWater|Adaptability|WaveCrash,LastRespects,AquaJet,Protect|Adamant||M|||50|
|
|t:|1784291519
|teamsize|p1|4
|teamsize|p2|4
|start
|switch|p1a: Farigiraf|Farigiraf, L50, F|100/100
|switch|p1b: Blastoise|Blastoise, L50, M|100/100
|switch|p2a: Floette|Floette-Eternal, L50, F|100/100
|switch|p2b: Basculegion|Basculegion, L50, M|100/100
|turn|1
|
|t:|1784291540
|detailschange|p2a: Floette|Floette-Mega, L50, F
|-mega|p2a: Floette|Floette|Floettite
|-ability|p2a: Floette|Fairy Aura
|move|p1b: Blastoise|Fake Out|p2a: Floette
|-damage|p2a: Floette|88/100
|cant|p2a: Floette|flinch
|move|p2b: Basculegion|Wave Crash|p1b: Blastoise
|-resisted|p1b: Blastoise|1
|-damage|p1b: Blastoise|53/100
|-damage|p2b: Basculegion|85/100|[from] Recoil
|move|p1a: Farigiraf|Trick Room|p1a: Farigiraf
|-fieldstart|move: Trick Room|[of] p1a: Farigiraf
|
|upkeep
|turn|2
|
|t:|1784291599
|switch|p1a: Camerupt|Camerupt, L50, M|100/100
|move|p1b: Blastoise|Dark Pulse|p2b: Basculegion
|-supereffective|p2b: Basculegion|1
|-damage|p2b: Basculegion|35/100
|move|p2b: Basculegion|Wave Crash|p1b: Blastoise
|-resisted|p1b: Blastoise|1
|-damage|p1b: Blastoise|2/100
|-damage|p2b: Basculegion|18/100|[from] Recoil
|move|p2a: Floette|Dazzling Gleam|p1b: Blastoise|[spread] p1a,p1b
|-resisted|p1a: Camerupt|1
|-damage|p1a: Camerupt|71/100
|-damage|p1b: Blastoise|0 fnt
|faint|p1b: Blastoise
|
|upkeep
|
|t:|1784291610
|switch|p1b: Vanilluxe|Vanilluxe, L50, F|100/100
|-weather|Snowscape|[from] ability: Snow Warning|[of] p1b: Vanilluxe
|turn|3
|
|t:|1784291622
|detailschange|p1a: Camerupt|Camerupt-Mega, L50, M
|-mega|p1a: Camerupt|Camerupt|Cameruptite
|move|p2a: Floette|Protect|p2a: Floette
|-singleturn|p2a: Floette|Protect
|move|p2b: Basculegion|Aqua Jet|p1a: Camerupt
|-supereffective|p1a: Camerupt|2
|-damage|p1a: Camerupt|0 fnt
|faint|p1a: Camerupt
|move|p1b: Vanilluxe|Blizzard|p2b: Basculegion|[spread] p2b
|-activate|p2a: Floette|move: Protect
|-resisted|p2b: Basculegion|1
|-damage|p2b: Basculegion|0 fnt
|faint|p2b: Basculegion
|
|-weather|Snowscape|[upkeep]
|upkeep
|
|t:|1784291638
|switch|p1a: Farigiraf|Farigiraf, L50, F|100/100
|switch|p2b: Kingambit|Kingambit, L50, F|100/100
|turn|4
|
|t:|1784291646
|move|p1a: Farigiraf|Helping Hand|p1b: Vanilluxe
|-singleturn|p1b: Vanilluxe|Helping Hand|[of] p1a: Farigiraf
|move|p2b: Kingambit|Iron Head|p1b: Vanilluxe
|-supereffective|p1b: Vanilluxe|1
|-damage|p1b: Vanilluxe|28/100
|move|p1b: Vanilluxe|Blizzard|p2a: Floette|[spread] p2a,p2b
|-crit|p2a: Floette
|-resisted|p2b: Kingambit|1
|-damage|p2a: Floette|0 fnt
|-damage|p2b: Kingambit|60/100
|faint|p2a: Floette
|
|-weather|Snowscape|[upkeep]
|upkeep
|
|t:|1784291659
|switch|p2a: Garchomp|Garchomp, L50, M|100/100
|turn|5
|
|t:|1784291664
|move|p2a: Garchomp|Protect|p2a: Garchomp
|-singleturn|p2a: Garchomp|Protect
|move|p2b: Kingambit|Iron Head|p1b: Vanilluxe
|-supereffective|p1b: Vanilluxe|1
|-damage|p1b: Vanilluxe|0 fnt
|faint|p1b: Vanilluxe
|move|p1a: Farigiraf|Trick Room|p1a: Farigiraf
|-fieldend|move: Trick Room
|
|-weather|Snowscape|[upkeep]
|upkeep
|turn|6
|
|t:|1784291678
|move|p2a: Garchomp|Dragon Claw|p1a: Farigiraf
|-damage|p1a: Farigiraf|61/100
|-damage|p2a: Garchomp|90/100|[from] item: Life Orb
|move|p2b: Kingambit|Kowtow Cleave|p1a: Farigiraf
|-supereffective|p1a: Farigiraf|1
|-damage|p1a: Farigiraf|0 fnt
|faint|p1a: Farigiraf
|
|win|delucieous
|c|☆delucieous|ggs
|c|☆munchie2ff|farig blastoise lead seems correct right?
|c|☆munchie2ff|ggs
|l|☆delucieous
|player|p2|
|j|☆delucieous
|player|p2|delucieous|beauty-gen6xy|
