|j|☆FunkleVGC
|j|☆Barozj1
|html|FunkleVGCBarozj1    
|uhtml|bestof|Game 2 of a best-of-3
|t:|1783001830
|gametype|doubles
|player|p1|FunkleVGC|fisherman-gen4|1219
|player|p2|Barozj1|1|1181
|gen|9
|tier|[Gen 9 Champions] VGC 2026 Reg M-B (Bo3)
|rated|
|rule|Species Clause: Limit one of each Pokémon
|rule|Item Clause: Limit 1 of each item
|clearpoke
|poke|p1|Froslass, L50, F, shiny|
|poke|p1|Scovillain, L50, F, shiny|
|poke|p1|Lycanroc-Dusk, L50, M, shiny|
|poke|p1|Kingambit, L50, F, shiny|
|poke|p1|Basculegion, L50, M, shiny|
|poke|p1|Sneasler, L50, M, shiny|
|poke|p2|Kingambit, L50, F, shiny|
|poke|p2|Sylveon, L50, F, shiny|
|poke|p2|Garchomp, L50, M, shiny|
|poke|p2|Aerodactyl, L50, F, shiny|
|poke|p2|Farigiraf, L50, M, shiny|
|poke|p2|Charizard, L50, F, shiny|
|teampreview|4
|showteam|p1|Froslass||Froslassite|CursedBody|Blizzard,ShadowBall,AuroraVeil,Protect|Modest||F|||50|]Scovillain||Scovillainite|Moody|Overheat,GigaDrain,RagePowder,Protect|Bold||F|||50|]Lycanroc-Dusk||FocusSash|ToughClaws|RockSlide,CloseCombat,Accelerock,Protect|Jolly||M|||50|]Kingambit||BlackGlasses|Defiant|KowtowCleave,SuckerPunch,SwordsDance,Protect|Adamant||F|||50|]Basculegion||SitrusBerry|Adaptability|WaveCrash,LastRespects,AquaJet,Protect|Adamant||M|||50|]Sneasler||WhiteHerb|Unburden|GunkShot,CloseCombat,FakeOut,Protect|Adamant||M|||50|
|showteam|p2|Kingambit||FocusSash|Defiant|IronHead,SuckerPunch,KowtowCleave,LowKick|Adamant||F|||50|]Sylveon||FairyFeather|Pixilate|Detect,HyperVoice,HyperBeam,QuickAttack|Modest||F|||50|]Garchomp||LifeOrb|RoughSkin|Protect,DragonClaw,Earthquake,StompingTantrum|Jolly||M|||50|]Aerodactyl||Aerodactylite|RockHead|IceFang,RockSlide,Tailwind,DualWingbeat|Jolly||F|||50|]Farigiraf||SitrusBerry|ArmorTail|TrickRoom,TwinBeam,Thunderbolt,Roar|Bold||M|||50|]Charizard||CharizarditeY|Blaze|Protect,HeatWave,SolarBeam,WeatherBall|Modest||F|||50|
|
|t:|1783001837
|teamsize|p1|4
|teamsize|p2|4
|start
|switch|p1a: Froslass|Froslass, L50, F, shiny|100/100
|switch|p1b: Lycanroc|Lycanroc-Dusk, L50, M, shiny|100/100
|switch|p2a: Kingambit|Kingambit, L50, F, shiny|100/100
|switch|p2b: Aerodactyl|Aerodactyl, L50, F, shiny|100/100
|turn|1
|
|t:|1783001847
|detailschange|p2b: Aerodactyl|Aerodactyl-Mega, L50, F, shiny
|-mega|p2b: Aerodactyl|Aerodactyl|Aerodactylite
|detailschange|p1a: Froslass|Froslass-Mega, L50, F, shiny
|-mega|p1a: Froslass|Froslass|Froslassite
|-weather|Snowscape|[from] ability: Snow Warning|[of] p1a: Froslass
|move|p2a: Kingambit|Sucker Punch|p1a: Froslass
|-supereffective|p1a: Froslass|1
|-damage|p1a: Froslass|14/100
|move|p2b: Aerodactyl|Rock Slide|p1b: Lycanroc|[spread] p1a,p1b
|-supereffective|p1a: Froslass|1
|-damage|p1a: Froslass|0 fnt
|-damage|p1b: Lycanroc|54/100
|faint|p1a: Froslass
|move|p1b: Lycanroc|Close Combat|p2a: Kingambit
|-supereffective|p2a: Kingambit|2
|-enditem|p2a: Kingambit|Focus Sash
|-damage|p2a: Kingambit|1/100
|-unboost|p1b: Lycanroc|def|1
|-unboost|p1b: Lycanroc|spd|1
|
|-weather|Snowscape|[upkeep]
|upkeep
|
|t:|1783001864
|switch|p1a: Basculegion|Basculegion, L50, M, shiny|100/100
|turn|2
|
|t:|1783001877
|switch|p2b: Farigiraf|Farigiraf, L50, M, shiny|100/100
|move|p2a: Kingambit|Sucker Punch|p1a: Basculegion
|-supereffective|p1a: Basculegion|1
|-damage|p1a: Basculegion|24/100
|-enditem|p1a: Basculegion|Sitrus Berry|[eat]
|-heal|p1a: Basculegion|49/100|[from] item: Sitrus Berry
|move|p1a: Basculegion|Aqua Jet||[still]
|cant|p2b: Farigiraf|ability: Armor Tail|Aqua Jet|[of] p1a: Basculegion
|move|p1b: Lycanroc|Rock Slide|p2a: Kingambit|[spread] p2a,p2b
|-resisted|p2a: Kingambit|1
|-damage|p2a: Kingambit|0 fnt
|-damage|p2b: Farigiraf|79/100
|faint|p2a: Kingambit
|
|-weather|Snowscape|[upkeep]
|upkeep
|
|t:|1783001883
|switch|p2a: Aerodactyl|Aerodactyl-Mega, L50, F, shiny|100/100
|turn|3
|
|t:|1783001893
|switch|p1b: Kingambit|Kingambit, L50, F, shiny|100/100
|move|p1a: Basculegion|Protect|p1a: Basculegion
|-singleturn|p1a: Basculegion|Protect
|move|p2a: Aerodactyl|Dual Wingbeat|p1a: Basculegion
|-activate|p1a: Basculegion|move: Protect
|move|p2b: Farigiraf|Twin Beam|p1b: Kingambit
|-immune|p1b: Kingambit
|
|-weather|Snowscape|[upkeep]
|upkeep
|turn|4
|
|t:|1783001909
|move|p2a: Aerodactyl|Tailwind|p2a: Aerodactyl
|-sidestart|p2: Barozj1|move: Tailwind
|move|p2b: Farigiraf|Thunderbolt|p1a: Basculegion
|-supereffective|p1a: Basculegion|1
|-damage|p1a: Basculegion|4/100
|move|p1a: Basculegion|Wave Crash|p2b: Farigiraf
|-damage|p2b: Farigiraf|19/100
|-enditem|p2b: Farigiraf|Sitrus Berry|[eat]
|-heal|p2b: Farigiraf|44/100|[from] item: Sitrus Berry
|-damage|p1a: Basculegion|0 fnt|[from] Recoil
|faint|p1a: Basculegion
|move|p1b: Kingambit|Swords Dance|p1b: Kingambit
|-boost|p1b: Kingambit|atk|2
|
|-weather|Snowscape|[upkeep]
|upkeep
|
|t:|1783001920
|switch|p1a: Lycanroc|Lycanroc-Dusk, L50, M, shiny|54/100
|turn|5
|
|t:|1783001931
|move|p2a: Aerodactyl|Rock Slide|p1b: Kingambit|[spread] p1a,p1b
|-resisted|p1b: Kingambit|1
|-damage|p1a: Lycanroc|12/100
|-damage|p1b: Kingambit|90/100
|cant|p1a: Lycanroc|flinch
|move|p2b: Farigiraf|Twin Beam|p1a: Lycanroc
|-crit|p1a: Lycanroc
|-damage|p1a: Lycanroc|0 fnt
|faint|p1a: Lycanroc
|-hitcount|p1: Lycanroc|1
|move|p1b: Kingambit|Kowtow Cleave|p2a: Aerodactyl
|-damage|p2a: Aerodactyl|0 fnt
|faint|p2a: Aerodactyl
|
|-weather|none
|upkeep
|
|t:|1783001938
|switch|p2a: Sylveon|Sylveon, L50, F, shiny|100/100
|turn|6
|
|t:|1783001948
|move|p2a: Sylveon|Hyper Beam|p1b: Kingambit
|-damage|p1b: Kingambit|0 fnt
|-mustrecharge|p2a: Sylveon
|faint|p1b: Kingambit
|
|win|Barozj1
|raw|FunkleVGC's rating: 1219 → 1191(-28 for losing)
|raw|Barozj1's rating: 1181 → 1209(+28 for winning)
