|j|☆Clem 2
|j|☆endk649
|html|Clem 2endk649    
|uhtml|bestof|Game 1 of a best-of-3
|t:|1756214884
|gametype|doubles
|player|p1|Clem 2|101|1047
|player|p2|endk649|gambler|1137
|gen|9
|tier|[Gen 9] VGC 2025 Reg H (Bo3)
|rated|
|rule|Species Clause: Limit one of each Pokémon
|rule|Item Clause: Limit 1 of each item
|clearpoke
|poke|p1|Whimsicott, L50, F|
|poke|p1|Dragapult, L50, F|
|poke|p1|Dondozo, L50, F|
|poke|p1|Tatsugiri-Droopy, L50, M|
|poke|p1|Incineroar, L50, F|
|poke|p1|Pachirisu, L50, F|
|poke|p2|Feraligatr, L50, F|
|poke|p2|Gholdengo, L50|
|poke|p2|Pelipper, L50, M|
|poke|p2|Amoonguss, L50, M|
|poke|p2|Rillaboom, L50, M|
|poke|p2|Incineroar, L50, M|
|teampreview|4
|showteam|p1|Whimsicott||CovertCloak|Prankster|Moonblast,Tailwind,Taunt,Substitute|||F|||50|,,,,,Water]Dragapult||LifeOrb|Infiltrator|DracoMeteor,ShadowBall,Thunderbolt,Protect|||F|||50|,,,,,Ghost]Dondozo||ChestoBerry|Oblivious|BodyPress,Liquidation,OrderUp,Rest|||F|||50|,,,,,Fighting]Tatsugiri-Droopy||AssaultVest|Commander|IcyWind,DracoMeteor,HydroPump,Surf|||M|||50|,,,,,Dragon]Incineroar||SafetyGoggles|Intimidate|FlareBlitz,KnockOff,PartingShot,FakeOut|||F|||50|,,,,,Bug]Pachirisu||Leftovers|VoltAbsorb|Nuzzle,FollowMe,Protect,SuperFang|||F|||50|,,,,,Flying
|showteam|p2|Feraligatr||LifeOrb|SheerForce|Liquidation,Crunch,DragonDance,Protect|||F|||50|,,,,,Dark]Gholdengo||Leftovers|GoodasGold|MakeItRain,ShadowBall,NastyPlot,Protect||||||50|,,,,,Water]Pelipper||FocusSash|Drizzle|WeatherBall,Hurricane,Tailwind,Protect|||M|||50|,,,,,Stellar]Amoonguss||CovertCloak|Regenerator|PollenPuff,Spore,RagePowder,Protect|||M|||50|,,,,,Water]Rillaboom||AssaultVest|GrassySurge|WoodHammer,GrassyGlide,FakeOut,Uturn|||M|||50|,,,,,Fire]Incineroar||SafetyGoggles|Intimidate|KnockOff,FakeOut,Taunt,PartingShot|||M|||50|,,,,,Ghost
|
|t:|1756214971
|teamsize|p1|4
|teamsize|p2|4
|start
|switch|p1a: Whimsicott|Whimsicott, L50, F|100/100
|switch|p1b: Dragapult|Dragapult, L50, F|100/100
|switch|p2a: Incineroar|Incineroar, L50, M, shiny|100/100
|switch|p2b: Feraligatr|Feraligatr, L50, F, shiny|100/100
|-ability|p2a: Incineroar|Intimidate|boost
|-unboost|p1a: Whimsicott|atk|1
|-unboost|p1b: Dragapult|atk|1
|turn|1
|inactive|Battle timer is ON: inactive players will automatically lose when time's up. (requested by endk649)
|
|t:|1756215016
|move|p2b: Feraligatr|Protect|p2b: Feraligatr
|-singleturn|p2b: Feraligatr|Protect
|move|p1a: Whimsicott|Tailwind|p1a: Whimsicott
|-sidestart|p1: Clem 2|move: Tailwind
|move|p1b: Dragapult|Thunderbolt|p2b: Feraligatr
|-activate|p2b: Feraligatr|move: Protect
|move|p2a: Incineroar|Taunt|p1a: Whimsicott
|-start|p1a: Whimsicott|move: Taunt
|
|upkeep
|turn|2
|inactive|endk649 has 30 seconds left.
|
|t:|1756215041
|-terastallize|p2b: Feraligatr|Dark
|move|p1b: Dragapult|Thunderbolt|p2b: Feraligatr
|-crit|p2b: Feraligatr
|-damage|p2b: Feraligatr|38/100
|-damage|p1b: Dragapult|90/100|[from] item: Life Orb
|move|p1a: Whimsicott|Moonblast|p2a: Incineroar
|-damage|p2a: Incineroar|77/100
|-unboost|p2a: Incineroar|spa|1
|move|p2b: Feraligatr|Dragon Dance|p2b: Feraligatr
|-boost|p2b: Feraligatr|atk|1
|-boost|p2b: Feraligatr|spe|1
|move|p2a: Incineroar|Knock Off|p1b: Dragapult
|-supereffective|p1b: Dragapult
|-damage|p1b: Dragapult|0 fnt
|-enditem|p1b: Dragapult|Life Orb|[from] move: Knock Off|[of] p2a: Incineroar
|faint|p1b: Dragapult
|
|upkeep
|inactive|Clem 2 has 30 seconds left.
|
|t:|1756215073
|switch|p1b: Tatsugiri|Tatsugiri-Droopy, L50, M|100/100
|turn|3
|
|t:|1756215083
|move|p2b: Feraligatr|Protect|p2b: Feraligatr
|-singleturn|p2b: Feraligatr|Protect
|move|p1a: Whimsicott|Moonblast|p2b: Feraligatr
|-activate|p2b: Feraligatr|move: Protect
|move|p1b: Tatsugiri|Hydro Pump|p2a: Incineroar
|-supereffective|p2a: Incineroar
|-damage|p2a: Incineroar|0 fnt
|faint|p2a: Incineroar
|
|upkeep
|
|t:|1756215093
|switch|p2a: Rillaboom|Rillaboom, L50, M, shiny|100/100
|-fieldstart|move: Grassy Terrain|[from] ability: Grassy Surge|[of] p2a: Rillaboom
|turn|4
|
|t:|1756215115
|switch|p2b: Amoonguss|Amoonguss, L50, M, shiny|100/100
|move|p1a: Whimsicott|Moonblast|p2b: Amoonguss
|-resisted|p2b: Amoonguss
|-damage|p2b: Amoonguss|90/100
|move|p1b: Tatsugiri|Icy Wind|p2a: Rillaboom|[spread] p2a,p2b
|-supereffective|p2a: Rillaboom
|-supereffective|p2b: Amoonguss
|-damage|p2a: Rillaboom|84/100
|-damage|p2b: Amoonguss|67/100
|-unboost|p2a: Rillaboom|spe|1
|move|p2a: Rillaboom|Wood Hammer|p1b: Tatsugiri
|-damage|p1b: Tatsugiri|0 fnt
|faint|p1b: Tatsugiri
|-damage|p2a: Rillaboom|61/100|[from] Recoil
|
|-heal|p2a: Rillaboom|67/100|[from] Grassy Terrain
|-heal|p2b: Amoonguss|73/100|[from] Grassy Terrain
|-end|p1a: Whimsicott|move: Taunt
|-sideend|p1: Clem 2|move: Tailwind
|upkeep
|inactive|Clem 2 has 30 seconds left.
|inactive|Clem 2 has 20 seconds left.
|
|t:|1756215153
|switch|p1b: Dondozo|Dondozo, L50, F|100/100
|turn|5
|-message|Clem 2 forfeited.
|
|win|endk649
|l|☆Clem 2
|player|p1|
||endk649 is ready for game 2.
||Clem 2 is ready for game 2.
|uhtml|next|Next: Game 2 of 3
