|j|☆GymGlofer
|j|☆testdigi
|html|GymGlofertestdigi    
|uhtml|bestof|Game 2 of a best-of-3
|t:|1784892027
|gametype|doubles
|player|p1|GymGlofer|blackbelt|1091
|player|p2|testdigi|101|1103
|gen|9
|tier|[Gen 9 Champions] VGC 2026 Reg M-B (Bo3)
|rated|
|rule|Species Clause: Limit one of each Pokémon
|rule|Item Clause: Limit 1 of each item
|clearpoke
|poke|p1|Swampert, L50, F|
|poke|p1|Milotic, L50, M|
|poke|p1|Quaquaval, L50, M|
|poke|p1|Greninja, L50, F|
|poke|p1|Pelipper, L50, M|
|poke|p1|Basculegion-F, L50, F|
|poke|p2|Raichu, L50, M|
|poke|p2|Toxapex, L50, F|
|poke|p2|Mamoswine, L50, F|
|poke|p2|Sylveon, L50, M|
|poke|p2|Corviknight, L50, F|
|poke|p2|Basculegion, L50, M|
|teampreview|4
|showteam|p1|Swampert||Swampertite|Damp|Liquidation,Earthquake,KnockOff,Protect|Adamant||F|||50|]Milotic||Leftovers|Competitive|HydroPump,IceBeam,Coil,LifeDew|Calm||M|||50|]Quaquaval||FocusSash|Moxie|AquaStep,CloseCombat,TripleAxel,Protect|Jolly||M|||50|]Greninja||Greninjite|Protean|FlipTurn,DarkPulse,IcyWind,Protect|Hasty||F|||50|]Pelipper||WideLens|Drizzle|MuddyWater,Hurricane,WideGuard,Tailwind|Quiet||M|||50|]Basculegion-F||ChoiceScarf|Adaptability|ChillingWater,ShadowBall,AquaJet,PsychicFangs|Hasty||F|||50|
|showteam|p2|Raichu||RaichuniteY|LightningRod|ZapCannon,FocusBlast,FakeOut,Protect|Timid||M|||50|]Toxapex||Leftovers|Regenerator|Infestation,Toxic,Recover,BanefulBunker|Relaxed||F|||50|]Mamoswine||LifeOrb|Oblivious|StompingTantrum,IceShard,RockSlide,Protect|Adamant||F|||50|]Sylveon||FairyFeather|Pixilate|HyperVoice,QuickAttack,Yawn,Detect|Modest||M|||50|]Corviknight||OccaBerry|MirrorArmor|IronHead,BraveBird,Tailwind,Protect|Adamant||F|||50|]Basculegion||FocusSash|Adaptability|LastRespects,Liquidation,AquaJet,Protect|Adamant||M|||50|
|inactive|Battle timer is ON: inactive players will automatically lose when time's up. (requested by GymGlofer)
|
|t:|1784892062
|teamsize|p1|4
|teamsize|p2|4
|start
|switch|p1a: Basculegion|Basculegion-F, L50, F|100/100
|switch|p1b: Swampert|Swampert, L50, F|100/100
|switch|p2a: Raichu|Raichu, L50, M|100/100
|switch|p2b: Sylveon|Sylveon, L50, M|100/100
|turn|1
|
|t:|1784892073
|detailschange|p2a: Raichu|Raichu-Mega-Y, L50, M
|-mega|p2a: Raichu|Raichu|Raichunite Y
|detailschange|p1b: Swampert|Swampert-Mega, L50, F
|-mega|p1b: Swampert|Swampert|Swampertite
|move|p1b: Swampert|Protect|p1b: Swampert
|-singleturn|p1b: Swampert|Protect
|move|p2a: Raichu|Fake Out|p1b: Swampert
|-activate|p1b: Swampert|move: Protect
|move|p1a: Basculegion|Shadow Ball|p2a: Raichu
|-damage|p2a: Raichu|32/100
|move|p2b: Sylveon|Yawn|p1a: Basculegion
|-start|p1a: Basculegion|move: Yawn|[of] p2b: Sylveon
|
|upkeep
|turn|2
|
|t:|1784892095
|switch|p1a: Pelipper|Pelipper, L50, M|100/100
|-weather|RainDance|[from] ability: Drizzle|[of] p1a: Pelipper
|move|p2a: Raichu|Protect|p2a: Raichu
|-singleturn|p2a: Raichu|Protect
|move|p1b: Swampert|Earthquake|p2a: Raichu|[spread] p2b
|-activate|p2a: Raichu|move: Protect
|-immune|p1a: Pelipper
|-damage|p2b: Sylveon|53/100
|move|p2b: Sylveon|Yawn|p1b: Swampert
|-start|p1b: Swampert|move: Yawn|[of] p2b: Sylveon
|
|-weather|RainDance|[upkeep]
|upkeep
|turn|3
|inactive|testdigi has 30 seconds left.
|
|t:|1784892130
|switch|p2a: Corviknight|Corviknight, L50, F|100/100
|move|p1b: Swampert|Earthquake|p2b: Sylveon|[spread] p2b
|-immune|p1a: Pelipper
|-immune|p2a: Corviknight
|-damage|p2b: Sylveon|8/100
|move|p2b: Sylveon|Yawn|p1a: Pelipper
|-start|p1a: Pelipper|move: Yawn|[of] p2b: Sylveon
|move|p1a: Pelipper|Muddy Water|p2b: Sylveon|[spread] p2a,p2b
|-damage|p2a: Corviknight|54/100
|-damage|p2b: Sylveon|0 fnt
|faint|p2b: Sylveon
|
|-weather|RainDance|[upkeep]
|-end|p1b: Swampert|move: Yawn|[silent]
|-status|p1b: Swampert|slp
|upkeep
|
|t:|1784892138
|switch|p2b: Raichu|Raichu-Mega-Y, L50, M|32/100
|turn|4
|
|t:|1784892151
|move|p2b: Raichu|Zap Cannon|p1a: Pelipper
|-supereffective|p1a: Pelipper|2
|-damage|p1a: Pelipper|0 fnt
|faint|p1a: Pelipper
|cant|p1b: Swampert|slp
|move|p2a: Corviknight|Tailwind|p2a: Corviknight
|-sidestart|p2: testdigi|move: Tailwind
|
|-weather|RainDance|[upkeep]
|upkeep
|
|t:|1784892161
|switch|p1a: Quaquaval|Quaquaval, L50, M|100/100
|turn|5
|
|t:|1784892170
|move|p2b: Raichu|Focus Blast|p1b: Swampert
|-damage|p1b: Swampert|65/100 slp
|move|p2a: Corviknight|Brave Bird|p1a: Quaquaval
|-supereffective|p1a: Quaquaval|1
|-enditem|p1a: Quaquaval|Focus Sash
|-damage|p1a: Quaquaval|1/100
|-damage|p2a: Corviknight|28/100|[from] Recoil
|cant|p1b: Swampert|slp
|move|p1a: Quaquaval|Aqua Step|p2b: Raichu
|-damage|p2b: Raichu|0 fnt
|-boost|p1a: Quaquaval|spe|1
|faint|p2b: Raichu
|-ability|p1a: Quaquaval|Moxie|boost
|-boost|p1a: Quaquaval|atk|1
|
|-weather|RainDance|[upkeep]
|upkeep
|
|t:|1784892173
|switch|p2b: Basculegion|Basculegion, L50, M|100/100
|turn|6
|
|t:|1784892194
|move|p1a: Quaquaval|Protect|p1a: Quaquaval
|-singleturn|p1a: Quaquaval|Protect
|-curestatus|p1b: Swampert|slp|[msg]
|move|p1b: Swampert|Protect|p1b: Swampert
|-singleturn|p1b: Swampert|Protect
|move|p2b: Basculegion|Last Respects|p1b: Swampert
|-activate|p1b: Swampert|move: Protect
|move|p2a: Corviknight|Iron Head|p1a: Quaquaval
|-activate|p1a: Quaquaval|move: Protect
|
|-weather|none
|upkeep
|turn|7
|
|t:|1784892212
|move|p2b: Basculegion|Last Respects|p1b: Swampert
|-damage|p1b: Swampert|0 fnt
|faint|p1b: Swampert
|move|p1a: Quaquaval|Close Combat|p2a: Corviknight
|-damage|p2a: Corviknight|0 fnt
|-unboost|p1a: Quaquaval|def|1
|-unboost|p1a: Quaquaval|spd|1
|faint|p2a: Corviknight
|-ability|p1a: Quaquaval|Moxie|boost
|-boost|p1a: Quaquaval|atk|1
|
|-sideend|p2: testdigi|move: Tailwind
|upkeep
|
|t:|1784892219
|switch|p1b: Basculegion|Basculegion-F, L50, F|100/100
|turn|8
|
|t:|1784892232
|move|p1a: Quaquaval|Aqua Step|p2b: Basculegion
|-resisted|p2b: Basculegion|1
|-damage|p2b: Basculegion|49/100
|-boost|p1a: Quaquaval|spe|1
|move|p1b: Basculegion|Shadow Ball|p2b: Basculegion
|-supereffective|p2b: Basculegion|1
|-damage|p2b: Basculegion|0 fnt
|faint|p2b: Basculegion
|
|win|GymGlofer
