|j|☆my!lane
|j|☆raksbach
|html|my!laneraksbach    
|uhtml|bestof|Game 2 of a best-of-3
|t:|1783347257
|gametype|doubles
|player|p1|my!lane|roxie|1134
|player|p2|raksbach|102|1235
|gen|9
|tier|[Gen 9 Champions] VGC 2026 Reg M-B (Bo3)
|rated|
|rule|Species Clause: Limit one of each Pokémon
|rule|Item Clause: Limit 1 of each item
|clearpoke
|poke|p1|Drampa, L50, M|
|poke|p1|Sinistcha, L50|
|poke|p1|Chandelure, L50, M|
|poke|p1|Incineroar, L50, F|
|poke|p1|Azumarill, L50, M|
|poke|p1|Metagross, L50|
|poke|p2|Incineroar, L50, F|
|poke|p2|Maushold, L50|
|poke|p2|Sinistcha, L50|
|poke|p2|Sneasler, L50, F|
|poke|p2|Blastoise, L50, M|
|poke|p2|Delphox, L50, M|
|teampreview|4
|showteam|p1|Drampa||Drampanite|CloudNine|Protect,EarthPower,DracoMeteor,HyperVoice|Quiet||M|||50|]Sinistcha||ColburBerry|Hospitality|RagePowder,MatchaGotcha,TrickRoom,ShadowBall|Sassy|||||50|]Chandelure||FocusSash|FlashFire|TrickRoom,HeatWave,Overheat,ShadowBall|Quiet||M|||50|]Incineroar||Leftovers|Intimidate|FakeOut,PartingShot,FlareBlitz,ThroatChop|Relaxed||F|||50|]Azumarill||SitrusBerry|HugePower|BellyDrum,AquaJet,PlayRough,Protect|Adamant||M|||50|]Metagross||Metagrossite|ClearBody|IronHead,PsychicFangs,HammerArm,Protect|Adamant|||||50|
|showteam|p2|Incineroar||SitrusBerry|Intimidate|FakeOut,FlareBlitz,DarkestLariat,PartingShot|Impish||F|||50|]Maushold||ChopleBerry|FriendGuard|SuperFang,Feint,FollowMe,Protect|Impish|||||50|]Sinistcha||OccaBerry|Hospitality|MatchaGotcha,LifeDew,RagePowder,Protect|Bold|||||50|]Sneasler||FocusSash|PoisonTouch|FakeOut,CloseCombat,DireClaw,QuickGuard|Jolly||F|||50|]Blastoise||Blastoisinite|Torrent|WaterSpout,DarkPulse,ShellSmash,Protect|Modest||M|||50|]Delphox||Delphoxite|Blaze|HeatWave,Psychic,NastyPlot,Protect|Timid||M|||50|
|inactive|Battle timer is ON: inactive players will automatically lose when time's up. (requested by raksbach)
|inactive|raksbach has 60 seconds left.
|
|t:|1783347293
|teamsize|p1|4
|teamsize|p2|4
|start
|switch|p1a: Sinistcha|Sinistcha, L50|100/100
|switch|p1b: Incineroar|Incineroar, L50, F|100/100
|switch|p2a: Sneasler|Sneasler, L50, F|100/100
|switch|p2b: Delphox|Delphox, L50, M|100/100
|-ability|p1b: Incineroar|Intimidate|boost
|-unboost|p2a: Sneasler|atk|1
|-unboost|p2b: Delphox|atk|1
|turn|1
|
|t:|1783347316
|detailschange|p2b: Delphox|Delphox-Mega, L50, M
|-mega|p2b: Delphox|Delphox|Delphoxite
|move|p2a: Sneasler|Fake Out|p1b: Incineroar
|-damage|p1b: Incineroar|93/100
|cant|p1b: Incineroar|flinch
|move|p2b: Delphox|Nasty Plot|p2b: Delphox
|-boost|p2b: Delphox|spa|2
|move|p1a: Sinistcha|Trick Room|p1a: Sinistcha
|-fieldstart|move: Trick Room|[of] p1a: Sinistcha
|
|-heal|p1b: Incineroar|99/100|[from] item: Leftovers
|upkeep
|turn|2
|
|t:|1783347332
|move|p2b: Delphox|Protect|p2b: Delphox
|-singleturn|p2b: Delphox|Protect
|move|p1b: Incineroar|Flare Blitz|p2a: Sneasler
|-damage|p2a: Sneasler|18/100
|-damage|p1b: Incineroar|78/100|[from] Recoil
|move|p1a: Sinistcha|Shadow Ball|p2a: Sneasler
|-damage|p2a: Sneasler|0 fnt
|faint|p2a: Sneasler
|
|-heal|p1b: Incineroar|84/100|[from] item: Leftovers
|upkeep
|
|t:|1783347344
|switch|p2a: Sinistcha|Sinistcha, L50|100/100
|turn|3
|
|t:|1783347356
|move|p2a: Sinistcha|Rage Powder|p2a: Sinistcha
|-singleturn|p2a: Sinistcha|move: Rage Powder
|move|p1b: Incineroar|Throat Chop|p2a: Sinistcha
|-supereffective|p2a: Sinistcha|1
|-damage|p2a: Sinistcha|46/100
|-start|p2a: Sinistcha|Throat Chop|[silent]
|move|p1a: Sinistcha|Shadow Ball|p2b: Delphox
|-supereffective|p2b: Delphox|1
|-damage|p2b: Delphox|40/100
|move|p2b: Delphox|Heat Wave|p1b: Incineroar|[spread] p1a,p1b
|-supereffective|p1a: Sinistcha|1
|-resisted|p1b: Incineroar|1
|-damage|p1a: Sinistcha|0 fnt
|-damage|p1b: Incineroar|47/100
|faint|p1a: Sinistcha
|
|-heal|p1b: Incineroar|52/100|[from] item: Leftovers
|upkeep
|
|t:|1783347364
|switch|p1a: Chandelure|Chandelure, L50, M|100/100
|turn|4
|
|t:|1783347375
|switch|p2a: Incineroar|Incineroar, L50, F|100/100
|-ability|p2a: Incineroar|Intimidate|boost
|-unboost|p1a: Chandelure|atk|1
|-unboost|p1b: Incineroar|atk|1
|move|p1b: Incineroar|Throat Chop|p2a: Incineroar
|-resisted|p2a: Incineroar|1
|-damage|p2a: Incineroar|91/100
|-start|p2a: Incineroar|Throat Chop|[silent]
|move|p1a: Chandelure|Shadow Ball|p2b: Delphox
|-supereffective|p2b: Delphox|1
|-damage|p2b: Delphox|0 fnt
|faint|p2b: Delphox
|
|-heal|p1b: Incineroar|58/100|[from] item: Leftovers
|upkeep
|
|t:|1783347387
|switch|p2b: Sinistcha|Sinistcha, L50|46/100
|-heal|p2a: Incineroar|100/100|[from] ability: Hospitality|[of] p2b: Sinistcha
|turn|5
|
|t:|1783347396
|move|p1b: Incineroar|Parting Shot|p2a: Incineroar
|-unboost|p2a: Incineroar|atk|1
|-unboost|p2a: Incineroar|spa|1
|
|t:|1783347398
|switch|p1b: Drampa|Drampa, L50, M|100/100|[from] Parting Shot
|-ability|p1b: Drampa|Cloud Nine
|move|p2a: Incineroar|Darkest Lariat|p1a: Chandelure
|-supereffective|p1a: Chandelure|1
|-damage|p1a: Chandelure|46/100
|move|p1a: Chandelure|Shadow Ball|p2b: Sinistcha
|-supereffective|p2b: Sinistcha|1
|-crit|p2b: Sinistcha
|-damage|p2b: Sinistcha|0 fnt
|faint|p2b: Sinistcha
|
|-end|p2a: Incineroar|Throat Chop|[silent]
|-fieldend|move: Trick Room
|upkeep
|turn|6
|-message|raksbach forfeited.
|
|win|my!lane
|raw|my!lane's rating: 1134 → 1166(+32 for winning)
|raw|raksbach's rating: 1235 → 1203(-32 for losing)
