|j|☆tsareenagoodar
|j|☆zeimei
|html|tsareenagoodarzeimei    
|uhtml|bestof|Game 1 of a best-of-3
|t:|1786172203
|gametype|doubles
|player|p1|tsareenagoodar|cynthia-masters4|
|player|p2|zeimei|101|
|gen|9
|tier|[Gen 9 Champions] VGC 2026 Reg M-B (Bo3)
|rule|Species Clause: Limit one of each Pokémon
|rule|Item Clause: Limit 1 of each item
|clearpoke
|poke|p1|Camerupt, L50, F, shiny|
|poke|p1|Gengar, L50, M, shiny|
|poke|p1|Meganium, L50, F, shiny|
|poke|p1|Gyarados, L50, M, shiny|
|poke|p1|Mudsdale, L50, F, shiny|
|poke|p1|Eelektross, L50, F, shiny|
|poke|p2|Gardevoir, L50, F|
|poke|p2|Eelektross, L50, M|
|poke|p2|Meowscarada, L50, M|
|poke|p2|Tyrantrum, L50, M|
|poke|p2|Alcremie, L50, F|
|poke|p2|Kommo-o, L50, F|
|teampreview|4
|showteam|p1|Camerupt||Cameruptite|SolidRock|AncientPower,ScorchingSands,HeatWave,Protect|Quiet||F|||50|]Gengar||FocusSash|CursedBody|ShadowBall,SludgeBomb,Protect,TrickRoom|Timid||M|||50|]Meganium||Meganiumite|Overgrow|PollenPuff,DazzlingGleam,SolarBeam,Synthesis|Modest||F|||50|]Gyarados||Leftovers|Intimidate|Waterfall,ThunderWave,Taunt,Protect|Adamant||M|||50|]Mudsdale||LumBerry|OwnTempo|Earthquake,Curse,RockSlide,Protect|Brave||F|||50|]Eelektross||LifeOrb|Levitate|GrassKnot,Thunderbolt,VoltSwitch,Protect|Modest||F|||50|
|showteam|p2|Gardevoir||Gardevoirite|Trace|HyperVoice,Thunderbolt,ShadowBall,VacuumWave|Modest||F|||50|]Eelektross||Eelektrossite|Levitate|DragonPulse,GrassKnot,Thunderbolt,Protect|Modest||M|||50|]Meowscarada||FocusSash|Protean|FlowerTrick,PlayRough,NightSlash,Protect|Adamant||M|||50|]Tyrantrum||ChoiceScarf|RockHead|DragonClaw,CloseCombat,HeadSmash,HighHorsepower|Jolly||M|||50|]Alcremie||Leftovers|AromaVeil|Protect,DazzlingGleam,HelpingHand,Decorate|Bold||F|||50|]Kommo-o||LifeOrb|Overcoat|ClangorousSoul,CloseCombat,Protect,ScaleShot|Adamant||F|||50|
|inactive|Battle timer is ON: inactive players will automatically lose when time's up. (requested by tsareenagoodar)
|inactive|tsareenagoodar has 60 seconds left.
|inactive|zeimei has 60 seconds left.
|inactive|tsareenagoodar has 30 seconds left.
|inactive|tsareenagoodar has 20 seconds left.
|inactive|tsareenagoodar has 15 seconds left.
|
|t:|1786172280
|teamsize|p1|4
|teamsize|p2|4
|start
|switch|p1a: Gengar|Gengar, L50, M, shiny|100/100
|switch|p1b: Camerupt|Camerupt, L50, F, shiny|100/100
|switch|p2a: Eelektross|Eelektross, L50, M|100/100
|switch|p2b: Gardevoir|Gardevoir, L50, F|100/100
|-ability|p2b: Gardevoir|Solid Rock|Trace|[from] ability: Trace|[of] p1b: Camerupt
|turn|1
|
|t:|1786172300
|detailschange|p2b: Gardevoir|Gardevoir-Mega, L50, F
|-mega|p2b: Gardevoir|Gardevoir|Gardevoirite
|detailschange|p1b: Camerupt|Camerupt-Mega, L50, F, shiny
|-mega|p1b: Camerupt|Camerupt|Cameruptite
|move|p1a: Gengar|Protect|p1a: Gengar
|-singleturn|p1a: Gengar|Protect
|move|p2b: Gardevoir|Hyper Voice|p1a: Gengar|[spread] p1b
|-activate|p1a: Gengar|move: Protect
|-resisted|p1b: Camerupt|1
|-damage|p1b: Camerupt|75/100
|move|p2a: Eelektross|Thunderbolt|p1a: Gengar
|-activate|p1a: Gengar|move: Protect
|move|p1b: Camerupt|Heat Wave|p2a: Eelektross|[spread] p2a,p2b
|-damage|p2a: Eelektross|33/100
|-damage|p2b: Gardevoir|54/100
|
|upkeep
|turn|2
|inactive|tsareenagoodar has 30 seconds left.
|
|t:|1786172331
|move|p2b: Gardevoir|Shadow Ball|p1a: Gengar
|-supereffective|p1a: Gengar|1
|-enditem|p1a: Gengar|Focus Sash
|-damage|p1a: Gengar|1/100
|move|p2a: Eelektross|Thunderbolt|p1a: Gengar
|-crit|p1a: Gengar
|-damage|p1a: Gengar|0 fnt
|faint|p1a: Gengar
|move|p1b: Camerupt|Heat Wave|p2a: Eelektross|[spread] p2a,p2b
|-damage|p2a: Eelektross|0 fnt
|-damage|p2b: Gardevoir|3/100
|faint|p2a: Eelektross
|
|upkeep
|
|t:|1786172345
|switch|p1a: Gyarados|Gyarados, L50, M, shiny|100/100
|switch|p2a: Meowscarada|Meowscarada, L50, M|100/100
|-ability|p1a: Gyarados|Intimidate|boost
|-unboost|p2a: Meowscarada|atk|1
|-unboost|p2b: Gardevoir|atk|1
|turn|3
|inactive|tsareenagoodar has 30 seconds left.
|
|t:|1786172379
|move|p1b: Camerupt|Protect|p1b: Camerupt
|-singleturn|p1b: Camerupt|Protect
|move|p2a: Meowscarada|Flower Trick|p1b: Camerupt
|-start|p2a: Meowscarada|typechange|Grass|[from] ability: Protean
|-activate|p1b: Camerupt|move: Protect
|move|p2b: Gardevoir|Thunderbolt|p1a: Gyarados
|-supereffective|p1a: Gyarados|2
|-damage|p1a: Gyarados|0 fnt
|faint|p1a: Gyarados
|
|upkeep
|
|t:|1786172389
|switch|p1a: Mudsdale|Mudsdale, L50, F, shiny|100/100
|turn|4
|
|t:|1786172397
|move|p2a: Meowscarada|Flower Trick|p1b: Camerupt
|-crit|p1b: Camerupt
|-damage|p1b: Camerupt|19/100
|move|p2b: Gardevoir|Hyper Voice|p1a: Mudsdale|[spread] p1a,p1b
|-resisted|p1b: Camerupt|1
|-damage|p1a: Mudsdale|54/100
|-damage|p1b: Camerupt|0 fnt
|faint|p1b: Camerupt
|move|p1a: Mudsdale|Rock Slide|p2b: Gardevoir|[spread] p2b
|-miss|p1a: Mudsdale|p2a: Meowscarada
|-damage|p2b: Gardevoir|0 fnt
|faint|p2b: Gardevoir
|
|upkeep
|
|t:|1786172409
|switch|p2b: Kommo-o|Kommo-o, L50, F|100/100
|turn|5
|
|t:|1786172422
|move|p2a: Meowscarada|Flower Trick|p1a: Mudsdale
|-supereffective|p1a: Mudsdale|1
|-crit|p1a: Mudsdale
|-damage|p1a: Mudsdale|0 fnt
|faint|p1a: Mudsdale
|
|win|zeimei
||tsareenagoodar is ready for game 2.
||zeimei is ready for game 2.
|uhtml|next|Next: Game 2 of 3
|l|☆tsareenagoodar
|player|p1|
