|j|вҳҶRamonTheKiller
|j|вҳҶRegionalModeSlow
|html|RamonTheKillerRegionalModeSlow    
|uhtml|bestof|Game 2 of a best-of-3
|t:|1756322144
|gametype|doubles
|player|p1|RamonTheKiller|palmer|1145
|player|p2|RegionalModeSlow|steven|1109
|gen|9
|tier|[Gen 9] VGC 2025 Reg H (Bo3)
|rated|
|rule|Species Clause: Limit one of each PokГ©mon
|rule|Item Clause: Limit 1 of each item
|clearpoke
|poke|p1|Incineroar, L50, M|
|poke|p1|Amoonguss, L50, F|
|poke|p1|Gholdengo, L50|
|poke|p1|Dragonite, L50, F|
|poke|p1|Sneasler, L50, M|
|poke|p1|Primarina, L50, F|
|poke|p2|Noivern, L50, M|
|poke|p2|Weezing-Galar, L50, M|
|poke|p2|Gholdengo, L50|
|poke|p2|Garchomp, L50, F|
|poke|p2|Annihilape, L50, M|
|poke|p2|Magmar, L50, M|
|teampreview|4
|showteam|p1|Incineroar||SafetyGoggles|Intimidate|KnockOff,FakeOut,PartingShot,FlareBlitz|||M|||50|,,,,,Ghost]Amoonguss||RockyHelmet|Regenerator|RagePowder,PollenPuff,Spore,Protect|||F|||50|,,,,,Fairy]Gholdengo||LifeOrb|GoodasGold|MakeItRain,ShadowBall,NastyPlot,Protect||||||50|,,,,,Water]Dragonite||LoadedDice|Multiscale|ScaleShot,Protect,Tailwind,Haze|||F|||50|,,,,,Fairy]Sneasler||FocusSash|Unburden|DireClaw,CloseCombat,Protect,ThroatChop|||M|||50|,,,,,Stellar]Primarina||AssaultVest|LiquidVoice|HyperVoice,Moonblast,IcyWind,TeraBlast|||F|||50|,,,,,Poison
|showteam|p2|Noivern||CovertCloak|Telepathy|AirSlash,SuperFang,Tailwind,Taunt|||M|||50|,,,,,Steel]Weezing-Galar||ChoiceSpecs|NeutralizingGas|DazzlingGleam,SludgeBomb,StrangeSteam,Flamethrower|||M|||50|,,,,,Flying]Gholdengo||MetalCoat|GoodasGold|MakeItRain,ShadowBall,NastyPlot,Protect||||||50|,,,,,Flying]Garchomp||LifeOrb|RoughSkin|DragonClaw,Earthquake,StompingTantrum,Protect|||F|||50|,,,,,Ground]Annihilape||AssaultVest|Defiant|CloseCombat,ShadowClaw,FinalGambit,Uturn|||M|||50|,,,,,Stellar]Magmar||Eviolite|VitalSpirit|HeatWave,WillOWisp,FollowMe,Protect|||M|||50|,,,,,Ghost
|inactive|Battle timer is ON: inactive players will automatically lose when time's up. (requested by RegionalModeSlow)
|
|t:|1756322150
|teamsize|p1|4
|teamsize|p2|4
|start
|switch|p1a: Dragonite|Dragonite, L50, F|100/100
|switch|p1b: Primarina|Primarina, L50, F|100/100
|switch|p2a: Ozzy|Noivern, L50, M|100/100
|switch|p2b: Purpleрҹ’ңHaze|Weezing-Galar, L50, M|100/100
|-ability|p2b: Purpleрҹ’ңHaze|Neutralizing Gas
|turn|1
|
|t:|1756322167
|-terastallize|p2a: Ozzy|Steel
|move|p2a: Ozzy|Taunt|p1a: Dragonite
|-start|p1a: Dragonite|move: Taunt
|move|p1a: Dragonite|Scale Shot|p2a: Ozzy
|-resisted|p2a: Ozzy
|-crit|p2a: Ozzy
|-damage|p2a: Ozzy|89/100
|-resisted|p2a: Ozzy
|-damage|p2a: Ozzy|82/100
|-resisted|p2a: Ozzy
|-damage|p2a: Ozzy|74/100
|-resisted|p2a: Ozzy
|-damage|p2a: Ozzy|68/100
|-hitcount|p2a: Ozzy|4
|-unboost|p1a: Dragonite|def|1
|-boost|p1a: Dragonite|spe|1
|move|p2b: Purpleрҹ’ңHaze|Dazzling Gleam|p1a: Dragonite|[spread] p1a,p1b
|-supereffective|p1a: Dragonite
|-damage|p1a: Dragonite|20/100
|-damage|p1b: Primarina|81/100
|move|p1b: Primarina|Icy Wind|p2a: Ozzy|[spread] p2a,p2b
|-resisted|p2a: Ozzy
|-damage|p2a: Ozzy|59/100
|-damage|p2b: Purpleрҹ’ңHaze|81/100
|-unboost|p2b: Purpleрҹ’ңHaze|spe|1
|
|upkeep
|turn|2
|inactive|RamonTheKiller has 30 seconds left.
|
|t:|1756322199
|switch|p1a: Incineroar|Incineroar, L50, M|100/100
|move|p2a: Ozzy|Tailwind|p2a: Ozzy
|-sidestart|p2: RegionalModeSlow|move: Tailwind
|move|p2b: Purpleрҹ’ңHaze|Dazzling Gleam|p1a: Incineroar|[spread] p1a,p1b
|-crit|p1b: Primarina
|-damage|p1a: Incineroar|66/100
|-damage|p1b: Primarina|47/100
|move|p1b: Primarina|Hyper Voice|p2b: Purpleрҹ’ңHaze|[spread] p2a,p2b
|-resisted|p2a: Ozzy
|-damage|p2a: Ozzy|45/100
|-damage|p2b: Purpleрҹ’ңHaze|50/100
|
|upkeep
|turn|3
|
|t:|1756322220
|move|p2a: Ozzy|Air Slash|p1b: Primarina
|-damage|p1b: Primarina|32/100
|move|p2b: Purpleрҹ’ңHaze|Dazzling Gleam|p1b: Primarina|[spread] p1a,p1b
|-damage|p1a: Incineroar|34/100
|-damage|p1b: Primarina|11/100
|move|p1a: Incineroar|Flare Blitz|p2a: Ozzy
|-supereffective|p2a: Ozzy
|-damage|p2a: Ozzy|0 fnt
|faint|p2a: Ozzy
|-damage|p1a: Incineroar|21/100|[from] Recoil
|move|p1b: Primarina|Icy Wind|p2b: Purpleрҹ’ңHaze
|-damage|p2b: Purpleрҹ’ңHaze|23/100
|-unboost|p2b: Purpleрҹ’ңHaze|spe|1
|
|upkeep
|
|t:|1756322242
|switch|p2a: BlГҘhaj|Garchomp, L50, F|100/100
|turn|4
|
|t:|1756322256
|move|p2a: BlГҘhaj|Stomping Tantrum|p1b: Primarina
|-damage|p1b: Primarina|0 fnt
|faint|p1b: Primarina
|-damage|p2a: BlГҘhaj|91/100|[from] item: Life Orb
|move|p1a: Incineroar|Knock Off|p2a: BlГҘhaj
|-damage|p2a: BlГҘhaj|50/100
|-enditem|p2a: BlГҘhaj|Life Orb|[from] move: Knock Off|[of] p1a: Incineroar
|move|p2b: Purpleрҹ’ңHaze|Dazzling Gleam|p1a: Incineroar
|-damage|p1a: Incineroar|0 fnt
|faint|p1a: Incineroar
|
|upkeep
|
|t:|1756322270
|switch|p1a: Dragonite|Dragonite, L50, F|20/100
|switch|p1b: Sneasler|Sneasler, L50, M|100/100
|turn|5
|
|t:|1756322285
|-end|p2b: Purpleрҹ’ңHaze|ability: Neutralizing Gas
|switch|p2b: VГӨinГӨmГ¶inen|Annihilape, L50, M, shiny|100/100
|move|p1b: Sneasler|Protect|p1b: Sneasler
|-singleturn|p1b: Sneasler|Protect
|move|p1a: Dragonite|Protect|p1a: Dragonite
|-singleturn|p1a: Dragonite|Protect
|move|p2a: BlГҘhaj|Stomping Tantrum|p1b: Sneasler
|-activate|p1b: Sneasler|move: Protect
|
|-sideend|p2: RegionalModeSlow|move: Tailwind
|upkeep
|turn|6
|inactive|RamonTheKiller has 30 seconds left.
|
|t:|1756322312
|-terastallize|p1b: Sneasler|Stellar
|move|p1b: Sneasler|Dire Claw|p2b: VГӨinГӨmГ¶inen
|-resisted|p2b: VГӨinГӨmГ¶inen
|-damage|p2b: VГӨinГӨmГ¶inen|70/100
|-status|p2b: VГӨinГӨmГ¶inen|par
|move|p2a: BlГҘhaj|Stomping Tantrum|p1b: Sneasler
|-supereffective|p1b: Sneasler
|-enditem|p1b: Sneasler|Focus Sash
|-damage|p1b: Sneasler|1/100
|move|p1a: Dragonite|Scale Shot|p2a: BlГҘhaj
|-supereffective|p2a: BlГҘhaj
|-damage|p2a: BlГҘhaj|22/100
|-supereffective|p2a: BlГҘhaj
|-crit|p2a: BlГҘhaj
|-damage|p2a: BlГҘhaj|0 fnt
|faint|p2a: BlГҘhaj
|-hitcount|p2: BlГҘhaj|2
|-unboost|p1a: Dragonite|def|1
|-boost|p1a: Dragonite|spe|1
|move|p2b: VГӨinГӨmГ¶inen|Shadow Claw|p1a: Dragonite
|-damage|p1a: Dragonite|0 fnt
|faint|p1a: Dragonite
|
|upkeep
|
|t:|1756322317
|switch|p2a: Purpleрҹ’ңHaze|Weezing-Galar, L50, M|23/100
|-ability|p2a: Purpleрҹ’ңHaze|Neutralizing Gas
|turn|7
|
|t:|1756322340
|move|p1b: Sneasler|Dire Claw|p2a: Purpleрҹ’ңHaze
|-damage|p2a: Purpleрҹ’ңHaze|0 fnt
|faint|p2a: Purpleрҹ’ңHaze
|-end|p2a: Purpleрҹ’ңHaze|ability: Neutralizing Gas
|move|p2b: VГӨinГӨmГ¶inen|Close Combat|p1b: Sneasler
|-resisted|p1b: Sneasler
|-damage|p1b: Sneasler|0 fnt
|-unboost|p2b: VГӨinГӨmГ¶inen|def|1
|-unboost|p2b: VГӨinГӨmГ¶inen|spd|1
|faint|p1b: Sneasler
|
|win|RegionalModeSlow
|raw|RamonTheKiller's rating: 1145 → 1117(-28 for losing)
|raw|RegionalModeSlow's rating: 1109 → 1137(+28 for winning)
