|j|☆AbadanRiyi92
|j|☆MetaknightXIII
|html|AbadanRiyi92MetaknightXIII    
|uhtml|bestof|Game 1 of a best-of-3
|t:|1785645085
|gametype|doubles
|player|p1|AbadanRiyi92|colress|1246
|player|p2|MetaknightXIII|veteran|1340
|gen|9
|tier|[Gen 9 Champions] VGC 2026 Reg M-B (Bo3)
|rated|
|rule|Species Clause: Limit one of each Pokémon
|rule|Item Clause: Limit 1 of each item
|clearpoke
|poke|p1|Gengar, L50, M|
|poke|p1|Swampert, L50, F|
|poke|p1|Incineroar, L50, M|
|poke|p1|Politoed, L50, M|
|poke|p1|Archaludon, L50, F|
|poke|p1|Vivillon, L50, F|
|poke|p2|Staraptor, L50, M|
|poke|p2|Delphox, L50, F, shiny|
|poke|p2|Glimmora, L50, M|
|poke|p2|Mamoswine, L50, F|
|poke|p2|Kingambit, L50, M|
|poke|p2|Whimsicott, L50, M|
|teampreview|4
|showteam|p1|Gengar||Gengarite|CursedBody|ShadowBall,PerishSong,SludgeBomb,Protect|Timid||M|||50|]Swampert||Swampertite|Torrent|WaveCrash,Earthquake,IcePunch,Protect|Adamant||F|||50|]Incineroar||PasshoBerry|Intimidate|ThroatChop,PartingShot,FakeOut,Protect|Sassy||M|||50|]Politoed||SitrusBerry|Drizzle|WeatherBall,PerishSong,Encore,Protect|Calm||M|||50|]Archaludon||Leftovers|Stamina|DragonPulse,FlashCannon,ElectroShot,Protect|Bold||F|||50|]Vivillon||FocusSash|CompoundEyes|Hurricane,SleepPowder,RagePowder,Protect|Timid||F|||50|
|showteam|p2|Staraptor||Staraptite|Intimidate|CloseCombat,DualWingbeat,Roost,Protect|Jolly||M|||50|]Delphox||Delphoxite|Blaze|HeatWave,Psychic,Encore,Protect|Modest||F|||50|]Glimmora||FocusSash|ToxicDebris|PowerGem,SludgeBomb,EarthPower,SpikyShield|Timid||M|||50|]Mamoswine||LifeOrb|Oblivious|IceShard,HighHorsepower,Earthquake,Protect|Jolly||F|||50|]Kingambit||ChopleBerry|Defiant|KowtowCleave,SuckerPunch,IronHead,LowKick|Adamant||M|||50|]Whimsicott||OccaBerry|Prankster|Moonblast,Tailwind,Charm,LightScreen|Timid||M|||50|
|
|t:|1785645125
|teamsize|p1|4
|teamsize|p2|4
|start
|switch|p1a: Gengar|Gengar, L50, M|100/100
|switch|p1b: Incineroar|Incineroar, L50, M|100/100
|switch|p2a: Kingambit|Kingambit, L50, M|100/100
|switch|p2b: Delphox|Delphox, L50, F, shiny|100/100
|-ability|p1b: Incineroar|Intimidate|boost
|-unboost|p2a: Kingambit|atk|1
|-ability|p2a: Kingambit|Defiant|boost
|-boost|p2a: Kingambit|atk|2
|-unboost|p2b: Delphox|atk|1
|turn|1
|
|t:|1785645150
|detailschange|p1a: Gengar|Gengar-Mega, L50, M
|-mega|p1a: Gengar|Gengar|Gengarite
|detailschange|p2b: Delphox|Delphox-Mega, L50, F, shiny
|-mega|p2b: Delphox|Delphox|Delphoxite
|move|p1b: Incineroar|Fake Out|p2a: Kingambit
|-resisted|p2a: Kingambit|1
|-damage|p2a: Kingambit|96/100
|move|p1a: Gengar|Perish Song|p1a: Gengar
|-start|p1a: Gengar|perish3|[silent]
|-start|p1b: Incineroar|perish3|[silent]
|-start|p2a: Kingambit|perish3|[silent]
|-start|p2b: Delphox|perish3|[silent]
|-fieldactivate|move: Perish Song
|move|p2b: Delphox|Psychic|p1a: Gengar
|-supereffective|p1a: Gengar|1
|-damage|p1a: Gengar|0 fnt
|faint|p1a: Gengar
|cant|p2a: Kingambit|flinch
|
|-start|p2b: Delphox|perish3
|-start|p2a: Kingambit|perish3
|-start|p1b: Incineroar|perish3
|upkeep
|
|t:|1785645171
|switch|p1a: Politoed|Politoed, L50, M|100/100
|-weather|RainDance|[from] ability: Drizzle|[of] p1a: Politoed
|turn|2
|
|t:|1785645189
|move|p1a: Politoed|Protect|p1a: Politoed
|-singleturn|p1a: Politoed|Protect
|move|p2b: Delphox|Encore|p1b: Incineroar
|-start|p1b: Incineroar|Encore
|move|p1b: Incineroar|Fake Out||[still]
|-hint|Fake Out only works on your first turn out.
|-fail|p1b: Incineroar
|move|p2a: Kingambit|Kowtow Cleave|p1a: Politoed
|-activate|p1a: Politoed|move: Protect
|
|-weather|RainDance|[upkeep]
|-start|p2b: Delphox|perish2
|-start|p2a: Kingambit|perish2
|-start|p1b: Incineroar|perish2
|upkeep
|turn|3
|
|t:|1785645213
|switch|p1b: Archaludon|Archaludon, L50, F|100/100
|move|p2b: Delphox|Psychic|p1a: Politoed
|-damage|p1a: Politoed|58/100
|move|p1a: Politoed|Weather Ball|p2b: Delphox
|-supereffective|p2b: Delphox|1
|-crit|p2b: Delphox
|-damage|p2b: Delphox|0 fnt
|faint|p2b: Delphox
|move|p2a: Kingambit|Kowtow Cleave|p1a: Politoed
|-damage|p1a: Politoed|1/100
|-enditem|p1a: Politoed|Sitrus Berry|[eat]
|-heal|p1a: Politoed|26/100|[from] item: Sitrus Berry
|
|-weather|RainDance|[upkeep]
|-start|p2a: Kingambit|perish1
|upkeep
|
|t:|1785645225
|switch|p2b: Glimmora|Glimmora, L50, M|100/100
|turn|4
|
|t:|1785645248
|switch|p2a: Whimsicott|Whimsicott, L50, M|100/100
|move|p1a: Politoed|Protect|p1a: Politoed
|-singleturn|p1a: Politoed|Protect
|move|p2b: Glimmora|Power Gem|p1a: Politoed
|-activate|p1a: Politoed|move: Protect
|move|p1b: Archaludon|Flash Cannon|p2b: Glimmora
|-supereffective|p2b: Glimmora|1
|-damage|p2b: Glimmora|16/100
|
|-weather|RainDance|[upkeep]
|upkeep
|turn|5
|
|t:|1785645267
|switch|p1a: Incineroar|Incineroar, L50, M|100/100
|-ability|p1a: Incineroar|Intimidate|boost
|-unboost|p2a: Whimsicott|atk|1
|-unboost|p2b: Glimmora|atk|1
|move|p2b: Glimmora|Spiky Shield|p2b: Glimmora
|-singleturn|p2b: Glimmora|move: Protect
|move|p2a: Whimsicott|Moonblast|p1a: Incineroar
|-damage|p1a: Incineroar|79/100
|move|p1b: Archaludon|Electro Shot||[still]
|-prepare|p1b: Archaludon|Electro Shot
|-boost|p1b: Archaludon|spa|1
|-anim|p1b: Archaludon|Electro Shot|p2b: Glimmora
|-activate|p2b: Glimmora|move: Protect
|
|-weather|RainDance|[upkeep]
|upkeep
|turn|6
|
|t:|1785645290
|switch|p2b: Kingambit|Kingambit, L50, M|96/100
|move|p1a: Incineroar|Fake Out|p2a: Whimsicott
|-damage|p2a: Whimsicott|86/100
|cant|p2a: Whimsicott|flinch
|move|p1b: Archaludon|Flash Cannon|p2a: Whimsicott
|-supereffective|p2a: Whimsicott|1
|-damage|p2a: Whimsicott|0 fnt
|faint|p2a: Whimsicott
|
|-weather|none
|upkeep
|
|t:|1785645295
|switch|p2a: Glimmora|Glimmora, L50, M|16/100
|turn|7
|
|t:|1785645313
|switch|p1a: Politoed|Politoed, L50, M|26/100
|-weather|RainDance|[from] ability: Drizzle|[of] p1a: Politoed
|move|p2a: Glimmora|Earth Power|p1b: Archaludon
|-supereffective|p1b: Archaludon|1
|-damage|p1b: Archaludon|39/100
|-ability|p1b: Archaludon|Stamina|boost
|-boost|p1b: Archaludon|def|1
|move|p1b: Archaludon|Electro Shot||[still]
|-prepare|p1b: Archaludon|Electro Shot
|-boost|p1b: Archaludon|spa|1
|-anim|p1b: Archaludon|Electro Shot|p2b: Kingambit
|-damage|p2b: Kingambit|26/100
|move|p2b: Kingambit|Low Kick|p1b: Archaludon
|-supereffective|p1b: Archaludon|1
|-damage|p1b: Archaludon|15/100
|-ability|p1b: Archaludon|Stamina|boost
|-boost|p1b: Archaludon|def|1
|
|-weather|RainDance|[upkeep]
|-heal|p1b: Archaludon|21/100|[from] item: Leftovers
|upkeep
|turn|8
|
|t:|1785645348
|move|p1b: Archaludon|Protect|p1b: Archaludon
|-singleturn|p1b: Archaludon|Protect
|move|p2a: Glimmora|Earth Power|p1b: Archaludon
|-activate|p1b: Archaludon|move: Protect
|move|p1a: Politoed|Weather Ball|p2a: Glimmora
|-supereffective|p2a: Glimmora|1
|-damage|p2a: Glimmora|0 fnt
|faint|p2a: Glimmora
|move|p2b: Kingambit|Kowtow Cleave|p1a: Politoed
|-damage|p1a: Politoed|0 fnt
|faint|p1a: Politoed
|
|-weather|RainDance|[upkeep]
|-heal|p1b: Archaludon|27/100|[from] item: Leftovers
|upkeep
|-message|MetaknightXIII forfeited.
|
|win|AbadanRiyi92
|l|☆MetaknightXIII
|player|p2|
||MetaknightXIII is ready for game 2.
|inactive|AbadanRiyi92 has 30 seconds to confirm battle start!
