|j|‽derainer
|j|☆shiroblast
|html|derainershiroblast    
|uhtml|bestof|Game 1 of a best-of-3
|t:|1785897960
|gametype|doubles
|player|p1|derainer|hilbert|1141
|player|p2|shiroblast|benga|1109
|gen|9
|tier|[Gen 9 Champions] VGC 2026 Reg M-B (Bo3)
|rated|
|rule|Species Clause: Limit one of each Pokémon
|rule|Item Clause: Limit 1 of each item
|clearpoke
|poke|p1|Farigiraf, L50, F|
|poke|p1|Sylveon, L50, F|
|poke|p1|Incineroar, L50, M|
|poke|p1|Tyranitar, L50, F|
|poke|p1|Primarina, L50, F|
|poke|p1|Scovillain, L50, F|
|poke|p2|Swampert, L50, F|
|poke|p2|Archaludon, L50, M|
|poke|p2|Tyranitar, L50, M|
|poke|p2|Pelipper, L50, F|
|poke|p2|Mawile, L50, M|
|poke|p2|Sinistcha-Masterpiece, L50|
|teampreview|4
|showteam|p1|Farigiraf||ColburBerry|ArmorTail|Reflect,TrickRoom,HelpingHand,Psychic|Sassy||F|||50|]Sylveon||FairyFeather|Pixilate|HyperVoice,DrainingKiss,Protect,CalmMind|Modest||F|||50|]Incineroar||WhiteHerb|Intimidate|FakeOut,PartingShot,DarkestLariat,CloseCombat|Adamant||M|||50|]Tyranitar||ChopleBerry|SandStream|RockSlide,LowKick,Protect,HighHorsepower|Adamant||F|||50|]Primarina||SitrusBerry|LiquidVoice|Protect,HyperVoice,DrainingKiss,CalmMind|Modest||F|||50|]Scovillain||Scovillainite|Moody|RagePowder,Flamethrower,LeechSeed,GigaDrain|Calm||F|||50|
|showteam|p2|Swampert||Swampertite|Torrent|WaveCrash,IcePunch,Earthquake,Protect|Adamant||F|||50|]Archaludon||Leftovers|Stamina|DragonPulse,ElectroShot,FlashCannon,Protect|Calm||M|||50|]Tyranitar||LifeOrb|SandStream|KnockOff,RockSlide,StompingTantrum,Protect|Jolly||M|||50|]Pelipper||FocusSash|Drizzle|Hurricane,HelpingHand,Tailwind,WideGuard|Timid||F|||50|]Mawile||Mawilite|Intimidate|SuckerPunch,PlayRough,SwordsDance,Protect|Adamant||M|||50|]Sinistcha-Masterpiece||CobaBerry|Hospitality|RagePowder,MatchaGotcha,TrickRoom,Protect|Calm|||||50|
|inactive|Battle timer is ON: inactive players will automatically lose when time's up. (requested by shiroblast)
|inactive|shiroblast has 60 seconds left.
|
|t:|1785898016
|teamsize|p1|4
|teamsize|p2|4
|start
|switch|p1a: Farigiraf|Farigiraf, L50, F|100/100
|switch|p1b: Scovillain|Scovillain, L50, F|100/100
|switch|p2a: Sinistcha|Sinistcha-Masterpiece, L50|100/100
|switch|p2b: Mawile|Mawile, L50, M|100/100
|-ability|p2b: Mawile|Intimidate|boost
|-unboost|p1a: Farigiraf|atk|1
|-unboost|p1b: Scovillain|atk|1
|turn|1
|inactive|derainer has 30 seconds left.
|inactive|shiroblast has 30 seconds left.
|inactive|derainer has 20 seconds left.
|inactive|shiroblast has 20 seconds left.
|inactive|derainer has 15 seconds left.
|inactive|shiroblast has 15 seconds left.
|inactive|shiroblast has 10 seconds left.
|inactive|shiroblast has 5 seconds left.
|
|t:|1785898067
|detailschange|p1b: Scovillain|Scovillain-Mega, L50, F
|-mega|p1b: Scovillain|Scovillain|Scovillainite
|detailschange|p2b: Mawile|Mawile-Mega, L50, M
|-mega|p2b: Mawile|Mawile|Mawilite
|move|p1a: Farigiraf|Helping Hand|p1b: Scovillain
|-singleturn|p1b: Scovillain|Helping Hand|[of] p1a: Farigiraf
|move|p2a: Sinistcha|Protect|p2a: Sinistcha
|-singleturn|p2a: Sinistcha|Protect
|move|p1b: Scovillain|Flamethrower|p2b: Mawile
|-supereffective|p2b: Mawile|1
|-damage|p2b: Mawile|0 fnt
|faint|p2b: Mawile
|
|upkeep
|
|t:|1785898079
|switch|p2b: Pelipper|Pelipper, L50, F|100/100
|-weather|RainDance|[from] ability: Drizzle|[of] p2b: Pelipper
|turn|2
|
|t:|1785898100
|move|p2a: Sinistcha|Rage Powder|p2a: Sinistcha
|-singleturn|p2a: Sinistcha|move: Rage Powder
|move|p2b: Pelipper|Hurricane|p1b: Scovillain
|-supereffective|p1b: Scovillain|1
|-damage|p1b: Scovillain|28/100
|-start|p1b: Scovillain|confusion
|-status|p2b: Pelipper|brn|[from] ability: Spicy Spray|[of] p1b: Scovillain
|-activate|p1b: Scovillain|confusion
|-damage|p1b: Scovillain|19/100|[from] confusion
|move|p1a: Farigiraf|Trick Room|p1a: Farigiraf
|-fieldstart|move: Trick Room|[of] p1a: Farigiraf
|
|-weather|RainDance|[upkeep]
|-damage|p2b: Pelipper|94/100 brn|[from] brn
|upkeep
|turn|3
|inactive|derainer has 30 seconds left.
|
|t:|1785898131
|move|p2b: Pelipper|Helping Hand|p2a: Sinistcha
|-singleturn|p2a: Sinistcha|Helping Hand|[of] p2b: Pelipper
|move|p1a: Farigiraf|Psychic|p2b: Pelipper
|-damage|p2b: Pelipper|37/100 brn
|move|p2a: Sinistcha|Matcha Gotcha|p1b: Scovillain|[spread] p1b
|-miss|p2a: Sinistcha|p1a: Farigiraf
|-resisted|p1b: Scovillain|2
|-damage|p1b: Scovillain|11/100
|-status|p2a: Sinistcha|brn|[from] ability: Spicy Spray|[of] p1b: Scovillain
|-activate|p1b: Scovillain|confusion
|-damage|p1b: Scovillain|2/100|[from] confusion
|
|-weather|RainDance|[upkeep]
|-damage|p2a: Sinistcha|93/100 brn|[from] brn
|-damage|p2b: Pelipper|31/100 brn|[from] brn
|upkeep
|turn|4
|
|t:|1785898154
|switch|p2b: Archaludon|Archaludon, L50, M|100/100
|move|p1a: Farigiraf|Psychic|p2b: Archaludon
|-resisted|p2b: Archaludon|1
|-damage|p2b: Archaludon|82/100
|-ability|p2b: Archaludon|Stamina|boost
|-boost|p2b: Archaludon|def|1
|move|p2a: Sinistcha|Matcha Gotcha|p1b: Scovillain|[spread] p1a,p1b
|-resisted|p1b: Scovillain|2
|-damage|p1a: Farigiraf|77/100
|-heal|p2a: Sinistcha|100/100 brn|[from] drain|[of] p1a: Farigiraf
|-damage|p1b: Scovillain|0 fnt
|faint|p1b: Scovillain
|
|-weather|RainDance|[upkeep]
|-heal|p2b: Archaludon|89/100|[from] item: Leftovers
|-damage|p2a: Sinistcha|93/100 brn|[from] brn
|upkeep
|
|t:|1785898158
|switch|p1b: Sylveon|Sylveon, L50, F|100/100
|turn|5
|
|t:|1785898175
|switch|p1a: Incineroar|Incineroar, L50, M|100/100
|-ability|p1a: Incineroar|Intimidate|boost
|-unboost|p2a: Sinistcha|atk|1
|-unboost|p2b: Archaludon|atk|1
|move|p2a: Sinistcha|Rage Powder|p2a: Sinistcha
|-singleturn|p2a: Sinistcha|move: Rage Powder
|move|p1b: Sylveon|Calm Mind|p1b: Sylveon
|-boost|p1b: Sylveon|spa|1
|-boost|p1b: Sylveon|spd|1
|move|p2b: Archaludon|Flash Cannon|p1b: Sylveon
|-supereffective|p1b: Sylveon|1
|-crit|p1b: Sylveon
|-damage|p1b: Sylveon|34/100
|
|-weather|RainDance|[upkeep]
|-heal|p2b: Archaludon|95/100|[from] item: Leftovers
|-damage|p2a: Sinistcha|87/100 brn|[from] brn
|upkeep
|turn|6
|
|t:|1785898197
|move|p1a: Incineroar|Fake Out|p2b: Archaludon
|-resisted|p2b: Archaludon|1
|-damage|p2b: Archaludon|91/100
|-ability|p2b: Archaludon|Stamina|boost
|-boost|p2b: Archaludon|def|1
|move|p2a: Sinistcha|Rage Powder|p2a: Sinistcha
|-singleturn|p2a: Sinistcha|move: Rage Powder
|move|p1b: Sylveon|Draining Kiss|p2a: Sinistcha
|-damage|p2a: Sinistcha|51/100 brn
|-heal|p1b: Sylveon|58/100|[from] drain|[of] p2a: Sinistcha
|cant|p2b: Archaludon|flinch
|
|-weather|none
|-heal|p2b: Archaludon|97/100|[from] item: Leftovers
|-damage|p2a: Sinistcha|45/100 brn|[from] brn
|-fieldend|move: Trick Room
|upkeep
|turn|7
|
|t:|1785898218
|switch|p2a: Pelipper|Pelipper, L50, F|31/100 brn
|-weather|RainDance|[from] ability: Drizzle|[of] p2a: Pelipper
|move|p2b: Archaludon|Flash Cannon|p1b: Sylveon
|-supereffective|p1b: Sylveon|1
|-damage|p1b: Sylveon|28/100
|move|p1b: Sylveon|Draining Kiss|p2b: Archaludon
|-damage|p2b: Archaludon|52/100
|-heal|p1b: Sylveon|60/100|[from] drain|[of] p2b: Archaludon
|-ability|p2b: Archaludon|Stamina|boost
|-boost|p2b: Archaludon|def|1
|move|p1a: Incineroar|Darkest Lariat|p2a: Pelipper
|-damage|p2a: Pelipper|0 fnt
|faint|p2a: Pelipper
|
|-weather|RainDance|[upkeep]
|-heal|p2b: Archaludon|58/100|[from] item: Leftovers
|upkeep
|-message|shiroblast forfeited.
|
|win|derainer
||shiroblast is ready for game 2.
||derainer is ready for game 2.
|uhtml|next|Next: Game 2 of 3
