|j|☆doingVGCthings
|j|☆dcerza127
|html|doingVGCthingsdcerza127    
|uhtml|bestof|Game 3 of a best-of-3
|t:|1755637042
|gametype|doubles
|player|p1|doingVGCthings|swimmer-gen4dp|1248
|player|p2|dcerza127|101|1349
|gen|9
|tier|[Gen 9] VGC 2025 Reg H (Bo3)
|rated|
|rule|Species Clause: Limit one of each Pokémon
|rule|Item Clause: Limit 1 of each item
|clearpoke
|poke|p1|Volcarona, L50, F|
|poke|p1|Electabuzz, L50, F|
|poke|p1|Tyranitar, L50, M|
|poke|p1|Amoonguss, L50, M|
|poke|p1|Annihilape, L50, F|
|poke|p1|Mamoswine, L50, M|
|poke|p2|Meowscarada, L50, M|
|poke|p2|Primarina, L50, F|
|poke|p2|Sneasler, L50, F|
|poke|p2|Indeedee, L50, M|
|poke|p2|Typhlosion-Hisui, L50, F|
|poke|p2|Decidueye-Hisui, L50, F|
|teampreview|4
|showteam|p1|Volcarona||CovertCloak|FlameBody|Protect,HeatWave,GigaDrain,QuiverDance|||F|||50|,,,,,Grass]Electabuzz||Eviolite|VitalSpirit|Protect,Electroweb,Taunt,FollowMe|||F|||50|,,,,,Ghost]Tyranitar||AssaultVest|SandStream|RockSlide,KnockOff,LowKick,TeraBlast|||M|||50|,,,,,Flying]Amoonguss||SitrusBerry|Regenerator|Protect,PollenPuff,Spore,RagePowder|||M|||50|,,,,,Water]Annihilape||SafetyGoggles|Defiant|Protect,RageFist,CloseCombat,Coaching|||F|||50|,,,,,Water]Mamoswine||FocusSash|Oblivious|Protect,IcicleCrash,HighHorsepower,IceShard|||M|||50|,,,,,Stellar
|showteam|p2|Meowscarada||FocusSash|Overgrow|GrassPledge,FlowerTrick,KnockOff,Protect|||M|||50|,,,,,Ghost]Primarina||CovertCloak|LiquidVoice|WaterPledge,HyperVoice,Moonblast,Protect|||F|||50|,,,,,Poison]Sneasler||PsychicSeed|Unburden|DireClaw,CloseCombat,ThroatChop,Protect|||F|||50|,,,,,Dark]Indeedee||SafetyGoggles|PsychicSurge|ExpandingForce,Imprison,TrickRoom,Protect|||M|||50|,,,,,Fairy]Typhlosion-Hisui||ChoiceSpecs|Blaze|Eruption,HeatWave,FirePledge,ShadowBall|||F|||50|,,,,,Fire]Decidueye-Hisui||RazorClaw|Scrappy|TripleArrows,LeafBlade,Tailwind,Protect|||F|||50|,,,,,Fire
|inactive|Battle timer is ON: inactive players will automatically lose when time's up. (requested by dcerza127)
|inactive|doingVGCthings also wants the timer to be on.
|
|t:|1755637060
|teamsize|p1|4
|teamsize|p2|4
|start
|switch|p1a: Volcarona|Volcarona, L50, F|100/100
|switch|p1b: Amoonguss|Amoonguss, L50, M|100/100
|switch|p2a: Typhlosion|Typhlosion-Hisui, L50, F|100/100
|switch|p2b: Meowscarada|Meowscarada, L50, M|100/100
|turn|1
|
|t:|1755637079
|switch|p1a: Tyranitar|Tyranitar, L50, M|100/100
|-weather|Sandstorm|[from] ability: Sand Stream|[of] p1a: Tyranitar
|-terastallize|p1b: Amoonguss|Water
|move|p2b: Meowscarada|Flower Trick|p1b: Amoonguss
|-supereffective|p1b: Amoonguss
|-crit|p1b: Amoonguss
|-damage|p1b: Amoonguss|20/100
|-enditem|p1b: Amoonguss|Sitrus Berry|[eat]
|-heal|p1b: Amoonguss|45/100|[from] item: Sitrus Berry
|move|p2a: Typhlosion|Eruption|p1b: Amoonguss|[spread] p1a,p1b
|-resisted|p1a: Tyranitar
|-resisted|p1b: Amoonguss
|-damage|p1a: Tyranitar|86/100
|-damage|p1b: Amoonguss|12/100
|move|p1b: Amoonguss|Spore|p2a: Typhlosion
|-status|p2a: Typhlosion|slp|[from] move: Spore
|
|-weather|Sandstorm|[upkeep]
|-damage|p2b: Meowscarada|95/100|[from] Sandstorm
|-damage|p2a: Typhlosion|94/100 slp|[from] Sandstorm
|-damage|p1b: Amoonguss|6/100|[from] Sandstorm
|upkeep
|turn|2
|inactive|doingVGCthings has 30 seconds left.
|inactive|dcerza127 has 30 seconds left.
|inactive|dcerza127 has 20 seconds left.
|inactive|dcerza127 has 15 seconds left.
|inactive|dcerza127 has 10 seconds left.
|
|t:|1755637126
|switch|p2a: Sneasler|Sneasler, L50, F|100/100
|switch|p1b: Volcarona|Volcarona, L50, F|100/100
|move|p2b: Meowscarada|Knock Off|p1a: Tyranitar
|-resisted|p1a: Tyranitar
|-damage|p1a: Tyranitar|67/100
|-enditem|p1a: Tyranitar|Assault Vest|[from] move: Knock Off|[of] p2b: Meowscarada
|move|p1a: Tyranitar|Rock Slide|p2b: Meowscarada|[spread] p2a,p2b
|-resisted|p2a: Sneasler
|-damage|p2a: Sneasler|72/100
|-damage|p2b: Meowscarada|50/100
|
|-weather|Sandstorm|[upkeep]
|-damage|p2b: Meowscarada|44/100|[from] Sandstorm
|-damage|p2a: Sneasler|66/100|[from] Sandstorm
|-damage|p1b: Volcarona|94/100|[from] Sandstorm
|upkeep
|turn|3
|
|t:|1755637144
|switch|p1a: Amoonguss|Amoonguss, L50, M, tera:Water|39/100
|move|p2b: Meowscarada|Knock Off|p1b: Volcarona
|-damage|p1b: Volcarona|41/100
|-enditem|p1b: Volcarona|Covert Cloak|[from] move: Knock Off|[of] p2b: Meowscarada
|move|p2a: Sneasler|Dire Claw|p1b: Volcarona
|-damage|p1b: Volcarona|0 fnt
|faint|p1b: Volcarona
|
|-weather|Sandstorm|[upkeep]
|-damage|p2b: Meowscarada|38/100|[from] Sandstorm
|-damage|p2a: Sneasler|60/100|[from] Sandstorm
|-damage|p1a: Amoonguss|33/100|[from] Sandstorm
|upkeep
|
|t:|1755637156
|switch|p1b: Mamoswine|Mamoswine, L50, M|100/100
|turn|4
|
|t:|1755637170
|switch|p2a: Indeedee|Indeedee, L50, M|100/100
|-fieldstart|move: Psychic Terrain|[from] ability: Psychic Surge|[of] p2a: Indeedee
|move|p1b: Mamoswine|Protect|p1b: Mamoswine
|-singleturn|p1b: Mamoswine|Protect
|move|p1a: Amoonguss|Protect|p1a: Amoonguss
|-singleturn|p1a: Amoonguss|Protect
|move|p2b: Meowscarada|Flower Trick|p1a: Amoonguss
|-activate|p1a: Amoonguss|move: Protect
|
|-weather|Sandstorm|[upkeep]
|-damage|p2b: Meowscarada|32/100|[from] Sandstorm
|-damage|p1a: Amoonguss|27/100|[from] Sandstorm
|upkeep
|turn|5
|
|t:|1755637188
|switch|p1a: Tyranitar|Tyranitar, L50, M|67/100
|move|p2b: Meowscarada|Flower Trick|p1b: Mamoswine
|-supereffective|p1b: Mamoswine
|-crit|p1b: Mamoswine
|-enditem|p1b: Mamoswine|Focus Sash
|-damage|p1b: Mamoswine|1/100
|move|p1b: Mamoswine|Icicle Crash|p2b: Meowscarada
|-supereffective|p2b: Meowscarada
|-damage|p2b: Meowscarada|0 fnt
|faint|p2b: Meowscarada
|move|p2a: Indeedee|Expanding Force|p1a: Tyranitar|[spread] p1b
|-immune|p1a: Tyranitar
|-damage|p1b: Mamoswine|0 fnt
|faint|p1b: Mamoswine
|
|-weather|none
|upkeep
|
|t:|1755637206
|switch|p2b: Typhlosion|Typhlosion-Hisui, L50, F|94/100 slp
|switch|p1b: Amoonguss|Amoonguss, L50, M, tera:Water|61/100
|turn|6
|
|t:|1755637217
|move|p1b: Amoonguss|Protect|p1b: Amoonguss
|-singleturn|p1b: Amoonguss|Protect
|cant|p2b: Typhlosion|slp
|move|p2a: Indeedee|Expanding Force|p1a: Tyranitar|[spread] 
|-activate|p1b: Amoonguss|move: Protect
|-immune|p1a: Tyranitar
|move|p1a: Tyranitar|Knock Off|p2a: Indeedee
|-supereffective|p2a: Indeedee
|-damage|p2a: Indeedee|0 fnt
|-enditem|p2a: Indeedee|Safety Goggles|[from] move: Knock Off|[of] p1a: Tyranitar
|faint|p2a: Indeedee
|
|upkeep
|
|t:|1755637228
|switch|p2a: Sneasler|Sneasler, L50, F|60/100
|-enditem|p2a: Sneasler|Psychic Seed
|-boost|p2a: Sneasler|spd|1|[from] item: Psychic Seed
|turn|7
|
|t:|1755637235
|move|p2a: Sneasler|Protect|p2a: Sneasler
|-singleturn|p2a: Sneasler|Protect
|move|p1b: Amoonguss|Rage Powder|p1b: Amoonguss
|-singleturn|p1b: Amoonguss|move: Rage Powder
|cant|p2b: Typhlosion|slp
|move|p1a: Tyranitar|Knock Off|p2b: Typhlosion
|-supereffective|p2b: Typhlosion
|-damage|p2b: Typhlosion|0 fnt
|-enditem|p2b: Typhlosion|Choice Specs|[from] move: Knock Off|[of] p1a: Tyranitar
|faint|p2b: Typhlosion
|
|upkeep
|turn|8
|
|t:|1755637252
|move|p1b: Amoonguss|Rage Powder|p1b: Amoonguss
|-singleturn|p1b: Amoonguss|move: Rage Powder
|move|p2a: Sneasler|Close Combat|p1b: Amoonguss
|-damage|p1b: Amoonguss|9/100
|-unboost|p2a: Sneasler|def|1
|-unboost|p2a: Sneasler|spd|1
|move|p1a: Tyranitar|Rock Slide|p2a: Sneasler
|-resisted|p2a: Sneasler
|-damage|p2a: Sneasler|6/100
|
|-fieldend|move: Psychic Terrain
|upkeep
|turn|9
|-message|dcerza127 forfeited.
|
|win|doingVGCthings
|raw|doingVGCthings's rating: 1248 → 1280(+32 for winning)
|raw|dcerza127's rating: 1349 → 1323(-26 for losing)
|l|☆dcerza127
|player|p2|
