|j|☆Ribombees believer
|j|☆Le P VGC
|html|Ribombees believerLe P VGC    
|uhtml|bestof|Game 2 of a best-of-3
|t:|1756658796
|gametype|doubles
|player|p1|Ribombees believer|skier|1333
|player|p2|Le P VGC|lucian|1373
|gen|9
|tier|[Gen 9] VGC 2025 Reg H (Bo3)
|rated|
|rule|Species Clause: Limit one of each Pokémon
|rule|Item Clause: Limit 1 of each item
|clearpoke
|poke|p1|Dondozo, L50, M|
|poke|p1|Tatsugiri, L50, M|
|poke|p1|Indeedee, L50, M|
|poke|p1|Dragapult, L50, M|
|poke|p1|Ribombee, L50, M|
|poke|p1|Gholdengo, L50|
|poke|p2|Ursaluna, L50, F|
|poke|p2|Incineroar, L50, M|
|poke|p2|Jumpluff, L50, M|
|poke|p2|Torkoal, L50, F|
|poke|p2|Charizard, L50, F|
|poke|p2|Porygon2, L50|
|teampreview|4
|showteam|p1|Dondozo||Leftovers|Unaware|WaveCrash,Earthquake,OrderUp,Protect|||M|||50|,,,,,Grass]Tatsugiri||ChoiceScarf|Commander|MuddyWater,DracoMeteor,DragonPulse,TeraBlast|||M|||50|,,,,,Fairy]Indeedee||FocusSash|PsychicSurge|ExpandingForce,TeraBlast,HyperVoice,Protect|||M|||50|,,,,,Fighting]Dragapult||ChoiceBand|ClearBody|DragonDarts,Outrage,PhantomForce,Uturn|||M|||50|,,,,,Dragon]Ribombee||ChoiceSpecs|ShieldDust|Moonblast,PollenPuff,DazzlingGleam,TeraBlast|||M|||50|,,,,,Ground]Gholdengo||LifeOrb|GoodasGold|MakeItRain,ShadowBall,Thunderbolt,Protect||||||50|,,,,,Water
|showteam|p2|Ursaluna||FlameOrb|Guts|Earthquake,Facade,HeadlongRush,Protect|||F|||50|,,,,,Ghost]Incineroar||SafetyGoggles|Intimidate|FakeOut,FlareBlitz,KnockOff,PartingShot|||M|||50|,,,,,Ghost]Jumpluff||CovertCloak|Chlorophyll|SleepPowder,Tailwind,RagePowder,SunnyDay|||M|||50|,,,,,Water]Torkoal||EjectPack|Drought|Eruption,Overheat,Protect,HelpingHand|||F|||50|,,,,,Fire]Charizard||ChoiceSpecs|SolarPower|HeatWave,AirSlash,WeatherBall,Overheat|||F|||50|,,,,,Ghost]Porygon2||Eviolite|Download|TeraBlast,TrickRoom,Recover,IceBeam||||||50|,,,,,Fighting
|inactive|Battle timer is ON: inactive players will automatically lose when time's up. (requested by Ribombees believer)
|
|t:|1756658821
|teamsize|p1|4
|teamsize|p2|4
|start
|switch|p1a: Indeedee|Indeedee, L50, M|100/100
|switch|p1b: Gholdengo|Gholdengo, L50|100/100
|switch|p2a: Jumpluff|Jumpluff, L50, M|100/100
|switch|p2b: Incineroar|Incineroar, L50, M|100/100
|-fieldstart|move: Psychic Terrain|[from] ability: Psychic Surge|[of] p1a: Indeedee
|-ability|p2b: Incineroar|Intimidate|boost
|-unboost|p1a: Indeedee|atk|1
|-unboost|p1b: Gholdengo|atk|1
|turn|1
|inactive|Le P VGC has 30 seconds left.
|
|t:|1756658848
|-terastallize|p1b: Gholdengo|Water
|move|p2a: Jumpluff|Sleep Powder|p1a: Indeedee|[miss]
|-miss|p2a: Jumpluff|p1a: Indeedee
|move|p1a: Indeedee|Hyper Voice|p2b: Incineroar|[spread] p2a,p2b
|-damage|p2a: Jumpluff|64/100
|-damage|p2b: Incineroar|72/100
|move|p1b: Gholdengo|Make It Rain|p2a: Jumpluff|[spread] p2a,p2b
|-resisted|p2b: Incineroar
|-damage|p2a: Jumpluff|0 fnt
|-damage|p2b: Incineroar|47/100
|-unboost|p1b: Gholdengo|spa|1
|faint|p2a: Jumpluff
|-damage|p1b: Gholdengo|91/100|[from] item: Life Orb
|move|p2b: Incineroar|Parting Shot|p1a: Indeedee
|-unboost|p1a: Indeedee|atk|1
|-unboost|p1a: Indeedee|spa|1
|
|t:|1756658867
|switch|p2b: Torkoal|Torkoal, L50, F|100/100|[from] Parting Shot
|-weather|SunnyDay|[from] ability: Drought|[of] p2b: Torkoal
|
|-weather|SunnyDay|[upkeep]
|upkeep
|
|t:|1756658869
|switch|p2a: Incineroar|Incineroar, L50, M|47/100
|-ability|p2a: Incineroar|Intimidate|boost
|-unboost|p1a: Indeedee|atk|1
|-unboost|p1b: Gholdengo|atk|1
|turn|2
|
|t:|1756658880
|switch|p1a: Alaskan Roll|Tatsugiri, L50, M|100/100
|switch|p1b: Big Back|Dondozo, L50, M|100/100
|-activate|p1a: Alaskan Roll|ability: Commander|[of] p1b: Big Back
|-boost|p1b: Big Back|atk|2
|-boost|p1b: Big Back|spa|2
|-boost|p1b: Big Back|spe|2
|-boost|p1b: Big Back|def|2
|-boost|p1b: Big Back|spd|2
|move|p2a: Incineroar|Parting Shot|p1a: Alaskan Roll|[miss]
|-miss|p2a: Incineroar|p1a: Alaskan Roll
|move|p2b: Torkoal|Overheat|p1b: Big Back
|-resisted|p1b: Big Back
|-damage|p1b: Big Back|77/100
|-unboost|p2b: Torkoal|spa|2
|-enditem|p2b: Torkoal|Eject Pack
|
|t:|1756658884
|switch|p2b: Charizard|Charizard, L50, F|100/100
|
|-weather|SunnyDay|[upkeep]
|-damage|p2b: Charizard|88/100|[from] ability: Solar Power|[of] p2b: Charizard
|-heal|p1b: Big Back|83/100|[from] item: Leftovers
|upkeep
|turn|3
|
|t:|1756658897
|move|p1b: Big Back|Wave Crash|p2a: Incineroar
|-supereffective|p2a: Incineroar
|-damage|p2a: Incineroar|0 fnt
|faint|p2a: Incineroar
|-damage|p1b: Big Back|70/100|[from] Recoil
|move|p2b: Charizard|Air Slash|p1b: Big Back
|-damage|p1b: Big Back|25/100
|
|-weather|SunnyDay|[upkeep]
|-damage|p2b: Charizard|76/100|[from] ability: Solar Power|[of] p2b: Charizard
|-heal|p1b: Big Back|32/100|[from] item: Leftovers
|upkeep
|
|t:|1756658905
|switch|p2a: Torkoal|Torkoal, L50, F|100/100
|turn|4
|
|t:|1756658912
|-terastallize|p2b: Charizard|Ghost
|move|p1b: Big Back|Protect|p1b: Big Back
|-singleturn|p1b: Big Back|Protect
|move|p2b: Charizard|Air Slash|p1b: Big Back
|-activate|p1b: Big Back|move: Protect
|move|p2a: Torkoal|Eruption|p1a: Alaskan Roll|[spread] 
|-miss|p2a: Torkoal|p1a: Alaskan Roll
|-activate|p1b: Big Back|move: Protect
|
|-weather|SunnyDay|[upkeep]
|-damage|p2b: Charizard|63/100|[from] ability: Solar Power|[of] p2b: Charizard
|-heal|p1b: Big Back|38/100|[from] item: Leftovers
|upkeep
|turn|5
|
|t:|1756658921
|move|p1b: Big Back|Earthquake|p2b: Charizard|[spread] p2a,p2b
|-miss|p1b: Big Back|p1a: Alaskan Roll
|-supereffective|p2a: Torkoal
|-damage|p2a: Torkoal|38/100
|-damage|p2b: Charizard|4/100
|move|p2b: Charizard|Air Slash|p1b: Big Back
|-damage|p1b: Big Back|0 fnt
|faint|p1b: Big Back
|move|p2a: Torkoal|Eruption|p1a: Alaskan Roll
|-resisted|p1a: Alaskan Roll
|-damage|p1a: Alaskan Roll|88/100
|
|-weather|none
|-fieldend|move: Psychic Terrain
|upkeep
|-message|Le P VGC forfeited.
|
|win|Ribombees believer
|raw|Ribombees believer's rating: 1333 → 1355(+22 for winning)
|raw|Le P VGC's rating: 1373 → 1351(-22 for losing)
|l|☆Le P VGC
|player|p2|
|j|☆Le P VGC
|player|p2|Le P VGC|lucian|
|l|☆Le P VGC
|player|p2|
