|j|☆MinasDevilCrobats
|j|☆LaF101
|html|MinasDevilCrobatsLaF101    
|uhtml|bestof|Game 1 of a best-of-3
|t:|1757711533
|gametype|doubles
|player|p1|MinasDevilCrobats|darach-caitlin|1186
|player|p2|LaF101|rood|1132
|gen|9
|tier|[Gen 9] VGC 2025 Reg H (Bo3)
|rated|
|rule|Species Clause: Limit one of each Pokémon
|rule|Item Clause: Limit 1 of each item
|clearpoke
|poke|p1|Araquanid, L50, M|
|poke|p1|Venonat, L50, F|
|poke|p1|Volcarona, L50, M|
|poke|p1|Lokix, L50, F|
|poke|p1|Kleavor, L50, F|
|poke|p1|Ribombee, L50, M|
|poke|p2|Pelipper, L50, M|
|poke|p2|Archaludon, L50, F|
|poke|p2|Annihilape, L50, F|
|poke|p2|Maushold, L50|
|poke|p2|Sinistcha, L50|
|poke|p2|Kingambit, L50, M|
|teampreview|4
|showteam|p1|Araquanid||ClearAmulet|WaterBubble|Liquidation,LeechLife,WideGuard,Protect|||M|||50|,,,,,Water]Venonat||Eviolite|CompoundEyes|SleepPowder,RagePowder,Toxic,MorningSun|||F|||50|,,,,,Bug]Volcarona||ChoiceSpecs|FlameBody|HeatWave,Overheat,GigaDrain,Psychic|||M|||50|,,,,,Fire]Lokix||BlackGlasses|TintedLens|KnockOff,SuckerPunch,SwordsDance,Protect|||F|||50|,,,,,Dark]Kleavor||LifeOrb|Sharpness|StoneAxe,NightSlash,Uturn,Protect|||F|||50|,,,,,Ghost]Ribombee||CovertCloak|SweetVeil|StruggleBug,Charm,HelpingHand,Tailwind|||M|||50|,,,,,Grass
|showteam|p2|Pelipper||FocusSash|Drizzle|WeatherBall,Hurricane,Tailwind,Protect|||M|||50|,,,,,Ghost]Archaludon||AssaultVest|Stamina|ElectroShot,BodyPress,FlashCannon,Snarl|||F|||50|,,,,,Bug]Annihilape||Leftovers|Defiant|RageFist,DrainPunch,BulkUp,Protect|||F|||50|,,,,,Water]Maushold||SafetyGoggles|FriendGuard|FollowMe,BeatUp,Taunt,Protect||||||50|,,,,,Grass]Sinistcha||SitrusBerry|Hospitality|MatchaGotcha,RagePowder,Curse,LifeDew||||||50|,,,,,Water]Kingambit||BlackGlasses|Defiant|SuckerPunch,KowtowCleave,SwordsDance,Protect|||M|||50|,,,,,Dark
|inactive|Battle timer is ON: inactive players will automatically lose when time's up. (requested by LaF101)
|inactive|MinasDevilCrobats has 60 seconds left.
|inactive|MinasDevilCrobats has 30 seconds left.
|
|t:|1757711600
|teamsize|p1|4
|teamsize|p2|4
|start
|switch|p1a: Araquanid|Araquanid, L50, M|100/100
|switch|p1b: Ribombee|Ribombee, L50, M|100/100
|switch|p2a: Maushold|Maushold, L50|100/100
|switch|p2b: Archaludon|Archaludon, L50, F|100/100
|turn|1
|inactive|LaF101 has 30 seconds left.
|
|t:|1757711634
|move|p1b: Ribombee|Tailwind|p1b: Ribombee
|-sidestart|p1: MinasDevilCrobats|move: Tailwind
|move|p2a: Maushold|Beat Up|p2b: Archaludon
|-damage|p2b: Archaludon|99/100
|-ability|p2b: Archaludon|Stamina|boost
|-boost|p2b: Archaludon|def|1
|-damage|p2b: Archaludon|97/100
|-ability|p2b: Archaludon|Stamina|boost
|-boost|p2b: Archaludon|def|1
|-damage|p2b: Archaludon|97/100
|-ability|p2b: Archaludon|Stamina|boost
|-boost|p2b: Archaludon|def|1
|-damage|p2b: Archaludon|96/100
|-ability|p2b: Archaludon|Stamina|boost
|-boost|p2b: Archaludon|def|1
|-hitcount|p2b: Archaludon|4
|move|p1a: Araquanid|Liquidation|p2a: Maushold
|-damage|p2a: Maushold|44/100
|-unboost|p2a: Maushold|def|1
|move|p2b: Archaludon|Flash Cannon|p1b: Ribombee
|-supereffective|p1b: Ribombee
|-damage|p1b: Ribombee|11/100
|
|upkeep
|turn|2
|inactive|MinasDevilCrobats has 30 seconds left.
|inactive|LaF101 has 30 seconds left.
|inactive|MinasDevilCrobats has 20 seconds left.
|
|t:|1757711670
|move|p2a: Maushold|Protect|p2a: Maushold
|-singleturn|p2a: Maushold|Protect
|move|p1b: Ribombee|Struggle Bug|p2b: Archaludon|[spread] p2b
|-activate|p2a: Maushold|move: Protect
|-resisted|p2b: Archaludon
|-damage|p2b: Archaludon|93/100
|-unboost|p2b: Archaludon|spa|1
|-ability|p2b: Archaludon|Stamina|boost
|-boost|p2b: Archaludon|def|1
|move|p1a: Araquanid|Liquidation|p2a: Maushold
|-activate|p2a: Maushold|move: Protect
|move|p2b: Archaludon|Flash Cannon|p1b: Ribombee
|-supereffective|p1b: Ribombee
|-damage|p1b: Ribombee|0 fnt
|faint|p1b: Ribombee
|
|upkeep
|
|t:|1757711675
|switch|p1b: Venonat|Venonat, L50, F|100/100
|turn|3
|
|t:|1757711696
|switch|p2a: Pelipper|Pelipper, L50, M|100/100
|-weather|RainDance|[from] ability: Drizzle|[of] p2a: Pelipper
|move|p1b: Venonat|Sleep Powder|p2b: Archaludon
|-status|p2b: Archaludon|slp|[from] move: Sleep Powder
|move|p1a: Araquanid|Liquidation|p2a: Pelipper
|-resisted|p2a: Pelipper
|-damage|p2a: Pelipper|56/100
|cant|p2b: Archaludon|slp
|
|-weather|RainDance|[upkeep]
|upkeep
|turn|4
|
|t:|1757711720
|move|p2a: Pelipper|Protect|p2a: Pelipper
|-singleturn|p2a: Pelipper|Protect
|move|p1b: Venonat|Rage Powder|p1b: Venonat
|-singleturn|p1b: Venonat|move: Rage Powder
|move|p1a: Araquanid|Liquidation|p2a: Pelipper
|-activate|p2a: Pelipper|move: Protect
|cant|p2b: Archaludon|slp
|
|-weather|RainDance|[upkeep]
|-sideend|p1: MinasDevilCrobats|move: Tailwind
|upkeep
|turn|5
|
|t:|1757711737
|move|p1b: Venonat|Rage Powder|p1b: Venonat
|-singleturn|p1b: Venonat|move: Rage Powder
|move|p2a: Pelipper|Hurricane|p1b: Venonat
|-supereffective|p1b: Venonat
|-damage|p1b: Venonat|7/100
|-curestatus|p2b: Archaludon|slp|[msg]
|move|p2b: Archaludon|Electro Shot||[still]
|-prepare|p2b: Archaludon|Electro Shot
|-boost|p2b: Archaludon|spa|1
|-anim|p2b: Archaludon|Electro Shot|p1b: Venonat
|-damage|p1b: Venonat|0 fnt
|faint|p1b: Venonat
|move|p1a: Araquanid|Liquidation|p2a: Pelipper
|-resisted|p2a: Pelipper
|-damage|p2a: Pelipper|12/100
|-unboost|p2a: Pelipper|def|1
|
|-weather|RainDance|[upkeep]
|upkeep
|
|t:|1757711744
|switch|p1b: Lokix|Lokix, L50, F|100/100
|turn|6
|
|t:|1757711765
|-terastallize|p1b: Lokix|Dark
|move|p1b: Lokix|Knock Off|p2b: Archaludon
|-damage|p2b: Archaludon|80/100
|-ability|p2b: Archaludon|Stamina|boost
|-boost|p2b: Archaludon|def|1
|-enditem|p2b: Archaludon|Assault Vest|[from] move: Knock Off|[of] p1b: Lokix
|move|p2a: Pelipper|Hurricane|p1a: Araquanid
|-supereffective|p1a: Araquanid
|-damage|p1a: Araquanid|34/100
|-start|p1a: Araquanid|confusion
|move|p2b: Archaludon|Body Press|p1b: Lokix
|-supereffective|p1b: Lokix
|-damage|p1b: Lokix|0 fnt
|faint|p1b: Lokix
|-activate|p1a: Araquanid|confusion
|move|p1a: Araquanid|Liquidation|p2a: Pelipper
|-resisted|p2a: Pelipper
|-damage|p2a: Pelipper|0 fnt
|faint|p2a: Pelipper
|
|-weather|RainDance|[upkeep]
|upkeep
|-message|MinasDevilCrobats forfeited.
|
|win|LaF101
|l|☆LaF101
|player|p2|
||MinasDevilCrobats is ready for game 2.
||LaF101 is ready for game 2.
|uhtml|next|Next: Game 2 of 3
|l|☆MinasDevilCrobats
|player|p1|
