|j|☆Cucurella vgc
|j|☆testy accounty 2
|html|Cucurella vgctesty accounty 2    
|uhtml|bestof|Game 1 of a best-of-3
|t:|1782195825
|gametype|doubles
|player|p1|Cucurella vgc|266|1275
|player|p2|testy accounty 2|102|1235
|gen|9
|tier|[Gen 9 Champions] VGC 2026 Reg M-B (Bo3)
|rated|
|rule|Species Clause: Limit one of each Pokémon
|rule|Item Clause: Limit 1 of each item
|clearpoke
|poke|p1|Floette-Eternal, L50, F|
|poke|p1|Charizard, L50, F|
|poke|p1|Basculegion, L50, M|
|poke|p1|Garchomp, L50, M|
|poke|p1|Whimsicott, L50, F|
|poke|p1|Kingambit, L50, M|
|poke|p2|Gengar, L50, M|
|poke|p2|Sinistcha, L50|
|poke|p2|Archaludon, L50, M|
|poke|p2|Politoed, L50, F|
|poke|p2|Incineroar, L50, M|
|poke|p2|Froslass, L50, F|
|teampreview|4
|showteam|p1|Floette-Eternal||Floettite|FlowerVeil|DazzlingGleam,Protect,Moonblast,LightofRuin|Modest||F|||50|]Charizard||CharizarditeY|SolarPower|Protect,SolarBeam,WeatherBall,HeatWave|Modest||F|||50|]Basculegion||ChoiceScarf|Adaptability|FlipTurn,WaveCrash,LastRespects,AquaJet|Jolly||M|||50|]Garchomp||LifeOrb|RoughSkin|Protect,Earthquake,DragonClaw,RockTomb|Adamant||M|||50|]Whimsicott||FairyFeather|Prankster|Moonblast,Encore,Protect,Tailwind|Timid||F|||50|]Kingambit||FocusSash|Defiant|Protect,KowtowCleave,IronHead,SuckerPunch|Adamant||M|||50|
|showteam|p2|Gengar||Gengarite|CursedBody|ShadowBall,Disable,PerishSong,Protect|Timid||M|||50|]Sinistcha||KasibBerry|Hospitality|MatchaGotcha,TrickRoom,RagePowder,Protect|Calm|||||50|]Archaludon||Leftovers|Stamina|ElectroShot,DragonPulse,FlashCannon,Protect|Modest||M|||50|]Politoed||SitrusBerry|Drizzle|WeatherBall,PerishSong,Protect,Encore|Calm||F|||50|]Incineroar||ChopleBerry|Intimidate|FlareBlitz,FakeOut,PartingShot,Protect|Sassy||M|||50|]Froslass||Froslassite|CursedBody|Blizzard,AuroraVeil,ShadowBall,Protect|Timid||F|||50|
|inactive|Battle timer is ON: inactive players will automatically lose when time's up. (requested by Cucurella vgc)
|inactive|testy accounty 2 has 60 seconds left.
|
|t:|1782195875
|teamsize|p1|4
|teamsize|p2|4
|start
|switch|p1a: Kingambit|Kingambit, L50, M|100/100
|switch|p1b: Whimsicott|Whimsicott, L50, F|100/100
|switch|p2a: Froslass|Froslass, L50, F|100/100
|switch|p2b: Archaludon|Archaludon, L50, M|100/100
|turn|1
|
|t:|1782195893
|detailschange|p2a: Froslass|Froslass-Mega, L50, F
|-mega|p2a: Froslass|Froslass|Froslassite
|-weather|Snowscape|[from] ability: Snow Warning|[of] p2a: Froslass
|move|p1a: Kingambit|Protect|p1a: Kingambit
|-singleturn|p1a: Kingambit|Protect
|move|p1b: Whimsicott|Tailwind|p1b: Whimsicott
|-sidestart|p1: Cucurella vgc|move: Tailwind
|move|p2a: Froslass|Aurora Veil|p2a: Froslass
|-sidestart|p2: testy accounty 2|move: Aurora Veil
|move|p2b: Archaludon|Flash Cannon|p1b: Whimsicott
|-supereffective|p1b: Whimsicott|1
|-damage|p1b: Whimsicott|0 fnt
|faint|p1b: Whimsicott
|
|-weather|Snowscape|[upkeep]
|upkeep
|
|t:|1782195904
|switch|p1b: Charizard|Charizard, L50, F|100/100
|turn|2
|
|t:|1782195913
|move|p1b: Charizard|Protect|p1b: Charizard
|-singleturn|p1b: Charizard|Protect
|move|p2a: Froslass|Protect|p2a: Froslass
|-singleturn|p2a: Froslass|Protect
|move|p2b: Archaludon|Protect|p2b: Archaludon
|-singleturn|p2b: Archaludon|Protect
|move|p1a: Kingambit|Kowtow Cleave|p2a: Froslass
|-activate|p2a: Froslass|move: Protect
|
|-weather|Snowscape|[upkeep]
|upkeep
|turn|3
|
|t:|1782195942
|switch|p2a: Politoed|Politoed, L50, F|100/100
|-weather|RainDance|[from] ability: Drizzle|[of] p2a: Politoed
|detailschange|p1b: Charizard|Charizard-Mega-Y, L50, F
|-mega|p1b: Charizard|Charizard|Charizardite Y
|-weather|SunnyDay|[from] ability: Drought|[of] p1b: Charizard
|move|p1b: Charizard|Heat Wave|p2b: Archaludon|[spread] p2a,p2b
|-resisted|p2a: Politoed|1
|-damage|p2a: Politoed|83/100
|-damage|p2b: Archaludon|60/100
|-ability|p2b: Archaludon|Stamina|boost
|-boost|p2b: Archaludon|def|1
|move|p1a: Kingambit|Kowtow Cleave|p2b: Archaludon
|-damage|p2b: Archaludon|43/100
|-ability|p2b: Archaludon|Stamina|boost
|-boost|p2b: Archaludon|def|1
|move|p2b: Archaludon|Dragon Pulse|p1b: Charizard
|-damage|p1b: Charizard|67/100
|
|-weather|SunnyDay|[upkeep]
|-heal|p2b: Archaludon|49/100|[from] item: Leftovers
|upkeep
|turn|4
|inactive|testy accounty 2 has 30 seconds left.
|inactive|testy accounty 2 has 20 seconds left.
|inactive|testy accounty 2 has 15 seconds left.
|
|t:|1782195982
|switch|p2a: Froslass|Froslass-Mega, L50, F|100/100
|-weather|Snowscape|[from] ability: Snow Warning|[of] p2a: Froslass
|move|p2b: Archaludon|Protect|p2b: Archaludon
|-singleturn|p2b: Archaludon|Protect
|move|p1b: Charizard|Weather Ball|p2b: Archaludon
|-activate|p2b: Archaludon|move: Protect
|move|p1a: Kingambit|Kowtow Cleave|p2a: Froslass
|-supereffective|p2a: Froslass|1
|-damage|p2a: Froslass|38/100
|
|-weather|Snowscape|[upkeep]
|-heal|p2b: Archaludon|55/100|[from] item: Leftovers
|-sideend|p1: Cucurella vgc|move: Tailwind
|upkeep
|turn|5
|
|t:|1782196003
|switch|p2a: Politoed|Politoed, L50, F|83/100
|-weather|RainDance|[from] ability: Drizzle|[of] p2a: Politoed
|switch|p1b: Basculegion|Basculegion, L50, M|100/100
|move|p2b: Archaludon|Electro Shot||[still]
|-prepare|p2b: Archaludon|Electro Shot
|-boost|p2b: Archaludon|spa|1
|-anim|p2b: Archaludon|Electro Shot|p1a: Kingambit
|-damage|p1a: Kingambit|40/100
|move|p1a: Kingambit|Kowtow Cleave|p2a: Politoed
|-damage|p2a: Politoed|51/100
|
|-weather|RainDance|[upkeep]
|-heal|p2b: Archaludon|61/100|[from] item: Leftovers
|-sideend|p2: testy accounty 2|move: Aurora Veil
|upkeep
|turn|6
|inactive|testy accounty 2 has 30 seconds left.
|
|t:|1782196036
|move|p1b: Basculegion|Flip Turn|p2a: Politoed
|-resisted|p2a: Politoed|1
|-damage|p2a: Politoed|25/100
|-enditem|p2a: Politoed|Sitrus Berry|[eat]
|-heal|p2a: Politoed|50/100g|[from] item: Sitrus Berry
|
|t:|1782196039
|switch|p1b: Charizard|Charizard-Mega-Y, L50, F|67/100|[from] Flip Turn
|-weather|SunnyDay|[from] ability: Drought|[of] p1b: Charizard
|move|p2b: Archaludon|Dragon Pulse|p1b: Charizard
|-damage|p1b: Charizard|18/100
|move|p2a: Politoed|Weather Ball|p1a: Kingambit
|-supereffective|p1a: Kingambit|1
|-damage|p1a: Kingambit|0 fnt
|faint|p1a: Kingambit
|
|-weather|SunnyDay|[upkeep]
|-heal|p2b: Archaludon|68/100|[from] item: Leftovers
|upkeep
|
|t:|1782196046
|switch|p1a: Basculegion|Basculegion, L50, M|100/100
|turn|7
|
|t:|1782196058
|switch|p2a: Froslass|Froslass-Mega, L50, F|38/100
|-weather|Snowscape|[from] ability: Snow Warning|[of] p2a: Froslass
|move|p2b: Archaludon|Protect|p2b: Archaludon
|-singleturn|p2b: Archaludon|Protect
|move|p1a: Basculegion|Last Respects|p2a: Froslass
|-supereffective|p2a: Froslass|1
|-damage|p2a: Froslass|0 fnt
|faint|p2a: Froslass
|move|p1b: Charizard|Weather Ball|p2b: Archaludon
|-activate|p2b: Archaludon|move: Protect
|
|-weather|Snowscape|[upkeep]
|-heal|p2b: Archaludon|74/100|[from] item: Leftovers
|upkeep
|
|t:|1782196073
|switch|p2a: Incineroar|Incineroar, L50, M|100/100
|-ability|p2a: Incineroar|Intimidate|boost
|-unboost|p1a: Basculegion|atk|1
|-unboost|p1b: Charizard|atk|1
|turn|8
|-message|Cucurella vgc forfeited.
|
|win|testy accounty 2
|l|☆Cucurella vgc
|player|p1|
|j|☆Cucurella vgc
|player|p1|Cucurella vgc|266|
||Cucurella vgc is ready for game 2.
|inactive|testy accounty 2 has 30 seconds to confirm battle start!
||testy accounty 2 is ready for game 2.
|uhtml|next|Next: Game 2 of 3
