|j|ŌśåMerisan
|j|ŌśåDGSgame
|html|MerisanDGSgame    
|uhtml|bestof|Game 1 of a best-of-3
|t:|1785336176
|gametype|doubles
|player|p1|Merisan|kieran-masters|
|player|p2|DGSgame|2|
|gen|9
|tier|[Gen 9 Champions] VGC 2026 Reg M-B (Bo3)
|rule|Species Clause: Limit one of each Pok├®mon
|rule|Item Clause: Limit 1 of each item
|clearpoke
|poke|p1|Venusaur, L50, F|
|poke|p1|Kingambit, L50, F|
|poke|p1|Heliolisk, L50, F|
|poke|p1|Hawlucha, L50, F|
|poke|p1|Kommo-o, L50, M|
|poke|p1|Ninetales-Alola, L50, M|
|poke|p2|Archaludon, L50, F|
|poke|p2|Pelipper, L50, M|
|poke|p2|Raichu, L50, M|
|poke|p2|Mimikyu, L50, F|
|poke|p2|Aggron, L50, F|
|poke|p2|Vivillon, L50, M|
|teampreview|4
|showteam|p1|Venusaur||Venusaurite|Chlorophyll|GigaDrain,EarthPower,LeechSeed,Protect|Modest||F|||50|]Kingambit||FocusSash|Defiant|SuckerPunch,KowtowCleave,IronHead,LowKick|Adamant||F|||50|]Heliolisk||ShucaBerry|DrySkin|GrassKnot,VoltSwitch,Electroweb,Protect|Timid||F|||50|]Hawlucha||WhiteHerb|Unburden|CloseCombat,BraveBird,QuickGuard,Roost|Jolly||F|||50|]Kommo-o||LifeOrb|Overcoat|AuraSphere,ClangingScales,Protect,VacuumWave|Modest||M|||50|]Ninetales-Alola||NeverMeltIce|SnowWarning|FreezeDry,Blizzard,AuroraVeil,Protect|Timid||M|||50|
|showteam|p2|Archaludon||ChoiceScarf|Sturdy|ElectroShot,FlashCannon,DragonPulse,DarkPulse|Timid||F|||50|]Pelipper||MentalHerb|Drizzle|Roost,Hurricane,Tailwind,WeatherBall|Calm||M|||50|]Raichu||RaichuniteX|LightningRod|FakeOut,Encore,KnockOff,BrickBreak|Impish||M|||50|]Mimikyu||SitrusBerry|Disguise|Taunt,WillOWisp,PlayRough,ShadowSneak|Adamant||F|||50|]Aggron||Leftovers|RockHead|SteelRoller,BodyPress,Protect,Taunt|Sassy||F|||50|]Vivillon||FocusSash|FriendGuard|Protect,Hurricane,Uturn,RainDance|Timid||M|||50|
|
|t:|1785336219
|teamsize|p1|4
|teamsize|p2|4
|start
|switch|p1a: Ninetales|Ninetales-Alola, L50, M|100/100
|switch|p1b: Kommo-o|Kommo-o, L50, M|100/100
|switch|p2a: Aggron|Aggron, L50, F|100/100
|switch|p2b: Archaludon|Archaludon, L50, F|100/100
|-weather|Snowscape|[from] ability: Snow Warning|[of] p1a: Ninetales
|turn|1
|
|t:|1785336234
|switch|p2b: Raichu|Raichu, L50, M|100/100
|switch|p1a: Venusaur|Venusaur, L50, F|100/100
|move|p1b: Kommo-o|Aura Sphere|p2b: Raichu
|-damage|p2b: Raichu|36/100
|-damage|p1b: Kommo-o|90/100|[from] item: Life Orb
|move|p2a: Aggron|Steel Roller||[still]
|-fail|p2a: Aggron
|
|-weather|Snowscape|[upkeep]
|upkeep
|turn|2
|c|ŌśåDGSgame|oh wai
|c|ŌśåDGSgame|nvm
|c|ŌśåMerisan|that move ends terrain, but it also needs it
|c|ŌśåDGSgame|ye I forgot to mega first
|c|ŌśåDGSgame|lol
|
|t:|1785336280
|switch|p2a: Pelipper|Pelipper, L50, M|100/100
|-weather|RainDance|[from] ability: Drizzle|[of] p2a: Pelipper
|detailschange|p2b: Raichu|Raichu-Mega-X, L50, M
|-mega|p2b: Raichu|Raichu|Raichunite X
|-fieldstart|move: Electric Terrain|[from] ability: Electric Surge|[of] p2b: Raichu
|detailschange|p1a: Venusaur|Venusaur-Mega, L50, F
|-mega|p1a: Venusaur|Venusaur|Venusaurite
|move|p2b: Raichu|Fake Out|p1a: Venusaur
|-damage|p1a: Venusaur|90/100
|move|p1b: Kommo-o|Vacuum Wave|p2b: Raichu
|-damage|p2b: Raichu|4/100
|-damage|p1b: Kommo-o|81/100|[from] item: Life Orb
|cant|p1a: Venusaur|flinch
|
|-weather|RainDance|[upkeep]
|upkeep
|turn|3
|
|t:|1785336304
|switch|p1a: Ninetales|Ninetales-Alola, L50, M|100/100
|-weather|Snowscape|[from] ability: Snow Warning|[of] p1a: Ninetales
|move|p2b: Raichu|Knock Off|p1b: Kommo-o
|-resisted|p1b: Kommo-o|1
|-damage|p1b: Kommo-o|67/100
|-enditem|p1b: Kommo-o|Life Orb|[from] move: Knock Off|[of] p2b: Raichu
|move|p1b: Kommo-o|Clanging Scales|p2b: Raichu|[spread] p2a,p2b
|-damage|p2a: Pelipper|57/100
|-damage|p2b: Raichu|0 fnt
|faint|p2b: Raichu
|-unboost|p1b: Kommo-o|def|1
|move|p2a: Pelipper|Tailwind|p2a: Pelipper
|-sidestart|p2: DGSgame|move: Tailwind
|
|-weather|Snowscape|[upkeep]
|upkeep
|
|t:|1785336326
|switch|p2b: Archaludon|Archaludon, L50, F|100/100
|turn|4
|
|t:|1785336351
|switch|p1a: Venusaur|Venusaur-Mega, L50, F|90/100
|move|p2b: Archaludon|Flash Cannon|p1a: Venusaur
|-damage|p1a: Venusaur|53/100
|move|p2a: Pelipper|Weather Ball|p1b: Kommo-o
|-supereffective|p1b: Kommo-o|1
|-damage|p1b: Kommo-o|22/100
|move|p1b: Kommo-o|Aura Sphere|p2b: Archaludon
|-supereffective|p2b: Archaludon|1
|-ability|p2b: Archaludon|Sturdy
|-damage|p2b: Archaludon|1/100
|
|-weather|Snowscape|[upkeep]
|upkeep
|turn|5
|
|t:|1785336375
|move|p1b: Kommo-o|Vacuum Wave|p2b: Archaludon
|-supereffective|p2b: Archaludon|1
|-damage|p2b: Archaludon|0 fnt
|faint|p2b: Archaludon
|move|p2a: Pelipper|Hurricane|p1a: Venusaur
|-supereffective|p1a: Venusaur|1
|-damage|p1a: Venusaur|0 fnt
|faint|p1a: Venusaur
|
|-weather|Snowscape|[upkeep]
|upkeep
|
|t:|1785336386
|switch|p2b: Aggron|Aggron, L50, F|100/100
|switch|p1a: Ninetales|Ninetales-Alola, L50, M|100/100
|turn|6
|
|t:|1785336396
|move|p1a: Ninetales|Protect|p1a: Ninetales
|-singleturn|p1a: Ninetales|Protect
|move|p1b: Kommo-o|Protect|p1b: Kommo-o
|-singleturn|p1b: Kommo-o|Protect
|move|p2a: Pelipper|Weather Ball|p1b: Kommo-o
|-activate|p1b: Kommo-o|move: Protect
|move|p2b: Aggron|Steel Roller|p1a: Ninetales
|-activate|p1a: Ninetales|move: Protect
|
|-weather|Snowscape|[upkeep]
|-sideend|p2: DGSgame|move: Tailwind
|-fieldend|move: Electric Terrain
|upkeep
|turn|7
|
|t:|1785336432
|move|p1a: Ninetales|Freeze-Dry|p2a: Pelipper
|-supereffective|p2a: Pelipper|2
|-damage|p2a: Pelipper|0 fnt
|faint|p2a: Pelipper
|move|p1b: Kommo-o|Aura Sphere|p2b: Aggron
|-supereffective|p2b: Aggron|2
|-damage|p2b: Aggron|0 fnt
|faint|p2b: Aggron
|
|win|Merisan
||DGSgame is ready for game 2.
||Merisan is ready for game 2.
|uhtml|next|Next: Game 2 of 3
