|j|☆Sora Hoshino
|j|☆Nasch1312
|html|Sora HoshinoNasch1312    
|uhtml|bestof|Game 2 of a best-of-3
|t:|1783210839
|gametype|doubles
|player|p1|Sora Hoshino|flannery|1093
|player|p2|Nasch1312|hilbert|1250
|gen|9
|tier|[Gen 9 Champions] VGC 2026 Reg M-B (Bo3)
|rated|
|rule|Species Clause: Limit one of each Pokémon
|rule|Item Clause: Limit 1 of each item
|clearpoke
|poke|p1|Gengar, L50, F|
|poke|p1|Eelektross, L50, M|
|poke|p1|Incineroar, L50, M|
|poke|p1|Farigiraf, L50, M|
|poke|p1|Whimsicott, L50, F|
|poke|p1|Swampert, L50, F|
|poke|p2|Dragonite, L50, M|
|poke|p2|Pelipper, L50, F|
|poke|p2|Basculegion, L50, M|
|poke|p2|Archaludon, L50, F|
|poke|p2|Sinistcha, L50|
|poke|p2|Gholdengo, L50, shiny|
|teampreview|4
|showteam|p1|Gengar||Gengarite|CursedBody|SludgeBomb,PerishSong,Protect,ShadowBall|Modest||F|||50|]Eelektross||Eelektrossite|Levitate|GigaDrain,Protect,Thunderbolt,DragonPulse|Modest||M|||50|]Incineroar||SitrusBerry|Intimidate|FakeOut,PartingShot,Protect,ThroatChop|Adamant||M|||50|]Farigiraf||MentalHerb|ArmorTail|Earthquake,TrickRoom,Protect,Psychic|Modest||M|||50|]Whimsicott||FocusSash|Prankster|Taunt,Protect,Moonblast,Tailwind|Bold||F|||50|]Swampert||Leftovers|Torrent|Liquidation,Protect,StompingTantrum,BulkUp|Adamant||F|||50|
|showteam|p2|Dragonite||Dragoninite|InnerFocus|DragonPulse,Thunderbolt,Hurricane,Protect|Modest||M|||50|]Pelipper||SitrusBerry|Drizzle|Hurricane,WeatherBall,Tailwind,WideGuard|Modest||F|||50|]Basculegion||LifeOrb|SwiftSwim|WaveCrash,LastRespects,AquaJet,Protect|Adamant||M|||50|]Archaludon||Leftovers|Stamina|ElectroShot,DragonPulse,FlashCannon,Protect|Modest||F|||50|]Sinistcha||KasibBerry|Hospitality|RagePowder,MatchaGotcha,TrickRoom,LifeDew|Bold|||||50|]Gholdengo||ChoiceScarf|GoodasGold|MakeItRain,ShadowBall,PowerGem,Trick|Modest|||||50|
|
|t:|1783210867
|teamsize|p1|4
|teamsize|p2|4
|start
|switch|p1a: Incineroar|Incineroar, L50, M|100/100
|switch|p1b: Farigiraf|Farigiraf, L50, M|100/100
|switch|p2a: Archaly|Archaludon, L50, F|100/100
|switch|p2b: Pely|Pelipper, L50, F|100/100
|-weather|RainDance|[from] ability: Drizzle|[of] p2b: Pely
|-ability|p1a: Incineroar|Intimidate|boost
|-unboost|p2a: Archaly|atk|1
|-unboost|p2b: Pely|atk|1
|turn|1
|
|t:|1783210886
|move|p1a: Incineroar|Fake Out|p2b: Pely
|-damage|p2b: Pely|86/100
|move|p2a: Archaly|Electro Shot||[still]
|-prepare|p2a: Archaly|Electro Shot
|-boost|p2a: Archaly|spa|1
|-anim|p2a: Archaly|Electro Shot|p1a: Incineroar
|-damage|p1a: Incineroar|46/100
|-enditem|p1a: Incineroar|Sitrus Berry|[eat]
|-heal|p1a: Incineroar|71/100|[from] item: Sitrus Berry
|cant|p2b: Pely|flinch
|move|p1b: Farigiraf|Trick Room|p1b: Farigiraf
|-fieldstart|move: Trick Room|[of] p1b: Farigiraf
|
|-weather|RainDance|[upkeep]
|upkeep
|turn|2
|
|t:|1783210914
|move|p2a: Archaly|Protect|p2a: Archaly
|-singleturn|p2a: Archaly|Protect
|move|p1b: Farigiraf|Psychic|p2b: Pely
|-damage|p2b: Pely|43/100
|-enditem|p2b: Pely|Sitrus Berry|[eat]
|-heal|p2b: Pely|68/100|[from] item: Sitrus Berry
|move|p1a: Incineroar|Parting Shot|p2a: Archaly
|-activate|p2a: Archaly|move: Protect
|move|p2b: Pely|Weather Ball|p1a: Incineroar
|-supereffective|p1a: Incineroar|1
|-damage|p1a: Incineroar|0 fnt
|faint|p1a: Incineroar
|
|-weather|RainDance|[upkeep]
|upkeep
|
|t:|1783210927
|switch|p1a: Eelektross|Eelektross, L50, M|100/100
|turn|3
|
|t:|1783210952
|switch|p1b: Swampert|Swampert, L50, F|100/100
|detailschange|p1a: Eelektross|Eelektross-Mega, L50, M
|-mega|p1a: Eelektross|Eelektross|Eelektrossite
|move|p1a: Eelektross|Protect|p1a: Eelektross
|-singleturn|p1a: Eelektross|Protect
|move|p2b: Pely|Weather Ball|p1a: Eelektross
|-activate|p1a: Eelektross|move: Protect
|move|p2a: Archaly|Dragon Pulse|p1a: Eelektross
|-activate|p1a: Eelektross|move: Protect
|
|-weather|RainDance|[upkeep]
|upkeep
|turn|4
|
|t:|1783210975
|move|p1b: Swampert|Stomping Tantrum|p2a: Archaly
|-supereffective|p2a: Archaly|1
|-damage|p2a: Archaly|42/100
|-ability|p2a: Archaly|Stamina|boost
|-boost|p2a: Archaly|def|1
|move|p2b: Pely|Weather Ball|p1a: Eelektross
|-damage|p1a: Eelektross|40/100
|move|p1a: Eelektross|Dragon Pulse|p2a: Archaly
|-damage|p2a: Archaly|11/100
|-ability|p2a: Archaly|Stamina|boost
|-boost|p2a: Archaly|def|1
|move|p2a: Archaly|Dragon Pulse|p1a: Eelektross
|-damage|p1a: Eelektross|0 fnt
|faint|p1a: Eelektross
|
|-weather|RainDance|[upkeep]
|-heal|p2a: Archaly|17/100|[from] item: Leftovers
|upkeep
|
|t:|1783210991
|switch|p1a: Farigiraf|Farigiraf, L50, M|100/100
|turn|5
|
|t:|1783211006
|move|p1a: Farigiraf|Protect|p1a: Farigiraf
|-singleturn|p1a: Farigiraf|Protect
|move|p2a: Archaly|Protect|p2a: Archaly
|-singleturn|p2a: Archaly|Protect
|move|p1b: Swampert|Bulk Up|p1b: Swampert
|-boost|p1b: Swampert|atk|1
|-boost|p1b: Swampert|def|1
|move|p2b: Pely|Weather Ball|p1a: Farigiraf
|-activate|p1a: Farigiraf|move: Protect
|
|-weather|none
|-heal|p2a: Archaly|23/100|[from] item: Leftovers
|-fieldend|move: Trick Room
|upkeep
|turn|6
|
|t:|1783211024
|move|p2a: Archaly|Dragon Pulse|p1a: Farigiraf
|-damage|p1a: Farigiraf|47/100
|move|p2b: Pely|Weather Ball|p1a: Farigiraf
|-damage|p1a: Farigiraf|35/100
|move|p1b: Swampert|Stomping Tantrum|p2a: Archaly
|-supereffective|p2a: Archaly|1
|-damage|p2a: Archaly|0 fnt
|faint|p2a: Archaly
|move|p1a: Farigiraf|Trick Room|p1a: Farigiraf
|-fieldstart|move: Trick Room|[of] p1a: Farigiraf
|
|upkeep
|
|t:|1783211036
|switch|p2a: Basculey|Basculegion, L50, M|100/100
|turn|7
|
|t:|1783211049
|switch|p2b: Gholdey|Gholdengo, L50, shiny|100/100
|move|p1b: Swampert|Protect|p1b: Swampert
|-singleturn|p1b: Swampert|Protect
|move|p1a: Farigiraf|Psychic|p2a: Basculey
|-damage|p2a: Basculey|59/100
|move|p2a: Basculey|Last Respects|p1b: Swampert
|-activate|p1b: Swampert|move: Protect
|
|upkeep
|turn|8
|
|t:|1783211076
|move|p2a: Basculey|Protect|p2a: Basculey
|-singleturn|p2a: Basculey|Protect
|move|p1a: Farigiraf|Psychic|p2a: Basculey
|-activate|p2a: Basculey|move: Protect
|move|p1b: Swampert|Stomping Tantrum|p2b: Gholdey
|-supereffective|p2b: Gholdey|1
|-damage|p2b: Gholdey|0 fnt
|faint|p2b: Gholdey
|
|upkeep
|
|t:|1783211086
|switch|p2b: Pely|Pelipper, L50, F|68/100
|-weather|RainDance|[from] ability: Drizzle|[of] p2b: Pely
|turn|9
|
|t:|1783211109
|move|p1b: Swampert|Bulk Up|p1b: Swampert
|-boost|p1b: Swampert|atk|1
|-boost|p1b: Swampert|def|1
|move|p1a: Farigiraf|Psychic|p2a: Basculey
|-damage|p2a: Basculey|19/100
|move|p2b: Pely|Weather Ball|p1a: Farigiraf
|-damage|p1a: Farigiraf|0 fnt
|faint|p1a: Farigiraf
|move|p2a: Basculey|Wave Crash|p1b: Swampert
|-damage|p1b: Swampert|48/100
|-damage|p2a: Basculey|2/100|[from] Recoil
|-damage|p2a: Basculey|0 fnt|[from] item: Life Orb
|faint|p2a: Basculey
|
|-weather|RainDance|[upkeep]
|-heal|p1b: Swampert|54/100|[from] item: Leftovers
|upkeep
|turn|10
|
|t:|1783211127
|move|p1b: Swampert|Liquidation|p2b: Pely
|-resisted|p2b: Pely|1
|-damage|p2b: Pely|0 fnt
|faint|p2b: Pely
|
|win|Sora Hoshino
||Sora Hoshino is ready for game 3.
||Nasch1312 is ready for game 3.
|uhtml|next|Next: Game 3 of 3
|l|☆Sora Hoshino
|player|p1|
