|j|☆laufey#1fan
|j|☆huntr/x rumi
|html|laufey#1fanhuntr/x rumi    
|uhtml|bestof|Game 3 of a best-of-3
|t:|1755572938
|gametype|doubles
|player|p1|laufey#1fan|cynthia|1385
|player|p2|huntr/x rumi|flannery|1298
|gen|9
|tier|[Gen 9] VGC 2025 Reg H (Bo3)
|rated|
|rule|Species Clause: Limit one of each Pokémon
|rule|Item Clause: Limit 1 of each item
|clearpoke
|poke|p1|Garchomp, L50, F|
|poke|p1|Dragonite, L50, M|
|poke|p1|Ninetales-Alola, L50, F|
|poke|p1|Amoonguss, L50, M|
|poke|p1|Kingambit, L50, M|
|poke|p1|Arcanine-Hisui, L50, F|
|poke|p2|Sneasler, L50, M|
|poke|p2|Indeedee, L50, M|
|poke|p2|Volcarona, L50, M|
|poke|p2|Ursaluna-Bloodmoon, L50, M|
|poke|p2|Annihilape, L50, F|
|poke|p2|Tyranitar, L50, M|
|teampreview|4
|showteam|p1|Garchomp||LifeOrb|RoughSkin|StompingTantrum,Protect,DragonClaw,Earthquake|||F|||50|,,,,,Fire]Dragonite||LoadedDice|Multiscale|ScaleShot,Haze,IceSpinner,Protect|||M|||50|,,,,,Fairy]Ninetales-Alola||FocusSash|SnowWarning|FreezeDry,Encore,Protect,Blizzard|||F|||50|,,,,,Ghost]Amoonguss||SitrusBerry|Regenerator|PollenPuff,Protect,RagePowder,Spore|||M|||50|,,,,,Psychic]Kingambit||AssaultVest|Defiant|KowtowCleave,LowKick,IronHead,SuckerPunch|||M|||50|,,,,,Flying]Arcanine-Hisui||MirrorHerb|Intimidate|Protect,RockSlide,FlareBlitz,ExtremeSpeed|||F|||50|,,,,,Grass
|showteam|p2|Sneasler||PsychicSeed|Unburden|CloseCombat,DireClaw,ThroatChop,Protect|||M|||50|,,,,,Dark]Indeedee||ChoiceScarf|PsychicSurge|ExpandingForce,TeraBlast,Trick,Protect|||M|||50|,,,,,Psychic]Volcarona||SitrusBerry|FlameBody|Overheat,StruggleBug,RagePowder,Tailwind|||M|||50|,,,,,Grass]Ursaluna-Bloodmoon||LifeOrb|MindsEye|BloodMoon,HyperVoice,EarthPower,Protect|||M|||50|,,,,,Normal]Annihilape||SafetyGoggles|Defiant|CloseCombat,RageFist,Taunt,FinalGambit|||F|||50|,,,,,Fairy]Tyranitar||AssaultVest|SandStream|RockSlide,KnockOff,TeraBlast,LowKick|||M|||50|,,,,,Flying
|
|t:|1755572962
|teamsize|p1|4
|teamsize|p2|4
|start
|switch|p1a: Maracas|Amoonguss, L50, M|100/100
|switch|p1b: JOYBOY|Dragonite, L50, M|100/100
|switch|p2a: Tyranitar|Tyranitar, L50, M|100/100
|switch|p2b: Ursaluna|Ursaluna-Bloodmoon, L50, M|100/100
|-weather|Sandstorm|[from] ability: Sand Stream|[of] p2a: Tyranitar
|turn|1
|
|t:|1755573005
|-terastallize|p2b: Ursaluna|Normal
|move|p1a: Maracas|Protect|p1a: Maracas
|-singleturn|p1a: Maracas|Protect
|move|p1b: JOYBOY|Scale Shot|p2a: Tyranitar
|-damage|p2a: Tyranitar|87/100
|-damage|p2a: Tyranitar|75/100
|-damage|p2a: Tyranitar|62/100
|-damage|p2a: Tyranitar|48/100
|-hitcount|p2a: Tyranitar|4
|-unboost|p1b: JOYBOY|def|1
|-boost|p1b: JOYBOY|spe|1
|move|p2a: Tyranitar|Rock Slide|p1b: JOYBOY|[spread] p1b
|-activate|p1a: Maracas|move: Protect
|-supereffective|p1b: JOYBOY
|-damage|p1b: JOYBOY|50/100
|move|p2b: Ursaluna|Hyper Voice|p1b: JOYBOY|[spread] p1b
|-activate|p1a: Maracas|move: Protect
|-damage|p1b: JOYBOY|0 fnt
|faint|p1b: JOYBOY
|-damage|p2b: Ursaluna|91/100|[from] item: Life Orb
|
|-weather|Sandstorm|[upkeep]
|-damage|p2b: Ursaluna|85/100|[from] Sandstorm
|-damage|p1a: Maracas|95/100|[from] Sandstorm
|upkeep
|
|t:|1755573019
|switch|p1b: Jeffina|Garchomp, L50, F, shiny|100/100
|turn|2
|
|t:|1755573031
|switch|p1a: Kingambit|Kingambit, L50, M|100/100
|move|p1b: Jeffina|Stomping Tantrum|p2a: Tyranitar
|-supereffective|p2a: Tyranitar
|-damage|p2a: Tyranitar|0 fnt
|faint|p2a: Tyranitar
|-damage|p1b: Jeffina|91/100|[from] item: Life Orb
|move|p2b: Ursaluna|Blood Moon|p1a: Kingambit
|-resisted|p1a: Kingambit
|-damage|p1a: Kingambit|55/100
|-damage|p2b: Ursaluna|76/100|[from] item: Life Orb
|
|-weather|Sandstorm|[upkeep]
|-damage|p2b: Ursaluna|70/100|[from] Sandstorm
|upkeep
|
|t:|1755573039
|switch|p2a: Sneasler|Sneasler, L50, M|100/100
|turn|3
|
|t:|1755573046
|-terastallize|p1a: Kingambit|Flying
|move|p2a: Sneasler|Protect|p2a: Sneasler
|-singleturn|p2a: Sneasler|Protect
|move|p1b: Jeffina|Earthquake|p2b: Ursaluna|[spread] p2b
|-activate|p2a: Sneasler|move: Protect
|-immune|p1a: Kingambit
|-crit|p2b: Ursaluna
|-damage|p2b: Ursaluna|2/100
|-damage|p1b: Jeffina|81/100|[from] item: Life Orb
|move|p2b: Ursaluna|Hyper Voice|p1b: Jeffina|[spread] p1a,p1b
|-damage|p1a: Kingambit|11/100
|-damage|p1b: Jeffina|2/100
|-damage|p2b: Ursaluna|0 fnt|[from] item: Life Orb
|faint|p2b: Ursaluna
|move|p1a: Kingambit|Kowtow Cleave|p2a: Sneasler
|-activate|p2a: Sneasler|move: Protect
|
|-weather|Sandstorm|[upkeep]
|-damage|p2a: Sneasler|95/100|[from] Sandstorm
|-damage|p1a: Kingambit|5/100|[from] Sandstorm
|upkeep
|
|t:|1755573058
|switch|p2b: Indeedee|Indeedee, L50, M|100/100
|-fieldstart|move: Psychic Terrain|[from] ability: Psychic Surge|[of] p2b: Indeedee
|-enditem|p2a: Sneasler|Psychic Seed
|-boost|p2a: Sneasler|spd|1|[from] item: Psychic Seed
|turn|4
|
|t:|1755573083
|move|p2a: Sneasler|Dire Claw|p1b: Jeffina
|-resisted|p1b: Jeffina
|-damage|p1b: Jeffina|0 fnt
|-damage|p2a: Sneasler|82/100|[from] ability: Rough Skin|[of] p1b: Jeffina
|faint|p1b: Jeffina
|move|p2b: Indeedee|Expanding Force|p1a: Kingambit
|-damage|p1a: Kingambit|0 fnt
|faint|p1a: Kingambit
|
|-weather|Sandstorm|[upkeep]
|-damage|p2a: Sneasler|77/100|[from] Sandstorm
|-damage|p2b: Indeedee|95/100|[from] Sandstorm
|upkeep
|
|t:|1755573085
|switch|p1b: Maracas|Amoonguss, L50, M|100/100
|turn|5
|
|t:|1755573092
|move|p2a: Sneasler|Dire Claw|p1b: Maracas
|-damage|p1b: Maracas|64/100
|-status|p1b: Maracas|slp
|move|p2b: Indeedee|Expanding Force|p1b: Maracas
|-supereffective|p1b: Maracas
|-damage|p1b: Maracas|0 fnt
|faint|p1b: Maracas
|
|win|huntr/x rumi
|raw|laufey#1fan's rating: 1385 → 1360(-25 for losing)
|raw|huntr/x rumi's rating: 1298 → 1329(+31 for winning)
|c|☆huntr/x rumi|ggs
|c|☆laufey#1fan|ggs
