|j|☆RouletteRegional
|j|☆Lord_of_Ewoks
|html|RouletteRegionalLord_of_Ewoks    
|uhtml|bestof|Game 2 of a best-of-3
|t:|1785684308
|gametype|doubles
|player|p1|RouletteRegional|lance|1404
|player|p2|Lord_of_Ewoks|lass-gen4|1301
|gen|9
|tier|[Gen 9 Champions] VGC 2026 Reg M-B (Bo3)
|rated|
|rule|Species Clause: Limit one of each Pokémon
|rule|Item Clause: Limit 1 of each item
|clearpoke
|poke|p1|Charizard, L50, F|
|poke|p1|Floette-Eternal, L50, F|
|poke|p1|Dragonite, L50, M|
|poke|p1|Sneasler, L50, M|
|poke|p1|Kingambit, L50, M|
|poke|p1|Whimsicott, L50, M|
|poke|p2|Cofagrigus, L50, F|
|poke|p2|Farigiraf, L50, M|
|poke|p2|Primarina, L50, F|
|poke|p2|Scovillain, L50, M|
|poke|p2|Whimsicott, L50, M|
|poke|p2|Scizor, L50, F|
|teampreview|4
|showteam|p1|Charizard||CharizarditeY|Blaze|HeatWave,SolarBeam,WeatherBall,Protect|Modest||F|||50|]Floette-Eternal||Floettite|FlowerVeil|Moonblast,DazzlingGleam,LightofRuin,Protect|Modest||F|||50|]Dragonite||LifeOrb|InnerFocus|DragonClaw,ExtremeSpeed,LowKick,Protect|Adamant||M|||50|]Sneasler||WhiteHerb|Unburden|CloseCombat,DireClaw,FakeOut,Coaching|Jolly||M|||50|]Kingambit||BlackGlasses|Defiant|KowtowCleave,SuckerPunch,SwordsDance,Protect|Adamant||M|||50|]Whimsicott||FocusSash|Prankster|Moonblast,Tailwind,Encore,Protect|Timid||M|||50|
|showteam|p2|Cofagrigus||Leftovers|Mummy|Hex,WillOWisp,TrickRoom,Protect|Bold||F|||50|]Farigiraf||SitrusBerry|ArmorTail|TwinBeam,Thunderbolt,TrickRoom,HelpingHand|Quiet||M|||50|]Primarina||MysticWater|LiquidVoice|HyperVoice,Moonblast,CalmMind,Protect|Modest||F|||50|]Scovillain||Scovillainite|Moody|Flamethrower,LeechSeed,RagePowder,Protect|Calm||M|||50|]Whimsicott||FocusSash|Prankster|Moonblast,Tailwind,Encore,Protect|Modest||M|||50|]Scizor||Scizorite|Technician|BulletPunch,BugBite,SwordsDance,Protect|Adamant||F|||50|
|inactive|Battle timer is ON: inactive players will automatically lose when time's up. (requested by RouletteRegional)
|inactive|Lord_of_Ewoks has 60 seconds left.
|
|t:|1785684362
|teamsize|p1|4
|teamsize|p2|4
|start
|switch|p1a: Kingambit|Kingambit, L50, M|100/100
|switch|p1b: Charizard|Charizard, L50, F|100/100
|switch|p2a: Scovillain|Scovillain, L50, M|100/100
|switch|p2b: Primarina|Primarina, L50, F|100/100
|turn|1
|
|t:|1785684378
|switch|p2b: Farigiraf|Farigiraf, L50, M|100/100
|detailschange|p1b: Charizard|Charizard-Mega-Y, L50, F
|-mega|p1b: Charizard|Charizard|Charizardite Y
|-weather|SunnyDay|[from] ability: Drought|[of] p1b: Charizard
|detailschange|p2a: Scovillain|Scovillain-Mega, L50, M
|-mega|p2a: Scovillain|Scovillain|Scovillainite
|move|p1a: Kingambit|Protect|p1a: Kingambit
|-singleturn|p1a: Kingambit|Protect
|move|p1b: Charizard|Heat Wave|p2b: Farigiraf|[spread] p2a,p2b
|-damage|p2a: Scovillain|43/100
|-damage|p2b: Farigiraf|32/100
|-immune|p1b: Charizard
|-enditem|p2b: Farigiraf|Sitrus Berry|[eat]
|-heal|p2b: Farigiraf|57/100|[from] item: Sitrus Berry
|move|p2a: Scovillain|Flamethrower|p1a: Kingambit
|-activate|p1a: Kingambit|move: Protect
|
|-weather|SunnyDay|[upkeep]
|upkeep
|turn|2
|
|t:|1785684396
|move|p2a: Scovillain|Protect|p2a: Scovillain
|-singleturn|p2a: Scovillain|Protect
|move|p1b: Charizard|Weather Ball|p2a: Scovillain
|-activate|p2a: Scovillain|move: Protect
|move|p1a: Kingambit|Kowtow Cleave|p2b: Farigiraf
|-supereffective|p2b: Farigiraf|1
|-damage|p2b: Farigiraf|0 fnt
|faint|p2b: Farigiraf
|
|-weather|SunnyDay|[upkeep]
|upkeep
|
|t:|1785684405
|switch|p2b: Whimsicott|Whimsicott, L50, M|100/100
|turn|3
|
|t:|1785684425
|move|p2b: Whimsicott|Tailwind|p2b: Whimsicott
|-sidestart|p2: Lord_of_Ewoks|move: Tailwind
|move|p2a: Scovillain|Flamethrower|p1a: Kingambit
|-supereffective|p1a: Kingambit|1
|-damage|p1a: Kingambit|0 fnt
|faint|p1a: Kingambit
|move|p1b: Charizard|Weather Ball|p2a: Scovillain
|-damage|p2a: Scovillain|0 fnt
|-immune|p1b: Charizard
|faint|p2a: Scovillain
|
|-weather|SunnyDay|[upkeep]
|upkeep
|
|t:|1785684433
|switch|p2a: Primarina|Primarina, L50, F|100/100
|switch|p1a: Whimsicott|Whimsicott, L50, M|100/100
|turn|4
|
|t:|1785684453
|move|p2b: Whimsicott|Encore|p1b: Charizard
|-start|p1b: Charizard|Encore
|move|p1a: Whimsicott|Tailwind|p1a: Whimsicott
|-sidestart|p1: RouletteRegional|move: Tailwind
|move|p1b: Charizard|Weather Ball|p2b: Whimsicott
|-supereffective|p2b: Whimsicott|1
|-enditem|p2b: Whimsicott|Focus Sash
|-damage|p2b: Whimsicott|1/100
|move|p2a: Primarina|Hyper Voice|p1a: Whimsicott|[spread] p1a,p1b
|-resisted|p1a: Whimsicott|1
|-supereffective|p1b: Charizard|1
|-damage|p1a: Whimsicott|83/100
|-damage|p1b: Charizard|59/100
|
|-weather|SunnyDay|[upkeep]
|upkeep
|turn|5
|
|t:|1785684473
|move|p1a: Whimsicott|Moonblast|p2a: Primarina
|-damage|p2a: Primarina|68/100
|move|p2b: Whimsicott|Moonblast|p1b: Charizard
|-resisted|p1b: Charizard|1
|-damage|p1b: Charizard|40/100
|move|p1b: Charizard|Weather Ball|p2b: Whimsicott
|-supereffective|p2b: Whimsicott|1
|-damage|p2b: Whimsicott|0 fnt
|faint|p2b: Whimsicott
|move|p2a: Primarina|Hyper Voice|p1b: Charizard|[spread] p1a,p1b
|-resisted|p1a: Whimsicott|1
|-supereffective|p1b: Charizard|1
|-damage|p1a: Whimsicott|64/100
|-damage|p1b: Charizard|1/100
|
|-weather|none
|upkeep
|turn|6
|
|t:|1785684486
|move|p1a: Whimsicott|Moonblast|p2a: Primarina
|-damage|p2a: Primarina|37/100
|move|p1b: Charizard|Weather Ball|p2a: Primarina
|-damage|p2a: Primarina|19/100
|move|p2a: Primarina|Hyper Voice|p1b: Charizard|[spread] p1a,p1b
|-resisted|p1a: Whimsicott|1
|-supereffective|p1b: Charizard|1
|-damage|p1a: Whimsicott|29/100
|-damage|p1b: Charizard|0 fnt
|faint|p1b: Charizard
|
|-sideend|p2: Lord_of_Ewoks|move: Tailwind
|upkeep
|
|t:|1785684488
|switch|p1b: Sneasler|Sneasler, L50, M|100/100
|turn|7
|-message|Lord_of_Ewoks forfeited.
|
|win|RouletteRegional
|raw|RouletteRegional's rating: 1404 → 1418(+14 for winning)
|raw|Lord_of_Ewoks's rating: 1301 → 1287(-14 for losing)
