|j|☆Delacruso
|j|☆Brummes
|html|DelacrusoBrummes    
|uhtml|bestof|Game 1 of a best-of-3
|t:|1756799556
|gametype|doubles
|player|p1|Delacruso|red|1061
|player|p2|Brummes|266|1145
|gen|9
|tier|[Gen 9] VGC 2025 Reg H (Bo3)
|rated|
|rule|Species Clause: Limit one of each Pokémon
|rule|Item Clause: Limit 1 of each item
|clearpoke
|poke|p1|Ninetales, L50, M|
|poke|p1|Charizard, L50, M|
|poke|p1|Jumpluff, L50, F|
|poke|p1|Ursaluna-Bloodmoon, L50, M|
|poke|p1|Incineroar, L50, F|
|poke|p1|Gholdengo, L50|
|poke|p2|Azumarill, L50, M|
|poke|p2|Politoed, L50, F|
|poke|p2|Dragonite, L50, M|
|poke|p2|Clefairy, L50, F|
|poke|p2|Sinistcha, L50|
|poke|p2|Bellibolt, L50, M|
|teampreview|4
|showteam|p1|Ninetales||Charcoal|Drought|BatonPass,CalmMind,WillOWisp,HeatWave|||M|||50|,,,,,Grass]Charizard||ChoiceSpecs|SolarPower|DragonPulse,HeatWave,Overheat,WeatherBall|||M|||50|,,,,,Ghost]Jumpluff||CovertCloak|Chlorophyll|SleepPowder,SunnyDay,Tailwind,RagePowder|||F|||50|,,,,,Water]Ursaluna-Bloodmoon||AssaultVest|MindsEye|EarthPower,BloodMoon,HyperVoice,VacuumWave|||M|||50|,,,,,Normal]Incineroar||SitrusBerry|Intimidate|FakeOut,FlareBlitz,KnockOff,PartingShot|||F|||50|,,,,,Ghost]Gholdengo||LifeOrb|GoodasGold|PowerGem,MakeItRain,ShadowBall,Protect||||||50|,,,,,Steel
|showteam|p2|Azumarill||SitrusBerry|HugePower|AquaJet,PlayRough,Protect,BellyDrum|||M|||50|,,,,,Water]Politoed||RindoBerry|Drizzle|MuddyWater,Protect,PerishSong,IceBeam|||F|||50|,,,,,Bug]Dragonite||ClearAmulet|Multiscale|DragonDance,DragonClaw,TeraBlast,Protect|||M|||50|,,,,,Flying]Clefairy||Eviolite|FriendGuard|FollowMe,Moonblast,LifeDew,Protect|||F|||50|,,,,,Steel]Sinistcha||CobaBerry|Hospitality|MatchaGotcha,RagePowder,TrickRoom,Protect||||||50|,,,,,Fire]Bellibolt||AssaultVest|Electromorphosis|ParabolicCharge,Thunder,VoltSwitch,WeatherBall|||M|||50|,,,,,Electric
|inactive|Battle timer is ON: inactive players will automatically lose when time's up. (requested by Delacruso)
|
|t:|1756799616
|teamsize|p1|4
|teamsize|p2|4
|start
|switch|p1a: Jumpluff|Jumpluff, L50, F|100/100
|switch|p1b: Ninetales|Ninetales, L50, M|100/100
|switch|p2a: Azumarill|Azumarill, L50, M|100/100
|switch|p2b: Clefairy|Clefairy, L50, F|100/100
|-weather|SunnyDay|[from] ability: Drought|[of] p1b: Ninetales
|turn|1
|inactive|Delacruso has 30 seconds left.
|
|t:|1756799646
|switch|p2b: Politoed|Politoed, L50, F|100/100
|-weather|RainDance|[from] ability: Drizzle|[of] p2b: Politoed
|move|p1a: Jumpluff|Sunny Day|p1a: Jumpluff
|-weather|SunnyDay
|move|p1b: Ninetales|Calm Mind|p1b: Ninetales
|-boost|p1b: Ninetales|spa|1
|-boost|p1b: Ninetales|spd|1
|move|p2a: Azumarill|Belly Drum|p2a: Azumarill
|-damage|p2a: Azumarill|50/100
|-setboost|p2a: Azumarill|atk|6|[from] move: Belly Drum
|-enditem|p2a: Azumarill|Sitrus Berry|[eat]
|-heal|p2a: Azumarill|75/100|[from] item: Sitrus Berry
|
|-weather|SunnyDay|[upkeep]
|upkeep
|turn|2
|inactive|Brummes has 30 seconds left.
|
|t:|1756799677
|move|p2a: Azumarill|Aqua Jet|p1b: Ninetales
|-supereffective|p1b: Ninetales
|-damage|p1b: Ninetales|9/100
|move|p1a: Jumpluff|Sleep Powder|p2a: Azumarill
|-status|p2a: Azumarill|slp|[from] move: Sleep Powder
|move|p1b: Ninetales|Baton Pass|p1b: Ninetales
|
|t:|1756799690
|switch|p1b: Ursaluna|Ursaluna-Bloodmoon, L50, M|100/100|[from] Baton Pass
|move|p2b: Politoed|Ice Beam|p1a: Jumpluff
|-supereffective|p1a: Jumpluff
|-damage|p1a: Jumpluff|8/100
|
|-weather|SunnyDay|[upkeep]
|upkeep
|turn|3
|
|t:|1756799709
|switch|p2b: Clefairy|Clefairy, L50, F|100/100
|-terastallize|p1b: Ursaluna|Normal
|cant|p2a: Azumarill|slp
|move|p1a: Jumpluff|Tailwind|p1a: Jumpluff
|-sidestart|p1: Delacruso|move: Tailwind
|move|p1b: Ursaluna|Hyper Voice|p2a: Azumarill|[spread] p2a,p2b
|-damage|p2a: Azumarill|17/100 slp
|-damage|p2b: Clefairy|33/100
|
|-weather|SunnyDay|[upkeep]
|upkeep
|turn|4
|inactive|Brummes has 30 seconds left.
|
|t:|1756799740
|switch|p2b: Bellibolt|Bellibolt, L50, M|100/100
|cant|p2a: Azumarill|slp
|move|p1a: Jumpluff|Sunny Day||[still]
|-fail|p1a: Jumpluff
|move|p1b: Ursaluna|Hyper Voice|p2a: Azumarill|[spread] p2a,p2b
|-damage|p2a: Azumarill|0 fnt
|-damage|p2b: Bellibolt|51/100
|-start|p2b: Bellibolt|Charge|Hyper Voice|[from] ability: Electromorphosis
|faint|p2a: Azumarill
|
|-weather|SunnyDay|[upkeep]
|upkeep
|
|t:|1756799751
|switch|p2a: Clefairy|Clefairy, L50, F|33/100
|turn|5
|
|t:|1756799765
|-terastallize|p2b: Bellibolt|Electric
|move|p2a: Clefairy|Follow Me|p2a: Clefairy
|-singleturn|p2a: Clefairy|move: Follow Me
|move|p1a: Jumpluff|Sleep Powder|p2a: Clefairy
|-status|p2a: Clefairy|slp|[from] move: Sleep Powder
|move|p1b: Ursaluna|Hyper Voice|p2b: Bellibolt|[spread] p2a,p2b
|-damage|p2a: Clefairy|0 fnt
|-damage|p2b: Bellibolt|10/100
|-start|p2b: Bellibolt|Charge|Hyper Voice|[from] ability: Electromorphosis
|faint|p2a: Clefairy
|move|p2b: Bellibolt|Parabolic Charge|p1a: Jumpluff|[spread] p1a,p1b
|-damage|p1a: Jumpluff|0 fnt
|-heal|p2b: Bellibolt|13/100|[from] drain|[of] p1a: Jumpluff
|-damage|p1b: Ursaluna|63/100
|-heal|p2b: Bellibolt|29/100|[from] drain|[of] p1b: Ursaluna
|faint|p1a: Jumpluff
|-end|p2b: Bellibolt|Charge|[silent]
|
|-weather|none
|upkeep
|
|t:|1756799788
|switch|p1a: Gholdengo|Gholdengo, L50, shiny|100/100
|switch|p2a: Politoed|Politoed, L50, F|100/100
|-weather|RainDance|[from] ability: Drizzle|[of] p2a: Politoed
|turn|6
|
|t:|1756799797
|move|p1a: Gholdengo|Make It Rain|p2b: Bellibolt|[spread] p2a,p2b
|-resisted|p2a: Politoed
|-resisted|p2b: Bellibolt
|-damage|p2a: Politoed|70/100
|-damage|p2b: Bellibolt|8/100
|-unboost|p1a: Gholdengo|spa|1
|-start|p2b: Bellibolt|Charge|Make It Rain|[from] ability: Electromorphosis
|-damage|p1a: Gholdengo|91/100|[from] item: Life Orb
|move|p1b: Ursaluna|Hyper Voice|p2a: Politoed|[spread] p2a,p2b
|-damage|p2a: Politoed|1/100
|-damage|p2b: Bellibolt|0 fnt
|faint|p2b: Bellibolt
|move|p2a: Politoed|Muddy Water|p1a: Gholdengo|[spread] p1a,p1b
|-damage|p1a: Gholdengo|40/100
|-damage|p1b: Ursaluna|38/100
|-unboost|p1a: Gholdengo|accuracy|1
|
|-weather|RainDance|[upkeep]
|-sideend|p1: Delacruso|move: Tailwind
|upkeep
|turn|7
|
|t:|1756799817
|switch|p1a: Ninetales|Ninetales, L50, M|9/100
|-weather|SunnyDay|[from] ability: Drought|[of] p1a: Ninetales
|move|p1b: Ursaluna|Hyper Voice|p2a: Politoed
|-damage|p2a: Politoed|0 fnt
|faint|p2a: Politoed
|
|win|Delacruso
||Brummes is ready for game 2.
||Delacruso is ready for game 2.
|uhtml|next|Next: Game 2 of 3
|l|☆Brummes
|player|p2|
