|j|☆ChrisJHall1
|j|☆Tchoubib
|html|ChrisJHall1Tchoubib    
|uhtml|bestof|Game 1 of a best-of-3
|t:|1756585085
|gametype|doubles
|player|p1|ChrisJHall1|1|1109
|player|p2|Tchoubib|cynthia|1201
|gen|9
|tier|[Gen 9] VGC 2025 Reg H (Bo3)
|rated|
|rule|Species Clause: Limit one of each Pokémon
|rule|Item Clause: Limit 1 of each item
|clearpoke
|poke|p1|Indeedee-F, L50, F|
|poke|p1|Torkoal, L50, M|
|poke|p1|Hatterene, L50, F|
|poke|p1|Ursaluna, L50, M|
|poke|p1|Gallade, L50, M|
|poke|p1|Annihilape, L50, M|
|poke|p2|Sneasler, L50, F|
|poke|p2|Dragapult, L50, M|
|poke|p2|Primarina, L50, F|
|poke|p2|Rillaboom, L50, M|
|poke|p2|Kingambit, L50, M|
|poke|p2|Magmar, L50, F|
|teampreview|4
|showteam|p1|Indeedee-F||RockyHelmet|PsychicSurge|TrickRoom,FollowMe,HelpingHand,Psychic|||F|||50|,,,,,Water]Torkoal||AssaultVest|Drought|Eruption,ClearSmog,HeatWave,WeatherBall|||M|||50|,,,,,Fire]Hatterene||LifeOrb|MagicBounce|ExpandingForce,TrickRoom,MysticalFire,DazzlingGleam|||F|||50|,,,,,Fire]Ursaluna||FlameOrb|Guts|HeadlongRush,Facade,Protect,Earthquake|||M|||50|,,,,,Ghost]Gallade||ClearAmulet|Sharpness|SacredSword,PsychoCut,TrickRoom,WideGuard|||M|||50|,,,,,Grass]Annihilape||ChoiceScarf|Defiant|CloseCombat,FinalGambit,Uturn,PhantomForce|||M|||50|,,,,,Stellar
|showteam|p2|Sneasler||FocusSash|PoisonTouch|CloseCombat,DireClaw,FakeOut,Protect|||F|||50|,,,,,Stellar]Dragapult||ChoiceBand|ClearBody|DragonDarts,TeraBlast,PhantomForce,Uturn|||M|||50|,,,,,Ghost]Primarina||SitrusBerry|LiquidVoice|HyperVoice,Moonblast,Haze,Protect|||F|||50|,,,,,Water]Rillaboom||AssaultVest|GrassySurge|WoodHammer,GrassyGlide,HighHorsepower,FakeOut|||M|||50|,,,,,Fire]Kingambit||BlackGlasses|Defiant|KowtowCleave,SuckerPunch,SwordsDance,Protect|||M|||50|,,,,,Ghost]Magmar||Eviolite|VitalSpirit|Flamethrower,WillOWisp,FollowMe,Protect|||F|||50|,,,,,Ghost
|inactive|Battle timer is ON: inactive players will automatically lose when time's up. (requested by ChrisJHall1)
|inactive|Tchoubib has 60 seconds left.
|
|t:|1756585168
|teamsize|p1|4
|teamsize|p2|4
|start
|switch|p1a: Annihilape|Annihilape, L50, M|100/100
|switch|p1b: Hatterene|Hatterene, L50, F|100/100
|switch|p2a: Dragapult|Dragapult, L50, M|100/100
|switch|p2b: Kingambit|Kingambit, L50, M|100/100
|turn|1
|inactive|ChrisJHall1 has 30 seconds left.
|inactive|Tchoubib has 30 seconds left.
|inactive|ChrisJHall1 has 20 seconds left.
|inactive|ChrisJHall1 has 15 seconds left.
|
|t:|1756585212
|move|p2b: Kingambit|Protect|p2b: Kingambit
|-singleturn|p2b: Kingambit|Protect
|move|p1a: Annihilape|Phantom Force||[still]
|-prepare|p1a: Annihilape|Phantom Force
|move|p2a: Dragapult|U-turn|p1b: Hatterene
|-damage|p1b: Hatterene|64/100
|
|t:|1756585231
|switch|p2a: Rillaboom|Rillaboom, L50, M|100/100|[from] U-turn
|-fieldstart|move: Grassy Terrain|[from] ability: Grassy Surge|[of] p2a: Rillaboom
|move|p1b: Hatterene|Trick Room|p1b: Hatterene
|-fieldstart|move: Trick Room|[of] p1b: Hatterene
|
|-heal|p1b: Hatterene|70/100|[from] Grassy Terrain
|upkeep
|turn|2
|inactive|Tchoubib has 30 seconds left.
|
|t:|1756585260
|move|p1b: Hatterene|Dazzling Gleam|p2a: Rillaboom|[spread] p2a,p2b
|-damage|p2a: Rillaboom|67/100
|-damage|p2b: Kingambit|63/100
|-damage|p1b: Hatterene|60/100|[from] item: Life Orb
|move|p2b: Kingambit|Kowtow Cleave|p1b: Hatterene
|-damage|p1b: Hatterene|4/100
|move|p2a: Rillaboom|Wood Hammer|p1b: Hatterene
|-damage|p1b: Hatterene|0 fnt
|faint|p1b: Hatterene
|-damage|p2a: Rillaboom|66/100|[from] Recoil
|move|p1a: Annihilape|Phantom Force|p2a: Rillaboom|[from] lockedmove
|-damage|p2a: Rillaboom|25/100
|
|-heal|p2b: Kingambit|69/100|[from] Grassy Terrain
|-heal|p2a: Rillaboom|31/100|[from] Grassy Terrain
|upkeep
|
|t:|1756585276
|switch|p1b: Torkoal|Torkoal, L50, M|100/100
|-weather|SunnyDay|[from] ability: Drought|[of] p1b: Torkoal
|turn|3
|inactive|Tchoubib has 30 seconds left.
|
|t:|1756585304
|-terastallize|p2b: Kingambit|Ghost
|move|p2a: Rillaboom|Grassy Glide|p1a: Annihilape
|-damage|p1a: Annihilape|62/100
|move|p1b: Torkoal|Eruption|p2b: Kingambit|[spread] p2a,p2b
|-supereffective|p2a: Rillaboom
|-damage|p2a: Rillaboom|0 fnt
|-damage|p2b: Kingambit|5/100
|faint|p2a: Rillaboom
|move|p2b: Kingambit|Kowtow Cleave|p1b: Torkoal
|-damage|p1b: Torkoal|54/100
|move|p1a: Annihilape|Phantom Force||[still]
|-prepare|p1a: Annihilape|Phantom Force
|
|-weather|SunnyDay|[upkeep]
|-heal|p1b: Torkoal|60/100|[from] Grassy Terrain
|-heal|p2b: Kingambit|11/100|[from] Grassy Terrain
|upkeep
|
|t:|1756585323
|switch|p2a: Primarina|Primarina, L50, F|100/100
|turn|4
|
|t:|1756585339
|move|p2b: Kingambit|Sucker Punch|p1b: Torkoal
|-damage|p1b: Torkoal|22/100
|move|p1b: Torkoal|Heat Wave|p2b: Kingambit|[spread] p2a,p2b
|-resisted|p2a: Primarina
|-damage|p2a: Primarina|81/100
|-damage|p2b: Kingambit|0 fnt
|faint|p2b: Kingambit
|move|p2a: Primarina|Hyper Voice|p1a: Annihilape|[spread] p1b
|-miss|p2a: Primarina|p1a: Annihilape
|-supereffective|p1b: Torkoal
|-damage|p1b: Torkoal|0 fnt
|faint|p1b: Torkoal
|move|p1a: Annihilape|Phantom Force|p2a: Primarina|[from] lockedmove
|-damage|p2a: Primarina|39/100
|-enditem|p2a: Primarina|Sitrus Berry|[eat]
|-heal|p2a: Primarina|64/100|[from] item: Sitrus Berry
|
|-weather|SunnyDay|[upkeep]
|-heal|p2a: Primarina|70/100|[from] Grassy Terrain
|-heal|p1a: Annihilape|68/100|[from] Grassy Terrain
|upkeep
|
|t:|1756585356
|switch|p1b: Gallade|Gallade, L50, M|100/100
|switch|p2b: Dragapult|Dragapult, L50, M|100/100
|turn|5
|
|t:|1756585375
|-terastallize|p1b: Gallade|Grass
|move|p2a: Primarina|Moonblast|p1a: Annihilape
|-supereffective|p1a: Annihilape
|-damage|p1a: Annihilape|0 fnt
|faint|p1a: Annihilape
|move|p1b: Gallade|Psycho Cut|p2a: Primarina
|-damage|p2a: Primarina|12/100
|move|p2b: Dragapult|Phantom Force||[still]
|-prepare|p2b: Dragapult|Phantom Force
|
|-weather|SunnyDay|[upkeep]
|-heal|p2a: Primarina|18/100|[from] Grassy Terrain
|-fieldend|move: Trick Room
|-fieldend|move: Grassy Terrain
|upkeep
|turn|6
|
|t:|1756585393
|move|p2b: Dragapult|Phantom Force|p1b: Gallade|[from] lockedmove
|-damage|p1b: Gallade|12/100
|move|p1b: Gallade|Psycho Cut|p2a: Primarina
|-damage|p2a: Primarina|0 fnt
|faint|p2a: Primarina
|
|-weather|SunnyDay|[upkeep]
|upkeep
|turn|7
|-message|ChrisJHall1 forfeited.
|
|win|Tchoubib
|l|☆ChrisJHall1
|player|p1|
||ChrisJHall1 is ready for game 2.
||Tchoubib is ready for game 2.
|uhtml|next|Next: Game 2 of 3
