|j|☆Zenhmaster
|j|☆guillelona
|html|Zenhmasterguillelona    
|uhtml|bestof|Game 1 of a best-of-3
|t:|1784994145
|gametype|doubles
|player|p1|Zenhmaster|lucas-gen4pt|1125
|player|p2|guillelona|veteran|1216
|gen|9
|tier|[Gen 9 Champions] VGC 2026 Reg M-B (Bo3)
|rated|
|rule|Species Clause: Limit one of each Pokémon
|rule|Item Clause: Limit 1 of each item
|clearpoke
|poke|p1|Gholdengo, L50|
|poke|p1|Garchomp, L50, F|
|poke|p1|Gardevoir, L50, F|
|poke|p1|Kingambit, L50, M|
|poke|p1|Aerodactyl, L50, M|
|poke|p1|Rotom-Wash, L50|
|poke|p2|Vivillon-Tundra, L50, F|
|poke|p2|Mawile, L50, M|
|poke|p2|Torkoal, L50, F|
|poke|p2|Farigiraf, L50, F|
|poke|p2|Garchomp, L50, F|
|poke|p2|Raichu, L50, M|
|teampreview|4
|showteam|p1|Gholdengo||SitrusBerry|GoodasGold|MakeItRain,ShadowBall,Protect,NastyPlot|Modest|||||50|]Garchomp||LifeOrb|RoughSkin|Earthquake,DragonClaw,RockSlide,Protect|Jolly||F|||50|]Gardevoir||Gardevoirite|Telepathy|HyperVoice,EnergyBall,TrickRoom,Protect|Modest||F|||50|]Kingambit||ChopleBerry|Defiant|KowtowCleave,IronHead,SuckerPunch,BrickBreak|Adamant||M|||50|]Aerodactyl||FocusSash|Unnerve|RockSlide,Tailwind,DualWingbeat,WideGuard|Jolly||M|||50|]Rotom-Wash||ChoiceScarf|Levitate|Thunderbolt,HydroPump,WillOWisp,Protect|Modest|||||50|
|showteam|p2|Vivillon-Tundra||FocusSash|CompoundEyes|Hurricane,SleepPowder,RagePowder,Protect|Timid||F|||50|]Mawile||Mawilite|Intimidate|PlayRough,RockSlide,SuckerPunch,Protect|Adamant||M|||50|]Torkoal||Charcoal|Drought|Eruption,WeatherBall,Protect,EarthPower|Quiet||F|||50|]Farigiraf||SitrusBerry|ArmorTail|Psychic,Thunderbolt,TrickRoom,HelpingHand|Relaxed||F|||50|]Garchomp||LifeOrb|RoughSkin|DragonClaw,Earthquake,RockSlide,Protect|Jolly||F|||50|]Raichu||RaichuniteY|LightningRod|ZapCannon,FocusBlast,FakeOut,Protect|Timid||M|||50|
|inactive|Battle timer is ON: inactive players will automatically lose when time's up. (requested by Zenhmaster)
|
|t:|1784994222
|teamsize|p1|4
|teamsize|p2|4
|start
|switch|p1a: Gardevoir|Gardevoir, L50, F|100/100
|switch|p1b: Kingambit|Kingambit, L50, M|100/100
|switch|p2a: Raichu|Raichu, L50, M|100/100
|switch|p2b: Garchomp|Garchomp, L50, F|100/100
|turn|1
|inactive|Zenhmaster has 30 seconds left.
|
|t:|1784994257
|detailschange|p1a: Gardevoir|Gardevoir-Mega, L50, F
|-mega|p1a: Gardevoir|Gardevoir|Gardevoirite
|move|p2a: Raichu|Protect|p2a: Raichu
|-singleturn|p2a: Raichu|Protect
|move|p1b: Kingambit|Sucker Punch||[still]
|-fail|p1b: Kingambit
|move|p2b: Garchomp|Earthquake|p1a: Gardevoir|[spread] p1a,p1b
|-activate|p2a: Raichu|move: Protect
|-supereffective|p1b: Kingambit|1
|-damage|p1a: Gardevoir|35/100
|-damage|p1b: Kingambit|30/100
|-damage|p2b: Garchomp|90/100|[from] item: Life Orb
|move|p1a: Gardevoir|Trick Room|p1a: Gardevoir
|-fieldstart|move: Trick Room|[of] p1a: Gardevoir
|
|upkeep
|turn|2
|inactive|guillelona has 30 seconds left.
|
|t:|1784994282
|detailschange|p2a: Raichu|Raichu-Mega-Y, L50, M
|-mega|p2a: Raichu|Raichu|Raichunite Y
|move|p1b: Kingambit|Kowtow Cleave|p2a: Raichu
|-crit|p2a: Raichu
|-damage|p2a: Raichu|0 fnt
|faint|p2a: Raichu
|move|p1a: Gardevoir|Hyper Voice|p2b: Garchomp
|-supereffective|p2b: Garchomp|1
|-damage|p2b: Garchomp|0 fnt
|faint|p2b: Garchomp
|
|upkeep
|
|t:|1784994289
|switch|p2b: Torkoal|Torkoal, L50, F|100/100
|switch|p2a: Farigiraf|Farigiraf, L50, F|100/100
|-weather|SunnyDay|[from] ability: Drought|[of] p2b: Torkoal
|turn|3
|
|t:|1784994307
|move|p2a: Farigiraf|Helping Hand|p2b: Torkoal
|-singleturn|p2b: Torkoal|Helping Hand|[of] p2a: Farigiraf
|move|p2b: Torkoal|Eruption|p1a: Gardevoir|[spread] p1a,p1b
|-supereffective|p1b: Kingambit|1
|-damage|p1a: Gardevoir|0 fnt
|-damage|p1b: Kingambit|0 fnt
|faint|p1a: Gardevoir
|faint|p1b: Kingambit
|
|-weather|SunnyDay|[upkeep]
|upkeep
|
|t:|1784994321
|switch|p1b: Gholdengo|Gholdengo, L50|100/100
|switch|p1a: Garchomp|Garchomp, L50, F|100/100
|turn|4
|
|t:|1784994341
|move|p2b: Torkoal|Protect|p2b: Torkoal
|-singleturn|p2b: Torkoal|Protect
|move|p1b: Gholdengo|Protect|p1b: Gholdengo
|-singleturn|p1b: Gholdengo|Protect
|move|p1a: Garchomp|Protect|p1a: Garchomp
|-singleturn|p1a: Garchomp|Protect
|move|p2a: Farigiraf|Psychic|p1a: Garchomp
|-activate|p1a: Garchomp|move: Protect
|
|-weather|SunnyDay|[upkeep]
|upkeep
|turn|5
|
|t:|1784994361
|move|p2b: Torkoal|Eruption|p1a: Garchomp|[spread] p1a,p1b
|-resisted|p1a: Garchomp|1
|-supereffective|p1b: Gholdengo|1
|-damage|p1a: Garchomp|52/100
|-damage|p1b: Gholdengo|0 fnt
|faint|p1b: Gholdengo
|move|p2a: Farigiraf|Psychic|p1a: Garchomp
|-damage|p1a: Garchomp|14/100
|move|p1a: Garchomp|Rock Slide|p2b: Torkoal|[spread] p2a,p2b
|-supereffective|p2b: Torkoal|1
|-damage|p2a: Farigiraf|81/100
|-damage|p2b: Torkoal|64/100
|-damage|p1a: Garchomp|4/100|[from] item: Life Orb
|
|-weather|SunnyDay|[upkeep]
|-fieldend|move: Trick Room
|upkeep
|turn|6
|
|t:|1784994376
|move|p1a: Garchomp|Earthquake|p2a: Farigiraf|[spread] p2a,p2b
|-supereffective|p2b: Torkoal|1
|-damage|p2a: Farigiraf|42/100
|-damage|p2b: Torkoal|0 fnt
|-enditem|p2a: Farigiraf|Sitrus Berry|[eat]
|-heal|p2a: Farigiraf|67/100|[from] item: Sitrus Berry
|faint|p2b: Torkoal
|-damage|p1a: Garchomp|0 fnt|[from] item: Life Orb
|faint|p1a: Garchomp
|
|win|guillelona
|l|☆guillelona
|player|p2|
|inactive|Zenhmaster has 30 seconds to confirm battle start!
|inactive|guillelona has 30 seconds to confirm battle start!
|l|☆Zenhmaster
|player|p1|
||guillelona is ready for game 2.
||Zenhmaster is ready for game 2.
|uhtml|next|Next: Game 2 of 3
|j|☆guillelona
|player|p2|guillelona|veteran|
