|j|☆PreparationHHH
|j|☆lol lol lol blue
|html|PreparationHHHlol lol lol blue    
|uhtml|bestof|Game 1 of a best-of-3
|t:|1757853453
|gametype|doubles
|player|p1|PreparationHHH|zinzolin|1086
|player|p2|lol lol lol blue|gentleman-gen4|1142
|gen|9
|tier|[Gen 9] VGC 2025 Reg H (Bo3)
|rated|
|rule|Species Clause: Limit one of each Pokémon
|rule|Item Clause: Limit 1 of each item
|clearpoke
|poke|p1|Toedscruel, L50, F|
|poke|p1|Weezing-Galar, L50, F|
|poke|p1|Pelipper, L50, M|
|poke|p1|Archaludon, L50, F|
|poke|p1|Comfey, L50, M|
|poke|p1|Kingdra, L50, M|
|poke|p2|Gholdengo, L50|
|poke|p2|Magmar, L50, F|
|poke|p2|Dragonite, L50, M|
|poke|p2|Sneasler, L50, M|
|poke|p2|Ursaluna-Bloodmoon, L50, M|
|poke|p2|Farigiraf, L50, M|
|teampreview|4
|showteam|p1|Toedscruel||CovertCloak|MyceliumMight|Spore,BulletSeed,Protect,EarthPower|||F|||50|,,,,,Water]Weezing-Galar||SitrusBerry|NeutralizingGas|Taunt,SludgeBomb,Protect,DazzlingGleam|||F|||50|,,,,,Ghost]Pelipper||ChoiceScarf|Drizzle|WeatherBall,Hurricane,Tailwind,Uturn|||M|||50|,,,,,Ghost]Archaludon||AssaultVest|Stamina|ElectroShot,Snarl,BodyPress,FlashCannon|||F|||50|,,,,,Grass]Comfey||SafetyGoggles|Triage|DrainingKiss,FloralHealing,LightScreen,Protect|||M|||50|,,,,,Steel]Kingdra||LifeOrb|SwiftSwim|WeatherBall,Surf,DracoMeteor,Protect|||M|||50|,,,,,Steel
|showteam|p2|Gholdengo||ChoiceScarf|GoodasGold|MakeItRain,ShadowBall,Trick,TeraBlast||||||50|,,,,,Water]Magmar||Eviolite|VitalSpirit|FollowMe,Protect,Flamethrower,WillOWisp|||F|||50|,,,,,Fairy]Dragonite||LoadedDice|Multiscale|ScaleShot,Protect,Tailwind,Haze|||M|||50|,,,,,Fairy]Sneasler||FocusSash|Unburden|ThroatChop,DireClaw,CloseCombat,Protect|||M|||50|,,,,,Stellar]Ursaluna-Bloodmoon||LifeOrb|MindsEye|BloodMoon,Protect,EarthPower,HyperVoice|||M|||50|,,,,,Normal]Farigiraf||SitrusBerry|ArmorTail|TrickRoom,HelpingHand,Psychic,Protect|||M|||50|,,,,,Water
|
|t:|1757853550
|teamsize|p1|4
|teamsize|p2|4
|start
|switch|p1a: Pelipper|Pelipper, L50, M|100/100
|switch|p1b: Kingdra|Kingdra, L50, M|100/100
|switch|p2a: Sneasler|Sneasler, L50, M|100/100
|switch|p2b: Gholdengo|Gholdengo, L50|100/100
|-weather|RainDance|[from] ability: Drizzle|[of] p1a: Pelipper
|turn|1
|
|t:|1757853584
|-terastallize|p2b: Gholdengo|Water
|move|p2a: Sneasler|Protect|p2a: Sneasler
|-singleturn|p2a: Sneasler|Protect
|move|p1b: Kingdra|Weather Ball|p2b: Gholdengo
|-resisted|p2b: Gholdengo
|-damage|p2b: Gholdengo|51/100
|-damage|p1b: Kingdra|91/100|[from] item: Life Orb
|move|p2b: Gholdengo|Shadow Ball|p1b: Kingdra
|-damage|p1b: Kingdra|45/100
|move|p1a: Pelipper|Weather Ball|p2b: Gholdengo
|-resisted|p2b: Gholdengo
|-damage|p2b: Gholdengo|13/100
|
|-weather|RainDance|[upkeep]
|upkeep
|turn|2
|
|t:|1757853611
|switch|p1a: Archaludon|Archaludon, L50, F|100/100
|move|p1b: Kingdra|Surf|p2b: Gholdengo|[spread] p1a,p2a,p2b
|-resisted|p1a: Archaludon
|-resisted|p2b: Gholdengo
|-damage|p1a: Archaludon|83/100
|-damage|p2a: Sneasler|18/100
|-damage|p2b: Gholdengo|0 fnt
|-ability|p1a: Archaludon|Stamina|boost
|-boost|p1a: Archaludon|def|1
|faint|p2b: Gholdengo
|-damage|p1b: Kingdra|35/100|[from] item: Life Orb
|move|p2a: Sneasler|Dire Claw|p1b: Kingdra
|-damage|p1b: Kingdra|0 fnt
|faint|p1b: Kingdra
|
|-weather|RainDance|[upkeep]
|upkeep
|
|t:|1757853626
|switch|p2b: Dragonita|Dragonite, L50, M|100/100
|switch|p1b: Pelipper|Pelipper, L50, M|100/100
|turn|3
|
|t:|1757853640
|move|p1b: Pelipper|Hurricane|p2a: Sneasler
|-supereffective|p2a: Sneasler
|-damage|p2a: Sneasler|0 fnt
|faint|p2a: Sneasler
|move|p2b: Dragonita|Scale Shot|p1b: Pelipper
|-damage|p1b: Pelipper|81/100
|-damage|p1b: Pelipper|60/100
|-damage|p1b: Pelipper|40/100
|-damage|p1b: Pelipper|20/100
|-hitcount|p1b: Pelipper|4
|-unboost|p2b: Dragonita|def|1
|-boost|p2b: Dragonita|spe|1
|move|p1a: Archaludon|Electro Shot||[still]
|-prepare|p1a: Archaludon|Electro Shot
|-boost|p1a: Archaludon|spa|1
|-anim|p1a: Archaludon|Electro Shot|p2b: Dragonita
|-damage|p2b: Dragonita|69/100
|
|-weather|RainDance|[upkeep]
|upkeep
|
|t:|1757853651
|switch|p2a: Magmar|Magmar, L50, F, shiny|100/100
|turn|4
|
|t:|1757853684
|switch|p1b: Comfey|Comfey, L50, M|100/100
|move|p2a: Magmar|Follow Me|p2a: Magmar
|-singleturn|p2a: Magmar|move: Follow Me
|move|p2b: Dragonita|Scale Shot|p1b: Comfey
|-immune|p1b: Comfey
|move|p1a: Archaludon|Electro Shot||[still]
|-prepare|p1a: Archaludon|Electro Shot
|-boost|p1a: Archaludon|spa|1
|-anim|p1a: Archaludon|Electro Shot|p2a: Magmar
|-damage|p2a: Magmar|44/100
|
|-weather|RainDance|[upkeep]
|upkeep
|turn|5
|
|t:|1757853704
|move|p1b: Comfey|Draining Kiss|p2b: Dragonita
|-supereffective|p2b: Dragonita
|-damage|p2b: Dragonita|39/100
|move|p2b: Dragonita|Haze|p2b: Dragonita
|-clearallboost
|move|p1a: Archaludon|Electro Shot||[still]
|-prepare|p1a: Archaludon|Electro Shot
|-boost|p1a: Archaludon|spa|1
|-anim|p1a: Archaludon|Electro Shot|p2a: Magmar
|-damage|p2a: Magmar|0 fnt
|faint|p2a: Magmar
|
|-weather|none
|upkeep
|turn|6
|
|t:|1757853720
|move|p1b: Comfey|Draining Kiss|p2b: Dragonita
|-supereffective|p2b: Dragonita
|-damage|p2b: Dragonita|7/100
|move|p2b: Dragonita|Scale Shot|p1a: Archaludon|[miss]
|-miss|p2b: Dragonita|p1a: Archaludon
|move|p1a: Archaludon|Flash Cannon|p2b: Dragonita
|-damage|p2b: Dragonita|0 fnt
|faint|p2b: Dragonita
|
|win|PreparationHHH
||lol lol lol blue is ready for game 2.
||PreparationHHH is ready for game 2.
|uhtml|next|Next: Game 2 of 3
