|j|☆watzapwitu
|j|☆Delacruso
|html|watzapwituDelacruso    
|uhtml|bestof|Game 2 of a best-of-3
|t:|1783441937
|gametype|doubles
|player|p1|watzapwitu|102|1051
|player|p2|Delacruso|red|1037
|gen|9
|tier|[Gen 9 Champions] VGC 2026 Reg M-B (Bo3)
|rated|
|rule|Species Clause: Limit one of each Pokémon
|rule|Item Clause: Limit 1 of each item
|clearpoke
|poke|p1|Oranguru, L50, M|
|poke|p1|Primarina, L50, M|
|poke|p1|Bellibolt, L50, M|
|poke|p1|Farigiraf, L50, F, shiny|
|poke|p1|Golurk, L50|
|poke|p1|Drampa, L50, F, shiny|
|poke|p2|Swampert, L50, M|
|poke|p2|Grimmsnarl, L50, M, shiny|
|poke|p2|Archaludon, L50, F|
|poke|p2|Pelipper, L50, F|
|poke|p2|Sinistcha, L50|
|poke|p2|Staraptor, L50, M, shiny|
|teampreview|4
|showteam|p1|Oranguru||ColburBerry|Telepathy|Psychic,TrickRoom,Instruct,Protect|Quiet||M|||50|]Primarina||LifeOrb|LiquidVoice|HyperVoice,Moonblast,EnergyBall,Protect|Quiet||M|||50|]Bellibolt||Leftovers|Electromorphosis|Discharge,ParabolicCharge,Soak,Protect|Quiet||M|||50|]Farigiraf||SitrusBerry|ArmorTail|PsychicFangs,Thunderbolt,TrickRoom,HelpingHand|Relaxed||F|||50|]Golurk||Golurkite|IronFist|Earthquake,Poltergeist,IcePunch,Protect|Brave|||||50|]Drampa||Drampanite|CloudNine|HyperVoice,EarthPower,DragonPulse,Protect|Serious||F|||50|
|showteam|p2|Swampert||Swampertite|Damp|WaveCrash,Earthquake,IcePunch,Protect|Adamant||M|||50|]Grimmsnarl||LightClay|Prankster|FoulPlay,PartingShot,LightScreen,Reflect|Careful||M|||50|]Archaludon||Leftovers|Stamina|ElectroShot,DragonPulse,FlashCannon,Protect|Modest||F|||50|]Pelipper||FocusSash|Drizzle|Hurricane,WeatherBall,Tailwind,WideGuard|Modest||F|||50|]Sinistcha||SitrusBerry|Hospitality|MatchaGotcha,RagePowder,Protect,TrickRoom|Serious|||||50|]Staraptor||Staraptite|Intimidate|CloseCombat,BraveBird,Roost,Protect|Adamant||M|||50|
|inactive|Battle timer is ON: inactive players will automatically lose when time's up. (requested by Delacruso)
|inactive|watzapwitu has 60 seconds left.
|inactive|Delacruso has 60 seconds left.
|
|t:|1783441993
|teamsize|p1|4
|teamsize|p2|4
|start
|switch|p1a: Drampa|Drampa, L50, F, shiny|100/100
|switch|p1b: Farigiraf|Farigiraf, L50, F, shiny|100/100
|switch|p2a: Pelipper|Pelipper, L50, F|100/100
|switch|p2b: Swampert|Swampert, L50, M|100/100
|-weather|RainDance|[from] ability: Drizzle|[of] p2a: Pelipper
|-ability|p1a: Drampa|Cloud Nine
|turn|1
|inactive|Delacruso has 30 seconds left.
|inactive|Delacruso has 20 seconds left.
|
|t:|1783442032
|detailschange|p2b: Swampert|Swampert-Mega, L50, M
|-mega|p2b: Swampert|Swampert|Swampertite
|move|p2b: Swampert|Earthquake|p1b: Farigiraf|[spread] p1a,p1b
|-immune|p2a: Pelipper
|-damage|p1a: Drampa|46/100
|-damage|p1b: Farigiraf|61/100
|move|p2a: Pelipper|Hurricane|p1b: Farigiraf
|-damage|p1b: Farigiraf|20/100y
|-enditem|p1b: Farigiraf|Sitrus Berry|[eat]
|-heal|p1b: Farigiraf|44/100|[from] item: Sitrus Berry
|move|p1a: Drampa|Dragon Pulse|p2b: Swampert
|-damage|p2b: Swampert|55/100
|move|p1b: Farigiraf|Trick Room|p1b: Farigiraf
|-fieldstart|move: Trick Room|[of] p1b: Farigiraf
|
|-weather|RainDance|[upkeep]
|upkeep
|turn|2
|inactive|watzapwitu has 30 seconds left.
|inactive|Delacruso has 30 seconds left.
|inactive|Delacruso has 20 seconds left.
|
|t:|1783442068
|switch|p2a: Sinistcha|Sinistcha, L50|100/100
|-heal|p2b: Swampert|80/100|[from] ability: Hospitality|[of] p2a: Sinistcha
|move|p1b: Farigiraf|Helping Hand|p1a: Drampa
|-singleturn|p1a: Drampa|Helping Hand|[of] p1b: Farigiraf
|move|p1a: Drampa|Hyper Voice|p2b: Swampert|[spread] p2b
|-immune|p2a: Sinistcha
|-damage|p2b: Swampert|27/100
|move|p2b: Swampert|Earthquake|p1a: Drampa|[spread] p2a,p1a,p1b
|-resisted|p2a: Sinistcha|1
|-damage|p2a: Sinistcha|79/100
|-damage|p1a: Drampa|0 fnt
|-damage|p1b: Farigiraf|3/100
|faint|p1a: Drampa
|
|-weather|RainDance|[upkeep]
|upkeep
|
|t:|1783442084
|switch|p1a: Primarina|Primarina, L50, M|100/100
|turn|3
|inactive|Delacruso has 30 seconds left.
|
|t:|1783442110
|move|p1b: Farigiraf|Helping Hand|p1a: Primarina
|-singleturn|p1a: Primarina|Helping Hand|[of] p1b: Farigiraf
|move|p2b: Swampert|Protect|p2b: Swampert
|-singleturn|p2b: Swampert|Protect
|move|p1a: Primarina|Moonblast|p2a: Sinistcha
|-damage|p2a: Sinistcha|0 fnt
|faint|p2a: Sinistcha
|-damage|p1a: Primarina|90/100|[from] item: Life Orb
|
|-weather|RainDance|[upkeep]
|upkeep
|
|t:|1783442125
|switch|p2a: Archaludon|Archaludon, L50, F|100/100
|turn|4
|
|t:|1783442149
|switch|p2b: Pelipper|Pelipper, L50, F|100/100
|move|p1b: Farigiraf|Helping Hand|p1a: Primarina
|-singleturn|p1a: Primarina|Helping Hand|[of] p1b: Farigiraf
|move|p1a: Primarina|Hyper Voice|p2b: Pelipper|[spread] p2a,p2b
|-resisted|p2a: Archaludon|1
|-resisted|p2b: Pelipper|1
|-damage|p2a: Archaludon|40/100
|-damage|p2b: Pelipper|1/100
|-ability|p2a: Archaludon|Stamina|boost
|-boost|p2a: Archaludon|def|1
|-damage|p1a: Primarina|80/100|[from] item: Life Orb
|move|p2a: Archaludon|Flash Cannon|p1a: Primarina
|-damage|p1a: Primarina|48/100
|-unboost|p1a: Primarina|spd|1
|
|-weather|RainDance|[upkeep]
|-heal|p2a: Archaludon|46/100|[from] item: Leftovers
|upkeep
|turn|5
|inactive|watzapwitu has 30 seconds left.
|inactive|Delacruso has 30 seconds left.
|
|t:|1783442180
|move|p2a: Archaludon|Protect|p2a: Archaludon
|-singleturn|p2a: Archaludon|Protect
|move|p1a: Primarina|Moonblast|p2a: Archaludon
|-activate|p2a: Archaludon|move: Protect
|move|p1b: Farigiraf|Psychic Fangs|p2b: Pelipper
|-damage|p2b: Pelipper|0 fnt
|faint|p2b: Pelipper
|
|-weather|none
|-heal|p2a: Archaludon|52/100|[from] item: Leftovers
|-fieldend|move: Trick Room
|upkeep
|
|t:|1783442190
|switch|p2b: Swampert|Swampert-Mega, L50, M|27/100
|turn|6
|inactive|Delacruso has 30 seconds left.
|
|t:|1783442219
|move|p1a: Primarina|Protect|p1a: Primarina
|-singleturn|p1a: Primarina|Protect
|move|p2b: Swampert|Ice Punch|p1b: Farigiraf
|-damage|p1b: Farigiraf|0 fnt
|faint|p1b: Farigiraf
|move|p2a: Archaludon|Flash Cannon|p1a: Primarina
|-activate|p1a: Primarina|move: Protect
|
|-heal|p2a: Archaludon|58/100|[from] item: Leftovers
|upkeep
|
|t:|1783442226
|switch|p1b: Golurk|Golurk, L50|100/100
|turn|7
|
|t:|1783442238
|detailschange|p1b: Golurk|Golurk-Mega, L50
|-mega|p1b: Golurk|Golurk|Golurkite
|move|p2b: Swampert|Wave Crash|p1b: Golurk
|-supereffective|p1b: Golurk|1
|-damage|p1b: Golurk|0 fnt
|faint|p1b: Golurk
|-damage|p2b: Swampert|0 fnt|[from] Recoil
|faint|p2b: Swampert
|move|p2a: Archaludon|Flash Cannon|p1a: Primarina
|-damage|p1a: Primarina|0 fnt
|faint|p1a: Primarina
|
|win|Delacruso
|raw|watzapwitu's rating: 1051 → 1033(-18 for losing)
|raw|Delacruso's rating: 1037 → 1073(+36 for winning)
|l|☆watzapwitu
|player|p1|
