|j|☆F14B TOMCAT
|j|☆bruinbroker01
|html|F14B TOMCATbruinbroker01    
|uhtml|bestof|Game 2 of a best-of-3
|t:|1756407051
|gametype|doubles
|player|p1|F14B TOMCAT|169|1080
|player|p2|bruinbroker01|2|1059
|gen|9
|tier|[Gen 9] VGC 2025 Reg H (Bo3)
|rated|
|rule|Species Clause: Limit one of each Pokémon
|rule|Item Clause: Limit 1 of each item
|clearpoke
|poke|p1|Ursaluna-Bloodmoon, L50, M|
|poke|p1|Gholdengo, L50|
|poke|p1|Amoonguss, L50, M|
|poke|p1|Incineroar, L50, M|
|poke|p1|Dragapult, L50, M|
|poke|p1|Sneasler, L50, F|
|poke|p2|Primarina, L50, M|
|poke|p2|Sylveon, L50, F|
|poke|p2|Indeedee, L50, M|
|poke|p2|Meowscarada, L50, F|
|poke|p2|Sneasler, L50, M|
|poke|p2|Decidueye-Hisui, L50, F|
|teampreview|4
|showteam|p1|Ursaluna-Bloodmoon||AssaultVest|MindsEye|BloodMoon,HyperVoice,EarthPower,VacuumWave|||M|||50|,,,,,Normal]Gholdengo||MetalCoat|GoodasGold|MakeItRain,ShadowBall,NastyPlot,Protect||||||50|,,,,,Water]Amoonguss||CovertCloak|Regenerator|Spore,RagePowder,PollenPuff,SludgeBomb|||M|||50|,,,,,Water]Incineroar||SafetyGoggles|Intimidate|KnockOff,FakeOut,PartingShot,FlareBlitz|||M|||50|,,,,,Ghost]Dragapult||ChoiceBand|ClearBody|DragonDarts,TeraBlast,PhantomForce,Uturn|||M|||50|,,,,,Ghost]Sneasler||FocusSash|PoisonTouch|CloseCombat,DireClaw,ThroatChop,FakeOut|||F|||50|,,,,,Dark
|showteam|p2|Primarina||LifeOrb|LiquidVoice|WaterPledge,HyperVoice,Moonblast,Protect|||M|||50|,,,,,Steel]Sylveon||ChoiceSpecs|Pixilate|HyperVoice,ShadowBall,HyperBeam,Psychic|||F|||50|,,,,,Ghost]Indeedee||SafetyGoggles|PsychicSurge|ExpandingForce,TeraBlast,TrickRoom,Imprison|||M|||50|,,,,,Fire]Meowscarada||FocusSash|Overgrow|KnockOff,FlowerTrick,Protect,GrassPledge|||F|||50|,,,,,Fairy]Sneasler||PsychicSeed|Unburden|DireClaw,Acrobatics,CloseCombat,Protect|||M|||50|,,,,,Grass]Decidueye-Hisui||RazorClaw|Scrappy|TripleArrows,Haze,LeafBlade,Protect|||F|||50|,,,,,Fire
|
|t:|1756407072
|teamsize|p1|4
|teamsize|p2|4
|start
|switch|p1a: Gholdengo|Gholdengo, L50|100/100
|switch|p1b: Incineroar|Incineroar, L50, M|100/100
|switch|p2a: Primarina|Primarina, L50, M, shiny|100/100
|switch|p2b: Meowscarada|Meowscarada, L50, F, shiny|100/100
|-ability|p1b: Incineroar|Intimidate|boost
|-unboost|p2a: Primarina|atk|1
|-unboost|p2b: Meowscarada|atk|1
|turn|1
|inactive|Battle timer is ON: inactive players will automatically lose when time's up. (requested by F14B TOMCAT)
|inactive|F14B TOMCAT has 60 seconds left.
|
|t:|1756407108
|-terastallize|p2a: Primarina|Steel
|move|p2b: Meowscarada|Protect|p2b: Meowscarada
|-singleturn|p2b: Meowscarada|Protect
|move|p1b: Incineroar|Fake Out|p2b: Meowscarada
|-activate|p2b: Meowscarada|move: Protect
|move|p1a: Gholdengo|Nasty Plot|p1a: Gholdengo
|-boost|p1a: Gholdengo|spa|2
|move|p2a: Primarina|Moonblast|p1b: Incineroar
|-damage|p1b: Incineroar|44/100
|-damage|p2a: Primarina|91/100|[from] item: Life Orb
|
|upkeep
|turn|2
|inactive|F14B TOMCAT has 30 seconds left.
|
|t:|1756407140
|move|p2b: Meowscarada|Grass Pledge|p1b: Incineroar
|-waiting|p2b: Meowscarada|p2a: Primarina
|move|p2a: Primarina|Water Pledge|p1b: Incineroar|[from] move: Grass Pledge
|-combine
|-resisted|p1b: Incineroar
|-damage|p1b: Incineroar|0 fnt
|-sidestart|p1: F14B TOMCAT|Grass Pledge
|faint|p1b: Incineroar
|-damage|p2a: Primarina|82/100|[from] item: Life Orb
|move|p1a: Gholdengo|Shadow Ball|p2a: Primarina
|-damage|p2a: Primarina|2/100
|-unboost|p2a: Primarina|spd|1
|
|upkeep
|
|t:|1756407152
|switch|p1b: Sneasler|Sneasler, L50, F|100/100
|turn|3
|
|t:|1756407167
|move|p1b: Sneasler|Fake Out|p2b: Meowscarada
|-damage|p2b: Meowscarada|77/100
|-status|p2b: Meowscarada|psn|[from] ability: Poison Touch|[of] p1b: Sneasler
|cant|p2b: Meowscarada|flinch
|move|p2a: Primarina|Hyper Voice|p1b: Sneasler|[spread] p1a,p1b
|-damage|p1a: Gholdengo|51/100
|-damage|p1b: Sneasler|37/100
|-damage|p2a: Primarina|0 fnt|[from] item: Life Orb
|faint|p2a: Primarina
|move|p1a: Gholdengo|Make It Rain|p2b: Meowscarada
|-damage|p2b: Meowscarada|0 fnt
|-unboost|p1a: Gholdengo|spa|1
|faint|p2b: Meowscarada
|
|upkeep
|
|t:|1756407182
|switch|p2b: Decidueye|Decidueye-Hisui, L50, F, shiny|100/100
|switch|p2a: Indeedee|Indeedee, L50, M, shiny|100/100
|-fieldstart|move: Psychic Terrain|[from] ability: Psychic Surge|[of] p2a: Indeedee
|turn|4
|
|t:|1756407197
|move|p1a: Gholdengo|Protect|p1a: Gholdengo
|-singleturn|p1a: Gholdengo|Protect
|move|p2a: Indeedee|Expanding Force|p1b: Sneasler|[spread] p1b
|-activate|p1a: Gholdengo|move: Protect
|-supereffective|p1b: Sneasler
|-damage|p1b: Sneasler|0 fnt
|faint|p1b: Sneasler
|move|p2b: Decidueye|Triple Arrows|p1a: Gholdengo
|-activate|p1a: Gholdengo|move: Protect
|
|upkeep
|
|t:|1756407210
|switch|p1b: Ursaluna|Ursaluna-Bloodmoon, L50, M|100/100
|turn|5
|
|t:|1756407220
|-terastallize|p1b: Ursaluna|Normal
|move|p1a: Gholdengo|Protect||[still]
|-fail|p1a: Gholdengo
|move|p2a: Indeedee|Expanding Force|p1b: Ursaluna|[spread] p1a,p1b
|-resisted|p1a: Gholdengo
|-damage|p1a: Gholdengo|24/100
|-damage|p1b: Ursaluna|68/100
|move|p2b: Decidueye|Triple Arrows|p1a: Gholdengo
|-supereffective|p1a: Gholdengo
|-crit|p1a: Gholdengo
|-damage|p1a: Gholdengo|0 fnt
|faint|p1a: Gholdengo
|move|p1b: Ursaluna|Hyper Voice|p2b: Decidueye|[spread] p2a,p2b
|-damage|p2a: Indeedee|32/100
|-damage|p2b: Decidueye|44/100
|
|-sideend|p1: F14B TOMCAT|Grass Pledge
|upkeep
|turn|6
|inactive|bruinbroker01 has 30 seconds left.
|inactive|bruinbroker01 has 20 seconds left.
|
|t:|1756407255
|move|p2a: Indeedee|Expanding Force|p1b: Ursaluna
|-damage|p1b: Ursaluna|16/100
|move|p2b: Decidueye|Triple Arrows|p1b: Ursaluna
|-supereffective|p1b: Ursaluna
|-crit|p1b: Ursaluna
|-damage|p1b: Ursaluna|0 fnt
|faint|p1b: Ursaluna
|
|win|bruinbroker01
|raw|F14B TOMCAT's rating: 1080 → 1057(-23 for losing)
|raw|bruinbroker01's rating: 1059 → 1092(+33 for winning)
|l|☆F14B TOMCAT
|player|p1|
|j|☆F14B TOMCAT
|player|p1|F14B TOMCAT|169|
|l|☆F14B TOMCAT
|player|p1|
