|j|☆archebol
|j|☆Truevillany123
|html|archebolTruevillany123    
|uhtml|bestof|Game 1 of a best-of-3
|t:|1757727705
|gametype|doubles
|player|p1|archebol|1|1147
|player|p2|Truevillany123|266|1124
|gen|9
|tier|[Gen 9] VGC 2025 Reg H (Bo3)
|rated|
|rule|Species Clause: Limit one of each Pokémon
|rule|Item Clause: Limit 1 of each item
|clearpoke
|poke|p1|Gholdengo, L50|
|poke|p1|Rillaboom, L50, F|
|poke|p1|Ninetales-Alola, L50, F|
|poke|p1|Dragonite, L50, F|
|poke|p1|Annihilape, L50, F|
|poke|p1|Ursaluna-Bloodmoon, L50, M|
|poke|p2|Dragonite, L50, F|
|poke|p2|Ursaluna-Bloodmoon, L50, M|
|poke|p2|Gholdengo, L50|
|poke|p2|Annihilape, L50, F|
|poke|p2|Ninetales-Alola, L50, M|
|poke|p2|Rillaboom, L50, F|
|teampreview|4
|showteam|p1|Gholdengo||LifeOrb|GoodasGold|MakeItRain,ShadowBall,Protect,NastyPlot||||||50|,,,,,Water]Rillaboom||MiracleSeed|GrassySurge|WoodHammer,FakeOut,GrassyGlide,HighHorsepower|||F|||50|,,,,,Fire]Ninetales-Alola||LightClay|SnowWarning|IcicleSpear,Blizzard,AuroraVeil,IcyWind|||F|||50|,,,,,Ghost]Dragonite||LoadedDice|Multiscale|ScaleShot,Tailwind,Protect,Haze|||F|||50|,,,,,Fairy]Annihilape||SafetyGoggles|Defiant|DrainPunch,RageFist,Protect,BulkUp|||F|||50|,,,,,Fire]Ursaluna-Bloodmoon||AssaultVest|MindsEye|BloodMoon,EarthPower,HyperVoice,VacuumWave|||M|||50|,,,,,Water
|showteam|p2|Dragonite||LoadedDice|Multiscale|ScaleShot,Protect,Haze,Tailwind|||F|||50|,,,,,Fairy]Ursaluna-Bloodmoon||LifeOrb|MindsEye|BloodMoon,HyperVoice,EarthPower,Protect|||M|||50|,,,,,Normal]Gholdengo||ChoiceSpecs|GoodasGold|MakeItRain,ShadowBall,Protect,NastyPlot||||||50|,,,,,Water]Annihilape||SafetyGoggles|Defiant|DrainPunch,RageFist,Protect,BulkUp|||F|||50|,,,,,Fire]Ninetales-Alola||FocusSash|SnowWarning|FreezeDry,AuroraVeil,Encore,IcicleSpear|||M|||50|,,,,,Ghost]Rillaboom||AssaultVest|GrassySurge|FakeOut,WoodHammer,HighHorsepower,Uturn|||F|||50|,,,,,Fire
|c|☆Truevillany123|Mirror GL HF
|
|t:|1757727757
|teamsize|p1|4
|teamsize|p2|4
|start
|switch|p1a: Ninetales|Ninetales-Alola, L50, F|100/100
|switch|p1b: Annihilape|Annihilape, L50, F|100/100
|switch|p2a: Ninetales|Ninetales-Alola, L50, M|100/100
|switch|p2b: Gholdengo|Gholdengo, L50|100/100
|-weather|Snowscape|[from] ability: Snow Warning|[of] p2a: Ninetales
|turn|1
|inactive|Battle timer is ON: inactive players will automatically lose when time's up. (requested by Truevillany123)
|inactive|Truevillany123 has 60 seconds left.
|
|t:|1757727802
|switch|p2b: Rillaboom|Rillaboom, L50, F|100/100
|-fieldstart|move: Grassy Terrain|[from] ability: Grassy Surge|[of] p2b: Rillaboom
|-terastallize|p1b: Annihilape|Fire
|move|p2a: Ninetales|Aurora Veil|p2a: Ninetales
|-sidestart|p2: Truevillany123|move: Aurora Veil
|move|p1a: Ninetales|Icicle Spear|p1b: Annihilape
|-resisted|p1b: Annihilape
|-damage|p1b: Annihilape|98/100
|-resisted|p1b: Annihilape
|-damage|p1b: Annihilape|95/100
|-hitcount|p1b: Annihilape|2
|move|p1b: Annihilape|Rage Fist|p2b: Rillaboom
|-crit|p2b: Rillaboom
|-damage|p2b: Rillaboom|2/100
|
|-weather|Snowscape|[upkeep]
|-heal|p1b: Annihilape|100/100|[from] Grassy Terrain
|-heal|p2b: Rillaboom|8/100|[from] Grassy Terrain
|upkeep
|turn|2
|
|t:|1757727827
|move|p2b: Rillaboom|Fake Out|p1b: Annihilape
|-damage|p1b: Annihilape|87/100
|move|p1a: Ninetales|Icy Wind|p2b: Rillaboom|[spread] p2a,p2b
|-resisted|p2a: Ninetales
|-supereffective|p2b: Rillaboom
|-damage|p2a: Ninetales|94/100
|-damage|p2b: Rillaboom|0 fnt
|-unboost|p2a: Ninetales|spe|1
|faint|p2b: Rillaboom
|cant|p1b: Annihilape|flinch
|move|p2a: Ninetales|Encore|p1a: Ninetales
|-start|p1a: Ninetales|Encore
|
|-weather|Snowscape|[upkeep]
|-heal|p1b: Annihilape|93/100|[from] Grassy Terrain
|-heal|p2a: Ninetales|99/100|[from] Grassy Terrain
|upkeep
|
|t:|1757727839
|switch|p2b: Dragonite|Dragonite, L50, F, shiny|100/100
|turn|3
|
|t:|1757727857
|-terastallize|p2b: Dragonite|Fairy
|move|p1a: Ninetales|Icy Wind|p2b: Dragonite|[spread] p2a
|-miss|p1a: Ninetales|p2b: Dragonite
|-resisted|p2a: Ninetales
|-damage|p2a: Ninetales|93/100
|-unboost|p2a: Ninetales|spe|1
|move|p2b: Dragonite|Scale Shot|p1b: Annihilape|[miss]
|-miss|p2b: Dragonite|p1b: Annihilape
|move|p1b: Annihilape|Rage Fist|p2b: Dragonite
|-damage|p2b: Dragonite|66/100
|move|p2a: Ninetales|Freeze-Dry|p1a: Ninetales
|-resisted|p1a: Ninetales
|-damage|p1a: Ninetales|84/100
|
|-weather|Snowscape|[upkeep]
|-heal|p1a: Ninetales|90/100|[from] Grassy Terrain
|-heal|p2b: Dragonite|72/100|[from] Grassy Terrain
|-heal|p1b: Annihilape|99/100|[from] Grassy Terrain
|-heal|p2a: Ninetales|99/100|[from] Grassy Terrain
|upkeep
|turn|4
|inactive|Truevillany123 has 30 seconds left.
|inactive|Truevillany123 has 20 seconds left.
|
|t:|1757727895
|move|p1a: Ninetales|Icy Wind|p2b: Dragonite|[spread] p2a,p2b
|-resisted|p2a: Ninetales
|-damage|p2a: Ninetales|93/100
|-damage|p2b: Dragonite|60/100
|-unboost|p2a: Ninetales|spe|1
|-unboost|p2b: Dragonite|spe|1
|move|p1b: Annihilape|Rage Fist|p2b: Dragonite
|-damage|p2b: Dragonite|0 fnt
|faint|p2b: Dragonite
|move|p2a: Ninetales|Freeze-Dry|p1a: Ninetales
|-resisted|p1a: Ninetales
|-damage|p1a: Ninetales|75/100
|
|-weather|Snowscape|[upkeep]
|-heal|p1a: Ninetales|81/100|[from] Grassy Terrain
|-heal|p1b: Annihilape|100/100|[from] Grassy Terrain
|-heal|p2a: Ninetales|99/100|[from] Grassy Terrain
|upkeep
|
|t:|1757727896
|switch|p2b: Gholdengo|Gholdengo, L50|100/100
|turn|5
|c|☆Truevillany123|gg ugh
|
|t:|1757727912
|move|p1a: Ninetales|Icy Wind|p2a: Ninetales|[spread] p2a,p2b
|-resisted|p2a: Ninetales
|-resisted|p2b: Gholdengo
|-damage|p2a: Ninetales|93/100
|-damage|p2b: Gholdengo|94/100
|-unboost|p2a: Ninetales|spe|1
|-unboost|p2b: Gholdengo|spe|1
|move|p1b: Annihilape|Rage Fist|p2b: Gholdengo
|-supereffective|p2b: Gholdengo
|-damage|p2b: Gholdengo|0 fnt
|faint|p2b: Gholdengo
|move|p2a: Ninetales|Freeze-Dry|p2: Gholdengo|[notarget]
|-fail|p2a: Ninetales
|
|-weather|none
|-heal|p1a: Ninetales|87/100|[from] Grassy Terrain
|-heal|p2a: Ninetales|99/100|[from] Grassy Terrain
|-end|p1a: Ninetales|Encore
|-sideend|p2: Truevillany123|move: Aurora Veil
|-fieldend|move: Grassy Terrain
|upkeep
|turn|6
|
|t:|1757727931
|move|p1a: Ninetales|Blizzard|p2a: Ninetales
|-resisted|p2a: Ninetales
|-damage|p2a: Ninetales|75/100
|move|p1b: Annihilape|Rage Fist|p2a: Ninetales
|-damage|p2a: Ninetales|0 fnt
|faint|p2a: Ninetales
|
|win|archebol
||archebol is ready for game 2.
