|j|☆panqueca25
|j|☆burnerblovsky
|html|panqueca25burnerblovsky    
|uhtml|bestof|Game 1 of a best-of-3
|t:|1757781549
|gametype|doubles
|player|p1|panqueca25|169|1267
|player|p2|burnerblovsky|101|1252
|gen|9
|tier|[Gen 9] VGC 2025 Reg H (Bo3)
|rated|
|rule|Species Clause: Limit one of each Pokémon
|rule|Item Clause: Limit 1 of each item
|clearpoke
|poke|p1|Gholdengo, L50|
|poke|p1|Incineroar, L50, F|
|poke|p1|Porygon2, L50|
|poke|p1|Ursaluna, L50, F|
|poke|p1|Clefable, L50, F|
|poke|p1|Primarina, L50, F|
|poke|p2|Indeedee-F, L50, F|
|poke|p2|Hatterene, L50, F|
|poke|p2|Arcanine-Hisui, L50, F|
|poke|p2|Ursaluna, L50, M|
|poke|p2|Annihilape, L50, M|
|poke|p2|Torkoal, L50, M|
|teampreview|4
|showteam|p1|Gholdengo||Leftovers|GoodasGold|MakeItRain,ShadowBall,NastyPlot,Protect||||||50|,,,,,Water]Incineroar||SafetyGoggles|Intimidate|FlareBlitz,KnockOff,PartingShot,FakeOut|||F|||50|,,,,,Ghost]Porygon2||Eviolite|Download|TeraBlast,IceBeam,TrickRoom,Recover||||||50|,,,,,Fighting]Ursaluna||FlameOrb|Guts|Facade,HeadlongRush,Earthquake,Protect|||F|||50|,,,,,Ghost]Clefable||RockyHelmet|Unaware|Moonblast,FollowMe,Encore,Protect|||F|||50|,,,,,Ghost]Primarina||SitrusBerry|LiquidVoice|HyperVoice,Moonblast,Haze,Protect|||F|||50|,,,,,Poison
|showteam|p2|Indeedee-F||PsychicSeed|PsychicSurge|FollowMe,TrickRoom,HelpingHand,Psychic|||F|||50|,,,,,Water]Hatterene||CovertCloak|MagicBounce|Psychic,ExpandingForce,DazzlingGleam,TrickRoom|||F|||50|,,,,,Fairy]Arcanine-Hisui||ChoiceBand|Intimidate|FlareBlitz,RockSlide,HeadSmash,WildCharge|||F|||50|,,,,,Grass]Ursaluna||FlameOrb|Guts|HeadlongRush,Earthquake,Protect,Facade|||M|||50|,,,,,Fire]Annihilape||ChoiceScarf|VitalSpirit|FinalGambit,CloseCombat,RageFist,Coaching|||M|||50|,,,,,Fighting]Torkoal||Charcoal|Drought|Eruption,WeatherBall,AncientPower,ClearSmog|||M|||50|,,,,,Fire
|inactive|Battle timer is ON: inactive players will automatically lose when time's up. (requested by burnerblovsky)
|inactive|panqueca25 also wants the timer to be on.
|
|t:|1757781576
|teamsize|p1|4
|teamsize|p2|4
|start
|switch|p1a: Gholdengo|Gholdengo, L50|100/100
|switch|p1b: Primarina|Primarina, L50, F|100/100
|switch|p2a: Indeedee|Indeedee-F, L50, F|100/100
|switch|p2b: Arcanine|Arcanine-Hisui, L50, F|100/100
|-ability|p2b: Arcanine|Intimidate|boost
|-unboost|p1a: Gholdengo|atk|1
|-unboost|p1b: Primarina|atk|1
|-fieldstart|move: Psychic Terrain|[from] ability: Psychic Surge|[of] p2a: Indeedee
|-enditem|p2a: Indeedee|Psychic Seed
|-boost|p2a: Indeedee|spd|1|[from] item: Psychic Seed
|turn|1
|
|t:|1757781602
|switch|p1a: Incineroar|Incineroar, L50, F, shiny|100/100
|-ability|p1a: Incineroar|Intimidate|boost
|-unboost|p2a: Indeedee|atk|1
|-unboost|p2b: Arcanine|atk|1
|move|p2b: Arcanine|Head Smash|p1b: Primarina
|-damage|p1b: Primarina|33/100
|-enditem|p1b: Primarina|Sitrus Berry|[eat]
|-heal|p1b: Primarina|57/100|[from] item: Sitrus Berry
|-damage|p2b: Arcanine|63/100|[from] Recoil
|move|p1b: Primarina|Hyper Voice|p2b: Arcanine|[spread] p2a,p2b
|-supereffective|p2b: Arcanine
|-damage|p2a: Indeedee|83/100
|-damage|p2b: Arcanine|0 fnt
|faint|p2b: Arcanine
|move|p2a: Indeedee|Trick Room|p2a: Indeedee
|-fieldstart|move: Trick Room|[of] p2a: Indeedee
|
|upkeep
|
|t:|1757781613
|switch|p2b: Ursaluna|Ursaluna, L50, M|100/100
|turn|2
|
|t:|1757781624
|move|p2a: Indeedee|Helping Hand|p2b: Ursaluna
|-singleturn|p2b: Ursaluna|Helping Hand|[of] p2a: Indeedee
|move|p1b: Primarina|Protect|p1b: Primarina
|-singleturn|p1b: Primarina|Protect
|move|p2b: Ursaluna|Earthquake|p1b: Primarina|[spread] p2a,p1a
|-activate|p1b: Primarina|move: Protect
|-supereffective|p1a: Incineroar
|-damage|p2a: Indeedee|13/100
|-damage|p1a: Incineroar|0 fnt
|faint|p1a: Incineroar
|
|-status|p2b: Ursaluna|brn|[from] item: Flame Orb
|upkeep
|
|t:|1757781629
|switch|p1a: Porygon2|Porygon2, L50, shiny|100/100
|-ability|p1a: Porygon2|Download|boost
|-boost|p1a: Porygon2|atk|1
|turn|3
|
|t:|1757781647
|switch|p1b: Gholdengo|Gholdengo, L50|100/100
|-terastallize|p1a: Porygon2|Fighting
|move|p2a: Indeedee|Helping Hand|p2b: Ursaluna
|-singleturn|p2b: Ursaluna|Helping Hand|[of] p2a: Indeedee
|move|p2b: Ursaluna|Earthquake|p1a: Porygon2|[spread] p2a,p1a,p1b
|-supereffective|p1b: Gholdengo
|-damage|p2a: Indeedee|0 fnt
|-damage|p1a: Porygon2|38/100
|-damage|p1b: Gholdengo|0 fnt
|faint|p2a: Indeedee
|faint|p1b: Gholdengo
|move|p1a: Porygon2|Trick Room|p1a: Porygon2
|-fieldend|move: Trick Room
|
|-damage|p2b: Ursaluna|95/100 brn|[from] brn
|upkeep
|
|t:|1757781657
|switch|p1b: Primarina|Primarina, L50, F|57/100
|switch|p2a: Torkoal|Torkoal, L50, M|100/100
|-weather|SunnyDay|[from] ability: Drought|[of] p2a: Torkoal
|turn|4
|
|t:|1757781672
|move|p2b: Ursaluna|Protect|p2b: Ursaluna
|-singleturn|p2b: Ursaluna|Protect
|move|p1b: Primarina|Hyper Voice|p2a: Torkoal|[spread] p2a
|-activate|p2b: Ursaluna|move: Protect
|-supereffective|p2a: Torkoal
|-damage|p2a: Torkoal|62/100
|move|p1a: Porygon2|Tera Blast|p2b: Ursaluna|[anim] Tera Blast Fighting
|-activate|p2b: Ursaluna|move: Protect
|move|p2a: Torkoal|Weather Ball|p1a: Porygon2
|-damage|p1a: Porygon2|0 fnt
|faint|p1a: Porygon2
|
|-weather|SunnyDay|[upkeep]
|-damage|p2b: Ursaluna|89/100 brn|[from] brn
|upkeep
|turn|5
|
|t:|1757781690
|-terastallize|p2a: Torkoal|Fire
|move|p1b: Primarina|Hyper Voice|p2b: Ursaluna|[spread] p2a,p2b
|-supereffective|p2a: Torkoal
|-supereffective|p2b: Ursaluna
|-damage|p2a: Torkoal|23/100
|-damage|p2b: Ursaluna|64/100 brn
|move|p2b: Ursaluna|Facade|p1b: Primarina
|-damage|p1b: Primarina|0 fnt
|faint|p1b: Primarina
|
|win|burnerblovsky
||panqueca25 is ready for game 2.
||panqueca25 is ready for game 2.
|l|☆burnerblovsky
|player|p2|
||burnerblovsky is ready for game 2.
|uhtml|next|Next: Game 2 of 3
