|j|☆beaterheater
|j|☆bassacucina777
|html|beaterheaterbassacucina777    
|uhtml|bestof|Game 2 of a best-of-3
|t:|1756320047
|gametype|doubles
|player|p1|beaterheater|marshal|1197
|player|p2|bassacucina777|102|1092
|gen|9
|tier|[Gen 9] VGC 2025 Reg H (Bo3)
|rated|
|rule|Species Clause: Limit one of each Pokémon
|rule|Item Clause: Limit 1 of each item
|clearpoke
|poke|p1|Corviknight, L50, F|
|poke|p1|Tyranitar, L50, F|
|poke|p1|Garchomp, L50, M|
|poke|p1|Ursaluna-Bloodmoon, L50, M|
|poke|p1|Basculegion, L50, M|
|poke|p1|Hydreigon, L50, F|
|poke|p2|Dondozo, L50, F|
|poke|p2|Tatsugiri, L50, F|
|poke|p2|Indeedee, L50, M|
|poke|p2|Sneasler, L50, F|
|poke|p2|Pelipper, L50, F|
|poke|p2|Archaludon, L50, M|
|teampreview|4
|showteam|p1|Corviknight||Leftovers|MirrorArmor|BraveBird,IronHead,Tailwind,Taunt|||F|||50|,,,,,Dragon]Tyranitar||AssaultVest|SandStream|KnockOff,RockSlide,TeraBlast,LowKick|||F|||50|,,,,,Flying]Garchomp||LifeOrb|RoughSkin|Earthquake,StompingTantrum,DragonClaw,Protect|||M|||50|,,,,,Steel]Ursaluna-Bloodmoon||SilkScarf|MindsEye|BloodMoon,HyperVoice,EarthPower,Protect|||M|||50|,,,,,Normal]Basculegion||ChoiceBand|Adaptability|FlipTurn,AquaJet,LastRespects,WaveCrash|||M|||50|,,,,,Dragon]Hydreigon||SafetyGoggles|Levitate|DracoMeteor,HeatWave,NastyPlot,Protect|||F|||50|,,,,,Fire
|showteam|p2|Dondozo||SafetyGoggles|Unaware|WaveCrash,Earthquake,OrderUp,Protect|||F|||50|,,,,,Steel]Tatsugiri||ChoiceScarf|Commander|MuddyWater,DracoMeteor,DragonPulse,IcyWind|||F|||50|,,,,,Ghost]Indeedee||FocusSash|PsychicSurge|ExpandingForce,Protect,TrickRoom,HelpingHand|||M|||50|,,,,,Psychic]Sneasler||PsychicSeed|Unburden|CloseCombat,DireClaw,ThroatChop,Protect|||F|||50|,,,,,Dark]Pelipper||CovertCloak|Drizzle|WeatherBall,Hurricane,Tailwind,Protect|||F|||50|,,,,,Steel]Archaludon||AssaultVest|Stamina|ElectroShot,FlashCannon,DracoMeteor,BodyPress|||M|||50|,,,,,Bug
|
|t:|1756320065
|teamsize|p1|4
|teamsize|p2|4
|start
|switch|p1a: Corviknight|Corviknight, L50, F|100/100
|switch|p1b: Basculegion|Basculegion, L50, M, shiny|100/100
|switch|p2a: Dondozo|Dondozo, L50, F|100/100
|switch|p2b: Archaludon|Archaludon, L50, M|100/100
|turn|1
|inactive|Battle timer is ON: inactive players will automatically lose when time's up. (requested by beaterheater)
|
|t:|1756320100
|switch|p2b: Tatsugiri|Tatsugiri, L50, F|100/100
|-activate|p2b: Tatsugiri|ability: Commander|[of] p2a: Dondozo
|-boost|p2a: Dondozo|atk|2
|-boost|p2a: Dondozo|spa|2
|-boost|p2a: Dondozo|spe|2
|-boost|p2a: Dondozo|def|2
|-boost|p2a: Dondozo|spd|2
|move|p2a: Dondozo|Wave Crash|p1b: Basculegion
|-resisted|p1b: Basculegion
|-damage|p1b: Basculegion|30/100
|-damage|p2a: Dondozo|80/100|[from] Recoil
|move|p1b: Basculegion|Flip Turn|p2a: Dondozo
|-resisted|p2a: Dondozo
|-damage|p2a: Dondozo|70/100
|
|t:|1756320115
|switch|p1b: Tyranitar|Tyranitar, L50, F, shiny|100/100|[from] Flip Turn
|-weather|Sandstorm|[from] ability: Sand Stream|[of] p1b: Tyranitar
|move|p1a: Corviknight|Tailwind|p1a: Corviknight
|-sidestart|p1: beaterheater|move: Tailwind
|
|-weather|Sandstorm|[upkeep]
|-damage|p2b: Tatsugiri|94/100|[from] Sandstorm
|upkeep
|turn|2
|
|t:|1756320137
|-terastallize|p1b: Tyranitar|Flying
|move|p2a: Dondozo|Protect|p2a: Dondozo
|-singleturn|p2a: Dondozo|Protect
|move|p1a: Corviknight|Taunt|p2a: Dondozo
|-activate|p2a: Dondozo|move: Protect
|move|p1b: Tyranitar|Knock Off|p2a: Dondozo
|-activate|p2a: Dondozo|move: Protect
|
|-weather|Sandstorm|[upkeep]
|-damage|p2b: Tatsugiri|88/100|[from] Sandstorm
|-damage|p1b: Tyranitar|95/100|[from] Sandstorm
|upkeep
|turn|3
|
|t:|1756320154
|move|p2a: Dondozo|Wave Crash|p1b: Tyranitar
|-damage|p1b: Tyranitar|12/100
|-damage|p2a: Dondozo|45/100|[from] Recoil
|move|p1a: Corviknight|Taunt|p2a: Dondozo
|-start|p2a: Dondozo|move: Taunt
|move|p1b: Tyranitar|Knock Off|p2a: Dondozo
|-damage|p2a: Dondozo|26/100
|-enditem|p2a: Dondozo|Safety Goggles|[from] move: Knock Off|[of] p1b: Tyranitar
|
|-weather|Sandstorm|[upkeep]
|-damage|p2b: Tatsugiri|82/100|[from] Sandstorm
|-damage|p2a: Dondozo|20/100|[from] Sandstorm
|-damage|p1b: Tyranitar|6/100|[from] Sandstorm
|upkeep
|turn|4
|
|t:|1756320172
|move|p2a: Dondozo|Order Up|p1b: Tyranitar
|-damage|p1b: Tyranitar|0 fnt
|faint|p1b: Tyranitar
|-boost|p2a: Dondozo|atk|1
|move|p1a: Corviknight|Brave Bird|p2a: Dondozo
|-crit|p2a: Dondozo
|-damage|p2a: Dondozo|0 fnt
|faint|p2a: Dondozo
|-damage|p1a: Corviknight|93/100|[from] Recoil
|
|-weather|Sandstorm|[upkeep]
|-damage|p2b: Tatsugiri|75/100|[from] Sandstorm
|-heal|p1a: Corviknight|99/100|[from] item: Leftovers
|-sideend|p1: beaterheater|move: Tailwind
|upkeep
|
|t:|1756320187
|switch|p2a: Archaludon|Archaludon, L50, M|100/100
|switch|p1b: Garchomp|Garchomp, L50, M|100/100
|turn|5
|inactive|bassacucina777 has 30 seconds left.
|inactive|bassacucina777 has 20 seconds left.
|inactive|bassacucina777 has 15 seconds left.
|inactive|bassacucina777 has 10 seconds left.
|
|t:|1756320235
|switch|p2b: Pelipper|Pelipper, L50, F|100/100
|-weather|RainDance|[from] ability: Drizzle|[of] p2b: Pelipper
|-terastallize|p2a: Archaludon|Bug
|move|p1b: Garchomp|Protect|p1b: Garchomp
|-singleturn|p1b: Garchomp|Protect
|move|p2a: Archaludon|Electro Shot||[still]
|-prepare|p2a: Archaludon|Electro Shot
|-boost|p2a: Archaludon|spa|1
|-anim|p2a: Archaludon|Electro Shot|p1a: Corviknight
|-supereffective|p1a: Corviknight
|-damage|p1a: Corviknight|0 fnt
|faint|p1a: Corviknight
|
|-weather|RainDance|[upkeep]
|upkeep
|
|t:|1756320251
|switch|p1a: Basculegion|Basculegion, L50, M, shiny|30/100
|turn|6
|
|t:|1756320276
|move|p1b: Garchomp|Dragon Claw|p2b: Pelipper
|-damage|p2b: Pelipper|45/100
|-damage|p1b: Garchomp|91/100|[from] item: Life Orb
|move|p1a: Basculegion|Last Respects|p2a: Archaludon
|-damage|p2a: Archaludon|3/100
|-ability|p2a: Archaludon|Stamina|boost
|-boost|p2a: Archaludon|def|1
|move|p2a: Archaludon|Electro Shot||[still]
|-prepare|p2a: Archaludon|Electro Shot
|-boost|p2a: Archaludon|spa|1
|-anim|p2a: Archaludon|Electro Shot|p1a: Basculegion
|-supereffective|p1a: Basculegion
|-damage|p1a: Basculegion|0 fnt
|faint|p1a: Basculegion
|move|p2b: Pelipper|Weather Ball|p1b: Garchomp
|-damage|p1b: Garchomp|20/100
|
|-weather|RainDance|[upkeep]
|upkeep
|turn|7
|
|t:|1756320297
|move|p1b: Garchomp|Dragon Claw|p2b: Pelipper
|-damage|p2b: Pelipper|0 fnt
|faint|p2b: Pelipper
|-damage|p1b: Garchomp|10/100|[from] item: Life Orb
|move|p2a: Archaludon|Flash Cannon|p1b: Garchomp
|-damage|p1b: Garchomp|0 fnt
|faint|p1b: Garchomp
|
|win|bassacucina777
|raw|beaterheater's rating: 1197 → 1165(-32 for losing)
|raw|bassacucina777's rating: 1092 → 1126(+34 for winning)
