|j|☆raimolol
|j|☆Diegoelsocorrista
|html|raimololDiegoelsocorrista    
|uhtml|bestof|Game 1 of a best-of-3
|t:|1757791600
|gametype|doubles
|player|p1|raimolol|265|1105
|player|p2|Diegoelsocorrista|blaine|1125
|gen|9
|tier|[Gen 9] VGC 2025 Reg H (Bo3)
|rated|
|rule|Species Clause: Limit one of each Pokémon
|rule|Item Clause: Limit 1 of each item
|clearpoke
|poke|p1|Scrafty, L50, F|
|poke|p1|Ursaluna-Bloodmoon, L50, M|
|poke|p1|Sinistcha, L50|
|poke|p1|Gholdengo, L50|
|poke|p1|Indeedee, L50, M|
|poke|p1|Incineroar, L50, M|
|poke|p2|Archaludon, L50, M|
|poke|p2|Rillaboom, L50, M|
|poke|p2|Basculegion, L50, M|
|poke|p2|Kingambit, L50, F|
|poke|p2|Pelipper, L50, F|
|poke|p2|Electabuzz, L50, F|
|teampreview|4
|showteam|p1|Scrafty||SitrusBerry|Intimidate|FakeOut,KnockOff,Encore,HelpingHand|||F|||50|,,,,,Dark]Ursaluna-Bloodmoon||ChoiceSpecs|MindsEye|BloodMoon,HyperVoice,Snarl,Moonblast|||M|||50|,,,,,Ground]Sinistcha||Leftovers|Hospitality|Reflect,RagePowder,TrickRoom,MatchaGotcha||||||50|,,,,,Water]Gholdengo||LifeOrb|GoodasGold|MakeItRain,ShadowBall,Protect,NastyPlot||||||50|,,,,,Water]Indeedee||FocusSash|PsychicSurge|ExpandingForce,Protect,Encore,TrickRoom|||M|||50|,,,,,Psychic]Incineroar||SafetyGoggles|Intimidate|FakeOut,KnockOff,FlareBlitz,PartingShot|||M|||50|,,,,,Fire
|showteam|p2|Archaludon||AssaultVest|Stamina|ElectroShot,DracoMeteor,FlashCannon,BodyPress|||M|||50|,,,,,Fairy]Rillaboom||LoadedDice|GrassySurge|BulletSeed,GrassyGlide,FakeOut,Uturn|||M|||50|,,,,,Fire]Basculegion||ChoiceBand|SwiftSwim|WaveCrash,LastRespects,FlipTurn,AquaJet|||M|||50|,,,,,Grass]Kingambit||BlackGlasses|Defiant|KowtowCleave,SuckerPunch,SwordsDance,Protect|||F|||50|,,,,,Dark]Pelipper||FocusSash|Drizzle|WeatherBall,Hurricane,Tailwind,Protect|||F|||50|,,,,,Ghost]Electabuzz||Eviolite|VitalSpirit|Electroweb,Taunt,FollowMe,Protect|||F|||50|,,,,,Ghost
|inactive|Battle timer is ON: inactive players will automatically lose when time's up. (requested by raimolol)
|inactive|Diegoelsocorrista has 60 seconds left.
|
|t:|1757791671
|teamsize|p1|4
|teamsize|p2|4
|start
|switch|p1a: Ursaluna|Ursaluna-Bloodmoon, L50, M|100/100
|switch|p1b: Indeedee|Indeedee, L50, M|100/100
|switch|p2a: Electabuzz|Electabuzz, L50, F|100/100
|switch|p2b: Kingambit|Kingambit, L50, F, shiny|100/100
|-fieldstart|move: Psychic Terrain|[from] ability: Psychic Surge|[of] p1b: Indeedee
|turn|1
|inactive|Diegoelsocorrista has 30 seconds left.
|
|t:|1757791696
|switch|p1b: Gholdengo|Gholdengo, L50, shiny|100/100
|-terastallize|p1a: Ursaluna|Ground
|move|p2a: Electabuzz|Protect|p2a: Electabuzz
|-singleturn|p2a: Electabuzz|Protect
|move|p2b: Kingambit|Protect|p2b: Kingambit
|-singleturn|p2b: Kingambit|Protect
|move|p1a: Ursaluna|Blood Moon|p2a: Electabuzz
|-activate|p2a: Electabuzz|move: Protect
|
|upkeep
|turn|2
|inactive|Diegoelsocorrista has 30 seconds left.
|
|t:|1757791721
|switch|p1a: Sinistcha|Sinistcha, L50|100/100
|move|p1b: Gholdengo|Protect|p1b: Gholdengo
|-singleturn|p1b: Gholdengo|Protect
|move|p2a: Electabuzz|Follow Me|p2a: Electabuzz
|-singleturn|p2a: Electabuzz|move: Follow Me
|move|p2b: Kingambit|Swords Dance|p2b: Kingambit
|-boost|p2b: Kingambit|atk|2
|
|upkeep
|turn|3
|
|t:|1757791739
|move|p2a: Electabuzz|Electroweb|p1a: Sinistcha|[spread] p1b
|-miss|p2a: Electabuzz|p1a: Sinistcha
|-damage|p1b: Gholdengo|87/100
|-unboost|p1b: Gholdengo|spe|1
|move|p1a: Sinistcha|Reflect|p1a: Sinistcha
|-sidestart|p1: raimolol|Reflect
|move|p2b: Kingambit|Kowtow Cleave|p1a: Sinistcha
|-supereffective|p1a: Sinistcha
|-damage|p1a: Sinistcha|0 fnt
|faint|p1a: Sinistcha
|move|p1b: Gholdengo|Make It Rain|p2b: Kingambit|[spread] p2a,p2b
|-resisted|p2a: Electabuzz
|-resisted|p2b: Kingambit
|-damage|p2a: Electabuzz|72/100
|-damage|p2b: Kingambit|65/100
|-unboost|p1b: Gholdengo|spa|1
|-damage|p1b: Gholdengo|77/100|[from] item: Life Orb
|
|upkeep
|
|t:|1757791755
|switch|p1a: Ursaluna|Ursaluna-Bloodmoon, L50, M, tera:Ground|100/100
|turn|4
|
|t:|1757791767
|move|p2a: Electabuzz|Follow Me|p2a: Electabuzz
|-singleturn|p2a: Electabuzz|move: Follow Me
|move|p1a: Ursaluna|Blood Moon|p2a: Electabuzz
|-damage|p2a: Electabuzz|0 fnt
|faint|p2a: Electabuzz
|move|p2b: Kingambit|Swords Dance|p2b: Kingambit
|-boost|p2b: Kingambit|atk|2
|move|p1b: Gholdengo|Make It Rain|p2b: Kingambit
|-resisted|p2b: Kingambit
|-damage|p2b: Kingambit|35/100
|-unboost|p1b: Gholdengo|spa|1
|-damage|p1b: Gholdengo|68/100|[from] item: Life Orb
|
|upkeep
|
|t:|1757791782
|switch|p2a: Pelipper|Pelipper, L50, F|100/100
|-weather|RainDance|[from] ability: Drizzle|[of] p2a: Pelipper
|turn|5
|
|t:|1757791789
|switch|p1a: Indeedee|Indeedee, L50, M|100/100
|move|p2b: Kingambit|Protect|p2b: Kingambit
|-singleturn|p2b: Kingambit|Protect
|move|p1b: Gholdengo|Protect|p1b: Gholdengo
|-singleturn|p1b: Gholdengo|Protect
|move|p2a: Pelipper|Tailwind|p2a: Pelipper
|-sidestart|p2: Diegoelsocorrista|move: Tailwind
|
|-weather|RainDance|[upkeep]
|-fieldend|move: Psychic Terrain
|upkeep
|turn|6
|
|t:|1757791806
|move|p2a: Pelipper|Weather Ball|p1a: Indeedee
|-crit|p1a: Indeedee
|-enditem|p1a: Indeedee|Focus Sash
|-damage|p1a: Indeedee|1/100
|move|p2b: Kingambit|Kowtow Cleave|p1a: Indeedee
|-supereffective|p1a: Indeedee
|-damage|p1a: Indeedee|0 fnt
|faint|p1a: Indeedee
|move|p1b: Gholdengo|Make It Rain|p2a: Pelipper|[spread] p2a,p2b
|-resisted|p2a: Pelipper
|-resisted|p2b: Kingambit
|-damage|p2a: Pelipper|73/100
|-damage|p2b: Kingambit|16/100
|-unboost|p1b: Gholdengo|spa|1
|-damage|p1b: Gholdengo|58/100|[from] item: Life Orb
|
|-weather|RainDance|[upkeep]
|upkeep
|
|t:|1757791822
|switch|p1a: Ursaluna|Ursaluna-Bloodmoon, L50, M, tera:Ground|100/100
|turn|7
|
|t:|1757791830
|move|p2a: Pelipper|Weather Ball|p1a: Ursaluna
|-supereffective|p1a: Ursaluna
|-damage|p1a: Ursaluna|0 fnt
|faint|p1a: Ursaluna
|move|p2b: Kingambit|Kowtow Cleave|p1b: Gholdengo
|-supereffective|p1b: Gholdengo
|-damage|p1b: Gholdengo|0 fnt
|faint|p1b: Gholdengo
|
|win|Diegoelsocorrista
