|j|☆p4golo
|j|☆arcanedniall
|html|p4goloarcanedniall    
|uhtml|bestof|Game 1 of a best-of-3
|t:|1757775183
|gametype|doubles
|player|p1|p4golo|265|1174
|player|p2|arcanedniall|janitor|1158
|gen|9
|tier|[Gen 9] VGC 2025 Reg H (Bo3)
|rated|
|rule|Species Clause: Limit one of each Pokémon
|rule|Item Clause: Limit 1 of each item
|clearpoke
|poke|p1|Dragonite, L50, F|
|poke|p1|Ursaluna-Bloodmoon, L50, M|
|poke|p1|Gholdengo, L50|
|poke|p1|Maushold-Four, L50|
|poke|p1|Annihilape, L50, M|
|poke|p1|Rillaboom, L50, M|
|poke|p2|Rillaboom, L50, F|
|poke|p2|Porygon2, L50|
|poke|p2|Hawlucha, L50, F|
|poke|p2|Volcarona, L50, F|
|poke|p2|Dragonite, L50, F|
|poke|p2|Ursaluna-Bloodmoon, L50, M|
|teampreview|4
|showteam|p1|Dragonite||LoadedDice|Multiscale|ScaleShot,Tailwind,Haze,Protect|||F|||50|,,,,,Fairy]Ursaluna-Bloodmoon||AssaultVest|MindsEye|BloodMoon,EarthPower,HyperVoice,VacuumWave|||M|||50|,,,,,Water]Gholdengo||LifeOrb|GoodasGold|MakeItRain,ShadowBall,NastyPlot,Protect||||||50|,,,,,Dragon]Maushold-Four||FocusSash|FriendGuard|Taunt,FollowMe,BeatUp,Protect||||||50|,,,,,Ghost]Annihilape||SitrusBerry|Defiant|RageFist,DrainPunch,BulkUp,Protect|||M|||50|,,,,,Fire]Rillaboom||MiracleSeed|GrassySurge|WoodHammer,GrassyGlide,HighHorsepower,FakeOut|||M|||50|,,,,,Fire
|showteam|p2|Rillaboom||AssaultVest|GrassySurge|FakeOut,GrassyGlide,WoodHammer,Uturn|||F|||50|,,,,,Fire]Porygon2||Eviolite|Download|IceBeam,Thunderbolt,Recover,TrickRoom||||||50|,,,,,Dark]Hawlucha||GrassySeed|Unburden|Acrobatics,BodyPress,Encore,Protect|||F|||50|,,,,,Grass]Volcarona||CovertCloak|FlameBody|HeatWave,BugBuzz,RagePowder,QuiverDance|||F|||50|,,,,,Electric]Dragonite||LoadedDice|InnerFocus|ExtremeSpeed,ScaleShot,Haze,Protect|||F|||50|,,,,,Fairy]Ursaluna-Bloodmoon||LifeOrb|MindsEye|BloodMoon,EarthPower,HyperVoice,Protect|||M|||50|,,,,,Ghost
|
|t:|1757775218
|teamsize|p1|4
|teamsize|p2|4
|start
|switch|p1a: Maushold|Maushold-Four, L50|100/100
|switch|p1b: Annihilape|Annihilape, L50, M|100/100
|switch|p2a: Volcarona|Volcarona, L50, F|100/100
|switch|p2b: Ursaluna|Ursaluna-Bloodmoon, L50, M|100/100
|turn|1
|
|t:|1757775244
|move|p2a: Volcarona|Rage Powder|p2a: Volcarona
|-singleturn|p2a: Volcarona|move: Rage Powder
|move|p1a: Maushold|Beat Up|p2a: Volcarona
|-damage|p2a: Volcarona|98/100
|-damage|p2a: Volcarona|94/100
|-damage|p2a: Volcarona|91/100
|-damage|p2a: Volcarona|89/100
|-hitcount|p2a: Volcarona|4
|move|p1b: Annihilape|Rage Fist|p2a: Volcarona
|-damage|p2a: Volcarona|62/100
|-status|p1b: Annihilape|brn|[from] ability: Flame Body|[of] p2a: Volcarona
|move|p2b: Ursaluna|Blood Moon|p1b: Annihilape
|-damage|p1b: Annihilape|27/100 brn
|-enditem|p1b: Annihilape|Sitrus Berry|[eat]
|-heal|p1b: Annihilape|52/100 brn|[from] item: Sitrus Berry
|-damage|p2b: Ursaluna|91/100|[from] item: Life Orb
|
|-damage|p1b: Annihilape|46/100 brn|[from] brn
|upkeep
|turn|2
|
|t:|1757775303
|move|p1b: Annihilape|Protect|p1b: Annihilape
|-singleturn|p1b: Annihilape|Protect
|move|p1a: Maushold|Taunt|p2a: Volcarona
|-start|p2a: Volcarona|move: Taunt
|cant|p2a: Volcarona|move: Taunt|Quiver Dance
|move|p2b: Ursaluna|Hyper Voice|p1b: Annihilape|[spread] p1a
|-activate|p1b: Annihilape|move: Protect
|-crit|p1a: Maushold
|-enditem|p1a: Maushold|Focus Sash
|-damage|p1a: Maushold|1/100
|-damage|p2b: Ursaluna|81/100|[from] item: Life Orb
|
|-damage|p1b: Annihilape|39/100 brn|[from] brn
|upkeep
|turn|3
|
|t:|1757775332
|switch|p1a: Rillaboom|Rillaboom, L50, M|100/100
|-fieldstart|move: Grassy Terrain|[from] ability: Grassy Surge|[of] p1a: Rillaboom
|switch|p2a: Rillaboom|Rillaboom, L50, F|100/100
|move|p1b: Annihilape|Drain Punch|p2b: Ursaluna
|-supereffective|p2b: Ursaluna
|-damage|p2b: Ursaluna|61/100
|-heal|p1b: Annihilape|50/100 brn|[from] drain|[of] p2b: Ursaluna
|move|p2b: Ursaluna|Hyper Voice|p1a: Rillaboom|[spread] p1a,p1b
|-damage|p1a: Rillaboom|52/100
|-damage|p1b: Annihilape|2/100 brn
|-damage|p2b: Ursaluna|51/100|[from] item: Life Orb
|
|-heal|p1b: Annihilape|8/100 brn|[from] Grassy Terrain
|-heal|p1a: Rillaboom|58/100|[from] Grassy Terrain
|-heal|p2b: Ursaluna|57/100|[from] Grassy Terrain
|-damage|p1b: Annihilape|2/100 brn|[from] brn
|upkeep
|turn|4
|
|t:|1757775371
|move|p2b: Ursaluna|Protect|p2b: Ursaluna
|-singleturn|p2b: Ursaluna|Protect
|move|p1a: Rillaboom|Grassy Glide|p2b: Ursaluna
|-activate|p2b: Ursaluna|move: Protect
|move|p2a: Rillaboom|Grassy Glide|p1b: Annihilape
|-crit|p1b: Annihilape
|-damage|p1b: Annihilape|0 fnt
|faint|p1b: Annihilape
|
|-heal|p1a: Rillaboom|64/100|[from] Grassy Terrain
|-heal|p2b: Ursaluna|63/100|[from] Grassy Terrain
|upkeep
|
|t:|1757775384
|switch|p1b: Gholdengo|Gholdengo, L50|100/100
|turn|5
|
|t:|1757775416
|-terastallize|p1b: Gholdengo|Dragon
|-terastallize|p2b: Ursaluna|Ghost
|move|p1a: Rillaboom|Grassy Glide|p2b: Ursaluna
|-damage|p2b: Ursaluna|34/100
|move|p1b: Gholdengo|Nasty Plot|p1b: Gholdengo
|-boost|p1b: Gholdengo|spa|2
|move|p2a: Rillaboom|U-turn|p1a: Rillaboom
|-supereffective|p1a: Rillaboom
|-damage|p1a: Rillaboom|10/100
|
|t:|1757775436
|switch|p2a: Hawlucha|Hawlucha, L50, F|100/100|[from] U-turn
|-enditem|p2a: Hawlucha|Grassy Seed
|-boost|p2a: Hawlucha|def|1|[from] item: Grassy Seed
|move|p2b: Ursaluna|Earth Power|p1b: Gholdengo
|-damage|p1b: Gholdengo|26/100
|-damage|p2b: Ursaluna|24/100|[from] item: Life Orb
|
|-heal|p1b: Gholdengo|32/100|[from] Grassy Terrain
|-heal|p1a: Rillaboom|16/100|[from] Grassy Terrain
|-heal|p2b: Ursaluna|30/100|[from] Grassy Terrain
|upkeep
|turn|6
|
|t:|1757775464
|switch|p1a: Maushold|Maushold-Four, L50|1/100
|move|p2b: Ursaluna|Protect|p2b: Ursaluna
|-singleturn|p2b: Ursaluna|Protect
|move|p2a: Hawlucha|Body Press|p1b: Gholdengo
|-damage|p1b: Gholdengo|0 fnt
|faint|p1b: Gholdengo
|
|-heal|p1a: Maushold|7/100|[from] Grassy Terrain
|-heal|p2b: Ursaluna|36/100|[from] Grassy Terrain
|upkeep
|
|t:|1757775473
|switch|p1b: Rillaboom|Rillaboom, L50, M|16/100
|turn|7
|-message|p4golo forfeited.
|
|win|arcanedniall
|l|☆p4golo
|player|p1|
||p4golo is ready for game 2.
||arcanedniall is ready for game 2.
|uhtml|next|Next: Game 2 of 3
