|j|☆ryoshino19
|j|☆Wo-Chien<3
|html|ryoshino19Wo-Chien<3    
|uhtml|bestof|Game 1 of a best-of-3
|t:|1756318152
|gametype|doubles
|player|p1|ryoshino19|101|1194
|player|p2|Wo-Chien<3|miku-ground|1086
|gen|9
|tier|[Gen 9] VGC 2025 Reg H (Bo3)
|rated|
|rule|Species Clause: Limit one of each Pokémon
|rule|Item Clause: Limit 1 of each item
|clearpoke
|poke|p1|Gholdengo, L50|
|poke|p1|Incineroar, L50, F|
|poke|p1|Porygon2, L50|
|poke|p1|Garchomp, L50, F|
|poke|p1|Whimsicott, L50, F|
|poke|p1|Palafin, L50, F|
|poke|p2|Ninetales-Alola, L50, M|
|poke|p2|Electabuzz, L50, F|
|poke|p2|Dragonite, L50, M|
|poke|p2|Frosmoth, L50, F|
|poke|p2|Rillaboom, L50, F|
|poke|p2|Kingambit, L50, M|
|teampreview|4
|showteam|p1|Gholdengo||ChoiceSpecs|GoodasGold|MakeItRain,ShadowBall,PowerGem,DazzlingGleam||||||50|,,,,,Steel]Incineroar||SafetyGoggles|Intimidate|FlareBlitz,KnockOff,PartingShot,FakeOut|||F|||50|,,,,,Ghost]Porygon2||Eviolite|Download|TeraBlast,IceBeam,Recover,TrickRoom||||||50|,,,,,Fighting]Garchomp||LifeOrb|RoughSkin|StompingTantrum,DragonClaw,RockSlide,Protect|||F|||50|,,,,,Fairy]Whimsicott||CovertCloak|Prankster|Moonblast,Tailwind,Encore,Protect|||F|||50|,,,,,Dark]Palafin||SitrusBerry|ZerotoHero|JetPunch,WaveCrash,Haze,Protect|||F|||50|,,,,,Water
|showteam|p2|Ninetales-Alola||CovertCloak|SnowWarning|Blizzard,Moonblast,AuroraVeil,Encore|||M|||50|,,,,,Poison]Electabuzz||Eviolite|VitalSpirit|FollowMe,Protect,Thunderbolt,Taunt|||F|||50|,,,,,Ghost]Dragonite||LoadedDice|Multiscale|LowKick,ScaleShot,Protect,Haze|||M|||50|,,,,,Fairy]Frosmoth||Leftovers|IceScales|QuiverDance,Protect,Blizzard,TeraBlast|||F|||50|,,,,,Water]Rillaboom||AssaultVest|GrassySurge|FakeOut,GrassyGlide,WoodHammer,Uturn|||F|||50|,,,,,Fire]Kingambit||BlackGlasses|Defiant|SuckerPunch,KowtowCleave,Protect,SwordsDance|||M|||50|,,,,,Water
|inactive|Battle timer is ON: inactive players will automatically lose when time's up. (requested by ryoshino19)
|j| P4sh1
|
|t:|1756318182
|teamsize|p1|4
|teamsize|p2|4
|start
|switch|p1a: Gholdengo|Gholdengo, L50|100/100
|switch|p1b: Whimsicott|Whimsicott, L50, F|100/100
|switch|p2a: Electabuzz|Electabuzz, L50, F|100/100
|switch|p2b: Kingambit|Kingambit, L50, M|100/100
|turn|1
|inactive|Wo-Chien<3 has 30 seconds left.
|
|t:|1756318210
|-terastallize|p1a: Gholdengo|Steel
|move|p1b: Whimsicott|Tailwind|p1b: Whimsicott
|-sidestart|p1: ryoshino19|move: Tailwind
|move|p1a: Gholdengo|Make It Rain|p2a: Electabuzz|[spread] p2a,p2b
|-resisted|p2a: Electabuzz
|-resisted|p2b: Kingambit
|-damage|p2a: Electabuzz|64/100
|-damage|p2b: Kingambit|46/100
|-unboost|p1a: Gholdengo|spa|1
|move|p2a: Electabuzz|Thunderbolt|p1a: Gholdengo
|-damage|p1a: Gholdengo|62/100
|move|p2b: Kingambit|Swords Dance|p2b: Kingambit
|-boost|p2b: Kingambit|atk|2
|
|upkeep
|turn|2
|inactive|Wo-Chien<3 has 30 seconds left.
|
|t:|1756318242
|switch|p1a: Garchomp|Garchomp, L50, F|100/100
|move|p1b: Whimsicott|Encore|p2b: Kingambit
|-hint|Since gen 7, Dark is immune to Prankster moves.
|-immune|p2b: Kingambit
|move|p2b: Kingambit|Sucker Punch||[still]
|-fail|p2b: Kingambit
|move|p2a: Electabuzz|Thunderbolt|p1a: Garchomp
|-immune|p1a: Garchomp
|
|upkeep
|turn|3
|
|t:|1756318266
|move|p2a: Electabuzz|Follow Me|p2a: Electabuzz
|-singleturn|p2a: Electabuzz|move: Follow Me
|move|p1a: Garchomp|Stomping Tantrum|p2a: Electabuzz
|-supereffective|p2a: Electabuzz
|-damage|p2a: Electabuzz|0 fnt
|faint|p2a: Electabuzz
|-damage|p1a: Garchomp|91/100|[from] item: Life Orb
|move|p1b: Whimsicott|Moonblast|p2b: Kingambit
|-damage|p2b: Kingambit|18/100
|move|p2b: Kingambit|Kowtow Cleave|p1a: Garchomp
|-damage|p1a: Garchomp|0 fnt
|-damage|p2b: Kingambit|6/100|[from] ability: Rough Skin|[of] p1a: Garchomp
|faint|p1a: Garchomp
|
|upkeep
|
|t:|1756318280
|switch|p1a: Incineroar|Incineroar, L50, F, shiny|100/100
|switch|p2a: Ninetales|Ninetales-Alola, L50, M|100/100
|-weather|Snowscape|[from] ability: Snow Warning|[of] p2a: Ninetales
|-ability|p1a: Incineroar|Intimidate|boost
|-unboost|p2a: Ninetales|atk|1
|-unboost|p2b: Kingambit|atk|1
|-ability|p2b: Kingambit|Defiant|boost
|-boost|p2b: Kingambit|atk|2
|turn|4
|inactive|Wo-Chien<3 has 30 seconds left.
|
|t:|1756318319
|-terastallize|p2a: Ninetales|Poison
|move|p2b: Kingambit|Protect|p2b: Kingambit
|-singleturn|p2b: Kingambit|Protect
|move|p1b: Whimsicott|Moonblast|p2b: Kingambit
|-activate|p2b: Kingambit|move: Protect
|move|p2a: Ninetales|Aurora Veil|p2a: Ninetales
|-sidestart|p2: Wo-Chien<3|move: Aurora Veil
|move|p1a: Incineroar|Flare Blitz|p2a: Ninetales
|-damage|p2a: Ninetales|65/100
|-damage|p1a: Incineroar|92/100|[from] Recoil
|
|-weather|Snowscape|[upkeep]
|-sideend|p1: ryoshino19|move: Tailwind
|upkeep
|turn|5
|
|t:|1756318334
|move|p1b: Whimsicott|Tailwind|p1b: Whimsicott
|-sidestart|p1: ryoshino19|move: Tailwind
|move|p2b: Kingambit|Sucker Punch|p1a: Incineroar
|-resisted|p1a: Incineroar
|-damage|p1a: Incineroar|44/100
|move|p2a: Ninetales|Blizzard|p1b: Whimsicott|[spread] p1a,p1b
|-resisted|p1a: Incineroar
|-supereffective|p1b: Whimsicott
|-damage|p1a: Incineroar|34/100
|-damage|p1b: Whimsicott|35/100
|move|p1a: Incineroar|Flare Blitz|p2b: Kingambit
|-supereffective|p2b: Kingambit
|-damage|p2b: Kingambit|0 fnt
|faint|p2b: Kingambit
|-damage|p1a: Incineroar|32/100|[from] Recoil
|
|-weather|Snowscape|[upkeep]
|upkeep
|
|t:|1756318341
|switch|p2b: Rillaboom|Rillaboom, L50, F|100/100
|-fieldstart|move: Grassy Terrain|[from] ability: Grassy Surge|[of] p2b: Rillaboom
|turn|6
|
|t:|1756318362
|move|p1b: Whimsicott|Protect|p1b: Whimsicott
|-singleturn|p1b: Whimsicott|Protect
|move|p2b: Rillaboom|Fake Out|p1a: Incineroar
|-damage|p1a: Incineroar|21/100
|move|p2a: Ninetales|Blizzard|p1a: Incineroar|[spread] p1a
|-activate|p1b: Whimsicott|move: Protect
|-resisted|p1a: Incineroar
|-damage|p1a: Incineroar|10/100
|cant|p1a: Incineroar|flinch
|
|-weather|Snowscape|[upkeep]
|-heal|p1b: Whimsicott|41/100|[from] Grassy Terrain
|-heal|p2a: Ninetales|71/100|[from] Grassy Terrain
|-heal|p1a: Incineroar|16/100|[from] Grassy Terrain
|upkeep
|turn|7
|
|t:|1756318373
|move|p2b: Rillaboom|Grassy Glide|p1a: Incineroar
|-resisted|p1a: Incineroar
|-damage|p1a: Incineroar|1/100
|move|p1b: Whimsicott|Moonblast|p2b: Rillaboom
|-damage|p2b: Rillaboom|85/100
|move|p2a: Ninetales|Blizzard|p1b: Whimsicott|[spread] p1a,p1b
|-resisted|p1a: Incineroar
|-supereffective|p1b: Whimsicott
|-damage|p1a: Incineroar|0 fnt
|-damage|p1b: Whimsicott|0 fnt
|faint|p1a: Incineroar
|faint|p1b: Whimsicott
|
|-weather|Snowscape|[upkeep]
|-heal|p2a: Ninetales|76/100|[from] Grassy Terrain
|-heal|p2b: Rillaboom|92/100|[from] Grassy Terrain
|upkeep
|
|t:|1756318381
|switch|p1b: Gholdengo|Gholdengo, L50, tera:Steel|62/100
|turn|8
|
|t:|1756318387
|move|p1b: Gholdengo|Make It Rain|p2a: Ninetales|[spread] p2a,p2b
|-damage|p2a: Ninetales|11/100
|-damage|p2b: Rillaboom|39/100
|-unboost|p1b: Gholdengo|spa|1
|move|p2a: Ninetales|Blizzard|p1b: Gholdengo
|-resisted|p1b: Gholdengo
|-damage|p1b: Gholdengo|42/100
|move|p2b: Rillaboom|Wood Hammer|p1b: Gholdengo
|-resisted|p1b: Gholdengo
|-damage|p1b: Gholdengo|0 fnt
|faint|p1b: Gholdengo
|-damage|p2b: Rillaboom|28/100|[from] Recoil
|
|win|Wo-Chien<3
