|j|☆Starbai
|j|☆Capravolante97
|html|StarbaiCapravolante97    
|uhtml|bestof|Game 1 of a best-of-3
|t:|1756753734
|gametype|doubles
|player|p1|Starbai|acetrainer-gen4dp|1328
|player|p2|Capravolante97|fantina|1381
|gen|9
|tier|[Gen 9] VGC 2025 Reg H (Bo3)
|rated|
|rule|Species Clause: Limit one of each Pokémon
|rule|Item Clause: Limit 1 of each item
|clearpoke
|poke|p1|Dragonite, L50, F|
|poke|p1|Volcarona, L50, F|
|poke|p1|Kingambit, L50, M|
|poke|p1|Sneasler, L50, F|
|poke|p1|Electabuzz, L50, M|
|poke|p1|Rillaboom, L50, M|
|poke|p2|Whimsicott, L50, F|
|poke|p2|Meowscarada, L50, M|
|poke|p2|Indeedee, L50, M|
|poke|p2|Sneasler, L50, F|
|poke|p2|Ursaluna-Bloodmoon, L50, M|
|poke|p2|Archaludon, L50, M|
|teampreview|4
|showteam|p1|Dragonite||LoadedDice|Multiscale|ScaleShot,ExtremeSpeed,Haze,Protect|||F|||50|,,,,,Normal]Volcarona||CovertCloak|FlameBody|HeatWave,TeraBlast,QuiverDance,Protect|||F|||50|,,,,,Fairy]Kingambit||BlackGlasses|Defiant|KowtowCleave,SuckerPunch,SwordsDance,Protect|||M|||50|,,,,,Dark]Sneasler||FocusSash|Unburden|CloseCombat,DireClaw,FakeOut,Coaching|||F|||50|,,,,,Stellar]Electabuzz||Eviolite|VitalSpirit|Thunderbolt,FollowMe,Taunt,Protect|||M|||50|,,,,,Ghost]Rillaboom||AssaultVest|GrassySurge|WoodHammer,GrassyGlide,FakeOut,HighHorsepower|||M|||50|,,,,,Fire
|showteam|p2|Whimsicott||CovertCloak|Prankster|Moonblast,Taunt,Tailwind,FakeTears|||F|||50|,,,,,Water]Meowscarada||ChoiceBand|Protean|FlowerTrick,TripleAxel,Uturn,KnockOff|||M|||50|,,,,,Ghost]Indeedee||FocusSash|PsychicSurge|ExpandingForce,TeraBlast,Imprison,TrickRoom|||M|||50|,,,,,Psychic]Sneasler||PsychicSeed|Unburden|CloseCombat,DireClaw,ThroatChop,Protect|||F|||50|,,,,,Dark]Ursaluna-Bloodmoon||LifeOrb|MindsEye|HyperVoice,BloodMoon,EarthPower,Protect|||M|||50|,,,,,Normal]Archaludon||PowerHerb|Stalwart|ElectroShot,DragonPulse,Thunderbolt,Protect|||M|||50|,,,,,Electric
|inactive|Battle timer is ON: inactive players will automatically lose when time's up. (requested by Capravolante97)
|
|t:|1756753769
|teamsize|p1|4
|teamsize|p2|4
|start
|switch|p1a: Sneasler|Sneasler, L50, F|100/100
|switch|p1b: Volcarona|Volcarona, L50, F|100/100
|switch|p2a: Whimsicott|Whimsicott, L50, F|100/100
|switch|p2b: Meowscarada|Meowscarada, L50, M|100/100
|turn|1
|inactive|Starbai has 30 seconds left.
|
|t:|1756753801
|-terastallize|p2a: Whimsicott|Water
|move|p1a: Sneasler|Fake Out|p2b: Meowscarada
|-damage|p2b: Meowscarada|79/100
|move|p2a: Whimsicott|Taunt|p1b: Volcarona
|-start|p1b: Volcarona|move: Taunt
|cant|p2b: Meowscarada|flinch
|move|p1b: Volcarona|Heat Wave|p2a: Whimsicott|[spread] p2b
|-miss|p1b: Volcarona|p2a: Whimsicott
|-supereffective|p2b: Meowscarada
|-damage|p2b: Meowscarada|0 fnt
|faint|p2b: Meowscarada
|
|upkeep
|
|t:|1756753818
|switch|p2b: Ursaluna|Ursaluna-Bloodmoon, L50, M|100/100
|turn|2
|
|t:|1756753840
|switch|p1b: Kingambit|Kingambit, L50, M|100/100
|move|p2b: Ursaluna|Protect|p2b: Ursaluna
|-singleturn|p2b: Ursaluna|Protect
|move|p2a: Whimsicott|Tailwind|p2a: Whimsicott
|-sidestart|p2: Capravolante97|move: Tailwind
|move|p1a: Sneasler|Close Combat|p2b: Ursaluna
|-activate|p2b: Ursaluna|move: Protect
|
|upkeep
|turn|3
|inactive|Starbai has 30 seconds left.
|
|t:|1756753869
|move|p2a: Whimsicott|Moonblast|p1a: Sneasler
|-damage|p1a: Sneasler|66/100
|move|p2b: Ursaluna|Earth Power|p1a: Sneasler
|-supereffective|p1a: Sneasler
|-damage|p1a: Sneasler|0 fnt
|faint|p1a: Sneasler
|-damage|p2b: Ursaluna|91/100|[from] item: Life Orb
|move|p1b: Kingambit|Kowtow Cleave|p2b: Ursaluna
|-damage|p2b: Ursaluna|41/100
|
|upkeep
|
|t:|1756753873
|switch|p1a: Volcarona|Volcarona, L50, F|100/100
|turn|4
|inactive|Capravolante97 has 30 seconds left.
|inactive|Capravolante97 has 20 seconds left.
|inactive|Capravolante97 has 15 seconds left.
|inactive|Capravolante97 has 10 seconds left.
|inactive|Capravolante97 has 5 seconds left.
|
|t:|1756753925
|-terastallize|p1b: Kingambit|Dark
|move|p2b: Ursaluna|Protect|p2b: Ursaluna
|-singleturn|p2b: Ursaluna|Protect
|move|p1a: Volcarona|Protect|p1a: Volcarona
|-singleturn|p1a: Volcarona|Protect
|move|p2a: Whimsicott|Fake Tears|p1a: Volcarona
|-activate|p1a: Volcarona|move: Protect
|move|p1b: Kingambit|Sucker Punch||[still]
|-fail|p1b: Kingambit
|
|upkeep
|turn|5
|
|t:|1756753948
|move|p2a: Whimsicott|Taunt|p1a: Volcarona
|-start|p1a: Volcarona|move: Taunt
|move|p1b: Kingambit|Sucker Punch|p2b: Ursaluna
|-damage|p2b: Ursaluna|0 fnt
|faint|p2b: Ursaluna
|cant|p1a: Volcarona|move: Taunt|Quiver Dance
|
|-sideend|p2: Capravolante97|move: Tailwind
|upkeep
|
|t:|1756753954
|switch|p2b: Indeedee|Indeedee, L50, M|100/100
|-fieldstart|move: Psychic Terrain|[from] ability: Psychic Surge|[of] p2b: Indeedee
|turn|6
|
|t:|1756753970
|switch|p1a: Rillaboom|Rillaboom, L50, M|100/100
|-fieldstart|move: Grassy Terrain|[from] ability: Grassy Surge|[of] p1a: Rillaboom
|move|p1b: Kingambit|Sucker Punch|p2b: Indeedee
|-supereffective|p2b: Indeedee
|-enditem|p2b: Indeedee|Focus Sash
|-damage|p2b: Indeedee|1/100
|move|p2a: Whimsicott|Moonblast|p1b: Kingambit
|-supereffective|p1b: Kingambit
|-crit|p1b: Kingambit
|-damage|p1b: Kingambit|18/100
|move|p2b: Indeedee|Tera Blast|p1b: Kingambit
|-damage|p1b: Kingambit|0 fnt
|faint|p1b: Kingambit
|
|-heal|p2b: Indeedee|7/100|[from] Grassy Terrain
|upkeep
|
|t:|1756753975
|switch|p1b: Volcarona|Volcarona, L50, F|100/100
|turn|7
|
|t:|1756753990
|move|p2a: Whimsicott|Fake Tears|p1b: Volcarona
|-unboost|p1b: Volcarona|spd|2
|move|p1a: Rillaboom|Grassy Glide|p2a: Whimsicott
|-supereffective|p2a: Whimsicott
|-damage|p2a: Whimsicott|1/100
|move|p2b: Indeedee|Expanding Force|p1b: Volcarona
|-damage|p1b: Volcarona|31/100
|move|p1b: Volcarona|Heat Wave|p2a: Whimsicott|[spread] p2a,p2b
|-resisted|p2a: Whimsicott
|-damage|p2a: Whimsicott|0 fnt
|-damage|p2b: Indeedee|0 fnt
|faint|p2a: Whimsicott
|faint|p2b: Indeedee
|
|win|Starbai
||Capravolante97 is ready for game 2.
||Starbai is ready for game 2.
|uhtml|next|Next: Game 2 of 3
