|j|☆hippopotas fritas
|j|☆5wamp
|html|hippopotas fritas5wamp    
|uhtml|bestof|Game 2 of a best-of-3
|t:|1785254913
|gametype|doubles
|player|p1|hippopotas fritas|colress|
|player|p2|5wamp|170|
|gen|9
|tier|[Gen 9 Champions] VGC 2026 Reg M-B (Bo3)
|rule|Species Clause: Limit one of each Pokémon
|rule|Item Clause: Limit 1 of each item
|clearpoke
|poke|p1|Tyranitar, L50, F|
|poke|p1|Excadrill, L50, M|
|poke|p1|Milotic, L50, M|
|poke|p1|Sinistcha, L50|
|poke|p1|Staraptor, L50, M|
|poke|p1|Gholdengo, L50|
|poke|p2|Kingambit, L50, M|
|poke|p2|Gardevoir, L50, F|
|poke|p2|Talonflame, L50, M|
|poke|p2|Maushold, L50, shiny|
|poke|p2|Basculegion, L50, M|
|poke|p2|Kommo-o, L50, M|
|teampreview|4
|showteam|p1|Tyranitar||Tyranitarite|SandStream|KnockOff,RockSlide,HighHorsepower,Protect|Jolly||F|||50|]Excadrill||FocusSash|SandRush|HighHorsepower,IronHead,RockSlide,Protect|Adamant||M|||50|]Milotic||SitrusBerry|Competitive|Scald,IcyWind,Haze,Protect|Calm||M|||50|]Sinistcha||ColburBerry|Hospitality|MatchaGotcha,ShadowBall,Protect,RagePowder|Bold|||||50|]Staraptor||Staraptite|Intimidate|CloseCombat,BraveBird,Tailwind,Protect|Jolly||M|||50|]Gholdengo||LifeOrb|GoodasGold|MakeItRain,ShadowBall,NastyPlot,Protect|Modest|||||50|
|showteam|p2|Kingambit||FocusSash|Defiant|KowtowCleave,IronHead,SuckerPunch,LowKick|Adamant||M|||50|]Gardevoir||Gardevoirite|Telepathy|HyperVoice,Psyshock,Thunderbolt,Protect|Modest||F|||50|]Talonflame||SharpBeak|GaleWings|DualWingbeat,FlareBlitz,Tailwind,Protect|Jolly||M|||50|]Maushold||ChopleBerry|FriendGuard|Feint,SuperFang,FollowMe,Protect|Impish|||||50|]Basculegion||MysticWater|Adaptability|WaveCrash,LastRespects,AquaJet,Protect|Adamant||M|||50|]Kommo-o||LifeOrb|Overcoat|ClangingScales,AuraSphere,VacuumWave,Protect|Modest||M|||50|
|c|☆hippopotas fritas|how much did flinch matter there
|c|☆5wamp|I mean I'd have killed raptor
|c|☆hippopotas fritas|ok so a bit then
|c|☆5wamp|you were prob okay tho
|c|☆hippopotas fritas|does this lead seem ok, or is the gambit thing an issue
|c|☆5wamp|I think try it again
|
|t:|1785254995
|teamsize|p1|4
|teamsize|p2|4
|start
|switch|p1a: Drilly the kid|Excadrill, L50, M|100/100
|switch|p1b: LegallyNotGodzilla|Tyranitar, L50, F|100/100
|switch|p2a: Kommo-o|Kommo-o, L50, M|100/100
|switch|p2b: Kingambit|Kingambit, L50, M|100/100
|-weather|Sandstorm|[from] ability: Sand Stream|[of] p1b: LegallyNotGodzilla
|turn|1
|
|t:|1785255007
|switch|p1b: Gholdielocks|Gholdengo, L50|100/100
|move|p1a: Drilly the kid|High Horsepower|p2b: Kingambit
|-supereffective|p2b: Kingambit|1
|-damage|p2b: Kingambit|7/100
|move|p2a: Kommo-o|Aura Sphere|p1a: Drilly the kid
|-supereffective|p1a: Drilly the kid|1
|-enditem|p1a: Drilly the kid|Focus Sash
|-damage|p1a: Drilly the kid|1/100
|-damage|p2a: Kommo-o|90/100|[from] item: Life Orb
|move|p2b: Kingambit|Low Kick|p1b: Gholdielocks
|-immune|p1b: Gholdielocks
|
|-weather|Sandstorm|[upkeep]
|upkeep
|turn|2
|
|t:|1785255034
|switch|p1a: unpopular opinion|Staraptor, L50, M|100/100
|-ability|p1a: unpopular opinion|Intimidate|boost
|-unboost|p2a: Kommo-o|atk|1
|-unboost|p2b: Kingambit|atk|1
|-ability|p2b: Kingambit|Defiant|boost
|-boost|p2b: Kingambit|atk|2
|move|p2a: Kommo-o|Vacuum Wave|p1a: unpopular opinion
|-crit|p1a: unpopular opinion
|-damage|p1a: unpopular opinion|50/100g
|-damage|p2a: Kommo-o|80/100|[from] item: Life Orb
|move|p1b: Gholdielocks|Make It Rain|p2b: Kingambit|[spread] p2a,p2b
|-resisted|p2b: Kingambit|1
|-damage|p2a: Kommo-o|15/100
|-damage|p2b: Kingambit|0 fnt
|-unboost|p1b: Gholdielocks|spa|2
|faint|p2b: Kingambit
|-damage|p1b: Gholdielocks|90/100|[from] item: Life Orb
|
|-weather|Sandstorm|[upkeep]
|-damage|p1a: unpopular opinion|44/100|[from] Sandstorm
|upkeep
|
|t:|1785255047
|switch|p2b: Basculegion|Basculegion, L50, M|100/100
|turn|3
|
|t:|1785255063
|switch|p2a: Maushold|Maushold, L50, shiny|100/100
|detailschange|p1a: unpopular opinion|Staraptor-Mega, L50, M
|-mega|p1a: unpopular opinion|Staraptor|Staraptite
|move|p1a: unpopular opinion|Tailwind|p1a: unpopular opinion
|-sidestart|p1: hippopotas fritas|move: Tailwind
|move|p1b: Gholdielocks|Make It Rain|p2b: Basculegion|[spread] p2a,p2b
|-resisted|p2b: Basculegion|1
|-damage|p2a: Maushold|66/100
|-damage|p2b: Basculegion|88/100
|-unboost|p1b: Gholdielocks|spa|2
|-damage|p1b: Gholdielocks|80/100|[from] item: Life Orb
|move|p2b: Basculegion|Last Respects|p1b: Gholdielocks
|-supereffective|p1b: Gholdielocks|1
|-damage|p1b: Gholdielocks|0 fnt
|faint|p1b: Gholdielocks
|
|-weather|Sandstorm|[upkeep]
|-damage|p1a: unpopular opinion|38/100|[from] Sandstorm
|-damage|p2a: Maushold|60/100|[from] Sandstorm
|-damage|p2b: Basculegion|82/100|[from] Sandstorm
|upkeep
|
|t:|1785255074
|switch|p1b: LegallyNotGodzilla|Tyranitar, L50, F|100/100
|turn|4
|
|t:|1785255085
|move|p2a: Maushold|Protect|p2a: Maushold
|-singleturn|p2a: Maushold|Protect
|move|p2b: Basculegion|Protect|p2b: Basculegion
|-singleturn|p2b: Basculegion|Protect
|move|p1a: unpopular opinion|Close Combat|p2a: Maushold
|-activate|p2a: Maushold|move: Protect
|move|p1b: LegallyNotGodzilla|Knock Off|p2b: Basculegion
|-activate|p2b: Basculegion|move: Protect
|
|-weather|Sandstorm|[upkeep]
|-damage|p1a: unpopular opinion|32/100|[from] Sandstorm
|-damage|p2a: Maushold|54/100|[from] Sandstorm
|-damage|p2b: Basculegion|76/100|[from] Sandstorm
|upkeep
|turn|5
|
|t:|1785255112
|move|p2a: Maushold|Feint|p1a: unpopular opinion
|-damage|p1a: unpopular opinion|24/100
|move|p2b: Basculegion|Aqua Jet|p1a: unpopular opinion
|-damage|p1a: unpopular opinion|0 fnt
|faint|p1a: unpopular opinion
|move|p1b: LegallyNotGodzilla|Knock Off|p2b: Basculegion
|-supereffective|p2b: Basculegion|1
|-crit|p2b: Basculegion
|-damage|p2b: Basculegion|0 fnt
|-enditem|p2b: Basculegion|Mystic Water|[from] move: Knock Off|[of] p1b: LegallyNotGodzilla
|faint|p2b: Basculegion
|
|-weather|none
|upkeep
|
|t:|1785255120
|switch|p1a: Drilly the kid|Excadrill, L50, M|1/100
|switch|p2b: Kommo-o|Kommo-o, L50, M|15/100
|turn|6
|
|t:|1785255132
|move|p2a: Maushold|Protect|p2a: Maushold
|-singleturn|p2a: Maushold|Protect
|move|p2b: Kommo-o|Protect|p2b: Kommo-o
|-singleturn|p2b: Kommo-o|Protect
|move|p1a: Drilly the kid|Iron Head|p2b: Kommo-o
|-activate|p2b: Kommo-o|move: Protect
|move|p1b: LegallyNotGodzilla|High Horsepower|p2a: Maushold
|-activate|p2a: Maushold|move: Protect
|
|-sideend|p1: hippopotas fritas|move: Tailwind
|upkeep
|turn|7
|
|t:|1785255142
|move|p2a: Maushold|Feint|p1a: Drilly the kid
|-resisted|p1a: Drilly the kid|1
|-crit|p1a: Drilly the kid
|-damage|p1a: Drilly the kid|0 fnt
|faint|p1a: Drilly the kid
|move|p2b: Kommo-o|Aura Sphere|p1b: LegallyNotGodzilla
|-supereffective|p1b: LegallyNotGodzilla|2
|-damage|p1b: LegallyNotGodzilla|0 fnt
|faint|p1b: LegallyNotGodzilla
|-damage|p2b: Kommo-o|5/100|[from] item: Life Orb
|
|win|5wamp
