|j|☆Elipick
|j|☆francoilforteprep
|html|Elipickfrancoilforteprep    
|uhtml|bestof|Game 1 of a best-of-3
|t:|1756244037
|gametype|doubles
|player|p1|Elipick|cynthia-gen4|1023
|player|p2|francoilforteprep|266|1000
|gen|9
|tier|[Gen 9] VGC 2025 Reg H (Bo3)
|rated|
|rule|Species Clause: Limit one of each Pokémon
|rule|Item Clause: Limit 1 of each item
|clearpoke
|poke|p1|Arcanine-Hisui, L50, F|
|poke|p1|Gholdengo, L50|
|poke|p1|Whimsicott, L50, F|
|poke|p1|Sneasler, L50, M|
|poke|p1|Indeedee-F, L50, F|
|poke|p1|Primarina, L50, M|
|poke|p2|Toxapex, L50, F|
|poke|p2|Chesnaught, L50, F|
|poke|p2|Grimmsnarl, L50, M|
|poke|p2|Incineroar, L50, M|
|poke|p2|Sinistcha, L50|
|poke|p2|Torkoal, L50, M|
|teampreview|4
|showteam|p1|Arcanine-Hisui||ClearAmulet|Intimidate|ExtremeSpeed,RockSlide,FlareBlitz,Protect|||F|||50|,,,,,Fire]Gholdengo||LifeOrb|GoodasGold|MakeItRain,ShadowBall,NastyPlot,Protect||||||50|,,,,,Water]Whimsicott||FocusSash|Prankster|Endeavor,Tailwind,Moonblast,Encore|||F|||50|,,,,,Ghost]Sneasler||PsychicSeed|Unburden|DireClaw,CloseCombat,ThroatChop,Protect|||M|||50|,,,,,Dark]Indeedee-F||SafetyGoggles|PsychicSurge|Psyshock,FollowMe,DrainingKiss,Protect|||F|||50|,,,,,Psychic]Primarina||AssaultVest|LiquidVoice|Moonblast,HyperVoice,TeraBlast,FlipTurn|||M|||50|,,,,,Fire
|showteam|p2|Toxapex||BlackSludge|Regenerator|Toxic,BanefulBunker,Infestation,Recover|||F|||50|,,,,,Ghost]Chesnaught||Leftovers|Bulletproof|SpikyShield,LeechSeed,KnockOff,DrainPunch|||F|||50|,,,,,Water]Grimmsnarl||LightClay|Prankster|PartingShot,LightScreen,Reflect,SpiritBreak|||M|||50|,,,,,Ghost]Incineroar||SafetyGoggles|Intimidate|FlareBlitz,KnockOff,FakeOut,PartingShot|||M|||50|,,,,,Ghost]Sinistcha||SitrusBerry|Hospitality|LifeDew,RagePowder,StrengthSap,ShadowBall||||||50|,,,,,Dragon]Torkoal||AssaultVest|Drought|FireSpin,WeatherBall,HeatWave,EarthPower|||M|||50|,,,,,Grass
|
|t:|1756244081
|teamsize|p1|4
|teamsize|p2|4
|start
|switch|p1a: Whimsicott|Whimsicott, L50, F|100/100
|switch|p1b: Gholdengo|Gholdengo, L50|100/100
|switch|p2a: Grimmsnarl|Grimmsnarl, L50, M|100/100
|switch|p2b: Incineroar|Incineroar, L50, M|100/100
|-ability|p2b: Incineroar|Intimidate|boost
|-unboost|p1a: Whimsicott|atk|1
|-unboost|p1b: Gholdengo|atk|1
|turn|1
|
|t:|1756244108
|move|p2b: Incineroar|Fake Out|p1a: Whimsicott
|-damage|p1a: Whimsicott|82/100
|cant|p1a: Whimsicott|flinch
|move|p2a: Grimmsnarl|Light Screen|p2a: Grimmsnarl
|-sidestart|p2: francoilforteprep|move: Light Screen
|move|p1b: Gholdengo|Make It Rain|p2b: Incineroar|[spread] p2a,p2b
|-supereffective|p2a: Grimmsnarl
|-resisted|p2b: Incineroar
|-damage|p2a: Grimmsnarl|28/100
|-damage|p2b: Incineroar|80/100
|-unboost|p1b: Gholdengo|spa|1
|-damage|p1b: Gholdengo|91/100|[from] item: Life Orb
|
|upkeep
|turn|2
|
|t:|1756244132
|switch|p2a: Torkoal|Torkoal, L50, M|100/100
|-weather|SunnyDay|[from] ability: Drought|[of] p2a: Torkoal
|move|p1a: Whimsicott|Tailwind|p1a: Whimsicott
|-sidestart|p1: Elipick|move: Tailwind
|move|p1b: Gholdengo|Make It Rain|p2a: Torkoal|[spread] p2a,p2b
|-resisted|p2a: Torkoal
|-resisted|p2b: Incineroar
|-damage|p2a: Torkoal|91/100
|-damage|p2b: Incineroar|67/100
|-unboost|p1b: Gholdengo|spa|1
|-damage|p1b: Gholdengo|81/100|[from] item: Life Orb
|move|p2b: Incineroar|Knock Off|p1b: Gholdengo
|-supereffective|p1b: Gholdengo
|-damage|p1b: Gholdengo|0 fnt
|-enditem|p1b: Gholdengo|Life Orb|[from] move: Knock Off|[of] p2b: Incineroar
|faint|p1b: Gholdengo
|
|-weather|SunnyDay|[upkeep]
|upkeep
|
|t:|1756244158
|switch|p1b: Arcanine|Arcanine-Hisui, L50, F|100/100
|-ability|p1b: Arcanine|Intimidate|boost
|-unboost|p2a: Torkoal|atk|1
|-unboost|p2b: Incineroar|atk|1
|turn|3
|
|t:|1756244193
|switch|p1a: Primarina|Primarina, L50, M|100/100
|-terastallize|p2b: Incineroar|Ghost
|move|p1b: Arcanine|Rock Slide|p2a: Torkoal|[spread] p2a,p2b
|-supereffective|p2a: Torkoal
|-crit|p2b: Incineroar
|-damage|p2a: Torkoal|53/100
|-damage|p2b: Incineroar|29/100
|cant|p2b: Incineroar|flinch
|move|p2a: Torkoal|Earth Power|p1b: Arcanine
|-supereffective|p1b: Arcanine
|-damage|p1b: Arcanine|11/100
|
|-weather|SunnyDay|[upkeep]
|upkeep
|turn|4
|
|t:|1756244229
|-terastallize|p1a: Primarina|Fire
|move|p1b: Arcanine|Rock Slide|p2a: Torkoal|[spread] p2a
|-miss|p1b: Arcanine|p2b: Incineroar
|-supereffective|p2a: Torkoal
|-damage|p2a: Torkoal|12/100
|move|p1a: Primarina|Hyper Voice|p2b: Incineroar|[spread] p2a,p2b
|-supereffective|p2a: Torkoal
|-damage|p2a: Torkoal|0 fnt
|-damage|p2b: Incineroar|17/100
|faint|p2a: Torkoal
|move|p2b: Incineroar|Knock Off|p1b: Arcanine
|-damage|p1b: Arcanine|0 fnt
|-enditem|p1b: Arcanine|Clear Amulet|[from] move: Knock Off|[of] p2b: Incineroar
|faint|p1b: Arcanine
|
|-weather|SunnyDay|[upkeep]
|upkeep
|
|t:|1756244255
|switch|p1b: Whimsicott|Whimsicott, L50, F|82/100
|switch|p2a: Chesnaught|Chesnaught, L50, F|100/100
|turn|5
|
|t:|1756244277
|switch|p2b: Grimmsnarl|Grimmsnarl, L50, M|28/100
|move|p1b: Whimsicott|Moonblast|p2b: Grimmsnarl
|-supereffective|p2b: Grimmsnarl
|-damage|p2b: Grimmsnarl|0 fnt
|faint|p2b: Grimmsnarl
|move|p1a: Primarina|Tera Blast|p2a: Chesnaught|[anim] Tera Blast Fire
|-supereffective|p2a: Chesnaught
|-damage|p2a: Chesnaught|30/100
|move|p2a: Chesnaught|Leech Seed|p1a: Primarina
|-start|p1a: Primarina|move: Leech Seed
|
|-weather|SunnyDay|[upkeep]
|-heal|p2a: Chesnaught|36/100|[from] item: Leftovers
|-damage|p1a: Primarina|88/100|[from] Leech Seed|[of] p2a: Chesnaught
|-heal|p2a: Chesnaught|48/100|[silent]
|-sideend|p1: Elipick|move: Tailwind
|upkeep
|
|t:|1756244290
|switch|p2b: Incineroar|Incineroar, L50, M, tera:Ghost|17/100
|-ability|p2b: Incineroar|Intimidate|boost
|-unboost|p1a: Primarina|atk|1
|-unboost|p1b: Whimsicott|atk|1
|turn|6
|
|t:|1756244320
|move|p2b: Incineroar|Fake Out|p1a: Primarina
|-damage|p1a: Primarina|74/100
|move|p1b: Whimsicott|Moonblast|p2b: Incineroar
|-damage|p2b: Incineroar|0 fnt
|faint|p2b: Incineroar
|move|p2a: Chesnaught|Drain Punch|p1a: Primarina
|-damage|p1a: Primarina|42/100
|-heal|p2a: Chesnaught|64/100|[from] drain|[of] p1a: Primarina
|cant|p1a: Primarina|flinch
|
|-weather|none
|-heal|p2a: Chesnaught|70/100|[from] item: Leftovers
|-damage|p1a: Primarina|29/100|[from] Leech Seed|[of] p2a: Chesnaught
|-heal|p2a: Chesnaught|82/100|[silent]
|upkeep
|turn|7
|
|t:|1756244355
|move|p1b: Whimsicott|Moonblast|p2a: Chesnaught
|-supereffective|p2a: Chesnaught
|-damage|p2a: Chesnaught|47/100
|move|p2a: Chesnaught|Drain Punch|p1a: Primarina
|-damage|p1a: Primarina|0 fnt
|-heal|p2a: Chesnaught|60/100|[from] drain|[of] p1a: Primarina
|faint|p1a: Primarina
|
|-heal|p2a: Chesnaught|67/100|[from] item: Leftovers
|upkeep
|turn|8
|
|t:|1756244372
|move|p2a: Chesnaught|Spiky Shield|p2a: Chesnaught
|-singleturn|p2a: Chesnaught|move: Protect
|move|p1b: Whimsicott|Moonblast|p2a: Chesnaught
|-activate|p2a: Chesnaught|move: Protect
|
|-heal|p2a: Chesnaught|73/100|[from] item: Leftovers
|-sideend|p2: francoilforteprep|move: Light Screen
|upkeep
|turn|9
|
|t:|1756244384
|move|p1b: Whimsicott|Moonblast|p2a: Chesnaught
|-supereffective|p2a: Chesnaught
|-damage|p2a: Chesnaught|14/100
|-unboost|p2a: Chesnaught|spa|1
|move|p2a: Chesnaught|Knock Off|p1b: Whimsicott
|-resisted|p1b: Whimsicott
|-damage|p1b: Whimsicott|63/100
|-enditem|p1b: Whimsicott|Focus Sash|[from] move: Knock Off|[of] p2a: Chesnaught
|
|-heal|p2a: Chesnaught|20/100|[from] item: Leftovers
|upkeep
|turn|10
|
|t:|1756244397
|move|p2a: Chesnaught|Spiky Shield|p2a: Chesnaught
|-singleturn|p2a: Chesnaught|move: Protect
|move|p1b: Whimsicott|Moonblast|p2a: Chesnaught
|-activate|p2a: Chesnaught|move: Protect
|
|-heal|p2a: Chesnaught|27/100|[from] item: Leftovers
|upkeep
|turn|11
|
|t:|1756244406
|move|p1b: Whimsicott|Moonblast|p2a: Chesnaught
|-supereffective|p2a: Chesnaught
|-damage|p2a: Chesnaught|0 fnt
|faint|p2a: Chesnaught
|
|win|Elipick
