|j|☆BVSelf
|j|☆yinobo
|html|BVSelfyinobo    
|uhtml|bestof|Game 2 of a best-of-3
|t:|1783089184
|gametype|doubles
|player|p1|BVSelf|juan|1310
|player|p2|yinobo|lucas|1381
|gen|9
|tier|[Gen 9 Champions] VGC 2026 Reg M-B (Bo3)
|rated|
|rule|Species Clause: Limit one of each Pokémon
|rule|Item Clause: Limit 1 of each item
|clearpoke
|poke|p1|Charizard, L50, M|
|poke|p1|Farigiraf, L50, M|
|poke|p1|Venusaur, L50, F|
|poke|p1|Garchomp, L50, F|
|poke|p1|Incineroar, L50, F|
|poke|p1|Sylveon, L50, M|
|poke|p2|Metagross, L50|
|poke|p2|Dragonite, L50, M|
|poke|p2|Basculegion, L50, M|
|poke|p2|Whimsicott, L50, M|
|poke|p2|Sneasler, L50, F|
|poke|p2|Incineroar, L50, M|
|teampreview|4
|showteam|p1|Charizard||CharizarditeY|Blaze|HeatWave,WeatherBall,SolarBeam,Protect|Modest||M|||50|]Farigiraf||ColburBerry|ArmorTail|Psychic,Thunderbolt,HelpingHand,TrickRoom|Modest||M|||50|]Venusaur||FocusSash|Chlorophyll|LeafStorm,SludgeBomb,SleepPowder,Protect|Modest||F|||50|]Garchomp||LifeOrb|RoughSkin|RockSlide,DragonClaw,Earthquake,Protect|Jolly||F|||50|]Incineroar||SitrusBerry|Intimidate|FlareBlitz,DarkestLariat,PartingShot,FakeOut|Careful||F|||50|]Sylveon||FairyFeather|Pixilate|HyperVoice,HyperBeam,QuickAttack,Protect|Modest||M|||50|
|showteam|p2|Metagross||Metagrossite|ClearBody|Protect,BulletPunch,PsychicFangs,BodyPress|Adamant|||||50|]Dragonite||Dragoninite|Multiscale|Protect,DragonPulse,Thunderbolt,IceBeam|Modest||M|||50|]Basculegion||MysticWater|Adaptability|Protect,WaveCrash,AquaJet,LastRespects|Adamant||M|||50|]Whimsicott||FocusSash|Prankster|Protect,Moonblast,Tailwind,Encore|Modest||M|||50|]Sneasler||WhiteHerb|Unburden|Protect,CloseCombat,DireClaw,FakeOut|Adamant||F|||50|]Incineroar||SitrusBerry|Intimidate|FlareBlitz,DarkestLariat,FakeOut,PartingShot|Adamant||M|||50|
|inactive|Battle timer is ON: inactive players will automatically lose when time's up. (requested by yinobo)
|inactive|yinobo has 60 seconds left.
|
|t:|1783089235
|teamsize|p1|4
|teamsize|p2|4
|start
|switch|p1a: Garchomp|Garchomp, L50, F|100/100
|switch|p1b: Sylveon|Sylveon, L50, M|100/100
|switch|p2a: Whimsicott|Whimsicott, L50, M|100/100
|switch|p2b: Metagross|Metagross, L50|100/100
|turn|1
|
|t:|1783089251
|move|p2b: Metagross|Protect|p2b: Metagross
|-singleturn|p2b: Metagross|Protect
|move|p1b: Sylveon|Protect|p1b: Sylveon
|-singleturn|p1b: Sylveon|Protect
|move|p2a: Whimsicott|Tailwind|p2a: Whimsicott
|-sidestart|p2: yinobo|move: Tailwind
|move|p1a: Garchomp|Earthquake|p2a: Whimsicott|[spread] p2a
|-activate|p1b: Sylveon|move: Protect
|-activate|p2b: Metagross|move: Protect
|-resisted|p2a: Whimsicott|1
|-damage|p2a: Whimsicott|67/100
|-damage|p1a: Garchomp|90/100|[from] item: Life Orb
|
|upkeep
|turn|2
|inactive|yinobo has 30 seconds left.
|inactive|yinobo has 20 seconds left.
|inactive|yinobo has 15 seconds left.
|inactive|yinobo has 10 seconds left.
|inactive|yinobo has 5 seconds left.
|
|t:|1783089302
|switch|p2a: Incineroar|Incineroar, L50, M|100/100
|-ability|p2a: Incineroar|Intimidate|boost
|-unboost|p1a: Garchomp|atk|1
|-unboost|p1b: Sylveon|atk|1
|switch|p1b: Incineroar|Incineroar, L50, F|100/100
|-ability|p1b: Incineroar|Intimidate|boost
|-unboost|p2a: Incineroar|atk|1
|-fail|p2b: Metagross|unboost|[from] ability: Clear Body|[of] p2b: Metagross
|detailschange|p2b: Metagross|Metagross-Mega, L50
|-mega|p2b: Metagross|Metagross|Metagrossite
|move|p1a: Garchomp|Protect|p1a: Garchomp
|-singleturn|p1a: Garchomp|Protect
|move|p2b: Metagross|Body Press|p1b: Incineroar
|-supereffective|p1b: Incineroar|1
|-damage|p1b: Incineroar|36/100
|-enditem|p1b: Incineroar|Sitrus Berry|[eat]
|-heal|p1b: Incineroar|61/100|[from] item: Sitrus Berry
|
|upkeep
|turn|3
|inactive|yinobo has 30 seconds left.
|inactive|BVSelf has 30 seconds left.
|inactive|yinobo has 20 seconds left.
|inactive|yinobo has 15 seconds left.
|
|t:|1783089343
|switch|p1a: Charizard|Charizard, L50, M|100/100
|move|p2a: Incineroar|Fake Out|p1b: Incineroar
|-damage|p1b: Incineroar|52/100
|move|p2b: Metagross|Psychic Fangs|p1a: Charizard
|-damage|p1a: Charizard|30/100
|cant|p1b: Incineroar|flinch
|
|upkeep
|turn|4
|inactive|yinobo has 30 seconds left.
|inactive|yinobo has 20 seconds left.
|
|t:|1783089379
|switch|p2b: Whimsicott|Whimsicott, L50, M|67/100
|move|p1a: Charizard|Protect|p1a: Charizard
|-singleturn|p1a: Charizard|Protect
|move|p2a: Incineroar|Darkest Lariat|p1a: Charizard
|-activate|p1a: Charizard|move: Protect
|move|p1b: Incineroar|Parting Shot|p2b: Whimsicott
|-unboost|p2b: Whimsicott|atk|1
|-unboost|p2b: Whimsicott|spa|1
|
|t:|1783089391
|switch|p1b: Sylveon|Sylveon, L50, M|100/100|[from] Parting Shot
|
|-sideend|p2: yinobo|move: Tailwind
|upkeep
|turn|5
|inactive|yinobo has 30 seconds left.
|inactive|yinobo has 20 seconds left.
|
|t:|1783089429
|switch|p1a: Incineroar|Incineroar, L50, F|52/100
|-ability|p1a: Incineroar|Intimidate|boost
|-unboost|p2a: Incineroar|atk|1
|-unboost|p2b: Whimsicott|atk|1
|move|p2b: Whimsicott|Tailwind|p2b: Whimsicott
|-sidestart|p2: yinobo|move: Tailwind
|move|p2a: Incineroar|Flare Blitz|p1b: Sylveon
|-damage|p1b: Sylveon|66/100
|-damage|p2a: Incineroar|89/100|[from] Recoil
|move|p1b: Sylveon|Hyper Voice|p2a: Incineroar|[spread] p2a,p2b
|-damage|p2a: Incineroar|39/100
|-damage|p2b: Whimsicott|0 fnt
|-enditem|p2a: Incineroar|Sitrus Berry|[eat]
|-heal|p2a: Incineroar|64/100|[from] item: Sitrus Berry
|faint|p2b: Whimsicott
|
|upkeep
|
|t:|1783089447
|switch|p2b: Basculegion|Basculegion, L50, M|100/100
|turn|6
|
|t:|1783089458
|move|p2b: Basculegion|Wave Crash|p1a: Incineroar
|-supereffective|p1a: Incineroar|1
|-damage|p1a: Incineroar|0 fnt
|faint|p1a: Incineroar
|-damage|p2b: Basculegion|82/100|[from] Recoil
|move|p2a: Incineroar|Parting Shot|p1b: Sylveon
|-unboost|p1b: Sylveon|atk|1
|-unboost|p1b: Sylveon|spa|1
|
|t:|1783089467
|switch|p2a: Metagross|Metagross-Mega, L50|100/100|[from] Parting Shot
|move|p1b: Sylveon|Hyper Beam|p2b: Basculegion
|-damage|p2b: Basculegion|6/100
|-mustrecharge|p1b: Sylveon
|
|upkeep
|
|t:|1783089473
|switch|p1a: Charizard|Charizard, L50, M|30/100
|turn|7
|
|t:|1783089482
|move|p1a: Charizard|Protect|p1a: Charizard
|-singleturn|p1a: Charizard|Protect
|move|p2a: Metagross|Psychic Fangs|p1a: Charizard
|-activate|p1a: Charizard|move: Protect
|move|p2b: Basculegion|Last Respects|p1b: Sylveon
|-damage|p1b: Sylveon|0 fnt
|faint|p1b: Sylveon
|
|upkeep
|
|t:|1783089489
|switch|p1b: Garchomp|Garchomp, L50, F|90/100
|turn|8
|
|t:|1783089506
|switch|p2a: Incineroar|Incineroar, L50, M|64/100
|-ability|p2a: Incineroar|Intimidate|boost
|-unboost|p1a: Charizard|atk|1
|-unboost|p1b: Garchomp|atk|1
|detailschange|p1a: Charizard|Charizard-Mega-Y, L50, M
|-mega|p1a: Charizard|Charizard|Charizardite Y
|-weather|SunnyDay|[from] ability: Drought|[of] p1a: Charizard
|move|p2b: Basculegion|Last Respects|p1a: Charizard
|-damage|p1a: Charizard|0 fnt
|faint|p1a: Charizard
|move|p1b: Garchomp|Earthquake|p2a: Incineroar|[spread] p2a,p2b
|-supereffective|p2a: Incineroar|1
|-damage|p2a: Incineroar|7/100
|-damage|p2b: Basculegion|0 fnt
|faint|p2b: Basculegion
|-damage|p1b: Garchomp|80/100|[from] item: Life Orb
|
|-weather|SunnyDay|[upkeep]
|-sideend|p2: yinobo|move: Tailwind
|upkeep
|
|t:|1783089525
|switch|p2b: Metagross|Metagross-Mega, L50|100/100
|turn|9
|
|t:|1783089539
|move|p1b: Garchomp|Protect|p1b: Garchomp
|-singleturn|p1b: Garchomp|Protect
|move|p2a: Incineroar|Fake Out|p1b: Garchomp
|-activate|p1b: Garchomp|move: Protect
|move|p2b: Metagross|Psychic Fangs|p1b: Garchomp
|-activate|p1b: Garchomp|move: Protect
|
|-weather|SunnyDay|[upkeep]
|upkeep
|turn|10
|
|t:|1783089553
|move|p1b: Garchomp|Earthquake|p2b: Metagross|[spread] p2a,p2b
|-supereffective|p2a: Incineroar|1
|-supereffective|p2b: Metagross|1
|-damage|p2a: Incineroar|0 fnt
|-damage|p2b: Metagross|45/100
|faint|p2a: Incineroar
|-damage|p1b: Garchomp|71/100|[from] item: Life Orb
|move|p2b: Metagross|Psychic Fangs|p1b: Garchomp
|-damage|p1b: Garchomp|6/100
|-damage|p2b: Metagross|33/100|[from] ability: Rough Skin|[of] p1b: Garchomp
|
|-weather|SunnyDay|[upkeep]
|upkeep
|turn|11
|
|t:|1783089566
|move|p2b: Metagross|Bullet Punch|p1b: Garchomp
|-damage|p1b: Garchomp|0 fnt
|-damage|p2b: Metagross|21/100|[from] ability: Rough Skin|[of] p1b: Garchomp
|faint|p1b: Garchomp
|
|win|yinobo
||BVSelf is ready for game 3.
|inactive|yinobo has 30 seconds to confirm battle start!
||yinobo is ready for game 3.
|uhtml|next|Next: Game 3 of 3
|l|☆yinobo
|player|p2|
