|j|вҳҶworsealuna
|j|вҳҶGyra78
|html|worsealunaGyra78    
|uhtml|bestof|Game 1 of a best-of-3
|t:|1756253941
|gametype|doubles
|player|p1|worsealuna|170|1223
|player|p2|Gyra78|volkner|1278
|gen|9
|tier|[Gen 9] VGC 2025 Reg H (Bo3)
|rated|
|rule|Species Clause: Limit one of each PokГ©mon
|rule|Item Clause: Limit 1 of each item
|clearpoke
|poke|p1|Pelipper, L50, M|
|poke|p1|Archaludon, L50, M|
|poke|p1|Basculegion, L50, M|
|poke|p1|Gholdengo, L50|
|poke|p1|Incineroar, L50, F|
|poke|p1|Amoonguss, L50, F|
|poke|p2|Basculegion, L50, M|
|poke|p2|Pelipper, L50, M|
|poke|p2|Archaludon, L50, M|
|poke|p2|Incineroar, L50, M|
|poke|p2|Gholdengo, L50|
|poke|p2|Amoonguss, L50, M|
|teampreview|4
|showteam|p1|Pelipper||FocusSash|Drizzle|Hurricane,WeatherBall,Protect,Tailwind|||M|||50|,,,,,Stellar]Archaludon||AssaultVest|Stamina|ElectroShot,DragonPulse,Snarl,BodyPress|||M|||50|,,,,,Grass]Basculegion||ChoiceScarf|Adaptability|WaveCrash,LastRespects,IcyWind,FlipTurn|||M|||50|,,,,,Water]Gholdengo||LifeOrb|GoodasGold|MakeItRain,ShadowBall,NastyPlot,Protect||||||50|,,,,,Water]Incineroar||SafetyGoggles|Intimidate|KnockOff,FlareBlitz,PartingShot,FakeOut|||F|||50|,,,,,Ghost]Amoonguss||SitrusBerry|Regenerator|Spore,PollenPuff,RagePowder,Protect|||F|||50|,,,,,Water
|showteam|p2|Basculegion||LifeOrb|SwiftSwim|WaveCrash,LastRespects,Protect,FlipTurn|||M|||50|,,,,,Grass]Pelipper||FocusSash|Drizzle|Protect,Hurricane,WeatherBall,Tailwind|||M|||50|,,,,,Ghost]Archaludon||AssaultVest|Stamina|ElectroShot,DracoMeteor,Snarl,BodyPress|||M|||50|,,,,,Grass]Incineroar||SafetyGoggles|Intimidate|FakeOut,PartingShot,Taunt,KnockOff|||M|||50|,,,,,Bug]Gholdengo||SitrusBerry|GoodasGold|MakeItRain,ShadowBall,NastyPlot,Protect||||||50|,,,,,Flying]Amoonguss||RockyHelmet|Regenerator|Spore,RagePowder,PollenPuff,Protect|||M|||50|,,,,,Water
|inactive|Battle timer is ON: inactive players will automatically lose when time's up. (requested by worsealuna)
|inactive|Gyra78 has 60 seconds left.
|inactive|Gyra78 has 30 seconds left.
|
|t:|1756254006
|teamsize|p1|4
|teamsize|p2|4
|start
|switch|p1a: Basculegion|Basculegion, L50, M|100/100
|switch|p1b: Incineroar|Incineroar, L50, F|100/100
|switch|p2a: Tarik Skubal|Incineroar, L50, M, shiny|100/100
|switch|p2b: PennyBoard|Gholdengo, L50, shiny|100/100
|-ability|p1b: Incineroar|Intimidate|boost
|-unboost|p2a: Tarik Skubal|atk|1
|-unboost|p2b: PennyBoard|atk|1
|-ability|p2a: Tarik Skubal|Intimidate|boost
|-unboost|p1a: Basculegion|atk|1
|-unboost|p1b: Incineroar|atk|1
|turn|1
|
|t:|1756254022
|move|p2b: PennyBoard|Protect|p2b: PennyBoard
|-singleturn|p2b: PennyBoard|Protect
|move|p1b: Incineroar|Fake Out|p2a: Tarik Skubal
|-damage|p2a: Tarik Skubal|94/100
|move|p1a: Basculegion|Wave Crash|p2b: PennyBoard
|-activate|p2b: PennyBoard|move: Protect
|cant|p2a: Tarik Skubal|flinch
|
|upkeep
|turn|2
|
|t:|1756254038
|switch|p2b: ACвҡЎпёҺDC|Archaludon, L50, M, shiny|100/100
|move|p1a: Basculegion|Wave Crash|p2a: Tarik Skubal
|-supereffective|p2a: Tarik Skubal
|-damage|p2a: Tarik Skubal|0 fnt
|faint|p2a: Tarik Skubal
|-damage|p1a: Basculegion|69/100|[from] Recoil
|move|p1b: Incineroar|Parting Shot|p2b: ACвҡЎпёҺDC
|-unboost|p2b: ACвҡЎпёҺDC|atk|1
|-unboost|p2b: ACвҡЎпёҺDC|spa|1
|
|t:|1756254046
|switch|p1b: Archaludon|Archaludon, L50, M|100/100|[from] Parting Shot
|
|upkeep
|
|t:|1756254054
|switch|p2a: Davy Jones|Basculegion, L50, M, shiny|100/100
|turn|3
|inactive|worsealuna has 30 seconds left.
|inactive|worsealuna has 20 seconds left.
|
|t:|1756254092
|switch|p1a: Incineroar|Incineroar, L50, F|100/100
|-ability|p1a: Incineroar|Intimidate|boost
|-unboost|p2a: Davy Jones|atk|1
|-unboost|p2b: ACвҡЎпёҺDC|atk|1
|move|p1b: Archaludon|Electro Shot||[still]
|-prepare|p1b: Archaludon|Electro Shot
|-boost|p1b: Archaludon|spa|1
|move|p2a: Davy Jones|Wave Crash|p1a: Incineroar
|-supereffective|p1a: Incineroar
|-damage|p1a: Incineroar|1/100
|-damage|p2a: Davy Jones|68/100|[from] Recoil
|-damage|p2a: Davy Jones|58/100|[from] item: Life Orb
|move|p2b: ACвҡЎпёҺDC|Body Press|p1b: Archaludon
|-supereffective|p1b: Archaludon
|-damage|p1b: Archaludon|67/100
|-ability|p1b: Archaludon|Stamina|boost
|-boost|p1b: Archaludon|def|1
|
|upkeep
|turn|4
|
|t:|1756254112
|switch|p2a: PennyBoard|Gholdengo, L50, shiny|100/100
|move|p1b: Archaludon|Electro Shot|p2a: PennyBoard|[from] lockedmove
|-damage|p2a: PennyBoard|41/100
|-enditem|p2a: PennyBoard|Sitrus Berry|[eat]
|-heal|p2a: PennyBoard|66/100|[from] item: Sitrus Berry
|move|p2b: ACвҡЎпёҺDC|Snarl|p1b: Archaludon|[spread] p1a
|-miss|p2b: ACвҡЎпёҺDC|p1b: Archaludon
|-resisted|p1a: Incineroar
|-damage|p1a: Incineroar|0 fnt
|faint|p1a: Incineroar
|
|upkeep
|
|t:|1756254129
|switch|p1a: Gholdengo|Gholdengo, L50|100/100
|turn|5
|
|t:|1756254140
|-terastallize|p2a: PennyBoard|Flying
|move|p1b: Archaludon|Snarl|p2b: ACвҡЎпёҺDC|[spread] p2a,p2b
|-damage|p2a: PennyBoard|48/100
|-damage|p2b: ACвҡЎпёҺDC|88/100
|-unboost|p2a: PennyBoard|spa|1
|-unboost|p2b: ACвҡЎпёҺDC|spa|1
|-ability|p2b: ACвҡЎпёҺDC|Stamina|boost
|-boost|p2b: ACвҡЎпёҺDC|def|1
|move|p1a: Gholdengo|Nasty Plot|p1a: Gholdengo
|-boost|p1a: Gholdengo|spa|2
|move|p2a: PennyBoard|Shadow Ball|p1b: Archaludon
|-damage|p1b: Archaludon|44/100
|-ability|p1b: Archaludon|Stamina|boost
|-boost|p1b: Archaludon|def|1
|move|p2b: ACвҡЎпёҺDC|Snarl|p1a: Gholdengo|[spread] p1a,p1b
|-supereffective|p1a: Gholdengo
|-damage|p1a: Gholdengo|85/100
|-damage|p1b: Archaludon|37/100
|-unboost|p1a: Gholdengo|spa|1
|-unboost|p1b: Archaludon|spa|1
|-ability|p1b: Archaludon|Stamina|boost
|-boost|p1b: Archaludon|def|1
|
|upkeep
|turn|6
|
|t:|1756254160
|move|p2a: PennyBoard|Protect|p2a: PennyBoard
|-singleturn|p2a: PennyBoard|Protect
|move|p1b: Archaludon|Dragon Pulse|p2b: ACвҡЎпёҺDC
|-damage|p2b: ACвҡЎпёҺDC|61/100
|-ability|p2b: ACвҡЎпёҺDC|Stamina|boost
|-boost|p2b: ACвҡЎпёҺDC|def|1
|move|p1a: Gholdengo|Make It Rain|p2a: PennyBoard|[spread] p2b
|-activate|p2a: PennyBoard|move: Protect
|-resisted|p2b: ACвҡЎпёҺDC
|-damage|p2b: ACвҡЎпёҺDC|24/100
|-unboost|p1a: Gholdengo|spa|1
|-ability|p2b: ACвҡЎпёҺDC|Stamina|boost
|-boost|p2b: ACвҡЎпёҺDC|def|1
|-damage|p1a: Gholdengo|75/100|[from] item: Life Orb
|move|p2b: ACвҡЎпёҺDC|Snarl|p1a: Gholdengo|[spread] p1a,p1b
|-supereffective|p1a: Gholdengo
|-damage|p1a: Gholdengo|60/100
|-damage|p1b: Archaludon|31/100
|-unboost|p1a: Gholdengo|spa|1
|-unboost|p1b: Archaludon|spa|1
|-ability|p1b: Archaludon|Stamina|boost
|-boost|p1b: Archaludon|def|1
|
|upkeep
|turn|7
|inactive|Gyra78 has 30 seconds left.
|
|t:|1756254191
|move|p1b: Archaludon|Dragon Pulse|p2a: PennyBoard
|-damage|p2a: PennyBoard|24/100
|move|p1a: Gholdengo|Make It Rain|p2a: PennyBoard|[spread] p2a,p2b
|-resisted|p2b: ACвҡЎпёҺDC
|-damage|p2a: PennyBoard|0 fnt
|-damage|p2b: ACвҡЎпёҺDC|9/100
|-unboost|p1a: Gholdengo|spa|1
|-ability|p2b: ACвҡЎпёҺDC|Stamina|boost
|-boost|p2b: ACвҡЎпёҺDC|def|1
|faint|p2a: PennyBoard
|-damage|p1a: Gholdengo|50/100|[from] item: Life Orb
|move|p2b: ACвҡЎпёҺDC|Body Press|p1b: Archaludon
|-supereffective|p1b: Archaludon
|-damage|p1b: Archaludon|0 fnt
|faint|p1b: Archaludon
|
|upkeep
|
|t:|1756254198
|switch|p1b: Basculegion|Basculegion, L50, M|69/100
|switch|p2a: Davy Jones|Basculegion, L50, M, shiny|58/100
|turn|8
|inactive|Gyra78 has 30 seconds left.
|
|t:|1756254227
|move|p1b: Basculegion|Last Respects|p2a: Davy Jones
|-supereffective|p2a: Davy Jones
|-damage|p2a: Davy Jones|0 fnt
|faint|p2a: Davy Jones
|move|p1a: Gholdengo|Shadow Ball|p2b: ACвҡЎпёҺDC
|-damage|p2b: ACвҡЎпёҺDC|0 fnt
|faint|p2b: ACвҡЎпёҺDC
|-damage|p1a: Gholdengo|41/100|[from] item: Life Orb
|
|win|worsealuna
