|j|☆SceptileFan7a0
|j|☆Stalling_colin
|html|SceptileFan7a0Stalling_colin    
|uhtml|bestof|Game 3 of a best-of-3
|t:|1756677051
|gametype|doubles
|player|p1|SceptileFan7a0|steven|1105
|player|p2|Stalling_colin|266|1176
|gen|9
|tier|[Gen 9] VGC 2025 Reg H (Bo3)
|rated|
|rule|Species Clause: Limit one of each Pokémon
|rule|Item Clause: Limit 1 of each item
|clearpoke
|poke|p1|Charizard, L50, F|
|poke|p1|Torkoal, L50, F|
|poke|p1|Porygon2, L50|
|poke|p1|Incineroar, L50, M|
|poke|p1|Jumpluff, L50, F|
|poke|p1|Ursaluna, L50, M|
|poke|p2|Tyranitar, L50, M|
|poke|p2|Gholdengo, L50|
|poke|p2|Garchomp, L50, M|
|poke|p2|Sneasler, L50, F|
|poke|p2|Indeedee, L50, M|
|poke|p2|Talonflame, L50, F|
|teampreview|4
|showteam|p1|Charizard||ChoiceSpecs|SolarPower|HeatWave,Overheat,WeatherBall,AirSlash|||F|||50|,,,,,Ghost]Torkoal||EjectPack|Drought|Eruption,Overheat,HelpingHand,Protect|||F|||50|,,,,,Fire]Porygon2||Eviolite|Download|IceBeam,TeraBlast,TrickRoom,Recover||||||50|,,,,,Fighting]Incineroar||SitrusBerry|Intimidate|FlareBlitz,KnockOff,FakeOut,PartingShot|||M|||50|,,,,,Ghost]Jumpluff||CovertCloak|Chlorophyll|SleepPowder,SunnyDay,RagePowder,Tailwind|||F|||50|,,,,,Water]Ursaluna||FlameOrb|Guts|HeadlongRush,Facade,Earthquake,Protect|||M|||50|,,,,,Ghost
|showteam|p2|Tyranitar||AssaultVest|SandStream|RockSlide,KnockOff,TeraBlast,LowKick|||M|||50|,,,,,Flying]Gholdengo||ChoiceSpecs|GoodasGold|MakeItRain,ShadowBall,PowerGem,Thunderbolt||||||50|,,,,,Steel]Garchomp||ClearAmulet|SandVeil|DragonClaw,StompingTantrum,Earthquake,Protect|||M|||50|,,,,,Water]Sneasler||PsychicSeed|Unburden|DireClaw,CloseCombat,ThroatChop,Coaching|||F|||50|,,,,,Flying]Indeedee||FocusSash|PsychicSurge|ExpandingForce,Imprison,TrickRoom,Protect|||M|||50|,,,,,Psychic]Talonflame||CovertCloak|GaleWings|FlareBlitz,DualWingbeat,Taunt,Tailwind|||F|||50|,,,,,Ghost
|j| SvenV2
|
|t:|1756677081
|teamsize|p1|4
|teamsize|p2|4
|start
|switch|p1a: Jumpluff|Jumpluff, L50, F|100/100
|switch|p1b: Torkoal|Torkoal, L50, F|100/100
|switch|p2a: Gholdengo|Gholdengo, L50|100/100
|switch|p2b: Talonflame|Talonflame, L50, F|100/100
|-weather|SunnyDay|[from] ability: Drought|[of] p1b: Torkoal
|turn|1
|l| SvenV2
|
|t:|1756677098
|-terastallize|p1a: Jumpluff|Water
|move|p2b: Talonflame|Tailwind|p2b: Talonflame
|-sidestart|p2: Stalling_colin|move: Tailwind
|move|p1a: Jumpluff|Sleep Powder|p2b: Talonflame
|-status|p2b: Talonflame|slp|[from] move: Sleep Powder
|move|p2a: Gholdengo|Power Gem|p1b: Torkoal
|-supereffective|p1b: Torkoal
|-damage|p1b: Torkoal|0 fnt
|faint|p1b: Torkoal
|
|-weather|SunnyDay|[upkeep]
|upkeep
|j| SvenV2
|
|t:|1756677116
|switch|p1b: Charizard|Charizard, L50, F|100/100
|turn|2
|l| SvenV2
|
|t:|1756677145
|cant|p2b: Talonflame|slp
|move|p1a: Jumpluff|Tailwind|p1a: Jumpluff
|-sidestart|p1: SceptileFan7a0|move: Tailwind
|move|p1b: Charizard|Weather Ball|p2a: Gholdengo
|-supereffective|p2a: Gholdengo
|-damage|p2a: Gholdengo|0 fnt
|faint|p2a: Gholdengo
|
|-weather|SunnyDay|[upkeep]
|-damage|p1b: Charizard|88/100|[from] ability: Solar Power|[of] p1b: Charizard
|upkeep
|
|t:|1756677157
|switch|p2a: Indeedee|Indeedee, L50, M|100/100
|-fieldstart|move: Psychic Terrain|[from] ability: Psychic Surge|[of] p2a: Indeedee
|turn|3
|
|t:|1756677179
|-curestatus|p2b: Talonflame|slp|[msg]
|move|p2b: Talonflame|Dual Wingbeat|p1b: Charizard
|-damage|p1b: Charizard|67/100
|-damage|p1b: Charizard|44/100
|-hitcount|p1b: Charizard|2
|move|p1a: Jumpluff|Sleep Powder|p2a: Indeedee
|-status|p2a: Indeedee|slp|[from] move: Sleep Powder
|move|p1b: Charizard|Weather Ball|p2b: Talonflame
|-resisted|p2b: Talonflame
|-damage|p2b: Talonflame|0 fnt
|faint|p2b: Talonflame
|cant|p2a: Indeedee|slp
|
|-weather|SunnyDay|[upkeep]
|-damage|p1b: Charizard|32/100|[from] ability: Solar Power|[of] p1b: Charizard
|upkeep
|
|t:|1756677191
|switch|p2b: Sneasler|Sneasler, L50, F|100/100
|-enditem|p2b: Sneasler|Psychic Seed
|-boost|p2b: Sneasler|spd|1|[from] item: Psychic Seed
|turn|4
|j| SvenV2
|
|t:|1756677205
|move|p2b: Sneasler|Dire Claw|p1b: Charizard
|-damage|p1b: Charizard|0 fnt
|faint|p1b: Charizard
|move|p1a: Jumpluff|Sleep Powder|p2b: Sneasler
|-status|p2b: Sneasler|slp|[from] move: Sleep Powder
|cant|p2a: Indeedee|slp
|
|-weather|SunnyDay|[upkeep]
|-sideend|p2: Stalling_colin|move: Tailwind
|upkeep
|
|t:|1756677214
|switch|p1b: Ursaluna|Ursaluna, L50, M|100/100
|turn|5
|
|t:|1756677229
|-terastallize|p2a: Indeedee|Psychic
|move|p1a: Jumpluff|Rage Powder|p1a: Jumpluff
|-singleturn|p1a: Jumpluff|move: Rage Powder
|cant|p2b: Sneasler|slp
|move|p1b: Ursaluna|Facade|p2b: Sneasler
|-damage|p2b: Sneasler|28/100 slp
|cant|p2a: Indeedee|slp
|
|-weather|none
|-sideend|p1: SceptileFan7a0|move: Tailwind
|-status|p1b: Ursaluna|brn|[from] item: Flame Orb
|upkeep
|turn|6
|l| SvenV2
|
|t:|1756677247
|cant|p2b: Sneasler|slp
|move|p1a: Jumpluff|Sleep Powder|p2a: Indeedee
|-fail|p2a: Indeedee|slp
|-curestatus|p2a: Indeedee|slp|[msg]
|move|p2a: Indeedee|Expanding Force|p1b: Ursaluna|[spread] p1a,p1b
|-damage|p1a: Jumpluff|20/100
|-damage|p1b: Ursaluna|32/100 brn
|move|p1b: Ursaluna|Facade|p2b: Sneasler
|-damage|p2b: Sneasler|0 fnt
|faint|p2b: Sneasler
|
|-damage|p1b: Ursaluna|27/100 brn|[from] brn
|upkeep
|turn|7
|
|t:|1756677273
|move|p1b: Ursaluna|Protect|p1b: Ursaluna
|-singleturn|p1b: Ursaluna|Protect
|move|p1a: Jumpluff|Sleep Powder|p2a: Indeedee
|-status|p2a: Indeedee|slp|[from] move: Sleep Powder
|cant|p2a: Indeedee|slp
|
|-damage|p1b: Ursaluna|21/100 brn|[from] brn
|-fieldend|move: Psychic Terrain
|upkeep
|turn|8
|j| SvenV2
|
|t:|1756677285
|move|p1a: Jumpluff|Tailwind|p1a: Jumpluff
|-sidestart|p1: SceptileFan7a0|move: Tailwind
|move|p1b: Ursaluna|Facade|p2a: Indeedee
|-enditem|p2a: Indeedee|Focus Sash
|-damage|p2a: Indeedee|1/100 slp
|cant|p2a: Indeedee|slp
|
|-damage|p1b: Ursaluna|15/100 brn|[from] brn
|upkeep
|turn|9
|
|t:|1756677295
|move|p1a: Jumpluff|Rage Powder|p1a: Jumpluff
|-singleturn|p1a: Jumpluff|move: Rage Powder
|move|p1b: Ursaluna|Facade|p2a: Indeedee
|-damage|p2a: Indeedee|0 fnt
|faint|p2a: Indeedee
|
|win|SceptileFan7a0
|raw|SceptileFan7a0's rating: 1105 → 1135(+30 for winning)
|raw|Stalling_colin's rating: 1176 → 1146(-30 for losing)
|l|☆Stalling_colin
|player|p2|
|l| SvenV2
