|j|☆bllgy
|j|☆easywhitechocolate
|html|bllgyeasywhitechocolate    
|uhtml|bestof|Game 1 of a best-of-3
|t:|1782618474
|gametype|doubles
|player|p1|bllgy|170|1000
|player|p2|easywhitechocolate|erika|1043
|gen|9
|tier|[Gen 9 Champions] VGC 2026 Reg M-B (Bo3)
|rated|
|rule|Species Clause: Limit one of each Pokémon
|rule|Item Clause: Limit 1 of each item
|clearpoke
|poke|p1|Dragapult, L50, M, shiny|
|poke|p1|Sylveon, L50, M|
|poke|p1|Staraptor, L50, F|
|poke|p1|Whimsicott, L50, M|
|poke|p1|Garchomp, L50, F|
|poke|p1|Kingambit, L50, F|
|poke|p2|Meganium, L50, F, shiny|
|poke|p2|Pelipper, L50, M|
|poke|p2|Typhlosion-Hisui, L50, F, shiny|
|poke|p2|Archaludon, L50, M|
|poke|p2|Dragonite, L50, F|
|poke|p2|Tauros-Paldea-Aqua, L50, M|
|teampreview|4
|showteam|p1|Dragapult||DragonFang|ClearBody|DragonClaw,ShadowBall,Protect,Round|Timid||M|||50|]Sylveon||FairyFeather|Pixilate|DrainingKiss,Round,HyperVoice,HyperBeam|Serious||M|||50|]Staraptor||Staraptite|Intimidate|CloseCombat,Tailwind,BraveBird,Protect|Jolly||F|||50|]Whimsicott||FocusSash|Prankster|Moonblast,Encore,SunnyDay,Tailwind|Timid||M|||50|]Garchomp||RoseliBerry|RoughSkin|DragonClaw,Protect,Earthquake,StompingTantrum|Adamant||F|||50|]Kingambit||BlackGlasses|Defiant|KowtowCleave,SuckerPunch,SwordsDance,Protect|Adamant||F|||50|
|showteam|p2|Meganium||Meganiumite|Overgrow|DazzlingGleam,Protect,WeatherBall,SolarBeam|Timid||F|||50|]Pelipper||FocusSash|Drizzle|Uturn,Protect,Tailwind,WideGuard|Bold||M|||50|]Typhlosion-Hisui||LifeOrb|Frisk|ShadowBall,HeatWave,Protect,RockSlide|Hasty||F|||50|]Archaludon||ChoiceScarf|Stalwart|DragonPulse,ElectroShot,FlashCannon,Protect|Timid||M|||50|]Dragonite||Dragoninite|Multiscale|Hurricane,DragonDance,DracoMeteor,Protect|Modest||F|||50|]Tauros-Paldea-Aqua||WhiteHerb|Intimidate|CloseCombat,WaveCrash,AquaJet,Protect|Jolly||M|||50|
|
|t:|1782618490
|teamsize|p1|4
|teamsize|p2|4
|start
|switch|p1a: Dragapult|Dragapult, L50, M, shiny|100/100
|switch|p1b: Sylveon|Sylveon, L50, M|100/100
|switch|p2a: Pelipper|Pelipper, L50, M|100/100
|switch|p2b: Meganium|Meganium, L50, F, shiny|100/100
|-weather|RainDance|[from] ability: Drizzle|[of] p2a: Pelipper
|turn|1
|
|t:|1782618510
|detailschange|p2b: Meganium|Meganium-Mega, L50, F, shiny
|-mega|p2b: Meganium|Meganium|Meganiumite
|move|p1a: Dragapult|Round|p2b: Meganium
|-damage|p2b: Meganium|80/100
|move|p1b: Sylveon|Round|p2b: Meganium|[from] move: Round
|-damage|p2b: Meganium|0 fnt
|faint|p2b: Meganium
|move|p2a: Pelipper|Tailwind|p2a: Pelipper
|-sidestart|p2: easywhitechocolate|move: Tailwind
|
|-weather|RainDance|[upkeep]
|upkeep
|
|t:|1782618525
|switch|p2b: Archaludon|Archaludon, L50, M|100/100
|turn|2
|
|t:|1782618535
|move|p1a: Dragapult|Protect|p1a: Dragapult
|-singleturn|p1a: Dragapult|Protect
|move|p2a: Pelipper|Wide Guard|p2a: Pelipper
|-singleturn|p2a: Pelipper|Wide Guard
|move|p2b: Archaludon|Flash Cannon|p1b: Sylveon
|-supereffective|p1b: Sylveon|1
|-damage|p1b: Sylveon|39/100
|move|p1b: Sylveon|Hyper Voice|p2a: Pelipper|[spread] 
|-activate|p2a: Pelipper|move: Wide Guard
|-activate|p2b: Archaludon|move: Wide Guard
|
|-weather|RainDance|[upkeep]
|upkeep
|turn|3
|
|t:|1782618555
|move|p2a: Pelipper|Wide Guard|p2a: Pelipper
|-singleturn|p2a: Pelipper|Wide Guard
|move|p2b: Archaludon|Flash Cannon|p1b: Sylveon
|-supereffective|p1b: Sylveon|1
|-damage|p1b: Sylveon|0 fnt
|faint|p1b: Sylveon
|move|p1a: Dragapult|Round|p2b: Archaludon
|-resisted|p2b: Archaludon|1
|-damage|p2b: Archaludon|86/100
|
|-weather|RainDance|[upkeep]
|upkeep
|
|t:|1782618566
|switch|p1b: Staraptor|Staraptor, L50, F|100/100
|-ability|p1b: Staraptor|Intimidate|boost
|-unboost|p2a: Pelipper|atk|1
|-unboost|p2b: Archaludon|atk|1
|turn|4
|
|t:|1782618582
|switch|p2b: Typhlosion|Typhlosion-Hisui, L50, F, shiny|100/100
|-item|p1a: Dragapult|Dragon Fang|[from] ability: Frisk|[of] p2b: Typhlosion
|-item|p1b: Staraptor|Staraptite|[from] ability: Frisk|[of] p2b: Typhlosion
|detailschange|p1b: Staraptor|Staraptor-Mega, L50, F
|-mega|p1b: Staraptor|Staraptor|Staraptite
|move|p2a: Pelipper|Protect||[still]
|-fail|p2a: Pelipper
|move|p1a: Dragapult|Dragon Claw|p2b: Typhlosion
|-damage|p2b: Typhlosion|46/100
|move|p1b: Staraptor|Tailwind|p1b: Staraptor
|-sidestart|p1: bllgy|move: Tailwind
|
|-weather|RainDance|[upkeep]
|-sideend|p2: easywhitechocolate|move: Tailwind
|upkeep
|turn|5
|
|t:|1782618607
|switch|p2b: Archaludon|Archaludon, L50, M|86/100
|move|p1a: Dragapult|Dragon Claw|p2b: Archaludon
|-damage|p2b: Archaludon|57/100
|move|p1b: Staraptor|Brave Bird|p2a: Pelipper
|-damage|p2a: Pelipper|44/100
|-damage|p1b: Staraptor|80/100|[from] Recoil
|move|p2a: Pelipper|Tailwind|p2a: Pelipper
|-sidestart|p2: easywhitechocolate|move: Tailwind
|
|-weather|none
|upkeep
|turn|6
|
|t:|1782618635
|move|p2a: Pelipper|Protect|p2a: Pelipper
|-singleturn|p2a: Pelipper|Protect
|move|p2b: Archaludon|Electro Shot||[still]
|-prepare|p2b: Archaludon|Electro Shot
|-boost|p2b: Archaludon|spa|1
|move|p1a: Dragapult|Dragon Claw|p2a: Pelipper
|-activate|p2a: Pelipper|move: Protect
|move|p1b: Staraptor|Close Combat|p2b: Archaludon
|-supereffective|p2b: Archaludon|1
|-damage|p2b: Archaludon|0 fnt
|-boost|p1b: Staraptor|def|1
|-boost|p1b: Staraptor|spd|1
|faint|p2b: Archaludon
|
|upkeep
|
|t:|1782618652
|switch|p2b: Typhlosion|Typhlosion-Hisui, L50, F, shiny|46/100
|-item|p1a: Dragapult|Dragon Fang|[from] ability: Frisk|[of] p2b: Typhlosion
|-item|p1b: Staraptor|Staraptite|[from] ability: Frisk|[of] p2b: Typhlosion
|turn|7
|-message|easywhitechocolate forfeited.
|raw|bllgy's rating: 1000 → 1045(+45 for winning)
|raw|easywhitechocolate's rating: 1043 → 1025(-18 for losing)
|
|win|bllgy
|l|☆easywhitechocolate
|player|p2|
