|j|☆zbsch
|j|☆minccino fan
|html|zbschminccino fan    
|uhtml|bestof|Game 1 of a best-of-3
|t:|1756271663
|gametype|doubles
|player|p1|zbsch|harlequin|1150
|player|p2|minccino fan|170|1062
|gen|9
|tier|[Gen 9] VGC 2025 Reg H (Bo3)
|rated|
|rule|Species Clause: Limit one of each Pokémon
|rule|Item Clause: Limit 1 of each item
|clearpoke
|poke|p1|Charizard, L50, M|
|poke|p1|Torkoal, L50, M|
|poke|p1|Jumpluff, L50, F|
|poke|p1|Archaludon, L50, F|
|poke|p1|Sneasler, L50, M|
|poke|p1|Indeedee, L50, M|
|poke|p2|Charizard, L50, F|
|poke|p2|Torkoal, L50, F|
|poke|p2|Porygon2, L50|
|poke|p2|Incineroar, L50, M|
|poke|p2|Jumpluff, L50, M|
|poke|p2|Ursaluna, L50, F|
|teampreview|4
|showteam|p1|Charizard||LifeOrb|SolarPower|HeatWave,Protect,WeatherBall,AirSlash|||M|||50|,,,,,Fire]Torkoal||EjectPack|Drought|Eruption,HeatWave,HelpingHand,Protect|||M|||50|,,,,,Fire]Jumpluff||CovertCloak|Chlorophyll|SleepPowder,Tailwind,RagePowder,SunnyDay|||F|||50|,,,,,Water]Archaludon||PowerHerb|Stamina|Protect,ElectroShot,DracoMeteor,FlashCannon|||F|||50|,,,,,Dragon]Sneasler||PsychicSeed|Unburden|DireClaw,ThroatChop,CloseCombat,Protect|||M|||50|,,,,,Dark]Indeedee||ChoiceSpecs|PsychicSurge|ExpandingForce,TeraBlast,DazzlingGleam,Protect|||M|||50|,,,,,Fighting
|showteam|p2|Charizard||ChoiceSpecs|SolarPower|HeatWave,Overheat,WeatherBall,AirSlash|||F|||50|,,,,,Ghost]Torkoal||EjectPack|Drought|Eruption,Overheat,HelpingHand,Protect|||F|||50|,,,,,Fire]Porygon2||Eviolite|Download|TeraBlast,IceBeam,Recover,TrickRoom||||||50|,,,,,Fighting]Incineroar||SitrusBerry|Intimidate|FlareBlitz,KnockOff,FakeOut,PartingShot|||M|||50|,,,,,Ghost]Jumpluff||CovertCloak|Chlorophyll|SleepPowder,SunnyDay,RagePowder,Tailwind|||M|||50|,,,,,Water]Ursaluna||FlameOrb|Guts|HeadlongRush,Facade,Earthquake,Protect|||F|||50|,,,,,Ghost
|inactive|Battle timer is ON: inactive players will automatically lose when time's up. (requested by minccino fan)
|
|t:|1756271681
|teamsize|p1|4
|teamsize|p2|4
|start
|switch|p1a: Indeedee|Indeedee, L50, M|100/100
|switch|p1b: Sneasler|Sneasler, L50, M|100/100
|switch|p2a: Incineroar|Incineroar, L50, M|100/100
|switch|p2b: Porygon2|Porygon2, L50|100/100
|-fieldstart|move: Psychic Terrain|[from] ability: Psychic Surge|[of] p1a: Indeedee
|-enditem|p1b: Sneasler|Psychic Seed
|-boost|p1b: Sneasler|spd|1|[from] item: Psychic Seed
|-ability|p2a: Incineroar|Intimidate|boost
|-unboost|p1a: Indeedee|atk|1
|-unboost|p1b: Sneasler|atk|1
|-ability|p2b: Porygon2|Download|boost
|-boost|p2b: Porygon2|atk|1
|turn|1
|
|t:|1756271696
|-terastallize|p1a: Indeedee|Fighting
|move|p1b: Sneasler|Close Combat|p2b: Porygon2
|-supereffective|p2b: Porygon2
|-damage|p2b: Porygon2|46/100
|-unboost|p1b: Sneasler|def|1
|-unboost|p1b: Sneasler|spd|1
|move|p1a: Indeedee|Expanding Force|p2b: Porygon2|[spread] p2b
|-immune|p2a: Incineroar
|-damage|p2b: Porygon2|0 fnt
|faint|p2b: Porygon2
|move|p2a: Incineroar|Flare Blitz|p1b: Sneasler
|-damage|p1b: Sneasler|0 fnt
|faint|p1b: Sneasler
|-damage|p2a: Incineroar|75/100|[from] Recoil
|
|upkeep
|
|t:|1756271714
|switch|p1b: Jumpluff|Jumpluff, L50, F|100/100
|switch|p2b: Ursaluna|Ursaluna, L50, F|100/100
|turn|2
|
|t:|1756271721
|switch|p2a: Jumpluff|Jumpluff, L50, M|100/100
|move|p2b: Ursaluna|Protect|p2b: Ursaluna
|-singleturn|p2b: Ursaluna|Protect
|move|p1b: Jumpluff|Sleep Powder|p2a: Jumpluff
|-immune|p2a: Jumpluff
|move|p1a: Indeedee|Expanding Force|p2b: Ursaluna|[spread] p2a
|-activate|p2b: Ursaluna|move: Protect
|-damage|p2a: Jumpluff|14/100
|
|-status|p2b: Ursaluna|brn|[from] item: Flame Orb
|upkeep
|turn|3
|
|t:|1756271744
|move|p2a: Jumpluff|Sleep Powder|p1a: Indeedee
|-status|p1a: Indeedee|slp|[from] move: Sleep Powder
|move|p1b: Jumpluff|Tailwind|p1b: Jumpluff
|-sidestart|p1: zbsch|move: Tailwind
|cant|p1a: Indeedee|slp
|move|p2b: Ursaluna|Facade|p1a: Indeedee
|-damage|p1a: Indeedee|0 fnt
|faint|p1a: Indeedee
|
|-damage|p2b: Ursaluna|95/100 brn|[from] brn
|upkeep
|
|t:|1756271753
|switch|p1a: Charizard|Charizard, L50, M, shiny|100/100
|turn|4
|inactive|minccino fan has 30 seconds left.
|inactive|zbsch has 30 seconds left.
|inactive|minccino fan has 20 seconds left.
|inactive|minccino fan has 15 seconds left.
|inactive|minccino fan has 10 seconds left.
|
|t:|1756271808
|switch|p2a: Incineroar|Incineroar, L50, M|75/100
|-ability|p2a: Incineroar|Intimidate|boost
|-unboost|p1a: Charizard|atk|1
|-unboost|p1b: Jumpluff|atk|1
|move|p2b: Ursaluna|Protect|p2b: Ursaluna
|-singleturn|p2b: Ursaluna|Protect
|move|p1b: Jumpluff|Rage Powder|p1b: Jumpluff
|-singleturn|p1b: Jumpluff|move: Rage Powder
|move|p1a: Charizard|Heat Wave|p2a: Incineroar|[spread] p2a
|-activate|p2b: Ursaluna|move: Protect
|-resisted|p2a: Incineroar
|-damage|p2a: Incineroar|55/100
|-damage|p1a: Charizard|91/100|[from] item: Life Orb
|
|-damage|p2b: Ursaluna|89/100 brn|[from] brn
|upkeep
|turn|5
|
|t:|1756271830
|switch|p2b: Jumpluff|Jumpluff, L50, M|14/100
|move|p1a: Charizard|Protect|p1a: Charizard
|-singleturn|p1a: Charizard|Protect
|move|p1b: Jumpluff|Sleep Powder|p2a: Incineroar|[miss]
|-miss|p1b: Jumpluff|p2a: Incineroar
|move|p2a: Incineroar|Flare Blitz|p1b: Jumpluff
|-supereffective|p1b: Jumpluff
|-crit|p1b: Jumpluff
|-damage|p1b: Jumpluff|0 fnt
|faint|p1b: Jumpluff
|-damage|p2a: Incineroar|26/100|[from] Recoil
|-enditem|p2a: Incineroar|Sitrus Berry|[eat]
|-heal|p2a: Incineroar|50/100|[from] item: Sitrus Berry
|
|-fieldend|move: Psychic Terrain
|upkeep
|turn|6
|
|t:|1756271849
|move|p1a: Charizard|Heat Wave|p2b: Jumpluff|[spread] p2a,p2b
|-resisted|p2a: Incineroar
|-supereffective|p2b: Jumpluff
|-damage|p2a: Incineroar|29/100
|-damage|p2b: Jumpluff|0 fnt
|faint|p2b: Jumpluff
|-damage|p1a: Charizard|81/100|[from] item: Life Orb
|move|p2a: Incineroar|Parting Shot|p1a: Charizard
|-unboost|p1a: Charizard|atk|1
|-unboost|p1a: Charizard|spa|1
|
|t:|1756271851
|switch|p2a: Ursaluna|Ursaluna, L50, F|89/100 brn|[from] Parting Shot
|
|-damage|p2a: Ursaluna|83/100 brn|[from] brn
|-sideend|p1: zbsch|move: Tailwind
|upkeep
|
|t:|1756271853
|switch|p2b: Incineroar|Incineroar, L50, M|29/100
|-ability|p2b: Incineroar|Intimidate|boost
|-unboost|p1a: Charizard|atk|1
|turn|7
|
|t:|1756271865
|move|p1a: Charizard|Protect|p1a: Charizard
|-singleturn|p1a: Charizard|Protect
|move|p2b: Incineroar|Fake Out|p1a: Charizard
|-activate|p1a: Charizard|move: Protect
|move|p2a: Ursaluna|Facade|p1a: Charizard
|-activate|p1a: Charizard|move: Protect
|
|-damage|p2a: Ursaluna|77/100 brn|[from] brn
|upkeep
|turn|8
|
|t:|1756271869
|move|p1a: Charizard|Heat Wave|p2a: Ursaluna|[spread] p2a,p2b
|-resisted|p2b: Incineroar
|-damage|p2a: Ursaluna|48/100 brn
|-damage|p2b: Incineroar|15/100
|-damage|p1a: Charizard|71/100|[from] item: Life Orb
|move|p2b: Incineroar|Knock Off|p1a: Charizard
|-damage|p1a: Charizard|12/100
|-enditem|p1a: Charizard|Life Orb|[from] move: Knock Off|[of] p2b: Incineroar
|move|p2a: Ursaluna|Facade|p1a: Charizard
|-damage|p1a: Charizard|0 fnt
|faint|p1a: Charizard
|
|win|minccino fan
