|j|â˜†Ssamuuelll
|j|â˜†MetaphorCrazyMonk
|html|SsamuuelllMetaphorCrazyMonk    
|uhtml|bestof|Game 1 of a best-of-3
|t:|1786103499
|gametype|doubles
|player|p1|Ssamuuelll|169|1227
|player|p2|MetaphorCrazyMonk|1|1325
|gen|9
|tier|[Gen 9 Champions] VGC 2026 Reg M-B (Bo3)
|rated|
|rule|Species Clause: Limit one of each PokÃ©mon
|rule|Item Clause: Limit 1 of each item
|clearpoke
|poke|p1|Staraptor, L50, M|
|poke|p1|Maushold-Four, L50|
|poke|p1|Sinistcha-Masterpiece, L50|
|poke|p1|Gholdengo, L50|
|poke|p1|Tyranitar, L50, M|
|poke|p1|Excadrill, L50, F|
|poke|p2|Starmie, L50, shiny|
|poke|p2|Blaziken, L50, M|
|poke|p2|Kingambit, L50, M|
|poke|p2|Garchomp, L50, M|
|poke|p2|Sylveon, L50, F|
|poke|p2|Farigiraf, L50, M|
|teampreview|4
|showteam|p1|Staraptor||Staraptite|Intimidate|CloseCombat,BraveBird,Tailwind,Protect|Jolly||M|||50|]Maushold-Four||ChopleBerry|FriendGuard|Charm,FollowMe,SuperFang,Protect|Timid|||||50|]Sinistcha-Masterpiece||SitrusBerry|Hospitality|MatchaGotcha,TrickRoom,RagePowder,Protect|Bold|||||50|]Gholdengo||LifeOrb|GoodasGold|MakeItRain,ShadowBall,NastyPlot,Protect|Modest|||||50|]Tyranitar||ChoiceScarf|SandStream|RockSlide,KnockOff,IcePunch,LowKick|Jolly||M|||50|]Excadrill||FocusSash|SandRush|HighHorsepower,IronHead,RockSlide,Protect|Adamant||F|||50|
|showteam|p2|Starmie||Starminite|Illuminate|Liquidation,ZenHeadbutt,IceSpinner,Protect|Jolly|||||50|]Blaziken||FocusSash|SpeedBoost|Overheat,AuraSphere,Coaching,Protect|Timid||M|||50|]Kingambit||ChopleBerry|Defiant|KowtowCleave,IronHead,SuckerPunch,Protect|Adamant||M|||50|]Garchomp||LifeOrb|RoughSkin|DragonClaw,StompingTantrum,RockSlide,Protect|Jolly||M|||50|]Sylveon||FairyFeather|Pixilate|HyperVoice,HyperBeam,Yawn,Detect|Modest||F|||50|]Farigiraf||SitrusBerry|ArmorTail|TwinBeam,Roar,TrickRoom,HelpingHand|Bold||M|||50|
|j| spadello
|c|â˜†MetaphorCrazyMonk|staraptor lo odio
|l| spadello
|
|t:|1786103558
|teamsize|p1|4
|teamsize|p2|4
|start
|switch|p1a: Staraptor|Staraptor, L50, M|100/100
|switch|p1b: Maushold|Maushold-Four, L50|100/100
|switch|p2a: Starmie|Starmie, L50, shiny|100/100
|switch|p2b: Blaziken|Blaziken, L50, M|100/100
|-ability|p1a: Staraptor|Intimidate|boost
|-unboost|p2a: Starmie|atk|1
|-unboost|p2b: Blaziken|atk|1
|turn|1
|j| estupinanthepuledr
|j| spadello
|
|t:|1786103582
|switch|p1a: Tyranitar|Tyranitar, L50, M|100/100
|-weather|Sandstorm|[from] ability: Sand Stream|[of] p1a: Tyranitar
|detailschange|p2a: Starmie|Starmie-Mega, L50, shiny
|-mega|p2a: Starmie|Starmie|Starminite
|move|p2a: Starmie|Zen Headbutt|p1a: Tyranitar
|-immune|p1a: Tyranitar
|move|p1b: Maushold|Charm|p2a: Starmie
|-unboost|p2a: Starmie|atk|2
|move|p2b: Blaziken|Aura Sphere|p1b: Maushold
|-supereffective|p1b: Maushold|1
|-enditem|p1b: Maushold|Chople Berry|[eat]
|-enditem|p1b: Maushold|Chople Berry|[weaken]
|-damage|p1b: Maushold|53/100
|
|-weather|Sandstorm|[upkeep]
|-damage|p2a: Starmie|94/100|[from] Sandstorm
|-damage|p1b: Maushold|46/100|[from] Sandstorm
|-damage|p2b: Blaziken|94/100|[from] Sandstorm
|-ability|p2b: Blaziken|Speed Boost|boost
|-boost|p2b: Blaziken|spe|1
|upkeep
|turn|2
|l| spadello
|j| cheat99
|j| spadello
|c|â˜†MetaphorCrazyMonk|sento olezzo
|
|t:|1786103619
|switch|p2a: Garchomp|Garchomp, L50, M|100/100
|move|p1b: Maushold|Follow Me|p1b: Maushold
|-singleturn|p1b: Maushold|move: Follow Me
|move|p2b: Blaziken|Coaching|p2a: Garchomp
|-boost|p2a: Garchomp|atk|1
|-boost|p2a: Garchomp|def|1
|move|p1a: Tyranitar|Rock Slide|p2a: Garchomp|[spread] p2a,p2b
|-resisted|p2a: Garchomp|1
|-damage|p2a: Garchomp|90/100
|-damage|p2b: Blaziken|47/100
|
|-weather|Sandstorm|[upkeep]
|-damage|p2b: Blaziken|42/100|[from] Sandstorm
|-damage|p1b: Maushold|40/100|[from] Sandstorm
|-ability|p2b: Blaziken|Speed Boost|boost
|-boost|p2b: Blaziken|spe|1
|upkeep
|turn|3
|l| spadello
|j| spadello
|
|t:|1786103650
|switch|p1a: Staraptor|Staraptor, L50, M|100/100
|-ability|p1a: Staraptor|Intimidate|boost
|-unboost|p2a: Garchomp|atk|1
|-unboost|p2b: Blaziken|atk|1
|move|p2b: Blaziken|Aura Sphere|p1b: Maushold
|-supereffective|p1b: Maushold|1
|-damage|p1b: Maushold|0 fnt
|faint|p1b: Maushold
|move|p2a: Garchomp|Stomping Tantrum|p1a: Staraptor
|-immune|p1a: Staraptor
|
|-weather|Sandstorm|[upkeep]
|-damage|p2b: Blaziken|36/100|[from] Sandstorm
|-damage|p1a: Staraptor|93/100|[from] Sandstorm
|-ability|p2b: Blaziken|Speed Boost|boost
|-boost|p2b: Blaziken|spe|1
|upkeep
|l| spadello
|
|t:|1786103677
|switch|p1b: Excadrill|Excadrill, L50, F|100/100
|turn|4
|j| spadello
|l| cheat99
|
|t:|1786103704
|detailschange|p1a: Staraptor|Staraptor-Mega, L50, M
|-mega|p1a: Staraptor|Staraptor|Staraptite
|move|p2b: Blaziken|Aura Sphere|p1b: Excadrill
|-supereffective|p1b: Excadrill|1
|-damage|p1b: Excadrill|6/100
|move|p1b: Excadrill|Rock Slide|p2b: Blaziken|[spread] p2a,p2b
|-resisted|p2a: Garchomp|1
|-damage|p2a: Garchomp|83/100
|-damage|p2b: Blaziken|4/100
|move|p1a: Staraptor|Tailwind|p1a: Staraptor
|-sidestart|p1: Ssamuuelll|move: Tailwind
|move|p2a: Garchomp|Rock Slide|p1a: Staraptor|[spread] p1a,p1b
|-resisted|p1b: Excadrill|2
|-damage|p1a: Staraptor|66/100
|-damage|p1b: Excadrill|0 fnt
|faint|p1b: Excadrill
|-damage|p2a: Garchomp|73/100|[from] item: Life Orb
|
|-weather|Sandstorm|[upkeep]
|-damage|p2b: Blaziken|0 fnt|[from] Sandstorm
|-damage|p1a: Staraptor|60/100|[from] Sandstorm
|faint|p2b: Blaziken
|upkeep
|
|t:|1786103725
|switch|p2b: Starmie|Starmie-Mega, L50, shiny|94/100
|switch|p1b: Tyranitar|Tyranitar, L50, M|100/100
|turn|5
|j| rovesciaporci
|j| cheat99
|
|t:|1786103754
|move|p2b: Starmie|Protect|p2b: Starmie
|-singleturn|p2b: Starmie|Protect
|move|p2a: Garchomp|Protect|p2a: Garchomp
|-singleturn|p2a: Garchomp|Protect
|move|p1b: Tyranitar|Knock Off|p2b: Starmie
|-activate|p2b: Starmie|move: Protect
|move|p1a: Staraptor|Close Combat|p2b: Starmie
|-activate|p2b: Starmie|move: Protect
|
|-weather|none
|upkeep
|turn|6
|l| spadello
|
|t:|1786103780
|switch|p2b: Kingambit|Kingambit, L50, M|100/100
|move|p1b: Tyranitar|Knock Off|p2b: Kingambit
|-resisted|p2b: Kingambit|1
|-damage|p2b: Kingambit|80/100
|-enditem|p2b: Kingambit|Chople Berry|[from] move: Knock Off|[of] p1b: Tyranitar
|move|p1a: Staraptor|Close Combat|p2b: Kingambit
|-supereffective|p2b: Kingambit|2
|-damage|p2b: Kingambit|0 fnt
|-boost|p1a: Staraptor|def|1
|-boost|p1a: Staraptor|spd|1
|faint|p2b: Kingambit
|move|p2a: Garchomp|Stomping Tantrum|p1b: Tyranitar
|-supereffective|p1b: Tyranitar|1
|-damage|p1b: Tyranitar|9/100
|-damage|p2a: Garchomp|63/100|[from] item: Life Orb
|
|upkeep
|j| spadello
|
|t:|1786103785
|switch|p2b: Starmie|Starmie-Mega, L50, shiny|94/100
|turn|7
|l| spadello
|
|t:|1786103801
|move|p2b: Starmie|Protect|p2b: Starmie
|-singleturn|p2b: Starmie|Protect
|move|p1b: Tyranitar|Knock Off|p2b: Starmie
|-activate|p2b: Starmie|move: Protect
|move|p1a: Staraptor|Close Combat|p2a: Garchomp
|-damage|p2a: Garchomp|21/100
|-boost|p1a: Staraptor|def|1
|-boost|p1a: Staraptor|spd|1
|-damage|p1a: Staraptor|48/100|[from] ability: Rough Skin|[of] p2a: Garchomp
|move|p2a: Garchomp|Dragon Claw|p1b: Tyranitar
|-damage|p1b: Tyranitar|0 fnt
|faint|p1b: Tyranitar
|-damage|p2a: Garchomp|11/100|[from] item: Life Orb
|
|-sideend|p1: Ssamuuelll|move: Tailwind
|upkeep
|turn|8
|j| spadello
|
|t:|1786103821
|move|p2b: Starmie|Ice Spinner|p1a: Staraptor
|-supereffective|p1a: Staraptor|1
|-damage|p1a: Staraptor|5/100
|move|p1a: Staraptor|Close Combat|p2a: Garchomp
|-damage|p2a: Garchomp|0 fnt
|-boost|p1a: Staraptor|def|1
|-boost|p1a: Staraptor|spd|1
|-damage|p1a: Staraptor|0 fnt|[from] ability: Rough Skin|[of] p2a: Garchomp
|faint|p2a: Garchomp
|faint|p1a: Staraptor
|
|win|MetaphorCrazyMonk
||MetaphorCrazyMonk is ready for game 2.
||Ssamuuelll is ready for game 2.
|uhtml|next|Next: Game 2 of 3
|l| cheat99
|l| spadello
|j| spadello
|l| spadello
|l| estupinanthepuledr
|j| goldaniga
|l| rovesciaporci
