|j|☆losandy
|j|☆Cello L.
|html|losandyCello L.    
|uhtml|bestof|Game 2 of a best-of-3
|t:|1782266464
|gametype|doubles
|player|p1|losandy|acetrainer-gen4dp|1088
|player|p2|Cello L.|cynthia-gen4|1118
|gen|9
|tier|[Gen 9 Champions] VGC 2026 Reg M-B (Bo3)
|rated|
|rule|Species Clause: Limit one of each Pokémon
|rule|Item Clause: Limit 1 of each item
|clearpoke
|poke|p1|Froslass, L50, F|
|poke|p1|Archaludon, L50, M|
|poke|p1|Grimmsnarl, L50, M|
|poke|p1|Pelipper, L50, M|
|poke|p1|Gholdengo, L50|
|poke|p1|Charizard, L50, F|
|poke|p2|Froslass, L50, F|
|poke|p2|Dragonite, L50, F|
|poke|p2|Garchomp, L50, M|
|poke|p2|Basculegion, L50, M|
|poke|p2|Sneasler, L50, F|
|poke|p2|Kingambit, L50, M|
|teampreview|4
|showteam|p1|Froslass||Froslassite|SnowCloak|Blizzard,RainDance,Psychic,Protect|Timid||F|||50|]Archaludon||ChoiceScarf|Sturdy|ElectroShot,AuraSphere,FlashCannon,DragonPulse|Modest||M|||50|]Grimmsnarl||Leftovers|Prankster|SpiritBreak,PartingShot,FakeOut,Trick|Impish||M|||50|]Pelipper||FocusSash|Drizzle|Hurricane,WeatherBall,Tailwind,Protect|Modest||M|||50|]Gholdengo||LifeOrb|GoodasGold|MakeItRain,NastyPlot,ShadowBall,Protect|Modest|||||50|]Charizard||CharizarditeY|Blaze|Hurricane,HeatWave,WeatherBall,Protect|Timid||F|||50|
|showteam|p2|Froslass||Froslassite|CursedBody|Blizzard,ShadowBall,AuroraVeil,Protect|Timid||F|||50|]Dragonite||Dragoninite|Multiscale|DragonPulse,Thunderbolt,Flamethrower,Protect|Modest||F|||50|]Garchomp||LifeOrb|RoughSkin|Earthquake,StompingTantrum,DragonClaw,Protect|Jolly||M|||50|]Basculegion||SitrusBerry|Adaptability|WaveCrash,LastRespects,AquaJet,Protect|Adamant||M|||50|]Sneasler||WhiteHerb|Unburden|CloseCombat,DireClaw,FakeOut,Protect|Jolly||F|||50|]Kingambit||BlackGlasses|Defiant|KowtowCleave,SuckerPunch,IronHead,Protect|Adamant||M|||50|
|inactive|Battle timer is ON: inactive players will automatically lose when time's up. (requested by Cello L.)
|
|t:|1782266539
|teamsize|p1|4
|teamsize|p2|4
|start
|switch|p1a: Archaludon|Archaludon, L50, M|100/100
|switch|p1b: Grimmsnarl|Grimmsnarl, L50, M|100/100
|switch|p2a: Grace|Froslass, L50, F|100/100
|switch|p2b: Stairs|Sneasler, L50, F|100/100
|turn|1
|inactive|losandy has 30 seconds left.
|
|t:|1782266566
|move|p2b: Stairs|Protect|p2b: Stairs
|-singleturn|p2b: Stairs|Protect
|move|p2a: Grace|Protect|p2a: Grace
|-singleturn|p2a: Grace|Protect
|move|p1b: Grimmsnarl|Parting Shot|p2a: Grace
|-activate|p2a: Grace|move: Protect
|move|p1a: Archaludon|Electro Shot||[still]
|-prepare|p1a: Archaludon|Electro Shot
|-boost|p1a: Archaludon|spa|1
|
|upkeep
|turn|2
|
|t:|1782266589
|move|p1b: Grimmsnarl|Parting Shot|p2a: Grace
|-unboost|p2a: Grace|atk|1
|-unboost|p2a: Grace|spa|1
|
|t:|1782266593
|switch|p1b: Pelipper|Pelipper, L50, M|100/100|[from] Parting Shot
|-weather|RainDance|[from] ability: Drizzle|[of] p1b: Pelipper
|move|p1a: Archaludon|Electro Shot|p2b: Stairs|[from] lockedmove
|-damage|p2b: Stairs|3/100
|move|p2b: Stairs|Close Combat|p1a: Archaludon
|-supereffective|p1a: Archaludon|1
|-ability|p1a: Archaludon|Sturdy
|-damage|p1a: Archaludon|1/100
|-unboost|p2b: Stairs|def|1
|-unboost|p2b: Stairs|spd|1
|-enditem|p2b: Stairs|White Herb
|-clearnegativeboost|p2b: Stairs|[silent]
|move|p2a: Grace|Shadow Ball|p1a: Archaludon
|-damage|p1a: Archaludon|0 fnt
|faint|p1a: Archaludon
|
|-weather|RainDance|[upkeep]
|upkeep
|
|t:|1782266616
|switch|p1a: Grimmsnarl|Grimmsnarl, L50, M|100/100
|turn|3
|
|t:|1782266631
|move|p2b: Stairs|Protect|p2b: Stairs
|-singleturn|p2b: Stairs|Protect
|move|p2a: Grace|Protect|p2a: Grace
|-singleturn|p2a: Grace|Protect
|move|p1a: Grimmsnarl|Fake Out|p2b: Stairs
|-activate|p2b: Stairs|move: Protect
|move|p1b: Pelipper|Tailwind|p1b: Pelipper
|-sidestart|p1: losandy|move: Tailwind
|
|-weather|RainDance|[upkeep]
|upkeep
|turn|4
|
|t:|1782266655
|detailschange|p2a: Grace|Froslass-Mega, L50, F
|-mega|p2a: Grace|Froslass|Froslassite
|-weather|Snowscape|[from] ability: Snow Warning|[of] p2a: Grace
|move|p1a: Grimmsnarl|Parting Shot|p2a: Grace
|-unboost|p2a: Grace|atk|1
|-unboost|p2a: Grace|spa|1
|
|t:|1782266660
|switch|p1a: Charizard|Charizard, L50, F|100/100|[from] Parting Shot
|move|p2b: Stairs|Dire Claw|p1b: Pelipper
|-damage|p1b: Pelipper|44/100
|-status|p1b: Pelipper|psn
|move|p1b: Pelipper|Weather Ball|p2b: Stairs
|-damage|p2b: Stairs|0 fnt
|faint|p2b: Stairs
|move|p2a: Grace|Blizzard|p1a: Charizard|[spread] p1a,p1b
|-damage|p1a: Charizard|70/100
|-damage|p1b: Pelipper|7/100 psn
|
|-weather|Snowscape|[upkeep]
|-damage|p1b: Pelipper|0 fnt|[from] psn
|faint|p1b: Pelipper
|upkeep
|
|t:|1782266680
|switch|p2b: Courage|Garchomp, L50, M|100/100
|switch|p1b: Grimmsnarl|Grimmsnarl, L50, M|100/100
|turn|5
|inactive|losandy has 30 seconds left.
|inactive|Cello L. has 30 seconds left.
|
|t:|1782266717
|move|p1a: Charizard|Weather Ball|p2b: Courage
|-supereffective|p2b: Courage|2
|-damage|p2b: Courage|0 fnt
|faint|p2b: Courage
|move|p2a: Grace|Shadow Ball|p1a: Charizard
|-damage|p1a: Charizard|45/100
|move|p1b: Grimmsnarl|Spirit Break|p2a: Grace
|-damage|p2a: Grace|71/100
|-unboost|p2a: Grace|spa|1
|
|-weather|Snowscape|[upkeep]
|upkeep
|
|t:|1782266720
|switch|p2b: Ambition|Kingambit, L50, M|100/100
|turn|6
|inactive|losandy has 30 seconds left.
|
|t:|1782266747
|detailschange|p1a: Charizard|Charizard-Mega-Y, L50, F
|-mega|p1a: Charizard|Charizard|Charizardite Y
|-weather|SunnyDay|[from] ability: Drought|[of] p1a: Charizard
|move|p2b: Ambition|Sucker Punch|p1a: Charizard
|-damage|p1a: Charizard|0 fnt
|faint|p1a: Charizard
|move|p2a: Grace|Blizzard|p1b: Grimmsnarl
|-damage|p1b: Grimmsnarl|77/100
|move|p1b: Grimmsnarl|Spirit Break|p2a: Grace
|-damage|p2a: Grace|28/100
|-unboost|p2a: Grace|spa|1
|
|-weather|SunnyDay|[upkeep]
|-heal|p1b: Grimmsnarl|82/100|[from] item: Leftovers
|-sideend|p1: losandy|move: Tailwind
|upkeep
|turn|7
|
|t:|1782266757
|move|p2a: Grace|Shadow Ball|p1b: Grimmsnarl
|-resisted|p1b: Grimmsnarl|1
|-damage|p1b: Grimmsnarl|75/100
|move|p1b: Grimmsnarl|Spirit Break|p2b: Ambition
|-damage|p2b: Ambition|77/100
|-unboost|p2b: Ambition|spa|1
|-ability|p2b: Ambition|Defiant|boost
|-boost|p2b: Ambition|atk|2
|move|p2b: Ambition|Iron Head|p1b: Grimmsnarl
|-supereffective|p1b: Grimmsnarl|1
|-damage|p1b: Grimmsnarl|0 fnt
|faint|p1b: Grimmsnarl
|
|win|Cello L.
|raw|losandy's rating: 1088 → 1067(-21 for losing)
|raw|Cello L.'s rating: 1118 → 1141(+23 for winning)
