|j|‽Sushi Bum
|j|☆mew mew season 2
|html|Sushi Bummew mew season 2    
|uhtml|bestof|Game 1 of a best-of-3
|t:|1782645469
|gametype|doubles
|player|p1|Sushi Bum|beni-ninja|1146
|player|p2|mew mew season 2|miku-psychic|1244
|gen|9
|tier|[Gen 9 Champions] VGC 2026 Reg M-B (Bo3)
|rated|
|rule|Species Clause: Limit one of each Pokémon
|rule|Item Clause: Limit 1 of each item
|clearpoke
|poke|p1|Talonflame, L50, M|
|poke|p1|Grimmsnarl, L50, M|
|poke|p1|Raichu, L50, F|
|poke|p1|Heliolisk, L50, F|
|poke|p1|Venusaur, L50, F|
|poke|p1|Mamoswine, L50, M|
|poke|p2|Floette-Eternal, L50, F|
|poke|p2|Delphox, L50, M|
|poke|p2|Kingambit, L50, F|
|poke|p2|Sneasler, L50, F|
|poke|p2|Sinistcha, L50|
|poke|p2|Incineroar, L50, M|
|teampreview|4
|showteam|p1|Talonflame||SharpBeak|GaleWings|BraveBird,Taunt,Tailwind,UpperHand|Adamant||M|||50|]Grimmsnarl||LightClay|Prankster|PartingShot,SpiritBreak,LightScreen,Reflect|Adamant||M|||50|]Raichu||RaichuniteY|LightningRod|ZapCannon,GrassKnot,FocusBlast,Protect|Timid||F|||50|]Heliolisk||ExpertBelt|DrySkin|Thunderbolt,HyperVoice,Protect,WeatherBall|Timid||F|||50|]Venusaur||LifeOrb|Chlorophyll|SludgeBomb,SleepPowder,GigaDrain,EarthPower|Timid||F|||50|]Mamoswine||FocusSash|Oblivious|StompingTantrum,IceShard,IcicleCrash,Protect|Jolly||M|||50|
|showteam|p2|Floette-Eternal||Floettite|FlowerVeil|Protect,CalmMind,DazzlingGleam,DrainingKiss|Modest||F|||50|]Delphox||Delphoxite|Blaze|HeatWave,Psychic,NastyPlot,Protect|Timid||M|||50|]Kingambit||BlackGlasses|Defiant|SuckerPunch,KowtowCleave,SwordsDance,Protect|Adamant||F|||50|]Sneasler||FocusSash|PoisonTouch|FakeOut,PoisonJab,CloseCombat,QuickGuard|Jolly||F|||50|]Sinistcha||KasibBerry|Hospitality|MatchaGotcha,RagePowder,LifeDew,TrickRoom|Calm|||||50|]Incineroar||SitrusBerry|Intimidate|FakeOut,FlareBlitz,ThroatChop,PartingShot|Bold||M|||50|
|inactive|Battle timer is ON: inactive players will automatically lose when time's up. (requested by Sushi Bum)
|inactive|mew mew season 2 has 60 seconds left.
|
|t:|1782645542
|teamsize|p1|4
|teamsize|p2|4
|start
|switch|p1a: Talonflame|Talonflame, L50, M|100/100
|switch|p1b: Raichu|Raichu, L50, F|100/100
|switch|p2a: Delphox|Delphox, L50, M|100/100
|switch|p2b: Incineroar|Incineroar, L50, M|100/100
|-ability|p2b: Incineroar|Intimidate|boost
|-unboost|p1a: Talonflame|atk|1
|-unboost|p1b: Raichu|atk|1
|turn|1
|inactive|mew mew season 2 has 30 seconds left.
|inactive|mew mew season 2 has 20 seconds left.
|
|t:|1782645578
|switch|p2b: Sinistcha|Sinistcha, L50|100/100
|detailschange|p1b: Raichu|Raichu-Mega-Y, L50, F
|-mega|p1b: Raichu|Raichu|Raichunite Y
|detailschange|p2a: Delphox|Delphox-Mega, L50, M
|-mega|p2a: Delphox|Delphox|Delphoxite
|move|p1a: Talonflame|Upper Hand||[still]
|-fail|p1a: Talonflame
|move|p2a: Delphox|Nasty Plot|p2a: Delphox
|-boost|p2a: Delphox|spa|2
|move|p1b: Raichu|Zap Cannon|p2a: Delphox
|-damage|p2a: Delphox|33/100
|-status|p2a: Delphox|par
|
|upkeep
|turn|2
|inactive|Sushi Bum has 30 seconds left.
|inactive|mew mew season 2 has 30 seconds left.
|inactive|Sushi Bum has 20 seconds left.
|inactive|Sushi Bum has 15 seconds left.
|inactive|Sushi Bum has 10 seconds left.
|inactive|Sushi Bum has 5 seconds left.
|
|t:|1782645631
|move|p1b: Raichu|Protect|p1b: Raichu
|-singleturn|p1b: Raichu|Protect
|move|p2b: Sinistcha|Rage Powder|p2b: Sinistcha
|-singleturn|p2b: Sinistcha|move: Rage Powder
|move|p1a: Talonflame|Brave Bird|p2b: Sinistcha
|-supereffective|p2b: Sinistcha|1
|-damage|p2b: Sinistcha|24/100
|-damage|p1a: Talonflame|71/100|[from] Recoil
|move|p2a: Delphox|Heat Wave|p1b: Raichu|[spread] p1a
|-activate|p1b: Raichu|move: Protect
|-resisted|p1a: Talonflame|1
|-damage|p1a: Talonflame|9/100
|
|upkeep
|turn|3
|
|t:|1782645653
|switch|p2b: Incineroar|Incineroar, L50, M|100/100
|-ability|p2b: Incineroar|Intimidate|boost
|-unboost|p1a: Talonflame|atk|1
|-unboost|p1b: Raichu|atk|1
|cant|p2a: Delphox|par
|move|p1b: Raichu|Zap Cannon|p2b: Incineroar
|-damage|p2b: Incineroar|36/100
|-status|p2b: Incineroar|par
|-enditem|p2b: Incineroar|Sitrus Berry|[eat]
|-heal|p2b: Incineroar|61/100 par|[from] item: Sitrus Berry
|move|p1a: Talonflame|Brave Bird|p2a: Delphox
|-damage|p2a: Delphox|0 fnt
|faint|p2a: Delphox
|-damage|p1a: Talonflame|0 fnt|[from] Recoil
|faint|p1a: Talonflame
|
|upkeep
|
|t:|1782645663
|switch|p2a: Kingambit|Kingambit, L50, F|100/100
|switch|p1a: Venusaur|Venusaur, L50, F|100/100
|turn|4
|inactive|mew mew season 2 has 30 seconds left.
|inactive|mew mew season 2 has 20 seconds left.
|inactive|mew mew season 2 has 15 seconds left.
|
|t:|1782645708
|move|p1b: Raichu|Protect|p1b: Raichu
|-singleturn|p1b: Raichu|Protect
|move|p2b: Incineroar|Fake Out|p1b: Raichu
|-activate|p1b: Raichu|move: Protect
|move|p1a: Venusaur|Sleep Powder|p2a: Kingambit
|-status|p2a: Kingambit|slp|[from] move: Sleep Powder
|cant|p2a: Kingambit|slp
|
|upkeep
|turn|5
|inactive|mew mew season 2 has 30 seconds left.
|inactive|mew mew season 2 has 20 seconds left.
|
|t:|1782645743
|switch|p2a: Sinistcha|Sinistcha, L50|24/100
|-heal|p2b: Incineroar|86/100 par|[from] ability: Hospitality|[of] p2a: Sinistcha
|move|p1b: Raichu|Focus Blast|p2a: Sinistcha
|-immune|p2a: Sinistcha
|move|p1a: Venusaur|Earth Power|p2b: Incineroar
|-supereffective|p2b: Incineroar|1
|-damage|p2b: Incineroar|23/100 par
|-damage|p1a: Venusaur|90/100|[from] item: Life Orb
|move|p2b: Incineroar|Flare Blitz|p1a: Venusaur
|-supereffective|p1a: Venusaur|1
|-damage|p1a: Venusaur|0 fnt
|faint|p1a: Venusaur
|-damage|p2b: Incineroar|0 fnt|[from] Recoil
|faint|p2b: Incineroar
|
|upkeep
|
|t:|1782645758
|switch|p1a: Mamoswine|Mamoswine, L50, M|100/100
|switch|p2b: Kingambit|Kingambit, L50, F|100/100 slp
|turn|6
|
|t:|1782645782
|move|p1a: Mamoswine|Ice Shard|p2a: Sinistcha
|-supereffective|p2a: Sinistcha|1
|-damage|p2a: Sinistcha|0 fnt
|faint|p2a: Sinistcha
|cant|p2b: Kingambit|slp
|move|p1b: Raichu|Focus Blast|p2b: Kingambit
|-supereffective|p2b: Kingambit|2
|-damage|p2b: Kingambit|0 fnt
|faint|p2b: Kingambit
|
|win|Sushi Bum
