|j|☆zephnix
|j|☆breloomb01
|html|zephnixbreloomb01    
|uhtml|bestof|Game 1 of a best-of-3
|t:|1785688260
|gametype|doubles
|player|p1|zephnix|lucas-gen4pt|1106
|player|p2|breloomb01|roughneck|1224
|gen|9
|tier|[Gen 9 Champions] VGC 2026 Reg M-B (Bo3)
|rated|
|rule|Species Clause: Limit one of each Pokémon
|rule|Item Clause: Limit 1 of each item
|clearpoke
|poke|p1|Scizor, L50, F, shiny|
|poke|p1|Meowscarada, L50, M|
|poke|p1|Armarouge, L50, F|
|poke|p1|Milotic, L50, M|
|poke|p1|Clefable, L50, F|
|poke|p1|Meowstic, L50, M|
|poke|p2|Floette-Eternal, L50, F|
|poke|p2|Incineroar, L50, M|
|poke|p2|Sinistcha, L50|
|poke|p2|Garchomp, L50, M|
|poke|p2|Sneasler, L50, F|
|poke|p2|Rotom-Wash, L50|
|teampreview|4
|showteam|p1|Scizor||Scizorite|Technician|BulletPunch,BugBite,Protect,SwordsDance|Adamant||F|||50|]Meowscarada||FocusSash|Protean|SuckerPunch,KnockOff,FlowerTrick,TripleAxel|Jolly||M|||50|]Armarouge||ShucaBerry|FlashFire|HeatWave,Psychic,Protect,WideGuard|Quiet||F|||50|]Milotic||Leftovers|Competitive|Scald,IceBeam,Protect,LifeDew|Bold||M|||50|]Clefable||SitrusBerry|Unaware|Moonblast,FollowMe,Protect,LifeDew|Calm||F|||50|]Meowstic||Meowsticite|Prankster|FakeOut,Reflect,LightScreen,Psychic|Timid||M|||50|
|showteam|p2|Floette-Eternal||Floettite|FlowerVeil|DrainingKiss,DazzlingGleam,CalmMind,Protect|Modest||F|||50|]Incineroar||SitrusBerry|Intimidate|FakeOut,FlareBlitz,ThroatChop,PartingShot|Careful||M|||50|]Sinistcha||KasibBerry|Hospitality|Protect,RagePowder,MatchaGotcha,TrickRoom|Calm|||||50|]Garchomp||LifeOrb|RoughSkin|Earthquake,DragonClaw,RockSlide,Protect|Jolly||M|||50|]Sneasler||WhiteHerb|Unburden|FakeOut,DireClaw,CloseCombat,Protect|Jolly||F|||50|]Rotom-Wash||Leftovers|Levitate|HydroPump,Protect,WillOWisp,Electroweb|Bold|||||50|
|
|t:|1785688289
|teamsize|p1|4
|teamsize|p2|4
|start
|switch|p1a: Scizor|Scizor, L50, F, shiny|100/100
|switch|p1b: Meowstic|Meowstic, L50, M|100/100
|switch|p2a: Garchomp|Garchomp, L50, M|100/100
|switch|p2b: Sneasler|Sneasler, L50, F|100/100
|turn|1
|
|t:|1785688306
|move|p2b: Sneasler|Fake Out|p1a: Scizor
|-resisted|p1a: Scizor|1
|-damage|p1a: Scizor|92/100
|move|p1b: Meowstic|Fake Out|p2b: Sneasler
|-damage|p2b: Sneasler|91/100
|move|p2a: Garchomp|Dragon Claw|p1b: Meowstic
|-damage|p1b: Meowstic|21/100
|-damage|p2a: Garchomp|90/100|[from] item: Life Orb
|cant|p1a: Scizor|flinch
|
|upkeep
|turn|2
|
|t:|1785688327
|move|p1a: Scizor|Protect|p1a: Scizor
|-singleturn|p1a: Scizor|Protect
|move|p1b: Meowstic|Reflect|p1b: Meowstic
|-sidestart|p1: zephnix|Reflect
|move|p2b: Sneasler|Close Combat|p1a: Scizor
|-activate|p1a: Scizor|move: Protect
|move|p2a: Garchomp|Rock Slide|p1b: Meowstic|[spread] p1b
|-activate|p1a: Scizor|move: Protect
|-damage|p1b: Meowstic|0 fnt
|faint|p1b: Meowstic
|-damage|p2a: Garchomp|80/100|[from] item: Life Orb
|
|upkeep
|
|t:|1785688342
|switch|p1b: Clefable|Clefable, L50, F|100/100
|turn|3
|
|t:|1785688351
|switch|p2a: Incineroar|Incineroar, L50, M|100/100
|-ability|p2a: Incineroar|Intimidate|boost
|-unboost|p1a: Scizor|atk|1
|-unboost|p1b: Clefable|atk|1
|move|p1b: Clefable|Follow Me|p1b: Clefable
|-singleturn|p1b: Clefable|move: Follow Me
|move|p2b: Sneasler|Dire Claw|p1b: Clefable
|-supereffective|p1b: Clefable|1
|-damage|p1b: Clefable|40/100
|-enditem|p1b: Clefable|Sitrus Berry|[eat]
|-heal|p1b: Clefable|65/100|[from] item: Sitrus Berry
|move|p1a: Scizor|Swords Dance|p1a: Scizor
|-boost|p1a: Scizor|atk|2
|
|upkeep
|turn|4
|
|t:|1785688389
|move|p1a: Scizor|Protect|p1a: Scizor
|-singleturn|p1a: Scizor|Protect
|move|p1b: Clefable|Protect|p1b: Clefable
|-singleturn|p1b: Clefable|Protect
|move|p2a: Incineroar|Fake Out|p1a: Scizor
|-activate|p1a: Scizor|move: Protect
|move|p2b: Sneasler|Dire Claw|p1b: Clefable
|-activate|p1b: Clefable|move: Protect
|
|upkeep
|turn|5
|
|t:|1785688417
|switch|p2b: Garchomp|Garchomp, L50, M|80/100
|detailschange|p1a: Scizor|Scizor-Mega, L50, F, shiny
|-mega|p1a: Scizor|Scizor|Scizorite
|move|p1a: Scizor|Bug Bite|p2a: Incineroar
|-damage|p2a: Incineroar|39/100
|-enditem|p2a: Incineroar|Sitrus Berry|[from] stealeat|[move] Bug Bite|[of] p1a: Scizor
|-heal|p1a: Scizor|100/100|[from] item: Sitrus Berry
|move|p1b: Clefable|Moonblast|p2a: Incineroar
|-damage|p2a: Incineroar|15/100
|move|p2a: Incineroar|Parting Shot|p1a: Scizor
|-unboost|p1a: Scizor|atk|1
|-unboost|p1a: Scizor|spa|1
|
|t:|1785688429
|switch|p2a: Sneasler|Sneasler, L50, F|91/100|[from] Parting Shot
|
|upkeep
|turn|6
|
|t:|1785688446
|switch|p2b: Incineroar|Incineroar, L50, M|15/100
|-ability|p2b: Incineroar|Intimidate|boost
|-unboost|p1a: Scizor|atk|1
|-unboost|p1b: Clefable|atk|1
|move|p2a: Sneasler|Fake Out|p1b: Clefable
|-damage|p1b: Clefable|53/100
|move|p1a: Scizor|Swords Dance|p1a: Scizor
|-boost|p1a: Scizor|atk|2
|cant|p1b: Clefable|flinch
|
|-sideend|p1: zephnix|Reflect
|upkeep
|turn|7
|
|t:|1785688461
|switch|p2b: Garchomp|Garchomp, L50, M|80/100
|move|p1a: Scizor|Protect|p1a: Scizor
|-singleturn|p1a: Scizor|Protect
|move|p1b: Clefable|Protect|p1b: Clefable
|-singleturn|p1b: Clefable|Protect
|move|p2a: Sneasler|Dire Claw|p1b: Clefable
|-activate|p1b: Clefable|move: Protect
|
|upkeep
|turn|8
|
|t:|1785688478
|switch|p2a: Incineroar|Incineroar, L50, M|15/100
|-ability|p2a: Incineroar|Intimidate|boost
|-unboost|p1a: Scizor|atk|1
|-unboost|p1b: Clefable|atk|1
|move|p1a: Scizor|Bullet Punch|p2a: Incineroar
|-resisted|p2a: Incineroar|1
|-damage|p2a: Incineroar|1/100
|move|p2b: Garchomp|Earthquake|p1a: Scizor|[spread] p2a,p1a,p1b
|-supereffective|p2a: Incineroar|1
|-damage|p2a: Incineroar|0 fnt
|-damage|p1a: Scizor|59/100
|-damage|p1b: Clefable|0 fnt
|faint|p2a: Incineroar
|faint|p1b: Clefable
|-damage|p2b: Garchomp|70/100|[from] item: Life Orb
|
|upkeep
|
|t:|1785688492
|switch|p1b: Meowscarada|Meowscarada, L50, M|100/100
|switch|p2a: Sneasler|Sneasler, L50, F|91/100
|turn|9
|
|t:|1785688505
|move|p1a: Scizor|Protect|p1a: Scizor
|-singleturn|p1a: Scizor|Protect
|move|p1b: Meowscarada|Triple Axel|p2b: Garchomp
|-start|p1b: Meowscarada|typechange|Ice|[from] ability: Protean
|-supereffective|p2b: Garchomp|2
|-damage|p2b: Garchomp|24/100
|-damage|p1b: Meowscarada|88/100|[from] ability: Rough Skin|[of] p2b: Garchomp
|-supereffective|p2b: Garchomp|2
|-damage|p2b: Garchomp|0 fnt
|-damage|p1b: Meowscarada|76/100|[from] ability: Rough Skin|[of] p2b: Garchomp
|faint|p2b: Garchomp
|-hitcount|p2: Garchomp|2
|move|p2a: Sneasler|Close Combat|p1a: Scizor
|-activate|p1a: Scizor|move: Protect
|
|upkeep
|
|t:|1785688508
|switch|p2b: Floette|Floette-Eternal, L50, F|100/100
|turn|10
|
|t:|1785688536
|move|p2b: Floette|Protect|p2b: Floette
|-singleturn|p2b: Floette|Protect
|move|p1a: Scizor|Bullet Punch|p2a: Sneasler
|-damage|p2a: Sneasler|38/100
|move|p1b: Meowscarada|Triple Axel|p2a: Sneasler
|-damage|p2a: Sneasler|22/100
|-damage|p2a: Sneasler|0 fnt
|faint|p2a: Sneasler
|-hitcount|p2: Sneasler|2
|
|upkeep
|turn|11
|-message|breloomb01 forfeited.
|
|win|zephnix
