|j|☆tmjp01
|j|☆x5414
|html|tmjp01x5414    
|uhtml|bestof|Game 3 of a best-of-3
|t:|1782499447
|gametype|doubles
|player|p1|tmjp01|102|1263
|player|p2|x5414|266|1167
|gen|9
|tier|[Gen 9 Champions] VGC 2026 Reg M-B (Bo3)
|rated|
|rule|Species Clause: Limit one of each Pokémon
|rule|Item Clause: Limit 1 of each item
|clearpoke
|poke|p1|Corviknight, L50, M|
|poke|p1|Tyranitar, L50, F|
|poke|p1|Hydreigon, L50, M|
|poke|p1|Froslass, L50, F|
|poke|p1|Garchomp, L50, F|
|poke|p1|Arcanine-Hisui, L50, F|
|poke|p2|Grimmsnarl, L50, M|
|poke|p2|Incineroar, L50, M|
|poke|p2|Whimsicott, L50, M|
|poke|p2|Scizor, L50, F|
|poke|p2|Sinistcha, L50|
|poke|p2|Staraptor, L50, M|
|teampreview|4
|showteam|p1|Corviknight||OccaBerry|MirrorArmor|BraveBird,Protect,IronHead,Tailwind|Adamant||M|||50|]Tyranitar||Tyranitarite|SandStream|Protect,KnockOff,RockSlide,DragonDance|Adamant||F|||50|]Hydreigon||ChoiceScarf|Levitate|DarkPulse,DracoMeteor,EarthPower,ZenHeadbutt|Timid||M|||50|]Froslass||Froslassite|CursedBody|Blizzard,Protect,ShadowBall,WeatherBall|Timid||F|||50|]Garchomp||LifeOrb|RoughSkin|Protect,DragonClaw,RockSlide,Earthquake|Jolly||F|||50|]Arcanine-Hisui||FocusSash|RockHead|Protect,HeadSmash,ExtremeSpeed,FlareBlitz|Adamant||F|||50|
|showteam|p2|Grimmsnarl||LightClay|Prankster|LightScreen,Reflect,PartingShot,SpiritBreak|Careful||M|||50|]Incineroar||SitrusBerry|Intimidate|FakeOut,FlareBlitz,DarkestLariat,PartingShot|Relaxed||M|||50|]Whimsicott||FocusSash|Prankster|Protect,Moonblast,Tailwind,Charm|Bold||M|||50|]Scizor||Leftovers|Technician|Curse,Protect,BugBite,BulletPunch|Adamant||F|||50|]Sinistcha||OccaBerry|Hospitality|MatchaGotcha,RagePowder,TrickRoom,LifeDew|Sassy|||||50|]Staraptor||Staraptite|Intimidate|BraveBird,CloseCombat,Roost,Protect|Jolly||M|||50|
|inactive|Battle timer is ON: inactive players will automatically lose when time's up. (requested by x5414)
|inactive|tmjp01 has 60 seconds left.
|inactive|tmjp01 has 30 seconds left.
|inactive|tmjp01 has 20 seconds left.
|
|t:|1782499529
|teamsize|p1|4
|teamsize|p2|4
|start
|switch|p1a: Arcanine|Arcanine-Hisui, L50, F|100/100
|switch|p1b: Corviknight|Corviknight, L50, M|100/100
|switch|p2a: Staraptor|Staraptor, L50, M|100/100
|switch|p2b: Grimmsnarl|Grimmsnarl, L50, M|100/100
|-ability|p2a: Staraptor|Intimidate|boost
|-unboost|p1a: Arcanine|atk|1
|-ability|p1b: Corviknight|Mirror Armor
|-unboost|p2a: Staraptor|atk|1
|turn|1
|
|t:|1782499549
|detailschange|p2a: Staraptor|Staraptor-Mega, L50, M
|-mega|p2a: Staraptor|Staraptor|Staraptite
|move|p2b: Grimmsnarl|Reflect|p2b: Grimmsnarl
|-sidestart|p2: x5414|Reflect
|move|p2a: Staraptor|Close Combat|p1a: Arcanine
|-supereffective|p1a: Arcanine|1
|-damage|p1a: Arcanine|7/100
|-boost|p2a: Staraptor|def|1
|-boost|p2a: Staraptor|spd|1
|move|p1a: Arcanine|Flare Blitz|p2a: Staraptor
|-damage|p2a: Staraptor|81/100
|move|p1b: Corviknight|Brave Bird|p2a: Staraptor
|-supereffective|p2a: Staraptor|1
|-damage|p2a: Staraptor|46/100
|-damage|p1b: Corviknight|89/100|[from] Recoil
|
|upkeep
|turn|2
|
|t:|1782499568
|switch|p1a: Froslass|Froslass, L50, F|100/100
|move|p2b: Grimmsnarl|Parting Shot|p1a: Froslass
|-unboost|p1a: Froslass|atk|1
|-unboost|p1a: Froslass|spa|1
|
|t:|1782499572
|switch|p2b: Scizor|Scizor, L50, F|100/100|[from] Parting Shot
|move|p2a: Staraptor|Roost|p2a: Staraptor
|-heal|p2a: Staraptor|96/100
|-singleturn|p2a: Staraptor|move: Roost
|move|p1b: Corviknight|Tailwind|p1b: Corviknight
|-sidestart|p1: tmjp01|move: Tailwind
|
|upkeep
|turn|3
|
|t:|1782499582
|switch|p1a: Arcanine|Arcanine-Hisui, L50, F|7/100
|move|p1b: Corviknight|Protect|p1b: Corviknight
|-singleturn|p1b: Corviknight|Protect
|move|p2a: Staraptor|Protect|p2a: Staraptor
|-singleturn|p2a: Staraptor|Protect
|move|p2b: Scizor|Bullet Punch|p1a: Arcanine
|-damage|p1a: Arcanine|0 fnt
|faint|p1a: Arcanine
|
|upkeep
|
|t:|1782499590
|switch|p1a: Froslass|Froslass, L50, F|100/100
|turn|4
|
|t:|1782499601
|switch|p2a: Incineroar|Incineroar, L50, M|100/100
|-ability|p2a: Incineroar|Intimidate|boost
|-unboost|p1a: Froslass|atk|1
|-ability|p1b: Corviknight|Mirror Armor
|-unboost|p2a: Incineroar|atk|1
|detailschange|p1a: Froslass|Froslass-Mega, L50, F
|-mega|p1a: Froslass|Froslass|Froslassite
|-weather|Snowscape|[from] ability: Snow Warning|[of] p1a: Froslass
|move|p2b: Scizor|Bullet Punch|p1a: Froslass
|-supereffective|p1a: Froslass|1
|-damage|p1a: Froslass|22/100
|move|p1a: Froslass|Blizzard|p2b: Scizor|[spread] p2a,p2b
|-resisted|p2a: Incineroar|1
|-resisted|p2b: Scizor|1
|-damage|p2a: Incineroar|81/100
|-damage|p2b: Scizor|73/100
|move|p1b: Corviknight|Brave Bird|p2b: Scizor
|-damage|p2b: Scizor|42/100
|-damage|p1b: Corviknight|80/100|[from] Recoil
|
|-weather|Snowscape|[upkeep]
|-heal|p2b: Scizor|48/100|[from] item: Leftovers
|upkeep
|turn|5
|
|t:|1782499622
|switch|p1a: Garchomp|Garchomp, L50, F|100/100
|move|p2b: Scizor|Bullet Punch|p1a: Garchomp
|-damage|p1a: Garchomp|67/100
|-damage|p2b: Scizor|36/100|[from] ability: Rough Skin|[of] p1a: Garchomp
|move|p1b: Corviknight|Brave Bird|p2b: Scizor
|-damage|p2b: Scizor|9/100
|-damage|p1b: Corviknight|72/100|[from] Recoil
|move|p2a: Incineroar|Flare Blitz|p1b: Corviknight
|-supereffective|p1b: Corviknight|1
|-crit|p1b: Corviknight
|-enditem|p1b: Corviknight|Occa Berry|[eat]
|-enditem|p1b: Corviknight|Occa Berry|[weaken]
|-damage|p1b: Corviknight|13/100
|-damage|p2a: Incineroar|61/100|[from] Recoil
|
|-weather|Snowscape|[upkeep]
|-heal|p2b: Scizor|15/100|[from] item: Leftovers
|-sideend|p1: tmjp01|move: Tailwind
|upkeep
|turn|6
|
|t:|1782499638
|switch|p2b: Staraptor|Staraptor-Mega, L50, M|96/100
|move|p1a: Garchomp|Earthquake|p2b: Staraptor|[spread] p2a
|-immune|p1b: Corviknight
|-immune|p2b: Staraptor
|-supereffective|p2a: Incineroar|1
|-damage|p2a: Incineroar|11/100
|-enditem|p2a: Incineroar|Sitrus Berry|[eat]
|-heal|p2a: Incineroar|36/100|[from] item: Sitrus Berry
|-damage|p1a: Garchomp|57/100|[from] item: Life Orb
|move|p1b: Corviknight|Tailwind|p1b: Corviknight
|-sidestart|p1: tmjp01|move: Tailwind
|move|p2a: Incineroar|Flare Blitz|p1b: Corviknight
|-supereffective|p1b: Corviknight|1
|-damage|p1b: Corviknight|0 fnt
|faint|p1b: Corviknight
|-damage|p2a: Incineroar|32/100|[from] Recoil
|
|-weather|Snowscape|[upkeep]
|upkeep
|
|t:|1782499647
|switch|p1b: Froslass|Froslass-Mega, L50, F|22/100
|turn|7
|
|t:|1782499655
|switch|p2a: Grimmsnarl|Grimmsnarl, L50, M|100/100
|move|p2b: Staraptor|Protect|p2b: Staraptor
|-singleturn|p2b: Staraptor|Protect
|move|p1b: Froslass|Blizzard|p2b: Staraptor|[spread] p2a
|-activate|p2b: Staraptor|move: Protect
|-damage|p2a: Grimmsnarl|66/100
|move|p1a: Garchomp|Rock Slide|p2b: Staraptor|[spread] p2a
|-activate|p2b: Staraptor|move: Protect
|-damage|p2a: Grimmsnarl|45/100
|-damage|p1a: Garchomp|47/100|[from] item: Life Orb
|
|-weather|Snowscape|[upkeep]
|upkeep
|turn|8
|
|t:|1782499670
|switch|p2b: Incineroar|Incineroar, L50, M|32/100
|-ability|p2b: Incineroar|Intimidate|boost
|-unboost|p1a: Garchomp|atk|1
|-unboost|p1b: Froslass|atk|1
|move|p2a: Grimmsnarl|Parting Shot|p1b: Froslass
|-unboost|p1b: Froslass|atk|1
|-unboost|p1b: Froslass|spa|1
|
|t:|1782499674
|switch|p2a: Staraptor|Staraptor-Mega, L50, M|96/100|[from] Parting Shot
|move|p1b: Froslass|Weather Ball|p2b: Incineroar
|-resisted|p2b: Incineroar|1
|-damage|p2b: Incineroar|15/100
|move|p1a: Garchomp|Rock Slide|p2b: Incineroar|[spread] p2b
|-miss|p1a: Garchomp|p2a: Staraptor
|-supereffective|p2b: Incineroar|1
|-damage|p2b: Incineroar|0 fnt
|faint|p2b: Incineroar
|-damage|p1a: Garchomp|37/100|[from] item: Life Orb
|
|-weather|none
|-sideend|p2: x5414|Reflect
|upkeep
|
|t:|1782499681
|switch|p2b: Scizor|Scizor, L50, F|15/100
|turn|9
|
|t:|1782499690
|move|p1b: Froslass|Protect|p1b: Froslass
|-singleturn|p1b: Froslass|Protect
|move|p2a: Staraptor|Protect|p2a: Staraptor
|-singleturn|p2a: Staraptor|Protect
|move|p2b: Scizor|Protect|p2b: Scizor
|-singleturn|p2b: Scizor|Protect
|move|p1a: Garchomp|Earthquake|p2a: Staraptor|[spread] 
|-activate|p1b: Froslass|move: Protect
|-activate|p2a: Staraptor|move: Protect
|-activate|p2b: Scizor|move: Protect
|
|-heal|p2b: Scizor|21/100|[from] item: Leftovers
|-sideend|p1: tmjp01|move: Tailwind
|upkeep
|turn|10
|
|t:|1782499701
|move|p1b: Froslass|Protect||[still]
|-fail|p1b: Froslass
|move|p2b: Scizor|Bullet Punch|p1b: Froslass
|-supereffective|p1b: Froslass|1
|-damage|p1b: Froslass|0 fnt
|faint|p1b: Froslass
|move|p2a: Staraptor|Close Combat|p1a: Garchomp
|-damage|p1a: Garchomp|0 fnt
|-boost|p2a: Staraptor|def|1
|-boost|p2a: Staraptor|spd|1
|-damage|p2a: Staraptor|83/100|[from] ability: Rough Skin|[of] p1a: Garchomp
|faint|p1a: Garchomp
|
|win|x5414
|raw|tmjp01's rating: 1263 → 1231(-32 for losing)
|raw|x5414's rating: 1167 → 1199(+32 for winning)
|l|☆x5414
|player|p2|
