|j|☆mechabicho_14
|j|☆Truevillany123
|html|mechabicho_14Truevillany123    
|uhtml|bestof|Game 2 of a best-of-3
|t:|1757742018
|gametype|doubles
|player|p1|mechabicho_14|266|1032
|player|p2|Truevillany123|101|1111
|gen|9
|tier|[Gen 9] VGC 2025 Reg H (Bo3)
|rated|
|rule|Species Clause: Limit one of each Pokémon
|rule|Item Clause: Limit 1 of each item
|clearpoke
|poke|p1|Dragonite, L50, M|
|poke|p1|Farigiraf, L50, M|
|poke|p1|Annihilape, L50, M|
|poke|p1|Ursaluna, L50, M|
|poke|p1|Gholdengo, L50|
|poke|p1|Ninetales-Alola, L50, F|
|poke|p2|Dragonite, L50, F|
|poke|p2|Ursaluna-Bloodmoon, L50, M|
|poke|p2|Gholdengo, L50|
|poke|p2|Annihilape, L50, F|
|poke|p2|Ninetales-Alola, L50, M|
|poke|p2|Rillaboom, L50, M|
|teampreview|4
|showteam|p1|Dragonite||LoadedDice|Multiscale|Protect,Haze,ExtremeSpeed,ScaleShot|||M|||50|,,,,,Fairy]Farigiraf||SitrusBerry|ArmorTail|HyperVoice,Psychic,TrickRoom,Imprison|||M|||50|,,,,,Fairy]Annihilape||FocusSash|Defiant|CloseCombat,RageFist,Coaching,Taunt|||M|||50|,,,,,Fire]Ursaluna||FlameOrb|Guts|Protect,HeadlongRush,Facade,Earthquake|||M|||50|,,,,,Ghost]Gholdengo||LifeOrb|GoodasGold|Protect,NastyPlot,MakeItRain,ShadowBall||||||50|,,,,,Water]Ninetales-Alola||LightClay|SnowWarning|Blizzard,Encore,AuroraVeil,IcyWind|||F|||50|,,,,,Water
|showteam|p2|Dragonite||LoadedDice|Multiscale|ScaleShot,Protect,Haze,Tailwind|||F|||50|,,,,,Fairy]Ursaluna-Bloodmoon||LifeOrb|MindsEye|BloodMoon,HyperVoice,EarthPower,Protect|||M|||50|,,,,,Normal]Gholdengo||GrassySeed|GoodasGold|MakeItRain,ShadowBall,Protect,NastyPlot||||||50|,,,,,Water]Annihilape||SafetyGoggles|Defiant|DrainPunch,RageFist,Protect,BulkUp|||F|||50|,,,,,Fire]Ninetales-Alola||FocusSash|SnowWarning|FreezeDry,AuroraVeil,Encore,IcicleSpear|||M|||50|,,,,,Ghost]Rillaboom||AssaultVest|GrassySurge|FakeOut,WoodHammer,HighHorsepower,Uturn|||M|||50|,,,,,Fire
|c|☆Truevillany123|gg u won
|c|☆Truevillany123|gameb 2
|inactive|Battle timer is ON: inactive players will automatically lose when time's up. (requested by mechabicho_14)
|
|t:|1757742059
|teamsize|p1|4
|teamsize|p2|4
|start
|switch|p1a: Ninetales|Ninetales-Alola, L50, F|100/100
|switch|p1b: Gholdengo|Gholdengo, L50|100/100
|switch|p2a: Annihilape|Annihilape, L50, F|100/100
|switch|p2b: Ninetales|Ninetales-Alola, L50, M|100/100
|-weather|Snowscape|[from] ability: Snow Warning|[of] p2b: Ninetales
|turn|1
|
|t:|1757742083
|-terastallize|p2a: Annihilape|Fire
|-terastallize|p1b: Gholdengo|Water
|move|p2b: Ninetales|Icicle Spear|p2a: Annihilape
|-resisted|p2a: Annihilape
|-damage|p2a: Annihilape|98/100
|-resisted|p2a: Annihilape
|-damage|p2a: Annihilape|95/100
|-hitcount|p2a: Annihilape|2
|move|p1a: Ninetales|Aurora Veil|p1a: Ninetales
|-sidestart|p1: mechabicho_14|move: Aurora Veil
|move|p2a: Annihilape|Rage Fist|p1b: Gholdengo
|-damage|p1b: Gholdengo|55/100
|move|p1b: Gholdengo|Nasty Plot|p1b: Gholdengo
|-boost|p1b: Gholdengo|spa|2
|
|-weather|Snowscape|[upkeep]
|upkeep
|turn|2
|
|t:|1757742105
|move|p1b: Gholdengo|Protect|p1b: Gholdengo
|-singleturn|p1b: Gholdengo|Protect
|move|p2b: Ninetales|Aurora Veil|p2b: Ninetales
|-sidestart|p2: Truevillany123|move: Aurora Veil
|move|p1a: Ninetales|Icy Wind|p2a: Annihilape|[spread] p2a,p2b
|-resisted|p2a: Annihilape
|-resisted|p2b: Ninetales
|-damage|p2a: Annihilape|91/100
|-damage|p2b: Ninetales|96/100
|-unboost|p2a: Annihilape|spe|1
|-ability|p2a: Annihilape|Defiant|boost
|-boost|p2a: Annihilape|atk|2
|-unboost|p2b: Ninetales|spe|1
|move|p2a: Annihilape|Rage Fist|p1b: Gholdengo
|-activate|p1b: Gholdengo|move: Protect
|
|-weather|Snowscape|[upkeep]
|upkeep
|turn|3
|j| gggfffftttddd
|
|t:|1757742128
|move|p1a: Ninetales|Encore|p2b: Ninetales
|-start|p2b: Ninetales|Encore
|move|p1b: Gholdengo|Shadow Ball|p2a: Annihilape
|-damage|p2a: Annihilape|24/100
|-damage|p1b: Gholdengo|45/100|[from] item: Life Orb
|move|p2b: Ninetales|Aurora Veil||[still]
|-fail|p2b: Ninetales
|move|p2a: Annihilape|Drain Punch|p1b: Gholdengo
|-damage|p1b: Gholdengo|3/100
|-heal|p2a: Annihilape|41/100|[from] drain|[of] p1b: Gholdengo
|
|-weather|Snowscape|[upkeep]
|upkeep
|turn|4
|c|☆Truevillany123|gg
|c|☆Truevillany123|FUCK
|
|t:|1757742146
|move|p1a: Ninetales|Blizzard|p2b: Ninetales|[spread] p2a,p2b
|-resisted|p2a: Annihilape
|-resisted|p2b: Ninetales
|-damage|p2a: Annihilape|33/100
|-damage|p2b: Ninetales|86/100
|move|p1b: Gholdengo|Shadow Ball|p2a: Annihilape
|-damage|p2a: Annihilape|0 fnt
|faint|p2a: Annihilape
|-damage|p1b: Gholdengo|0 fnt|[from] item: Life Orb
|faint|p1b: Gholdengo
|move|p2b: Ninetales|Aurora Veil||[still]
|-fail|p2b: Ninetales
|
|-weather|Snowscape|[upkeep]
|upkeep
|
|t:|1757742154
|switch|p2a: Gholdengo|Gholdengo, L50|100/100
|switch|p1b: Ursaluna|Ursaluna, L50, M|100/100
|turn|5
|
|t:|1757742165
|move|p1b: Ursaluna|Protect|p1b: Ursaluna
|-singleturn|p1b: Ursaluna|Protect
|move|p1a: Ninetales|Icy Wind|p2b: Ninetales|[spread] p2a,p2b
|-resisted|p2a: Gholdengo
|-resisted|p2b: Ninetales
|-damage|p2a: Gholdengo|96/100
|-damage|p2b: Ninetales|82/100
|-unboost|p2a: Gholdengo|spe|1
|-unboost|p2b: Ninetales|spe|1
|move|p2a: Gholdengo|Shadow Ball|p2b: Ninetales
|-damage|p2b: Ninetales|46/100
|move|p2b: Ninetales|Aurora Veil||[still]
|-fail|p2b: Ninetales
|
|-weather|none
|-end|p2b: Ninetales|Encore
|-status|p1b: Ursaluna|brn|[from] item: Flame Orb
|upkeep
|turn|6
|
|t:|1757742183
|move|p1a: Ninetales|Icy Wind|p2b: Ninetales|[spread] p2a,p2b
|-resisted|p2a: Gholdengo
|-resisted|p2b: Ninetales
|-damage|p2a: Gholdengo|91/100
|-damage|p2b: Ninetales|41/100
|-unboost|p2a: Gholdengo|spe|1
|-unboost|p2b: Ninetales|spe|1
|move|p1b: Ursaluna|Earthquake|p2b: Ninetales|[spread] p1a,p2a,p2b
|-supereffective|p2a: Gholdengo
|-damage|p1a: Ninetales|45/100
|-damage|p2a: Gholdengo|0 fnt
|-damage|p2b: Ninetales|0 fnt
|faint|p2a: Gholdengo
|faint|p2b: Ninetales
|
|-damage|p1b: Ursaluna|94/100 brn|[from] brn
|-sideend|p2: Truevillany123|move: Aurora Veil
|upkeep
|
|t:|1757742192
|switch|p2b: Dragonite|Dragonite, L50, F, shiny|100/100
|turn|7
|c|☆Truevillany123|good fucking game
|
|t:|1757742198
|move|p1a: Ninetales|Icy Wind|p2b: Dragonite
|-supereffective|p2b: Dragonite
|-damage|p2b: Dragonite|67/100
|-unboost|p2b: Dragonite|spe|1
|move|p1b: Ursaluna|Facade|p2b: Dragonite
|-damage|p2b: Dragonite|0 fnt
|faint|p2b: Dragonite
|
|win|mechabicho_14
|raw|mechabicho_14's rating: 1032 → 1075(+43 for winning)
|raw|Truevillany123's rating: 1111 → 1080(-31 for losing)
|c|☆Truevillany123|DFUCK
