|j|☆Cheezewomanz
|j|☆lurkiyo
|html|Cheezewomanzlurkiyo    
|uhtml|bestof|Game 1 of a best-of-3
|t:|1784401928
|gametype|doubles
|player|p1|Cheezewomanz|169|
|player|p2|lurkiyo|2|
|gen|9
|tier|[Gen 9 Champions] VGC 2026 Reg M-B (Bo3)
|rule|Species Clause: Limit one of each Pokémon
|rule|Item Clause: Limit 1 of each item
|clearpoke
|poke|p1|Sableye, L50, M|
|poke|p1|Milotic, L50, M|
|poke|p1|Kingambit, L50, F|
|poke|p1|Hydreigon, L50, M|
|poke|p1|Tinkaton, L50, F|
|poke|p1|Bellibolt, L50, F|
|poke|p2|Pelipper, L50, F|
|poke|p2|Zoroark-Hisui, L50, F|
|poke|p2|Eelektross, L50, F|
|poke|p2|Toxapex, L50, M|
|poke|p2|Corviknight, L50, M|
|poke|p2|Archaludon, L50, M|
|teampreview|4
|showteam|p1|Sableye||Sablenite|KeenEye|WillOWisp,Recover,KnockOff,Taunt|Impish||M|||50|]Milotic||Leftovers|MarvelScale|Scald,Recover,IceBeam,Haze|Bold||M|||50|]Kingambit||BlackGlasses|SupremeOverlord|SuckerPunch,IronHead,Protect,KowtowCleave|Adamant||F|||50|]Hydreigon||ChoiceScarf|Levitate|DarkPulse,DracoMeteor,Flamethrower,Protect|Timid||M|||50|]Tinkaton||ShucaBerry|MoldBreaker|FakeOut,GigatonHammer,KnockOff,Protect|Careful||F|||50|]Bellibolt||SitrusBerry|Electromorphosis|Thunder,VoltSwitch,SlackOff,Protect|Bold||F|||50|
|showteam|p2|Pelipper||DampRock|Drizzle|Tailwind,Hurricane,WeatherBall,WideGuard|Modest||F|||50|]Zoroark-Hisui||ChoiceScarf|Illusion|BitterMalice,Protect,Taunt,Trick|Timid||F|||50|]Eelektross||Eelektrossite|Levitate|Protect,Thunder,VoltSwitch,StompingTantrum|Timid||F|||50|]Toxapex||Leftovers|Regenerator|BanefulBunker,Recover,ChillingWater,Haze|Bold||M|||50|]Corviknight||OccaBerry|MirrorArmor|Tailwind,Uturn,IronDefense,BodyPress|Calm||M|||50|]Archaludon||ChopleBerry|Stamina|DragonPulse,ElectroShot,FlashCannon,Protect|Timid||M|||50|
|
|t:|1784402014
|teamsize|p1|4
|teamsize|p2|4
|start
|switch|p1a: Sableye|Sableye, L50, M|100/100
|switch|p1b: Hydreigon|Hydreigon, L50, M|100/100
|switch|p2a: Pelipper|Pelipper, L50, F|100/100
|switch|p2b: Archaludon|Archaludon, L50, M|100/100
|-weather|RainDance|[from] ability: Drizzle|[of] p2a: Pelipper
|turn|1
|
|t:|1784402059
|switch|p1b: Bellibolt|Bellibolt, L50, F|100/100
|detailschange|p1a: Sableye|Sableye-Mega, L50, M
|-mega|p1a: Sableye|Sableye|Sablenite
|move|p2b: Archaludon|Trick||[still]
|-fail|p2b: Archaludon
|move|p2a: Pelipper|Tailwind|p2a: Pelipper
|-sidestart|p2: lurkiyo|move: Tailwind
|move|p1a: Sableye|Will-O-Wisp|p2b: Archaludon
|-status|p2b: Archaludon|brn
|
|-weather|RainDance|[upkeep]
|-damage|p2b: Archaludon|93/100 brn|[from] brn
|upkeep
|turn|2
|
|t:|1784402152
|switch|p2a: Eelektross|Eelektross, L50, F|100/100
|move|p2b: Archaludon|Trick|p1b: Bellibolt
|-activate|p2b: Archaludon|move: Trick|[of] p1b: Bellibolt
|-item|p1b: Bellibolt|Choice Scarf|[from] move: Trick
|-item|p2b: Archaludon|Sitrus Berry|[from] move: Trick
|move|p1b: Bellibolt|Thunder|p2b: Archaludon
|-damage|p2b: Archaludon|16/100 brn
|replace|p2b: Zoroark|Zoroark-Hisui, L50, F
|-end|p2b: Zoroark|Illusion
|-enditem|p2b: Zoroark|Sitrus Berry|[eat]
|-heal|p2b: Zoroark|41/100 brn|[from] item: Sitrus Berry
|move|p1a: Sableye|Taunt|p2a: Eelektross
|-start|p2a: Eelektross|move: Taunt
|
|-weather|RainDance|[upkeep]
|-damage|p2b: Zoroark|35/100 brn|[from] brn
|upkeep
|turn|3
|
|t:|1784402209
|switch|p1b: Hydreigon|Hydreigon, L50, M|100/100
|switch|p1a: Kingambit|Kingambit, L50, F|100/100
|detailschange|p2a: Eelektross|Eelektross-Mega, L50, F
|-mega|p2a: Eelektross|Eelektross|Eelektrossite
|move|p2b: Zoroark|Bitter Malice|p1b: Hydreigon
|-resisted|p1b: Hydreigon|1
|-damage|p1b: Hydreigon|75/100
|-unboost|p1b: Hydreigon|atk|1
|move|p2a: Eelektross|Stomping Tantrum|p1b: Hydreigon
|-immune|p1b: Hydreigon|[from] ability: Levitate
|
|-weather|RainDance|[upkeep]
|-damage|p2b: Zoroark|29/100 brn|[from] brn
|upkeep
|turn|4
|
|t:|1784402293
|switch|p2b: Pelipper|Pelipper, L50, F|100/100
|move|p1a: Kingambit|Sucker Punch|p2a: Eelektross
|-crit|p2a: Eelektross
|-damage|p2a: Eelektross|0 fnt
|faint|p2a: Eelektross
|move|p1b: Hydreigon|Draco Meteor|p2b: Pelipper
|-damage|p2b: Pelipper|9/100
|-unboost|p1b: Hydreigon|spa|2
|
|-weather|RainDance|[upkeep]
|-sideend|p2: lurkiyo|move: Tailwind
|upkeep
|
|t:|1784402304
|switch|p2a: Archaludon|Archaludon, L50, M|100/100
|turn|5
|
|t:|1784402364
|switch|p1b: Bellibolt|Bellibolt, L50, F|100/100
|switch|p2b: Pelipper|Pelipper, L50, F|29/100 brn
|move|p1a: Kingambit|Sucker Punch|p2a: Archaludon
|-damage|p2a: Archaludon|56/100
|-ability|p2a: Archaludon|Stamina|boost
|-boost|p2a: Archaludon|def|1
|move|p2a: Archaludon|Dragon Pulse|p1b: Bellibolt
|-damage|p1b: Bellibolt|58/100
|-start|p1b: Bellibolt|Charge|Dragon Pulse|[from] ability: Electromorphosis
|
|-weather|RainDance|[upkeep]
|-damage|p2b: Pelipper|23/100 brn|[from] brn
|upkeep
|turn|6
|
|t:|1784402451
|move|p1a: Kingambit|Sucker Punch|p2a: Archaludon
|-damage|p2a: Archaludon|26/100
|-ability|p2a: Archaludon|Stamina|boost
|-boost|p2a: Archaludon|def|1
|move|p2b: Pelipper|Taunt|p1b: Bellibolt
|-start|p1b: Bellibolt|move: Taunt
|move|p2a: Archaludon|Electro Shot||[still]
|-prepare|p2a: Archaludon|Electro Shot
|-boost|p2a: Archaludon|spa|1
|-anim|p2a: Archaludon|Electro Shot|p1a: Kingambit
|-damage|p1a: Kingambit|36/100
|move|p1b: Bellibolt|Thunder|p2a: Archaludon
|-resisted|p2a: Archaludon|1
|-damage|p2a: Archaludon|0 fnt
|faint|p2a: Archaludon
|-end|p1b: Bellibolt|Charge|[silent]
|
|-weather|RainDance|[upkeep]
|-damage|p2b: Pelipper|17/100 brn|[from] brn
|upkeep
|
|t:|1784402468
|switch|p2a: Pelipper|Pelipper, L50, F|9/100
|turn|7
|
|t:|1784402517
|-end|p1a: Kingambit|fallenundefined|[silent]
|switch|p1a: Sableye|Sableye-Mega, L50, M|100/100
|move|p2b: Pelipper|Bitter Malice|p1b: Bellibolt
|-damage|p1b: Bellibolt|22/100
|-unboost|p1b: Bellibolt|atk|1
|-start|p1b: Bellibolt|Charge|Bitter Malice|[from] ability: Electromorphosis
|move|p1b: Bellibolt|Thunder|p2b: Pelipper
|-damage|p2b: Pelipper|0 fnt
|replace|p2b: Zoroark|Zoroark-Hisui, L50, F
|-end|p2b: Zoroark|Illusion
|faint|p2b: Zoroark
|-end|p1b: Bellibolt|Charge|[silent]
|move|p2a: Pelipper|Weather Ball|p1a: Sableye
|-damage|p1a: Sableye|27/100
|
|-weather|RainDance|[upkeep]
|upkeep
|turn|8
|
|t:|1784402541
|move|p1b: Bellibolt|Thunder|p2a: Pelipper
|-supereffective|p2a: Pelipper|2
|-damage|p2a: Pelipper|0 fnt
|faint|p2a: Pelipper
|
|win|Cheezewomanz
||lurkiyo is ready for game 2.
|inactive|Cheezewomanz has 30 seconds to confirm battle start!
|inactive|Cheezewomanz has 20 seconds to confirm battle start!
|l|☆Cheezewomanz
|player|p1|
|inactive|Cheezewomanz has 10 seconds to confirm battle start!
|uhtml|next|Next: Game 2 of 3
|j| MZMG
|l| MZMG
