|j|☆lolgz
|j|☆MYSEEMBENTON
|html|lolgzMYSEEMBENTON    
|uhtml|bestof|Game 2 of a best-of-3
|t:|1783937506
|gametype|doubles
|player|p1|lolgz|dawn|1034
|player|p2|MYSEEMBENTON|265|1142
|gen|9
|tier|[Gen 9 Champions] VGC 2026 Reg M-B (Bo3)
|rated|
|rule|Species Clause: Limit one of each Pokémon
|rule|Item Clause: Limit 1 of each item
|clearpoke
|poke|p1|Kingambit, L50, M|
|poke|p1|Vivillon, L50, F|
|poke|p1|Incineroar, L50, M|
|poke|p1|Sinistcha, L50|
|poke|p1|Delphox, L50, F|
|poke|p1|Feraligatr, L50, M|
|poke|p2|Blaziken, L50, M|
|poke|p2|Charizard, L50, M|
|poke|p2|Garchomp, L50, M|
|poke|p2|Basculegion, L50, M|
|poke|p2|Kingambit, L50, F|
|poke|p2|Sinistcha-Masterpiece, L50|
|teampreview|4
|showteam|p1|Kingambit||BlackGlasses|Defiant|SuckerPunch,KowtowCleave,Protect,SwordsDance|Adamant||M|||50|]Vivillon||ChoiceScarf|CompoundEyes|SleepPowder,Hurricane,RagePowder,Tailwind|Timid||F|||50|]Incineroar||PasshoBerry|Intimidate|PartingShot,FakeOut,ThroatChop,FlareBlitz|Careful||M|||50|]Sinistcha||KasibBerry|Hospitality|MatchaGotcha,RagePowder,TrickRoom,Protect|Serious|||||50|]Delphox||Delphoxite|Blaze|HeatWave,Psychic,Protect,NastyPlot|Timid||F|||50|]Feraligatr||Feraligite|Torrent|Liquidation,BodySlam,Protect,DragonDance|Jolly||M|||50|
|showteam|p2|Blaziken||LifeOrb|SpeedBoost|FirePunch,Protect,FlareBlitz,CloseCombat|Adamant||M|||50|]Charizard||CharizarditeY|Blaze|SolarBeam,Protect,WeatherBall,HeatWave|Modest||M|||50|]Garchomp||SoftSand|SandVeil|Protect,StompingTantrum,RockSlide,DragonClaw|Adamant||M|||50|]Basculegion||ChoiceScarf|Adaptability|FlipTurn,IcyWind,WaveCrash,LastRespects|Adamant||M|||50|]Kingambit||BlackGlasses|Defiant|Protect,SuckerPunch,IronHead,KowtowCleave|Adamant||F|||50|]Sinistcha-Masterpiece||SitrusBerry|Hospitality|Protect,RagePowder,MatchaGotcha,LifeDew|Modest|||||50|
|inactive|Battle timer is ON: inactive players will automatically lose when time's up. (requested by lolgz)
|
|t:|1783937533
|teamsize|p1|4
|teamsize|p2|4
|start
|switch|p1a: Vivillon|Vivillon, L50, F|100/100
|switch|p1b: Feraligatr|Feraligatr, L50, M|100/100
|switch|p2a: Sinistcha|Sinistcha-Masterpiece, L50|100/100
|switch|p2b: Charizard|Charizard, L50, M|100/100
|turn|1
|
|t:|1783937539
|detailschange|p2b: Charizard|Charizard-Mega-Y, L50, M
|-mega|p2b: Charizard|Charizard|Charizardite Y
|-weather|SunnyDay|[from] ability: Drought|[of] p2b: Charizard
|detailschange|p1b: Feraligatr|Feraligatr-Mega, L50, M
|-mega|p1b: Feraligatr|Feraligatr|Feraligite
|move|p1a: Vivillon|Hurricane|p2a: Sinistcha|[miss]
|-miss|p1a: Vivillon|p2a: Sinistcha
|move|p2b: Charizard|Heat Wave|p1a: Vivillon|[spread] p1a,p1b
|-supereffective|p1a: Vivillon|1
|-resisted|p1b: Feraligatr|2
|-damage|p1a: Vivillon|0 fnt
|-damage|p1b: Feraligatr|83/100
|faint|p1a: Vivillon
|move|p1b: Feraligatr|Body Slam|p2a: Sinistcha
|-damage|p2a: Sinistcha|52/100
|move|p2a: Sinistcha|Matcha Gotcha|p1b: Feraligatr|[miss]
|-miss|p2a: Sinistcha|p1b: Feraligatr
|
|-weather|SunnyDay|[upkeep]
|upkeep
|
|t:|1783937541
|switch|p1a: Incineroar|Incineroar, L50, M|100/100
|-ability|p1a: Incineroar|Intimidate|boost
|-unboost|p2a: Sinistcha|atk|1
|-unboost|p2b: Charizard|atk|1
|turn|2
|inactive|MYSEEMBENTON has 30 seconds left.
|
|t:|1783937576
|move|p2a: Sinistcha|Protect|p2a: Sinistcha
|-singleturn|p2a: Sinistcha|Protect
|move|p1a: Incineroar|Fake Out|p2b: Charizard
|-damage|p2b: Charizard|84/100
|cant|p2b: Charizard|flinch
|move|p1b: Feraligatr|Dragon Dance|p1b: Feraligatr
|-boost|p1b: Feraligatr|atk|1
|-boost|p1b: Feraligatr|spe|1
|
|-weather|SunnyDay|[upkeep]
|upkeep
|turn|3
|
|t:|1783937594
|move|p1b: Feraligatr|Protect|p1b: Feraligatr
|-singleturn|p1b: Feraligatr|Protect
|move|p2a: Sinistcha|Rage Powder|p2a: Sinistcha
|-singleturn|p2a: Sinistcha|move: Rage Powder
|move|p2b: Charizard|Solar Beam||[still]
|-prepare|p2b: Charizard|Solar Beam
|-anim|p2b: Charizard|Solar Beam|p1b: Feraligatr
|-activate|p1b: Feraligatr|move: Protect
|move|p1a: Incineroar|Flare Blitz|p2a: Sinistcha
|-supereffective|p2a: Sinistcha|1
|-damage|p2a: Sinistcha|0 fnt
|faint|p2a: Sinistcha
|-damage|p1a: Incineroar|87/100|[from] Recoil
|
|-weather|SunnyDay|[upkeep]
|upkeep
|
|t:|1783937611
|switch|p2a: Blaziken|Blaziken, L50, M|100/100
|turn|4
|
|t:|1783937623
|move|p2a: Blaziken|Protect|p2a: Blaziken
|-singleturn|p2a: Blaziken|Protect
|move|p1b: Feraligatr|Body Slam|p2a: Blaziken
|-activate|p2a: Blaziken|move: Protect
|move|p2b: Charizard|Solar Beam||[still]
|-prepare|p2b: Charizard|Solar Beam
|-anim|p2b: Charizard|Solar Beam|p1b: Feraligatr
|-damage|p1b: Feraligatr|32/100
|move|p1a: Incineroar|Throat Chop|p2b: Charizard
|-damage|p2b: Charizard|40/100
|-start|p2b: Charizard|Throat Chop|[silent]
|
|-weather|SunnyDay|[upkeep]
|-ability|p2a: Blaziken|Speed Boost|boost
|-boost|p2a: Blaziken|spe|1
|upkeep
|turn|5
|inactive|lolgz has 30 seconds left.
|inactive|lolgz has 20 seconds left.
|
|t:|1783937660
|move|p1b: Feraligatr|Body Slam|p2a: Blaziken
|-damage|p2a: Blaziken|0 fnt
|faint|p2a: Blaziken
|move|p2b: Charizard|Heat Wave|p1a: Incineroar|[spread] p1a,p1b
|-resisted|p1a: Incineroar|1
|-resisted|p1b: Feraligatr|2
|-damage|p1a: Incineroar|59/100
|-damage|p1b: Feraligatr|16/100
|move|p1a: Incineroar|Throat Chop|p2b: Charizard
|-damage|p2b: Charizard|0 fnt
|faint|p2b: Charizard
|
|-weather|none
|upkeep
|l|☆MYSEEMBENTON
|inactive|MYSEEMBENTON disconnected and has a minute to reconnect!
|player|p2|
|inactive|MYSEEMBENTON has 30 seconds left.
|inactive|MYSEEMBENTON has 20 seconds left.
|inactive|MYSEEMBENTON has 15 seconds left.
|inactive|MYSEEMBENTON has 10 seconds left.
|inactive|MYSEEMBENTON has 5 seconds left.
|-message|MYSEEMBENTON lost due to inactivity.
|
|win|lolgz
|raw|lolgz's rating: 1034 → 1079(+45 for winning)
|raw|MYSEEMBENTON's rating: 1142 → 1109(-33 for losing)
