|j|☆RajDesai'sDog
|j|☆cynthia's grippers
|html|RajDesai'sDogcynthia's grippers    
|uhtml|bestof|Game 2 of a best-of-3
|t:|1755962337
|gametype|doubles
|player|p1|RajDesai'sDog|winona|1278
|player|p2|cynthia's grippers|pokemaniac|1185
|gen|9
|tier|[Gen 9] VGC 2025 Reg H (Bo3)
|rated|
|rule|Species Clause: Limit one of each Pokémon
|rule|Item Clause: Limit 1 of each item
|clearpoke
|poke|p1|Charizard, L50, M|
|poke|p1|Torkoal, L50, F|
|poke|p1|Porygon2, L50|
|poke|p1|Incineroar, L50, M|
|poke|p1|Jumpluff, L50, F|
|poke|p1|Ursaluna, L50, F|
|poke|p2|Rillaboom, L50, M|
|poke|p2|Magmar, L50, F|
|poke|p2|Kingambit, L50, M|
|poke|p2|Ninetales-Alola, L50, M|
|poke|p2|Basculegion, L50, M|
|poke|p2|Sneasler, L50, F|
|teampreview|4
|showteam|p1|Charizard||ChoiceSpecs|SolarPower|HeatWave,Overheat,WeatherBall,AirSlash|||M|||50|,,,,,Ghost]Torkoal||EjectPack|Drought|Eruption,Overheat,HelpingHand,Protect|||F|||50|,,,,,Fire]Porygon2||Eviolite|Download|TeraBlast,IceBeam,Recover,TrickRoom||||||50|,,,,,Fighting]Incineroar||SitrusBerry|Intimidate|FlareBlitz,KnockOff,FakeOut,PartingShot|||M|||50|,,,,,Ghost]Jumpluff||CovertCloak|Chlorophyll|SleepPowder,SunnyDay,RagePowder,Tailwind|||F|||50|,,,,,Water]Ursaluna||FlameOrb|Guts|HeadlongRush,Facade,Earthquake,Protect|||F|||50|,,,,,Ghost
|showteam|p2|Rillaboom||AssaultVest|GrassySurge|DrumBeating,GrassyGlide,FakeOut,Uturn|||M|||50|,,,,,Ghost]Magmar||Eviolite|VitalSpirit|Overheat,FollowMe,Taunt,Protect|||F|||50|,,,,,Ghost]Kingambit||BlackGlasses|Defiant|KowtowCleave,SuckerPunch,SwordsDance,Protect|||M|||50|,,,,,Fire]Ninetales-Alola||LifeOrb|SnowWarning|Blizzard,FreezeDry,Encore,Protect|||M|||50|,,,,,Ghost]Basculegion||ChoiceScarf|Adaptability|WaveCrash,LastRespects,FlipTurn,TeraBlast|||M|||50|,,,,,Fighting]Sneasler||FocusSash|PoisonTouch|CloseCombat,DireClaw,FakeOut,Protect|||F|||50|,,,,,Ghost
|inactive|Battle timer is ON: inactive players will automatically lose when time's up. (requested by RajDesai'sDog)
|inactive|RajDesai'sDog has 60 seconds left.
|
|t:|1755962376
|teamsize|p1|4
|teamsize|p2|4
|start
|switch|p1a: Ursaluna|Ursaluna, L50, F|100/100
|switch|p1b: Porygon2|Porygon2, L50|100/100
|switch|p2a: Kingambit|Kingambit, L50, M|100/100
|switch|p2b: Magmar|Magmar, L50, F|100/100
|-ability|p1b: Porygon2|Download|boost
|-boost|p1b: Porygon2|spa|1
|turn|1
|
|t:|1755962394
|switch|p2a: Basculegion|Basculegion, L50, M|100/100
|-terastallize|p1b: Porygon2|Fighting
|move|p2b: Magmar|Taunt|p1b: Porygon2
|-start|p1b: Porygon2|move: Taunt
|move|p1a: Ursaluna|Headlong Rush|p2b: Magmar
|-supereffective|p2b: Magmar
|-damage|p2b: Magmar|0 fnt
|-unboost|p1a: Ursaluna|def|1
|-unboost|p1a: Ursaluna|spd|1
|faint|p2b: Magmar
|move|p1b: Porygon2|Tera Blast|p2a: Basculegion|[anim] Tera Blast Fighting
|-immune|p2a: Basculegion
|
|-status|p1a: Ursaluna|brn|[from] item: Flame Orb
|upkeep
|
|t:|1755962406
|switch|p2b: Kingambit|Kingambit, L50, M|100/100
|turn|2
|
|t:|1755962423
|switch|p1a: Torkoal|Torkoal, L50, F|100/100
|-weather|SunnyDay|[from] ability: Drought|[of] p1a: Torkoal
|-terastallize|p2b: Kingambit|Fire
|move|p2a: Basculegion|Wave Crash|p1a: Torkoal
|-supereffective|p1a: Torkoal
|-damage|p1a: Torkoal|37/100
|-damage|p2a: Basculegion|82/100|[from] Recoil
|move|p1b: Porygon2|Tera Blast|p2b: Kingambit|[anim] Tera Blast Fighting
|-crit|p2b: Kingambit
|-damage|p2b: Kingambit|13/100
|move|p2b: Kingambit|Kowtow Cleave|p1b: Porygon2
|-resisted|p1b: Porygon2
|-damage|p1b: Porygon2|82/100
|
|-weather|SunnyDay|[upkeep]
|upkeep
|turn|3
|
|t:|1755962447
|switch|p1a: Incineroar|Incineroar, L50, M|100/100
|-ability|p1a: Incineroar|Intimidate|boost
|-unboost|p2a: Basculegion|atk|1
|-unboost|p2b: Kingambit|atk|1
|-ability|p2b: Kingambit|Defiant|boost
|-boost|p2b: Kingambit|atk|2
|move|p2b: Kingambit|Protect|p2b: Kingambit
|-singleturn|p2b: Kingambit|Protect
|move|p2a: Basculegion|Wave Crash|p1a: Incineroar
|-supereffective|p1a: Incineroar
|-crit|p1a: Incineroar
|-damage|p1a: Incineroar|0 fnt
|faint|p1a: Incineroar
|-damage|p2a: Basculegion|47/100|[from] Recoil
|move|p1b: Porygon2|Tera Blast|p2b: Kingambit|[anim] Tera Blast Fighting
|-activate|p2b: Kingambit|move: Protect
|
|-weather|SunnyDay|[upkeep]
|-end|p1b: Porygon2|move: Taunt
|upkeep
|
|t:|1755962468
|switch|p1a: Ursaluna|Ursaluna, L50, F|100/100 brn
|turn|4
|
|t:|1755962471
|move|p1a: Ursaluna|Protect|p1a: Ursaluna
|-singleturn|p1a: Ursaluna|Protect
|move|p2a: Basculegion|Wave Crash|p1b: Porygon2
|-damage|p1b: Porygon2|66/100
|-damage|p2a: Basculegion|42/100|[from] Recoil
|move|p2b: Kingambit|Swords Dance|p2b: Kingambit
|-boost|p2b: Kingambit|atk|2
|move|p1b: Porygon2|Trick Room|p1b: Porygon2
|-fieldstart|move: Trick Room|[of] p1b: Porygon2
|
|-weather|SunnyDay|[upkeep]
|-damage|p1a: Ursaluna|95/100 brn|[from] brn
|upkeep
|turn|5
|inactive|cynthia's grippers has 30 seconds left.
|
|t:|1755962501
|switch|p1a: Torkoal|Torkoal, L50, F|37/100
|move|p2b: Kingambit|Protect|p2b: Kingambit
|-singleturn|p2b: Kingambit|Protect
|move|p1b: Porygon2|Tera Blast|p2b: Kingambit|[anim] Tera Blast Fighting
|-activate|p2b: Kingambit|move: Protect
|move|p2a: Basculegion|Wave Crash|p1a: Torkoal
|-supereffective|p1a: Torkoal
|-damage|p1a: Torkoal|0 fnt
|faint|p1a: Torkoal
|-damage|p2a: Basculegion|31/100|[from] Recoil
|
|-weather|SunnyDay|[upkeep]
|upkeep
|
|t:|1755962503
|switch|p1a: Ursaluna|Ursaluna, L50, F|95/100 brn
|turn|6
|
|t:|1755962528
|switch|p2b: Sneasler|Sneasler, L50, F|100/100
|move|p1a: Ursaluna|Protect|p1a: Ursaluna
|-singleturn|p1a: Ursaluna|Protect
|move|p1b: Porygon2|Tera Blast|p2b: Sneasler|[anim] Tera Blast Fighting
|-resisted|p2b: Sneasler
|-damage|p2b: Sneasler|61/100
|move|p2a: Basculegion|Wave Crash|p1b: Porygon2
|-damage|p1b: Porygon2|49/100
|-damage|p2a: Basculegion|25/100|[from] Recoil
|
|-weather|none
|-damage|p1a: Ursaluna|89/100 brn|[from] brn
|upkeep
|turn|7
|
|t:|1755962550
|move|p2b: Sneasler|Fake Out|p1a: Ursaluna
|-damage|p1a: Ursaluna|77/100 brn
|move|p1b: Porygon2|Recover|p1b: Porygon2
|-heal|p1b: Porygon2|99/100
|cant|p1a: Ursaluna|flinch
|move|p2a: Basculegion|Wave Crash|p1a: Ursaluna
|-supereffective|p1a: Ursaluna
|-damage|p1a: Ursaluna|0 fnt
|faint|p1a: Ursaluna
|-damage|p2a: Basculegion|0 fnt|[from] Recoil
|faint|p2a: Basculegion
|
|upkeep
|
|t:|1755962559
|switch|p2a: Kingambit|Kingambit, L50, M, tera:Fire|13/100
|turn|8
|
|t:|1755962567
|move|p2a: Kingambit|Protect|p2a: Kingambit
|-singleturn|p2a: Kingambit|Protect
|move|p2b: Sneasler|Protect|p2b: Sneasler
|-singleturn|p2b: Sneasler|Protect
|move|p1b: Porygon2|Ice Beam|p2b: Sneasler
|-activate|p2b: Sneasler|move: Protect
|
|-fieldend|move: Trick Room
|upkeep
|turn|9
|
|t:|1755962586
|move|p2a: Kingambit|Sucker Punch|p1b: Porygon2
|-resisted|p1b: Porygon2
|-damage|p1b: Porygon2|83/100
|move|p2b: Sneasler|Dire Claw|p1b: Porygon2
|-damage|p1b: Porygon2|51/100
|move|p1b: Porygon2|Ice Beam|p2b: Sneasler
|-damage|p2b: Sneasler|0 fnt
|faint|p2b: Sneasler
|
|upkeep
|turn|10
|
|t:|1755962601
|move|p1b: Porygon2|Tera Blast|p2a: Kingambit|[anim] Tera Blast Fighting
|-damage|p2a: Kingambit|0 fnt
|faint|p2a: Kingambit
|
|win|RajDesai'sDog
|raw|RajDesai'sDog's rating: 1278 → 1296(+18 for winning)
|raw|cynthia's grippers's rating: 1185 → 1167(-18 for losing)
|c|☆cynthia's grippers|who
|c|☆RajDesai'sDog|raj desai's dog
|c|☆cynthia's grippers|yeah
|c|☆cynthia's grippers|from ireland
