|j|☆antman108
|j|☆profanitycleared
|html|antman108profanitycleared    
|uhtml|bestof|Game 2 of a best-of-3
|t:|1784434554
|gametype|doubles
|player|p1|antman108|ethan|
|player|p2|profanitycleared|parasollady|
|gen|9
|tier|[Gen 9 Champions] VGC 2026 Reg M-B (Bo3)
|rule|Species Clause: Limit one of each Pokémon
|rule|Item Clause: Limit 1 of each item
|clearpoke
|poke|p1|Gengar, L50, F|
|poke|p1|Politoed, L50, M|
|poke|p1|Dragonite, L50, F, shiny|
|poke|p1|Incineroar, L50, M|
|poke|p1|Vivillon-Pokeball, L50, F, shiny|
|poke|p1|Sylveon, L50, F, shiny|
|poke|p2|Garchomp, L50, M|
|poke|p2|Falinks, L50|
|poke|p2|Gholdengo, L50|
|poke|p2|Ninetales-Alola, L50, F|
|poke|p2|Volcarona, L50, F|
|poke|p2|Blastoise, L50, F|
|teampreview|4
|showteam|p1|Gengar||Gengarite|CursedBody|Protect,ShadowBall,Disable,PerishSong|Timid||F|||50|]Politoed||SitrusBerry|Drizzle|Protect,WeatherBall,Encore,PerishSong|Calm||M|||50|]Dragonite||Dragoninite|Multiscale|Hurricane,Protect,DragonPulse,ExtremeSpeed|Timid||F|||50|]Incineroar||PasshoBerry|Intimidate|FlareBlitz,FakeOut,PartingShot,Protect|Relaxed||M|||50|]Vivillon-Pokeball||FocusSash|CompoundEyes|Protect,Hurricane,RagePowder,SleepPowder|Timid||F|||50|]Sylveon||FairyFeather|Pixilate|Detect,HyperVoice,Yawn,HyperBeam|Modest||F|||50|
|showteam|p2|Garchomp||LifeOrb|RoughSkin|RockSlide,StompingTantrum,DragonClaw,Protect|Adamant||M|||50|]Falinks||Falinksite|Defiant|CloseCombat,KnockOff,Protect,NoRetreat|Jolly|||||50|]Gholdengo||SitrusBerry|GoodasGold|Protect,NastyPlot,MakeItRain,ShadowBall|Timid|||||50|]Ninetales-Alola||LightClay|SnowWarning|Encore,AuroraVeil,Blizzard,Moonblast|Timid||F|||50|]Volcarona||Leftovers|FlameBody|HeatWave,GigaDrain,Tailwind,QuiverDance|Calm||F|||50|]Blastoise||Blastoisinite|Torrent|ShellSmash,WaterSpout,DarkPulse,FakeOut|Modest||F|||50|
|
|t:|1784434597
|teamsize|p1|4
|teamsize|p2|4
|start
|switch|p1a: Gengar|Gengar, L50, F|100/100
|switch|p1b: Politoed|Politoed, L50, M|100/100
|switch|p2a: Garchomp|Garchomp, L50, M|100/100
|switch|p2b: Falinks|Falinks, L50|100/100
|-weather|RainDance|[from] ability: Drizzle|[of] p1b: Politoed
|turn|1
|
|t:|1784434637
|detailschange|p1a: Gengar|Gengar-Mega, L50, F
|-mega|p1a: Gengar|Gengar|Gengarite
|detailschange|p2b: Falinks|Falinks-Mega, L50
|-mega|p2b: Falinks|Falinks|Falinksite
|move|p1a: Gengar|Protect|p1a: Gengar
|-singleturn|p1a: Gengar|Protect
|move|p2b: Falinks|No Retreat|p2b: Falinks
|-boost|p2b: Falinks|atk|1
|-boost|p2b: Falinks|def|1
|-boost|p2b: Falinks|spa|1
|-boost|p2b: Falinks|spd|1
|-boost|p2b: Falinks|spe|1
|-start|p2b: Falinks|move: No Retreat
|move|p2a: Garchomp|Rock Slide|p1a: Gengar|[spread] 
|-activate|p1a: Gengar|move: Protect
|-miss|p2a: Garchomp|p1b: Politoed
|move|p1b: Politoed|Perish Song|p1b: Politoed
|-start|p1a: Gengar|perish3|[silent]
|-start|p1b: Politoed|perish3|[silent]
|-start|p2a: Garchomp|perish3|[silent]
|-start|p2b: Falinks|perish3|[silent]
|-fieldactivate|move: Perish Song
|
|-weather|RainDance|[upkeep]
|-start|p2b: Falinks|perish3
|-start|p1a: Gengar|perish3
|-start|p2a: Garchomp|perish3
|-start|p1b: Politoed|perish3
|upkeep
|turn|2
|
|t:|1784434717
|switch|p1b: Incineroar|Incineroar, L50, M|100/100
|-ability|p1b: Incineroar|Intimidate|boost
|-unboost|p2a: Garchomp|atk|1
|-unboost|p2b: Falinks|atk|1
|-ability|p2b: Falinks|Defiant|boost
|-boost|p2b: Falinks|atk|2
|move|p2b: Falinks|Close Combat|p1a: Gengar
|-immune|p1a: Gengar
|move|p1a: Gengar|Shadow Ball|p2b: Falinks
|-damage|p2b: Falinks|42/100
|move|p2a: Garchomp|Stomping Tantrum|p1a: Gengar
|-supereffective|p1a: Gengar|1
|-damage|p1a: Gengar|0 fnt
|faint|p1a: Gengar
|-damage|p2a: Garchomp|90/100|[from] item: Life Orb
|
|-weather|RainDance|[upkeep]
|-start|p2b: Falinks|perish2
|-start|p2a: Garchomp|perish2
|upkeep
|
|t:|1784434737
|switch|p1a: Vivillon|Vivillon-Pokeball, L50, F, shiny|100/100
|turn|3
|
|t:|1784434747
|switch|p2a: Ninetales|Ninetales-Alola, L50, F|100/100
|-weather|Snowscape|[from] ability: Snow Warning|[of] p2a: Ninetales
|move|p2b: Falinks|Close Combat|p1b: Incineroar
|-supereffective|p1b: Incineroar|1
|-damage|p1b: Incineroar|0 fnt
|-unboost|p2b: Falinks|def|1
|-unboost|p2b: Falinks|spd|1
|faint|p1b: Incineroar
|move|p1a: Vivillon|Hurricane|p2b: Falinks
|-supereffective|p2b: Falinks|1
|-damage|p2b: Falinks|0 fnt
|faint|p2b: Falinks
|
|-weather|Snowscape|[upkeep]
|upkeep
|
|t:|1784434776
|switch|p2b: Garchomp|Garchomp, L50, M|90/100
|switch|p1b: Politoed|Politoed, L50, M|100/100
|-weather|RainDance|[from] ability: Drizzle|[of] p1b: Politoed
|turn|4
|
|t:|1784434798
|move|p2a: Ninetales|Moonblast|p1a: Vivillon
|-damage|p1a: Vivillon|41/100
|move|p1a: Vivillon|Sleep Powder|p2b: Garchomp
|-status|p2b: Garchomp|slp|[from] move: Sleep Powder
|cant|p2b: Garchomp|slp
|move|p1b: Politoed|Weather Ball|p2b: Garchomp
|-damage|p2b: Garchomp|40/100 slp
|
|-weather|RainDance|[upkeep]
|upkeep
|turn|5
|
|t:|1784434813
|move|p2a: Ninetales|Moonblast|p1a: Vivillon
|-damage|p1a: Vivillon|0 fnt
|faint|p1a: Vivillon
|cant|p2b: Garchomp|slp
|move|p1b: Politoed|Weather Ball|p2b: Garchomp
|-damage|p2b: Garchomp|0 fnt
|faint|p2b: Garchomp
|
|-weather|RainDance|[upkeep]
|upkeep
|
|t:|1784434820
|switch|p2b: Gholdengo|Gholdengo, L50|100/100
|turn|6
|
|t:|1784434828
|move|p2a: Ninetales|Moonblast|p1b: Politoed
|-damage|p1b: Politoed|75/100
|move|p2b: Gholdengo|Shadow Ball|p1b: Politoed
|-damage|p1b: Politoed|49/100
|-unboost|p1b: Politoed|spd|1
|-enditem|p1b: Politoed|Sitrus Berry|[eat]
|-heal|p1b: Politoed|74/100|[from] item: Sitrus Berry
|move|p1b: Politoed|Weather Ball|p2b: Gholdengo
|-damage|p2b: Gholdengo|39/100
|-enditem|p2b: Gholdengo|Sitrus Berry|[eat]
|-heal|p2b: Gholdengo|64/100|[from] item: Sitrus Berry
|
|-weather|RainDance|[upkeep]
|upkeep
|turn|7
|
|t:|1784434837
|move|p2a: Ninetales|Moonblast|p1b: Politoed
|-damage|p1b: Politoed|40/100
|move|p2b: Gholdengo|Shadow Ball|p1b: Politoed
|-damage|p1b: Politoed|0 fnt
|faint|p1b: Politoed
|
|win|profanitycleared
|l|☆antman108
|player|p1|
