|j|☆Harry Koekenpan
|j|☆Gabrielmartinivgc
|html|Harry KoekenpanGabrielmartinivgc    
|uhtml|bestof|Game 1 of a best-of-3
|t:|1756228468
|gametype|doubles
|player|p1|Harry Koekenpan|265|
|player|p2|Gabrielmartinivgc|hiker-gen4|
|gen|9
|tier|[Gen 9] VGC 2025 Reg H (Bo3)
|rule|Species Clause: Limit one of each Pokémon
|rule|Item Clause: Limit 1 of each item
|clearpoke
|poke|p1|Sneasler, L50, M|
|poke|p1|Indeedee, L50, M|
|poke|p1|Volcarona, L50, M|
|poke|p1|Ursaluna-Bloodmoon, L50, M|
|poke|p1|Annihilape, L50, M|
|poke|p1|Tyranitar, L50, M|
|poke|p2|Archaludon, L50, M|
|poke|p2|Rillaboom, L50, F|
|poke|p2|Basculegion, L50, M|
|poke|p2|Kingambit, L50, F|
|poke|p2|Pelipper, L50, M|
|poke|p2|Electabuzz, L50, F|
|teampreview|4
|showteam|p1|Sneasler||PsychicSeed|Unburden|CloseCombat,DireClaw,ThroatChop,Protect|||M|||50|,,,,,Dark]Indeedee||ChoiceScarf|PsychicSurge|ExpandingForce,TeraBlast,Trick,Protect|||M|||50|,,,,,Psychic]Volcarona||SitrusBerry|FlameBody|Overheat,StruggleBug,RagePowder,Tailwind|||M|||50|,,,,,Grass]Ursaluna-Bloodmoon||LifeOrb|MindsEye|BloodMoon,HyperVoice,EarthPower,Protect|||M|||50|,,,,,Normal]Annihilape||SafetyGoggles|Defiant|CloseCombat,RageFist,Taunt,FinalGambit|||M|||50|,,,,,Fairy]Tyranitar||AssaultVest|SandStream|RockSlide,KnockOff,TeraBlast,LowKick|||M|||50|,,,,,Flying
|showteam|p2|Archaludon||AssaultVest|Stamina|ElectroShot,DracoMeteor,FlashCannon,BodyPress|||M|||50|,,,,,Bug]Rillaboom||LoadedDice|GrassySurge|BulletSeed,GrassyGlide,FakeOut,HighHorsepower|||F|||50|,,,,,Fire]Basculegion||ChoiceBand|SwiftSwim|WaveCrash,LastRespects,FlipTurn,AquaJet|||M|||50|,,,,,Grass]Kingambit||BlackGlasses|Defiant|KowtowCleave,SuckerPunch,SwordsDance,Protect|||F|||50|,,,,,Dark]Pelipper||FocusSash|Drizzle|WeatherBall,Hurricane,Tailwind,Protect|||M|||50|,,,,,Ghost]Electabuzz||Eviolite|VitalSpirit|Electroweb,Taunt,FollowMe,Protect|||F|||50|,,,,,Ghost
|c|☆Harry Koekenpan|succes knul
|c|☆Gabrielmartinivgc|Succes
|
|t:|1756228526
|teamsize|p1|4
|teamsize|p2|4
|start
|switch|p1a: Sneasler|Sneasler, L50, M|100/100
|switch|p1b: Indeedee|Indeedee, L50, M|100/100
|switch|p2a: Rillaboom|Rillaboom, L50, F|100/100
|switch|p2b: Basculegion|Basculegion, L50, M|100/100
|-fieldstart|move: Psychic Terrain|[from] ability: Psychic Surge|[of] p1b: Indeedee
|-enditem|p1a: Sneasler|Psychic Seed
|-boost|p1a: Sneasler|spd|1|[from] item: Psychic Seed
|-fieldstart|move: Grassy Terrain|[from] ability: Grassy Surge|[of] p2a: Rillaboom
|turn|1
|
|t:|1756228582
|switch|p1b: Tyranitar|Tyranitar, L50, M|100/100
|-weather|Sandstorm|[from] ability: Sand Stream|[of] p1b: Tyranitar
|move|p2a: Rillaboom|Fake Out|p1a: Sneasler
|-damage|p1a: Sneasler|75/100
|cant|p1a: Sneasler|flinch
|move|p2b: Basculegion|Flip Turn|p1b: Tyranitar
|-supereffective|p1b: Tyranitar
|-damage|p1b: Tyranitar|24/100
|
|t:|1756228601
|switch|p2b: Archaludon|Archaludon, L50, M|100/100|[from] Flip Turn
|
|-weather|Sandstorm|[upkeep]
|-damage|p1a: Sneasler|70/100|[from] Sandstorm
|-damage|p2a: Rillaboom|95/100|[from] Sandstorm
|-heal|p1a: Sneasler|75/100|[from] Grassy Terrain
|-heal|p2a: Rillaboom|100/100|[from] Grassy Terrain
|-heal|p1b: Tyranitar|29/100|[from] Grassy Terrain
|upkeep
|turn|2
|
|t:|1756228623
|switch|p2a: Basculegion|Basculegion, L50, M|100/100
|switch|p1b: Indeedee|Indeedee, L50, M|100/100
|-fieldstart|move: Psychic Terrain|[from] ability: Psychic Surge|[of] p1b: Indeedee
|-terastallize|p2b: Archaludon|Bug
|move|p1a: Sneasler|Dire Claw|p2a: Basculegion
|-resisted|p2a: Basculegion
|-damage|p2a: Basculegion|74/100
|-status|p2a: Basculegion|par
|move|p2b: Archaludon|Body Press|p1b: Indeedee
|-damage|p1b: Indeedee|47/100
|
|-weather|Sandstorm|[upkeep]
|-damage|p1a: Sneasler|70/100|[from] Sandstorm
|-damage|p1b: Indeedee|41/100|[from] Sandstorm
|-damage|p2b: Archaludon|94/100|[from] Sandstorm
|-damage|p2a: Basculegion|68/100 par|[from] Sandstorm
|upkeep
|turn|3
|
|t:|1756228653
|switch|p2b: Rillaboom|Rillaboom, L50, F|100/100
|-fieldstart|move: Grassy Terrain|[from] ability: Grassy Surge|[of] p2b: Rillaboom
|cant|p2a: Basculegion|par
|move|p1a: Sneasler|Dire Claw|p2b: Rillaboom
|-supereffective|p2b: Rillaboom
|-damage|p2b: Rillaboom|19/100
|-status|p2b: Rillaboom|psn
|move|p1b: Indeedee|Expanding Force|p2a: Basculegion
|-damage|p2a: Basculegion|19/100 par
|
|-weather|Sandstorm|[upkeep]
|-damage|p1a: Sneasler|64/100|[from] Sandstorm
|-damage|p1b: Indeedee|35/100|[from] Sandstorm
|-damage|p2b: Rillaboom|13/100 psn|[from] Sandstorm
|-damage|p2a: Basculegion|13/100 par|[from] Sandstorm
|-heal|p1a: Sneasler|70/100|[from] Grassy Terrain
|-heal|p1b: Indeedee|41/100|[from] Grassy Terrain
|-heal|p2b: Rillaboom|19/100 psn|[from] Grassy Terrain
|-heal|p2a: Basculegion|19/100 par|[from] Grassy Terrain
|-damage|p2b: Rillaboom|6/100 psn|[from] psn
|upkeep
|turn|4
|
|t:|1756228688
|move|p1a: Sneasler|Protect|p1a: Sneasler
|-singleturn|p1a: Sneasler|Protect
|move|p2b: Rillaboom|Grassy Glide|p1a: Sneasler
|-activate|p1a: Sneasler|move: Protect
|move|p2a: Basculegion|Aqua Jet|p1a: Sneasler
|-activate|p1a: Sneasler|move: Protect
|move|p1b: Indeedee|Expanding Force|p2a: Basculegion
|-damage|p2a: Basculegion|0 fnt
|faint|p2a: Basculegion
|
|-weather|Sandstorm|[upkeep]
|-damage|p1a: Sneasler|64/100|[from] Sandstorm
|-damage|p1b: Indeedee|35/100|[from] Sandstorm
|-damage|p2b: Rillaboom|0 fnt|[from] Sandstorm
|faint|p2b: Rillaboom
|-heal|p1a: Sneasler|70/100|[from] Grassy Terrain
|-heal|p1b: Indeedee|41/100|[from] Grassy Terrain
|upkeep
|
|t:|1756228698
|switch|p2a: Archaludon|Archaludon, L50, M, tera:Bug|94/100
|switch|p2b: Pelipper|Pelipper, L50, M|100/100
|-weather|RainDance|[from] ability: Drizzle|[of] p2b: Pelipper
|turn|5
|
|t:|1756228719
|switch|p1b: Tyranitar|Tyranitar, L50, M|29/100
|-weather|Sandstorm|[from] ability: Sand Stream|[of] p1b: Tyranitar
|move|p1a: Sneasler|Dire Claw|p2a: Archaludon
|-damage|p2a: Archaludon|62/100
|-ability|p2a: Archaludon|Stamina|boost
|-boost|p2a: Archaludon|def|1
|move|p2a: Archaludon|Body Press|p1b: Tyranitar
|-supereffective|p1b: Tyranitar
|-damage|p1b: Tyranitar|0 fnt
|faint|p1b: Tyranitar
|move|p2b: Pelipper|Hurricane|p1a: Sneasler
|-supereffective|p1a: Sneasler
|-damage|p1a: Sneasler|0 fnt
|faint|p1a: Sneasler
|
|-weather|Sandstorm|[upkeep]
|-damage|p2a: Archaludon|55/100|[from] Sandstorm
|-damage|p2b: Pelipper|95/100|[from] Sandstorm
|-heal|p2a: Archaludon|62/100|[from] Grassy Terrain
|upkeep
|
|t:|1756228737
|switch|p1a: Annihilape|Annihilape, L50, M|100/100
|switch|p1b: Indeedee|Indeedee, L50, M|41/100
|-fieldstart|move: Psychic Terrain|[from] ability: Psychic Surge|[of] p1b: Indeedee
|turn|6
|
|t:|1756228760
|move|p2b: Pelipper|Protect|p2b: Pelipper
|-singleturn|p2b: Pelipper|Protect
|move|p1b: Indeedee|Expanding Force|p2a: Archaludon|[spread] p2a
|-activate|p2b: Pelipper|move: Protect
|-damage|p2a: Archaludon|21/100
|-ability|p2a: Archaludon|Stamina|boost
|-boost|p2a: Archaludon|def|1
|move|p1a: Annihilape|Rage Fist|p2b: Pelipper
|-activate|p2b: Pelipper|move: Protect
|move|p2a: Archaludon|Body Press|p1b: Indeedee
|-damage|p1b: Indeedee|0 fnt
|faint|p1b: Indeedee
|
|-weather|Sandstorm|[upkeep]
|-damage|p2a: Archaludon|14/100|[from] Sandstorm
|-damage|p2b: Pelipper|89/100|[from] Sandstorm
|upkeep
|turn|7
|
|t:|1756228807
|move|p1a: Annihilape|Close Combat|p2b: Pelipper
|-resisted|p2b: Pelipper
|-damage|p2b: Pelipper|56/100
|-unboost|p1a: Annihilape|def|1
|-unboost|p1a: Annihilape|spd|1
|move|p2a: Archaludon|Flash Cannon|p1a: Annihilape
|-damage|p1a: Annihilape|54/100
|move|p2b: Pelipper|Tailwind|p2b: Pelipper
|-sidestart|p2: Gabrielmartinivgc|move: Tailwind
|
|-weather|Sandstorm|[upkeep]
|-damage|p2a: Archaludon|8/100|[from] Sandstorm
|-damage|p2b: Pelipper|50/100|[from] Sandstorm
|upkeep
|turn|8
|
|t:|1756228821
|move|p2a: Archaludon|Flash Cannon|p1a: Annihilape
|-damage|p1a: Annihilape|2/100
|move|p2b: Pelipper|Weather Ball|p1a: Annihilape
|-resisted|p1a: Annihilape
|-damage|p1a: Annihilape|0 fnt
|faint|p1a: Annihilape
|
|win|Gabrielmartinivgc
||Harry Koekenpan is ready for game 2.
|inactive|Gabrielmartinivgc has 30 seconds to confirm battle start!
|inactive|Gabrielmartinivgc has 20 seconds to confirm battle start!
||Gabrielmartinivgc is ready for game 2.
|uhtml|next|Next: Game 2 of 3
|l|☆Gabrielmartinivgc
|player|p2|
