|j|☆AquaShymon
|j|☆TheKuchai
|html|AquaShymonTheKuchai    
|uhtml|bestof|Game 3 of a best-of-3
|t:|1786201893
|gametype|doubles
|player|p1|AquaShymon|dawn|1005
|player|p2|TheKuchai|viola-masters|1047
|gen|9
|tier|[Gen 9 Champions] VGC 2026 Reg M-B (Bo3)
|rated|
|rule|Species Clause: Limit one of each Pokémon
|rule|Item Clause: Limit 1 of each item
|clearpoke
|poke|p1|Scrafty, L50, F|
|poke|p1|Mawile, L50, M|
|poke|p1|Farigiraf, L50, M|
|poke|p1|Torkoal, L50, F|
|poke|p1|Sylveon, L50, M|
|poke|p1|Venusaur, L50, M|
|poke|p2|Froslass, L50, F, shiny|
|poke|p2|Sneasler, L50, F|
|poke|p2|Basculegion, L50, M, shiny|
|poke|p2|Dragonite, L50, F, shiny|
|poke|p2|Kingambit, L50, F, shiny|
|poke|p2|Incineroar, L50, M|
|teampreview|4
|showteam|p1|Scrafty||Scraftinite|Intimidate|DrainPunch,KnockOff,FakeOut,Detect|Adamant||F|||50|]Mawile||Mawilite|HyperCutter|IronHead,PlayRough,SuckerPunch,SwordsDance|Brave||M|||50|]Farigiraf||ColburBerry|ArmorTail|Psychic,HelpingHand,TrickRoom,Protect|Bold||M|||50|]Torkoal||Charcoal|Drought|Eruption,WeatherBall,EarthPower,Protect|Modest||F|||50|]Sylveon||FairyFeather|Pixilate|HyperVoice,HyperBeam,QuickAttack,Detect|Modest||M|||50|]Venusaur||LifeOrb|Chlorophyll|SludgeBomb,EarthPower,SleepPowder,Protect|Modest||M|||50|
|showteam|p2|Froslass||Froslassite|CursedBody|Blizzard,ShadowBall,AuroraVeil,Protect|Modest||F|||50|]Sneasler||FocusSash|Unburden|FakeOut,CloseCombat,DireClaw,Feint|Jolly||F|||50|]Basculegion||MysticWater|Adaptability|WaveCrash,AquaJet,LastRespects,Protect|Adamant||M|||50|]Dragonite||Dragoninite|Multiscale|DragonPulse,HeatWave,Tailwind,Protect|Modest||F|||50|]Kingambit||ChopleBerry|Defiant|KowtowCleave,SuckerPunch,IronHead,LowKick|Adamant||F|||50|]Incineroar||SitrusBerry|Intimidate|FakeOut,FlareBlitz,ThroatChop,PartingShot|Adamant||M|||50|
|inactive|Battle timer is ON: inactive players will automatically lose when time's up. (requested by AquaShymon)
|inactive|AquaShymon has 60 seconds left.
|inactive|TheKuchai has 60 seconds left.
|
|t:|1786201944
|teamsize|p1|4
|teamsize|p2|4
|start
|switch|p1a: Scrafty|Scrafty, L50, F|100/100
|switch|p1b: Farigiraf|Farigiraf, L50, M|100/100
|switch|p2a: Heather|Sneasler, L50, F|100/100
|switch|p2b: It Says Sucker|Kingambit, L50, F, shiny|100/100
|-ability|p1a: Scrafty|Intimidate|boost
|-unboost|p2a: Heather|atk|1
|-unboost|p2b: It Says Sucker|atk|1
|-ability|p2b: It Says Sucker|Defiant|boost
|-boost|p2b: It Says Sucker|atk|2
|turn|1
|inactive|AquaShymon has 30 seconds left.
|inactive|TheKuchai has 30 seconds left.
|inactive|TheKuchai has 20 seconds left.
|inactive|TheKuchai has 15 seconds left.
|
|t:|1786201984
|move|p1a: Scrafty|Fake Out|p2a: Heather
|-damage|p2a: Heather|80/100
|cant|p2a: Heather|flinch
|move|p2b: It Says Sucker|Low Kick|p1a: Scrafty
|-supereffective|p1a: Scrafty|1
|-damage|p1a: Scrafty|31/100
|move|p1b: Farigiraf|Trick Room|p1b: Farigiraf
|-fieldstart|move: Trick Room|[of] p1b: Farigiraf
|
|upkeep
|turn|2
|inactive|TheKuchai has 30 seconds left.
|inactive|TheKuchai has 20 seconds left.
|inactive|TheKuchai has 15 seconds left.
|
|t:|1786202025
|switch|p2a: Vee Jay Sea Cat|Incineroar, L50, M|100/100
|-ability|p2a: Vee Jay Sea Cat|Intimidate|boost
|-unboost|p1a: Scrafty|atk|1
|-unboost|p1b: Farigiraf|atk|1
|move|p1a: Scrafty|Drain Punch|p2b: It Says Sucker
|-supereffective|p2b: It Says Sucker|2
|-enditem|p2b: It Says Sucker|Chople Berry|[eat]
|-enditem|p2b: It Says Sucker|Chople Berry|[weaken]
|-damage|p2b: It Says Sucker|67/100
|-heal|p1a: Scrafty|50/100g|[from] drain|[of] p2b: It Says Sucker
|move|p2b: It Says Sucker|Low Kick|p1a: Scrafty
|-supereffective|p1a: Scrafty|1
|-damage|p1a: Scrafty|0 fnt
|faint|p1a: Scrafty
|move|p1b: Farigiraf|Psychic|p2a: Vee Jay Sea Cat
|-immune|p2a: Vee Jay Sea Cat
|
|upkeep
|
|t:|1786202039
|switch|p1a: Torkoal|Torkoal, L50, F|100/100
|-weather|SunnyDay|[from] ability: Drought|[of] p1a: Torkoal
|turn|3
|
|t:|1786202057
|switch|p1b: Sylveon|Sylveon, L50, M|100/100
|move|p1a: Torkoal|Protect|p1a: Torkoal
|-singleturn|p1a: Torkoal|Protect
|move|p2b: It Says Sucker|Kowtow Cleave|p1b: Sylveon
|-resisted|p1b: Sylveon|1
|-damage|p1b: Sylveon|57/100
|move|p2a: Vee Jay Sea Cat|Flare Blitz|p1b: Sylveon
|-crit|p1b: Sylveon
|-damage|p1b: Sylveon|0 fnt
|faint|p1b: Sylveon
|-damage|p2a: Vee Jay Sea Cat|82/100|[from] Recoil
|
|-weather|SunnyDay|[upkeep]
|upkeep
|
|t:|1786202069
|switch|p1b: Farigiraf|Farigiraf, L50, M|100/100
|turn|4
|inactive|TheKuchai has 30 seconds left.
|inactive|TheKuchai has 20 seconds left.
|inactive|TheKuchai has 15 seconds left.
|
|t:|1786202111
|move|p1b: Farigiraf|Helping Hand|p1a: Torkoal
|-singleturn|p1a: Torkoal|Helping Hand|[of] p1b: Farigiraf
|move|p1a: Torkoal|Eruption|p2b: It Says Sucker|[spread] p2a,p2b
|-resisted|p2a: Vee Jay Sea Cat|1
|-supereffective|p2b: It Says Sucker|1
|-damage|p2a: Vee Jay Sea Cat|30/100
|-damage|p2b: It Says Sucker|0 fnt
|-enditem|p2a: Vee Jay Sea Cat|Sitrus Berry|[eat]
|-heal|p2a: Vee Jay Sea Cat|55/100|[from] item: Sitrus Berry
|faint|p2b: It Says Sucker
|move|p2a: Vee Jay Sea Cat|Flare Blitz|p1b: Farigiraf
|-damage|p1b: Farigiraf|33/100
|-damage|p2a: Vee Jay Sea Cat|30/100|[from] Recoil
|
|-weather|SunnyDay|[upkeep]
|upkeep
|
|t:|1786202126
|switch|p2b: Frozen(2013 film)|Froslass, L50, F, shiny|100/100
|turn|5
|
|t:|1786202138
|detailschange|p2b: Frozen(2013 film)|Froslass-Mega, L50, F, shiny
|-mega|p2b: Frozen(2013 film)|Froslass|Froslassite
|-weather|Snowscape|[from] ability: Snow Warning|[of] p2b: Frozen(2013 film)
|move|p1b: Farigiraf|Helping Hand|p1a: Torkoal
|-singleturn|p1a: Torkoal|Helping Hand|[of] p1b: Farigiraf
|move|p2b: Frozen(2013 film)|Protect|p2b: Frozen(2013 film)
|-singleturn|p2b: Frozen(2013 film)|Protect
|move|p1a: Torkoal|Eruption|p2b: Frozen(2013 film)|[spread] p2a
|-activate|p2b: Frozen(2013 film)|move: Protect
|-resisted|p2a: Vee Jay Sea Cat|1
|-damage|p2a: Vee Jay Sea Cat|0 fnt
|faint|p2a: Vee Jay Sea Cat
|
|-weather|Snowscape|[upkeep]
|-fieldend|move: Trick Room
|upkeep
|
|t:|1786202152
|switch|p2a: Heather|Sneasler, L50, F|80/100
|turn|6
|
|t:|1786202170
|move|p1b: Farigiraf|Helping Hand|p1a: Torkoal
|-singleturn|p1a: Torkoal|Helping Hand|[of] p1b: Farigiraf
|move|p2a: Heather|Dire Claw|p1a: Torkoal
|-damage|p1a: Torkoal|69/100
|move|p2b: Frozen(2013 film)|Blizzard|p1a: Torkoal|[spread] p1a,p1b
|-resisted|p1a: Torkoal|1
|-damage|p1a: Torkoal|40/100
|-damage|p1b: Farigiraf|0 fnt
|faint|p1b: Farigiraf
|move|p1a: Torkoal|Eruption|p2b: Frozen(2013 film)|[spread] p2a,p2b
|-supereffective|p2b: Frozen(2013 film)|1
|-damage|p2a: Heather|36/100
|-damage|p2b: Frozen(2013 film)|15/100
|
|-weather|Snowscape|[upkeep]
|upkeep
|turn|7
|
|t:|1786202191
|move|p2a: Heather|Feint|p1a: Torkoal
|-damage|p1a: Torkoal|31/100
|move|p2b: Frozen(2013 film)|Shadow Ball|p1a: Torkoal
|-damage|p1a: Torkoal|0 fnt
|faint|p1a: Torkoal
|
|win|TheKuchai
|raw|AquaShymon's rating: 1005 → 1000(-5 for losing)
|raw|TheKuchai's rating: 1047 → 1076(+29 for winning)
