|j|☆Andrewx98
|j|☆V_run658
|html|Andrewx98V_run658    
|uhtml|bestof|Game 3 of a best-of-3
|t:|1757136456
|gametype|doubles
|player|p1|Andrewx98|youngster-gen4dp|1056
|player|p2|V_run658|hugh|1000
|gen|9
|tier|[Gen 9] VGC 2025 Reg H (Bo3)
|rated|
|rule|Species Clause: Limit one of each Pokémon
|rule|Item Clause: Limit 1 of each item
|clearpoke
|poke|p1|Slowking, L50, M|
|poke|p1|Toxicroak, L50, M|
|poke|p1|Kingdra, L50, M|
|poke|p1|Malamar, L50, F|
|poke|p1|Pelipper, L50, M|
|poke|p1|Ursaluna, L50, M|
|poke|p2|Garchomp, L50, M|
|poke|p2|Tyranitar, L50, M|
|poke|p2|Malamar, L50, F|
|poke|p2|Kilowattrel, L50, F|
|poke|p2|Gholdengo, L50|
|poke|p2|Amoonguss, L50, M|
|teampreview|4
|showteam|p1|Slowking||SitrusBerry|Oblivious|TrickRoom,Surf,Protect,Psychic|||M|||50|,,,,,Grass]Toxicroak||ClearAmulet|DrySkin|SuckerPunch,FakeOut,PoisonJab,CloseCombat|||M|||50|,,,,,Dark]Kingdra||ChoiceBand|SwiftSwim|FlipTurn,WaveCrash,Outrage,IronHead|||M|||50|,,,,,Water]Malamar||MentalHerb|Contrary|Taunt,TrickRoom,KnockOff,PsychoCut|||F|||50|,,,,,Dark]Pelipper||SafetyGoggles|Drizzle|Hurricane,WideGuard,RainDance,WeatherBall|||M|||50|,,,,,Water]Ursaluna||FlameOrb|Guts|Earthquake,Facade,Protect,HeadlongRush|||M|||50|,,,,,Ghost
|showteam|p2|Garchomp||ClearAmulet|SandVeil|SwordsDance,Protect,DragonClaw,Earthquake|||M|||50|,,,,,Ground]Tyranitar||AssaultVest|SandStream|LowKick,TeraBlast,RockSlide,KnockOff|||M|||50|,,,,,Flying]Malamar||SitrusBerry|Contrary|TopsyTurvy,Superpower,Protect,KnockOff|||F|||50|,,,,,Fairy]Kilowattrel||CovertCloak|WindPower|Protect,Tailwind,AirSlash,Discharge|||F|||50|,,,,,Steel]Gholdengo||LifeOrb|GoodasGold|MakeItRain,ShadowBall,NastyPlot,Protect||||||50|,,,,,Dragon]Amoonguss||RockyHelmet|Regenerator|PollenPuff,Spore,RagePowder,Protect|||M|||50|,,,,,Water
|
|t:|1757136483
|teamsize|p1|4
|teamsize|p2|4
|start
|switch|p1a: Malamar|Malamar, L50, F|100/100
|switch|p1b: Toxicroak|Toxicroak, L50, M|100/100
|switch|p2a: Kilowattrel|Kilowattrel, L50, F|100/100
|switch|p2b: Amoonguss|Amoonguss, L50, M|100/100
|turn|1
|inactive|Battle timer is ON: inactive players will automatically lose when time's up. (requested by Andrewx98)
|
|t:|1757136502
|-terastallize|p1b: Toxicroak|Dark
|move|p1b: Toxicroak|Fake Out|p2b: Amoonguss
|-damage|p2b: Amoonguss|90/100
|-damage|p1b: Toxicroak|84/100|[from] item: Rocky Helmet|[of] p2b: Amoonguss
|move|p2a: Kilowattrel|Air Slash|p1b: Toxicroak
|-damage|p1b: Toxicroak|43/100
|cant|p2b: Amoonguss|flinch
|move|p1a: Malamar|Trick Room|p1a: Malamar
|-fieldstart|move: Trick Room|[of] p1a: Malamar
|
|upkeep
|turn|2
|inactive|Andrewx98 has 30 seconds left.
|inactive|V_run658 has 30 seconds left.
|inactive|V_run658 has 20 seconds left.
|inactive|V_run658 has 15 seconds left.
|
|t:|1757136548
|switch|p1a: Pepe|Pelipper, L50, M, shiny|100/100
|-weather|RainDance|[from] ability: Drizzle|[of] p1a: Pepe
|move|p2b: Amoonguss|Rage Powder|p2b: Amoonguss
|-singleturn|p2b: Amoonguss|move: Rage Powder
|move|p1b: Toxicroak|Poison Jab|p2b: Amoonguss
|-damage|p2b: Amoonguss|59/100
|-damage|p1b: Toxicroak|26/100|[from] item: Rocky Helmet|[of] p2b: Amoonguss
|move|p2a: Kilowattrel|Air Slash|p1b: Toxicroak
|-damage|p1b: Toxicroak|0 fnt
|faint|p1b: Toxicroak
|
|-weather|RainDance|[upkeep]
|upkeep
|
|t:|1757136563
|switch|p1b: Ursaluna|Ursaluna, L50, M, shiny|100/100
|turn|3
|
|t:|1757136577
|move|p2b: Amoonguss|Protect|p2b: Amoonguss
|-singleturn|p2b: Amoonguss|Protect
|move|p1b: Ursaluna|Protect|p1b: Ursaluna
|-singleturn|p1b: Ursaluna|Protect
|move|p2a: Kilowattrel|Protect|p2a: Kilowattrel
|-singleturn|p2a: Kilowattrel|Protect
|move|p1a: Pepe|Wide Guard||[still]
|-fail|p1a: Pepe
|
|-weather|RainDance|[upkeep]
|-status|p1b: Ursaluna|brn|[from] item: Flame Orb
|upkeep
|turn|4
|inactive|Andrewx98 has 30 seconds left.
|
|t:|1757136602
|move|p1a: Pepe|Wide Guard|p1a: Pepe
|-singleturn|p1a: Pepe|Wide Guard
|move|p2b: Amoonguss|Rage Powder|p2b: Amoonguss
|-singleturn|p2b: Amoonguss|move: Rage Powder
|move|p1b: Ursaluna|Facade|p2b: Amoonguss
|-crit|p2b: Amoonguss
|-damage|p2b: Amoonguss|0 fnt
|-damage|p1b: Ursaluna|84/100 brn|[from] item: Rocky Helmet|[of] p2b: Amoonguss
|faint|p2b: Amoonguss
|move|p2a: Kilowattrel|Discharge|p1a: Pepe|[spread] 
|-activate|p1a: Pepe|move: Wide Guard
|-activate|p1b: Ursaluna|move: Wide Guard
|
|-weather|RainDance|[upkeep]
|-damage|p1b: Ursaluna|78/100 brn|[from] brn
|upkeep
|
|t:|1757136609
|switch|p2b: Tyranitar|Tyranitar, L50, M|100/100
|-weather|Sandstorm|[from] ability: Sand Stream|[of] p2b: Tyranitar
|turn|5
|inactive|Andrewx98 has 30 seconds left.
|
|t:|1757136642
|move|p1a: Pepe|Wide Guard|p1a: Pepe
|-singleturn|p1a: Pepe|Wide Guard
|move|p1b: Ursaluna|Facade|p2a: Kilowattrel
|-damage|p2a: Kilowattrel|0 fnt
|faint|p2a: Kilowattrel
|move|p2b: Tyranitar|Low Kick|p1b: Ursaluna
|-supereffective|p1b: Ursaluna
|-damage|p1b: Ursaluna|16/100 brn
|
|-weather|Sandstorm|[upkeep]
|-damage|p1b: Ursaluna|10/100 brn|[from] brn
|-fieldend|move: Trick Room
|upkeep
|
|t:|1757136649
|switch|p2a: Garchomp|Garchomp, L50, M|100/100
|turn|6
|
|t:|1757136672
|-terastallize|p2b: Tyranitar|Flying
|move|p1b: Ursaluna|Protect|p1b: Ursaluna
|-singleturn|p1b: Ursaluna|Protect
|move|p2a: Garchomp|Swords Dance|p2a: Garchomp
|-boost|p2a: Garchomp|atk|2
|move|p2b: Tyranitar|Tera Blast|p1b: Ursaluna|[anim] Tera Blast Flying
|-activate|p1b: Ursaluna|move: Protect
|move|p1a: Pepe|Rain Dance|p1a: Pepe
|-weather|RainDance
|
|-weather|RainDance|[upkeep]
|-damage|p1b: Ursaluna|4/100 brn|[from] brn
|upkeep
|turn|7
|inactive|Andrewx98 has 30 seconds left.
|inactive|Andrewx98 has 20 seconds left.
|
|t:|1757136711
|switch|p1b: Malamar|Malamar, L50, F|100/100
|move|p2a: Garchomp|Dragon Claw|p1a: Pepe
|-damage|p1a: Pepe|15/100
|move|p2b: Tyranitar|Knock Off|p1b: Malamar
|-damage|p1b: Malamar|39/100
|-enditem|p1b: Malamar|Mental Herb|[from] move: Knock Off|[of] p2b: Tyranitar
|move|p1a: Pepe|Weather Ball|p2a: Garchomp
|-damage|p2a: Garchomp|40/100
|
|-weather|RainDance|[upkeep]
|upkeep
|turn|8
|inactive|Andrewx98 has 30 seconds left.
|inactive|Andrewx98 has 20 seconds left.
|inactive|Andrewx98 has 15 seconds left.
|inactive|Andrewx98 has 10 seconds left.
|inactive|Andrewx98 has 5 seconds left.
|
|t:|1757136763
|move|p1a: Pepe|Wide Guard|p1a: Pepe
|-singleturn|p1a: Pepe|Wide Guard
|move|p2a: Garchomp|Dragon Claw|p1a: Pepe
|-damage|p1a: Pepe|0 fnt
|faint|p1a: Pepe
|move|p2b: Tyranitar|Knock Off|p1b: Malamar
|-damage|p1b: Malamar|0 fnt
|faint|p1b: Malamar
|
|-weather|RainDance|[upkeep]
|upkeep
|
|t:|1757136776
|switch|p1b: Ursaluna|Ursaluna, L50, M, shiny|4/100 brn
|turn|9
|c|☆Andrewx98|Gg
|
|t:|1757136796
|move|p2a: Garchomp|Earthquake|p1b: Ursaluna|[spread] p1b
|-immune|p2b: Tyranitar
|-crit|p1b: Ursaluna
|-damage|p1b: Ursaluna|0 fnt
|faint|p1b: Ursaluna
|
|win|V_run658
|raw|Andrewx98's rating: 1056 → 1035(-21 for losing)
|raw|V_run658's rating: 1000 → 1046(+46 for winning)
|c|☆V_run658|gg
