|j|Ōśågrovylestand
|j|Ōśåuntamedshane
|html|grovylestanduntamedshane    
|uhtml|bestof|Game 1 of a best-of-3
|t:|1757818960
|gametype|doubles
|player|p1|grovylestand|169|1039
|player|p2|untamedshane|swimmer-gen4|1114
|gen|9
|tier|[Gen 9] VGC 2025 Reg H (Bo3)
|rated|
|rule|Species Clause: Limit one of each Pok├®mon
|rule|Item Clause: Limit 1 of each item
|clearpoke
|poke|p1|Dragonite, L50, M|
|poke|p1|Gholdengo, L50|
|poke|p1|Rillaboom, L50, F|
|poke|p1|Ursaluna-Bloodmoon, L50, M|
|poke|p1|Maushold-Four, L50|
|poke|p1|Annihilape, L50, F|
|poke|p2|Meowstic, L50, M|
|poke|p2|Sylveon, L50, F|
|poke|p2|Seel, L50, F|
|poke|p2|Hawlucha, L50, F|
|poke|p2|Malamar, L50, M|
|poke|p2|Gengar, L50, M|
|teampreview|4
|showteam|p1|Dragonite||LoadedDice|Multiscale|Tailwind,Haze,Protect,ScaleShot|||M|||50|,,,,,Fairy]Gholdengo||LifeOrb|GoodasGold|MakeItRain,ShadowBall,NastyPlot,Protect||||||50|,,,,,Water]Rillaboom||MiracleSeed|GrassySurge|WoodHammer,GrassyGlide,FakeOut,HighHorsepower|||F|||50|,,,,,Fire]Ursaluna-Bloodmoon||AssaultVest|MindsEye|BloodMoon,EarthPower,HyperVoice,VacuumWave|||M|||50|,,,,,Water]Maushold-Four||FocusSash|FriendGuard|SuperFang,FollowMe,BeatUp,Protect||||||50|,,,,,Ghost]Annihilape||SitrusBerry|Defiant|RageFist,DrainPunch,BulkUp,Protect|||F|||50|,,,,,Fire
|showteam|p2|Meowstic||FocusSash|Prankster|LightScreen,TrickRoom,FakeOut,Charm|||M|||50|,,,,,Dark]Sylveon||SafetyGoggles|Pixilate|QuickAttack,PsychUp,DazzlingGleam,ShadowBall|||F|||50|,,,,,Steel]Seel||Eviolite|ThickFat|Disable,IceShard,Encore,AquaJet|||F|||50|,,,,,Grass]Hawlucha||WeaknessPolicy|Unburden|Acrobatics,HighJumpKick,Detect,Substitute|||F|||50|,,,,,Flying]Malamar||IronBall|Contrary|PsychoCut,Superpower,KnockOff,Protect|||M|||50|,,,,,Poison]Gengar||AbsorbBulb|CursedBody|TrickRoom,SludgeBomb,ShadowBall,PsychUp|||M|||50|,,,,,Ghost
|inactive|Battle timer is ON: inactive players will automatically lose when time's up. (requested by grovylestand)
|c|Ōśåuntamedshane|gglhf
|c|Ōśågrovylestand|Your friend malamar
|inactive|grovylestand has 60 seconds left.
|c|Ōśåuntamedshane|My fren
|
|t:|1757819001
|teamsize|p1|4
|teamsize|p2|4
|start
|switch|p1a: Maushold|Maushold-Four, L50|100/100
|switch|p1b: Annihilape|Annihilape, L50, F|100/100
|switch|p2a: Shishaf|Seel, L50, F|100/100
|switch|p2b: El Shaner|Hawlucha, L50, F|100/100
|turn|1
|
|t:|1757819021
|-terastallize|p1b: Annihilape|Fire
|move|p2a: Shishaf|Ice Shard|p2b: El Shaner
|-supereffective|p2b: El Shaner
|-damage|p2b: El Shaner|86/100
|-enditem|p2b: El Shaner|Weakness Policy
|-boost|p2b: El Shaner|atk|2|[from] item: Weakness Policy
|-boost|p2b: El Shaner|spa|2|[from] item: Weakness Policy
|move|p2b: El Shaner|Acrobatics|p1b: Annihilape
|-damage|p1b: Annihilape|27/100
|-enditem|p1b: Annihilape|Sitrus Berry|[eat]
|-heal|p1b: Annihilape|52/100|[from] item: Sitrus Berry
|move|p1a: Maushold|Beat Up|p1b: Annihilape
|-damage|p1b: Annihilape|50/100
|-damage|p1b: Annihilape|48/100
|-damage|p1b: Annihilape|46/100
|-damage|p1b: Annihilape|43/100
|-hitcount|p1b: Annihilape|4
|move|p1b: Annihilape|Rage Fist|p2b: El Shaner
|-damage|p2b: El Shaner|0 fnt
|faint|p2b: El Shaner
|
|upkeep
|
|t:|1757819033
|switch|p2b: Oreo|Meowstic, L50, M|100/100
|turn|2
|inactive|grovylestand has 30 seconds left.
|
|t:|1757819062
|move|p1a: Maushold|Follow Me|p1a: Maushold
|-singleturn|p1a: Maushold|move: Follow Me
|move|p1b: Annihilape|Rage Fist|p2b: Oreo
|-supereffective|p2b: Oreo
|-enditem|p2b: Oreo|Focus Sash
|-damage|p2b: Oreo|1/100
|move|p2a: Shishaf|Disable|p1a: Maushold
|-start|p1a: Maushold|Disable|Follow Me
|move|p2b: Oreo|Trick Room|p2b: Oreo
|-fieldstart|move: Trick Room|[of] p2b: Oreo
|
|upkeep
|turn|3
|inactive|grovylestand has 30 seconds left.
|inactive|untamedshane has 30 seconds left.
|
|t:|1757819091
|move|p2b: Oreo|Charm|p1b: Annihilape
|-unboost|p1b: Annihilape|atk|2
|-ability|p1b: Annihilape|Defiant|boost
|-boost|p1b: Annihilape|atk|2
|move|p2a: Shishaf|Encore|p1a: Maushold
|-start|p1a: Maushold|Encore
|move|p1b: Annihilape|Drain Punch|p2b: Oreo
|-resisted|p2b: Oreo
|-damage|p2b: Oreo|0 fnt
|-heal|p1b: Annihilape|43/100|[from] drain|[of] p2b: Oreo
|faint|p2b: Oreo
|cant|p1a: Maushold|Disable|Follow Me
|
|upkeep
|
|t:|1757819098
|switch|p2b: Chopped Cheese|Malamar, L50, M|100/100
|turn|4
|
|t:|1757819107
|switch|p1a: Rillaboom|Rillaboom, L50, F|100/100
|-fieldstart|move: Grassy Terrain|[from] ability: Grassy Surge|[of] p1a: Rillaboom
|move|p2b: Chopped Cheese|Superpower|p1b: Annihilape
|-damage|p1b: Annihilape|10/100
|-boost|p2b: Chopped Cheese|atk|1
|-boost|p2b: Chopped Cheese|def|1
|move|p2a: Shishaf|Disable|p1b: Annihilape
|-start|p1b: Annihilape|Disable|Drain Punch
|move|p1b: Annihilape|Rage Fist|p2b: Chopped Cheese
|-damage|p2b: Chopped Cheese|0 fnt
|faint|p2b: Chopped Cheese
|
|-heal|p1b: Annihilape|16/100|[from] Grassy Terrain
|upkeep
|turn|5
|c|Ōśåuntamedshane|im troll\
|c|Ōśåuntamedshane|gg
|
|t:|1757819130
|move|p1a: Rillaboom|Fake Out|p2a: Shishaf
|-damage|p2a: Shishaf|87/100
|cant|p2a: Shishaf|flinch
|move|p1b: Annihilape|Rage Fist|p2a: Shishaf
|-damage|p2a: Shishaf|0 fnt
|faint|p2a: Shishaf
|
|win|grovylestand
||untamedshane is ready for game 2.
||grovylestand is ready for game 2.
|uhtml|next|Next: Game 2 of 3
|l|Ōśåuntamedshane
|player|p2|
