|j|☆MrManlyMeep
|j|☆Roquefortt
|html|MrManlyMeepRoquefortt    
|uhtml|bestof|Game 1 of a best-of-3
|t:|1757626361
|gametype|doubles
|player|p1|MrManlyMeep|170|1081
|player|p2|Roquefortt|mina|1118
|gen|9
|tier|[Gen 9] VGC 2025 Reg H (Bo3)
|rated|
|rule|Species Clause: Limit one of each Pokémon
|rule|Item Clause: Limit 1 of each item
|clearpoke
|poke|p1|Metagross, L50|
|poke|p1|Dugtrio, L50, F|
|poke|p1|Kommo-o, L50, M|
|poke|p1|Sinistcha, L50|
|poke|p1|Grimmsnarl, L50, M|
|poke|p1|Zoroark-Hisui, L50, F|
|poke|p2|Dragonite, L50, F|
|poke|p2|Electabuzz, L50, F|
|poke|p2|Indeedee, L50, M|
|poke|p2|Sneasler, L50, M|
|poke|p2|Talonflame, L50, F|
|poke|p2|Ursaluna-Bloodmoon, L50, M|
|teampreview|4
|showteam|p1|Metagross||WeaknessPolicy|ClearBody|BulletPunch,PsychicFangs,HeavySlam,Protect||||||50|,,,,,Fire]Dugtrio||CovertCloak|ArenaTrap|Protect,Bulldoze,HelpingHand,StealthRock|||F|||50|,,,,,Ghost]Kommo-o||ThroatSpray|Overcoat|ClangorousSoul,ClangingScales,AuraSphere,Protect|||M|||50|,,,,,Steel]Sinistcha||RockyHelmet|Hospitality|RagePowder,MatchaGotcha,ShadowBall,Protect||||||50|,,,,,Water]Grimmsnarl||LightClay|Prankster|LightScreen,Reflect,SpiritBreak,MistyTerrain|||M|||50|,,,,,Ghost]Zoroark-Hisui||FocusSash|Illusion|ShadowBall,HyperVoice,Protect,WillOWisp|||F|||50|,,,,,Stellar
|showteam|p2|Dragonite||LoadedDice|Multiscale|ScaleShot,StompingTantrum,Haze,Protect|||F|||50|,,,,,Fairy]Electabuzz||Eviolite|VitalSpirit|Electroweb,FollowMe,Taunt,Protect|||F|||50|,,,,,Dragon]Indeedee||FocusSash|PsychicSurge|ExpandingForce,HelpingHand,TrickRoom,Imprison|||M|||50|,,,,,Psychic]Sneasler||PsychicSeed|Unburden|DireClaw,CloseCombat,ThroatChop,Protect|||M|||50|,,,,,Stellar]Talonflame||CovertCloak|GaleWings|FlareBlitz,DualWingbeat,WillOWisp,Tailwind|||F|||50|,,,,,Stellar]Ursaluna-Bloodmoon||LifeOrb|MindsEye|BloodMoon,HyperVoice,EarthPower,Protect|||M|||50|,,,,,Normal
|inactive|Battle timer is ON: inactive players will automatically lose when time's up. (requested by Roquefortt)
|
|t:|1757626425
|teamsize|p1|4
|teamsize|p2|4
|start
|switch|p1a: Kommo-o|Kommo-o, L50, M|100/100
|switch|p1b: Grimmsnarl|Grimmsnarl, L50, M|100/100
|switch|p2a: Talonflame|Talonflame, L50, F, shiny|100/100
|switch|p2b: Ursaluna|Ursaluna-Bloodmoon, L50, M|100/100
|turn|1
|inactive|Roquefortt has 30 seconds left.
|inactive|Roquefortt has 20 seconds left.
|inactive|Roquefortt has 15 seconds left.
|inactive|Roquefortt has 10 seconds left.
|
|t:|1757626470
|-terastallize|p1a: Kommo-o|Steel
|-terastallize|p2b: Ursaluna|Normal
|move|p2a: Talonflame|Tailwind|p2a: Talonflame
|-sidestart|p2: Roquefortt|move: Tailwind
|move|p1b: Grimmsnarl|Light Screen|p1b: Grimmsnarl
|-sidestart|p1: MrManlyMeep|move: Light Screen
|move|p2b: Ursaluna|Blood Moon|p1b: Grimmsnarl
|-damage|p1b: Grimmsnarl|32/100
|-damage|p2b: Ursaluna|91/100|[from] item: Life Orb
|move|p1a: Kommo-o|Clanging Scales|p2b: Ursaluna|[spread] p2a,p2b
|-damage|p2a: Talonflame|45/100
|-damage|p2b: Ursaluna|44/100
|-unboost|p1a: Kommo-o|def|1
|-enditem|p1a: Kommo-o|Throat Spray
|-boost|p1a: Kommo-o|spa|1|[from] item: Throat Spray
|
|upkeep
|turn|2
|j| Arkhept
|l| Arkhept
|inactive|Roquefortt has 30 seconds left.
|inactive|Roquefortt has 20 seconds left.
|inactive|Roquefortt has 15 seconds left.
|inactive|Roquefortt has 10 seconds left.
|
|t:|1757626516
|move|p1b: Grimmsnarl|Reflect|p1b: Grimmsnarl
|-sidestart|p1: MrManlyMeep|Reflect
|move|p2a: Talonflame|Flare Blitz|p1a: Kommo-o
|-supereffective|p1a: Kommo-o
|-damage|p1a: Kommo-o|12/100
|-damage|p2a: Talonflame|16/100|[from] Recoil
|move|p2b: Ursaluna|Hyper Voice|p1b: Grimmsnarl|[spread] p1a,p1b
|-resisted|p1a: Kommo-o
|-damage|p1a: Kommo-o|0 fnt
|-damage|p1b: Grimmsnarl|0 fnt
|faint|p1a: Kommo-o
|faint|p1b: Grimmsnarl
|-damage|p2b: Ursaluna|35/100|[from] item: Life Orb
|
|upkeep
|
|t:|1757626526
|switch|p1a: Sinistcha|Sinistcha, L50|100/100
|switch|p1b: Zoroark|Zoroark-Hisui, L50, F|100/100
|turn|3
|inactive|Roquefortt has 30 seconds left.
|
|t:|1757626555
|move|p1a: Sinistcha|Protect|p1a: Sinistcha
|-singleturn|p1a: Sinistcha|Protect
|move|p2a: Talonflame|Flare Blitz|p1a: Sinistcha
|-activate|p1a: Sinistcha|move: Protect
|move|p2b: Ursaluna|Blood Moon|p1b: Zoroark
|-enditem|p1b: Zoroark|Focus Sash
|-damage|p1b: Zoroark|1/100
|-damage|p2b: Ursaluna|25/100|[from] item: Life Orb
|move|p1b: Zoroark|Hyper Voice|p2a: Talonflame|[spread] p2a,p2b
|-crit|p2a: Talonflame
|-damage|p2a: Talonflame|0 fnt
|-damage|p2b: Ursaluna|0 fnt
|faint|p2a: Talonflame
|faint|p2b: Ursaluna
|
|upkeep
|
|t:|1757626571
|switch|p2a: Indeedee|Indeedee, L50, M|100/100
|switch|p2b: Sneasler|Sneasler, L50, M|100/100
|-fieldstart|move: Psychic Terrain|[from] ability: Psychic Surge|[of] p2a: Indeedee
|-enditem|p2b: Sneasler|Psychic Seed
|-boost|p2b: Sneasler|spd|1|[from] item: Psychic Seed
|turn|4
|
|t:|1757626594
|move|p1b: Zoroark|Protect|p1b: Zoroark
|-singleturn|p1b: Zoroark|Protect
|move|p1a: Sinistcha|Protect|p1a: Sinistcha
|-singleturn|p1a: Sinistcha|Protect
|move|p2b: Sneasler|Dire Claw|p1a: Sinistcha
|-activate|p1a: Sinistcha|move: Protect
|move|p2a: Indeedee|Expanding Force|p1b: Zoroark|[spread] 
|-activate|p1a: Sinistcha|move: Protect
|-activate|p1b: Zoroark|move: Protect
|
|-sideend|p2: Roquefortt|move: Tailwind
|upkeep
|turn|5
|inactive|Roquefortt has 30 seconds left.
|
|t:|1757626621
|move|p2b: Sneasler|Dire Claw|p1b: Zoroark
|-resisted|p1b: Zoroark
|-damage|p1b: Zoroark|0 fnt
|faint|p1b: Zoroark
|move|p2a: Indeedee|Expanding Force|p1a: Sinistcha
|-damage|p1a: Sinistcha|38/100
|move|p1a: Sinistcha|Matcha Gotcha|p2b: Sneasler|[spread] p2a
|-miss|p1a: Sinistcha|p2b: Sneasler
|-damage|p2a: Indeedee|67/100
|-heal|p1a: Sinistcha|50/100|[from] drain|[of] p2a: Indeedee
|
|upkeep
|turn|6
|-message|MrManlyMeep forfeited.
|raw|MrManlyMeep's rating: 1081 → 1061(-20 for losing)
|raw|Roquefortt's rating: 1118 → 1140(+22 for winning)
|
|win|Roquefortt
|l|☆MrManlyMeep
|player|p1|
|c|☆Roquefortt|ggs!
|l|☆Roquefortt
|player|p2|
