|j|☆heycoachitsnate
|j|☆JasonLoserpants
|html|heycoachitsnateJasonLoserpants    
|uhtml|bestof|Game 2 of a best-of-3
|t:|1785903115
|gametype|doubles
|player|p1|heycoachitsnate|n|1135
|player|p2|JasonLoserpants|101|1192
|gen|9
|tier|[Gen 9 Champions] VGC 2026 Reg M-B (Bo3)
|rated|
|rule|Species Clause: Limit one of each Pokémon
|rule|Item Clause: Limit 1 of each item
|clearpoke
|poke|p1|Venusaur, L50, M|
|poke|p1|Charizard, L50, F, shiny|
|poke|p1|Garchomp, L50, M|
|poke|p1|Annihilape, L50, M, shiny|
|poke|p1|Incineroar, L50, M|
|poke|p1|Toxapex, L50, F, shiny|
|poke|p2|Grimmsnarl, L50, M|
|poke|p2|Garchomp, L50, F|
|poke|p2|Sylveon, L50, M|
|poke|p2|Staraptor, L50, F|
|poke|p2|Tyranitar, L50, F|
|poke|p2|Charizard, L50, F|
|teampreview|4
|showteam|p1|Venusaur||LifeOrb|Chlorophyll|SolarBeam,SludgeBomb,EarthPower,Protect|Modest||M|||50|]Charizard||CharizarditeY|Blaze|HeatWave,WeatherBall,HelpingHand,Protect|Bold||F|||50|]Garchomp||ChoiceScarf|RoughSkin|RockSlide,DragonClaw,Earthquake,StompingTantrum|Adamant||M|||50|]Annihilape||FocusSash|Defiant|PhantomForce,CloseCombat,RockTomb,Protect|Jolly||M|||50|]Incineroar||SitrusBerry|Intimidate|FlareBlitz,ThroatChop,PartingShot,FakeOut|Impish||M|||50|]Toxapex||Leftovers|Regenerator|Infestation,Toxic,WideGuard,BanefulBunker|Impish||F|||50|
|showteam|p2|Grimmsnarl||RoseliBerry|Prankster|FakeOut,SpiritBreak,PartingShot,ScaryFace|Sassy||M|||50|]Garchomp||LifeOrb|RoughSkin|DragonClaw,Earthquake,RockSlide,Protect|Jolly||F|||50|]Sylveon||FairyFeather|Pixilate|HyperVoice,QuickAttack,HyperBeam,Detect|Modest||M|||50|]Staraptor||Staraptite|Intimidate|CloseCombat,BraveBird,Roost,Protect|Adamant||F|||50|]Tyranitar||ChoiceScarf|SandStream|RockSlide,KnockOff,IcePunch,LowKick|Jolly||F|||50|]Charizard||CharizarditeY|SolarPower|HeatWave,SolarBeam,WeatherBall,Protect|Modest||F|||50|
|inactive|Battle timer is ON: inactive players will automatically lose when time's up. (requested by JasonLoserpants)
|inactive|heycoachitsnate also wants the timer to be on.
|inactive|heycoachitsnate has 60 seconds left.
|
|t:|1785903153
|teamsize|p1|4
|teamsize|p2|4
|start
|switch|p1a: Charizard|Charizard, L50, F, shiny|100/100
|switch|p1b: Incineroar|Incineroar, L50, M|100/100
|switch|p2a: Staraptor|Staraptor, L50, F|100/100
|switch|p2b: Grimmsnarl|Grimmsnarl, L50, M|100/100
|-ability|p2a: Staraptor|Intimidate|boost
|-unboost|p1a: Charizard|atk|1
|-unboost|p1b: Incineroar|atk|1
|-ability|p1b: Incineroar|Intimidate|boost
|-unboost|p2a: Staraptor|atk|1
|-unboost|p2b: Grimmsnarl|atk|1
|turn|1
|inactive|heycoachitsnate has 30 seconds left.
|
|t:|1785903183
|detailschange|p1a: Charizard|Charizard-Mega-Y, L50, F, shiny
|-mega|p1a: Charizard|Charizard|Charizardite Y
|-weather|SunnyDay|[from] ability: Drought|[of] p1a: Charizard
|detailschange|p2a: Staraptor|Staraptor-Mega, L50, F
|-mega|p2a: Staraptor|Staraptor|Staraptite
|move|p1b: Incineroar|Fake Out|p2a: Staraptor
|-damage|p2a: Staraptor|93/100
|move|p2b: Grimmsnarl|Fake Out|p1a: Charizard
|-damage|p1a: Charizard|93/100
|cant|p1a: Charizard|flinch
|cant|p2a: Staraptor|flinch
|
|-weather|SunnyDay|[upkeep]
|upkeep
|turn|2
|
|t:|1785903201
|switch|p1b: Toxapex|Toxapex, L50, F, shiny|100/100
|move|p2b: Grimmsnarl|Parting Shot|p2a: Staraptor
|-boost|p2a: Staraptor|atk|1
|-boost|p2a: Staraptor|spa|1
|
|t:|1785903206
|switch|p2b: Garchomp|Garchomp, L50, F|100/100|[from] Parting Shot
|move|p1a: Charizard|Heat Wave|p2b: Garchomp|[spread] p2a,p2b
|-resisted|p2b: Garchomp|1
|-damage|p2a: Staraptor|47/100
|-damage|p2b: Garchomp|68/100
|move|p2a: Staraptor|Close Combat|p1a: Charizard
|-resisted|p1a: Charizard|1
|-damage|p1a: Charizard|63/100
|-boost|p2a: Staraptor|def|1
|-boost|p2a: Staraptor|spd|1
|
|-weather|SunnyDay|[upkeep]
|upkeep
|turn|3
|
|t:|1785903235
|move|p1b: Toxapex|Wide Guard|p1b: Toxapex
|-singleturn|p1b: Toxapex|Wide Guard
|move|p2b: Garchomp|Dragon Claw|p1a: Charizard
|-damage|p1a: Charizard|16/100
|-damage|p2b: Garchomp|59/100|[from] item: Life Orb
|move|p1a: Charizard|Weather Ball|p2a: Staraptor
|-damage|p2a: Staraptor|4/100
|move|p2a: Staraptor|Roost|p2a: Staraptor
|-heal|p2a: Staraptor|54/100
|-singleturn|p2a: Staraptor|move: Roost
|
|-weather|SunnyDay|[upkeep]
|upkeep
|turn|4
|inactive|heycoachitsnate has 30 seconds left.
|inactive|heycoachitsnate has 20 seconds left.
|inactive|heycoachitsnate has 15 seconds left.
|inactive|JasonLoserpants has 30 seconds left.
|
|t:|1785903278
|move|p1a: Charizard|Protect|p1a: Charizard
|-singleturn|p1a: Charizard|Protect
|move|p2b: Garchomp|Earthquake|p1b: Toxapex|[spread] p1b
|-activate|p1a: Charizard|move: Protect
|-immune|p2a: Staraptor
|-supereffective|p1b: Toxapex|1
|-damage|p1b: Toxapex|25/100
|-damage|p2b: Garchomp|49/100|[from] item: Life Orb
|move|p2a: Staraptor|Roost|p2a: Staraptor
|-heal|p2a: Staraptor|100/100
|-singleturn|p2a: Staraptor|move: Roost
|move|p1b: Toxapex|Toxic|p2a: Staraptor
|-status|p2a: Staraptor|tox
|
|-weather|SunnyDay|[upkeep]
|-heal|p1b: Toxapex|31/100|[from] item: Leftovers
|-damage|p2a: Staraptor|93/100 tox|[from] psn
|upkeep
|turn|5
|inactive|heycoachitsnate has 30 seconds left.
|inactive|heycoachitsnate has 20 seconds left.
|inactive|heycoachitsnate has 15 seconds left.
|inactive|heycoachitsnate has 10 seconds left.
|inactive|heycoachitsnate has 5 seconds left.
|
|t:|1785903333
|move|p2b: Garchomp|Dragon Claw|p1a: Charizard
|-damage|p1a: Charizard|0 fnt
|faint|p1a: Charizard
|-damage|p2b: Garchomp|39/100|[from] item: Life Orb
|move|p2a: Staraptor|Close Combat|p1b: Toxapex
|-resisted|p1b: Toxapex|1
|-damage|p1b: Toxapex|8/100
|-boost|p2a: Staraptor|def|1
|-boost|p2a: Staraptor|spd|1
|move|p1b: Toxapex|Infestation|p2a: Staraptor
|-resisted|p2a: Staraptor|2
|-damage|p2a: Staraptor|93/100 tox
|-activate|p2a: Staraptor|move: Infestation|[of] p1b: Toxapex
|
|-weather|none
|-heal|p1b: Toxapex|14/100|[from] item: Leftovers
|-damage|p2a: Staraptor|80/100 tox|[from] psn
|-damage|p2a: Staraptor|68/100 tox|[from] move: Infestation|[partiallytrapped]
|upkeep
|
|t:|1785903351
|switch|p1a: Garchomp|Garchomp, L50, M|100/100
|turn|6
|
|t:|1785903365
|switch|p2b: Grimmsnarl|Grimmsnarl, L50, M|100/100
|move|p1b: Toxapex|Baneful Bunker|p1b: Toxapex
|-singleturn|p1b: Toxapex|move: Protect
|move|p1a: Garchomp|Dragon Claw|p2b: Grimmsnarl
|-immune|p2b: Grimmsnarl
|move|p2a: Staraptor|Close Combat|p1b: Toxapex
|-activate|p1b: Toxapex|move: Protect
|
|-heal|p1b: Toxapex|19/100|[from] item: Leftovers
|-damage|p2a: Staraptor|49/100 tox|[from] psn
|-damage|p2a: Staraptor|36/100 tox|[from] move: Infestation|[partiallytrapped]
|upkeep
|turn|7
|
|t:|1785903385
|-heal|p1b: Toxapex|52/100|[from] ability: Regenerator|[silent]
|switch|p1b: Incineroar|Incineroar, L50, M|100/100
|-ability|p1b: Incineroar|Intimidate|boost
|-boost|p2a: Staraptor|atk|1
|-unboost|p2b: Grimmsnarl|atk|1
|move|p2b: Grimmsnarl|Fake Out|p1a: Garchomp
|-damage|p1a: Garchomp|93/100
|-damage|p2b: Grimmsnarl|87/100|[from] ability: Rough Skin|[of] p1a: Garchomp
|cant|p1a: Garchomp|flinch
|move|p2a: Staraptor|Close Combat|p1b: Incineroar
|-supereffective|p1b: Incineroar|1
|-damage|p1b: Incineroar|0 fnt
|-boost|p2a: Staraptor|def|1
|-boost|p2a: Staraptor|spd|1
|faint|p1b: Incineroar
|
|-damage|p2a: Staraptor|11/100 tox|[from] psn
|-end|p2a: Staraptor|Infestation|[partiallytrapped]|[silent]
|upkeep
|
|t:|1785903403
|switch|p1b: Toxapex|Toxapex, L50, F, shiny|52/100
|turn|8
|inactive|heycoachitsnate has 30 seconds left.
|
|t:|1785903429
|move|p2b: Grimmsnarl|Scary Face|p2a: Staraptor
|-boost|p2a: Staraptor|spe|2
|move|p2a: Staraptor|Roost|p2a: Staraptor
|-heal|p2a: Staraptor|61/100 tox
|-singleturn|p2a: Staraptor|move: Roost
|move|p1a: Garchomp|Dragon Claw|p2a: Staraptor
|-damage|p2a: Staraptor|46/100 tox
|move|p1b: Toxapex|Toxic|p2b: Grimmsnarl
|-status|p2b: Grimmsnarl|tox
|
|-heal|p1b: Toxapex|58/100|[from] item: Leftovers
|-damage|p2a: Staraptor|15/100 tox|[from] psn
|-damage|p2b: Grimmsnarl|81/100 tox|[from] psn
|upkeep
|turn|9
|
|t:|1785903452
|move|p2a: Staraptor|Roost|p2a: Staraptor
|-heal|p2a: Staraptor|65/100 tox
|-singleturn|p2a: Staraptor|move: Roost
|move|p1a: Garchomp|Dragon Claw|p2a: Staraptor
|-damage|p2a: Staraptor|48/100 tox
|move|p2b: Grimmsnarl|Spirit Break|p1a: Garchomp
|-supereffective|p1a: Garchomp|1
|-damage|p1a: Garchomp|52/100
|-unboost|p1a: Garchomp|spa|1
|-damage|p2b: Grimmsnarl|69/100 tox|[from] ability: Rough Skin|[of] p1a: Garchomp
|move|p1b: Toxapex|Infestation|p2b: Grimmsnarl
|-damage|p2b: Grimmsnarl|66/100 tox
|-activate|p2b: Grimmsnarl|move: Infestation|[of] p1b: Toxapex
|
|-heal|p1b: Toxapex|64/100|[from] item: Leftovers
|-damage|p2a: Staraptor|11/100 tox|[from] psn
|-damage|p2b: Grimmsnarl|54/100 tox|[from] psn
|-damage|p2b: Grimmsnarl|42/100 tox|[from] move: Infestation|[partiallytrapped]
|upkeep
|turn|10
|inactive|heycoachitsnate has 30 seconds left.
|
|t:|1785903479
|move|p2a: Staraptor|Roost|p2a: Staraptor
|-heal|p2a: Staraptor|61/100 tox
|-singleturn|p2a: Staraptor|move: Roost
|move|p1a: Garchomp|Dragon Claw|p2a: Staraptor
|-damage|p2a: Staraptor|45/100 tox
|move|p2b: Grimmsnarl|Spirit Break|p1a: Garchomp
|-supereffective|p1a: Garchomp|1
|-damage|p1a: Garchomp|16/100
|-unboost|p1a: Garchomp|spa|1
|-damage|p2b: Grimmsnarl|30/100 tox|[from] ability: Rough Skin|[of] p1a: Garchomp
|move|p1b: Toxapex|Infestation|p2b: Grimmsnarl
|-damage|p2b: Grimmsnarl|27/100 tox
|
|-heal|p1b: Toxapex|70/100|[from] item: Leftovers
|-damage|p2a: Staraptor|1/100 tox|[from] psn
|-damage|p2b: Grimmsnarl|9/100 tox|[from] psn
|-damage|p2b: Grimmsnarl|0 fnt|[from] move: Infestation|[partiallytrapped]
|faint|p2b: Grimmsnarl
|upkeep
|
|t:|1785903491
|switch|p2b: Tyranitar|Tyranitar, L50, F|100/100
|-weather|Sandstorm|[from] ability: Sand Stream|[of] p2b: Tyranitar
|turn|11
|
|t:|1785903510
|move|p1b: Toxapex|Baneful Bunker|p1b: Toxapex
|-singleturn|p1b: Toxapex|move: Protect
|move|p2a: Staraptor|Roost|p2a: Staraptor
|-heal|p2a: Staraptor|51/100 tox
|-singleturn|p2a: Staraptor|move: Roost
|move|p1a: Garchomp|Dragon Claw|p2b: Tyranitar
|-damage|p2b: Tyranitar|61/100
|move|p2b: Tyranitar|Knock Off|p1a: Garchomp
|-damage|p1a: Garchomp|0 fnt
|-damage|p2b: Tyranitar|49/100|[from] ability: Rough Skin|[of] p1a: Garchomp
|-enditem|p1a: Garchomp|Choice Scarf|[from] move: Knock Off|[of] p2b: Tyranitar
|faint|p1a: Garchomp
|
|-weather|Sandstorm|[upkeep]
|-damage|p2a: Staraptor|45/100 tox|[from] Sandstorm
|-damage|p1b: Toxapex|64/100|[from] Sandstorm
|-heal|p1b: Toxapex|70/100|[from] item: Leftovers
|-damage|p2a: Staraptor|0 fnt|[from] psn
|faint|p2a: Staraptor
|upkeep
|
|t:|1785903513
|switch|p2a: Garchomp|Garchomp, L50, F|39/100
|turn|12
|
|t:|1785903532
|move|p1b: Toxapex|Baneful Bunker||[still]
|-fail|p1b: Toxapex
|move|p2b: Tyranitar|Knock Off|p1b: Toxapex
|-damage|p1b: Toxapex|35/100
|-enditem|p1b: Toxapex|Leftovers|[from] move: Knock Off|[of] p2b: Tyranitar
|move|p2a: Garchomp|Rock Slide|p1b: Toxapex
|-damage|p1b: Toxapex|10/100
|-damage|p2a: Garchomp|29/100|[from] item: Life Orb
|
|-weather|Sandstorm|[upkeep]
|-damage|p1b: Toxapex|5/100|[from] Sandstorm
|upkeep
|turn|13
|
|t:|1785903542
|move|p1b: Toxapex|Baneful Bunker|p1b: Toxapex
|-singleturn|p1b: Toxapex|move: Protect
|move|p2b: Tyranitar|Knock Off|p1b: Toxapex
|-activate|p1b: Toxapex|move: Protect
|-status|p2b: Tyranitar|psn
|move|p2a: Garchomp|Dragon Claw|p1b: Toxapex
|-activate|p1b: Toxapex|move: Protect
|-status|p2a: Garchomp|psn
|
|-weather|Sandstorm|[upkeep]
|-damage|p1b: Toxapex|0 fnt|[from] Sandstorm
|faint|p1b: Toxapex
|
|win|JasonLoserpants
