|j|☆themismatcher
|j|☆boncuss
|html|themismatcherboncuss    
|uhtml|bestof|Game 2 of a best-of-3
|t:|1757831072
|gametype|doubles
|player|p1|themismatcher|benga|1325
|player|p2|boncuss|wattson|1173
|gen|9
|tier|[Gen 9] VGC 2025 Reg H (Bo3)
|rated|
|rule|Species Clause: Limit one of each Pokémon
|rule|Item Clause: Limit 1 of each item
|clearpoke
|poke|p1|Pelipper, L50, M|
|poke|p1|Basculegion, L50, M|
|poke|p1|Amoonguss, L50, F|
|poke|p1|Archaludon, L50, F|
|poke|p1|Greninja-*, L50, F|
|poke|p1|Annihilape, L50, F|
|poke|p2|Garganacl, L50, M|
|poke|p2|Tyranitar, L50, F|
|poke|p2|Glimmora, L50, M|
|poke|p2|Talonflame, L50, F|
|poke|p2|Excadrill, L50, M|
|poke|p2|Gastrodon, L50, F|
|teampreview|4
|showteam|p1|Pelipper||FocusSash|Drizzle|WeatherBall,Hurricane,Tailwind,WideGuard|||M|||50|,,,,,Stellar]Basculegion||ChoiceBand|SwiftSwim|WaveCrash,FlipTurn,LastRespects,AquaJet|||M|||50|,,,,,Grass]Amoonguss||SitrusBerry|Regenerator|Spore,RagePowder,PollenPuff,ClearSmog|||F|||50|,,,,,Dark]Archaludon||AssaultVest|Stamina|DragonPulse,FlashCannon,ElectroShot,BodyPress|||F|||50|,,,,,Bug]Greninja||LoadedDice|Torrent|WaterShuriken,DarkPulse,Taunt,RainDance|||F|||50|,,,,,Ghost]Annihilape||ChoiceScarf|Defiant|CloseCombat,RageFist,Uturn,FinalGambit|||F|||50|,,,,,Grass
|showteam|p2|Garganacl||Leftovers|PurifyingSalt|SaltCure,Curse,WideGuard,Recover|||M|||50|,,,,,Ghost]Tyranitar||AssaultVest|SandStream|RockSlide,KnockOff,LashOut,IcePunch|||F|||50|,,,,,Flying]Glimmora||PowerHerb|ToxicDebris|MeteorBeam,SpikyShield,SludgeBomb,EarthPower|||M|||50|,,,,,Grass]Talonflame||CovertCloak|GaleWings|DualWingbeat,FlareBlitz,Tailwind,WillOWisp|||F|||50|,,,,,Flying]Excadrill||SitrusBerry|SandRush|IronHead,Earthquake,SwordsDance,Protect|||M|||50|,,,,,Ghost]Gastrodon||LifeOrb|StormDrain|EarthPower,MuddyWater,IceBeam,Protect|||F|||50|,,,,,Fire
|inactive|Battle timer is ON: inactive players will automatically lose when time's up. (requested by boncuss)
|
|t:|1757831085
|teamsize|p1|4
|teamsize|p2|4
|start
|switch|p1a: Greninja|Greninja, L50, F|100/100
|switch|p1b: Annihilape|Annihilape, L50, F|100/100
|switch|p2a: Talonflame|Talonflame, L50, F|100/100
|switch|p2b: Glimmora|Glimmora, L50, M|100/100
|turn|1
|
|t:|1757831101
|move|p1a: Greninja|Water Shuriken|p2a: Talonflame
|-supereffective|p2a: Talonflame
|-damage|p2a: Talonflame|84/100
|-supereffective|p2a: Talonflame
|-damage|p2a: Talonflame|67/100
|-supereffective|p2a: Talonflame
|-damage|p2a: Talonflame|50/100
|-supereffective|p2a: Talonflame
|-damage|p2a: Talonflame|30/100
|-supereffective|p2a: Talonflame
|-damage|p2a: Talonflame|11/100
|-hitcount|p2a: Talonflame|5
|move|p1b: Annihilape|Final Gambit|p2b: Glimmora
|-damage|p2b: Glimmora|0 fnt
|faint|p1b: Annihilape
|faint|p2b: Glimmora
|move|p2a: Talonflame|Tailwind|p2a: Talonflame
|-sidestart|p2: boncuss|move: Tailwind
|
|upkeep
|
|t:|1757831113
|switch|p1b: Basculegion|Basculegion, L50, M|100/100
|switch|p2b: Tyranitar|Tyranitar, L50, F|100/100
|-weather|Sandstorm|[from] ability: Sand Stream|[of] p2b: Tyranitar
|turn|2
|inactive|themismatcher has 30 seconds left.
|inactive|themismatcher has 20 seconds left.
|
|t:|1757831151
|switch|p2a: Gastrodon|Gastrodon, L50, F|100/100
|move|p1a: Greninja|Dark Pulse|p2b: Tyranitar
|-resisted|p2b: Tyranitar
|-damage|p2b: Tyranitar|95/100
|move|p2b: Tyranitar|Knock Off|p1b: Basculegion
|-supereffective|p1b: Basculegion
|-damage|p1b: Basculegion|0 fnt
|-enditem|p1b: Basculegion|Choice Band|[from] move: Knock Off|[of] p2b: Tyranitar
|faint|p1b: Basculegion
|
|-weather|Sandstorm|[upkeep]
|-damage|p1a: Greninja|95/100|[from] Sandstorm
|upkeep
|
|t:|1757831157
|switch|p1b: Pelipper|Pelipper, L50, M|100/100
|-weather|RainDance|[from] ability: Drizzle|[of] p1b: Pelipper
|turn|3
|
|t:|1757831181
|-terastallize|p1b: Pelipper|Stellar
|move|p1a: Greninja|Dark Pulse|p2a: Gastrodon
|-damage|p2a: Gastrodon|67/100
|move|p2b: Tyranitar|Knock Off|p1b: Pelipper
|-damage|p1b: Pelipper|24/100
|-enditem|p1b: Pelipper|Focus Sash|[from] move: Knock Off|[of] p2b: Tyranitar
|move|p1b: Pelipper|Tailwind|p1b: Pelipper
|-sidestart|p1: themismatcher|move: Tailwind
|cant|p2a: Gastrodon|flinch
|
|-weather|RainDance|[upkeep]
|upkeep
|turn|4
|
|t:|1757831205
|move|p1a: Greninja|Dark Pulse|p2a: Gastrodon
|-damage|p2a: Gastrodon|34/100
|move|p1b: Pelipper|Hurricane|p2a: Gastrodon
|-damage|p2a: Gastrodon|0 fnt
|faint|p2a: Gastrodon
|move|p2b: Tyranitar|Lash Out|p1b: Pelipper
|-damage|p1b: Pelipper|0 fnt
|faint|p1b: Pelipper
|
|-weather|RainDance|[upkeep]
|-sideend|p2: boncuss|move: Tailwind
|upkeep
|
|t:|1757831208
|switch|p2a: Talonflame|Talonflame, L50, F|11/100
|turn|5
|
|t:|1757831232
|-terastallize|p2b: Tyranitar|Flying
|move|p1a: Greninja|Water Shuriken|p2a: Talonflame
|-supereffective|p2a: Talonflame
|-damage|p2a: Talonflame|0 fnt
|faint|p2a: Talonflame
|-hitcount|p2: Talonflame|1
|move|p2b: Tyranitar|Knock Off|p1a: Greninja
|-resisted|p1a: Greninja
|-damage|p1a: Greninja|54/100
|-enditem|p1a: Greninja|Loaded Dice|[from] move: Knock Off|[of] p2b: Tyranitar
|
|-weather|RainDance|[upkeep]
|upkeep
|turn|6
|inactive|themismatcher has 30 seconds left.
|
|t:|1757831258
|move|p1a: Greninja|Dark Pulse|p2b: Tyranitar
|-damage|p2b: Tyranitar|78/100
|move|p2b: Tyranitar|Rock Slide|p1a: Greninja
|-damage|p1a: Greninja|0 fnt
|faint|p1a: Greninja
|
|win|boncuss
||boncuss is ready for game 3.
||themismatcher is ready for game 3.
|uhtml|next|Next: Game 3 of 3
|l|☆boncuss
|player|p2|
