|j|☆UndeadParadox
|j|☆trevasvgc
|html|UndeadParadoxtrevasvgc    
|uhtml|bestof|Game 3 of a best-of-3
|t:|1756697733
|gametype|doubles
|player|p1|UndeadParadox|guitarist|1046
|player|p2|trevasvgc|sabrina|1117
|gen|9
|tier|[Gen 9] VGC 2025 Reg H (Bo3)
|rated|
|rule|Species Clause: Limit one of each Pokémon
|rule|Item Clause: Limit 1 of each item
|clearpoke
|poke|p1|Sneasler, L50, F|
|poke|p1|Rillaboom, L50, M|
|poke|p1|Incineroar, L50, M|
|poke|p1|Gholdengo, L50|
|poke|p1|Hydreigon, L50, M|
|poke|p1|Gengar, L50, F|
|poke|p2|Archaludon, L50, F|
|poke|p2|Dondozo, L50, M|
|poke|p2|Pelipper, L50, F|
|poke|p2|Sneasler, L50, M|
|poke|p2|Indeedee, L50, M|
|poke|p2|Tatsugiri, L50, M|
|teampreview|4
|showteam|p1|Sneasler||GrassySeed|Unburden|CloseCombat,DireClaw,Acrobatics,Protect|||F|||50|,,,,,Flying]Rillaboom||AssaultVest|GrassySurge|WoodHammer,GrassyGlide,FakeOut,HighHorsepower|||M|||50|,,,,,Fire]Incineroar||SafetyGoggles|Intimidate|FlareBlitz,KnockOff,PartingShot,FakeOut|||M|||50|,,,,,Ghost]Gholdengo||MetalCoat|GoodasGold|Protect,MakeItRain,ShadowBall,NastyPlot||||||50|,,,,,Water]Hydreigon||LifeOrb|Levitate|Flamethrower,DracoMeteor,DarkPulse,Protect|||M|||50|,,,,,Fire]Gengar||FocusSash|CursedBody|ShadowBall,Haze,Taunt,IcyWind|||F|||50|,,,,,Ghost
|showteam|p2|Archaludon||AssaultVest|Stamina|BodyPress,FlashCannon,ElectroShot,DracoMeteor|||F|||50|,,,,,Grass]Dondozo||SafetyGoggles|Unaware|WaveCrash,Protect,OrderUp,Earthquake|||M|||50|,,,,,Bug]Pelipper||ChoiceScarf|Drizzle|WeatherBall,Hurricane,Tailwind,MuddyWater|||F|||50|,,,,,Ghost]Sneasler||PsychicSeed|Unburden|ThroatChop,CloseCombat,Coaching,FakeOut|||M|||50|,,,,,Fighting]Indeedee||FocusSash|PsychicSurge|DazzlingGleam,Protect,HelpingHand,ExpandingForce|||M|||50|,,,,,Psychic]Tatsugiri||AbilityShield|Commander|MuddyWater,DracoMeteor,Taunt,Protect|||M|||50|,,,,,Ghost
|inactive|Battle timer is ON: inactive players will automatically lose when time's up. (requested by trevasvgc)
|l|☆trevasvgc
|inactive|trevasvgc disconnected and has a minute to reconnect!
|player|p2|
|
|t:|1756697783
|teamsize|p1|4
|teamsize|p2|4
|start
|switch|p1a: Rillaboom|Rillaboom, L50, M|100/100
|switch|p1b: Gholdengo|Gholdengo, L50, shiny|100/100
|switch|p2a: Sneasler|Sneasler, L50, M|100/100
|switch|p2b: Pelipper|Pelipper, L50, F|100/100
|-weather|RainDance|[from] ability: Drizzle|[of] p2b: Pelipper
|-fieldstart|move: Grassy Terrain|[from] ability: Grassy Surge|[of] p1a: Rillaboom
|turn|1
|j|☆trevasvgc
|inactive|trevasvgc reconnected and has 35 seconds left.
|player|p2|trevasvgc|sabrina|
|inactive|UndeadParadox has 30 seconds left.
|inactive|trevasvgc has 30 seconds left.
|inactive|UndeadParadox has 20 seconds left.
|inactive|trevasvgc has 20 seconds left.
|inactive|UndeadParadox has 15 seconds left.
|inactive|trevasvgc has 15 seconds left.
|inactive|UndeadParadox has 10 seconds left.
|inactive|trevasvgc has 10 seconds left.
|inactive|UndeadParadox has 5 seconds left.
|inactive|trevasvgc has 5 seconds left.
|
|t:|1756697838
|switch|p1a: Gengar|Gengar, L50, F|100/100
|move|p2a: Sneasler|Throat Chop|p1b: Gholdengo
|-supereffective|p1b: Gholdengo
|-damage|p1b: Gholdengo|34/100
|-start|p1b: Gholdengo|Throat Chop|[silent]
|move|p2b: Pelipper|Weather Ball|p1a: Gengar
|-damage|p1a: Gengar|12/100
|-start|p2b: Pelipper|Disable|Weather Ball|[from] ability: Cursed Body|[of] p1a: Gengar
|move|p1b: Gholdengo|Nasty Plot|p1b: Gholdengo
|-boost|p1b: Gholdengo|spa|2
|
|-weather|RainDance|[upkeep]
|-heal|p1a: Gengar|17/100|[from] Grassy Terrain
|-heal|p1b: Gholdengo|40/100|[from] Grassy Terrain
|upkeep
|turn|2
|inactive|UndeadParadox has 30 seconds left.
|inactive|trevasvgc has 30 seconds left.
|
|t:|1756697869
|switch|p2b: Dio|Indeedee, L50, M, shiny|100/100
|-fieldstart|move: Psychic Terrain|[from] ability: Psychic Surge|[of] p2b: Dio
|-enditem|p2a: Sneasler|Psychic Seed
|-boost|p2a: Sneasler|spd|1|[from] item: Psychic Seed
|-terastallize|p2a: Sneasler|Fighting
|move|p1b: Gholdengo|Protect|p1b: Gholdengo
|-singleturn|p1b: Gholdengo|Protect
|move|p2a: Sneasler|Close Combat|p1b: Gholdengo
|-activate|p1b: Gholdengo|move: Protect
|move|p1a: Gengar|Icy Wind|p2a: Sneasler|[spread] p2a,p2b
|-damage|p2a: Sneasler|88/100
|-damage|p2b: Dio|82/100
|-unboost|p2a: Sneasler|spe|1
|-unboost|p2b: Dio|spe|1
|
|-weather|RainDance|[upkeep]
|-end|p1b: Gholdengo|Throat Chop|[silent]
|upkeep
|turn|3
|inactive|UndeadParadox has 30 seconds left.
|inactive|trevasvgc has 30 seconds left.
|inactive|UndeadParadox has 20 seconds left.
|inactive|UndeadParadox has 15 seconds left.
|inactive|UndeadParadox has 10 seconds left.
|
|t:|1756697917
|switch|p1a: Rillaboom|Rillaboom, L50, M|100/100
|-fieldstart|move: Grassy Terrain|[from] ability: Grassy Surge|[of] p1a: Rillaboom
|-terastallize|p1b: Gholdengo|Water
|move|p2a: Sneasler|Throat Chop|p1b: Gholdengo
|-damage|p1b: Gholdengo|6/100
|-start|p1b: Gholdengo|Throat Chop|[silent]
|move|p1b: Gholdengo|Make It Rain|p2b: Dio|[spread] p2a,p2b
|-damage|p2a: Sneasler|0 fnt
|-damage|p2b: Dio|0 fnt
|-unboost|p1b: Gholdengo|spa|1
|faint|p2a: Sneasler
|faint|p2b: Dio
|
|-weather|RainDance|[upkeep]
|-heal|p1b: Gholdengo|12/100|[from] Grassy Terrain
|upkeep
|
|t:|1756697932
|switch|p2a: Archaludon|Archaludon, L50, F|100/100
|switch|p2b: Pelipper|Pelipper, L50, F|100/100
|turn|4
|inactive|trevasvgc has 30 seconds left.
|
|t:|1756697963
|move|p1a: Rillaboom|Fake Out|p2b: Pelipper
|-damage|p2b: Pelipper|80/100
|cant|p2b: Pelipper|flinch
|move|p1b: Gholdengo|Shadow Ball|p2a: Archaludon
|-damage|p2a: Archaludon|47/100
|-ability|p2a: Archaludon|Stamina|boost
|-boost|p2a: Archaludon|def|1
|move|p2a: Archaludon|Electro Shot||[still]
|-prepare|p2a: Archaludon|Electro Shot
|-boost|p2a: Archaludon|spa|1
|-anim|p2a: Archaludon|Electro Shot|p1b: Gholdengo
|-supereffective|p1b: Gholdengo
|-damage|p1b: Gholdengo|0 fnt
|faint|p1b: Gholdengo
|
|-weather|RainDance|[upkeep]
|-heal|p2a: Archaludon|54/100|[from] Grassy Terrain
|upkeep
|
|t:|1756697975
|switch|p1b: Sneasler|Sneasler, L50, F, shiny|100/100
|-enditem|p1b: Sneasler|Grassy Seed
|-boost|p1b: Sneasler|def|1|[from] item: Grassy Seed
|turn|5
|
|t:|1756697990
|move|p1b: Sneasler|Close Combat|p2a: Archaludon
|-supereffective|p2a: Archaludon
|-damage|p2a: Archaludon|0 fnt
|-unboost|p1b: Sneasler|def|1
|-unboost|p1b: Sneasler|spd|1
|faint|p2a: Archaludon
|move|p2b: Pelipper|Hurricane|p1b: Sneasler
|-supereffective|p1b: Sneasler
|-damage|p1b: Sneasler|0 fnt
|faint|p1b: Sneasler
|move|p1a: Rillaboom|Wood Hammer|p2b: Pelipper
|-damage|p2b: Pelipper|0 fnt
|faint|p2b: Pelipper
|-damage|p1a: Rillaboom|83/100|[from] Recoil
|
|win|UndeadParadox
|raw|UndeadParadox's rating: 1046 → 1086(+40 for winning)
|raw|trevasvgc's rating: 1117 → 1087(-30 for losing)
