|j|☆eltsurito
|j|☆Stutesting
|html|eltsuritoStutesting    
|uhtml|bestof|Game 1 of a best-of-3
|t:|1757191451
|gametype|doubles
|player|p1|eltsurito|265|1091
|player|p2|Stutesting|170|1145
|gen|9
|tier|[Gen 9] VGC 2025 Reg H (Bo3)
|rated|
|rule|Species Clause: Limit one of each Pokémon
|rule|Item Clause: Limit 1 of each item
|clearpoke
|poke|p1|Sneasler, L50, M|
|poke|p1|Indeedee, L50, M|
|poke|p1|Volcarona, L50, F|
|poke|p1|Ursaluna-Bloodmoon, L50, M|
|poke|p1|Annihilape, L50, F|
|poke|p1|Tyranitar, L50, M|
|poke|p2|Amoonguss, L50, M|
|poke|p2|Incineroar, L50, M|
|poke|p2|Ceruledge, L50, F|
|poke|p2|Porygon2, L50|
|poke|p2|Palafin, L50, F|
|poke|p2|Ursaluna, L50, M|
|teampreview|4
|showteam|p1|Sneasler||PsychicSeed|Unburden|CloseCombat,DireClaw,ThroatChop,Protect|||M|||50|,,,,,Dark]Indeedee||ChoiceScarf|PsychicSurge|ExpandingForce,TeraBlast,Trick,Protect|||M|||50|,,,,,Psychic]Volcarona||SitrusBerry|FlameBody|Overheat,StruggleBug,RagePowder,Tailwind|||F|||50|,,,,,Grass]Ursaluna-Bloodmoon||LifeOrb|MindsEye|BloodMoon,HyperVoice,EarthPower,Protect|||M|||50|,,,,,Normal]Annihilape||SafetyGoggles|Defiant|CloseCombat,RageFist,Taunt,FinalGambit|||F|||50|,,,,,Fairy]Tyranitar||AssaultVest|SandStream|RockSlide,KnockOff,TeraBlast,LowKick|||M|||50|,,,,,Flying
|showteam|p2|Amoonguss||SitrusBerry|Regenerator|Spore,RagePowder,PollenPuff,Protect|||M|||50|,,,,,Water]Incineroar||SafetyGoggles|Intimidate|FakeOut,KnockOff,FlareBlitz,PartingShot|||M|||50|,,,,,Grass]Ceruledge||AssaultVest|FlashFire|BitterBlade,ShadowSneak,CloseCombat,TeraBlast|||F|||50|,,,,,Grass]Porygon2||Eviolite|Download|TeraBlast,IceBeam,TrickRoom,Recover||||||50|,,,,,Flying]Palafin||MysticWater|ZerotoHero|JetPunch,WaveCrash,CloseCombat,Protect|||F|||50|,,,,,Water]Ursaluna||FlameOrb|Guts|Facade,HeadlongRush,Earthquake,Protect|||M|||50|,,,,,Poison
|inactive|Battle timer is ON: inactive players will automatically lose when time's up. (requested by Stutesting)
|inactive|eltsurito also wants the timer to be on.
|c|☆Stutesting|Glhf
|inactive|eltsurito has 60 seconds left.
|inactive|Stutesting has 60 seconds left.
|
|t:|1757191497
|teamsize|p1|4
|teamsize|p2|4
|start
|switch|p1a: Sneasler|Sneasler, L50, M|100/100
|switch|p1b: Indeedee|Indeedee, L50, M|100/100
|switch|p2a: Palafin|Palafin, L50, F, shiny|100/100
|switch|p2b: Ceruledge|Ceruledge, L50, F, shiny|100/100
|-fieldstart|move: Psychic Terrain|[from] ability: Psychic Surge|[of] p1b: Indeedee
|-enditem|p1a: Sneasler|Psychic Seed
|-boost|p1a: Sneasler|spd|1|[from] item: Psychic Seed
|turn|1
|inactive|eltsurito has 30 seconds left.
|inactive|Stutesting has 30 seconds left.
|c|☆Stutesting|Glhf
|inactive|eltsurito has 20 seconds left.
|inactive|Stutesting has 20 seconds left.
|inactive|Stutesting has 15 seconds left.
|
|t:|1757191541
|detailschange|p2a: Palafin|Palafin-Hero, L50, F, shiny
|switch|p2a: Incineroar|Incineroar, L50, M|100/100
|-ability|p2a: Incineroar|Intimidate|boost
|-unboost|p1a: Sneasler|atk|1
|-unboost|p1b: Indeedee|atk|1
|-terastallize|p1b: Indeedee|Psychic
|move|p1a: Sneasler|Dire Claw|p2a: Incineroar
|-damage|p2a: Incineroar|76/100
|-status|p2a: Incineroar|slp
|move|p1b: Indeedee|Expanding Force|p2a: Incineroar|[spread] p2b
|-immune|p2a: Incineroar
|-damage|p2b: Ceruledge|50/100
|move|p2b: Ceruledge|Bitter Blade|p1a: Sneasler
|-damage|p1a: Sneasler|22/100
|-heal|p2b: Ceruledge|83/100|[from] drain|[of] p1a: Sneasler
|
|upkeep
|turn|2
|inactive|eltsurito has 30 seconds left.
|inactive|Stutesting has 30 seconds left.
|inactive|eltsurito has 20 seconds left.
|
|t:|1757191578
|switch|p1a: Volcarona|Volcarona, L50, F|100/100
|move|p1b: Indeedee|Expanding Force|p2b: Ceruledge|[spread] p2b
|-immune|p2a: Incineroar
|-damage|p2b: Ceruledge|35/100
|move|p2b: Ceruledge|Bitter Blade|p1a: Volcarona
|-damage|p1a: Volcarona|49/100
|-heal|p2b: Ceruledge|61/100|[from] drain|[of] p1a: Volcarona
|-enditem|p1a: Volcarona|Sitrus Berry|[eat]
|-heal|p1a: Volcarona|74/100|[from] item: Sitrus Berry
|cant|p2a: Incineroar|slp
|
|upkeep
|turn|3
|inactive|Stutesting has 30 seconds left.
|
|t:|1757191606
|switch|p1b: Annihilape|Annihilape, L50, F|100/100
|move|p1a: Volcarona|Tailwind|p1a: Volcarona
|-sidestart|p1: eltsurito|move: Tailwind
|move|p2b: Ceruledge|Bitter Blade|p1a: Volcarona
|-damage|p1a: Volcarona|15/100
|-heal|p2b: Ceruledge|90/100|[from] drain|[of] p1a: Volcarona
|cant|p2a: Incineroar|slp
|
|upkeep
|turn|4
|inactive|Stutesting has 30 seconds left.
|
|t:|1757191631
|-terastallize|p2b: Ceruledge|Grass
|move|p1a: Volcarona|Struggle Bug|p2b: Ceruledge|[spread] p2a,p2b
|-crit|p2a: Incineroar
|-supereffective|p2b: Ceruledge
|-damage|p2a: Incineroar|52/100 slp
|-damage|p2b: Ceruledge|69/100
|-unboost|p2a: Incineroar|spa|1
|-unboost|p2b: Ceruledge|spa|1
|move|p1b: Annihilape|Close Combat|p2a: Incineroar
|-supereffective|p2a: Incineroar
|-damage|p2a: Incineroar|0 fnt
|-unboost|p1b: Annihilape|def|1
|-unboost|p1b: Annihilape|spd|1
|faint|p2a: Incineroar
|move|p2b: Ceruledge|Bitter Blade|p1b: Annihilape
|-damage|p1b: Annihilape|27/100
|-heal|p2b: Ceruledge|100/100|[from] drain|[of] p1b: Annihilape
|
|upkeep
|
|t:|1757191645
|switch|p2a: Palafin|Palafin-Hero, L50, F, shiny|100/100
|-activate|p2a: Palafin|ability: Zero to Hero
|turn|5
|inactive|eltsurito has 30 seconds left.
|inactive|eltsurito has 20 seconds left.
|inactive|eltsurito has 15 seconds left.
|inactive|eltsurito has 10 seconds left.
|
|t:|1757191694
|switch|p2b: Amoonguss|Amoonguss, L50, M|100/100
|move|p2a: Palafin|Protect|p2a: Palafin
|-singleturn|p2a: Palafin|Protect
|move|p1a: Volcarona|Overheat|p2b: Amoonguss
|-supereffective|p2b: Amoonguss
|-crit|p2b: Amoonguss
|-damage|p2b: Amoonguss|0 fnt
|-unboost|p1a: Volcarona|spa|2
|faint|p2b: Amoonguss
|move|p1b: Annihilape|Close Combat|p2a: Palafin
|-activate|p2a: Palafin|move: Protect
|
|-fieldend|move: Psychic Terrain
|upkeep
|
|t:|1757191706
|switch|p2b: Ceruledge|Ceruledge, L50, F, shiny, tera:Grass|100/100
|turn|6
|inactive|Stutesting has 30 seconds left.
|
|t:|1757191732
|move|p2a: Palafin|Jet Punch|p1b: Annihilape
|-damage|p1b: Annihilape|0 fnt
|faint|p1b: Annihilape
|move|p1a: Volcarona|Overheat|p2b: Ceruledge
|-start|p2b: Ceruledge|ability: Flash Fire
|move|p2b: Ceruledge|Tera Blast|p1a: Volcarona|[anim] Tera Blast Grass
|-resisted|p1a: Volcarona
|-damage|p1a: Volcarona|2/100
|
|-sideend|p1: eltsurito|move: Tailwind
|upkeep
|
|t:|1757191745
|switch|p1b: Indeedee|Indeedee, L50, M, tera:Psychic|100/100
|-fieldstart|move: Psychic Terrain|[from] ability: Psychic Surge|[of] p1b: Indeedee
|turn|7
|
|t:|1757191756
|move|p1b: Indeedee|Protect|p1b: Indeedee
|-singleturn|p1b: Indeedee|Protect
|move|p1a: Volcarona|Tailwind|p1a: Volcarona
|-sidestart|p1: eltsurito|move: Tailwind
|move|p2a: Palafin|Wave Crash|p1b: Indeedee
|-activate|p1b: Indeedee|move: Protect
|move|p2b: Ceruledge|Bitter Blade|p1b: Indeedee
|-activate|p1b: Indeedee|move: Protect
|
|upkeep
|turn|8
|c|☆Stutesting|???
|
|t:|1757191780
|switch|p1b: Sneasler|Sneasler, L50, M|22/100
|move|p1a: Volcarona|Overheat|p2b: Ceruledge
|-immune|p2b: Ceruledge|[from] ability: Flash Fire
|move|p2a: Palafin|Wave Crash|p1b: Sneasler
|-damage|p1b: Sneasler|0 fnt
|faint|p1b: Sneasler
|-damage|p2a: Palafin|95/100|[from] Recoil
|move|p2b: Ceruledge|Bitter Blade|p1a: Volcarona
|-damage|p1a: Volcarona|0 fnt
|faint|p1a: Volcarona
|
|upkeep
|
|t:|1757191793
|switch|p1b: Indeedee|Indeedee, L50, M, tera:Psychic|100/100
|turn|9
|
|t:|1757191811
|move|p2a: Palafin|Protect|p2a: Palafin
|-singleturn|p2a: Palafin|Protect
|move|p1b: Indeedee|Expanding Force|p2a: Palafin|[spread] p2b
|-activate|p2a: Palafin|move: Protect
|-damage|p2b: Ceruledge|53/100
|move|p2b: Ceruledge|Bitter Blade|p1b: Indeedee
|-damage|p1b: Indeedee|0 fnt
|-heal|p2b: Ceruledge|91/100|[from] drain|[of] p1b: Indeedee
|faint|p1b: Indeedee
|
|win|Stutesting
||Stutesting is ready for game 2.
|l|☆Stutesting
|player|p2|
|inactive|eltsurito has 30 seconds to confirm battle start!
