|j|☆MonoSurge
|j|☆GlitchXDGOAT
|html|MonoSurgeGlitchXDGOAT    
|uhtml|bestof|Game 2 of a best-of-3
|t:|1783630848
|gametype|doubles
|player|p1|MonoSurge|red-gen7|1168
|player|p2|GlitchXDGOAT|266|1103
|gen|9
|tier|[Gen 9 Champions] VGC 2026 Reg M-B (Bo3)
|rated|
|rule|Species Clause: Limit one of each Pokémon
|rule|Item Clause: Limit 1 of each item
|clearpoke
|poke|p1|Sneasler, L50, F|
|poke|p1|Gholdengo, L50|
|poke|p1|Whimsicott, L50, F|
|poke|p1|Aerodactyl, L50, M|
|poke|p1|Kangaskhan, L50, F|
|poke|p1|Incineroar, L50, M|
|poke|p2|Floette-Eternal, L50, F|
|poke|p2|Torkoal, L50, F|
|poke|p2|Farigiraf, L50, M|
|poke|p2|Aerodactyl, L50, F|
|poke|p2|Garchomp, L50, F|
|poke|p2|Kingambit, L50, M|
|teampreview|4
|showteam|p1|Sneasler||WhiteHerb|Unburden|CloseCombat,FakeOut,Taunt,GunkShot|Jolly||F|||50|]Gholdengo||LifeOrb|GoodasGold|MakeItRain,ShadowBall,NastyPlot,Protect|Serious|||||50|]Whimsicott||FocusSash|Prankster|Tailwind,Moonblast,Protect,EnergyBall|Timid||F|||50|]Aerodactyl||Aerodactylite|Unnerve|RockSlide,DualWingbeat,DragonDance,Protect|Jolly||M|||50|]Kangaskhan||SilkScarf|Scrappy|FakeOut,IcePunch,DoubleEdge,DrainPunch|Serious||F|||50|]Incineroar||Leftovers|Intimidate|FakeOut,FlareBlitz,ThroatChop,Protect|Adamant||M|||50|
|showteam|p2|Floette-Eternal||Floettite|FlowerVeil|Moonblast,DazzlingGleam,LightofRuin,Protect|Timid||F|||50|]Torkoal||Charcoal|Drought|Eruption,WeatherBall,EarthPower,Protect|Quiet||F|||50|]Farigiraf||SitrusBerry|ArmorTail|Psychic,HelpingHand,EnergyBall,TrickRoom|Bold||M|||50|]Aerodactyl||Aerodactylite|Unnerve|RockSlide,DualWingbeat,IceFang,Tailwind|Jolly||F|||50|]Garchomp||LifeOrb|RoughSkin|DragonClaw,StompingTantrum,RockSlide,Earthquake|Jolly||F|||50|]Kingambit||BlackGlasses|Defiant|SuckerPunch,KowtowCleave,IronHead,Protect|Adamant||M|||50|
|inactive|Battle timer is ON: inactive players will automatically lose when time's up. (requested by GlitchXDGOAT)
|
|t:|1783630874
|teamsize|p1|4
|teamsize|p2|4
|start
|switch|p1a: Dart|Sneasler, L50, F|100/100
|switch|p1b: Moneybags|Gholdengo, L50|100/100
|switch|p2a: Aerodactyl|Aerodactyl, L50, F|100/100
|switch|p2b: Kingambit|Kingambit, L50, M|100/100
|-ability|p2a: Aerodactyl|Unnerve
|turn|1
|inactive|MonoSurge has 30 seconds left.
|
|t:|1783630913
|switch|p2a: Farigiraf|Farigiraf, L50, M|100/100
|move|p1a: Dart|Fake Out||[still]
|cant|p2a: Farigiraf|ability: Armor Tail|Fake Out|[of] p1a: Dart
|move|p2b: Kingambit|Sucker Punch|p1b: Moneybags
|-supereffective|p1b: Moneybags|1
|-damage|p1b: Moneybags|1/100
|move|p1b: Moneybags|Make It Rain|p2a: Farigiraf|[spread] p2a,p2b
|-resisted|p2b: Kingambit|1
|-damage|p2a: Farigiraf|46/100
|-damage|p2b: Kingambit|71/100
|-unboost|p1b: Moneybags|spa|2
|-enditem|p2a: Farigiraf|Sitrus Berry|[eat]
|-heal|p2a: Farigiraf|70/100|[from] item: Sitrus Berry
|-damage|p1b: Moneybags|0 fnt|[from] item: Life Orb
|faint|p1b: Moneybags
|
|upkeep
|
|t:|1783630930
|switch|p1b: Whimson|Whimsicott, L50, F|100/100
|turn|2
|
|t:|1783630949
|switch|p2a: Garchomp|Garchomp, L50, F|100/100
|move|p1a: Dart|Close Combat|p2b: Kingambit
|-supereffective|p2b: Kingambit|2
|-damage|p2b: Kingambit|0 fnt
|-unboost|p1a: Dart|def|1
|-unboost|p1a: Dart|spd|1
|faint|p2b: Kingambit
|-enditem|p1a: Dart|White Herb
|-clearnegativeboost|p1a: Dart|[silent]
|move|p1b: Whimson|Moonblast|p2a: Garchomp
|-supereffective|p2a: Garchomp|1
|-damage|p2a: Garchomp|16/100
|
|upkeep
|
|t:|1783630957
|switch|p2b: Aerodactyl|Aerodactyl, L50, F|100/100
|-ability|p2b: Aerodactyl|Unnerve
|turn|3
|inactive|MonoSurge has 30 seconds left.
|
|t:|1783630984
|switch|p2a: Farigiraf|Farigiraf, L50, M|70/100
|detailschange|p2b: Aerodactyl|Aerodactyl-Mega, L50, F
|-mega|p2b: Aerodactyl|Aerodactyl|Aerodactylite
|move|p1a: Dart|Close Combat|p2b: Aerodactyl
|-damage|p2b: Aerodactyl|22/100
|-unboost|p1a: Dart|def|1
|-unboost|p1a: Dart|spd|1
|move|p2b: Aerodactyl|Dual Wingbeat|p1b: Whimson
|-supereffective|p1b: Whimson|1
|-damage|p1b: Whimson|24/100
|-supereffective|p1b: Whimson|1
|-damage|p1b: Whimson|0 fnt
|faint|p1b: Whimson
|-hitcount|p1: Whimson|2
|
|upkeep
|
|t:|1783630994
|switch|p1b: Incineroar|Incineroar, L50, M|100/100
|-ability|p1b: Incineroar|Intimidate|boost
|-unboost|p2a: Farigiraf|atk|1
|-unboost|p2b: Aerodactyl|atk|1
|turn|4
|inactive|MonoSurge has 30 seconds left.
|inactive|GlitchXDGOAT has 30 seconds left.
|
|t:|1783631026
|move|p1a: Dart|Close Combat|p2b: Aerodactyl
|-damage|p2b: Aerodactyl|0 fnt
|-unboost|p1a: Dart|def|1
|-unboost|p1a: Dart|spd|1
|faint|p2b: Aerodactyl
|move|p1b: Incineroar|Throat Chop|p2a: Farigiraf
|-supereffective|p2a: Farigiraf|1
|-damage|p2a: Farigiraf|4/100
|-start|p2a: Farigiraf|Throat Chop|[silent]
|move|p2a: Farigiraf|Psychic|p1a: Dart
|-supereffective|p1a: Dart|2
|-damage|p1a: Dart|0 fnt
|faint|p1a: Dart
|
|upkeep
|
|t:|1783631028
|switch|p2b: Garchomp|Garchomp, L50, F|16/100
|turn|5
|
|t:|1783631037
|move|p2a: Farigiraf|Helping Hand|p2b: Garchomp
|-singleturn|p2b: Garchomp|Helping Hand|[of] p2a: Farigiraf
|move|p2b: Garchomp|Stomping Tantrum|p1b: Incineroar
|-supereffective|p1b: Incineroar|1
|-damage|p1b: Incineroar|0 fnt
|faint|p1b: Incineroar
|-damage|p2b: Garchomp|7/100|[from] item: Life Orb
|
|win|GlitchXDGOAT
|raw|MonoSurge's rating: 1168 → 1138(-30 for losing)
|raw|GlitchXDGOAT's rating: 1103 → 1133(+30 for winning)
|c|☆GlitchXDGOAT|GG
|c|☆MonoSurge|gg
|l|☆MonoSurge
|player|p1|
