|j|☆TapuYolo VGC
|j|☆go to vr
|html|TapuYolo VGCgo to vr    
|uhtml|bestof|Game 3 of a best-of-3
|t:|1756824816
|gametype|doubles
|player|p1|TapuYolo VGC|iris|
|player|p2|go to vr|colress|
|gen|9
|tier|[Gen 9] VGC 2025 Reg H (Bo3)
|rule|Species Clause: Limit one of each Pokémon
|rule|Item Clause: Limit 1 of each item
|clearpoke
|poke|p1|Gholdengo, L50|
|poke|p1|Kommo-o, L50, M|
|poke|p1|Tyranitar, L50, M|
|poke|p1|Incineroar, L50, M|
|poke|p1|Sinistcha, L50|
|poke|p1|Murkrow, L50, F|
|poke|p2|Incineroar, L50, F|
|poke|p2|Gholdengo, L50|
|poke|p2|Amoonguss, L50, M|
|poke|p2|Hydreigon, L50, F|
|poke|p2|Porygon2, L50|
|poke|p2|Ursaluna, L50, M|
|teampreview|4
|showteam|p1|Gholdengo||ChoiceSpecs|GoodasGold|MakeItRain,ShadowBall,Thunderbolt,PowerGem||||||50|,,,,,Steel]Kommo-o||Leftovers|Overcoat|ClangingScales,ClangorousSoul,AuraSphere,Protect|||M|||50|,,,,,Steel]Tyranitar||AssaultVest|SandStream|RockSlide,KnockOff,TeraBlast,LowKick|||M|||50|,,,,,Flying]Incineroar||SafetyGoggles|Intimidate|FlareBlitz,KnockOff,FakeOut,PartingShot|||M|||50|,,,,,Ghost]Sinistcha||RockyHelmet|Hospitality|MatchaGotcha,RagePowder,TrickRoom,LifeDew||||||50|,,,,,Water]Murkrow||Eviolite|Prankster|FoulPlay,Snarl,Tailwind,Haze|||F|||50|,,,,,Ghost
|showteam|p2|Incineroar||SitrusBerry|Intimidate|KnockOff,FakeOut,FlareBlitz,PartingShot|||F|||50|,,,,,Ghost]Gholdengo||MetalCoat|GoodasGold|Protect,NastyPlot,MakeItRain,ShadowBall||||||50|,,,,,Water]Amoonguss||RockyHelmet|Regenerator|Spore,RagePowder,PollenPuff,Protect|||M|||50|,,,,,Fairy]Hydreigon||SafetyGoggles|Levitate|DracoMeteor,Snarl,Tailwind,Protect|||F|||50|,,,,,Ghost]Porygon2||Eviolite|Download|Recover,IceBeam,TeraBlast,TrickRoom||||||50|,,,,,Fighting]Ursaluna||FlameOrb|Guts|Earthquake,Facade,HeadlongRush,Protect|||M|||50|,,,,,Ghost
|inactive|Battle timer is ON: inactive players will automatically lose when time's up. (requested by go to vr)
|
|t:|1756824845
|teamsize|p1|4
|teamsize|p2|4
|start
|switch|p1a: Gholdengo|Gholdengo, L50|100/100
|switch|p1b: Murkrow|Murkrow, L50, F|100/100
|switch|p2a: Porygon2|Porygon2, L50|100/100
|switch|p2b: Incineroar|Incineroar, L50, F, shiny|100/100
|-ability|p2b: Incineroar|Intimidate|boost
|-unboost|p1a: Gholdengo|atk|1
|-unboost|p1b: Murkrow|atk|1
|-ability|p2a: Porygon2|Download|boost
|-boost|p2a: Porygon2|spa|1
|turn|1
|inactive|TapuYolo VGC has 30 seconds left.
|inactive|go to vr has 30 seconds left.
|
|t:|1756824879
|switch|p1a: Kommo-o|Kommo-o, L50, M|100/100
|move|p1b: Murkrow|Snarl|p2b: Incineroar|[spread] p2b
|-miss|p1b: Murkrow|p2a: Porygon2
|-resisted|p2b: Incineroar
|-damage|p2b: Incineroar|95/100
|-unboost|p2b: Incineroar|spa|1
|move|p2b: Incineroar|Flare Blitz|p1a: Kommo-o
|-resisted|p1a: Kommo-o
|-damage|p1a: Kommo-o|76/100
|-damage|p2b: Incineroar|88/100|[from] Recoil
|move|p2a: Porygon2|Trick Room|p2a: Porygon2
|-fieldstart|move: Trick Room|[of] p2a: Porygon2
|
|-heal|p1a: Kommo-o|82/100|[from] item: Leftovers
|upkeep
|turn|2
|inactive|go to vr has 30 seconds left.
|
|t:|1756824906
|move|p2a: Porygon2|Ice Beam|p1b: Murkrow
|-supereffective|p1b: Murkrow
|-damage|p1b: Murkrow|11/100
|-status|p1b: Murkrow|frz
|move|p2b: Incineroar|Parting Shot|p1a: Kommo-o
|-unboost|p1a: Kommo-o|atk|1
|-unboost|p1a: Kommo-o|spa|1
|
|t:|1756824918
|switch|p2b: Gholdengo|Gholdengo, L50|100/100|[from] Parting Shot
|cant|p1b: Murkrow|frz
|move|p1a: Kommo-o|Clangorous Soul|p1a: Kommo-o
|-boost|p1a: Kommo-o|atk|1
|-boost|p1a: Kommo-o|def|1
|-boost|p1a: Kommo-o|spa|1
|-boost|p1a: Kommo-o|spd|1
|-boost|p1a: Kommo-o|spe|1
|-damage|p1a: Kommo-o|49/100
|
|-heal|p1a: Kommo-o|55/100|[from] item: Leftovers
|upkeep
|turn|3
|
|t:|1756824941
|move|p1a: Kommo-o|Protect|p1a: Kommo-o
|-singleturn|p1a: Kommo-o|Protect
|move|p2a: Porygon2|Ice Beam|p1a: Kommo-o
|-activate|p1a: Kommo-o|move: Protect
|cant|p1b: Murkrow|frz
|move|p2b: Gholdengo|Nasty Plot|p2b: Gholdengo
|-boost|p2b: Gholdengo|spa|2
|
|-heal|p1a: Kommo-o|60/100|[from] item: Leftovers
|upkeep
|turn|4
|
|t:|1756824966
|switch|p1b: Sinistcha|Sinistcha, L50|100/100
|-heal|p1a: Kommo-o|85/100|[from] ability: Hospitality|[of] p1b: Sinistcha
|-terastallize|p1a: Kommo-o|Steel
|move|p2a: Porygon2|Ice Beam|p1a: Kommo-o
|-resisted|p1a: Kommo-o
|-damage|p1a: Kommo-o|70/100
|move|p2b: Gholdengo|Make It Rain|p1a: Kommo-o|[spread] p1a,p1b
|-resisted|p1a: Kommo-o
|-damage|p1a: Kommo-o|32/100
|-damage|p1b: Sinistcha|0 fnt
|-unboost|p2b: Gholdengo|spa|1
|faint|p1b: Sinistcha
|move|p1a: Kommo-o|Aura Sphere|p2a: Porygon2
|-supereffective|p2a: Porygon2
|-damage|p2a: Porygon2|54/100
|
|-heal|p1a: Kommo-o|38/100|[from] item: Leftovers
|upkeep
|
|t:|1756824983
|switch|p1b: Murkrow|Murkrow, L50, F|11/100 frz
|turn|5
|
|t:|1756824999
|move|p1a: Kommo-o|Protect|p1a: Kommo-o
|-singleturn|p1a: Kommo-o|Protect
|cant|p1b: Murkrow|frz
|move|p2a: Porygon2|Recover|p2a: Porygon2
|-heal|p2a: Porygon2|100/100
|move|p2b: Gholdengo|Make It Rain|p1a: Kommo-o|[spread] p1b
|-activate|p1a: Kommo-o|move: Protect
|-damage|p1b: Murkrow|0 fnt
|-unboost|p2b: Gholdengo|spa|1
|faint|p1b: Murkrow
|
|-heal|p1a: Kommo-o|43/100|[from] item: Leftovers
|-fieldend|move: Trick Room
|upkeep
|
|t:|1756825007
|switch|p1b: Gholdengo|Gholdengo, L50|100/100
|turn|6
|inactive|go to vr has 30 seconds left.
|
|t:|1756825039
|switch|p2b: Incineroar|Incineroar, L50, F, shiny|88/100
|-ability|p2b: Incineroar|Intimidate|boost
|-unboost|p1a: Kommo-o|atk|1
|-unboost|p1b: Gholdengo|atk|1
|-terastallize|p2a: Porygon2|Fighting
|move|p1a: Kommo-o|Aura Sphere|p2a: Porygon2
|-damage|p2a: Porygon2|80/100
|move|p1b: Gholdengo|Make It Rain|p2a: Porygon2|[spread] p2a,p2b
|-resisted|p2b: Incineroar
|-damage|p2a: Porygon2|31/100
|-damage|p2b: Incineroar|52/100
|-unboost|p1b: Gholdengo|spa|1
|move|p2a: Porygon2|Tera Blast|p1a: Kommo-o|[anim] Tera Blast Fighting
|-supereffective|p1a: Kommo-o
|-damage|p1a: Kommo-o|0 fnt
|faint|p1a: Kommo-o
|
|upkeep
|turn|7
|inactive|go to vr has 30 seconds left.
|
|t:|1756825065
|move|p1b: Gholdengo|Make It Rain|p2a: Porygon2|[spread] p2a,p2b
|-resisted|p2b: Incineroar
|-damage|p2a: Porygon2|0 fnt
|-damage|p2b: Incineroar|26/100
|-unboost|p1b: Gholdengo|spa|1
|-enditem|p2b: Incineroar|Sitrus Berry|[eat]
|-heal|p2b: Incineroar|50/100|[from] item: Sitrus Berry
|faint|p2a: Porygon2
|move|p2b: Incineroar|Knock Off|p1b: Gholdengo
|-supereffective|p1b: Gholdengo
|-damage|p1b: Gholdengo|9/100
|-enditem|p1b: Gholdengo|Choice Specs|[from] move: Knock Off|[of] p2b: Incineroar
|
|upkeep
|
|t:|1756825072
|switch|p2a: Ursaluna|Ursaluna, L50, M|100/100
|turn|8
|
|t:|1756825080
|move|p1b: Gholdengo|Make It Rain|p2a: Ursaluna|[spread] p2a,p2b
|-crit|p2a: Ursaluna
|-resisted|p2b: Incineroar
|-damage|p2a: Ursaluna|26/100
|-damage|p2b: Incineroar|37/100
|-unboost|p1b: Gholdengo|spa|1
|move|p2b: Incineroar|Knock Off|p1b: Gholdengo
|-supereffective|p1b: Gholdengo
|-damage|p1b: Gholdengo|0 fnt
|faint|p1b: Gholdengo
|
|win|go to vr
|c|☆TapuYolo VGC|ggs
|c|☆go to vr|ggs y sorry
|c|☆go to vr|por la congelacion
|l|☆go to vr
|player|p2|
|j|☆go to vr
|player|p2|go to vr|colress|
