|j|☆Catzuki
|j|☆wariounishere
|html|Catzukiwariounishere    
|uhtml|bestof|Game 3 of a best-of-3
|t:|1785865378
|gametype|doubles
|player|p1|Catzuki|169|1000
|player|p2|wariounishere|hoopster|1045
|gen|9
|tier|[Gen 9 Champions] VGC 2026 Reg M-B (Bo3)
|rated|
|rule|Species Clause: Limit one of each Pokémon
|rule|Item Clause: Limit 1 of each item
|clearpoke
|poke|p1|Gengar, L50, F|
|poke|p1|Grimmsnarl, L50, M|
|poke|p1|Pelipper, L50, M|
|poke|p1|Sinistcha, L50|
|poke|p1|Archaludon, L50, F|
|poke|p1|Basculegion, L50, M|
|poke|p2|Venusaur, L50, M|
|poke|p2|Whimsicott, L50, F|
|poke|p2|Annihilape, L50, F|
|poke|p2|Kingambit, L50, M, shiny|
|poke|p2|Basculegion, L50, M|
|poke|p2|Charizard, L50, M|
|teampreview|4
|showteam|p1|Gengar||Gengarite|CursedBody|Protect,ReflectType,DarkPulse,DazzlingGleam|Modest||F|||50|]Grimmsnarl||LightClay|Prankster|FakeOut,PartingShot,LightScreen,FakeTears|Calm||M|||50|]Pelipper||SitrusBerry|Drizzle|Hurricane,WeatherBall,Tailwind,WideGuard|Modest||M|||50|]Sinistcha||CobaBerry|Hospitality|MatchaGotcha,RagePowder,TrickRoom,Protect|Relaxed|||||50|]Archaludon||Leftovers|Stamina|ElectroShot,DragonPulse,FlashCannon,Protect|Modest||F|||50|]Basculegion||ChoiceScarf|Adaptability|LastRespects,FlipTurn,AquaJet,WaveCrash|Jolly||M|||50|
|showteam|p2|Venusaur||Leftovers|Chlorophyll|SleepPowder,GigaDrain,Synthesis,Earthquake|Hasty||M|||50|]Whimsicott||MentalHerb|Prankster|Tailwind,BeatUp,Taunt,Moonblast|Relaxed||F|||50|]Annihilape||LifeOrb|Defiant|CloseCombat,Uturn,RageFist,Protect|Jolly||F|||50|]Kingambit||ExpertBelt|Defiant|KowtowCleave,SuckerPunch,IronHead,BrickBreak|Adamant||M|||50|]Basculegion||ChoiceScarf|Adaptability|AquaJet,LastRespects,Crunch,FlipTurn|Jolly||M|||50|]Charizard||CharizarditeY|SolarPower|RockSlide,HeatWave,AirSlash,Protect|Hasty||M|||50|
|inactive|Battle timer is ON: inactive players will automatically lose when time's up. (requested by wariounishere)
|
|t:|1785865396
|teamsize|p1|4
|teamsize|p2|4
|start
|switch|p1a: Gengar|Gengar, L50, F|100/100
|switch|p1b: Grimmsnarl|Grimmsnarl, L50, M|100/100
|switch|p2a: Saur|Venusaur, L50, M|100/100
|switch|p2b: Embodic|Charizard, L50, M|100/100
|turn|1
|inactive|Catzuki has 30 seconds left.
|inactive|Catzuki has 20 seconds left.
|
|t:|1785865432
|detailschange|p2b: Embodic|Charizard-Mega-Y, L50, M
|-mega|p2b: Embodic|Charizard|Charizardite Y
|-weather|SunnyDay|[from] ability: Drought|[of] p2b: Embodic
|detailschange|p1a: Gengar|Gengar-Mega, L50, F
|-mega|p1a: Gengar|Gengar|Gengarite
|move|p1b: Grimmsnarl|Fake Out|p2b: Embodic
|-damage|p2b: Embodic|84/100
|move|p2a: Saur|Sleep Powder|p1a: Gengar|[miss]
|-miss|p2a: Saur|p1a: Gengar
|cant|p2b: Embodic|flinch
|move|p1a: Gengar|Reflect Type|p2a: Saur
|-start|p1a: Gengar|typechange|[from] move: Reflect Type|[of] p2a: Saur
|
|-weather|SunnyDay|[upkeep]
|upkeep
|-start|p1a: Gengar|typechange|Grass/Poison|[silent]
|turn|2
|inactive|Catzuki has 30 seconds left.
|inactive|Catzuki has 20 seconds left.
|
|t:|1785865470
|switch|p1b: Pelipper|Pelipper, L50, M|100/100
|-weather|RainDance|[from] ability: Drizzle|[of] p1b: Pelipper
|move|p1a: Gengar|Protect|p1a: Gengar
|-singleturn|p1a: Gengar|Protect
|move|p2b: Embodic|Heat Wave|p1b: Pelipper|[spread] p1b
|-activate|p1a: Gengar|move: Protect
|-resisted|p1b: Pelipper|1
|-crit|p1b: Pelipper
|-damage|p1b: Pelipper|80/100
|move|p2a: Saur|Sleep Powder|p1b: Pelipper
|-status|p1b: Pelipper|slp|[from] move: Sleep Powder
|
|-weather|RainDance|[upkeep]
|upkeep
|turn|3
|inactive|Catzuki has 30 seconds left.
|inactive|wariounishere has 30 seconds left.
|
|t:|1785865504
|move|p2b: Embodic|Heat Wave|p1b: Pelipper|[spread] p1a,p1b
|-supereffective|p1a: Gengar|1
|-resisted|p1b: Pelipper|1
|-damage|p1a: Gengar|59/100
|-damage|p1b: Pelipper|68/100 slp
|move|p1a: Gengar|Dark Pulse|p2b: Embodic
|-damage|p2b: Embodic|50/100g
|move|p2a: Saur|Earthquake|p1a: Gengar|[spread] p1a
|-immune|p2b: Embodic
|-immune|p1b: Pelipper
|-damage|p1a: Gengar|41/100
|cant|p1b: Pelipper|slp
|
|-weather|RainDance|[upkeep]
|upkeep
|turn|4
|inactive|Catzuki has 30 seconds left.
|
|t:|1785865534
|move|p1a: Gengar|Protect|p1a: Gengar
|-singleturn|p1a: Gengar|Protect
|move|p2b: Embodic|Air Slash|p1a: Gengar
|-activate|p1a: Gengar|move: Protect
|move|p2a: Saur|Earthquake|p1a: Gengar|[spread] 
|-activate|p1a: Gengar|move: Protect
|-immune|p2b: Embodic
|-immune|p1b: Pelipper
|-curestatus|p1b: Pelipper|slp|[msg]
|move|p1b: Pelipper|Tailwind|p1b: Pelipper
|-sidestart|p1: Catzuki|move: Tailwind
|
|-weather|RainDance|[upkeep]
|upkeep
|turn|5
|
|t:|1785865561
|switch|p1b: Grimmsnarl|Grimmsnarl, L50, M|100/100
|move|p1a: Gengar|Reflect Type|p1b: Grimmsnarl
|-start|p1a: Gengar|typechange|[from] move: Reflect Type|[of] p1b: Grimmsnarl
|move|p2b: Embodic|Air Slash|p1a: Gengar
|-damage|p1a: Gengar|1/100
|move|p2a: Saur|Sleep Powder|p1b: Grimmsnarl
|-status|p1b: Grimmsnarl|slp|[from] move: Sleep Powder
|
|-weather|RainDance|[upkeep]
|upkeep
|turn|6
|
|t:|1785865577
|cant|p1b: Grimmsnarl|slp
|move|p1a: Gengar|Dark Pulse|p2b: Embodic
|-damage|p2b: Embodic|1/100
|move|p2b: Embodic|Heat Wave|p1b: Grimmsnarl|[spread] 
|-miss|p2b: Embodic|p1a: Gengar
|-miss|p2b: Embodic|p1b: Grimmsnarl
|move|p2a: Saur|Earthquake|p1b: Grimmsnarl|[spread] p1a,p1b
|-immune|p2b: Embodic
|-damage|p1a: Gengar|0 fnt
|-damage|p1b: Grimmsnarl|85/100 slp
|faint|p1a: Gengar
|
|-weather|none
|upkeep
|
|t:|1785865593
|switch|p1a: Pelipper|Pelipper, L50, M|68/100
|-weather|RainDance|[from] ability: Drizzle|[of] p1a: Pelipper
|turn|7
|inactive|Catzuki has 30 seconds left.
|
|t:|1785865619
|move|p2b: Embodic|Protect|p2b: Embodic
|-singleturn|p2b: Embodic|Protect
|-curestatus|p1b: Grimmsnarl|slp|[msg]
|move|p1b: Grimmsnarl|Parting Shot|p2b: Embodic
|-activate|p2b: Embodic|move: Protect
|move|p1a: Pelipper|Hurricane|p2a: Saur
|-supereffective|p2a: Saur|1
|-damage|p2a: Saur|18/100
|move|p2a: Saur|Sleep Powder|p1a: Pelipper
|-status|p1a: Pelipper|slp|[from] move: Sleep Powder
|
|-weather|RainDance|[upkeep]
|-heal|p2a: Saur|24/100|[from] item: Leftovers
|-sideend|p1: Catzuki|move: Tailwind
|upkeep
|turn|8
|
|t:|1785865644
|switch|p1a: Archaludon|Archaludon, L50, F|100/100
|move|p1b: Grimmsnarl|Light Screen|p1b: Grimmsnarl
|-sidestart|p1: Catzuki|move: Light Screen
|move|p2b: Embodic|Heat Wave|p1a: Archaludon|[spread] p1a
|-miss|p2b: Embodic|p1b: Grimmsnarl
|-damage|p1a: Archaludon|80/100
|-ability|p1a: Archaludon|Stamina|boost
|-boost|p1a: Archaludon|def|1
|move|p2a: Saur|Sleep Powder|p1b: Grimmsnarl|[miss]
|-miss|p2a: Saur|p1b: Grimmsnarl
|
|-weather|RainDance|[upkeep]
|-heal|p2a: Saur|30/100|[from] item: Leftovers
|-heal|p1a: Archaludon|86/100|[from] item: Leftovers
|upkeep
|turn|9
|inactive|Catzuki has 30 seconds left.
|
|t:|1785865671
|move|p1b: Grimmsnarl|Parting Shot|p2a: Saur
|-unboost|p2a: Saur|atk|1
|-unboost|p2a: Saur|spa|1
|
|t:|1785865675
|switch|p1b: Pelipper|Pelipper, L50, M|68/100 slp|[from] Parting Shot
|move|p2b: Embodic|Heat Wave|p1b: Pelipper|[spread] p1a,p1b
|-resisted|p1b: Pelipper|1
|-damage|p1a: Archaludon|68/100
|-damage|p1b: Pelipper|59/100 slp
|-ability|p1a: Archaludon|Stamina|boost
|-boost|p1a: Archaludon|def|1
|move|p2a: Saur|Sleep Powder|p1b: Pelipper
|-fail|p1b: Pelipper|slp
|move|p1a: Archaludon|Electro Shot||[still]
|-prepare|p1a: Archaludon|Electro Shot
|-boost|p1a: Archaludon|spa|1
|-anim|p1a: Archaludon|Electro Shot|p2b: Embodic
|-supereffective|p2b: Embodic|1
|-damage|p2b: Embodic|0 fnt
|faint|p2b: Embodic
|
|-weather|RainDance|[upkeep]
|-heal|p2a: Saur|36/100|[from] item: Leftovers
|-heal|p1a: Archaludon|74/100|[from] item: Leftovers
|upkeep
|
|t:|1785865687
|switch|p2b: Queen|Annihilape, L50, F|100/100
|turn|10
|
|t:|1785865705
|move|p1a: Archaludon|Protect|p1a: Archaludon
|-singleturn|p1a: Archaludon|Protect
|move|p2b: Queen|Close Combat|p1a: Archaludon
|-activate|p1a: Archaludon|move: Protect
|move|p2a: Saur|Sleep Powder|p1a: Archaludon
|-activate|p1a: Archaludon|move: Protect
|cant|p1b: Pelipper|slp
|
|-weather|RainDance|[upkeep]
|-heal|p2a: Saur|42/100|[from] item: Leftovers
|-heal|p1a: Archaludon|80/100|[from] item: Leftovers
|upkeep
|turn|11
|inactive|Catzuki has 30 seconds left.
|
|t:|1785865735
|move|p2b: Queen|Protect|p2b: Queen
|-singleturn|p2b: Queen|Protect
|move|p2a: Saur|Sleep Powder|p1b: Pelipper|[miss]
|-miss|p2a: Saur|p1b: Pelipper
|move|p1a: Archaludon|Dragon Pulse|p2b: Queen
|-activate|p2b: Queen|move: Protect
|-curestatus|p1b: Pelipper|slp|[msg]
|move|p1b: Pelipper|Tailwind|p1b: Pelipper
|-sidestart|p1: Catzuki|move: Tailwind
|
|-weather|none
|-heal|p1a: Archaludon|86/100|[from] item: Leftovers
|-heal|p2a: Saur|48/100|[from] item: Leftovers
|upkeep
|turn|12
|inactive|Catzuki has 30 seconds left.
|inactive|Catzuki has 20 seconds left.
|
|t:|1785865774
|switch|p2b: KING|Kingambit, L50, M, shiny|100/100
|move|p1a: Archaludon|Protect|p1a: Archaludon
|-singleturn|p1a: Archaludon|Protect
|move|p1b: Pelipper|Hurricane|p2a: Saur
|-supereffective|p2a: Saur|1
|-damage|p2a: Saur|0 fnt
|faint|p2a: Saur
|
|-heal|p1a: Archaludon|92/100|[from] item: Leftovers
|upkeep
|
|t:|1785865777
|switch|p2a: Queen|Annihilape, L50, F|100/100
|turn|13
|inactive|Catzuki has 30 seconds left.
|
|t:|1785865804
|move|p2a: Queen|Protect|p2a: Queen
|-singleturn|p2a: Queen|Protect
|move|p1a: Archaludon|Electro Shot||[still]
|-prepare|p1a: Archaludon|Electro Shot
|-boost|p1a: Archaludon|spa|1
|move|p1b: Pelipper|Hurricane|p2a: Queen
|-activate|p2a: Queen|move: Protect
|move|p2b: KING|Brick Break|p1a: Archaludon
|-sideend|p1: Catzuki|move: Light Screen
|-supereffective|p1a: Archaludon|1
|-damage|p1a: Archaludon|69/100
|-ability|p1a: Archaludon|Stamina|boost
|-boost|p1a: Archaludon|def|1
|
|-heal|p1a: Archaludon|75/100|[from] item: Leftovers
|upkeep
|turn|14
|inactive|Catzuki has 30 seconds left.
|inactive|wariounishere has 30 seconds left.
|
|t:|1785865832
|switch|p1b: Grimmsnarl|Grimmsnarl, L50, M|85/100
|move|p2a: Queen|Protect|p2a: Queen
|-singleturn|p2a: Queen|Protect
|move|p1a: Archaludon|Electro Shot|p2a: Queen|[from] lockedmove
|-activate|p2a: Queen|move: Protect
|move|p2b: KING|Brick Break|p1a: Archaludon
|-supereffective|p1a: Archaludon|1
|-damage|p1a: Archaludon|55/100
|-ability|p1a: Archaludon|Stamina|boost
|-boost|p1a: Archaludon|def|1
|
|-heal|p1a: Archaludon|61/100|[from] item: Leftovers
|-sideend|p1: Catzuki|move: Tailwind
|upkeep
|turn|15
|l|☆wariounishere
|inactive|wariounishere disconnected and has a minute to reconnect!
|player|p2|
|inactive|Catzuki has 30 seconds left.
|inactive|wariounishere has 30 seconds left.
|inactive|wariounishere has 20 seconds left.
|inactive|wariounishere has 15 seconds left.
|inactive|wariounishere has 10 seconds left.
|inactive|wariounishere has 5 seconds left.
|-message|wariounishere lost due to inactivity.
|
|win|Catzuki
|raw|Catzuki's rating: 1000 → 1045(+45 for winning)
|raw|wariounishere's rating: 1045 → 1026(-19 for losing)
