|j|☆r4ka
|j|☆Tronman17
|html|r4kaTronman17    
|uhtml|bestof|Game 2 of a best-of-3
|t:|1756641018
|gametype|doubles
|player|p1|r4ka|169|1122
|player|p2|Tronman17|steven|1180
|gen|9
|tier|[Gen 9] VGC 2025 Reg H (Bo3)
|rated|
|rule|Species Clause: Limit one of each Pokémon
|rule|Item Clause: Limit 1 of each item
|clearpoke
|poke|p1|Rillaboom, L50, M|
|poke|p1|Dragonite, L50, M|
|poke|p1|Sneasler, L50, F|
|poke|p1|Kingambit, L50, M|
|poke|p1|Electabuzz, L50, M|
|poke|p1|Volcarona, L50, F|
|poke|p2|Archaludon, L50, F|
|poke|p2|Pelipper, L50, F|
|poke|p2|Rillaboom, L50, F|
|poke|p2|Sinistcha, L50|
|poke|p2|Ursaluna, L50, M|
|poke|p2|Annihilape, L50, F|
|teampreview|4
|showteam|p1|Rillaboom||AssaultVest|GrassySurge|FakeOut,HighHorsepower,WoodHammer,GrassyGlide|||M|||50|,,,,,Fire]Dragonite||LoadedDice|Multiscale|ExtremeSpeed,ScaleShot,Protect,Haze|||M|||50|,,,,,Steel]Sneasler||FocusSash|PoisonTouch|DireClaw,CloseCombat,FakeOut,Coaching|||F|||50|,,,,,Stellar]Kingambit||BlackGlasses|Defiant|KowtowCleave,SuckerPunch,SwordsDance,Protect|||M|||50|,,,,,Dark]Electabuzz||Eviolite|VitalSpirit|Thunderbolt,Taunt,Protect,FollowMe|||M|||50|,,,,,Ghost]Volcarona||Leftovers|FlameBody|HeatWave,TeraBlast,QuiverDance,Protect|||F|||50|,,,,,Fairy
|showteam|p2|Archaludon||AssaultVest|Stamina|BodyPress,ElectroShot,FlashCannon,DragonPulse|||F|||50|,,,,,Fairy]Pelipper||CovertCloak|Drizzle|Hurricane,WeatherBall,Tailwind,Uturn|||F|||50|,,,,,Stellar]Rillaboom||LoadedDice|GrassySurge|GrassyGlide,BulletSeed,FakeOut,HighHorsepower|||F|||50|,,,,,Fire]Sinistcha||SitrusBerry|Hospitality|MatchaGotcha,LifeDew,TrickRoom,RagePowder||||||50|,,,,,Water]Ursaluna||FlameOrb|Guts|Facade,Substitute,HeadlongRush,Protect|||M|||50|,,,,,Ghost]Annihilape||Leftovers|Defiant|DrainPunch,RageFist,BulkUp,Protect|||F|||50|,,,,,Fire
|
|t:|1756641045
|teamsize|p1|4
|teamsize|p2|4
|start
|switch|p1a: Electabuzz|Electabuzz, L50, M|100/100
|switch|p1b: Volcarona|Volcarona, L50, F|100/100
|switch|p2a: Archaludon|Archaludon, L50, F, shiny|100/100
|switch|p2b: Pelipper|Pelipper, L50, F, shiny|100/100
|-weather|RainDance|[from] ability: Drizzle|[of] p2b: Pelipper
|turn|1
|
|t:|1756641065
|switch|p2b: Ursaluna|Ursaluna, L50, M|100/100
|move|p1b: Volcarona|Quiver Dance|p1b: Volcarona
|-boost|p1b: Volcarona|spa|1
|-boost|p1b: Volcarona|spd|1
|-boost|p1b: Volcarona|spe|1
|move|p1a: Electabuzz|Thunderbolt|p2b: Ursaluna
|-immune|p2b: Ursaluna
|move|p2a: Archaludon|Electro Shot||[still]
|-prepare|p2a: Archaludon|Electro Shot
|-boost|p2a: Archaludon|spa|1
|-anim|p2a: Archaludon|Electro Shot|p1b: Volcarona
|-damage|p1b: Volcarona|60/100
|
|-weather|RainDance|[upkeep]
|-heal|p1b: Volcarona|66/100|[from] item: Leftovers
|-status|p2b: Ursaluna|brn|[from] item: Flame Orb
|upkeep
|turn|2
|
|t:|1756641103
|move|p1a: Electabuzz|Follow Me|p1a: Electabuzz
|-singleturn|p1a: Electabuzz|move: Follow Me
|move|p1b: Volcarona|Quiver Dance|p1b: Volcarona
|-boost|p1b: Volcarona|spa|1
|-boost|p1b: Volcarona|spd|1
|-boost|p1b: Volcarona|spe|1
|move|p2a: Archaludon|Electro Shot||[still]
|-prepare|p2a: Archaludon|Electro Shot
|-boost|p2a: Archaludon|spa|1
|-anim|p2a: Archaludon|Electro Shot|p1a: Electabuzz
|-resisted|p1a: Electabuzz
|-damage|p1a: Electabuzz|68/100
|move|p2b: Ursaluna|Facade|p1a: Electabuzz
|-damage|p1a: Electabuzz|0 fnt
|faint|p1a: Electabuzz
|
|-weather|RainDance|[upkeep]
|-heal|p1b: Volcarona|72/100|[from] item: Leftovers
|-damage|p2b: Ursaluna|94/100 brn|[from] brn
|upkeep
|
|t:|1756641121
|switch|p1a: Sneasler|Sneasler, L50, F|100/100
|turn|3
|
|t:|1756641151
|-terastallize|p2b: Ursaluna|Ghost
|move|p1b: Volcarona|Protect|p1b: Volcarona
|-singleturn|p1b: Volcarona|Protect
|move|p1a: Sneasler|Coaching|p1b: Volcarona
|-boost|p1b: Volcarona|atk|1
|-boost|p1b: Volcarona|def|1
|move|p2a: Archaludon|Flash Cannon|p1b: Volcarona
|-activate|p1b: Volcarona|move: Protect
|move|p2b: Ursaluna|Facade|p1b: Volcarona
|-activate|p1b: Volcarona|move: Protect
|
|-weather|RainDance|[upkeep]
|-heal|p1b: Volcarona|78/100|[from] item: Leftovers
|-damage|p2b: Ursaluna|88/100 brn|[from] brn
|upkeep
|turn|4
|
|t:|1756641187
|switch|p2a: Sinistcha|Sinistcha, L50|100/100
|-heal|p2b: Ursaluna|100/100 brn|[from] ability: Hospitality|[of] p2a: Sinistcha
|-terastallize|p1b: Volcarona|Fairy
|move|p1b: Volcarona|Tera Blast|p2a: Sinistcha|[anim] Tera Blast Fairy
|-damage|p2a: Sinistcha|30/100
|-enditem|p2a: Sinistcha|Sitrus Berry|[eat]
|-heal|p2a: Sinistcha|55/100|[from] item: Sitrus Berry
|move|p1a: Sneasler|Coaching|p1b: Volcarona
|-boost|p1b: Volcarona|atk|1
|-boost|p1b: Volcarona|def|1
|move|p2b: Ursaluna|Facade|p1b: Volcarona
|-damage|p1b: Volcarona|10/100
|
|-weather|RainDance|[upkeep]
|-heal|p1b: Volcarona|16/100|[from] item: Leftovers
|-damage|p2b: Ursaluna|94/100 brn|[from] brn
|upkeep
|turn|5
|
|t:|1756641226
|move|p1b: Volcarona|Protect|p1b: Volcarona
|-singleturn|p1b: Volcarona|Protect
|move|p2a: Sinistcha|Rage Powder|p2a: Sinistcha
|-singleturn|p2a: Sinistcha|move: Rage Powder
|move|p1a: Sneasler|Dire Claw|p2a: Sinistcha
|-damage|p2a: Sinistcha|15/100
|move|p2b: Ursaluna|Substitute|p2b: Ursaluna
|-start|p2b: Ursaluna|Substitute
|-damage|p2b: Ursaluna|69/100 brn
|
|-weather|none
|-heal|p1b: Volcarona|22/100|[from] item: Leftovers
|-damage|p2b: Ursaluna|63/100 brn|[from] brn
|upkeep
|turn|6
|
|t:|1756641247
|switch|p2a: Archaludon|Archaludon, L50, F, shiny|100/100
|move|p1b: Volcarona|Heat Wave|p2b: Ursaluna|[spread] p2a,p2b
|-end|p2b: Ursaluna|Substitute
|-damage|p2a: Archaludon|47/100
|-ability|p2a: Archaludon|Stamina|boost
|-boost|p2a: Archaludon|def|1
|move|p1a: Sneasler|Dire Claw|p2b: Ursaluna
|-resisted|p2b: Ursaluna
|-damage|p2b: Ursaluna|48/100 brn
|move|p2b: Ursaluna|Facade|p1b: Volcarona
|-damage|p1b: Volcarona|0 fnt
|faint|p1b: Volcarona
|
|-damage|p2b: Ursaluna|42/100 brn|[from] brn
|upkeep
|
|t:|1756641261
|switch|p1b: Rillaboom|Rillaboom, L50, M|100/100
|-fieldstart|move: Grassy Terrain|[from] ability: Grassy Surge|[of] p1b: Rillaboom
|turn|7
|
|t:|1756641309
|move|p2b: Ursaluna|Protect|p2b: Ursaluna
|-singleturn|p2b: Ursaluna|Protect
|move|p1a: Sneasler|Close Combat|p2a: Archaludon
|-supereffective|p2a: Archaludon
|-crit|p2a: Archaludon
|-damage|p2a: Archaludon|0 fnt
|-unboost|p1a: Sneasler|def|1
|-unboost|p1a: Sneasler|spd|1
|faint|p2a: Archaludon
|move|p1b: Rillaboom|Wood Hammer|p2b: Ursaluna
|-activate|p2b: Ursaluna|move: Protect
|
|-heal|p2b: Ursaluna|48/100 brn|[from] Grassy Terrain
|-damage|p2b: Ursaluna|42/100 brn|[from] brn
|upkeep
|
|t:|1756641323
|switch|p2a: Sinistcha|Sinistcha, L50|15/100
|-heal|p2b: Ursaluna|67/100 brn|[from] ability: Hospitality|[of] p2a: Sinistcha
|turn|8
|
|t:|1756641335
|move|p2a: Sinistcha|Rage Powder|p2a: Sinistcha
|-singleturn|p2a: Sinistcha|move: Rage Powder
|move|p1a: Sneasler|Coaching|p1b: Rillaboom
|-boost|p1b: Rillaboom|atk|1
|-boost|p1b: Rillaboom|def|1
|move|p1b: Rillaboom|Wood Hammer|p2b: Ursaluna
|-damage|p2b: Ursaluna|0 fnt
|faint|p2b: Ursaluna
|-damage|p1b: Rillaboom|76/100|[from] Recoil
|
|-heal|p1b: Rillaboom|82/100|[from] Grassy Terrain
|-heal|p2a: Sinistcha|22/100|[from] Grassy Terrain
|upkeep
|
|t:|1756641346
|switch|p2b: Pelipper|Pelipper, L50, F, shiny|100/100
|-weather|RainDance|[from] ability: Drizzle|[of] p2b: Pelipper
|turn|9
|
|t:|1756641358
|move|p1a: Sneasler|Dire Claw|p2b: Pelipper
|-damage|p2b: Pelipper|53/100
|move|p2b: Pelipper|Hurricane|p1a: Sneasler
|-supereffective|p1a: Sneasler
|-enditem|p1a: Sneasler|Focus Sash
|-damage|p1a: Sneasler|1/100
|move|p1b: Rillaboom|Wood Hammer|p2b: Pelipper
|-damage|p2b: Pelipper|0 fnt
|faint|p2b: Pelipper
|-damage|p1b: Rillaboom|69/100|[from] Recoil
|move|p2a: Sinistcha|Matcha Gotcha|p1a: Sneasler|[spread] p1a,p1b
|-resisted|p1a: Sneasler
|-resisted|p1b: Rillaboom
|-damage|p1a: Sneasler|0 fnt
|-heal|p2a: Sinistcha|22/100|[from] drain|[of] p1a: Sneasler
|-damage|p1b: Rillaboom|57/100
|-heal|p2a: Sinistcha|29/100|[from] drain|[of] p1b: Rillaboom
|faint|p1a: Sneasler
|
|-weather|RainDance|[upkeep]
|-heal|p1b: Rillaboom|63/100|[from] Grassy Terrain
|-heal|p2a: Sinistcha|35/100|[from] Grassy Terrain
|upkeep
|turn|10
|
|t:|1756641382
|move|p1b: Rillaboom|Wood Hammer|p2a: Sinistcha
|-resisted|p2a: Sinistcha
|-damage|p2a: Sinistcha|0 fnt
|faint|p2a: Sinistcha
|-damage|p1b: Rillaboom|53/100|[from] Recoil
|
|win|r4ka
||r4ka is ready for game 3.
|inactive|Tronman17 has 30 seconds to confirm battle start!
||Tronman17 is ready for game 3.
|uhtml|next|Next: Game 3 of 3
