|j|☆blum10
|j|☆Cl0cKer
|html|blum10Cl0cKer    
|uhtml|bestof|Game 1 of a best-of-3
|t:|1783991350
|gametype|doubles
|player|p1|blum10|265|1000
|player|p2|Cl0cKer|roxie|1030
|gen|9
|tier|[Gen 9 Champions] VGC 2026 Reg M-B (Bo3)
|rated|
|rule|Species Clause: Limit one of each Pokémon
|rule|Item Clause: Limit 1 of each item
|clearpoke
|poke|p1|Sneasler, L50, M|
|poke|p1|Blastoise, L50, M|
|poke|p1|Kingambit, L50, M|
|poke|p1|Incineroar, L50, M|
|poke|p1|Delphox, L50, F|
|poke|p1|Sinistcha, L50|
|poke|p2|Hatterene, L50, F|
|poke|p2|Farigiraf, L50, M, shiny|
|poke|p2|Torkoal, L50, M|
|poke|p2|Kingambit, L50, M|
|poke|p2|Crabominable, L50, M, shiny|
|poke|p2|Blastoise, L50, F|
|teampreview|4
|showteam|p1|Sneasler||FocusSash|PoisonTouch|PoisonJab,CloseCombat,FakeOut,QuickGuard|Jolly||M|||50|]Blastoise||Blastoisinite|RainDish|DarkPulse,WaterSpout,ShellSmash,Protect|Modest||M|||50|]Kingambit||BlackGlasses|Defiant|KowtowCleave,SuckerPunch,SwordsDance,Protect|Adamant||M|||50|]Incineroar||SitrusBerry|Intimidate|FlareBlitz,HelpingHand,PartingShot,FakeOut|Careful||M|||50|]Delphox||Delphoxite|Blaze|HeatWave,NastyPlot,Psyshock,Protect|Modest||F|||50|]Sinistcha||KasibBerry|Hospitality|MatchaGotcha,RagePowder,TrickRoom,Protect|Bold|||||50|
|showteam|p2|Hatterene||FairyFeather|MagicBounce|DazzlingGleam,MysticalFire,TrickRoom,Psychic|Quiet||F|||50|]Farigiraf||SitrusBerry|ArmorTail|TrickRoom,HyperVoice,HelpingHand,Protect|Quiet||M|||50|]Torkoal||Charcoal|Drought|Eruption,Protect,WeatherBall,HeatWave|Quiet||M|||50|]Kingambit||ChopleBerry|Defiant|SuckerPunch,KowtowCleave,Protect,LowKick|Adamant||M|||50|]Crabominable||Crabominite|IronFist|IceHammer,MachPunch,DrainPunch,Protect|Brave||M|||50|]Blastoise||Blastoisinite|Torrent|WaterSpout,DarkPulse,AuraSphere,IceBeam|Quiet||F|||50|
|inactive|Battle timer is ON: inactive players will automatically lose when time's up. (requested by Cl0cKer)
|inactive|blum10 has 60 seconds left.
|inactive|Cl0cKer has 60 seconds left.
|
|t:|1783991414
|teamsize|p1|4
|teamsize|p2|4
|start
|switch|p1a: Incineroar|Incineroar, L50, M|100/100
|switch|p1b: Blastoise|Blastoise, L50, M|100/100
|switch|p2a: Farigiraf|Farigiraf, L50, M, shiny|100/100
|switch|p2b: Hatterene|Hatterene, L50, F|100/100
|-ability|p1a: Incineroar|Intimidate|boost
|-unboost|p2a: Farigiraf|atk|1
|-unboost|p2b: Hatterene|atk|1
|turn|1
|
|t:|1783991432
|detailschange|p1b: Blastoise|Blastoise-Mega, L50, M
|-mega|p1b: Blastoise|Blastoise|Blastoisinite
|move|p1a: Incineroar|Helping Hand|p1b: Blastoise
|-singleturn|p1b: Blastoise|Helping Hand|[of] p1a: Incineroar
|move|p1b: Blastoise|Water Spout|p2b: Hatterene|[spread] p2a,p2b
|-crit|p2b: Hatterene
|-damage|p2a: Farigiraf|15/100
|-damage|p2b: Hatterene|0 fnt
|-enditem|p2a: Farigiraf|Sitrus Berry|[eat]
|-heal|p2a: Farigiraf|40/100|[from] item: Sitrus Berry
|faint|p2b: Hatterene
|move|p2a: Farigiraf|Trick Room|p2a: Farigiraf
|-fieldstart|move: Trick Room|[of] p2a: Farigiraf
|
|upkeep
|
|t:|1783991446
|switch|p2b: Crabominable|Crabominable, L50, M, shiny|100/100
|turn|2
|
|t:|1783991467
|detailschange|p2b: Crabominable|Crabominable-Mega, L50, M, shiny
|-mega|p2b: Crabominable|Crabominable|Crabominite
|move|p1b: Blastoise|Protect|p1b: Blastoise
|-singleturn|p1b: Blastoise|Protect
|move|p2b: Crabominable|Drain Punch|p1a: Incineroar
|-supereffective|p1a: Incineroar|1
|-damage|p1a: Incineroar|0 fnt
|faint|p1a: Incineroar
|move|p2a: Farigiraf|Hyper Voice|p1b: Blastoise
|-activate|p1b: Blastoise|move: Protect
|
|upkeep
|
|t:|1783991478
|switch|p1a: Sinistcha|Sinistcha, L50|100/100
|turn|3
|
|t:|1783991498
|move|p1a: Sinistcha|Protect|p1a: Sinistcha
|-singleturn|p1a: Sinistcha|Protect
|move|p2b: Crabominable|Ice Hammer|p1a: Sinistcha
|-activate|p1a: Sinistcha|move: Protect
|move|p2a: Farigiraf|Hyper Voice|p1a: Sinistcha|[spread] p1b
|-activate|p1a: Sinistcha|move: Protect
|-damage|p1b: Blastoise|68/100
|move|p1b: Blastoise|Water Spout|p2a: Farigiraf|[spread] p2a,p2b
|-damage|p2a: Farigiraf|0 fnt
|-damage|p2b: Crabominable|63/100
|faint|p2a: Farigiraf
|
|upkeep
|
|t:|1783991509
|switch|p2a: Torkoal|Torkoal, L50, M|100/100
|-weather|SunnyDay|[from] ability: Drought|[of] p2a: Torkoal
|turn|4
|
|t:|1783991531
|switch|p1a: Sneasler|Sneasler, L50, M|100/100
|move|p1b: Blastoise|Protect|p1b: Blastoise
|-singleturn|p1b: Blastoise|Protect
|move|p2a: Torkoal|Eruption|p1b: Blastoise|[spread] p1a
|-activate|p1b: Blastoise|move: Protect
|-enditem|p1a: Sneasler|Focus Sash
|-damage|p1a: Sneasler|1/100
|move|p2b: Crabominable|Ice Hammer|p1a: Sneasler|[miss]
|-miss|p2b: Crabominable|p1a: Sneasler
|
|-weather|SunnyDay|[upkeep]
|upkeep
|turn|5
|inactive|blum10 has 30 seconds left.
|inactive|Cl0cKer has 30 seconds left.
|inactive|blum10 has 20 seconds left.
|inactive|Cl0cKer has 20 seconds left.
|inactive|blum10 has 15 seconds left.
|inactive|blum10 has 10 seconds left.
|
|t:|1783991580
|move|p2a: Torkoal|Heat Wave|p1a: Sneasler|[spread] p1a,p1b
|-resisted|p1b: Blastoise|1
|-damage|p1a: Sneasler|0 fnt
|-damage|p1b: Blastoise|40/100
|faint|p1a: Sneasler
|move|p2b: Crabominable|Ice Hammer|p1b: Blastoise
|-resisted|p1b: Blastoise|1
|-damage|p1b: Blastoise|1/100
|-unboost|p2b: Crabominable|spe|1
|move|p1b: Blastoise|Dark Pulse|p2a: Torkoal
|-damage|p2a: Torkoal|35/100
|
|-weather|SunnyDay|[upkeep]
|-fieldend|move: Trick Room
|upkeep
|
|t:|1783991594
|switch|p1a: Sinistcha|Sinistcha, L50|100/100
|-heal|p1b: Blastoise|25/100|[from] ability: Hospitality|[of] p1a: Sinistcha
|turn|6
|inactive|blum10 has 30 seconds left.
|
|t:|1783991620
|move|p1a: Sinistcha|Protect|p1a: Sinistcha
|-singleturn|p1a: Sinistcha|Protect
|move|p2b: Crabominable|Mach Punch|p1b: Blastoise
|-crit|p1b: Blastoise
|-damage|p1b: Blastoise|0 fnt
|faint|p1b: Blastoise
|move|p2a: Torkoal|Weather Ball|p1a: Sinistcha
|-activate|p1a: Sinistcha|move: Protect
|
|-weather|SunnyDay|[upkeep]
|upkeep
|turn|7
|
|t:|1783991634
|move|p1a: Sinistcha|Matcha Gotcha|p2b: Crabominable|[spread] p2a,p2b
|-resisted|p2a: Torkoal|1
|-damage|p2a: Torkoal|19/100
|-damage|p2b: Crabominable|44/100
|move|p2a: Torkoal|Weather Ball|p1a: Sinistcha
|-supereffective|p1a: Sinistcha|1
|-damage|p1a: Sinistcha|0 fnt
|faint|p1a: Sinistcha
|
|win|Cl0cKer
