|j|☆raksbach
|j|☆bever13
|html|raksbachbever13    
|uhtml|bestof|Game 3 of a best-of-3
|t:|1783348658
|gametype|doubles
|player|p1|raksbach|102|1178
|player|p2|bever13|pryce|1166
|gen|9
|tier|[Gen 9 Champions] VGC 2026 Reg M-B (Bo3)
|rated|
|rule|Species Clause: Limit one of each Pokémon
|rule|Item Clause: Limit 1 of each item
|clearpoke
|poke|p1|Incineroar, L50, M|
|poke|p1|Maushold, L50|
|poke|p1|Sinistcha, L50|
|poke|p1|Sneasler, L50, M|
|poke|p1|Blastoise, L50, F|
|poke|p1|Delphox, L50, F|
|poke|p2|Swampert, L50, M|
|poke|p2|Pelipper, L50, F, shiny|
|poke|p2|Sceptile, L50, M|
|poke|p2|Heliolisk, L50, F|
|poke|p2|Raichu, L50, M|
|poke|p2|Basculegion, L50, M|
|teampreview|4
|showteam|p1|Incineroar||SitrusBerry|Intimidate|FakeOut,FlareBlitz,DarkestLariat,PartingShot|Impish||M|||50|]Maushold||ChopleBerry|FriendGuard|SuperFang,Feint,FollowMe,Protect|Impish|||||50|]Sinistcha||OccaBerry|Hospitality|MatchaGotcha,LifeDew,RagePowder,Protect|Bold|||||50|]Sneasler||FocusSash|PoisonTouch|FakeOut,CloseCombat,DireClaw,QuickGuard|Jolly||M|||50|]Blastoise||Blastoisinite|Torrent|WaterSpout,DarkPulse,ShellSmash,Protect|Modest||F|||50|]Delphox||Delphoxite|Blaze|HeatWave,Psychic,NastyPlot,Protect|Timid||F|||50|
|showteam|p2|Swampert||Swampertite|Damp|Earthquake,IcePunch,WaveCrash,Protect|Adamant||M|||50|]Pelipper||FocusSash|Drizzle|Tailwind,MuddyWater,Hurricane,Protect|Modest||F|||50|]Sceptile||Sceptilite|Unburden|EarthPower,DragonPulse,EnergyBall,VacuumWave|Timid||M|||50|]Heliolisk||ChoiceScarf|SolarPower|Discharge,Thunderbolt,ShedTail,HyperVoice|Timid||F|||50|]Raichu||ExpertBelt|LightningRod|Discharge,FakeOut,Nuzzle,GrassKnot|Timid||M|||50|]Basculegion||LifeOrb|SwiftSwim|FlipTurn,LastRespects,PhantomForce,WaveCrash|Jolly||M|||50|
|inactive|Battle timer is ON: inactive players will automatically lose when time's up. (requested by raksbach)
|
|t:|1783348681
|teamsize|p1|4
|teamsize|p2|4
|start
|switch|p1a: Delphox|Delphox, L50, F|100/100
|switch|p1b: Sinistcha|Sinistcha, L50|100/100
|switch|p2a: Pelipper|Pelipper, L50, F, shiny|100/100
|switch|p2b: Swampert|Swampert, L50, M|100/100
|-weather|RainDance|[from] ability: Drizzle|[of] p2a: Pelipper
|turn|1
|
|t:|1783348699
|detailschange|p1a: Delphox|Delphox-Mega, L50, F
|-mega|p1a: Delphox|Delphox|Delphoxite
|detailschange|p2b: Swampert|Swampert-Mega, L50, M
|-mega|p2b: Swampert|Swampert|Swampertite
|move|p2b: Swampert|Ice Punch|p1b: Sinistcha
|-supereffective|p1b: Sinistcha|1
|-damage|p1b: Sinistcha|43/100
|move|p1a: Delphox|Nasty Plot|p1a: Delphox
|-boost|p1a: Delphox|spa|2
|move|p2a: Pelipper|Tailwind|p2a: Pelipper
|-sidestart|p2: bever13|move: Tailwind
|move|p1b: Sinistcha|Matcha Gotcha|p2a: Pelipper|[spread] p2a,p2b
|-supereffective|p2b: Swampert|2
|-damage|p2a: Pelipper|57/100
|-heal|p1b: Sinistcha|60/100|[from] drain|[of] p2a: Pelipper
|-damage|p2b: Swampert|8/100
|-heal|p1b: Sinistcha|100/100|[from] drain|[of] p2b: Swampert
|
|-weather|RainDance|[upkeep]
|upkeep
|turn|2
|inactive|raksbach has 30 seconds left.
|
|t:|1783348729
|move|p2b: Swampert|Protect|p2b: Swampert
|-singleturn|p2b: Swampert|Protect
|move|p1b: Sinistcha|Rage Powder|p1b: Sinistcha
|-singleturn|p1b: Sinistcha|move: Rage Powder
|move|p2a: Pelipper|Hurricane|p1b: Sinistcha
|-supereffective|p1b: Sinistcha|1
|-damage|p1b: Sinistcha|0 fnt
|faint|p1b: Sinistcha
|move|p1a: Delphox|Heat Wave|p2a: Pelipper|[spread] p2a
|-activate|p2b: Swampert|move: Protect
|-resisted|p2a: Pelipper|1
|-damage|p2a: Pelipper|22/100
|
|-weather|RainDance|[upkeep]
|upkeep
|
|t:|1783348741
|switch|p1b: Sneasler|Sneasler, L50, M|100/100
|turn|3
|
|t:|1783348752
|switch|p2b: Raichu|Raichu, L50, M|100/100
|move|p1b: Sneasler|Fake Out|p2b: Raichu
|-damage|p2b: Raichu|71/100
|-status|p2b: Raichu|psn|[from] ability: Poison Touch|[of] p1b: Sneasler
|move|p2a: Pelipper|Muddy Water|p1b: Sneasler|[spread] p1a,p1b
|-supereffective|p1a: Delphox|1
|-damage|p1a: Delphox|20/100r
|-damage|p1b: Sneasler|31/100
|-unboost|p1a: Delphox|accuracy|1
|-unboost|p1b: Sneasler|accuracy|1
|move|p1a: Delphox|Psychic|p2a: Pelipper|[miss]
|-miss|p1a: Delphox|p2a: Pelipper
|
|-weather|RainDance|[upkeep]
|-damage|p2b: Raichu|59/100 psn|[from] psn
|upkeep
|turn|4
|inactive|raksbach has 30 seconds left.
|
|t:|1783348787
|switch|p2b: Heliolisk|Heliolisk, L50, F|100/100
|move|p1a: Delphox|Protect|p1a: Delphox
|-singleturn|p1a: Delphox|Protect
|move|p2a: Pelipper|Muddy Water|p1b: Sneasler|[spread] p1b
|-activate|p1a: Delphox|move: Protect
|-damage|p1b: Sneasler|0 fnt
|faint|p1b: Sneasler
|
|-weather|RainDance|[upkeep]
|-sideend|p2: bever13|move: Tailwind
|upkeep
|
|t:|1783348794
|switch|p1b: Maushold|Maushold, L50|100/100
|turn|5
|
|t:|1783348814
|switch|p2a: Raichu|Raichu, L50, M|59/100 psn
|move|p1b: Maushold|Follow Me|p1b: Maushold
|-singleturn|p1b: Maushold|move: Follow Me
|move|p2b: Heliolisk|Discharge|p1a: Delphox|[spread] p1a,p1b
|-ability|p2a: Raichu|Lightning Rod|boost
|-boost|p2a: Raichu|spa|1
|-damage|p1a: Delphox|1/100
|-damage|p1b: Maushold|69/100
|move|p1a: Delphox|Psychic|p2b: Heliolisk|[miss]
|-miss|p1a: Delphox|p2b: Heliolisk
|
|-weather|none
|-damage|p2a: Raichu|47/100 psn|[from] psn
|upkeep
|turn|6
|c|☆raksbach|bro?
|
|t:|1783348831
|move|p1a: Delphox|Protect|p1a: Delphox
|-singleturn|p1a: Delphox|Protect
|move|p2b: Heliolisk|Discharge|p1b: Maushold|[spread] p1b
|-activate|p1a: Delphox|move: Protect
|-ability|p2a: Raichu|Lightning Rod|boost
|-boost|p2a: Raichu|spa|1
|-damage|p1b: Maushold|39/100
|move|p2a: Raichu|Nuzzle|p1b: Maushold
|-damage|p1b: Maushold|33/100
|-status|p1b: Maushold|par
|move|p1b: Maushold|Super Fang|p2b: Heliolisk
|-damage|p2b: Heliolisk|50/100g
|
|-damage|p2a: Raichu|35/100 psn|[from] psn
|upkeep
|turn|7
|
|t:|1783348843
|move|p1b: Maushold|Follow Me|p1b: Maushold
|-singleturn|p1b: Maushold|move: Follow Me
|move|p2b: Heliolisk|Discharge|p1b: Maushold|[spread] p1a,p1b
|-ability|p2a: Raichu|Lightning Rod|boost
|-boost|p2a: Raichu|spa|1
|-damage|p1a: Delphox|0 fnt
|-damage|p1b: Maushold|0 fnt
|faint|p1a: Delphox
|faint|p1b: Maushold
|
|win|bever13
|raw|raksbach's rating: 1178 → 1152(-26 for losing)
|raw|bever13's rating: 1166 → 1192(+26 for winning)
