|j|☆mlbd
|j|☆EmberEmberEmber
|html|mlbdEmberEmberEmber    
|uhtml|bestof|Game 2 of a best-of-3
|t:|1782587178
|gametype|doubles
|player|p1|mlbd|102|
|player|p2|EmberEmberEmber|102|
|gen|9
|tier|[Gen 9 Champions] VGC 2026 Reg M-B (Bo3)
|rule|Species Clause: Limit one of each Pokémon
|rule|Item Clause: Limit 1 of each item
|clearpoke
|poke|p1|Floette-Eternal, L50, F|
|poke|p1|Charizard, L50, F|
|poke|p1|Whimsicott, L50, M|
|poke|p1|Garchomp, L50, M|
|poke|p1|Basculegion, L50, M|
|poke|p1|Kingambit, L50, F|
|poke|p2|Floette-Eternal, L50, F|
|poke|p2|Charizard, L50, M|
|poke|p2|Whimsicott, L50, M|
|poke|p2|Garchomp, L50, F|
|poke|p2|Basculegion, L50, M|
|poke|p2|Kingambit, L50, M|
|teampreview|4
|showteam|p1|Floette-Eternal||Floettite|FlowerVeil|Moonblast,DazzlingGleam,LightofRuin,Protect|Modest||F|||50|]Charizard||CharizarditeY|Blaze|HeatWave,WeatherBall,SolarBeam,Protect|Modest||F|||50|]Whimsicott||FocusSash|Prankster|Moonblast,Encore,Tailwind,Protect|Timid||M|||50|]Garchomp||LifeOrb|RoughSkin|DragonClaw,Earthquake,RockSlide,Protect|Jolly||M|||50|]Basculegion||MysticWater|Adaptability|WaveCrash,LastRespects,AquaJet,Protect|Adamant||M|||50|]Kingambit||ChopleBerry|Defiant|KowtowCleave,IronHead,SuckerPunch,Protect|Adamant||F|||50|
|showteam|p2|Floette-Eternal||Floettite|FlowerVeil|Moonblast,DazzlingGleam,LightofRuin,Protect|Modest||F|||50|]Charizard||CharizarditeY|Blaze|HeatWave,WeatherBall,SolarBeam,Protect|Timid||M|||50|]Whimsicott||FocusSash|Prankster|Moonblast,Tailwind,Encore,Protect|Timid||M|||50|]Garchomp||LifeOrb|RoughSkin|DragonClaw,Earthquake,Protect,RockSlide|Jolly||F|||50|]Basculegion||MysticWater|Adaptability|WaveCrash,LastRespects,AquaJet,Protect|Adamant||M|||50|]Kingambit||OccaBerry|Defiant|KowtowCleave,IronHead,SuckerPunch,Protect|Adamant||M|||50|
|inactive|Battle timer is ON: inactive players will automatically lose when time's up. (requested by mlbd)
|j| Akram Hamdi
|inactive|mlbd has 60 seconds left.
|inactive|EmberEmberEmber has 60 seconds left.
|inactiveoff|Battle timer is now OFF.
|j| christianfinity
|j| Code
|
|t:|1782587302
|teamsize|p1|4
|teamsize|p2|4
|start
|switch|p1a: Charizard|Charizard, L50, F|100/100
|switch|p1b: Garchomp|Garchomp, L50, M|100/100
|switch|p2a: 676767|Whimsicott, L50, M|100/100
|switch|p2b: 676767676767|Kingambit, L50, M|100/100
|turn|1
|l| Code
|
|t:|1782587326
|switch|p2b: 6767|Charizard, L50, M|100/100
|detailschange|p1a: Charizard|Charizard-Mega-Y, L50, F
|-mega|p1a: Charizard|Charizard|Charizardite Y
|-weather|SunnyDay|[from] ability: Drought|[of] p1a: Charizard
|move|p2a: 676767|Protect|p2a: 676767
|-singleturn|p2a: 676767|Protect
|move|p1b: Garchomp|Earthquake|p2a: 676767|[spread] 
|-activate|p2a: 676767|move: Protect
|-immune|p1a: Charizard
|-immune|p2b: 6767
|move|p1a: Charizard|Heat Wave|p2a: 676767|[spread] p2b
|-activate|p2a: 676767|move: Protect
|-resisted|p2b: 6767|1
|-damage|p2b: 6767|60/100
|
|-weather|SunnyDay|[upkeep]
|upkeep
|turn|2
|j| KrystalKiwi
|
|t:|1782587414
|move|p2b: 6767|Protect|p2b: 6767
|-singleturn|p2b: 6767|Protect
|move|p2a: 676767|Moonblast|p1b: Garchomp
|-supereffective|p1b: Garchomp|1
|-damage|p1b: Garchomp|23/100
|move|p1b: Garchomp|Rock Slide|p2b: 6767|[spread] p2a
|-activate|p2b: 6767|move: Protect
|-damage|p2a: 676767|61/100
|-damage|p1b: Garchomp|13/100|[from] item: Life Orb
|move|p1a: Charizard|Heat Wave|p2a: 676767|[spread] p2a
|-activate|p2b: 6767|move: Protect
|-supereffective|p2a: 676767|1
|-damage|p2a: 676767|0 fnt
|faint|p2a: 676767
|
|-weather|SunnyDay|[upkeep]
|upkeep
|
|t:|1782587420
|switch|p2a: 6767676767|Basculegion, L50, M|100/100
|turn|3
|
|t:|1782587438
|detailschange|p2b: 6767|Charizard-Mega-Y, L50, M
|-mega|p2b: 6767|Charizard|Charizardite Y
|move|p1a: Charizard|Protect|p1a: Charizard
|-singleturn|p1a: Charizard|Protect
|move|p2a: 6767676767|Aqua Jet|p1b: Garchomp
|-damage|p1b: Garchomp|0 fnt
|-damage|p2a: 6767676767|87/100|[from] ability: Rough Skin|[of] p1b: Garchomp
|faint|p1b: Garchomp
|move|p2b: 6767|Heat Wave|p1a: Charizard
|-activate|p1a: Charizard|move: Protect
|
|-weather|SunnyDay|[upkeep]
|upkeep
|
|t:|1782587445
|switch|p1b: Whimsicott|Whimsicott, L50, M|100/100
|turn|4
|
|t:|1782587484
|move|p1b: Whimsicott|Protect|p1b: Whimsicott
|-singleturn|p1b: Whimsicott|Protect
|move|p2a: 6767676767|Aqua Jet|p1a: Charizard
|-supereffective|p1a: Charizard|1
|-damage|p1a: Charizard|69/100
|move|p2b: 6767|Heat Wave|p1b: Whimsicott|[spread] p1a
|-activate|p1b: Whimsicott|move: Protect
|-resisted|p1a: Charizard|1
|-damage|p1a: Charizard|44/100
|move|p1a: Charizard|Solar Beam||[still]
|-prepare|p1a: Charizard|Solar Beam
|-anim|p1a: Charizard|Solar Beam|p2a: 6767676767
|-supereffective|p2a: 6767676767|1
|-damage|p2a: 6767676767|0 fnt
|faint|p2a: 6767676767
|
|-weather|SunnyDay|[upkeep]
|upkeep
|
|t:|1782587492
|switch|p2a: 676767676767|Kingambit, L50, M|100/100
|turn|5
|
|t:|1782587527
|switch|p1a: Basculegion|Basculegion, L50, M|100/100
|move|p2a: 676767676767|Sucker Punch||[still]
|-fail|p2a: 676767676767
|move|p1b: Whimsicott|Moonblast|p2a: 676767676767
|-crit|p2a: 676767676767
|-damage|p2a: 676767676767|51/100
|move|p2b: 6767|Heat Wave|p1b: Whimsicott|[spread] p1a,p1b
|-resisted|p1a: Basculegion|1
|-supereffective|p1b: Whimsicott|1
|-damage|p1a: Basculegion|67/100
|-enditem|p1b: Whimsicott|Focus Sash
|-damage|p1b: Whimsicott|1/100
|
|-weather|none
|upkeep
|turn|6
|j| Code
|
|t:|1782587561
|move|p1b: Whimsicott|Protect|p1b: Whimsicott
|-singleturn|p1b: Whimsicott|Protect
|move|p2b: 6767|Protect|p2b: 6767
|-singleturn|p2b: 6767|Protect
|move|p1a: Basculegion|Protect|p1a: Basculegion
|-singleturn|p1a: Basculegion|Protect
|move|p2a: 676767676767|Kowtow Cleave|p1a: Basculegion
|-activate|p1a: Basculegion|move: Protect
|
|upkeep
|turn|7
|l| Code
|
|t:|1782587577
|move|p1b: Whimsicott|Encore|p2b: 6767
|-start|p2b: 6767|Encore
|move|p2b: 6767|Protect||[still]
|-fail|p2b: 6767
|move|p1a: Basculegion|Aqua Jet|p2a: 676767676767
|-damage|p2a: 676767676767|28/100
|move|p2a: 676767676767|Sucker Punch||[still]
|-fail|p2a: 676767676767
|
|upkeep
|turn|8
|-message|EmberEmberEmber forfeited.
|
|win|mlbd
||EmberEmberEmber is ready for game 3.
|j| Code
||mlbd is ready for game 3.
|uhtml|next|Next: Game 3 of 3
|l| Code
|j| nexmind
|l| nexmind
