|j|☆eklyst
|j|☆isamino
|html|eklystisamino    
|uhtml|bestof|Game 3 of a best-of-3
|t:|1785198905
|gametype|doubles
|player|p1|eklyst|pokemaniac|1175
|player|p2|isamino|nate|1243
|gen|9
|tier|[Gen 9 Champions] VGC 2026 Reg M-B (Bo3)
|rated|
|rule|Species Clause: Limit one of each Pokémon
|rule|Item Clause: Limit 1 of each item
|clearpoke
|poke|p1|Metagross, L50|
|poke|p1|Floette-Eternal, L50, F|
|poke|p1|Garchomp, L50, M|
|poke|p1|Aerodactyl, L50, F|
|poke|p1|Sinistcha, L50|
|poke|p1|Incineroar, L50, M|
|poke|p2|Azumarill, L50, F|
|poke|p2|Vivillon, L50, F|
|poke|p2|Gholdengo, L50|
|poke|p2|Raichu, L50, M|
|poke|p2|Mamoswine, L50, M|
|poke|p2|Incineroar, L50, M|
|teampreview|4
|showteam|p1|Metagross||Metagrossite|ClearBody|PsychicFangs,IronHead,BulletPunch,Protect|Adamant|||||50|]Floette-Eternal||Floettite|FlowerVeil|DazzlingGleam,Moonblast,CalmMind,Protect|Modest||F|||50|]Garchomp||LifeOrb|RoughSkin|RockSlide,StompingTantrum,DragonClaw,Protect|Jolly||M|||50|]Aerodactyl||FocusSash|Unnerve|RockSlide,DualWingbeat,Tailwind,Protect|Jolly||F|||50|]Sinistcha||KasibBerry|Hospitality|MatchaGotcha,TrickRoom,RagePowder,Protect|Relaxed|||||50|]Incineroar||SitrusBerry|Intimidate|FakeOut,FlareBlitz,ThroatChop,PartingShot|Adamant||M|||50|
|showteam|p2|Azumarill||SitrusBerry|HugePower|Protect,AquaJet,BellyDrum,PlayRough|Jolly||F|||50|]Vivillon||FocusSash|CompoundEyes|SleepPowder,Tailwind,Hurricane,RagePowder|Timid||F|||50|]Gholdengo||ChoiceScarf|GoodasGold|PowerGem,ShadowBall,MakeItRain,DazzlingGleam|Timid|||||50|]Raichu||RaichuniteY|LightningRod|FakeOut,ZapCannon,Protect,FocusBlast|Timid||M|||50|]Mamoswine||LifeOrb|Oblivious|IceShard,Protect,IcicleCrash,HighHorsepower|Adamant||M|||50|]Incineroar||PasshoBerry|Intimidate|FakeOut,FlareBlitz,PartingShot,Taunt|Relaxed||M|||50|
|inactive|Battle timer is ON: inactive players will automatically lose when time's up. (requested by eklyst)
|inactive|isamino also wants the timer to be on.
|inactive|isamino has 60 seconds left.
|
|t:|1785198949
|teamsize|p1|4
|teamsize|p2|4
|start
|switch|p1a: Sinistcha|Sinistcha, L50|100/100
|switch|p1b: Incineroar|Incineroar, L50, M|100/100
|switch|p2a: Incineroar|Incineroar, L50, M|100/100
|switch|p2b: Vivillon|Vivillon, L50, F|100/100
|-ability|p1b: Incineroar|Intimidate|boost
|-unboost|p2a: Incineroar|atk|1
|-unboost|p2b: Vivillon|atk|1
|-ability|p2a: Incineroar|Intimidate|boost
|-unboost|p1a: Sinistcha|atk|1
|-unboost|p1b: Incineroar|atk|1
|turn|1
|
|t:|1785198968
|switch|p1b: Garchomp|Garchomp, L50, M|100/100
|move|p1a: Sinistcha|Protect|p1a: Sinistcha
|-singleturn|p1a: Sinistcha|Protect
|move|p2b: Vivillon|Sleep Powder|p1b: Garchomp
|-status|p1b: Garchomp|slp|[from] move: Sleep Powder
|move|p2a: Incineroar|Taunt|p1a: Sinistcha
|-activate|p1a: Sinistcha|move: Protect
|
|upkeep
|turn|2
|
|t:|1785198981
|switch|p1a: Incineroar|Incineroar, L50, M|100/100
|-ability|p1a: Incineroar|Intimidate|boost
|-unboost|p2a: Incineroar|atk|1
|-unboost|p2b: Vivillon|atk|1
|cant|p1b: Garchomp|slp
|move|p2b: Vivillon|Tailwind|p2b: Vivillon
|-sidestart|p2: isamino|move: Tailwind
|move|p2a: Incineroar|Taunt|p1a: Incineroar
|-start|p1a: Incineroar|move: Taunt
|
|upkeep
|turn|3
|
|t:|1785199001
|switch|p2b: Mamoswine|Mamoswine, L50, M|100/100
|move|p1a: Incineroar|Fake Out|p2b: Mamoswine
|-damage|p2b: Mamoswine|85/100
|cant|p1b: Garchomp|slp
|move|p2a: Incineroar|Parting Shot|p1b: Garchomp
|-unboost|p1b: Garchomp|atk|1
|-unboost|p1b: Garchomp|spa|1
|
|t:|1785199015
|switch|p2a: Raichu|Raichu, L50, M|100/100|[from] Parting Shot
|
|upkeep
|turn|4
|
|t:|1785199026
|detailschange|p2a: Raichu|Raichu-Mega-Y, L50, M
|-mega|p2a: Raichu|Raichu|Raichunite Y
|-curestatus|p1b: Garchomp|slp|[msg]
|move|p1b: Garchomp|Protect|p1b: Garchomp
|-singleturn|p1b: Garchomp|Protect
|move|p2a: Raichu|Focus Blast|p1a: Incineroar
|-supereffective|p1a: Incineroar|1
|-damage|p1a: Incineroar|12/100
|-unboost|p1a: Incineroar|spd|1
|-enditem|p1a: Incineroar|Sitrus Berry|[eat]
|-heal|p1a: Incineroar|37/100|[from] item: Sitrus Berry
|move|p2b: Mamoswine|Icicle Crash|p1b: Garchomp
|-activate|p1b: Garchomp|move: Protect
|move|p1a: Incineroar|Flare Blitz|p2b: Mamoswine
|-supereffective|p2b: Mamoswine|1
|-damage|p2b: Mamoswine|0 fnt
|faint|p2b: Mamoswine
|-damage|p1a: Incineroar|9/100|[from] Recoil
|
|-end|p1a: Incineroar|move: Taunt
|upkeep
|
|t:|1785199038
|switch|p2b: Vivillon|Vivillon, L50, F|100/100
|turn|5
|
|t:|1785199054
|switch|p1b: Sinistcha|Sinistcha, L50|100/100
|-heal|p1a: Incineroar|34/100|[from] ability: Hospitality|[of] p1b: Sinistcha
|switch|p1a: Floette|Floette-Eternal, L50, F|100/100
|move|p2a: Raichu|Zap Cannon|p1a: Floette
|-damage|p1a: Floette|39/100
|-status|p1a: Floette|par
|move|p2b: Vivillon|Hurricane|p1b: Sinistcha
|-supereffective|p1b: Sinistcha|1
|-damage|p1b: Sinistcha|31/100
|
|-sideend|p2: isamino|move: Tailwind
|upkeep
|turn|6
|inactive|isamino has 30 seconds left.
|
|t:|1785199085
|switch|p1b: Incineroar|Incineroar, L50, M|34/100
|-ability|p1b: Incineroar|Intimidate|boost
|-unboost|p2a: Raichu|atk|1
|-unboost|p2b: Vivillon|atk|1
|detailschange|p1a: Floette|Floette-Mega, L50, F
|-mega|p1a: Floette|Floette|Floettite
|-ability|p1a: Floette|Fairy Aura
|move|p2a: Raichu|Zap Cannon|p1a: Floette
|-damage|p1a: Floette|0 fnt
|faint|p1a: Floette
|move|p2b: Vivillon|Hurricane|p1b: Incineroar
|-damage|p1b: Incineroar|0 fnt
|faint|p1b: Incineroar
|
|upkeep
|
|t:|1785199098
|switch|p1a: Garchomp|Garchomp, L50, M|100/100
|switch|p1b: Sinistcha|Sinistcha, L50|31/100
|turn|7
|
|t:|1785199107
|switch|p2b: Incineroar|Incineroar, L50, M|100/100
|-ability|p2b: Incineroar|Intimidate|boost
|-unboost|p1a: Garchomp|atk|1
|-unboost|p1b: Sinistcha|atk|1
|move|p2a: Raichu|Protect|p2a: Raichu
|-singleturn|p2a: Raichu|Protect
|move|p1b: Sinistcha|Rage Powder|p1b: Sinistcha
|-singleturn|p1b: Sinistcha|move: Rage Powder
|move|p1a: Garchomp|Rock Slide|p2a: Raichu|[spread] p2b
|-activate|p2a: Raichu|move: Protect
|-supereffective|p2b: Incineroar|1
|-damage|p2b: Incineroar|71/100
|-damage|p1a: Garchomp|90/100|[from] item: Life Orb
|
|upkeep
|turn|8
|inactive|isamino has 30 seconds left.
|
|t:|1785199133
|switch|p2a: Vivillon|Vivillon, L50, F|100/100
|move|p1a: Garchomp|Protect|p1a: Garchomp
|-singleturn|p1a: Garchomp|Protect
|move|p1b: Sinistcha|Protect|p1b: Sinistcha
|-singleturn|p1b: Sinistcha|Protect
|move|p2b: Incineroar|Fake Out|p1a: Garchomp
|-activate|p1a: Garchomp|move: Protect
|
|upkeep
|turn|9
|
|t:|1785199156
|switch|p2b: Raichu|Raichu-Mega-Y, L50, M|100/100
|move|p1b: Sinistcha|Rage Powder|p1b: Sinistcha
|-singleturn|p1b: Sinistcha|move: Rage Powder
|move|p1a: Garchomp|Rock Slide|p2a: Vivillon|[spread] p2a,p2b
|-supereffective|p2a: Vivillon|2
|-enditem|p2a: Vivillon|Focus Sash
|-damage|p2a: Vivillon|1/100
|-damage|p2b: Raichu|64/100
|-damage|p1a: Garchomp|80/100|[from] item: Life Orb
|cant|p2a: Vivillon|flinch
|
|upkeep
|turn|10
|
|t:|1785199172
|move|p1a: Garchomp|Protect|p1a: Garchomp
|-singleturn|p1a: Garchomp|Protect
|move|p1b: Sinistcha|Protect|p1b: Sinistcha
|-singleturn|p1b: Sinistcha|Protect
|move|p2b: Raichu|Fake Out|p1a: Garchomp
|-activate|p1a: Garchomp|move: Protect
|move|p2a: Vivillon|Tailwind|p2a: Vivillon
|-sidestart|p2: isamino|move: Tailwind
|
|upkeep
|turn|11
|
|t:|1785199186
|switch|p2b: Incineroar|Incineroar, L50, M|71/100
|-ability|p2b: Incineroar|Intimidate|boost
|-unboost|p1a: Garchomp|atk|1
|-unboost|p1b: Sinistcha|atk|1
|move|p1b: Sinistcha|Rage Powder|p1b: Sinistcha
|-singleturn|p1b: Sinistcha|move: Rage Powder
|move|p2a: Vivillon|Hurricane|p1b: Sinistcha
|-supereffective|p1b: Sinistcha|1
|-damage|p1b: Sinistcha|0 fnt
|faint|p1b: Sinistcha
|move|p1a: Garchomp|Rock Slide|p2a: Vivillon|[spread] p2a,p2b
|-supereffective|p2a: Vivillon|2
|-crit|p2a: Vivillon
|-supereffective|p2b: Incineroar|1
|-damage|p2a: Vivillon|0 fnt
|-damage|p2b: Incineroar|52/100
|faint|p2a: Vivillon
|-damage|p1a: Garchomp|70/100|[from] item: Life Orb
|
|upkeep
|
|t:|1785199199
|switch|p2a: Raichu|Raichu-Mega-Y, L50, M|64/100
|turn|12
|
|t:|1785199203
|move|p1a: Garchomp|Protect|p1a: Garchomp
|-singleturn|p1a: Garchomp|Protect
|move|p2b: Incineroar|Fake Out|p1a: Garchomp
|-activate|p1a: Garchomp|move: Protect
|move|p2a: Raichu|Focus Blast|p1a: Garchomp
|-activate|p1a: Garchomp|move: Protect
|
|upkeep
|turn|13
|
|t:|1785199207
|move|p2a: Raichu|Focus Blast|p1a: Garchomp
|-damage|p1a: Garchomp|16/100
|move|p1a: Garchomp|Stomping Tantrum|p2a: Raichu
|-supereffective|p2a: Raichu|1
|-damage|p2a: Raichu|0 fnt
|faint|p2a: Raichu
|-damage|p1a: Garchomp|6/100|[from] item: Life Orb
|move|p2b: Incineroar|Flare Blitz|p1a: Garchomp
|-resisted|p1a: Garchomp|1
|-damage|p1a: Garchomp|0 fnt
|-damage|p2b: Incineroar|40/100|[from] ability: Rough Skin|[of] p1a: Garchomp
|faint|p1a: Garchomp
|-damage|p2b: Incineroar|38/100|[from] Recoil
|
|win|isamino
|raw|eklyst's rating: 1175 → 1155(-20 for losing)
|raw|isamino's rating: 1243 → 1263(+20 for winning)
