|j|☆Jortchamp
|j|☆celaerity
|html|Jortchampcelaerity    
|uhtml|bestof|Game 3 of a best-of-3
|t:|1782666620
|gametype|doubles
|player|p1|Jortchamp|#smogonxnpa2025draftee|
|player|p2|celaerity|mars|
|gen|9
|tier|[Gen 9 Champions] VGC 2026 Reg M-B (Bo3)
|rule|Species Clause: Limit one of each Pokémon
|rule|Item Clause: Limit 1 of each item
|clearpoke
|poke|p1|Mamoswine, L50, M|
|poke|p1|Torkoal, L50, M|
|poke|p1|Pyroar, L50, F|
|poke|p1|Venusaur, L50, M|
|poke|p1|Farigiraf, L50, F|
|poke|p1|Scrafty, L50, F|
|poke|p2|Grimmsnarl, L50, M|
|poke|p2|Swampert, L50, M|
|poke|p2|Pelipper, L50, M|
|poke|p2|Archaludon, L50, M|
|poke|p2|Venusaur, L50, F|
|poke|p2|Gholdengo, L50|
|teampreview|4
|showteam|p1|Mamoswine||FocusSash|Oblivious|HighHorsepower,IceShard,RockSlide,Protect|Jolly||M|||50|]Torkoal||HeatRock|Drought|Eruption,WeatherBall,HelpingHand,Protect|Quiet||M|||50|]Pyroar||Pyroarite|Unnerve|HeatWave,Overheat,Yawn,Protect|Timid||F|||50|]Venusaur||LifeOrb|Chlorophyll|EnergyBall,EarthPower,SludgeBomb,Protect|Modest||M|||50|]Farigiraf||SitrusBerry|ArmorTail|Psychic,Thunderbolt,TrickRoom,Protect|Quiet||F|||50|]Scrafty||Scraftinite|Intimidate|FakeOut,DrainPunch,IcePunch,KnockOff|Adamant||F|||50|
|showteam|p2|Grimmsnarl||LightClay|Prankster|SpiritBreak,PartingShot,Reflect,LightScreen|Careful||M|||50|]Swampert||Swampertite|Damp|WaveCrash,Earthquake,IcePunch,Protect|Adamant||M|||50|]Pelipper||FocusSash|Drizzle|Hurricane,WeatherBall,Tailwind,WideGuard|Modest||M|||50|]Archaludon||Leftovers|Stamina|ElectroShot,DragonPulse,FlashCannon,Protect|Modest||M|||50|]Venusaur||Venusaurite|Chlorophyll|GigaDrain,SludgeBomb,EarthPower,Protect|Modest||F|||50|]Gholdengo||LifeOrb|GoodasGold|MakeItRain,ShadowBall,NastyPlot,Protect|Modest|||||50|
|j| DmanVGC
|j| DDXDonYT
|j| Germanspeedcreep
|j| samuroleon
|j| RadiantSteelix
|j| Combustandy
|
|t:|1782666674
|teamsize|p1|4
|teamsize|p2|4
|start
|switch|p1a: Venusaur|Venusaur, L50, M|100/100
|switch|p1b: Scrafty|Scrafty, L50, F|100/100
|switch|p2a: Grimmsnarl|Grimmsnarl, L50, M|100/100
|switch|p2b: Venusaur|Venusaur, L50, F|100/100
|-ability|p1b: Scrafty|Intimidate|boost
|-unboost|p2a: Grimmsnarl|atk|1
|-unboost|p2b: Venusaur|atk|1
|turn|1
|
|t:|1782666685
|switch|p2a: Archaludon|Archaludon, L50, M|100/100
|detailschange|p2b: Venusaur|Venusaur-Mega, L50, F
|-mega|p2b: Venusaur|Venusaur|Venusaurite
|move|p2b: Venusaur|Protect|p2b: Venusaur
|-singleturn|p2b: Venusaur|Protect
|move|p1b: Scrafty|Fake Out|p2b: Venusaur
|-activate|p2b: Venusaur|move: Protect
|move|p1a: Venusaur|Sludge Bomb|p2b: Venusaur
|-activate|p2b: Venusaur|move: Protect
|
|upkeep
|turn|2
|
|t:|1782666726
|switch|p2a: Grimmsnarl|Grimmsnarl, L50, M|100/100
|move|p1a: Venusaur|Earth Power|p2a: Grimmsnarl
|-damage|p2a: Grimmsnarl|63/100
|-damage|p1a: Venusaur|90/100|[from] item: Life Orb
|move|p2b: Venusaur|Sludge Bomb|p1a: Venusaur
|-crit|p1a: Venusaur
|-damage|p1a: Venusaur|17/100
|move|p1b: Scrafty|Drain Punch|p2a: Grimmsnarl
|-damage|p2a: Grimmsnarl|30/100
|
|upkeep
|turn|3
|
|t:|1782666752
|move|p2a: Grimmsnarl|Light Screen|p2a: Grimmsnarl
|-sidestart|p2: celaerity|move: Light Screen
|move|p1a: Venusaur|Sludge Bomb|p2a: Grimmsnarl
|-supereffective|p2a: Grimmsnarl|1
|-damage|p2a: Grimmsnarl|0 fnt
|faint|p2a: Grimmsnarl
|-damage|p1a: Venusaur|8/100|[from] item: Life Orb
|move|p2b: Venusaur|Sludge Bomb|p1a: Venusaur
|-damage|p1a: Venusaur|0 fnt
|faint|p1a: Venusaur
|move|p1b: Scrafty|Knock Off|p2b: Venusaur
|-damage|p2b: Venusaur|79/100
|
|upkeep
|
|t:|1782666762
|switch|p1a: Pyroar|Pyroar, L50, F|100/100
|switch|p2a: Pelipper|Pelipper, L50, M|100/100
|-ability|p1a: Pyroar|Unnerve
|-weather|RainDance|[from] ability: Drizzle|[of] p2a: Pelipper
|turn|4
|
|t:|1782666783
|move|p1a: Pyroar|Protect|p1a: Pyroar
|-singleturn|p1a: Pyroar|Protect
|move|p2b: Venusaur|Protect|p2b: Venusaur
|-singleturn|p2b: Venusaur|Protect
|move|p2a: Pelipper|Tailwind|p2a: Pelipper
|-sidestart|p2: celaerity|move: Tailwind
|move|p1b: Scrafty|Knock Off|p2a: Pelipper
|-damage|p2a: Pelipper|53/100
|-enditem|p2a: Pelipper|Focus Sash|[from] move: Knock Off|[of] p1b: Scrafty
|
|-weather|RainDance|[upkeep]
|upkeep
|turn|5
|
|t:|1782666802
|switch|p1a: Torkoal|Torkoal, L50, M|100/100
|-weather|SunnyDay|[from] ability: Drought|[of] p1a: Torkoal
|move|p2b: Venusaur|Earth Power|p1a: Torkoal
|-supereffective|p1a: Torkoal|1
|-damage|p1a: Torkoal|18/100
|-unboost|p1a: Torkoal|spd|1
|move|p2a: Pelipper|Weather Ball|p1a: Torkoal
|-resisted|p1a: Torkoal|1
|-damage|p1a: Torkoal|0 fnt
|faint|p1a: Torkoal
|move|p1b: Scrafty|Ice Punch|p2b: Venusaur
|-supereffective|p2b: Venusaur|1
|-damage|p2b: Venusaur|60/100
|
|-weather|SunnyDay|[upkeep]
|upkeep
|
|t:|1782666803
|switch|p1a: Pyroar|Pyroar, L50, F|100/100
|-ability|p1a: Pyroar|Unnerve
|turn|6
|
|t:|1782666812
|switch|p2a: Archaludon|Archaludon, L50, M|100/100
|detailschange|p1a: Pyroar|Pyroar-Mega, L50, F
|-mega|p1a: Pyroar|Pyroar|Pyroarite
|move|p2b: Venusaur|Protect|p2b: Venusaur
|-singleturn|p2b: Venusaur|Protect
|move|p1a: Pyroar|Heat Wave|p2a: Archaludon|[spread] p2a
|-activate|p2b: Venusaur|move: Protect
|-damage|p2a: Archaludon|49/100
|-ability|p2a: Archaludon|Stamina|boost
|-boost|p2a: Archaludon|def|1
|move|p1b: Scrafty|Drain Punch|p2a: Archaludon
|-supereffective|p2a: Archaludon|1
|-damage|p2a: Archaludon|16/100
|-ability|p2a: Archaludon|Stamina|boost
|-boost|p2a: Archaludon|def|1
|
|-weather|SunnyDay|[upkeep]
|-heal|p2a: Archaludon|22/100|[from] item: Leftovers
|upkeep
|turn|7
|
|t:|1782666849
|switch|p2b: Pelipper|Pelipper, L50, M|53/100
|-weather|RainDance|[from] ability: Drizzle|[of] p2b: Pelipper
|move|p1a: Pyroar|Protect|p1a: Pyroar
|-singleturn|p1a: Pyroar|Protect
|move|p2a: Archaludon|Electro Shot||[still]
|-prepare|p2a: Archaludon|Electro Shot
|-boost|p2a: Archaludon|spa|1
|-anim|p2a: Archaludon|Electro Shot|p1b: Scrafty
|-damage|p1b: Scrafty|47/100
|move|p1b: Scrafty|Ice Punch|p2b: Pelipper
|-damage|p2b: Pelipper|29/100
|-status|p2b: Pelipper|frz
|
|-weather|RainDance|[upkeep]
|-heal|p2a: Archaludon|28/100|[from] item: Leftovers
|-sideend|p2: celaerity|move: Tailwind
|upkeep
|turn|8
|
|t:|1782666868
|move|p1a: Pyroar|Heat Wave|p2a: Archaludon|[spread] p2a,p2b
|-crit|p2a: Archaludon
|-resisted|p2b: Pelipper|1
|-damage|p2a: Archaludon|0 fnt
|-damage|p2b: Pelipper|17/100 frz
|-curestatus|p2b: Pelipper|frz|[msg]
|faint|p2a: Archaludon
|move|p2b: Pelipper|Tailwind|p2b: Pelipper
|-sidestart|p2: celaerity|move: Tailwind
|move|p1b: Scrafty|Drain Punch|p2b: Pelipper
|-resisted|p2b: Pelipper|1
|-damage|p2b: Pelipper|1/100
|-heal|p1b: Scrafty|55/100|[from] drain|[of] p2b: Pelipper
|
|-weather|RainDance|[upkeep]
|upkeep
|
|t:|1782666873
|switch|p2a: Venusaur|Venusaur-Mega, L50, F|60/100
|turn|9
|
|t:|1782666902
|move|p2a: Venusaur|Earth Power|p1a: Pyroar
|-supereffective|p1a: Pyroar|1
|-damage|p1a: Pyroar|27/100
|-unboost|p1a: Pyroar|spd|1
|move|p2b: Pelipper|Hurricane|p1b: Scrafty
|-supereffective|p1b: Scrafty|1
|-damage|p1b: Scrafty|0 fnt
|faint|p1b: Scrafty
|move|p1a: Pyroar|Yawn|p2a: Venusaur
|-start|p2a: Venusaur|move: Yawn|[of] p1a: Pyroar
|
|-weather|RainDance|[upkeep]
|upkeep
|turn|10
|j| MrGardnHose
|
|t:|1782666912
|move|p1a: Pyroar|Protect|p1a: Pyroar
|-singleturn|p1a: Pyroar|Protect
|move|p2a: Venusaur|Earth Power|p1a: Pyroar
|-activate|p1a: Pyroar|move: Protect
|move|p2b: Pelipper|Weather Ball|p1a: Pyroar
|-activate|p1a: Pyroar|move: Protect
|
|-weather|RainDance|[upkeep]
|-end|p2a: Venusaur|move: Yawn|[silent]
|-status|p2a: Venusaur|slp
|-sideend|p2: celaerity|move: Light Screen
|upkeep
|turn|11
|
|t:|1782666925
|move|p1a: Pyroar|Protect||[still]
|-fail|p1a: Pyroar
|cant|p2a: Venusaur|slp
|move|p2b: Pelipper|Weather Ball|p1a: Pyroar
|-supereffective|p1a: Pyroar|1
|-damage|p1a: Pyroar|0 fnt
|faint|p1a: Pyroar
|
|win|celaerity
|c|☆Jortchamp|Ggs
|c|☆celaerity|ggs
|l| MrGardnHose
|l| RadiantSteelix
|l| Germanspeedcreep
|l| Combustandy
|l| samuroleon
|l|☆Jortchamp
|player|p1|
|l| DDXDonYT
