|j|☆Ranno Redeemer
|j|☆Adriatic Tides
|html|Ranno RedeemerAdriatic Tides    
|uhtml|bestof|Game 2 of a best-of-3
|t:|1782519075
|gametype|doubles
|player|p1|Ranno Redeemer|lance-masters2|1079
|player|p2|Adriatic Tides|leon|1000
|gen|9
|tier|[Gen 9 Champions] VGC 2026 Reg M-B (Bo3)
|rated|
|rule|Species Clause: Limit one of each Pokémon
|rule|Item Clause: Limit 1 of each item
|clearpoke
|poke|p1|Pelipper, L50, F, shiny|
|poke|p1|Dragonite, L50, F, shiny|
|poke|p1|Scovillain, L50, F, shiny|
|poke|p1|Basculegion, L50, M, shiny|
|poke|p1|Kingambit, L50, F, shiny|
|poke|p1|Sneasler, L50, F, shiny|
|poke|p2|Raichu, L50, F|
|poke|p2|Delphox, L50, F|
|poke|p2|Incineroar, L50, M|
|poke|p2|Sinistcha, L50|
|poke|p2|Basculegion, L50, M|
|poke|p2|Garchomp, L50, F|
|teampreview|4
|showteam|p1|Pelipper||FocusSash|Drizzle|WeatherBall,Hurricane,WideGuard,Protect|Modest||F|||50|]Dragonite||Dragoninite|Multiscale|Hurricane,DragonPulse,ExtremeSpeed,Protect|Modest||F|||50|]Scovillain||Scovillainite|Moody|Overheat,GigaDrain,RagePowder,Protect|Bold||F|||50|]Basculegion||ChoiceScarf|Adaptability|WaveCrash,AquaJet,FlipTurn,LastRespects|Jolly||M|||50|]Kingambit||BlackGlasses|Defiant|KowtowCleave,SuckerPunch,SwordsDance,Protect|Adamant||F|||50|]Sneasler||WhiteHerb|Unburden|DireClaw,CloseCombat,FakeOut,Protect|Adamant||F|||50|
|showteam|p2|Raichu||RaichuniteY|Static|FakeOut,ZapCannon,FocusBlast,Protect|Timid||F|||50|]Delphox||Delphoxite|Blaze|CalmMind,HeatWave,Protect,Psyshock|Timid||F|||50|]Incineroar||SitrusBerry|Intimidate|FakeOut,FlareBlitz,PartingShot,ThroatChop|Careful||M|||50|]Sinistcha||OccaBerry|Hospitality|RagePowder,Protect,MatchaGotcha,LifeDew|Bold|||||50|]Basculegion||ChoiceScarf|Adaptability|FlipTurn,LastRespects,WaveCrash,AquaJet|Jolly||M|||50|]Garchomp||LifeOrb|RoughSkin|Earthquake,RockSlide,DragonClaw,Protect|Jolly||F|||50|
|
|t:|1782519103
|teamsize|p1|4
|teamsize|p2|4
|start
|switch|p1a: Pelipper|Pelipper, L50, F, shiny|100/100
|switch|p1b: Basculegion|Basculegion, L50, M, shiny|100/100
|switch|p2a: Sinistcha|Sinistcha, L50|100/100
|switch|p2b: Basculegion|Basculegion, L50, M|100/100
|-weather|RainDance|[from] ability: Drizzle|[of] p1a: Pelipper
|turn|1
|
|t:|1782519116
|move|p2b: Basculegion|Flip Turn|p1b: Basculegion
|-resisted|p1b: Basculegion|1
|-damage|p1b: Basculegion|61/100
|
|t:|1782519122
|switch|p2b: Garchomp|Garchomp, L50, F|100/100|[from] Flip Turn
|move|p1b: Basculegion|Flip Turn|p2b: Garchomp
|-damage|p2b: Garchomp|44/100
|-damage|p1b: Basculegion|49/100|[from] ability: Rough Skin|[of] p2b: Garchomp
|
|t:|1782519134
|switch|p1b: Dragonite|Dragonite, L50, F, shiny|100/100|[from] Flip Turn
|move|p1a: Pelipper|Hurricane|p2a: Sinistcha
|-supereffective|p2a: Sinistcha|1
|-damage|p2a: Sinistcha|0 fnt
|faint|p2a: Sinistcha
|
|-weather|RainDance|[upkeep]
|upkeep
|
|t:|1782519141
|switch|p2a: Raichu|Raichu, L50, F|100/100
|turn|2
|
|t:|1782519153
|move|p1b: Dragonite|Protect|p1b: Dragonite
|-singleturn|p1b: Dragonite|Protect
|move|p1a: Pelipper|Protect|p1a: Pelipper
|-singleturn|p1a: Pelipper|Protect
|move|p2a: Raichu|Fake Out|p1b: Dragonite
|-activate|p1b: Dragonite|move: Protect
|move|p2b: Garchomp|Rock Slide|p1b: Dragonite|[spread] 
|-activate|p1a: Pelipper|move: Protect
|-activate|p1b: Dragonite|move: Protect
|
|-weather|RainDance|[upkeep]
|upkeep
|turn|3
|
|t:|1782519174
|detailschange|p2a: Raichu|Raichu-Mega-Y, L50, F
|-mega|p2a: Raichu|Raichu|Raichunite Y
|detailschange|p1b: Dragonite|Dragonite-Mega, L50, F, shiny
|-mega|p1b: Dragonite|Dragonite|Dragoninite
|move|p1a: Pelipper|Wide Guard|p1a: Pelipper
|-singleturn|p1a: Pelipper|Wide Guard
|move|p2a: Raichu|Zap Cannon|p1a: Pelipper
|-supereffective|p1a: Pelipper|2
|-enditem|p1a: Pelipper|Focus Sash
|-damage|p1a: Pelipper|1/100
|-status|p1a: Pelipper|par
|move|p2b: Garchomp|Rock Slide|p1b: Dragonite|[spread] 
|-activate|p1a: Pelipper|move: Wide Guard
|-activate|p1b: Dragonite|move: Wide Guard
|move|p1b: Dragonite|Dragon Pulse|p2a: Raichu
|-damage|p2a: Raichu|19/100
|
|-weather|RainDance|[upkeep]
|upkeep
|turn|4
|
|t:|1782519204
|move|p1b: Dragonite|Extreme Speed|p2a: Raichu
|-damage|p2a: Raichu|0 fnt
|faint|p2a: Raichu
|move|p2b: Garchomp|Dragon Claw|p1b: Dragonite
|-supereffective|p1b: Dragonite|1
|-damage|p1b: Dragonite|46/100
|-damage|p2b: Garchomp|35/100|[from] item: Life Orb
|move|p1a: Pelipper|Hurricane|p2b: Garchomp
|-damage|p2b: Garchomp|0 fnt
|faint|p2b: Garchomp
|
|-weather|RainDance|[upkeep]
|upkeep
|
|t:|1782519218
|switch|p2b: Basculegion|Basculegion, L50, M|100/100
|turn|5
|
|t:|1782519224
|move|p2b: Basculegion|Last Respects|p1b: Dragonite
|-damage|p1b: Dragonite|0 fnt
|faint|p1b: Dragonite
|move|p1a: Pelipper|Hurricane|p2b: Basculegion
|-damage|p2b: Basculegion|41/100
|-start|p2b: Basculegion|confusion
|
|-weather|none
|upkeep
|
|t:|1782519229
|switch|p1b: Kingambit|Kingambit, L50, F, shiny|100/100
|turn|6
|-message|Adriatic Tides forfeited.
|
|win|Ranno Redeemer
|raw|Ranno Redeemer's rating: 1079 → 1101(+22 for winning)
|raw|Adriatic Tides's rating: 1000 → 1000(+0 for losing)
|l|☆Adriatic Tides
|player|p2|
