|j|☆Little_Otaku
|j|☆eutherians
|html|Little_Otakueutherians    
|uhtml|bestof|Game 1 of a best-of-3
|t:|1756715483
|gametype|doubles
|player|p1|Little_Otaku|maid|1003
|player|p2|eutherians|266|1181
|gen|9
|tier|[Gen 9] VGC 2025 Reg H (Bo3)
|rated|
|rule|Species Clause: Limit one of each Pokémon
|rule|Item Clause: Limit 1 of each item
|clearpoke
|poke|p1|Ursaluna-Bloodmoon, L50, M|
|poke|p1|Volcarona, L50, M|
|poke|p1|Sneasler, L50, M|
|poke|p1|Whimsicott, L50, F|
|poke|p1|Milotic, L50, M|
|poke|p1|Maushold, L50|
|poke|p2|Archaludon, L50, F|
|poke|p2|Pelipper, L50, F|
|poke|p2|Blastoise, L50, M|
|poke|p2|Dragonite, L50, F|
|poke|p2|Sneasler, L50, F|
|poke|p2|Indeedee-F, L50, F|
|teampreview|4
|showteam|p1|Ursaluna-Bloodmoon||AssaultVest|MindsEye|BloodMoon,EarthPower,HyperVoice,Moonblast|||M|||50|,,,,,Fairy]Volcarona||SitrusBerry|FlameBody|FieryDance,StruggleBug,WillOWisp,RagePowder|||M|||50|,,,,,Grass]Sneasler||NormalGem|Unburden|CloseCombat,DireClaw,FakeOut,Protect|||M|||50|,,,,,Poison]Whimsicott||FocusSash|Prankster|DazzlingGleam,Encore,Tailwind,Protect|||F|||50|,,,,,Steel]Milotic||Leftovers|Competitive|Scald,IceBeam,DrainingKiss,Protect|||M|||50|,,,,,Fairy]Maushold||WideLens|Technician|PopulationBomb,Bite,Taunt,Protect||||||50|,,,,,Ghost
|showteam|p2|Archaludon||AssaultVest|Stamina|BodyPress,ElectroShot,DragonPulse,FlashCannon|||F|||50|,,,,,Bug]Pelipper||ChoiceScarf|Drizzle|Hurricane,WeatherBall,Tailwind,HelpingHand|||F|||50|,,,,,Ghost]Blastoise||SplashPlate|Torrent|WaterSpout,WaterPledge,ShellSmash,Protect|||M|||50|,,,,,Water]Dragonite||LoadedDice|Multiscale|ScaleShot,StompingTantrum,Haze,Protect|||F|||50|,,,,,Steel]Sneasler||PsychicSeed|Unburden|DireClaw,CloseCombat,ThroatChop,Protect|||F|||50|,,,,,Stellar]Indeedee-F||SafetyGoggles|PsychicSurge|Psychic,Protect,HelpingHand,FollowMe|||F|||50|,,,,,Fairy
|
|t:|1756715526
|teamsize|p1|4
|teamsize|p2|4
|start
|switch|p1a: Sneasler|Sneasler, L50, M|100/100
|switch|p1b: Maushold|Maushold, L50|100/100
|switch|p2a: Sneasler|Sneasler, L50, F|100/100
|switch|p2b: Indeedee|Indeedee-F, L50, F|100/100
|-fieldstart|move: Psychic Terrain|[from] ability: Psychic Surge|[of] p2b: Indeedee
|-enditem|p2a: Sneasler|Psychic Seed
|-boost|p2a: Sneasler|spd|1|[from] item: Psychic Seed
|turn|1
|
|t:|1756715547
|switch|p1a: Volcarona|Volcarona, L50, M|100/100
|-terastallize|p1b: Maushold|Ghost
|move|p2a: Sneasler|Protect|p2a: Sneasler
|-singleturn|p2a: Sneasler|Protect
|move|p2b: Indeedee|Protect|p2b: Indeedee
|-singleturn|p2b: Indeedee|Protect
|move|p1b: Maushold|Population Bomb|p2b: Indeedee
|-activate|p2b: Indeedee|move: Protect
|
|upkeep
|turn|2
|
|t:|1756715568
|-terastallize|p2a: Sneasler|Stellar
|move|p2b: Indeedee|Helping Hand|p2a: Sneasler
|-singleturn|p2a: Sneasler|Helping Hand|[of] p2b: Indeedee
|move|p1a: Volcarona|Rage Powder|p1a: Volcarona
|-singleturn|p1a: Volcarona|move: Rage Powder
|move|p2a: Sneasler|Throat Chop|p1a: Volcarona
|-damage|p1a: Volcarona|48/100
|-start|p1a: Volcarona|Throat Chop|[silent]
|-enditem|p1a: Volcarona|Sitrus Berry|[eat]
|-heal|p1a: Volcarona|73/100|[from] item: Sitrus Berry
|move|p1b: Maushold|Population Bomb|p2b: Indeedee
|-damage|p2b: Indeedee|88/100
|-damage|p2b: Indeedee|75/100
|-damage|p2b: Indeedee|62/100
|-hitcount|p2b: Indeedee|3
|
|upkeep
|turn|3
|
|t:|1756715594
|move|p2b: Indeedee|Helping Hand|p2a: Sneasler
|-singleturn|p2a: Sneasler|Helping Hand|[of] p2b: Indeedee
|move|p1a: Volcarona|Rage Powder|p1a: Volcarona
|-singleturn|p1a: Volcarona|move: Rage Powder
|move|p2a: Sneasler|Dire Claw|p1a: Volcarona
|-damage|p1a: Volcarona|0 fnt
|faint|p1a: Volcarona
|move|p1b: Maushold|Population Bomb|p2a: Sneasler
|-damage|p2a: Sneasler|79/100
|-damage|p2a: Sneasler|57/100
|-damage|p2a: Sneasler|37/100
|-damage|p2a: Sneasler|18/100
|-damage|p2a: Sneasler|0 fnt
|faint|p2a: Sneasler
|-hitcount|p2: Sneasler|5
|
|upkeep
|
|t:|1756715621
|switch|p2a: Pelipper|Pelipper, L50, F|100/100
|switch|p1a: Ursaluna|Ursaluna-Bloodmoon, L50, M|100/100
|-weather|RainDance|[from] ability: Drizzle|[of] p2a: Pelipper
|turn|4
|
|t:|1756715635
|move|p2b: Indeedee|Helping Hand|p2a: Pelipper
|-singleturn|p2a: Pelipper|Helping Hand|[of] p2b: Indeedee
|move|p2a: Pelipper|Weather Ball|p1b: Maushold
|-damage|p1b: Maushold|0 fnt
|faint|p1b: Maushold
|move|p1a: Ursaluna|Blood Moon|p2a: Pelipper
|-damage|p2a: Pelipper|0 fnt
|faint|p2a: Pelipper
|
|-weather|RainDance|[upkeep]
|upkeep
|
|t:|1756715647
|switch|p1b: Sneasler|Sneasler, L50, M|100/100
|switch|p2a: Blastoise|Blastoise, L50, M|100/100
|turn|5
|
|t:|1756715663
|move|p2b: Indeedee|Follow Me|p2b: Indeedee
|-singleturn|p2b: Indeedee|move: Follow Me
|move|p1b: Sneasler|Dire Claw|p2b: Indeedee
|-damage|p2b: Indeedee|20/100
|move|p2a: Blastoise|Water Spout|p1a: Ursaluna|[spread] p1a,p1b
|-supereffective|p1a: Ursaluna
|-damage|p1a: Ursaluna|0 fnt
|-damage|p1b: Sneasler|0 fnt
|faint|p1a: Ursaluna
|faint|p1b: Sneasler
|
|win|eutherians
|inactive|Little_Otaku has 30 seconds to confirm battle start!
|inactive|eutherians has 30 seconds to confirm battle start!
||Little_Otaku is ready for game 2.
||eutherians is ready for game 2.
|uhtml|next|Next: Game 2 of 3
|l|☆Little_Otaku
|player|p1|
