|j|☆MurQrow
|j|☆gesithofoblivion
|html|MurQrowgesithofoblivion    
|uhtml|bestof|Game 1 of a best-of-3
|t:|1756851159
|gametype|doubles
|player|p1|MurQrow|101|1105
|player|p2|gesithofoblivion|1|1000
|gen|9
|tier|[Gen 9] VGC 2025 Reg H (Bo3)
|rated|
|rule|Species Clause: Limit one of each Pokémon
|rule|Item Clause: Limit 1 of each item
|clearpoke
|poke|p1|Ninetales-Alola, L50, M|
|poke|p1|Baxcalibur, L50, F|
|poke|p1|Gholdengo, L50|
|poke|p1|Magmar, L50, F|
|poke|p1|Rillaboom, L50, M|
|poke|p1|Flamigo, L50, F|
|poke|p2|Archaludon, L50, F|
|poke|p2|Politoed, L50, M|
|poke|p2|Incineroar, L50, F|
|poke|p2|Kingdra, L50, M|
|poke|p2|Annihilape, L50, M|
|poke|p2|Maushold-Four, L50|
|teampreview|4
|showteam|p1|Ninetales-Alola||CovertCloak|SnowWarning|Blizzard,IcyWind,Encore,AuroraVeil|||M|||50|,,,,,Fire]Baxcalibur||LoadedDice|ThermalExchange|Protect,IceShard,IcicleSpear,ScaleShot|||F|||50|,,,,,Water]Gholdengo||LifeOrb|GoodasGold|NastyPlot,Protect,MakeItRain,ShadowBall||||||50|,,,,,Water]Magmar||Eviolite|VitalSpirit|ClearSmog,FollowMe,Protect,Flamethrower|||F|||50|,,,,,Ghost]Rillaboom||AssaultVest|GrassySurge|FakeOut,GrassyGlide,WoodHammer,HighHorsepower|||M|||50|,,,,,Fire]Flamigo||ChoiceScarf|Scrappy|CloseCombat,BraveBird,DualWingbeat,Tailwind|||F|||50|,,,,,Ghost
|showteam|p2|Archaludon||AssaultVest|Stamina|DracoMeteor,ElectroShot,FlashCannon,Protect|||F|||50|,,,,,Flying]Politoed||FocusSash|Drizzle|Encore,Protect,WeatherBall,PerishSong|||M|||50|,,,,,Water]Incineroar||RockyHelmet|Intimidate|PartingShot,KnockOff,Protect,FakeOut|||F|||50|,,,,,Steel]Kingdra||ChoiceSpecs|SwiftSwim|WeatherBall,DracoMeteor,Protect,Scald|||M|||50|,,,,,Stellar]Annihilape||LifeOrb|Defiant|CloseCombat,Protect,RageFist,FinalGambit|||M|||50|,,,,,Ghost]Maushold-Four||SitrusBerry|FriendGuard|BeatUp,Protect,FollowMe,PopulationBomb||||||50|,,,,,Normal
|inactive|Battle timer is ON: inactive players will automatically lose when time's up. (requested by MurQrow)
|
|t:|1756851189
|teamsize|p1|4
|teamsize|p2|4
|start
|switch|p1a: Gholdengo|Gholdengo, L50|100/100
|switch|p1b: Rillaboom|Rillaboom, L50, M|100/100
|switch|p2a: Maushold|Maushold-Four, L50|100/100
|switch|p2b: Annihilape|Annihilape, L50, M|100/100
|-fieldstart|move: Grassy Terrain|[from] ability: Grassy Surge|[of] p1b: Rillaboom
|turn|1
|inactive|MurQrow has 30 seconds left.
|
|t:|1756851219
|move|p1b: Rillaboom|Fake Out|p2a: Maushold
|-damage|p2a: Maushold|84/100
|cant|p2a: Maushold|flinch
|move|p2b: Annihilape|Rage Fist|p1a: Gholdengo
|-supereffective|p1a: Gholdengo
|-damage|p1a: Gholdengo|32/100
|-damage|p2b: Annihilape|91/100|[from] item: Life Orb
|move|p1a: Gholdengo|Nasty Plot|p1a: Gholdengo
|-boost|p1a: Gholdengo|spa|2
|
|-heal|p2a: Maushold|90/100|[from] Grassy Terrain
|-heal|p2b: Annihilape|97/100|[from] Grassy Terrain
|-heal|p1a: Gholdengo|38/100|[from] Grassy Terrain
|upkeep
|turn|2
|inactive|MurQrow has 30 seconds left.
|inactive|MurQrow has 20 seconds left.
|
|t:|1756851259
|move|p1a: Gholdengo|Protect|p1a: Gholdengo
|-singleturn|p1a: Gholdengo|Protect
|move|p2a: Maushold|Beat Up|p2b: Annihilape
|-damage|p2b: Annihilape|95/100
|-damage|p2b: Annihilape|92/100
|-damage|p2b: Annihilape|90/100
|-damage|p2b: Annihilape|88/100
|-hitcount|p2b: Annihilape|4
|move|p2b: Annihilape|Rage Fist|p1a: Gholdengo
|-activate|p1a: Gholdengo|move: Protect
|move|p1b: Rillaboom|Wood Hammer|p2a: Maushold
|-damage|p2a: Maushold|5/100
|-enditem|p2a: Maushold|Sitrus Berry|[eat]
|-heal|p2a: Maushold|30/100|[from] item: Sitrus Berry
|-damage|p1b: Rillaboom|76/100|[from] Recoil
|
|-heal|p2a: Maushold|36/100|[from] Grassy Terrain
|-heal|p2b: Annihilape|93/100|[from] Grassy Terrain
|-heal|p1a: Gholdengo|43/100|[from] Grassy Terrain
|-heal|p1b: Rillaboom|82/100|[from] Grassy Terrain
|upkeep
|turn|3
|inactive|MurQrow has 30 seconds left.
|inactive|gesithofoblivion has 30 seconds left.
|inactive|MurQrow has 20 seconds left.
|inactive|MurQrow has 15 seconds left.
|
|t:|1756851301
|move|p1a: Gholdengo|Protect|p1a: Gholdengo
|-singleturn|p1a: Gholdengo|Protect
|move|p1b: Rillaboom|Grassy Glide|p2a: Maushold
|-damage|p2a: Maushold|0 fnt
|faint|p2a: Maushold
|move|p2b: Annihilape|Rage Fist|p1a: Gholdengo
|-activate|p1a: Gholdengo|move: Protect
|
|-heal|p2b: Annihilape|99/100|[from] Grassy Terrain
|-heal|p1a: Gholdengo|49/100|[from] Grassy Terrain
|-heal|p1b: Rillaboom|88/100|[from] Grassy Terrain
|upkeep
|
|t:|1756851314
|switch|p2a: Archaludon|Archaludon, L50, F|100/100
|turn|4
|inactive|MurQrow has 30 seconds left.
|
|t:|1756851343
|move|p2b: Annihilape|Rage Fist|p1a: Gholdengo
|-supereffective|p1a: Gholdengo
|-damage|p1a: Gholdengo|0 fnt
|faint|p1a: Gholdengo
|-damage|p2b: Annihilape|90/100|[from] item: Life Orb
|move|p2a: Archaludon|Flash Cannon|p1b: Rillaboom
|-damage|p1b: Rillaboom|61/100
|-unboost|p1b: Rillaboom|spd|1
|move|p1b: Rillaboom|Wood Hammer|p2b: Annihilape
|-damage|p2b: Annihilape|5/100
|-damage|p1b: Rillaboom|35/100|[from] Recoil
|
|-heal|p2b: Annihilape|11/100|[from] Grassy Terrain
|-heal|p1b: Rillaboom|41/100|[from] Grassy Terrain
|upkeep
|
|t:|1756851356
|switch|p1a: Flamigo|Flamigo, L50, F|100/100
|turn|5
|
|t:|1756851373
|switch|p1a: Ninetales|Ninetales-Alola, L50, M|100/100
|-weather|Snowscape|[from] ability: Snow Warning|[of] p1a: Ninetales
|move|p1b: Rillaboom|Grassy Glide|p2b: Annihilape
|-damage|p2b: Annihilape|0 fnt
|faint|p2b: Annihilape
|move|p2a: Archaludon|Flash Cannon|p1b: Rillaboom
|-damage|p1b: Rillaboom|1/100
|
|-weather|Snowscape|[upkeep]
|-heal|p1b: Rillaboom|7/100|[from] Grassy Terrain
|-fieldend|move: Grassy Terrain
|upkeep
|
|t:|1756851384
|switch|p2b: Politoed|Politoed, L50, M|100/100
|-weather|RainDance|[from] ability: Drizzle|[of] p2b: Politoed
|turn|6
|inactive|MurQrow has 30 seconds left.
|inactive|gesithofoblivion has 30 seconds left.
|
|t:|1756851411
|switch|p1a: Flamigo|Flamigo, L50, F|100/100
|move|p2b: Politoed|Protect|p2b: Politoed
|-singleturn|p2b: Politoed|Protect
|move|p2a: Archaludon|Electro Shot||[still]
|-prepare|p2a: Archaludon|Electro Shot
|-boost|p2a: Archaludon|spa|1
|-anim|p2a: Archaludon|Electro Shot|p1b: Rillaboom
|-resisted|p1b: Rillaboom
|-damage|p1b: Rillaboom|0 fnt
|faint|p1b: Rillaboom
|
|-weather|RainDance|[upkeep]
|upkeep
|
|t:|1756851419
|switch|p1b: Ninetales|Ninetales-Alola, L50, M|100/100
|-weather|Snowscape|[from] ability: Snow Warning|[of] p1b: Ninetales
|turn|7
|inactive|gesithofoblivion has 30 seconds left.
|
|t:|1756851445
|move|p1a: Flamigo|Close Combat|p2a: Archaludon
|-supereffective|p2a: Archaludon
|-damage|p2a: Archaludon|0 fnt
|-unboost|p1a: Flamigo|def|1
|-unboost|p1a: Flamigo|spd|1
|faint|p2a: Archaludon
|move|p1b: Ninetales|Blizzard|p2b: Politoed
|-resisted|p2b: Politoed
|-damage|p2b: Politoed|89/100
|move|p2b: Politoed|Perish Song|p2b: Politoed
|-start|p1a: Flamigo|perish3|[silent]
|-start|p1b: Ninetales|perish3|[silent]
|-start|p2b: Politoed|perish3|[silent]
|-fieldactivate|move: Perish Song
|
|-weather|Snowscape|[upkeep]
|-start|p1a: Flamigo|perish3
|-start|p1b: Ninetales|perish3
|-start|p2b: Politoed|perish3
|upkeep
|turn|8
|
|t:|1756851465
|move|p2b: Politoed|Protect|p2b: Politoed
|-singleturn|p2b: Politoed|Protect
|move|p1a: Flamigo|Close Combat|p2b: Politoed
|-activate|p2b: Politoed|move: Protect
|move|p1b: Ninetales|Blizzard|p2b: Politoed
|-activate|p2b: Politoed|move: Protect
|
|-weather|Snowscape|[upkeep]
|-start|p1a: Flamigo|perish2
|-start|p1b: Ninetales|perish2
|-start|p2b: Politoed|perish2
|upkeep
|turn|9
|
|t:|1756851485
|move|p1a: Flamigo|Close Combat|p2b: Politoed
|-damage|p2b: Politoed|21/100
|-unboost|p1a: Flamigo|def|1
|-unboost|p1a: Flamigo|spd|1
|move|p1b: Ninetales|Blizzard|p2b: Politoed
|-resisted|p2b: Politoed
|-damage|p2b: Politoed|11/100
|move|p2b: Politoed|Weather Ball|p1a: Flamigo
|-supereffective|p1a: Flamigo
|-damage|p1a: Flamigo|0 fnt
|faint|p1a: Flamigo
|
|-weather|Snowscape|[upkeep]
|-start|p1b: Ninetales|perish1
|-start|p2b: Politoed|perish1
|upkeep
|turn|10
|
|t:|1756851500
|move|p2b: Politoed|Protect|p2b: Politoed
|-singleturn|p2b: Politoed|Protect
|move|p1b: Ninetales|Blizzard|p2b: Politoed
|-activate|p2b: Politoed|move: Protect
|
|-weather|Snowscape|[upkeep]
|-start|p1b: Ninetales|perish0
|-start|p2b: Politoed|perish0
|faint|p1b: Ninetales
|faint|p2b: Politoed
|
|win|gesithofoblivion
