|j|☆MoldyDolphin
|j|☆Colonelpaco
|html|MoldyDolphinColonelpaco    
|uhtml|bestof|Game 1 of a best-of-3
|t:|1757784887
|gametype|doubles
|player|p1|MoldyDolphin|marlon|1150
|player|p2|Colonelpaco|2|1122
|gen|9
|tier|[Gen 9] VGC 2025 Reg H (Bo3)
|rated|
|rule|Species Clause: Limit one of each Pokémon
|rule|Item Clause: Limit 1 of each item
|clearpoke
|poke|p1|Dragonite, L50, F|
|poke|p1|Clefable, L50, F|
|poke|p1|Dondozo, L50, M|
|poke|p1|Annihilape, L50, F|
|poke|p1|Kingambit, L50, F|
|poke|p1|Tatsugiri, L50, F|
|poke|p2|Sneasler, L50, M|
|poke|p2|Dragapult, L50, M|
|poke|p2|Primarina, L50, M|
|poke|p2|Rillaboom, L50, F|
|poke|p2|Kingambit, L50, F|
|poke|p2|Magmar, L50, M|
|teampreview|4
|showteam|p1|Dragonite||AssaultVest|InnerFocus|StompingTantrum,ExtremeSpeed,IceSpinner,TeraBlast|||F|||50|,,,,,Flying]Clefable||SafetyGoggles|Unaware|Moonblast,Protect,HelpingHand,FollowMe|||F|||50|,,,,,Steel]Dondozo||Leftovers|Unaware|Earthquake,WaveCrash,Protect,OrderUp|||M|||50|,,,,,Grass]Annihilape||ChoiceScarf|Defiant|FinalGambit,CloseCombat,Coaching,Uturn|||F|||50|,,,,,Grass]Kingambit||BlackGlasses|Defiant|Protect,SuckerPunch,IronHead,KowtowCleave|||F|||50|,,,,,Dark]Tatsugiri||FocusSash|Commander|DracoMeteor,Protect,Taunt,MuddyWater|||F|||50|,,,,,Steel
|showteam|p2|Sneasler||FocusSash|Unburden|CloseCombat,DireClaw,FakeOut,Protect|||M|||50|,,,,,Stellar]Dragapult||ChoiceBand|ClearBody|DragonDarts,TeraBlast,PhantomForce,Uturn|||M|||50|,,,,,Ghost]Primarina||ThroatSpray|LiquidVoice|HyperVoice,Moonblast,Haze,Protect|||M|||50|,,,,,Steel]Rillaboom||AssaultVest|GrassySurge|WoodHammer,GrassyGlide,HighHorsepower,FakeOut|||F|||50|,,,,,Fire]Kingambit||BlackGlasses|Defiant|KowtowCleave,SuckerPunch,SwordsDance,Protect|||F|||50|,,,,,Ghost]Magmar||Eviolite|VitalSpirit|Overheat,WillOWisp,FollowMe,Protect|||M|||50|,,,,,Ghost
|inactive|Battle timer is ON: inactive players will automatically lose when time's up. (requested by Colonelpaco)
|inactive|MoldyDolphin also wants the timer to be on.
|inactive|MoldyDolphin has 60 seconds left.
|
|t:|1757784925
|teamsize|p1|4
|teamsize|p2|4
|start
|switch|p1a: Dragonite|Dragonite, L50, F|100/100
|switch|p1b: Annihilape|Annihilape, L50, F|100/100
|switch|p2a: Sneasler|Sneasler, L50, M|100/100
|switch|p2b: Dragapult|Dragapult, L50, M|100/100
|turn|1
|
|t:|1757784945
|-terastallize|p2b: Dragapult|Ghost
|move|p2a: Sneasler|Fake Out|p1a: Dragonite
|-damage|p1a: Dragonite|86/100
|move|p1b: Annihilape|U-turn|p2a: Sneasler
|-resisted|p2a: Sneasler
|-damage|p2a: Sneasler|93/100
|
|t:|1757784951
|switch|p1b: Clefable|Clefable, L50, F|100/100|[from] U-turn
|move|p2b: Dragapult|Tera Blast|p1b: Clefable|[anim] Tera Blast Ghost
|-damage|p1b: Clefable|41/100
|move|p1a: Dragonite|Stomping Tantrum|p2a: Sneasler
|-supereffective|p2a: Sneasler
|-damage|p2a: Sneasler|0 fnt
|faint|p2a: Sneasler
|
|upkeep
|
|t:|1757784964
|switch|p2a: Primarina|Primarina, L50, M|100/100
|turn|2
|
|t:|1757784985
|-terastallize|p1a: Dragonite|Flying
|move|p1b: Clefable|Protect|p1b: Clefable
|-singleturn|p1b: Clefable|Protect
|move|p2b: Dragapult|Tera Blast|p1a: Dragonite|[anim] Tera Blast Ghost
|-damage|p1a: Dragonite|18/100
|move|p1a: Dragonite|Tera Blast|p2b: Dragapult|[anim] Tera Blast Flying
|-damage|p2b: Dragapult|7/100
|move|p2a: Primarina|Hyper Voice|p1a: Dragonite|[spread] p1a
|-activate|p1b: Clefable|move: Protect
|-damage|p1a: Dragonite|0 fnt
|faint|p1a: Dragonite
|-enditem|p2a: Primarina|Throat Spray
|-boost|p2a: Primarina|spa|1|[from] item: Throat Spray
|
|upkeep
|
|t:|1757785000
|switch|p1a: Kingambit|Kingambit, L50, F|100/100
|turn|3
|inactive|MoldyDolphin has 30 seconds left.
|
|t:|1757785027
|switch|p2b: Rillaboom|Rillaboom, L50, F|100/100
|-fieldstart|move: Grassy Terrain|[from] ability: Grassy Surge|[of] p2b: Rillaboom
|move|p1b: Clefable|Follow Me|p1b: Clefable
|-singleturn|p1b: Clefable|move: Follow Me
|move|p2a: Primarina|Hyper Voice|p1b: Clefable|[spread] p1a,p1b
|-damage|p1a: Kingambit|53/100
|-damage|p1b: Clefable|11/100
|move|p1a: Kingambit|Kowtow Cleave|p2b: Rillaboom
|-damage|p2b: Rillaboom|40/100
|
|-heal|p2b: Rillaboom|46/100|[from] Grassy Terrain
|-heal|p1b: Clefable|17/100|[from] Grassy Terrain
|-heal|p1a: Kingambit|58/100|[from] Grassy Terrain
|upkeep
|turn|4
|inactive|Colonelpaco has 30 seconds left.
|
|t:|1757785055
|move|p1b: Clefable|Protect|p1b: Clefable
|-singleturn|p1b: Clefable|Protect
|move|p1a: Kingambit|Protect|p1a: Kingambit
|-singleturn|p1a: Kingambit|Protect
|move|p2b: Rillaboom|Grassy Glide|p1a: Kingambit
|-activate|p1a: Kingambit|move: Protect
|move|p2a: Primarina|Hyper Voice|p1a: Kingambit|[spread] 
|-activate|p1a: Kingambit|move: Protect
|-activate|p1b: Clefable|move: Protect
|
|-heal|p2b: Rillaboom|52/100|[from] Grassy Terrain
|-heal|p1b: Clefable|23/100|[from] Grassy Terrain
|-heal|p1a: Kingambit|64/100|[from] Grassy Terrain
|upkeep
|turn|5
|inactive|Colonelpaco has 30 seconds left.
|inactive|Colonelpaco has 20 seconds left.
|
|t:|1757785091
|switch|p2b: Dragapult|Dragapult, L50, M, tera:Ghost|7/100
|move|p1b: Clefable|Follow Me|p1b: Clefable
|-singleturn|p1b: Clefable|move: Follow Me
|move|p2a: Primarina|Hyper Voice|p1b: Clefable|[spread] p1a,p1b
|-crit|p1b: Clefable
|-damage|p1a: Kingambit|13/100
|-damage|p1b: Clefable|0 fnt
|faint|p1b: Clefable
|move|p1a: Kingambit|Kowtow Cleave|p2b: Dragapult
|-supereffective|p2b: Dragapult
|-damage|p2b: Dragapult|0 fnt
|faint|p2b: Dragapult
|
|-heal|p1a: Kingambit|19/100|[from] Grassy Terrain
|upkeep
|
|t:|1757785104
|switch|p2b: Rillaboom|Rillaboom, L50, F|52/100
|switch|p1b: Annihilape|Annihilape, L50, F|100/100
|turn|6
|
|t:|1757785120
|move|p1a: Kingambit|Protect|p1a: Kingambit
|-singleturn|p1a: Kingambit|Protect
|move|p2b: Rillaboom|Grassy Glide|p1b: Annihilape
|-damage|p1b: Annihilape|62/100
|move|p1b: Annihilape|Final Gambit|p2a: Primarina
|-damage|p2a: Primarina|28/100
|faint|p1b: Annihilape
|move|p2a: Primarina|Hyper Voice|p1a: Kingambit
|-activate|p1a: Kingambit|move: Protect
|
|-heal|p2b: Rillaboom|58/100|[from] Grassy Terrain
|-heal|p2a: Primarina|34/100|[from] Grassy Terrain
|-heal|p1a: Kingambit|25/100|[from] Grassy Terrain
|upkeep
|turn|7
|-message|MoldyDolphin forfeited.
|raw|MoldyDolphin's rating: 1150 → 1123(-27 for losing)
|raw|Colonelpaco's rating: 1122 → 1149(+27 for winning)
|
|win|Colonelpaco
|l|☆MoldyDolphin
|player|p1|
