|j|☆bighamsterbaseball
|j|☆k1lllua
|html|bighamsterbaseballk1lllua    
|uhtml|bestof|Game 1 of a best-of-3
|t:|1784831089
|gametype|doubles
|player|p1|bighamsterbaseball|pokemaniac|1082
|player|p2|k1lllua|n|1000
|gen|9
|tier|[Gen 9 Champions] VGC 2026 Reg M-B (Bo3)
|rated|
|rule|Species Clause: Limit one of each Pokémon
|rule|Item Clause: Limit 1 of each item
|clearpoke
|poke|p1|Pyroar, L50, F|
|poke|p1|Scrafty, L50, M|
|poke|p1|Torkoal, L50, M|
|poke|p1|Malamar, L50, M|
|poke|p1|Sneasler, L50, M|
|poke|p1|Mamoswine, L50, M|
|poke|p2|Ampharos, L50, F, shiny|
|poke|p2|Aerodactyl, L50, F|
|poke|p2|Sinistcha, L50|
|poke|p2|Sneasler, L50, M|
|poke|p2|Klefki, L50, F|
|poke|p2|Torkoal, L50, F|
|teampreview|4
|showteam|p1|Pyroar||Pyroarite|Unnerve|HeatWave,Overheat,SolarBeam,Protect|Timid||F|||50|]Scrafty||Scraftinite|Intimidate|FakeOut,DrainPunch,KnockOff,IcePunch|Adamant||M|||50|]Torkoal||Leftovers|Drought|HeatWave,Yawn,HelpingHand,Protect|Bold||M|||50|]Malamar||SitrusBerry|Contrary|Superpower,PsychoCut,TrickRoom,TopsyTurvy|Careful||M|||50|]Sneasler||LifeOrb|PoisonTouch|CloseCombat,PoisonJab,RockSlide,Protect|Adamant||M|||50|]Mamoswine||FocusSash|Oblivious|IceShard,HighHorsepower,FreezeDry,Protect|Rash||M|||50|
|showteam|p2|Ampharos||Ampharosite|Static|Discharge,VoltSwitch,DragonPulse,Protect|Quiet||F|||50|]Aerodactyl||Aerodactylite|RockHead|RockSlide,DualWingbeat,IronHead,DragonDance|Adamant||F|||50|]Sinistcha||SitrusBerry|Hospitality|MatchaGotcha,TrickRoom,RagePowder,Protect|Bold|||||50|]Sneasler||LifeOrb|PoisonTouch|DireClaw,CloseCombat,FakeOut,RockSlide|Adamant||M|||50|]Klefki||MentalHerb|Prankster|ThunderWave,LightScreen,Reflect,DazzlingGleam|Sassy||F|||50|]Torkoal||Charcoal|Drought|Eruption,HeatWave,EarthPower,Protect|Quiet||F|||50|
|
|t:|1784831208
|teamsize|p1|4
|teamsize|p2|4
|start
|switch|p1a: Scrafty|Scrafty, L50, M|100/100
|switch|p1b: Sneasler|Sneasler, L50, M|100/100
|switch|p2a: Aerodactyl|Aerodactyl, L50, F|100/100
|switch|p2b: Klefki|Klefki, L50, F|100/100
|-ability|p1a: Scrafty|Intimidate|boost
|-unboost|p2a: Aerodactyl|atk|1
|-unboost|p2b: Klefki|atk|1
|turn|1
|inactive|Battle timer is ON: inactive players will automatically lose when time's up. (requested by bighamsterbaseball)
|
|t:|1784831264
|detailschange|p2a: Aerodactyl|Aerodactyl-Mega, L50, F
|-mega|p2a: Aerodactyl|Aerodactyl|Aerodactylite
|detailschange|p1a: Scrafty|Scrafty-Mega, L50, M
|-mega|p1a: Scrafty|Scrafty|Scraftinite
|-ability|p1a: Scrafty|Intimidate|boost
|-unboost|p2a: Aerodactyl|atk|1
|-unboost|p2b: Klefki|atk|1
|move|p1a: Scrafty|Fake Out|p2b: Klefki
|-resisted|p2b: Klefki|1
|-damage|p2b: Klefki|91/100
|cant|p2b: Klefki|flinch
|move|p1b: Sneasler|Close Combat|p2a: Aerodactyl
|-damage|p2a: Aerodactyl|0 fnt
|-unboost|p1b: Sneasler|def|1
|-unboost|p1b: Sneasler|spd|1
|faint|p2a: Aerodactyl
|-damage|p1b: Sneasler|90/100|[from] item: Life Orb
|
|upkeep
|
|t:|1784831284
|switch|p2a: Sinistcha|Sinistcha, L50|100/100
|-heal|p2b: Klefki|100/100|[from] ability: Hospitality|[of] p2a: Sinistcha
|turn|2
|inactive|bighamsterbaseball has 30 seconds left.
|inactive|bighamsterbaseball has 20 seconds left.
|
|t:|1784831320
|switch|p1a: Mamoswine|Mamoswine, L50, M|100/100
|move|p1b: Sneasler|Protect|p1b: Sneasler
|-singleturn|p1b: Sneasler|Protect
|move|p2b: Klefki|Thunder Wave|p1b: Sneasler
|-activate|p1b: Sneasler|move: Protect
|move|p2a: Sinistcha|Matcha Gotcha|p1a: Mamoswine|[spread] p1a
|-activate|p1b: Sneasler|move: Protect
|-supereffective|p1a: Mamoswine|1
|-damage|p1a: Mamoswine|25/100
|
|upkeep
|turn|3
|inactive|bighamsterbaseball has 30 seconds left.
|inactive|k1lllua has 30 seconds left.
|
|t:|1784831352
|switch|p1b: Malamar|Malamar, L50, M|100/100
|move|p2b: Klefki|Reflect|p2b: Klefki
|-sidestart|p2: k1lllua|Reflect
|move|p1a: Mamoswine|High Horsepower|p2b: Klefki
|-supereffective|p2b: Klefki|1
|-damage|p2b: Klefki|33/100
|move|p2a: Sinistcha|Matcha Gotcha|p1a: Mamoswine|[spread] p1a,p1b
|-supereffective|p1a: Mamoswine|1
|-damage|p1a: Mamoswine|0 fnt
|-damage|p1b: Malamar|79/100
|faint|p1a: Mamoswine
|
|upkeep
|
|t:|1784831360
|switch|p1a: Sneasler|Sneasler, L50, M|90/100
|turn|4
|inactive|bighamsterbaseball has 30 seconds left.
|inactive|k1lllua has 30 seconds left.
|inactive|bighamsterbaseball has 20 seconds left.
|inactive|k1lllua has 20 seconds left.
|inactive|k1lllua has 15 seconds left.
|
|t:|1784831402
|move|p2a: Sinistcha|Rage Powder|p2a: Sinistcha
|-singleturn|p2a: Sinistcha|move: Rage Powder
|move|p2b: Klefki|Thunder Wave|p1a: Sneasler
|-status|p1a: Sneasler|par
|move|p1b: Malamar|Psycho Cut|p2a: Sinistcha
|-damage|p2a: Sinistcha|84/100
|move|p1a: Sneasler|Close Combat|p2a: Sinistcha
|-immune|p2a: Sinistcha
|
|upkeep
|turn|5
|
|t:|1784831421
|move|p1b: Malamar|Psycho Cut|p2a: Sinistcha
|-damage|p2a: Sinistcha|69/100
|move|p2a: Sinistcha|Matcha Gotcha|p1a: Sneasler|[spread] p1a
|-miss|p2a: Sinistcha|p1b: Malamar
|-resisted|p1a: Sneasler|1
|-damage|p1a: Sneasler|72/100 par
|-heal|p2a: Sinistcha|77/100|[from] drain|[of] p1a: Sneasler
|move|p1a: Sneasler|Poison Jab|p2a: Sinistcha
|-damage|p2a: Sinistcha|41/100
|-enditem|p2a: Sinistcha|Sitrus Berry|[eat]
|-heal|p2a: Sinistcha|65/100|[from] item: Sitrus Berry
|-damage|p1a: Sneasler|63/100 par|[from] item: Life Orb
|move|p2b: Klefki|Dazzling Gleam|p1b: Malamar|[spread] p1a,p1b
|-supereffective|p1b: Malamar|1
|-damage|p1a: Sneasler|37/100 par
|-damage|p1b: Malamar|50/100g
|
|upkeep
|turn|6
|inactive|bighamsterbaseball has 30 seconds left.
|inactive|k1lllua has 30 seconds left.
|
|t:|1784831453
|move|p1b: Malamar|Superpower|p2b: Klefki
|-damage|p2b: Klefki|15/100
|-boost|p1b: Malamar|atk|1
|-boost|p1b: Malamar|def|1
|move|p2a: Sinistcha|Matcha Gotcha|p1b: Malamar|[spread] p1a
|-miss|p2a: Sinistcha|p1b: Malamar
|-resisted|p1a: Sneasler|1
|-damage|p1a: Sneasler|22/100 par
|-heal|p2a: Sinistcha|72/100|[from] drain|[of] p1a: Sneasler
|move|p1a: Sneasler|Poison Jab|p2a: Sinistcha
|-damage|p2a: Sinistcha|40/100
|-damage|p1a: Sneasler|12/100 par|[from] item: Life Orb
|move|p2b: Klefki|Dazzling Gleam|p1b: Malamar|[spread] p1a,p1b
|-supereffective|p1b: Malamar|1
|-damage|p1a: Sneasler|0 fnt
|-damage|p1b: Malamar|22/100
|-enditem|p1b: Malamar|Sitrus Berry|[eat]
|-heal|p1b: Malamar|47/100|[from] item: Sitrus Berry
|faint|p1a: Sneasler
|
|upkeep
|
|t:|1784831456
|switch|p1a: Scrafty|Scrafty-Mega, L50, M|100/100
|-ability|p1a: Scrafty|Intimidate|boost
|-unboost|p2a: Sinistcha|atk|1
|-unboost|p2b: Klefki|atk|1
|turn|7
|inactive|k1lllua has 30 seconds left.
|inactive|k1lllua has 20 seconds left.
|
|t:|1784831492
|move|p2b: Klefki|Thunder Wave|p1a: Scrafty
|-hint|Since gen 7, Dark is immune to Prankster moves.
|-immune|p1a: Scrafty
|move|p1a: Scrafty|Knock Off|p2a: Sinistcha
|-supereffective|p2a: Sinistcha|1
|-damage|p2a: Sinistcha|0 fnt
|faint|p2a: Sinistcha
|move|p1b: Malamar|Superpower|p2b: Klefki
|-damage|p2b: Klefki|0 fnt
|-boost|p1b: Malamar|atk|1
|-boost|p1b: Malamar|def|1
|faint|p2b: Klefki
|
|-sideend|p2: k1lllua|Reflect
|upkeep
|inactive|k1lllua has 30 seconds left.
|
|t:|1784831519
|switch|p2b: Sneasler|Sneasler, L50, M|100/100
|turn|8
|
|t:|1784831540
|move|p2b: Sneasler|Close Combat|p1a: Scrafty
|-supereffective|p1a: Scrafty|1
|-damage|p1a: Scrafty|0 fnt
|-unboost|p2b: Sneasler|def|1
|-unboost|p2b: Sneasler|spd|1
|faint|p1a: Scrafty
|-damage|p2b: Sneasler|90/100|[from] item: Life Orb
|move|p1b: Malamar|Psycho Cut|p2b: Sneasler
|-supereffective|p2b: Sneasler|2
|-damage|p2b: Sneasler|0 fnt
|faint|p2b: Sneasler
|
|win|bighamsterbaseball
|inactive|bighamsterbaseball has 30 seconds to confirm battle start!
|inactive|k1lllua has 30 seconds to confirm battle start!
||bighamsterbaseball is ready for game 2.
|raw|bighamsterbaseball's rating: 1082 → 1103(+21 for winning)
|raw|k1lllua's rating: 1000 → 1000(+0 for losing)
|l|☆k1lllua
|player|p2|
