|j|☆TISS 0'28
|j|☆mrhendawgy
|html|TISS 0'28mrhendawgy    
|uhtml|bestof|Game 1 of a best-of-3
|t:|1784532679
|gametype|doubles
|player|p1|TISS 0'28|schoolkid-gen4|1000
|player|p2|mrhendawgy|102|1057
|gen|9
|tier|[Gen 9 Champions] VGC 2026 Reg M-B (Bo3)
|rated|
|rule|Species Clause: Limit one of each Pokémon
|rule|Item Clause: Limit 1 of each item
|clearpoke
|poke|p1|Gholdengo, L50|
|poke|p1|Whimsicott, L50, F|
|poke|p1|Incineroar, L50, F|
|poke|p1|Raichu, L50, F|
|poke|p1|Garchomp, L50, F|
|poke|p1|Staraptor, L50, F, shiny|
|poke|p2|Sneasler, L50, M|
|poke|p2|Blastoise, L50, M|
|poke|p2|Kingambit, L50, M|
|poke|p2|Incineroar, L50, M|
|poke|p2|Delphox, L50, F|
|poke|p2|Sinistcha, L50|
|teampreview|4
|showteam|p1|Gholdengo||MetalCoat|GoodasGold|Protect,NastyPlot,MakeItRain,ShadowBall|Modest|||||50|]Whimsicott||FocusSash|Prankster|Protect,Tailwind,Moonblast,Tickle|Timid||F|||50|]Incineroar||ShucaBerry|Intimidate|FakeOut,FlareBlitz,HelpingHand,PartingShot|Brave||F|||50|]Raichu||RaichuniteY|LightningRod|Protect,FakeOut,ZapCannon,FocusBlast|Timid||F|||50|]Garchomp||LifeOrb|RoughSkin|Protect,DragonClaw,Earthquake,RockSlide|Jolly||F|||50|]Staraptor||Staraptite|Intimidate|Protect,Roost,CloseCombat,BraveBird|Jolly||F|||50|
|showteam|p2|Sneasler||FocusSash|PoisonTouch|PoisonJab,CloseCombat,FakeOut,QuickGuard|Jolly||M|||50|]Blastoise||Blastoisinite|RainDish|DarkPulse,WaterSpout,ShellSmash,Protect|Modest||M|||50|]Kingambit||BlackGlasses|Defiant|KowtowCleave,SuckerPunch,SwordsDance,Protect|Adamant||M|||50|]Incineroar||SitrusBerry|Intimidate|FlareBlitz,HelpingHand,PartingShot,FakeOut|Careful||M|||50|]Delphox||Delphoxite|Blaze|HeatWave,NastyPlot,Psyshock,Protect|Modest||F|||50|]Sinistcha||KasibBerry|Hospitality|MatchaGotcha,RagePowder,TrickRoom,Protect|Bold|||||50|
|inactive|Battle timer is ON: inactive players will automatically lose when time's up. (requested by TISS 0'28)
|inactive|TISS 0'28 has 60 seconds left.
|inactive|TISS 0'28 has 30 seconds left.
|inactive|TISS 0'28 has 20 seconds left.
|inactive|TISS 0'28 has 15 seconds left.
|inactive|TISS 0'28 has 10 seconds left.
|
|t:|1784532762
|teamsize|p1|4
|teamsize|p2|4
|start
|switch|p1a: Raichu|Raichu, L50, F|100/100
|switch|p1b: Staraptor|Staraptor, L50, F, shiny|100/100
|switch|p2a: Kingambit|Kingambit, L50, M|100/100
|switch|p2b: Sneasler|Sneasler, L50, M|100/100
|-ability|p1b: Staraptor|Intimidate|boost
|-unboost|p2a: Kingambit|atk|1
|-ability|p2a: Kingambit|Defiant|boost
|-boost|p2a: Kingambit|atk|2
|-unboost|p2b: Sneasler|atk|1
|turn|1
|inactive|TISS 0'28 has 30 seconds left.
|inactive|mrhendawgy has 30 seconds left.
|
|t:|1784532789
|detailschange|p1a: Raichu|Raichu-Mega-Y, L50, F
|-mega|p1a: Raichu|Raichu|Raichunite Y
|move|p2b: Sneasler|Fake Out|p1b: Staraptor
|-damage|p1b: Staraptor|87/100
|move|p1a: Raichu|Zap Cannon|p2b: Sneasler
|-damage|p2b: Sneasler|5/100
|-status|p2b: Sneasler|par
|cant|p1b: Staraptor|flinch
|move|p2a: Kingambit|Swords Dance|p2a: Kingambit
|-boost|p2a: Kingambit|atk|2
|
|upkeep
|turn|2
|inactive|mrhendawgy has 30 seconds left.
|inactive|mrhendawgy has 20 seconds left.
|inactive|mrhendawgy has 15 seconds left.
|inactive|mrhendawgy has 10 seconds left.
|inactive|mrhendawgy has 5 seconds left.
|
|t:|1784532844
|move|p1a: Raichu|Protect|p1a: Raichu
|-singleturn|p1a: Raichu|Protect
|move|p1b: Staraptor|Close Combat|p2a: Kingambit
|-supereffective|p2a: Kingambit|2
|-damage|p2a: Kingambit|0 fnt
|-unboost|p1b: Staraptor|def|1
|-unboost|p1b: Staraptor|spd|1
|faint|p2a: Kingambit
|move|p2b: Sneasler|Poison Jab|p1b: Staraptor
|-damage|p1b: Staraptor|35/100
|
|upkeep
|
|t:|1784532859
|switch|p2a: Blastoise|Blastoise, L50, M|100/100
|turn|3
|
|t:|1784532877
|switch|p2b: Incineroar|Incineroar, L50, M|100/100
|-ability|p2b: Incineroar|Intimidate|boost
|-unboost|p1a: Raichu|atk|1
|-unboost|p1b: Staraptor|atk|1
|detailschange|p2a: Blastoise|Blastoise-Mega, L50, M
|-mega|p2a: Blastoise|Blastoise|Blastoisinite
|move|p2a: Blastoise|Protect|p2a: Blastoise
|-singleturn|p2a: Blastoise|Protect
|move|p1a: Raichu|Zap Cannon|p2a: Blastoise
|-activate|p2a: Blastoise|move: Protect
|move|p1b: Staraptor|Close Combat|p2b: Incineroar
|-supereffective|p2b: Incineroar|1
|-damage|p2b: Incineroar|52/100
|-unboost|p1b: Staraptor|def|1
|-unboost|p1b: Staraptor|spd|1
|
|upkeep
|turn|4
|inactive|mrhendawgy has 30 seconds left.
|
|t:|1784532909
|move|p2b: Incineroar|Fake Out|p1a: Raichu
|-damage|p1a: Raichu|81/100
|cant|p1a: Raichu|flinch
|move|p1b: Staraptor|Brave Bird|p2a: Blastoise
|-damage|p2a: Blastoise|64/100
|-damage|p1b: Staraptor|26/100|[from] Recoil
|move|p2a: Blastoise|Water Spout|p1b: Staraptor|[spread] p1a,p1b
|-damage|p1a: Raichu|27/100
|-damage|p1b: Staraptor|0 fnt
|faint|p1b: Staraptor
|
|upkeep
|
|t:|1784532929
|switch|p1b: Garchomp|Garchomp, L50, F|100/100
|turn|5
|
|t:|1784532941
|move|p2a: Blastoise|Protect|p2a: Blastoise
|-singleturn|p2a: Blastoise|Protect
|move|p1a: Raichu|Focus Blast|p2b: Incineroar
|-supereffective|p2b: Incineroar|1
|-damage|p2b: Incineroar|0 fnt
|faint|p2b: Incineroar
|move|p1b: Garchomp|Dragon Claw|p2a: Blastoise
|-activate|p2a: Blastoise|move: Protect
|
|upkeep
|c|☆TISS 0'28|ggwp
|
|t:|1784532963
|switch|p2b: Sneasler|Sneasler, L50, M|5/100 par
|turn|6
|
|t:|1784532983
|move|p1a: Raichu|Zap Cannon|p2a: Blastoise
|-supereffective|p2a: Blastoise|1
|-damage|p2a: Blastoise|0 fnt
|faint|p2a: Blastoise
|move|p1b: Garchomp|Dragon Claw|p2b: Sneasler
|-damage|p2b: Sneasler|0 fnt
|faint|p2b: Sneasler
|-damage|p1b: Garchomp|90/100|[from] item: Life Orb
|
|win|TISS 0'28
||TISS 0'28 is ready for game 2.
|inactive|mrhendawgy has 30 seconds to confirm battle start!
