|j|☆MrMaro
|j|☆gingerlike
|html|MrMarogingerlike    
|uhtml|bestof|Game 2 of a best-of-3
|t:|1782324466
|gametype|doubles
|player|p1|MrMaro|265|
|player|p2|gingerlike|101|
|gen|9
|tier|[Gen 9 Champions] VGC 2026 Reg M-B (Bo3)
|rule|Species Clause: Limit one of each Pokémon
|rule|Item Clause: Limit 1 of each item
|clearpoke
|poke|p1|Staraptor, L50, F|
|poke|p1|Scovillain, L50, M|
|poke|p1|Garchomp, L50, F|
|poke|p1|Basculegion, L50, M|
|poke|p1|Sylveon, L50, F|
|poke|p1|Grimmsnarl, L50, M|
|poke|p2|Metagross, L50|
|poke|p2|Charizard, L50, M|
|poke|p2|Whimsicott, L50, F|
|poke|p2|Annihilape, L50, F|
|poke|p2|Farigiraf, L50, M|
|poke|p2|Grimmsnarl, L50, M|
|teampreview|4
|showteam|p1|Staraptor||Staraptite|Intimidate|BraveBird,CloseCombat,Roost,Protect|Jolly||F|||50|]Scovillain||Scovillainite|Moody|Overheat,LeechSeed,RagePowder,Protect|Bold||M|||50|]Garchomp||LifeOrb|RoughSkin|DragonClaw,Earthquake,RockSlide,Protect|Jolly||F|||50|]Basculegion||ChoiceScarf|Adaptability|LastRespects,WaveCrash,AquaJet,FlipTurn|Jolly||M|||50|]Sylveon||FairyFeather|Pixilate|HyperVoice,QuickAttack,Yawn,Protect|Modest||F|||50|]Grimmsnarl||LightClay|Prankster|FoulPlay,Reflect,LightScreen,PartingShot|Impish||M|||50|
|showteam|p2|Metagross||Metagrossite|ClearBody|IronHead,PsychicFangs,RockTomb,Protect|Jolly|||||50|]Charizard||CharizarditeY|Blaze|WeatherBall,HeatWave,SolarBeam,Protect|Timid||M|||50|]Whimsicott||FocusSash|Prankster|Moonblast,Tailwind,Encore,SunnyDay|Timid||F|||50|]Annihilape||LifeOrb|Defiant|DrainPunch,RageFist,Protect,RockTomb|Jolly||F|||50|]Farigiraf||SitrusBerry|ArmorTail|TwinBeam,Thunderbolt,Roar,TrickRoom|Quiet||M|||50|]Grimmsnarl||LightClay|Prankster|LightScreen,Reflect,SpiritBreak,PartingShot|Careful||M|||50|
|inactive|Battle timer is ON: inactive players will automatically lose when time's up. (requested by gingerlike)
|inactive|gingerlike has 60 seconds left.
|
|t:|1782324506
|teamsize|p1|4
|teamsize|p2|4
|start
|switch|p1a: Grimmsnarl|Grimmsnarl, L50, M|100/100
|switch|p1b: Staraptor|Staraptor, L50, F|100/100
|switch|p2a: Metagross|Metagross, L50|100/100
|switch|p2b: Whimsicott|Whimsicott, L50, F|100/100
|-ability|p1b: Staraptor|Intimidate|boost
|-fail|p2a: Metagross|unboost|[from] ability: Clear Body|[of] p2a: Metagross
|-unboost|p2b: Whimsicott|atk|1
|turn|1
|
|t:|1782324527
|detailschange|p1b: Staraptor|Staraptor-Mega, L50, F
|-mega|p1b: Staraptor|Staraptor|Staraptite
|detailschange|p2a: Metagross|Metagross-Mega, L50
|-mega|p2a: Metagross|Metagross|Metagrossite
|move|p2b: Whimsicott|Tailwind|p2b: Whimsicott
|-sidestart|p2: gingerlike|move: Tailwind
|move|p1a: Grimmsnarl|Reflect|p1a: Grimmsnarl
|-sidestart|p1: MrMaro|Reflect
|move|p2a: Metagross|Psychic Fangs|p1b: Staraptor
|-sideend|p1: MrMaro|Reflect
|-supereffective|p1b: Staraptor|1
|-damage|p1b: Staraptor|0 fnt
|faint|p1b: Staraptor
|
|upkeep
|
|t:|1782324538
|switch|p1b: Garchomp|Garchomp, L50, F|100/100
|turn|2
|inactive|gingerlike has 30 seconds left.
|
|t:|1782324564
|move|p1b: Garchomp|Protect|p1b: Garchomp
|-singleturn|p1b: Garchomp|Protect
|move|p2b: Whimsicott|Moonblast|p1b: Garchomp
|-activate|p1b: Garchomp|move: Protect
|move|p2a: Metagross|Iron Head|p1a: Grimmsnarl
|-supereffective|p1a: Grimmsnarl|1
|-damage|p1a: Grimmsnarl|0 fnt
|faint|p1a: Grimmsnarl
|
|upkeep
|
|t:|1782324572
|switch|p1a: Basculegion|Basculegion, L50, M|100/100
|turn|3
|
|t:|1782324590
|move|p2b: Whimsicott|Encore|p1b: Garchomp
|-start|p1b: Garchomp|Encore
|move|p1b: Garchomp|Protect|p1b: Garchomp
|-singleturn|p1b: Garchomp|Protect
|move|p2a: Metagross|Psychic Fangs|p1a: Basculegion
|-damage|p1a: Basculegion|23/100
|move|p1a: Basculegion|Last Respects|p2a: Metagross
|-supereffective|p2a: Metagross|1
|-damage|p2a: Metagross|0 fnt
|faint|p2a: Metagross
|
|upkeep
|
|t:|1782324600
|switch|p2a: Annihilape|Annihilape, L50, F|100/100
|turn|4
|
|t:|1782324606
|move|p1b: Garchomp|Protect||[still]
|-fail|p1b: Garchomp
|move|p2b: Whimsicott|Moonblast|p1b: Garchomp
|-supereffective|p1b: Garchomp|1
|-damage|p1b: Garchomp|18/100
|move|p2a: Annihilape|Rage Fist|p1a: Basculegion
|-supereffective|p1a: Basculegion|1
|-damage|p1a: Basculegion|0 fnt
|faint|p1a: Basculegion
|-damage|p2a: Annihilape|90/100|[from] item: Life Orb
|
|-sideend|p2: gingerlike|move: Tailwind
|upkeep
|turn|5
|
|t:|1782324621
|move|p1b: Garchomp|Protect|p1b: Garchomp
|-singleturn|p1b: Garchomp|Protect
|move|p2b: Whimsicott|Tailwind|p2b: Whimsicott
|-sidestart|p2: gingerlike|move: Tailwind
|move|p2a: Annihilape|Rage Fist|p1b: Garchomp
|-activate|p1b: Garchomp|move: Protect
|
|-end|p1b: Garchomp|Encore
|upkeep
|turn|6
|
|t:|1782324634
|move|p2b: Whimsicott|Moonblast|p1b: Garchomp
|-supereffective|p1b: Garchomp|1
|-damage|p1b: Garchomp|0 fnt
|faint|p1b: Garchomp
|
|win|gingerlike
