|j|☆benhumble
|j|☆Jirotz
|html|benhumbleJirotz    
|uhtml|bestof|Game 2 of a best-of-3
|t:|1782215110
|gametype|doubles
|player|p1|benhumble|266|1033
|player|p2|Jirotz|volkner|1000
|gen|9
|tier|[Gen 9 Champions] VGC 2026 Reg M-B (Bo3)
|rated|
|rule|Species Clause: Limit one of each Pokémon
|rule|Item Clause: Limit 1 of each item
|clearpoke
|poke|p1|Metagross, L50|
|poke|p1|Hydreigon, L50, F|
|poke|p1|Sneasler, L50, M|
|poke|p1|Incineroar, L50, M|
|poke|p1|Sinistcha, L50|
|poke|p1|Aerodactyl, L50, F|
|poke|p2|Scovillain, L50, M, shiny|
|poke|p2|Rotom-Wash, L50|
|poke|p2|Clefable, L50, F|
|poke|p2|Annihilape, L50, M|
|poke|p2|Farigiraf, L50, F|
|poke|p2|Dragalge, L50, M, shiny|
|teampreview|4
|showteam|p1|Metagross||Metagrossite|ClearBody|Protect,IcePunch,PsychicFangs,IronHead|Jolly|||||50|]Hydreigon||LifeOrb|Levitate|Protect,NastyPlot,DarkPulse,DracoMeteor|Modest||F|||50|]Sneasler||WhiteHerb|Unburden|FakeOut,Coaching,CloseCombat,DireClaw|Adamant||M|||50|]Incineroar||SitrusBerry|Intimidate|FakeOut,PartingShot,DarkestLariat,FlareBlitz|Brave||M|||50|]Sinistcha||CobaBerry|Hospitality|Protect,RagePowder,TrickRoom,MatchaGotcha|Quiet|||||50|]Aerodactyl||FocusSash|Pressure|Protect,Tailwind,DualWingbeat,RockSlide|Jolly||F|||50|
|showteam|p2|Scovillain||Scovillainite|Moody|Overheat,RagePowder,GigaDrain,Protect|Calm||M|||50|]Rotom-Wash||SitrusBerry|Levitate|Electroweb,HydroPump,LightScreen,Protect|Bold|||||50|]Clefable||BabiriBerry|Unaware|Moonblast,FollowMe,LifeDew,Protect|Calm||F|||50|]Annihilape||Leftovers|Defiant|RageFist,Protect,DrainPunch,BulkUp|Adamant||M|||50|]Farigiraf||ColburBerry|ArmorTail|Psychic,Thunderbolt,TrickRoom,Protect|Quiet||F|||50|]Dragalge||Dragalgite|Adaptability|Protect,Scald,SludgeBomb,DragonPulse|Relaxed||M|||50|
|inactive|Battle timer is ON: inactive players will automatically lose when time's up. (requested by benhumble)
|
|t:|1782215152
|teamsize|p1|4
|teamsize|p2|4
|start
|switch|p1a: Sneasler|Sneasler, L50, M|100/100
|switch|p1b: Hydreigon|Hydreigon, L50, F|100/100
|switch|p2a: Jeansplant|Scovillain, L50, M, shiny|100/100
|switch|p2b: Annihilape|Annihilape, L50, M|100/100
|turn|1
|inactive|Jirotz has 30 seconds left.
|inactive|benhumble has 30 seconds left.
|inactive|benhumble has 20 seconds left.
|inactive|benhumble has 15 seconds left.
|inactive|benhumble has 10 seconds left.
|
|t:|1782215205
|detailschange|p2a: Jeansplant|Scovillain-Mega, L50, M, shiny
|-mega|p2a: Jeansplant|Scovillain|Scovillainite
|move|p1a: Sneasler|Coaching|p1b: Hydreigon
|-boost|p1b: Hydreigon|atk|1
|-boost|p1b: Hydreigon|def|1
|move|p1b: Hydreigon|Nasty Plot|p1b: Hydreigon
|-boost|p1b: Hydreigon|spa|2
|move|p2b: Annihilape|Drain Punch|p1b: Hydreigon
|-supereffective|p1b: Hydreigon|1
|-damage|p1b: Hydreigon|45/100
|move|p2a: Jeansplant|Overheat|p1b: Hydreigon
|-resisted|p1b: Hydreigon|1
|-damage|p1b: Hydreigon|10/100
|-unboost|p2a: Jeansplant|spa|2
|
|upkeep
|turn|2
|
|t:|1782215228
|move|p1b: Hydreigon|Protect|p1b: Hydreigon
|-singleturn|p1b: Hydreigon|Protect
|move|p2a: Jeansplant|Rage Powder|p2a: Jeansplant
|-singleturn|p2a: Jeansplant|move: Rage Powder
|move|p1a: Sneasler|Dire Claw|p2a: Jeansplant
|-supereffective|p2a: Jeansplant|1
|-damage|p2a: Jeansplant|11/100
|-status|p2a: Jeansplant|psn
|-status|p1a: Sneasler|brn|[from] ability: Spicy Spray|[of] p2a: Jeansplant
|move|p2b: Annihilape|Bulk Up|p2b: Annihilape
|-boost|p2b: Annihilape|atk|1
|-boost|p2b: Annihilape|def|1
|
|-damage|p2a: Jeansplant|0 fnt|[from] psn
|faint|p2a: Jeansplant
|-damage|p1a: Sneasler|94/100 brn|[from] brn
|upkeep
|
|t:|1782215251
|switch|p2a: Rotom|Rotom-Wash, L50|100/100
|turn|3
|
|t:|1782215266
|switch|p1a: Sinistcha|Sinistcha, L50|100/100
|-heal|p1b: Hydreigon|34/100|[from] ability: Hospitality|[of] p1a: Sinistcha
|move|p1b: Hydreigon|Dark Pulse|p2b: Annihilape
|-damage|p2b: Annihilape|12/100
|-damage|p1b: Hydreigon|25/100|[from] item: Life Orb
|move|p2b: Annihilape|Drain Punch|p1b: Hydreigon
|-supereffective|p1b: Hydreigon|1
|-damage|p1b: Hydreigon|0 fnt
|-heal|p2b: Annihilape|22/100|[from] drain|[of] p1b: Hydreigon
|faint|p1b: Hydreigon
|move|p2a: Rotom|Electroweb|p1a: Sinistcha
|-resisted|p1a: Sinistcha|1
|-damage|p1a: Sinistcha|91/100
|-unboost|p1a: Sinistcha|spe|1
|
|-heal|p2b: Annihilape|28/100|[from] item: Leftovers
|upkeep
|
|t:|1782215283
|switch|p1b: Metagross|Metagross, L50|100/100
|turn|4
|
|t:|1782215303
|detailschange|p1b: Metagross|Metagross-Mega, L50
|-mega|p1b: Metagross|Metagross|Metagrossite
|move|p2b: Annihilape|Protect|p2b: Annihilape
|-singleturn|p2b: Annihilape|Protect
|move|p1b: Metagross|Psychic Fangs|p2b: Annihilape
|-activate|p2b: Annihilape|move: Protect
|move|p2a: Rotom|Light Screen|p2a: Rotom
|-sidestart|p2: Jirotz|move: Light Screen
|move|p1a: Sinistcha|Matcha Gotcha|p2b: Annihilape|[spread] p2a
|-activate|p2b: Annihilape|move: Protect
|-supereffective|p2a: Rotom|1
|-damage|p2a: Rotom|63/100
|-heal|p1a: Sinistcha|100/100|[from] drain|[of] p2a: Rotom
|
|-heal|p2b: Annihilape|35/100|[from] item: Leftovers
|upkeep
|turn|5
|inactive|Jirotz has 30 seconds left.
|
|t:|1782215333
|move|p1b: Metagross|Psychic Fangs|p2b: Annihilape
|-sideend|p2: Jirotz|move: Light Screen
|-supereffective|p2b: Annihilape|1
|-damage|p2b: Annihilape|0 fnt
|faint|p2b: Annihilape
|move|p2a: Rotom|Electroweb|p1a: Sinistcha|[spread] p1a,p1b
|-resisted|p1a: Sinistcha|1
|-damage|p1a: Sinistcha|93/100
|-damage|p1b: Metagross|83/100
|-unboost|p1a: Sinistcha|spe|1
|-unboost|p1b: Metagross|spe|1
|move|p1a: Sinistcha|Matcha Gotcha|p2a: Rotom
|-supereffective|p2a: Rotom|1
|-damage|p2a: Rotom|0 fnt
|-heal|p1a: Sinistcha|100/100|[from] drain|[of] p2a: Rotom
|faint|p2a: Rotom
|
|upkeep
|-message|Jirotz forfeited.
|
|win|benhumble
