|j|☆eggwich69
|j|☆chefbenboyrd
|html|eggwich69chefbenboyrd    
|uhtml|bestof|Game 2 of a best-of-3
|t:|1757125997
|gametype|doubles
|player|p1|eggwich69|169|1213
|player|p2|chefbenboyrd|brawly|1150
|gen|9
|tier|[Gen 9] VGC 2025 Reg H (Bo3)
|rated|
|rule|Species Clause: Limit one of each Pokémon
|rule|Item Clause: Limit 1 of each item
|clearpoke
|poke|p1|Dragapult, L50, F|
|poke|p1|Sneasler, L50, F|
|poke|p1|Rillaboom, L50, F|
|poke|p1|Kingambit, L50, F|
|poke|p1|Primarina, L50, F|
|poke|p1|Magmar, L50, F|
|poke|p2|Whimsicott, L50, M|
|poke|p2|Hydreigon, L50, F|
|poke|p2|Incineroar, L50, M|
|poke|p2|Gholdengo, L50|
|poke|p2|Basculegion, L50, M|
|poke|p2|Dragonite, L50, M|
|teampreview|4
|showteam|p1|Dragapult||ChoiceBand|ClearBody|DragonDarts,TeraBlast,Uturn,SuckerPunch|||F|||50|,,,,,Ghost]Sneasler||FocusSash|Unburden|CloseCombat,DireClaw,Protect,ThroatChop|||F|||50|,,,,,Dark]Rillaboom||AssaultVest|GrassySurge|FakeOut,GrassyGlide,WoodHammer,HighHorsepower|||F|||50|,,,,,Fire]Kingambit||BlackGlasses|Defiant|SwordsDance,KowtowCleave,SuckerPunch,Protect|||F|||50|,,,,,Dark]Primarina||SitrusBerry|LiquidVoice|HyperVoice,Protect,Moonblast,Haze|||F|||50|,,,,,Poison]Magmar||Eviolite|VitalSpirit|FollowMe,Protect,WillOWisp,HeatWave|||F|||50|,,,,,Grass
|showteam|p2|Whimsicott||FocusSash|Prankster|SunnyDay,Encore,Tailwind,Moonblast|||M|||50|,,,,,Ghost]Hydreigon||ChoiceSpecs|Levitate|HeatWave,DracoMeteor,Snarl,DarkPulse|||F|||50|,,,,,Fire]Incineroar||SafetyGoggles|Intimidate|KnockOff,FakeOut,PartingShot,FlareBlitz|||M|||50|,,,,,Ghost]Gholdengo||LifeOrb|GoodasGold|Protect,MakeItRain,ShadowBall,NastyPlot||||||50|,,,,,Water]Basculegion||ChoiceScarf|Adaptability|LastRespects,WaveCrash,AquaJet,FlipTurn|||M|||50|,,,,,Water]Dragonite||LoadedDice|Multiscale|ScaleShot,Protect,ExtremeSpeed,Haze|||M|||50|,,,,,Fairy
|inactive|Battle timer is ON: inactive players will automatically lose when time's up. (requested by chefbenboyrd)
|
|t:|1757126038
|teamsize|p1|4
|teamsize|p2|4
|start
|switch|p1a: Dragapult|Dragapult, L50, F|100/100
|switch|p1b: Magmar|Magmar, L50, F|100/100
|switch|p2a: Gholdengo|Gholdengo, L50|100/100
|switch|p2b: Basculegion|Basculegion, L50, M|100/100
|turn|1
|inactive|eggwich69 has 30 seconds left.
|inactive|eggwich69 has 20 seconds left.
|inactive|eggwich69 has 15 seconds left.
|inactive|eggwich69 has 10 seconds left.
|
|t:|1757126086
|switch|p1a: Rillaboom|Rillaboom, L50, F|100/100
|-fieldstart|move: Grassy Terrain|[from] ability: Grassy Surge|[of] p1a: Rillaboom
|-terastallize|p2b: Basculegion|Water
|move|p1b: Magmar|Protect|p1b: Magmar
|-singleturn|p1b: Magmar|Protect
|move|p2b: Basculegion|Flip Turn|p1b: Magmar
|-activate|p1b: Magmar|move: Protect
|move|p2a: Gholdengo|Shadow Ball|p1a: Rillaboom
|-damage|p1a: Rillaboom|60/100
|-damage|p2a: Gholdengo|91/100|[from] item: Life Orb
|
|-heal|p2a: Gholdengo|97/100|[from] Grassy Terrain
|-heal|p1a: Rillaboom|66/100|[from] Grassy Terrain
|upkeep
|turn|2
|
|t:|1757126107
|switch|p2b: Incineroar|Incineroar, L50, M|100/100
|-ability|p2b: Incineroar|Intimidate|boost
|-unboost|p1a: Rillaboom|atk|1
|-unboost|p1b: Magmar|atk|1
|move|p1a: Rillaboom|Grassy Glide|p2b: Incineroar
|-resisted|p2b: Incineroar
|-damage|p2b: Incineroar|88/100
|move|p2a: Gholdengo|Nasty Plot|p2a: Gholdengo
|-boost|p2a: Gholdengo|spa|2
|move|p1b: Magmar|Heat Wave|p2a: Gholdengo|[spread] p2a,p2b
|-supereffective|p2a: Gholdengo
|-resisted|p2b: Incineroar
|-damage|p2a: Gholdengo|47/100
|-damage|p2b: Incineroar|77/100
|
|-heal|p2a: Gholdengo|53/100|[from] Grassy Terrain
|-heal|p1a: Rillaboom|72/100|[from] Grassy Terrain
|-heal|p2b: Incineroar|83/100|[from] Grassy Terrain
|upkeep
|turn|3
|inactive|eggwich69 has 30 seconds left.
|
|t:|1757126135
|-terastallize|p1a: Rillaboom|Fire
|move|p2b: Incineroar|Fake Out|p1b: Magmar
|-damage|p1b: Magmar|91/100
|move|p2a: Gholdengo|Make It Rain|p1a: Rillaboom|[spread] p1a,p1b
|-resisted|p1a: Rillaboom
|-resisted|p1b: Magmar
|-damage|p1a: Rillaboom|31/100
|-damage|p1b: Magmar|48/100
|-unboost|p2a: Gholdengo|spa|1
|-damage|p2a: Gholdengo|44/100|[from] item: Life Orb
|cant|p1b: Magmar|flinch
|move|p1a: Rillaboom|High Horsepower|p2a: Gholdengo|[miss]
|-miss|p1a: Rillaboom|p2a: Gholdengo
|
|-heal|p2a: Gholdengo|50/100|[from] Grassy Terrain
|-heal|p1b: Magmar|53/100|[from] Grassy Terrain
|-heal|p1a: Rillaboom|37/100|[from] Grassy Terrain
|-heal|p2b: Incineroar|89/100|[from] Grassy Terrain
|upkeep
|turn|4
|
|t:|1757126156
|move|p2a: Gholdengo|Shadow Ball|p1a: Rillaboom
|-damage|p1a: Rillaboom|0 fnt
|faint|p1a: Rillaboom
|-damage|p2a: Gholdengo|40/100|[from] item: Life Orb
|move|p1b: Magmar|Heat Wave|p2b: Incineroar|[spread] p2a,p2b
|-supereffective|p2a: Gholdengo
|-resisted|p2b: Incineroar
|-damage|p2a: Gholdengo|0 fnt
|-damage|p2b: Incineroar|77/100
|faint|p2a: Gholdengo
|move|p2b: Incineroar|Knock Off|p1b: Magmar
|-damage|p1b: Magmar|21/100
|-enditem|p1b: Magmar|Eviolite|[from] move: Knock Off|[of] p2b: Incineroar
|
|-heal|p1b: Magmar|27/100|[from] Grassy Terrain
|-heal|p2b: Incineroar|83/100|[from] Grassy Terrain
|upkeep
|
|t:|1757126172
|switch|p2a: Hydreigon|Hydreigon, L50, F|100/100
|switch|p1a: Primarina|Primarina, L50, F|100/100
|turn|5
|inactive|eggwich69 has 30 seconds left.
|
|t:|1757126197
|move|p1b: Magmar|Protect|p1b: Magmar
|-singleturn|p1b: Magmar|Protect
|move|p2a: Hydreigon|Snarl|p1b: Magmar|[spread] p1a
|-activate|p1b: Magmar|move: Protect
|-resisted|p1a: Primarina
|-damage|p1a: Primarina|86/100
|-unboost|p1a: Primarina|spa|1
|move|p2b: Incineroar|Parting Shot|p1a: Primarina
|-unboost|p1a: Primarina|atk|1
|-unboost|p1a: Primarina|spa|1
|
|t:|1757126207
|switch|p2b: Basculegion|Basculegion, L50, M, tera:Water|100/100|[from] Parting Shot
|move|p1a: Primarina|Moonblast|p2a: Hydreigon
|-supereffective|p2a: Hydreigon
|-damage|p2a: Hydreigon|0 fnt
|faint|p2a: Hydreigon
|
|-heal|p1b: Magmar|33/100|[from] Grassy Terrain
|-heal|p1a: Primarina|92/100|[from] Grassy Terrain
|-fieldend|move: Grassy Terrain
|upkeep
|
|t:|1757126211
|switch|p2a: Incineroar|Incineroar, L50, M|83/100
|-ability|p2a: Incineroar|Intimidate|boost
|-unboost|p1a: Primarina|atk|1
|-unboost|p1b: Magmar|atk|1
|turn|6
|inactive|eggwich69 has 30 seconds left.
|inactive|eggwich69 has 20 seconds left.
|inactive|eggwich69 has 15 seconds left.
|inactive|eggwich69 has 10 seconds left.
|
|t:|1757126259
|switch|p1a: Dragapult|Dragapult, L50, F|100/100
|move|p1b: Magmar|Follow Me|p1b: Magmar
|-singleturn|p1b: Magmar|move: Follow Me
|move|p2b: Basculegion|Last Respects|p1b: Magmar
|-damage|p1b: Magmar|0 fnt
|faint|p1b: Magmar
|move|p2a: Incineroar|Flare Blitz|p1a: Dragapult
|-resisted|p1a: Dragapult
|-damage|p1a: Dragapult|64/100
|-damage|p2a: Incineroar|73/100|[from] Recoil
|
|upkeep
|
|t:|1757126264
|switch|p1b: Primarina|Primarina, L50, F|92/100
|turn|7
|
|t:|1757126281
|move|p1a: Dragapult|Sucker Punch|p2b: Basculegion
|-damage|p2b: Basculegion|47/100
|move|p2b: Basculegion|Last Respects|p1a: Dragapult
|-supereffective|p1a: Dragapult
|-damage|p1a: Dragapult|0 fnt
|faint|p1a: Dragapult
|move|p2a: Incineroar|Knock Off|p1b: Primarina
|-resisted|p1b: Primarina
|-damage|p1b: Primarina|70/100
|-enditem|p1b: Primarina|Sitrus Berry|[from] move: Knock Off|[of] p2a: Incineroar
|move|p1b: Primarina|Moonblast|p2b: Basculegion
|-damage|p2b: Basculegion|0 fnt
|faint|p2b: Basculegion
|
|upkeep
|turn|8
|
|t:|1757126300
|move|p2a: Incineroar|Flare Blitz|p1b: Primarina
|-resisted|p1b: Primarina
|-damage|p1b: Primarina|40/100
|-damage|p2a: Incineroar|64/100|[from] Recoil
|move|p1b: Primarina|Hyper Voice|p2a: Incineroar
|-supereffective|p2a: Incineroar
|-damage|p2a: Incineroar|0 fnt
|faint|p2a: Incineroar
|
|win|eggwich69
|raw|eggwich69's rating: 1213 → 1234(+21 for winning)
|raw|chefbenboyrd's rating: 1150 → 1129(-21 for losing)
