|j|☆Sacksys
|j|☆TehCruzeFan123
|html|SacksysTehCruzeFan123    
|uhtml|bestof|Game 1 of a best-of-3
|t:|1784952569
|gametype|doubles
|player|p1|Sacksys|2|1097
|player|p2|TehCruzeFan123|guzma|1107
|gen|9
|tier|[Gen 9 Champions] VGC 2026 Reg M-B (Bo3)
|rated|
|rule|Species Clause: Limit one of each Pokémon
|rule|Item Clause: Limit 1 of each item
|clearpoke
|poke|p1|Garchomp, L50, M|
|poke|p1|Venusaur, L50, F|
|poke|p1|Talonflame, L50, M|
|poke|p1|Froslass, L50, F|
|poke|p1|Sylveon, L50, F|
|poke|p1|Basculegion, L50, M|
|poke|p2|Aerodactyl, L50, F|
|poke|p2|Hippowdon, L50, M|
|poke|p2|Gholdengo, L50|
|poke|p2|Sneasler, L50, F|
|poke|p2|Basculegion, L50, M|
|poke|p2|Floette-Eternal, L50, F|
|teampreview|4
|showteam|p1|Garchomp||HabanBerry|RoughSkin|Earthquake,DragonClaw,RockSlide,Protect|Jolly||M|||50|]Venusaur||Venusaurite|Chlorophyll|EarthPower,GigaDrain,SludgeBomb,Protect|Modest||F|||50|]Talonflame||FocusSash|GaleWings|AirSlash,HeatWave,Protect,Tailwind|Timid||M|||50|]Froslass||Froslassite|CursedBody|Blizzard,ShadowBall,WillOWisp,Protect|Modest||F|||50|]Sylveon||FairyFeather|Pixilate|HyperVoice,HyperBeam,Detect,CalmMind|Modest||F|||50|]Basculegion||LifeOrb|Adaptability|AquaJet,LastRespects,WaveCrash,Protect|Jolly||M|||50|
|showteam|p2|Aerodactyl||Aerodactylite|RockHead|DualWingbeat,RockSlide,IceFang,Tailwind|Jolly||F|||50|]Hippowdon||Leftovers|SandStream|Protect,Yawn,HighHorsepower,StoneEdge|Adamant||M|||50|]Gholdengo||FocusSash|GoodasGold|Protect,MakeItRain,ShadowBall,NastyPlot|Modest|||||50|]Sneasler||WhiteHerb|Unburden|Protect,FakeOut,CloseCombat,DireClaw|Jolly||F|||50|]Basculegion||KasibBerry|Adaptability|Protect,WaveCrash,LastRespects,AquaJet|Adamant||M|||50|]Floette-Eternal||Floettite|FlowerVeil|Protect,Moonblast,DazzlingGleam,LightofRuin|Timid||F|||50|
|inactive|Battle timer is ON: inactive players will automatically lose when time's up. (requested by TehCruzeFan123)
|inactive|Sacksys has 60 seconds left.
|inactive|TehCruzeFan123 has 60 seconds left.
|
|t:|1784952629
|teamsize|p1|4
|teamsize|p2|4
|start
|switch|p1a: Talonflame|Talonflame, L50, M|100/100
|switch|p1b: Basculegion|Basculegion, L50, M|100/100
|switch|p2a: Sneasler|Sneasler, L50, F|100/100
|switch|p2b: Aerodactyl|Aerodactyl, L50, F|100/100
|turn|1
|
|t:|1784952645
|detailschange|p2b: Aerodactyl|Aerodactyl-Mega, L50, F
|-mega|p2b: Aerodactyl|Aerodactyl|Aerodactylite
|move|p1a: Talonflame|Protect|p1a: Talonflame
|-singleturn|p1a: Talonflame|Protect
|move|p1b: Basculegion|Protect|p1b: Basculegion
|-singleturn|p1b: Basculegion|Protect
|move|p2a: Sneasler|Fake Out|p1a: Talonflame
|-activate|p1a: Talonflame|move: Protect
|move|p2b: Aerodactyl|Tailwind|p2b: Aerodactyl
|-sidestart|p2: TehCruzeFan123|move: Tailwind
|
|upkeep
|turn|2
|
|t:|1784952667
|move|p1a: Talonflame|Air Slash|p2a: Sneasler|[miss]
|-miss|p1a: Talonflame|p2a: Sneasler
|move|p1b: Basculegion|Aqua Jet|p2b: Aerodactyl
|-supereffective|p2b: Aerodactyl|1
|-damage|p2b: Aerodactyl|17/100
|-damage|p1b: Basculegion|90/100|[from] item: Life Orb
|move|p2b: Aerodactyl|Dual Wingbeat|p1b: Basculegion
|-damage|p1b: Basculegion|53/100
|-damage|p1b: Basculegion|16/100
|-hitcount|p1b: Basculegion|2
|move|p2a: Sneasler|Dire Claw|p1b: Basculegion
|-resisted|p1b: Basculegion|1
|-damage|p1b: Basculegion|0 fnt
|faint|p1b: Basculegion
|
|upkeep
|
|t:|1784952687
|switch|p1b: Garchomp|Garchomp, L50, M|100/100
|turn|3
|
|t:|1784952703
|move|p1a: Talonflame|Air Slash|p2a: Sneasler
|-supereffective|p2a: Sneasler|1
|-damage|p2a: Sneasler|41/100
|move|p2b: Aerodactyl|Ice Fang|p1b: Garchomp
|-supereffective|p1b: Garchomp|2
|-damage|p1b: Garchomp|0 fnt
|-damage|p2b: Aerodactyl|4/100|[from] ability: Rough Skin|[of] p1b: Garchomp
|faint|p1b: Garchomp
|move|p2a: Sneasler|Dire Claw|p1a: Talonflame
|-damage|p1a: Talonflame|43/100
|-status|p1a: Talonflame|par
|
|upkeep
|
|t:|1784952714
|switch|p1b: Venusaur|Venusaur, L50, F|100/100
|turn|4
|
|t:|1784952727
|detailschange|p1b: Venusaur|Venusaur-Mega, L50, F
|-mega|p1b: Venusaur|Venusaur|Venusaurite
|move|p2b: Aerodactyl|Dual Wingbeat|p1b: Venusaur
|-supereffective|p1b: Venusaur|1
|-damage|p1b: Venusaur|54/100
|-supereffective|p1b: Venusaur|1
|-damage|p1b: Venusaur|4/100
|-hitcount|p1b: Venusaur|2
|move|p2a: Sneasler|Dire Claw|p1a: Talonflame
|-damage|p1a: Talonflame|0 fnt
|faint|p1a: Talonflame
|move|p1b: Venusaur|Earth Power|p2a: Sneasler
|-supereffective|p2a: Sneasler|1
|-damage|p2a: Sneasler|0 fnt
|faint|p2a: Sneasler
|
|-sideend|p2: TehCruzeFan123|move: Tailwind
|upkeep
|
|t:|1784952744
|switch|p2a: Basculegion|Basculegion, L50, M|100/100
|turn|5
|
|t:|1784952749
|move|p2b: Aerodactyl|Tailwind|p2b: Aerodactyl
|-sidestart|p2: TehCruzeFan123|move: Tailwind
|move|p2a: Basculegion|Last Respects|p1b: Venusaur
|-damage|p1b: Venusaur|0 fnt
|faint|p1b: Venusaur
|
|win|TehCruzeFan123
