|j|☆MrsMarxy
|j|☆gallegutsito
|html|MrsMarxygallegutsito    
|uhtml|bestof|Game 1 of a best-of-3
|t:|1784427768
|gametype|doubles
|player|p1|MrsMarxy|bellelba|1189
|player|p2|gallegutsito|101|1094
|gen|9
|tier|[Gen 9 Champions] VGC 2026 Reg M-B (Bo3)
|rated|
|rule|Species Clause: Limit one of each Pokémon
|rule|Item Clause: Limit 1 of each item
|clearpoke
|poke|p1|Venusaur, L50, M|
|poke|p1|Charizard, L50, M|
|poke|p1|Grimmsnarl, L50, M|
|poke|p1|Archaludon, L50, F|
|poke|p1|Basculegion, L50, M|
|poke|p1|Pelipper, L50, F|
|poke|p2|Whimsicott, L50, F|
|poke|p2|Charizard, L50, F|
|poke|p2|Basculegion, L50, M|
|poke|p2|Garchomp, L50, M|
|poke|p2|Glimmora, L50, M|
|poke|p2|Kingambit, L50, F|
|teampreview|4
|showteam|p1|Venusaur||FocusSash|Chlorophyll|SludgeBomb,EarthPower,SleepPowder,Protect|Modest||M|||50|]Charizard||CharizarditeY|Blaze|Protect,HeatWave,SolarBeam,WeatherBall|Modest||M|||50|]Grimmsnarl||LightClay|Prankster|SpiritBreak,LightScreen,Reflect,PartingShot|Sassy||M|||50|]Archaludon||Leftovers|Stamina|ElectroShot,DragonPulse,FlashCannon,Protect|Calm||F|||50|]Basculegion||ChoiceScarf|Adaptability|WaveCrash,LastRespects,AquaJet,FlipTurn|Jolly||M|||50|]Pelipper||SitrusBerry|Drizzle|Hurricane,WeatherBall,Tailwind,WideGuard|Modest||F|||50|
|showteam|p2|Whimsicott||FairyFeather|Prankster|Protect,Tailwind,Moonblast,Encore|Bold||F|||50|]Charizard||CharizarditeY|Blaze|Protect,HeatWave,SolarBeam,WeatherBall|Modest||F|||50|]Basculegion||ColburBerry|Adaptability|Protect,WaveCrash,LastRespects,AquaJet|Adamant||M|||50|]Garchomp||SitrusBerry|RoughSkin|Protect,Earthquake,DragonClaw,StompingTantrum|Adamant||M|||50|]Glimmora||FocusSash|ToxicDebris|SpikyShield,PowerGem,SludgeBomb,EarthPower|Modest||M|||50|]Kingambit||ChopleBerry|Defiant|Protect,KowtowCleave,IronHead,SuckerPunch|Adamant||F|||50|
|inactive|Battle timer is ON: inactive players will automatically lose when time's up. (requested by MrsMarxy)
|inactive|MrsMarxy has 60 seconds left.
|inactive|gallegutsito has 60 seconds left.
|inactive|gallegutsito has 30 seconds left.
|
|t:|1784427834
|teamsize|p1|4
|teamsize|p2|4
|start
|switch|p1a: Venusaur|Venusaur, L50, M|100/100
|switch|p1b: Charizard|Charizard, L50, M|100/100
|switch|p2a: Whimsicott|Whimsicott, L50, F|100/100
|switch|p2b: Glimmora|Glimmora, L50, M|100/100
|turn|1
|inactive|MrsMarxy has 30 seconds left.
|inactive|MrsMarxy has 20 seconds left.
|inactive|MrsMarxy has 15 seconds left.
|inactive|MrsMarxy has 10 seconds left.
|
|t:|1784427879
|switch|p1b: Archaludon|Archaludon, L50, F|100/100
|move|p2a: Whimsicott|Protect|p2a: Whimsicott
|-singleturn|p2a: Whimsicott|Protect
|move|p2b: Glimmora|Spiky Shield|p2b: Glimmora
|-singleturn|p2b: Glimmora|move: Protect
|move|p1a: Venusaur|Sludge Bomb|p2b: Glimmora
|-activate|p2b: Glimmora|move: Protect
|
|upkeep
|turn|2
|
|t:|1784427901
|switch|p2b: Charizard|Charizard, L50, F|100/100
|move|p2a: Whimsicott|Tailwind|p2a: Whimsicott
|-sidestart|p2: gallegutsito|move: Tailwind
|move|p1a: Venusaur|Earth Power|p2b: Charizard
|-immune|p2b: Charizard
|move|p1b: Archaludon|Flash Cannon|p2b: Charizard
|-resisted|p2b: Charizard|1
|-damage|p2b: Charizard|78/100
|
|upkeep
|turn|3
|inactive|MrsMarxy has 30 seconds left.
|inactive|MrsMarxy has 20 seconds left.
|
|t:|1784427948
|switch|p1b: Pelipper|Pelipper, L50, F|100/100
|-weather|RainDance|[from] ability: Drizzle|[of] p1b: Pelipper
|move|p2a: Whimsicott|Encore|p1a: Venusaur
|-start|p1a: Venusaur|Encore
|move|p2b: Charizard|Heat Wave|p1a: Venusaur|[spread] p1a,p1b
|-supereffective|p1a: Venusaur|1
|-resisted|p1b: Pelipper|1
|-damage|p1a: Venusaur|65/100
|-damage|p1b: Pelipper|87/100
|move|p1a: Venusaur|Earth Power|p2a: Whimsicott
|-resisted|p2a: Whimsicott|1
|-damage|p2a: Whimsicott|81/100
|
|-weather|RainDance|[upkeep]
|upkeep
|turn|4
|inactive|gallegutsito has 30 seconds left.
|
|t:|1784427974
|switch|p1a: Charizard|Charizard, L50, M|100/100
|detailschange|p2b: Charizard|Charizard-Mega-Y, L50, F
|-mega|p2b: Charizard|Charizard|Charizardite Y
|-weather|SunnyDay|[from] ability: Drought|[of] p2b: Charizard
|move|p2a: Whimsicott|Protect|p2a: Whimsicott
|-singleturn|p2a: Whimsicott|Protect
|move|p2b: Charizard|Heat Wave|p1a: Charizard|[spread] p1a,p1b
|-resisted|p1a: Charizard|1
|-resisted|p1b: Pelipper|1
|-damage|p1a: Charizard|58/100
|-damage|p1b: Pelipper|41/100
|-enditem|p1b: Pelipper|Sitrus Berry|[eat]
|-heal|p1b: Pelipper|66/100|[from] item: Sitrus Berry
|move|p1b: Pelipper|Hurricane|p2a: Whimsicott
|-activate|p2a: Whimsicott|move: Protect
|
|-weather|SunnyDay|[upkeep]
|upkeep
|turn|5
|inactive|gallegutsito has 30 seconds left.
|
|t:|1784428008
|switch|p2a: Basculegion|Basculegion, L50, M|100/100
|detailschange|p1a: Charizard|Charizard-Mega-Y, L50, M
|-mega|p1a: Charizard|Charizard|Charizardite Y
|move|p2b: Charizard|Weather Ball|p1b: Pelipper
|-resisted|p1b: Pelipper|1
|-damage|p1b: Pelipper|0 fnt
|faint|p1b: Pelipper
|move|p1a: Charizard|Heat Wave|p2b: Charizard|[spread] p2a,p2b
|-resisted|p2a: Basculegion|1
|-resisted|p2b: Charizard|1
|-damage|p2a: Basculegion|71/100
|-damage|p2b: Charizard|47/100
|
|-weather|SunnyDay|[upkeep]
|-sideend|p2: gallegutsito|move: Tailwind
|upkeep
|
|t:|1784428018
|switch|p1b: Venusaur|Venusaur, L50, M|65/100
|turn|6
|inactive|gallegutsito has 30 seconds left.
|
|t:|1784428044
|move|p2b: Charizard|Protect|p2b: Charizard
|-singleturn|p2b: Charizard|Protect
|move|p2a: Basculegion|Aqua Jet|p1a: Charizard
|-supereffective|p1a: Charizard|1
|-damage|p1a: Charizard|29/100
|move|p1b: Venusaur|Sleep Powder|p2b: Charizard
|-activate|p2b: Charizard|move: Protect
|move|p1a: Charizard|Solar Beam||[still]
|-prepare|p1a: Charizard|Solar Beam
|-anim|p1a: Charizard|Solar Beam|p2a: Basculegion
|-supereffective|p2a: Basculegion|1
|-damage|p2a: Basculegion|0 fnt
|faint|p2a: Basculegion
|
|-weather|SunnyDay|[upkeep]
|upkeep
|
|t:|1784428054
|switch|p2a: Whimsicott|Whimsicott, L50, F|81/100
|turn|7
|
|t:|1784428071
|move|p1b: Venusaur|Protect|p1b: Venusaur
|-singleturn|p1b: Venusaur|Protect
|move|p2a: Whimsicott|Tailwind|p2a: Whimsicott
|-sidestart|p2: gallegutsito|move: Tailwind
|move|p2b: Charizard|Heat Wave|p1a: Charizard|[spread] p1a
|-activate|p1b: Venusaur|move: Protect
|-resisted|p1a: Charizard|1
|-damage|p1a: Charizard|1/100
|move|p1a: Charizard|Heat Wave|p2a: Whimsicott|[spread] p2a,p2b
|-supereffective|p2a: Whimsicott|1
|-resisted|p2b: Charizard|1
|-damage|p2a: Whimsicott|0 fnt
|-damage|p2b: Charizard|16/100
|faint|p2a: Whimsicott
|
|-weather|SunnyDay|[upkeep]
|upkeep
|
|t:|1784428080
|switch|p2a: Glimmora|Glimmora, L50, M|100/100
|turn|8
|inactive|gallegutsito has 30 seconds left.
|inactive|MrsMarxy has 30 seconds left.
|inactive|gallegutsito has 20 seconds left.
|
|t:|1784428115
|move|p2a: Glimmora|Power Gem|p1a: Charizard
|-supereffective|p1a: Charizard|2
|-damage|p1a: Charizard|0 fnt
|faint|p1a: Charizard
|move|p2b: Charizard|Weather Ball|p1b: Venusaur
|-supereffective|p1b: Venusaur|1
|-damage|p1b: Venusaur|0 fnt
|faint|p1b: Venusaur
|
|-weather|none
|upkeep
|
|t:|1784428118
|switch|p1b: Archaludon|Archaludon, L50, F|100/100
|turn|9
|
|t:|1784428126
|move|p2a: Glimmora|Earth Power|p1b: Archaludon
|-supereffective|p1b: Archaludon|1
|-damage|p1b: Archaludon|34/100
|-ability|p1b: Archaludon|Stamina|boost
|-boost|p1b: Archaludon|def|1
|move|p2b: Charizard|Heat Wave|p1b: Archaludon
|-damage|p1b: Archaludon|0 fnt
|faint|p1b: Archaludon
|
|win|gallegutsito
||MrsMarxy is ready for game 2.
||gallegutsito is ready for game 2.
|uhtml|next|Next: Game 2 of 3
|l|☆gallegutsito
|player|p2|
