|j|☆silknotsong
|j|☆supremeenchilada
|html|silknotsongsupremeenchilada    
|uhtml|bestof|Game 1 of a best-of-3
|t:|1756219441
|gametype|doubles
|player|p1|silknotsong|infielder|1136
|player|p2|supremeenchilada|janitor|1097
|gen|9
|tier|[Gen 9] VGC 2025 Reg H (Bo3)
|rated|
|rule|Species Clause: Limit one of each Pokémon
|rule|Item Clause: Limit 1 of each item
|clearpoke
|poke|p1|Sneasler, L50, M|
|poke|p1|Indeedee, L50, M|
|poke|p1|Dragonite, L50, M|
|poke|p1|Archaludon, L50, M|
|poke|p1|Amoonguss, L50, M|
|poke|p1|Murkrow, L50, F|
|poke|p2|Amoonguss, L50, M|
|poke|p2|Incineroar, L50, M|
|poke|p2|Indeedee-F, L50, F|
|poke|p2|Hatterene, L50, F|
|poke|p2|Torkoal, L50, M|
|poke|p2|Ursaluna, L50, M|
|teampreview|4
|showteam|p1|Sneasler||PsychicSeed|Unburden|DireClaw,CloseCombat,ThroatChop,Protect|||M|||50|,,,,,Dark]Indeedee||ChoiceScarf|PsychicSurge|ExpandingForce,Psychic,TrickRoom,Trick|||M|||50|,,,,,Psychic]Dragonite||LoadedDice|Multiscale|ScaleShot,StompingTantrum,Haze,Protect|||M|||50|,,,,,Fairy]Archaludon||AssaultVest|Stamina|DracoMeteor,ElectroShot,FlashCannon,BodyPress|||M|||50|,,,,,Grass]Amoonguss||SitrusBerry|Regenerator|Spore,RagePowder,PollenPuff,Protect|||M|||50|,,,,,Fairy]Murkrow||Eviolite|Prankster|Tailwind,FoulPlay,Protect,RainDance|||F|||50|,,,,,Ghost
|showteam|p2|Amoonguss||RockyHelmet|EffectSpore|Protect,Spore,RagePowder,PollenPuff|||M|||50|,,,,,Rock]Incineroar||SafetyGoggles|Intimidate|FakeOut,KnockOff,FlareBlitz,PartingShot|||M|||50|,,,,,Bug]Indeedee-F||PsychicSeed|PsychicSurge|TrickRoom,Psychic,FollowMe,Protect|||F|||50|,,,,,Dark]Hatterene||LifeOrb|MagicBounce|DazzlingGleam,ExpandingForce,Protect,TrickRoom|||F|||50|,,,,,Psychic]Torkoal||Charcoal|Drought|Eruption,HeatWave,SolarBeam,AncientPower|||M|||50|,,,,,Flying]Ursaluna||FlameOrb|Guts|Protect,HeadlongRush,Earthquake,Facade|||M|||50|,,,,,Grass
|
|t:|1756219497
|teamsize|p1|4
|teamsize|p2|4
|start
|switch|p1a: Amoonguss|Amoonguss, L50, M|100/100
|switch|p1b: Indeedee|Indeedee, L50, M|100/100
|switch|p2a: Hatterene|Hatterene, L50, F, shiny|100/100
|switch|p2b: Indeedee|Indeedee-F, L50, F|100/100
|-fieldstart|move: Psychic Terrain|[from] ability: Psychic Surge|[of] p1b: Indeedee
|-enditem|p2b: Indeedee|Psychic Seed
|-boost|p2b: Indeedee|spd|1|[from] item: Psychic Seed
|turn|1
|
|t:|1756219528
|switch|p2b: Ursaluna|Ursaluna, L50, M|100/100
|switch|p1a: Murkrow|Murkrow, L50, F|100/100
|move|p1b: Indeedee|Trick|p2b: Ursaluna
|-activate|p1b: Indeedee|move: Trick|[of] p2b: Ursaluna
|-item|p2b: Ursaluna|Choice Scarf|[from] move: Trick
|-item|p1b: Indeedee|Flame Orb|[from] move: Trick
|move|p2a: Hatterene|Expanding Force|p1b: Indeedee|[spread] p1b
|-immune|p1a: Murkrow
|-resisted|p1b: Indeedee
|-damage|p1b: Indeedee|40/100
|-damage|p2a: Hatterene|91/100|[from] item: Life Orb
|
|-status|p1b: Indeedee|brn|[from] item: Flame Orb
|upkeep
|turn|2
|
|t:|1756219563
|move|p1b: Indeedee|Expanding Force|p2a: Hatterene|[spread] p2a,p2b
|-resisted|p2a: Hatterene
|-damage|p2a: Hatterene|62/100
|-damage|p2b: Ursaluna|48/100
|move|p1a: Murkrow|Foul Play|p2b: Ursaluna
|-damage|p2b: Ursaluna|8/100
|move|p2b: Ursaluna|Facade|p1b: Indeedee
|-damage|p1b: Indeedee|0 fnt
|faint|p1b: Indeedee
|move|p2a: Hatterene|Dazzling Gleam|p1a: Murkrow
|-supereffective|p1a: Murkrow
|-damage|p1a: Murkrow|0 fnt
|faint|p1a: Murkrow
|-damage|p2a: Hatterene|52/100|[from] item: Life Orb
|
|upkeep
|
|t:|1756219573
|switch|p1b: Amoonguss|Amoonguss, L50, M|100/100
|switch|p1a: Dragonite|Dragonite, L50, M|100/100
|turn|3
|
|t:|1756219615
|move|p2a: Hatterene|Protect|p2a: Hatterene
|-singleturn|p2a: Hatterene|Protect
|move|p1a: Dragonite|Stomping Tantrum|p2a: Hatterene
|-activate|p2a: Hatterene|move: Protect
|move|p2b: Ursaluna|Facade|p1a: Dragonite
|-damage|p1a: Dragonite|77/100
|move|p1b: Amoonguss|Pollen Puff|p2a: Hatterene
|-activate|p2a: Hatterene|move: Protect
|
|upkeep
|turn|4
|inactive|Battle timer is ON: inactive players will automatically lose when time's up. (requested by supremeenchilada)
|
|t:|1756219645
|switch|p2a: Indeedee|Indeedee-F, L50, F|100/100
|move|p1a: Dragonite|Stomping Tantrum|p2a: Indeedee
|-damage|p2a: Indeedee|72/100
|move|p2b: Ursaluna|Facade|p1a: Dragonite
|-damage|p1a: Dragonite|31/100
|move|p1b: Amoonguss|Pollen Puff|p2a: Indeedee
|-supereffective|p2a: Indeedee
|-damage|p2a: Indeedee|40/100
|
|upkeep
|turn|5
|
|t:|1756219665
|move|p1a: Dragonite|Protect|p1a: Dragonite
|-singleturn|p1a: Dragonite|Protect
|move|p2a: Indeedee|Protect|p2a: Indeedee
|-singleturn|p2a: Indeedee|Protect
|move|p2b: Ursaluna|Facade|p1a: Dragonite
|-activate|p1a: Dragonite|move: Protect
|move|p1b: Amoonguss|Spore|p2b: Ursaluna
|-status|p2b: Ursaluna|slp|[from] move: Spore
|
|-fieldend|move: Psychic Terrain
|upkeep
|turn|6
|
|t:|1756219684
|switch|p2b: Hatterene|Hatterene, L50, F, shiny|52/100
|move|p1a: Dragonite|Scale Shot|p2a: Indeedee
|-damage|p2a: Indeedee|24/100
|-damage|p2a: Indeedee|9/100
|-damage|p2a: Indeedee|0 fnt
|faint|p2a: Indeedee
|-hitcount|p2: Indeedee|3
|-unboost|p1a: Dragonite|def|1
|-boost|p1a: Dragonite|spe|1
|move|p1b: Amoonguss|Pollen Puff|p2b: Hatterene
|-damage|p2b: Hatterene|32/100
|
|upkeep
|
|t:|1756219696
|switch|p2a: Torkoal|Torkoal, L50, M|100/100
|-weather|SunnyDay|[from] ability: Drought|[of] p2a: Torkoal
|turn|7
|
|t:|1756219713
|-terastallize|p1a: Dragonite|Fairy
|-terastallize|p2b: Hatterene|Psychic
|move|p1a: Dragonite|Stomping Tantrum|p2b: Hatterene
|-damage|p2b: Hatterene|0 fnt
|faint|p2b: Hatterene
|move|p1b: Amoonguss|Spore|p2a: Torkoal
|-status|p2a: Torkoal|slp|[from] move: Spore
|cant|p2a: Torkoal|slp
|
|-weather|SunnyDay|[upkeep]
|upkeep
|-message|supremeenchilada forfeited.
|l|☆supremeenchilada
|inactive|supremeenchilada disconnected and has a minute to reconnect!
|player|p2|
|
|win|silknotsong
|j|☆supremeenchilada
|player|p2|supremeenchilada|janitor|
