|j|☆FFLastResort
|j|☆RinnyRooVGC
|html|FFLastResortRinnyRooVGC    
|uhtml|bestof|Game 3 of a best-of-3
|t:|1757015468
|gametype|doubles
|player|p1|FFLastResort|ethan|1073
|player|p2|RinnyRooVGC|101|1114
|gen|9
|tier|[Gen 9] VGC 2025 Reg H (Bo3)
|rated|
|rule|Species Clause: Limit one of each Pokémon
|rule|Item Clause: Limit 1 of each item
|clearpoke
|poke|p1|Gholdengo, L50|
|poke|p1|Dragonite, L50, M|
|poke|p1|Maushold-Four, L50|
|poke|p1|Rillaboom, L50, M|
|poke|p1|Ursaluna-Bloodmoon, L50, M|
|poke|p1|Annihilape, L50, M|
|poke|p2|Porygon2, L50|
|poke|p2|Sneasler, L50, F|
|poke|p2|Gholdengo, L50|
|poke|p2|Amoonguss, L50, F|
|poke|p2|Garchomp, L50, M|
|poke|p2|Incineroar, L50, M|
|teampreview|4
|showteam|p1|Gholdengo||LifeOrb|GoodasGold|MakeItRain,ShadowBall,NastyPlot,Protect||||||50|,,,,,Water]Dragonite||LoadedDice|Multiscale|Tailwind,Haze,Protect,ScaleShot|||M|||50|,,,,,Fairy]Maushold-Four||FocusSash|FriendGuard|Taunt,FollowMe,BeatUp,Protect||||||50|,,,,,Ghost]Rillaboom||MiracleSeed|GrassySurge|FakeOut,WoodHammer,GrassyGlide,HighHorsepower|||M|||50|,,,,,Grass]Ursaluna-Bloodmoon||AssaultVest|MindsEye|BloodMoon,EarthPower,HyperVoice,VacuumWave|||M|||50|,,,,,Water]Annihilape||SitrusBerry|Defiant|DrainPunch,RageFist,BulkUp,Protect|||M|||50|,,,,,Fire
|showteam|p2|Porygon2||Eviolite|Download|TeraBlast,IceBeam,Recover,TrickRoom||||||50|,,,,,Ground]Sneasler||FocusSash|PoisonTouch|CloseCombat,DireClaw,Coaching,Protect|||F|||50|,,,,,Flying]Gholdengo||LifeOrb|GoodasGold|MakeItRain,ShadowBall,NastyPlot,Protect||||||50|,,,,,Water]Amoonguss||SitrusBerry|Regenerator|PollenPuff,Spore,RagePowder,Protect|||F|||50|,,,,,Fairy]Garchomp||ClearAmulet|RoughSkin|Earthquake,StompingTantrum,DragonClaw,Protect|||M|||50|,,,,,Fire]Incineroar||SafetyGoggles|Intimidate|FlareBlitz,KnockOff,FakeOut,PartingShot|||M|||50|,,,,,Ghost
|inactive|Battle timer is ON: inactive players will automatically lose when time's up. (requested by FFLastResort)
|
|t:|1757015501
|teamsize|p1|4
|teamsize|p2|4
|start
|switch|p1a: Maushold|Maushold-Four, L50|100/100
|switch|p1b: Annihilape|Annihilape, L50, M|100/100
|switch|p2a: Sneasler|Sneasler, L50, F|100/100
|switch|p2b: Garchomp|Garchomp, L50, M|100/100
|turn|1
|inactive|RinnyRooVGC has 30 seconds left.
|
|t:|1757015535
|-terastallize|p2a: Sneasler|Flying
|move|p1a: Maushold|Follow Me|p1a: Maushold
|-singleturn|p1a: Maushold|move: Follow Me
|move|p2a: Sneasler|Coaching|p2b: Garchomp
|-boost|p2b: Garchomp|atk|1
|-boost|p2b: Garchomp|def|1
|move|p2b: Garchomp|Earthquake|p1a: Maushold|[spread] p1a,p1b
|-immune|p2a: Sneasler
|-damage|p1a: Maushold|31/100
|-damage|p1b: Annihilape|60/100
|move|p1b: Annihilape|Bulk Up|p1b: Annihilape
|-boost|p1b: Annihilape|atk|1
|-boost|p1b: Annihilape|def|1
|
|upkeep
|turn|2
|inactive|FFLastResort has 30 seconds left.
|
|t:|1757015561
|move|p1a: Maushold|Follow Me|p1a: Maushold
|-singleturn|p1a: Maushold|move: Follow Me
|move|p2a: Sneasler|Coaching|p2b: Garchomp
|-boost|p2b: Garchomp|atk|1
|-boost|p2b: Garchomp|def|1
|move|p2b: Garchomp|Earthquake|p1a: Maushold|[spread] p1a,p1b
|-immune|p2a: Sneasler
|-damage|p1a: Maushold|0 fnt
|-damage|p1b: Annihilape|21/100
|-enditem|p1b: Annihilape|Sitrus Berry|[eat]
|-heal|p1b: Annihilape|46/100|[from] item: Sitrus Berry
|faint|p1a: Maushold
|move|p1b: Annihilape|Bulk Up|p1b: Annihilape
|-boost|p1b: Annihilape|atk|1
|-boost|p1b: Annihilape|def|1
|
|upkeep
|
|t:|1757015574
|switch|p1a: Rillaboom|Rillaboom, L50, M|100/100
|-fieldstart|move: Grassy Terrain|[from] ability: Grassy Surge|[of] p1a: Rillaboom
|turn|3
|
|t:|1757015589
|move|p2a: Sneasler|Protect|p2a: Sneasler
|-singleturn|p2a: Sneasler|Protect
|move|p2b: Garchomp|Protect|p2b: Garchomp
|-singleturn|p2b: Garchomp|Protect
|move|p1a: Rillaboom|Fake Out|p2a: Sneasler
|-activate|p2a: Sneasler|move: Protect
|move|p1b: Annihilape|Drain Punch|p2a: Sneasler
|-activate|p2a: Sneasler|move: Protect
|
|-heal|p1b: Annihilape|52/100|[from] Grassy Terrain
|upkeep
|turn|4
|inactive|RinnyRooVGC has 30 seconds left.
|
|t:|1757015615
|move|p1a: Rillaboom|Grassy Glide|p2a: Sneasler
|-resisted|p2a: Sneasler
|-damage|p2a: Sneasler|57/100
|move|p2a: Sneasler|Coaching|p2b: Garchomp
|-boost|p2b: Garchomp|atk|1
|-boost|p2b: Garchomp|def|1
|move|p2b: Garchomp|Dragon Claw|p1b: Annihilape
|-damage|p1b: Annihilape|1/100
|move|p1b: Annihilape|Rage Fist|p2a: Sneasler
|-damage|p2a: Sneasler|0 fnt
|faint|p2a: Sneasler
|
|-heal|p1b: Annihilape|7/100|[from] Grassy Terrain
|upkeep
|
|t:|1757015622
|switch|p2a: Amoonguss|Amoonguss, L50, F|100/100
|turn|5
|inactive|FFLastResort has 30 seconds left.
|
|t:|1757015655
|switch|p1a: Dragonite|Dragonite, L50, M|100/100
|move|p1b: Annihilape|Protect|p1b: Annihilape
|-singleturn|p1b: Annihilape|Protect
|move|p2a: Amoonguss|Protect|p2a: Amoonguss
|-singleturn|p2a: Amoonguss|Protect
|move|p2b: Garchomp|Earthquake|p1a: Dragonite|[spread] 
|-activate|p2a: Amoonguss|move: Protect
|-activate|p1b: Annihilape|move: Protect
|-immune|p1a: Dragonite
|
|-heal|p1b: Annihilape|13/100|[from] Grassy Terrain
|upkeep
|turn|6
|inactive|FFLastResort has 30 seconds left.
|inactive|RinnyRooVGC has 30 seconds left.
|inactive|FFLastResort has 20 seconds left.
|
|t:|1757015690
|-terastallize|p1a: Dragonite|Fairy
|move|p2b: Garchomp|Dragon Claw|p1b: Annihilape
|-damage|p1b: Annihilape|0 fnt
|faint|p1b: Annihilape
|move|p1a: Dragonite|Haze|p1a: Dragonite
|-clearallboost
|move|p2a: Amoonguss|Spore|p1a: Dragonite
|-status|p1a: Dragonite|slp|[from] move: Spore
|
|upkeep
|
|t:|1757015695
|switch|p1b: Rillaboom|Rillaboom, L50, M|100/100
|turn|7
|
|t:|1757015704
|move|p2b: Garchomp|Dragon Claw|p1b: Rillaboom
|-damage|p1b: Rillaboom|63/100
|cant|p1a: Dragonite|slp
|move|p1b: Rillaboom|Wood Hammer|p2b: Garchomp
|-damage|p2b: Garchomp|0 fnt
|-damage|p1b: Rillaboom|50/100|[from] ability: Rough Skin|[of] p2b: Garchomp
|faint|p2b: Garchomp
|-damage|p1b: Rillaboom|18/100|[from] Recoil
|move|p2a: Amoonguss|Pollen Puff|p1b: Rillaboom
|-supereffective|p1b: Rillaboom
|-damage|p1b: Rillaboom|0 fnt
|faint|p1b: Rillaboom
|
|-fieldend|move: Grassy Terrain
|upkeep
|
|t:|1757015711
|switch|p2b: Gholdengo|Gholdengo, L50|100/100
|turn|8
|
|t:|1757015723
|-curestatus|p1a: Dragonite|slp|[msg]
|move|p1a: Dragonite|Scale Shot|p2a: Amoonguss
|-damage|p2a: Amoonguss|89/100
|-damage|p2a: Amoonguss|75/100
|-damage|p2a: Amoonguss|63/100
|-damage|p2a: Amoonguss|50/100
|-enditem|p2a: Amoonguss|Sitrus Berry|[eat]
|-heal|p2a: Amoonguss|75/100|[from] item: Sitrus Berry
|-hitcount|p2a: Amoonguss|4
|-unboost|p1a: Dragonite|def|1
|-boost|p1a: Dragonite|spe|1
|move|p2b: Gholdengo|Nasty Plot|p2b: Gholdengo
|-boost|p2b: Gholdengo|spa|2
|move|p2a: Amoonguss|Pollen Puff|p2b: Gholdengo
|
|upkeep
|turn|9
|
|t:|1757015744
|move|p1a: Dragonite|Scale Shot|p2a: Amoonguss
|-damage|p2a: Amoonguss|63/100
|-damage|p2a: Amoonguss|51/100
|-damage|p2a: Amoonguss|40/100
|-crit|p2a: Amoonguss
|-damage|p2a: Amoonguss|23/100
|-damage|p2a: Amoonguss|10/100
|-hitcount|p2a: Amoonguss|5
|-unboost|p1a: Dragonite|def|1
|-boost|p1a: Dragonite|spe|1
|move|p2b: Gholdengo|Make It Rain|p1a: Dragonite
|-supereffective|p1a: Dragonite
|-crit|p1a: Dragonite
|-damage|p1a: Dragonite|0 fnt
|-unboost|p2b: Gholdengo|spa|1
|faint|p1a: Dragonite
|-damage|p2b: Gholdengo|91/100|[from] item: Life Orb
|
|win|RinnyRooVGC
|raw|FFLastResort's rating: 1073 → 1055(-18 for losing)
|raw|RinnyRooVGC's rating: 1114 → 1136(+22 for winning)
