|j|☆guillelona
|j|☆TQK020908
|html|guillelonaTQK020908    
|uhtml|bestof|Game 1 of a best-of-3
|t:|1784982336
|gametype|doubles
|player|p1|guillelona|2|1031
|player|p2|TQK020908|cheren|1000
|gen|9
|tier|[Gen 9 Champions] VGC 2026 Reg M-B (Bo3)
|rated|
|rule|Species Clause: Limit one of each Pokémon
|rule|Item Clause: Limit 1 of each item
|clearpoke
|poke|p1|Vivillon-Tundra, L50, M|
|poke|p1|Mawile, L50, F|
|poke|p1|Torkoal, L50, M|
|poke|p1|Farigiraf, L50, M|
|poke|p1|Garchomp, L50, F|
|poke|p1|Raichu, L50, F|
|poke|p2|Kingambit, L50, M|
|poke|p2|Scovillain, L50, M|
|poke|p2|Farigiraf, L50, M|
|poke|p2|Excadrill, L50, F|
|poke|p2|Politoed, L50, F|
|poke|p2|Meowscarada, L50, F|
|teampreview|4
|showteam|p1|Vivillon-Tundra||FocusSash|CompoundEyes|Hurricane,SleepPowder,RagePowder,Protect|Timid||M|||50|]Mawile||Mawilite|Intimidate|PlayRough,RockSlide,SuckerPunch,Protect|Adamant||F|||50|]Torkoal||Charcoal|Drought|Eruption,WeatherBall,Protect,EarthPower|Quiet||M|||50|]Farigiraf||SitrusBerry|ArmorTail|Psychic,Thunderbolt,TrickRoom,HelpingHand|Relaxed||M|||50|]Garchomp||LifeOrb|RoughSkin|DragonClaw,Earthquake,RockSlide,Protect|Jolly||F|||50|]Raichu||RaichuniteY|LightningRod|ZapCannon,FocusBlast,FakeOut,Protect|Timid||F|||50|
|showteam|p2|Kingambit||ExpertBelt|Defiant|SwordsDance,KowtowCleave,SuckerPunch,IronHead|Adamant||M|||50|]Scovillain||Scovillainite|Moody|LeechSeed,Protect,RagePowder,GigaDrain|Calm||M|||50|]Farigiraf||SitrusBerry|ArmorTail|Imprison,TrickRoom,Thunderbolt,Psychic|Calm||M|||50|]Excadrill||Excadrite|SandRush|Protect,IronHead,DrillRun,RockSlide|Jolly||F|||50|]Politoed||Leftovers|Drizzle|Protect,IcyWind,MuddyWater,Haze|Calm||F|||50|]Meowscarada||LifeOrb|Protean|Protect,TripleAxel,FlowerTrick,BrickBreak|Jolly||F|||50|
|inactive|Battle timer is ON: inactive players will automatically lose when time's up. (requested by TQK020908)
|inactiveoff|Battle timer is now OFF.
|inactive|Battle timer is ON: inactive players will automatically lose when time's up. (requested by guillelona)
|inactive|TQK020908 has 30 seconds left.
|inactive|TQK020908 has 20 seconds left.
|
|t:|1784982406
|teamsize|p1|4
|teamsize|p2|4
|start
|switch|p1a: Vivillon|Vivillon-Tundra, L50, M|100/100
|switch|p1b: Raichu|Raichu, L50, F|100/100
|switch|p2a: Farigiraf|Farigiraf, L50, M|100/100
|switch|p2b: Meowscarada|Meowscarada, L50, F|100/100
|turn|1
|
|t:|1784982428
|detailschange|p1b: Raichu|Raichu-Mega-Y, L50, F
|-mega|p1b: Raichu|Raichu|Raichunite Y
|move|p2b: Meowscarada|Triple Axel|p1a: Vivillon
|-start|p2b: Meowscarada|typechange|Ice|[from] ability: Protean
|-supereffective|p1a: Vivillon|1
|-damage|p1a: Vivillon|50/100y
|-supereffective|p1a: Vivillon|1
|-damage|p1a: Vivillon|0 fnt
|faint|p1a: Vivillon
|-hitcount|p1: Vivillon|2
|-damage|p2b: Meowscarada|90/100|[from] item: Life Orb
|move|p1b: Raichu|Focus Blast|p2b: Meowscarada
|-supereffective|p2b: Meowscarada|1
|-damage|p2b: Meowscarada|0 fnt
|faint|p2b: Meowscarada
|move|p2a: Farigiraf|Psychic|p1b: Raichu
|-damage|p1b: Raichu|59/100
|-unboost|p1b: Raichu|spd|1
|
|upkeep
|
|t:|1784982444
|switch|p2b: Scovillain|Scovillain, L50, M|100/100
|switch|p1a: Farigiraf|Farigiraf, L50, M|100/100
|turn|2
|
|t:|1784982464
|move|p1b: Raichu|Focus Blast|p2b: Scovillain
|-damage|p2b: Scovillain|58/100
|move|p2b: Scovillain|Leech Seed|p1a: Farigiraf
|-start|p1a: Farigiraf|move: Leech Seed
|move|p2a: Farigiraf|Imprison|p2a: Farigiraf
|-start|p2a: Farigiraf|move: Imprison
|cant|p1a: Farigiraf|move: Imprison|Psychic
|
|-damage|p1a: Farigiraf|87/100|[from] Leech Seed|[of] p2b: Scovillain
|-heal|p2b: Scovillain|74/100|[silent]
|-ability|p2b: Scovillain|Moody|boost
|-boost|p2b: Scovillain|spa|2
|-unboost|p2b: Scovillain|spd|1
|upkeep
|turn|3
|inactive|TQK020908 has 30 seconds left.
|inactive|TQK020908 has 20 seconds left.
|
|t:|1784982502
|switch|p1a: Torkoal|Torkoal, L50, M|100/100
|-weather|SunnyDay|[from] ability: Drought|[of] p1a: Torkoal
|detailschange|p2b: Scovillain|Scovillain-Mega, L50, M
|-mega|p2b: Scovillain|Scovillain|Scovillainite
|move|p1b: Raichu|Protect|p1b: Raichu
|-singleturn|p1b: Raichu|Protect
|move|p2b: Scovillain|Leech Seed|p1b: Raichu
|-activate|p1b: Raichu|move: Protect
|move|p2a: Farigiraf|Psychic|p1b: Raichu
|-activate|p1b: Raichu|move: Protect
|
|-weather|SunnyDay|[upkeep]
|upkeep
|turn|4
|
|t:|1784982530
|switch|p2a: Politoed|Politoed, L50, F|100/100
|-weather|RainDance|[from] ability: Drizzle|[of] p2a: Politoed
|move|p1b: Raichu|Focus Blast|p2b: Scovillain
|-damage|p2b: Scovillain|18/100
|-status|p1b: Raichu|brn|[from] ability: Spicy Spray|[of] p2b: Scovillain
|move|p2b: Scovillain|Giga Drain|p1b: Raichu
|-damage|p1b: Raichu|0 fnt
|-heal|p2b: Scovillain|46/100|[from] drain|[of] p1b: Raichu
|faint|p1b: Raichu
|move|p1a: Torkoal|Weather Ball|p2a: Politoed
|-resisted|p2a: Politoed|1
|-damage|p2a: Politoed|84/100
|
|-weather|RainDance|[upkeep]
|-heal|p2a: Politoed|90/100|[from] item: Leftovers
|upkeep
|
|t:|1784982540
|switch|p1b: Farigiraf|Farigiraf, L50, M|87/100
|turn|5
|
|t:|1784982553
|move|p1a: Torkoal|Protect|p1a: Torkoal
|-singleturn|p1a: Torkoal|Protect
|move|p2b: Scovillain|Leech Seed|p1a: Torkoal
|-activate|p1a: Torkoal|move: Protect
|move|p2a: Politoed|Muddy Water|p1a: Torkoal|[spread] p1b
|-activate|p1a: Torkoal|move: Protect
|-damage|p1b: Farigiraf|54/100
|-unboost|p1b: Farigiraf|accuracy|1
|move|p1b: Farigiraf|Trick Room|p1b: Farigiraf
|-fieldstart|move: Trick Room|[of] p1b: Farigiraf
|
|-weather|RainDance|[upkeep]
|-heal|p2a: Politoed|96/100|[from] item: Leftovers
|upkeep
|turn|6
|
|t:|1784982571
|move|p2b: Scovillain|Rage Powder|p2b: Scovillain
|-singleturn|p2b: Scovillain|move: Rage Powder
|move|p1a: Torkoal|Weather Ball|p2b: Scovillain
|-damage|p2b: Scovillain|0 fnt
|-immune|p1a: Torkoal
|faint|p2b: Scovillain
|move|p1b: Farigiraf|Thunderbolt|p2a: Politoed|[miss]
|-miss|p1b: Farigiraf|p2a: Politoed
|move|p2a: Politoed|Muddy Water|p1a: Torkoal|[spread] p1b
|-miss|p2a: Politoed|p1a: Torkoal
|-damage|p1b: Farigiraf|21/100
|-unboost|p1b: Farigiraf|accuracy|1
|-enditem|p1b: Farigiraf|Sitrus Berry|[eat]
|-heal|p1b: Farigiraf|46/100|[from] item: Sitrus Berry
|
|-weather|RainDance|[upkeep]
|-heal|p2a: Politoed|100/100|[from] item: Leftovers
|upkeep
|
|t:|1784982584
|switch|p2b: Farigiraf|Farigiraf, L50, M|100/100
|turn|7
|
|t:|1784982588
|move|p2a: Politoed|Protect|p2a: Politoed
|-singleturn|p2a: Politoed|Protect
|move|p1a: Torkoal|Earth Power|p2a: Politoed
|-activate|p2a: Politoed|move: Protect
|move|p1b: Farigiraf|Thunderbolt|p2a: Politoed
|-activate|p2a: Politoed|move: Protect
|move|p2b: Farigiraf|Trick Room|p2b: Farigiraf
|-fieldend|move: Trick Room
|
|-weather|RainDance|[upkeep]
|upkeep
|turn|8
|
|t:|1784982599
|move|p1a: Torkoal|Protect|p1a: Torkoal
|-singleturn|p1a: Torkoal|Protect
|move|p2a: Politoed|Muddy Water|p1a: Torkoal|[spread] p1b
|-activate|p1a: Torkoal|move: Protect
|-damage|p1b: Farigiraf|15/100
|move|p2b: Farigiraf|Imprison|p2b: Farigiraf
|-start|p2b: Farigiraf|move: Imprison
|cant|p1b: Farigiraf|move: Imprison|Trick Room
|
|-weather|none
|upkeep
|turn|9
|
|t:|1784982614
|move|p1b: Farigiraf|Helping Hand|p1a: Torkoal
|-singleturn|p1a: Torkoal|Helping Hand|[of] p1b: Farigiraf
|move|p2a: Politoed|Muddy Water|p1b: Farigiraf|[spread] p1a,p1b
|-supereffective|p1a: Torkoal|1
|-damage|p1a: Torkoal|37/100
|-damage|p1b: Farigiraf|0 fnt
|faint|p1b: Farigiraf
|move|p2b: Farigiraf|Psychic|p1a: Torkoal
|-crit|p1a: Torkoal
|-damage|p1a: Torkoal|0 fnt
|faint|p1a: Torkoal
|
|win|TQK020908
|l|☆guillelona
|player|p1|
||guillelona is ready for game 2.
|inactive|TQK020908 has 30 seconds to confirm battle start!
|l|☆TQK020908
|player|p2|
|inactive|TQK020908 has 20 seconds to confirm battle start!
|inactive|TQK020908 has 10 seconds to confirm battle start!
|uhtml|next|Next: Game 2 of 3
|j|☆guillelona
|player|p1|guillelona|2|
