|j|☆Silverfang538
|j|☆Pzy3
|html|Silverfang538Pzy3    
|uhtml|bestof|Game 2 of a best-of-3
|t:|1783280923
|gametype|doubles
|player|p1|Silverfang538|265|1002
|player|p2|Pzy3|caitlin|1005
|gen|9
|tier|[Gen 9 Champions] VGC 2026 Reg M-B (Bo3)
|rated|
|rule|Species Clause: Limit one of each Pokémon
|rule|Item Clause: Limit 1 of each item
|clearpoke
|poke|p1|Charizard, L50, M|
|poke|p1|Venusaur, L50, F|
|poke|p1|Garchomp, L50, M|
|poke|p1|Sylveon, L50, F|
|poke|p1|Torkoal, L50, F|
|poke|p1|Grimmsnarl, L50, M|
|poke|p2|Tsareena, L50, F|
|poke|p2|Milotic, L50, F|
|poke|p2|Delphox, L50, F|
|poke|p2|Whimsicott, L50, F|
|poke|p2|Garchomp, L50, M|
|poke|p2|Clefable, L50, F|
|teampreview|4
|showteam|p1|Charizard||CharizarditeY|SolarPower|HeatWave,SolarBeam,WeatherBall,Protect|Modest||M|||50|]Venusaur||Venusaurite|Chlorophyll|GigaDrain,SludgeBomb,EarthPower,Protect|Modest||F|||50|]Garchomp||LifeOrb|RoughSkin|DragonClaw,RockSlide,Earthquake,Protect|Jolly||M|||50|]Sylveon||FairyFeather|Pixilate|HyperVoice,HyperBeam,QuickAttack,Detect|Modest||F|||50|]Torkoal||Charcoal|Drought|Eruption,HeatWave,WeatherBall,Protect|Quiet||F|||50|]Grimmsnarl||LightClay|Prankster|SpiritBreak,LightScreen,PartingShot,Reflect|Careful||M|||50|
|showteam|p2|Tsareena||OccaBerry|QueenlyMajesty|TropKick,TripleAxel,Protect,LowKick|Adamant||F|||50|]Milotic||Leftovers|Competitive|Coil,Hypnosis,MuddyWater,MirrorCoat|Calm||F|||50|]Delphox||Delphoxite|Blaze|CalmMind,HeatWave,Psychic,Protect|Timid||F|||50|]Whimsicott||FocusSash|Prankster|Encore,SunnyDay,Tailwind,Moonblast|Timid||F|||50|]Garchomp||YacheBerry|RoughSkin|DragonClaw,Earthquake,RockSlide,Protect|Jolly||M|||50|]Clefable||SitrusBerry|MagicGuard|Moonblast,LifeDew,FollowMe,IcyWind|Bold||F|||50|
|inactive|Battle timer is ON: inactive players will automatically lose when time's up. (requested by Silverfang538)
|
|t:|1783280966
|teamsize|p1|4
|teamsize|p2|4
|start
|switch|p1a: Grimmsnarl|Grimmsnarl, L50, M|100/100
|switch|p1b: Charizard|Charizard, L50, M|100/100
|switch|p2a: Delphox|Delphox, L50, F|100/100
|switch|p2b: Whimsicott|Whimsicott, L50, F|100/100
|turn|1
|
|t:|1783280988
|detailschange|p2a: Delphox|Delphox-Mega, L50, F
|-mega|p2a: Delphox|Delphox|Delphoxite
|detailschange|p1b: Charizard|Charizard-Mega-Y, L50, M
|-mega|p1b: Charizard|Charizard|Charizardite Y
|-weather|SunnyDay|[from] ability: Drought|[of] p1b: Charizard
|move|p2b: Whimsicott|Tailwind|p2b: Whimsicott
|-sidestart|p2: Pzy3|move: Tailwind
|move|p1a: Grimmsnarl|Light Screen|p1a: Grimmsnarl
|-sidestart|p1: Silverfang538|move: Light Screen
|move|p2a: Delphox|Psychic|p1b: Charizard
|-damage|p1b: Charizard|63/100
|move|p1b: Charizard|Heat Wave|p2a: Delphox|[spread] p2a,p2b
|-resisted|p2a: Delphox|1
|-supereffective|p2b: Whimsicott|1
|-damage|p2a: Delphox|68/100
|-enditem|p2b: Whimsicott|Focus Sash
|-damage|p2b: Whimsicott|1/100
|
|-weather|SunnyDay|[upkeep]
|upkeep
|turn|2
|
|t:|1783281011
|switch|p2b: Milotic|Milotic, L50, F|100/100
|move|p2a: Delphox|Protect|p2a: Delphox
|-singleturn|p2a: Delphox|Protect
|move|p1a: Grimmsnarl|Reflect|p1a: Grimmsnarl
|-sidestart|p1: Silverfang538|Reflect
|move|p1b: Charizard|Weather Ball|p2b: Milotic
|-resisted|p2b: Milotic|1
|-damage|p2b: Milotic|65/100
|
|-weather|SunnyDay|[upkeep]
|-heal|p2b: Milotic|71/100|[from] item: Leftovers
|upkeep
|turn|3
|inactive|Pzy3 has 30 seconds left.
|
|t:|1783281037
|move|p1a: Grimmsnarl|Parting Shot|p2a: Delphox
|-unboost|p2a: Delphox|atk|1
|-unboost|p2a: Delphox|spa|1
|
|t:|1783281042
|switch|p1a: Venusaur|Venusaur, L50, F|100/100|[from] Parting Shot
|move|p2a: Delphox|Calm Mind|p2a: Delphox
|-boost|p2a: Delphox|spa|1
|-boost|p2a: Delphox|spd|1
|move|p1b: Charizard|Solar Beam||[still]
|-prepare|p1b: Charizard|Solar Beam
|-anim|p1b: Charizard|Solar Beam|p2b: Milotic
|-supereffective|p2b: Milotic|1
|-damage|p2b: Milotic|0 fnt
|faint|p2b: Milotic
|
|-weather|SunnyDay|[upkeep]
|upkeep
|
|t:|1783281056
|switch|p2b: Tsareena|Tsareena, L50, F|100/100
|turn|4
|
|t:|1783281078
|move|p1a: Venusaur|Protect|p1a: Venusaur
|-singleturn|p1a: Venusaur|Protect
|move|p2b: Tsareena|Protect|p2b: Tsareena
|-singleturn|p2b: Tsareena|Protect
|move|p2a: Delphox|Psychic|p1b: Charizard
|-damage|p1b: Charizard|23/100
|move|p1b: Charizard|Heat Wave|p2b: Tsareena|[spread] p2a
|-activate|p2b: Tsareena|move: Protect
|-resisted|p2a: Delphox|1
|-damage|p2a: Delphox|43/100
|
|-weather|SunnyDay|[upkeep]
|-sideend|p2: Pzy3|move: Tailwind
|upkeep
|turn|5
|inactive|Pzy3 has 30 seconds left.
|
|t:|1783281108
|switch|p1b: Grimmsnarl|Grimmsnarl, L50, M|100/100
|move|p1a: Venusaur|Sludge Bomb|p2b: Tsareena
|-supereffective|p2b: Tsareena|1
|-damage|p2b: Tsareena|14/100
|-status|p2b: Tsareena|psn
|move|p2a: Delphox|Heat Wave|p1a: Venusaur|[spread] p1a,p1b
|-supereffective|p1a: Venusaur|1
|-damage|p1a: Venusaur|0 fnt
|-damage|p1b: Grimmsnarl|62/100
|faint|p1a: Venusaur
|move|p2b: Tsareena|Triple Axel|p1b: Grimmsnarl
|-damage|p1b: Grimmsnarl|58/100
|-damage|p1b: Grimmsnarl|49/100
|-damage|p1b: Grimmsnarl|34/100
|-hitcount|p1b: Grimmsnarl|3
|
|-weather|none
|-damage|p2b: Tsareena|1/100 psn|[from] psn
|upkeep
|
|t:|1783281118
|switch|p1a: Garchomp|Garchomp, L50, M|100/100
|turn|6
|inactive|Pzy3 has 30 seconds left.
|
|t:|1783281153
|move|p2a: Delphox|Heat Wave|p1b: Grimmsnarl|[spread] p1a,p1b
|-resisted|p1a: Garchomp|1
|-damage|p1a: Garchomp|84/100
|-damage|p1b: Grimmsnarl|12/100
|move|p1a: Garchomp|Rock Slide|p2a: Delphox|[spread] p2a,p2b
|-supereffective|p2a: Delphox|1
|-damage|p2a: Delphox|0 fnt
|-damage|p2b: Tsareena|0 fnt
|faint|p2a: Delphox
|faint|p2b: Tsareena
|-damage|p1a: Garchomp|74/100|[from] item: Life Orb
|move|p1b: Grimmsnarl|Spirit Break|p2: Delphox|[notarget]
|-fail|p1b: Grimmsnarl
|
|upkeep
|inactive|Pzy3 has 30 seconds left.
|
|t:|1783281186
|switch|p2b: Whimsicott|Whimsicott, L50, F|1/100
|turn|7
|
|t:|1783281192
|move|p2b: Whimsicott|Moonblast|p1b: Grimmsnarl
|-supereffective|p1b: Grimmsnarl|1
|-damage|p1b: Grimmsnarl|0 fnt
|faint|p1b: Grimmsnarl
|move|p1a: Garchomp|Rock Slide|p2b: Whimsicott
|-damage|p2b: Whimsicott|0 fnt
|faint|p2b: Whimsicott
|-damage|p1a: Garchomp|64/100|[from] item: Life Orb
|
|win|Silverfang538
|raw|Silverfang538's rating: 1002 → 1042(+40 for winning)
|raw|Pzy3's rating: 1005 → 1000(-5 for losing)
|l|☆Pzy3
|player|p2|
