|j|☆namboyVGC
|j|☆dapmagikarp
|html|namboyVGCdapmagikarp    
|uhtml|bestof|Game 1 of a best-of-3
|t:|1785274784
|gametype|doubles
|player|p1|namboyVGC|pokemonranger-gen4|1284
|player|p2|dapmagikarp|sada-ai|1309
|gen|9
|tier|[Gen 9 Champions] VGC 2026 Reg M-B (Bo3)
|rated|
|rule|Species Clause: Limit one of each Pokémon
|rule|Item Clause: Limit 1 of each item
|clearpoke
|poke|p1|Tyranitar, L50, F|
|poke|p1|Excadrill, L50, M|
|poke|p1|Milotic, L50, M|
|poke|p1|Sinistcha, L50|
|poke|p1|Staraptor, L50, F|
|poke|p1|Gholdengo, L50|
|poke|p2|Gengar, L50, M, shiny|
|poke|p2|Archaludon, L50, M|
|poke|p2|Politoed, L50, F|
|poke|p2|Swampert, L50, M, shiny|
|poke|p2|Vivillon, L50, F, shiny|
|poke|p2|Incineroar, L50, F|
|teampreview|4
|showteam|p1|Tyranitar||Tyranitarite|SandStream|KnockOff,RockSlide,LowKick,Protect|Jolly||F|||50|]Excadrill||FocusSash|SandRush|HighHorsepower,IronHead,RockTomb,Protect|Adamant||M|||50|]Milotic||SitrusBerry|Competitive|Scald,IceBeam,Recover,Protect|Calm||M|||50|]Sinistcha||ColburBerry|Hospitality|MatchaGotcha,ShadowBall,Protect,RagePowder|Bold|||||50|]Staraptor||Staraptite|Intimidate|CloseCombat,BraveBird,Tailwind,Protect|Jolly||F|||50|]Gholdengo||LifeOrb|GoodasGold|MakeItRain,ShadowBall,NastyPlot,Protect|Modest|||||50|
|showteam|p2|Gengar||Gengarite|CursedBody|ShadowBall,SludgeBomb,PerishSong,Protect|Modest||M|||50|]Archaludon||Leftovers|Stamina|ElectroShot,DragonPulse,FlashCannon,Protect|Bold||M|||50|]Politoed||SitrusBerry|Drizzle|WeatherBall,Hypnosis,PerishSong,Protect|Calm||F|||50|]Swampert||Swampertite|Torrent|WaveCrash,Earthquake,IcePunch,Protect|Adamant||M|||50|]Vivillon||FocusSash|CompoundEyes|Hurricane,SleepPowder,RagePowder,Protect|Timid||F|||50|]Incineroar||PasshoBerry|Intimidate|ThroatChop,FakeOut,PartingShot,Protect|Impish||F|||50|
|inactive|Battle timer is ON: inactive players will automatically lose when time's up. (requested by dapmagikarp)
|inactive|namboyVGC also wants the timer to be on.
|inactive|dapmagikarp has 60 seconds left.
|
|t:|1785274818
|teamsize|p1|4
|teamsize|p2|4
|start
|switch|p1a: Milotic|Milotic, L50, M|100/100
|switch|p1b: Gholdengo|Gholdengo, L50|100/100
|switch|p2a: Incineroar|Incineroar, L50, F|100/100
|switch|p2b: Gengar|Gengar, L50, M, shiny|100/100
|-ability|p2a: Incineroar|Intimidate|boost
|-unboost|p1a: Milotic|atk|1
|-ability|p1a: Milotic|Competitive|boost
|-boost|p1a: Milotic|spa|2
|-unboost|p1b: Gholdengo|atk|1
|turn|1
|
|t:|1785274834
|detailschange|p2b: Gengar|Gengar-Mega, L50, M, shiny
|-mega|p2b: Gengar|Gengar|Gengarite
|move|p2a: Incineroar|Fake Out|p1a: Milotic
|-damage|p1a: Milotic|90/100
|move|p2b: Gengar|Shadow Ball|p1b: Gholdengo
|-supereffective|p1b: Gholdengo|1
|-crit|p1b: Gholdengo
|-damage|p1b: Gholdengo|0 fnt
|faint|p1b: Gholdengo
|cant|p1a: Milotic|flinch
|
|upkeep
|
|t:|1785274846
|switch|p1b: Tyranitar|Tyranitar, L50, F|100/100
|-weather|Sandstorm|[from] ability: Sand Stream|[of] p1b: Tyranitar
|turn|2
|
|t:|1785274864
|switch|p2b: Politoed|Politoed, L50, F|100/100
|-weather|RainDance|[from] ability: Drizzle|[of] p2b: Politoed
|move|p1b: Tyranitar|Knock Off|p2b: Politoed
|-damage|p2b: Politoed|57/100
|-enditem|p2b: Politoed|Sitrus Berry|[from] move: Knock Off|[of] p1b: Tyranitar
|move|p1a: Milotic|Scald|p2b: Politoed
|-resisted|p2b: Politoed|1
|-damage|p2b: Politoed|21/100
|-status|p2b: Politoed|brn
|move|p2a: Incineroar|Parting Shot|p1b: Tyranitar
|-unboost|p1b: Tyranitar|atk|1
|-unboost|p1b: Tyranitar|spa|1
|
|t:|1785274879
|switch|p2a: Archaludon|Archaludon, L50, M|100/100|[from] Parting Shot
|
|-weather|RainDance|[upkeep]
|-damage|p2b: Politoed|15/100 brn|[from] brn
|upkeep
|turn|3
|
|t:|1785274893
|detailschange|p1b: Tyranitar|Tyranitar-Mega, L50, F
|-mega|p1b: Tyranitar|Tyranitar|Tyranitarite
|-weather|Sandstorm|[from] ability: Sand Stream|[of] p1b: Tyranitar
|move|p1b: Tyranitar|Knock Off|p2a: Archaludon
|-damage|p2a: Archaludon|74/100
|-ability|p2a: Archaludon|Stamina|boost
|-boost|p2a: Archaludon|def|1
|-enditem|p2a: Archaludon|Leftovers|[from] move: Knock Off|[of] p1b: Tyranitar
|move|p1a: Milotic|Ice Beam|p2a: Archaludon
|-damage|p2a: Archaludon|30/100
|-ability|p2a: Archaludon|Stamina|boost
|-boost|p2a: Archaludon|def|1
|move|p2a: Archaludon|Electro Shot||[still]
|-prepare|p2a: Archaludon|Electro Shot
|-boost|p2a: Archaludon|spa|1
|move|p2b: Politoed|Weather Ball|p1b: Tyranitar
|-damage|p1b: Tyranitar|87/100
|
|-weather|Sandstorm|[upkeep]
|-damage|p1a: Milotic|84/100|[from] Sandstorm
|-damage|p2b: Politoed|9/100 brn|[from] Sandstorm
|-damage|p2b: Politoed|3/100 brn|[from] brn
|upkeep
|turn|4
|inactive|namboyVGC has 30 seconds left.
|
|t:|1785274923
|switch|p1b: Staraptor|Staraptor, L50, F|100/100
|-ability|p1b: Staraptor|Intimidate|boost
|-unboost|p2a: Archaludon|atk|1
|-unboost|p2b: Politoed|atk|1
|switch|p2b: Incineroar|Incineroar, L50, F|100/100
|-ability|p2b: Incineroar|Intimidate|boost
|-unboost|p1a: Milotic|atk|1
|-ability|p1a: Milotic|Competitive|boost
|-boost|p1a: Milotic|spa|2
|-unboost|p1b: Staraptor|atk|1
|move|p1a: Milotic|Ice Beam|p2a: Archaludon
|-damage|p2a: Archaludon|0 fnt
|faint|p2a: Archaludon
|
|-weather|Sandstorm|[upkeep]
|-damage|p1b: Staraptor|94/100|[from] Sandstorm
|-damage|p1a: Milotic|78/100|[from] Sandstorm
|-damage|p2b: Incineroar|94/100|[from] Sandstorm
|upkeep
|
|t:|1785274938
|switch|p2a: Gengar|Gengar-Mega, L50, M, shiny|100/100
|turn|5
|
|t:|1785274953
|move|p2b: Incineroar|Fake Out|p1a: Milotic
|-damage|p1a: Milotic|70/100
|move|p1b: Staraptor|Tailwind|p1b: Staraptor
|-sidestart|p1: namboyVGC|move: Tailwind
|cant|p1a: Milotic|flinch
|move|p2a: Gengar|Perish Song|p2a: Gengar
|-start|p1a: Milotic|perish3|[silent]
|-start|p1b: Staraptor|perish3|[silent]
|-start|p2a: Gengar|perish3|[silent]
|-start|p2b: Incineroar|perish3|[silent]
|-fieldactivate|move: Perish Song
|
|-weather|Sandstorm|[upkeep]
|-damage|p1b: Staraptor|88/100|[from] Sandstorm
|-damage|p1a: Milotic|64/100|[from] Sandstorm
|-damage|p2a: Gengar|93/100|[from] Sandstorm
|-damage|p2b: Incineroar|88/100|[from] Sandstorm
|-start|p1b: Staraptor|perish3
|-start|p1a: Milotic|perish3
|-start|p2a: Gengar|perish3
|-start|p2b: Incineroar|perish3
|upkeep
|turn|6
|
|t:|1785274977
|move|p2a: Gengar|Protect|p2a: Gengar
|-singleturn|p2a: Gengar|Protect
|move|p2b: Incineroar|Protect|p2b: Incineroar
|-singleturn|p2b: Incineroar|Protect
|move|p1b: Staraptor|Brave Bird|p2a: Gengar
|-activate|p2a: Gengar|move: Protect
|move|p1a: Milotic|Scald|p2a: Gengar
|-activate|p2a: Gengar|move: Protect
|
|-weather|Sandstorm|[upkeep]
|-damage|p1b: Staraptor|82/100|[from] Sandstorm
|-damage|p1a: Milotic|58/100|[from] Sandstorm
|-damage|p2a: Gengar|87/100|[from] Sandstorm
|-damage|p2b: Incineroar|82/100|[from] Sandstorm
|-start|p1b: Staraptor|perish2
|-start|p1a: Milotic|perish2
|-start|p2a: Gengar|perish2
|-start|p2b: Incineroar|perish2
|upkeep
|turn|7
|inactive|namboyVGC has 30 seconds left.
|
|t:|1785275003
|switch|p2a: Politoed|Politoed, L50, F|3/100 brn
|-weather|RainDance|[from] ability: Drizzle|[of] p2a: Politoed
|move|p1b: Staraptor|Brave Bird|p2a: Politoed
|-damage|p2a: Politoed|0 fnt
|faint|p2a: Politoed
|-damage|p1b: Staraptor|81/100|[from] Recoil
|move|p1a: Milotic|Scald|p2b: Incineroar
|-supereffective|p2b: Incineroar|1
|-enditem|p2b: Incineroar|Passho Berry|[eat]
|-enditem|p2b: Incineroar|Passho Berry|[weaken]
|-damage|p2b: Incineroar|0 fnt
|faint|p2b: Incineroar
|
|-weather|RainDance|[upkeep]
|-start|p1b: Staraptor|perish1
|-start|p1a: Milotic|perish1
|upkeep
|
|t:|1785275006
|switch|p2b: Gengar|Gengar-Mega, L50, M, shiny|87/100
|turn|8
|
|t:|1785275031
|move|p2b: Gengar|Protect|p2b: Gengar
|-singleturn|p2b: Gengar|Protect
|move|p1b: Staraptor|Brave Bird|p2b: Gengar
|-activate|p2b: Gengar|move: Protect
|move|p1a: Milotic|Scald|p2b: Gengar
|-activate|p2b: Gengar|move: Protect
|
|-weather|RainDance|[upkeep]
|-start|p1b: Staraptor|perish0
|-start|p1a: Milotic|perish0
|-sideend|p1: namboyVGC|move: Tailwind
|faint|p1b: Staraptor
|faint|p1a: Milotic
|upkeep
|
|t:|1785275044
|switch|p1b: Tyranitar|Tyranitar-Mega, L50, F|87/100
|-weather|Sandstorm|[from] ability: Sand Stream|[of] p1b: Tyranitar
|turn|9
|
|t:|1785275052
|move|p2b: Gengar|Perish Song|p2b: Gengar
|-start|p1b: Tyranitar|perish3|[silent]
|-start|p2b: Gengar|perish3|[silent]
|-fieldactivate|move: Perish Song
|move|p1b: Tyranitar|Knock Off|p2b: Gengar
|-supereffective|p2b: Gengar|1
|-damage|p2b: Gengar|0 fnt
|faint|p2b: Gengar
|
|win|namboyVGC
