|j|☆Yash-hacker-tech
|j|☆FreezyPop439
|html|Yash-hacker-techFreezyPop439    
|uhtml|bestof|Game 2 of a best-of-3
|t:|1782220502
|gametype|doubles
|player|p1|Yash-hacker-tech|170|1078
|player|p2|FreezyPop439|collector|1178
|gen|9
|tier|[Gen 9 Champions] VGC 2026 Reg M-B (Bo3)
|rated|
|rule|Species Clause: Limit one of each Pokémon
|rule|Item Clause: Limit 1 of each item
|clearpoke
|poke|p1|Raichu, L50, M|
|poke|p1|Whimsicott, L50, F|
|poke|p1|Scizor, L50, F|
|poke|p1|Malamar, L50, M|
|poke|p1|Dragonite, L50, F|
|poke|p1|Basculegion, L50, M|
|poke|p2|Garchomp, L50, F|
|poke|p2|Staraptor, L50, F|
|poke|p2|Grimmsnarl, L50, M|
|poke|p2|Gholdengo, L50|
|poke|p2|Maushold-Four, L50|
|poke|p2|Volcarona, L50, M|
|teampreview|4
|showteam|p1|Raichu||RaichuniteY|LightningRod|ZapCannon,FocusBlast,FakeOut,DazzlingGleam|Timid||M|||50|]Whimsicott||FocusSash|Prankster|Moonblast,GigaDrain,Encore,Tailwind|Timid||F|||50|]Scizor||Scizorite|Technician|BulletPunch,DualWingbeat,Protect,SwordsDance|Serious||F|||50|]Malamar||Metronome|Contrary|Superpower,TrickRoom,TopsyTurvy,Protect|Serious||M|||50|]Dragonite||WhiteHerb|Multiscale|DracoMeteor,FireBlast,IceBeam,ExtremeSpeed|Quiet||F|||50|]Basculegion||KasibBerry|Adaptability|WaveCrash,AquaJet,LastRespects,Protect|Adamant||M|||50|
|showteam|p2|Garchomp||LifeOrb|RoughSkin|Earthquake,DragonClaw,RockSlide,Protect|Jolly||F|||50|]Staraptor||Staraptite|Intimidate|BraveBird,CloseCombat,Roost,Protect|Jolly||F|||50|]Grimmsnarl||LightClay|Prankster|SpiritBreak,LightScreen,Reflect,PartingShot|Careful||M|||50|]Gholdengo||MetalCoat|GoodasGold|MakeItRain,ShadowBall,NastyPlot,Protect|Modest|||||50|]Maushold-Four||FocusSash|FriendGuard|FollowMe,Charm,SuperFang,Protect|Jolly|||||50|]Volcarona||ChartiBerry|FlameBody|HeatWave,StruggleBug,RagePowder,Tailwind|Timid||M|||50|
|
|t:|1782220533
|teamsize|p1|4
|teamsize|p2|4
|start
|switch|p1a: Whimsicott|Whimsicott, L50, F|100/100
|switch|p1b: Scizor|Scizor, L50, F|100/100
|switch|p2a: Maushold|Maushold-Four, L50|100/100
|switch|p2b: Staraptor|Staraptor, L50, F|100/100
|-ability|p2b: Staraptor|Intimidate|boost
|-unboost|p1a: Whimsicott|atk|1
|-unboost|p1b: Scizor|atk|1
|turn|1
|inactive|Battle timer is ON: inactive players will automatically lose when time's up. (requested by Yash-hacker-tech)
|inactive|FreezyPop439 has 60 seconds left.
|
|t:|1782220582
|switch|p2a: Volcarona|Volcarona, L50, M|100/100
|detailschange|p2b: Staraptor|Staraptor-Mega, L50, F
|-mega|p2b: Staraptor|Staraptor|Staraptite
|detailschange|p1b: Scizor|Scizor-Mega, L50, F
|-mega|p1b: Scizor|Scizor|Scizorite
|move|p1a: Whimsicott|Tailwind|p1a: Whimsicott
|-sidestart|p1: Yash-hacker-tech|move: Tailwind
|move|p1b: Scizor|Swords Dance|p1b: Scizor
|-boost|p1b: Scizor|atk|2
|move|p2b: Staraptor|Close Combat|p1a: Whimsicott
|-resisted|p1a: Whimsicott|1
|-damage|p1a: Whimsicott|61/100
|-boost|p2b: Staraptor|def|1
|-boost|p2b: Staraptor|spd|1
|
|upkeep
|turn|2
|inactive|Yash-hacker-tech has 30 seconds left.
|inactive|FreezyPop439 has 30 seconds left.
|inactive|FreezyPop439 has 20 seconds left.
|inactive|FreezyPop439 has 15 seconds left.
|
|t:|1782220623
|move|p1a: Whimsicott|Moonblast|p2b: Staraptor
|-supereffective|p2b: Staraptor|1
|-damage|p2b: Staraptor|54/100
|move|p1b: Scizor|Dual Wingbeat|p2a: Volcarona
|-supereffective|p2a: Volcarona|1
|-damage|p2a: Volcarona|15/100
|-supereffective|p2a: Volcarona|1
|-damage|p2a: Volcarona|0 fnt
|faint|p2a: Volcarona
|-hitcount|p2: Volcarona|2
|move|p2b: Staraptor|Brave Bird|p1a: Whimsicott
|-supereffective|p1a: Whimsicott|1
|-damage|p1a: Whimsicott|0 fnt
|faint|p1a: Whimsicott
|-damage|p2b: Staraptor|39/100|[from] Recoil
|
|upkeep
|
|t:|1782220640
|switch|p1a: Dragonite|Dragonite, L50, F|100/100
|switch|p2a: Maushold|Maushold-Four, L50|100/100
|turn|3
|
|t:|1782220658
|move|p2a: Maushold|Protect|p2a: Maushold
|-singleturn|p2a: Maushold|Protect
|move|p2b: Staraptor|Protect|p2b: Staraptor
|-singleturn|p2b: Staraptor|Protect
|move|p1b: Scizor|Bullet Punch|p2b: Staraptor
|-activate|p2b: Staraptor|move: Protect
|move|p1a: Dragonite|Draco Meteor|p2a: Maushold
|-activate|p2a: Maushold|move: Protect
|
|upkeep
|turn|4
|
|t:|1782220668
|move|p1a: Dragonite|Extreme Speed|p2b: Staraptor
|-damage|p2b: Staraptor|29/100
|move|p2a: Maushold|Follow Me|p2a: Maushold
|-singleturn|p2a: Maushold|move: Follow Me
|move|p1b: Scizor|Bullet Punch|p2a: Maushold
|-damage|p2a: Maushold|28/100
|move|p2b: Staraptor|Roost|p2b: Staraptor
|-heal|p2b: Staraptor|79/100
|-singleturn|p2b: Staraptor|move: Roost
|
|-sideend|p1: Yash-hacker-tech|move: Tailwind
|upkeep
|turn|5
|inactive|FreezyPop439 has 30 seconds left.
|
|t:|1782220701
|move|p1a: Dragonite|Extreme Speed|p2a: Maushold
|-damage|p2a: Maushold|0 fnt
|faint|p2a: Maushold
|move|p2b: Staraptor|Close Combat|p1b: Scizor
|-damage|p1b: Scizor|49/100
|-boost|p2b: Staraptor|def|1
|-boost|p2b: Staraptor|spd|1
|move|p1b: Scizor|Dual Wingbeat|p2b: Staraptor
|-supereffective|p2b: Staraptor|1
|-damage|p2b: Staraptor|49/100
|-supereffective|p2b: Staraptor|1
|-damage|p2b: Staraptor|15/100
|-hitcount|p2b: Staraptor|2
|
|upkeep
|
|t:|1782220706
|switch|p2a: Garchomp|Garchomp, L50, F|100/100
|turn|6
|
|t:|1782220721
|move|p2b: Staraptor|Protect|p2b: Staraptor
|-singleturn|p2b: Staraptor|Protect
|move|p1b: Scizor|Bullet Punch|p2b: Staraptor
|-activate|p2b: Staraptor|move: Protect
|move|p2a: Garchomp|Rock Slide|p1b: Scizor|[spread] p1a,p1b
|-supereffective|p1a: Dragonite|1
|-damage|p1a: Dragonite|78/100
|-damage|p1b: Scizor|27/100
|-damage|p2a: Garchomp|90/100|[from] item: Life Orb
|cant|p1a: Dragonite|flinch
|
|upkeep
|turn|7
|
|t:|1782220743
|move|p1b: Scizor|Bullet Punch|p2b: Staraptor
|-damage|p2b: Staraptor|0 fnt
|faint|p2b: Staraptor
|move|p2a: Garchomp|Rock Slide|p1b: Scizor|[spread] p1a,p1b
|-supereffective|p1a: Dragonite|1
|-damage|p1a: Dragonite|28/100
|-damage|p1b: Scizor|5/100
|-damage|p2a: Garchomp|80/100|[from] item: Life Orb
|move|p1a: Dragonite|Ice Beam|p2a: Garchomp
|-supereffective|p2a: Garchomp|2
|-damage|p2a: Garchomp|0 fnt
|faint|p2a: Garchomp
|
|win|Yash-hacker-tech
|raw|Yash-hacker-tech's rating: 1078 → 1114(+36 for winning)
|raw|FreezyPop439's rating: 1178 → 1146(-32 for losing)
