|j|☆ground tera
|j|☆raicune28
|html|ground teraraicune28    
|uhtml|bestof|Game 1 of a best-of-3
|t:|1784394470
|gametype|doubles
|player|p1|ground tera|102|
|player|p2|raicune28|170|
|gen|9
|tier|[Gen 9 Champions] VGC 2026 Reg M-B (Bo3)
|rule|Species Clause: Limit one of each Pokémon
|rule|Item Clause: Limit 1 of each item
|clearpoke
|poke|p1|Sneasler, L50, M|
|poke|p1|Kingambit, L50, F|
|poke|p1|Incineroar, L50, F|
|poke|p1|Blastoise, L50, M|
|poke|p1|Sinistcha, L50|
|poke|p1|Delphox, L50, M, shiny|
|poke|p2|Sinistcha-Masterpiece, L50|
|poke|p2|Delphox, L50, F, shiny|
|poke|p2|Incineroar, L50, M|
|poke|p2|Floette-Eternal, L50, F|
|poke|p2|Sneasler, L50, F, shiny|
|poke|p2|Kingambit, L50, F|
|teampreview|4
|showteam|p1|Sneasler||FocusSash|PoisonTouch|QuickGuard,FakeOut,CloseCombat,DireClaw|Jolly||M|||50|]Kingambit||BlackGlasses|Defiant|Protect,SwordsDance,SuckerPunch,KowtowCleave|Adamant||F|||50|]Incineroar||SitrusBerry|Intimidate|FakeOut,PartingShot,FlareBlitz,ThroatChop|Impish||F|||50|]Blastoise||Blastoisinite|Torrent|Protect,ShellSmash,WaterSpout,DarkPulse|Modest||M|||50|]Sinistcha||OccaBerry|Hospitality|Protect,MatchaGotcha,TrickRoom,RagePowder|Bold|||||50|]Delphox||Delphoxite|Blaze|Protect,HeatWave,Psyshock,NastyPlot|Timid||M|||50|
|showteam|p2|Sinistcha-Masterpiece||KasibBerry|Hospitality|MatchaGotcha,Protect,RagePowder,TrickRoom|Bold|||||50|]Delphox||Delphoxite|Blaze|HeatWave,Psyshock,NastyPlot,Protect|Timid||F|||50|]Incineroar||SitrusBerry|Intimidate|FakeOut,PartingShot,ThroatChop,FlareBlitz|Careful||M|||50|]Floette-Eternal||Floettite|FlowerVeil|Protect,CalmMind,Moonblast,DazzlingGleam|Modest||F|||50|]Sneasler||FocusSash|PoisonTouch|FakeOut,QuickGuard,DireClaw,CloseCombat|Jolly||F|||50|]Kingambit||BlackGlasses|Defiant|KowtowCleave,Protect,SuckerPunch,SwordsDance|Adamant||F|||50|
|inactive|Battle timer is ON: inactive players will automatically lose when time's up. (requested by ground tera)
|
|t:|1784394478
|teamsize|p1|4
|teamsize|p2|4
|start
|switch|p1a: Sneasler|Sneasler, L50, M|100/100
|switch|p1b: Delphox|Delphox, L50, M, shiny|100/100
|switch|p2a: Delphox|Delphox, L50, F, shiny|100/100
|switch|p2b: Sneasler|Sneasler, L50, F, shiny|100/100
|turn|1
|
|t:|1784394488
|detailschange|p1b: Delphox|Delphox-Mega, L50, M, shiny
|-mega|p1b: Delphox|Delphox|Delphoxite
|detailschange|p2a: Delphox|Delphox-Mega, L50, F, shiny
|-mega|p2a: Delphox|Delphox|Delphoxite
|move|p2b: Sneasler|Fake Out|p1a: Sneasler
|-damage|p1a: Sneasler|78/100
|cant|p1a: Sneasler|flinch
|move|p1b: Delphox|Heat Wave|p2b: Sneasler|[spread] p2a
|-miss|p1b: Delphox|p2b: Sneasler
|-resisted|p2a: Delphox|1
|-damage|p2a: Delphox|82/100
|move|p2a: Delphox|Psyshock|p1a: Sneasler
|-supereffective|p1a: Sneasler|2
|-damage|p1a: Sneasler|0 fnt
|faint|p1a: Sneasler
|
|upkeep
|
|t:|1784394501
|switch|p1a: Incineroar|Incineroar, L50, F|100/100
|-ability|p1a: Incineroar|Intimidate|boost
|-unboost|p2a: Delphox|atk|1
|-unboost|p2b: Sneasler|atk|1
|turn|2
|inactive|raicune28 has 30 seconds left.
|
|t:|1784394528
|switch|p2b: Incineroar|Incineroar, L50, M|100/100
|-ability|p2b: Incineroar|Intimidate|boost
|-unboost|p1a: Incineroar|atk|1
|-unboost|p1b: Delphox|atk|1
|move|p2a: Delphox|Protect|p2a: Delphox
|-singleturn|p2a: Delphox|Protect
|move|p1b: Delphox|Psyshock|p2b: Incineroar
|-immune|p2b: Incineroar
|move|p1a: Incineroar|Throat Chop|p2a: Delphox
|-activate|p2a: Delphox|move: Protect
|
|upkeep
|turn|3
|
|t:|1784394549
|move|p2b: Incineroar|Fake Out|p1a: Incineroar
|-damage|p1a: Incineroar|90/100
|move|p1b: Delphox|Nasty Plot|p1b: Delphox
|-boost|p1b: Delphox|spa|2
|move|p2a: Delphox|Heat Wave|p1a: Incineroar|[spread] p1a,p1b
|-resisted|p1a: Incineroar|1
|-resisted|p1b: Delphox|1
|-damage|p1a: Incineroar|69/100
|-damage|p1b: Delphox|83/100
|cant|p1a: Incineroar|flinch
|
|upkeep
|turn|4
|
|t:|1784394566
|move|p2a: Delphox|Protect|p2a: Delphox
|-singleturn|p2a: Delphox|Protect
|move|p1b: Delphox|Psyshock|p2a: Delphox
|-activate|p2a: Delphox|move: Protect
|move|p1a: Incineroar|Parting Shot|p2b: Incineroar
|-unboost|p2b: Incineroar|atk|1
|-unboost|p2b: Incineroar|spa|1
|
|t:|1784394572
|switch|p1a: Sinistcha|Sinistcha, L50|100/100|[from] Parting Shot
|-heal|p1b: Delphox|100/100|[from] ability: Hospitality|[of] p1a: Sinistcha
|move|p2b: Incineroar|Throat Chop|p1b: Delphox
|-supereffective|p1b: Delphox|1
|-damage|p1b: Delphox|39/100
|-start|p1b: Delphox|Throat Chop|[silent]
|
|upkeep
|turn|5
|
|t:|1784394587
|move|p1a: Sinistcha|Rage Powder|p1a: Sinistcha
|-singleturn|p1a: Sinistcha|move: Rage Powder
|move|p1b: Delphox|Psyshock|p2a: Delphox
|-resisted|p2a: Delphox|1
|-damage|p2a: Delphox|24/100
|move|p2a: Delphox|Heat Wave|p1b: Delphox|[spread] p1a,p1b
|-supereffective|p1a: Sinistcha|1
|-enditem|p1a: Sinistcha|Occa Berry|[eat]
|-enditem|p1a: Sinistcha|Occa Berry|[weaken]
|-resisted|p1b: Delphox|1
|-damage|p1a: Sinistcha|62/100
|-damage|p1b: Delphox|20/100y
|move|p2b: Incineroar|Throat Chop|p1a: Sinistcha
|-supereffective|p1a: Sinistcha|1
|-damage|p1a: Sinistcha|28/100
|-start|p1a: Sinistcha|Throat Chop|[silent]
|
|-end|p1b: Delphox|Throat Chop|[silent]
|upkeep
|turn|6
|
|t:|1784394606
|switch|p1a: Incineroar|Incineroar, L50, F|69/100
|-ability|p1a: Incineroar|Intimidate|boost
|-unboost|p2a: Delphox|atk|1
|-unboost|p2b: Incineroar|atk|1
|move|p1b: Delphox|Protect|p1b: Delphox
|-singleturn|p1b: Delphox|Protect
|move|p2a: Delphox|Heat Wave|p1b: Delphox|[spread] p1a
|-activate|p1b: Delphox|move: Protect
|-resisted|p1a: Incineroar|1
|-damage|p1a: Incineroar|50/100y
|-enditem|p1a: Incineroar|Sitrus Berry|[eat]
|-heal|p1a: Incineroar|74/100|[from] item: Sitrus Berry
|move|p2b: Incineroar|Throat Chop|p1a: Incineroar
|-resisted|p1a: Incineroar|1
|-damage|p1a: Incineroar|68/100
|-start|p1a: Incineroar|Throat Chop|[silent]
|
|upkeep
|turn|7
|
|t:|1784394626
|move|p2a: Delphox|Protect|p2a: Delphox
|-singleturn|p2a: Delphox|Protect
|move|p1a: Incineroar|Fake Out|p2b: Incineroar
|-damage|p2b: Incineroar|90/100
|move|p1b: Delphox|Heat Wave|p2a: Delphox|[spread] p2b
|-activate|p2a: Delphox|move: Protect
|-resisted|p2b: Incineroar|1
|-damage|p2b: Incineroar|58/100
|cant|p2b: Incineroar|flinch
|
|-end|p1a: Incineroar|Throat Chop|[silent]
|upkeep
|turn|8
|
|t:|1784394651
|move|p1b: Delphox|Heat Wave|p2b: Incineroar|[spread] p2a
|-miss|p1b: Delphox|p2b: Incineroar
|-resisted|p2a: Delphox|1
|-damage|p2a: Delphox|0 fnt
|faint|p2a: Delphox
|move|p1a: Incineroar|Parting Shot|p2b: Incineroar
|-unboost|p2b: Incineroar|atk|1
|-unboost|p2b: Incineroar|spa|1
|
|t:|1784394656
|switch|p1a: Sinistcha|Sinistcha, L50|28/100|[from] Parting Shot
|-heal|p1b: Delphox|45/100|[from] ability: Hospitality|[of] p1a: Sinistcha
|move|p2b: Incineroar|Parting Shot|p1a: Sinistcha
|-unboost|p1a: Sinistcha|atk|1
|-unboost|p1a: Sinistcha|spa|1
|
|t:|1784394672
|switch|p2b: Sneasler|Sneasler, L50, F, shiny|100/100|[from] Parting Shot
|
|upkeep
|
|t:|1784394676
|switch|p2a: Incineroar|Incineroar, L50, M|58/100
|-ability|p2a: Incineroar|Intimidate|boost
|-unboost|p1a: Sinistcha|atk|1
|-unboost|p1b: Delphox|atk|1
|turn|9
|
|t:|1784394689
|switch|p1a: Incineroar|Incineroar, L50, F|68/100
|-ability|p1a: Incineroar|Intimidate|boost
|-unboost|p2a: Incineroar|atk|1
|-unboost|p2b: Sneasler|atk|1
|move|p1b: Delphox|Protect|p1b: Delphox
|-singleturn|p1b: Delphox|Protect
|move|p2b: Sneasler|Close Combat|p1a: Incineroar
|-supereffective|p1a: Incineroar|1
|-damage|p1a: Incineroar|6/100
|-unboost|p2b: Sneasler|def|1
|-unboost|p2b: Sneasler|spd|1
|move|p2a: Incineroar|Flare Blitz|p1a: Incineroar
|-resisted|p1a: Incineroar|1
|-damage|p1a: Incineroar|0 fnt
|faint|p1a: Incineroar
|-damage|p2a: Incineroar|56/100|[from] Recoil
|
|upkeep
|
|t:|1784394701
|switch|p1a: Sinistcha|Sinistcha, L50|28/100
|-heal|p1b: Delphox|69/100|[from] ability: Hospitality|[of] p1a: Sinistcha
|turn|10
|
|t:|1784394714
|move|p1a: Sinistcha|Protect|p1a: Sinistcha
|-singleturn|p1a: Sinistcha|Protect
|move|p1b: Delphox|Heat Wave|p2a: Incineroar|[spread] p2a
|-miss|p1b: Delphox|p2b: Sneasler
|-resisted|p2a: Incineroar|1
|-crit|p2a: Incineroar
|-damage|p2a: Incineroar|11/100
|-enditem|p2a: Incineroar|Sitrus Berry|[eat]
|-heal|p2a: Incineroar|36/100|[from] item: Sitrus Berry
|move|p2b: Sneasler|Dire Claw|p1b: Delphox
|-damage|p1b: Delphox|28/100
|-status|p1b: Delphox|slp
|move|p2a: Incineroar|Throat Chop|p1b: Delphox
|-supereffective|p1b: Delphox|1
|-damage|p1b: Delphox|0 fnt
|faint|p1b: Delphox
|
|upkeep
|turn|11
|-message|ground tera forfeited.
|
|win|raicune28
||ground tera is ready for game 2.
||raicune28 is ready for game 2.
|uhtml|next|Next: Game 2 of 3
