|j|☆b(r)2
|j|☆robby w
|html|b(r)2robby w    
|uhtml|bestof|Game 1 of a best-of-3
|t:|1756864649
|gametype|doubles
|player|p1|b(r)2|102|1163
|player|p2|robby w|pokefan-gen4|1101
|gen|9
|tier|[Gen 9] VGC 2025 Reg H (Bo3)
|rated|
|rule|Species Clause: Limit one of each Pokémon
|rule|Item Clause: Limit 1 of each item
|clearpoke
|poke|p1|Pelipper, L50, F|
|poke|p1|Basculegion, L50, M|
|poke|p1|Gholdengo, L50|
|poke|p1|Amoonguss, L50, F|
|poke|p1|Archaludon, L50, M|
|poke|p1|Incineroar, L50, F|
|poke|p2|Dondozo, L50, F|
|poke|p2|Tatsugiri, L50, F|
|poke|p2|Sneasler, L50, F|
|poke|p2|Whimsicott, L50, M|
|poke|p2|Indeedee, L50, M|
|poke|p2|Hydreigon, L50, M|
|teampreview|4
|showteam|p1|Pelipper||FocusSash|Drizzle|WeatherBall,Hurricane,Tailwind,Protect|||F|||50|,,,,,Dark]Basculegion||ChoiceBand|SwiftSwim|LastRespects,WaveCrash,AquaJet,FlipTurn|||M|||50|,,,,,Water]Gholdengo||ChoiceSpecs|GoodasGold|MakeItRain,ShadowBall,FocusBlast,Trick||||||50|,,,,,Steel]Amoonguss||SitrusBerry|Regenerator|RagePowder,Spore,PollenPuff,ClearSmog|||F|||50|,,,,,Water]Archaludon||AssaultVest|Stamina|DracoMeteor,ElectroShot,FlashCannon,BodyPress|||M|||50|,,,,,Grass]Incineroar||SafetyGoggles|Intimidate|PartingShot,FlareBlitz,KnockOff,FakeOut|||F|||50|,,,,,Ghost
|showteam|p2|Dondozo||Leftovers|Unaware|Protect,WaveCrash,Earthquake,OrderUp|||F|||50|,,,,,Grass]Tatsugiri||ChoiceScarf|Commander|DragonPulse,IcyWind,DracoMeteor,MuddyWater|||F|||50|,,,,,Stellar]Sneasler||PsychicSeed|Unburden|DireClaw,CloseCombat,Protect,ThroatChop|||F|||50|,,,,,Dark]Whimsicott||CovertCloak|Prankster|Tailwind,Moonblast,Taunt,HelpingHand|||M|||50|,,,,,Dark]Indeedee||FocusSash|PsychicSurge|ExpandingForce,TrickRoom,DazzlingGleam,Protect|||M|||50|,,,,,Fairy]Hydreigon||LifeOrb|Levitate|DracoMeteor,Snarl,HeatWave,Protect|||M|||50|,,,,,Steel
|
|t:|1756864678
|teamsize|p1|4
|teamsize|p2|4
|start
|switch|p1a: Gholdengo|Gholdengo, L50|100/100
|switch|p1b: Incineroar|Incineroar, L50, F|100/100
|switch|p2a: Whimsicott|Whimsicott, L50, M|100/100
|switch|p2b: Indeedee|Indeedee, L50, M|100/100
|-fieldstart|move: Psychic Terrain|[from] ability: Psychic Surge|[of] p2b: Indeedee
|-ability|p1b: Incineroar|Intimidate|boost
|-unboost|p2a: Whimsicott|atk|1
|-unboost|p2b: Indeedee|atk|1
|turn|1
|inactive|Battle timer is ON: inactive players will automatically lose when time's up. (requested by robby w)
|
|t:|1756864707
|move|p2b: Indeedee|Protect|p2b: Indeedee
|-singleturn|p2b: Indeedee|Protect
|move|p2a: Whimsicott|Tailwind|p2a: Whimsicott
|-sidestart|p2: robby w|move: Tailwind
|move|p1a: Gholdengo|Make It Rain|p2a: Whimsicott|[spread] p2a
|-activate|p2b: Indeedee|move: Protect
|-supereffective|p2a: Whimsicott
|-damage|p2a: Whimsicott|0 fnt
|-unboost|p1a: Gholdengo|spa|1
|faint|p2a: Whimsicott
|move|p1b: Incineroar|Flare Blitz|p2b: Indeedee
|-activate|p2b: Indeedee|move: Protect
|
|upkeep
|
|t:|1756864723
|switch|p2a: Hydreigon|Hydreigon, L50, M|100/100
|turn|2
|
|t:|1756864740
|switch|p1a: Pelipper|Pelipper, L50, F|100/100
|-weather|RainDance|[from] ability: Drizzle|[of] p1a: Pelipper
|move|p2b: Indeedee|Dazzling Gleam|p1b: Incineroar|[spread] p1a,p1b
|-damage|p1a: Pelipper|67/100
|-damage|p1b: Incineroar|84/100
|move|p2a: Hydreigon|Snarl|p1b: Incineroar|[spread] p1a,p1b
|-resisted|p1b: Incineroar
|-damage|p1a: Pelipper|12/100
|-damage|p1b: Incineroar|71/100
|-unboost|p1a: Pelipper|spa|1
|-unboost|p1b: Incineroar|spa|1
|-damage|p2a: Hydreigon|91/100|[from] item: Life Orb
|move|p1b: Incineroar|Knock Off|p2b: Indeedee
|-supereffective|p2b: Indeedee
|-enditem|p2b: Indeedee|Focus Sash
|-damage|p2b: Indeedee|1/100
|
|-weather|RainDance|[upkeep]
|upkeep
|turn|3
|
|t:|1756864765
|move|p2b: Indeedee|Protect|p2b: Indeedee
|-singleturn|p2b: Indeedee|Protect
|move|p2a: Hydreigon|Snarl|p1a: Pelipper|[spread] p1a,p1b
|-resisted|p1b: Incineroar
|-damage|p1a: Pelipper|0 fnt
|-damage|p1b: Incineroar|57/100
|-unboost|p1b: Incineroar|spa|1
|faint|p1a: Pelipper
|-damage|p2a: Hydreigon|81/100|[from] item: Life Orb
|move|p1b: Incineroar|Knock Off|p2b: Indeedee
|-activate|p2b: Indeedee|move: Protect
|
|-weather|RainDance|[upkeep]
|upkeep
|
|t:|1756864777
|switch|p1a: Gholdengo|Gholdengo, L50|100/100
|turn|4
|
|t:|1756864791
|switch|p2b: Sneasler|Sneasler, L50, F|100/100
|-enditem|p2b: Sneasler|Psychic Seed
|-boost|p2b: Sneasler|spd|1|[from] item: Psychic Seed
|switch|p1b: Basculegion|Basculegion, L50, M|100/100
|-terastallize|p2a: Hydreigon|Steel
|-terastallize|p1a: Gholdengo|Steel
|move|p2a: Hydreigon|Snarl|p1a: Gholdengo|[spread] p1a,p1b
|-supereffective|p1b: Basculegion
|-damage|p1a: Gholdengo|67/100
|-damage|p1b: Basculegion|36/100
|-unboost|p1a: Gholdengo|spa|1
|-unboost|p1b: Basculegion|spa|1
|-damage|p2a: Hydreigon|72/100|[from] item: Life Orb
|move|p1a: Gholdengo|Make It Rain|p2a: Hydreigon|[spread] p2a,p2b
|-resisted|p2a: Hydreigon
|-damage|p2a: Hydreigon|34/100
|-damage|p2b: Sneasler|41/100
|-unboost|p1a: Gholdengo|spa|1
|
|-weather|RainDance|[upkeep]
|-sideend|p2: robby w|move: Tailwind
|upkeep
|turn|5
|inactive|b(r)2 has 30 seconds left.
|inactive|robby w has 30 seconds left.
|inactive|robby w has 20 seconds left.
|inactive|robby w has 15 seconds left.
|inactive|robby w has 10 seconds left.
|
|t:|1756864838
|move|p2b: Sneasler|Throat Chop|p1b: Basculegion
|-supereffective|p1b: Basculegion
|-damage|p1b: Basculegion|0 fnt
|faint|p1b: Basculegion
|move|p2a: Hydreigon|Snarl|p1a: Gholdengo
|-damage|p1a: Gholdengo|28/100
|-unboost|p1a: Gholdengo|spa|1
|-damage|p2a: Hydreigon|25/100|[from] item: Life Orb
|move|p1a: Gholdengo|Make It Rain|p2a: Hydreigon|[spread] p2a,p2b
|-resisted|p2a: Hydreigon
|-damage|p2a: Hydreigon|2/100
|-damage|p2b: Sneasler|6/100
|-unboost|p1a: Gholdengo|spa|1
|
|-weather|RainDance|[upkeep]
|-fieldend|move: Psychic Terrain
|upkeep
|
|t:|1756864849
|switch|p1b: Incineroar|Incineroar, L50, F|57/100
|-ability|p1b: Incineroar|Intimidate|boost
|-unboost|p2a: Hydreigon|atk|1
|-unboost|p2b: Sneasler|atk|1
|turn|6
|
|t:|1756864866
|switch|p2a: Indeedee|Indeedee, L50, M|1/100
|-fieldstart|move: Psychic Terrain|[from] ability: Psychic Surge|[of] p2a: Indeedee
|move|p1b: Incineroar|Fake Out|p2a: Indeedee
|-activate|p2a: Indeedee|move: Psychic Terrain
|move|p2b: Sneasler|Close Combat|p1b: Incineroar
|-supereffective|p1b: Incineroar
|-damage|p1b: Incineroar|0 fnt
|-unboost|p2b: Sneasler|def|1
|-unboost|p2b: Sneasler|spd|1
|faint|p1b: Incineroar
|move|p1a: Gholdengo|Make It Rain|p2a: Indeedee|[spread] p2a,p2b
|-damage|p2a: Indeedee|0 fnt
|-damage|p2b: Sneasler|0 fnt
|-unboost|p1a: Gholdengo|spa|1
|faint|p2a: Indeedee
|faint|p2b: Sneasler
|
|-weather|none
|upkeep
|
|t:|1756864884
|switch|p2b: Hydreigon|Hydreigon, L50, M, tera:Steel|2/100
|turn|7
|
|t:|1756864895
|move|p2b: Hydreigon|Snarl|p1a: Gholdengo
|-crit|p1a: Gholdengo
|-damage|p1a: Gholdengo|0 fnt
|faint|p1a: Gholdengo
|-damage|p2b: Hydreigon|0 fnt|[from] item: Life Orb
|faint|p2b: Hydreigon
|
|win|robby w
||b(r)2 is ready for game 2.
||robby w is ready for game 2.
|uhtml|next|Next: Game 2 of 3
|l|☆b(r)2
|player|p1|
