|j|☆el_frolo
|j|☆BigE3L
|html|el_froloBigE3L    
|uhtml|bestof|Game 2 of a best-of-3
|t:|1757708414
|gametype|doubles
|player|p1|el_frolo|102|1134
|player|p2|BigE3L|gambler|1189
|gen|9
|tier|[Gen 9] VGC 2025 Reg H (Bo3)
|rated|
|rule|Species Clause: Limit one of each Pokémon
|rule|Item Clause: Limit 1 of each item
|clearpoke
|poke|p1|Gholdengo, L50|
|poke|p1|Incineroar, L50, M|
|poke|p1|Amoonguss, L50, M|
|poke|p1|Porygon2, L50|
|poke|p1|Ursaluna, L50, F|
|poke|p1|Dragonite, L50, M|
|poke|p2|Torkoal, L50, F|
|poke|p2|Porygon2, L50|
|poke|p2|Ursaluna, L50, M|
|poke|p2|Rillaboom, L50, F|
|poke|p2|Lilligant-Hisui, L50, F|
|poke|p2|Ninetales, L50, F|
|teampreview|4
|showteam|p1|Gholdengo||LifeOrb|GoodasGold|MakeItRain,ShadowBall,NastyPlot,Protect||||||50|,,,,,Water]Incineroar||SafetyGoggles|Intimidate|KnockOff,FlareBlitz,FakeOut,PartingShot|||M|||50|,,,,,Ghost]Amoonguss||CovertCloak|Regenerator|RagePowder,PollenPuff,Protect,Spore|||M|||50|,,,,,Dark]Porygon2||Eviolite|Download|TeraBlast,IceBeam,TrickRoom,Recover||||||50|,,,,,Fighting]Ursaluna||FlameOrb|Guts|Facade,Earthquake,HeadlongRush,Protect|||F|||50|,,,,,Ghost]Dragonite||LoadedDice|Multiscale|ScaleShot,Tailwind,Protect,Haze|||M|||50|,,,,,Fairy
|showteam|p2|Torkoal||Charcoal|Drought|Eruption,EarthPower,HeatWave,Protect|||F|||50|,,,,,Ghost]Porygon2||Eviolite|Download|TrickRoom,Recover,TeraBlast,IceBeam||||||50|,,,,,Grass]Ursaluna||FlameOrb|Guts|Facade,HeadlongRush,Earthquake,Protect|||M|||50|,,,,,Ghost]Rillaboom||AssaultVest|GrassySurge|FakeOut,GrassyGlide,WoodHammer,HighHorsepower|||F|||50|,,,,,Fire]Lilligant-Hisui||CovertCloak|Chlorophyll|Protect,SleepPowder,AfterYou,LeafBlade|||F|||50|,,,,,Water]Ninetales||FocusSash|Drought|ScorchingSands,WeatherBall,Protect,SolarBeam|||F|||50|,,,,,Grass
|inactive|Battle timer is ON: inactive players will automatically lose when time's up. (requested by BigE3L)
|
|t:|1757708435
|teamsize|p1|4
|teamsize|p2|4
|start
|switch|p1a: Incineroar|Incineroar, L50, M|100/100
|switch|p1b: Porygon2|Porygon2, L50|100/100
|switch|p2a: Lilligant|Lilligant-Hisui, L50, F|100/100
|switch|p2b: Torkoal|Torkoal, L50, F|100/100
|-ability|p1a: Incineroar|Intimidate|boost
|-unboost|p2a: Lilligant|atk|1
|-unboost|p2b: Torkoal|atk|1
|-ability|p1b: Porygon2|Download|boost
|-boost|p1b: Porygon2|spa|1
|-weather|SunnyDay|[from] ability: Drought|[of] p2b: Torkoal
|turn|1
|j| We_Are_Toasted
|
|t:|1757708455
|move|p2a: Lilligant|Sleep Powder|p1b: Porygon2
|-status|p1b: Porygon2|slp|[from] move: Sleep Powder
|move|p1a: Incineroar|Flare Blitz|p2a: Lilligant
|-supereffective|p2a: Lilligant
|-damage|p2a: Lilligant|0 fnt
|faint|p2a: Lilligant
|-damage|p1a: Incineroar|76/100|[from] Recoil
|cant|p1b: Porygon2|slp
|move|p2b: Torkoal|Eruption|p1a: Incineroar|[spread] p1a,p1b
|-resisted|p1a: Incineroar
|-damage|p1a: Incineroar|34/100
|-damage|p1b: Porygon2|42/100 slp
|
|-weather|SunnyDay|[upkeep]
|upkeep
|l| We_Are_Toasted
|
|t:|1757708469
|switch|p2a: Ninetales|Ninetales, L50, F|100/100
|turn|2
|
|t:|1757708484
|move|p2a: Ninetales|Scorching Sands|p1a: Incineroar
|-supereffective|p1a: Incineroar
|-damage|p1a: Incineroar|3/100
|move|p1a: Incineroar|Knock Off|p2b: Torkoal
|-damage|p2b: Torkoal|73/100
|-enditem|p2b: Torkoal|Charcoal|[from] move: Knock Off|[of] p1a: Incineroar
|cant|p1b: Porygon2|slp
|move|p2b: Torkoal|Eruption|p1b: Porygon2|[spread] p1a,p1b
|-resisted|p1a: Incineroar
|-damage|p1a: Incineroar|0 fnt
|-damage|p1b: Porygon2|9/100 slp
|faint|p1a: Incineroar
|
|-weather|SunnyDay|[upkeep]
|upkeep
|
|t:|1757708492
|switch|p1a: Gholdengo|Gholdengo, L50|100/100
|turn|3
|inactive|BigE3L has 30 seconds left.
|
|t:|1757708525
|switch|p2b: Rillaboom|Rillaboom, L50, F|100/100
|-fieldstart|move: Grassy Terrain|[from] ability: Grassy Surge|[of] p2b: Rillaboom
|move|p2a: Ninetales|Weather Ball|p1b: Porygon2
|-damage|p1b: Porygon2|0 fnt
|faint|p1b: Porygon2
|move|p1a: Gholdengo|Shadow Ball|p2b: Rillaboom
|-damage|p2b: Rillaboom|58/100
|-damage|p1a: Gholdengo|91/100|[from] item: Life Orb
|
|-weather|SunnyDay|[upkeep]
|-heal|p1a: Gholdengo|97/100|[from] Grassy Terrain
|-heal|p2b: Rillaboom|64/100|[from] Grassy Terrain
|upkeep
|
|t:|1757708533
|switch|p1b: Amoonguss|Amoonguss, L50, M|100/100
|turn|4
|
|t:|1757708545
|-terastallize|p2a: Ninetales|Grass
|move|p1a: Gholdengo|Protect|p1a: Gholdengo
|-singleturn|p1a: Gholdengo|Protect
|move|p2a: Ninetales|Weather Ball|p1a: Gholdengo
|-activate|p1a: Gholdengo|move: Protect
|move|p2b: Rillaboom|Wood Hammer|p1a: Gholdengo
|-activate|p1a: Gholdengo|move: Protect
|move|p1b: Amoonguss|Spore|p2a: Ninetales
|-immune|p2a: Ninetales
|
|-weather|SunnyDay|[upkeep]
|-heal|p1a: Gholdengo|100/100|[from] Grassy Terrain
|-heal|p2b: Rillaboom|70/100|[from] Grassy Terrain
|upkeep
|turn|5
|
|t:|1757708558
|move|p1b: Amoonguss|Rage Powder|p1b: Amoonguss
|-singleturn|p1b: Amoonguss|move: Rage Powder
|move|p2a: Ninetales|Weather Ball|p1a: Gholdengo
|-supereffective|p1a: Gholdengo
|-damage|p1a: Gholdengo|0 fnt
|faint|p1a: Gholdengo
|move|p2b: Rillaboom|Wood Hammer|p1b: Amoonguss
|-resisted|p1b: Amoonguss
|-damage|p1b: Amoonguss|84/100
|-damage|p2b: Rillaboom|64/100|[from] Recoil
|
|-weather|none
|-heal|p2b: Rillaboom|70/100|[from] Grassy Terrain
|-heal|p1b: Amoonguss|90/100|[from] Grassy Terrain
|upkeep
|turn|6
|inactive|el_frolo has 30 seconds left.
|inactive|el_frolo has 20 seconds left.
|inactive|el_frolo has 15 seconds left.
|inactive|el_frolo has 10 seconds left.
|inactive|el_frolo has 5 seconds left.
|
|t:|1757708613
|switch|p2a: Torkoal|Torkoal, L50, F|73/100
|-weather|SunnyDay|[from] ability: Drought|[of] p2a: Torkoal
|move|p1b: Amoonguss|Rage Powder|p1b: Amoonguss
|-singleturn|p1b: Amoonguss|move: Rage Powder
|move|p2b: Rillaboom|High Horsepower|p1b: Amoonguss
|-damage|p1b: Amoonguss|66/100
|
|-weather|SunnyDay|[upkeep]
|-heal|p2b: Rillaboom|77/100|[from] Grassy Terrain
|-heal|p1b: Amoonguss|72/100|[from] Grassy Terrain
|-heal|p2a: Torkoal|79/100|[from] Grassy Terrain
|upkeep
|turn|7
|inactive|el_frolo has 30 seconds left.
|inactive|el_frolo has 20 seconds left.
|inactive|el_frolo has 15 seconds left.
|inactive|el_frolo has 10 seconds left.
|inactive|el_frolo has 5 seconds left.
|
|t:|1757708668
|move|p1b: Amoonguss|Rage Powder|p1b: Amoonguss
|-singleturn|p1b: Amoonguss|move: Rage Powder
|move|p2b: Rillaboom|High Horsepower|p1b: Amoonguss
|-damage|p1b: Amoonguss|46/100
|move|p2a: Torkoal|Heat Wave|p1b: Amoonguss
|-supereffective|p1b: Amoonguss
|-damage|p1b: Amoonguss|0 fnt
|faint|p1b: Amoonguss
|
|win|BigE3L
||BigE3L is ready for game 3.
|inactive|el_frolo has 30 seconds to confirm battle start!
|inactive|el_frolo has 20 seconds to confirm battle start!
|inactive|el_frolo has 10 seconds to confirm battle start!
|uhtml|next|Next: Game 3 of 3
|n|☆el_frolo@!|elfrolo
