|j|☆puppeteer35
|j|☆new mental
|html|puppeteer35new mental    
|uhtml|bestof|Game 2 of a best-of-3
|t:|1783419473
|gametype|doubles
|player|p1|puppeteer35|colress|1195
|player|p2|new mental|volkner|1392
|gen|9
|tier|[Gen 9 Champions] VGC 2026 Reg M-B (Bo3)
|rated|
|rule|Species Clause: Limit one of each Pokémon
|rule|Item Clause: Limit 1 of each item
|clearpoke
|poke|p1|Froslass, L50, F, shiny|
|poke|p1|Whimsicott, L50, F, shiny|
|poke|p1|Blastoise, L50, M|
|poke|p1|Farigiraf, L50, M|
|poke|p1|Arcanine-Hisui, L50, F|
|poke|p1|Hatterene, L50, F, shiny|
|poke|p2|Aerodactyl, L50, M|
|poke|p2|Garchomp, L50, M|
|poke|p2|Kingambit, L50, M|
|poke|p2|Charizard, L50, F|
|poke|p2|Sylveon, L50, F|
|poke|p2|Farigiraf, L50, F|
|teampreview|4
|showteam|p1|Froslass||Froslassite|SnowCloak|Blizzard,ShadowBall,AuroraVeil,Protect|Modest||F|||50|]Whimsicott||FairyFeather|Prankster|Encore,Moonblast,Tailwind,EnergyBall|Bold||F|||50|]Blastoise||Blastoisinite|Torrent|WaterSpout,DarkPulse,AuraSphere,FakeOut|Quiet||M|||50|]Farigiraf||ColburBerry|ArmorTail|PsychicNoise,HelpingHand,RainDance,TrickRoom|Relaxed||M|||50|]Arcanine-Hisui||FocusSash|RockHead|FlareBlitz,HeadSmash,ExtremeSpeed,Protect|Jolly||F|||50|]Hatterene||LifeOrb|MagicBounce|Psychic,DazzlingGleam,TrickRoom,Protect|Quiet||F|||50|
|showteam|p2|Aerodactyl||Aerodactylite|Unnerve|IceFang,RockSlide,Tailwind,DualWingbeat|Jolly||M|||50|]Garchomp||LifeOrb|RoughSkin|DragonClaw,StompingTantrum,Earthquake,Protect|Jolly||M|||50|]Kingambit||FocusSash|Defiant|SuckerPunch,KowtowCleave,IronHead,LowKick|Adamant||M|||50|]Charizard||CharizarditeY|SolarPower|Protect,HeatWave,SolarBeam,WeatherBall|Timid||F|||50|]Sylveon||FairyFeather|Pixilate|Protect,HyperVoice,HyperBeam,QuickAttack|Modest||F|||50|]Farigiraf||SitrusBerry|ArmorTail|TrickRoom,Thunderbolt,Psychic,Roar|Bold||F|||50|
|inactive|Battle timer is ON: inactive players will automatically lose when time's up. (requested by puppeteer35)
|inactive|new mental has 60 seconds left.
|
|t:|1783419523
|teamsize|p1|4
|teamsize|p2|4
|start
|switch|p1a: Farigiraf|Farigiraf, L50, M|100/100
|switch|p1b: Blastoise|Blastoise, L50, M|100/100
|switch|p2a: Sylveon|Sylveon, L50, F|100/100
|switch|p2b: Charizard|Charizard, L50, F|100/100
|turn|1
|
|t:|1783419535
|switch|p2b: Farigiraf|Farigiraf, L50, F|100/100
|detailschange|p1b: Blastoise|Blastoise-Mega, L50, M
|-mega|p1b: Blastoise|Blastoise|Blastoisinite
|move|p1b: Blastoise|Fake Out||[still]
|cant|p2b: Farigiraf|ability: Armor Tail|Fake Out|[of] p1b: Blastoise
|move|p2a: Sylveon|Hyper Beam|p1a: Farigiraf
|-damage|p1a: Farigiraf|3/100
|-mustrecharge|p2a: Sylveon
|move|p1a: Farigiraf|Trick Room|p1a: Farigiraf
|-fieldstart|move: Trick Room|[of] p1a: Farigiraf
|
|upkeep
|turn|2
|
|t:|1783419552
|move|p1a: Farigiraf|Helping Hand|p1b: Blastoise
|-singleturn|p1b: Blastoise|Helping Hand|[of] p1a: Farigiraf
|move|p2b: Farigiraf|Thunderbolt|p1b: Blastoise
|-supereffective|p1b: Blastoise|1
|-crit|p1b: Blastoise
|-damage|p1b: Blastoise|41/100
|move|p1b: Blastoise|Water Spout|p2b: Farigiraf|[spread] p2a,p2b
|-damage|p2a: Sylveon|64/100
|-damage|p2b: Farigiraf|62/100
|cant|p2a: Sylveon|recharge
|
|upkeep
|turn|3
|
|t:|1783419567
|move|p1a: Farigiraf|Psychic Noise|p2a: Sylveon
|-crit|p2a: Sylveon
|-damage|p2a: Sylveon|27/100
|-start|p2a: Sylveon|move: Heal Block
|move|p1b: Blastoise|Dark Pulse|p2b: Farigiraf
|-supereffective|p2b: Farigiraf|1
|-damage|p2b: Farigiraf|0 fnt
|faint|p2b: Farigiraf
|move|p2a: Sylveon|Hyper Voice|p1b: Blastoise|[spread] p1a,p1b
|-damage|p1a: Farigiraf|0 fnt
|-damage|p1b: Blastoise|1/100
|faint|p1a: Farigiraf
|
|upkeep
|inactive|new mental has 30 seconds left.
|
|t:|1783419596
|switch|p1a: Hatterene|Hatterene, L50, F, shiny|100/100
|switch|p2b: Charizard|Charizard, L50, F|100/100
|turn|4
|
|t:|1783419611
|move|p2b: Charizard|Protect|p2b: Charizard
|-singleturn|p2b: Charizard|Protect
|move|p2a: Sylveon|Quick Attack|p1b: Blastoise
|-damage|p1b: Blastoise|0 fnt
|faint|p1b: Blastoise
|move|p1a: Hatterene|Psychic|p2b: Charizard
|-activate|p2b: Charizard|move: Protect
|
|-end|p2a: Sylveon|move: Heal Block
|upkeep
|
|t:|1783419620
|switch|p1b: Arcanine|Arcanine-Hisui, L50, F|100/100
|turn|5
|
|t:|1783419626
|switch|p2b: Kingambit|Kingambit, L50, M|100/100
|move|p1b: Arcanine|Extreme Speed|p2a: Sylveon
|-damage|p2a: Sylveon|0 fnt
|faint|p2a: Sylveon
|move|p1a: Hatterene|Psychic|p2b: Kingambit
|-immune|p2b: Kingambit
|
|-fieldend|move: Trick Room
|upkeep
|
|t:|1783419634
|switch|p2a: Charizard|Charizard, L50, F|100/100
|turn|6
|
|t:|1783419649
|detailschange|p2a: Charizard|Charizard-Mega-Y, L50, F
|-mega|p2a: Charizard|Charizard|Charizardite Y
|-weather|SunnyDay|[from] ability: Drought|[of] p2a: Charizard
|move|p2a: Charizard|Protect|p2a: Charizard
|-singleturn|p2a: Charizard|Protect
|move|p1b: Arcanine|Head Smash|p2a: Charizard
|-activate|p2a: Charizard|move: Protect
|move|p2b: Kingambit|Low Kick|p1b: Arcanine
|-supereffective|p1b: Arcanine|1
|-damage|p1b: Arcanine|6/100
|move|p1a: Hatterene|Dazzling Gleam|p2b: Kingambit|[spread] p2b
|-activate|p2a: Charizard|move: Protect
|-damage|p2b: Kingambit|51/100
|-damage|p1a: Hatterene|90/100|[from] item: Life Orb
|
|-weather|SunnyDay|[upkeep]
|upkeep
|turn|7
|
|t:|1783419666
|move|p1b: Arcanine|Protect|p1b: Arcanine
|-singleturn|p1b: Arcanine|Protect
|move|p2b: Kingambit|Sucker Punch||[still]
|-fail|p2b: Kingambit
|move|p2a: Charizard|Heat Wave|p1a: Hatterene|[spread] p1a
|-activate|p1b: Arcanine|move: Protect
|-damage|p1a: Hatterene|29/100
|move|p1a: Hatterene|Dazzling Gleam|p2a: Charizard|[spread] p2a,p2b
|-resisted|p2a: Charizard|1
|-damage|p2a: Charizard|81/100
|-damage|p2b: Kingambit|2/100
|-damage|p1a: Hatterene|19/100|[from] item: Life Orb
|
|-weather|SunnyDay|[upkeep]
|upkeep
|turn|8
|
|t:|1783419683
|move|p1b: Arcanine|Extreme Speed|p2b: Kingambit
|-resisted|p2b: Kingambit|1
|-damage|p2b: Kingambit|0 fnt
|faint|p2b: Kingambit
|move|p2a: Charizard|Heat Wave|p1b: Arcanine|[spread] p1a,p1b
|-resisted|p1b: Arcanine|2
|-damage|p1a: Hatterene|0 fnt
|-damage|p1b: Arcanine|0 fnt
|faint|p1a: Hatterene
|faint|p1b: Arcanine
|
|win|new mental
||puppeteer35 is ready for game 3.
||new mental is ready for game 3.
|uhtml|next|Next: Game 3 of 3
|l|☆puppeteer35
|player|p1|
