|j|☆dambro222
|j|☆amazon-kai
|html|dambro222amazon-kai    
|uhtml|bestof|Game 3 of a best-of-3
|t:|1756677060
|gametype|doubles
|player|p1|dambro222|ethan|1160
|player|p2|amazon-kai|266|1283
|gen|9
|tier|[Gen 9] VGC 2025 Reg H (Bo3)
|rated|
|rule|Species Clause: Limit one of each Pokémon
|rule|Item Clause: Limit 1 of each item
|clearpoke
|poke|p1|Dragonite, L50, M|
|poke|p1|Volcarona, L50, F|
|poke|p1|Sneasler, L50, M|
|poke|p1|Rillaboom, L50, M|
|poke|p1|Electabuzz, L50, M|
|poke|p1|Kingambit, L50, M|
|poke|p2|Gholdengo, L50|
|poke|p2|Basculegion, L50, M|
|poke|p2|Rillaboom, L50, F|
|poke|p2|Volcarona, L50, F|
|poke|p2|Salamence, L50, F|
|poke|p2|Kingambit, L50, M|
|teampreview|4
|showteam|p1|Dragonite||LoadedDice|Multiscale|ScaleShot,ExtremeSpeed,Haze,Protect|||M|||50|,,,,,Fairy]Volcarona||CovertCloak|FlameBody|HeatWave,TeraBlast,QuiverDance,Protect|||F|||50|,,,,,Fairy]Sneasler||FocusSash|Unburden|CloseCombat,DireClaw,RockSlide,Protect|||M|||50|,,,,,Stellar]Rillaboom||AssaultVest|GrassySurge|WoodHammer,GrassyGlide,HighHorsepower,FakeOut|||M|||50|,,,,,Water]Electabuzz||Eviolite|VitalSpirit|Electroweb,FollowMe,Taunt,Protect|||M|||50|,,,,,Ghost]Kingambit||BlackGlasses|Defiant|KowtowCleave,SuckerPunch,SwordsDance,Protect|||M|||50|,,,,,Dark
|showteam|p2|Gholdengo||LifeOrb|GoodasGold|Protect,ShadowBall,MakeItRain,NastyPlot||||||50|,,,,,Water]Basculegion||ChoiceScarf|Adaptability|WaveCrash,FlipTurn,LastRespects,IcyWind|||M|||50|,,,,,Ghost]Rillaboom||AssaultVest|GrassySurge|FakeOut,GrassyGlide,WoodHammer,HighHorsepower|||F|||50|,,,,,Fire]Volcarona||CovertCloak|FlameBody|RagePowder,TeraBlast,HeatWave,QuiverDance|||F|||50|,,,,,Fairy]Salamence||MirrorHerb|Intimidate|DualWingbeat,BrickBreak,BreakingSwipe,Protect|||F|||50|,,,,,Fighting]Kingambit||BlackGlasses|Defiant|Protect,SwordsDance,SuckerPunch,KowtowCleave|||M|||50|,,,,,Dark
|inactive|Battle timer is ON: inactive players will automatically lose when time's up. (requested by dambro222)
|j| JetSkiBear
|inactive|dambro222 has 60 seconds left.
|
|t:|1756677096
|teamsize|p1|4
|teamsize|p2|4
|start
|switch|p1a: Volcarona|Volcarona, L50, F|100/100
|switch|p1b: Dragonite|Dragonite, L50, M|100/100
|switch|p2a: Basculegion|Basculegion, L50, M|100/100
|switch|p2b: Volcarona|Volcarona, L50, F|100/100
|turn|1
|inactive|amazon-kai has 30 seconds left.
|inactive|amazon-kai has 20 seconds left.
|l| JetSkiBear
|inactive|amazon-kai has 15 seconds left.
|inactive|amazon-kai has 10 seconds left.
|
|t:|1756677141
|-terastallize|p1a: Volcarona|Fairy
|move|p2a: Basculegion|Flip Turn|p1b: Dragonite
|-resisted|p1b: Dragonite
|-damage|p1b: Dragonite|90/100
|
|t:|1756677152
|switch|p2a: Gholdengo|Gholdengo, L50|100/100|[from] Flip Turn
|move|p1a: Volcarona|Quiver Dance|p1a: Volcarona
|-boost|p1a: Volcarona|spa|1
|-boost|p1a: Volcarona|spd|1
|-boost|p1a: Volcarona|spe|1
|move|p2b: Volcarona|Quiver Dance|p2b: Volcarona
|-boost|p2b: Volcarona|spa|1
|-boost|p2b: Volcarona|spd|1
|-boost|p2b: Volcarona|spe|1
|move|p1b: Dragonite|Scale Shot|p2a: Gholdengo
|-resisted|p2a: Gholdengo
|-damage|p2a: Gholdengo|93/100
|-resisted|p2a: Gholdengo
|-damage|p2a: Gholdengo|85/100
|-resisted|p2a: Gholdengo
|-damage|p2a: Gholdengo|77/100
|-resisted|p2a: Gholdengo
|-damage|p2a: Gholdengo|69/100
|-resisted|p2a: Gholdengo
|-damage|p2a: Gholdengo|62/100
|-hitcount|p2a: Gholdengo|5
|-unboost|p1b: Dragonite|def|1
|-boost|p1b: Dragonite|spe|1
|
|upkeep
|turn|2
|inactive|dambro222 has 30 seconds left.
|inactive|amazon-kai has 30 seconds left.
|
|t:|1756677180
|-terastallize|p2a: Gholdengo|Water
|move|p1a: Volcarona|Heat Wave|p2a: Gholdengo|[spread] p2a,p2b
|-resisted|p2a: Gholdengo
|-damage|p2a: Gholdengo|35/100
|-damage|p2b: Volcarona|64/100
|move|p2b: Volcarona|Heat Wave|p1b: Dragonite|[spread] p1a,p1b
|-resisted|p1b: Dragonite
|-damage|p1a: Volcarona|68/100
|-damage|p1b: Dragonite|65/100
|move|p1b: Dragonite|Scale Shot|p2a: Gholdengo
|-damage|p2a: Gholdengo|18/100
|-damage|p2a: Gholdengo|2/100
|-damage|p2a: Gholdengo|0 fnt
|faint|p2a: Gholdengo
|-hitcount|p2: Gholdengo|3
|-unboost|p1b: Dragonite|def|1
|-boost|p1b: Dragonite|spe|1
|
|upkeep
|
|t:|1756677196
|switch|p2a: Salamence|Salamence, L50, F|100/100
|-ability|p2a: Salamence|Intimidate|boost
|-unboost|p1a: Volcarona|atk|1
|-unboost|p1b: Dragonite|atk|1
|turn|3
|inactive|dambro222 has 30 seconds left.
|
|t:|1756677221
|move|p1b: Dragonite|Scale Shot|p2a: Salamence
|-supereffective|p2a: Salamence
|-damage|p2a: Salamence|77/100
|-supereffective|p2a: Salamence
|-damage|p2a: Salamence|53/100
|-supereffective|p2a: Salamence
|-damage|p2a: Salamence|29/100
|-supereffective|p2a: Salamence
|-damage|p2a: Salamence|7/100
|-hitcount|p2a: Salamence|4
|-unboost|p1b: Dragonite|def|1
|-boost|p1b: Dragonite|spe|1
|-enditem|p2a: Salamence|Mirror Herb
|-boost|p2a: Salamence|spe|1|[from] item: Mirror Herb
|move|p1a: Volcarona|Heat Wave|p2b: Volcarona|[spread] p2a
|-miss|p1a: Volcarona|p2b: Volcarona
|-resisted|p2a: Salamence
|-damage|p2a: Salamence|0 fnt
|faint|p2a: Salamence
|move|p2b: Volcarona|Tera Blast|p1b: Dragonite
|-damage|p1b: Dragonite|26/100
|
|upkeep
|
|t:|1756677236
|switch|p2a: Basculegion|Basculegion, L50, M|100/100
|turn|4
|inactive|dambro222 has 30 seconds left.
|
|t:|1756677264
|move|p1b: Dragonite|Scale Shot|p2a: Basculegion
|-damage|p2a: Basculegion|88/100
|-damage|p2a: Basculegion|75/100
|-damage|p2a: Basculegion|63/100
|-crit|p2a: Basculegion
|-damage|p2a: Basculegion|34/100
|-damage|p2a: Basculegion|22/100
|-hitcount|p2a: Basculegion|5
|-unboost|p1b: Dragonite|def|1
|-boost|p1b: Dragonite|spe|1
|move|p1a: Volcarona|Tera Blast|p2b: Volcarona|[anim] Tera Blast Fairy
|-resisted|p2b: Volcarona
|-damage|p2b: Volcarona|46/100
|move|p2b: Volcarona|Heat Wave|p1b: Dragonite|[spread] p1a,p1b
|-resisted|p1b: Dragonite
|-damage|p1a: Volcarona|36/100
|-damage|p1b: Dragonite|0 fnt
|faint|p1b: Dragonite
|move|p2a: Basculegion|Last Respects|p1a: Volcarona
|-damage|p1a: Volcarona|0 fnt
|faint|p1a: Volcarona
|
|upkeep
|
|t:|1756677280
|switch|p1a: Electabuzz|Electabuzz, L50, M|100/100
|switch|p1b: Sneasler|Sneasler, L50, M|100/100
|turn|5
|
|t:|1756677287
|move|p1a: Electabuzz|Follow Me|p1a: Electabuzz
|-singleturn|p1a: Electabuzz|move: Follow Me
|move|p2b: Volcarona|Heat Wave|p1a: Electabuzz|[spread] p1b
|-miss|p2b: Volcarona|p1a: Electabuzz
|-damage|p1b: Sneasler|32/100
|move|p2a: Basculegion|Last Respects|p1a: Electabuzz
|-damage|p1a: Electabuzz|26/100
|move|p1b: Sneasler|Rock Slide|p2a: Basculegion|[spread] p2a,p2b
|-supereffective|p2b: Volcarona
|-damage|p2a: Basculegion|0 fnt
|-damage|p2b: Volcarona|0 fnt
|faint|p2a: Basculegion
|faint|p2b: Volcarona
|
|win|dambro222
|raw|dambro222's rating: 1160 → 1193(+33 for winning)
|raw|amazon-kai's rating: 1283 → 1250(-33 for losing)
|c|☆dambro222|gg
|l|☆amazon-kai
|player|p2|
