|j|☆resourcespro
|j|☆irongiant9214
|html|resourcesproirongiant9214    
|uhtml|bestof|Game 2 of a best-of-3
|t:|1785945323
|gametype|doubles
|player|p1|resourcespro|169|1139
|player|p2|irongiant9214|102|1178
|gen|9
|tier|[Gen 9 Champions] VGC 2026 Reg M-B (Bo3)
|rated|
|rule|Species Clause: Limit one of each Pokémon
|rule|Item Clause: Limit 1 of each item
|clearpoke
|poke|p1|Annihilape, L50, M|
|poke|p1|Clefable, L50, F|
|poke|p1|Excadrill, L50, M|
|poke|p1|Tyranitar, L50, F|
|poke|p1|Scizor, L50, M|
|poke|p1|Meowscarada, L50, F|
|poke|p2|Whimsicott, L50, F, shiny|
|poke|p2|Kingambit, L50, F|
|poke|p2|Garchomp, L50, F, shiny|
|poke|p2|Charizard, L50, F|
|poke|p2|Floette-Eternal, L50, F|
|poke|p2|Basculegion, L50, M|
|teampreview|4
|showteam|p1|Annihilape|||InnerFocus|BulkUp,Acrobatics,DrainPunch,RageFist|Adamant||M|||50|]Clefable||Clefablite|MagicGuard|FollowMe,Flamethrower,LightScreen,Thunderbolt|Modest||F|||50|]Excadrill||FocusSash|SandRush|Earthquake,RockSlide,SwordsDance,BrickBreak|Adamant||M|||50|]Tyranitar||SmoothRock|SandStream|FireBlast,IceBeam,Thunderbolt,DarkPulse|Modest||F|||50|]Scizor||ExpertBelt|Technician|BulletPunch,BugBite,DualWingbeat,Trailblaze|Adamant||M|||50|]Meowscarada||LifeOrb|Overgrow|Taunt,Uturn,FlowerTrick,TripleAxel|Jolly||F|||50|
|showteam|p2|Whimsicott||FocusSash|Prankster|Moonblast,Tailwind,Encore,Protect|Timid||F|||50|]Kingambit||ChopleBerry|Defiant|SuckerPunch,LowKick,IronHead,KowtowCleave|Adamant||F|||50|]Garchomp||LifeOrb|RoughSkin|RockSlide,DragonClaw,Earthquake,Protect|Jolly||F|||50|]Charizard||CharizarditeY|Blaze|HeatWave,WeatherBall,SolarBeam,Protect|Modest||F|||50|]Floette-Eternal||Floettite|FlowerVeil|DazzlingGleam,Moonblast,HelpingHand,Protect|Timid||F|||50|]Basculegion||MysticWater|Adaptability|AquaJet,WaveCrash,LastRespects,Protect|Adamant||M|||50|
|
|t:|1785945376
|teamsize|p1|4
|teamsize|p2|4
|start
|switch|p1a: Annihilape|Annihilape, L50, M|100/100
|switch|p1b: Clefable|Clefable, L50, F|100/100
|switch|p2a: Whimsicott|Whimsicott, L50, F, shiny|100/100
|switch|p2b: Charizard|Charizard, L50, F|100/100
|turn|1
|
|t:|1785945408
|detailschange|p2b: Charizard|Charizard-Mega-Y, L50, F
|-mega|p2b: Charizard|Charizard|Charizardite Y
|-weather|SunnyDay|[from] ability: Drought|[of] p2b: Charizard
|detailschange|p1b: Clefable|Clefable-Mega, L50, F
|-mega|p1b: Clefable|Clefable|Clefablite
|move|p2a: Whimsicott|Moonblast|p1a: Annihilape
|-supereffective|p1a: Annihilape|1
|-damage|p1a: Annihilape|35/100
|move|p2b: Charizard|Heat Wave|p1b: Clefable|[spread] p1a,p1b
|-damage|p1a: Annihilape|0 fnt
|-damage|p1b: Clefable|46/100
|faint|p1a: Annihilape
|move|p1b: Clefable|Light Screen|p1b: Clefable
|-sidestart|p1: resourcespro|move: Light Screen
|
|-weather|SunnyDay|[upkeep]
|upkeep
|
|t:|1785945424
|switch|p1a: Tyranitar|Tyranitar, L50, F|100/100
|-weather|Sandstorm|[from] ability: Sand Stream|[of] p1a: Tyranitar
|turn|2
|
|t:|1785945479
|switch|p2b: Kingambit|Kingambit, L50, F|100/100
|move|p2a: Whimsicott|Moonblast|p1a: Tyranitar
|-supereffective|p1a: Tyranitar|1
|-damage|p1a: Tyranitar|74/100
|move|p1b: Clefable|Thunderbolt|p2b: Kingambit
|-damage|p2b: Kingambit|62/100
|move|p1a: Tyranitar|Fire Blast|p2a: Whimsicott
|-supereffective|p2a: Whimsicott|1
|-enditem|p2a: Whimsicott|Focus Sash
|-damage|p2a: Whimsicott|1/100
|-status|p2a: Whimsicott|brn
|
|-weather|Sandstorm|[upkeep]
|-damage|p2a: Whimsicott|0 fnt|[from] Sandstorm
|-damage|p1b: Clefable|40/100|[from] Sandstorm
|faint|p2a: Whimsicott
|upkeep
|
|t:|1785945498
|switch|p2a: Charizard|Charizard-Mega-Y, L50, F|100/100
|-weather|SunnyDay|[from] ability: Drought|[of] p2a: Charizard
|turn|3
|
|t:|1785945537
|move|p2a: Charizard|Heat Wave|p1a: Tyranitar|[spread] p1a,p1b
|-resisted|p1a: Tyranitar|1
|-damage|p1a: Tyranitar|54/100
|-damage|p1b: Clefable|4/100
|move|p1b: Clefable|Flamethrower|p2b: Kingambit
|-supereffective|p2b: Kingambit|1
|-damage|p2b: Kingambit|0 fnt
|faint|p2b: Kingambit
|move|p1a: Tyranitar|Thunderbolt|p2a: Charizard
|-supereffective|p2a: Charizard|1
|-damage|p2a: Charizard|43/100
|
|-weather|SunnyDay|[upkeep]
|upkeep
|
|t:|1785945540
|switch|p2b: Garchomp|Garchomp, L50, F, shiny|100/100
|turn|4
|
|t:|1785945593
|move|p2b: Garchomp|Earthquake|p1a: Tyranitar|[spread] p1a
|-immune|p2a: Charizard
|-immune|p1b: Clefable
|-supereffective|p1a: Tyranitar|1
|-damage|p1a: Tyranitar|0 fnt
|faint|p1a: Tyranitar
|-damage|p2b: Garchomp|90/100|[from] item: Life Orb
|move|p2a: Charizard|Heat Wave|p1b: Clefable
|-damage|p1b: Clefable|0 fnt
|faint|p1b: Clefable
|
|-weather|SunnyDay|[upkeep]
|upkeep
|
|t:|1785945607
|switch|p1a: Excadrill|Excadrill, L50, M|100/100
|turn|5
|
|t:|1785945615
|move|p2b: Garchomp|Earthquake|p1a: Excadrill|[spread] p1a
|-immune|p2a: Charizard
|-supereffective|p1a: Excadrill|1
|-enditem|p1a: Excadrill|Focus Sash
|-damage|p1a: Excadrill|1/100
|-damage|p2b: Garchomp|80/100|[from] item: Life Orb
|move|p1a: Excadrill|Rock Slide|p2a: Charizard|[spread] p2a
|-miss|p1a: Excadrill|p2b: Garchomp
|-supereffective|p2a: Charizard|2
|-damage|p2a: Charizard|0 fnt
|faint|p2a: Charizard
|
|-weather|SunnyDay|[upkeep]
|-sideend|p1: resourcespro|move: Light Screen
|upkeep
|turn|6
|
|t:|1785945629
|move|p2b: Garchomp|Earthquake|p1a: Excadrill
|-supereffective|p1a: Excadrill|1
|-damage|p1a: Excadrill|0 fnt
|faint|p1a: Excadrill
|-damage|p2b: Garchomp|70/100|[from] item: Life Orb
|
|win|irongiant9214
|raw|resourcespro's rating: 1139 → 1117(-22 for losing)
|raw|irongiant9214's rating: 1178 → 1200(+22 for winning)
|l|☆resourcespro
|player|p1|
