|j|☆AllySwitch24
|j|☆manilareferrals
|html|AllySwitch24manilareferrals    
|uhtml|bestof|Game 1 of a best-of-3
|t:|1785920413
|gametype|doubles
|player|p1|AllySwitch24|elesa|1143
|player|p2|manilareferrals|266|1312
|gen|9
|tier|[Gen 9 Champions] VGC 2026 Reg M-B (Bo3)
|rated|
|rule|Species Clause: Limit one of each Pokémon
|rule|Item Clause: Limit 1 of each item
|clearpoke
|poke|p1|Raichu, L50, M|
|poke|p1|Basculegion, L50, M|
|poke|p1|Corviknight, L50, F|
|poke|p1|Rotom-Heat, L50|
|poke|p1|Vanilluxe, L50, M|
|poke|p1|Chesnaught, L50, F|
|poke|p2|Maushold, L50|
|poke|p2|Staraptor, L50, M|
|poke|p2|Gholdengo, L50|
|poke|p2|Sinistcha, L50|
|poke|p2|Arcanine-Hisui, L50, M|
|poke|p2|Kingambit, L50, M|
|teampreview|4
|showteam|p1|Raichu||RaichuniteY|Static|ZapCannon,FocusBlast,FakeOut,Protect|Timid||M|||50|]Basculegion||MysticWater|Adaptability|AquaJet,LastRespects,WaveCrash,Protect|Jolly||M|||50|]Corviknight||Leftovers|MirrorArmor|BraveBird,IronHead,Protect,BulkUp|Impish||F|||50|]Rotom-Heat||SitrusBerry|Levitate|Overheat,Thunderbolt,WillOWisp,NastyPlot|Modest|||||50|]Vanilluxe||FocusSash|SnowWarning|Blizzard,FreezeDry,IcyWind,Protect|Timid||M|||50|]Chesnaught||Chesnaughtite|Bulletproof|DrainPunch,HighHorsepower,WoodHammer,SpikyShield|Adamant||F|||50|
|showteam|p2|Maushold||ChopleBerry|FriendGuard|FollowMe,SuperFang,Charm,Protect|Timid|||||50|]Staraptor||Staraptite|Intimidate|CloseCombat,BraveBird,Roost,Protect|Jolly||M|||50|]Gholdengo||LifeOrb|GoodasGold|NastyPlot,MakeItRain,ShadowBall,Protect|Modest|||||50|]Sinistcha||SitrusBerry|Hospitality|RagePowder,MatchaGotcha,TrickRoom,Protect|Calm|||||50|]Arcanine-Hisui||FocusSash|RockHead|FlareBlitz,HeadSmash,ExtremeSpeed,Protect|Jolly||M|||50|]Kingambit||OccaBerry|Defiant|KowtowCleave,SuckerPunch,IronHead,Protect|Brave||M|||50|
|
|t:|1785920466
|teamsize|p1|4
|teamsize|p2|4
|start
|switch|p1a: Raichu|Raichu, L50, M|100/100
|switch|p1b: Vanilluxe|Vanilluxe, L50, M|100/100
|switch|p2a: Gholdengo|Gholdengo, L50|100/100
|switch|p2b: Maushold|Maushold, L50|100/100
|-weather|Snowscape|[from] ability: Snow Warning|[of] p1b: Vanilluxe
|turn|1
|
|t:|1785920513
|detailschange|p1a: Raichu|Raichu-Mega-Y, L50, M
|-mega|p1a: Raichu|Raichu|Raichunite Y
|move|p2b: Maushold|Follow Me|p2b: Maushold
|-singleturn|p2b: Maushold|move: Follow Me
|move|p1a: Raichu|Zap Cannon|p2b: Maushold
|-damage|p2b: Maushold|3/100
|-status|p2b: Maushold|par
|move|p1b: Vanilluxe|Icy Wind|p2a: Gholdengo|[spread] p2a,p2b
|-resisted|p2a: Gholdengo|1
|-damage|p2a: Gholdengo|92/100
|-damage|p2b: Maushold|0 fnt
|-unboost|p2a: Gholdengo|spe|1
|faint|p2b: Maushold
|move|p2a: Gholdengo|Nasty Plot|p2a: Gholdengo
|-boost|p2a: Gholdengo|spa|2
|
|-weather|Snowscape|[upkeep]
|upkeep
|
|t:|1785920535
|switch|p2b: Sinistcha|Sinistcha, L50|100/100
|-heal|p2a: Gholdengo|100/100|[from] ability: Hospitality|[of] p2b: Sinistcha
|turn|2
|inactive|Battle timer is ON: inactive players will automatically lose when time's up. (requested by manilareferrals)
|inactive|AllySwitch24 has 60 seconds left.
|
|t:|1785920582
|move|p2b: Sinistcha|Rage Powder|p2b: Sinistcha
|-singleturn|p2b: Sinistcha|move: Rage Powder
|move|p1a: Raichu|Zap Cannon|p2b: Sinistcha
|-resisted|p2b: Sinistcha|1
|-damage|p2b: Sinistcha|68/100
|-status|p2b: Sinistcha|par
|move|p1b: Vanilluxe|Blizzard|p2b: Sinistcha|[spread] p2a,p2b
|-resisted|p2a: Gholdengo|1
|-supereffective|p2b: Sinistcha|1
|-damage|p2a: Gholdengo|76/100
|-damage|p2b: Sinistcha|1/100 par
|-status|p2a: Gholdengo|frz
|-enditem|p2b: Sinistcha|Sitrus Berry|[eat]
|-heal|p2b: Sinistcha|25/100 par|[from] item: Sitrus Berry
|cant|p2a: Gholdengo|frz
|
|-weather|Snowscape|[upkeep]
|upkeep
|turn|3
|
|t:|1785920605
|switch|p1a: Rotom|Rotom-Heat, L50|100/100
|move|p2b: Sinistcha|Rage Powder|p2b: Sinistcha
|-singleturn|p2b: Sinistcha|move: Rage Powder
|move|p1b: Vanilluxe|Blizzard|p2b: Sinistcha|[spread] p2a,p2b
|-resisted|p2a: Gholdengo|1
|-supereffective|p2b: Sinistcha|1
|-damage|p2a: Gholdengo|55/100 frz
|-damage|p2b: Sinistcha|0 fnt
|faint|p2b: Sinistcha
|cant|p2a: Gholdengo|frz
|
|-weather|Snowscape|[upkeep]
|upkeep
|
|t:|1785920614
|switch|p2b: Staraptor|Staraptor, L50, M|100/100
|-ability|p2b: Staraptor|Intimidate|boost
|-unboost|p1a: Rotom|atk|1
|-unboost|p1b: Vanilluxe|atk|1
|turn|4
|
|t:|1785920637
|detailschange|p2b: Staraptor|Staraptor-Mega, L50, M
|-mega|p2b: Staraptor|Staraptor|Staraptite
|move|p1b: Vanilluxe|Protect|p1b: Vanilluxe
|-singleturn|p1b: Vanilluxe|Protect
|move|p2b: Staraptor|Close Combat|p1b: Vanilluxe
|-activate|p1b: Vanilluxe|move: Protect
|move|p1a: Rotom|Will-O-Wisp|p2b: Staraptor
|-status|p2b: Staraptor|brn
|-curestatus|p2a: Gholdengo|frz|[msg]
|move|p2a: Gholdengo|Shadow Ball|p1a: Rotom
|-damage|p1a: Rotom|0 fnt
|faint|p1a: Rotom
|-damage|p2a: Gholdengo|46/100|[from] item: Life Orb
|
|-weather|Snowscape|[upkeep]
|-damage|p2b: Staraptor|94/100 brn|[from] brn
|upkeep
|
|t:|1785920656
|switch|p1a: Raichu|Raichu-Mega-Y, L50, M|100/100
|turn|5
|
|t:|1785920665
|move|p2a: Gholdengo|Protect|p2a: Gholdengo
|-singleturn|p2a: Gholdengo|Protect
|move|p1a: Raichu|Zap Cannon|p2b: Staraptor
|-supereffective|p2b: Staraptor|1
|-damage|p2b: Staraptor|0 fnt
|faint|p2b: Staraptor
|move|p1b: Vanilluxe|Blizzard|p2a: Gholdengo
|-activate|p2a: Gholdengo|move: Protect
|
|-weather|none
|upkeep
|turn|6
|-message|manilareferrals forfeited.
|
|win|AllySwitch24
||manilareferrals is ready for game 2.
||AllySwitch24 is ready for game 2.
|uhtml|next|Next: Game 2 of 3
