|j|☆Chug132
|j|☆Zirconious
|html|Chug132Zirconious    
|uhtml|bestof|Game 1 of a best-of-3
|t:|1783716084
|gametype|doubles
|player|p1|Chug132|1|
|player|p2|Zirconious|ethan|
|gen|9
|tier|[Gen 9 Champions] VGC 2026 Reg M-B (Bo3)
|rule|Species Clause: Limit one of each Pokémon
|rule|Item Clause: Limit 1 of each item
|clearpoke
|poke|p1|Kingambit, L50, M|
|poke|p1|Ninetales-Alola, L50, M|
|poke|p1|Froslass, L50, F|
|poke|p1|Beartic, L50, M|
|poke|p1|Eelektross, L50, M|
|poke|p1|Swampert, L50, F|
|poke|p2|Sneasler, L50, M|
|poke|p2|Volcarona, L50, F|
|poke|p2|Samurott-Hisui, L50, F|
|poke|p2|Aegislash, L50, M|
|poke|p2|Tsareena, L50, F|
|poke|p2|Musharna, L50, F|
|teampreview|4
|showteam|p1|Kingambit||LifeOrb|SupremeOverlord|KowtowCleave,IronHead,Protect,SuckerPunch|Adamant||M|||50|]Ninetales-Alola||LightClay|SnowWarning|AuroraVeil,Moonblast,Blizzard,Protect|Timid||M|||50|]Froslass||Froslassite|SnowCloak|Blizzard,AuroraVeil,ShadowBall,Protect|Timid||F|||50|]Beartic||FocusSash|SlushRush|IcicleCrash,Superpower,SwordsDance,Protect|Adamant||M|||50|]Eelektross||Leftovers|Levitate|Flamethrower,VoltSwitch,AcidSpray,Protect|Modest||M|||50|]Swampert||SitrusBerry|Torrent|Earthquake,Waterfall,IceBeam,Protect|Adamant||F|||50|
|showteam|p2|Sneasler||WhiteHerb|Unburden|FakeOut,DireClaw,Protect,CloseCombat|Jolly||M|||50|]Volcarona||SitrusBerry|FlameBody|QuiverDance,FieryDance,BugBuzz,RagePowder|Timid||F|||50|]Samurott-Hisui||ChoiceScarf|Sharpness|RazorShell,SacredSword,CeaselessEdge,SuckerPunch|Adamant||F|||50|]Aegislash||LifeOrb|StanceChange|IronHead,KingsShield,CloseCombat,ShadowSneak|Adamant||M|||50|]Tsareena||WideLens|QueenlyMajesty|Protect,TripleAxel,LowKick,PowerWhip|Adamant||F|||50|]Musharna||LightClay|Forewarn|Psychic,Moonblast,LightScreen,Reflect|Bold||F|||50|
|
|t:|1783716164
|teamsize|p1|4
|teamsize|p2|4
|start
|switch|p1a: Froslass|Froslass, L50, F|100/100
|switch|p1b: Ninetales|Ninetales-Alola, L50, M|100/100
|switch|p2a: Samurott|Samurott-Hisui, L50, F|100/100
|switch|p2b: Volcarona|Volcarona, L50, F|100/100
|-weather|Snowscape|[from] ability: Snow Warning|[of] p1b: Ninetales
|turn|1
|
|t:|1783716199
|detailschange|p1a: Froslass|Froslass-Mega, L50, F
|-mega|p1a: Froslass|Froslass|Froslassite
|move|p1a: Froslass|Protect|p1a: Froslass
|-singleturn|p1a: Froslass|Protect
|move|p2a: Samurott|Ceaseless Edge|p1a: Froslass
|-activate|p1a: Froslass|move: Protect
|move|p1b: Ninetales|Aurora Veil|p1b: Ninetales
|-sidestart|p1: Chug132|move: Aurora Veil
|move|p2b: Volcarona|Quiver Dance|p2b: Volcarona
|-boost|p2b: Volcarona|spa|1
|-boost|p2b: Volcarona|spd|1
|-boost|p2b: Volcarona|spe|1
|
|-weather|Snowscape|[upkeep]
|upkeep
|turn|2
|
|t:|1783716226
|switch|p1a: Swampert|Swampert, L50, F|100/100
|move|p2b: Volcarona|Fiery Dance|p1b: Ninetales
|-supereffective|p1b: Ninetales|1
|-damage|p1b: Ninetales|8/100
|move|p2a: Samurott|Ceaseless Edge|p1a: Swampert
|-damage|p1a: Swampert|62/100
|-sidestart|p1: Chug132|Spikes
|move|p1b: Ninetales|Moonblast|p2a: Samurott
|-supereffective|p2a: Samurott|1
|-damage|p2a: Samurott|1/100
|
|-weather|Snowscape|[upkeep]
|upkeep
|turn|3
|
|t:|1783716307
|move|p2b: Volcarona|Bug Buzz|p1a: Swampert
|-damage|p1a: Swampert|13/100
|-unboost|p1a: Swampert|spd|1
|-enditem|p1a: Swampert|Sitrus Berry|[eat]
|-heal|p1a: Swampert|38/100|[from] item: Sitrus Berry
|move|p2a: Samurott|Ceaseless Edge|p1b: Ninetales
|-resisted|p1b: Ninetales|1
|-damage|p1b: Ninetales|0 fnt
|-sidestart|p1: Chug132|Spikes
|faint|p1b: Ninetales
|move|p1a: Swampert|Waterfall|p2b: Volcarona
|-supereffective|p2b: Volcarona|1
|-crit|p2b: Volcarona
|-damage|p2b: Volcarona|0 fnt
|faint|p2b: Volcarona
|
|-weather|Snowscape|[upkeep]
|upkeep
|
|t:|1783716330
|switch|p1b: Froslass|Froslass-Mega, L50, F|100/100
|switch|p2b: Musharna|Musharna, L50, F|100/100
|-damage|p1b: Froslass|83/100|[from] Spikes
|-activate|p2b: Musharna|ability: Forewarn|Blizzard|[of] p1b: Froslass
|turn|4
|
|t:|1783716392
|move|p1a: Swampert|Protect|p1a: Swampert
|-singleturn|p1a: Swampert|Protect
|move|p2a: Samurott|Ceaseless Edge|p1a: Swampert
|-activate|p1a: Swampert|move: Protect
|move|p1b: Froslass|Shadow Ball|p2b: Musharna
|-supereffective|p2b: Musharna|1
|-damage|p2b: Musharna|35/100
|move|p2b: Musharna|Light Screen|p2b: Musharna
|-sidestart|p2: Zirconious|move: Light Screen
|
|-weather|Snowscape|[upkeep]
|upkeep
|turn|5
|
|t:|1783716417
|move|p2a: Samurott|Ceaseless Edge|p1a: Swampert
|-damage|p1a: Swampert|4/100
|-sidestart|p1: Chug132|Spikes
|move|p1b: Froslass|Shadow Ball|p2b: Musharna
|-supereffective|p2b: Musharna|1
|-damage|p2b: Musharna|0 fnt
|faint|p2b: Musharna
|move|p1a: Swampert|Ice Beam|p2a: Samurott
|-resisted|p2a: Samurott|1
|-damage|p2a: Samurott|0 fnt
|faint|p2a: Samurott
|
|-weather|none
|upkeep
|
|t:|1783716439
|switch|p2a: Tsareena|Tsareena, L50, F|100/100
|turn|6
|
|t:|1783716448
|move|p2a: Tsareena|Protect|p2a: Tsareena
|-singleturn|p2a: Tsareena|Protect
|move|p1b: Froslass|Blizzard|p2a: Tsareena
|-activate|p2a: Tsareena|move: Protect
|move|p1a: Swampert|Ice Beam|p2a: Tsareena
|-activate|p2a: Tsareena|move: Protect
|
|upkeep
|turn|7
|
|t:|1783716468
|move|p1b: Froslass|Blizzard|p2a: Tsareena
|-supereffective|p2a: Tsareena|1
|-damage|p2a: Tsareena|25/100
|move|p1a: Swampert|Ice Beam|p2a: Tsareena
|-supereffective|p2a: Tsareena|1
|-damage|p2a: Tsareena|3/100
|move|p2a: Tsareena|Low Kick|p1a: Swampert
|-damage|p1a: Swampert|0 fnt
|faint|p1a: Swampert
|
|upkeep
|
|t:|1783716477
|switch|p1a: Kingambit|Kingambit, L50, M|100/100
|-damage|p1a: Kingambit|75/100|[from] Spikes
|-activate|p1a: Kingambit|ability: Supreme Overlord
|-start|p1a: Kingambit|fallen2|[silent]
|turn|8
|-message|Zirconious forfeited.
|
|win|Chug132
|l|☆Zirconious
|player|p2|
||Zirconious is ready for game 2.
|inactive|Chug132 has 30 seconds to confirm battle start!
||Chug132 is ready for game 2.
|uhtml|next|Next: Game 2 of 3
|j|☆Zirconious
|player|p2|Zirconious|ethan|
