|j|☆Argentavis_Gaming
|j|☆eviovulpix
|html|Argentavis_Gamingeviovulpix    
|uhtml|bestof|Game 2 of a best-of-3
|t:|1783365547
|gametype|doubles
|player|p1|Argentavis_Gaming|unknown|1168
|player|p2|eviovulpix|169|1230
|gen|9
|tier|[Gen 9 Champions] VGC 2026 Reg M-B (Bo3)
|rated|
|rule|Species Clause: Limit one of each Pokémon
|rule|Item Clause: Limit 1 of each item
|clearpoke
|poke|p1|Metagross, L50|
|poke|p1|Hydreigon, L50, M|
|poke|p1|Staraptor, L50, M|
|poke|p1|Whimsicott, L50, F|
|poke|p1|Incineroar, L50, M|
|poke|p1|Sinistcha-Masterpiece, L50|
|poke|p2|Floette-Eternal, L50, F|
|poke|p2|Charizard, L50, F|
|poke|p2|Whimsicott, L50, M|
|poke|p2|Garchomp, L50, F|
|poke|p2|Basculegion, L50, M|
|poke|p2|Kingambit, L50, M|
|teampreview|4
|showteam|p1|Metagross||Metagrossite|ClearBody|IronHead,PsychicFangs,BulletPunch,Protect|Adamant|||||50|]Hydreigon||ChoiceScarf|Levitate|DarkPulse,DracoMeteor,Snarl,Uturn|Timid||M|||50|]Staraptor||Staraptite|Intimidate|CloseCombat,BraveBird,Roost,Protect|Jolly||M|||50|]Whimsicott||FocusSash|Prankster|Moonblast,Tailwind,Charm,Encore|Timid||F|||50|]Incineroar||SitrusBerry|Intimidate|FakeOut,DarkestLariat,FlareBlitz,PartingShot|Careful||M|||50|]Sinistcha-Masterpiece||KasibBerry|Hospitality|MatchaGotcha,TrickRoom,ShadowBall,RagePowder|Bold|||||50|
|showteam|p2|Floette-Eternal||Floettite|FlowerVeil|Moonblast,DazzlingGleam,LightofRuin,Protect|Modest||F|||50|]Charizard||CharizarditeY|Blaze|HeatWave,WeatherBall,SolarBeam,Protect|Modest||F|||50|]Whimsicott||FocusSash|Prankster|Moonblast,Tailwind,Encore,Protect|Timid||M|||50|]Garchomp||LifeOrb|RoughSkin|DragonClaw,StompingTantrum,RockSlide,Protect|Jolly||F|||50|]Basculegion||MysticWater|Adaptability|WaveCrash,LastRespects,AquaJet,Protect|Adamant||M|||50|]Kingambit||ChopleBerry|Defiant|KowtowCleave,IronHead,SuckerPunch,LowKick|Adamant||M|||50|
|
|t:|1783365594
|teamsize|p1|4
|teamsize|p2|4
|start
|switch|p1a: Metagross|Metagross, L50|100/100
|switch|p1b: Incineroar|Incineroar, L50, M|100/100
|switch|p2a: Floette|Floette-Eternal, L50, F|100/100
|switch|p2b: Whimsicott|Whimsicott, L50, M|100/100
|-ability|p1b: Incineroar|Intimidate|boost
|-unboost|p2a: Floette|atk|1
|-block|p2b: Whimsicott|ability: Flower Veil|[of] p2a: Floette
|turn|1
|
|t:|1783365607
|switch|p2a: Kingambit|Kingambit, L50, M|100/100
|detailschange|p1a: Metagross|Metagross-Mega, L50
|-mega|p1a: Metagross|Metagross|Metagrossite
|move|p2b: Whimsicott|Protect|p2b: Whimsicott
|-singleturn|p2b: Whimsicott|Protect
|move|p1b: Incineroar|Fake Out|p2b: Whimsicott
|-activate|p2b: Whimsicott|move: Protect
|move|p1a: Metagross|Iron Head|p2a: Kingambit
|-resisted|p2a: Kingambit|1
|-damage|p2a: Kingambit|78/100
|
|upkeep
|turn|2
|
|t:|1783365626
|move|p2b: Whimsicott|Encore|p1a: Metagross
|-start|p1a: Metagross|Encore
|move|p1a: Metagross|Iron Head|p2b: Whimsicott
|-supereffective|p2b: Whimsicott|1
|-enditem|p2b: Whimsicott|Focus Sash
|-damage|p2b: Whimsicott|1/100
|move|p1b: Incineroar|Flare Blitz|p2a: Kingambit
|-supereffective|p2a: Kingambit|1
|-damage|p2a: Kingambit|13/100
|-status|p2a: Kingambit|brn
|-damage|p1b: Incineroar|78/100|[from] Recoil
|move|p2a: Kingambit|Low Kick|p1b: Incineroar
|-supereffective|p1b: Incineroar|1
|-damage|p1b: Incineroar|49/100
|-enditem|p1b: Incineroar|Sitrus Berry|[eat]
|-heal|p1b: Incineroar|74/100|[from] item: Sitrus Berry
|
|-damage|p2a: Kingambit|7/100 brn|[from] brn
|upkeep
|turn|3
|
|t:|1783365646
|switch|p1a: Whimsicott|Whimsicott, L50, F|100/100
|move|p2b: Whimsicott|Tailwind|p2b: Whimsicott
|-sidestart|p2: eviovulpix|move: Tailwind
|move|p2a: Kingambit|Low Kick|p1b: Incineroar
|-supereffective|p1b: Incineroar|1
|-damage|p1b: Incineroar|43/100
|move|p1b: Incineroar|Darkest Lariat|p2b: Whimsicott
|-resisted|p2b: Whimsicott|1
|-damage|p2b: Whimsicott|0 fnt
|faint|p2b: Whimsicott
|
|-damage|p2a: Kingambit|1/100 brn|[from] brn
|upkeep
|
|t:|1783365656
|switch|p2b: Charizard|Charizard, L50, F|100/100
|turn|4
|
|t:|1783365663
|detailschange|p2b: Charizard|Charizard-Mega-Y, L50, F
|-mega|p2b: Charizard|Charizard|Charizardite Y
|-weather|SunnyDay|[from] ability: Drought|[of] p2b: Charizard
|move|p1a: Whimsicott|Tailwind|p1a: Whimsicott
|-sidestart|p1: Argentavis_Gaming|move: Tailwind
|move|p2b: Charizard|Heat Wave|p1a: Whimsicott|[spread] p1b
|-miss|p2b: Charizard|p1a: Whimsicott
|-resisted|p1b: Incineroar|1
|-damage|p1b: Incineroar|23/100
|move|p1b: Incineroar|Parting Shot|p2b: Charizard
|-unboost|p2b: Charizard|atk|1
|-unboost|p2b: Charizard|spa|1
|
|t:|1783365666
|switch|p1b: Hydreigon|Hydreigon, L50, M|100/100|[from] Parting Shot
|move|p2a: Kingambit|Iron Head|p1a: Whimsicott
|-supereffective|p1a: Whimsicott|1
|-damage|p1a: Whimsicott|31/100
|
|-weather|SunnyDay|[upkeep]
|-damage|p2a: Kingambit|0 fnt|[from] brn
|faint|p2a: Kingambit
|upkeep
|
|t:|1783365679
|switch|p2a: Floette|Floette-Eternal, L50, F|100/100
|turn|5
|
|t:|1783365685
|move|p1b: Hydreigon|Snarl|p2a: Floette|[spread] p2a,p2b
|-resisted|p2a: Floette|1
|-damage|p2a: Floette|91/100
|-damage|p2b: Charizard|78/100
|-unboost|p2a: Floette|spa|1
|-unboost|p2b: Charizard|spa|1
|move|p1a: Whimsicott|Moonblast|p2a: Floette
|-damage|p2a: Floette|58/100
|move|p2a: Floette|Dazzling Gleam|p1b: Hydreigon|[spread] p1a,p1b
|-supereffective|p1b: Hydreigon|2
|-damage|p1a: Whimsicott|0 fnt
|-damage|p1b: Hydreigon|7/100
|faint|p1a: Whimsicott
|move|p2b: Charizard|Heat Wave|p1b: Hydreigon
|-resisted|p1b: Hydreigon|1
|-damage|p1b: Hydreigon|0 fnt
|faint|p1b: Hydreigon
|
|-weather|SunnyDay|[upkeep]
|upkeep
|
|t:|1783365694
|switch|p1a: Metagross|Metagross-Mega, L50|100/100
|switch|p1b: Incineroar|Incineroar, L50, M|23/100
|-ability|p1b: Incineroar|Intimidate|boost
|-unboost|p2a: Floette|atk|1
|-unboost|p2b: Charizard|atk|1
|turn|6
|
|t:|1783365705
|move|p2b: Charizard|Protect|p2b: Charizard
|-singleturn|p2b: Charizard|Protect
|move|p1b: Incineroar|Fake Out|p2a: Floette
|-damage|p2a: Floette|43/100
|move|p1a: Metagross|Psychic Fangs|p2b: Charizard
|-activate|p2b: Charizard|move: Protect
|cant|p2a: Floette|flinch
|
|-weather|SunnyDay|[upkeep]
|-sideend|p2: eviovulpix|move: Tailwind
|upkeep
|turn|7
|
|t:|1783365720
|move|p1a: Metagross|Psychic Fangs|p2b: Charizard
|-damage|p2b: Charizard|1/100
|move|p1b: Incineroar|Flare Blitz|p2b: Charizard
|-resisted|p2b: Charizard|1
|-damage|p2b: Charizard|0 fnt
|faint|p2b: Charizard
|-damage|p1b: Incineroar|22/100|[from] Recoil
|move|p2a: Floette|Moonblast|p1b: Incineroar
|-damage|p1b: Incineroar|0 fnt
|faint|p1b: Incineroar
|
|-weather|SunnyDay|[upkeep]
|-sideend|p1: Argentavis_Gaming|move: Tailwind
|upkeep
|turn|8
|
|t:|1783365727
|move|p1a: Metagross|Iron Head|p2a: Floette
|-supereffective|p2a: Floette|1
|-damage|p2a: Floette|0 fnt
|faint|p2a: Floette
|
|win|Argentavis_Gaming
