|j|☆ttvmoxiie
|j|☆Sabasvgc
|html|ttvmoxiieSabasvgc    
|uhtml|bestof|Game 1 of a best-of-3
|t:|1757792703
|gametype|doubles
|player|p1|ttvmoxiie|steven|1161
|player|p2|Sabasvgc|170|1288
|gen|9
|tier|[Gen 9] VGC 2025 Reg H (Bo3)
|rated|
|rule|Species Clause: Limit one of each Pokémon
|rule|Item Clause: Limit 1 of each item
|clearpoke
|poke|p1|Dragonite, L50, M|
|poke|p1|Gholdengo, L50|
|poke|p1|Rillaboom, L50, M|
|poke|p1|Ursaluna-Bloodmoon, L50, M|
|poke|p1|Annihilape, L50, M|
|poke|p1|Maushold-Four, L50|
|poke|p2|Dondozo, L50, F|
|poke|p2|Tatsugiri-Droopy, L50, F|
|poke|p2|Slaking, L50, F|
|poke|p2|Weezing, L50, F|
|poke|p2|Garchomp, L50, F|
|poke|p2|Kilowattrel, L50, M|
|teampreview|4
|showteam|p1|Dragonite||LoadedDice|Multiscale|Haze,Protect,Tailwind,ScaleShot|||M|||50|,,,,,Fairy]Gholdengo||LifeOrb|GoodasGold|Protect,NastyPlot,MakeItRain,ShadowBall||||||50|,,,,,Water]Rillaboom||MiracleSeed|GrassySurge|GrassyGlide,WoodHammer,FakeOut,HighHorsepower|||M|||50|,,,,,Fire]Ursaluna-Bloodmoon||AssaultVest|MindsEye|BloodMoon,HyperVoice,EarthPower,VacuumWave|||M|||50|,,,,,Water]Annihilape||SitrusBerry|Defiant|RageFist,DrainPunch,BulkUp,Protect|||M|||50|,,,,,Fire]Maushold-Four||FocusSash|FriendGuard|SuperFang,FollowMe,BeatUp,Protect||||||50|,,,,,Ghost
|showteam|p2|Dondozo||Leftovers|Unaware|Protect,OrderUp,BodyPress,RockSlide|||F|||50|,,,,,Grass]Tatsugiri-Droopy||ChoiceScarf|Commander|HelpingHand,IcyWind,MuddyWater,DracoMeteor|||F|||50|,,,,,Steel]Slaking||SitrusBerry|Truant|PlayRough,HighHorsepower,KnockOff,Protect|||F|||50|,,,,,Fairy]Weezing||RockyHelmet|NeutralizingGas|Protect,Taunt,WillOWisp,SludgeBomb|||F|||50|,,,,,Flying]Garchomp||LifeOrb|RoughSkin|Earthquake,StompingTantrum,DragonClaw,Protect|||F|||50|,,,,,Ground]Kilowattrel||FocusSash|Competitive|Discharge,Tailwind,AirSlash,Protect|||M|||50|,,,,,Ghost
|inactive|Battle timer is ON: inactive players will automatically lose when time's up. (requested by Sabasvgc)
|inactive|ttvmoxiie has 60 seconds left.
|inactive|Sabasvgc has 60 seconds left.
|inactive|ttvmoxiie has 30 seconds left.
|
|t:|1757792770
|teamsize|p1|4
|teamsize|p2|4
|start
|switch|p1a: Annihilape|Annihilape, L50, M|100/100
|switch|p1b: Maushold|Maushold-Four, L50|100/100
|switch|p2a: Slaking|Slaking, L50, F, shiny|100/100
|switch|p2b: Weezing|Weezing, L50, F, shiny|100/100
|-ability|p2b: Weezing|Neutralizing Gas
|turn|1
|inactive|ttvmoxiie has 30 seconds left.
|inactive|Sabasvgc has 30 seconds left.
|inactive|Sabasvgc has 20 seconds left.
|
|t:|1757792807
|-terastallize|p1a: Annihilape|Fire
|move|p1b: Maushold|Beat Up|p1a: Annihilape
|-damage|p1a: Annihilape|97/100
|-damage|p1a: Annihilape|95/100
|-damage|p1a: Annihilape|91/100
|-damage|p1a: Annihilape|87/100
|-hitcount|p1a: Annihilape|4
|move|p1a: Annihilape|Bulk Up|p1a: Annihilape
|-boost|p1a: Annihilape|atk|1
|-boost|p1a: Annihilape|def|1
|move|p2a: Slaking|Play Rough|p1a: Annihilape
|-resisted|p1a: Annihilape
|-crit|p1a: Annihilape
|-damage|p1a: Annihilape|52/100
|move|p2b: Weezing|Will-O-Wisp|p1a: Annihilape|[miss]
|-miss|p2b: Weezing|p1a: Annihilape
|
|upkeep
|turn|2
|inactive|ttvmoxiie has 30 seconds left.
|
|t:|1757792839
|move|p2a: Slaking|Protect|p2a: Slaking
|-singleturn|p2a: Slaking|Protect
|move|p1b: Maushold|Super Fang|p2a: Slaking
|-activate|p2a: Slaking|move: Protect
|move|p1a: Annihilape|Bulk Up|p1a: Annihilape
|-boost|p1a: Annihilape|atk|1
|-boost|p1a: Annihilape|def|1
|move|p2b: Weezing|Taunt|p1b: Maushold
|-start|p1b: Maushold|move: Taunt
|
|upkeep
|turn|3
|
|t:|1757792862
|move|p1b: Maushold|Super Fang|p2b: Weezing|[miss]
|-miss|p1b: Maushold|p2b: Weezing
|move|p1a: Annihilape|Drain Punch|p2a: Slaking
|-supereffective|p2a: Slaking
|-damage|p2a: Slaking|5/100
|-heal|p1a: Annihilape|100/100|[from] drain|[of] p2a: Slaking
|-enditem|p2a: Slaking|Sitrus Berry|[eat]
|-heal|p2a: Slaking|30/100|[from] item: Sitrus Berry
|move|p2a: Slaking|High Horsepower|p1a: Annihilape
|-supereffective|p1a: Annihilape
|-damage|p1a: Annihilape|56/100
|move|p2b: Weezing|Sludge Bomb|p1a: Annihilape
|-damage|p1a: Annihilape|32/100
|-enditem|p1a: Annihilape|Sitrus Berry|[eat]
|-heal|p1a: Annihilape|57/100|[from] item: Sitrus Berry
|
|upkeep
|turn|4
|inactive|Sabasvgc has 30 seconds left.
|
|t:|1757792890
|move|p2a: Slaking|Protect|p2a: Slaking
|-singleturn|p2a: Slaking|Protect
|move|p1b: Maushold|Super Fang|p2b: Weezing
|-damage|p2b: Weezing|51/100
|-damage|p1b: Maushold|84/100|[from] item: Rocky Helmet|[of] p2b: Weezing
|move|p1a: Annihilape|Drain Punch|p2a: Slaking
|-activate|p2a: Slaking|move: Protect
|move|p2b: Weezing|Sludge Bomb|p1a: Annihilape
|-damage|p1a: Annihilape|35/100
|
|upkeep
|turn|5
|inactive|Sabasvgc has 30 seconds left.
|
|t:|1757792925
|move|p1b: Maushold|Super Fang|p2b: Weezing
|-damage|p2b: Weezing|26/100
|-damage|p1b: Maushold|67/100|[from] item: Rocky Helmet|[of] p2b: Weezing
|move|p1a: Annihilape|Drain Punch|p2a: Slaking
|-supereffective|p2a: Slaking
|-damage|p2a: Slaking|0 fnt
|-heal|p1a: Annihilape|52/100|[from] drain|[of] p2a: Slaking
|faint|p2a: Slaking
|move|p2b: Weezing|Sludge Bomb|p1a: Annihilape
|-damage|p1a: Annihilape|28/100
|
|-end|p1b: Maushold|move: Taunt
|upkeep
|inactive|Sabasvgc has 30 seconds left.
|
|t:|1757792957
|switch|p2a: Garchomp|Garchomp, L50, F, shiny|100/100
|turn|6
|inactive|Sabasvgc has 30 seconds left.
|
|t:|1757792984
|-end|p2b: Weezing|ability: Neutralizing Gas
|switch|p2b: Kilowattrel|Kilowattrel, L50, M, shiny|100/100
|move|p1b: Maushold|Follow Me|p1b: Maushold
|-singleturn|p1b: Maushold|move: Follow Me
|move|p1a: Annihilape|Rage Fist|p2a: Garchomp
|-damage|p2a: Garchomp|0 fnt
|-damage|p1a: Annihilape|16/100|[from] ability: Rough Skin|[of] p2a: Garchomp
|faint|p2a: Garchomp
|
|upkeep
|-message|Sabasvgc forfeited.
|
|win|ttvmoxiie
|l|☆Sabasvgc
|player|p2|
|j|☆Sabasvgc
|player|p2|Sabasvgc|170|
