|j|☆I am the Sweeper
|j|☆Gengosh!
|html|I am the SweeperGengosh!    
|uhtml|bestof|Game 1 of a best-of-3
|t:|1756281076
|gametype|doubles
|player|p1|I am the Sweeper|janitor|1107
|player|p2|Gengosh!|blackbelt-gen4|1000
|gen|9
|tier|[Gen 9] VGC 2025 Reg H (Bo3)
|rated|
|rule|Species Clause: Limit one of each Pokémon
|rule|Item Clause: Limit 1 of each item
|clearpoke
|poke|p1|Garganacl, L50, M|
|poke|p1|Dondozo, L50, F|
|poke|p1|Sneasler, L50, F|
|poke|p1|Gholdengo, L50|
|poke|p1|Ninetales-Alola, L50, M|
|poke|p1|Incineroar, L50, M|
|poke|p2|Incineroar, L50, F|
|poke|p2|Tyranitar, L50, M|
|poke|p2|Amoonguss, L50, M|
|poke|p2|Mimikyu, L50, M|
|poke|p2|Rillaboom, L50, F|
|poke|p2|Farigiraf, L50, F|
|teampreview|4
|showteam|p1|Garganacl||MarangaBerry|PurifyingSalt|SaltCure,StealthRock,Protect,Recover|||M|||50|,,,,,Flying]Dondozo||Leftovers|Unaware|Liquidation,Yawn,Curse,Protect|||F|||50|,,,,,Poison]Sneasler||FocusSash|PoisonTouch|DireClaw,CloseCombat,Coaching,Protect|||F|||50|,,,,,Ghost]Gholdengo||ChoiceScarf|GoodasGold|MakeItRain,ShadowBall,Trick,PowerGem||||||50|,,,,,Steel]Ninetales-Alola||NeverMeltIce|SnowWarning|Blizzard,FreezeDry,Protect,AuroraVeil|||M|||50|,,,,,Ice]Incineroar||AssaultVest|Intimidate|FlareBlitz,KnockOff,FakeOut,DrainPunch|||M|||50|,,,,,Grass
|showteam|p2|Incineroar||SafetyGoggles|Intimidate|FlareBlitz,KnockOff,PartingShot,FakeOut|||F|||50|,,,,,Ghost]Tyranitar||AssaultVest|SandStream|Crunch,RockSlide,IcePunch,ThunderFang|||M|||50|,,,,,Fighting]Amoonguss||CovertCloak|Regenerator|Protect,RagePowder,Spore,PollenPuff|||M|||50|,,,,,Water]Mimikyu||FocusSash|Disguise|Curse,PlayRough,ShadowSneak,TrickRoom|||M|||50|,,,,,Fairy]Rillaboom||MiracleSeed|GrassySurge|Protect,FakeOut,WoodHammer,GrassyGlide|||F|||50|,,,,,Water]Farigiraf||RockyHelmet|ArmorTail|TrickRoom,Psychic,DazzlingGleam,Protect|||F|||50|,,,,,Steel
|
|t:|1756281112
|teamsize|p1|4
|teamsize|p2|4
|start
|switch|p1a: Garganacl|Garganacl, L50, M|100/100
|switch|p1b: Sneasler|Sneasler, L50, F|100/100
|switch|p2a: Amoonguss|Amoonguss, L50, M|100/100
|switch|p2b: Rillaboom|Rillaboom, L50, F|100/100
|-fieldstart|move: Grassy Terrain|[from] ability: Grassy Surge|[of] p2b: Rillaboom
|turn|1
|
|t:|1756281157
|-terastallize|p1a: Garganacl|Flying
|move|p1b: Sneasler|Protect|p1b: Sneasler
|-singleturn|p1b: Sneasler|Protect
|move|p2b: Rillaboom|Fake Out|p1b: Sneasler
|-activate|p1b: Sneasler|move: Protect
|move|p1a: Garganacl|Stealth Rock|p2a: Amoonguss
|-sidestart|p2: Gengosh!|move: Stealth Rock
|move|p2a: Amoonguss|Spore|p1a: Garganacl
|-immune|p1a: Garganacl|[from] ability: Purifying Salt
|
|upkeep
|turn|2
|
|t:|1756281191
|move|p2b: Rillaboom|Protect|p2b: Rillaboom
|-singleturn|p2b: Rillaboom|Protect
|move|p1b: Sneasler|Coaching|p1a: Garganacl
|-boost|p1a: Garganacl|atk|1
|-boost|p1a: Garganacl|def|1
|move|p1a: Garganacl|Salt Cure|p2b: Rillaboom
|-activate|p2b: Rillaboom|move: Protect
|move|p2a: Amoonguss|Spore|p1b: Sneasler
|-status|p1b: Sneasler|slp|[from] move: Spore
|
|upkeep
|turn|3
|
|t:|1756281266
|move|p2a: Amoonguss|Protect|p2a: Amoonguss
|-singleturn|p2a: Amoonguss|Protect
|cant|p1b: Sneasler|slp
|move|p2b: Rillaboom|Wood Hammer|p1b: Sneasler
|-resisted|p1b: Sneasler
|-damage|p1b: Sneasler|18/100 slp
|-damage|p2b: Rillaboom|80/100|[from] Recoil
|move|p1a: Garganacl|Salt Cure|p2b: Rillaboom
|-damage|p2b: Rillaboom|61/100
|-start|p2b: Rillaboom|Salt Cure
|
|-heal|p1b: Sneasler|24/100 slp|[from] Grassy Terrain
|-heal|p2b: Rillaboom|67/100|[from] Grassy Terrain
|-damage|p2b: Rillaboom|55/100|[from] Salt Cure
|upkeep
|turn|4
|
|t:|1756281328
|switch|p1b: Gholdengo|Gholdengo, L50|100/100
|move|p2b: Rillaboom|Grassy Glide|p1b: Gholdengo
|-resisted|p1b: Gholdengo
|-damage|p1b: Gholdengo|74/100
|move|p1a: Garganacl|Salt Cure|p2b: Rillaboom
|-crit|p2b: Rillaboom
|-damage|p2b: Rillaboom|27/100
|move|p2a: Amoonguss|Pollen Puff|p2b: Rillaboom
|-heal|p2b: Rillaboom|77/100
|
|-heal|p1b: Gholdengo|80/100|[from] Grassy Terrain
|-heal|p2b: Rillaboom|83/100|[from] Grassy Terrain
|-damage|p2b: Rillaboom|71/100|[from] Salt Cure
|upkeep
|turn|5
|
|t:|1756281370
|-terastallize|p2a: Amoonguss|Water
|move|p1b: Gholdengo|Trick|p2a: Amoonguss
|-activate|p1b: Gholdengo|move: Trick|[of] p2a: Amoonguss
|-item|p2a: Amoonguss|Choice Scarf|[from] move: Trick
|-item|p1b: Gholdengo|Covert Cloak|[from] move: Trick
|move|p2b: Rillaboom|Wood Hammer|p1b: Gholdengo
|-resisted|p1b: Gholdengo
|-damage|p1b: Gholdengo|18/100
|-damage|p2b: Rillaboom|54/100|[from] Recoil
|move|p2a: Amoonguss|Spore|p1b: Gholdengo
|-immune|p1b: Gholdengo|[from] ability: Good as Gold
|move|p1a: Garganacl|Salt Cure|p2b: Rillaboom
|-damage|p2b: Rillaboom|35/100
|
|-heal|p1b: Gholdengo|24/100|[from] Grassy Terrain
|-heal|p2b: Rillaboom|41/100|[from] Grassy Terrain
|-damage|p2b: Rillaboom|29/100|[from] Salt Cure
|-fieldend|move: Grassy Terrain
|upkeep
|turn|6
|
|t:|1756281437
|switch|p2a: Mimikyu|Mimikyu, L50, M|100/100
|-damage|p2a: Mimikyu|88/100|[from] Stealth Rock
|move|p1b: Gholdengo|Shadow Ball|p2b: Rillaboom
|-damage|p2b: Rillaboom|0 fnt
|faint|p2b: Rillaboom
|move|p1a: Garganacl|Salt Cure|p2a: Mimikyu
|-activate|p2a: Mimikyu|ability: Disguise
|-damage|p2a: Mimikyu|88/100
|-start|p2a: Mimikyu|Salt Cure
|detailschange|p2a: Mimikyu|Mimikyu-Busted, L50, M
|-damage|p2a: Mimikyu|76/100|[from] pokemon: Mimikyu-Busted
|
|-damage|p2a: Mimikyu|63/100|[from] Salt Cure
|upkeep
|
|t:|1756281453
|switch|p2b: Incineroar|Incineroar, L50, F|100/100
|-damage|p2b: Incineroar|76/100|[from] Stealth Rock
|-ability|p2b: Incineroar|Intimidate|boost
|-unboost|p1a: Garganacl|atk|1
|-unboost|p1b: Gholdengo|atk|1
|turn|7
|
|t:|1756281491
|move|p2b: Incineroar|Fake Out|p1b: Gholdengo
|-immune|p1b: Gholdengo
|move|p1b: Gholdengo|Make It Rain|p2b: Incineroar|[spread] p2a,p2b
|-supereffective|p2a: Mimikyu
|-resisted|p2b: Incineroar
|-damage|p2a: Mimikyu|0 fnt
|-damage|p2b: Incineroar|53/100
|-unboost|p1b: Gholdengo|spa|1
|faint|p2a: Mimikyu
|move|p1a: Garganacl|Salt Cure|p2b: Incineroar
|-supereffective|p2b: Incineroar
|-damage|p2b: Incineroar|30/100
|-start|p2b: Incineroar|Salt Cure
|
|-damage|p2b: Incineroar|17/100|[from] Salt Cure
|upkeep
|
|t:|1756281510
|switch|p2a: Amoonguss|Amoonguss, L50, M, tera:Water|100/100
|-damage|p2a: Amoonguss|88/100|[from] Stealth Rock
|turn|8
|
|t:|1756281542
|move|p1b: Gholdengo|Make It Rain|p2a: Amoonguss|[spread] p2a,p2b
|-resisted|p2a: Amoonguss
|-resisted|p2b: Incineroar
|-damage|p2a: Amoonguss|77/100
|-damage|p2b: Incineroar|1/100
|-unboost|p1b: Gholdengo|spa|1
|move|p2b: Incineroar|Knock Off|p1b: Gholdengo
|-supereffective|p1b: Gholdengo
|-damage|p1b: Gholdengo|0 fnt
|-enditem|p1b: Gholdengo|Covert Cloak|[from] move: Knock Off|[of] p2b: Incineroar
|faint|p1b: Gholdengo
|move|p2a: Amoonguss|Pollen Puff|p2b: Incineroar
|-heal|p2b: Incineroar|51/100
|move|p1a: Garganacl|Salt Cure|p2a: Amoonguss
|-damage|p2a: Amoonguss|64/100
|-start|p2a: Amoonguss|Salt Cure
|
|-damage|p2b: Incineroar|39/100|[from] Salt Cure
|-damage|p2a: Amoonguss|39/100|[from] Salt Cure
|upkeep
|
|t:|1756281562
|switch|p1b: Ninetales|Ninetales-Alola, L50, M|100/100
|-weather|Snowscape|[from] ability: Snow Warning|[of] p1b: Ninetales
|turn|9
|
|t:|1756281573
|move|p1a: Garganacl|Protect|p1a: Garganacl
|-singleturn|p1a: Garganacl|Protect
|move|p1b: Ninetales|Aurora Veil|p1b: Ninetales
|-sidestart|p1: I am the Sweeper|move: Aurora Veil
|move|p2b: Incineroar|Flare Blitz|p1b: Ninetales
|-supereffective|p1b: Ninetales
|-damage|p1b: Ninetales|22/100
|-damage|p2b: Incineroar|19/100|[from] Recoil
|move|p2a: Amoonguss|Pollen Puff|p2b: Incineroar
|-heal|p2b: Incineroar|69/100
|
|-weather|Snowscape|[upkeep]
|-damage|p2b: Incineroar|56/100|[from] Salt Cure
|-damage|p2a: Amoonguss|14/100|[from] Salt Cure
|upkeep
|turn|10
|
|t:|1756281613
|move|p1b: Ninetales|Protect|p1b: Ninetales
|-singleturn|p1b: Ninetales|Protect
|move|p2b: Incineroar|Flare Blitz|p1a: Garganacl
|-damage|p1a: Garganacl|83/100
|-damage|p2b: Incineroar|50/100|[from] Recoil
|move|p2a: Amoonguss|Pollen Puff|p2b: Incineroar
|-heal|p2b: Incineroar|100/100
|move|p1a: Garganacl|Recover|p1a: Garganacl
|-heal|p1a: Garganacl|100/100
|
|-weather|Snowscape|[upkeep]
|-damage|p2b: Incineroar|88/100|[from] Salt Cure
|-damage|p2a: Amoonguss|0 fnt|[from] Salt Cure
|faint|p2a: Amoonguss
|upkeep
|turn|11
|
|t:|1756281638
|move|p1b: Ninetales|Blizzard|p2b: Incineroar
|-resisted|p2b: Incineroar
|-damage|p2b: Incineroar|64/100
|move|p2b: Incineroar|Knock Off|p1b: Ninetales
|-resisted|p1b: Ninetales
|-damage|p1b: Ninetales|5/100
|-enditem|p1b: Ninetales|Never-Melt Ice|[from] move: Knock Off|[of] p2b: Incineroar
|move|p1a: Garganacl|Salt Cure|p2b: Incineroar
|-supereffective|p2b: Incineroar
|-damage|p2b: Incineroar|41/100
|
|-weather|Snowscape|[upkeep]
|-damage|p2b: Incineroar|28/100|[from] Salt Cure
|upkeep
|turn|12
|
|t:|1756281654
|move|p1b: Ninetales|Blizzard|p2b: Incineroar
|-resisted|p2b: Incineroar
|-damage|p2b: Incineroar|10/100
|move|p2b: Incineroar|Knock Off|p1b: Ninetales
|-resisted|p1b: Ninetales
|-damage|p1b: Ninetales|0 fnt
|faint|p1b: Ninetales
|move|p1a: Garganacl|Salt Cure|p2b: Incineroar
|-supereffective|p2b: Incineroar
|-damage|p2b: Incineroar|0 fnt
|faint|p2b: Incineroar
|
|win|I am the Sweeper
||I am the Sweeper is ready for game 2.
|inactive|Gengosh! has 30 seconds to confirm battle start!
|c|☆Gengosh!|goldengo zzz bot
|inactive|Gengosh! has 20 seconds to confirm battle start!
|raw|I am the Sweeper's rating: 1107 → 1125(+18 for winning)
|raw|Gengosh!'s rating: 1000 → 1000(+0 for losing)
|l|☆Gengosh!
|player|p2|
