|j|☆Rodrigo21amz
|j|☆MuseigenTest
|html|Rodrigo21amzMuseigenTest    
|uhtml|bestof|Game 1 of a best-of-3
|t:|1757053260
|gametype|doubles
|player|p1|Rodrigo21amz|volkner|1310
|player|p2|MuseigenTest|169|1380
|gen|9
|tier|[Gen 9] VGC 2025 Reg H (Bo3)
|rated|
|rule|Species Clause: Limit one of each Pokémon
|rule|Item Clause: Limit 1 of each item
|clearpoke
|poke|p1|Ursaluna-Bloodmoon, L50, M|
|poke|p1|Electabuzz, L50, M|
|poke|p1|Sneasler, L50, M|
|poke|p1|Dragonite, L50, F|
|poke|p1|Rillaboom, L50, F|
|poke|p1|Volcarona, L50, M|
|poke|p2|Sneasler, L50, M|
|poke|p2|Indeedee, L50, M|
|poke|p2|Volcarona, L50, M|
|poke|p2|Ursaluna-Bloodmoon, L50, M|
|poke|p2|Annihilape, L50, F|
|poke|p2|Tyranitar, L50, M|
|teampreview|4
|showteam|p1|Ursaluna-Bloodmoon||LifeOrb|MindsEye|BloodMoon,HyperVoice,EarthPower,Protect|||M|||50|,,,,,Normal]Electabuzz||Eviolite|VitalSpirit|FollowMe,Electroweb,Taunt,Protect|||M|||50|,,,,,Fairy]Sneasler||FocusSash|PoisonTouch|FakeOut,DireClaw,CloseCombat,Protect|||M|||50|,,,,,Stellar]Dragonite||LoadedDice|Multiscale|Haze,ScaleShot,Protect,ExtremeSpeed|||F|||50|,,,,,Steel]Rillaboom||AssaultVest|GrassySurge|WoodHammer,FakeOut,GrassyGlide,HighHorsepower|||F|||50|,,,,,Fire]Volcarona||Leftovers|FlameBody|QuiverDance,Protect,TeraBlast,HeatWave|||M|||50|,,,,,Fairy
|showteam|p2|Sneasler||PsychicSeed|Unburden|CloseCombat,DireClaw,ThroatChop,Protect|||M|||50|,,,,,Dark]Indeedee||ChoiceScarf|PsychicSurge|ExpandingForce,TeraBlast,Trick,Protect|||M|||50|,,,,,Psychic]Volcarona||SitrusBerry|FlameBody|Overheat,StruggleBug,RagePowder,Tailwind|||M|||50|,,,,,Grass]Ursaluna-Bloodmoon||LifeOrb|MindsEye|BloodMoon,HyperVoice,EarthPower,Protect|||M|||50|,,,,,Normal]Annihilape||SafetyGoggles|Defiant|CloseCombat,RageFist,Taunt,FinalGambit|||F|||50|,,,,,Fairy]Tyranitar||AssaultVest|SandStream|RockSlide,KnockOff,TeraBlast,LowKick|||M|||50|,,,,,Flying
|
|t:|1757053325
|teamsize|p1|4
|teamsize|p2|4
|start
|switch|p1a: Rillaboom|Rillaboom, L50, F|100/100
|switch|p1b: Volcarona|Volcarona, L50, M|100/100
|switch|p2a: Volcarona|Volcarona, L50, M|100/100
|switch|p2b: Tyranitar|Tyranitar, L50, M|100/100
|-fieldstart|move: Grassy Terrain|[from] ability: Grassy Surge|[of] p1a: Rillaboom
|-weather|Sandstorm|[from] ability: Sand Stream|[of] p2b: Tyranitar
|turn|1
|inactive|Battle timer is ON: inactive players will automatically lose when time's up. (requested by MuseigenTest)
|inactive|MuseigenTest has 60 seconds left.
|
|t:|1757053369
|-terastallize|p2b: Tyranitar|Flying
|move|p1a: Rillaboom|Fake Out|p2b: Tyranitar
|-damage|p2b: Tyranitar|88/100
|move|p2a: Volcarona|Tailwind|p2a: Volcarona
|-sidestart|p2: MuseigenTest|move: Tailwind
|cant|p2b: Tyranitar|flinch
|move|p1b: Volcarona|Quiver Dance|p1b: Volcarona
|-boost|p1b: Volcarona|spa|1
|-boost|p1b: Volcarona|spd|1
|-boost|p1b: Volcarona|spe|1
|
|-weather|Sandstorm|[upkeep]
|-damage|p2a: Volcarona|94/100|[from] Sandstorm
|-damage|p1b: Volcarona|94/100|[from] Sandstorm
|-damage|p2b: Tyranitar|82/100|[from] Sandstorm
|-damage|p1a: Rillaboom|94/100|[from] Sandstorm
|-heal|p2a: Volcarona|100/100|[from] Grassy Terrain
|-heal|p1b: Volcarona|100/100|[from] Grassy Terrain
|-heal|p1a: Rillaboom|100/100|[from] Grassy Terrain
|upkeep
|turn|2
|inactive|Rodrigo21amz has 30 seconds left.
|inactive|MuseigenTest has 30 seconds left.
|inactive|MuseigenTest has 20 seconds left.
|inactive|MuseigenTest has 15 seconds left.
|inactive|MuseigenTest has 10 seconds left.
|inactive|MuseigenTest has 5 seconds left.
|
|t:|1757053420
|move|p1b: Volcarona|Protect|p1b: Volcarona
|-singleturn|p1b: Volcarona|Protect
|move|p2a: Volcarona|Overheat|p1a: Rillaboom
|-supereffective|p1a: Rillaboom
|-damage|p1a: Rillaboom|6/100
|-unboost|p2a: Volcarona|spa|2
|move|p2b: Tyranitar|Tera Blast|p1a: Rillaboom|[anim] Tera Blast Flying
|-supereffective|p1a: Rillaboom
|-damage|p1a: Rillaboom|0 fnt
|faint|p1a: Rillaboom
|
|-weather|Sandstorm|[upkeep]
|-damage|p2a: Volcarona|94/100|[from] Sandstorm
|-damage|p1b: Volcarona|94/100|[from] Sandstorm
|-damage|p2b: Tyranitar|76/100|[from] Sandstorm
|-heal|p2a: Volcarona|100/100|[from] Grassy Terrain
|-heal|p1b: Volcarona|100/100|[from] Grassy Terrain
|upkeep
|
|t:|1757053435
|switch|p1a: Sneasler|Sneasler, L50, M|100/100
|turn|3
|inactive|MuseigenTest has 30 seconds left.
|inactive|MuseigenTest has 20 seconds left.
|inactive|MuseigenTest has 15 seconds left.
|inactive|MuseigenTest has 10 seconds left.
|inactive|MuseigenTest has 5 seconds left.
|
|t:|1757053486
|move|p1a: Sneasler|Fake Out|p2b: Tyranitar
|-damage|p2b: Tyranitar|65/100
|move|p2a: Volcarona|Rage Powder|p2a: Volcarona
|-singleturn|p2a: Volcarona|move: Rage Powder
|move|p1b: Volcarona|Quiver Dance|p1b: Volcarona
|-boost|p1b: Volcarona|spa|1
|-boost|p1b: Volcarona|spd|1
|-boost|p1b: Volcarona|spe|1
|cant|p2b: Tyranitar|flinch
|
|-weather|Sandstorm|[upkeep]
|-damage|p2a: Volcarona|94/100|[from] Sandstorm
|-damage|p1b: Volcarona|94/100|[from] Sandstorm
|-damage|p2b: Tyranitar|59/100|[from] Sandstorm
|-damage|p1a: Sneasler|95/100|[from] Sandstorm
|-heal|p2a: Volcarona|100/100|[from] Grassy Terrain
|-heal|p1b: Volcarona|100/100|[from] Grassy Terrain
|-heal|p1a: Sneasler|100/100|[from] Grassy Terrain
|upkeep
|turn|4
|inactive|MuseigenTest has 30 seconds left.
|inactive|Rodrigo21amz has 30 seconds left.
|inactive|MuseigenTest has 20 seconds left.
|inactive|MuseigenTest has 15 seconds left.
|inactive|Rodrigo21amz has 20 seconds left.
|inactive|MuseigenTest has 10 seconds left.
|
|t:|1757053532
|move|p1b: Volcarona|Protect|p1b: Volcarona
|-singleturn|p1b: Volcarona|Protect
|move|p1a: Sneasler|Protect|p1a: Sneasler
|-singleturn|p1a: Sneasler|Protect
|move|p2a: Volcarona|Struggle Bug|p1a: Sneasler|[spread] 
|-activate|p1a: Sneasler|move: Protect
|-activate|p1b: Volcarona|move: Protect
|move|p2b: Tyranitar|Tera Blast|p1b: Volcarona|[anim] Tera Blast Flying
|-activate|p1b: Volcarona|move: Protect
|
|-weather|Sandstorm|[upkeep]
|-damage|p2a: Volcarona|94/100|[from] Sandstorm
|-damage|p1b: Volcarona|94/100|[from] Sandstorm
|-damage|p2b: Tyranitar|53/100|[from] Sandstorm
|-damage|p1a: Sneasler|95/100|[from] Sandstorm
|-heal|p2a: Volcarona|100/100|[from] Grassy Terrain
|-heal|p1b: Volcarona|100/100|[from] Grassy Terrain
|-heal|p1a: Sneasler|100/100|[from] Grassy Terrain
|-sideend|p2: MuseigenTest|move: Tailwind
|upkeep
|turn|5
|
|t:|1757053550
|-terastallize|p1b: Volcarona|Fairy
|move|p1b: Volcarona|Heat Wave|p2a: Volcarona|[spread] p2a,p2b
|-damage|p2a: Volcarona|32/100
|-damage|p2b: Tyranitar|8/100
|-enditem|p2a: Volcarona|Sitrus Berry|[eat]
|-heal|p2a: Volcarona|57/100|[from] item: Sitrus Berry
|move|p1a: Sneasler|Dire Claw|p2b: Tyranitar
|-crit|p2b: Tyranitar
|-damage|p2b: Tyranitar|0 fnt
|faint|p2b: Tyranitar
|move|p2a: Volcarona|Tailwind|p2a: Volcarona
|-sidestart|p2: MuseigenTest|move: Tailwind
|
|-weather|none
|-heal|p2a: Volcarona|63/100|[from] Grassy Terrain
|-fieldend|move: Grassy Terrain
|upkeep
|inactive|MuseigenTest has 30 seconds left.
|
|t:|1757053583
|switch|p2b: Sneasler|Sneasler, L50, M|100/100
|turn|6
|
|t:|1757053603
|switch|p2a: Indeedee|Indeedee, L50, M|100/100
|-fieldstart|move: Psychic Terrain|[from] ability: Psychic Surge|[of] p2a: Indeedee
|-enditem|p2b: Sneasler|Psychic Seed
|-boost|p2b: Sneasler|spd|1|[from] item: Psychic Seed
|switch|p1a: Ursaluna|Ursaluna-Bloodmoon, L50, M|100/100
|move|p1b: Volcarona|Protect|p1b: Volcarona
|-singleturn|p1b: Volcarona|Protect
|move|p2b: Sneasler|Dire Claw|p1b: Volcarona
|-activate|p1b: Volcarona|move: Protect
|
|upkeep
|turn|7
|inactive|Rodrigo21amz has 30 seconds left.
|
|t:|1757053631
|move|p2b: Sneasler|Dire Claw|p1b: Volcarona
|-supereffective|p1b: Volcarona
|-damage|p1b: Volcarona|0 fnt
|-status|p2b: Sneasler|brn|[from] ability: Flame Body|[of] p1b: Volcarona
|faint|p1b: Volcarona
|move|p2a: Indeedee|Expanding Force|p1a: Ursaluna
|-damage|p1a: Ursaluna|0 fnt
|faint|p1a: Ursaluna
|
|-damage|p2b: Sneasler|95/100 brn|[from] brn
|upkeep
|-message|Rodrigo21amz forfeited.
|
|win|MuseigenTest
|l|☆Rodrigo21amz
|player|p1|
||MuseigenTest is ready for game 2.
||Rodrigo21amz is ready for game 2.
|uhtml|next|Next: Game 2 of 3
