|j|☆FanPoke2011
|j|☆Sodamario
|html|FanPoke2011Sodamario    
|uhtml|bestof|Game 3 of a best-of-3
|t:|1755649392
|gametype|doubles
|player|p1|FanPoke2011|266|1308
|player|p2|Sodamario|n|1393
|gen|9
|tier|[Gen 9] VGC 2025 Reg H (Bo3)
|rated|
|rule|Species Clause: Limit one of each Pokémon
|rule|Item Clause: Limit 1 of each item
|clearpoke
|poke|p1|Sneasler, L50, M|
|poke|p1|Indeedee, L50, M|
|poke|p1|Talonflame, L50, F|
|poke|p1|Ursaluna-Bloodmoon, L50, M|
|poke|p1|Electabuzz, L50, M|
|poke|p1|Incineroar, L50, M|
|poke|p2|Kingambit, L50, F|
|poke|p2|Rillaboom, L50, F|
|poke|p2|Electabuzz, L50, M|
|poke|p2|Volcarona, L50, M|
|poke|p2|Sneasler, L50, F|
|poke|p2|Dragonite, L50, M|
|teampreview|4
|showteam|p1|Sneasler||PsychicSeed|Unburden|DireClaw,CloseCombat,Protect,ThroatChop|||M|||50|,,,,,Dark]Indeedee||FocusSash|PsychicSurge|HelpingHand,Protect,ExpandingForce,TrickRoom|||M|||50|,,,,,Psychic]Talonflame||CovertCloak|GaleWings|FlareBlitz,Tailwind,DualWingbeat,WillOWisp|||F|||50|,,,,,Fairy]Ursaluna-Bloodmoon||LifeOrb|MindsEye|BloodMoon,HyperVoice,EarthPower,Protect|||M|||50|,,,,,Normal]Electabuzz||Eviolite|VitalSpirit|FollowMe,Electroweb,Taunt,Protect|||M|||50|,,,,,Dragon]Incineroar||SafetyGoggles|Intimidate|FakeOut,FlareBlitz,KnockOff,PartingShot|||M|||50|,,,,,Ghost
|showteam|p2|Kingambit||BlackGlasses|Defiant|Protect,KowtowCleave,SuckerPunch,SwordsDance|||F|||50|,,,,,Dark]Rillaboom||AssaultVest|GrassySurge|WoodHammer,GrassyGlide,HighHorsepower,FakeOut|||F|||50|,,,,,Fire]Electabuzz||Eviolite|VitalSpirit|Protect,Thunderbolt,HelpingHand,FollowMe|||M|||50|,,,,,Ghost]Volcarona||CovertCloak|FlameBody|Protect,HeatWave,TeraBlast,QuiverDance|||M|||50|,,,,,Fairy]Sneasler||FocusSash|Unburden|CloseCombat,DireClaw,Coaching,FakeOut|||F|||50|,,,,,Stellar]Dragonite||LoadedDice|Multiscale|ScaleShot,Haze,ExtremeSpeed,Protect|||M|||50|,,,,,Fairy
|
|t:|1755649406
|teamsize|p1|4
|teamsize|p2|4
|start
|switch|p1a: Ursaluna|Ursaluna-Bloodmoon, L50, M|100/100
|switch|p1b: Electabuzz|Electabuzz, L50, M|100/100
|switch|p2a: Litofsky|Electabuzz, L50, M, shiny|100/100
|switch|p2b: Shigaraki|Sneasler, L50, F|100/100
|turn|1
|inactive|Battle timer is ON: inactive players will automatically lose when time's up. (requested by FanPoke2011)
|
|t:|1755649472
|switch|p2a: Trunkmeister|Rillaboom, L50, F, shiny|100/100
|-fieldstart|move: Grassy Terrain|[from] ability: Grassy Surge|[of] p2a: Trunkmeister
|move|p1a: Ursaluna|Protect|p1a: Ursaluna
|-singleturn|p1a: Ursaluna|Protect
|move|p2b: Shigaraki|Fake Out|p1a: Ursaluna
|-activate|p1a: Ursaluna|move: Protect
|move|p1b: Electabuzz|Electroweb|p2b: Shigaraki|[spread] p2a,p2b
|-resisted|p2a: Trunkmeister
|-crit|p2a: Trunkmeister
|-damage|p2a: Trunkmeister|92/100
|-damage|p2b: Shigaraki|79/100
|-unboost|p2a: Trunkmeister|spe|1
|-unboost|p2b: Shigaraki|spe|1
|
|-heal|p2b: Shigaraki|85/100|[from] Grassy Terrain
|-heal|p2a: Trunkmeister|98/100|[from] Grassy Terrain
|upkeep
|turn|2
|inactive|FanPoke2011 has 30 seconds left.
|inactive|FanPoke2011 has 20 seconds left.
|inactive|FanPoke2011 has 15 seconds left.
|inactive|FanPoke2011 has 10 seconds left.
|inactive|FanPoke2011 has 5 seconds left.
|
|t:|1755649525
|-terastallize|p1a: Ursaluna|Normal
|move|p1b: Electabuzz|Follow Me|p1b: Electabuzz
|-singleturn|p1b: Electabuzz|move: Follow Me
|move|p2b: Shigaraki|Coaching|p2a: Trunkmeister
|-boost|p2a: Trunkmeister|atk|1
|-boost|p2a: Trunkmeister|def|1
|move|p1a: Ursaluna|Hyper Voice|p2a: Trunkmeister|[spread] p2a,p2b
|-damage|p2a: Trunkmeister|46/100
|-damage|p2b: Shigaraki|0 fnt
|faint|p2b: Shigaraki
|-damage|p1a: Ursaluna|91/100|[from] item: Life Orb
|move|p2a: Trunkmeister|Wood Hammer|p1b: Electabuzz
|-damage|p1b: Electabuzz|0 fnt
|faint|p1b: Electabuzz
|-damage|p2a: Trunkmeister|21/100|[from] Recoil
|
|-heal|p1a: Ursaluna|97/100|[from] Grassy Terrain
|-heal|p2a: Trunkmeister|27/100|[from] Grassy Terrain
|upkeep
|
|t:|1755649541
|switch|p2b: All for One|Dragonite, L50, M|100/100
|switch|p1b: Indeedee|Indeedee, L50, M|100/100
|-fieldstart|move: Psychic Terrain|[from] ability: Psychic Surge|[of] p1b: Indeedee
|turn|3
|inactive|Sodamario has 30 seconds left.
|inactive|Sodamario has 20 seconds left.
|
|t:|1755649580
|switch|p2a: Litofsky|Electabuzz, L50, M, shiny|100/100
|move|p2b: All for One|Protect|p2b: All for One
|-singleturn|p2b: All for One|Protect
|move|p1a: Ursaluna|Hyper Voice|p2a: Litofsky|[spread] p2a
|-activate|p2b: All for One|move: Protect
|-damage|p2a: Litofsky|45/100
|-damage|p1a: Ursaluna|87/100|[from] item: Life Orb
|move|p1b: Indeedee|Trick Room|p1b: Indeedee
|-fieldstart|move: Trick Room|[of] p1b: Indeedee
|
|upkeep
|turn|4
|
|t:|1755649596
|move|p2a: Litofsky|Helping Hand|p2b: All for One
|-singleturn|p2b: All for One|Helping Hand|[of] p2a: Litofsky
|move|p1b: Indeedee|Protect|p1b: Indeedee
|-singleturn|p1b: Indeedee|Protect
|move|p1a: Ursaluna|Hyper Voice|p2a: Litofsky|[spread] p2a,p2b
|-crit|p2a: Litofsky
|-damage|p2a: Litofsky|0 fnt
|-damage|p2b: All for One|61/100
|faint|p2a: Litofsky
|-damage|p1a: Ursaluna|78/100|[from] item: Life Orb
|move|p2b: All for One|Scale Shot|p1b: Indeedee
|-activate|p1b: Indeedee|move: Protect
|
|upkeep
|
|t:|1755649601
|switch|p2a: Trunkmeister|Rillaboom, L50, F, shiny|27/100
|-fieldstart|move: Grassy Terrain|[from] ability: Grassy Surge|[of] p2a: Trunkmeister
|turn|5
|inactive|FanPoke2011 has 30 seconds left.
|inactive|Sodamario has 30 seconds left.
|
|t:|1755649636
|switch|p1b: Sneasler|Sneasler, L50, M|100/100
|move|p1a: Ursaluna|Protect|p1a: Ursaluna
|-singleturn|p1a: Ursaluna|Protect
|move|p2a: Trunkmeister|Fake Out|p1a: Ursaluna
|-activate|p1a: Ursaluna|move: Protect
|move|p2b: All for One|Scale Shot|p1a: Ursaluna
|-activate|p1a: Ursaluna|move: Protect
|
|-heal|p1a: Ursaluna|84/100|[from] Grassy Terrain
|-heal|p2a: Trunkmeister|33/100|[from] Grassy Terrain
|upkeep
|turn|6
|-message|Sodamario forfeited.
|
|win|FanPoke2011
|raw|FanPoke2011's rating: 1308 → 1333(+25 for winning)
|raw|Sodamario's rating: 1393 → 1368(-25 for losing)
