|j|☆toxiccroc12
|j|☆thegreatestnone
|html|toxiccroc12thegreatestnone    
|uhtml|bestof|Game 1 of a best-of-3
|t:|1784331494
|gametype|doubles
|player|p1|toxiccroc12|101|1063
|player|p2|thegreatestnone|102|1157
|gen|9
|tier|[Gen 9 Champions] VGC 2026 Reg M-B (Bo3)
|rated|
|rule|Species Clause: Limit one of each Pokémon
|rule|Item Clause: Limit 1 of each item
|clearpoke
|poke|p1|Floette-Eternal, L50, F|
|poke|p1|Incineroar, L50, M|
|poke|p1|Sinistcha, L50|
|poke|p1|Delphox, L50, F|
|poke|p1|Sneasler, L50, M|
|poke|p1|Kingambit, L50, F|
|poke|p2|Grimmsnarl, L50, M|
|poke|p2|Toxapex, L50, F|
|poke|p2|Hydreigon, L50, F|
|poke|p2|Incineroar, L50, F|
|poke|p2|Blaziken, L50, M|
|poke|p2|Scovillain, L50, M|
|teampreview|4
|showteam|p1|Floette-Eternal||Floettite|FlowerVeil|DazzlingGleam,DrainingKiss,CalmMind,Protect|Modest||F|||50|]Incineroar||SitrusBerry|Intimidate|FlareBlitz,FakeOut,PartingShot,HelpingHand|Impish||M|||50|]Sinistcha||OccaBerry|Hospitality|MatchaGotcha,RagePowder,TrickRoom,Protect|Relaxed|||||50|]Delphox||Delphoxite|Blaze|HeatWave,Psyshock,NastyPlot,Protect|Timid||F|||50|]Sneasler||FocusSash|PoisonTouch|PoisonJab,CloseCombat,FakeOut,QuickGuard|Jolly||M|||50|]Kingambit||BlackGlasses|Defiant|KowtowCleave,SuckerPunch,SwordsDance,Protect|Adamant||F|||50|
|showteam|p2|Grimmsnarl||LightClay|Prankster|Protect,Reflect,PartingShot,LightScreen|Sassy||M|||50|]Toxapex||Leftovers|Regenerator|BanefulBunker,Infestation,Toxic,Recover|Relaxed||F|||50|]Hydreigon||ChoiceScarf|Levitate|DarkPulse,DracoMeteor,FireBlast,EarthPower|Modest||F|||50|]Incineroar||SitrusBerry|Intimidate|FakeOut,PartingShot,ThroatChop,Protect|Impish||F|||50|]Blaziken||Blazikenite|SpeedBoost|CloseCombat,RockSlide,FlareBlitz,Protect|Jolly||M|||50|]Scovillain||Scovillainite|Chlorophyll|LeechSeed,RagePowder,Protect,Flamethrower|Calm||M|||50|
|
|t:|1784331594
|teamsize|p1|4
|teamsize|p2|4
|start
|switch|p1a: Floette|Floette-Eternal, L50, F|100/100
|switch|p1b: Sneasler|Sneasler, L50, M|100/100
|switch|p2a: Incineroar|Incineroar, L50, F|100/100
|switch|p2b: Toxapex|Toxapex, L50, F|100/100
|-ability|p2a: Incineroar|Intimidate|boost
|-unboost|p1a: Floette|atk|1
|-unboost|p1b: Sneasler|atk|1
|turn|1
|
|t:|1784331637
|detailschange|p1a: Floette|Floette-Mega, L50, F
|-mega|p1a: Floette|Floette|Floettite
|-ability|p1a: Floette|Fairy Aura
|move|p1b: Sneasler|Fake Out|p2b: Toxapex
|-damage|p2b: Toxapex|92/100
|move|p2a: Incineroar|Fake Out|p1a: Floette
|-damage|p1a: Floette|89/100
|cant|p1a: Floette|flinch
|cant|p2b: Toxapex|flinch
|
|-heal|p2b: Toxapex|98/100|[from] item: Leftovers
|upkeep
|turn|2
|
|t:|1784331691
|switch|p1b: Kingambit|Kingambit, L50, F|100/100
|move|p1a: Floette|Protect|p1a: Floette
|-singleturn|p1a: Floette|Protect
|move|p2a: Incineroar|Parting Shot|p1b: Kingambit
|-unboost|p1b: Kingambit|atk|1
|-ability|p1b: Kingambit|Defiant|boost
|-boost|p1b: Kingambit|atk|2
|-unboost|p1b: Kingambit|spa|1
|-ability|p1b: Kingambit|Defiant|boost
|-boost|p1b: Kingambit|atk|2
|
|t:|1784331703
|switch|p2a: Scovillain|Scovillain, L50, M|100/100|[from] Parting Shot
|move|p2b: Toxapex|Infestation|p1a: Floette
|-activate|p1a: Floette|move: Protect
|
|-heal|p2b: Toxapex|100/100|[from] item: Leftovers
|upkeep
|turn|3
|
|t:|1784331736
|detailschange|p2a: Scovillain|Scovillain-Mega, L50, M
|-mega|p2a: Scovillain|Scovillain|Scovillainite
|move|p1a: Floette|Calm Mind|p1a: Floette
|-boost|p1a: Floette|spa|1
|-boost|p1a: Floette|spd|1
|move|p2a: Scovillain|Leech Seed|p1b: Kingambit
|-start|p1b: Kingambit|move: Leech Seed
|move|p1b: Kingambit|Kowtow Cleave|p2a: Scovillain
|-damage|p2a: Scovillain|0 fnt
|-status|p1b: Kingambit|brn|[from] ability: Spicy Spray|[of] p2a: Scovillain
|faint|p2a: Scovillain
|move|p2b: Toxapex|Infestation|p1a: Floette
|-resisted|p1a: Floette|1
|-damage|p1a: Floette|88/100
|-activate|p1a: Floette|move: Infestation|[of] p2b: Toxapex
|
|-damage|p1b: Kingambit|94/100 brn|[from] brn
|-damage|p1a: Floette|76/100|[from] move: Infestation|[partiallytrapped]
|upkeep
|
|t:|1784331752
|switch|p2a: Grimmsnarl|Grimmsnarl, L50, M|100/100
|turn|4
|
|t:|1784331794
|move|p2a: Grimmsnarl|Reflect|p2a: Grimmsnarl
|-sidestart|p2: thegreatestnone|Reflect
|move|p1a: Floette|Draining Kiss|p2a: Grimmsnarl
|-supereffective|p2a: Grimmsnarl|1
|-damage|p2a: Grimmsnarl|1/100
|-heal|p1a: Floette|100/100|[from] drain|[of] p2a: Grimmsnarl
|move|p1b: Kingambit|Kowtow Cleave|p2a: Grimmsnarl
|-resisted|p2a: Grimmsnarl|2
|-damage|p2a: Grimmsnarl|0 fnt
|faint|p2a: Grimmsnarl
|move|p2b: Toxapex|Infestation|p1b: Kingambit
|-damage|p1b: Kingambit|90/100 brn
|-activate|p1b: Kingambit|move: Infestation|[of] p2b: Toxapex
|
|-damage|p1b: Kingambit|84/100 brn|[from] brn
|-damage|p1a: Floette|87/100|[from] move: Infestation|[partiallytrapped]
|-damage|p1b: Kingambit|72/100 brn|[from] move: Infestation|[partiallytrapped]
|upkeep
|
|t:|1784331814
|switch|p2a: Incineroar|Incineroar, L50, F|100/100
|-ability|p2a: Incineroar|Intimidate|boost
|-unboost|p1a: Floette|atk|1
|-unboost|p1b: Kingambit|atk|1
|-ability|p1b: Kingambit|Defiant|boost
|-boost|p1b: Kingambit|atk|2
|turn|5
|
|t:|1784331837
|move|p2a: Incineroar|Fake Out|p1b: Kingambit
|-resisted|p1b: Kingambit|1
|-damage|p1b: Kingambit|68/100 brn
|move|p1a: Floette|Dazzling Gleam|p2b: Toxapex|[spread] p2a,p2b
|-resisted|p2b: Toxapex|1
|-damage|p2a: Incineroar|43/100
|-damage|p2b: Toxapex|71/100
|-enditem|p2a: Incineroar|Sitrus Berry|[eat]
|-heal|p2a: Incineroar|67/100|[from] item: Sitrus Berry
|cant|p1b: Kingambit|flinch
|move|p2b: Toxapex|Toxic|p1a: Floette
|-status|p1a: Floette|tox
|
|-heal|p2b: Toxapex|77/100|[from] item: Leftovers
|-damage|p1b: Kingambit|56/100 brn|[from] Leech Seed|[of] p2a: Incineroar
|-heal|p2a: Incineroar|80/100|[silent]
|-damage|p1a: Floette|81/100 tox|[from] psn
|-damage|p1b: Kingambit|50/100g brn|[from] brn
|-damage|p1a: Floette|69/100 tox|[from] move: Infestation|[partiallytrapped]
|-damage|p1b: Kingambit|38/100 brn|[from] move: Infestation|[partiallytrapped]
|upkeep
|turn|6
|
|t:|1784331860
|move|p2a: Incineroar|Protect|p2a: Incineroar
|-singleturn|p2a: Incineroar|Protect
|move|p1a: Floette|Draining Kiss|p2a: Incineroar
|-activate|p2a: Incineroar|move: Protect
|move|p1b: Kingambit|Kowtow Cleave|p2b: Toxapex
|-damage|p2b: Toxapex|36/100
|move|p2b: Toxapex|Recover|p2b: Toxapex
|-heal|p2b: Toxapex|87/100
|
|-heal|p2b: Toxapex|92/100|[from] item: Leftovers
|-damage|p1b: Kingambit|26/100 brn|[from] Leech Seed|[of] p2a: Incineroar
|-heal|p2a: Incineroar|92/100|[silent]
|-damage|p1a: Floette|57/100 tox|[from] psn
|-damage|p1b: Kingambit|20/100y brn|[from] brn
|-damage|p1a: Floette|44/100 tox|[from] move: Infestation|[partiallytrapped]
|-damage|p1b: Kingambit|8/100 brn|[from] move: Infestation|[partiallytrapped]
|upkeep
|turn|7
|
|t:|1784331911
|move|p2b: Toxapex|Baneful Bunker|p2b: Toxapex
|-singleturn|p2b: Toxapex|move: Protect
|move|p1a: Floette|Draining Kiss|p2a: Incineroar
|-damage|p2a: Incineroar|48/100
|-heal|p1a: Floette|85/100 tox|[from] drain|[of] p2a: Incineroar
|move|p2a: Incineroar|Throat Chop|p1b: Kingambit
|-resisted|p1b: Kingambit|1
|-damage|p1b: Kingambit|0 fnt
|faint|p1b: Kingambit
|
|-heal|p2b: Toxapex|98/100|[from] item: Leftovers
|-damage|p1a: Floette|67/100 tox|[from] psn
|-damage|p1a: Floette|55/100 tox|[from] move: Infestation|[partiallytrapped]
|upkeep
|
|t:|1784331921
|switch|p1b: Sinistcha|Sinistcha, L50|100/100
|-heal|p1a: Floette|79/100 tox|[from] ability: Hospitality|[of] p1b: Sinistcha
|turn|8
|
|t:|1784331992
|move|p1a: Floette|Draining Kiss|p2b: Toxapex
|-resisted|p2b: Toxapex|1
|-damage|p2b: Toxapex|74/100
|-heal|p1a: Floette|97/100 tox|[from] drain|[of] p2b: Toxapex
|move|p1b: Sinistcha|Matcha Gotcha|p2b: Toxapex|[spread] p2a,p2b
|-resisted|p2a: Incineroar|1
|-damage|p2a: Incineroar|37/100
|-damage|p2b: Toxapex|55/100
|move|p2a: Incineroar|Parting Shot|p1a: Floette
|-unboost|p1a: Floette|atk|1
|-unboost|p1a: Floette|spa|1
|move|p2b: Toxapex|Toxic|p1b: Sinistcha
|-status|p1b: Sinistcha|tox
|
|-heal|p2b: Toxapex|61/100|[from] item: Leftovers
|-damage|p1a: Floette|73/100 tox|[from] psn
|-damage|p1b: Sinistcha|93/100 tox|[from] psn
|-end|p1a: Floette|Infestation|[partiallytrapped]
|upkeep
|turn|9
|
|t:|1784332028
|switch|p1a: Sneasler|Sneasler, L50, M|100/100
|move|p1b: Sinistcha|Matcha Gotcha|p2a: Incineroar|[spread] p2a,p2b
|-resisted|p2a: Incineroar|1
|-damage|p2a: Incineroar|28/100
|-heal|p1b: Sinistcha|99/100 tox|[from] drain|[of] p2a: Incineroar
|-damage|p2b: Toxapex|41/100
|-heal|p1b: Sinistcha|100/100 tox|[from] drain|[of] p2b: Toxapex
|move|p2a: Incineroar|Parting Shot|p1a: Sneasler
|-unboost|p1a: Sneasler|atk|1
|-unboost|p1a: Sneasler|spa|1
|move|p2b: Toxapex|Infestation|p1a: Sneasler
|-resisted|p1a: Sneasler|2
|-damage|p1a: Sneasler|99/100
|-activate|p1a: Sneasler|move: Infestation|[of] p2b: Toxapex
|
|-heal|p2b: Toxapex|47/100|[from] item: Leftovers
|-damage|p1b: Sinistcha|87/100 tox|[from] psn
|-damage|p1a: Sneasler|87/100|[from] move: Infestation|[partiallytrapped]
|upkeep
|turn|10
|
|t:|1784332105
|move|p2b: Toxapex|Baneful Bunker|p2b: Toxapex
|-singleturn|p2b: Toxapex|move: Protect
|move|p1a: Sneasler|Close Combat|p2a: Incineroar
|-supereffective|p2a: Incineroar|1
|-damage|p2a: Incineroar|0 fnt
|-unboost|p1a: Sneasler|def|1
|-unboost|p1a: Sneasler|spd|1
|faint|p2a: Incineroar
|move|p1b: Sinistcha|Matcha Gotcha|p2b: Toxapex
|-activate|p2b: Toxapex|move: Protect
|
|-heal|p2b: Toxapex|52/100|[from] item: Leftovers
|-damage|p1b: Sinistcha|69/100 tox|[from] psn
|-damage|p1a: Sneasler|75/100|[from] move: Infestation|[partiallytrapped]
|upkeep
|turn|11
|
|t:|1784332129
|move|p1a: Sneasler|Close Combat|p2b: Toxapex
|-resisted|p2b: Toxapex|1
|-damage|p2b: Toxapex|44/100
|-unboost|p1a: Sneasler|def|1
|-unboost|p1a: Sneasler|spd|1
|move|p1b: Sinistcha|Matcha Gotcha|p2b: Toxapex
|-damage|p2b: Toxapex|17/100
|-heal|p1b: Sinistcha|81/100 tox|[from] drain|[of] p2b: Toxapex
|move|p2b: Toxapex|Recover|p2b: Toxapex
|-heal|p2b: Toxapex|67/100
|
|-heal|p2b: Toxapex|73/100|[from] item: Leftovers
|-damage|p1b: Sinistcha|56/100 tox|[from] psn
|-damage|p1a: Sneasler|63/100|[from] move: Infestation|[partiallytrapped]
|-sideend|p2: thegreatestnone|Reflect
|upkeep
|turn|12
|
|t:|1784332157
|switch|p1b: Floette|Floette-Mega, L50, F|73/100 tox
|-ability|p1b: Floette|Fairy Aura
|move|p1a: Sneasler|Close Combat|p2b: Toxapex
|-resisted|p2b: Toxapex|1
|-damage|p2b: Toxapex|59/100
|-unboost|p1a: Sneasler|def|1
|-unboost|p1a: Sneasler|spd|1
|move|p2b: Toxapex|Recover|p2b: Toxapex
|-heal|p2b: Toxapex|100/100
|
|-damage|p1b: Floette|67/100 tox|[from] psn
|-damage|p1a: Sneasler|50/100g|[from] move: Infestation|[partiallytrapped]
|upkeep
|turn|13
|
|t:|1784332197
|move|p1a: Sneasler|Close Combat|p2b: Toxapex
|-resisted|p2b: Toxapex|1
|-damage|p2b: Toxapex|87/100
|-unboost|p1a: Sneasler|def|1
|-unboost|p1a: Sneasler|spd|1
|move|p1b: Floette|Calm Mind|p1b: Floette
|-boost|p1b: Floette|spa|1
|-boost|p1b: Floette|spd|1
|move|p2b: Toxapex|Infestation|p1b: Floette
|-resisted|p1b: Floette|1
|-damage|p1b: Floette|66/100 tox
|-activate|p1b: Floette|move: Infestation|[of] p2b: Toxapex
|
|-heal|p2b: Toxapex|92/100|[from] item: Leftovers
|-damage|p1b: Floette|55/100 tox|[from] psn
|-end|p1a: Sneasler|Infestation|[partiallytrapped]
|-damage|p1b: Floette|42/100 tox|[from] move: Infestation|[partiallytrapped]
|upkeep
|turn|14
|
|t:|1784332223
|move|p1a: Sneasler|Close Combat|p2b: Toxapex
|-resisted|p2b: Toxapex|1
|-damage|p2b: Toxapex|78/100
|-unboost|p1a: Sneasler|def|1
|-unboost|p1a: Sneasler|spd|1
|move|p1b: Floette|Calm Mind|p1b: Floette
|-boost|p1b: Floette|spa|1
|-boost|p1b: Floette|spd|1
|move|p2b: Toxapex|Infestation|p1a: Sneasler
|-resisted|p1a: Sneasler|2
|-damage|p1a: Sneasler|47/100
|-activate|p1a: Sneasler|move: Infestation|[of] p2b: Toxapex
|
|-heal|p2b: Toxapex|84/100|[from] item: Leftovers
|-damage|p1b: Floette|24/100 tox|[from] psn
|-damage|p1a: Sneasler|35/100|[from] move: Infestation|[partiallytrapped]
|-damage|p1b: Floette|12/100 tox|[from] move: Infestation|[partiallytrapped]
|upkeep
|turn|15
|
|t:|1784332238
|move|p2b: Toxapex|Baneful Bunker|p2b: Toxapex
|-singleturn|p2b: Toxapex|move: Protect
|move|p1a: Sneasler|Close Combat|p2b: Toxapex
|-activate|p2b: Toxapex|move: Protect
|move|p1b: Floette|Draining Kiss|p2b: Toxapex
|-activate|p2b: Toxapex|move: Protect
|
|-heal|p2b: Toxapex|89/100|[from] item: Leftovers
|-damage|p1b: Floette|0 fnt|[from] psn
|faint|p1b: Floette
|-damage|p1a: Sneasler|23/100|[from] move: Infestation|[partiallytrapped]
|upkeep
|
|t:|1784332240
|switch|p1b: Sinistcha|Sinistcha, L50|56/100 tox
|-heal|p1a: Sneasler|48/100|[from] ability: Hospitality|[of] p1b: Sinistcha
|turn|16
|
|t:|1784332255
|move|p1a: Sneasler|Close Combat|p2b: Toxapex
|-resisted|p2b: Toxapex|1
|-damage|p2b: Toxapex|76/100
|-unboost|p1a: Sneasler|def|1
|-unboost|p1a: Sneasler|spd|1
|move|p1b: Sinistcha|Matcha Gotcha|p2b: Toxapex
|-damage|p2b: Toxapex|52/100
|-heal|p1b: Sinistcha|67/100 tox|[from] drain|[of] p2b: Toxapex
|move|p2b: Toxapex|Infestation|p1b: Sinistcha
|-damage|p1b: Sinistcha|64/100 tox
|-activate|p1b: Sinistcha|move: Infestation|[of] p2b: Toxapex
|
|-heal|p2b: Toxapex|58/100|[from] item: Leftovers
|-damage|p1b: Sinistcha|57/100 tox|[from] psn
|-damage|p1a: Sneasler|36/100|[from] move: Infestation|[partiallytrapped]
|-damage|p1b: Sinistcha|45/100 tox|[from] move: Infestation|[partiallytrapped]
|upkeep
|turn|17
|c|☆toxiccroc12|big stall walls all
|
|t:|1784332288
|move|p2b: Toxapex|Baneful Bunker|p2b: Toxapex
|-singleturn|p2b: Toxapex|move: Protect
|move|p1a: Sneasler|Close Combat|p2b: Toxapex
|-activate|p2b: Toxapex|move: Protect
|move|p1b: Sinistcha|Matcha Gotcha|p2b: Toxapex
|-activate|p2b: Toxapex|move: Protect
|
|-heal|p2b: Toxapex|64/100|[from] item: Leftovers
|-damage|p1b: Sinistcha|33/100 tox|[from] psn
|-damage|p1a: Sneasler|24/100|[from] move: Infestation|[partiallytrapped]
|-damage|p1b: Sinistcha|20/100y tox|[from] move: Infestation|[partiallytrapped]
|upkeep
|turn|18
|c|☆thegreatestnone|3 v 1 lol
|
|t:|1784332307
|move|p1a: Sneasler|Poison Jab|p2b: Toxapex
|-resisted|p2b: Toxapex|1
|-damage|p2b: Toxapex|54/100
|move|p1b: Sinistcha|Matcha Gotcha|p2b: Toxapex
|-damage|p2b: Toxapex|31/100
|-heal|p1b: Sinistcha|31/100 tox|[from] drain|[of] p2b: Toxapex
|-status|p2b: Toxapex|brn
|move|p2b: Toxapex|Recover|p2b: Toxapex
|-heal|p2b: Toxapex|81/100 brn
|
|-heal|p2b: Toxapex|87/100 brn|[from] item: Leftovers
|-damage|p1b: Sinistcha|12/100 tox|[from] psn
|-damage|p2b: Toxapex|81/100 brn|[from] brn
|-end|p1a: Sneasler|Infestation|[partiallytrapped]
|-damage|p1b: Sinistcha|1/100 tox|[from] move: Infestation|[partiallytrapped]
|upkeep
|turn|19
|
|t:|1784332323
|move|p2b: Toxapex|Baneful Bunker|p2b: Toxapex
|-singleturn|p2b: Toxapex|move: Protect
|move|p1a: Sneasler|Poison Jab|p2b: Toxapex
|-activate|p2b: Toxapex|move: Protect
|move|p1b: Sinistcha|Matcha Gotcha|p2b: Toxapex
|-activate|p2b: Toxapex|move: Protect
|
|-heal|p2b: Toxapex|87/100 brn|[from] item: Leftovers
|-damage|p1b: Sinistcha|0 fnt|[from] psn
|faint|p1b: Sinistcha
|-damage|p2b: Toxapex|81/100 brn|[from] brn
|upkeep
|turn|20
|
|t:|1784332328
|move|p1a: Sneasler|Poison Jab|p2b: Toxapex
|-resisted|p2b: Toxapex|1
|-damage|p2b: Toxapex|71/100 brn
|move|p2b: Toxapex|Infestation|p1a: Sneasler
|-resisted|p1a: Sneasler|2
|-damage|p1a: Sneasler|20/100y
|-activate|p1a: Sneasler|move: Infestation|[of] p2b: Toxapex
|
|-heal|p2b: Toxapex|77/100 brn|[from] item: Leftovers
|-damage|p2b: Toxapex|71/100 brn|[from] brn
|-damage|p1a: Sneasler|8/100|[from] move: Infestation|[partiallytrapped]
|upkeep
|turn|21
|
|t:|1784332333
|move|p1a: Sneasler|Poison Jab|p2b: Toxapex
|-resisted|p2b: Toxapex|1
|-damage|p2b: Toxapex|63/100 brn
|move|p2b: Toxapex|Recover|p2b: Toxapex
|-heal|p2b: Toxapex|100/100 brn
|
|-damage|p2b: Toxapex|94/100 brn|[from] brn
|-damage|p1a: Sneasler|0 fnt|[from] move: Infestation|[partiallytrapped]
|faint|p1a: Sneasler
|
|win|thegreatestnone
