|j|☆jamirolol
|j|☆enrico20022002
|html|jamirololenrico20022002    
|uhtml|bestof|Game 1 of a best-of-3
|t:|1757920246
|gametype|doubles
|player|p1|jamirolol|102|1261
|player|p2|enrico20022002|266|1319
|gen|9
|tier|[Gen 9] VGC 2025 Reg H (Bo3)
|rated|
|rule|Species Clause: Limit one of each Pokémon
|rule|Item Clause: Limit 1 of each item
|clearpoke
|poke|p1|Volcarona, L50, F|
|poke|p1|Rillaboom, L50, M|
|poke|p1|Sneasler, L50, F|
|poke|p1|Dragapult, L50, F|
|poke|p1|Oricorio-Sensu, L50, F|
|poke|p1|Tyranitar, L50, M|
|poke|p2|Incineroar, L50, M|
|poke|p2|Rillaboom, L50, M|
|poke|p2|Kingambit, L50, M|
|poke|p2|Dragonite, L50, F|
|poke|p2|Ninetales-Alola, L50, F|
|poke|p2|Ursaluna-Bloodmoon, L50, M|
|teampreview|4
|showteam|p1|Volcarona||Leftovers|FlameBody|FieryDance,GigaDrain,QuiverDance,Protect|||F|||50|,,,,,Steel]Rillaboom||AssaultVest|GrassySurge|HighHorsepower,FakeOut,GrassyGlide,WoodHammer|||M|||50|,,,,,Fire]Sneasler||GrassySeed|Unburden|DireClaw,FakeOut,CloseCombat,Protect|||F|||50|,,,,,Dark]Dragapult||ChoiceBand|ClearBody|Uturn,DragonDarts,PhantomForce,PsychicFangs|||F|||50|,,,,,Dragon]Oricorio-Sensu||FocusSash|Dancer|RevelationDance,AlluringVoice,Taunt,Protect|||F|||50|,,,,,Ground]Tyranitar||ClearAmulet|SandStream|Protect,DragonDance,RockSlide,KnockOff|||M|||50|,,,,,Fire
|showteam|p2|Incineroar||SitrusBerry|Intimidate|FakeOut,FlareBlitz,KnockOff,Protect|||M|||50|,,,,,Ghost]Rillaboom||AssaultVest|GrassySurge|FakeOut,HighHorsepower,GrassyGlide,WoodHammer|||M|||50|,,,,,Fire]Kingambit||BlackGlasses|Defiant|KowtowCleave,SuckerPunch,SwordsDance,Protect|||M|||50|,,,,,Dark]Dragonite||LoadedDice|Multiscale|ScaleShot,Haze,Tailwind,Protect|||F|||50|,,,,,Fairy]Ninetales-Alola||FocusSash|SnowWarning|Blizzard,IcyWind,Protect,Encore|||F|||50|,,,,,Ghost]Ursaluna-Bloodmoon||LifeOrb|MindsEye|BloodMoon,HyperVoice,EarthPower,Protect|||M|||50|,,,,,Normal
|inactive|Battle timer is ON: inactive players will automatically lose when time's up. (requested by jamirolol)
|inactive|enrico20022002 also wants the timer to be on.
|inactive|enrico20022002 has 60 seconds left.
|
|t:|1757920286
|teamsize|p1|4
|teamsize|p2|4
|start
|switch|p1a: Volcarona|Volcarona, L50, F|100/100
|switch|p1b: Sneasler|Sneasler, L50, F, shiny|100/100
|switch|p2a: Dragonite|Dragonite, L50, F|100/100
|switch|p2b: Incineroar|Incineroar, L50, M|100/100
|-ability|p2b: Incineroar|Intimidate|boost
|-unboost|p1a: Volcarona|atk|1
|-unboost|p1b: Sneasler|atk|1
|turn|1
|
|t:|1757920302
|move|p1b: Sneasler|Fake Out|p2a: Dragonite
|-crit|p2a: Dragonite
|-damage|p2a: Dragonite|89/100
|move|p2b: Incineroar|Fake Out|p1a: Volcarona
|-damage|p1a: Volcarona|86/100
|cant|p1a: Volcarona|flinch
|cant|p2a: Dragonite|flinch
|
|-heal|p1a: Volcarona|92/100|[from] item: Leftovers
|upkeep
|turn|2
|
|t:|1757920323
|move|p1a: Volcarona|Quiver Dance|p1a: Volcarona
|-boost|p1a: Volcarona|spa|1
|-boost|p1a: Volcarona|spd|1
|-boost|p1a: Volcarona|spe|1
|move|p1b: Sneasler|Dire Claw|p2a: Dragonite
|-damage|p2a: Dragonite|58/100
|-status|p2a: Dragonite|slp
|cant|p2a: Dragonite|slp
|move|p2b: Incineroar|Knock Off|p1a: Volcarona
|-damage|p1a: Volcarona|40/100
|-enditem|p1a: Volcarona|Leftovers|[from] move: Knock Off|[of] p2b: Incineroar
|
|upkeep
|turn|3
|
|t:|1757920341
|-terastallize|p2b: Incineroar|Ghost
|move|p1a: Volcarona|Quiver Dance|p1a: Volcarona
|-boost|p1a: Volcarona|spa|1
|-boost|p1a: Volcarona|spd|1
|-boost|p1a: Volcarona|spe|1
|move|p1b: Sneasler|Close Combat|p2b: Incineroar
|-immune|p2b: Incineroar
|-curestatus|p2a: Dragonite|slp|[msg]
|move|p2a: Dragonite|Scale Shot|p1b: Sneasler
|-damage|p1b: Sneasler|82/100
|-damage|p1b: Sneasler|65/100
|-damage|p1b: Sneasler|45/100
|-damage|p1b: Sneasler|29/100
|-crit|p1b: Sneasler
|-damage|p1b: Sneasler|3/100
|-hitcount|p1b: Sneasler|5
|-unboost|p2a: Dragonite|def|1
|-boost|p2a: Dragonite|spe|1
|move|p2b: Incineroar|Flare Blitz|p1a: Volcarona
|-damage|p1a: Volcarona|0 fnt
|faint|p1a: Volcarona
|-damage|p2b: Incineroar|90/100|[from] Recoil
|
|upkeep
|
|t:|1757920345
|switch|p1a: Tyranitar|Tyranitar, L50, M|100/100
|-weather|Sandstorm|[from] ability: Sand Stream|[of] p1a: Tyranitar
|turn|4
|inactive|enrico20022002 has 30 seconds left.
|inactive|enrico20022002 has 20 seconds left.
|
|t:|1757920381
|move|p2a: Dragonite|Protect|p2a: Dragonite
|-singleturn|p2a: Dragonite|Protect
|move|p1b: Sneasler|Dire Claw|p2b: Incineroar
|-resisted|p2b: Incineroar
|-damage|p2b: Incineroar|76/100
|-status|p2b: Incineroar|psn
|move|p1a: Tyranitar|Rock Slide|p2a: Dragonite|[spread] p2b
|-activate|p2a: Dragonite|move: Protect
|-damage|p2b: Incineroar|42/100 psn
|-enditem|p2b: Incineroar|Sitrus Berry|[eat]
|-heal|p2b: Incineroar|66/100 psn|[from] item: Sitrus Berry
|cant|p2b: Incineroar|flinch
|
|-weather|Sandstorm|[upkeep]
|-damage|p2a: Dragonite|52/100|[from] Sandstorm
|-damage|p1b: Sneasler|0 fnt|[from] Sandstorm
|-damage|p2b: Incineroar|60/100 psn|[from] Sandstorm
|faint|p1b: Sneasler
|-damage|p2b: Incineroar|48/100 psn|[from] psn
|upkeep
|
|t:|1757920396
|switch|p1b: Oricorio|Oricorio-Sensu, L50, F|100/100
|turn|5
|
|t:|1757920421
|-terastallize|p1b: Oricorio|Ground
|move|p1b: Oricorio|Protect|p1b: Oricorio
|-singleturn|p1b: Oricorio|Protect
|move|p2a: Dragonite|Scale Shot|p1b: Oricorio
|-activate|p1b: Oricorio|move: Protect
|move|p1a: Tyranitar|Dragon Dance|p1a: Tyranitar
|-boost|p1a: Tyranitar|atk|1
|-boost|p1a: Tyranitar|spe|1
|-activate|p1b: Oricorio|ability: Dancer
|move|p1b: Oricorio|Dragon Dance|p1b: Oricorio|[from] ability: Dancer
|-boost|p1b: Oricorio|atk|1
|-boost|p1b: Oricorio|spe|1
|move|p2b: Incineroar|Knock Off|p1a: Tyranitar
|-resisted|p1a: Tyranitar
|-damage|p1a: Tyranitar|82/100
|-enditem|p1a: Tyranitar|Clear Amulet|[from] move: Knock Off|[of] p2b: Incineroar
|
|-weather|Sandstorm|[upkeep]
|-damage|p2a: Dragonite|46/100|[from] Sandstorm
|-damage|p2b: Incineroar|42/100 psn|[from] Sandstorm
|-damage|p2b: Incineroar|30/100 psn|[from] psn
|upkeep
|turn|6
|
|t:|1757920438
|move|p1b: Oricorio|Alluring Voice|p2a: Dragonite
|-supereffective|p2a: Dragonite
|-damage|p2a: Dragonite|0 fnt
|faint|p2a: Dragonite
|move|p1a: Tyranitar|Rock Slide|p2b: Incineroar
|-damage|p2b: Incineroar|0 fnt
|faint|p2b: Incineroar
|
|-weather|Sandstorm|[upkeep]
|upkeep
|
|t:|1757920443
|switch|p2a: Ursaluna|Ursaluna-Bloodmoon, L50, M|100/100
|switch|p2b: Ninetales|Ninetales-Alola, L50, F|100/100
|-weather|Snowscape|[from] ability: Snow Warning|[of] p2b: Ninetales
|turn|7
|
|t:|1757920456
|move|p1b: Oricorio|Revelation Dance|p2b: Ninetales
|-damage|p2b: Ninetales|57/100
|move|p1a: Tyranitar|Rock Slide|p2b: Ninetales|[spread] p2a,p2b
|-resisted|p2a: Ursaluna
|-supereffective|p2b: Ninetales
|-damage|p2a: Ursaluna|83/100
|-damage|p2b: Ninetales|0 fnt
|faint|p2b: Ninetales
|move|p2a: Ursaluna|Earth Power|p1a: Tyranitar
|-supereffective|p1a: Tyranitar
|-damage|p1a: Tyranitar|0 fnt
|faint|p1a: Tyranitar
|-damage|p2a: Ursaluna|73/100|[from] item: Life Orb
|
|-weather|Snowscape|[upkeep]
|upkeep
|turn|8
|
|t:|1757920466
|move|p1b: Oricorio|Revelation Dance|p2a: Ursaluna
|-damage|p2a: Ursaluna|19/100
|move|p2a: Ursaluna|Blood Moon|p1b: Oricorio
|-enditem|p1b: Oricorio|Focus Sash
|-damage|p1b: Oricorio|1/100
|-damage|p2a: Ursaluna|9/100|[from] item: Life Orb
|
|-weather|Snowscape|[upkeep]
|upkeep
|turn|9
|
|t:|1757920471
|move|p1b: Oricorio|Revelation Dance|p2a: Ursaluna
|-damage|p2a: Ursaluna|0 fnt
|faint|p2a: Ursaluna
|
|win|jamirolol
|l|☆enrico20022002
|player|p2|
||jamirolol is ready for game 2.
||enrico20022002 is ready for game 2.
|uhtml|next|Next: Game 2 of 3
