|j|☆neuesspielzeug
|j|☆TheLordNebiros
|html|neuesspielzeugTheLordNebiros    
|uhtml|bestof|Game 1 of a best-of-3
|t:|1756831899
|gametype|doubles
|player|p1|neuesspielzeug|2|1218
|player|p2|TheLordNebiros|265|1107
|gen|9
|tier|[Gen 9] VGC 2025 Reg H (Bo3)
|rated|
|rule|Species Clause: Limit one of each Pokémon
|rule|Item Clause: Limit 1 of each item
|clearpoke
|poke|p1|Dragonite, L50, F|
|poke|p1|Sneasler, L50, M|
|poke|p1|Ceruledge, L50, M|
|poke|p1|Kingambit, L50, M|
|poke|p1|Ninetales-Alola, L50, F|
|poke|p1|Electabuzz, L50, F|
|poke|p2|Dragonite, L50, F|
|poke|p2|Gholdengo, L50|
|poke|p2|Ursaluna-Bloodmoon, L50, M|
|poke|p2|Annihilape, L50, F|
|poke|p2|Maushold-Four, L50|
|poke|p2|Rillaboom, L50, M|
|teampreview|4
|showteam|p1|Dragonite||LoadedDice|Multiscale|ScaleShot,ExtremeSpeed,Haze,Protect|||F|||50|,,,,,Steel]Sneasler||FocusSash|Unburden|CloseCombat,DireClaw,Coaching,Protect|||M|||50|,,,,,Dark]Ceruledge||ClearAmulet|FlashFire|BitterBlade,ShadowSneak,BulkUp,Protect|||M|||50|,,,,,Grass]Kingambit||AssaultVest|Defiant|Assurance,SuckerPunch,IronHead,LowKick|||M|||50|,,,,,Ghost]Ninetales-Alola||LifeOrb|SnowWarning|Blizzard,FreezeDry,Encore,Protect|||F|||50|,,,,,Ghost]Electabuzz||Eviolite|VitalSpirit|Electroweb,FollowMe,Taunt,Protect|||F|||50|,,,,,Dragon
|showteam|p2|Dragonite||LoadedDice|Multiscale|ScaleShot,Tailwind,Haze,Protect|||F|||50|,,,,,Fairy]Gholdengo||LifeOrb|GoodasGold|MakeItRain,ShadowBall,NastyPlot,Protect||||||50|,,,,,Water]Ursaluna-Bloodmoon||AssaultVest|MindsEye|BloodMoon,EarthPower,HyperVoice,VacuumWave|||M|||50|,,,,,Water]Annihilape||SitrusBerry|Defiant|DrainPunch,RageFist,BulkUp,Protect|||F|||50|,,,,,Fire]Maushold-Four||FocusSash|FriendGuard|SuperFang,BeatUp,FollowMe,Protect||||||50|,,,,,Ghost]Rillaboom||MiracleSeed|GrassySurge|WoodHammer,GrassyGlide,HighHorsepower,FakeOut|||M|||50|,,,,,Fire
|inactive|Battle timer is ON: inactive players will automatically lose when time's up. (requested by TheLordNebiros)
|inactive|neuesspielzeug has 60 seconds left.
|inactive|TheLordNebiros has 60 seconds left.
|
|t:|1756831957
|teamsize|p1|4
|teamsize|p2|4
|start
|switch|p1a: Electabuzz|Electabuzz, L50, F|100/100
|switch|p1b: Kingambit|Kingambit, L50, M|100/100
|switch|p2a: Dragonite|Dragonite, L50, F|100/100
|switch|p2b: Rillaboom|Rillaboom, L50, M|100/100
|-fieldstart|move: Grassy Terrain|[from] ability: Grassy Surge|[of] p2b: Rillaboom
|turn|1
|inactive|neuesspielzeug has 30 seconds left.
|inactive|TheLordNebiros has 30 seconds left.
|inactive|neuesspielzeug has 20 seconds left.
|inactive|TheLordNebiros has 20 seconds left.
|inactive|neuesspielzeug has 15 seconds left.
|inactive|TheLordNebiros has 15 seconds left.
|inactive|neuesspielzeug has 10 seconds left.
|
|t:|1756832003
|switch|p1a: Ninetales|Ninetales-Alola, L50, F|100/100
|-weather|Snowscape|[from] ability: Snow Warning|[of] p1a: Ninetales
|switch|p1b: Dragonite|Dragonite, L50, F|100/100
|move|p2b: Rillaboom|Fake Out|p1b: Dragonite
|-damage|p1b: Dragonite|94/100
|move|p2a: Dragonite|Scale Shot|p1a: Ninetales
|-immune|p1a: Ninetales
|
|-weather|Snowscape|[upkeep]
|upkeep
|turn|2
|inactive|neuesspielzeug has 30 seconds left.
|inactive|TheLordNebiros has 30 seconds left.
|inactive|TheLordNebiros has 20 seconds left.
|inactive|TheLordNebiros has 15 seconds left.
|
|t:|1756832047
|switch|p2a: Gholdengo|Gholdengo, L50|100/100
|switch|p1b: Kingambit|Kingambit, L50, M|100/100
|-terastallize|p2b: Rillaboom|Fire
|move|p1a: Ninetales|Encore|p2b: Rillaboom
|-start|p2b: Rillaboom|Encore
|move|p2b: Rillaboom|Fake Out||[still]
|-hint|Fake Out only works on your first turn out.
|-fail|p2b: Rillaboom
|
|-weather|Snowscape|[upkeep]
|upkeep
|turn|3
|inactive|neuesspielzeug has 30 seconds left.
|inactive|TheLordNebiros has 30 seconds left.
|inactive|neuesspielzeug has 20 seconds left.
|inactive|TheLordNebiros has 20 seconds left.
|inactive|neuesspielzeug has 15 seconds left.
|inactive|TheLordNebiros has 15 seconds left.
|
|t:|1756832091
|switch|p2b: Dragonite|Dragonite, L50, F|100/100
|-terastallize|p1a: Ninetales|Ghost
|move|p2a: Gholdengo|Protect|p2a: Gholdengo
|-singleturn|p2a: Gholdengo|Protect
|move|p1a: Ninetales|Blizzard|p2b: Dragonite|[spread] p2b
|-activate|p2a: Gholdengo|move: Protect
|-supereffective|p2b: Dragonite
|-damage|p2b: Dragonite|14/100
|-damage|p1a: Ninetales|91/100|[from] item: Life Orb
|move|p1b: Kingambit|Assurance|p2b: Dragonite
|-damage|p2b: Dragonite|0 fnt
|faint|p2b: Dragonite
|
|-weather|Snowscape|[upkeep]
|-heal|p1a: Ninetales|97/100|[from] Grassy Terrain
|upkeep
|
|t:|1756832109
|switch|p2b: Ursaluna|Ursaluna-Bloodmoon, L50, M|100/100
|turn|4
|
|t:|1756832124
|move|p1a: Ninetales|Blizzard|p2b: Ursaluna|[spread] p2a,p2b
|-resisted|p2a: Gholdengo
|-supereffective|p2b: Ursaluna
|-damage|p2a: Gholdengo|81/100
|-damage|p2b: Ursaluna|43/100
|-damage|p1a: Ninetales|88/100|[from] item: Life Orb
|move|p2a: Gholdengo|Shadow Ball|p1a: Ninetales
|-supereffective|p1a: Ninetales
|-damage|p1a: Ninetales|0 fnt
|faint|p1a: Ninetales
|-damage|p2a: Gholdengo|71/100|[from] item: Life Orb
|move|p1b: Kingambit|Assurance|p2b: Ursaluna
|-damage|p2b: Ursaluna|0 fnt
|faint|p2b: Ursaluna
|
|-weather|Snowscape|[upkeep]
|-heal|p2a: Gholdengo|77/100|[from] Grassy Terrain
|upkeep
|
|t:|1756832145
|switch|p1a: Electabuzz|Electabuzz, L50, F|100/100
|switch|p2b: Rillaboom|Rillaboom, L50, M, tera:Fire|100/100
|turn|5
|
|t:|1756832152
|move|p1a: Electabuzz|Electroweb|p2a: Gholdengo|[spread] p2a,p2b
|-damage|p2a: Gholdengo|63/100
|-damage|p2b: Rillaboom|85/100
|-unboost|p2a: Gholdengo|spe|1
|-unboost|p2b: Rillaboom|spe|1
|move|p2a: Gholdengo|Nasty Plot|p2a: Gholdengo
|-boost|p2a: Gholdengo|spa|2
|move|p1b: Kingambit|Assurance|p2a: Gholdengo
|-supereffective|p2a: Gholdengo
|-damage|p2a: Gholdengo|0 fnt
|faint|p2a: Gholdengo
|move|p2b: Rillaboom|High Horsepower|p1b: Kingambit
|-supereffective|p1b: Kingambit
|-damage|p1b: Kingambit|45/100
|
|-weather|none
|-heal|p1b: Kingambit|51/100|[from] Grassy Terrain
|-heal|p2b: Rillaboom|91/100|[from] Grassy Terrain
|-fieldend|move: Grassy Terrain
|upkeep
|turn|6
|inactive|neuesspielzeug has 30 seconds left.
|
|t:|1756832182
|move|p1a: Electabuzz|Follow Me|p1a: Electabuzz
|-singleturn|p1a: Electabuzz|move: Follow Me
|move|p1b: Kingambit|Sucker Punch|p2b: Rillaboom
|-damage|p2b: Rillaboom|49/100
|move|p2b: Rillaboom|High Horsepower|p1a: Electabuzz
|-supereffective|p1a: Electabuzz
|-damage|p1a: Electabuzz|38/100
|
|upkeep
|turn|7
|
|t:|1756832189
|move|p1a: Electabuzz|Electroweb|p2b: Rillaboom
|-damage|p2b: Rillaboom|27/100
|-unboost|p2b: Rillaboom|spe|1
|move|p1b: Kingambit|Assurance|p2b: Rillaboom
|-damage|p2b: Rillaboom|0 fnt
|faint|p2b: Rillaboom
|
|win|neuesspielzeug
||TheLordNebiros is ready for game 2.
|inactive|neuesspielzeug has 30 seconds to confirm battle start!
||neuesspielzeug is ready for game 2.
|uhtml|next|Next: Game 2 of 3
