|j|☆JCOdyssey
|j|☆JiShade
|html|JCOdysseyJiShade    
|uhtml|bestof|Game 2 of a best-of-3
|t:|1785457468
|gametype|doubles
|player|p1|JCOdyssey|bianca|
|player|p2|JiShade|grimsley|
|gen|9
|tier|[Gen 9 Champions] VGC 2026 Reg M-B (Bo3)
|rule|Species Clause: Limit one of each Pokémon
|rule|Item Clause: Limit 1 of each item
|clearpoke
|poke|p1|Crabominable, L50, M|
|poke|p1|Primarina, L50, F|
|poke|p1|Tinkaton, L50, F|
|poke|p1|Farigiraf, L50, M|
|poke|p1|Gallade, L50, M|
|poke|p1|Rotom-Mow, L50|
|poke|p2|Camerupt, L50, F, shiny|
|poke|p2|Malamar, L50, M|
|poke|p2|Sylveon, L50, M|
|poke|p2|Metagross, L50|
|poke|p2|Krookodile, L50, M|
|poke|p2|Goodra, L50, M|
|teampreview|4
|showteam|p1|Crabominable||Crabominite|HyperCutter|Protect,IceHammer,DrainPunch,Crabhammer|Brave||M|||50|]Primarina||MysticWater|LiquidVoice|HyperVoice,Moonblast,CalmMind,Protect|Quiet||F|||50|]Tinkaton||Leftovers|OwnTempo|FakeOut,GigatonHammer,Encore,Protect|Adamant||F|||50|]Farigiraf||MentalHerb|ArmorTail|PsychicNoise,HyperVoice,TrickRoom,Protect|Relaxed||M|||50|]Gallade||LumBerry|Sharpness|NightSlash,SacredSword,TrickRoom,Protect|Sassy||M|||50|]Rotom-Mow||SitrusBerry|Levitate|LeafStorm,WillOWisp,VoltSwitch,Protect|Modest|||||50|
|showteam|p2|Camerupt||Cameruptite|MagmaArmor|RockSlide,Protect,EarthPower,HeatWave|Sassy||F|||50|]Malamar||Leftovers|Contrary|TrickRoom,ThroatChop,TopsyTurvy,RockSlide|Brave||M|||50|]Sylveon||FairyFeather|Pixilate|HyperVoice,CalmMind,Substitute,Detect|Bold||M|||50|]Metagross||MuscleBand|ClearBody|IcePunch,StompingTantrum,MeteorMash,Protect|Adamant|||||50|]Krookodile||ShellBell|Intimidate|Earthquake,FoulPlay,StealthRock,DragonTail|Jolly||M|||50|]Goodra||DragonFang|SapSipper|DracoMeteor,FireBlast,SludgeWave,Scald|Timid||M|||50|
|j| Cantoc
|
|t:|1785457499
|teamsize|p1|4
|teamsize|p2|4
|start
|switch|p1a: americrab 250|Crabominable, L50, M|100/100
|switch|p1b: Grl w/the ♂ symbol|Gallade, L50, M|100/100
|switch|p2a: Goodra|Goodra, L50, M|100/100
|switch|p2b: Sylveon|Sylveon, L50, M|100/100
|turn|1
|
|t:|1785457524
|switch|p1a: thing|Tinkaton, L50, F|100/100
|move|p1b: Grl w/the ♂ symbol|Protect|p1b: Grl w/the ♂ symbol
|-singleturn|p1b: Grl w/the ♂ symbol|Protect
|move|p2a: Goodra|Fire Blast|p1a: thing
|-supereffective|p1a: thing|1
|-crit|p1a: thing
|-damage|p1a: thing|16/100
|-status|p1a: thing|brn
|move|p2b: Sylveon|Hyper Voice|p1b: Grl w/the ♂ symbol|[spread] p1a
|-activate|p1b: Grl w/the ♂ symbol|move: Protect
|-resisted|p1a: thing|1
|-damage|p1a: thing|1/100 brn
|
|-heal|p1a: thing|7/100 brn|[from] item: Leftovers
|-damage|p1a: thing|1/100 brn|[from] brn
|upkeep
|turn|2
|c| Cantoc|omg
|
|t:|1785457563
|move|p1a: thing|Fake Out|p2b: Sylveon
|-damage|p2b: Sylveon|95/100
|move|p2a: Goodra|Draco Meteor|p1b: Grl w/the ♂ symbol
|-damage|p1b: Grl w/the ♂ symbol|55/100
|-unboost|p2a: Goodra|spa|2
|cant|p2b: Sylveon|flinch
|move|p1b: Grl w/the ♂ symbol|Trick Room|p1b: Grl w/the ♂ symbol
|-fieldstart|move: Trick Room|[of] p1b: Grl w/the ♂ symbol
|
|-heal|p1a: thing|7/100 brn|[from] item: Leftovers
|-damage|p1a: thing|1/100 brn|[from] brn
|upkeep
|turn|3
|c|☆JCOdyssey|rough turn 1 for ol jen
|
|t:|1785457589
|switch|p1b: boy w/the ♀ symbol|Primarina, L50, F|100/100
|move|p1a: thing|Protect|p1a: thing
|-singleturn|p1a: thing|Protect
|move|p2b: Sylveon|Hyper Voice|p1a: thing|[spread] p1b
|-activate|p1a: thing|move: Protect
|-damage|p1b: boy w/the ♀ symbol|67/100
|move|p2a: Goodra|Fire Blast|p1a: thing
|-activate|p1a: thing|move: Protect
|
|-heal|p1a: thing|7/100 brn|[from] item: Leftovers
|-damage|p1a: thing|1/100 brn|[from] brn
|upkeep
|turn|4
|
|t:|1785457628
|move|p1b: boy w/the ♀ symbol|Moonblast|p2a: Goodra
|-supereffective|p2a: Goodra|1
|-damage|p2a: Goodra|16/100
|move|p2b: Sylveon|Calm Mind|p2b: Sylveon
|-boost|p2b: Sylveon|spa|1
|-boost|p2b: Sylveon|spd|1
|move|p1a: thing|Gigaton Hammer|p2b: Sylveon
|-supereffective|p2b: Sylveon|1
|-damage|p2b: Sylveon|40/100
|move|p2a: Goodra|Sludge Wave|p1b: boy w/the ♀ symbol|[spread] p2b,p1b
|-immune|p1a: thing
|-supereffective|p2b: Sylveon|1
|-supereffective|p1b: boy w/the ♀ symbol|1
|-damage|p2b: Sylveon|29/100
|-damage|p1b: boy w/the ♀ symbol|50/100g
|
|-heal|p1a: thing|7/100 brn|[from] item: Leftovers
|-damage|p1a: thing|1/100 brn|[from] brn
|upkeep
|turn|5
|
|t:|1785457653
|move|p1a: thing|Protect|p1a: thing
|-singleturn|p1a: thing|Protect
|move|p1b: boy w/the ♀ symbol|Hyper Voice|p2b: Sylveon|[spread] p2a,p2b
|-resisted|p2a: Goodra|1
|-damage|p2a: Goodra|0 fnt
|-damage|p2b: Sylveon|7/100
|faint|p2a: Goodra
|move|p2b: Sylveon|Hyper Voice|p1b: boy w/the ♀ symbol|[spread] p1b
|-activate|p1a: thing|move: Protect
|-damage|p1b: boy w/the ♀ symbol|5/100
|
|-heal|p1a: thing|7/100 brn|[from] item: Leftovers
|-damage|p1a: thing|1/100 brn|[from] brn
|upkeep
|
|t:|1785457671
|switch|p2a: Camerupt|Camerupt, L50, F, shiny|100/100
|turn|6
|
|t:|1785457692
|detailschange|p2a: Camerupt|Camerupt-Mega, L50, F, shiny
|-mega|p2a: Camerupt|Camerupt|Cameruptite
|move|p2a: Camerupt|Protect|p2a: Camerupt
|-singleturn|p2a: Camerupt|Protect
|move|p1b: boy w/the ♀ symbol|Protect|p1b: boy w/the ♀ symbol
|-singleturn|p1b: boy w/the ♀ symbol|Protect
|move|p2b: Sylveon|Hyper Voice|p1a: thing|[spread] p1a
|-activate|p1b: boy w/the ♀ symbol|move: Protect
|-resisted|p1a: thing|1
|-damage|p1a: thing|0 fnt
|faint|p1a: thing
|
|-fieldend|move: Trick Room
|upkeep
|
|t:|1785457704
|switch|p1a: Grl w/the ♂ symbol|Gallade, L50, M|55/100
|turn|7
|
|t:|1785457735
|move|p2b: Sylveon|Hyper Voice|p1b: boy w/the ♀ symbol|[spread] p1a,p1b
|-supereffective|p1a: Grl w/the ♂ symbol|1
|-damage|p1a: Grl w/the ♂ symbol|0 fnt
|-damage|p1b: boy w/the ♀ symbol|0 fnt
|faint|p1a: Grl w/the ♂ symbol
|faint|p1b: boy w/the ♀ symbol
|move|p2a: Camerupt|Earth Power|p1: Grl w/the ♂ symbol|[notarget]
|-fail|p2a: Camerupt
|
|upkeep
|
|t:|1785457745
|switch|p1a: americrab 250|Crabominable, L50, M|100/100
|turn|8
|c| Cantoc|omg
|
|t:|1785457772
|detailschange|p1a: americrab 250|Crabominable-Mega, L50, M
|-mega|p1a: americrab 250|Crabominable|Crabominite
|move|p2b: Sylveon|Hyper Voice|p1a: americrab 250
|-supereffective|p1a: americrab 250|1
|-damage|p1a: americrab 250|0 fnt
|faint|p1a: americrab 250
|
|win|JiShade
||JiShade is ready for game 3.
