|j|☆Cotcha
|j|☆pabloblo
|html|Cotchapabloblo    
|uhtml|bestof|Game 2 of a best-of-3
|t:|1756389841
|gametype|doubles
|player|p1|Cotcha|li|1194
|player|p2|pabloblo|juan|1254
|gen|9
|tier|[Gen 9] VGC 2025 Reg H (Bo3)
|rated|
|rule|Species Clause: Limit one of each Pokémon
|rule|Item Clause: Limit 1 of each item
|clearpoke
|poke|p1|Annihilape, L50, F|
|poke|p1|Sinistcha, L50|
|poke|p1|Basculegion, L50, M|
|poke|p1|Pelipper, L50, M|
|poke|p1|Archaludon, L50, M|
|poke|p1|Maushold, L50|
|poke|p2|Torkoal, L50, M|
|poke|p2|Hatterene, L50, F|
|poke|p2|Indeedee-F, L50, F|
|poke|p2|Armarouge, L50, M|
|poke|p2|Ursaluna, L50, F|
|poke|p2|Kingambit, L50, F|
|teampreview|4
|showteam|p1|Annihilape||SitrusBerry|Defiant|DrainPunch,RageFist,BulkUp,Protect|||F|||50|,,,,,Fire]Sinistcha||RockyHelmet|Hospitality|RagePowder,MatchaGotcha,LifeDew,TrickRoom||||||50|,,,,,Fairy]Basculegion||ChoiceScarf|Adaptability|FlipTurn,WaveCrash,LastRespects,AquaJet|||M|||50|,,,,,Grass]Pelipper||FocusSash|Drizzle|WeatherBall,Hurricane,WideGuard,Protect|||M|||50|,,,,,Stellar]Archaludon||AssaultVest|Stamina|ElectroShot,BodyPress,DracoMeteor,FlashCannon|||M|||50|,,,,,Bug]Maushold||SafetyGoggles|FriendGuard|SuperFang,BeatUp,FollowMe,Taunt||||||50|,,,,,Ghost
|showteam|p2|Torkoal||Charcoal|Drought|Eruption,Overheat,HelpingHand,Protect|||M|||50|,,,,,Fire]Hatterene||LifeOrb|MagicBounce|ExpandingForce,DazzlingGleam,TrickRoom,Protect|||F|||50|,,,,,Fire]Indeedee-F||SafetyGoggles|PsychicSurge|FollowMe,Psychic,TrickRoom,HelpingHand|||F|||50|,,,,,Water]Armarouge||PowerHerb|FlashFire|ArmorCannon,MeteorBeam,ExpandingForce,TrickRoom|||M|||50|,,,,,Grass]Ursaluna||FlameOrb|Guts|Facade,HeadlongRush,Earthquake,Protect|||F|||50|,,,,,Ghost]Kingambit||AssaultVest|Defiant|KowtowCleave,SuckerPunch,IronHead,LowKick|||F|||50|,,,,,Flying
|inactive|Battle timer is ON: inactive players will automatically lose when time's up. (requested by pabloblo)
|inactive|Cotcha has 60 seconds left.
|
|t:|1756389881
|teamsize|p1|4
|teamsize|p2|4
|start
|switch|p1a: Pelipper|Pelipper, L50, M|100/100
|switch|p1b: Archaludon|Archaludon, L50, M|100/100
|switch|p2a: Indeedee|Indeedee-F, L50, F|100/100
|switch|p2b: Armarouge|Armarouge, L50, M|100/100
|-weather|RainDance|[from] ability: Drizzle|[of] p1a: Pelipper
|-fieldstart|move: Psychic Terrain|[from] ability: Psychic Surge|[of] p2a: Indeedee
|turn|1
|inactive|Cotcha has 30 seconds left.
|inactive|Cotcha has 20 seconds left.
|
|t:|1756389920
|move|p1a: Pelipper|Protect|p1a: Pelipper
|-singleturn|p1a: Pelipper|Protect
|move|p2a: Indeedee|Follow Me|p2a: Indeedee
|-singleturn|p2a: Indeedee|move: Follow Me
|move|p1b: Archaludon|Electro Shot||[still]
|-prepare|p1b: Archaludon|Electro Shot
|-boost|p1b: Archaludon|spa|1
|-anim|p1b: Archaludon|Electro Shot|p2a: Indeedee
|-damage|p2a: Indeedee|45/100
|move|p2b: Armarouge|Trick Room|p2b: Armarouge
|-fieldstart|move: Trick Room|[of] p2b: Armarouge
|
|-weather|RainDance|[upkeep]
|upkeep
|turn|2
|
|t:|1756389949
|-terastallize|p2b: Armarouge|Grass
|move|p1a: Pelipper|Wide Guard|p1a: Pelipper
|-singleturn|p1a: Pelipper|Wide Guard
|move|p2b: Armarouge|Meteor Beam||[still]
|-prepare|p2b: Armarouge|Meteor Beam
|-boost|p2b: Armarouge|spa|1
|-enditem|p2b: Armarouge|Power Herb
|-anim|p2b: Armarouge|Meteor Beam|p1a: Pelipper
|-supereffective|p1a: Pelipper
|-enditem|p1a: Pelipper|Focus Sash
|-damage|p1a: Pelipper|1/100
|move|p2a: Indeedee|Psychic|p1a: Pelipper
|-damage|p1a: Pelipper|0 fnt
|faint|p1a: Pelipper
|move|p1b: Archaludon|Draco Meteor|p2b: Armarouge
|-damage|p2b: Armarouge|6/100
|-unboost|p1b: Archaludon|spa|2
|
|-weather|RainDance|[upkeep]
|upkeep
|
|t:|1756389961
|switch|p1a: Sinistcha|Sinistcha, L50|100/100
|turn|3
|
|t:|1756389986
|switch|p2a: Torkoal|Torkoal, L50, M|100/100
|-weather|SunnyDay|[from] ability: Drought|[of] p2a: Torkoal
|move|p2b: Armarouge|Armor Cannon|p1b: Archaludon
|-damage|p1b: Archaludon|0 fnt
|-unboost|p2b: Armarouge|def|1
|-unboost|p2b: Armarouge|spd|1
|faint|p1b: Archaludon
|move|p1a: Sinistcha|Trick Room|p1a: Sinistcha
|-fieldend|move: Trick Room
|
|-weather|SunnyDay|[upkeep]
|upkeep
|
|t:|1756389991
|switch|p1b: Annihilape|Annihilape, L50, F|100/100
|turn|4
|inactive|Cotcha has 30 seconds left.
|inactive|pabloblo has 30 seconds left.
|inactive|Cotcha has 20 seconds left.
|inactive|Cotcha has 15 seconds left.
|inactive|Cotcha has 10 seconds left.
|
|t:|1756390038
|-terastallize|p1a: Sinistcha|Fairy
|move|p1b: Annihilape|Drain Punch|p2b: Armarouge
|-damage|p2b: Armarouge|0 fnt
|faint|p2b: Armarouge
|move|p1a: Sinistcha|Matcha Gotcha|p2a: Torkoal
|-resisted|p2a: Torkoal
|-damage|p2a: Torkoal|78/100
|move|p2a: Torkoal|Eruption|p1b: Annihilape|[spread] p1a,p1b
|-damage|p1a: Sinistcha|44/100
|-damage|p1b: Annihilape|43/100
|-enditem|p1b: Annihilape|Sitrus Berry|[eat]
|-heal|p1b: Annihilape|68/100|[from] item: Sitrus Berry
|
|-weather|SunnyDay|[upkeep]
|upkeep
|
|t:|1756390060
|switch|p2b: Indeedee|Indeedee-F, L50, F|45/100
|turn|5
|inactive|Cotcha has 30 seconds left.
|inactive|pabloblo has 30 seconds left.
|
|t:|1756390095
|move|p2b: Indeedee|Follow Me|p2b: Indeedee
|-singleturn|p2b: Indeedee|move: Follow Me
|move|p1b: Annihilape|Drain Punch|p2b: Indeedee
|-damage|p2b: Indeedee|6/100
|-heal|p1b: Annihilape|85/100|[from] drain|[of] p2b: Indeedee
|move|p1a: Sinistcha|Matcha Gotcha|p2a: Torkoal|[spread] p2a,p2b
|-resisted|p2a: Torkoal
|-damage|p2a: Torkoal|63/100
|-heal|p1a: Sinistcha|52/100|[from] drain|[of] p2a: Torkoal
|-damage|p2b: Indeedee|0 fnt
|-heal|p1a: Sinistcha|55/100|[from] drain|[of] p2b: Indeedee
|faint|p2b: Indeedee
|move|p2a: Torkoal|Eruption|p1b: Annihilape|[spread] p1a,p1b
|-damage|p1a: Sinistcha|6/100
|-damage|p1b: Annihilape|43/100
|
|-weather|SunnyDay|[upkeep]
|-fieldend|move: Psychic Terrain
|upkeep
|
|t:|1756390103
|switch|p2b: Ursaluna|Ursaluna, L50, F|100/100
|turn|6
|
|t:|1756390119
|move|p2b: Ursaluna|Protect|p2b: Ursaluna
|-singleturn|p2b: Ursaluna|Protect
|move|p2a: Torkoal|Protect|p2a: Torkoal
|-singleturn|p2a: Torkoal|Protect
|move|p1b: Annihilape|Rage Fist|p2a: Torkoal
|-activate|p2a: Torkoal|move: Protect
|move|p1a: Sinistcha|Life Dew|p1a: Sinistcha|[spread] p1a,p1b
|-heal|p1a: Sinistcha|31/100
|-heal|p1b: Annihilape|68/100
|
|-weather|SunnyDay|[upkeep]
|-status|p2b: Ursaluna|brn|[from] item: Flame Orb
|upkeep
|turn|7
|inactive|Cotcha has 30 seconds left.
|inactive|pabloblo has 30 seconds left.
|inactive|pabloblo has 20 seconds left.
|inactive|pabloblo has 15 seconds left.
|
|t:|1756390166
|move|p1b: Annihilape|Rage Fist|p2a: Torkoal
|-damage|p2a: Torkoal|17/100
|move|p1a: Sinistcha|Life Dew|p1a: Sinistcha|[spread] p1a,p1b
|-heal|p1a: Sinistcha|57/100
|-heal|p1b: Annihilape|93/100
|move|p2b: Ursaluna|Headlong Rush|p1b: Annihilape
|-damage|p1b: Annihilape|0 fnt
|-unboost|p2b: Ursaluna|def|1
|-unboost|p2b: Ursaluna|spd|1
|faint|p1b: Annihilape
|move|p2a: Torkoal|Overheat|p1a: Sinistcha
|-damage|p1a: Sinistcha|0 fnt
|-unboost|p2a: Torkoal|spa|2
|faint|p1a: Sinistcha
|
|win|pabloblo
|inactive|Cotcha has 30 seconds to confirm battle start!
|inactive|pabloblo has 30 seconds to confirm battle start!
||pabloblo is ready for game 3.
||Cotcha is ready for game 3.
|uhtml|next|Next: Game 3 of 3
|l|☆pabloblo
|player|p2|
