|j|☆henryclayalt
|j|☆Friegg
|html|henryclayaltFriegg    
|uhtml|bestof|Game 3 of a best-of-3
|t:|1784141694
|gametype|doubles
|player|p1|henryclayalt|n|
|player|p2|Friegg|2|
|gen|9
|tier|[Gen 9 Champions] VGC 2026 Reg M-B (Bo3)
|rule|Species Clause: Limit one of each Pokémon
|rule|Item Clause: Limit 1 of each item
|clearpoke
|poke|p1|Basculegion, L50, M|
|poke|p1|Floette-Eternal, L50, F|
|poke|p1|Farigiraf, L50, F|
|poke|p1|Aggron, L50, M|
|poke|p1|Toxapex, L50, F|
|poke|p1|Vivillon, L50, F|
|poke|p2|Charizard, L50, F|
|poke|p2|Kingambit, L50, M|
|poke|p2|Tinkaton, L50, F|
|poke|p2|Scovillain, L50, F|
|poke|p2|Aerodactyl, L50, F|
|poke|p2|Typhlosion-Hisui, L50, M|
|teampreview|4
|showteam|p1|Basculegion||ChoiceScarf|Adaptability|WaveCrash,AquaJet,LastRespects,FlipTurn|Adamant||M|||50|]Floette-Eternal||Floettite|FlowerVeil|CalmMind,LightofRuin,DazzlingGleam,Protect|Timid||F|||50|]Farigiraf||SitrusBerry|ArmorTail|TrickRoom,HelpingHand,Thunderbolt,HyperVoice|Sassy||F|||50|]Aggron||Aggronite|RockHead|RockSlide,Curse,HeavySlam,StompingTantrum|Brave||M|||50|]Toxapex||Leftovers|Regenerator|BanefulBunker,WideGuard,Infestation,IcyWind|Sassy||F|||50|]Vivillon||FocusSash|FriendGuard|RagePowder,Tailwind,SleepPowder,Hurricane|Timid||F|||50|
|showteam|p2|Charizard||CharizarditeY|Blaze|HeatWave,WeatherBall,AirSlash,Protect|Timid||F|||50|]Kingambit||BlackGlasses|Defiant|KowtowCleave,IronHead,SuckerPunch,Protect|Adamant||M|||50|]Tinkaton||MetalCoat|MoldBreaker|GigatonHammer,FakeOut,Encore,Protect|Jolly||F|||50|]Scovillain||ExpertBelt|Chlorophyll|LeafStorm,Overheat,RagePowder,Protect|Modest||F|||50|]Aerodactyl||FocusSash|Unnerve|RockSlide,Tailwind,WideGuard,Protect|Jolly||F|||50|]Typhlosion-Hisui||Charcoal|Frisk|Eruption,Overheat,ShadowBall,Protect|Timid||M|||50|
|
|t:|1784141724
|teamsize|p1|4
|teamsize|p2|4
|start
|switch|p1a: Basculegion|Basculegion, L50, M|100/100
|switch|p1b: Farigiraf|Farigiraf, L50, F|100/100
|switch|p2a: Charizard|Charizard, L50, F|100/100
|switch|p2b: Scovillain|Scovillain, L50, F|100/100
|turn|1
|
|t:|1784141747
|detailschange|p2a: Charizard|Charizard-Mega-Y, L50, F
|-mega|p2a: Charizard|Charizard|Charizardite Y
|-weather|SunnyDay|[from] ability: Drought|[of] p2a: Charizard
|move|p2b: Scovillain|Rage Powder|p2b: Scovillain
|-singleturn|p2b: Scovillain|move: Rage Powder
|move|p1a: Basculegion|Flip Turn|p2b: Scovillain
|-damage|p2b: Scovillain|64/100
|
|t:|1784141753
|switch|p1a: Floette|Floette-Eternal, L50, F|100/100|[from] Flip Turn
|move|p2a: Charizard|Heat Wave|p1b: Farigiraf|[spread] p1a,p1b
|-damage|p1a: Floette|36/100
|-damage|p1b: Farigiraf|56/100
|move|p1b: Farigiraf|Trick Room|p1b: Farigiraf
|-fieldstart|move: Trick Room|[of] p1b: Farigiraf
|
|-weather|SunnyDay|[upkeep]
|upkeep
|turn|2
|
|t:|1784141779
|detailschange|p1a: Floette|Floette-Mega, L50, F
|-mega|p1a: Floette|Floette|Floettite
|-ability|p1a: Floette|Fairy Aura
|move|p1b: Farigiraf|Helping Hand|p1a: Floette
|-singleturn|p1a: Floette|Helping Hand|[of] p1b: Farigiraf
|move|p2b: Scovillain|Rage Powder|p2b: Scovillain
|-singleturn|p2b: Scovillain|move: Rage Powder
|move|p2a: Charizard|Heat Wave|p1a: Floette|[spread] p1a,p1b
|-damage|p1a: Floette|0 fnt
|-damage|p1b: Farigiraf|11/100
|-enditem|p1b: Farigiraf|Sitrus Berry|[eat]
|-heal|p1b: Farigiraf|35/100|[from] item: Sitrus Berry
|faint|p1a: Floette
|
|-weather|SunnyDay|[upkeep]
|upkeep
|
|t:|1784141792
|switch|p1a: Toxapex|Toxapex, L50, F|100/100
|turn|3
|
|t:|1784141807
|move|p1a: Toxapex|Wide Guard|p1a: Toxapex
|-singleturn|p1a: Toxapex|Wide Guard
|move|p1b: Farigiraf|Thunderbolt|p2a: Charizard
|-supereffective|p2a: Charizard|1
|-damage|p2a: Charizard|52/100
|move|p2a: Charizard|Weather Ball|p1b: Farigiraf
|-damage|p1b: Farigiraf|0 fnt
|faint|p1b: Farigiraf
|move|p2b: Scovillain|Leaf Storm|p1a: Toxapex
|-damage|p1a: Toxapex|52/100
|-unboost|p2b: Scovillain|spa|2
|
|-weather|SunnyDay|[upkeep]
|-heal|p1a: Toxapex|57/100|[from] item: Leftovers
|upkeep
|
|t:|1784141820
|switch|p1b: Basculegion|Basculegion, L50, M|100/100
|turn|4
|
|t:|1784141841
|switch|p2a: Kingambit|Kingambit, L50, M|100/100
|move|p2b: Scovillain|Protect|p2b: Scovillain
|-singleturn|p2b: Scovillain|Protect
|move|p1a: Toxapex|Infestation|p2b: Scovillain
|-activate|p2b: Scovillain|move: Protect
|move|p1b: Basculegion|Last Respects|p2a: Kingambit
|-resisted|p2a: Kingambit|1
|-damage|p2a: Kingambit|60/100
|
|-weather|SunnyDay|[upkeep]
|-heal|p1a: Toxapex|63/100|[from] item: Leftovers
|upkeep
|turn|5
|
|t:|1784141856
|move|p2b: Scovillain|Rage Powder|p2b: Scovillain
|-singleturn|p2b: Scovillain|move: Rage Powder
|move|p1a: Toxapex|Infestation|p2b: Scovillain
|-damage|p2b: Scovillain|58/100
|-activate|p2b: Scovillain|move: Infestation|[of] p1a: Toxapex
|move|p2a: Kingambit|Kowtow Cleave|p1b: Basculegion
|-supereffective|p1b: Basculegion|1
|-damage|p1b: Basculegion|0 fnt
|faint|p1b: Basculegion
|
|-weather|none
|-heal|p1a: Toxapex|69/100|[from] item: Leftovers
|-damage|p2b: Scovillain|46/100|[from] move: Infestation|[partiallytrapped]
|-fieldend|move: Trick Room
|upkeep
|turn|6
|-message|henryclayalt forfeited.
|
|win|Friegg
|l|☆henryclayalt
|player|p1|
|l|☆Friegg
|player|p2|
|j|☆Friegg
|player|p2|Friegg|2|
