|j|☆PaquitoelBollito
|j|☆ShadowEliteYT
|html|PaquitoelBollitoShadowEliteYT    
|uhtml|bestof|Game 1 of a best-of-3
|t:|1783875007
|gametype|doubles
|player|p1|PaquitoelBollito|102|1089
|player|p2|ShadowEliteYT|2|1038
|gen|9
|tier|[Gen 9 Champions] VGC 2026 Reg M-B (Bo3)
|rated|
|rule|Species Clause: Limit one of each Pokémon
|rule|Item Clause: Limit 1 of each item
|clearpoke
|poke|p1|Aerodactyl, L50, M|
|poke|p1|Kingambit, L50, M|
|poke|p1|Garchomp, L50, M|
|poke|p1|Farigiraf, L50, M|
|poke|p1|Charizard, L50, F|
|poke|p1|Sylveon, L50, M|
|poke|p2|Raichu, L50, F|
|poke|p2|Sinistcha-Masterpiece, L50|
|poke|p2|Incineroar, L50, F|
|poke|p2|Staraptor, L50, F|
|poke|p2|Whimsicott, L50, F|
|poke|p2|Palafin, L50, F|
|teampreview|4
|showteam|p1|Aerodactyl||Aerodactylite|Unnerve|Tailwind,DualWingbeat,IceFang,RockSlide|Jolly||M|||50|]Kingambit||BlackGlasses|Defiant|SuckerPunch,KowtowCleave,Protect,LowKick|Adamant||M|||50|]Garchomp||LifeOrb|RoughSkin|Protect,DragonClaw,Earthquake,StompingTantrum|Jolly||M|||50|]Farigiraf||SitrusBerry|ArmorTail|PsychicFangs,Thunderbolt,TrickRoom,SunnyDay|Relaxed||M|||50|]Charizard||CharizarditeY|Blaze|Protect,HeatWave,WeatherBall,SolarBeam|Modest||F|||50|]Sylveon||FairyFeather|Pixilate|HyperVoice,Protect,QuickAttack,HyperBeam|Modest||M|||50|
|showteam|p2|Raichu||RaichuniteY|Static|ZapCannon,FocusBlast,VoltSwitch,Protect|Timid||F|||50|]Sinistcha-Masterpiece||Leftovers|Hospitality|MatchaGotcha,Poltergeist,RagePowder,Protect|Bold|||||50|]Incineroar||SitrusBerry|Intimidate|FlareBlitz,PartingShot,FakeOut,WillOWisp|Adamant||F|||50|]Staraptor||Staraptite|Intimidate|CloseCombat,BraveBird,Uturn,Protect|Jolly||F|||50|]Whimsicott||MentalHerb|Prankster|Moonblast,Tailwind,Encore,Charm|Timid||F|||50|]Palafin||LifeOrb|ZerotoHero|WaveCrash,IcePunch,FlipTurn,Protect|Jolly||F|||50|
|inactive|Battle timer is ON: inactive players will automatically lose when time's up. (requested by PaquitoelBollito)
|
|t:|1783875030
|teamsize|p1|4
|teamsize|p2|4
|start
|switch|p1a: Aerodactyl|Aerodactyl, L50, M|100/100
|switch|p1b: Kingambit|Kingambit, L50, M|100/100
|switch|p2a: Incineroar|Incineroar, L50, F|100/100
|switch|p2b: Palafin|Palafin, L50, F|100/100
|-ability|p1a: Aerodactyl|Unnerve
|-ability|p2a: Incineroar|Intimidate|boost
|-unboost|p1a: Aerodactyl|atk|1
|-unboost|p1b: Kingambit|atk|1
|-ability|p1b: Kingambit|Defiant|boost
|-boost|p1b: Kingambit|atk|2
|turn|1
|inactive|PaquitoelBollito has 30 seconds left.
|inactive|PaquitoelBollito has 20 seconds left.
|inactive|PaquitoelBollito has 15 seconds left.
|
|t:|1783875075
|detailschange|p1a: Aerodactyl|Aerodactyl-Mega, L50, M
|-mega|p1a: Aerodactyl|Aerodactyl|Aerodactylite
|move|p1a: Aerodactyl|Tailwind|p1a: Aerodactyl
|-sidestart|p1: PaquitoelBollito|move: Tailwind
|move|p1b: Kingambit|Low Kick|p2a: Incineroar
|-supereffective|p2a: Incineroar|1
|-damage|p2a: Incineroar|12/100
|-enditem|p2a: Incineroar|Sitrus Berry|[eat]
|-heal|p2a: Incineroar|37/100|[from] item: Sitrus Berry
|move|p2b: Palafin|Flip Turn|p1a: Aerodactyl
|-supereffective|p1a: Aerodactyl|1
|-damage|p1a: Aerodactyl|41/100
|-damage|p2b: Palafin|90/100|[from] item: Life Orb
|
|t:|1783875090
|detailschange|p2b: Palafin|Palafin-Hero, L50, F
|switch|p2b: Whimsicott|Whimsicott, L50, F|100/100|[from] Flip Turn
|move|p2a: Incineroar|Flare Blitz|p1b: Kingambit
|-supereffective|p1b: Kingambit|1
|-damage|p1b: Kingambit|0 fnt
|faint|p1b: Kingambit
|-damage|p2a: Incineroar|3/100|[from] Recoil
|
|upkeep
|
|t:|1783875098
|switch|p1b: Sylveon|Sylveon, L50, M|100/100
|turn|2
|
|t:|1783875109
|move|p2b: Whimsicott|Encore|p1a: Aerodactyl
|-start|p1a: Aerodactyl|Encore
|move|p1a: Aerodactyl|Tailwind||[still]
|-fail|p1a: Aerodactyl
|move|p1b: Sylveon|Hyper Voice|p2b: Whimsicott|[spread] p2a,p2b
|-damage|p2a: Incineroar|0 fnt
|-damage|p2b: Whimsicott|42/100
|faint|p2a: Incineroar
|
|upkeep
|
|t:|1783875117
|switch|p2a: Staraptor|Staraptor, L50, F|100/100
|-ability|p2a: Staraptor|Intimidate|boost
|-unboost|p1a: Aerodactyl|atk|1
|-unboost|p1b: Sylveon|atk|1
|turn|3
|
|t:|1783875139
|switch|p1a: Garchomp|Garchomp, L50, M|100/100
|detailschange|p2a: Staraptor|Staraptor-Mega, L50, F
|-mega|p2a: Staraptor|Staraptor|Staraptite
|move|p2b: Whimsicott|Tailwind|p2b: Whimsicott
|-sidestart|p2: ShadowEliteYT|move: Tailwind
|move|p2a: Staraptor|Close Combat|p1a: Garchomp
|-damage|p1a: Garchomp|37/100
|-boost|p2a: Staraptor|def|1
|-boost|p2a: Staraptor|spd|1
|-damage|p2a: Staraptor|87/100|[from] ability: Rough Skin|[of] p1a: Garchomp
|move|p1b: Sylveon|Hyper Beam|p2a: Staraptor
|-supereffective|p2a: Staraptor|1
|-damage|p2a: Staraptor|0 fnt
|-mustrecharge|p1b: Sylveon
|faint|p2a: Staraptor
|
|upkeep
|
|t:|1783875153
|switch|p2a: Palafin|Palafin-Hero, L50, F|90/100
|-activate|p2a: Palafin|ability: Zero to Hero
|turn|4
|inactive|PaquitoelBollito has 30 seconds left.
|inactive|ShadowEliteYT has 30 seconds left.
|
|t:|1783875186
|move|p1a: Garchomp|Dragon Claw|p2b: Whimsicott
|-immune|p2b: Whimsicott
|move|p2a: Palafin|Ice Punch|p1a: Garchomp
|-supereffective|p1a: Garchomp|2
|-damage|p1a: Garchomp|0 fnt
|-damage|p2a: Palafin|77/100|[from] ability: Rough Skin|[of] p1a: Garchomp
|faint|p1a: Garchomp
|-damage|p2a: Palafin|68/100|[from] item: Life Orb
|move|p2b: Whimsicott|Moonblast|p1b: Sylveon
|-damage|p1b: Sylveon|71/100
|cant|p1b: Sylveon|recharge
|
|-sideend|p1: PaquitoelBollito|move: Tailwind
|upkeep
|
|t:|1783875190
|switch|p1a: Aerodactyl|Aerodactyl-Mega, L50, M|41/100
|turn|5
|inactive|PaquitoelBollito has 30 seconds left.
|inactive|ShadowEliteYT has 30 seconds left.
|inactive|ShadowEliteYT has 20 seconds left.
|
|t:|1783875239
|move|p2a: Palafin|Flip Turn|p1a: Aerodactyl
|-supereffective|p1a: Aerodactyl|1
|-damage|p1a: Aerodactyl|0 fnt
|faint|p1a: Aerodactyl
|-damage|p2a: Palafin|58/100|[from] item: Life Orb
|move|p2b: Whimsicott|Moonblast|p1b: Sylveon
|-damage|p1b: Sylveon|40/100
|move|p1b: Sylveon|Hyper Voice|p2b: Whimsicott|[spread] p2a,p2b
|-damage|p2a: Palafin|7/100
|-damage|p2b: Whimsicott|0 fnt
|faint|p2b: Whimsicott
|
|upkeep
|turn|6
|
|t:|1783875254
|move|p1b: Sylveon|Quick Attack|p2a: Palafin
|-damage|p2a: Palafin|0 fnt
|faint|p2a: Palafin
|
|win|PaquitoelBollito
