|j|☆furnoz
|j|☆N0rin
|html|furnozN0rin    
|uhtml|bestof|Game 3 of a best-of-3
|t:|1757669388
|gametype|doubles
|player|p1|furnoz|102|1182
|player|p2|N0rin|psychic-gen4|1098
|gen|9
|tier|[Gen 9] VGC 2025 Reg H (Bo3)
|rated|
|rule|Species Clause: Limit one of each Pokémon
|rule|Item Clause: Limit 1 of each item
|clearpoke
|poke|p1|Espeon, L50, M|
|poke|p1|Indeedee-F, L50, F|
|poke|p1|Pelipper, L50, M|
|poke|p1|Basculegion, L50, M|
|poke|p1|Archaludon, L50, M|
|poke|p1|Gallade, L50, M|
|poke|p2|Garganacl, L50, M|
|poke|p2|Dondozo, L50, F|
|poke|p2|Sneasler, L50, F|
|poke|p2|Gholdengo, L50|
|poke|p2|Ninetales-Alola, L50, F|
|poke|p2|Incineroar, L50, F|
|teampreview|4
|showteam|p1|Espeon||TwistedSpoon|MagicBounce|ExpandingForce,Psychic,DazzlingGleam,Protect|||M|||50|,,,,,Psychic]Indeedee-F||PsychicSeed|PsychicSurge|FollowMe,DazzlingGleam,TrickRoom,HelpingHand|||F|||50|,,,,,Grass]Pelipper||FocusSash|Drizzle|WeatherBall,Hurricane,WideGuard,Tailwind|||M|||50|,,,,,Ghost]Basculegion||ChoiceScarf|Adaptability|WaveCrash,FlipTurn,LastRespects,TeraBlast|||M|||50|,,,,,Fighting]Archaludon||AssaultVest|Stamina|ElectroShot,BodyPress,FlashCannon,DracoMeteor|||M|||50|,,,,,Fairy]Gallade||ClearAmulet|Sharpness|SacredSword,PsychoCut,NightSlash,Protect|||M|||50|,,,,,Dark
|showteam|p2|Garganacl||MarangaBerry|PurifyingSalt|SaltCure,StealthRock,Protect,Recover|||M|||50|,,,,,Flying]Dondozo||Leftovers|Unaware|Liquidation,Yawn,Curse,Protect|||F|||50|,,,,,Poison]Sneasler||FocusSash|PoisonTouch|DireClaw,CloseCombat,Coaching,Protect|||F|||50|,,,,,Ghost]Gholdengo||ChoiceScarf|GoodasGold|MakeItRain,ShadowBall,Trick,PowerGem||||||50|,,,,,Steel]Ninetales-Alola||NeverMeltIce|SnowWarning|Blizzard,FreezeDry,Protect,AuroraVeil|||F|||50|,,,,,Ice]Incineroar||AssaultVest|Intimidate|FlareBlitz,KnockOff,FakeOut,DrainPunch|||F|||50|,,,,,Grass
|
|t:|1757669431
|teamsize|p1|4
|teamsize|p2|4
|start
|switch|p1a: Pelipper|Pelipper, L50, M|100/100
|switch|p1b: Indeedee|Indeedee-F, L50, F|100/100
|switch|p2a: Ninetales|Ninetales-Alola, L50, F|100/100
|switch|p2b: Gholdengo|Gholdengo, L50|100/100
|-weather|Snowscape|[from] ability: Snow Warning|[of] p2a: Ninetales
|-weather|RainDance|[from] ability: Drizzle|[of] p1a: Pelipper
|-fieldstart|move: Psychic Terrain|[from] ability: Psychic Surge|[of] p1b: Indeedee
|-enditem|p1b: Indeedee|Psychic Seed
|-boost|p1b: Indeedee|spd|1|[from] item: Psychic Seed
|turn|1
|
|t:|1757669459
|switch|p1b: Archaludon|Archaludon, L50, M|100/100
|move|p2b: Gholdengo|Make It Rain|p1b: Archaludon|[spread] p1a,p1b
|-resisted|p1a: Pelipper
|-resisted|p1b: Archaludon
|-damage|p1a: Pelipper|56/100
|-damage|p1b: Archaludon|78/100
|-unboost|p2b: Gholdengo|spa|1
|-ability|p1b: Archaludon|Stamina|boost
|-boost|p1b: Archaludon|def|1
|move|p2a: Ninetales|Freeze-Dry|p1a: Pelipper
|-supereffective|p1a: Pelipper
|-damage|p1a: Pelipper|0 fnt
|faint|p1a: Pelipper
|
|-weather|RainDance|[upkeep]
|upkeep
|
|t:|1757669474
|switch|p1a: Espeon|Espeon, L50, M|100/100
|turn|2
|
|t:|1757669504
|switch|p2a: Incineroar|Incineroar, L50, F|100/100
|-ability|p2a: Incineroar|Intimidate|boost
|-unboost|p1a: Espeon|atk|1
|-unboost|p1b: Archaludon|atk|1
|-terastallize|p1a: Espeon|Psychic
|move|p2b: Gholdengo|Make It Rain|p1a: Espeon|[spread] p1a,p1b
|-resisted|p1b: Archaludon
|-crit|p1b: Archaludon
|-damage|p1a: Espeon|57/100
|-damage|p1b: Archaludon|44/100
|-unboost|p2b: Gholdengo|spa|1
|-ability|p1b: Archaludon|Stamina|boost
|-boost|p1b: Archaludon|def|1
|move|p1a: Espeon|Expanding Force|p2b: Gholdengo|[spread] p2b
|-immune|p2a: Incineroar
|-resisted|p2b: Gholdengo
|-damage|p2b: Gholdengo|43/100
|move|p1b: Archaludon|Electro Shot||[still]
|-prepare|p1b: Archaludon|Electro Shot
|-boost|p1b: Archaludon|spa|1
|-anim|p1b: Archaludon|Electro Shot|p2b: Gholdengo
|-damage|p2b: Gholdengo|0 fnt
|faint|p2b: Gholdengo
|
|-weather|RainDance|[upkeep]
|upkeep
|
|t:|1757669533
|switch|p2b: Ninetales|Ninetales-Alola, L50, F|100/100
|-weather|Snowscape|[from] ability: Snow Warning|[of] p2b: Ninetales
|turn|3
|
|t:|1757669591
|-terastallize|p2b: Ninetales|Ice
|move|p1a: Espeon|Expanding Force|p2a: Incineroar|[spread] p2b
|-immune|p2a: Incineroar
|-damage|p2b: Ninetales|0 fnt
|faint|p2b: Ninetales
|move|p1b: Archaludon|Body Press|p2a: Incineroar
|-supereffective|p2a: Incineroar
|-damage|p2a: Incineroar|2/100
|move|p2a: Incineroar|Knock Off|p1a: Espeon
|-supereffective|p1a: Espeon
|-damage|p1a: Espeon|0 fnt
|-enditem|p1a: Espeon|Twisted Spoon|[from] move: Knock Off|[of] p2a: Incineroar
|faint|p1a: Espeon
|
|-weather|Snowscape|[upkeep]
|upkeep
|
|t:|1757669604
|switch|p1a: Indeedee|Indeedee-F, L50, F|100/100
|switch|p2b: Garganacl|Garganacl, L50, M|100/100
|turn|4
|
|t:|1757669650
|move|p1a: Indeedee|Follow Me|p1a: Indeedee
|-singleturn|p1a: Indeedee|move: Follow Me
|move|p1b: Archaludon|Body Press|p2a: Incineroar
|-supereffective|p2a: Incineroar
|-damage|p2a: Incineroar|0 fnt
|faint|p2a: Incineroar
|move|p2b: Garganacl|Recover||[still]
|-fail|p2b: Garganacl|heal
|
|-weather|Snowscape|[upkeep]
|upkeep
|turn|5
|
|t:|1757669666
|move|p1a: Indeedee|Follow Me|p1a: Indeedee
|-singleturn|p1a: Indeedee|move: Follow Me
|move|p1b: Archaludon|Electro Shot||[still]
|-prepare|p1b: Archaludon|Electro Shot
|-boost|p1b: Archaludon|spa|1
|move|p2b: Garganacl|Recover||[still]
|-fail|p2b: Garganacl|heal
|
|-weather|Snowscape|[upkeep]
|-fieldend|move: Psychic Terrain
|upkeep
|turn|6
|
|t:|1757669675
|move|p2b: Garganacl|Protect|p2b: Garganacl
|-singleturn|p2b: Garganacl|Protect
|move|p1a: Indeedee|Follow Me|p1a: Indeedee
|-singleturn|p1a: Indeedee|move: Follow Me
|move|p1b: Archaludon|Electro Shot|p2b: Garganacl|[from] lockedmove
|-activate|p2b: Garganacl|move: Protect
|
|-weather|Snowscape|[upkeep]
|upkeep
|turn|7
|
|t:|1757669686
|move|p1a: Indeedee|Follow Me|p1a: Indeedee
|-singleturn|p1a: Indeedee|move: Follow Me
|move|p1b: Archaludon|Body Press|p2b: Garganacl
|-supereffective|p2b: Garganacl
|-damage|p2b: Garganacl|37/100
|move|p2b: Garganacl|Salt Cure|p1a: Indeedee
|-damage|p1a: Indeedee|86/100
|-start|p1a: Indeedee|Salt Cure
|
|-weather|none
|-damage|p1a: Indeedee|74/100|[from] Salt Cure
|upkeep
|turn|8
|l|☆furnoz
|player|p1|
|j|☆furnoz
|player|p1|furnoz|102|
|
|t:|1757669739
|move|p1a: Indeedee|Helping Hand|p1b: Archaludon
|-singleturn|p1b: Archaludon|Helping Hand|[of] p1a: Indeedee
|move|p1b: Archaludon|Flash Cannon|p2b: Garganacl
|-supereffective|p2b: Garganacl
|-damage|p2b: Garganacl|0 fnt
|faint|p2b: Garganacl
|
|win|furnoz
|raw|furnoz's rating: 1182 → 1201(+19 for winning)
|raw|N0rin's rating: 1098 → 1079(-19 for losing)
|l|☆furnoz
|player|p1|
|l|☆N0rin
|player|p2|
