|j|☆WrestlingDemon
|j|☆snodlop
|html|WrestlingDemonsnodlop    
|uhtml|bestof|Game 2 of a best-of-3
|t:|1782484772
|gametype|doubles
|player|p1|WrestlingDemon|102|1207
|player|p2|snodlop|lebanne|1306
|gen|9
|tier|[Gen 9 Champions] VGC 2026 Reg M-B (Bo3)
|rated|
|rule|Species Clause: Limit one of each Pokémon
|rule|Item Clause: Limit 1 of each item
|clearpoke
|poke|p1|Mawile, L50, F|
|poke|p1|Milotic, L50, M|
|poke|p1|Oranguru, L50, F|
|poke|p1|Maushold-Four, L50|
|poke|p1|Goodra, L50, M|
|poke|p1|Incineroar, L50, F|
|poke|p2|Pelipper, L50, M|
|poke|p2|Archaludon, L50, F|
|poke|p2|Meganium, L50, M|
|poke|p2|Incineroar, L50, M|
|poke|p2|Dragonite, L50, M|
|poke|p2|Basculegion, L50, M|
|teampreview|4
|showteam|p1|Mawile||Mawilite|HyperCutter|IronHead,PlayRough,SwordsDance,Protect|Brave||F|||50|]Milotic||Leftovers|Competitive|Scald,Coil,Hypnosis,Recover|Modest||M|||50|]Oranguru||SitrusBerry|InnerFocus|Psychic,Instruct,Encore,TrickRoom|Relaxed||F|||50|]Maushold-Four||WideLens|FriendGuard|PopulationBomb,FollowMe,Feint,Protect|Adamant|||||50|]Goodra||LifeOrb|SapSipper|DracoMeteor,Thunderbolt,IceBeam,Protect|Quiet||M|||50|]Incineroar||ShucaBerry|Intimidate|FlareBlitz,ThroatChop,FakeOut,PartingShot|Brave||F|||50|
|showteam|p2|Pelipper||FocusSash|Drizzle|Tailwind,WideGuard,Hurricane,WeatherBall|Modest||M|||50|]Archaludon||Leftovers|Stamina|ElectroShot,DracoMeteor,Snarl,Protect|Bold||F|||50|]Meganium||Meganiumite|Overgrow|SolarBeam,WeatherBall,Synthesis,DazzlingGleam|Modest||M|||50|]Incineroar||SitrusBerry|Intimidate|FakeOut,PartingShot,FlareBlitz,DarkestLariat|Careful||M|||50|]Dragonite||Dragoninite|Multiscale|Hurricane,DracoMeteor,WeatherBall,Protect|Modest||M|||50|]Basculegion||ChoiceScarf|SwiftSwim|LastRespects,Liquidation,FlipTurn,PsychicFangs|Jolly||M|||50|
|inactive|Battle timer is ON: inactive players will automatically lose when time's up. (requested by WrestlingDemon)
|inactive|WrestlingDemon has 60 seconds left.
|
|t:|1782484808
|teamsize|p1|4
|teamsize|p2|4
|start
|switch|p1a: Maushold|Maushold-Four, L50|100/100
|switch|p1b: Oranguru|Oranguru, L50, F|100/100
|switch|p2a: Pelipper|Pelipper, L50, M|100/100
|switch|p2b: Archaludon|Archaludon, L50, F|100/100
|-weather|RainDance|[from] ability: Drizzle|[of] p2a: Pelipper
|turn|1
|
|t:|1782484829
|switch|p2a: Incineroar|Incineroar, L50, M|100/100
|-ability|p2a: Incineroar|Intimidate|boost
|-unboost|p1a: Maushold|atk|1
|-fail|p1b: Oranguru|unboost|Attack|[from] ability: Inner Focus|[of] p1b: Oranguru
|move|p1a: Maushold|Population Bomb|p2a: Incineroar
|-damage|p2a: Incineroar|95/100
|-damage|p2a: Incineroar|91/100
|-damage|p2a: Incineroar|85/100
|-damage|p2a: Incineroar|80/100
|-damage|p2a: Incineroar|75/100
|-damage|p2a: Incineroar|70/100
|-damage|p2a: Incineroar|64/100
|-damage|p2a: Incineroar|59/100
|-damage|p2a: Incineroar|54/100
|-damage|p2a: Incineroar|50/100y
|-enditem|p2a: Incineroar|Sitrus Berry|[eat]
|-heal|p2a: Incineroar|74/100|[from] item: Sitrus Berry
|-hitcount|p2a: Incineroar|10
|move|p2b: Archaludon|Electro Shot||[still]
|-prepare|p2b: Archaludon|Electro Shot
|-boost|p2b: Archaludon|spa|1
|-anim|p2b: Archaludon|Electro Shot|p1b: Oranguru
|-damage|p1b: Oranguru|68/100
|move|p1b: Oranguru|Trick Room|p1b: Oranguru
|-fieldstart|move: Trick Room|[of] p1b: Oranguru
|
|-weather|RainDance|[upkeep]
|upkeep
|turn|2
|
|t:|1782484846
|switch|p1b: Mawile|Mawile, L50, F|100/100
|move|p2a: Incineroar|Fake Out|p1a: Maushold
|-damage|p1a: Maushold|86/100
|cant|p1a: Maushold|flinch
|move|p2b: Archaludon|Electro Shot||[still]
|-prepare|p2b: Archaludon|Electro Shot
|-boost|p2b: Archaludon|spa|1
|-anim|p2b: Archaludon|Electro Shot|p1b: Mawile
|-damage|p1b: Mawile|3/100
|
|-weather|RainDance|[upkeep]
|upkeep
|turn|3
|
|t:|1782484874
|detailschange|p1b: Mawile|Mawile-Mega, L50, F
|-mega|p1b: Mawile|Mawile|Mawilite
|move|p2b: Archaludon|Protect|p2b: Archaludon
|-singleturn|p2b: Archaludon|Protect
|move|p1b: Mawile|Play Rough|p2b: Archaludon
|-activate|p2b: Archaludon|move: Protect
|move|p2a: Incineroar|Parting Shot|p1a: Maushold
|-unboost|p1a: Maushold|atk|1
|-unboost|p1a: Maushold|spa|1
|
|t:|1782484886
|switch|p2a: Meganium|Meganium, L50, M|100/100|[from] Parting Shot
|move|p1a: Maushold|Population Bomb|p2a: Meganium
|-damage|p2a: Meganium|95/100
|-damage|p2a: Meganium|91/100
|-damage|p2a: Meganium|86/100
|-damage|p2a: Meganium|82/100
|-damage|p2a: Meganium|77/100
|-damage|p2a: Meganium|73/100
|-damage|p2a: Meganium|68/100
|-damage|p2a: Meganium|64/100
|-damage|p2a: Meganium|59/100
|-damage|p2a: Meganium|55/100
|-hitcount|p2a: Meganium|10
|
|-weather|RainDance|[upkeep]
|upkeep
|turn|4
|
|t:|1782484896
|switch|p1a: Oranguru|Oranguru, L50, F|68/100
|switch|p2a: Incineroar|Incineroar, L50, M|74/100
|-ability|p2a: Incineroar|Intimidate|boost
|-fail|p1a: Oranguru|unboost|Attack|[from] ability: Inner Focus|[of] p1a: Oranguru
|-unboost|p1b: Mawile|atk|1
|move|p1b: Mawile|Protect|p1b: Mawile
|-singleturn|p1b: Mawile|Protect
|move|p2b: Archaludon|Electro Shot||[still]
|-prepare|p2b: Archaludon|Electro Shot
|-boost|p2b: Archaludon|spa|1
|-anim|p2b: Archaludon|Electro Shot|p1b: Mawile
|-activate|p1b: Mawile|move: Protect
|
|-weather|RainDance|[upkeep]
|upkeep
|turn|5
|
|t:|1782484914
|switch|p1b: Maushold|Maushold-Four, L50|86/100
|switch|p1a: Goodra|Goodra, L50, M|100/100
|move|p2a: Incineroar|Fake Out|p1b: Maushold
|-damage|p1b: Maushold|72/100
|move|p2b: Archaludon|Snarl|p1a: Goodra|[spread] p1a,p1b
|-damage|p1a: Goodra|83/100
|-damage|p1b: Maushold|36/100
|-unboost|p1a: Goodra|spa|1
|-unboost|p1b: Maushold|spa|1
|
|-weather|none
|-fieldend|move: Trick Room
|upkeep
|turn|6
|
|t:|1782484929
|move|p1b: Maushold|Follow Me|p1b: Maushold
|-singleturn|p1b: Maushold|move: Follow Me
|move|p2b: Archaludon|Snarl|p1b: Maushold|[spread] p1a,p1b
|-damage|p1a: Goodra|68/100
|-damage|p1b: Maushold|1/100
|-unboost|p1a: Goodra|spa|1
|-unboost|p1b: Maushold|spa|1
|move|p1a: Goodra|Draco Meteor|p2b: Archaludon
|-crit|p2b: Archaludon
|-damage|p2b: Archaludon|0 fnt
|-unboost|p1a: Goodra|spa|2
|faint|p2b: Archaludon
|-damage|p1a: Goodra|59/100|[from] item: Life Orb
|move|p2a: Incineroar|Parting Shot|p1b: Maushold
|-unboost|p1b: Maushold|atk|1
|-unboost|p1b: Maushold|spa|1
|
|t:|1782484937
|switch|p2a: Meganium|Meganium, L50, M|55/100|[from] Parting Shot
|
|upkeep
|
|t:|1782484940
|switch|p2b: Incineroar|Incineroar, L50, M|74/100
|-ability|p2b: Incineroar|Intimidate|boost
|-unboost|p1a: Goodra|atk|1
|-unboost|p1b: Maushold|atk|1
|turn|7
|
|t:|1782484949
|detailschange|p2a: Meganium|Meganium-Mega, L50, M
|-mega|p2a: Meganium|Meganium|Meganiumite
|move|p1b: Maushold|Protect|p1b: Maushold
|-singleturn|p1b: Maushold|Protect
|move|p2b: Incineroar|Fake Out|p1b: Maushold
|-activate|p1b: Maushold|move: Protect
|move|p2a: Meganium|Dazzling Gleam|p1b: Maushold|[spread] p1a
|-activate|p1b: Maushold|move: Protect
|-supereffective|p1a: Goodra|1
|-damage|p1a: Goodra|16/100
|move|p1a: Goodra|Ice Beam|p2a: Meganium
|-supereffective|p2a: Meganium|1
|-damage|p2a: Meganium|27/100
|-damage|p1a: Goodra|7/100|[from] item: Life Orb
|
|upkeep
|turn|8
|
|t:|1782484974
|switch|p1b: Mawile|Mawile-Mega, L50, F|3/100
|move|p2a: Meganium|Dazzling Gleam|p1a: Goodra|[spread] p1a,p1b
|-supereffective|p1a: Goodra|1
|-resisted|p1b: Mawile|1
|-damage|p1a: Goodra|0 fnt
|-damage|p1b: Mawile|0 fnt
|faint|p1a: Goodra
|faint|p1b: Mawile
|move|p2b: Incineroar|Darkest Lariat|p1: Goodra|[notarget]
|-fail|p2b: Incineroar
|
|upkeep
|
|t:|1782484980
|switch|p1a: Oranguru|Oranguru, L50, F|68/100
|switch|p1b: Maushold|Maushold-Four, L50|1/100
|turn|9
|
|t:|1782484994
|move|p1b: Maushold|Protect|p1b: Maushold
|-singleturn|p1b: Maushold|Protect
|move|p2a: Meganium|Dazzling Gleam|p1a: Oranguru|[spread] p1a
|-activate|p1b: Maushold|move: Protect
|-damage|p1a: Oranguru|46/100
|-enditem|p1a: Oranguru|Sitrus Berry|[eat]
|-heal|p1a: Oranguru|71/100|[from] item: Sitrus Berry
|move|p2b: Incineroar|Darkest Lariat|p1a: Oranguru
|-supereffective|p1a: Oranguru|1
|-damage|p1a: Oranguru|34/100
|move|p1a: Oranguru|Trick Room|p1a: Oranguru
|-fieldstart|move: Trick Room|[of] p1a: Oranguru
|
|upkeep
|turn|10
|-message|WrestlingDemon forfeited.
|raw|WrestlingDemon's rating: 1207 → 1189(-18 for losing)
|raw|snodlop's rating: 1306 → 1320(+14 for winning)
|
|win|snodlop
|l|☆WrestlingDemon
|player|p1|
