|j|☆KodeBeast0526
|j|☆Naya314
|html|KodeBeast0526Naya314    
|uhtml|bestof|Game 1 of a best-of-3
|t:|1784142743
|gametype|doubles
|player|p1|KodeBeast0526|sailor|1121
|player|p2|Naya314|candice|1209
|gen|9
|tier|[Gen 9 Champions] VGC 2026 Reg M-B (Bo3)
|rated|
|rule|Species Clause: Limit one of each Pokémon
|rule|Item Clause: Limit 1 of each item
|clearpoke
|poke|p1|Aerodactyl, L50, M|
|poke|p1|Kingambit, L50, M|
|poke|p1|Sylveon, L50, M|
|poke|p1|Garchomp, L50, M|
|poke|p1|Charizard, L50, M|
|poke|p1|Incineroar, L50, M|
|poke|p2|Lycanroc-Dusk, L50, F|
|poke|p2|Blaziken, L50, F|
|poke|p2|Milotic, L50, M|
|poke|p2|Incineroar, L50, M|
|poke|p2|Venusaur, L50, F|
|poke|p2|Ninetales-Alola, L50, M|
|teampreview|4
|showteam|p1|Aerodactyl||Aerodactylite|Unnerve|RockSlide,IceFang,Tailwind,WideGuard|Jolly||M|||50|]Kingambit||FocusSash|Defiant|KowtowCleave,SuckerPunch,IronHead,Protect|Adamant||M|||50|]Sylveon||FairyFeather|Pixilate|Detect,HyperVoice,HyperBeam,QuickAttack|Modest||M|||50|]Garchomp||LifeOrb|RoughSkin|Earthquake,DragonClaw,StompingTantrum,Protect|Jolly||M|||50|]Charizard||CharizarditeY|Blaze|Protect,HeatWave,SolarBeam,WeatherBall|Modest||M|||50|]Incineroar||SitrusBerry|Intimidate|DarkestLariat,FlareBlitz,FakeOut,PartingShot|Impish||M|||50|
|showteam|p2|Lycanroc-Dusk||FocusSash|ToughClaws|RockSlide,Accelerock,CloseCombat,Protect|Adamant||F|||50|]Blaziken||Blazikenite|SpeedBoost|FlareBlitz,CloseCombat,RockSlide,Detect|Adamant||F|||50|]Milotic||Leftovers|Competitive|MuddyWater,Coil,Hypnosis,Recover|Calm||M|||50|]Incineroar||SitrusBerry|Intimidate|FlareBlitz,ThroatChop,FakeOut,PartingShot|Impish||M|||50|]Venusaur||Venusaurite|Chlorophyll|GigaDrain,SludgeBomb,EarthPower,Protect|Modest||F|||50|]Ninetales-Alola||LightClay|SnowWarning|Blizzard,FreezeDry,AuroraVeil,Encore|Timid||M|||50|
|inactive|Battle timer is ON: inactive players will automatically lose when time's up. (requested by Naya314)
|inactive|KodeBeast0526 has 60 seconds left.
|
|t:|1784142800
|teamsize|p1|4
|teamsize|p2|4
|start
|switch|p1a: Aerodactyl|Aerodactyl, L50, M|100/100
|switch|p1b: Incineroar|Incineroar, L50, M|100/100
|switch|p2a: Milotic|Milotic, L50, M|100/100
|switch|p2b: Lycanroc|Lycanroc-Dusk, L50, F|100/100
|-ability|p1a: Aerodactyl|Unnerve
|-ability|p1b: Incineroar|Intimidate|boost
|-unboost|p2a: Milotic|atk|1
|-ability|p2a: Milotic|Competitive|boost
|-boost|p2a: Milotic|spa|2
|-unboost|p2b: Lycanroc|atk|1
|turn|1
|inactive|Naya314 has 30 seconds left.
|
|t:|1784142826
|detailschange|p1a: Aerodactyl|Aerodactyl-Mega, L50, M
|-mega|p1a: Aerodactyl|Aerodactyl|Aerodactylite
|move|p1b: Incineroar|Fake Out|p2b: Lycanroc
|-resisted|p2b: Lycanroc|1
|-damage|p2b: Lycanroc|90/100
|move|p1a: Aerodactyl|Tailwind|p1a: Aerodactyl
|-sidestart|p1: KodeBeast0526|move: Tailwind
|cant|p2b: Lycanroc|flinch
|move|p2a: Milotic|Coil|p2a: Milotic
|-boost|p2a: Milotic|atk|1
|-boost|p2a: Milotic|def|1
|-boost|p2a: Milotic|accuracy|1
|
|upkeep
|turn|2
|
|t:|1784142846
|move|p2b: Lycanroc|Protect|p2b: Lycanroc
|-singleturn|p2b: Lycanroc|Protect
|move|p1a: Aerodactyl|Rock Slide|p2b: Lycanroc|[spread] p2a
|-activate|p2b: Lycanroc|move: Protect
|-damage|p2a: Milotic|80/100
|move|p1b: Incineroar|Darkest Lariat|p2a: Milotic
|-damage|p2a: Milotic|44/100
|cant|p2a: Milotic|flinch
|
|-heal|p2a: Milotic|50/100y|[from] item: Leftovers
|upkeep
|turn|3
|
|t:|1784142867
|move|p1a: Aerodactyl|Rock Slide|p2b: Lycanroc|[spread] p2a,p2b
|-damage|p2a: Milotic|29/100
|-damage|p2b: Lycanroc|42/100
|move|p2b: Lycanroc|Rock Slide|p1b: Incineroar|[spread] p1a,p1b
|-supereffective|p1a: Aerodactyl|1
|-supereffective|p1b: Incineroar|1
|-damage|p1a: Aerodactyl|59/100
|-damage|p1b: Incineroar|72/100
|move|p1b: Incineroar|Darkest Lariat|p2a: Milotic
|-damage|p2a: Milotic|0 fnt
|faint|p2a: Milotic
|
|upkeep
|
|t:|1784142881
|switch|p2a: Blaziken|Blaziken, L50, F|100/100
|turn|4
|
|t:|1784142893
|switch|p1b: Garchomp|Garchomp, L50, M|100/100
|move|p2b: Lycanroc|Protect|p2b: Lycanroc
|-singleturn|p2b: Lycanroc|Protect
|move|p2a: Blaziken|Detect|p2a: Blaziken
|-singleturn|p2a: Blaziken|Protect
|move|p1a: Aerodactyl|Rock Slide|p2b: Lycanroc|[spread] 
|-activate|p2a: Blaziken|move: Protect
|-activate|p2b: Lycanroc|move: Protect
|
|-sideend|p1: KodeBeast0526|move: Tailwind
|-ability|p2a: Blaziken|Speed Boost|boost
|-boost|p2a: Blaziken|spe|1
|upkeep
|turn|5
|
|t:|1784142918
|switch|p1a: Incineroar|Incineroar, L50, M|72/100
|-ability|p1a: Incineroar|Intimidate|boost
|-unboost|p2a: Blaziken|atk|1
|-unboost|p2b: Lycanroc|atk|1
|switch|p2b: Ninetales|Ninetales-Alola, L50, M|100/100
|-weather|Snowscape|[from] ability: Snow Warning|[of] p2b: Ninetales
|detailschange|p2a: Blaziken|Blaziken-Mega, L50, F
|-mega|p2a: Blaziken|Blaziken|Blazikenite
|move|p2a: Blaziken|Rock Slide|p1a: Incineroar|[spread] p1a,p1b
|-supereffective|p1a: Incineroar|1
|-resisted|p1b: Garchomp|1
|-damage|p1a: Incineroar|48/100
|-damage|p1b: Garchomp|92/100
|-enditem|p1a: Incineroar|Sitrus Berry|[eat]
|-heal|p1a: Incineroar|73/100|[from] item: Sitrus Berry
|move|p1b: Garchomp|Earthquake|p2a: Blaziken|[spread] p1a,p2a,p2b
|-supereffective|p1a: Incineroar|1
|-supereffective|p2a: Blaziken|1
|-crit|p2a: Blaziken
|-damage|p1a: Incineroar|7/100
|-damage|p2a: Blaziken|0 fnt
|-damage|p2b: Ninetales|58/100
|faint|p2a: Blaziken
|-damage|p1b: Garchomp|82/100|[from] item: Life Orb
|
|-weather|Snowscape|[upkeep]
|upkeep
|
|t:|1784142940
|switch|p2a: Lycanroc|Lycanroc-Dusk, L50, F|42/100
|turn|6
|
|t:|1784142946
|move|p1a: Incineroar|Fake Out|p2b: Ninetales
|-damage|p2b: Ninetales|49/100
|move|p2a: Lycanroc|Accelerock|p1a: Incineroar
|-supereffective|p1a: Incineroar|1
|-damage|p1a: Incineroar|0 fnt
|faint|p1a: Incineroar
|cant|p2b: Ninetales|flinch
|move|p1b: Garchomp|Earthquake|p2b: Ninetales|[spread] p2a,p2b
|-supereffective|p2a: Lycanroc|1
|-damage|p2a: Lycanroc|0 fnt
|-damage|p2b: Ninetales|7/100
|faint|p2a: Lycanroc
|-damage|p1b: Garchomp|72/100|[from] item: Life Orb
|
|-weather|Snowscape|[upkeep]
|upkeep
|
|t:|1784142953
|switch|p1a: Aerodactyl|Aerodactyl-Mega, L50, M|59/100
|turn|7
|
|t:|1784142960
|move|p1a: Aerodactyl|Rock Slide|p2b: Ninetales
|-supereffective|p2b: Ninetales|1
|-damage|p2b: Ninetales|0 fnt
|faint|p2b: Ninetales
|
|win|KodeBeast0526
||KodeBeast0526 is ready for game 2.
|l|☆Naya314
|player|p2|
||Naya314 is ready for game 2.
|uhtml|next|Next: Game 2 of 3
