|j|☆Praximus
|j|☆joyfulwizard
|html|Praximusjoyfulwizard    
|uhtml|bestof|Game 3 of a best-of-3
|t:|1785331057
|gametype|doubles
|player|p1|Praximus|red|1239
|player|p2|joyfulwizard|cheren-gen5bw2|1364
|gen|9
|tier|[Gen 9 Champions] VGC 2026 Reg M-B (Bo3)
|rated|
|rule|Species Clause: Limit one of each Pokémon
|rule|Item Clause: Limit 1 of each item
|clearpoke
|poke|p1|Staraptor, L50, M, shiny|
|poke|p1|Milotic, L50, M|
|poke|p1|Tyranitar, L50, M|
|poke|p1|Excadrill, L50, M|
|poke|p1|Gholdengo, L50|
|poke|p1|Venusaur, L50, M|
|poke|p2|Charizard, L50, M|
|poke|p2|Glimmora, L50, M|
|poke|p2|Whimsicott, L50, F|
|poke|p2|Ninetales-Alola, L50, F|
|poke|p2|Kingambit, L50, M|
|poke|p2|Kommo-o, L50, M|
|teampreview|4
|showteam|p1|Staraptor||Staraptite|Intimidate|BraveBird,CloseCombat,Tailwind,Protect|Jolly||M|||50|]Milotic||Leftovers|Competitive|Scald,IcyWind,IceBeam,Recover|Calm||M|||50|]Tyranitar||ChoiceScarf|SandStream|RockSlide,KnockOff,BrickBreak,IcePunch|Jolly||M|||50|]Excadrill||FocusSash|SandRush|StompingTantrum,IronHead,RockSlide,Protect|Adamant||M|||50|]Gholdengo||LifeOrb|GoodasGold|MakeItRain,ShadowBall,Thunderbolt,Protect|Serious|||||50|]Venusaur||Venusaurite|Chlorophyll|SludgeBomb,GigaDrain,EarthPower,Protect|Modest||M|||50|
|showteam|p2|Charizard||CharizarditeY|Blaze|HeatWave,WeatherBall,SolarBeam,Protect|Modest||M|||50|]Glimmora||Glimmoranite|ToxicDebris|SludgeBomb,PowerGem,EarthPower,SpikyShield|Modest||M|||50|]Whimsicott||FocusSash|Prankster|Moonblast,Tailwind,Encore,Protect|Timid||F|||50|]Ninetales-Alola||NeverMeltIce|SnowWarning|Blizzard,FreezeDry,Disable,Protect|Timid||F|||50|]Kingambit||BlackGlasses|Defiant|KowtowCleave,SuckerPunch,IronHead,Protect|Adamant||M|||50|]Kommo-o||LifeOrb|Overcoat|ClangingScales,AuraSphere,VacuumWave,Protect|Modest||M|||50|
|inactive|Battle timer is ON: inactive players will automatically lose when time's up. (requested by Praximus)
|inactive|Praximus has 60 seconds left.
|
|t:|1785331096
|teamsize|p1|4
|teamsize|p2|4
|start
|switch|p1a: Tyranitar|Tyranitar, L50, M|100/100
|switch|p1b: Excadrill|Excadrill, L50, M|100/100
|switch|p2a: Whimsicott|Whimsicott, L50, F|100/100
|switch|p2b: Kommo-o|Kommo-o, L50, M|100/100
|-weather|Sandstorm|[from] ability: Sand Stream|[of] p1a: Tyranitar
|turn|1
|inactive|Praximus has 30 seconds left.
|
|t:|1785331127
|switch|p1a: Milotic|Milotic, L50, M|100/100
|move|p2a: Whimsicott|Tailwind|p2a: Whimsicott
|-sidestart|p2: joyfulwizard|move: Tailwind
|move|p1b: Excadrill|Iron Head|p2a: Whimsicott
|-supereffective|p2a: Whimsicott|1
|-enditem|p2a: Whimsicott|Focus Sash
|-damage|p2a: Whimsicott|1/100
|move|p2b: Kommo-o|Aura Sphere|p1a: Milotic
|-damage|p1a: Milotic|63/100
|-damage|p2b: Kommo-o|90/100|[from] item: Life Orb
|
|-weather|Sandstorm|[upkeep]
|-damage|p2a: Whimsicott|0 fnt|[from] Sandstorm
|-damage|p1a: Milotic|57/100|[from] Sandstorm
|faint|p2a: Whimsicott
|-heal|p1a: Milotic|63/100|[from] item: Leftovers
|upkeep
|
|t:|1785331139
|switch|p2a: Charizard|Charizard, L50, M|100/100
|turn|2
|
|t:|1785331152
|move|p1b: Excadrill|Protect|p1b: Excadrill
|-singleturn|p1b: Excadrill|Protect
|move|p2a: Charizard|Protect|p2a: Charizard
|-singleturn|p2a: Charizard|Protect
|move|p2b: Kommo-o|Aura Sphere|p1a: Milotic
|-damage|p1a: Milotic|30/100
|-damage|p2b: Kommo-o|80/100|[from] item: Life Orb
|move|p1a: Milotic|Ice Beam|p2b: Kommo-o
|-supereffective|p2b: Kommo-o|1
|-damage|p2b: Kommo-o|25/100
|
|-weather|Sandstorm|[upkeep]
|-damage|p2a: Charizard|94/100|[from] Sandstorm
|-damage|p1a: Milotic|24/100|[from] Sandstorm
|-heal|p1a: Milotic|30/100|[from] item: Leftovers
|upkeep
|turn|3
|inactive|Praximus has 30 seconds left.
|
|t:|1785331184
|switch|p1b: Venusaur|Venusaur, L50, M|100/100
|detailschange|p2a: Charizard|Charizard-Mega-Y, L50, M
|-mega|p2a: Charizard|Charizard|Charizardite Y
|-weather|SunnyDay|[from] ability: Drought|[of] p2a: Charizard
|move|p2b: Kommo-o|Aura Sphere|p1b: Venusaur
|-resisted|p1b: Venusaur|1
|-damage|p1b: Venusaur|74/100
|-damage|p2b: Kommo-o|15/100|[from] item: Life Orb
|move|p2a: Charizard|Heat Wave|p1b: Venusaur|[spread] p1a,p1b
|-resisted|p1a: Milotic|1
|-supereffective|p1b: Venusaur|1
|-crit|p1b: Venusaur
|-damage|p1a: Milotic|8/100
|-damage|p1b: Venusaur|0 fnt
|faint|p1b: Venusaur
|move|p1a: Milotic|Recover|p1a: Milotic
|-heal|p1a: Milotic|58/100
|
|-weather|SunnyDay|[upkeep]
|-heal|p1a: Milotic|64/100|[from] item: Leftovers
|upkeep
|
|t:|1785331206
|switch|p1b: Excadrill|Excadrill, L50, M|100/100
|turn|4
|inactive|Praximus has 30 seconds left.
|inactive|joyfulwizard has 30 seconds left.
|inactive|joyfulwizard has 20 seconds left.
|inactive|joyfulwizard has 15 seconds left.
|
|t:|1785331247
|switch|p2a: Ninetales|Ninetales-Alola, L50, F|100/100
|-weather|Snowscape|[from] ability: Snow Warning|[of] p2a: Ninetales
|move|p2b: Kommo-o|Aura Sphere|p1a: Milotic
|-damage|p1a: Milotic|30/100
|-damage|p2b: Kommo-o|5/100|[from] item: Life Orb
|move|p1b: Excadrill|Rock Slide|p2b: Kommo-o|[spread] p2a,p2b
|-supereffective|p2a: Ninetales|1
|-resisted|p2b: Kommo-o|1
|-damage|p2a: Ninetales|57/100
|-damage|p2b: Kommo-o|0 fnt
|faint|p2b: Kommo-o
|move|p1a: Milotic|Ice Beam|p2a: Ninetales
|-resisted|p2a: Ninetales|1
|-damage|p2a: Ninetales|42/100
|
|-weather|Snowscape|[upkeep]
|-heal|p1a: Milotic|36/100|[from] item: Leftovers
|-sideend|p2: joyfulwizard|move: Tailwind
|upkeep
|
|t:|1785331254
|switch|p2b: Charizard|Charizard-Mega-Y, L50, M|94/100
|-weather|SunnyDay|[from] ability: Drought|[of] p2b: Charizard
|turn|5
|c|☆joyfulwizard|ggs
|
|t:|1785331273
|switch|p1a: Tyranitar|Tyranitar, L50, M|100/100
|-weather|Sandstorm|[from] ability: Sand Stream|[of] p1a: Tyranitar
|move|p1b: Excadrill|Protect|p1b: Excadrill
|-singleturn|p1b: Excadrill|Protect
|move|p2a: Ninetales|Blizzard|p1b: Excadrill|[spread] p1a
|-activate|p1b: Excadrill|move: Protect
|-damage|p1a: Tyranitar|74/100
|move|p2b: Charizard|Heat Wave|p1b: Excadrill|[spread] p1a
|-activate|p1b: Excadrill|move: Protect
|-resisted|p1a: Tyranitar|1
|-damage|p1a: Tyranitar|61/100
|
|-weather|Sandstorm|[upkeep]
|-damage|p2a: Ninetales|36/100|[from] Sandstorm
|-damage|p2b: Charizard|88/100|[from] Sandstorm
|upkeep
|turn|6
|
|t:|1785331291
|move|p2a: Ninetales|Protect|p2a: Ninetales
|-singleturn|p2a: Ninetales|Protect
|move|p1b: Excadrill|Rock Slide|p2a: Ninetales|[spread] p2b
|-activate|p2a: Ninetales|move: Protect
|-supereffective|p2b: Charizard|2
|-damage|p2b: Charizard|2/100
|move|p1a: Tyranitar|Rock Slide|p2b: Charizard|[spread] p2b
|-activate|p2a: Ninetales|move: Protect
|-supereffective|p2b: Charizard|2
|-damage|p2b: Charizard|0 fnt
|faint|p2b: Charizard
|
|-weather|Sandstorm|[upkeep]
|-damage|p2a: Ninetales|30/100|[from] Sandstorm
|upkeep
|turn|7
|c|☆Praximus|ggwp
|
|t:|1785331308
|move|p1b: Excadrill|Iron Head|p2a: Ninetales
|-supereffective|p2a: Ninetales|2
|-damage|p2a: Ninetales|0 fnt
|faint|p2a: Ninetales
|
|win|Praximus
|raw|Praximus's rating: 1239 → 1273(+34 for winning)
|raw|joyfulwizard's rating: 1364 → 1337(-27 for losing)
