|j|☆mista_b00ze
|j|☆SomeKidJon
|html|mista_b00zeSomeKidJon    
|uhtml|bestof|Game 2 of a best-of-3
|t:|1783461057
|gametype|doubles
|player|p1|mista_b00ze|blue|1195
|player|p2|SomeKidJon|scientistf|1312
|gen|9
|tier|[Gen 9 Champions] VGC 2026 Reg M-B (Bo3)
|rated|
|rule|Species Clause: Limit one of each Pokémon
|rule|Item Clause: Limit 1 of each item
|clearpoke
|poke|p1|Sinistcha, L50|
|poke|p1|Incineroar, L50, F|
|poke|p1|Milotic, L50, F|
|poke|p1|Raichu, L50, F|
|poke|p1|Floette-Eternal, L50, F|
|poke|p1|Ceruledge, L50, F|
|poke|p2|Primarina, L50, F|
|poke|p2|Hatterene, L50, F|
|poke|p2|Lopunny, L50, M|
|poke|p2|Staraptor, L50, M|
|poke|p2|Camerupt, L50, F|
|poke|p2|Farigiraf, L50, F|
|teampreview|4
|showteam|p1|Sinistcha||KasibBerry|Hospitality|MatchaGotcha,LifeDew,RagePowder,Protect|Bold|||||50|]Incineroar||SitrusBerry|Intimidate|FlareBlitz,ThroatChop,FakeOut,PartingShot|Impish||F|||50|]Milotic||Leftovers|Competitive|MuddyWater,Coil,Hypnosis,Protect|Calm||F|||50|]Raichu||RaichuniteY|LightningRod|ZapCannon,FocusBlast,FakeOut,Protect|Timid||F|||50|]Floette-Eternal||Floettite|FlowerVeil|DazzlingGleam,DrainingKiss,CalmMind,Protect|Timid||F|||50|]Ceruledge||ColburBerry|FlashFire|BitterBlade,ShadowSneak,BulkUp,Protect|Adamant||F|||50|
|showteam|p2|Primarina||Leftovers|LiquidVoice|HyperVoice,Protect,Moonblast,CalmMind|Modest||F|||50|]Hatterene||FocusSash|MagicBounce|Psychic,Protect,DazzlingGleam,TrickRoom|Quiet||F|||50|]Lopunny||Lopunnite|Klutz|FakeOut,CloseCombat,AfterYou,TripleAxel|Jolly||M|||50|]Staraptor||ChoiceScarf|Intimidate|FinalGambit,DoubleEdge,BraveBird,Uturn|Adamant||M|||50|]Camerupt||Cameruptite|SolidRock|Protect,AncientPower,HeatWave,EarthPower|Quiet||F|||50|]Farigiraf||SitrusBerry|ArmorTail|DazzlingGleam,Protect,Thunderbolt,TrickRoom|Modest||F|||50|
|j| beatcraft
|
|t:|1783461077
|teamsize|p1|4
|teamsize|p2|4
|start
|switch|p1a: Ceruledge|Ceruledge, L50, F|100/100
|switch|p1b: Incineroar|Incineroar, L50, F|100/100
|switch|p2a: Lopunny|Lopunny, L50, M|100/100
|switch|p2b: Primarina|Primarina, L50, F|100/100
|-ability|p1b: Incineroar|Intimidate|boost
|-unboost|p2a: Lopunny|atk|1
|-unboost|p2b: Primarina|atk|1
|turn|1
|
|t:|1783461120
|detailschange|p2a: Lopunny|Lopunny-Mega, L50, M
|-mega|p2a: Lopunny|Lopunny|Lopunnite
|move|p1a: Ceruledge|Protect|p1a: Ceruledge
|-singleturn|p1a: Ceruledge|Protect
|move|p2a: Lopunny|Fake Out|p1b: Incineroar
|-crit|p1b: Incineroar
|-damage|p1b: Incineroar|73/100
|cant|p1b: Incineroar|flinch
|move|p2b: Primarina|Calm Mind|p2b: Primarina
|-boost|p2b: Primarina|spa|1
|-boost|p2b: Primarina|spd|1
|
|upkeep
|turn|2
|
|t:|1783461134
|switch|p1a: Sinistcha|Sinistcha, L50|100/100
|-heal|p1b: Incineroar|98/100|[from] ability: Hospitality|[of] p1a: Sinistcha
|move|p2a: Lopunny|After You|p2b: Primarina
|-activate|p2b: Primarina|move: After You
|move|p2b: Primarina|Hyper Voice|p1a: Sinistcha|[spread] p1a,p1b
|-resisted|p1a: Sinistcha|1
|-supereffective|p1b: Incineroar|1
|-damage|p1a: Sinistcha|74/100
|-damage|p1b: Incineroar|19/100
|-enditem|p1b: Incineroar|Sitrus Berry|[eat]
|-heal|p1b: Incineroar|44/100|[from] item: Sitrus Berry
|move|p1b: Incineroar|Parting Shot|p2b: Primarina
|-unboost|p2b: Primarina|atk|1
|-unboost|p2b: Primarina|spa|1
|
|t:|1783461147
|switch|p1b: Raichu|Raichu, L50, F|100/100|[from] Parting Shot
|
|upkeep
|turn|3
|
|t:|1783461158
|switch|p2a: Hatterene|Hatterene, L50, F|100/100
|detailschange|p1b: Raichu|Raichu-Mega-Y, L50, F
|-mega|p1b: Raichu|Raichu|Raichunite Y
|move|p2b: Primarina|Protect|p2b: Primarina
|-singleturn|p2b: Primarina|Protect
|move|p1a: Sinistcha|Rage Powder|p1a: Sinistcha
|-singleturn|p1a: Sinistcha|move: Rage Powder
|move|p1b: Raichu|Zap Cannon|p2b: Primarina
|-activate|p2b: Primarina|move: Protect
|
|upkeep
|turn|4
|
|t:|1783461172
|switch|p2b: Staraptor|Staraptor, L50, M|100/100
|-ability|p2b: Staraptor|Intimidate|boost
|-unboost|p1a: Sinistcha|atk|1
|-unboost|p1b: Raichu|atk|1
|move|p1a: Sinistcha|Rage Powder|p1a: Sinistcha
|-singleturn|p1a: Sinistcha|move: Rage Powder
|move|p1b: Raichu|Zap Cannon|p2b: Staraptor
|-supereffective|p2b: Staraptor|1
|-damage|p2b: Staraptor|0 fnt
|faint|p2b: Staraptor
|move|p2a: Hatterene|Trick Room|p2a: Hatterene
|-fieldstart|move: Trick Room|[of] p2a: Hatterene
|
|upkeep
|
|t:|1783461175
|switch|p2b: Primarina|Primarina, L50, F|100/100
|turn|5
|
|t:|1783461196
|move|p1b: Raichu|Protect|p1b: Raichu
|-singleturn|p1b: Raichu|Protect
|move|p2a: Hatterene|Dazzling Gleam|p1b: Raichu|[spread] p1a
|-activate|p1b: Raichu|move: Protect
|-damage|p1a: Sinistcha|35/100
|move|p2b: Primarina|Hyper Voice|p1b: Raichu|[spread] p1a
|-activate|p1b: Raichu|move: Protect
|-resisted|p1a: Sinistcha|1
|-damage|p1a: Sinistcha|16/100
|move|p1a: Sinistcha|Life Dew||[still]|[spread] p1a,p1b
|-heal|p1a: Sinistcha|42/100
|-fail|p1b: Raichu|heal
|
|upkeep
|turn|6
|
|t:|1783461213
|switch|p1b: Ceruledge|Ceruledge, L50, F|100/100
|move|p1a: Sinistcha|Protect|p1a: Sinistcha
|-singleturn|p1a: Sinistcha|Protect
|move|p2a: Hatterene|Dazzling Gleam|p1a: Sinistcha|[spread] p1b
|-activate|p1a: Sinistcha|move: Protect
|-resisted|p1b: Ceruledge|1
|-damage|p1b: Ceruledge|80/100
|move|p2b: Primarina|Hyper Voice|p1b: Ceruledge|[spread] p1b
|-activate|p1a: Sinistcha|move: Protect
|-supereffective|p1b: Ceruledge|1
|-damage|p1b: Ceruledge|9/100
|
|upkeep
|turn|7
|
|t:|1783461232
|move|p1b: Ceruledge|Shadow Sneak|p2a: Hatterene
|-supereffective|p2a: Hatterene|1
|-damage|p2a: Hatterene|51/100
|move|p2a: Hatterene|Psychic|p1a: Sinistcha
|-damage|p1a: Sinistcha|0 fnt
|faint|p1a: Sinistcha
|move|p2b: Primarina|Calm Mind|p2b: Primarina
|-boost|p2b: Primarina|spa|1
|-boost|p2b: Primarina|spd|1
|
|upkeep
|
|t:|1783461243
|switch|p1a: Raichu|Raichu-Mega-Y, L50, F|100/100
|turn|8
|
|t:|1783461249
|move|p2b: Primarina|Protect|p2b: Primarina
|-singleturn|p2b: Primarina|Protect
|move|p1a: Raichu|Fake Out|p2b: Primarina
|-activate|p2b: Primarina|move: Protect
|move|p1b: Ceruledge|Shadow Sneak|p2a: Hatterene
|-supereffective|p2a: Hatterene|1
|-damage|p2a: Hatterene|0 fnt
|faint|p2a: Hatterene
|
|-fieldend|move: Trick Room
|upkeep
|
|t:|1783461254
|switch|p2a: Lopunny|Lopunny-Mega, L50, M|100/100
|turn|9
|
|t:|1783461266
|switch|p1b: Incineroar|Incineroar, L50, F|44/100
|-ability|p1b: Incineroar|Intimidate|boost
|-fail|p2a: Lopunny|unboost|Attack|[from] ability: Scrappy|[of] p2a: Lopunny
|-unboost|p2b: Primarina|atk|1
|move|p1a: Raichu|Protect|p1a: Raichu
|-singleturn|p1a: Raichu|Protect
|move|p2a: Lopunny|Fake Out|p1a: Raichu
|-activate|p1a: Raichu|move: Protect
|move|p2b: Primarina|Calm Mind|p2b: Primarina
|-boost|p2b: Primarina|spa|1
|-boost|p2b: Primarina|spd|1
|
|upkeep
|turn|10
|
|t:|1783461282
|move|p1b: Incineroar|Fake Out|p2a: Lopunny
|-damage|p2a: Lopunny|84/100
|cant|p2a: Lopunny|flinch
|move|p1a: Raichu|Zap Cannon|p2b: Primarina
|-supereffective|p2b: Primarina|1
|-damage|p2b: Primarina|34/100
|-status|p2b: Primarina|par
|move|p2b: Primarina|Hyper Voice|p1a: Raichu|[spread] p1a,p1b
|-supereffective|p1b: Incineroar|1
|-damage|p1a: Raichu|5/100
|-damage|p1b: Incineroar|0 fnt
|faint|p1b: Incineroar
|
|-heal|p2b: Primarina|40/100 par|[from] item: Leftovers
|upkeep
|
|t:|1783461296
|switch|p1b: Ceruledge|Ceruledge, L50, F|9/100
|turn|11
|
|t:|1783461309
|move|p2a: Lopunny|Close Combat|p1a: Raichu
|-crit|p1a: Raichu
|-damage|p1a: Raichu|0 fnt
|-unboost|p2a: Lopunny|def|1
|-unboost|p2a: Lopunny|spd|1
|faint|p1a: Raichu
|move|p1b: Ceruledge|Bitter Blade|p2a: Lopunny
|-damage|p2a: Lopunny|0 fnt
|-heal|p1b: Ceruledge|48/100|[from] drain|[of] p2a: Lopunny
|faint|p2a: Lopunny
|move|p2b: Primarina|Hyper Voice|p1b: Ceruledge
|-supereffective|p1b: Ceruledge|1
|-damage|p1b: Ceruledge|0 fnt
|faint|p1b: Ceruledge
|
|win|SomeKidJon
|raw|mista_b00ze's rating: 1195 → 1178(-17 for losing)
|raw|SomeKidJon's rating: 1312 → 1326(+14 for winning)
|l|☆mista_b00ze
|player|p1|
|l|☆SomeKidJon
|player|p2|
