|j|☆MillerHit9
|j|☆okkoso
|html|MillerHit9okkoso    
|uhtml|bestof|Game 1 of a best-of-3
|t:|1756699372
|gametype|doubles
|player|p1|MillerHit9|hilda|1000
|player|p2|okkoso|waiter-gen4dp|1076
|gen|9
|tier|[Gen 9] VGC 2025 Reg H (Bo3)
|rated|
|rule|Species Clause: Limit one of each Pokémon
|rule|Item Clause: Limit 1 of each item
|clearpoke
|poke|p1|Whimsicott, L50, M|
|poke|p1|Amoonguss, L50, M|
|poke|p1|Excadrill, L50, M|
|poke|p1|Krookodile, L50, M|
|poke|p1|Gothitelle, L50, F|
|poke|p1|Chandelure, L50, F|
|poke|p2|Incineroar, L50, M|
|poke|p2|Gholdengo, L50|
|poke|p2|Dragonite, L50, F|
|poke|p2|Amoonguss, L50, M|
|poke|p2|Ursaluna-Bloodmoon, L50, M|
|poke|p2|Sneasler, L50, F|
|teampreview|4
|showteam|p1|Whimsicott||FocusSash|Prankster|Moonblast,Protect,Encore,Tailwind|||M|||50|,,,,,Fairy]Amoonguss||MentalHerb|Regenerator|Spore,Protect,RagePowder,EnergyBall|||M|||50|,,,,,Ghost]Excadrill||SafetyGoggles|SandRush|Sandstorm,Protect,HighHorsepower,IronHead|||M|||50|,,,,,Ground]Krookodile||CovertCloak|Intimidate|Sandstorm,Protect,KnockOff,Earthquake|||M|||50|,,,,,Stellar]Gothitelle||SitrusBerry|ShadowTag|ExpandingForce,Protect,HelpingHand,Thunderbolt|||F|||50|,,,,,Ghost]Chandelure||ChoiceSpecs|FlameBody|ShadowBall,BurningJealousy,Protect,DarkPulse|||F|||50|,,,,,Ghost
|showteam|p2|Incineroar||SafetyGoggles|Intimidate|FlareBlitz,KnockOff,PartingShot,FakeOut|||M|||50|,,,,,Ghost]Gholdengo||LifeOrb|GoodasGold|MakeItRain,ShadowBall,NastyPlot,Protect||||||50|,,,,,Water]Dragonite||LoadedDice|Multiscale|ScaleShot,Tailwind,Haze,Protect|||F|||50|,,,,,Fairy]Amoonguss||SitrusBerry|Regenerator|Spore,RagePowder,PollenPuff,Protect|||M|||50|,,,,,Psychic]Ursaluna-Bloodmoon||AssaultVest|MindsEye|HyperVoice,BloodMoon,EarthPower,VacuumWave|||M|||50|,,,,,Water]Sneasler||FocusSash|Unburden|CloseCombat,DireClaw,ThroatChop,Protect|||F|||50|,,,,,Stellar
|
|t:|1756699422
|teamsize|p1|4
|teamsize|p2|4
|start
|switch|p1a: Krookodile|Krookodile, L50, M|100/100
|switch|p1b: Whimsicott|Whimsicott, L50, M|100/100
|switch|p2a: Incineroar|Incineroar, L50, M|100/100
|switch|p2b: Gholdengo|Gholdengo, L50|100/100
|-ability|p1a: Krookodile|Intimidate|boost
|-unboost|p2a: Incineroar|atk|1
|-unboost|p2b: Gholdengo|atk|1
|-ability|p2a: Incineroar|Intimidate|boost
|-unboost|p1a: Krookodile|atk|1
|-unboost|p1b: Whimsicott|atk|1
|turn|1
|
|t:|1756699440
|-terastallize|p2b: Gholdengo|Water
|move|p1b: Whimsicott|Encore|p2a: Incineroar
|-hint|Since gen 7, Dark is immune to Prankster moves.
|-immune|p2a: Incineroar
|move|p1a: Krookodile|Sandstorm|p1a: Krookodile
|-weather|Sandstorm
|move|p2b: Gholdengo|Nasty Plot|p2b: Gholdengo
|-boost|p2b: Gholdengo|spa|2
|move|p2a: Incineroar|Flare Blitz|p1b: Whimsicott
|-supereffective|p1b: Whimsicott
|-damage|p1b: Whimsicott|20/100
|-damage|p2a: Incineroar|79/100|[from] Recoil
|
|-weather|Sandstorm|[upkeep]
|-damage|p1b: Whimsicott|14/100|[from] Sandstorm
|-damage|p2b: Gholdengo|94/100|[from] Sandstorm
|upkeep
|turn|2
|
|t:|1756699466
|switch|p2a: Amoonguss|Amoonguss, L50, M|100/100
|move|p1b: Whimsicott|Tailwind|p1b: Whimsicott
|-sidestart|p1: MillerHit9|move: Tailwind
|move|p1a: Krookodile|Earthquake|p2b: Gholdengo|[spread] p1b,p2a,p2b
|-resisted|p1b: Whimsicott
|-damage|p1b: Whimsicott|0 fnt
|-damage|p2a: Amoonguss|78/100
|-damage|p2b: Gholdengo|70/100
|faint|p1b: Whimsicott
|move|p2b: Gholdengo|Make It Rain|p1a: Krookodile
|-crit|p1a: Krookodile
|-damage|p1a: Krookodile|0 fnt
|-unboost|p2b: Gholdengo|spa|1
|faint|p1a: Krookodile
|-damage|p2b: Gholdengo|60/100|[from] item: Life Orb
|
|-weather|Sandstorm|[upkeep]
|-damage|p2b: Gholdengo|54/100|[from] Sandstorm
|-damage|p2a: Amoonguss|72/100|[from] Sandstorm
|upkeep
|
|t:|1756699483
|switch|p1a: Excadrill|Excadrill, L50, M|100/100
|switch|p1b: Chandelure|Chandelure, L50, F|100/100
|turn|3
|
|t:|1756699508
|move|p1a: Excadrill|Iron Head|p2b: Gholdengo
|-resisted|p2b: Gholdengo
|-damage|p2b: Gholdengo|30/100
|move|p1b: Chandelure|Burning Jealousy|p2a: Amoonguss|[spread] p2a,p2b
|-supereffective|p2a: Amoonguss
|-resisted|p2b: Gholdengo
|-damage|p2a: Amoonguss|0 fnt
|-damage|p2b: Gholdengo|8/100
|faint|p2a: Amoonguss
|move|p2b: Gholdengo|Make It Rain|p1a: Excadrill|[spread] p1a,p1b
|-resisted|p1a: Excadrill
|-resisted|p1b: Chandelure
|-damage|p1a: Excadrill|51/100
|-damage|p1b: Chandelure|31/100
|-unboost|p2b: Gholdengo|spa|1
|-damage|p2b: Gholdengo|0 fnt|[from] item: Life Orb
|faint|p2b: Gholdengo
|
|-weather|Sandstorm|[upkeep]
|-damage|p1b: Chandelure|25/100|[from] Sandstorm
|upkeep
|
|t:|1756699521
|switch|p2b: Dragonite|Dragonite, L50, F|100/100
|switch|p2a: Incineroar|Incineroar, L50, M|79/100
|-ability|p2a: Incineroar|Intimidate|boost
|-unboost|p1a: Excadrill|atk|1
|-unboost|p1b: Chandelure|atk|1
|turn|4
|
|t:|1756699542
|-terastallize|p1a: Excadrill|Ground
|move|p1a: Excadrill|Iron Head|p2b: Dragonite
|-damage|p2b: Dragonite|82/100
|move|p1b: Chandelure|Burning Jealousy|p2b: Dragonite|[spread] p2a,p2b
|-resisted|p2a: Incineroar
|-resisted|p2b: Dragonite
|-damage|p2a: Incineroar|60/100
|-damage|p2b: Dragonite|59/100
|cant|p2b: Dragonite|flinch
|move|p2a: Incineroar|Knock Off|p1b: Chandelure
|-supereffective|p1b: Chandelure
|-damage|p1b: Chandelure|0 fnt
|-enditem|p1b: Chandelure|Choice Specs|[from] move: Knock Off|[of] p2a: Incineroar
|faint|p1b: Chandelure
|
|-weather|Sandstorm|[upkeep]
|-damage|p2b: Dragonite|53/100|[from] Sandstorm
|upkeep
|turn|5
|
|t:|1756699563
|move|p1a: Excadrill|High Horsepower|p2a: Incineroar
|-supereffective|p2a: Incineroar
|-damage|p2a: Incineroar|0 fnt
|faint|p2a: Incineroar
|move|p2b: Dragonite|Scale Shot|p1a: Excadrill
|-damage|p1a: Excadrill|34/100
|-damage|p1a: Excadrill|14/100
|-damage|p1a: Excadrill|0 fnt
|faint|p1a: Excadrill
|-hitcount|p1: Excadrill|3
|
|win|okkoso
||MillerHit9 is ready for game 2.
|inactive|okkoso has 30 seconds to confirm battle start!
||okkoso is ready for game 2.
|uhtml|next|Next: Game 2 of 3
|l|☆MillerHit9
|player|p1|
