|j|☆sbhaga34
|j|☆I am the Sweeper
|html|sbhaga34I am the Sweeper    
|uhtml|bestof|Game 1 of a best-of-3
|t:|1756960982
|gametype|doubles
|player|p1|sbhaga34|hugh|1189
|player|p2|I am the Sweeper|janitor|1121
|gen|9
|tier|[Gen 9] VGC 2025 Reg H (Bo3)
|rated|
|rule|Species Clause: Limit one of each Pokémon
|rule|Item Clause: Limit 1 of each item
|clearpoke
|poke|p1|Indeedee-F, L50, F|
|poke|p1|Talonflame, L50, M|
|poke|p1|Tyranitar, L50, F|
|poke|p1|Excadrill, L50, M|
|poke|p1|Gardevoir, L50, M|
|poke|p1|Clefable, L50, F|
|poke|p2|Annihilape, L50, F|
|poke|p2|Archaludon, L50, F|
|poke|p2|Pelipper, L50, F|
|poke|p2|Maushold-Four, L50|
|poke|p2|Sinistcha, L50|
|poke|p2|Grimmsnarl, L50, M|
|teampreview|4
|showteam|p1|Indeedee-F||SafetyGoggles|PsychicSurge|FollowMe,TrickRoom,Imprison,Psychic|||F|||50|,,,,,Fairy]Talonflame||CovertCloak|GaleWings|Tailwind,Taunt,BraveBird,Uturn|||M|||50|,,,,,Dark]Tyranitar||WeaknessPolicy|SandStream|RockSlide,KnockOff,LowKick,Protect|||F|||50|,,,,,Flying]Excadrill||FocusSash|SandRush|Earthquake,IronHead,SwordsDance,Protect|||M|||50|,,,,,Ground]Gardevoir||ChoiceScarf|Telepathy|ExpandingForce,DazzlingGleam,Moonblast,IcyWind|||M|||50|,,,,,Psychic]Clefable||RockyHelmet|Unaware|FollowMe,Moonblast,Flamethrower,Protect|||F|||50|,,,,,Fire
|showteam|p2|Annihilape||Leftovers|Defiant|RageFist,DrainPunch,BulkUp,Protect|||F|||50|,,,,,Fire]Archaludon||AssaultVest|Stamina|ElectroShot,DragonPulse,Snarl,BodyPress|||F|||50|,,,,,Bug]Pelipper||LifeOrb|Drizzle|Tailwind,Hurricane,WeatherBall,Protect|||F|||50|,,,,,Stellar]Maushold-Four||SafetyGoggles|FriendGuard|SuperFang,FollowMe,BeatUp,Protect||||||50|,,,,,Ghost]Sinistcha||SitrusBerry|Hospitality|LifeDew,TrickRoom,StrengthSap,MatchaGotcha||||||50|,,,,,Water]Grimmsnarl||LightClay|Prankster|ThunderWave,LightScreen,Reflect,SpiritBreak|||M|||50|,,,,,Ghost
|
|t:|1756961007
|teamsize|p1|4
|teamsize|p2|4
|start
|switch|p1a: Indeedee|Indeedee-F, L50, F|100/100
|switch|p1b: Excadrill|Excadrill, L50, M, shiny|100/100
|switch|p2a: Pelipper|Pelipper, L50, F|100/100
|switch|p2b: Grimmsnarl|Grimmsnarl, L50, M|100/100
|-weather|RainDance|[from] ability: Drizzle|[of] p2a: Pelipper
|-fieldstart|move: Psychic Terrain|[from] ability: Psychic Surge|[of] p1a: Indeedee
|turn|1
|
|t:|1756961039
|switch|p2a: Archaludon|Archaludon, L50, F|100/100
|move|p1a: Indeedee|Follow Me|p1a: Indeedee
|-singleturn|p1a: Indeedee|move: Follow Me
|move|p2b: Grimmsnarl|Reflect|p2b: Grimmsnarl
|-sidestart|p2: I am the Sweeper|Reflect
|move|p1b: Excadrill|Swords Dance|p1b: Excadrill
|-boost|p1b: Excadrill|atk|2
|
|-weather|RainDance|[upkeep]
|upkeep
|turn|2
|inactive|Battle timer is ON: inactive players will automatically lose when time's up. (requested by sbhaga34)
|
|t:|1756961081
|-terastallize|p2a: Archaludon|Bug
|move|p1a: Indeedee|Follow Me|p1a: Indeedee
|-singleturn|p1a: Indeedee|move: Follow Me
|move|p2b: Grimmsnarl|Light Screen|p2b: Grimmsnarl
|-sidestart|p2: I am the Sweeper|move: Light Screen
|move|p1b: Excadrill|Swords Dance|p1b: Excadrill
|-boost|p1b: Excadrill|atk|2
|move|p2a: Archaludon|Snarl|p1b: Excadrill|[spread] p1a,p1b
|-supereffective|p1a: Indeedee
|-damage|p1a: Indeedee|76/100
|-damage|p1b: Excadrill|82/100
|-unboost|p1a: Indeedee|spa|1
|-unboost|p1b: Excadrill|spa|1
|
|-weather|RainDance|[upkeep]
|upkeep
|turn|3
|
|t:|1756961103
|move|p1a: Indeedee|Follow Me|p1a: Indeedee
|-singleturn|p1a: Indeedee|move: Follow Me
|move|p1b: Excadrill|Iron Head|p2a: Archaludon
|-damage|p2a: Archaludon|37/100
|-ability|p2a: Archaludon|Stamina|boost
|-boost|p2a: Archaludon|def|1
|cant|p2a: Archaludon|flinch
|move|p2b: Grimmsnarl|Spirit Break|p1a: Indeedee
|-damage|p1a: Indeedee|43/100
|-unboost|p1a: Indeedee|spa|1
|
|-weather|RainDance|[upkeep]
|upkeep
|turn|4
|inactive|I am the Sweeper has 30 seconds left.
|inactive|I am the Sweeper has 20 seconds left.
|inactive|I am the Sweeper has 15 seconds left.
|inactive|I am the Sweeper has 10 seconds left.
|
|t:|1756961152
|switch|p1a: Gardevoir|Gardevoir, L50, M, shiny|100/100
|switch|p2b: Sinistcha|Sinistcha, L50|100/100
|-heal|p2a: Archaludon|62/100|[from] ability: Hospitality|[of] p2b: Sinistcha
|move|p1b: Excadrill|Iron Head|p2b: Sinistcha
|-damage|p2b: Sinistcha|22/100
|-enditem|p2b: Sinistcha|Sitrus Berry|[eat]
|-heal|p2b: Sinistcha|47/100|[from] item: Sitrus Berry
|move|p2a: Archaludon|Body Press|p1b: Excadrill
|-supereffective|p1b: Excadrill
|-damage|p1b: Excadrill|0 fnt
|faint|p1b: Excadrill
|
|-weather|RainDance|[upkeep]
|upkeep
|
|t:|1756961169
|switch|p1b: Tyranitar|Tyranitar, L50, F|100/100
|-weather|Sandstorm|[from] ability: Sand Stream|[of] p1b: Tyranitar
|turn|5
|inactive|I am the Sweeper has 30 seconds left.
|inactive|I am the Sweeper has 20 seconds left.
|
|t:|1756961209
|-terastallize|p1a: Gardevoir|Psychic
|move|p1b: Tyranitar|Protect|p1b: Tyranitar
|-singleturn|p1b: Tyranitar|Protect
|move|p1a: Gardevoir|Expanding Force|p2b: Sinistcha|[spread] p2a,p2b
|-damage|p2a: Archaludon|27/100
|-damage|p2b: Sinistcha|2/100
|-ability|p2a: Archaludon|Stamina|boost
|-boost|p2a: Archaludon|def|1
|move|p2a: Archaludon|Electro Shot||[still]
|-prepare|p2a: Archaludon|Electro Shot
|-boost|p2a: Archaludon|spa|1
|move|p2b: Sinistcha|Life Dew|p2b: Sinistcha|[spread] p2a,p2b
|-heal|p2a: Archaludon|52/100
|-heal|p2b: Sinistcha|27/100
|
|-weather|Sandstorm|[upkeep]
|-damage|p1a: Gardevoir|95/100|[from] Sandstorm
|-damage|p2a: Archaludon|46/100|[from] Sandstorm
|-damage|p2b: Sinistcha|21/100|[from] Sandstorm
|-fieldend|move: Psychic Terrain
|upkeep
|turn|6
|inactive|I am the Sweeper has 30 seconds left.
|inactive|I am the Sweeper has 20 seconds left.
|inactive|I am the Sweeper has 15 seconds left.
|inactive|I am the Sweeper has 10 seconds left.
|inactive|I am the Sweeper has 5 seconds left.
|
|t:|1756961261
|switch|p1b: Indeedee|Indeedee-F, L50, F|43/100
|-fieldstart|move: Psychic Terrain|[from] ability: Psychic Surge|[of] p1b: Indeedee
|switch|p2b: Grimmsnarl|Grimmsnarl, L50, M|100/100
|move|p1a: Gardevoir|Expanding Force|p2a: Archaludon|[spread] p2a
|-immune|p2b: Grimmsnarl
|-damage|p2a: Archaludon|13/100
|-ability|p2a: Archaludon|Stamina|boost
|-boost|p2a: Archaludon|def|1
|move|p2a: Archaludon|Electro Shot|p1b: Indeedee|[from] lockedmove
|-damage|p1b: Indeedee|0 fnt
|faint|p1b: Indeedee
|
|-weather|Sandstorm|[upkeep]
|-damage|p1a: Gardevoir|89/100|[from] Sandstorm
|-damage|p2a: Archaludon|7/100|[from] Sandstorm
|-damage|p2b: Grimmsnarl|95/100|[from] Sandstorm
|upkeep
|
|t:|1756961277
|switch|p1b: Tyranitar|Tyranitar, L50, F|100/100
|turn|7
|inactive|I am the Sweeper has 30 seconds left.
|inactive|I am the Sweeper has 20 seconds left.
|inactive|I am the Sweeper has 15 seconds left.
|
|t:|1756961321
|switch|p2b: Sinistcha|Sinistcha, L50|21/100
|-heal|p2a: Archaludon|32/100|[from] ability: Hospitality|[of] p2b: Sinistcha
|move|p1a: Gardevoir|Expanding Force|p2a: Archaludon|[spread] p2a,p2b
|-damage|p2a: Archaludon|0 fnt
|-damage|p2b: Sinistcha|0 fnt
|faint|p2a: Archaludon
|faint|p2b: Sinistcha
|move|p1b: Tyranitar|Rock Slide|p2: Archaludon|[notarget]
|-fail|p1b: Tyranitar
|
|-weather|Sandstorm|[upkeep]
|-damage|p1a: Gardevoir|83/100|[from] Sandstorm
|upkeep
|
|t:|1756961340
|switch|p2a: Pelipper|Pelipper, L50, F|100/100
|switch|p2b: Grimmsnarl|Grimmsnarl, L50, M|95/100
|-weather|RainDance|[from] ability: Drizzle|[of] p2a: Pelipper
|turn|8
|inactive|I am the Sweeper has 30 seconds left.
|inactive|I am the Sweeper has 20 seconds left.
|inactive|I am the Sweeper has 15 seconds left.
|inactive|I am the Sweeper has 10 seconds left.
|
|t:|1756961390
|move|p2b: Grimmsnarl|Thunder Wave|p1a: Gardevoir
|-activate|p1a: Gardevoir|move: Psychic Terrain
|move|p1a: Gardevoir|Expanding Force|p2a: Pelipper|[spread] p2a
|-immune|p2b: Grimmsnarl
|-damage|p2a: Pelipper|14/100
|move|p2a: Pelipper|Weather Ball|p1b: Tyranitar
|-supereffective|p1b: Tyranitar
|-damage|p1b: Tyranitar|0 fnt
|faint|p1b: Tyranitar
|-damage|p2a: Pelipper|5/100|[from] item: Life Orb
|
|-weather|RainDance|[upkeep]
|-sideend|p2: I am the Sweeper|Reflect
|upkeep
|turn|9
|-message|sbhaga34 forfeited.
|
|win|I am the Sweeper
|l|☆sbhaga34
|player|p1|
||sbhaga34 is ready for game 2.
||sbhaga34 is ready for game 2.
||I am the Sweeper is ready for game 2.
|uhtml|next|Next: Game 2 of 3
