|j|☆wishlocals
|j|☆SuperPokeVGC
|html|wishlocalsSuperPokeVGC    
|uhtml|bestof|Game 1 of a best-of-3
|t:|1756489360
|gametype|doubles
|player|p1|wishlocals|102|1141
|player|p2|SuperPokeVGC|ltsurge|1219
|gen|9
|tier|[Gen 9] VGC 2025 Reg H (Bo3)
|rated|
|rule|Species Clause: Limit one of each Pokémon
|rule|Item Clause: Limit 1 of each item
|clearpoke
|poke|p1|Archaludon, L50, M|
|poke|p1|Sneasler, L50, F|
|poke|p1|Rillaboom, L50, F|
|poke|p1|Incineroar, L50, F|
|poke|p1|Primarina, L50, M|
|poke|p1|Dragonite, L50, F|
|poke|p2|Tyranitar, L50, M|
|poke|p2|Garchomp, L50, M|
|poke|p2|Gholdengo, L50|
|poke|p2|Sinistcha, L50|
|poke|p2|Yanmega, L50, M|
|poke|p2|Arcanine, L50, M|
|teampreview|4
|showteam|p1|Archaludon||PowerHerb|Sturdy|ElectroShot,Protect,FlashCannon,DracoMeteor|||M|||50|,,,,,Stellar]Sneasler||FocusSash|Unburden|CloseCombat,DireClaw,Coaching,Protect|||F|||50|,,,,,Ghost]Rillaboom||MiracleSeed|GrassySurge|FakeOut,GrassyGlide,WoodHammer,Protect|||F|||50|,,,,,Fire]Incineroar||AssaultVest|Intimidate|FakeOut,FlareBlitz,KnockOff,Uturn|||F|||50|,,,,,Ghost]Primarina||Leftovers|LiquidVoice|HyperVoice,Moonblast,CalmMind,Protect|||M|||50|,,,,,Poison]Dragonite||LoadedDice|Multiscale|ScaleShot,Protect,Tailwind,Haze|||F|||50|,,,,,Steel
|showteam|p2|Tyranitar||LifeOrb|SandStream|KnockOff,RockSlide,TeraBlast,Protect|||M|||50|,,,,,Flying]Garchomp||ClearAmulet|SandVeil|DragonClaw,StompingTantrum,Earthquake,Protect|||M|||50|,,,,,Fire]Gholdengo||Leftovers|GoodasGold|MakeItRain,ShadowBall,NastyPlot,Protect||||||50|,,,,,Water]Sinistcha||SitrusBerry|Hospitality|RagePowder,MatchaGotcha,TrickRoom,Protect||||||50|,,,,,Water]Yanmega||FocusSash|SpeedBoost|Tailwind,AirSlash,BugBuzz,Detect|||M|||50|,,,,,Ghost]Arcanine||MirrorHerb|Intimidate|ExtremeSpeed,FlareBlitz,WillOWisp,Protect|||M|||50|,,,,,Normal
|inactive|Battle timer is ON: inactive players will automatically lose when time's up. (requested by SuperPokeVGC)
|inactive|wishlocals has 60 seconds left.
|inactive|SuperPokeVGC has 60 seconds left.
|inactive|wishlocals has 30 seconds left.
|inactive|SuperPokeVGC has 30 seconds left.
|inactive|wishlocals has 20 seconds left.
|inactive|SuperPokeVGC has 20 seconds left.
|inactive|SuperPokeVGC has 15 seconds left.
|inactive|SuperPokeVGC has 10 seconds left.
|inactive|SuperPokeVGC has 5 seconds left.
|
|t:|1756489448
|teamsize|p1|4
|teamsize|p2|4
|start
|switch|p1a: Incineroar|Incineroar, L50, F|100/100
|switch|p1b: Dragonite|Dragonite, L50, F|100/100
|switch|p2a: Yanmega|Yanmega, L50, M, shiny|100/100
|switch|p2b: Garchomp|Garchomp, L50, M|100/100
|-ability|p1a: Incineroar|Intimidate|boost
|-unboost|p2a: Yanmega|atk|1
|-fail|p2b: Garchomp|unboost|[from] item: Clear Amulet|[of] p2b: Garchomp
|turn|1
|inactive|wishlocals has 30 seconds left.
|inactive|SuperPokeVGC has 30 seconds left.
|inactive|wishlocals has 20 seconds left.
|inactive|wishlocals has 15 seconds left.
|inactive|SuperPokeVGC has 20 seconds left.
|
|t:|1756489493
|switch|p1a: Rillaboom|Rillaboom, L50, F|100/100
|-fieldstart|move: Grassy Terrain|[from] ability: Grassy Surge|[of] p1a: Rillaboom
|-terastallize|p1b: Dragonite|Steel
|move|p2a: Yanmega|Detect|p2a: Yanmega
|-singleturn|p2a: Yanmega|Protect
|move|p2b: Garchomp|Dragon Claw|p1b: Dragonite
|-resisted|p1b: Dragonite
|-damage|p1b: Dragonite|91/100
|move|p1b: Dragonite|Tailwind|p1b: Dragonite
|-sidestart|p1: wishlocals|move: Tailwind
|
|-heal|p1b: Dragonite|97/100|[from] Grassy Terrain
|-ability|p2a: Yanmega|Speed Boost|boost
|-boost|p2a: Yanmega|spe|1
|upkeep
|turn|2
|inactive|SuperPokeVGC has 30 seconds left.
|
|t:|1756489524
|-terastallize|p2b: Garchomp|Fire
|move|p1a: Rillaboom|Fake Out|p2a: Yanmega
|-damage|p2a: Yanmega|82/100
|move|p1b: Dragonite|Scale Shot|p2a: Yanmega
|-damage|p2a: Yanmega|67/100
|-damage|p2a: Yanmega|48/100
|-damage|p2a: Yanmega|32/100
|-crit|p2a: Yanmega
|-damage|p2a: Yanmega|5/100
|-damage|p2a: Yanmega|0 fnt
|faint|p2a: Yanmega
|-hitcount|p2: Yanmega|5
|-unboost|p1b: Dragonite|def|1
|-boost|p1b: Dragonite|spe|1
|move|p2b: Garchomp|Stomping Tantrum|p1b: Dragonite
|-supereffective|p1b: Dragonite
|-damage|p1b: Dragonite|0 fnt
|faint|p1b: Dragonite
|
|upkeep
|inactive|wishlocals has 30 seconds left.
|
|t:|1756489553
|switch|p2a: Gholdengo|Gholdengo, L50|100/100
|switch|p1b: Archaludon|Archaludon, L50, M|100/100
|turn|3
|inactive|wishlocals has 30 seconds left.
|inactive|SuperPokeVGC has 30 seconds left.
|inactive|wishlocals has 20 seconds left.
|
|t:|1756489592
|move|p1a: Rillaboom|Grassy Glide|p2a: Gholdengo
|-resisted|p2a: Gholdengo
|-damage|p2a: Gholdengo|81/100
|move|p1b: Archaludon|Electro Shot||[still]
|-prepare|p1b: Archaludon|Electro Shot
|-boost|p1b: Archaludon|spa|1
|-enditem|p1b: Archaludon|Power Herb
|-anim|p1b: Archaludon|Electro Shot|p2a: Gholdengo
|-damage|p2a: Gholdengo|18/100
|move|p2b: Garchomp|Stomping Tantrum|p1b: Archaludon
|-supereffective|p1b: Archaludon
|-damage|p1b: Archaludon|31/100
|move|p2a: Gholdengo|Nasty Plot|p2a: Gholdengo
|-boost|p2a: Gholdengo|spa|2
|
|-heal|p1b: Archaludon|37/100|[from] Grassy Terrain
|-heal|p2a: Gholdengo|24/100|[from] Grassy Terrain
|-heal|p2a: Gholdengo|31/100|[from] item: Leftovers
|upkeep
|turn|4
|inactive|wishlocals has 30 seconds left.
|inactive|SuperPokeVGC has 30 seconds left.
|inactive|wishlocals has 20 seconds left.
|inactive|SuperPokeVGC has 20 seconds left.
|
|t:|1756489628
|switch|p2b: Sinistcha|Sinistcha, L50|100/100
|-heal|p2a: Gholdengo|56/100|[from] ability: Hospitality|[of] p2b: Sinistcha
|move|p2a: Gholdengo|Protect|p2a: Gholdengo
|-singleturn|p2a: Gholdengo|Protect
|move|p1b: Archaludon|Draco Meteor|p2b: Sinistcha
|-damage|p2b: Sinistcha|16/100
|-unboost|p1b: Archaludon|spa|2
|-enditem|p2b: Sinistcha|Sitrus Berry|[eat]
|-heal|p2b: Sinistcha|41/100|[from] item: Sitrus Berry
|move|p1a: Rillaboom|Wood Hammer|p2a: Gholdengo
|-activate|p2a: Gholdengo|move: Protect
|
|-heal|p1b: Archaludon|44/100|[from] Grassy Terrain
|-heal|p2a: Gholdengo|62/100|[from] Grassy Terrain
|-heal|p2a: Gholdengo|68/100|[from] item: Leftovers
|-heal|p2b: Sinistcha|47/100|[from] Grassy Terrain
|-sideend|p1: wishlocals|move: Tailwind
|upkeep
|turn|5
|
|t:|1756489652
|move|p2b: Sinistcha|Rage Powder|p2b: Sinistcha
|-singleturn|p2b: Sinistcha|move: Rage Powder
|move|p1b: Archaludon|Draco Meteor|p2b: Sinistcha
|-damage|p2b: Sinistcha|8/100
|-unboost|p1b: Archaludon|spa|2
|move|p2a: Gholdengo|Shadow Ball|p1b: Archaludon
|-damage|p1b: Archaludon|0 fnt
|faint|p1b: Archaludon
|move|p1a: Rillaboom|Wood Hammer|p2a: Gholdengo
|-resisted|p2a: Gholdengo
|-damage|p2a: Gholdengo|25/100
|-damage|p1a: Rillaboom|87/100|[from] Recoil
|
|-heal|p2a: Gholdengo|32/100|[from] Grassy Terrain
|-heal|p2a: Gholdengo|38/100|[from] item: Leftovers
|-heal|p1a: Rillaboom|93/100|[from] Grassy Terrain
|-heal|p2b: Sinistcha|15/100|[from] Grassy Terrain
|-fieldend|move: Grassy Terrain
|upkeep
|
|t:|1756489663
|switch|p1b: Incineroar|Incineroar, L50, F|100/100
|-ability|p1b: Incineroar|Intimidate|boost
|-unboost|p2a: Gholdengo|atk|1
|-unboost|p2b: Sinistcha|atk|1
|turn|6
|inactive|SuperPokeVGC has 30 seconds left.
|inactive|wishlocals has 30 seconds left.
|inactive|SuperPokeVGC has 20 seconds left.
|inactive|SuperPokeVGC has 15 seconds left.
|
|t:|1756489708
|move|p2b: Sinistcha|Protect|p2b: Sinistcha
|-singleturn|p2b: Sinistcha|Protect
|move|p2a: Gholdengo|Shadow Ball|p1a: Rillaboom
|-damage|p1a: Rillaboom|9/100
|-unboost|p1a: Rillaboom|spd|1
|move|p1a: Rillaboom|Wood Hammer|p2b: Sinistcha
|-activate|p2b: Sinistcha|move: Protect
|move|p1b: Incineroar|Knock Off|p2a: Gholdengo
|-supereffective|p2a: Gholdengo
|-damage|p2a: Gholdengo|0 fnt
|-enditem|p2a: Gholdengo|Leftovers|[from] move: Knock Off|[of] p1b: Incineroar
|faint|p2a: Gholdengo
|
|upkeep
|
|t:|1756489718
|switch|p2a: Garchomp|Garchomp, L50, M, tera:Fire|100/100
|turn|7
|
|t:|1756489734
|move|p1a: Rillaboom|Protect|p1a: Rillaboom
|-singleturn|p1a: Rillaboom|Protect
|move|p2b: Sinistcha|Protect|p2b: Sinistcha
|-singleturn|p2b: Sinistcha|Protect
|move|p2a: Garchomp|Earthquake|p1a: Rillaboom|[spread] p1b
|-activate|p2b: Sinistcha|move: Protect
|-activate|p1a: Rillaboom|move: Protect
|-supereffective|p1b: Incineroar
|-damage|p1b: Incineroar|29/100
|move|p1b: Incineroar|Flare Blitz|p2b: Sinistcha
|-activate|p2b: Sinistcha|move: Protect
|
|upkeep
|turn|8
|-message|wishlocals forfeited.
|
|win|SuperPokeVGC
|l|☆wishlocals
|player|p1|
||wishlocals is ready for game 2.
||SuperPokeVGC is ready for game 2.
|uhtml|next|Next: Game 2 of 3
