|j|☆EastgermanDominanz
|j|☆Ribombees believer
|html|EastgermanDominanzRibombees believer    
|uhtml|bestof|Game 2 of a best-of-3
|t:|1756676579
|gametype|doubles
|player|p1|EastgermanDominanz|psychic-gen4|1305
|player|p2|Ribombees believer|skier|1355
|gen|9
|tier|[Gen 9] VGC 2025 Reg H (Bo3)
|rated|
|rule|Species Clause: Limit one of each Pokémon
|rule|Item Clause: Limit 1 of each item
|clearpoke
|poke|p1|Tyranitar, L50, F|
|poke|p1|Annihilape, L50, M|
|poke|p1|Volcarona, L50, M|
|poke|p1|Sneasler, L50, M|
|poke|p1|Murkrow, L50, F|
|poke|p1|Gholdengo, L50|
|poke|p2|Dondozo, L50, M|
|poke|p2|Tatsugiri, L50, F|
|poke|p2|Indeedee, L50, M|
|poke|p2|Dragapult, L50, F|
|poke|p2|Ribombee, L50, F|
|poke|p2|Gholdengo, L50|
|teampreview|4
|showteam|p1|Tyranitar||AssaultVest|SandStream|RockSlide,KnockOff,TeraBlast,LowKick|||F|||50|,,,,,Flying]Annihilape||SafetyGoggles|Defiant|DrainPunch,RageFist,BulkUp,Protect|||M|||50|,,,,,Water]Volcarona||SitrusBerry|FlameBody|HeatWave,TeraBlast,Protect,QuiverDance|||M|||50|,,,,,Fairy]Sneasler||WhiteHerb|Unburden|FakeOut,CloseCombat,DireClaw,Coaching|||M|||50|,,,,,Dark]Murkrow||Eviolite|Prankster|Tailwind,Haze,FoulPlay,Quash|||F|||50|,,,,,Dark]Gholdengo||LifeOrb|GoodasGold|MakeItRain,ShadowBall,NastyPlot,Protect||||||50|,,,,,Water
|showteam|p2|Dondozo||Leftovers|Unaware|WaveCrash,Earthquake,OrderUp,Protect|||M|||50|,,,,,Grass]Tatsugiri||ChoiceScarf|Commander|MuddyWater,DracoMeteor,DragonPulse,TeraBlast|||F|||50|,,,,,Fairy]Indeedee||FocusSash|PsychicSurge|ExpandingForce,TeraBlast,HyperVoice,Protect|||M|||50|,,,,,Fighting]Dragapult||ChoiceBand|ClearBody|DragonDarts,Outrage,PhantomForce,Uturn|||F|||50|,,,,,Dragon]Ribombee||ChoiceSpecs|ShieldDust|Moonblast,PollenPuff,DazzlingGleam,TeraBlast|||F|||50|,,,,,Ground]Gholdengo||LifeOrb|GoodasGold|MakeItRain,ShadowBall,Thunderbolt,Protect||||||50|,,,,,Water
|inactive|Battle timer is ON: inactive players will automatically lose when time's up. (requested by Ribombees believer)
|inactive|Ribombees believer has 60 seconds left.
|
|t:|1756676613
|teamsize|p1|4
|teamsize|p2|4
|start
|switch|p1a: Volcarona|Volcarona, L50, M|100/100
|switch|p1b: Gholdengo|Gholdengo, L50|100/100
|switch|p2a: Big Back|Dondozo, L50, M|100/100
|switch|p2b: ilaunchmybro|Dragapult, L50, F|100/100
|turn|1
|
|t:|1756676635
|-terastallize|p1b: Gholdengo|Water
|move|p1a: Volcarona|Protect|p1a: Volcarona
|-singleturn|p1a: Volcarona|Protect
|move|p2b: ilaunchmybro|U-turn|p1b: Gholdengo
|-damage|p1b: Gholdengo|59/100
|
|t:|1756676646
|switch|p2b: Gholdengo|Gholdengo, L50|100/100|[from] U-turn
|move|p1b: Gholdengo|Nasty Plot|p1b: Gholdengo
|-boost|p1b: Gholdengo|spa|2
|move|p2a: Big Back|Wave Crash|p1a: Volcarona
|-activate|p1a: Volcarona|move: Protect
|
|upkeep
|turn|2
|inactive|EastgermanDominanz has 30 seconds left.
|
|t:|1756676671
|switch|p1a: Wismut Aue|Murkrow, L50, F, shiny|100/100
|switch|p2b: Alaskan Roll|Tatsugiri, L50, F|100/100
|-activate|p2b: Alaskan Roll|ability: Commander|[of] p2a: Big Back
|-boost|p2a: Big Back|atk|2
|-boost|p2a: Big Back|spa|2
|-boost|p2a: Big Back|spe|2
|-boost|p2a: Big Back|def|2
|-boost|p2a: Big Back|spd|2
|move|p2a: Big Back|Wave Crash|p1a: Wismut Aue
|-damage|p1a: Wismut Aue|5/100
|-damage|p2a: Big Back|78/100|[from] Recoil
|move|p1b: Gholdengo|Shadow Ball|p2a: Big Back
|-damage|p2a: Big Back|51/100
|-damage|p1b: Gholdengo|50/100|[from] item: Life Orb
|
|-heal|p2a: Big Back|57/100|[from] item: Leftovers
|upkeep
|turn|3
|
|t:|1756676693
|move|p1a: Wismut Aue|Haze|p1a: Wismut Aue
|-clearallboost
|move|p1b: Gholdengo|Shadow Ball|p2a: Big Back
|-damage|p2a: Big Back|0 fnt
|faint|p2a: Big Back
|-damage|p1b: Gholdengo|40/100|[from] item: Life Orb
|
|upkeep
|
|t:|1756676708
|switch|p2a: Gholdengo|Gholdengo, L50|100/100
|turn|4
|
|t:|1756676723
|-terastallize|p2a: Gholdengo|Water
|move|p1b: Gholdengo|Protect|p1b: Gholdengo
|-singleturn|p1b: Gholdengo|Protect
|move|p1a: Wismut Aue|Tailwind|p1a: Wismut Aue
|-sidestart|p1: EastgermanDominanz|move: Tailwind
|move|p2b: Alaskan Roll|Dragon Pulse|p1b: Gholdengo
|-activate|p1b: Gholdengo|move: Protect
|move|p2a: Gholdengo|Shadow Ball|p1a: Wismut Aue
|-resisted|p1a: Wismut Aue
|-damage|p1a: Wismut Aue|0 fnt
|faint|p1a: Wismut Aue
|-damage|p2a: Gholdengo|91/100|[from] item: Life Orb
|
|upkeep
|
|t:|1756676729
|switch|p1a: Volcarona|Volcarona, L50, M|100/100
|turn|5
|
|t:|1756676742
|move|p1a: Volcarona|Quiver Dance|p1a: Volcarona
|-boost|p1a: Volcarona|spa|1
|-boost|p1a: Volcarona|spd|1
|-boost|p1a: Volcarona|spe|1
|move|p1b: Gholdengo|Shadow Ball|p2b: Alaskan Roll
|-damage|p2b: Alaskan Roll|36/100
|-damage|p1b: Gholdengo|31/100|[from] item: Life Orb
|move|p2b: Alaskan Roll|Dragon Pulse|p1b: Gholdengo
|-damage|p1b: Gholdengo|0 fnt
|faint|p1b: Gholdengo
|move|p2a: Gholdengo|Shadow Ball|p1a: Volcarona
|-damage|p1a: Volcarona|61/100
|-unboost|p1a: Volcarona|spd|1
|-damage|p2a: Gholdengo|81/100|[from] item: Life Orb
|
|upkeep
|
|t:|1756676757
|switch|p1b: Sneasler|Sneasler, L50, M|100/100
|turn|6
|inactive|EastgermanDominanz has 30 seconds left.
|inactive|EastgermanDominanz has 20 seconds left.
|inactive|EastgermanDominanz has 15 seconds left.
|inactive|EastgermanDominanz has 10 seconds left.
|inactive|EastgermanDominanz has 5 seconds left.
|
|t:|1756676809
|move|p2a: Gholdengo|Protect|p2a: Gholdengo
|-singleturn|p2a: Gholdengo|Protect
|move|p1b: Sneasler|Fake Out|p2a: Gholdengo
|-activate|p2a: Gholdengo|move: Protect
|move|p1a: Volcarona|Tera Blast|p2b: Alaskan Roll
|-damage|p2b: Alaskan Roll|0 fnt
|faint|p2b: Alaskan Roll
|
|upkeep
|
|t:|1756676819
|switch|p2b: ilaunchmybro|Dragapult, L50, F|100/100
|turn|7
|
|t:|1756676834
|move|p1a: Volcarona|Heat Wave|p2a: Gholdengo|[spread] p2a,p2b
|-resisted|p2a: Gholdengo
|-resisted|p2b: ilaunchmybro
|-damage|p2a: Gholdengo|56/100
|-damage|p2b: ilaunchmybro|66/100
|-status|p2a: Gholdengo|brn
|move|p1b: Sneasler|Dire Claw|p2b: ilaunchmybro
|-resisted|p2b: ilaunchmybro
|-damage|p2b: ilaunchmybro|40/100
|move|p2b: ilaunchmybro|Dragon Darts|p1a: Volcarona
|-damage|p1a: Volcarona|16/100
|-enditem|p1a: Volcarona|Sitrus Berry|[eat]
|-heal|p1a: Volcarona|41/100|[from] item: Sitrus Berry
|-anim|p2b: ilaunchmybro|Dragon Darts|p1b: Sneasler
|-damage|p1b: Sneasler|39/100
|move|p2a: Gholdengo|Make It Rain|p1b: Sneasler|[spread] p1a,p1b
|-resisted|p1a: Volcarona
|-damage|p1a: Volcarona|9/100
|-damage|p1b: Sneasler|0 fnt
|-unboost|p2a: Gholdengo|spa|1
|faint|p1b: Sneasler
|-damage|p2a: Gholdengo|46/100 brn|[from] item: Life Orb
|
|-damage|p2a: Gholdengo|40/100 brn|[from] brn
|-sideend|p1: EastgermanDominanz|move: Tailwind
|upkeep
|turn|8
|
|t:|1756676858
|move|p1a: Volcarona|Heat Wave|p2a: Gholdengo|[spread] p2a,p2b
|-resisted|p2a: Gholdengo
|-resisted|p2b: ilaunchmybro
|-damage|p2a: Gholdengo|15/100 brn
|-damage|p2b: ilaunchmybro|7/100
|move|p2b: ilaunchmybro|Dragon Darts|p1a: Volcarona
|-damage|p1a: Volcarona|0 fnt
|faint|p1a: Volcarona
|
|win|Ribombees believer
||EastgermanDominanz is ready for game 3.
