|j|☆EDJPP
|j|☆estarla
|html|EDJPPestarla    
|uhtml|bestof|Game 1 of a best-of-3
|t:|1783427255
|gametype|doubles
|player|p1|EDJPP|volkner|1143
|player|p2|estarla|169|1174
|gen|9
|tier|[Gen 9 Champions] VGC 2026 Reg M-B (Bo3)
|rated|
|rule|Species Clause: Limit one of each Pokémon
|rule|Item Clause: Limit 1 of each item
|clearpoke
|poke|p1|Charizard, L50, F|
|poke|p1|Venusaur, L50, M|
|poke|p1|Basculegion, L50, M|
|poke|p1|Farigiraf, L50, F|
|poke|p1|Typhlosion-Hisui, L50, M|
|poke|p1|Sneasler, L50, F|
|poke|p2|Farigiraf, L50, F|
|poke|p2|Incineroar, L50, F|
|poke|p2|Mawile, L50, M|
|poke|p2|Tyrantrum, L50, F|
|poke|p2|Torkoal, L50, F|
|poke|p2|Sinistcha-Masterpiece, L50|
|teampreview|4
|showteam|p1|Charizard||CharizarditeY|SolarPower|HeatWave,SolarBeam,WeatherBall,Protect|Modest||F|||50|]Venusaur||Venusaurite|Chlorophyll|GigaDrain,SludgeBomb,EarthPower,SleepPowder|Modest||M|||50|]Basculegion||MysticWater|Adaptability|WaveCrash,AquaJet,LastRespects,Protect|Adamant||M|||50|]Farigiraf||FocusSash|ArmorTail|Roar,Psychic,Thunderbolt,Protect|Modest||F|||50|]Typhlosion-Hisui||ChoiceScarf|Blaze|Eruption,HeatWave,Overheat,InfernalParade|Timid||M|||50|]Sneasler||WhiteHerb|Unburden|FakeOut,Protect,DireClaw,CloseCombat|Jolly||F|||50|
|showteam|p2|Farigiraf||ColburBerry|ArmorTail|TrickRoom,HelpingHand,Psychic,Thunderbolt|Relaxed||F|||50|]Incineroar||WhiteHerb|Intimidate|FlareBlitz,PartingShot,FakeOut,DarkestLariat|Adamant||F|||50|]Mawile||Mawilite|Intimidate|Protect,PlayRough,SuckerPunch,SwordsDance|Brave||M|||50|]Tyrantrum||ExpertBelt|StrongJaw|RockSlide,CloseCombat,IceFang,Protect|Adamant||F|||50|]Torkoal||Charcoal|Drought|Eruption,HeatWave,Protect,WeatherBall|Quiet||F|||50|]Sinistcha-Masterpiece||SitrusBerry|Hospitality|GigaDrain,RagePowder,TrickRoom,LifeDew|Bold|||||50|
|inactive|Battle timer is ON: inactive players will automatically lose when time's up. (requested by EDJPP)
|inactive|EDJPP has 60 seconds left.
|inactive|EDJPP has 30 seconds left.
|inactive|EDJPP has 20 seconds left.
|inactive|EDJPP has 15 seconds left.
|inactive|EDJPP has 10 seconds left.
|inactive|EDJPP has 5 seconds left.
|
|t:|1783427346
|teamsize|p1|4
|teamsize|p2|4
|start
|switch|p1a: Charizard|Charizard, L50, F|100/100
|switch|p1b: Venusaur|Venusaur, L50, M|100/100
|switch|p2a: Farigiraf|Farigiraf, L50, F|100/100
|switch|p2b: Incineroar|Incineroar, L50, F|100/100
|-ability|p2b: Incineroar|Intimidate|boost
|-unboost|p1a: Charizard|atk|1
|-unboost|p1b: Venusaur|atk|1
|turn|1
|
|t:|1783427362
|switch|p1a: Farigiraf|Farigiraf, L50, F|100/100
|move|p2b: Incineroar|Fake Out||[still]
|cant|p1a: Farigiraf|ability: Armor Tail|Fake Out|[of] p2b: Incineroar
|move|p1b: Venusaur|Sleep Powder|p2a: Farigiraf
|-status|p2a: Farigiraf|slp|[from] move: Sleep Powder
|cant|p2a: Farigiraf|slp
|
|upkeep
|turn|2
|inactive|estarla has 30 seconds left.
|
|t:|1783427393
|switch|p1b: Basculegion|Basculegion, L50, M|100/100
|move|p2b: Incineroar|Darkest Lariat|p1a: Farigiraf
|-supereffective|p1a: Farigiraf|1
|-enditem|p1a: Farigiraf|Focus Sash
|-damage|p1a: Farigiraf|1/100
|move|p1a: Farigiraf|Roar|p2a: Farigiraf
|drag|p2a: Mawile|Mawile, L50, M|100/100
|-ability|p2a: Mawile|Intimidate|boost
|-unboost|p1a: Farigiraf|atk|1
|-unboost|p1b: Basculegion|atk|1
|
|upkeep
|turn|3
|inactive|EDJPP has 30 seconds left.
|
|t:|1783427420
|switch|p2b: Farigiraf|Farigiraf, L50, F|100/100 slp
|detailschange|p2a: Mawile|Mawile-Mega, L50, M
|-mega|p2a: Mawile|Mawile|Mawilite
|move|p1a: Farigiraf|Protect|p1a: Farigiraf
|-singleturn|p1a: Farigiraf|Protect
|move|p1b: Basculegion|Wave Crash|p2b: Farigiraf
|-damage|p2b: Farigiraf|47/100 slp
|-damage|p1b: Basculegion|82/100|[from] Recoil
|move|p2a: Mawile|Play Rough|p1b: Basculegion
|-damage|p1b: Basculegion|0 fnt
|faint|p1b: Basculegion
|
|upkeep
|
|t:|1783427426
|switch|p1b: Charizard|Charizard, L50, F|100/100
|turn|4
|
|t:|1783427446
|switch|p2a: Tyrantrum|Tyrantrum, L50, F|100/100
|detailschange|p1b: Charizard|Charizard-Mega-Y, L50, F
|-mega|p1b: Charizard|Charizard|Charizardite Y
|-weather|SunnyDay|[from] ability: Drought|[of] p1b: Charizard
|move|p1b: Charizard|Weather Ball|p2a: Tyrantrum
|-resisted|p2a: Tyrantrum|2
|-damage|p2a: Tyrantrum|64/100
|move|p1a: Farigiraf|Psychic|p2b: Farigiraf
|-resisted|p2b: Farigiraf|1
|-damage|p2b: Farigiraf|26/100 slp
|-curestatus|p2b: Farigiraf|slp|[msg]
|move|p2b: Farigiraf|Trick Room|p2b: Farigiraf
|-fieldstart|move: Trick Room|[of] p2b: Farigiraf
|
|-weather|SunnyDay|[upkeep]
|upkeep
|turn|5
|
|t:|1783427461
|move|p2b: Farigiraf|Psychic|p1a: Farigiraf
|-resisted|p1a: Farigiraf|1
|-damage|p1a: Farigiraf|0 fnt
|faint|p1a: Farigiraf
|move|p2a: Tyrantrum|Rock Slide|p1b: Charizard
|-supereffective|p1b: Charizard|2
|-damage|p1b: Charizard|0 fnt
|faint|p1b: Charizard
|
|-weather|SunnyDay|[upkeep]
|upkeep
|
|t:|1783427464
|switch|p1b: Venusaur|Venusaur, L50, M|100/100
|turn|6
|
|t:|1783427474
|move|p2b: Farigiraf|Psychic|p1b: Venusaur
|-supereffective|p1b: Venusaur|1
|-damage|p1b: Venusaur|37/100
|move|p2a: Tyrantrum|Close Combat|p1b: Venusaur
|-resisted|p1b: Venusaur|1
|-damage|p1b: Venusaur|15/100
|-unboost|p2a: Tyrantrum|def|1
|-unboost|p2a: Tyrantrum|spd|1
|move|p1b: Venusaur|Earth Power|p2a: Tyrantrum
|-supereffective|p2a: Tyrantrum|1
|-damage|p2a: Tyrantrum|0 fnt
|faint|p2a: Tyrantrum
|
|-weather|SunnyDay|[upkeep]
|upkeep
|
|t:|1783427478
|switch|p2a: Incineroar|Incineroar, L50, F|100/100
|-ability|p2a: Incineroar|Intimidate|boost
|-unboost|p1b: Venusaur|atk|1
|turn|7
|
|t:|1783427483
|move|p2b: Farigiraf|Psychic|p1b: Venusaur
|-supereffective|p1b: Venusaur|1
|-damage|p1b: Venusaur|0 fnt
|faint|p1b: Venusaur
|
|win|estarla
