|j|☆sidhuistic
|j|☆odio esta reg
|html|sidhuisticodio esta reg    
|uhtml|bestof|Game 2 of a best-of-3
|t:|1785499442
|gametype|doubles
|player|p1|sidhuistic|richboy-gen4|1170
|player|p2|odio esta reg|101|1132
|gen|9
|tier|[Gen 9 Champions] VGC 2026 Reg M-B (Bo3)
|rated|
|rule|Species Clause: Limit one of each Pokémon
|rule|Item Clause: Limit 1 of each item
|clearpoke
|poke|p1|Charizard, L50, M|
|poke|p1|Dragonite, L50, F|
|poke|p1|Venusaur, L50, M|
|poke|p1|Tauros-Paldea-Aqua, L50, M|
|poke|p1|Snorlax, L50, M|
|poke|p1|Aerodactyl, L50, F|
|poke|p2|Charizard, L50, M|
|poke|p2|Garchomp, L50, F|
|poke|p2|Incineroar, L50, F|
|poke|p2|Venusaur, L50, M|
|poke|p2|Toxapex, L50, F|
|poke|p2|Sylveon, L50, M|
|teampreview|4
|showteam|p1|Charizard||CharizarditeY|SolarPower|HeatWave,WeatherBall,HelpingHand,Protect|Modest||M|||50|]Dragonite||Dragoninite|InnerFocus|Thunderbolt,DragonPulse,HeatWave,Protect|Modest||F|||50|]Venusaur||LifeOrb|Chlorophyll|SolarBeam,EarthPower,SleepPowder,Protect|Modest||M|||50|]Tauros-Paldea-Aqua||MysticWater|Intimidate|AquaJet,CloseCombat,WaveCrash,Protect|Serious||M|||50|]Snorlax||Leftovers|ThickFat|DoubleEdge,Yawn,Fissure,Protect|Brave||M|||50|]Aerodactyl||FocusSash|Unnerve|Tailwind,RockSlide,DualWingbeat,Protect|Jolly||F|||50|
|showteam|p2|Charizard||CharizarditeY|SolarPower|WeatherBall,HeatWave,AncientPower,Protect|Modest||M|||50|]Garchomp||ChoiceScarf|RoughSkin|RockSlide,DragonClaw,Earthquake,StompingTantrum|Adamant||F|||50|]Incineroar||SitrusBerry|Intimidate|FlareBlitz,FakeOut,DarkestLariat,PartingShot|Impish||F|||50|]Venusaur||LifeOrb|Chlorophyll|SludgeBomb,LeafStorm,EarthPower,Protect|Modest||M|||50|]Toxapex||Leftovers|Regenerator|Infestation,Toxic,WideGuard,BanefulBunker|Bold||F|||50|]Sylveon||FairyFeather|Pixilate|HyperVoice,QuickAttack,Yawn,Detect|Modest||M|||50|
|inactive|Battle timer is ON: inactive players will automatically lose when time's up. (requested by odio esta reg)
|c|☆sidhuistic|cummon bro my team is terribe and u have a top team
|inactive|sidhuistic has 60 seconds left.
|inactive|odio esta reg has 60 seconds left.
|inactive|odio esta reg has 30 seconds left.
|inactive|odio esta reg has 20 seconds left.
|inactive|odio esta reg has 15 seconds left.
|
|t:|1785499522
|teamsize|p1|4
|teamsize|p2|4
|start
|switch|p1a: Dragonite|Dragonite, L50, F|100/100
|switch|p1b: Aerodactyl|Aerodactyl, L50, F|100/100
|switch|p2a: Sylveon|Sylveon, L50, M|100/100
|switch|p2b: Garchomp|Garchomp, L50, F|100/100
|-ability|p1b: Aerodactyl|Unnerve
|turn|1
|
|t:|1785499544
|move|p1a: Dragonite|Protect|p1a: Dragonite
|-singleturn|p1a: Dragonite|Protect
|move|p2b: Garchomp|Dragon Claw|p1a: Dragonite
|-activate|p1a: Dragonite|move: Protect
|move|p1b: Aerodactyl|Tailwind|p1b: Aerodactyl
|-sidestart|p1: sidhuistic|move: Tailwind
|move|p2a: Sylveon|Hyper Voice|p1b: Aerodactyl|[spread] p1b
|-activate|p1a: Dragonite|move: Protect
|-damage|p1b: Aerodactyl|35/100
|
|upkeep
|turn|2
|
|t:|1785499559
|switch|p2b: Venusaur|Venusaur, L50, M|100/100
|detailschange|p1a: Dragonite|Dragonite-Mega, L50, F
|-mega|p1a: Dragonite|Dragonite|Dragoninite
|move|p1b: Aerodactyl|Rock Slide|p2b: Venusaur|[spread] p2a,p2b
|-damage|p2a: Sylveon|75/100
|-damage|p2b: Venusaur|69/100
|move|p1a: Dragonite|Dragon Pulse|p2b: Venusaur
|-damage|p2b: Venusaur|10/100
|cant|p2a: Sylveon|flinch
|
|upkeep
|turn|3
|
|t:|1785499581
|move|p2b: Venusaur|Protect|p2b: Venusaur
|-singleturn|p2b: Venusaur|Protect
|move|p1b: Aerodactyl|Dual Wingbeat|p2a: Sylveon
|-damage|p2a: Sylveon|59/100
|-damage|p2a: Sylveon|41/100
|-hitcount|p2a: Sylveon|2
|move|p1a: Dragonite|Heat Wave|p2a: Sylveon|[spread] p2a
|-activate|p2b: Venusaur|move: Protect
|-damage|p2a: Sylveon|18/100
|move|p2a: Sylveon|Hyper Voice|p1b: Aerodactyl|[spread] p1a,p1b
|-supereffective|p1a: Dragonite|1
|-damage|p1a: Dragonite|63/100
|-damage|p1b: Aerodactyl|0 fnt
|faint|p1b: Aerodactyl
|
|upkeep
|c|☆odio esta reg|with that flinch...
|
|t:|1785499596
|switch|p1b: Tauros|Tauros-Paldea-Aqua, L50, M|100/100
|-ability|p1b: Tauros|Intimidate|boost
|-unboost|p2a: Sylveon|atk|1
|-unboost|p2b: Venusaur|atk|1
|turn|4
|
|t:|1785499611
|switch|p2b: Garchomp|Garchomp, L50, F|100/100
|move|p2a: Sylveon|Detect|p2a: Sylveon
|-singleturn|p2a: Sylveon|Protect
|move|p1b: Tauros|Aqua Jet|p2a: Sylveon
|-activate|p2a: Sylveon|move: Protect
|move|p1a: Dragonite|Heat Wave|p2a: Sylveon|[spread] p2b
|-activate|p2a: Sylveon|move: Protect
|-resisted|p2b: Garchomp|1
|-damage|p2b: Garchomp|84/100
|
|-sideend|p1: sidhuistic|move: Tailwind
|upkeep
|turn|5
|
|t:|1785499628
|switch|p1b: Snorlax|Snorlax, L50, M|100/100
|move|p1a: Dragonite|Protect|p1a: Dragonite
|-singleturn|p1a: Dragonite|Protect
|move|p2b: Garchomp|Rock Slide|p1b: Snorlax|[spread] p1b
|-activate|p1a: Dragonite|move: Protect
|-damage|p1b: Snorlax|86/100
|move|p2a: Sylveon|Hyper Voice|p1b: Snorlax|[spread] p1b
|-activate|p1a: Dragonite|move: Protect
|-damage|p1b: Snorlax|57/100
|
|-heal|p1b: Snorlax|63/100|[from] item: Leftovers
|upkeep
|turn|6
|inactive|sidhuistic has 30 seconds left.
|
|t:|1785499657
|move|p2a: Sylveon|Quick Attack|p1a: Dragonite
|-supereffective|p1a: Dragonite|1
|-damage|p1a: Dragonite|48/100
|move|p2b: Garchomp|Rock Slide|p1a: Dragonite|[spread] p1b
|-miss|p2b: Garchomp|p1a: Dragonite
|-damage|p1b: Snorlax|47/100
|move|p1a: Dragonite|Dragon Pulse|p2b: Garchomp
|-supereffective|p2b: Garchomp|1
|-damage|p2b: Garchomp|0 fnt
|faint|p2b: Garchomp
|move|p1b: Snorlax|Double-Edge|p2a: Sylveon
|-damage|p2a: Sylveon|0 fnt
|faint|p2a: Sylveon
|-damage|p1b: Snorlax|43/100|[from] Recoil
|
|-heal|p1b: Snorlax|49/100|[from] item: Leftovers
|upkeep
|
|t:|1785499666
|switch|p2b: Charizard|Charizard, L50, M|100/100
|switch|p2a: Venusaur|Venusaur, L50, M|10/100
|turn|7
|c|☆sidhuistic|ggs
|
|t:|1785499689
|detailschange|p2b: Charizard|Charizard-Mega-Y, L50, M
|-mega|p2b: Charizard|Charizard|Charizardite Y
|-weather|SunnyDay|[from] ability: Drought|[of] p2b: Charizard
|move|p1a: Dragonite|Protect|p1a: Dragonite
|-singleturn|p1a: Dragonite|Protect
|move|p2a: Venusaur|Leaf Storm|p1b: Snorlax
|-damage|p1b: Snorlax|3/100
|-unboost|p2a: Venusaur|spa|2
|-damage|p2a: Venusaur|1/100|[from] item: Life Orb
|move|p2b: Charizard|Ancient Power|p1a: Dragonite
|-activate|p1a: Dragonite|move: Protect
|move|p1b: Snorlax|Double-Edge|p2a: Venusaur
|-damage|p2a: Venusaur|0 fnt
|faint|p2a: Venusaur
|-damage|p1b: Snorlax|3/100|[from] Recoil
|
|-weather|SunnyDay|[upkeep]
|-heal|p1b: Snorlax|9/100|[from] item: Leftovers
|upkeep
|turn|8
|
|t:|1785499709
|move|p1a: Dragonite|Thunderbolt|p2b: Charizard
|-supereffective|p2b: Charizard|1
|-crit|p2b: Charizard
|-damage|p2b: Charizard|0 fnt
|faint|p2b: Charizard
|
|win|sidhuistic
|raw|sidhuistic's rating: 1170 → 1192(+22 for winning)
|raw|odio esta reg's rating: 1132 → 1110(-22 for losing)
