|j|☆joe lord of stuff
|j|☆ferchoxx
|html|joe lord of stuffferchoxx    
|uhtml|bestof|Game 2 of a best-of-3
|t:|1785208243
|gametype|doubles
|player|p1|joe lord of stuff|102|1146
|player|p2|ferchoxx|ghetsis|1222
|gen|9
|tier|[Gen 9 Champions] VGC 2026 Reg M-B (Bo3)
|rated|
|rule|Species Clause: Limit one of each Pokémon
|rule|Item Clause: Limit 1 of each item
|clearpoke
|poke|p1|Beedrill, L50, M, shiny|
|poke|p1|Sableye, L50, F|
|poke|p1|Dragapult, L50, M|
|poke|p1|Milotic, L50, F|
|poke|p1|Volcarona, L50, M|
|poke|p1|Sneasler, L50, M|
|poke|p2|Tyranitar, L50, M|
|poke|p2|Staraptor, L50, F|
|poke|p2|Excadrill, L50, F|
|poke|p2|Gholdengo, L50|
|poke|p2|Milotic, L50, M|
|poke|p2|Sinistcha, L50|
|teampreview|4
|showteam|p1|Beedrill||Beedrillite|Sniper|PoisonJab,Protect,Uturn,DualWingbeat|Adamant||M|||50|]Sableye||RoseliBerry|Prankster|Encore,Quash,RainDance,Disable|Careful||F|||50|]Dragapult||FocusSash|ClearBody|DracoMeteor,ShadowBall,LightScreen,Protect|Modest||M|||50|]Milotic||SitrusBerry|Competitive|Scald,Hypnosis,Protect,Coil|Modest||F|||50|]Volcarona||LifeOrb|FlameBody|HeatWave,GigaDrain,QuiverDance,Protect|Modest||M|||50|]Sneasler||WhiteHerb|Unburden|FakeOut,Protect,CloseCombat,DireClaw|Adamant||M|||50|
|showteam|p2|Tyranitar||Tyranitarite|SandStream|RockSlide,KnockOff,HighHorsepower,Protect|Adamant||M|||50|]Staraptor||Staraptite|Intimidate|BraveBird,CloseCombat,Tailwind,Protect|Jolly||F|||50|]Excadrill||FocusSash|SandRush|HighHorsepower,IronHead,RockSlide,Protect|Jolly||F|||50|]Gholdengo||LifeOrb|GoodasGold|MakeItRain,ShadowBall,NastyPlot,Protect|Timid|||||50|]Milotic||SitrusBerry|Competitive|Protect,IceBeam,Scald,IcyWind|Bold||M|||50|]Sinistcha||ColburBerry|Hospitality|MatchaGotcha,RagePowder,TrickRoom,Protect|Bold|||||50|
|inactive|Battle timer is ON: inactive players will automatically lose when time's up. (requested by ferchoxx)
|inactive|joe lord of stuff has 60 seconds left.
|inactive|ferchoxx has 60 seconds left.
|
|t:|1785208284
|teamsize|p1|4
|teamsize|p2|4
|start
|switch|p1a: Volcarona|Volcarona, L50, M|100/100
|switch|p1b: Sneasler|Sneasler, L50, M|100/100
|switch|p2a: Gholdengo|Gholdengo, L50|100/100
|switch|p2b: Sinistcha|Sinistcha, L50|100/100
|turn|1
|inactive|joe lord of stuff has 30 seconds left.
|inactive|ferchoxx has 30 seconds left.
|
|t:|1785208317
|switch|p2b: Tyranitar|Tyranitar, L50, M|100/100
|-weather|Sandstorm|[from] ability: Sand Stream|[of] p2b: Tyranitar
|move|p1b: Sneasler|Dire Claw|p2b: Tyranitar
|-resisted|p2b: Tyranitar|1
|-damage|p2b: Tyranitar|82/100
|-status|p2b: Tyranitar|psn
|move|p2a: Gholdengo|Make It Rain|p1a: Volcarona|[spread] p1a,p1b
|-resisted|p1a: Volcarona|1
|-damage|p1a: Volcarona|78/100
|-damage|p1b: Sneasler|28/100
|-unboost|p2a: Gholdengo|spa|2
|-damage|p2a: Gholdengo|90/100|[from] item: Life Orb
|move|p1a: Volcarona|Quiver Dance|p1a: Volcarona
|-boost|p1a: Volcarona|spa|1
|-boost|p1a: Volcarona|spd|1
|-boost|p1a: Volcarona|spe|1
|
|-weather|Sandstorm|[upkeep]
|-damage|p1a: Volcarona|71/100|[from] Sandstorm
|-damage|p1b: Sneasler|22/100|[from] Sandstorm
|-damage|p2b: Tyranitar|69/100 psn|[from] psn
|upkeep
|turn|2
|inactive|joe lord of stuff has 30 seconds left.
|inactive|ferchoxx has 30 seconds left.
|
|t:|1785208349
|switch|p2a: Sinistcha|Sinistcha, L50|100/100
|-heal|p2b: Tyranitar|94/100 psn|[from] ability: Hospitality|[of] p2a: Sinistcha
|detailschange|p2b: Tyranitar|Tyranitar-Mega, L50, M
|-mega|p2b: Tyranitar|Tyranitar|Tyranitarite
|move|p2b: Tyranitar|Protect|p2b: Tyranitar
|-singleturn|p2b: Tyranitar|Protect
|move|p1a: Volcarona|Heat Wave|p2a: Sinistcha|[spread] p2a
|-activate|p2b: Tyranitar|move: Protect
|-supereffective|p2a: Sinistcha|1
|-damage|p2a: Sinistcha|0 fnt
|faint|p2a: Sinistcha
|-damage|p1a: Volcarona|61/100|[from] item: Life Orb
|move|p1b: Sneasler|Close Combat|p2b: Tyranitar
|-activate|p2b: Tyranitar|move: Protect
|
|-weather|Sandstorm|[upkeep]
|-damage|p1a: Volcarona|55/100|[from] Sandstorm
|-damage|p1b: Sneasler|16/100|[from] Sandstorm
|-damage|p2b: Tyranitar|82/100 psn|[from] psn
|upkeep
|
|t:|1785208367
|switch|p2a: Excadrill|Excadrill, L50, F|100/100
|turn|3
|
|t:|1785208388
|move|p1a: Volcarona|Protect|p1a: Volcarona
|-singleturn|p1a: Volcarona|Protect
|move|p2a: Excadrill|Rock Slide|p1a: Volcarona|[spread] p1b
|-activate|p1a: Volcarona|move: Protect
|-resisted|p1b: Sneasler|1
|-damage|p1b: Sneasler|1/100
|move|p1b: Sneasler|Close Combat|p2b: Tyranitar
|-supereffective|p2b: Tyranitar|2
|-damage|p2b: Tyranitar|0 fnt
|-unboost|p1b: Sneasler|def|1
|-unboost|p1b: Sneasler|spd|1
|faint|p2b: Tyranitar
|-enditem|p1b: Sneasler|White Herb
|-clearnegativeboost|p1b: Sneasler|[silent]
|
|-weather|Sandstorm|[upkeep]
|-damage|p1b: Sneasler|0 fnt|[from] Sandstorm
|-damage|p1a: Volcarona|49/100|[from] Sandstorm
|faint|p1b: Sneasler
|upkeep
|
|t:|1785208407
|switch|p1b: Sableye|Sableye, L50, F|100/100
|switch|p2b: Gholdengo|Gholdengo, L50|90/100
|turn|4
|inactive|ferchoxx has 30 seconds left.
|
|t:|1785208441
|move|p1b: Sableye|Quash|p2a: Excadrill
|-activate|p2a: Excadrill|move: Quash
|move|p1a: Volcarona|Heat Wave|p2b: Gholdengo|[spread] p2a,p2b
|-supereffective|p2a: Excadrill|1
|-supereffective|p2b: Gholdengo|1
|-enditem|p2a: Excadrill|Focus Sash
|-damage|p2a: Excadrill|1/100
|-damage|p2b: Gholdengo|0 fnt
|faint|p2b: Gholdengo
|-damage|p1a: Volcarona|39/100|[from] item: Life Orb
|move|p2a: Excadrill|Rock Slide|p1b: Sableye|[spread] p1a,p1b
|-supereffective|p1a: Volcarona|2
|-damage|p1a: Volcarona|0 fnt
|-damage|p1b: Sableye|72/100
|faint|p1a: Volcarona
|
|-weather|Sandstorm|[upkeep]
|-damage|p1b: Sableye|66/100|[from] Sandstorm
|upkeep
|
|t:|1785208459
|switch|p1a: Green buge|Beedrill, L50, M, shiny|100/100
|turn|5
|
|t:|1785208469
|detailschange|p1a: Green buge|Beedrill-Mega, L50, M, shiny
|-mega|p1a: Green buge|Beedrill|Beedrillite
|move|p1b: Sableye|Quash|p2a: Excadrill
|-activate|p2a: Excadrill|move: Quash
|move|p1a: Green buge|U-turn|p2a: Excadrill
|-resisted|p2a: Excadrill|1
|-damage|p2a: Excadrill|0 fnt
|faint|p2a: Excadrill
|
|win|joe lord of stuff
