|j|☆sssirpoopsalot
|j|☆ariyanboy
|html|sssirpoopsalotariyanboy    
|uhtml|bestof|Game 2 of a best-of-3
|t:|1757789802
|gametype|doubles
|player|p1|sssirpoopsalot|gambler|
|player|p2|ariyanboy|red|
|gen|9
|tier|[Gen 9] VGC 2025 Reg H (Bo3)
|rule|Species Clause: Limit one of each Pokémon
|rule|Item Clause: Limit 1 of each item
|clearpoke
|poke|p1|Tyranitar, L50, F|
|poke|p1|Excadrill, L50, F|
|poke|p1|Houndstone, L50, M|
|poke|p1|Milotic, L50, F|
|poke|p1|Amoonguss, L50, M|
|poke|p1|Volcarona, L50, F|
|poke|p2|Reuniclus, L50, F|
|poke|p2|Lapras, L50, M|
|poke|p2|Lycanroc-Midnight, L50, M|
|poke|p2|Incineroar, L50, M|
|poke|p2|Ursaluna-Bloodmoon, L50, M|
|poke|p2|Amoonguss, L50, M|
|teampreview|4
|showteam|p1|Tyranitar||SmoothRock|SandStream|KnockOff,RockSlide,Protect,TeraBlast|||F|||50|,,,,,Flying]Excadrill||ChoiceBand|SandRush|HighHorsepower,IronHead,PoisonJab,SwordsDance|||F|||50|,,,,,Fire]Houndstone||LifeOrb|SandRush|LastRespects,ShadowSneak,BodyPress,Protect|||M|||50|,,,,,Normal]Milotic||SitrusBerry|Competitive|Scald,Avalanche,LifeDew,Haze|||F|||50|,,,,,Water]Amoonguss||RockyHelmet|Regenerator|PollenPuff,SludgeBomb,RagePowder,Spore|||M|||50|,,,,,Water]Volcarona||Leftovers|FlameBody|QuiverDance,HeatWave,GigaDrain,Protect|||F|||50|,,,,,Grass
|showteam|p2|Reuniclus||FocusSash|Overcoat|SkillSwap,TrickRoom,ExpandingForce,Protect|||F|||50|,,,,,Steel]Lapras||Leftovers|WaterAbsorb|SheerCold,Protect,Surf,FreezeDry|||M|||50|,,,,,Steel]Lycanroc-Midnight||CovertCloak|NoGuard|RockSlide,Protect,FoulPlay,CloseCombat|||M|||50|,,,,,Rock]Incineroar||SafetyGoggles|Intimidate|PartingShot,KnockOff,FlareBlitz,FakeOut|||M|||50|,,,,,Water]Ursaluna-Bloodmoon||ThroatSpray|MindsEye|HyperVoice,BloodMoon,EarthPower,CalmMind|||M|||50|,,,,,Ground]Amoonguss||SitrusBerry|Regenerator|Spore,Protect,RagePowder,PollenPuff|||M|||50|,,,,,Grass
|
|t:|1757789836
|teamsize|p1|4
|teamsize|p2|4
|start
|switch|p1a: Tyranitar|Tyranitar, L50, F, shiny|100/100
|switch|p1b: Milotic|Milotic, L50, F|100/100
|switch|p2a: Reuniclus|Reuniclus, L50, F, shiny|100/100
|switch|p2b: Lycanroc|Lycanroc-Midnight, L50, M, shiny|100/100
|-weather|Sandstorm|[from] ability: Sand Stream|[of] p1a: Tyranitar
|turn|1
|
|t:|1757789883
|-terastallize|p1a: Tyranitar|Flying
|move|p2b: Lycanroc|Protect|p2b: Lycanroc
|-singleturn|p2b: Lycanroc|Protect
|move|p1b: Milotic|Scald|p2b: Lycanroc
|-activate|p2b: Lycanroc|move: Protect
|move|p1a: Tyranitar|Tera Blast|p2a: Reuniclus|[anim] Tera Blast Flying
|-damage|p2a: Reuniclus|65/100
|move|p2a: Reuniclus|Trick Room|p2a: Reuniclus
|-fieldstart|move: Trick Room|[of] p2a: Reuniclus
|
|-weather|Sandstorm|[upkeep]
|-damage|p1a: Tyranitar|94/100|[from] Sandstorm
|-damage|p1b: Milotic|95/100|[from] Sandstorm
|upkeep
|turn|2
|
|t:|1757789909
|move|p2a: Reuniclus|Skill Swap|p2b: Lycanroc
|-activate|p2a: Reuniclus|move: Skill Swap|||[of] p2b: Lycanroc
|move|p1a: Tyranitar|Knock Off|p2a: Reuniclus
|-supereffective|p2a: Reuniclus
|-crit|p2a: Reuniclus
|-damage|p2a: Reuniclus|0 fnt
|-enditem|p2a: Reuniclus|Focus Sash|[from] move: Knock Off|[of] p1a: Tyranitar
|faint|p2a: Reuniclus
|move|p1b: Milotic|Scald|p2b: Lycanroc
|-supereffective|p2b: Lycanroc
|-damage|p2b: Lycanroc|43/100
|move|p2b: Lycanroc|Close Combat|p1b: Milotic
|-damage|p1b: Milotic|61/100
|-unboost|p2b: Lycanroc|def|1
|-unboost|p2b: Lycanroc|spd|1
|
|-weather|Sandstorm|[upkeep]
|-damage|p1a: Tyranitar|88/100|[from] Sandstorm
|-damage|p1b: Milotic|55/100|[from] Sandstorm
|upkeep
|
|t:|1757789928
|switch|p2a: Lapras|Lapras, L50, M, shiny|100/100
|turn|3
|
|t:|1757789939
|move|p2b: Lycanroc|Protect|p2b: Lycanroc
|-singleturn|p2b: Lycanroc|Protect
|move|p2a: Lapras|Freeze-Dry|p1a: Tyranitar
|-supereffective|p1a: Tyranitar
|-damage|p1a: Tyranitar|49/100
|move|p1a: Tyranitar|Rock Slide|p2b: Lycanroc|[spread] p2a
|-activate|p2b: Lycanroc|move: Protect
|-supereffective|p2a: Lapras
|-damage|p2a: Lapras|37/100
|move|p1b: Milotic|Scald|p2b: Lycanroc
|-activate|p2b: Lycanroc|move: Protect
|
|-weather|Sandstorm|[upkeep]
|-damage|p2a: Lapras|31/100|[from] Sandstorm
|-damage|p1a: Tyranitar|43/100|[from] Sandstorm
|-damage|p1b: Milotic|49/100|[from] Sandstorm
|-enditem|p1b: Milotic|Sitrus Berry|[eat]
|-heal|p1b: Milotic|74/100|[from] item: Sitrus Berry
|-heal|p2a: Lapras|37/100|[from] item: Leftovers
|upkeep
|turn|4
|
|t:|1757789972
|move|p2a: Lapras|Sheer Cold|p1b: Milotic|[miss]
|-miss|p2a: Lapras|p1b: Milotic
|move|p1a: Tyranitar|Rock Slide|p2b: Lycanroc|[spread] p2a,p2b
|-supereffective|p2a: Lapras
|-damage|p2a: Lapras|0 fnt
|-damage|p2b: Lycanroc|0 fnt
|faint|p2a: Lapras
|faint|p2b: Lycanroc
|move|p1b: Milotic|Life Dew|p1b: Milotic|[spread] p1a,p1b
|-heal|p1a: Tyranitar|68/100
|-heal|p1b: Milotic|99/100
|
|-weather|Sandstorm|[upkeep]
|-damage|p1a: Tyranitar|62/100|[from] Sandstorm
|-damage|p1b: Milotic|93/100|[from] Sandstorm
|upkeep
|
|t:|1757789987
|switch|p2b: Amoonguss|Amoonguss, L50, M, shiny|100/100
|turn|5
|
|t:|1757790015
|move|p2b: Amoonguss|Spore|p1a: Tyranitar
|-status|p1a: Tyranitar|slp|[from] move: Spore
|cant|p1a: Tyranitar|slp
|move|p1b: Milotic|Avalanche|p2b: Amoonguss
|-supereffective|p2b: Amoonguss
|-damage|p2b: Amoonguss|84/100
|
|-weather|Sandstorm|[upkeep]
|-damage|p2b: Amoonguss|78/100|[from] Sandstorm
|-damage|p1a: Tyranitar|56/100 slp|[from] Sandstorm
|-damage|p1b: Milotic|87/100|[from] Sandstorm
|-fieldend|move: Trick Room
|upkeep
|turn|6
|
|t:|1757790033
|switch|p1b: Excadrill|Excadrill, L50, F|100/100
|-curestatus|p1a: Tyranitar|slp|[msg]
|move|p1a: Tyranitar|Rock Slide|p2b: Amoonguss
|-damage|p2b: Amoonguss|38/100
|-enditem|p2b: Amoonguss|Sitrus Berry|[eat]
|-heal|p2b: Amoonguss|63/100|[from] item: Sitrus Berry
|cant|p2b: Amoonguss|flinch
|
|-weather|Sandstorm|[upkeep]
|-damage|p1a: Tyranitar|50/100|[from] Sandstorm
|-damage|p2b: Amoonguss|57/100|[from] Sandstorm
|upkeep
|turn|7
|
|t:|1757790053
|move|p1b: Excadrill|High Horsepower|p2b: Amoonguss
|-damage|p2b: Amoonguss|0 fnt
|faint|p2b: Amoonguss
|
|win|sssirpoopsalot
||sssirpoopsalot is ready for game 3.
|inactive|ariyanboy has 30 seconds to confirm battle start!
||ariyanboy is ready for game 3.
|uhtml|next|Next: Game 3 of 3
