|j|☆Low Tier Goodra
|j|☆eggtophat_real
|html|Low Tier Goodraeggtophat_real    
|uhtml|bestof|Game 1 of a best-of-3
|t:|1757089856
|gametype|doubles
|player|p1|Low Tier Goodra|jasmine|1233
|player|p2|eggtophat_real|miku-fire|1120
|gen|9
|tier|[Gen 9] VGC 2025 Reg H (Bo3)
|rated|
|rule|Species Clause: Limit one of each Pokémon
|rule|Item Clause: Limit 1 of each item
|clearpoke
|poke|p1|Indeedee, L50, F|
|poke|p1|Torkoal, L50, M|
|poke|p1|Sinistcha-Masterpiece, L50|
|poke|p1|Rillaboom, L50, M|
|poke|p1|Ursaluna, L50, M|
|poke|p1|Incineroar, L50, M|
|poke|p2|Gholdengo, L50|
|poke|p2|Sneasler, L50, M|
|poke|p2|Rillaboom, L50, M|
|poke|p2|Dragonite, L50, F|
|poke|p2|Ninetales-Alola, L50, M|
|poke|p2|Arcanine-Hisui, L50, F|
|teampreview|4
|showteam|p1|Indeedee||PsychicSeed|PsychicSurge|ExpandingForce,Imprison,TrickRoom,Protect|||F|||50|,,,,,Psychic]Torkoal||Leftovers|Drought|Eruption,HeatWave,EarthPower,Protect|||M|||50|,,,,,Fire]Sinistcha-Masterpiece||GrassySeed|Heatproof|MatchaGotcha,ShadowBall,CalmMind,TrickRoom||||||50|,,,,,Fairy]Rillaboom||CovertCloak|GrassySurge|WoodHammer,Uturn,Taunt,FakeOut|||M|||50|,,,,,Water]Ursaluna||FlameOrb|Guts|HeadlongRush,Facade,Substitute,Protect|||M|||50|,,,,,Ghost]Incineroar||SafetyGoggles|Intimidate|FlareBlitz,KnockOff,Taunt,FakeOut|||M|||50|,,,,,Ghost
|showteam|p2|Gholdengo||GrassySeed|GoodasGold|NastyPlot,MakeItRain,ShadowBall,Protect||||||50|,,,,,Water]Sneasler||WhiteHerb|Unburden|CloseCombat,DireClaw,Coaching,Protect|||M|||50|,,,,,Ghost]Rillaboom||AssaultVest|GrassySurge|FakeOut,GrassyGlide,DrumBeating,HighHorsepower|||M|||50|,,,,,Fire]Dragonite||LoadedDice|Multiscale|ScaleShot,StompingTantrum,Tailwind,Protect|||F|||50|,,,,,Ground]Ninetales-Alola||FocusSash|SnowWarning|Blizzard,IcyWind,Encore,AuroraVeil|||M|||50|,,,,,Ghost]Arcanine-Hisui||ClearAmulet|Intimidate|RockSlide,FlareBlitz,ExtremeSpeed,Protect|||F|||50|,,,,,Water
|inactive|Battle timer is ON: inactive players will automatically lose when time's up. (requested by eggtophat_real)
|inactive|Low Tier Goodra has 60 seconds left.
|inactive|eggtophat_real has 60 seconds left.
|
|t:|1757089908
|teamsize|p1|4
|teamsize|p2|4
|start
|switch|p1a: Indeedee|Indeedee, L50, F|100/100
|switch|p1b: Incineroar|Incineroar, L50, M|100/100
|switch|p2a: Arcanine|Arcanine-Hisui, L50, F|100/100
|switch|p2b: Sneasler|Sneasler, L50, M|100/100
|-ability|p2a: Arcanine|Intimidate|boost
|-unboost|p1a: Indeedee|atk|1
|-unboost|p1b: Incineroar|atk|1
|-fieldstart|move: Psychic Terrain|[from] ability: Psychic Surge|[of] p1a: Indeedee
|-enditem|p1a: Indeedee|Psychic Seed
|-boost|p1a: Indeedee|spd|1|[from] item: Psychic Seed
|-ability|p1b: Incineroar|Intimidate|boost
|-fail|p2a: Arcanine|unboost|[from] item: Clear Amulet|[of] p2a: Arcanine
|-unboost|p2b: Sneasler|atk|1
|-enditem|p2b: Sneasler|White Herb
|-clearnegativeboost|p2b: Sneasler|[silent]
|turn|1
|inactive|Low Tier Goodra has 30 seconds left.
|inactive|eggtophat_real has 30 seconds left.
|
|t:|1757089937
|switch|p1b: Ursaluna|Ursaluna, L50, M|100/100
|-terastallize|p2b: Sneasler|Ghost
|move|p2b: Sneasler|Coaching|p2a: Arcanine
|-boost|p2a: Arcanine|atk|1
|-boost|p2a: Arcanine|def|1
|move|p2a: Arcanine|Flare Blitz|p1a: Indeedee
|-damage|p1a: Indeedee|0 fnt
|faint|p1a: Indeedee
|-damage|p2a: Arcanine|68/100|[from] Recoil
|
|-status|p1b: Ursaluna|brn|[from] item: Flame Orb
|upkeep
|
|t:|1757089956
|switch|p1a: Sinistcha|Sinistcha-Masterpiece, L50|100/100
|turn|2
|
|t:|1757089966
|switch|p1b: Incineroar|Incineroar, L50, M|100/100
|-ability|p1b: Incineroar|Intimidate|boost
|-fail|p2a: Arcanine|unboost|[from] item: Clear Amulet|[of] p2a: Arcanine
|-unboost|p2b: Sneasler|atk|1
|-terastallize|p1a: Sinistcha|Fairy
|move|p2b: Sneasler|Dire Claw|p1a: Sinistcha
|-supereffective|p1a: Sinistcha
|-damage|p1a: Sinistcha|50/100
|-status|p1a: Sinistcha|par
|move|p2a: Arcanine|Flare Blitz|p1a: Sinistcha
|-damage|p1a: Sinistcha|7/100 par
|-damage|p2a: Arcanine|54/100|[from] Recoil
|move|p1a: Sinistcha|Trick Room|p1a: Sinistcha
|-fieldstart|move: Trick Room|[of] p1a: Sinistcha
|
|upkeep
|turn|3
|inactive|Low Tier Goodra has 30 seconds left.
|inactive|eggtophat_real has 30 seconds left.
|
|t:|1757089999
|move|p2a: Arcanine|Protect|p2a: Arcanine
|-singleturn|p2a: Arcanine|Protect
|move|p1a: Sinistcha|Matcha Gotcha|p2b: Sneasler|[spread] p2b
|-activate|p2a: Arcanine|move: Protect
|-damage|p2b: Sneasler|60/100
|-heal|p1a: Sinistcha|27/100 par|[from] drain|[of] p2b: Sneasler
|move|p1b: Incineroar|Knock Off|p2a: Arcanine
|-activate|p2a: Arcanine|move: Protect
|move|p2b: Sneasler|Dire Claw|p1a: Sinistcha
|-supereffective|p1a: Sinistcha
|-damage|p1a: Sinistcha|0 fnt
|faint|p1a: Sinistcha
|
|upkeep
|
|t:|1757090010
|switch|p1a: Ursaluna|Ursaluna, L50, M|100/100 brn
|turn|4
|
|t:|1757090032
|switch|p2b: Dragonite|Dragonite, L50, F|100/100
|move|p2a: Arcanine|Protect|p2a: Arcanine
|-singleturn|p2a: Arcanine|Protect
|move|p1a: Ursaluna|Headlong Rush|p2a: Arcanine
|-activate|p2a: Arcanine|move: Protect
|move|p1b: Incineroar|Knock Off|p2b: Dragonite
|-damage|p2b: Dragonite|74/100
|-enditem|p2b: Dragonite|Loaded Dice|[from] move: Knock Off|[of] p1b: Incineroar
|
|-damage|p1a: Ursaluna|95/100 brn|[from] brn
|upkeep
|turn|5
|
|t:|1757090051
|move|p1a: Ursaluna|Facade|p2b: Dragonite
|-damage|p2b: Dragonite|0 fnt
|faint|p2b: Dragonite
|move|p1b: Incineroar|Knock Off|p2a: Arcanine
|-damage|p2a: Arcanine|11/100
|-enditem|p2a: Arcanine|Clear Amulet|[from] move: Knock Off|[of] p1b: Incineroar
|move|p2a: Arcanine|Rock Slide|p1b: Incineroar|[spread] p1a,p1b
|-resisted|p1a: Ursaluna
|-supereffective|p1b: Incineroar
|-damage|p1a: Ursaluna|79/100 brn
|-damage|p1b: Incineroar|16/100
|
|-damage|p1a: Ursaluna|73/100 brn|[from] brn
|-fieldend|move: Psychic Terrain
|upkeep
|
|t:|1757090059
|switch|p2b: Ninetales|Ninetales-Alola, L50, M|100/100
|-weather|Snowscape|[from] ability: Snow Warning|[of] p2b: Ninetales
|turn|6
|inactive|Low Tier Goodra has 30 seconds left.
|
|t:|1757090085
|switch|p2b: Sneasler|Sneasler, L50, M, tera:Ghost|60/100
|move|p2a: Arcanine|Protect|p2a: Arcanine
|-singleturn|p2a: Arcanine|Protect
|move|p1a: Ursaluna|Facade|p2b: Sneasler
|-immune|p2b: Sneasler
|move|p1b: Incineroar|Knock Off|p2b: Sneasler
|-supereffective|p2b: Sneasler
|-damage|p2b: Sneasler|0 fnt
|faint|p2b: Sneasler
|
|-weather|Snowscape|[upkeep]
|-damage|p1a: Ursaluna|67/100 brn|[from] brn
|-fieldend|move: Trick Room
|upkeep
|
|t:|1757090092
|switch|p2b: Ninetales|Ninetales-Alola, L50, M|100/100
|turn|7
|
|t:|1757090106
|move|p1a: Ursaluna|Protect|p1a: Ursaluna
|-singleturn|p1a: Ursaluna|Protect
|move|p2b: Ninetales|Blizzard|p1a: Ursaluna|[spread] p1b
|-activate|p1a: Ursaluna|move: Protect
|-resisted|p1b: Incineroar
|-damage|p1b: Incineroar|0 fnt
|faint|p1b: Incineroar
|move|p2a: Arcanine|Rock Slide|p1a: Ursaluna
|-activate|p1a: Ursaluna|move: Protect
|
|-weather|Snowscape|[upkeep]
|-damage|p1a: Ursaluna|61/100 brn|[from] brn
|upkeep
|turn|8
|-message|Low Tier Goodra forfeited.
|
|win|eggtophat_real
|l|☆Low Tier Goodra
|player|p1|
||Low Tier Goodra is ready for game 2.
