|j|☆pokestan1947
|j|☆Divine Monkey King
|html|pokestan1947Divine Monkey King    
|uhtml|bestof|Game 2 of a best-of-3
|t:|1782738612
|gametype|doubles
|player|p1|pokestan1947|caitlin|1131
|player|p2|Divine Monkey King|266|1118
|gen|9
|tier|[Gen 9 Champions] VGC 2026 Reg M-B (Bo3)
|rated|
|rule|Species Clause: Limit one of each Pokémon
|rule|Item Clause: Limit 1 of each item
|clearpoke
|poke|p1|Incineroar, L50, F|
|poke|p1|Gholdengo, L50|
|poke|p1|Mimikyu, L50, F|
|poke|p1|Gengar, L50, M, shiny|
|poke|p1|Venusaur, L50, M, shiny|
|poke|p1|Charizard, L50, F, shiny|
|poke|p2|Whimsicott, L50, F, shiny|
|poke|p2|Lucario, L50, M, shiny|
|poke|p2|Pelipper, L50, M, shiny|
|poke|p2|Beedrill, L50, M, shiny|
|poke|p2|Annihilape, L50, M, shiny|
|poke|p2|Basculegion, L50, M, shiny|
|teampreview|4
|showteam|p1|Incineroar||Charcoal|Intimidate|FakeOut,FlareBlitz,DarkestLariat,PartingShot|Careful||F|||50|]Gholdengo||FocusSash|GoodasGold|Hex,NastyPlot,Protect,MakeItRain|Modest|||||50|]Mimikyu||SitrusBerry|Disguise|ThunderWave,PlayRough,TrickRoom,Curse|Adamant||F|||50|]Gengar||Gengarite|CursedBody|Hex,PerishSong,Protect,SludgeWave|Modest||M|||50|]Venusaur||Leftovers|Chlorophyll|SleepPowder,LeechSeed,Protect,EnergyBall|Modest||M|||50|]Charizard||CharizarditeY|Blaze|HeatWave,Protect,AncientPower,SolarBeam|Modest||F|||50|
|showteam|p2|Whimsicott||FocusSash|Prankster|Moonblast,Protect,Tailwind,BeatUp|Timid||F|||50|]Lucario||Lucarionite|Justified|Crunch,DrainPunch,PoisonJab,Protect|Jolly||M|||50|]Pelipper||SitrusBerry|Drizzle|Hurricane,IceBeam,Protect,WeatherBall|Timid||M|||50|]Beedrill||Beedrillite|Sniper|DrillRun,PoisonJab,Protect,FellStinger|Jolly||M|||50|]Annihilape||Leftovers|Defiant|BulkUp,DrainPunch,RageFist,RockSlide|Adamant||M|||50|]Basculegion||MysticWater|SwiftSwim|AquaJet,FlipTurn,LastRespects,Protect|Adamant||M|||50|
|inactive|Battle timer is ON: inactive players will automatically lose when time's up. (requested by pokestan1947)
|inactive|Divine Monkey King has 60 seconds left.
|
|t:|1782738665
|teamsize|p1|4
|teamsize|p2|4
|start
|switch|p1a: Mimikyu|Mimikyu, L50, F|100/100
|switch|p1b: Gengar|Gengar, L50, M, shiny|100/100
|switch|p2a: Annihilape|Annihilape, L50, M, shiny|100/100
|switch|p2b: Basculegion|Basculegion, L50, M, shiny|100/100
|turn|1
|inactive|Divine Monkey King has 30 seconds left.
|inactive|Divine Monkey King has 20 seconds left.
|
|t:|1782738701
|switch|p2a: Pelipper|Pelipper, L50, M, shiny|100/100
|-weather|RainDance|[from] ability: Drizzle|[of] p2a: Pelipper
|move|p1b: Gengar|Protect|p1b: Gengar
|-singleturn|p1b: Gengar|Protect
|move|p2b: Basculegion|Last Respects|p1b: Gengar
|-activate|p1b: Gengar|move: Protect
|move|p1a: Mimikyu|Thunder Wave|p2b: Basculegion
|-status|p2b: Basculegion|par
|
|-weather|RainDance|[upkeep]
|upkeep
|turn|2
|
|t:|1782738720
|switch|p1b: Incineroar|Incineroar, L50, F|100/100
|-ability|p1b: Incineroar|Intimidate|boost
|-unboost|p2a: Pelipper|atk|1
|-unboost|p2b: Basculegion|atk|1
|move|p2b: Basculegion|Aqua Jet|p1b: Incineroar
|-supereffective|p1b: Incineroar|1
|-damage|p1b: Incineroar|64/100
|move|p1a: Mimikyu|Thunder Wave|p2a: Pelipper|[miss]
|-miss|p1a: Mimikyu|p2a: Pelipper
|move|p2a: Pelipper|Hurricane|p1b: Incineroar
|-damage|p1b: Incineroar|22/100
|-start|p1b: Incineroar|confusion
|
|-weather|RainDance|[upkeep]
|upkeep
|turn|3
|inactive|Divine Monkey King has 30 seconds left.
|
|t:|1782738746
|move|p2a: Pelipper|Protect|p2a: Pelipper
|-singleturn|p2a: Pelipper|Protect
|-activate|p1b: Incineroar|confusion
|move|p1b: Incineroar|Fake Out|p2a: Pelipper
|-activate|p2a: Pelipper|move: Protect
|move|p2b: Basculegion|Aqua Jet|p1b: Incineroar
|-supereffective|p1b: Incineroar|1
|-damage|p1b: Incineroar|0 fnt
|faint|p1b: Incineroar
|move|p1a: Mimikyu|Thunder Wave|p2a: Pelipper
|-activate|p2a: Pelipper|move: Protect
|
|-weather|RainDance|[upkeep]
|upkeep
|
|t:|1782738759
|switch|p1b: Gholdengo|Gholdengo, L50|100/100
|turn|4
|
|t:|1782738764
|move|p2b: Basculegion|Aqua Jet|p1b: Gholdengo
|-damage|p1b: Gholdengo|73/100
|move|p1a: Mimikyu|Thunder Wave|p2a: Pelipper|[miss]
|-miss|p1a: Mimikyu|p2a: Pelipper
|move|p1b: Gholdengo|Hex|p2b: Basculegion
|-supereffective|p2b: Basculegion|1
|-damage|p2b: Basculegion|0 fnt
|faint|p2b: Basculegion
|move|p2a: Pelipper|Weather Ball|p1b: Gholdengo
|-damage|p1b: Gholdengo|11/100
|
|-weather|RainDance|[upkeep]
|upkeep
|
|t:|1782738786
|switch|p2b: Beedrill|Beedrill, L50, M, shiny|100/100
|turn|5
|
|t:|1782738799
|detailschange|p2b: Beedrill|Beedrill-Mega, L50, M, shiny
|-mega|p2b: Beedrill|Beedrill|Beedrillite
|move|p1b: Gholdengo|Protect|p1b: Gholdengo
|-singleturn|p1b: Gholdengo|Protect
|move|p2b: Beedrill|Drill Run|p1b: Gholdengo
|-activate|p1b: Gholdengo|move: Protect
|move|p1a: Mimikyu|Thunder Wave|p2a: Pelipper
|-status|p2a: Pelipper|par
|move|p2a: Pelipper|Hurricane|p1a: Mimikyu
|-activate|p1a: Mimikyu|ability: Disguise
|-damage|p1a: Mimikyu|100/100
|detailschange|p1a: Mimikyu|Mimikyu-Busted, L50, F
|-damage|p1a: Mimikyu|87/100|[from] pokemon: Mimikyu-Busted
|
|-weather|none
|upkeep
|turn|6
|inactive|Divine Monkey King has 30 seconds left.
|
|t:|1782738833
|move|p2b: Beedrill|Fell Stinger|p1b: Gholdengo
|-resisted|p1b: Gholdengo|2
|-damage|p1b: Gholdengo|1/100
|move|p1a: Mimikyu|Thunder Wave|p2b: Beedrill
|-status|p2b: Beedrill|par
|move|p1b: Gholdengo|Hex|p2a: Pelipper
|-damage|p2a: Pelipper|0 fnt
|faint|p2a: Pelipper
|
|upkeep
|
|t:|1782738843
|switch|p2a: Annihilape|Annihilape, L50, M, shiny|100/100
|turn|7
|
|t:|1782738855
|move|p1a: Mimikyu|Thunder Wave|p2a: Annihilape
|-status|p2a: Annihilape|par
|move|p2b: Beedrill|Fell Stinger|p1b: Gholdengo
|-resisted|p1b: Gholdengo|2
|-damage|p1b: Gholdengo|0 fnt
|faint|p1b: Gholdengo
|-boost|p2b: Beedrill|atk|3
|move|p2a: Annihilape|Rage Fist|p1a: Mimikyu
|-supereffective|p1a: Mimikyu|1
|-damage|p1a: Mimikyu|30/100
|-enditem|p1a: Mimikyu|Sitrus Berry|[eat]
|-heal|p1a: Mimikyu|55/100|[from] item: Sitrus Berry
|
|upkeep
|
|t:|1782738867
|switch|p1b: Gengar|Gengar, L50, M, shiny|100/100
|turn|8
|
|t:|1782738889
|detailschange|p1b: Gengar|Gengar-Mega, L50, M, shiny
|-mega|p1b: Gengar|Gengar|Gengarite
|move|p1b: Gengar|Protect|p1b: Gengar
|-singleturn|p1b: Gengar|Protect
|move|p2b: Beedrill|Protect|p2b: Beedrill
|-singleturn|p2b: Beedrill|Protect
|move|p1a: Mimikyu|Play Rough|p2a: Annihilape|[miss]
|-miss|p1a: Mimikyu|p2a: Annihilape
|move|p2a: Annihilape|Rage Fist|p1b: Gengar
|-activate|p1b: Gengar|move: Protect
|
|upkeep
|turn|9
|
|t:|1782738911
|move|p2b: Beedrill|Protect||[still]
|-fail|p2b: Beedrill
|move|p1b: Gengar|Hex|p2a: Annihilape
|-supereffective|p2a: Annihilape|1
|-damage|p2a: Annihilape|0 fnt
|faint|p2a: Annihilape
|move|p1a: Mimikyu|Play Rough|p2b: Beedrill|[miss]
|-miss|p1a: Mimikyu|p2b: Beedrill
|
|upkeep
|turn|10
|
|t:|1782738922
|move|p1b: Gengar|Hex|p2b: Beedrill
|-damage|p2b: Beedrill|0 fnt
|faint|p2b: Beedrill
|
|win|pokestan1947
|l|☆pokestan1947
|player|p1|
||Divine Monkey King is ready for game 3.
||pokestan1947 is ready for game 3.
|uhtml|next|Next: Game 3 of 3
