|j|☆Quill86
|j|☆duemagician7809
|html|Quill86duemagician7809    
|uhtml|bestof|Game 1 of a best-of-3
|t:|1757816900
|gametype|doubles
|player|p1|Quill86|lucas|1203
|player|p2|duemagician7809|170|1092
|gen|9
|tier|[Gen 9] VGC 2025 Reg H (Bo3)
|rated|
|rule|Species Clause: Limit one of each Pokémon
|rule|Item Clause: Limit 1 of each item
|clearpoke
|poke|p1|Incineroar, L50, M|
|poke|p1|Gholdengo, L50|
|poke|p1|Ursaluna-Bloodmoon, L50, M|
|poke|p1|Indeedee-F, L50, F|
|poke|p1|Gallade, L50, M|
|poke|p1|Torkoal, L50, M|
|poke|p2|Amoonguss, L50, M|
|poke|p2|Sneasler, L50, M|
|poke|p2|Rillaboom, L50, M|
|poke|p2|Primarina, L50, F|
|poke|p2|Dragonite, L50, F|
|poke|p2|Typhlosion-Hisui, L50, F|
|teampreview|4
|showteam|p1|Incineroar||SafetyGoggles|Intimidate|FakeOut,FlareBlitz,KnockOff,PartingShot|||M|||50|,,,,,Ghost]Gholdengo||SitrusBerry|GoodasGold|MakeItRain,ShadowBall,NastyPlot,Protect||||||50|,,,,,Water]Ursaluna-Bloodmoon||LifeOrb|MindsEye|BloodMoon,HyperVoice,EarthPower,Protect|||M|||50|,,,,,Normal]Indeedee-F||PsychicSeed|PsychicSurge|FollowMe,TrickRoom,HelpingHand,DazzlingGleam|||F|||50|,,,,,Fairy]Gallade||ClearAmulet|Sharpness|SacredSword,PsychoCut,WideGuard,TrickRoom|||M|||50|,,,,,Grass]Torkoal||Leftovers|Drought|Eruption,WeatherBall,Yawn,Protect|||M|||50|,,,,,Fire
|showteam|p2|Amoonguss||SitrusBerry|Regenerator|RagePowder,Spore,Protect,PollenPuff|||M|||50|,,,,,Dark]Sneasler||FocusSash|Unburden|CloseCombat,FakeOut,DireClaw,Protect|||M|||50|,,,,,Ghost]Rillaboom||AssaultVest|GrassySurge|FakeOut,GrassyGlide,Uturn,WoodHammer|||M|||50|,,,,,Grass]Primarina||LifeOrb|LiquidVoice|TeraBlast,HyperVoice,Protect,Moonblast|||F|||50|,,,,,Poison]Dragonite||LoadedDice|Multiscale|ScaleShot,ExtremeSpeed,Protect,Tailwind|||F|||50|,,,,,Normal]Typhlosion-Hisui||ChoiceScarf|Blaze|Eruption,Overheat,ShadowBall,SleepTalk|||F|||50|,,,,,Fire
|inactive|Battle timer is ON: inactive players will automatically lose when time's up. (requested by duemagician7809)
|
|t:|1757816933
|teamsize|p1|4
|teamsize|p2|4
|start
|switch|p1a: Incineroar|Incineroar, L50, M|100/100
|switch|p1b: Gholdengo|Gholdengo, L50|100/100
|switch|p2a: Typhlosion|Typhlosion-Hisui, L50, F|100/100
|switch|p2b: Amoonguss|Amoonguss, L50, M|100/100
|-ability|p1a: Incineroar|Intimidate|boost
|-unboost|p2a: Typhlosion|atk|1
|-unboost|p2b: Amoonguss|atk|1
|turn|1
|
|t:|1757816955
|switch|p2b: Rillaboom|Rillaboom, L50, M|100/100
|-fieldstart|move: Grassy Terrain|[from] ability: Grassy Surge|[of] p2b: Rillaboom
|move|p1b: Gholdengo|Protect|p1b: Gholdengo
|-singleturn|p1b: Gholdengo|Protect
|move|p2a: Typhlosion|Eruption|p1a: Incineroar|[spread] p1a
|-activate|p1b: Gholdengo|move: Protect
|-resisted|p1a: Incineroar
|-damage|p1a: Incineroar|77/100
|move|p1a: Incineroar|Knock Off|p2a: Typhlosion
|-supereffective|p2a: Typhlosion
|-damage|p2a: Typhlosion|0 fnt
|-enditem|p2a: Typhlosion|Choice Scarf|[from] move: Knock Off|[of] p1a: Incineroar
|faint|p2a: Typhlosion
|
|-heal|p1a: Incineroar|83/100|[from] Grassy Terrain
|upkeep
|
|t:|1757816963
|switch|p2a: Primarina|Primarina, L50, F|100/100
|turn|2
|
|t:|1757816983
|switch|p1a: Indeedee|Indeedee-F, L50, F|100/100
|-fieldstart|move: Psychic Terrain|[from] ability: Psychic Surge|[of] p1a: Indeedee
|-enditem|p1a: Indeedee|Psychic Seed
|-boost|p1a: Indeedee|spd|1|[from] item: Psychic Seed
|move|p2b: Rillaboom|U-turn|p1b: Gholdengo
|-resisted|p1b: Gholdengo
|-damage|p1b: Gholdengo|96/100
|
|t:|1757816990
|switch|p2b: Amoonguss|Amoonguss, L50, M|100/100|[from] U-turn
|move|p1b: Gholdengo|Nasty Plot|p1b: Gholdengo
|-boost|p1b: Gholdengo|spa|2
|move|p2a: Primarina|Hyper Voice|p1b: Gholdengo|[spread] p1a,p1b
|-damage|p1a: Indeedee|71/100
|-damage|p1b: Gholdengo|51/100
|-damage|p2a: Primarina|91/100|[from] item: Life Orb
|
|upkeep
|turn|3
|
|t:|1757817003
|switch|p1a: Incineroar|Incineroar, L50, M|83/100
|-ability|p1a: Incineroar|Intimidate|boost
|-unboost|p2a: Primarina|atk|1
|-unboost|p2b: Amoonguss|atk|1
|-terastallize|p1b: Gholdengo|Water
|move|p1b: Gholdengo|Make It Rain|p2a: Primarina|[spread] p2a,p2b
|-damage|p2a: Primarina|12/100
|-damage|p2b: Amoonguss|25/100
|-unboost|p1b: Gholdengo|spa|1
|-enditem|p2b: Amoonguss|Sitrus Berry|[eat]
|-heal|p2b: Amoonguss|50/100|[from] item: Sitrus Berry
|move|p2a: Primarina|Hyper Voice|p1a: Incineroar|[spread] p1a,p1b
|-supereffective|p1a: Incineroar
|-resisted|p1b: Gholdengo
|-damage|p1a: Incineroar|0 fnt
|-damage|p1b: Gholdengo|26/100
|-enditem|p1b: Gholdengo|Sitrus Berry|[eat]
|-heal|p1b: Gholdengo|51/100|[from] item: Sitrus Berry
|faint|p1a: Incineroar
|-damage|p2a: Primarina|2/100|[from] item: Life Orb
|move|p2b: Amoonguss|Pollen Puff|p1b: Gholdengo
|-damage|p1b: Gholdengo|32/100
|
|upkeep
|
|t:|1757817017
|switch|p1a: Ursaluna|Ursaluna-Bloodmoon, L50, M|100/100
|turn|4
|
|t:|1757817029
|move|p2a: Primarina|Protect|p2a: Primarina
|-singleturn|p2a: Primarina|Protect
|move|p1b: Gholdengo|Make It Rain|p2b: Amoonguss|[spread] p2b
|-activate|p2a: Primarina|move: Protect
|-damage|p2b: Amoonguss|0 fnt
|-unboost|p1b: Gholdengo|spa|1
|faint|p2b: Amoonguss
|move|p1a: Ursaluna|Hyper Voice|p2a: Primarina
|-activate|p2a: Primarina|move: Protect
|
|upkeep
|
|t:|1757817033
|switch|p2b: Rillaboom|Rillaboom, L50, M|100/100
|-fieldstart|move: Grassy Terrain|[from] ability: Grassy Surge|[of] p2b: Rillaboom
|turn|5
|
|t:|1757817043
|switch|p1a: Indeedee|Indeedee-F, L50, F|71/100
|-fieldstart|move: Psychic Terrain|[from] ability: Psychic Surge|[of] p1a: Indeedee
|move|p2a: Primarina|Protect||[still]
|-fail|p2a: Primarina
|move|p2b: Rillaboom|Wood Hammer|p1a: Indeedee
|-damage|p1a: Indeedee|13/100
|-damage|p2b: Rillaboom|84/100|[from] Recoil
|move|p1b: Gholdengo|Make It Rain|p2b: Rillaboom|[spread] p2a,p2b
|-damage|p2a: Primarina|0 fnt
|-damage|p2b: Rillaboom|52/100
|-unboost|p1b: Gholdengo|spa|1
|faint|p2a: Primarina
|
|upkeep
|turn|6
|
|t:|1757817058
|-terastallize|p2b: Rillaboom|Grass
|move|p2b: Rillaboom|Wood Hammer|p1a: Indeedee
|-damage|p1a: Indeedee|0 fnt
|faint|p1a: Indeedee
|-damage|p2b: Rillaboom|48/100|[from] Recoil
|move|p1b: Gholdengo|Shadow Ball|p2b: Rillaboom
|-damage|p2b: Rillaboom|27/100
|
|upkeep
|
|t:|1757817062
|switch|p1a: Ursaluna|Ursaluna-Bloodmoon, L50, M|100/100
|turn|7
|
|t:|1757817069
|move|p1a: Ursaluna|Protect|p1a: Ursaluna
|-singleturn|p1a: Ursaluna|Protect
|move|p2b: Rillaboom|Wood Hammer|p1a: Ursaluna
|-activate|p1a: Ursaluna|move: Protect
|move|p1b: Gholdengo|Shadow Ball|p2b: Rillaboom
|-damage|p2b: Rillaboom|4/100
|
|upkeep
|turn|8
|-message|duemagician7809 forfeited.
|
|win|Quill86
|l|☆duemagician7809
|player|p2|
||duemagician7809 is ready for game 2.
