|j|☆sessoepalle
|j|☆elmono11
|html|sessoepalleelmono11    
|uhtml|bestof|Game 2 of a best-of-3
|t:|1785949703
|gametype|doubles
|player|p1|sessoepalle|lance|1346
|player|p2|elmono11|1|1400
|gen|9
|tier|[Gen 9 Champions] VGC 2026 Reg M-B (Bo3)
|rated|
|rule|Species Clause: Limit one of each Pokémon
|rule|Item Clause: Limit 1 of each item
|clearpoke
|poke|p1|Charizard, L50, F|
|poke|p1|Kingambit, L50, M|
|poke|p1|Raichu, L50, M|
|poke|p1|Basculegion, L50, M|
|poke|p1|Whimsicott, L50, M|
|poke|p1|Garchomp, L50, F|
|poke|p2|Kingambit, L50, M|
|poke|p2|Sneasler, L50, F|
|poke|p2|Froslass, L50, F|
|poke|p2|Lycanroc-Dusk, L50, F|
|poke|p2|Basculegion, L50, M|
|poke|p2|Scovillain, L50, F|
|teampreview|4
|showteam|p1|Charizard||CharizarditeY|Blaze|HeatWave,WeatherBall,SolarBeam,Protect|Modest||F|||50|]Kingambit||ChopleBerry|Defiant|IronHead,KowtowCleave,SuckerPunch,LowKick|Adamant||M|||50|]Raichu||RaichuniteY|LightningRod|FakeOut,ZapCannon,FocusBlast,Protect|Modest||M|||50|]Basculegion||LifeOrb|Adaptability|LastRespects,AquaJet,WaveCrash,Protect|Adamant||M|||50|]Whimsicott||FocusSash|Prankster|Moonblast,Tailwind,Encore,Protect|Timid||M|||50|]Garchomp||RoseliBerry|RoughSkin|DragonClaw,Earthquake,PoisonJab,RockSlide|Jolly||F|||50|
|showteam|p2|Kingambit||LifeOrb|Defiant|KowtowCleave,SuckerPunch,SwordsDance,Protect|Adamant||M|||50|]Sneasler||WhiteHerb|Unburden|FakeOut,CloseCombat,DireClaw,Protect|Adamant||F|||50|]Froslass||Froslassite|SnowCloak|Blizzard,ShadowBall,Thunderbolt,Protect|Timid||F|||50|]Lycanroc-Dusk||FocusSash|ToughClaws|CloseCombat,RockSlide,Accelerock,Protect|Adamant||F|||50|]Basculegion||MysticWater|Adaptability|LastRespects,AquaJet,WaveCrash,Protect|Adamant||M|||50|]Scovillain||Scovillainite|Moody|Overheat,GigaDrain,RagePowder,Protect|Bold||F|||50|
|inactive|Battle timer is ON: inactive players will automatically lose when time's up. (requested by elmono11)
|inactive|elmono11 has 60 seconds left.
|
|t:|1785949751
|teamsize|p1|4
|teamsize|p2|4
|start
|switch|p1a: Garchomp|Garchomp, L50, F|100/100
|switch|p1b: Basculegion|Basculegion, L50, M|100/100
|switch|p2a: Kingambit|Kingambit, L50, M|100/100
|switch|p2b: Sneasler|Sneasler, L50, F|100/100
|turn|1
|inactive|sessoepalle has 30 seconds left.
|inactive|sessoepalle has 20 seconds left.
|inactive|sessoepalle has 15 seconds left.
|inactive|sessoepalle has 10 seconds left.
|
|t:|1785949797
|move|p2b: Sneasler|Fake Out|p1a: Garchomp
|-damage|p1a: Garchomp|85/100
|-damage|p2b: Sneasler|87/100|[from] ability: Rough Skin|[of] p1a: Garchomp
|move|p2a: Kingambit|Sucker Punch|p1b: Basculegion
|-supereffective|p1b: Basculegion|1
|-damage|p1b: Basculegion|0 fnt
|faint|p1b: Basculegion
|-damage|p2a: Kingambit|90/100|[from] item: Life Orb
|cant|p1a: Garchomp|flinch
|
|upkeep
|
|t:|1785949805
|switch|p1b: Charizard|Charizard, L50, F|100/100
|turn|2
|inactive|elmono11 has 30 seconds left.
|
|t:|1785949832
|switch|p2b: Scovillain|Scovillain, L50, F|100/100
|detailschange|p1b: Charizard|Charizard-Mega-Y, L50, F
|-mega|p1b: Charizard|Charizard|Charizardite Y
|-weather|SunnyDay|[from] ability: Drought|[of] p1b: Charizard
|move|p2a: Kingambit|Protect|p2a: Kingambit
|-singleturn|p2a: Kingambit|Protect
|move|p1a: Garchomp|Earthquake|p2b: Scovillain|[spread] p2b
|-activate|p2a: Kingambit|move: Protect
|-immune|p1b: Charizard
|-damage|p2b: Scovillain|61/100
|move|p1b: Charizard|Solar Beam||[still]
|-prepare|p1b: Charizard|Solar Beam
|-anim|p1b: Charizard|Solar Beam|p2b: Scovillain
|-resisted|p2b: Scovillain|2
|-damage|p2b: Scovillain|43/100
|
|-weather|SunnyDay|[upkeep]
|-ability|p2b: Scovillain|Moody|boost
|-boost|p2b: Scovillain|atk|2
|-unboost|p2b: Scovillain|spa|1
|upkeep
|turn|3
|inactive|elmono11 has 30 seconds left.
|inactive|elmono11 has 20 seconds left.
|inactive|elmono11 has 15 seconds left.
|inactive|elmono11 has 10 seconds left.
|inactive|elmono11 has 5 seconds left.
|
|t:|1785949886
|detailschange|p2b: Scovillain|Scovillain-Mega, L50, F
|-mega|p2b: Scovillain|Scovillain|Scovillainite
|move|p2a: Kingambit|Sucker Punch|p1b: Charizard
|-damage|p1b: Charizard|45/100
|-damage|p2a: Kingambit|80/100|[from] item: Life Orb
|move|p1a: Garchomp|Earthquake|p2b: Scovillain|[spread] p2a,p2b
|-immune|p1b: Charizard
|-supereffective|p2a: Kingambit|1
|-damage|p2a: Kingambit|24/100
|-damage|p2b: Scovillain|8/100
|-status|p1a: Garchomp|brn|[from] ability: Spicy Spray|[of] p2b: Scovillain
|move|p1b: Charizard|Heat Wave|p2b: Scovillain|[spread] p2a,p2b
|-supereffective|p2a: Kingambit|1
|-damage|p2a: Kingambit|0 fnt
|-damage|p2b: Scovillain|0 fnt
|-immune|p1b: Charizard
|faint|p2a: Kingambit
|faint|p2b: Scovillain
|
|-weather|SunnyDay|[upkeep]
|-damage|p1a: Garchomp|79/100 brn|[from] brn
|upkeep
|
|t:|1785949891
|switch|p2b: Lycanroc|Lycanroc-Dusk, L50, F|100/100
|switch|p2a: Sneasler|Sneasler, L50, F|87/100
|turn|4
|
|t:|1785949912
|move|p1a: Garchomp|Earthquake|p2a: Sneasler|[spread] p2a,p2b
|-immune|p1b: Charizard
|-supereffective|p2a: Sneasler|1
|-supereffective|p2b: Lycanroc|1
|-damage|p2a: Sneasler|40/100
|-damage|p2b: Lycanroc|40/100
|move|p2b: Lycanroc|Rock Slide|p1a: Garchomp|[spread] p1a,p1b
|-resisted|p1a: Garchomp|1
|-supereffective|p1b: Charizard|2
|-damage|p1a: Garchomp|65/100 brn
|-damage|p1b: Charizard|0 fnt
|faint|p1b: Charizard
|move|p2a: Sneasler|Close Combat|p1a: Garchomp
|-damage|p1a: Garchomp|3/100 brn
|-unboost|p2a: Sneasler|def|1
|-unboost|p2a: Sneasler|spd|1
|-damage|p2a: Sneasler|28/100|[from] ability: Rough Skin|[of] p1a: Garchomp
|-enditem|p2a: Sneasler|White Herb
|-clearnegativeboost|p2a: Sneasler|[silent]
|
|-weather|SunnyDay|[upkeep]
|-damage|p1a: Garchomp|0 fnt|[from] brn
|faint|p1a: Garchomp
|upkeep
|
|t:|1785949929
|switch|p1b: Kingambit|Kingambit, L50, M|100/100
|turn|5
|inactive|elmono11 has 30 seconds left.
|
|t:|1785949960
|move|p2b: Lycanroc|Protect|p2b: Lycanroc
|-singleturn|p2b: Lycanroc|Protect
|move|p2a: Sneasler|Close Combat|p1b: Kingambit
|-supereffective|p1b: Kingambit|2
|-enditem|p1b: Kingambit|Chople Berry|[eat]
|-enditem|p1b: Kingambit|Chople Berry|[weaken]
|-damage|p1b: Kingambit|14/100
|-unboost|p2a: Sneasler|def|1
|-unboost|p2a: Sneasler|spd|1
|move|p1b: Kingambit|Iron Head|p2a: Sneasler
|-damage|p2a: Sneasler|0 fnt
|faint|p2a: Sneasler
|
|-weather|SunnyDay|[upkeep]
|upkeep
|turn|6
|
|t:|1785949979
|move|p2b: Lycanroc|Accelerock|p1b: Kingambit
|-resisted|p1b: Kingambit|1
|-damage|p1b: Kingambit|5/100
|move|p1b: Kingambit|Kowtow Cleave|p2b: Lycanroc
|-damage|p2b: Lycanroc|0 fnt
|faint|p2b: Lycanroc
|
|win|sessoepalle
|raw|sessoepalle's rating: 1346 → 1369(+23 for winning)
|raw|elmono11's rating: 1400 → 1377(-23 for losing)
