|j|☆eklyst
|j|☆Goonsuke Sama
|html|eklystGoonsuke Sama    
|uhtml|bestof|Game 1 of a best-of-3
|t:|1785907290
|gametype|doubles
|player|p1|eklyst|pokemaniac|1154
|player|p2|Goonsuke Sama|cameraman|1178
|gen|9
|tier|[Gen 9 Champions] VGC 2026 Reg M-B (Bo3)
|rated|
|rule|Species Clause: Limit one of each Pokémon
|rule|Item Clause: Limit 1 of each item
|clearpoke
|poke|p1|Metagross, L50, shiny|
|poke|p1|Whimsicott, L50, F, shiny|
|poke|p1|Raichu, L50, F|
|poke|p1|Ninetales-Alola, L50, F|
|poke|p1|Lycanroc-Dusk, L50, F|
|poke|p1|Sneasler, L50, M, shiny|
|poke|p2|Altaria, L50, M|
|poke|p2|Emboar, L50, M|
|poke|p2|Mimikyu, L50, F|
|poke|p2|Snorlax, L50, F|
|poke|p2|Scrafty, L50, M|
|poke|p2|Salazzle, L50, F|
|teampreview|4
|showteam|p1|Metagross||Metagrossite|ClearBody|PsychicFangs,IronHead,Protect,StompingTantrum|Jolly|||||50|]Whimsicott||OccaBerry|Prankster|Tailwind,Moonblast,HelpingHand,WorrySeed|Timid||F|||50|]Raichu||RaichuniteY|LightningRod|FakeOut,FocusBlast,ZapCannon,Protect|Timid||F|||50|]Ninetales-Alola||NeverMeltIce|SnowWarning|FreezeDry,Protect,Blizzard,Encore|Timid||F|||50|]Lycanroc-Dusk||FocusSash|ToughClaws|Accelerock,RockSlide,Protect,Taunt|Adamant||F|||50|]Sneasler||WhiteHerb|Unburden|CloseCombat,Coaching,GunkShot,FakeOut|Jolly||M|||50|
|showteam|p2|Altaria||WideLens|CloudNine|DragonRush,Endeavor,DualWingbeat,DragonDance|Careful||M|||50|]Emboar||Emboarite|Blaze|HeatCrash,StormThrow,HighHorsepower,Protect|Brave||M|||50|]Mimikyu||WhiteHerb|Disguise|PsychUp,DrainPunch,TrickRoom,PhantomForce|Careful||F|||50|]Snorlax||Leftovers|ThickFat|Stockpile,Protect,Facade,IcePunch|Sassy||F|||50|]Scrafty||ExpertBelt|Intimidate|FakeOut,Coaching,KnockOff,DrainPunch|Careful||M|||50|]Salazzle||FocusSash|Corrosion|Toxic,FireLash,FakeOut,WillOWisp|Jolly||F|||50|
|inactive|Battle timer is ON: inactive players will automatically lose when time's up. (requested by Goonsuke Sama)
|inactive|eklyst also wants the timer to be on.
|inactive|eklyst has 60 seconds left.
|inactive|Goonsuke Sama has 60 seconds left.
|inactive|eklyst has 30 seconds left.
|inactive|Goonsuke Sama has 30 seconds left.
|inactive|Goonsuke Sama has 20 seconds left.
|
|t:|1785907361
|teamsize|p1|4
|teamsize|p2|4
|start
|switch|p1a: Pickle|Sneasler, L50, M, shiny|100/100
|switch|p1b: Bingus|Raichu, L50, F|100/100
|switch|p2a: Mimikyu|Mimikyu, L50, F|100/100
|switch|p2b: Salazzle|Salazzle, L50, F|100/100
|turn|1
|inactive|Goonsuke Sama has 30 seconds left.
|
|t:|1785907390
|detailschange|p1b: Bingus|Raichu-Mega-Y, L50, F
|-mega|p1b: Bingus|Raichu|Raichunite Y
|move|p1b: Bingus|Fake Out|p2b: Salazzle
|-damage|p2b: Salazzle|82/100
|move|p1a: Pickle|Gunk Shot|p2a: Mimikyu|[miss]
|-miss|p1a: Pickle|p2a: Mimikyu
|cant|p2b: Salazzle|flinch
|move|p2a: Mimikyu|Trick Room|p2a: Mimikyu
|-fieldstart|move: Trick Room|[of] p2a: Mimikyu
|
|upkeep
|turn|2
|inactive|Goonsuke Sama has 30 seconds left.
|
|t:|1785907418
|switch|p1b: Brick|Lycanroc-Dusk, L50, F|100/100
|move|p2a: Mimikyu|Drain Punch|p1b: Brick
|-supereffective|p1b: Brick|1
|-damage|p1b: Brick|35/100
|move|p2b: Salazzle|Will-O-Wisp|p1a: Pickle
|-status|p1a: Pickle|brn
|move|p1a: Pickle|Gunk Shot|p2a: Mimikyu
|-activate|p2a: Mimikyu|ability: Disguise
|-damage|p2a: Mimikyu|100/100
|detailschange|p2a: Mimikyu|Mimikyu-Busted, L50, F
|-damage|p2a: Mimikyu|87/100|[from] pokemon: Mimikyu-Busted
|
|-damage|p1a: Pickle|94/100 brn|[from] brn
|upkeep
|turn|3
|
|t:|1785907443
|move|p1b: Brick|Accelerock|p2b: Salazzle
|-supereffective|p2b: Salazzle|1
|-damage|p2b: Salazzle|0 fnt
|faint|p2b: Salazzle
|move|p2a: Mimikyu|Drain Punch|p1b: Brick
|-supereffective|p1b: Brick|1
|-damage|p1b: Brick|0 fnt
|-heal|p2a: Mimikyu|100/100|[from] drain|[of] p1b: Brick
|faint|p1b: Brick
|move|p1a: Pickle|Gunk Shot|p2a: Mimikyu
|-damage|p2a: Mimikyu|59/100
|-status|p2a: Mimikyu|psn
|
|-damage|p2a: Mimikyu|46/100 psn|[from] psn
|-damage|p1a: Pickle|88/100 brn|[from] brn
|upkeep
|
|t:|1785907460
|switch|p1b: AAAAAAAAAAAA|Ninetales-Alola, L50, F|100/100
|switch|p2b: Scrafty|Scrafty, L50, M|100/100
|-ability|p2b: Scrafty|Intimidate|boost
|-unboost|p1a: Pickle|atk|1
|-unboost|p1b: AAAAAAAAAAAA|atk|1
|-weather|Snowscape|[from] ability: Snow Warning|[of] p1b: AAAAAAAAAAAA
|-enditem|p1a: Pickle|White Herb
|-clearnegativeboost|p1a: Pickle|[silent]
|turn|4
|
|t:|1785907478
|move|p2b: Scrafty|Fake Out|p1b: AAAAAAAAAAAA
|-damage|p1b: AAAAAAAAAAAA|89/100
|move|p2a: Mimikyu|Phantom Force||[still]
|-prepare|p2a: Mimikyu|Phantom Force
|cant|p1b: AAAAAAAAAAAA|flinch
|move|p1a: Pickle|Close Combat|p2b: Scrafty
|-supereffective|p2b: Scrafty|1
|-damage|p2b: Scrafty|40/100
|-unboost|p1a: Pickle|def|1
|-unboost|p1a: Pickle|spd|1
|
|-weather|Snowscape|[upkeep]
|-damage|p2a: Mimikyu|34/100 psn|[from] psn
|-damage|p1a: Pickle|82/100 brn|[from] brn
|upkeep
|turn|5
|inactive|Goonsuke Sama has 30 seconds left.
|
|t:|1785907506
|switch|p1a: Bingus|Raichu-Mega-Y, L50, F|100/100
|move|p2b: Scrafty|Drain Punch|p1b: AAAAAAAAAAAA
|-damage|p1b: AAAAAAAAAAAA|56/100
|-heal|p2b: Scrafty|54/100|[from] drain|[of] p1b: AAAAAAAAAAAA
|move|p2a: Mimikyu|Phantom Force|p1b: AAAAAAAAAAAA|[from] lockedmove
|-damage|p1b: AAAAAAAAAAAA|20/100y
|move|p1b: AAAAAAAAAAAA|Blizzard|p2a: Mimikyu|[spread] p2a,p2b
|-crit|p2a: Mimikyu
|-damage|p2a: Mimikyu|0 fnt
|-damage|p2b: Scrafty|21/100
|faint|p2a: Mimikyu
|
|-weather|Snowscape|[upkeep]
|-fieldend|move: Trick Room
|upkeep
|
|t:|1785907515
|switch|p2a: Snorlax|Snorlax, L50, F|100/100
|turn|6
|
|t:|1785907527
|switch|p1b: Pickle|Sneasler, L50, M, shiny|82/100 brn
|move|p1a: Bingus|Focus Blast|p2b: Scrafty
|-supereffective|p2b: Scrafty|1
|-crit|p2b: Scrafty
|-damage|p2b: Scrafty|0 fnt
|faint|p2b: Scrafty
|move|p2a: Snorlax|Facade|p1a: Bingus
|-damage|p1a: Bingus|46/100
|
|-weather|Snowscape|[upkeep]
|-damage|p1b: Pickle|76/100 brn|[from] brn
|upkeep
|turn|7
|
|t:|1785907547
|switch|p1a: AAAAAAAAAAAA|Ninetales-Alola, L50, F|20/100y
|move|p2a: Snorlax|Protect|p2a: Snorlax
|-singleturn|p2a: Snorlax|Protect
|move|p1b: Pickle|Fake Out|p2a: Snorlax
|-activate|p2a: Snorlax|move: Protect
|
|-weather|Snowscape|[upkeep]
|-damage|p1b: Pickle|70/100 brn|[from] brn
|upkeep
|turn|8
|
|t:|1785907561
|move|p1b: Pickle|Close Combat|p2a: Snorlax
|-supereffective|p2a: Snorlax|1
|-damage|p2a: Snorlax|50/100g
|-unboost|p1b: Pickle|def|1
|-unboost|p1b: Pickle|spd|1
|move|p1a: AAAAAAAAAAAA|Encore|p2a: Snorlax
|-start|p2a: Snorlax|Encore
|move|p2a: Snorlax|Protect||[still]
|-fail|p2a: Snorlax
|
|-weather|none
|-heal|p2a: Snorlax|56/100|[from] item: Leftovers
|-damage|p1b: Pickle|65/100 brn|[from] brn
|upkeep
|turn|9
|-message|Goonsuke Sama forfeited.
|
|win|eklyst
|l|☆Goonsuke Sama
|player|p2|
||Goonsuke Sama is ready for game 2.
||eklyst is ready for game 2.
|uhtml|next|Next: Game 2 of 3
