|j|☆latios66
|j|☆Elbovino
|html|latios66Elbovino    
|uhtml|bestof|Game 1 of a best-of-3
|t:|1756927503
|gametype|doubles
|player|p1|latios66|265|1172
|player|p2|Elbovino|riley|1189
|gen|9
|tier|[Gen 9] VGC 2025 Reg H (Bo3)
|rated|
|rule|Species Clause: Limit one of each Pokémon
|rule|Item Clause: Limit 1 of each item
|clearpoke
|poke|p1|Toedscruel, L50, M|
|poke|p1|Weezing-Galar, L50, M|
|poke|p1|Kilowattrel, L50, M|
|poke|p1|Garchomp, L50, F|
|poke|p1|Typhlosion-Hisui, L50, M|
|poke|p1|Tauros-Paldea-Aqua, L50, M|
|poke|p2|Gallade, L50, M|
|poke|p2|Indeedee-F, L50, F|
|poke|p2|Torkoal, L50, F|
|poke|p2|Hatterene, L50, F|
|poke|p2|Ursaluna, L50, F|
|poke|p2|Zoroark-Hisui, L50, F|
|teampreview|4
|showteam|p1|Toedscruel||CovertCloak|MyceliumMight|Spore,EarthPower,AcidSpray,RagePowder|||M|||50|,,,,,Water]Weezing-Galar||ChoiceSpecs|NeutralizingGas|DazzlingGleam,SludgeBomb,StrangeSteam,Flamethrower|||M|||50|,,,,,Fire]Kilowattrel||FocusSash|Competitive|Discharge,VoltSwitch,Tailwind,AirSlash|||M|||50|,,,,,Electric]Garchomp||LifeOrb|RoughSkin|Protect,Earthquake,DragonClaw,StompingTantrum|||F|||50|,,,,,Ground]Typhlosion-Hisui||ChoiceScarf|Blaze|Eruption,HeatWave,ShadowBall,Overheat|||M|||50|,,,,,Fire]Tauros-Paldea-Aqua||AbilityShield|Intimidate|WaveCrash,CloseCombat,AquaJet,Protect|||M|||50|,,,,,Fighting
|showteam|p2|Gallade||ClearAmulet|Sharpness|SacredSword,PsychoCut,WideGuard,TrickRoom|||M|||50|,,,,,Grass]Indeedee-F||PsychicSeed|PsychicSurge|FollowMe,Psychic,TrickRoom,HelpingHand|||F|||50|,,,,,Water]Torkoal||Charcoal|Drought|Eruption,WeatherBall,EarthPower,Protect|||F|||50|,,,,,Fire]Hatterene||LifeOrb|MagicBounce|ExpandingForce,DazzlingGleam,TrickRoom,Protect|||F|||50|,,,,,Psychic]Ursaluna||FlameOrb|Guts|Earthquake,Facade,HeadlongRush,Protect|||F|||50|,,,,,Ghost]Zoroark-Hisui||FocusSash|Illusion|HyperVoice,ShadowBall,Protect,TeraBlast|||F|||50|,,,,,Fighting
|inactive|Battle timer is ON: inactive players will automatically lose when time's up. (requested by Elbovino)
|inactive|latios66 has 60 seconds left.
|
|t:|1756927572
|teamsize|p1|4
|teamsize|p2|4
|start
|switch|p1a: Typhlosion|Typhlosion-Hisui, L50, M|100/100
|switch|p1b: Toedscruel|Toedscruel, L50, M|100/100
|switch|p2a: Indeedee|Indeedee-F, L50, F|100/100
|switch|p2b: Gallade|Gallade, L50, M|100/100
|-fieldstart|move: Psychic Terrain|[from] ability: Psychic Surge|[of] p2a: Indeedee
|-enditem|p2a: Indeedee|Psychic Seed
|-boost|p2a: Indeedee|spd|1|[from] item: Psychic Seed
|turn|1
|
|t:|1756927585
|-terastallize|p1a: Typhlosion|Fire
|move|p2a: Indeedee|Follow Me|p2a: Indeedee
|-singleturn|p2a: Indeedee|move: Follow Me
|move|p1a: Typhlosion|Overheat|p2a: Indeedee
|-damage|p2a: Indeedee|36/100
|-unboost|p1a: Typhlosion|spa|2
|move|p1b: Toedscruel|Spore|p2a: Indeedee
|-status|p2a: Indeedee|slp|[from] move: Spore
|move|p2b: Gallade|Trick Room|p2b: Gallade
|-fieldstart|move: Trick Room|[of] p2b: Gallade
|
|upkeep
|turn|2
|inactive|Elbovino has 30 seconds left.
|
|t:|1756927612
|switch|p2a: Hatterene|Hatterene, L50, F|100/100
|-terastallize|p2b: Gallade|Grass
|move|p1b: Toedscruel|Rage Powder|p1b: Toedscruel
|-singleturn|p1b: Toedscruel|move: Rage Powder
|move|p2b: Gallade|Psycho Cut|p1b: Toedscruel
|-damage|p1b: Toedscruel|0 fnt
|faint|p1b: Toedscruel
|move|p1a: Typhlosion|Overheat|p2b: Gallade
|-supereffective|p2b: Gallade
|-damage|p2b: Gallade|14/100
|-unboost|p1a: Typhlosion|spa|2
|
|upkeep
|
|t:|1756927627
|switch|p1b: Kilowattrel|Kilowattrel, L50, M|100/100
|turn|3
|
|t:|1756927640
|move|p2a: Hatterene|Expanding Force|p1b: Kilowattrel|[spread] p1a,p1b
|-crit|p1a: Typhlosion
|-damage|p1a: Typhlosion|0 fnt
|-enditem|p1b: Kilowattrel|Focus Sash
|-damage|p1b: Kilowattrel|1/100
|faint|p1a: Typhlosion
|-damage|p2a: Hatterene|91/100|[from] item: Life Orb
|move|p2b: Gallade|Psycho Cut|p1b: Kilowattrel
|-crit|p1b: Kilowattrel
|-damage|p1b: Kilowattrel|0 fnt
|faint|p1b: Kilowattrel
|
|upkeep
|
|t:|1756927643
|switch|p1b: Tauros|Tauros-Paldea-Aqua, L50, M|100/100
|-ability|p1b: Tauros|Intimidate|boost
|-unboost|p2a: Hatterene|atk|1
|-fail|p2b: Gallade|unboost|[from] item: Clear Amulet|[of] p2b: Gallade
|turn|4
|
|t:|1756927655
|move|p1b: Tauros|Protect|p1b: Tauros
|-singleturn|p1b: Tauros|Protect
|move|p2a: Hatterene|Expanding Force|p1b: Tauros
|-activate|p1b: Tauros|move: Protect
|move|p2b: Gallade|Psycho Cut|p1b: Tauros
|-activate|p1b: Tauros|move: Protect
|
|upkeep
|turn|5
|
|t:|1756927659
|move|p1b: Tauros|Aqua Jet|p2b: Gallade
|-activate|p2b: Gallade|move: Psychic Terrain
|move|p2a: Hatterene|Expanding Force|p1b: Tauros
|-supereffective|p1b: Tauros
|-damage|p1b: Tauros|0 fnt
|faint|p1b: Tauros
|-damage|p2a: Hatterene|81/100|[from] item: Life Orb
|
|win|Elbovino
