|j|☆Timothim Chalombre
|j|☆lettitripppp
|html|Timothim Chalombrelettitripppp    
|uhtml|bestof|Game 2 of a best-of-3
|t:|1784496400
|gametype|doubles
|player|p1|Timothim Chalombre|caitlin|1167
|player|p2|lettitripppp|lucas|1301
|gen|9
|tier|[Gen 9 Champions] VGC 2026 Reg M-B (Bo3)
|rated|
|rule|Species Clause: Limit one of each Pokémon
|rule|Item Clause: Limit 1 of each item
|clearpoke
|poke|p1|Froslass, L50, F|
|poke|p1|Garchomp, L50, M|
|poke|p1|Tsareena, L50, F|
|poke|p1|Metagross, L50|
|poke|p1|Lycanroc-Dusk, L50, M|
|poke|p1|Whimsicott, L50, M|
|poke|p2|Charizard, L50, F, shiny|
|poke|p2|Basculegion, L50, M, shiny|
|poke|p2|Pelipper, L50, F|
|poke|p2|Venusaur, L50, M|
|poke|p2|Archaludon, L50, F|
|poke|p2|Grimmsnarl, L50, M, shiny|
|teampreview|4
|showteam|p1|Froslass||Froslassite|SnowCloak|IceBeam,ShadowBall,Blizzard,Protect|Modest||F|||50|]Garchomp||LifeOrb|RoughSkin|StompingTantrum,DragonClaw,RockSlide,Protect|Jolly||M|||50|]Tsareena||SitrusBerry|QueenlyMajesty|TropKick,LowKick,Taunt,Uturn|Adamant||F|||50|]Metagross||Metagrossite|ClearBody|IronHead,PsychicFangs,StompingTantrum,Protect|Adamant|||||50|]Lycanroc-Dusk||FocusSash|ToughClaws|RockSlide,CloseCombat,Accelerock,Protect|Adamant||M|||50|]Whimsicott||OccaBerry|Prankster|Moonblast,Tailwind,Encore,Protect|Timid||M|||50|
|showteam|p2|Charizard||CharizarditeY|Blaze|WeatherBall,SolarBeam,HeatWave,Protect|Modest||F|||50|]Basculegion||ChoiceScarf|Adaptability|LastRespects,WaveCrash,FlipTurn,AquaJet|Jolly||M|||50|]Pelipper||SitrusBerry|Drizzle|WeatherBall,WideGuard,Hurricane,Tailwind|Modest||F|||50|]Venusaur||FocusSash|Chlorophyll|SleepPowder,SludgeBomb,EarthPower,Protect|Modest||M|||50|]Archaludon||Leftovers|Stamina|FlashCannon,DragonPulse,ElectroShot,Protect|Calm||F|||50|]Grimmsnarl||LightClay|Prankster|PartingShot,LightScreen,SpiritBreak,Reflect|Relaxed||M|||50|
|inactive|Battle timer is ON: inactive players will automatically lose when time's up. (requested by lettitripppp)
|inactive|Timothim Chalombre has 60 seconds left.
|inactive|lettitripppp has 60 seconds left.
|inactive|Timothim Chalombre has 30 seconds left.
|inactive|Timothim Chalombre has 20 seconds left.
|
|t:|1784496474
|teamsize|p1|4
|teamsize|p2|4
|start
|switch|p1a: Metagross|Metagross, L50|100/100
|switch|p1b: Tsareena|Tsareena, L50, F|100/100
|switch|p2a: SOFT-SLEEP|Venusaur, L50, M|100/100
|switch|p2b: GO JOHAN|Grimmsnarl, L50, M, shiny|100/100
|turn|1
|
|t:|1784496493
|switch|p2b: AGNI|Charizard, L50, F, shiny|100/100
|detailschange|p1a: Metagross|Metagross-Mega, L50
|-mega|p1a: Metagross|Metagross|Metagrossite
|move|p1a: Metagross|Protect|p1a: Metagross
|-singleturn|p1a: Metagross|Protect
|move|p2a: SOFT-SLEEP|Protect|p2a: SOFT-SLEEP
|-singleturn|p2a: SOFT-SLEEP|Protect
|move|p1b: Tsareena|U-turn|p2b: AGNI
|-resisted|p2b: AGNI|2
|-damage|p2b: AGNI|94/100
|
|t:|1784496510
|switch|p1b: Whimsicott|Whimsicott, L50, M|100/100|[from] U-turn
|
|upkeep
|turn|2
|
|t:|1784496516
|switch|p1a: Garchomp|Garchomp, L50, M|100/100
|detailschange|p2b: AGNI|Charizard-Mega-Y, L50, F, shiny
|-mega|p2b: AGNI|Charizard|Charizardite Y
|-weather|SunnyDay|[from] ability: Drought|[of] p2b: AGNI
|move|p1b: Whimsicott|Encore|p2a: SOFT-SLEEP
|-start|p2a: SOFT-SLEEP|Encore
|move|p2a: SOFT-SLEEP|Protect||[still]
|-fail|p2a: SOFT-SLEEP
|move|p2b: AGNI|Heat Wave|p1b: Whimsicott|[spread] p1a
|-miss|p2b: AGNI|p1b: Whimsicott
|-resisted|p1a: Garchomp|1
|-damage|p1a: Garchomp|61/100
|
|-weather|SunnyDay|[upkeep]
|upkeep
|turn|3
|
|t:|1784496528
|switch|p2a: GHOSTWAVE|Basculegion, L50, M, shiny|100/100
|switch|p2b: GO JOHAN|Grimmsnarl, L50, M, shiny|100/100
|move|p1b: Whimsicott|Tailwind|p1b: Whimsicott
|-sidestart|p1: Timothim Chalombre|move: Tailwind
|move|p1a: Garchomp|Stomping Tantrum|p2a: GHOSTWAVE
|-damage|p2a: GHOSTWAVE|31/100
|-damage|p1a: Garchomp|51/100|[from] item: Life Orb
|
|-weather|SunnyDay|[upkeep]
|upkeep
|turn|4
|inactive|Timothim Chalombre has 30 seconds left.
|inactive|Timothim Chalombre has 20 seconds left.
|inactive|Timothim Chalombre has 15 seconds left.
|
|t:|1784496571
|move|p2b: GO JOHAN|Parting Shot|p1a: Garchomp
|-unboost|p1a: Garchomp|atk|1
|-unboost|p1a: Garchomp|spa|1
|
|t:|1784496577
|switch|p2b: AGNI|Charizard-Mega-Y, L50, F, shiny|94/100|[from] Parting Shot
|move|p1b: Whimsicott|Moonblast|p2b: AGNI
|-resisted|p2b: AGNI|1
|-damage|p2b: AGNI|81/100
|move|p1a: Garchomp|Stomping Tantrum|p2a: GHOSTWAVE
|-damage|p2a: GHOSTWAVE|0 fnt
|faint|p2a: GHOSTWAVE
|-damage|p1a: Garchomp|42/100|[from] item: Life Orb
|
|-weather|SunnyDay|[upkeep]
|upkeep
|
|t:|1784496587
|switch|p2a: GO JOHAN|Grimmsnarl, L50, M, shiny|100/100
|turn|5
|
|t:|1784496595
|move|p2a: GO JOHAN|Reflect|p2a: GO JOHAN
|-sidestart|p2: lettitripppp|Reflect
|move|p1b: Whimsicott|Moonblast|p2a: GO JOHAN
|-supereffective|p2a: GO JOHAN|1
|-damage|p2a: GO JOHAN|45/100
|move|p1a: Garchomp|Stomping Tantrum|p2a: GO JOHAN
|-damage|p2a: GO JOHAN|25/100
|-damage|p1a: Garchomp|32/100|[from] item: Life Orb
|move|p2b: AGNI|Heat Wave|p1b: Whimsicott|[spread] p1a,p1b
|-resisted|p1a: Garchomp|1
|-supereffective|p1b: Whimsicott|1
|-enditem|p1b: Whimsicott|Occa Berry|[eat]
|-enditem|p1b: Whimsicott|Occa Berry|[weaken]
|-damage|p1a: Garchomp|0 fnt
|-damage|p1b: Whimsicott|5/100
|faint|p1a: Garchomp
|
|-weather|SunnyDay|[upkeep]
|upkeep
|
|t:|1784496600
|switch|p1a: Metagross|Metagross-Mega, L50|100/100
|turn|6
|
|t:|1784496613
|move|p2a: GO JOHAN|Parting Shot|p1a: Metagross
|-unboost|p1a: Metagross|atk|1
|-unboost|p1a: Metagross|spa|1
|
|t:|1784496616
|switch|p2a: SOFT-SLEEP|Venusaur, L50, M|100/100|[from] Parting Shot
|move|p1b: Whimsicott|Moonblast|p2a: SOFT-SLEEP
|-resisted|p2a: SOFT-SLEEP|1
|-damage|p2a: SOFT-SLEEP|84/100
|move|p1a: Metagross|Psychic Fangs|p2b: AGNI
|-sideend|p2: lettitripppp|Reflect
|-damage|p2b: AGNI|35/100
|move|p2b: AGNI|Heat Wave|p1b: Whimsicott|[spread] p1a,p1b
|-supereffective|p1a: Metagross|1
|-supereffective|p1b: Whimsicott|1
|-damage|p1a: Metagross|0 fnt
|-damage|p1b: Whimsicott|0 fnt
|faint|p1a: Metagross
|faint|p1b: Whimsicott
|
|-weather|none
|-sideend|p1: Timothim Chalombre|move: Tailwind
|upkeep
|-message|Timothim Chalombre forfeited.
|
|win|lettitripppp
|raw|Timothim Chalombre's rating: 1167 → 1151(-16 for losing)
|raw|lettitripppp's rating: 1301 → 1314(+13 for winning)
|l|☆Timothim Chalombre
|player|p1|
