|j|☆akahyden
|j|☆Tedi2002
|html|akahydenTedi2002    
|uhtml|bestof|Game 2 of a best-of-3
|t:|1785513734
|gametype|doubles
|player|p1|akahyden|unknownf|1322
|player|p2|Tedi2002|red|1343
|gen|9
|tier|[Gen 9 Champions] VGC 2026 Reg M-B (Bo3)
|rated|
|rule|Species Clause: Limit one of each Pokémon
|rule|Item Clause: Limit 1 of each item
|clearpoke
|poke|p1|Staraptor, L50, M|
|poke|p1|Milotic, L50, F|
|poke|p1|Tyranitar, L50, M|
|poke|p1|Gholdengo, L50|
|poke|p1|Excadrill, L50, M|
|poke|p1|Sinistcha, L50|
|poke|p2|Raichu, L50, M|
|poke|p2|Blaziken, L50, M|
|poke|p2|Ninetales-Alola, L50, F|
|poke|p2|Incineroar, L50, M|
|poke|p2|Basculegion, L50, M|
|poke|p2|Kingambit, L50, M|
|teampreview|4
|showteam|p1|Staraptor||Staraptite|Intimidate|BraveBird,CloseCombat,Tailwind,Protect|Jolly||M|||50|]Milotic||SitrusBerry|Competitive|Scald,IceBeam,IcyWind,Recover|Modest||F|||50|]Tyranitar||Tyranitarite|SandStream|RockSlide,KnockOff,LowKick,Protect|Adamant||M|||50|]Gholdengo||LifeOrb|GoodasGold|ShadowBall,MakeItRain,NastyPlot,Protect|Modest|||||50|]Excadrill||FocusSash|SandRush|HighHorsepower,IronHead,RockSlide,Protect|Adamant||M|||50|]Sinistcha||ColburBerry|Hospitality|MatchaGotcha,RagePowder,TrickRoom,Protect|Bold|||||50|
|showteam|p2|Raichu||RaichuniteY|LightningRod|ZapCannon,FocusBlast,FakeOut,Protect|Timid||M|||50|]Blaziken||Blazikenite|SpeedBoost|FlareBlitz,CloseCombat,RockSlide,Detect|Adamant||M|||50|]Ninetales-Alola||NeverMeltIce|SnowWarning|Blizzard,FreezeDry,AuroraVeil,Protect|Timid||F|||50|]Incineroar||ChopleBerry|Intimidate|DarkestLariat,FlareBlitz,FakeOut,PartingShot|Adamant||M|||50|]Basculegion||ChoiceScarf|SwiftSwim|WaveCrash,FlipTurn,AquaJet,LastRespects|Jolly||M|||50|]Kingambit||LifeOrb|Defiant|KowtowCleave,SuckerPunch,IronHead,Protect|Adamant||M|||50|
|inactive|Battle timer is ON: inactive players will automatically lose when time's up. (requested by Tedi2002)
|
|t:|1785513773
|teamsize|p1|4
|teamsize|p2|4
|start
|switch|p1a: Milotic|Milotic, L50, F|100/100
|switch|p1b: Excadrill|Excadrill, L50, M|100/100
|switch|p2a: Raichu|Raichu, L50, M|100/100
|switch|p2b: Basculegion|Basculegion, L50, M|100/100
|turn|1
|
|t:|1785513797
|detailschange|p2a: Raichu|Raichu-Mega-Y, L50, M
|-mega|p2a: Raichu|Raichu|Raichunite Y
|move|p1b: Excadrill|Protect|p1b: Excadrill
|-singleturn|p1b: Excadrill|Protect
|move|p2a: Raichu|Fake Out|p1b: Excadrill
|-activate|p1b: Excadrill|move: Protect
|move|p2b: Basculegion|Flip Turn|p1a: Milotic
|-resisted|p1a: Milotic|1
|-damage|p1a: Milotic|88/100
|
|t:|1785513813
|switch|p2b: Incineroar|Incineroar, L50, M|100/100|[from] Flip Turn
|-ability|p2b: Incineroar|Intimidate|boost
|-unboost|p1a: Milotic|atk|1
|-ability|p1a: Milotic|Competitive|boost
|-boost|p1a: Milotic|spa|2
|-unboost|p1b: Excadrill|atk|1
|move|p1a: Milotic|Icy Wind|p2a: Raichu|[spread] p2a,p2b
|-resisted|p2b: Incineroar|1
|-damage|p2a: Raichu|66/100
|-damage|p2b: Incineroar|90/100
|-unboost|p2a: Raichu|spe|1
|-unboost|p2b: Incineroar|spe|1
|
|upkeep
|turn|2
|
|t:|1785513827
|switch|p1b: Tyranitar|Tyranitar, L50, M|100/100
|-weather|Sandstorm|[from] ability: Sand Stream|[of] p1b: Tyranitar
|switch|p2a: Basculegion|Basculegion, L50, M|100/100
|move|p1a: Milotic|Scald|p2b: Incineroar
|-supereffective|p2b: Incineroar|1
|-damage|p2b: Incineroar|0 fnt
|faint|p2b: Incineroar
|
|-weather|Sandstorm|[upkeep]
|-damage|p2a: Basculegion|93/100|[from] Sandstorm
|-damage|p1a: Milotic|82/100|[from] Sandstorm
|upkeep
|
|t:|1785513837
|switch|p2b: Raichu|Raichu-Mega-Y, L50, M|66/100
|turn|3
|
|t:|1785513861
|switch|p1b: Staraptor|Staraptor, L50, M|100/100
|-ability|p1b: Staraptor|Intimidate|boost
|-unboost|p2a: Basculegion|atk|1
|-unboost|p2b: Raichu|atk|1
|move|p2b: Raichu|Fake Out|p1a: Milotic
|-damage|p1a: Milotic|76/100
|move|p2a: Basculegion|Wave Crash|p1a: Milotic
|-resisted|p1a: Milotic|1
|-damage|p1a: Milotic|59/100
|-damage|p2a: Basculegion|88/100|[from] Recoil
|cant|p1a: Milotic|flinch
|
|-weather|Sandstorm|[upkeep]
|-damage|p2a: Basculegion|82/100|[from] Sandstorm
|-damage|p2b: Raichu|60/100|[from] Sandstorm
|-damage|p1b: Staraptor|93/100|[from] Sandstorm
|-damage|p1a: Milotic|53/100|[from] Sandstorm
|upkeep
|turn|4
|
|t:|1785513875
|switch|p2a: Ninetales|Ninetales-Alola, L50, F|100/100
|-weather|Snowscape|[from] ability: Snow Warning|[of] p2a: Ninetales
|move|p2b: Raichu|Zap Cannon|p1a: Milotic
|-supereffective|p1a: Milotic|1
|-damage|p1a: Milotic|0 fnt
|faint|p1a: Milotic
|move|p1b: Staraptor|Tailwind|p1b: Staraptor
|-sidestart|p1: akahyden|move: Tailwind
|
|-weather|Snowscape|[upkeep]
|upkeep
|
|t:|1785513891
|switch|p1a: Excadrill|Excadrill, L50, M|100/100
|turn|5
|
|t:|1785513895
|switch|p2b: Basculegion|Basculegion, L50, M|82/100
|detailschange|p1b: Staraptor|Staraptor-Mega, L50, M
|-mega|p1b: Staraptor|Staraptor|Staraptite
|move|p2a: Ninetales|Protect|p2a: Ninetales
|-singleturn|p2a: Ninetales|Protect
|move|p1b: Staraptor|Close Combat|p2b: Basculegion
|-immune|p2b: Basculegion
|move|p1a: Excadrill|Iron Head|p2a: Ninetales
|-activate|p2a: Ninetales|move: Protect
|
|-weather|Snowscape|[upkeep]
|upkeep
|turn|6
|
|t:|1785513913
|switch|p2a: Raichu|Raichu-Mega-Y, L50, M|60/100
|move|p1b: Staraptor|Close Combat|p2a: Raichu
|-damage|p2a: Raichu|0 fnt
|-boost|p1b: Staraptor|def|1
|-boost|p1b: Staraptor|spd|1
|faint|p2a: Raichu
|move|p1a: Excadrill|Rock Slide|p2b: Basculegion
|-damage|p2b: Basculegion|42/100
|move|p2b: Basculegion|Flip Turn|p1a: Excadrill
|-supereffective|p1a: Excadrill|1
|-damage|p1a: Excadrill|14/100
|
|t:|1785513918
|switch|p2b: Ninetales|Ninetales-Alola, L50, F|100/100|[from] Flip Turn
|
|-weather|Snowscape|[upkeep]
|upkeep
|
|t:|1785513921
|switch|p2a: Basculegion|Basculegion, L50, M|42/100
|turn|7
|
|t:|1785513930
|move|p1a: Excadrill|Protect|p1a: Excadrill
|-singleturn|p1a: Excadrill|Protect
|move|p2a: Basculegion|Aqua Jet|p1a: Excadrill
|-activate|p1a: Excadrill|move: Protect
|move|p1b: Staraptor|Brave Bird|p2a: Basculegion
|-damage|p2a: Basculegion|0 fnt
|faint|p2a: Basculegion
|-damage|p1b: Staraptor|78/100|[from] Recoil
|move|p2b: Ninetales|Freeze-Dry|p1b: Staraptor
|-supereffective|p1b: Staraptor|1
|-damage|p1b: Staraptor|31/100
|
|-weather|Snowscape|[upkeep]
|-sideend|p1: akahyden|move: Tailwind
|upkeep
|turn|8
|
|t:|1785513936
|switch|p1b: Tyranitar|Tyranitar, L50, M|100/100
|-weather|Sandstorm|[from] ability: Sand Stream|[of] p1b: Tyranitar
|move|p1a: Excadrill|Iron Head|p2b: Ninetales
|-supereffective|p2b: Ninetales|2
|-damage|p2b: Ninetales|0 fnt
|faint|p2b: Ninetales
|
|win|akahyden
|raw|akahyden's rating: 1322 → 1343(+21 for winning)
|raw|Tedi2002's rating: 1343 → 1322(-21 for losing)
|l|☆Tedi2002
|player|p2|
