|j|☆Arkoos2011
|j|☆vmnine
|html|Arkoos2011vmnine    
|uhtml|bestof|Game 1 of a best-of-3
|t:|1784876305
|gametype|doubles
|player|p1|Arkoos2011|266|1098
|player|p2|vmnine|hugh|1000
|gen|9
|tier|[Gen 9 Champions] VGC 2026 Reg M-B (Bo3)
|rated|
|rule|Species Clause: Limit one of each Pokémon
|rule|Item Clause: Limit 1 of each item
|clearpoke
|poke|p1|Floette-Eternal, L50, F|
|poke|p1|Sneasler, L50, M|
|poke|p1|Incineroar, L50, F|
|poke|p1|Raichu, L50, F|
|poke|p1|Sinistcha, L50|
|poke|p1|Talonflame, L50, M|
|poke|p2|Tsareena, L50, F|
|poke|p2|Garchomp, L50, M|
|poke|p2|Gardevoir, L50, M|
|poke|p2|Maushold, L50|
|poke|p2|Charizard, L50, M|
|poke|p2|Aerodactyl, L50, M|
|teampreview|4
|showteam|p1|Floette-Eternal||Floettite|FlowerVeil|DazzlingGleam,CalmMind,Protect,DrainingKiss|Modest||F|||50|]Sneasler||FocusSash|Unburden|CloseCombat,RockSlide,FakeOut,DireClaw|Adamant||M|||50|]Incineroar||SitrusBerry|Intimidate|FlareBlitz,DarkestLariat,FakeOut,HelpingHand|Adamant||F|||50|]Raichu||RaichuniteY|LightningRod|ZapCannon,FakeOut,Protect,FocusBlast|Timid||F|||50|]Sinistcha||OccaBerry|Hospitality|MatchaGotcha,ShadowBall,StrengthSap,RagePowder|Modest|||||50|]Talonflame||SharpBeak|GaleWings|DualWingbeat,Tailwind,Taunt,WillOWisp|Jolly||M|||50|
|showteam|p2|Tsareena||WideLens|QueenlyMajesty|TropKick,HighJumpKick,TripleAxel,Protect|Adamant||F|||50|]Garchomp||SitrusBerry|RoughSkin|RockSlide,DragonClaw,Earthquake,Protect|Jolly||M|||50|]Gardevoir||Gardevoirite|Synchronize|HyperVoice,Psyshock,ShadowBall,Protect|Timid||M|||50|]Maushold||LumBerry|FriendGuard|SuperFang,Taunt,FollowMe,Protect|Jolly|||||50|]Charizard||CharizarditeY|Blaze|HeatWave,SolarBeam,WeatherBall,Protect|Timid||M|||50|]Aerodactyl||FocusSash|Unnerve|DualWingbeat,RockSlide,Tailwind,WideGuard|Adamant||M|||50|
|inactive|Battle timer is ON: inactive players will automatically lose when time's up. (requested by Arkoos2011)
|
|t:|1784876357
|teamsize|p1|4
|teamsize|p2|4
|start
|switch|p1a: Floette|Floette-Eternal, L50, F|100/100
|switch|p1b: Monarch wings|Talonflame, L50, M|100/100
|switch|p2a: Tsareena|Tsareena, L50, F|100/100
|switch|p2b: Aerodactyl|Aerodactyl, L50, M|100/100
|-ability|p2b: Aerodactyl|Unnerve
|turn|1
|inactive|vmnine has 30 seconds left.
|
|t:|1784876382
|detailschange|p1a: Floette|Floette-Mega, L50, F
|-mega|p1a: Floette|Floette|Floettite
|-ability|p1a: Floette|Fairy Aura
|move|p1b: Monarch wings|Will-O-Wisp|p2a: Tsareena
|-status|p2a: Tsareena|brn
|move|p2b: Aerodactyl|Tailwind|p2b: Aerodactyl
|-sidestart|p2: vmnine|move: Tailwind
|move|p2a: Tsareena|Triple Axel|p1a: Floette
|-damage|p1a: Floette|97/100
|-damage|p1a: Floette|91/100
|-damage|p1a: Floette|81/100
|-hitcount|p1a: Floette|3
|move|p1a: Floette|Calm Mind|p1a: Floette
|-boost|p1a: Floette|spa|1
|-boost|p1a: Floette|spd|1
|
|-damage|p2a: Tsareena|93/100 brn|[from] brn
|upkeep
|turn|2
|inactive|vmnine has 30 seconds left.
|
|t:|1784876411
|move|p1b: Monarch wings|Tailwind|p1b: Monarch wings
|-sidestart|p1: Arkoos2011|move: Tailwind
|move|p2b: Aerodactyl|Rock Slide|p1a: Floette|[spread] p1a,p1b
|-supereffective|p1b: Monarch wings|2
|-damage|p1a: Floette|58/100
|-damage|p1b: Monarch wings|0 fnt
|faint|p1b: Monarch wings
|cant|p1a: Floette|flinch
|move|p2a: Tsareena|Trop Kick|p1a: Floette
|-damage|p1a: Floette|38/100
|-unboost|p1a: Floette|atk|1
|
|-damage|p2a: Tsareena|87/100 brn|[from] brn
|upkeep
|
|t:|1784876421
|switch|p1b: Silk strong|Incineroar, L50, F|100/100
|-ability|p1b: Silk strong|Intimidate|boost
|-unboost|p2a: Tsareena|atk|1
|-unboost|p2b: Aerodactyl|atk|1
|turn|3
|
|t:|1784876438
|move|p1b: Silk strong|Helping Hand|p1a: Floette
|-singleturn|p1a: Floette|Helping Hand|[of] p1b: Silk strong
|move|p2b: Aerodactyl|Rock Slide|p1a: Floette|[spread] p1a,p1b
|-supereffective|p1b: Silk strong|1
|-damage|p1a: Floette|23/100
|-damage|p1b: Silk strong|64/100
|cant|p1a: Floette|flinch
|move|p2a: Tsareena|High Jump Kick|p1b: Silk strong
|-supereffective|p1b: Silk strong|1
|-damage|p1b: Silk strong|34/100
|
|-damage|p2a: Tsareena|81/100 brn|[from] brn
|upkeep
|turn|4
|inactive|vmnine has 30 seconds left.
|
|t:|1784876464
|move|p1b: Silk strong|Helping Hand|p1a: Floette
|-singleturn|p1a: Floette|Helping Hand|[of] p1b: Silk strong
|move|p2b: Aerodactyl|Rock Slide|p1b: Silk strong|[spread] p1a,p1b
|-supereffective|p1b: Silk strong|1
|-damage|p1a: Floette|6/100
|-damage|p1b: Silk strong|0 fnt
|faint|p1b: Silk strong
|move|p1a: Floette|Dazzling Gleam|p2b: Aerodactyl|[spread] p2a,p2b
|-crit|p2a: Tsareena
|-damage|p2a: Tsareena|0 fnt
|-enditem|p2b: Aerodactyl|Focus Sash
|-damage|p2b: Aerodactyl|1/100
|faint|p2a: Tsareena
|
|-sideend|p2: vmnine|move: Tailwind
|upkeep
|
|t:|1784876480
|switch|p2a: Garchomp|Garchomp, L50, M|100/100
|switch|p1b: Raichu|Raichu, L50, F|100/100
|turn|5
|
|t:|1784876501
|move|p1b: Raichu|Fake Out|p2b: Aerodactyl
|-resisted|p2b: Aerodactyl|1
|-damage|p2b: Aerodactyl|0 fnt
|faint|p2b: Aerodactyl
|move|p1a: Floette|Draining Kiss|p2a: Garchomp
|-supereffective|p2a: Garchomp|1
|-damage|p2a: Garchomp|0 fnt
|-heal|p1a: Floette|82/100|[from] drain|[of] p2a: Garchomp
|-damage|p1a: Floette|70/100|[from] ability: Rough Skin|[of] p2a: Garchomp
|faint|p2a: Garchomp
|
|-sideend|p1: Arkoos2011|move: Tailwind
|upkeep
|
|t:|1784876515
|switch|p2b: Gardevoir|Gardevoir, L50, M|100/100
|turn|6
|
|t:|1784876524
|detailschange|p2b: Gardevoir|Gardevoir-Mega, L50, M
|-mega|p2b: Gardevoir|Gardevoir|Gardevoirite
|move|p1b: Raichu|Zap Cannon|p2b: Gardevoir|[miss]
|-miss|p1b: Raichu|p2b: Gardevoir
|move|p2b: Gardevoir|Hyper Voice|p1a: Floette|[spread] p1a,p1b
|-damage|p1a: Floette|35/100
|-damage|p1b: Raichu|1/100
|move|p1a: Floette|Dazzling Gleam|p2b: Gardevoir
|-damage|p2b: Gardevoir|14/100
|
|upkeep
|turn|7
|
|t:|1784876540
|move|p1b: Raichu|Zap Cannon|p2b: Gardevoir
|-damage|p2b: Gardevoir|0 fnt
|faint|p2b: Gardevoir
|
|win|Arkoos2011
|inactive|Arkoos2011 has 30 seconds to confirm battle start!
|inactive|vmnine has 30 seconds to confirm battle start!
