|j|☆Mr James Freak
|j|☆megaurshifuplease
|html|Mr James Freakmegaurshifuplease    
|uhtml|bestof|Game 1 of a best-of-3
|t:|1783294382
|gametype|doubles
|player|p1|Mr James Freak|scientist|1265
|player|p2|megaurshifuplease|red|1206
|gen|9
|tier|[Gen 9 Champions] VGC 2026 Reg M-B (Bo3)
|rated|
|rule|Species Clause: Limit one of each Pokémon
|rule|Item Clause: Limit 1 of each item
|clearpoke
|poke|p1|Delphox, L50, M, shiny|
|poke|p1|Sinistcha-Masterpiece, L50, shiny|
|poke|p1|Kingambit, L50, F, shiny|
|poke|p1|Ninetales-Alola, L50, F, shiny|
|poke|p1|Sneasler, L50, M, shiny|
|poke|p1|Incineroar, L50, M, shiny|
|poke|p2|Mawile, L50, F|
|poke|p2|Sinistcha-Masterpiece, L50|
|poke|p2|Incineroar, L50, F|
|poke|p2|Grimmsnarl, L50, M|
|poke|p2|Garchomp, L50, M|
|poke|p2|Annihilape, L50, F|
|teampreview|4
|showteam|p1|Delphox||Delphoxite|Blaze|HeatWave,Psyshock,NastyPlot,Protect|Timid||M|||50|]Sinistcha-Masterpiece||SitrusBerry|Hospitality|MatchaGotcha,RagePowder,TrickRoom,Protect|Bold|||||50|]Kingambit||ChopleBerry|Defiant|KowtowCleave,SuckerPunch,LowKick,Protect|Adamant||F|||50|]Ninetales-Alola||FocusSash|SnowWarning|Blizzard,FreezeDry,Encore,Protect|Timid||F|||50|]Sneasler||WhiteHerb|Unburden|CloseCombat,DireClaw,FakeOut,QuickGuard|Jolly||M|||50|]Incineroar||PasshoBerry|Intimidate|FakeOut,PartingShot,FlareBlitz,DarkestLariat|Adamant||M|||50|
|showteam|p2|Mawile||Mawilite|HyperCutter|PlayRough,SuckerPunch,SwordsDance,Protect|Adamant||F|||50|]Sinistcha-Masterpiece||KasibBerry|Hospitality|LifeDew,TrickRoom,RagePowder,MatchaGotcha|Relaxed|||||50|]Incineroar||PasshoBerry|Intimidate|FakeOut,ThroatChop,FlareBlitz,PartingShot|Adamant||F|||50|]Grimmsnarl||LightClay|Prankster|PartingShot,Reflect,LightScreen,SpiritBreak|Impish||M|||50|]Garchomp||ChoiceScarf|SandVeil|Earthquake,DragonClaw,RockTomb,StompingTantrum|Adamant||M|||50|]Annihilape||SitrusBerry|Defiant|RageFist,DrainPunch,BulkUp,Protect|Adamant||F|||50|
|inactive|Battle timer is ON: inactive players will automatically lose when time's up. (requested by megaurshifuplease)
|inactive|Mr James Freak has 60 seconds left.
|inactive|megaurshifuplease has 60 seconds left.
|
|t:|1783294437
|teamsize|p1|4
|teamsize|p2|4
|start
|switch|p1a: Delphox|Delphox, L50, M, shiny|100/100
|switch|p1b: Sinistcha|Sinistcha-Masterpiece, L50, shiny|100/100
|switch|p2a: Annihilape|Annihilape, L50, F|100/100
|switch|p2b: Grimmsnarl|Grimmsnarl, L50, M|100/100
|turn|1
|inactive|megaurshifuplease has 30 seconds left.
|
|t:|1783294462
|switch|p1b: Ninetales|Ninetales-Alola, L50, F, shiny|100/100
|-weather|Snowscape|[from] ability: Snow Warning|[of] p1b: Ninetales
|detailschange|p1a: Delphox|Delphox-Mega, L50, M, shiny
|-mega|p1a: Delphox|Delphox|Delphoxite
|move|p2b: Grimmsnarl|Light Screen|p2b: Grimmsnarl
|-sidestart|p2: megaurshifuplease|move: Light Screen
|move|p1a: Delphox|Nasty Plot|p1a: Delphox
|-boost|p1a: Delphox|spa|2
|move|p2a: Annihilape|Bulk Up|p2a: Annihilape
|-boost|p2a: Annihilape|atk|1
|-boost|p2a: Annihilape|def|1
|
|-weather|Snowscape|[upkeep]
|upkeep
|turn|2
|
|t:|1783294482
|move|p2a: Annihilape|Protect|p2a: Annihilape
|-singleturn|p2a: Annihilape|Protect
|move|p2b: Grimmsnarl|Parting Shot|p1a: Delphox
|-unboost|p1a: Delphox|atk|1
|-unboost|p1a: Delphox|spa|1
|
|t:|1783294494
|switch|p2b: Incineroar|Incineroar, L50, F|100/100|[from] Parting Shot
|-ability|p2b: Incineroar|Intimidate|boost
|-unboost|p1a: Delphox|atk|1
|-unboost|p1b: Ninetales|atk|1
|move|p1a: Delphox|Heat Wave|p2b: Incineroar|[spread] 
|-activate|p2a: Annihilape|move: Protect
|-miss|p1a: Delphox|p2b: Incineroar
|move|p1b: Ninetales|Encore|p2a: Annihilape
|-activate|p2a: Annihilape|move: Protect
|
|-weather|Snowscape|[upkeep]
|upkeep
|turn|3
|
|t:|1783294515
|move|p2b: Incineroar|Fake Out|p1b: Ninetales
|-damage|p1b: Ninetales|87/100
|move|p1a: Delphox|Heat Wave|p2a: Annihilape|[spread] p2a,p2b
|-resisted|p2b: Incineroar|1
|-crit|p2b: Incineroar
|-damage|p2a: Annihilape|60/100
|-damage|p2b: Incineroar|66/100
|cant|p1b: Ninetales|flinch
|move|p2a: Annihilape|Rage Fist|p1a: Delphox
|-supereffective|p1a: Delphox|1
|-crit|p1a: Delphox
|-damage|p1a: Delphox|0 fnt
|faint|p1a: Delphox
|
|-weather|Snowscape|[upkeep]
|upkeep
|
|t:|1783294525
|switch|p1a: Sneasler|Sneasler, L50, M, shiny|100/100
|turn|4
|
|t:|1783294543
|switch|p2b: Grimmsnarl|Grimmsnarl, L50, M|100/100
|move|p1a: Sneasler|Close Combat|p2b: Grimmsnarl
|-damage|p2b: Grimmsnarl|40/100
|-unboost|p1a: Sneasler|def|1
|-unboost|p1a: Sneasler|spd|1
|-enditem|p1a: Sneasler|White Herb
|-clearnegativeboost|p1a: Sneasler|[silent]
|move|p1b: Ninetales|Blizzard|p2a: Annihilape|[spread] p2a,p2b
|-damage|p2a: Annihilape|41/100
|-damage|p2b: Grimmsnarl|20/100y
|-enditem|p2a: Annihilape|Sitrus Berry|[eat]
|-heal|p2a: Annihilape|66/100|[from] item: Sitrus Berry
|move|p2a: Annihilape|Rage Fist|p1a: Sneasler
|-damage|p1a: Sneasler|0 fnt
|faint|p1a: Sneasler
|
|-weather|Snowscape|[upkeep]
|upkeep
|
|t:|1783294559
|switch|p1a: Sinistcha|Sinistcha-Masterpiece, L50, shiny|100/100
|-heal|p1b: Ninetales|100/100|[from] ability: Hospitality|[of] p1a: Sinistcha
|turn|5
|
|t:|1783294577
|move|p1a: Sinistcha|Protect|p1a: Sinistcha
|-singleturn|p1a: Sinistcha|Protect
|move|p2b: Grimmsnarl|Parting Shot|p1b: Ninetales
|-unboost|p1b: Ninetales|atk|1
|-unboost|p1b: Ninetales|spa|1
|
|t:|1783294583
|switch|p2b: Mawile|Mawile, L50, F|100/100|[from] Parting Shot
|move|p1b: Ninetales|Blizzard|p2a: Annihilape|[spread] p2a,p2b
|-resisted|p2b: Mawile|1
|-damage|p2a: Annihilape|54/100
|-damage|p2b: Mawile|89/100
|move|p2a: Annihilape|Rage Fist|p1a: Sinistcha
|-activate|p1a: Sinistcha|move: Protect
|
|-weather|none
|upkeep
|turn|6
|
|t:|1783294607
|detailschange|p2b: Mawile|Mawile-Mega, L50, F
|-mega|p2b: Mawile|Mawile|Mawilite
|move|p1b: Ninetales|Blizzard|p2a: Annihilape|[spread] 
|-miss|p1b: Ninetales|p2a: Annihilape
|-miss|p1b: Ninetales|p2b: Mawile
|move|p2a: Annihilape|Rage Fist|p1a: Sinistcha
|-supereffective|p1a: Sinistcha|1
|-damage|p1a: Sinistcha|0 fnt
|faint|p1a: Sinistcha
|move|p2b: Mawile|Play Rough|p1b: Ninetales
|-enditem|p1b: Ninetales|Focus Sash
|-damage|p1b: Ninetales|1/100
|
|upkeep
|turn|7
|
|t:|1783294622
|move|p2b: Mawile|Sucker Punch|p1b: Ninetales
|-resisted|p1b: Ninetales|1
|-damage|p1b: Ninetales|0 fnt
|faint|p1b: Ninetales
|
|win|megaurshifuplease
||Mr James Freak is ready for game 2.
