|j|☆Maskwolf
|j|☆Saga_57
|html|MaskwolfSaga_57    
|uhtml|bestof|Game 3 of a best-of-3
|t:|1786071157
|gametype|doubles
|player|p1|Maskwolf|169|
|player|p2|Saga_57|iono-masters|
|gen|9
|tier|[Gen 9 Champions] VGC 2026 Reg M-B (Bo3)
|rule|Species Clause: Limit one of each Pokémon
|rule|Item Clause: Limit 1 of each item
|clearpoke
|poke|p1|Venusaur, L50, M|
|poke|p1|Charizard, L50, M|
|poke|p1|Grimmsnarl, L50, M|
|poke|p1|Archaludon, L50, F|
|poke|p1|Basculegion, L50, M|
|poke|p1|Pelipper, L50, F|
|poke|p2|Ampharos, L50, F|
|poke|p2|Runerigus, L50, M|
|poke|p2|Pelipper, L50, M|
|poke|p2|Araquanid, L50, F|
|poke|p2|Hydreigon, L50, M|
|poke|p2|Metagross, L50|
|teampreview|4
|showteam|p1|Venusaur||FocusSash|Chlorophyll|SludgeBomb,EarthPower,SleepPowder,Protect|Modest||M|||50|]Charizard||CharizarditeY|Blaze|Protect,HeatWave,SolarBeam,WeatherBall|Modest||M|||50|]Grimmsnarl||LightClay|Prankster|SpiritBreak,LightScreen,Reflect,PartingShot|Sassy||M|||50|]Archaludon||Leftovers|Stamina|ElectroShot,DragonPulse,FlashCannon,Protect|Calm||F|||50|]Basculegion||ChoiceScarf|Adaptability|WaveCrash,LastRespects,AquaJet,FlipTurn|Jolly||M|||50|]Pelipper||SitrusBerry|Drizzle|Hurricane,WeatherBall,Tailwind,WideGuard|Modest||F|||50|
|showteam|p2|Ampharos||Ampharosite|Static|Thunderbolt,DragonPulse,ParabolicCharge,Protect|Quiet||F|||50|]Runerigus||PasshoBerry|WanderingSpirit|BodyPress,FakeTears,AllySwitch,TrickRoom|Relaxed||M|||50|]Pelipper||FocusSash|Drizzle|Hurricane,WeatherBall,Tailwind,Protect|Modest||M|||50|]Araquanid||SitrusBerry|WaterBubble|Liquidation,Soak,WideGuard,Protect|Brave||F|||50|]Hydreigon||ChoiceScarf|Levitate|DarkPulse,DracoMeteor,Flamethrower,Snarl|Modest||M|||50|]Metagross||Metagrossite|ClearBody|IronHead,BodyPress,BulletPunch,Protect|Jolly|||||50|
|inactive|Battle timer is ON: inactive players will automatically lose when time's up. (requested by Saga_57)
|
|t:|1786071245
|teamsize|p1|4
|teamsize|p2|4
|start
|switch|p1a: Grimmsnarl|Grimmsnarl, L50, M|100/100
|switch|p1b: Venusaur|Venusaur, L50, M|100/100
|switch|p2a: Hydreigon|Hydreigon, L50, M|100/100
|switch|p2b: Pelipper|Pelipper, L50, M|100/100
|-weather|RainDance|[from] ability: Drizzle|[of] p2b: Pelipper
|turn|1
|inactive|Saga_57 has 30 seconds left.
|inactive|Saga_57 has 20 seconds left.
|inactive|Saga_57 has 15 seconds left.
|inactive|Saga_57 has 10 seconds left.
|
|t:|1786071293
|switch|p2a: Araquanid|Araquanid, L50, F|100/100
|move|p2b: Pelipper|Protect|p2b: Pelipper
|-singleturn|p2b: Pelipper|Protect
|move|p1b: Venusaur|Sleep Powder|p2b: Pelipper
|-activate|p2b: Pelipper|move: Protect
|move|p1a: Grimmsnarl|Spirit Break|p2a: Araquanid
|-damage|p2a: Araquanid|67/100
|-unboost|p2a: Araquanid|spa|1
|
|-weather|RainDance|[upkeep]
|upkeep
|turn|2
|inactive|Saga_57 has 30 seconds left.
|
|t:|1786071319
|switch|p2b: Hydreigon|Hydreigon, L50, M|100/100
|move|p1b: Venusaur|Sleep Powder|p2b: Hydreigon
|-status|p2b: Hydreigon|slp|[from] move: Sleep Powder
|move|p1a: Grimmsnarl|Spirit Break|p2a: Araquanid
|-damage|p2a: Araquanid|31/100
|-unboost|p2a: Araquanid|spa|1
|-enditem|p2a: Araquanid|Sitrus Berry|[eat]
|-heal|p2a: Araquanid|56/100|[from] item: Sitrus Berry
|move|p2a: Araquanid|Liquidation|p1b: Venusaur
|-resisted|p1b: Venusaur|1
|-damage|p1b: Venusaur|40/100
|-unboost|p1b: Venusaur|def|1
|
|-weather|RainDance|[upkeep]
|upkeep
|turn|3
|inactive|Saga_57 has 30 seconds left.
|
|t:|1786071349
|switch|p2b: Pelipper|Pelipper, L50, M|100/100
|move|p1b: Venusaur|Sludge Bomb|p2a: Araquanid
|-damage|p2a: Araquanid|21/100
|move|p1a: Grimmsnarl|Spirit Break|p2b: Pelipper
|-crit|p2b: Pelipper
|-damage|p2b: Pelipper|36/100
|-unboost|p2b: Pelipper|spa|1
|move|p2a: Araquanid|Liquidation|p1a: Grimmsnarl
|-damage|p1a: Grimmsnarl|4/100
|
|-weather|RainDance|[upkeep]
|upkeep
|turn|4
|
|t:|1786071371
|move|p2b: Pelipper|Protect|p2b: Pelipper
|-singleturn|p2b: Pelipper|Protect
|move|p1b: Venusaur|Sludge Bomb|p2b: Pelipper
|-activate|p2b: Pelipper|move: Protect
|move|p1a: Grimmsnarl|Spirit Break|p2a: Araquanid
|-damage|p2a: Araquanid|0 fnt
|faint|p2a: Araquanid
|
|-weather|RainDance|[upkeep]
|upkeep
|
|t:|1786071381
|switch|p2a: Ampharos|Ampharos, L50, F|100/100
|turn|5
|
|t:|1786071393
|move|p1b: Venusaur|Earth Power|p2a: Ampharos
|-supereffective|p2a: Ampharos|1
|-damage|p2a: Ampharos|44/100
|move|p2b: Pelipper|Tailwind|p2b: Pelipper
|-sidestart|p2: Saga_57|move: Tailwind
|move|p2a: Ampharos|Thunderbolt|p1b: Venusaur
|-resisted|p1b: Venusaur|1
|-damage|p1b: Venusaur|14/100
|move|p1a: Grimmsnarl|Spirit Break|p2b: Pelipper
|-damage|p2b: Pelipper|0 fnt
|faint|p2b: Pelipper
|
|-weather|none
|upkeep
|
|t:|1786071405
|switch|p2b: Hydreigon|Hydreigon, L50, M|100/100 slp
|turn|6
|inactive|Maskwolf has 30 seconds left.
|
|t:|1786071434
|switch|p1a: Archaludon|Archaludon, L50, F|100/100
|detailschange|p2a: Ampharos|Ampharos-Mega, L50, F
|-mega|p2a: Ampharos|Ampharos|Ampharosite
|-ability|p2a: Ampharos|Mold Breaker
|move|p1b: Venusaur|Protect|p1b: Venusaur
|-singleturn|p1b: Venusaur|Protect
|cant|p2b: Hydreigon|slp
|move|p2a: Ampharos|Parabolic Charge|p1b: Venusaur|[spread] p2b,p1a
|-activate|p1b: Venusaur|move: Protect
|-resisted|p2b: Hydreigon|1
|-resisted|p1a: Archaludon|1
|-damage|p2b: Hydreigon|82/100 slp
|-heal|p2a: Ampharos|51/100|[from] drain|[of] p2b: Hydreigon
|-damage|p1a: Archaludon|86/100
|-heal|p2a: Ampharos|58/100|[from] drain|[of] p1a: Archaludon
|-ability|p1a: Archaludon|Stamina|boost
|-boost|p1a: Archaludon|def|1
|
|-heal|p1a: Archaludon|92/100|[from] item: Leftovers
|upkeep
|turn|7
|inactive|Maskwolf has 30 seconds left.
|
|t:|1786071469
|-curestatus|p2b: Hydreigon|slp|[msg]
|move|p2b: Hydreigon|Draco Meteor|p1a: Archaludon
|-crit|p1a: Archaludon
|-damage|p1a: Archaludon|0 fnt
|-unboost|p2b: Hydreigon|spa|2
|faint|p1a: Archaludon
|move|p1b: Venusaur|Sludge Bomb|p2a: Ampharos
|-damage|p2a: Ampharos|20/100y
|move|p2a: Ampharos|Parabolic Charge|p1b: Venusaur|[spread] p2b,p1b
|-resisted|p2b: Hydreigon|1
|-resisted|p1b: Venusaur|1
|-damage|p2b: Hydreigon|62/100
|-heal|p2a: Ampharos|29/100|[from] drain|[of] p2b: Hydreigon
|-damage|p1b: Venusaur|0 fnt
|-heal|p2a: Ampharos|35/100|[from] drain|[of] p1b: Venusaur
|faint|p1b: Venusaur
|
|upkeep
|
|t:|1786071488
|switch|p1b: Grimmsnarl|Grimmsnarl, L50, M|4/100
|switch|p1a: Pelipper|Pelipper, L50, F|100/100
|-weather|RainDance|[from] ability: Drizzle|[of] p1a: Pelipper
|turn|8
|
|t:|1786071502
|move|p2b: Hydreigon|Draco Meteor|p1a: Pelipper
|-damage|p1a: Pelipper|43/100
|-unboost|p2b: Hydreigon|spa|2
|-enditem|p1a: Pelipper|Sitrus Berry|[eat]
|-heal|p1a: Pelipper|68/100|[from] item: Sitrus Berry
|move|p2a: Ampharos|Parabolic Charge|p1b: Grimmsnarl|[spread] p2b,p1a,p1b
|-resisted|p2b: Hydreigon|1
|-supereffective|p1a: Pelipper|2
|-damage|p2b: Hydreigon|43/100
|-heal|p2a: Ampharos|43/100|[from] drain|[of] p2b: Hydreigon
|-damage|p1a: Pelipper|0 fnt
|-heal|p2a: Ampharos|72/100|[from] drain|[of] p1a: Pelipper
|-damage|p1b: Grimmsnarl|0 fnt
|-heal|p2a: Ampharos|74/100|[from] drain|[of] p1b: Grimmsnarl
|faint|p1a: Pelipper
|faint|p1b: Grimmsnarl
|
|win|Saga_57
|l|☆Maskwolf
|player|p1|
