|j|☆ExessVGC
|j|☆uscorp
|html|ExessVGCuscorp    
|uhtml|bestof|Game 1 of a best-of-3
|t:|1756718449
|gametype|doubles
|player|p1|ExessVGC|170|
|player|p2|uscorp|169|
|gen|9
|tier|[Gen 9] VGC 2025 Reg H (Bo3)
|rule|Species Clause: Limit one of each Pokémon
|rule|Item Clause: Limit 1 of each item
|clearpoke
|poke|p1|Archaludon, L50, F|
|poke|p1|Pelipper, L50, M|
|poke|p1|Amoonguss, L50, F|
|poke|p1|Basculegion, L50, M|
|poke|p1|Bellibolt, L50, F|
|poke|p1|Meowscarada, L50, M|
|poke|p2|Kingambit, L50, M|
|poke|p2|Primarina, L50, F|
|poke|p2|Sneasler, L50, F|
|poke|p2|Magmar, L50, F|
|poke|p2|Rillaboom, L50, M|
|poke|p2|Dragapult, L50, M|
|teampreview|4
|showteam|p1|Archaludon||AssaultVest|Stamina|BodyPress,FlashCannon,ElectroShot,DracoMeteor|||F|||50|,,,,,Dragon]Pelipper||SafetyGoggles|Drizzle|WeatherBall,Hurricane,WideGuard,Tailwind|||M|||50|,,,,,Ground]Amoonguss||RockyHelmet|Regenerator|SludgeBomb,Spore,RagePowder,Protect|||F|||50|,,,,,Water]Basculegion||ChoiceScarf|Adaptability|FlipTurn,WaveCrash,LastRespects,AquaJet|||M|||50|,,,,,Grass]Bellibolt||Leftovers|Electromorphosis|MuddyWater,Thunderbolt,Electroweb,Protect|||F|||50|,,,,,Water]Meowscarada||FocusSash|Protean|SuckerPunch,Protect,FlowerTrick,TripleAxel|||M|||50|,,,,,Ghost
|showteam|p2|Kingambit||BlackGlasses|Defiant|KowtowCleave,SuckerPunch,SwordsDance,Protect|||M|||50|,,,,,Dark]Primarina||SitrusBerry|LiquidVoice|HyperVoice,Moonblast,Haze,Protect|||F|||50|,,,,,Poison]Sneasler||FocusSash|Unburden|CloseCombat,DireClaw,Coaching,Protect|||F|||50|,,,,,Stellar]Magmar||Eviolite|VitalSpirit|HeatWave,WillOWisp,FollowMe,Protect|||F|||50|,,,,,Ghost]Rillaboom||AssaultVest|GrassySurge|WoodHammer,GrassyGlide,HighHorsepower,FakeOut|||M|||50|,,,,,Fire]Dragapult||ChoiceBand|ClearBody|DragonDarts,PhantomForce,TeraBlast,Uturn|||M|||50|,,,,,Dragon
|c|☆ExessVGC|BUONGIORGIO
|
|t:|1756718605
|teamsize|p1|4
|teamsize|p2|4
|start
|switch|p1a: Peeko|Pelipper, L50, M, shiny|100/100
|switch|p1b: Basculegion|Basculegion, L50, M|100/100
|switch|p2a: Sneasler|Sneasler, L50, F|100/100
|switch|p2b: Kingambit|Kingambit, L50, M|100/100
|-weather|RainDance|[from] ability: Drizzle|[of] p1a: Peeko
|turn|1
|
|t:|1756718645
|-terastallize|p2a: Sneasler|Stellar
|move|p1b: Basculegion|Aqua Jet|p2b: Kingambit
|-damage|p2b: Kingambit|72/100
|move|p2b: Kingambit|Sucker Punch||[still]
|-fail|p2b: Kingambit
|move|p2a: Sneasler|Close Combat|p1b: Basculegion
|-immune|p1b: Basculegion
|move|p1a: Peeko|Weather Ball|p2b: Kingambit
|-crit|p2b: Kingambit
|-damage|p2b: Kingambit|0 fnt
|faint|p2b: Kingambit
|
|-weather|RainDance|[upkeep]
|upkeep
|
|t:|1756718662
|switch|p2b: Rillaboom|Rillaboom, L50, M|100/100
|-fieldstart|move: Grassy Terrain|[from] ability: Grassy Surge|[of] p2b: Rillaboom
|turn|2
|j| buckeniers
|l| buckeniers
|
|t:|1756718707
|switch|p1b: Meowscarada|Meowscarada, L50, M|100/100
|switch|p1a: Archaludon|Archaludon, L50, F, shiny|100/100
|move|p2a: Sneasler|Dire Claw|p1a: Archaludon
|-immune|p1a: Archaludon
|move|p2b: Rillaboom|Wood Hammer|p1a: Archaludon
|-resisted|p1a: Archaludon
|-damage|p1a: Archaludon|86/100
|-ability|p1a: Archaludon|Stamina|boost
|-boost|p1a: Archaludon|def|1
|-damage|p2b: Rillaboom|96/100|[from] Recoil
|
|-weather|RainDance|[upkeep]
|-heal|p2b: Rillaboom|100/100|[from] Grassy Terrain
|-heal|p1a: Archaludon|92/100|[from] Grassy Terrain
|upkeep
|turn|3
|
|t:|1756718770
|-terastallize|p1a: Archaludon|Dragon
|move|p1b: Meowscarada|Triple Axel|p2b: Rillaboom
|-start|p1b: Meowscarada|typechange|Ice|[from] ability: Protean
|-supereffective|p2b: Rillaboom
|-damage|p2b: Rillaboom|82/100
|-supereffective|p2b: Rillaboom
|-crit|p2b: Rillaboom
|-damage|p2b: Rillaboom|25/100
|-supereffective|p2b: Rillaboom
|-damage|p2b: Rillaboom|0 fnt
|faint|p2b: Rillaboom
|-hitcount|p2: Rillaboom|3
|move|p2a: Sneasler|Coaching|p2: Rillaboom|[notarget]
|-fail|p2a: Sneasler
|move|p1a: Archaludon|Electro Shot||[still]
|-prepare|p1a: Archaludon|Electro Shot
|-boost|p1a: Archaludon|spa|1
|-anim|p1a: Archaludon|Electro Shot|p2a: Sneasler
|-damage|p2a: Sneasler|22/100
|
|-weather|RainDance|[upkeep]
|-heal|p2a: Sneasler|28/100|[from] Grassy Terrain
|-heal|p1a: Archaludon|98/100|[from] Grassy Terrain
|upkeep
|
|t:|1756718794
|switch|p2b: Magmar|Magmar, L50, F|100/100
|turn|4
|
|t:|1756718823
|move|p1b: Meowscarada|Sucker Punch|p2a: Sneasler
|-resisted|p2a: Sneasler
|-damage|p2a: Sneasler|10/100
|move|p2a: Sneasler|Close Combat|p1b: Meowscarada
|-supereffective|p1b: Meowscarada
|-enditem|p1b: Meowscarada|Focus Sash
|-damage|p1b: Meowscarada|1/100
|-unboost|p2a: Sneasler|def|1
|-unboost|p2a: Sneasler|spd|1
|move|p2b: Magmar|Will-O-Wisp|p1a: Archaludon
|-status|p1a: Archaludon|brn
|move|p1a: Archaludon|Electro Shot||[still]
|-prepare|p1a: Archaludon|Electro Shot
|-boost|p1a: Archaludon|spa|1
|-anim|p1a: Archaludon|Electro Shot|p2b: Magmar
|-damage|p2b: Magmar|39/100
|
|-weather|RainDance|[upkeep]
|-heal|p1b: Meowscarada|7/100|[from] Grassy Terrain
|-heal|p2a: Sneasler|16/100|[from] Grassy Terrain
|-heal|p2b: Magmar|45/100|[from] Grassy Terrain
|-heal|p1a: Archaludon|100/100 brn|[from] Grassy Terrain
|-damage|p1a: Archaludon|94/100 brn|[from] brn
|upkeep
|turn|5
|
|t:|1756718891
|move|p2a: Sneasler|Protect|p2a: Sneasler
|-singleturn|p2a: Sneasler|Protect
|move|p1b: Meowscarada|Triple Axel|p2a: Sneasler
|-activate|p2a: Sneasler|move: Protect
|move|p2b: Magmar|Heat Wave|p1a: Archaludon|[spread] p1a,p1b
|-resisted|p1a: Archaludon
|-supereffective|p1b: Meowscarada
|-damage|p1a: Archaludon|89/100 brn
|-damage|p1b: Meowscarada|0 fnt
|-ability|p1a: Archaludon|Stamina|boost
|-boost|p1a: Archaludon|def|1
|faint|p1b: Meowscarada
|move|p1a: Archaludon|Electro Shot||[still]
|-prepare|p1a: Archaludon|Electro Shot
|-boost|p1a: Archaludon|spa|1
|-anim|p1a: Archaludon|Electro Shot|p2b: Magmar
|-damage|p2b: Magmar|0 fnt
|faint|p2b: Magmar
|
|-weather|none
|-heal|p2a: Sneasler|22/100|[from] Grassy Terrain
|-heal|p1a: Archaludon|95/100 brn|[from] Grassy Terrain
|-damage|p1a: Archaludon|89/100 brn|[from] brn
|upkeep
|
|t:|1756718909
|switch|p1b: Basculegion|Basculegion, L50, M|100/100
|turn|6
|
|t:|1756718922
|move|p1b: Basculegion|Aqua Jet|p1a: Archaludon
|-resisted|p1a: Archaludon
|-damage|p1a: Archaludon|85/100 brn
|-ability|p1a: Archaludon|Stamina|boost
|-boost|p1a: Archaludon|def|1
|move|p2a: Sneasler|Close Combat|p1a: Archaludon
|-damage|p1a: Archaludon|66/100 brn
|-unboost|p2a: Sneasler|def|1
|-unboost|p2a: Sneasler|spd|1
|-ability|p1a: Archaludon|Stamina|boost
|-boost|p1a: Archaludon|def|1
|move|p1a: Archaludon|Body Press|p2a: Sneasler
|-resisted|p2a: Sneasler
|-damage|p2a: Sneasler|0 fnt
|faint|p2a: Sneasler
|
|win|ExessVGC
|inactive|ExessVGC has 30 seconds to confirm battle start!
|inactive|uscorp has 30 seconds to confirm battle start!
||ExessVGC is ready for game 2.
||uscorp is ready for game 2.
|uhtml|next|Next: Game 2 of 3
|l|☆uscorp
|player|p2|
