|j|☆Allat78
|j|☆steelag0
|html|Allat78steelag0    
|uhtml|bestof|Game 1 of a best-of-3
|t:|1782428302
|gametype|doubles
|player|p1|Allat78|hilbert-wonderlauncher|1040
|player|p2|steelag0|169|1120
|gen|9
|tier|[Gen 9 Champions] VGC 2026 Reg M-B (Bo3)
|rated|
|rule|Species Clause: Limit one of each Pokémon
|rule|Item Clause: Limit 1 of each item
|clearpoke
|poke|p1|Meowstic, L50, M|
|poke|p1|Incineroar, L50, M|
|poke|p1|Alakazam, L50, F|
|poke|p1|Clefable, L50, M|
|poke|p1|Kommo-o, L50, M|
|poke|p1|Aerodactyl, L50, M|
|poke|p2|Blaziken, L50, F|
|poke|p2|Hydreigon, L50, F|
|poke|p2|Basculegion, L50, M|
|poke|p2|Whimsicott, L50, M|
|poke|p2|Farigiraf, L50, M|
|poke|p2|Metagross, L50|
|teampreview|4
|showteam|p1|Meowstic||LightClay|Prankster|PsychicTerrain,ExpandingForce,Reflect,LightScreen|Bold||M|||50|]Incineroar||ChopleBerry|Intimidate|FlareBlitz,ThroatChop,FakeOut,PartingShot|Adamant||M|||50|]Alakazam||Alakazite|Synchronize|ExpandingForce,DazzlingGleam,Protect,Encore|Timid||F|||50|]Clefable||Leftovers|Unaware|Moonblast,IcyWind,CalmMind,BatonPass|Modest||M|||50|]Kommo-o||SitrusBerry|Soundproof|ClangingScales,AuraSphere,ClangorousSoul,VacuumWave|Timid||M|||50|]Aerodactyl||Aerodactylite|Unnerve|RockSlide,DualWingbeat,Protect,Tailwind|Jolly||M|||50|
|showteam|p2|Blaziken||Blazikenite|SpeedBoost|FlareBlitz,CloseCombat,RockSlide,Detect|Adamant||F|||50|]Hydreigon||ChoiceScarf|Levitate|DracoMeteor,DarkPulse,EarthPower,Snarl|Modest||F|||50|]Basculegion||LifeOrb|Adaptability|WaveCrash,LastRespects,AquaJet,Protect|Adamant||M|||50|]Whimsicott||FocusSash|Prankster|Moonblast,EnergyBall,Tailwind,Protect|Timid||M|||50|]Farigiraf||SitrusBerry|ArmorTail|Psychic,Thunderbolt,Roar,TrickRoom|Bold||M|||50|]Metagross||Metagrossite|ClearBody|PsychicFangs,IronHead,StompingTantrum,Protect|Jolly|||||50|
|j| mooksy
|l| mooksy
|
|t:|1782428336
|teamsize|p1|4
|teamsize|p2|4
|start
|switch|p1a: Meowstic|Meowstic, L50, M|100/100
|switch|p1b: Lingote|Incineroar, L50, M|100/100
|switch|p2a: Whimsicott|Whimsicott, L50, M|100/100
|switch|p2b: Metagross|Metagross, L50|100/100
|-ability|p1b: Lingote|Intimidate|boost
|-unboost|p2a: Whimsicott|atk|1
|-fail|p2b: Metagross|unboost|[from] ability: Clear Body|[of] p2b: Metagross
|turn|1
|
|t:|1782428360
|detailschange|p2b: Metagross|Metagross-Mega, L50
|-mega|p2b: Metagross|Metagross|Metagrossite
|move|p2a: Whimsicott|Protect|p2a: Whimsicott
|-singleturn|p2a: Whimsicott|Protect
|move|p2b: Metagross|Protect|p2b: Metagross
|-singleturn|p2b: Metagross|Protect
|move|p1b: Lingote|Fake Out|p2b: Metagross
|-activate|p2b: Metagross|move: Protect
|move|p1a: Meowstic|Reflect|p1a: Meowstic
|-sidestart|p1: Allat78|Reflect
|
|upkeep
|turn|2
|
|t:|1782428383
|move|p1a: Meowstic|Psychic Terrain|p1a: Meowstic
|-fieldstart|move: Psychic Terrain
|move|p2a: Whimsicott|Moonblast|p1b: Lingote
|-damage|p1b: Lingote|63/100
|move|p2b: Metagross|Psychic Fangs|p1a: Meowstic
|-sideend|p1: Allat78|Reflect
|-resisted|p1a: Meowstic|1
|-damage|p1a: Meowstic|65/100
|move|p1b: Lingote|Parting Shot|p2b: Metagross
|-unboost|p2b: Metagross|atk|1
|-unboost|p2b: Metagross|spa|1
|
|t:|1782428393
|switch|p1b: Alakazam|Alakazam, L50, F|100/100|[from] Parting Shot
|
|upkeep
|turn|3
|
|t:|1782428409
|detailschange|p1b: Alakazam|Alakazam-Mega, L50, F
|-mega|p1b: Alakazam|Alakazam|Alakazite
|-ability|p1b: Alakazam|Tough Claws|Trace|[from] ability: Trace|[of] p2b: Metagross
|move|p1b: Alakazam|Expanding Force|p2b: Metagross|[spread] p2a,p2b
|-resisted|p2b: Metagross|2
|-enditem|p2a: Whimsicott|Focus Sash
|-damage|p2a: Whimsicott|1/100
|-damage|p2b: Metagross|80/100
|move|p2a: Whimsicott|Moonblast|p1b: Alakazam
|-damage|p1b: Alakazam|52/100
|move|p2b: Metagross|Iron Head|p1b: Alakazam
|-damage|p1b: Alakazam|0 fnt
|faint|p1b: Alakazam
|move|p1a: Meowstic|Expanding Force|p2b: Metagross|[spread] p2a,p2b
|-resisted|p2b: Metagross|2
|-damage|p2a: Whimsicott|0 fnt
|-damage|p2b: Metagross|70/100
|faint|p2a: Whimsicott
|
|upkeep
|
|t:|1782428427
|switch|p1b: Lingote|Incineroar, L50, M|63/100
|switch|p2a: Hydreigon|Hydreigon, L50, F|100/100
|-ability|p1b: Lingote|Intimidate|boost
|-unboost|p2a: Hydreigon|atk|1
|-unboost|p2b: Metagross|atk|1
|turn|4
|
|t:|1782428444
|switch|p2b: Basculegion|Basculegion, L50, M|100/100
|move|p1b: Lingote|Fake Out|p2a: Hydreigon
|-hint|Psychic Terrain doesn't affect airborne Pokémon.
|-damage|p2a: Hydreigon|83/100
|move|p1a: Meowstic|Reflect|p1a: Meowstic
|-sidestart|p1: Allat78|Reflect
|cant|p2a: Hydreigon|flinch
|
|upkeep
|turn|5
|
|t:|1782428468
|switch|p1b: Clefable|Clefable, L50, M|100/100
|move|p1a: Meowstic|Light Screen|p1a: Meowstic
|-sidestart|p1: Allat78|move: Light Screen
|move|p2a: Hydreigon|Snarl|p1a: Meowstic|[spread] p1a,p1b
|-supereffective|p1a: Meowstic|1
|-crit|p1a: Meowstic
|-resisted|p1b: Clefable|1
|-damage|p1a: Meowstic|0 fnt
|-damage|p1b: Clefable|92/100
|-unboost|p1b: Clefable|spa|1
|faint|p1a: Meowstic
|move|p2b: Basculegion|Wave Crash|p1b: Clefable
|-damage|p1b: Clefable|7/100
|-damage|p2b: Basculegion|71/100|[from] Recoil
|-damage|p2b: Basculegion|61/100|[from] item: Life Orb
|
|-heal|p1b: Clefable|13/100|[from] item: Leftovers
|upkeep
|
|t:|1782428482
|switch|p1a: Lingote|Incineroar, L50, M|63/100
|-ability|p1a: Lingote|Intimidate|boost
|-unboost|p2a: Hydreigon|atk|1
|-unboost|p2b: Basculegion|atk|1
|turn|6
|
|t:|1782428502
|move|p2a: Hydreigon|Snarl|p1a: Lingote|[spread] p1a,p1b
|-resisted|p1a: Lingote|1
|-resisted|p1b: Clefable|1
|-damage|p1a: Lingote|57/100
|-damage|p1b: Clefable|6/100
|-unboost|p1a: Lingote|spa|1
|-unboost|p1b: Clefable|spa|1
|move|p2b: Basculegion|Wave Crash|p1a: Lingote
|-supereffective|p1a: Lingote|1
|-damage|p1a: Lingote|0 fnt
|faint|p1a: Lingote
|-damage|p2b: Basculegion|42/100|[from] Recoil
|-damage|p2b: Basculegion|33/100|[from] item: Life Orb
|move|p1b: Clefable|Moonblast|p2a: Hydreigon
|-supereffective|p2a: Hydreigon|2
|-damage|p2a: Hydreigon|0 fnt
|faint|p2a: Hydreigon
|
|-heal|p1b: Clefable|12/100|[from] item: Leftovers
|-fieldend|move: Psychic Terrain
|upkeep
|
|t:|1782428518
|switch|p2a: Metagross|Metagross-Mega, L50|70/100
|turn|7
|
|t:|1782428522
|move|p2b: Basculegion|Aqua Jet|p1b: Clefable
|-damage|p1b: Clefable|0 fnt
|faint|p1b: Clefable
|-damage|p2b: Basculegion|23/100|[from] item: Life Orb
|
|win|steelag0
