|j|☆Imnotgcb
|j|☆itssobeak
|html|Imnotgcbitssobeak    
|uhtml|bestof|Game 2 of a best-of-3
|t:|1784650248
|gametype|doubles
|player|p1|Imnotgcb|169|1178
|player|p2|itssobeak|birdkeeper|1187
|gen|9
|tier|[Gen 9 Champions] VGC 2026 Reg M-B (Bo3)
|rated|
|rule|Species Clause: Limit one of each Pokémon
|rule|Item Clause: Limit 1 of each item
|clearpoke
|poke|p1|Heliolisk, L50, M|
|poke|p1|Charizard, L50, M|
|poke|p1|Farigiraf, L50, F|
|poke|p1|Kingambit, L50, M|
|poke|p1|Whimsicott, L50, F|
|poke|p1|Feraligatr, L50, M|
|poke|p2|Staraptor, L50, F|
|poke|p2|Weavile, L50, F|
|poke|p2|Whimsicott, L50, F|
|poke|p2|Glimmora, L50, M|
|poke|p2|Kingambit, L50, F|
|poke|p2|Sinistcha, L50|
|teampreview|4
|showteam|p1|Heliolisk||LifeOrb|SolarPower|WeatherBall,Protect,Thunderbolt,HyperBeam|Timid||M|||50|]Charizard||CharizarditeY|Blaze|WeatherBall,SolarBeam,Protect,HeatWave|Timid||M|||50|]Farigiraf||ColburBerry|ArmorTail|MirrorCoat,HelpingHand,SunnyDay,TrickRoom|Sassy||F|||50|]Kingambit||ChopleBerry|Defiant|Protect,SuckerPunch,IronHead,LowKick|Adamant||M|||50|]Whimsicott||FocusSash|Prankster|EnergyBall,Protect,Tailwind,Encore|Timid||F|||50|]Feraligatr||Feraligite|Torrent|RockSlide,DoubleEdge,SwordsDance,Protect|Adamant||M|||50|
|showteam|p2|Staraptor||Staraptite|Intimidate|BraveBird,CloseCombat,Uturn,Protect|Jolly||F|||50|]Weavile||WideLens|Pressure|KnockOff,TripleAxel,Taunt,FakeOut|Jolly||F|||50|]Whimsicott||FocusSash|Prankster|Moonblast,Tailwind,Encore,Tickle|Timid||F|||50|]Glimmora||Glimmoranite|ToxicDebris|PowerGem,SludgeBomb,EarthPower,SpikyShield|Timid||M|||50|]Kingambit||BlackGlasses|Defiant|KowtowCleave,SuckerPunch,SwordsDance,Protect|Adamant||F|||50|]Sinistcha||CobaBerry|Hospitality|MatchaGotcha,RagePowder,LifeDew,Protect|Bold|||||50|
|inactive|Battle timer is ON: inactive players will automatically lose when time's up. (requested by itssobeak)
|
|t:|1784650278
|teamsize|p1|4
|teamsize|p2|4
|start
|switch|p1a: Charizard|Charizard, L50, M|100/100
|switch|p1b: Heliolisk|Heliolisk, L50, M|100/100
|switch|p2a: Glimmora|Glimmora, L50, M|100/100
|switch|p2b: Weavile|Weavile, L50, F|100/100
|-ability|p2b: Weavile|Pressure
|turn|1
|
|t:|1784650298
|switch|p2b: Whimsicott|Whimsicott, L50, F|100/100
|detailschange|p2a: Glimmora|Glimmora-Mega, L50, M
|-mega|p2a: Glimmora|Glimmora|Glimmoranite
|move|p1b: Heliolisk|Protect|p1b: Heliolisk
|-singleturn|p1b: Heliolisk|Protect
|move|p1a: Charizard|Protect|p1a: Charizard
|-singleturn|p1a: Charizard|Protect
|move|p2a: Glimmora|Power Gem|p1a: Charizard
|-activate|p1a: Charizard|move: Protect
|
|upkeep
|turn|2
|inactive|Imnotgcb has 30 seconds left.
|inactive|Imnotgcb has 20 seconds left.
|inactive|Imnotgcb has 15 seconds left.
|
|t:|1784650338
|switch|p1a: Whimsicott|Whimsicott, L50, F|100/100
|move|p2b: Whimsicott|Encore|p1b: Heliolisk
|-start|p1b: Heliolisk|Encore
|move|p1b: Heliolisk|Protect||[still]
|-fail|p1b: Heliolisk
|move|p2a: Glimmora|Power Gem|p1a: Whimsicott
|-damage|p1a: Whimsicott|17/100
|
|upkeep
|turn|3
|
|t:|1784650358
|switch|p1b: Charizard|Charizard, L50, M|100/100
|move|p2b: Whimsicott|Tailwind|p2b: Whimsicott
|-sidestart|p2: itssobeak|move: Tailwind
|move|p1a: Whimsicott|Tailwind|p1a: Whimsicott
|-sidestart|p1: Imnotgcb|move: Tailwind
|move|p2a: Glimmora|Power Gem|p1a: Whimsicott
|-damage|p1a: Whimsicott|0 fnt
|faint|p1a: Whimsicott
|
|upkeep
|
|t:|1784650370
|switch|p1a: Kingambit|Kingambit, L50, M|100/100
|turn|4
|
|t:|1784650386
|detailschange|p1b: Charizard|Charizard-Mega-Y, L50, M
|-mega|p1b: Charizard|Charizard|Charizardite Y
|-weather|SunnyDay|[from] ability: Drought|[of] p1b: Charizard
|move|p2b: Whimsicott|Moonblast|p1a: Kingambit
|-damage|p1a: Kingambit|63/100
|move|p2a: Glimmora|Earth Power|p1a: Kingambit
|-supereffective|p1a: Kingambit|1
|-damage|p1a: Kingambit|0 fnt
|faint|p1a: Kingambit
|move|p1b: Charizard|Heat Wave|p2b: Whimsicott|[spread] p2a,p2b
|-resisted|p2a: Glimmora|1
|-supereffective|p2b: Whimsicott|1
|-damage|p2a: Glimmora|65/100
|-enditem|p2b: Whimsicott|Focus Sash
|-damage|p2b: Whimsicott|1/100
|
|-weather|SunnyDay|[upkeep]
|upkeep
|
|t:|1784650403
|switch|p1a: Heliolisk|Heliolisk, L50, M|100/100
|turn|5
|
|t:|1784650412
|move|p2a: Glimmora|Spiky Shield|p2a: Glimmora
|-singleturn|p2a: Glimmora|move: Protect
|move|p1b: Charizard|Protect|p1b: Charizard
|-singleturn|p1b: Charizard|Protect
|move|p2b: Whimsicott|Moonblast|p1a: Heliolisk
|-damage|p1a: Heliolisk|49/100
|move|p1a: Heliolisk|Thunderbolt|p2a: Glimmora
|-activate|p2a: Glimmora|move: Protect
|
|-weather|SunnyDay|[upkeep]
|-damage|p1a: Heliolisk|37/100|[from] ability: Solar Power|[of] p1a: Heliolisk
|upkeep
|turn|6
|inactive|Imnotgcb has 30 seconds left.
|
|t:|1784650437
|move|p2b: Whimsicott|Moonblast|p1a: Heliolisk
|-damage|p1a: Heliolisk|0 fnt
|faint|p1a: Heliolisk
|move|p2a: Glimmora|Power Gem|p1b: Charizard
|-supereffective|p1b: Charizard|2
|-damage|p1b: Charizard|0 fnt
|faint|p1b: Charizard
|
|win|itssobeak
