|j|☆teyvgc
|j|☆onxlaughtvgc
|html|teyvgconxlaughtvgc    
|uhtml|bestof|Game 1 of a best-of-3
|t:|1783204359
|gametype|doubles
|player|p1|teyvgc|1|1256
|player|p2|onxlaughtvgc|veteran|1238
|gen|9
|tier|[Gen 9 Champions] VGC 2026 Reg M-B (Bo3)
|rated|
|rule|Species Clause: Limit one of each Pokémon
|rule|Item Clause: Limit 1 of each item
|clearpoke
|poke|p1|Excadrill, L50, F|
|poke|p1|Tyranitar, L50, F|
|poke|p1|Staraptor, L50, F|
|poke|p1|Sinistcha, L50|
|poke|p1|Milotic, L50, F|
|poke|p1|Gholdengo, L50|
|poke|p2|Swampert, L50, F|
|poke|p2|Pelipper, L50, M|
|poke|p2|Archaludon, L50, M|
|poke|p2|Sinistcha-Masterpiece, L50|
|poke|p2|Incineroar, L50, M|
|poke|p2|Scovillain, L50, M|
|teampreview|4
|showteam|p1|Excadrill||FocusSash|SandRush|HighHorsepower,IronHead,RockSlide,Protect|Adamant||F|||50|]Tyranitar||Tyranitarite|SandStream|RockSlide,KnockOff,DragonDance,Protect|Adamant||F|||50|]Staraptor||Staraptite|Intimidate|BraveBird,CloseCombat,Tailwind,Protect|Jolly||F|||50|]Sinistcha||SitrusBerry|Hospitality|MatchaGotcha,RagePowder,LifeDew,TrickRoom|Calm|||||50|]Milotic||Leftovers|Competitive|Scald,IceBeam,Recover,Protect|Modest||F|||50|]Gholdengo||LifeOrb|GoodasGold|MakeItRain,ShadowBall,NastyPlot,Protect|Modest|||||50|
|showteam|p2|Swampert||Swampertite|Damp|WaveCrash,Earthquake,IcePunch,Protect|Adamant||F|||50|]Pelipper||FocusSash|Drizzle|Tailwind,WideGuard,Hurricane,WeatherBall|Timid||M|||50|]Archaludon||Leftovers|Sturdy|ElectroShot,FlashCannon,DracoMeteor,Protect|Timid||M|||50|]Sinistcha-Masterpiece||SitrusBerry|Hospitality|RagePowder,MatchaGotcha,LifeDew,Protect|Calm|||||50|]Incineroar||ChopleBerry|Intimidate|FakeOut,PartingShot,FlareBlitz,DarkestLariat|Careful||M|||50|]Scovillain||Scovillainite|Moody|RagePowder,GigaDrain,Protect,LeechSeed|Calm||M|||50|
|inactive|Battle timer is ON: inactive players will automatically lose when time's up. (requested by onxlaughtvgc)
|inactive|teyvgc has 60 seconds left.
|inactive|onxlaughtvgc has 60 seconds left.
|inactive|onxlaughtvgc has 30 seconds left.
|inactive|onxlaughtvgc has 20 seconds left.
|inactive|onxlaughtvgc has 15 seconds left.
|inactive|onxlaughtvgc has 10 seconds left.
|inactive|onxlaughtvgc has 5 seconds left.
|
|t:|1783204458
|teamsize|p1|4
|teamsize|p2|4
|start
|switch|p1a: Staraptor|Staraptor, L50, F|100/100
|switch|p1b: Tyranitar|Tyranitar, L50, F|100/100
|switch|p2a: Swampert|Swampert, L50, F|100/100
|switch|p2b: Pelipper|Pelipper, L50, M|100/100
|-ability|p1a: Staraptor|Intimidate|boost
|-unboost|p2a: Swampert|atk|1
|-unboost|p2b: Pelipper|atk|1
|-weather|RainDance|[from] ability: Drizzle|[of] p2b: Pelipper
|-weather|Sandstorm|[from] ability: Sand Stream|[of] p1b: Tyranitar
|turn|1
|
|t:|1783204479
|detailschange|p1a: Staraptor|Staraptor-Mega, L50, F
|-mega|p1a: Staraptor|Staraptor|Staraptite
|detailschange|p2a: Swampert|Swampert-Mega, L50, F
|-mega|p2a: Swampert|Swampert|Swampertite
|move|p1a: Staraptor|Close Combat|p2a: Swampert
|-damage|p2a: Swampert|49/100
|-boost|p1a: Staraptor|def|1
|-boost|p1a: Staraptor|spd|1
|move|p2b: Pelipper|Tailwind|p2b: Pelipper
|-sidestart|p2: onxlaughtvgc|move: Tailwind
|move|p2a: Swampert|Wave Crash|p1b: Tyranitar
|-supereffective|p1b: Tyranitar|1
|-crit|p1b: Tyranitar
|-damage|p1b: Tyranitar|0 fnt
|faint|p1b: Tyranitar
|-damage|p2a: Swampert|14/100|[from] Recoil
|
|-weather|Sandstorm|[upkeep]
|-damage|p2b: Pelipper|94/100|[from] Sandstorm
|-damage|p1a: Staraptor|93/100|[from] Sandstorm
|upkeep
|
|t:|1783204495
|switch|p1b: Excadrill|Excadrill, L50, F|100/100
|turn|2
|
|t:|1783204501
|switch|p2b: Archaludon|Archaludon, L50, M|100/100
|move|p2a: Swampert|Protect|p2a: Swampert
|-singleturn|p2a: Swampert|Protect
|move|p1b: Excadrill|Rock Slide|p2a: Swampert|[spread] p2b
|-activate|p2a: Swampert|move: Protect
|-resisted|p2b: Archaludon|1
|-damage|p2b: Archaludon|91/100
|move|p1a: Staraptor|Close Combat|p2b: Archaludon
|-supereffective|p2b: Archaludon|1
|-damage|p2b: Archaludon|0 fnt
|-boost|p1a: Staraptor|def|1
|-boost|p1a: Staraptor|spd|1
|faint|p2b: Archaludon
|
|-weather|Sandstorm|[upkeep]
|-damage|p1a: Staraptor|87/100|[from] Sandstorm
|upkeep
|
|t:|1783204520
|switch|p2b: Pelipper|Pelipper, L50, M|94/100
|-weather|RainDance|[from] ability: Drizzle|[of] p2b: Pelipper
|turn|3
|
|t:|1783204532
|move|p1a: Staraptor|Protect|p1a: Staraptor
|-singleturn|p1a: Staraptor|Protect
|move|p2a: Swampert|Earthquake|p1a: Staraptor|[spread] p1b
|-activate|p1a: Staraptor|move: Protect
|-immune|p2b: Pelipper
|-supereffective|p1b: Excadrill|1
|-damage|p1b: Excadrill|15/100
|move|p2b: Pelipper|Hurricane|p1a: Staraptor
|-activate|p1a: Staraptor|move: Protect
|move|p1b: Excadrill|Rock Slide|p2a: Swampert|[spread] p2a,p2b
|-resisted|p2a: Swampert|1
|-supereffective|p2b: Pelipper|1
|-damage|p2a: Swampert|5/100
|-damage|p2b: Pelipper|37/100
|
|-weather|RainDance|[upkeep]
|upkeep
|turn|4
|inactive|teyvgc has 30 seconds left.
|
|t:|1783204565
|switch|p1b: Sinistcha|Sinistcha, L50|100/100
|-heal|p1a: Staraptor|100/100|[from] ability: Hospitality|[of] p1b: Sinistcha
|move|p2a: Swampert|Earthquake|p1b: Sinistcha|[spread] p1b
|-immune|p2b: Pelipper
|-immune|p1a: Staraptor
|-resisted|p1b: Sinistcha|1
|-damage|p1b: Sinistcha|84/100
|move|p2b: Pelipper|Hurricane|p1a: Staraptor
|-supereffective|p1a: Staraptor|1
|-damage|p1a: Staraptor|53/100
|move|p1a: Staraptor|Close Combat|p2a: Swampert
|-damage|p2a: Swampert|0 fnt
|-boost|p1a: Staraptor|def|1
|-boost|p1a: Staraptor|spd|1
|faint|p2a: Swampert
|
|-weather|RainDance|[upkeep]
|-sideend|p2: onxlaughtvgc|move: Tailwind
|upkeep
|
|t:|1783204584
|switch|p2a: Sinistcha|Sinistcha-Masterpiece, L50|100/100
|-heal|p2b: Pelipper|62/100|[from] ability: Hospitality|[of] p2a: Sinistcha
|turn|5
|
|t:|1783204607
|switch|p1b: Excadrill|Excadrill, L50, F|15/100
|move|p1a: Staraptor|Protect|p1a: Staraptor
|-singleturn|p1a: Staraptor|Protect
|move|p2b: Pelipper|Hurricane|p1a: Staraptor
|-activate|p1a: Staraptor|move: Protect
|move|p2a: Sinistcha|Matcha Gotcha|p1a: Staraptor|[spread] p1b
|-activate|p1a: Staraptor|move: Protect
|-damage|p1b: Excadrill|0 fnt
|faint|p1b: Excadrill
|
|-weather|RainDance|[upkeep]
|upkeep
|
|t:|1783204610
|switch|p1b: Sinistcha|Sinistcha, L50|84/100
|-heal|p1a: Staraptor|78/100|[from] ability: Hospitality|[of] p1b: Sinistcha
|turn|6
|
|t:|1783204633
|move|p2a: Sinistcha|Protect|p2a: Sinistcha
|-singleturn|p2a: Sinistcha|Protect
|move|p1a: Staraptor|Close Combat|p2b: Pelipper
|-resisted|p2b: Pelipper|1
|-damage|p2b: Pelipper|25/100
|-boost|p1a: Staraptor|def|1
|-boost|p1a: Staraptor|spd|1
|move|p2b: Pelipper|Tailwind|p2b: Pelipper
|-sidestart|p2: onxlaughtvgc|move: Tailwind
|move|p1b: Sinistcha|Matcha Gotcha|p2b: Pelipper|[spread] p2b
|-activate|p2a: Sinistcha|move: Protect
|-damage|p2b: Pelipper|0 fnt
|-heal|p1b: Sinistcha|94/100|[from] drain|[of] p2b: Pelipper
|faint|p2b: Pelipper
|
|-weather|RainDance|[upkeep]
|upkeep
|turn|7
|
|t:|1783204657
|move|p2a: Sinistcha|Matcha Gotcha|p1b: Sinistcha|[spread] p1b
|-miss|p2a: Sinistcha|p1a: Staraptor
|-resisted|p1b: Sinistcha|1
|-damage|p1b: Sinistcha|85/100
|-status|p1b: Sinistcha|brn
|move|p1a: Staraptor|Brave Bird|p2a: Sinistcha
|-supereffective|p2a: Sinistcha|1
|-damage|p2a: Sinistcha|0 fnt
|faint|p2a: Sinistcha
|-damage|p1a: Staraptor|47/100|[from] Recoil
|
|win|teyvgc
