|j|☆Saltwater7
|j|☆DragoniteMega149
|html|Saltwater7DragoniteMega149    
|uhtml|bestof|Game 3 of a best-of-3
|t:|1756170272
|gametype|doubles
|player|p1|Saltwater7|170|1222
|player|p2|DragoniteMega149|red-lgpe|1195
|gen|9
|tier|[Gen 9] VGC 2025 Reg H (Bo3)
|rated|
|rule|Species Clause: Limit one of each Pokémon
|rule|Item Clause: Limit 1 of each item
|clearpoke
|poke|p1|Incineroar, L50, M|
|poke|p1|Porygon2, L50|
|poke|p1|Yanmega, L50, M|
|poke|p1|Sneasler, L50, F|
|poke|p1|Ursaluna, L50, M|
|poke|p1|Archaludon, L50, F|
|poke|p2|Sneasler, L50, F|
|poke|p2|Indeedee, L50, M|
|poke|p2|Dragonite, L50, F|
|poke|p2|Incineroar, L50, F|
|poke|p2|Electabuzz, L50, F|
|poke|p2|Ursaluna-Bloodmoon, L50, M|
|teampreview|4
|showteam|p1|Incineroar||SafetyGoggles|Intimidate|FakeOut,PartingShot,FlareBlitz,KnockOff|||M|||50|,,,,,Ghost]Porygon2||Eviolite|Download|Recover,IceBeam,TeraBlast,TrickRoom||||||50|,,,,,Flying]Yanmega||FocusSash|SpeedBoost|Detect,AirSlash,BugBuzz,Tailwind|||M|||50|,,,,,Ghost]Sneasler||WhiteHerb|Unburden|Protect,CloseCombat,ThroatChop,DireClaw|||F|||50|,,,,,Stellar]Ursaluna||FlameOrb|Guts|Protect,Earthquake,Facade,HeadlongRush|||M|||50|,,,,,Ghost]Archaludon||PowerHerb|Stalwart|Protect,ElectroShot,DragonPulse,Thunderbolt|||F|||50|,,,,,Electric
|showteam|p2|Sneasler||PsychicSeed|Unburden|DireClaw,CloseCombat,Protect,ThroatChop|||F|||50|,,,,,Dark]Indeedee||FocusSash|PsychicSurge|Imprison,Protect,ExpandingForce,TrickRoom|||M|||50|,,,,,Psychic]Dragonite||LoadedDice|Multiscale|ScaleShot,Tailwind,Haze,Protect|||F|||50|,,,,,Fairy]Incineroar||SafetyGoggles|Intimidate|FakeOut,FlareBlitz,KnockOff,PartingShot|||F|||50|,,,,,Ghost]Electabuzz||Eviolite|VitalSpirit|FollowMe,Electroweb,Taunt,Protect|||F|||50|,,,,,Fairy]Ursaluna-Bloodmoon||LifeOrb|MindsEye|BloodMoon,HyperVoice,EarthPower,Protect|||M|||50|,,,,,Normal
|inactive|Battle timer is ON: inactive players will automatically lose when time's up. (requested by Saltwater7)
|inactive|Saltwater7 has 60 seconds left.
|
|t:|1756170306
|teamsize|p1|4
|teamsize|p2|4
|start
|switch|p1a: Incineroar|Incineroar, L50, M|100/100
|switch|p1b: Sneasler|Sneasler, L50, F|100/100
|switch|p2a: Electabuzz|Electabuzz, L50, F|100/100
|switch|p2b: Ursaluna|Ursaluna-Bloodmoon, L50, M|100/100
|-ability|p1a: Incineroar|Intimidate|boost
|-unboost|p2a: Electabuzz|atk|1
|-unboost|p2b: Ursaluna|atk|1
|turn|1
|inactive|Saltwater7 has 30 seconds left.
|
|t:|1756170332
|switch|p1a: Ursaluna|Ursaluna, L50, M|100/100
|move|p2a: Electabuzz|Protect|p2a: Electabuzz
|-singleturn|p2a: Electabuzz|Protect
|move|p2b: Ursaluna|Protect|p2b: Ursaluna
|-singleturn|p2b: Ursaluna|Protect
|move|p1b: Sneasler|Close Combat|p2b: Ursaluna
|-activate|p2b: Ursaluna|move: Protect
|
|-status|p1a: Ursaluna|brn|[from] item: Flame Orb
|upkeep
|turn|2
|inactive|DragoniteMega149 has 30 seconds left.
|inactive|DragoniteMega149 has 20 seconds left.
|inactive|DragoniteMega149 has 15 seconds left.
|
|t:|1756170377
|move|p1b: Sneasler|Protect|p1b: Sneasler
|-singleturn|p1b: Sneasler|Protect
|move|p2a: Electabuzz|Follow Me|p2a: Electabuzz
|-singleturn|p2a: Electabuzz|move: Follow Me
|move|p2b: Ursaluna|Earth Power|p1b: Sneasler
|-activate|p1b: Sneasler|move: Protect
|move|p1a: Ursaluna|Earthquake|p2b: Ursaluna|[spread] p2a,p2b
|-activate|p1b: Sneasler|move: Protect
|-supereffective|p2a: Electabuzz
|-damage|p2a: Electabuzz|0 fnt
|-damage|p2b: Ursaluna|53/100
|faint|p2a: Electabuzz
|
|-damage|p1a: Ursaluna|95/100 brn|[from] brn
|upkeep
|
|t:|1756170386
|switch|p2a: Indeedee|Indeedee, L50, M|100/100
|-fieldstart|move: Psychic Terrain|[from] ability: Psychic Surge|[of] p2a: Indeedee
|turn|3
|inactive|Saltwater7 has 30 seconds left.
|inactive|Saltwater7 has 20 seconds left.
|inactive|Saltwater7 has 15 seconds left.
|inactive|Saltwater7 has 10 seconds left.
|
|t:|1756170433
|switch|p1b: Incineroar|Incineroar, L50, M|100/100
|-ability|p1b: Incineroar|Intimidate|boost
|-unboost|p2a: Indeedee|atk|1
|-unboost|p2b: Ursaluna|atk|1
|move|p2b: Ursaluna|Protect|p2b: Ursaluna
|-singleturn|p2b: Ursaluna|Protect
|move|p1a: Ursaluna|Protect|p1a: Ursaluna
|-singleturn|p1a: Ursaluna|Protect
|move|p2a: Indeedee|Expanding Force|p1a: Ursaluna|[spread] 
|-activate|p1a: Ursaluna|move: Protect
|-immune|p1b: Incineroar
|
|-damage|p1a: Ursaluna|89/100 brn|[from] brn
|upkeep
|turn|4
|inactive|Saltwater7 has 30 seconds left.
|inactive|Saltwater7 has 20 seconds left.
|inactive|Saltwater7 has 15 seconds left.
|inactive|Saltwater7 has 10 seconds left.
|inactive|Saltwater7 has 5 seconds left.
|
|t:|1756170488
|move|p1a: Ursaluna|Protect||[still]
|-fail|p1a: Ursaluna
|move|p1b: Incineroar|Fake Out|p2a: Indeedee
|-activate|p2a: Indeedee|move: Psychic Terrain
|move|p2a: Indeedee|Expanding Force|p1a: Ursaluna|[spread] p1a
|-immune|p1b: Incineroar
|-damage|p1a: Ursaluna|42/100 brn
|move|p2b: Ursaluna|Earth Power|p1b: Incineroar
|-supereffective|p1b: Incineroar
|-damage|p1b: Incineroar|0 fnt
|faint|p1b: Incineroar
|-damage|p2b: Ursaluna|43/100|[from] item: Life Orb
|
|-damage|p1a: Ursaluna|37/100 brn|[from] brn
|upkeep
|
|t:|1756170503
|switch|p1b: Yanmega|Yanmega, L50, M|100/100
|turn|5
|
|t:|1756170521
|move|p1a: Ursaluna|Protect|p1a: Ursaluna
|-singleturn|p1a: Ursaluna|Protect
|move|p2a: Indeedee|Expanding Force|p1a: Ursaluna|[spread] p1b
|-activate|p1a: Ursaluna|move: Protect
|-damage|p1b: Yanmega|11/100
|move|p1b: Yanmega|Tailwind|p1b: Yanmega
|-sidestart|p1: Saltwater7|move: Tailwind
|move|p2b: Ursaluna|Hyper Voice|p1a: Ursaluna|[spread] p1b
|-activate|p1a: Ursaluna|move: Protect
|-damage|p1b: Yanmega|0 fnt
|faint|p1b: Yanmega
|-damage|p2b: Ursaluna|34/100|[from] item: Life Orb
|
|-damage|p1a: Ursaluna|31/100 brn|[from] brn
|upkeep
|
|t:|1756170538
|switch|p1b: Sneasler|Sneasler, L50, F|100/100
|turn|6
|inactive|DragoniteMega149 has 30 seconds left.
|inactive|DragoniteMega149 has 20 seconds left.
|
|t:|1756170577
|move|p1b: Sneasler|Dire Claw|p2a: Indeedee
|-damage|p2a: Indeedee|18/100
|move|p2a: Indeedee|Expanding Force|p1a: Ursaluna|[spread] p1a,p1b
|-supereffective|p1b: Sneasler
|-damage|p1a: Ursaluna|0 fnt
|-damage|p1b: Sneasler|0 fnt
|faint|p1a: Ursaluna
|faint|p1b: Sneasler
|
|win|DragoniteMega149
|raw|Saltwater7's rating: 1222 → 1195(-27 for losing)
|raw|DragoniteMega149's rating: 1195 → 1222(+27 for winning)
|l|☆Saltwater7
|player|p1|
