|j|☆jscullan
|j|☆drmwvr
|html|jscullandrmwvr    
|uhtml|bestof|Game 1 of a best-of-3
|t:|1783194255
|gametype|doubles
|player|p1|jscullan|170|
|player|p2|drmwvr|nemona-s|
|gen|9
|tier|[Gen 9 Champions] VGC 2026 Reg M-B (Bo3)
|rule|Species Clause: Limit one of each Pokémon
|rule|Item Clause: Limit 1 of each item
|clearpoke
|poke|p1|Meganium, L50, F|
|poke|p1|Grimmsnarl, L50, M|
|poke|p1|Talonflame, L50, F|
|poke|p1|Tyranitar, L50, M|
|poke|p1|Gallade, L50, M|
|poke|p1|Kingambit, L50, F|
|poke|p2|Charizard, L50, F|
|poke|p2|Floette-Eternal, L50, F|
|poke|p2|Whimsicott, L50, F|
|poke|p2|Garchomp, L50, F|
|poke|p2|Basculegion, L50, M|
|poke|p2|Kingambit, L50, F|
|teampreview|4
|showteam|p1|Meganium||Meganiumite|LeafGuard|SolarBeam,Synthesis,WeatherBall,DazzlingGleam|Modest||F|||50|]Grimmsnarl||LightClay|Prankster|LightScreen,Reflect,PartingShot,SpiritBreak|Impish||M|||50|]Talonflame||FocusSash|GaleWings|Tailwind,Roost,BraveBird,FlareBlitz|Adamant||F|||50|]Tyranitar||Tyranitarite|SandStream|StoneEdge,Crunch,StompingTantrum,Protect|Adamant||M|||50|]Gallade||MuscleBand|Sharpness|Protect,SacredSword,PsychoCut,SwordsDance|Adamant||M|||50|]Kingambit||BlackGlasses|Defiant|IronHead,SuckerPunch,KowtowCleave,Protect|Adamant||F|||50|
|showteam|p2|Charizard||CharizarditeY|SolarPower|HeatWave,SolarBeam,WeatherBall,Protect|Timid||F|||50|]Floette-Eternal||Floettite|FlowerVeil|Moonblast,DazzlingGleam,Psychic,Protect|Modest||F|||50|]Whimsicott||FairyFeather|Prankster|Moonblast,Tailwind,Encore,Protect|Timid||F|||50|]Garchomp||LumBerry|RoughSkin|DragonClaw,StompingTantrum,RockSlide,Protect|Adamant||F|||50|]Basculegion||SitrusBerry|Adaptability|WaveCrash,AquaJet,LastRespects,Protect|Adamant||M|||50|]Kingambit||BlackGlasses|Defiant|KowtowCleave,SuckerPunch,IronHead,Protect|Brave||F|||50|
|j| JacintheJasimp
|
|t:|1783194339
|teamsize|p1|4
|teamsize|p2|4
|start
|switch|p1a: Birb|Talonflame, L50, F|100/100
|switch|p1b: BGHM|Grimmsnarl, L50, M|100/100
|switch|p2a: Garchomp|Garchomp, L50, F|100/100
|switch|p2b: Kingambit|Kingambit, L50, F|100/100
|turn|1
|
|t:|1783194359
|move|p1a: Birb|Tailwind|p1a: Birb
|-sidestart|p1: jscullan|move: Tailwind
|move|p1b: BGHM|Reflect|p1b: BGHM
|-sidestart|p1: jscullan|Reflect
|move|p2a: Garchomp|Rock Slide|p1a: Birb|[spread] p1a,p1b
|-supereffective|p1a: Birb|2
|-damage|p1a: Birb|33/100
|-damage|p1b: BGHM|84/100
|move|p2b: Kingambit|Iron Head|p1b: BGHM
|-supereffective|p1b: BGHM|1
|-damage|p1b: BGHM|22/100
|
|upkeep
|turn|2
|
|t:|1783194387
|move|p2b: Kingambit|Sucker Punch|p1a: Birb
|-crit|p1a: Birb
|-damage|p1a: Birb|0 fnt
|faint|p1a: Birb
|move|p1b: BGHM|Spirit Break|p2a: Garchomp
|-supereffective|p2a: Garchomp|1
|-damage|p2a: Garchomp|46/100
|-unboost|p2a: Garchomp|spa|1
|-damage|p1b: BGHM|10/100|[from] ability: Rough Skin|[of] p2a: Garchomp
|move|p2a: Garchomp|Stomping Tantrum|p1b: BGHM
|-crit|p1b: BGHM
|-damage|p1b: BGHM|0 fnt
|faint|p1b: BGHM
|
|upkeep
|
|t:|1783194400
|switch|p1a: Y|Tyranitar, L50, M|100/100
|switch|p1b: Kingumby|Kingambit, L50, F|100/100
|-weather|Sandstorm|[from] ability: Sand Stream|[of] p1a: Y
|turn|3
|
|t:|1783194432
|switch|p2a: Basculegion|Basculegion, L50, M|100/100
|detailschange|p1a: Y|Tyranitar-Mega, L50, M
|-mega|p1a: Y|Tyranitar|Tyranitarite
|move|p2b: Kingambit|Protect|p2b: Kingambit
|-singleturn|p2b: Kingambit|Protect
|move|p1b: Kingumby|Sucker Punch||[still]
|-fail|p1b: Kingumby
|move|p1a: Y|Stomping Tantrum|p2b: Kingambit
|-activate|p2b: Kingambit|move: Protect
|
|-weather|Sandstorm|[upkeep]
|-damage|p2a: Basculegion|93/100|[from] Sandstorm
|upkeep
|turn|4
|
|t:|1783194457
|switch|p2b: Garchomp|Garchomp, L50, F|46/100
|move|p2a: Basculegion|Protect|p2a: Basculegion
|-singleturn|p2a: Basculegion|Protect
|move|p1b: Kingumby|Sucker Punch||[still]
|-fail|p1b: Kingumby
|move|p1a: Y|Stomping Tantrum|p2b: Garchomp
|-damage|p2b: Garchomp|19/100
|-damage|p1a: Y|88/100|[from] ability: Rough Skin|[of] p2b: Garchomp
|
|-weather|Sandstorm|[upkeep]
|-damage|p2a: Basculegion|87/100|[from] Sandstorm
|-sideend|p1: jscullan|move: Tailwind
|upkeep
|turn|5
|
|t:|1783194477
|move|p2a: Basculegion|Aqua Jet|p1a: Y
|-supereffective|p1a: Y|1
|-damage|p1a: Y|63/100
|move|p1b: Kingumby|Sucker Punch|p2b: Garchomp
|-damage|p2b: Garchomp|0 fnt
|-damage|p1b: Kingumby|88/100|[from] ability: Rough Skin|[of] p2b: Garchomp
|faint|p2b: Garchomp
|move|p1a: Y|Crunch|p2a: Basculegion
|-supereffective|p2a: Basculegion|1
|-damage|p2a: Basculegion|0 fnt
|faint|p2a: Basculegion
|
|-weather|Sandstorm|[upkeep]
|upkeep
|
|t:|1783194491
|switch|p2b: Kingambit|Kingambit, L50, F|100/100
|switch|p2a: Charizard|Charizard, L50, F|100/100
|turn|6
|
|t:|1783194522
|detailschange|p2a: Charizard|Charizard-Mega-Y, L50, F
|-mega|p2a: Charizard|Charizard|Charizardite Y
|-weather|SunnyDay|[from] ability: Drought|[of] p2a: Charizard
|move|p1b: Kingumby|Protect|p1b: Kingumby
|-singleturn|p1b: Kingumby|Protect
|move|p2a: Charizard|Solar Beam||[still]
|-prepare|p2a: Charizard|Solar Beam
|-anim|p2a: Charizard|Solar Beam|p1a: Y
|-supereffective|p1a: Y|1
|-damage|p1a: Y|0 fnt
|faint|p1a: Y
|move|p2b: Kingambit|Kowtow Cleave|p1b: Kingumby
|-activate|p1b: Kingumby|move: Protect
|
|-weather|SunnyDay|[upkeep]
|upkeep
|turn|7
|
|t:|1783194545
|move|p1b: Kingumby|Sucker Punch|p2a: Charizard
|-damage|p2a: Charizard|23/100
|move|p2a: Charizard|Weather Ball|p1b: Kingumby
|-supereffective|p1b: Kingumby|1
|-damage|p1b: Kingumby|0 fnt
|faint|p1b: Kingumby
|
|win|drmwvr
|inactive|jscullan has 30 seconds to confirm battle start!
|inactive|drmwvr has 30 seconds to confirm battle start!
||drmwvr is ready for game 2.
||jscullan is ready for game 2.
|uhtml|next|Next: Game 2 of 3
|l|☆jscullan
|player|p1|
