|j|☆aqoursfan1
|j|☆Yinobo
|html|aqoursfan1Yinobo    
|uhtml|bestof|Game 1 of a best-of-3
|t:|1786061897
|gametype|doubles
|player|p1|aqoursfan1|anabel-gen7|1376
|player|p2|Yinobo|pokemaniac|1278
|gen|9
|tier|[Gen 9 Champions] VGC 2026 Reg M-B (Bo3)
|rated|
|rule|Species Clause: Limit one of each Pokémon
|rule|Item Clause: Limit 1 of each item
|clearpoke
|poke|p1|Raichu, L50, F|
|poke|p1|Kingambit, L50, M|
|poke|p1|Sylveon, L50, M, shiny|
|poke|p1|Whimsicott, L50, M|
|poke|p1|Basculegion, L50, M|
|poke|p1|Charizard, L50, F, shiny|
|poke|p2|Charizard, L50, M, shiny|
|poke|p2|Garchomp, L50, M, shiny|
|poke|p2|Sylveon, L50, M, shiny|
|poke|p2|Incineroar, L50, M, shiny|
|poke|p2|Toxapex, L50, F, shiny|
|poke|p2|Venusaur, L50, M, shiny|
|teampreview|4
|showteam|p1|Raichu||RaichuniteY|LightningRod|ZapCannon,FocusBlast,FakeOut,Protect|Timid||F|||50|]Kingambit||FocusSash|Defiant|KowtowCleave,SuckerPunch,IronHead,Protect|Adamant||M|||50|]Sylveon||FairyFeather|Pixilate|HyperVoice,HyperBeam,QuickAttack,Detect|Modest||M|||50|]Whimsicott||LifeOrb|Prankster|Moonblast,Encore,Tailwind,Protect|Timid||M|||50|]Basculegion||MysticWater|Adaptability|WaveCrash,LastRespects,AquaJet,Protect|Adamant||M|||50|]Charizard||CharizarditeY|SolarPower|HeatWave,WeatherBall,SolarBeam,Protect|Modest||F|||50|
|showteam|p2|Charizard||CharizarditeY|Blaze|Protect,WeatherBall,AncientPower,HeatWave|Modest||M|||50|]Garchomp||ChoiceScarf|RoughSkin|StompingTantrum,RockSlide,Earthquake,DragonClaw|Adamant||M|||50|]Sylveon||FairyFeather|Pixilate|Detect,Yawn,QuickAttack,HyperVoice|Modest||M|||50|]Incineroar||SitrusBerry|Intimidate|FlareBlitz,PartingShot,DarkestLariat,FakeOut|Impish||M|||50|]Toxapex||Leftovers|Regenerator|BanefulBunker,WideGuard,Toxic,Infestation|Bold||F|||50|]Venusaur||LifeOrb|Chlorophyll|Protect,EarthPower,SludgeBomb,LeafStorm|Modest||M|||50|
|inactive|Battle timer is ON: inactive players will automatically lose when time's up. (requested by aqoursfan1)
|inactive|aqoursfan1 has 60 seconds left.
|inactive|Yinobo has 60 seconds left.
|inactive|Yinobo has 30 seconds left.
|inactive|Yinobo has 20 seconds left.
|
|t:|1786061973
|teamsize|p1|4
|teamsize|p2|4
|start
|switch|p1a: Charizard|Charizard, L50, F, shiny|100/100
|switch|p1b: Kingambit|Kingambit, L50, M|100/100
|switch|p2a: Venusaur|Venusaur, L50, M, shiny|100/100
|switch|p2b: Charizard|Charizard, L50, M, shiny|100/100
|turn|1
|inactive|Yinobo has 30 seconds left.
|
|t:|1786062003
|detailschange|p2b: Charizard|Charizard-Mega-Y, L50, M, shiny
|-mega|p2b: Charizard|Charizard|Charizardite Y
|-weather|SunnyDay|[from] ability: Drought|[of] p2b: Charizard
|move|p2a: Venusaur|Protect|p2a: Venusaur
|-singleturn|p2a: Venusaur|Protect
|move|p1a: Charizard|Protect|p1a: Charizard
|-singleturn|p1a: Charizard|Protect
|move|p2b: Charizard|Ancient Power|p1a: Charizard
|-activate|p1a: Charizard|move: Protect
|move|p1b: Kingambit|Kowtow Cleave|p2b: Charizard
|-damage|p2b: Charizard|47/100
|
|-weather|SunnyDay|[upkeep]
|-damage|p1a: Charizard|87/100|[from] ability: Solar Power|[of] p1a: Charizard
|upkeep
|turn|2
|
|t:|1786062027
|switch|p2b: Garchomp|Garchomp, L50, M, shiny|100/100
|move|p1b: Kingambit|Sucker Punch||[still]
|-fail|p1b: Kingambit
|move|p2a: Venusaur|Earth Power|p1b: Kingambit
|-supereffective|p1b: Kingambit|1
|-damage|p1b: Kingambit|18/100
|-damage|p2a: Venusaur|90/100|[from] item: Life Orb
|move|p1a: Charizard|Heat Wave|p2b: Garchomp|[spread] p2a,p2b
|-supereffective|p2a: Venusaur|1
|-resisted|p2b: Garchomp|1
|-damage|p2a: Venusaur|0 fnt
|-damage|p2b: Garchomp|60/100
|faint|p2a: Venusaur
|
|-weather|SunnyDay|[upkeep]
|-damage|p1a: Charizard|75/100|[from] ability: Solar Power|[of] p1a: Charizard
|upkeep
|
|t:|1786062041
|switch|p2a: Sylveon|Sylveon, L50, M, shiny|100/100
|turn|3
|
|t:|1786062053
|move|p1b: Kingambit|Protect|p1b: Kingambit
|-singleturn|p1b: Kingambit|Protect
|move|p2b: Garchomp|Rock Slide|p1b: Kingambit|[spread] p1a
|-activate|p1b: Kingambit|move: Protect
|-supereffective|p1a: Charizard|2
|-damage|p1a: Charizard|0 fnt
|faint|p1a: Charizard
|move|p2a: Sylveon|Hyper Voice|p1b: Kingambit
|-activate|p1b: Kingambit|move: Protect
|
|-weather|SunnyDay|[upkeep]
|upkeep
|
|t:|1786062059
|switch|p1a: Whimsicott|Whimsicott, L50, M|100/100
|turn|4
|
|t:|1786062066
|switch|p2b: Charizard|Charizard-Mega-Y, L50, M, shiny|47/100
|move|p1a: Whimsicott|Moonblast|p2b: Charizard
|-resisted|p2b: Charizard|1
|-damage|p2b: Charizard|27/100
|-damage|p1a: Whimsicott|90/100|[from] item: Life Orb
|move|p1b: Kingambit|Iron Head|p2a: Sylveon
|-supereffective|p2a: Sylveon|1
|-damage|p2a: Sylveon|14/100
|move|p2a: Sylveon|Hyper Voice|p1a: Whimsicott|[spread] p1a,p1b
|-damage|p1a: Whimsicott|18/100
|-damage|p1b: Kingambit|0 fnt
|faint|p1b: Kingambit
|
|-weather|SunnyDay|[upkeep]
|upkeep
|
|t:|1786062070
|switch|p1b: Raichu|Raichu, L50, F|100/100
|turn|5
|
|t:|1786062092
|detailschange|p1b: Raichu|Raichu-Mega-Y, L50, F
|-mega|p1b: Raichu|Raichu|Raichunite Y
|move|p2b: Charizard|Protect|p2b: Charizard
|-singleturn|p2b: Charizard|Protect
|move|p2a: Sylveon|Detect|p2a: Sylveon
|-singleturn|p2a: Sylveon|Protect
|move|p1b: Raichu|Zap Cannon|p2b: Charizard
|-activate|p2b: Charizard|move: Protect
|move|p1a: Whimsicott|Moonblast|p2a: Sylveon
|-activate|p2a: Sylveon|move: Protect
|
|-weather|none
|upkeep
|turn|6
|
|t:|1786062112
|move|p2a: Sylveon|Quick Attack|p1a: Whimsicott
|-damage|p1a: Whimsicott|0 fnt
|faint|p1a: Whimsicott
|move|p1b: Raichu|Zap Cannon|p2a: Sylveon
|-damage|p2a: Sylveon|0 fnt
|faint|p2a: Sylveon
|move|p2b: Charizard|Heat Wave|p1b: Raichu
|-damage|p1b: Raichu|27/100
|
|upkeep
|-message|aqoursfan1 forfeited.
|
|win|Yinobo
