|j|‽redpkmntrainer14
|j|☆lt.sentury
|html|redpkmntrainer14lt.sentury    
|uhtml|bestof|Game 2 of a best-of-3
|t:|1783513450
|gametype|doubles
|player|p1|redpkmntrainer14|101|1102
|player|p2|lt.sentury|ltsurge|1141
|gen|9
|tier|[Gen 9 Champions] VGC 2026 Reg M-B (Bo3)
|rated|
|rule|Species Clause: Limit one of each Pokémon
|rule|Item Clause: Limit 1 of each item
|clearpoke
|poke|p1|Swampert, L50, F|
|poke|p1|Sneasler, L50, F|
|poke|p1|Kingambit, L50, M|
|poke|p1|Scizor, L50, F, shiny|
|poke|p1|Glimmora, L50, F|
|poke|p1|Pelipper, L50, F|
|poke|p2|Sneasler, L50, M|
|poke|p2|Blastoise, L50, M|
|poke|p2|Kingambit, L50, M|
|poke|p2|Incineroar, L50, M|
|poke|p2|Delphox, L50, F|
|poke|p2|Sinistcha, L50|
|teampreview|4
|showteam|p1|Swampert||Swampertite|Torrent|BulkUp,Liquidation,HighHorsepower,RockSlide|Jolly||F|||50|]Sneasler||FocusSash|PoisonTouch|DireClaw,Uturn,CloseCombat,FakeOut|Adamant||F|||50|]Kingambit||LifeOrb|SupremeOverlord|Protect,KowtowCleave,IronHead,SuckerPunch|Adamant||M|||50|]Scizor||Scizorite|Technician|BulletPunch,CloseCombat,SwordsDance,BugBite|Adamant||F|||50|]Glimmora||ShucaBerry|ToxicDebris|DazzlingGleam,EarthPower,PowerGem,SludgeBomb|Modest||F|||50|]Pelipper||DampRock|Drizzle|IcyWind,MuddyWater,WideGuard,Hurricane|Modest||F|||50|
|showteam|p2|Sneasler||FocusSash|PoisonTouch|PoisonJab,CloseCombat,FakeOut,QuickGuard|Jolly||M|||50|]Blastoise||Blastoisinite|RainDish|DarkPulse,WaterSpout,ShellSmash,Protect|Modest||M|||50|]Kingambit||BlackGlasses|Defiant|KowtowCleave,SuckerPunch,SwordsDance,Protect|Adamant||M|||50|]Incineroar||SitrusBerry|Intimidate|FlareBlitz,HelpingHand,PartingShot,FakeOut|Careful||M|||50|]Delphox||Delphoxite|Blaze|HeatWave,NastyPlot,Psyshock,Protect|Modest||F|||50|]Sinistcha||KasibBerry|Hospitality|MatchaGotcha,RagePowder,TrickRoom,Protect|Bold|||||50|
|inactive|Battle timer is ON: inactive players will automatically lose when time's up. (requested by lt.sentury)
|inactive|lt.sentury has 60 seconds left.
|
|t:|1783513498
|teamsize|p1|4
|teamsize|p2|4
|start
|switch|p1a: Sneasler|Sneasler, L50, F|100/100
|switch|p1b: Kingambit|Kingambit, L50, M|100/100
|switch|p2a: Blastoise|Blastoise, L50, M|100/100
|switch|p2b: Incineroar|Incineroar, L50, M|100/100
|-ability|p2b: Incineroar|Intimidate|boost
|-unboost|p1a: Sneasler|atk|1
|-unboost|p1b: Kingambit|atk|1
|turn|1
|inactive|lt.sentury has 30 seconds left.
|
|t:|1783513527
|detailschange|p2a: Blastoise|Blastoise-Mega, L50, M
|-mega|p2a: Blastoise|Blastoise|Blastoisinite
|move|p2a: Blastoise|Protect|p2a: Blastoise
|-singleturn|p2a: Blastoise|Protect
|move|p1a: Sneasler|Close Combat|p2a: Blastoise
|-activate|p2a: Blastoise|move: Protect
|move|p2b: Incineroar|Parting Shot|p1b: Kingambit
|-unboost|p1b: Kingambit|atk|1
|-unboost|p1b: Kingambit|spa|1
|
|t:|1783513537
|switch|p2b: Sneasler|Sneasler, L50, M|100/100|[from] Parting Shot
|move|p1b: Kingambit|Kowtow Cleave|p2a: Blastoise
|-activate|p2a: Blastoise|move: Protect
|
|upkeep
|turn|2
|
|t:|1783513555
|switch|p2a: Incineroar|Incineroar, L50, M|100/100
|-ability|p2a: Incineroar|Intimidate|boost
|-unboost|p1a: Sneasler|atk|1
|-unboost|p1b: Kingambit|atk|1
|move|p1b: Kingambit|Protect|p1b: Kingambit
|-singleturn|p1b: Kingambit|Protect
|move|p2b: Sneasler|Fake Out|p1a: Sneasler
|-damage|p1a: Sneasler|74/100
|cant|p1a: Sneasler|flinch
|
|upkeep
|turn|3
|inactive|redpkmntrainer14 has 30 seconds left.
|inactive|redpkmntrainer14 has 20 seconds left.
|inactive|redpkmntrainer14 has 15 seconds left.
|inactive|redpkmntrainer14 has 10 seconds left.
|inactive|redpkmntrainer14 has 5 seconds left.
|
|t:|1783513607
|-end|p1b: Kingambit|fallenundefined|[silent]
|switch|p1b: Pelipper|Pelipper, L50, F|100/100
|-weather|RainDance|[from] ability: Drizzle|[of] p1b: Pelipper
|move|p2a: Incineroar|Fake Out|p1a: Sneasler
|-damage|p1a: Sneasler|54/100
|move|p2b: Sneasler|Close Combat|p1b: Pelipper
|-resisted|p1b: Pelipper|1
|-damage|p1b: Pelipper|67/100
|-unboost|p2b: Sneasler|def|1
|-unboost|p2b: Sneasler|spd|1
|cant|p1a: Sneasler|flinch
|
|-weather|RainDance|[upkeep]
|upkeep
|turn|4
|inactive|redpkmntrainer14 has 30 seconds left.
|inactive|redpkmntrainer14 has 20 seconds left.
|inactive|redpkmntrainer14 has 15 seconds left.
|
|t:|1783513650
|switch|p2a: Blastoise|Blastoise-Mega, L50, M|100/100
|move|p2b: Sneasler|Poison Jab|p1b: Pelipper
|-damage|p1b: Pelipper|26/100
|move|p1a: Sneasler|U-turn|p2b: Sneasler
|-resisted|p2b: Sneasler|2
|-damage|p2b: Sneasler|91/100
|
|t:|1783513659
|switch|p1a: Swampert|Swampert, L50, F|100/100|[from] U-turn
|move|p1b: Pelipper|Muddy Water|p2b: Sneasler|[spread] p2a,p2b
|-resisted|p2a: Blastoise|1
|-damage|p2a: Blastoise|76/100
|-damage|p2b: Sneasler|0 fnt
|faint|p2b: Sneasler
|
|-weather|RainDance|[upkeep]
|upkeep
|
|t:|1783513667
|switch|p2b: Incineroar|Incineroar, L50, M|100/100
|-ability|p2b: Incineroar|Intimidate|boost
|-unboost|p1a: Swampert|atk|1
|-unboost|p1b: Pelipper|atk|1
|turn|5
|inactive|redpkmntrainer14 has 30 seconds left.
|
|t:|1783513700
|detailschange|p1a: Swampert|Swampert-Mega, L50, F
|-mega|p1a: Swampert|Swampert|Swampertite
|move|p2b: Incineroar|Fake Out|p1a: Swampert
|-damage|p1a: Swampert|89/100
|move|p1b: Pelipper|Wide Guard|p1b: Pelipper
|-singleturn|p1b: Pelipper|Wide Guard
|cant|p1a: Swampert|flinch
|move|p2a: Blastoise|Water Spout|p1a: Swampert|[spread] 
|-activate|p1a: Swampert|move: Wide Guard
|-activate|p1b: Pelipper|move: Wide Guard
|
|-weather|RainDance|[upkeep]
|upkeep
|turn|6
|inactive|redpkmntrainer14 has 30 seconds left.
|inactive|redpkmntrainer14 has 20 seconds left.
|inactive|redpkmntrainer14 has 15 seconds left.
|inactive|redpkmntrainer14 has 10 seconds left.
|
|t:|1783513746
|switch|p2b: Kingambit|Kingambit, L50, M|100/100
|move|p2a: Blastoise|Protect|p2a: Blastoise
|-singleturn|p2a: Blastoise|Protect
|move|p1b: Pelipper|Wide Guard|p1b: Pelipper
|-singleturn|p1b: Pelipper|Wide Guard
|move|p1a: Swampert|Rock Slide|p2b: Kingambit|[spread] p2b
|-activate|p2a: Blastoise|move: Protect
|-resisted|p2b: Kingambit|1
|-damage|p2b: Kingambit|95/100
|
|-weather|RainDance|[upkeep]
|upkeep
|turn|7
|
|t:|1783513761
|switch|p2b: Incineroar|Incineroar, L50, M|100/100
|-ability|p2b: Incineroar|Intimidate|boost
|-unboost|p1a: Swampert|atk|1
|-unboost|p1b: Pelipper|atk|1
|move|p1a: Swampert|High Horsepower|p2b: Incineroar
|-supereffective|p2b: Incineroar|1
|-damage|p2b: Incineroar|45/100
|-enditem|p2b: Incineroar|Sitrus Berry|[eat]
|-heal|p2b: Incineroar|70/100|[from] item: Sitrus Berry
|move|p2a: Blastoise|Water Spout|p1b: Pelipper|[spread] p1a,p1b
|-resisted|p1b: Pelipper|1
|-damage|p1a: Swampert|12/100
|-damage|p1b: Pelipper|0 fnt
|faint|p1b: Pelipper
|
|-weather|RainDance|[upkeep]
|upkeep
|
|t:|1783513773
|switch|p1b: Sneasler|Sneasler, L50, F|54/100
|turn|8
|
|t:|1783513786
|move|p2b: Incineroar|Fake Out|p1a: Swampert
|-damage|p1a: Swampert|1/100
|cant|p1a: Swampert|flinch
|move|p1b: Sneasler|Close Combat|p2b: Incineroar
|-supereffective|p2b: Incineroar|1
|-damage|p2b: Incineroar|0 fnt
|-unboost|p1b: Sneasler|def|1
|-unboost|p1b: Sneasler|spd|1
|faint|p2b: Incineroar
|move|p2a: Blastoise|Shell Smash|p2a: Blastoise
|-unboost|p2a: Blastoise|def|1
|-unboost|p2a: Blastoise|spd|1
|-boost|p2a: Blastoise|atk|2
|-boost|p2a: Blastoise|spa|2
|-boost|p2a: Blastoise|spe|2
|
|-weather|RainDance|[upkeep]
|upkeep
|
|t:|1783513800
|switch|p2b: Kingambit|Kingambit, L50, M|95/100
|turn|9
|
|t:|1783513810
|switch|p1b: Kingambit|Kingambit, L50, M|100/100
|-activate|p1b: Kingambit|ability: Supreme Overlord
|-start|p1b: Kingambit|fallen1|[silent]
|move|p2b: Kingambit|Sucker Punch|p1a: Swampert
|-damage|p1a: Swampert|0 fnt
|faint|p1a: Swampert
|move|p2a: Blastoise|Water Spout|p1b: Kingambit
|-crit|p1b: Kingambit
|-damage|p1b: Kingambit|0 fnt
|faint|p1b: Kingambit
|-end|p1b: Kingambit|fallen1|[silent]
|
|-weather|RainDance|[upkeep]
|upkeep
|-message|redpkmntrainer14 forfeited.
|
|win|lt.sentury
|raw|redpkmntrainer14's rating: 1102 → 1080(-22 for losing)
|raw|lt.sentury's rating: 1141 → 1163(+22 for winning)
|l|‽redpkmntrainer14
|player|p1|
