|j|☆Vienna Vaporeons
|j|☆laufey#1fan
|html|Vienna Vaporeonslaufey#1fan    
|uhtml|bestof|Game 3 of a best-of-3
|t:|1755800316
|gametype|doubles
|player|p1|Vienna Vaporeons|266|1270
|player|p2|laufey#1fan|lady|1233
|gen|9
|tier|[Gen 9] VGC 2025 Reg H (Bo3)
|rated|
|rule|Species Clause: Limit one of each Pokémon
|rule|Item Clause: Limit 1 of each item
|clearpoke
|poke|p1|Volcarona, L50, M|
|poke|p1|Rillaboom, L50, F|
|poke|p1|Sneasler, L50, F|
|poke|p1|Kingambit, L50, M|
|poke|p1|Dragapult, L50, F|
|poke|p1|Electabuzz, L50, M|
|poke|p2|Ninetales-Alola, L50, F|
|poke|p2|Garchomp, L50, F|
|poke|p2|Dragonite, L50, M|
|poke|p2|Sneasler, L50, M|
|poke|p2|Kingambit, L50, M|
|poke|p2|Electabuzz, L50, F|
|teampreview|4
|showteam|p1|Volcarona||GrassySeed|FlameBody|HeatWave,GigaDrain,QuiverDance,Protect|||M|||50|,,,,,Grass]Rillaboom||AssaultVest|GrassySurge|FakeOut,WoodHammer,GrassyGlide,Uturn|||F|||50|,,,,,Fire]Sneasler||FocusSash|Unburden|FakeOut,CloseCombat,DireClaw,Coaching|||F|||50|,,,,,Ghost]Kingambit||BlackGlasses|Defiant|KowtowCleave,SuckerPunch,SwordsDance,Protect|||M|||50|,,,,,Dark]Dragapult||ChoiceBand|ClearBody|DragonDarts,PhantomForce,Outrage,Uturn|||F|||50|,,,,,Dragon]Electabuzz||Eviolite|VitalSpirit|Electroweb,Taunt,FollowMe,Protect|||M|||50|,,,,,Ghost
|showteam|p2|Ninetales-Alola||ChoiceSpecs|SnowWarning|Blizzard,Moonblast,FreezeDry,IcyWind|||F|||50|,,,,,Ghost]Garchomp||LifeOrb|RoughSkin|Earthquake,StompingTantrum,DragonClaw,Protect|||F|||50|,,,,,Fire]Dragonite||LoadedDice|Multiscale|ScaleShot,Haze,IceSpinner,Protect|||M|||50|,,,,,Fairy]Sneasler||FocusSash|Unburden|CloseCombat,DireClaw,FakeOut,Coaching|||M|||50|,,,,,Ghost]Kingambit||SafetyGoggles|Defiant|KowtowCleave,SuckerPunch,SwordsDance,Protect|||M|||50|,,,,,Fairy]Electabuzz||Eviolite|VitalSpirit|Protect,Thunderbolt,Taunt,FollowMe|||F|||50|,,,,,Ghost
|inactive|Battle timer is ON: inactive players will automatically lose when time's up. (requested by Vienna Vaporeons)
|
|t:|1755800361
|teamsize|p1|4
|teamsize|p2|4
|start
|switch|p1a: Volcarona|Volcarona, L50, M, shiny|100/100
|switch|p1b: Sneasler|Sneasler, L50, F, shiny|100/100
|switch|p2a: JOYBOY|Dragonite, L50, M|100/100
|switch|p2b: Jeffina|Garchomp, L50, F|100/100
|turn|1
|
|t:|1755800368
|move|p1b: Sneasler|Fake Out|p2a: JOYBOY
|-damage|p2a: JOYBOY|93/100
|move|p2b: Jeffina|Earthquake|p1b: Sneasler|[spread] p1a,p1b
|-immune|p2a: JOYBOY
|-supereffective|p1b: Sneasler
|-damage|p1a: Volcarona|40/100
|-enditem|p1b: Sneasler|Focus Sash
|-damage|p1b: Sneasler|1/100
|-damage|p2b: Jeffina|91/100|[from] item: Life Orb
|move|p1a: Volcarona|Quiver Dance|p1a: Volcarona
|-boost|p1a: Volcarona|spa|1
|-boost|p1a: Volcarona|spd|1
|-boost|p1a: Volcarona|spe|1
|cant|p2a: JOYBOY|flinch
|
|upkeep
|turn|2
|
|t:|1755800382
|-terastallize|p1a: Volcarona|Grass
|move|p2b: Jeffina|Protect|p2b: Jeffina
|-singleturn|p2b: Jeffina|Protect
|move|p1b: Sneasler|Dire Claw|p2a: JOYBOY
|-damage|p2a: JOYBOY|49/100
|-status|p2a: JOYBOY|par
|move|p1a: Volcarona|Giga Drain|p2b: Jeffina
|-activate|p2b: Jeffina|move: Protect
|move|p2a: JOYBOY|Scale Shot|p1a: Volcarona
|-damage|p1a: Volcarona|23/100
|-damage|p1a: Volcarona|3/100
|-damage|p1a: Volcarona|0 fnt
|faint|p1a: Volcarona
|-hitcount|p1: Volcarona|3
|-unboost|p2a: JOYBOY|def|1
|-boost|p2a: JOYBOY|spe|1
|
|upkeep
|
|t:|1755800387
|switch|p1a: Dragapult|Dragapult, L50, F, shiny|100/100
|turn|3
|inactive|laufey#1fan has 30 seconds left.
|inactive|laufey#1fan has 20 seconds left.
|inactive|laufey#1fan has 15 seconds left.
|inactive|laufey#1fan has 10 seconds left.
|inactive|laufey#1fan has 5 seconds left.
|
|t:|1755800443
|-terastallize|p2b: Jeffina|Fire
|move|p1b: Sneasler|Coaching|p1a: Dragapult
|-boost|p1a: Dragapult|atk|1
|-boost|p1a: Dragapult|def|1
|move|p1a: Dragapult|Dragon Darts|p2a: JOYBOY
|-supereffective|p2a: JOYBOY
|-damage|p2a: JOYBOY|0 fnt
|-anim|p1a: Dragapult|Dragon Darts|p2b: Jeffina
|-damage|p2b: Jeffina|23/100
|faint|p2a: JOYBOY
|move|p2b: Jeffina|Dragon Claw|p1a: Dragapult
|-supereffective|p1a: Dragapult
|-damage|p1a: Dragapult|0 fnt
|faint|p1a: Dragapult
|-damage|p2b: Jeffina|13/100|[from] item: Life Orb
|
|upkeep
|
|t:|1755800456
|switch|p1a: Rillaboom|Rillaboom, L50, F, shiny|100/100
|switch|p2a: Laufey|Ninetales-Alola, L50, F, shiny|100/100
|-weather|Snowscape|[from] ability: Snow Warning|[of] p2a: Laufey
|-fieldstart|move: Grassy Terrain|[from] ability: Grassy Surge|[of] p1a: Rillaboom
|turn|4
|
|t:|1755800464
|move|p1a: Rillaboom|Grassy Glide|p2b: Jeffina
|-resisted|p2b: Jeffina
|-damage|p2b: Jeffina|0 fnt
|-damage|p1a: Rillaboom|88/100|[from] ability: Rough Skin|[of] p2b: Jeffina
|faint|p2b: Jeffina
|move|p1b: Sneasler|Dire Claw|p2a: Laufey
|-supereffective|p2a: Laufey
|-damage|p2a: Laufey|7/100
|-status|p2a: Laufey|slp
|cant|p2a: Laufey|slp
|
|-weather|Snowscape|[upkeep]
|-heal|p1b: Sneasler|7/100|[from] Grassy Terrain
|-heal|p2a: Laufey|13/100 slp|[from] Grassy Terrain
|-heal|p1a: Rillaboom|94/100|[from] Grassy Terrain
|upkeep
|
|t:|1755800476
|switch|p2b: Sneasler|Sneasler, L50, M|100/100
|turn|5
|
|t:|1755800485
|move|p1a: Rillaboom|Grassy Glide|p2a: Laufey
|-damage|p2a: Laufey|0 fnt
|faint|p2a: Laufey
|move|p1b: Sneasler|Dire Claw|p2b: Sneasler
|-resisted|p2b: Sneasler
|-damage|p2b: Sneasler|66/100
|move|p2b: Sneasler|Dire Claw|p1a: Rillaboom
|-supereffective|p1a: Rillaboom
|-damage|p1a: Rillaboom|12/100
|-status|p1a: Rillaboom|slp
|
|-weather|Snowscape|[upkeep]
|-heal|p1b: Sneasler|13/100|[from] Grassy Terrain
|-heal|p2b: Sneasler|72/100|[from] Grassy Terrain
|-heal|p1a: Rillaboom|18/100 slp|[from] Grassy Terrain
|upkeep
|turn|6
|c|☆Vienna Vaporeons|goofy match
|inactive|laufey#1fan has 30 seconds left.
|inactive|laufey#1fan has 20 seconds left.
|inactive|laufey#1fan has 15 seconds left.
|
|t:|1755800528
|move|p1b: Sneasler|Dire Claw|p2b: Sneasler
|-resisted|p2b: Sneasler
|-damage|p2b: Sneasler|35/100
|move|p2b: Sneasler|Dire Claw|p1b: Sneasler
|-resisted|p1b: Sneasler
|-damage|p1b: Sneasler|0 fnt
|faint|p1b: Sneasler
|cant|p1a: Rillaboom|slp
|
|-weather|Snowscape|[upkeep]
|-heal|p2b: Sneasler|41/100|[from] Grassy Terrain
|-heal|p1a: Rillaboom|24/100 slp|[from] Grassy Terrain
|upkeep
|turn|7
|
|t:|1755800535
|cant|p1a: Rillaboom|slp
|move|p2b: Sneasler|Dire Claw|p1a: Rillaboom
|-supereffective|p1a: Rillaboom
|-damage|p1a: Rillaboom|0 fnt
|faint|p1a: Rillaboom
|
|win|laufey#1fan
|raw|Vienna Vaporeons's rating: 1270 → 1242(-28 for losing)
|raw|laufey#1fan's rating: 1233 → 1261(+28 for winning)
|c|☆Vienna Vaporeons|truly an expression of skill from both sides smh
|c|☆laufey#1fan|i hate this game
|c|☆laufey#1fan|i hate this format
|c|☆laufey#1fan|i cant wait for sneasler to be everywhere in vegas
|l|☆Vienna Vaporeons
|player|p1|
|l|☆laufey#1fan
|player|p2|
|j|☆Vienna Vaporeons
|player|p1|Vienna Vaporeons|266|
|l|☆Vienna Vaporeons
|player|p1|
