|j|☆TobiYume
|j|☆AndrewsWho
|html|TobiYumeAndrewsWho    
|uhtml|bestof|Game 3 of a best-of-3
|t:|1756730756
|gametype|doubles
|player|p1|TobiYume|roxie|1204
|player|p2|AndrewsWho|266|1165
|gen|9
|tier|[Gen 9] VGC 2025 Reg H (Bo3)
|rated|
|rule|Species Clause: Limit one of each Pokémon
|rule|Item Clause: Limit 1 of each item
|clearpoke
|poke|p1|Decidueye-Hisui, L50, M|
|poke|p1|Sylveon, L50, F|
|poke|p1|Talonflame, L50, F|
|poke|p1|Tyranitar, L50, M|
|poke|p1|Garchomp, L50, M|
|poke|p1|Gholdengo, L50|
|poke|p2|Charizard, L50, F|
|poke|p2|Torkoal, L50, F|
|poke|p2|Porygon2, L50|
|poke|p2|Incineroar, L50, M|
|poke|p2|Jumpluff, L50, F|
|poke|p2|Ursaluna, L50, M|
|teampreview|4
|showteam|p1|Decidueye-Hisui||RazorClaw|Scrappy|TripleArrows,LeafBlade,SuckerPunch,Protect|||M|||50|,,,,,Fire]Sylveon||ThroatSpray|Pixilate|HyperVoice,HyperBeam,TeraBlast,Protect|||F|||50|,,,,,Water]Talonflame||CovertCloak|GaleWings|Tailwind,WillOWisp,BraveBird,Taunt|||F|||50|,,,,,Grass]Tyranitar||AssaultVest|SandStream|RockSlide,KnockOff,TeraBlast,LowKick|||M|||50|,,,,,Flying]Garchomp||LifeOrb|RoughSkin|DragonClaw,StompingTantrum,Earthquake,Protect|||M|||50|,,,,,Steel]Gholdengo||Leftovers|GoodasGold|MakeItRain,ShadowBall,NastyPlot,Protect||||||50|,,,,,Dragon
|showteam|p2|Charizard||ChoiceSpecs|SolarPower|HeatWave,Overheat,WeatherBall,AirSlash|||F|||50|,,,,,Ghost]Torkoal||EjectPack|Drought|Eruption,Overheat,HelpingHand,Protect|||F|||50|,,,,,Fire]Porygon2||Eviolite|Download|TeraBlast,IceBeam,Recover,TrickRoom||||||50|,,,,,Fighting]Incineroar||SitrusBerry|Intimidate|FlareBlitz,KnockOff,FakeOut,PartingShot|||M|||50|,,,,,Ghost]Jumpluff||CovertCloak|Chlorophyll|SleepPowder,SunnyDay,RagePowder,Tailwind|||F|||50|,,,,,Water]Ursaluna||FlameOrb|Guts|HeadlongRush,Facade,Earthquake,Protect|||M|||50|,,,,,Ghost
|
|t:|1756730782
|teamsize|p1|4
|teamsize|p2|4
|start
|switch|p1a: Elie|Talonflame, L50, F|100/100
|switch|p1b: Kloe|Sylveon, L50, F, shiny|100/100
|switch|p2a: Porygon2|Porygon2, L50|100/100
|switch|p2b: Jumpluff|Jumpluff, L50, F|100/100
|-ability|p2a: Porygon2|Download|boost
|-boost|p2a: Porygon2|atk|1
|turn|1
|
|t:|1756730792
|move|p2b: Jumpluff|Rage Powder|p2b: Jumpluff
|-singleturn|p2b: Jumpluff|move: Rage Powder
|move|p1a: Elie|Taunt|p2b: Jumpluff
|-start|p2b: Jumpluff|move: Taunt
|move|p1b: Kloe|Hyper Voice|p2b: Jumpluff|[spread] p2a,p2b
|-damage|p2a: Porygon2|72/100
|-damage|p2b: Jumpluff|57/100
|-enditem|p1b: Kloe|Throat Spray
|-boost|p1b: Kloe|spa|1|[from] item: Throat Spray
|move|p2a: Porygon2|Trick Room|p2a: Porygon2
|-fieldstart|move: Trick Room|[of] p2a: Porygon2
|
|upkeep
|turn|2
|
|t:|1756730813
|switch|p2b: Ursaluna|Ursaluna, L50, M|100/100
|move|p1a: Elie|Brave Bird|p2b: Ursaluna
|-damage|p2b: Ursaluna|72/100
|-damage|p1a: Elie|89/100|[from] Recoil
|move|p2a: Porygon2|Ice Beam|p1a: Elie
|-damage|p1a: Elie|52/100
|move|p1b: Kloe|Hyper Voice|p2a: Porygon2|[spread] p2a,p2b
|-damage|p2a: Porygon2|35/100
|-damage|p2b: Ursaluna|17/100
|
|-status|p2b: Ursaluna|brn|[from] item: Flame Orb
|upkeep
|turn|3
|
|t:|1756730848
|move|p1b: Kloe|Protect|p1b: Kloe
|-singleturn|p1b: Kloe|Protect
|move|p2a: Porygon2|Tera Blast|p1a: Elie
|-damage|p1a: Elie|0 fnt
|faint|p1a: Elie
|move|p2b: Ursaluna|Facade|p1b: Kloe
|-activate|p1b: Kloe|move: Protect
|
|-damage|p2b: Ursaluna|11/100 brn|[from] brn
|upkeep
|
|t:|1756730858
|switch|p1a: Kevin|Decidueye-Hisui, L50, M, shiny|100/100
|turn|4
|
|t:|1756730880
|switch|p2b: Incineroar|Incineroar, L50, M|100/100
|-ability|p2b: Incineroar|Intimidate|boost
|-fail|p1a: Kevin|unboost|Attack|[from] ability: Scrappy|[of] p1a: Kevin
|-unboost|p1b: Kloe|atk|1
|-terastallize|p1a: Kevin|Fire
|move|p1a: Kevin|Sucker Punch||[still]
|-fail|p1a: Kevin
|move|p2a: Porygon2|Recover|p2a: Porygon2
|-heal|p2a: Porygon2|85/100
|move|p1b: Kloe|Hyper Voice|p2a: Porygon2|[spread] p2a,p2b
|-damage|p2a: Porygon2|49/100
|-damage|p2b: Incineroar|40/100
|-enditem|p2b: Incineroar|Sitrus Berry|[eat]
|-heal|p2b: Incineroar|64/100|[from] item: Sitrus Berry
|
|upkeep
|turn|5
|
|t:|1756730907
|move|p1b: Kloe|Protect|p1b: Kloe
|-singleturn|p1b: Kloe|Protect
|move|p1a: Kevin|Protect|p1a: Kevin
|-singleturn|p1a: Kevin|Protect
|move|p2a: Porygon2|Recover|p2a: Porygon2
|-heal|p2a: Porygon2|99/100
|move|p2b: Incineroar|Parting Shot|p1b: Kloe
|-activate|p1b: Kloe|move: Protect
|
|-fieldend|move: Trick Room
|upkeep
|turn|6
|
|t:|1756730925
|move|p1a: Kevin|Triple Arrows|p2b: Incineroar
|-supereffective|p2b: Incineroar
|-crit|p2b: Incineroar
|-damage|p2b: Incineroar|0 fnt
|faint|p2b: Incineroar
|move|p2a: Porygon2|Tera Blast|p1a: Kevin
|-damage|p1a: Kevin|57/100
|move|p1b: Kloe|Hyper Beam|p2a: Porygon2
|-damage|p2a: Porygon2|10/100
|-mustrecharge|p1b: Kloe
|
|upkeep
|
|t:|1756730935
|switch|p2b: Jumpluff|Jumpluff, L50, F|57/100
|turn|7
|
|t:|1756730943
|move|p2b: Jumpluff|Sleep Powder|p1a: Kevin
|-status|p1a: Kevin|slp|[from] move: Sleep Powder
|cant|p1a: Kevin|slp
|move|p2a: Porygon2|Recover|p2a: Porygon2
|-heal|p2a: Porygon2|60/100
|cant|p1b: Kloe|recharge
|
|upkeep
|turn|8
|
|t:|1756730958
|switch|p2a: Ursaluna|Ursaluna, L50, M|11/100 brn
|move|p2b: Jumpluff|Sleep Powder|p1b: Kloe
|-status|p1b: Kloe|slp|[from] move: Sleep Powder
|cant|p1a: Kevin|slp
|cant|p1b: Kloe|slp
|
|-damage|p2a: Ursaluna|5/100 brn|[from] brn
|upkeep
|turn|9
|
|t:|1756730971
|cant|p1a: Kevin|slp
|-curestatus|p1b: Kloe|slp|[msg]
|move|p1b: Kloe|Protect|p1b: Kloe
|-singleturn|p1b: Kloe|Protect
|move|p2b: Jumpluff|Rage Powder|p2b: Jumpluff
|-singleturn|p2b: Jumpluff|move: Rage Powder
|move|p2a: Ursaluna|Earthquake|p1b: Kloe|[spread] p1a
|-activate|p1b: Kloe|move: Protect
|-immune|p2b: Jumpluff
|-supereffective|p1a: Kevin
|-damage|p1a: Kevin|0 fnt
|faint|p1a: Kevin
|
|-damage|p2a: Ursaluna|0 fnt|[from] brn
|faint|p2a: Ursaluna
|upkeep
|
|t:|1756730980
|switch|p1a: Randy|Tyranitar, L50, M|100/100
|switch|p2a: Porygon2|Porygon2, L50|60/100
|-weather|Sandstorm|[from] ability: Sand Stream|[of] p1a: Randy
|-ability|p2a: Porygon2|Download|boost
|-boost|p2a: Porygon2|atk|1
|turn|10
|
|t:|1756730990
|-terastallize|p2a: Porygon2|Fighting
|move|p2b: Jumpluff|Sleep Powder|p1a: Randy
|-status|p1a: Randy|slp|[from] move: Sleep Powder
|cant|p1a: Randy|slp
|move|p2a: Porygon2|Tera Blast|p1a: Randy|[anim] Tera Blast Fighting
|-supereffective|p1a: Randy
|-damage|p1a: Randy|37/100 slp
|move|p1b: Kloe|Hyper Voice|p2a: Porygon2|[spread] p2a,p2b
|-supereffective|p2a: Porygon2
|-damage|p2a: Porygon2|0 fnt
|-damage|p2b: Jumpluff|0 fnt
|faint|p2a: Porygon2
|faint|p2b: Jumpluff
|
|win|TobiYume
|raw|TobiYume's rating: 1204 → 1226(+22 for winning)
|raw|AndrewsWho's rating: 1165 → 1143(-22 for losing)
|l|☆AndrewsWho
|player|p2|
