|j|‽babysha
|j|‽Juaner95
|html|babyshaJuaner95    
|uhtml|bestof|Game 2 of a best-of-3
|t:|1785988218
|gametype|doubles
|player|p1|babysha|firebreather|1235
|player|p2|Juaner95|ash-hoenn|1235
|gen|9
|tier|[Gen 9 Champions] VGC 2026 Reg M-B (Bo3)
|rated|
|rule|Species Clause: Limit one of each Pokémon
|rule|Item Clause: Limit 1 of each item
|clearpoke
|poke|p1|Aerodactyl, L50, M|
|poke|p1|Kingambit, L50, M|
|poke|p1|Sinistcha, L50|
|poke|p1|Swampert, L50, F|
|poke|p1|Sneasler, L50, F|
|poke|p1|Pelipper, L50, M|
|poke|p2|Falinks, L50|
|poke|p2|Farigiraf, L50, M, shiny|
|poke|p2|Staraptor, L50, F|
|poke|p2|Incineroar, L50, M|
|poke|p2|Kingambit, L50, M|
|poke|p2|Sinistcha-Masterpiece, L50|
|teampreview|4
|showteam|p1|Aerodactyl||Aerodactylite|Unnerve|Tailwind,DualWingbeat,RockSlide,Protect|Jolly||M|||50|]Kingambit||LifeOrb|Defiant|KowtowCleave,SuckerPunch,LowKick,Protect|Jolly||M|||50|]Sinistcha||SitrusBerry|Hospitality|RagePowder,MatchaGotcha,Imprison,TrickRoom|Bold|||||50|]Swampert||Swampertite|Torrent|WaveCrash,Earthquake,IcePunch,Protect|Adamant||F|||50|]Sneasler||WhiteHerb|Unburden|FakeOut,DireClaw,CloseCombat,Protect|Adamant||F|||50|]Pelipper||FocusSash|Drizzle|Tailwind,Hurricane,WeatherBall,Protect|Timid||M|||50|
|showteam|p2|Falinks||Falinksite|Defiant|CloseCombat,RockSlide,Protect,NoRetreat|Adamant|||||50|]Farigiraf||SitrusBerry|ArmorTail|Psychic,HelpingHand,AllySwitch,TrickRoom|Bold||M|||50|]Staraptor||ChoiceScarf|Intimidate|FinalGambit,DualWingbeat,CloseCombat,Tailwind|Jolly||F|||50|]Incineroar||LumBerry|Intimidate|FlareBlitz,ThroatChop,PartingShot,FakeOut|Careful||M|||50|]Kingambit||BlackGlasses|Defiant|KowtowCleave,IronHead,SuckerPunch,LowKick|Brave||M|||50|]Sinistcha-Masterpiece||KasibBerry|Hospitality|MatchaGotcha,RagePowder,TrickRoom,LifeDew|Relaxed|||||50|
|inactive|Battle timer is ON: inactive players will automatically lose when time's up. (requested by babysha)
|j| Energiesole
|inactive|Juaner95 has 60 seconds left.
|inactive|Juaner95 has 30 seconds left.
|inactive|Juaner95 has 20 seconds left.
|
|t:|1785988292
|teamsize|p1|4
|teamsize|p2|4
|start
|switch|p1a: Swampert|Swampert, L50, F|100/100
|switch|p1b: Sinistcha|Sinistcha, L50|100/100
|switch|p2a: Staraptor|Staraptor, L50, F|100/100
|switch|p2b: Incineroar|Incineroar, L50, M|100/100
|-ability|p2a: Staraptor|Intimidate|boost
|-unboost|p1a: Swampert|atk|1
|-unboost|p1b: Sinistcha|atk|1
|-ability|p2b: Incineroar|Intimidate|boost
|-unboost|p1a: Swampert|atk|1
|-unboost|p1b: Sinistcha|atk|1
|turn|1
|
|t:|1785988313
|switch|p1a: Pelipper|Pelipper, L50, M|100/100
|-weather|RainDance|[from] ability: Drizzle|[of] p1a: Pelipper
|switch|p1b: Kingambit|Kingambit, L50, M|100/100
|move|p2b: Incineroar|Fake Out|p1a: Pelipper
|-crit|p1a: Pelipper
|-damage|p1a: Pelipper|78/100
|move|p2a: Staraptor|Final Gambit|p1a: Pelipper
|-damage|p1a: Pelipper|0 fnt
|faint|p2a: Staraptor
|faint|p1a: Pelipper
|
|-weather|RainDance|[upkeep]
|upkeep
|
|t:|1785988327
|switch|p2a: Falinks|Falinks, L50|100/100
|switch|p1a: Swampert|Swampert, L50, F|100/100
|turn|2
|
|t:|1785988346
|detailschange|p1a: Swampert|Swampert-Mega, L50, F
|-mega|p1a: Swampert|Swampert|Swampertite
|move|p2a: Falinks|Protect|p2a: Falinks
|-singleturn|p2a: Falinks|Protect
|move|p1a: Swampert|Wave Crash|p2a: Falinks
|-activate|p2a: Falinks|move: Protect
|move|p1b: Kingambit|Low Kick|p2b: Incineroar
|-supereffective|p2b: Incineroar|1
|-damage|p2b: Incineroar|32/100
|-damage|p1b: Kingambit|90/100|[from] item: Life Orb
|move|p2b: Incineroar|Parting Shot|p1a: Swampert
|-unboost|p1a: Swampert|atk|1
|-unboost|p1a: Swampert|spa|1
|
|t:|1785988354
|switch|p2b: Farigiraf|Farigiraf, L50, M, shiny|100/100|[from] Parting Shot
|
|-weather|RainDance|[upkeep]
|upkeep
|turn|3
|
|t:|1785988363
|detailschange|p2a: Falinks|Falinks-Mega, L50
|-mega|p2a: Falinks|Falinks|Falinksite
|move|p2b: Farigiraf|Ally Switch|p2b: Farigiraf
|swap|p2b: Farigiraf|0|[from] move: Ally Switch
|move|p1a: Swampert|Wave Crash|p2a: Farigiraf
|-damage|p2a: Farigiraf|47/100
|-enditem|p2a: Farigiraf|Sitrus Berry|[eat]
|-heal|p2a: Farigiraf|72/100|[from] item: Sitrus Berry
|-damage|p1a: Swampert|77/100|[from] Recoil
|move|p2b: Falinks|No Retreat|p2b: Falinks
|-boost|p2b: Falinks|atk|1
|-boost|p2b: Falinks|def|1
|-boost|p2b: Falinks|spa|1
|-boost|p2b: Falinks|spd|1
|-boost|p2b: Falinks|spe|1
|-start|p2b: Falinks|move: No Retreat
|move|p1b: Kingambit|Kowtow Cleave|p2b: Falinks
|-resisted|p2b: Falinks|1
|-damage|p2b: Falinks|78/100
|-damage|p1b: Kingambit|80/100|[from] item: Life Orb
|
|-weather|RainDance|[upkeep]
|upkeep
|turn|4
|inactive|Juaner95 has 30 seconds left.
|
|t:|1785988393
|move|p1a: Swampert|Wave Crash|p2b: Falinks
|-damage|p2b: Falinks|31/100
|-damage|p1a: Swampert|65/100|[from] Recoil
|move|p2b: Falinks|Close Combat|p1b: Kingambit
|-supereffective|p1b: Kingambit|2
|-damage|p1b: Kingambit|0 fnt
|-unboost|p2b: Falinks|def|1
|-unboost|p2b: Falinks|spd|1
|faint|p1b: Kingambit
|move|p2a: Farigiraf|Psychic|p1a: Swampert
|-damage|p1a: Swampert|36/100
|
|-weather|RainDance|[upkeep]
|upkeep
|
|t:|1785988405
|switch|p1b: Sinistcha|Sinistcha, L50|100/100
|-heal|p1a: Swampert|61/100|[from] ability: Hospitality|[of] p1b: Sinistcha
|turn|5
|
|t:|1785988425
|move|p1a: Swampert|Protect|p1a: Swampert
|-singleturn|p1a: Swampert|Protect
|move|p2a: Farigiraf|Ally Switch|p2a: Farigiraf
|swap|p2a: Farigiraf|1|[from] move: Ally Switch
|move|p2a: Falinks|Close Combat|p1a: Swampert
|-activate|p1a: Swampert|move: Protect
|move|p1b: Sinistcha|Imprison|p1b: Sinistcha
|-start|p1b: Sinistcha|move: Imprison
|
|-weather|none
|upkeep
|turn|6
|
|t:|1785988441
|move|p2b: Farigiraf|Helping Hand|p2a: Falinks
|-singleturn|p2a: Falinks|Helping Hand|[of] p2b: Farigiraf
|move|p2a: Falinks|Close Combat|p1a: Swampert
|-damage|p1a: Swampert|0 fnt
|-unboost|p2a: Falinks|def|1
|-unboost|p2a: Falinks|spd|1
|faint|p1a: Swampert
|move|p1b: Sinistcha|Matcha Gotcha|p2a: Falinks|[spread] p2a,p2b
|-damage|p2a: Falinks|0 fnt
|-damage|p2b: Farigiraf|47/100
|-status|p2b: Farigiraf|brn
|faint|p2a: Falinks
|
|-damage|p2b: Farigiraf|41/100 brn|[from] brn
|upkeep
|-message|babysha forfeited.
|
|win|Juaner95
|raw|babysha's rating: 1235 → 1210(-25 for losing)
|raw|Juaner95's rating: 1235 → 1260(+25 for winning)
|l|‽babysha
|player|p1|
|l| Energiesole
