|j|☆goodbye brede
|j|☆azulite_poke
|html|goodbye bredeazulite_poke    
|uhtml|bestof|Game 3 of a best-of-3
|t:|1782501141
|gametype|doubles
|player|p1|goodbye brede|#smogonxnpa2026draftee2|
|player|p2|azulite_poke|#smogonxnpa2026draftee|
|gen|9
|tier|[Gen 9 Champions] VGC 2026 Reg M-B (Bo3)
|rule|Species Clause: Limit one of each Pokémon
|rule|Item Clause: Limit 1 of each item
|clearpoke
|poke|p1|Grimmsnarl, L50, M|
|poke|p1|Metagross, L50|
|poke|p1|Swampert, L50, M|
|poke|p1|Pelipper, L50, M|
|poke|p1|Sinistcha, L50|
|poke|p1|Archaludon, L50, F|
|poke|p2|Aerodactyl, L50, M|
|poke|p2|Garchomp, L50, M|
|poke|p2|Kingambit, L50, M|
|poke|p2|Charizard, L50, M|
|poke|p2|Sylveon, L50, M|
|poke|p2|Farigiraf, L50, M|
|teampreview|4
|showteam|p1|Grimmsnarl||LightClay|Prankster|SpiritBreak,Reflect,LightScreen,PartingShot|Careful||M|||50|]Metagross||Metagrossite|ClearBody|IronHead,PsychicFangs,BodyPress,Protect|Jolly|||||50|]Swampert||Swampertite|Damp|Earthquake,WaveCrash,IcePunch,Protect|Adamant||M|||50|]Pelipper||LifeOrb|Drizzle|WeatherBall,Hurricane,Tailwind,Protect|Timid||M|||50|]Sinistcha||CobaBerry|Hospitality|MatchaGotcha,RagePowder,TrickRoom,Protect|Bold|||||50|]Archaludon||Leftovers|Stamina|FlashCannon,DragonPulse,ElectroShot,Protect|Modest||F|||50|
|showteam|p2|Aerodactyl||Aerodactylite|Unnerve|IceFang,RockSlide,Tailwind,DualWingbeat|Jolly||M|||50|]Garchomp||LifeOrb|RoughSkin|DragonClaw,StompingTantrum,Earthquake,Protect|Jolly||M|||50|]Kingambit||FocusSash|Defiant|SuckerPunch,KowtowCleave,IronHead,LowKick|Adamant||M|||50|]Charizard||CharizarditeY|Blaze|Protect,WeatherBall,HeatWave,SolarBeam|Modest||M|||50|]Sylveon||FairyFeather|Pixilate|Protect,HyperVoice,HyperBeam,QuickAttack|Modest||M|||50|]Farigiraf||SitrusBerry|ArmorTail|TrickRoom,Thunderbolt,Roar,TwinBeam|Relaxed||M|||50|
|j| Finabas
|j| Justified Joe
|j| Triir
|j| Bytev24
|j| Axior
|j| Flarefox
|l| Finabas
|j| Tang Strawberry
|j| Scotty1vgc
|j| thebusinesspiggy2
|j| ZekromZeke
|l| Bytev24
|j| ledinoleo
|j| superstar jamie
|j| raging bolt stall
|j| gahaku
|j| Soumetsu
|l| ZekromZeke
|j| mousehouse 2
|j| Bytev24
|l| Bytev24
|
|t:|1782501217
|teamsize|p1|4
|teamsize|p2|4
|start
|switch|p1a: Grimmsnarl|Grimmsnarl, L50, M|100/100
|switch|p1b: Swampert|Swampert, L50, M|100/100
|switch|p2a: Charizard|Charizard, L50, M|100/100
|switch|p2b: Farigiraf|Farigiraf, L50, M|100/100
|turn|1
|j| mnist trainer
|j| thacrow
|j| Finabas
|l| raging bolt stall
|j| Bytev24
|j| raging bolt stall
|
|t:|1782501251
|move|p2a: Charizard|Protect|p2a: Charizard
|-singleturn|p2a: Charizard|Protect
|move|p1b: Swampert|Protect|p1b: Swampert
|-singleturn|p1b: Swampert|Protect
|move|p1a: Grimmsnarl|Light Screen|p1a: Grimmsnarl
|-sidestart|p1: goodbye brede|move: Light Screen
|move|p2b: Farigiraf|Thunderbolt|p1a: Grimmsnarl
|-damage|p1a: Grimmsnarl|86/100
|
|upkeep
|turn|2
|j| parlayprince
|inactive|Battle timer is ON: inactive players will automatically lose when time's up. (requested by goodbye brede)
|
|t:|1782501309
|switch|p1b: Archaludon|Archaludon, L50, F|100/100
|detailschange|p2a: Charizard|Charizard-Mega-Y, L50, M
|-mega|p2a: Charizard|Charizard|Charizardite Y
|-weather|SunnyDay|[from] ability: Drought|[of] p2a: Charizard
|move|p2a: Charizard|Solar Beam||[still]
|-prepare|p2a: Charizard|Solar Beam
|-anim|p2a: Charizard|Solar Beam|p1b: Archaludon
|-resisted|p1b: Archaludon|2
|-damage|p1b: Archaludon|92/100
|-ability|p1b: Archaludon|Stamina|boost
|-boost|p1b: Archaludon|def|1
|move|p1a: Grimmsnarl|Spirit Break|p2a: Charizard
|-resisted|p2a: Charizard|1
|-damage|p2a: Charizard|83/100
|-unboost|p2a: Charizard|spa|1
|move|p2b: Farigiraf|Thunderbolt|p1a: Grimmsnarl
|-damage|p1a: Grimmsnarl|71/100
|
|-weather|SunnyDay|[upkeep]
|-heal|p1b: Archaludon|98/100|[from] item: Leftovers
|upkeep
|turn|3
|j| YOASOBI stan
|l| Scotty1vgc
|inactive|goodbye brede has 30 seconds left.
|inactive|goodbye brede has 20 seconds left.
|
|t:|1782501345
|switch|p2a: Kingambit|Kingambit, L50, M|100/100
|move|p1b: Archaludon|Dragon Pulse|p2a: Kingambit
|-resisted|p2a: Kingambit|1
|-damage|p2a: Kingambit|76/100
|move|p1a: Grimmsnarl|Spirit Break|p2a: Kingambit
|-damage|p2a: Kingambit|51/100
|-unboost|p2a: Kingambit|spa|1
|-ability|p2a: Kingambit|Defiant|boost
|-boost|p2a: Kingambit|atk|2
|move|p2b: Farigiraf|Roar|p1b: Archaludon
|drag|p1b: Swampert|Swampert, L50, M|100/100
|
|-weather|SunnyDay|[upkeep]
|upkeep
|turn|4
|j| Scotty1vgc
|inactive|goodbye brede has 30 seconds left.
|inactive|azulite_poke has 30 seconds left.
|j| Galahad Excalibur
|inactive|goodbye brede has 20 seconds left.
|inactive|azulite_poke has 20 seconds left.
|inactive|azulite_poke has 15 seconds left.
|inactive|azulite_poke has 10 seconds left.
|
|t:|1782501391
|switch|p2b: Charizard|Charizard-Mega-Y, L50, M|83/100
|detailschange|p1b: Swampert|Swampert-Mega, L50, M
|-mega|p1b: Swampert|Swampert|Swampertite
|move|p1a: Grimmsnarl|Reflect|p1a: Grimmsnarl
|-sidestart|p1: goodbye brede|Reflect
|move|p1b: Swampert|Earthquake|p2b: Charizard|[spread] p1a,p2a
|-immune|p2b: Charizard
|-supereffective|p2a: Kingambit|1
|-damage|p1a: Grimmsnarl|39/100
|-damage|p2a: Kingambit|0 fnt
|faint|p2a: Kingambit
|
|-weather|SunnyDay|[upkeep]
|upkeep
|j| templevgc
|
|t:|1782501400
|switch|p2a: Farigiraf|Farigiraf, L50, M|100/100
|turn|5
|inactive|azulite_poke has 30 seconds left.
|
|t:|1782501427
|switch|p1a: Pelipper|Pelipper, L50, M|100/100
|-weather|RainDance|[from] ability: Drizzle|[of] p1a: Pelipper
|move|p1b: Swampert|Wave Crash|p2a: Farigiraf
|-damage|p2a: Farigiraf|10/100
|-enditem|p2a: Farigiraf|Sitrus Berry|[eat]
|-heal|p2a: Farigiraf|35/100|[from] item: Sitrus Berry
|-damage|p1b: Swampert|63/100|[from] Recoil
|move|p2b: Charizard|Solar Beam||[still]
|-prepare|p2b: Charizard|Solar Beam
|move|p2a: Farigiraf|Trick Room|p2a: Farigiraf
|-fieldstart|move: Trick Room|[of] p2a: Farigiraf
|
|-weather|RainDance|[upkeep]
|upkeep
|turn|6
|j| FakeOutMIR
|
|t:|1782501446
|switch|p1a: Grimmsnarl|Grimmsnarl, L50, M|39/100
|switch|p1b: Archaludon|Archaludon, L50, F|98/100
|move|p2a: Farigiraf|Thunderbolt|p1a: Grimmsnarl
|-damage|p1a: Grimmsnarl|24/100
|move|p2b: Charizard|Solar Beam|p1b: Archaludon|[from] lockedmove
|-resisted|p1b: Archaludon|2
|-damage|p1b: Archaludon|94/100
|-ability|p1b: Archaludon|Stamina|boost
|-boost|p1b: Archaludon|def|1
|
|-weather|RainDance|[upkeep]
|-heal|p1b: Archaludon|100/100|[from] item: Leftovers
|upkeep
|turn|7
|inactive|goodbye brede has 30 seconds left.
|
|t:|1782501473
|switch|p2a: Garchomp|Garchomp, L50, M|100/100
|move|p1a: Grimmsnarl|Spirit Break|p2b: Charizard
|-resisted|p2b: Charizard|1
|-damage|p2b: Charizard|68/100
|-unboost|p2b: Charizard|spa|1
|move|p1b: Archaludon|Electro Shot||[still]
|-prepare|p1b: Archaludon|Electro Shot
|-boost|p1b: Archaludon|spa|1
|-anim|p1b: Archaludon|Electro Shot|p2a: Garchomp
|-immune|p2a: Garchomp
|move|p2b: Charizard|Weather Ball|p1a: Grimmsnarl
|-damage|p1a: Grimmsnarl|2/100
|
|-weather|RainDance|[upkeep]
|upkeep
|turn|8
|j| ZekromZeke
|inactive|goodbye brede has 30 seconds left.
|
|t:|1782501501
|move|p2a: Garchomp|Protect|p2a: Garchomp
|-singleturn|p2a: Garchomp|Protect
|move|p1a: Grimmsnarl|Spirit Break|p2b: Charizard
|-resisted|p2b: Charizard|1
|-damage|p2b: Charizard|52/100
|-unboost|p2b: Charizard|spa|1
|move|p1b: Archaludon|Dragon Pulse|p2a: Garchomp
|-activate|p2a: Garchomp|move: Protect
|move|p2b: Charizard|Heat Wave|p1a: Grimmsnarl|[spread] p1a,p1b
|-damage|p1a: Grimmsnarl|0 fnt
|-damage|p1b: Archaludon|92/100
|-ability|p1b: Archaludon|Stamina|boost
|-boost|p1b: Archaludon|def|1
|faint|p1a: Grimmsnarl
|
|-weather|RainDance|[upkeep]
|-heal|p1b: Archaludon|98/100|[from] item: Leftovers
|-sideend|p1: goodbye brede|move: Light Screen
|upkeep
|
|t:|1782501509
|switch|p1a: Swampert|Swampert-Mega, L50, M|63/100
|turn|9
|
|t:|1782501517
|switch|p2b: Farigiraf|Farigiraf, L50, M|35/100
|move|p2a: Garchomp|Protect||[still]
|-fail|p2a: Garchomp
|move|p1b: Archaludon|Dragon Pulse|p2a: Garchomp
|-supereffective|p2a: Garchomp|1
|-damage|p2a: Garchomp|0 fnt
|faint|p2a: Garchomp
|move|p1a: Swampert|Wave Crash|p2b: Farigiraf
|-damage|p2b: Farigiraf|0 fnt
|faint|p2b: Farigiraf
|-damage|p1a: Swampert|48/100|[from] Recoil
|
|-weather|none
|-heal|p1b: Archaludon|100/100|[from] item: Leftovers
|-fieldend|move: Trick Room
|upkeep
|c|☆azulite_poke|ggs
|-message|azulite_poke forfeited.
|
|win|goodbye brede
|c|☆goodbye brede|ggs
|l| gahaku
|l| Bytev24
|l| YOASOBI stan
|l| thebusinesspiggy2
|l| Scotty1vgc
|l| Galahad Excalibur
|l| thacrow
|l| Triir
|l| raging bolt stall
|l| Tang Strawberry
|l| FakeOutMIR
|j| comfy n ez 2 wear
|l| ZekromZeke
|l| Axior
|l| Finabas
|j| A Regu1ar Guy
|l| Justified Joe
|l| superstar jamie
|l| parlayprince
|l| comfy n ez 2 wear
|l| mousehouse 2
|l| A Regu1ar Guy
