|j|‽il mule
|j|☆elmono11
|html|il muleelmono11    
|uhtml|bestof|Game 2 of a best-of-3
|t:|1785594174
|gametype|doubles
|player|p1|il mule|102|1460
|player|p2|elmono11|101|1461
|gen|9
|tier|[Gen 9 Champions] VGC 2026 Reg M-B (Bo3)
|rated|
|rule|Species Clause: Limit one of each Pokémon
|rule|Item Clause: Limit 1 of each item
|clearpoke
|poke|p1|Excadrill, L50, M|
|poke|p1|Tyranitar, L50, F|
|poke|p1|Sneasler, L50, M|
|poke|p1|Incineroar, L50, M|
|poke|p1|Delphox, L50, M|
|poke|p1|Sinistcha, L50|
|poke|p2|Staraptor, L50, M|
|poke|p2|Garchomp, L50, M|
|poke|p2|Whimsicott, L50, M|
|poke|p2|Delphox, L50, M|
|poke|p2|Glimmora, L50, M|
|poke|p2|Kingambit, L50, M|
|teampreview|4
|showteam|p1|Excadrill||FocusSash|SandRush|HighHorsepower,IronHead,RockSlide,Protect|Adamant||M|||50|]Tyranitar||Tyranitarite|SandStream|KnockOff,RockSlide,DragonDance,Protect|Adamant||F|||50|]Sneasler||WhiteHerb|Unburden|CloseCombat,DireClaw,Coaching,FakeOut|Jolly||M|||50|]Incineroar||SitrusBerry|Intimidate|FlareBlitz,HelpingHand,PartingShot,FakeOut|Impish||M|||50|]Delphox||Delphoxite|Blaze|HeatWave,Psychic,NastyPlot,Protect|Timid||M|||50|]Sinistcha||KasibBerry|Hospitality|ShadowBall,MatchaGotcha,RagePowder,Protect|Bold|||||50|
|showteam|p2|Staraptor||Staraptite|Intimidate|Protect,Roost,CloseCombat,BraveBird|Jolly||M|||50|]Garchomp||LifeOrb|RoughSkin|Protect,RockSlide,Earthquake,DragonClaw|Jolly||M|||50|]Whimsicott||OccaBerry|Prankster|Moonblast,Tailwind,Charm,LightScreen|Timid||M|||50|]Delphox||Delphoxite|Magician|Protect,Psychic,HeatWave,Substitute|Timid||M|||50|]Glimmora||FocusSash|ToxicDebris|SpikyShield,SludgeBomb,EarthPower,PowerGem|Timid||M|||50|]Kingambit||ChopleBerry|Defiant|SuckerPunch,LowKick,IronHead,KowtowCleave|Adamant||M|||50|
|inactive|Battle timer is ON: inactive players will automatically lose when time's up. (requested by elmono11)
|inactive|elmono11 has 60 seconds left.
|inactive|elmono11 has 30 seconds left.
|inactive|elmono11 has 20 seconds left.
|
|t:|1785594248
|teamsize|p1|4
|teamsize|p2|4
|start
|switch|p1a: Sneasler|Sneasler, L50, M|100/100
|switch|p1b: Delphox|Delphox, L50, M|100/100
|switch|p2a: Garchomp|Garchomp, L50, M|100/100
|switch|p2b: Staraptor|Staraptor, L50, M|100/100
|-ability|p2b: Staraptor|Intimidate|boost
|-unboost|p1a: Sneasler|atk|1
|-unboost|p1b: Delphox|atk|1
|-enditem|p1a: Sneasler|White Herb
|-clearnegativeboost|p1a: Sneasler|[silent]
|turn|1
|inactive|elmono11 has 30 seconds left.
|
|t:|1785594285
|switch|p1a: Incineroar|Incineroar, L50, M|100/100
|-ability|p1a: Incineroar|Intimidate|boost
|-unboost|p2a: Garchomp|atk|1
|-unboost|p2b: Staraptor|atk|1
|switch|p2a: Whimsicott|Whimsicott, L50, M|100/100
|detailschange|p2b: Staraptor|Staraptor-Mega, L50, M
|-mega|p2b: Staraptor|Staraptor|Staraptite
|detailschange|p1b: Delphox|Delphox-Mega, L50, M
|-mega|p1b: Delphox|Delphox|Delphoxite
|move|p1b: Delphox|Nasty Plot|p1b: Delphox
|-boost|p1b: Delphox|spa|2
|move|p2b: Staraptor|Brave Bird|p1b: Delphox
|-damage|p1b: Delphox|46/100
|-damage|p2b: Staraptor|83/100|[from] Recoil
|
|upkeep
|turn|2
|inactive|elmono11 has 30 seconds left.
|inactive|elmono11 has 20 seconds left.
|inactive|elmono11 has 15 seconds left.
|inactive|elmono11 has 10 seconds left.
|
|t:|1785594334
|switch|p2a: Glimmora|Glimmora, L50, M|100/100
|move|p1a: Incineroar|Fake Out|p2a: Glimmora
|-resisted|p2a: Glimmora|1
|-damage|p2a: Glimmora|94/100
|-activate|p2a: Glimmora|ability: Toxic Debris
|-sidestart|p1: il mule|move: Toxic Spikes
|move|p1b: Delphox|Heat Wave|p2b: Staraptor|[spread] p2a,p2b
|-resisted|p2a: Glimmora|1
|-damage|p2a: Glimmora|43/100
|-damage|p2b: Staraptor|1/100
|-status|p2a: Glimmora|brn
|move|p2b: Staraptor|Brave Bird|p1b: Delphox
|-damage|p1b: Delphox|0 fnt
|faint|p1b: Delphox
|-damage|p2b: Staraptor|0 fnt|[from] Recoil
|faint|p2b: Staraptor
|
|-damage|p2a: Glimmora|37/100 brn|[from] brn
|upkeep
|
|t:|1785594350
|switch|p1b: Sneasler|Sneasler, L50, M|100/100
|switch|p2b: Garchomp|Garchomp, L50, M|100/100
|-sideend|p1: il mule|move: Toxic Spikes|[of] p1b: Sneasler
|turn|3
|
|t:|1785594373
|switch|p1a: Sinistcha|Sinistcha, L50|100/100
|move|p1b: Sneasler|Fake Out|p2b: Garchomp
|-damage|p2b: Garchomp|87/100
|-damage|p1b: Sneasler|87/100|[from] ability: Rough Skin|[of] p2b: Garchomp
|cant|p2b: Garchomp|flinch
|move|p2a: Glimmora|Power Gem|p1a: Sinistcha
|-damage|p1a: Sinistcha|64/100
|
|-damage|p2a: Glimmora|32/100 brn|[from] brn
|upkeep
|turn|4
|
|t:|1785594395
|switch|p1b: Incineroar|Incineroar, L50, M|100/100
|-ability|p1b: Incineroar|Intimidate|boost
|-unboost|p2a: Glimmora|atk|1
|-unboost|p2b: Garchomp|atk|1
|move|p2b: Garchomp|Rock Slide|p1a: Sinistcha|[spread] p1a,p1b
|-supereffective|p1b: Incineroar|1
|-damage|p1a: Sinistcha|48/100
|-damage|p1b: Incineroar|74/100
|-damage|p2b: Garchomp|77/100|[from] item: Life Orb
|move|p2a: Glimmora|Power Gem|p1a: Sinistcha
|-damage|p1a: Sinistcha|10/100
|cant|p1a: Sinistcha|flinch
|
|-damage|p2a: Glimmora|26/100 brn|[from] brn
|upkeep
|turn|5
|inactive|il mule has 30 seconds left.
|
|t:|1785594423
|move|p1a: Sinistcha|Protect|p1a: Sinistcha
|-singleturn|p1a: Sinistcha|Protect
|move|p2b: Garchomp|Rock Slide|p1a: Sinistcha|[spread] p1b
|-activate|p1a: Sinistcha|move: Protect
|-supereffective|p1b: Incineroar|1
|-damage|p1b: Incineroar|48/100
|-enditem|p1b: Incineroar|Sitrus Berry|[eat]
|-heal|p1b: Incineroar|73/100|[from] item: Sitrus Berry
|-damage|p2b: Garchomp|67/100|[from] item: Life Orb
|move|p2a: Glimmora|Power Gem|p1b: Incineroar
|-supereffective|p1b: Incineroar|1
|-damage|p1b: Incineroar|4/100
|move|p1b: Incineroar|Parting Shot|p2b: Garchomp
|-unboost|p2b: Garchomp|atk|1
|-unboost|p2b: Garchomp|spa|1
|
|t:|1785594441
|switch|p1b: Sneasler|Sneasler, L50, M|87/100|[from] Parting Shot
|
|-damage|p2a: Glimmora|20/100y brn|[from] brn
|upkeep
|turn|6
|
|t:|1785594456
|switch|p2b: Whimsicott|Whimsicott, L50, M|100/100
|switch|p1a: Incineroar|Incineroar, L50, M|4/100
|-ability|p1a: Incineroar|Intimidate|boost
|-unboost|p2a: Glimmora|atk|1
|-unboost|p2b: Whimsicott|atk|1
|move|p2a: Glimmora|Spiky Shield|p2a: Glimmora
|-singleturn|p2a: Glimmora|move: Protect
|move|p1b: Sneasler|Fake Out|p2b: Whimsicott
|-damage|p2b: Whimsicott|85/100
|
|-damage|p2a: Glimmora|15/100 brn|[from] brn
|upkeep
|turn|7
|
|t:|1785594469
|switch|p2a: Garchomp|Garchomp, L50, M|67/100
|move|p1a: Incineroar|Fake Out|p2b: Whimsicott
|-damage|p2b: Whimsicott|70/100
|cant|p2b: Whimsicott|flinch
|move|p1b: Sneasler|Close Combat|p2a: Garchomp
|-damage|p2a: Garchomp|13/100
|-unboost|p1b: Sneasler|def|1
|-unboost|p1b: Sneasler|spd|1
|-damage|p1b: Sneasler|75/100|[from] ability: Rough Skin|[of] p2a: Garchomp
|
|upkeep
|turn|8
|inactive|il mule has 30 seconds left.
|
|t:|1785594504
|switch|p1b: Sinistcha|Sinistcha, L50|10/100
|-heal|p1a: Incineroar|29/100|[from] ability: Hospitality|[of] p1b: Sinistcha
|move|p2b: Whimsicott|Tailwind|p2b: Whimsicott
|-sidestart|p2: elmono11|move: Tailwind
|move|p2a: Garchomp|Earthquake|p1a: Incineroar|[spread] p2b,p1a,p1b
|-resisted|p2b: Whimsicott|1
|-supereffective|p1a: Incineroar|1
|-resisted|p1b: Sinistcha|1
|-damage|p2b: Whimsicott|40/100
|-damage|p1a: Incineroar|0 fnt
|-damage|p1b: Sinistcha|0 fnt
|faint|p1a: Incineroar
|faint|p1b: Sinistcha
|-damage|p2a: Garchomp|3/100|[from] item: Life Orb
|
|upkeep
|
|t:|1785594509
|switch|p1b: Sneasler|Sneasler, L50, M|75/100
|turn|9
|-message|il mule forfeited.
|
|win|elmono11
