|j|☆The median voter
|j|☆Volanvgc
|html|The median voterVolanvgc    
|uhtml|bestof|Game 2 of a best-of-3
|t:|1754530929
|gametype|doubles
|player|p1|The median voter|scientist-gen4dp|1192
|player|p2|Volanvgc|veteranf|1209
|gen|9
|tier|[Gen 9] VGC 2025 Reg H (Bo3)
|rated|
|rule|Species Clause: Limit one of each Pokémon
|rule|Item Clause: Limit 1 of each item
|clearpoke
|poke|p1|Kommo-o, L50, F|
|poke|p1|Volcarona, L50, F|
|poke|p1|Rillaboom, L50, F|
|poke|p1|Kingambit, L50, M|
|poke|p1|Ninetales-Alola, L50, F|
|poke|p1|Arcanine-Hisui, L50, F|
|poke|p2|Archaludon, L50, F|
|poke|p2|Sinistcha-Masterpiece, L50|
|poke|p2|Dragonite, L50, F|
|poke|p2|Pelipper, L50, M|
|poke|p2|Gholdengo, L50|
|poke|p2|Ursaluna, L50, F|
|teampreview|4
|showteam|p1|Kommo-o||GrassySeed|Overcoat|BodyPress,IronDefense,Protect,Flamethrower|||F|||50|,,,,,Fire]Volcarona||SitrusBerry|FlameBody|HeatWave,GigaDrain,QuiverDance,Protect|||F|||50|,,,,,Grass]Rillaboom||AssaultVest|GrassySurge|FakeOut,GrassyGlide,WoodHammer,HighHorsepower|||F|||50|,,,,,Fire]Kingambit||BlackGlasses|Defiant|KowtowCleave,SuckerPunch,SwordsDance,Protect|||M|||50|,,,,,Dark]Ninetales-Alola||LifeOrb|SnowWarning|Blizzard,Protect,Encore,FreezeDry|||F|||50|,,,,,Ghost]Arcanine-Hisui||FocusSash|Intimidate|RockSlide,FlareBlitz,ExtremeSpeed,Protect|||F|||50|,,,,,Ghost
|showteam|p2|Archaludon||AssaultVest|Stamina|ElectroShot,FlashCannon,Snarl,BodyPress|||F|||50|,,,,,Grass]Sinistcha-Masterpiece||SitrusBerry|Hospitality|MatchaGotcha,TrickRoom,RagePowder,LifeDew||||||50|,,,,,Dark]Dragonite||LoadedDice|InnerFocus|ScaleShot,Tailwind,Haze,Protect|||F|||50|,,,,,Steel]Pelipper||FocusSash|Drizzle|WeatherBall,Tailwind,Protect,Hurricane|||M|||50|,,,,,Ghost]Gholdengo||ChoiceScarf|GoodasGold|MakeItRain,ShadowBall,Trick,TeraBlast||||||50|,,,,,Water]Ursaluna||FlameOrb|Guts|Earthquake,HeadlongRush,Facade,Protect|||F|||50|,,,,,Ghost
|inactive|Battle timer is ON: inactive players will automatically lose when time's up. (requested by The median voter)
|
|t:|1754530961
|teamsize|p1|4
|teamsize|p2|4
|start
|switch|p1a: Ninetales|Ninetales-Alola, L50, F|100/100
|switch|p1b: Volcarona|Volcarona, L50, F|100/100
|switch|p2a: Gholdengo|Gholdengo, L50|100/100
|switch|p2b: Dragonite|Dragonite, L50, F|100/100
|-weather|Snowscape|[from] ability: Snow Warning|[of] p1a: Ninetales
|turn|1
|
|t:|1754530973
|-terastallize|p2a: Gholdengo|Water
|-terastallize|p1a: Ninetales|Ghost
|move|p2a: Gholdengo|Tera Blast|p1b: Volcarona|[anim] Tera Blast Water
|-supereffective|p1b: Volcarona
|-damage|p1b: Volcarona|18/100
|-enditem|p1b: Volcarona|Sitrus Berry|[eat]
|-heal|p1b: Volcarona|43/100|[from] item: Sitrus Berry
|move|p1a: Ninetales|Blizzard|p2a: Gholdengo|[spread] p2a,p2b
|-resisted|p2a: Gholdengo
|-supereffective|p2b: Dragonite
|-damage|p2a: Gholdengo|79/100
|-damage|p2b: Dragonite|0 fnt
|faint|p2b: Dragonite
|-damage|p1a: Ninetales|91/100|[from] item: Life Orb
|move|p1b: Volcarona|Quiver Dance|p1b: Volcarona
|-boost|p1b: Volcarona|spa|1
|-boost|p1b: Volcarona|spd|1
|-boost|p1b: Volcarona|spe|1
|
|-weather|Snowscape|[upkeep]
|upkeep
|
|t:|1754530982
|switch|p2b: Pelipper|Pelipper, L50, M|100/100
|-weather|RainDance|[from] ability: Drizzle|[of] p2b: Pelipper
|turn|2
|
|t:|1754530991
|move|p2a: Gholdengo|Tera Blast|p1b: Volcarona|[anim] Tera Blast Water
|-supereffective|p1b: Volcarona
|-damage|p1b: Volcarona|0 fnt
|faint|p1b: Volcarona
|move|p1a: Ninetales|Freeze-Dry|p2b: Pelipper
|-supereffective|p2b: Pelipper
|-enditem|p2b: Pelipper|Focus Sash
|-damage|p2b: Pelipper|1/100
|-damage|p1a: Ninetales|82/100|[from] item: Life Orb
|move|p2b: Pelipper|Weather Ball|p1a: Ninetales
|-damage|p1a: Ninetales|5/100
|
|-weather|RainDance|[upkeep]
|upkeep
|
|t:|1754530997
|switch|p1b: Rillaboom|Rillaboom, L50, F|100/100
|-fieldstart|move: Grassy Terrain|[from] ability: Grassy Surge|[of] p1b: Rillaboom
|turn|3
|
|t:|1754531008
|switch|p1a: Kommo-o|Kommo-o, L50, F|100/100
|-enditem|p1a: Kommo-o|Grassy Seed
|-boost|p1a: Kommo-o|def|1|[from] item: Grassy Seed
|move|p1b: Rillaboom|Fake Out|p2b: Pelipper
|-damage|p2b: Pelipper|0 fnt
|faint|p2b: Pelipper
|move|p2a: Gholdengo|Tera Blast|p1a: Kommo-o|[anim] Tera Blast Water
|-resisted|p1a: Kommo-o
|-damage|p1a: Kommo-o|60/100
|
|-weather|RainDance|[upkeep]
|-heal|p2a: Gholdengo|85/100|[from] Grassy Terrain
|-heal|p1a: Kommo-o|66/100|[from] Grassy Terrain
|upkeep
|
|t:|1754531014
|switch|p2b: Sinistcha|Sinistcha-Masterpiece, L50|100/100
|-heal|p2a: Gholdengo|100/100|[from] ability: Hospitality|[of] p2b: Sinistcha
|turn|4
|
|t:|1754531021
|move|p1b: Rillaboom|Grassy Glide|p2a: Gholdengo
|-supereffective|p2a: Gholdengo
|-damage|p2a: Gholdengo|16/100
|move|p2a: Gholdengo|Tera Blast|p1a: Kommo-o|[anim] Tera Blast Water
|-resisted|p1a: Kommo-o
|-damage|p1a: Kommo-o|25/100
|move|p1a: Kommo-o|Body Press|p2a: Gholdengo
|-damage|p2a: Gholdengo|0 fnt
|faint|p2a: Gholdengo
|move|p2b: Sinistcha|Matcha Gotcha|p1a: Kommo-o|[spread] 
|-miss|p2b: Sinistcha|p1a: Kommo-o
|-miss|p2b: Sinistcha|p1b: Rillaboom
|
|-weather|RainDance|[upkeep]
|-heal|p1a: Kommo-o|31/100|[from] Grassy Terrain
|upkeep
|turn|5
|-message|Volanvgc forfeited.
|
|win|The median voter
|raw|The median voter's rating: 1192 → 1218(+26 for winning)
|raw|Volanvgc's rating: 1209 → 1183(-26 for losing)
|l|☆The median voter
|player|p1|
