|j|☆Miggle SoCal
|j|☆TeyOnTheRox
|html|Miggle SoCalTeyOnTheRox    
|uhtml|bestof|Game 1 of a best-of-3
|t:|1757829404
|gametype|doubles
|player|p1|Miggle SoCal|lucas|1167
|player|p2|TeyOnTheRox|benga|1296
|gen|9
|tier|[Gen 9] VGC 2025 Reg H (Bo3)
|rated|
|rule|Species Clause: Limit one of each Pokémon
|rule|Item Clause: Limit 1 of each item
|clearpoke
|poke|p1|Ninetales-Alola, L50, M|
|poke|p1|Kommo-o, L50, M|
|poke|p1|Arcanine-Hisui, L50, F|
|poke|p1|Basculegion, L50, M|
|poke|p1|Kingambit, L50, F|
|poke|p1|Rillaboom, L50, M|
|poke|p2|Tyranitar, L50, F|
|poke|p2|Excadrill, L50, M|
|poke|p2|Sneasler, L50, F|
|poke|p2|Indeedee, L50, M|
|poke|p2|Corviknight, L50, F|
|poke|p2|Annihilape, L50, M|
|teampreview|4
|showteam|p1|Ninetales-Alola||FocusSash|SnowWarning|Blizzard,Encore,IcyWind,AuroraVeil|||M|||50|,,,,,Ghost]Kommo-o||ThroatSpray|Overcoat|ClangingScales,Flamethrower,ClangorousSoul,Protect|||M|||50|,,,,,Fire]Arcanine-Hisui||ChoiceBand|Intimidate|FlareBlitz,RockSlide,ExtremeSpeed,HeadSmash|||F|||50|,,,,,Ghost]Basculegion||ChoiceScarf|Adaptability|WaveCrash,LastRespects,FlipTurn,AquaJet|||M|||50|,,,,,Water]Kingambit||AssaultVest|Defiant|SuckerPunch,KowtowCleave,LowKick,IronHead|||F|||50|,,,,,Water]Rillaboom||MiracleSeed|GrassySurge|GrassyGlide,WoodHammer,FakeOut,Taunt|||M|||50|,,,,,Grass
|showteam|p2|Tyranitar||AssaultVest|SandStream|RockSlide,KnockOff,TeraBlast,LowKick|||F|||50|,,,,,Flying]Excadrill||FocusSash|SandRush|IronHead,HighHorsepower,Earthquake,Protect|||M|||50|,,,,,Stellar]Sneasler||PsychicSeed|Unburden|DireClaw,CloseCombat,ThroatChop,Protect|||F|||50|,,,,,Dark]Indeedee||ChoiceScarf|PsychicSurge|ExpandingForce,TeraBlast,Protect,Trick|||M|||50|,,,,,Psychic]Corviknight||Leftovers|MirrorArmor|BraveBird,BulkUp,Roost,Tailwind|||F|||50|,,,,,Dragon]Annihilape||SafetyGoggles|Defiant|CloseCombat,FinalGambit,RageFist,Taunt|||M|||50|,,,,,Water
|
|t:|1757829464
|teamsize|p1|4
|teamsize|p2|4
|start
|switch|p1a: Kommo-o|Kommo-o, L50, M|100/100
|switch|p1b: Arcanine|Arcanine-Hisui, L50, F|100/100
|switch|p2a: Doc Hudson|Tyranitar, L50, F, shiny|100/100
|switch|p2b: Toe Master|Excadrill, L50, M|100/100
|-ability|p1b: Arcanine|Intimidate|boost
|-unboost|p2a: Doc Hudson|atk|1
|-unboost|p2b: Toe Master|atk|1
|-weather|Sandstorm|[from] ability: Sand Stream|[of] p2a: Doc Hudson
|turn|1
|
|t:|1757829492
|switch|p1b: Rillaboom|Rillaboom, L50, M|100/100
|-fieldstart|move: Grassy Terrain|[from] ability: Grassy Surge|[of] p1b: Rillaboom
|-terastallize|p2a: Doc Hudson|Flying
|move|p2b: Toe Master|High Horsepower|p1b: Rillaboom
|-resisted|p1b: Rillaboom
|-damage|p1b: Rillaboom|81/100
|move|p1a: Kommo-o|Clangorous Soul|p1a: Kommo-o
|-boost|p1a: Kommo-o|atk|1
|-boost|p1a: Kommo-o|def|1
|-boost|p1a: Kommo-o|spa|1
|-boost|p1a: Kommo-o|spd|1
|-boost|p1a: Kommo-o|spe|1
|-damage|p1a: Kommo-o|68/100
|-enditem|p1a: Kommo-o|Throat Spray
|-boost|p1a: Kommo-o|spa|1|[from] item: Throat Spray
|move|p2a: Doc Hudson|Knock Off|p1b: Rillaboom
|-damage|p1b: Rillaboom|42/100
|-enditem|p1b: Rillaboom|Miracle Seed|[from] move: Knock Off|[of] p2a: Doc Hudson
|
|-weather|Sandstorm|[upkeep]
|-damage|p1b: Rillaboom|35/100|[from] Sandstorm
|-damage|p2a: Doc Hudson|95/100|[from] Sandstorm
|-heal|p1a: Kommo-o|74/100|[from] Grassy Terrain
|-heal|p1b: Rillaboom|42/100|[from] Grassy Terrain
|upkeep
|turn|2
|
|t:|1757829537
|move|p2b: Toe Master|Protect|p2b: Toe Master
|-singleturn|p2b: Toe Master|Protect
|move|p1b: Rillaboom|Fake Out|p2a: Doc Hudson
|-damage|p2a: Doc Hudson|80/100
|move|p1a: Kommo-o|Clanging Scales|p2b: Toe Master|[spread] p2a
|-activate|p2b: Toe Master|move: Protect
|-damage|p2a: Doc Hudson|31/100
|-unboost|p1a: Kommo-o|def|1
|cant|p2a: Doc Hudson|flinch
|
|-weather|Sandstorm|[upkeep]
|-damage|p1b: Rillaboom|35/100|[from] Sandstorm
|-damage|p2a: Doc Hudson|25/100|[from] Sandstorm
|-heal|p1a: Kommo-o|80/100|[from] Grassy Terrain
|-heal|p1b: Rillaboom|42/100|[from] Grassy Terrain
|upkeep
|turn|3
|
|t:|1757829567
|switch|p1b: Basculegion|Basculegion, L50, M|100/100
|switch|p2a: Cars I|Indeedee, L50, M, shiny|100/100
|-fieldstart|move: Psychic Terrain|[from] ability: Psychic Surge|[of] p2a: Cars I
|move|p2b: Toe Master|High Horsepower|p1a: Kommo-o
|-damage|p1a: Kommo-o|44/100
|move|p1a: Kommo-o|Clanging Scales|p2a: Cars I|[spread] p2a,p2b
|-resisted|p2b: Toe Master
|-crit|p2b: Toe Master
|-damage|p2a: Cars I|0 fnt
|-damage|p2b: Toe Master|23/100
|faint|p2a: Cars I
|-unboost|p1a: Kommo-o|def|1
|
|-weather|Sandstorm|[upkeep]
|-damage|p1b: Basculegion|94/100|[from] Sandstorm
|upkeep
|
|t:|1757829579
|switch|p2a: Lightnin'|Sneasler, L50, F|100/100
|-enditem|p2a: Lightnin'|Psychic Seed
|-boost|p2a: Lightnin'|spd|1|[from] item: Psychic Seed
|turn|4
|
|t:|1757829611
|switch|p1b: Rillaboom|Rillaboom, L50, M|42/100
|-fieldstart|move: Grassy Terrain|[from] ability: Grassy Surge|[of] p1b: Rillaboom
|move|p2a: Lightnin'|Dire Claw|p1a: Kommo-o
|-damage|p1a: Kommo-o|0 fnt
|faint|p1a: Kommo-o
|move|p2b: Toe Master|High Horsepower|p1b: Rillaboom
|-resisted|p1b: Rillaboom
|-damage|p1b: Rillaboom|23/100
|
|-weather|Sandstorm|[upkeep]
|-damage|p2a: Lightnin'|95/100|[from] Sandstorm
|-damage|p1b: Rillaboom|17/100|[from] Sandstorm
|-heal|p2a: Lightnin'|100/100|[from] Grassy Terrain
|-heal|p2b: Toe Master|28/100|[from] Grassy Terrain
|-heal|p1b: Rillaboom|23/100|[from] Grassy Terrain
|upkeep
|
|t:|1757829622
|switch|p1a: Arcanine|Arcanine-Hisui, L50, F|100/100
|-ability|p1a: Arcanine|Intimidate|boost
|-unboost|p2a: Lightnin'|atk|1
|-unboost|p2b: Toe Master|atk|1
|turn|5
|
|t:|1757829650
|-terastallize|p1a: Arcanine|Ghost
|move|p2a: Lightnin'|Protect|p2a: Lightnin'
|-singleturn|p2a: Lightnin'|Protect
|move|p2b: Toe Master|Protect|p2b: Toe Master
|-singleturn|p2b: Toe Master|Protect
|move|p1b: Rillaboom|Fake Out|p2b: Toe Master
|-activate|p2b: Toe Master|move: Protect
|move|p1a: Arcanine|Flare Blitz|p2a: Lightnin'
|-activate|p2a: Lightnin'|move: Protect
|
|-weather|none
|-heal|p2b: Toe Master|34/100|[from] Grassy Terrain
|-heal|p1b: Rillaboom|29/100|[from] Grassy Terrain
|upkeep
|turn|6
|
|t:|1757829677
|switch|p2b: Doc Hudson|Tyranitar, L50, F, shiny, tera:Flying|25/100
|-weather|Sandstorm|[from] ability: Sand Stream|[of] p2b: Doc Hudson
|move|p1b: Rillaboom|Grassy Glide|p2b: Doc Hudson
|-resisted|p2b: Doc Hudson
|-damage|p2b: Doc Hudson|8/100
|move|p2a: Lightnin'|Dire Claw|p1b: Rillaboom
|-supereffective|p1b: Rillaboom
|-damage|p1b: Rillaboom|0 fnt
|faint|p1b: Rillaboom
|move|p1a: Arcanine|Flare Blitz|p2a: Lightnin'
|-damage|p2a: Lightnin'|0 fnt
|faint|p2a: Lightnin'
|-damage|p1a: Arcanine|71/100|[from] Recoil
|
|-weather|Sandstorm|[upkeep]
|-damage|p1a: Arcanine|65/100|[from] Sandstorm
|-damage|p2b: Doc Hudson|2/100|[from] Sandstorm
|-heal|p1a: Arcanine|71/100|[from] Grassy Terrain
|upkeep
|
|t:|1757829694
|switch|p2a: Toe Master|Excadrill, L50, M|34/100
|switch|p1b: Basculegion|Basculegion, L50, M|94/100
|turn|7
|inactive|Battle timer is ON: inactive players will automatically lose when time's up. (requested by Miggle SoCal)
|
|t:|1757829711
|move|p1b: Basculegion|Aqua Jet|p2a: Toe Master
|-supereffective|p2a: Toe Master
|-damage|p2a: Toe Master|0 fnt
|faint|p2a: Toe Master
|move|p1a: Arcanine|Flare Blitz|p2b: Doc Hudson
|-damage|p2b: Doc Hudson|0 fnt
|faint|p2b: Doc Hudson
|-damage|p1a: Arcanine|70/100|[from] Recoil
|
|win|Miggle SoCal
