|j|☆nod-korai
|j|☆lettitripppp
|html|nod-korailettitripppp    
|uhtml|bestof|Game 1 of a best-of-3
|t:|1786117934
|gametype|doubles
|player|p1|nod-korai|101|1408
|player|p2|lettitripppp|lucas|1316
|gen|9
|tier|[Gen 9 Champions] VGC 2026 Reg M-B (Bo3)
|rated|
|rule|Species Clause: Limit one of each Pokémon
|rule|Item Clause: Limit 1 of each item
|clearpoke
|poke|p1|Floette-Eternal, L50, F|
|poke|p1|Sneasler, L50, F|
|poke|p1|Incineroar, L50, M|
|poke|p1|Basculegion, L50, M|
|poke|p1|Sinistcha, L50|
|poke|p1|Kingambit, L50, M|
|poke|p2|Froslass, L50, F|
|poke|p2|Scovillain, L50, M|
|poke|p2|Basculegion, L50, M|
|poke|p2|Kingambit, L50, M, shiny|
|poke|p2|Lycanroc-Dusk, L50, F, shiny|
|poke|p2|Sneasler, L50, F, shiny|
|teampreview|4
|showteam|p1|Floette-Eternal||Floettite|FlowerVeil|Moonblast,DazzlingGleam,CalmMind,Protect|Modest||F|||50|]Sneasler||FocusSash|Unburden|DireClaw,CloseCombat,FakeOut,Protect|Jolly||F|||50|]Incineroar||ChopleBerry|Intimidate|FakeOut,FlareBlitz,ThroatChop,PartingShot|Impish||M|||50|]Basculegion||ChoiceScarf|Adaptability|LastRespects,WaveCrash,AquaJet,FlipTurn|Jolly||M|||50|]Sinistcha||SitrusBerry|Hospitality|MatchaGotcha,LifeDew,RagePowder,Protect|Bold|||||50|]Kingambit||BlackGlasses|Defiant|KowtowCleave,SuckerPunch,SwordsDance,Protect|Adamant||M|||50|
|showteam|p2|Froslass||Froslassite|CursedBody|Thunderbolt,ShadowBall,Blizzard,Protect|Modest||F|||50|]Scovillain||Scovillainite|Moody|RagePowder,GigaDrain,Overheat,Protect|Bold||M|||50|]Basculegion||MysticWater|Adaptability|LastRespects,WaveCrash,AquaJet,Protect|Adamant||M|||50|]Kingambit||LifeOrb|Defiant|KowtowCleave,SwordsDance,SuckerPunch,Protect|Adamant||M|||50|]Lycanroc-Dusk||FocusSash|ToughClaws|CloseCombat,Accelerock,RockSlide,Protect|Adamant||F|||50|]Sneasler||WhiteHerb|Unburden|CloseCombat,GunkShot,FakeOut,Protect|Adamant||F|||50|
|inactive|Battle timer is ON: inactive players will automatically lose when time's up. (requested by lettitripppp)
|inactive|nod-korai also wants the timer to be on.
|c|☆nod-korai|Glhf
|c|☆lettitripppp|You too
|
|t:|1786117962
|teamsize|p1|4
|teamsize|p2|4
|start
|switch|p1a: Angélica|Floette-Eternal, L50, F|100/100
|switch|p1b: F key|Basculegion, L50, M|100/100
|switch|p2a: BURNING ME|Scovillain, L50, M|100/100
|switch|p2b: ASKIN|Sneasler, L50, F, shiny|100/100
|turn|1
|
|t:|1786117974
|switch|p1b: Stygian|Sneasler, L50, F|100/100
|detailschange|p1a: Angélica|Floette-Mega, L50, F
|-mega|p1a: Angélica|Floette|Floettite
|-ability|p1a: Angélica|Fairy Aura
|detailschange|p2a: BURNING ME|Scovillain-Mega, L50, M
|-mega|p2a: BURNING ME|Scovillain|Scovillainite
|move|p2b: ASKIN|Protect|p2b: ASKIN
|-singleturn|p2b: ASKIN|Protect
|move|p1a: Angélica|Protect|p1a: Angélica
|-singleturn|p1a: Angélica|Protect
|move|p2a: BURNING ME|Giga Drain|p1b: Stygian
|-resisted|p1b: Stygian|1
|-damage|p1b: Stygian|78/100
|
|upkeep
|turn|2
|
|t:|1786117992
|move|p1b: Stygian|Fake Out|p2b: ASKIN
|-crit|p2b: ASKIN
|-damage|p2b: ASKIN|74/100
|cant|p2b: ASKIN|flinch
|move|p1a: Angélica|Calm Mind|p1a: Angélica
|-boost|p1a: Angélica|spa|1
|-boost|p1a: Angélica|spd|1
|move|p2a: BURNING ME|Overheat|p1a: Angélica|[miss]
|-miss|p2a: BURNING ME|p1a: Angélica
|
|upkeep
|turn|3
|
|t:|1786118004
|switch|p1b: Icelea|Sinistcha, L50|100/100
|move|p1a: Angélica|Protect|p1a: Angélica
|-singleturn|p1a: Angélica|Protect
|move|p2b: ASKIN|Gunk Shot|p1a: Angélica
|-activate|p1a: Angélica|move: Protect
|move|p2a: BURNING ME|Overheat|p1b: Icelea
|-supereffective|p1b: Icelea|1
|-damage|p1b: Icelea|0 fnt
|-unboost|p2a: BURNING ME|spa|2
|faint|p1b: Icelea
|
|upkeep
|
|t:|1786118011
|switch|p1b: Stygian|Sneasler, L50, F|78/100
|turn|4
|
|t:|1786118020
|switch|p2a: GHOSTWAVE|Basculegion, L50, M|100/100
|move|p2b: ASKIN|Protect|p2b: ASKIN
|-singleturn|p2b: ASKIN|Protect
|move|p1b: Stygian|Fake Out|p2b: ASKIN
|-activate|p2b: ASKIN|move: Protect
|move|p1a: Angélica|Dazzling Gleam|p2a: GHOSTWAVE|[spread] p2a
|-activate|p2b: ASKIN|move: Protect
|-damage|p2a: GHOSTWAVE|33/100
|
|upkeep
|turn|5
|
|t:|1786118040
|switch|p2a: BURNING ME|Scovillain-Mega, L50, M|100/100
|move|p1a: Angélica|Protect|p1a: Angélica
|-singleturn|p1a: Angélica|Protect
|move|p1b: Stygian|Close Combat|p2b: ASKIN
|-resisted|p2b: ASKIN|1
|-damage|p2b: ASKIN|38/100
|-unboost|p1b: Stygian|def|1
|-unboost|p1b: Stygian|spd|1
|move|p2b: ASKIN|Gunk Shot|p1a: Angélica
|-activate|p1a: Angélica|move: Protect
|
|upkeep
|turn|6
|
|t:|1786118058
|move|p2a: BURNING ME|Rage Powder|p2a: BURNING ME
|-singleturn|p2a: BURNING ME|move: Rage Powder
|move|p1b: Stygian|Dire Claw|p2a: BURNING ME
|-supereffective|p2a: BURNING ME|1
|-damage|p2a: BURNING ME|15/100
|-status|p1b: Stygian|brn|[from] ability: Spicy Spray|[of] p2a: BURNING ME
|move|p2b: ASKIN|Gunk Shot|p1a: Angélica
|-supereffective|p1a: Angélica|1
|-damage|p1a: Angélica|0 fnt
|faint|p1a: Angélica
|
|-damage|p1b: Stygian|73/100 brn|[from] brn
|upkeep
|
|t:|1786118067
|switch|p1a: F key|Basculegion, L50, M|100/100
|turn|7
|
|t:|1786118079
|move|p2a: BURNING ME|Rage Powder|p2a: BURNING ME
|-singleturn|p2a: BURNING ME|move: Rage Powder
|move|p1a: F key|Last Respects|p2a: BURNING ME
|-damage|p2a: BURNING ME|0 fnt
|-status|p1a: F key|brn|[from] ability: Spicy Spray|[of] p2a: BURNING ME
|faint|p2a: BURNING ME
|move|p1b: Stygian|Dire Claw|p2b: ASKIN
|-resisted|p2b: ASKIN|1
|-damage|p2b: ASKIN|27/100
|move|p2b: ASKIN|Close Combat|p1b: Stygian
|-resisted|p1b: Stygian|1
|-damage|p1b: Stygian|0 fnt
|-unboost|p2b: ASKIN|def|1
|-unboost|p2b: ASKIN|spd|1
|faint|p1b: Stygian
|-enditem|p2b: ASKIN|White Herb
|-clearnegativeboost|p2b: ASKIN|[silent]
|
|-damage|p1a: F key|93/100 brn|[from] brn
|upkeep
|
|t:|1786118092
|switch|p2a: GENERAL BLADUS|Kingambit, L50, M, shiny|100/100
|turn|8
|-message|nod-korai forfeited.
|
|win|lettitripppp
||nod-korai is ready for game 2.
