|j|☆Farigi no Raf
|j|☆Goat pincurchin
|html|Farigi no RafGoat pincurchin    
|uhtml|bestof|Game 1 of a best-of-3
|t:|1757037978
|gametype|doubles
|player|p1|Farigi no Raf|vince|1374
|player|p2|Goat pincurchin|pokemonranger-gen4|1339
|gen|9
|tier|[Gen 9] VGC 2025 Reg H (Bo3)
|rated|
|rule|Species Clause: Limit one of each Pokémon
|rule|Item Clause: Limit 1 of each item
|clearpoke
|poke|p1|Dragonite, L50, F|
|poke|p1|Gholdengo, L50|
|poke|p1|Sneasler, L50, F|
|poke|p1|Rillaboom, L50, M|
|poke|p1|Ursaluna-Bloodmoon, L50, M|
|poke|p1|Magmar, L50, F|
|poke|p2|Gholdengo, L50|
|poke|p2|Rillaboom, L50, M|
|poke|p2|Dragonite, L50, M|
|poke|p2|Ninetales-Alola, L50, M|
|poke|p2|Arcanine-Hisui, L50, M|
|poke|p2|Annihilape, L50, M|
|teampreview|4
|showteam|p1|Dragonite||LoadedDice|Multiscale|ScaleShot,Tailwind,ExtremeSpeed,Protect|||F|||50|,,,,,Fairy]Gholdengo||LifeOrb|GoodasGold|MakeItRain,ShadowBall,NastyPlot,Protect||||||50|,,,,,Water]Sneasler||FocusSash|PoisonTouch|CloseCombat,DireClaw,Coaching,FakeOut|||F|||50|,,,,,Ghost]Rillaboom||AssaultVest|GrassySurge|WoodHammer,FakeOut,GrassyGlide,HighHorsepower|||M|||50|,,,,,Fire]Ursaluna-Bloodmoon||SilkScarf|MindsEye|HyperVoice,EarthPower,BloodMoon,Protect|||M|||50|,,,,,Water]Magmar||Eviolite|VitalSpirit|FollowMe,BurningJealousy,ClearSmog,Protect|||F|||50|,,,,,Dragon
|showteam|p2|Gholdengo||GrassySeed|GoodasGold|NastyPlot,MakeItRain,ShadowBall,Protect||||||50|,,,,,Water]Rillaboom||AssaultVest|GrassySurge|FakeOut,GrassyGlide,DrumBeating,HighHorsepower|||M|||50|,,,,,Fire]Dragonite||LoadedDice|Multiscale|ScaleShot,StompingTantrum,Tailwind,Protect|||M|||50|,,,,,Ground]Ninetales-Alola||FocusSash|SnowWarning|Blizzard,IcyWind,Encore,AuroraVeil|||M|||50|,,,,,Ghost]Arcanine-Hisui||ClearAmulet|Intimidate|RockSlide,FlareBlitz,ExtremeSpeed,Protect|||M|||50|,,,,,Water]Annihilape||SafetyGoggles|Defiant|RageFist,CloseCombat,FinalGambit,Coaching|||M|||50|,,,,,Fire
|inactive|Battle timer is ON: inactive players will automatically lose when time's up. (requested by Goat pincurchin)
|inactive|Goat pincurchin has 60 seconds left.
|inactive|Goat pincurchin has 30 seconds left.
|inactiveoff|Battle timer is now OFF.
|inactive|Battle timer is ON: inactive players will automatically lose when time's up. (requested by Farigi no Raf)
|inactive|Goat pincurchin has 30 seconds left.
|inactive|Goat pincurchin has 20 seconds left.
|inactive|Goat pincurchin has 15 seconds left.
|
|t:|1757038088
|teamsize|p1|4
|teamsize|p2|4
|start
|switch|p1a: Magmar|Magmar, L50, F|100/100
|switch|p1b: Sneasler|Sneasler, L50, F|100/100
|switch|p2a: Arcanine|Arcanine-Hisui, L50, M|100/100
|switch|p2b: Annihilape|Annihilape, L50, M|100/100
|-ability|p2a: Arcanine|Intimidate|boost
|-unboost|p1a: Magmar|atk|1
|-unboost|p1b: Sneasler|atk|1
|turn|1
|
|t:|1757038102
|move|p2a: Arcanine|Protect|p2a: Arcanine
|-singleturn|p2a: Arcanine|Protect
|move|p1b: Sneasler|Close Combat|p2a: Arcanine
|-activate|p2a: Arcanine|move: Protect
|move|p2b: Annihilape|Coaching|p2a: Arcanine
|-boost|p2a: Arcanine|atk|1
|-boost|p2a: Arcanine|def|1
|move|p1a: Magmar|Burning Jealousy|p2b: Annihilape|[spread] p2b
|-activate|p2a: Arcanine|move: Protect
|-crit|p2b: Annihilape
|-damage|p2b: Annihilape|74/100
|
|upkeep
|turn|2
|inactive|Goat pincurchin has 30 seconds left.
|
|t:|1757038135
|move|p1b: Sneasler|Dire Claw|p2a: Arcanine
|-resisted|p2a: Arcanine
|-damage|p2a: Arcanine|88/100
|-status|p2a: Arcanine|slp
|cant|p2a: Arcanine|slp
|move|p2b: Annihilape|Coaching|p2a: Arcanine
|-boost|p2a: Arcanine|atk|1
|-boost|p2a: Arcanine|def|1
|move|p1a: Magmar|Clear Smog|p2a: Arcanine
|-resisted|p2a: Arcanine
|-damage|p2a: Arcanine|81/100 slp
|-clearboost|p2a: Arcanine
|
|upkeep
|turn|3
|inactive|Goat pincurchin has 30 seconds left.
|
|t:|1757038161
|-terastallize|p2a: Arcanine|Water
|move|p1b: Sneasler|Close Combat|p2a: Arcanine
|-crit|p2a: Arcanine
|-damage|p2a: Arcanine|0 fnt
|-unboost|p1b: Sneasler|def|1
|-unboost|p1b: Sneasler|spd|1
|faint|p2a: Arcanine
|move|p2b: Annihilape|Coaching|p2: Arcanine|[notarget]
|-fail|p2b: Annihilape
|move|p1a: Magmar|Clear Smog|p2b: Annihilape
|-resisted|p2b: Annihilape
|-damage|p2b: Annihilape|69/100
|-clearboost|p2b: Annihilape
|
|upkeep
|c|☆Goat pincurchin|o7
|inactive|Goat pincurchin has 30 seconds left.
|
|t:|1757038186
|switch|p2a: Dragonite|Dragonite, L50, M|100/100
|turn|4
|c|☆Farigi no Raf|i think id rather be playing reg I at this point honestly
|
|t:|1757038203
|move|p1b: Sneasler|Dire Claw|p2a: Dragonite
|-crit|p2a: Dragonite
|-damage|p2a: Dragonite|66/100
|move|p2b: Annihilape|Rage Fist|p1a: Magmar
|-damage|p1a: Magmar|56/100
|move|p2a: Dragonite|Tailwind|p2a: Dragonite
|-sidestart|p2: Goat pincurchin|move: Tailwind
|move|p1a: Magmar|Burning Jealousy|p2a: Dragonite|[spread] p2a,p2b
|-resisted|p2a: Dragonite
|-damage|p2a: Dragonite|56/100
|-damage|p2b: Annihilape|53/100
|
|upkeep
|turn|5
|
|t:|1757038221
|move|p2b: Annihilape|Rage Fist|p1a: Magmar
|-damage|p1a: Magmar|0 fnt
|faint|p1a: Magmar
|move|p2a: Dragonite|Scale Shot|p1b: Sneasler
|-damage|p1b: Sneasler|64/100
|-damage|p1b: Sneasler|23/100
|-damage|p1b: Sneasler|0 fnt
|faint|p1b: Sneasler
|-hitcount|p1: Sneasler|3
|-unboost|p2a: Dragonite|def|1
|-boost|p2a: Dragonite|spe|1
|
|upkeep
|
|t:|1757038229
|switch|p1b: Dragonite|Dragonite, L50, F|100/100
|switch|p1a: Gholdengo|Gholdengo, L50|100/100
|turn|6
|inactive|Goat pincurchin has 30 seconds left.
|inactive|Farigi no Raf has 30 seconds left.
|inactive|Goat pincurchin has 20 seconds left.
|
|t:|1757038270
|move|p1b: Dragonite|Protect|p1b: Dragonite
|-singleturn|p1b: Dragonite|Protect
|move|p2a: Dragonite|Stomping Tantrum|p1b: Dragonite
|-activate|p1b: Dragonite|move: Protect
|move|p2b: Annihilape|Rage Fist|p1b: Dragonite
|-activate|p1b: Dragonite|move: Protect
|move|p1a: Gholdengo|Make It Rain|p2b: Annihilape|[spread] p2a,p2b
|-damage|p2a: Dragonite|0 fnt
|-damage|p2b: Annihilape|0 fnt
|-unboost|p1a: Gholdengo|spa|1
|faint|p2a: Dragonite
|faint|p2b: Annihilape
|-damage|p1a: Gholdengo|91/100|[from] item: Life Orb
|
|upkeep
|
|t:|1757038284
|switch|p2b: Ninetales|Ninetales-Alola, L50, M|100/100
|-weather|Snowscape|[from] ability: Snow Warning|[of] p2b: Ninetales
|turn|7
|
|t:|1757038294
|-terastallize|p1b: Dragonite|Fairy
|move|p1b: Dragonite|Extreme Speed|p2b: Ninetales
|-damage|p2b: Ninetales|68/100
|move|p2b: Ninetales|Blizzard|p1a: Gholdengo|[spread] p1a,p1b
|-resisted|p1a: Gholdengo
|-crit|p1a: Gholdengo
|-damage|p1a: Gholdengo|65/100
|-damage|p1b: Dragonite|82/100
|move|p1a: Gholdengo|Make It Rain|p2b: Ninetales
|-supereffective|p2b: Ninetales
|-damage|p2b: Ninetales|0 fnt
|-unboost|p1a: Gholdengo|spa|1
|faint|p2b: Ninetales
|-damage|p1a: Gholdengo|56/100|[from] item: Life Orb
|
|win|Farigi no Raf
