|j|☆x-demon18
|j|☆Gastrosophilipp
|html|x-demon18Gastrosophilipp    
|uhtml|bestof|Game 1 of a best-of-3
|t:|1785231417
|gametype|doubles
|player|p1|x-demon18|pokefan-gen4|1129
|player|p2|Gastrosophilipp|juan|1180
|gen|9
|tier|[Gen 9 Champions] VGC 2026 Reg M-B (Bo3)
|rated|
|rule|Species Clause: Limit one of each Pokémon
|rule|Item Clause: Limit 1 of each item
|clearpoke
|poke|p1|Incineroar, L50, M|
|poke|p1|Rotom-Wash, L50|
|poke|p1|Venusaur, L50, M|
|poke|p1|Corviknight, L50, F|
|poke|p1|Sylveon, L50, F|
|poke|p1|Garchomp, L50, M|
|poke|p2|Arcanine-Hisui, L50, M|
|poke|p2|Staraptor, L50, M|
|poke|p2|Farigiraf, L50, F|
|poke|p2|Sylveon, L50, F|
|poke|p2|Kingambit, L50, M, shiny|
|poke|p2|Raichu, L50, M|
|teampreview|4
|showteam|p1|Incineroar||ExpertBelt|Intimidate|FakeOut,TemperFlare,ThroatChop,PartingShot|Adamant||M|||50|]Rotom-Wash||RindoBerry|Levitate|HydroPump,Electroweb,WillOWisp,VoltSwitch|Modest|||||50|]Venusaur||Venusaurite|Chlorophyll|GigaDrain,SludgeBomb,EarthPower,Protect|Modest||M|||50|]Corviknight||OccaBerry|MirrorArmor|Tailwind,DualWingbeat,IronHead,BodyPress|Adamant||F|||50|]Sylveon||FairyFeather|Pixilate|HyperVoice,QuickAttack,Yawn,Detect|Modest||F|||50|]Garchomp||LifeOrb|RoughSkin|RockSlide,DragonClaw,StompingTantrum,Protect|Jolly||M|||50|
|showteam|p2|Arcanine-Hisui||FocusSash|RockHead|Protect,ExtremeSpeed,HeadSmash,FlareBlitz|Jolly||M|||50|]Staraptor||Staraptite|Intimidate|Protect,Tailwind,CloseCombat,DualWingbeat|Jolly||M|||50|]Farigiraf||SitrusBerry|ArmorTail|Protect,Psychic,TrickRoom,HelpingHand|Calm||F|||50|]Sylveon||FairyFeather|Pixilate|Protect,HyperBeam,HyperVoice,QuickAttack|Modest||F|||50|]Kingambit||LifeOrb|Defiant|Protect,KowtowCleave,SwordsDance,SuckerPunch|Adamant||M|||50|]Raichu||RaichuniteY|LightningRod|Protect,ZapCannon,FakeOut,FocusBlast|Timid||M|||50|
|inactive|Battle timer is ON: inactive players will automatically lose when time's up. (requested by Gastrosophilipp)
|inactive|x-demon18 has 60 seconds left.
|inactive|Gastrosophilipp has 60 seconds left.
|inactive|Gastrosophilipp has 30 seconds left.
|inactive|Gastrosophilipp has 20 seconds left.
|inactive|Gastrosophilipp has 15 seconds left.
|inactive|Gastrosophilipp has 10 seconds left.
|inactive|Gastrosophilipp has 5 seconds left.
|
|t:|1785231507
|teamsize|p1|4
|teamsize|p2|4
|start
|switch|p1a: Yggdrasil|Venusaur, L50, M|100/100
|switch|p1b: HydroVolt|Rotom-Wash, L50|100/100
|switch|p2a: Arcanine|Arcanine-Hisui, L50, M|100/100
|switch|p2b: Staraptor|Staraptor, L50, M|100/100
|-ability|p2b: Staraptor|Intimidate|boost
|-unboost|p1a: Yggdrasil|atk|1
|-unboost|p1b: HydroVolt|atk|1
|turn|1
|inactive|Gastrosophilipp has 30 seconds left.
|inactive|Gastrosophilipp has 20 seconds left.
|inactive|Gastrosophilipp has 15 seconds left.
|inactive|Gastrosophilipp has 10 seconds left.
|inactive|Gastrosophilipp has 5 seconds left.
|
|t:|1785231562
|detailschange|p1a: Yggdrasil|Venusaur-Mega, L50, M
|-mega|p1a: Yggdrasil|Venusaur|Venusaurite
|move|p2b: Staraptor|Protect|p2b: Staraptor
|-singleturn|p2b: Staraptor|Protect
|move|p2a: Arcanine|Protect|p2a: Arcanine
|-singleturn|p2a: Arcanine|Protect
|move|p1a: Yggdrasil|Protect|p1a: Yggdrasil
|-singleturn|p1a: Yggdrasil|Protect
|move|p1b: HydroVolt|Will-O-Wisp|p2b: Staraptor
|-activate|p2b: Staraptor|move: Protect
|
|upkeep
|turn|2
|inactive|Gastrosophilipp has 30 seconds left.
|
|t:|1785231588
|detailschange|p2b: Staraptor|Staraptor-Mega, L50, M
|-mega|p2b: Staraptor|Staraptor|Staraptite
|move|p2b: Staraptor|Close Combat|p1b: HydroVolt
|-damage|p1b: HydroVolt|29/100
|-boost|p2b: Staraptor|def|1
|-boost|p2b: Staraptor|spd|1
|move|p2a: Arcanine|Head Smash|p1b: HydroVolt
|-damage|p1b: HydroVolt|0 fnt
|faint|p1b: HydroVolt
|move|p1a: Yggdrasil|Earth Power|p2a: Arcanine
|-supereffective|p2a: Arcanine|2
|-enditem|p2a: Arcanine|Focus Sash
|-damage|p2a: Arcanine|1/100
|
|upkeep
|
|t:|1785231603
|switch|p1b: Frieren|Sylveon, L50, F|100/100
|turn|3
|inactive|Gastrosophilipp has 30 seconds left.
|inactive|Gastrosophilipp has 20 seconds left.
|inactive|Gastrosophilipp has 15 seconds left.
|inactive|Gastrosophilipp has 10 seconds left.
|
|t:|1785231651
|switch|p2a: Farigiraf|Farigiraf, L50, F|100/100
|move|p2b: Staraptor|Dual Wingbeat|p1b: Frieren
|-damage|p1b: Frieren|80/100
|-damage|p1b: Frieren|61/100
|-hitcount|p1b: Frieren|2
|move|p1a: Yggdrasil|Sludge Bomb|p2b: Staraptor
|-damage|p2b: Staraptor|62/100
|move|p1b: Frieren|Hyper Voice|p2a: Farigiraf|[spread] p2a,p2b
|-supereffective|p2b: Staraptor|1
|-damage|p2a: Farigiraf|63/100
|-damage|p2b: Staraptor|1/100
|
|upkeep
|turn|4
|
|t:|1785231675
|move|p2b: Staraptor|Protect|p2b: Staraptor
|-singleturn|p2b: Staraptor|Protect
|move|p1a: Yggdrasil|Protect|p1a: Yggdrasil
|-singleturn|p1a: Yggdrasil|Protect
|move|p1b: Frieren|Hyper Voice|p2b: Staraptor|[spread] p2a
|-activate|p2b: Staraptor|move: Protect
|-damage|p2a: Farigiraf|26/100
|-enditem|p2a: Farigiraf|Sitrus Berry|[eat]
|-heal|p2a: Farigiraf|51/100|[from] item: Sitrus Berry
|move|p2a: Farigiraf|Psychic|p1a: Yggdrasil
|-activate|p1a: Yggdrasil|move: Protect
|
|upkeep
|turn|5
|
|t:|1785231697
|move|p2a: Farigiraf|Helping Hand|p2b: Staraptor
|-singleturn|p2b: Staraptor|Helping Hand|[of] p2a: Farigiraf
|move|p2b: Staraptor|Dual Wingbeat|p1b: Frieren
|-damage|p1b: Frieren|31/100
|-damage|p1b: Frieren|0 fnt
|faint|p1b: Frieren
|-hitcount|p1: Frieren|2
|move|p1a: Yggdrasil|Giga Drain|p2a: Farigiraf
|-damage|p2a: Farigiraf|19/100
|
|upkeep
|
|t:|1785231708
|switch|p1b: Berserk|Garchomp, L50, M|100/100
|turn|6
|inactive|Gastrosophilipp has 30 seconds left.
|
|t:|1785231742
|move|p2a: Farigiraf|Protect|p2a: Farigiraf
|-singleturn|p2a: Farigiraf|Protect
|move|p2b: Staraptor|Tailwind|p2b: Staraptor
|-sidestart|p2: Gastrosophilipp|move: Tailwind
|move|p1b: Berserk|Rock Slide|p2b: Staraptor|[spread] p2b
|-activate|p2a: Farigiraf|move: Protect
|-damage|p2b: Staraptor|0 fnt
|faint|p2b: Staraptor
|-damage|p1b: Berserk|90/100|[from] item: Life Orb
|move|p1a: Yggdrasil|Sludge Bomb|p2a: Farigiraf
|-activate|p2a: Farigiraf|move: Protect
|
|upkeep
|
|t:|1785231758
|switch|p2b: Sylveon|Sylveon, L50, F|100/100
|turn|7
|
|t:|1785231775
|move|p2b: Sylveon|Hyper Voice|p1b: Berserk|[spread] p1a,p1b
|-resisted|p1a: Yggdrasil|1
|-supereffective|p1b: Berserk|1
|-damage|p1a: Yggdrasil|80/100
|-damage|p1b: Berserk|0 fnt
|faint|p1b: Berserk
|move|p2a: Farigiraf|Psychic|p1a: Yggdrasil
|-supereffective|p1a: Yggdrasil|1
|-damage|p1a: Yggdrasil|18/100
|move|p1a: Yggdrasil|Sludge Bomb|p2b: Sylveon
|-supereffective|p2b: Sylveon|1
|-damage|p2b: Sylveon|26/100
|-status|p2b: Sylveon|psn
|
|-damage|p2b: Sylveon|14/100 psn|[from] psn
|upkeep
|turn|8
|
|t:|1785231793
|move|p1a: Yggdrasil|Protect|p1a: Yggdrasil
|-singleturn|p1a: Yggdrasil|Protect
|move|p2b: Sylveon|Hyper Voice|p1a: Yggdrasil
|-activate|p1a: Yggdrasil|move: Protect
|move|p2a: Farigiraf|Psychic|p1a: Yggdrasil
|-activate|p1a: Yggdrasil|move: Protect
|
|-damage|p2b: Sylveon|2/100 psn|[from] psn
|upkeep
|turn|9
|
|t:|1785231804
|move|p1a: Yggdrasil|Protect|p1a: Yggdrasil
|-singleturn|p1a: Yggdrasil|Protect
|move|p2b: Sylveon|Hyper Voice|p1a: Yggdrasil
|-activate|p1a: Yggdrasil|move: Protect
|move|p2a: Farigiraf|Psychic|p1a: Yggdrasil
|-activate|p1a: Yggdrasil|move: Protect
|
|-damage|p2b: Sylveon|0 fnt|[from] psn
|faint|p2b: Sylveon
|-sideend|p2: Gastrosophilipp|move: Tailwind
|upkeep
|
|t:|1785231813
|switch|p2b: Arcanine|Arcanine-Hisui, L50, M|1/100
|turn|10
|
|t:|1785231819
|move|p2b: Arcanine|Flare Blitz|p1a: Yggdrasil
|-supereffective|p1a: Yggdrasil|1
|-damage|p1a: Yggdrasil|0 fnt
|faint|p1a: Yggdrasil
|
|win|Gastrosophilipp
