|j|☆Jboys1970
|j|☆robby w
|html|Jboys1970robby w    
|uhtml|bestof|Game 1 of a best-of-3
|t:|1756683575
|gametype|doubles
|player|p1|Jboys1970|2|1142
|player|p2|robby w|pokefan-gen4|1276
|gen|9
|tier|[Gen 9] VGC 2025 Reg H (Bo3)
|rated|
|rule|Species Clause: Limit one of each Pokémon
|rule|Item Clause: Limit 1 of each item
|clearpoke
|poke|p1|Incineroar, L50, M|
|poke|p1|Kingambit, L50, F|
|poke|p1|Dragonite, L50, F|
|poke|p1|Gastrodon, L50, M|
|poke|p1|Sinistcha, L50|
|poke|p1|Electabuzz, L50, M|
|poke|p2|Dondozo, L50, M|
|poke|p2|Tatsugiri, L50, M|
|poke|p2|Sneasler, L50, F|
|poke|p2|Whimsicott, L50, M|
|poke|p2|Indeedee, L50, M|
|poke|p2|Hydreigon, L50, M|
|teampreview|4
|showteam|p1|Incineroar||RockyHelmet|Intimidate|FakeOut,KnockOff,PartingShot,FlareBlitz|||M|||50|,,,,,Ghost]Kingambit||BlackGlasses|Defiant|Protect,SuckerPunch,KowtowCleave,SwordsDance|||F|||50|,,,,,Dark]Dragonite||AssaultVest|Multiscale|IceSpinner,ExtremeSpeed,BrickBreak,TeraBlast|||F|||50|,,,,,Flying]Gastrodon||SitrusBerry|StormDrain|Protect,SludgeBomb,EarthPower,MuddyWater|||M|||50|,,,,,Grass]Sinistcha||Leftovers|Hospitality|RagePowder,TrickRoom,MatchaGotcha,StrengthSap||||||50|,,,,,Dark]Electabuzz||Eviolite|VitalSpirit|FollowMe,HelpingHand,Taunt,Thunderbolt|||M|||50|,,,,,Water
|showteam|p2|Dondozo||Leftovers|Unaware|Protect,WaveCrash,Earthquake,OrderUp|||M|||50|,,,,,Grass]Tatsugiri||ChoiceScarf|Commander|DragonPulse,IcyWind,DracoMeteor,MuddyWater|||M|||50|,,,,,Stellar]Sneasler||PsychicSeed|Unburden|DireClaw,CloseCombat,Protect,ThroatChop|||F|||50|,,,,,Dark]Whimsicott||CovertCloak|Prankster|Tailwind,Moonblast,Taunt,HelpingHand|||M|||50|,,,,,Grass]Indeedee||FocusSash|PsychicSurge|ExpandingForce,TrickRoom,DazzlingGleam,Protect|||M|||50|,,,,,Fairy]Hydreigon||LifeOrb|Levitate|DracoMeteor,Snarl,HeatWave,Protect|||M|||50|,,,,,Steel
|inactive|Battle timer is ON: inactive players will automatically lose when time's up. (requested by robby w)
|
|t:|1756683624
|teamsize|p1|4
|teamsize|p2|4
|start
|switch|p1a: Incineroar|Incineroar, L50, M|100/100
|switch|p1b: Dragonite|Dragonite, L50, F|100/100
|switch|p2a: Indeedee|Indeedee, L50, M|100/100
|switch|p2b: Sneasler|Sneasler, L50, F|100/100
|-fieldstart|move: Psychic Terrain|[from] ability: Psychic Surge|[of] p2a: Indeedee
|-enditem|p2b: Sneasler|Psychic Seed
|-boost|p2b: Sneasler|spd|1|[from] item: Psychic Seed
|-ability|p1a: Incineroar|Intimidate|boost
|-unboost|p2a: Indeedee|atk|1
|-unboost|p2b: Sneasler|atk|1
|turn|1
|inactive|Jboys1970 has 30 seconds left.
|inactive|robby w has 30 seconds left.
|inactive|Jboys1970 has 20 seconds left.
|inactive|robby w has 20 seconds left.
|inactive|Jboys1970 has 15 seconds left.
|
|t:|1756683664
|-terastallize|p2a: Indeedee|Fairy
|-terastallize|p1b: Dragonite|Flying
|move|p1a: Incineroar|Fake Out|p2b: Sneasler
|-activate|p2b: Sneasler|move: Psychic Terrain
|move|p2b: Sneasler|Dire Claw|p1b: Dragonite
|-damage|p1b: Dragonite|83/100
|move|p2a: Indeedee|Dazzling Gleam|p1b: Dragonite|[spread] p1a,p1b
|-damage|p1a: Incineroar|73/100
|-damage|p1b: Dragonite|63/100
|move|p1b: Dragonite|Tera Blast|p2a: Indeedee|[anim] Tera Blast Flying
|-enditem|p2a: Indeedee|Focus Sash
|-damage|p2a: Indeedee|1/100
|
|upkeep
|turn|2
|inactive|Jboys1970 has 30 seconds left.
|
|t:|1756683694
|move|p2b: Sneasler|Close Combat|p1a: Incineroar
|-supereffective|p1a: Incineroar
|-damage|p1a: Incineroar|0 fnt
|-unboost|p2b: Sneasler|def|1
|-unboost|p2b: Sneasler|spd|1
|-damage|p2b: Sneasler|84/100|[from] item: Rocky Helmet|[of] p1a: Incineroar
|faint|p1a: Incineroar
|move|p2a: Indeedee|Expanding Force|p1b: Dragonite
|-crit|p1b: Dragonite
|-damage|p1b: Dragonite|0 fnt
|faint|p1b: Dragonite
|
|upkeep
|
|t:|1756683704
|switch|p1b: Electabuzz|Electabuzz, L50, M|100/100
|switch|p1a: Kingambit|Kingambit, L50, F|100/100
|turn|3
|
|t:|1756683734
|move|p2b: Sneasler|Protect|p2b: Sneasler
|-singleturn|p2b: Sneasler|Protect
|move|p1b: Electabuzz|Follow Me|p1b: Electabuzz
|-singleturn|p1b: Electabuzz|move: Follow Me
|move|p2a: Indeedee|Dazzling Gleam|p1a: Kingambit|[spread] p1a,p1b
|-damage|p1a: Kingambit|74/100
|-damage|p1b: Electabuzz|77/100
|move|p1a: Kingambit|Kowtow Cleave|p2b: Sneasler
|-activate|p2b: Sneasler|move: Protect
|
|upkeep
|turn|4
|
|t:|1756683748
|switch|p2b: Tatsugiri|Tatsugiri, L50, M|100/100
|switch|p2a: Dondozo|Dondozo, L50, M, shiny|100/100
|-activate|p2b: Tatsugiri|ability: Commander|[of] p2a: Dondozo
|-boost|p2a: Dondozo|atk|2
|-boost|p2a: Dondozo|spa|2
|-boost|p2a: Dondozo|spe|2
|-boost|p2a: Dondozo|def|2
|-boost|p2a: Dondozo|spd|2
|move|p1b: Electabuzz|Follow Me|p1b: Electabuzz
|-singleturn|p1b: Electabuzz|move: Follow Me
|move|p1a: Kingambit|Kowtow Cleave|p2b: Tatsugiri|[miss]
|-miss|p1a: Kingambit|p2b: Tatsugiri
|
|upkeep
|turn|5
|inactive|Jboys1970 has 30 seconds left.
|inactive|Jboys1970 has 20 seconds left.
|inactive|Jboys1970 has 15 seconds left.
|
|t:|1756683788
|move|p2a: Dondozo|Earthquake|p1b: Electabuzz|[spread] p1a,p1b
|-miss|p2a: Dondozo|p2b: Tatsugiri
|-supereffective|p1a: Kingambit
|-supereffective|p1b: Electabuzz
|-damage|p1a: Kingambit|4/100
|-damage|p1b: Electabuzz|0 fnt
|faint|p1b: Electabuzz
|move|p1a: Kingambit|Kowtow Cleave|p2a: Dondozo
|-damage|p2a: Dondozo|79/100
|
|-heal|p2a: Dondozo|85/100|[from] item: Leftovers
|-fieldend|move: Psychic Terrain
|upkeep
|turn|6
|-message|Jboys1970 forfeited.
|
|win|robby w
|l|☆Jboys1970
|player|p1|
||Jboys1970 is ready for game 2.
||robby w is ready for game 2.
|uhtml|next|Next: Game 2 of 3
