|j|☆Rinirin
|j|☆SuprEpcGuy
|html|RinirinSuprEpcGuy    
|uhtml|bestof|Game 2 of a best-of-3
|t:|1784992242
|gametype|doubles
|player|p1|Rinirin|lacey|1181
|player|p2|SuprEpcGuy|shauntal|1217
|gen|9
|tier|[Gen 9 Champions] VGC 2026 Reg M-B (Bo3)
|rated|
|rule|Species Clause: Limit one of each Pokémon
|rule|Item Clause: Limit 1 of each item
|clearpoke
|poke|p1|Blaziken, L50, M|
|poke|p1|Kingambit, L50, F|
|poke|p1|Vanilluxe, L50, F|
|poke|p1|Dragonite, L50, F|
|poke|p1|Venusaur, L50, F|
|poke|p1|Grimmsnarl, L50, M|
|poke|p2|Zoroark-Hisui, L50, M|
|poke|p2|Torkoal, L50, F|
|poke|p2|Farigiraf, L50, F|
|poke|p2|Floette-Eternal, L50, F|
|poke|p2|Aerodactyl, L50, M|
|poke|p2|Incineroar, L50, F|
|teampreview|4
|showteam|p1|Blaziken||Blazikenite|SpeedBoost|CloseCombat,FlareBlitz,Protect,RockSlide|Adamant||M|||50|]Kingambit||BlackGlasses|Defiant|KowtowCleave,SuckerPunch,IronHead,Protect|Adamant||F|||50|]Vanilluxe||ChoiceScarf|SnowWarning|Blizzard,FreezeDry,IcyWind,AuroraVeil|Timid||F|||50|]Dragonite||LifeOrb|InnerFocus|DragonClaw,LowKick,Protect,ExtremeSpeed|Adamant||F|||50|]Venusaur||Venusaurite|Chlorophyll|SludgeBomb,EarthPower,Protect,SleepPowder|Modest||F|||50|]Grimmsnarl||LightClay|Prankster|SpiritBreak,FoulPlay,PartingShot,LightScreen|Impish||M|||50|
|showteam|p2|Zoroark-Hisui||ChoiceScarf|Illusion|IcyWind,BitterMalice,HyperVoice,Taunt|Timid||M|||50|]Torkoal||Charcoal|Drought|Eruption,WeatherBall,EarthPower,Protect|Quiet||F|||50|]Farigiraf||ColburBerry|ArmorTail|Psychic,HyperVoice,TrickRoom,HelpingHand|Quiet||F|||50|]Floette-Eternal||Floettite|FlowerVeil|Moonblast,DazzlingGleam,LightofRuin,Protect|Timid||F|||50|]Aerodactyl||LifeOrb|Unnerve|RockSlide,IceFang,DualWingbeat,Protect|Jolly||M|||50|]Incineroar||SitrusBerry|Intimidate|FakeOut,DarkestLariat,FlareBlitz,PartingShot|Adamant||F|||50|
|inactive|Battle timer is ON: inactive players will automatically lose when time's up. (requested by SuprEpcGuy)
|j| slashendr
|inactive|SuprEpcGuy has 60 seconds left.
|
|t:|1784992293
|teamsize|p1|4
|teamsize|p2|4
|start
|switch|p1a: Vanilluxe|Vanilluxe, L50, F|100/100
|switch|p1b: Kingambit|Kingambit, L50, F|100/100
|switch|p2a: Big Purr|Incineroar, L50, F|100/100
|switch|p2b: Racecar|Farigiraf, L50, F|100/100
|-weather|Snowscape|[from] ability: Snow Warning|[of] p1a: Vanilluxe
|-ability|p2a: Big Purr|Intimidate|boost
|-unboost|p1a: Vanilluxe|atk|1
|-unboost|p1b: Kingambit|atk|1
|-ability|p1b: Kingambit|Defiant|boost
|-boost|p1b: Kingambit|atk|2
|turn|1
|inactive|SuprEpcGuy has 30 seconds left.
|inactive|SuprEpcGuy has 20 seconds left.
|inactive|SuprEpcGuy has 15 seconds left.
|inactive|SuprEpcGuy has 10 seconds left.
|
|t:|1784992342
|move|p1a: Vanilluxe|Aurora Veil|p1a: Vanilluxe
|-sidestart|p1: Rinirin|move: Aurora Veil
|move|p2a: Big Purr|Flare Blitz|p1b: Kingambit
|-supereffective|p1b: Kingambit|1
|-damage|p1b: Kingambit|41/100
|-status|p1b: Kingambit|brn
|-damage|p2a: Big Purr|80/100|[from] Recoil
|move|p1b: Kingambit|Kowtow Cleave|p2b: Racecar
|-supereffective|p2b: Racecar|1
|-enditem|p2b: Racecar|Colbur Berry|[eat]
|-enditem|p2b: Racecar|Colbur Berry|[weaken]
|-damage|p2b: Racecar|55/100
|move|p2b: Racecar|Trick Room|p2b: Racecar
|-fieldstart|move: Trick Room|[of] p2b: Racecar
|
|-weather|Snowscape|[upkeep]
|-damage|p1b: Kingambit|35/100 brn|[from] brn
|upkeep
|turn|2
|inactive|SuprEpcGuy has 30 seconds left.
|inactive|SuprEpcGuy has 20 seconds left.
|inactive|SuprEpcGuy has 15 seconds left.
|inactive|SuprEpcGuy has 10 seconds left.
|inactive|SuprEpcGuy has 5 seconds left.
|
|t:|1784992396
|switch|p1a: Dragonite|Dragonite, L50, F|100/100
|move|p1b: Kingambit|Kowtow Cleave|p2b: Racecar
|-supereffective|p2b: Racecar|1
|-damage|p2b: Racecar|0 fnt
|faint|p2b: Racecar
|move|p2a: Big Purr|Parting Shot|p1a: Dragonite
|-unboost|p1a: Dragonite|atk|1
|-unboost|p1a: Dragonite|spa|1
|
|t:|1784992403
|switch|p2a: Mortar|Torkoal, L50, F|100/100|[from] Parting Shot
|-weather|SunnyDay|[from] ability: Drought|[of] p2a: Mortar
|
|-weather|SunnyDay|[upkeep]
|-damage|p1b: Kingambit|29/100 brn|[from] brn
|upkeep
|inactive|SuprEpcGuy has 30 seconds left.
|
|t:|1784992430
|switch|p2b: Big Purr|Incineroar, L50, F|80/100
|-ability|p2b: Big Purr|Intimidate|boost
|-fail|p1a: Dragonite|unboost|Attack|[from] ability: Inner Focus|[of] p1a: Dragonite
|-unboost|p1b: Kingambit|atk|1
|-ability|p1b: Kingambit|Defiant|boost
|-boost|p1b: Kingambit|atk|2
|turn|3
|
|t:|1784992444
|move|p2b: Big Purr|Fake Out|p1a: Dragonite
|-damage|p1a: Dragonite|90/100
|move|p1b: Kingambit|Sucker Punch|p2a: Mortar
|-damage|p2a: Mortar|66/100
|move|p2a: Mortar|Eruption|p1b: Kingambit|[spread] p1a,p1b
|-resisted|p1a: Dragonite|1
|-supereffective|p1b: Kingambit|1
|-damage|p1a: Dragonite|72/100
|-damage|p1b: Kingambit|0 fnt
|faint|p1b: Kingambit
|move|p1a: Dragonite|Dragon Claw|p2a: Mortar
|-damage|p2a: Mortar|37/100
|-damage|p1a: Dragonite|63/100|[from] item: Life Orb
|
|-weather|SunnyDay|[upkeep]
|upkeep
|
|t:|1784992458
|switch|p1b: Blaziken|Blaziken, L50, M|100/100
|turn|4
|inactive|SuprEpcGuy has 30 seconds left.
|inactive|SuprEpcGuy has 20 seconds left.
|l| slashendr
|inactive|SuprEpcGuy has 15 seconds left.
|
|t:|1784992499
|switch|p2b: Floette|Floette-Eternal, L50, F|100/100
|switch|p1a: Vanilluxe|Vanilluxe, L50, F|100/100
|-weather|Snowscape|[from] ability: Snow Warning|[of] p1a: Vanilluxe
|detailschange|p1b: Blaziken|Blaziken-Mega, L50, M
|-mega|p1b: Blaziken|Blaziken|Blazikenite
|move|p2a: Mortar|Eruption|p1b: Blaziken|[spread] p1a,p1b
|-supereffective|p1a: Vanilluxe|1
|-resisted|p1b: Blaziken|1
|-damage|p1a: Vanilluxe|66/100
|-damage|p1b: Blaziken|91/100
|move|p1b: Blaziken|Rock Slide|p2b: Floette|[spread] p2a,p2b
|-supereffective|p2a: Mortar|1
|-damage|p2a: Mortar|0 fnt
|-damage|p2b: Floette|59/100
|faint|p2a: Mortar
|
|-weather|Snowscape|[upkeep]
|-ability|p1b: Blaziken|Speed Boost|boost
|-boost|p1b: Blaziken|spe|1
|upkeep
|
|t:|1784992513
|switch|p2a: Big Purr|Incineroar, L50, F|80/100
|-ability|p2a: Big Purr|Intimidate|boost
|-unboost|p1a: Vanilluxe|atk|1
|-unboost|p1b: Blaziken|atk|1
|turn|5
|c|☆SuprEpcGuy|gg
|-message|SuprEpcGuy forfeited.
|
|win|Rinirin
|raw|Rinirin's rating: 1181 → 1209(+28 for winning)
|raw|SuprEpcGuy's rating: 1217 → 1189(-28 for losing)
