|j|☆namboyVGC
|j|☆ineverfinishedOR
|html|namboyVGCineverfinishedOR    
|uhtml|bestof|Game 3 of a best-of-3
|t:|1756412970
|gametype|doubles
|player|p1|namboyVGC|pokemonranger-gen4|
|player|p2|ineverfinishedOR|2|
|gen|9
|tier|[Gen 9] VGC 2025 Reg H (Bo3)
|rule|Species Clause: Limit one of each Pokémon
|rule|Item Clause: Limit 1 of each item
|clearpoke
|poke|p1|Sneasler, L50, F|
|poke|p1|Indeedee, L50, M|
|poke|p1|Annihilape, L50, M|
|poke|p1|Tyranitar, L50, M|
|poke|p1|Excadrill, L50, M|
|poke|p1|Hydreigon, L50, F|
|poke|p2|Indeedee-F, L50, F|
|poke|p2|Delphox, L50, M|
|poke|p2|Sneasler, L50, M|
|poke|p2|Incineroar, L50, F|
|poke|p2|Murkrow, L50, F|
|poke|p2|Maushold, L50|
|teampreview|4
|showteam|p1|Sneasler||PsychicSeed|Unburden|CloseCombat,DireClaw,ThroatChop,Protect|||F|||50|,,,,,Dark]Indeedee||ChoiceScarf|PsychicSurge|ExpandingForce,TeraBlast,Trick,DazzlingGleam|||M|||50|,,,,,Fire]Annihilape||SafetyGoggles|Defiant|CloseCombat,RageFist,Taunt,FinalGambit|||M|||50|,,,,,Water]Tyranitar||AssaultVest|SandStream|RockSlide,KnockOff,TeraBlast,LowKick|||M|||50|,,,,,Flying]Excadrill||FocusSash|SandRush|HighHorsepower,Earthquake,IronHead,Protect|||M|||50|,,,,,Stellar]Hydreigon||CovertCloak|Levitate|Snarl,DracoMeteor,Tailwind,Roar|||F|||50|,,,,,Ghost
|showteam|p2|Indeedee-F||RockyHelmet|PsychicSurge|FollowMe,HelpingHand,Imprison,TrickRoom|||F|||50|,,,,,Fairy]Delphox||LifeOrb|Blaze|Protect,NastyPlot,HeatWave,ExpandingForce|||M|||50|,,,,,Psychic]Sneasler||PsychicSeed|Unburden|Protect,CloseCombat,DireClaw,ThroatChop|||M|||50|,,,,,Dark]Incineroar||SafetyGoggles|Intimidate|FakeOut,WillOWisp,KnockOff,PartingShot|||F|||50|,,,,,Ghost]Murkrow||Eviolite|Prankster|FoulPlay,SunnyDay,Haze,Tailwind|||F|||50|,,,,,Ghost]Maushold||WideLens|Technician|Protect,PopulationBomb,Encore,Taunt||||||50|,,,,,Normal
|inactive|Battle timer is ON: inactive players will automatically lose when time's up. (requested by namboyVGC)
|inactive|ineverfinishedOR has 60 seconds left.
|inactive|ineverfinishedOR has 30 seconds left.
|
|t:|1756413033
|teamsize|p1|4
|teamsize|p2|4
|start
|switch|p1a: Tyranitar|Tyranitar, L50, M|100/100
|switch|p1b: Excadrill|Excadrill, L50, M|100/100
|switch|p2a: Incineroar|Incineroar, L50, F|100/100
|switch|p2b: Sneasler|Sneasler, L50, M|100/100
|-weather|Sandstorm|[from] ability: Sand Stream|[of] p1a: Tyranitar
|-ability|p2a: Incineroar|Intimidate|boost
|-unboost|p1a: Tyranitar|atk|1
|-unboost|p1b: Excadrill|atk|1
|turn|1
|
|t:|1756413050
|-terastallize|p1a: Tyranitar|Flying
|-terastallize|p2a: Incineroar|Ghost
|move|p2b: Sneasler|Protect|p2b: Sneasler
|-singleturn|p2b: Sneasler|Protect
|move|p1b: Excadrill|High Horsepower|p2b: Sneasler
|-activate|p2b: Sneasler|move: Protect
|move|p1a: Tyranitar|Tera Blast|p2b: Sneasler|[anim] Tera Blast Flying
|-activate|p2b: Sneasler|move: Protect
|move|p2a: Incineroar|Will-O-Wisp|p1a: Tyranitar
|-status|p1a: Tyranitar|brn
|
|-weather|Sandstorm|[upkeep]
|-damage|p2b: Sneasler|95/100|[from] Sandstorm
|-damage|p1a: Tyranitar|95/100 brn|[from] Sandstorm
|-damage|p1a: Tyranitar|89/100 brn|[from] brn
|upkeep
|turn|2
|
|t:|1756413067
|switch|p2b: Murkrow|Murkrow, L50, F|100/100
|move|p1b: Excadrill|High Horsepower|p2b: Murkrow
|-immune|p2b: Murkrow
|move|p1a: Tyranitar|Knock Off|p2a: Incineroar
|-supereffective|p2a: Incineroar
|-damage|p2a: Incineroar|72/100
|-enditem|p2a: Incineroar|Safety Goggles|[from] move: Knock Off|[of] p1a: Tyranitar
|move|p2a: Incineroar|Will-O-Wisp|p1b: Excadrill
|-status|p1b: Excadrill|brn
|
|-weather|Sandstorm|[upkeep]
|-damage|p2b: Murkrow|95/100|[from] Sandstorm
|-damage|p1a: Tyranitar|83/100 brn|[from] Sandstorm
|-damage|p2a: Incineroar|66/100|[from] Sandstorm
|-damage|p1b: Excadrill|95/100 brn|[from] brn
|-damage|p1a: Tyranitar|77/100 brn|[from] brn
|upkeep
|turn|3
|
|t:|1756413086
|move|p1b: Excadrill|High Horsepower|p2a: Incineroar
|-damage|p2a: Incineroar|52/100
|move|p2b: Murkrow|Foul Play|p1b: Excadrill
|-damage|p1b: Excadrill|43/100 brn
|move|p1a: Tyranitar|Rock Slide|p2a: Incineroar|[spread] p2a,p2b
|-supereffective|p2b: Murkrow
|-damage|p2a: Incineroar|44/100
|-damage|p2b: Murkrow|73/100
|move|p2a: Incineroar|Parting Shot|p1a: Tyranitar
|-unboost|p1a: Tyranitar|atk|1
|-unboost|p1a: Tyranitar|spa|1
|
|t:|1756413099
|switch|p2a: Maushold|Maushold, L50|100/100|[from] Parting Shot
|
|-weather|Sandstorm|[upkeep]
|-damage|p2a: Maushold|94/100|[from] Sandstorm
|-damage|p2b: Murkrow|67/100|[from] Sandstorm
|-damage|p1a: Tyranitar|72/100 brn|[from] Sandstorm
|-damage|p1b: Excadrill|37/100 brn|[from] brn
|-damage|p1a: Tyranitar|66/100 brn|[from] brn
|upkeep
|turn|4
|inactive|ineverfinishedOR has 30 seconds left.
|
|t:|1756413132
|move|p2b: Murkrow|Tailwind|p2b: Murkrow
|-sidestart|p2: ineverfinishedOR|move: Tailwind
|move|p2a: Maushold|Population Bomb|p1a: Tyranitar
|-damage|p1a: Tyranitar|56/100 brn
|-damage|p1a: Tyranitar|46/100 brn
|-damage|p1a: Tyranitar|36/100 brn
|-damage|p1a: Tyranitar|27/100 brn
|-damage|p1a: Tyranitar|16/100 brn
|-damage|p1a: Tyranitar|5/100 brn
|-damage|p1a: Tyranitar|0 fnt
|faint|p1a: Tyranitar
|-hitcount|p1: Tyranitar|7
|move|p1b: Excadrill|Iron Head|p2b: Murkrow
|-damage|p2b: Murkrow|51/100
|
|-weather|Sandstorm|[upkeep]
|-damage|p2a: Maushold|88/100|[from] Sandstorm
|-damage|p2b: Murkrow|45/100|[from] Sandstorm
|-damage|p1b: Excadrill|31/100 brn|[from] brn
|upkeep
|
|t:|1756413140
|switch|p1a: Sneasler|Sneasler, L50, F|100/100
|turn|5
|
|t:|1756413159
|switch|p1b: Indeedee|Indeedee, L50, M|100/100
|-fieldstart|move: Psychic Terrain|[from] ability: Psychic Surge|[of] p1b: Indeedee
|-enditem|p1a: Sneasler|Psychic Seed
|-boost|p1a: Sneasler|spd|1|[from] item: Psychic Seed
|switch|p2b: Incineroar|Incineroar, L50, F, tera:Ghost|44/100
|-ability|p2b: Incineroar|Intimidate|boost
|-unboost|p1a: Sneasler|atk|1
|-unboost|p1b: Indeedee|atk|1
|move|p2a: Maushold|Population Bomb|p1a: Sneasler
|-damage|p1a: Sneasler|82/100
|-damage|p1a: Sneasler|63/100
|-crit|p1a: Sneasler
|-damage|p1a: Sneasler|34/100
|-damage|p1a: Sneasler|16/100
|-damage|p1a: Sneasler|0 fnt
|faint|p1a: Sneasler
|-hitcount|p1: Sneasler|5
|
|-weather|none
|upkeep
|c|☆namboyVGC|ggs
|
|t:|1756413175
|switch|p1a: Excadrill|Excadrill, L50, M|31/100 brn
|turn|6
|c|☆ineverfinishedOR|gg
|c|☆ineverfinishedOR|incin der goat
|c|☆namboyVGC|Absolut
|c|☆namboyVGC|Hätte Incin Doublen sollen T1
|inactive|namboyVGC has 30 seconds left.
|
|t:|1756413203
|move|p2a: Maushold|Population Bomb|p1b: Indeedee
|-damage|p1b: Indeedee|78/100
|-damage|p1b: Indeedee|56/100
|-damage|p1b: Indeedee|32/100
|-damage|p1b: Indeedee|10/100
|-damage|p1b: Indeedee|0 fnt
|faint|p1b: Indeedee
|-hitcount|p1: Indeedee|5
|move|p2b: Incineroar|Knock Off|p1a: Excadrill
|-damage|p1a: Excadrill|0 fnt
|-enditem|p1a: Excadrill|Focus Sash|[from] move: Knock Off|[of] p2b: Incineroar
|faint|p1a: Excadrill
|
|win|ineverfinishedOR
