|j|☆raksbach
|j|☆Broey_jiggs
|html|raksbachBroey_jiggs    
|uhtml|bestof|Game 1 of a best-of-3
|t:|1783347672
|gametype|doubles
|player|p1|raksbach|102|1203
|player|p2|Broey_jiggs|169|1207
|gen|9
|tier|[Gen 9 Champions] VGC 2026 Reg M-B (Bo3)
|rated|
|rule|Species Clause: Limit one of each Pokémon
|rule|Item Clause: Limit 1 of each item
|clearpoke
|poke|p1|Incineroar, L50, F|
|poke|p1|Maushold, L50|
|poke|p1|Sinistcha, L50|
|poke|p1|Sneasler, L50, F|
|poke|p1|Blastoise, L50, M|
|poke|p1|Delphox, L50, F|
|poke|p2|Toxapex, L50, F|
|poke|p2|Rotom-Wash, L50|
|poke|p2|Corviknight, L50, M|
|poke|p2|Sinistcha-Masterpiece, L50|
|poke|p2|Tyranitar, L50, M|
|poke|p2|Garchomp, L50, F|
|teampreview|4
|showteam|p1|Incineroar||SitrusBerry|Intimidate|FakeOut,FlareBlitz,DarkestLariat,PartingShot|Impish||F|||50|]Maushold||ChopleBerry|FriendGuard|SuperFang,Feint,FollowMe,Protect|Impish|||||50|]Sinistcha||OccaBerry|Hospitality|MatchaGotcha,LifeDew,RagePowder,Protect|Bold|||||50|]Sneasler||FocusSash|PoisonTouch|FakeOut,CloseCombat,DireClaw,QuickGuard|Jolly||F|||50|]Blastoise||Blastoisinite|Torrent|WaterSpout,DarkPulse,ShellSmash,Protect|Modest||M|||50|]Delphox||Delphoxite|Blaze|HeatWave,Psychic,NastyPlot,Protect|Timid||F|||50|
|showteam|p2|Toxapex||Leftovers|Regenerator|Toxic,BanefulBunker,Infestation,Recover|Bold||F|||50|]Rotom-Wash||Magnet|Levitate|HydroPump,Thunderbolt,WillOWisp,Protect|Calm|||||50|]Corviknight||OccaBerry|MirrorArmor|BodyPress,Roost,IronDefense,BraveBird|Careful||M|||50|]Sinistcha-Masterpiece||MiracleSeed|Hospitality|MatchaGotcha,LifeDew,Protect,TrickRoom|Relaxed|||||50|]Tyranitar||Tyranitarite|SandStream|RockSlide,Earthquake,KnockOff,Protect|Adamant||M|||50|]Garchomp||LifeOrb|SandVeil|Earthquake,EarthPower,Protect,DragonClaw|Jolly||F|||50|
|inactive|Battle timer is ON: inactive players will automatically lose when time's up. (requested by raksbach)
|
|t:|1783347702
|teamsize|p1|4
|teamsize|p2|4
|start
|switch|p1a: Incineroar|Incineroar, L50, F|100/100
|switch|p1b: Blastoise|Blastoise, L50, M|100/100
|switch|p2a: Rotom|Rotom-Wash, L50|100/100
|switch|p2b: Toxapex|Toxapex, L50, F|100/100
|-ability|p1a: Incineroar|Intimidate|boost
|-unboost|p2a: Rotom|atk|1
|-unboost|p2b: Toxapex|atk|1
|turn|1
|
|t:|1783347718
|detailschange|p1b: Blastoise|Blastoise-Mega, L50, M
|-mega|p1b: Blastoise|Blastoise|Blastoisinite
|move|p1a: Incineroar|Fake Out|p2a: Rotom
|-damage|p2a: Rotom|87/100
|move|p1b: Blastoise|Shell Smash|p1b: Blastoise
|-unboost|p1b: Blastoise|def|1
|-unboost|p1b: Blastoise|spd|1
|-boost|p1b: Blastoise|atk|2
|-boost|p1b: Blastoise|spa|2
|-boost|p1b: Blastoise|spe|2
|cant|p2a: Rotom|flinch
|move|p2b: Toxapex|Toxic|p1b: Blastoise
|-status|p1b: Blastoise|tox
|
|-damage|p1b: Blastoise|94/100 tox|[from] psn
|upkeep
|turn|2
|inactive|raksbach has 30 seconds left.
|
|t:|1783347753
|switch|p1a: Sinistcha|Sinistcha, L50|100/100
|-heal|p1b: Blastoise|100/100 tox|[from] ability: Hospitality|[of] p1a: Sinistcha
|move|p2a: Rotom|Protect|p2a: Rotom
|-singleturn|p2a: Rotom|Protect
|move|p1b: Blastoise|Dark Pulse|p2a: Rotom
|-activate|p2a: Rotom|move: Protect
|move|p2b: Toxapex|Toxic|p1a: Sinistcha
|-status|p1a: Sinistcha|tox
|
|-damage|p1b: Blastoise|88/100 tox|[from] psn
|-damage|p1a: Sinistcha|93/100 tox|[from] psn
|upkeep
|turn|3
|
|t:|1783347777
|switch|p2a: Tyranitar|Tyranitar, L50, M|100/100
|-weather|Sandstorm|[from] ability: Sand Stream|[of] p2a: Tyranitar
|move|p1b: Blastoise|Dark Pulse|p2b: Toxapex
|-damage|p2b: Toxapex|26/100
|move|p1a: Sinistcha|Matcha Gotcha|p2b: Toxapex|[spread] p2a,p2b
|-supereffective|p2a: Tyranitar|1
|-damage|p2a: Tyranitar|73/100
|-heal|p1a: Sinistcha|100/100 tox|[from] drain|[of] p2a: Tyranitar
|-damage|p2b: Toxapex|6/100
|cant|p2b: Toxapex|flinch
|
|-weather|Sandstorm|[upkeep]
|-damage|p1b: Blastoise|82/100 tox|[from] Sandstorm
|-damage|p1a: Sinistcha|93/100 tox|[from] Sandstorm
|-damage|p2b: Toxapex|1/100|[from] Sandstorm
|-heal|p2b: Toxapex|6/100|[from] item: Leftovers
|-damage|p1b: Blastoise|65/100 tox|[from] psn
|-damage|p1a: Sinistcha|81/100 tox|[from] psn
|upkeep
|turn|4
|
|t:|1783347799
|move|p2a: Tyranitar|Protect|p2a: Tyranitar
|-singleturn|p2a: Tyranitar|Protect
|move|p2b: Toxapex|Baneful Bunker|p2b: Toxapex
|-singleturn|p2b: Toxapex|move: Protect
|move|p1b: Blastoise|Water Spout|p2b: Toxapex|[spread] 
|-activate|p2a: Tyranitar|move: Protect
|-activate|p2b: Toxapex|move: Protect
|move|p1a: Sinistcha|Life Dew|p1a: Sinistcha|[spread] p1a,p1b
|-heal|p1a: Sinistcha|100/100 tox
|-heal|p1b: Blastoise|90/100 tox
|
|-weather|Sandstorm|[upkeep]
|-damage|p1b: Blastoise|84/100 tox|[from] Sandstorm
|-damage|p1a: Sinistcha|93/100 tox|[from] Sandstorm
|-damage|p2b: Toxapex|1/100|[from] Sandstorm
|-heal|p2b: Toxapex|6/100|[from] item: Leftovers
|-damage|p1b: Blastoise|61/100 tox|[from] psn
|-damage|p1a: Sinistcha|75/100 tox|[from] psn
|upkeep
|turn|5
|
|t:|1783347820
|switch|p2a: Rotom|Rotom-Wash, L50|87/100
|-heal|p2b: Toxapex|39/100|[from] ability: Regenerator|[silent]
|switch|p2b: Garchomp|Garchomp, L50, F|100/100
|move|p1b: Blastoise|Water Spout|p2a: Rotom|[spread] p2a,p2b
|-resisted|p2a: Rotom|1
|-damage|p2a: Rotom|53/100
|-damage|p2b: Garchomp|7/100
|move|p1a: Sinistcha|Life Dew|p1a: Sinistcha|[spread] p1a,p1b
|-heal|p1a: Sinistcha|100/100 tox
|-heal|p1b: Blastoise|86/100 tox
|
|-weather|Sandstorm|[upkeep]
|-damage|p1b: Blastoise|80/100 tox|[from] Sandstorm
|-damage|p2a: Rotom|47/100|[from] Sandstorm
|-damage|p1a: Sinistcha|93/100 tox|[from] Sandstorm
|-damage|p1b: Blastoise|51/100 tox|[from] psn
|-damage|p1a: Sinistcha|69/100 tox|[from] psn
|upkeep
|turn|6
|inactive|raksbach has 30 seconds left.
|
|t:|1783347846
|switch|p1a: Incineroar|Incineroar, L50, F|100/100
|-ability|p1a: Incineroar|Intimidate|boost
|-unboost|p2a: Rotom|atk|1
|-unboost|p2b: Garchomp|atk|1
|move|p2b: Garchomp|Protect|p2b: Garchomp
|-singleturn|p2b: Garchomp|Protect
|move|p2a: Rotom|Protect|p2a: Rotom
|-singleturn|p2a: Rotom|Protect
|move|p1b: Blastoise|Dark Pulse|p2a: Rotom
|-activate|p2a: Rotom|move: Protect
|
|-weather|Sandstorm|[upkeep]
|-damage|p1b: Blastoise|45/100 tox|[from] Sandstorm
|-damage|p2a: Rotom|42/100|[from] Sandstorm
|-damage|p1a: Incineroar|94/100|[from] Sandstorm
|-damage|p1b: Blastoise|10/100 tox|[from] psn
|upkeep
|turn|7
|
|t:|1783347870
|switch|p2b: Toxapex|Toxapex, L50, F|39/100
|move|p2a: Rotom|Protect||[still]
|-fail|p2a: Rotom
|move|p1a: Incineroar|Fake Out|p2b: Toxapex
|-damage|p2b: Toxapex|32/100
|move|p1b: Blastoise|Dark Pulse|p2a: Rotom
|-damage|p2a: Rotom|0 fnt
|faint|p2a: Rotom
|
|-weather|none
|-heal|p2b: Toxapex|38/100|[from] item: Leftovers
|-damage|p1b: Blastoise|0 fnt|[from] psn
|faint|p1b: Blastoise
|upkeep
|
|t:|1783347883
|switch|p1b: Maushold|Maushold, L50|100/100
|switch|p2a: Tyranitar|Tyranitar, L50, M|73/100
|-weather|Sandstorm|[from] ability: Sand Stream|[of] p2a: Tyranitar
|turn|8
|inactive|raksbach has 30 seconds left.
|inactive|raksbach has 20 seconds left.
|
|t:|1783347919
|detailschange|p2a: Tyranitar|Tyranitar-Mega, L50, M
|-mega|p2a: Tyranitar|Tyranitar|Tyranitarite
|move|p2b: Toxapex|Baneful Bunker|p2b: Toxapex
|-singleturn|p2b: Toxapex|move: Protect
|move|p1b: Maushold|Super Fang|p2b: Toxapex
|-activate|p2b: Toxapex|move: Protect
|-status|p1b: Maushold|psn
|move|p2a: Tyranitar|Earthquake|p1b: Maushold|[spread] p1a,p1b
|-activate|p2b: Toxapex|move: Protect
|-supereffective|p1a: Incineroar|1
|-damage|p1a: Incineroar|55/100
|-damage|p1b: Maushold|63/100 psn
|move|p1a: Incineroar|Darkest Lariat|p2b: Toxapex
|-activate|p2b: Toxapex|move: Protect
|-status|p1a: Incineroar|psn
|
|-weather|Sandstorm|[upkeep]
|-damage|p1b: Maushold|57/100 psn|[from] Sandstorm
|-damage|p1a: Incineroar|49/100 psn|[from] Sandstorm
|-damage|p2b: Toxapex|32/100|[from] Sandstorm
|-enditem|p1a: Incineroar|Sitrus Berry|[eat]
|-heal|p1a: Incineroar|74/100 psn|[from] item: Sitrus Berry
|-heal|p2b: Toxapex|38/100|[from] item: Leftovers
|-damage|p1b: Maushold|45/100 psn|[from] psn
|-damage|p1a: Incineroar|61/100 psn|[from] psn
|upkeep
|turn|9
|
|t:|1783347945
|-heal|p2b: Toxapex|71/100|[from] ability: Regenerator|[silent]
|switch|p2b: Garchomp|Garchomp, L50, F|7/100
|move|p1b: Maushold|Super Fang|p2a: Tyranitar
|-damage|p2a: Tyranitar|37/100
|move|p2a: Tyranitar|Rock Slide|p1a: Incineroar|[spread] p1a,p1b
|-supereffective|p1a: Incineroar|1
|-damage|p1a: Incineroar|21/100 psn
|-damage|p1b: Maushold|4/100 psn
|move|p1a: Incineroar|Darkest Lariat|p2a: Tyranitar
|-resisted|p2a: Tyranitar|1
|-damage|p2a: Tyranitar|26/100
|
|-weather|Sandstorm|[upkeep]
|-damage|p1b: Maushold|0 fnt|[from] Sandstorm
|-damage|p1a: Incineroar|15/100 psn|[from] Sandstorm
|faint|p1b: Maushold
|-damage|p1a: Incineroar|2/100 psn|[from] psn
|upkeep
|
|t:|1783347960
|switch|p1b: Sinistcha|Sinistcha, L50|69/100 tox
|-heal|p1a: Incineroar|27/100 psn|[from] ability: Hospitality|[of] p1b: Sinistcha
|turn|10
|
|t:|1783347973
|move|p2b: Garchomp|Dragon Claw|p1b: Sinistcha
|-damage|p1b: Sinistcha|24/100 tox
|-damage|p2b: Garchomp|0 fnt|[from] item: Life Orb
|faint|p2b: Garchomp
|move|p2a: Tyranitar|Rock Slide|p1b: Sinistcha|[spread] p1b
|-miss|p2a: Tyranitar|p1a: Incineroar
|-damage|p1b: Sinistcha|0 fnt
|faint|p1b: Sinistcha
|move|p1a: Incineroar|Darkest Lariat|p2a: Tyranitar
|-resisted|p2a: Tyranitar|1
|-damage|p2a: Tyranitar|16/100
|
|-weather|Sandstorm|[upkeep]
|-damage|p1a: Incineroar|21/100 psn|[from] Sandstorm
|-damage|p1a: Incineroar|9/100 psn|[from] psn
|upkeep
|
|t:|1783347989
|switch|p2b: Toxapex|Toxapex, L50, F|71/100
|turn|11
|-message|raksbach forfeited.
|
|win|Broey_jiggs
