|j|☆Jakobtc
|j|☆IPlayUmbreon
|html|JakobtcIPlayUmbreon    
|uhtml|bestof|Game 2 of a best-of-3
|t:|1756577706
|gametype|doubles
|player|p1|Jakobtc|riley|1034
|player|p2|IPlayUmbreon|bellelba|1000
|gen|9
|tier|[Gen 9] VGC 2025 Reg H (Bo3)
|rated|
|rule|Species Clause: Limit one of each Pokémon
|rule|Item Clause: Limit 1 of each item
|clearpoke
|poke|p1|Glimmora, L50, F|
|poke|p1|Whimsicott, L50, M|
|poke|p1|Incineroar, L50, F|
|poke|p1|Ursaluna-Bloodmoon, L50, M|
|poke|p1|Dragonite, L50, M|
|poke|p1|Gholdengo, L50|
|poke|p2|Rillaboom, L50, M|
|poke|p2|Incineroar, L50, F|
|poke|p2|Primarina, L50, M|
|poke|p2|Dragapult, L50, M|
|poke|p2|Electabuzz, L50, F|
|poke|p2|Sneasler, L50, M|
|teampreview|4
|showteam|p1|Glimmora||PowerHerb|ToxicDebris|MeteorBeam,SludgeBomb,EarthPower,SpikyShield|||F|||50|,,,,,Grass]Whimsicott||CovertCloak|Prankster|Moonblast,Tailwind,FakeTears,Encore|||M|||50|,,,,,Water]Incineroar||SafetyGoggles|Intimidate|FakeOut,FlareBlitz,KnockOff,PartingShot|||F|||50|,,,,,Ghost]Ursaluna-Bloodmoon||AssaultVest|MindsEye|BloodMoon,HyperVoice,EarthPower,VacuumWave|||M|||50|,,,,,Water]Dragonite||LoadedDice|Multiscale|ScaleShot,TeraBlast,Haze,Protect|||M|||50|,,,,,Flying]Gholdengo||LifeOrb|GoodasGold|MakeItRain,ShadowBall,NastyPlot,Protect||||||50|,,,,,Water
|showteam|p2|Rillaboom||AssaultVest|GrassySurge|HighHorsepower,GrassyGlide,FakeOut,Uturn|||M|||50|,,,,,Fire]Incineroar||SafetyGoggles|Intimidate|FakeOut,KnockOff,FlareBlitz,PartingShot|||F|||50|,,,,,Ghost]Primarina||ThroatSpray|LiquidVoice|HyperVoice,Moonblast,Haze,Protect|||M|||50|,,,,,Poison]Dragapult||ChoiceBand|ClearBody|DragonDarts,PhantomForce,Outrage,Uturn|||M|||50|,,,,,Dragon]Electabuzz||Eviolite|VitalSpirit|Electroweb,FollowMe,Taunt,Protect|||F|||50|,,,,,Ghost]Sneasler||GrassySeed|Unburden|DireClaw,CloseCombat,Coaching,Protect|||M|||50|,,,,,Stellar
|inactive|Battle timer is ON: inactive players will automatically lose when time's up. (requested by Jakobtc)
|
|t:|1756577728
|teamsize|p1|4
|teamsize|p2|4
|start
|switch|p1a: Gholdengo|Gholdengo, L50|100/100
|switch|p1b: Incineroar|Incineroar, L50, F|100/100
|switch|p2a: Dragapult|Dragapult, L50, M|100/100
|switch|p2b: Incineroar|Incineroar, L50, F|100/100
|-ability|p1b: Incineroar|Intimidate|boost
|-fail|p2a: Dragapult|unboost|[from] ability: Clear Body|[of] p2a: Dragapult
|-unboost|p2b: Incineroar|atk|1
|-ability|p2b: Incineroar|Intimidate|boost
|-unboost|p1a: Gholdengo|atk|1
|-unboost|p1b: Incineroar|atk|1
|turn|1
|inactive|Jakobtc has 30 seconds left.
|
|t:|1756577753
|move|p1a: Gholdengo|Protect|p1a: Gholdengo
|-singleturn|p1a: Gholdengo|Protect
|move|p2a: Dragapult|U-turn|p1b: Incineroar
|-damage|p1b: Incineroar|63/100
|inactive|IPlayUmbreon has 30 seconds left.
|
|t:|1756577780
|switch|p2a: Rillaboom|Rillaboom, L50, M|100/100|[from] U-turn
|-fieldstart|move: Grassy Terrain|[from] ability: Grassy Surge|[of] p2a: Rillaboom
|move|p1b: Incineroar|Knock Off|p2a: Rillaboom
|-damage|p2a: Rillaboom|75/100
|-enditem|p2a: Rillaboom|Assault Vest|[from] move: Knock Off|[of] p1b: Incineroar
|move|p2b: Incineroar|Knock Off|p1a: Gholdengo
|-activate|p1a: Gholdengo|move: Protect
|
|-heal|p2a: Rillaboom|81/100|[from] Grassy Terrain
|-heal|p1b: Incineroar|69/100|[from] Grassy Terrain
|upkeep
|turn|2
|inactive|Jakobtc has 30 seconds left.
|
|t:|1756577806
|switch|p1b: Glimmora|Glimmora, L50, F|100/100
|move|p1a: Gholdengo|Nasty Plot|p1a: Gholdengo
|-boost|p1a: Gholdengo|spa|2
|move|p2a: Rillaboom|High Horsepower|p1a: Gholdengo
|-supereffective|p1a: Gholdengo
|-damage|p1a: Gholdengo|35/100
|move|p2b: Incineroar|Knock Off|p1a: Gholdengo
|-supereffective|p1a: Gholdengo
|-damage|p1a: Gholdengo|0 fnt
|-enditem|p1a: Gholdengo|Life Orb|[from] move: Knock Off|[of] p2b: Incineroar
|faint|p1a: Gholdengo
|
|-heal|p2a: Rillaboom|87/100|[from] Grassy Terrain
|upkeep
|
|t:|1756577822
|switch|p1a: Whimsicott|Whimsicott, L50, M|100/100
|turn|3
|
|t:|1756577834
|move|p1a: Whimsicott|Fake Tears|p2a: Rillaboom
|-unboost|p2a: Rillaboom|spd|2
|move|p1b: Glimmora|Meteor Beam||[still]
|-prepare|p1b: Glimmora|Meteor Beam
|-boost|p1b: Glimmora|spa|1
|-enditem|p1b: Glimmora|Power Herb
|-anim|p1b: Glimmora|Meteor Beam|p2a: Rillaboom|[miss]
|-miss|p1b: Glimmora|p2a: Rillaboom
|move|p2a: Rillaboom|U-turn|p1a: Whimsicott
|-damage|p1a: Whimsicott|73/100
|
|t:|1756577840
|switch|p2a: Sneasler|Sneasler, L50, M|100/100|[from] U-turn
|-enditem|p2a: Sneasler|Grassy Seed
|-boost|p2a: Sneasler|def|1|[from] item: Grassy Seed
|move|p2b: Incineroar|Flare Blitz|p1a: Whimsicott
|-supereffective|p1a: Whimsicott
|-damage|p1a: Whimsicott|1/100
|-damage|p2b: Incineroar|80/100|[from] Recoil
|
|-heal|p1a: Whimsicott|7/100|[from] Grassy Terrain
|-heal|p2b: Incineroar|86/100|[from] Grassy Terrain
|upkeep
|turn|4
|
|t:|1756577858
|switch|p1a: Incineroar|Incineroar, L50, F|69/100
|-ability|p1a: Incineroar|Intimidate|boost
|-unboost|p2a: Sneasler|atk|1
|-unboost|p2b: Incineroar|atk|1
|move|p2a: Sneasler|Protect|p2a: Sneasler
|-singleturn|p2a: Sneasler|Protect
|move|p1b: Glimmora|Earth Power|p2a: Sneasler
|-activate|p2a: Sneasler|move: Protect
|move|p2b: Incineroar|Flare Blitz|p1a: Incineroar
|-resisted|p1a: Incineroar
|-damage|p1a: Incineroar|58/100
|-damage|p2b: Incineroar|83/100|[from] Recoil
|
|-heal|p1a: Incineroar|64/100|[from] Grassy Terrain
|-heal|p2b: Incineroar|89/100|[from] Grassy Terrain
|upkeep
|turn|5
|
|t:|1756577882
|switch|p2a: Rillaboom|Rillaboom, L50, M|87/100
|-terastallize|p2b: Incineroar|Ghost
|move|p1b: Glimmora|Spiky Shield|p1b: Glimmora
|-singleturn|p1b: Glimmora|move: Protect
|move|p1a: Incineroar|Parting Shot|p2a: Rillaboom
|-unboost|p2a: Rillaboom|atk|1
|-unboost|p2a: Rillaboom|spa|1
|
|t:|1756577890
|switch|p1a: Whimsicott|Whimsicott, L50, M|7/100|[from] Parting Shot
|move|p2b: Incineroar|Parting Shot|p1b: Glimmora
|-activate|p1b: Glimmora|move: Protect
|
|-heal|p1a: Whimsicott|13/100|[from] Grassy Terrain
|-heal|p2a: Rillaboom|93/100|[from] Grassy Terrain
|-heal|p2b: Incineroar|95/100|[from] Grassy Terrain
|-fieldend|move: Grassy Terrain
|upkeep
|turn|6
|
|t:|1756577903
|switch|p1a: Incineroar|Incineroar, L50, F|64/100
|-ability|p1a: Incineroar|Intimidate|boost
|-unboost|p2a: Rillaboom|atk|1
|-unboost|p2b: Incineroar|atk|1
|move|p2a: Rillaboom|Fake Out|p1a: Incineroar
|-damage|p1a: Incineroar|58/100
|move|p1b: Glimmora|Sludge Bomb|p2a: Rillaboom
|-supereffective|p2a: Rillaboom
|-damage|p2a: Rillaboom|0 fnt
|faint|p2a: Rillaboom
|move|p2b: Incineroar|Parting Shot|p1b: Glimmora
|-unboost|p1b: Glimmora|atk|1
|-unboost|p1b: Glimmora|spa|1
|
|t:|1756577910
|switch|p2b: Dragapult|Dragapult, L50, M|100/100|[from] Parting Shot
|
|upkeep
|
|t:|1756577911
|switch|p2a: Incineroar|Incineroar, L50, F, tera:Ghost|95/100
|-ability|p2a: Incineroar|Intimidate|boost
|-unboost|p1a: Incineroar|atk|1
|-unboost|p1b: Glimmora|atk|1
|turn|7
|
|t:|1756577932
|move|p2a: Incineroar|Fake Out|p1a: Incineroar
|-damage|p1a: Incineroar|47/100
|move|p2b: Dragapult|Dragon Darts|p1a: Incineroar
|-damage|p1a: Incineroar|5/100
|-anim|p2b: Dragapult|Dragon Darts|p1b: Glimmora
|-damage|p1b: Glimmora|55/100
|-activate|p1b: Glimmora|ability: Toxic Debris
|-sidestart|p2: IPlayUmbreon|move: Toxic Spikes
|move|p1b: Glimmora|Sludge Bomb|p2b: Dragapult
|-resisted|p2b: Dragapult
|-damage|p2b: Dragapult|71/100
|cant|p1a: Incineroar|flinch
|
|upkeep
|turn|8
|inactive|Jakobtc has 30 seconds left.
|
|t:|1756577962
|switch|p1a: Whimsicott|Whimsicott, L50, M|13/100
|move|p1b: Glimmora|Spiky Shield|p1b: Glimmora
|-singleturn|p1b: Glimmora|move: Protect
|move|p2b: Dragapult|Dragon Darts|p1b: Glimmora
|-immune|p1a: Whimsicott
|move|p2a: Incineroar|Knock Off|p1b: Glimmora
|-activate|p1b: Glimmora|move: Protect
|-damage|p2a: Incineroar|82/100|[from] Spiky Shield|[of] p1b: Glimmora
|
|upkeep
|turn|9
|inactive|Jakobtc has 30 seconds left.
|inactive|Jakobtc has 20 seconds left.
|inactive|Jakobtc has 15 seconds left.
|inactive|Jakobtc has 10 seconds left.
|
|t:|1756578010
|switch|p1b: Incineroar|Incineroar, L50, F|5/100
|-ability|p1b: Incineroar|Intimidate|boost
|-unboost|p2a: Incineroar|atk|1
|-fail|p2b: Dragapult|unboost|[from] ability: Clear Body|[of] p2b: Dragapult
|move|p2b: Dragapult|Dragon Darts|p1b: Incineroar
|-damage|p1b: Incineroar|0 fnt
|faint|p1b: Incineroar
|move|p1a: Whimsicott|Moonblast|p2b: Dragapult
|-supereffective|p2b: Dragapult
|-crit|p2b: Dragapult
|-damage|p2b: Dragapult|0 fnt
|faint|p2b: Dragapult
|move|p2a: Incineroar|Flare Blitz|p1a: Whimsicott
|-supereffective|p1a: Whimsicott
|-damage|p1a: Whimsicott|0 fnt
|faint|p1a: Whimsicott
|-damage|p2a: Incineroar|79/100|[from] Recoil
|
|upkeep
|
|t:|1756578033
|switch|p2b: Sneasler|Sneasler, L50, M|100/100
|switch|p1b: Glimmora|Glimmora, L50, F|55/100
|-sideend|p2: IPlayUmbreon|move: Toxic Spikes|[of] p2b: Sneasler
|turn|10
|
|t:|1756578051
|move|p2b: Sneasler|Protect|p2b: Sneasler
|-singleturn|p2b: Sneasler|Protect
|move|p1b: Glimmora|Spiky Shield|p1b: Glimmora
|-singleturn|p1b: Glimmora|move: Protect
|move|p2a: Incineroar|Parting Shot|p1b: Glimmora
|-activate|p1b: Glimmora|move: Protect
|
|upkeep
|turn|11
|
|t:|1756578059
|move|p2b: Sneasler|Close Combat|p1b: Glimmora
|-damage|p1b: Glimmora|0 fnt
|-unboost|p2b: Sneasler|def|1
|-unboost|p2b: Sneasler|spd|1
|-activate|p1b: Glimmora|ability: Toxic Debris
|-sidestart|p2: IPlayUmbreon|move: Toxic Spikes
|faint|p1b: Glimmora
|
|win|IPlayUmbreon
|l|☆IPlayUmbreon
|player|p2|
||IPlayUmbreon is ready for game 3.
