|j|☆Keeper08
|j|☆atmhools1
|html|Keeper08atmhools1    
|uhtml|bestof|Game 1 of a best-of-3
|t:|1757930556
|gametype|doubles
|player|p1|Keeper08|lance|1060
|player|p2|atmhools1|170|1038
|gen|9
|tier|[Gen 9] VGC 2025 Reg H (Bo3)
|rated|
|rule|Species Clause: Limit one of each Pokémon
|rule|Item Clause: Limit 1 of each item
|clearpoke
|poke|p1|Rillaboom, L50, F|
|poke|p1|Volcarona, L50, F|
|poke|p1|Klefki, L50, F|
|poke|p1|Archaludon, L50, F|
|poke|p1|Empoleon, L50, F|
|poke|p1|Mandibuzz, L50, F|
|poke|p2|Torkoal, L50, F|
|poke|p2|Indeedee-F, L50, F|
|poke|p2|Annihilape, L50, F|
|poke|p2|Amoonguss, L50, F|
|poke|p2|Ursaluna, L50, M|
|poke|p2|Incineroar, L50, F|
|teampreview|4
|showteam|p1|Rillaboom||AssaultVest|GrassySurge|FakeOut,WoodHammer,GrassyGlide,HighHorsepower|||F|||50|,,,,,Ground]Volcarona||SitrusBerry|FlameBody|HeatWave,BugBuzz,QuiverDance,Protect|||F|||50|,,,,,Water]Klefki||LightClay|Prankster|Reflect,LightScreen,DazzlingGleam,ThunderWave|||F|||50|,,,,,Water]Archaludon||Leftovers|Stamina|DracoMeteor,FlashCannon,ElectroShot,BodyPress|||F|||50|,,,,,Fairy]Empoleon||ChoiceScarf|Competitive|HydroPump,FlashCannon,IceBeam,IcyWind|||F|||50|,,,,,Flying]Mandibuzz||RockyHelmet|Overcoat|Tailwind,Toxic,Roost,KnockOff|||F|||50|,,,,,Poison
|showteam|p2|Torkoal||Charcoal|Drought|Eruption,EarthPower,Flamethrower,Protect|||F|||50|,,,,,Grass]Indeedee-F||PsychicSeed|PsychicSurge|DazzlingGleam,HelpingHand,TrickRoom,FollowMe|||F|||50|,,,,,Flying]Annihilape||SafetyGoggles|Defiant|RageFist,DrainPunch,BulkUp,Protect|||F|||50|,,,,,Fairy]Amoonguss||MentalHerb|Regenerator|PollenPuff,Spore,RagePowder,ClearSmog|||F|||50|,,,,,Dark]Ursaluna||FlameOrb|Guts|Facade,HeadlongRush,BulkUp,Protect|||M|||50|,,,,,Ghost]Incineroar||SitrusBerry|Intimidate|FlareBlitz,KnockOff,PartingShot,FakeOut|||F|||50|,,,,,Grass
|inactive|Battle timer is ON: inactive players will automatically lose when time's up. (requested by Keeper08)
|
|t:|1757930592
|teamsize|p1|4
|teamsize|p2|4
|start
|switch|p1a: Mandibuzz|Mandibuzz, L50, F, shiny|100/100
|switch|p1b: Volcarona|Volcarona, L50, F, shiny|100/100
|switch|p2a: Annihilape|Annihilape, L50, F|100/100
|switch|p2b: Amoonguss|Amoonguss, L50, F|100/100
|turn|1
|inactive|Keeper08 has 30 seconds left.
|
|t:|1757930623
|move|p2a: Annihilape|Protect|p2a: Annihilape
|-singleturn|p2a: Annihilape|Protect
|move|p1b: Volcarona|Quiver Dance|p1b: Volcarona
|-boost|p1b: Volcarona|spa|1
|-boost|p1b: Volcarona|spd|1
|-boost|p1b: Volcarona|spe|1
|move|p1a: Mandibuzz|Knock Off|p2a: Annihilape
|-activate|p2a: Annihilape|move: Protect
|move|p2b: Amoonguss|Spore|p1a: Mandibuzz
|-immune|p1a: Mandibuzz|[from] ability: Overcoat
|
|upkeep
|turn|2
|
|t:|1757930642
|-terastallize|p2a: Annihilape|Fairy
|move|p1b: Volcarona|Heat Wave|p2a: Annihilape|[spread] p2a,p2b
|-supereffective|p2b: Amoonguss
|-crit|p2b: Amoonguss
|-damage|p2a: Annihilape|46/100
|-damage|p2b: Amoonguss|0 fnt
|faint|p2b: Amoonguss
|move|p2a: Annihilape|Bulk Up|p2a: Annihilape
|-boost|p2a: Annihilape|atk|1
|-boost|p2a: Annihilape|def|1
|move|p1a: Mandibuzz|Knock Off|p2a: Annihilape
|-resisted|p2a: Annihilape
|-damage|p2a: Annihilape|37/100
|-enditem|p2a: Annihilape|Safety Goggles|[from] move: Knock Off|[of] p1a: Mandibuzz
|
|upkeep
|
|t:|1757930647
|switch|p2b: Incineroar|Incineroar, L50, F|100/100
|-ability|p2b: Incineroar|Intimidate|boost
|-unboost|p1a: Mandibuzz|atk|1
|-unboost|p1b: Volcarona|atk|1
|turn|3
|
|t:|1757930662
|move|p2b: Incineroar|Fake Out|p1b: Volcarona
|-damage|p1b: Volcarona|85/100
|cant|p1b: Volcarona|flinch
|move|p2a: Annihilape|Rage Fist|p1a: Mandibuzz
|-resisted|p1a: Mandibuzz
|-damage|p1a: Mandibuzz|66/100
|-damage|p2a: Annihilape|20/100|[from] item: Rocky Helmet|[of] p1a: Mandibuzz
|move|p1a: Mandibuzz|Toxic|p2b: Incineroar
|-status|p2b: Incineroar|tox
|
|-damage|p2b: Incineroar|95/100 tox|[from] psn
|upkeep
|turn|4
|inactive|Keeper08 has 30 seconds left.
|
|t:|1757930693
|-terastallize|p1b: Volcarona|Water
|move|p2a: Annihilape|Protect|p2a: Annihilape
|-singleturn|p2a: Annihilape|Protect
|move|p1b: Volcarona|Bug Buzz|p2a: Annihilape
|-activate|p2a: Annihilape|move: Protect
|move|p1a: Mandibuzz|Roost|p1a: Mandibuzz
|-heal|p1a: Mandibuzz|100/100
|-singleturn|p1a: Mandibuzz|move: Roost
|move|p2b: Incineroar|Knock Off|p1b: Volcarona
|-damage|p1b: Volcarona|35/100
|-enditem|p1b: Volcarona|Sitrus Berry|[from] move: Knock Off|[of] p2b: Incineroar
|
|-damage|p2b: Incineroar|83/100 tox|[from] psn
|upkeep
|turn|5
|
|t:|1757930715
|switch|p2a: Torkoal|Torkoal, L50, F|100/100
|-weather|SunnyDay|[from] ability: Drought|[of] p2a: Torkoal
|move|p1b: Volcarona|Bug Buzz|p2a: Torkoal
|-resisted|p2a: Torkoal
|-damage|p2a: Torkoal|53/100
|move|p1a: Mandibuzz|Knock Off|p2b: Incineroar
|-resisted|p2b: Incineroar
|-damage|p2b: Incineroar|74/100 tox
|-enditem|p2b: Incineroar|Sitrus Berry|[from] move: Knock Off|[of] p1a: Mandibuzz
|move|p2b: Incineroar|Knock Off|p1b: Volcarona
|-damage|p1b: Volcarona|0 fnt
|faint|p1b: Volcarona
|
|-weather|SunnyDay|[upkeep]
|-damage|p2b: Incineroar|56/100 tox|[from] psn
|upkeep
|
|t:|1757930732
|switch|p1b: Empoleon|Empoleon, L50, F|100/100
|turn|6
|
|t:|1757930743
|move|p1b: Empoleon|Hydro Pump|p2b: Incineroar
|-supereffective|p2b: Incineroar
|-damage|p2b: Incineroar|11/100 tox
|move|p1a: Mandibuzz|Toxic|p2a: Torkoal
|-status|p2a: Torkoal|tox
|move|p2b: Incineroar|Parting Shot|p1a: Mandibuzz
|-unboost|p1a: Mandibuzz|atk|1
|-unboost|p1a: Mandibuzz|spa|1
|
|t:|1757930751
|switch|p2b: Annihilape|Annihilape, L50, F, tera:Fairy|20/100|[from] Parting Shot
|move|p2a: Torkoal|Flamethrower|p1b: Empoleon
|-damage|p1b: Empoleon|37/100
|
|-weather|SunnyDay|[upkeep]
|-damage|p2a: Torkoal|47/100 tox|[from] psn
|upkeep
|turn|7
|
|t:|1757930763
|move|p2b: Annihilape|Rage Fist|p1a: Mandibuzz
|-resisted|p1a: Mandibuzz
|-damage|p1a: Mandibuzz|75/100
|-damage|p2b: Annihilape|4/100|[from] item: Rocky Helmet|[of] p1a: Mandibuzz
|move|p1b: Empoleon|Hydro Pump|p2b: Annihilape
|-damage|p2b: Annihilape|0 fnt
|faint|p2b: Annihilape
|move|p1a: Mandibuzz|Tailwind|p1a: Mandibuzz
|-sidestart|p1: Keeper08|move: Tailwind
|move|p2a: Torkoal|Flamethrower|p1b: Empoleon
|-damage|p1b: Empoleon|0 fnt
|faint|p1b: Empoleon
|
|-weather|SunnyDay|[upkeep]
|-damage|p2a: Torkoal|36/100 tox|[from] psn
|upkeep
|
|t:|1757930772
|switch|p2b: Incineroar|Incineroar, L50, F|11/100 tox
|switch|p1b: Klefki|Klefki, L50, F|100/100
|-ability|p2b: Incineroar|Intimidate|boost
|-unboost|p1a: Mandibuzz|atk|1
|-unboost|p1b: Klefki|atk|1
|turn|8
|
|t:|1757930790
|move|p2b: Incineroar|Fake Out|p1b: Klefki
|-resisted|p1b: Klefki
|-damage|p1b: Klefki|95/100
|cant|p1b: Klefki|flinch
|move|p1a: Mandibuzz|Roost|p1a: Mandibuzz
|-heal|p1a: Mandibuzz|100/100
|-singleturn|p1a: Mandibuzz|move: Roost
|move|p2a: Torkoal|Flamethrower|p1a: Mandibuzz
|-damage|p1a: Mandibuzz|42/100
|
|-weather|SunnyDay|[upkeep]
|-damage|p2b: Incineroar|5/100 tox|[from] psn
|-damage|p2a: Torkoal|19/100 tox|[from] psn
|upkeep
|turn|9
|
|t:|1757930811
|move|p1a: Mandibuzz|Knock Off|p2a: Torkoal
|-damage|p2a: Torkoal|9/100 tox
|-enditem|p2a: Torkoal|Charcoal|[from] move: Knock Off|[of] p1a: Mandibuzz
|move|p1b: Klefki|Dazzling Gleam|p2b: Incineroar|[spread] p2a,p2b
|-resisted|p2a: Torkoal
|-damage|p2a: Torkoal|0 fnt
|-damage|p2b: Incineroar|0 fnt
|faint|p2a: Torkoal
|faint|p2b: Incineroar
|
|win|Keeper08
||atmhools1 is ready for game 2.
||Keeper08 is ready for game 2.
|uhtml|next|Next: Game 2 of 3
|l|☆Keeper08
|player|p1|
|l|☆atmhools1
|player|p2|
