|j|☆Ice124567890
|j|☆failandimprove5
|html|Ice124567890failandimprove5    
|uhtml|bestof|Game 1 of a best-of-3
|t:|1782210372
|gametype|doubles
|player|p1|Ice124567890|102|1268
|player|p2|failandimprove5|2|1348
|gen|9
|tier|[Gen 9 Champions] VGC 2026 Reg M-B (Bo3)
|rated|
|rule|Species Clause: Limit one of each Pokémon
|rule|Item Clause: Limit 1 of each item
|clearpoke
|poke|p1|Torkoal, L50, M|
|poke|p1|Venusaur, L50, M|
|poke|p1|Delphox, L50, M|
|poke|p1|Incineroar, L50, M|
|poke|p1|Farigiraf, L50, F|
|poke|p1|Floette-Eternal, L50, F|
|poke|p2|Charizard, L50, M|
|poke|p2|Floette-Eternal, L50, F|
|poke|p2|Whimsicott, L50, M|
|poke|p2|Basculegion, L50, M|
|poke|p2|Incineroar, L50, F|
|poke|p2|Garchomp, L50, M|
|teampreview|4
|showteam|p1|Torkoal||HeatRock|Drought|Eruption,WeatherBall,Yawn,Protect|Quiet||M|||50|]Venusaur||LifeOrb|Chlorophyll|EnergyBall,SludgeBomb,EarthPower,Protect|Modest||M|||50|]Delphox||Delphoxite|Blaze|Psyshock,HeatWave,NastyPlot,Protect|Timid||M|||50|]Incineroar||Charcoal|Intimidate|PartingShot,FakeOut,ThroatChop,FlareBlitz|Adamant||M|||50|]Farigiraf||SitrusBerry|ArmorTail|Psychic,HyperVoice,TrickRoom,Protect|Quiet||F|||50|]Floette-Eternal||Floettite|FlowerVeil|DazzlingGleam,Moonblast,LightofRuin,Protect|Timid||F|||50|
|showteam|p2|Charizard||CharizarditeY|Blaze|HeatWave,WeatherBall,SolarBeam,Protect|Modest||M|||50|]Floette-Eternal||Floettite|FlowerVeil|Moonblast,DazzlingGleam,LightofRuin,Protect|Timid||F|||50|]Whimsicott||FocusSash|Prankster|Moonblast,Tailwind,Encore,Protect|Timid||M|||50|]Basculegion||MysticWater|Adaptability|WaveCrash,LastRespects,AquaJet,Protect|Adamant||M|||50|]Incineroar||SitrusBerry|Intimidate|FlareBlitz,ThroatChop,PartingShot,FakeOut|Careful||F|||50|]Garchomp||LifeOrb|RoughSkin|Earthquake,RockSlide,DragonClaw,Protect|Jolly||M|||50|
|inactive|Battle timer is ON: inactive players will automatically lose when time's up. (requested by failandimprove5)
|inactive|Ice124567890 also wants the timer to be on.
|
|t:|1782210402
|teamsize|p1|4
|teamsize|p2|4
|start
|switch|p1a: Venusaur|Venusaur, L50, M|100/100
|switch|p1b: Torkoal|Torkoal, L50, M|100/100
|switch|p2a: Charizard|Charizard, L50, M|100/100
|switch|p2b: Whimsicott|Whimsicott, L50, M|100/100
|-weather|SunnyDay|[from] ability: Drought|[of] p1b: Torkoal
|turn|1
|
|t:|1782210421
|switch|p1a: Incineroar|Incineroar, L50, M|100/100
|-ability|p1a: Incineroar|Intimidate|boost
|-unboost|p2a: Charizard|atk|1
|-unboost|p2b: Whimsicott|atk|1
|detailschange|p2a: Charizard|Charizard-Mega-Y, L50, M
|-mega|p2a: Charizard|Charizard|Charizardite Y
|move|p2b: Whimsicott|Protect|p2b: Whimsicott
|-singleturn|p2b: Whimsicott|Protect
|move|p2a: Charizard|Heat Wave|p1a: Incineroar|[spread] p1a,p1b
|-resisted|p1a: Incineroar|1
|-resisted|p1b: Torkoal|1
|-damage|p1a: Incineroar|71/100
|-damage|p1b: Torkoal|60/100
|move|p1b: Torkoal|Yawn|p2a: Charizard
|-start|p2a: Charizard|move: Yawn|[of] p1b: Torkoal
|
|-weather|SunnyDay|[upkeep]
|upkeep
|turn|2
|
|t:|1782210442
|switch|p2b: Garchomp|Garchomp, L50, M|100/100
|switch|p2a: Incineroar|Incineroar, L50, F|100/100
|-ability|p2a: Incineroar|Intimidate|boost
|-unboost|p1a: Incineroar|atk|1
|-unboost|p1b: Torkoal|atk|1
|move|p1a: Incineroar|Throat Chop|p2a: Incineroar
|-resisted|p2a: Incineroar|1
|-damage|p2a: Incineroar|88/100
|-start|p2a: Incineroar|Throat Chop|[silent]
|move|p1b: Torkoal|Eruption|p2a: Incineroar|[spread] p2a,p2b
|-resisted|p2a: Incineroar|1
|-resisted|p2b: Garchomp|1
|-damage|p2a: Incineroar|73/100
|-damage|p2b: Garchomp|77/100
|
|-weather|SunnyDay|[upkeep]
|upkeep
|turn|3
|
|t:|1782210453
|switch|p2a: Charizard|Charizard-Mega-Y, L50, M|100/100
|move|p1b: Torkoal|Protect|p1b: Torkoal
|-singleturn|p1b: Torkoal|Protect
|move|p2b: Garchomp|Earthquake|p1b: Torkoal|[spread] p1a
|-activate|p1b: Torkoal|move: Protect
|-immune|p2a: Charizard
|-supereffective|p1a: Incineroar|1
|-damage|p1a: Incineroar|0 fnt
|faint|p1a: Incineroar
|-damage|p2b: Garchomp|68/100|[from] item: Life Orb
|
|-weather|SunnyDay|[upkeep]
|upkeep
|
|t:|1782210456
|switch|p1a: Delphox|Delphox, L50, M|100/100
|turn|4
|
|t:|1782210465
|detailschange|p1a: Delphox|Delphox-Mega, L50, M
|-mega|p1a: Delphox|Delphox|Delphoxite
|move|p1a: Delphox|Psyshock|p2b: Garchomp
|-crit|p2b: Garchomp
|-damage|p2b: Garchomp|0 fnt
|faint|p2b: Garchomp
|move|p2a: Charizard|Weather Ball|p1a: Delphox
|-resisted|p1a: Delphox|1
|-damage|p1a: Delphox|58/100
|move|p1b: Torkoal|Yawn|p2a: Charizard
|-start|p2a: Charizard|move: Yawn|[of] p1b: Torkoal
|
|-weather|SunnyDay|[upkeep]
|upkeep
|inactive|failandimprove5 has 30 seconds left.
|
|t:|1782210491
|switch|p2b: Incineroar|Incineroar, L50, F|73/100
|-ability|p2b: Incineroar|Intimidate|boost
|-unboost|p1a: Delphox|atk|1
|-unboost|p1b: Torkoal|atk|1
|turn|5
|inactive|Ice124567890 has 30 seconds left.
|inactive|Ice124567890 has 20 seconds left.
|inactive|Ice124567890 has 15 seconds left.
|inactive|Ice124567890 has 10 seconds left.
|
|t:|1782210536
|switch|p2a: Whimsicott|Whimsicott, L50, M|100/100
|move|p1a: Delphox|Protect|p1a: Delphox
|-singleturn|p1a: Delphox|Protect
|move|p2b: Incineroar|Throat Chop|p1a: Delphox
|-activate|p1a: Delphox|move: Protect
|move|p1b: Torkoal|Yawn|p2a: Whimsicott
|-start|p2a: Whimsicott|move: Yawn|[of] p1b: Torkoal
|
|-weather|SunnyDay|[upkeep]
|upkeep
|turn|6
|
|t:|1782210554
|switch|p1a: Venusaur|Venusaur, L50, M|100/100
|switch|p2a: Charizard|Charizard-Mega-Y, L50, M|100/100
|move|p2b: Incineroar|Flare Blitz|p1a: Venusaur
|-supereffective|p1a: Venusaur|1
|-damage|p1a: Venusaur|0 fnt
|faint|p1a: Venusaur
|-damage|p2b: Incineroar|47/100|[from] Recoil
|-enditem|p2b: Incineroar|Sitrus Berry|[eat]
|-heal|p2b: Incineroar|72/100|[from] item: Sitrus Berry
|move|p1b: Torkoal|Yawn|p2b: Incineroar
|-start|p2b: Incineroar|move: Yawn|[of] p1b: Torkoal
|
|-weather|SunnyDay|[upkeep]
|upkeep
|inactive|Ice124567890 has 30 seconds left.
|inactive|Ice124567890 has 20 seconds left.
|inactive|Ice124567890 has 15 seconds left.
|inactive|Ice124567890 has 10 seconds left.
|inactive|Ice124567890 has 5 seconds left.
|
|t:|1782210609
|switch|p1a: Delphox|Delphox-Mega, L50, M|58/100
|turn|7
|
|t:|1782210626
|move|p1a: Delphox|Psyshock|p2a: Charizard
|-damage|p2a: Charizard|52/100
|move|p2a: Charizard|Heat Wave|p1b: Torkoal|[spread] p1a,p1b
|-resisted|p1a: Delphox|1
|-resisted|p1b: Torkoal|1
|-damage|p1a: Delphox|30/100
|-damage|p1b: Torkoal|20/100y
|move|p2b: Incineroar|Parting Shot|p1b: Torkoal
|-unboost|p1b: Torkoal|atk|1
|-unboost|p1b: Torkoal|spa|1
|
|t:|1782210631
|switch|p2b: Whimsicott|Whimsicott, L50, M|100/100|[from] Parting Shot
|move|p1b: Torkoal|Yawn|p2b: Whimsicott
|-start|p2b: Whimsicott|move: Yawn|[of] p1b: Torkoal
|
|-weather|SunnyDay|[upkeep]
|upkeep
|turn|8
|
|t:|1782210639
|move|p2b: Whimsicott|Tailwind|p2b: Whimsicott
|-sidestart|p2: failandimprove5|move: Tailwind
|move|p2a: Charizard|Heat Wave|p1a: Delphox|[spread] p1a
|-miss|p2a: Charizard|p1b: Torkoal
|-resisted|p1a: Delphox|1
|-damage|p1a: Delphox|0 fnt
|faint|p1a: Delphox
|move|p1b: Torkoal|Weather Ball|p2b: Whimsicott
|-supereffective|p2b: Whimsicott|1
|-enditem|p2b: Whimsicott|Focus Sash
|-damage|p2b: Whimsicott|1/100
|
|-weather|none
|-end|p2b: Whimsicott|move: Yawn|[silent]
|-status|p2b: Whimsicott|slp
|upkeep
|turn|9
|inactive|Ice124567890 has 30 seconds left.
|inactive|Ice124567890 has 20 seconds left.
|inactive|Ice124567890 has 15 seconds left.
|-message|Ice124567890 forfeited.
|
|win|failandimprove5
|l|☆Ice124567890
|player|p1|
