|j|☆SiahSupaB
|j|☆Imreesithink
|html|SiahSupaBImreesithink    
|uhtml|bestof|Game 2 of a best-of-3
|t:|1785771316
|gametype|doubles
|player|p1|SiahSupaB|102|1131
|player|p2|Imreesithink|1|1224
|gen|9
|tier|[Gen 9 Champions] VGC 2026 Reg M-B (Bo3)
|rated|
|rule|Species Clause: Limit one of each Pokémon
|rule|Item Clause: Limit 1 of each item
|clearpoke
|poke|p1|Floette-Eternal, L50, F|
|poke|p1|Incineroar, L50, M|
|poke|p1|Sinistcha, L50|
|poke|p1|Garchomp, L50, F|
|poke|p1|Charizard, L50, F|
|poke|p1|Whimsicott, L50, M|
|poke|p2|Staraptor, L50, F, shiny|
|poke|p2|Raichu, L50, M, shiny|
|poke|p2|Sylveon, L50, M, shiny|
|poke|p2|Farigiraf, L50, F, shiny|
|poke|p2|Arcanine-Hisui, L50, M, shiny|
|poke|p2|Kingambit, L50, F, shiny|
|teampreview|4
|showteam|p1|Floette-Eternal||Floettite|FlowerVeil|Moonblast,DazzlingGleam,CalmMind,Protect|Modest||F|||50|]Incineroar||ShucaBerry|Intimidate|FlareBlitz,DarkestLariat,FakeOut,PartingShot|Careful||M|||50|]Sinistcha||SitrusBerry|Hospitality|MatchaGotcha,RagePowder,TrickRoom,Protect|Calm|||||50|]Garchomp||LifeOrb|RoughSkin|DragonClaw,Earthquake,RockSlide,Protect|Adamant||F|||50|]Charizard||CharizarditeY|Blaze|HeatWave,WeatherBall,SolarBeam,Protect|Modest||F|||50|]Whimsicott||FocusSash|Prankster|Moonblast,Tailwind,Encore,Protect|Timid||M|||50|
|showteam|p2|Staraptor||Staraptite|Intimidate|Tailwind,Protect,CloseCombat,DualWingbeat|Jolly||F|||50|]Raichu||RaichuniteY|LightningRod|FakeOut,ZapCannon,FocusBlast,Protect|Timid||M|||50|]Sylveon||FairyFeather|Pixilate|Detect,HyperVoice,QuickAttack,HyperBeam|Modest||M|||50|]Farigiraf||SitrusBerry|ArmorTail|Psychic,TrickRoom,HelpingHand,Protect|Sassy||F|||50|]Arcanine-Hisui||FocusSash|RockHead|Protect,ExtremeSpeed,HeadSmash,FlareBlitz|Jolly||M|||50|]Kingambit||LifeOrb|Defiant|Protect,KowtowCleave,SwordsDance,SuckerPunch|Adamant||F|||50|
|inactive|Battle timer is ON: inactive players will automatically lose when time's up. (requested by Imreesithink)
|
|t:|1785771366
|teamsize|p1|4
|teamsize|p2|4
|start
|switch|p1a: Floette|Floette-Eternal, L50, F|100/100
|switch|p1b: Incineroar|Incineroar, L50, M|100/100
|switch|p2a: Raichu|Raichu, L50, M, shiny|100/100
|switch|p2b: Kingambit|Kingambit, L50, F, shiny|100/100
|-ability|p1b: Incineroar|Intimidate|boost
|-unboost|p2a: Raichu|atk|1
|-unboost|p2b: Kingambit|atk|1
|-ability|p2b: Kingambit|Defiant|boost
|-boost|p2b: Kingambit|atk|2
|turn|1
|inactive|SiahSupaB has 30 seconds left.
|
|t:|1785771391
|detailschange|p2a: Raichu|Raichu-Mega-Y, L50, M, shiny
|-mega|p2a: Raichu|Raichu|Raichunite Y
|detailschange|p1a: Floette|Floette-Mega, L50, F
|-mega|p1a: Floette|Floette|Floettite
|-ability|p1a: Floette|Fairy Aura
|move|p2a: Raichu|Fake Out|p1a: Floette
|-damage|p1a: Floette|93/100
|cant|p1a: Floette|flinch
|move|p1b: Incineroar|Flare Blitz|p2b: Kingambit
|-supereffective|p2b: Kingambit|1
|-damage|p2b: Kingambit|35/100
|-damage|p1b: Incineroar|78/100|[from] Recoil
|move|p2b: Kingambit|Kowtow Cleave|p1a: Floette
|-resisted|p1a: Floette|1
|-damage|p1a: Floette|39/100
|-damage|p2b: Kingambit|25/100|[from] item: Life Orb
|
|upkeep
|turn|2
|
|t:|1785771414
|switch|p1b: Sinistcha|Sinistcha, L50|100/100
|-heal|p1a: Floette|64/100|[from] ability: Hospitality|[of] p1b: Sinistcha
|move|p1a: Floette|Protect|p1a: Floette
|-singleturn|p1a: Floette|Protect
|move|p2b: Kingambit|Sucker Punch||[still]
|-fail|p2b: Kingambit
|move|p2a: Raichu|Focus Blast|p1b: Sinistcha
|-immune|p1b: Sinistcha
|
|upkeep
|turn|3
|inactive|SiahSupaB has 30 seconds left.
|
|t:|1785771445
|move|p2a: Raichu|Protect|p2a: Raichu
|-singleturn|p2a: Raichu|Protect
|move|p1b: Sinistcha|Rage Powder|p1b: Sinistcha
|-singleturn|p1b: Sinistcha|move: Rage Powder
|move|p1a: Floette|Dazzling Gleam|p2b: Kingambit|[spread] p2b
|-activate|p2a: Raichu|move: Protect
|-damage|p2b: Kingambit|0 fnt
|faint|p2b: Kingambit
|
|upkeep
|inactive|Imreesithink has 30 seconds left.
|inactive|Imreesithink has 20 seconds left.
|inactive|Imreesithink has 15 seconds left.
|
|t:|1785771486
|switch|p2b: Sylveon|Sylveon, L50, M, shiny|100/100
|turn|4
|
|t:|1785771507
|move|p1b: Sinistcha|Rage Powder|p1b: Sinistcha
|-singleturn|p1b: Sinistcha|move: Rage Powder
|move|p2a: Raichu|Zap Cannon|p1b: Sinistcha
|-resisted|p1b: Sinistcha|1
|-crit|p1b: Sinistcha
|-damage|p1b: Sinistcha|49/100
|-status|p1b: Sinistcha|par
|-enditem|p1b: Sinistcha|Sitrus Berry|[eat]
|-heal|p1b: Sinistcha|74/100 par|[from] item: Sitrus Berry
|move|p1a: Floette|Dazzling Gleam|p2b: Sylveon|[spread] p2a,p2b
|-damage|p2a: Raichu|30/100
|-damage|p2b: Sylveon|62/100
|move|p2b: Sylveon|Hyper Voice|p1b: Sinistcha|[spread] p1a,p1b
|-damage|p1a: Floette|16/100
|-damage|p1b: Sinistcha|12/100 par
|
|upkeep
|turn|5
|
|t:|1785771530
|switch|p2a: Farigiraf|Farigiraf, L50, F, shiny|100/100
|move|p1b: Sinistcha|Rage Powder|p1b: Sinistcha
|-singleturn|p1b: Sinistcha|move: Rage Powder
|move|p1a: Floette|Dazzling Gleam|p2a: Farigiraf|[spread] p2a,p2b
|-damage|p2a: Farigiraf|63/100
|-damage|p2b: Sylveon|24/100
|move|p2b: Sylveon|Hyper Voice|p1b: Sinistcha|[spread] p1a,p1b
|-damage|p1a: Floette|0 fnt
|-damage|p1b: Sinistcha|0 fnt
|faint|p1a: Floette
|faint|p1b: Sinistcha
|
|upkeep
|
|t:|1785771541
|switch|p1a: Incineroar|Incineroar, L50, M|78/100
|switch|p1b: Garchomp|Garchomp, L50, F|100/100
|-ability|p1a: Incineroar|Intimidate|boost
|-unboost|p2a: Farigiraf|atk|1
|-unboost|p2b: Sylveon|atk|1
|turn|6
|
|t:|1785771556
|move|p2b: Sylveon|Detect|p2b: Sylveon
|-singleturn|p2b: Sylveon|Protect
|move|p1b: Garchomp|Rock Slide|p2a: Farigiraf|[spread] p2a
|-activate|p2b: Sylveon|move: Protect
|-crit|p2a: Farigiraf
|-damage|p2a: Farigiraf|22/100
|-enditem|p2a: Farigiraf|Sitrus Berry|[eat]
|-heal|p2a: Farigiraf|47/100|[from] item: Sitrus Berry
|-damage|p1b: Garchomp|90/100|[from] item: Life Orb
|move|p1a: Incineroar|Flare Blitz|p2b: Sylveon
|-activate|p2b: Sylveon|move: Protect
|cant|p2a: Farigiraf|flinch
|
|upkeep
|turn|7
|j| dondiri
|
|t:|1785771580
|move|p2b: Sylveon|Detect|p2b: Sylveon
|-singleturn|p2b: Sylveon|Protect
|move|p1b: Garchomp|Rock Slide|p2a: Farigiraf|[spread] p2a
|-activate|p2b: Sylveon|move: Protect
|-damage|p2a: Farigiraf|20/100y
|-damage|p1b: Garchomp|80/100|[from] item: Life Orb
|move|p1a: Incineroar|Darkest Lariat|p2a: Farigiraf
|-supereffective|p2a: Farigiraf|1
|-damage|p2a: Farigiraf|0 fnt
|faint|p2a: Farigiraf
|
|upkeep
|
|t:|1785771589
|switch|p2a: Raichu|Raichu-Mega-Y, L50, M, shiny|30/100
|turn|8
|
|t:|1785771605
|move|p2a: Raichu|Fake Out|p1b: Garchomp
|-damage|p1b: Garchomp|71/100
|-damage|p2a: Raichu|18/100|[from] ability: Rough Skin|[of] p1b: Garchomp
|cant|p1b: Garchomp|flinch
|move|p2b: Sylveon|Hyper Voice|p1b: Garchomp|[spread] p1a,p1b
|-supereffective|p1b: Garchomp|1
|-damage|p1a: Incineroar|39/100
|-damage|p1b: Garchomp|0 fnt
|faint|p1b: Garchomp
|move|p1a: Incineroar|Flare Blitz|p2b: Sylveon
|-damage|p2b: Sylveon|0 fnt
|faint|p2b: Sylveon
|-damage|p1a: Incineroar|32/100|[from] Recoil
|
|upkeep
|turn|9
|c|☆Imreesithink|gg
|
|t:|1785771620
|move|p2a: Raichu|Focus Blast|p1a: Incineroar
|-supereffective|p1a: Incineroar|1
|-damage|p1a: Incineroar|0 fnt
|faint|p1a: Incineroar
|
|win|Imreesithink
|raw|SiahSupaB's rating: 1131 → 1113(-18 for losing)
|raw|Imreesithink's rating: 1224 → 1242(+18 for winning)
|c|☆SiahSupaB|gg
|l|☆Imreesithink
|player|p2|
