|j|☆raucho
|j|☆Sincubii
|html|rauchoSincubii    
|uhtml|bestof|Game 3 of a best-of-3
|t:|1757733950
|gametype|doubles
|player|p1|raucho|n|1183
|player|p2|Sincubii|palmer|1143
|gen|9
|tier|[Gen 9] VGC 2025 Reg H (Bo3)
|rated|
|rule|Species Clause: Limit one of each Pokémon
|rule|Item Clause: Limit 1 of each item
|clearpoke
|poke|p1|Gholdengo, L50|
|poke|p1|Whimsicott, L50, M|
|poke|p1|Indeedee, L50, M|
|poke|p1|Sneasler, L50, M|
|poke|p1|Electabuzz, L50, F|
|poke|p1|Ursaluna-Bloodmoon, L50, M|
|poke|p2|Weavile, L50, F|
|poke|p2|Weezing-Galar, L50, M|
|poke|p2|Tyranitar, L50, F|
|poke|p2|Toedscruel, L50, M|
|poke|p2|Rotom-Heat, L50|
|poke|p2|Dragonite, L50, M|
|teampreview|4
|showteam|p1|Gholdengo||IronPlate|GoodasGold|MakeItRain,ShadowBall,NastyPlot,Protect||||||50|,,,,,Dragon]Whimsicott||CovertCloak|Prankster|Moonblast,Tailwind,LightScreen,Encore|||M|||50|,,,,,Rock]Indeedee||FocusSash|PsychicSurge|ExpandingForce,Imprison,TrickRoom,Protect|||M|||50|,,,,,Psychic]Sneasler||PsychicSeed|Unburden|ThroatChop,CloseCombat,DireClaw,Protect|||M|||50|,,,,,Dark]Electabuzz||Eviolite|VitalSpirit|Electroweb,Taunt,FollowMe,Protect|||F|||50|,,,,,Dragon]Ursaluna-Bloodmoon||LifeOrb|MindsEye|HyperVoice,BloodMoon,EarthPower,Protect|||M|||50|,,,,,Normal
|showteam|p2|Weavile||LifeOrb|Pressure|FakeOut,IceSpinner,KnockOff,LowKick|||F|||50|,,,,,Ghost]Weezing-Galar||SafetyGoggles|NeutralizingGas|StrangeSteam,WillOWisp,Taunt,Protect|||M|||50|,,,,,Fire]Tyranitar||AssaultVest|SandStream|KnockOff,RockSlide,TeraBlast,LowKick|||F|||50|,,,,,Flying]Toedscruel||CovertCloak|MyceliumMight|Spore,EarthPower,Protect,LeafStorm|||M|||50|,,,,,Poison]Rotom-Heat||ChoiceScarf|Levitate|Electroweb,VoltSwitch,Trick,Overheat||||||50|,,,,,Electric]Dragonite||LoadedDice|InnerFocus|Protect,ScaleShot,Tailwind,IronHead|||M|||50|,,,,,Steel
|inactive|Battle timer is ON: inactive players will automatically lose when time's up. (requested by raucho)
|
|t:|1757733974
|teamsize|p1|4
|teamsize|p2|4
|start
|switch|p1a: Whimsicott|Whimsicott, L50, M, shiny|100/100
|switch|p1b: Ursaluna|Ursaluna-Bloodmoon, L50, M|100/100
|switch|p2a: Weezing|Weezing-Galar, L50, M|100/100
|switch|p2b: Weavile|Weavile, L50, F|100/100
|-ability|p2a: Weezing|Neutralizing Gas
|turn|1
|
|t:|1757733995
|-terastallize|p1a: Whimsicott|Rock
|move|p1b: Ursaluna|Protect|p1b: Ursaluna
|-singleturn|p1b: Ursaluna|Protect
|move|p2b: Weavile|Ice Spinner|p1a: Whimsicott
|-damage|p1a: Whimsicott|39/100
|-damage|p2b: Weavile|91/100|[from] item: Life Orb
|move|p1a: Whimsicott|Tailwind|p1a: Whimsicott
|-sidestart|p1: raucho|move: Tailwind
|move|p2a: Weezing|Strange Steam|p1b: Ursaluna
|-activate|p1b: Ursaluna|move: Protect
|
|upkeep
|turn|2
|
|t:|1757734016
|-terastallize|p2b: Weavile|Ghost
|move|p2a: Weezing|Protect|p2a: Weezing
|-singleturn|p2a: Weezing|Protect
|move|p1a: Whimsicott|Moonblast|p2b: Weavile
|-damage|p2b: Weavile|51/100
|-unboost|p2b: Weavile|spa|1
|move|p1b: Ursaluna|Hyper Voice|p2a: Weezing|[spread] 
|-activate|p2a: Weezing|move: Protect
|-immune|p2b: Weavile
|move|p2b: Weavile|Low Kick|p1b: Ursaluna
|-supereffective|p1b: Ursaluna
|-damage|p1b: Ursaluna|25/100
|-damage|p2b: Weavile|42/100|[from] item: Life Orb
|
|upkeep
|turn|3
|
|t:|1757734039
|switch|p2b: Big Boss|Dragonite, L50, M, shiny|100/100
|-end|p2a: Weezing|ability: Neutralizing Gas
|switch|p2a: Tyranitar|Tyranitar, L50, F|100/100
|-weather|Sandstorm|[from] ability: Sand Stream|[of] p2a: Tyranitar
|move|p1b: Ursaluna|Protect|p1b: Ursaluna
|-singleturn|p1b: Ursaluna|Protect
|move|p1a: Whimsicott|Encore|p2a: Tyranitar
|-hint|Since gen 7, Dark is immune to Prankster moves.
|-immune|p2a: Tyranitar
|
|-weather|Sandstorm|[upkeep]
|-damage|p2b: Big Boss|95/100|[from] Sandstorm
|upkeep
|turn|4
|
|t:|1757734062
|move|p1a: Whimsicott|Moonblast|p2a: Tyranitar
|-supereffective|p2a: Tyranitar
|-damage|p2a: Tyranitar|79/100
|move|p1b: Ursaluna|Earth Power|p2a: Tyranitar
|-supereffective|p2a: Tyranitar
|-damage|p2a: Tyranitar|26/100
|-damage|p1b: Ursaluna|15/100|[from] item: Life Orb
|move|p2b: Big Boss|Scale Shot|p1a: Whimsicott
|-damage|p1a: Whimsicott|21/100
|-damage|p1a: Whimsicott|1/100
|-damage|p1a: Whimsicott|0 fnt
|faint|p1a: Whimsicott
|-hitcount|p1: Whimsicott|3
|-unboost|p2b: Big Boss|def|1
|-boost|p2b: Big Boss|spe|1
|move|p2a: Tyranitar|Rock Slide|p1b: Ursaluna
|-resisted|p1b: Ursaluna
|-damage|p1b: Ursaluna|0 fnt
|faint|p1b: Ursaluna
|
|-weather|Sandstorm|[upkeep]
|-damage|p2b: Big Boss|89/100|[from] Sandstorm
|-sideend|p1: raucho|move: Tailwind
|upkeep
|
|t:|1757734069
|switch|p1a: Sneasler|Sneasler, L50, M, shiny|100/100
|switch|p1b: Gholdengo|Gholdengo, L50, shiny|100/100
|turn|5
|inactive|raucho has 30 seconds left.
|
|t:|1757734094
|move|p1a: Sneasler|Dire Claw|p2b: Big Boss
|-damage|p2b: Big Boss|30/100
|-status|p2b: Big Boss|par
|move|p1b: Gholdengo|Make It Rain|p2a: Tyranitar|[spread] p2a,p2b
|-supereffective|p2a: Tyranitar
|-damage|p2a: Tyranitar|0 fnt
|-damage|p2b: Big Boss|0 fnt
|-unboost|p1b: Gholdengo|spa|1
|faint|p2a: Tyranitar
|faint|p2b: Big Boss
|
|-weather|Sandstorm|[upkeep]
|-damage|p1a: Sneasler|95/100|[from] Sandstorm
|upkeep
|
|t:|1757734103
|switch|p2b: Weezing|Weezing-Galar, L50, M|100/100
|switch|p2a: Weavile|Weavile, L50, F, tera:Ghost|42/100
|-ability|p2b: Weezing|Neutralizing Gas
|turn|6
|
|t:|1757734120
|move|p1b: Gholdengo|Protect|p1b: Gholdengo
|-singleturn|p1b: Gholdengo|Protect
|move|p2a: Weavile|Ice Spinner|p1a: Sneasler
|-damage|p1a: Sneasler|18/100
|-damage|p2a: Weavile|32/100|[from] item: Life Orb
|move|p1a: Sneasler|Throat Chop|p2a: Weavile
|-supereffective|p2a: Weavile
|-damage|p2a: Weavile|0 fnt
|faint|p2a: Weavile
|move|p2b: Weezing|Strange Steam|p1a: Sneasler
|-damage|p1a: Sneasler|0 fnt
|faint|p1a: Sneasler
|
|-weather|Sandstorm|[upkeep]
|upkeep
|turn|7
|
|t:|1757734131
|move|p1b: Gholdengo|Make It Rain|p2b: Weezing
|-supereffective|p2b: Weezing
|-damage|p2b: Weezing|0 fnt
|-unboost|p1b: Gholdengo|spa|1
|faint|p2b: Weezing
|-end|p2b: Weezing|ability: Neutralizing Gas
|
|win|raucho
|raw|raucho's rating: 1183 → 1205(+22 for winning)
|raw|Sincubii's rating: 1143 → 1121(-22 for losing)
|l|☆Sincubii
|player|p2|
