|j|☆Chifi Dragon
|j|☆Joseanfox
|html|Chifi DragonJoseanfox    
|uhtml|bestof|Game 3 of a best-of-3
|t:|1783526837
|gametype|doubles
|player|p1|Chifi Dragon|170|1000
|player|p2|Joseanfox|dawn|1117
|gen|9
|tier|[Gen 9 Champions] VGC 2026 Reg M-B (Bo3)
|rated|
|rule|Species Clause: Limit one of each Pokémon
|rule|Item Clause: Limit 1 of each item
|clearpoke
|poke|p1|Garchomp, L50, M|
|poke|p1|Dragalge, L50, M|
|poke|p1|Dragapult, L50, M|
|poke|p1|Archaludon, L50, M|
|poke|p1|Pelipper, L50, M|
|poke|p1|Klefki, L50, F|
|poke|p2|Staraptor, L50, F|
|poke|p2|Sinistcha, L50|
|poke|p2|Archaludon, L50, M|
|poke|p2|Raichu, L50, F|
|poke|p2|Pelipper, L50, M|
|poke|p2|Grimmsnarl, L50, M|
|teampreview|4
|showteam|p1|Garchomp||RoseliBerry|RoughSkin|Earthquake,DragonClaw,Protect,RockSlide|Jolly||M|||50|]Dragalge||Dragalgite|Adaptability|DracoMeteor,Scald,SludgeWave,Protect|Bold||M|||50|]Dragapult||LifeOrb|Infiltrator|DragonDarts,PhantomForce,PsychicFangs,Protect|Jolly||M|||50|]Archaludon||Leftovers|Sturdy|DragonPulse,FlashCannon,ElectroShot,Protect|Timid||M|||50|]Pelipper||DampRock|Drizzle|Tailwind,WideGuard,WeatherBall,HelpingHand|Bold||M|||50|]Klefki||LightClay|Prankster|DazzlingGleam,LightScreen,RainDance,ThunderWave|Bold||F|||50|
|showteam|p2|Staraptor||Staraptite|Intimidate|CloseCombat,Roost,Protect,BraveBird|Adamant||F|||50|]Sinistcha||SitrusBerry|Hospitality|MatchaGotcha,ShadowBall,RagePowder,StrengthSap|Modest|||||50|]Archaludon||QuickClaw|Sturdy|AuraSphere,ElectroShot,FlashCannon,DracoMeteor|Timid||M|||50|]Raichu||RaichuniteX|LightningRod|FakeOut,BrickBreak,VoltTackle,RisingVoltage|Hasty||F|||50|]Pelipper||FocusSash|Drizzle|WeatherBall,WideGuard,Hurricane,Tailwind|Serious||M|||50|]Grimmsnarl||LightClay|Prankster|LightScreen,Reflect,PartingShot,SpiritBreak|Relaxed||M|||50|
|
|t:|1783526879
|teamsize|p1|4
|teamsize|p2|4
|start
|switch|p1a: Klefki|Klefki, L50, F|100/100
|switch|p1b: Archaludon|Archaludon, L50, M|100/100
|switch|p2a: Star lord|Staraptor, L50, F|100/100
|switch|p2b: Persida|Raichu, L50, F|100/100
|-ability|p2a: Star lord|Intimidate|boost
|-unboost|p1a: Klefki|atk|1
|-unboost|p1b: Archaludon|atk|1
|turn|1
|
|t:|1783526919
|detailschange|p2a: Star lord|Staraptor-Mega, L50, F
|-mega|p2a: Star lord|Staraptor|Staraptite
|move|p1b: Archaludon|Protect|p1b: Archaludon
|-singleturn|p1b: Archaludon|Protect
|move|p2b: Persida|Fake Out|p1a: Klefki
|-resisted|p1a: Klefki|1
|-damage|p1a: Klefki|95/100
|cant|p1a: Klefki|flinch
|move|p2a: Star lord|Close Combat|p1b: Archaludon
|-activate|p1b: Archaludon|move: Protect
|
|upkeep
|turn|2
|
|t:|1783526955
|switch|p2b: Mate|Sinistcha, L50|100/100
|move|p2a: Star lord|Protect|p2a: Star lord
|-singleturn|p2a: Star lord|Protect
|move|p1b: Archaludon|Dragon Pulse|p2a: Star lord
|-activate|p2a: Star lord|move: Protect
|move|p1a: Klefki|Dazzling Gleam|p2b: Mate|[spread] p2b
|-activate|p2a: Star lord|move: Protect
|-damage|p2b: Mate|81/100
|
|upkeep
|turn|3
|
|t:|1783526986
|move|p2b: Mate|Rage Powder|p2b: Mate
|-singleturn|p2b: Mate|move: Rage Powder
|move|p1a: Klefki|Rain Dance|p1a: Klefki
|-weather|RainDance
|move|p2a: Star lord|Close Combat|p1b: Archaludon
|-supereffective|p1b: Archaludon|1
|-ability|p1b: Archaludon|Sturdy
|-damage|p1b: Archaludon|1/100
|-boost|p2a: Star lord|def|1
|-boost|p2a: Star lord|spd|1
|move|p1b: Archaludon|Dragon Pulse|p2b: Mate
|-damage|p2b: Mate|42/100
|-enditem|p2b: Mate|Sitrus Berry|[eat]
|-heal|p2b: Mate|67/100|[from] item: Sitrus Berry
|
|-weather|RainDance|[upkeep]
|-heal|p1b: Archaludon|6/100|[from] item: Leftovers
|upkeep
|turn|4
|
|t:|1783527025
|move|p1a: Klefki|Thunder Wave|p2a: Star lord
|-status|p2a: Star lord|par
|move|p1b: Archaludon|Electro Shot||[still]
|-prepare|p1b: Archaludon|Electro Shot
|-boost|p1b: Archaludon|spa|1
|-anim|p1b: Archaludon|Electro Shot|p2a: Star lord
|-supereffective|p2a: Star lord|1
|-crit|p2a: Star lord
|-damage|p2a: Star lord|0 fnt
|faint|p2a: Star lord
|move|p2b: Mate|Matcha Gotcha|p1a: Klefki|[spread] p1a,p1b
|-resisted|p1a: Klefki|1
|-resisted|p1b: Archaludon|2
|-damage|p1a: Klefki|78/100
|-heal|p2b: Mate|75/100|[from] drain|[of] p1a: Klefki
|-damage|p1b: Archaludon|0 fnt
|-heal|p2b: Mate|78/100|[from] drain|[of] p1b: Archaludon
|faint|p1b: Archaludon
|
|-weather|RainDance|[upkeep]
|upkeep
|
|t:|1783527076
|switch|p2a: Salchipapa|Archaludon, L50, M|100/100
|switch|p1b: Dragalge|Dragalge, L50, M|100/100
|turn|5
|c|☆Joseanfox|Crítico XD
|
|t:|1783527112
|detailschange|p1b: Dragalge|Dragalge-Mega, L50, M
|-mega|p1b: Dragalge|Dragalge|Dragalgite
|move|p2b: Mate|Rage Powder|p2b: Mate
|-singleturn|p2b: Mate|move: Rage Powder
|move|p1a: Klefki|Thunder Wave|p2b: Mate
|-status|p2b: Mate|par
|move|p2a: Salchipapa|Electro Shot||[still]
|-prepare|p2a: Salchipapa|Electro Shot
|-boost|p2a: Salchipapa|spa|1
|-anim|p2a: Salchipapa|Electro Shot|p1a: Klefki
|-damage|p1a: Klefki|0 fnt
|faint|p1a: Klefki
|move|p1b: Dragalge|Draco Meteor|p2b: Mate
|-damage|p2b: Mate|28/100 par
|-unboost|p1b: Dragalge|spa|2
|
|-weather|RainDance|[upkeep]
|upkeep
|
|t:|1783527136
|switch|p1a: Garchomp|Garchomp, L50, M|100/100
|turn|6
|inactive|Battle timer is ON: inactive players will automatically lose when time's up. (requested by Chifi Dragon)
|
|t:|1783527166
|move|p1b: Dragalge|Protect|p1b: Dragalge
|-singleturn|p1b: Dragalge|Protect
|move|p1a: Garchomp|Earthquake|p2b: Mate|[spread] p2a,p2b
|-activate|p1b: Dragalge|move: Protect
|-supereffective|p2a: Salchipapa|1
|-resisted|p2b: Mate|1
|-damage|p2a: Salchipapa|34/100
|-damage|p2b: Mate|7/100 par
|move|p2a: Salchipapa|Draco Meteor|p1b: Dragalge
|-activate|p1b: Dragalge|move: Protect
|move|p2b: Mate|Strength Sap|p1a: Garchomp
|-unboost|p1a: Garchomp|atk|1
|-heal|p2b: Mate|100/100 par
|
|-weather|RainDance|[upkeep]
|upkeep
|turn|7
|inactive|Chifi Dragon has 30 seconds left.
|inactive|Joseanfox has 30 seconds left.
|inactive|Joseanfox has 20 seconds left.
|inactive|Joseanfox has 15 seconds left.
|
|t:|1783527207
|move|p1a: Garchomp|Dragon Claw|p2b: Mate
|-damage|p2b: Mate|74/100 par
|move|p2a: Salchipapa|Draco Meteor|p1b: Dragalge
|-supereffective|p1b: Dragalge|1
|-damage|p1b: Dragalge|0 fnt
|-unboost|p2a: Salchipapa|spa|2
|faint|p1b: Dragalge
|move|p2b: Mate|Shadow Ball|p1a: Garchomp
|-damage|p1a: Garchomp|61/100
|-unboost|p1a: Garchomp|spd|1
|
|-weather|none
|upkeep
|turn|8
|inactive|Joseanfox has 30 seconds left.
|
|t:|1783527232
|move|p1a: Garchomp|Earthquake|p2b: Mate|[spread] p2a,p2b
|-supereffective|p2a: Salchipapa|1
|-resisted|p2b: Mate|1
|-damage|p2a: Salchipapa|0 fnt
|-damage|p2b: Mate|61/100 par
|faint|p2a: Salchipapa
|move|p2b: Mate|Strength Sap|p1a: Garchomp
|-unboost|p1a: Garchomp|atk|1
|-heal|p2b: Mate|100/100 par
|
|upkeep
|
|t:|1783527241
|switch|p2a: Persida|Raichu, L50, F|100/100
|turn|9
|
|t:|1783527252
|move|p1a: Garchomp|Protect|p1a: Garchomp
|-singleturn|p1a: Garchomp|Protect
|move|p2a: Persida|Fake Out|p1a: Garchomp
|-activate|p1a: Garchomp|move: Protect
|move|p2b: Mate|Shadow Ball|p1a: Garchomp
|-activate|p1a: Garchomp|move: Protect
|
|upkeep
|turn|10
|
|t:|1783527270
|move|p2a: Persida|Brick Break|p1a: Garchomp
|-damage|p1a: Garchomp|41/100
|-damage|p2a: Persida|87/100|[from] ability: Rough Skin|[of] p1a: Garchomp
|move|p1a: Garchomp|Earthquake|p2b: Mate|[spread] p2a,p2b
|-supereffective|p2a: Persida|1
|-resisted|p2b: Mate|1
|-damage|p2a: Persida|0 fnt
|-damage|p2b: Mate|89/100 par
|faint|p2a: Persida
|move|p2b: Mate|Shadow Ball|p1a: Garchomp
|-damage|p1a: Garchomp|0 fnt
|faint|p1a: Garchomp
|
|win|Joseanfox
|raw|Chifi Dragon's rating: 1000 → 1000(+0 for losing)
|raw|Joseanfox's rating: 1117 → 1134(+17 for winning)
