|j|☆huhvin
|j|☆NiL312
|html|huhvinNiL312    
|uhtml|bestof|Game 2 of a best-of-3
|t:|1784938868
|gametype|doubles
|player|p1|huhvin|169|
|player|p2|NiL312|102|
|gen|9
|tier|[Gen 9 Champions] VGC 2026 Reg M-B (Bo3)
|rule|Species Clause: Limit one of each Pokémon
|rule|Item Clause: Limit 1 of each item
|clearpoke
|poke|p1|Incineroar, L50, M, shiny|
|poke|p1|Sylveon, L50, F, shiny|
|poke|p1|Torkoal, L50, F|
|poke|p1|Typhlosion-Hisui, L50, M, shiny|
|poke|p1|Charizard, L50, M, shiny|
|poke|p1|Hatterene, L50, F, shiny|
|poke|p2|Farigiraf, L50, F|
|poke|p2|Garchomp, L50, F|
|poke|p2|Blastoise, L50, F|
|poke|p2|Talonflame, L50, F|
|poke|p2|Armarouge, L50, F|
|poke|p2|Mawile, L50, M|
|teampreview|4
|showteam|p1|Incineroar||SitrusBerry|Intimidate|PartingShot,FakeOut,DarkestLariat,Protect|Sassy||M|||50|]Sylveon||FairyFeather|Pixilate|HelpingHand,HyperVoice,HyperBeam,Protect|Modest||F|||50|]Torkoal||HeatRock|Drought|WeatherBall,Yawn,SolarBeam,Protect|Quiet||F|||50|]Typhlosion-Hisui||ChoiceScarf|Blaze|Protect,Eruption,SolarBeam,ShadowBall|Timid||M|||50|]Charizard||CharizarditeX|Blaze|Earthquake,Protect,FlareBlitz,DragonClaw|Adamant||M|||50|]Hatterene||Leftovers|MagicBounce|TrickRoom,DazzlingGleam,LifeDew,AfterYou|Quiet||F|||50|
|showteam|p2|Farigiraf||SitrusBerry|ArmorTail|HyperVoice,HelpingHand,ShadowBall,RainDance|Modest||F|||50|]Garchomp||LifeOrb|RoughSkin|Earthquake,RockSlide,DragonClaw,Protect|Jolly||F|||50|]Blastoise||Blastoisinite|RainDish|WaterSpout,DarkPulse,AuraSphere,FakeOut|Modest||F|||50|]Talonflame||FocusSash|GaleWings|Tailwind,DualWingbeat,Protect,RainDance|Jolly||F|||50|]Armarouge||KasibBerry|FlashFire|ArmorCannon,ShadowBall,WideGuard,Protect|Modest||F|||50|]Mawile||Mawilite|Intimidate|SuckerPunch,RockSlide,IronHead,Protect|Adamant||M|||50|
|j| Backwards_Aerial
|
|t:|1784938939
|teamsize|p1|4
|teamsize|p2|4
|start
|switch|p1a: Incineroar|Incineroar, L50, M, shiny|100/100
|switch|p1b: Torkoal|Torkoal, L50, F|100/100
|switch|p2a: top lane|Garchomp, L50, F|100/100
|switch|p2b: bird game 4|Talonflame, L50, F|100/100
|-ability|p1a: Incineroar|Intimidate|boost
|-unboost|p2a: top lane|atk|1
|-unboost|p2b: bird game 4|atk|1
|-weather|SunnyDay|[from] ability: Drought|[of] p1b: Torkoal
|turn|1
|
|t:|1784939028
|switch|p2b: do geese see god|Farigiraf, L50, F|100/100
|switch|p1b: Charizard|Charizard, L50, M, shiny|100/100
|move|p1a: Incineroar|Fake Out||[still]
|cant|p2b: do geese see god|ability: Armor Tail|Fake Out|[of] p1a: Incineroar
|move|p2a: top lane|Earthquake|p1a: Incineroar|[spread] p2b,p1a
|-immune|p1b: Charizard
|-supereffective|p1a: Incineroar|1
|-damage|p2b: do geese see god|65/100
|-damage|p1a: Incineroar|33/100
|-enditem|p1a: Incineroar|Sitrus Berry|[eat]
|-heal|p1a: Incineroar|57/100|[from] item: Sitrus Berry
|-damage|p2a: top lane|90/100|[from] item: Life Orb
|
|-weather|SunnyDay|[upkeep]
|upkeep
|turn|2
|
|t:|1784939059
|detailschange|p1b: Charizard|Charizard-Mega-X, L50, M, shiny
|-mega|p1b: Charizard|Charizard|Charizardite X
|move|p2a: top lane|Rock Slide|p1a: Incineroar|[spread] p1b
|-miss|p2a: top lane|p1a: Incineroar
|-supereffective|p1b: Charizard|1
|-crit|p1b: Charizard
|-damage|p1b: Charizard|21/100
|-damage|p2a: top lane|80/100|[from] item: Life Orb
|move|p1b: Charizard|Dragon Claw|p2a: top lane
|-supereffective|p2a: top lane|1
|-damage|p2a: top lane|0 fnt
|-damage|p1b: Charizard|9/100|[from] ability: Rough Skin|[of] p2a: top lane
|faint|p2a: top lane
|move|p2b: do geese see god|Rain Dance|p2b: do geese see god
|-weather|RainDance
|move|p1a: Incineroar|Darkest Lariat|p2b: do geese see god
|-supereffective|p2b: do geese see god|1
|-damage|p2b: do geese see god|0 fnt
|faint|p2b: do geese see god
|
|-weather|RainDance|[upkeep]
|upkeep
|
|t:|1784939076
|switch|p2a: savetheturtles|Blastoise, L50, F|100/100
|switch|p2b: bird game 4|Talonflame, L50, F|100/100
|turn|3
|
|t:|1784939097
|detailschange|p2a: savetheturtles|Blastoise-Mega, L50, F
|-mega|p2a: savetheturtles|Blastoise|Blastoisinite
|move|p2a: savetheturtles|Fake Out|p1b: Charizard
|-damage|p1b: Charizard|0 fnt
|faint|p1b: Charizard
|move|p2b: bird game 4|Tailwind|p2b: bird game 4
|-sidestart|p2: NiL312|move: Tailwind
|move|p1a: Incineroar|Parting Shot|p2a: savetheturtles
|-unboost|p2a: savetheturtles|atk|1
|-unboost|p2a: savetheturtles|spa|1
|
|t:|1784939106
|switch|p1a: Torkoal|Torkoal, L50, F|100/100|[from] Parting Shot
|-weather|SunnyDay|[from] ability: Drought|[of] p1a: Torkoal
|
|-weather|SunnyDay|[upkeep]
|upkeep
|
|t:|1784939112
|switch|p1b: Typhlosion|Typhlosion-Hisui, L50, M, shiny|100/100
|turn|4
|
|t:|1784939125
|move|p2b: bird game 4|Rain Dance|p2b: bird game 4
|-weather|RainDance
|move|p1b: Typhlosion|Shadow Ball|p2a: savetheturtles
|-damage|p2a: savetheturtles|64/100
|move|p2a: savetheturtles|Water Spout|p1a: Torkoal|[spread] p1a,p1b
|-supereffective|p1a: Torkoal|1
|-supereffective|p1b: Typhlosion|1
|-damage|p1a: Torkoal|0 fnt
|-damage|p1b: Typhlosion|0 fnt
|faint|p1a: Torkoal
|faint|p1b: Typhlosion
|
|-weather|RainDance|[upkeep]
|upkeep
|
|t:|1784939137
|switch|p1a: Incineroar|Incineroar, L50, M, shiny|57/100
|-ability|p1a: Incineroar|Intimidate|boost
|-unboost|p2a: savetheturtles|atk|1
|-unboost|p2b: bird game 4|atk|1
|turn|5
|
|t:|1784939146
|move|p1a: Incineroar|Fake Out|p2a: savetheturtles
|-crit|p2a: savetheturtles
|-damage|p2a: savetheturtles|50/100g
|move|p2b: bird game 4|Dual Wingbeat|p1a: Incineroar
|-damage|p1a: Incineroar|47/100
|-damage|p1a: Incineroar|37/100
|-hitcount|p1a: Incineroar|2
|cant|p2a: savetheturtles|flinch
|
|-weather|RainDance|[upkeep]
|upkeep
|turn|6
|
|t:|1784939158
|move|p1a: Incineroar|Protect|p1a: Incineroar
|-singleturn|p1a: Incineroar|Protect
|move|p2b: bird game 4|Dual Wingbeat|p1a: Incineroar
|-activate|p1a: Incineroar|move: Protect
|move|p2a: savetheturtles|Water Spout|p1a: Incineroar
|-activate|p1a: Incineroar|move: Protect
|
|-weather|RainDance|[upkeep]
|-sideend|p2: NiL312|move: Tailwind
|upkeep
|turn|7
|
|t:|1784939169
|move|p2b: bird game 4|Dual Wingbeat|p1a: Incineroar
|-damage|p1a: Incineroar|27/100
|-damage|p1a: Incineroar|16/100
|-hitcount|p1a: Incineroar|2
|move|p2a: savetheturtles|Water Spout|p1a: Incineroar
|-supereffective|p1a: Incineroar|1
|-damage|p1a: Incineroar|0 fnt
|faint|p1a: Incineroar
|
|win|NiL312
|inactive|huhvin has 30 seconds to confirm battle start!
|inactive|NiL312 has 30 seconds to confirm battle start!
||NiL312 is ready for game 3.
||huhvin is ready for game 3.
|uhtml|next|Next: Game 3 of 3
