|j|☆andorite2
|j|☆Potatomonstr
|html|andorite2Potatomonstr    
|uhtml|bestof|Game 3 of a best-of-3
|t:|1786166653
|gametype|doubles
|player|p1|andorite2|169|
|player|p2|Potatomonstr|miku-flying|
|gen|9
|tier|[Gen 9 Champions] VGC 2026 Reg M-B (Bo3)
|rule|Species Clause: Limit one of each Pokémon
|rule|Item Clause: Limit 1 of each item
|clearpoke
|poke|p1|Steelix, L50, F|
|poke|p1|Sinistcha, L50|
|poke|p1|Incineroar, L50, M|
|poke|p1|Lycanroc-Dusk, L50, M|
|poke|p1|Maushold, L50|
|poke|p1|Dragonite, L50, M|
|poke|p2|Steelix, L50, M, shiny|
|poke|p2|Klefki, L50, M|
|poke|p2|Vivillon, L50, F|
|poke|p2|Tyranitar, L50, F|
|poke|p2|Primarina, L50, F|
|poke|p2|Floette-Eternal, L50, F|
|teampreview|4
|showteam|p1|Steelix||LifeOrb|SheerForce|WideGuard,BodyPress,HeavySlam,RockSlide|Relaxed||F|||50|]Sinistcha||ColburBerry|Hospitality|MatchaGotcha,RagePowder,Protect,TrickRoom|Bold|||||50|]Incineroar||SitrusBerry|Intimidate|FakeOut,PartingShot,FlareBlitz,ThroatChop|Impish||M|||50|]Lycanroc-Dusk||FocusSash|ToughClaws|Accelerock,CloseCombat,Protect,RockSlide|Adamant||M|||50|]Maushold||WideLens|Technician|FollowMe,Protect,Crunch,PopulationBomb|Jolly|||||50|]Dragonite||Dragoninite|Multiscale|DragonDance,Protect,IronHead,Superpower|Adamant||M|||50|
|showteam|p2|Steelix||Steelixite|RockHead|Protect,Curse,HeavySlam,HighHorsepower|Sassy||M|||50|]Klefki||OccaBerry|Prankster|TrickRoom,LightScreen,DazzlingGleam,Sandstorm|Bold||M|||50|]Vivillon||FocusSash|CompoundEyes|SleepPowder,PollenPuff,Hurricane,Protect|Timid||F|||50|]Tyranitar||ChoiceScarf|SandStream|RockSlide,KnockOff,HighHorsepower,IcePunch|Jolly||F|||50|]Primarina||LifeOrb|LiquidVoice|Protect,HyperVoice,Moonblast,AquaJet|Quiet||F|||50|]Floette-Eternal||Floettite|FlowerVeil|Protect,LightofRuin,DazzlingGleam,Moonblast|Timid||F|||50|
|j| BambooCyclone
|j| Peppersalt1
|j| tobyga
|j| PuffTheCutie
|j| falba
|inactive|Battle timer is ON: inactive players will automatically lose when time's up. (requested by andorite2)
|inactive|andorite2 has 60 seconds left.
|
|t:|1786166702
|teamsize|p1|4
|teamsize|p2|4
|start
|switch|p1a: Maushold|Maushold, L50|100/100
|switch|p1b: Dragonite|Dragonite, L50, M|100/100
|switch|p2a: really strong worm|Steelix, L50, M, shiny|100/100
|switch|p2b: go to sleep|Vivillon, L50, F|100/100
|turn|1
|
|t:|1786166720
|detailschange|p2a: really strong worm|Steelix-Mega, L50, M, shiny
|-mega|p2a: really strong worm|Steelix|Steelixite
|move|p1a: Maushold|Protect|p1a: Maushold
|-singleturn|p1a: Maushold|Protect
|move|p1b: Dragonite|Protect|p1b: Dragonite
|-singleturn|p1b: Dragonite|Protect
|move|p2b: go to sleep|Sleep Powder|p1a: Maushold
|-activate|p1a: Maushold|move: Protect
|move|p2a: really strong worm|High Horsepower|p1a: Maushold
|-activate|p1a: Maushold|move: Protect
|
|upkeep
|turn|2
|inactive|andorite2 has 30 seconds left.
|inactive|andorite2 has 20 seconds left.
|inactive|andorite2 has 15 seconds left.
|
|t:|1786166765
|detailschange|p1b: Dragonite|Dragonite-Mega, L50, M
|-mega|p1b: Dragonite|Dragonite|Dragoninite
|move|p1a: Maushold|Population Bomb|p2b: go to sleep
|-damage|p2b: go to sleep|77/100
|-damage|p2b: go to sleep|56/100
|-damage|p2b: go to sleep|35/100
|-damage|p2b: go to sleep|13/100
|-damage|p2b: go to sleep|0 fnt
|faint|p2b: go to sleep
|-hitcount|p2: go to sleep|5
|move|p1b: Dragonite|Superpower|p2a: really strong worm
|-supereffective|p2a: really strong worm|1
|-damage|p2a: really strong worm|52/100
|-unboost|p1b: Dragonite|atk|1
|-unboost|p1b: Dragonite|def|1
|move|p2a: really strong worm|High Horsepower|p1a: Maushold|[miss]
|-miss|p2a: really strong worm|p1a: Maushold
|
|upkeep
|
|t:|1786166777
|switch|p2b: i sing u die|Primarina, L50, F|100/100
|turn|3
|
|t:|1786166795
|switch|p1b: Sinistcha|Sinistcha, L50|100/100
|move|p1a: Maushold|Protect|p1a: Maushold
|-singleturn|p1a: Maushold|Protect
|move|p2b: i sing u die|Hyper Voice|p1a: Maushold|[spread] p1b
|-activate|p1a: Maushold|move: Protect
|-resisted|p1b: Sinistcha|1
|-damage|p1b: Sinistcha|75/100
|-damage|p2b: i sing u die|90/100|[from] item: Life Orb
|move|p2a: really strong worm|Curse|p2a: really strong worm
|-unboost|p2a: really strong worm|spe|1
|-boost|p2a: really strong worm|atk|1
|-boost|p2a: really strong worm|def|1
|
|upkeep
|turn|4
|inactive|andorite2 has 30 seconds left.
|inactive|andorite2 has 20 seconds left.
|inactive|andorite2 has 15 seconds left.
|inactive|andorite2 has 10 seconds left.
|
|t:|1786166841
|switch|p2b: Keys to ur heart|Klefki, L50, M|100/100
|move|p1a: Maushold|Population Bomb|p2b: Keys to ur heart
|-resisted|p2b: Keys to ur heart|1
|-damage|p2b: Keys to ur heart|95/100
|-resisted|p2b: Keys to ur heart|1
|-damage|p2b: Keys to ur heart|90/100
|-resisted|p2b: Keys to ur heart|1
|-damage|p2b: Keys to ur heart|84/100
|-resisted|p2b: Keys to ur heart|1
|-damage|p2b: Keys to ur heart|79/100
|-resisted|p2b: Keys to ur heart|1
|-damage|p2b: Keys to ur heart|74/100
|-resisted|p2b: Keys to ur heart|1
|-damage|p2b: Keys to ur heart|68/100
|-resisted|p2b: Keys to ur heart|1
|-damage|p2b: Keys to ur heart|63/100
|-resisted|p2b: Keys to ur heart|1
|-damage|p2b: Keys to ur heart|57/100
|-resisted|p2b: Keys to ur heart|1
|-damage|p2b: Keys to ur heart|52/100
|-resisted|p2b: Keys to ur heart|1
|-damage|p2b: Keys to ur heart|47/100
|-hitcount|p2b: Keys to ur heart|10
|move|p1b: Sinistcha|Matcha Gotcha|p2a: really strong worm|[spread] p2a,p2b
|-resisted|p2b: Keys to ur heart|1
|-damage|p2a: really strong worm|32/100
|-heal|p1b: Sinistcha|85/100|[from] drain|[of] p2a: really strong worm
|-damage|p2b: Keys to ur heart|34/100
|-heal|p1b: Sinistcha|92/100|[from] drain|[of] p2b: Keys to ur heart
|move|p2a: really strong worm|Heavy Slam|p1b: Sinistcha
|-damage|p1b: Sinistcha|24/100
|
|upkeep
|turn|5
|inactive|andorite2 has 30 seconds left.
|
|t:|1786166867
|switch|p1b: Dragonite|Dragonite-Mega, L50, M|100/100
|move|p2b: Keys to ur heart|Light Screen|p2b: Keys to ur heart
|-sidestart|p2: Potatomonstr|move: Light Screen
|move|p1a: Maushold|Population Bomb|p2b: Keys to ur heart
|-resisted|p2b: Keys to ur heart|1
|-damage|p2b: Keys to ur heart|29/100
|-resisted|p2b: Keys to ur heart|1
|-damage|p2b: Keys to ur heart|24/100
|-resisted|p2b: Keys to ur heart|1
|-damage|p2b: Keys to ur heart|18/100
|-resisted|p2b: Keys to ur heart|1
|-damage|p2b: Keys to ur heart|13/100
|-resisted|p2b: Keys to ur heart|1
|-damage|p2b: Keys to ur heart|8/100
|-resisted|p2b: Keys to ur heart|1
|-damage|p2b: Keys to ur heart|3/100
|-resisted|p2b: Keys to ur heart|1
|-damage|p2b: Keys to ur heart|0 fnt
|faint|p2b: Keys to ur heart
|-hitcount|p2: Keys to ur heart|7
|move|p2a: really strong worm|Heavy Slam|p1b: Dragonite
|-damage|p1b: Dragonite|80/100
|
|upkeep
|
|t:|1786166873
|switch|p2b: i sing u die|Primarina, L50, F|90/100
|turn|6
|
|t:|1786166883
|move|p1a: Maushold|Protect|p1a: Maushold
|-singleturn|p1a: Maushold|Protect
|move|p1b: Dragonite|Protect|p1b: Dragonite
|-singleturn|p1b: Dragonite|Protect
|move|p2b: i sing u die|Moonblast|p1b: Dragonite
|-activate|p1b: Dragonite|move: Protect
|move|p2a: really strong worm|Heavy Slam|p1a: Maushold
|-activate|p1a: Maushold|move: Protect
|
|upkeep
|turn|7
|
|t:|1786166898
|move|p1a: Maushold|Population Bomb|p2b: i sing u die
|-damage|p2b: i sing u die|78/100
|-damage|p2b: i sing u die|64/100
|-damage|p2b: i sing u die|49/100
|-damage|p2b: i sing u die|35/100
|-damage|p2b: i sing u die|20/100y
|-damage|p2b: i sing u die|6/100
|-damage|p2b: i sing u die|0 fnt
|faint|p2b: i sing u die
|-hitcount|p2: i sing u die|7
|move|p1b: Dragonite|Superpower|p2a: really strong worm
|-supereffective|p2a: really strong worm|1
|-damage|p2a: really strong worm|4/100
|-unboost|p1b: Dragonite|atk|1
|-unboost|p1b: Dragonite|def|1
|move|p2a: really strong worm|High Horsepower|p1a: Maushold
|-damage|p1a: Maushold|0 fnt
|faint|p1a: Maushold
|
|upkeep
|
|t:|1786166901
|switch|p1a: Incineroar|Incineroar, L50, M|100/100
|-ability|p1a: Incineroar|Intimidate|boost
|-unboost|p2a: really strong worm|atk|1
|turn|8
|c|☆Potatomonstr|gg
|
|t:|1786166907
|move|p2a: really strong worm|Protect|p2a: really strong worm
|-singleturn|p2a: really strong worm|Protect
|move|p1a: Incineroar|Fake Out|p2a: really strong worm
|-activate|p2a: really strong worm|move: Protect
|move|p1b: Dragonite|Superpower|p2a: really strong worm
|-activate|p2a: really strong worm|move: Protect
|
|upkeep
|turn|9
|c|☆andorite2|gg
|
|t:|1786166916
|move|p1b: Dragonite|Superpower|p2a: really strong worm
|-supereffective|p2a: really strong worm|1
|-damage|p2a: really strong worm|0 fnt
|-unboost|p1b: Dragonite|atk|1
|-unboost|p1b: Dragonite|def|1
|faint|p2a: really strong worm
|
|win|andorite2
|l|☆Potatomonstr
|player|p2|
