|j|☆Ragnix
|j|☆DrakyPana
|html|RagnixDrakyPana    
|uhtml|bestof|Game 1 of a best-of-3
|t:|1757647455
|gametype|doubles
|player|p1|Ragnix|1|
|player|p2|DrakyPana|266|
|gen|9
|tier|[Gen 9] VGC 2025 Reg H (Bo3)
|rule|Species Clause: Limit one of each Pokémon
|rule|Item Clause: Limit 1 of each item
|clearpoke
|poke|p1|Whimsicott, L50, F|
|poke|p1|Ursaluna-Bloodmoon, L50, M|
|poke|p1|Archaludon, L50, F|
|poke|p1|Politoed, L50, F|
|poke|p1|Typhlosion-Hisui, L50, F|
|poke|p1|Indeedee-F, L50, F|
|poke|p2|Porygon2, L50|
|poke|p2|Incineroar, L50, F|
|poke|p2|Ursaluna, L50, F|
|poke|p2|Amoonguss, L50, M|
|poke|p2|Gholdengo, L50|
|poke|p2|Dragonite, L50, M|
|teampreview|4
|showteam|p1|Whimsicott||CovertCloak|Prankster|Tailwind,Moonblast,SunnyDay,Encore|||F|||50|,,,,,Fire]Ursaluna-Bloodmoon||LifeOrb|MindsEye|EarthPower,BloodMoon,HyperVoice,Protect|||M|||50|,,,,,Normal]Archaludon||AssaultVest|Stamina|ElectroShot,FlashCannon,BodyPress,DracoMeteor|||F|||50|,,,,,Grass]Politoed||SitrusBerry|Drizzle|PerishSong,Haze,WeatherBall,Protect|||F|||50|,,,,,Grass]Typhlosion-Hisui||ChoiceSpecs|Blaze|Eruption,HeatWave,InfernalParade,SolarBeam|||F|||50|,,,,,Fire]Indeedee-F||PsychicSeed|PsychicSurge|TrickRoom,FollowMe,Imprison,Psychic|||F|||50|,,,,,Fairy
|showteam|p2|Porygon2||Eviolite|Download|TeraBlast,IceBeam,Recover,TrickRoom||||||50|,,,,,Fighting]Incineroar||SafetyGoggles|Intimidate|FlareBlitz,FakeOut,KnockOff,PartingShot|||F|||50|,,,,,Ghost]Ursaluna||FlameOrb|Guts|HeadlongRush,Facade,Earthquake,Protect|||F|||50|,,,,,Ghost]Amoonguss||SitrusBerry|Regenerator|PollenPuff,Spore,RagePowder,Protect|||M|||50|,,,,,Water]Gholdengo||LifeOrb|GoodasGold|MakeItRain,ShadowBall,NastyPlot,Protect||||||50|,,,,,Water]Dragonite||LoadedDice|Multiscale|ScaleShot,Haze,Tailwind,Protect|||M|||50|,,,,,Steel
|j| Cyan_Streamz
|inactive|Battle timer is ON: inactive players will automatically lose when time's up. (requested by DrakyPana)
|c|☆DrakyPana|glhf
|c|☆Ragnix|glhf
|inactive|Ragnix has 60 seconds left.
|inactive|Ragnix has 30 seconds left.
|inactive|Ragnix has 20 seconds left.
|inactive|Ragnix has 15 seconds left.
|inactive|Ragnix has 10 seconds left.
|inactive|Ragnix has 5 seconds left.
|
|t:|1757647577
|teamsize|p1|4
|teamsize|p2|4
|start
|switch|p1a: Whimsicott|Whimsicott, L50, F|100/100
|switch|p1b: Typhlosion|Typhlosion-Hisui, L50, F, shiny|100/100
|switch|p2a: Dragonite|Dragonite, L50, M|100/100
|switch|p2b: Incineroar|Incineroar, L50, F|100/100
|-ability|p2b: Incineroar|Intimidate|boost
|-unboost|p1a: Whimsicott|atk|1
|-unboost|p1b: Typhlosion|atk|1
|turn|1
|
|t:|1757647596
|switch|p1b: Politoed|Politoed, L50, F, shiny|100/100
|-weather|RainDance|[from] ability: Drizzle|[of] p1b: Politoed
|move|p2a: Dragonite|Protect|p2a: Dragonite
|-singleturn|p2a: Dragonite|Protect
|move|p1a: Whimsicott|Moonblast|p2a: Dragonite
|-activate|p2a: Dragonite|move: Protect
|move|p2b: Incineroar|Knock Off|p1b: Politoed
|-damage|p1b: Politoed|70/100
|-enditem|p1b: Politoed|Sitrus Berry|[from] move: Knock Off|[of] p2b: Incineroar
|
|-weather|RainDance|[upkeep]
|upkeep
|turn|2
|inactive|DrakyPana has 30 seconds left.
|
|t:|1757647621
|switch|p2a: Amoonguss|Amoonguss, L50, M|100/100
|move|p1a: Whimsicott|Encore||[still]
|-fail|p1a: Whimsicott
|move|p1b: Politoed|Weather Ball|p2b: Incineroar
|-supereffective|p2b: Incineroar
|-damage|p2b: Incineroar|19/100
|move|p2b: Incineroar|Knock Off|p1a: Whimsicott
|-resisted|p1a: Whimsicott
|-damage|p1a: Whimsicott|83/100
|-enditem|p1a: Whimsicott|Covert Cloak|[from] move: Knock Off|[of] p2b: Incineroar
|
|-weather|RainDance|[upkeep]
|upkeep
|turn|3
|inactive|Ragnix has 30 seconds left.
|inactive|Ragnix has 20 seconds left.
|inactive|Ragnix has 15 seconds left.
|
|t:|1757647664
|move|p2a: Amoonguss|Rage Powder|p2a: Amoonguss
|-singleturn|p2a: Amoonguss|move: Rage Powder
|move|p1a: Whimsicott|Sunny Day|p1a: Whimsicott
|-weather|SunnyDay
|move|p1b: Politoed|Weather Ball|p2a: Amoonguss
|-supereffective|p2a: Amoonguss
|-damage|p2a: Amoonguss|44/100
|-enditem|p2a: Amoonguss|Sitrus Berry|[eat]
|-heal|p2a: Amoonguss|68/100|[from] item: Sitrus Berry
|move|p2b: Incineroar|Parting Shot|p1b: Politoed
|-unboost|p1b: Politoed|atk|1
|-unboost|p1b: Politoed|spa|1
|
|t:|1757647679
|switch|p2b: Ursaluna|Ursaluna, L50, F|100/100|[from] Parting Shot
|
|-weather|SunnyDay|[upkeep]
|-status|p2b: Ursaluna|brn|[from] item: Flame Orb
|upkeep
|turn|4
|inactive|DrakyPana has 30 seconds left.
|inactive|Ragnix has 30 seconds left.
|inactive|DrakyPana has 20 seconds left.
|inactive|Ragnix has 20 seconds left.
|inactive|DrakyPana has 15 seconds left.
|inactive|Ragnix has 15 seconds left.
|inactive|DrakyPana has 10 seconds left.
|
|t:|1757647729
|move|p2a: Amoonguss|Rage Powder|p2a: Amoonguss
|-singleturn|p2a: Amoonguss|move: Rage Powder
|move|p1a: Whimsicott|Encore|p2a: Amoonguss
|-start|p2a: Amoonguss|Encore
|move|p1b: Politoed|Weather Ball|p2a: Amoonguss
|-supereffective|p2a: Amoonguss
|-damage|p2a: Amoonguss|33/100
|move|p2b: Ursaluna|Facade|p1b: Politoed
|-damage|p1b: Politoed|0 fnt
|faint|p1b: Politoed
|
|-weather|SunnyDay|[upkeep]
|-damage|p2b: Ursaluna|95/100 brn|[from] brn
|upkeep
|
|t:|1757647737
|switch|p1b: Typhlosion|Typhlosion-Hisui, L50, F, shiny|100/100
|turn|5
|inactive|DrakyPana has 30 seconds left.
|
|t:|1757647769
|move|p2b: Ursaluna|Protect|p2b: Ursaluna
|-singleturn|p2b: Ursaluna|Protect
|move|p2a: Amoonguss|Rage Powder|p2a: Amoonguss
|-singleturn|p2a: Amoonguss|move: Rage Powder
|move|p1a: Whimsicott|Encore|p2b: Ursaluna
|-activate|p2b: Ursaluna|move: Protect
|move|p1b: Typhlosion|Eruption|p2a: Amoonguss|[spread] p2a
|-activate|p2b: Ursaluna|move: Protect
|-supereffective|p2a: Amoonguss
|-damage|p2a: Amoonguss|0 fnt
|faint|p2a: Amoonguss
|
|-weather|SunnyDay|[upkeep]
|-damage|p2b: Ursaluna|89/100 brn|[from] brn
|upkeep
|
|t:|1757647786
|switch|p2a: Dragonite|Dragonite, L50, M|100/100
|turn|6
|inactive|Ragnix has 30 seconds left.
|inactive|DrakyPana has 30 seconds left.
|inactive|Ragnix has 20 seconds left.
|inactive|DrakyPana has 20 seconds left.
|inactive|Ragnix has 15 seconds left.
|inactive|DrakyPana has 15 seconds left.
|inactive|Ragnix has 10 seconds left.
|inactive|DrakyPana has 10 seconds left.
|
|t:|1757647833
|switch|p2b: Incineroar|Incineroar, L50, F|19/100
|-ability|p2b: Incineroar|Intimidate|boost
|-unboost|p1a: Whimsicott|atk|1
|-unboost|p1b: Typhlosion|atk|1
|-terastallize|p1b: Typhlosion|Fire
|move|p1b: Typhlosion|Eruption|p2b: Incineroar|[spread] p2a,p2b
|-resisted|p2a: Dragonite
|-resisted|p2b: Incineroar
|-damage|p2a: Dragonite|60/100
|-damage|p2b: Incineroar|0 fnt
|faint|p2b: Incineroar
|move|p1a: Whimsicott|Moonblast|p2a: Dragonite
|-supereffective|p2a: Dragonite
|-damage|p2a: Dragonite|5/100
|-unboost|p2a: Dragonite|spa|1
|move|p2a: Dragonite|Scale Shot|p1b: Typhlosion
|-damage|p1b: Typhlosion|78/100
|-damage|p1b: Typhlosion|56/100
|-damage|p1b: Typhlosion|35/100
|-damage|p1b: Typhlosion|14/100
|-damage|p1b: Typhlosion|0 fnt
|faint|p1b: Typhlosion
|-hitcount|p1: Typhlosion|5
|-unboost|p2a: Dragonite|def|1
|-boost|p2a: Dragonite|spe|1
|
|-weather|SunnyDay|[upkeep]
|upkeep
|
|t:|1757647851
|switch|p1b: Indeedee|Indeedee-F, L50, F|100/100
|switch|p2b: Ursaluna|Ursaluna, L50, F|89/100 brn
|-fieldstart|move: Psychic Terrain|[from] ability: Psychic Surge|[of] p1b: Indeedee
|-enditem|p1b: Indeedee|Psychic Seed
|-boost|p1b: Indeedee|spd|1|[from] item: Psychic Seed
|turn|7
|inactive|Ragnix has 30 seconds left.
|inactive|Ragnix has 20 seconds left.
|inactive|DrakyPana has 30 seconds left.
|
|t:|1757647901
|move|p2a: Dragonite|Tailwind|p2a: Dragonite
|-sidestart|p2: DrakyPana|move: Tailwind
|move|p2b: Ursaluna|Facade|p1a: Whimsicott
|-damage|p1a: Whimsicott|0 fnt
|faint|p1a: Whimsicott
|move|p1b: Indeedee|Psychic|p2b: Ursaluna
|-damage|p2b: Ursaluna|52/100 brn
|
|-weather|none
|-damage|p2b: Ursaluna|46/100 brn|[from] brn
|upkeep
|turn|8
|
|t:|1757647921
|move|p2a: Dragonite|Scale Shot|p1b: Indeedee
|-damage|p1b: Indeedee|86/100
|-damage|p1b: Indeedee|71/100
|-damage|p1b: Indeedee|57/100
|-damage|p1b: Indeedee|43/100
|-damage|p1b: Indeedee|30/100
|-hitcount|p1b: Indeedee|5
|-unboost|p2a: Dragonite|def|1
|-boost|p2a: Dragonite|spe|1
|move|p2b: Ursaluna|Facade|p1b: Indeedee
|-damage|p1b: Indeedee|0 fnt
|faint|p1b: Indeedee
|
|win|DrakyPana
