|j|☆toast88d
|j|☆RamonTheKiller
|html|toast88dRamonTheKiller    
|uhtml|bestof|Game 1 of a best-of-3
|t:|1785176495
|gametype|doubles
|player|p1|toast88d|veteran-gen4|1083
|player|p2|RamonTheKiller|169|1061
|gen|9
|tier|[Gen 9 Champions] VGC 2026 Reg M-B (Bo3)
|rated|
|rule|Species Clause: Limit one of each Pokémon
|rule|Item Clause: Limit 1 of each item
|clearpoke
|poke|p1|Staraptor, L50, F, shiny|
|poke|p1|Whimsicott, L50, F, shiny|
|poke|p1|Basculegion, L50, M|
|poke|p1|Grimmsnarl, L50, M|
|poke|p1|Farigiraf, L50, M|
|poke|p1|Gholdengo, L50|
|poke|p2|Venusaur, L50, M|
|poke|p2|Charizard, L50, M|
|poke|p2|Grimmsnarl, L50, M|
|poke|p2|Archaludon, L50, F|
|poke|p2|Basculegion, L50, M|
|poke|p2|Pelipper, L50, F|
|teampreview|4
|showteam|p1|Staraptor||Staraptite|Intimidate|CloseCombat,BraveBird,Roost,Protect|Jolly||F|||50|]Whimsicott||FocusSash|Prankster|Tailwind,CottonSpore,Charm,Encore|Timid||F|||50|]Basculegion||MysticWater|Adaptability|WaveCrash,LastRespects,FlipTurn,AquaJet|Adamant||M|||50|]Grimmsnarl||LightClay|Prankster|LightScreen,Reflect,FakeOut,PartingShot|Calm||M|||50|]Farigiraf||SitrusBerry|ArmorTail|HelpingHand,TrickRoom,TwinBeam,Thunderbolt|Modest||M|||50|]Gholdengo||LifeOrb|GoodasGold|MakeItRain,NastyPlot,ShadowBall,Protect|Modest|||||50|
|showteam|p2|Venusaur||LifeOrb|Chlorophyll|SludgeBomb,WeatherBall,EnergyBall,Protect|Modest||M|||50|]Charizard||CharizarditeY|Blaze|Protect,HeatWave,SolarBeam,WeatherBall|Modest||M|||50|]Grimmsnarl||LightClay|Prankster|SpiritBreak,LightScreen,Reflect,PartingShot|Sassy||M|||50|]Archaludon||Leftovers|Stamina|ElectroShot,DragonPulse,FlashCannon,Protect|Calm||F|||50|]Basculegion||ChoiceScarf|Adaptability|WaveCrash,LastRespects,AquaJet,FlipTurn|Jolly||M|||50|]Pelipper||SitrusBerry|Drizzle|Hurricane,WeatherBall,Tailwind,WideGuard|Modest||F|||50|
|inactive|Battle timer is ON: inactive players will automatically lose when time's up. (requested by toast88d)
|inactive|RamonTheKiller has 60 seconds left.
|
|t:|1785176543
|teamsize|p1|4
|teamsize|p2|4
|start
|switch|p1a: Staraptor|Staraptor, L50, F, shiny|100/100
|switch|p1b: Whimsicott|Whimsicott, L50, F, shiny|100/100
|switch|p2a: Charizard|Charizard, L50, M|100/100
|switch|p2b: Grimmsnarl|Grimmsnarl, L50, M|100/100
|-ability|p1a: Staraptor|Intimidate|boost
|-unboost|p2a: Charizard|atk|1
|-unboost|p2b: Grimmsnarl|atk|1
|turn|1
|
|t:|1785176562
|detailschange|p1a: Staraptor|Staraptor-Mega, L50, F, shiny
|-mega|p1a: Staraptor|Staraptor|Staraptite
|detailschange|p2a: Charizard|Charizard-Mega-Y, L50, M
|-mega|p2a: Charizard|Charizard|Charizardite Y
|-weather|SunnyDay|[from] ability: Drought|[of] p2a: Charizard
|move|p1a: Staraptor|Protect|p1a: Staraptor
|-singleturn|p1a: Staraptor|Protect
|move|p1b: Whimsicott|Tailwind|p1b: Whimsicott
|-sidestart|p1: toast88d|move: Tailwind
|move|p2b: Grimmsnarl|Reflect|p2b: Grimmsnarl
|-sidestart|p2: RamonTheKiller|Reflect
|move|p2a: Charizard|Heat Wave|p1a: Staraptor|[spread] 
|-activate|p1a: Staraptor|move: Protect
|-miss|p2a: Charizard|p1b: Whimsicott
|
|-weather|SunnyDay|[upkeep]
|upkeep
|turn|2
|
|t:|1785176586
|move|p1b: Whimsicott|Charm|p1a: Staraptor
|-boost|p1a: Staraptor|atk|2
|move|p1a: Staraptor|Brave Bird|p2a: Charizard
|-damage|p2a: Charizard|11/100
|-damage|p1a: Staraptor|67/100|[from] Recoil
|move|p2a: Charizard|Weather Ball|p1a: Staraptor
|-damage|p1a: Staraptor|0 fnt
|faint|p1a: Staraptor
|move|p2b: Grimmsnarl|Spirit Break|p1b: Whimsicott
|-damage|p1b: Whimsicott|70/100
|-unboost|p1b: Whimsicott|spa|1
|
|-weather|SunnyDay|[upkeep]
|upkeep
|
|t:|1785176597
|switch|p1a: Basculegion|Basculegion, L50, M|100/100
|turn|3
|
|t:|1785176612
|switch|p2a: Venusaur|Venusaur, L50, M|100/100
|move|p1b: Whimsicott|Cotton Spore|p2b: Grimmsnarl|[spread] 
|-immune|p2a: Venusaur
|-hint|Since gen 7, Dark is immune to Prankster moves.
|-immune|p2b: Grimmsnarl
|move|p1a: Basculegion|Aqua Jet|p2a: Venusaur
|-resisted|p2a: Venusaur|1
|-damage|p2a: Venusaur|92/100
|move|p2b: Grimmsnarl|Parting Shot|p1a: Basculegion
|-unboost|p1a: Basculegion|atk|1
|-unboost|p1a: Basculegion|spa|1
|
|t:|1785176625
|switch|p2b: Charizard|Charizard-Mega-Y, L50, M|11/100|[from] Parting Shot
|
|-weather|SunnyDay|[upkeep]
|upkeep
|turn|4
|l|☆RamonTheKiller
|inactive|RamonTheKiller disconnected and has a minute to reconnect!
|player|p2|
|j|☆RamonTheKiller
|inactive|RamonTheKiller reconnected.
|player|p2|RamonTheKiller|169|
|
|t:|1785176644
|switch|p2b: Grimmsnarl|Grimmsnarl, L50, M|100/100
|move|p1b: Whimsicott|Charm|p2a: Venusaur
|-unboost|p2a: Venusaur|atk|2
|move|p1a: Basculegion|Aqua Jet|p2b: Grimmsnarl
|-damage|p2b: Grimmsnarl|92/100
|move|p2a: Venusaur|Sludge Bomb|p1b: Whimsicott
|-supereffective|p1b: Whimsicott|2
|-damage|p1b: Whimsicott|0 fnt
|faint|p1b: Whimsicott
|-damage|p2a: Venusaur|82/100|[from] item: Life Orb
|
|-weather|SunnyDay|[upkeep]
|-sideend|p1: toast88d|move: Tailwind
|upkeep
|j| tedidn
|
|t:|1785176659
|switch|p1b: Gholdengo|Gholdengo, L50|100/100
|turn|5
|
|t:|1785176671
|move|p2b: Grimmsnarl|Light Screen|p2b: Grimmsnarl
|-sidestart|p2: RamonTheKiller|move: Light Screen
|move|p2a: Venusaur|Weather Ball|p1b: Gholdengo
|-supereffective|p1b: Gholdengo|1
|-damage|p1b: Gholdengo|0 fnt
|faint|p1b: Gholdengo
|-damage|p2a: Venusaur|73/100|[from] item: Life Orb
|move|p1a: Basculegion|Last Respects|p2a: Venusaur
|-damage|p2a: Venusaur|0 fnt
|faint|p2a: Venusaur
|
|-weather|none
|upkeep
|-message|toast88d forfeited.
|
|win|RamonTheKiller
|l|☆toast88d
|player|p1|
