|j|â˜†JackWhiteVGC
|j|â˜†nkgill1101
|html|JackWhiteVGCnkgill1101    
|uhtml|bestof|Game 1 of a best-of-3
|t:|1784748756
|gametype|doubles
|player|p1|JackWhiteVGC|170|
|player|p2|nkgill1101|ethan|
|gen|9
|tier|[Gen 9 Champions] VGC 2026 Reg M-B (Bo3)
|rule|Species Clause: Limit one of each PokÃ©mon
|rule|Item Clause: Limit 1 of each item
|clearpoke
|poke|p1|Blaziken, L50, F|
|poke|p1|Basculegion, L50, M|
|poke|p1|Ninetales-Alola, L50, M|
|poke|p1|Gengar, L50, M|
|poke|p1|Incineroar, L50, F|
|poke|p1|Kingambit, L50, F|
|poke|p2|Gengar, L50, M|
|poke|p2|Swampert, L50, F|
|poke|p2|Politoed, L50, F|
|poke|p2|Incineroar, L50, F|
|poke|p2|Archaludon, L50, M|
|poke|p2|Vivillon, L50, F|
|teampreview|4
|showteam|p1|Blaziken||Blazikenite|Blaze|CloseCombat,FlareBlitz,RockSlide,Detect|Adamant||F|||50|]Basculegion||FocusSash|Adaptability|LastRespects,Liquidation,AquaJet,Protect|Adamant||M|||50|]Ninetales-Alola||NeverMeltIce|SnowWarning|Blizzard,FreezeDry,Encore,Protect|Timid||M|||50|]Gengar||Gengarite|CursedBody|ShadowBall,PerishSong,Disable,Protect|Modest||M|||50|]Incineroar||PasshoBerry|Intimidate|FlareBlitz,PartingShot,FakeOut,Protect|Relaxed||F|||50|]Kingambit||LifeOrb|Defiant|KowtowCleave,SuckerPunch,IronHead,Protect|Adamant||F|||50|
|showteam|p2|Gengar||Gengarite|CursedBody|PerishSong,Protect,ShadowBall,SludgeBomb|Timid||M|||50|]Swampert||Swampertite|Damp|Earthquake,WaveCrash,IcePunch,Protect|Adamant||F|||50|]Politoed||SitrusBerry|Drizzle|WeatherBall,Protect,PerishSong,Encore|Calm||F|||50|]Incineroar||PasshoBerry|Intimidate|Protect,FakeOut,ThroatChop,PartingShot|Sassy||F|||50|]Archaludon||Leftovers|Stamina|ElectroShot,FlashCannon,DragonPulse,Protect|Bold||M|||50|]Vivillon||FocusSash|CompoundEyes|Protect,SleepPowder,RagePowder,Hurricane|Timid||F|||50|
|inactive|Battle timer is ON: inactive players will automatically lose when time's up. (requested by nkgill1101)
|inactiveoff|Battle timer is now OFF.
|c|â˜†nkgill1101|Just sending links and I'll start timer
|c|â˜†JackWhiteVGC|same
|c|â˜†nkgill1101|Ready for timer when you are
|j| runeking6573
|j| splash2ndcousin
|l| splash2ndcousin
|inactive|Battle timer is ON: inactive players will automatically lose when time's up. (requested by nkgill1101)
|j| splash2ndcousin
|c|â˜†nkgill1101|Glhf
|c|â˜†JackWhiteVGC|glhf
|inactive|JackWhiteVGC has 60 seconds left.
|inactive|nkgill1101 has 60 seconds left.
|j| The Maknoon
|inactive|JackWhiteVGC has 30 seconds left.
|inactive|nkgill1101 has 30 seconds left.
|
|t:|1784748899
|teamsize|p1|4
|teamsize|p2|4
|start
|switch|p1a: Gengar|Gengar, L50, M|100/100
|switch|p1b: Ninetales|Ninetales-Alola, L50, M|100/100
|switch|p2a: Vivillon|Vivillon, L50, F|100/100
|switch|p2b: Swampert|Swampert, L50, F|100/100
|-weather|Snowscape|[from] ability: Snow Warning|[of] p1b: Ninetales
|turn|1
|j| hippopotas fritas
|inactive|nkgill1101 has 30 seconds left.
|inactive|nkgill1101 has 20 seconds left.
|inactive|nkgill1101 has 15 seconds left.
|inactive|nkgill1101 has 10 seconds left.
|
|t:|1784748946
|switch|p2a: Politoed|Politoed, L50, F|100/100
|-weather|RainDance|[from] ability: Drizzle|[of] p2a: Politoed
|detailschange|p1a: Gengar|Gengar-Mega, L50, M
|-mega|p1a: Gengar|Gengar|Gengarite
|detailschange|p2b: Swampert|Swampert-Mega, L50, F
|-mega|p2b: Swampert|Swampert|Swampertite
|move|p1b: Ninetales|Protect|p1b: Ninetales
|-singleturn|p1b: Ninetales|Protect
|move|p1a: Gengar|Protect|p1a: Gengar
|-singleturn|p1a: Gengar|Protect
|move|p2b: Swampert|Earthquake|p1b: Ninetales|[spread] p2a
|-activate|p1a: Gengar|move: Protect
|-activate|p1b: Ninetales|move: Protect
|-damage|p2a: Politoed|60/100
|
|-weather|RainDance|[upkeep]
|upkeep
|turn|2
|inactive|JackWhiteVGC has 30 seconds left.
|inactive|nkgill1101 has 30 seconds left.
|inactive|JackWhiteVGC has 20 seconds left.
|inactive|nkgill1101 has 20 seconds left.
|inactive|JackWhiteVGC has 15 seconds left.
|inactive|nkgill1101 has 15 seconds left.
|inactive|JackWhiteVGC has 10 seconds left.
|
|t:|1784748993
|move|p2a: Politoed|Protect|p2a: Politoed
|-singleturn|p2a: Politoed|Protect
|move|p2b: Swampert|Earthquake|p1a: Gengar|[spread] p1a,p1b
|-activate|p2a: Politoed|move: Protect
|-supereffective|p1a: Gengar|1
|-damage|p1a: Gengar|0 fnt
|-damage|p1b: Ninetales|38/100
|faint|p1a: Gengar
|move|p1b: Ninetales|Freeze-Dry|p2b: Swampert
|-supereffective|p2b: Swampert|2
|-damage|p2b: Swampert|1/100
|
|-weather|RainDance|[upkeep]
|upkeep
|
|t:|1784749004
|switch|p1a: Basculegion|Basculegion, L50, M|100/100
|turn|3
|inactive|JackWhiteVGC has 30 seconds left.
|l| runeking6573
|
|t:|1784749034
|switch|p2b: Archaludon|Archaludon, L50, M|100/100
|switch|p1b: Kingambit|Kingambit, L50, F|100/100
|move|p1a: Basculegion|Aqua Jet|p2b: Archaludon
|-resisted|p2b: Archaludon|1
|-damage|p2b: Archaludon|86/100
|-ability|p2b: Archaludon|Stamina|boost
|-boost|p2b: Archaludon|def|1
|move|p2a: Politoed|Weather Ball|p1b: Kingambit
|-damage|p1b: Kingambit|52/100
|
|-weather|RainDance|[upkeep]
|-heal|p2b: Archaludon|92/100|[from] item: Leftovers
|upkeep
|turn|4
|inactive|JackWhiteVGC has 30 seconds left.
|inactive|nkgill1101 has 30 seconds left.
|j| Onemagician4496
|inactive|JackWhiteVGC has 20 seconds left.
|inactive|nkgill1101 has 20 seconds left.
|inactive|JackWhiteVGC has 15 seconds left.
|inactive|nkgill1101 has 15 seconds left.
|inactive|JackWhiteVGC has 10 seconds left.
|inactive|nkgill1101 has 10 seconds left.
|
|t:|1784749083
|switch|p1a: Ninetales|Ninetales-Alola, L50, M|38/100
|-weather|Snowscape|[from] ability: Snow Warning|[of] p1a: Ninetales
|switch|p2a: Swampert|Swampert-Mega, L50, F|1/100
|move|p2b: Archaludon|Dragon Pulse|p1b: Kingambit
|-resisted|p1b: Kingambit|1
|-damage|p1b: Kingambit|34/100
|move|p1b: Kingambit|Kowtow Cleave|p2a: Swampert
|-damage|p2a: Swampert|0 fnt
|faint|p2a: Swampert
|-damage|p1b: Kingambit|25/100|[from] item: Life Orb
|
|-weather|Snowscape|[upkeep]
|-heal|p2b: Archaludon|98/100|[from] item: Leftovers
|upkeep
|
|t:|1784749096
|switch|p2a: Politoed|Politoed, L50, F|60/100
|-weather|RainDance|[from] ability: Drizzle|[of] p2a: Politoed
|turn|5
|j| ZomalaVGC
|j| p3ds
|inactive|JackWhiteVGC has 30 seconds left.
|inactive|JackWhiteVGC has 20 seconds left.
|inactive|JackWhiteVGC has 15 seconds left.
|inactive|JackWhiteVGC has 10 seconds left.
|
|t:|1784749142
|move|p2a: Politoed|Protect|p2a: Politoed
|-singleturn|p2a: Politoed|Protect
|move|p1a: Ninetales|Freeze-Dry|p2a: Politoed
|-activate|p2a: Politoed|move: Protect
|move|p2b: Archaludon|Electro Shot||[still]
|-prepare|p2b: Archaludon|Electro Shot
|-boost|p2b: Archaludon|spa|1
|-anim|p2b: Archaludon|Electro Shot|p1a: Ninetales
|-damage|p1a: Ninetales|0 fnt
|faint|p1a: Ninetales
|move|p1b: Kingambit|Kowtow Cleave|p2b: Archaludon
|-damage|p2b: Archaludon|68/100
|-ability|p2b: Archaludon|Stamina|boost
|-boost|p2b: Archaludon|def|1
|-damage|p1b: Kingambit|15/100|[from] item: Life Orb
|
|-weather|RainDance|[upkeep]
|-heal|p2b: Archaludon|74/100|[from] item: Leftovers
|upkeep
|
|t:|1784749154
|switch|p1a: Basculegion|Basculegion, L50, M|100/100
|turn|6
|
|t:|1784749171
|move|p1a: Basculegion|Last Respects|p2a: Politoed
|-damage|p2a: Politoed|0 fnt
|faint|p2a: Politoed
|move|p2b: Archaludon|Electro Shot||[still]
|-prepare|p2b: Archaludon|Electro Shot
|-boost|p2b: Archaludon|spa|1
|-anim|p2b: Archaludon|Electro Shot|p1a: Basculegion
|-supereffective|p1a: Basculegion|1
|-enditem|p1a: Basculegion|Focus Sash
|-damage|p1a: Basculegion|1/100
|move|p1b: Kingambit|Kowtow Cleave|p2b: Archaludon
|-damage|p2b: Archaludon|52/100
|-ability|p2b: Archaludon|Stamina|boost
|-boost|p2b: Archaludon|def|1
|-damage|p1b: Kingambit|6/100|[from] item: Life Orb
|
|-weather|RainDance|[upkeep]
|-heal|p2b: Archaludon|58/100|[from] item: Leftovers
|upkeep
|
|t:|1784749189
|switch|p2a: Vivillon|Vivillon, L50, F|100/100
|turn|7
|
|t:|1784749209
|move|p2a: Vivillon|Rage Powder|p2a: Vivillon
|-singleturn|p2a: Vivillon|move: Rage Powder
|move|p1a: Basculegion|Aqua Jet|p2a: Vivillon
|-damage|p2a: Vivillon|10/100
|move|p1b: Kingambit|Sucker Punch||[still]
|-fail|p1b: Kingambit
|move|p2b: Archaludon|Dragon Pulse|p1a: Basculegion
|-damage|p1a: Basculegion|0 fnt
|faint|p1a: Basculegion
|
|-weather|RainDance|[upkeep]
|-heal|p2b: Archaludon|64/100|[from] item: Leftovers
|upkeep
|turn|8
|
|t:|1784749226
|move|p2a: Vivillon|Rage Powder|p2a: Vivillon
|-singleturn|p2a: Vivillon|move: Rage Powder
|move|p1b: Kingambit|Sucker Punch||[still]
|-fail|p1b: Kingambit
|move|p2b: Archaludon|Dragon Pulse|p1b: Kingambit
|-resisted|p1b: Kingambit|1
|-damage|p1b: Kingambit|0 fnt
|faint|p1b: Kingambit
|
|win|nkgill1101
||JackWhiteVGC is ready for game 2.
||nkgill1101 is ready for game 2.
|uhtml|next|Next: Game 2 of 3
|l| hippopotas fritas
|j| bwhitevgc
|l| ZomalaVGC
|l| Onemagician4496
|j| Onemagician4496
|l| splash2ndcousin
|l|â˜†JackWhiteVGC
|player|p1|
|l| bwhitevgc
|l|â˜†nkgill1101
|player|p2|
|l| Onemagician4496
|j| Onemagician4496
|l| Onemagician4496
|j|â˜†nkgill1101
|player|p2|nkgill1101|ethan|
