|j|☆Squashies1234
|j|☆Get flinched on
|html|Squashies1234Get flinched on    
|uhtml|bestof|Game 3 of a best-of-3
|t:|1782558857
|gametype|doubles
|player|p1|Squashies1234|169|1040
|player|p2|Get flinched on|clown|1146
|gen|9
|tier|[Gen 9 Champions] VGC 2026 Reg M-B (Bo3)
|rated|
|rule|Species Clause: Limit one of each Pokémon
|rule|Item Clause: Limit 1 of each item
|clearpoke
|poke|p1|Blaziken, L50, M|
|poke|p1|Morpeko, L50, M|
|poke|p1|Sinistcha-Masterpiece, L50|
|poke|p1|Drampa, L50, F|
|poke|p1|Gholdengo, L50|
|poke|p1|Clawitzer, L50, M|
|poke|p2|Whimsicott, L50, F|
|poke|p2|Glimmora, L50, F|
|poke|p2|Charizard, L50, F|
|poke|p2|Garchomp, L50, F|
|poke|p2|Kingambit, L50, F|
|poke|p2|Basculegion, L50, M|
|teampreview|4
|showteam|p1|Blaziken||Blazikenite|SpeedBoost|CloseCombat,FlareBlitz,ThunderPunch,Protect|Adamant||M|||50|]Morpeko||FocusSash|HungerSwitch|FakeOut,PartingShot,AuraWheel,SeedBomb|Jolly||M|||50|]Sinistcha-Masterpiece||SitrusBerry|Hospitality|RagePowder,TrickRoom,MatchaGotcha,StrengthSap|Relaxed|||||50|]Drampa||Drampanite|CloudNine|DracoMeteor,HyperVoice,EarthPower,Protect|Quiet||F|||50|]Gholdengo||ChoiceScarf|GoodasGold|DazzlingGleam,MakeItRain,ShadowBall,Thunderbolt|Modest|||||50|]Clawitzer||LifeOrb|MegaLauncher|AuraSphere,DarkPulse,SludgeBomb,WaterPulse|Quiet||M|||50|
|showteam|p2|Whimsicott||FairyFeather|Prankster|Moonblast,Tailwind,Encore,Protect|Timid||F|||50|]Glimmora||FocusSash|ToxicDebris|PowerGem,SludgeBomb,EarthPower,SpikyShield|Timid||F|||50|]Charizard||CharizarditeY|SolarPower|HeatWave,WeatherBall,SolarBeam,Protect|Modest||F|||50|]Garchomp||SitrusBerry|RoughSkin|Earthquake,DragonClaw,PoisonJab,Protect|Adamant||F|||50|]Kingambit||ChopleBerry|Defiant|KowtowCleave,IronHead,SuckerPunch,LowKick|Adamant||F|||50|]Basculegion||MysticWater|Adaptability|WaveCrash,LastRespects,AquaJet,Protect|Adamant||M|||50|
|inactive|Battle timer is ON: inactive players will automatically lose when time's up. (requested by Get flinched on)
|inactive|Squashies1234 has 60 seconds left.
|inactive|Squashies1234 has 30 seconds left.
|inactive|Squashies1234 has 20 seconds left.
|
|t:|1782558945
|teamsize|p1|4
|teamsize|p2|4
|start
|switch|p1a: Clawitzer|Clawitzer, L50, M|100/100
|switch|p1b: Morpeko|Morpeko, L50, M|100/100
|switch|p2a: Whimsicott|Whimsicott, L50, F|100/100
|switch|p2b: Charizard|Charizard, L50, F|100/100
|turn|1
|
|t:|1782558956
|move|p2a: Whimsicott|Protect|p2a: Whimsicott
|-singleturn|p2a: Whimsicott|Protect
|move|p2b: Charizard|Protect|p2b: Charizard
|-singleturn|p2b: Charizard|Protect
|move|p1b: Morpeko|Fake Out|p2b: Charizard
|-activate|p2b: Charizard|move: Protect
|move|p1a: Clawitzer|Sludge Bomb|p2a: Whimsicott
|-activate|p2a: Whimsicott|move: Protect
|
|-formechange|p1b: Morpeko|Morpeko-Hangry|
|upkeep
|turn|2
|
|t:|1782558975
|switch|p1a: Blaziken|Blaziken, L50, M|100/100
|detailschange|p2b: Charizard|Charizard-Mega-Y, L50, F
|-mega|p2b: Charizard|Charizard|Charizardite Y
|-weather|SunnyDay|[from] ability: Drought|[of] p2b: Charizard
|move|p2a: Whimsicott|Tailwind|p2a: Whimsicott
|-sidestart|p2: Get flinched on|move: Tailwind
|move|p2b: Charizard|Solar Beam||[still]
|-prepare|p2b: Charizard|Solar Beam
|-anim|p2b: Charizard|Solar Beam|p1a: Blaziken
|-resisted|p1a: Blaziken|1
|-damage|p1a: Blaziken|64/100
|move|p1b: Morpeko|Aura Wheel|p2b: Charizard
|-damage|p2b: Charizard|53/100
|-boost|p1b: Morpeko|spe|1
|
|-weather|SunnyDay|[upkeep]
|-formechange|p1b: Morpeko|Morpeko|
|upkeep
|turn|3
|
|t:|1782558994
|detailschange|p1a: Blaziken|Blaziken-Mega, L50, M
|-mega|p1a: Blaziken|Blaziken|Blazikenite
|move|p2a: Whimsicott|Moonblast|p1b: Morpeko
|-supereffective|p1b: Morpeko|1
|-enditem|p1b: Morpeko|Focus Sash
|-damage|p1b: Morpeko|1/100
|move|p2b: Charizard|Heat Wave|p1b: Morpeko|[spread] p1a,p1b
|-resisted|p1a: Blaziken|1
|-damage|p1a: Blaziken|17/100
|-damage|p1b: Morpeko|0 fnt
|faint|p1b: Morpeko
|move|p1a: Blaziken|Flare Blitz|p2a: Whimsicott
|-supereffective|p2a: Whimsicott|1
|-damage|p2a: Whimsicott|0 fnt
|faint|p2a: Whimsicott
|-damage|p1a: Blaziken|0 fnt|[from] Recoil
|faint|p1a: Blaziken
|
|-weather|SunnyDay|[upkeep]
|upkeep
|
|t:|1782559005
|switch|p1b: Clawitzer|Clawitzer, L50, M|100/100
|switch|p2a: Garchomp|Garchomp, L50, F|100/100
|switch|p1a: Gholdengo|Gholdengo, L50|100/100
|turn|4
|
|t:|1782559018
|move|p2a: Garchomp|Earthquake|p1a: Gholdengo|[spread] p1a,p1b
|-immune|p2b: Charizard
|-supereffective|p1a: Gholdengo|1
|-damage|p1a: Gholdengo|22/100
|-damage|p1b: Clawitzer|55/100
|move|p2b: Charizard|Weather Ball|p1a: Gholdengo
|-supereffective|p1a: Gholdengo|1
|-damage|p1a: Gholdengo|0 fnt
|faint|p1a: Gholdengo
|move|p1b: Clawitzer|Dark Pulse|p2a: Garchomp
|-damage|p2a: Garchomp|49/100
|-enditem|p2a: Garchomp|Sitrus Berry|[eat]
|-heal|p2a: Garchomp|74/100|[from] item: Sitrus Berry
|-damage|p1b: Clawitzer|46/100|[from] item: Life Orb
|
|-weather|SunnyDay|[upkeep]
|upkeep
|turn|5
|-message|Squashies1234 forfeited.
|
|win|Get flinched on
|raw|Squashies1234's rating: 1040 → 1029(-11 for losing)
|raw|Get flinched on's rating: 1146 → 1164(+18 for winning)
|l|☆Squashies1234
|player|p1|
