|j|☆Pacek_Panama
|j|☆dambro222
|html|Pacek_Panamadambro222    
|uhtml|bestof|Game 3 of a best-of-3
|t:|1756841941
|gametype|doubles
|player|p1|Pacek_Panama|hiker-gen4|1000
|player|p2|dambro222|ethan|1080
|gen|9
|tier|[Gen 9] VGC 2025 Reg H (Bo3)
|rated|
|rule|Species Clause: Limit one of each Pokémon
|rule|Item Clause: Limit 1 of each item
|clearpoke
|poke|p1|Ursaluna-Bloodmoon, L50, M|
|poke|p1|Porygon2, L50|
|poke|p1|Incineroar, L50, F|
|poke|p1|Amoonguss, L50, M|
|poke|p1|Talonflame, L50, F|
|poke|p1|Gholdengo, L50|
|poke|p2|Dragonite, L50, M|
|poke|p2|Volcarona, L50, F|
|poke|p2|Sneasler, L50, M|
|poke|p2|Rillaboom, L50, M|
|poke|p2|Electabuzz, L50, M|
|poke|p2|Kingambit, L50, M|
|teampreview|4
|showteam|p1|Ursaluna-Bloodmoon||ThroatSpray|MindsEye|HyperVoice,BloodMoon,Protect,EarthPower|||M|||50|,,,,,Normal]Porygon2||Eviolite|Download|TrickRoom,Protect,Recover,IceBeam||||||50|,,,,,Ghost]Incineroar||SafetyGoggles|Intimidate|FakeOut,PartingShot,KnockOff,FlareBlitz|||F|||50|,,,,,Ghost]Amoonguss||SitrusBerry|Regenerator|RagePowder,SludgeBomb,Protect,Spore|||M|||50|,,,,,Dark]Talonflame||CovertCloak|GaleWings|Tailwind,WillOWisp,Protect,BraveBird|||F|||50|,,,,,Water]Gholdengo||LifeOrb|GoodasGold|NastyPlot,MakeItRain,ShadowBall,Protect||||||50|,,,,,Dragon
|showteam|p2|Dragonite||LoadedDice|Multiscale|ScaleShot,ExtremeSpeed,Haze,Protect|||M|||50|,,,,,Fairy]Volcarona||CovertCloak|FlameBody|HeatWave,TeraBlast,QuiverDance,Protect|||F|||50|,,,,,Fairy]Sneasler||FocusSash|Unburden|CloseCombat,DireClaw,RockSlide,Protect|||M|||50|,,,,,Stellar]Rillaboom||AssaultVest|GrassySurge|WoodHammer,GrassyGlide,HighHorsepower,FakeOut|||M|||50|,,,,,Water]Electabuzz||Eviolite|VitalSpirit|Electroweb,FollowMe,Taunt,Protect|||M|||50|,,,,,Ghost]Kingambit||BlackGlasses|Defiant|KowtowCleave,SuckerPunch,SwordsDance,Protect|||M|||50|,,,,,Dark
|inactive|Battle timer is ON: inactive players will automatically lose when time's up. (requested by dambro222)
|
|t:|1756841963
|teamsize|p1|4
|teamsize|p2|4
|start
|switch|p1a: Ursaluna|Ursaluna-Bloodmoon, L50, M|100/100
|switch|p1b: Talonflame|Talonflame, L50, F|100/100
|switch|p2a: Electabuzz|Electabuzz, L50, M|100/100
|switch|p2b: Volcarona|Volcarona, L50, F|100/100
|turn|1
|inactive|Pacek_Panama has 30 seconds left.
|
|t:|1756841991
|move|p1b: Talonflame|Tailwind|p1b: Talonflame
|-sidestart|p1: Pacek_Panama|move: Tailwind
|move|p1a: Ursaluna|Hyper Voice|p2b: Volcarona|[spread] p2a,p2b
|-damage|p2a: Electabuzz|72/100
|-damage|p2b: Volcarona|63/100
|-enditem|p1a: Ursaluna|Throat Spray
|-boost|p1a: Ursaluna|spa|1|[from] item: Throat Spray
|move|p2b: Volcarona|Quiver Dance|p2b: Volcarona
|-boost|p2b: Volcarona|spa|1
|-boost|p2b: Volcarona|spd|1
|-boost|p2b: Volcarona|spe|1
|move|p2a: Electabuzz|Electroweb|p1b: Talonflame|[spread] p1b
|-immune|p1a: Ursaluna
|-supereffective|p1b: Talonflame
|-damage|p1b: Talonflame|53/100
|
|upkeep
|turn|2
|inactive|Pacek_Panama has 30 seconds left.
|inactive|dambro222 has 30 seconds left.
|inactive|Pacek_Panama has 20 seconds left.
|inactive|Pacek_Panama has 15 seconds left.
|
|t:|1756842035
|move|p2b: Volcarona|Protect|p2b: Volcarona
|-singleturn|p2b: Volcarona|Protect
|move|p1b: Talonflame|Brave Bird|p2b: Volcarona
|-activate|p2b: Volcarona|move: Protect
|move|p1a: Ursaluna|Hyper Voice|p2a: Electabuzz|[spread] p2a
|-activate|p2b: Volcarona|move: Protect
|-damage|p2a: Electabuzz|30/100
|move|p2a: Electabuzz|Electroweb|p1b: Talonflame|[spread] p1b
|-immune|p1a: Ursaluna
|-supereffective|p1b: Talonflame
|-damage|p1b: Talonflame|8/100
|
|upkeep
|turn|3
|inactive|Pacek_Panama has 30 seconds left.
|
|t:|1756842061
|move|p1b: Talonflame|Protect|p1b: Talonflame
|-singleturn|p1b: Talonflame|Protect
|move|p2a: Electabuzz|Follow Me|p2a: Electabuzz
|-singleturn|p2a: Electabuzz|move: Follow Me
|move|p2b: Volcarona|Quiver Dance|p2b: Volcarona
|-boost|p2b: Volcarona|spa|1
|-boost|p2b: Volcarona|spd|1
|-boost|p2b: Volcarona|spe|1
|move|p1a: Ursaluna|Blood Moon|p2a: Electabuzz
|-damage|p2a: Electabuzz|0 fnt
|faint|p2a: Electabuzz
|
|upkeep
|
|t:|1756842076
|switch|p2a: Rillaboom|Rillaboom, L50, M|100/100
|-fieldstart|move: Grassy Terrain|[from] ability: Grassy Surge|[of] p2a: Rillaboom
|turn|4
|
|t:|1756842090
|switch|p1b: Incineroar|Incineroar, L50, F|100/100
|-ability|p1b: Incineroar|Intimidate|boost
|-unboost|p2a: Rillaboom|atk|1
|-unboost|p2b: Volcarona|atk|1
|move|p1a: Ursaluna|Protect|p1a: Ursaluna
|-singleturn|p1a: Ursaluna|Protect
|move|p2a: Rillaboom|Fake Out|p1a: Ursaluna
|-activate|p1a: Ursaluna|move: Protect
|move|p2b: Volcarona|Tera Blast|p1b: Incineroar
|-crit|p1b: Incineroar
|-damage|p1b: Incineroar|42/100
|
|-heal|p2b: Volcarona|69/100|[from] Grassy Terrain
|-heal|p1b: Incineroar|48/100|[from] Grassy Terrain
|-sideend|p1: Pacek_Panama|move: Tailwind
|upkeep
|turn|5
|inactive|Pacek_Panama has 30 seconds left.
|inactive|dambro222 has 30 seconds left.
|
|t:|1756842116
|move|p2b: Volcarona|Protect|p2b: Volcarona
|-singleturn|p2b: Volcarona|Protect
|move|p1b: Incineroar|Fake Out|p2a: Rillaboom
|-damage|p2a: Rillaboom|90/100
|cant|p2a: Rillaboom|flinch
|move|p1a: Ursaluna|Blood Moon|p2a: Rillaboom
|-damage|p2a: Rillaboom|0 fnt
|faint|p2a: Rillaboom
|
|-heal|p2b: Volcarona|75/100|[from] Grassy Terrain
|-heal|p1b: Incineroar|53/100|[from] Grassy Terrain
|upkeep
|
|t:|1756842127
|switch|p2a: Kingambit|Kingambit, L50, M, shiny|100/100
|turn|6
|inactive|Pacek_Panama has 30 seconds left.
|inactive|dambro222 has 30 seconds left.
|
|t:|1756842161
|-terastallize|p2a: Kingambit|Dark
|move|p2a: Kingambit|Sucker Punch|p1a: Ursaluna
|-damage|p1a: Ursaluna|52/100
|move|p2b: Volcarona|Tera Blast|p1b: Incineroar
|-damage|p1b: Incineroar|11/100
|move|p1a: Ursaluna|Earth Power|p2a: Kingambit
|-crit|p2a: Kingambit
|-damage|p2a: Kingambit|0 fnt
|faint|p2a: Kingambit
|move|p1b: Incineroar|Flare Blitz|p2b: Volcarona
|-damage|p2b: Volcarona|3/100
|-damage|p1b: Incineroar|0 fnt|[from] Recoil
|faint|p1b: Incineroar
|
|-heal|p2b: Volcarona|10/100|[from] Grassy Terrain
|-heal|p1a: Ursaluna|58/100|[from] Grassy Terrain
|upkeep
|
|t:|1756842179
|switch|p1b: Amoonguss|Amoonguss, L50, M|100/100
|turn|7
|
|t:|1756842191
|-terastallize|p1b: Amoonguss|Dark
|move|p2b: Volcarona|Heat Wave|p1b: Amoonguss|[spread] 
|-miss|p2b: Volcarona|p1a: Ursaluna
|-miss|p2b: Volcarona|p1b: Amoonguss
|move|p1a: Ursaluna|Hyper Voice|p2b: Volcarona
|-damage|p2b: Volcarona|0 fnt
|faint|p2b: Volcarona
|
|win|Pacek_Panama
|raw|Pacek_Panama's rating: 1000 → 1049(+49 for winning)
|raw|dambro222's rating: 1080 → 1053(-27 for losing)
|c|☆dambro222|nice hahaha
|c|☆dambro222|gg anyway
