|j|☆Ice124567890
|j|☆Lightoz IV
|html|Ice124567890Lightoz IV    
|uhtml|bestof|Game 3 of a best-of-3
|t:|1784713316
|gametype|doubles
|player|p1|Ice124567890|266|1398
|player|p2|Lightoz IV|blue-gen2|1503
|gen|9
|tier|[Gen 9 Champions] VGC 2026 Reg M-B (Bo3)
|rated|
|rule|Species Clause: Limit one of each Pokémon
|rule|Item Clause: Limit 1 of each item
|clearpoke
|poke|p1|Incineroar, L50, M|
|poke|p1|Sinistcha-Masterpiece, L50|
|poke|p1|Tyranitar, L50, F|
|poke|p1|Sneasler, L50, M|
|poke|p1|Mawile, L50, F|
|poke|p1|Hydreigon, L50, M|
|poke|p2|Raichu, L50, M|
|poke|p2|Kingambit, L50, M, shiny|
|poke|p2|Basculegion, L50, M|
|poke|p2|Aerodactyl, L50, M|
|poke|p2|Farigiraf, L50, M|
|poke|p2|Sylveon, L50, F, shiny|
|teampreview|4
|showteam|p1|Incineroar||SitrusBerry|Intimidate|FakeOut,FlareBlitz,ThroatChop,PartingShot|Impish||M|||50|]Sinistcha-Masterpiece||KasibBerry|Hospitality|MatchaGotcha,RagePowder,TrickRoom,Protect|Relaxed|||||50|]Tyranitar||Tyranitarite|SandStream|RockSlide,KnockOff,DragonDance,Protect|Adamant||F|||50|]Sneasler||FocusSash|PoisonTouch|DireClaw,CloseCombat,FakeOut,Uturn|Jolly||M|||50|]Mawile||Mawilite|HyperCutter|PlayRough,SuckerPunch,SwordsDance,Protect|Careful||F|||50|]Hydreigon||ChoiceScarf|Levitate|DarkPulse,DracoMeteor,EarthPower,Snarl|Modest||M|||50|
|showteam|p2|Raichu||RaichuniteY|LightningRod|ZapCannon,FocusBlast,FakeOut,Protect|Timid||M|||50|]Kingambit||FocusSash|Defiant|KowtowCleave,SuckerPunch,IronHead,LowKick|Adamant||M|||50|]Basculegion||MysticWater|Adaptability|LastRespects,WaveCrash,AquaJet,Protect|Adamant||M|||50|]Aerodactyl||Aerodactylite|Unnerve|RockSlide,DualWingbeat,Tailwind,IceFang|Jolly||M|||50|]Farigiraf||SitrusBerry|ArmorTail|Psychic,Thunderbolt,TrickRoom,Protect|Bold||M|||50|]Sylveon||FairyFeather|Pixilate|HyperVoice,HyperBeam,QuickAttack,Detect|Modest||F|||50|
|inactive|Battle timer is ON: inactive players will automatically lose when time's up. (requested by Ice124567890)
|inactive|Lightoz IV has 60 seconds left.
|
|t:|1784713361
|teamsize|p1|4
|teamsize|p2|4
|start
|switch|p1a: Mawile|Mawile, L50, F|100/100
|switch|p1b: Sneasler|Sneasler, L50, M|100/100
|switch|p2a: Raichu|Raichu, L50, M|100/100
|switch|p2b: Kingambit|Kingambit, L50, M, shiny|100/100
|turn|1
|
|t:|1784713374
|detailschange|p2a: Raichu|Raichu-Mega-Y, L50, M
|-mega|p2a: Raichu|Raichu|Raichunite Y
|detailschange|p1a: Mawile|Mawile-Mega, L50, F
|-mega|p1a: Mawile|Mawile|Mawilite
|move|p2a: Raichu|Fake Out|p1a: Mawile
|-resisted|p1a: Mawile|1
|-damage|p1a: Mawile|95/100
|move|p1b: Sneasler|U-turn|p2b: Kingambit
|-damage|p2b: Kingambit|78/100
|
|t:|1784713381
|switch|p1b: Sinistcha|Sinistcha-Masterpiece, L50|100/100|[from] U-turn
|-heal|p1a: Mawile|100/100|[from] ability: Hospitality|[of] p1b: Sinistcha
|move|p2b: Kingambit|Iron Head|p1b: Sinistcha
|-damage|p1b: Sinistcha|62/100
|cant|p1a: Mawile|flinch
|
|upkeep
|turn|2
|
|t:|1784713391
|move|p1b: Sinistcha|Protect|p1b: Sinistcha
|-singleturn|p1b: Sinistcha|Protect
|move|p2a: Raichu|Zap Cannon|p1a: Mawile
|-damage|p1a: Mawile|33/100
|-status|p1a: Mawile|par
|move|p2b: Kingambit|Kowtow Cleave|p1b: Sinistcha
|-activate|p1b: Sinistcha|move: Protect
|move|p1a: Mawile|Play Rough|p2b: Kingambit
|-damage|p2b: Kingambit|10/100
|
|upkeep
|turn|3
|
|t:|1784713401
|switch|p2a: Farigiraf|Farigiraf, L50, M|100/100
|move|p1a: Mawile|Sucker Punch||[still]
|cant|p2a: Farigiraf|ability: Armor Tail|Sucker Punch|[of] p1a: Mawile
|move|p2b: Kingambit|Kowtow Cleave|p1b: Sinistcha
|-supereffective|p1b: Sinistcha|1
|-damage|p1b: Sinistcha|0 fnt
|faint|p1b: Sinistcha
|
|upkeep
|
|t:|1784713406
|switch|p1b: Sneasler|Sneasler, L50, M|100/100
|turn|4
|
|t:|1784713426
|move|p2b: Kingambit|Sucker Punch|p1a: Mawile
|-resisted|p1a: Mawile|1
|-damage|p1a: Mawile|14/100 par
|move|p1b: Sneasler|U-turn|p2b: Kingambit
|-damage|p2b: Kingambit|0 fnt
|faint|p2b: Kingambit
|
|t:|1784713430
|switch|p1b: Incineroar|Incineroar, L50, M|100/100|[from] U-turn
|-ability|p1b: Incineroar|Intimidate|boost
|-unboost|p2a: Farigiraf|atk|1
|move|p2a: Farigiraf|Psychic|p1a: Mawile
|-resisted|p1a: Mawile|1
|-damage|p1a: Mawile|0 fnt
|faint|p1a: Mawile
|
|upkeep
|
|t:|1784713436
|switch|p2b: Basculegion|Basculegion, L50, M|100/100
|switch|p1a: Sneasler|Sneasler, L50, M|100/100
|turn|5
|
|t:|1784713442
|move|p1a: Sneasler|Dire Claw|p2b: Basculegion
|-resisted|p2b: Basculegion|1
|-damage|p2b: Basculegion|71/100
|move|p2b: Basculegion|Wave Crash|p1b: Incineroar
|-supereffective|p1b: Incineroar|1
|-damage|p1b: Incineroar|0 fnt
|faint|p1b: Incineroar
|-damage|p2b: Basculegion|38/100|[from] Recoil
|move|p2a: Farigiraf|Psychic|p1a: Sneasler
|-supereffective|p1a: Sneasler|2
|-enditem|p1a: Sneasler|Focus Sash
|-damage|p1a: Sneasler|1/100
|
|upkeep
|turn|6
|-message|Ice124567890 forfeited.
|
|win|Lightoz IV
|raw|Ice124567890's rating: 1398 → 1384(-14 for losing)
|raw|Lightoz IV's rating: 1503 → 1517(+14 for winning)
|l|☆Ice124567890
|player|p1|
