|j|☆Arhanjunior
|j|☆Bobjoe867
|html|ArhanjuniorBobjoe867    
|uhtml|bestof|Game 2 of a best-of-3
|t:|1782624555
|gametype|doubles
|player|p1|Arhanjunior|2|1109
|player|p2|Bobjoe867|265|1040
|gen|9
|tier|[Gen 9 Champions] VGC 2026 Reg M-B (Bo3)
|rated|
|rule|Species Clause: Limit one of each Pokémon
|rule|Item Clause: Limit 1 of each item
|clearpoke
|poke|p1|Swampert, L50, M|
|poke|p1|Pelipper, L50, F|
|poke|p1|Archaludon, L50, F|
|poke|p1|Sinistcha, L50|
|poke|p1|Maushold-Four, L50|
|poke|p1|Gholdengo, L50|
|poke|p2|Incineroar, L50, F|
|poke|p2|Gengar, L50, M|
|poke|p2|Sinistcha, L50|
|poke|p2|Kingambit, L50, M|
|poke|p2|Tyranitar, L50, M|
|poke|p2|Kommo-o, L50, F|
|teampreview|4
|showteam|p1|Swampert||Swampertite|Damp|HighHorsepower,WaveCrash,IcePunch,Protect|Adamant||M|||50|]Pelipper||SitrusBerry|Drizzle|Hurricane,WeatherBall,Tailwind,WideGuard|Modest||F|||50|]Archaludon||Leftovers|Stamina|DragonPulse,ElectroShot,AuraSphere,FlashCannon|Modest||F|||50|]Sinistcha||KasibBerry|Hospitality|MatchaGotcha,TrickRoom,RagePowder,LifeDew|Bold|||||50|]Maushold-Four||FocusSash|FriendGuard|SuperFang,FollowMe,RainDance,Protect|Timid|||||50|]Gholdengo||LifeOrb|GoodasGold|MakeItRain,ShadowBall,NastyPlot,Protect|Modest|||||50|
|showteam|p2|Incineroar||ShucaBerry|Intimidate|PartingShot,FakeOut,Protect,ThroatChop|Careful||F|||50|]Gengar||Gengarite|CursedBody|ShadowBall,Protect,Substitute,PerishSong|Timid||M|||50|]Sinistcha||SitrusBerry|Hospitality|MatchaGotcha,RagePowder,Protect,LifeDew|Calm|||||50|]Kingambit||ChopleBerry|Defiant|IronHead,Protect,LowKick,SuckerPunch|Adamant||M|||50|]Tyranitar||ChoiceScarf|SandStream|StoneEdge,IcePunch,LowKick,RockSlide|Jolly||M|||50|]Kommo-o||Leftovers|Soundproof|ClangingScales,ClangorousSoul,AuraSphere,Protect|Modest||F|||50|
|inactive|Battle timer is ON: inactive players will automatically lose when time's up. (requested by Arhanjunior)
|
|t:|1782624576
|teamsize|p1|4
|teamsize|p2|4
|start
|switch|p1a: Gholdengo|Gholdengo, L50|100/100
|switch|p1b: Maushold|Maushold-Four, L50|100/100
|switch|p2a: Kommo-o|Kommo-o, L50, F|100/100
|switch|p2b: Sinistcha|Sinistcha, L50|100/100
|turn|1
|
|t:|1782624593
|move|p2b: Sinistcha|Rage Powder|p2b: Sinistcha
|-singleturn|p2b: Sinistcha|move: Rage Powder
|move|p1b: Maushold|Super Fang|p2b: Sinistcha
|-immune|p2b: Sinistcha
|move|p2a: Kommo-o|Clangorous Soul|p2a: Kommo-o
|-boost|p2a: Kommo-o|atk|1
|-boost|p2a: Kommo-o|def|1
|-boost|p2a: Kommo-o|spa|1
|-boost|p2a: Kommo-o|spd|1
|-boost|p2a: Kommo-o|spe|1
|-damage|p2a: Kommo-o|67/100
|move|p1a: Gholdengo|Make It Rain|p2a: Kommo-o|[spread] p2a,p2b
|-damage|p2a: Kommo-o|13/100
|-damage|p2b: Sinistcha|40/100
|-unboost|p1a: Gholdengo|spa|2
|-enditem|p2b: Sinistcha|Sitrus Berry|[eat]
|-heal|p2b: Sinistcha|65/100|[from] item: Sitrus Berry
|-damage|p1a: Gholdengo|90/100|[from] item: Life Orb
|
|-heal|p2a: Kommo-o|19/100|[from] item: Leftovers
|upkeep
|turn|2
|
|t:|1782624616
|move|p1b: Maushold|Follow Me|p1b: Maushold
|-singleturn|p1b: Maushold|move: Follow Me
|move|p2a: Kommo-o|Clanging Scales|p1b: Maushold|[spread] p1a,p1b
|-resisted|p1a: Gholdengo|1
|-damage|p1a: Gholdengo|68/100
|-damage|p1b: Maushold|25/100
|-unboost|p2a: Kommo-o|def|1
|move|p1a: Gholdengo|Make It Rain|p2a: Kommo-o|[spread] p2a,p2b
|-damage|p2a: Kommo-o|0 fnt
|-damage|p2b: Sinistcha|36/100
|-unboost|p1a: Gholdengo|spa|2
|faint|p2a: Kommo-o
|-damage|p1a: Gholdengo|58/100|[from] item: Life Orb
|move|p2b: Sinistcha|Matcha Gotcha|p1a: Gholdengo|[spread] p1a,p1b
|-resisted|p1a: Gholdengo|1
|-damage|p1a: Gholdengo|48/100
|-heal|p2b: Sinistcha|41/100|[from] drain|[of] p1a: Gholdengo
|-damage|p1b: Maushold|0 fnt
|-heal|p2b: Sinistcha|54/100|[from] drain|[of] p1b: Maushold
|faint|p1b: Maushold
|
|upkeep
|
|t:|1782624637
|switch|p1b: Pelipper|Pelipper, L50, F|100/100
|switch|p2a: Incineroar|Incineroar, L50, F|100/100
|-weather|RainDance|[from] ability: Drizzle|[of] p1b: Pelipper
|-ability|p2a: Incineroar|Intimidate|boost
|-unboost|p1a: Gholdengo|atk|1
|-unboost|p1b: Pelipper|atk|1
|turn|3
|
|t:|1782624657
|switch|p1a: Swampert|Swampert, L50, M|100/100
|move|p2b: Sinistcha|Matcha Gotcha|p1a: Swampert|[spread] p1a,p1b
|-supereffective|p1a: Swampert|2
|-damage|p1a: Swampert|0 fnt
|-heal|p2b: Sinistcha|100/100|[from] drain|[of] p1a: Swampert
|-damage|p1b: Pelipper|63/100
|faint|p1a: Swampert
|move|p1b: Pelipper|Hurricane|p2b: Sinistcha
|-supereffective|p2b: Sinistcha|1
|-damage|p2b: Sinistcha|3/100
|move|p2a: Incineroar|Throat Chop|p1b: Pelipper
|-crit|p1b: Pelipper
|-damage|p1b: Pelipper|10/100
|-start|p1b: Pelipper|Throat Chop|[silent]
|-enditem|p1b: Pelipper|Sitrus Berry|[eat]
|-heal|p1b: Pelipper|35/100|[from] item: Sitrus Berry
|
|-weather|RainDance|[upkeep]
|upkeep
|
|t:|1782624671
|switch|p1a: Gholdengo|Gholdengo, L50|48/100
|turn|4
|
|t:|1782624680
|move|p2b: Sinistcha|Rage Powder|p2b: Sinistcha
|-singleturn|p2b: Sinistcha|move: Rage Powder
|move|p1a: Gholdengo|Shadow Ball|p2b: Sinistcha
|-supereffective|p2b: Sinistcha|1
|-damage|p2b: Sinistcha|0 fnt
|faint|p2b: Sinistcha
|-damage|p1a: Gholdengo|39/100|[from] item: Life Orb
|move|p1b: Pelipper|Weather Ball|p2a: Incineroar
|-supereffective|p2a: Incineroar|1
|-damage|p2a: Incineroar|0 fnt
|faint|p2a: Incineroar
|
|-weather|RainDance|[upkeep]
|-end|p1b: Pelipper|Throat Chop|[silent]
|upkeep
|
|t:|1782624694
|switch|p2b: Kingambit|Kingambit, L50, M|100/100
|turn|5
|
|t:|1782624705
|move|p2b: Kingambit|Sucker Punch||[still]
|-fail|p2b: Kingambit
|move|p1a: Gholdengo|Nasty Plot|p1a: Gholdengo
|-boost|p1a: Gholdengo|spa|2
|move|p1b: Pelipper|Weather Ball|p2b: Kingambit
|-damage|p2b: Kingambit|31/100
|
|-weather|RainDance|[upkeep]
|upkeep
|turn|6
|
|t:|1782624714
|move|p2b: Kingambit|Sucker Punch|p1a: Gholdengo
|-supereffective|p1a: Gholdengo|1
|-damage|p1a: Gholdengo|0 fnt
|faint|p1a: Gholdengo
|move|p1b: Pelipper|Weather Ball|p2b: Kingambit
|-damage|p2b: Kingambit|0 fnt
|faint|p2b: Kingambit
|
|win|Arhanjunior
|raw|Arhanjunior's rating: 1109 → 1129(+20 for winning)
|raw|Bobjoe867's rating: 1040 → 1027(-13 for losing)
|l|☆Bobjoe867
|player|p2|
