|j|☆Vitor_hsaf
|j|☆Jakobtc
|html|Vitor_hsafJakobtc    
|uhtml|bestof|Game 2 of a best-of-3
|t:|1756752444
|gametype|doubles
|player|p1|Vitor_hsaf|blue|1306
|player|p2|Jakobtc|riley|1176
|gen|9
|tier|[Gen 9] VGC 2025 Reg H (Bo3)
|rated|
|rule|Species Clause: Limit one of each Pokémon
|rule|Item Clause: Limit 1 of each item
|clearpoke
|poke|p1|Volcarona, L50, M|
|poke|p1|Kingambit, L50, F|
|poke|p1|Dragonite, L50, F|
|poke|p1|Sneasler, L50, M|
|poke|p1|Rillaboom, L50, M|
|poke|p1|Electabuzz, L50, F|
|poke|p2|Gholdengo, L50|
|poke|p2|Incineroar, L50, M|
|poke|p2|Ursaluna, L50, F|
|poke|p2|Porygon2, L50|
|poke|p2|Kilowattrel, L50, M|
|poke|p2|Sneasler, L50, F|
|teampreview|4
|showteam|p1|Volcarona||Leftovers|FlameBody|HeatWave,TeraBlast,QuiverDance,Protect|||M|||50|,,,,,Fairy]Kingambit||BlackGlasses|Defiant|KowtowCleave,SuckerPunch,SwordsDance,Protect|||F|||50|,,,,,Dark]Dragonite||LoadedDice|Multiscale|ScaleShot,ExtremeSpeed,Haze,Protect|||F|||50|,,,,,Steel]Sneasler||FocusSash|PoisonTouch|CloseCombat,DireClaw,FakeOut,Coaching|||M|||50|,,,,,Stellar]Rillaboom||AssaultVest|GrassySurge|WoodHammer,GrassyGlide,HighHorsepower,FakeOut|||M|||50|,,,,,Fire]Electabuzz||Eviolite|VitalSpirit|Thunderbolt,Taunt,FollowMe,Protect|||F|||50|,,,,,Ghost
|showteam|p2|Gholdengo||LifeOrb|GoodasGold|MakeItRain,ShadowBall,NastyPlot,Protect||||||50|,,,,,Dragon]Incineroar||SafetyGoggles|Intimidate|FakeOut,FlareBlitz,KnockOff,PartingShot|||M|||50|,,,,,Bug]Ursaluna||FlameOrb|Guts|Facade,HeadlongRush,Earthquake,Protect|||F|||50|,,,,,Ghost]Porygon2||Eviolite|Download|TeraBlast,IceBeam,Recover,TrickRoom||||||50|,,,,,Flying]Kilowattrel||FocusSash|Competitive|AirSlash,Thunderbolt,Tailwind,Protect|||M|||50|,,,,,Ghost]Sneasler||WhiteHerb|Unburden|DireClaw,CloseCombat,Taunt,Protect|||F|||50|,,,,,Stellar
|inactive|Battle timer is ON: inactive players will automatically lose when time's up. (requested by Vitor_hsaf)
|inactive|Vitor_hsaf has 60 seconds left.
|inactive|Jakobtc has 60 seconds left.
|
|t:|1756752478
|teamsize|p1|4
|teamsize|p2|4
|start
|switch|p1a: Dragonite|Dragonite, L50, F|100/100
|switch|p1b: Electabuzz|Electabuzz, L50, F|100/100
|switch|p2a: Kilowattrel|Kilowattrel, L50, M|100/100
|switch|p2b: Sneasler|Sneasler, L50, F|100/100
|turn|1
|
|t:|1756752490
|switch|p2a: Incineroar|Incineroar, L50, M|100/100
|-ability|p2a: Incineroar|Intimidate|boost
|-unboost|p1a: Dragonite|atk|1
|-unboost|p1b: Electabuzz|atk|1
|move|p1a: Dragonite|Protect|p1a: Dragonite
|-singleturn|p1a: Dragonite|Protect
|move|p2b: Sneasler|Taunt|p1b: Electabuzz
|-start|p1b: Electabuzz|move: Taunt
|move|p1b: Electabuzz|Thunderbolt|p2a: Incineroar
|-crit|p2a: Incineroar
|-damage|p2a: Incineroar|63/100
|
|upkeep
|turn|2
|
|t:|1756752509
|switch|p2b: Ursaluna|Ursaluna, L50, F|100/100
|switch|p1a: Kingambit|Kingambit, L50, F|100/100
|move|p2a: Incineroar|Fake Out|p1a: Kingambit
|-resisted|p1a: Kingambit
|-damage|p1a: Kingambit|97/100
|move|p1b: Electabuzz|Thunderbolt|p2b: Ursaluna
|-immune|p2b: Ursaluna
|
|-status|p2b: Ursaluna|brn|[from] item: Flame Orb
|upkeep
|turn|3
|
|t:|1756752522
|switch|p1b: Rillaboom|Rillaboom, L50, M|100/100
|-fieldstart|move: Grassy Terrain|[from] ability: Grassy Surge|[of] p1b: Rillaboom
|switch|p2a: Kilowattrel|Kilowattrel, L50, M|100/100
|move|p1a: Kingambit|Protect|p1a: Kingambit
|-singleturn|p1a: Kingambit|Protect
|move|p2b: Ursaluna|Earthquake|p1a: Kingambit|[spread] p1b
|-activate|p1a: Kingambit|move: Protect
|-immune|p2a: Kilowattrel
|-resisted|p1b: Rillaboom
|-damage|p1b: Rillaboom|87/100
|
|-heal|p1b: Rillaboom|93/100|[from] Grassy Terrain
|-heal|p1a: Kingambit|100/100|[from] Grassy Terrain
|-damage|p2b: Ursaluna|94/100 brn|[from] brn
|upkeep
|turn|4
|inactive|Jakobtc has 30 seconds left.
|
|t:|1756752549
|-terastallize|p2b: Ursaluna|Ghost
|move|p1b: Rillaboom|Fake Out|p2b: Ursaluna
|-immune|p2b: Ursaluna
|move|p2a: Kilowattrel|Thunderbolt|p1a: Kingambit
|-damage|p1a: Kingambit|58/100
|move|p2b: Ursaluna|Headlong Rush|p1a: Kingambit
|-supereffective|p1a: Kingambit
|-damage|p1a: Kingambit|0 fnt
|-unboost|p2b: Ursaluna|def|1
|-unboost|p2b: Ursaluna|spd|1
|faint|p1a: Kingambit
|
|-heal|p1b: Rillaboom|99/100|[from] Grassy Terrain
|-heal|p2b: Ursaluna|100/100 brn|[from] Grassy Terrain
|-damage|p2b: Ursaluna|94/100 brn|[from] brn
|upkeep
|
|t:|1756752556
|switch|p1a: Dragonite|Dragonite, L50, F|100/100
|turn|5
|
|t:|1756752575
|switch|p1b: Electabuzz|Electabuzz, L50, F|100/100
|switch|p2b: Incineroar|Incineroar, L50, M|63/100
|-ability|p2b: Incineroar|Intimidate|boost
|-unboost|p1a: Dragonite|atk|1
|-unboost|p1b: Electabuzz|atk|1
|move|p2a: Kilowattrel|Protect|p2a: Kilowattrel
|-singleturn|p2a: Kilowattrel|Protect
|move|p1a: Dragonite|Scale Shot|p2b: Incineroar
|-damage|p2b: Incineroar|53/100
|-damage|p2b: Incineroar|44/100
|-damage|p2b: Incineroar|34/100
|-damage|p2b: Incineroar|25/100
|-damage|p2b: Incineroar|14/100
|-hitcount|p2b: Incineroar|5
|-unboost|p1a: Dragonite|def|1
|-boost|p1a: Dragonite|spe|1
|
|-heal|p2b: Incineroar|20/100|[from] Grassy Terrain
|upkeep
|turn|6
|
|t:|1756752597
|move|p1a: Dragonite|Protect|p1a: Dragonite
|-singleturn|p1a: Dragonite|Protect
|move|p2b: Incineroar|Fake Out|p1a: Dragonite
|-activate|p1a: Dragonite|move: Protect
|move|p1b: Electabuzz|Follow Me|p1b: Electabuzz
|-singleturn|p1b: Electabuzz|move: Follow Me
|move|p2a: Kilowattrel|Tailwind|p2a: Kilowattrel
|-sidestart|p2: Jakobtc|move: Tailwind
|
|-heal|p2b: Incineroar|26/100|[from] Grassy Terrain
|upkeep
|turn|7
|
|t:|1756752615
|switch|p2b: Ursaluna|Ursaluna, L50, F, tera:Ghost|94/100 brn
|move|p2a: Kilowattrel|Thunderbolt|p1a: Dragonite
|-damage|p1a: Dragonite|79/100
|move|p1a: Dragonite|Scale Shot|p2a: Kilowattrel
|-damage|p2a: Kilowattrel|83/100
|-damage|p2a: Kilowattrel|66/100
|-damage|p2a: Kilowattrel|49/100
|-damage|p2a: Kilowattrel|32/100
|-hitcount|p2a: Kilowattrel|4
|-unboost|p1a: Dragonite|def|1
|-boost|p1a: Dragonite|spe|1
|move|p1b: Electabuzz|Thunderbolt|p2b: Ursaluna
|-damage|p2b: Ursaluna|66/100 brn
|
|-heal|p2b: Ursaluna|72/100 brn|[from] Grassy Terrain
|-damage|p2b: Ursaluna|66/100 brn|[from] brn
|-fieldend|move: Grassy Terrain
|upkeep
|turn|8
|
|t:|1756752639
|switch|p2a: Incineroar|Incineroar, L50, M|26/100
|-ability|p2a: Incineroar|Intimidate|boost
|-unboost|p1a: Dragonite|atk|1
|-unboost|p1b: Electabuzz|atk|1
|-terastallize|p1b: Electabuzz|Ghost
|move|p1a: Dragonite|Scale Shot|p2b: Ursaluna
|-damage|p2b: Ursaluna|60/100 brn
|-damage|p2b: Ursaluna|55/100 brn
|-damage|p2b: Ursaluna|50/100 brn
|-damage|p2b: Ursaluna|45/100 brn
|-hitcount|p2b: Ursaluna|4
|-unboost|p1a: Dragonite|def|1
|-boost|p1a: Dragonite|spe|1
|move|p2b: Ursaluna|Facade|p1b: Electabuzz
|-immune|p1b: Electabuzz
|move|p1b: Electabuzz|Thunderbolt|p2b: Ursaluna
|-damage|p2b: Ursaluna|15/100 brn
|
|-damage|p2b: Ursaluna|9/100 brn|[from] brn
|upkeep
|turn|9
|
|t:|1756752663
|move|p1a: Dragonite|Protect|p1a: Dragonite
|-singleturn|p1a: Dragonite|Protect
|move|p1b: Electabuzz|Protect|p1b: Electabuzz
|-singleturn|p1b: Electabuzz|Protect
|move|p2a: Incineroar|Knock Off|p1b: Electabuzz
|-activate|p1b: Electabuzz|move: Protect
|move|p2b: Ursaluna|Facade|p1a: Dragonite
|-activate|p1a: Dragonite|move: Protect
|
|-damage|p2b: Ursaluna|3/100 brn|[from] brn
|-sideend|p2: Jakobtc|move: Tailwind
|upkeep
|turn|10
|
|t:|1756752680
|switch|p2a: Kilowattrel|Kilowattrel, L50, M|32/100
|switch|p2b: Sneasler|Sneasler, L50, F|100/100
|move|p1a: Dragonite|Scale Shot|p2b: Sneasler
|-damage|p2b: Sneasler|90/100
|-damage|p2b: Sneasler|78/100
|-damage|p2b: Sneasler|67/100
|-crit|p2b: Sneasler
|-damage|p2b: Sneasler|34/100
|-damage|p2b: Sneasler|23/100
|-hitcount|p2b: Sneasler|5
|-unboost|p1a: Dragonite|def|1
|-boost|p1a: Dragonite|spe|1
|move|p1b: Electabuzz|Thunderbolt|p2a: Kilowattrel
|-damage|p2a: Kilowattrel|0 fnt
|faint|p2a: Kilowattrel
|
|upkeep
|
|t:|1756752697
|switch|p2a: Incineroar|Incineroar, L50, M|26/100
|-ability|p2a: Incineroar|Intimidate|boost
|-unboost|p1a: Dragonite|atk|1
|-unboost|p1b: Electabuzz|atk|1
|turn|11
|
|t:|1756752703
|move|p1a: Dragonite|Protect|p1a: Dragonite
|-singleturn|p1a: Dragonite|Protect
|move|p2b: Sneasler|Dire Claw|p1b: Electabuzz
|-resisted|p1b: Electabuzz
|-damage|p1b: Electabuzz|85/100
|move|p1b: Electabuzz|Thunderbolt|p2b: Sneasler
|-damage|p2b: Sneasler|0 fnt
|faint|p2b: Sneasler
|move|p2a: Incineroar|Knock Off|p1b: Electabuzz
|-supereffective|p1b: Electabuzz
|-damage|p1b: Electabuzz|19/100
|-enditem|p1b: Electabuzz|Eviolite|[from] move: Knock Off|[of] p2a: Incineroar
|
|upkeep
|
|t:|1756752714
|switch|p2b: Ursaluna|Ursaluna, L50, F, tera:Ghost|3/100 brn
|turn|12
|
|t:|1756752721
|move|p1a: Dragonite|Haze|p1a: Dragonite
|-clearallboost
|move|p1b: Electabuzz|Thunderbolt|p2b: Ursaluna
|-damage|p2b: Ursaluna|0 fnt
|faint|p2b: Ursaluna
|move|p2a: Incineroar|Flare Blitz|p1a: Dragonite
|-resisted|p1a: Dragonite
|-damage|p1a: Dragonite|48/100
|-status|p1a: Dragonite|brn
|-damage|p2a: Incineroar|18/100|[from] Recoil
|
|-damage|p1a: Dragonite|42/100 brn|[from] brn
|upkeep
|turn|13
|
|t:|1756752734
|move|p1b: Electabuzz|Thunderbolt|p2a: Incineroar
|-crit|p2a: Incineroar
|-damage|p2a: Incineroar|0 fnt
|faint|p2a: Incineroar
|
|win|Vitor_hsaf
