|j|☆LaMuccaDiMosca
|j|☆Needels
|html|LaMuccaDiMoscaNeedels    
|uhtml|bestof|Game 3 of a best-of-3
|t:|1756501307
|gametype|doubles
|player|p1|LaMuccaDiMosca|cynthia|1140
|player|p2|Needels|eusine|1091
|gen|9
|tier|[Gen 9] VGC 2025 Reg H (Bo3)
|rated|
|rule|Species Clause: Limit one of each Pokémon
|rule|Item Clause: Limit 1 of each item
|clearpoke
|poke|p1|Gholdengo, L50|
|poke|p1|Sneasler, L50, M|
|poke|p1|Rillaboom, L50, M|
|poke|p1|Dragonite, L50, F|
|poke|p1|Ninetales-Alola, L50, M|
|poke|p1|Arcanine-Hisui, L50, F|
|poke|p2|Charizard, L50, M|
|poke|p2|Torkoal, L50, F|
|poke|p2|Porygon2, L50|
|poke|p2|Incineroar, L50, F|
|poke|p2|Jumpluff, L50, F|
|poke|p2|Ursaluna, L50, M|
|teampreview|4
|showteam|p1|Gholdengo||GrassySeed|GoodasGold|NastyPlot,MakeItRain,ShadowBall,Protect||||||50|,,,,,Water]Sneasler||WhiteHerb|Unburden|CloseCombat,DireClaw,Coaching,Protect|||M|||50|,,,,,Ghost]Rillaboom||AssaultVest|GrassySurge|FakeOut,GrassyGlide,DrumBeating,HighHorsepower|||M|||50|,,,,,Fire]Dragonite||LoadedDice|Multiscale|ScaleShot,Haze,Tailwind,Protect|||F|||50|,,,,,Fairy]Ninetales-Alola||FocusSash|SnowWarning|Blizzard,IcyWind,Encore,AuroraVeil|||M|||50|,,,,,Ghost]Arcanine-Hisui||ClearAmulet|Intimidate|RockSlide,FlareBlitz,ExtremeSpeed,Protect|||F|||50|,,,,,Water
|showteam|p2|Charizard||ChoiceSpecs|SolarPower|HeatWave,Overheat,WeatherBall,DragonPulse|||M|||50|,,,,,Ghost]Torkoal||EjectPack|Drought|Eruption,Overheat,HelpingHand,Protect|||F|||50|,,,,,Fire]Porygon2||Eviolite|Download|TeraBlast,IceBeam,Recover,TrickRoom||||||50|,,,,,Fighting]Incineroar||SitrusBerry|Intimidate|FlareBlitz,KnockOff,FakeOut,PartingShot|||F|||50|,,,,,Ghost]Jumpluff||CovertCloak|Chlorophyll|SleepPowder,SunnyDay,RagePowder,Tailwind|||F|||50|,,,,,Water]Ursaluna||FlameOrb|Guts|HeadlongRush,Facade,Earthquake,Protect|||M|||50|,,,,,Ghost
|
|t:|1756501419
|teamsize|p1|4
|teamsize|p2|4
|start
|switch|p1a: Chihiro|Arcanine-Hisui, L50, F|100/100
|switch|p1b: Hideri|Dragonite, L50, F|100/100
|switch|p2a: Jumpluff|Jumpluff, L50, F, shiny|100/100
|switch|p2b: Torkoal|Torkoal, L50, F|100/100
|-ability|p1a: Chihiro|Intimidate|boost
|-unboost|p2a: Jumpluff|atk|1
|-unboost|p2b: Torkoal|atk|1
|-weather|SunnyDay|[from] ability: Drought|[of] p2b: Torkoal
|-enditem|p2b: Torkoal|Eject Pack
|
|t:|1756501436
|switch|p2b: Ursaluna|Ursaluna, L50, M|100/100
|turn|1
|
|t:|1756501488
|-terastallize|p2a: Jumpluff|Water
|move|p1a: Chihiro|Protect|p1a: Chihiro
|-singleturn|p1a: Chihiro|Protect
|move|p2b: Ursaluna|Protect|p2b: Ursaluna
|-singleturn|p2b: Ursaluna|Protect
|move|p2a: Jumpluff|Sleep Powder|p1b: Hideri
|-status|p1b: Hideri|slp|[from] move: Sleep Powder
|cant|p1b: Hideri|slp
|
|-weather|SunnyDay|[upkeep]
|-status|p2b: Ursaluna|brn|[from] item: Flame Orb
|upkeep
|turn|2
|
|t:|1756501515
|-terastallize|p1a: Chihiro|Water
|move|p2a: Jumpluff|Tailwind|p2a: Jumpluff
|-sidestart|p2: Needels|move: Tailwind
|move|p2b: Ursaluna|Headlong Rush|p1a: Chihiro
|-damage|p1a: Chihiro|0 fnt
|-unboost|p2b: Ursaluna|def|1
|-unboost|p2b: Ursaluna|spd|1
|faint|p1a: Chihiro
|cant|p1b: Hideri|slp
|
|-weather|SunnyDay|[upkeep]
|-damage|p2b: Ursaluna|95/100 brn|[from] brn
|upkeep
|
|t:|1756501527
|switch|p1a: Felix|Sneasler, L50, M|100/100
|turn|3
|
|t:|1756501555
|move|p1a: Felix|Protect|p1a: Felix
|-singleturn|p1a: Felix|Protect
|move|p2a: Jumpluff|Rage Powder|p2a: Jumpluff
|-singleturn|p2a: Jumpluff|move: Rage Powder
|move|p2b: Ursaluna|Facade|p1a: Felix
|-activate|p1a: Felix|move: Protect
|cant|p1b: Hideri|slp
|
|-weather|SunnyDay|[upkeep]
|-damage|p2b: Ursaluna|89/100 brn|[from] brn
|upkeep
|turn|4
|
|t:|1756501582
|switch|p1a: Astolfo|Gholdengo, L50|100/100
|move|p2a: Jumpluff|Rage Powder|p2a: Jumpluff
|-singleturn|p2a: Jumpluff|move: Rage Powder
|move|p2b: Ursaluna|Facade|p1a: Astolfo
|-immune|p1a: Astolfo
|-curestatus|p1b: Hideri|slp|[msg]
|move|p1b: Hideri|Scale Shot|p2a: Jumpluff
|-damage|p2a: Jumpluff|81/100
|-damage|p2a: Jumpluff|61/100
|-damage|p2a: Jumpluff|42/100
|-damage|p2a: Jumpluff|24/100
|-crit|p2a: Jumpluff
|-damage|p2a: Jumpluff|0 fnt
|faint|p2a: Jumpluff
|-hitcount|p2: Jumpluff|5
|-unboost|p1b: Hideri|def|1
|-boost|p1b: Hideri|spe|1
|
|-weather|SunnyDay|[upkeep]
|-damage|p2b: Ursaluna|83/100 brn|[from] brn
|upkeep
|
|t:|1756501597
|switch|p2a: Charizard|Charizard, L50, M, shiny|100/100
|turn|5
|
|t:|1756501616
|move|p1b: Hideri|Protect|p1b: Hideri
|-singleturn|p1b: Hideri|Protect
|move|p1a: Astolfo|Protect|p1a: Astolfo
|-singleturn|p1a: Astolfo|Protect
|move|p2a: Charizard|Heat Wave|p1b: Hideri|[spread] 
|-activate|p1a: Astolfo|move: Protect
|-activate|p1b: Hideri|move: Protect
|move|p2b: Ursaluna|Facade|p1b: Hideri
|-activate|p1b: Hideri|move: Protect
|
|-weather|none
|-damage|p2b: Ursaluna|77/100 brn|[from] brn
|-sideend|p2: Needels|move: Tailwind
|upkeep
|turn|6
|
|t:|1756501709
|switch|p2a: Torkoal|Torkoal, L50, F|100/100
|-weather|SunnyDay|[from] ability: Drought|[of] p2a: Torkoal
|move|p1b: Hideri|Scale Shot|p2b: Ursaluna
|-damage|p2b: Ursaluna|58/100 brn
|-damage|p2b: Ursaluna|41/100 brn
|-damage|p2b: Ursaluna|22/100 brn
|-damage|p2b: Ursaluna|3/100 brn
|-hitcount|p2b: Ursaluna|4
|-unboost|p1b: Hideri|def|1
|-boost|p1b: Hideri|spe|1
|move|p1a: Astolfo|Make It Rain|p2b: Ursaluna|[spread] p2a,p2b
|-resisted|p2a: Torkoal
|-damage|p2a: Torkoal|70/100
|-damage|p2b: Ursaluna|0 fnt
|-unboost|p1a: Astolfo|spa|1
|faint|p2b: Ursaluna
|
|-weather|SunnyDay|[upkeep]
|upkeep
|
|t:|1756501727
|switch|p2b: Charizard|Charizard, L50, M, shiny|100/100
|turn|7
|
|t:|1756501751
|move|p1b: Hideri|Scale Shot|p2b: Charizard
|-damage|p2b: Charizard|78/100
|-damage|p2b: Charizard|55/100
|-damage|p2b: Charizard|33/100
|-damage|p2b: Charizard|12/100
|-damage|p2b: Charizard|0 fnt
|faint|p2b: Charizard
|-hitcount|p2: Charizard|5
|-unboost|p1b: Hideri|def|1
|-boost|p1b: Hideri|spe|1
|move|p1a: Astolfo|Shadow Ball|p2a: Torkoal
|-damage|p2a: Torkoal|34/100
|move|p2a: Torkoal|Overheat|p1b: Hideri
|-resisted|p1b: Hideri
|-damage|p1b: Hideri|78/100
|-unboost|p2a: Torkoal|spa|2
|
|-weather|SunnyDay|[upkeep]
|upkeep
|turn|8
|-message|Needels forfeited.
|
|win|LaMuccaDiMosca
|raw|LaMuccaDiMosca's rating: 1140 → 1161(+21 for winning)
|raw|Needels's rating: 1091 → 1071(-20 for losing)
