|j|☆TrevenantHugger
|j|☆fustor
|html|TrevenantHuggerfustor    
|uhtml|bestof|Game 3 of a best-of-3
|t:|1756554386
|gametype|doubles
|player|p1|TrevenantHugger|266|1174
|player|p2|fustor|170|1105
|gen|9
|tier|[Gen 9] VGC 2025 Reg H (Bo3)
|rated|
|rule|Species Clause: Limit one of each Pokémon
|rule|Item Clause: Limit 1 of each item
|clearpoke
|poke|p1|Incineroar, L50, M|
|poke|p1|Ursaluna, L50, F|
|poke|p1|Annihilape, L50, F|
|poke|p1|Sinistcha-Masterpiece, L50|
|poke|p1|Primarina, L50, F|
|poke|p1|Raichu, L50, M|
|poke|p2|Charizard, L50, F|
|poke|p2|Torkoal, L50, M|
|poke|p2|Porygon2, L50|
|poke|p2|Incineroar, L50, F|
|poke|p2|Jumpluff, L50, M|
|poke|p2|Ursaluna, L50, M|
|teampreview|4
|showteam|p1|Incineroar||AssaultVest|Intimidate|FakeOut,Uturn,FlareBlitz,KnockOff|||M|||50|,,,,,Grass]Ursaluna||FlameOrb|Guts|Protect,Facade,HeadlongRush,Earthquake|||F|||50|,,,,,Dark]Annihilape||Leftovers|Defiant|DrainPunch,RageFist,Protect,BulkUp|||F|||50|,,,,,Fire]Sinistcha-Masterpiece||RockyHelmet|Hospitality|MatchaGotcha,TrickRoom,RagePowder,StrengthSap||||||50|,,,,,Fire]Primarina||SitrusBerry|LiquidVoice|Protect,HyperVoice,Moonblast,CalmMind|||F|||50|,,,,,Fairy]Raichu||FocusSash|LightningRod|FakeOut,VoltSwitch,Encore,Nuzzle|||M|||50|,,,,,Electric
|showteam|p2|Charizard||ChoiceSpecs|SolarPower|HeatWave,Overheat,WeatherBall,AirSlash|||F|||50|,,,,,Ghost]Torkoal||EjectPack|Drought|Eruption,Overheat,HelpingHand,Protect|||M|||50|,,,,,Fire]Porygon2||Eviolite|Download|TeraBlast,IceBeam,Recover,TrickRoom||||||50|,,,,,Fighting]Incineroar||SitrusBerry|Intimidate|FlareBlitz,KnockOff,FakeOut,PartingShot|||F|||50|,,,,,Ghost]Jumpluff||CovertCloak|Chlorophyll|SleepPowder,SunnyDay,RagePowder,Tailwind|||M|||50|,,,,,Water]Ursaluna||FlameOrb|Guts|HeadlongRush,Facade,Earthquake,Protect|||M|||50|,,,,,Ghost
|inactive|Battle timer is ON: inactive players will automatically lose when time's up. (requested by TrevenantHugger)
|inactive|fustor has 60 seconds left.
|
|t:|1756554437
|teamsize|p1|4
|teamsize|p2|4
|start
|switch|p1a: Incineroar|Incineroar, L50, M|100/100
|switch|p1b: Primarina|Primarina, L50, F|100/100
|switch|p2a: Jumpluff|Jumpluff, L50, M|100/100
|switch|p2b: Ursaluna|Ursaluna, L50, M|100/100
|-ability|p1a: Incineroar|Intimidate|boost
|-unboost|p2a: Jumpluff|atk|1
|-unboost|p2b: Ursaluna|atk|1
|turn|1
|inactive|fustor has 30 seconds left.
|
|t:|1756554465
|-terastallize|p2b: Ursaluna|Ghost
|move|p2a: Jumpluff|Sleep Powder|p1b: Primarina|[miss]
|-miss|p2a: Jumpluff|p1b: Primarina
|move|p2b: Ursaluna|Earthquake|p1b: Primarina|[spread] p1a,p1b
|-immune|p2a: Jumpluff
|-supereffective|p1a: Incineroar
|-damage|p1a: Incineroar|53/100
|-damage|p1b: Primarina|71/100
|move|p1b: Primarina|Hyper Voice|p2b: Ursaluna|[spread] p2a,p2b
|-resisted|p2a: Jumpluff
|-damage|p2a: Jumpluff|84/100
|-damage|p2b: Ursaluna|70/100
|move|p1a: Incineroar|Flare Blitz|p2a: Jumpluff
|-supereffective|p2a: Jumpluff
|-crit|p2a: Jumpluff
|-damage|p2a: Jumpluff|0 fnt
|faint|p2a: Jumpluff
|-damage|p1a: Incineroar|28/100|[from] Recoil
|
|-status|p2b: Ursaluna|brn|[from] item: Flame Orb
|upkeep
|
|t:|1756554484
|switch|p2a: Charizard|Charizard, L50, F|100/100
|turn|2
|
|t:|1756554497
|switch|p1a: Ursaluna|Ursaluna, L50, F|100/100
|move|p1b: Primarina|Protect|p1b: Primarina
|-singleturn|p1b: Primarina|Protect
|move|p2a: Charizard|Overheat|p1b: Primarina
|-activate|p1b: Primarina|move: Protect
|move|p2b: Ursaluna|Earthquake|p1a: Ursaluna|[spread] p1a
|-activate|p1b: Primarina|move: Protect
|-immune|p2a: Charizard
|-damage|p1a: Ursaluna|69/100
|
|-damage|p2b: Ursaluna|65/100 brn|[from] brn
|-status|p1a: Ursaluna|brn|[from] item: Flame Orb
|upkeep
|turn|3
|inactive|fustor has 30 seconds left.
|
|t:|1756554527
|switch|p2b: Porygon2|Porygon2, L50|100/100
|-ability|p2b: Porygon2|Download|boost
|-boost|p2b: Porygon2|atk|1
|move|p1a: Ursaluna|Protect|p1a: Ursaluna
|-singleturn|p1a: Ursaluna|Protect
|move|p2a: Charizard|Overheat|p1b: Primarina
|-resisted|p1b: Primarina
|-damage|p1b: Primarina|33/100
|-unboost|p2a: Charizard|spa|2
|-enditem|p1b: Primarina|Sitrus Berry|[eat]
|-heal|p1b: Primarina|57/100|[from] item: Sitrus Berry
|move|p1b: Primarina|Hyper Voice|p2a: Charizard|[spread] p2a,p2b
|-supereffective|p2a: Charizard
|-damage|p2a: Charizard|13/100
|-damage|p2b: Porygon2|80/100
|
|-damage|p1a: Ursaluna|63/100 brn|[from] brn
|upkeep
|turn|4
|
|t:|1756554548
|switch|p2a: Ursaluna|Ursaluna, L50, M, tera:Ghost|65/100 brn
|move|p2b: Porygon2|Ice Beam|p1a: Ursaluna
|-supereffective|p1a: Ursaluna
|-damage|p1a: Ursaluna|19/100 brn
|move|p1b: Primarina|Hyper Voice|p2a: Ursaluna|[spread] p2a,p2b
|-damage|p2a: Ursaluna|33/100 brn
|-damage|p2b: Porygon2|57/100
|move|p1a: Ursaluna|Facade|p2b: Porygon2
|-damage|p2b: Porygon2|0 fnt
|faint|p2b: Porygon2
|
|-damage|p2a: Ursaluna|27/100 brn|[from] brn
|-damage|p1a: Ursaluna|13/100 brn|[from] brn
|upkeep
|
|t:|1756554561
|switch|p2b: Charizard|Charizard, L50, F|13/100
|turn|5
|
|t:|1756554569
|move|p1b: Primarina|Protect|p1b: Primarina
|-singleturn|p1b: Primarina|Protect
|move|p2b: Charizard|Heat Wave|p1b: Primarina|[spread] p1a
|-activate|p1b: Primarina|move: Protect
|-damage|p1a: Ursaluna|0 fnt
|faint|p1a: Ursaluna
|move|p2a: Ursaluna|Facade|p1b: Primarina
|-activate|p1b: Primarina|move: Protect
|
|-damage|p2a: Ursaluna|22/100 brn|[from] brn
|upkeep
|
|t:|1756554571
|switch|p1a: Incineroar|Incineroar, L50, M|28/100
|-ability|p1a: Incineroar|Intimidate|boost
|-unboost|p2a: Ursaluna|atk|1
|-unboost|p2b: Charizard|atk|1
|turn|6
|
|t:|1756554591
|move|p1a: Incineroar|Fake Out|p2b: Charizard
|-damage|p2b: Charizard|0 fnt
|faint|p2b: Charizard
|move|p2a: Ursaluna|Facade|p1b: Primarina
|-damage|p1b: Primarina|0 fnt
|faint|p1b: Primarina
|
|-damage|p2a: Ursaluna|16/100 brn|[from] brn
|upkeep
|c|☆TrevenantHugger|gg i think
|
|t:|1756554600
|switch|p1b: Annihilape|Annihilape, L50, F|100/100
|turn|7
|
|t:|1756554605
|move|p1b: Annihilape|Rage Fist|p2a: Ursaluna
|-supereffective|p2a: Ursaluna
|-damage|p2a: Ursaluna|0 fnt
|faint|p2a: Ursaluna
|
|win|TrevenantHugger
|raw|TrevenantHugger's rating: 1174 → 1194(+20 for winning)
|raw|fustor's rating: 1105 → 1085(-20 for losing)
