|j|☆DrXJ13
|j|☆Spiritneko666
|html|DrXJ13Spiritneko666    
|uhtml|bestof|Game 3 of a best-of-3
|t:|1755895862
|gametype|doubles
|player|p1|DrXJ13|101|1186
|player|p2|Spiritneko666|psychic-gen4|1223
|gen|9
|tier|[Gen 9] VGC 2025 Reg H (Bo3)
|rated|
|rule|Species Clause: Limit one of each Pokémon
|rule|Item Clause: Limit 1 of each item
|clearpoke
|poke|p1|Sinistcha, L50|
|poke|p1|Ursaluna-Bloodmoon, L50, M|
|poke|p1|Incineroar, L50, M|
|poke|p1|Sneasler, L50, M|
|poke|p1|Dragonite, L50, F|
|poke|p1|Corviknight, L50, M|
|poke|p2|Sneasler, L50, F|
|poke|p2|Indeedee, L50, M|
|poke|p2|Ursaluna-Bloodmoon, L50, M|
|poke|p2|Electabuzz, L50, F|
|poke|p2|Incineroar, L50, M|
|poke|p2|Talonflame, L50, M|
|teampreview|4
|showteam|p1|Sinistcha||RockyHelmet|Hospitality|MatchaGotcha,ShadowBall,TrickRoom,RagePowder||||||50|,,,,,Water]Ursaluna-Bloodmoon||Leftovers|MindsEye|HyperVoice,EarthPower,CalmMind,Protect|||M|||50|,,,,,Dragon]Incineroar||SafetyGoggles|Intimidate|FakeOut,KnockOff,FlareBlitz,PartingShot|||M|||50|,,,,,Ghost]Sneasler||FocusSash|Unburden|Coaching,DireClaw,CloseCombat,Protect|||M|||50|,,,,,Stellar]Dragonite||LoadedDice|Multiscale|ScaleShot,ExtremeSpeed,Haze,Protect|||F|||50|,,,,,Fairy]Corviknight||CovertCloak|MirrorArmor|DualWingbeat,Tailwind,IronHead,Taunt|||M|||50|,,,,,Dragon
|showteam|p2|Sneasler||PsychicSeed|Unburden|CloseCombat,DireClaw,ThroatChop,Protect|||F|||50|,,,,,Dark]Indeedee||FocusSash|PsychicSurge|ExpandingForce,TrickRoom,HelpingHand,Protect|||M|||50|,,,,,Psychic]Ursaluna-Bloodmoon||LifeOrb|MindsEye|BloodMoon,HyperVoice,EarthPower,Protect|||M|||50|,,,,,Normal]Electabuzz||Eviolite|VitalSpirit|Electroweb,FollowMe,Taunt,Protect|||F|||50|,,,,,Dragon]Incineroar||SafetyGoggles|Intimidate|FlareBlitz,KnockOff,PartingShot,FakeOut|||M|||50|,,,,,Ghost]Talonflame||CovertCloak|GaleWings|FlareBlitz,DualWingbeat,WillOWisp,Tailwind|||M|||50|,,,,,Fairy
|inactive|Battle timer is ON: inactive players will automatically lose when time's up. (requested by Spiritneko666)
|inactive|DrXJ13 also wants the timer to be on.
|inactive|DrXJ13 has 60 seconds left.
|inactive|Spiritneko666 has 60 seconds left.
|inactive|Spiritneko666 has 30 seconds left.
|inactive|Spiritneko666 has 20 seconds left.
|inactive|Spiritneko666 has 15 seconds left.
|
|t:|1755895941
|teamsize|p1|4
|teamsize|p2|4
|start
|switch|p1a: Wellington|Ursaluna-Bloodmoon, L50, M|100/100
|switch|p1b: Toño|Incineroar, L50, M|100/100
|switch|p2a: Ursaluna|Ursaluna-Bloodmoon, L50, M|100/100
|switch|p2b: Indeedee|Indeedee, L50, M|100/100
|-fieldstart|move: Psychic Terrain|[from] ability: Psychic Surge|[of] p2b: Indeedee
|-ability|p1b: Toño|Intimidate|boost
|-unboost|p2a: Ursaluna|atk|1
|-unboost|p2b: Indeedee|atk|1
|turn|1
|
|t:|1755895966
|switch|p2b: Sneasler|Sneasler, L50, F|100/100
|-enditem|p2b: Sneasler|Psychic Seed
|-boost|p2b: Sneasler|spd|1|[from] item: Psychic Seed
|switch|p1b: Maximiliano|Corviknight, L50, M|100/100
|move|p1a: Wellington|Protect|p1a: Wellington
|-singleturn|p1a: Wellington|Protect
|move|p2a: Ursaluna|Earth Power|p1b: Maximiliano
|-immune|p1b: Maximiliano
|
|upkeep
|turn|2
|
|t:|1755895990
|switch|p1a: Toño|Incineroar, L50, M|100/100
|-ability|p1a: Toño|Intimidate|boost
|-unboost|p2a: Ursaluna|atk|1
|-unboost|p2b: Sneasler|atk|1
|move|p2b: Sneasler|Close Combat|p1a: Toño
|-supereffective|p1a: Toño
|-damage|p1a: Toño|25/100
|-unboost|p2b: Sneasler|def|1
|-unboost|p2b: Sneasler|spd|1
|move|p1b: Maximiliano|Tailwind|p1b: Maximiliano
|-sidestart|p1: DrXJ13|move: Tailwind
|move|p2a: Ursaluna|Hyper Voice|p1a: Toño|[spread] p1a,p1b
|-resisted|p1b: Maximiliano
|-damage|p1a: Toño|0 fnt
|-damage|p1b: Maximiliano|72/100
|faint|p1a: Toño
|-damage|p2a: Ursaluna|91/100|[from] item: Life Orb
|
|upkeep
|
|t:|1755896002
|switch|p1a: Onichan|Dragonite, L50, F|100/100
|turn|3
|inactive|Spiritneko666 has 30 seconds left.
|inactive|Spiritneko666 has 20 seconds left.
|inactive|Spiritneko666 has 15 seconds left.
|
|t:|1755896046
|switch|p2a: Electabuzz|Electabuzz, L50, F|100/100
|move|p2b: Sneasler|Dire Claw|p1a: Onichan
|-damage|p1a: Onichan|83/100
|move|p1a: Onichan|Scale Shot|p2b: Sneasler|[miss]
|-miss|p1a: Onichan|p2b: Sneasler
|move|p1b: Maximiliano|Dual Wingbeat|p2a: Electabuzz
|-resisted|p2a: Electabuzz
|-damage|p2a: Electabuzz|93/100
|-resisted|p2a: Electabuzz
|-damage|p2a: Electabuzz|85/100
|-hitcount|p2a: Electabuzz|2
|
|upkeep
|turn|4
|
|t:|1755896067
|switch|p1b: Wellington|Ursaluna-Bloodmoon, L50, M|100/100
|move|p2b: Sneasler|Protect|p2b: Sneasler
|-singleturn|p2b: Sneasler|Protect
|move|p1a: Onichan|Scale Shot|p2b: Sneasler
|-activate|p2b: Sneasler|move: Protect
|move|p2a: Electabuzz|Electroweb|p1b: Wellington|[spread] p1a
|-immune|p1b: Wellington
|-damage|p1a: Onichan|69/100
|-unboost|p1a: Onichan|spe|1
|
|upkeep
|turn|5
|
|t:|1755896090
|move|p2a: Electabuzz|Follow Me|p2a: Electabuzz
|-singleturn|p2a: Electabuzz|move: Follow Me
|move|p2b: Sneasler|Close Combat|p1b: Wellington
|-supereffective|p1b: Wellington
|-damage|p1b: Wellington|33/100
|-unboost|p2b: Sneasler|def|1
|-unboost|p2b: Sneasler|spd|1
|move|p1a: Onichan|Scale Shot|p2a: Electabuzz|[miss]
|-miss|p1a: Onichan|p2a: Electabuzz
|move|p1b: Wellington|Hyper Voice|p2b: Sneasler|[spread] p2a,p2b
|-damage|p2a: Electabuzz|55/100
|-damage|p2b: Sneasler|29/100
|
|-heal|p1b: Wellington|39/100|[from] item: Leftovers
|-sideend|p1: DrXJ13|move: Tailwind
|-fieldend|move: Psychic Terrain
|upkeep
|turn|6
|inactive|Spiritneko666 has 30 seconds left.
|
|t:|1755896117
|switch|p1b: Maximiliano|Corviknight, L50, M|72/100
|move|p2a: Electabuzz|Follow Me|p2a: Electabuzz
|-singleturn|p2a: Electabuzz|move: Follow Me
|move|p2b: Sneasler|Close Combat|p1b: Maximiliano
|-damage|p1b: Maximiliano|32/100
|-unboost|p2b: Sneasler|def|1
|-unboost|p2b: Sneasler|spd|1
|move|p1a: Onichan|Scale Shot|p2a: Electabuzz|[miss]
|-miss|p1a: Onichan|p2a: Electabuzz
|
|upkeep
|turn|7
|
|t:|1755896130
|move|p2a: Electabuzz|Follow Me|p2a: Electabuzz
|-singleturn|p2a: Electabuzz|move: Follow Me
|move|p2b: Sneasler|Close Combat|p1b: Maximiliano
|-damage|p1b: Maximiliano|0 fnt
|-unboost|p2b: Sneasler|def|1
|-unboost|p2b: Sneasler|spd|1
|faint|p1b: Maximiliano
|move|p1a: Onichan|Scale Shot|p2a: Electabuzz
|-damage|p2a: Electabuzz|39/100
|-damage|p2a: Electabuzz|24/100
|-crit|p2a: Electabuzz
|-damage|p2a: Electabuzz|0 fnt
|faint|p2a: Electabuzz
|-hitcount|p2: Electabuzz|3
|-unboost|p1a: Onichan|def|1
|-boost|p1a: Onichan|spe|1
|
|upkeep
|
|t:|1755896148
|switch|p2a: Indeedee|Indeedee, L50, M|100/100
|switch|p1b: Wellington|Ursaluna-Bloodmoon, L50, M|39/100
|-fieldstart|move: Psychic Terrain|[from] ability: Psychic Surge|[of] p2a: Indeedee
|turn|8
|
|t:|1755896169
|move|p1b: Wellington|Protect|p1b: Wellington
|-singleturn|p1b: Wellington|Protect
|move|p2b: Sneasler|Dire Claw|p1a: Onichan
|-damage|p1a: Onichan|17/100
|-status|p1a: Onichan|psn
|move|p2a: Indeedee|Expanding Force|p1a: Onichan|[spread] p1a
|-activate|p1b: Wellington|move: Protect
|-damage|p1a: Onichan|0 fnt
|faint|p1a: Onichan
|
|-heal|p1b: Wellington|46/100|[from] item: Leftovers
|upkeep
|turn|9
|-message|DrXJ13 forfeited.
|
|win|Spiritneko666
|raw|DrXJ13's rating: 1186 → 1164(-22 for losing)
|raw|Spiritneko666's rating: 1223 → 1245(+22 for winning)
|l|☆DrXJ13
|player|p1|
