|j|☆Ludikrik
|j|☆King_shuckle17
|html|LudikrikKing_shuckle17    
|uhtml|bestof|Game 2 of a best-of-3
|t:|1756582316
|gametype|doubles
|player|p1|Ludikrik|chili|1122
|player|p2|King_shuckle17|lusamine-masters|1130
|gen|9
|tier|[Gen 9] VGC 2025 Reg H (Bo3)
|rated|
|rule|Species Clause: Limit one of each Pokémon
|rule|Item Clause: Limit 1 of each item
|clearpoke
|poke|p1|Porygon2, L50|
|poke|p1|Primarina, L50, M|
|poke|p1|Archaludon, L50, M|
|poke|p1|Ursaluna, L50, F|
|poke|p1|Vivillon-Elegant, L50, F|
|poke|p1|Incineroar, L50, F|
|poke|p2|Garchomp, L50, M|
|poke|p2|Gholdengo, L50|
|poke|p2|Electabuzz, L50, M|
|poke|p2|Talonflame, L50, F|
|poke|p2|Annihilape, L50, M|
|poke|p2|Gyarados, L50, M|
|teampreview|4
|showteam|p1|Porygon2||Eviolite|Download|TeraBlast,IceBeam,Recover,TrickRoom||||||50|,,,,,Fighting]Primarina||LifeOrb|LiquidVoice|HyperVoice,Moonblast,Haze,Protect|||M|||50|,,,,,Poison]Archaludon||PowerHerb|Sturdy|ElectroShot,DracoMeteor,FlashCannon,Protect|||M|||50|,,,,,Stellar]Ursaluna||FlameOrb|Guts|HeadlongRush,Facade,Earthquake,Protect|||F|||50|,,,,,Ghost]Vivillon-Elegant||FocusSash|CompoundEyes|Hurricane,SleepPowder,Tailwind,Protect|||F|||50|,,,,,Ghost]Incineroar||AssaultVest|Intimidate|FakeOut,FlareBlitz,Uturn,KnockOff|||F|||50|,,,,,Grass
|showteam|p2|Garchomp||LifeOrb|RoughSkin|Earthquake,DragonClaw,Protect,StompingTantrum|||M|||50|,,,,,Ground]Gholdengo||MetalCoat|GoodasGold|MakeItRain,Protect,ShadowBall,NastyPlot||||||50|,,,,,Flying]Electabuzz||Eviolite|VitalSpirit|VoltSwitch,Taunt,Protect,FollowMe|||M|||50|,,,,,Ghost]Talonflame||CovertCloak|GaleWings|BraveBird,Taunt,WillOWisp,Tailwind|||F|||50|,,,,,Grass]Annihilape||ChoiceScarf|Defiant|FinalGambit,Coaching,CloseCombat,ShadowClaw|||M|||50|,,,,,Grass]Gyarados||ClearAmulet|Intimidate|TeraBlast,ThunderWave,Protect,Waterfall|||M|||50|,,,,,Flying
|
|t:|1756582325
|teamsize|p1|4
|teamsize|p2|4
|start
|switch|p1a: Nino|Vivillon-Elegant, L50, F|100/100
|switch|p1b: TomDuck12|Porygon2, L50|100/100
|switch|p2a: Gholdengo|Gholdengo, L50|100/100
|switch|p2b: Ziro|Annihilape, L50, M, shiny|100/100
|-ability|p1b: TomDuck12|Download|boost
|-boost|p1b: TomDuck12|spa|1
|turn|1
|
|t:|1756582341
|move|p2b: Ziro|Close Combat|p1a: Nino
|-resisted|p1a: Nino
|-damage|p1a: Nino|77/100
|-unboost|p2b: Ziro|def|1
|-unboost|p2b: Ziro|spd|1
|move|p1a: Nino|Sleep Powder|p2b: Ziro
|-status|p2b: Ziro|slp|[from] move: Sleep Powder
|move|p2a: Gholdengo|Make It Rain|p1b: TomDuck12|[spread] p1a,p1b
|-damage|p1a: Nino|0 fnt
|-damage|p1b: TomDuck12|63/100
|-unboost|p2a: Gholdengo|spa|1
|faint|p1a: Nino
|move|p1b: TomDuck12|Trick Room|p1b: TomDuck12
|-fieldstart|move: Trick Room|[of] p1b: TomDuck12
|
|upkeep
|
|t:|1756582350
|switch|p1a: My bad|Ursaluna, L50, F|100/100
|turn|2
|
|t:|1756582387
|move|p2a: Gholdengo|Protect|p2a: Gholdengo
|-singleturn|p2a: Gholdengo|Protect
|move|p1b: TomDuck12|Recover|p1b: TomDuck12
|-heal|p1b: TomDuck12|100/100
|move|p1a: My bad|Earthquake|p2b: Ziro|[spread] p1b,p2b
|-activate|p2a: Gholdengo|move: Protect
|-crit|p1b: TomDuck12
|-damage|p1b: TomDuck12|55/100
|-damage|p2b: Ziro|42/100 slp
|cant|p2b: Ziro|slp
|
|-status|p1a: My bad|brn|[from] item: Flame Orb
|upkeep
|turn|3
|
|t:|1756582416
|-terastallize|p2a: Gholdengo|Flying
|move|p1b: TomDuck12|Ice Beam|p2b: Ziro
|-damage|p2b: Ziro|0 fnt
|faint|p2b: Ziro
|move|p1a: My bad|Facade|p2a: Gholdengo
|-damage|p2a: Gholdengo|0 fnt
|faint|p2a: Gholdengo
|
|-damage|p1a: My bad|95/100 brn|[from] brn
|upkeep
|
|t:|1756582420
|switch|p2a: harder|Garchomp, L50, M|100/100
|switch|p2b: Electabuzz|Electabuzz, L50, M|100/100
|turn|4
|
|t:|1756582434
|move|p2b: Electabuzz|Follow Me|p2b: Electabuzz
|-singleturn|p2b: Electabuzz|move: Follow Me
|move|p1b: TomDuck12|Recover|p1b: TomDuck12
|-heal|p1b: TomDuck12|100/100
|move|p1a: My bad|Earthquake|p2a: harder|[spread] p1b,p2a,p2b
|-supereffective|p2b: Electabuzz
|-damage|p1b: TomDuck12|55/100
|-damage|p2a: harder|29/100
|-damage|p2b: Electabuzz|0 fnt
|faint|p2b: Electabuzz
|move|p2a: harder|Earthquake|p1b: TomDuck12|[spread] p1a,p1b
|-crit|p1b: TomDuck12
|-damage|p1a: My bad|52/100 brn
|-damage|p1b: TomDuck12|4/100
|-damage|p2a: harder|19/100|[from] item: Life Orb
|
|-damage|p1a: My bad|46/100 brn|[from] brn
|upkeep
|turn|5
|
|t:|1756582444
|move|p2a: harder|Protect|p2a: harder
|-singleturn|p2a: harder|Protect
|move|p1b: TomDuck12|Recover|p1b: TomDuck12
|-heal|p1b: TomDuck12|54/100
|move|p1a: My bad|Headlong Rush|p2a: harder
|-activate|p2a: harder|move: Protect
|
|-damage|p1a: My bad|41/100 brn|[from] brn
|-fieldend|move: Trick Room
|upkeep
|turn|6
|
|t:|1756582448
|move|p2a: harder|Earthquake|p1b: TomDuck12|[spread] p1a,p1b
|-damage|p1a: My bad|2/100 brn
|-damage|p1b: TomDuck12|22/100
|-damage|p2a: harder|10/100|[from] item: Life Orb
|move|p1a: My bad|Facade|p2a: harder
|-damage|p2a: harder|0 fnt
|-damage|p1a: My bad|0 fnt|[from] ability: Rough Skin|[of] p2a: harder
|faint|p2a: harder
|faint|p1a: My bad
|
|win|Ludikrik
||King_shuckle17 is ready for game 3.
||Ludikrik is ready for game 3.
|uhtml|next|Next: Game 3 of 3
