|j|☆Mortipherus
|j|☆tbone603
|html|Mortipherustbone603    
|uhtml|bestof|Game 2 of a best-of-3
|t:|1756496015
|gametype|doubles
|player|p1|Mortipherus|biker-gen4|1108
|player|p2|tbone603|102|1023
|gen|9
|tier|[Gen 9] VGC 2025 Reg H (Bo3)
|rated|
|rule|Species Clause: Limit one of each Pokémon
|rule|Item Clause: Limit 1 of each item
|clearpoke
|poke|p1|Hydrapple, L50, F|
|poke|p1|Arcanine-Hisui, L50, M|
|poke|p1|Gholdengo, L50|
|poke|p1|Electabuzz, L50, M|
|poke|p1|Indeedee, L50, M|
|poke|p1|Sneasler, L50, F|
|poke|p2|Orthworm, L50, F|
|poke|p2|Indeedee, L50, M|
|poke|p2|Garchomp, L50, F|
|poke|p2|Typhlosion-Hisui, L50, M|
|poke|p2|Gholdengo, L50|
|poke|p2|Murkrow, L50, F|
|teampreview|4
|showteam|p1|Hydrapple||AssaultVest|Regenerator|FickleBeam,EnergyBall,EarthPower,BreakingSwipe|||F|||50|,,,,,Ground]Arcanine-Hisui||ClearAmulet|Intimidate|Protect,ExtremeSpeed,FlareBlitz,RockSlide|||M|||50|,,,,,Grass]Gholdengo||LifeOrb|GoodasGold|Protect,NastyPlot,MakeItRain,ShadowBall||||||50|,,,,,Flying]Electabuzz||Eviolite|VitalSpirit|Protect,FollowMe,Taunt,Electroweb|||M|||50|,,,,,Dragon]Indeedee||FocusSash|PsychicSurge|Protect,TrickRoom,ExpandingForce,TeraBlast|||M|||50|,,,,,Ground]Sneasler||PsychicSeed|Unburden|Protect,ThroatChop,DireClaw,CloseCombat|||F|||50|,,,,,Dark
|showteam|p2|Orthworm||SafetyGoggles|EarthEater|ShedTail,BodyPress,HelpingHand,SmackDown|||F|||50|,,,,,Electric]Indeedee||ChoiceScarf|PsychicSurge|ExpandingForce,HyperVoice,TeraBlast,Trick|||M|||50|,,,,,Fighting]Garchomp||ChoiceBand|RoughSkin|Outrage,RockSlide,Earthquake,StompingTantrum|||F|||50|,,,,,Ground]Typhlosion-Hisui||FocusSash|Blaze|Protect,Overheat,ShadowBall,Eruption|||M|||50|,,,,,Fire]Gholdengo||AssaultVest|GoodasGold|MakeItRain,ShadowBall,Thunderbolt,PowerGem||||||50|,,,,,Flying]Murkrow||Eviolite|Prankster|SunnyDay,Haze,Tailwind,FoulPlay|||F|||50|,,,,,Ghost
|inactive|Battle timer is ON: inactive players will automatically lose when time's up. (requested by tbone603)
|
|t:|1756496036
|teamsize|p1|4
|teamsize|p2|4
|start
|switch|p1a: Indeedee|Indeedee, L50, M|100/100
|switch|p1b: Arcanine|Arcanine-Hisui, L50, M|100/100
|switch|p2a: Indeedee|Indeedee, L50, M|100/100
|switch|p2b: Garchomp|Garchomp, L50, F|100/100
|-fieldstart|move: Psychic Terrain|[from] ability: Psychic Surge|[of] p2a: Indeedee
|-ability|p1b: Arcanine|Intimidate|boost
|-unboost|p2a: Indeedee|atk|1
|-unboost|p2b: Garchomp|atk|1
|turn|1
|inactive|Mortipherus has 30 seconds left.
|
|t:|1756496066
|move|p1a: Indeedee|Protect|p1a: Indeedee
|-singleturn|p1a: Indeedee|Protect
|move|p1b: Arcanine|Protect|p1b: Arcanine
|-singleturn|p1b: Arcanine|Protect
|move|p2a: Indeedee|Expanding Force|p1b: Arcanine|[spread] 
|-activate|p1a: Indeedee|move: Protect
|-activate|p1b: Arcanine|move: Protect
|move|p2b: Garchomp|Stomping Tantrum|p1a: Indeedee
|-activate|p1a: Indeedee|move: Protect
|
|upkeep
|turn|2
|
|t:|1756496085
|switch|p1a: Hydrapple|Hydrapple, L50, F|100/100
|move|p2a: Indeedee|Expanding Force|p1a: Hydrapple|[spread] p1a,p1b
|-crit|p1b: Arcanine
|-damage|p1a: Hydrapple|62/100
|-damage|p1b: Arcanine|3/100
|move|p2b: Garchomp|Stomping Tantrum|p1a: Hydrapple
|-resisted|p1a: Hydrapple
|-damage|p1a: Hydrapple|49/100
|move|p1b: Arcanine|Rock Slide|p2b: Garchomp|[spread] p2a,p2b
|-resisted|p2b: Garchomp
|-damage|p2a: Indeedee|51/100
|-damage|p2b: Garchomp|88/100
|
|upkeep
|turn|3
|
|t:|1756496104
|switch|p2b: Gholdengo|Gholdengo, L50|100/100
|move|p1b: Arcanine|Protect|p1b: Arcanine
|-singleturn|p1b: Arcanine|Protect
|move|p2a: Indeedee|Expanding Force|p1a: Hydrapple|[spread] p1a
|-activate|p1b: Arcanine|move: Protect
|-damage|p1a: Hydrapple|13/100
|move|p1a: Hydrapple|Fickle Beam|p2a: Indeedee
|-damage|p2a: Indeedee|0 fnt
|faint|p2a: Indeedee
|
|upkeep
|
|t:|1756496111
|switch|p2a: Murkrow|Murkrow, L50, F|100/100
|turn|4
|
|t:|1756496134
|switch|p1a: Sneasler|Sneasler, L50, F|100/100
|-enditem|p1a: Sneasler|Psychic Seed
|-boost|p1a: Sneasler|spd|1|[from] item: Psychic Seed
|move|p1b: Arcanine|Extreme Speed|p2a: Murkrow
|-hint|Psychic Terrain doesn't affect Pokémon immune to Ground.
|-damage|p2a: Murkrow|78/100
|move|p2a: Murkrow|Tailwind|p2a: Murkrow
|-sidestart|p2: tbone603|move: Tailwind
|move|p2b: Gholdengo|Make It Rain|p1b: Arcanine|[spread] p1a,p1b
|-crit|p1a: Sneasler
|-damage|p1a: Sneasler|6/100
|-damage|p1b: Arcanine|0 fnt
|-unboost|p2b: Gholdengo|spa|1
|faint|p1b: Arcanine
|
|upkeep
|
|t:|1756496151
|switch|p1b: Indeedee|Indeedee, L50, M|100/100
|turn|5
|
|t:|1756496170
|move|p2a: Murkrow|Haze|p2a: Murkrow
|-clearallboost
|move|p1a: Sneasler|Throat Chop|p2b: Gholdengo
|-supereffective|p2b: Gholdengo
|-damage|p2b: Gholdengo|42/100
|-start|p2b: Gholdengo|Throat Chop|[silent]
|move|p2b: Gholdengo|Make It Rain|p1a: Sneasler|[spread] p1a,p1b
|-damage|p1a: Sneasler|0 fnt
|-damage|p1b: Indeedee|27/100
|-unboost|p2b: Gholdengo|spa|1
|faint|p1a: Sneasler
|move|p1b: Indeedee|Trick Room|p1b: Indeedee
|-fieldstart|move: Trick Room|[of] p1b: Indeedee
|
|-fieldend|move: Psychic Terrain
|upkeep
|
|t:|1756496182
|switch|p1a: Hydrapple|Hydrapple, L50, F|46/100
|turn|6
|inactive|Mortipherus has 30 seconds left.
|
|t:|1756496211
|move|p1a: Hydrapple|Fickle Beam|p2b: Gholdengo
|-resisted|p2b: Gholdengo
|-damage|p2b: Gholdengo|28/100
|move|p1b: Indeedee|Expanding Force|p2b: Gholdengo
|-resisted|p2b: Gholdengo
|-damage|p2b: Gholdengo|16/100
|move|p2b: Gholdengo|Make It Rain|p1b: Indeedee|[spread] p1a,p1b
|-damage|p1a: Hydrapple|27/100
|-damage|p1b: Indeedee|0 fnt
|-unboost|p2b: Gholdengo|spa|1
|faint|p1b: Indeedee
|move|p2a: Murkrow|Foul Play|p1a: Hydrapple
|-damage|p1a: Hydrapple|4/100
|
|-end|p2b: Gholdengo|Throat Chop|[silent]
|upkeep
|turn|7
|inactive|tbone603 has 30 seconds left.
|inactive|tbone603 has 20 seconds left.
|
|t:|1756496247
|move|p1a: Hydrapple|Earth Power|p2b: Gholdengo
|-supereffective|p2b: Gholdengo
|-damage|p2b: Gholdengo|0 fnt
|faint|p2b: Gholdengo
|move|p2a: Murkrow|Foul Play|p1a: Hydrapple
|-damage|p1a: Hydrapple|0 fnt
|faint|p1a: Hydrapple
|
|win|tbone603
||tbone603 is ready for game 3.
||Mortipherus is ready for game 3.
|uhtml|next|Next: Game 3 of 3
