|j|☆p16jm
|j|☆NotThinkingVGC
|html|p16jmNotThinkingVGC    
|uhtml|bestof|Game 1 of a best-of-3
|t:|1783184557
|gametype|doubles
|player|p1|p16jm|266|1098
|player|p2|NotThinkingVGC|volkner|1000
|gen|9
|tier|[Gen 9 Champions] VGC 2026 Reg M-B (Bo3)
|rated|
|rule|Species Clause: Limit one of each Pokémon
|rule|Item Clause: Limit 1 of each item
|clearpoke
|poke|p1|Basculegion, L50, M|
|poke|p1|Kingambit, L50, F|
|poke|p1|Garchomp, L50, F|
|poke|p1|Charizard, L50, M|
|poke|p1|Sneasler, L50, M|
|poke|p1|Whimsicott, L50, F|
|poke|p2|Kingambit, L50, M|
|poke|p2|Charizard, L50, F|
|poke|p2|Aerodactyl, L50, F|
|poke|p2|Farigiraf, L50, F|
|poke|p2|Garchomp, L50, F|
|poke|p2|Sylveon, L50, M|
|teampreview|4
|showteam|p1|Basculegion||SpellTag|Adaptability|LastRespects,AquaJet,WaveCrash,Protect|Adamant||M|||50|]Kingambit||BlackGlasses|Defiant|SuckerPunch,KowtowCleave,Protect,IronHead|Adamant||F|||50|]Garchomp||LifeOrb|RoughSkin|StompingTantrum,DragonClaw,RockSlide,Protect|Adamant||F|||50|]Charizard||CharizarditeY|Blaze|HeatWave,Protect,SolarBeam,AirSlash|Modest||M|||50|]Sneasler||FocusSash|PoisonTouch|CloseCombat,DireClaw,FakeOut,Protect|Jolly||M|||50|]Whimsicott||MentalHerb|Prankster|Tailwind,Moonblast,Encore,FakeTears|Timid||F|||50|
|showteam|p2|Kingambit||FocusSash|Defiant|KowtowCleave,IronHead,SuckerPunch,LowKick|Adamant||M|||50|]Charizard||CharizarditeY|Blaze|HeatWave,SolarBeam,WeatherBall,Protect|Modest||F|||50|]Aerodactyl||Aerodactylite|Unnerve|RockSlide,DualWingbeat,IceFang,Tailwind|Jolly||F|||50|]Farigiraf||SitrusBerry|ArmorTail|Psychic,Thunderbolt,TrickRoom,Protect|Bold||F|||50|]Garchomp||LifeOrb|RoughSkin|Earthquake,DragonClaw,StompingTantrum,Protect|Jolly||F|||50|]Sylveon||FairyFeather|Pixilate|HyperVoice,HyperBeam,QuickAttack,Protect|Modest||M|||50|
|inactive|Battle timer is ON: inactive players will automatically lose when time's up. (requested by NotThinkingVGC)
|inactive|NotThinkingVGC has 60 seconds left.
|inactive|NotThinkingVGC has 30 seconds left.
|inactive|NotThinkingVGC has 20 seconds left.
|
|t:|1783184630
|teamsize|p1|4
|teamsize|p2|4
|start
|switch|p1a: Charizard|Charizard, L50, M|100/100
|switch|p1b: Whimsicott|Whimsicott, L50, F|100/100
|switch|p2a: Charizard|Charizard, L50, F|100/100
|switch|p2b: Aerodactyl|Aerodactyl, L50, F|100/100
|-ability|p2b: Aerodactyl|Unnerve
|turn|1
|inactive|p16jm has 30 seconds left.
|
|t:|1783184656
|detailschange|p1a: Charizard|Charizard-Mega-Y, L50, M
|-mega|p1a: Charizard|Charizard|Charizardite Y
|-weather|SunnyDay|[from] ability: Drought|[of] p1a: Charizard
|detailschange|p2a: Charizard|Charizard-Mega-Y, L50, F
|-mega|p2a: Charizard|Charizard|Charizardite Y
|move|p1b: Whimsicott|Tailwind|p1b: Whimsicott
|-sidestart|p1: p16jm|move: Tailwind
|move|p1a: Charizard|Solar Beam||[still]
|-prepare|p1a: Charizard|Solar Beam
|-anim|p1a: Charizard|Solar Beam|p2b: Aerodactyl
|-damage|p2b: Aerodactyl|34/100
|move|p2b: Aerodactyl|Tailwind|p2b: Aerodactyl
|-sidestart|p2: NotThinkingVGC|move: Tailwind
|move|p2a: Charizard|Heat Wave|p1a: Charizard|[spread] p1a
|-miss|p2a: Charizard|p1b: Whimsicott
|-resisted|p1a: Charizard|1
|-damage|p1a: Charizard|74/100
|
|-weather|SunnyDay|[upkeep]
|upkeep
|turn|2
|inactive|p16jm has 30 seconds left.
|inactive|NotThinkingVGC has 30 seconds left.
|inactive|p16jm has 20 seconds left.
|inactive|NotThinkingVGC has 20 seconds left.
|inactive|p16jm has 15 seconds left.
|
|t:|1783184701
|switch|p2b: Garchomp|Garchomp, L50, F|100/100
|switch|p1b: Garchomp|Garchomp, L50, F|100/100
|move|p1a: Charizard|Heat Wave|p2b: Garchomp|[spread] p2a,p2b
|-resisted|p2a: Charizard|1
|-resisted|p2b: Garchomp|1
|-damage|p2a: Charizard|73/100
|-damage|p2b: Garchomp|64/100
|move|p2a: Charizard|Heat Wave|p1b: Garchomp|[spread] p1a,p1b
|-resisted|p1a: Charizard|1
|-crit|p1a: Charizard
|-resisted|p1b: Garchomp|1
|-damage|p1a: Charizard|32/100
|-damage|p1b: Garchomp|69/100
|
|-weather|SunnyDay|[upkeep]
|upkeep
|turn|3
|inactive|NotThinkingVGC has 30 seconds left.
|inactive|p16jm has 30 seconds left.
|inactive|p16jm has 20 seconds left.
|inactive|p16jm has 15 seconds left.
|
|t:|1783184750
|move|p1a: Charizard|Protect|p1a: Charizard
|-singleturn|p1a: Charizard|Protect
|move|p2b: Garchomp|Dragon Claw|p1b: Garchomp
|-supereffective|p1b: Garchomp|1
|-damage|p1b: Garchomp|0 fnt
|-damage|p2b: Garchomp|51/100|[from] ability: Rough Skin|[of] p1b: Garchomp
|faint|p1b: Garchomp
|-damage|p2b: Garchomp|42/100|[from] item: Life Orb
|move|p2a: Charizard|Weather Ball|p1a: Charizard
|-activate|p1a: Charizard|move: Protect
|
|-weather|SunnyDay|[upkeep]
|upkeep
|
|t:|1783184763
|switch|p1b: Whimsicott|Whimsicott, L50, F|100/100
|turn|4
|
|t:|1783184779
|move|p1b: Whimsicott|Moonblast|p2b: Garchomp
|-supereffective|p2b: Garchomp|1
|-damage|p2b: Garchomp|0 fnt
|faint|p2b: Garchomp
|move|p1a: Charizard|Air Slash|p2a: Charizard
|-damage|p2a: Charizard|34/100
|cant|p2a: Charizard|flinch
|
|-weather|SunnyDay|[upkeep]
|-sideend|p1: p16jm|move: Tailwind
|-sideend|p2: NotThinkingVGC|move: Tailwind
|upkeep
|
|t:|1783184797
|switch|p2b: Kingambit|Kingambit, L50, M|100/100
|turn|5
|
|t:|1783184804
|move|p1b: Whimsicott|Tailwind|p1b: Whimsicott
|-sidestart|p1: p16jm|move: Tailwind
|move|p2b: Kingambit|Sucker Punch|p1a: Charizard
|-damage|p1a: Charizard|0 fnt
|faint|p1a: Charizard
|move|p2a: Charizard|Weather Ball|p1b: Whimsicott
|-supereffective|p1b: Whimsicott|1
|-damage|p1b: Whimsicott|0 fnt
|faint|p1b: Whimsicott
|
|-weather|none
|upkeep
|
|t:|1783184816
|switch|p1a: Basculegion|Basculegion, L50, M|100/100
|turn|6
|
|t:|1783184832
|switch|p2a: Aerodactyl|Aerodactyl, L50, F|34/100
|-ability|p2a: Aerodactyl|Unnerve
|move|p1a: Basculegion|Wave Crash|p2b: Kingambit
|-damage|p2b: Kingambit|26/100
|-damage|p1a: Basculegion|79/100|[from] Recoil
|move|p2b: Kingambit|Kowtow Cleave|p1a: Basculegion
|-supereffective|p1a: Basculegion|1
|-damage|p1a: Basculegion|0 fnt
|faint|p1a: Basculegion
|
|win|NotThinkingVGC
