|j|☆mr.pickup
|j|☆LastHorzion
|html|mr.pickupLastHorzion    
|uhtml|bestof|Game 2 of a best-of-3
|t:|1757132969
|gametype|doubles
|player|p1|mr.pickup|pokemaniac|1321
|player|p2|LastHorzion|steven|1386
|gen|9
|tier|[Gen 9] VGC 2025 Reg H (Bo3)
|rated|
|rule|Species Clause: Limit one of each Pokémon
|rule|Item Clause: Limit 1 of each item
|clearpoke
|poke|p1|Raichu, L50, M|
|poke|p1|Dragapult, L50, F|
|poke|p1|Delphox, L50, M|
|poke|p1|Indeedee-F, L50, F|
|poke|p1|Gallade, L50, M|
|poke|p1|Ursaluna, L50, F|
|poke|p2|Sneasler, L50, M|
|poke|p2|Indeedee, L50, M|
|poke|p2|Ursaluna-Bloodmoon, L50, M|
|poke|p2|Electabuzz, L50, M|
|poke|p2|Tyranitar, L50, F|
|poke|p2|Dragapult, L50, F|
|teampreview|4
|showteam|p1|Raichu||SafetyGoggles|LightningRod|FakeOut,Electroweb,Nuzzle,Protect|||M|||50|,,,,,Fairy]Dragapult||ChoiceBand|ClearBody|DragonDarts,Outrage,Uturn,PhantomForce|||F|||50|,,,,,Dragon]Delphox||FocusSash|Magician|ExpandingForce,FireBlast,Protect,NastyPlot|||M|||50|,,,,,Psychic]Indeedee-F||RockyHelmet|PsychicSurge|FollowMe,TrickRoom,Protect,Psychic|||F|||50|,,,,,Fairy]Gallade||ClearAmulet|Sharpness|TrickRoom,PsychoCut,SacredSword,WideGuard|||M|||50|,,,,,Fighting]Ursaluna||FlameOrb|Guts|Facade,HeadlongRush,Earthquake,Protect|||F|||50|,,,,,Ground
|showteam|p2|Sneasler||PsychicSeed|Unburden|CloseCombat,DireClaw,ThroatChop,Protect|||M|||50|,,,,,Dark]Indeedee||FocusSash|PsychicSurge|ExpandingForce,TrickRoom,Imprison,Protect|||M|||50|,,,,,Psychic]Ursaluna-Bloodmoon||LifeOrb|MindsEye|BloodMoon,HyperVoice,EarthPower,Protect|||M|||50|,,,,,Normal]Electabuzz||Eviolite|VitalSpirit|Electroweb,FollowMe,Taunt,Protect|||M|||50|,,,,,Dragon]Tyranitar||AssaultVest|SandStream|KnockOff,TeraBlast,RockSlide,LowKick|||F|||50|,,,,,Flying]Dragapult||ChoiceBand|ClearBody|DragonDarts,Uturn,PhantomForce,Outrage|||F|||50|,,,,,Dragon
|inactive|Battle timer is ON: inactive players will automatically lose when time's up. (requested by LastHorzion)
|inactive|mr.pickup also wants the timer to be on.
|inactive|LastHorzion has 60 seconds left.
|
|t:|1757133007
|teamsize|p1|4
|teamsize|p2|4
|start
|switch|p1a: Dragapult|Dragapult, L50, F|100/100
|switch|p1b: Gallade|Gallade, L50, M|100/100
|switch|p2a: Indeedee|Indeedee, L50, M|100/100
|switch|p2b: Dragapult|Dragapult, L50, F, shiny|100/100
|-fieldstart|move: Psychic Terrain|[from] ability: Psychic Surge|[of] p2a: Indeedee
|turn|1
|
|t:|1757133025
|switch|p1a: Ursaluna|Ursaluna, L50, F|100/100
|switch|p2b: Tyranitar|Tyranitar, L50, F|100/100
|-weather|Sandstorm|[from] ability: Sand Stream|[of] p2b: Tyranitar
|move|p2a: Indeedee|Expanding Force|p1b: Gallade|[spread] p1a,p1b
|-damage|p1a: Ursaluna|52/100
|-damage|p1b: Gallade|54/100
|move|p1b: Gallade|Trick Room|p1b: Gallade
|-fieldstart|move: Trick Room|[of] p1b: Gallade
|
|-weather|Sandstorm|[upkeep]
|-damage|p1b: Gallade|48/100|[from] Sandstorm
|-damage|p2a: Indeedee|95/100|[from] Sandstorm
|-status|p1a: Ursaluna|brn|[from] item: Flame Orb
|upkeep
|turn|2
|j| learning to trap
|inactive|LastHorzion has 30 seconds left.
|inactive|mr.pickup has 30 seconds left.
|inactive|LastHorzion has 20 seconds left.
|inactive|LastHorzion has 15 seconds left.
|
|t:|1757133067
|-terastallize|p2b: Tyranitar|Flying
|move|p2a: Indeedee|Protect|p2a: Indeedee
|-singleturn|p2a: Indeedee|Protect
|move|p1a: Ursaluna|Facade|p2b: Tyranitar
|-damage|p2b: Tyranitar|0 fnt
|faint|p2b: Tyranitar
|move|p1b: Gallade|Sacred Sword|p2a: Indeedee
|-activate|p2a: Indeedee|move: Protect
|
|-weather|Sandstorm|[upkeep]
|-damage|p1b: Gallade|42/100|[from] Sandstorm
|-damage|p2a: Indeedee|89/100|[from] Sandstorm
|-damage|p1a: Ursaluna|46/100 brn|[from] brn
|upkeep
|
|t:|1757133079
|switch|p2b: Dragapult|Dragapult, L50, F, shiny|100/100
|turn|3
|
|t:|1757133090
|move|p1b: Gallade|Wide Guard|p1b: Gallade
|-singleturn|p1b: Gallade|Wide Guard
|move|p1a: Ursaluna|Headlong Rush|p2b: Dragapult
|-damage|p2b: Dragapult|0 fnt
|-unboost|p1a: Ursaluna|def|1
|-unboost|p1a: Ursaluna|spd|1
|faint|p2b: Dragapult
|move|p2a: Indeedee|Trick Room|p2a: Indeedee
|-fieldend|move: Trick Room
|
|-weather|Sandstorm|[upkeep]
|-damage|p2a: Indeedee|83/100|[from] Sandstorm
|-damage|p1b: Gallade|36/100|[from] Sandstorm
|-damage|p1a: Ursaluna|40/100 brn|[from] brn
|upkeep
|
|t:|1757133093
|switch|p2b: Sneasler|Sneasler, L50, M|100/100
|-enditem|p2b: Sneasler|Psychic Seed
|-boost|p2b: Sneasler|spd|1|[from] item: Psychic Seed
|turn|4
|inactive|mr.pickup has 30 seconds left.
|
|t:|1757133128
|switch|p1b: Dragapult|Dragapult, L50, F|100/100
|move|p2b: Sneasler|Dire Claw|p1a: Ursaluna
|-resisted|p1a: Ursaluna
|-damage|p1a: Ursaluna|16/100 brn
|move|p2a: Indeedee|Expanding Force|p1b: Dragapult|[spread] p1a,p1b
|-damage|p1a: Ursaluna|0 fnt
|-damage|p1b: Dragapult|24/100
|faint|p1a: Ursaluna
|
|-weather|Sandstorm|[upkeep]
|-damage|p2b: Sneasler|95/100|[from] Sandstorm
|-damage|p1b: Dragapult|18/100|[from] Sandstorm
|-damage|p2a: Indeedee|77/100|[from] Sandstorm
|upkeep
|
|t:|1757133136
|switch|p1a: Indeedee|Indeedee-F, L50, F|100/100
|turn|5
|inactive|LastHorzion has 30 seconds left.
|
|t:|1757133169
|-terastallize|p1b: Dragapult|Dragon
|move|p2b: Sneasler|Throat Chop|p1b: Dragapult
|-damage|p1b: Dragapult|0 fnt
|faint|p1b: Dragapult
|move|p2a: Indeedee|Expanding Force|p1a: Indeedee
|-resisted|p1a: Indeedee
|-crit|p1a: Indeedee
|-damage|p1a: Indeedee|51/100
|move|p1a: Indeedee|Psychic|p2b: Sneasler
|-supereffective|p2b: Sneasler
|-damage|p2b: Sneasler|0 fnt
|faint|p2b: Sneasler
|
|-weather|none
|-fieldend|move: Psychic Terrain
|upkeep
|
|t:|1757133178
|switch|p1b: Gallade|Gallade, L50, M|36/100
|turn|6
|
|t:|1757133188
|move|p2a: Indeedee|Expanding Force|p1b: Gallade
|-damage|p1b: Gallade|3/100
|move|p1a: Indeedee|Psychic|p2a: Indeedee
|-resisted|p2a: Indeedee
|-damage|p2a: Indeedee|56/100
|move|p1b: Gallade|Sacred Sword|p2a: Indeedee
|-damage|p2a: Indeedee|0 fnt
|faint|p2a: Indeedee
|
|win|mr.pickup
|raw|mr.pickup's rating: 1321 → 1345(+24 for winning)
|raw|LastHorzion's rating: 1386 → 1362(-24 for losing)
