|j|☆a year without
|j|☆MaxwellBaker
|html|a year withoutMaxwellBaker    
|uhtml|bestof|Game 1 of a best-of-3
|t:|1784839435
|gametype|doubles
|player|p1|a year without|hiker-gen4|1043
|player|p2|MaxwellBaker|102|1107
|gen|9
|tier|[Gen 9 Champions] VGC 2026 Reg M-B (Bo3)
|rated|
|rule|Species Clause: Limit one of each Pokémon
|rule|Item Clause: Limit 1 of each item
|clearpoke
|poke|p1|Sneasler, L50, F|
|poke|p1|Delphox, L50, M|
|poke|p1|Kingambit, L50, F|
|poke|p1|Sinistcha, L50|
|poke|p1|Incineroar, L50, M|
|poke|p1|Blastoise, L50, F|
|poke|p2|Decidueye-Hisui, L50, M|
|poke|p2|Florges, L50, F|
|poke|p2|Raichu, L50, F|
|poke|p2|Incineroar, L50, M|
|poke|p2|Staraptor, L50, M|
|poke|p2|Milotic, L50, F|
|teampreview|4
|showteam|p1|Sneasler||FocusSash|PoisonTouch|PoisonJab,QuickGuard,CloseCombat,FakeOut|Jolly||F|||50|]Delphox||Delphoxite|Blaze|HeatWave,Psychic,NastyPlot,Protect|Timid||M|||50|]Kingambit||BlackGlasses|Defiant|KowtowCleave,SuckerPunch,SwordsDance,Protect|Adamant||F|||50|]Sinistcha||ColburBerry|Hospitality|MatchaGotcha,RagePowder,TrickRoom,Protect|Bold|||||50|]Incineroar||SitrusBerry|Intimidate|FlareBlitz,HelpingHand,PartingShot,FakeOut|Impish||M|||50|]Blastoise||Blastoisinite|RainDish|WaterSpout,DarkPulse,ShellSmash,Protect|Modest||F|||50|
|showteam|p2|Decidueye-Hisui||ScopeLens|Scrappy|TripleArrows,LeafBlade,SuckerPunch,Protect|Jolly||M|||50|]Florges||LifeOrb|FlowerVeil|Moonblast,Psychic,PollenPuff,Protect|Modest||F|||50|]Raichu||RaichuniteY|LightningRod|FakeOut,ZapCannon,FocusBlast,Protect|Timid||F|||50|]Incineroar||SitrusBerry|Intimidate|FakeOut,FlareBlitz,ThroatChop,PartingShot|Careful||M|||50|]Staraptor||Staraptite|Intimidate|BraveBird,CloseCombat,Tailwind,Protect|Jolly||M|||50|]Milotic||Leftovers|Competitive|Scald,IceBeam,Haze,Protect|Bold||F|||50|
|
|t:|1784839511
|teamsize|p1|4
|teamsize|p2|4
|start
|switch|p1a: Delphox|Delphox, L50, M|100/100
|switch|p1b: Sneasler|Sneasler, L50, F|100/100
|switch|p2a: Raichu|Raichu, L50, F|100/100
|switch|p2b: Milotic|Milotic, L50, F|100/100
|turn|1
|
|t:|1784839538
|detailschange|p2a: Raichu|Raichu-Mega-Y, L50, F
|-mega|p2a: Raichu|Raichu|Raichunite Y
|detailschange|p1a: Delphox|Delphox-Mega, L50, M
|-mega|p1a: Delphox|Delphox|Delphoxite
|move|p2a: Raichu|Fake Out|p1b: Sneasler
|-damage|p1b: Sneasler|86/100
|cant|p1b: Sneasler|flinch
|move|p1a: Delphox|Heat Wave|p2a: Raichu|[spread] p2a,p2b
|-resisted|p2b: Milotic|1
|-damage|p2a: Raichu|50/100y
|-damage|p2b: Milotic|85/100
|move|p2b: Milotic|Scald|p1a: Delphox
|-supereffective|p1a: Delphox|1
|-damage|p1a: Delphox|42/100
|
|-heal|p2b: Milotic|91/100|[from] item: Leftovers
|upkeep
|turn|2
|
|t:|1784839571
|switch|p1b: Sinistcha|Sinistcha, L50|100/100
|-heal|p1a: Delphox|66/100|[from] ability: Hospitality|[of] p1b: Sinistcha
|move|p2a: Raichu|Protect|p2a: Raichu
|-singleturn|p2a: Raichu|Protect
|move|p1a: Delphox|Heat Wave|p2a: Raichu|[spread] p2b
|-activate|p2a: Raichu|move: Protect
|-resisted|p2b: Milotic|1
|-damage|p2b: Milotic|78/100
|-status|p2b: Milotic|brn
|move|p2b: Milotic|Scald|p1b: Sinistcha
|-resisted|p1b: Sinistcha|1
|-damage|p1b: Sinistcha|84/100
|-status|p1b: Sinistcha|brn
|
|-heal|p2b: Milotic|84/100 brn|[from] item: Leftovers
|-damage|p2b: Milotic|78/100 brn|[from] brn
|-damage|p1b: Sinistcha|78/100 brn|[from] brn
|upkeep
|turn|3
|
|t:|1784839595
|switch|p2a: Florges|Florges, L50, F|100/100
|move|p1a: Delphox|Heat Wave|p2a: Florges|[spread] p2a,p2b
|-resisted|p2b: Milotic|1
|-damage|p2a: Florges|70/100
|-damage|p2b: Milotic|63/100 brn
|move|p2b: Milotic|Ice Beam|p1b: Sinistcha
|-supereffective|p1b: Sinistcha|1
|-damage|p1b: Sinistcha|35/100 brn
|move|p1b: Sinistcha|Matcha Gotcha|p2a: Florges|[spread] p2a,p2b
|-supereffective|p2b: Milotic|1
|-damage|p2a: Florges|50/100y
|-heal|p1b: Sinistcha|44/100 brn|[from] drain|[of] p2a: Florges
|-damage|p2b: Milotic|30/100 brn
|-heal|p1b: Sinistcha|63/100 brn|[from] drain|[of] p2b: Milotic
|
|-heal|p2b: Milotic|36/100 brn|[from] item: Leftovers
|-damage|p2b: Milotic|30/100 brn|[from] brn
|-damage|p1b: Sinistcha|57/100 brn|[from] brn
|upkeep
|turn|4
|
|t:|1784839636
|switch|p1b: Kingambit|Kingambit, L50, F|100/100
|move|p1a: Delphox|Psychic|p2b: Milotic
|-damage|p2b: Milotic|0 fnt
|faint|p2b: Milotic
|move|p2a: Florges|Pollen Puff|p1a: Delphox
|-damage|p1a: Delphox|33/100
|-damage|p2a: Florges|40/100|[from] item: Life Orb
|
|upkeep
|
|t:|1784839651
|switch|p2b: Raichu|Raichu-Mega-Y, L50, F|50/100y
|turn|5
|
|t:|1784839665
|switch|p1b: Sinistcha|Sinistcha, L50|57/100 brn
|-heal|p1a: Delphox|58/100|[from] ability: Hospitality|[of] p1b: Sinistcha
|move|p2b: Raichu|Fake Out|p1a: Delphox
|-damage|p1a: Delphox|49/100
|cant|p1a: Delphox|flinch
|move|p2a: Florges|Moonblast|p1b: Sinistcha
|-damage|p1b: Sinistcha|0 fnt
|faint|p1b: Sinistcha
|-damage|p2a: Florges|30/100|[from] item: Life Orb
|
|upkeep
|
|t:|1784839677
|switch|p1b: Kingambit|Kingambit, L50, F|100/100
|turn|6
|
|t:|1784839689
|move|p2a: Florges|Protect|p2a: Florges
|-singleturn|p2a: Florges|Protect
|move|p1b: Kingambit|Sucker Punch|p2b: Raichu
|-damage|p2b: Raichu|0 fnt
|faint|p2b: Raichu
|move|p1a: Delphox|Psychic|p2a: Florges
|-activate|p2a: Florges|move: Protect
|
|upkeep
|
|t:|1784839697
|switch|p2b: Decidueye|Decidueye-Hisui, L50, M|100/100
|turn|7
|
|t:|1784839706
|move|p2b: Decidueye|Sucker Punch||[still]
|-fail|p2b: Decidueye
|move|p1b: Kingambit|Sucker Punch|p2a: Florges
|-resisted|p2a: Florges|1
|-damage|p2a: Florges|3/100
|move|p1a: Delphox|Nasty Plot|p1a: Delphox
|-boost|p1a: Delphox|spa|2
|move|p2a: Florges|Moonblast|p1b: Kingambit
|-damage|p1b: Kingambit|38/100
|-damage|p2a: Florges|0 fnt|[from] item: Life Orb
|faint|p2a: Florges
|
|upkeep
|turn|8
|
|t:|1784839727
|switch|p1b: Sneasler|Sneasler, L50, F|86/100
|move|p1a: Delphox|Protect|p1a: Delphox
|-singleturn|p1a: Delphox|Protect
|move|p2b: Decidueye|Triple Arrows|p1b: Sneasler
|-resisted|p1b: Sneasler|1
|-crit|p1b: Sneasler
|-damage|p1b: Sneasler|36/100
|
|upkeep
|turn|9
|
|t:|1784839744
|move|p2b: Decidueye|Protect|p2b: Decidueye
|-singleturn|p2b: Decidueye|Protect
|move|p1b: Sneasler|Quick Guard|p1b: Sneasler
|-singleturn|p1b: Sneasler|Quick Guard
|move|p1a: Delphox|Heat Wave|p2b: Decidueye
|-activate|p2b: Decidueye|move: Protect
|
|upkeep
|turn|10
|
|t:|1784839761
|move|p1b: Sneasler|Quick Guard|p1b: Sneasler
|-singleturn|p1b: Sneasler|Quick Guard
|move|p1a: Delphox|Heat Wave|p2b: Decidueye
|-supereffective|p2b: Decidueye|1
|-damage|p2b: Decidueye|0 fnt
|faint|p2b: Decidueye
|
|win|a year without
||a year without is ready for game 2.
