|j|☆AsianJezus
|j|☆pressinblades
|html|AsianJezuspressinblades    
|uhtml|bestof|Game 3 of a best-of-3
|t:|1783872266
|gametype|doubles
|player|p1|AsianJezus|giovanni|1098
|player|p2|pressinblades|steven|1141
|gen|9
|tier|[Gen 9 Champions] VGC 2026 Reg M-B (Bo3)
|rated|
|rule|Species Clause: Limit one of each Pokémon
|rule|Item Clause: Limit 1 of each item
|clearpoke
|poke|p1|Staraptor, L50, F|
|poke|p1|Houndstone, L50, F|
|poke|p1|Tyranitar, L50, M|
|poke|p1|Rotom-Wash, L50|
|poke|p1|Excadrill, L50, M|
|poke|p1|Venusaur, L50, F|
|poke|p2|Talonflame, L50, M|
|poke|p2|Garchomp, L50, F, shiny|
|poke|p2|Maushold, L50|
|poke|p2|Gardevoir, L50, F, shiny|
|poke|p2|Hydreigon, L50, F, shiny|
|poke|p2|Metagross, L50, shiny|
|teampreview|4
|showteam|p1|Staraptor||Staraptite|Intimidate|BraveBird,CloseCombat,Tailwind,Protect|Jolly||F|||50|]Houndstone||SitrusBerry|SandRush|LastRespects,WillOWisp,AllySwitch,Protect|Adamant||F|||50|]Tyranitar||ChoiceScarf|SandStream|RockSlide,KnockOff,IcePunch,LowKick|Jolly||M|||50|]Rotom-Wash||Magnet|Levitate|HydroPump,Thunderbolt,VoltSwitch,Protect|Modest|||||50|]Excadrill||FocusSash|SandRush|Earthquake,IronHead,RockSlide,Protect|Adamant||M|||50|]Venusaur||Venusaurite|Chlorophyll|SludgeBomb,EarthPower,SleepPowder,Protect|Modest||F|||50|
|showteam|p2|Talonflame||SharpBeak|GaleWings|Protect,Tailwind,DualWingbeat,QuickGuard|Jolly||M|||50|]Garchomp||LifeOrb|RoughSkin|Protect,RockSlide,Earthquake,DragonClaw|Adamant||F|||50|]Maushold||FocusSash|FriendGuard|Protect,SuperFang,FollowMe,Encore|Timid|||||50|]Gardevoir||Gardevoirite|Telepathy|Protect,TrickRoom,HyperVoice,Psychic|Modest||F|||50|]Hydreigon||ExpertBelt|Levitate|Protect,DracoMeteor,DarkPulse,EarthPower|Modest||F|||50|]Metagross||ColburBerry|ClearBody|Protect,BulletPunch,PsychicFangs,HammerArm|Adamant|||||50|
|inactive|Battle timer is ON: inactive players will automatically lose when time's up. (requested by AsianJezus)
|inactive|pressinblades has 60 seconds left.
|
|t:|1783872381
|teamsize|p1|4
|teamsize|p2|4
|start
|switch|p1a: Staraptor|Staraptor, L50, F|100/100
|switch|p1b: Rotom|Rotom-Wash, L50|100/100
|switch|p2a: Talonflame|Talonflame, L50, M|100/100
|switch|p2b: Garchomp|Garchomp, L50, F, shiny|100/100
|-ability|p1a: Staraptor|Intimidate|boost
|-unboost|p2a: Talonflame|atk|1
|-unboost|p2b: Garchomp|atk|1
|turn|1
|inactive|pressinblades has 30 seconds left.
|inactive|pressinblades has 20 seconds left.
|
|t:|1783872417
|move|p2a: Talonflame|Dual Wingbeat|p1a: Staraptor
|-damage|p1a: Staraptor|85/100
|-crit|p1a: Staraptor
|-damage|p1a: Staraptor|52/100
|-hitcount|p1a: Staraptor|2
|move|p1a: Staraptor|Tailwind|p1a: Staraptor
|-sidestart|p1: AsianJezus|move: Tailwind
|move|p1b: Rotom|Volt Switch|p2a: Talonflame
|-supereffective|p2a: Talonflame|1
|-damage|p2a: Talonflame|0 fnt
|faint|p2a: Talonflame
|
|t:|1783872428
|switch|p1b: Tyranitar|Tyranitar, L50, M|100/100|[from] Volt Switch
|-weather|Sandstorm|[from] ability: Sand Stream|[of] p1b: Tyranitar
|move|p2b: Garchomp|Rock Slide|p1a: Staraptor|[spread] p1a,p1b
|-supereffective|p1a: Staraptor|1
|-damage|p1a: Staraptor|7/100
|-damage|p1b: Tyranitar|80/100
|-damage|p2b: Garchomp|90/100|[from] item: Life Orb
|
|-weather|Sandstorm|[upkeep]
|-damage|p1a: Staraptor|1/100|[from] Sandstorm
|upkeep
|inactive|pressinblades has 30 seconds left.
|
|t:|1783872455
|switch|p2a: Gardevoir|Gardevoir, L50, F, shiny|100/100
|turn|2
|inactive|AsianJezus has 30 seconds left.
|
|t:|1783872481
|switch|p2b: Metagross|Metagross, L50, shiny|100/100
|detailschange|p2a: Gardevoir|Gardevoir-Mega, L50, F, shiny
|-mega|p2a: Gardevoir|Gardevoir|Gardevoirite
|move|p1b: Tyranitar|Ice Punch|p2b: Metagross
|-resisted|p2b: Metagross|1
|-damage|p2b: Metagross|88/100
|move|p1a: Staraptor|Brave Bird|p2a: Gardevoir
|-damage|p2a: Gardevoir|40/100
|-damage|p1a: Staraptor|0 fnt|[from] Recoil
|faint|p1a: Staraptor
|move|p2a: Gardevoir|Trick Room|p2a: Gardevoir
|-fieldstart|move: Trick Room|[of] p2a: Gardevoir
|
|-weather|Sandstorm|[upkeep]
|-damage|p2a: Gardevoir|34/100|[from] Sandstorm
|upkeep
|
|t:|1783872499
|switch|p1a: Excadrill|Excadrill, L50, M|100/100
|turn|3
|inactive|AsianJezus has 30 seconds left.
|
|t:|1783872524
|move|p2a: Gardevoir|Hyper Voice|p1b: Tyranitar|[spread] p1a,p1b
|-resisted|p1a: Excadrill|1
|-supereffective|p1b: Tyranitar|1
|-damage|p1a: Excadrill|67/100
|-damage|p1b: Tyranitar|5/100
|move|p2b: Metagross|Hammer Arm|p1a: Excadrill|[miss]
|-miss|p2b: Metagross|p1a: Excadrill
|move|p1b: Tyranitar|Ice Punch|p2b: Metagross
|-resisted|p2b: Metagross|1
|-damage|p2b: Metagross|77/100
|move|p1a: Excadrill|Iron Head|p2a: Gardevoir
|-supereffective|p2a: Gardevoir|1
|-damage|p2a: Gardevoir|0 fnt
|faint|p2a: Gardevoir
|
|-weather|Sandstorm|[upkeep]
|upkeep
|
|t:|1783872532
|switch|p2a: Garchomp|Garchomp, L50, F, shiny|90/100
|turn|4
|
|t:|1783872550
|move|p1a: Excadrill|Protect|p1a: Excadrill
|-singleturn|p1a: Excadrill|Protect
|move|p2b: Metagross|Hammer Arm|p1a: Excadrill
|-activate|p1a: Excadrill|move: Protect
|move|p2a: Garchomp|Dragon Claw|p1b: Tyranitar
|-damage|p1b: Tyranitar|0 fnt
|faint|p1b: Tyranitar
|-damage|p2a: Garchomp|80/100|[from] item: Life Orb
|
|-weather|Sandstorm|[upkeep]
|-sideend|p1: AsianJezus|move: Tailwind
|upkeep
|
|t:|1783872561
|switch|p1b: Rotom|Rotom-Wash, L50|100/100
|turn|5
|
|t:|1783872575
|move|p1b: Rotom|Protect|p1b: Rotom
|-singleturn|p1b: Rotom|Protect
|move|p2b: Metagross|Protect|p2b: Metagross
|-singleturn|p2b: Metagross|Protect
|move|p2a: Garchomp|Earthquake|p1a: Excadrill|[spread] p1a
|-activate|p2b: Metagross|move: Protect
|-activate|p1b: Rotom|move: Protect
|-supereffective|p1a: Excadrill|1
|-damage|p1a: Excadrill|0 fnt
|faint|p1a: Excadrill
|-damage|p2a: Garchomp|70/100|[from] item: Life Orb
|
|-weather|none
|upkeep
|turn|6
|
|t:|1783872592
|move|p2a: Garchomp|Protect|p2a: Garchomp
|-singleturn|p2a: Garchomp|Protect
|move|p1b: Rotom|Hydro Pump|p2a: Garchomp
|-activate|p2a: Garchomp|move: Protect
|move|p2b: Metagross|Psychic Fangs|p1b: Rotom
|-damage|p1b: Rotom|57/100
|
|-fieldend|move: Trick Room
|upkeep
|turn|7
|
|t:|1783872603
|move|p2a: Garchomp|Dragon Claw|p1b: Rotom
|-damage|p1b: Rotom|1/100
|-damage|p2a: Garchomp|61/100|[from] item: Life Orb
|move|p2b: Metagross|Psychic Fangs|p1b: Rotom
|-damage|p1b: Rotom|0 fnt
|faint|p1b: Rotom
|
|win|pressinblades
|raw|AsianJezus's rating: 1098 → 1076(-22 for losing)
|raw|pressinblades's rating: 1141 → 1163(+22 for winning)
