|j|☆nastynye
|html|nastynyeTaykheed007    
|uhtml|bestof|Game 2 of a best-of-3
|t:|1783281085
|gametype|doubles
|player|p1|nastynye|pokemonranger-gen4|
|player|p2|Taykheed007|acetrainer-gen4dp|
|gen|9
|tier|[Gen 9 Champions] VGC 2026 Reg M-B (Bo3)
|rule|Species Clause: Limit one of each Pokémon
|rule|Item Clause: Limit 1 of each item
|clearpoke
|poke|p1|Sneasler, L50, M, shiny|
|poke|p1|Forretress, L50, F, shiny|
|poke|p1|Aggron, L50, F, shiny|
|poke|p1|Hawlucha, L50, M, shiny|
|poke|p1|Scizor, L50, M, shiny|
|poke|p1|Garchomp, L50, M|
|poke|p2|Blaziken, L50, M|
|poke|p2|Torkoal, L50, M|
|poke|p2|Lucario, L50, M|
|poke|p2|Tyranitar, L50, M|
|poke|p2|Rotom-Frost, L50, shiny|
|poke|p2|Greninja, L50, M, shiny|
|teampreview|4
|showteam|p1|Sneasler||BlackBelt|PoisonTouch|CloseCombat,DireClaw,FakeOut,RockSlide|Jolly||M|||50|]Forretress||QuickClaw|Sturdy|ToxicSpikes,StealthRock,GyroBall,RapidSpin|Relaxed||F|||50|]Aggron||LifeOrb|HeavyMetal|HeavySlam,Earthquake,Roar,StealthRock|Adamant||F|||50|]Hawlucha||Leftovers|MoldBreaker|BraveBird,DrainPunch,BulkUp,Defog|Jolly||M|||50|]Scizor||Scizorite|Technician|DualWingbeat,BulletPunch,Trailblaze,XScissor|Adamant||M|||50|]Garchomp||ChoiceScarf|RoughSkin|Earthquake,PoisonJab,StoneEdge,IronHead|Jolly||M|||50|
|showteam|p2|Blaziken||Blazikenite|SpeedBoost|Protect,FirePunch,CloseCombat,KnockOff|Adamant||M|||50|]Torkoal||Charcoal|Drought|Eruption,SelfDestruct,LavaPlume,ScorchingSands|Quiet||M|||50|]Lucario||Lucarionite|InnerFocus|AuraSphere,DarkPulse,FlashCannon,ExtremeSpeed|Hasty||M|||50|]Tyranitar||LifeOrb|SandStream|Earthquake,DragonClaw,RockSlide,KnockOff|Adamant||M|||50|]Rotom-Frost||Leftovers|Levitate|Thunderbolt,NastyPlot,ShadowBall,Reflect|Modest|||||50|]Greninja||Greninjite|Protean|IceBeam,WaterShuriken,SludgeWave,Extrasensory|Timid||M|||50|
|inactive|Battle timer is ON: inactive players will automatically lose when time's up. (requested by nastynye)
|inactive|Taykheed007 disconnected and has 300 seconds to reconnect!
|j| xanian7
|j|☆Taykheed007
|inactive|Taykheed007 reconnected and has 90 seconds left.
|player|p2|Taykheed007|acetrainer-gen4dp|
|l|☆Taykheed007
|inactive|Taykheed007 disconnected and has 275 seconds to reconnect!
|player|p2|
|inactive|Taykheed007 has 270 seconds to reconnect!
|c|☆nastynye|Select only one. Do 1v4 I believe in you
|j|☆Taykheed007
|inactive|Taykheed007 reconnected and has 80 seconds left.
|player|p2|Taykheed007|acetrainer-gen4dp|
|
|t:|1783281155
|teamsize|p1|4
|teamsize|p2|4
|start
|switch|p1a: AGreatWhite|Garchomp, L50, M|100/100
|switch|p1b: Rey Mysterio|Hawlucha, L50, M, shiny|100/100
|switch|p2a: Blaziken|Blaziken, L50, M|100/100
|switch|p2b: Torkoal|Torkoal, L50, M|100/100
|-ability|p1b: Rey Mysterio|Mold Breaker
|-weather|SunnyDay|[from] ability: Drought|[of] p2b: Torkoal
|turn|1
|inactive|Taykheed007 has 30 seconds left.
|
|t:|1783281181
|move|p2a: Blaziken|Protect|p2a: Blaziken
|-singleturn|p2a: Blaziken|Protect
|move|p1a: AGreatWhite|Earthquake|p2b: Torkoal|[spread] p2b
|-activate|p2a: Blaziken|move: Protect
|-immune|p1b: Rey Mysterio
|-supereffective|p2b: Torkoal|1
|-damage|p2b: Torkoal|42/100
|move|p1b: Rey Mysterio|Bulk Up|p1b: Rey Mysterio
|-boost|p1b: Rey Mysterio|atk|1
|-boost|p1b: Rey Mysterio|def|1
|move|p2b: Torkoal|Eruption|p1a: AGreatWhite|[spread] p1a,p1b
|-resisted|p1a: AGreatWhite|1
|-damage|p1a: AGreatWhite|81/100
|-damage|p1b: Rey Mysterio|47/100
|
|-weather|SunnyDay|[upkeep]
|-heal|p1b: Rey Mysterio|52/100|[from] item: Leftovers
|-ability|p2a: Blaziken|Speed Boost|boost
|-boost|p2a: Blaziken|spe|1
|upkeep
|turn|2
|inactive|Taykheed007 has 30 seconds left.
|
|t:|1783281213
|move|p1a: AGreatWhite|Earthquake|p2a: Blaziken|[spread] p2a,p2b
|-immune|p1b: Rey Mysterio
|-supereffective|p2a: Blaziken|1
|-supereffective|p2b: Torkoal|1
|-damage|p2a: Blaziken|0 fnt
|-damage|p2b: Torkoal|0 fnt
|faint|p2a: Blaziken
|faint|p2b: Torkoal
|move|p1b: Rey Mysterio|Brave Bird|p2: Blaziken|[notarget]
|-fail|p1b: Rey Mysterio
|
|-weather|SunnyDay|[upkeep]
|-heal|p1b: Rey Mysterio|58/100|[from] item: Leftovers
|upkeep
|
|t:|1783281226
|switch|p2a: Rotom|Rotom-Frost, L50, shiny|100/100
|switch|p2b: Greninja|Greninja, L50, M, shiny|100/100
|turn|3
|
|t:|1783281246
|switch|p1a: FreddyKreuger|Sneasler, L50, M, shiny|100/100
|move|p1b: Rey Mysterio|Drain Punch|p2a: Rotom
|-supereffective|p2a: Rotom|1
|-damage|p2a: Rotom|7/100
|-heal|p1b: Rey Mysterio|100/100|[from] drain|[of] p2a: Rotom
|move|p2b: Greninja|Ice Beam|p1b: Rey Mysterio
|-start|p2b: Greninja|typechange|Ice|[from] ability: Protean
|-supereffective|p1b: Rey Mysterio|1
|-damage|p1b: Rey Mysterio|0 fnt
|faint|p1b: Rey Mysterio
|move|p2a: Rotom|Reflect|p2a: Rotom
|-sidestart|p2: Taykheed007|Reflect
|
|-weather|SunnyDay|[upkeep]
|-heal|p2a: Rotom|12/100|[from] item: Leftovers
|upkeep
|
|t:|1783281261
|switch|p1b: AGreatWhite|Garchomp, L50, M|81/100
|turn|4
|
|t:|1783281278
|move|p1a: FreddyKreuger|Fake Out|p2a: Rotom
|-damage|p2a: Rotom|2/100
|-status|p2a: Rotom|psn|[from] ability: Poison Touch|[of] p1a: FreddyKreuger
|move|p1b: AGreatWhite|Iron Head|p2b: Greninja
|-supereffective|p2b: Greninja|1
|-damage|p2b: Greninja|41/100
|cant|p2b: Greninja|flinch
|cant|p2a: Rotom|flinch
|
|-weather|SunnyDay|[upkeep]
|-heal|p2a: Rotom|8/100 psn|[from] item: Leftovers
|-damage|p2a: Rotom|0 fnt|[from] psn
|faint|p2a: Rotom
|upkeep
|turn|5
|
|t:|1783281298
|move|p1b: AGreatWhite|Iron Head|p2b: Greninja
|-supereffective|p2b: Greninja|1
|-damage|p2b: Greninja|0 fnt
|faint|p2b: Greninja
|
|win|nastynye
