|j|☆clarocojones
|j|☆sidhuistic
|html|clarocojonessidhuistic    
|uhtml|bestof|Game 1 of a best-of-3
|t:|1785596339
|gametype|doubles
|player|p1|clarocojones|striker|1157
|player|p2|sidhuistic|richboy-gen4|1201
|gen|9
|tier|[Gen 9 Champions] VGC 2026 Reg M-B (Bo3)
|rated|
|rule|Species Clause: Limit one of each Pokémon
|rule|Item Clause: Limit 1 of each item
|clearpoke
|poke|p1|Incineroar, L50, F, shiny|
|poke|p1|Floette-Eternal, L50, F|
|poke|p1|Sinistcha-Masterpiece, L50, shiny|
|poke|p1|Kommo-o, L50, M|
|poke|p1|Kingambit, L50, F, shiny|
|poke|p1|Aerodactyl, L50, M|
|poke|p2|Charizard, L50, F|
|poke|p2|Dragonite, L50, M|
|poke|p2|Venusaur, L50, M|
|poke|p2|Tauros-Paldea-Aqua, L50, M|
|poke|p2|Snorlax, L50, M|
|poke|p2|Aerodactyl, L50, M|
|teampreview|4
|showteam|p1|Incineroar||SitrusBerry|Intimidate|FakeOut,PartingShot,HelpingHand,FlareBlitz|Careful||F|||50|]Floette-Eternal||Floettite|FlowerVeil|Moonblast,DazzlingGleam,CalmMind,Protect|Modest||F|||50|]Sinistcha-Masterpiece||ColburBerry|Hospitality|MatchaGotcha,LifeDew,RagePowder,TrickRoom|Bold|||||50|]Kommo-o||Leftovers|Overcoat|ClangingScales,AuraSphere,ClangorousSoul,Protect|Modest||M|||50|]Kingambit||FocusSash|Defiant|KowtowCleave,SuckerPunch,IronHead,Protect|Adamant||F|||50|]Aerodactyl||Aerodactylite|Unnerve|Protect,RockSlide,Tailwind,DualWingbeat|Jolly||M|||50|
|showteam|p2|Charizard||CharizarditeY|SolarPower|HeatWave,WeatherBall,HelpingHand,Protect|Modest||F|||50|]Dragonite||Dragoninite|InnerFocus|Thunderbolt,DragonPulse,HeatWave,Protect|Modest||M|||50|]Venusaur||LifeOrb|Chlorophyll|SolarBeam,EarthPower,SleepPowder,Protect|Modest||M|||50|]Tauros-Paldea-Aqua||MysticWater|Intimidate|AquaJet,CloseCombat,WaveCrash,Protect|Serious||M|||50|]Snorlax||Leftovers|ThickFat|DoubleEdge,Yawn,Fissure,Protect|Brave||M|||50|]Aerodactyl||FocusSash|Unnerve|Tailwind,RockSlide,DualWingbeat,Protect|Jolly||M|||50|
|inactive|Battle timer is ON: inactive players will automatically lose when time's up. (requested by sidhuistic)
|inactive|clarocojones has 60 seconds left.
|
|t:|1785596409
|teamsize|p1|4
|teamsize|p2|4
|start
|switch|p1a: Aerodactyl|Aerodactyl, L50, M|100/100
|switch|p1b: Kommo-o|Kommo-o, L50, M|100/100
|switch|p2a: Tauros|Tauros-Paldea-Aqua, L50, M|100/100
|switch|p2b: Dragonite|Dragonite, L50, M|100/100
|-ability|p1a: Aerodactyl|Unnerve
|-ability|p2a: Tauros|Intimidate|boost
|-unboost|p1a: Aerodactyl|atk|1
|-unboost|p1b: Kommo-o|atk|1
|turn|1
|inactive|clarocojones has 30 seconds left.
|
|t:|1785596438
|switch|p1a: DON JULIO|Sinistcha-Masterpiece, L50, shiny|100/100
|switch|p1b: Friends Take|Incineroar, L50, F, shiny|100/100
|-ability|p1b: Friends Take|Intimidate|boost
|-unboost|p2a: Tauros|atk|1
|-fail|p2b: Dragonite|unboost|Attack|[from] ability: Inner Focus|[of] p2b: Dragonite
|detailschange|p2b: Dragonite|Dragonite-Mega, L50, M
|-mega|p2b: Dragonite|Dragonite|Dragoninite
|move|p2a: Tauros|Aqua Jet|p1a: DON JULIO
|-resisted|p1a: DON JULIO|1
|-damage|p1a: DON JULIO|93/100
|move|p2b: Dragonite|Dragon Pulse|p1b: Friends Take
|-damage|p1b: Friends Take|57/100
|
|upkeep
|turn|2
|
|t:|1785596460
|move|p1b: Friends Take|Fake Out|p2b: Dragonite
|-damage|p2b: Dragonite|95/100
|cant|p2b: Dragonite|flinch
|move|p2a: Tauros|Wave Crash|p1b: Friends Take
|-supereffective|p1b: Friends Take|1
|-damage|p1b: Friends Take|0 fnt
|faint|p1b: Friends Take
|-damage|p2a: Tauros|75/100|[from] Recoil
|move|p1a: DON JULIO|Matcha Gotcha|p2a: Tauros|[spread] p2a,p2b
|-supereffective|p2a: Tauros|1
|-resisted|p2b: Dragonite|2
|-damage|p2a: Tauros|7/100
|-heal|p1a: DON JULIO|100/100|[from] drain|[of] p2a: Tauros
|-damage|p2b: Dragonite|90/100
|-status|p2b: Dragonite|brn
|
|-damage|p2b: Dragonite|84/100 brn|[from] brn
|upkeep
|
|t:|1785596477
|switch|p1b: Kommo-o|Kommo-o, L50, M|100/100
|turn|3
|
|t:|1785596491
|switch|p2a: Snorlax|Snorlax, L50, M|100/100
|move|p1a: DON JULIO|Rage Powder|p1a: DON JULIO
|-singleturn|p1a: DON JULIO|move: Rage Powder
|move|p2b: Dragonite|Dragon Pulse|p1a: DON JULIO
|-damage|p1a: DON JULIO|46/100
|move|p1b: Kommo-o|Clangorous Soul|p1b: Kommo-o
|-boost|p1b: Kommo-o|atk|1
|-boost|p1b: Kommo-o|def|1
|-boost|p1b: Kommo-o|spa|1
|-boost|p1b: Kommo-o|spd|1
|-boost|p1b: Kommo-o|spe|1
|-damage|p1b: Kommo-o|67/100
|
|-heal|p1b: Kommo-o|73/100|[from] item: Leftovers
|-damage|p2b: Dragonite|78/100 brn|[from] brn
|upkeep
|turn|4
|
|t:|1785596506
|move|p2b: Dragonite|Protect|p2b: Dragonite
|-singleturn|p2b: Dragonite|Protect
|move|p1a: DON JULIO|Rage Powder|p1a: DON JULIO
|-singleturn|p1a: DON JULIO|move: Rage Powder
|move|p1b: Kommo-o|Clanging Scales|p2b: Dragonite|[spread] p2a
|-activate|p2b: Dragonite|move: Protect
|-damage|p2a: Snorlax|67/100
|-unboost|p1b: Kommo-o|def|1
|move|p2a: Snorlax|Yawn|p1a: DON JULIO
|-start|p1a: DON JULIO|move: Yawn|[of] p2a: Snorlax
|
|-heal|p1b: Kommo-o|80/100|[from] item: Leftovers
|-heal|p2a: Snorlax|73/100|[from] item: Leftovers
|-damage|p2b: Dragonite|72/100 brn|[from] brn
|upkeep
|turn|5
|
|t:|1785596525
|switch|p2b: Tauros|Tauros-Paldea-Aqua, L50, M|7/100
|-ability|p2b: Tauros|Intimidate|boost
|-unboost|p1a: DON JULIO|atk|1
|-unboost|p1b: Kommo-o|atk|1
|switch|p1a: Aerodactyl|Aerodactyl, L50, M|100/100
|-ability|p1a: Aerodactyl|Unnerve
|move|p2a: Snorlax|Protect|p2a: Snorlax
|-singleturn|p2a: Snorlax|Protect
|move|p1b: Kommo-o|Aura Sphere|p2a: Snorlax
|-activate|p2a: Snorlax|move: Protect
|
|-heal|p1b: Kommo-o|86/100|[from] item: Leftovers
|-heal|p2a: Snorlax|79/100|[from] item: Leftovers
|upkeep
|turn|6
|
|t:|1785596544
|detailschange|p1a: Aerodactyl|Aerodactyl-Mega, L50, M
|-mega|p1a: Aerodactyl|Aerodactyl|Aerodactylite
|move|p2a: Snorlax|Protect|p2a: Snorlax
|-singleturn|p2a: Snorlax|Protect
|move|p2b: Tauros|Aqua Jet|p1a: Aerodactyl
|-supereffective|p1a: Aerodactyl|1
|-damage|p1a: Aerodactyl|48/100
|move|p1a: Aerodactyl|Rock Slide|p2a: Snorlax|[spread] 
|-activate|p2a: Snorlax|move: Protect
|-miss|p1a: Aerodactyl|p2b: Tauros
|move|p1b: Kommo-o|Aura Sphere|p2a: Snorlax
|-activate|p2a: Snorlax|move: Protect
|
|-heal|p1b: Kommo-o|92/100|[from] item: Leftovers
|-heal|p2a: Snorlax|85/100|[from] item: Leftovers
|upkeep
|turn|7
|inactive|sidhuistic has 30 seconds left.
|
|t:|1785596577
|move|p1a: Aerodactyl|Protect|p1a: Aerodactyl
|-singleturn|p1a: Aerodactyl|Protect
|move|p2b: Tauros|Aqua Jet|p1a: Aerodactyl
|-activate|p1a: Aerodactyl|move: Protect
|move|p1b: Kommo-o|Aura Sphere|p2a: Snorlax
|-supereffective|p2a: Snorlax|1
|-damage|p2a: Snorlax|13/100
|move|p2a: Snorlax|Yawn|p1b: Kommo-o
|-start|p1b: Kommo-o|move: Yawn|[of] p2a: Snorlax
|
|-heal|p1b: Kommo-o|98/100|[from] item: Leftovers
|-heal|p2a: Snorlax|19/100|[from] item: Leftovers
|upkeep
|turn|8
|
|t:|1785596594
|switch|p1a: DON JULIO|Sinistcha-Masterpiece, L50, shiny|46/100
|-heal|p1b: Kommo-o|100/100|[from] ability: Hospitality|[of] p1a: DON JULIO
|move|p2a: Snorlax|Protect|p2a: Snorlax
|-singleturn|p2a: Snorlax|Protect
|move|p2b: Tauros|Aqua Jet|p1a: DON JULIO
|-resisted|p1a: DON JULIO|1
|-damage|p1a: DON JULIO|38/100
|move|p1b: Kommo-o|Clanging Scales|p2b: Tauros|[spread] p2b
|-activate|p2a: Snorlax|move: Protect
|-damage|p2b: Tauros|0 fnt
|faint|p2b: Tauros
|-unboost|p1b: Kommo-o|def|1
|
|-heal|p2a: Snorlax|25/100|[from] item: Leftovers
|-end|p1b: Kommo-o|move: Yawn|[silent]
|-status|p1b: Kommo-o|slp
|upkeep
|
|t:|1785596609
|switch|p2b: Aerodactyl|Aerodactyl, L50, M|100/100
|-ability|p2b: Aerodactyl|Unnerve
|turn|9
|
|t:|1785596620
|cant|p1b: Kommo-o|slp
|move|p2b: Aerodactyl|Dual Wingbeat|p1a: DON JULIO
|-supereffective|p1a: DON JULIO|1
|-damage|p1a: DON JULIO|3/100
|-supereffective|p1a: DON JULIO|1
|-damage|p1a: DON JULIO|0 fnt
|faint|p1a: DON JULIO
|-hitcount|p1: DON JULIO|2
|move|p2a: Snorlax|Fissure|p1b: Kommo-o|[miss]
|-miss|p2a: Snorlax|p1b: Kommo-o
|
|-heal|p2a: Snorlax|31/100|[from] item: Leftovers
|upkeep
|
|t:|1785596624
|switch|p1a: Aerodactyl|Aerodactyl-Mega, L50, M|48/100
|turn|10
|
|t:|1785596642
|move|p1a: Aerodactyl|Rock Slide|p2b: Aerodactyl|[spread] p2a,p2b
|-supereffective|p2b: Aerodactyl|1
|-damage|p2a: Snorlax|11/100
|-damage|p2b: Aerodactyl|19/100
|cant|p1b: Kommo-o|slp
|cant|p2b: Aerodactyl|flinch
|cant|p2a: Snorlax|flinch
|
|-heal|p2a: Snorlax|17/100|[from] item: Leftovers
|upkeep
|turn|11
|c|☆sidhuistic|u know y u win
|inactive|sidhuistic has 30 seconds left.
|
|t:|1785596667
|move|p1a: Aerodactyl|Rock Slide|p2a: Snorlax|[spread] p2a,p2b
|-supereffective|p2b: Aerodactyl|1
|-damage|p2a: Snorlax|0 fnt
|-damage|p2b: Aerodactyl|0 fnt
|faint|p2a: Snorlax
|faint|p2b: Aerodactyl
|-curestatus|p1b: Kommo-o|slp|[msg]
|move|p1b: Kommo-o|Clanging Scales|p2: Snorlax|[notarget]
|-fail|p1b: Kommo-o
|
|upkeep
|-message|sidhuistic forfeited.
|
|win|clarocojones
