|j|☆FrancoilCieco777
|j|☆Bruthathechosen
|html|FrancoilCieco777Bruthathechosen    
|uhtml|bestof|Game 2 of a best-of-3
|t:|1757002978
|gametype|doubles
|player|p1|FrancoilCieco777|baker|1116
|player|p2|Bruthathechosen|lady-gen4|1140
|gen|9
|tier|[Gen 9] VGC 2025 Reg H (Bo3)
|rated|
|rule|Species Clause: Limit one of each Pokémon
|rule|Item Clause: Limit 1 of each item
|clearpoke
|poke|p1|Volcarona, L50, M|
|poke|p1|Electabuzz, L50, F|
|poke|p1|Sneasler, L50, M|
|poke|p1|Kingambit, L50, M|
|poke|p1|Dragonite, L50, M|
|poke|p1|Rillaboom, L50, F|
|poke|p2|Kingambit, L50, F|
|poke|p2|Rillaboom, L50, M|
|poke|p2|Hydreigon, L50, M|
|poke|p2|Sneasler, L50, F|
|poke|p2|Electabuzz, L50, F|
|poke|p2|Volcarona, L50, F|
|teampreview|4
|showteam|p1|Volcarona||CovertCloak|FlameBody|HeatWave,TeraBlast,QuiverDance,Protect|||M|||50|,,,,,Fairy]Electabuzz||Eviolite|VitalSpirit|Thunderbolt,FollowMe,Taunt,Protect|||F|||50|,,,,,Ghost]Sneasler||FocusSash|Unburden|FakeOut,CloseCombat,DireClaw,Coaching|||M|||50|,,,,,Stellar]Kingambit||BlackGlasses|Defiant|KowtowCleave,SuckerPunch,SwordsDance,Protect|||M|||50|,,,,,Dark]Dragonite||LoadedDice|Multiscale|ScaleShot,ExtremeSpeed,Haze,Protect|||M|||50|,,,,,Normal]Rillaboom||AssaultVest|GrassySurge|WoodHammer,GrassyGlide,HighHorsepower,FakeOut|||F|||50|,,,,,Fire
|showteam|p2|Kingambit||BlackGlasses|Defiant|SuckerPunch,KowtowCleave,SwordsDance,Protect|||F|||50|,,,,,Dark]Rillaboom||AssaultVest|GrassySurge|FakeOut,GrassyGlide,HighHorsepower,Uturn|||M|||50|,,,,,Water]Hydreigon||ChoiceSpecs|Levitate|DarkPulse,DracoMeteor,Snarl,Uturn|||M|||50|,,,,,Ghost]Sneasler||GrassySeed|Unburden|FakeOut,CloseCombat,DireClaw,Protect|||F|||50|,,,,,Fighting]Electabuzz||Eviolite|VitalSpirit|Taunt,Thunderbolt,FollowMe,Protect|||F|||50|,,,,,Dragon]Volcarona||CovertCloak|FlameBody|QuiverDance,HeatWave,TeraBlast,Protect|||F|||50|,,,,,Fairy
|inactive|Battle timer is ON: inactive players will automatically lose when time's up. (requested by FrancoilCieco777)
|inactive|Bruthathechosen has 60 seconds left.
|
|t:|1757003013
|teamsize|p1|4
|teamsize|p2|4
|start
|switch|p1a: Sneasler|Sneasler, L50, M|100/100
|switch|p1b: Volcarona|Volcarona, L50, M|100/100
|switch|p2a: Volcarona|Volcarona, L50, F|100/100
|switch|p2b: Rillaboom|Rillaboom, L50, M|100/100
|-fieldstart|move: Grassy Terrain|[from] ability: Grassy Surge|[of] p2b: Rillaboom
|turn|1
|
|t:|1757003030
|move|p1a: Sneasler|Fake Out|p2b: Rillaboom
|-damage|p2b: Rillaboom|88/100
|move|p2a: Volcarona|Quiver Dance|p2a: Volcarona
|-boost|p2a: Volcarona|spa|1
|-boost|p2a: Volcarona|spd|1
|-boost|p2a: Volcarona|spe|1
|move|p1b: Volcarona|Quiver Dance|p1b: Volcarona
|-boost|p1b: Volcarona|spa|1
|-boost|p1b: Volcarona|spd|1
|-boost|p1b: Volcarona|spe|1
|cant|p2b: Rillaboom|flinch
|
|-heal|p2b: Rillaboom|94/100|[from] Grassy Terrain
|upkeep
|turn|2
|
|t:|1757003049
|-terastallize|p2b: Rillaboom|Water
|move|p2a: Volcarona|Heat Wave|p1a: Sneasler|[spread] p1a,p1b
|-damage|p1a: Sneasler|36/100
|-damage|p1b: Volcarona|69/100
|move|p1b: Volcarona|Quiver Dance|p1b: Volcarona
|-boost|p1b: Volcarona|spa|1
|-boost|p1b: Volcarona|spd|1
|-boost|p1b: Volcarona|spe|1
|move|p1a: Sneasler|Dire Claw|p2b: Rillaboom
|-damage|p2b: Rillaboom|56/100
|-status|p2b: Rillaboom|psn
|move|p2b: Rillaboom|High Horsepower|p1b: Volcarona
|-damage|p1b: Volcarona|33/100
|
|-heal|p1b: Volcarona|39/100|[from] Grassy Terrain
|-heal|p1a: Sneasler|42/100|[from] Grassy Terrain
|-heal|p2b: Rillaboom|61/100 psn|[from] Grassy Terrain
|-damage|p2b: Rillaboom|49/100 psn|[from] psn
|upkeep
|turn|3
|inactive|FrancoilCieco777 has 30 seconds left.
|inactive|Bruthathechosen has 30 seconds left.
|
|t:|1757003078
|switch|p1a: Dragonite|Dragonite, L50, M, shiny|100/100
|switch|p2b: Sneasler|Sneasler, L50, F|100/100
|-enditem|p2b: Sneasler|Grassy Seed
|-boost|p2b: Sneasler|def|1|[from] item: Grassy Seed
|move|p1b: Volcarona|Heat Wave|p2b: Sneasler|[spread] p2b
|-miss|p1b: Volcarona|p2a: Volcarona
|-damage|p2b: Sneasler|11/100
|move|p2a: Volcarona|Heat Wave|p1b: Volcarona|[spread] p1b
|-miss|p2a: Volcarona|p1a: Dragonite
|-damage|p1b: Volcarona|18/100
|
|-heal|p2b: Sneasler|17/100|[from] Grassy Terrain
|-heal|p1b: Volcarona|24/100|[from] Grassy Terrain
|upkeep
|turn|4
|inactive|Bruthathechosen has 30 seconds left.
|
|t:|1757003105
|move|p2b: Sneasler|Protect|p2b: Sneasler
|-singleturn|p2b: Sneasler|Protect
|move|p1a: Dragonite|Extreme Speed|p2b: Sneasler
|-activate|p2b: Sneasler|move: Protect
|move|p1b: Volcarona|Heat Wave|p2a: Volcarona|[spread] p2a
|-activate|p2b: Sneasler|move: Protect
|-damage|p2a: Volcarona|57/100
|move|p2a: Volcarona|Heat Wave|p1b: Volcarona|[spread] p1a,p1b
|-resisted|p1a: Dragonite
|-damage|p1a: Dragonite|89/100
|-damage|p1b: Volcarona|3/100
|
|-heal|p2b: Sneasler|23/100|[from] Grassy Terrain
|-heal|p1b: Volcarona|9/100|[from] Grassy Terrain
|-heal|p2a: Volcarona|63/100|[from] Grassy Terrain
|upkeep
|turn|5
|
|t:|1757003126
|move|p2a: Volcarona|Protect|p2a: Volcarona
|-singleturn|p2a: Volcarona|Protect
|move|p1a: Dragonite|Extreme Speed|p2b: Sneasler
|-damage|p2b: Sneasler|0 fnt
|faint|p2b: Sneasler
|move|p1b: Volcarona|Heat Wave|p2a: Volcarona
|-activate|p2a: Volcarona|move: Protect
|
|-heal|p1b: Volcarona|15/100|[from] Grassy Terrain
|-heal|p2a: Volcarona|69/100|[from] Grassy Terrain
|-fieldend|move: Grassy Terrain
|upkeep
|
|t:|1757003130
|switch|p2b: Electabuzz|Electabuzz, L50, F|100/100
|turn|6
|
|t:|1757003151
|move|p2b: Electabuzz|Follow Me|p2b: Electabuzz
|-singleturn|p2b: Electabuzz|move: Follow Me
|move|p1a: Dragonite|Extreme Speed|p2b: Electabuzz
|-damage|p2b: Electabuzz|66/100
|move|p1b: Volcarona|Heat Wave|p2a: Volcarona|[spread] p2b
|-miss|p1b: Volcarona|p2a: Volcarona
|-damage|p2b: Electabuzz|8/100
|move|p2a: Volcarona|Heat Wave|p1a: Dragonite|[spread] p1a,p1b
|-resisted|p1a: Dragonite
|-damage|p1a: Dragonite|64/100
|-damage|p1b: Volcarona|0 fnt
|faint|p1b: Volcarona
|
|upkeep
|
|t:|1757003161
|switch|p1b: Sneasler|Sneasler, L50, M|42/100
|turn|7
|
|t:|1757003184
|move|p1b: Sneasler|Fake Out|p2b: Electabuzz
|-damage|p2b: Electabuzz|0 fnt
|faint|p2b: Electabuzz
|move|p2a: Volcarona|Heat Wave|p1a: Dragonite|[spread] p1b
|-miss|p2a: Volcarona|p1a: Dragonite
|-damage|p1b: Sneasler|0 fnt
|faint|p1b: Sneasler
|move|p1a: Dragonite|Scale Shot|p2a: Volcarona
|-damage|p2a: Volcarona|53/100
|-damage|p2a: Volcarona|35/100
|-damage|p2a: Volcarona|18/100
|-crit|p2a: Volcarona
|-damage|p2a: Volcarona|0 fnt
|faint|p2a: Volcarona
|-hitcount|p2: Volcarona|4
|-unboost|p1a: Dragonite|def|1
|-boost|p1a: Dragonite|spe|1
|
|upkeep
|-message|Bruthathechosen forfeited.
|
|win|FrancoilCieco777
|raw|FrancoilCieco777's rating: 1116 → 1143(+27 for winning)
|raw|Bruthathechosen's rating: 1140 → 1113(-27 for losing)
