|j|☆Raijin and Tonic
|j|☆Ritzbitz12
|html|Raijin and TonicRitzbitz12    
|uhtml|bestof|Game 2 of a best-of-3
|t:|1756955525
|gametype|doubles
|player|p1|Raijin and Tonic|1|1140
|player|p2|Ritzbitz12|palmer|1109
|gen|9
|tier|[Gen 9] VGC 2025 Reg H (Bo3)
|rated|
|rule|Species Clause: Limit one of each Pokémon
|rule|Item Clause: Limit 1 of each item
|clearpoke
|poke|p1|Typhlosion-Hisui, L50, F|
|poke|p1|Torkoal, L50, M|
|poke|p1|Porygon2, L50|
|poke|p1|Incineroar, L50, F|
|poke|p1|Jumpluff, L50, M|
|poke|p1|Ursaluna, L50, F|
|poke|p2|Ninetales-Alola, L50, M|
|poke|p2|Gholdengo, L50|
|poke|p2|Garchomp, L50, F|
|poke|p2|Incineroar, L50, M|
|poke|p2|Sneasler, L50, F|
|poke|p2|Dragonite, L50, F|
|teampreview|4
|showteam|p1|Typhlosion-Hisui||ChoiceSpecs|Blaze|Eruption,HeatWave,Overheat,ShadowBall|||F|||50|,,,,,Fire]Torkoal||EjectPack|Drought|Eruption,Overheat,HelpingHand,Protect|||M|||50|,,,,,Fire]Porygon2||Eviolite|Download|TeraBlast,IceBeam,Recover,TrickRoom||||||50|,,,,,Fighting]Incineroar||SitrusBerry|Intimidate|FlareBlitz,KnockOff,FakeOut,PartingShot|||F|||50|,,,,,Ghost]Jumpluff||CovertCloak|Chlorophyll|SleepPowder,SunnyDay,RagePowder,Tailwind|||M|||50|,,,,,Water]Ursaluna||FlameOrb|Guts|HeadlongRush,Facade,Earthquake,Protect|||F|||50|,,,,,Ghost
|showteam|p2|Ninetales-Alola||LightClay|SnowWarning|AuroraVeil,Blizzard,FreezeDry,Protect|||M|||50|,,,,,Ghost]Gholdengo||LifeOrb|GoodasGold|MakeItRain,ShadowBall,NastyPlot,Protect||||||50|,,,,,Water]Garchomp||ClearAmulet|RoughSkin|Earthquake,StompingTantrum,DragonClaw,Protect|||F|||50|,,,,,Ground]Incineroar||AssaultVest|Intimidate|FakeOut,KnockOff,FlareBlitz,Uturn|||M|||50|,,,,,Grass]Sneasler||WhiteHerb|Unburden|Coaching,CloseCombat,DireClaw,Protect|||F|||50|,,,,,Ghost]Dragonite||LoadedDice|Multiscale|ScaleShot,Haze,Tailwind,Protect|||F|||50|,,,,,Fairy
|inactive|Battle timer is ON: inactive players will automatically lose when time's up. (requested by Raijin and Tonic)
|inactive|Ritzbitz12 has 60 seconds left.
|inactive|Ritzbitz12 has 30 seconds left.
|inactive|Ritzbitz12 has 20 seconds left.
|
|t:|1756955597
|teamsize|p1|4
|teamsize|p2|4
|start
|switch|p1a: Incineroar|Incineroar, L50, F|100/100
|switch|p1b: Porygon2|Porygon2, L50|100/100
|switch|p2a: Incineroar|Incineroar, L50, M|100/100
|switch|p2b: Garchomp|Garchomp, L50, F|100/100
|-ability|p1a: Incineroar|Intimidate|boost
|-unboost|p2a: Incineroar|atk|1
|-fail|p2b: Garchomp|unboost|[from] item: Clear Amulet|[of] p2b: Garchomp
|-ability|p2a: Incineroar|Intimidate|boost
|-unboost|p1a: Incineroar|atk|1
|-unboost|p1b: Porygon2|atk|1
|-ability|p1b: Porygon2|Download|boost
|-boost|p1b: Porygon2|spa|1
|turn|1
|inactive|Raijin and Tonic has 30 seconds left.
|inactive|Ritzbitz12 has 30 seconds left.
|inactive|Ritzbitz12 has 20 seconds left.
|inactive|Ritzbitz12 has 15 seconds left.
|
|t:|1756955643
|-terastallize|p1b: Porygon2|Fighting
|move|p2a: Incineroar|Fake Out|p1b: Porygon2
|-damage|p1b: Porygon2|96/100
|move|p2b: Garchomp|Stomping Tantrum|p1a: Incineroar
|-supereffective|p1a: Incineroar
|-damage|p1a: Incineroar|29/100
|-enditem|p1a: Incineroar|Sitrus Berry|[eat]
|-heal|p1a: Incineroar|54/100|[from] item: Sitrus Berry
|move|p1a: Incineroar|Parting Shot|p2a: Incineroar
|-unboost|p2a: Incineroar|atk|1
|-unboost|p2a: Incineroar|spa|1
|
|t:|1756955655
|switch|p1a: Ursaluna|Ursaluna, L50, F|100/100|[from] Parting Shot
|cant|p1b: Porygon2|flinch
|
|-status|p1a: Ursaluna|brn|[from] item: Flame Orb
|upkeep
|turn|2
|inactive|Ritzbitz12 has 30 seconds left.
|inactive|Ritzbitz12 has 20 seconds left.
|inactive|Ritzbitz12 has 15 seconds left.
|
|t:|1756955698
|move|p2b: Garchomp|Dragon Claw|p1b: Porygon2
|-damage|p1b: Porygon2|68/100
|move|p1a: Ursaluna|Facade|p2a: Incineroar
|-damage|p2a: Incineroar|14/100
|move|p2a: Incineroar|Knock Off|p1b: Porygon2
|-resisted|p1b: Porygon2
|-damage|p1b: Porygon2|61/100
|-enditem|p1b: Porygon2|Eviolite|[from] move: Knock Off|[of] p2a: Incineroar
|move|p1b: Porygon2|Trick Room|p1b: Porygon2
|-fieldstart|move: Trick Room|[of] p1b: Porygon2
|
|-damage|p1a: Ursaluna|95/100 brn|[from] brn
|upkeep
|turn|3
|inactive|Ritzbitz12 has 30 seconds left.
|
|t:|1756955728
|move|p2b: Garchomp|Protect|p2b: Garchomp
|-singleturn|p2b: Garchomp|Protect
|move|p1b: Porygon2|Tera Blast|p2a: Incineroar|[anim] Tera Blast Fighting
|-supereffective|p2a: Incineroar
|-crit|p2a: Incineroar
|-damage|p2a: Incineroar|0 fnt
|faint|p2a: Incineroar
|move|p1a: Ursaluna|Facade|p2b: Garchomp
|-activate|p2b: Garchomp|move: Protect
|
|-damage|p1a: Ursaluna|89/100 brn|[from] brn
|upkeep
|inactive|Ritzbitz12 has 30 seconds left.
|
|t:|1756955753
|switch|p2a: Ninetales|Ninetales-Alola, L50, M|100/100
|-weather|Snowscape|[from] ability: Snow Warning|[of] p2a: Ninetales
|turn|4
|inactive|Ritzbitz12 has 30 seconds left.
|inactive|Ritzbitz12 has 20 seconds left.
|inactive|Ritzbitz12 has 15 seconds left.
|
|t:|1756955796
|switch|p1b: Torkoal|Torkoal, L50, M|100/100
|-weather|SunnyDay|[from] ability: Drought|[of] p1b: Torkoal
|-terastallize|p2a: Ninetales|Ghost
|move|p1a: Ursaluna|Headlong Rush|p2a: Ninetales
|-damage|p2a: Ninetales|0 fnt
|-unboost|p1a: Ursaluna|def|1
|-unboost|p1a: Ursaluna|spd|1
|faint|p2a: Ninetales
|move|p2b: Garchomp|Stomping Tantrum|p1b: Torkoal
|-supereffective|p1b: Torkoal
|-damage|p1b: Torkoal|42/100
|
|-weather|SunnyDay|[upkeep]
|-damage|p1a: Ursaluna|83/100 brn|[from] brn
|upkeep
|
|t:|1756955812
|switch|p2a: Sneasler|Sneasler, L50, F|100/100
|turn|5
|
|t:|1756955836
|move|p2b: Garchomp|Protect|p2b: Garchomp
|-singleturn|p2b: Garchomp|Protect
|move|p2a: Sneasler|Protect|p2a: Sneasler
|-singleturn|p2a: Sneasler|Protect
|move|p1b: Torkoal|Overheat|p2b: Garchomp
|-activate|p2b: Garchomp|move: Protect
|move|p1a: Ursaluna|Earthquake|p2b: Garchomp|[spread] p1b
|-activate|p2a: Sneasler|move: Protect
|-activate|p2b: Garchomp|move: Protect
|-supereffective|p1b: Torkoal
|-damage|p1b: Torkoal|0 fnt
|faint|p1b: Torkoal
|
|-weather|SunnyDay|[upkeep]
|-damage|p1a: Ursaluna|77/100 brn|[from] brn
|upkeep
|
|t:|1756955842
|switch|p1b: Incineroar|Incineroar, L50, F|54/100
|-ability|p1b: Incineroar|Intimidate|boost
|-unboost|p2a: Sneasler|atk|1
|-fail|p2b: Garchomp|unboost|[from] item: Clear Amulet|[of] p2b: Garchomp
|-enditem|p2a: Sneasler|White Herb
|-clearnegativeboost|p2a: Sneasler|[silent]
|turn|6
|
|t:|1756955858
|move|p2b: Garchomp|Protect|p2b: Garchomp
|-singleturn|p2b: Garchomp|Protect
|move|p2a: Sneasler|Protect||[still]
|-fail|p2a: Sneasler
|move|p1b: Incineroar|Fake Out|p2b: Garchomp
|-activate|p2b: Garchomp|move: Protect
|move|p1a: Ursaluna|Facade|p2a: Sneasler
|-damage|p2a: Sneasler|0 fnt
|faint|p2a: Sneasler
|
|-weather|SunnyDay|[upkeep]
|-damage|p1a: Ursaluna|71/100 brn|[from] brn
|-fieldend|move: Trick Room
|upkeep
|turn|7
|inactive|Ritzbitz12 has 30 seconds left.
|inactive|Ritzbitz12 has 20 seconds left.
|
|t:|1756955894
|move|p2b: Garchomp|Earthquake|p1a: Ursaluna|[spread] p1a,p1b
|-supereffective|p1b: Incineroar
|-damage|p1a: Ursaluna|29/100 brn
|-damage|p1b: Incineroar|0 fnt
|faint|p1b: Incineroar
|move|p1a: Ursaluna|Headlong Rush|p2b: Garchomp
|-damage|p2b: Garchomp|0 fnt
|-unboost|p1a: Ursaluna|def|1
|-unboost|p1a: Ursaluna|spd|1
|-damage|p1a: Ursaluna|17/100 brn|[from] ability: Rough Skin|[of] p2b: Garchomp
|faint|p2b: Garchomp
|
|win|Raijin and Tonic
|inactive|Raijin and Tonic has 30 seconds to confirm battle start!
|inactive|Ritzbitz12 has 30 seconds to confirm battle start!
||Ritzbitz12 is ready for game 3.
|inactive|Raijin and Tonic has 20 seconds to confirm battle start!
||Raijin and Tonic is ready for game 3.
|uhtml|next|Next: Game 3 of 3
|l|☆Raijin and Tonic
|player|p1|
