|j|☆zubrowka
|j|☆adandelionbreath
|html|zubrowkaadandelionbreath    
|uhtml|bestof|Game 3 of a best-of-3
|t:|1786018560
|gametype|doubles
|player|p1|zubrowka|102|1222
|player|p2|adandelionbreath|170|1340
|gen|9
|tier|[Gen 9 Champions] VGC 2026 Reg M-B (Bo3)
|rated|
|rule|Species Clause: Limit one of each Pokémon
|rule|Item Clause: Limit 1 of each item
|clearpoke
|poke|p1|Floette-Eternal, L50, F|
|poke|p1|Sinistcha, L50|
|poke|p1|Basculegion, L50, M|
|poke|p1|Glimmora, L50, F|
|poke|p1|Staraptor, L50, F|
|poke|p1|Grimmsnarl, L50, M|
|poke|p2|Garchomp, L50, F|
|poke|p2|Rotom-Frost, L50|
|poke|p2|Froslass, L50, F|
|poke|p2|Basculegion, L50, M|
|poke|p2|Blaziken, L50, M|
|poke|p2|Kingambit, L50, F|
|teampreview|4
|showteam|p1|Floette-Eternal||Floettite|FlowerVeil|DazzlingGleam,DrainingKiss,CalmMind,Protect|Modest||F|||50|]Sinistcha||ColburBerry|Hospitality|MatchaGotcha,LifeDew,RagePowder,Protect|Calm|||||50|]Basculegion||ChoiceScarf|Adaptability|WaveCrash,FlipTurn,AquaJet,LastRespects|Jolly||M|||50|]Glimmora||FocusSash|ToxicDebris|PowerGem,SludgeBomb,EarthPower,SpikyShield|Modest||F|||50|]Staraptor||Staraptite|Intimidate|DualWingbeat,CloseCombat,Tailwind,Protect|Jolly||F|||50|]Grimmsnarl||LightClay|Prankster|LightScreen,Reflect,FoulPlay,PartingShot|Impish||M|||50|
|showteam|p2|Garchomp||LifeOrb|RoughSkin|Earthquake,DragonClaw,RockSlide,Protect|Jolly||F|||50|]Rotom-Frost||ChoiceScarf|Levitate|Electroweb,Blizzard,VoltSwitch,WillOWisp|Timid|||||50|]Froslass||Froslassite|SnowCloak|Blizzard,AuroraVeil,IcyWind,Protect|Timid||F|||50|]Basculegion||MysticWater|Adaptability|AquaJet,LastRespects,WaveCrash,Protect|Adamant||M|||50|]Blaziken||FocusSash|SpeedBoost|CloseCombat,RockSlide,Overheat,Protect|Lonely||M|||50|]Kingambit||ChopleBerry|Defiant|IronHead,KowtowCleave,LowKick,SuckerPunch|Adamant||F|||50|
|inactive|Battle timer is ON: inactive players will automatically lose when time's up. (requested by adandelionbreath)
|
|t:|1786018584
|teamsize|p1|4
|teamsize|p2|4
|start
|switch|p1a: Floette|Floette-Eternal, L50, F|100/100
|switch|p1b: Grimmsnarl|Grimmsnarl, L50, M|100/100
|switch|p2a: Froslass|Froslass, L50, F|100/100
|switch|p2b: Kingambit|Kingambit, L50, F|100/100
|turn|1
|inactive|adandelionbreath has 30 seconds left.
|
|t:|1786018615
|detailschange|p2a: Froslass|Froslass-Mega, L50, F
|-mega|p2a: Froslass|Froslass|Froslassite
|-weather|Snowscape|[from] ability: Snow Warning|[of] p2a: Froslass
|detailschange|p1a: Floette|Floette-Mega, L50, F
|-mega|p1a: Floette|Floette|Floettite
|-ability|p1a: Floette|Fairy Aura
|move|p1b: Grimmsnarl|Reflect|p1b: Grimmsnarl
|-sidestart|p1: zubrowka|Reflect
|move|p2a: Froslass|Aurora Veil|p2a: Froslass
|-sidestart|p2: adandelionbreath|move: Aurora Veil
|move|p1a: Floette|Calm Mind|p1a: Floette
|-boost|p1a: Floette|spa|1
|-boost|p1a: Floette|spd|1
|move|p2b: Kingambit|Iron Head|p1a: Floette
|-supereffective|p1a: Floette|1
|-damage|p1a: Floette|47/100
|
|-weather|Snowscape|[upkeep]
|upkeep
|turn|2
|inactive|zubrowka has 30 seconds left.
|
|t:|1786018641
|move|p1a: Floette|Protect|p1a: Floette
|-singleturn|p1a: Floette|Protect
|move|p1b: Grimmsnarl|Light Screen|p1b: Grimmsnarl
|-sidestart|p1: zubrowka|move: Light Screen
|move|p2a: Froslass|Blizzard|p1b: Grimmsnarl|[spread] p1b
|-activate|p1a: Floette|move: Protect
|-damage|p1b: Grimmsnarl|74/100
|move|p2b: Kingambit|Iron Head|p1a: Floette
|-activate|p1a: Floette|move: Protect
|
|-weather|Snowscape|[upkeep]
|upkeep
|turn|3
|
|t:|1786018662
|move|p1b: Grimmsnarl|Parting Shot|p2a: Froslass
|-unboost|p2a: Froslass|atk|1
|-unboost|p2a: Froslass|spa|1
|
|t:|1786018667
|switch|p1b: Basculegion|Basculegion, L50, M|100/100|[from] Parting Shot
|move|p2a: Froslass|Icy Wind|p1a: Floette|[spread] p1a,p1b
|-resisted|p1b: Basculegion|1
|-damage|p1a: Floette|42/100
|-damage|p1b: Basculegion|94/100
|-unboost|p1a: Floette|spe|1
|-unboost|p1b: Basculegion|spe|1
|move|p1a: Floette|Draining Kiss|p2b: Kingambit
|-damage|p2b: Kingambit|62/100
|-heal|p1a: Floette|75/100|[from] drain|[of] p2b: Kingambit
|move|p2b: Kingambit|Iron Head|p1a: Floette
|-supereffective|p1a: Floette|1
|-damage|p1a: Floette|13/100
|
|-weather|Snowscape|[upkeep]
|upkeep
|turn|4
|inactive|zubrowka has 30 seconds left.
|inactive|adandelionbreath has 30 seconds left.
|inactive|adandelionbreath has 20 seconds left.
|
|t:|1786018705
|switch|p2a: Rotom|Rotom-Frost, L50|100/100
|move|p1a: Floette|Protect|p1a: Floette
|-singleturn|p1a: Floette|Protect
|move|p2b: Kingambit|Sucker Punch||[still]
|-fail|p2b: Kingambit
|move|p1b: Basculegion|Flip Turn|p2b: Kingambit
|-damage|p2b: Kingambit|44/100
|
|t:|1786018715
|switch|p1b: Glimmora|Glimmora, L50, F|100/100|[from] Flip Turn
|
|-weather|Snowscape|[upkeep]
|upkeep
|turn|5
|
|t:|1786018724
|move|p2a: Rotom|Blizzard|p1b: Glimmora|[spread] p1a,p1b
|-damage|p1a: Floette|0 fnt
|-damage|p1b: Glimmora|65/100
|faint|p1a: Floette
|move|p1b: Glimmora|Earth Power|p2b: Kingambit
|-supereffective|p2b: Kingambit|1
|-damage|p2b: Kingambit|0 fnt
|faint|p2b: Kingambit
|
|-weather|none
|-sideend|p2: adandelionbreath|move: Aurora Veil
|upkeep
|
|t:|1786018738
|switch|p1a: Grimmsnarl|Grimmsnarl, L50, M|74/100
|switch|p2b: Froslass|Froslass-Mega, L50, F|100/100
|-weather|Snowscape|[from] ability: Snow Warning|[of] p2b: Froslass
|turn|6
|inactive|zubrowka has 30 seconds left.
|
|t:|1786018765
|move|p1b: Glimmora|Spiky Shield|p1b: Glimmora
|-singleturn|p1b: Glimmora|move: Protect
|move|p2a: Rotom|Blizzard|p1b: Glimmora|[spread] p1a
|-activate|p1b: Glimmora|move: Protect
|-damage|p1a: Grimmsnarl|52/100
|move|p2b: Froslass|Blizzard|p1a: Grimmsnarl|[spread] p1a
|-activate|p1b: Glimmora|move: Protect
|-damage|p1a: Grimmsnarl|27/100
|move|p1a: Grimmsnarl|Foul Play|p2b: Froslass
|-supereffective|p2b: Froslass|1
|-damage|p2b: Froslass|53/100
|
|-weather|Snowscape|[upkeep]
|upkeep
|turn|7
|
|t:|1786018786
|move|p1a: Grimmsnarl|Parting Shot|p2b: Froslass
|-unboost|p2b: Froslass|atk|1
|-unboost|p2b: Froslass|spa|1
|
|t:|1786018789
|switch|p1a: Basculegion|Basculegion, L50, M|94/100|[from] Parting Shot
|move|p2a: Rotom|Blizzard|p1b: Glimmora|[spread] p1a,p1b
|-resisted|p1a: Basculegion|1
|-damage|p1a: Basculegion|82/100
|-damage|p1b: Glimmora|33/100
|move|p2b: Froslass|Blizzard|p1b: Glimmora|[spread] p1a,p1b
|-resisted|p1a: Basculegion|1
|-damage|p1a: Basculegion|71/100
|-damage|p1b: Glimmora|10/100
|move|p1b: Glimmora|Power Gem|p2b: Froslass
|-supereffective|p2b: Froslass|1
|-damage|p2b: Froslass|0 fnt
|faint|p2b: Froslass
|
|-weather|Snowscape|[upkeep]
|upkeep
|
|t:|1786018791
|switch|p2b: Basculegion|Basculegion, L50, M|100/100
|turn|8
|inactive|zubrowka has 30 seconds left.
|inactive|zubrowka has 20 seconds left.
|inactive|zubrowka has 15 seconds left.
|inactive|zubrowka has 10 seconds left.
|inactive|zubrowka has 5 seconds left.
|
|t:|1786018842
|move|p2b: Basculegion|Protect|p2b: Basculegion
|-singleturn|p2b: Basculegion|Protect
|move|p2a: Rotom|Blizzard|p1b: Glimmora|[spread] p1a,p1b
|-resisted|p1a: Basculegion|1
|-damage|p1a: Basculegion|57/100
|-damage|p1b: Glimmora|0 fnt
|faint|p1b: Glimmora
|move|p1a: Basculegion|Flip Turn|p2a: Rotom
|-damage|p2a: Rotom|68/100
|
|t:|1786018851
|switch|p1a: Grimmsnarl|Grimmsnarl, L50, M|27/100|[from] Flip Turn
|
|-weather|Snowscape|[upkeep]
|-sideend|p1: zubrowka|Reflect
|upkeep
|
|t:|1786018857
|switch|p1b: Basculegion|Basculegion, L50, M|57/100
|turn|9
|
|t:|1786018864
|move|p2b: Basculegion|Aqua Jet|p1b: Basculegion
|-resisted|p1b: Basculegion|1
|-damage|p1b: Basculegion|36/100
|move|p1a: Grimmsnarl|Parting Shot|p2a: Rotom
|-unboost|p2a: Rotom|atk|1
|-unboost|p2a: Rotom|spa|1
|move|p2a: Rotom|Blizzard|p1b: Basculegion|[spread] p1a,p1b
|-resisted|p1b: Basculegion|1
|-damage|p1a: Grimmsnarl|10/100
|-damage|p1b: Basculegion|26/100
|move|p1b: Basculegion|Last Respects|p2b: Basculegion
|-supereffective|p2b: Basculegion|1
|-damage|p2b: Basculegion|0 fnt
|faint|p2b: Basculegion
|
|-weather|Snowscape|[upkeep]
|-sideend|p1: zubrowka|move: Light Screen
|upkeep
|turn|10
|
|t:|1786018882
|move|p1a: Grimmsnarl|Light Screen|p1a: Grimmsnarl
|-sidestart|p1: zubrowka|move: Light Screen
|move|p2a: Rotom|Blizzard|p1b: Basculegion|[spread] p1a,p1b
|-resisted|p1b: Basculegion|1
|-damage|p1a: Grimmsnarl|0 fnt
|-damage|p1b: Basculegion|17/100
|faint|p1a: Grimmsnarl
|move|p1b: Basculegion|Last Respects|p2a: Rotom
|-damage|p2a: Rotom|0 fnt
|faint|p2a: Rotom
|
|win|zubrowka
|raw|zubrowka's rating: 1222 → 1255(+33 for winning)
|raw|adandelionbreath's rating: 1340 → 1313(-27 for losing)
|l|☆adandelionbreath
|player|p2|
