|j|☆p1ch1pichi
|j|☆laparoscopia
|html|p1ch1pichilaparoscopia    
|uhtml|bestof|Game 1 of a best-of-3
|t:|1785151265
|gametype|doubles
|player|p1|p1ch1pichi|n|1126
|player|p2|laparoscopia|102|1011
|gen|9
|tier|[Gen 9 Champions] VGC 2026 Reg M-B (Bo3)
|rated|
|rule|Species Clause: Limit one of each Pokémon
|rule|Item Clause: Limit 1 of each item
|clearpoke
|poke|p1|Raichu, L50, M, shiny|
|poke|p1|Meganium, L50, M, shiny|
|poke|p1|Pelipper, L50, M|
|poke|p1|Archaludon, L50, M|
|poke|p1|Sableye, L50, M|
|poke|p1|Basculegion, L50, M|
|poke|p2|Pelipper, L50, M|
|poke|p2|Archaludon, L50, F|
|poke|p2|Scolipede, L50, F|
|poke|p2|Annihilape, L50, M|
|poke|p2|Basculegion, L50, M|
|poke|p2|Grimmsnarl, L50, M|
|teampreview|4
|showteam|p1|Raichu||RaichuniteX|LightningRod|Protect,FakeOut,VoltSwitch,RisingVoltage|Timid||M|||50|]Meganium||Meganiumite|Overgrow|Protect,SolarBeam,WeatherBall,DazzlingGleam|Modest||M|||50|]Pelipper||FocusSash|Drizzle|Soak,Tailwind,Hurricane,WeatherBall|Timid||M|||50|]Archaludon||Leftovers|Stamina|ElectroShot,FlashCannon,DracoMeteor,Protect|Modest||M|||50|]Sableye||RoseliBerry|Prankster|Quash,Reflect,LightScreen,RainDance|Bold||M|||50|]Basculegion||ChoiceScarf|Adaptability|FlipTurn,WaveCrash,AquaJet,LastRespects|Jolly||M|||50|
|showteam|p2|Pelipper||SitrusBerry|Drizzle|WeatherBall,Hurricane,Tailwind,WideGuard|Modest||M|||50|]Archaludon||Leftovers|Stamina|ElectroShot,DragonPulse,FlashCannon,Protect|Modest||F|||50|]Scolipede||Scolipite|SpeedBoost|LeechLife,PoisonJab,RockSlide,Protect|Adamant||F|||50|]Annihilape||FocusSash|Defiant|CloseCombat,RockTomb,Coaching,Protect|Jolly||M|||50|]Basculegion||LifeOrb|SwiftSwim|WaveCrash,LastRespects,AquaJet,Protect|Adamant||M|||50|]Grimmsnarl||LightClay|Prankster|FoulPlay,LightScreen,Reflect,PartingShot|Sassy||M|||50|
|inactive|Battle timer is ON: inactive players will automatically lose when time's up. (requested by p1ch1pichi)
|
|t:|1785151295
|teamsize|p1|4
|teamsize|p2|4
|start
|switch|p1a: Hikaru|Raichu, L50, M, shiny|100/100
|switch|p1b: San Juanico|Archaludon, L50, M|100/100
|switch|p2a: Annihilape|Annihilape, L50, M|100/100
|switch|p2b: Scolipede|Scolipede, L50, F|100/100
|turn|1
|inactive|p1ch1pichi has 30 seconds left.
|
|t:|1785151322
|detailschange|p1a: Hikaru|Raichu-Mega-X, L50, M, shiny
|-mega|p1a: Hikaru|Raichu|Raichunite X
|-fieldstart|move: Electric Terrain|[from] ability: Electric Surge|[of] p1a: Hikaru
|move|p2a: Annihilape|Protect|p2a: Annihilape
|-singleturn|p2a: Annihilape|Protect
|move|p2b: Scolipede|Protect|p2b: Scolipede
|-singleturn|p2b: Scolipede|Protect
|move|p1b: San Juanico|Protect|p1b: San Juanico
|-singleturn|p1b: San Juanico|Protect
|move|p1a: Hikaru|Fake Out|p2b: Scolipede
|-activate|p2b: Scolipede|move: Protect
|
|-ability|p2b: Scolipede|Speed Boost|boost
|-boost|p2b: Scolipede|spe|1
|upkeep
|turn|2
|inactive|laparoscopia has 30 seconds left.
|inactive|laparoscopia has 20 seconds left.
|inactive|laparoscopia has 15 seconds left.
|inactive|laparoscopia has 10 seconds left.
|
|t:|1785151368
|switch|p1b: G4MER67|Sableye, L50, M|100/100
|detailschange|p2b: Scolipede|Scolipede-Mega, L50, F
|-mega|p2b: Scolipede|Scolipede|Scolipite
|move|p1a: Hikaru|Rising Voltage|p2b: Scolipede
|-hint|Rising Voltage's BP doubled on grounded target.
|-damage|p2b: Scolipede|25/100
|move|p2b: Scolipede|Poison Jab|p1a: Hikaru
|-damage|p1a: Hikaru|53/100
|move|p2a: Annihilape|Close Combat|p1b: G4MER67
|-immune|p1b: G4MER67
|
|upkeep
|turn|3
|
|t:|1785151391
|switch|p2a: Archaludon|Archaludon, L50, F|100/100
|move|p1b: G4MER67|Reflect|p1b: G4MER67
|-sidestart|p1: p1ch1pichi|Reflect
|move|p1a: Hikaru|Volt Switch|p2b: Scolipede
|-damage|p2b: Scolipede|0 fnt
|faint|p2b: Scolipede
|
|t:|1785151398
|switch|p1a: San Juanico|Archaludon, L50, M|100/100|[from] Volt Switch
|
|upkeep
|
|t:|1785151403
|switch|p2b: Annihilape|Annihilape, L50, M|100/100
|turn|4
|
|t:|1785151415
|move|p1b: G4MER67|Light Screen|p1b: G4MER67
|-sidestart|p1: p1ch1pichi|move: Light Screen
|move|p2b: Annihilape|Close Combat|p1a: San Juanico
|-supereffective|p1a: San Juanico|1
|-damage|p1a: San Juanico|48/100
|-unboost|p2b: Annihilape|def|1
|-unboost|p2b: Annihilape|spd|1
|-ability|p1a: San Juanico|Stamina|boost
|-boost|p1a: San Juanico|def|1
|move|p1a: San Juanico|Draco Meteor|p2a: Archaludon
|-crit|p2a: Archaludon
|-damage|p2a: Archaludon|10/100
|-unboost|p1a: San Juanico|spa|2
|-ability|p2a: Archaludon|Stamina|boost
|-boost|p2a: Archaludon|def|1
|move|p2a: Archaludon|Dragon Pulse|p1a: San Juanico
|-damage|p1a: San Juanico|23/100
|-ability|p1a: San Juanico|Stamina|boost
|-boost|p1a: San Juanico|def|1
|
|-heal|p1a: San Juanico|29/100|[from] item: Leftovers
|-heal|p2a: Archaludon|16/100|[from] item: Leftovers
|upkeep
|turn|5
|inactive|laparoscopia has 30 seconds left.
|
|t:|1785151447
|switch|p2b: Pelipper|Pelipper, L50, M|100/100
|-weather|RainDance|[from] ability: Drizzle|[of] p2b: Pelipper
|move|p1b: G4MER67|Quash||[still]
|-fail|p1b: G4MER67
|move|p1a: San Juanico|Draco Meteor|p2a: Archaludon
|-damage|p2a: Archaludon|0 fnt
|-unboost|p1a: San Juanico|spa|2
|faint|p2a: Archaludon
|
|-weather|RainDance|[upkeep]
|-heal|p1a: San Juanico|35/100|[from] item: Leftovers
|-fieldend|move: Electric Terrain
|upkeep
|
|t:|1785151462
|switch|p2a: Annihilape|Annihilape, L50, M|100/100
|turn|6
|
|t:|1785151468
|move|p1b: G4MER67|Quash|p2a: Annihilape
|-activate|p2a: Annihilape|move: Quash
|move|p1a: San Juanico|Electro Shot||[still]
|-prepare|p1a: San Juanico|Electro Shot
|-boost|p1a: San Juanico|spa|1
|-anim|p1a: San Juanico|Electro Shot|p2b: Pelipper
|-supereffective|p2b: Pelipper|2
|-damage|p2b: Pelipper|20/100y
|-enditem|p2b: Pelipper|Sitrus Berry|[eat]
|-heal|p2b: Pelipper|45/100|[from] item: Sitrus Berry
|move|p2b: Pelipper|Hurricane|p1b: G4MER67
|-damage|p1b: G4MER67|61/100
|move|p2a: Annihilape|Close Combat|p1a: San Juanico
|-supereffective|p1a: San Juanico|1
|-damage|p1a: San Juanico|5/100
|-unboost|p2a: Annihilape|def|1
|-unboost|p2a: Annihilape|spd|1
|-ability|p1a: San Juanico|Stamina|boost
|-boost|p1a: San Juanico|def|1
|
|-weather|RainDance|[upkeep]
|-heal|p1a: San Juanico|11/100|[from] item: Leftovers
|upkeep
|turn|7
|-message|laparoscopia forfeited.
|raw|p1ch1pichi's rating: 1126 → 1143(+17 for winning)
|raw|laparoscopia's rating: 1011 → 1003(-8 for losing)
|
|win|p1ch1pichi
|l|☆laparoscopia
|player|p2|
