|j|☆mikelpoyarzabal
|j|☆VGCPancakes
|html|mikelpoyarzabalVGCPancakes    
|uhtml|bestof|Game 1 of a best-of-3
|t:|1785775786
|gametype|doubles
|player|p1|mikelpoyarzabal|arven-s|1350
|player|p2|VGCPancakes|170|1311
|gen|9
|tier|[Gen 9 Champions] VGC 2026 Reg M-B (Bo3)
|rated|
|rule|Species Clause: Limit one of each Pokémon
|rule|Item Clause: Limit 1 of each item
|clearpoke
|poke|p1|Gengar, L50, F|
|poke|p1|Swampert, L50, F|
|poke|p1|Incineroar, L50, M|
|poke|p1|Politoed, L50, M|
|poke|p1|Vivillon, L50, F|
|poke|p1|Kommo-o, L50, M|
|poke|p2|Garchomp, L50, F|
|poke|p2|Tyranitar, L50, F|
|poke|p2|Floette-Eternal, L50, F|
|poke|p2|Sinistcha, L50|
|poke|p2|Incineroar, L50, F|
|poke|p2|Corviknight, L50, M|
|teampreview|4
|showteam|p1|Gengar||Gengarite|CursedBody|ShadowBall,SludgeBomb,Protect,PerishSong|Timid||F|||50|]Swampert||Swampertite|Torrent|WaveCrash,Earthquake,IcePunch,Protect|Adamant||F|||50|]Incineroar||PasshoBerry|Intimidate|ThroatChop,PartingShot,FakeOut,Protect|Sassy||M|||50|]Politoed||SitrusBerry|Drizzle|WeatherBall,PerishSong,Encore,Protect|Calm||M|||50|]Vivillon||FocusSash|CompoundEyes|Hurricane,SleepPowder,RagePowder,Protect|Timid||F|||50|]Kommo-o||Leftovers|Overcoat|ClangorousSoul,ClangingScales,AuraSphere,Protect|Modest||M|||50|
|showteam|p2|Garchomp||ChoiceScarf|RoughSkin|DragonClaw,RockSlide,RockTomb,StompingTantrum|Adamant||F|||50|]Tyranitar||Tyranitarite|SandStream|Protect,RockSlide,KnockOff,LowKick|Adamant||F|||50|]Floette-Eternal||Floettite|FlowerVeil|Protect,CalmMind,DrainingKiss,DazzlingGleam|Modest||F|||50|]Sinistcha||ColburBerry|Hospitality|MatchaGotcha,TrickRoom,RagePowder,LifeDew|Quiet|||||50|]Incineroar||SitrusBerry|Intimidate|FakeOut,FlareBlitz,Taunt,PartingShot|Adamant||F|||50|]Corviknight||Leftovers|MirrorArmor|Tailwind,IronHead,BulkUp,Protect|Careful||M|||50|
|inactive|Battle timer is ON: inactive players will automatically lose when time's up. (requested by mikelpoyarzabal)
|inactive|mikelpoyarzabal has 60 seconds left.
|inactive|VGCPancakes has 60 seconds left.
|
|t:|1785775824
|teamsize|p1|4
|teamsize|p2|4
|start
|switch|p1a: Gengar|Gengar, L50, F|100/100
|switch|p1b: Incineroar|Incineroar, L50, M|100/100
|switch|p2a: Dias|Tyranitar, L50, F|100/100
|switch|p2b: Joey|Incineroar, L50, F|100/100
|-ability|p2b: Joey|Intimidate|boost
|-unboost|p1a: Gengar|atk|1
|-unboost|p1b: Incineroar|atk|1
|-weather|Sandstorm|[from] ability: Sand Stream|[of] p2a: Dias
|-ability|p1b: Incineroar|Intimidate|boost
|-unboost|p2a: Dias|atk|1
|-unboost|p2b: Joey|atk|1
|turn|1
|inactive|VGCPancakes has 30 seconds left.
|
|t:|1785775850
|detailschange|p1a: Gengar|Gengar-Mega, L50, F
|-mega|p1a: Gengar|Gengar|Gengarite
|move|p2b: Joey|Fake Out|p1b: Incineroar
|-damage|p1b: Incineroar|93/100
|cant|p1b: Incineroar|flinch
|move|p1a: Gengar|Perish Song|p1a: Gengar
|-start|p1a: Gengar|perish3|[silent]
|-start|p1b: Incineroar|perish3|[silent]
|-start|p2a: Dias|perish3|[silent]
|-start|p2b: Joey|perish3|[silent]
|-fieldactivate|move: Perish Song
|move|p2a: Dias|Knock Off|p1a: Gengar
|-supereffective|p1a: Gengar|1
|-damage|p1a: Gengar|47/100
|
|-weather|Sandstorm|[upkeep]
|-damage|p1a: Gengar|41/100|[from] Sandstorm
|-damage|p2b: Joey|94/100|[from] Sandstorm
|-damage|p1b: Incineroar|87/100|[from] Sandstorm
|-start|p1a: Gengar|perish3
|-start|p2b: Joey|perish3
|-start|p2a: Dias|perish3
|-start|p1b: Incineroar|perish3
|upkeep
|turn|2
|
|t:|1785775873
|move|p1a: Gengar|Protect|p1a: Gengar
|-singleturn|p1a: Gengar|Protect
|move|p1b: Incineroar|Protect|p1b: Incineroar
|-singleturn|p1b: Incineroar|Protect
|move|p2b: Joey|Taunt|p1b: Incineroar
|-activate|p1b: Incineroar|move: Protect
|move|p2a: Dias|Rock Slide|p1b: Incineroar|[spread] 
|-activate|p1a: Gengar|move: Protect
|-activate|p1b: Incineroar|move: Protect
|
|-weather|Sandstorm|[upkeep]
|-damage|p1a: Gengar|35/100|[from] Sandstorm
|-damage|p2b: Joey|88/100|[from] Sandstorm
|-damage|p1b: Incineroar|81/100|[from] Sandstorm
|-start|p1a: Gengar|perish2
|-start|p2b: Joey|perish2
|-start|p2a: Dias|perish2
|-start|p1b: Incineroar|perish2
|upkeep
|turn|3
|
|t:|1785775896
|switch|p1a: Kommo-o|Kommo-o, L50, M|100/100
|switch|p1b: Politoed|Politoed, L50, M|100/100
|-weather|RainDance|[from] ability: Drizzle|[of] p1b: Politoed
|move|p2b: Joey|Taunt|p1b: Politoed
|-start|p1b: Politoed|move: Taunt
|move|p2a: Dias|Rock Slide|p1a: Kommo-o|[spread] p1a,p1b
|-resisted|p1a: Kommo-o|1
|-damage|p1a: Kommo-o|90/100
|-damage|p1b: Politoed|82/100
|
|-weather|RainDance|[upkeep]
|-heal|p1a: Kommo-o|96/100|[from] item: Leftovers
|-start|p2b: Joey|perish1
|-start|p2a: Dias|perish1
|upkeep
|turn|4
|
|t:|1785775909
|switch|p2a: Pot of Greed|Sinistcha, L50|100/100
|-heal|p2b: Joey|100/100|[from] ability: Hospitality|[of] p2a: Pot of Greed
|move|p1a: Kommo-o|Clangorous Soul|p1a: Kommo-o
|-boost|p1a: Kommo-o|atk|1
|-boost|p1a: Kommo-o|def|1
|-boost|p1a: Kommo-o|spa|1
|-boost|p1a: Kommo-o|spd|1
|-boost|p1a: Kommo-o|spe|1
|-damage|p1a: Kommo-o|64/100
|move|p2b: Joey|Parting Shot|p2a: Pot of Greed
|-unboost|p2a: Pot of Greed|atk|1
|-unboost|p2a: Pot of Greed|spa|1
|
|t:|1785775921
|switch|p2b: Dias|Tyranitar, L50, F|100/100|[from] Parting Shot
|-weather|Sandstorm|[from] ability: Sand Stream|[of] p2b: Dias
|move|p1b: Politoed|Weather Ball|p2b: Dias
|-damage|p2b: Dias|88/100
|
|-weather|Sandstorm|[upkeep]
|-damage|p1b: Politoed|76/100|[from] Sandstorm
|-damage|p2a: Pot of Greed|93/100|[from] Sandstorm
|-heal|p1a: Kommo-o|70/100|[from] item: Leftovers
|upkeep
|turn|5
|
|t:|1785775945
|switch|p1b: Incineroar|Incineroar, L50, M|81/100
|-ability|p1b: Incineroar|Intimidate|boost
|-unboost|p2a: Pot of Greed|atk|1
|-unboost|p2b: Dias|atk|1
|move|p2a: Pot of Greed|Rage Powder|p2a: Pot of Greed
|-singleturn|p2a: Pot of Greed|move: Rage Powder
|move|p1a: Kommo-o|Clanging Scales|p2a: Pot of Greed|[spread] p2a,p2b
|-damage|p2a: Pot of Greed|39/100
|-damage|p2b: Dias|60/100
|-unboost|p1a: Kommo-o|def|1
|move|p2b: Dias|Knock Off|p1a: Kommo-o
|-resisted|p1a: Kommo-o|1
|-damage|p1a: Kommo-o|53/100
|-enditem|p1a: Kommo-o|Leftovers|[from] move: Knock Off|[of] p2b: Dias
|
|-weather|Sandstorm|[upkeep]
|-damage|p2a: Pot of Greed|33/100|[from] Sandstorm
|-damage|p1b: Incineroar|75/100|[from] Sandstorm
|upkeep
|turn|6
|
|t:|1785775961
|switch|p2a: Joey|Incineroar, L50, F|100/100
|-ability|p2a: Joey|Intimidate|boost
|-unboost|p1a: Kommo-o|atk|1
|-unboost|p1b: Incineroar|atk|1
|move|p2b: Dias|Protect|p2b: Dias
|-singleturn|p2b: Dias|Protect
|move|p1b: Incineroar|Fake Out|p2b: Dias
|-activate|p2b: Dias|move: Protect
|move|p1a: Kommo-o|Clangorous Soul|p1a: Kommo-o
|-boost|p1a: Kommo-o|atk|1
|-boost|p1a: Kommo-o|def|1
|-boost|p1a: Kommo-o|spa|1
|-boost|p1a: Kommo-o|spd|1
|-boost|p1a: Kommo-o|spe|1
|-damage|p1a: Kommo-o|20/100y
|
|-weather|Sandstorm|[upkeep]
|-damage|p2a: Joey|94/100|[from] Sandstorm
|-damage|p1b: Incineroar|69/100|[from] Sandstorm
|upkeep
|turn|7
|
|t:|1785775973
|switch|p1b: Politoed|Politoed, L50, M|76/100
|-weather|RainDance|[from] ability: Drizzle|[of] p1b: Politoed
|move|p1a: Kommo-o|Protect|p1a: Kommo-o
|-singleturn|p1a: Kommo-o|Protect
|move|p2a: Joey|Fake Out|p1a: Kommo-o
|-activate|p1a: Kommo-o|move: Protect
|move|p2b: Dias|Rock Slide|p1b: Politoed|[spread] p1b
|-activate|p1a: Kommo-o|move: Protect
|-crit|p1b: Politoed
|-damage|p1b: Politoed|37/100
|-enditem|p1b: Politoed|Sitrus Berry|[eat]
|-heal|p1b: Politoed|61/100|[from] item: Sitrus Berry
|
|-weather|RainDance|[upkeep]
|upkeep
|turn|8
|
|t:|1785775989
|switch|p1b: Incineroar|Incineroar, L50, M|69/100
|-ability|p1b: Incineroar|Intimidate|boost
|-unboost|p2a: Joey|atk|1
|-unboost|p2b: Dias|atk|1
|detailschange|p2b: Dias|Tyranitar-Mega, L50, F
|-mega|p2b: Dias|Tyranitar|Tyranitarite
|-weather|Sandstorm|[from] ability: Sand Stream|[of] p2b: Dias
|move|p1a: Kommo-o|Clanging Scales|p2b: Dias|[spread] p2a,p2b
|-crit|p2b: Dias
|-damage|p2a: Joey|23/100
|-damage|p2b: Dias|5/100
|-enditem|p2a: Joey|Sitrus Berry|[eat]
|-heal|p2a: Joey|48/100|[from] item: Sitrus Berry
|-unboost|p1a: Kommo-o|def|1
|move|p2a: Joey|Taunt|p1b: Incineroar
|-start|p1b: Incineroar|move: Taunt
|move|p2b: Dias|Rock Slide|p1a: Kommo-o|[spread] p1a
|-miss|p2b: Dias|p1b: Incineroar
|-resisted|p1a: Kommo-o|1
|-damage|p1a: Kommo-o|12/100
|
|-weather|Sandstorm|[upkeep]
|-damage|p2a: Joey|42/100|[from] Sandstorm
|-damage|p1b: Incineroar|63/100|[from] Sandstorm
|upkeep
|turn|9
|
|t:|1785776011
|switch|p2a: Pot of Greed|Sinistcha, L50|33/100
|-heal|p2b: Dias|30/100|[from] ability: Hospitality|[of] p2a: Pot of Greed
|switch|p1b: Gengar|Gengar-Mega, L50, F|35/100
|move|p2b: Dias|Protect|p2b: Dias
|-singleturn|p2b: Dias|Protect
|move|p1a: Kommo-o|Clanging Scales|p2b: Dias|[spread] p2a
|-activate|p2b: Dias|move: Protect
|-damage|p2a: Pot of Greed|0 fnt
|faint|p2a: Pot of Greed
|-unboost|p1a: Kommo-o|def|1
|
|-weather|Sandstorm|[upkeep]
|-damage|p1b: Gengar|29/100|[from] Sandstorm
|upkeep
|
|t:|1785776014
|switch|p2a: Buenos|Garchomp, L50, F|100/100
|turn|10
|
|t:|1785776027
|move|p1a: Kommo-o|Clanging Scales|p2b: Dias|[spread] p2a,p2b
|-supereffective|p2a: Buenos|1
|-damage|p2a: Buenos|0 fnt
|-damage|p2b: Dias|0 fnt
|faint|p2a: Buenos
|faint|p2b: Dias
|-unboost|p1a: Kommo-o|def|1
|move|p1b: Gengar|Sludge Bomb|p2: Buenos|[notarget]
|-fail|p1b: Gengar
|
|-weather|Sandstorm|[upkeep]
|-damage|p1b: Gengar|23/100|[from] Sandstorm
|upkeep
|
|t:|1785776030
|switch|p2b: Joey|Incineroar, L50, F|42/100
|-ability|p2b: Joey|Intimidate|boost
|-unboost|p1a: Kommo-o|atk|1
|-unboost|p1b: Gengar|atk|1
|turn|11
|
|t:|1785776039
|move|p1a: Kommo-o|Protect|p1a: Kommo-o
|-singleturn|p1a: Kommo-o|Protect
|move|p1b: Gengar|Perish Song|p1b: Gengar
|-start|p1a: Kommo-o|perish3|[silent]
|-start|p1b: Gengar|perish3|[silent]
|-start|p2b: Joey|perish3|[silent]
|-fieldactivate|move: Perish Song
|move|p2b: Joey|Flare Blitz|p1b: Gengar
|-damage|p1b: Gengar|0 fnt
|faint|p1b: Gengar
|-damage|p2b: Joey|36/100|[from] Recoil
|
|-weather|Sandstorm|[upkeep]
|-damage|p2b: Joey|30/100|[from] Sandstorm
|-start|p1a: Kommo-o|perish3
|-start|p2b: Joey|perish3
|upkeep
|
|t:|1785776042
|switch|p1b: Incineroar|Incineroar, L50, M|63/100
|-ability|p1b: Incineroar|Intimidate|boost
|-unboost|p2b: Joey|atk|1
|turn|12
|
|t:|1785776047
|move|p1b: Incineroar|Fake Out|p2b: Joey
|-damage|p2b: Joey|20/100y
|move|p1a: Kommo-o|Aura Sphere|p2b: Joey
|-supereffective|p2b: Joey|1
|-damage|p2b: Joey|0 fnt
|faint|p2b: Joey
|
|win|mikelpoyarzabal
