|j|☆immmcanadian
|j|☆Joey Snowball
|html|immmcanadianJoey Snowball    
|uhtml|bestof|Game 1 of a best-of-3
|t:|1783787875
|gametype|doubles
|player|p1|immmcanadian|170|
|player|p2|Joey Snowball|266|
|gen|9
|tier|[Gen 9 Champions] VGC 2026 Reg M-B (Bo3)
|rule|Species Clause: Limit one of each Pokémon
|rule|Item Clause: Limit 1 of each item
|clearpoke
|poke|p1|Skeledirge, L50, M, shiny|
|poke|p1|Gholdengo, L50|
|poke|p1|Froslass, L50, F, shiny|
|poke|p1|Archaludon, L50, M|
|poke|p1|Gallade, L50, M|
|poke|p1|Scrafty, L50, M|
|poke|p2|Basculegion-F, L50, F|
|poke|p2|Sinistcha, L50|
|poke|p2|Wyrdeer, L50, F|
|poke|p2|Gyarados, L50, M|
|poke|p2|Blaziken, L50, M|
|poke|p2|Lycanroc-Dusk, L50, M|
|teampreview|4
|showteam|p1|Skeledirge||SitrusBerry|Blaze|TorchSong,Yawn,Protect,Overheat|Modest||M|||50|]Gholdengo||LifeOrb|GoodasGold|MakeItRain,NastyPlot,Surf,Recover|Bold|||||50|]Froslass||Froslassite|SnowCloak|Blizzard,Protect,WillOWisp,Thunderbolt|Gentle||F|||50|]Archaludon||Leftovers|Stamina|ElectroShot,Protect,FlashCannon,DragonTail|Relaxed||M|||50|]Gallade||ChoiceScarf|Sharpness|SacredSword,AerialAce,SolarBlade,ZenHeadbutt|Adamant||M|||50|]Scrafty||Scraftinite|Intimidate|KnockOff,DrainPunch,FoulPlay,HeadSmash|Jolly||M|||50|
|showteam|p2|Basculegion-F||ChoiceScarf|Adaptability|ShadowBall,MuddyWater,Surf,Blizzard|Mild||F|||50|]Sinistcha||QuickClaw|Hospitality|MatchaGotcha,NastyPlot,TrickRoom,ShadowBall|Modest|||||50|]Wyrdeer||SilkScarf|Frisk|PsyshieldBash,GigaImpact,Thrash,ThroatChop|Adamant||F|||50|]Gyarados||Gyaradosite|Intimidate|Waterfall,StoneEdge,Protect,PowerWhip|Relaxed||M|||50|]Blaziken||Blazikenite|Blaze|CloseCombat,FlareBlitz,KnockOff,Protect|Adamant||M|||50|]Lycanroc-Dusk||FocusSash|ToughClaws|RockSlide,Protect,LastResort,SuckerPunch|Adamant||M|||50|
|inactive|Battle timer is ON: inactive players will automatically lose when time's up. (requested by Joey Snowball)
|j| prophetcassandra
|inactive|immmcanadian has 60 seconds left.
|
|t:|1783787926
|teamsize|p1|4
|teamsize|p2|4
|start
|switch|p1a: Scrafty|Scrafty, L50, M|100/100
|switch|p1b: Froslass|Froslass, L50, F, shiny|100/100
|switch|p2a: Good ol reliable|Basculegion-F, L50, F|100/100
|switch|p2b: matcha at home|Sinistcha, L50|100/100
|-ability|p1a: Scrafty|Intimidate|boost
|-unboost|p2a: Good ol reliable|atk|1
|-unboost|p2b: matcha at home|atk|1
|turn|1
|inactive|immmcanadian has 30 seconds left.
|inactive|Joey Snowball has 30 seconds left.
|inactive|Joey Snowball has 20 seconds left.
|inactive|Joey Snowball has 15 seconds left.
|
|t:|1783787970
|switch|p2b: mega moxie|Gyarados, L50, M|100/100
|-ability|p2b: mega moxie|Intimidate|boost
|-unboost|p1a: Scrafty|atk|1
|-unboost|p1b: Froslass|atk|1
|move|p1b: Froslass|Protect|p1b: Froslass
|-singleturn|p1b: Froslass|Protect
|move|p2a: Good ol reliable|Shadow Ball|p1b: Froslass
|-activate|p1b: Froslass|move: Protect
|move|p1a: Scrafty|Knock Off|p2b: mega moxie
|-damage|p2b: mega moxie|84/100
|
|upkeep
|turn|2
|inactive|immmcanadian has 30 seconds left.
|inactive|Joey Snowball has 30 seconds left.
|inactive|immmcanadian has 20 seconds left.
|inactive|immmcanadian has 15 seconds left.
|inactive|immmcanadian has 10 seconds left.
|
|t:|1783788016
|switch|p1b: Archaludon|Archaludon, L50, M|100/100
|move|p2a: Good ol reliable|Shadow Ball|p1b: Archaludon
|-damage|p1b: Archaludon|27/100
|-ability|p1b: Archaludon|Stamina|boost
|-boost|p1b: Archaludon|def|1
|move|p1a: Scrafty|Knock Off|p2a: Good ol reliable
|-supereffective|p2a: Good ol reliable|1
|-damage|p2a: Good ol reliable|22/100
|-enditem|p2a: Good ol reliable|Choice Scarf|[from] move: Knock Off|[of] p1a: Scrafty
|move|p2b: mega moxie|Waterfall|p1a: Scrafty
|-damage|p1a: Scrafty|57/100
|
|-heal|p1b: Archaludon|33/100|[from] item: Leftovers
|upkeep
|turn|3
|inactive|immmcanadian has 30 seconds left.
|inactive|Joey Snowball has 30 seconds left.
|inactive|immmcanadian has 20 seconds left.
|inactive|Joey Snowball has 20 seconds left.
|inactive|immmcanadian has 15 seconds left.
|
|t:|1783788056
|switch|p2a: Not in Uber|Blaziken, L50, M|100/100
|move|p1b: Archaludon|Protect|p1b: Archaludon
|-singleturn|p1b: Archaludon|Protect
|move|p1a: Scrafty|Knock Off|p2a: Not in Uber
|-resisted|p2a: Not in Uber|1
|-damage|p2a: Not in Uber|87/100
|move|p2b: mega moxie|Waterfall|p1a: Scrafty
|-damage|p1a: Scrafty|10/100
|
|-heal|p1b: Archaludon|39/100|[from] item: Leftovers
|upkeep
|turn|4
|inactive|immmcanadian has 30 seconds left.
|inactive|Joey Snowball has 30 seconds left.
|inactive|immmcanadian has 20 seconds left.
|inactive|immmcanadian has 15 seconds left.
|inactive|immmcanadian has 10 seconds left.
|
|t:|1783788103
|detailschange|p2a: Not in Uber|Blaziken-Mega, L50, M
|-mega|p2a: Not in Uber|Blaziken|Blazikenite
|move|p2a: Not in Uber|Close Combat|p1b: Archaludon
|-supereffective|p1b: Archaludon|1
|-damage|p1b: Archaludon|0 fnt
|-unboost|p2a: Not in Uber|def|1
|-unboost|p2a: Not in Uber|spd|1
|faint|p1b: Archaludon
|move|p1a: Scrafty|Head Smash|p2b: mega moxie
|-supereffective|p2b: mega moxie|1
|-damage|p2b: mega moxie|31/100
|-damage|p1a: Scrafty|0 fnt|[from] Recoil
|faint|p1a: Scrafty
|move|p2b: mega moxie|Waterfall|p1: Scrafty|[notarget]
|-fail|p2b: mega moxie
|
|-ability|p2a: Not in Uber|Speed Boost|boost
|-boost|p2a: Not in Uber|spe|1
|upkeep
|
|t:|1783788117
|switch|p1a: Froslass|Froslass, L50, F, shiny|100/100
|switch|p1b: Gallade|Gallade, L50, M|100/100
|turn|5
|inactive|Joey Snowball has 30 seconds left.
|
|t:|1783788147
|detailschange|p1a: Froslass|Froslass-Mega, L50, F, shiny
|-mega|p1a: Froslass|Froslass|Froslassite
|-weather|Snowscape|[from] ability: Snow Warning|[of] p1a: Froslass
|move|p2a: Not in Uber|Protect|p2a: Not in Uber
|-singleturn|p2a: Not in Uber|Protect
|move|p1b: Gallade|Zen Headbutt|p2a: Not in Uber
|-activate|p2a: Not in Uber|move: Protect
|move|p1a: Froslass|Blizzard|p2a: Not in Uber|[spread] p2b
|-activate|p2a: Not in Uber|move: Protect
|-damage|p2b: mega moxie|0 fnt
|faint|p2b: mega moxie
|
|-weather|Snowscape|[upkeep]
|-ability|p2a: Not in Uber|Speed Boost|boost
|-boost|p2a: Not in Uber|spe|1
|upkeep
|
|t:|1783788164
|switch|p2b: matcha at home|Sinistcha, L50|100/100
|-heal|p2a: Not in Uber|100/100|[from] ability: Hospitality|[of] p2b: matcha at home
|turn|6
|inactive|immmcanadian has 30 seconds left.
|-activate|p2b: matcha at home|item: Quick Claw
|
|t:|1783788193
|move|p2b: matcha at home|Shadow Ball|p1b: Gallade
|-supereffective|p1b: Gallade|1
|-damage|p1b: Gallade|16/100
|move|p2a: Not in Uber|Flare Blitz|p1a: Froslass
|-supereffective|p1a: Froslass|1
|-damage|p1a: Froslass|0 fnt
|faint|p1a: Froslass
|-damage|p2a: Not in Uber|69/100|[from] Recoil
|move|p1b: Gallade|Zen Headbutt|p2a: Not in Uber
|-supereffective|p2a: Not in Uber|1
|-damage|p2a: Not in Uber|0 fnt
|faint|p2a: Not in Uber
|
|-weather|Snowscape|[upkeep]
|upkeep
|
|t:|1783788205
|switch|p2a: Good ol reliable|Basculegion-F, L50, F|22/100
|turn|7
|
|t:|1783788216
|move|p1b: Gallade|Zen Headbutt|p2a: Good ol reliable
|-damage|p2a: Good ol reliable|0 fnt
|faint|p2a: Good ol reliable
|move|p2b: matcha at home|Shadow Ball|p1b: Gallade
|-supereffective|p1b: Gallade|1
|-damage|p1b: Gallade|0 fnt
|faint|p1b: Gallade
|
|win|Joey Snowball
||immmcanadian is ready for game 2.
