|j|☆25th_mang
|j|☆efwefwefwefweifier
|html|25th_mangefwefwefwefweifier    
|uhtml|bestof|Game 1 of a best-of-3
|t:|1756708380
|gametype|doubles
|player|p1|25th_mang|ballguy|1106
|player|p2|efwefwefwefweifier|juan|1109
|gen|9
|tier|[Gen 9] VGC 2025 Reg H (Bo3)
|rated|
|rule|Species Clause: Limit one of each Pokémon
|rule|Item Clause: Limit 1 of each item
|clearpoke
|poke|p1|Pelipper, L50, F|
|poke|p1|Archaludon, L50, F|
|poke|p1|Quaquaval, L50, F|
|poke|p1|Kingambit, L50, F|
|poke|p1|Rillaboom, L50, F|
|poke|p1|Dragapult, L50, F|
|poke|p2|Porygon2, L50|
|poke|p2|Ursaluna, L50, M|
|poke|p2|Gholdengo, L50|
|poke|p2|Sneasler, L50, F|
|poke|p2|Dragonite, L50, M|
|poke|p2|Amoonguss, L50, M|
|teampreview|4
|showteam|p1|Pelipper||ChoiceScarf|Drizzle|Hurricane,WeatherBall,Tailwind,Uturn|||F|||50|,,,,,Ghost]Archaludon||ChoiceSpecs|Sturdy|ElectroShot,FlashCannon,DracoMeteor,DragonPulse|||F|||50|,,,,,Electric]Quaquaval||FocusSash|Moxie|AquaStep,UpperHand,CloseCombat,Protect|||F|||50|,,,,,Water]Kingambit||BlackGlasses|Defiant|KowtowCleave,SuckerPunch,IronHead,Protect|||F|||50|,,,,,Dark]Rillaboom||AssaultVest|GrassySurge|FakeOut,WoodHammer,GrassyGlide,Uturn|||F|||50|,,,,,Fire]Dragapult||ChoiceBand|ClearBody|DragonDarts,Outrage,PhantomForce,Uturn|||F|||50|,,,,,Dragon
|showteam|p2|Porygon2||Eviolite|Download|TeraBlast,TrickRoom,IceBeam,Recover||||||50|,,,,,Fighting]Ursaluna||FlameOrb|Guts|Facade,HeadlongRush,Substitute,Protect|||M|||50|,,,,,Ghost]Gholdengo||MetalCoat|GoodasGold|MakeItRain,ShadowBall,NastyPlot,Protect||||||50|,,,,,Dragon]Sneasler||FocusSash|Unburden|DireClaw,CloseCombat,FakeOut,Coaching|||F|||50|,,,,,Stellar]Dragonite||LoadedDice|Multiscale|ScaleShot,StompingTantrum,Protect,Tailwind|||M|||50|,,,,,Steel]Amoonguss||CovertCloak|Regenerator|ClearSmog,RagePowder,Spore,PollenPuff|||M|||50|,,,,,Fairy
|inactive|Battle timer is ON: inactive players will automatically lose when time's up. (requested by efwefwefwefweifier)
|inactive|25th_mang also wants the timer to be on.
|inactive|25th_mang has 60 seconds left.
|inactive|25th_mang has 30 seconds left.
|
|t:|1756708445
|teamsize|p1|4
|teamsize|p2|4
|start
|switch|p1a: dahyun|Pelipper, L50, F|100/100
|switch|p1b: jihyo|Rillaboom, L50, F, shiny|100/100
|switch|p2a: Gholdengo|Gholdengo, L50|100/100
|switch|p2b: Sneasler|Sneasler, L50, F|100/100
|-weather|RainDance|[from] ability: Drizzle|[of] p1a: dahyun
|-fieldstart|move: Grassy Terrain|[from] ability: Grassy Surge|[of] p1b: jihyo
|turn|1
|inactive|25th_mang has 30 seconds left.
|inactive|25th_mang has 20 seconds left.
|inactive|25th_mang has 15 seconds left.
|inactive|25th_mang has 10 seconds left.
|
|t:|1756708491
|-terastallize|p1a: dahyun|Ghost
|move|p2b: Sneasler|Fake Out|p1b: jihyo
|-damage|p1b: jihyo|86/100
|move|p1a: dahyun|Weather Ball|p2a: Gholdengo
|-damage|p2a: Gholdengo|45/100
|move|p2a: Gholdengo|Nasty Plot|p2a: Gholdengo
|-boost|p2a: Gholdengo|spa|2
|cant|p1b: jihyo|flinch
|
|-weather|RainDance|[upkeep]
|-heal|p2a: Gholdengo|51/100|[from] Grassy Terrain
|-heal|p1b: jihyo|92/100|[from] Grassy Terrain
|upkeep
|turn|2
|inactive|25th_mang has 30 seconds left.
|inactive|efwefwefwefweifier has 30 seconds left.
|
|t:|1756708527
|move|p2a: Gholdengo|Protect|p2a: Gholdengo
|-singleturn|p2a: Gholdengo|Protect
|move|p1a: dahyun|Weather Ball|p2a: Gholdengo
|-activate|p2a: Gholdengo|move: Protect
|move|p2b: Sneasler|Dire Claw|p1a: dahyun
|-resisted|p1a: dahyun
|-damage|p1a: dahyun|73/100
|-status|p1a: dahyun|par
|move|p1b: jihyo|U-turn|p2a: Gholdengo
|-activate|p2a: Gholdengo|move: Protect
|
|-weather|RainDance|[upkeep]
|-heal|p2a: Gholdengo|57/100|[from] Grassy Terrain
|-heal|p1b: jihyo|98/100|[from] Grassy Terrain
|-heal|p1a: dahyun|78/100 par|[from] Grassy Terrain
|upkeep
|turn|3
|inactive|25th_mang has 30 seconds left.
|inactive|efwefwefwefweifier has 30 seconds left.
|
|t:|1756708553
|move|p2b: Sneasler|Dire Claw|p1b: jihyo
|-supereffective|p1b: jihyo
|-damage|p1b: jihyo|8/100
|move|p2a: Gholdengo|Make It Rain|p1a: dahyun|[spread] p1a,p1b
|-damage|p1a: dahyun|0 fnt
|-damage|p1b: jihyo|0 fnt
|-unboost|p2a: Gholdengo|spa|1
|faint|p1a: dahyun
|faint|p1b: jihyo
|
|-weather|RainDance|[upkeep]
|-heal|p2a: Gholdengo|63/100|[from] Grassy Terrain
|upkeep
|
|t:|1756708561
|switch|p1a: tzuyu|Archaludon, L50, F, shiny|100/100
|switch|p1b: momo|Quaquaval, L50, F, shiny|100/100
|turn|4
|
|t:|1756708586
|move|p2a: Gholdengo|Protect|p2a: Gholdengo
|-singleturn|p2a: Gholdengo|Protect
|move|p2b: Sneasler|Close Combat|p1a: tzuyu
|-supereffective|p1a: tzuyu
|-ability|p1a: tzuyu|Sturdy
|-damage|p1a: tzuyu|1/100
|-unboost|p2b: Sneasler|def|1
|-unboost|p2b: Sneasler|spd|1
|move|p1a: tzuyu|Dragon Pulse|p2a: Gholdengo
|-activate|p2a: Gholdengo|move: Protect
|move|p1b: momo|Aqua Step|p2a: Gholdengo
|-activate|p2a: Gholdengo|move: Protect
|
|-weather|RainDance|[upkeep]
|-heal|p1a: tzuyu|7/100|[from] Grassy Terrain
|-heal|p2a: Gholdengo|69/100|[from] Grassy Terrain
|upkeep
|turn|5
|
|t:|1756708610
|-terastallize|p2a: Gholdengo|Dragon
|move|p2b: Sneasler|Close Combat|p1a: tzuyu
|-supereffective|p1a: tzuyu
|-damage|p1a: tzuyu|0 fnt
|-unboost|p2b: Sneasler|def|1
|-unboost|p2b: Sneasler|spd|1
|faint|p1a: tzuyu
|move|p1b: momo|Aqua Step|p2a: Gholdengo
|-resisted|p2a: Gholdengo
|-damage|p2a: Gholdengo|39/100
|-boost|p1b: momo|spe|1
|move|p2a: Gholdengo|Shadow Ball|p1b: momo
|-damage|p1b: momo|14/100
|
|-weather|none
|-heal|p1b: momo|20/100|[from] Grassy Terrain
|-heal|p2a: Gholdengo|45/100|[from] Grassy Terrain
|-fieldend|move: Grassy Terrain
|upkeep
|turn|6
|
|t:|1756708625
|move|p1b: momo|Aqua Step|p2a: Gholdengo
|-resisted|p2a: Gholdengo
|-damage|p2a: Gholdengo|26/100
|-boost|p1b: momo|spe|1
|move|p2b: Sneasler|Close Combat|p1b: momo
|-damage|p1b: momo|0 fnt
|-unboost|p2b: Sneasler|def|1
|-unboost|p2b: Sneasler|spd|1
|faint|p1b: momo
|
|win|efwefwefwefweifier
