|j|☆minasdevilcrobats
|j|☆tlowmills
|html|minasdevilcrobatstlowmills    
|uhtml|bestof|Game 1 of a best-of-3
|t:|1756309025
|gametype|doubles
|player|p1|minasdevilcrobats|darach-caitlin|1101
|player|p2|tlowmills|101|1081
|gen|9
|tier|[Gen 9] VGC 2025 Reg H (Bo3)
|rated|
|rule|Species Clause: Limit one of each Pokémon
|rule|Item Clause: Limit 1 of each item
|clearpoke
|poke|p1|Dudunsparce-*, L50, M|
|poke|p1|Whimsicott, L50, M|
|poke|p1|Maushold, L50|
|poke|p1|Annihilape, L50, F|
|poke|p1|Kommo-o, L50, F|
|poke|p1|Incineroar, L50, M|
|poke|p2|Typhlosion-Hisui, L50, M|
|poke|p2|Whimsicott, L50, F|
|poke|p2|Ursaluna-Bloodmoon, L50, M|
|poke|p2|Primarina, L50, F|
|poke|p2|Meowscarada, L50, M|
|poke|p2|Farigiraf, L50, F|
|teampreview|4
|showteam|p1|Dudunsparce||WeaknessPolicy|Rattled|Boomburst,ShadowBall,Roost,Protect|||M|||50|,,,,,Ghost]Whimsicott||CovertCloak|Prankster|Tailwind,Moonblast,Encore,BeatUp|||M|||50|,,,,,Water]Maushold||FocusSash|FriendGuard|LowKick,BeatUp,FollowMe,Protect||||||50|,,,,,Ghost]Annihilape||SafetyGoggles|Defiant|DrainPunch,RageFist,BulkUp,Protect|||F|||50|,,,,,Water]Kommo-o||ThroatSpray|Soundproof|ClangorousSoul,ClangingScales,Flamethrower,Protect|||F|||50|,,,,,Fire]Incineroar||AssaultVest|Intimidate|FlareBlitz,KnockOff,FakeOut,Uturn|||M|||50|,,,,,Grass
|showteam|p2|Typhlosion-Hisui||Charcoal|Blaze|Eruption,HeatWave,ShadowBall,Protect|||M|||50|,,,,,Fire]Whimsicott||CovertCloak|Prankster|Tailwind,Moonblast,SunnyDay,Encore|||F|||50|,,,,,Dark]Ursaluna-Bloodmoon||LifeOrb|MindsEye|HyperVoice,BloodMoon,EarthPower,Protect|||M|||50|,,,,,Normal]Primarina||ThroatSpray|LiquidVoice|Moonblast,HyperVoice,Haze,Protect|||F|||50|,,,,,Grass]Meowscarada||FocusSash|Protean|FlowerTrick,KnockOff,Uturn,Protect|||M|||50|,,,,,Grass]Farigiraf||SafetyGoggles|ArmorTail|PsychicNoise,HyperVoice,HelpingHand,TrickRoom|||F|||50|,,,,,Fire
|inactive|Battle timer is ON: inactive players will automatically lose when time's up. (requested by tlowmills)
|inactive|minasdevilcrobats has 60 seconds left.
|
|t:|1756309058
|teamsize|p1|4
|teamsize|p2|4
|start
|switch|p1a: Dudunsparce|Dudunsparce, L50, M|100/100
|switch|p1b: Whimsicott|Whimsicott, L50, M|100/100
|switch|p2a: Farigiraf|Farigiraf, L50, F|100/100
|switch|p2b: Primarina|Primarina, L50, F|100/100
|turn|1
|
|t:|1756309081
|switch|p1b: Annihilape|Annihilape, L50, F|100/100
|move|p1a: Dudunsparce|Boomburst|p2a: Farigiraf|[spread] p2a,p2b
|-immune|p1b: Annihilape
|-damage|p2a: Farigiraf|63/100
|-damage|p2b: Primarina|63/100
|move|p2b: Primarina|Hyper Voice|p1a: Dudunsparce|[spread] p1a,p1b
|-damage|p1a: Dudunsparce|63/100
|-damage|p1b: Annihilape|73/100
|-enditem|p2b: Primarina|Throat Spray
|-boost|p2b: Primarina|spa|1|[from] item: Throat Spray
|move|p2a: Farigiraf|Trick Room|p2a: Farigiraf
|-fieldstart|move: Trick Room|[of] p2a: Farigiraf
|
|upkeep
|turn|2
|inactive|minasdevilcrobats has 30 seconds left.
|
|t:|1756309108
|-terastallize|p1b: Annihilape|Water
|move|p2a: Farigiraf|Helping Hand|p2b: Primarina
|-singleturn|p2b: Primarina|Helping Hand|[of] p2a: Farigiraf
|move|p2b: Primarina|Hyper Voice|p1a: Dudunsparce|[spread] p1a,p1b
|-resisted|p1b: Annihilape
|-damage|p1a: Dudunsparce|0 fnt
|-damage|p1b: Annihilape|42/100
|faint|p1a: Dudunsparce
|move|p1b: Annihilape|Rage Fist|p2b: Primarina
|-damage|p2b: Primarina|1/100
|
|upkeep
|
|t:|1756309120
|switch|p1a: Incineroar|Incineroar, L50, M|100/100
|-ability|p1a: Incineroar|Intimidate|boost
|-unboost|p2a: Farigiraf|atk|1
|-unboost|p2b: Primarina|atk|1
|turn|3
|
|t:|1756309143
|move|p2a: Farigiraf|Psychic Noise|p1b: Annihilape
|-damage|p1b: Annihilape|19/100
|-start|p1b: Annihilape|move: Heal Block
|move|p2b: Primarina|Hyper Voice|p1b: Annihilape|[spread] p1a,p1b
|-supereffective|p1a: Incineroar
|-resisted|p1b: Annihilape
|-damage|p1a: Incineroar|43/100
|-damage|p1b: Annihilape|0 fnt
|faint|p1b: Annihilape
|move|p1a: Incineroar|U-turn|p2b: Primarina
|-resisted|p2b: Primarina
|-damage|p2b: Primarina|0 fnt
|faint|p2b: Primarina
|
|t:|1756309150
|switch|p1a: Whimsicott|Whimsicott, L50, M|100/100|[from] U-turn
|
|upkeep
|
|t:|1756309153
|switch|p2b: Ursaluna|Ursaluna-Bloodmoon, L50, M|100/100
|switch|p1b: Incineroar|Incineroar, L50, M|43/100
|-ability|p1b: Incineroar|Intimidate|boost
|-unboost|p2a: Farigiraf|atk|1
|-unboost|p2b: Ursaluna|atk|1
|turn|4
|
|t:|1756309161
|move|p2b: Ursaluna|Protect|p2b: Ursaluna
|-singleturn|p2b: Ursaluna|Protect
|move|p2a: Farigiraf|Hyper Voice|p1a: Whimsicott|[spread] p1a,p1b
|-damage|p1a: Whimsicott|65/100
|-damage|p1b: Incineroar|26/100
|move|p1b: Incineroar|Flare Blitz|p2b: Ursaluna
|-activate|p2b: Ursaluna|move: Protect
|move|p1a: Whimsicott|Moonblast|p2b: Ursaluna
|-activate|p2b: Ursaluna|move: Protect
|
|upkeep
|turn|5
|
|t:|1756309168
|move|p2a: Farigiraf|Hyper Voice|p1a: Whimsicott|[spread] p1a,p1b
|-damage|p1a: Whimsicott|29/100
|-damage|p1b: Incineroar|10/100
|move|p1b: Incineroar|Flare Blitz|p2b: Ursaluna
|-damage|p2b: Ursaluna|56/100
|-damage|p1b: Incineroar|0 fnt|[from] Recoil
|faint|p1b: Incineroar
|move|p2b: Ursaluna|Hyper Voice|p1a: Whimsicott
|-damage|p1a: Whimsicott|0 fnt
|faint|p1a: Whimsicott
|-damage|p2b: Ursaluna|47/100|[from] item: Life Orb
|
|win|tlowmills
||minasdevilcrobats is ready for game 2.
||tlowmills is ready for game 2.
|uhtml|next|Next: Game 2 of 3
