|j|☆FalkyriaX
|j|☆Pre-Burnt Tower
|html|FalkyriaXPre-Burnt Tower    
|uhtml|bestof|Game 2 of a best-of-3
|t:|1757930075
|gametype|doubles
|player|p1|FalkyriaX|265|1053
|player|p2|Pre-Burnt Tower|265|1147
|gen|9
|tier|[Gen 9] VGC 2025 Reg H (Bo3)
|rated|
|rule|Species Clause: Limit one of each Pokémon
|rule|Item Clause: Limit 1 of each item
|clearpoke
|poke|p1|Dragonite, L50, F|
|poke|p1|Ninetales-Alola, L50, F|
|poke|p1|Annihilape, L50, F|
|poke|p1|Gholdengo, L50|
|poke|p1|Ursaluna-Bloodmoon, L50, M|
|poke|p1|Arcanine, L50, M|
|poke|p2|Annihilape, L50, F|
|poke|p2|Incineroar, L50, M|
|poke|p2|Ursaluna-Bloodmoon, L50, M|
|poke|p2|Ribombee, L50, F|
|poke|p2|Gholdengo, L50|
|poke|p2|Dragonite, L50, F|
|teampreview|4
|showteam|p1|Dragonite||LoadedDice|Multiscale|Haze,ScaleShot,StompingTantrum,ExtremeSpeed|||F|||50|,,,,,Normal]Ninetales-Alola||LightClay|SnowWarning|Protect,Moonblast,IcyWind,AuroraVeil|||F|||50|,,,,,Ghost]Annihilape||Leftovers|Defiant|Protect,RageFist,DrainPunch,BulkUp|||F|||50|,,,,,Fire]Gholdengo||MetalCoat|GoodasGold|Protect,NastyPlot,ShadowBall,MakeItRain||||||50|,,,,,Dragon]Ursaluna-Bloodmoon||AssaultVest|MindsEye|EarthPower,BloodMoon,HyperVoice,VacuumWave|||M|||50|,,,,,Ghost]Arcanine||SafetyGoggles|Intimidate|Snarl,WillOWisp,Flamethrower,Protect|||M|||50|,,,,,Dragon
|showteam|p2|Annihilape||SafetyGoggles|Defiant|CloseCombat,FinalGambit,Taunt,RageFist|||F|||50|,,,,,Fire]Incineroar||AssaultVest|Intimidate|Uturn,FakeOut,FlareBlitz,KnockOff|||M|||50|,,,,,Grass]Ursaluna-Bloodmoon||ThroatSpray|MindsEye|BloodMoon,HyperVoice,EarthPower,Protect|||M|||50|,,,,,Normal]Ribombee||FocusSash|ShieldDust|Moonblast,FakeTears,Tailwind,Protect|||F|||50|,,,,,Ghost]Gholdengo||ChoiceSpecs|GoodasGold|MakeItRain,ShadowBall,Trick,Protect||||||50|,,,,,Steel]Dragonite||LoadedDice|Multiscale|ScaleShot,IceSpinner,ExtremeSpeed,Protect|||F|||50|,,,,,Steel
|
|t:|1757930105
|teamsize|p1|4
|teamsize|p2|4
|start
|switch|p1a: Arcanine|Arcanine, L50, M|100/100
|switch|p1b: Annihilape|Annihilape, L50, F|100/100
|switch|p2a: Annihilape|Annihilape, L50, F|100/100
|switch|p2b: Ribombee|Ribombee, L50, F|100/100
|-ability|p1a: Arcanine|Intimidate|boost
|-unboost|p2a: Annihilape|atk|1
|-ability|p2a: Annihilape|Defiant|boost
|-boost|p2a: Annihilape|atk|2
|-unboost|p2b: Ribombee|atk|1
|turn|1
|
|t:|1757930142
|-terastallize|p1b: Annihilape|Fire
|move|p2b: Ribombee|Tailwind|p2b: Ribombee
|-sidestart|p2: Pre-Burnt Tower|move: Tailwind
|move|p2a: Annihilape|Taunt|p1a: Arcanine
|-start|p1a: Arcanine|move: Taunt
|move|p1a: Arcanine|Flamethrower|p2b: Ribombee
|-supereffective|p2b: Ribombee
|-enditem|p2b: Ribombee|Focus Sash
|-damage|p2b: Ribombee|1/100
|move|p1b: Annihilape|Bulk Up|p1b: Annihilape
|-boost|p1b: Annihilape|atk|1
|-boost|p1b: Annihilape|def|1
|
|upkeep
|turn|2
|
|t:|1757930177
|switch|p1a: Gholdengo|Gholdengo, L50|100/100
|move|p2b: Ribombee|Protect|p2b: Ribombee
|-singleturn|p2b: Ribombee|Protect
|move|p2a: Annihilape|Final Gambit|p1b: Annihilape
|-damage|p1b: Annihilape|0 fnt
|faint|p2a: Annihilape
|faint|p1b: Annihilape
|
|upkeep
|
|t:|1757930194
|switch|p2a: Incineroar|Incineroar, L50, M|100/100
|switch|p1b: Arcanine|Arcanine, L50, M|100/100
|-ability|p2a: Incineroar|Intimidate|boost
|-unboost|p1a: Gholdengo|atk|1
|-unboost|p1b: Arcanine|atk|1
|-ability|p1b: Arcanine|Intimidate|boost
|-unboost|p2a: Incineroar|atk|1
|-unboost|p2b: Ribombee|atk|1
|turn|3
|
|t:|1757930216
|switch|p2b: Gholdengo|Gholdengo, L50|100/100
|move|p2a: Incineroar|Fake Out|p1b: Arcanine
|-damage|p1b: Arcanine|92/100
|cant|p1b: Arcanine|flinch
|move|p1a: Gholdengo|Nasty Plot|p1a: Gholdengo
|-boost|p1a: Gholdengo|spa|2
|
|upkeep
|turn|4
|
|t:|1757930251
|move|p1a: Gholdengo|Protect|p1a: Gholdengo
|-singleturn|p1a: Gholdengo|Protect
|move|p2b: Gholdengo|Shadow Ball|p1b: Arcanine
|-damage|p1b: Arcanine|20/100
|move|p2a: Incineroar|Flare Blitz|p1a: Gholdengo
|-activate|p1a: Gholdengo|move: Protect
|move|p1b: Arcanine|Snarl|p2a: Incineroar|[spread] p2a
|-miss|p1b: Arcanine|p2b: Gholdengo
|-resisted|p2a: Incineroar
|-damage|p2a: Incineroar|98/100
|-unboost|p2a: Incineroar|spa|1
|
|-sideend|p2: Pre-Burnt Tower|move: Tailwind
|upkeep
|turn|5
|
|t:|1757930284
|move|p1b: Arcanine|Snarl|p2b: Gholdengo|[spread] p2a,p2b
|-resisted|p2a: Incineroar
|-supereffective|p2b: Gholdengo
|-damage|p2a: Incineroar|95/100
|-damage|p2b: Gholdengo|79/100
|-unboost|p2a: Incineroar|spa|1
|-unboost|p2b: Gholdengo|spa|1
|move|p1a: Gholdengo|Shadow Ball|p2b: Gholdengo
|-supereffective|p2b: Gholdengo
|-damage|p2b: Gholdengo|0 fnt
|faint|p2b: Gholdengo
|move|p2a: Incineroar|U-turn|p1b: Arcanine
|-resisted|p1b: Arcanine
|-damage|p1b: Arcanine|11/100
|
|t:|1757930296
|switch|p2a: Ribombee|Ribombee, L50, F|1/100|[from] U-turn
|
|upkeep
|
|t:|1757930300
|switch|p2b: Incineroar|Incineroar, L50, M|95/100
|-ability|p2b: Incineroar|Intimidate|boost
|-unboost|p1a: Gholdengo|atk|1
|-unboost|p1b: Arcanine|atk|1
|turn|6
|
|t:|1757930311
|move|p1b: Arcanine|Protect|p1b: Arcanine
|-singleturn|p1b: Arcanine|Protect
|move|p2a: Ribombee|Moonblast|p1b: Arcanine
|-activate|p1b: Arcanine|move: Protect
|move|p1a: Gholdengo|Make It Rain|p2b: Incineroar|[spread] p2a,p2b
|-supereffective|p2a: Ribombee
|-resisted|p2b: Incineroar
|-crit|p2b: Incineroar
|-damage|p2a: Ribombee|0 fnt
|-damage|p2b: Incineroar|37/100
|-unboost|p1a: Gholdengo|spa|1
|faint|p2a: Ribombee
|move|p2b: Incineroar|Knock Off|p1a: Gholdengo
|-supereffective|p1a: Gholdengo
|-damage|p1a: Gholdengo|11/100
|-enditem|p1a: Gholdengo|Metal Coat|[from] move: Knock Off|[of] p2b: Incineroar
|
|upkeep
|turn|7
|
|t:|1757930332
|move|p1b: Arcanine|Flamethrower|p2b: Incineroar
|-resisted|p2b: Incineroar
|-damage|p2b: Incineroar|28/100
|move|p1a: Gholdengo|Make It Rain|p2b: Incineroar
|-resisted|p2b: Incineroar
|-damage|p2b: Incineroar|1/100
|-unboost|p1a: Gholdengo|spa|1
|move|p2b: Incineroar|Flare Blitz|p1a: Gholdengo
|-supereffective|p1a: Gholdengo
|-damage|p1a: Gholdengo|0 fnt
|faint|p1a: Gholdengo
|-damage|p2b: Incineroar|0 fnt|[from] Recoil
|faint|p2b: Incineroar
|
|win|FalkyriaX
|inactive|FalkyriaX has 30 seconds to confirm battle start!
|inactive|Pre-Burnt Tower has 30 seconds to confirm battle start!
||Pre-Burnt Tower is ready for game 3.
|inactive|FalkyriaX has 20 seconds to confirm battle start!
||FalkyriaX is ready for game 3.
|uhtml|next|Next: Game 3 of 3
