|j|☆keyson7
|j|☆DragonairJordan23
|html|keyson7DragonairJordan23    
|uhtml|bestof|Game 2 of a best-of-3
|t:|1785821828
|gametype|doubles
|player|p1|keyson7|richboy-gen4|1193
|player|p2|DragonairJordan23|dancer|1089
|gen|9
|tier|[Gen 9 Champions] VGC 2026 Reg M-B (Bo3)
|rated|
|rule|Species Clause: Limit one of each Pokémon
|rule|Item Clause: Limit 1 of each item
|clearpoke
|poke|p1|Charizard, L50, M|
|poke|p1|Aerodactyl, L50, M|
|poke|p1|Farigiraf, L50, F|
|poke|p1|Garchomp, L50, M|
|poke|p1|Incineroar, L50, M|
|poke|p1|Torkoal, L50, M|
|poke|p2|Grimmsnarl, L50, M|
|poke|p2|Slowbro, L50, F|
|poke|p2|Glimmora, L50, F|
|poke|p2|Sinistcha, L50|
|poke|p2|Blaziken, L50, F|
|poke|p2|Kingambit, L50, M|
|teampreview|4
|showteam|p1|Charizard||CharizarditeY|SolarPower|HeatWave,SolarBeam,WeatherBall,Protect|Modest||M|||50|]Aerodactyl||Aerodactylite|Unnerve|RockSlide,DualWingbeat,IceFang,Tailwind|Adamant||M|||50|]Farigiraf||ColburBerry|ArmorTail|Psychic,Thunderbolt,TrickRoom,Protect|Bold||F|||50|]Garchomp||LifeOrb|RoughSkin|Earthquake,DragonClaw,StompingTantrum,Protect|Jolly||M|||50|]Incineroar||SitrusBerry|Intimidate|DarkestLariat,FakeOut,FlareBlitz,CloseCombat|Adamant||M|||50|]Torkoal||Charcoal|Drought|Eruption,WeatherBall,SolarBeam,Protect|Quiet||M|||50|
|showteam|p2|Grimmsnarl||LightClay|Prankster|FoulPlay,LightScreen,Reflect,PartingShot|Careful||M|||50|]Slowbro||Slowbronite|Regenerator|SlackOff,StoredPower,Scald,CalmMind|Relaxed||F|||50|]Glimmora||SitrusBerry|ToxicDebris|MortalSpin,PowerGem,EarthPower,SludgeBomb|Rash||F|||50|]Sinistcha||KasibBerry|Hospitality|Protect,MatchaGotcha,RagePowder,TrickRoom|Relaxed|||||50|]Blaziken||Blazikenite|SpeedBoost|CloseCombat,FlareBlitz,RockSlide,Protect|Adamant||F|||50|]Kingambit||FocusSash|Defiant|SuckerPunch,KowtowCleave,Protect,IronHead|Adamant||M|||50|
|inactive|Battle timer is ON: inactive players will automatically lose when time's up. (requested by keyson7)
|
|t:|1785821857
|teamsize|p1|4
|teamsize|p2|4
|start
|switch|p1a: Garchomp|Garchomp, L50, M|100/100
|switch|p1b: Aerodactyl|Aerodactyl, L50, M|100/100
|switch|p2a: Grimmsnarl|Grimmsnarl, L50, M|100/100
|switch|p2b: Slowbro|Slowbro, L50, F|100/100
|-ability|p1b: Aerodactyl|Unnerve
|turn|1
|inactive|keyson7 has 30 seconds left.
|inactive|keyson7 has 20 seconds left.
|inactive|keyson7 has 15 seconds left.
|
|t:|1785821899
|switch|p1b: Farigiraf|Farigiraf, L50, F|100/100
|detailschange|p2b: Slowbro|Slowbro-Mega, L50, F
|-mega|p2b: Slowbro|Slowbro|Slowbronite
|move|p2a: Grimmsnarl|Reflect|p2a: Grimmsnarl
|-sidestart|p2: DragonairJordan23|Reflect
|move|p1a: Garchomp|Dragon Claw|p2b: Slowbro
|-damage|p2b: Slowbro|83/100
|-damage|p1a: Garchomp|90/100|[from] item: Life Orb
|move|p2b: Slowbro|Calm Mind|p2b: Slowbro
|-boost|p2b: Slowbro|spa|1
|-boost|p2b: Slowbro|spd|1
|
|upkeep
|turn|2
|
|t:|1785821921
|switch|p1a: Charizard|Charizard, L50, M|100/100
|move|p2a: Grimmsnarl|Foul Play|p1b: Farigiraf
|-supereffective|p1b: Farigiraf|1
|-enditem|p1b: Farigiraf|Colbur Berry|[eat]
|-enditem|p1b: Farigiraf|Colbur Berry|[weaken]
|-damage|p1b: Farigiraf|76/100
|move|p1b: Farigiraf|Thunderbolt|p2b: Slowbro
|-supereffective|p2b: Slowbro|1
|-damage|p2b: Slowbro|55/100
|move|p2b: Slowbro|Calm Mind|p2b: Slowbro
|-boost|p2b: Slowbro|spa|1
|-boost|p2b: Slowbro|spd|1
|
|upkeep
|turn|3
|
|t:|1785821935
|detailschange|p1a: Charizard|Charizard-Mega-Y, L50, M
|-mega|p1a: Charizard|Charizard|Charizardite Y
|-weather|SunnyDay|[from] ability: Drought|[of] p1a: Charizard
|move|p2a: Grimmsnarl|Light Screen|p2a: Grimmsnarl
|-sidestart|p2: DragonairJordan23|move: Light Screen
|move|p1a: Charizard|Solar Beam||[still]
|-prepare|p1a: Charizard|Solar Beam
|-anim|p1a: Charizard|Solar Beam|p2b: Slowbro
|-supereffective|p2b: Slowbro|1
|-damage|p2b: Slowbro|29/100
|move|p1b: Farigiraf|Thunderbolt|p2b: Slowbro
|-supereffective|p2b: Slowbro|1
|-damage|p2b: Slowbro|16/100
|move|p2b: Slowbro|Slack Off|p2b: Slowbro
|-heal|p2b: Slowbro|66/100
|
|-weather|SunnyDay|[upkeep]
|upkeep
|turn|4
|
|t:|1785821953
|switch|p1b: Garchomp|Garchomp, L50, M|90/100
|switch|p2a: Sinistcha|Sinistcha, L50|100/100
|-heal|p2b: Slowbro|91/100|[from] ability: Hospitality|[of] p2a: Sinistcha
|move|p1a: Charizard|Solar Beam||[still]
|-prepare|p1a: Charizard|Solar Beam
|-anim|p1a: Charizard|Solar Beam|p2b: Slowbro
|-supereffective|p2b: Slowbro|1
|-damage|p2b: Slowbro|64/100
|move|p2b: Slowbro|Calm Mind|p2b: Slowbro
|-boost|p2b: Slowbro|spa|1
|-boost|p2b: Slowbro|spd|1
|
|-weather|SunnyDay|[upkeep]
|upkeep
|turn|5
|
|t:|1785821971
|switch|p2a: Glimmora|Glimmora, L50, F|100/100
|move|p1b: Garchomp|Dragon Claw|p2a: Glimmora
|-damage|p2a: Glimmora|64/100
|-activate|p2a: Glimmora|ability: Toxic Debris
|-sidestart|p1: keyson7|move: Toxic Spikes
|-damage|p1b: Garchomp|80/100|[from] item: Life Orb
|move|p1a: Charizard|Weather Ball|p2a: Glimmora
|-resisted|p2a: Glimmora|1
|-damage|p2a: Glimmora|22/100
|-enditem|p2a: Glimmora|Sitrus Berry|[eat]
|-heal|p2a: Glimmora|46/100|[from] item: Sitrus Berry
|move|p2b: Slowbro|Stored Power|p1b: Garchomp
|-damage|p1b: Garchomp|0 fnt
|faint|p1b: Garchomp
|
|-weather|SunnyDay|[upkeep]
|upkeep
|-message|keyson7 forfeited.
|raw|keyson7's rating: 1193 → 1161(-32 for losing)
|raw|DragonairJordan23's rating: 1089 → 1123(+34 for winning)
|
|win|DragonairJordan23
