|j|☆marillrag1
|j|☆AllySwitch24
|html|marillrag1AllySwitch24    
|uhtml|bestof|Game 2 of a best-of-3
|t:|1785127618
|gametype|doubles
|player|p1|marillrag1|2|1117
|player|p2|AllySwitch24|170|1000
|gen|9
|tier|[Gen 9 Champions] VGC 2026 Reg M-B (Bo3)
|rated|
|rule|Species Clause: Limit one of each Pokémon
|rule|Item Clause: Limit 1 of each item
|clearpoke
|poke|p1|Delphox, L50, F|
|poke|p1|Sneasler, L50, F|
|poke|p1|Incineroar, L50, F|
|poke|p1|Sinistcha, L50|
|poke|p1|Kingambit, L50, F|
|poke|p1|Blastoise, L50, F|
|poke|p2|Palafin, L50, F|
|poke|p2|Raichu, L50, F|
|poke|p2|Typhlosion, L50, F|
|poke|p2|Ninetales-Alola, L50, M|
|poke|p2|Jolteon, L50, M|
|poke|p2|Talonflame, L50, M|
|teampreview|4
|showteam|p1|Delphox||Delphoxite|Blaze|Protect,HeatWave,Psyshock,NastyPlot|Modest||F|||50|]Sneasler||FocusSash|PoisonTouch|PoisonJab,CloseCombat,FakeOut,QuickGuard|Jolly||F|||50|]Incineroar||SitrusBerry|Intimidate|FlareBlitz,FakeOut,PartingShot,HelpingHand|Careful||F|||50|]Sinistcha||ColburBerry|Hospitality|Protect,MatchaGotcha,RagePowder,TrickRoom|Bold|||||50|]Kingambit||LifeOrb|Defiant|Protect,KowtowCleave,SwordsDance,SuckerPunch|Adamant||F|||50|]Blastoise||Blastoisinite|Torrent|Protect,WaterSpout,DarkPulse,ShellSmash|Modest||F|||50|
|showteam|p2|Palafin||MysticWater|ZerotoHero|JetPunch,WaveCrash,FlipTurn,Protect|Adamant||F|||50|]Raichu||RaichuniteX|LightningRod|FakeOut,Protect,RisingVoltage,VoltSwitch|Timid||F|||50|]Typhlosion||Charcoal|FlashFire|Eruption,Protect,FireBlast,ScorchingSands|Modest||F|||50|]Ninetales-Alola||FocusSash|SnowWarning|Blizzard,Protect,FreezeDry,Roar|Timid||M|||50|]Jolteon||LifeOrb|VoltAbsorb|RisingVoltage,Protect,WeatherBall,VoltSwitch|Timid||M|||50|]Talonflame|||GaleWings|Tailwind,Acrobatics,SunnyDay,QuickGuard|Jolly||M|||50|
|
|t:|1785127691
|teamsize|p1|4
|teamsize|p2|4
|start
|switch|p1a: Incineroar|Incineroar, L50, F|100/100
|switch|p1b: Sinistcha|Sinistcha, L50|100/100
|switch|p2a: Ninetales|Ninetales-Alola, L50, M|100/100
|switch|p2b: Palafin|Palafin, L50, F|100/100
|-weather|Snowscape|[from] ability: Snow Warning|[of] p2a: Ninetales
|-ability|p1a: Incineroar|Intimidate|boost
|-unboost|p2a: Ninetales|atk|1
|-unboost|p2b: Palafin|atk|1
|turn|1
|
|t:|1785127741
|detailschange|p2b: Palafin|Palafin-Hero, L50, F
|switch|p2b: Raichu|Raichu, L50, F|100/100
|move|p2a: Ninetales|Protect|p2a: Ninetales
|-singleturn|p2a: Ninetales|Protect
|move|p1a: Incineroar|Fake Out|p2a: Ninetales
|-activate|p2a: Ninetales|move: Protect
|move|p1b: Sinistcha|Trick Room|p1b: Sinistcha
|-fieldstart|move: Trick Room|[of] p1b: Sinistcha
|
|-weather|Snowscape|[upkeep]
|upkeep
|turn|2
|
|t:|1785127784
|detailschange|p2b: Raichu|Raichu-Mega-X, L50, F
|-mega|p2b: Raichu|Raichu|Raichunite X
|-fieldstart|move: Electric Terrain|[from] ability: Electric Surge|[of] p2b: Raichu
|move|p1b: Sinistcha|Protect|p1b: Sinistcha
|-singleturn|p1b: Sinistcha|Protect
|move|p1a: Incineroar|Parting Shot|p2a: Ninetales
|-unboost|p2a: Ninetales|atk|1
|-unboost|p2a: Ninetales|spa|1
|
|t:|1785127792
|switch|p1a: Kingambit|Kingambit, L50, F|100/100|[from] Parting Shot
|move|p2a: Ninetales|Blizzard|p1b: Sinistcha|[spread] p1a
|-activate|p1b: Sinistcha|move: Protect
|-resisted|p1a: Kingambit|1
|-damage|p1a: Kingambit|92/100
|move|p2b: Raichu|Rising Voltage|p1a: Kingambit
|-hint|Rising Voltage's BP doubled on grounded target.
|-damage|p1a: Kingambit|35/100
|
|-weather|Snowscape|[upkeep]
|upkeep
|turn|3
|
|t:|1785127822
|move|p2a: Ninetales|Protect|p2a: Ninetales
|-singleturn|p2a: Ninetales|Protect
|move|p1a: Kingambit|Kowtow Cleave|p2b: Raichu
|-damage|p2b: Raichu|26/100
|-damage|p1a: Kingambit|25/100|[from] item: Life Orb
|move|p1b: Sinistcha|Matcha Gotcha|p2a: Ninetales|[spread] p2b
|-activate|p2a: Ninetales|move: Protect
|-damage|p2b: Raichu|0 fnt
|faint|p2b: Raichu
|
|-weather|Snowscape|[upkeep]
|upkeep
|
|t:|1785127840
|switch|p2b: Palafin|Palafin-Hero, L50, F|100/100
|-activate|p2b: Palafin|ability: Zero to Hero
|turn|4
|
|t:|1785127858
|move|p1b: Sinistcha|Protect|p1b: Sinistcha
|-singleturn|p1b: Sinistcha|Protect
|move|p2b: Palafin|Jet Punch|p1a: Kingambit
|-damage|p1a: Kingambit|0 fnt
|faint|p1a: Kingambit
|move|p2a: Ninetales|Blizzard|p1b: Sinistcha
|-activate|p1b: Sinistcha|move: Protect
|
|-weather|Snowscape|[upkeep]
|upkeep
|
|t:|1785127879
|switch|p1a: Blastoise|Blastoise, L50, F|100/100
|turn|5
|
|t:|1785127899
|detailschange|p1a: Blastoise|Blastoise-Mega, L50, F
|-mega|p1a: Blastoise|Blastoise|Blastoisinite
|move|p1b: Sinistcha|Matcha Gotcha|p2a: Ninetales|[spread] p2a,p2b
|-supereffective|p2b: Palafin|1
|-damage|p2a: Ninetales|70/100
|-damage|p2b: Palafin|45/100
|move|p2b: Palafin|Flip Turn|p1a: Blastoise
|-resisted|p1a: Blastoise|1
|-damage|p1a: Blastoise|75/100
|
|t:|1785127910
|switch|p2b: Jolteon|Jolteon, L50, M|100/100|[from] Flip Turn
|move|p1a: Blastoise|Shell Smash|p1a: Blastoise
|-unboost|p1a: Blastoise|def|1
|-unboost|p1a: Blastoise|spd|1
|-boost|p1a: Blastoise|atk|2
|-boost|p1a: Blastoise|spa|2
|-boost|p1a: Blastoise|spe|2
|move|p2a: Ninetales|Roar|p1a: Blastoise
|drag|p1a: Incineroar|Incineroar, L50, F|100/100
|-ability|p1a: Incineroar|Intimidate|boost
|-unboost|p2a: Ninetales|atk|1
|-unboost|p2b: Jolteon|atk|1
|
|-weather|none
|-fieldend|move: Trick Room
|upkeep
|turn|6
|
|t:|1785127936
|move|p1a: Incineroar|Fake Out|p2a: Ninetales
|-damage|p2a: Ninetales|55/100
|move|p2b: Jolteon|Rising Voltage|p1a: Incineroar
|-hint|Rising Voltage's BP doubled on grounded target.
|-damage|p1a: Incineroar|7/100
|-enditem|p1a: Incineroar|Sitrus Berry|[eat]
|-heal|p1a: Incineroar|32/100|[from] item: Sitrus Berry
|-damage|p2b: Jolteon|90/100|[from] item: Life Orb
|cant|p2a: Ninetales|flinch
|move|p1b: Sinistcha|Trick Room|p1b: Sinistcha
|-fieldstart|move: Trick Room|[of] p1b: Sinistcha
|
|-fieldend|move: Electric Terrain
|upkeep
|turn|7
|
|t:|1785127980
|switch|p2a: Palafin|Palafin-Hero, L50, F|45/100
|move|p2b: Jolteon|Protect|p2b: Jolteon
|-singleturn|p2b: Jolteon|Protect
|move|p1a: Incineroar|Flare Blitz|p2a: Palafin
|-resisted|p2a: Palafin|1
|-damage|p2a: Palafin|26/100
|-damage|p1a: Incineroar|26/100|[from] Recoil
|move|p1b: Sinistcha|Matcha Gotcha|p2a: Palafin|[spread] p2a
|-activate|p2b: Jolteon|move: Protect
|-supereffective|p2a: Palafin|1
|-damage|p2a: Palafin|0 fnt
|faint|p2a: Palafin
|
|upkeep
|
|t:|1785127994
|switch|p2a: Ninetales|Ninetales-Alola, L50, M|55/100
|-weather|Snowscape|[from] ability: Snow Warning|[of] p2a: Ninetales
|turn|8
|
|t:|1785128003
|move|p1a: Incineroar|Flare Blitz|p2a: Ninetales
|-supereffective|p2a: Ninetales|1
|-damage|p2a: Ninetales|0 fnt
|faint|p2a: Ninetales
|-damage|p1a: Incineroar|12/100|[from] Recoil
|move|p1b: Sinistcha|Matcha Gotcha|p2b: Jolteon
|-damage|p2b: Jolteon|47/100
|move|p2b: Jolteon|Rising Voltage|p1a: Incineroar
|-damage|p1a: Incineroar|0 fnt
|faint|p1a: Incineroar
|-damage|p2b: Jolteon|38/100|[from] item: Life Orb
|
|-weather|Snowscape|[upkeep]
|upkeep
|
|t:|1785128007
|switch|p1a: Blastoise|Blastoise-Mega, L50, F|75/100
|turn|9
|
|t:|1785128017
|move|p1b: Sinistcha|Matcha Gotcha|p2b: Jolteon
|-damage|p2b: Jolteon|0 fnt
|faint|p2b: Jolteon
|
|win|marillrag1
|raw|marillrag1's rating: 1117 → 1134(+17 for winning)
|raw|AllySwitch24's rating: 1000 → 1000(+0 for losing)
|l|☆AllySwitch24
|player|p2|
|j|☆AllySwitch24
|player|p2|AllySwitch24|170|
|l|☆AllySwitch24
|player|p2|
