|j|☆HalcyonJon
|j|☆der_capri
|html|HalcyonJonder_capri    
|uhtml|bestof|Game 1 of a best-of-3
|t:|1757926883
|gametype|doubles
|player|p1|HalcyonJon|pokemonbreeder|1163
|player|p2|der_capri|barry|1132
|gen|9
|tier|[Gen 9] VGC 2025 Reg H (Bo3)
|rated|
|rule|Species Clause: Limit one of each Pokémon
|rule|Item Clause: Limit 1 of each item
|clearpoke
|poke|p1|Torkoal, L50, F|
|poke|p1|Meowstic-F, L50, F|
|poke|p1|Indeedee-F, L50, F|
|poke|p1|Decidueye-Hisui, L50, M|
|poke|p1|Sneasler, L50, F|
|poke|p1|Exeggutor-Alola, L50, M|
|poke|p2|Indeedee-F, L50, F|
|poke|p2|Gallade, L50, M|
|poke|p2|Exeggutor, L50, F|
|poke|p2|Ursaluna, L50, F|
|poke|p2|Lilligant-Hisui, L50, F|
|poke|p2|Torkoal, L50, F|
|teampreview|4
|showteam|p1|Torkoal||AssaultVest|Drought|Eruption,WeatherBall,SolarBeam,EarthPower|||F|||50|,,,,,Grass]Meowstic-F||FocusSash|Competitive|ExpandingForce,TeraBlast,NastyPlot,Protect|||F|||50|,,,,,Ground]Indeedee-F||RockyHelmet|PsychicSurge|Psychic,FollowMe,HelpingHand,TrickRoom|||F|||50|,,,,,Fairy]Decidueye-Hisui||ScopeLens|Scrappy|TripleArrows,LeafBlade,Haze,Tailwind|||M|||50|,,,,,Rock]Sneasler||PsychicSeed|Unburden|CloseCombat,DireClaw,LashOut,Protect|||F|||50|,,,,,Dark]Exeggutor-Alola||SitrusBerry|Harvest|DracoMeteor,EnergyBall,Flamethrower,TrickRoom|||M|||50|,,,,,Fire
|showteam|p2|Indeedee-F||PsychicSeed|PsychicSurge|TrickRoom,HelpingHand,DazzlingGleam,FollowMe|||F|||50|,,,,,Fairy]Gallade||ClearAmulet|Sharpness|PsychoCut,SacredSword,TrickRoom,WideGuard|||M|||50|,,,,,Psychic]Exeggutor||TwistedSpoon|Chlorophyll|ExpandingForce,GigaDrain,SkillSwap,Protect|||F|||50|,,,,,Psychic]Ursaluna||FlameOrb|Guts|HeadlongRush,Earthquake,Facade,Protect|||F|||50|,,,,,Ghost]Lilligant-Hisui||FocusSash|Chlorophyll|SolarBlade,CloseCombat,AfterYou,SleepPowder|||F|||50|,,,,,Ghost]Torkoal||EjectPack|Drought|Eruption,Overheat,Protect,EarthPower|||F|||50|,,,,,Fire
|inactive|Battle timer is ON: inactive players will automatically lose when time's up. (requested by der_capri)
|
|t:|1757926933
|teamsize|p1|4
|teamsize|p2|4
|start
|switch|p1a: Meowstic|Meowstic-F, L50, F|100/100
|switch|p1b: Indeedee|Indeedee-F, L50, F|100/100
|switch|p2a: Lilligant|Lilligant-Hisui, L50, F|100/100
|switch|p2b: Torkoal|Torkoal, L50, F|100/100
|-fieldstart|move: Psychic Terrain|[from] ability: Psychic Surge|[of] p1b: Indeedee
|-weather|SunnyDay|[from] ability: Drought|[of] p2b: Torkoal
|turn|1
|
|t:|1757926956
|move|p2b: Torkoal|Protect|p2b: Torkoal
|-singleturn|p2b: Torkoal|Protect
|move|p1b: Indeedee|Follow Me|p1b: Indeedee
|-singleturn|p1b: Indeedee|move: Follow Me
|move|p2a: Lilligant|Sleep Powder|p1b: Indeedee
|-status|p1b: Indeedee|slp|[from] move: Sleep Powder
|move|p1a: Meowstic|Expanding Force|p2a: Lilligant|[spread] p2a
|-activate|p2b: Torkoal|move: Protect
|-supereffective|p2a: Lilligant
|-enditem|p2a: Lilligant|Focus Sash
|-damage|p2a: Lilligant|1/100
|
|-weather|SunnyDay|[upkeep]
|upkeep
|turn|2
|inactive|HalcyonJon has 30 seconds left.
|
|t:|1757926984
|move|p1a: Meowstic|Protect|p1a: Meowstic
|-singleturn|p1a: Meowstic|Protect
|move|p2a: Lilligant|After You|p2b: Torkoal
|-activate|p2b: Torkoal|move: After You
|move|p2b: Torkoal|Eruption|p1a: Meowstic|[spread] p1b
|-activate|p1a: Meowstic|move: Protect
|-damage|p1b: Indeedee|36/100 slp
|cant|p1b: Indeedee|slp
|
|-weather|SunnyDay|[upkeep]
|upkeep
|turn|3
|
|t:|1757927007
|cant|p1b: Indeedee|slp
|move|p2a: Lilligant|After You|p2b: Torkoal
|-activate|p2b: Torkoal|move: After You
|move|p2b: Torkoal|Eruption|p1a: Meowstic|[spread] p1a,p1b
|-enditem|p1a: Meowstic|Focus Sash
|-damage|p1a: Meowstic|1/100
|-damage|p1b: Indeedee|0 fnt
|faint|p1b: Indeedee
|move|p1a: Meowstic|Expanding Force|p2b: Torkoal|[spread] p2a,p2b
|-supereffective|p2a: Lilligant
|-damage|p2a: Lilligant|0 fnt
|-damage|p2b: Torkoal|37/100
|faint|p2a: Lilligant
|
|-weather|SunnyDay|[upkeep]
|upkeep
|
|t:|1757927020
|switch|p2a: Exeggutor|Exeggutor, L50, F|100/100
|switch|p1b: Exeggutor|Exeggutor-Alola, L50, M|100/100
|turn|4
|inactive|der_capri has 30 seconds left.
|
|t:|1757927046
|-terastallize|p1b: Exeggutor|Fire
|move|p1a: Meowstic|Expanding Force|p2b: Torkoal|[spread] p2a,p2b
|-resisted|p2a: Exeggutor
|-damage|p2a: Exeggutor|76/100
|-damage|p2b: Torkoal|0 fnt
|faint|p2b: Torkoal
|move|p2a: Exeggutor|Expanding Force|p1b: Exeggutor|[spread] p1a,p1b
|-resisted|p1a: Meowstic
|-damage|p1a: Meowstic|0 fnt
|-damage|p1b: Exeggutor|15/100
|-enditem|p1b: Exeggutor|Sitrus Berry|[eat]
|-heal|p1b: Exeggutor|40/100|[from] item: Sitrus Berry
|faint|p1a: Meowstic
|move|p1b: Exeggutor|Flamethrower|p2a: Exeggutor
|-supereffective|p2a: Exeggutor
|-crit|p2a: Exeggutor
|-damage|p2a: Exeggutor|0 fnt
|faint|p2a: Exeggutor
|
|-weather|SunnyDay|[upkeep]
|-item|p1b: Exeggutor|Sitrus Berry|[from] ability: Harvest
|upkeep
|-enditem|p1b: Exeggutor|Sitrus Berry|[eat]
|-heal|p1b: Exeggutor|65/100|[from] item: Sitrus Berry
|
|t:|1757927066
|switch|p1a: Torkoal|Torkoal, L50, F|100/100
|switch|p2b: Gallade|Gallade, L50, M|100/100
|turn|5
|
|t:|1757927086
|-terastallize|p2b: Gallade|Psychic
|move|p2b: Gallade|Psycho Cut|p1a: Torkoal
|-damage|p1a: Torkoal|23/100
|move|p1a: Torkoal|Weather Ball|p2b: Gallade
|-damage|p2b: Gallade|40/100
|move|p1b: Exeggutor|Trick Room|p1b: Exeggutor
|-fieldstart|move: Trick Room|[of] p1b: Exeggutor
|
|-weather|none
|-fieldend|move: Psychic Terrain
|upkeep
|turn|6
|
|t:|1757927099
|move|p2b: Gallade|Wide Guard|p2b: Gallade
|-singleturn|p2b: Gallade|Wide Guard
|move|p1a: Torkoal|Weather Ball|p2b: Gallade
|-crit|p2b: Gallade
|-damage|p2b: Gallade|20/100
|move|p1b: Exeggutor|Flamethrower|p2b: Gallade
|-damage|p2b: Gallade|0 fnt
|faint|p2b: Gallade
|
|win|HalcyonJon
||der_capri is ready for game 2.
||HalcyonJon is ready for game 2.
|uhtml|next|Next: Game 2 of 3
|l|☆der_capri
|player|p2|
