|j|☆ethnol1816
|j|☆Gayangos
|html|ethnol1816Gayangos    
|uhtml|bestof|Game 2 of a best-of-3
|t:|1757777324
|gametype|doubles
|player|p1|ethnol1816|boarder|
|player|p2|Gayangos|169|
|gen|9
|tier|[Gen 9] VGC 2025 Reg H (Bo3)
|rule|Species Clause: Limit one of each Pokémon
|rule|Item Clause: Limit 1 of each item
|clearpoke
|poke|p1|Gholdengo, L50|
|poke|p1|Samurott-Hisui, L50, F|
|poke|p1|Hydreigon, L50, M|
|poke|p1|Whimsicott, L50, M|
|poke|p1|Garchomp, L50, F|
|poke|p1|Clefable, L50, M|
|poke|p2|Dragapult, L50, F|
|poke|p2|Sneasler, L50, M|
|poke|p2|Incineroar, L50, F|
|poke|p2|Volcarona, L50, M|
|poke|p2|Rillaboom, L50, M|
|poke|p2|Kingambit, L50, M|
|teampreview|4
|showteam|p1|Gholdengo||Leftovers|GoodasGold|NastyPlot,ShadowBall,MakeItRain,Protect||||||50|,,,,,Dragon]Samurott-Hisui||AssaultVest|Sharpness|CeaselessEdge,SuckerPunch,SacredSword,AquaCutter|||F|||50|,,,,,Ghost]Hydreigon||ChoiceSpecs|Levitate|DarkPulse,DracoMeteor,HeatWave,FlashCannon|||M|||50|,,,,,Fire]Whimsicott||FocusSash|Prankster|Moonblast,Tailwind,SunnyDay,Encore|||M|||50|,,,,,Ghost]Garchomp||LifeOrb|RoughSkin|Protect,StompingTantrum,Earthquake,DragonClaw|||F|||50|,,,,,Steel]Clefable||SitrusBerry|Unaware|Moonblast,MistyTerrain,FollowMe,Protect|||M|||50|,,,,,Water
|showteam|p2|Dragapult||ChoiceBand|ClearBody|DragonDarts,Outrage,PhantomForce,Uturn|||F|||50|,,,,,Dragon]Sneasler||FocusSash|Unburden|DireClaw,CloseCombat,ThroatChop,Protect|||M|||50|,,,,,Stellar]Incineroar||SafetyGoggles|Intimidate|FakeOut,KnockOff,PartingShot,Taunt|||F|||50|,,,,,Ghost]Volcarona||GrassySeed|FlameBody|HeatWave,TeraBlast,QuiverDance,Protect|||M|||50|,,,,,Fairy]Rillaboom||AssaultVest|GrassySurge|FakeOut,WoodHammer,GrassyGlide,HighHorsepower|||M|||50|,,,,,Fire]Kingambit||BlackGlasses|Defiant|KowtowCleave,SuckerPunch,SwordsDance,Protect|||M|||50|,,,,,Dark
|inactive|Battle timer is ON: inactive players will automatically lose when time's up. (requested by ethnol1816)
|
|t:|1757777336
|teamsize|p1|4
|teamsize|p2|4
|start
|switch|p1a: scott|Whimsicott, L50, M|100/100
|switch|p1b: hyculese|Hydreigon, L50, M, shiny|100/100
|switch|p2a: Volcarona|Volcarona, L50, M|100/100
|switch|p2b: Rillaboom|Rillaboom, L50, M|100/100
|-fieldstart|move: Grassy Terrain|[from] ability: Grassy Surge|[of] p2b: Rillaboom
|-enditem|p2a: Volcarona|Grassy Seed
|-boost|p2a: Volcarona|def|1|[from] item: Grassy Seed
|turn|1
|inactive|Gayangos has 30 seconds left.
|
|t:|1757777364
|-terastallize|p2a: Volcarona|Fairy
|-terastallize|p1b: hyculese|Fire
|move|p2b: Rillaboom|Fake Out|p1a: scott
|-damage|p1a: scott|80/100
|cant|p1a: scott|flinch
|move|p2a: Volcarona|Heat Wave|p1b: hyculese|[spread] p1a,p1b
|-supereffective|p1a: scott
|-resisted|p1b: hyculese
|-damage|p1a: scott|0 fnt
|-damage|p1b: hyculese|83/100
|faint|p1a: scott
|move|p1b: hyculese|Heat Wave|p2a: Volcarona|[spread] p2a,p2b
|-supereffective|p2b: Rillaboom
|-damage|p2a: Volcarona|50/100
|-damage|p2b: Rillaboom|25/100
|
|-heal|p2a: Volcarona|56/100|[from] Grassy Terrain
|-heal|p2b: Rillaboom|31/100|[from] Grassy Terrain
|upkeep
|
|t:|1757777374
|switch|p1a: nsdr trdng|Gholdengo, L50|100/100
|turn|2
|
|t:|1757777386
|switch|p2b: Incineroar|Incineroar, L50, F|100/100
|-ability|p2b: Incineroar|Intimidate|boost
|-unboost|p1a: nsdr trdng|atk|1
|-unboost|p1b: hyculese|atk|1
|move|p2a: Volcarona|Protect|p2a: Volcarona
|-singleturn|p2a: Volcarona|Protect
|move|p1a: nsdr trdng|Protect|p1a: nsdr trdng
|-singleturn|p1a: nsdr trdng|Protect
|move|p1b: hyculese|Heat Wave|p2b: Incineroar|[spread] p2b
|-activate|p2a: Volcarona|move: Protect
|-resisted|p2b: Incineroar
|-damage|p2b: Incineroar|79/100
|
|-heal|p2a: Volcarona|62/100|[from] Grassy Terrain
|-heal|p2b: Incineroar|85/100|[from] Grassy Terrain
|upkeep
|turn|3
|
|t:|1757777399
|switch|p1a: carson|Samurott-Hisui, L50, F|100/100
|move|p2b: Incineroar|Fake Out|p1b: hyculese
|-damage|p1b: hyculese|71/100
|move|p2a: Volcarona|Heat Wave|p1b: hyculese|[spread] p1a,p1b
|-resisted|p1a: carson
|-resisted|p1b: hyculese
|-damage|p1a: carson|85/100
|-damage|p1b: hyculese|53/100
|cant|p1b: hyculese|flinch
|
|-heal|p2a: Volcarona|68/100|[from] Grassy Terrain
|-heal|p1a: carson|92/100|[from] Grassy Terrain
|-heal|p2b: Incineroar|91/100|[from] Grassy Terrain
|upkeep
|turn|4
|
|t:|1757777416
|switch|p2b: Rillaboom|Rillaboom, L50, M|31/100
|move|p2a: Volcarona|Tera Blast|p1a: carson|[anim] Tera Blast Fairy
|-supereffective|p1a: carson
|-damage|p1a: carson|14/100
|move|p1b: hyculese|Heat Wave|p2a: Volcarona|[spread] p2a
|-miss|p1b: hyculese|p2b: Rillaboom
|-damage|p2a: Volcarona|14/100
|move|p1a: carson|Aqua Cutter|p2b: Rillaboom
|-resisted|p2b: Rillaboom
|-damage|p2b: Rillaboom|7/100
|
|-heal|p2a: Volcarona|20/100|[from] Grassy Terrain
|-heal|p1a: carson|20/100|[from] Grassy Terrain
|-heal|p2b: Rillaboom|13/100|[from] Grassy Terrain
|upkeep
|turn|5
|
|t:|1757777437
|switch|p1a: nsdr trdng|Gholdengo, L50|100/100
|move|p2b: Rillaboom|Grassy Glide|p1a: nsdr trdng
|-resisted|p1a: nsdr trdng
|-damage|p1a: nsdr trdng|82/100
|move|p2a: Volcarona|Heat Wave|p1b: hyculese|[spread] p1a,p1b
|-supereffective|p1a: nsdr trdng
|-resisted|p1b: hyculese
|-damage|p1a: nsdr trdng|7/100
|-damage|p1b: hyculese|33/100
|move|p1b: hyculese|Heat Wave|p2a: Volcarona|[spread] p2a,p2b
|-supereffective|p2b: Rillaboom
|-damage|p2a: Volcarona|0 fnt
|-damage|p2b: Rillaboom|0 fnt
|faint|p2a: Volcarona
|faint|p2b: Rillaboom
|
|-heal|p1a: nsdr trdng|13/100|[from] Grassy Terrain
|-heal|p1a: nsdr trdng|19/100|[from] item: Leftovers
|-fieldend|move: Grassy Terrain
|upkeep
|
|t:|1757777449
|switch|p2a: Sneasler|Sneasler, L50, M|100/100
|switch|p2b: Incineroar|Incineroar, L50, F|91/100
|-ability|p2b: Incineroar|Intimidate|boost
|-unboost|p1a: nsdr trdng|atk|1
|-unboost|p1b: hyculese|atk|1
|turn|6
|
|t:|1757777470
|move|p2a: Sneasler|Dire Claw|p1b: hyculese
|-damage|p1b: hyculese|0 fnt
|faint|p1b: hyculese
|move|p1a: nsdr trdng|Make It Rain|p2b: Incineroar|[spread] p2a,p2b
|-resisted|p2b: Incineroar
|-damage|p2a: Sneasler|31/100
|-damage|p2b: Incineroar|74/100
|-unboost|p1a: nsdr trdng|spa|1
|move|p2b: Incineroar|Knock Off|p1a: nsdr trdng
|-supereffective|p1a: nsdr trdng
|-damage|p1a: nsdr trdng|0 fnt
|-enditem|p1a: nsdr trdng|Leftovers|[from] move: Knock Off|[of] p2b: Incineroar
|faint|p1a: nsdr trdng
|
|upkeep
|
|t:|1757777477
|switch|p1b: carson|Samurott-Hisui, L50, F|20/100
|turn|7
|
|t:|1757777483
|move|p1b: carson|Sucker Punch|p2a: Sneasler
|-resisted|p2a: Sneasler
|-damage|p2a: Sneasler|2/100
|move|p2a: Sneasler|Close Combat|p1b: carson
|-supereffective|p1b: carson
|-damage|p1b: carson|0 fnt
|-unboost|p2a: Sneasler|def|1
|-unboost|p2a: Sneasler|spd|1
|faint|p1b: carson
|
|win|Gayangos
|c|☆Gayangos|gg
|c|☆ethnol1816|gga
|c|☆ethnol1816|ggs*
|c|☆ethnol1816|lmao
|l|☆ethnol1816
|player|p1|
|j|☆ethnol1816
|player|p1|ethnol1816|boarder|
