|j|☆Quill86
|j|☆epicfailtesting
|html|Quill86epicfailtesting    
|uhtml|bestof|Game 2 of a best-of-3
|t:|1757647743
|gametype|doubles
|player|p1|Quill86|lucas|1170
|player|p2|epicfailtesting|169|1095
|gen|9
|tier|[Gen 9] VGC 2025 Reg H (Bo3)
|rated|
|rule|Species Clause: Limit one of each Pokémon
|rule|Item Clause: Limit 1 of each item
|clearpoke
|poke|p1|Incineroar, L50, F|
|poke|p1|Gholdengo, L50|
|poke|p1|Ursaluna-Bloodmoon, L50, M|
|poke|p1|Indeedee-F, L50, F|
|poke|p1|Gallade, L50, M|
|poke|p1|Torkoal, L50, F|
|poke|p2|Annihilape, L50, F|
|poke|p2|Sinistcha, L50|
|poke|p2|Maushold-Four, L50|
|poke|p2|Klefki, L50, M|
|poke|p2|Ursaluna-Bloodmoon, L50, M|
|poke|p2|Ninetales-Alola, L50, F|
|teampreview|4
|showteam|p1|Incineroar||SafetyGoggles|Intimidate|FakeOut,FlareBlitz,KnockOff,PartingShot|||F|||50|,,,,,Ghost]Gholdengo||SitrusBerry|GoodasGold|MakeItRain,ShadowBall,NastyPlot,Protect||||||50|,,,,,Water]Ursaluna-Bloodmoon||LifeOrb|MindsEye|BloodMoon,HyperVoice,EarthPower,Protect|||M|||50|,,,,,Normal]Indeedee-F||PsychicSeed|PsychicSurge|FollowMe,TrickRoom,HelpingHand,DazzlingGleam|||F|||50|,,,,,Fairy]Gallade||ClearAmulet|Sharpness|SacredSword,PsychoCut,LeafBlade,TrickRoom|||M|||50|,,,,,Grass]Torkoal||Leftovers|Drought|Eruption,WeatherBall,Yawn,Protect|||F|||50|,,,,,Fire
|showteam|p2|Annihilape||Leftovers|Defiant|Protect,BulkUp,DrainPunch,RageFist|||F|||50|,,,,,Fire]Sinistcha||SitrusBerry|Hospitality|MatchaGotcha,TrickRoom,LifeDew,RagePowder||||||50|,,,,,Water]Maushold-Four||SafetyGoggles|FriendGuard|FollowMe,Taunt,BeatUp,Protect||||||50|,,,,,Ghost]Klefki||LightClay|Prankster|Reflect,LightScreen,MistyTerrain,DazzlingGleam|||M|||50|,,,,,Ghost]Ursaluna-Bloodmoon||AssaultVest|MindsEye|BloodMoon,HyperVoice,EarthPower,VacuumWave|||M|||50|,,,,,Water]Ninetales-Alola||FocusSash|SnowWarning|Protect,Encore,FreezeDry,Blizzard|||F|||50|,,,,,Ghost
|
|t:|1757647750
|teamsize|p1|4
|teamsize|p2|4
|start
|switch|p1a: Indeedee|Indeedee-F, L50, F|100/100
|switch|p1b: Gallade|Gallade, L50, M|100/100
|switch|p2a: Ninetales|Ninetales-Alola, L50, F, shiny|100/100
|switch|p2b: Klefki|Klefki, L50, M|100/100
|-weather|Snowscape|[from] ability: Snow Warning|[of] p2a: Ninetales
|-fieldstart|move: Psychic Terrain|[from] ability: Psychic Surge|[of] p1a: Indeedee
|-enditem|p1a: Indeedee|Psychic Seed
|-boost|p1a: Indeedee|spd|1|[from] item: Psychic Seed
|turn|1
|inactive|Battle timer is ON: inactive players will automatically lose when time's up. (requested by epicfailtesting)
|
|t:|1757647759
|move|p2b: Klefki|Misty Terrain|p2b: Klefki
|-fieldstart|move: Misty Terrain
|move|p2a: Ninetales|Blizzard|p1a: Indeedee|[spread] p1a,p1b
|-damage|p1a: Indeedee|82/100
|-damage|p1b: Gallade|75/100
|move|p1b: Gallade|Psycho Cut|p2a: Ninetales
|-damage|p2a: Ninetales|46/100
|move|p1a: Indeedee|Trick Room|p1a: Indeedee
|-fieldstart|move: Trick Room|[of] p1a: Indeedee
|
|-weather|Snowscape|[upkeep]
|upkeep
|turn|2
|
|t:|1757647774
|switch|p1a: Torkoal|Torkoal, L50, F|100/100
|-weather|SunnyDay|[from] ability: Drought|[of] p1a: Torkoal
|move|p2a: Ninetales|Protect|p2a: Ninetales
|-singleturn|p2a: Ninetales|Protect
|move|p1b: Gallade|Psycho Cut|p2a: Ninetales
|-activate|p2a: Ninetales|move: Protect
|move|p2b: Klefki|Dazzling Gleam|p1b: Gallade|[spread] p1a,p1b
|-resisted|p1a: Torkoal
|-supereffective|p1b: Gallade
|-damage|p1a: Torkoal|89/100
|-damage|p1b: Gallade|46/100
|
|-weather|SunnyDay|[upkeep]
|-heal|p1a: Torkoal|95/100|[from] item: Leftovers
|upkeep
|turn|3
|inactive|epicfailtesting has 30 seconds left.
|
|t:|1757647800
|-terastallize|p1a: Torkoal|Fire
|move|p2b: Klefki|Light Screen|p2b: Klefki
|-sidestart|p2: epicfailtesting|move: Light Screen
|move|p1a: Torkoal|Eruption|p2a: Ninetales|[spread] p2a,p2b
|-supereffective|p2a: Ninetales
|-supereffective|p2b: Klefki
|-damage|p2a: Ninetales|0 fnt
|-damage|p2b: Klefki|0 fnt
|faint|p2a: Ninetales
|faint|p2b: Klefki
|move|p1b: Gallade|Psycho Cut|p2: Ninetales|[notarget]
|-fail|p1b: Gallade
|
|-weather|SunnyDay|[upkeep]
|-heal|p1a: Torkoal|100/100|[from] item: Leftovers
|upkeep
|
|t:|1757647806
|switch|p2b: Sinistcha|Sinistcha, L50|100/100
|switch|p2a: Ursaluna|Ursaluna-Bloodmoon, L50, M|100/100
|turn|4
|
|t:|1757647826
|-terastallize|p2b: Sinistcha|Water
|move|p2a: Ursaluna|Vacuum Wave|p1a: Torkoal
|-damage|p1a: Torkoal|80/100
|move|p1a: Torkoal|Eruption|p2a: Ursaluna|[spread] p2a,p2b
|-resisted|p2b: Sinistcha
|-damage|p2a: Ursaluna|69/100
|-damage|p2b: Sinistcha|74/100
|move|p1b: Gallade|Psycho Cut|p2a: Ursaluna
|-crit|p2a: Ursaluna
|-damage|p2a: Ursaluna|13/100
|move|p2b: Sinistcha|Life Dew|p2b: Sinistcha|[spread] p2a,p2b
|-heal|p2a: Ursaluna|38/100
|-heal|p2b: Sinistcha|99/100
|
|-weather|SunnyDay|[upkeep]
|-heal|p1a: Torkoal|86/100|[from] item: Leftovers
|upkeep
|turn|5
|
|t:|1757647845
|move|p2b: Sinistcha|Rage Powder|p2b: Sinistcha
|-singleturn|p2b: Sinistcha|move: Rage Powder
|move|p2a: Ursaluna|Vacuum Wave|p1a: Torkoal
|-damage|p1a: Torkoal|67/100
|move|p1a: Torkoal|Eruption|p2a: Ursaluna|[spread] p2a,p2b
|-resisted|p2b: Sinistcha
|-damage|p2a: Ursaluna|11/100
|-damage|p2b: Sinistcha|77/100
|move|p1b: Gallade|Psycho Cut|p2b: Sinistcha
|-damage|p2b: Sinistcha|33/100
|-enditem|p2b: Sinistcha|Sitrus Berry|[eat]
|-heal|p2b: Sinistcha|58/100|[from] item: Sitrus Berry
|
|-weather|SunnyDay|[upkeep]
|-heal|p1a: Torkoal|73/100|[from] item: Leftovers
|-fieldend|move: Trick Room
|-fieldend|Misty Terrain
|upkeep
|turn|6
|
|t:|1757647861
|move|p1a: Torkoal|Protect|p1a: Torkoal
|-singleturn|p1a: Torkoal|Protect
|move|p2b: Sinistcha|Rage Powder|p2b: Sinistcha
|-singleturn|p2b: Sinistcha|move: Rage Powder
|move|p2a: Ursaluna|Hyper Voice|p1b: Gallade|[spread] p1b
|-activate|p1a: Torkoal|move: Protect
|-damage|p1b: Gallade|14/100
|move|p1b: Gallade|Trick Room|p1b: Gallade
|-fieldstart|move: Trick Room|[of] p1b: Gallade
|
|-weather|none
|-heal|p1a: Torkoal|79/100|[from] item: Leftovers
|upkeep
|turn|7
|
|t:|1757647868
|move|p2a: Ursaluna|Vacuum Wave|p1a: Torkoal
|-damage|p1a: Torkoal|61/100
|move|p1a: Torkoal|Eruption|p2b: Sinistcha|[spread] p2a,p2b
|-resisted|p2b: Sinistcha
|-damage|p2a: Ursaluna|0 fnt
|-damage|p2b: Sinistcha|46/100
|faint|p2a: Ursaluna
|move|p1b: Gallade|Psycho Cut|p2b: Sinistcha
|-crit|p2b: Sinistcha
|-damage|p2b: Sinistcha|0 fnt
|faint|p2b: Sinistcha
|
|win|Quill86
|raw|Quill86's rating: 1170 → 1190(+20 for winning)
|raw|epicfailtesting's rating: 1095 → 1076(-19 for losing)
