|j|☆1OO% Jesus
|j|☆likeweezing
|html|1OO% Jesuslikeweezing    
|uhtml|bestof|Game 1 of a best-of-3
|t:|1782249669
|gametype|doubles
|player|p1|1OO% Jesus|lillie-z|1059
|player|p2|likeweezing|doctor|1000
|gen|9
|tier|[Gen 9 Champions] VGC 2026 Reg M-B (Bo3)
|rated|
|rule|Species Clause: Limit one of each Pokémon
|rule|Item Clause: Limit 1 of each item
|clearpoke
|poke|p1|Charizard, L50, F|
|poke|p1|Whimsicott, L50, F|
|poke|p1|Garchomp, L50, M|
|poke|p1|Basculegion, L50, M|
|poke|p1|Kingambit, L50, M|
|poke|p1|Floette-Eternal, L50, F|
|poke|p2|Metagross, L50, shiny|
|poke|p2|Tsareena, L50, F|
|poke|p2|Hydreigon, L50, F|
|poke|p2|Pelipper, L50, F|
|poke|p2|Basculegion, L50, M|
|poke|p2|Garchomp, L50, M|
|teampreview|4
|showteam|p1|Charizard||CharizarditeY|Blaze|HeatWave,WeatherBall,SolarBeam,Protect|Modest||F|||50|]Whimsicott||FocusSash|Prankster|Moonblast,Tailwind,Encore,Protect|Timid||F|||50|]Garchomp||LifeOrb|RoughSkin|Earthquake,DragonClaw,RockSlide,Protect|Jolly||M|||50|]Basculegion||MysticWater|Adaptability|WaveCrash,LastRespects,AquaJet,Protect|Adamant||M|||50|]Kingambit||ChopleBerry|Defiant|KowtowCleave,SuckerPunch,IronHead,LowKick|Adamant||M|||50|]Floette-Eternal||Floettite|FlowerVeil|DazzlingGleam,Moonblast,LightofRuin,Protect|Timid||F|||50|
|showteam|p2|Metagross||Metagrossite|ClearBody|PsychicFangs,IronHead,RockSlide,Protect|Jolly|||||50|]Tsareena||ChoiceScarf|QueenlyMajesty|TripleAxel,TropKick,LowKick,LowSweep|Jolly||F|||50|]Hydreigon||LifeOrb|Levitate|DarkPulse,DracoMeteor,EarthPower,Protect|Modest||F|||50|]Pelipper||FocusSash|Drizzle|Hurricane,WeatherBall,Tailwind,WideGuard|Timid||F|||50|]Basculegion||MysticWater|Adaptability|LastRespects,AquaJet,WaveCrash,Protect|Jolly||M|||50|]Garchomp||SitrusBerry|RoughSkin|DragonClaw,RockSlide,Earthquake,Protect|Jolly||M|||50|
|inactive|Battle timer is ON: inactive players will automatically lose when time's up. (requested by likeweezing)
|
|t:|1782249770
|teamsize|p1|4
|teamsize|p2|4
|start
|switch|p1a: Whimsicott|Whimsicott, L50, F|100/100
|switch|p1b: Garchomp|Garchomp, L50, M|100/100
|switch|p2a: Metagross|Metagross, L50, shiny|100/100
|switch|p2b: Tsareena|Tsareena, L50, F|100/100
|turn|1
|inactive|likeweezing has 30 seconds left.
|inactive|likeweezing has 20 seconds left.
|
|t:|1782249807
|move|p1b: Garchomp|Protect|p1b: Garchomp
|-singleturn|p1b: Garchomp|Protect
|move|p2a: Metagross|Protect|p2a: Metagross
|-singleturn|p2a: Metagross|Protect
|move|p2b: Tsareena|Triple Axel|p1b: Garchomp
|-activate|p1b: Garchomp|move: Protect
|move|p1a: Whimsicott|Moonblast|p2b: Tsareena
|-damage|p2b: Tsareena|55/100
|
|upkeep
|turn|2
|inactive|likeweezing has 30 seconds left.
|
|t:|1782249839
|detailschange|p2a: Metagross|Metagross-Mega, L50, shiny
|-mega|p2a: Metagross|Metagross|Metagrossite
|move|p1a: Whimsicott|Tailwind|p1a: Whimsicott
|-sidestart|p1: 1OO% Jesus|move: Tailwind
|move|p1b: Garchomp|Earthquake|p2a: Metagross|[spread] p1a,p2a,p2b
|-resisted|p1a: Whimsicott|1
|-supereffective|p2a: Metagross|1
|-resisted|p2b: Tsareena|1
|-damage|p1a: Whimsicott|62/100
|-damage|p2a: Metagross|26/100
|-damage|p2b: Tsareena|25/100
|-damage|p1b: Garchomp|90/100|[from] item: Life Orb
|move|p2b: Tsareena|Triple Axel|p1b: Garchomp
|-supereffective|p1b: Garchomp|2
|-damage|p1b: Garchomp|62/100
|-damage|p2b: Tsareena|13/100|[from] ability: Rough Skin|[of] p1b: Garchomp
|-supereffective|p1b: Garchomp|2
|-damage|p1b: Garchomp|10/100
|-damage|p2b: Tsareena|1/100|[from] ability: Rough Skin|[of] p1b: Garchomp
|-supereffective|p1b: Garchomp|2
|-damage|p1b: Garchomp|0 fnt
|-damage|p2b: Tsareena|0 fnt|[from] ability: Rough Skin|[of] p1b: Garchomp
|faint|p1b: Garchomp
|faint|p2b: Tsareena
|-hitcount|p1: Garchomp|3
|move|p2a: Metagross|Iron Head|p1a: Whimsicott
|-supereffective|p1a: Whimsicott|1
|-damage|p1a: Whimsicott|0 fnt
|faint|p1a: Whimsicott
|
|upkeep
|inactive|likeweezing has 30 seconds left.
|
|t:|1782249865
|switch|p1a: Floette|Floette-Eternal, L50, F|100/100
|switch|p1b: Basculegion|Basculegion, L50, M|100/100
|switch|p2b: Pelipper|Pelipper, L50, F|100/100
|-weather|RainDance|[from] ability: Drizzle|[of] p2b: Pelipper
|turn|3
|
|t:|1782249878
|switch|p2a: Hydreigon|Hydreigon, L50, F|100/100
|detailschange|p1a: Floette|Floette-Mega, L50, F
|-mega|p1a: Floette|Floette|Floettite
|-ability|p1a: Floette|Fairy Aura
|move|p1a: Floette|Moonblast|p2a: Hydreigon
|-supereffective|p2a: Hydreigon|2
|-damage|p2a: Hydreigon|0 fnt
|faint|p2a: Hydreigon
|move|p1b: Basculegion|Last Respects|p2b: Pelipper
|-enditem|p2b: Pelipper|Focus Sash
|-damage|p2b: Pelipper|1/100
|move|p2b: Pelipper|Tailwind|p2b: Pelipper
|-sidestart|p2: likeweezing|move: Tailwind
|
|-weather|RainDance|[upkeep]
|upkeep
|
|t:|1782249890
|switch|p2a: Metagross|Metagross-Mega, L50, shiny|26/100
|turn|4
|
|t:|1782249905
|move|p2a: Metagross|Iron Head|p1b: Basculegion
|-resisted|p1b: Basculegion|1
|-damage|p1b: Basculegion|64/100
|move|p1a: Floette|Moonblast|p2b: Pelipper
|-damage|p2b: Pelipper|0 fnt
|faint|p2b: Pelipper
|cant|p1b: Basculegion|flinch
|
|-weather|RainDance|[upkeep]
|upkeep
|turn|5
|-message|likeweezing forfeited.
|raw|1OO% Jesus's rating: 1059 → 1085(+26 for winning)
|raw|likeweezing's rating: 1000 → 1000(+0 for losing)
|
|win|1OO% Jesus
