|j|☆bighamsterbaseball
|j|☆yuppied
|html|bighamsterbaseballyuppied    
|uhtml|bestof|Game 2 of a best-of-3
|t:|1784958313
|gametype|doubles
|player|p1|bighamsterbaseball|pokemaniac|1103
|player|p2|yuppied|102|1040
|gen|9
|tier|[Gen 9 Champions] VGC 2026 Reg M-B (Bo3)
|rated|
|rule|Species Clause: Limit one of each Pokémon
|rule|Item Clause: Limit 1 of each item
|clearpoke
|poke|p1|Pyroar, L50, F|
|poke|p1|Scrafty, L50, M|
|poke|p1|Torkoal, L50, F|
|poke|p1|Farigiraf, L50, F|
|poke|p1|Sneasler, L50, M|
|poke|p1|Mamoswine, L50, F|
|poke|p2|Ceruledge, L50, F, shiny|
|poke|p2|Sinistcha, L50, shiny|
|poke|p2|Incineroar, L50, M, shiny|
|poke|p2|Floette-Eternal, L50, F|
|poke|p2|Milotic, L50, M, shiny|
|poke|p2|Garchomp, L50, M, shiny|
|teampreview|4
|showteam|p1|Pyroar||Pyroarite|Unnerve|HeatWave,Overheat,SolarBeam,Protect|Timid||F|||50|]Scrafty||Scraftinite|Intimidate|FakeOut,DrainPunch,KnockOff,IcePunch|Adamant||M|||50|]Torkoal||Leftovers|Drought|HeatWave,Yawn,HelpingHand,Protect|Relaxed||F|||50|]Farigiraf||SitrusBerry|ArmorTail|Psychic,HyperVoice,TrickRoom,NastyPlot|Sassy||F|||50|]Sneasler||LifeOrb|PoisonTouch|CloseCombat,PoisonJab,RockSlide,Protect|Adamant||M|||50|]Mamoswine||FocusSash|Oblivious|IceShard,HighHorsepower,FreezeDry,Protect|Rash||F|||50|
|showteam|p2|Ceruledge||ColburBerry|FlashFire|BitterBlade,BulkUp,Protect,ShadowSneak|Adamant||F|||50|]Sinistcha||KasibBerry|Hospitality|Protect,TrickRoom,MatchaGotcha,RagePowder|Bold|||||50|]Incineroar||SitrusBerry|Intimidate|FakeOut,FlareBlitz,ThroatChop,PartingShot|Impish||M|||50|]Floette-Eternal||Floettite|FlowerVeil|Moonblast,CalmMind,DrainingKiss,Protect|Modest||F|||50|]Milotic||Leftovers|Competitive|Haze,Protect,Scald,IcyWind|Modest||M|||50|]Garchomp||LifeOrb|RoughSkin|Protect,DragonClaw,StompingTantrum,RockSlide|Jolly||M|||50|
|
|t:|1784958362
|teamsize|p1|4
|teamsize|p2|4
|start
|switch|p1a: Sneasler|Sneasler, L50, M|100/100
|switch|p1b: Torkoal|Torkoal, L50, F|100/100
|switch|p2a: Garchomp|Garchomp, L50, M, shiny|100/100
|switch|p2b: Incineroar|Incineroar, L50, M, shiny|100/100
|-ability|p2b: Incineroar|Intimidate|boost
|-unboost|p1a: Sneasler|atk|1
|-unboost|p1b: Torkoal|atk|1
|-weather|SunnyDay|[from] ability: Drought|[of] p1b: Torkoal
|turn|1
|
|t:|1784958394
|switch|p1a: Scrafty|Scrafty, L50, M|100/100
|-ability|p1a: Scrafty|Intimidate|boost
|-unboost|p2a: Garchomp|atk|1
|-unboost|p2b: Incineroar|atk|1
|move|p1b: Torkoal|Protect|p1b: Torkoal
|-singleturn|p1b: Torkoal|Protect
|move|p2a: Garchomp|Rock Slide|p1a: Scrafty|[spread] p1a
|-activate|p1b: Torkoal|move: Protect
|-resisted|p1a: Scrafty|1
|-damage|p1a: Scrafty|92/100
|-damage|p2a: Garchomp|90/100|[from] item: Life Orb
|move|p2b: Incineroar|Flare Blitz|p1a: Scrafty
|-damage|p1a: Scrafty|49/100
|-damage|p2b: Incineroar|88/100|[from] Recoil
|
|-weather|SunnyDay|[upkeep]
|upkeep
|turn|2
|
|t:|1784958433
|detailschange|p1a: Scrafty|Scrafty-Mega, L50, M
|-mega|p1a: Scrafty|Scrafty|Scraftinite
|-ability|p1a: Scrafty|Intimidate|boost
|-unboost|p2a: Garchomp|atk|1
|-unboost|p2b: Incineroar|atk|1
|move|p1b: Torkoal|Helping Hand|p1a: Scrafty
|-singleturn|p1a: Scrafty|Helping Hand|[of] p1b: Torkoal
|move|p2a: Garchomp|Rock Slide|p1a: Scrafty|[spread] p1a,p1b
|-resisted|p1a: Scrafty|1
|-supereffective|p1b: Torkoal|1
|-damage|p1a: Scrafty|44/100
|-damage|p1b: Torkoal|83/100
|-damage|p2a: Garchomp|80/100|[from] item: Life Orb
|move|p1a: Scrafty|Drain Punch|p2b: Incineroar
|-supereffective|p2b: Incineroar|1
|-damage|p2b: Incineroar|0 fnt
|-heal|p1a: Scrafty|97/100|[from] drain|[of] p2b: Incineroar
|faint|p2b: Incineroar
|
|-weather|SunnyDay|[upkeep]
|-heal|p1b: Torkoal|89/100|[from] item: Leftovers
|upkeep
|
|t:|1784958456
|switch|p2b: Sinistcha|Sinistcha, L50, shiny|100/100
|-heal|p2a: Garchomp|100/100|[from] ability: Hospitality|[of] p2b: Sinistcha
|turn|3
|
|t:|1784958481
|switch|p2a: Ceruledge|Ceruledge, L50, F, shiny|100/100
|move|p2b: Sinistcha|Protect|p2b: Sinistcha
|-singleturn|p2b: Sinistcha|Protect
|move|p1a: Scrafty|Knock Off|p2b: Sinistcha
|-activate|p2b: Sinistcha|move: Protect
|move|p1b: Torkoal|Yawn|p2a: Ceruledge
|-start|p2a: Ceruledge|move: Yawn|[of] p1b: Torkoal
|
|-weather|SunnyDay|[upkeep]
|-heal|p1b: Torkoal|96/100|[from] item: Leftovers
|upkeep
|turn|4
|
|t:|1784958507
|switch|p2a: Garchomp|Garchomp, L50, M, shiny|100/100
|switch|p1a: Sneasler|Sneasler, L50, M|100/100
|move|p2b: Sinistcha|Matcha Gotcha|p1a: Sneasler|[spread] p1a,p1b
|-resisted|p1a: Sneasler|1
|-resisted|p1b: Torkoal|1
|-damage|p1a: Sneasler|84/100
|-damage|p1b: Torkoal|82/100
|move|p1b: Torkoal|Heat Wave|p2a: Garchomp|[spread] p2a,p2b
|-resisted|p2a: Garchomp|1
|-supereffective|p2b: Sinistcha|1
|-damage|p2a: Garchomp|82/100
|-damage|p2b: Sinistcha|32/100
|
|-weather|SunnyDay|[upkeep]
|-heal|p1b: Torkoal|88/100|[from] item: Leftovers
|upkeep
|turn|5
|
|t:|1784958542
|move|p1a: Sneasler|Protect|p1a: Sneasler
|-singleturn|p1a: Sneasler|Protect
|move|p2a: Garchomp|Stomping Tantrum|p1a: Sneasler
|-activate|p1a: Sneasler|move: Protect
|move|p2b: Sinistcha|Matcha Gotcha|p1b: Torkoal|[spread] p1b
|-activate|p1a: Sneasler|move: Protect
|-resisted|p1b: Torkoal|1
|-damage|p1b: Torkoal|74/100
|-heal|p2b: Sinistcha|39/100|[from] drain|[of] p1b: Torkoal
|move|p1b: Torkoal|Heat Wave|p2a: Garchomp|[spread] p2a,p2b
|-resisted|p2a: Garchomp|1
|-supereffective|p2b: Sinistcha|1
|-damage|p2a: Garchomp|66/100
|-damage|p2b: Sinistcha|0 fnt
|faint|p2b: Sinistcha
|
|-weather|none
|-heal|p1b: Torkoal|80/100|[from] item: Leftovers
|upkeep
|
|t:|1784958565
|switch|p2b: Ceruledge|Ceruledge, L50, F, shiny|100/100
|turn|6
|
|t:|1784958572
|move|p1a: Sneasler|Close Combat|p2a: Garchomp
|-damage|p2a: Garchomp|0 fnt
|-unboost|p1a: Sneasler|def|1
|-unboost|p1a: Sneasler|spd|1
|-damage|p1a: Sneasler|72/100|[from] ability: Rough Skin|[of] p2a: Garchomp
|faint|p2a: Garchomp
|-damage|p1a: Sneasler|63/100|[from] item: Life Orb
|move|p2b: Ceruledge|Bulk Up|p2b: Ceruledge
|-boost|p2b: Ceruledge|atk|1
|-boost|p2b: Ceruledge|def|1
|move|p1b: Torkoal|Yawn|p2b: Ceruledge
|-start|p2b: Ceruledge|move: Yawn|[of] p1b: Torkoal
|
|-heal|p1b: Torkoal|87/100|[from] item: Leftovers
|upkeep
|turn|7
|-message|yuppied forfeited.
|raw|bighamsterbaseball's rating: 1103 → 1124(+21 for winning)
|raw|yuppied's rating: 1040 → 1027(-13 for losing)
|
|win|bighamsterbaseball
