|j|☆dubbies
|j|☆Mythicallegand
|html|dubbiesMythicallegand    
|uhtml|bestof|Game 2 of a best-of-3
|t:|1756652899
|gametype|doubles
|player|p1|dubbies|hoopster|1067
|player|p2|Mythicallegand|iris|1076
|gen|9
|tier|[Gen 9] VGC 2025 Reg H (Bo3)
|rated|
|rule|Species Clause: Limit one of each Pokémon
|rule|Item Clause: Limit 1 of each item
|clearpoke
|poke|p1|Gholdengo, L50|
|poke|p1|Grimmsnarl, L50, M|
|poke|p1|Maushold, L50|
|poke|p1|Dragonite, L50, M|
|poke|p1|Pelipper, L50, F|
|poke|p1|Archaludon, L50, F|
|poke|p2|Dondozo, L50, F|
|poke|p2|Tatsugiri, L50, F|
|poke|p2|Dragonite, L50, F|
|poke|p2|Typhlosion-Hisui, L50, M|
|poke|p2|Whimsicott, L50, F|
|poke|p2|Ninetales-Alola, L50, F|
|teampreview|4
|showteam|p1|Gholdengo||LifeOrb|GoodasGold|MakeItRain,ShadowBall,NastyPlot,Protect||||||50|,,,,,Water]Grimmsnarl||LightClay|Prankster|FoulPlay,LightScreen,Reflect,ThunderWave|||M|||50|,,,,,Ghost]Maushold||SafetyGoggles|FriendGuard|Protect,SuperFang,FollowMe,BeatUp||||||50|,,,,,Ghost]Dragonite||LoadedDice|Multiscale|Protect,ScaleShot,ExtremeSpeed,Tailwind|||M|||50|,,,,,Steel]Pelipper||FocusSash|Drizzle|Protect,MuddyWater,Hurricane,Tailwind|||F|||50|,,,,,Ground]Archaludon||AssaultVest|Stamina|DracoMeteor,ElectroShot,BodyPress,Snarl|||F|||50|,,,,,Bug
|showteam|p2|Dondozo||LumBerry|Unaware|OrderUp,Protect,Earthquake,WaveCrash|||F|||50|,,,,,Dragon]Tatsugiri||SitrusBerry|Commander|Taunt,IcyWind,MuddyWater,DracoMeteor|||F|||50|,,,,,Ghost]Dragonite||AssaultVest|InnerFocus|TeraBlast,ExtremeSpeed,IceSpinner,ScaleShot|||F|||50|,,,,,Flying]Typhlosion-Hisui||LifeOrb|Blaze|Eruption,ShadowBall,HeatWave,Protect|||M|||50|,,,,,Grass]Whimsicott||FocusSash|Prankster|Encore,Moonblast,Tailwind,FakeTears|||F|||50|,,,,,Ghost]Ninetales-Alola||ChoiceSpecs|SnowWarning|Blizzard,DazzlingGleam,IcyWind,Moonblast|||F|||50|,,,,,Ghost
|inactive|Battle timer is ON: inactive players will automatically lose when time's up. (requested by dubbies)
|
|t:|1756652918
|teamsize|p1|4
|teamsize|p2|4
|start
|switch|p1a: Maushold|Maushold, L50, shiny|100/100
|switch|p1b: Pelipper|Pelipper, L50, F, shiny|100/100
|switch|p2a: Typhlosion|Typhlosion-Hisui, L50, M|100/100
|switch|p2b: Whimsicott|Whimsicott, L50, F|100/100
|-weather|RainDance|[from] ability: Drizzle|[of] p1b: Pelipper
|turn|1
|inactive|dubbies has 30 seconds left.
|inactive|Mythicallegand has 30 seconds left.
|
|t:|1756652946
|switch|p2a: Ninetales|Ninetales-Alola, L50, F|100/100
|-weather|Snowscape|[from] ability: Snow Warning|[of] p2a: Ninetales
|switch|p1b: Archaludon|Archaludon, L50, F, shiny|100/100
|move|p2b: Whimsicott|Moonblast|p1b: Archaludon
|-damage|p1b: Archaludon|82/100
|-unboost|p1b: Archaludon|spa|1
|-ability|p1b: Archaludon|Stamina|boost
|-boost|p1b: Archaludon|def|1
|move|p1a: Maushold|Beat Up|p1b: Archaludon
|-damage|p1b: Archaludon|81/100
|-ability|p1b: Archaludon|Stamina|boost
|-boost|p1b: Archaludon|def|1
|-damage|p1b: Archaludon|80/100
|-ability|p1b: Archaludon|Stamina|boost
|-boost|p1b: Archaludon|def|1
|-damage|p1b: Archaludon|79/100
|-ability|p1b: Archaludon|Stamina|boost
|-boost|p1b: Archaludon|def|1
|-damage|p1b: Archaludon|79/100
|-ability|p1b: Archaludon|Stamina|boost
|-boost|p1b: Archaludon|def|1
|-hitcount|p1b: Archaludon|4
|
|-weather|Snowscape|[upkeep]
|upkeep
|turn|2
|
|t:|1756652968
|-terastallize|p2a: Ninetales|Ghost
|move|p2b: Whimsicott|Fake Tears|p1b: Archaludon
|-unboost|p1b: Archaludon|spd|2
|move|p2a: Ninetales|Blizzard|p1a: Maushold|[spread] p1a,p1b
|-damage|p1a: Maushold|38/100
|-damage|p1b: Archaludon|15/100
|-ability|p1b: Archaludon|Stamina|boost
|-boost|p1b: Archaludon|def|1
|move|p1a: Maushold|Super Fang|p2b: Whimsicott
|-damage|p2b: Whimsicott|51/100
|move|p1b: Archaludon|Snarl|p2a: Ninetales|[spread] p2b
|-miss|p1b: Archaludon|p2a: Ninetales
|-resisted|p2b: Whimsicott
|-damage|p2b: Whimsicott|45/100
|-unboost|p2b: Whimsicott|spa|1
|
|-weather|Snowscape|[upkeep]
|upkeep
|turn|3
|inactive|dubbies has 30 seconds left.
|inactive|Mythicallegand has 30 seconds left.
|inactive|dubbies has 20 seconds left.
|inactive|dubbies has 15 seconds left.
|
|t:|1756653013
|switch|p1b: Pelipper|Pelipper, L50, F, shiny|100/100
|-weather|RainDance|[from] ability: Drizzle|[of] p1b: Pelipper
|move|p1a: Maushold|Follow Me|p1a: Maushold
|-singleturn|p1a: Maushold|move: Follow Me
|move|p2b: Whimsicott|Moonblast|p1a: Maushold
|-damage|p1a: Maushold|12/100
|move|p2a: Ninetales|Blizzard|p1a: Maushold|[spread] p1a
|-miss|p2a: Ninetales|p1b: Pelipper
|-damage|p1a: Maushold|0 fnt
|faint|p1a: Maushold
|
|-weather|RainDance|[upkeep]
|upkeep
|
|t:|1756653021
|switch|p1a: Archaludon|Archaludon, L50, F, shiny|15/100
|turn|4
|
|t:|1756653035
|switch|p2a: Dragonite|Dragonite, L50, F|100/100
|move|p2b: Whimsicott|Moonblast|p1a: Archaludon
|-damage|p1a: Archaludon|0 fnt
|faint|p1a: Archaludon
|move|p1b: Pelipper|Tailwind|p1b: Pelipper
|-sidestart|p1: dubbies|move: Tailwind
|
|-weather|RainDance|[upkeep]
|upkeep
|
|t:|1756653040
|switch|p1a: Gholdengo|Gholdengo, L50|100/100
|turn|5
|
|t:|1756653065
|move|p2b: Whimsicott|Tailwind|p2b: Whimsicott
|-sidestart|p2: Mythicallegand|move: Tailwind
|move|p1a: Gholdengo|Shadow Ball|p2a: Dragonite
|-damage|p2a: Dragonite|62/100
|-damage|p1a: Gholdengo|91/100|[from] item: Life Orb
|move|p2a: Dragonite|Scale Shot|p1b: Pelipper
|-damage|p1b: Pelipper|82/100
|-damage|p1b: Pelipper|64/100
|-damage|p1b: Pelipper|47/100
|-damage|p1b: Pelipper|27/100
|-damage|p1b: Pelipper|9/100
|-hitcount|p1b: Pelipper|5
|-unboost|p2a: Dragonite|def|1
|-boost|p2a: Dragonite|spe|1
|move|p1b: Pelipper|Muddy Water|p2b: Whimsicott|[spread] p2a,p2b
|-resisted|p2a: Dragonite
|-resisted|p2b: Whimsicott
|-damage|p2a: Dragonite|46/100
|-damage|p2b: Whimsicott|14/100
|-unboost|p2a: Dragonite|accuracy|1
|
|-weather|RainDance|[upkeep]
|upkeep
|turn|6
|inactive|dubbies has 30 seconds left.
|inactive|Mythicallegand has 30 seconds left.
|inactive|dubbies has 20 seconds left.
|
|t:|1756653100
|move|p1b: Pelipper|Protect|p1b: Pelipper
|-singleturn|p1b: Pelipper|Protect
|move|p2a: Dragonite|Extreme Speed|p1b: Pelipper
|-activate|p1b: Pelipper|move: Protect
|move|p2b: Whimsicott|Moonblast|p1a: Gholdengo
|-resisted|p1a: Gholdengo
|-damage|p1a: Gholdengo|80/100
|move|p1a: Gholdengo|Shadow Ball|p2a: Dragonite
|-damage|p2a: Dragonite|9/100
|-damage|p1a: Gholdengo|70/100|[from] item: Life Orb
|
|-weather|RainDance|[upkeep]
|upkeep
|turn|7
|
|t:|1756653115
|move|p2a: Dragonite|Extreme Speed|p1b: Pelipper
|-damage|p1b: Pelipper|0 fnt
|faint|p1b: Pelipper
|move|p2b: Whimsicott|Moonblast|p1a: Gholdengo
|-resisted|p1a: Gholdengo
|-damage|p1a: Gholdengo|58/100
|move|p1a: Gholdengo|Make It Rain|p2a: Dragonite|[spread] p2a,p2b
|-supereffective|p2b: Whimsicott
|-damage|p2a: Dragonite|0 fnt
|-damage|p2b: Whimsicott|0 fnt
|-unboost|p1a: Gholdengo|spa|1
|faint|p2a: Dragonite
|faint|p2b: Whimsicott
|-damage|p1a: Gholdengo|48/100|[from] item: Life Orb
|
|-weather|none
|-sideend|p1: dubbies|move: Tailwind
|upkeep
|
|t:|1756653119
|switch|p2b: Ninetales|Ninetales-Alola, L50, F, tera:Ghost|100/100
|switch|p2a: Typhlosion|Typhlosion-Hisui, L50, M|100/100
|-weather|Snowscape|[from] ability: Snow Warning|[of] p2b: Ninetales
|turn|8
|
|t:|1756653137
|move|p1a: Gholdengo|Protect|p1a: Gholdengo
|-singleturn|p1a: Gholdengo|Protect
|move|p2b: Ninetales|Blizzard|p1a: Gholdengo
|-activate|p1a: Gholdengo|move: Protect
|move|p2a: Typhlosion|Eruption|p1a: Gholdengo
|-activate|p1a: Gholdengo|move: Protect
|
|-weather|Snowscape|[upkeep]
|-sideend|p2: Mythicallegand|move: Tailwind
|upkeep
|turn|9
|
|t:|1756653144
|-terastallize|p1a: Gholdengo|Water
|move|p2b: Ninetales|Blizzard|p1a: Gholdengo
|-resisted|p1a: Gholdengo
|-damage|p1a: Gholdengo|15/100
|move|p2a: Typhlosion|Eruption|p1a: Gholdengo
|-resisted|p1a: Gholdengo
|-damage|p1a: Gholdengo|0 fnt
|faint|p1a: Gholdengo
|-damage|p2a: Typhlosion|91/100|[from] item: Life Orb
|
|win|Mythicallegand
