|j|☆GoofyGifts
|j|☆PlayzNSlayz
|html|GoofyGiftsPlayzNSlayz    
|uhtml|bestof|Game 1 of a best-of-3
|t:|1757006893
|gametype|doubles
|player|p1|GoofyGifts|blue|
|player|p2|PlayzNSlayz|parasollady|
|gen|9
|tier|[Gen 9] VGC 2025 Reg H (Bo3)
|rule|Species Clause: Limit one of each Pokémon
|rule|Item Clause: Limit 1 of each item
|clearpoke
|poke|p1|Indeedee, L50, M|
|poke|p1|Drifblim, L50, M|
|poke|p1|Volcarona, L50, F|
|poke|p1|Kommo-o, L50, M|
|poke|p1|Toxtricity, L50, M|
|poke|p1|Hydreigon, L50, M|
|poke|p2|Lilligant-Hisui, L50, F|
|poke|p2|Ursaluna, L50, F|
|poke|p2|Hatterene, L50, F|
|poke|p2|Indeedee-F, L50, F|
|poke|p2|Gallade, L50, M|
|poke|p2|Torkoal, L50, M|
|teampreview|4
|showteam|p1|Indeedee||FocusSash|PsychicSurge|ExpandingForce,TeraBlast,Imprison,TrickRoom|||M|||50|,,,,,Ground]Drifblim||PsychicSeed|Unburden|Acrobatics,WillOWisp,StrengthSap,Tailwind|||M|||50|,,,,,Grass]Volcarona||LifeOrb|FlameBody|BugBuzz,HeatWave,TeraBlast,Protect|||F|||50|,,,,,Fairy]Kommo-o||Leftovers|Soundproof|BodyPress,Flamethrower,IronDefense,Protect|||M|||50|,,,,,Fire]Toxtricity||ChoiceSpecs|PunkRock|Overdrive,Boomburst,SludgeBomb,VoltSwitch|||M|||50|,,,,,Normal]Hydreigon||AssaultVest|Levitate|DarkPulse,DracoMeteor,EarthPower,Snarl|||M|||50|,,,,,Ghost
|showteam|p2|Lilligant-Hisui||FocusSash|Chlorophyll|SolarBlade,CloseCombat,SleepPowder,AfterYou|||F|||50|,,,,,Ghost]Ursaluna||FlameOrb|Guts|Facade,HeadlongRush,Earthquake,Protect|||F|||50|,,,,,Ghost]Hatterene||LifeOrb|MagicBounce|ExpandingForce,DazzlingGleam,TeraBlast,TrickRoom|||F|||50|,,,,,Fire]Indeedee-F||PsychicSeed|PsychicSurge|FollowMe,HelpingHand,TrickRoom,Psyshock|||F|||50|,,,,,Water]Gallade||ClearAmulet|Sharpness|SacredSword,PsychoCut,WideGuard,TrickRoom|||M|||50|,,,,,Grass]Torkoal||ChoiceSpecs|Drought|Eruption,HeatWave,WeatherBall,EarthPower|||M|||50|,,,,,Fire
|
|t:|1757006943
|teamsize|p1|4
|teamsize|p2|4
|start
|switch|p1a: Medic|Drifblim, L50, M|100/100
|switch|p1b: Grooker|Toxtricity, L50, M, shiny|100/100
|switch|p2a: Torkoal|Torkoal, L50, M|100/100
|switch|p2b: Gallade|Gallade, L50, M|100/100
|-weather|SunnyDay|[from] ability: Drought|[of] p2a: Torkoal
|turn|1
|
|t:|1757006962
|-terastallize|p2a: Torkoal|Fire
|move|p1a: Medic|Tailwind|p1a: Medic
|-sidestart|p1: GoofyGifts|move: Tailwind
|move|p1b: Grooker|Volt Switch|p2b: Gallade
|-crit|p2b: Gallade
|-damage|p2b: Gallade|22/100
|
|t:|1757006969
|switch|p1b: Bowser|Hydreigon, L50, M|100/100|[from] Volt Switch
|move|p2b: Gallade|Sacred Sword|p1b: Bowser
|-supereffective|p1b: Bowser
|-damage|p1b: Bowser|0 fnt
|faint|p1b: Bowser
|move|p2a: Torkoal|Eruption|p1a: Medic
|-damage|p1a: Medic|0 fnt
|faint|p1a: Medic
|
|-weather|SunnyDay|[upkeep]
|upkeep
|
|t:|1757006986
|switch|p1b: Grooker|Toxtricity, L50, M, shiny|100/100
|switch|p1a: King dedede|Indeedee, L50, M|100/100
|-fieldstart|move: Psychic Terrain|[from] ability: Psychic Surge|[of] p1a: King dedede
|turn|2
|
|t:|1757007003
|-terastallize|p1a: King dedede|Ground
|move|p2b: Gallade|Wide Guard|p2b: Gallade
|-singleturn|p2b: Gallade|Wide Guard
|move|p1a: King dedede|Tera Blast|p2a: Torkoal|[anim] Tera Blast Ground
|-supereffective|p2a: Torkoal
|-damage|p2a: Torkoal|0 fnt
|faint|p2a: Torkoal
|move|p1b: Grooker|Overdrive|p2b: Gallade
|-activate|p2b: Gallade|move: Wide Guard
|
|-weather|SunnyDay|[upkeep]
|upkeep
|
|t:|1757007017
|switch|p2a: Ursaluna|Ursaluna, L50, F|100/100
|turn|3
|
|t:|1757007029
|move|p2a: Ursaluna|Protect|p2a: Ursaluna
|-singleturn|p2a: Ursaluna|Protect
|move|p1a: King dedede|Expanding Force|p2a: Ursaluna|[spread] p2b
|-activate|p2a: Ursaluna|move: Protect
|-damage|p2b: Gallade|0 fnt
|faint|p2b: Gallade
|move|p1b: Grooker|Overdrive|p2a: Ursaluna
|-activate|p2a: Ursaluna|move: Protect
|
|-weather|SunnyDay|[upkeep]
|-status|p2a: Ursaluna|brn|[from] item: Flame Orb
|upkeep
|
|t:|1757007040
|switch|p2b: Lilligant|Lilligant-Hisui, L50, F|100/100
|turn|4
|
|t:|1757007051
|move|p1a: King dedede|Expanding Force|p2a: Ursaluna|[spread] p2a,p2b
|-supereffective|p2b: Lilligant
|-damage|p2a: Ursaluna|57/100 brn
|-enditem|p2b: Lilligant|Focus Sash
|-damage|p2b: Lilligant|1/100
|move|p2b: Lilligant|Close Combat|p1a: King dedede
|-enditem|p1a: King dedede|Focus Sash
|-damage|p1a: King dedede|1/100
|-unboost|p2b: Lilligant|def|1
|-unboost|p2b: Lilligant|spd|1
|move|p1b: Grooker|Overdrive|p2a: Ursaluna|[spread] p2b
|-immune|p2a: Ursaluna
|-resisted|p2b: Lilligant
|-damage|p2b: Lilligant|0 fnt
|faint|p2b: Lilligant
|move|p2a: Ursaluna|Facade|p1b: Grooker
|-damage|p1b: Grooker|0 fnt
|faint|p1b: Grooker
|
|-weather|SunnyDay|[upkeep]
|-damage|p2a: Ursaluna|51/100 brn|[from] brn
|-sideend|p1: GoofyGifts|move: Tailwind
|upkeep
|turn|5
|
|t:|1757007080
|move|p1a: King dedede|Expanding Force|p2a: Ursaluna
|-damage|p2a: Ursaluna|0 fnt
|faint|p2a: Ursaluna
|
|win|GoofyGifts
||GoofyGifts is ready for game 2.
|inactive|PlayzNSlayz has 30 seconds to confirm battle start!
||PlayzNSlayz is ready for game 2.
|uhtml|next|Next: Game 2 of 3
|l|☆PlayzNSlayz
|player|p2|
