|j|☆raksbach
|j|☆kelloyy
|html|raksbachkelloyy    
|uhtml|bestof|Game 1 of a best-of-3
|t:|1782994271
|gametype|doubles
|player|p1|raksbach|2|1192
|player|p2|kelloyy|101|1001
|gen|9
|tier|[Gen 9 Champions] VGC 2026 Reg M-B (Bo3)
|rated|
|rule|Species Clause: Limit one of each Pokémon
|rule|Item Clause: Limit 1 of each item
|clearpoke
|poke|p1|Incineroar, L50, M|
|poke|p1|Maushold, L50|
|poke|p1|Sinistcha, L50|
|poke|p1|Sneasler, L50, M|
|poke|p1|Blastoise, L50, F|
|poke|p1|Delphox, L50, M|
|poke|p2|Starmie, L50|
|poke|p2|Tyranitar, L50, F|
|poke|p2|Garchomp, L50, F|
|poke|p2|Aegislash, L50, M|
|poke|p2|Aerodactyl, L50, M|
|poke|p2|Sableye, L50, F|
|teampreview|4
|showteam|p1|Incineroar||SitrusBerry|Intimidate|FakeOut,FlareBlitz,ThroatChop,PartingShot|Impish||M|||50|]Maushold||ChopleBerry|FriendGuard|SuperFang,Feint,FollowMe,Protect|Impish|||||50|]Sinistcha||KasibBerry|Hospitality|MatchaGotcha,LifeDew,RagePowder,Protect|Bold|||||50|]Sneasler||FocusSash|PoisonTouch|FakeOut,CloseCombat,DireClaw,QuickGuard|Jolly||M|||50|]Blastoise||Blastoisinite|RainDish|WaterSpout,DarkPulse,ShellSmash,Protect|Modest||F|||50|]Delphox||Delphoxite|Blaze|HeatWave,Psyshock,NastyPlot,Protect|Timid||M|||50|
|showteam|p2|Starmie||Starminite|Analytic|SkillSwap,Liquidation,SelfDestruct,Protect|Jolly|||||50|]Tyranitar||ChoiceScarf|SandStream|KnockOff,RockSlide,LowKick,IronHead|Jolly||F|||50|]Garchomp||MentalHerb|SandVeil|DragonClaw,Earthquake,RockSlide,Protect|Jolly||F|||50|]Aegislash||Leftovers|StanceChange|KingsShield,WideGuard,FlashCannon,ShadowBall|Calm||M|||50|]Aerodactyl||FocusSash|Unnerve|Tailwind,Protect,DualWingbeat,RockSlide|Jolly||M|||50|]Sableye||SitrusBerry|Prankster|HelpingHand,Taunt,Encore,DarkPulse|Bold||F|||50|
|inactive|Battle timer is ON: inactive players will automatically lose when time's up. (requested by raksbach)
|
|t:|1782994296
|teamsize|p1|4
|teamsize|p2|4
|start
|switch|p1a: Maushold|Maushold, L50|100/100
|switch|p1b: Blastoise|Blastoise, L50, F|100/100
|switch|p2a: Aerodactyl|Aerodactyl, L50, M|100/100
|switch|p2b: Sableye|Sableye, L50, F|100/100
|-ability|p2a: Aerodactyl|Unnerve
|turn|1
|
|t:|1782994315
|detailschange|p1b: Blastoise|Blastoise-Mega, L50, F
|-mega|p1b: Blastoise|Blastoise|Blastoisinite
|move|p1a: Maushold|Follow Me|p1a: Maushold
|-singleturn|p1a: Maushold|move: Follow Me
|move|p2b: Sableye|Taunt|p1a: Maushold
|-start|p1a: Maushold|move: Taunt
|move|p2a: Aerodactyl|Tailwind|p2a: Aerodactyl
|-sidestart|p2: kelloyy|move: Tailwind
|move|p1b: Blastoise|Shell Smash|p1b: Blastoise
|-unboost|p1b: Blastoise|def|1
|-unboost|p1b: Blastoise|spd|1
|-boost|p1b: Blastoise|atk|2
|-boost|p1b: Blastoise|spa|2
|-boost|p1b: Blastoise|spe|2
|
|upkeep
|turn|2
|
|t:|1782994334
|switch|p2a: Starmie|Starmie, L50|100/100
|move|p1a: Maushold|Feint|p2a: Starmie
|-damage|p2a: Starmie|88/100
|move|p2b: Sableye|Encore|p1b: Blastoise
|-start|p1b: Blastoise|Encore
|move|p1b: Blastoise|Shell Smash|p1b: Blastoise
|-unboost|p1b: Blastoise|def|1
|-unboost|p1b: Blastoise|spd|1
|-boost|p1b: Blastoise|atk|2
|-boost|p1b: Blastoise|spa|2
|-boost|p1b: Blastoise|spe|2
|
|upkeep
|turn|3
|
|t:|1782994356
|switch|p1b: Incineroar|Incineroar, L50, M|100/100
|-ability|p1b: Incineroar|Intimidate|boost
|-unboost|p2a: Starmie|atk|1
|-unboost|p2b: Sableye|atk|1
|detailschange|p2a: Starmie|Starmie-Mega, L50
|-mega|p2a: Starmie|Starmie|Starminite
|move|p2b: Sableye|Helping Hand|p2a: Starmie
|-singleturn|p2a: Starmie|Helping Hand|[of] p2b: Sableye
|move|p2a: Starmie|Self-Destruct|p1a: Maushold|[spread] p1a,p1b
|-immune|p2b: Sableye
|-damage|p1a: Maushold|16/100
|-damage|p1b: Incineroar|54/100
|faint|p2a: Starmie
|move|p1a: Maushold|Super Fang|p2b: Sableye
|-immune|p2b: Sableye
|
|upkeep
|
|t:|1782994375
|switch|p2a: Garchomp|Garchomp, L50, F|100/100
|turn|4
|inactive|kelloyy has 30 seconds left.
|
|t:|1782994405
|move|p2a: Garchomp|Rock Slide|p1a: Maushold|[spread] p1a,p1b
|-supereffective|p1b: Incineroar|1
|-crit|p1b: Incineroar
|-damage|p1a: Maushold|0 fnt
|-damage|p1b: Incineroar|20/100y
|-enditem|p1b: Incineroar|Sitrus Berry|[eat]
|-heal|p1b: Incineroar|45/100|[from] item: Sitrus Berry
|faint|p1a: Maushold
|move|p2b: Sableye|Dark Pulse|p1b: Incineroar
|-resisted|p1b: Incineroar|1
|-damage|p1b: Incineroar|36/100
|move|p1b: Incineroar|Parting Shot|p2a: Garchomp
|-unboost|p2a: Garchomp|atk|1
|-unboost|p2a: Garchomp|spa|1
|
|t:|1782994420
|switch|p1b: Blastoise|Blastoise-Mega, L50, F|100/100|[from] Parting Shot
|
|-sideend|p2: kelloyy|move: Tailwind
|upkeep
|
|t:|1782994425
|switch|p1a: Incineroar|Incineroar, L50, M|36/100
|-ability|p1a: Incineroar|Intimidate|boost
|-unboost|p2a: Garchomp|atk|1
|-unboost|p2b: Sableye|atk|1
|turn|5
|
|t:|1782994444
|move|p2a: Garchomp|Protect|p2a: Garchomp
|-singleturn|p2a: Garchomp|Protect
|move|p1a: Incineroar|Fake Out|p2a: Garchomp
|-activate|p2a: Garchomp|move: Protect
|move|p2b: Sableye|Taunt|p1b: Blastoise
|-start|p1b: Blastoise|move: Taunt
|move|p1b: Blastoise|Water Spout|p2b: Sableye|[spread] p2b
|-activate|p2a: Garchomp|move: Protect
|-damage|p2b: Sableye|0 fnt
|faint|p2b: Sableye
|
|upkeep
|
|t:|1782994456
|switch|p2b: Aerodactyl|Aerodactyl, L50, M|100/100
|-ability|p2b: Aerodactyl|Unnerve
|turn|6
|
|t:|1782994470
|move|p2b: Aerodactyl|Rock Slide|p1a: Incineroar|[spread] p1a
|-miss|p2b: Aerodactyl|p1b: Blastoise
|-supereffective|p1a: Incineroar|1
|-damage|p1a: Incineroar|1/100
|move|p2a: Garchomp|Rock Slide|p1a: Incineroar|[spread] p1a,p1b
|-supereffective|p1a: Incineroar|1
|-damage|p1a: Incineroar|0 fnt
|-damage|p1b: Blastoise|89/100
|faint|p1a: Incineroar
|move|p1b: Blastoise|Water Spout|p2a: Garchomp|[spread] p2a,p2b
|-crit|p2a: Garchomp
|-supereffective|p2b: Aerodactyl|1
|-damage|p2a: Garchomp|0 fnt
|-enditem|p2b: Aerodactyl|Focus Sash
|-damage|p2b: Aerodactyl|1/100
|faint|p2a: Garchomp
|
|upkeep
|
|t:|1782994485
|switch|p1a: Sinistcha|Sinistcha, L50|100/100
|-heal|p1b: Blastoise|100/100|[from] ability: Hospitality|[of] p1a: Sinistcha
|turn|7
|-message|kelloyy forfeited.
|
|win|raksbach
