|j|☆daemian_x
|j|☆vervejl
|html|daemian_xvervejl    
|uhtml|bestof|Game 1 of a best-of-3
|t:|1785369313
|gametype|doubles
|player|p1|daemian_x|blue|1139
|player|p2|vervejl|lucas|1188
|gen|9
|tier|[Gen 9 Champions] VGC 2026 Reg M-B (Bo3)
|rated|
|rule|Species Clause: Limit one of each Pokémon
|rule|Item Clause: Limit 1 of each item
|clearpoke
|poke|p1|Tyranitar, L50, F|
|poke|p1|Excadrill, L50, F|
|poke|p1|Gholdengo, L50|
|poke|p1|Milotic, L50, F|
|poke|p1|Sinistcha, L50|
|poke|p1|Staraptor, L50, F|
|poke|p2|Farigiraf, L50, F|
|poke|p2|Whimsicott, L50, F|
|poke|p2|Staraptor, L50, M|
|poke|p2|Glimmora, L50, F|
|poke|p2|Charizard, L50, M|
|poke|p2|Kingambit, L50, F|
|teampreview|4
|showteam|p1|Tyranitar||Tyranitarite|SandStream|RockSlide,KnockOff,LowKick,Protect|Adamant||F|||50|]Excadrill||FocusSash|SandRush|RockSlide,IronHead,Protect,Earthquake|Adamant||F|||50|]Gholdengo||LifeOrb|GoodasGold|MakeItRain,ShadowBall,NastyPlot,Protect|Modest|||||50|]Milotic||SitrusBerry|Competitive|Scald,IceBeam,Recover,Protect|Modest||F|||50|]Sinistcha||ColburBerry|Hospitality|MatchaGotcha,RagePowder,StrengthSap,Protect|Bold|||||50|]Staraptor||Staraptite|Intimidate|CloseCombat,BraveBird,Tailwind,Protect|Jolly||F|||50|
|showteam|p2|Farigiraf||SitrusBerry|ArmorTail|Psychic,Thunderbolt,TrickRoom,HelpingHand|Modest||F|||50|]Whimsicott||FairyFeather|Prankster|LightScreen,Tailwind,Charm,Moonblast|Timid||F|||50|]Staraptor||Staraptite|Intimidate|Protect,Roost,CloseCombat,BraveBird|Jolly||M|||50|]Glimmora||FocusSash|ToxicDebris|SpikyShield,SludgeBomb,EarthPower,PowerGem|Modest||F|||50|]Charizard||CharizarditeY|Blaze|Protect,HeatWave,SolarBeam,WeatherBall|Modest||M|||50|]Kingambit||ChopleBerry|Defiant|LowKick,SuckerPunch,IronHead,KowtowCleave|Adamant||F|||50|
|inactive|Battle timer is ON: inactive players will automatically lose when time's up. (requested by vervejl)
|inactive|daemian_x has 60 seconds left.
|inactive|vervejl has 60 seconds left.
|inactive|daemian_x has 30 seconds left.
|inactive|daemian_x has 20 seconds left.
|inactive|daemian_x has 15 seconds left.
|inactive|daemian_x has 10 seconds left.
|
|t:|1785369398
|teamsize|p1|4
|teamsize|p2|4
|start
|switch|p1a: Tyranitar|Tyranitar, L50, F|100/100
|switch|p1b: Milotic|Milotic, L50, F|100/100
|switch|p2a: Staraptor|Staraptor, L50, M|100/100
|switch|p2b: Whimsicott|Whimsicott, L50, F|100/100
|-ability|p2a: Staraptor|Intimidate|boost
|-unboost|p1a: Tyranitar|atk|1
|-unboost|p1b: Milotic|atk|1
|-ability|p1b: Milotic|Competitive|boost
|-boost|p1b: Milotic|spa|2
|-weather|Sandstorm|[from] ability: Sand Stream|[of] p1a: Tyranitar
|turn|1
|inactive|daemian_x has 30 seconds left.
|inactive|daemian_x has 20 seconds left.
|inactive|daemian_x has 15 seconds left.
|inactive|daemian_x has 10 seconds left.
|
|t:|1785369447
|switch|p1a: Sinistcha|Sinistcha, L50|100/100
|detailschange|p2a: Staraptor|Staraptor-Mega, L50, M
|-mega|p2a: Staraptor|Staraptor|Staraptite
|move|p2b: Whimsicott|Light Screen|p2b: Whimsicott
|-sidestart|p2: vervejl|move: Light Screen
|move|p2a: Staraptor|Close Combat|p1a: Sinistcha
|-immune|p1a: Sinistcha
|move|p1b: Milotic|Ice Beam|p2a: Staraptor
|-supereffective|p2a: Staraptor|1
|-damage|p2a: Staraptor|29/100
|
|-weather|Sandstorm|[upkeep]
|-damage|p2b: Whimsicott|94/100|[from] Sandstorm
|-damage|p2a: Staraptor|23/100|[from] Sandstorm
|-damage|p1b: Milotic|94/100|[from] Sandstorm
|-damage|p1a: Sinistcha|93/100|[from] Sandstorm
|upkeep
|turn|2
|inactive|vervejl has 30 seconds left.
|
|t:|1785369480
|switch|p2a: Farigiraf|Farigiraf, L50, F|100/100
|move|p1a: Sinistcha|Protect|p1a: Sinistcha
|-singleturn|p1a: Sinistcha|Protect
|move|p2b: Whimsicott|Moonblast|p1b: Milotic
|-damage|p1b: Milotic|62/100
|move|p1b: Milotic|Ice Beam|p2b: Whimsicott
|-supereffective|p2b: Whimsicott|1
|-damage|p2b: Whimsicott|0 fnt
|faint|p2b: Whimsicott
|
|-weather|Sandstorm|[upkeep]
|-damage|p1b: Milotic|56/100|[from] Sandstorm
|-damage|p1a: Sinistcha|87/100|[from] Sandstorm
|-damage|p2a: Farigiraf|93/100|[from] Sandstorm
|upkeep
|
|t:|1785369498
|switch|p2b: Kingambit|Kingambit, L50, F|100/100
|turn|3
|inactive|daemian_x has 30 seconds left.
|
|t:|1785369529
|move|p1a: Sinistcha|Rage Powder|p1a: Sinistcha
|-singleturn|p1a: Sinistcha|move: Rage Powder
|move|p1b: Milotic|Scald|p2b: Kingambit
|-damage|p2b: Kingambit|60/100
|move|p2a: Farigiraf|Thunderbolt|p1a: Sinistcha
|-resisted|p1a: Sinistcha|1
|-damage|p1a: Sinistcha|76/100
|move|p2b: Kingambit|Kowtow Cleave|p1a: Sinistcha
|-supereffective|p1a: Sinistcha|1
|-enditem|p1a: Sinistcha|Colbur Berry|[eat]
|-enditem|p1a: Sinistcha|Colbur Berry|[weaken]
|-damage|p1a: Sinistcha|38/100
|
|-weather|Sandstorm|[upkeep]
|-damage|p1b: Milotic|50/100g|[from] Sandstorm
|-damage|p1a: Sinistcha|32/100|[from] Sandstorm
|-damage|p2a: Farigiraf|87/100|[from] Sandstorm
|upkeep
|turn|4
|inactive|daemian_x has 30 seconds left.
|
|t:|1785369563
|move|p1a: Sinistcha|Rage Powder|p1a: Sinistcha
|-singleturn|p1a: Sinistcha|move: Rage Powder
|move|p1b: Milotic|Recover|p1b: Milotic
|-heal|p1b: Milotic|100/100
|move|p2a: Farigiraf|Thunderbolt|p1a: Sinistcha
|-resisted|p1a: Sinistcha|1
|-damage|p1a: Sinistcha|21/100
|move|p2b: Kingambit|Kowtow Cleave|p1a: Sinistcha
|-supereffective|p1a: Sinistcha|1
|-damage|p1a: Sinistcha|0 fnt
|faint|p1a: Sinistcha
|
|-weather|Sandstorm|[upkeep]
|-damage|p1b: Milotic|94/100|[from] Sandstorm
|-damage|p2a: Farigiraf|81/100|[from] Sandstorm
|upkeep
|
|t:|1785369577
|switch|p1a: Excadrill|Excadrill, L50, F|100/100
|turn|5
|
|t:|1785369593
|move|p1b: Milotic|Protect|p1b: Milotic
|-singleturn|p1b: Milotic|Protect
|move|p1a: Excadrill|Earthquake|p2a: Farigiraf|[spread] p2a,p2b
|-activate|p1b: Milotic|move: Protect
|-supereffective|p2b: Kingambit|1
|-damage|p2a: Farigiraf|44/100
|-damage|p2b: Kingambit|0 fnt
|-enditem|p2a: Farigiraf|Sitrus Berry|[eat]
|-heal|p2a: Farigiraf|69/100|[from] item: Sitrus Berry
|faint|p2b: Kingambit
|move|p2a: Farigiraf|Thunderbolt|p1b: Milotic
|-activate|p1b: Milotic|move: Protect
|
|-weather|none
|-sideend|p2: vervejl|move: Light Screen
|upkeep
|
|t:|1785369607
|switch|p2b: Staraptor|Staraptor-Mega, L50, M|23/100
|turn|6
|-message|vervejl forfeited.
|
|win|daemian_x
|l|☆vervejl
|player|p2|
||vervejl is ready for game 2.
||daemian_x is ready for game 2.
|uhtml|next|Next: Game 2 of 3
