|j|☆lillyrosethedemon
|j|☆Mega Chime Time
|html|lillyrosethedemonMega Chime Time    
|uhtml|bestof|Game 2 of a best-of-3
|t:|1783381863
|gametype|doubles
|player|p1|lillyrosethedemon|madame|
|player|p2|Mega Chime Time|miku-flying|
|gen|9
|tier|[Gen 9 Champions] VGC 2026 Reg M-B (Bo3)
|rule|Species Clause: Limit one of each Pokémon
|rule|Item Clause: Limit 1 of each item
|clearpoke
|poke|p1|Rhyperior, L50, M|
|poke|p1|Ariados, L50, M|
|poke|p1|Houndoom, L50, F|
|poke|p1|Feraligatr, L50, F|
|poke|p1|Florges-White, L50, F|
|poke|p1|Medicham, L50, F|
|poke|p2|Raichu, L50, F, shiny|
|poke|p2|Chimecho, L50, M|
|poke|p2|Blastoise, L50, F|
|poke|p2|Dragalge, L50, M|
|poke|p2|Hippowdon, L50, M|
|poke|p2|Chandelure, L50, F|
|teampreview|4
|showteam|p1|Rhyperior||PasshoBerry|SolidRock|RockSlide,HighHorsepower,Protect,IcePunch|Adamant||M|||50|]Ariados||SitrusBerry|Insomnia|RagePowder,KnockOff,ToxicThread,Protect|Careful||M|||50|]Houndoom||FocusSash|FlashFire|Snarl,DarkPulse,HeatWave,Protect|Timid||F|||50|]Feraligatr||LifeOrb|SheerForce|DragonDance,Liquidation,IcePunch,Protect|Adamant||F|||50|]Florges-White||ChoiceScarf|FlowerVeil|Moonblast,DazzlingGleam,Psychic,PollenPuff|Timid||F|||50|]Medicham||Medichamite|PurePower|FakeOut,IcePunch,CloseCombat,ZenHeadbutt|Jolly||F|||50|
|showteam|p2|Raichu||FocusSash|LightningRod|FakeOut,Nuzzle,Thunderbolt,Protect|Timid||F|||50|]Chimecho||Chimechite|Levitate|Psychic,FlashCannon,Protect,TrickRoom|Modest||M|||50|]Blastoise||SitrusBerry|RainDish|FakeOut,WaveCrash,Yawn,LifeDew|Adamant||F|||50|]Dragalge||PoisonBarb|Adaptability|SludgeBomb,SludgeWave,DragonPulse,Protect|Modest||M|||50|]Hippowdon||Leftovers|SandStream|RockSlide,Protect,SandTomb,Yawn|Adamant||M|||50|]Chandelure||Chandelurite|FlashFire|HeatWave,ShadowBall,Protect,TrickRoom|Modest||F|||50|
|inactive|Battle timer is ON: inactive players will automatically lose when time's up. (requested by Mega Chime Time)
|
|t:|1783381888
|teamsize|p1|4
|teamsize|p2|4
|start
|switch|p1a: Houndoom|Houndoom, L50, F|100/100
|switch|p1b: Medicham|Medicham, L50, F|100/100
|switch|p2a: Chimecho|Chimecho, L50, M|100/100
|switch|p2b: Raichu|Raichu, L50, F, shiny|100/100
|turn|1
|
|t:|1783381898
|detailschange|p1b: Medicham|Medicham-Mega, L50, F
|-mega|p1b: Medicham|Medicham|Medichamite
|detailschange|p2a: Chimecho|Chimecho-Mega, L50, M
|-mega|p2a: Chimecho|Chimecho|Chimechite
|move|p2b: Raichu|Fake Out|p1b: Medicham
|-damage|p1b: Medicham|89/100
|cant|p1b: Medicham|flinch
|move|p1a: Houndoom|Snarl|p2b: Raichu|[spread] p2a,p2b
|-supereffective|p2a: Chimecho|1
|-damage|p2a: Chimecho|69/100
|-damage|p2b: Raichu|69/100
|-unboost|p2a: Chimecho|spa|1
|-unboost|p2b: Raichu|spa|1
|move|p2a: Chimecho|Trick Room|p2a: Chimecho
|-fieldstart|move: Trick Room|[of] p2a: Chimecho
|
|upkeep
|turn|2
|
|t:|1783381921
|switch|p2a: Dragalge|Dragalge, L50, M|100/100
|switch|p1b: Feraligatr|Feraligatr, L50, F|100/100
|move|p1a: Houndoom|Heat Wave|p2a: Dragalge|[spread] p2a,p2b
|-resisted|p2a: Dragalge|1
|-damage|p2a: Dragalge|84/100
|-damage|p2b: Raichu|21/100
|move|p2b: Raichu|Thunderbolt|p1b: Feraligatr
|-supereffective|p1b: Feraligatr|1
|-damage|p1b: Feraligatr|48/100
|
|upkeep
|turn|3
|
|t:|1783381934
|switch|p2b: Chimecho|Chimecho-Mega, L50, M|69/100
|move|p2a: Dragalge|Sludge Wave|p1a: Houndoom|[spread] p1a,p1b
|-immune|p2b: Chimecho
|-damage|p1a: Houndoom|19/100
|-damage|p1b: Feraligatr|0 fnt
|faint|p1b: Feraligatr
|move|p1a: Houndoom|Snarl|p2b: Chimecho|[spread] p2a,p2b
|-supereffective|p2b: Chimecho|1
|-damage|p2a: Dragalge|68/100
|-damage|p2b: Chimecho|39/100
|-unboost|p2a: Dragalge|spa|1
|-unboost|p2b: Chimecho|spa|1
|
|upkeep
|
|t:|1783381950
|switch|p1b: Medicham|Medicham-Mega, L50, F|89/100
|turn|4
|
|t:|1783381962
|switch|p2b: Blastoise|Blastoise, L50, F|100/100
|move|p2a: Dragalge|Protect|p2a: Dragalge
|-singleturn|p2a: Dragalge|Protect
|move|p1b: Medicham|Fake Out|p2a: Dragalge
|-activate|p2a: Dragalge|move: Protect
|move|p1a: Houndoom|Snarl|p2a: Dragalge|[spread] p2b
|-activate|p2a: Dragalge|move: Protect
|-damage|p2b: Blastoise|80/100
|-unboost|p2b: Blastoise|spa|1
|
|upkeep
|turn|5
|
|t:|1783381985
|switch|p1b: Ariados|Ariados, L50, M|100/100
|move|p1a: Houndoom|Protect|p1a: Houndoom
|-singleturn|p1a: Houndoom|Protect
|move|p2a: Dragalge|Sludge Bomb|p1b: Ariados
|-resisted|p1b: Ariados|1
|-damage|p1b: Ariados|75/100
|move|p2b: Blastoise|Wave Crash|p1b: Ariados
|-damage|p1b: Ariados|15/100
|-enditem|p1b: Ariados|Sitrus Berry|[eat]
|-heal|p1b: Ariados|40/100|[from] item: Sitrus Berry
|-damage|p2b: Blastoise|61/100|[from] Recoil
|
|-fieldend|move: Trick Room
|upkeep
|turn|6
|
|t:|1783382010
|move|p1b: Ariados|Protect|p1b: Ariados
|-singleturn|p1b: Ariados|Protect
|move|p1a: Houndoom|Snarl|p2b: Blastoise|[spread] p2a,p2b
|-damage|p2a: Dragalge|50/100y
|-damage|p2b: Blastoise|43/100
|-unboost|p2a: Dragalge|spa|1
|-unboost|p2b: Blastoise|spa|1
|-enditem|p2b: Blastoise|Sitrus Berry|[eat]
|-heal|p2b: Blastoise|68/100|[from] item: Sitrus Berry
|move|p2b: Blastoise|Life Dew|p2b: Blastoise|[spread] p2a,p2b
|-heal|p2a: Dragalge|75/100
|-heal|p2b: Blastoise|93/100
|move|p2a: Dragalge|Sludge Bomb|p1a: Houndoom
|-damage|p1a: Houndoom|0 fnt
|faint|p1a: Houndoom
|
|upkeep
|
|t:|1783382025
|switch|p1a: Medicham|Medicham-Mega, L50, F|89/100
|turn|7
|inactive|lillyrosethedemon has 30 seconds left.
|inactive|lillyrosethedemon has 20 seconds left.
|inactive|lillyrosethedemon has 15 seconds left.
|
|t:|1783382066
|switch|p2b: Raichu|Raichu, L50, F, shiny|21/100
|move|p2a: Dragalge|Protect|p2a: Dragalge
|-singleturn|p2a: Dragalge|Protect
|move|p1b: Ariados|Rage Powder|p1b: Ariados
|-singleturn|p1b: Ariados|move: Rage Powder
|move|p1a: Medicham|Zen Headbutt|p2a: Dragalge
|-activate|p2a: Dragalge|move: Protect
|
|upkeep
|turn|8
|
|t:|1783382089
|move|p2b: Raichu|Fake Out|p1a: Medicham
|-damage|p1a: Medicham|76/100
|cant|p1a: Medicham|flinch
|move|p2a: Dragalge|Sludge Wave|p1a: Medicham|[spread] p2b,p1a,p1b
|-resisted|p1b: Ariados|1
|-damage|p2b: Raichu|0 fnt
|-damage|p1a: Medicham|37/100
|-damage|p1b: Ariados|25/100
|faint|p2b: Raichu
|move|p1b: Ariados|Toxic Thread|p2a: Dragalge
|-unboost|p2a: Dragalge|spe|2
|-immune|p2a: Dragalge
|
|upkeep
|
|t:|1783382097
|switch|p2b: Blastoise|Blastoise, L50, F|93/100
|turn|9
|
|t:|1783382109
|move|p2b: Blastoise|Fake Out|p1a: Medicham
|-damage|p1a: Medicham|21/100
|cant|p1a: Medicham|flinch
|move|p1b: Ariados|Knock Off|p2a: Dragalge
|-crit|p2a: Dragalge
|-damage|p2a: Dragalge|38/100
|-enditem|p2a: Dragalge|Poison Barb|[from] move: Knock Off|[of] p1b: Ariados
|move|p2a: Dragalge|Sludge Wave|p1a: Medicham|[spread] p2b,p1a,p1b
|-resisted|p1b: Ariados|1
|-damage|p2b: Blastoise|69/100
|-damage|p1a: Medicham|0 fnt
|-damage|p1b: Ariados|12/100
|faint|p1a: Medicham
|
|upkeep
|turn|10
|-message|lillyrosethedemon forfeited.
|
|win|Mega Chime Time
|l|☆lillyrosethedemon
|player|p1|
||lillyrosethedemon is ready for game 3.
||Mega Chime Time is ready for game 3.
|uhtml|next|Next: Game 3 of 3
