|j|☆MidoMidori
|j|☆Sonja Hilmer
|html|MidoMidoriSonja Hilmer    
|uhtml|bestof|Game 3 of a best-of-3
|t:|1756238516
|gametype|doubles
|player|p1|MidoMidori|roxanne-gen6|1318
|player|p2|Sonja Hilmer|lady|1463
|gen|9
|tier|[Gen 9] VGC 2025 Reg H (Bo3)
|rated|
|rule|Species Clause: Limit one of each Pokémon
|rule|Item Clause: Limit 1 of each item
|clearpoke
|poke|p1|Sneasler, L50, F|
|poke|p1|Indeedee, L50, M|
|poke|p1|Volcarona, L50, F|
|poke|p1|Ursaluna-Bloodmoon, L50, M|
|poke|p1|Annihilape, L50, F|
|poke|p1|Tyranitar, L50, M|
|poke|p2|Dachsbun, L50, F|
|poke|p2|Typhlosion-Hisui, L50, M|
|poke|p2|Kingambit, L50, M|
|poke|p2|Jumpluff, L50, F|
|poke|p2|Rillaboom, L50, M|
|poke|p2|Torkoal, L50, F|
|teampreview|4
|showteam|p1|Sneasler||PsychicSeed|Unburden|CloseCombat,DireClaw,ThroatChop,Protect|||F|||50|,,,,,Dark]Indeedee||ChoiceScarf|PsychicSurge|ExpandingForce,TeraBlast,Trick,Protect|||M|||50|,,,,,Psychic]Volcarona||SitrusBerry|FlameBody|Overheat,StruggleBug,RagePowder,Tailwind|||F|||50|,,,,,Grass]Ursaluna-Bloodmoon||LifeOrb|MindsEye|BloodMoon,HyperVoice,EarthPower,Protect|||M|||50|,,,,,Normal]Annihilape||SafetyGoggles|Defiant|CloseCombat,RageFist,Taunt,FinalGambit|||F|||50|,,,,,Fairy]Tyranitar||AssaultVest|SandStream|RockSlide,KnockOff,TeraBlast,LowKick|||M|||50|,,,,,Flying
|showteam|p2|Dachsbun||Leftovers|WellBakedBody|BodyPress,Snarl,HelpingHand,Protect|||F|||50|,,,,,Steel]Typhlosion-Hisui||ChoiceSpecs|Blaze|Eruption,LavaPlume,Overheat,ShadowBall|||M|||50|,,,,,Fire]Kingambit||SafetyGoggles|Defiant|Protect,KowtowCleave,SuckerPunch,SwordsDance|||M|||50|,,,,,Dark]Jumpluff||CovertCloak|Chlorophyll|SleepPowder,SunnyDay,RagePowder,Tailwind|||F|||50|,,,,,Water]Rillaboom||AssaultVest|GrassySurge|WoodHammer,GrassyGlide,FakeOut,HighHorsepower|||M|||50|,,,,,Water]Torkoal||SitrusBerry|Drought|HeatWave,LavaPlume,ClearSmog,Protect|||F|||50|,,,,,Fairy
|inactive|Battle timer is ON: inactive players will automatically lose when time's up. (requested by Sonja Hilmer)
|inactive|Sonja Hilmer has 60 seconds left.
|
|t:|1756238568
|teamsize|p1|4
|teamsize|p2|4
|start
|switch|p1a: Sneasler|Sneasler, L50, F|100/100
|switch|p1b: Indeedee|Indeedee, L50, M|100/100
|switch|p2a: Typhlosion|Typhlosion-Hisui, L50, M|100/100
|switch|p2b: Rillaboom|Rillaboom, L50, M|100/100
|-fieldstart|move: Psychic Terrain|[from] ability: Psychic Surge|[of] p1b: Indeedee
|-enditem|p1a: Sneasler|Psychic Seed
|-boost|p1a: Sneasler|spd|1|[from] item: Psychic Seed
|-fieldstart|move: Grassy Terrain|[from] ability: Grassy Surge|[of] p2b: Rillaboom
|turn|1
|
|t:|1756238579
|switch|p2a: Torkoal|Torkoal, L50, F|100/100
|-weather|SunnyDay|[from] ability: Drought|[of] p2a: Torkoal
|move|p1a: Sneasler|Protect|p1a: Sneasler
|-singleturn|p1a: Sneasler|Protect
|move|p1b: Indeedee|Expanding Force|p2a: Torkoal
|-damage|p2a: Torkoal|57/100
|move|p2b: Rillaboom|Wood Hammer|p1b: Indeedee
|-damage|p1b: Indeedee|0 fnt
|faint|p1b: Indeedee
|-damage|p2b: Rillaboom|78/100|[from] Recoil
|
|-weather|SunnyDay|[upkeep]
|-heal|p2b: Rillaboom|84/100|[from] Grassy Terrain
|-heal|p2a: Torkoal|64/100|[from] Grassy Terrain
|upkeep
|
|t:|1756238583
|switch|p1b: Volcarona|Volcarona, L50, F|100/100
|turn|2
|
|t:|1756238596
|switch|p2b: Dachsbun|Dachsbun, L50, F|100/100
|move|p1a: Sneasler|Dire Claw|p2b: Dachsbun
|-supereffective|p2b: Dachsbun
|-damage|p2b: Dachsbun|30/100
|move|p1b: Volcarona|Struggle Bug|p2b: Dachsbun|[spread] p2a,p2b
|-resisted|p2a: Torkoal
|-resisted|p2b: Dachsbun
|-damage|p2a: Torkoal|55/100
|-damage|p2b: Dachsbun|21/100
|-unboost|p2a: Torkoal|spa|1
|-unboost|p2b: Dachsbun|spa|1
|move|p2a: Torkoal|Lava Plume|p1a: Sneasler|[spread] p1a,p1b
|-ability|p2b: Dachsbun|Well-Baked Body|boost
|-boost|p2b: Dachsbun|def|2
|-damage|p1a: Sneasler|85/100
|-damage|p1b: Volcarona|82/100
|
|-weather|SunnyDay|[upkeep]
|-heal|p1a: Sneasler|91/100|[from] Grassy Terrain
|-heal|p1b: Volcarona|88/100|[from] Grassy Terrain
|-heal|p2b: Dachsbun|27/100|[from] Grassy Terrain
|-heal|p2b: Dachsbun|33/100|[from] item: Leftovers
|-heal|p2a: Torkoal|61/100|[from] Grassy Terrain
|upkeep
|turn|3
|inactive|MidoMidori has 30 seconds left.
|
|t:|1756238623
|move|p2b: Dachsbun|Protect|p2b: Dachsbun
|-singleturn|p2b: Dachsbun|Protect
|move|p2a: Torkoal|Protect|p2a: Torkoal
|-singleturn|p2a: Torkoal|Protect
|move|p1a: Sneasler|Close Combat|p2b: Dachsbun
|-activate|p2b: Dachsbun|move: Protect
|move|p1b: Volcarona|Struggle Bug|p2b: Dachsbun|[spread] 
|-activate|p2a: Torkoal|move: Protect
|-activate|p2b: Dachsbun|move: Protect
|
|-weather|SunnyDay|[upkeep]
|-heal|p1a: Sneasler|97/100|[from] Grassy Terrain
|-heal|p1b: Volcarona|94/100|[from] Grassy Terrain
|-heal|p2b: Dachsbun|39/100|[from] Grassy Terrain
|-heal|p2b: Dachsbun|45/100|[from] item: Leftovers
|-heal|p2a: Torkoal|68/100|[from] Grassy Terrain
|upkeep
|turn|4
|
|t:|1756238633
|-terastallize|p2b: Dachsbun|Steel
|move|p1a: Sneasler|Dire Claw|p2b: Dachsbun
|-immune|p2b: Dachsbun
|move|p1b: Volcarona|Struggle Bug|p2b: Dachsbun|[spread] p2a,p2b
|-resisted|p2a: Torkoal
|-resisted|p2b: Dachsbun
|-damage|p2a: Torkoal|58/100
|-damage|p2b: Dachsbun|34/100
|-unboost|p2a: Torkoal|spa|1
|-unboost|p2b: Dachsbun|spa|1
|move|p2b: Dachsbun|Body Press|p1a: Sneasler
|-resisted|p1a: Sneasler
|-damage|p1a: Sneasler|50/100
|move|p2a: Torkoal|Lava Plume|p1a: Sneasler|[spread] p1a,p1b
|-ability|p2b: Dachsbun|Well-Baked Body|boost
|-boost|p2b: Dachsbun|def|2
|-damage|p1a: Sneasler|38/100
|-damage|p1b: Volcarona|80/100
|-status|p1a: Sneasler|brn
|
|-weather|SunnyDay|[upkeep]
|-heal|p1a: Sneasler|44/100 brn|[from] Grassy Terrain
|-heal|p1b: Volcarona|87/100|[from] Grassy Terrain
|-heal|p2b: Dachsbun|40/100|[from] Grassy Terrain
|-heal|p2b: Dachsbun|46/100|[from] item: Leftovers
|-heal|p2a: Torkoal|64/100|[from] Grassy Terrain
|-damage|p1a: Sneasler|38/100 brn|[from] brn
|upkeep
|turn|5
|
|t:|1756238652
|move|p2b: Dachsbun|Protect|p2b: Dachsbun
|-singleturn|p2b: Dachsbun|Protect
|move|p1a: Sneasler|Close Combat|p2b: Dachsbun
|-activate|p2b: Dachsbun|move: Protect
|move|p1b: Volcarona|Struggle Bug|p2a: Torkoal|[spread] p2a
|-activate|p2b: Dachsbun|move: Protect
|-resisted|p2a: Torkoal
|-damage|p2a: Torkoal|54/100
|-unboost|p2a: Torkoal|spa|1
|move|p2a: Torkoal|Lava Plume|p1b: Volcarona|[spread] p1a,p1b
|-activate|p2b: Dachsbun|move: Protect
|-damage|p1a: Sneasler|26/100 brn
|-damage|p1b: Volcarona|75/100
|
|-weather|none
|-heal|p1a: Sneasler|32/100 brn|[from] Grassy Terrain
|-heal|p1b: Volcarona|81/100|[from] Grassy Terrain
|-heal|p2b: Dachsbun|52/100|[from] Grassy Terrain
|-heal|p2b: Dachsbun|58/100|[from] item: Leftovers
|-heal|p2a: Torkoal|61/100|[from] Grassy Terrain
|-damage|p1a: Sneasler|26/100 brn|[from] brn
|-fieldend|move: Grassy Terrain
|upkeep
|turn|6
|
|t:|1756238665
|switch|p2a: Rillaboom|Rillaboom, L50, M|84/100
|-fieldstart|move: Grassy Terrain|[from] ability: Grassy Surge|[of] p2a: Rillaboom
|move|p1a: Sneasler|Close Combat|p2b: Dachsbun
|-supereffective|p2b: Dachsbun
|-damage|p2b: Dachsbun|40/100
|-unboost|p1a: Sneasler|def|1
|-unboost|p1a: Sneasler|spd|1
|move|p1b: Volcarona|Struggle Bug|p2a: Rillaboom|[spread] p2a,p2b
|-supereffective|p2a: Rillaboom
|-resisted|p2b: Dachsbun
|-damage|p2a: Rillaboom|60/100
|-damage|p2b: Dachsbun|29/100
|-unboost|p2a: Rillaboom|spa|1
|-unboost|p2b: Dachsbun|spa|1
|move|p2b: Dachsbun|Body Press|p1a: Sneasler
|-resisted|p1a: Sneasler
|-damage|p1a: Sneasler|0 fnt
|faint|p1a: Sneasler
|
|-heal|p1b: Volcarona|87/100|[from] Grassy Terrain
|-heal|p2b: Dachsbun|35/100|[from] Grassy Terrain
|-heal|p2b: Dachsbun|41/100|[from] item: Leftovers
|-heal|p2a: Rillaboom|66/100|[from] Grassy Terrain
|upkeep
|
|t:|1756238669
|switch|p1a: Tyranitar|Tyranitar, L50, M|100/100
|-weather|Sandstorm|[from] ability: Sand Stream|[of] p1a: Tyranitar
|turn|7
|
|t:|1756238683
|-terastallize|p1a: Tyranitar|Flying
|move|p2a: Rillaboom|Fake Out|p1a: Tyranitar
|-damage|p1a: Tyranitar|88/100
|move|p1b: Volcarona|Overheat|p2a: Rillaboom
|-supereffective|p2a: Rillaboom
|-damage|p2a: Rillaboom|0 fnt
|-unboost|p1b: Volcarona|spa|2
|faint|p2a: Rillaboom
|move|p2b: Dachsbun|Body Press|p1a: Tyranitar
|-resisted|p1a: Tyranitar
|-damage|p1a: Tyranitar|51/100
|cant|p1a: Tyranitar|flinch
|
|-weather|Sandstorm|[upkeep]
|-damage|p1b: Volcarona|81/100|[from] Sandstorm
|-damage|p1a: Tyranitar|45/100|[from] Sandstorm
|-heal|p1b: Volcarona|87/100|[from] Grassy Terrain
|-heal|p2b: Dachsbun|47/100|[from] Grassy Terrain
|-heal|p2b: Dachsbun|54/100|[from] item: Leftovers
|upkeep
|
|t:|1756238691
|switch|p2a: Typhlosion|Typhlosion-Hisui, L50, M|100/100
|turn|8
|
|t:|1756238696
|move|p2b: Dachsbun|Helping Hand|p2a: Typhlosion
|-singleturn|p2a: Typhlosion|Helping Hand|[of] p2b: Dachsbun
|move|p1b: Volcarona|Tailwind|p1b: Volcarona
|-sidestart|p1: MidoMidori|move: Tailwind
|move|p1a: Tyranitar|Knock Off|p2a: Typhlosion
|-supereffective|p2a: Typhlosion
|-damage|p2a: Typhlosion|0 fnt
|-enditem|p2a: Typhlosion|Choice Specs|[from] move: Knock Off|[of] p1a: Tyranitar
|faint|p2a: Typhlosion
|
|-weather|Sandstorm|[upkeep]
|-damage|p1b: Volcarona|81/100|[from] Sandstorm
|-damage|p1a: Tyranitar|39/100|[from] Sandstorm
|-heal|p1b: Volcarona|87/100|[from] Grassy Terrain
|-heal|p2b: Dachsbun|60/100|[from] Grassy Terrain
|-heal|p2b: Dachsbun|66/100|[from] item: Leftovers
|upkeep
|
|t:|1756238701
|switch|p2a: Torkoal|Torkoal, L50, F|61/100
|-weather|SunnyDay|[from] ability: Drought|[of] p2a: Torkoal
|turn|9
|
|t:|1756238710
|move|p2a: Torkoal|Protect|p2a: Torkoal
|-singleturn|p2a: Torkoal|Protect
|move|p1b: Volcarona|Struggle Bug|p2b: Dachsbun|[spread] p2b
|-activate|p2a: Torkoal|move: Protect
|-resisted|p2b: Dachsbun
|-damage|p2b: Dachsbun|60/100
|-unboost|p2b: Dachsbun|spa|1
|move|p1a: Tyranitar|Rock Slide|p2a: Torkoal|[spread] p2b
|-activate|p2a: Torkoal|move: Protect
|-resisted|p2b: Dachsbun
|-damage|p2b: Dachsbun|57/100
|move|p2b: Dachsbun|Body Press|p1a: Tyranitar
|-resisted|p1a: Tyranitar
|-damage|p1a: Tyranitar|2/100
|
|-weather|SunnyDay|[upkeep]
|-heal|p1b: Volcarona|93/100|[from] Grassy Terrain
|-heal|p2b: Dachsbun|63/100|[from] Grassy Terrain
|-heal|p2b: Dachsbun|69/100|[from] item: Leftovers
|-heal|p2a: Torkoal|67/100|[from] Grassy Terrain
|upkeep
|turn|10
|
|t:|1756238722
|move|p1b: Volcarona|Struggle Bug|p2a: Torkoal|[spread] p2a,p2b
|-resisted|p2a: Torkoal
|-resisted|p2b: Dachsbun
|-damage|p2a: Torkoal|62/100
|-damage|p2b: Dachsbun|64/100
|-unboost|p2a: Torkoal|spa|1
|-unboost|p2b: Dachsbun|spa|1
|move|p1a: Tyranitar|Rock Slide|p2a: Torkoal|[spread] p2a,p2b
|-supereffective|p2a: Torkoal
|-resisted|p2b: Dachsbun
|-damage|p2a: Torkoal|20/100
|-damage|p2b: Dachsbun|60/100
|-enditem|p2a: Torkoal|Sitrus Berry|[eat]
|-heal|p2a: Torkoal|45/100|[from] item: Sitrus Berry
|cant|p2b: Dachsbun|flinch
|cant|p2a: Torkoal|flinch
|
|-weather|SunnyDay|[upkeep]
|-heal|p1b: Volcarona|99/100|[from] Grassy Terrain
|-heal|p2b: Dachsbun|66/100|[from] Grassy Terrain
|-heal|p2b: Dachsbun|72/100|[from] item: Leftovers
|-heal|p2a: Torkoal|52/100|[from] Grassy Terrain
|-fieldend|move: Grassy Terrain
|upkeep
|turn|11
|
|t:|1756238739
|move|p2b: Dachsbun|Protect|p2b: Dachsbun
|-singleturn|p2b: Dachsbun|Protect
|move|p2a: Torkoal|Protect|p2a: Torkoal
|-singleturn|p2a: Torkoal|Protect
|move|p1b: Volcarona|Overheat|p2a: Torkoal
|-activate|p2a: Torkoal|move: Protect
|move|p1a: Tyranitar|Rock Slide|p2a: Torkoal|[spread] 
|-activate|p2a: Torkoal|move: Protect
|-activate|p2b: Dachsbun|move: Protect
|
|-weather|SunnyDay|[upkeep]
|-heal|p2b: Dachsbun|79/100|[from] item: Leftovers
|-sideend|p1: MidoMidori|move: Tailwind
|upkeep
|turn|12
|
|t:|1756238744
|move|p1b: Volcarona|Overheat|p2a: Torkoal
|-resisted|p2a: Torkoal
|-damage|p2a: Torkoal|27/100
|-unboost|p1b: Volcarona|spa|2
|move|p2b: Dachsbun|Snarl|p1b: Volcarona|[spread] p1a,p1b
|-damage|p1a: Tyranitar|0 fnt
|-damage|p1b: Volcarona|98/100
|-unboost|p1b: Volcarona|spa|1
|faint|p1a: Tyranitar
|move|p2a: Torkoal|Lava Plume|p1b: Volcarona|[spread] p1b
|-ability|p2b: Dachsbun|Well-Baked Body|boost
|-boost|p2b: Dachsbun|def|2
|-damage|p1b: Volcarona|80/100
|
|-weather|SunnyDay|[upkeep]
|-heal|p2b: Dachsbun|85/100|[from] item: Leftovers
|upkeep
|turn|13
|c|☆MidoMidori|Ggwp
|-message|MidoMidori forfeited.
|
|win|Sonja Hilmer
|raw|MidoMidori's rating: 1318 → 1306(-12 for losing)
|raw|Sonja Hilmer's rating: 1463 → 1475(+12 for winning)
|c|☆Sonja Hilmer|ggs
|c|☆MidoMidori|Why drop jumpluff?
|c|☆MidoMidori|I was surprised
|c|☆Sonja Hilmer|cause
|c|☆Sonja Hilmer|i saw this line
|c|☆Sonja Hilmer|where i win with dach
|c|☆MidoMidori|Fair tbh
|c|☆MidoMidori|I feel like jumpluff just kinda puts me in a blender
|c|☆MidoMidori|But dachsbun is cool so u get style points
|c|☆Sonja Hilmer|yea it is what saves this mu
|c|☆Sonja Hilmer|but here g3 thoght i could bait
