|j|☆Kemaho
|j|☆GIRLHELL1998
|html|KemahoGIRLHELL1998    
|uhtml|bestof|Game 1 of a best-of-3
|t:|1756241511
|gametype|doubles
|player|p1|Kemaho|clerk|1082
|player|p2|GIRLHELL1998|roxie|1098
|gen|9
|tier|[Gen 9] VGC 2025 Reg H (Bo3)
|rated|
|rule|Species Clause: Limit one of each Pokémon
|rule|Item Clause: Limit 1 of each item
|clearpoke
|poke|p1|Indeedee-F, L50, F|
|poke|p1|Hatterene, L50, F|
|poke|p1|Ursaluna, L50, M|
|poke|p1|Torkoal, L50, F|
|poke|p1|Gallade, L50, M|
|poke|p1|Lilligant-Hisui, L50, F|
|poke|p2|Ursaluna, L50, M|
|poke|p2|Kilowattrel, L50, F|
|poke|p2|Gholdengo, L50|
|poke|p2|Incineroar, L50, F|
|poke|p2|Amoonguss, L50, F|
|poke|p2|Porygon2, L50|
|teampreview|4
|showteam|p1|Indeedee-F||PsychicSeed|PsychicSurge|Psychic,HelpingHand,FollowMe,TrickRoom|||F|||50|,,,,,Fairy]Hatterene||CovertCloak|MagicBounce|ExpandingForce,DazzlingGleam,TeraBlast,TrickRoom|||F|||50|,,,,,Fire]Ursaluna||FlameOrb|Guts|Facade,HeadlongRush,Earthquake,Protect|||M|||50|,,,,,Ghost]Torkoal||Charcoal|Drought|Eruption,WeatherBall,HeatWave,Protect|||F|||50|,,,,,Fire]Gallade||ClearAmulet|Sharpness|SacredSword,PsychoCut,TrickRoom,Protect|||M|||50|,,,,,Grass]Lilligant-Hisui||FocusSash|Chlorophyll|SolarBeam,CloseCombat,SleepPowder,AfterYou|||F|||50|,,,,,Ghost
|showteam|p2|Ursaluna||FlameOrb|Guts|Facade,HeadlongRush,Earthquake,Protect|||M|||50|,,,,,Fairy]Kilowattrel||FocusSash|Competitive|Thunderbolt,AirSlash,Tailwind,Protect|||F|||50|,,,,,Ghost]Gholdengo||LifeOrb|GoodasGold|MakeItRain,ShadowBall,NastyPlot,Protect||||||50|,,,,,Flying]Incineroar||AssaultVest|Intimidate|KnockOff,FlareBlitz,Uturn,FakeOut|||F|||50|,,,,,Grass]Amoonguss||SitrusBerry|Regenerator|Spore,RagePowder,SludgeBomb,Protect|||F|||50|,,,,,Water]Porygon2||Eviolite|Download|TeraBlast,IceBeam,Recover,TrickRoom||||||50|,,,,,Fighting
|inactive|Battle timer is ON: inactive players will automatically lose when time's up. (requested by GIRLHELL1998)
|inactive|Kemaho has 60 seconds left.
|inactive|GIRLHELL1998 has 60 seconds left.
|inactive|GIRLHELL1998 has 30 seconds left.
|inactive|GIRLHELL1998 has 20 seconds left.
|inactive|GIRLHELL1998 has 15 seconds left.
|
|t:|1756241602
|teamsize|p1|4
|teamsize|p2|4
|start
|switch|p1a: Hatterene|Hatterene, L50, F|100/100
|switch|p1b: Gallade|Gallade, L50, M|100/100
|switch|p2a: Pumpy the Grumpy|Incineroar, L50, F, shiny|100/100
|switch|p2b: Mr Worldwide|Gholdengo, L50|100/100
|-ability|p2a: Pumpy the Grumpy|Intimidate|boost
|-unboost|p1a: Hatterene|atk|1
|-fail|p1b: Gallade|unboost|[from] item: Clear Amulet|[of] p1b: Gallade
|turn|1
|inactive|Kemaho has 30 seconds left.
|inactive|GIRLHELL1998 has 30 seconds left.
|
|t:|1756241635
|-terastallize|p1a: Hatterene|Fire
|move|p1b: Gallade|Protect|p1b: Gallade
|-singleturn|p1b: Gallade|Protect
|move|p2b: Mr Worldwide|Make It Rain|p1b: Gallade|[spread] p1a
|-activate|p1b: Gallade|move: Protect
|-resisted|p1a: Hatterene
|-damage|p1a: Hatterene|68/100
|-unboost|p2b: Mr Worldwide|spa|1
|-damage|p2b: Mr Worldwide|91/100|[from] item: Life Orb
|move|p2a: Pumpy the Grumpy|Flare Blitz|p1a: Hatterene
|-resisted|p1a: Hatterene
|-damage|p1a: Hatterene|37/100
|-damage|p2a: Pumpy the Grumpy|92/100|[from] Recoil
|move|p1a: Hatterene|Tera Blast|p2b: Mr Worldwide|[anim] Tera Blast Fire
|-supereffective|p2b: Mr Worldwide
|-crit|p2b: Mr Worldwide
|-damage|p2b: Mr Worldwide|0 fnt
|faint|p2b: Mr Worldwide
|
|upkeep
|
|t:|1756241651
|switch|p2b: Nokia Brick|Porygon2, L50, shiny|100/100
|-ability|p2b: Nokia Brick|Download|boost
|-boost|p2b: Nokia Brick|atk|1
|turn|2
|
|t:|1756241676
|move|p2a: Pumpy the Grumpy|Knock Off|p1b: Gallade
|-damage|p1b: Gallade|42/100
|-enditem|p1b: Gallade|Clear Amulet|[from] move: Knock Off|[of] p2a: Pumpy the Grumpy
|move|p1b: Gallade|Sacred Sword|p2b: Nokia Brick
|-supereffective|p2b: Nokia Brick
|-damage|p2b: Nokia Brick|18/100
|move|p2b: Nokia Brick|Ice Beam|p1b: Gallade
|-damage|p1b: Gallade|23/100
|move|p1a: Hatterene|Expanding Force|p2a: Pumpy the Grumpy
|-immune|p2a: Pumpy the Grumpy
|
|upkeep
|turn|3
|inactive|GIRLHELL1998 has 30 seconds left.
|
|t:|1756241702
|move|p1b: Gallade|Sacred Sword|p2a: Pumpy the Grumpy
|-supereffective|p2a: Pumpy the Grumpy
|-damage|p2a: Pumpy the Grumpy|0 fnt
|faint|p2a: Pumpy the Grumpy
|move|p2b: Nokia Brick|Recover|p2b: Nokia Brick
|-heal|p2b: Nokia Brick|68/100
|move|p1a: Hatterene|Dazzling Gleam|p2b: Nokia Brick
|-damage|p2b: Nokia Brick|44/100
|
|upkeep
|
|t:|1756241711
|switch|p2a: Dinko|Ursaluna, L50, M|100/100
|turn|4
|inactive|Kemaho has 30 seconds left.
|
|t:|1756241741
|switch|p1a: Indeedee|Indeedee-F, L50, F|100/100
|-fieldstart|move: Psychic Terrain|[from] ability: Psychic Surge|[of] p1a: Indeedee
|-enditem|p1a: Indeedee|Psychic Seed
|-boost|p1a: Indeedee|spd|1|[from] item: Psychic Seed
|-terastallize|p2a: Dinko|Fairy
|move|p1b: Gallade|Psycho Cut|p2a: Dinko
|-damage|p2a: Dinko|34/100
|move|p2a: Dinko|Facade|p1a: Indeedee
|-damage|p1a: Indeedee|63/100
|move|p2b: Nokia Brick|Recover|p2b: Nokia Brick
|-heal|p2b: Nokia Brick|94/100
|
|-status|p2a: Dinko|brn|[from] item: Flame Orb
|upkeep
|turn|5
|
|t:|1756241763
|move|p1a: Indeedee|Helping Hand|p1b: Gallade
|-singleturn|p1b: Gallade|Helping Hand|[of] p1a: Indeedee
|move|p2a: Dinko|Protect|p2a: Dinko
|-singleturn|p2a: Dinko|Protect
|move|p1b: Gallade|Sacred Sword|p2b: Nokia Brick
|-supereffective|p2b: Nokia Brick
|-damage|p2b: Nokia Brick|0 fnt
|faint|p2b: Nokia Brick
|
|-damage|p2a: Dinko|28/100 brn|[from] brn
|upkeep
|turn|6
|-message|GIRLHELL1998 forfeited.
|
|win|Kemaho
|l|☆GIRLHELL1998
|player|p2|
|j|☆GIRLHELL1998
|player|p2|GIRLHELL1998|roxie|
||Kemaho is ready for game 2.
