|j|☆toast88d
|j|☆moth.o
|html|toast88dmoth.o    
|uhtml|bestof|Game 2 of a best-of-3
|t:|1784480406
|gametype|doubles
|player|p1|toast88d|veteran-gen4|1191
|player|p2|moth.o|roxie|1224
|gen|9
|tier|[Gen 9 Champions] VGC 2026 Reg M-B (Bo3)
|rated|
|rule|Species Clause: Limit one of each Pokémon
|rule|Item Clause: Limit 1 of each item
|clearpoke
|poke|p1|Staraptor, L50, M, shiny|
|poke|p1|Whimsicott, L50, F, shiny|
|poke|p1|Basculegion, L50, M|
|poke|p1|Maushold-Four, L50|
|poke|p1|Gholdengo, L50|
|poke|p1|Incineroar, L50, F|
|poke|p2|Garchomp, L50, M|
|poke|p2|Tyranitar, L50, F|
|poke|p2|Milotic, L50, F, shiny|
|poke|p2|Gholdengo, L50|
|poke|p2|Whimsicott, L50, M|
|poke|p2|Delphox, L50, M|
|teampreview|4
|showteam|p1|Staraptor||Staraptite|Intimidate|CloseCombat,BraveBird,Roost,Protect|Jolly||M|||50|]Whimsicott||FocusSash|Prankster|Tailwind,Moonblast,Charm,Encore|Timid||F|||50|]Basculegion||MysticWater|Adaptability|WaveCrash,LastRespects,FlipTurn,AquaJet|Brave||M|||50|]Maushold-Four||MentalHerb|FriendGuard|FollowMe,HelpingHand,SuperFang,Taunt|Jolly|||||50|]Gholdengo||LifeOrb|GoodasGold|FlashCannon,NastyPlot,ShadowBall,Protect|Modest|||||50|]Incineroar||SitrusBerry|Intimidate|FakeOut,PartingShot,FlareBlitz,Protect|Adamant||F|||50|
|showteam|p2|Garchomp||Garchompite|SandVeil|Protect,RockSlide,Earthquake,DragonClaw|Adamant||M|||50|]Tyranitar||WhiteHerb|SandStream|Protect,RockSlide,KnockOff,LowKick|Adamant||F|||50|]Milotic||Leftovers|Competitive|Protect,Scald,IceBeam,Haze|Modest||F|||50|]Gholdengo||LifeOrb|GoodasGold|Protect,PowerGem,MakeItRain,ShadowBall|Timid|||||50|]Whimsicott||FocusSash|Prankster|Protect,Tailwind,Moonblast,SunnyDay|Timid||M|||50|]Delphox||Delphoxite|Blaze|Protect,HeatWave,Psyshock,Flamethrower|Timid||M|||50|
|inactive|Battle timer is ON: inactive players will automatically lose when time's up. (requested by toast88d)
|
|t:|1784480418
|teamsize|p1|4
|teamsize|p2|4
|start
|switch|p1a: Whimsicott|Whimsicott, L50, F, shiny|100/100
|switch|p1b: Gholdengo|Gholdengo, L50|100/100
|switch|p2a: Milotic|Milotic, L50, F, shiny|100/100
|switch|p2b: Whimsicott|Whimsicott, L50, M|100/100
|turn|1
|inactive|moth.o has 30 seconds left.
|
|t:|1784480445
|move|p2b: Whimsicott|Tailwind|p2b: Whimsicott
|-sidestart|p2: moth.o|move: Tailwind
|move|p1a: Whimsicott|Tailwind|p1a: Whimsicott
|-sidestart|p1: toast88d|move: Tailwind
|move|p1b: Gholdengo|Flash Cannon|p2b: Whimsicott
|-supereffective|p2b: Whimsicott|1
|-enditem|p2b: Whimsicott|Focus Sash
|-damage|p2b: Whimsicott|1/100
|-unboost|p2b: Whimsicott|spd|1
|-damage|p1b: Gholdengo|90/100|[from] item: Life Orb
|move|p2a: Milotic|Ice Beam|p1a: Whimsicott
|-supereffective|p1a: Whimsicott|1
|-damage|p1a: Whimsicott|16/100
|-status|p1a: Whimsicott|frz
|
|upkeep
|turn|2
|
|t:|1784480466
|switch|p1a: Maushold|Maushold-Four, L50|100/100
|move|p1b: Gholdengo|Protect|p1b: Gholdengo
|-singleturn|p1b: Gholdengo|Protect
|move|p2b: Whimsicott|Moonblast|p1a: Maushold
|-damage|p1a: Maushold|56/100
|move|p2a: Milotic|Scald|p1b: Gholdengo
|-activate|p1b: Gholdengo|move: Protect
|
|upkeep
|turn|3
|
|t:|1784480489
|switch|p2b: Gholdengo|Gholdengo, L50|100/100
|move|p1a: Maushold|Follow Me|p1a: Maushold
|-singleturn|p1a: Maushold|move: Follow Me
|move|p1b: Gholdengo|Nasty Plot|p1b: Gholdengo
|-boost|p1b: Gholdengo|spa|2
|move|p2a: Milotic|Scald|p1a: Maushold
|-damage|p1a: Maushold|15/100
|
|upkeep
|turn|4
|inactive|toast88d has 30 seconds left.
|inactive|moth.o has 30 seconds left.
|inactive|moth.o has 20 seconds left.
|
|t:|1784480529
|move|p2b: Gholdengo|Protect|p2b: Gholdengo
|-singleturn|p2b: Gholdengo|Protect
|move|p1a: Maushold|Follow Me|p1a: Maushold
|-singleturn|p1a: Maushold|move: Follow Me
|move|p1b: Gholdengo|Shadow Ball|p2b: Gholdengo
|-activate|p2b: Gholdengo|move: Protect
|move|p2a: Milotic|Scald|p1a: Maushold
|-damage|p1a: Maushold|0 fnt
|faint|p1a: Maushold
|
|-sideend|p1: toast88d|move: Tailwind
|-sideend|p2: moth.o|move: Tailwind
|upkeep
|
|t:|1784480543
|switch|p1a: Basculegion|Basculegion, L50, M|100/100
|turn|5
|
|t:|1784480557
|move|p1b: Gholdengo|Protect|p1b: Gholdengo
|-singleturn|p1b: Gholdengo|Protect
|move|p2b: Gholdengo|Shadow Ball|p1a: Basculegion
|-supereffective|p1a: Basculegion|1
|-damage|p1a: Basculegion|0 fnt
|faint|p1a: Basculegion
|-damage|p2b: Gholdengo|90/100|[from] item: Life Orb
|move|p2a: Milotic|Scald|p1b: Gholdengo
|-activate|p1b: Gholdengo|move: Protect
|
|upkeep
|
|t:|1784480569
|switch|p1a: Whimsicott|Whimsicott, L50, F, shiny|16/100 frz
|turn|6
|
|t:|1784480578
|-curestatus|p1a: Whimsicott|frz|[msg]
|move|p1a: Whimsicott|Tailwind|p1a: Whimsicott
|-sidestart|p1: toast88d|move: Tailwind
|move|p1b: Gholdengo|Shadow Ball|p2b: Gholdengo
|-supereffective|p2b: Gholdengo|1
|-damage|p2b: Gholdengo|0 fnt
|faint|p2b: Gholdengo
|-damage|p1b: Gholdengo|80/100|[from] item: Life Orb
|move|p2a: Milotic|Haze|p2a: Milotic
|-clearallboost
|
|upkeep
|
|t:|1784480591
|switch|p2b: Whimsicott|Whimsicott, L50, M|1/100
|turn|7
|
|t:|1784480609
|move|p1a: Whimsicott|Encore|p2a: Milotic
|-start|p2a: Milotic|Encore
|move|p2b: Whimsicott|Tailwind|p2b: Whimsicott
|-sidestart|p2: moth.o|move: Tailwind
|move|p1b: Gholdengo|Flash Cannon|p2a: Milotic
|-resisted|p2a: Milotic|1
|-damage|p2a: Milotic|78/100
|-damage|p1b: Gholdengo|70/100|[from] item: Life Orb
|move|p2a: Milotic|Haze|p2a: Milotic
|-clearallboost
|
|-heal|p2a: Milotic|84/100|[from] item: Leftovers
|upkeep
|turn|8
|
|t:|1784480625
|move|p1a: Whimsicott|Moonblast|p2b: Whimsicott
|-damage|p2b: Whimsicott|0 fnt
|faint|p2b: Whimsicott
|move|p1b: Gholdengo|Shadow Ball|p2a: Milotic
|-damage|p2a: Milotic|40/100
|-damage|p1b: Gholdengo|60/100|[from] item: Life Orb
|move|p2a: Milotic|Haze|p2a: Milotic
|-clearallboost
|
|-heal|p2a: Milotic|46/100|[from] item: Leftovers
|upkeep
|
|t:|1784480638
|switch|p2b: Delphox|Delphox, L50, M|100/100
|turn|9
|
|t:|1784480652
|detailschange|p2b: Delphox|Delphox-Mega, L50, M
|-mega|p2b: Delphox|Delphox|Delphoxite
|move|p2b: Delphox|Heat Wave|p1a: Whimsicott|[spread] p1a,p1b
|-supereffective|p1a: Whimsicott|1
|-supereffective|p1b: Gholdengo|1
|-damage|p1a: Whimsicott|0 fnt
|-damage|p1b: Gholdengo|0 fnt
|faint|p1a: Whimsicott
|faint|p1b: Gholdengo
|
|win|moth.o
|raw|toast88d's rating: 1191 → 1168(-23 for losing)
|raw|moth.o's rating: 1224 → 1247(+23 for winning)
|l|☆toast88d
|player|p1|
|l|☆moth.o
|player|p2|
|j|☆moth.o
|player|p2|moth.o|roxie|
