|j|☆audrith
|j|☆Mega Chime Time
|html|audrithMega Chime Time    
|uhtml|bestof|Game 1 of a best-of-3
|t:|1783373052
|gametype|doubles
|player|p1|audrith|lady|
|player|p2|Mega Chime Time|miku-flying|
|gen|9
|tier|[Gen 9 Champions] VGC 2026 Reg M-B (Bo3)
|rule|Species Clause: Limit one of each Pokémon
|rule|Item Clause: Limit 1 of each item
|clearpoke
|poke|p1|Chandelure, L50, F|
|poke|p1|Orthworm, L50, M|
|poke|p1|Noivern, L50, F|
|poke|p1|Swampert, L50, F|
|poke|p1|Goodra-Hisui, L50, F|
|poke|p1|Floette-Eternal, L50, F|
|poke|p2|Noivern, L50, F|
|poke|p2|Gardevoir, L50, M, shiny|
|poke|p2|Chimecho, L50, F|
|poke|p2|Blastoise, L50, F|
|poke|p2|Dragalge, L50, M|
|poke|p2|Hippowdon, L50, F|
|teampreview|4
|showteam|p1|Chandelure||Chandelurite|FlashFire|HeatWave,ShadowBall,TrickRoom,Protect|Serious||F|||50|]Orthworm||Leftovers|EarthEater|Protect,ShedTail,IronDefense,BodyPress|Careful||M|||50|]Noivern||WhiteHerb|Frisk|Tailwind,Taunt,SunnyDay,DracoMeteor|Timid||F|||50|]Swampert||SitrusBerry|Torrent|Earthquake,WaveCrash,KnockOff,Protect|Adamant||F|||50|]Goodra-Hisui||LifeOrb|Gooey|MuddyWater,FlashCannon,DragonPulse,Protect|Modest||F|||50|]Floette-Eternal||ChoiceScarf|FlowerVeil|DazzlingGleam,LightofRuin,EnergyBall,Psychic|Modest||F|||50|
|showteam|p2|Noivern||FocusSash|Telepathy|Tailwind,AirSlash,DracoMeteor,Protect|Timid||F|||50|]Gardevoir||FairyFeather|Telepathy|Moonblast,DazzlingGleam,CalmMind,Protect|Modest||M|||50|]Chimecho||Chimechite|Levitate|Psychic,FlashCannon,Protect,TrickRoom|Modest||F|||50|]Blastoise||SitrusBerry|RainDish|FakeOut,WaveCrash,Yawn,LifeDew|Adamant||F|||50|]Dragalge||PoisonBarb|Adaptability|SludgeBomb,SludgeWave,DragonPulse,Protect|Modest||M|||50|]Hippowdon||Leftovers|SandStream|RockSlide,Protect,SandTomb,Yawn|Adamant||F|||50|
|inactive|Battle timer is ON: inactive players will automatically lose when time's up. (requested by Mega Chime Time)
|c|☆audrith|thanks
|c|☆Mega Chime Time|np
|c|☆Mega Chime Time|gl hf
|inactiveoff|Battle timer is now OFF.
|c|☆audrith|oooohh chime team
|c|☆Mega Chime Time|chime time
|
|t:|1783373135
|teamsize|p1|4
|teamsize|p2|4
|start
|switch|p1a: Noivern|Noivern, L50, F|100/100
|switch|p1b: Floette|Floette-Eternal, L50, F|100/100
|switch|p2a: Gardevoir|Gardevoir, L50, M, shiny|100/100
|switch|p2b: Blastoise|Blastoise, L50, F|100/100
|-item|p2a: Gardevoir|Fairy Feather|[from] ability: Frisk|[of] p1a: Noivern
|-item|p2b: Blastoise|Sitrus Berry|[from] ability: Frisk|[of] p1a: Noivern
|turn|1
|
|t:|1783373175
|switch|p1a: Goodra|Goodra-Hisui, L50, F|100/100
|move|p2b: Blastoise|Fake Out|p1a: Goodra
|-resisted|p1a: Goodra|1
|-damage|p1a: Goodra|93/100
|-ability|p1a: Goodra|Gooey
|-unboost|p2b: Blastoise|spe|1
|move|p1b: Floette|Energy Ball|p2b: Blastoise
|-supereffective|p2b: Blastoise|1
|-damage|p2b: Blastoise|41/100
|-enditem|p2b: Blastoise|Sitrus Berry|[eat]
|-heal|p2b: Blastoise|66/100|[from] item: Sitrus Berry
|move|p2a: Gardevoir|Moonblast|p1a: Goodra
|-damage|p1a: Goodra|53/100
|
|upkeep
|turn|2
|
|t:|1783373211
|switch|p2a: Chimecho|Chimecho, L50, F|100/100
|move|p1b: Floette|Energy Ball|p2b: Blastoise
|-supereffective|p2b: Blastoise|1
|-damage|p2b: Blastoise|0 fnt
|faint|p2b: Blastoise
|move|p1a: Goodra|Flash Cannon|p2a: Chimecho
|-damage|p2a: Chimecho|44/100
|-damage|p1a: Goodra|44/100|[from] item: Life Orb
|
|upkeep
|
|t:|1783373222
|switch|p2b: Hippowdon|Hippowdon, L50, F|100/100
|-weather|Sandstorm|[from] ability: Sand Stream|[of] p2b: Hippowdon
|turn|3
|
|t:|1783373240
|detailschange|p2a: Chimecho|Chimecho-Mega, L50, F
|-mega|p2a: Chimecho|Chimecho|Chimechite
|move|p1b: Floette|Energy Ball|p2b: Hippowdon
|-supereffective|p2b: Hippowdon|1
|-damage|p2b: Hippowdon|20/100y
|move|p1a: Goodra|Dragon Pulse|p2a: Chimecho
|-resisted|p2a: Chimecho|1
|-damage|p2a: Chimecho|23/100
|-damage|p1a: Goodra|34/100|[from] item: Life Orb
|move|p2b: Hippowdon|Sand Tomb|p1a: Goodra
|-supereffective|p1a: Goodra|1
|-damage|p1a: Goodra|0 fnt
|faint|p1a: Goodra
|move|p2a: Chimecho|Trick Room|p2a: Chimecho
|-fieldstart|move: Trick Room|[of] p2a: Chimecho
|
|-weather|Sandstorm|[upkeep]
|-damage|p1b: Floette|94/100|[from] Sandstorm
|-heal|p2b: Hippowdon|26/100|[from] item: Leftovers
|upkeep
|
|t:|1783373274
|switch|p1a: Chandelure|Chandelure, L50, F|100/100
|turn|4
|
|t:|1783373295
|move|p2a: Chimecho|Psychic|p1a: Chandelure
|-crit|p1a: Chandelure
|-damage|p1a: Chandelure|11/100
|move|p2b: Hippowdon|Sand Tomb|p1a: Chandelure|[miss]
|-miss|p2b: Hippowdon|p1a: Chandelure
|move|p1a: Chandelure|Heat Wave|p2a: Chimecho|[spread] p2a,p2b
|-supereffective|p2a: Chimecho|1
|-damage|p2a: Chimecho|0 fnt
|-damage|p2b: Hippowdon|0 fnt
|faint|p2a: Chimecho
|faint|p2b: Hippowdon
|move|p1b: Floette|Energy Ball|p2: Chimecho|[notarget]
|-fail|p1b: Floette
|
|-weather|Sandstorm|[upkeep]
|-damage|p1a: Chandelure|5/100|[from] Sandstorm
|-damage|p1b: Floette|88/100|[from] Sandstorm
|upkeep
|
|t:|1783373303
|switch|p2b: Gardevoir|Gardevoir, L50, M, shiny|100/100
|turn|5
|
|t:|1783373317
|move|p1a: Chandelure|Protect|p1a: Chandelure
|-singleturn|p1a: Chandelure|Protect
|move|p2b: Gardevoir|Calm Mind|p2b: Gardevoir
|-boost|p2b: Gardevoir|spa|1
|-boost|p2b: Gardevoir|spd|1
|move|p1b: Floette|Energy Ball|p2b: Gardevoir
|-damage|p2b: Gardevoir|79/100
|
|-weather|Sandstorm|[upkeep]
|-damage|p1a: Chandelure|0 fnt|[from] Sandstorm
|-damage|p2b: Gardevoir|73/100|[from] Sandstorm
|-damage|p1b: Floette|82/100|[from] Sandstorm
|faint|p1a: Chandelure
|upkeep
|
|t:|1783373329
|switch|p1a: Noivern|Noivern, L50, F|100/100
|-item|p2b: Gardevoir|Fairy Feather|[from] ability: Frisk|[of] p1a: Noivern
|turn|6
|c|☆audrith|i think i threw
|c|☆audrith|lmao
|c|☆Mega Chime Time|it's possible
|
|t:|1783373353
|move|p2b: Gardevoir|Dazzling Gleam|p1b: Floette|[spread] p1a,p1b
|-supereffective|p1a: Noivern|1
|-damage|p1a: Noivern|0 fnt
|-damage|p1b: Floette|28/100
|faint|p1a: Noivern
|move|p1b: Floette|Energy Ball|p2b: Gardevoir
|-damage|p2b: Gardevoir|52/100
|
|-weather|Sandstorm|[upkeep]
|-damage|p2b: Gardevoir|46/100|[from] Sandstorm
|-damage|p1b: Floette|22/100|[from] Sandstorm
|upkeep
|turn|7
|
|t:|1783373363
|move|p2b: Gardevoir|Moonblast|p1b: Floette
|-damage|p1b: Floette|0 fnt
|faint|p1b: Floette
|
|win|Mega Chime Time
||Mega Chime Time is ready for game 2.
||audrith is ready for game 2.
|uhtml|next|Next: Game 2 of 3
