|j|☆cookbayz
|j|☆Moonlight Flutter
|html|cookbayzMoonlight Flutter    
|uhtml|bestof|Game 1 of a best-of-3
|t:|1782477632
|gametype|doubles
|player|p1|cookbayz|dancer|
|player|p2|Moonlight Flutter|miku-flying|
|gen|9
|tier|[Gen 9 Champions] VGC 2026 Reg M-B (Bo3)
|rule|Species Clause: Limit one of each Pokémon
|rule|Item Clause: Limit 1 of each item
|clearpoke
|poke|p1|Archaludon, L50, M|
|poke|p1|Pelipper, L50, F|
|poke|p1|Swampert, L50, F|
|poke|p1|Sinistcha-Masterpiece, L50|
|poke|p1|Floette-Eternal, L50, F|
|poke|p1|Grimmsnarl, L50, M|
|poke|p2|Sinistcha, L50|
|poke|p2|Incineroar, L50, F|
|poke|p2|Milotic, L50, M|
|poke|p2|Raichu, L50, M|
|poke|p2|Ceruledge, L50, F|
|poke|p2|Mawile, L50, M|
|teampreview|4
|showteam|p1|Archaludon||Leftovers|Stamina|ElectroShot,FlashCannon,DragonPulse,Protect|Modest||M|||50|]Pelipper||SitrusBerry|Drizzle|Hurricane,WeatherBall,Tailwind,WideGuard|Modest||F|||50|]Swampert||Swampertite|Damp|WaveCrash,Earthquake,IcePunch,Protect|Adamant||F|||50|]Sinistcha-Masterpiece||CobaBerry|Hospitality|MatchaGotcha,RagePowder,Protect,LifeDew|Bold|||||50|]Floette-Eternal||Floettite|FlowerVeil|DazzlingGleam,Moonblast,Protect,CalmMind|Modest||F|||50|]Grimmsnarl||LightClay|Prankster|FoulPlay,Reflect,LightScreen,PartingShot|Careful||M|||50|
|showteam|p2|Sinistcha||KasibBerry|Hospitality|MatchaGotcha,LifeDew,RagePowder,Protect|Relaxed|||||50|]Incineroar||SitrusBerry|Intimidate|FlareBlitz,ThroatChop,FakeOut,PartingShot|Impish||F|||50|]Milotic||Leftovers|Competitive|MuddyWater,Coil,Hypnosis,Protect|Calm||M|||50|]Raichu||RaichuniteY|LightningRod|ZapCannon,FocusBlast,FakeOut,Protect|Timid||M|||50|]Ceruledge||ColburBerry|FlashFire|BitterBlade,ShadowSneak,BulkUp,Protect|Adamant||F|||50|]Mawile||Mawilite|HyperCutter|PlayRough,SuckerPunch,SwordsDance,Protect|Adamant||M|||50|
|inactive|Battle timer is ON: inactive players will automatically lose when time's up. (requested by cookbayz)
|inactive|cookbayz has 60 seconds left.
|inactive|Moonlight Flutter has 60 seconds left.
|c|☆cookbayz|glhf a :PGCTtarThumbsup:
|inactive|cookbayz has 30 seconds left.
|
|t:|1782477702
|teamsize|p1|4
|teamsize|p2|4
|start
|switch|p1a: Swampert|Swampert, L50, F|100/100
|switch|p1b: Grimmsnarl|Grimmsnarl, L50, M|100/100
|switch|p2a: Raichu|Raichu, L50, M|100/100
|switch|p2b: Milotic|Milotic, L50, M|100/100
|turn|1
|inactive|cookbayz has 30 seconds left.
|
|t:|1782477732
|detailschange|p1a: Swampert|Swampert-Mega, L50, F
|-mega|p1a: Swampert|Swampert|Swampertite
|move|p2a: Raichu|Fake Out|p1a: Swampert
|-damage|p1a: Swampert|92/100
|move|p1b: Grimmsnarl|Parting Shot|p2a: Raichu
|-unboost|p2a: Raichu|atk|1
|-unboost|p2a: Raichu|spa|1
|
|t:|1782477735
|switch|p1b: Sinistcha|Sinistcha-Masterpiece, L50|100/100|[from] Parting Shot
|-heal|p1a: Swampert|100/100|[from] ability: Hospitality|[of] p1b: Sinistcha
|cant|p1a: Swampert|flinch
|move|p2b: Milotic|Coil|p2b: Milotic
|-boost|p2b: Milotic|atk|1
|-boost|p2b: Milotic|def|1
|-boost|p2b: Milotic|accuracy|1
|
|upkeep
|turn|2
|
|t:|1782477742
|switch|p2a: Sinistcha|Sinistcha, L50|100/100
|move|p1a: Swampert|Protect|p1a: Swampert
|-singleturn|p1a: Swampert|Protect
|move|p2b: Milotic|Hypnosis|p1b: Sinistcha
|-status|p1b: Sinistcha|slp|[from] move: Hypnosis
|cant|p1b: Sinistcha|slp
|
|upkeep
|turn|3
|
|t:|1782477750
|move|p1a: Swampert|Earthquake|p2b: Milotic|[spread] p1b,p2a,p2b
|-resisted|p1b: Sinistcha|1
|-resisted|p2a: Sinistcha|1
|-damage|p1b: Sinistcha|79/100 slp
|-damage|p2a: Sinistcha|81/100
|-damage|p2b: Milotic|73/100
|move|p2b: Milotic|Coil|p2b: Milotic
|-boost|p2b: Milotic|atk|1
|-boost|p2b: Milotic|def|1
|-boost|p2b: Milotic|accuracy|1
|cant|p1b: Sinistcha|slp
|move|p2a: Sinistcha|Matcha Gotcha|p1a: Swampert|[spread] p1a,p1b
|-supereffective|p1a: Swampert|2
|-resisted|p1b: Sinistcha|1
|-damage|p1a: Swampert|12/100
|-heal|p2a: Sinistcha|100/100|[from] drain|[of] p1a: Swampert
|-damage|p1b: Sinistcha|67/100 slp
|
|-heal|p2b: Milotic|79/100|[from] item: Leftovers
|upkeep
|turn|4
|
|t:|1782477760
|move|p1a: Swampert|Protect|p1a: Swampert
|-singleturn|p1a: Swampert|Protect
|move|p2b: Milotic|Protect|p2b: Milotic
|-singleturn|p2b: Milotic|Protect
|-curestatus|p1b: Sinistcha|slp|[msg]
|move|p1b: Sinistcha|Matcha Gotcha|p2b: Milotic|[spread] p2a
|-activate|p2b: Milotic|move: Protect
|-resisted|p2a: Sinistcha|1
|-damage|p2a: Sinistcha|89/100
|-heal|p1b: Sinistcha|73/100|[from] drain|[of] p2a: Sinistcha
|move|p2a: Sinistcha|Matcha Gotcha|p1a: Swampert|[spread] p1b
|-activate|p1a: Swampert|move: Protect
|-resisted|p1b: Sinistcha|1
|-damage|p1b: Sinistcha|63/100
|-heal|p2a: Sinistcha|94/100|[from] drain|[of] p1b: Sinistcha
|
|-heal|p2b: Milotic|85/100|[from] item: Leftovers
|upkeep
|turn|5
|
|t:|1782477774
|switch|p1a: Grimmsnarl|Grimmsnarl, L50, M|100/100
|move|p2b: Milotic|Hypnosis|p1b: Sinistcha
|-status|p1b: Sinistcha|slp|[from] move: Hypnosis
|cant|p1b: Sinistcha|slp
|move|p2a: Sinistcha|Matcha Gotcha|p1a: Grimmsnarl|[spread] p1a,p1b
|-resisted|p1b: Sinistcha|1
|-damage|p1a: Grimmsnarl|80/100
|-heal|p2a: Sinistcha|100/100|[from] drain|[of] p1a: Grimmsnarl
|-damage|p1b: Sinistcha|52/100 slp
|-status|p1a: Grimmsnarl|brn
|
|-heal|p2b: Milotic|91/100|[from] item: Leftovers
|-damage|p1a: Grimmsnarl|74/100 brn|[from] brn
|upkeep
|turn|6
|
|t:|1782477783
|move|p1a: Grimmsnarl|Light Screen|p1a: Grimmsnarl
|-sidestart|p1: cookbayz|move: Light Screen
|move|p2b: Milotic|Muddy Water|p1a: Grimmsnarl|[spread] p1a,p1b
|-resisted|p1b: Sinistcha|1
|-damage|p1a: Grimmsnarl|61/100 brn
|-damage|p1b: Sinistcha|45/100 slp
|cant|p1b: Sinistcha|slp
|move|p2a: Sinistcha|Matcha Gotcha|p1b: Sinistcha|[spread] p1a,p1b
|-resisted|p1b: Sinistcha|1
|-damage|p1a: Grimmsnarl|46/100 brn
|-damage|p1b: Sinistcha|37/100 slp
|
|-heal|p2b: Milotic|97/100|[from] item: Leftovers
|-damage|p1a: Grimmsnarl|40/100 brn|[from] brn
|upkeep
|turn|7
|
|t:|1782477793
|move|p2b: Milotic|Protect|p2b: Milotic
|-singleturn|p2b: Milotic|Protect
|move|p1a: Grimmsnarl|Parting Shot|p2a: Sinistcha
|-unboost|p2a: Sinistcha|atk|1
|-unboost|p2a: Sinistcha|spa|1
|
|t:|1782477798
|switch|p1a: Pelipper|Pelipper, L50, F|100/100|[from] Parting Shot
|-weather|RainDance|[from] ability: Drizzle|[of] p1a: Pelipper
|-curestatus|p1b: Sinistcha|slp|[msg]
|move|p1b: Sinistcha|Matcha Gotcha|p2a: Sinistcha|[spread] p2a
|-activate|p2b: Milotic|move: Protect
|-resisted|p2a: Sinistcha|1
|-damage|p2a: Sinistcha|89/100
|-heal|p1b: Sinistcha|42/100|[from] drain|[of] p2a: Sinistcha
|move|p2a: Sinistcha|Matcha Gotcha|p1b: Sinistcha|[spread] p1a,p1b
|-resisted|p1b: Sinistcha|1
|-damage|p1a: Pelipper|88/100
|-heal|p2a: Sinistcha|95/100|[from] drain|[of] p1a: Pelipper
|-damage|p1b: Sinistcha|37/100
|-heal|p2a: Sinistcha|98/100|[from] drain|[of] p1b: Sinistcha
|-status|p1b: Sinistcha|brn
|
|-weather|RainDance|[upkeep]
|-heal|p2b: Milotic|100/100|[from] item: Leftovers
|-damage|p1b: Sinistcha|30/100 brn|[from] brn
|upkeep
|turn|8
|
|t:|1782477817
|switch|p2a: Raichu|Raichu, L50, M|100/100
|move|p1b: Sinistcha|Protect|p1b: Sinistcha
|-singleturn|p1b: Sinistcha|Protect
|move|p2b: Milotic|Hypnosis|p1a: Pelipper
|-status|p1a: Pelipper|slp|[from] move: Hypnosis
|cant|p1a: Pelipper|slp
|
|-weather|RainDance|[upkeep]
|-damage|p1b: Sinistcha|24/100 brn|[from] brn
|upkeep
|turn|9
|inactive|Moonlight Flutter has 30 seconds left.
|
|t:|1782477845
|switch|p2a: Mawile|Mawile, L50, M|100/100
|switch|p1a: Swampert|Swampert-Mega, L50, F|12/100
|switch|p1b: Grimmsnarl|Grimmsnarl, L50, M|40/100 brn
|move|p2b: Milotic|Muddy Water|p1a: Swampert|[spread] p1a,p1b
|-damage|p1a: Swampert|0 fnt
|-damage|p1b: Grimmsnarl|18/100 brn
|faint|p1a: Swampert
|
|-weather|RainDance|[upkeep]
|-damage|p1b: Grimmsnarl|12/100 brn|[from] brn
|upkeep
|
|t:|1782477856
|switch|p1a: Sinistcha|Sinistcha-Masterpiece, L50|24/100 brn
|-heal|p1b: Grimmsnarl|37/100 brn|[from] ability: Hospitality|[of] p1a: Sinistcha
|turn|10
|
|t:|1782477861
|detailschange|p2a: Mawile|Mawile-Mega, L50, M
|-mega|p2a: Mawile|Mawile|Mawilite
|move|p1b: Grimmsnarl|Reflect|p1b: Grimmsnarl
|-sidestart|p1: cookbayz|Reflect
|move|p2a: Mawile|Sucker Punch|p1a: Sinistcha
|-supereffective|p1a: Sinistcha|1
|-damage|p1a: Sinistcha|0 fnt
|faint|p1a: Sinistcha
|move|p2b: Milotic|Muddy Water|p1b: Grimmsnarl
|-damage|p1b: Grimmsnarl|10/100 brn
|
|-weather|RainDance|[upkeep]
|-damage|p1b: Grimmsnarl|4/100 brn|[from] brn
|upkeep
|-message|cookbayz forfeited.
|
|win|Moonlight Flutter
|l|☆cookbayz
|player|p1|
||cookbayz is ready for game 2.
||cookbayz is ready for game 2.
||Moonlight Flutter is ready for game 2.
|uhtml|next|Next: Game 2 of 3
