|j|☆ikerros2010
|j|☆rojo53
|html|ikerros2010rojo53    
|uhtml|bestof|Game 2 of a best-of-3
|t:|1783359324
|gametype|doubles
|player|p1|ikerros2010|benga|
|player|p2|rojo53|adaman|
|gen|9
|tier|[Gen 9 Champions] VGC 2026 Reg M-B (Bo3)
|rule|Species Clause: Limit one of each Pokémon
|rule|Item Clause: Limit 1 of each item
|clearpoke
|poke|p1|Delphox, L50, M|
|poke|p1|Sylveon, L50, F|
|poke|p1|Sneasler, L50, F|
|poke|p1|Incineroar, L50, M|
|poke|p1|Sinistcha-Masterpiece, L50|
|poke|p1|Kingambit, L50, M|
|poke|p2|Tyranitar, L50, M|
|poke|p2|Excadrill, L50, F|
|poke|p2|Gyarados, L50, M|
|poke|p2|Mimikyu, L50, F|
|poke|p2|Typhlosion-Hisui, L50, F|
|poke|p2|Kingambit, L50, F|
|teampreview|4
|showteam|p1|Delphox||Delphoxite|Blaze|HeatWave,Psychic,Protect,NastyPlot|Timid||M|||50|]Sylveon||FairyFeather|Pixilate|HyperBeam,HyperVoice,Protect,QuickAttack|Modest||F|||50|]Sneasler||FocusSash|PoisonTouch|CloseCombat,DireClaw,QuickGuard,FakeOut|Jolly||F|||50|]Incineroar||SitrusBerry|Intimidate|FakeOut,DarkestLariat,PartingShot,FlareBlitz|Impish||M|||50|]Sinistcha-Masterpiece||KasibBerry|Hospitality|MatchaGotcha,RagePowder,Protect,TrickRoom|Relaxed|||||50|]Kingambit||BlackGlasses|Defiant|KowtowCleave,SuckerPunch,SwordsDance,Protect|Adamant||M|||50|
|showteam|p2|Tyranitar||Tyranitarite|SandStream|RockSlide,KnockOff,DragonDance,Protect|Adamant||M|||50|]Excadrill||FocusSash|SandRush|RockSlide,HighHorsepower,IronHead,Protect|Adamant||F|||50|]Gyarados||SitrusBerry|Intimidate|Waterfall,IceFang,DragonDance,Protect|Adamant||M|||50|]Mimikyu||WhiteHerb|Disguise|PlayRough,ShadowSneak,ShadowClaw,Protect|Adamant||F|||50|]Typhlosion-Hisui||ChoiceScarf|Blaze|HeatWave,ShadowBall,Overheat,Eruption|Modest||F|||50|]Kingambit||BlackGlasses|Defiant|KowtowCleave,SuckerPunch,IronHead,Protect|Adamant||F|||50|
|inactive|Battle timer is ON: inactive players will automatically lose when time's up. (requested by ikerros2010)
|
|t:|1783359359
|teamsize|p1|4
|teamsize|p2|4
|start
|switch|p1a: Sneasler|Sneasler, L50, F|100/100
|switch|p1b: Kingambit|Kingambit, L50, M|100/100
|switch|p2a: Ratatopo|Excadrill, L50, F|100/100
|switch|p2b: Mimi|Mimikyu, L50, F|100/100
|turn|1
|
|t:|1783359373
|move|p2a: Ratatopo|Protect|p2a: Ratatopo
|-singleturn|p2a: Ratatopo|Protect
|move|p1a: Sneasler|Fake Out|p2a: Ratatopo
|-activate|p2a: Ratatopo|move: Protect
|move|p2b: Mimi|Play Rough|p1a: Sneasler
|-damage|p1a: Sneasler|32/100
|move|p1b: Kingambit|Swords Dance|p1b: Kingambit
|-boost|p1b: Kingambit|atk|2
|
|upkeep
|turn|2
|inactive|rojo53 has 30 seconds left.
|
|t:|1783359406
|switch|p2a: Gambito|Kingambit, L50, F|100/100
|move|p1b: Kingambit|Protect|p1b: Kingambit
|-singleturn|p1b: Kingambit|Protect
|move|p1a: Sneasler|Close Combat|p2b: Mimi
|-immune|p2b: Mimi
|move|p2b: Mimi|Shadow Claw|p1a: Sneasler
|-damage|p1a: Sneasler|0 fnt
|faint|p1a: Sneasler
|
|upkeep
|
|t:|1783359418
|switch|p1a: Sylveon|Sylveon, L50, F|100/100
|turn|3
|
|t:|1783359433
|move|p2a: Gambito|Protect|p2a: Gambito
|-singleturn|p2a: Gambito|Protect
|move|p2b: Mimi|Play Rough|p1b: Kingambit
|-damage|p1b: Kingambit|69/100
|-unboost|p1b: Kingambit|atk|1
|-ability|p1b: Kingambit|Defiant|boost
|-boost|p1b: Kingambit|atk|2
|move|p1a: Sylveon|Hyper Voice|p2b: Mimi|[spread] p2b
|-activate|p2a: Gambito|move: Protect
|-activate|p2b: Mimi|ability: Disguise
|-damage|p2b: Mimi|100/100
|detailschange|p2b: Mimi|Mimikyu-Busted, L50, F
|-damage|p2b: Mimi|87/100|[from] pokemon: Mimikyu-Busted
|move|p1b: Kingambit|Kowtow Cleave|p2b: Mimi
|-damage|p2b: Mimi|0 fnt
|faint|p2b: Mimi
|
|upkeep
|
|t:|1783359440
|switch|p2b: Tyranitar|Tyranitar, L50, M|100/100
|-weather|Sandstorm|[from] ability: Sand Stream|[of] p2b: Tyranitar
|turn|4
|inactive|ikerros2010 has 30 seconds left.
|inactive|ikerros2010 has 20 seconds left.
|inactive|ikerros2010 has 15 seconds left.
|inactive|ikerros2010 has 10 seconds left.
|inactive|ikerros2010 has 5 seconds left.
|
|t:|1783359491
|detailschange|p2b: Tyranitar|Tyranitar-Mega, L50, M
|-mega|p2b: Tyranitar|Tyranitar|Tyranitarite
|move|p1b: Kingambit|Sucker Punch|p2a: Gambito
|-resisted|p2a: Gambito|1
|-damage|p2a: Gambito|52/100
|move|p2b: Tyranitar|Dragon Dance|p2b: Tyranitar
|-boost|p2b: Tyranitar|atk|1
|-boost|p2b: Tyranitar|spe|1
|move|p1a: Sylveon|Hyper Voice|p2a: Gambito|[spread] p2a,p2b
|-supereffective|p2b: Tyranitar|1
|-damage|p2a: Gambito|6/100
|-damage|p2b: Tyranitar|50/100g
|move|p2a: Gambito|Iron Head|p1a: Sylveon
|-supereffective|p1a: Sylveon|1
|-damage|p1a: Sylveon|0 fnt
|faint|p1a: Sylveon
|
|-weather|Sandstorm|[upkeep]
|upkeep
|
|t:|1783359503
|switch|p1a: Sinistcha|Sinistcha-Masterpiece, L50|100/100
|-heal|p1b: Kingambit|94/100|[from] ability: Hospitality|[of] p1a: Sinistcha
|turn|5
|inactive|ikerros2010 has 30 seconds left.
|
|t:|1783359529
|move|p1a: Sinistcha|Protect|p1a: Sinistcha
|-singleturn|p1a: Sinistcha|Protect
|move|p2b: Tyranitar|Knock Off|p1a: Sinistcha
|-activate|p1a: Sinistcha|move: Protect
|move|p2a: Gambito|Kowtow Cleave|p1a: Sinistcha
|-activate|p1a: Sinistcha|move: Protect
|move|p1b: Kingambit|Kowtow Cleave|p2a: Gambito
|-resisted|p2a: Gambito|1
|-damage|p2a: Gambito|0 fnt
|faint|p2a: Gambito
|
|-weather|Sandstorm|[upkeep]
|-damage|p1a: Sinistcha|93/100|[from] Sandstorm
|upkeep
|
|t:|1783359533
|switch|p2a: Ratatopo|Excadrill, L50, F|100/100
|turn|6
|
|t:|1783359554
|move|p2a: Ratatopo|Rock Slide|p1b: Kingambit|[spread] p1a,p1b
|-resisted|p1b: Kingambit|1
|-damage|p1a: Sinistcha|77/100
|-damage|p1b: Kingambit|86/100
|move|p2b: Tyranitar|Knock Off|p1a: Sinistcha
|-supereffective|p1a: Sinistcha|1
|-damage|p1a: Sinistcha|0 fnt
|-enditem|p1a: Sinistcha|Kasib Berry|[from] move: Knock Off|[of] p2b: Tyranitar
|faint|p1a: Sinistcha
|move|p1b: Kingambit|Kowtow Cleave|p2b: Tyranitar
|-resisted|p2b: Tyranitar|1
|-crit|p2b: Tyranitar
|-damage|p2b: Tyranitar|0 fnt
|faint|p2b: Tyranitar
|
|-weather|Sandstorm|[upkeep]
|upkeep
|turn|7
|
|t:|1783359564
|move|p1b: Kingambit|Sucker Punch|p2a: Ratatopo
|-enditem|p2a: Ratatopo|Focus Sash
|-damage|p2a: Ratatopo|1/100
|move|p2a: Ratatopo|High Horsepower|p1b: Kingambit
|-supereffective|p1b: Kingambit|1
|-damage|p1b: Kingambit|1/100
|
|-weather|Sandstorm|[upkeep]
|upkeep
|turn|8
|
|t:|1783359574
|move|p2a: Ratatopo|Protect|p2a: Ratatopo
|-singleturn|p2a: Ratatopo|Protect
|move|p1b: Kingambit|Sucker Punch||[still]
|-fail|p1b: Kingambit
|
|-weather|none
|upkeep
|turn|9
|
|t:|1783359579
|move|p2a: Ratatopo|Protect||[still]
|-fail|p2a: Ratatopo
|move|p1b: Kingambit|Sucker Punch||[still]
|-fail|p1b: Kingambit
|
|upkeep
|turn|10
|
|t:|1783359584
|move|p1b: Kingambit|Sucker Punch|p2a: Ratatopo
|-damage|p2a: Ratatopo|0 fnt
|faint|p2a: Ratatopo
|
|win|ikerros2010
||rojo53 is ready for game 3.
||ikerros2010 is ready for game 3.
|uhtml|next|Next: Game 3 of 3
|l|☆ikerros2010
|player|p1|
|l|☆rojo53
|player|p2|
|j|☆rojo53
|player|p2|rojo53|adaman|
