|j|☆red821106
|j|☆snivy01234
|html|red821106snivy01234    
|uhtml|bestof|Game 2 of a best-of-3
|t:|1785514428
|gametype|doubles
|player|p1|red821106|101|
|player|p2|snivy01234|102|
|gen|9
|tier|[Gen 9 Champions] VGC 2026 Reg M-B (Bo3)
|rule|Species Clause: Limit one of each Pokémon
|rule|Item Clause: Limit 1 of each item
|clearpoke
|poke|p1|Blastoise, L50, F|
|poke|p1|Sylveon, L50, M|
|poke|p1|Torkoal, L50, M|
|poke|p1|Farigiraf, L50, M|
|poke|p1|Sinistcha, L50|
|poke|p1|Basculegion, L50, M|
|poke|p2|Staraptor, L50, M|
|poke|p2|Milotic, L50, F|
|poke|p2|Tyranitar, L50, M|
|poke|p2|Gholdengo, L50|
|poke|p2|Excadrill, L50, M|
|poke|p2|Sinistcha, L50|
|teampreview|4
|showteam|p1|Blastoise||Blastoisinite|Torrent|WaterSpout,AuraSphere,DarkPulse,FakeOut|Modest||F|||50|]Sylveon||FairyFeather|Pixilate|HyperVoice,HyperBeam,QuickAttack,Detect|Modest||M|||50|]Torkoal||Charcoal|Drought|Eruption,HeatWave,SolarBeam,Protect|Quiet||M|||50|]Farigiraf||ColburBerry|ArmorTail|RainDance,HelpingHand,Psychic,TrickRoom|Calm||M|||50|]Sinistcha||KasibBerry|Hospitality|MatchaGotcha,RagePowder,LifeDew,TrickRoom|Bold|||||50|]Basculegion||ChoiceScarf|Adaptability|AquaJet,WaveCrash,LastRespects,FlipTurn|Jolly||M|||50|
|showteam|p2|Staraptor||Staraptite|Intimidate|BraveBird,CloseCombat,Protect,Tailwind|Jolly||M|||50|]Milotic||SitrusBerry|Competitive|Scald,IceBeam,IcyWind,Recover|Modest||F|||50|]Tyranitar||Tyranitarite|SandStream|RockSlide,KnockOff,LowKick,Protect|Adamant||M|||50|]Gholdengo||LifeOrb|GoodasGold|ShadowBall,MakeItRain,NastyPlot,Protect|Modest|||||50|]Excadrill||FocusSash|SandRush|HighHorsepower,IronHead,RockSlide,Protect|Adamant||M|||50|]Sinistcha||ColburBerry|Hospitality|MatchaGotcha,RagePowder,TrickRoom,Protect|Bold|||||50|
|j| JAIQI7
|j| qaz87878
|j| a26714133
|j| kkkkkkkh
|j| Winsomelosealot
|j| Salmon4777
|l| Winsomelosealot
|j| otenkoz
|inactive|Battle timer is ON: inactive players will automatically lose when time's up. (requested by red821106)
|j| Winsomelosealot
|inactive|snivy01234 has 60 seconds left.
|inactive|snivy01234 has 30 seconds left.
|
|t:|1785514566
|teamsize|p1|4
|teamsize|p2|4
|start
|switch|p1a: Blastoise|Blastoise, L50, F|100/100
|switch|p1b: Farigiraf|Farigiraf, L50, M|100/100
|switch|p2a: Tyranitar|Tyranitar, L50, M|100/100
|switch|p2b: Excadrill|Excadrill, L50, M|100/100
|-weather|Sandstorm|[from] ability: Sand Stream|[of] p2a: Tyranitar
|turn|1
|inactive|red821106 has 30 seconds left.
|inactive|snivy01234 has 30 seconds left.
|l| Winsomelosealot
|
|t:|1785514598
|detailschange|p1a: Blastoise|Blastoise-Mega, L50, F
|-mega|p1a: Blastoise|Blastoise|Blastoisinite
|move|p2b: Excadrill|Rock Slide|p1a: Blastoise|[spread] p1a,p1b
|-damage|p1a: Blastoise|80/100
|-damage|p1b: Farigiraf|79/100
|move|p2a: Tyranitar|Knock Off|p1b: Farigiraf
|-supereffective|p1b: Farigiraf|1
|-enditem|p1b: Farigiraf|Colbur Berry|[eat]
|-enditem|p1b: Farigiraf|Colbur Berry|[weaken]
|-damage|p1b: Farigiraf|33/100
|move|p1a: Blastoise|Aura Sphere|p2a: Tyranitar
|-supereffective|p2a: Tyranitar|2
|-crit|p2a: Tyranitar
|-damage|p2a: Tyranitar|0 fnt
|faint|p2a: Tyranitar
|move|p1b: Farigiraf|Trick Room|p1b: Farigiraf
|-fieldstart|move: Trick Room|[of] p1b: Farigiraf
|
|-weather|Sandstorm|[upkeep]
|-damage|p1b: Farigiraf|27/100|[from] Sandstorm
|-damage|p1a: Blastoise|74/100|[from] Sandstorm
|upkeep
|
|t:|1785514614
|switch|p2a: Sinistcha|Sinistcha, L50|100/100
|turn|2
|inactive|red821106 has 30 seconds left.
|inactive|snivy01234 has 30 seconds left.
|inactive|red821106 has 20 seconds left.
|
|t:|1785514649
|move|p2a: Sinistcha|Protect|p2a: Sinistcha
|-singleturn|p2a: Sinistcha|Protect
|move|p1b: Farigiraf|Psychic|p2b: Excadrill
|-resisted|p2b: Excadrill|1
|-damage|p2b: Excadrill|77/100
|move|p1a: Blastoise|Dark Pulse|p2a: Sinistcha
|-activate|p2a: Sinistcha|move: Protect
|move|p2b: Excadrill|High Horsepower|p1a: Blastoise
|-damage|p1a: Blastoise|24/100
|
|-weather|Sandstorm|[upkeep]
|-damage|p1b: Farigiraf|21/100|[from] Sandstorm
|-damage|p2a: Sinistcha|93/100|[from] Sandstorm
|-damage|p1a: Blastoise|18/100|[from] Sandstorm
|upkeep
|turn|3
|inactive|red821106 has 30 seconds left.
|inactive|snivy01234 has 30 seconds left.
|inactive|red821106 has 20 seconds left.
|inactive|red821106 has 15 seconds left.
|
|t:|1785514690
|switch|p1a: Sinistcha|Sinistcha, L50|100/100
|-heal|p1b: Farigiraf|46/100|[from] ability: Hospitality|[of] p1a: Sinistcha
|switch|p2b: Milotic|Milotic, L50, F|100/100
|move|p1b: Farigiraf|Psychic|p2a: Sinistcha
|-damage|p2a: Sinistcha|63/100
|-unboost|p2a: Sinistcha|spd|1
|move|p2a: Sinistcha|Matcha Gotcha|p1a: Sinistcha|[spread] p1a,p1b
|-resisted|p1a: Sinistcha|1
|-crit|p1b: Farigiraf
|-damage|p1a: Sinistcha|86/100
|-heal|p2a: Sinistcha|70/100|[from] drain|[of] p1a: Sinistcha
|-damage|p1b: Farigiraf|15/100
|-heal|p2a: Sinistcha|89/100|[from] drain|[of] p1b: Farigiraf
|-status|p1b: Farigiraf|brn
|
|-weather|Sandstorm|[upkeep]
|-damage|p1b: Farigiraf|9/100 brn|[from] Sandstorm
|-damage|p2a: Sinistcha|83/100|[from] Sandstorm
|-damage|p1a: Sinistcha|81/100|[from] Sandstorm
|-damage|p2b: Milotic|94/100|[from] Sandstorm
|-damage|p1b: Farigiraf|3/100 brn|[from] brn
|upkeep
|turn|4
|inactive|snivy01234 has 30 seconds left.
|
|t:|1785514721
|move|p1b: Farigiraf|Helping Hand|p1a: Sinistcha
|-singleturn|p1a: Sinistcha|Helping Hand|[of] p1b: Farigiraf
|move|p2a: Sinistcha|Protect|p2a: Sinistcha
|-singleturn|p2a: Sinistcha|Protect
|move|p1a: Sinistcha|Matcha Gotcha|p2b: Milotic|[spread] p2b
|-activate|p2a: Sinistcha|move: Protect
|-supereffective|p2b: Milotic|1
|-damage|p2b: Milotic|43/100
|-heal|p1a: Sinistcha|100/100|[from] drain|[of] p2b: Milotic
|-enditem|p2b: Milotic|Sitrus Berry|[eat]
|-heal|p2b: Milotic|68/100|[from] item: Sitrus Berry
|move|p2b: Milotic|Ice Beam|p1a: Sinistcha
|-supereffective|p1a: Sinistcha|1
|-damage|p1a: Sinistcha|45/100
|
|-weather|Sandstorm|[upkeep]
|-damage|p1b: Farigiraf|0 fnt|[from] Sandstorm
|-damage|p2a: Sinistcha|77/100|[from] Sandstorm
|-damage|p1a: Sinistcha|39/100|[from] Sandstorm
|-damage|p2b: Milotic|62/100|[from] Sandstorm
|faint|p1b: Farigiraf
|upkeep
|
|t:|1785514740
|switch|p1b: Torkoal|Torkoal, L50, M|100/100
|-weather|SunnyDay|[from] ability: Drought|[of] p1b: Torkoal
|turn|5
|inactive|snivy01234 has 30 seconds left.
|inactive|snivy01234 has 20 seconds left.
|
|t:|1785514779
|move|p1b: Torkoal|Eruption|p2b: Milotic|[spread] p2a,p2b
|-supereffective|p2a: Sinistcha|1
|-resisted|p2b: Milotic|1
|-damage|p2a: Sinistcha|0 fnt
|-damage|p2b: Milotic|30/100
|faint|p2a: Sinistcha
|move|p1a: Sinistcha|Life Dew||[still]|[spread] p1a,p1b
|-heal|p1a: Sinistcha|64/100
|-fail|p1b: Torkoal|heal
|move|p2b: Milotic|Ice Beam|p1a: Sinistcha
|-supereffective|p1a: Sinistcha|1
|-crit|p1a: Sinistcha
|-damage|p1a: Sinistcha|0 fnt
|faint|p1a: Sinistcha
|
|-weather|SunnyDay|[upkeep]
|-fieldend|move: Trick Room
|upkeep
|
|t:|1785514794
|switch|p1a: Blastoise|Blastoise-Mega, L50, F|18/100
|switch|p2a: Excadrill|Excadrill, L50, M|77/100
|turn|6
|
|t:|1785514819
|move|p1a: Blastoise|Fake Out|p2a: Excadrill
|-resisted|p2a: Excadrill|1
|-damage|p2a: Excadrill|71/100
|cant|p2a: Excadrill|flinch
|move|p2b: Milotic|Scald|p1b: Torkoal
|-supereffective|p1b: Torkoal|1
|-damage|p1b: Torkoal|59/100
|move|p1b: Torkoal|Solar Beam||[still]
|-prepare|p1b: Torkoal|Solar Beam
|-anim|p1b: Torkoal|Solar Beam|p2b: Milotic
|-supereffective|p2b: Milotic|1
|-damage|p2b: Milotic|0 fnt
|faint|p2b: Milotic
|
|-weather|SunnyDay|[upkeep]
|upkeep
|turn|7
|
|t:|1785514840
|move|p2a: Excadrill|High Horsepower|p1b: Torkoal
|-supereffective|p1b: Torkoal|1
|-damage|p1b: Torkoal|0 fnt
|faint|p1b: Torkoal
|move|p1a: Blastoise|Aura Sphere|p2a: Excadrill
|-supereffective|p2a: Excadrill|1
|-damage|p2a: Excadrill|0 fnt
|faint|p2a: Excadrill
|
|win|red821106
|l| Salmon4777
|c|☆red821106|謝謝指教
|c|☆snivy01234|謝謝指教
|l| a26714133
