|j|☆kpizzle35
|j|☆breloomb01
|html|kpizzle35breloomb01    
|uhtml|bestof|Game 2 of a best-of-3
|t:|1785435056
|gametype|doubles
|player|p1|kpizzle35|102|1140
|player|p2|breloomb01|roughneck|1191
|gen|9
|tier|[Gen 9 Champions] VGC 2026 Reg M-B (Bo3)
|rated|
|rule|Species Clause: Limit one of each Pokémon
|rule|Item Clause: Limit 1 of each item
|clearpoke
|poke|p1|Torkoal, L50, F|
|poke|p1|Farigiraf, L50, M|
|poke|p1|Avalugg-Hisui, L50, F|
|poke|p1|Mr. Rime, L50, M|
|poke|p1|Chesnaught, L50, F|
|poke|p1|Raichu, L50, F|
|poke|p2|Floette-Eternal, L50, F|
|poke|p2|Incineroar, L50, F|
|poke|p2|Sinistcha, L50|
|poke|p2|Garchomp, L50, M|
|poke|p2|Sneasler, L50, F|
|poke|p2|Rotom-Wash, L50|
|teampreview|4
|showteam|p1|Torkoal||Charcoal|Drought|Eruption,WeatherBall,EarthPower,HeatWave|Modest||F|||50|]Farigiraf||LifeOrb|ArmorTail|HyperVoice,DazzlingGleam,TrickRoom,ExpandingForce|Quiet||M|||50|]Avalugg-Hisui||WideLens|Sturdy|MountainGale,RockSlide,WideGuard,BodyPress|Brave||F|||50|]Mr. Rime||IronBall|ScreenCleaner|FreezeDry,PsychicTerrain,FakeOut,Encore|Quiet||M|||50|]Chesnaught||Chesnaughtite|Bulletproof|SpikyShield,Feint,KnockOff,BodyPress|Relaxed||F|||50|]Raichu||RaichuniteY|Static|FakeOut,ZapCannon,FocusBlast,Protect|Hasty||F|||50|
|showteam|p2|Floette-Eternal||Floettite|FlowerVeil|DrainingKiss,DazzlingGleam,CalmMind,Protect|Modest||F|||50|]Incineroar||SitrusBerry|Intimidate|FakeOut,FlareBlitz,ThroatChop,PartingShot|Careful||F|||50|]Sinistcha||KasibBerry|Hospitality|Protect,RagePowder,MatchaGotcha,TrickRoom|Calm|||||50|]Garchomp||LifeOrb|RoughSkin|Earthquake,DragonClaw,RockSlide,Protect|Jolly||M|||50|]Sneasler||FocusSash|PoisonTouch|FakeOut,DireClaw,CloseCombat,Protect|Jolly||F|||50|]Rotom-Wash||Leftovers|Levitate|HydroPump,Protect,WillOWisp,Electroweb|Bold|||||50|
|
|t:|1785435074
|teamsize|p1|4
|teamsize|p2|4
|start
|switch|p1a: Mr. Rime|Mr. Rime, L50, M|100/100
|switch|p1b: Farigiraf|Farigiraf, L50, M|100/100
|switch|p2a: Floette|Floette-Eternal, L50, F|100/100
|switch|p2b: Incineroar|Incineroar, L50, F|100/100
|-ability|p2b: Incineroar|Intimidate|boost
|-unboost|p1a: Mr. Rime|atk|1
|-unboost|p1b: Farigiraf|atk|1
|turn|1
|
|t:|1785435085
|detailschange|p2a: Floette|Floette-Mega, L50, F
|-mega|p2a: Floette|Floette|Floettite
|-ability|p2a: Floette|Fairy Aura
|move|p1a: Mr. Rime|Fake Out|p2a: Floette
|-damage|p2a: Floette|93/100
|cant|p2a: Floette|flinch
|move|p2b: Incineroar|Flare Blitz|p1a: Mr. Rime
|-supereffective|p1a: Mr. Rime|1
|-damage|p1a: Mr. Rime|6/100
|-status|p1a: Mr. Rime|brn
|-damage|p2b: Incineroar|71/100|[from] Recoil
|move|p1b: Farigiraf|Trick Room|p1b: Farigiraf
|-fieldstart|move: Trick Room|[of] p1b: Farigiraf
|
|-damage|p1a: Mr. Rime|1/100 brn|[from] brn
|upkeep
|turn|2
|
|t:|1785435095
|move|p1a: Mr. Rime|Psychic Terrain|p1a: Mr. Rime
|-fieldstart|move: Psychic Terrain
|move|p1b: Farigiraf|Expanding Force|p2a: Floette|[spread] p2a
|-immune|p2b: Incineroar
|-damage|p2a: Floette|37/100
|-damage|p1b: Farigiraf|90/100|[from] item: Life Orb
|move|p2b: Incineroar|Parting Shot|p1b: Farigiraf
|-unboost|p1b: Farigiraf|atk|1
|-unboost|p1b: Farigiraf|spa|1
|
|t:|1785435100
|switch|p2b: Sinistcha|Sinistcha, L50|100/100|[from] Parting Shot
|-heal|p2a: Floette|62/100|[from] ability: Hospitality|[of] p2b: Sinistcha
|move|p2a: Floette|Calm Mind|p2a: Floette
|-boost|p2a: Floette|spa|1
|-boost|p2a: Floette|spd|1
|
|-damage|p1a: Mr. Rime|0 fnt|[from] brn
|faint|p1a: Mr. Rime
|upkeep
|
|t:|1785435103
|switch|p1a: Avalugg|Avalugg-Hisui, L50, F|100/100
|turn|3
|
|t:|1785435111
|switch|p2b: Incineroar|Incineroar, L50, F|71/100
|-ability|p2b: Incineroar|Intimidate|boost
|-unboost|p1a: Avalugg|atk|1
|-unboost|p1b: Farigiraf|atk|1
|move|p2a: Floette|Protect|p2a: Floette
|-singleturn|p2a: Floette|Protect
|move|p1a: Avalugg|Mountain Gale|p2b: Incineroar|[miss]
|-miss|p1a: Avalugg|p2b: Incineroar
|move|p1b: Farigiraf|Expanding Force|p2a: Floette|[spread] 
|-activate|p2a: Floette|move: Protect
|-immune|p2b: Incineroar
|
|upkeep
|turn|4
|
|t:|1785435118
|move|p1a: Avalugg|Mountain Gale|p2a: Floette
|-damage|p2a: Floette|16/100
|move|p1b: Farigiraf|Hyper Voice|p2b: Incineroar|[spread] p2a,p2b
|-damage|p2a: Floette|2/100
|-damage|p2b: Incineroar|50/100g
|-damage|p1b: Farigiraf|80/100|[from] item: Life Orb
|move|p2b: Incineroar|Parting Shot|p1a: Avalugg
|-unboost|p1a: Avalugg|atk|1
|-unboost|p1a: Avalugg|spa|1
|
|t:|1785435121
|switch|p2b: Sinistcha|Sinistcha, L50|100/100|[from] Parting Shot
|-heal|p2a: Floette|27/100|[from] ability: Hospitality|[of] p2b: Sinistcha
|cant|p2a: Floette|flinch
|
|upkeep
|turn|5
|
|t:|1785435129
|move|p2a: Floette|Protect|p2a: Floette
|-singleturn|p2a: Floette|Protect
|move|p1a: Avalugg|Rock Slide|p2a: Floette|[spread] p2b
|-activate|p2a: Floette|move: Protect
|-damage|p2b: Sinistcha|85/100
|move|p1b: Farigiraf|Expanding Force|p2b: Sinistcha|[spread] p2b
|-activate|p2a: Floette|move: Protect
|-damage|p2b: Sinistcha|41/100
|-damage|p1b: Farigiraf|70/100|[from] item: Life Orb
|move|p2b: Sinistcha|Matcha Gotcha|p1a: Avalugg|[spread] p1a,p1b
|-supereffective|p1a: Avalugg|1
|-ability|p1a: Avalugg|Sturdy
|-damage|p1a: Avalugg|1/100
|-heal|p2b: Sinistcha|89/100|[from] drain|[of] p1a: Avalugg
|-damage|p1b: Farigiraf|45/100
|-heal|p2b: Sinistcha|100/100|[from] drain|[of] p1b: Farigiraf
|
|-fieldend|move: Trick Room
|upkeep
|turn|6
|
|t:|1785435148
|move|p1a: Avalugg|Wide Guard|p1a: Avalugg
|-singleturn|p1a: Avalugg|Wide Guard
|move|p2a: Floette|Draining Kiss|p1b: Farigiraf
|-damage|p1b: Farigiraf|0 fnt
|-heal|p2a: Floette|70/100|[from] drain|[of] p1b: Farigiraf
|faint|p1b: Farigiraf
|move|p2b: Sinistcha|Matcha Gotcha|p1a: Avalugg
|-activate|p1a: Avalugg|move: Wide Guard
|
|-fieldend|move: Psychic Terrain
|upkeep
|
|t:|1785435152
|switch|p1b: Chesnaught|Chesnaught, L50, F|100/100
|turn|7
|-message|kpizzle35 forfeited.
|
|win|breloomb01
|raw|kpizzle35's rating: 1140 → 1119(-21 for losing)
|raw|breloomb01's rating: 1191 → 1212(+21 for winning)
|l|☆kpizzle35
|player|p1|
