|j|☆STARMAXXIMUS
|j|☆Giraffes in Gdansk
|html|STARMAXXIMUSGiraffes in Gdansk    
|uhtml|bestof|Game 1 of a best-of-3
|t:|1756380021
|gametype|doubles
|player|p1|STARMAXXIMUS|yellow|1291
|player|p2|Giraffes in Gdansk|acetrainer-gen4dp|1368
|gen|9
|tier|[Gen 9] VGC 2025 Reg H (Bo3)
|rated|
|rule|Species Clause: Limit one of each Pokémon
|rule|Item Clause: Limit 1 of each item
|clearpoke
|poke|p1|Rillaboom, L50, M|
|poke|p1|Electabuzz, L50, M|
|poke|p1|Kingambit, L50, M|
|poke|p1|Blaziken, L50, F|
|poke|p1|Dragapult, L50, M|
|poke|p1|Primarina, L50, M|
|poke|p2|Dragonite, L50, F|
|poke|p2|Amoonguss, L50, M|
|poke|p2|Incineroar, L50, M|
|poke|p2|Ursaluna, L50, F|
|poke|p2|Sneasler, L50, F|
|poke|p2|Farigiraf, L50, M|
|teampreview|4
|showteam|p1|Rillaboom||AssaultVest|GrassySurge|WoodHammer,GrassyGlide,HighHorsepower,FakeOut|||M|||50|,,,,,Water]Electabuzz||Eviolite|VitalSpirit|Thunderbolt,FollowMe,HelpingHand,Protect|||M|||50|,,,,,Ghost]Kingambit||BlackGlasses|Defiant|KowtowCleave,SuckerPunch,SwordsDance,Protect|||M|||50|,,,,,Dark]Blaziken||FocusSash|SpeedBoost|HeatWave,AuraSphere,Coaching,Protect|||F|||50|,,,,,Ghost]Dragapult||ChoiceBand|ClearBody|DragonDarts,Outrage,PhantomForce,Uturn|||M|||50|,,,,,Dragon]Primarina||SitrusBerry|LiquidVoice|HyperVoice,Moonblast,Haze,Protect|||M|||50|,,,,,Poison
|showteam|p2|Dragonite||LoadedDice|Multiscale|ScaleShot,Tailwind,Haze,Protect|||F|||50|,,,,,Fairy]Amoonguss||SitrusBerry|Regenerator|Spore,RagePowder,PollenPuff,Protect|||M|||50|,,,,,Psychic]Incineroar||SafetyGoggles|Intimidate|FlareBlitz,KnockOff,FakeOut,PartingShot|||M|||50|,,,,,Ghost]Ursaluna||FlameOrb|Guts|Earthquake,HeadlongRush,Facade,Protect|||F|||50|,,,,,Normal]Sneasler||FocusSash|Unburden|CloseCombat,DireClaw,Coaching,Protect|||F|||50|,,,,,Stellar]Farigiraf||ThroatSpray|ArmorTail|HyperVoice,TwinBeam,TrickRoom,Protect|||M|||50|,,,,,Fire
|inactive|Battle timer is ON: inactive players will automatically lose when time's up. (requested by STARMAXXIMUS)
|c|☆Giraffes in Gdansk|Glhf
|inactive|STARMAXXIMUS has 60 seconds left.
|inactive|Giraffes in Gdansk has 60 seconds left.
|
|t:|1756380064
|teamsize|p1|4
|teamsize|p2|4
|start
|switch|p1a: Electabuzz|Electabuzz, L50, M|100/100
|switch|p1b: Dragapult|Dragapult, L50, M|100/100
|switch|p2a: Jbungo|Dragonite, L50, F, shiny|100/100
|switch|p2b: Shblingus|Sneasler, L50, F, shiny|100/100
|turn|1
|
|t:|1756380080
|-terastallize|p2a: Jbungo|Fairy
|move|p2b: Shblingus|Protect|p2b: Shblingus
|-singleturn|p2b: Shblingus|Protect
|move|p1b: Dragapult|Phantom Force||[still]
|-prepare|p1b: Dragapult|Phantom Force
|move|p1a: Electabuzz|Thunderbolt|p2a: Jbungo
|-damage|p2a: Jbungo|84/100
|move|p2a: Jbungo|Scale Shot|p1b: Dragapult|[miss]
|-miss|p2a: Jbungo|p1b: Dragapult
|
|upkeep
|turn|2
|
|t:|1756380095
|move|p1b: Dragapult|Phantom Force|p2a: Jbungo|[from] lockedmove
|-crit|p2a: Jbungo
|-damage|p2a: Jbungo|0 fnt
|faint|p2a: Jbungo
|move|p2b: Shblingus|Coaching|p2: Jbungo|[notarget]
|-fail|p2b: Shblingus
|move|p1a: Electabuzz|Thunderbolt|p2b: Shblingus
|-damage|p2b: Shblingus|56/100
|
|upkeep
|
|t:|1756380103
|switch|p2a: No Idea|Ursaluna, L50, F, shiny|100/100
|turn|3
|
|t:|1756380115
|switch|p1a: Rillaboom|Rillaboom, L50, M|100/100
|-fieldstart|move: Grassy Terrain|[from] ability: Grassy Surge|[of] p1a: Rillaboom
|move|p1b: Dragapult|Phantom Force||[still]
|-prepare|p1b: Dragapult|Phantom Force
|move|p2b: Shblingus|Coaching|p2a: No Idea
|-boost|p2a: No Idea|atk|1
|-boost|p2a: No Idea|def|1
|move|p2a: No Idea|Headlong Rush|p1a: Rillaboom
|-resisted|p1a: Rillaboom
|-damage|p1a: Rillaboom|53/100
|-unboost|p2a: No Idea|def|1
|-unboost|p2a: No Idea|spd|1
|
|-heal|p2b: Shblingus|62/100|[from] Grassy Terrain
|-heal|p1a: Rillaboom|59/100|[from] Grassy Terrain
|-status|p2a: No Idea|brn|[from] item: Flame Orb
|upkeep
|turn|4
|
|t:|1756380128
|switch|p2b: Shmungus|Amoonguss, L50, M, shiny|100/100
|move|p2a: No Idea|Protect|p2a: No Idea
|-singleturn|p2a: No Idea|Protect
|move|p1b: Dragapult|Phantom Force|p2b: Shmungus|[from] lockedmove
|-damage|p2b: Shmungus|39/100
|-enditem|p2b: Shmungus|Sitrus Berry|[eat]
|-heal|p2b: Shmungus|64/100|[from] item: Sitrus Berry
|move|p1a: Rillaboom|Wood Hammer|p2a: No Idea
|-activate|p2a: No Idea|move: Protect
|
|-heal|p1a: Rillaboom|65/100|[from] Grassy Terrain
|-heal|p2b: Shmungus|70/100|[from] Grassy Terrain
|-damage|p2a: No Idea|95/100 brn|[from] brn
|upkeep
|turn|5
|
|t:|1756380149
|switch|p2a: Shblingus|Sneasler, L50, F, shiny|62/100
|move|p1b: Dragapult|Phantom Force||[still]
|-prepare|p1b: Dragapult|Phantom Force
|move|p1a: Rillaboom|Wood Hammer|p2a: Shblingus
|-resisted|p2a: Shblingus
|-damage|p2a: Shblingus|0 fnt
|faint|p2a: Shblingus
|-damage|p1a: Rillaboom|49/100|[from] Recoil
|move|p2b: Shmungus|Pollen Puff|p1a: Rillaboom
|-supereffective|p1a: Rillaboom
|-damage|p1a: Rillaboom|22/100
|
|-heal|p1a: Rillaboom|28/100|[from] Grassy Terrain
|-heal|p2b: Shmungus|76/100|[from] Grassy Terrain
|upkeep
|
|t:|1756380155
|switch|p2a: No Idea|Ursaluna, L50, F, shiny|95/100 brn
|turn|6
|
|t:|1756380166
|move|p2a: No Idea|Protect|p2a: No Idea
|-singleturn|p2a: No Idea|Protect
|move|p1b: Dragapult|Phantom Force|p2b: Shmungus|[from] lockedmove
|-damage|p2b: Shmungus|13/100
|move|p1a: Rillaboom|Wood Hammer|p2a: No Idea
|-activate|p2a: No Idea|move: Protect
|move|p2b: Shmungus|Pollen Puff|p1a: Rillaboom
|-supereffective|p1a: Rillaboom
|-damage|p1a: Rillaboom|0 fnt
|faint|p1a: Rillaboom
|
|-heal|p2a: No Idea|100/100 brn|[from] Grassy Terrain
|-heal|p2b: Shmungus|19/100|[from] Grassy Terrain
|-damage|p2a: No Idea|95/100 brn|[from] brn
|upkeep
|
|t:|1756380182
|switch|p1a: Primarina|Primarina, L50, M|100/100
|turn|7
|
|t:|1756380197
|move|p1a: Primarina|Protect|p1a: Primarina
|-singleturn|p1a: Primarina|Protect
|move|p1b: Dragapult|Phantom Force||[still]
|-prepare|p1b: Dragapult|Phantom Force
|move|p2a: No Idea|Facade|p1a: Primarina
|-activate|p1a: Primarina|move: Protect
|move|p2b: Shmungus|Pollen Puff|p2a: No Idea
|-heal|p2a: No Idea|100/100 brn
|
|-heal|p2b: Shmungus|25/100|[from] Grassy Terrain
|-damage|p2a: No Idea|95/100 brn|[from] brn
|-fieldend|move: Grassy Terrain
|upkeep
|turn|8
|
|t:|1756380213
|move|p1b: Dragapult|Phantom Force|p2b: Shmungus|[from] lockedmove
|-damage|p2b: Shmungus|0 fnt
|faint|p2b: Shmungus
|move|p1a: Primarina|Hyper Voice|p2a: No Idea
|-supereffective|p2a: No Idea
|-damage|p2a: No Idea|10/100 brn
|move|p2a: No Idea|Facade|p1a: Primarina
|-damage|p1a: Primarina|0 fnt
|faint|p1a: Primarina
|
|-damage|p2a: No Idea|5/100 brn|[from] brn
|upkeep
|
|t:|1756380225
|switch|p1a: Electabuzz|Electabuzz, L50, M|100/100
|turn|9
|
|t:|1756380232
|move|p1a: Electabuzz|Protect|p1a: Electabuzz
|-singleturn|p1a: Electabuzz|Protect
|move|p1b: Dragapult|Phantom Force||[still]
|-prepare|p1b: Dragapult|Phantom Force
|move|p2a: No Idea|Earthquake|p1b: Dragapult|[spread] 
|-miss|p2a: No Idea|p1b: Dragapult
|-activate|p1a: Electabuzz|move: Protect
|
|-damage|p2a: No Idea|0 fnt|[from] brn
|faint|p2a: No Idea
|
|win|STARMAXXIMUS
||Giraffes in Gdansk is ready for game 2.
