|j|☆Block934
|j|☆ACExDiscostu93
|html|Block934ACExDiscostu93    
|uhtml|bestof|Game 3 of a best-of-3
|t:|1783284539
|gametype|doubles
|player|p1|Block934|265|
|player|p2|ACExDiscostu93|101|
|gen|9
|tier|[Gen 9 Champions] VGC 2026 Reg M-B (Bo3)
|rule|Species Clause: Limit one of each Pokémon
|rule|Item Clause: Limit 1 of each item
|clearpoke
|poke|p1|Gengar, L50, F|
|poke|p1|Politoed, L50, F|
|poke|p1|Archaludon, L50, F|
|poke|p1|Mamoswine, L50, M|
|poke|p1|Palafin, L50, F|
|poke|p1|Dragonite, L50, M|
|poke|p2|Raichu, L50, F|
|poke|p2|Clefable, L50, M|
|poke|p2|Annihilape, L50, M|
|poke|p2|Mamoswine, L50, M|
|poke|p2|Corviknight, L50, M|
|poke|p2|Arcanine, L50, F|
|teampreview|4
|showteam|p1|Gengar||Gengarite|CursedBody|Protect,SludgeBomb,ShadowBall,PerishSong|Calm||F|||50|]Politoed||SitrusBerry|Drizzle|Protect,WeatherBall,Hypnosis,PerishSong|Calm||F|||50|]Archaludon||Leftovers|Stamina|Protect,FlashCannon,DragonPulse,ElectroShot|Modest||F|||50|]Mamoswine||ChoiceScarf|Oblivious|HeavySlam,KnockOff,IcicleCrash,HighHorsepower|Jolly||M|||50|]Palafin||MysticWater|ZerotoHero|Protect,CloseCombat,JetPunch,WaveCrash|Adamant||F|||50|]Dragonite||YacheBerry|Multiscale|Haze,DragonTail,Hurricane,Tailwind|Bold||M|||50|
|showteam|p2|Raichu||RaichuniteY|LightningRod|Protect,Thunder,FocusBlast,Electroweb|Timid||F|||50|]Clefable||SitrusBerry|CuteCharm|Protect,FollowMe,Moonlight,Moonblast|Bold||M|||50|]Annihilape||ChoiceScarf|Defiant|CloseCombat,IcePunch,ShadowClaw,Uturn|Adamant||M|||50|]Mamoswine||NeverMeltIce|Oblivious|Protect,IceShard,HighHorsepower,IcicleSpear|Jolly||M|||50|]Corviknight||Leftovers|MirrorArmor|Protect,Tailwind,BodyPress,DrillPeck|Impish||M|||50|]Arcanine||PasshoBerry|Intimidate|Protect,MorningSun,Flamethrower,Snarl|Calm||F|||50|
|
|t:|1783284572
|teamsize|p1|4
|teamsize|p2|4
|start
|switch|p1a: Mamoswine|Mamoswine, L50, M|100/100
|switch|p1b: Palafin|Palafin, L50, F|100/100
|switch|p2a: Clefable|Clefable, L50, M|100/100
|switch|p2b: Corviknight|Corviknight, L50, M|100/100
|turn|1
|
|t:|1783284590
|detailschange|p1b: Palafin|Palafin-Hero, L50, F
|switch|p1b: Politoed|Politoed, L50, F|100/100
|-weather|RainDance|[from] ability: Drizzle|[of] p1b: Politoed
|move|p1a: Mamoswine|Heavy Slam|p2a: Clefable
|-supereffective|p2a: Clefable|1
|-damage|p2a: Clefable|41/100
|-enditem|p2a: Clefable|Sitrus Berry|[eat]
|-heal|p2a: Clefable|66/100|[from] item: Sitrus Berry
|move|p2b: Corviknight|Tailwind|p2b: Corviknight
|-sidestart|p2: ACExDiscostu93|move: Tailwind
|move|p2a: Clefable|Moonblast|p1a: Mamoswine
|-damage|p1a: Mamoswine|57/100
|
|-weather|RainDance|[upkeep]
|upkeep
|turn|2
|
|t:|1783284621
|switch|p1a: Palafin|Palafin-Hero, L50, F|100/100
|-activate|p1a: Palafin|ability: Zero to Hero
|move|p2b: Corviknight|Body Press|p1a: Palafin
|-damage|p1a: Palafin|75/100
|move|p2a: Clefable|Moonblast|p1b: Politoed
|-damage|p1b: Politoed|77/100
|move|p1b: Politoed|Hypnosis|p2a: Clefable|[miss]
|-miss|p1b: Politoed|p2a: Clefable
|
|-weather|RainDance|[upkeep]
|upkeep
|turn|3
|
|t:|1783284643
|move|p2a: Clefable|Protect|p2a: Clefable
|-singleturn|p2a: Clefable|Protect
|move|p2b: Corviknight|Body Press|p1a: Palafin
|-damage|p1a: Palafin|49/100
|move|p1a: Palafin|Wave Crash|p2a: Clefable
|-activate|p2a: Clefable|move: Protect
|move|p1b: Politoed|Hypnosis|p2b: Corviknight
|-status|p2b: Corviknight|slp|[from] move: Hypnosis
|
|-weather|RainDance|[upkeep]
|upkeep
|turn|4
|
|t:|1783284657
|switch|p1b: Archaludon|Archaludon, L50, F|100/100
|cant|p2b: Corviknight|slp
|move|p2a: Clefable|Follow Me|p2a: Clefable
|-singleturn|p2a: Clefable|move: Follow Me
|move|p1a: Palafin|Wave Crash|p2a: Clefable
|-damage|p2a: Clefable|0 fnt
|faint|p2a: Clefable
|-damage|p1a: Palafin|28/100|[from] Recoil
|
|-weather|RainDance|[upkeep]
|-sideend|p2: ACExDiscostu93|move: Tailwind
|upkeep
|
|t:|1783284666
|switch|p2a: Annihilape|Annihilape, L50, M|100/100
|turn|5
|
|t:|1783284678
|switch|p1a: Mamoswine|Mamoswine, L50, M|57/100
|move|p2a: Annihilape|U-turn|p1a: Mamoswine
|-damage|p1a: Mamoswine|33/100
|
|t:|1783284682
|switch|p2a: Raichu|Raichu, L50, F|100/100|[from] U-turn
|move|p1b: Archaludon|Electro Shot||[still]
|-activate|p2a: Raichu|ability: Lightning Rod
|-prepare|p1b: Archaludon|Electro Shot
|-boost|p1b: Archaludon|spa|1
|-anim|p1b: Archaludon|Electro Shot|p2a: Raichu
|-ability|p2a: Raichu|Lightning Rod|boost
|-boost|p2a: Raichu|spa|1
|-curestatus|p2b: Corviknight|slp|[msg]
|move|p2b: Corviknight|Tailwind|p2b: Corviknight
|-sidestart|p2: ACExDiscostu93|move: Tailwind
|
|-weather|none
|upkeep
|turn|6
|
|t:|1783284699
|switch|p1b: Politoed|Politoed, L50, F|77/100
|-weather|RainDance|[from] ability: Drizzle|[of] p1b: Politoed
|detailschange|p2a: Raichu|Raichu-Mega-Y, L50, F
|-mega|p2a: Raichu|Raichu|Raichunite Y
|move|p2a: Raichu|Focus Blast|p1b: Politoed
|-damage|p1b: Politoed|26/100
|-enditem|p1b: Politoed|Sitrus Berry|[eat]
|-heal|p1b: Politoed|51/100|[from] item: Sitrus Berry
|move|p1a: Mamoswine|High Horsepower|p2a: Raichu
|-supereffective|p2a: Raichu|1
|-damage|p2a: Raichu|0 fnt
|faint|p2a: Raichu
|move|p2b: Corviknight|Body Press|p1a: Mamoswine
|-supereffective|p1a: Mamoswine|1
|-damage|p1a: Mamoswine|0 fnt
|faint|p1a: Mamoswine
|
|-weather|RainDance|[upkeep]
|upkeep
|
|t:|1783284724
|switch|p2a: Annihilape|Annihilape, L50, M|100/100
|switch|p1a: Archaludon|Archaludon, L50, F|100/100
|turn|7
|
|t:|1783284751
|move|p1a: Archaludon|Protect|p1a: Archaludon
|-singleturn|p1a: Archaludon|Protect
|move|p1b: Politoed|Protect|p1b: Politoed
|-singleturn|p1b: Politoed|Protect
|move|p2a: Annihilape|Close Combat|p1a: Archaludon
|-activate|p1a: Archaludon|move: Protect
|move|p2b: Corviknight|Body Press|p1b: Politoed
|-activate|p1b: Politoed|move: Protect
|
|-weather|RainDance|[upkeep]
|upkeep
|turn|8
|
|t:|1783284764
|move|p2a: Annihilape|Close Combat|p1b: Politoed
|-damage|p1b: Politoed|0 fnt
|-unboost|p2a: Annihilape|def|1
|-unboost|p2a: Annihilape|spd|1
|faint|p1b: Politoed
|move|p2b: Corviknight|Body Press|p1a: Archaludon
|-supereffective|p1a: Archaludon|1
|-damage|p1a: Archaludon|57/100
|-ability|p1a: Archaludon|Stamina|boost
|-boost|p1a: Archaludon|def|1
|move|p1a: Archaludon|Electro Shot||[still]
|-prepare|p1a: Archaludon|Electro Shot
|-boost|p1a: Archaludon|spa|1
|-anim|p1a: Archaludon|Electro Shot|p2a: Annihilape
|-damage|p2a: Annihilape|2/100
|
|-weather|RainDance|[upkeep]
|-heal|p1a: Archaludon|63/100|[from] item: Leftovers
|-sideend|p2: ACExDiscostu93|move: Tailwind
|upkeep
|
|t:|1783284776
|switch|p1b: Palafin|Palafin-Hero, L50, F|28/100
|turn|9
|
|t:|1783284782
|move|p1b: Palafin|Jet Punch|p2a: Annihilape
|-damage|p2a: Annihilape|0 fnt
|faint|p2a: Annihilape
|move|p1a: Archaludon|Electro Shot||[still]
|-prepare|p1a: Archaludon|Electro Shot
|-boost|p1a: Archaludon|spa|1
|-anim|p1a: Archaludon|Electro Shot|p2b: Corviknight
|-supereffective|p2b: Corviknight|1
|-damage|p2b: Corviknight|0 fnt
|faint|p2b: Corviknight
|
|win|Block934
|c|☆ACExDiscostu93|gg
|c|☆Block934|ggs
|l|☆ACExDiscostu93
|player|p2|
