|j|☆FunkleVGC
|j|☆MrRaffa
|html|FunkleVGCMrRaffa    
|uhtml|bestof|Game 1 of a best-of-3
|t:|1782240477
|gametype|doubles
|player|p1|FunkleVGC|fisherman-gen4|1194
|player|p2|MrRaffa|n|1291
|gen|9
|tier|[Gen 9 Champions] VGC 2026 Reg M-B (Bo3)
|rated|
|rule|Species Clause: Limit one of each Pokémon
|rule|Item Clause: Limit 1 of each item
|clearpoke
|poke|p1|Venusaur, L50, M, shiny|
|poke|p1|Aerodactyl, L50, M, shiny|
|poke|p1|Grimmsnarl, L50, M, shiny|
|poke|p1|Milotic, L50, M, shiny|
|poke|p1|Incineroar, L50, F, shiny|
|poke|p1|Gholdengo, L50, shiny|
|poke|p2|Charizard, L50, M, shiny|
|poke|p2|Floette-Eternal, L50, F|
|poke|p2|Garchomp, L50, M|
|poke|p2|Basculegion, L50, M|
|poke|p2|Incineroar, L50, M|
|poke|p2|Whimsicott, L50, F|
|teampreview|4
|showteam|p1|Venusaur||Venusaurite|Chlorophyll|GigaDrain,SludgeBomb,LeechSeed,Protect|Calm||M|||50|]Aerodactyl||Aerodactylite|Unnerve|RockSlide,DualWingbeat,Tailwind,Protect|Jolly||M|||50|]Grimmsnarl||LightClay|Prankster|LightScreen,Reflect,ScaryFace,SpiritBreak|Careful||M|||50|]Milotic||Leftovers|Competitive|MuddyWater,Coil,Hypnosis,Recover|Bold||M|||50|]Incineroar||SitrusBerry|Intimidate|FakeOut,ThroatChop,FlareBlitz,PartingShot|Careful||F|||50|]Gholdengo||LifeOrb|GoodasGold|MakeItRain,ShadowBall,PowerGem,Protect|Modest|||||50|
|showteam|p2|Charizard||CharizarditeY|Blaze|HeatWave,SolarBeam,WeatherBall,Protect|Modest||M|||50|]Floette-Eternal||Floettite|FlowerVeil|Moonblast,DazzlingGleam,LightofRuin,Protect|Timid||F|||50|]Garchomp||LifeOrb|RoughSkin|Earthquake,DragonClaw,RockSlide,Protect|Jolly||M|||50|]Basculegion||MysticWater|Adaptability|WaveCrash,LastRespects,AquaJet,Protect|Adamant||M|||50|]Incineroar||SitrusBerry|Intimidate|FlareBlitz,ThroatChop,PartingShot,FakeOut|Careful||M|||50|]Whimsicott||FocusSash|Prankster|Moonblast,Tailwind,Encore,Protect|Timid||F|||50|
|inactive|Battle timer is ON: inactive players will automatically lose when time's up. (requested by FunkleVGC)
|inactive|MrRaffa has 60 seconds left.
|
|t:|1782240534
|teamsize|p1|4
|teamsize|p2|4
|start
|switch|p1a: Milotic|Milotic, L50, M, shiny|100/100
|switch|p1b: Grimmsnarl|Grimmsnarl, L50, M, shiny|100/100
|switch|p2a: Dolly|Whimsicott, L50, F|100/100
|switch|p2b: Charizard|Charizard, L50, M, shiny|100/100
|turn|1
|
|t:|1782240547
|detailschange|p2b: Charizard|Charizard-Mega-Y, L50, M, shiny
|-mega|p2b: Charizard|Charizard|Charizardite Y
|-weather|SunnyDay|[from] ability: Drought|[of] p2b: Charizard
|move|p2a: Dolly|Tailwind|p2a: Dolly
|-sidestart|p2: MrRaffa|move: Tailwind
|move|p1b: Grimmsnarl|Light Screen|p1b: Grimmsnarl
|-sidestart|p1: FunkleVGC|move: Light Screen
|move|p2b: Charizard|Solar Beam||[still]
|-prepare|p2b: Charizard|Solar Beam
|-anim|p2b: Charizard|Solar Beam|p1a: Milotic
|-supereffective|p1a: Milotic|1
|-damage|p1a: Milotic|57/100
|move|p1a: Milotic|Coil|p1a: Milotic
|-boost|p1a: Milotic|atk|1
|-boost|p1a: Milotic|def|1
|-boost|p1a: Milotic|accuracy|1
|
|-weather|SunnyDay|[upkeep]
|-heal|p1a: Milotic|63/100|[from] item: Leftovers
|upkeep
|turn|2
|
|t:|1782240565
|move|p2a: Dolly|Encore|p1a: Milotic
|-start|p1a: Milotic|Encore
|move|p2b: Charizard|Solar Beam||[still]
|-prepare|p2b: Charizard|Solar Beam
|-anim|p2b: Charizard|Solar Beam|p1a: Milotic
|-supereffective|p1a: Milotic|1
|-damage|p1a: Milotic|21/100
|move|p1a: Milotic|Coil|p1a: Milotic
|-boost|p1a: Milotic|atk|1
|-boost|p1a: Milotic|def|1
|-boost|p1a: Milotic|accuracy|1
|move|p1b: Grimmsnarl|Spirit Break|p2a: Dolly
|-damage|p2a: Dolly|51/100
|-unboost|p2a: Dolly|spa|1
|
|-weather|SunnyDay|[upkeep]
|-heal|p1a: Milotic|27/100|[from] item: Leftovers
|upkeep
|turn|3
|
|t:|1782240586
|switch|p1a: Aerodactyl|Aerodactyl, L50, M, shiny|100/100
|-ability|p1a: Aerodactyl|Unnerve
|move|p2a: Dolly|Moonblast|p1b: Grimmsnarl
|-supereffective|p1b: Grimmsnarl|1
|-damage|p1b: Grimmsnarl|72/100
|move|p2b: Charizard|Heat Wave|p1a: Aerodactyl|[spread] p1a,p1b
|-resisted|p1a: Aerodactyl|1
|-damage|p1a: Aerodactyl|70/100
|-damage|p1b: Grimmsnarl|42/100
|move|p1b: Grimmsnarl|Spirit Break|p2b: Charizard
|-resisted|p2b: Charizard|1
|-damage|p2b: Charizard|86/100
|-unboost|p2b: Charizard|spa|1
|
|-weather|SunnyDay|[upkeep]
|upkeep
|turn|4
|
|t:|1782240603
|detailschange|p1a: Aerodactyl|Aerodactyl-Mega, L50, M, shiny
|-mega|p1a: Aerodactyl|Aerodactyl|Aerodactylite
|move|p2a: Dolly|Protect|p2a: Dolly
|-singleturn|p2a: Dolly|Protect
|move|p2b: Charizard|Protect|p2b: Charizard
|-singleturn|p2b: Charizard|Protect
|move|p1b: Grimmsnarl|Scary Face|p2b: Charizard
|-activate|p2b: Charizard|move: Protect
|move|p1a: Aerodactyl|Rock Slide|p2a: Dolly|[spread] 
|-activate|p2a: Dolly|move: Protect
|-activate|p2b: Charizard|move: Protect
|
|-weather|SunnyDay|[upkeep]
|-sideend|p2: MrRaffa|move: Tailwind
|upkeep
|turn|5
|
|t:|1782240627
|switch|p2b: Basculegion|Basculegion, L50, M|100/100
|move|p2a: Dolly|Encore|p1a: Aerodactyl
|-start|p1a: Aerodactyl|Encore
|move|p1b: Grimmsnarl|Scary Face|p2b: Basculegion
|-unboost|p2b: Basculegion|spe|2
|move|p1a: Aerodactyl|Rock Slide|p2a: Dolly|[spread] p2a,p2b
|-damage|p2a: Dolly|3/100
|-damage|p2b: Basculegion|63/100
|
|-weather|none
|upkeep
|turn|6
|inactive|FunkleVGC has 30 seconds left.
|
|t:|1782240655
|move|p2a: Dolly|Tailwind|p2a: Dolly
|-sidestart|p2: MrRaffa|move: Tailwind
|move|p2b: Basculegion|Aqua Jet|p1a: Aerodactyl
|-supereffective|p1a: Aerodactyl|1
|-damage|p1a: Aerodactyl|0 fnt
|faint|p1a: Aerodactyl
|move|p1b: Grimmsnarl|Reflect|p1b: Grimmsnarl
|-sidestart|p1: FunkleVGC|Reflect
|
|upkeep
|
|t:|1782240665
|switch|p1a: Gholdengo|Gholdengo, L50, shiny|100/100
|turn|7
|
|t:|1782240678
|move|p2a: Dolly|Moonblast|p1b: Grimmsnarl
|-supereffective|p1b: Grimmsnarl|1
|-damage|p1b: Grimmsnarl|14/100
|move|p2b: Basculegion|Wave Crash|p1b: Grimmsnarl
|-damage|p1b: Grimmsnarl|0 fnt
|faint|p1b: Grimmsnarl
|-damage|p2b: Basculegion|58/100|[from] Recoil
|move|p1a: Gholdengo|Make It Rain|p2b: Basculegion|[spread] p2a,p2b
|-supereffective|p2a: Dolly|1
|-resisted|p2b: Basculegion|1
|-damage|p2a: Dolly|0 fnt
|-damage|p2b: Basculegion|25/100
|-unboost|p1a: Gholdengo|spa|2
|faint|p2a: Dolly
|-damage|p1a: Gholdengo|90/100|[from] item: Life Orb
|
|upkeep
|-message|FunkleVGC forfeited.
|
|win|MrRaffa
