|j|☆redsubhuman
|j|☆Cristante terabug
|html|redsubhumanCristante terabug    
|uhtml|bestof|Game 2 of a best-of-3
|t:|1756229490
|gametype|doubles
|player|p1|redsubhuman|birdkeeper|1371
|player|p2|Cristante terabug|kieran-champion|1238
|gen|9
|tier|[Gen 9] VGC 2025 Reg H (Bo3)
|rated|
|rule|Species Clause: Limit one of each Pokémon
|rule|Item Clause: Limit 1 of each item
|clearpoke
|poke|p1|Charizard, L50, M|
|poke|p1|Dragapult, L50, M|
|poke|p1|Sneasler, L50, F|
|poke|p1|Incineroar, L50, M|
|poke|p1|Ursaluna-Bloodmoon, L50, M|
|poke|p1|Whimsicott, L50, F|
|poke|p2|Kommo-o, L50, M|
|poke|p2|Gholdengo, L50|
|poke|p2|Sneasler, L50, M|
|poke|p2|Rillaboom, L50, M|
|poke|p2|Dondozo, L50, F|
|poke|p2|Electabuzz, L50, F|
|teampreview|4
|showteam|p1|Charizard||ChoiceSpecs|SolarPower|HeatWave,Overheat,WeatherBall,SolarBeam|||M|||50|,,,,,Ghost]Dragapult||ChoiceBand|ClearBody|DragonDarts,Outrage,PhantomForce,Uturn|||M|||50|,,,,,Dragon]Sneasler||FocusSash|Unburden|DireClaw,CloseCombat,ThroatChop,Protect|||F|||50|,,,,,Dark]Incineroar||SafetyGoggles|Intimidate|FakeOut,KnockOff,FlareBlitz,PartingShot|||M|||50|,,,,,Ghost]Ursaluna-Bloodmoon||LifeOrb|MindsEye|BloodMoon,HyperVoice,EarthPower,Protect|||M|||50|,,,,,Normal]Whimsicott||CovertCloak|Prankster|Moonblast,Tailwind,Encore,SunnyDay|||F|||50|,,,,,Poison
|showteam|p2|Kommo-o||ThroatSpray|Soundproof|ClangorousSoul,ClangingScales,Flamethrower,Protect|||M|||50|,,,,,Fire]Gholdengo||ChoiceSpecs|GoodasGold|MakeItRain,ShadowBall,DazzlingGleam,PowerGem||||||50|,,,,,Fairy]Sneasler||FocusSash|Unburden|FakeOut,DireClaw,CloseCombat,Protect|||M|||50|,,,,,Stellar]Rillaboom||AssaultVest|GrassySurge|FakeOut,WoodHammer,GrassyGlide,HighHorsepower|||M|||50|,,,,,Fire]Dondozo||Leftovers|Unaware|WaveCrash,Fissure,Yawn,Protect|||F|||50|,,,,,Flying]Electabuzz||Eviolite|VitalSpirit|Electroweb,FollowMe,HelpingHand,Protect|||F|||50|,,,,,Grass
|inactive|Battle timer is ON: inactive players will automatically lose when time's up. (requested by Cristante terabug)
|
|t:|1756229512
|teamsize|p1|4
|teamsize|p2|4
|start
|switch|p1a: Puss|Incineroar, L50, M|100/100
|switch|p1b: Rudra|Dragapult, L50, M|100/100
|switch|p2a: Sneasler|Sneasler, L50, M|100/100
|switch|p2b: Gholdengo|Gholdengo, L50|100/100
|-ability|p1a: Puss|Intimidate|boost
|-unboost|p2a: Sneasler|atk|1
|-unboost|p2b: Gholdengo|atk|1
|turn|1
|inactive|redsubhuman has 30 seconds left.
|inactive|Cristante terabug has 30 seconds left.
|inactive|Cristante terabug has 20 seconds left.
|
|t:|1756229549
|-terastallize|p2b: Gholdengo|Fairy
|move|p2a: Sneasler|Fake Out|p1a: Puss
|-damage|p1a: Puss|93/100
|cant|p1a: Puss|flinch
|move|p1b: Rudra|Phantom Force||[still]
|-prepare|p1b: Rudra|Phantom Force
|move|p2b: Gholdengo|Dazzling Gleam|p1b: Rudra|[spread] p1a
|-miss|p2b: Gholdengo|p1b: Rudra
|-damage|p1a: Puss|44/100
|
|upkeep
|turn|2
|
|t:|1756229571
|move|p1b: Rudra|Phantom Force|p2a: Sneasler|[from] lockedmove
|-enditem|p2a: Sneasler|Focus Sash
|-damage|p2a: Sneasler|1/100
|move|p2a: Sneasler|Close Combat|p1a: Puss
|-supereffective|p1a: Puss
|-damage|p1a: Puss|0 fnt
|-unboost|p2a: Sneasler|def|1
|-unboost|p2a: Sneasler|spd|1
|faint|p1a: Puss
|move|p2b: Gholdengo|Dazzling Gleam|p1b: Rudra
|-supereffective|p1b: Rudra
|-damage|p1b: Rudra|0 fnt
|faint|p1b: Rudra
|
|upkeep
|
|t:|1756229576
|switch|p1b: Mary|Whimsicott, L50, F|100/100
|switch|p1a: Shāhmat|Ursaluna-Bloodmoon, L50, M|100/100
|turn|3
|inactive|redsubhuman has 30 seconds left.
|
|t:|1756229610
|switch|p2a: Rillaboom|Rillaboom, L50, M|100/100
|-fieldstart|move: Grassy Terrain|[from] ability: Grassy Surge|[of] p2a: Rillaboom
|move|p1b: Mary|Tailwind|p1b: Mary
|-sidestart|p1: redsubhuman|move: Tailwind
|move|p1a: Shāhmat|Blood Moon|p2b: Gholdengo
|-damage|p2b: Gholdengo|0 fnt
|faint|p2b: Gholdengo
|-damage|p1a: Shāhmat|91/100|[from] item: Life Orb
|
|-heal|p1a: Shāhmat|97/100|[from] Grassy Terrain
|upkeep
|inactive|Cristante terabug has 30 seconds left.
|
|t:|1756229643
|switch|p2b: Sneasler|Sneasler, L50, M|1/100
|turn|4
|
|t:|1756229667
|move|p1a: Shāhmat|Protect|p1a: Shāhmat
|-singleturn|p1a: Shāhmat|Protect
|move|p1b: Mary|Moonblast|p2b: Sneasler
|-damage|p2b: Sneasler|0 fnt
|faint|p2b: Sneasler
|move|p2a: Rillaboom|High Horsepower|p1b: Mary
|-resisted|p1b: Mary
|-damage|p1b: Mary|77/100
|
|-heal|p1b: Mary|83/100|[from] Grassy Terrain
|-heal|p1a: Shāhmat|100/100|[from] Grassy Terrain
|upkeep
|
|t:|1756229676
|switch|p2b: Dondozo|Dondozo, L50, F|100/100
|turn|5
|
|t:|1756229688
|-terastallize|p1a: Shāhmat|Normal
|move|p1b: Mary|Encore|p2a: Rillaboom
|-start|p2a: Rillaboom|Encore
|move|p1a: Shāhmat|Blood Moon|p2b: Dondozo
|-crit|p2b: Dondozo
|-damage|p2b: Dondozo|0 fnt
|faint|p2b: Dondozo
|-damage|p1a: Shāhmat|91/100|[from] item: Life Orb
|move|p2a: Rillaboom|High Horsepower|p1a: Shāhmat
|-damage|p1a: Shāhmat|64/100
|
|-heal|p1b: Mary|89/100|[from] Grassy Terrain
|-heal|p1a: Shāhmat|70/100|[from] Grassy Terrain
|upkeep
|turn|6
|
|t:|1756229701
|move|p1b: Mary|Moonblast|p2a: Rillaboom
|-damage|p2a: Rillaboom|77/100
|move|p1a: Shāhmat|Hyper Voice|p2a: Rillaboom
|-crit|p2a: Rillaboom
|-damage|p2a: Rillaboom|0 fnt
|faint|p2a: Rillaboom
|-damage|p1a: Shāhmat|60/100|[from] item: Life Orb
|
|win|redsubhuman
||redsubhuman is ready for game 3.
