|j|☆mikewww
|j|☆Mega Chime Time
|html|mikewwwMega Chime Time    
|uhtml|bestof|Game 2 of a best-of-3
|t:|1783348680
|gametype|doubles
|player|p1|mikewww|swimmer-gen4dp|
|player|p2|Mega Chime Time|miku-flying|
|gen|9
|tier|[Gen 9 Champions] VGC 2026 Reg M-B (Bo3)
|rule|Species Clause: Limit one of each Pokémon
|rule|Item Clause: Limit 1 of each item
|clearpoke
|poke|p1|Pidgeot, L50, F|
|poke|p1|Krookodile, L50, M|
|poke|p1|Feraligatr, L50, M|
|poke|p1|Scovillain, L50, M|
|poke|p1|Orthworm, L50, F|
|poke|p1|Gardevoir, L50, M|
|poke|p2|Chimecho, L50, F|
|poke|p2|Dragalge, L50, M|
|poke|p2|Blastoise, L50, F|
|poke|p2|Bellibolt, L50, F|
|poke|p2|Emboar, L50, M, shiny|
|poke|p2|Lucario, L50, F, shiny|
|teampreview|4
|showteam|p1|Pidgeot||Pidgeotite|BigPecks|Protect,HeatWave,Hurricane,Tailwind|Timid||F|||50|]Krookodile||LifeOrb|Intimidate|Protect,Earthquake,KnockOff,RockSlide|Jolly||M|||50|]Feraligatr||Feraligite|SheerForce|Protect,DoubleEdge,Waterfall,AquaJet|Adamant||M|||50|]Scovillain||FocusSash|Insomnia|Protect,Overheat,LeafStorm,RagePowder|Modest||M|||50|]Orthworm||SitrusBerry|EarthEater|Protect,HeavySlam,BodyPress,ShedTail|Relaxed||F|||50|]Gardevoir||FairyFeather|Telepathy|Protect,DazzlingGleam,Psychic,Encore|Timid||M|||50|
|showteam|p2|Chimecho||Chimechite|Levitate|Psychic,FlashCannon,Protect,TrickRoom|Modest||F|||50|]Dragalge||PoisonBarb|Adaptability|SludgeBomb,SludgeWave,DragonPulse,Protect|Modest||M|||50|]Blastoise||SitrusBerry|RainDish|FakeOut,WaveCrash,Yawn,FlipTurn|Adamant||F|||50|]Bellibolt||Leftovers|Electromorphosis|Protect,SlackOff,ParabolicCharge,Thunderbolt|Modest||F|||50|]Emboar||Emboarite|Blaze|HeatWave,DrainPunch,Protect,RockSlide|Brave||M|||50|]Lucario||ChoiceScarf|InnerFocus|FinalGambit,CloseCombat,Coaching,RockTomb|Jolly||F|||50|
|inactive|Battle timer is ON: inactive players will automatically lose when time's up. (requested by mikewww)
|inactive|Mega Chime Time also wants the timer to be on.
|inactive|mikewww has 60 seconds left.
|
|t:|1783348731
|teamsize|p1|4
|teamsize|p2|4
|start
|switch|p1a: Krookodile|Krookodile, L50, M|100/100
|switch|p1b: Orthworm|Orthworm, L50, F|100/100
|switch|p2a: Chimecho|Chimecho, L50, F|100/100
|switch|p2b: Lucario|Lucario, L50, F, shiny|100/100
|-ability|p1a: Krookodile|Intimidate|boost
|-unboost|p2a: Chimecho|atk|1
|-fail|p2b: Lucario|unboost|Attack|[from] ability: Inner Focus|[of] p2b: Lucario
|turn|1
|
|t:|1783348745
|detailschange|p2a: Chimecho|Chimecho-Mega, L50, F
|-mega|p2a: Chimecho|Chimecho|Chimechite
|move|p1a: Krookodile|Protect|p1a: Krookodile
|-singleturn|p1a: Krookodile|Protect
|move|p1b: Orthworm|Protect|p1b: Orthworm
|-singleturn|p1b: Orthworm|Protect
|move|p2b: Lucario|Close Combat|p1a: Krookodile
|-activate|p1a: Krookodile|move: Protect
|move|p2a: Chimecho|Trick Room|p2a: Chimecho
|-fieldstart|move: Trick Room|[of] p2a: Chimecho
|
|upkeep
|turn|2
|
|t:|1783348768
|switch|p1a: Gardevoir|Gardevoir, L50, M|100/100
|switch|p2b: Blastoise|Blastoise, L50, F|100/100
|move|p1b: Orthworm|Shed Tail|p1b: Orthworm
|-start|p1b: Orthworm|Substitute|[from] move: Shed Tail
|-damage|p1b: Orthworm|50/100y
|-enditem|p1b: Orthworm|Sitrus Berry|[eat]
|-heal|p1b: Orthworm|75/100|[from] item: Sitrus Berry
|
|t:|1783348778
|switch|p1b: Krookodile|Krookodile, L50, M|100/100|[from] Shed Tail
|-ability|p1b: Krookodile|Intimidate|boost
|-unboost|p2a: Chimecho|atk|1
|-unboost|p2b: Blastoise|atk|1
|move|p2a: Chimecho|Flash Cannon|p1a: Gardevoir
|-supereffective|p1a: Gardevoir|1
|-damage|p1a: Gardevoir|0 fnt
|faint|p1a: Gardevoir
|
|upkeep
|c|☆mikewww|bruh
|
|t:|1783348792
|switch|p1a: Feraligatr|Feraligatr, L50, M|100/100
|turn|3
|
|t:|1783348816
|detailschange|p1a: Feraligatr|Feraligatr-Mega, L50, M
|-mega|p1a: Feraligatr|Feraligatr|Feraligite
|move|p1b: Krookodile|Protect|p1b: Krookodile
|-singleturn|p1b: Krookodile|Protect
|move|p2a: Chimecho|Psychic|p1a: Feraligatr
|-damage|p1a: Feraligatr|45/100
|move|p2b: Blastoise|Yawn|p1a: Feraligatr
|-start|p1a: Feraligatr|move: Yawn|[of] p2b: Blastoise
|move|p1a: Feraligatr|Double-Edge|p2b: Blastoise
|-damage|p2b: Blastoise|15/100
|-enditem|p2b: Blastoise|Sitrus Berry|[eat]
|-heal|p2b: Blastoise|40/100|[from] item: Sitrus Berry
|-damage|p1a: Feraligatr|14/100|[from] Recoil
|
|upkeep
|turn|4
|
|t:|1783348836
|switch|p1a: Orthworm|Orthworm, L50, F|75/100
|move|p2a: Chimecho|Flash Cannon|p1b: Krookodile
|-end|p1b: Krookodile|Substitute
|move|p2b: Blastoise|Wave Crash|p1b: Krookodile
|-supereffective|p1b: Krookodile|1
|-damage|p1b: Krookodile|25/100
|-damage|p2b: Blastoise|16/100|[from] Recoil
|move|p1b: Krookodile|Knock Off|p2a: Chimecho
|-supereffective|p2a: Chimecho|1
|-damage|p2a: Chimecho|30/100
|-damage|p1b: Krookodile|15/100|[from] item: Life Orb
|
|upkeep
|turn|5
|
|t:|1783348856
|move|p1b: Krookodile|Protect|p1b: Krookodile
|-singleturn|p1b: Krookodile|Protect
|move|p1a: Orthworm|Body Press|p2b: Blastoise
|-damage|p2b: Blastoise|0 fnt
|faint|p2b: Blastoise
|move|p2a: Chimecho|Flash Cannon|p1b: Krookodile
|-activate|p1b: Krookodile|move: Protect
|
|-fieldend|move: Trick Room
|upkeep
|
|t:|1783348862
|switch|p2b: Lucario|Lucario, L50, F, shiny|100/100
|turn|6
|
|t:|1783348878
|move|p1b: Krookodile|Protect|p1b: Krookodile
|-singleturn|p1b: Krookodile|Protect
|move|p1a: Orthworm|Protect|p1a: Orthworm
|-singleturn|p1a: Orthworm|Protect
|move|p2b: Lucario|Close Combat|p1b: Krookodile
|-activate|p1b: Krookodile|move: Protect
|move|p2a: Chimecho|Trick Room|p2a: Chimecho
|-fieldstart|move: Trick Room|[of] p2a: Chimecho
|
|upkeep
|turn|7
|
|t:|1783348893
|move|p1a: Orthworm|Body Press|p2a: Chimecho
|-damage|p2a: Chimecho|5/100
|move|p2a: Chimecho|Flash Cannon|p1b: Krookodile
|-damage|p1b: Krookodile|0 fnt
|faint|p1b: Krookodile
|move|p2b: Lucario|Close Combat|p1a: Orthworm
|-supereffective|p1a: Orthworm|1
|-damage|p1a: Orthworm|10/100
|-unboost|p2b: Lucario|def|1
|-unboost|p2b: Lucario|spd|1
|
|upkeep
|
|t:|1783348903
|switch|p1b: Feraligatr|Feraligatr-Mega, L50, M|14/100
|turn|8
|
|t:|1783348910
|switch|p2a: Bellibolt|Bellibolt, L50, F|100/100
|move|p1b: Feraligatr|Protect|p1b: Feraligatr
|-singleturn|p1b: Feraligatr|Protect
|move|p1a: Orthworm|Body Press|p2a: Bellibolt
|-damage|p2a: Bellibolt|75/100
|-start|p2a: Bellibolt|Charge|Body Press|[from] ability: Electromorphosis
|move|p2b: Lucario|Close Combat|p1a: Orthworm
|-supereffective|p1a: Orthworm|1
|-damage|p1a: Orthworm|0 fnt
|-unboost|p2b: Lucario|def|1
|-unboost|p2b: Lucario|spd|1
|faint|p1a: Orthworm
|
|-heal|p2a: Bellibolt|81/100|[from] item: Leftovers
|upkeep
|turn|9
|inactive|mikewww has 30 seconds left.
|-message|mikewww forfeited.
|
|win|Mega Chime Time
|c|☆Mega Chime Time|GGs
