|j|☆eeveeolite bisharp
|j|☆pengu
|html|eeveeolite bisharppengu    
|uhtml|bestof|Game 3 of a best-of-3
|t:|1785337460
|gametype|doubles
|player|p1|eeveeolite bisharp|zinnia|
|player|p2|pengu|rosa-masters2|
|gen|9
|tier|[Gen 9 Champions] VGC 2026 Reg M-B (Bo3)
|rule|Species Clause: Limit one of each Pokémon
|rule|Item Clause: Limit 1 of each item
|clearpoke
|poke|p1|Whimsicott, L50, F|
|poke|p1|Basculegion, L50, M|
|poke|p1|Kingambit, L50, F|
|poke|p1|Charizard, L50, M|
|poke|p1|Garchomp, L50, F|
|poke|p1|Floette-Eternal, L50, F|
|poke|p2|Charizard, L50, F|
|poke|p2|Floette-Eternal, L50, F|
|poke|p2|Garchomp, L50, M|
|poke|p2|Basculegion, L50, M|
|poke|p2|Whimsicott, L50, M|
|poke|p2|Kingambit, L50, F|
|teampreview|4
|showteam|p1|Whimsicott||FocusSash|Prankster|Tailwind,Encore,Moonblast,Protect|Bold||F|||50|]Basculegion||ChoiceScarf|Adaptability|LastRespects,WaveCrash,FlipTurn,AquaJet|Jolly||M|||50|]Kingambit||ChopleBerry|Defiant|LowKick,SuckerPunch,IronHead,KowtowCleave|Adamant||F|||50|]Charizard||CharizarditeY|Blaze|HeatWave,Overheat,SolarBeam,Protect|Timid||M|||50|]Garchomp||RoseliBerry|RoughSkin|Earthquake,RockSlide,DragonClaw,Protect|Jolly||F|||50|]Floette-Eternal||Floettite|FlowerVeil|LightofRuin,Moonblast,DazzlingGleam,Protect|Timid||F|||50|
|showteam|p2|Charizard||CharizarditeY|Blaze|HeatWave,SolarBeam,WeatherBall,Protect|Modest||F|||50|]Floette-Eternal||Floettite|FlowerVeil|Moonblast,DazzlingGleam,LightofRuin,Protect|Timid||F|||50|]Garchomp||LifeOrb|RoughSkin|Earthquake,DragonClaw,RockSlide,Protect|Jolly||M|||50|]Basculegion||ChoiceScarf|Adaptability|WaveCrash,FlipTurn,AquaJet,LastRespects|Adamant||M|||50|]Whimsicott||FocusSash|Prankster|Moonblast,Tailwind,Encore,Protect|Timid||M|||50|]Kingambit||ChopleBerry|Defiant|KowtowCleave,SuckerPunch,LowKick,IronHead|Adamant||F|||50|
|inactive|Battle timer is ON: inactive players will automatically lose when time's up. (requested by pengu)
|inactive|eeveeolite bisharp also wants the timer to be on.
|c|☆eeveeolite bisharp|glhf
|inactive|eeveeolite bisharp has 60 seconds left.
|
|t:|1785337502
|teamsize|p1|4
|teamsize|p2|4
|start
|switch|p1a: Whimsicott|Whimsicott, L50, F|100/100
|switch|p1b: Basculegion|Basculegion, L50, M|100/100
|switch|p2a: Whimsicott|Whimsicott, L50, M|100/100
|switch|p2b: Charizard|Charizard, L50, F|100/100
|turn|1
|
|t:|1785337523
|detailschange|p2b: Charizard|Charizard-Mega-Y, L50, F
|-mega|p2b: Charizard|Charizard|Charizardite Y
|-weather|SunnyDay|[from] ability: Drought|[of] p2b: Charizard
|move|p2a: Whimsicott|Tailwind|p2a: Whimsicott
|-sidestart|p2: pengu|move: Tailwind
|move|p1a: Whimsicott|Tailwind|p1a: Whimsicott
|-sidestart|p1: eeveeolite bisharp|move: Tailwind
|move|p1b: Basculegion|Flip Turn|p2a: Whimsicott
|-resisted|p2a: Whimsicott|1
|-damage|p2a: Whimsicott|86/100
|
|t:|1785337536
|switch|p1b: Garchomp|Garchomp, L50, F|100/100|[from] Flip Turn
|move|p2b: Charizard|Solar Beam||[still]
|-prepare|p2b: Charizard|Solar Beam
|-anim|p2b: Charizard|Solar Beam|p1b: Garchomp
|-damage|p1b: Garchomp|50/100g
|
|-weather|SunnyDay|[upkeep]
|upkeep
|turn|2
|
|t:|1785337551
|switch|p2b: Kingambit|Kingambit, L50, F|100/100
|move|p1a: Whimsicott|Encore|p2a: Whimsicott
|-start|p2a: Whimsicott|Encore
|move|p2a: Whimsicott|Tailwind||[still]
|-fail|p2a: Whimsicott
|move|p1b: Garchomp|Rock Slide|p2b: Kingambit|[spread] p2a,p2b
|-resisted|p2b: Kingambit|1
|-crit|p2b: Kingambit
|-damage|p2a: Whimsicott|56/100
|-damage|p2b: Kingambit|88/100
|
|-weather|SunnyDay|[upkeep]
|upkeep
|turn|3
|inactive|eeveeolite bisharp has 30 seconds left.
|
|t:|1785337585
|switch|p2a: Charizard|Charizard-Mega-Y, L50, F|100/100
|move|p1b: Garchomp|Earthquake|p2b: Kingambit|[spread] p1a,p2b
|-immune|p2a: Charizard
|-resisted|p1a: Whimsicott|1
|-supereffective|p2b: Kingambit|1
|-damage|p1a: Whimsicott|84/100
|-damage|p2b: Kingambit|35/100
|move|p1a: Whimsicott|Moonblast|p2a: Charizard
|-resisted|p2a: Charizard|1
|-damage|p2a: Charizard|87/100
|move|p2b: Kingambit|Kowtow Cleave|p1b: Garchomp
|-damage|p1b: Garchomp|1/100
|-damage|p2b: Kingambit|23/100|[from] ability: Rough Skin|[of] p1b: Garchomp
|
|-weather|SunnyDay|[upkeep]
|upkeep
|turn|4
|
|t:|1785337606
|switch|p1b: Floette|Floette-Eternal, L50, F|100/100
|move|p1a: Whimsicott|Protect|p1a: Whimsicott
|-singleturn|p1a: Whimsicott|Protect
|move|p2b: Kingambit|Sucker Punch||[still]
|-fail|p2b: Kingambit
|move|p2a: Charizard|Weather Ball|p1a: Whimsicott
|-activate|p1a: Whimsicott|move: Protect
|
|-weather|SunnyDay|[upkeep]
|-sideend|p1: eeveeolite bisharp|move: Tailwind
|-sideend|p2: pengu|move: Tailwind
|upkeep
|turn|5
|
|t:|1785337621
|detailschange|p1b: Floette|Floette-Mega, L50, F
|-mega|p1b: Floette|Floette|Floettite
|-ability|p1b: Floette|Fairy Aura
|move|p1a: Whimsicott|Tailwind|p1a: Whimsicott
|-sidestart|p1: eeveeolite bisharp|move: Tailwind
|move|p2b: Kingambit|Sucker Punch|p1b: Floette
|-resisted|p1b: Floette|1
|-damage|p1b: Floette|72/100
|move|p1b: Floette|Dazzling Gleam|p2b: Kingambit|[spread] p2a,p2b
|-resisted|p2a: Charizard|1
|-damage|p2a: Charizard|64/100
|-damage|p2b: Kingambit|0 fnt
|faint|p2b: Kingambit
|move|p2a: Charizard|Heat Wave|p1b: Floette|[spread] p1a,p1b
|-supereffective|p1a: Whimsicott|1
|-damage|p1a: Whimsicott|0 fnt
|-damage|p1b: Floette|12/100
|faint|p1a: Whimsicott
|
|-weather|none
|upkeep
|
|t:|1785337637
|switch|p1a: Basculegion|Basculegion, L50, M|100/100
|switch|p2b: Whimsicott|Whimsicott, L50, M|56/100
|turn|6
|
|t:|1785337649
|move|p2a: Charizard|Protect|p2a: Charizard
|-singleturn|p2a: Charizard|Protect
|move|p2b: Whimsicott|Tailwind|p2b: Whimsicott
|-sidestart|p2: pengu|move: Tailwind
|move|p1a: Basculegion|Last Respects|p2b: Whimsicott
|-damage|p2b: Whimsicott|0 fnt
|faint|p2b: Whimsicott
|move|p1b: Floette|Light of Ruin|p2a: Charizard
|-activate|p2a: Charizard|move: Protect
|
|upkeep
|
|t:|1785337652
|switch|p2b: Garchomp|Garchomp, L50, M|100/100
|turn|7
|
|t:|1785337663
|move|p1a: Basculegion|Last Respects|p2a: Charizard
|-damage|p2a: Charizard|0 fnt
|faint|p2a: Charizard
|move|p1b: Floette|Light of Ruin|p2b: Garchomp
|-supereffective|p2b: Garchomp|1
|-damage|p2b: Garchomp|0 fnt
|faint|p2b: Garchomp
|-damage|p1b: Floette|0 fnt|[from] Recoil
|faint|p1b: Floette
|
|win|eeveeolite bisharp
|c|☆eeveeolite bisharp|gg
|c|☆pengu|ggs
|l|☆pengu
|player|p2|
|c|☆eeveeolite bisharp|wp
