|j|☆NeonIsNuts
|j|☆failandimprove5
|html|NeonIsNutsfailandimprove5    
|uhtml|bestof|Game 2 of a best-of-3
|t:|1782383055
|gametype|doubles
|player|p1|NeonIsNuts|101|1148
|player|p2|failandimprove5|1|1382
|gen|9
|tier|[Gen 9 Champions] VGC 2026 Reg M-B (Bo3)
|rated|
|rule|Species Clause: Limit one of each Pokémon
|rule|Item Clause: Limit 1 of each item
|clearpoke
|poke|p1|Eelektross, L50, F|
|poke|p1|Garchomp, L50, F|
|poke|p1|Tinkaton, L50, F|
|poke|p1|Chandelure, L50, M|
|poke|p1|Dragapult, L50, F|
|poke|p1|Whimsicott, L50, M|
|poke|p2|Charizard, L50, M|
|poke|p2|Floette-Eternal, L50, F|
|poke|p2|Whimsicott, L50, F|
|poke|p2|Basculegion, L50, M|
|poke|p2|Incineroar, L50, F|
|poke|p2|Garchomp, L50, M|
|teampreview|4
|showteam|p1|Eelektross||Eelektrossite|Levitate|Discharge,GigaDrain,Flamethrower,Protect|Timid||F|||50|]Garchomp||WhiteHerb|RoughSkin|Protect,RockSlide,DragonClaw,StompingTantrum|Jolly||F|||50|]Tinkaton||MetalCoat|MoldBreaker|FakeOut,GigatonHammer,Encore,BrickBreak|Careful||F|||50|]Chandelure||Chandelurite|FlashFire|CalmMind,EnergyBall,ShadowBall,HeatWave|Timid||M|||50|]Dragapult||SpellTag|Infiltrator|Disable,DracoMeteor,Hex,WillOWisp|Timid||F|||50|]Whimsicott||FocusSash|Prankster|Tailwind,Encore,Moonblast,SunnyDay|Timid||M|||50|
|showteam|p2|Charizard||CharizarditeY|Blaze|HeatWave,WeatherBall,SolarBeam,Protect|Modest||M|||50|]Floette-Eternal||Floettite|FlowerVeil|Moonblast,DazzlingGleam,LightofRuin,Protect|Timid||F|||50|]Whimsicott||FocusSash|Prankster|Moonblast,Tailwind,Encore,Protect|Timid||F|||50|]Basculegion||MysticWater|Adaptability|WaveCrash,LastRespects,AquaJet,Protect|Adamant||M|||50|]Incineroar||SitrusBerry|Intimidate|FlareBlitz,ThroatChop,PartingShot,FakeOut|Careful||F|||50|]Garchomp||LifeOrb|RoughSkin|Earthquake,RockSlide,DragonClaw,Protect|Jolly||M|||50|
|
|t:|1782383089
|teamsize|p1|4
|teamsize|p2|4
|start
|switch|p1a: Whimsicott|Whimsicott, L50, M|100/100
|switch|p1b: Dragapult|Dragapult, L50, F|100/100
|switch|p2a: Basculegion|Basculegion, L50, M|100/100
|switch|p2b: Whimsicott|Whimsicott, L50, F|100/100
|turn|1
|
|t:|1782383104
|switch|p2a: Floette|Floette-Eternal, L50, F|100/100
|move|p1a: Whimsicott|Tailwind|p1a: Whimsicott
|-sidestart|p1: NeonIsNuts|move: Tailwind
|move|p1b: Dragapult|Will-O-Wisp|p2a: Floette
|-status|p2a: Floette|brn
|move|p2b: Whimsicott|Moonblast|p1a: Whimsicott
|-damage|p1a: Whimsicott|38/100
|
|-damage|p2a: Floette|94/100 brn|[from] brn
|upkeep
|turn|2
|
|t:|1782383144
|switch|p1a: Tinkaton|Tinkaton, L50, F|100/100
|-ability|p1a: Tinkaton|Mold Breaker
|detailschange|p2a: Floette|Floette-Mega, L50, F
|-mega|p2a: Floette|Floette|Floettite
|-ability|p2a: Floette|Fairy Aura
|move|p2b: Whimsicott|Protect|p2b: Whimsicott
|-singleturn|p2b: Whimsicott|Protect
|move|p1b: Dragapult|Hex|p2a: Floette
|-damage|p2a: Floette|51/100 brn
|move|p2a: Floette|Dazzling Gleam|p1a: Tinkaton|[spread] p1a,p1b
|-resisted|p1a: Tinkaton|1
|-supereffective|p1b: Dragapult|1
|-damage|p1a: Tinkaton|80/100
|-damage|p1b: Dragapult|0 fnt
|faint|p1b: Dragapult
|
|-damage|p2a: Floette|45/100 brn|[from] brn
|upkeep
|
|t:|1782383162
|switch|p1b: Whimsicott|Whimsicott, L50, M|38/100
|turn|3
|
|t:|1782383176
|switch|p2b: Garchomp|Garchomp, L50, M|100/100
|switch|p2a: Basculegion|Basculegion, L50, M|100/100
|move|p1b: Whimsicott|Encore||[still]
|-fail|p1b: Whimsicott
|move|p1a: Tinkaton|Gigaton Hammer|p2a: Basculegion
|-resisted|p2a: Basculegion|1
|-damage|p2a: Basculegion|63/100
|
|upkeep
|turn|4
|
|t:|1782383187
|switch|p1a: Eelektross|Eelektross, L50, F|100/100
|move|p2a: Basculegion|Protect|p2a: Basculegion
|-singleturn|p2a: Basculegion|Protect
|move|p1b: Whimsicott|Sunny Day|p1b: Whimsicott
|-weather|SunnyDay
|move|p2b: Garchomp|Earthquake|p1a: Eelektross|[spread] p1b
|-activate|p2a: Basculegion|move: Protect
|-immune|p1a: Eelektross|[from] ability: Levitate
|-resisted|p1b: Whimsicott|1
|-damage|p1b: Whimsicott|2/100
|-damage|p2b: Garchomp|90/100|[from] item: Life Orb
|
|-weather|SunnyDay|[upkeep]
|-sideend|p1: NeonIsNuts|move: Tailwind
|upkeep
|turn|5
|
|t:|1782383200
|detailschange|p1a: Eelektross|Eelektross-Mega, L50, F
|-mega|p1a: Eelektross|Eelektross|Eelektrossite
|move|p1b: Whimsicott|Tailwind|p1b: Whimsicott
|-sidestart|p1: NeonIsNuts|move: Tailwind
|move|p2a: Basculegion|Aqua Jet|p1b: Whimsicott
|-resisted|p1b: Whimsicott|1
|-damage|p1b: Whimsicott|0 fnt
|faint|p1b: Whimsicott
|move|p1a: Eelektross|Discharge|p2a: Basculegion|[spread] p2a
|-immune|p2b: Garchomp
|-supereffective|p2a: Basculegion|1
|-damage|p2a: Basculegion|0 fnt
|faint|p2a: Basculegion
|-ability|p1a: Eelektross|Eelevate|boost
|-boost|p1a: Eelektross|spa|1
|move|p2b: Garchomp|Dragon Claw|p1a: Eelektross
|-damage|p1a: Eelektross|31/100
|-damage|p2b: Garchomp|80/100|[from] item: Life Orb
|
|-weather|SunnyDay|[upkeep]
|upkeep
|
|t:|1782383214
|switch|p1b: Tinkaton|Tinkaton, L50, F|80/100
|switch|p2a: Whimsicott|Whimsicott, L50, F|100/100
|-ability|p1b: Tinkaton|Mold Breaker
|turn|6
|
|t:|1782383225
|move|p2a: Whimsicott|Protect|p2a: Whimsicott
|-singleturn|p2a: Whimsicott|Protect
|move|p2b: Garchomp|Protect|p2b: Garchomp
|-singleturn|p2b: Garchomp|Protect
|move|p1b: Tinkaton|Fake Out|p2a: Whimsicott
|-activate|p2a: Whimsicott|move: Protect
|move|p1a: Eelektross|Giga Drain|p2b: Garchomp
|-activate|p2b: Garchomp|move: Protect
|
|-weather|SunnyDay|[upkeep]
|upkeep
|turn|7
|
|t:|1782383243
|move|p2a: Whimsicott|Tailwind|p2a: Whimsicott
|-sidestart|p2: failandimprove5|move: Tailwind
|move|p2b: Garchomp|Earthquake|p1b: Tinkaton|[spread] p2a,p1b
|-immune|p1a: Eelektross|[from] ability: Levitate
|-resisted|p2a: Whimsicott|1
|-supereffective|p1b: Tinkaton|1
|-damage|p2a: Whimsicott|59/100
|-damage|p1b: Tinkaton|0 fnt
|faint|p1b: Tinkaton
|-damage|p2b: Garchomp|71/100|[from] item: Life Orb
|move|p1a: Eelektross|Flamethrower|p2a: Whimsicott
|-supereffective|p2a: Whimsicott|1
|-damage|p2a: Whimsicott|0 fnt
|faint|p2a: Whimsicott
|-ability|p1a: Eelektross|Eelevate|boost
|-boost|p1a: Eelektross|spa|1
|
|-weather|SunnyDay|[upkeep]
|upkeep
|
|t:|1782383246
|switch|p2a: Floette|Floette-Mega, L50, F|45/100 brn
|-ability|p2a: Floette|Fairy Aura
|turn|8
|
|t:|1782383252
|move|p2b: Garchomp|Dragon Claw|p1a: Eelektross
|-damage|p1a: Eelektross|0 fnt
|faint|p1a: Eelektross
|-damage|p2b: Garchomp|61/100|[from] item: Life Orb
|
|win|failandimprove5
|raw|NeonIsNuts's rating: 1148 → 1138(-10 for losing)
|raw|failandimprove5's rating: 1382 → 1390(+8 for winning)
