|j|☆quailfish
|j|☆new mental
|html|quailfishnew mental    
|uhtml|bestof|Game 1 of a best-of-3
|t:|1785684089
|gametype|doubles
|player|p1|quailfish|265|1153
|player|p2|new mental|volkner|1345
|gen|9
|tier|[Gen 9 Champions] VGC 2026 Reg M-B (Bo3)
|rated|
|rule|Species Clause: Limit one of each Pokémon
|rule|Item Clause: Limit 1 of each item
|clearpoke
|poke|p1|Swampert, L50, M|
|poke|p1|Pelipper, L50, F|
|poke|p1|Grimmsnarl, L50, M|
|poke|p1|Orthworm, L50, M|
|poke|p1|Dragalge, L50, F|
|poke|p1|Dragapult, L50, F|
|poke|p2|Charizard, L50, F|
|poke|p2|Garchomp, L50, F|
|poke|p2|Incineroar, L50, F|
|poke|p2|Venusaur, L50, M|
|poke|p2|Toxapex, L50, M|
|poke|p2|Sylveon, L50, F|
|teampreview|4
|showteam|p1|Swampert||Swampertite|Torrent|Earthquake,WaveCrash,Protect,FlipTurn|Adamant||M|||50|]Pelipper||ExpertBelt|Drizzle|Hurricane,Protect,MuddyWater,Tailwind|Bold||F|||50|]Grimmsnarl||LightClay|Prankster|PartingShot,Reflect,LightScreen,ThroatChop|Careful||M|||50|]Orthworm||SitrusBerry|EarthEater|Protect,ShedTail,RockTomb,BodyPress|Impish||M|||50|]Dragalge||Dragalgite|Adaptability|SludgeBomb,Protect,FlipTurn,Haze|Sassy||F|||50|]Dragapult||Leftovers|ClearBody|Uturn,DragonDarts,WillOWisp,PhantomForce|Jolly||F|||50|
|showteam|p2|Charizard||CharizarditeY|Blaze|WeatherBall,HeatWave,AncientPower,Protect|Modest||F|||50|]Garchomp||ChoiceScarf|RoughSkin|RockSlide,DragonClaw,Earthquake,StompingTantrum|Adamant||F|||50|]Incineroar||SitrusBerry|Intimidate|FlareBlitz,FakeOut,DarkestLariat,PartingShot|Impish||F|||50|]Venusaur||LifeOrb|Chlorophyll|SludgeBomb,LeafStorm,EarthPower,Protect|Modest||M|||50|]Toxapex||Leftovers|Regenerator|Infestation,Toxic,WideGuard,BanefulBunker|Bold||M|||50|]Sylveon||FairyFeather|Pixilate|HyperVoice,QuickAttack,Yawn,Detect|Modest||F|||50|
|inactive|Battle timer is ON: inactive players will automatically lose when time's up. (requested by quailfish)
|
|t:|1785684111
|teamsize|p1|4
|teamsize|p2|4
|start
|switch|p1a: Orthworm|Orthworm, L50, M|100/100
|switch|p1b: Grimmsnarl|Grimmsnarl, L50, M|100/100
|switch|p2a: Charizard|Charizard, L50, F|100/100
|switch|p2b: Toxapex|Toxapex, L50, M|100/100
|turn|1
|
|t:|1785684125
|detailschange|p2a: Charizard|Charizard-Mega-Y, L50, F
|-mega|p2a: Charizard|Charizard|Charizardite Y
|-weather|SunnyDay|[from] ability: Drought|[of] p2a: Charizard
|move|p1b: Grimmsnarl|Light Screen|p1b: Grimmsnarl
|-sidestart|p1: quailfish|move: Light Screen
|move|p2a: Charizard|Heat Wave|p1a: Orthworm|[spread] p1a,p1b
|-supereffective|p1a: Orthworm|1
|-crit|p1b: Grimmsnarl
|-damage|p1a: Orthworm|2/100
|-damage|p1b: Grimmsnarl|11/100
|-status|p1b: Grimmsnarl|brn
|-enditem|p1a: Orthworm|Sitrus Berry|[eat]
|-heal|p1a: Orthworm|27/100|[from] item: Sitrus Berry
|move|p1a: Orthworm|Shed Tail|p1a: Orthworm
|-fail|p1a: Orthworm|move: Shed Tail|[weak]
|move|p2b: Toxapex|Toxic||[still]
|-fail|p2b: Toxapex
|
|-weather|SunnyDay|[upkeep]
|-damage|p1b: Grimmsnarl|5/100 brn|[from] brn
|upkeep
|turn|2
|
|t:|1785684146
|move|p1b: Grimmsnarl|Parting Shot|p2a: Charizard
|-unboost|p2a: Charizard|atk|1
|-unboost|p2a: Charizard|spa|1
|
|t:|1785684149
|switch|p1b: Pelipper|Pelipper, L50, F|100/100|[from] Parting Shot
|-weather|RainDance|[from] ability: Drizzle|[of] p1b: Pelipper
|move|p2a: Charizard|Heat Wave|p1b: Pelipper|[spread] p1a,p1b
|-supereffective|p1a: Orthworm|1
|-resisted|p1b: Pelipper|1
|-damage|p1a: Orthworm|6/100
|-damage|p1b: Pelipper|95/100
|move|p1a: Orthworm|Rock Tomb|p2a: Charizard
|-supereffective|p2a: Charizard|2
|-crit|p2a: Charizard
|-damage|p2a: Charizard|19/100
|-unboost|p2a: Charizard|spe|1
|move|p2b: Toxapex|Infestation|p1b: Pelipper
|-resisted|p1b: Pelipper|1
|-damage|p1b: Pelipper|94/100
|-activate|p1b: Pelipper|move: Infestation|[of] p2b: Toxapex
|
|-weather|RainDance|[upkeep]
|-damage|p1b: Pelipper|82/100|[from] move: Infestation|[partiallytrapped]
|upkeep
|turn|3
|inactive|quailfish has 30 seconds left.
|
|t:|1785684181
|switch|p2a: Sylveon|Sylveon, L50, F|100/100
|move|p1b: Pelipper|Tailwind|p1b: Pelipper
|-sidestart|p1: quailfish|move: Tailwind
|move|p1a: Orthworm|Rock Tomb|p2a: Sylveon
|-damage|p2a: Sylveon|88/100
|-unboost|p2a: Sylveon|spe|1
|move|p2b: Toxapex|Infestation|p1a: Orthworm
|-resisted|p1a: Orthworm|1
|-damage|p1a: Orthworm|5/100
|-activate|p1a: Orthworm|move: Infestation|[of] p2b: Toxapex
|
|-weather|RainDance|[upkeep]
|-damage|p1b: Pelipper|70/100|[from] move: Infestation|[partiallytrapped]
|-damage|p1a: Orthworm|0 fnt|[from] move: Infestation|[partiallytrapped]
|faint|p1a: Orthworm
|upkeep
|
|t:|1785684197
|switch|p1a: Swampert|Swampert, L50, M|100/100
|turn|4
|
|t:|1785684205
|detailschange|p1a: Swampert|Swampert-Mega, L50, M
|-mega|p1a: Swampert|Swampert|Swampertite
|move|p1a: Swampert|Wave Crash|p2a: Sylveon
|-damage|p2a: Sylveon|0 fnt
|faint|p2a: Sylveon
|-damage|p1a: Swampert|73/100|[from] Recoil
|move|p1b: Pelipper|Muddy Water|p2b: Toxapex|[miss]
|-miss|p1b: Pelipper|p2b: Toxapex
|move|p2b: Toxapex|Toxic|p1a: Swampert
|-status|p1a: Swampert|tox
|
|-weather|RainDance|[upkeep]
|-damage|p1a: Swampert|67/100 tox|[from] psn
|-damage|p1b: Pelipper|58/100|[from] move: Infestation|[partiallytrapped]
|upkeep
|
|t:|1785684208
|switch|p2a: Charizard|Charizard-Mega-Y, L50, F|19/100
|-weather|SunnyDay|[from] ability: Drought|[of] p2a: Charizard
|turn|5
|
|t:|1785684232
|switch|p1a: Grimmsnarl|Grimmsnarl, L50, M|5/100 brn
|move|p1b: Pelipper|Protect|p1b: Pelipper
|-singleturn|p1b: Pelipper|Protect
|move|p2a: Charizard|Protect|p2a: Charizard
|-singleturn|p2a: Charizard|Protect
|move|p2b: Toxapex|Infestation|p1b: Pelipper
|-activate|p1b: Pelipper|move: Protect
|
|-weather|SunnyDay|[upkeep]
|-damage|p1a: Grimmsnarl|0 fnt|[from] brn
|faint|p1a: Grimmsnarl
|-damage|p1b: Pelipper|46/100|[from] move: Infestation|[partiallytrapped]
|upkeep
|
|t:|1785684247
|switch|p1a: Swampert|Swampert-Mega, L50, M|67/100 tox
|turn|6
|
|t:|1785684255
|switch|p2a: Venusaur|Venusaur, L50, M|100/100
|move|p1a: Swampert|Wave Crash|p2a: Venusaur
|-resisted|p2a: Venusaur|1
|-damage|p2a: Venusaur|75/100
|-damage|p1a: Swampert|61/100 tox|[from] Recoil
|move|p1b: Pelipper|Muddy Water|p2b: Toxapex|[spread] p2a,p2b
|-resisted|p2a: Venusaur|1
|-resisted|p2b: Toxapex|1
|-damage|p2a: Venusaur|70/100
|-damage|p2b: Toxapex|96/100
|-unboost|p2b: Toxapex|accuracy|1
|move|p2b: Toxapex|Infestation|p1a: Swampert|[miss]
|-miss|p2b: Toxapex|p1a: Swampert
|
|-weather|SunnyDay|[upkeep]
|-heal|p2b: Toxapex|100/100|[from] item: Leftovers
|-damage|p1a: Swampert|55/100 tox|[from] psn
|-end|p1b: Pelipper|Infestation|[partiallytrapped]
|-sideend|p1: quailfish|move: Tailwind
|upkeep
|turn|7
|-message|quailfish forfeited.
|
|win|new mental
