|j|Ōśåchzao
|j|ŌśåTruevillany123
|html|chzaoTruevillany123    
|uhtml|bestof|Game 2 of a best-of-3
|t:|1757113863
|gametype|doubles
|player|p1|chzao|clay|1046
|player|p2|Truevillany123|1|1114
|gen|9
|tier|[Gen 9] VGC 2025 Reg H (Bo3)
|rated|
|rule|Species Clause: Limit one of each Pok├®mon
|rule|Item Clause: Limit 1 of each item
|clearpoke
|poke|p1|Kilowattrel, L50, M|
|poke|p1|Garchomp, L50, M|
|poke|p1|Typhlosion-Hisui, L50, F|
|poke|p1|Toedscruel, L50, F|
|poke|p1|Weezing-Galar, L50, M|
|poke|p1|Swampert, L50, F|
|poke|p2|Ursaluna-Bloodmoon, L50, M|
|poke|p2|Gholdengo, L50|
|poke|p2|Dragonite, L50, F|
|poke|p2|Sneasler, L50, M|
|poke|p2|Incineroar, L50, F|
|poke|p2|Amoonguss, L50, F|
|teampreview|4
|showteam|p1|Kilowattrel||FocusSash|Competitive|Discharge,AirSlash,Tailwind,Protect|||M|||50|,,,,,Ghost]Garchomp||LifeOrb|RoughSkin|Earthquake,StompingTantrum,DragonClaw,Protect|||M|||50|,,,,,Ground]Typhlosion-Hisui||ChoiceScarf|Blaze|Eruption,ShadowBall,Flamethrower,Extrasensory|||F|||50|,,,,,Fire]Toedscruel||CovertCloak|MyceliumMight|EarthPower,AcidSpray,Spore,RagePowder|||F|||50|,,,,,Water]Weezing-Galar||ChoiceSpecs|NeutralizingGas|StrangeSteam,SludgeBomb,Flamethrower,DazzlingGleam|||M|||50|,,,,,Water]Swampert||Leftovers|Torrent|Liquidation,WideGuard,Earthquake,Avalanche|||F|||50|,,,,,Grass
|showteam|p2|Ursaluna-Bloodmoon||AssaultVest|MindsEye|BloodMoon,EarthPower,VacuumWave,HyperVoice|||M|||50|,,,,,Water]Gholdengo||LifeOrb|GoodasGold|Protect,MakeItRain,ShadowBall,NastyPlot||||||50|,,,,,Water]Dragonite||LoadedDice|Multiscale|ScaleShot,Tailwind,Haze,Protect|||F|||50|,,,,,Fairy]Sneasler||FocusSash|Unburden|Protect,DireClaw,CloseCombat,ThroatChop|||M|||50|,,,,,Stellar]Incineroar||SafetyGoggles|Intimidate|KnockOff,PartingShot,FlareBlitz,FakeOut|||F|||50|,,,,,Ghost]Amoonguss||SitrusBerry|Regenerator|RagePowder,Spore,PollenPuff,Protect|||F|||50|,,,,,Psychic
|inactive|Battle timer is ON: inactive players will automatically lose when time's up. (requested by chzao)
|c|ŌśåTruevillany123|Gg
|
|t:|1757113883
|teamsize|p1|4
|teamsize|p2|4
|start
|switch|p1a: Muki|Weezing-Galar, L50, M|100/100
|switch|p1b: Tentacrueu|Toedscruel, L50, F|100/100
|switch|p2a: Dragonite|Dragonite, L50, F|100/100
|switch|p2b: Amoonguss|Amoonguss, L50, F|100/100
|-ability|p1a: Muki|Neutralizing Gas
|turn|1
|
|t:|1757113897
|switch|p2a: Gholdengo|Gholdengo, L50|100/100
|move|p1b: Tentacrueu|Spore|p2a: Gholdengo
|-status|p2a: Gholdengo|slp|[from] move: Spore
|move|p1a: Muki|Dazzling Gleam|p2b: Amoonguss|[spread] p2a,p2b
|-resisted|p2a: Gholdengo
|-resisted|p2b: Amoonguss
|-damage|p2a: Gholdengo|83/100 slp
|-damage|p2b: Amoonguss|85/100
|move|p2b: Amoonguss|Spore|p1a: Muki
|-status|p1a: Muki|slp|[from] move: Spore
|
|upkeep
|turn|2
|inactive|chzao has 30 seconds left.
|
|t:|1757113924
|move|p1b: Tentacrueu|Acid Spray|p2b: Amoonguss
|-damage|p2b: Amoonguss|75/100
|-unboost|p2b: Amoonguss|spd|2
|cant|p2a: Gholdengo|slp
|cant|p1a: Muki|slp
|move|p2b: Amoonguss|Spore|p1b: Tentacrueu
|-immune|p1b: Tentacrueu
|
|upkeep
|turn|3
|
|t:|1757113942
|move|p1b: Tentacrueu|Earth Power|p2a: Gholdengo
|-supereffective|p2a: Gholdengo
|-damage|p2a: Gholdengo|9/100 slp
|cant|p2a: Gholdengo|slp
|cant|p1a: Muki|slp
|move|p2b: Amoonguss|Pollen Puff|p2a: Gholdengo
|-heal|p2a: Gholdengo|59/100 slp
|
|upkeep
|turn|4
|c|ŌśåTruevillany123|Fuck this
|
|t:|1757113965
|-terastallize|p2a: Gholdengo|Water
|move|p1b: Tentacrueu|Earth Power|p2a: Gholdengo
|-damage|p2a: Gholdengo|20/100 slp
|-unboost|p2a: Gholdengo|spd|1
|-curestatus|p2a: Gholdengo|slp|[msg]
|move|p2a: Gholdengo|Nasty Plot|p2a: Gholdengo
|-boost|p2a: Gholdengo|spa|2
|cant|p1a: Muki|slp
|move|p2b: Amoonguss|Pollen Puff|p2a: Gholdengo
|-heal|p2a: Gholdengo|70/100
|
|upkeep
|turn|5
|
|t:|1757113986
|move|p2b: Amoonguss|Rage Powder|p2b: Amoonguss
|-singleturn|p2b: Amoonguss|move: Rage Powder
|move|p1b: Tentacrueu|Spore|p2a: Gholdengo
|-status|p2a: Gholdengo|slp|[from] move: Spore
|cant|p2a: Gholdengo|slp
|-curestatus|p1a: Muki|slp|[msg]
|move|p1a: Muki|Dazzling Gleam|p2b: Amoonguss|[spread] p2a,p2b
|-resisted|p2b: Amoonguss
|-damage|p2a: Gholdengo|16/100 slp
|-damage|p2b: Amoonguss|46/100
|-enditem|p2b: Amoonguss|Sitrus Berry|[eat]
|-heal|p2b: Amoonguss|71/100|[from] item: Sitrus Berry
|
|upkeep
|turn|6
|
|t:|1757114003
|move|p1b: Tentacrueu|Earth Power|p2b: Amoonguss
|-damage|p2b: Amoonguss|11/100
|-curestatus|p2a: Gholdengo|slp|[msg]
|move|p2a: Gholdengo|Shadow Ball|p2b: Amoonguss
|-damage|p2b: Amoonguss|0 fnt
|faint|p2b: Amoonguss
|-damage|p2a: Gholdengo|7/100|[from] item: Life Orb
|move|p1a: Muki|Dazzling Gleam|p2a: Gholdengo
|-damage|p2a: Gholdengo|0 fnt
|faint|p2a: Gholdengo
|
|upkeep
|c|ŌśåTruevillany123|Gg
|
|t:|1757114014
|switch|p2a: Dragonite|Dragonite, L50, F|100/100
|switch|p2b: Incineroar|Incineroar, L50, F|100/100
|turn|7
|c|Ōśåchzao|Why?
|c|ŌśåTruevillany123|Bc i fucking lost
|
|t:|1757114034
|move|p1b: Tentacrueu|Spore|p2a: Dragonite
|-status|p2a: Dragonite|slp|[from] move: Spore
|cant|p2a: Dragonite|slp
|move|p2b: Incineroar|Flare Blitz|p2a: Dragonite
|-resisted|p2a: Dragonite
|-damage|p2a: Dragonite|69/100 slp
|-damage|p2b: Incineroar|92/100|[from] Recoil
|move|p1a: Muki|Dazzling Gleam|p2a: Dragonite|[spread] p2a,p2b
|-supereffective|p2a: Dragonite
|-damage|p2a: Dragonite|0 fnt
|-damage|p2b: Incineroar|56/100
|faint|p2a: Dragonite
|
|upkeep
|turn|8
|c|ŌśåTruevillany123|And played like a fucking dumbass
|
|t:|1757114049
|move|p1b: Tentacrueu|Earth Power|p2b: Incineroar
|-supereffective|p2b: Incineroar
|-damage|p2b: Incineroar|0 fnt
|faint|p2b: Incineroar
|
|win|chzao
