|j|☆CavaliereIsSoPeak
|j|☆PutoLen34
|html|CavaliereIsSoPeakPutoLen34    
|uhtml|bestof|Game 1 of a best-of-3
|t:|1756828281
|gametype|doubles
|player|p1|CavaliereIsSoPeak|gambler|
|player|p2|PutoLen34|preschooler|
|gen|9
|tier|[Gen 9] VGC 2025 Reg H (Bo3)
|rule|Species Clause: Limit one of each Pokémon
|rule|Item Clause: Limit 1 of each item
|clearpoke
|poke|p1|Volcarona, L50, M|
|poke|p1|Rillaboom, L50, M|
|poke|p1|Sneasler, L50, F|
|poke|p1|Dragonite, L50, M|
|poke|p1|Ursaluna-Bloodmoon, L50, M|
|poke|p1|Whimsicott, L50, F|
|poke|p2|Primeape, L50, F|
|poke|p2|Smeargle, L50, F|
|poke|p2|Krookodile, L50, M|
|poke|p2|Cryogonal, L50|
|poke|p2|Gholdengo, L50|
|poke|p2|Whimsicott, L50, M|
|teampreview|4
|showteam|p1|Volcarona||SitrusBerry|FlameBody|HeatWave,TeraBlast,QuiverDance,Protect|||M|||50|,,,,,Fairy]Rillaboom||AssaultVest|GrassySurge|WoodHammer,GrassyGlide,FakeOut,Uturn|||M|||50|,,,,,Fire]Sneasler||FocusSash|Unburden|DireClaw,CloseCombat,ThroatChop,Protect|||F|||50|,,,,,Dark]Dragonite||LoadedDice|Multiscale|ScaleShot,ExtremeSpeed,Haze,Protect|||M|||50|,,,,,Steel]Ursaluna-Bloodmoon||LifeOrb|MindsEye|BloodMoon,HyperVoice,EarthPower,Protect|||M|||50|,,,,,Normal]Whimsicott||CovertCloak|Prankster|Moonblast,Tailwind,Encore,Taunt|||F|||50|,,,,,Poison
|showteam|p2|Primeape||Eviolite|AngerPoint|DrainPunch,RageFist,Taunt,Protect|||F|||50|,,,,,Ghost]Smeargle||FocusSash|Moody|FakeOut,FollowMe,Spore,WickedBlow|||F|||50|,,,,,Ghost]Krookodile||AssaultVest|AngerPoint|Earthquake,HighHorsepower,PowerTrip,RockSlide|||M|||50|,,,,,Fire]Cryogonal||CovertCloak|Levitate|FrostBreath,IcyWind,Haze,FreezeDry||||||50|,,,,,Fairy]Gholdengo||WeaknessPolicy|GoodasGold|MakeItRain,ShadowBall,NastyPlot,Protect||||||50|,,,,,Water]Whimsicott||ScopeLens|Prankster|Tailwind,Taunt,BeatUp,Moonblast|||M|||50|,,,,,Ghost
|
|t:|1756828384
|teamsize|p1|4
|teamsize|p2|4
|start
|switch|p1a: D'oro|Sneasler, L50, F|100/100
|switch|p1b: Mary|Whimsicott, L50, F|100/100
|switch|p2a: Gordibuena|Whimsicott, L50, M|100/100
|switch|p2b: Perro Sanxe|Smeargle, L50, F|100/100
|turn|1
|
|t:|1756828417
|move|p2b: Perro Sanxe|Fake Out|p1a: D'oro
|-damage|p1a: D'oro|92/100
|move|p1b: Mary|Taunt|p2b: Perro Sanxe
|-start|p2b: Perro Sanxe|move: Taunt
|move|p2a: Gordibuena|Taunt|p1b: Mary
|-start|p1b: Mary|move: Taunt
|cant|p1a: D'oro|flinch
|
|-ability|p2b: Perro Sanxe|Moody|boost
|-boost|p2b: Perro Sanxe|spd|2
|-unboost|p2b: Perro Sanxe|def|1
|upkeep
|turn|2
|
|t:|1756828475
|switch|p1b: Sylva|Rillaboom, L50, M|100/100
|-fieldstart|move: Grassy Terrain|[from] ability: Grassy Surge|[of] p1b: Sylva
|move|p2a: Gordibuena|Tailwind|p2a: Gordibuena
|-sidestart|p2: PutoLen34|move: Tailwind
|move|p2b: Perro Sanxe|Wicked Blow|p1b: Sylva
|-crit|p1b: Sylva
|-damage|p1b: Sylva|92/100
|move|p1a: D'oro|Dire Claw|p2a: Gordibuena
|-supereffective|p2a: Gordibuena
|-damage|p2a: Gordibuena|0 fnt
|faint|p2a: Gordibuena
|
|-heal|p1a: D'oro|98/100|[from] Grassy Terrain
|-heal|p1b: Sylva|98/100|[from] Grassy Terrain
|-ability|p2b: Perro Sanxe|Moody|boost
|-boost|p2b: Perro Sanxe|spd|2
|-unboost|p2b: Perro Sanxe|atk|1
|upkeep
|
|t:|1756828490
|switch|p2a: FolagorConPelo|Primeape, L50, F|100/100
|turn|3
|
|t:|1756828528
|switch|p1a: Mary|Whimsicott, L50, F|100/100
|-terastallize|p2b: Perro Sanxe|Ghost
|move|p1b: Sylva|Grassy Glide|p2b: Perro Sanxe
|-enditem|p2b: Perro Sanxe|Focus Sash
|-damage|p2b: Perro Sanxe|1/100
|move|p2b: Perro Sanxe|Wicked Blow|p2a: FolagorConPelo
|-resisted|p2a: FolagorConPelo
|-crit|p2a: FolagorConPelo
|-damage|p2a: FolagorConPelo|96/100
|-setboost|p2a: FolagorConPelo|atk|6|[from] ability: Anger Point
|move|p2a: FolagorConPelo|Drain Punch|p1b: Sylva
|-damage|p1b: Sylva|0 fnt
|-heal|p2a: FolagorConPelo|100/100|[from] drain|[of] p1b: Sylva
|faint|p1b: Sylva
|
|-heal|p2b: Perro Sanxe|7/100|[from] Grassy Terrain
|-ability|p2b: Perro Sanxe|Moody|boost
|-boost|p2b: Perro Sanxe|spe|2
|-unboost|p2b: Perro Sanxe|spa|1
|upkeep
|
|t:|1756828566
|switch|p1b: Ventus|Dragonite, L50, M|100/100
|turn|4
|
|t:|1756828604
|move|p1a: Mary|Tailwind|p1a: Mary
|-sidestart|p1: CavaliereIsSoPeak|move: Tailwind
|move|p2b: Perro Sanxe|Wicked Blow|p1b: Ventus
|-crit|p1b: Ventus
|-damage|p1b: Ventus|96/100
|move|p2a: FolagorConPelo|Rage Fist|p1b: Ventus
|-damage|p1b: Ventus|0 fnt
|faint|p1b: Ventus
|
|-heal|p2b: Perro Sanxe|13/100|[from] Grassy Terrain
|-end|p2b: Perro Sanxe|move: Taunt
|-ability|p2b: Perro Sanxe|Moody|boost
|-boost|p2b: Perro Sanxe|spa|2
|-unboost|p2b: Perro Sanxe|spd|1
|upkeep
|
|t:|1756828611
|switch|p1b: D'oro|Sneasler, L50, F|98/100
|turn|5
|
|t:|1756828661
|move|p1b: D'oro|Protect|p1b: D'oro
|-singleturn|p1b: D'oro|Protect
|move|p2b: Perro Sanxe|Follow Me|p2b: Perro Sanxe
|-singleturn|p2b: Perro Sanxe|move: Follow Me
|move|p1a: Mary|Moonblast|p2b: Perro Sanxe
|-damage|p2b: Perro Sanxe|0 fnt
|faint|p2b: Perro Sanxe
|move|p2a: FolagorConPelo|Rage Fist|p1a: Mary
|-damage|p1a: Mary|0 fnt
|faint|p1a: Mary
|
|-heal|p1b: D'oro|100/100|[from] Grassy Terrain
|-sideend|p2: PutoLen34|move: Tailwind
|upkeep
|
|t:|1756828672
|switch|p2b: Krokodile|Krookodile, L50, M|100/100
|turn|6
|
|t:|1756828701
|move|p1b: D'oro|Close Combat|p2b: Krokodile
|-supereffective|p2b: Krokodile
|-damage|p2b: Krokodile|0 fnt
|-unboost|p1b: D'oro|def|1
|-unboost|p1b: D'oro|spd|1
|faint|p2b: Krokodile
|move|p2a: FolagorConPelo|Drain Punch|p1b: D'oro
|-resisted|p1b: D'oro
|-enditem|p1b: D'oro|Focus Sash
|-damage|p1b: D'oro|1/100
|
|-heal|p1b: D'oro|7/100|[from] Grassy Terrain
|-fieldend|move: Grassy Terrain
|upkeep
|turn|7
|
|t:|1756828711
|move|p1b: D'oro|Dire Claw|p2a: FolagorConPelo
|-damage|p2a: FolagorConPelo|56/100
|move|p2a: FolagorConPelo|Drain Punch|p1b: D'oro
|-resisted|p1b: D'oro
|-damage|p1b: D'oro|0 fnt
|-heal|p2a: FolagorConPelo|59/100|[from] drain|[of] p1b: D'oro
|faint|p1b: D'oro
|
|win|PutoLen34
||CavaliereIsSoPeak is ready for game 2.
||PutoLen34 is ready for game 2.
|uhtml|next|Next: Game 2 of 3
|l|☆CavaliereIsSoPeak
|player|p1|
