|j|☆chamoy-pt2
|j|☆CretaceousDraconid
|html|chamoy-pt2CretaceousDraconid    
|uhtml|bestof|Game 3 of a best-of-3
|t:|1757833373
|gametype|doubles
|player|p1|chamoy-pt2|karen|1105
|player|p2|CretaceousDraconid|zinnia-masters|1216
|gen|9
|tier|[Gen 9] VGC 2025 Reg H (Bo3)
|rated|
|rule|Species Clause: Limit one of each Pokémon
|rule|Item Clause: Limit 1 of each item
|clearpoke
|poke|p1|Incineroar, L50, M|
|poke|p1|Rillaboom, L50, F|
|poke|p1|Gholdengo, L50|
|poke|p1|Sylveon, L50, M|
|poke|p1|Sneasler, L50, M|
|poke|p1|Grimmsnarl, L50, M|
|poke|p2|Whimsicott, L50, M|
|poke|p2|Incineroar, L50, F|
|poke|p2|Salamence, L50, F|
|poke|p2|Garchomp, L50, M|
|poke|p2|Sneasler, L50, F|
|poke|p2|Ninetales-Alola, L50, F|
|teampreview|4
|showteam|p1|Incineroar||SafetyGoggles|Intimidate|FakeOut,PartingShot,FlareBlitz,KnockOff|||M|||50|,,,,,Ghost]Rillaboom||MiracleSeed|GrassySurge|WoodHammer,GrassyGlide,FakeOut,Uturn|||F|||50|,,,,,Fire]Gholdengo||GrassySeed|GoodasGold|NastyPlot,MakeItRain,ShadowBall,Protect||||||50|,,,,,Water]Sylveon||ChoiceSpecs|Pixilate|HyperVoice,TeraBlast,HyperBeam,Psychic|||M|||50|,,,,,Fire]Sneasler||WhiteHerb|Unburden|CloseCombat,DireClaw,ThroatChop,Protect|||M|||50|,,,,,Dark]Grimmsnarl||LightClay|Prankster|Reflect,LightScreen,ThunderWave,SpiritBreak|||M|||50|,,,,,Ghost
|showteam|p2|Whimsicott||CovertCloak|Prankster|Tailwind,Moonblast,Encore,Taunt|||M|||50|,,,,,Water]Incineroar||SafetyGoggles|Intimidate|FakeOut,Taunt,PartingShot,KnockOff|||F|||50|,,,,,Ghost]Salamence||ChoiceSpecs|Intimidate|Hurricane,HeatWave,DracoMeteor,HydroPump|||F|||50|,,,,,Fire]Garchomp||LoadedDice|RoughSkin|StompingTantrum,Earthquake,ScaleShot,Protect|||M|||50|,,,,,Ghost]Sneasler||FocusSash|PoisonTouch|DireClaw,CloseCombat,Coaching,Protect|||F|||50|,,,,,Fairy]Ninetales-Alola||NeverMeltIce|SnowWarning|FreezeDry,Blizzard,AuroraVeil,Protect|||F|||50|,,,,,Ghost
|
|t:|1757833435
|teamsize|p1|4
|teamsize|p2|4
|start
|switch|p1a: Incineroar|Incineroar, L50, M|100/100
|switch|p1b: Sneasler|Sneasler, L50, M|100/100
|switch|p2a: Incineroar|Incineroar, L50, F|100/100
|switch|p2b: Garchomp|Garchomp, L50, M|100/100
|-ability|p2a: Incineroar|Intimidate|boost
|-unboost|p1a: Incineroar|atk|1
|-unboost|p1b: Sneasler|atk|1
|-ability|p1a: Incineroar|Intimidate|boost
|-unboost|p2a: Incineroar|atk|1
|-unboost|p2b: Garchomp|atk|1
|-enditem|p1b: Sneasler|White Herb
|-clearnegativeboost|p1b: Sneasler|[silent]
|turn|1
|
|t:|1757833462
|switch|p2b: Salamence|Salamence, L50, F|100/100
|-ability|p2b: Salamence|Intimidate|boost
|-unboost|p1a: Incineroar|atk|1
|-unboost|p1b: Sneasler|atk|1
|switch|p1a: Rillaboom|Rillaboom, L50, F|100/100
|-fieldstart|move: Grassy Terrain|[from] ability: Grassy Surge|[of] p1a: Rillaboom
|move|p1b: Sneasler|Protect|p1b: Sneasler
|-singleturn|p1b: Sneasler|Protect
|move|p2a: Incineroar|Fake Out|p1b: Sneasler
|-activate|p1b: Sneasler|move: Protect
|
|upkeep
|turn|2
|
|t:|1757833514
|switch|p2a: Garchomp|Garchomp, L50, M|100/100
|move|p1a: Rillaboom|Fake Out|p2b: Salamence
|-damage|p2b: Salamence|83/100
|move|p1b: Sneasler|Dire Claw|p2a: Garchomp
|-resisted|p2a: Garchomp
|-damage|p2a: Garchomp|84/100
|-damage|p1b: Sneasler|88/100|[from] ability: Rough Skin|[of] p2a: Garchomp
|cant|p2b: Salamence|flinch
|
|-heal|p1b: Sneasler|94/100|[from] Grassy Terrain
|-heal|p2a: Garchomp|90/100|[from] Grassy Terrain
|upkeep
|turn|3
|
|t:|1757833538
|switch|p1b: Incineroar|Incineroar, L50, M|100/100
|-ability|p1b: Incineroar|Intimidate|boost
|-unboost|p2a: Garchomp|atk|1
|-unboost|p2b: Salamence|atk|1
|-terastallize|p1a: Rillaboom|Fire
|move|p2a: Garchomp|Stomping Tantrum|p1b: Incineroar
|-supereffective|p1b: Incineroar
|-damage|p1b: Incineroar|56/100
|move|p2b: Salamence|Hurricane|p1a: Rillaboom
|-damage|p1a: Rillaboom|11/100
|move|p1a: Rillaboom|Wood Hammer|p2a: Garchomp
|-damage|p2a: Garchomp|0 fnt
|-damage|p1a: Rillaboom|0 fnt|[from] ability: Rough Skin|[of] p2a: Garchomp
|faint|p2a: Garchomp
|faint|p1a: Rillaboom
|
|-heal|p1b: Incineroar|62/100|[from] Grassy Terrain
|upkeep
|
|t:|1757833556
|switch|p2a: Incineroar|Incineroar, L50, F|100/100
|switch|p1a: Sylveon|Sylveon, L50, M|100/100
|-ability|p2a: Incineroar|Intimidate|boost
|-unboost|p1a: Sylveon|atk|1
|-unboost|p1b: Incineroar|atk|1
|turn|4
|
|t:|1757833565
|switch|p2b: TheFuckYouGuy|Sneasler, L50, F|100/100
|move|p2a: Incineroar|Fake Out|p1a: Sylveon
|-damage|p1a: Sylveon|87/100
|move|p1b: Incineroar|Fake Out|p2b: TheFuckYouGuy
|-damage|p2b: TheFuckYouGuy|90/100
|cant|p1a: Sylveon|flinch
|
|-heal|p2b: TheFuckYouGuy|95/100|[from] Grassy Terrain
|-heal|p1a: Sylveon|93/100|[from] Grassy Terrain
|-heal|p1b: Incineroar|68/100|[from] Grassy Terrain
|upkeep
|turn|5
|
|t:|1757833584
|move|p2b: TheFuckYouGuy|Dire Claw|p1a: Sylveon
|-supereffective|p1a: Sylveon
|-damage|p1a: Sylveon|0 fnt
|faint|p1a: Sylveon
|move|p2a: Incineroar|Taunt|p1b: Incineroar
|-start|p1b: Incineroar|move: Taunt
|cant|p1b: Incineroar|move: Taunt|Parting Shot
|
|-heal|p2b: TheFuckYouGuy|100/100|[from] Grassy Terrain
|-heal|p1b: Incineroar|74/100|[from] Grassy Terrain
|-fieldend|move: Grassy Terrain
|upkeep
|
|t:|1757833588
|switch|p1a: Sneasler|Sneasler, L50, M|94/100
|turn|6
|-message|chamoy-pt2 forfeited.
|raw|chamoy-pt2's rating: 1105 → 1088(-17 for losing)
|raw|CretaceousDraconid's rating: 1216 → 1233(+17 for winning)
|
|win|CretaceousDraconid
|l|☆chamoy-pt2
|player|p1|
