|j|☆hit xeet
|j|☆JP ShinySeeker
|html|hit xeetJP ShinySeeker    
|uhtml|bestof|Game 2 of a best-of-3
|t:|1782700987
|gametype|doubles
|player|p1|hit xeet|dahlia|
|player|p2|JP ShinySeeker|taunie|
|gen|9
|tier|[Gen 9 Champions] VGC 2026 Reg M-B (Bo3)
|rule|Species Clause: Limit one of each Pokémon
|rule|Item Clause: Limit 1 of each item
|clearpoke
|poke|p1|Politoed, L50, M|
|poke|p1|Swampert, L50, M|
|poke|p1|Annihilape, L50, M|
|poke|p1|Klefki, L50, M|
|poke|p1|Dragonite, L50, F|
|poke|p1|Ditto, L50|
|poke|p2|Aurorus, L50, F, shiny|
|poke|p2|Greninja, L50, F, shiny|
|poke|p2|Raichu, L50, M|
|poke|p2|Whimsicott, L50, F, shiny|
|poke|p2|Arcanine-Hisui, L50, M|
|poke|p2|Staraptor, L50, F|
|teampreview|4
|showteam|p1|Politoed||DampRock|Drizzle|WeatherBall,IceBeam,Bulldoze,RainDance|Quiet||M|||50|]Swampert||Swampertite|Torrent|HighHorsepower,WaveCrash,IcePunch,Protect|Adamant||M|||50|]Annihilape||SitrusBerry|Defiant|RageFist,DrainPunch,IcePunch,BrickBreak|Jolly||M|||50|]Klefki||LightClay|Prankster|Reflect,LightScreen,ThunderWave,DazzlingGleam|Bold||M|||50|]Dragonite||Dragoninite|Multiscale|Hurricane,Thunder,DracoMeteor,Tailwind|Modest||F|||50|]Ditto||ChoiceScarf|Imposter|Transform|Bold|||||50|
|showteam|p2|Aurorus||PasshoBerry|SnowWarning|AuroraVeil,FreezeDry,EarthPower,Protect|Calm||F|||50|]Greninja||LifeOrb|Protean|Blizzard,GrassKnot,WeatherBall,Protect|Timid||F|||50|]Raichu||RaichuniteY|Static|GrassKnot,ZapCannon,Electroweb,Protect|Timid||M|||50|]Whimsicott||FocusSash|Prankster|SunnyDay,Charm,Tailwind,EnergyBall|Bold||F|||50|]Arcanine-Hisui||ExpertBelt|RockHead|RockSlide,FlareBlitz,HeadSmash,Protect|Jolly||M|||50|]Staraptor||Staraptite|Intimidate|CloseCombat,BraveBird,Roost,Protect|Adamant||F|||50|
|
|t:|1782701063
|teamsize|p1|4
|teamsize|p2|4
|start
|switch|p1a: Politoed|Politoed, L50, M|100/100
|switch|p1b: Dragonite|Dragonite, L50, F|100/100
|switch|p2a: Greninja|Greninja, L50, F, shiny|100/100
|switch|p2b: Whimsicott|Whimsicott, L50, F, shiny|100/100
|-weather|RainDance|[from] ability: Drizzle|[of] p1a: Politoed
|turn|1
|
|t:|1782701095
|switch|p2b: Aurorus|Aurorus, L50, F, shiny|100/100
|-weather|Snowscape|[from] ability: Snow Warning|[of] p2b: Aurorus
|detailschange|p1b: Dragonite|Dragonite-Mega, L50, F
|-mega|p1b: Dragonite|Dragonite|Dragoninite
|move|p2a: Greninja|Weather Ball|p1b: Dragonite
|-start|p2a: Greninja|typechange|Ice|[from] ability: Protean
|-supereffective|p1b: Dragonite|2
|-damage|p1b: Dragonite|12/100
|-damage|p2a: Greninja|90/100|[from] item: Life Orb
|move|p1b: Dragonite|Hurricane|p2b: Aurorus
|-resisted|p2b: Aurorus|1
|-damage|p2b: Aurorus|80/100
|move|p1a: Politoed|Bulldoze|p2b: Aurorus|[spread] p2a,p2b
|-immune|p1b: Dragonite
|-supereffective|p2b: Aurorus|1
|-crit|p2b: Aurorus
|-damage|p2a: Greninja|81/100
|-damage|p2b: Aurorus|64/100
|-unboost|p2a: Greninja|spe|1
|-unboost|p2b: Aurorus|spe|1
|
|-weather|Snowscape|[upkeep]
|upkeep
|turn|2
|
|t:|1782701123
|switch|p2b: Whimsicott|Whimsicott, L50, F, shiny|100/100
|move|p2a: Greninja|Protect|p2a: Greninja
|-singleturn|p2a: Greninja|Protect
|move|p1b: Dragonite|Draco Meteor|p2b: Whimsicott
|-immune|p2b: Whimsicott
|move|p1a: Politoed|Rain Dance|p1a: Politoed
|-weather|RainDance
|
|-weather|RainDance|[upkeep]
|upkeep
|turn|3
|
|t:|1782701144
|move|p2b: Whimsicott|Tailwind|p2b: Whimsicott
|-sidestart|p2: JP ShinySeeker|move: Tailwind
|move|p2a: Greninja|Weather Ball|p1b: Dragonite
|-resisted|p1b: Dragonite|1
|-damage|p1b: Dragonite|0 fnt
|faint|p1b: Dragonite
|-damage|p2a: Greninja|71/100|[from] item: Life Orb
|move|p1a: Politoed|Rain Dance||[still]
|-fail|p1a: Politoed
|
|-weather|RainDance|[upkeep]
|upkeep
|
|t:|1782701150
|switch|p1b: Annihilape|Annihilape, L50, M|100/100
|turn|4
|
|t:|1782701167
|switch|p2b: Aurorus|Aurorus, L50, F, shiny|64/100
|-weather|Snowscape|[from] ability: Snow Warning|[of] p2b: Aurorus
|move|p2a: Greninja|Blizzard|p1a: Politoed|[spread] p1a,p1b
|-resisted|p1a: Politoed|1
|-damage|p1a: Politoed|77/100
|-damage|p1b: Annihilape|48/100
|-enditem|p1b: Annihilape|Sitrus Berry|[eat]
|-heal|p1b: Annihilape|72/100|[from] item: Sitrus Berry
|-damage|p2a: Greninja|61/100|[from] item: Life Orb
|move|p1b: Annihilape|Drain Punch|p2a: Greninja
|-supereffective|p2a: Greninja|1
|-damage|p2a: Greninja|0 fnt
|-heal|p1b: Annihilape|98/100|[from] drain|[of] p2a: Greninja
|faint|p2a: Greninja
|move|p1a: Politoed|Bulldoze|p2b: Aurorus|[spread] p1b,p2b
|-supereffective|p2b: Aurorus|1
|-damage|p1b: Annihilape|88/100
|-damage|p2b: Aurorus|53/100
|-unboost|p1b: Annihilape|spe|1
|-unboost|p2b: Aurorus|spe|1
|
|-weather|Snowscape|[upkeep]
|upkeep
|
|t:|1782701177
|switch|p2a: Arcanine|Arcanine-Hisui, L50, M|100/100
|turn|5
|
|t:|1782701205
|move|p2a: Arcanine|Protect|p2a: Arcanine
|-singleturn|p2a: Arcanine|Protect
|move|p2b: Aurorus|Freeze-Dry|p1a: Politoed
|-supereffective|p1a: Politoed|1
|-damage|p1a: Politoed|30/100
|move|p1b: Annihilape|Drain Punch|p2a: Arcanine
|-activate|p2a: Arcanine|move: Protect
|move|p1a: Politoed|Rain Dance|p1a: Politoed
|-weather|RainDance
|
|-weather|RainDance|[upkeep]
|upkeep
|turn|6
|
|t:|1782701232
|move|p2a: Arcanine|Rock Slide|p1a: Politoed|[spread] p1a,p1b
|-resisted|p1b: Annihilape|1
|-damage|p1a: Politoed|1/100
|-damage|p1b: Annihilape|71/100
|move|p2b: Aurorus|Freeze-Dry|p1b: Annihilape
|-damage|p1b: Annihilape|47/100
|cant|p1b: Annihilape|flinch
|move|p1a: Politoed|Weather Ball|p2a: Arcanine
|-supereffective|p2a: Arcanine|2
|-damage|p2a: Arcanine|0 fnt
|faint|p2a: Arcanine
|
|-weather|RainDance|[upkeep]
|-sideend|p2: JP ShinySeeker|move: Tailwind
|upkeep
|
|t:|1782701243
|switch|p2a: Whimsicott|Whimsicott, L50, F, shiny|100/100
|turn|7
|
|t:|1782701274
|move|p2b: Aurorus|Protect|p2b: Aurorus
|-singleturn|p2b: Aurorus|Protect
|move|p2a: Whimsicott|Energy Ball|p1a: Politoed
|-supereffective|p1a: Politoed|1
|-damage|p1a: Politoed|0 fnt
|faint|p1a: Politoed
|move|p1b: Annihilape|Drain Punch|p2b: Aurorus
|-activate|p2b: Aurorus|move: Protect
|
|-weather|RainDance|[upkeep]
|upkeep
|
|t:|1782701279
|switch|p1a: Ditto|Ditto, L50|100/100
|-transform|p1a: Ditto|p2b: Aurorus|[from] ability: Imposter
|-weather|Snowscape|[from] ability: Snow Warning|[of] p1a: Ditto
|turn|8
|
|t:|1782701309
|move|p2a: Whimsicott|Tailwind|p2a: Whimsicott
|-sidestart|p2: JP ShinySeeker|move: Tailwind
|move|p2b: Aurorus|Freeze-Dry|p1b: Annihilape
|-damage|p1b: Annihilape|24/100
|move|p1b: Annihilape|Drain Punch|p2b: Aurorus
|-supereffective|p2b: Aurorus|2
|-damage|p2b: Aurorus|0 fnt
|-heal|p1b: Annihilape|56/100|[from] drain|[of] p2b: Aurorus
|faint|p2b: Aurorus
|move|p1a: Ditto|Freeze-Dry|p2a: Whimsicott
|-supereffective|p2a: Whimsicott|1
|-damage|p2a: Whimsicott|34/100
|
|-weather|Snowscape|[upkeep]
|upkeep
|turn|9
|
|t:|1782701319
|move|p2a: Whimsicott|Energy Ball|p1a: Ditto
|-supereffective|p1a: Ditto|1
|-damage|p1a: Ditto|52/100
|move|p1b: Annihilape|Rage Fist|p2a: Whimsicott
|-damage|p2a: Whimsicott|0 fnt
|faint|p2a: Whimsicott
|
|win|hit xeet
||hit xeet is ready for game 3.
|inactive|JP ShinySeeker has 30 seconds to confirm battle start!
||JP ShinySeeker is ready for game 3.
|uhtml|next|Next: Game 3 of 3
|l|☆JP ShinySeeker
|player|p2|
