|j|☆Fujin_20260416
|j|☆labiamg
|html|Fujin_20260416labiamg    
|uhtml|bestof|Game 1 of a best-of-3
|t:|1784675447
|gametype|doubles
|player|p1|Fujin_20260416|266|
|player|p2|labiamg|266|
|gen|9
|tier|[Gen 9 Champions] VGC 2026 Reg M-B (Bo3)
|rule|Species Clause: Limit one of each Pokémon
|rule|Item Clause: Limit 1 of each item
|clearpoke
|poke|p1|Floette-Eternal, L50, F|
|poke|p1|Charizard, L50, M|
|poke|p1|Kingambit, L50, M|
|poke|p1|Whimsicott, L50, M|
|poke|p1|Basculegion, L50, M|
|poke|p1|Garchomp, L50, M|
|poke|p2|Basculegion, L50, M, shiny|
|poke|p2|Pelipper, L50, M|
|poke|p2|Floette-Eternal, L50, F|
|poke|p2|Incineroar, L50, F, shiny|
|poke|p2|Archaludon, L50, M|
|poke|p2|Swampert, L50, F, shiny|
|teampreview|4
|showteam|p1|Floette-Eternal||Floettite|FlowerVeil|Protect,LightofRuin,Moonblast,DazzlingGleam|Timid||F|||50|]Charizard||CharizarditeY|Blaze|SolarBeam,HeatWave,WeatherBall,Protect|Modest||M|||50|]Kingambit||BlackGlasses|Defiant|IronHead,Protect,KowtowCleave,SuckerPunch|Adamant||M|||50|]Whimsicott||FocusSash|Prankster|Moonblast,Tailwind,Encore,Protect|Timid||M|||50|]Basculegion||MysticWater|Adaptability|WaveCrash,Protect,LastRespects,AquaJet|Adamant||M|||50|]Garchomp||LifeOrb|RoughSkin|Earthquake,RockSlide,Protect,DragonClaw|Jolly||M|||50|
|showteam|p2|Basculegion||ChoiceScarf|Adaptability|AquaJet,WaveCrash,LastRespects,FlipTurn|Adamant||M|||50|]Pelipper||FocusSash|Drizzle|Hurricane,WeatherBall,Tailwind,Protect|Modest||M|||50|]Floette-Eternal||Floettite|FlowerVeil|DazzlingGleam,DrainingKiss,CalmMind,Protect|Timid||F|||50|]Incineroar||SitrusBerry|Intimidate|FakeOut,ThroatChop,PartingShot,Taunt|Adamant||F|||50|]Archaludon||Leftovers|Stamina|Protect,ElectroShot,FlashCannon,DragonPulse|Modest||M|||50|]Swampert||Swampertite|Torrent|Earthquake,Protect,WaveCrash,IcePunch|Jolly||F|||50|
|c|☆labiamg|Esto es vgc
|c|☆labiamg|No era bss??
|c|☆Fujin_20260416|No, este es el torneo 77
|c|☆labiamg|Ah pera
|c|☆labiamg|Sisa
|c|☆labiamg|Sisa
|c|☆Fujin_20260416|yo no estoy participando en el torneo bss
|c|☆labiamg|Ne confundi
|c|☆labiamg|Demosle
|c|☆Fujin_20260416|dale
|inactive|Battle timer is ON: inactive players will automatically lose when time's up. (requested by Fujin_20260416)
|c|☆labiamg|Aja??
|inactive|Fujin_20260416 has 60 seconds left.
|inactive|Fujin_20260416 has 30 seconds left.
|inactive|Fujin_20260416 has 20 seconds left.
|
|t:|1784675630
|teamsize|p1|4
|teamsize|p2|4
|start
|switch|p1a: Whimsicott|Whimsicott, L50, M|100/100
|switch|p1b: Basculegion|Basculegion, L50, M|100/100
|switch|p2a: Basculegion|Basculegion, L50, M, shiny|100/100
|switch|p2b: Pelipper|Pelipper, L50, M|100/100
|-weather|RainDance|[from] ability: Drizzle|[of] p2b: Pelipper
|turn|1
|
|t:|1784675652
|switch|p2a: Archaludon|Archaludon, L50, M|100/100
|move|p1a: Whimsicott|Moonblast|p2b: Pelipper
|-damage|p2b: Pelipper|53/100
|move|p1b: Basculegion|Wave Crash|p2b: Pelipper
|-resisted|p2b: Pelipper|1
|-damage|p2b: Pelipper|0 fnt
|faint|p2b: Pelipper
|-damage|p1b: Basculegion|85/100|[from] Recoil
|
|-weather|RainDance|[upkeep]
|upkeep
|
|t:|1784675662
|switch|p2b: Swampert|Swampert, L50, F, shiny|100/100
|turn|2
|
|t:|1784675681
|detailschange|p2b: Swampert|Swampert-Mega, L50, F, shiny
|-mega|p2b: Swampert|Swampert|Swampertite
|move|p1b: Basculegion|Protect|p1b: Basculegion
|-singleturn|p1b: Basculegion|Protect
|move|p1a: Whimsicott|Tailwind|p1a: Whimsicott
|-sidestart|p1: Fujin_20260416|move: Tailwind
|move|p2b: Swampert|Ice Punch|p1a: Whimsicott
|-supereffective|p1a: Whimsicott|1
|-damage|p1a: Whimsicott|7/100
|move|p2a: Archaludon|Electro Shot||[still]
|-prepare|p2a: Archaludon|Electro Shot
|-boost|p2a: Archaludon|spa|1
|-anim|p2a: Archaludon|Electro Shot|p1b: Basculegion
|-activate|p1b: Basculegion|move: Protect
|
|-weather|RainDance|[upkeep]
|upkeep
|turn|3
|
|t:|1784675705
|move|p1b: Basculegion|Protect||[still]
|-fail|p1b: Basculegion
|move|p1a: Whimsicott|Moonblast|p2a: Archaludon
|-damage|p2a: Archaludon|66/100
|-ability|p2a: Archaludon|Stamina|boost
|-boost|p2a: Archaludon|def|1
|move|p2b: Swampert|Wave Crash|p1a: Whimsicott
|-resisted|p1a: Whimsicott|1
|-crit|p1a: Whimsicott
|-damage|p1a: Whimsicott|0 fnt
|faint|p1a: Whimsicott
|-damage|p2b: Swampert|97/100|[from] Recoil
|move|p2a: Archaludon|Electro Shot||[still]
|-prepare|p2a: Archaludon|Electro Shot
|-boost|p2a: Archaludon|spa|1
|-anim|p2a: Archaludon|Electro Shot|p1b: Basculegion
|-supereffective|p1b: Basculegion|1
|-damage|p1b: Basculegion|0 fnt
|faint|p1b: Basculegion
|
|-weather|RainDance|[upkeep]
|-heal|p2a: Archaludon|73/100|[from] item: Leftovers
|upkeep
|
|t:|1784675710
|switch|p1a: Floette|Floette-Eternal, L50, F|100/100
|switch|p1b: Kingambit|Kingambit, L50, M|100/100
|turn|4
|inactive|Fujin_20260416 has 30 seconds left.
|inactive|Fujin_20260416 has 20 seconds left.
|
|t:|1784675749
|detailschange|p1a: Floette|Floette-Mega, L50, F
|-mega|p1a: Floette|Floette|Floettite
|-ability|p1a: Floette|Fairy Aura
|move|p1b: Kingambit|Sucker Punch|p2b: Swampert
|-damage|p2b: Swampert|58/100
|move|p1a: Floette|Dazzling Gleam|p2b: Swampert|[spread] p2a,p2b
|-damage|p2a: Archaludon|26/100
|-damage|p2b: Swampert|12/100
|-ability|p2a: Archaludon|Stamina|boost
|-boost|p2a: Archaludon|def|1
|move|p2b: Swampert|Wave Crash|p1a: Floette
|-damage|p1a: Floette|0 fnt
|faint|p1a: Floette
|-damage|p2b: Swampert|0 fnt|[from] Recoil
|faint|p2b: Swampert
|move|p2a: Archaludon|Electro Shot||[still]
|-prepare|p2a: Archaludon|Electro Shot
|-boost|p2a: Archaludon|spa|1
|-anim|p2a: Archaludon|Electro Shot|p1b: Kingambit
|-damage|p1b: Kingambit|16/100
|
|-weather|RainDance|[upkeep]
|-heal|p2a: Archaludon|32/100|[from] item: Leftovers
|upkeep
|
|t:|1784675765
|switch|p2b: Basculegion|Basculegion, L50, M, shiny|100/100
|turn|5
|
|t:|1784675771
|move|p2b: Basculegion|Aqua Jet|p1b: Kingambit
|-damage|p1b: Kingambit|0 fnt
|faint|p1b: Kingambit
|
|win|labiamg
||Fujin_20260416 is ready for game 2.
|inactive|labiamg has 30 seconds to confirm battle start!
||labiamg is ready for game 2.
|uhtml|next|Next: Game 2 of 3
|l|☆labiamg
|player|p2|
