|j|☆thebrickwall285
|j|☆crescentsoul
|html|thebrickwall285crescentsoul    
|uhtml|bestof|Game 1 of a best-of-3
|t:|1785072226
|gametype|doubles
|player|p1|thebrickwall285|266|1099
|player|p2|crescentsoul|steven|1183
|gen|9
|tier|[Gen 9 Champions] VGC 2026 Reg M-B (Bo3)
|rated|
|rule|Species Clause: Limit one of each Pokémon
|rule|Item Clause: Limit 1 of each item
|clearpoke
|poke|p1|Scovillain, L50, M|
|poke|p1|Aerodactyl, L50, F|
|poke|p1|Sylveon, L50, M|
|poke|p1|Salazzle, L50, F|
|poke|p1|Meowstic, L50, M|
|poke|p1|Kingambit, L50, M|
|poke|p2|Glimmora, L50, M|
|poke|p2|Ninetales-Alola, L50, M|
|poke|p2|Talonflame, L50, M|
|poke|p2|Basculegion, L50, M|
|poke|p2|Kommo-o, L50, F|
|poke|p2|Kingambit, L50, F|
|teampreview|4
|showteam|p1|Scovillain||Scovillainite|Chlorophyll|Flamethrower,GigaDrain,RagePowder,LeechSeed|Modest||M|||50|]Aerodactyl||Aerodactylite|RockHead|DragonClaw,Tailwind,DualWingbeat,RockSlide|Jolly||F|||50|]Sylveon||SitrusBerry|Pixilate|CalmMind,Protect,HyperVoice,ShadowBall|Modest||M|||50|]Salazzle||ShellBell|Corrosion|FakeOut,Flamethrower,SludgeBomb,Toxic|Hasty||F|||50|]Meowstic||FocusSash|Prankster|FakeOut,TrickRoom,Psychic,SunnyDay|Sassy||M|||50|]Kingambit||Leftovers|Defiant|IronHead,LowKick,SuckerPunch,KowtowCleave|Adamant||M|||50|
|showteam|p2|Glimmora||Glimmoranite|ToxicDebris|PowerGem,SludgeBomb,EarthPower,SpikyShield|Modest||M|||50|]Ninetales-Alola||NeverMeltIce|SnowWarning|Blizzard,FreezeDry,AuroraVeil,Protect|Timid||M|||50|]Talonflame||SharpBeak|GaleWings|DualWingbeat,FlareBlitz,Tailwind,QuickGuard|Jolly||M|||50|]Basculegion||ChoiceScarf|Adaptability|WaveCrash,AquaJet,FlipTurn,LastRespects|Jolly||M|||50|]Kommo-o||LifeOrb|Soundproof|ClangingScales,DracoMeteor,AuraSphere,Protect|Modest||F|||50|]Kingambit||FocusSash|Defiant|SuckerPunch,KowtowCleave,IronHead,LowKick|Adamant||F|||50|
|
|t:|1785072259
|teamsize|p1|4
|teamsize|p2|4
|start
|switch|p1a: Meowstic|Meowstic, L50, M|100/100
|switch|p1b: Aerodactyl|Aerodactyl, L50, F|100/100
|switch|p2a: Talonflame|Talonflame, L50, M|100/100
|switch|p2b: Basculegion|Basculegion, L50, M|100/100
|turn|1
|
|t:|1785072273
|switch|p1b: Kingambit|Kingambit, L50, M|100/100
|move|p2a: Talonflame|Quick Guard|p2a: Talonflame
|-singleturn|p2a: Talonflame|Quick Guard
|move|p1a: Meowstic|Fake Out|p2a: Talonflame
|-activate|p2a: Talonflame|move: Quick Guard
|move|p2b: Basculegion|Wave Crash|p1b: Kingambit
|-damage|p1b: Kingambit|45/100
|-damage|p2b: Basculegion|81/100|[from] Recoil
|
|-heal|p1b: Kingambit|51/100|[from] item: Leftovers
|upkeep
|turn|2
|
|t:|1785072297
|switch|p2b: Glimmora|Glimmora, L50, M|100/100
|move|p2a: Talonflame|Flare Blitz|p1b: Kingambit
|-supereffective|p1b: Kingambit|1
|-damage|p1b: Kingambit|0 fnt
|faint|p1b: Kingambit
|-damage|p2a: Talonflame|77/100|[from] Recoil
|move|p1a: Meowstic|Psychic|p2a: Talonflame
|-damage|p2a: Talonflame|36/100
|
|upkeep
|
|t:|1785072304
|switch|p1b: Aerodactyl|Aerodactyl, L50, F|100/100
|turn|3
|
|t:|1785072322
|detailschange|p1b: Aerodactyl|Aerodactyl-Mega, L50, F
|-mega|p1b: Aerodactyl|Aerodactyl|Aerodactylite
|detailschange|p2b: Glimmora|Glimmora-Mega, L50, M
|-mega|p2b: Glimmora|Glimmora|Glimmoranite
|move|p1b: Aerodactyl|Rock Slide|p2b: Glimmora|[spread] p2b
|-miss|p1b: Aerodactyl|p2a: Talonflame
|-damage|p2b: Glimmora|69/100
|move|p2a: Talonflame|Flare Blitz|p1a: Meowstic
|-damage|p1a: Meowstic|48/100
|-damage|p2a: Talonflame|16/100|[from] Recoil
|move|p2b: Glimmora|Power Gem|p1b: Aerodactyl
|-supereffective|p1b: Aerodactyl|1
|-damage|p1b: Aerodactyl|0 fnt
|faint|p1b: Aerodactyl
|move|p1a: Meowstic|Psychic|p2b: Glimmora
|-supereffective|p2b: Glimmora|1
|-damage|p2b: Glimmora|6/100
|
|upkeep
|
|t:|1785072334
|switch|p1b: Salazzle|Salazzle, L50, F|100/100
|turn|4
|
|t:|1785072357
|move|p1b: Salazzle|Fake Out|p2b: Glimmora
|-resisted|p2b: Glimmora|1
|-damage|p2b: Glimmora|1/100
|move|p2a: Talonflame|Tailwind|p2a: Talonflame
|-sidestart|p2: crescentsoul|move: Tailwind
|cant|p2b: Glimmora|flinch
|move|p1a: Meowstic|Psychic|p2b: Glimmora
|-supereffective|p2b: Glimmora|1
|-damage|p2b: Glimmora|0 fnt
|faint|p2b: Glimmora
|
|upkeep
|
|t:|1785072364
|switch|p2b: Basculegion|Basculegion, L50, M|81/100
|turn|5
|
|t:|1785072372
|move|p2b: Basculegion|Wave Crash|p1a: Meowstic
|-damage|p1a: Meowstic|0 fnt
|faint|p1a: Meowstic
|-damage|p2b: Basculegion|66/100|[from] Recoil
|move|p2a: Talonflame|Flare Blitz|p1b: Salazzle
|-resisted|p1b: Salazzle|1
|-damage|p1b: Salazzle|52/100
|-damage|p2a: Talonflame|1/100|[from] Recoil
|move|p1b: Salazzle|Toxic|p2b: Basculegion
|-status|p2b: Basculegion|tox
|
|-damage|p2b: Basculegion|60/100 tox|[from] psn
|upkeep
|turn|6
|j| tedidn
|
|t:|1785072385
|move|p2b: Basculegion|Wave Crash|p1b: Salazzle
|-supereffective|p1b: Salazzle|1
|-damage|p1b: Salazzle|0 fnt
|faint|p1b: Salazzle
|-damage|p2b: Basculegion|47/100 tox|[from] Recoil
|
|win|crescentsoul
