|j|☆SuperBoke
|j|☆nikolasnaiz
|html|SuperBokenikolasnaiz    
|uhtml|bestof|Game 3 of a best-of-3
|t:|1756826372
|gametype|doubles
|player|p1|SuperBoke|steven|1194
|player|p2|nikolasnaiz|larry|1300
|gen|9
|tier|[Gen 9] VGC 2025 Reg H (Bo3)
|rated|
|rule|Species Clause: Limit one of each Pokémon
|rule|Item Clause: Limit 1 of each item
|clearpoke
|poke|p1|Grimmsnarl, L50, M|
|poke|p1|Archaludon, L50, M|
|poke|p1|Sinistcha, L50|
|poke|p1|Pelipper, L50, F|
|poke|p1|Maushold, L50|
|poke|p1|Annihilape, L50, F|
|poke|p2|Dragonite, L50, F|
|poke|p2|Ursaluna-Bloodmoon, L50, M|
|poke|p2|Annihilape, L50, M|
|poke|p2|Volcarona, L50, M|
|poke|p2|Rillaboom, L50, F|
|poke|p2|Incineroar, L50, M|
|teampreview|4
|showteam|p1|Grimmsnarl||LightClay|Prankster|SpiritBreak,LightScreen,Reflect,ThunderWave|||M|||50|,,,,,Ghost]Archaludon||AssaultVest|Stamina|ElectroShot,FlashCannon,BodyPress,Snarl|||M|||50|,,,,,Grass]Sinistcha||SitrusBerry|Hospitality|MatchaGotcha,LifeDew,RagePowder,TrickRoom||||||50|,,,,,Dark]Pelipper||FocusSash|Drizzle|Hurricane,WeatherBall,Tailwind,Protect|||F|||50|,,,,,Ghost]Maushold||SafetyGoggles|FriendGuard|BeatUp,Taunt,FollowMe,Protect||||||50|,,,,,Ghost]Annihilape||Leftovers|Defiant|DrainPunch,RageFist,BulkUp,Protect|||F|||50|,,,,,Water
|showteam|p2|Dragonite||LoadedDice|Multiscale|Protect,ScaleShot,Tailwind,Haze|||F|||50|,,,,,Steel]Ursaluna-Bloodmoon||FocusSash|MindsEye|Protect,BloodMoon,EarthPower,HyperVoice|||M|||50|,,,,,Normal]Annihilape||LumBerry|Defiant|Protect,RageFist,CloseCombat,Taunt|||M|||50|,,,,,Fire]Volcarona||CovertCloak|FlameBody|Protect,QuiverDance,HeatWave,TeraBlast|||M|||50|,,,,,Fairy]Rillaboom||AssaultVest|GrassySurge|FakeOut,WoodHammer,GrassyGlide,HighHorsepower|||F|||50|,,,,,Fire]Incineroar||SafetyGoggles|Intimidate|FakeOut,PartingShot,FlareBlitz,KnockOff|||M|||50|,,,,,Ghost
|inactive|Battle timer is ON: inactive players will automatically lose when time's up. (requested by nikolasnaiz)
|
|t:|1756826402
|teamsize|p1|4
|teamsize|p2|4
|start
|switch|p1a: Maushold|Maushold, L50|100/100
|switch|p1b: Archaludon|Archaludon, L50, M|100/100
|switch|p2a: Annihilape|Annihilape, L50, M, shiny|100/100
|switch|p2b: Ursaluna|Ursaluna-Bloodmoon, L50, M|100/100
|turn|1
|
|t:|1756826415
|move|p1a: Maushold|Beat Up|p1b: Archaludon
|-damage|p1b: Archaludon|99/100
|-ability|p1b: Archaludon|Stamina|boost
|-boost|p1b: Archaludon|def|1
|-damage|p1b: Archaludon|98/100
|-ability|p1b: Archaludon|Stamina|boost
|-boost|p1b: Archaludon|def|1
|-damage|p1b: Archaludon|98/100
|-ability|p1b: Archaludon|Stamina|boost
|-boost|p1b: Archaludon|def|1
|-damage|p1b: Archaludon|97/100
|-ability|p1b: Archaludon|Stamina|boost
|-boost|p1b: Archaludon|def|1
|-hitcount|p1b: Archaludon|4
|move|p2a: Annihilape|Close Combat|p1a: Maushold
|-supereffective|p1a: Maushold
|-damage|p1a: Maushold|0 fnt
|-unboost|p2a: Annihilape|def|1
|-unboost|p2a: Annihilape|spd|1
|faint|p1a: Maushold
|move|p2b: Ursaluna|Hyper Voice|p1b: Archaludon
|-resisted|p1b: Archaludon
|-damage|p1b: Archaludon|81/100
|-ability|p1b: Archaludon|Stamina|boost
|-boost|p1b: Archaludon|def|1
|move|p1b: Archaludon|Body Press|p2b: Ursaluna
|-supereffective|p2b: Ursaluna
|-enditem|p2b: Ursaluna|Focus Sash
|-damage|p2b: Ursaluna|1/100
|
|upkeep
|
|t:|1756826424
|switch|p1a: Sinistcha|Sinistcha, L50|100/100
|-heal|p1b: Archaludon|100/100|[from] ability: Hospitality|[of] p1a: Sinistcha
|turn|2
|
|t:|1756826444
|move|p2b: Ursaluna|Protect|p2b: Ursaluna
|-singleturn|p2b: Ursaluna|Protect
|move|p2a: Annihilape|Taunt|p1a: Sinistcha
|-start|p1a: Sinistcha|move: Taunt
|move|p1b: Archaludon|Flash Cannon|p2a: Annihilape
|-damage|p2a: Annihilape|56/100
|move|p1a: Sinistcha|Matcha Gotcha|p2a: Annihilape|[spread] p2a
|-activate|p2b: Ursaluna|move: Protect
|-damage|p2a: Annihilape|27/100
|
|upkeep
|turn|3
|
|t:|1756826466
|-terastallize|p1a: Sinistcha|Dark
|move|p2a: Annihilape|Rage Fist|p1a: Sinistcha
|-resisted|p1a: Sinistcha
|-damage|p1a: Sinistcha|71/100
|move|p2b: Ursaluna|Earth Power|p1b: Archaludon
|-supereffective|p1b: Archaludon
|-damage|p1b: Archaludon|33/100
|-ability|p1b: Archaludon|Stamina|boost
|-boost|p1b: Archaludon|def|1
|move|p1b: Archaludon|Body Press|p2a: Annihilape
|-immune|p2a: Annihilape
|move|p1a: Sinistcha|Matcha Gotcha|p2b: Ursaluna|[spread] p2a,p2b
|-supereffective|p2b: Ursaluna
|-damage|p2a: Annihilape|0 fnt
|-heal|p1a: Sinistcha|85/100|[from] drain|[of] p2a: Annihilape
|-damage|p2b: Ursaluna|0 fnt
|-heal|p1a: Sinistcha|86/100|[from] drain|[of] p2b: Ursaluna
|faint|p2a: Annihilape
|faint|p2b: Ursaluna
|
|upkeep
|
|t:|1756826472
|switch|p2a: Rillaboom|Rillaboom, L50, F|100/100
|switch|p2b: Volcarona|Volcarona, L50, M|100/100
|-fieldstart|move: Grassy Terrain|[from] ability: Grassy Surge|[of] p2a: Rillaboom
|turn|4
|inactive|nikolasnaiz has 30 seconds left.
|
|t:|1756826502
|switch|p1a: Pelipper|Pelipper, L50, F|100/100
|-weather|RainDance|[from] ability: Drizzle|[of] p1a: Pelipper
|move|p2b: Volcarona|Heat Wave|p1a: Pelipper|[spread] p1a,p1b
|-resisted|p1a: Pelipper
|-damage|p1a: Pelipper|85/100
|-damage|p1b: Archaludon|24/100
|move|p2a: Rillaboom|Wood Hammer|p1a: Pelipper
|-damage|p1a: Pelipper|0 fnt
|faint|p1a: Pelipper
|-damage|p2a: Rillaboom|82/100|[from] Recoil
|move|p1b: Archaludon|Body Press|p2a: Rillaboom
|-damage|p2a: Rillaboom|0 fnt
|faint|p2a: Rillaboom
|
|-weather|RainDance|[upkeep]
|-heal|p1b: Archaludon|30/100|[from] Grassy Terrain
|upkeep
|inactive|SuperBoke has 30 seconds left.
|
|t:|1756826534
|switch|p1a: Sinistcha|Sinistcha, L50, tera:Dark|86/100
|-heal|p1b: Archaludon|55/100|[from] ability: Hospitality|[of] p1a: Sinistcha
|turn|5
|
|t:|1756826544
|-terastallize|p2b: Volcarona|Fairy
|move|p2b: Volcarona|Quiver Dance|p2b: Volcarona
|-boost|p2b: Volcarona|spa|1
|-boost|p2b: Volcarona|spd|1
|-boost|p2b: Volcarona|spe|1
|move|p1b: Archaludon|Electro Shot||[still]
|-prepare|p1b: Archaludon|Electro Shot
|-boost|p1b: Archaludon|spa|1
|-anim|p1b: Archaludon|Electro Shot|p2b: Volcarona
|-damage|p2b: Volcarona|65/100
|move|p1a: Sinistcha|Life Dew|p1a: Sinistcha|[spread] p1a,p1b
|-heal|p1a: Sinistcha|100/100
|-heal|p1b: Archaludon|80/100
|
|-weather|RainDance|[upkeep]
|-heal|p2b: Volcarona|71/100|[from] Grassy Terrain
|-heal|p1b: Archaludon|86/100|[from] Grassy Terrain
|upkeep
|turn|6
|
|t:|1756826550
|move|p2b: Volcarona|Tera Blast|p1a: Sinistcha|[anim] Tera Blast Fairy
|-supereffective|p1a: Sinistcha
|-damage|p1a: Sinistcha|2/100
|-enditem|p1a: Sinistcha|Sitrus Berry|[eat]
|-heal|p1a: Sinistcha|26/100|[from] item: Sitrus Berry
|move|p1b: Archaludon|Electro Shot||[still]
|-prepare|p1b: Archaludon|Electro Shot
|-boost|p1b: Archaludon|spa|1
|-anim|p1b: Archaludon|Electro Shot|p2b: Volcarona
|-damage|p2b: Volcarona|22/100
|move|p1a: Sinistcha|Trick Room|p1a: Sinistcha
|-fieldstart|move: Trick Room|[of] p1a: Sinistcha
|
|-weather|RainDance|[upkeep]
|-heal|p1a: Sinistcha|33/100|[from] Grassy Terrain
|-heal|p1b: Archaludon|92/100|[from] Grassy Terrain
|-heal|p2b: Volcarona|29/100|[from] Grassy Terrain
|upkeep
|turn|7
|
|t:|1756826556
|move|p1a: Sinistcha|Life Dew|p1a: Sinistcha|[spread] p1a,p1b
|-heal|p1a: Sinistcha|58/100
|-heal|p1b: Archaludon|100/100
|move|p1b: Archaludon|Flash Cannon|p2b: Volcarona
|-supereffective|p2b: Volcarona
|-damage|p2b: Volcarona|0 fnt
|faint|p2b: Volcarona
|
|win|SuperBoke
|raw|SuperBoke's rating: 1194 → 1226(+32 for winning)
|raw|nikolasnaiz's rating: 1300 → 1268(-32 for losing)
