|j|☆Scobie
|j|☆KingNoahC17
|html|ScobieKingNoahC17    
|uhtml|bestof|Game 2 of a best-of-3
|t:|1756591597
|gametype|doubles
|player|p1|Scobie|veteran-gen4|1074
|player|p2|KingNoahC17|alec-anime|1090
|gen|9
|tier|[Gen 9] VGC 2025 Reg H (Bo3)
|rated|
|rule|Species Clause: Limit one of each Pokémon
|rule|Item Clause: Limit 1 of each item
|clearpoke
|poke|p1|Incineroar, L50, M|
|poke|p1|Sneasler, L50, M|
|poke|p1|Rillaboom, L50, M|
|poke|p1|Ursaluna-Bloodmoon, L50, M|
|poke|p1|Murkrow, L50, M|
|poke|p1|Gholdengo, L50|
|poke|p2|Hydreigon, L50, F|
|poke|p2|Amoonguss, L50, F|
|poke|p2|Incineroar, L50, F|
|poke|p2|Porygon2, L50|
|poke|p2|Ursaluna, L50, F|
|poke|p2|Gholdengo, L50|
|teampreview|4
|showteam|p1|Incineroar||SafetyGoggles|Intimidate|FakeOut,KnockOff,FlareBlitz,PartingShot|||M|||50|,,,,,Ghost]Sneasler||WhiteHerb|Unburden|DireClaw,CloseCombat,FakeOut,Protect|||M|||50|,,,,,Stellar]Rillaboom||MiracleSeed|GrassySurge|WoodHammer,GrassyGlide,FakeOut,Protect|||M|||50|,,,,,Grass]Ursaluna-Bloodmoon||LifeOrb|MindsEye|BloodMoon,HyperVoice,EarthPower,Protect|||M|||50|,,,,,Normal]Murkrow||CovertCloak|Prankster|Tailwind,RainDance,Haze,FoulPlay|||M|||50|,,,,,Dark]Gholdengo||Leftovers|GoodasGold|Protect,NastyPlot,MakeItRain,ShadowBall||||||50|,,,,,Normal
|showteam|p2|Hydreigon||CovertCloak|Levitate|DracoMeteor,Snarl,Protect,Tailwind|||F|||50|,,,,,Poison]Amoonguss||SitrusBerry|Regenerator|Spore,RagePowder,Protect,PollenPuff|||F|||50|,,,,,Water]Incineroar||SafetyGoggles|Intimidate|FakeOut,KnockOff,FlareBlitz,PartingShot|||F|||50|,,,,,Ghost]Porygon2||Eviolite|Download|TrickRoom,IceBeam,Recover,TeraBlast||||||50|,,,,,Fighting]Ursaluna||FlameOrb|Guts|HeadlongRush,Facade,Protect,Earthquake|||F|||50|,,,,,Ghost]Gholdengo||LifeOrb|GoodasGold|MakeItRain,ShadowBall,Protect,NastyPlot||||||50|,,,,,Water
|inactive|Battle timer is ON: inactive players will automatically lose when time's up. (requested by KingNoahC17)
|inactive|Scobie has 60 seconds left.
|inactive|KingNoahC17 has 60 seconds left.
|
|t:|1756591647
|teamsize|p1|4
|teamsize|p2|4
|start
|switch|p1a: Ursaluna|Ursaluna-Bloodmoon, L50, M|100/100
|switch|p1b: Incineroar|Incineroar, L50, M|100/100
|switch|p2a: Hydreigon|Hydreigon, L50, F|100/100
|switch|p2b: Ursaluna|Ursaluna, L50, F|100/100
|-ability|p1b: Incineroar|Intimidate|boost
|-unboost|p2a: Hydreigon|atk|1
|-unboost|p2b: Ursaluna|atk|1
|turn|1
|
|t:|1756591666
|move|p2a: Hydreigon|Protect|p2a: Hydreigon
|-singleturn|p2a: Hydreigon|Protect
|move|p2b: Ursaluna|Protect|p2b: Ursaluna
|-singleturn|p2b: Ursaluna|Protect
|move|p1b: Incineroar|Fake Out|p2a: Hydreigon
|-activate|p2a: Hydreigon|move: Protect
|move|p1a: Ursaluna|Blood Moon|p2a: Hydreigon
|-activate|p2a: Hydreigon|move: Protect
|
|-status|p2b: Ursaluna|brn|[from] item: Flame Orb
|upkeep
|turn|2
|
|t:|1756591679
|move|p2a: Hydreigon|Draco Meteor|p1b: Incineroar
|-damage|p1b: Incineroar|49/100
|-unboost|p2a: Hydreigon|spa|2
|move|p1a: Ursaluna|Hyper Voice|p2a: Hydreigon|[spread] p2a,p2b
|-damage|p2a: Hydreigon|40/100
|-damage|p2b: Ursaluna|49/100 brn
|-damage|p1a: Ursaluna|91/100|[from] item: Life Orb
|move|p2b: Ursaluna|Earthquake|p1b: Incineroar|[spread] p1a,p1b
|-immune|p2a: Hydreigon|[from] ability: Levitate
|-supereffective|p1b: Incineroar
|-damage|p1a: Ursaluna|55/100
|-damage|p1b: Incineroar|0 fnt
|faint|p1b: Incineroar
|
|-damage|p2b: Ursaluna|43/100 brn|[from] brn
|upkeep
|
|t:|1756591693
|switch|p1b: Rillaboom|Rillaboom, L50, M|100/100
|-fieldstart|move: Grassy Terrain|[from] ability: Grassy Surge|[of] p1b: Rillaboom
|turn|3
|
|t:|1756591700
|switch|p2b: Incineroar|Incineroar, L50, F|100/100
|-ability|p2b: Incineroar|Intimidate|boost
|-unboost|p1a: Ursaluna|atk|1
|-unboost|p1b: Rillaboom|atk|1
|move|p1b: Rillaboom|Grassy Glide|p2b: Incineroar
|-resisted|p2b: Incineroar
|-damage|p2b: Incineroar|86/100
|move|p2a: Hydreigon|Tailwind|p2a: Hydreigon
|-sidestart|p2: KingNoahC17|move: Tailwind
|move|p1a: Ursaluna|Hyper Voice|p2b: Incineroar|[spread] p2a,p2b
|-crit|p2a: Hydreigon
|-damage|p2a: Hydreigon|0 fnt
|-damage|p2b: Incineroar|38/100
|faint|p2a: Hydreigon
|-damage|p1a: Ursaluna|45/100|[from] item: Life Orb
|
|-heal|p2b: Incineroar|44/100|[from] Grassy Terrain
|-heal|p1a: Ursaluna|51/100|[from] Grassy Terrain
|upkeep
|
|t:|1756591717
|switch|p2a: Gholdengo|Gholdengo, L50|100/100
|turn|4
|
|t:|1756591723
|move|p2b: Incineroar|Fake Out|p1a: Ursaluna
|-damage|p1a: Ursaluna|40/100
|move|p1b: Rillaboom|Fake Out||[still]
|-hint|Fake Out only works on your first turn out.
|-fail|p1b: Rillaboom
|move|p2a: Gholdengo|Nasty Plot|p2a: Gholdengo
|-boost|p2a: Gholdengo|spa|2
|cant|p1a: Ursaluna|flinch
|
|-heal|p2b: Incineroar|50/100|[from] Grassy Terrain
|-heal|p1a: Ursaluna|46/100|[from] Grassy Terrain
|upkeep
|turn|5
|inactive|Scobie has 30 seconds left.
|
|t:|1756591754
|move|p1b: Rillaboom|Protect|p1b: Rillaboom
|-singleturn|p1b: Rillaboom|Protect
|move|p2a: Gholdengo|Make It Rain|p1a: Ursaluna|[spread] p1a
|-activate|p1b: Rillaboom|move: Protect
|-damage|p1a: Ursaluna|0 fnt
|-unboost|p2a: Gholdengo|spa|1
|faint|p1a: Ursaluna
|-damage|p2a: Gholdengo|91/100|[from] item: Life Orb
|move|p2b: Incineroar|Flare Blitz|p1b: Rillaboom
|-activate|p1b: Rillaboom|move: Protect
|
|-heal|p2a: Gholdengo|97/100|[from] Grassy Terrain
|-heal|p2b: Incineroar|57/100|[from] Grassy Terrain
|upkeep
|
|t:|1756591764
|switch|p1a: Gholdengo|Gholdengo, L50|100/100
|turn|6
|
|t:|1756591775
|-terastallize|p1a: Gholdengo|Normal
|move|p2a: Gholdengo|Make It Rain|p1b: Rillaboom|[spread] p1a,p1b
|-damage|p1a: Gholdengo|2/100
|-damage|p1b: Rillaboom|0 fnt
|-unboost|p2a: Gholdengo|spa|1
|faint|p1b: Rillaboom
|-damage|p2a: Gholdengo|87/100|[from] item: Life Orb
|move|p2b: Incineroar|Flare Blitz|p1a: Gholdengo
|-damage|p1a: Gholdengo|0 fnt
|faint|p1a: Gholdengo
|-damage|p2b: Incineroar|56/100|[from] Recoil
|
|win|KingNoahC17
||KingNoahC17 is ready for game 3.
||Scobie is ready for game 3.
|uhtml|next|Next: Game 3 of 3
