|j|☆FlashStatic
|j|☆Glacia20
|html|FlashStaticGlacia20    
|uhtml|bestof|Game 2 of a best-of-3
|t:|1785271973
|gametype|doubles
|player|p1|FlashStatic|palmer|
|player|p2|Glacia20|hilda-wonderlauncher|
|gen|9
|tier|[Gen 9 Champions] VGC 2026 Reg M-B (Bo3)
|rule|Species Clause: Limit one of each Pokémon
|rule|Item Clause: Limit 1 of each item
|clearpoke
|poke|p1|Greninja, L50, F, shiny|
|poke|p1|Starmie, L50|
|poke|p1|Metagross, L50, shiny|
|poke|p1|Talonflame, L50, M|
|poke|p1|Toxicroak, L50, F|
|poke|p1|Volcarona, L50, F, shiny|
|poke|p2|Floette-Eternal, L50, F|
|poke|p2|Aerodactyl, L50, M|
|poke|p2|Goodra-Hisui, L50, F|
|poke|p2|Kommo-o, L50, F, shiny|
|poke|p2|Heliolisk, L50, F|
|poke|p2|Gliscor, L50, F|
|teampreview|4
|showteam|p1|Greninja||Greninjite|Protean|GunkShot,Waterfall,BrickBreak,IcePunch|Jolly||F|||50|]Starmie||ChoiceScarf|NaturalCure|IceBeam,Psychic,DazzlingGleam,Scald|Modest|||||50|]Metagross||Metagrossite|ClearBody|BodyPress,MeteorMash,IcePunch,PsychicFangs|Jolly|||||50|]Talonflame||FocusSash|GaleWings|Tailwind,DualWingbeat,UpperHand,FlareBlitz|Jolly||M|||50|]Toxicroak||LumBerry|PoisonTouch|IcePunch,SuckerPunch,DrainPunch,PoisonJab|Jolly||F|||50|]Volcarona||LifeOrb|FlameBody|BugBuzz,FieryDance,Psychic,QuiverDance|Modest||F|||50|
|showteam|p2|Floette-Eternal||Floettite|FlowerVeil|DazzlingGleam,Moonblast,Protect,CalmMind|Timid||F|||50|]Aerodactyl||Aerodactylite|Pressure|Tailwind,StealthRock,RockSlide,DualWingbeat|Jolly||M|||50|]Goodra-Hisui||WiseGlasses|Gooey|Protect,DragonPulse,Thunderbolt,Flamethrower|Modest||F|||50|]Kommo-o||SitrusBerry|Overcoat|ClangorousSoul,DragonClaw,DrainPunch,RockSlide|Jolly||F|||50|]Heliolisk||ShucaBerry|SolarPower|VoltSwitch,Glare,DragonPulse,Protect|Timid||F|||50|]Gliscor||ChoiceScarf|HyperCutter|Earthquake,RockSlide,Uturn,Crunch|Jolly||F|||50|
|inactive|Battle timer is ON: inactive players will automatically lose when time's up. (requested by FlashStatic)
|
|t:|1785272008
|teamsize|p1|4
|teamsize|p2|4
|start
|switch|p1a: Toxicroak|Toxicroak, L50, F|100/100
|switch|p1b: Starmie|Starmie, L50|100/100
|switch|p2a: Heliolisk|Heliolisk, L50, F|100/100
|switch|p2b: Goodra|Goodra-Hisui, L50, F|100/100
|turn|1
|inactive|FlashStatic has 30 seconds left.
|
|t:|1785272033
|move|p2b: Goodra|Protect|p2b: Goodra
|-singleturn|p2b: Goodra|Protect
|move|p1b: Starmie|Dazzling Gleam|p2b: Goodra|[spread] p2a
|-activate|p2b: Goodra|move: Protect
|-damage|p2a: Heliolisk|73/100
|move|p2a: Heliolisk|Glare|p1b: Starmie
|-status|p1b: Starmie|par
|move|p1a: Toxicroak|Drain Punch|p2a: Heliolisk
|-supereffective|p2a: Heliolisk|1
|-damage|p2a: Heliolisk|0 fnt
|faint|p2a: Heliolisk
|
|upkeep
|
|t:|1785272044
|switch|p2a: Aerodactyl|Aerodactyl, L50, M|100/100
|-ability|p2a: Aerodactyl|Pressure
|turn|2
|
|t:|1785272061
|switch|p1a: Greninja|Greninja, L50, F, shiny|100/100
|-curestatus|p1b: Starmie|par|[from] ability: Natural Cure|[silent]
|switch|p1b: Metagross|Metagross, L50, shiny|100/100
|detailschange|p2a: Aerodactyl|Aerodactyl-Mega, L50, M
|-mega|p2a: Aerodactyl|Aerodactyl|Aerodactylite
|move|p2a: Aerodactyl|Dual Wingbeat|p1a: Greninja
|-damage|p1a: Greninja|61/100
|-damage|p1a: Greninja|20/100y
|-hitcount|p1a: Greninja|2
|move|p2b: Goodra|Thunderbolt|p1b: Metagross
|-damage|p1b: Metagross|55/100
|
|upkeep
|turn|3
|inactive|Glacia20 has 30 seconds left.
|inactive|FlashStatic has 30 seconds left.
|inactive|Glacia20 has 20 seconds left.
|inactive|FlashStatic has 20 seconds left.
|
|t:|1785272110
|detailschange|p1b: Metagross|Metagross-Mega, L50, shiny
|-mega|p1b: Metagross|Metagross|Metagrossite
|move|p2a: Aerodactyl|Tailwind|p2a: Aerodactyl
|-sidestart|p2: Glacia20|move: Tailwind
|move|p1a: Greninja|Brick Break|p2b: Goodra
|-start|p1a: Greninja|typechange|Fighting|[from] ability: Protean
|-supereffective|p2b: Goodra|1
|-damage|p2b: Goodra|42/100
|-ability|p2b: Goodra|Gooey
|-unboost|p1a: Greninja|spe|1
|move|p1b: Metagross|Body Press|p2b: Goodra
|-supereffective|p2b: Goodra|1
|-damage|p2b: Goodra|0 fnt
|-ability|p2b: Goodra|Gooey
|-unboost|p1b: Metagross|spe|1
|faint|p2b: Goodra
|
|upkeep
|
|t:|1785272122
|switch|p2b: Kommo-o|Kommo-o, L50, F, shiny|100/100
|turn|4
|inactive|Glacia20 has 30 seconds left.
|
|t:|1785272153
|move|p2a: Aerodactyl|Rock Slide|p1a: Greninja|[spread] p1a,p1b
|-resisted|p1a: Greninja|1
|-resisted|p1b: Metagross|1
|-damage|p1a: Greninja|0 fnt
|-damage|p1b: Metagross|46/100
|faint|p1a: Greninja
|move|p2b: Kommo-o|Drain Punch|p1b: Metagross
|-crit|p1b: Metagross
|-damage|p1b: Metagross|5/100
|move|p1b: Metagross|Psychic Fangs|p2b: Kommo-o
|-supereffective|p2b: Kommo-o|1
|-damage|p2b: Kommo-o|0 fnt
|faint|p2b: Kommo-o
|
|upkeep
|
|t:|1785272166
|switch|p1a: Starmie|Starmie, L50|100/100
|turn|5
|
|t:|1785272174
|move|p2a: Aerodactyl|Rock Slide|p1a: Starmie|[spread] p1b
|-miss|p2a: Aerodactyl|p1a: Starmie
|-resisted|p1b: Metagross|1
|-damage|p1b: Metagross|0 fnt
|faint|p1b: Metagross
|move|p1a: Starmie|Scald|p2a: Aerodactyl
|-supereffective|p2a: Aerodactyl|1
|-damage|p2a: Aerodactyl|7/100
|
|upkeep
|
|t:|1785272182
|switch|p1b: Toxicroak|Toxicroak, L50, F|100/100
|turn|6
|
|t:|1785272188
|move|p1b: Toxicroak|Sucker Punch|p2a: Aerodactyl
|-damage|p2a: Aerodactyl|0 fnt
|faint|p2a: Aerodactyl
|
|win|FlashStatic
|c|☆FlashStatic|gg
