|j|☆naibot2814
|j|☆Professor_J93
|html|naibot2814Professor_J93    
|uhtml|bestof|Game 1 of a best-of-3
|t:|1783529746
|gametype|doubles
|player|p1|naibot2814|ghetsis|1374
|player|p2|Professor_J93|n|1350
|gen|9
|tier|[Gen 9 Champions] VGC 2026 Reg M-B (Bo3)
|rated|
|rule|Species Clause: Limit one of each Pokémon
|rule|Item Clause: Limit 1 of each item
|clearpoke
|poke|p1|Blastoise, L50, M|
|poke|p1|Incineroar, L50, M|
|poke|p1|Sneasler, L50, M|
|poke|p1|Sinistcha, L50|
|poke|p1|Kingambit, L50, M, shiny|
|poke|p1|Floette-Eternal, L50, F|
|poke|p2|Raichu, L50, F, shiny|
|poke|p2|Vivillon-Ocean, L50, M, shiny|
|poke|p2|Infernape, L50, M|
|poke|p2|Farigiraf, L50, F, shiny|
|poke|p2|Meganium, L50, F|
|poke|p2|Dragapult, L50, M|
|teampreview|4
|showteam|p1|Blastoise||Blastoisinite|Torrent|WaterSpout,DarkPulse,ShellSmash,Protect|Modest||M|||50|]Incineroar||SitrusBerry|Intimidate|FakeOut,FlareBlitz,DarkestLariat,PartingShot|Careful||M|||50|]Sneasler||FocusSash|PoisonTouch|FakeOut,CloseCombat,PoisonJab,RockTomb|Jolly||M|||50|]Sinistcha||KasibBerry|Hospitality|MatchaGotcha,TrickRoom,RagePowder,Protect|Bold|||||50|]Kingambit||BlackGlasses|Defiant|KowtowCleave,SuckerPunch,SwordsDance,Protect|Adamant||M|||50|]Floette-Eternal||Floettite|FlowerVeil|DrainingKiss,DazzlingGleam,CalmMind,Protect|Modest||F|||50|
|showteam|p2|Raichu||RaichuniteY|LightningRod|ZapCannon,FocusBlast,FakeOut,Protect|Modest||F|||50|]Vivillon-Ocean||FocusSash|CompoundEyes|Hurricane,Tailwind,SleepPowder,Protect|Timid||M|||50|]Infernape||Charcoal|Blaze|Overheat,FakeOut,Encore,Protect|Timid||M|||50|]Farigiraf||SitrusBerry|ArmorTail|Psyshock,Roar,TrickRoom,HelpingHand|Relaxed||F|||50|]Meganium||Meganiumite|Overgrow|SolarBeam,DazzlingGleam,WeatherBall,Protect|Modest||F|||50|]Dragapult||LifeOrb|ClearBody|DragonDarts,WillOWisp,PhantomForce,Protect|Jolly||M|||50|
|
|t:|1783529779
|teamsize|p1|4
|teamsize|p2|4
|start
|switch|p1a: Blastoise|Blastoise, L50, M|100/100
|switch|p1b: Sneasler|Sneasler, L50, M|100/100
|switch|p2a: Dragapult|Dragapult, L50, M|100/100
|switch|p2b: Serper|Infernape, L50, M|100/100
|turn|1
|
|t:|1783529791
|detailschange|p1a: Blastoise|Blastoise-Mega, L50, M
|-mega|p1a: Blastoise|Blastoise|Blastoisinite
|move|p1b: Sneasler|Fake Out|p2b: Serper
|-damage|p2b: Serper|78/100
|cant|p2b: Serper|flinch
|move|p2a: Dragapult|Dragon Darts|p1a: Blastoise
|-damage|p1a: Blastoise|74/100
|-anim|p2a: Dragapult|Dragon Darts|p1b: Sneasler
|-damage|p1b: Sneasler|52/100
|-damage|p2a: Dragapult|90/100|[from] item: Life Orb
|move|p1a: Blastoise|Dark Pulse|p2a: Dragapult
|-supereffective|p2a: Dragapult|1
|-damage|p2a: Dragapult|0 fnt
|faint|p2a: Dragapult
|
|upkeep
|
|t:|1783529807
|switch|p2a: Raichu|Raichu, L50, F, shiny|100/100
|turn|2
|
|t:|1783529815
|switch|p1b: Sinistcha|Sinistcha, L50|100/100
|-heal|p1a: Blastoise|99/100|[from] ability: Hospitality|[of] p1b: Sinistcha
|move|p1a: Blastoise|Protect|p1a: Blastoise
|-singleturn|p1a: Blastoise|Protect
|move|p2a: Raichu|Fake Out|p1b: Sinistcha
|-immune|p1b: Sinistcha
|move|p2b: Serper|Overheat|p1b: Sinistcha
|-supereffective|p1b: Sinistcha|1
|-damage|p1b: Sinistcha|0 fnt
|-unboost|p2b: Serper|spa|2
|faint|p1b: Sinistcha
|
|upkeep
|
|t:|1783529833
|switch|p1b: Sneasler|Sneasler, L50, M|52/100
|turn|3
|
|t:|1783529837
|switch|p2a: Farigiraf|Farigiraf, L50, F, shiny|100/100
|switch|p1a: Kingambit|Kingambit, L50, M, shiny|100/100
|move|p1b: Sneasler|Fake Out||[still]
|cant|p2a: Farigiraf|ability: Armor Tail|Fake Out|[of] p1b: Sneasler
|move|p2b: Serper|Encore||[still]
|-fail|p2b: Serper
|
|upkeep
|turn|4
|
|t:|1783529847
|move|p2b: Serper|Protect|p2b: Serper
|-singleturn|p2b: Serper|Protect
|move|p1b: Sneasler|Close Combat|p2b: Serper
|-activate|p2b: Serper|move: Protect
|move|p2a: Farigiraf|Psyshock|p1b: Sneasler
|-supereffective|p1b: Sneasler|2
|-damage|p1b: Sneasler|0 fnt
|faint|p1b: Sneasler
|move|p1a: Kingambit|Kowtow Cleave|p2a: Farigiraf
|-supereffective|p2a: Farigiraf|1
|-damage|p2a: Farigiraf|0 fnt
|faint|p2a: Farigiraf
|
|upkeep
|
|t:|1783529856
|switch|p1b: Blastoise|Blastoise-Mega, L50, M|99/100
|switch|p2a: Raichu|Raichu, L50, F, shiny|100/100
|turn|5
|
|t:|1783529877
|detailschange|p2a: Raichu|Raichu-Mega-Y, L50, F, shiny
|-mega|p2a: Raichu|Raichu|Raichunite Y
|move|p1a: Kingambit|Protect|p1a: Kingambit
|-singleturn|p1a: Kingambit|Protect
|move|p2a: Raichu|Zap Cannon|p1b: Blastoise
|-supereffective|p1b: Blastoise|1
|-damage|p1b: Blastoise|0 fnt
|faint|p1b: Blastoise
|move|p2b: Serper|Overheat|p1a: Kingambit
|-activate|p1a: Kingambit|move: Protect
|
|upkeep
|turn|6
|-message|naibot2814 forfeited.
|
|win|Professor_J93
|l|☆naibot2814
|player|p1|
||naibot2814 is ready for game 2.
||Professor_J93 is ready for game 2.
|uhtml|next|Next: Game 2 of 3
|l|☆Professor_J93
|player|p2|
|j|☆naibot2814
|player|p1|naibot2814|ghetsis|
