|j|☆lobitooooo
|j|☆lettitripppp
|html|lobitooooolettitripppp    
|uhtml|bestof|Game 2 of a best-of-3
|t:|1786076903
|gametype|doubles
|player|p1|lobitooooo|linebacker|1229
|player|p2|lettitripppp|lucas|1260
|gen|9
|tier|[Gen 9 Champions] VGC 2026 Reg M-B (Bo3)
|rated|
|rule|Species Clause: Limit one of each Pokémon
|rule|Item Clause: Limit 1 of each item
|clearpoke
|poke|p1|Garchomp, L50, F|
|poke|p1|Tyranitar, L50, F|
|poke|p1|Corviknight, L50, F|
|poke|p1|Scizor, L50, M|
|poke|p1|Basculegion, L50, M|
|poke|p1|Sneasler, L50, M|
|poke|p2|Froslass, L50, F|
|poke|p2|Scovillain, L50, M|
|poke|p2|Basculegion, L50, M|
|poke|p2|Kingambit, L50, M, shiny|
|poke|p2|Lycanroc-Dusk, L50, F, shiny|
|poke|p2|Sneasler, L50, F, shiny|
|teampreview|4
|showteam|p1|Garchomp||Garchompite|RoughSkin|EarthPower,Protect,DracoMeteor,PowerGem|Modest||F|||50|]Tyranitar||ChoiceScarf|SandStream|Superpower,IcePunch,RockSlide,KnockOff|Jolly||F|||50|]Corviknight||Leftovers|MirrorArmor|Protect,IronHead,Tailwind,BraveBird|Impish||F|||50|]Scizor||LifeOrb|Technician|Protect,SwordsDance,BugBite,BulletPunch|Adamant||M|||50|]Basculegion||SitrusBerry|Adaptability|AquaJet,Protect,LastRespects,WaveCrash|Jolly||M|||50|]Sneasler||FocusSash|PoisonTouch|PoisonJab,FakeOut,CloseCombat,Protect|Jolly||M|||50|
|showteam|p2|Froslass||Froslassite|CursedBody|Thunderbolt,ShadowBall,Blizzard,Protect|Timid||F|||50|]Scovillain||Scovillainite|Moody|RagePowder,GigaDrain,Overheat,Protect|Bold||M|||50|]Basculegion||MysticWater|Adaptability|LastRespects,WaveCrash,AquaJet,Protect|Adamant||M|||50|]Kingambit||LifeOrb|Defiant|KowtowCleave,SwordsDance,SuckerPunch,Protect|Adamant||M|||50|]Lycanroc-Dusk||FocusSash|ToughClaws|CloseCombat,Accelerock,RockSlide,Protect|Adamant||F|||50|]Sneasler||WhiteHerb|Unburden|CloseCombat,DireClaw,FakeOut,Protect|Adamant||F|||50|
|inactive|Battle timer is ON: inactive players will automatically lose when time's up. (requested by lettitripppp)
|inactive|lettitripppp has 60 seconds left.
|
|t:|1786076934
|teamsize|p1|4
|teamsize|p2|4
|start
|switch|p1a: Garchomp|Garchomp, L50, F|100/100
|switch|p1b: Sneasler|Sneasler, L50, M|100/100
|switch|p2a: BURNING ME|Scovillain, L50, M|100/100
|switch|p2b: GENERAL BLADUS|Kingambit, L50, M, shiny|100/100
|turn|1
|
|t:|1786076950
|detailschange|p1a: Garchomp|Garchomp-Mega, L50, F
|-mega|p1a: Garchomp|Garchomp|Garchompite
|move|p2a: BURNING ME|Protect|p2a: BURNING ME
|-singleturn|p2a: BURNING ME|Protect
|move|p2b: GENERAL BLADUS|Protect|p2b: GENERAL BLADUS
|-singleturn|p2b: GENERAL BLADUS|Protect
|move|p1b: Sneasler|Fake Out|p2b: GENERAL BLADUS
|-activate|p2b: GENERAL BLADUS|move: Protect
|move|p1a: Garchomp|Power Gem|p2a: BURNING ME
|-activate|p2a: BURNING ME|move: Protect
|
|-ability|p2a: BURNING ME|Moody|boost
|-boost|p2a: BURNING ME|def|2
|-unboost|p2a: BURNING ME|spe|1
|upkeep
|turn|2
|
|t:|1786076970
|detailschange|p2a: BURNING ME|Scovillain-Mega, L50, M
|-mega|p2a: BURNING ME|Scovillain|Scovillainite
|move|p2a: BURNING ME|Rage Powder|p2a: BURNING ME
|-singleturn|p2a: BURNING ME|move: Rage Powder
|move|p1b: Sneasler|Close Combat|p2a: BURNING ME
|-damage|p2a: BURNING ME|69/100
|-unboost|p1b: Sneasler|def|1
|-unboost|p1b: Sneasler|spd|1
|-status|p1b: Sneasler|brn|[from] ability: Spicy Spray|[of] p2a: BURNING ME
|move|p1a: Garchomp|Power Gem|p2a: BURNING ME
|-supereffective|p2a: BURNING ME|1
|-damage|p2a: BURNING ME|13/100
|-status|p1a: Garchomp|brn|[from] ability: Spicy Spray|[of] p2a: BURNING ME
|move|p2b: GENERAL BLADUS|Swords Dance|p2b: GENERAL BLADUS
|-boost|p2b: GENERAL BLADUS|atk|2
|
|-damage|p1b: Sneasler|94/100 brn|[from] brn
|-damage|p1a: Garchomp|93/100 brn|[from] brn
|upkeep
|turn|3
|
|t:|1786076994
|move|p2a: BURNING ME|Rage Powder|p2a: BURNING ME
|-singleturn|p2a: BURNING ME|move: Rage Powder
|move|p2b: GENERAL BLADUS|Sucker Punch|p1a: Garchomp
|-damage|p1a: Garchomp|14/100 brn
|-damage|p2b: GENERAL BLADUS|90/100|[from] item: Life Orb
|move|p1b: Sneasler|Poison Jab|p2a: BURNING ME
|-supereffective|p2a: BURNING ME|1
|-damage|p2a: BURNING ME|0 fnt
|faint|p2a: BURNING ME
|move|p1a: Garchomp|Earth Power|p2b: GENERAL BLADUS
|-supereffective|p2b: GENERAL BLADUS|1
|-damage|p2b: GENERAL BLADUS|5/100
|
|-damage|p1b: Sneasler|88/100 brn|[from] brn
|-damage|p1a: Garchomp|8/100 brn|[from] brn
|upkeep
|
|t:|1786077006
|switch|p2a: GHOSTWAVE|Basculegion, L50, M|100/100
|turn|4
|
|t:|1786077021
|move|p1a: Garchomp|Protect|p1a: Garchomp
|-singleturn|p1a: Garchomp|Protect
|move|p2a: GHOSTWAVE|Protect|p2a: GHOSTWAVE
|-singleturn|p2a: GHOSTWAVE|Protect
|move|p2b: GENERAL BLADUS|Protect|p2b: GENERAL BLADUS
|-singleturn|p2b: GENERAL BLADUS|Protect
|move|p1b: Sneasler|Close Combat|p2b: GENERAL BLADUS
|-activate|p2b: GENERAL BLADUS|move: Protect
|
|-damage|p1b: Sneasler|82/100 brn|[from] brn
|-damage|p1a: Garchomp|2/100 brn|[from] brn
|upkeep
|turn|5
|inactive|lobitooooo has 30 seconds left.
|
|t:|1786077047
|switch|p1a: Scizor|Scizor, L50, M|100/100
|move|p2a: GHOSTWAVE|Aqua Jet|p1b: Sneasler
|-damage|p1b: Sneasler|2/100 brn
|move|p1b: Sneasler|Close Combat|p2b: GENERAL BLADUS
|-supereffective|p2b: GENERAL BLADUS|2
|-damage|p2b: GENERAL BLADUS|0 fnt
|-unboost|p1b: Sneasler|def|1
|-unboost|p1b: Sneasler|spd|1
|faint|p2b: GENERAL BLADUS
|
|-damage|p1b: Sneasler|0 fnt|[from] brn
|faint|p1b: Sneasler
|upkeep
|
|t:|1786077063
|switch|p1b: Garchomp|Garchomp-Mega, L50, F|2/100 brn
|switch|p2b: ASKIN|Sneasler, L50, F, shiny|100/100
|turn|6
|
|t:|1786077081
|move|p2b: ASKIN|Fake Out|p1b: Garchomp
|-damage|p1b: Garchomp|0 fnt
|faint|p1b: Garchomp
|move|p1a: Scizor|Bullet Punch|p2b: ASKIN
|-damage|p2b: ASKIN|29/100
|-damage|p1a: Scizor|90/100|[from] item: Life Orb
|move|p2a: GHOSTWAVE|Last Respects|p1a: Scizor
|-damage|p1a: Scizor|0 fnt
|faint|p1a: Scizor
|
|upkeep
|
|t:|1786077093
|switch|p1b: Tyranitar|Tyranitar, L50, F|100/100
|-weather|Sandstorm|[from] ability: Sand Stream|[of] p1b: Tyranitar
|turn|7
|
|t:|1786077099
|move|p2b: ASKIN|Protect|p2b: ASKIN
|-singleturn|p2b: ASKIN|Protect
|move|p2a: GHOSTWAVE|Protect|p2a: GHOSTWAVE
|-singleturn|p2a: GHOSTWAVE|Protect
|move|p1b: Tyranitar|Knock Off|p2a: GHOSTWAVE
|-activate|p2a: GHOSTWAVE|move: Protect
|
|-weather|Sandstorm|[upkeep]
|-damage|p2b: ASKIN|24/100|[from] Sandstorm
|-damage|p2a: GHOSTWAVE|93/100|[from] Sandstorm
|upkeep
|turn|8
|
|t:|1786077110
|move|p2a: GHOSTWAVE|Aqua Jet|p1b: Tyranitar
|-supereffective|p1b: Tyranitar|1
|-damage|p1b: Tyranitar|38/100
|move|p1b: Tyranitar|Knock Off|p2a: GHOSTWAVE
|-supereffective|p2a: GHOSTWAVE|1
|-damage|p2a: GHOSTWAVE|0 fnt
|-enditem|p2a: GHOSTWAVE|Mystic Water|[from] move: Knock Off|[of] p1b: Tyranitar
|faint|p2a: GHOSTWAVE
|move|p2b: ASKIN|Close Combat|p1b: Tyranitar
|-supereffective|p1b: Tyranitar|2
|-damage|p1b: Tyranitar|0 fnt
|-unboost|p2b: ASKIN|def|1
|-unboost|p2b: ASKIN|spd|1
|faint|p1b: Tyranitar
|
|win|lettitripppp
|raw|lobitooooo's rating: 1229 → 1206(-23 for losing)
|raw|lettitripppp's rating: 1260 → 1283(+23 for winning)
