|j|☆Cyllage Cyclones
|j|☆gene takavic
|html|Cyllage Cyclonesgene takavic    
|uhtml|bestof|Game 2 of a best-of-3
|t:|1756253428
|gametype|doubles
|player|p1|Cyllage Cyclones|101|1000
|player|p2|gene takavic|rika|1048
|gen|9
|tier|[Gen 9] VGC 2025 Reg H (Bo3)
|rated|
|rule|Species Clause: Limit one of each Pokémon
|rule|Item Clause: Limit 1 of each item
|clearpoke
|poke|p1|Electabuzz, L50, M|
|poke|p1|Pelipper, L50, M|
|poke|p1|Rillaboom, L50, M|
|poke|p1|Basculegion, L50, M|
|poke|p1|Kingambit, L50, M|
|poke|p1|Archaludon, L50, M|
|poke|p2|Gholdengo, L50|
|poke|p2|Incineroar, L50, F|
|poke|p2|Amoonguss, L50, F|
|poke|p2|Archaludon, L50, M|
|poke|p2|Pelipper, L50, M|
|poke|p2|Basculegion, L50, M|
|teampreview|4
|showteam|p1|Electabuzz||Eviolite|VitalSpirit|Electroweb,Protect,FollowMe,Taunt|||M|||50|,,,,,Ghost]Pelipper||FocusSash|Drizzle|WeatherBall,Hurricane,Tailwind,Protect|||M|||50|,,,,,Ghost]Rillaboom||LoadedDice|GrassySurge|BulletSeed,GrassyGlide,FakeOut,HighHorsepower|||M|||50|,,,,,Fire]Basculegion||ChoiceBand|SwiftSwim|WaveCrash,LastRespects,FlipTurn,AquaJet|||M|||50|,,,,,Grass]Kingambit||BlackGlasses|Defiant|KowtowCleave,SuckerPunch,Protect,SwordsDance|||M|||50|,,,,,Dark]Archaludon||AssaultVest|Stamina|DracoMeteor,ElectroShot,FlashCannon,BodyPress|||M|||50|,,,,,Fairy
|showteam|p2|Gholdengo||LifeOrb|GoodasGold|MakeItRain,ShadowBall,NastyPlot,Protect||||||50|,,,,,Water]Incineroar||RockyHelmet|Intimidate|Taunt,KnockOff,PartingShot,FakeOut|||F|||50|,,,,,Ghost]Amoonguss||SitrusBerry|Regenerator|PollenPuff,Spore,RagePowder,Protect|||F|||50|,,,,,Water]Archaludon||AssaultVest|Stamina|DragonPulse,FlashCannon,ElectroShot,BodyPress|||M|||50|,,,,,Bug]Pelipper||FocusSash|Drizzle|WeatherBall,Hurricane,Tailwind,Protect|||M|||50|,,,,,Ground]Basculegion||ChoiceBand|SwiftSwim|WaveCrash,LastRespects,FlipTurn,AquaJet|||M|||50|,,,,,Water
|inactive|Battle timer is ON: inactive players will automatically lose when time's up. (requested by gene takavic)
|inactive|Cyllage Cyclones has 60 seconds left.
|
|t:|1756253476
|teamsize|p1|4
|teamsize|p2|4
|start
|switch|p1a: Pelipper|Pelipper, L50, M|100/100
|switch|p1b: Electabuzz|Electabuzz, L50, M|100/100
|switch|p2a: Amoonguss|Amoonguss, L50, F|100/100
|switch|p2b: Archaludon|Archaludon, L50, M|100/100
|-weather|RainDance|[from] ability: Drizzle|[of] p1a: Pelipper
|turn|1
|inactive|Cyllage Cyclones has 30 seconds left.
|inactive|Cyllage Cyclones has 20 seconds left.
|inactive|Cyllage Cyclones has 15 seconds left.
|
|t:|1756253516
|switch|p1a: Archaludon|Archaludon, L50, M|100/100
|move|p1b: Electabuzz|Taunt|p2a: Amoonguss
|-start|p2a: Amoonguss|move: Taunt
|move|p2b: Archaludon|Electro Shot||[still]
|-prepare|p2b: Archaludon|Electro Shot
|-boost|p2b: Archaludon|spa|1
|-anim|p2b: Archaludon|Electro Shot|p1a: Archaludon
|-resisted|p1a: Archaludon
|-damage|p1a: Archaludon|77/100
|-ability|p1a: Archaludon|Stamina|boost
|-boost|p1a: Archaludon|def|1
|move|p2a: Amoonguss|Pollen Puff|p1a: Archaludon
|-resisted|p1a: Archaludon
|-damage|p1a: Archaludon|69/100
|-ability|p1a: Archaludon|Stamina|boost
|-boost|p1a: Archaludon|def|1
|
|-weather|RainDance|[upkeep]
|upkeep
|turn|2
|inactive|Cyllage Cyclones has 30 seconds left.
|inactive|gene takavic has 30 seconds left.
|inactive|Cyllage Cyclones has 20 seconds left.
|
|t:|1756253552
|move|p1b: Electabuzz|Follow Me|p1b: Electabuzz
|-singleturn|p1b: Electabuzz|move: Follow Me
|move|p1a: Archaludon|Electro Shot||[still]
|-prepare|p1a: Archaludon|Electro Shot
|-boost|p1a: Archaludon|spa|1
|-anim|p1a: Archaludon|Electro Shot|p2b: Archaludon
|-resisted|p2b: Archaludon
|-damage|p2b: Archaludon|81/100
|-ability|p2b: Archaludon|Stamina|boost
|-boost|p2b: Archaludon|def|1
|move|p2b: Archaludon|Dragon Pulse|p1b: Electabuzz
|-damage|p1b: Electabuzz|51/100
|move|p2a: Amoonguss|Pollen Puff|p1b: Electabuzz
|-damage|p1b: Electabuzz|37/100
|
|-weather|RainDance|[upkeep]
|upkeep
|turn|3
|inactive|Cyllage Cyclones has 30 seconds left.
|
|t:|1756253585
|switch|p2a: Pelipper|Pelipper, L50, M|100/100
|-terastallize|p1a: Archaludon|Fairy
|move|p1b: Electabuzz|Protect|p1b: Electabuzz
|-singleturn|p1b: Electabuzz|Protect
|move|p1a: Archaludon|Electro Shot||[still]
|-prepare|p1a: Archaludon|Electro Shot
|-boost|p1a: Archaludon|spa|1
|-anim|p1a: Archaludon|Electro Shot|p2b: Archaludon
|-resisted|p2b: Archaludon
|-damage|p2b: Archaludon|53/100
|-ability|p2b: Archaludon|Stamina|boost
|-boost|p2b: Archaludon|def|1
|move|p2b: Archaludon|Dragon Pulse|p1a: Archaludon
|-immune|p1a: Archaludon
|
|-weather|RainDance|[upkeep]
|upkeep
|turn|4
|inactive|Cyllage Cyclones has 30 seconds left.
|
|t:|1756253614
|move|p1b: Electabuzz|Electroweb|p2a: Pelipper|[spread] p2a,p2b
|-supereffective|p2a: Pelipper
|-resisted|p2b: Archaludon
|-enditem|p2a: Pelipper|Focus Sash
|-damage|p2a: Pelipper|1/100
|-damage|p2b: Archaludon|48/100
|-unboost|p2a: Pelipper|spe|1
|-unboost|p2b: Archaludon|spe|1
|-ability|p2b: Archaludon|Stamina|boost
|-boost|p2b: Archaludon|def|1
|move|p1a: Archaludon|Draco Meteor|p2b: Archaludon
|-damage|p2b: Archaludon|0 fnt
|-unboost|p1a: Archaludon|spa|2
|faint|p2b: Archaludon
|move|p2a: Pelipper|Tailwind|p2a: Pelipper
|-sidestart|p2: gene takavic|move: Tailwind
|
|-weather|RainDance|[upkeep]
|upkeep
|
|t:|1756253626
|switch|p2b: Basculegion|Basculegion, L50, M|100/100
|turn|5
|inactive|Cyllage Cyclones has 30 seconds left.
|inactive|gene takavic has 30 seconds left.
|
|t:|1756253661
|switch|p2b: Amoonguss|Amoonguss, L50, F|100/100
|move|p2a: Pelipper|Hurricane|p1b: Electabuzz
|-resisted|p1b: Electabuzz
|-damage|p1b: Electabuzz|16/100
|-start|p1b: Electabuzz|confusion
|-activate|p1b: Electabuzz|confusion
|move|p1b: Electabuzz|Electroweb|p2a: Pelipper|[spread] p2b
|-miss|p1b: Electabuzz|p2a: Pelipper
|-resisted|p2b: Amoonguss
|-damage|p2b: Amoonguss|95/100
|-unboost|p2b: Amoonguss|spe|1
|move|p1a: Archaludon|Electro Shot||[still]
|-prepare|p1a: Archaludon|Electro Shot
|-boost|p1a: Archaludon|spa|1
|-anim|p1a: Archaludon|Electro Shot|p2b: Amoonguss
|-resisted|p2b: Amoonguss
|-damage|p2b: Amoonguss|71/100
|
|-weather|none
|upkeep
|turn|6
|inactive|Cyllage Cyclones has 30 seconds left.
|inactive|gene takavic has 30 seconds left.
|inactive|Cyllage Cyclones has 20 seconds left.
|inactive|Cyllage Cyclones has 15 seconds left.
|inactive|Cyllage Cyclones has 10 seconds left.
|
|t:|1756253707
|move|p2a: Pelipper|Hurricane|p1b: Electabuzz
|-resisted|p1b: Electabuzz
|-damage|p1b: Electabuzz|0 fnt
|faint|p1b: Electabuzz
|move|p1a: Archaludon|Draco Meteor|p2b: Amoonguss
|-damage|p2b: Amoonguss|9/100
|-unboost|p1a: Archaludon|spa|2
|-enditem|p2b: Amoonguss|Sitrus Berry|[eat]
|-heal|p2b: Amoonguss|34/100|[from] item: Sitrus Berry
|move|p2b: Amoonguss|Spore|p1a: Archaludon
|-status|p1a: Archaludon|slp|[from] move: Spore
|
|upkeep
|
|t:|1756253724
|switch|p1b: Rillaboom|Rillaboom, L50, M|100/100
|-fieldstart|move: Grassy Terrain|[from] ability: Grassy Surge|[of] p1b: Rillaboom
|turn|7
|
|t:|1756253748
|switch|p2a: Basculegion|Basculegion, L50, M|100/100
|move|p1b: Rillaboom|High Horsepower|p2b: Amoonguss
|-damage|p2b: Amoonguss|4/100
|cant|p1a: Archaludon|slp
|move|p2b: Amoonguss|Pollen Puff|p1b: Rillaboom
|-supereffective|p1b: Rillaboom
|-damage|p1b: Rillaboom|63/100
|
|-heal|p1b: Rillaboom|69/100|[from] Grassy Terrain
|-heal|p1a: Archaludon|76/100 slp|[from] Grassy Terrain
|-heal|p2b: Amoonguss|10/100|[from] Grassy Terrain
|-sideend|p2: gene takavic|move: Tailwind
|upkeep
|turn|8
|inactive|gene takavic has 30 seconds left.
|
|t:|1756253782
|switch|p2b: Pelipper|Pelipper, L50, M|1/100
|-weather|RainDance|[from] ability: Drizzle|[of] p2b: Pelipper
|-terastallize|p2a: Basculegion|Water
|move|p1b: Rillaboom|Grassy Glide|p2a: Basculegion
|-supereffective|p2a: Basculegion
|-crit|p2a: Basculegion
|-damage|p2a: Basculegion|0 fnt
|faint|p2a: Basculegion
|cant|p1a: Archaludon|slp
|
|-weather|RainDance|[upkeep]
|-heal|p1b: Rillaboom|75/100|[from] Grassy Terrain
|-heal|p1a: Archaludon|82/100 slp|[from] Grassy Terrain
|upkeep
|
|t:|1756253789
|switch|p2a: Amoonguss|Amoonguss, L50, F|43/100
|turn|9
|-message|gene takavic forfeited.
|
|win|Cyllage Cyclones
|raw|Cyllage Cyclones's rating: 1000 → 1045(+45 for winning)
|raw|gene takavic's rating: 1048 → 1028(-20 for losing)
|l|☆gene takavic
|player|p2|
