|j|☆marines malevolent
|j|☆Vincykyu
|html|marines malevolentVincykyu    
|uhtml|bestof|Game 1 of a best-of-3
|t:|1785960110
|gametype|doubles
|player|p1|marines malevolent|hiker-gen2|
|player|p2|Vincykyu|elesa|
|gen|9
|tier|[Gen 9 Champions] VGC 2026 Reg M-B (Bo3)
|rule|Species Clause: Limit one of each Pokémon
|rule|Item Clause: Limit 1 of each item
|clearpoke
|poke|p1|Pidgeot, L50, F|
|poke|p1|Ninetales, L50, M|
|poke|p1|Garchomp, L50, F|
|poke|p1|Whimsicott, L50, F, shiny|
|poke|p1|Sinistcha, L50|
|poke|p1|Sneasler, L50, M|
|poke|p2|Feraligatr, L50, F|
|poke|p2|Sinistcha-Masterpiece, L50|
|poke|p2|Sneasler, L50, F|
|poke|p2|Clefable, L50, M|
|poke|p2|Incineroar, L50, M|
|poke|p2|Talonflame, L50, F|
|teampreview|4
|showteam|p1|Pidgeot||Pidgeotite|KeenEye|Hurricane,HeatWave,Protect,Uturn|Timid||F|||50|]Ninetales||HeatRock|Drought|HeatWave,Protect,HelpingHand,WillOWisp|Timid||M|||50|]Garchomp||SitrusBerry|RoughSkin|Earthquake,RockSlide,Protect,DragonClaw|Jolly||F|||50|]Whimsicott||FocusSash|Prankster|Moonblast,Taunt,Tailwind,FakeTears|Timid||F|||50|]Sinistcha||Leftovers|Hospitality|MatchaGotcha,RagePowder,Protect,ShadowBall|Bold|||||50|]Sneasler||WhiteHerb|Unburden|CloseCombat,Protect,FakeOut,GunkShot|Jolly||M|||50|
|showteam|p2|Feraligatr||Feraligite|Torrent|Protect,DoubleEdge,Liquidation,AquaJet|Adamant||F|||50|]Sinistcha-Masterpiece||OccaBerry|Hospitality|MatchaGotcha,LifeDew,Protect,RagePowder|Bold|||||50|]Sneasler||WhiteHerb|Unburden|CloseCombat,ThroatChop,Protect,FakeOut|Adamant||F|||50|]Clefable||Leftovers|MagicGuard|FollowMe,Moonblast,Protect,HelpingHand|Bold||M|||50|]Incineroar||SitrusBerry|Intimidate|FakeOut,PartingShot,ThroatChop,WillOWisp|Careful||M|||50|]Talonflame||SharpBeak|GaleWings|Tailwind,Taunt,FlareBlitz,BraveBird|Adamant||F|||50|
|j| Raspree
|c| Raspree|Potete cominciare. Buona fortuna
|l|☆Vincykyu
|player|p2|
|j|☆Vincykyu
|player|p2|Vincykyu|elesa|
|
|t:|1785960237
|teamsize|p1|4
|teamsize|p2|4
|start
|switch|p1a: Garchomp|Garchomp, L50, F|100/100
|switch|p1b: Ninetales|Ninetales, L50, M|100/100
|switch|p2a: Feraligatr|Feraligatr, L50, F|100/100
|switch|p2b: Sinistcha|Sinistcha-Masterpiece, L50|100/100
|-weather|SunnyDay|[from] ability: Drought|[of] p1b: Ninetales
|turn|1
|
|t:|1785960272
|detailschange|p2a: Feraligatr|Feraligatr-Mega, L50, F
|-mega|p2a: Feraligatr|Feraligatr|Feraligite
|move|p1a: Garchomp|Dragon Claw|p2a: Feraligatr
|-supereffective|p2a: Feraligatr|1
|-damage|p2a: Feraligatr|20/100y
|move|p1b: Ninetales|Heat Wave|p2a: Feraligatr|[spread] p2a,p2b
|-resisted|p2a: Feraligatr|2
|-supereffective|p2b: Sinistcha|1
|-enditem|p2b: Sinistcha|Occa Berry|[eat]
|-enditem|p2b: Sinistcha|Occa Berry|[weaken]
|-damage|p2a: Feraligatr|11/100
|-damage|p2b: Sinistcha|64/100
|move|p2a: Feraligatr|Double-Edge|p1a: Garchomp
|-supereffective|p1a: Garchomp|1
|-damage|p1a: Garchomp|0 fnt
|-damage|p2a: Feraligatr|0 fnt|[from] ability: Rough Skin|[of] p1a: Garchomp
|faint|p1a: Garchomp
|faint|p2a: Feraligatr
|move|p2b: Sinistcha|Life Dew|p2b: Sinistcha
|-heal|p2b: Sinistcha|89/100
|
|-weather|SunnyDay|[upkeep]
|upkeep
|
|t:|1785960300
|switch|p1a: Pidgeot|Pidgeot, L50, F|100/100
|switch|p2a: Sneasler|Sneasler, L50, F|100/100
|turn|2
|
|t:|1785960326
|detailschange|p1a: Pidgeot|Pidgeot-Mega, L50, F
|-mega|p1a: Pidgeot|Pidgeot|Pidgeotite
|move|p1b: Ninetales|Protect|p1b: Ninetales
|-singleturn|p1b: Ninetales|Protect
|move|p1a: Pidgeot|Hurricane|p2b: Sinistcha
|-supereffective|p2b: Sinistcha|1
|-damage|p2b: Sinistcha|0 fnt
|faint|p2b: Sinistcha
|move|p2a: Sneasler|Close Combat|p1a: Pidgeot
|-damage|p1a: Pidgeot|2/100
|-unboost|p2a: Sneasler|def|1
|-unboost|p2a: Sneasler|spd|1
|-enditem|p2a: Sneasler|White Herb
|-clearnegativeboost|p2a: Sneasler|[silent]
|
|-weather|SunnyDay|[upkeep]
|upkeep
|
|t:|1785960343
|switch|p2b: Clefable|Clefable, L50, M|100/100
|turn|3
|
|t:|1785960359
|move|p1a: Pidgeot|Protect|p1a: Pidgeot
|-singleturn|p1a: Pidgeot|Protect
|move|p2b: Clefable|Follow Me|p2b: Clefable
|-singleturn|p2b: Clefable|move: Follow Me
|move|p2a: Sneasler|Close Combat|p1a: Pidgeot
|-activate|p1a: Pidgeot|move: Protect
|move|p1b: Ninetales|Heat Wave|p2b: Clefable|[spread] p2a,p2b
|-damage|p2a: Sneasler|49/100
|-damage|p2b: Clefable|66/100
|
|-weather|SunnyDay|[upkeep]
|-heal|p2b: Clefable|72/100|[from] item: Leftovers
|upkeep
|turn|4
|
|t:|1785960388
|move|p1b: Ninetales|Helping Hand|p1a: Pidgeot
|-singleturn|p1a: Pidgeot|Helping Hand|[of] p1b: Ninetales
|move|p2a: Sneasler|Close Combat|p1a: Pidgeot
|-damage|p1a: Pidgeot|0 fnt
|-unboost|p2a: Sneasler|def|1
|-unboost|p2a: Sneasler|spd|1
|faint|p1a: Pidgeot
|move|p2b: Clefable|Moonblast|p1b: Ninetales
|-resisted|p1b: Ninetales|1
|-damage|p1b: Ninetales|83/100
|
|-weather|SunnyDay|[upkeep]
|-heal|p2b: Clefable|78/100|[from] item: Leftovers
|upkeep
|
|t:|1785960403
|switch|p1a: Sinistcha|Sinistcha, L50|100/100
|-heal|p1b: Ninetales|100/100|[from] ability: Hospitality|[of] p1a: Sinistcha
|turn|5
|
|t:|1785960451
|move|p2a: Sneasler|Protect|p2a: Sneasler
|-singleturn|p2a: Sneasler|Protect
|move|p1a: Sinistcha|Rage Powder|p1a: Sinistcha
|-singleturn|p1a: Sinistcha|move: Rage Powder
|move|p1b: Ninetales|Heat Wave|p2b: Clefable|[spread] p2b
|-activate|p2a: Sneasler|move: Protect
|-damage|p2b: Clefable|47/100
|-status|p2b: Clefable|brn
|move|p2b: Clefable|Moonblast|p1a: Sinistcha
|-damage|p1a: Sinistcha|64/100
|
|-weather|SunnyDay|[upkeep]
|-heal|p1a: Sinistcha|70/100|[from] item: Leftovers
|-heal|p2b: Clefable|52/100 brn|[from] item: Leftovers
|upkeep
|turn|6
|
|t:|1785960478
|move|p2b: Clefable|Helping Hand|p2a: Sneasler
|-singleturn|p2a: Sneasler|Helping Hand|[of] p2b: Clefable
|move|p2a: Sneasler|Close Combat|p1b: Ninetales
|-damage|p1b: Ninetales|0 fnt
|-unboost|p2a: Sneasler|def|1
|-unboost|p2a: Sneasler|spd|1
|faint|p1b: Ninetales
|move|p1a: Sinistcha|Matcha Gotcha|p2b: Clefable|[spread] p2b
|-miss|p1a: Sinistcha|p2a: Sneasler
|-damage|p2b: Clefable|29/100 brn
|-heal|p1a: Sinistcha|84/100|[from] drain|[of] p2b: Clefable
|
|-weather|SunnyDay|[upkeep]
|-heal|p1a: Sinistcha|90/100|[from] item: Leftovers
|-heal|p2b: Clefable|35/100 brn|[from] item: Leftovers
|upkeep
|turn|7
|
|t:|1785960530
|move|p2a: Sneasler|Throat Chop|p1a: Sinistcha
|-supereffective|p1a: Sinistcha|1
|-damage|p1a: Sinistcha|43/100
|-start|p1a: Sinistcha|Throat Chop|[silent]
|move|p1a: Sinistcha|Shadow Ball|p2b: Clefable
|-damage|p2b: Clefable|1/100 brn
|move|p2b: Clefable|Moonblast|p1a: Sinistcha
|-crit|p1a: Sinistcha
|-damage|p1a: Sinistcha|0 fnt
|faint|p1a: Sinistcha
|
|win|Vincykyu
