|j|☆benchmain_n
|j|☆someminamina
|html|benchmain_nsomeminamina    
|uhtml|bestof|Game 1 of a best-of-3
|t:|1785763607
|gametype|doubles
|player|p1|benchmain_n|169|
|player|p2|someminamina|102|
|gen|9
|tier|[Gen 9 Champions] VGC 2026 Reg M-B (Bo3)
|rule|Species Clause: Limit one of each Pokémon
|rule|Item Clause: Limit 1 of each item
|clearpoke
|poke|p1|Archaludon, L50, M|
|poke|p1|Pelipper, L50, M|
|poke|p1|Swampert, L50, M|
|poke|p1|Meowstic, L50, M|
|poke|p1|Palafin, L50, F|
|poke|p1|Emolga, L50, M|
|poke|p2|Sylveon, L50, M|
|poke|p2|Scrafty, L50, M, shiny|
|poke|p2|Raichu, L50, F, shiny|
|poke|p2|Grimmsnarl, L50, M, shiny|
|poke|p2|Rotom-Heat, L50, shiny|
|poke|p2|Slowking-Galar, L50, M|
|teampreview|4
|showteam|p1|Archaludon||LifeOrb|Stamina|ElectroShot,FlashCannon,DracoMeteor,Protect|Modest||M|||50|]Pelipper||SitrusBerry|Drizzle|Hurricane,WeatherBall,RainDance,Tailwind|Timid||M|||50|]Swampert||Swampertite|Torrent|Earthquake,HighHorsepower,Protect,WaveCrash|Adamant||M|||50|]Meowstic||MentalHerb|Prankster|RainDance,FakeOut,ThunderWave,Psychic|Bold||M|||50|]Palafin||MysticWater|ZerotoHero|WaveCrash,FlipTurn,JetPunch,CloseCombat|Adamant||F|||50|]Emolga||BrightPowder|MotorDrive|Discharge,AirSlash,Protect,VoltSwitch|Modest||M|||50|
|showteam|p2|Sylveon||FairyFeather|Pixilate|HyperBeam,HyperVoice,DrainingKiss,Detect|Quiet||M|||50|]Scrafty||LifeOrb|Intimidate|FakeOut,KnockOff,DrainPunch,Protect|Adamant||M|||50|]Raichu||RaichuniteY|LightningRod|FocusBlast,ZapCannon,GrassKnot,Protect|Rash||F|||50|]Grimmsnarl||LightClay|Prankster|FakeOut,PartingShot,SuckerPunch,ScaryFace|Brave||M|||50|]Rotom-Heat||FocusSash|Levitate|Overheat,VoltSwitch,FoulPlay,WillOWisp|Bold|||||50|]Slowking-Galar||SitrusBerry|Regenerator|ChillyReception,GrassKnot,TrickRoom,HelpingHand|Bold||M|||50|
|
|t:|1785763628
|teamsize|p1|4
|teamsize|p2|4
|start
|switch|p1a: i am squid and|Archaludon, L50, M|100/100
|switch|p1b: these are my games|Pelipper, L50, M|100/100
|switch|p2a: Raichu|Raichu, L50, F, shiny|100/100
|switch|p2b: Grimmsnarl|Grimmsnarl, L50, M, shiny|100/100
|-weather|RainDance|[from] ability: Drizzle|[of] p1b: these are my games
|turn|1
|inactive|Battle timer is ON: inactive players will automatically lose when time's up. (requested by someminamina)
|
|t:|1785763667
|detailschange|p2a: Raichu|Raichu-Mega-Y, L50, F, shiny
|-mega|p2a: Raichu|Raichu|Raichunite Y
|move|p2b: Grimmsnarl|Fake Out|p1b: these are my games
|-damage|p1b: these are my games|86/100
|move|p2a: Raichu|Focus Blast|p1a: i am squid and
|-supereffective|p1a: i am squid and|1
|-damage|p1a: i am squid and|0 fnt
|faint|p1a: i am squid and
|cant|p1b: these are my games|flinch
|
|-weather|RainDance|[upkeep]
|upkeep
|
|t:|1785763679
|switch|p1a: hiding spot|Swampert, L50, M|100/100
|turn|2
|
|t:|1785763696
|detailschange|p1a: hiding spot|Swampert-Mega, L50, M
|-mega|p1a: hiding spot|Swampert|Swampertite
|move|p2a: Raichu|Protect|p2a: Raichu
|-singleturn|p2a: Raichu|Protect
|move|p2b: Grimmsnarl|Parting Shot|p1a: hiding spot
|-unboost|p1a: hiding spot|atk|1
|-unboost|p1a: hiding spot|spa|1
|
|t:|1785763703
|switch|p2b: Scrafty|Scrafty, L50, M, shiny|100/100|[from] Parting Shot
|-ability|p2b: Scrafty|Intimidate|boost
|-unboost|p1a: hiding spot|atk|1
|-unboost|p1b: these are my games|atk|1
|move|p1a: hiding spot|High Horsepower|p2a: Raichu
|-activate|p2a: Raichu|move: Protect
|move|p1b: these are my games|Tailwind|p1b: these are my games
|-sidestart|p1: benchmain_n|move: Tailwind
|
|-weather|RainDance|[upkeep]
|upkeep
|turn|3
|inactive|benchmain_n has 30 seconds left.
|inactive|benchmain_n has 20 seconds left.
|inactive|benchmain_n has 15 seconds left.
|
|t:|1785763746
|move|p2b: Scrafty|Fake Out|p1a: hiding spot
|-damage|p1a: hiding spot|85/100
|-damage|p2b: Scrafty|90/100|[from] item: Life Orb
|cant|p1a: hiding spot|flinch
|move|p1b: these are my games|Hurricane|p2b: Scrafty
|-supereffective|p2b: Scrafty|1
|-damage|p2b: Scrafty|20/100y
|-start|p2b: Scrafty|confusion
|move|p2a: Raichu|Grass Knot|p1a: hiding spot
|-supereffective|p1a: hiding spot|2
|-damage|p1a: hiding spot|0 fnt
|faint|p1a: hiding spot
|
|-weather|RainDance|[upkeep]
|upkeep
|
|t:|1785763762
|switch|p1a: Meowstic|Meowstic, L50, M|100/100
|turn|4
|
|t:|1785763776
|move|p1a: Meowstic|Fake Out|p2a: Raichu
|-damage|p2a: Raichu|90/100
|move|p1b: these are my games|Hurricane|p2b: Scrafty
|-supereffective|p2b: Scrafty|1
|-damage|p2b: Scrafty|0 fnt
|faint|p2b: Scrafty
|cant|p2a: Raichu|flinch
|
|-weather|RainDance|[upkeep]
|upkeep
|
|t:|1785763782
|switch|p2b: Grimmsnarl|Grimmsnarl, L50, M, shiny|100/100
|turn|5
|
|t:|1785763807
|move|p2b: Grimmsnarl|Fake Out|p1a: Meowstic
|-damage|p1a: Meowstic|87/100
|move|p1b: these are my games|Tailwind||[still]
|-fail|p1b: these are my games
|cant|p1a: Meowstic|flinch
|move|p2a: Raichu|Zap Cannon|p1b: these are my games
|-supereffective|p1b: these are my games|2
|-damage|p1b: these are my games|0 fnt
|faint|p1b: these are my games
|
|-weather|none
|-sideend|p1: benchmain_n|move: Tailwind
|upkeep
|turn|6
|
|t:|1785763822
|move|p2b: Grimmsnarl|Sucker Punch|p1a: Meowstic
|-supereffective|p1a: Meowstic|1
|-damage|p1a: Meowstic|27/100
|move|p2a: Raichu|Zap Cannon|p1a: Meowstic
|-damage|p1a: Meowstic|0 fnt
|faint|p1a: Meowstic
|
|win|someminamina
