|j|☆palle synchro
|j|☆nontelo
|html|palle synchronontelo    
|uhtml|bestof|Game 3 of a best-of-3
|t:|1754747947
|gametype|doubles
|player|p1|palle synchro|volkner|1403
|player|p2|nontelo|cress|1290
|gen|9
|tier|[Gen 9] VGC 2025 Reg H (Bo3)
|rated|
|rule|Species Clause: Limit one of each Pokémon
|rule|Item Clause: Limit 1 of each item
|clearpoke
|poke|p1|Whimsicott, L50, F|
|poke|p1|Dragonite, L50, M|
|poke|p1|Indeedee, L50, M|
|poke|p1|Sneasler, L50, F|
|poke|p1|Ursaluna-Bloodmoon, L50, M|
|poke|p1|Archaludon, L50, M|
|poke|p2|Ursaluna, L50, F|
|poke|p2|Delphox, L50, F|
|poke|p2|Gallade, L50, M|
|poke|p2|Lilligant-Hisui, L50, F|
|poke|p2|Indeedee-F, L50, F|
|poke|p2|Torkoal, L50, M|
|teampreview|4
|showteam|p1|Whimsicott||CovertCloak|Prankster|Moonblast,Taunt,Tailwind,FakeTears|||F|||50|,,,,,Water]Dragonite||LoadedDice|Multiscale|ScaleShot,StompingTantrum,Haze,Protect|||M|||50|,,,,,Steel]Indeedee||FocusSash|PsychicSurge|ExpandingForce,TeraBlast,Imprison,TrickRoom|||M|||50|,,,,,Psychic]Sneasler||PsychicSeed|Unburden|CloseCombat,DireClaw,ThroatChop,Protect|||F|||50|,,,,,Dark]Ursaluna-Bloodmoon||LifeOrb|MindsEye|HyperVoice,BloodMoon,EarthPower,Protect|||M|||50|,,,,,Normal]Archaludon||PowerHerb|Stalwart|ElectroShot,DragonPulse,Thunderbolt,Protect|||M|||50|,,,,,Electric
|showteam|p2|Ursaluna||FlameOrb|Guts|Earthquake,HeadlongRush,Facade,Protect|||F|||50|,,,,,Ghost]Delphox||LifeOrb|Blaze|HeatWave,ExpandingForce,TeraBlast,Protect|||F|||50|,,,,,Fighting]Gallade||ClearAmulet|Sharpness|PsychoCut,TrickRoom,SacredSword,WideGuard|||M|||50|,,,,,Steel]Lilligant-Hisui||FocusSash|Chlorophyll|LeafBlade,SleepPowder,CloseCombat,AfterYou|||F|||50|,,,,,Ghost]Indeedee-F||PsychicSeed|PsychicSurge|Psychic,TrickRoom,FollowMe,HelpingHand|||F|||50|,,,,,Grass]Torkoal||Charcoal|Drought|Eruption,ClearSmog,WeatherBall,Protect|||M|||50|,,,,,Fire
|j| XavyXavy
|inactive|Battle timer is ON: inactive players will automatically lose when time's up. (requested by nontelo)
|inactive|palle synchro has 60 seconds left.
|
|t:|1754747997
|teamsize|p1|4
|teamsize|p2|4
|start
|switch|p1a: Indeedee|Indeedee, L50, M|100/100
|switch|p1b: Sneasler|Sneasler, L50, F|100/100
|switch|p2a: Delphox|Delphox, L50, F|100/100
|switch|p2b: Indeedee|Indeedee-F, L50, F|100/100
|-fieldstart|move: Psychic Terrain|[from] ability: Psychic Surge|[of] p1a: Indeedee
|-enditem|p1b: Sneasler|Psychic Seed
|-boost|p1b: Sneasler|spd|1|[from] item: Psychic Seed
|-enditem|p2b: Indeedee|Psychic Seed
|-boost|p2b: Indeedee|spd|1|[from] item: Psychic Seed
|turn|1
|
|t:|1754748018
|-terastallize|p1b: Sneasler|Dark
|-terastallize|p2a: Delphox|Fighting
|move|p2b: Indeedee|Follow Me|p2b: Indeedee
|-singleturn|p2b: Indeedee|move: Follow Me
|move|p1b: Sneasler|Throat Chop|p2b: Indeedee
|-supereffective|p2b: Indeedee
|-damage|p2b: Indeedee|15/100
|-start|p2b: Indeedee|Throat Chop|[silent]
|move|p2a: Delphox|Tera Blast|p1b: Sneasler|[anim] Tera Blast Fighting
|-supereffective|p1b: Sneasler
|-damage|p1b: Sneasler|6/100
|-damage|p2a: Delphox|90/100|[from] item: Life Orb
|move|p1a: Indeedee|Imprison|p1a: Indeedee
|-start|p1a: Indeedee|move: Imprison
|
|upkeep
|turn|2
|
|t:|1754748040
|move|p2b: Indeedee|Follow Me|p2b: Indeedee
|-singleturn|p2b: Indeedee|move: Follow Me
|move|p1b: Sneasler|Dire Claw|p2b: Indeedee
|-crit|p2b: Indeedee
|-damage|p2b: Indeedee|0 fnt
|faint|p2b: Indeedee
|move|p2a: Delphox|Heat Wave|p1a: Indeedee|[spread] p1b
|-miss|p2a: Delphox|p1a: Indeedee
|-damage|p1b: Sneasler|0 fnt
|faint|p1b: Sneasler
|-damage|p2a: Delphox|80/100|[from] item: Life Orb
|move|p1a: Indeedee|Expanding Force|p2a: Delphox
|-supereffective|p2a: Delphox
|-damage|p2a: Delphox|0 fnt
|faint|p2a: Delphox
|
|upkeep
|c|☆nontelo|i hate this game sometimes
|
|t:|1754748064
|switch|p1b: Dragonite|Dragonite, L50, M|100/100
|switch|p2a: Lilligant|Lilligant-Hisui, L50, F, shiny|100/100
|switch|p2b: Torkoal|Torkoal, L50, M|100/100
|-weather|SunnyDay|[from] ability: Drought|[of] p2b: Torkoal
|turn|3
|inactive|palle synchro has 30 seconds left.
|inactive|nontelo has 30 seconds left.
|
|t:|1754748093
|move|p1b: Dragonite|Protect|p1b: Dragonite
|-singleturn|p1b: Dragonite|Protect
|move|p2b: Torkoal|Protect|p2b: Torkoal
|-singleturn|p2b: Torkoal|Protect
|move|p2a: Lilligant|Leaf Blade|p1a: Indeedee
|-crit|p1a: Indeedee
|-enditem|p1a: Indeedee|Focus Sash
|-damage|p1a: Indeedee|1/100
|move|p1a: Indeedee|Expanding Force|p2a: Lilligant|[spread] p2a
|-activate|p2b: Torkoal|move: Protect
|-supereffective|p2a: Lilligant
|-enditem|p2a: Lilligant|Focus Sash
|-damage|p2a: Lilligant|1/100
|
|-weather|SunnyDay|[upkeep]
|upkeep
|turn|4
|
|t:|1754748113
|move|p2a: Lilligant|After You|p2b: Torkoal
|-activate|p2b: Torkoal|move: After You
|move|p2b: Torkoal|Eruption|p1b: Dragonite|[spread] p1a,p1b
|-resisted|p1b: Dragonite
|-damage|p1a: Indeedee|0 fnt
|-damage|p1b: Dragonite|79/100
|faint|p1a: Indeedee
|move|p1b: Dragonite|Stomping Tantrum|p2a: Lilligant
|-resisted|p2a: Lilligant
|-damage|p2a: Lilligant|0 fnt
|faint|p2a: Lilligant
|
|-weather|SunnyDay|[upkeep]
|upkeep
|
|t:|1754748120
|switch|p1a: Ursaluna|Ursaluna-Bloodmoon, L50, M|100/100
|turn|5
|-message|nontelo forfeited.
|
|win|palle synchro
|raw|palle synchro's rating: 1403 → 1417(+14 for winning)
|raw|nontelo's rating: 1290 → 1273(-17 for losing)
