|j|☆xareu
|j|☆IcedOutObama
|html|xareuIcedOutObama    
|uhtml|bestof|Game 3 of a best-of-3
|t:|1757163589
|gametype|doubles
|player|p1|xareu|clay|1099
|player|p2|IcedOutObama|skier|1170
|gen|9
|tier|[Gen 9] VGC 2025 Reg H (Bo3)
|rated|
|rule|Species Clause: Limit one of each Pokémon
|rule|Item Clause: Limit 1 of each item
|clearpoke
|poke|p1|Volcarona, L50, F|
|poke|p1|Rillaboom, L50, F|
|poke|p1|Electabuzz, L50, M|
|poke|p1|Dragonite, L50, M|
|poke|p1|Kingambit, L50, F|
|poke|p1|Sneasler, L50, F|
|poke|p2|Murkrow, L50, M|
|poke|p2|Abomasnow, L50, F|
|poke|p2|Indeedee, L50, M|
|poke|p2|Sneasler, L50, M|
|poke|p2|Gholdengo, L50|
|poke|p2|Basculegion, L50, M|
|teampreview|4
|showteam|p1|Volcarona||Leftovers|FlameBody|HeatWave,TeraBlast,QuiverDance,Protect|||F|||50|,,,,,Fairy]Rillaboom||AssaultVest|GrassySurge|WoodHammer,GrassyGlide,HighHorsepower,FakeOut|||F|||50|,,,,,Fire]Electabuzz||Eviolite|VitalSpirit|Thunderbolt,FollowMe,Taunt,Protect|||M|||50|,,,,,Ghost]Dragonite||LoadedDice|Multiscale|ScaleShot,ExtremeSpeed,Haze,Protect|||M|||50|,,,,,Steel]Kingambit||BlackGlasses|Defiant|KowtowCleave,SuckerPunch,SwordsDance,Protect|||F|||50|,,,,,Dark]Sneasler||FocusSash|Unburden|CloseCombat,DireClaw,Coaching,FakeOut|||F|||50|,,,,,Stellar
|showteam|p2|Murkrow||Eviolite|Prankster|FoulPlay,Tailwind,Haze,Protect|||M|||50|,,,,,Ghost]Abomasnow||AssaultVest|SnowWarning|Blizzard,LeafStorm,EarthPower,WeatherBall|||F|||50|,,,,,Fire]Indeedee||FocusSash|PsychicSurge|ExpandingForce,TeraBlast,Imprison,TrickRoom|||M|||50|,,,,,Fighting]Sneasler||PsychicSeed|Unburden|DireClaw,CloseCombat,ThroatChop,Protect|||M|||50|,,,,,Dark]Gholdengo||LifeOrb|GoodasGold|MakeItRain,ShadowBall,NastyPlot,Protect||||||50|,,,,,Steel]Basculegion||ChoiceScarf|Adaptability|WaveCrash,LastRespects,AquaJet,FlipTurn|||M|||50|,,,,,Grass
|
|t:|1757163611
|teamsize|p1|4
|teamsize|p2|4
|start
|switch|p1a: Volcarona|Volcarona, L50, F|100/100
|switch|p1b: Rillaboom|Rillaboom, L50, F|100/100
|switch|p2a: Brynden Rivers|Murkrow, L50, M|100/100
|switch|p2b: Evergreen|Abomasnow, L50, F|100/100
|-fieldstart|move: Grassy Terrain|[from] ability: Grassy Surge|[of] p1b: Rillaboom
|-weather|Snowscape|[from] ability: Snow Warning|[of] p2b: Evergreen
|turn|1
|
|t:|1757163620
|-terastallize|p1b: Rillaboom|Fire
|-terastallize|p2b: Evergreen|Fire
|move|p1a: Volcarona|Heat Wave|p2b: Evergreen|[spread] p2a,p2b
|-resisted|p2b: Evergreen
|-damage|p2a: Brynden Rivers|59/100
|-damage|p2b: Evergreen|88/100
|move|p1b: Rillaboom|High Horsepower|p2b: Evergreen
|-supereffective|p2b: Evergreen
|-damage|p2b: Evergreen|21/100
|move|p2a: Brynden Rivers|Foul Play|p1b: Rillaboom
|-damage|p1b: Rillaboom|57/100
|move|p2b: Evergreen|Blizzard|p1b: Rillaboom|[spread] p1a,p1b
|-resisted|p1a: Volcarona
|-crit|p1a: Volcarona
|-resisted|p1b: Rillaboom
|-damage|p1a: Volcarona|77/100
|-damage|p1b: Rillaboom|45/100
|
|-weather|Snowscape|[upkeep]
|-heal|p1a: Volcarona|83/100|[from] Grassy Terrain
|-heal|p1a: Volcarona|89/100|[from] item: Leftovers
|-heal|p1b: Rillaboom|51/100|[from] Grassy Terrain
|-heal|p2b: Evergreen|27/100|[from] Grassy Terrain
|upkeep
|turn|2
|
|t:|1757163652
|move|p2a: Brynden Rivers|Tailwind|p2a: Brynden Rivers
|-sidestart|p2: IcedOutObama|move: Tailwind
|move|p2b: Evergreen|Earth Power|p1b: Rillaboom
|-supereffective|p1b: Rillaboom
|-damage|p1b: Rillaboom|18/100
|move|p1a: Volcarona|Tera Blast|p2a: Brynden Rivers
|-damage|p2a: Brynden Rivers|29/100
|move|p1b: Rillaboom|High Horsepower|p2b: Evergreen
|-supereffective|p2b: Evergreen
|-damage|p2b: Evergreen|0 fnt
|faint|p2b: Evergreen
|
|-weather|Snowscape|[upkeep]
|-heal|p1a: Volcarona|95/100|[from] Grassy Terrain
|-heal|p1a: Volcarona|100/100|[from] item: Leftovers
|-heal|p1b: Rillaboom|24/100|[from] Grassy Terrain
|upkeep
|
|t:|1757163658
|switch|p2b: Houndfish|Basculegion, L50, M, shiny|100/100
|turn|3
|
|t:|1757163665
|move|p1a: Volcarona|Protect|p1a: Volcarona
|-singleturn|p1a: Volcarona|Protect
|move|p1b: Rillaboom|Grassy Glide|p2b: Houndfish
|-supereffective|p2b: Houndfish
|-damage|p2b: Houndfish|6/100
|move|p2b: Houndfish|Last Respects|p1a: Volcarona
|-activate|p1a: Volcarona|move: Protect
|move|p2a: Brynden Rivers|Foul Play|p1b: Rillaboom
|-damage|p1b: Rillaboom|0 fnt
|faint|p1b: Rillaboom
|
|-weather|Snowscape|[upkeep]
|-heal|p2b: Houndfish|12/100|[from] Grassy Terrain
|upkeep
|
|t:|1757163682
|switch|p1b: Kingambit|Kingambit, L50, F|100/100
|turn|4
|
|t:|1757163694
|move|p2a: Brynden Rivers|Protect|p2a: Brynden Rivers
|-singleturn|p2a: Brynden Rivers|Protect
|move|p1b: Kingambit|Sucker Punch|p2b: Houndfish
|-supereffective|p2b: Houndfish
|-damage|p2b: Houndfish|0 fnt
|faint|p2b: Houndfish
|move|p1a: Volcarona|Tera Blast|p2a: Brynden Rivers
|-activate|p2a: Brynden Rivers|move: Protect
|
|-weather|Snowscape|[upkeep]
|upkeep
|
|t:|1757163696
|switch|p2b: Longclaw|Sneasler, L50, M, shiny|100/100
|turn|5
|
|t:|1757163702
|move|p1b: Kingambit|Protect|p1b: Kingambit
|-singleturn|p1b: Kingambit|Protect
|move|p2b: Longclaw|Dire Claw|p1a: Volcarona
|-damage|p1a: Volcarona|45/100
|move|p2a: Brynden Rivers|Foul Play|p1a: Volcarona
|-damage|p1a: Volcarona|24/100
|-status|p2a: Brynden Rivers|brn|[from] ability: Flame Body|[of] p1a: Volcarona
|move|p1a: Volcarona|Heat Wave|p2b: Longclaw|[spread] p2a,p2b
|-damage|p2a: Brynden Rivers|0 fnt
|-damage|p2b: Longclaw|56/100
|faint|p2a: Brynden Rivers
|
|-weather|none
|-heal|p2b: Longclaw|61/100|[from] Grassy Terrain
|-heal|p1a: Volcarona|30/100|[from] Grassy Terrain
|-heal|p1a: Volcarona|37/100|[from] item: Leftovers
|-sideend|p2: IcedOutObama|move: Tailwind
|-fieldend|move: Grassy Terrain
|upkeep
|turn|6
|
|t:|1757163714
|move|p2b: Longclaw|Dire Claw|p1a: Volcarona
|-damage|p1a: Volcarona|0 fnt
|faint|p1a: Volcarona
|move|p1b: Kingambit|Kowtow Cleave|p2b: Longclaw
|-resisted|p2b: Longclaw
|-damage|p2b: Longclaw|9/100
|
|upkeep
|
|t:|1757163717
|switch|p1a: Electabuzz|Electabuzz, L50, M|100/100
|turn|7
|-message|IcedOutObama forfeited.
|
|win|xareu
|raw|xareu's rating: 1099 → 1129(+30 for winning)
|raw|IcedOutObama's rating: 1170 → 1140(-30 for losing)
