|j|☆Gamertag1001IF
|j|☆Gancelot
|html|Gamertag1001IFGancelot    
|uhtml|bestof|Game 3 of a best-of-3
|t:|1784153379
|gametype|doubles
|player|p1|Gamertag1001IF|101|1307
|player|p2|Gancelot|morty|1312
|gen|9
|tier|[Gen 9 Champions] VGC 2026 Reg M-B (Bo3)
|rated|
|rule|Species Clause: Limit one of each Pokémon
|rule|Item Clause: Limit 1 of each item
|clearpoke
|poke|p1|Gengar, L50, M|
|poke|p1|Grimmsnarl, L50, M|
|poke|p1|Rotom-Wash, L50|
|poke|p1|Kommo-o, L50, F|
|poke|p1|Talonflame, L50, M|
|poke|p1|Mamoswine, L50, M|
|poke|p2|Garchomp, L50, F|
|poke|p2|Venusaur, L50, F|
|poke|p2|Incineroar, L50, F|
|poke|p2|Charizard, L50, F|
|poke|p2|Toxapex, L50, M|
|poke|p2|Annihilape, L50, F|
|teampreview|4
|showteam|p1|Gengar||Gengarite|CursedBody|SludgeBomb,ShadowBall,PerishSong,Protect|Modest||M|||50|]Grimmsnarl||SitrusBerry|Prankster|FoulPlay,FakeOut,PartingShot,Protect|Relaxed||M|||50|]Rotom-Wash||RindoBerry|Levitate|HydroPump,VoltSwitch,WillOWisp,Protect|Sassy|||||50|]Kommo-o||LifeOrb|Soundproof|ClangingScales,AuraSphere,ClangorousSoul,Protect|Modest||F|||50|]Talonflame|||GaleWings|Acrobatics,Tailwind,QuickGuard,Protect|Jolly||M|||50|]Mamoswine||FocusSash|Oblivious|Earthquake,IcicleCrash,IceShard,Protect|Adamant||M|||50|
|showteam|p2|Garchomp||ChoiceScarf|RoughSkin|Earthquake,RockSlide,DragonClaw,StompingTantrum|Adamant||F|||50|]Venusaur||LifeOrb|Chlorophyll|SludgeBomb,SolarBeam,EarthPower,Protect|Modest||F|||50|]Incineroar||SitrusBerry|Intimidate|FakeOut,FlareBlitz,ThroatChop,PartingShot|Impish||F|||50|]Charizard||CharizarditeY|Blaze|HeatWave,WeatherBall,Protect,HelpingHand|Modest||F|||50|]Toxapex||Leftovers|Regenerator|Infestation,Toxic,WideGuard,BanefulBunker|Impish||M|||50|]Annihilape||FocusSash|Defiant|CloseCombat,PhantomForce,RockTomb,Protect|Jolly||F|||50|
|inactive|Battle timer is ON: inactive players will automatically lose when time's up. (requested by Gamertag1001IF)
|inactive|Gancelot also wants the timer to be on.
|inactive|Gancelot has 60 seconds left.
|
|t:|1784153433
|teamsize|p1|4
|teamsize|p2|4
|start
|switch|p1a: Talonflame|Talonflame, L50, M|100/100
|switch|p1b: Mamoswine|Mamoswine, L50, M|100/100
|switch|p2a: Toxapex|Toxapex, L50, M|100/100
|switch|p2b: Incineroar|Incineroar, L50, F|100/100
|-ability|p2b: Incineroar|Intimidate|boost
|-unboost|p1a: Talonflame|atk|1
|-fail|p1b: Mamoswine|unboost|Attack|[from] ability: Oblivious|[of] p1b: Mamoswine
|turn|1
|inactive|Gamertag1001IF has 30 seconds left.
|inactive|Gancelot has 30 seconds left.
|inactive|Gamertag1001IF has 20 seconds left.
|inactive|Gancelot has 20 seconds left.
|inactive|Gamertag1001IF has 15 seconds left.
|
|t:|1784153474
|move|p1a: Talonflame|Protect|p1a: Talonflame
|-singleturn|p1a: Talonflame|Protect
|move|p1b: Mamoswine|Protect|p1b: Mamoswine
|-singleturn|p1b: Mamoswine|Protect
|move|p2b: Incineroar|Fake Out|p1b: Mamoswine
|-activate|p1b: Mamoswine|move: Protect
|move|p2a: Toxapex|Infestation|p1a: Talonflame
|-activate|p1a: Talonflame|move: Protect
|
|upkeep
|turn|2
|
|t:|1784153495
|move|p2a: Toxapex|Wide Guard|p2a: Toxapex
|-singleturn|p2a: Toxapex|Wide Guard
|move|p1a: Talonflame|Acrobatics|p2b: Incineroar
|-damage|p2b: Incineroar|83/100
|move|p1b: Mamoswine|Earthquake|p2b: Incineroar|[spread] 
|-activate|p2a: Toxapex|move: Wide Guard
|-activate|p2b: Incineroar|move: Wide Guard
|-immune|p1a: Talonflame
|move|p2b: Incineroar|Parting Shot|p1b: Mamoswine
|-unboost|p1b: Mamoswine|atk|1
|-unboost|p1b: Mamoswine|spa|1
|
|t:|1784153505
|switch|p2b: Charizard|Charizard, L50, F|100/100|[from] Parting Shot
|
|upkeep
|turn|3
|
|t:|1784153519
|detailschange|p2b: Charizard|Charizard-Mega-Y, L50, F
|-mega|p2b: Charizard|Charizard|Charizardite Y
|-weather|SunnyDay|[from] ability: Drought|[of] p2b: Charizard
|move|p1a: Talonflame|Tailwind|p1a: Talonflame
|-sidestart|p1: Gamertag1001IF|move: Tailwind
|move|p1b: Mamoswine|Icicle Crash|p2b: Charizard
|-damage|p2b: Charizard|66/100
|move|p2b: Charizard|Heat Wave|p1a: Talonflame|[spread] p1a,p1b
|-resisted|p1a: Talonflame|1
|-supereffective|p1b: Mamoswine|1
|-damage|p1a: Talonflame|57/100
|-enditem|p1b: Mamoswine|Focus Sash
|-damage|p1b: Mamoswine|1/100
|move|p2a: Toxapex|Infestation|p1a: Talonflame
|-resisted|p1a: Talonflame|2
|-damage|p1a: Talonflame|56/100
|-activate|p1a: Talonflame|move: Infestation|[of] p2a: Toxapex
|
|-weather|SunnyDay|[upkeep]
|-damage|p1a: Talonflame|44/100|[from] move: Infestation|[partiallytrapped]
|upkeep
|turn|4
|
|t:|1784153538
|switch|p2a: Incineroar|Incineroar, L50, F|83/100
|-ability|p2a: Incineroar|Intimidate|boost
|-unboost|p1a: Talonflame|atk|1
|-fail|p1b: Mamoswine|unboost|Attack|[from] ability: Oblivious|[of] p1b: Mamoswine
|move|p2b: Charizard|Protect|p2b: Charizard
|-singleturn|p2b: Charizard|Protect
|move|p1a: Talonflame|Acrobatics|p2b: Charizard
|-activate|p2b: Charizard|move: Protect
|move|p1b: Mamoswine|Earthquake|p2a: Incineroar|[spread] p2a
|-activate|p2b: Charizard|move: Protect
|-immune|p1a: Talonflame
|-supereffective|p2a: Incineroar|1
|-damage|p2a: Incineroar|41/100
|-enditem|p2a: Incineroar|Sitrus Berry|[eat]
|-heal|p2a: Incineroar|65/100|[from] item: Sitrus Berry
|
|-weather|SunnyDay|[upkeep]
|-end|p1a: Talonflame|Infestation|[partiallytrapped]|[silent]
|upkeep
|turn|5
|
|t:|1784153562
|move|p1a: Talonflame|Quick Guard|p1a: Talonflame
|-singleturn|p1a: Talonflame|Quick Guard
|move|p1b: Mamoswine|Earthquake|p2a: Incineroar|[spread] p2a
|-immune|p1a: Talonflame
|-immune|p2b: Charizard
|-supereffective|p2a: Incineroar|1
|-damage|p2a: Incineroar|23/100
|move|p2b: Charizard|Heat Wave|p1a: Talonflame|[spread] p1a,p1b
|-resisted|p1a: Talonflame|1
|-supereffective|p1b: Mamoswine|1
|-damage|p1a: Talonflame|6/100
|-damage|p1b: Mamoswine|0 fnt
|faint|p1b: Mamoswine
|move|p2a: Incineroar|Throat Chop|p1a: Talonflame
|-damage|p1a: Talonflame|0 fnt
|faint|p1a: Talonflame
|
|-weather|SunnyDay|[upkeep]
|upkeep
|
|t:|1784153573
|switch|p1a: Kommo-o|Kommo-o, L50, F|100/100
|switch|p1b: Gengar|Gengar, L50, M|100/100
|turn|6
|inactive|Gancelot has 30 seconds left.
|
|t:|1784153605
|detailschange|p1b: Gengar|Gengar-Mega, L50, M
|-mega|p1b: Gengar|Gengar|Gengarite
|move|p2b: Charizard|Protect|p2b: Charizard
|-singleturn|p2b: Charizard|Protect
|move|p1b: Gengar|Sludge Bomb|p2a: Incineroar
|-damage|p2a: Incineroar|0 fnt
|faint|p2a: Incineroar
|move|p1a: Kommo-o|Clangorous Soul|p1a: Kommo-o
|-boost|p1a: Kommo-o|atk|1
|-boost|p1a: Kommo-o|def|1
|-boost|p1a: Kommo-o|spa|1
|-boost|p1a: Kommo-o|spd|1
|-boost|p1a: Kommo-o|spe|1
|-damage|p1a: Kommo-o|67/100
|
|-weather|SunnyDay|[upkeep]
|-sideend|p1: Gamertag1001IF|move: Tailwind
|upkeep
|
|t:|1784153616
|switch|p2a: Garchomp|Garchomp, L50, F|100/100
|turn|7
|
|t:|1784153629
|move|p2b: Charizard|Helping Hand|p2a: Garchomp
|-singleturn|p2a: Garchomp|Helping Hand|[of] p2b: Charizard
|move|p2a: Garchomp|Earthquake|p1b: Gengar|[spread] p1a,p1b
|-immune|p2b: Charizard
|-supereffective|p1b: Gengar|1
|-damage|p1a: Kommo-o|27/100
|-damage|p1b: Gengar|0 fnt
|faint|p1b: Gengar
|move|p1a: Kommo-o|Clanging Scales|p2a: Garchomp|[spread] p2a,p2b
|-supereffective|p2a: Garchomp|1
|-damage|p2a: Garchomp|0 fnt
|-damage|p2b: Charizard|4/100
|faint|p2a: Garchomp
|-unboost|p1a: Kommo-o|def|1
|-damage|p1a: Kommo-o|18/100|[from] item: Life Orb
|
|-weather|none
|upkeep
|
|t:|1784153635
|switch|p2a: Toxapex|Toxapex, L50, M|100/100
|turn|8
|
|t:|1784153642
|move|p2b: Charizard|Protect|p2b: Charizard
|-singleturn|p2b: Charizard|Protect
|move|p1a: Kommo-o|Clanging Scales|p2b: Charizard|[spread] p2a
|-activate|p2b: Charizard|move: Protect
|-damage|p2a: Toxapex|45/100
|-unboost|p1a: Kommo-o|def|1
|-damage|p1a: Kommo-o|8/100|[from] item: Life Orb
|move|p2a: Toxapex|Toxic|p1a: Kommo-o
|-status|p1a: Kommo-o|tox
|
|-heal|p2a: Toxapex|50/100g|[from] item: Leftovers
|-damage|p1a: Kommo-o|3/100 tox|[from] psn
|upkeep
|turn|9
|
|t:|1784153650
|move|p2b: Charizard|Protect|p2b: Charizard
|-singleturn|p2b: Charizard|Protect
|move|p2a: Toxapex|Baneful Bunker|p2a: Toxapex
|-singleturn|p2a: Toxapex|move: Protect
|move|p1a: Kommo-o|Aura Sphere|p2b: Charizard
|-activate|p2b: Charizard|move: Protect
|
|-heal|p2a: Toxapex|56/100|[from] item: Leftovers
|-damage|p1a: Kommo-o|0 fnt|[from] psn
|faint|p1a: Kommo-o
|
|win|Gancelot
