|j|☆jackpaulsartre33
|j|☆BeckVGC
|html|jackpaulsartre33BeckVGC    
|uhtml|bestof|Game 3 of a best-of-3
|t:|1785442054
|gametype|doubles
|player|p1|jackpaulsartre33|102|1000
|player|p2|BeckVGC|roughneck-gen4|1080
|gen|9
|tier|[Gen 9 Champions] VGC 2026 Reg M-B (Bo3)
|rated|
|rule|Species Clause: Limit one of each Pokémon
|rule|Item Clause: Limit 1 of each item
|clearpoke
|poke|p1|Gengar, L50, M|
|poke|p1|Incineroar, L50, M|
|poke|p1|Ninetales-Alola, L50, F|
|poke|p1|Garchomp, L50, F|
|poke|p1|Kingambit, L50, M|
|poke|p1|Charizard, L50, F|
|poke|p2|Staraptor, L50, M|
|poke|p2|Garchomp, L50, F|
|poke|p2|Whimsicott, L50, M|
|poke|p2|Delphox, L50, F|
|poke|p2|Glimmora, L50, F|
|poke|p2|Kingambit, L50, M, shiny|
|teampreview|4
|showteam|p1|Gengar||Gengarite|CursedBody|Protect,ShadowBall,SludgeBomb,PerishSong|Timid||M|||50|]Incineroar||SitrusBerry|Intimidate|Protect,PartingShot,ThroatChop,FakeOut|Impish||M|||50|]Ninetales-Alola||NeverMeltIce|SnowWarning|Protect,Blizzard,FreezeDry,IcyWind|Timid||F|||50|]Garchomp||LifeOrb|RoughSkin|Protect,DragonClaw,StompingTantrum,RockSlide|Jolly||F|||50|]Kingambit||FocusSash|Defiant|Protect,KowtowCleave,SuckerPunch,LowKick|Adamant||M|||50|]Charizard||CharizarditeY|Blaze|Protect,HeatWave,SolarBeam,WeatherBall|Modest||F|||50|
|showteam|p2|Staraptor||Staraptite|Intimidate|Protect,Roost,CloseCombat,BraveBird|Adamant||M|||50|]Garchomp||LifeOrb|RoughSkin|Protect,RockSlide,Earthquake,DragonClaw|Jolly||F|||50|]Whimsicott||OccaBerry|Prankster|Moonblast,Tailwind,Charm,LightScreen|Timid||M|||50|]Delphox||Delphoxite|Magician|Protect,Psychic,HeatWave,Substitute|Timid||F|||50|]Glimmora||FocusSash|ToxicDebris|SpikyShield,EarthPower,PowerGem,SludgeBomb|Timid||F|||50|]Kingambit||ChopleBerry|Defiant|KowtowCleave,IronHead,SuckerPunch,LowKick|Adamant||M|||50|
|inactive|Battle timer is ON: inactive players will automatically lose when time's up. (requested by BeckVGC)
|inactive|jackpaulsartre33 has 60 seconds left.
|inactive|BeckVGC has 60 seconds left.
|
|t:|1785442097
|teamsize|p1|4
|teamsize|p2|4
|start
|switch|p1a: Incineroar|Incineroar, L50, M|100/100
|switch|p1b: Gengar|Gengar, L50, M|100/100
|switch|p2a: Staraptor|Staraptor, L50, M|100/100
|switch|p2b: Whimsicott|Whimsicott, L50, M|100/100
|-ability|p2a: Staraptor|Intimidate|boost
|-unboost|p1a: Incineroar|atk|1
|-unboost|p1b: Gengar|atk|1
|-ability|p1a: Incineroar|Intimidate|boost
|-unboost|p2a: Staraptor|atk|1
|-unboost|p2b: Whimsicott|atk|1
|turn|1
|inactive|BeckVGC has 30 seconds left.
|
|t:|1785442124
|switch|p2b: Glimmora|Glimmora, L50, F|100/100
|detailschange|p1b: Gengar|Gengar-Mega, L50, M
|-mega|p1b: Gengar|Gengar|Gengarite
|detailschange|p2a: Staraptor|Staraptor-Mega, L50, M
|-mega|p2a: Staraptor|Staraptor|Staraptite
|move|p1a: Incineroar|Fake Out|p2a: Staraptor
|-damage|p2a: Staraptor|93/100
|move|p1b: Gengar|Perish Song|p1b: Gengar
|-start|p1a: Incineroar|perish3|[silent]
|-start|p1b: Gengar|perish3|[silent]
|-start|p2a: Staraptor|perish3|[silent]
|-start|p2b: Glimmora|perish3|[silent]
|-fieldactivate|move: Perish Song
|cant|p2a: Staraptor|flinch
|
|-start|p1b: Gengar|perish3
|-start|p2b: Glimmora|perish3
|-start|p2a: Staraptor|perish3
|-start|p1a: Incineroar|perish3
|upkeep
|turn|2
|inactive|jackpaulsartre33 has 30 seconds left.
|inactive|jackpaulsartre33 has 20 seconds left.
|inactive|jackpaulsartre33 has 15 seconds left.
|
|t:|1785442165
|move|p1b: Gengar|Protect|p1b: Gengar
|-singleturn|p1b: Gengar|Protect
|move|p1a: Incineroar|Protect|p1a: Incineroar
|-singleturn|p1a: Incineroar|Protect
|move|p2b: Glimmora|Power Gem|p1a: Incineroar
|-activate|p1a: Incineroar|move: Protect
|move|p2a: Staraptor|Close Combat|p1a: Incineroar
|-activate|p1a: Incineroar|move: Protect
|
|-start|p1b: Gengar|perish2
|-start|p2b: Glimmora|perish2
|-start|p2a: Staraptor|perish2
|-start|p1a: Incineroar|perish2
|upkeep
|turn|3
|inactive|jackpaulsartre33 has 30 seconds left.
|
|t:|1785442194
|switch|p1b: Garchomp|Garchomp, L50, F|100/100
|move|p2b: Glimmora|Earth Power|p1b: Garchomp
|-damage|p1b: Garchomp|64/100
|move|p2a: Staraptor|Brave Bird|p1b: Garchomp
|-damage|p1b: Garchomp|23/100
|-damage|p2a: Staraptor|81/100|[from] ability: Rough Skin|[of] p1b: Garchomp
|-damage|p2a: Staraptor|68/100|[from] Recoil
|move|p1a: Incineroar|Parting Shot|p1b: Garchomp
|-unboost|p1b: Garchomp|atk|1
|-unboost|p1b: Garchomp|spa|1
|
|t:|1785442208
|switch|p1a: Gengar|Gengar-Mega, L50, M|100/100|[from] Parting Shot
|
|-start|p2b: Glimmora|perish1
|-start|p2a: Staraptor|perish1
|upkeep
|turn|4
|
|t:|1785442219
|switch|p1b: Incineroar|Incineroar, L50, M|100/100
|-ability|p1b: Incineroar|Intimidate|boost
|-boost|p2a: Staraptor|atk|1
|-unboost|p2b: Glimmora|atk|1
|move|p1a: Gengar|Protect|p1a: Gengar
|-singleturn|p1a: Gengar|Protect
|move|p2b: Glimmora|Earth Power|p1a: Gengar
|-activate|p1a: Gengar|move: Protect
|move|p2a: Staraptor|Close Combat|p1b: Incineroar
|-supereffective|p1b: Incineroar|1
|-damage|p1b: Incineroar|0 fnt
|-boost|p2a: Staraptor|def|1
|-boost|p2a: Staraptor|spd|1
|faint|p1b: Incineroar
|
|-start|p2b: Glimmora|perish0
|-start|p2a: Staraptor|perish0
|faint|p2b: Glimmora
|faint|p2a: Staraptor
|upkeep
|
|t:|1785442238
|switch|p2b: Kingambit|Kingambit, L50, M, shiny|100/100
|switch|p2a: Whimsicott|Whimsicott, L50, M|100/100
|switch|p1b: Kingambit|Kingambit, L50, M|100/100
|turn|5
|l|☆BeckVGC
|inactive|BeckVGC disconnected and has a minute to reconnect!
|player|p2|
|inactive|jackpaulsartre33 has 30 seconds left.
|inactive|BeckVGC has 30 seconds left.
|inactive|jackpaulsartre33 has 20 seconds left.
|inactive|BeckVGC has 20 seconds left.
|inactive|BeckVGC has 15 seconds left.
|inactive|BeckVGC has 10 seconds left.
|inactive|BeckVGC has 5 seconds left.
|-message|BeckVGC lost due to inactivity.
|
|win|jackpaulsartre33
|raw|jackpaulsartre33's rating: 1000 → 1049(+49 for winning)
|raw|BeckVGC's rating: 1080 → 1053(-27 for losing)
