|j|☆Urkin' Pincurchin
|j|☆Bellbottoms
|html|Urkin' PincurchinBellbottoms    
|uhtml|bestof|Game 1 of a best-of-3
|t:|1756688845
|gametype|doubles
|player|p1|Urkin' Pincurchin|fisherman-gen4|1361
|player|p2|Bellbottoms|pokemonbreederf-gen4|1324
|gen|9
|tier|[Gen 9] VGC 2025 Reg H (Bo3)
|rated|
|rule|Species Clause: Limit one of each Pokémon
|rule|Item Clause: Limit 1 of each item
|clearpoke
|poke|p1|Dragonite, L50, M|
|poke|p1|Rillaboom, L50, M|
|poke|p1|Maushold-Four, L50|
|poke|p1|Annihilape, L50, M|
|poke|p1|Gholdengo, L50|
|poke|p1|Ursaluna-Bloodmoon, L50, M|
|poke|p2|Gholdengo, L50|
|poke|p2|Rillaboom, L50, M|
|poke|p2|Arcanine-Hisui, L50, F|
|poke|p2|Sneasler, L50, M|
|poke|p2|Dragonite, L50, F|
|poke|p2|Ninetales-Alola, L50, M|
|teampreview|4
|showteam|p1|Dragonite||LoadedDice|Multiscale|ScaleShot,Tailwind,Protect,Haze|||M|||50|,,,,,Fairy]Rillaboom||MiracleSeed|GrassySurge|WoodHammer,GrassyGlide,HighHorsepower,FakeOut|||M|||50|,,,,,Fire]Maushold-Four||FocusSash|FriendGuard|SuperFang,BeatUp,Protect,FollowMe||||||50|,,,,,Ghost]Annihilape||SitrusBerry|Defiant|RageFist,DrainPunch,BulkUp,Protect|||M|||50|,,,,,Fire]Gholdengo||LifeOrb|GoodasGold|MakeItRain,ShadowBall,Protect,NastyPlot||||||50|,,,,,Water]Ursaluna-Bloodmoon||AssaultVest|MindsEye|BloodMoon,EarthPower,HyperVoice,VacuumWave|||M|||50|,,,,,Water
|showteam|p2|Gholdengo||GrassySeed|GoodasGold|MakeItRain,NastyPlot,ShadowBall,Protect||||||50|,,,,,Water]Rillaboom||AssaultVest|GrassySurge|WoodHammer,GrassyGlide,FakeOut,Uturn|||M|||50|,,,,,Fire]Arcanine-Hisui||ClearAmulet|Intimidate|RockSlide,FlareBlitz,ExtremeSpeed,Protect|||F|||50|,,,,,Water]Sneasler||FocusSash|Unburden|CloseCombat,DireClaw,Coaching,Protect|||M|||50|,,,,,Stellar]Dragonite||LoadedDice|Multiscale|ScaleShot,StompingTantrum,Protect,Tailwind|||F|||50|,,,,,Ground]Ninetales-Alola||CovertCloak|SnowWarning|Blizzard,IcyWind,AuroraVeil,Encore|||M|||50|,,,,,Ice
|inactive|Battle timer is ON: inactive players will automatically lose when time's up. (requested by Urkin' Pincurchin)
|inactive|Urkin' Pincurchin has 60 seconds left.
|inactive|Urkin' Pincurchin has 30 seconds left.
|inactive|Urkin' Pincurchin has 20 seconds left.
|inactive|Urkin' Pincurchin has 15 seconds left.
|
|t:|1756688923
|teamsize|p1|4
|teamsize|p2|4
|start
|switch|p1a: Maushold|Maushold-Four, L50|100/100
|switch|p1b: Annihilape|Annihilape, L50, M|100/100
|switch|p2a: Rocky Road|Sneasler, L50, M|100/100
|switch|p2b: BrewingStorm|Dragonite, L50, F|100/100
|turn|1
|
|t:|1756688946
|move|p2a: Rocky Road|Coaching|p2b: BrewingStorm
|-boost|p2b: BrewingStorm|atk|1
|-boost|p2b: BrewingStorm|def|1
|move|p1a: Maushold|Beat Up|p1b: Annihilape
|-damage|p1b: Annihilape|99/100
|-damage|p1b: Annihilape|97/100
|-damage|p1b: Annihilape|96/100
|-damage|p1b: Annihilape|94/100
|-hitcount|p1b: Annihilape|4
|move|p1b: Annihilape|Rage Fist|p2a: Rocky Road
|-enditem|p2a: Rocky Road|Focus Sash
|-damage|p2a: Rocky Road|1/100
|move|p2b: BrewingStorm|Scale Shot|p1b: Annihilape
|-damage|p1b: Annihilape|78/100
|-damage|p1b: Annihilape|64/100
|-damage|p1b: Annihilape|47/100
|-enditem|p1b: Annihilape|Sitrus Berry|[eat]
|-heal|p1b: Annihilape|71/100|[from] item: Sitrus Berry
|-damage|p1b: Annihilape|55/100
|-crit|p1b: Annihilape
|-damage|p1b: Annihilape|32/100
|-hitcount|p1b: Annihilape|5
|-unboost|p2b: BrewingStorm|def|1
|-boost|p2b: BrewingStorm|spe|1
|
|upkeep
|turn|2
|
|t:|1756688969
|move|p2b: BrewingStorm|Protect|p2b: BrewingStorm
|-singleturn|p2b: BrewingStorm|Protect
|move|p2a: Rocky Road|Close Combat|p1a: Maushold
|-supereffective|p1a: Maushold
|-enditem|p1a: Maushold|Focus Sash
|-damage|p1a: Maushold|1/100
|-unboost|p2a: Rocky Road|def|1
|-unboost|p2a: Rocky Road|spd|1
|move|p1a: Maushold|Super Fang|p2b: BrewingStorm
|-activate|p2b: BrewingStorm|move: Protect
|move|p1b: Annihilape|Rage Fist|p2b: BrewingStorm
|-activate|p2b: BrewingStorm|move: Protect
|
|upkeep
|turn|3
|
|t:|1756688980
|move|p1a: Maushold|Protect|p1a: Maushold
|-singleturn|p1a: Maushold|Protect
|move|p2a: Rocky Road|Dire Claw|p1a: Maushold
|-activate|p1a: Maushold|move: Protect
|move|p2b: BrewingStorm|Scale Shot|p1b: Annihilape|[miss]
|-miss|p2b: BrewingStorm|p1b: Annihilape
|move|p1b: Annihilape|Rage Fist|p2b: BrewingStorm
|-crit|p2b: BrewingStorm
|-damage|p2b: BrewingStorm|0 fnt
|faint|p2b: BrewingStorm
|
|upkeep
|
|t:|1756688984
|switch|p2b: Dearg Doom|Arcanine-Hisui, L50, F|100/100
|-ability|p2b: Dearg Doom|Intimidate|boost
|-unboost|p1a: Maushold|atk|1
|-unboost|p1b: Annihilape|atk|1
|-ability|p1b: Annihilape|Defiant|boost
|-boost|p1b: Annihilape|atk|2
|turn|4
|
|t:|1756688999
|move|p2b: Dearg Doom|Protect|p2b: Dearg Doom
|-singleturn|p2b: Dearg Doom|Protect
|move|p1a: Maushold|Follow Me|p1a: Maushold
|-singleturn|p1a: Maushold|move: Follow Me
|move|p2a: Rocky Road|Coaching|p2b: Dearg Doom
|-boost|p2b: Dearg Doom|atk|1
|-boost|p2b: Dearg Doom|def|1
|move|p1b: Annihilape|Drain Punch|p2b: Dearg Doom
|-activate|p2b: Dearg Doom|move: Protect
|
|upkeep
|turn|5
|
|t:|1756689010
|move|p1a: Maushold|Follow Me|p1a: Maushold
|-singleturn|p1a: Maushold|move: Follow Me
|move|p2a: Rocky Road|Dire Claw|p1a: Maushold
|-damage|p1a: Maushold|0 fnt
|faint|p1a: Maushold
|move|p1b: Annihilape|Rage Fist|p2b: Dearg Doom
|-damage|p2b: Dearg Doom|0 fnt
|faint|p2b: Dearg Doom
|
|upkeep
|c|☆Bellbottoms|wow
|-message|Bellbottoms forfeited.
|
|win|Urkin' Pincurchin
||Urkin' Pincurchin is ready for game 2.
