|j|☆Lorido
|j|☆tipolucha
|html|Loridotipolucha    
|uhtml|bestof|Game 1 of a best-of-3
|t:|1785335112
|gametype|doubles
|player|p1|Lorido|170|1352
|player|p2|tipolucha|101|1208
|gen|9
|tier|[Gen 9 Champions] VGC 2026 Reg M-B (Bo3)
|rated|
|rule|Species Clause: Limit one of each Pokémon
|rule|Item Clause: Limit 1 of each item
|clearpoke
|poke|p1|Delphox, L50, M|
|poke|p1|Incineroar, L50, M|
|poke|p1|Floette-Eternal, L50, F|
|poke|p1|Kingambit, L50, F|
|poke|p1|Sinistcha, L50|
|poke|p1|Sneasler, L50, M|
|poke|p2|Whimsicott, L50, M|
|poke|p2|Froslass, L50, F|
|poke|p2|Milotic, L50, F|
|poke|p2|Infernape, L50, F|
|poke|p2|Scizor, L50, F|
|poke|p2|Sneasler, L50, M|
|teampreview|4
|showteam|p1|Delphox||Delphoxite|Blaze|HeatWave,Psychic,NastyPlot,Protect|Timid||M|||50|]Incineroar||SitrusBerry|Intimidate|FlareBlitz,DarkestLariat,FakeOut,PartingShot|Careful||M|||50|]Floette-Eternal||Floettite|FlowerVeil|DazzlingGleam,DrainingKiss,CalmMind,Protect|Bold||F|||50|]Kingambit||BlackGlasses|Defiant|KowtowCleave,SuckerPunch,SwordsDance,Protect|Adamant||F|||50|]Sinistcha||OccaBerry|Hospitality|MatchaGotcha,RagePowder,TrickRoom,Protect|Bold|||||50|]Sneasler||FocusSash|PoisonTouch|CloseCombat,PoisonJab,FakeOut,QuickGuard|Jolly||M|||50|
|showteam|p2|Whimsicott||FocusSash|Prankster|Tailwind,Moonblast,Encore,EnergyBall|Timid||M|||50|]Froslass||Froslassite|SnowCloak|Blizzard,ShadowBall,AuroraVeil,Protect|Timid||F|||50|]Milotic||SitrusBerry|Competitive|IceBeam,Scald,IcyWind,Protect|Modest||F|||50|]Infernape||ChoiceScarf|IronFist|DrainPunch,RockSlide,FirePunch,ThunderPunch|Jolly||F|||50|]Scizor||Scizorite|Technician|BugBite,BulletPunch,Assurance,Protect|Adamant||F|||50|]Sneasler||WhiteHerb|Unburden|CloseCombat,Protect,RockSlide,DireClaw|Jolly||M|||50|
|inactive|Battle timer is ON: inactive players will automatically lose when time's up. (requested by tipolucha)
|
|t:|1785335149
|teamsize|p1|4
|teamsize|p2|4
|start
|switch|p1a: Delphox|Delphox, L50, M|100/100
|switch|p1b: Sneasler|Sneasler, L50, M|100/100
|switch|p2a: Milotic|Milotic, L50, F|100/100
|switch|p2b: Sneasler|Sneasler, L50, M|100/100
|turn|1
|inactive|Lorido has 30 seconds left.
|
|t:|1785335180
|detailschange|p1a: Delphox|Delphox-Mega, L50, M
|-mega|p1a: Delphox|Delphox|Delphoxite
|move|p2b: Sneasler|Protect|p2b: Sneasler
|-singleturn|p2b: Sneasler|Protect
|move|p1b: Sneasler|Fake Out|p2b: Sneasler
|-activate|p2b: Sneasler|move: Protect
|move|p1a: Delphox|Nasty Plot|p1a: Delphox
|-boost|p1a: Delphox|spa|2
|move|p2a: Milotic|Icy Wind|p1b: Sneasler|[spread] p1a,p1b
|-resisted|p1a: Delphox|1
|-damage|p1a: Delphox|93/100
|-damage|p1b: Sneasler|83/100
|-unboost|p1a: Delphox|spe|1
|-unboost|p1b: Sneasler|spe|1
|
|upkeep
|turn|2
|
|t:|1785335202
|move|p2b: Sneasler|Rock Slide|p1b: Sneasler|[spread] p1a,p1b
|-supereffective|p1a: Delphox|1
|-resisted|p1b: Sneasler|1
|-damage|p1a: Delphox|48/100
|-damage|p1b: Sneasler|67/100
|cant|p1a: Delphox|flinch
|move|p1b: Sneasler|Poison Jab|p2a: Milotic
|-damage|p2a: Milotic|59/100
|-status|p2a: Milotic|psn|[from] ability: Poison Touch|[of] p1b: Sneasler
|move|p2a: Milotic|Scald|p1a: Delphox
|-supereffective|p1a: Delphox|1
|-damage|p1a: Delphox|0 fnt
|faint|p1a: Delphox
|
|-damage|p2a: Milotic|47/100 psn|[from] psn
|upkeep
|-enditem|p2a: Milotic|Sitrus Berry|[eat]
|-heal|p2a: Milotic|71/100 psn|[from] item: Sitrus Berry
|
|t:|1785335216
|switch|p1a: Sinistcha|Sinistcha, L50|100/100
|-heal|p1b: Sneasler|91/100|[from] ability: Hospitality|[of] p1a: Sinistcha
|turn|3
|
|t:|1785335234
|move|p2b: Sneasler|Dire Claw|p1a: Sinistcha
|-damage|p1a: Sinistcha|64/100
|move|p1b: Sneasler|Close Combat|p2b: Sneasler
|-resisted|p2b: Sneasler|1
|-damage|p2b: Sneasler|46/100
|-unboost|p1b: Sneasler|def|1
|-unboost|p1b: Sneasler|spd|1
|move|p2a: Milotic|Ice Beam|p1a: Sinistcha
|-supereffective|p1a: Sinistcha|1
|-damage|p1a: Sinistcha|5/100
|move|p1a: Sinistcha|Matcha Gotcha|p2b: Sneasler|[spread] p2a,p2b
|-supereffective|p2a: Milotic|1
|-crit|p2a: Milotic
|-resisted|p2b: Sneasler|1
|-damage|p2a: Milotic|20/100y psn
|-heal|p1a: Sinistcha|34/100|[from] drain|[of] p2a: Milotic
|-damage|p2b: Sneasler|30/100
|-heal|p1a: Sinistcha|41/100|[from] drain|[of] p2b: Sneasler
|
|-damage|p2a: Milotic|7/100 psn|[from] psn
|upkeep
|turn|4
|inactive|Lorido has 30 seconds left.
|
|t:|1785335263
|switch|p1b: Incineroar|Incineroar, L50, M|100/100
|-ability|p1b: Incineroar|Intimidate|boost
|-unboost|p2a: Milotic|atk|1
|-ability|p2a: Milotic|Competitive|boost
|-boost|p2a: Milotic|spa|2
|-unboost|p2b: Sneasler|atk|1
|-enditem|p2b: Sneasler|White Herb
|-clearnegativeboost|p2b: Sneasler|[silent]
|move|p1a: Sinistcha|Protect|p1a: Sinistcha
|-singleturn|p1a: Sinistcha|Protect
|move|p2b: Sneasler|Close Combat|p1b: Incineroar
|-supereffective|p1b: Incineroar|1
|-damage|p1b: Incineroar|0 fnt
|-unboost|p2b: Sneasler|def|1
|-unboost|p2b: Sneasler|spd|1
|faint|p1b: Incineroar
|move|p2a: Milotic|Ice Beam|p1a: Sinistcha
|-activate|p1a: Sinistcha|move: Protect
|
|-damage|p2a: Milotic|0 fnt|[from] psn
|faint|p2a: Milotic
|upkeep
|
|t:|1785335279
|switch|p2a: Infernape|Infernape, L50, F|100/100
|switch|p1b: Sneasler|Sneasler, L50, M|91/100
|turn|5
|
|t:|1785335299
|move|p1b: Sneasler|Fake Out|p2a: Infernape
|-damage|p2a: Infernape|76/100
|-status|p2a: Infernape|psn|[from] ability: Poison Touch|[of] p1b: Sneasler
|move|p2b: Sneasler|Close Combat|p1b: Sneasler
|-resisted|p1b: Sneasler|1
|-damage|p1b: Sneasler|41/100
|-unboost|p2b: Sneasler|def|1
|-unboost|p2b: Sneasler|spd|1
|cant|p2a: Infernape|flinch
|move|p1a: Sinistcha|Matcha Gotcha|p2a: Infernape|[spread] p2a,p2b
|-resisted|p2a: Infernape|1
|-resisted|p2b: Sneasler|1
|-damage|p2a: Infernape|57/100 psn
|-heal|p1a: Sinistcha|50/100y|[from] drain|[of] p2a: Infernape
|-damage|p2b: Sneasler|0 fnt
|-heal|p1a: Sinistcha|63/100|[from] drain|[of] p2b: Sneasler
|faint|p2b: Sneasler
|
|-damage|p2a: Infernape|45/100 psn|[from] psn
|upkeep
|
|t:|1785335302
|switch|p2b: Scizor|Scizor, L50, F|100/100
|turn|6
|inactive|Lorido has 30 seconds left.
|
|t:|1785335328
|detailschange|p2b: Scizor|Scizor-Mega, L50, F
|-mega|p2b: Scizor|Scizor|Scizorite
|move|p1a: Sinistcha|Protect|p1a: Sinistcha
|-singleturn|p1a: Sinistcha|Protect
|move|p2a: Infernape|Fire Punch|p1b: Sneasler
|-damage|p1b: Sneasler|0 fnt
|faint|p1b: Sneasler
|move|p2b: Scizor|Bug Bite|p1a: Sinistcha
|-activate|p1a: Sinistcha|move: Protect
|
|-damage|p2a: Infernape|32/100 psn|[from] psn
|upkeep
|turn|7
|
|t:|1785335343
|move|p2a: Infernape|Fire Punch|p1a: Sinistcha
|-supereffective|p1a: Sinistcha|1
|-enditem|p1a: Sinistcha|Occa Berry|[eat]
|-enditem|p1a: Sinistcha|Occa Berry|[weaken]
|-damage|p1a: Sinistcha|28/100
|move|p2b: Scizor|Bug Bite|p1a: Sinistcha
|-damage|p1a: Sinistcha|0 fnt
|faint|p1a: Sinistcha
|
|win|tipolucha
