|j|â˜†im rune not rine
|j|â˜†redcorvin
|html|im rune not rineredcorvin    
|uhtml|bestof|Game 1 of a best-of-3
|t:|1784395894
|gametype|doubles
|player|p1|im rune not rine|265|
|player|p2|redcorvin|nate|
|gen|9
|tier|[Gen 9 Champions] VGC 2026 Reg M-B (Bo3)
|rule|Species Clause: Limit one of each PokÃ©mon
|rule|Item Clause: Limit 1 of each item
|clearpoke
|poke|p1|Pelipper, L50, M|
|poke|p1|Azumarill, L50, F, shiny|
|poke|p1|Archaludon, L50, F, shiny|
|poke|p1|Dragonite, L50, M|
|poke|p1|Raichu, L50, M|
|poke|p1|Incineroar, L50, M|
|poke|p2|Floette-Eternal, L50, F|
|poke|p2|Charizard, L50, M|
|poke|p2|Whimsicott, L50, F, shiny|
|poke|p2|Garchomp, L50, F, shiny|
|poke|p2|Basculegion, L50, M|
|poke|p2|Kingambit, L50, M, shiny|
|teampreview|4
|showteam|p1|Pelipper||DampRock|Drizzle|Hurricane,Uturn,RainDance,Tailwind|Bold||M|||50|]Azumarill||LifeOrb|HugePower|AquaJet,PlayRough,Encore,IceSpinner|Adamant||F|||50|]Archaludon||QuickClaw|Stamina|AuraSphere,DracoMeteor,ElectroShot,Protect|Timid||F|||50|]Dragonite||Dragoninite|Multiscale|DracoMeteor,ExtremeSpeed,IceBeam,WeatherBall|Quiet||M|||50|]Raichu||RaichuniteY|LightningRod|Encore,FakeOut,ZapCannon,FocusBlast|Modest||M|||50|]Incineroar||Leftovers|Intimidate|CloseCombat,DarkestLariat,FakeOut,PartingShot|Impish||M|||50|
|showteam|p2|Floette-Eternal||Floettite|FlowerVeil|Moonblast,DazzlingGleam,LightofRuin,Protect|Modest||F|||50|]Charizard||CharizarditeY|Blaze|HeatWave,WeatherBall,SolarBeam,Protect|Modest||M|||50|]Whimsicott||FocusSash|Prankster|Moonblast,Tailwind,Encore,Protect|Timid||F|||50|]Garchomp||RoseliBerry|RoughSkin|DragonClaw,StompingTantrum,PoisonJab,RockSlide|Jolly||F|||50|]Basculegion||MysticWater|Adaptability|WaveCrash,LastRespects,AquaJet,Protect|Adamant||M|||50|]Kingambit||OccaBerry|Defiant|KowtowCleave,IronHead,SuckerPunch,Protect|Adamant||M|||50|
|c|â˜†im rune not rine|glhf!
|
|t:|1784395926
|teamsize|p1|4
|teamsize|p2|4
|start
|switch|p1a: plskeeprain|Pelipper, L50, M|100/100
|switch|p1b: BascuIegion|Raichu, L50, M|100/100
|switch|p2a: Whimsicott|Whimsicott, L50, F, shiny|100/100
|switch|p2b: Floette|Floette-Eternal, L50, F|100/100
|-weather|RainDance|[from] ability: Drizzle|[of] p1a: plskeeprain
|turn|1
|c|â˜†redcorvin|right!
|
|t:|1784395947
|detailschange|p2b: Floette|Floette-Mega, L50, F
|-mega|p2b: Floette|Floette|Floettite
|-ability|p2b: Floette|Fairy Aura
|move|p1b: BascuIegion|Fake Out|p2b: Floette
|-damage|p2b: Floette|89/100
|move|p2a: Whimsicott|Tailwind|p2a: Whimsicott
|-sidestart|p2: redcorvin|move: Tailwind
|cant|p2b: Floette|flinch
|move|p1a: plskeeprain|Tailwind|p1a: plskeeprain
|-sidestart|p1: im rune not rine|move: Tailwind
|
|-weather|RainDance|[upkeep]
|upkeep
|turn|2
|
|t:|1784395972
|detailschange|p1b: BascuIegion|Raichu-Mega-Y, L50, M
|-mega|p1b: BascuIegion|Raichu|Raichunite Y
|move|p2b: Floette|Protect|p2b: Floette
|-singleturn|p2b: Floette|Protect
|move|p2a: Whimsicott|Moonblast|p1b: BascuIegion
|-damage|p1b: BascuIegion|22/100
|move|p1b: BascuIegion|Encore|p2a: Whimsicott
|-start|p2a: Whimsicott|Encore
|move|p1a: plskeeprain|Hurricane|p2a: Whimsicott
|-supereffective|p2a: Whimsicott|1
|-enditem|p2a: Whimsicott|Focus Sash
|-damage|p2a: Whimsicott|1/100
|
|-weather|RainDance|[upkeep]
|upkeep
|turn|3
|c|â˜†im rune not rine|dang still faster
|
|t:|1784396027
|move|p2a: Whimsicott|Moonblast|p1b: BascuIegion
|-damage|p1b: BascuIegion|0 fnt
|faint|p1b: BascuIegion
|move|p2b: Floette|Light of Ruin|p1a: plskeeprain
|-damage|p1a: plskeeprain|0 fnt
|faint|p1a: plskeeprain
|-damage|p2b: Floette|35/100|[from] Recoil
|
|-weather|RainDance|[upkeep]
|upkeep
|
|t:|1784396032
|switch|p1b: Magenton|Dragonite, L50, M|100/100
|switch|p1a: BaxcaIibur|Archaludon, L50, F, shiny|100/100
|turn|4
|-activate|p1a: BaxcaIibur|item: Quick Claw
|
|t:|1784396046
|move|p1a: BaxcaIibur|Protect|p1a: BaxcaIibur
|-singleturn|p1a: BaxcaIibur|Protect
|move|p1b: Magenton|Extreme Speed|p2a: Whimsicott
|-damage|p2a: Whimsicott|0 fnt
|faint|p2a: Whimsicott
|move|p2b: Floette|Light of Ruin|p1b: Magenton
|-supereffective|p1b: Magenton|1
|-damage|p1b: Magenton|0 fnt
|faint|p1b: Magenton
|-damage|p2b: Floette|0 fnt|[from] Recoil
|faint|p2b: Floette
|
|-weather|RainDance|[upkeep]
|-sideend|p1: im rune not rine|move: Tailwind
|-sideend|p2: redcorvin|move: Tailwind
|upkeep
|
|t:|1784396060
|switch|p2a: Garchomp|Garchomp, L50, F, shiny|100/100
|switch|p2b: Basculegion|Basculegion, L50, M|100/100
|turn|5
|
|t:|1784396071
|move|p2a: Garchomp|Stomping Tantrum|p1a: BaxcaIibur
|-supereffective|p1a: BaxcaIibur|1
|-damage|p1a: BaxcaIibur|31/100
|-ability|p1a: BaxcaIibur|Stamina|boost
|-boost|p1a: BaxcaIibur|def|1
|move|p1a: BaxcaIibur|Electro Shot||[still]
|-prepare|p1a: BaxcaIibur|Electro Shot
|-boost|p1a: BaxcaIibur|spa|1
|-anim|p1a: BaxcaIibur|Electro Shot|p2b: Basculegion
|-supereffective|p2b: Basculegion|1
|-damage|p2b: Basculegion|0 fnt
|faint|p2b: Basculegion
|
|-weather|RainDance|[upkeep]
|upkeep
|turn|6
|
|t:|1784396086
|move|p1a: BaxcaIibur|Protect|p1a: BaxcaIibur
|-singleturn|p1a: BaxcaIibur|Protect
|move|p2a: Garchomp|Stomping Tantrum|p1a: BaxcaIibur
|-activate|p1a: BaxcaIibur|move: Protect
|
|-weather|RainDance|[upkeep]
|upkeep
|turn|7
|-activate|p1a: BaxcaIibur|item: Quick Claw
|
|t:|1784396093
|move|p1a: BaxcaIibur|Draco Meteor|p2a: Garchomp
|-supereffective|p2a: Garchomp|1
|-damage|p2a: Garchomp|0 fnt
|-unboost|p1a: BaxcaIibur|spa|2
|faint|p2a: Garchomp
|
|win|im rune not rine
||redcorvin is ready for game 2.
|c|â˜†im rune not rine|WHAT
|c|â˜†im rune not rine|LMAO
|inactive|im rune not rine has 30 seconds to confirm battle start!
||im rune not rine is ready for game 2.
|uhtml|next|Next: Game 2 of 3
|l|â˜†redcorvin
|player|p2|
