|j|‽Ser Maestro
|j|☆SoundsGoodra
|html|Ser MaestroSoundsGoodra    
|uhtml|bestof|Game 2 of a best-of-3
|t:|1785176334
|gametype|doubles
|player|p1|Ser Maestro|266|1206
|player|p2|SoundsGoodra|dragontamer|1178
|gen|9
|tier|[Gen 9 Champions] VGC 2026 Reg M-B (Bo3)
|rated|
|rule|Species Clause: Limit one of each Pokémon
|rule|Item Clause: Limit 1 of each item
|clearpoke
|poke|p1|Camerupt, L50, F|
|poke|p1|Farigiraf, L50, M|
|poke|p1|Staraptor, L50, F|
|poke|p1|Conkeldurr, L50, F|
|poke|p1|Excadrill, L50, M|
|poke|p1|Tyranitar, L50, M|
|poke|p2|Raichu, L50, M, shiny|
|poke|p2|Sinistcha, L50, shiny|
|poke|p2|Incineroar, L50, F, shiny|
|poke|p2|Sylveon, L50, F, shiny|
|poke|p2|Metagross, L50, shiny|
|poke|p2|Hydreigon, L50, F, shiny|
|teampreview|4
|showteam|p1|Camerupt||Cameruptite|MagmaArmor|HeatWave,EarthPower,RockSlide,Substitute|Quiet||F|||50|]Farigiraf||SitrusBerry|ArmorTail|TrickRoom,HyperVoice,HelpingHand,Thunderbolt|Sassy||M|||50|]Staraptor||ChoiceScarf|Intimidate|FinalGambit,BraveBird,CloseCombat,Uturn|Jolly||F|||50|]Conkeldurr||LifeOrb|SheerForce|IcePunch,MachPunch,PoisonJab,CloseCombat|Adamant||F|||50|]Excadrill||FocusSash|SandRush|RockSlide,Protect,HighHorsepower,IronHead|Adamant||M|||50|]Tyranitar||Tyranitarite|SandStream|RockSlide,DragonDance,KnockOff,Protect|Adamant||M|||50|
|showteam|p2|Raichu||RaichuniteY|LightningRod|ZapCannon,FocusBlast,FakeOut,Protect|Timid||M|||50|]Sinistcha||SitrusBerry|Hospitality|MatchaGotcha,RagePowder,TrickRoom,Protect|Bold|||||50|]Incineroar||ShucaBerry|Intimidate|FlareBlitz,DarkestLariat,PartingShot,FakeOut|Careful||F|||50|]Sylveon||FairyFeather|Pixilate|HyperVoice,Moonblast,CalmMind,Protect|Modest||F|||50|]Metagross||Metagrossite|ClearBody|HardPress,PsychicFangs,BodyPress,Protect|Adamant|||||50|]Hydreigon||ChoiceScarf|Levitate|DracoMeteor,DarkPulse,EarthPower,Snarl|Modest||F|||50|
|
|t:|1785176356
|teamsize|p1|4
|teamsize|p2|4
|start
|switch|p1a: Farigiraf|Farigiraf, L50, M|100/100
|switch|p1b: Staraptor|Staraptor, L50, F|100/100
|switch|p2a: Incineroar|Incineroar, L50, F, shiny|100/100
|switch|p2b: Sylveon|Sylveon, L50, F, shiny|100/100
|-ability|p1b: Staraptor|Intimidate|boost
|-unboost|p2a: Incineroar|atk|1
|-unboost|p2b: Sylveon|atk|1
|-ability|p2a: Incineroar|Intimidate|boost
|-unboost|p1a: Farigiraf|atk|1
|-unboost|p1b: Staraptor|atk|1
|turn|1
|inactive|Battle timer is ON: inactive players will automatically lose when time's up. (requested by SoundsGoodra)
|
|t:|1785176377
|switch|p2a: Sinistcha|Sinistcha, L50, shiny|100/100
|move|p2b: Sylveon|Protect|p2b: Sylveon
|-singleturn|p2b: Sylveon|Protect
|move|p1b: Staraptor|Final Gambit|p2a: Sinistcha
|-immune|p2a: Sinistcha
|move|p1a: Farigiraf|Trick Room|p1a: Farigiraf
|-fieldstart|move: Trick Room|[of] p1a: Farigiraf
|
|upkeep
|turn|2
|
|t:|1785176387
|move|p2a: Sinistcha|Rage Powder|p2a: Sinistcha
|-singleturn|p2a: Sinistcha|move: Rage Powder
|move|p1a: Farigiraf|Hyper Voice|p2a: Sinistcha|[spread] p2b
|-immune|p2a: Sinistcha
|-damage|p2b: Sylveon|81/100
|move|p2b: Sylveon|Calm Mind|p2b: Sylveon
|-boost|p2b: Sylveon|spa|1
|-boost|p2b: Sylveon|spd|1
|move|p1b: Staraptor|Final Gambit|p2a: Sinistcha
|-immune|p2a: Sinistcha
|
|upkeep
|turn|3
|
|t:|1785176401
|switch|p1a: Camerupt|Camerupt, L50, F|100/100
|move|p2a: Sinistcha|Rage Powder|p2a: Sinistcha
|-singleturn|p2a: Sinistcha|move: Rage Powder
|move|p2b: Sylveon|Calm Mind|p2b: Sylveon
|-boost|p2b: Sylveon|spa|1
|-boost|p2b: Sylveon|spd|1
|move|p1b: Staraptor|Final Gambit|p2a: Sinistcha
|-immune|p2a: Sinistcha
|
|upkeep
|turn|4
|
|t:|1785176420
|detailschange|p1a: Camerupt|Camerupt-Mega, L50, F
|-mega|p1a: Camerupt|Camerupt|Cameruptite
|move|p2a: Sinistcha|Rage Powder|p2a: Sinistcha
|-singleturn|p2a: Sinistcha|move: Rage Powder
|move|p1a: Camerupt|Heat Wave|p2b: Sylveon|[spread] p2a,p2b
|-supereffective|p2a: Sinistcha|1
|-damage|p2a: Sinistcha|0 fnt
|-damage|p2b: Sylveon|62/100
|faint|p2a: Sinistcha
|move|p2b: Sylveon|Hyper Voice|p1b: Staraptor|[spread] p1a,p1b
|-resisted|p1a: Camerupt|1
|-damage|p1a: Camerupt|55/100
|-damage|p1b: Staraptor|0 fnt
|faint|p1b: Staraptor
|
|upkeep
|
|t:|1785176431
|switch|p2a: Raichu|Raichu, L50, M, shiny|100/100
|switch|p1b: Conkeldurr|Conkeldurr, L50, F|100/100
|turn|5
|
|t:|1785176440
|detailschange|p2a: Raichu|Raichu-Mega-Y, L50, M, shiny
|-mega|p2a: Raichu|Raichu|Raichunite Y
|move|p2b: Sylveon|Protect|p2b: Sylveon
|-singleturn|p2b: Sylveon|Protect
|move|p2a: Raichu|Protect|p2a: Raichu
|-singleturn|p2a: Raichu|Protect
|move|p1a: Camerupt|Substitute|p1a: Camerupt
|-start|p1a: Camerupt|Substitute
|-damage|p1a: Camerupt|31/100
|move|p1b: Conkeldurr|Poison Jab|p2b: Sylveon
|-activate|p2b: Sylveon|move: Protect
|
|-fieldend|move: Trick Room
|upkeep
|turn|6
|inactive|Ser Maestro has 30 seconds left.
|inactive|Ser Maestro has 20 seconds left.
|inactive|Ser Maestro has 15 seconds left.
|inactive|Ser Maestro has 10 seconds left.
|
|t:|1785176489
|move|p1b: Conkeldurr|Mach Punch|p2a: Raichu
|-damage|p2a: Raichu|52/100
|-damage|p1b: Conkeldurr|90/100|[from] item: Life Orb
|move|p2a: Raichu|Focus Blast|p1a: Camerupt
|-end|p1a: Camerupt|Substitute
|move|p2b: Sylveon|Hyper Voice|p1b: Conkeldurr|[spread] p1a,p1b
|-resisted|p1a: Camerupt|1
|-supereffective|p1b: Conkeldurr|1
|-damage|p1a: Camerupt|0 fnt
|-damage|p1b: Conkeldurr|0 fnt
|faint|p1a: Camerupt
|faint|p1b: Conkeldurr
|
|upkeep
|-message|Ser Maestro forfeited.
|
|win|SoundsGoodra
