|j|Ōśåamadeus1803
|j|ŌśåJordan74
|html|amadeus1803Jordan74    
|uhtml|bestof|Game 1 of a best-of-3
|t:|1782357151
|gametype|doubles
|player|p1|amadeus1803|flint|
|player|p2|Jordan74|266|
|gen|9
|tier|[Gen 9 Champions] VGC 2026 Reg M-B (Bo3)
|rule|Species Clause: Limit one of each Pok├®mon
|rule|Item Clause: Limit 1 of each item
|clearpoke
|poke|p1|Blaziken, L50, M, shiny|
|poke|p1|Hydreigon, L50, M, shiny|
|poke|p1|Basculegion, L50, M, shiny|
|poke|p1|Whimsicott, L50, F|
|poke|p1|Farigiraf, L50, M, shiny|
|poke|p1|Metagross, L50, shiny|
|poke|p2|Charizard, L50, F|
|poke|p2|Mawile, L50, M|
|poke|p2|Basculegion, L50, M|
|poke|p2|Garchomp, L50, M|
|poke|p2|Whimsicott, L50, M|
|poke|p2|Farigiraf, L50, M|
|teampreview|4
|showteam|p1|Blaziken||Blazikenite|SpeedBoost|RockSlide,FlareBlitz,Detect,CloseCombat|Adamant||M|||50|]Hydreigon||ChoiceScarf|Levitate|DarkPulse,DracoMeteor,Snarl,EarthPower|Modest||M|||50|]Basculegion||LifeOrb|Adaptability|AquaJet,WaveCrash,LastRespects,Protect|Adamant||M|||50|]Whimsicott||FocusSash|Prankster|EnergyBall,Moonblast,Tailwind,Protect|Timid||F|||50|]Farigiraf||SitrusBerry|ArmorTail|Thunderbolt,Psychic,Roar,TrickRoom|Bold||M|||50|]Metagross||Metagrossite|ClearBody|PsychicFangs,Protect,StompingTantrum,IronHead|Jolly|||||50|
|showteam|p2|Charizard||CharizarditeY|Blaze|Protect,HeatWave,SolarBeam,WeatherBall|Timid||F|||50|]Mawile||Mawilite|HyperCutter|PlayRough,SuckerPunch,BrickBreak,Protect|Adamant||M|||50|]Basculegion||MysticWater|Adaptability|LastRespects,AquaJet,WaveCrash,FlipTurn|Adamant||M|||50|]Garchomp||LifeOrb|RoughSkin|Earthquake,RockSlide,DragonClaw,Protect|Jolly||M|||50|]Whimsicott||FocusSash|Prankster|Tailwind,Moonblast,Encore,Protect|Timid||M|||50|]Farigiraf||SitrusBerry|ArmorTail|TrickRoom,Psychic,Protect,HelpingHand|Sassy||M|||50|
|inactive|Battle timer is ON: inactive players will automatically lose when time's up. (requested by Jordan74)
|inactive|amadeus1803 has 60 seconds left.
|
|t:|1782357196
|teamsize|p1|4
|teamsize|p2|4
|start
|switch|p1a: Blaziken|Blaziken, L50, M, shiny|100/100
|switch|p1b: Farigiraf|Farigiraf, L50, M, shiny|100/100
|switch|p2a: Charizard|Charizard, L50, F|100/100
|switch|p2b: Whimsicott|Whimsicott, L50, M|100/100
|turn|1
|c|ŌśåJordan74|si a esta cuenta le va mal abrire otra que se llame ├▒oldan75:(
|inactive|amadeus1803 has 30 seconds left.
|inactive|Jordan74 has 30 seconds left.
|inactive|amadeus1803 has 20 seconds left.
|inactive|Jordan74 has 20 seconds left.
|inactive|amadeus1803 has 15 seconds left.
|inactive|amadeus1803 has 10 seconds left.
|inactive|Jordan74 has 15 seconds left.
|inactive|Jordan74 has 10 seconds left.
|
|t:|1782357251
|move|p2a: Charizard|Protect|p2a: Charizard
|-singleturn|p2a: Charizard|Protect
|move|p2b: Whimsicott|Moonblast|p1a: Blaziken
|-crit|p1a: Blaziken
|-damage|p1a: Blaziken|23/100
|move|p1a: Blaziken|Rock Slide|p2a: Charizard|[spread] p2b
|-activate|p2a: Charizard|move: Protect
|-damage|p2b: Whimsicott|70/100
|move|p1b: Farigiraf|Psychic|p2b: Whimsicott
|-damage|p2b: Whimsicott|11/100
|
|-ability|p1a: Blaziken|Speed Boost|boost
|-boost|p1a: Blaziken|spe|1
|upkeep
|turn|2
|c|ŌśåJordan74|no habia leido rockslide hasta el ultimo segundo
|c|ŌśåJordan74|casi pecho frio
|inactive|amadeus1803 has 30 seconds left.
|inactive|Jordan74 has 30 seconds left.
|inactive|Jordan74 has 20 seconds left.
|inactive|Jordan74 has 15 seconds left.
|inactive|Jordan74 has 10 seconds left.
|
|t:|1782357300
|switch|p2a: Garchomp|Garchomp, L50, M|100/100
|detailschange|p1a: Blaziken|Blaziken-Mega, L50, M, shiny
|-mega|p1a: Blaziken|Blaziken|Blazikenite
|move|p2b: Whimsicott|Tailwind|p2b: Whimsicott
|-sidestart|p2: Jordan74|move: Tailwind
|move|p1a: Blaziken|Rock Slide|p2b: Whimsicott|[spread] p2a,p2b
|-resisted|p2a: Garchomp|1
|-damage|p2a: Garchomp|88/100
|-damage|p2b: Whimsicott|0 fnt
|faint|p2b: Whimsicott
|move|p1b: Farigiraf|Thunderbolt|p2a: Garchomp
|-immune|p2a: Garchomp
|
|-ability|p1a: Blaziken|Speed Boost|boost
|-boost|p1a: Blaziken|spe|1
|upkeep
|
|t:|1782357312
|switch|p2b: Basculegion|Basculegion, L50, M|100/100
|turn|3
|
|t:|1782357323
|switch|p2b: Charizard|Charizard, L50, F|100/100
|move|p1a: Blaziken|Detect|p1a: Blaziken
|-singleturn|p1a: Blaziken|Protect
|move|p2a: Garchomp|Earthquake|p1b: Farigiraf|[spread] p1b
|-activate|p1a: Blaziken|move: Protect
|-immune|p2b: Charizard
|-damage|p1b: Farigiraf|59/100
|-damage|p2a: Garchomp|78/100|[from] item: Life Orb
|move|p1b: Farigiraf|Trick Room|p1b: Farigiraf
|-fieldstart|move: Trick Room|[of] p1b: Farigiraf
|
|-ability|p1a: Blaziken|Speed Boost|boost
|-boost|p1a: Blaziken|spe|1
|upkeep
|turn|4
|c|ŌśåJordan74|?
|inactive|amadeus1803 has 30 seconds left.
|inactive|Jordan74 has 30 seconds left.
|
|t:|1782357358
|switch|p1a: Hydreigon|Hydreigon, L50, M, shiny|100/100
|detailschange|p2b: Charizard|Charizard-Mega-Y, L50, F
|-mega|p2b: Charizard|Charizard|Charizardite Y
|-weather|SunnyDay|[from] ability: Drought|[of] p2b: Charizard
|move|p1b: Farigiraf|Thunderbolt|p2b: Charizard
|-supereffective|p2b: Charizard|1
|-damage|p2b: Charizard|56/100
|move|p2b: Charizard|Weather Ball|p1b: Farigiraf
|-damage|p1b: Farigiraf|0 fnt
|faint|p1b: Farigiraf
|move|p2a: Garchomp|Dragon Claw|p1a: Hydreigon
|-supereffective|p1a: Hydreigon|1
|-damage|p1a: Hydreigon|0 fnt
|faint|p1a: Hydreigon
|-damage|p2a: Garchomp|68/100|[from] item: Life Orb
|
|-weather|SunnyDay|[upkeep]
|upkeep
|c|ŌśåJordan74|?
|c|ŌśåJordan74|jsjsj
|
|t:|1782357374
|switch|p1b: Basculegion|Basculegion, L50, M, shiny|100/100
|switch|p1a: Blaziken|Blaziken-Mega, L50, M, shiny|23/100
|turn|5
|
|t:|1782357394
|move|p1b: Basculegion|Wave Crash|p2a: Garchomp
|-damage|p2a: Garchomp|15/100
|-damage|p1b: Basculegion|87/100|[from] ability: Rough Skin|[of] p2a: Garchomp
|-damage|p1b: Basculegion|71/100|[from] Recoil
|-damage|p1b: Basculegion|61/100|[from] item: Life Orb
|move|p1a: Blaziken|Rock Slide|p2a: Garchomp|[spread] p2a,p2b
|-resisted|p2a: Garchomp|1
|-supereffective|p2b: Charizard|2
|-damage|p2a: Garchomp|2/100
|-damage|p2b: Charizard|0 fnt
|faint|p2b: Charizard
|cant|p2a: Garchomp|flinch
|
|-weather|SunnyDay|[upkeep]
|-sideend|p2: Jordan74|move: Tailwind
|-ability|p1a: Blaziken|Speed Boost|boost
|-boost|p1a: Blaziken|spe|1
|upkeep
|c|ŌśåJordan74|el sol
|
|t:|1782357406
|switch|p2b: Basculegion|Basculegion, L50, M|100/100
|turn|6
|c|ŌśåJordan74|cabrarchomp
|inactive|amadeus1803 has 30 seconds left.
|inactive|amadeus1803 has 20 seconds left.
|inactive|amadeus1803 has 15 seconds left.
|inactive|amadeus1803 has 10 seconds left.
|
|t:|1782357452
|move|p1b: Basculegion|Aqua Jet|p2a: Garchomp
|-damage|p2a: Garchomp|0 fnt
|-damage|p1b: Basculegion|49/100|[from] ability: Rough Skin|[of] p2a: Garchomp
|faint|p2a: Garchomp
|-damage|p1b: Basculegion|40/100|[from] item: Life Orb
|move|p2b: Basculegion|Last Respects|p1b: Basculegion
|-supereffective|p1b: Basculegion|1
|-damage|p1b: Basculegion|0 fnt
|faint|p1b: Basculegion
|move|p1a: Blaziken|Rock Slide|p2b: Basculegion
|-damage|p2b: Basculegion|65/100
|
|-weather|SunnyDay|[upkeep]
|-ability|p1a: Blaziken|Speed Boost|boost
|-boost|p1a: Blaziken|spe|1
|upkeep
|turn|7
|
|t:|1782357471
|move|p1a: Blaziken|Detect|p1a: Blaziken
|-singleturn|p1a: Blaziken|Protect
|move|p2b: Basculegion|Last Respects|p1a: Blaziken
|-activate|p1a: Blaziken|move: Protect
|
|-weather|SunnyDay|[upkeep]
|-fieldend|move: Trick Room
|-ability|p1a: Blaziken|Speed Boost|boost
|-boost|p1a: Blaziken|spe|1
|upkeep
|turn|8
|
|t:|1782357485
|move|p2b: Basculegion|Aqua Jet|p1a: Blaziken
|-supereffective|p1a: Blaziken|1
|-damage|p1a: Blaziken|0 fnt
|faint|p1a: Blaziken
|
|win|Jordan74
