|j|☆N8NoDog
|j|☆geardox
|html|N8NoDoggeardox    
|uhtml|bestof|Game 1 of a best-of-3
|t:|1757693706
|gametype|doubles
|player|p1|N8NoDog|archer|1134
|player|p2|geardox|169|1223
|gen|9
|tier|[Gen 9] VGC 2025 Reg H (Bo3)
|rated|
|rule|Species Clause: Limit one of each Pokémon
|rule|Item Clause: Limit 1 of each item
|clearpoke
|poke|p1|Salamence, L50, M|
|poke|p1|Magmar, L50, M|
|poke|p1|Gholdengo, L50|
|poke|p1|Mienshao, L50, F|
|poke|p1|Rillaboom, L50, M|
|poke|p1|Hydreigon, L50, F|
|poke|p2|Sneasler, L50, M|
|poke|p2|Garchomp, L50, M|
|poke|p2|Corviknight, L50, M|
|poke|p2|Archaludon, L50, M|
|poke|p2|Amoonguss, L50, F|
|poke|p2|Incineroar, L50, M|
|teampreview|4
|showteam|p1|Salamence||ClearAmulet|Intimidate|DragonClaw,DualWingbeat,DragonDance,Protect|||M|||50|,,,,,Steel]Magmar||Eviolite|FlameBody|FollowMe,Taunt,Overheat,Protect|||M|||50|,,,,,Fairy]Gholdengo||LifeOrb|GoodasGold|MakeItRain,ShadowBall,NastyPlot,Protect||||||50|,,,,,Flying]Mienshao||FocusSash|InnerFocus|FakeOut,CloseCombat,WideGuard,IceSpinner|||F|||50|,,,,,Ghost]Rillaboom||AssaultVest|GrassySurge|FakeOut,HighHorsepower,WoodHammer,GrassyGlide|||M|||50|,,,,,Water]Hydreigon||CovertCloak|Levitate|Snarl,DracoMeteor,Tailwind,Protect|||F|||50|,,,,,Steel
|showteam|p2|Sneasler||FocusSash|Unburden|DireClaw,CloseCombat,ThroatChop,Coaching|||M|||50|,,,,,Ghost]Garchomp||LifeOrb|RoughSkin|Protect,Earthquake,DragonClaw,StompingTantrum|||M|||50|,,,,,Ground]Corviknight||SitrusBerry|MirrorArmor|BraveBird,Tailwind,Roost,IronHead|||M|||50|,,,,,Fire]Archaludon||PowerHerb|Stamina|Protect,DracoMeteor,FlashCannon,ElectroShot|||M|||50|,,,,,Dragon]Amoonguss||RockyHelmet|Regenerator|ClearSmog,RagePowder,Spore,PollenPuff|||F|||50|,,,,,Water]Incineroar||AssaultVest|Intimidate|KnockOff,FlareBlitz,FakeOut,Uturn|||M|||50|,,,,,Ghost
|inactive|Battle timer is ON: inactive players will automatically lose when time's up. (requested by N8NoDog)
|inactive|N8NoDog has 60 seconds left.
|inactive|geardox has 60 seconds left.
|inactive|N8NoDog has 30 seconds left.
|
|t:|1757693767
|teamsize|p1|4
|teamsize|p2|4
|start
|switch|p1a: Salamence|Salamence, L50, M|100/100
|switch|p1b: Magmar|Magmar, L50, M|100/100
|switch|p2a: Riku|Sneasler, L50, M|100/100
|switch|p2b: Big Mo|Archaludon, L50, M|100/100
|-ability|p1a: Salamence|Intimidate|boost
|-unboost|p2a: Riku|atk|1
|-unboost|p2b: Big Mo|atk|1
|turn|1
|inactive|geardox has 30 seconds left.
|
|t:|1757693801
|switch|p2a: Incineroar|Incineroar, L50, M|100/100
|-ability|p2a: Incineroar|Intimidate|boost
|-fail|p1a: Salamence|unboost|[from] item: Clear Amulet|[of] p1a: Salamence
|-unboost|p1b: Magmar|atk|1
|move|p1b: Magmar|Follow Me|p1b: Magmar
|-singleturn|p1b: Magmar|move: Follow Me
|move|p1a: Salamence|Dragon Dance|p1a: Salamence
|-boost|p1a: Salamence|atk|1
|-boost|p1a: Salamence|spe|1
|move|p2b: Big Mo|Electro Shot||[still]
|-prepare|p2b: Big Mo|Electro Shot
|-boost|p2b: Big Mo|spa|1
|-enditem|p2b: Big Mo|Power Herb
|-anim|p2b: Big Mo|Electro Shot|p1b: Magmar
|-damage|p1b: Magmar|50/100
|
|upkeep
|turn|2
|inactive|geardox has 30 seconds left.
|inactive|geardox has 20 seconds left.
|inactive|geardox has 15 seconds left.
|inactive|geardox has 10 seconds left.
|inactive|geardox has 5 seconds left.
|
|t:|1757693854
|switch|p1b: Mienshao|Mienshao, L50, F|100/100
|move|p1a: Salamence|Protect|p1a: Salamence
|-singleturn|p1a: Salamence|Protect
|move|p2a: Incineroar|Fake Out|p1a: Salamence
|-activate|p1a: Salamence|move: Protect
|move|p2b: Big Mo|Flash Cannon|p1b: Mienshao
|-enditem|p1b: Mienshao|Focus Sash
|-damage|p1b: Mienshao|1/100
|
|upkeep
|turn|3
|
|t:|1757693876
|move|p2b: Big Mo|Protect|p2b: Big Mo
|-singleturn|p2b: Big Mo|Protect
|move|p1a: Salamence|Dragon Dance|p1a: Salamence
|-boost|p1a: Salamence|atk|1
|-boost|p1a: Salamence|spe|1
|move|p1b: Mienshao|Close Combat|p2a: Incineroar
|-supereffective|p2a: Incineroar
|-damage|p2a: Incineroar|0 fnt
|-unboost|p1b: Mienshao|def|1
|-unboost|p1b: Mienshao|spd|1
|faint|p2a: Incineroar
|
|upkeep
|
|t:|1757693893
|switch|p2a: Eggman|Corviknight, L50, M, shiny|100/100
|turn|4
|
|t:|1757693915
|-terastallize|p1a: Salamence|Steel
|move|p1a: Salamence|Dragon Claw|p2b: Big Mo
|-damage|p2b: Big Mo|25/100
|-ability|p2b: Big Mo|Stamina|boost
|-boost|p2b: Big Mo|def|1
|move|p1b: Mienshao|Close Combat|p2b: Big Mo
|-supereffective|p2b: Big Mo
|-damage|p2b: Big Mo|0 fnt
|-unboost|p1b: Mienshao|def|1
|-unboost|p1b: Mienshao|spd|1
|faint|p2b: Big Mo
|move|p2a: Eggman|Tailwind|p2a: Eggman
|-sidestart|p2: geardox|move: Tailwind
|
|upkeep
|
|t:|1757693927
|switch|p2b: Riku|Sneasler, L50, M|100/100
|turn|5
|
|t:|1757693942
|move|p1a: Salamence|Protect|p1a: Salamence
|-singleturn|p1a: Salamence|Protect
|move|p2b: Riku|Close Combat|p1a: Salamence
|-activate|p1a: Salamence|move: Protect
|move|p2a: Eggman|Brave Bird|p1b: Mienshao
|-supereffective|p1b: Mienshao
|-damage|p1b: Mienshao|0 fnt
|faint|p1b: Mienshao
|-damage|p2a: Eggman|99/100|[from] Recoil
|
|upkeep
|
|t:|1757693949
|switch|p1b: Magmar|Magmar, L50, M|50/100
|turn|6
|
|t:|1757693969
|move|p1b: Magmar|Follow Me|p1b: Magmar
|-singleturn|p1b: Magmar|move: Follow Me
|move|p2b: Riku|Coaching|p2a: Eggman
|-boost|p2a: Eggman|atk|1
|-boost|p2a: Eggman|def|1
|move|p1a: Salamence|Dual Wingbeat|p2b: Riku
|-supereffective|p2b: Riku
|-enditem|p2b: Riku|Focus Sash
|-damage|p2b: Riku|1/100
|-supereffective|p2b: Riku
|-crit|p2b: Riku
|-damage|p2b: Riku|0 fnt
|faint|p2b: Riku
|-hitcount|p2: Riku|2
|move|p2a: Eggman|Brave Bird|p1b: Magmar
|-damage|p1b: Magmar|9/100
|-damage|p2a: Eggman|88/100|[from] Recoil
|
|upkeep
|turn|7
|
|t:|1757693989
|move|p1a: Salamence|Dragon Claw|p2a: Eggman
|-resisted|p2a: Eggman
|-damage|p2a: Eggman|61/100
|move|p2a: Eggman|Brave Bird|p1b: Magmar
|-damage|p1b: Magmar|0 fnt
|faint|p1b: Magmar
|-damage|p2a: Eggman|58/100|[from] Recoil
|
|-sideend|p2: geardox|move: Tailwind
|upkeep
|
|t:|1757693994
|switch|p1b: Hydreigon|Hydreigon, L50, F|100/100
|turn|8
|
|t:|1757694010
|move|p1a: Salamence|Dragon Dance|p1a: Salamence
|-boost|p1a: Salamence|atk|1
|-boost|p1a: Salamence|spe|1
|move|p1b: Hydreigon|Draco Meteor|p2a: Eggman
|-resisted|p2a: Eggman
|-damage|p2a: Eggman|29/100
|-unboost|p1b: Hydreigon|spa|2
|-enditem|p2a: Eggman|Sitrus Berry|[eat]
|-heal|p2a: Eggman|54/100|[from] item: Sitrus Berry
|move|p2a: Eggman|Brave Bird|p1a: Salamence
|-resisted|p1a: Salamence
|-damage|p1a: Salamence|63/100
|-damage|p2a: Eggman|44/100|[from] Recoil
|
|upkeep
|turn|9
|
|t:|1757694023
|move|p1a: Salamence|Dragon Claw|p2a: Eggman
|-resisted|p2a: Eggman
|-damage|p2a: Eggman|13/100
|move|p1b: Hydreigon|Draco Meteor|p2a: Eggman
|-resisted|p2a: Eggman
|-damage|p2a: Eggman|0 fnt
|-unboost|p1b: Hydreigon|spa|2
|faint|p2a: Eggman
|
|win|N8NoDog
||N8NoDog is ready for game 2.
|inactive|geardox has 30 seconds to confirm battle start!
||geardox is ready for game 2.
|uhtml|next|Next: Game 2 of 3
|l|☆geardox
|player|p2|
|l|☆N8NoDog
|player|p1|
