|j|☆jimbo13
|j|☆Gamingdragon123
|html|jimbo13Gamingdragon123    
|uhtml|bestof|Game 3 of a best-of-3
|t:|1784835076
|gametype|doubles
|player|p1|jimbo13|grimsley|
|player|p2|Gamingdragon123|101|
|gen|9
|tier|[Gen 9 Champions] VGC 2026 Reg M-B (Bo3)
|rule|Species Clause: Limit one of each Pokémon
|rule|Item Clause: Limit 1 of each item
|clearpoke
|poke|p1|Spiritomb, L50, M|
|poke|p1|Snorlax, L50, M|
|poke|p1|Torkoal, L50, F|
|poke|p1|Grimmsnarl, L50, M|
|poke|p1|Scizor, L50, F|
|poke|p1|Typhlosion-Hisui, L50, M|
|poke|p2|Dragonite, L50, M|
|poke|p2|Heliolisk, L50, M|
|poke|p2|Kangaskhan, L50, F|
|poke|p2|Azumarill, L50, M|
|poke|p2|Lucario, L50, M|
|poke|p2|Charizard, L50, M|
|teampreview|4
|showteam|p1|Spiritomb||SpellTag|Infiltrator|Hex,WillOWisp,TrickRoom,PainSplit|Quiet||M|||50|]Snorlax||ChestoBerry|ThickFat|BodySlam,Earthquake,Rest,RockSlide|Brave||M|||50|]Torkoal||SitrusBerry|Drought|Eruption,Protect,SolarBeam,WillOWisp|Quiet||F|||50|]Grimmsnarl||LightClay|Prankster|SpiritBreak,PartingShot,Reflect,LightScreen|Sassy||M|||50|]Scizor||Scizorite|Technician|BulletPunch,BugBite,SwordsDance,DualWingbeat|Brave||F|||50|]Typhlosion-Hisui||ChoiceScarf|Blaze|Eruption,InfernalParade,FocusBlast,Extrasensory|Timid||M|||50|
|showteam|p2|Dragonite||SitrusBerry|InnerFocus|Protect,Waterfall,BodyPress,RockSlide|Adamant||M|||50|]Heliolisk||ChoiceScarf|DrySkin|RockSlide,Protect,Discharge,DarkPulse|Mild||M|||50|]Kangaskhan||Kangaskhanite|Scrappy|Crunch,FakeOut,Protect,DrainPunch|Adamant||F|||50|]Azumarill||ExpertBelt|HugePower|Waterfall,Encore,PlayRough,Protect|Adamant||M|||50|]Lucario||BlackBelt|Steadfast|AuraSphere,Counter,BrickBreak,BulletPunch|Serious||M|||50|]Charizard||CharizarditeY|Blaze|AncientPower,DragonPulse,Flamethrower,Protect|Naive||M|||50|
|
|t:|1784835156
|teamsize|p1|4
|teamsize|p2|4
|start
|switch|p1a: Fuego|Torkoal, L50, F|100/100
|switch|p1b: Rough|Grimmsnarl, L50, M|100/100
|switch|p2a: Kangaskhan|Kangaskhan, L50, F|100/100
|switch|p2b: Azumarill|Azumarill, L50, M|100/100
|-weather|SunnyDay|[from] ability: Drought|[of] p1a: Fuego
|turn|1
|
|t:|1784835210
|move|p1a: Fuego|Protect|p1a: Fuego
|-singleturn|p1a: Fuego|Protect
|move|p2a: Kangaskhan|Fake Out|p1b: Rough
|-damage|p1b: Rough|78/100
|cant|p1b: Rough|flinch
|move|p2b: Azumarill|Play Rough|p1b: Rough
|-supereffective|p1b: Rough|1
|-damage|p1b: Rough|0 fnt
|faint|p1b: Rough
|
|-weather|SunnyDay|[upkeep]
|upkeep
|
|t:|1784835220
|switch|p1b: Sheol|Typhlosion-Hisui, L50, M|100/100
|turn|2
|
|t:|1784835274
|detailschange|p2a: Kangaskhan|Kangaskhan-Mega, L50, F
|-mega|p2a: Kangaskhan|Kangaskhan|Kangaskhanite
|move|p2b: Azumarill|Protect|p2b: Azumarill
|-singleturn|p2b: Azumarill|Protect
|move|p1b: Sheol|Eruption|p2b: Azumarill|[spread] p2a
|-activate|p2b: Azumarill|move: Protect
|-damage|p2a: Kangaskhan|20/100y
|move|p2a: Kangaskhan|Crunch|p1b: Sheol
|-supereffective|p1b: Sheol|1
|-damage|p1b: Sheol|11/100
|-unboost|p1b: Sheol|def|1
|-supereffective|p1b: Sheol|1
|-damage|p1b: Sheol|0 fnt
|faint|p1b: Sheol
|-hitcount|p1: Sheol|2
|move|p1a: Fuego|Solar Beam||[still]
|-prepare|p1a: Fuego|Solar Beam
|-anim|p1a: Fuego|Solar Beam|p2b: Azumarill
|-activate|p2b: Azumarill|move: Protect
|
|-weather|SunnyDay|[upkeep]
|upkeep
|
|t:|1784835291
|switch|p1b: Eepy|Snorlax, L50, M|100/100
|turn|3
|
|t:|1784835323
|move|p2a: Kangaskhan|Protect|p2a: Kangaskhan
|-singleturn|p2a: Kangaskhan|Protect
|move|p1a: Fuego|Protect|p1a: Fuego
|-singleturn|p1a: Fuego|Protect
|move|p2b: Azumarill|Waterfall|p1a: Fuego
|-activate|p1a: Fuego|move: Protect
|move|p1b: Eepy|Earthquake|p2b: Azumarill|[spread] p2b
|-activate|p1a: Fuego|move: Protect
|-activate|p2a: Kangaskhan|move: Protect
|-damage|p2b: Azumarill|69/100
|
|-weather|SunnyDay|[upkeep]
|upkeep
|turn|4
|
|t:|1784835355
|move|p2a: Kangaskhan|Drain Punch|p1a: Fuego
|-damage|p1a: Fuego|77/100
|-heal|p2a: Kangaskhan|31/100|[from] drain|[of] p1a: Fuego
|-damage|p1a: Fuego|72/100
|-heal|p2a: Kangaskhan|34/100|[from] drain|[of] p1a: Fuego
|-hitcount|p1a: Fuego|2
|move|p2b: Azumarill|Waterfall|p1a: Fuego
|-supereffective|p1a: Fuego|1
|-damage|p1a: Fuego|23/100
|-enditem|p1a: Fuego|Sitrus Berry|[eat]
|-heal|p1a: Fuego|48/100|[from] item: Sitrus Berry
|move|p1b: Eepy|Body Slam|p2a: Kangaskhan
|-damage|p2a: Kangaskhan|0 fnt
|faint|p2a: Kangaskhan
|move|p1a: Fuego|Solar Beam||[still]
|-prepare|p1a: Fuego|Solar Beam
|-anim|p1a: Fuego|Solar Beam|p2b: Azumarill
|-supereffective|p2b: Azumarill|1
|-damage|p2b: Azumarill|0 fnt
|faint|p2b: Azumarill
|
|-weather|SunnyDay|[upkeep]
|upkeep
|
|t:|1784835374
|switch|p2a: Dragonite|Dragonite, L50, M|100/100
|switch|p2b: What the dog doin?|Lucario, L50, M|100/100
|turn|5
|
|t:|1784835520
|move|p1a: Fuego|Protect|p1a: Fuego
|-singleturn|p1a: Fuego|Protect
|move|p2a: Dragonite|Waterfall|p1a: Fuego
|-activate|p1a: Fuego|move: Protect
|move|p2b: What the dog doin?|Aura Sphere|p1b: Eepy
|-supereffective|p1b: Eepy|1
|-damage|p1b: Eepy|52/100
|move|p1b: Eepy|Rock Slide|p2b: What the dog doin?|[spread] p2a,p2b
|-supereffective|p2a: Dragonite|1
|-resisted|p2b: What the dog doin?|2
|-damage|p2a: Dragonite|53/100
|-damage|p2b: What the dog doin?|93/100
|
|-weather|none
|upkeep
|turn|6
|
|t:|1784835566
|move|p2a: Dragonite|Body Press|p1b: Eepy
|-supereffective|p1b: Eepy|1
|-damage|p1b: Eepy|19/100
|move|p2b: What the dog doin?|Aura Sphere|p1a: Fuego
|-damage|p1a: Fuego|1/100
|move|p1b: Eepy|Rest|p1b: Eepy
|-status|p1b: Eepy|slp|[from] move: Rest
|-heal|p1b: Eepy|100/100 slp|[silent]
|-enditem|p1b: Eepy|Chesto Berry|[eat]
|-curestatus|p1b: Eepy|slp|[msg]
|move|p1a: Fuego|Eruption|p2b: What the dog doin?|[spread] p2a,p2b
|-resisted|p2a: Dragonite|1
|-supereffective|p2b: What the dog doin?|1
|-damage|p2a: Dragonite|52/100
|-damage|p2b: What the dog doin?|93/100
|
|upkeep
|turn|7
|
|t:|1784835597
|move|p2a: Dragonite|Body Press|p1b: Eepy
|-supereffective|p1b: Eepy|1
|-damage|p1b: Eepy|65/100
|move|p2b: What the dog doin?|Aura Sphere|p1b: Eepy
|-supereffective|p1b: Eepy|1
|-damage|p1b: Eepy|22/100
|move|p1b: Eepy|Rock Slide|p2a: Dragonite|[spread] p2b
|-miss|p1b: Eepy|p2a: Dragonite
|-resisted|p2b: What the dog doin?|2
|-damage|p2b: What the dog doin?|86/100
|move|p1a: Fuego|Will-O-Wisp|p2a: Dragonite
|-status|p2a: Dragonite|brn
|
|-damage|p2a: Dragonite|47/100 brn|[from] brn
|upkeep
|-enditem|p2a: Dragonite|Sitrus Berry|[eat]
|-heal|p2a: Dragonite|72/100 brn|[from] item: Sitrus Berry
|turn|8
|
|t:|1784835623
|move|p2a: Dragonite|Waterfall|p1a: Fuego
|-supereffective|p1a: Fuego|1
|-damage|p1a: Fuego|0 fnt
|faint|p1a: Fuego
|move|p2b: What the dog doin?|Aura Sphere|p1b: Eepy
|-supereffective|p1b: Eepy|1
|-damage|p1b: Eepy|0 fnt
|faint|p1b: Eepy
|
|win|Gamingdragon123
