|j|☆bananatreeenjoyer
|j|☆Arkoos2011
|html|bananatreeenjoyerArkoos2011    
|uhtml|bestof|Game 1 of a best-of-3
|t:|1756780949
|gametype|doubles
|player|p1|bananatreeenjoyer|silver|1000
|player|p2|Arkoos2011|n|1011
|gen|9
|tier|[Gen 9] VGC 2025 Reg H (Bo3)
|rated|
|rule|Species Clause: Limit one of each Pokémon
|rule|Item Clause: Limit 1 of each item
|clearpoke
|poke|p1|Gyarados, L50, M|
|poke|p1|Indeedee, L50, M|
|poke|p1|Sneasler, L50, M|
|poke|p1|Tyranitar, L50, M|
|poke|p1|Ursaluna-Bloodmoon, L50, M|
|poke|p1|Volcarona, L50, F|
|poke|p2|Politoed, L50, F|
|poke|p2|Gothitelle, L50, M|
|poke|p2|Incineroar, L50, F|
|poke|p2|Archaludon, L50, M|
|poke|p2|Basculegion, L50, M|
|poke|p2|Amoonguss, L50, M|
|teampreview|4
|showteam|p1|Gyarados||SafetyGoggles|Intimidate|Taunt,ThunderWave,Waterfall,Protect|||M|||50|,,,,,Steel]Indeedee||ChoiceScarf|PsychicSurge|ExpandingForce,TeraBlast,Trick,Protect|||M|||50|,,,,,Psychic]Sneasler||PsychicSeed|Unburden|CloseCombat,DireClaw,ThroatChop,Protect|||M|||50|,,,,,Dark]Tyranitar||AssaultVest|SandStream|LowKick,TeraBlast,KnockOff,RockSlide|||M|||50|,,,,,Flying]Ursaluna-Bloodmoon||LifeOrb|MindsEye|HyperVoice,BloodMoon,EarthPower,Protect|||M|||50|,,,,,Normal]Volcarona||SitrusBerry|FlameBody|Overheat,StruggleBug,RagePowder,Tailwind|||F|||50|,,,,,Grass
|showteam|p2|Politoed||Leftovers|Drizzle|Protect,WeatherBall,PerishSong,Encore|||F|||50|,,,,,Grass]Gothitelle||SitrusBerry|ShadowTag|Protect,Psychic,FakeOut,TrickRoom|||M|||50|,,,,,Dark]Incineroar||SafetyGoggles|Intimidate|Protect,PartingShot,FakeOut,KnockOff|||F|||50|,,,,,Ghost]Archaludon||PowerHerb|Sturdy|Protect,ElectroShot,DragonPulse,FlashCannon|||M|||50|,,,,,Electric]Basculegion||LifeOrb|SwiftSwim|Protect,WaveCrash,AquaJet,LastRespects|||M|||50|,,,,,Stellar]Amoonguss||EjectButton|Regenerator|Protect,PollenPuff,RagePowder,Spore|||M|||50|,,,,,Fairy
|
|t:|1756780984
|teamsize|p1|4
|teamsize|p2|4
|start
|switch|p1a: Layton|Indeedee, L50, M|100/100
|switch|p1b: Herod|Ursaluna-Bloodmoon, L50, M|100/100
|switch|p2a: Politoed|Politoed, L50, F, shiny|100/100
|switch|p2b: Incineroar|Incineroar, L50, F|100/100
|-fieldstart|move: Psychic Terrain|[from] ability: Psychic Surge|[of] p1a: Layton
|-weather|RainDance|[from] ability: Drizzle|[of] p2a: Politoed
|-ability|p2b: Incineroar|Intimidate|boost
|-unboost|p1a: Layton|atk|1
|-unboost|p1b: Herod|atk|1
|turn|1
|
|t:|1756781012
|-terastallize|p1b: Herod|Normal
|move|p1a: Layton|Trick|p2b: Incineroar
|-activate|p1a: Layton|move: Trick|[of] p2b: Incineroar
|-item|p2b: Incineroar|Choice Scarf|[from] move: Trick
|-item|p1a: Layton|Safety Goggles|[from] move: Trick
|move|p2a: Politoed|Weather Ball|p1b: Herod
|-damage|p1b: Herod|35/100
|move|p1b: Herod|Blood Moon|p2b: Incineroar
|-damage|p2b: Incineroar|1/100
|-damage|p1b: Herod|26/100|[from] item: Life Orb
|move|p2b: Incineroar|Parting Shot|p1b: Herod
|-unboost|p1b: Herod|atk|1
|-unboost|p1b: Herod|spa|1
|
|t:|1756781025
|switch|p2b: Gothitelle|Gothitelle, L50, M|100/100|[from] Parting Shot
|
|-weather|RainDance|[upkeep]
|upkeep
|turn|2
|
|t:|1756781060
|move|p1a: Layton|Tera Blast|p2a: Politoed
|-damage|p2a: Politoed|73/100
|move|p2a: Politoed|Perish Song|p2a: Politoed
|-start|p1a: Layton|perish3|[silent]
|-start|p1b: Herod|perish3|[silent]
|-start|p2a: Politoed|perish3|[silent]
|-start|p2b: Gothitelle|perish3|[silent]
|-fieldactivate|move: Perish Song
|move|p1b: Herod|Hyper Voice|p2b: Gothitelle|[spread] p2a,p2b
|-damage|p2a: Politoed|35/100
|-damage|p2b: Gothitelle|65/100
|-damage|p1b: Herod|16/100|[from] item: Life Orb
|move|p2b: Gothitelle|Psychic|p1b: Herod
|-damage|p1b: Herod|0 fnt
|faint|p1b: Herod
|
|-weather|RainDance|[upkeep]
|-heal|p2a: Politoed|41/100|[from] item: Leftovers
|-start|p1a: Layton|perish3
|-start|p2a: Politoed|perish3
|-start|p2b: Gothitelle|perish3
|upkeep
|
|t:|1756781080
|switch|p1b: Haltane|Tyranitar, L50, M|100/100
|-weather|Sandstorm|[from] ability: Sand Stream|[of] p1b: Haltane
|turn|3
|
|t:|1756781113
|switch|p2a: Incineroar|Incineroar, L50, F|1/100
|-ability|p2a: Incineroar|Intimidate|boost
|-unboost|p1a: Layton|atk|1
|-unboost|p1b: Haltane|atk|1
|move|p2b: Gothitelle|Protect|p2b: Gothitelle
|-singleturn|p2b: Gothitelle|Protect
|move|p1a: Layton|Expanding Force|p2b: Gothitelle|[spread] 
|-activate|p2b: Gothitelle|move: Protect
|-immune|p2a: Incineroar
|move|p1b: Haltane|Knock Off|p2b: Gothitelle
|-activate|p2b: Gothitelle|move: Protect
|
|-weather|Sandstorm|[upkeep]
|-damage|p2a: Incineroar|0 fnt|[from] Sandstorm
|-damage|p2b: Gothitelle|59/100|[from] Sandstorm
|faint|p2a: Incineroar
|-start|p1a: Layton|perish2
|-start|p2b: Gothitelle|perish2
|upkeep
|
|t:|1756781127
|switch|p2a: Politoed|Politoed, L50, F, shiny|41/100
|-weather|RainDance|[from] ability: Drizzle|[of] p2a: Politoed
|turn|4
|
|t:|1756781169
|switch|p2b: Amoonguss|Amoonguss, L50, M|100/100
|move|p2a: Politoed|Protect|p2a: Politoed
|-singleturn|p2a: Politoed|Protect
|move|p1a: Layton|Trick|p2b: Amoonguss
|-activate|p1a: Layton|move: Trick|[of] p2b: Amoonguss
|-item|p2b: Amoonguss|Safety Goggles|[from] move: Trick
|-item|p1a: Layton|Eject Button|[from] move: Trick
|move|p1b: Haltane|Knock Off|p2b: Amoonguss
|-damage|p2b: Amoonguss|72/100
|-enditem|p2b: Amoonguss|Safety Goggles|[from] move: Knock Off|[of] p1b: Haltane
|
|-weather|RainDance|[upkeep]
|-heal|p2a: Politoed|47/100|[from] item: Leftovers
|-start|p1a: Layton|perish1
|upkeep
|turn|5
|
|t:|1756781231
|switch|p1a: Kalan|Gyarados, L50, M, shiny|100/100
|-ability|p1a: Kalan|Intimidate|boost
|-unboost|p2a: Politoed|atk|1
|-unboost|p2b: Amoonguss|atk|1
|move|p1b: Haltane|Rock Slide|p2a: Politoed|[spread] p2a,p2b
|-damage|p2a: Politoed|25/100
|-damage|p2b: Amoonguss|55/100
|move|p2a: Politoed|Perish Song|p2a: Politoed
|-start|p1a: Kalan|perish3|[silent]
|-start|p1b: Haltane|perish3|[silent]
|-start|p2a: Politoed|perish3|[silent]
|-start|p2b: Amoonguss|perish3|[silent]
|-fieldactivate|move: Perish Song
|move|p2b: Amoonguss|Spore|p1b: Haltane
|-status|p1b: Haltane|slp|[from] move: Spore
|
|-weather|RainDance|[upkeep]
|-heal|p2a: Politoed|31/100|[from] item: Leftovers
|-start|p1a: Kalan|perish3
|-start|p2a: Politoed|perish3
|-start|p1b: Haltane|perish3
|-start|p2b: Amoonguss|perish3
|-fieldend|move: Psychic Terrain
|upkeep
|turn|6
|
|t:|1756781281
|switch|p1b: Layton|Indeedee, L50, M|100/100
|-fieldstart|move: Psychic Terrain|[from] ability: Psychic Surge|[of] p1b: Layton
|move|p1a: Kalan|Taunt|p2b: Amoonguss
|-start|p2b: Amoonguss|move: Taunt
|move|p2a: Politoed|Weather Ball|p1a: Kalan
|-resisted|p1a: Kalan
|-damage|p1a: Kalan|80/100
|move|p2b: Amoonguss|Pollen Puff|p2a: Politoed
|-heal|p2a: Politoed|81/100
|
|-weather|RainDance|[upkeep]
|-heal|p2a: Politoed|87/100|[from] item: Leftovers
|-start|p1a: Kalan|perish2
|-start|p2a: Politoed|perish2
|-start|p2b: Amoonguss|perish2
|upkeep
|turn|7
|
|t:|1756781303
|switch|p1a: Haltane|Tyranitar, L50, M|100/100 slp
|-weather|Sandstorm|[from] ability: Sand Stream|[of] p1a: Haltane
|switch|p2b: Gothitelle|Gothitelle, L50, M|59/100
|move|p1b: Layton|Expanding Force|p2a: Politoed|[spread] p2a,p2b
|-resisted|p2b: Gothitelle
|-damage|p2a: Politoed|45/100
|-damage|p2b: Gothitelle|39/100
|-enditem|p2b: Gothitelle|Sitrus Berry|[eat]
|-heal|p2b: Gothitelle|64/100|[from] item: Sitrus Berry
|move|p2a: Politoed|Weather Ball|p1a: Haltane
|-damage|p1a: Haltane|92/100 slp
|
|-weather|Sandstorm|[upkeep]
|-damage|p1b: Layton|95/100|[from] Sandstorm
|-damage|p2a: Politoed|39/100|[from] Sandstorm
|-damage|p2b: Gothitelle|58/100|[from] Sandstorm
|-heal|p2a: Politoed|45/100|[from] item: Leftovers
|-start|p2a: Politoed|perish1
|upkeep
|turn|8
|
|t:|1756781326
|switch|p2a: Amoonguss|Amoonguss, L50, M|88/100
|move|p1b: Layton|Expanding Force|p2a: Amoonguss|[spread] p2a,p2b
|-supereffective|p2a: Amoonguss
|-resisted|p2b: Gothitelle
|-damage|p2a: Amoonguss|0 fnt
|-damage|p2b: Gothitelle|38/100
|faint|p2a: Amoonguss
|cant|p1a: Haltane|slp
|move|p2b: Gothitelle|Trick Room|p2b: Gothitelle
|-fieldstart|move: Trick Room|[of] p2b: Gothitelle
|
|-weather|Sandstorm|[upkeep]
|-damage|p2b: Gothitelle|32/100|[from] Sandstorm
|-damage|p1b: Layton|89/100|[from] Sandstorm
|upkeep
|
|t:|1756781332
|switch|p2a: Politoed|Politoed, L50, F, shiny|45/100
|-weather|RainDance|[from] ability: Drizzle|[of] p2a: Politoed
|turn|9
|
|t:|1756781357
|move|p1b: Layton|Protect|p1b: Layton
|-singleturn|p1b: Layton|Protect
|move|p2a: Politoed|Weather Ball|p1a: Haltane
|-supereffective|p1a: Haltane
|-damage|p1a: Haltane|31/100 slp
|cant|p1a: Haltane|slp
|move|p2b: Gothitelle|Trick Room|p2b: Gothitelle
|-fieldend|move: Trick Room
|
|-weather|RainDance|[upkeep]
|-heal|p2a: Politoed|51/100|[from] item: Leftovers
|upkeep
|turn|10
|
|t:|1756781386
|move|p1b: Layton|Expanding Force|p2b: Gothitelle|[spread] p2a,p2b
|-resisted|p2b: Gothitelle
|-damage|p2a: Politoed|4/100
|-damage|p2b: Gothitelle|12/100
|-curestatus|p1a: Haltane|slp|[msg]
|move|p1a: Haltane|Rock Slide|p2a: Politoed|[spread] p2a,p2b
|-damage|p2a: Politoed|0 fnt
|-damage|p2b: Gothitelle|0 fnt
|faint|p2a: Politoed
|faint|p2b: Gothitelle
|
|win|bananatreeenjoyer
||Arkoos2011 is ready for game 2.
||bananatreeenjoyer is ready for game 2.
|uhtml|next|Next: Game 2 of 3
|l|☆Arkoos2011
|player|p2|
|n|☆bananatreeenjoyer|bananatreeenjoyer
