|j|☆layla bibbob
|j|☆LeDGeNDaRY95
|html|layla bibbobLeDGeNDaRY95    
|uhtml|bestof|Game 1 of a best-of-3
|t:|1757041203
|gametype|doubles
|player|p1|layla bibbob|waiter-gen4dp|1000
|player|p2|LeDGeNDaRY95|lucas|1057
|gen|9
|tier|[Gen 9] VGC 2025 Reg H (Bo3)
|rated|
|rule|Species Clause: Limit one of each Pokémon
|rule|Item Clause: Limit 1 of each item
|clearpoke
|poke|p1|Archaludon, L50, M|
|poke|p1|Pelipper, L50, M|
|poke|p1|Amoonguss, L50, M|
|poke|p1|Floatzel, L50, F|
|poke|p1|Incineroar, L50, M|
|poke|p1|Gothitelle, L50, M|
|poke|p2|Mamoswine, L50, M|
|poke|p2|Talonflame, L50, M|
|poke|p2|Archaludon, L50, F|
|poke|p2|Conkeldurr, L50, M|
|poke|p2|Dragapult, L50, M|
|poke|p2|Sinistcha, L50|
|teampreview|4
|showteam|p1|Archaludon||PowerHerb|Sturdy|ElectroShot,FlashCannon,DragonPulse,BodyPress|||M|||50|,,,,,Electric]Pelipper||CovertCloak|Drizzle|WeatherBall,WideGuard,Tailwind,Roost|||M|||50|,,,,,Grass]Amoonguss||EjectButton|Regenerator|RagePowder,Spore,SludgeBomb,Protect|||M|||50|,,,,,Fairy]Floatzel||ChoiceBand|SwiftSwim|FlipTurn,WaveCrash,Crunch,AquaJet|||F|||50|,,,,,Stellar]Incineroar||SafetyGoggles|Intimidate|Protect,FakeOut,PartingShot,KnockOff|||M|||50|,,,,,Ghost]Gothitelle||SitrusBerry|ShadowTag|FakeOut,SkillSwap,Psychic,Protect|||M|||50|,,,,,Dark
|showteam|p2|Mamoswine||LoadedDice|ThickFat|Protect,HighHorsepower,IcicleSpear,Haze|||M|||50|,,,,,Bug]Talonflame||CovertCloak|GaleWings|Protect,Tailwind,BraveBird,FlareBlitz|||M|||50|,,,,,Fire]Archaludon||AssaultVest|Stamina|DragonPulse,Thunderbolt,FlashCannon,BodyPress|||F|||50|,,,,,Grass]Conkeldurr||FlameOrb|Guts|Protect,CloseCombat,MachPunch,ThunderPunch|||M|||50|,,,,,Dark]Dragapult||ChoiceBand|ClearBody|DragonDarts,SuckerPunch,TeraBlast,Uturn|||M|||50|,,,,,Ghost]Sinistcha||SitrusBerry|Hospitality|TrickRoom,MatchaGotcha,LifeDew,RagePowder||||||50|,,,,,Fire
|inactive|Battle timer is ON: inactive players will automatically lose when time's up. (requested by LeDGeNDaRY95)
|inactive|layla bibbob has 60 seconds left.
|inactive|LeDGeNDaRY95 has 60 seconds left.
|inactive|LeDGeNDaRY95 has 30 seconds left.
|inactive|LeDGeNDaRY95 has 20 seconds left.
|inactive|LeDGeNDaRY95 has 15 seconds left.
|inactive|LeDGeNDaRY95 has 10 seconds left.
|inactive|LeDGeNDaRY95 has 5 seconds left.
|
|t:|1757041290
|teamsize|p1|4
|teamsize|p2|4
|start
|switch|p1a: Pelipper|Pelipper, L50, M|100/100
|switch|p1b: Gothitelle|Gothitelle, L50, M|100/100
|switch|p2a: Talonflame|Talonflame, L50, M, shiny|100/100
|switch|p2b: Conkeldurr|Conkeldurr, L50, M|100/100
|-weather|RainDance|[from] ability: Drizzle|[of] p1a: Pelipper
|turn|1
|inactive|layla bibbob has 30 seconds left.
|
|t:|1757041317
|move|p2b: Conkeldurr|Protect|p2b: Conkeldurr
|-singleturn|p2b: Conkeldurr|Protect
|move|p1b: Gothitelle|Fake Out|p2b: Conkeldurr
|-activate|p2b: Conkeldurr|move: Protect
|move|p2a: Talonflame|Tailwind|p2a: Talonflame
|-sidestart|p2: LeDGeNDaRY95|move: Tailwind
|move|p1a: Pelipper|Tailwind|p1a: Pelipper
|-sidestart|p1: layla bibbob|move: Tailwind
|
|-weather|RainDance|[upkeep]
|-status|p2b: Conkeldurr|brn|[from] item: Flame Orb
|upkeep
|turn|2
|inactive|layla bibbob has 30 seconds left.
|inactive|LeDGeNDaRY95 has 30 seconds left.
|
|t:|1757041349
|-terastallize|p2b: Conkeldurr|Dark
|move|p2a: Talonflame|Brave Bird|p1b: Gothitelle
|-damage|p1b: Gothitelle|52/100
|-damage|p2a: Talonflame|82/100|[from] Recoil
|move|p1a: Pelipper|Weather Ball|p2a: Talonflame
|-supereffective|p2a: Talonflame
|-damage|p2a: Talonflame|0 fnt
|faint|p2a: Talonflame
|move|p1b: Gothitelle|Skill Swap|p1a: Pelipper
|-activate|p1b: Gothitelle|move: Skill Swap|||[of] p1a: Pelipper
|move|p2b: Conkeldurr|Thunder Punch|p1a: Pelipper
|-supereffective|p1a: Pelipper
|-damage|p1a: Pelipper|0 fnt
|faint|p1a: Pelipper
|
|-weather|RainDance|[upkeep]
|-damage|p2b: Conkeldurr|94/100 brn|[from] brn
|upkeep
|
|t:|1757041368
|switch|p2a: Dragapult|Dragapult, L50, M|100/100
|switch|p1a: Archaludon|Archaludon, L50, M|100/100
|turn|3
|inactive|layla bibbob has 30 seconds left.
|
|t:|1757041397
|-terastallize|p1a: Archaludon|Electric
|move|p2a: Dragapult|U-turn|p1b: Gothitelle
|-supereffective|p1b: Gothitelle
|-damage|p1b: Gothitelle|0 fnt
|faint|p1b: Gothitelle
|
|t:|1757041403
|switch|p2a: Mamoswine|Mamoswine, L50, M|100/100|[from] U-turn
|move|p1a: Archaludon|Dragon Pulse|p2a: Mamoswine
|-damage|p2a: Mamoswine|45/100
|move|p2b: Conkeldurr|Close Combat|p1a: Archaludon
|-damage|p1a: Archaludon|21/100
|-unboost|p2b: Conkeldurr|def|1
|-unboost|p2b: Conkeldurr|spd|1
|
|-weather|RainDance|[upkeep]
|-damage|p2b: Conkeldurr|88/100 brn|[from] brn
|upkeep
|
|t:|1757041416
|switch|p1b: Floatzel|Floatzel, L50, F|100/100
|turn|4
|
|t:|1757041440
|move|p2a: Mamoswine|Protect|p2a: Mamoswine
|-singleturn|p2a: Mamoswine|Protect
|move|p2b: Conkeldurr|Mach Punch|p1a: Archaludon
|-damage|p1a: Archaludon|0 fnt
|faint|p1a: Archaludon
|move|p1b: Floatzel|Wave Crash|p2a: Mamoswine
|-activate|p2a: Mamoswine|move: Protect
|
|-weather|RainDance|[upkeep]
|-damage|p2b: Conkeldurr|82/100 brn|[from] brn
|-sideend|p2: LeDGeNDaRY95|move: Tailwind
|-sideend|p1: layla bibbob|move: Tailwind
|upkeep
|turn|5
|
|t:|1757041458
|move|p2b: Conkeldurr|Mach Punch|p1b: Floatzel
|-damage|p1b: Floatzel|32/100
|move|p1b: Floatzel|Wave Crash|p2a: Mamoswine
|-supereffective|p2a: Mamoswine
|-damage|p2a: Mamoswine|0 fnt
|faint|p2a: Mamoswine
|-damage|p1b: Floatzel|14/100|[from] Recoil
|
|-weather|none
|-damage|p2b: Conkeldurr|76/100 brn|[from] brn
|upkeep
|
|t:|1757041463
|switch|p2a: Dragapult|Dragapult, L50, M|100/100
|turn|6
|
|t:|1757041473
|move|p2a: Dragapult|Sucker Punch|p1b: Floatzel
|-damage|p1b: Floatzel|0 fnt
|faint|p1b: Floatzel
|
|win|LeDGeNDaRY95
||LeDGeNDaRY95 is ready for game 2.
|inactive|layla bibbob has 30 seconds to confirm battle start!
||layla bibbob is ready for game 2.
|uhtml|next|Next: Game 2 of 3
