|j|☆AuroraTime64
|j|☆waLooG
|html|AuroraTime64waLooG    
|uhtml|bestof|Game 1 of a best-of-3
|t:|1784589999
|gametype|doubles
|player|p1|AuroraTime64|dawn-gen4pt|1035
|player|p2|waLooG|brycenman|1091
|gen|9
|tier|[Gen 9 Champions] VGC 2026 Reg M-B (Bo3)
|rated|
|rule|Species Clause: Limit one of each Pokémon
|rule|Item Clause: Limit 1 of each item
|clearpoke
|poke|p1|Sceptile, L50, F|
|poke|p1|Manectric, L50, F|
|poke|p1|Gardevoir, L50, M|
|poke|p1|Azumarill, L50, M|
|poke|p1|Altaria, L50, M|
|poke|p1|Torkoal, L50, M|
|poke|p2|Hydrapple, L50, F|
|poke|p2|Farigiraf, L50, F|
|poke|p2|Incineroar, L50, M|
|poke|p2|Araquanid, L50, F|
|poke|p2|Mawile, L50, M|
|poke|p2|Sableye, L50, F|
|teampreview|4
|showteam|p1|Sceptile||Sceptilite|Overgrow|EarthPower,EnergyBall,DragonPulse,Detect|Timid||F|||50|]Manectric||FocusSash|Static|Discharge,VoltSwitch,Snarl,Protect|Timid||F|||50|]Gardevoir||Gardevoirite|Synchronize|HyperVoice,Psyshock,VacuumWave,TrickRoom|Quiet||M|||50|]Azumarill||SitrusBerry|HugePower|AquaJet,BellyDrum,PlayRough,IceSpinner|Adamant||M|||50|]Altaria||Leftovers|CloudNine|BreakingSwipe,FireBlast,Roost,CottonGuard|Careful||M|||50|]Torkoal||Charcoal|Drought|Eruption,HeatWave,EarthPower,Protect|Bold||M|||50|
|showteam|p2|Hydrapple||LifeOrb|Regenerator|Protect,EnergyBall,EarthPower,FickleBeam|Quiet||F|||50|]Farigiraf||SitrusBerry|ArmorTail|Protect,TwinBeam,Thunderbolt,TrickRoom|Bold||F|||50|]Incineroar||ChopleBerry|Intimidate|FakeOut,FlareBlitz,PartingShot,HelpingHand|Careful||M|||50|]Araquanid||MysticWater|WaterBubble|Protect,Liquidation,Lunge,WideGuard|Brave||F|||50|]Mawile||Mawilite|HyperCutter|Protect,IronHead,PlayRough,SuckerPunch|Brave||M|||50|]Sableye||RoseliBerry|Prankster|WillOWisp,Encore,RainDance,Reflect|Careful||F|||50|
|
|t:|1784590121
|teamsize|p1|4
|teamsize|p2|4
|start
|switch|p1a: Manectric|Manectric, L50, F|100/100
|switch|p1b: Gardevoir|Gardevoir, L50, M|100/100
|switch|p2a: Araquanid|Araquanid, L50, F|100/100
|switch|p2b: Farigiraf|Farigiraf, L50, F|100/100
|turn|1
|inactive|Battle timer is ON: inactive players will automatically lose when time's up. (requested by waLooG)
|inactive|waLooG has 60 seconds left.
|
|t:|1784590153
|detailschange|p1b: Gardevoir|Gardevoir-Mega, L50, M
|-mega|p1b: Gardevoir|Gardevoir|Gardevoirite
|move|p2a: Araquanid|Wide Guard|p2a: Araquanid
|-singleturn|p2a: Araquanid|Wide Guard
|move|p1a: Manectric|Volt Switch|p2a: Araquanid
|-supereffective|p2a: Araquanid|1
|-damage|p2a: Araquanid|50/100g
|inactive|AuroraTime64 has 30 seconds left.
|inactiveoff|Battle timer is now OFF.
|
|t:|1784590207
|switch|p1a: Azumarill|Azumarill, L50, M|100/100|[from] Volt Switch
|move|p1b: Gardevoir|Hyper Voice|p2b: Farigiraf|[spread] 
|-activate|p2a: Araquanid|move: Wide Guard
|-activate|p2b: Farigiraf|move: Wide Guard
|move|p2b: Farigiraf|Trick Room|p2b: Farigiraf
|-fieldstart|move: Trick Room|[of] p2b: Farigiraf
|
|upkeep
|turn|2
|
|t:|1784590232
|move|p2a: Araquanid|Liquidation|p1b: Gardevoir
|-damage|p1b: Gardevoir|0 fnt
|faint|p1b: Gardevoir
|move|p1a: Azumarill|Belly Drum|p1a: Azumarill
|-damage|p1a: Azumarill|50/100g
|-setboost|p1a: Azumarill|atk|6|[from] move: Belly Drum
|move|p2b: Farigiraf|Thunderbolt|p1a: Azumarill
|-supereffective|p1a: Azumarill|1
|-damage|p1a: Azumarill|3/100
|-enditem|p1a: Azumarill|Sitrus Berry|[eat]
|-heal|p1a: Azumarill|28/100|[from] item: Sitrus Berry
|
|upkeep
|
|t:|1784590251
|switch|p1b: Manectric|Manectric, L50, F|100/100
|turn|3
|
|t:|1784590284
|move|p2a: Araquanid|Liquidation|p1a: Azumarill
|-resisted|p1a: Azumarill|1
|-damage|p1a: Azumarill|0 fnt
|faint|p1a: Azumarill
|move|p2b: Farigiraf|Thunderbolt|p1b: Manectric
|-resisted|p1b: Manectric|1
|-damage|p1b: Manectric|77/100
|move|p1b: Manectric|Snarl|p2b: Farigiraf|[spread] p2b
|-miss|p1b: Manectric|p2a: Araquanid
|-supereffective|p2b: Farigiraf|1
|-damage|p2b: Farigiraf|73/100
|-unboost|p2b: Farigiraf|spa|1
|
|upkeep
|
|t:|1784590300
|switch|p1a: Torkoal|Torkoal, L50, M|100/100
|-weather|SunnyDay|[from] ability: Drought|[of] p1a: Torkoal
|turn|4
|
|t:|1784590322
|move|p2a: Araquanid|Wide Guard|p2a: Araquanid
|-singleturn|p2a: Araquanid|Wide Guard
|move|p1a: Torkoal|Earth Power|p2b: Farigiraf
|-damage|p2b: Farigiraf|51/100
|move|p2b: Farigiraf|Twin Beam|p1b: Manectric
|-damage|p1b: Manectric|58/100
|-damage|p1b: Manectric|41/100
|-hitcount|p1b: Manectric|2
|move|p1b: Manectric|Volt Switch|p2a: Araquanid
|-supereffective|p2a: Araquanid|1
|-damage|p2a: Araquanid|0 fnt
|faint|p2a: Araquanid
|
|-weather|SunnyDay|[upkeep]
|upkeep
|
|t:|1784590338
|switch|p2a: Hydrapple|Hydrapple, L50, F|100/100
|turn|5
|
|t:|1784590352
|move|p2a: Hydrapple|Protect|p2a: Hydrapple
|-singleturn|p2a: Hydrapple|Protect
|move|p2b: Farigiraf|Protect|p2b: Farigiraf
|-singleturn|p2b: Farigiraf|Protect
|move|p1b: Manectric|Protect|p1b: Manectric
|-singleturn|p1b: Manectric|Protect
|move|p1a: Torkoal|Eruption|p2a: Hydrapple|[spread] 
|-activate|p2a: Hydrapple|move: Protect
|-activate|p2b: Farigiraf|move: Protect
|
|-weather|SunnyDay|[upkeep]
|-fieldend|move: Trick Room
|upkeep
|turn|6
|
|t:|1784590375
|move|p1b: Manectric|Snarl|p2a: Hydrapple|[spread] p2a,p2b
|-supereffective|p2b: Farigiraf|1
|-damage|p2a: Hydrapple|88/100
|-damage|p2b: Farigiraf|25/100
|-unboost|p2a: Hydrapple|spa|1
|-unboost|p2b: Farigiraf|spa|1
|-enditem|p2b: Farigiraf|Sitrus Berry|[eat]
|-heal|p2b: Farigiraf|50/100g|[from] item: Sitrus Berry
|move|p2b: Farigiraf|Twin Beam|p1b: Manectric
|-damage|p1b: Manectric|27/100
|-damage|p1b: Manectric|12/100
|-hitcount|p1b: Manectric|2
|move|p2a: Hydrapple|Earth Power|p1a: Torkoal
|-supereffective|p1a: Torkoal|1
|-damage|p1a: Torkoal|26/100
|-damage|p2a: Hydrapple|78/100|[from] item: Life Orb
|move|p1a: Torkoal|Eruption|p2b: Farigiraf|[spread] p2a,p2b
|-damage|p2a: Hydrapple|58/100
|-damage|p2b: Farigiraf|30/100
|
|-weather|SunnyDay|[upkeep]
|upkeep
|turn|7
|
|t:|1784590414
|move|p1b: Manectric|Snarl|p2a: Hydrapple|[spread] p2a,p2b
|-supereffective|p2b: Farigiraf|1
|-damage|p2a: Hydrapple|46/100
|-damage|p2b: Farigiraf|4/100
|-unboost|p2a: Hydrapple|spa|1
|-unboost|p2b: Farigiraf|spa|1
|move|p2a: Hydrapple|Earth Power|p1a: Torkoal
|-supereffective|p1a: Torkoal|1
|-damage|p1a: Torkoal|0 fnt
|faint|p1a: Torkoal
|-damage|p2a: Hydrapple|36/100|[from] item: Life Orb
|move|p2b: Farigiraf|Trick Room|p2b: Farigiraf
|-fieldstart|move: Trick Room|[of] p2b: Farigiraf
|
|-weather|SunnyDay|[upkeep]
|upkeep
|turn|8
|c|☆AuroraTime64|gg
|c|☆waLooG|gg
|
|t:|1784590434
|move|p2a: Hydrapple|Fickle Beam|p1b: Manectric
|-damage|p1b: Manectric|0 fnt
|faint|p1b: Manectric
|-damage|p2a: Hydrapple|26/100|[from] item: Life Orb
|
|win|waLooG
||waLooG is ready for game 2.
||AuroraTime64 is ready for game 2.
|uhtml|next|Next: Game 2 of 3
