|j|☆JCosio
|j|☆Glimme
|html|JCosioGlimme    
|uhtml|bestof|Game 2 of a best-of-3
|t:|1782459844
|gametype|doubles
|player|p1|JCosio|170|1086
|player|p2|Glimme|102|1133
|gen|9
|tier|[Gen 9 Champions] VGC 2026 Reg M-B (Bo3)
|rated|
|rule|Species Clause: Limit one of each Pokémon
|rule|Item Clause: Limit 1 of each item
|clearpoke
|poke|p1|Charizard, L50, F|
|poke|p1|Farigiraf, L50, M|
|poke|p1|Whimsicott, L50, F|
|poke|p1|Mawile, L50, M|
|poke|p1|Basculegion, L50, M|
|poke|p1|Garchomp, L50, F|
|poke|p2|Garchomp, L50, M, shiny|
|poke|p2|Charizard, L50, M, shiny|
|poke|p2|Whimsicott, L50, M, shiny|
|poke|p2|Farigiraf, L50, M, shiny|
|poke|p2|Basculegion, L50, M, shiny|
|poke|p2|Sylveon, L50, M, shiny|
|teampreview|4
|showteam|p1|Charizard||CharizarditeY|Blaze|Protect,HeatWave,WeatherBall,SolarBeam|Modest||F|||50|]Farigiraf||SitrusBerry|ArmorTail|Roar,PsychicFangs,Thunderbolt,TrickRoom|Bold||M|||50|]Whimsicott||FocusSash|Prankster|SunnyDay,Tailwind,Moonblast,Encore|Timid||F|||50|]Mawile||Mawilite|HyperCutter|Protect,SuckerPunch,PlayRough,RockSlide|Adamant||M|||50|]Basculegion||MysticWater|Adaptability|Protect,AquaJet,LastRespects,WaveCrash|Adamant||M|||50|]Garchomp||LifeOrb|RoughSkin|StompingTantrum,RockSlide,DragonClaw,Protect|Jolly||F|||50|
|showteam|p2|Garchomp||LifeOrb|RoughSkin|Earthquake,DragonClaw,RockSlide,Protect|Jolly||M|||50|]Charizard||CharizarditeY|SolarPower|HeatWave,WeatherBall,SolarBeam,Protect|Modest||M|||50|]Whimsicott||CobaBerry|Prankster|Moonblast,Tailwind,Encore,Protect|Timid||M|||50|]Farigiraf||SitrusBerry|ArmorTail|TwinBeam,FoulPlay,HelpingHand,TrickRoom|Bold||M|||50|]Basculegion||MysticWater|Adaptability|WaveCrash,LastRespects,AquaJet,Protect|Jolly||M|||50|]Sylveon||FairyFeather|Pixilate|HyperVoice,HyperBeam,QuickAttack,Detect|Modest||M|||50|
|inactive|Battle timer is ON: inactive players will automatically lose when time's up. (requested by Glimme)
|inactive|JCosio has 60 seconds left.
|inactive|JCosio has 30 seconds left.
|
|t:|1782459906
|teamsize|p1|4
|teamsize|p2|4
|start
|switch|p1a: Whimsicott|Whimsicott, L50, F|100/100
|switch|p1b: Charizard|Charizard, L50, F|100/100
|switch|p2a: Garchomp|Garchomp, L50, M, shiny|100/100
|switch|p2b: Charizard|Charizard, L50, M, shiny|100/100
|turn|1
|
|t:|1782459921
|detailschange|p2b: Charizard|Charizard-Mega-Y, L50, M, shiny
|-mega|p2b: Charizard|Charizard|Charizardite Y
|-weather|SunnyDay|[from] ability: Drought|[of] p2b: Charizard
|move|p1b: Charizard|Protect|p1b: Charizard
|-singleturn|p1b: Charizard|Protect
|move|p1a: Whimsicott|Moonblast|p2a: Garchomp
|-supereffective|p2a: Garchomp|1
|-damage|p2a: Garchomp|26/100
|move|p2a: Garchomp|Rock Slide|p1a: Whimsicott|[spread] p1a
|-activate|p1b: Charizard|move: Protect
|-damage|p1a: Whimsicott|61/100
|-damage|p2a: Garchomp|16/100|[from] item: Life Orb
|move|p2b: Charizard|Heat Wave|p1a: Whimsicott|[spread] p1a
|-activate|p1b: Charizard|move: Protect
|-supereffective|p1a: Whimsicott|1
|-damage|p1a: Whimsicott|0 fnt
|faint|p1a: Whimsicott
|
|-weather|SunnyDay|[upkeep]
|upkeep
|
|t:|1782459940
|switch|p1a: Basculegion|Basculegion, L50, M|100/100
|turn|2
|
|t:|1782459951
|detailschange|p1b: Charizard|Charizard-Mega-Y, L50, F
|-mega|p1b: Charizard|Charizard|Charizardite Y
|move|p2a: Garchomp|Protect|p2a: Garchomp
|-singleturn|p2a: Garchomp|Protect
|move|p1a: Basculegion|Aqua Jet|p2a: Garchomp
|-activate|p2a: Garchomp|move: Protect
|move|p1b: Charizard|Weather Ball|p2b: Charizard
|-resisted|p2b: Charizard|1
|-damage|p2b: Charizard|51/100
|move|p2b: Charizard|Solar Beam||[still]
|-prepare|p2b: Charizard|Solar Beam
|-anim|p2b: Charizard|Solar Beam|p1a: Basculegion
|-supereffective|p1a: Basculegion|1
|-damage|p1a: Basculegion|0 fnt
|faint|p1a: Basculegion
|
|-weather|SunnyDay|[upkeep]
|upkeep
|
|t:|1782459955
|switch|p1a: Mawile|Mawile, L50, M|100/100
|turn|3
|
|t:|1782459971
|move|p1a: Mawile|Sucker Punch|p2a: Garchomp
|-damage|p2a: Garchomp|0 fnt
|-damage|p1a: Mawile|87/100|[from] ability: Rough Skin|[of] p2a: Garchomp
|faint|p2a: Garchomp
|move|p1b: Charizard|Weather Ball|p2b: Charizard
|-resisted|p2b: Charizard|1
|-damage|p2b: Charizard|1/100
|move|p2b: Charizard|Weather Ball|p1a: Mawile
|-supereffective|p1a: Mawile|1
|-damage|p1a: Mawile|0 fnt
|faint|p1a: Mawile
|
|-weather|SunnyDay|[upkeep]
|upkeep
|
|t:|1782459975
|switch|p2a: Whimsicott|Whimsicott, L50, M, shiny|100/100
|turn|4
|
|t:|1782459985
|move|p2a: Whimsicott|Protect|p2a: Whimsicott
|-singleturn|p2a: Whimsicott|Protect
|move|p2b: Charizard|Protect|p2b: Charizard
|-singleturn|p2b: Charizard|Protect
|move|p1b: Charizard|Heat Wave|p2a: Whimsicott|[spread] 
|-activate|p2a: Whimsicott|move: Protect
|-activate|p2b: Charizard|move: Protect
|
|-weather|SunnyDay|[upkeep]
|upkeep
|turn|5
|
|t:|1782459989
|move|p2a: Whimsicott|Tailwind|p2a: Whimsicott
|-sidestart|p2: Glimme|move: Tailwind
|move|p2b: Charizard|Weather Ball|p1b: Charizard
|-resisted|p1b: Charizard|1
|-damage|p1b: Charizard|50/100g
|move|p1b: Charizard|Heat Wave|p2a: Whimsicott|[spread] p2a,p2b
|-supereffective|p2a: Whimsicott|1
|-resisted|p2b: Charizard|1
|-damage|p2a: Whimsicott|0 fnt
|-damage|p2b: Charizard|0 fnt
|faint|p2a: Whimsicott
|faint|p2b: Charizard
|
|-weather|none
|upkeep
|
|t:|1782459993
|switch|p2b: Basculegion|Basculegion, L50, M, shiny|100/100
|turn|6
|
|t:|1782460004
|move|p1b: Charizard|Protect|p1b: Charizard
|-singleturn|p1b: Charizard|Protect
|move|p2b: Basculegion|Wave Crash|p1b: Charizard
|-activate|p1b: Charizard|move: Protect
|
|upkeep
|turn|7
|
|t:|1782460011
|move|p2b: Basculegion|Wave Crash|p1b: Charizard
|-supereffective|p1b: Charizard|1
|-damage|p1b: Charizard|0 fnt
|faint|p1b: Charizard
|-damage|p2b: Basculegion|86/100|[from] Recoil
|
|win|Glimme
|raw|JCosio's rating: 1086 → 1066(-20 for losing)
|raw|Glimme's rating: 1133 → 1155(+22 for winning)
