|j|Ōśåsoohzabimaru
|j|ŌśåSajurnetinutom
|html|soohzabimaruSajurnetinutom    
|uhtml|bestof|Game 2 of a best-of-3
|t:|1785265198
|gametype|doubles
|player|p1|soohzabimaru|benga|1146
|player|p2|Sajurnetinutom|2|1128
|gen|9
|tier|[Gen 9 Champions] VGC 2026 Reg M-B (Bo3)
|rated|
|rule|Species Clause: Limit one of each Pok├®mon
|rule|Item Clause: Limit 1 of each item
|clearpoke
|poke|p1|Ninetales-Alola, L50, F|
|poke|p1|Kommo-o, L50, M|
|poke|p1|Charizard, L50, F|
|poke|p1|Whimsicott, L50, M|
|poke|p1|Glimmora, L50, F|
|poke|p1|Kingambit, L50, M|
|poke|p2|Glimmora, L50, M|
|poke|p2|Staraptor, L50, F|
|poke|p2|Kingambit, L50, F|
|poke|p2|Sylveon, L50, M|
|poke|p2|Farigiraf, L50, M|
|poke|p2|Whimsicott, L50, F|
|teampreview|4
|showteam|p1|Ninetales-Alola||NeverMeltIce|SnowWarning|Blizzard,FreezeDry,Disable,Protect|Timid||F|||50|]Kommo-o||LifeOrb|Overcoat|VacuumWave,AuraSphere,ClangingScales,Protect|Modest||M|||50|]Charizard||CharizarditeY|Blaze|HeatWave,WeatherBall,SolarBeam,Protect|Modest||F|||50|]Whimsicott||FocusSash|Prankster|Tailwind,Moonblast,Encore,Protect|Timid||M|||50|]Glimmora||Glimmoranite|ToxicDebris|SludgeBomb,PowerGem,EarthPower,Protect|Modest||F|||50|]Kingambit||BlackGlasses|Defiant|SuckerPunch,KowtowCleave,IronDefense,Protect|Adamant||M|||50|
|showteam|p2|Glimmora||Glimmoranite|ToxicDebris|EarthPower,PowerGem,SludgeBomb,SpikyShield|Modest||M|||50|]Staraptor||Staraptite|Intimidate|CloseCombat,BraveBird,Tailwind,Protect|Jolly||F|||50|]Kingambit||BlackGlasses|Defiant|KowtowCleave,SuckerPunch,IronHead,Protect|Adamant||F|||50|]Sylveon||FairyFeather|Pixilate|HyperVoice,HyperBeam,QuickAttack,Detect|Modest||M|||50|]Farigiraf||SitrusBerry|ArmorTail|Psychic,Thunderbolt,Protect,TrickRoom|Bold||M|||50|]Whimsicott||FocusSash|Prankster|Moonblast,Tailwind,Encore,LightScreen|Timid||F|||50|
|c|ŌśåSajurnetinutom|fun
|c|Ōśåsoohzabimaru|sry bout the hax
|c|ŌśåSajurnetinutom|lol its just the power of glimmora
|c|Ōśåsoohzabimaru|hahahha
|
|t:|1785265272
|teamsize|p1|4
|teamsize|p2|4
|start
|switch|p1a: Ninetales|Ninetales-Alola, L50, F|100/100
|switch|p1b: Glimmora|Glimmora, L50, F|100/100
|switch|p2a: Whimsicott|Whimsicott, L50, F|100/100
|switch|p2b: Glimmora|Glimmora, L50, M|100/100
|-weather|Snowscape|[from] ability: Snow Warning|[of] p1a: Ninetales
|turn|1
|
|t:|1785265301
|move|p2b: Glimmora|Spiky Shield|p2b: Glimmora
|-singleturn|p2b: Glimmora|move: Protect
|move|p1b: Glimmora|Protect|p1b: Glimmora
|-singleturn|p1b: Glimmora|Protect
|move|p2a: Whimsicott|Tailwind|p2a: Whimsicott
|-sidestart|p2: Sajurnetinutom|move: Tailwind
|move|p1a: Ninetales|Disable|p2b: Glimmora
|-activate|p2b: Glimmora|move: Protect
|
|-weather|Snowscape|[upkeep]
|upkeep
|turn|2
|c|Ōśåsoohzabimaru|I just noticed im not spiky lmao
|c|ŌśåSajurnetinutom|just made this team 20 mins ago im testing glimmora rn
|c|Ōśåsoohzabimaru|samee
|c|ŌśåSajurnetinutom|oh you def want spiky
|c|Ōśåsoohzabimaru|im nerfing myself, its like training with weights
|c|Ōśåsoohzabimaru|jk hahah
|c|ŌśåSajurnetinutom|not the worst mistake
|
|t:|1785265368
|switch|p1b: Kommo-o|Kommo-o, L50, M|100/100
|move|p2a: Whimsicott|Encore|p1a: Ninetales
|-start|p1a: Ninetales|Encore
|move|p2b: Glimmora|Power Gem|p1b: Kommo-o
|-resisted|p1b: Kommo-o|1
|-damage|p1b: Kommo-o|75/100
|move|p1a: Ninetales|Disable|p2a: Whimsicott
|-start|p2a: Whimsicott|Disable|Encore
|
|-weather|Snowscape|[upkeep]
|upkeep
|turn|3
|
|t:|1785265387
|switch|p1a: Kingambit|Kingambit, L50, M|100/100
|move|p1b: Kommo-o|Vacuum Wave|p2b: Glimmora
|-damage|p2b: Glimmora|66/100
|-damage|p1b: Kommo-o|65/100|[from] item: Life Orb
|move|p2a: Whimsicott|Moonblast|p1b: Kommo-o
|-supereffective|p1b: Kommo-o|2
|-damage|p1b: Kommo-o|0 fnt
|faint|p1b: Kommo-o
|move|p2b: Glimmora|Earth Power|p1a: Kingambit
|-supereffective|p1a: Kingambit|1
|-damage|p1a: Kingambit|35/100
|
|-weather|Snowscape|[upkeep]
|upkeep
|
|t:|1785265399
|switch|p1b: Ninetales|Ninetales-Alola, L50, F|100/100
|turn|4
|c|ŌśåSajurnetinutom|i think this lead works better
|c|Ōśåsoohzabimaru|yeahh glim whims is such a staple
|c|Ōśåsoohzabimaru|into a lot of the meta
|
|t:|1785265426
|switch|p2a: Kingambit|Kingambit, L50, F|100/100
|move|p1a: Kingambit|Sucker Punch|p2b: Glimmora
|-damage|p2b: Glimmora|13/100
|-activate|p2b: Glimmora|ability: Toxic Debris
|-sidestart|p1: soohzabimaru|move: Toxic Spikes
|move|p2b: Glimmora|Sludge Bomb|p1b: Ninetales
|-supereffective|p1b: Ninetales|1
|-damage|p1b: Ninetales|0 fnt
|faint|p1b: Ninetales
|
|-weather|Snowscape|[upkeep]
|-sideend|p2: Sajurnetinutom|move: Tailwind
|upkeep
|c|ŌśåSajurnetinutom|bang glimm is so tanky
|
|t:|1785265437
|switch|p1b: Glimmora|Glimmora, L50, F|100/100
|-sideend|p1: soohzabimaru|move: Toxic Spikes|[of] p1b: Glimmora
|turn|5
|c|Ōśåsoohzabimaru|im also iron defense gambit
|c|Ōśåsoohzabimaru|instead of iron head
|c|Ōśåsoohzabimaru|jesus
|c|ŌśåSajurnetinutom|lmao
|c|ŌśåSajurnetinutom|i didnt even need to switch there
|
|t:|1785265481
|switch|p2b: Whimsicott|Whimsicott, L50, F|100/100
|detailschange|p1b: Glimmora|Glimmora-Mega, L50, F
|-mega|p1b: Glimmora|Glimmora|Glimmoranite
|move|p2a: Kingambit|Protect|p2a: Kingambit
|-singleturn|p2a: Kingambit|Protect
|move|p1b: Glimmora|Earth Power|p2a: Kingambit
|-activate|p2a: Kingambit|move: Protect
|move|p1a: Kingambit|Kowtow Cleave|p2b: Whimsicott
|-resisted|p2b: Whimsicott|1
|-damage|p2b: Whimsicott|54/100
|
|-weather|none
|upkeep
|turn|6
|
|t:|1785265511
|switch|p2a: Staraptor|Staraptor, L50, F|100/100
|-ability|p2a: Staraptor|Intimidate|boost
|-unboost|p1a: Kingambit|atk|1
|-ability|p1a: Kingambit|Defiant|boost
|-boost|p1a: Kingambit|atk|2
|-unboost|p1b: Glimmora|atk|1
|move|p2b: Whimsicott|Tailwind|p2b: Whimsicott
|-sidestart|p2: Sajurnetinutom|move: Tailwind
|move|p1b: Glimmora|Earth Power|p2a: Staraptor
|-immune|p2a: Staraptor
|move|p1a: Kingambit|Kowtow Cleave|p2a: Staraptor
|-damage|p2a: Staraptor|0 fnt
|faint|p2a: Staraptor
|
|upkeep
|
|t:|1785265531
|switch|p2a: Kingambit|Kingambit, L50, F|100/100
|turn|7
|c|ŌśåSajurnetinutom|what
|c|ŌśåSajurnetinutom|shouldnt that live
|c|Ōśåsoohzabimaru|without mega no
|c|Ōśåsoohzabimaru|normal flying type
|c|Ōśåsoohzabimaru|black glasses +1
|c|ŌśåSajurnetinutom|oh yeah
|
|t:|1785265593
|move|p1b: Glimmora|Protect|p1b: Glimmora
|-singleturn|p1b: Glimmora|Protect
|move|p2b: Whimsicott|Light Screen|p2b: Whimsicott
|-sidestart|p2: Sajurnetinutom|move: Light Screen
|move|p1a: Kingambit|Sucker Punch||[still]
|-fail|p1a: Kingambit
|move|p2a: Kingambit|Kowtow Cleave|p1a: Kingambit
|-resisted|p1a: Kingambit|1
|-damage|p1a: Kingambit|12/100
|
|upkeep
|turn|8
|
|t:|1785265613
|move|p1b: Glimmora|Protect||[still]
|-fail|p1b: Glimmora
|move|p2b: Whimsicott|Encore|p1b: Glimmora
|-start|p1b: Glimmora|Encore
|move|p1a: Kingambit|Sucker Punch||[still]
|-fail|p1a: Kingambit
|move|p2a: Kingambit|Kowtow Cleave|p1a: Kingambit
|-resisted|p1a: Kingambit|1
|-damage|p1a: Kingambit|0 fnt
|faint|p1a: Kingambit
|
|upkeep
|turn|9
|-message|soohzabimaru forfeited.
|
|win|Sajurnetinutom
||soohzabimaru is ready for game 3.
||Sajurnetinutom is ready for game 3.
|uhtml|next|Next: Game 3 of 3
|l|ŌśåSajurnetinutom
|player|p2|
