|j|☆chikondi
|j|☆iiFWM
|html|chikondiiiFWM    
|uhtml|bestof|Game 3 of a best-of-3
|t:|1783959530
|gametype|doubles
|player|p1|chikondi|galacticgruntf|
|player|p2|iiFWM|candice|
|gen|9
|tier|[Gen 9 Champions] VGC 2026 Reg M-B (Bo3)
|rule|Species Clause: Limit one of each Pokémon
|rule|Item Clause: Limit 1 of each item
|clearpoke
|poke|p1|Sneasler, L50, M|
|poke|p1|Blastoise, L50, M|
|poke|p1|Kingambit, L50, M|
|poke|p1|Incineroar, L50, M|
|poke|p1|Delphox, L50, F|
|poke|p1|Sinistcha, L50|
|poke|p2|Charizard, L50, M, shiny|
|poke|p2|Toxapex, L50, F, shiny|
|poke|p2|Grimmsnarl, L50, M, shiny|
|poke|p2|Garchomp, L50, F, shiny|
|poke|p2|Hydreigon, L50, M, shiny|
|poke|p2|Metagross, L50, shiny|
|teampreview|4
|showteam|p1|Sneasler||FocusSash|PoisonTouch|PoisonJab,CloseCombat,FakeOut,QuickGuard|Jolly||M|||50|]Blastoise||Blastoisinite|RainDish|DarkPulse,WaterSpout,ShellSmash,Protect|Modest||M|||50|]Kingambit||BlackGlasses|Defiant|KowtowCleave,SuckerPunch,SwordsDance,Protect|Adamant||M|||50|]Incineroar||SitrusBerry|Intimidate|FlareBlitz,HelpingHand,PartingShot,FakeOut|Careful||M|||50|]Delphox||Delphoxite|Blaze|HeatWave,NastyPlot,Psyshock,Protect|Modest||F|||50|]Sinistcha||KasibBerry|Hospitality|MatchaGotcha,RagePowder,TrickRoom,Protect|Bold|||||50|
|showteam|p2|Charizard||CharizarditeY|Blaze|HeatWave,WeatherBall,SolarBeam,Protect|Timid||M|||50|]Toxapex||Leftovers|Regenerator|BanefulBunker,Infestation,Toxic,WideGuard|Bold||F|||50|]Grimmsnarl||RoseliBerry|Prankster|FakeOut,Reflect,PartingShot,FoulPlay|Sassy||M|||50|]Garchomp||SitrusBerry|RoughSkin|Protect,Earthquake,DragonClaw,RockSlide|Adamant||F|||50|]Hydreigon||ChoiceScarf|Levitate|EarthPower,DarkPulse,DracoMeteor,Snarl|Modest||M|||50|]Metagross||Metagrossite|ClearBody|IronHead,BulletPunch,HammerArm,Protect|Adamant|||||50|
|j| bwhitevgc
|inactive|Battle timer is ON: inactive players will automatically lose when time's up. (requested by iiFWM)
|j| Coldflame2802
|inactive|chikondi has 60 seconds left.
|inactive|chikondi has 30 seconds left.
|
|t:|1783959599
|teamsize|p1|4
|teamsize|p2|4
|start
|switch|p1a: Sneasler|Sneasler, L50, M|100/100
|switch|p1b: Kingambit|Kingambit, L50, M|100/100
|switch|p2a: Grimmsnarl|Grimmsnarl, L50, M, shiny|100/100
|switch|p2b: Charizard|Charizard, L50, M, shiny|100/100
|turn|1
|inactive|chikondi has 30 seconds left.
|inactive|chikondi has 20 seconds left.
|inactive|chikondi has 15 seconds left.
|inactive|chikondi has 10 seconds left.
|inactive|chikondi has 5 seconds left.
|
|t:|1783959651
|switch|p1b: Delphox|Delphox, L50, F|100/100
|detailschange|p2b: Charizard|Charizard-Mega-Y, L50, M, shiny
|-mega|p2b: Charizard|Charizard|Charizardite Y
|-weather|SunnyDay|[from] ability: Drought|[of] p2b: Charizard
|move|p1a: Sneasler|Fake Out|p2b: Charizard
|-damage|p2b: Charizard|83/100
|move|p2a: Grimmsnarl|Fake Out|p1b: Delphox
|-damage|p1b: Delphox|86/100
|cant|p2b: Charizard|flinch
|
|-weather|SunnyDay|[upkeep]
|upkeep
|turn|2
|inactive|chikondi has 30 seconds left.
|inactive|iiFWM has 30 seconds left.
|inactive|chikondi has 20 seconds left.
|inactive|iiFWM has 20 seconds left.
|inactive|chikondi has 15 seconds left.
|inactive|iiFWM has 15 seconds left.
|inactive|iiFWM has 10 seconds left.
|
|t:|1783959698
|switch|p2b: Garchomp|Garchomp, L50, F, shiny|100/100
|detailschange|p1b: Delphox|Delphox-Mega, L50, F
|-mega|p1b: Delphox|Delphox|Delphoxite
|move|p1b: Delphox|Protect|p1b: Delphox
|-singleturn|p1b: Delphox|Protect
|move|p2a: Grimmsnarl|Reflect|p2a: Grimmsnarl
|-sidestart|p2: iiFWM|Reflect
|move|p1a: Sneasler|Poison Jab|p2a: Grimmsnarl
|-supereffective|p2a: Grimmsnarl|1
|-damage|p2a: Grimmsnarl|49/100
|
|-weather|SunnyDay|[upkeep]
|upkeep
|turn|3
|inactive|chikondi has 30 seconds left.
|inactive|iiFWM has 30 seconds left.
|inactive|chikondi has 20 seconds left.
|inactive|iiFWM has 20 seconds left.
|inactive|chikondi has 15 seconds left.
|inactive|iiFWM has 15 seconds left.
|inactive|chikondi has 10 seconds left.
|inactive|iiFWM has 10 seconds left.
|
|t:|1783959748
|switch|p1a: Incineroar|Incineroar, L50, M|100/100
|-ability|p1a: Incineroar|Intimidate|boost
|-unboost|p2a: Grimmsnarl|atk|1
|-unboost|p2b: Garchomp|atk|1
|move|p2a: Grimmsnarl|Parting Shot|p1a: Incineroar
|-hint|Since gen 7, Dark is immune to Prankster moves.
|-immune|p1a: Incineroar
|move|p1b: Delphox|Heat Wave|p2b: Garchomp|[spread] p2a,p2b
|-resisted|p2b: Garchomp|1
|-damage|p2a: Grimmsnarl|0 fnt
|-damage|p2b: Garchomp|70/100
|faint|p2a: Grimmsnarl
|move|p2b: Garchomp|Rock Slide|p1b: Delphox|[spread] p1a,p1b
|-supereffective|p1a: Incineroar|1
|-supereffective|p1b: Delphox|1
|-damage|p1a: Incineroar|73/100
|-damage|p1b: Delphox|53/100
|
|-weather|SunnyDay|[upkeep]
|upkeep
|inactive|iiFWM has 30 seconds left.
|
|t:|1783959778
|switch|p2a: Hydreigon|Hydreigon, L50, M, shiny|100/100
|turn|4
|inactive|chikondi has 30 seconds left.
|inactive|chikondi has 20 seconds left.
|inactive|chikondi has 15 seconds left.
|inactive|chikondi has 10 seconds left.
|
|t:|1783959828
|move|p1a: Incineroar|Fake Out|p2a: Hydreigon
|-damage|p2a: Hydreigon|91/100
|cant|p2a: Hydreigon|flinch
|move|p1b: Delphox|Psyshock|p2b: Garchomp
|-damage|p2b: Garchomp|33/100
|-enditem|p2b: Garchomp|Sitrus Berry|[eat]
|-heal|p2b: Garchomp|57/100|[from] item: Sitrus Berry
|move|p2b: Garchomp|Rock Slide|p1a: Incineroar|[spread] p1a,p1b
|-supereffective|p1a: Incineroar|1
|-supereffective|p1b: Delphox|1
|-damage|p1a: Incineroar|46/100
|-damage|p1b: Delphox|20/100y
|-enditem|p1a: Incineroar|Sitrus Berry|[eat]
|-heal|p1a: Incineroar|71/100|[from] item: Sitrus Berry
|
|-weather|SunnyDay|[upkeep]
|upkeep
|turn|5
|inactive|chikondi has 30 seconds left.
|inactive|iiFWM has 30 seconds left.
|inactive|chikondi has 20 seconds left.
|inactive|iiFWM has 20 seconds left.
|inactive|chikondi has 15 seconds left.
|inactive|chikondi has 10 seconds left.
|inactive|chikondi has 5 seconds left.
|
|t:|1783959880
|switch|p1b: Kingambit|Kingambit, L50, M|100/100
|move|p2a: Hydreigon|Dark Pulse|p1a: Incineroar
|-resisted|p1a: Incineroar|1
|-damage|p1a: Incineroar|52/100
|move|p2b: Garchomp|Rock Slide|p1b: Kingambit|[spread] p1a,p1b
|-supereffective|p1a: Incineroar|1
|-resisted|p1b: Kingambit|1
|-damage|p1a: Incineroar|26/100
|-damage|p1b: Kingambit|95/100
|cant|p1a: Incineroar|flinch
|
|-weather|none
|upkeep
|turn|6
|inactive|chikondi has 30 seconds left.
|inactive|chikondi has 20 seconds left.
|
|t:|1783959916
|switch|p2a: Charizard|Charizard-Mega-Y, L50, M, shiny|83/100
|-weather|SunnyDay|[from] ability: Drought|[of] p2a: Charizard
|move|p1b: Kingambit|Protect|p1b: Kingambit
|-singleturn|p1b: Kingambit|Protect
|move|p2b: Garchomp|Earthquake|p1b: Kingambit|[spread] p1a
|-activate|p1b: Kingambit|move: Protect
|-immune|p2a: Charizard
|-supereffective|p1a: Incineroar|1
|-damage|p1a: Incineroar|0 fnt
|faint|p1a: Incineroar
|
|-weather|SunnyDay|[upkeep]
|-sideend|p2: iiFWM|Reflect
|upkeep
|
|t:|1783959941
|switch|p1a: Sneasler|Sneasler, L50, M|100/100
|turn|7
|inactive|chikondi has 30 seconds left.
|
|t:|1783959967
|move|p1a: Sneasler|Fake Out|p2a: Charizard
|-damage|p2a: Charizard|69/100
|cant|p2a: Charizard|flinch
|move|p2b: Garchomp|Earthquake|p1a: Sneasler|[spread] p1a,p1b
|-immune|p2a: Charizard
|-supereffective|p1a: Sneasler|1
|-supereffective|p1b: Kingambit|1
|-damage|p1a: Sneasler|18/100
|-damage|p1b: Kingambit|54/100
|move|p1b: Kingambit|Swords Dance|p1b: Kingambit
|-boost|p1b: Kingambit|atk|2
|
|-weather|SunnyDay|[upkeep]
|upkeep
|turn|8
|inactive|chikondi has 30 seconds left.
|inactive|iiFWM has 30 seconds left.
|inactive|chikondi has 20 seconds left.
|inactive|iiFWM has 20 seconds left.
|inactive|chikondi has 15 seconds left.
|inactive|iiFWM has 15 seconds left.
|inactive|iiFWM has 10 seconds left.
|
|t:|1783960013
|move|p1b: Kingambit|Sucker Punch|p2a: Charizard
|-damage|p2a: Charizard|0 fnt
|faint|p2a: Charizard
|move|p1a: Sneasler|Close Combat|p2b: Garchomp
|-damage|p2b: Garchomp|1/100
|-unboost|p1a: Sneasler|def|1
|-unboost|p1a: Sneasler|spd|1
|-damage|p1a: Sneasler|6/100|[from] ability: Rough Skin|[of] p2b: Garchomp
|move|p2b: Garchomp|Earthquake|p1a: Sneasler|[spread] p1a,p1b
|-supereffective|p1a: Sneasler|1
|-supereffective|p1b: Kingambit|1
|-damage|p1a: Sneasler|0 fnt
|-damage|p1b: Kingambit|15/100
|faint|p1a: Sneasler
|
|-weather|SunnyDay|[upkeep]
|upkeep
|
|t:|1783960027
|switch|p1a: Delphox|Delphox-Mega, L50, F|20/100y
|switch|p2a: Hydreigon|Hydreigon, L50, M, shiny|91/100
|turn|9
|inactive|chikondi has 30 seconds left.
|inactive|iiFWM has 30 seconds left.
|inactive|chikondi has 20 seconds left.
|inactive|chikondi has 15 seconds left.
|inactive|iiFWM has 20 seconds left.
|
|t:|1783960072
|move|p1b: Kingambit|Protect|p1b: Kingambit
|-singleturn|p1b: Kingambit|Protect
|move|p2a: Hydreigon|Dark Pulse|p1b: Kingambit
|-activate|p1b: Kingambit|move: Protect
|move|p1a: Delphox|Heat Wave|p2a: Hydreigon|[spread] p2a,p2b
|-resisted|p2a: Hydreigon|1
|-resisted|p2b: Garchomp|1
|-damage|p2a: Hydreigon|59/100
|-damage|p2b: Garchomp|0 fnt
|faint|p2b: Garchomp
|
|-weather|SunnyDay|[upkeep]
|upkeep
|turn|10
|inactive|chikondi has 20 seconds left this turn.
|inactive|chikondi has 15 seconds left.
|inactive|chikondi has 10 seconds left.
|inactive|chikondi has 5 seconds left.
|-message|chikondi lost due to inactivity.
|
|win|iiFWM
|c|☆iiFWM|ggs
|c| Coldflame2802|huh
|l| bwhitevgc
|c|☆chikondi|gg
|l| Coldflame2802
