|j|☆RICHARDHAVOC
|j|☆randomguy1114s
|html|RICHARDHAVOCrandomguy1114s    
|uhtml|bestof|Game 2 of a best-of-3
|t:|1757211699
|gametype|doubles
|player|p1|RICHARDHAVOC|101|1386
|player|p2|randomguy1114s|lillie-masters|1322
|gen|9
|tier|[Gen 9] VGC 2025 Reg H (Bo3)
|rated|
|rule|Species Clause: Limit one of each Pokémon
|rule|Item Clause: Limit 1 of each item
|clearpoke
|poke|p1|Whimsicott, L50, F|
|poke|p1|Garchomp, L50, M|
|poke|p1|Gholdengo, L50|
|poke|p1|Incineroar, L50, M|
|poke|p1|Dragonite, L50, M|
|poke|p1|Primarina, L50, F|
|poke|p2|Indeedee-F, L50, F|
|poke|p2|Hatterene, L50, F|
|poke|p2|Torkoal, L50, M|
|poke|p2|Sneasler, L50, M|
|poke|p2|Gallade, L50, M|
|poke|p2|Ursaluna, L50, M|
|teampreview|4
|showteam|p1|Whimsicott||FocusSash|Prankster|Tailwind,Moonblast,Protect,Encore|||F|||50|,,,,,Ghost]Garchomp||LifeOrb|RoughSkin|Earthquake,DragonClaw,StompingTantrum,Protect|||M|||50|,,,,,Ground]Gholdengo||ChoiceSpecs|GoodasGold|ShadowBall,MakeItRain,Trick,Protect||||||50|,,,,,Flying]Incineroar||SafetyGoggles|Intimidate|FakeOut,PartingShot,KnockOff,FlareBlitz|||M|||50|,,,,,Ghost]Dragonite||ChoiceBand|InnerFocus|ExtremeSpeed,LowKick,IceSpinner,Outrage|||M|||50|,,,,,Normal]Primarina||ThroatSpray|LiquidVoice|HyperVoice,Moonblast,Haze,Protect|||F|||50|,,,,,Poison
|showteam|p2|Indeedee-F||SitrusBerry|PsychicSurge|FollowMe,HelpingHand,TrickRoom,Psychic|||F|||50|,,,,,Water]Hatterene||LifeOrb|MagicBounce|ExpandingForce,DazzlingGleam,TrickRoom,Protect|||F|||50|,,,,,Psychic]Torkoal||Charcoal|Drought|Eruption,HeatWave,SolarBeam,Protect|||M|||50|,,,,,Fire]Sneasler||PsychicSeed|Unburden|CloseCombat,DireClaw,ThroatChop,Protect|||M|||50|,,,,,Dark]Gallade||ClearAmulet|Sharpness|SacredSword,PsychoCut,WideGuard,TrickRoom|||M|||50|,,,,,Stellar]Ursaluna||FlameOrb|Guts|HeadlongRush,Facade,Earthquake,Protect|||M|||50|,,,,,Ghost
|
|t:|1757211727
|teamsize|p1|4
|teamsize|p2|4
|start
|switch|p1a: Dragonite|Dragonite, L50, M, shiny|100/100
|switch|p1b: Gholdengo|Gholdengo, L50, shiny|100/100
|switch|p2a: resident helper|Indeedee-F, L50, F, shiny|100/100
|switch|p2b: its massive|Hatterene, L50, F, shiny|100/100
|-fieldstart|move: Psychic Terrain|[from] ability: Psychic Surge|[of] p2a: resident helper
|turn|1
|
|t:|1757211757
|-terastallize|p2b: its massive|Psychic
|move|p2a: resident helper|Follow Me|p2a: resident helper
|-singleturn|p2a: resident helper|move: Follow Me
|move|p1b: Gholdengo|Trick|p2a: resident helper
|-activate|p1b: Gholdengo|move: Trick|[of] p2a: resident helper
|-item|p2a: resident helper|Choice Specs|[from] move: Trick
|-item|p1b: Gholdengo|Sitrus Berry|[from] move: Trick
|move|p1a: Dragonite|Ice Spinner|p2a: resident helper
|-damage|p2a: resident helper|52/100
|-fieldend|move: Psychic Terrain
|move|p2b: its massive|Trick Room|p2b: its massive
|-fieldstart|move: Trick Room|[of] p2b: its massive
|
|upkeep
|turn|2
|
|t:|1757211781
|switch|p1a: Incineroar|Incineroar, L50, M, shiny|100/100
|-ability|p1a: Incineroar|Intimidate|boost
|-unboost|p2a: resident helper|atk|1
|-unboost|p2b: its massive|atk|1
|move|p2a: resident helper|Helping Hand|p2b: its massive
|-singleturn|p2b: its massive|Helping Hand|[of] p2a: resident helper
|move|p2b: its massive|Dazzling Gleam|p1b: Gholdengo|[spread] p1a,p1b
|-resisted|p1b: Gholdengo
|-damage|p1a: Incineroar|40/100
|-damage|p1b: Gholdengo|63/100
|-damage|p2b: its massive|91/100|[from] item: Life Orb
|move|p1b: Gholdengo|Shadow Ball|p2a: resident helper
|-immune|p2a: resident helper
|
|upkeep
|turn|3
|
|t:|1757211797
|switch|p2a: Gallade|Gallade, L50, M|100/100
|move|p2b: its massive|Protect|p2b: its massive
|-singleturn|p2b: its massive|Protect
|move|p1a: Incineroar|Fake Out|p2b: its massive
|-activate|p2b: its massive|move: Protect
|move|p1b: Gholdengo|Shadow Ball|p2a: Gallade
|-supereffective|p2a: Gallade
|-damage|p2a: Gallade|13/100
|
|upkeep
|turn|4
|
|t:|1757211836
|move|p2b: its massive|Dazzling Gleam|p1b: Gholdengo|[spread] p1a,p1b
|-resisted|p1b: Gholdengo
|-damage|p1a: Incineroar|1/100
|-damage|p1b: Gholdengo|39/100
|-enditem|p1b: Gholdengo|Sitrus Berry|[eat]
|-heal|p1b: Gholdengo|64/100|[from] item: Sitrus Berry
|-damage|p2b: its massive|81/100|[from] item: Life Orb
|move|p2a: Gallade|Psycho Cut|p1b: Gholdengo
|-resisted|p1b: Gholdengo
|-damage|p1b: Gholdengo|32/100
|move|p1a: Incineroar|Knock Off|p2a: Gallade
|-damage|p2a: Gallade|0 fnt
|-enditem|p2a: Gallade|Clear Amulet|[from] move: Knock Off|[of] p1a: Incineroar
|faint|p2a: Gallade
|move|p1b: Gholdengo|Shadow Ball|p2b: its massive
|-supereffective|p2b: its massive
|-damage|p2b: its massive|0 fnt
|faint|p2b: its massive
|
|upkeep
|
|t:|1757211851
|switch|p2b: Ursaluna|Ursaluna, L50, M, shiny|100/100
|switch|p2a: resident helper|Indeedee-F, L50, F, shiny|52/100
|-fieldstart|move: Psychic Terrain|[from] ability: Psychic Surge|[of] p2a: resident helper
|turn|5
|
|t:|1757211859
|move|p1b: Gholdengo|Protect|p1b: Gholdengo
|-singleturn|p1b: Gholdengo|Protect
|move|p2b: Ursaluna|Facade|p1a: Incineroar
|-damage|p1a: Incineroar|0 fnt
|faint|p1a: Incineroar
|move|p2a: resident helper|Psychic|p1b: Gholdengo
|-activate|p1b: Gholdengo|move: Protect
|
|-fieldend|move: Trick Room
|-status|p2b: Ursaluna|brn|[from] item: Flame Orb
|upkeep
|
|t:|1757211873
|switch|p1a: Dragonite|Dragonite, L50, M, shiny|100/100
|turn|6
|
|t:|1757211879
|move|p1b: Gholdengo|Make It Rain|p2b: Ursaluna|[spread] p2a,p2b
|-damage|p2a: resident helper|7/100
|-damage|p2b: Ursaluna|56/100 brn
|-unboost|p1b: Gholdengo|spa|1
|move|p1a: Dragonite|Ice Spinner|p2a: resident helper
|-damage|p2a: resident helper|0 fnt
|-fieldend|move: Psychic Terrain
|faint|p2a: resident helper
|move|p2b: Ursaluna|Facade|p1a: Dragonite
|-damage|p1a: Dragonite|0 fnt
|faint|p1a: Dragonite
|
|-damage|p2b: Ursaluna|50/100 brn|[from] brn
|upkeep
|
|t:|1757211882
|switch|p1a: Primarina|Primarina, L50, F, shiny|100/100
|turn|7
|
|t:|1757211890
|move|p1b: Gholdengo|Make It Rain|p2b: Ursaluna
|-damage|p2b: Ursaluna|12/100 brn
|-unboost|p1b: Gholdengo|spa|1
|move|p1a: Primarina|Hyper Voice|p2b: Ursaluna
|-supereffective|p2b: Ursaluna
|-damage|p2b: Ursaluna|0 fnt
|faint|p2b: Ursaluna
|-enditem|p1a: Primarina|Throat Spray
|
|win|RICHARDHAVOC
