|j|☆browe
|j|☆SabasVGC
|html|broweSabasVGC    
|uhtml|bestof|Game 3 of a best-of-3
|t:|1757729210
|gametype|doubles
|player|p1|browe|shadowtriad|1207
|player|p2|SabasVGC|bugcatcher-gen4dp|1303
|gen|9
|tier|[Gen 9] VGC 2025 Reg H (Bo3)
|rated|
|rule|Species Clause: Limit one of each Pokémon
|rule|Item Clause: Limit 1 of each item
|clearpoke
|poke|p1|Sneasler, L50, M|
|poke|p1|Pelipper, L50, F|
|poke|p1|Basculegion, L50, M|
|poke|p1|Indeedee, L50, M|
|poke|p1|Amoonguss, L50, M|
|poke|p1|Archaludon, L50, F|
|poke|p2|Dondozo, L50, F|
|poke|p2|Tatsugiri-Droopy, L50, F|
|poke|p2|Slaking, L50, F|
|poke|p2|Weezing, L50, F|
|poke|p2|Garchomp, L50, F|
|poke|p2|Kilowattrel, L50, F|
|teampreview|4
|showteam|p1|Sneasler||PsychicSeed|Unburden|DireClaw,CloseCombat,ThroatChop,Protect|||M|||50|,,,,,Dark]Pelipper||FocusSash|Drizzle|Hurricane,WeatherBall,Tailwind,Protect|||F|||50|,,,,,Ghost]Basculegion||ChoiceBand|SwiftSwim|WaveCrash,LastRespects,AquaJet,FlipTurn|||M|||50|,,,,,Grass]Indeedee||ChoiceScarf|PsychicSurge|ExpandingForce,DazzlingGleam,ShadowBall,Trick|||M|||50|,,,,,Psychic]Amoonguss||SitrusBerry|Regenerator|PollenPuff,RagePowder,ClearSmog,Spore|||M|||50|,,,,,Psychic]Archaludon||AssaultVest|Stamina|DracoMeteor,FlashCannon,ElectroShot,BodyPress|||F|||50|,,,,,Bug
|showteam|p2|Dondozo||Leftovers|Unaware|Protect,OrderUp,BodyPress,RockSlide|||F|||50|,,,,,Grass]Tatsugiri-Droopy||ChoiceScarf|Commander|HelpingHand,IcyWind,MuddyWater,DracoMeteor|||F|||50|,,,,,Steel]Slaking||SitrusBerry|Truant|PlayRough,HighHorsepower,KnockOff,Protect|||F|||50|,,,,,Fairy]Weezing||RockyHelmet|NeutralizingGas|Protect,Taunt,WillOWisp,SludgeBomb|||F|||50|,,,,,Flying]Garchomp||LifeOrb|RoughSkin|Earthquake,StompingTantrum,DragonClaw,Protect|||F|||50|,,,,,Ground]Kilowattrel||FocusSash|Competitive|Discharge,Tailwind,AirSlash,Protect|||F|||50|,,,,,Ghost
|
|t:|1757729227
|teamsize|p1|4
|teamsize|p2|4
|start
|switch|p1a: Indeedee|Indeedee, L50, M|100/100
|switch|p1b: Sneasler|Sneasler, L50, M|100/100
|switch|p2a: Slaking|Slaking, L50, F, shiny|100/100
|switch|p2b: Weezing|Weezing, L50, F, shiny|100/100
|-ability|p2b: Weezing|Neutralizing Gas
|turn|1
|
|t:|1757729269
|-terastallize|p2b: Weezing|Flying
|move|p2a: Slaking|Protect|p2a: Slaking
|-singleturn|p2a: Slaking|Protect
|move|p1a: Indeedee|Expanding Force|p2b: Weezing
|-damage|p2b: Weezing|63/100
|move|p1b: Sneasler|Close Combat|p2a: Slaking
|-activate|p2a: Slaking|move: Protect
|move|p2b: Weezing|Will-O-Wisp|p1b: Sneasler
|-status|p1b: Sneasler|brn
|
|-damage|p1b: Sneasler|94/100 brn|[from] brn
|upkeep
|turn|2
|
|t:|1757729300
|move|p1a: Indeedee|Expanding Force|p2b: Weezing
|-damage|p2b: Weezing|27/100
|move|p1b: Sneasler|Dire Claw|p2b: Weezing
|-damage|p2b: Weezing|9/100
|-damage|p1b: Sneasler|78/100 brn|[from] item: Rocky Helmet|[of] p2b: Weezing
|move|p2a: Slaking|Knock Off|p1a: Indeedee
|-supereffective|p1a: Indeedee
|-damage|p1a: Indeedee|0 fnt
|-enditem|p1a: Indeedee|Choice Scarf|[from] move: Knock Off|[of] p2a: Slaking
|faint|p1a: Indeedee
|move|p2b: Weezing|Taunt|p1b: Sneasler
|-start|p1b: Sneasler|move: Taunt
|
|-damage|p1b: Sneasler|72/100 brn|[from] brn
|upkeep
|
|t:|1757729312
|switch|p1a: Pelipper|Pelipper, L50, F|100/100
|turn|3
|
|t:|1757729340
|move|p2b: Weezing|Protect|p2b: Weezing
|-singleturn|p2b: Weezing|Protect
|move|p1b: Sneasler|Close Combat|p2a: Slaking
|-supereffective|p2a: Slaking
|-damage|p2a: Slaking|49/100
|-unboost|p1b: Sneasler|def|1
|-unboost|p1b: Sneasler|spd|1
|-enditem|p2a: Slaking|Sitrus Berry|[eat]
|-heal|p2a: Slaking|74/100|[from] item: Sitrus Berry
|move|p2a: Slaking|High Horsepower|p1b: Sneasler|[miss]
|-miss|p2a: Slaking|p1b: Sneasler
|move|p1a: Pelipper|Weather Ball|p2b: Weezing
|-activate|p2b: Weezing|move: Protect
|
|-damage|p1b: Sneasler|66/100 brn|[from] brn
|upkeep
|turn|4
|
|t:|1757729372
|move|p1b: Sneasler|Dire Claw|p2b: Weezing
|-damage|p2b: Weezing|0 fnt
|-damage|p1b: Sneasler|49/100 brn|[from] item: Rocky Helmet|[of] p2b: Weezing
|faint|p2b: Weezing
|-end|p2b: Weezing|ability: Neutralizing Gas
|-weather|RainDance|[from] ability: Drizzle|[of] p1a: Pelipper
|move|p2a: Slaking|Knock Off|p1a: Pelipper
|-damage|p1a: Pelipper|46/100
|-enditem|p1a: Pelipper|Focus Sash|[from] move: Knock Off|[of] p2a: Slaking
|move|p1a: Pelipper|Weather Ball|p2a: Slaking
|-crit|p2a: Slaking
|-damage|p2a: Slaking|0 fnt
|faint|p2a: Slaking
|
|-weather|RainDance|[upkeep]
|-damage|p1b: Sneasler|43/100 brn|[from] brn
|upkeep
|
|t:|1757729387
|switch|p2a: Garchomp|Garchomp, L50, F, shiny|100/100
|switch|p2b: Kilowattrel|Kilowattrel, L50, F, shiny|100/100
|turn|5
|
|t:|1757729410
|move|p1a: Pelipper|Protect|p1a: Pelipper
|-singleturn|p1a: Pelipper|Protect
|move|p2b: Kilowattrel|Tailwind|p2b: Kilowattrel
|-sidestart|p2: SabasVGC|move: Tailwind
|move|p2a: Garchomp|Dragon Claw|p1a: Pelipper
|-activate|p1a: Pelipper|move: Protect
|move|p1b: Sneasler|Dire Claw|p2b: Kilowattrel
|-damage|p2b: Kilowattrel|61/100
|
|-weather|RainDance|[upkeep]
|-damage|p1b: Sneasler|37/100 brn|[from] brn
|-end|p1b: Sneasler|move: Taunt
|upkeep
|turn|6
|
|t:|1757729439
|move|p2b: Kilowattrel|Discharge|p1b: Sneasler|[spread] p1a,p1b
|-immune|p2a: Garchomp
|-supereffective|p1a: Pelipper
|-damage|p1a: Pelipper|0 fnt
|-damage|p1b: Sneasler|0 fnt
|faint|p1a: Pelipper
|faint|p1b: Sneasler
|move|p2a: Garchomp|Earthquake|p2b: Kilowattrel
|-immune|p2b: Kilowattrel
|
|-weather|RainDance|[upkeep]
|upkeep
|
|t:|1757729443
|switch|p1a: Basculegion|Basculegion, L50, M|100/100
|turn|7
|
|t:|1757729458
|-terastallize|p1a: Basculegion|Grass
|move|p1a: Basculegion|Aqua Jet|p2b: Kilowattrel
|-damage|p2b: Kilowattrel|0 fnt
|faint|p2b: Kilowattrel
|move|p2a: Garchomp|Earthquake|p1a: Basculegion
|-resisted|p1a: Basculegion
|-damage|p1a: Basculegion|60/100
|-damage|p2a: Garchomp|91/100|[from] item: Life Orb
|
|-weather|RainDance|[upkeep]
|upkeep
|turn|8
|
|t:|1757729470
|move|p1a: Basculegion|Aqua Jet|p2a: Garchomp
|-damage|p2a: Garchomp|47/100
|-damage|p1a: Basculegion|47/100|[from] ability: Rough Skin|[of] p2a: Garchomp
|move|p2a: Garchomp|Dragon Claw|p1a: Basculegion
|-damage|p1a: Basculegion|0 fnt
|faint|p1a: Basculegion
|-damage|p2a: Garchomp|37/100|[from] item: Life Orb
|
|win|SabasVGC
|raw|browe's rating: 1207 → 1189(-18 for losing)
|raw|SabasVGC's rating: 1303 → 1318(+15 for winning)
