|j|☆That1Morpecko
|j|☆5'4 425lbs
|html|That1Morpecko5'4 425lbs    
|uhtml|bestof|Game 1 of a best-of-3
|t:|1782244381
|gametype|doubles
|player|p1|That1Morpecko|hiker-gen4|1158
|player|p2|5'4 425lbs|170|1091
|gen|9
|tier|[Gen 9 Champions] VGC 2026 Reg M-B (Bo3)
|rated|
|rule|Species Clause: Limit one of each Pokémon
|rule|Item Clause: Limit 1 of each item
|clearpoke
|poke|p1|Grimmsnarl, L50, M|
|poke|p1|Swampert, L50, M|
|poke|p1|Pelipper, L50, F|
|poke|p1|Archaludon, L50, M|
|poke|p1|Sinistcha, L50|
|poke|p1|Floette-Eternal, L50, F|
|poke|p2|Tyranitar, L50, M, shiny|
|poke|p2|Corviknight, L50, F|
|poke|p2|Grimmsnarl, L50, M|
|poke|p2|Basculegion, L50, M|
|poke|p2|Incineroar, L50, F|
|poke|p2|Excadrill, L50, M|
|teampreview|4
|showteam|p1|Grimmsnarl||LightClay|Prankster|FoulPlay,PartingShot,LightScreen,Reflect|Careful||M|||50|]Swampert||Swampertite|Torrent|WaveCrash,HighHorsepower,IcePunch,Protect|Adamant||M|||50|]Pelipper||SitrusBerry|Drizzle|Tailwind,Hurricane,WeatherBall,WideGuard|Modest||F|||50|]Archaludon||Leftovers|Stamina|ElectroShot,DragonPulse,FlashCannon,Protect|Modest||M|||50|]Sinistcha||CobaBerry|Hospitality|MatchaGotcha,RagePowder,LifeDew,Protect|Relaxed|||||50|]Floette-Eternal||Floettite|FlowerVeil|CalmMind,DazzlingGleam,Moonblast,Protect|Modest||F|||50|
|showteam|p2|Tyranitar||Tyranitarite|SandStream|DragonDance,RockSlide,KnockOff,Protect|Adamant||M|||50|]Corviknight||Leftovers|MirrorArmor|BulkUp,BraveBird,Roost,Tailwind|Adamant||F|||50|]Grimmsnarl||LightClay|Prankster|LightScreen,Reflect,PartingShot,SpiritBreak|Careful||M|||50|]Basculegion||LifeOrb|Adaptability|WaveCrash,LastRespects,AquaJet,Protect|Adamant||M|||50|]Incineroar||SitrusBerry|Intimidate|FakeOut,ThroatChop,FlareBlitz,PartingShot|Impish||F|||50|]Excadrill||Excadrite|SandRush|HighHorsepower,IronHead,RockSlide,Protect|Adamant||M|||50|
|inactive|Battle timer is ON: inactive players will automatically lose when time's up. (requested by That1Morpecko)
|inactive|5'4 425lbs has 60 seconds left.
|
|t:|1782244438
|teamsize|p1|4
|teamsize|p2|4
|start
|switch|p1a: Swampert|Swampert, L50, M|100/100
|switch|p1b: Grimmsnarl|Grimmsnarl, L50, M|100/100
|switch|p2a: Grimmsnarl|Grimmsnarl, L50, M|100/100
|switch|p2b: Corviknight|Corviknight, L50, F|100/100
|turn|1
|
|t:|1782244456
|switch|p1b: Pelipper|Pelipper, L50, F|100/100
|-weather|RainDance|[from] ability: Drizzle|[of] p1b: Pelipper
|detailschange|p1a: Swampert|Swampert-Mega, L50, M
|-mega|p1a: Swampert|Swampert|Swampertite
|move|p2a: Grimmsnarl|Reflect|p2a: Grimmsnarl
|-sidestart|p2: 5'4 425lbs|Reflect
|move|p1a: Swampert|Wave Crash|p2a: Grimmsnarl
|-crit|p2a: Grimmsnarl
|-damage|p2a: Grimmsnarl|0 fnt
|faint|p2a: Grimmsnarl
|-damage|p1a: Swampert|64/100|[from] Recoil
|move|p2b: Corviknight|Bulk Up|p2b: Corviknight
|-boost|p2b: Corviknight|atk|1
|-boost|p2b: Corviknight|def|1
|
|-weather|RainDance|[upkeep]
|upkeep
|
|t:|1782244480
|switch|p2a: Tyranitar|Tyranitar, L50, M, shiny|100/100
|-weather|Sandstorm|[from] ability: Sand Stream|[of] p2a: Tyranitar
|turn|2
|
|t:|1782244486
|switch|p1b: Archaludon|Archaludon, L50, M|100/100
|detailschange|p2a: Tyranitar|Tyranitar-Mega, L50, M, shiny
|-mega|p2a: Tyranitar|Tyranitar|Tyranitarite
|move|p1a: Swampert|Protect|p1a: Swampert
|-singleturn|p1a: Swampert|Protect
|move|p2a: Tyranitar|Dragon Dance|p2a: Tyranitar
|-boost|p2a: Tyranitar|atk|1
|-boost|p2a: Tyranitar|spe|1
|move|p2b: Corviknight|Tailwind|p2b: Corviknight
|-sidestart|p2: 5'4 425lbs|move: Tailwind
|
|-weather|Sandstorm|[upkeep]
|upkeep
|turn|3
|inactive|5'4 425lbs has 30 seconds left.
|
|t:|1782244520
|switch|p1a: Pelipper|Pelipper, L50, F|100/100
|-weather|RainDance|[from] ability: Drizzle|[of] p1a: Pelipper
|move|p2a: Tyranitar|Knock Off|p1b: Archaludon
|-damage|p1b: Archaludon|37/100
|-ability|p1b: Archaludon|Stamina|boost
|-boost|p1b: Archaludon|def|1
|-enditem|p1b: Archaludon|Leftovers|[from] move: Knock Off|[of] p2a: Tyranitar
|move|p2b: Corviknight|Brave Bird|p1a: Pelipper
|-damage|p1a: Pelipper|31/100
|-enditem|p1a: Pelipper|Sitrus Berry|[eat]
|-heal|p1a: Pelipper|55/100|[from] item: Sitrus Berry
|-damage|p2b: Corviknight|81/100|[from] Recoil
|move|p1b: Archaludon|Electro Shot||[still]
|-prepare|p1b: Archaludon|Electro Shot
|-boost|p1b: Archaludon|spa|1
|-anim|p1b: Archaludon|Electro Shot|p2b: Corviknight
|-supereffective|p2b: Corviknight|1
|-damage|p2b: Corviknight|0 fnt
|faint|p2b: Corviknight
|
|-weather|RainDance|[upkeep]
|upkeep
|
|t:|1782244537
|switch|p2b: Basculegion|Basculegion, L50, M|100/100
|turn|4
|
|t:|1782244550
|move|p1b: Archaludon|Protect|p1b: Archaludon
|-singleturn|p1b: Archaludon|Protect
|move|p2a: Tyranitar|Knock Off|p1a: Pelipper
|-damage|p1a: Pelipper|0 fnt
|faint|p1a: Pelipper
|move|p2b: Basculegion|Last Respects|p1b: Archaludon
|-activate|p1b: Archaludon|move: Protect
|
|-weather|RainDance|[upkeep]
|upkeep
|
|t:|1782244558
|switch|p1a: Swampert|Swampert-Mega, L50, M|64/100
|turn|5
|
|t:|1782244580
|switch|p1b: Grimmsnarl|Grimmsnarl, L50, M|100/100
|move|p1a: Swampert|Protect|p1a: Swampert
|-singleturn|p1a: Swampert|Protect
|move|p2a: Tyranitar|Dragon Dance|p2a: Tyranitar
|-boost|p2a: Tyranitar|atk|1
|-boost|p2a: Tyranitar|spe|1
|move|p2b: Basculegion|Wave Crash|p1b: Grimmsnarl
|-damage|p1b: Grimmsnarl|0 fnt
|faint|p1b: Grimmsnarl
|-damage|p2b: Basculegion|65/100|[from] Recoil
|-damage|p2b: Basculegion|56/100|[from] item: Life Orb
|
|-weather|RainDance|[upkeep]
|-sideend|p2: 5'4 425lbs|move: Tailwind
|upkeep
|
|t:|1782244592
|switch|p1b: Archaludon|Archaludon, L50, M|37/100
|turn|6
|
|t:|1782244611
|move|p2a: Tyranitar|Protect|p2a: Tyranitar
|-singleturn|p2a: Tyranitar|Protect
|move|p1a: Swampert|Wave Crash|p2a: Tyranitar
|-activate|p2a: Tyranitar|move: Protect
|move|p2b: Basculegion|Last Respects|p1a: Swampert
|-damage|p1a: Swampert|0 fnt
|faint|p1a: Swampert
|-damage|p2b: Basculegion|46/100|[from] item: Life Orb
|move|p1b: Archaludon|Electro Shot||[still]
|-prepare|p1b: Archaludon|Electro Shot
|-boost|p1b: Archaludon|spa|1
|-anim|p1b: Archaludon|Electro Shot|p2b: Basculegion
|-supereffective|p2b: Basculegion|1
|-damage|p2b: Basculegion|0 fnt
|faint|p2b: Basculegion
|
|-weather|RainDance|[upkeep]
|upkeep
|turn|7
|
|t:|1782244627
|move|p2a: Tyranitar|Knock Off|p1b: Archaludon
|-damage|p1b: Archaludon|0 fnt
|faint|p1b: Archaludon
|
|win|5'4 425lbs
||5'4 425lbs is ready for game 2.
||That1Morpecko is ready for game 2.
|uhtml|next|Next: Game 2 of 3
|l|☆5'4 425lbs
|player|p2|
