|j|☆Advertisementish
|j|☆lukashz
|html|Advertisementishlukashz    
|uhtml|bestof|Game 1 of a best-of-3
|t:|1783318133
|gametype|doubles
|player|p1|Advertisementish|ghetsis|1359
|player|p2|lukashz|elesa|1314
|gen|9
|tier|[Gen 9 Champions] VGC 2026 Reg M-B (Bo3)
|rated|
|rule|Species Clause: Limit one of each Pokémon
|rule|Item Clause: Limit 1 of each item
|clearpoke
|poke|p1|Kangaskhan, L50, F|
|poke|p1|Archaludon, L50, F|
|poke|p1|Basculegion, L50, M|
|poke|p1|Pelipper, L50, F|
|poke|p1|Kingambit, L50, F|
|poke|p1|Sinistcha, L50|
|poke|p2|Chandelure, L50, M|
|poke|p2|Kangaskhan, L50, F|
|poke|p2|Wyrdeer, L50, F|
|poke|p2|Sylveon, L50, M|
|poke|p2|Kingambit, L50, M|
|poke|p2|Sneasler, L50, F|
|teampreview|4
|showteam|p1|Kangaskhan||Kangaskhanite|Scrappy|DoubleEdge,SuckerPunch,LowKick,FakeOut|Adamant||F|||50|]Archaludon||Leftovers|Stamina|ElectroShot,FlashCannon,DragonPulse,Protect|Calm||F|||50|]Basculegion||LifeOrb|SwiftSwim|WaveCrash,AquaJet,LastRespects,Protect|Adamant||M|||50|]Pelipper||FocusSash|Drizzle|WeatherBall,Hurricane,Protect,Tailwind|Modest||F|||50|]Kingambit||BlackGlasses|Defiant|SuckerPunch,KowtowCleave,SwordsDance,Protect|Adamant||F|||50|]Sinistcha||CobaBerry|Hospitality|MatchaGotcha,RagePowder,TrickRoom,LifeDew|Relaxed|||||50|
|showteam|p2|Chandelure||FocusSash|FlashFire|HeatWave,ShadowBall,TrickRoom,Taunt|Quiet||M|||50|]Kangaskhan||Kangaskhanite|InnerFocus|FakeOut,DoubleEdge,SuckerPunch,HammerArm|Brave||F|||50|]Wyrdeer||SitrusBerry|Intimidate|TrickRoom,HelpingHand,Thunderbolt,EnergyBall|Quiet||F|||50|]Sylveon||FairyFeather|Pixilate|HyperVoice,Protect,HyperBeam,QuickAttack|Quiet||M|||50|]Kingambit||BlackGlasses|Defiant|KowtowCleave,SuckerPunch,IronHead,Protect|Brave||M|||50|]Sneasler||WhiteHerb|Unburden|FakeOut,Coaching,CloseCombat,DireClaw|Jolly||F|||50|
|inactive|Battle timer is ON: inactive players will automatically lose when time's up. (requested by Advertisementish)
|inactive|Advertisementish has 60 seconds left.
|
|t:|1783318179
|teamsize|p1|4
|teamsize|p2|4
|start
|switch|p1a: Basculegion|Basculegion, L50, M|100/100
|switch|p1b: Sinistcha|Sinistcha, L50|100/100
|switch|p2a: Wyrdeer|Wyrdeer, L50, F|100/100
|switch|p2b: Kingambit|Kingambit, L50, M|100/100
|-ability|p2a: Wyrdeer|Intimidate|boost
|-unboost|p1a: Basculegion|atk|1
|-unboost|p1b: Sinistcha|atk|1
|turn|1
|inactive|lukashz has 30 seconds left.
|inactive|Advertisementish has 30 seconds left.
|inactive|lukashz has 20 seconds left.
|inactive|lukashz has 15 seconds left.
|inactive|lukashz has 10 seconds left.
|
|t:|1783318229
|switch|p1a: Archaludon|Archaludon, L50, F|100/100
|move|p2a: Wyrdeer|Helping Hand|p2b: Kingambit
|-singleturn|p2b: Kingambit|Helping Hand|[of] p2a: Wyrdeer
|move|p2b: Kingambit|Kowtow Cleave|p1b: Sinistcha
|-supereffective|p1b: Sinistcha|1
|-damage|p1b: Sinistcha|0 fnt
|faint|p1b: Sinistcha
|
|upkeep
|
|t:|1783318239
|switch|p1b: Pelipper|Pelipper, L50, F|100/100
|-weather|RainDance|[from] ability: Drizzle|[of] p1b: Pelipper
|turn|2
|
|t:|1783318250
|move|p2b: Kingambit|Protect|p2b: Kingambit
|-singleturn|p2b: Kingambit|Protect
|move|p1b: Pelipper|Weather Ball|p2a: Wyrdeer
|-crit|p2a: Wyrdeer
|-damage|p2a: Wyrdeer|2/100
|-enditem|p2a: Wyrdeer|Sitrus Berry|[eat]
|-heal|p2a: Wyrdeer|27/100|[from] item: Sitrus Berry
|move|p1a: Archaludon|Electro Shot||[still]
|-prepare|p1a: Archaludon|Electro Shot
|-boost|p1a: Archaludon|spa|1
|-anim|p1a: Archaludon|Electro Shot|p2a: Wyrdeer
|-damage|p2a: Wyrdeer|0 fnt
|faint|p2a: Wyrdeer
|
|-weather|RainDance|[upkeep]
|upkeep
|
|t:|1783318264
|switch|p2a: Chandelure|Chandelure, L50, M|100/100
|turn|3
|
|t:|1783318273
|move|p1b: Pelipper|Weather Ball|p2a: Chandelure
|-supereffective|p2a: Chandelure|1
|-enditem|p2a: Chandelure|Focus Sash
|-damage|p2a: Chandelure|1/100
|move|p1a: Archaludon|Electro Shot||[still]
|-prepare|p1a: Archaludon|Electro Shot
|-boost|p1a: Archaludon|spa|1
|-anim|p1a: Archaludon|Electro Shot|p2a: Chandelure
|-damage|p2a: Chandelure|0 fnt
|faint|p2a: Chandelure
|move|p2b: Kingambit|Kowtow Cleave|p1b: Pelipper
|-damage|p1b: Pelipper|22/100
|
|-weather|RainDance|[upkeep]
|upkeep
|
|t:|1783318280
|switch|p2a: Sylveon|Sylveon, L50, M|100/100
|turn|4
|
|t:|1783318289
|move|p2b: Kingambit|Sucker Punch|p1b: Pelipper
|-damage|p1b: Pelipper|0 fnt
|faint|p1b: Pelipper
|move|p1a: Archaludon|Electro Shot||[still]
|-prepare|p1a: Archaludon|Electro Shot
|-boost|p1a: Archaludon|spa|1
|-anim|p1a: Archaludon|Electro Shot|p2a: Sylveon
|-damage|p2a: Sylveon|35/100
|move|p2a: Sylveon|Hyper Beam|p1a: Archaludon
|-damage|p1a: Archaludon|11/100
|-mustrecharge|p2a: Sylveon
|-ability|p1a: Archaludon|Stamina|boost
|-boost|p1a: Archaludon|def|1
|
|-weather|RainDance|[upkeep]
|-heal|p1a: Archaludon|17/100|[from] item: Leftovers
|upkeep
|
|t:|1783318296
|switch|p1b: Basculegion|Basculegion, L50, M|100/100
|turn|5
|
|t:|1783318307
|move|p1b: Basculegion|Aqua Jet|p2a: Sylveon
|-damage|p2a: Sylveon|0 fnt
|faint|p2a: Sylveon
|-damage|p1b: Basculegion|90/100|[from] item: Life Orb
|move|p1a: Archaludon|Electro Shot||[still]
|-prepare|p1a: Archaludon|Electro Shot
|-boost|p1a: Archaludon|spa|1
|-anim|p1a: Archaludon|Electro Shot|p2b: Kingambit
|-damage|p2b: Kingambit|0 fnt
|faint|p2b: Kingambit
|
|win|Advertisementish
||lukashz is ready for game 2.
|inactive|Advertisementish has 30 seconds to confirm battle start!
|inactive|Advertisementish has 20 seconds to confirm battle start!
|inactive|Advertisementish has 10 seconds to confirm battle start!
|uhtml|next|Next: Game 2 of 3
|l|☆Advertisementish
|player|p1|
