|j|☆Storm206
|j|☆Undala
|html|Storm206Undala    
|uhtml|bestof|Game 1 of a best-of-3
|t:|1784133171
|gametype|doubles
|player|p1|Storm206|iris-gen5bw2|1000
|player|p2|Undala|266|1053
|gen|9
|tier|[Gen 9 Champions] VGC 2026 Reg M-B (Bo3)
|rated|
|rule|Species Clause: Limit one of each Pokémon
|rule|Item Clause: Limit 1 of each item
|clearpoke
|poke|p1|Scrafty, L50, M, shiny|
|poke|p1|Farigiraf, L50, M, shiny|
|poke|p1|Mamoswine, L50, F, shiny|
|poke|p1|Torkoal, L50, M, shiny|
|poke|p1|Pyroar, L50, F, shiny|
|poke|p1|Venusaur, L50, M, shiny|
|poke|p2|Charizard, L50, F|
|poke|p2|Whimsicott, L50, F, shiny|
|poke|p2|Kingambit, L50, M, shiny|
|poke|p2|Venusaur, L50, M, shiny|
|poke|p2|Kangaskhan, L50, F, shiny|
|poke|p2|Grimmsnarl, L50, M, shiny|
|teampreview|4
|showteam|p1|Scrafty||Scraftinite|Intimidate|DrainPunch,KnockOff,FakeOut,IcePunch|Adamant||M|||50|]Farigiraf||SitrusBerry|ArmorTail|Psychic,Thunderbolt,TrickRoom,Protect|Quiet||M|||50|]Mamoswine||FocusSash|Oblivious|IceShard,HighHorsepower,RockSlide,Protect|Jolly||F|||50|]Torkoal||HeatRock|Drought|Eruption,WeatherBall,HelpingHand,Protect|Quiet||M|||50|]Pyroar||Pyroarite|Unnerve|HeatWave,Overheat,ScorchingSands,Protect|Timid||F|||50|]Venusaur||LifeOrb|Overgrow|EnergyBall,SludgeBomb,EarthPower,Protect|Modest||M|||50|
|showteam|p2|Charizard||CharizarditeY|SolarPower|HeatWave,SolarBeam,AirSlash,Protect|Modest||F|||50|]Whimsicott||FocusSash|Prankster|Moonblast,Tailwind,Encore,SunnyDay|Bold||F|||50|]Kingambit||BlackGlasses|Defiant|KowtowCleave,SuckerPunch,IronHead,Protect|Brave||M|||50|]Venusaur||WideLens|Chlorophyll|EnergyBall,SleepPowder,SludgeBomb,Protect|Modest||M|||50|]Kangaskhan||Kangaskhanite|Scrappy|DoubleEdge,FakeOut,DrainPunch,RockSlide|Adamant||F|||50|]Grimmsnarl||Leftovers|Prankster|SpiritBreak,Reflect,LightScreen,FakeOut|Careful||M|||50|
|inactive|Battle timer is ON: inactive players will automatically lose when time's up. (requested by Undala)
|
|t:|1784133210
|teamsize|p1|4
|teamsize|p2|4
|start
|switch|p1a: Pyroar|Pyroar, L50, F, shiny|100/100
|switch|p1b: Torkoal|Torkoal, L50, M, shiny|100/100
|switch|p2a: Charizard|Charizard, L50, F|100/100
|switch|p2b: Kangaskhan|Kangaskhan, L50, F, shiny|100/100
|-ability|p1a: Pyroar|Unnerve
|-weather|SunnyDay|[from] ability: Drought|[of] p1b: Torkoal
|turn|1
|inactive|Undala has 30 seconds left.
|inactive|Undala has 20 seconds left.
|inactive|Undala has 15 seconds left.
|
|t:|1784133254
|switch|p1b: Farigiraf|Farigiraf, L50, M, shiny|100/100
|detailschange|p1a: Pyroar|Pyroar-Mega, L50, F, shiny
|-mega|p1a: Pyroar|Pyroar|Pyroarite
|move|p1a: Pyroar|Heat Wave|p2a: Charizard|[spread] p2b
|-miss|p1a: Pyroar|p2a: Charizard
|-crit|p2b: Kangaskhan
|-damage|p2b: Kangaskhan|0 fnt
|faint|p2b: Kangaskhan
|move|p2a: Charizard|Heat Wave|p1b: Farigiraf|[spread] p1a,p1b
|-resisted|p1a: Pyroar|1
|-damage|p1a: Pyroar|49/100
|-damage|p1b: Farigiraf|19/100
|-enditem|p1b: Farigiraf|Sitrus Berry|[eat]
|-heal|p1b: Farigiraf|44/100|[from] item: Sitrus Berry
|
|-weather|SunnyDay|[upkeep]
|-damage|p2a: Charizard|87/100|[from] ability: Solar Power|[of] p2a: Charizard
|upkeep
|
|t:|1784133275
|switch|p2b: Venusaur|Venusaur, L50, M, shiny|100/100
|turn|2
|
|t:|1784133297
|move|p1a: Pyroar|Protect|p1a: Pyroar
|-singleturn|p1a: Pyroar|Protect
|move|p2b: Venusaur|Sleep Powder|p1a: Pyroar
|-activate|p1a: Pyroar|move: Protect
|move|p2a: Charizard|Heat Wave|p1b: Farigiraf|[spread] p1b
|-activate|p1a: Pyroar|move: Protect
|-damage|p1b: Farigiraf|0 fnt
|faint|p1b: Farigiraf
|
|-weather|SunnyDay|[upkeep]
|-damage|p2a: Charizard|75/100|[from] ability: Solar Power|[of] p2a: Charizard
|upkeep
|
|t:|1784133314
|switch|p1b: Venusaur|Venusaur, L50, M, shiny|100/100
|turn|3
|
|t:|1784133324
|move|p2b: Venusaur|Sludge Bomb|p1b: Venusaur
|-damage|p1b: Venusaur|59/100
|move|p1a: Pyroar|Heat Wave|p2a: Charizard|[spread] p2a,p2b
|-resisted|p2a: Charizard|1
|-supereffective|p2b: Venusaur|1
|-damage|p2a: Charizard|18/100
|-damage|p2b: Venusaur|0 fnt
|faint|p2b: Venusaur
|move|p2a: Charizard|Heat Wave|p1b: Venusaur|[spread] p1a,p1b
|-resisted|p1a: Pyroar|1
|-supereffective|p1b: Venusaur|1
|-damage|p1a: Pyroar|1/100
|-damage|p1b: Venusaur|0 fnt
|faint|p1b: Venusaur
|
|-weather|SunnyDay|[upkeep]
|-damage|p2a: Charizard|6/100|[from] ability: Solar Power|[of] p2a: Charizard
|upkeep
|
|t:|1784133340
|switch|p1b: Torkoal|Torkoal, L50, M, shiny|100/100
|switch|p2b: Kingambit|Kingambit, L50, M, shiny|100/100
|turn|4
|
|t:|1784133357
|detailschange|p2a: Charizard|Charizard-Mega-Y, L50, F
|-mega|p2a: Charizard|Charizard|Charizardite Y
|move|p1a: Pyroar|Protect|p1a: Pyroar
|-singleturn|p1a: Pyroar|Protect
|move|p1b: Torkoal|Protect|p1b: Torkoal
|-singleturn|p1b: Torkoal|Protect
|move|p2b: Kingambit|Sucker Punch||[still]
|-fail|p2b: Kingambit
|move|p2a: Charizard|Heat Wave|p1b: Torkoal|[spread] 
|-activate|p1a: Pyroar|move: Protect
|-activate|p1b: Torkoal|move: Protect
|
|-weather|SunnyDay|[upkeep]
|upkeep
|turn|5
|
|t:|1784133386
|move|p1a: Pyroar|Heat Wave|p2a: Charizard|[spread] p2a,p2b
|-resisted|p2a: Charizard|1
|-supereffective|p2b: Kingambit|1
|-damage|p2a: Charizard|0 fnt
|-damage|p2b: Kingambit|0 fnt
|faint|p2a: Charizard
|faint|p2b: Kingambit
|
|win|Storm206
|l|☆Undala
|player|p2|
||Undala is ready for game 2.
|inactive|Storm206 has 30 seconds to confirm battle start!
|inactive|Storm206 has 20 seconds to confirm battle start!
||Storm206 is ready for game 2.
|uhtml|next|Next: Game 2 of 3
|n|☆Storm206|storm206
