|j|☆282839393m
|j|☆nickbattlesmons
|html|282839393mnickbattlesmons    
|uhtml|bestof|Game 2 of a best-of-3
|t:|1784400498
|gametype|doubles
|player|p1|282839393m|hilbert|1184
|player|p2|nickbattlesmons|266|1268
|gen|9
|tier|[Gen 9 Champions] VGC 2026 Reg M-B (Bo3)
|rated|
|rule|Species Clause: Limit one of each Pokémon
|rule|Item Clause: Limit 1 of each item
|clearpoke
|poke|p1|Zoroark-Hisui, L50, M|
|poke|p1|Sylveon, L50, F|
|poke|p1|Delphox, L50, M|
|poke|p1|Incineroar, L50, F|
|poke|p1|Grimmsnarl, L50, M|
|poke|p1|Staraptor, L50, F|
|poke|p2|Delphox, L50, M|
|poke|p2|Basculegion, L50, M|
|poke|p2|Floette-Eternal, L50, F|
|poke|p2|Grimmsnarl, L50, M|
|poke|p2|Incineroar, L50, M|
|poke|p2|Sinistcha, L50|
|teampreview|4
|showteam|p1|Zoroark-Hisui||FocusSash|Illusion|HyperVoice,NastyPlot,Taunt,ShadowBall|Timid||M|||50|]Sylveon||FairyFeather|Pixilate|HyperBeam,HyperVoice,Detect,QuickAttack|Modest||F|||50|]Delphox||Delphoxite|Blaze|Psyshock,HeatWave,NastyPlot,Protect|Timid||M|||50|]Incineroar||PasshoBerry|Intimidate|ThroatChop,FakeOut,PartingShot,Protect|Impish||F|||50|]Grimmsnarl||RoseliBerry|Prankster|PartingShot,FakeOut,LightScreen,Reflect|Careful||M|||50|]Staraptor||Staraptite|Intimidate|Protect,CloseCombat,Roost,BraveBird|Adamant||F|||50|
|showteam|p2|Delphox||Delphoxite|Blaze|Protect,Psyshock,HeatWave,NastyPlot|Timid||M|||50|]Basculegion||LifeOrb|Adaptability|WaveCrash,AquaJet,LastRespects,Protect|Adamant||M|||50|]Floette-Eternal||Floettite|FlowerVeil|Protect,DrainingKiss,Moonblast,CalmMind|Modest||F|||50|]Grimmsnarl||LightClay|Prankster|FakeOut,Reflect,LightScreen,SpiritBreak|Careful||M|||50|]Incineroar||SitrusBerry|Intimidate|FakeOut,Taunt,PartingShot,ThroatChop|Careful||M|||50|]Sinistcha||CobaBerry|Hospitality|Protect,MatchaGotcha,LifeDew,RagePowder|Bold|||||50|
|inactive|Battle timer is ON: inactive players will automatically lose when time's up. (requested by 282839393m)
|inactive|282839393m has 60 seconds left.
|inactive|nickbattlesmons has 60 seconds left.
|inactive|282839393m has 30 seconds left.
|
|t:|1784400587
|teamsize|p1|4
|teamsize|p2|4
|start
|switch|p1a: Sylveon|Sylveon, L50, F|100/100
|switch|p1b: Delphox|Delphox, L50, M|100/100
|switch|p2a: Floette|Floette-Eternal, L50, F|100/100
|switch|p2b: Grimmsnarl|Grimmsnarl, L50, M|100/100
|turn|1
|inactive|282839393m has 30 seconds left.
|inactive|nickbattlesmons has 30 seconds left.
|
|t:|1784400622
|detailschange|p1b: Delphox|Delphox-Mega, L50, M
|-mega|p1b: Delphox|Delphox|Delphoxite
|detailschange|p2a: Floette|Floette-Mega, L50, F
|-mega|p2a: Floette|Floette|Floettite
|-ability|p2a: Floette|Fairy Aura
|move|p2b: Grimmsnarl|Fake Out|p1a: Sylveon
|-immune|p1a: Sylveon
|move|p1b: Delphox|Nasty Plot|p1b: Delphox
|-boost|p1b: Delphox|spa|2
|move|p1a: Sylveon|Taunt|p2a: Floette
|-start|p2a: Floette|move: Taunt
|move|p2a: Floette|Moonblast|p1a: Sylveon
|-enditem|p1a: Sylveon|Focus Sash
|-damage|p1a: Sylveon|1/100
|replace|p1a: Zoroark|Zoroark-Hisui, L50, M
|-end|p1a: Zoroark|Illusion
|
|upkeep
|turn|2
|inactive|282839393m has 30 seconds left.
|inactive|282839393m has 20 seconds left.
|inactive|282839393m has 15 seconds left.
|
|t:|1784400663
|move|p2b: Grimmsnarl|Light Screen|p2b: Grimmsnarl
|-sidestart|p2: nickbattlesmons|move: Light Screen
|move|p1b: Delphox|Heat Wave|p2b: Grimmsnarl|[spread] p2a,p2b
|-damage|p2a: Floette|60/100
|-damage|p2b: Grimmsnarl|44/100
|-status|p2b: Grimmsnarl|brn
|move|p1a: Zoroark|Nasty Plot|p1a: Zoroark
|-boost|p1a: Zoroark|spa|2
|move|p2a: Floette|Moonblast|p1b: Delphox
|-resisted|p1b: Delphox|1
|-damage|p1b: Delphox|62/100
|
|-damage|p2b: Grimmsnarl|38/100 brn|[from] brn
|upkeep
|turn|3
|inactive|nickbattlesmons has 30 seconds left.
|
|t:|1784400695
|switch|p2a: Sinistcha|Sinistcha, L50|100/100
|-heal|p2b: Grimmsnarl|63/100 brn|[from] ability: Hospitality|[of] p2a: Sinistcha
|move|p1b: Delphox|Heat Wave|p2a: Sinistcha|[spread] p2a,p2b
|-supereffective|p2a: Sinistcha|1
|-damage|p2a: Sinistcha|0 fnt
|-damage|p2b: Grimmsnarl|13/100 brn
|faint|p2a: Sinistcha
|move|p1a: Zoroark|Hyper Voice|p2b: Grimmsnarl
|-damage|p2b: Grimmsnarl|0 fnt
|faint|p2b: Grimmsnarl
|
|upkeep
|
|t:|1784400702
|switch|p2a: Floette|Floette-Mega, L50, F|60/100
|switch|p2b: Basculegion|Basculegion, L50, M|100/100
|-ability|p2a: Floette|Fairy Aura
|turn|4
|
|t:|1784400709
|move|p2b: Basculegion|Aqua Jet|p1a: Zoroark
|-crit|p1a: Zoroark
|-damage|p1a: Zoroark|0 fnt
|faint|p1a: Zoroark
|-damage|p2b: Basculegion|90/100|[from] item: Life Orb
|move|p1b: Delphox|Heat Wave|p2b: Basculegion|[spread] p2a
|-miss|p1b: Delphox|p2b: Basculegion
|-damage|p2a: Floette|19/100
|move|p2a: Floette|Calm Mind|p2a: Floette
|-boost|p2a: Floette|spa|1
|-boost|p2a: Floette|spd|1
|
|upkeep
|
|t:|1784400715
|switch|p1a: Sylveon|Sylveon, L50, F|100/100
|turn|5
|
|t:|1784400737
|move|p1b: Delphox|Protect|p1b: Delphox
|-singleturn|p1b: Delphox|Protect
|move|p2a: Floette|Protect|p2a: Floette
|-singleturn|p2a: Floette|Protect
|move|p2b: Basculegion|Last Respects|p1b: Delphox
|-activate|p1b: Delphox|move: Protect
|move|p1a: Sylveon|Hyper Beam|p2b: Basculegion
|-damage|p2b: Basculegion|6/100
|-mustrecharge|p1a: Sylveon
|
|upkeep
|turn|6
|
|t:|1784400750
|move|p2b: Basculegion|Aqua Jet|p1b: Delphox
|-supereffective|p1b: Delphox|1
|-damage|p1b: Delphox|0 fnt
|faint|p1b: Delphox
|-damage|p2b: Basculegion|0 fnt|[from] item: Life Orb
|faint|p2b: Basculegion
|move|p2a: Floette|Draining Kiss|p1a: Sylveon
|-damage|p1a: Sylveon|57/100
|-heal|p2a: Floette|51/100|[from] drain|[of] p1a: Sylveon
|cant|p1a: Sylveon|recharge
|
|upkeep
|
|t:|1784400753
|switch|p1b: Grimmsnarl|Grimmsnarl, L50, M|100/100
|turn|7
|
|t:|1784400766
|move|p2a: Floette|Protect|p2a: Floette
|-singleturn|p2a: Floette|Protect
|move|p1b: Grimmsnarl|Fake Out|p2a: Floette
|-activate|p2a: Floette|move: Protect
|move|p1a: Sylveon|Hyper Beam|p2a: Floette
|-activate|p2a: Floette|move: Protect
|
|upkeep
|turn|8
|
|t:|1784400775
|move|p1b: Grimmsnarl|Parting Shot|p2a: Floette
|-unboost|p2a: Floette|atk|1
|-unboost|p2a: Floette|spa|1
|move|p2a: Floette|Moonblast|p1b: Grimmsnarl
|-supereffective|p1b: Grimmsnarl|1
|-enditem|p1b: Grimmsnarl|Roseli Berry|[eat]
|-enditem|p1b: Grimmsnarl|Roseli Berry|[weaken]
|-damage|p1b: Grimmsnarl|42/100
|move|p1a: Sylveon|Hyper Beam|p2a: Floette
|-damage|p2a: Floette|5/100
|-mustrecharge|p1a: Sylveon
|
|upkeep
|turn|9
|
|t:|1784400785
|move|p1b: Grimmsnarl|Light Screen|p1b: Grimmsnarl
|-sidestart|p1: 282839393m|move: Light Screen
|move|p2a: Floette|Draining Kiss|p1b: Grimmsnarl
|-supereffective|p1b: Grimmsnarl|1
|-damage|p1b: Grimmsnarl|0 fnt
|-heal|p2a: Floette|41/100|[from] drain|[of] p1b: Grimmsnarl
|faint|p1b: Grimmsnarl
|cant|p1a: Sylveon|recharge
|
|-sideend|p2: nickbattlesmons|move: Light Screen
|upkeep
|turn|10
|
|t:|1784400789
|move|p2a: Floette|Calm Mind|p2a: Floette
|-boost|p2a: Floette|spa|1
|-boost|p2a: Floette|spd|1
|move|p1a: Sylveon|Hyper Beam|p2a: Floette
|-damage|p2a: Floette|0 fnt
|-mustrecharge|p1a: Sylveon
|faint|p2a: Floette
|
|win|282839393m
|raw|282839393m's rating: 1184 → 1215(+31 for winning)
|raw|nickbattlesmons's rating: 1268 → 1237(-31 for losing)
|l|☆nickbattlesmons
|player|p2|
|c|☆282839393m|gg
|l|☆282839393m
|player|p1|
|j|☆282839393m
|player|p1|282839393m|hilbert|
