|j|☆Jet Stream Cyber
|j|☆Graavi
|html|Jet Stream CyberGraavi    
|uhtml|bestof|Game 1 of a best-of-3
|t:|1783266472
|gametype|doubles
|player|p1|Jet Stream Cyber|red|1081
|player|p2|Graavi|102|1000
|gen|9
|tier|[Gen 9 Champions] VGC 2026 Reg M-B (Bo3)
|rated|
|rule|Species Clause: Limit one of each Pokémon
|rule|Item Clause: Limit 1 of each item
|clearpoke
|poke|p1|Froslass, L50, F|
|poke|p1|Basculegion, L50, M|
|poke|p1|Whimsicott, L50, F|
|poke|p1|Farigiraf, L50, F|
|poke|p1|Delphox, L50, F|
|poke|p1|Kingambit, L50, M|
|poke|p2|Vivillon, L50, M|
|poke|p2|Incineroar, L50, F|
|poke|p2|Gardevoir, L50, M|
|poke|p2|Tsareena, L50, F|
|poke|p2|Lucario, L50, F|
|poke|p2|Arcanine-Hisui, L50, M|
|teampreview|4
|showteam|p1|Froslass||Froslassite|CursedBody|Protect,Blizzard,ShadowBall,AuroraVeil|Timid||F|||50|]Basculegion||ChoiceScarf|Adaptability|WaveCrash,FlipTurn,LastRespects,PsychicFangs|Adamant||M|||50|]Whimsicott||FocusSash|Prankster|Protect,Tailwind,Encore,Moonblast|Timid||F|||50|]Farigiraf||SitrusBerry|ArmorTail|Protect,TrickRoom,Imprison,DazzlingGleam|Modest||F|||50|]Delphox||Delphoxite|Magician|Protect,NastyPlot,HeatWave,Psychic|Timid||F|||50|]Kingambit||LifeOrb|Defiant|Protect,SuckerPunch,IronHead,KowtowCleave|Adamant||M|||50|
|showteam|p2|Vivillon||FocusSash|FriendGuard|Tailwind,RagePowder,PollenPuff,Protect|Modest||M|||50|]Incineroar||IronBall|Intimidate|FakeOut,PartingShot,DarkestLariat,Taunt|Brave||F|||50|]Gardevoir||Gardevoirite|Trace|HyperVoice,Protect,Psyshock,Psychic|Modest||M|||50|]Tsareena||WideLens|QueenlyMajesty|HighJumpKick,TripleAxel,Protect,PowerWhip|Adamant||F|||50|]Lucario||Lucarionite|InnerFocus|CloseCombat,Earthquake,Crunch,Protect|Jolly||F|||50|]Arcanine-Hisui||Leftovers|Intimidate|RockSlide,FlareBlitz,ExtremeSpeed,Protect|Jolly||M|||50|
|
|t:|1783266538
|teamsize|p1|4
|teamsize|p2|4
|start
|switch|p1a: Delphox|Delphox, L50, F|100/100
|switch|p1b: Kingambit|Kingambit, L50, M|100/100
|switch|p2a: Vivillon|Vivillon, L50, M|100/100
|switch|p2b: Incineroar|Incineroar, L50, F|100/100
|-ability|p2b: Incineroar|Intimidate|boost
|-unboost|p1a: Delphox|atk|1
|-unboost|p1b: Kingambit|atk|1
|-ability|p1b: Kingambit|Defiant|boost
|-boost|p1b: Kingambit|atk|2
|turn|1
|
|t:|1783266607
|switch|p1a: Basculegion|Basculegion, L50, M|100/100
|move|p2b: Incineroar|Fake Out|p1b: Kingambit
|-resisted|p1b: Kingambit|1
|-damage|p1b: Kingambit|95/100
|move|p2a: Vivillon|Tailwind|p2a: Vivillon
|-sidestart|p2: Graavi|move: Tailwind
|cant|p1b: Kingambit|flinch
|
|upkeep
|turn|2
|inactive|Battle timer is ON: inactive players will automatically lose when time's up. (requested by Jet Stream Cyber)
|
|t:|1783266634
|move|p2a: Vivillon|Protect|p2a: Vivillon
|-singleturn|p2a: Vivillon|Protect
|move|p1a: Basculegion|Wave Crash|p2b: Incineroar
|-supereffective|p2b: Incineroar|1
|-damage|p2b: Incineroar|0 fnt
|faint|p2b: Incineroar
|-damage|p1a: Basculegion|65/100|[from] Recoil
|move|p1b: Kingambit|Kowtow Cleave|p2a: Vivillon
|-activate|p2a: Vivillon|move: Protect
|
|upkeep
|
|t:|1783266649
|switch|p2b: Tsareena|Tsareena, L50, F|100/100
|turn|3
|
|t:|1783266672
|switch|p1a: Delphox|Delphox, L50, F|100/100
|switch|p1b: Whimsicott|Whimsicott, L50, F|100/100
|move|p2a: Vivillon|Rage Powder|p2a: Vivillon
|-singleturn|p2a: Vivillon|move: Rage Powder
|move|p2b: Tsareena|Power Whip|p1a: Delphox
|-resisted|p1a: Delphox|1
|-damage|p1a: Delphox|50/100y
|
|upkeep
|turn|4
|inactive|Graavi has 30 seconds left.
|
|t:|1783266699
|detailschange|p1a: Delphox|Delphox-Mega, L50, F
|-mega|p1a: Delphox|Delphox|Delphoxite
|move|p2a: Vivillon|Protect|p2a: Vivillon
|-singleturn|p2a: Vivillon|Protect
|move|p1b: Whimsicott|Tailwind|p1b: Whimsicott
|-sidestart|p1: Jet Stream Cyber|move: Tailwind
|move|p1a: Delphox|Heat Wave|p2b: Tsareena|[spread] p2b
|-activate|p2a: Vivillon|move: Protect
|-supereffective|p2b: Tsareena|1
|-damage|p2b: Tsareena|24/100
|move|p2b: Tsareena|Triple Axel|p1b: Whimsicott
|-supereffective|p1b: Whimsicott|1
|-damage|p1b: Whimsicott|78/100
|-supereffective|p1b: Whimsicott|1
|-damage|p1b: Whimsicott|32/100
|-supereffective|p1b: Whimsicott|1
|-damage|p1b: Whimsicott|0 fnt
|faint|p1b: Whimsicott
|-hitcount|p1: Whimsicott|3
|
|-sideend|p2: Graavi|move: Tailwind
|upkeep
|
|t:|1783266721
|switch|p1b: Basculegion|Basculegion, L50, M|65/100
|turn|5
|
|t:|1783266735
|move|p2b: Tsareena|Protect|p2b: Tsareena
|-singleturn|p2b: Tsareena|Protect
|move|p1a: Delphox|Heat Wave|p2b: Tsareena|[spread] p2a
|-activate|p2b: Tsareena|move: Protect
|-supereffective|p2a: Vivillon|1
|-enditem|p2a: Vivillon|Focus Sash
|-damage|p2a: Vivillon|1/100
|move|p1b: Basculegion|Flip Turn|p2a: Vivillon
|-damage|p2a: Vivillon|0 fnt
|faint|p2a: Vivillon
|
|t:|1783266744
|switch|p1b: Kingambit|Kingambit, L50, M|95/100|[from] Flip Turn
|
|upkeep
|
|t:|1783266748
|switch|p2a: Gardevoir|Gardevoir, L50, M|100/100
|-ability|p2a: Gardevoir|Defiant|Trace|[from] ability: Trace|[of] p1b: Kingambit
|turn|6
|inactive|Graavi has 30 seconds left.
|inactive|Graavi has 20 seconds left.
|inactive|Graavi has 15 seconds left.
|inactive|Graavi has 10 seconds left.
|
|t:|1783266798
|detailschange|p2a: Gardevoir|Gardevoir-Mega, L50, M
|-mega|p2a: Gardevoir|Gardevoir|Gardevoirite
|move|p1a: Delphox|Psychic|p2b: Tsareena
|-damage|p2b: Tsareena|0 fnt
|faint|p2b: Tsareena
|move|p2a: Gardevoir|Hyper Voice|p1b: Kingambit|[spread] p1a,p1b
|-resisted|p1a: Delphox|1
|-damage|p1a: Delphox|22/100
|-damage|p1b: Kingambit|43/100
|move|p1b: Kingambit|Iron Head|p2a: Gardevoir
|-supereffective|p2a: Gardevoir|1
|-damage|p2a: Gardevoir|0 fnt
|faint|p2a: Gardevoir
|-damage|p1b: Kingambit|33/100|[from] item: Life Orb
|
|win|Jet Stream Cyber
|inactive|Jet Stream Cyber has 30 seconds to confirm battle start!
|inactive|Graavi has 30 seconds to confirm battle start!
||Jet Stream Cyber is ready for game 2.
||Graavi is ready for game 2.
|uhtml|next|Next: Game 2 of 3
