|j|☆Mortimerd
|j|☆Gentlefish
|html|MortimerdGentlefish    
|uhtml|bestof|Game 1 of a best-of-3
|t:|1757194647
|gametype|doubles
|player|p1|Mortimerd|drayden|1077
|player|p2|Gentlefish|burglar-gen1rb|1153
|gen|9
|tier|[Gen 9] VGC 2025 Reg H (Bo3)
|rated|
|rule|Species Clause: Limit one of each Pokémon
|rule|Item Clause: Limit 1 of each item
|clearpoke
|poke|p1|Sneasler, L50, F|
|poke|p1|Dondozo, L50, F|
|poke|p1|Baxcalibur, L50, M|
|poke|p1|Volcarona, L50, F|
|poke|p1|Rillaboom, L50, F|
|poke|p1|Kingambit, L50, F|
|poke|p2|Garchomp, L50, M|
|poke|p2|Gholdengo, L50|
|poke|p2|Talonflame, L50, F|
|poke|p2|Annihilape, L50, F|
|poke|p2|Weezing-Galar, L50, F|
|poke|p2|Archaludon, L50, M|
|teampreview|4
|showteam|p1|Sneasler||FocusSash|Unburden|Protect,CloseCombat,DireClaw,Coaching|||F|||50|,,,,,Stellar]Dondozo||Leftovers|Unaware|Protect,Yawn,Liquidation,Fissure|||F|||50|,,,,,Bug]Baxcalibur||LoadedDice|ThermalExchange|Protect,IceShard,ScaleShot,IcicleSpear|||M|||50|,,,,,Ghost]Volcarona||CovertCloak|FlameBody|QuiverDance,HeatWave,TeraBlast,RagePowder|||F|||50|,,,,,Fairy]Rillaboom||AssaultVest|GrassySurge|GrassyGlide,FakeOut,HighHorsepower,WoodHammer|||F|||50|,,,,,Water]Kingambit||SafetyGoggles|Defiant|Protect,SwordsDance,KowtowCleave,SuckerPunch|||F|||50|,,,,,Dark
|showteam|p2|Garchomp||LifeOrb|RoughSkin|StompingTantrum,Earthquake,DragonClaw,Protect|||M|||50|,,,,,Ground]Gholdengo||ChoiceSpecs|GoodasGold|MakeItRain,ShadowBall,DazzlingGleam,PowerGem||||||50|,,,,,Fairy]Talonflame||CovertCloak|GaleWings|DualWingbeat,FlareBlitz,Tailwind,Taunt|||F|||50|,,,,,Grass]Annihilape||AssaultVest|Defiant|CloseCombat,RageFist,FinalGambit,IcePunch|||F|||50|,,,,,Grass]Weezing-Galar||FocusSash|NeutralizingGas|SludgeBomb,StrangeSteam,Taunt,Protect|||F|||50|,,,,,Flying]Archaludon||PowerHerb|Sturdy|Thunderbolt,ElectroShot,DracoMeteor,Protect|||M|||50|,,,,,Electric
|inactive|Battle timer is ON: inactive players will automatically lose when time's up. (requested by Mortimerd)
|
|t:|1757194732
|teamsize|p1|4
|teamsize|p2|4
|start
|switch|p1a: Sneasler|Sneasler, L50, F|100/100
|switch|p1b: Baxcalibur|Baxcalibur, L50, M|100/100
|switch|p2a: Talonflame|Talonflame, L50, F|100/100
|switch|p2b: Annihilape|Annihilape, L50, F|100/100
|turn|1
|inactive|Mortimerd has 30 seconds left.
|inactive|Gentlefish has 30 seconds left.
|inactive|Mortimerd has 20 seconds left.
|
|t:|1757194770
|move|p2a: Talonflame|Dual Wingbeat|p1a: Sneasler|[miss]
|-miss|p2a: Talonflame|p1a: Sneasler
|move|p1a: Sneasler|Dire Claw|p2b: Annihilape
|-resisted|p2b: Annihilape
|-crit|p2b: Annihilape
|-damage|p2b: Annihilape|64/100
|-status|p2b: Annihilape|slp
|move|p1b: Baxcalibur|Scale Shot|p2a: Talonflame
|-damage|p2a: Talonflame|78/100
|-damage|p2a: Talonflame|58/100
|-damage|p2a: Talonflame|38/100
|-damage|p2a: Talonflame|19/100
|-damage|p2a: Talonflame|0 fnt
|faint|p2a: Talonflame
|-hitcount|p2: Talonflame|5
|-unboost|p1b: Baxcalibur|def|1
|-boost|p1b: Baxcalibur|spe|1
|cant|p2b: Annihilape|slp
|
|upkeep
|
|t:|1757194782
|switch|p2a: Gholdengo|Gholdengo, L50|100/100
|turn|2
|inactive|Gentlefish has 30 seconds left.
|
|t:|1757194810
|-terastallize|p1b: Baxcalibur|Ghost
|move|p1b: Baxcalibur|Icicle Spear|p2b: Annihilape
|-damage|p2b: Annihilape|50/100 slp
|-damage|p2b: Annihilape|37/100 slp
|-damage|p2b: Annihilape|22/100 slp
|-damage|p2b: Annihilape|9/100 slp
|-hitcount|p2b: Annihilape|4
|move|p1a: Sneasler|Coaching|p1b: Baxcalibur
|-boost|p1b: Baxcalibur|atk|1
|-boost|p1b: Baxcalibur|def|1
|cant|p2b: Annihilape|slp
|move|p2a: Gholdengo|Dazzling Gleam|p1b: Baxcalibur|[spread] p1a,p1b
|-damage|p1a: Sneasler|54/100
|-damage|p1b: Baxcalibur|67/100
|
|upkeep
|turn|3
|
|t:|1757194835
|-terastallize|p2a: Gholdengo|Fairy
|move|p1b: Baxcalibur|Icicle Spear|p2a: Gholdengo
|-damage|p2a: Gholdengo|78/100
|-damage|p2a: Gholdengo|54/100
|-damage|p2a: Gholdengo|32/100
|-damage|p2a: Gholdengo|10/100
|-hitcount|p2a: Gholdengo|4
|move|p1a: Sneasler|Dire Claw|p2b: Annihilape
|-resisted|p2b: Annihilape
|-damage|p2b: Annihilape|0 fnt
|faint|p2b: Annihilape
|move|p2a: Gholdengo|Dazzling Gleam|p1b: Baxcalibur|[spread] p1a,p1b
|-damage|p1a: Sneasler|0 fnt
|-damage|p1b: Baxcalibur|15/100
|faint|p1a: Sneasler
|
|upkeep
|
|t:|1757194846
|switch|p1a: Volcarona|Volcarona, L50, F|100/100
|switch|p2b: Archaludon|Archaludon, L50, M|100/100
|turn|4
|
|t:|1757194865
|move|p1b: Baxcalibur|Icicle Spear|p2a: Gholdengo
|-damage|p2a: Gholdengo|0 fnt
|faint|p2a: Gholdengo
|-hitcount|p2: Gholdengo|1
|move|p2b: Archaludon|Electro Shot||[still]
|-prepare|p2b: Archaludon|Electro Shot
|-boost|p2b: Archaludon|spa|1
|-enditem|p2b: Archaludon|Power Herb
|-anim|p2b: Archaludon|Electro Shot|p1b: Baxcalibur
|-damage|p1b: Baxcalibur|0 fnt
|faint|p1b: Baxcalibur
|move|p1a: Volcarona|Quiver Dance|p1a: Volcarona
|-boost|p1a: Volcarona|spa|1
|-boost|p1a: Volcarona|spd|1
|-boost|p1a: Volcarona|spe|1
|
|upkeep
|
|t:|1757194875
|switch|p1b: Rillaboom|Rillaboom, L50, F|100/100
|-fieldstart|move: Grassy Terrain|[from] ability: Grassy Surge|[of] p1b: Rillaboom
|turn|5
|-message|Gentlefish forfeited.
|
|win|Mortimerd
||Gentlefish is ready for game 2.
||Mortimerd is ready for game 2.
|uhtml|next|Next: Game 2 of 3
