|j|☆UndeadParadox
|j|☆dragonboy2100
|html|UndeadParadoxdragonboy2100    
|uhtml|bestof|Game 1 of a best-of-3
|t:|1756874566
|gametype|doubles
|player|p1|UndeadParadox|guitarist|1315
|player|p2|dragonboy2100|sage|1323
|gen|9
|tier|[Gen 9] VGC 2025 Reg H (Bo3)
|rated|
|rule|Species Clause: Limit one of each Pokémon
|rule|Item Clause: Limit 1 of each item
|clearpoke
|poke|p1|Sneasler, L50, F|
|poke|p1|Rillaboom, L50, M|
|poke|p1|Incineroar, L50, F|
|poke|p1|Gholdengo, L50|
|poke|p1|Hydreigon, L50, M|
|poke|p1|Gengar, L50, F|
|poke|p2|Rillaboom, L50, F|
|poke|p2|Gholdengo, L50|
|poke|p2|Dragonite, L50, F|
|poke|p2|Magmar, L50, F|
|poke|p2|Milotic, L50, M|
|poke|p2|Ribombee, L50, M|
|teampreview|4
|showteam|p1|Sneasler||GrassySeed|Unburden|CloseCombat,DireClaw,Acrobatics,Protect|||F|||50|,,,,,Flying]Rillaboom||AssaultVest|GrassySurge|WoodHammer,GrassyGlide,FakeOut,HighHorsepower|||M|||50|,,,,,Fire]Incineroar||SafetyGoggles|Intimidate|FlareBlitz,KnockOff,PartingShot,FakeOut|||F|||50|,,,,,Ghost]Gholdengo||MetalCoat|GoodasGold|Protect,MakeItRain,ShadowBall,NastyPlot||||||50|,,,,,Water]Hydreigon||LifeOrb|Levitate|Flamethrower,DracoMeteor,DarkPulse,Protect|||M|||50|,,,,,Fire]Gengar||FocusSash|CursedBody|ShadowBall,Haze,Taunt,IcyWind|||F|||50|,,,,,Ghost
|showteam|p2|Rillaboom||AssaultVest|GrassySurge|WoodHammer,GrassyGlide,HighHorsepower,FakeOut|||F|||50|,,,,,Fire]Gholdengo||GrassySeed|GoodasGold|MakeItRain,ShadowBall,NastyPlot,Protect||||||50|,,,,,Water]Dragonite||LumBerry|Multiscale|Protect,ExtremeSpeed,LowKick,TeraBlast|||F|||50|,,,,,Flying]Magmar||Eviolite|VitalSpirit|Overheat,FollowMe,Taunt,Protect|||F|||50|,,,,,Dragon]Milotic||Leftovers|Competitive|MuddyWater,Coil,Hypnosis,Protect|||M|||50|,,,,,Dragon]Ribombee||FocusSash|ShieldDust|Tailwind,Moonblast,FakeTears,PollenPuff|||M|||50|,,,,,Ghost
|inactive|Battle timer is ON: inactive players will automatically lose when time's up. (requested by dragonboy2100)
|inactive|UndeadParadox has 60 seconds left.
|inactive|dragonboy2100 has 60 seconds left.
|inactive|dragonboy2100 has 30 seconds left.
|inactive|dragonboy2100 has 20 seconds left.
|inactive|dragonboy2100 has 15 seconds left.
|inactive|dragonboy2100 has 10 seconds left.
|inactive|dragonboy2100 has 5 seconds left.
|
|t:|1756874657
|teamsize|p1|4
|teamsize|p2|4
|start
|switch|p1a: Incineroar|Incineroar, L50, F, shiny|100/100
|switch|p1b: Gengar|Gengar, L50, F|100/100
|switch|p2a: Dragonite|Dragonite, L50, F|100/100
|switch|p2b: Ribombee|Ribombee, L50, M|100/100
|-ability|p1a: Incineroar|Intimidate|boost
|-unboost|p2a: Dragonite|atk|1
|-unboost|p2b: Ribombee|atk|1
|turn|1
|inactive|dragonboy2100 has 30 seconds left.
|
|t:|1756874687
|move|p2a: Dragonite|Protect|p2a: Dragonite
|-singleturn|p2a: Dragonite|Protect
|move|p1a: Incineroar|Fake Out|p2a: Dragonite
|-activate|p2a: Dragonite|move: Protect
|move|p2b: Ribombee|Moonblast|p1b: Gengar
|-resisted|p1b: Gengar
|-damage|p1b: Gengar|75/100
|move|p1b: Gengar|Taunt|p2b: Ribombee
|-start|p2b: Ribombee|move: Taunt
|
|upkeep
|turn|2
|inactive|dragonboy2100 has 30 seconds left.
|
|t:|1756874717
|switch|p2b: Rillaboom|Rillaboom, L50, F|100/100
|-fieldstart|move: Grassy Terrain|[from] ability: Grassy Surge|[of] p2b: Rillaboom
|-terastallize|p2a: Dragonite|Flying
|move|p1b: Gengar|Icy Wind|p2b: Rillaboom|[spread] p2a,p2b
|-supereffective|p2a: Dragonite
|-supereffective|p2b: Rillaboom
|-damage|p2a: Dragonite|89/100
|-damage|p2b: Rillaboom|82/100
|-unboost|p2a: Dragonite|spe|1
|-unboost|p2b: Rillaboom|spe|1
|move|p1a: Incineroar|Parting Shot|p2a: Dragonite
|-unboost|p2a: Dragonite|atk|1
|-unboost|p2a: Dragonite|spa|1
|
|t:|1756874737
|switch|p1a: Gholdengo|Gholdengo, L50, shiny|100/100|[from] Parting Shot
|move|p2a: Dragonite|Tera Blast|p1b: Gengar|[anim] Tera Blast Flying
|-damage|p1b: Gengar|9/100
|
|-heal|p1b: Gengar|14/100|[from] Grassy Terrain
|-heal|p2b: Rillaboom|88/100|[from] Grassy Terrain
|upkeep
|turn|3
|
|t:|1756874757
|switch|p1b: Incineroar|Incineroar, L50, F, shiny|100/100
|-ability|p1b: Incineroar|Intimidate|boost
|-unboost|p2a: Dragonite|atk|1
|-unboost|p2b: Rillaboom|atk|1
|switch|p2a: Ribombee|Ribombee, L50, M|100/100
|move|p1a: Gholdengo|Nasty Plot|p1a: Gholdengo
|-boost|p1a: Gholdengo|spa|2
|move|p2b: Rillaboom|High Horsepower|p1b: Incineroar
|-supereffective|p1b: Incineroar
|-damage|p1b: Incineroar|58/100
|
|-heal|p1b: Incineroar|64/100|[from] Grassy Terrain
|-heal|p2b: Rillaboom|94/100|[from] Grassy Terrain
|upkeep
|turn|4
|inactive|UndeadParadox has 30 seconds left.
|inactive|dragonboy2100 has 30 seconds left.
|inactive|UndeadParadox has 20 seconds left.
|inactive|dragonboy2100 has 20 seconds left.
|inactive|UndeadParadox has 15 seconds left.
|inactive|dragonboy2100 has 15 seconds left.
|
|t:|1756874801
|switch|p2b: Gholdengo|Gholdengo, L50|100/100
|-enditem|p2b: Gholdengo|Grassy Seed
|-boost|p2b: Gholdengo|def|1|[from] item: Grassy Seed
|move|p2a: Ribombee|Tailwind|p2a: Ribombee
|-sidestart|p2: dragonboy2100|move: Tailwind
|move|p1a: Gholdengo|Make It Rain|p2b: Gholdengo|[spread] p2a,p2b
|-supereffective|p2a: Ribombee
|-resisted|p2b: Gholdengo
|-enditem|p2a: Ribombee|Focus Sash
|-damage|p2a: Ribombee|1/100
|-damage|p2b: Gholdengo|44/100
|-unboost|p1a: Gholdengo|spa|1
|move|p1b: Incineroar|Parting Shot|p2b: Gholdengo
|-immune|p2b: Gholdengo|[from] ability: Good as Gold
|
|-heal|p2a: Ribombee|7/100|[from] Grassy Terrain
|-heal|p2b: Gholdengo|50/100|[from] Grassy Terrain
|-heal|p1b: Incineroar|70/100|[from] Grassy Terrain
|upkeep
|turn|5
|inactive|UndeadParadox has 30 seconds left.
|inactive|dragonboy2100 has 30 seconds left.
|inactive|dragonboy2100 has 20 seconds left.
|inactive|dragonboy2100 has 15 seconds left.
|
|t:|1756874843
|move|p1a: Gholdengo|Protect|p1a: Gholdengo
|-singleturn|p1a: Gholdengo|Protect
|move|p2a: Ribombee|Moonblast|p1a: Gholdengo
|-activate|p1a: Gholdengo|move: Protect
|move|p2b: Gholdengo|Shadow Ball|p1a: Gholdengo
|-activate|p1a: Gholdengo|move: Protect
|move|p1b: Incineroar|Flare Blitz|p2b: Gholdengo
|-supereffective|p2b: Gholdengo
|-damage|p2b: Gholdengo|0 fnt
|faint|p2b: Gholdengo
|-damage|p1b: Incineroar|54/100|[from] Recoil
|
|-heal|p2a: Ribombee|13/100|[from] Grassy Terrain
|-heal|p1b: Incineroar|60/100|[from] Grassy Terrain
|upkeep
|
|t:|1756874861
|switch|p2b: Rillaboom|Rillaboom, L50, F|94/100
|turn|6
|
|t:|1756874868
|move|p2a: Ribombee|Moonblast|p1b: Incineroar
|-damage|p1b: Incineroar|23/100
|move|p2b: Rillaboom|High Horsepower|p1a: Gholdengo
|-supereffective|p1a: Gholdengo
|-damage|p1a: Gholdengo|26/100
|move|p1a: Gholdengo|Make It Rain|p2a: Ribombee|[spread] p2a,p2b
|-supereffective|p2a: Ribombee
|-damage|p2a: Ribombee|0 fnt
|-damage|p2b: Rillaboom|27/100
|-unboost|p1a: Gholdengo|spa|1
|faint|p2a: Ribombee
|move|p1b: Incineroar|Parting Shot|p2b: Rillaboom
|-unboost|p2b: Rillaboom|atk|1
|-unboost|p2b: Rillaboom|spa|1
|
|t:|1756874886
|switch|p1b: Gengar|Gengar, L50, F|14/100|[from] Parting Shot
|
|-heal|p2b: Rillaboom|32/100|[from] Grassy Terrain
|-heal|p1b: Gengar|20/100|[from] Grassy Terrain
|-heal|p1a: Gholdengo|32/100|[from] Grassy Terrain
|-fieldend|move: Grassy Terrain
|upkeep
|
|t:|1756874889
|switch|p2a: Dragonite|Dragonite, L50, F, tera:Flying|89/100
|turn|7
|
|t:|1756874897
|move|p1a: Gholdengo|Protect|p1a: Gholdengo
|-singleturn|p1a: Gholdengo|Protect
|move|p2b: Rillaboom|High Horsepower|p1a: Gholdengo
|-activate|p1a: Gholdengo|move: Protect
|move|p2a: Dragonite|Tera Blast|p1b: Gengar|[anim] Tera Blast Flying
|-damage|p1b: Gengar|0 fnt
|-start|p2a: Dragonite|Disable|Tera Blast|[from] ability: Cursed Body|[of] p1b: Gengar
|faint|p1b: Gengar
|
|-sideend|p2: dragonboy2100|move: Tailwind
|upkeep
|
|t:|1756874903
|switch|p1b: Incineroar|Incineroar, L50, F, shiny|23/100
|-ability|p1b: Incineroar|Intimidate|boost
|-unboost|p2a: Dragonite|atk|1
|-unboost|p2b: Rillaboom|atk|1
|turn|8
|-message|dragonboy2100 forfeited.
|
|win|UndeadParadox
||dragonboy2100 is ready for game 2.
||UndeadParadox is ready for game 2.
|uhtml|next|Next: Game 2 of 3
