|j|☆test220102
|j|☆viatles
|html|test220102viatles    
|uhtml|bestof|Game 1 of a best-of-3
|t:|1757017093
|gametype|doubles
|player|p1|test220102|102|1115
|player|p2|viatles|hiker|1087
|gen|9
|tier|[Gen 9] VGC 2025 Reg H (Bo3)
|rated|
|rule|Species Clause: Limit one of each Pokémon
|rule|Item Clause: Limit 1 of each item
|clearpoke
|poke|p1|Volcarona, L50, M|
|poke|p1|Rillaboom, L50, F|
|poke|p1|Milotic, L50, M|
|poke|p1|Electabuzz, L50, M|
|poke|p1|Murkrow, L50, F|
|poke|p1|Dragapult, L50, M|
|poke|p2|Serperior, L50, M|
|poke|p2|Grimmsnarl, L50, M|
|poke|p2|Empoleon, L50, F|
|poke|p2|Garchomp, L50, M|
|poke|p2|Araquanid, L50, F|
|poke|p2|Garganacl, L50, M|
|teampreview|4
|showteam|p1|Volcarona||GrassySeed|FlameBody|Protect,QuiverDance,Flamethrower,GigaDrain|||M|||50|,,,,,Grass]Rillaboom||AssaultVest|GrassySurge|FakeOut,Uturn,GrassyGlide,WoodHammer|||F|||50|,,,,,Ghost]Milotic||SitrusBerry|Competitive|Protect,Haze,Imprison,Scald|||M|||50|,,,,,Dragon]Electabuzz||Eviolite|VitalSpirit|Protect,FollowMe,Taunt,Thunderbolt|||M|||50|,,,,,Flying]Murkrow||CovertCloak|Prankster|Tailwind,Taunt,BraveBird,SunnyDay|||F|||50|,,,,,Dragon]Dragapult||ChoiceBand|ClearBody|Uturn,DragonDarts,Outrage,TeraBlast|||M|||50|,,,,,Ghost
|showteam|p2|Serperior||CovertCloak|Contrary|Protect,LeafStorm,TeraBlast,GrassPledge|||M|||50|,,,,,Stellar]Grimmsnarl||LightClay|Prankster|LightScreen,Reflect,SpiritBreak,ThunderWave|||M|||50|,,,,,Ghost]Empoleon||ChopleBerry|Competitive|WaterPledge,FlashCannon,Haze,Protect|||F|||50|,,,,,Grass]Garchomp||LoadedDice|RoughSkin|ScaleShot,Earthquake,IronHead,Protect|||M|||50|,,,,,Steel]Araquanid||SafetyGoggles|WaterBubble|WideGuard,Protect,Liquidation,Infestation|||F|||50|,,,,,Grass]Garganacl||Leftovers|PurifyingSalt|SaltCure,Recover,Protect,ThunderPunch|||M|||50|,,,,,Water
|inactive|Battle timer is ON: inactive players will automatically lose when time's up. (requested by test220102)
|c|☆viatles|gl hf
|c|☆test220102|u2
|
|t:|1757017120
|teamsize|p1|4
|teamsize|p2|4
|start
|switch|p1a: Volcarona|Volcarona, L50, M|100/100
|switch|p1b: Electabuzz|Electabuzz, L50, M|100/100
|switch|p2a: Grimmsnarl|Grimmsnarl, L50, M|100/100
|switch|p2b: Empoleon|Empoleon, L50, F|100/100
|turn|1
|
|t:|1757017137
|move|p1a: Volcarona|Protect|p1a: Volcarona
|-singleturn|p1a: Volcarona|Protect
|move|p2a: Grimmsnarl|Light Screen|p2a: Grimmsnarl
|-sidestart|p2: viatles|move: Light Screen
|move|p1b: Electabuzz|Taunt|p2b: Empoleon
|-start|p2b: Empoleon|move: Taunt
|move|p2b: Empoleon|Water Pledge|p1a: Volcarona
|-activate|p1a: Volcarona|move: Protect
|
|upkeep
|turn|2
|
|t:|1757017151
|switch|p2b: Garganacl|Garganacl, L50, M|100/100
|move|p1b: Electabuzz|Follow Me|p1b: Electabuzz
|-singleturn|p1b: Electabuzz|move: Follow Me
|move|p1a: Volcarona|Quiver Dance|p1a: Volcarona
|-boost|p1a: Volcarona|spa|1
|-boost|p1a: Volcarona|spd|1
|-boost|p1a: Volcarona|spe|1
|move|p2a: Grimmsnarl|Spirit Break|p1b: Electabuzz
|-damage|p1b: Electabuzz|76/100
|-unboost|p1b: Electabuzz|spa|1
|
|upkeep
|turn|3
|
|t:|1757017168
|move|p1b: Electabuzz|Follow Me|p1b: Electabuzz
|-singleturn|p1b: Electabuzz|move: Follow Me
|move|p1a: Volcarona|Quiver Dance|p1a: Volcarona
|-boost|p1a: Volcarona|spa|1
|-boost|p1a: Volcarona|spd|1
|-boost|p1a: Volcarona|spe|1
|move|p2a: Grimmsnarl|Spirit Break|p1b: Electabuzz
|-damage|p1b: Electabuzz|51/100
|-unboost|p1b: Electabuzz|spa|1
|move|p2b: Garganacl|Salt Cure|p1b: Electabuzz
|-damage|p1b: Electabuzz|38/100
|-start|p1b: Electabuzz|Salt Cure
|
|-damage|p1b: Electabuzz|26/100|[from] Salt Cure
|upkeep
|turn|4
|
|t:|1757017186
|switch|p1b: Rillaboom|Rillaboom, L50, F|100/100
|-fieldstart|move: Grassy Terrain|[from] ability: Grassy Surge|[of] p1b: Rillaboom
|-enditem|p1a: Volcarona|Grassy Seed
|-boost|p1a: Volcarona|def|1|[from] item: Grassy Seed
|switch|p2a: Empoleon|Empoleon, L50, F|100/100
|move|p1a: Volcarona|Protect|p1a: Volcarona
|-singleturn|p1a: Volcarona|Protect
|move|p2b: Garganacl|Protect||[still]
|-fail|p2b: Garganacl
|
|upkeep
|turn|5
|
|t:|1757017202
|-terastallize|p1a: Volcarona|Grass
|move|p2a: Empoleon|Protect|p2a: Empoleon
|-singleturn|p2a: Empoleon|Protect
|move|p1b: Rillaboom|Fake Out|p2a: Empoleon
|-activate|p2a: Empoleon|move: Protect
|move|p1a: Volcarona|Giga Drain|p2b: Garganacl
|-supereffective|p2b: Garganacl
|-damage|p2b: Garganacl|0 fnt
|faint|p2b: Garganacl
|
|upkeep
|
|t:|1757017212
|switch|p2b: Grimmsnarl|Grimmsnarl, L50, M|100/100
|turn|6
|
|t:|1757017229
|move|p2b: Grimmsnarl|Thunder Wave|p1b: Rillaboom|[miss]
|-miss|p2b: Grimmsnarl|p1b: Rillaboom
|move|p1a: Volcarona|Giga Drain|p2a: Empoleon
|-damage|p2a: Empoleon|35/100
|move|p1b: Rillaboom|Wood Hammer|p2a: Empoleon
|-damage|p2a: Empoleon|0 fnt
|faint|p2a: Empoleon
|-damage|p1b: Rillaboom|90/100|[from] Recoil
|
|-heal|p1b: Rillaboom|96/100|[from] Grassy Terrain
|upkeep
|c|☆test220102|sry
|
|t:|1757017240
|switch|p2a: Serperior|Serperior, L50, M|100/100
|turn|7
|c|☆viatles|it happens lol
|
|t:|1757017255
|-terastallize|p2a: Serperior|Stellar
|move|p1a: Volcarona|Protect|p1a: Volcarona
|-singleturn|p1a: Volcarona|Protect
|move|p2b: Grimmsnarl|Thunder Wave|p1a: Volcarona
|-activate|p1a: Volcarona|move: Protect
|move|p2a: Serperior|Tera Blast|p1a: Volcarona|[anim] Tera Blast Stellar
|-activate|p1a: Volcarona|move: Protect
|move|p1b: Rillaboom|U-turn|p2a: Serperior
|-supereffective|p2a: Serperior
|-damage|p2a: Serperior|49/100
|
|t:|1757017257
|switch|p1b: Electabuzz|Electabuzz, L50, M|26/100|[from] U-turn
|
|-heal|p2a: Serperior|55/100|[from] Grassy Terrain
|-heal|p1b: Electabuzz|32/100|[from] Grassy Terrain
|upkeep
|turn|8
|
|t:|1757017277
|move|p1b: Electabuzz|Follow Me|p1b: Electabuzz
|-singleturn|p1b: Electabuzz|move: Follow Me
|move|p1a: Volcarona|Giga Drain|p2b: Grimmsnarl
|-damage|p2b: Grimmsnarl|23/100
|move|p2a: Serperior|Tera Blast|p1b: Electabuzz|[anim] Tera Blast Stellar
|-crit|p1b: Electabuzz
|-damage|p1b: Electabuzz|0 fnt
|-boost|p2a: Serperior|atk|1
|-boost|p2a: Serperior|spa|1
|faint|p1b: Electabuzz
|move|p2b: Grimmsnarl|Spirit Break|p1a: Volcarona
|-damage|p1a: Volcarona|74/100
|-unboost|p1a: Volcarona|spa|1
|
|-heal|p1a: Volcarona|81/100|[from] Grassy Terrain
|-heal|p2a: Serperior|61/100|[from] Grassy Terrain
|-heal|p2b: Grimmsnarl|29/100|[from] Grassy Terrain
|-sideend|p2: viatles|move: Light Screen
|-fieldend|move: Grassy Terrain
|upkeep
|
|t:|1757017289
|switch|p1b: Rillaboom|Rillaboom, L50, F|96/100
|-fieldstart|move: Grassy Terrain|[from] ability: Grassy Surge|[of] p1b: Rillaboom
|turn|9
|
|t:|1757017297
|move|p2a: Serperior|Protect|p2a: Serperior
|-singleturn|p2a: Serperior|Protect
|move|p1b: Rillaboom|Fake Out|p2b: Grimmsnarl
|-damage|p2b: Grimmsnarl|17/100
|cant|p2b: Grimmsnarl|flinch
|move|p1a: Volcarona|Giga Drain|p2b: Grimmsnarl
|-damage|p2b: Grimmsnarl|0 fnt
|-heal|p1a: Volcarona|90/100|[from] drain|[of] p2b: Grimmsnarl
|faint|p2b: Grimmsnarl
|
|-heal|p1a: Volcarona|97/100|[from] Grassy Terrain
|-heal|p2a: Serperior|67/100|[from] Grassy Terrain
|-heal|p1b: Rillaboom|100/100|[from] Grassy Terrain
|upkeep
|turn|10
|
|t:|1757017311
|move|p1a: Volcarona|Flamethrower|p2a: Serperior
|-supereffective|p2a: Serperior
|-damage|p2a: Serperior|0 fnt
|faint|p2a: Serperior
|
|win|test220102
||test220102 is ready for game 2.
