|j|☆palle synchro
|j|☆Probopass35
|html|palle synchroProbopass35    
|uhtml|bestof|Game 1 of a best-of-3
|t:|1783422637
|gametype|doubles
|player|p1|palle synchro|volkner|1261
|player|p2|Probopass35|101|1185
|gen|9
|tier|[Gen 9 Champions] VGC 2026 Reg M-B (Bo3)
|rated|
|rule|Species Clause: Limit one of each Pokémon
|rule|Item Clause: Limit 1 of each item
|clearpoke
|poke|p1|Swampert, L50, F|
|poke|p1|Pelipper, L50, M|
|poke|p1|Archaludon, L50, F|
|poke|p1|Venusaur, L50, F|
|poke|p1|Maushold-Four, L50|
|poke|p1|Gholdengo, L50|
|poke|p2|Sylveon, L50, M, shiny|
|poke|p2|Incineroar, L50, M, shiny|
|poke|p2|Aerodactyl, L50, M, shiny|
|poke|p2|Charizard, L50, F, shiny|
|poke|p2|Metagross, L50, shiny|
|poke|p2|Garchomp, L50, M|
|teampreview|4
|showteam|p1|Swampert||Swampertite|Torrent|WaveCrash,HighHorsepower,IcePunch,Protect|Adamant||F|||50|]Pelipper||SitrusBerry|Drizzle|WeatherBall,Hurricane,Tailwind,WideGuard|Modest||M|||50|]Archaludon||Leftovers|Stamina|ElectroShot,DragonPulse,FlashCannon,Protect|Calm||F|||50|]Venusaur||Venusaurite|Chlorophyll|GigaDrain,EarthPower,SludgeBomb,Protect|Modest||F|||50|]Maushold-Four||FocusSash|FriendGuard|FollowMe,SuperFang,RainDance,Protect|Timid|||||50|]Gholdengo||LifeOrb|GoodasGold|MakeItRain,ShadowBall,NastyPlot,Protect|Modest|||||50|
|showteam|p2|Sylveon||FairyFeather|Pixilate|Detect,HyperVoice,HyperBeam,QuickAttack|Modest||M|||50|]Incineroar||SitrusBerry|Intimidate|FakeOut,FlareBlitz,DarkestLariat,PartingShot|Careful||M|||50|]Aerodactyl||FocusSash|Unnerve|Protect,RockSlide,DualWingbeat,Tailwind|Jolly||M|||50|]Charizard||CharizarditeY|Blaze|Protect,HeatWave,WeatherBall,SolarBeam|Modest||F|||50|]Metagross||Metagrossite|ClearBody|Protect,BulletPunch,PsychicFangs,BodyPress|Adamant|||||50|]Garchomp||LifeOrb|RoughSkin|Protect,Earthquake,DragonClaw,RockSlide|Jolly||M|||50|
|inactive|Battle timer is ON: inactive players will automatically lose when time's up. (requested by palle synchro)
|
|t:|1783422662
|teamsize|p1|4
|teamsize|p2|4
|start
|switch|p1a: Maushold|Maushold-Four, L50|100/100
|switch|p1b: Swampert|Swampert, L50, F|100/100
|switch|p2a: Sylveon|Sylveon, L50, M, shiny|100/100
|switch|p2b: Charizard|Charizard, L50, F, shiny|100/100
|turn|1
|
|t:|1783422680
|switch|p2b: Incineroar|Incineroar, L50, M, shiny|100/100
|-ability|p2b: Incineroar|Intimidate|boost
|-unboost|p1a: Maushold|atk|1
|-unboost|p1b: Swampert|atk|1
|detailschange|p1b: Swampert|Swampert-Mega, L50, F
|-mega|p1b: Swampert|Swampert|Swampertite
|move|p1a: Maushold|Rain Dance|p1a: Maushold
|-weather|RainDance
|move|p1b: Swampert|Wave Crash|p2a: Sylveon
|-damage|p2a: Sylveon|9/100
|-damage|p1b: Swampert|71/100|[from] Recoil
|move|p2a: Sylveon|Hyper Voice|p1b: Swampert|[spread] p1a,p1b
|-damage|p1a: Maushold|40/100
|-damage|p1b: Swampert|41/100
|
|-weather|RainDance|[upkeep]
|upkeep
|turn|2
|inactive|Probopass35 has 30 seconds left.
|
|t:|1783422707
|switch|p2a: Charizard|Charizard, L50, F, shiny|100/100
|move|p1b: Swampert|Protect|p1b: Swampert
|-singleturn|p1b: Swampert|Protect
|move|p1a: Maushold|Protect|p1a: Maushold
|-singleturn|p1a: Maushold|Protect
|move|p2b: Incineroar|Fake Out|p1b: Swampert
|-activate|p1b: Swampert|move: Protect
|
|-weather|RainDance|[upkeep]
|upkeep
|turn|3
|
|t:|1783422730
|move|p2a: Charizard|Protect|p2a: Charizard
|-singleturn|p2a: Charizard|Protect
|move|p1b: Swampert|Wave Crash|p2b: Incineroar
|-supereffective|p2b: Incineroar|1
|-damage|p2b: Incineroar|0 fnt
|faint|p2b: Incineroar
|-damage|p1b: Swampert|4/100|[from] Recoil
|move|p1a: Maushold|Rain Dance||[still]
|-fail|p1a: Maushold
|
|-weather|RainDance|[upkeep]
|upkeep
|
|t:|1783422740
|switch|p2b: Sylveon|Sylveon, L50, M, shiny|9/100
|turn|4
|
|t:|1783422754
|detailschange|p2a: Charizard|Charizard-Mega-Y, L50, F, shiny
|-mega|p2a: Charizard|Charizard|Charizardite Y
|-weather|SunnyDay|[from] ability: Drought|[of] p2a: Charizard
|move|p1a: Maushold|Protect|p1a: Maushold
|-singleturn|p1a: Maushold|Protect
|move|p1b: Swampert|Protect|p1b: Swampert
|-singleturn|p1b: Swampert|Protect
|move|p2b: Sylveon|Quick Attack|p1b: Swampert
|-activate|p1b: Swampert|move: Protect
|move|p2a: Charizard|Weather Ball|p1b: Swampert
|-activate|p1b: Swampert|move: Protect
|
|-weather|SunnyDay|[upkeep]
|upkeep
|turn|5
|
|t:|1783422778
|switch|p1a: Pelipper|Pelipper, L50, M|100/100
|-weather|RainDance|[from] ability: Drizzle|[of] p1a: Pelipper
|switch|p2a: Garchomp|Garchomp, L50, M|100/100
|move|p2b: Sylveon|Quick Attack|p1b: Swampert
|-damage|p1b: Swampert|0 fnt
|faint|p1b: Swampert
|
|-weather|RainDance|[upkeep]
|upkeep
|
|t:|1783422789
|switch|p1b: Archaludon|Archaludon, L50, F|100/100
|turn|6
|inactive|Probopass35 has 30 seconds left.
|
|t:|1783422814
|move|p2a: Garchomp|Protect|p2a: Garchomp
|-singleturn|p2a: Garchomp|Protect
|move|p1b: Archaludon|Flash Cannon|p2b: Sylveon
|-supereffective|p2b: Sylveon|1
|-damage|p2b: Sylveon|0 fnt
|faint|p2b: Sylveon
|move|p1a: Pelipper|Tailwind|p1a: Pelipper
|-sidestart|p1: palle synchro|move: Tailwind
|
|-weather|RainDance|[upkeep]
|upkeep
|
|t:|1783422822
|switch|p2b: Charizard|Charizard-Mega-Y, L50, F, shiny|100/100
|-weather|SunnyDay|[from] ability: Drought|[of] p2b: Charizard
|turn|7
|inactive|Probopass35 has 30 seconds left.
|inactive|Probopass35 has 20 seconds left.
|
|t:|1783422858
|switch|p1a: Maushold|Maushold-Four, L50|40/100
|move|p1b: Archaludon|Protect|p1b: Archaludon
|-singleturn|p1b: Archaludon|Protect
|move|p2a: Garchomp|Earthquake|p1a: Maushold|[spread] p1a
|-activate|p1b: Archaludon|move: Protect
|-immune|p2b: Charizard
|-damage|p1a: Maushold|0 fnt
|faint|p1a: Maushold
|-damage|p2a: Garchomp|90/100|[from] item: Life Orb
|move|p2b: Charizard|Weather Ball|p1b: Archaludon
|-activate|p1b: Archaludon|move: Protect
|
|-weather|SunnyDay|[upkeep]
|upkeep
|
|t:|1783422866
|switch|p1a: Pelipper|Pelipper, L50, M|100/100
|-weather|RainDance|[from] ability: Drizzle|[of] p1a: Pelipper
|turn|8
|
|t:|1783422878
|move|p1b: Archaludon|Electro Shot||[still]
|-prepare|p1b: Archaludon|Electro Shot
|-boost|p1b: Archaludon|spa|1
|-anim|p1b: Archaludon|Electro Shot|p2b: Charizard
|-supereffective|p2b: Charizard|1
|-damage|p2b: Charizard|5/100
|move|p1a: Pelipper|Weather Ball|p2a: Garchomp
|-damage|p2a: Garchomp|22/100
|move|p2a: Garchomp|Dragon Claw|p1b: Archaludon
|-damage|p1b: Archaludon|63/100
|-ability|p1b: Archaludon|Stamina|boost
|-boost|p1b: Archaludon|def|1
|-damage|p2a: Garchomp|13/100|[from] item: Life Orb
|move|p2b: Charizard|Heat Wave|p1a: Pelipper|[spread] p1a,p1b
|-resisted|p1a: Pelipper|1
|-damage|p1a: Pelipper|87/100
|-damage|p1b: Archaludon|47/100
|-status|p1a: Pelipper|brn
|-ability|p1b: Archaludon|Stamina|boost
|-boost|p1b: Archaludon|def|1
|
|-weather|RainDance|[upkeep]
|-heal|p1b: Archaludon|53/100|[from] item: Leftovers
|-damage|p1a: Pelipper|81/100 brn|[from] brn
|upkeep
|turn|9
|inactive|Probopass35 has 30 seconds left.
|
|t:|1783422903
|move|p2a: Garchomp|Protect|p2a: Garchomp
|-singleturn|p2a: Garchomp|Protect
|move|p2b: Charizard|Protect|p2b: Charizard
|-singleturn|p2b: Charizard|Protect
|move|p1b: Archaludon|Electro Shot||[still]
|-prepare|p1b: Archaludon|Electro Shot
|-boost|p1b: Archaludon|spa|1
|-anim|p1b: Archaludon|Electro Shot|p2b: Charizard
|-activate|p2b: Charizard|move: Protect
|move|p1a: Pelipper|Weather Ball|p2a: Garchomp
|-activate|p2a: Garchomp|move: Protect
|
|-weather|RainDance|[upkeep]
|-heal|p1b: Archaludon|59/100|[from] item: Leftovers
|-damage|p1a: Pelipper|75/100 brn|[from] brn
|-sideend|p1: palle synchro|move: Tailwind
|upkeep
|turn|10
|
|t:|1783422922
|move|p2a: Garchomp|Rock Slide|p1b: Archaludon|[spread] p1a,p1b
|-supereffective|p1a: Pelipper|1
|-resisted|p1b: Archaludon|1
|-damage|p1a: Pelipper|25/100 brn
|-damage|p1b: Archaludon|55/100
|-ability|p1b: Archaludon|Stamina|boost
|-boost|p1b: Archaludon|def|1
|-enditem|p1a: Pelipper|Sitrus Berry|[eat]
|-heal|p1a: Pelipper|50/100g brn|[from] item: Sitrus Berry
|-damage|p2a: Garchomp|3/100|[from] item: Life Orb
|move|p2b: Charizard|Heat Wave|p1a: Pelipper|[spread] p1a,p1b
|-resisted|p1a: Pelipper|1
|-damage|p1a: Pelipper|37/100 brn
|-damage|p1b: Archaludon|36/100
|-status|p1b: Archaludon|brn
|-ability|p1b: Archaludon|Stamina|boost
|-boost|p1b: Archaludon|def|1
|move|p1b: Archaludon|Dragon Pulse|p2a: Garchomp
|-supereffective|p2a: Garchomp|1
|-damage|p2a: Garchomp|0 fnt
|faint|p2a: Garchomp
|cant|p1a: Pelipper|flinch
|
|-weather|RainDance|[upkeep]
|-heal|p1b: Archaludon|42/100 brn|[from] item: Leftovers
|-damage|p1b: Archaludon|36/100 brn|[from] brn
|-damage|p1a: Pelipper|31/100 brn|[from] brn
|upkeep
|turn|11
|inactive|Probopass35 has 30 seconds left.
|
|t:|1783422949
|move|p2b: Charizard|Weather Ball|p1b: Archaludon
|-resisted|p1b: Archaludon|1
|-damage|p1b: Archaludon|11/100 brn
|-ability|p1b: Archaludon|Stamina|boost
|-boost|p1b: Archaludon|def|1
|move|p1b: Archaludon|Dragon Pulse|p2b: Charizard
|-damage|p2b: Charizard|0 fnt
|faint|p2b: Charizard
|
|win|palle synchro
