|j|☆forzalupi1912
|j|☆aqueousbloop
|html|forzalupi1912aqueousbloop    
|uhtml|bestof|Game 2 of a best-of-3
|t:|1756211416
|gametype|doubles
|player|p1|forzalupi1912|169|1046
|player|p2|aqueousbloop|101|1062
|gen|9
|tier|[Gen 9] VGC 2025 Reg H (Bo3)
|rated|
|rule|Species Clause: Limit one of each Pokémon
|rule|Item Clause: Limit 1 of each item
|clearpoke
|poke|p1|Charizard, L50, M|
|poke|p1|Torkoal, L50, F|
|poke|p1|Porygon2, L50|
|poke|p1|Incineroar, L50, M|
|poke|p1|Jumpluff, L50, F|
|poke|p1|Ursaluna, L50, M|
|poke|p2|Sneasler, L50, F|
|poke|p2|Basculegion, L50, M|
|poke|p2|Pelipper, L50, M|
|poke|p2|Indeedee-F, L50, F|
|poke|p2|Lurantis, L50, F|
|poke|p2|Hatterene, L50, F|
|teampreview|4
|showteam|p1|Charizard||ChoiceSpecs|SolarPower|HeatWave,Overheat,WeatherBall,AirSlash|||M|||50|,,,,,Ghost]Torkoal||EjectPack|Drought|Eruption,Overheat,HelpingHand,Protect|||F|||50|,,,,,Fire]Porygon2||Eviolite|Download|TeraBlast,IceBeam,Recover,TrickRoom||||||50|,,,,,Fighting]Incineroar||SitrusBerry|Intimidate|FlareBlitz,KnockOff,FakeOut,PartingShot|||M|||50|,,,,,Ghost]Jumpluff||CovertCloak|Chlorophyll|SleepPowder,SunnyDay,RagePowder,Tailwind|||F|||50|,,,,,Water]Ursaluna||FlameOrb|Guts|HeadlongRush,Facade,Earthquake,Protect|||M|||50|,,,,,Ghost
|showteam|p2|Sneasler||PsychicSeed|Unburden|ThroatChop,CloseCombat,DireClaw,FakeOut|||F|||50|,,,,,Dark]Basculegion||ChoiceBand|SwiftSwim|FlipTurn,WaveCrash,LastRespects,AquaJet|||M|||50|,,,,,Grass]Pelipper||FocusSash|Drizzle|Hurricane,WeatherBall,WideGuard,Protect|||M|||50|,,,,,Ghost]Indeedee-F||SafetyGoggles|PsychicSurge|TrickRoom,FollowMe,HelpingHand,Psychic|||F|||50|,,,,,Fairy]Lurantis||AssaultVest|Contrary|Superpower,LeafBlade,KnockOff,LeechLife|||F|||50|,,,,,Poison]Hatterene||LifeOrb|MagicBounce|TrickRoom,ExpandingForce,DazzlingGleam,Protect|||F|||50|,,,,,Psychic
|inactive|Battle timer is ON: inactive players will automatically lose when time's up. (requested by forzalupi1912)
|inactive|forzalupi1912 has 60 seconds left.
|inactive|aqueousbloop has 60 seconds left.
|inactive|forzalupi1912 has 30 seconds left.
|inactive|forzalupi1912 has 20 seconds left.
|
|t:|1756211489
|teamsize|p1|4
|teamsize|p2|4
|start
|switch|p1a: Porygon2|Porygon2, L50|100/100
|switch|p1b: Jumpluff|Jumpluff, L50, F|100/100
|switch|p2a: Sneasler|Sneasler, L50, F|100/100
|switch|p2b: Lurantis|Lurantis, L50, F|100/100
|-ability|p1a: Porygon2|Download|boost
|-boost|p1a: Porygon2|atk|1
|turn|1
|inactive|forzalupi1912 has 30 seconds left.
|inactive|aqueousbloop has 30 seconds left.
|inactive|aqueousbloop has 20 seconds left.
|inactive|aqueousbloop has 15 seconds left.
|
|t:|1756211531
|switch|p1a: Torkoal|Torkoal, L50, F|100/100
|-weather|SunnyDay|[from] ability: Drought|[of] p1a: Torkoal
|move|p1b: Jumpluff|Sleep Powder|p2a: Sneasler
|-status|p2a: Sneasler|slp|[from] move: Sleep Powder
|cant|p2a: Sneasler|slp
|move|p2b: Lurantis|Superpower|p1a: Torkoal
|-damage|p1a: Torkoal|72/100
|-boost|p2b: Lurantis|atk|1
|-boost|p2b: Lurantis|def|1
|
|-weather|SunnyDay|[upkeep]
|upkeep
|turn|2
|inactive|forzalupi1912 has 30 seconds left.
|inactive|aqueousbloop has 30 seconds left.
|inactive|aqueousbloop has 20 seconds left.
|inactive|aqueousbloop has 15 seconds left.
|
|t:|1756211576
|switch|p2a: Pelipper|Pelipper, L50, M|100/100
|-weather|RainDance|[from] ability: Drizzle|[of] p2a: Pelipper
|move|p1b: Jumpluff|Tailwind|p1b: Jumpluff
|-sidestart|p1: forzalupi1912|move: Tailwind
|move|p1a: Torkoal|Eruption|p2b: Lurantis|[spread] p2a,p2b
|-resisted|p2a: Pelipper
|-supereffective|p2b: Lurantis
|-damage|p2a: Pelipper|89/100
|-damage|p2b: Lurantis|77/100
|move|p2b: Lurantis|Superpower|p1a: Torkoal
|-damage|p1a: Torkoal|24/100
|-boost|p2b: Lurantis|atk|1
|-boost|p2b: Lurantis|def|1
|
|-weather|RainDance|[upkeep]
|upkeep
|turn|3
|inactive|forzalupi1912 has 30 seconds left.
|inactive|aqueousbloop has 30 seconds left.
|
|t:|1756211608
|move|p2a: Pelipper|Protect|p2a: Pelipper
|-singleturn|p2a: Pelipper|Protect
|move|p1b: Jumpluff|Sunny Day|p1b: Jumpluff
|-weather|SunnyDay
|move|p1a: Torkoal|Overheat|p2b: Lurantis
|-supereffective|p2b: Lurantis
|-damage|p2b: Lurantis|0 fnt
|-unboost|p1a: Torkoal|spa|2
|faint|p2b: Lurantis
|-enditem|p1a: Torkoal|Eject Pack
|
|t:|1756211622
|switch|p1a: Charizard|Charizard, L50, M|100/100
|
|-weather|SunnyDay|[upkeep]
|-damage|p1a: Charizard|88/100|[from] ability: Solar Power|[of] p1a: Charizard
|upkeep
|
|t:|1756211631
|switch|p2b: Sneasler|Sneasler, L50, F|100/100 slp
|turn|4
|inactive|forzalupi1912 has 30 seconds left.
|inactive|forzalupi1912 has 20 seconds left.
|
|t:|1756211669
|cant|p2b: Sneasler|slp
|move|p1b: Jumpluff|Sleep Powder|p2a: Pelipper
|-status|p2a: Pelipper|slp|[from] move: Sleep Powder
|move|p1a: Charizard|Air Slash|p2b: Sneasler
|-supereffective|p2b: Sneasler
|-damage|p2b: Sneasler|0 fnt
|faint|p2b: Sneasler
|cant|p2a: Pelipper|slp
|
|-weather|SunnyDay|[upkeep]
|-damage|p1a: Charizard|76/100|[from] ability: Solar Power|[of] p1a: Charizard
|upkeep
|
|t:|1756211680
|switch|p2b: Basculegion|Basculegion, L50, M|100/100
|turn|5
|
|t:|1756211694
|move|p1b: Jumpluff|Sleep Powder|p2b: Basculegion|[miss]
|-miss|p1b: Jumpluff|p2b: Basculegion
|move|p1a: Charizard|Air Slash|p2b: Basculegion
|-damage|p2b: Basculegion|8/100
|cant|p2b: Basculegion|flinch
|cant|p2a: Pelipper|slp
|
|-weather|SunnyDay|[upkeep]
|-damage|p1a: Charizard|63/100|[from] ability: Solar Power|[of] p1a: Charizard
|-sideend|p1: forzalupi1912|move: Tailwind
|upkeep
|turn|6
|
|t:|1756211708
|cant|p2a: Pelipper|slp
|move|p1b: Jumpluff|Tailwind|p1b: Jumpluff
|-sidestart|p1: forzalupi1912|move: Tailwind
|move|p1a: Charizard|Air Slash|p2b: Basculegion
|-damage|p2b: Basculegion|0 fnt
|faint|p2b: Basculegion
|
|-weather|SunnyDay|[upkeep]
|-damage|p1a: Charizard|51/100|[from] ability: Solar Power|[of] p1a: Charizard
|upkeep
|turn|7
|
|t:|1756211721
|switch|p1b: Porygon2|Porygon2, L50|100/100
|-ability|p1b: Porygon2|Download|boost
|-boost|p1b: Porygon2|spa|1
|move|p1a: Charizard|Air Slash|p2a: Pelipper
|-damage|p2a: Pelipper|0 fnt
|faint|p2a: Pelipper
|
|win|forzalupi1912
||aqueousbloop is ready for game 3.
||forzalupi1912 is ready for game 3.
|uhtml|next|Next: Game 3 of 3
|l|☆forzalupi1912
|player|p1|
