|j|☆Extroier
|j|☆Blop_24
|html|ExtroierBlop_24    
|uhtml|bestof|Game 1 of a best-of-3
|t:|1757809793
|gametype|doubles
|player|p1|Extroier|266|1065
|player|p2|Blop_24|artist|1155
|gen|9
|tier|[Gen 9] VGC 2025 Reg H (Bo3)
|rated|
|rule|Species Clause: Limit one of each Pokémon
|rule|Item Clause: Limit 1 of each item
|clearpoke
|poke|p1|Tyranitar, L50, M|
|poke|p1|Excadrill, L50, F|
|poke|p1|Incineroar, L50, M|
|poke|p1|Haunter, L50, F|
|poke|p1|Gholdengo, L50|
|poke|p1|Sneasler, L50, M|
|poke|p2|Excadrill, L50, M|
|poke|p2|Tyranitar, L50, F|
|poke|p2|Sneasler, L50, M|
|poke|p2|Indeedee, L50, M|
|poke|p2|Corviknight, L50, F|
|poke|p2|Annihilape, L50, M|
|teampreview|4
|showteam|p1|Tyranitar||ChoiceScarf|SandStream|FirePunch,RockSlide,BrickBreak,Crunch|||M|||50|,,,,,Flying]Excadrill||ChoiceBand|SandRush|Earthquake,IronHead,XScissor,TeraBlast|||F|||50|,,,,,Water]Incineroar||SafetyGoggles|Intimidate|FlareBlitz,Protect,FakeOut,PartingShot|||M|||50|,,,,,Ghost]Haunter||LifeOrb|Levitate|ShadowBall,DestinyBond,DazzlingGleam,SludgeWave|||F|||50|,,,,,Poison]Gholdengo||ChoiceSpecs|GoodasGold|MakeItRain,NastyPlot,Protect,Thunderbolt||||||50|,,,,,Fire]Sneasler||CovertCloak|Pressure|CloseCombat,FakeOut,Protect,DireClaw|||M|||50|,,,,,Fighting
|showteam|p2|Excadrill||FocusSash|SandRush|IronHead,HighHorsepower,Earthquake,Protect|||M|||50|,,,,,Stellar]Tyranitar||AssaultVest|SandStream|RockSlide,KnockOff,TeraBlast,LowKick|||F|||50|,,,,,Flying]Sneasler||PsychicSeed|Unburden|DireClaw,CloseCombat,ThroatChop,Protect|||M|||50|,,,,,Stellar]Indeedee||ChoiceScarf|PsychicSurge|ExpandingForce,TeraBlast,Protect,Trick|||M|||50|,,,,,Psychic]Corviknight||Leftovers|MirrorArmor|BraveBird,BulkUp,Roost,Tailwind|||F|||50|,,,,,Dragon]Annihilape||SafetyGoggles|Defiant|CloseCombat,FinalGambit,RageFist,Taunt|||M|||50|,,,,,Water
|inactive|Battle timer is ON: inactive players will automatically lose when time's up. (requested by Extroier)
|
|t:|1757809828
|teamsize|p1|4
|teamsize|p2|4
|start
|switch|p1a: Excadrill|Excadrill, L50, F|100/100
|switch|p1b: Tyranitar|Tyranitar, L50, M|100/100
|switch|p2a: Loquillo forrao|Corviknight, L50, F|100/100
|switch|p2b: Uruguay|Annihilape, L50, M|100/100
|-weather|Sandstorm|[from] ability: Sand Stream|[of] p1b: Tyranitar
|turn|1
|inactive|Blop_24 has 30 seconds left.
|inactive|Blop_24 has 20 seconds left.
|inactive|Blop_24 has 15 seconds left.
|
|t:|1757809870
|move|p1a: Excadrill|Iron Head|p2b: Uruguay
|-damage|p2b: Uruguay|30/100
|move|p1b: Tyranitar|Rock Slide|p2b: Uruguay|[spread] p2a,p2b
|-resisted|p2b: Uruguay
|-damage|p2a: Loquillo forrao|77/100
|-damage|p2b: Uruguay|14/100
|cant|p2b: Uruguay|flinch
|cant|p2a: Loquillo forrao|flinch
|
|-weather|Sandstorm|[upkeep]
|-heal|p2a: Loquillo forrao|82/100|[from] item: Leftovers
|upkeep
|turn|2
|
|t:|1757809889
|move|p1a: Excadrill|Iron Head|p2a: Loquillo forrao
|-resisted|p2a: Loquillo forrao
|-damage|p2a: Loquillo forrao|54/100
|move|p1b: Tyranitar|Rock Slide|p2a: Loquillo forrao|[spread] p2a
|-miss|p1b: Tyranitar|p2b: Uruguay
|-crit|p2a: Loquillo forrao
|-damage|p2a: Loquillo forrao|14/100
|move|p2b: Uruguay|Rage Fist|p1a: Excadrill
|-damage|p1a: Excadrill|17/100
|cant|p2a: Loquillo forrao|flinch
|
|-weather|Sandstorm|[upkeep]
|-heal|p2a: Loquillo forrao|20/100|[from] item: Leftovers
|upkeep
|turn|3
|
|t:|1757809912
|move|p1a: Excadrill|Iron Head|p2b: Uruguay
|-damage|p2b: Uruguay|0 fnt
|faint|p2b: Uruguay
|move|p1b: Tyranitar|Rock Slide|p2a: Loquillo forrao
|-damage|p2a: Loquillo forrao|0 fnt
|faint|p2a: Loquillo forrao
|
|-weather|Sandstorm|[upkeep]
|upkeep
|
|t:|1757809922
|switch|p2b: Horrocrux|Sneasler, L50, M|100/100
|switch|p2a: Un que?|Excadrill, L50, M|100/100
|turn|4
|
|t:|1757809930
|switch|p1a: Gholdengo|Gholdengo, L50|100/100
|move|p2b: Horrocrux|Protect|p2b: Horrocrux
|-singleturn|p2b: Horrocrux|Protect
|move|p2a: Un que?|Earthquake|p1a: Gholdengo|[spread] p1a,p1b
|-activate|p2b: Horrocrux|move: Protect
|-supereffective|p1a: Gholdengo
|-supereffective|p1b: Tyranitar
|-damage|p1a: Gholdengo|0 fnt
|-damage|p1b: Tyranitar|18/100
|faint|p1a: Gholdengo
|move|p1b: Tyranitar|Rock Slide|p2a: Un que?|[spread] p2a
|-activate|p2b: Horrocrux|move: Protect
|-resisted|p2a: Un que?
|-damage|p2a: Un que?|89/100
|
|-weather|Sandstorm|[upkeep]
|-damage|p2b: Horrocrux|95/100|[from] Sandstorm
|upkeep
|
|t:|1757809936
|switch|p1a: Sneasler|Sneasler, L50, M|100/100
|-ability|p1a: Sneasler|Pressure
|turn|5
|
|t:|1757809959
|move|p2a: Un que?|High Horsepower|p1a: Sneasler
|-supereffective|p1a: Sneasler
|-damage|p1a: Sneasler|0 fnt
|faint|p1a: Sneasler
|move|p1b: Tyranitar|Rock Slide|p2b: Horrocrux|[spread] p2a
|-miss|p1b: Tyranitar|p2b: Horrocrux
|-resisted|p2a: Un que?
|-damage|p2a: Un que?|78/100
|move|p2b: Horrocrux|Dire Claw|p1b: Tyranitar
|-resisted|p1b: Tyranitar
|-damage|p1b: Tyranitar|0 fnt
|faint|p1b: Tyranitar
|
|-weather|none
|upkeep
|
|t:|1757809967
|switch|p1b: Excadrill|Excadrill, L50, F|17/100
|turn|6
|
|t:|1757809981
|move|p2b: Horrocrux|Close Combat|p1b: Excadrill
|-supereffective|p1b: Excadrill
|-damage|p1b: Excadrill|0 fnt
|-unboost|p2b: Horrocrux|def|1
|-unboost|p2b: Horrocrux|spd|1
|faint|p1b: Excadrill
|
|win|Blop_24
||Extroier is ready for game 2.
|inactive|Blop_24 has 30 seconds to confirm battle start!
||Blop_24 is ready for game 2.
|uhtml|next|Next: Game 2 of 3
|l|☆Blop_24
|player|p2|
|l|☆Extroier
|player|p1|
