|j|☆NerdConsultant
|j|☆endK649
|html|NerdConsultantendK649    
|uhtml|bestof|Game 2 of a best-of-3
|t:|1756385428
|gametype|doubles
|player|p1|NerdConsultant|roxie|1113
|player|p2|endK649|265|1128
|gen|9
|tier|[Gen 9] VGC 2025 Reg H (Bo3)
|rated|
|rule|Species Clause: Limit one of each Pokémon
|rule|Item Clause: Limit 1 of each item
|clearpoke
|poke|p1|Kingambit, L50, M|
|poke|p1|Rillaboom, L50, M|
|poke|p1|Archaludon, L50, F|
|poke|p1|Basculegion, L50, M|
|poke|p1|Electabuzz, L50, M|
|poke|p1|Pelipper, L50, M|
|poke|p2|Feraligatr, L50, M|
|poke|p2|Gholdengo, L50|
|poke|p2|Politoed, L50, M|
|poke|p2|Amoonguss, L50, M|
|poke|p2|Rillaboom, L50, M|
|poke|p2|Incineroar, L50, F|
|teampreview|4
|showteam|p1|Kingambit||BlackGlasses|Defiant|KowtowCleave,SwordsDance,SuckerPunch,Protect|||M|||50|,,,,,Dark]Rillaboom||LoadedDice|GrassySurge|HighHorsepower,GrassyGlide,BulletSeed,FakeOut|||M|||50|,,,,,Fire]Archaludon||AssaultVest|Stamina|ElectroShot,BodyPress,DracoMeteor,FlashCannon|||F|||50|,,,,,Bug]Basculegion||ChoiceBand|SwiftSwim|WaveCrash,AquaJet,LastRespects,FlipTurn|||M|||50|,,,,,Grass]Electabuzz||Eviolite|VitalSpirit|Electroweb,Taunt,FollowMe,Protect|||M|||50|,,,,,Ghost]Pelipper||FocusSash|Drizzle|Tailwind,WeatherBall,Hurricane,Protect|||M|||50|,,,,,Ghost
|showteam|p2|Feraligatr||LifeOrb|SheerForce|Liquidation,Crunch,DragonDance,Protect|||M|||50|,,,,,Dark]Gholdengo||Leftovers|GoodasGold|MakeItRain,ShadowBall,NastyPlot,Protect||||||50|,,,,,Dragon]Politoed||SitrusBerry|Drizzle|WeatherBall,IcyWind,Mist,Protect|||M|||50|,,,,,Grass]Amoonguss||CovertCloak|Regenerator|PollenPuff,Spore,RagePowder,Protect|||M|||50|,,,,,Water]Rillaboom||AssaultVest|GrassySurge|WoodHammer,GrassyGlide,FakeOut,Uturn|||M|||50|,,,,,Fire]Incineroar||SafetyGoggles|Intimidate|KnockOff,FakeOut,Taunt,PartingShot|||F|||50|,,,,,Ghost
|inactive|Battle timer is ON: inactive players will automatically lose when time's up. (requested by endK649)
|
|t:|1756385459
|teamsize|p1|4
|teamsize|p2|4
|start
|switch|p1a: Electabuzz|Electabuzz, L50, M|100/100
|switch|p1b: Pelipper|Pelipper, L50, M|100/100
|switch|p2a: Amoonguss|Amoonguss, L50, M, shiny|100/100
|switch|p2b: Gholdengo|Gholdengo, L50|100/100
|-weather|RainDance|[from] ability: Drizzle|[of] p1b: Pelipper
|turn|1
|
|t:|1756385478
|-terastallize|p2b: Gholdengo|Dragon
|move|p2a: Amoonguss|Protect|p2a: Amoonguss
|-singleturn|p2a: Amoonguss|Protect
|move|p1a: Electabuzz|Taunt|p2a: Amoonguss
|-activate|p2a: Amoonguss|move: Protect
|move|p2b: Gholdengo|Nasty Plot|p2b: Gholdengo
|-boost|p2b: Gholdengo|spa|2
|move|p1b: Pelipper|Tailwind|p1b: Pelipper
|-sidestart|p1: NerdConsultant|move: Tailwind
|
|-weather|RainDance|[upkeep]
|upkeep
|turn|2
|
|t:|1756385503
|switch|p2a: Rillaboom|Rillaboom, L50, M, shiny|100/100
|-fieldstart|move: Grassy Terrain|[from] ability: Grassy Surge|[of] p2a: Rillaboom
|move|p1a: Electabuzz|Taunt|p2a: Rillaboom
|-start|p2a: Rillaboom|move: Taunt
|move|p1b: Pelipper|Hurricane|p2a: Rillaboom
|-supereffective|p2a: Rillaboom
|-damage|p2a: Rillaboom|36/100
|move|p2b: Gholdengo|Nasty Plot|p2b: Gholdengo
|-boost|p2b: Gholdengo|spa|2
|
|-weather|RainDance|[upkeep]
|-heal|p2a: Rillaboom|42/100|[from] Grassy Terrain
|upkeep
|turn|3
|
|t:|1756385519
|move|p1a: Electabuzz|Protect|p1a: Electabuzz
|-singleturn|p1a: Electabuzz|Protect
|move|p1b: Pelipper|Protect|p1b: Pelipper
|-singleturn|p1b: Pelipper|Protect
|move|p2a: Rillaboom|Fake Out|p1b: Pelipper
|-activate|p1b: Pelipper|move: Protect
|move|p2b: Gholdengo|Nasty Plot|p2b: Gholdengo
|-boost|p2b: Gholdengo|spa|2
|
|-weather|RainDance|[upkeep]
|-heal|p2a: Rillaboom|47/100|[from] Grassy Terrain
|upkeep
|turn|4
|
|t:|1756385533
|move|p2a: Rillaboom|Grassy Glide|p1b: Pelipper
|-damage|p1b: Pelipper|53/100
|move|p1a: Electabuzz|Electroweb|p2a: Rillaboom|[spread] p2a,p2b
|-resisted|p2a: Rillaboom
|-resisted|p2b: Gholdengo
|-damage|p2a: Rillaboom|43/100
|-damage|p2b: Gholdengo|94/100
|-unboost|p2a: Rillaboom|spe|1
|-unboost|p2b: Gholdengo|spe|1
|move|p1b: Pelipper|Hurricane|p2b: Gholdengo
|-damage|p2b: Gholdengo|41/100
|move|p2b: Gholdengo|Make It Rain|p1a: Electabuzz|[spread] p1a,p1b
|-resisted|p1a: Electabuzz
|-resisted|p1b: Pelipper
|-damage|p1a: Electabuzz|26/100
|-damage|p1b: Pelipper|0 fnt
|-unboost|p2b: Gholdengo|spa|1
|faint|p1b: Pelipper
|
|-weather|RainDance|[upkeep]
|-heal|p1a: Electabuzz|31/100|[from] Grassy Terrain
|-heal|p2b: Gholdengo|47/100|[from] Grassy Terrain
|-heal|p2b: Gholdengo|53/100|[from] item: Leftovers
|-heal|p2a: Rillaboom|49/100|[from] Grassy Terrain
|-end|p2a: Rillaboom|move: Taunt
|-sideend|p1: NerdConsultant|move: Tailwind
|upkeep
|
|t:|1756385555
|switch|p1b: Archaludon|Archaludon, L50, F|100/100
|turn|5
|
|t:|1756385560
|move|p2b: Gholdengo|Protect|p2b: Gholdengo
|-singleturn|p2b: Gholdengo|Protect
|move|p1a: Electabuzz|Electroweb|p2b: Gholdengo|[spread] 
|-activate|p2b: Gholdengo|move: Protect
|-miss|p1a: Electabuzz|p2a: Rillaboom
|move|p1b: Archaludon|Draco Meteor|p2b: Gholdengo
|-activate|p2b: Gholdengo|move: Protect
|move|p2a: Rillaboom|U-turn|p1a: Electabuzz
|-damage|p1a: Electabuzz|12/100
|
|t:|1756385565
|switch|p2a: Amoonguss|Amoonguss, L50, M, shiny|100/100|[from] U-turn
|
|-weather|none
|-heal|p1a: Electabuzz|18/100|[from] Grassy Terrain
|-heal|p2b: Gholdengo|59/100|[from] Grassy Terrain
|-heal|p2b: Gholdengo|65/100|[from] item: Leftovers
|upkeep
|turn|6
|
|t:|1756385582
|move|p2a: Amoonguss|Rage Powder|p2a: Amoonguss
|-singleturn|p2a: Amoonguss|move: Rage Powder
|move|p1a: Electabuzz|Taunt|p2a: Amoonguss
|-start|p2a: Amoonguss|move: Taunt
|move|p1b: Archaludon|Draco Meteor|p2a: Amoonguss
|-damage|p2a: Amoonguss|53/100
|-unboost|p1b: Archaludon|spa|2
|move|p2b: Gholdengo|Make It Rain|p1b: Archaludon|[spread] p1a,p1b
|-resisted|p1a: Electabuzz
|-resisted|p1b: Archaludon
|-damage|p1a: Electabuzz|0 fnt
|-damage|p1b: Archaludon|43/100
|-unboost|p2b: Gholdengo|spa|1
|-ability|p1b: Archaludon|Stamina|boost
|-boost|p1b: Archaludon|def|1
|faint|p1a: Electabuzz
|
|-heal|p1b: Archaludon|49/100|[from] Grassy Terrain
|-heal|p2b: Gholdengo|71/100|[from] Grassy Terrain
|-heal|p2b: Gholdengo|77/100|[from] item: Leftovers
|-heal|p2a: Amoonguss|59/100|[from] Grassy Terrain
|-fieldend|move: Grassy Terrain
|upkeep
|
|t:|1756385601
|switch|p1a: Basculegion|Basculegion, L50, M|100/100
|turn|7
|
|t:|1756385625
|switch|p2a: Rillaboom|Rillaboom, L50, M, shiny|49/100
|-fieldstart|move: Grassy Terrain|[from] ability: Grassy Surge|[of] p2a: Rillaboom
|-terastallize|p1a: Basculegion|Grass
|move|p2b: Gholdengo|Protect|p2b: Gholdengo
|-singleturn|p2b: Gholdengo|Protect
|move|p1a: Basculegion|Last Respects|p2b: Gholdengo
|-activate|p2b: Gholdengo|move: Protect
|move|p1b: Archaludon|Draco Meteor|p2b: Gholdengo
|-activate|p2b: Gholdengo|move: Protect
|
|-heal|p1b: Archaludon|55/100|[from] Grassy Terrain
|-heal|p2a: Rillaboom|55/100|[from] Grassy Terrain
|-heal|p2b: Gholdengo|82/100|[from] Grassy Terrain
|-heal|p2b: Gholdengo|88/100|[from] item: Leftovers
|upkeep
|turn|8
|
|t:|1756385644
|move|p2a: Rillaboom|Fake Out|p1a: Basculegion
|-damage|p1a: Basculegion|83/100
|cant|p1a: Basculegion|flinch
|move|p1b: Archaludon|Draco Meteor|p2b: Gholdengo
|-supereffective|p2b: Gholdengo
|-damage|p2b: Gholdengo|28/100
|-unboost|p1b: Archaludon|spa|2
|move|p2b: Gholdengo|Make It Rain|p1b: Archaludon|[spread] p1a,p1b
|-resisted|p1b: Archaludon
|-damage|p1a: Basculegion|0 fnt
|-damage|p1b: Archaludon|4/100
|-unboost|p2b: Gholdengo|spa|1
|-ability|p1b: Archaludon|Stamina|boost
|-boost|p1b: Archaludon|def|1
|faint|p1a: Basculegion
|
|-heal|p1b: Archaludon|10/100|[from] Grassy Terrain
|-heal|p2a: Rillaboom|60/100|[from] Grassy Terrain
|-heal|p2b: Gholdengo|33/100|[from] Grassy Terrain
|-heal|p2b: Gholdengo|39/100|[from] item: Leftovers
|upkeep
|turn|9
|-message|NerdConsultant forfeited.
|
|win|endK649
|raw|NerdConsultant's rating: 1113 → 1089(-24 for losing)
|raw|endK649's rating: 1128 → 1152(+24 for winning)
|l|☆NerdConsultant
|player|p1|
