|j|☆Shiboha
|j|☆Wikdchikn
|html|ShibohaWikdchikn    
|uhtml|bestof|Game 3 of a best-of-3
|t:|1756673305
|gametype|doubles
|player|p1|Shiboha|steven|1111
|player|p2|Wikdchikn|cameraman|1074
|gen|9
|tier|[Gen 9] VGC 2025 Reg H (Bo3)
|rated|
|rule|Species Clause: Limit one of each Pokémon
|rule|Item Clause: Limit 1 of each item
|clearpoke
|poke|p1|Volcarona, L50, F|
|poke|p1|Araquanid, L50, F|
|poke|p1|Sinistcha, L50|
|poke|p1|Sneasler, L50, M|
|poke|p1|Ninetales-Alola, L50, F|
|poke|p1|Hydreigon, L50, M|
|poke|p2|Arboliva, L50, F|
|poke|p2|Porygon2, L50|
|poke|p2|Primarina, L50, F|
|poke|p2|Ursaluna, L50, M|
|poke|p2|Amoonguss, L50, F|
|poke|p2|Armarouge, L50, M|
|teampreview|4
|showteam|p1|Volcarona||CovertCloak|FlameBody|HeatWave,GigaDrain,QuiverDance,Protect|||F|||50|,,,,,Grass]Araquanid||ClearAmulet|WaterBubble|Liquidation,LeechLife,WideGuard,Protect|||F|||50|,,,,,Water]Sinistcha||SitrusBerry|Hospitality|MatchaGotcha,Hex,RagePowder,TrickRoom||||||50|,,,,,Water]Sneasler||FocusSash|PoisonTouch|DireClaw,CloseCombat,FakeOut,Protect|||M|||50|,,,,,Stellar]Ninetales-Alola||LightClay|SnowWarning|Blizzard,Moonblast,AuroraVeil,Encore|||F|||50|,,,,,Ghost]Hydreigon||AssaultVest|Levitate|DracoMeteor,EarthPower,DarkPulse,Snarl|||M|||50|,,,,,Poison
|showteam|p2|Arboliva||ChoiceSpecs|SeedSower|DazzlingGleam,HyperVoice,EarthPower,GigaDrain|||F|||50|,,,,,Fairy]Porygon2||Eviolite|Trace|TeraBlast,ShadowBall,TrickRoom,Protect||||||50|,,,,,Fighting]Primarina||ThroatSpray|LiquidVoice|Moonblast,HyperVoice,Haze,Protect|||F|||50|,,,,,Water]Ursaluna||FlameOrb|Guts|Protect,Facade,HeadlongRush,Earthquake|||M|||50|,,,,,Ghost]Amoonguss||RockyHelmet|Regenerator|RagePowder,Spore,FoulPlay,Protect|||F|||50|,,,,,Dark]Armarouge||SitrusBerry|FlashFire|WideGuard,TrickRoom,HeatWave,HelpingHand|||M|||50|,,,,,Grass
|inactive|Battle timer is ON: inactive players will automatically lose when time's up. (requested by Wikdchikn)
|
|t:|1756673327
|teamsize|p1|4
|teamsize|p2|4
|start
|switch|p1a: Hydreigon|Hydreigon, L50, M|100/100
|switch|p1b: Ninetales|Ninetales-Alola, L50, F|100/100
|switch|p2a: Undying Duck|Porygon2, L50, shiny|100/100
|switch|p2b: Olive You|Arboliva, L50, F|100/100
|-weather|Snowscape|[from] ability: Snow Warning|[of] p1b: Ninetales
|-ability|p2a: Undying Duck|Snow Warning|Trace|[from] ability: Trace|[of] p1b: Ninetales
|turn|1
|
|t:|1756673349
|-terastallize|p2b: Olive You|Fairy
|move|p1b: Ninetales|Blizzard|p2b: Olive You|[spread] p2a,p2b
|-damage|p2a: Undying Duck|88/100
|-damage|p2b: Olive You|74/100
|-fieldstart|move: Grassy Terrain|[from] ability: Seed Sower|[of] p2b: Olive You
|move|p1a: Hydreigon|Draco Meteor|p2a: Undying Duck
|-damage|p2a: Undying Duck|53/100
|-unboost|p1a: Hydreigon|spa|2
|move|p2b: Olive You|Dazzling Gleam|p1a: Hydreigon|[spread] p1a,p1b
|-supereffective|p1a: Hydreigon
|-damage|p1a: Hydreigon|0 fnt
|-damage|p1b: Ninetales|48/100
|faint|p1a: Hydreigon
|move|p2a: Undying Duck|Trick Room|p2a: Undying Duck
|-fieldstart|move: Trick Room|[of] p2a: Undying Duck
|
|-weather|Snowscape|[upkeep]
|-heal|p2b: Olive You|80/100|[from] Grassy Terrain
|-heal|p2a: Undying Duck|59/100|[from] Grassy Terrain
|-heal|p1b: Ninetales|54/100|[from] Grassy Terrain
|upkeep
|
|t:|1756673370
|switch|p1a: Sinistcha|Sinistcha, L50|100/100
|-heal|p1b: Ninetales|79/100|[from] ability: Hospitality|[of] p1a: Sinistcha
|turn|2
|
|t:|1756673385
|move|p2b: Olive You|Dazzling Gleam|p1a: Sinistcha|[spread] p1a,p1b
|-damage|p1a: Sinistcha|56/100
|-damage|p1b: Ninetales|29/100
|move|p2a: Undying Duck|Shadow Ball|p1a: Sinistcha
|-supereffective|p1a: Sinistcha
|-damage|p1a: Sinistcha|23/100
|-enditem|p1a: Sinistcha|Sitrus Berry|[eat]
|-heal|p1a: Sinistcha|48/100|[from] item: Sitrus Berry
|move|p1a: Sinistcha|Matcha Gotcha|p2b: Olive You|[spread] p2a,p2b
|-damage|p2a: Undying Duck|43/100
|-heal|p1a: Sinistcha|57/100|[from] drain|[of] p2a: Undying Duck
|-damage|p2b: Olive You|49/100
|-heal|p1a: Sinistcha|72/100|[from] drain|[of] p2b: Olive You
|move|p1b: Ninetales|Aurora Veil|p1b: Ninetales
|-sidestart|p1: Shiboha|move: Aurora Veil
|
|-weather|Snowscape|[upkeep]
|-heal|p2b: Olive You|55/100|[from] Grassy Terrain
|-heal|p2a: Undying Duck|49/100|[from] Grassy Terrain
|-heal|p1a: Sinistcha|78/100|[from] Grassy Terrain
|-heal|p1b: Ninetales|36/100|[from] Grassy Terrain
|upkeep
|turn|3
|inactive|Shiboha has 30 seconds left.
|
|t:|1756673417
|switch|p1b: Araquanid|Araquanid, L50, F|100/100
|-terastallize|p1a: Sinistcha|Water
|move|p2b: Olive You|Dazzling Gleam|p1b: Araquanid|[spread] p1a,p1b
|-damage|p1a: Sinistcha|46/100
|-damage|p1b: Araquanid|73/100
|move|p2a: Undying Duck|Shadow Ball|p1a: Sinistcha
|-damage|p1a: Sinistcha|35/100
|move|p1a: Sinistcha|Matcha Gotcha|p2a: Undying Duck|[spread] p2a,p2b
|-damage|p2a: Undying Duck|33/100
|-heal|p1a: Sinistcha|43/100|[from] drain|[of] p2a: Undying Duck
|-damage|p2b: Olive You|20/100
|-heal|p1a: Sinistcha|60/100|[from] drain|[of] p2b: Olive You
|-status|p2a: Undying Duck|brn
|
|-weather|Snowscape|[upkeep]
|-heal|p2b: Olive You|26/100|[from] Grassy Terrain
|-heal|p1b: Araquanid|79/100|[from] Grassy Terrain
|-heal|p2a: Undying Duck|39/100 brn|[from] Grassy Terrain
|-heal|p1a: Sinistcha|66/100|[from] Grassy Terrain
|-damage|p2a: Undying Duck|33/100 brn|[from] brn
|upkeep
|turn|4
|inactive|Shiboha has 30 seconds left.
|inactive|Wikdchikn has 30 seconds left.
|inactive|Shiboha has 20 seconds left.
|
|t:|1756673457
|switch|p2a: Pest|Amoonguss, L50, F|100/100
|switch|p1a: Ninetales|Ninetales-Alola, L50, F|36/100
|move|p2b: Olive You|Dazzling Gleam|p1b: Araquanid|[spread] p1a,p1b
|-damage|p1a: Ninetales|2/100
|-damage|p1b: Araquanid|53/100
|move|p1b: Araquanid|Leech Life|p2b: Olive You
|-resisted|p2b: Olive You
|-damage|p2b: Olive You|11/100
|-heal|p1b: Araquanid|60/100|[from] drain|[of] p2b: Olive You
|
|-weather|Snowscape|[upkeep]
|-heal|p2b: Olive You|17/100|[from] Grassy Terrain
|-heal|p1b: Araquanid|66/100|[from] Grassy Terrain
|-heal|p1a: Ninetales|8/100|[from] Grassy Terrain
|upkeep
|turn|5
|
|t:|1756673475
|switch|p1a: Sinistcha|Sinistcha, L50, tera:Water|66/100
|-heal|p1b: Araquanid|91/100|[from] ability: Hospitality|[of] p1a: Sinistcha
|move|p1b: Araquanid|Protect|p1b: Araquanid
|-singleturn|p1b: Araquanid|Protect
|move|p2a: Pest|Spore|p1b: Araquanid
|-activate|p1b: Araquanid|move: Protect
|move|p2b: Olive You|Dazzling Gleam|p1b: Araquanid|[spread] p1a
|-activate|p1b: Araquanid|move: Protect
|-damage|p1a: Sinistcha|37/100
|
|-weather|none
|-heal|p2b: Olive You|23/100|[from] Grassy Terrain
|-heal|p1b: Araquanid|97/100|[from] Grassy Terrain
|-heal|p1a: Sinistcha|43/100|[from] Grassy Terrain
|-fieldend|move: Trick Room
|-fieldend|move: Grassy Terrain
|upkeep
|turn|6
|
|t:|1756673498
|move|p2a: Pest|Rage Powder|p2a: Pest
|-singleturn|p2a: Pest|move: Rage Powder
|move|p1a: Sinistcha|Matcha Gotcha|p2b: Olive You|[spread] p2a,p2b
|-resisted|p2a: Pest
|-damage|p2a: Pest|96/100
|-heal|p1a: Sinistcha|46/100|[from] drain|[of] p2a: Pest
|-damage|p2b: Olive You|0 fnt
|-heal|p1a: Sinistcha|57/100|[from] drain|[of] p2b: Olive You
|-fieldstart|move: Grassy Terrain|[from] ability: Seed Sower|[of] p2b: Olive You
|faint|p2b: Olive You
|move|p1b: Araquanid|Leech Life|p2a: Pest
|-damage|p2a: Pest|66/100
|-heal|p1b: Araquanid|100/100|[from] drain|[of] p2a: Pest
|-damage|p1b: Araquanid|84/100|[from] item: Rocky Helmet|[of] p2a: Pest
|
|-heal|p1a: Sinistcha|63/100|[from] Grassy Terrain
|-heal|p1b: Araquanid|90/100|[from] Grassy Terrain
|-heal|p2a: Pest|72/100|[from] Grassy Terrain
|upkeep
|
|t:|1756673507
|switch|p2b: Undying Duck|Porygon2, L50, shiny|33/100 brn
|-ability|p2b: Undying Duck|Hospitality|Trace|[from] ability: Trace|[of] p1a: Sinistcha
|-heal|p2a: Pest|97/100|[from] ability: Hospitality|[of] p2b: Undying Duck
|turn|7
|
|t:|1756673528
|move|p2a: Pest|Rage Powder|p2a: Pest
|-singleturn|p2a: Pest|move: Rage Powder
|move|p1a: Sinistcha|Matcha Gotcha|p2a: Pest|[spread] p2a,p2b
|-resisted|p2a: Pest
|-damage|p2a: Pest|91/100
|-heal|p1a: Sinistcha|67/100|[from] drain|[of] p2a: Pest
|-damage|p2b: Undying Duck|17/100 brn
|-heal|p1a: Sinistcha|76/100|[from] drain|[of] p2b: Undying Duck
|move|p1b: Araquanid|Leech Life|p2a: Pest
|-damage|p2a: Pest|65/100
|-heal|p1b: Araquanid|100/100|[from] drain|[of] p2a: Pest
|-damage|p1b: Araquanid|84/100|[from] item: Rocky Helmet|[of] p2a: Pest
|move|p2b: Undying Duck|Trick Room|p2b: Undying Duck
|-fieldstart|move: Trick Room|[of] p2b: Undying Duck
|
|-heal|p2a: Pest|71/100|[from] Grassy Terrain
|-heal|p1b: Araquanid|90/100|[from] Grassy Terrain
|-heal|p2b: Undying Duck|22/100 brn|[from] Grassy Terrain
|-heal|p1a: Sinistcha|82/100|[from] Grassy Terrain
|-damage|p2b: Undying Duck|17/100 brn|[from] brn
|upkeep
|turn|8
|
|t:|1756673551
|switch|p2b: Bear with me|Ursaluna, L50, M|100/100
|move|p1b: Araquanid|Protect|p1b: Araquanid
|-singleturn|p1b: Araquanid|Protect
|move|p2a: Pest|Spore|p1a: Sinistcha
|-status|p1a: Sinistcha|slp|[from] move: Spore
|cant|p1a: Sinistcha|slp
|
|-heal|p2a: Pest|77/100|[from] Grassy Terrain
|-heal|p1b: Araquanid|96/100|[from] Grassy Terrain
|-heal|p1a: Sinistcha|89/100 slp|[from] Grassy Terrain
|-status|p2b: Bear with me|brn|[from] item: Flame Orb
|upkeep
|turn|9
|
|t:|1756673567
|move|p2a: Pest|Spore|p1b: Araquanid
|-status|p1b: Araquanid|slp|[from] move: Spore
|move|p2b: Bear with me|Facade|p1b: Araquanid
|-damage|p1b: Araquanid|0 fnt
|faint|p1b: Araquanid
|-curestatus|p1a: Sinistcha|slp|[msg]
|move|p1a: Sinistcha|Matcha Gotcha|p2a: Pest|[spread] p2a,p2b
|-resisted|p2a: Pest
|-supereffective|p2b: Bear with me
|-damage|p2a: Pest|70/100
|-heal|p1a: Sinistcha|93/100|[from] drain|[of] p2a: Pest
|-damage|p2b: Bear with me|39/100 brn
|-heal|p1a: Sinistcha|100/100|[from] drain|[of] p2b: Bear with me
|
|-heal|p2a: Pest|76/100|[from] Grassy Terrain
|-heal|p2b: Bear with me|45/100 brn|[from] Grassy Terrain
|-damage|p2b: Bear with me|39/100 brn|[from] brn
|-sideend|p1: Shiboha|move: Aurora Veil
|upkeep
|
|t:|1756673585
|switch|p1b: Ninetales|Ninetales-Alola, L50, F|8/100
|-weather|Snowscape|[from] ability: Snow Warning|[of] p1b: Ninetales
|turn|10
|
|t:|1756673597
|move|p2a: Pest|Spore|p1a: Sinistcha
|-status|p1a: Sinistcha|slp|[from] move: Spore
|move|p2b: Bear with me|Earthquake|p1a: Sinistcha|[spread] p2a,p1a,p1b
|-damage|p2a: Pest|45/100
|-damage|p1a: Sinistcha|69/100 slp
|-damage|p1b: Ninetales|0 fnt
|faint|p1b: Ninetales
|cant|p1a: Sinistcha|slp
|
|-weather|Snowscape|[upkeep]
|-heal|p2a: Pest|51/100|[from] Grassy Terrain
|-heal|p2b: Bear with me|45/100 brn|[from] Grassy Terrain
|-heal|p1a: Sinistcha|75/100 slp|[from] Grassy Terrain
|-damage|p2b: Bear with me|39/100 brn|[from] brn
|-fieldend|move: Grassy Terrain
|upkeep
|turn|11
|
|t:|1756673609
|move|p2a: Pest|Foul Play|p1a: Sinistcha
|-damage|p1a: Sinistcha|66/100 slp
|move|p2b: Bear with me|Facade|p1a: Sinistcha
|-damage|p1a: Sinistcha|0 fnt
|faint|p1a: Sinistcha
|
|win|Wikdchikn
|raw|Shiboha's rating: 1111 → 1083(-28 for losing)
|raw|Wikdchikn's rating: 1074 → 1106(+32 for winning)
|l|☆Wikdchikn
|player|p2|
