|j|☆nod-korai
|j|☆natsukivgc
|html|nod-korainatsukivgc    
|uhtml|bestof|Game 2 of a best-of-3
|t:|1786023646
|gametype|doubles
|player|p1|nod-korai|170|1213
|player|p2|natsukivgc|101|1221
|gen|9
|tier|[Gen 9 Champions] VGC 2026 Reg M-B (Bo3)
|rated|
|rule|Species Clause: Limit one of each Pokémon
|rule|Item Clause: Limit 1 of each item
|clearpoke
|poke|p1|Floette-Eternal, L50, F|
|poke|p1|Sneasler, L50, F|
|poke|p1|Incineroar, L50, F|
|poke|p1|Basculegion, L50, M|
|poke|p1|Sinistcha, L50|
|poke|p1|Kingambit, L50, M|
|poke|p2|Garchomp, L50, F|
|poke|p2|Venusaur, L50, F|
|poke|p2|Incineroar, L50, F|
|poke|p2|Charizard, L50, F|
|poke|p2|Toxapex, L50, F|
|poke|p2|Annihilape, L50, M|
|teampreview|4
|showteam|p1|Floette-Eternal||Floettite|FlowerVeil|Moonblast,DazzlingGleam,CalmMind,Protect|Modest||F|||50|]Sneasler||FocusSash|Unburden|DireClaw,CloseCombat,FakeOut,Protect|Jolly||F|||50|]Incineroar||ChopleBerry|Intimidate|FakeOut,FlareBlitz,ThroatChop,PartingShot|Impish||F|||50|]Basculegion||ChoiceScarf|Adaptability|LastRespects,WaveCrash,AquaJet,FlipTurn|Jolly||M|||50|]Sinistcha||SitrusBerry|Hospitality|MatchaGotcha,LifeDew,RagePowder,Protect|Bold|||||50|]Kingambit||BlackGlasses|Defiant|KowtowCleave,SuckerPunch,SwordsDance,Protect|Adamant||M|||50|
|showteam|p2|Garchomp||ChoiceScarf|RoughSkin|Earthquake,DragonClaw,StompingTantrum,RockSlide|Adamant||F|||50|]Venusaur||LifeOrb|Chlorophyll|SolarBeam,SludgeBomb,EarthPower,Protect|Modest||F|||50|]Incineroar||SitrusBerry|Intimidate|FlareBlitz,ThroatChop,FakeOut,PartingShot|Impish||F|||50|]Charizard||CharizarditeY|Blaze|HeatWave,WeatherBall,Protect,SolarBeam|Modest||F|||50|]Toxapex||Leftovers|Regenerator|Infestation,Toxic,WideGuard,BanefulBunker|Bold||F|||50|]Annihilape||FocusSash|Defiant|CloseCombat,PhantomForce,RockTomb,Protect|Jolly||M|||50|
|inactive|Battle timer is ON: inactive players will automatically lose when time's up. (requested by nod-korai)
|
|t:|1786023676
|teamsize|p1|4
|teamsize|p2|4
|start
|switch|p1a: Angélica|Floette-Eternal, L50, F|100/100
|switch|p1b: F key|Basculegion, L50, M|100/100
|switch|p2a: Toxapex|Toxapex, L50, F|100/100
|switch|p2b: Charizard|Charizard, L50, F|100/100
|turn|1
|
|t:|1786023700
|detailschange|p2b: Charizard|Charizard-Mega-Y, L50, F
|-mega|p2b: Charizard|Charizard|Charizardite Y
|-weather|SunnyDay|[from] ability: Drought|[of] p2b: Charizard
|detailschange|p1a: Angélica|Floette-Mega, L50, F
|-mega|p1a: Angélica|Floette|Floettite
|-ability|p1a: Angélica|Fairy Aura
|move|p2b: Charizard|Protect|p2b: Charizard
|-singleturn|p2b: Charizard|Protect
|move|p1b: F key|Flip Turn|p2b: Charizard
|-activate|p2b: Charizard|move: Protect
|move|p1a: Angélica|Calm Mind|p1a: Angélica
|-boost|p1a: Angélica|spa|1
|-boost|p1a: Angélica|spd|1
|move|p2a: Toxapex|Toxic|p1a: Angélica
|-status|p1a: Angélica|tox
|
|-weather|SunnyDay|[upkeep]
|-damage|p1a: Angélica|93/100 tox|[from] psn
|upkeep
|turn|2
|inactive|natsukivgc has 30 seconds left.
|inactive|natsukivgc has 20 seconds left.
|
|t:|1786023736
|switch|p2b: Incineroar|Incineroar, L50, F|100/100
|-ability|p2b: Incineroar|Intimidate|boost
|-unboost|p1a: Angélica|atk|1
|-unboost|p1b: F key|atk|1
|move|p1b: F key|Flip Turn|p2b: Incineroar
|-supereffective|p2b: Incineroar|1
|-damage|p2b: Incineroar|82/100
|
|t:|1786023746
|switch|p1b: Glicktten|Incineroar, L50, F|100/100|[from] Flip Turn
|-ability|p1b: Glicktten|Intimidate|boost
|-unboost|p2a: Toxapex|atk|1
|-unboost|p2b: Incineroar|atk|1
|move|p1a: Angélica|Moonblast|p2b: Incineroar
|-damage|p2b: Incineroar|0 fnt
|faint|p2b: Incineroar
|move|p2a: Toxapex|Infestation|p1a: Angélica
|-resisted|p1a: Angélica|1
|-damage|p1a: Angélica|93/100 tox
|-activate|p1a: Angélica|move: Infestation|[of] p2a: Toxapex
|
|-weather|SunnyDay|[upkeep]
|-damage|p1a: Angélica|81/100 tox|[from] psn
|-damage|p1a: Angélica|68/100 tox|[from] move: Infestation|[partiallytrapped]
|upkeep
|
|t:|1786023768
|switch|p2b: Charizard|Charizard-Mega-Y, L50, F|100/100
|turn|3
|
|t:|1786023778
|move|p2b: Charizard|Protect|p2b: Charizard
|-singleturn|p2b: Charizard|Protect
|move|p2a: Toxapex|Baneful Bunker|p2a: Toxapex
|-singleturn|p2a: Toxapex|move: Protect
|move|p1b: Glicktten|Fake Out|p2b: Charizard
|-activate|p2b: Charizard|move: Protect
|move|p1a: Angélica|Moonblast|p2b: Charizard
|-activate|p2b: Charizard|move: Protect
|
|-weather|SunnyDay|[upkeep]
|-damage|p1a: Angélica|50/100g tox|[from] psn
|-damage|p1a: Angélica|38/100 tox|[from] move: Infestation|[partiallytrapped]
|upkeep
|turn|4
|inactive|natsukivgc has 30 seconds left.
|
|t:|1786023810
|move|p2b: Charizard|Heat Wave|p1a: Angélica|[spread] p1a,p1b
|-resisted|p1b: Glicktten|1
|-damage|p1a: Angélica|11/100 tox
|-damage|p1b: Glicktten|77/100
|move|p1a: Angélica|Moonblast|p2b: Charizard
|-resisted|p2b: Charizard|1
|-damage|p2b: Charizard|51/100
|move|p1b: Glicktten|Parting Shot|p2b: Charizard
|-unboost|p2b: Charizard|atk|1
|-unboost|p2b: Charizard|spa|1
|
|t:|1786023816
|switch|p1b: Carlos|Kingambit, L50, M|100/100|[from] Parting Shot
|move|p2a: Toxapex|Toxic|p1b: Carlos
|-immune|p1b: Carlos
|
|-weather|SunnyDay|[upkeep]
|-damage|p1a: Angélica|0 fnt|[from] psn
|faint|p1a: Angélica
|upkeep
|
|t:|1786023823
|switch|p1a: Glicktten|Incineroar, L50, F|77/100
|-ability|p1a: Glicktten|Intimidate|boost
|-unboost|p2a: Toxapex|atk|1
|-unboost|p2b: Charizard|atk|1
|turn|5
|inactive|natsukivgc has 30 seconds left.
|inactive|natsukivgc has 20 seconds left.
|inactive|natsukivgc has 15 seconds left.
|
|t:|1786023868
|move|p1a: Glicktten|Fake Out|p2b: Charizard
|-damage|p2b: Charizard|40/100
|cant|p2b: Charizard|flinch
|move|p1b: Carlos|Swords Dance|p1b: Carlos
|-boost|p1b: Carlos|atk|2
|move|p2a: Toxapex|Infestation|p1b: Carlos
|-damage|p1b: Carlos|97/100
|-activate|p1b: Carlos|move: Infestation|[of] p2a: Toxapex
|
|-weather|none
|-damage|p1b: Carlos|85/100|[from] move: Infestation|[partiallytrapped]
|upkeep
|turn|6
|
|t:|1786023890
|move|p2b: Charizard|Heat Wave|p1b: Carlos|[spread] p1a,p1b
|-resisted|p1a: Glicktten|1
|-supereffective|p1b: Carlos|1
|-damage|p1a: Glicktten|67/100
|-damage|p1b: Carlos|41/100
|move|p1a: Glicktten|Parting Shot|p2b: Charizard
|-unboost|p2b: Charizard|atk|1
|-unboost|p2b: Charizard|spa|1
|
|t:|1786023896
|switch|p1a: F key|Basculegion, L50, M|100/100|[from] Parting Shot
|move|p1b: Carlos|Kowtow Cleave|p2a: Toxapex
|-damage|p2a: Toxapex|36/100
|move|p2a: Toxapex|Toxic|p1a: F key
|-status|p1a: F key|tox
|
|-heal|p2a: Toxapex|42/100|[from] item: Leftovers
|-damage|p1a: F key|93/100 tox|[from] psn
|-damage|p1b: Carlos|28/100|[from] move: Infestation|[partiallytrapped]
|upkeep
|turn|7
|inactive|natsukivgc has 30 seconds left.
|
|t:|1786023925
|move|p2b: Charizard|Protect|p2b: Charizard
|-singleturn|p2b: Charizard|Protect
|move|p2a: Toxapex|Baneful Bunker|p2a: Toxapex
|-singleturn|p2a: Toxapex|move: Protect
|move|p1a: F key|Flip Turn|p2b: Charizard
|-activate|p2b: Charizard|move: Protect
|move|p1b: Carlos|Kowtow Cleave|p2a: Toxapex
|-activate|p2a: Toxapex|move: Protect
|
|-heal|p2a: Toxapex|48/100|[from] item: Leftovers
|-damage|p1a: F key|81/100 tox|[from] psn
|-damage|p1b: Carlos|16/100|[from] move: Infestation|[partiallytrapped]
|upkeep
|turn|8
|inactive|natsukivgc has 30 seconds left.
|inactive|natsukivgc has 20 seconds left.
|
|t:|1786023965
|move|p2b: Charizard|Protect||[still]
|-fail|p2b: Charizard
|move|p1a: F key|Flip Turn|p2b: Charizard
|-supereffective|p2b: Charizard|1
|-crit|p2b: Charizard
|-damage|p2b: Charizard|0 fnt
|faint|p2b: Charizard
|
|t:|1786023968
|switch|p1a: Glicktten|Incineroar, L50, F|67/100|[from] Flip Turn
|-ability|p1a: Glicktten|Intimidate|boost
|-unboost|p2a: Toxapex|atk|1
|move|p1b: Carlos|Kowtow Cleave|p2a: Toxapex
|-damage|p2a: Toxapex|0 fnt
|faint|p2a: Toxapex
|
|-end|p1b: Carlos|Infestation|[partiallytrapped]|[silent]
|upkeep
|
|t:|1786023978
|switch|p2b: Garchomp|Garchomp, L50, F|100/100
|turn|9
|
|t:|1786023982
|move|p1a: Glicktten|Fake Out|p2b: Garchomp
|-damage|p2b: Garchomp|90/100
|-damage|p1a: Glicktten|54/100|[from] ability: Rough Skin|[of] p2b: Garchomp
|cant|p2b: Garchomp|flinch
|move|p1b: Carlos|Kowtow Cleave|p2b: Garchomp
|-damage|p2b: Garchomp|0 fnt
|-damage|p1b: Carlos|4/100|[from] ability: Rough Skin|[of] p2b: Garchomp
|faint|p2b: Garchomp
|
|win|nod-korai
|raw|nod-korai's rating: 1213 → 1239(+26 for winning)
|raw|natsukivgc's rating: 1221 → 1195(-26 for losing)
