|j|☆hp_45
|j|☆egeppl6no.1
|html|hp_45egeppl6no.1    
|uhtml|bestof|Game 3 of a best-of-3
|t:|1756442139
|gametype|doubles
|player|p1|hp_45|170|1071
|player|p2|egeppl6no.1|silver|1049
|gen|9
|tier|[Gen 9] VGC 2025 Reg H (Bo3)
|rated|
|rule|Species Clause: Limit one of each Pokémon
|rule|Item Clause: Limit 1 of each item
|clearpoke
|poke|p1|Bronzong, L50|
|poke|p1|Incineroar, L50, M|
|poke|p1|Amoonguss, L50, F|
|poke|p1|Primarina, L50, F|
|poke|p1|Ursaluna, L50, F|
|poke|p1|Gholdengo, L50|
|poke|p2|Gyarados, L50, M|
|poke|p2|Sneasler, L50, F|
|poke|p2|Indeedee, L50, M|
|poke|p2|Volcarona, L50, F|
|poke|p2|Ursaluna-Bloodmoon, L50, M|
|poke|p2|Tyranitar, L50, M|
|teampreview|4
|showteam|p1|Bronzong||CovertCloak|Levitate|TrickRoom,IceSpinner,GyroBall,Reflect||||||50|,,,,,Electric]Incineroar||SafetyGoggles|Intimidate|FakeOut,PartingShot,FlareBlitz,KnockOff|||M|||50|,,,,,Ghost]Amoonguss||SitrusBerry|Regenerator|Protect,Spore,RagePowder,PollenPuff|||F|||50|,,,,,Fairy]Primarina||LifeOrb|Torrent|Protect,HyperVoice,Moonblast,Haze|||F|||50|,,,,,Steel]Ursaluna||FlameOrb|Guts|Protect,Earthquake,Facade,HeadlongRush|||F|||50|,,,,,Dragon]Gholdengo||ChoiceSpecs|GoodasGold|MakeItRain,ShadowBall,Thunderbolt,DazzlingGleam||||||50|,,,,,Normal
|showteam|p2|Gyarados||SafetyGoggles|Intimidate|Taunt,ThunderWave,Waterfall,Protect|||M|||50|,,,,,Steel]Sneasler||PsychicSeed|Unburden|CloseCombat,DireClaw,ThroatChop,Protect|||F|||50|,,,,,Dark]Indeedee||ChoiceScarf|PsychicSurge|ExpandingForce,TeraBlast,Trick,Protect|||M|||50|,,,,,Psychic]Volcarona||SitrusBerry|FlameBody|Overheat,StruggleBug,RagePowder,Tailwind|||F|||50|,,,,,Grass]Ursaluna-Bloodmoon||LifeOrb|MindsEye|HyperVoice,BloodMoon,EarthPower,Protect|||M|||50|,,,,,Normal]Tyranitar||AssaultVest|SandStream|LowKick,TeraBlast,KnockOff,RockSlide|||M|||50|,,,,,Flying
|
|t:|1756442218
|teamsize|p1|4
|teamsize|p2|4
|start
|switch|p1a: Bronzong|Bronzong, L50|100/100
|switch|p1b: Gholdengo|Gholdengo, L50|100/100
|switch|p2a: Volcarona|Volcarona, L50, F, shiny|100/100
|switch|p2b: Tyranitar|Tyranitar, L50, M, shiny|100/100
|-weather|Sandstorm|[from] ability: Sand Stream|[of] p2b: Tyranitar
|turn|1
|inactive|Battle timer is ON: inactive players will automatically lose when time's up. (requested by hp_45)
|inactive|hp_45 has 60 seconds left.
|
|t:|1756442278
|switch|p1a: Ursaluna|Ursaluna, L50, F|100/100
|-terastallize|p1b: Gholdengo|Normal
|move|p2a: Volcarona|Overheat|p1a: Ursaluna
|-damage|p1a: Ursaluna|52/100
|-unboost|p2a: Volcarona|spa|2
|move|p1b: Gholdengo|Make It Rain|p2a: Volcarona|[spread] p2a,p2b
|-resisted|p2a: Volcarona
|-supereffective|p2b: Tyranitar
|-damage|p2a: Volcarona|68/100
|-damage|p2b: Tyranitar|44/100
|-unboost|p1b: Gholdengo|spa|1
|move|p2b: Tyranitar|Knock Off|p1a: Ursaluna
|-damage|p1a: Ursaluna|11/100
|-enditem|p1a: Ursaluna|Flame Orb|[from] move: Knock Off|[of] p2b: Tyranitar
|
|-weather|Sandstorm|[upkeep]
|-damage|p2a: Volcarona|61/100|[from] Sandstorm
|-damage|p1b: Gholdengo|95/100|[from] Sandstorm
|upkeep
|turn|2
|inactive|hp_45 has 30 seconds left.
|inactive|egeppl6no.1 has 30 seconds left.
|inactive|egeppl6no.1 has 20 seconds left.
|inactive|egeppl6no.1 has 15 seconds left.
|
|t:|1756442320
|move|p1a: Ursaluna|Protect|p1a: Ursaluna
|-singleturn|p1a: Ursaluna|Protect
|move|p2a: Volcarona|Overheat|p1a: Ursaluna
|-activate|p1a: Ursaluna|move: Protect
|move|p1b: Gholdengo|Make It Rain|p2b: Tyranitar|[spread] p2a,p2b
|-resisted|p2a: Volcarona
|-supereffective|p2b: Tyranitar
|-damage|p2a: Volcarona|41/100
|-damage|p2b: Tyranitar|5/100
|-unboost|p1b: Gholdengo|spa|1
|-enditem|p2a: Volcarona|Sitrus Berry|[eat]
|-heal|p2a: Volcarona|66/100|[from] item: Sitrus Berry
|move|p2b: Tyranitar|Low Kick|p1b: Gholdengo
|-supereffective|p1b: Gholdengo
|-damage|p1b: Gholdengo|48/100
|
|-weather|Sandstorm|[upkeep]
|-damage|p2a: Volcarona|59/100|[from] Sandstorm
|-damage|p1b: Gholdengo|43/100|[from] Sandstorm
|upkeep
|turn|3
|inactive|egeppl6no.1 has 30 seconds left.
|inactive|egeppl6no.1 has 20 seconds left.
|inactive|egeppl6no.1 has 15 seconds left.
|inactive|egeppl6no.1 has 10 seconds left.
|
|t:|1756442369
|switch|p1b: Bronzong|Bronzong, L50|100/100
|move|p2a: Volcarona|Tailwind|p2a: Volcarona
|-sidestart|p2: egeppl6no.1|move: Tailwind
|move|p2b: Tyranitar|Low Kick|p1b: Bronzong
|-damage|p1b: Bronzong|71/100
|move|p1a: Ursaluna|Earthquake|p2b: Tyranitar|[spread] p2a,p2b
|-immune|p1b: Bronzong|[from] ability: Levitate
|-supereffective|p2b: Tyranitar
|-damage|p2a: Volcarona|7/100
|-damage|p2b: Tyranitar|0 fnt
|faint|p2b: Tyranitar
|
|-weather|Sandstorm|[upkeep]
|-damage|p2a: Volcarona|1/100|[from] Sandstorm
|upkeep
|inactive|egeppl6no.1 has 30 seconds left.
|
|t:|1756442397
|switch|p2b: Ursaluna|Ursaluna-Bloodmoon, L50, M|100/100
|turn|4
|
|t:|1756442414
|-terastallize|p2b: Ursaluna|Normal
|move|p1a: Ursaluna|Protect|p1a: Ursaluna
|-singleturn|p1a: Ursaluna|Protect
|move|p2a: Volcarona|Overheat|p1b: Bronzong
|-supereffective|p1b: Bronzong
|-damage|p1b: Bronzong|18/100
|-unboost|p2a: Volcarona|spa|2
|move|p2b: Ursaluna|Hyper Voice|p1b: Bronzong|[spread] p1b
|-activate|p1a: Ursaluna|move: Protect
|-resisted|p1b: Bronzong
|-damage|p1b: Bronzong|0 fnt
|faint|p1b: Bronzong
|-damage|p2b: Ursaluna|91/100|[from] item: Life Orb
|
|-weather|Sandstorm|[upkeep]
|-damage|p2a: Volcarona|0 fnt|[from] Sandstorm
|-damage|p2b: Ursaluna|85/100|[from] Sandstorm
|faint|p2a: Volcarona
|upkeep
|inactive|hp_45 has 30 seconds left.
|
|t:|1756442439
|switch|p2a: Gyarados|Gyarados, L50, M, shiny|100/100
|switch|p1b: Gholdengo|Gholdengo, L50, tera:Normal|43/100
|-ability|p2a: Gyarados|Intimidate|boost
|-unboost|p1a: Ursaluna|atk|1
|-unboost|p1b: Gholdengo|atk|1
|turn|5
|
|t:|1756442460
|move|p2a: Gyarados|Waterfall|p1b: Gholdengo
|-damage|p1b: Gholdengo|5/100
|move|p2b: Ursaluna|Hyper Voice|p1b: Gholdengo|[spread] p1a,p1b
|-crit|p1b: Gholdengo
|-damage|p1a: Ursaluna|0 fnt
|-damage|p1b: Gholdengo|0 fnt
|faint|p1a: Ursaluna
|faint|p1b: Gholdengo
|-damage|p2b: Ursaluna|75/100|[from] item: Life Orb
|
|-weather|none
|upkeep
|inactive|hp_45 has 30 seconds left.
|
|t:|1756442486
|switch|p1a: Primarina|Primarina, L50, F|100/100
|turn|6
|c|☆egeppl6no.1|huh weird
|c|☆egeppl6no.1|you should've saved your dhengo
|inactive|egeppl6no.1 has 30 seconds left.
|inactive|egeppl6no.1 has 20 seconds left.
|inactive|egeppl6no.1 has 15 seconds left.
|
|t:|1756442526
|move|p2b: Ursaluna|Protect|p2b: Ursaluna
|-singleturn|p2b: Ursaluna|Protect
|move|p1a: Primarina|Protect|p1a: Primarina
|-singleturn|p1a: Primarina|Protect
|move|p2a: Gyarados|Thunder Wave|p1a: Primarina
|-activate|p1a: Primarina|move: Protect
|
|-sideend|p2: egeppl6no.1|move: Tailwind
|upkeep
|turn|7
|
|t:|1756442539
|move|p2a: Gyarados|Thunder Wave|p1a: Primarina
|-status|p1a: Primarina|par
|move|p2b: Ursaluna|Blood Moon|p1a: Primarina
|-damage|p1a: Primarina|0 fnt
|faint|p1a: Primarina
|-damage|p2b: Ursaluna|66/100|[from] item: Life Orb
|
|win|egeppl6no.1
|raw|hp_45's rating: 1071 → 1049(-22 for losing)
|raw|egeppl6no.1's rating: 1049 → 1084(+35 for winning)
|c|☆egeppl6no.1|dhengo was you wincon vs my ursaluna
|c|☆egeppl6no.1|your*
