|j|☆Garden Monke
|j|☆schickiniki
|html|Garden Monkeschickiniki    
|uhtml|bestof|Game 2 of a best-of-3
|t:|1784499766
|gametype|doubles
|player|p1|Garden Monke|giacomo|1170
|player|p2|schickiniki|psychic-gen4|1380
|gen|9
|tier|[Gen 9 Champions] VGC 2026 Reg M-B (Bo3)
|rated|
|rule|Species Clause: Limit one of each Pokémon
|rule|Item Clause: Limit 1 of each item
|clearpoke
|poke|p1|Incineroar, L50, M|
|poke|p1|Sinistcha, L50|
|poke|p1|Gengar, L50, F|
|poke|p1|Swampert, L50, M|
|poke|p1|Politoed, L50, M|
|poke|p1|Archaludon, L50, M|
|poke|p2|Dragonite, L50, M|
|poke|p2|Archaludon, L50, M|
|poke|p2|Pelipper, L50, M, shiny|
|poke|p2|Basculegion, L50, M|
|poke|p2|Metagross, L50, shiny|
|poke|p2|Meowscarada, L50, M|
|teampreview|4
|showteam|p1|Incineroar||PasshoBerry|Intimidate|ThroatChop,FakeOut,PartingShot,Protect|Sassy||M|||50|]Sinistcha||ColburBerry|Hospitality|MatchaGotcha,RagePowder,TrickRoom,Protect|Calm|||||50|]Gengar||Gengarite|CursedBody|ShadowBall,Disable,PerishSong,Protect|Timid||F|||50|]Swampert||Swampertite|Damp|WaveCrash,HighHorsepower,IcePunch,Protect|Adamant||M|||50|]Politoed||SitrusBerry|Drizzle|WeatherBall,Encore,PerishSong,Protect|Calm||M|||50|]Archaludon||Leftovers|Stamina|ElectroShot,DragonPulse,FlashCannon,Protect|Modest||M|||50|
|showteam|p2|Dragonite||Dragoninite|Multiscale|Protect,DragonPulse,Hurricane,Flamethrower|Modest||M|||50|]Archaludon||Leftovers|Stamina|Protect,ElectroShot,DragonPulse,AuraSphere|Modest||M|||50|]Pelipper||SitrusBerry|Drizzle|WideGuard,Tailwind,WeatherBall,Hurricane|Bold||M|||50|]Basculegion||LifeOrb|Adaptability|Protect,WaveCrash,LastRespects,AquaJet|Jolly||M|||50|]Metagross||Metagrossite|ClearBody|Protect,BulletPunch,PsychicFangs,BrickBreak|Adamant|||||50|]Meowscarada||FocusSash|Overgrow|Protect,FlowerTrick,SuckerPunch,TripleAxel|Adamant||M|||50|
|inactive|Battle timer is ON: inactive players will automatically lose when time's up. (requested by schickiniki)
|inactive|Garden Monke also wants the timer to be on.
|
|t:|1784499788
|teamsize|p1|4
|teamsize|p2|4
|start
|switch|p1a: Gengar|Gengar, L50, F|100/100
|switch|p1b: Incineroar|Incineroar, L50, M|100/100
|switch|p2a: Pelipper|Pelipper, L50, M, shiny|100/100
|switch|p2b: Archaludon|Archaludon, L50, M|100/100
|-weather|RainDance|[from] ability: Drizzle|[of] p2a: Pelipper
|-ability|p1b: Incineroar|Intimidate|boost
|-unboost|p2a: Pelipper|atk|1
|-unboost|p2b: Archaludon|atk|1
|turn|1
|inactive|Garden Monke has 30 seconds left.
|inactive|Garden Monke has 20 seconds left.
|inactive|Garden Monke has 15 seconds left.
|inactive|Garden Monke has 10 seconds left.
|
|t:|1784499834
|switch|p2b: Basculegion|Basculegion, L50, M|100/100
|detailschange|p1a: Gengar|Gengar-Mega, L50, F
|-mega|p1a: Gengar|Gengar|Gengarite
|move|p1a: Gengar|Shadow Ball|p2b: Basculegion
|-supereffective|p2b: Basculegion|1
|-damage|p2b: Basculegion|0 fnt
|faint|p2b: Basculegion
|move|p2a: Pelipper|Tailwind|p2a: Pelipper
|-sidestart|p2: schickiniki|move: Tailwind
|move|p1b: Incineroar|Throat Chop|p2a: Pelipper
|-damage|p2a: Pelipper|71/100
|-start|p2a: Pelipper|Throat Chop|[silent]
|
|-weather|RainDance|[upkeep]
|upkeep
|
|t:|1784499846
|switch|p2b: Archaludon|Archaludon, L50, M|100/100
|turn|2
|
|t:|1784499858
|move|p1a: Gengar|Protect|p1a: Gengar
|-singleturn|p1a: Gengar|Protect
|move|p2b: Archaludon|Electro Shot||[still]
|-prepare|p2b: Archaludon|Electro Shot
|-boost|p2b: Archaludon|spa|1
|-anim|p2b: Archaludon|Electro Shot|p1a: Gengar
|-activate|p1a: Gengar|move: Protect
|move|p2a: Pelipper|Hurricane|p1a: Gengar
|-activate|p1a: Gengar|move: Protect
|move|p1b: Incineroar|Parting Shot|p2b: Archaludon
|-unboost|p2b: Archaludon|atk|1
|-unboost|p2b: Archaludon|spa|1
|
|t:|1784499875
|switch|p1b: Sinistcha|Sinistcha, L50|100/100|[from] Parting Shot
|
|-weather|RainDance|[upkeep]
|-end|p2a: Pelipper|Throat Chop|[silent]
|upkeep
|turn|3
|
|t:|1784499889
|move|p1b: Sinistcha|Rage Powder|p1b: Sinistcha
|-singleturn|p1b: Sinistcha|move: Rage Powder
|move|p2b: Archaludon|Electro Shot||[still]
|-prepare|p2b: Archaludon|Electro Shot
|-boost|p2b: Archaludon|spa|1
|-anim|p2b: Archaludon|Electro Shot|p1b: Sinistcha
|-resisted|p1b: Sinistcha|1
|-damage|p1b: Sinistcha|74/100
|move|p1a: Gengar|Perish Song|p1a: Gengar
|-start|p1a: Gengar|perish3|[silent]
|-start|p1b: Sinistcha|perish3|[silent]
|-start|p2a: Pelipper|perish3|[silent]
|-start|p2b: Archaludon|perish3|[silent]
|-fieldactivate|move: Perish Song
|move|p2a: Pelipper|Hurricane|p1b: Sinistcha
|-supereffective|p1b: Sinistcha|1
|-damage|p1b: Sinistcha|11/100
|
|-weather|RainDance|[upkeep]
|-start|p2b: Archaludon|perish3
|-start|p1a: Gengar|perish3
|-start|p2a: Pelipper|perish3
|-start|p1b: Sinistcha|perish3
|upkeep
|turn|4
|
|t:|1784499908
|move|p1a: Gengar|Protect|p1a: Gengar
|-singleturn|p1a: Gengar|Protect
|move|p1b: Sinistcha|Protect|p1b: Sinistcha
|-singleturn|p1b: Sinistcha|Protect
|move|p2b: Archaludon|Electro Shot||[still]
|-prepare|p2b: Archaludon|Electro Shot
|-boost|p2b: Archaludon|spa|1
|-anim|p2b: Archaludon|Electro Shot|p1a: Gengar
|-activate|p1a: Gengar|move: Protect
|move|p2a: Pelipper|Hurricane|p1b: Sinistcha
|-activate|p1b: Sinistcha|move: Protect
|
|-weather|RainDance|[upkeep]
|-start|p2b: Archaludon|perish2
|-start|p1a: Gengar|perish2
|-start|p2a: Pelipper|perish2
|-start|p1b: Sinistcha|perish2
|-sideend|p2: schickiniki|move: Tailwind
|upkeep
|turn|5
|
|t:|1784499924
|move|p1b: Sinistcha|Rage Powder|p1b: Sinistcha
|-singleturn|p1b: Sinistcha|move: Rage Powder
|move|p1a: Gengar|Disable|p2b: Archaludon
|-start|p2b: Archaludon|Disable|Electro Shot
|cant|p2b: Archaludon|Disable|Electro Shot
|move|p2a: Pelipper|Tailwind|p2a: Pelipper
|-sidestart|p2: schickiniki|move: Tailwind
|
|-weather|none
|-start|p2b: Archaludon|perish1
|-start|p1a: Gengar|perish1
|-start|p2a: Pelipper|perish1
|-start|p1b: Sinistcha|perish1
|upkeep
|turn|6
|-message|schickiniki forfeited.
|
|win|Garden Monke
|l|☆schickiniki
|player|p2|
||Garden Monke is ready for game 3.
||schickiniki is ready for game 3.
|uhtml|next|Next: Game 3 of 3
