|j|☆enfermera saturada
|j|☆fili53
|html|enfermera saturadafili53    
|uhtml|bestof|Game 2 of a best-of-3
|t:|1754333258
|gametype|doubles
|player|p1|enfermera saturada|nurse|1171
|player|p2|fili53|cress|1183
|gen|9
|tier|[Gen 9] VGC 2025 Reg H (Bo3)
|rated|
|rule|Species Clause: Limit one of each Pokémon
|rule|Item Clause: Limit 1 of each item
|clearpoke
|poke|p1|Baxcalibur, L50, F|
|poke|p1|Dondozo, L50, M|
|poke|p1|Kingambit, L50, M|
|poke|p1|Rillaboom, L50, M|
|poke|p1|Sneasler, L50, F|
|poke|p1|Volcarona, L50, M|
|poke|p2|Charizard, L50, F|
|poke|p2|Torkoal, L50, F|
|poke|p2|Porygon2, L50|
|poke|p2|Ursaluna, L50, M|
|poke|p2|Incineroar, L50, M|
|poke|p2|Jumpluff, L50, M|
|teampreview|4
|showteam|p1|Baxcalibur||LoadedDice|ThermalExchange|Protect,IcicleSpear,ScaleShot,IceShard|||F|||50|,,,,,Ghost]Dondozo||Leftovers|Unaware|Protect,Liquidation,Yawn,Fissure|||M|||50|,,,,,Bug]Kingambit||SafetyGoggles|Defiant|Protect,KowtowCleave,SuckerPunch,SwordsDance|||M|||50|,,,,,Ghost]Rillaboom||AssaultVest|GrassySurge|WoodHammer,GrassyGlide,FakeOut,HighHorsepower|||M|||50|,,,,,Water]Sneasler||FocusSash|Unburden|Protect,CloseCombat,DireClaw,Coaching|||F|||50|,,,,,Stellar]Volcarona||CovertCloak|FlameBody|HeatWave,TeraBlast,QuiverDance,RagePowder|||M|||50|,,,,,Fairy
|showteam|p2|Charizard||ChoiceSpecs|SolarPower|HeatWave,WeatherBall,Overheat,AirSlash|||F|||50|,,,,,Ghost]Torkoal||EjectPack|Drought|HelpingHand,Eruption,Overheat,Protect|||F|||50|,,,,,Fire]Porygon2||Eviolite|Download|TeraBlast,IceBeam,Recover,TrickRoom||||||50|,,,,,Fighting]Ursaluna||FlameOrb|Guts|Facade,HeadlongRush,Earthquake,Protect|||M|||50|,,,,,Ghost]Incineroar||SitrusBerry|Intimidate|FakeOut,FlareBlitz,KnockOff,PartingShot|||M|||50|,,,,,Ghost]Jumpluff||CovertCloak|Chlorophyll|SleepPowder,SunnyDay,Tailwind,RagePowder|||M|||50|,,,,,Water
|inactive|Battle timer is ON: inactive players will automatically lose when time's up. (requested by enfermera saturada)
|inactive|fili53 has 60 seconds left.
|
|t:|1754333325
|teamsize|p1|4
|teamsize|p2|4
|start
|switch|p1a: Sneasler|Sneasler, L50, F|100/100
|switch|p1b: Kingambit|Kingambit, L50, M|100/100
|switch|p2a: Jumpluff|Jumpluff, L50, M|100/100
|switch|p2b: Torkoal|Torkoal, L50, F|100/100
|-weather|SunnyDay|[from] ability: Drought|[of] p2b: Torkoal
|turn|1
|inactive|fili53 has 30 seconds left.
|
|t:|1754333355
|-terastallize|p1b: Kingambit|Ghost
|move|p2a: Jumpluff|Sleep Powder|p1a: Sneasler
|-status|p1a: Sneasler|slp|[from] move: Sleep Powder
|cant|p1a: Sneasler|slp
|move|p1b: Kingambit|Swords Dance|p1b: Kingambit
|-boost|p1b: Kingambit|atk|2
|move|p2b: Torkoal|Overheat|p1b: Kingambit
|-crit|p1b: Kingambit
|-damage|p1b: Kingambit|0 fnt
|-unboost|p2b: Torkoal|spa|2
|faint|p1b: Kingambit
|-enditem|p2b: Torkoal|Eject Pack
|
|t:|1754333366
|switch|p2b: Charizard|Charizard, L50, F|100/100
|
|-weather|SunnyDay|[upkeep]
|-damage|p2b: Charizard|88/100|[from] ability: Solar Power|[of] p2b: Charizard
|upkeep
|
|t:|1754333385
|switch|p1b: Baxcalibur|Baxcalibur, L50, F|100/100
|turn|2
|inactive|fili53 has 30 seconds left.
|inactive|fili53 has 20 seconds left.
|
|t:|1754333423
|move|p1b: Baxcalibur|Protect|p1b: Baxcalibur
|-singleturn|p1b: Baxcalibur|Protect
|move|p2a: Jumpluff|Tailwind|p2a: Jumpluff
|-sidestart|p2: fili53|move: Tailwind
|move|p2b: Charizard|Weather Ball|p1b: Baxcalibur
|-activate|p1b: Baxcalibur|move: Protect
|cant|p1a: Sneasler|slp
|
|-weather|SunnyDay|[upkeep]
|-damage|p2b: Charizard|76/100|[from] ability: Solar Power|[of] p2b: Charizard
|upkeep
|turn|3
|inactive|enfermera saturada has 30 seconds left.
|
|t:|1754333451
|move|p2a: Jumpluff|Rage Powder|p2a: Jumpluff
|-singleturn|p2a: Jumpluff|move: Rage Powder
|move|p1b: Baxcalibur|Ice Shard|p2a: Jumpluff
|-supereffective|p2a: Jumpluff
|-damage|p2a: Jumpluff|0 fnt
|faint|p2a: Jumpluff
|move|p2b: Charizard|Weather Ball|p1b: Baxcalibur
|-damage|p1b: Baxcalibur|0 fnt
|faint|p1b: Baxcalibur
|-curestatus|p1a: Sneasler|slp|[msg]
|move|p1a: Sneasler|Dire Claw|p2b: Charizard
|-damage|p2b: Charizard|13/100
|
|-weather|SunnyDay|[upkeep]
|-damage|p2b: Charizard|0 fnt|[from] ability: Solar Power|[of] p2b: Charizard
|faint|p2b: Charizard
|upkeep
|
|t:|1754333469
|switch|p2a: Torkoal|Torkoal, L50, F|100/100
|switch|p2b: Ursaluna|Ursaluna, L50, M|100/100
|switch|p1b: Rillaboom|Rillaboom, L50, M|100/100
|-fieldstart|move: Grassy Terrain|[from] ability: Grassy Surge|[of] p1b: Rillaboom
|turn|4
|inactive|fili53 has 30 seconds left.
|inactive|fili53 has 20 seconds left.
|inactive|fili53 has 15 seconds left.
|inactive|fili53 has 10 seconds left.
|
|t:|1754333515
|-terastallize|p2b: Ursaluna|Ghost
|move|p2a: Torkoal|Helping Hand|p2b: Ursaluna
|-singleturn|p2b: Ursaluna|Helping Hand|[of] p2a: Torkoal
|move|p1b: Rillaboom|Fake Out|p2a: Torkoal
|-damage|p2a: Torkoal|90/100
|move|p1a: Sneasler|Coaching|p1b: Rillaboom
|-boost|p1b: Rillaboom|atk|1
|-boost|p1b: Rillaboom|def|1
|move|p2b: Ursaluna|Earthquake|p1a: Sneasler|[spread] p2a,p1a,p1b
|-supereffective|p2a: Torkoal
|-supereffective|p1a: Sneasler
|-resisted|p1b: Rillaboom
|-damage|p2a: Torkoal|39/100
|-enditem|p1a: Sneasler|Focus Sash
|-damage|p1a: Sneasler|1/100
|-damage|p1b: Rillaboom|90/100
|
|-weather|SunnyDay|[upkeep]
|-heal|p1a: Sneasler|7/100|[from] Grassy Terrain
|-heal|p1b: Rillaboom|96/100|[from] Grassy Terrain
|-heal|p2a: Torkoal|45/100|[from] Grassy Terrain
|-status|p2b: Ursaluna|brn|[from] item: Flame Orb
|upkeep
|turn|5
|inactive|enfermera saturada has 30 seconds left.
|inactive|enfermera saturada has 20 seconds left.
|inactive|enfermera saturada has 15 seconds left.
|inactive|enfermera saturada has 10 seconds left.
|
|t:|1754333564
|move|p2a: Torkoal|Helping Hand|p2b: Ursaluna
|-singleturn|p2b: Ursaluna|Helping Hand|[of] p2a: Torkoal
|move|p1a: Sneasler|Coaching|p1b: Rillaboom
|-boost|p1b: Rillaboom|atk|1
|-boost|p1b: Rillaboom|def|1
|move|p2b: Ursaluna|Facade|p1b: Rillaboom
|-damage|p1b: Rillaboom|5/100
|move|p1b: Rillaboom|High Horsepower|p2a: Torkoal
|-supereffective|p2a: Torkoal
|-damage|p2a: Torkoal|0 fnt
|faint|p2a: Torkoal
|
|-weather|none
|-heal|p1a: Sneasler|13/100|[from] Grassy Terrain
|-heal|p1b: Rillaboom|11/100|[from] Grassy Terrain
|-damage|p2b: Ursaluna|95/100 brn|[from] brn
|-sideend|p2: fili53|move: Tailwind
|upkeep
|turn|6
|inactive|enfermera saturada has 30 seconds left.
|
|t:|1754333592
|move|p1a: Sneasler|Coaching|p1b: Rillaboom
|-boost|p1b: Rillaboom|atk|1
|-boost|p1b: Rillaboom|def|1
|move|p1b: Rillaboom|Wood Hammer|p2b: Ursaluna
|-damage|p2b: Ursaluna|0 fnt
|faint|p2b: Ursaluna
|-damage|p1b: Rillaboom|0 fnt|[from] Recoil
|faint|p1b: Rillaboom
|
|win|enfermera saturada
|raw|enfermera saturada's rating: 1171 → 1197(+26 for winning)
|raw|fili53's rating: 1183 → 1157(-26 for losing)
|l|☆fili53
|player|p2|
