|j|☆thepokecrafter13
|j|☆M9RBLEST6R
|html|thepokecrafter13M9RBLEST6R    
|uhtml|bestof|Game 2 of a best-of-3
|t:|1783359374
|gametype|doubles
|player|p1|thepokecrafter13|2|
|player|p2|M9RBLEST6R|hilda-wonderlauncher|
|gen|9
|tier|[Gen 9 Champions] VGC 2026 Reg M-B (Bo3)
|rule|Species Clause: Limit one of each Pokémon
|rule|Item Clause: Limit 1 of each item
|clearpoke
|poke|p1|Garchomp, L50, M|
|poke|p1|Kingambit, L50, F|
|poke|p1|Milotic, L50, M|
|poke|p1|Whimsicott, L50, M|
|poke|p1|Charizard, L50, F|
|poke|p1|Sneasler, L50, M|
|poke|p2|Zoroark-Hisui, L50, M, shiny|
|poke|p2|Klefki, L50, M|
|poke|p2|Scizor, L50, F|
|poke|p2|Milotic, L50, M|
|poke|p2|Roserade, L50, F, shiny|
|poke|p2|Incineroar, L50, F|
|teampreview|4
|showteam|p1|Garchomp||YacheBerry|RoughSkin|Earthquake,DragonClaw,SwordsDance,IronHead|Jolly||M|||50|]Kingambit||BlackGlasses|SupremeOverlord|KowtowCleave,SuckerPunch,IronHead,LowKick|Adamant||F|||50|]Milotic||Leftovers|Competitive|Scald,Recover,IceBeam,Hypnosis|Bold||M|||50|]Whimsicott||MentalHerb|Prankster|Encore,Moonblast,Tailwind,Taunt|Bold||M|||50|]Charizard||CharizarditeY|Blaze|WeatherBall,SolarBeam,ScorchingSands,FocusBlast|Timid||F|||50|]Sneasler||FocusSash|Unburden|DireClaw,CloseCombat,FakeOut,Uturn|Adamant||M|||50|
|showteam|p2|Zoroark-Hisui||FocusSash|Illusion|IcyWind,PhantomForce,BitterMalice,ShadowBall|Hasty||M|||50|]Klefki||LightClay|Prankster|LightScreen,PlayRough,Protect,Reflect|Brave||M|||50|]Scizor||Scizorite|Technician|AerialAce,Uturn,KnockOff,BulletPunch|Adamant||F|||50|]Milotic||Leftovers|Competitive|IcyWind,HydroPump,AlluringVoice,Recover|Modest||M|||50|]Roserade||BrightPowder|NaturalCure|StunSpore,SludgeBomb,PetalDance,Protect|Modest||F|||50|]Incineroar||BlackGlasses|Intimidate|BulkUp,DarkestLariat,FakeOut,FlareBlitz|Adamant||F|||50|
|
|t:|1783359403
|teamsize|p1|4
|teamsize|p2|4
|start
|switch|p1a: Sneasler|Sneasler, L50, M|100/100
|switch|p1b: Charizard|Charizard, L50, F|100/100
|switch|p2a: Milotic|Milotic, L50, M|100/100
|switch|p2b: Whiskers|Incineroar, L50, F|100/100
|-ability|p2b: Whiskers|Intimidate|boost
|-unboost|p1a: Sneasler|atk|1
|-unboost|p1b: Charizard|atk|1
|turn|1
|
|t:|1783359419
|detailschange|p1b: Charizard|Charizard-Mega-Y, L50, F
|-mega|p1b: Charizard|Charizard|Charizardite Y
|-weather|SunnyDay|[from] ability: Drought|[of] p1b: Charizard
|move|p1a: Sneasler|Fake Out|p2b: Whiskers
|-damage|p2b: Whiskers|89/100
|cant|p2b: Whiskers|flinch
|move|p1b: Charizard|Solar Beam||[still]
|-prepare|p1b: Charizard|Solar Beam
|-anim|p1b: Charizard|Solar Beam|p2a: Milotic
|-supereffective|p2a: Milotic|1
|-damage|p2a: Milotic|27/100
|move|p2a: Milotic|Hydro Pump|p1b: Charizard
|-supereffective|p1b: Charizard|1
|-damage|p1b: Charizard|51/100
|
|-weather|SunnyDay|[upkeep]
|-heal|p2a: Milotic|33/100|[from] item: Leftovers
|upkeep
|turn|2
|
|t:|1783359444
|move|p1a: Sneasler|Close Combat|p2b: Whiskers
|-supereffective|p2b: Whiskers|1
|-damage|p2b: Whiskers|0 fnt
|-unboost|p1a: Sneasler|def|1
|-unboost|p1a: Sneasler|spd|1
|faint|p2b: Whiskers
|move|p1b: Charizard|Solar Beam||[still]
|-prepare|p1b: Charizard|Solar Beam
|-anim|p1b: Charizard|Solar Beam|p2a: Milotic
|-supereffective|p2a: Milotic|1
|-damage|p2a: Milotic|0 fnt
|faint|p2a: Milotic
|
|-weather|SunnyDay|[upkeep]
|upkeep
|
|t:|1783359461
|switch|p2b: Scizor|Scizor, L50, F|100/100
|switch|p2a: Scizor|Scizor, L50, F|100/100
|turn|3
|
|t:|1783359508
|move|p1a: Sneasler|Close Combat|p2b: Scizor
|-damage|p2b: Scizor|47/100
|-unboost|p1a: Sneasler|def|1
|-unboost|p1a: Sneasler|spd|1
|move|p1b: Charizard|Weather Ball|p2b: Scizor
|-supereffective|p2b: Scizor|2
|-damage|p2b: Scizor|0 fnt
|faint|p2b: Scizor
|move|p2a: Scizor|Phantom Force||[still]
|-prepare|p2a: Scizor|Phantom Force
|
|-weather|SunnyDay|[upkeep]
|upkeep
|turn|4
|
|t:|1783359530
|move|p1a: Sneasler|Dire Claw|p2a: Scizor|[miss]
|-miss|p1a: Sneasler|p2a: Scizor
|move|p1b: Charizard|Weather Ball|p2a: Scizor|[miss]
|-miss|p1b: Charizard|p2a: Scizor
|move|p2a: Scizor|Phantom Force|p1b: Charizard|[from] lockedmove
|-damage|p1b: Charizard|3/100
|
|-weather|SunnyDay|[upkeep]
|upkeep
|turn|5
|
|t:|1783359545
|move|p1a: Sneasler|Dire Claw|p2a: Scizor
|-resisted|p2a: Scizor|1
|-damage|p2a: Scizor|70/100
|replace|p2a: Fallible|Zoroark-Hisui, L50, M, shiny
|-end|p2a: Fallible|Illusion
|move|p1b: Charizard|Weather Ball|p2a: Fallible
|-damage|p2a: Fallible|0 fnt
|faint|p2a: Fallible
|
|win|thepokecrafter13
|l|☆M9RBLEST6R
|player|p2|
