|j|☆Rokesaurio
|j|☆rojo53
|html|Rokesauriorojo53    
|uhtml|bestof|Game 2 of a best-of-3
|t:|1782294502
|gametype|doubles
|player|p1|Rokesaurio|pokemaniac|
|player|p2|rojo53|skier|
|gen|9
|tier|[Gen 9 Champions] VGC 2026 Reg M-B (Bo3)
|rule|Species Clause: Limit one of each Pokémon
|rule|Item Clause: Limit 1 of each item
|clearpoke
|poke|p1|Sinistcha, L50|
|poke|p1|Swampert, L50, M|
|poke|p1|Sableye, L50, F|
|poke|p1|Archaludon, L50, M|
|poke|p1|Pelipper, L50, M|
|poke|p1|Incineroar, L50, F|
|poke|p2|Meganium, L50, F|
|poke|p2|Kingambit, L50, M|
|poke|p2|Sneasler, L50, M|
|poke|p2|Hydreigon, L50, F|
|poke|p2|Delphox, L50, M|
|poke|p2|Farigiraf, L50, M|
|teampreview|4
|showteam|p1|Sinistcha||SitrusBerry|Hospitality|MatchaGotcha,Protect,RagePowder,LifeDew|Bold|||||50|]Swampert||Swampertite|Damp|WaveCrash,HighHorsepower,Protect,IcePunch|Adamant||M|||50|]Sableye||LightClay|Prankster|LightScreen,WillOWisp,Reflect,RainDance|Relaxed||F|||50|]Archaludon||Leftovers|Stamina|ElectroShot,DragonPulse,FlashCannon,Protect|Modest||M|||50|]Pelipper||FocusSash|Drizzle|Hurricane,WeatherBall,Tailwind,Protect|Modest||M|||50|]Incineroar||ChopleBerry|Intimidate|FakeOut,FlareBlitz,ThroatChop,PartingShot|Careful||F|||50|
|showteam|p2|Meganium||Meganiumite|Overgrow|WeatherBall,DazzlingGleam,SolarBeam,Protect|Modest||F|||50|]Kingambit||BlackGlasses|Defiant|KowtowCleave,SuckerPunch,IronHead,Protect|Adamant||M|||50|]Sneasler||FocusSash|Unburden|CloseCombat,DireClaw,FakeOut,Protect|Adamant||M|||50|]Hydreigon||DragonFang|Levitate|DracoMeteor,Snarl,Tailwind,Protect|Timid||F|||50|]Delphox||Delphoxite|Blaze|HeatWave,Psychic,DazzlingGleam,Protect|Timid||M|||50|]Farigiraf||SitrusBerry|ArmorTail|TwinBeam,HyperVoice,Protect,TrickRoom|Relaxed||M|||50|
|inactive|Battle timer is ON: inactive players will automatically lose when time's up. (requested by Rokesaurio)
|inactive|Rokesaurio has 60 seconds left.
|
|t:|1782294543
|teamsize|p1|4
|teamsize|p2|4
|start
|switch|p1a: Swampert|Swampert, L50, M|100/100
|switch|p1b: Pelipper|Pelipper, L50, M|100/100
|switch|p2a: Hydreigon|Hydreigon, L50, F|100/100
|switch|p2b: Kingambit|Kingambit, L50, M|100/100
|-weather|RainDance|[from] ability: Drizzle|[of] p1b: Pelipper
|turn|1
|
|t:|1782294559
|detailschange|p1a: Swampert|Swampert-Mega, L50, M
|-mega|p1a: Swampert|Swampert|Swampertite
|move|p2b: Kingambit|Sucker Punch|p1a: Swampert
|-damage|p1a: Swampert|58/100
|move|p1a: Swampert|Ice Punch|p2a: Hydreigon
|-supereffective|p2a: Hydreigon|1
|-damage|p2a: Hydreigon|41/100
|-status|p2a: Hydreigon|frz
|-curestatus|p2a: Hydreigon|frz|[msg]
|move|p2a: Hydreigon|Draco Meteor|p1a: Swampert
|-damage|p1a: Swampert|0 fnt
|-unboost|p2a: Hydreigon|spa|2
|faint|p1a: Swampert
|move|p1b: Pelipper|Weather Ball|p2b: Kingambit
|-damage|p2b: Kingambit|34/100
|
|-weather|RainDance|[upkeep]
|upkeep
|
|t:|1782294571
|switch|p1a: Archaludon|Archaludon, L50, M|100/100
|turn|2
|
|t:|1782294581
|move|p2a: Hydreigon|Snarl|p1a: Archaludon|[spread] p1a,p1b
|-damage|p1a: Archaludon|90/100
|-damage|p1b: Pelipper|83/100
|-unboost|p1a: Archaludon|spa|1
|-unboost|p1b: Pelipper|spa|1
|-ability|p1a: Archaludon|Stamina|boost
|-boost|p1a: Archaludon|def|1
|move|p1b: Pelipper|Tailwind|p1b: Pelipper
|-sidestart|p1: Rokesaurio|move: Tailwind
|move|p1a: Archaludon|Electro Shot||[still]
|-prepare|p1a: Archaludon|Electro Shot
|-boost|p1a: Archaludon|spa|1
|-anim|p1a: Archaludon|Electro Shot|p2b: Kingambit
|-damage|p2b: Kingambit|0 fnt
|faint|p2b: Kingambit
|
|-weather|RainDance|[upkeep]
|-heal|p1a: Archaludon|96/100|[from] item: Leftovers
|upkeep
|
|t:|1782294594
|switch|p2b: Sneasler|Sneasler, L50, M|100/100
|turn|3
|
|t:|1782294618
|move|p2a: Hydreigon|Protect|p2a: Hydreigon
|-singleturn|p2a: Hydreigon|Protect
|move|p2b: Sneasler|Fake Out|p1b: Pelipper
|-damage|p1b: Pelipper|64/100
|cant|p1b: Pelipper|flinch
|move|p1a: Archaludon|Dragon Pulse|p2a: Hydreigon
|-activate|p2a: Hydreigon|move: Protect
|
|-weather|RainDance|[upkeep]
|-heal|p1a: Archaludon|100/100|[from] item: Leftovers
|upkeep
|turn|4
|
|t:|1782294638
|switch|p2a: Meganium|Meganium, L50, F|100/100
|move|p1b: Pelipper|Hurricane|p2b: Sneasler
|-supereffective|p2b: Sneasler|1
|-damage|p2b: Sneasler|3/100
|move|p1a: Archaludon|Dragon Pulse|p2a: Meganium
|-damage|p2a: Meganium|63/100
|move|p2b: Sneasler|Dire Claw|p1b: Pelipper
|-damage|p1b: Pelipper|3/100
|-status|p1b: Pelipper|psn
|
|-weather|RainDance|[upkeep]
|-damage|p1b: Pelipper|0 fnt|[from] psn
|faint|p1b: Pelipper
|upkeep
|
|t:|1782294642
|switch|p1b: Sinistcha|Sinistcha, L50|100/100
|turn|5
|
|t:|1782294656
|move|p2a: Meganium|Protect|p2a: Meganium
|-singleturn|p2a: Meganium|Protect
|move|p1a: Archaludon|Flash Cannon|p2a: Meganium
|-activate|p2a: Meganium|move: Protect
|move|p1b: Sinistcha|Matcha Gotcha|p2a: Meganium|[spread] 
|-activate|p2a: Meganium|move: Protect
|-miss|p1b: Sinistcha|p2b: Sneasler
|move|p2b: Sneasler|Dire Claw|p1b: Sinistcha
|-crit|p1b: Sinistcha
|-damage|p1b: Sinistcha|43/100
|-enditem|p1b: Sinistcha|Sitrus Berry|[eat]
|-heal|p1b: Sinistcha|68/100|[from] item: Sitrus Berry
|
|-weather|none
|-sideend|p1: Rokesaurio|move: Tailwind
|upkeep
|turn|6
|
|t:|1782294674
|move|p1b: Sinistcha|Rage Powder|p1b: Sinistcha
|-singleturn|p1b: Sinistcha|move: Rage Powder
|move|p2b: Sneasler|Dire Claw|p1b: Sinistcha
|-damage|p1b: Sinistcha|31/100
|move|p2a: Meganium|Dazzling Gleam|p1b: Sinistcha|[spread] p1a,p1b
|-damage|p1a: Archaludon|84/100
|-damage|p1b: Sinistcha|16/100
|-ability|p1a: Archaludon|Stamina|boost
|-boost|p1a: Archaludon|def|1
|move|p1a: Archaludon|Flash Cannon|p2a: Meganium
|-damage|p2a: Meganium|23/100
|-unboost|p2a: Meganium|spd|1
|
|-heal|p1a: Archaludon|90/100|[from] item: Leftovers
|upkeep
|turn|7
|
|t:|1782294694
|detailschange|p2a: Meganium|Meganium-Mega, L50, F
|-mega|p2a: Meganium|Meganium|Meganiumite
|move|p1b: Sinistcha|Protect|p1b: Sinistcha
|-singleturn|p1b: Sinistcha|Protect
|move|p2b: Sneasler|Dire Claw|p1b: Sinistcha
|-activate|p1b: Sinistcha|move: Protect
|move|p2a: Meganium|Weather Ball|p1a: Archaludon
|-damage|p1a: Archaludon|27/100
|-ability|p1a: Archaludon|Stamina|boost
|-boost|p1a: Archaludon|def|1
|move|p1a: Archaludon|Dragon Pulse|p2b: Sneasler
|-damage|p2b: Sneasler|0 fnt
|faint|p2b: Sneasler
|
|-heal|p1a: Archaludon|33/100|[from] item: Leftovers
|upkeep
|
|t:|1782294700
|switch|p2b: Hydreigon|Hydreigon, L50, F|41/100
|turn|8
|
|t:|1782294724
|move|p2b: Hydreigon|Draco Meteor|p1a: Archaludon
|-damage|p1a: Archaludon|0 fnt
|-unboost|p2b: Hydreigon|spa|2
|faint|p1a: Archaludon
|move|p2a: Meganium|Dazzling Gleam|p1b: Sinistcha
|-damage|p1b: Sinistcha|0 fnt
|faint|p1b: Sinistcha
|
|win|rojo53
|c|☆Rokesaurio|gg
|c|☆rojo53|Gg
