|j|☆Fedex 27
|j|☆serbol03
|html|Fedex 27serbol03    
|uhtml|bestof|Game 3 of a best-of-3
|t:|1756400422
|gametype|doubles
|player|p1|Fedex 27|will|1158
|player|p2|serbol03|169|1253
|gen|9
|tier|[Gen 9] VGC 2025 Reg H (Bo3)
|rated|
|rule|Species Clause: Limit one of each Pokémon
|rule|Item Clause: Limit 1 of each item
|clearpoke
|poke|p1|Ninetales-Alola, L50, F|
|poke|p1|Dragonite, L50, F|
|poke|p1|Gholdengo, L50|
|poke|p1|Magmar, L50, F|
|poke|p1|Annihilape, L50, M|
|poke|p1|Ursaluna-Bloodmoon, L50, M|
|poke|p2|Dragapult, L50, M|
|poke|p2|Sneasler, L50, M|
|poke|p2|Kingambit, L50, M|
|poke|p2|Primarina, L50, F|
|poke|p2|Magmar, L50, F|
|poke|p2|Rillaboom, L50, F|
|teampreview|4
|showteam|p1|Ninetales-Alola||LightClay|SnowWarning|AuroraVeil,Blizzard,IceBeam,Encore|||F|||50|,,,,,Ghost]Dragonite||LoadedDice|Multiscale|ScaleShot,IceSpinner,ExtremeSpeed,Protect|||F|||50|,,,,,Normal]Gholdengo||MetalCoat|GoodasGold|MakeItRain,Protect,ShadowBall,NastyPlot||||||50|,,,,,Dragon]Magmar||Eviolite|FlameBody|FollowMe,HeatWave,Protect,WillOWisp|||F|||50|,,,,,Ghost]Annihilape||SafetyGoggles|Defiant|DrainPunch,BulkUp,Protect,RageFist|||M|||50|,,,,,Fire]Ursaluna-Bloodmoon||AssaultVest|MindsEye|BloodMoon,EarthPower,VacuumWave,HyperVoice|||M|||50|,,,,,Water
|showteam|p2|Dragapult||ChoiceBand|ClearBody|DragonDarts,PhantomForce,Outrage,Uturn|||M|||50|,,,,,Dragon]Sneasler||FocusSash|Unburden|CloseCombat,DireClaw,FakeOut,Protect|||M|||50|,,,,,Ghost]Kingambit||BlackGlasses|Defiant|KowtowCleave,SuckerPunch,SwordsDance,Protect|||M|||50|,,,,,Dark]Primarina||ThroatSpray|LiquidVoice|HyperVoice,Moonblast,Haze,Protect|||F|||50|,,,,,Poison]Magmar||Eviolite|VitalSpirit|Overheat,WillOWisp,FollowMe,Protect|||F|||50|,,,,,Ghost]Rillaboom||AssaultVest|GrassySurge|WoodHammer,GrassyGlide,HighHorsepower,FakeOut|||F|||50|,,,,,Fire
|inactive|Battle timer is ON: inactive players will automatically lose when time's up. (requested by Fedex 27)
|inactive|Fedex 27 has 60 seconds left.
|inactive|serbol03 has 60 seconds left.
|
|t:|1756400465
|teamsize|p1|4
|teamsize|p2|4
|start
|switch|p1a: Magmar|Magmar, L50, F|100/100
|switch|p1b: Ursaluna|Ursaluna-Bloodmoon, L50, M|100/100
|switch|p2a: Magmar|Magmar, L50, F|100/100
|switch|p2b: Primarina|Primarina, L50, F|100/100
|turn|1
|inactive|Fedex 27 has 30 seconds left.
|inactive|serbol03 has 30 seconds left.
|
|t:|1756400495
|move|p2a: Magmar|Protect|p2a: Magmar
|-singleturn|p2a: Magmar|Protect
|move|p2b: Primarina|Protect|p2b: Primarina
|-singleturn|p2b: Primarina|Protect
|move|p1a: Magmar|Follow Me|p1a: Magmar
|-singleturn|p1a: Magmar|move: Follow Me
|move|p1b: Ursaluna|Earth Power|p2a: Magmar
|-activate|p2a: Magmar|move: Protect
|
|upkeep
|turn|2
|
|t:|1756400516
|move|p2a: Magmar|Follow Me|p2a: Magmar
|-singleturn|p2a: Magmar|move: Follow Me
|move|p1a: Magmar|Follow Me|p1a: Magmar
|-singleturn|p1a: Magmar|move: Follow Me
|move|p2b: Primarina|Hyper Voice|p1a: Magmar|[spread] p1a,p1b
|-supereffective|p1a: Magmar
|-supereffective|p1b: Ursaluna
|-damage|p1a: Magmar|54/100
|-damage|p1b: Ursaluna|56/100
|-enditem|p2b: Primarina|Throat Spray
|-boost|p2b: Primarina|spa|1|[from] item: Throat Spray
|move|p1b: Ursaluna|Earth Power|p2a: Magmar
|-supereffective|p2a: Magmar
|-damage|p2a: Magmar|24/100
|
|upkeep
|turn|3
|
|t:|1756400536
|move|p2a: Magmar|Follow Me|p2a: Magmar
|-singleturn|p2a: Magmar|move: Follow Me
|move|p1a: Magmar|Heat Wave|p2a: Magmar|[spread] p2a,p2b
|-resisted|p2a: Magmar
|-resisted|p2b: Primarina
|-damage|p2a: Magmar|14/100
|-damage|p2b: Primarina|91/100
|move|p2b: Primarina|Hyper Voice|p1a: Magmar|[spread] p1a,p1b
|-supereffective|p1a: Magmar
|-supereffective|p1b: Ursaluna
|-damage|p1a: Magmar|0 fnt
|-damage|p1b: Ursaluna|0 fnt
|faint|p1a: Magmar
|faint|p1b: Ursaluna
|
|upkeep
|
|t:|1756400547
|switch|p1a: Dragonite|Dragonite, L50, F|100/100
|switch|p1b: Gholdengo|Gholdengo, L50|100/100
|turn|4
|inactive|Fedex 27 has 30 seconds left.
|inactive|serbol03 has 30 seconds left.
|inactive|Fedex 27 has 20 seconds left.
|
|t:|1756400582
|move|p1a: Dragonite|Extreme Speed|p2a: Magmar
|-damage|p2a: Magmar|0 fnt
|faint|p2a: Magmar
|move|p1b: Gholdengo|Nasty Plot|p1b: Gholdengo
|-boost|p1b: Gholdengo|spa|2
|move|p2b: Primarina|Hyper Voice|p1a: Dragonite|[spread] p1a,p1b
|-resisted|p1a: Dragonite
|-damage|p1a: Dragonite|89/100
|-damage|p1b: Gholdengo|39/100
|
|upkeep
|
|t:|1756400592
|switch|p2a: Kingambit|Kingambit, L50, M|100/100
|turn|5
|
|t:|1756400606
|move|p2a: Kingambit|Sucker Punch|p1b: Gholdengo
|-supereffective|p1b: Gholdengo
|-damage|p1b: Gholdengo|0 fnt
|faint|p1b: Gholdengo
|move|p1a: Dragonite|Scale Shot|p2a: Kingambit
|-resisted|p2a: Kingambit
|-damage|p2a: Kingambit|95/100
|-resisted|p2a: Kingambit
|-damage|p2a: Kingambit|89/100
|-resisted|p2a: Kingambit
|-damage|p2a: Kingambit|84/100
|-resisted|p2a: Kingambit
|-damage|p2a: Kingambit|78/100
|-hitcount|p2a: Kingambit|4
|-unboost|p1a: Dragonite|def|1
|-boost|p1a: Dragonite|spe|1
|move|p2b: Primarina|Moonblast|p1a: Dragonite
|-supereffective|p1a: Dragonite
|-damage|p1a: Dragonite|0 fnt
|faint|p1a: Dragonite
|
|win|serbol03
|raw|Fedex 27's rating: 1158 → 1140(-18 for losing)
|raw|serbol03's rating: 1253 → 1271(+18 for winning)
