|j|☆Missed Ledgedash
|j|☆axcoquette
|html|Missed Ledgedashaxcoquette    
|uhtml|bestof|Game 1 of a best-of-3
|t:|1782349336
|gametype|doubles
|player|p1|Missed Ledgedash|juan-gen3|1212
|player|p2|axcoquette|maid|1107
|gen|9
|tier|[Gen 9 Champions] VGC 2026 Reg M-B (Bo3)
|rated|
|rule|Species Clause: Limit one of each Pokémon
|rule|Item Clause: Limit 1 of each item
|clearpoke
|poke|p1|Incineroar, L50, F|
|poke|p1|Gengar, L50, F|
|poke|p1|Staraptor, L50, M|
|poke|p1|Basculegion, L50, M|
|poke|p1|Sneasler, L50, F|
|poke|p1|Kingambit, L50, M|
|poke|p2|Charizard, L50, M|
|poke|p2|Floette-Eternal, L50, F|
|poke|p2|Basculegion, L50, M|
|poke|p2|Kingambit, L50, M|
|poke|p2|Garchomp, L50, F|
|poke|p2|Whimsicott, L50, F|
|teampreview|4
|showteam|p1|Incineroar||SitrusBerry|Intimidate|Protect,FlareBlitz,PartingShot,FakeOut|Relaxed||F|||50|]Gengar||Gengarite|CursedBody|Protect,ShadowBall,SludgeBomb,PerishSong|Timid||F|||50|]Staraptor||Staraptite|Intimidate|Protect,CloseCombat,BraveBird,FinalGambit|Jolly||M|||50|]Basculegion||MysticWater|Adaptability|Protect,WaveCrash,LastRespects,AquaJet|Adamant||M|||50|]Sneasler||WhiteHerb|Unburden|Protect,CloseCombat,DireClaw,FakeOut|Adamant||F|||50|]Kingambit||ChopleBerry|Defiant|Protect,KowtowCleave,SuckerPunch,LowKick|Adamant||M|||50|
|showteam|p2|Charizard||CharizarditeY|Blaze|HeatWave,WeatherBall,SolarBeam,Protect|Modest||M|||50|]Floette-Eternal||Floettite|FlowerVeil|DazzlingGleam,Moonblast,LightofRuin,Protect|Timid||F|||50|]Basculegion||MysticWater|Adaptability|WaveCrash,LastRespects,AquaJet,Protect|Adamant||M|||50|]Kingambit||BlackGlasses|Defiant|KowtowCleave,IronHead,SuckerPunch,Protect|Lonely||M|||50|]Garchomp||SitrusBerry|RoughSkin|DragonClaw,Earthquake,RockSlide,Protect|Jolly||F|||50|]Whimsicott||FocusSash|Prankster|Tailwind,Moonblast,Encore,Protect|Timid||F|||50|
|inactive|Battle timer is ON: inactive players will automatically lose when time's up. (requested by axcoquette)
|inactive|Missed Ledgedash has 60 seconds left.
|inactive|axcoquette has 60 seconds left.
|inactive|Missed Ledgedash has 30 seconds left.
|inactive|Missed Ledgedash has 20 seconds left.
|inactive|Missed Ledgedash has 15 seconds left.
|inactive|Missed Ledgedash has 10 seconds left.
|
|t:|1782349421
|teamsize|p1|4
|teamsize|p2|4
|start
|switch|p1a: Staraptor|Staraptor, L50, M|100/100
|switch|p1b: Sneasler|Sneasler, L50, F|100/100
|switch|p2a: Whimsicott|Whimsicott, L50, F|100/100
|switch|p2b: Kingambit|Kingambit, L50, M|100/100
|-ability|p1a: Staraptor|Intimidate|boost
|-unboost|p2a: Whimsicott|atk|1
|-unboost|p2b: Kingambit|atk|1
|-ability|p2b: Kingambit|Defiant|boost
|-boost|p2b: Kingambit|atk|2
|turn|1
|
|t:|1782349439
|detailschange|p1a: Staraptor|Staraptor-Mega, L50, M
|-mega|p1a: Staraptor|Staraptor|Staraptite
|move|p2a: Whimsicott|Protect|p2a: Whimsicott
|-singleturn|p2a: Whimsicott|Protect
|move|p2b: Kingambit|Protect|p2b: Kingambit
|-singleturn|p2b: Kingambit|Protect
|move|p1b: Sneasler|Fake Out|p2a: Whimsicott
|-activate|p2a: Whimsicott|move: Protect
|move|p1a: Staraptor|Close Combat|p2b: Kingambit
|-activate|p2b: Kingambit|move: Protect
|
|upkeep
|turn|2
|
|t:|1782349454
|switch|p2b: Basculegion|Basculegion, L50, M|100/100
|move|p2a: Whimsicott|Encore|p1a: Staraptor
|-start|p1a: Staraptor|Encore
|move|p1a: Staraptor|Close Combat|p2b: Basculegion
|-immune|p2b: Basculegion
|move|p1b: Sneasler|Dire Claw|p2a: Whimsicott
|-supereffective|p2a: Whimsicott|2
|-enditem|p2a: Whimsicott|Focus Sash
|-damage|p2a: Whimsicott|1/100
|-status|p2a: Whimsicott|psn
|
|-damage|p2a: Whimsicott|0 fnt|[from] psn
|faint|p2a: Whimsicott
|upkeep
|
|t:|1782349468
|switch|p2a: Charizard|Charizard, L50, M|100/100
|turn|3
|
|t:|1782349493
|switch|p1b: Basculegion|Basculegion, L50, M|100/100
|move|p2a: Charizard|Protect|p2a: Charizard
|-singleturn|p2a: Charizard|Protect
|move|p1a: Staraptor|Close Combat|p2a: Charizard
|-activate|p2a: Charizard|move: Protect
|move|p2b: Basculegion|Wave Crash|p1a: Staraptor
|-damage|p1a: Staraptor|12/100
|-damage|p2b: Basculegion|71/100|[from] Recoil
|
|upkeep
|turn|4
|inactive|Missed Ledgedash has 30 seconds left.
|inactive|Missed Ledgedash has 20 seconds left.
|
|t:|1782349532
|detailschange|p2a: Charizard|Charizard-Mega-Y, L50, M
|-mega|p2a: Charizard|Charizard|Charizardite Y
|-weather|SunnyDay|[from] ability: Drought|[of] p2a: Charizard
|move|p2b: Basculegion|Aqua Jet|p1a: Staraptor
|-damage|p1a: Staraptor|0 fnt
|faint|p1a: Staraptor
|move|p2a: Charizard|Solar Beam||[still]
|-prepare|p2a: Charizard|Solar Beam
|-anim|p2a: Charizard|Solar Beam|p1b: Basculegion
|-supereffective|p1b: Basculegion|1
|-damage|p1b: Basculegion|10/100
|move|p1b: Basculegion|Wave Crash|p2a: Charizard
|-supereffective|p2a: Charizard|1
|-damage|p2a: Charizard|5/100
|-damage|p1b: Basculegion|0 fnt|[from] Recoil
|faint|p1b: Basculegion
|
|-weather|SunnyDay|[upkeep]
|upkeep
|
|t:|1782349545
|switch|p1a: Sneasler|Sneasler, L50, F|100/100
|switch|p1b: Kingambit|Kingambit, L50, M|100/100
|turn|5
|
|t:|1782349559
|move|p2a: Charizard|Protect|p2a: Charizard
|-singleturn|p2a: Charizard|Protect
|move|p2b: Basculegion|Protect|p2b: Basculegion
|-singleturn|p2b: Basculegion|Protect
|move|p1a: Sneasler|Fake Out|p2a: Charizard
|-activate|p2a: Charizard|move: Protect
|move|p1b: Kingambit|Kowtow Cleave|p2b: Basculegion
|-activate|p2b: Basculegion|move: Protect
|
|-weather|SunnyDay|[upkeep]
|upkeep
|turn|6
|
|t:|1782349578
|switch|p2a: Kingambit|Kingambit, L50, M|100/100
|move|p2b: Basculegion|Aqua Jet|p1a: Sneasler
|-damage|p1a: Sneasler|79/100
|move|p1b: Kingambit|Sucker Punch||[still]
|-fail|p1b: Kingambit
|move|p1a: Sneasler|Dire Claw|p2b: Basculegion
|-resisted|p2b: Basculegion|1
|-damage|p2b: Basculegion|51/100
|
|-weather|SunnyDay|[upkeep]
|upkeep
|turn|7
|
|t:|1782349597
|move|p2b: Basculegion|Protect|p2b: Basculegion
|-singleturn|p2b: Basculegion|Protect
|move|p1b: Kingambit|Sucker Punch||[still]
|-fail|p1b: Kingambit
|move|p1a: Sneasler|Close Combat|p2a: Kingambit
|-supereffective|p2a: Kingambit|2
|-damage|p2a: Kingambit|0 fnt
|-unboost|p1a: Sneasler|def|1
|-unboost|p1a: Sneasler|spd|1
|faint|p2a: Kingambit
|-enditem|p1a: Sneasler|White Herb
|-clearnegativeboost|p1a: Sneasler|[silent]
|
|-weather|SunnyDay|[upkeep]
|upkeep
|
|t:|1782349608
|switch|p2a: Charizard|Charizard-Mega-Y, L50, M|5/100
|turn|8
|
|t:|1782349615
|move|p1b: Kingambit|Sucker Punch|p2a: Charizard
|-damage|p2a: Charizard|0 fnt
|faint|p2a: Charizard
|move|p1a: Sneasler|Dire Claw|p2b: Basculegion
|-resisted|p2b: Basculegion|1
|-damage|p2b: Basculegion|32/100
|move|p2b: Basculegion|Wave Crash|p1b: Kingambit
|-damage|p1b: Kingambit|66/100
|-damage|p2b: Basculegion|21/100|[from] Recoil
|
|-weather|none
|upkeep
|turn|9
|
|t:|1782349627
|move|p2b: Basculegion|Aqua Jet|p1a: Sneasler
|-damage|p1a: Sneasler|37/100
|move|p1b: Kingambit|Sucker Punch||[still]
|-fail|p1b: Kingambit
|move|p1a: Sneasler|Dire Claw|p2b: Basculegion
|-resisted|p2b: Basculegion|1
|-damage|p2b: Basculegion|2/100
|
|upkeep
|turn|10
|
|t:|1782349637
|move|p2b: Basculegion|Aqua Jet|p1a: Sneasler
|-damage|p1a: Sneasler|0 fnt
|faint|p1a: Sneasler
|move|p1b: Kingambit|Kowtow Cleave|p2b: Basculegion
|-supereffective|p2b: Basculegion|1
|-damage|p2b: Basculegion|0 fnt
|faint|p2b: Basculegion
|
|win|Missed Ledgedash
||Missed Ledgedash is ready for game 2.
||axcoquette is ready for game 2.
|uhtml|next|Next: Game 2 of 3
