|j|☆GS Barnabe
|j|☆Bigshteve
|html|GS BarnabeBigshteve    
|uhtml|bestof|Game 2 of a best-of-3
|t:|1785717584
|gametype|doubles
|player|p1|GS Barnabe|265|1281
|player|p2|Bigshteve|169|1220
|gen|9
|tier|[Gen 9 Champions] VGC 2026 Reg M-B (Bo3)
|rated|
|rule|Species Clause: Limit one of each Pokémon
|rule|Item Clause: Limit 1 of each item
|clearpoke
|poke|p1|Clefable, L50, F|
|poke|p1|Tyranitar, L50, F|
|poke|p1|Garchomp, L50, F|
|poke|p1|Gholdengo, L50|
|poke|p1|Rotom-Wash, L50|
|poke|p1|Aerodactyl, L50, M|
|poke|p2|Staraptor, L50, M|
|poke|p2|Garchomp, L50, M|
|poke|p2|Whimsicott, L50, M|
|poke|p2|Delphox, L50, M|
|poke|p2|Glimmora, L50, M|
|poke|p2|Kingambit, L50, M|
|teampreview|4
|showteam|p1|Clefable||SitrusBerry|Unaware|Moonblast,HelpingHand,FollowMe,Protect|Bold||F|||50|]Tyranitar||ChoiceScarf|SandStream|RockSlide,KnockOff,IcePunch,Superpower|Jolly||F|||50|]Garchomp||Garchompite|SandVeil|DracoMeteor,EarthPower,PowerGem,Protect|Modest||F|||50|]Gholdengo||LifeOrb|GoodasGold|MakeItRain,ShadowBall,NastyPlot,Protect|Modest|||||50|]Rotom-Wash||Leftovers|Levitate|HydroPump,VoltSwitch,WillOWisp,Protect|Calm|||||50|]Aerodactyl||Aerodactylite|RockHead|RockSlide,DualWingbeat,Tailwind,Protect|Jolly||M|||50|
|showteam|p2|Staraptor||Staraptite|Intimidate|Protect,Roost,CloseCombat,BraveBird|Jolly||M|||50|]Garchomp||LifeOrb|RoughSkin|Protect,RockSlide,Earthquake,DragonClaw|Jolly||M|||50|]Whimsicott||OccaBerry|Prankster|Moonblast,Tailwind,Charm,LightScreen|Timid||M|||50|]Delphox||Delphoxite|Magician|Protect,Psychic,HeatWave,Substitute|Timid||M|||50|]Glimmora||FocusSash|ToxicDebris|SpikyShield,SludgeBomb,EarthPower,PowerGem|Timid||M|||50|]Kingambit||ChopleBerry|Defiant|SuckerPunch,LowKick,IronHead,KowtowCleave|Adamant||M|||50|
|inactive|Battle timer is ON: inactive players will automatically lose when time's up. (requested by Bigshteve)
|inactive|GS Barnabe has 60 seconds left.
|inactive|Bigshteve has 60 seconds left.
|
|t:|1785717643
|teamsize|p1|4
|teamsize|p2|4
|start
|switch|p1a: Garchomp|Garchomp, L50, F|100/100
|switch|p1b: Tyranitar|Tyranitar, L50, F|100/100
|switch|p2a: Whimsicott|Whimsicott, L50, M|100/100
|switch|p2b: Glimmora|Glimmora, L50, M|100/100
|-weather|Sandstorm|[from] ability: Sand Stream|[of] p1b: Tyranitar
|turn|1
|inactive|Bigshteve has 30 seconds left.
|
|t:|1785717675
|switch|p2b: Staraptor|Staraptor, L50, M|100/100
|-ability|p2b: Staraptor|Intimidate|boost
|-unboost|p1a: Garchomp|atk|1
|-unboost|p1b: Tyranitar|atk|1
|detailschange|p1a: Garchomp|Garchomp-Mega, L50, F
|-mega|p1a: Garchomp|Garchomp|Garchompite
|move|p2a: Whimsicott|Tailwind|p2a: Whimsicott
|-sidestart|p2: Bigshteve|move: Tailwind
|move|p1b: Tyranitar|Rock Slide|p2b: Staraptor|[spread] p2a,p2b
|-supereffective|p2b: Staraptor|1
|-damage|p2a: Whimsicott|74/100
|-damage|p2b: Staraptor|48/100
|move|p1a: Garchomp|Earth Power|p2b: Staraptor
|-immune|p2b: Staraptor
|
|-weather|Sandstorm|[upkeep]
|-damage|p2a: Whimsicott|69/100|[from] Sandstorm
|-damage|p2b: Staraptor|42/100|[from] Sandstorm
|upkeep
|turn|2
|inactive|GS Barnabe has 30 seconds left.
|inactive|Bigshteve has 30 seconds left.
|inactive|Bigshteve has 20 seconds left.
|inactive|Bigshteve has 15 seconds left.
|inactive|Bigshteve has 10 seconds left.
|
|t:|1785717723
|switch|p1b: Gholdengo|Gholdengo, L50|100/100
|detailschange|p2b: Staraptor|Staraptor-Mega, L50, M
|-mega|p2b: Staraptor|Staraptor|Staraptite
|move|p2a: Whimsicott|Moonblast|p1a: Garchomp
|-supereffective|p1a: Garchomp|1
|-damage|p1a: Garchomp|47/100
|-unboost|p1a: Garchomp|spa|1
|move|p2b: Staraptor|Close Combat|p1b: Gholdengo
|-immune|p1b: Gholdengo
|move|p1a: Garchomp|Draco Meteor|p2b: Staraptor
|-damage|p2b: Staraptor|0 fnt
|-unboost|p1a: Garchomp|spa|2
|faint|p2b: Staraptor
|
|-weather|Sandstorm|[upkeep]
|-damage|p2a: Whimsicott|63/100|[from] Sandstorm
|upkeep
|
|t:|1785717737
|switch|p2b: Kingambit|Kingambit, L50, M|100/100
|turn|3
|
|t:|1785717761
|move|p2a: Whimsicott|Moonblast|p1a: Garchomp
|-supereffective|p1a: Garchomp|1
|-damage|p1a: Garchomp|0 fnt
|faint|p1a: Garchomp
|move|p2b: Kingambit|Kowtow Cleave|p1b: Gholdengo
|-supereffective|p1b: Gholdengo|1
|-damage|p1b: Gholdengo|23/100
|move|p1b: Gholdengo|Nasty Plot|p1b: Gholdengo
|-boost|p1b: Gholdengo|spa|2
|
|-weather|Sandstorm|[upkeep]
|-damage|p2a: Whimsicott|57/100|[from] Sandstorm
|upkeep
|
|t:|1785717774
|switch|p1a: Clefable|Clefable, L50, F|100/100
|turn|4
|inactive|Bigshteve has 30 seconds left.
|inactive|Bigshteve has 20 seconds left.
|inactive|Bigshteve has 15 seconds left.
|inactive|Bigshteve has 10 seconds left.
|
|t:|1785717823
|move|p1a: Clefable|Follow Me|p1a: Clefable
|-singleturn|p1a: Clefable|move: Follow Me
|move|p2a: Whimsicott|Moonblast|p1a: Clefable
|-damage|p1a: Clefable|76/100
|move|p2b: Kingambit|Iron Head|p1a: Clefable
|-supereffective|p1a: Clefable|1
|-damage|p1a: Clefable|0 fnt
|faint|p1a: Clefable
|move|p1b: Gholdengo|Make It Rain|p2a: Whimsicott|[spread] p2a
|-miss|p1b: Gholdengo|p2b: Kingambit
|-supereffective|p2a: Whimsicott|1
|-damage|p2a: Whimsicott|0 fnt
|-unboost|p1b: Gholdengo|spa|2
|faint|p2a: Whimsicott
|-damage|p1b: Gholdengo|14/100|[from] item: Life Orb
|
|-weather|Sandstorm|[upkeep]
|-sideend|p2: Bigshteve|move: Tailwind
|upkeep
|
|t:|1785717842
|switch|p2a: Glimmora|Glimmora, L50, M|100/100
|switch|p1a: Tyranitar|Tyranitar, L50, F|100/100
|turn|5
|inactive|Bigshteve has 30 seconds left.
|
|t:|1785717873
|move|p1a: Tyranitar|Superpower|p2b: Kingambit
|-supereffective|p2b: Kingambit|2
|-enditem|p2b: Kingambit|Chople Berry|[eat]
|-enditem|p2b: Kingambit|Chople Berry|[weaken]
|-damage|p2b: Kingambit|35/100
|-unboost|p1a: Tyranitar|atk|1
|-unboost|p1a: Tyranitar|def|1
|move|p2a: Glimmora|Earth Power|p1b: Gholdengo
|-supereffective|p1b: Gholdengo|1
|-damage|p1b: Gholdengo|0 fnt
|faint|p1b: Gholdengo
|move|p2b: Kingambit|Low Kick|p1a: Tyranitar
|-supereffective|p1a: Tyranitar|2
|-damage|p1a: Tyranitar|0 fnt
|faint|p1a: Tyranitar
|
|win|Bigshteve
|raw|GS Barnabe's rating: 1281 → 1252(-29 for losing)
|raw|Bigshteve's rating: 1220 → 1249(+29 for winning)
