|j|☆Joker113
|j|☆new mental
|html|Joker113new mental    
|uhtml|bestof|Game 3 of a best-of-3
|t:|1783422456
|gametype|doubles
|player|p1|Joker113|101|1294
|player|p2|new mental|volkner|1378
|gen|9
|tier|[Gen 9 Champions] VGC 2026 Reg M-B (Bo3)
|rated|
|rule|Species Clause: Limit one of each Pokémon
|rule|Item Clause: Limit 1 of each item
|clearpoke
|poke|p1|Primarina, L50, F|
|poke|p1|Maushold, L50|
|poke|p1|Venusaur, L50, M|
|poke|p1|Whimsicott, L50, M|
|poke|p1|Charizard, L50, M|
|poke|p1|Sneasler, L50, F|
|poke|p2|Aerodactyl, L50, F|
|poke|p2|Garchomp, L50, M|
|poke|p2|Kingambit, L50, F|
|poke|p2|Charizard, L50, M|
|poke|p2|Sylveon, L50, M|
|poke|p2|Farigiraf, L50, F|
|teampreview|4
|showteam|p1|Primarina||FairyFeather|LiquidVoice|HyperVoice,Moonblast,IcyWind,Protect|Modest||F|||50|]Maushold||WideLens|Technician|PopulationBomb,FollowMe,ThunderWave,Protect|Adamant|||||50|]Venusaur||LifeOrb|Chlorophyll|SleepPowder,EarthPower,LeafStorm,Protect|Modest||M|||50|]Whimsicott||FocusSash|Prankster|Encore,Endeavor,Moonblast,Tailwind|Modest||M|||50|]Charizard||CharizarditeY|SolarPower|HeatWave,Protect,SolarBeam,WeatherBall|Modest||M|||50|]Sneasler||WhiteHerb|Unburden|CloseCombat,FakeOut,DireClaw,Protect|Adamant||F|||50|
|showteam|p2|Aerodactyl||Aerodactylite|Unnerve|IceFang,RockSlide,Tailwind,DualWingbeat|Jolly||F|||50|]Garchomp||LifeOrb|RoughSkin|DragonClaw,StompingTantrum,Earthquake,Protect|Jolly||M|||50|]Kingambit||FocusSash|Defiant|SuckerPunch,KowtowCleave,IronHead,LowKick|Adamant||F|||50|]Charizard||CharizarditeY|SolarPower|Protect,HeatWave,SolarBeam,WeatherBall|Timid||M|||50|]Sylveon||FairyFeather|Pixilate|Protect,HyperVoice,HyperBeam,QuickAttack|Modest||M|||50|]Farigiraf||SitrusBerry|ArmorTail|TrickRoom,Thunderbolt,Psychic,Roar|Bold||F|||50|
|inactive|Battle timer is ON: inactive players will automatically lose when time's up. (requested by Joker113)
|inactive|new mental has 60 seconds left.
|
|t:|1783422503
|teamsize|p1|4
|teamsize|p2|4
|start
|switch|p1a: Primarina|Primarina, L50, F|100/100
|switch|p1b: Sneasler|Sneasler, L50, F|100/100
|switch|p2a: Kingambit|Kingambit, L50, F|100/100
|switch|p2b: Sylveon|Sylveon, L50, M|100/100
|turn|1
|
|t:|1783422519
|move|p1b: Sneasler|Fake Out|p2a: Kingambit
|-resisted|p2a: Kingambit|1
|-damage|p2a: Kingambit|93/100
|cant|p2a: Kingambit|flinch
|move|p2b: Sylveon|Hyper Voice|p1b: Sneasler|[spread] p1a,p1b
|-damage|p1a: Primarina|61/100
|-damage|p1b: Sneasler|36/100
|move|p1a: Primarina|Moonblast|p2a: Kingambit
|-damage|p2a: Kingambit|14/100
|
|upkeep
|turn|2
|
|t:|1783422541
|switch|p1b: Whimsicott|Whimsicott, L50, M|100/100
|move|p2a: Kingambit|Sucker Punch||[still]
|-fail|p2a: Kingambit
|move|p2b: Sylveon|Quick Attack|p1b: Whimsicott
|-damage|p1b: Whimsicott|79/100
|move|p1a: Primarina|Hyper Voice|p2b: Sylveon|[spread] p2a,p2b
|-damage|p2a: Kingambit|0 fnt
|-damage|p2b: Sylveon|68/100
|faint|p2a: Kingambit
|
|upkeep
|
|t:|1783422552
|switch|p2a: Aerodactyl|Aerodactyl, L50, F|100/100
|-ability|p2a: Aerodactyl|Unnerve
|turn|3
|inactive|new mental has 30 seconds left.
|
|t:|1783422583
|switch|p2a: Garchomp|Garchomp, L50, M|100/100
|move|p1b: Whimsicott|Tailwind|p1b: Whimsicott
|-sidestart|p1: Joker113|move: Tailwind
|move|p1a: Primarina|Icy Wind|p2a: Garchomp|[spread] p2a,p2b
|-supereffective|p2a: Garchomp|2
|-damage|p2a: Garchomp|30/100
|-damage|p2b: Sylveon|54/100
|-unboost|p2a: Garchomp|spe|1
|-unboost|p2b: Sylveon|spe|1
|move|p2b: Sylveon|Hyper Voice|p1a: Primarina|[spread] p1a,p1b
|-damage|p1a: Primarina|20/100y
|-damage|p1b: Whimsicott|5/100
|
|upkeep
|turn|4
|inactive|Joker113 has 30 seconds left.
|inactive|Joker113 has 20 seconds left.
|inactive|Joker113 has 15 seconds left.
|
|t:|1783422625
|switch|p1b: Charizard|Charizard, L50, M|100/100
|move|p2a: Garchomp|Protect|p2a: Garchomp
|-singleturn|p2a: Garchomp|Protect
|move|p1a: Primarina|Hyper Voice|p2a: Garchomp|[spread] p2b
|-activate|p2a: Garchomp|move: Protect
|-damage|p2b: Sylveon|22/100
|move|p2b: Sylveon|Hyper Voice|p1a: Primarina|[spread] p1a,p1b
|-resisted|p1b: Charizard|1
|-damage|p1a: Primarina|0 fnt
|-damage|p1b: Charizard|72/100
|faint|p1a: Primarina
|
|upkeep
|
|t:|1783422644
|switch|p1a: Whimsicott|Whimsicott, L50, M|5/100
|turn|5
|
|t:|1783422660
|detailschange|p1b: Charizard|Charizard-Mega-Y, L50, M
|-mega|p1b: Charizard|Charizard|Charizardite Y
|-weather|SunnyDay|[from] ability: Drought|[of] p1b: Charizard
|move|p2b: Sylveon|Quick Attack|p1a: Whimsicott
|-damage|p1a: Whimsicott|0 fnt
|faint|p1a: Whimsicott
|move|p1b: Charizard|Heat Wave|p2b: Sylveon|[spread] p2a,p2b
|-resisted|p2a: Garchomp|1
|-damage|p2a: Garchomp|0 fnt
|-damage|p2b: Sylveon|0 fnt
|faint|p2a: Garchomp
|faint|p2b: Sylveon
|
|-weather|SunnyDay|[upkeep]
|upkeep
|
|t:|1783422666
|switch|p1a: Sneasler|Sneasler, L50, F|36/100
|switch|p2b: Aerodactyl|Aerodactyl, L50, F|100/100
|-ability|p2b: Aerodactyl|Unnerve
|turn|6
|
|t:|1783422678
|detailschange|p2b: Aerodactyl|Aerodactyl-Mega, L50, F
|-mega|p2b: Aerodactyl|Aerodactyl|Aerodactylite
|move|p1a: Sneasler|Close Combat|p2b: Aerodactyl
|-damage|p2b: Aerodactyl|16/100
|-unboost|p1a: Sneasler|def|1
|-unboost|p1a: Sneasler|spd|1
|-enditem|p1a: Sneasler|White Herb
|-clearnegativeboost|p1a: Sneasler|[silent]
|move|p1b: Charizard|Solar Beam||[still]
|-prepare|p1b: Charizard|Solar Beam
|-anim|p1b: Charizard|Solar Beam|p2b: Aerodactyl
|-damage|p2b: Aerodactyl|0 fnt
|faint|p2b: Aerodactyl
|
|win|Joker113
|raw|Joker113's rating: 1294 → 1325(+31 for winning)
|raw|new mental's rating: 1378 → 1353(-25 for losing)
|l|☆Joker113
|player|p1|
