|j|☆teyvgc
|j|☆kheld
|html|teyvgckheld    
|uhtml|bestof|Game 1 of a best-of-3
|t:|1782536889
|gametype|doubles
|player|p1|teyvgc|rood|1146
|player|p2|kheld|2|1249
|gen|9
|tier|[Gen 9 Champions] VGC 2026 Reg M-B (Bo3)
|rated|
|rule|Species Clause: Limit one of each Pokémon
|rule|Item Clause: Limit 1 of each item
|clearpoke
|poke|p1|Houndstone, L50, F|
|poke|p1|Tyranitar, L50, F|
|poke|p1|Incineroar, L50, M|
|poke|p1|Farigiraf, L50, F, shiny|
|poke|p1|Garchomp, L50, M, shiny|
|poke|p1|Corviknight, L50, F|
|poke|p2|Pelipper, L50, M|
|poke|p2|Swampert, L50, M|
|poke|p2|Archaludon, L50, F|
|poke|p2|Maushold, L50|
|poke|p2|Gardevoir, L50, M, shiny|
|poke|p2|Basculegion, L50, M|
|teampreview|4
|showteam|p1|Houndstone||FocusSash|SandRush|PsychicFangs,StompingTantrum,LastRespects,Protect|Adamant||F|||50|]Tyranitar||Tyranitarite|SandStream|RockSlide,KnockOff,LowKick,Protect|Adamant||F|||50|]Incineroar||PasshoBerry|Intimidate|FlareBlitz,DarkestLariat,FakeOut,PartingShot|Adamant||M|||50|]Farigiraf||TwistedSpoon|ArmorTail|HyperVoice,TwinBeam,TrickRoom,HelpingHand|Quiet||F|||50|]Garchomp||Garchompite|RoughSkin|StompingTantrum,DragonClaw,RockSlide,Protect|Adamant||M|||50|]Corviknight||Leftovers|MirrorArmor|BraveBird,IronHead,Tailwind,Roost|Careful||F|||50|
|showteam|p2|Pelipper||LifeOrb|Drizzle|Tailwind,Hurricane,Protect,WeatherBall|Modest||M|||50|]Swampert||Swampertite|Torrent|IcePunch,WaveCrash,Earthquake,Protect|Adamant||M|||50|]Archaludon||Leftovers|Stamina|ElectroShot,FlashCannon,DragonPulse,Protect|Modest||F|||50|]Maushold||FocusSash|FriendGuard|SuperFang,RainDance,FollowMe,Protect|Jolly|||||50|]Gardevoir||Gardevoirite|Trace|HyperVoice,Psyshock,Protect,TrickRoom|Modest||M|||50|]Basculegion||ChoiceScarf|Adaptability|WaveCrash,LastRespects,FlipTurn,AquaJet|Jolly||M|||50|
|
|t:|1782536935
|teamsize|p1|4
|teamsize|p2|4
|start
|switch|p1a: Incineroar|Incineroar, L50, M|100/100
|switch|p1b: Farigiraf|Farigiraf, L50, F, shiny|100/100
|switch|p2a: Basculegion|Basculegion, L50, M|100/100
|switch|p2b: Maushold|Maushold, L50|100/100
|-ability|p1a: Incineroar|Intimidate|boost
|-unboost|p2a: Basculegion|atk|1
|-unboost|p2b: Maushold|atk|1
|turn|1
|
|t:|1782536956
|switch|p2b: Pelipper|Pelipper, L50, M|100/100
|-weather|RainDance|[from] ability: Drizzle|[of] p2b: Pelipper
|move|p2a: Basculegion|Wave Crash|p1a: Incineroar
|-supereffective|p1a: Incineroar|1
|-enditem|p1a: Incineroar|Passho Berry|[eat]
|-enditem|p1a: Incineroar|Passho Berry|[weaken]
|-damage|p1a: Incineroar|21/100
|-damage|p2a: Basculegion|73/100|[from] Recoil
|move|p1a: Incineroar|Parting Shot|p2b: Pelipper
|-unboost|p2b: Pelipper|atk|1
|-unboost|p2b: Pelipper|spa|1
|
|t:|1782536968
|switch|p1a: Tyranitar|Tyranitar, L50, F|100/100|[from] Parting Shot
|-weather|Sandstorm|[from] ability: Sand Stream|[of] p1a: Tyranitar
|move|p1b: Farigiraf|Trick Room|p1b: Farigiraf
|-fieldstart|move: Trick Room|[of] p1b: Farigiraf
|
|-weather|Sandstorm|[upkeep]
|-damage|p1b: Farigiraf|93/100|[from] Sandstorm
|-damage|p2b: Pelipper|94/100|[from] Sandstorm
|-damage|p2a: Basculegion|67/100|[from] Sandstorm
|upkeep
|turn|2
|
|t:|1782536984
|switch|p2b: Maushold|Maushold, L50|100/100
|move|p1b: Farigiraf|Twin Beam|p2b: Maushold
|-damage|p2b: Maushold|71/100
|-damage|p2b: Maushold|43/100
|-hitcount|p2b: Maushold|2
|move|p1a: Tyranitar|Knock Off|p2a: Basculegion
|-supereffective|p2a: Basculegion|1
|-damage|p2a: Basculegion|0 fnt
|-enditem|p2a: Basculegion|Choice Scarf|[from] move: Knock Off|[of] p1a: Tyranitar
|faint|p2a: Basculegion
|
|-weather|Sandstorm|[upkeep]
|-damage|p1b: Farigiraf|87/100|[from] Sandstorm
|-damage|p2b: Maushold|37/100|[from] Sandstorm
|upkeep
|
|t:|1782536993
|switch|p2a: Swampert|Swampert, L50, M|100/100
|turn|3
|
|t:|1782537005
|detailschange|p2a: Swampert|Swampert-Mega, L50, M
|-mega|p2a: Swampert|Swampert|Swampertite
|move|p1a: Tyranitar|Protect|p1a: Tyranitar
|-singleturn|p1a: Tyranitar|Protect
|move|p2b: Maushold|Follow Me|p2b: Maushold
|-singleturn|p2b: Maushold|move: Follow Me
|move|p1b: Farigiraf|Hyper Voice|p2a: Swampert|[spread] p2a,p2b
|-damage|p2a: Swampert|81/100
|-damage|p2b: Maushold|1/100
|move|p2a: Swampert|Earthquake|p1b: Farigiraf|[spread] p2b,p1b
|-activate|p1a: Tyranitar|move: Protect
|-damage|p2b: Maushold|0 fnt
|-damage|p1b: Farigiraf|40/100
|faint|p2b: Maushold
|
|-weather|Sandstorm|[upkeep]
|-damage|p1b: Farigiraf|33/100|[from] Sandstorm
|upkeep
|
|t:|1782537019
|switch|p2b: Pelipper|Pelipper, L50, M|94/100
|-weather|RainDance|[from] ability: Drizzle|[of] p2b: Pelipper
|turn|4
|
|t:|1782537052
|detailschange|p1a: Tyranitar|Tyranitar-Mega, L50, F
|-mega|p1a: Tyranitar|Tyranitar|Tyranitarite
|-weather|Sandstorm|[from] ability: Sand Stream|[of] p1a: Tyranitar
|move|p2b: Pelipper|Protect|p2b: Pelipper
|-singleturn|p2b: Pelipper|Protect
|move|p1b: Farigiraf|Hyper Voice|p2b: Pelipper|[spread] p2a
|-activate|p2b: Pelipper|move: Protect
|-crit|p2a: Swampert
|-damage|p2a: Swampert|39/100
|move|p1a: Tyranitar|Rock Slide|p2a: Swampert|[spread] p2a
|-activate|p2b: Pelipper|move: Protect
|-resisted|p2a: Swampert|1
|-damage|p2a: Swampert|21/100
|move|p2a: Swampert|Earthquake|p1a: Tyranitar|[spread] p1a,p1b
|-activate|p2b: Pelipper|move: Protect
|-supereffective|p1a: Tyranitar|1
|-damage|p1a: Tyranitar|42/100
|-damage|p1b: Farigiraf|0 fnt
|faint|p1b: Farigiraf
|
|-weather|Sandstorm|[upkeep]
|-damage|p2b: Pelipper|88/100|[from] Sandstorm
|upkeep
|
|t:|1782537090
|switch|p1b: Incineroar|Incineroar, L50, M|21/100
|-ability|p1b: Incineroar|Intimidate|boost
|-unboost|p2a: Swampert|atk|1
|-unboost|p2b: Pelipper|atk|1
|turn|5
|
|t:|1782537106
|switch|p1b: Garchomp|Garchomp, L50, M, shiny|100/100
|move|p2a: Swampert|Protect|p2a: Swampert
|-singleturn|p2a: Swampert|Protect
|move|p1a: Tyranitar|Knock Off|p2a: Swampert
|-activate|p2a: Swampert|move: Protect
|move|p2b: Pelipper|Weather Ball|p1b: Garchomp
|-resisted|p1b: Garchomp|1
|-damage|p1b: Garchomp|84/100
|-damage|p2b: Pelipper|79/100|[from] item: Life Orb
|
|-weather|Sandstorm|[upkeep]
|-damage|p2b: Pelipper|73/100|[from] Sandstorm
|-fieldend|move: Trick Room
|upkeep
|turn|6
|
|t:|1782537121
|switch|p1a: Incineroar|Incineroar, L50, M|21/100
|-ability|p1a: Incineroar|Intimidate|boost
|-unboost|p2a: Swampert|atk|1
|-unboost|p2b: Pelipper|atk|1
|move|p2a: Swampert|Protect||[still]
|-fail|p2a: Swampert
|move|p1b: Garchomp|Rock Slide|p2b: Pelipper|[spread] p2a,p2b
|-resisted|p2a: Swampert|1
|-supereffective|p2b: Pelipper|1
|-crit|p2b: Pelipper
|-damage|p2a: Swampert|12/100
|-damage|p2b: Pelipper|0 fnt
|faint|p2b: Pelipper
|
|-weather|Sandstorm|[upkeep]
|-damage|p1a: Incineroar|15/100|[from] Sandstorm
|upkeep
|turn|7
|-message|kheld forfeited.
|
|win|teyvgc
