|j|☆Sylviana GL
|j|☆Dire claw gaming
|html|Sylviana GLDire claw gaming    
|uhtml|bestof|Game 2 of a best-of-3
|t:|1784691509
|gametype|doubles
|player|p1|Sylviana GL|caitlin|
|player|p2|Dire claw gaming|miku-ghost|
|gen|9
|tier|[Gen 9 Champions] VGC 2026 Reg M-B (Bo3)
|rule|Species Clause: Limit one of each Pokémon
|rule|Item Clause: Limit 1 of each item
|clearpoke
|poke|p1|Grimmsnarl, L50, M|
|poke|p1|Charizard, L50, F|
|poke|p1|Venusaur, L50, F|
|poke|p1|Pelipper, L50, M|
|poke|p1|Basculegion, L50, M|
|poke|p1|Archaludon, L50, F|
|poke|p2|Blaziken, L50, M|
|poke|p2|Kingambit, L50, M|
|poke|p2|Ninetales-Alola, L50, M|
|poke|p2|Toxapex, L50, F, shiny|
|poke|p2|Aerodactyl, L50, F|
|poke|p2|Sneasler, L50, M|
|teampreview|4
|showteam|p1|Grimmsnarl||LightClay|Prankster|SpiritBreak,Reflect,LightScreen,PartingShot|Careful||M|||50|]Charizard||CharizarditeY|SolarPower|HeatWave,WeatherBall,SolarBeam,Protect|Modest||F|||50|]Venusaur||FocusSash|Chlorophyll|SludgeBomb,EarthPower,SleepPowder,Protect|Modest||F|||50|]Pelipper||SitrusBerry|Drizzle|WeatherBall,Hurricane,Tailwind,WideGuard|Modest||M|||50|]Basculegion||ChoiceScarf|Adaptability|WaveCrash,FlipTurn,AquaJet,LastRespects|Serious||M|||50|]Archaludon||Leftovers|Stamina|ElectroShot,FlashCannon,DragonPulse,Protect|Modest||F|||50|
|showteam|p2|Blaziken||Blazikenite|SpeedBoost|FlareBlitz,CloseCombat,RockTomb,Detect|Adamant||M|||50|]Kingambit||ChopleBerry|Defiant|KowtowCleave,SuckerPunch,SwordsDance,Protect|Adamant||M|||50|]Ninetales-Alola||NeverMeltIce|SnowWarning|Blizzard,FreezeDry,Encore,Protect|Timid||M|||50|]Toxapex||Leftovers|Regenerator|Infestation,Toxic,WideGuard,BanefulBunker|Bold||F|||50|]Aerodactyl||Aerodactylite|Unnerve|RockSlide,DualWingbeat,IceFang,Tailwind|Jolly||F|||50|]Sneasler||FocusSash|PoisonTouch|FakeOut,PoisonJab,CloseCombat,Protect|Jolly||M|||50|
|inactive|Battle timer is ON: inactive players will automatically lose when time's up. (requested by Dire claw gaming)
|
|t:|1784691565
|teamsize|p1|4
|teamsize|p2|4
|start
|switch|p1a: Charizard|Charizard, L50, F|100/100
|switch|p1b: Venusaur|Venusaur, L50, F|100/100
|switch|p2a: Sneasler|Sneasler, L50, M|100/100
|switch|p2b: Aerodactyl|Aerodactyl, L50, F|100/100
|-ability|p2b: Aerodactyl|Unnerve
|turn|1
|
|t:|1784691588
|detailschange|p2b: Aerodactyl|Aerodactyl-Mega, L50, F
|-mega|p2b: Aerodactyl|Aerodactyl|Aerodactylite
|move|p1b: Venusaur|Protect|p1b: Venusaur
|-singleturn|p1b: Venusaur|Protect
|move|p1a: Charizard|Protect|p1a: Charizard
|-singleturn|p1a: Charizard|Protect
|move|p2a: Sneasler|Fake Out|p1b: Venusaur
|-activate|p1b: Venusaur|move: Protect
|move|p2b: Aerodactyl|Tailwind|p2b: Aerodactyl
|-sidestart|p2: Dire claw gaming|move: Tailwind
|
|upkeep
|turn|2
|inactive|Sylviana GL has 30 seconds left.
|
|t:|1784691623
|switch|p1a: Basculegion|Basculegion, L50, M|100/100
|move|p2b: Aerodactyl|Rock Slide|p1a: Basculegion|[spread] 
|-miss|p2b: Aerodactyl|p1a: Basculegion
|-miss|p2b: Aerodactyl|p1b: Venusaur
|move|p2a: Sneasler|Close Combat|p1b: Venusaur
|-resisted|p1b: Venusaur|1
|-damage|p1b: Venusaur|55/100
|-unboost|p2a: Sneasler|def|1
|-unboost|p2a: Sneasler|spd|1
|move|p1b: Venusaur|Sleep Powder|p2b: Aerodactyl|[miss]
|-miss|p1b: Venusaur|p2b: Aerodactyl
|
|upkeep
|turn|3
|inactive|Sylviana GL has 30 seconds left.
|
|t:|1784691657
|switch|p2b: Kingambit|Kingambit, L50, M|100/100
|move|p1b: Venusaur|Protect|p1b: Venusaur
|-singleturn|p1b: Venusaur|Protect
|move|p2a: Sneasler|Poison Jab|p1b: Venusaur
|-activate|p1b: Venusaur|move: Protect
|move|p1a: Basculegion|Flip Turn|p2b: Kingambit
|-damage|p2b: Kingambit|70/100
|
|t:|1784691661
|switch|p1a: Charizard|Charizard, L50, F|100/100|[from] Flip Turn
|
|upkeep
|turn|4
|inactive|Sylviana GL has 30 seconds left.
|
|t:|1784691689
|switch|p2b: Aerodactyl|Aerodactyl-Mega, L50, F|100/100
|detailschange|p1a: Charizard|Charizard-Mega-Y, L50, F
|-mega|p1a: Charizard|Charizard|Charizardite Y
|-weather|SunnyDay|[from] ability: Drought|[of] p1a: Charizard
|move|p2a: Sneasler|Poison Jab|p1b: Venusaur
|-damage|p1b: Venusaur|1/100
|move|p1b: Venusaur|Earth Power|p2a: Sneasler
|-supereffective|p2a: Sneasler|1
|-enditem|p2a: Sneasler|Focus Sash
|-damage|p2a: Sneasler|1/100
|move|p1a: Charizard|Heat Wave|p2a: Sneasler|[spread] p2a,p2b
|-resisted|p2b: Aerodactyl|1
|-damage|p2a: Sneasler|0 fnt
|-damage|p2b: Aerodactyl|70/100
|faint|p2a: Sneasler
|
|-weather|SunnyDay|[upkeep]
|-sideend|p2: Dire claw gaming|move: Tailwind
|upkeep
|
|t:|1784691700
|switch|p2a: Ninetales|Ninetales-Alola, L50, M|100/100
|-weather|Snowscape|[from] ability: Snow Warning|[of] p2a: Ninetales
|turn|5
|
|t:|1784691719
|switch|p1a: Basculegion|Basculegion, L50, M|100/100
|move|p1b: Venusaur|Protect|p1b: Venusaur
|-singleturn|p1b: Venusaur|Protect
|move|p2b: Aerodactyl|Tailwind|p2b: Aerodactyl
|-sidestart|p2: Dire claw gaming|move: Tailwind
|move|p2a: Ninetales|Blizzard|p1a: Basculegion|[spread] p1a
|-activate|p1b: Venusaur|move: Protect
|-resisted|p1a: Basculegion|1
|-damage|p1a: Basculegion|77/100
|
|-weather|Snowscape|[upkeep]
|upkeep
|turn|6
|inactive|Sylviana GL has 30 seconds left.
|inactive|Sylviana GL has 20 seconds left.
|inactive|Sylviana GL has 15 seconds left.
|inactive|Sylviana GL has 10 seconds left.
|
|t:|1784691767
|switch|p1a: Archaludon|Archaludon, L50, F|100/100
|move|p2b: Aerodactyl|Rock Slide|p1b: Venusaur|[spread] p1a,p1b
|-resisted|p1a: Archaludon|1
|-damage|p1a: Archaludon|90/100
|-damage|p1b: Venusaur|0 fnt
|-ability|p1a: Archaludon|Stamina|boost
|-boost|p1a: Archaludon|def|1
|faint|p1b: Venusaur
|move|p2a: Ninetales|Freeze-Dry|p1a: Archaludon
|-damage|p1a: Archaludon|60/100
|-ability|p1a: Archaludon|Stamina|boost
|-boost|p1a: Archaludon|def|1
|
|-weather|Snowscape|[upkeep]
|-heal|p1a: Archaludon|66/100|[from] item: Leftovers
|upkeep
|
|t:|1784691775
|switch|p1b: Basculegion|Basculegion, L50, M|77/100
|turn|7
|
|t:|1784691791
|switch|p2b: Kingambit|Kingambit, L50, M|70/100
|switch|p1b: Charizard|Charizard-Mega-Y, L50, F|100/100
|-weather|SunnyDay|[from] ability: Drought|[of] p1b: Charizard
|move|p2a: Ninetales|Freeze-Dry|p1b: Charizard
|-damage|p1b: Charizard|70/100
|move|p1a: Archaludon|Flash Cannon|p2a: Ninetales
|-supereffective|p2a: Ninetales|2
|-crit|p2a: Ninetales
|-damage|p2a: Ninetales|0 fnt
|faint|p2a: Ninetales
|
|-weather|SunnyDay|[upkeep]
|-heal|p1a: Archaludon|72/100|[from] item: Leftovers
|upkeep
|
|t:|1784691801
|switch|p2a: Aerodactyl|Aerodactyl-Mega, L50, F|70/100
|turn|8
|
|t:|1784691810
|move|p1b: Charizard|Protect|p1b: Charizard
|-singleturn|p1b: Charizard|Protect
|move|p2a: Aerodactyl|Rock Slide|p1a: Archaludon|[spread] p1a
|-activate|p1b: Charizard|move: Protect
|-resisted|p1a: Archaludon|1
|-damage|p1a: Archaludon|68/100
|-ability|p1a: Archaludon|Stamina|boost
|-boost|p1a: Archaludon|def|1
|move|p2b: Kingambit|Kowtow Cleave|p1a: Archaludon
|-damage|p1a: Archaludon|54/100
|-ability|p1a: Archaludon|Stamina|boost
|-boost|p1a: Archaludon|def|1
|move|p1a: Archaludon|Flash Cannon|p2a: Aerodactyl
|-supereffective|p2a: Aerodactyl|1
|-damage|p2a: Aerodactyl|0 fnt
|faint|p2a: Aerodactyl
|
|-weather|SunnyDay|[upkeep]
|-heal|p1a: Archaludon|60/100|[from] item: Leftovers
|-sideend|p2: Dire claw gaming|move: Tailwind
|upkeep
|turn|9
|-message|Dire claw gaming forfeited.
|
|win|Sylviana GL
||Dire claw gaming is ready for game 3.
||Sylviana GL is ready for game 3.
|uhtml|next|Next: Game 3 of 3
