|j|☆theson1909
|j|☆raksbach
|html|theson1909raksbach    
|uhtml|bestof|Game 2 of a best-of-3
|t:|1784123275
|gametype|doubles
|player|p1|theson1909|101|1207
|player|p2|raksbach|265|1290
|gen|9
|tier|[Gen 9 Champions] VGC 2026 Reg M-B (Bo3)
|rated|
|rule|Species Clause: Limit one of each Pokémon
|rule|Item Clause: Limit 1 of each item
|clearpoke
|poke|p1|Gengar, L50, F|
|poke|p1|Archaludon, L50, M|
|poke|p1|Politoed, L50, M|
|poke|p1|Swampert, L50, M|
|poke|p1|Vivillon, L50, M|
|poke|p1|Incineroar, L50, M|
|poke|p2|Incineroar, L50, F|
|poke|p2|Maushold, L50|
|poke|p2|Sinistcha, L50|
|poke|p2|Sneasler, L50, F|
|poke|p2|Blastoise, L50, F|
|poke|p2|Delphox, L50, F|
|teampreview|4
|showteam|p1|Gengar||Gengarite|CursedBody|ShadowBall,SludgeBomb,PerishSong,Protect|Modest||F|||50|]Archaludon||Leftovers|Stamina|ElectroShot,DragonPulse,FlashCannon,Protect|Bold||M|||50|]Politoed||SitrusBerry|Drizzle|WeatherBall,Hypnosis,PerishSong,Protect|Calm||M|||50|]Swampert||Swampertite|Torrent|WaveCrash,Earthquake,IcePunch,Protect|Adamant||M|||50|]Vivillon||FocusSash|CompoundEyes|PollenPuff,SleepPowder,RagePowder,Protect|Timid||M|||50|]Incineroar||PasshoBerry|Intimidate|ThroatChop,FakeOut,PartingShot,Protect|Impish||M|||50|
|showteam|p2|Incineroar||SitrusBerry|Intimidate|FakeOut,FlareBlitz,DarkestLariat,PartingShot|Impish||F|||50|]Maushold||ChopleBerry|FriendGuard|SuperFang,FollowMe,Protect,Feint|Impish|||||50|]Sinistcha||OccaBerry|Hospitality|MatchaGotcha,LifeDew,RagePowder,Protect|Bold|||||50|]Sneasler||FocusSash|PoisonTouch|FakeOut,CloseCombat,DireClaw,QuickGuard|Jolly||F|||50|]Blastoise||Blastoisinite|Torrent|WaterSpout,DarkPulse,ShellSmash,Protect|Modest||F|||50|]Delphox||Delphoxite|Blaze|HeatWave,Psychic,NastyPlot,Protect|Timid||F|||50|
|inactive|Battle timer is ON: inactive players will automatically lose when time's up. (requested by raksbach)
|inactive|theson1909 has 60 seconds left.
|inactive|raksbach has 60 seconds left.
|
|t:|1784123323
|teamsize|p1|4
|teamsize|p2|4
|start
|switch|p1a: Incineroar|Incineroar, L50, M|100/100
|switch|p1b: Swampert|Swampert, L50, M|100/100
|switch|p2a: Blastoise|Blastoise, L50, F|100/100
|switch|p2b: Maushold|Maushold, L50|100/100
|-ability|p1a: Incineroar|Intimidate|boost
|-unboost|p2a: Blastoise|atk|1
|-unboost|p2b: Maushold|atk|1
|turn|1
|inactive|raksbach has 30 seconds left.
|inactive|theson1909 has 30 seconds left.
|
|t:|1784123360
|switch|p2a: Sinistcha|Sinistcha, L50|100/100
|detailschange|p1b: Swampert|Swampert-Mega, L50, M
|-mega|p1b: Swampert|Swampert|Swampertite
|move|p1a: Incineroar|Fake Out|p2b: Maushold
|-damage|p2b: Maushold|89/100
|cant|p2b: Maushold|flinch
|move|p1b: Swampert|Wave Crash|p2b: Maushold
|-damage|p2b: Maushold|16/100
|-damage|p1b: Swampert|75/100|[from] Recoil
|
|upkeep
|turn|2
|
|t:|1784123384
|switch|p2b: Blastoise|Blastoise, L50, F|100/100
|move|p1b: Swampert|Ice Punch|p2a: Sinistcha
|-supereffective|p2a: Sinistcha|1
|-damage|p2a: Sinistcha|44/100
|move|p2a: Sinistcha|Matcha Gotcha|p1b: Swampert|[spread] p1a,p1b
|-resisted|p1a: Incineroar|1
|-supereffective|p1b: Swampert|2
|-damage|p1a: Incineroar|91/100
|-heal|p2a: Sinistcha|50/100y|[from] drain|[of] p1a: Incineroar
|-damage|p1b: Swampert|0 fnt
|-heal|p2a: Sinistcha|87/100|[from] drain|[of] p1b: Swampert
|faint|p1b: Swampert
|move|p1a: Incineroar|Throat Chop|p2a: Sinistcha
|-supereffective|p2a: Sinistcha|1
|-damage|p2a: Sinistcha|37/100
|-start|p2a: Sinistcha|Throat Chop|[silent]
|
|upkeep
|inactive|theson1909 has 30 seconds left.
|
|t:|1784123414
|switch|p1b: Politoed|Politoed, L50, M|100/100
|-weather|RainDance|[from] ability: Drizzle|[of] p1b: Politoed
|turn|3
|
|t:|1784123428
|detailschange|p2b: Blastoise|Blastoise-Mega, L50, F
|-mega|p2b: Blastoise|Blastoise|Blastoisinite
|move|p2a: Sinistcha|Rage Powder|p2a: Sinistcha
|-singleturn|p2a: Sinistcha|move: Rage Powder
|move|p2b: Blastoise|Shell Smash|p2b: Blastoise
|-unboost|p2b: Blastoise|def|1
|-unboost|p2b: Blastoise|spd|1
|-boost|p2b: Blastoise|atk|2
|-boost|p2b: Blastoise|spa|2
|-boost|p2b: Blastoise|spe|2
|move|p1b: Politoed|Perish Song|p1b: Politoed
|-start|p1a: Incineroar|perish3|[silent]
|-start|p1b: Politoed|perish3|[silent]
|-start|p2a: Sinistcha|perish3|[silent]
|-start|p2b: Blastoise|perish3|[silent]
|-fieldactivate|move: Perish Song
|move|p1a: Incineroar|Throat Chop|p2a: Sinistcha
|-supereffective|p2a: Sinistcha|1
|-damage|p2a: Sinistcha|0 fnt
|faint|p2a: Sinistcha
|
|-weather|RainDance|[upkeep]
|-start|p2b: Blastoise|perish3
|-start|p1b: Politoed|perish3
|-start|p1a: Incineroar|perish3
|upkeep
|
|t:|1784123444
|switch|p2a: Sneasler|Sneasler, L50, F|100/100
|turn|4
|
|t:|1784123456
|move|p1b: Politoed|Protect|p1b: Politoed
|-singleturn|p1b: Politoed|Protect
|move|p1a: Incineroar|Protect|p1a: Incineroar
|-singleturn|p1a: Incineroar|Protect
|move|p2b: Blastoise|Water Spout|p1b: Politoed|[spread] 
|-activate|p1a: Incineroar|move: Protect
|-activate|p1b: Politoed|move: Protect
|move|p2a: Sneasler|Close Combat|p1b: Politoed
|-activate|p1b: Politoed|move: Protect
|
|-weather|RainDance|[upkeep]
|-start|p2b: Blastoise|perish2
|-start|p1b: Politoed|perish2
|-start|p1a: Incineroar|perish2
|upkeep
|turn|5
|
|t:|1784123479
|switch|p1b: Vivillon|Vivillon, L50, M|100/100
|move|p2b: Blastoise|Water Spout|p1a: Incineroar|[spread] p1a,p1b
|-supereffective|p1a: Incineroar|1
|-crit|p1a: Incineroar
|-enditem|p1a: Incineroar|Passho Berry|[eat]
|-enditem|p1a: Incineroar|Passho Berry|[weaken]
|-damage|p1a: Incineroar|0 fnt
|-enditem|p1b: Vivillon|Focus Sash
|-damage|p1b: Vivillon|1/100
|faint|p1a: Incineroar
|move|p2a: Sneasler|Close Combat|p1b: Vivillon
|-resisted|p1b: Vivillon|2
|-damage|p1b: Vivillon|0 fnt
|-unboost|p2a: Sneasler|def|1
|-unboost|p2a: Sneasler|spd|1
|faint|p1b: Vivillon
|
|-weather|RainDance|[upkeep]
|-start|p2b: Blastoise|perish1
|upkeep
|
|t:|1784123485
|switch|p1b: Politoed|Politoed, L50, M|100/100
|turn|6
|
|t:|1784123496
|switch|p2b: Maushold|Maushold, L50|16/100
|move|p2a: Sneasler|Dire Claw|p1b: Politoed
|-damage|p1b: Politoed|58/100
|move|p1b: Politoed|Weather Ball|p2a: Sneasler
|-damage|p2a: Sneasler|27/100
|
|-weather|RainDance|[upkeep]
|upkeep
|turn|7
|
|t:|1784123512
|move|p2b: Maushold|Follow Me|p2b: Maushold
|-singleturn|p2b: Maushold|move: Follow Me
|move|p2a: Sneasler|Dire Claw|p1b: Politoed
|-damage|p1b: Politoed|21/100
|-enditem|p1b: Politoed|Sitrus Berry|[eat]
|-heal|p1b: Politoed|46/100|[from] item: Sitrus Berry
|move|p1b: Politoed|Weather Ball|p2b: Maushold
|-damage|p2b: Maushold|0 fnt
|faint|p2b: Maushold
|
|-weather|none
|upkeep
|
|t:|1784123518
|switch|p2b: Blastoise|Blastoise-Mega, L50, F|100/100
|turn|8
|
|t:|1784123532
|move|p2a: Sneasler|Close Combat|p1b: Politoed
|-damage|p1b: Politoed|0 fnt
|-unboost|p2a: Sneasler|def|1
|-unboost|p2a: Sneasler|spd|1
|faint|p1b: Politoed
|
|win|raksbach
|raw|theson1909's rating: 1207 → 1188(-19 for losing)
|raw|raksbach's rating: 1290 → 1309(+19 for winning)
