|j|☆Vncentius
|j|☆javi fuego
|html|Vncentiusjavi fuego    
|uhtml|bestof|Game 2 of a best-of-3
|t:|1785929523
|gametype|doubles
|player|p1|Vncentius|266|1279
|player|p2|javi fuego|169|1346
|gen|9
|tier|[Gen 9 Champions] VGC 2026 Reg M-B (Bo3)
|rated|
|rule|Species Clause: Limit one of each Pokémon
|rule|Item Clause: Limit 1 of each item
|clearpoke
|poke|p1|Staraptor, L50, F|
|poke|p1|Vanilluxe, L50, F|
|poke|p1|Farigiraf, L50, M|
|poke|p1|Blastoise, L50, M|
|poke|p1|Kingambit, L50, F|
|poke|p1|Camerupt, L50, F|
|poke|p2|Raichu, L50, M|
|poke|p2|Floette-Eternal, L50, F|
|poke|p2|Sinistcha, L50|
|poke|p2|Ceruledge, L50, F|
|poke|p2|Milotic, L50, F|
|poke|p2|Incineroar, L50, F|
|teampreview|4
|showteam|p1|Staraptor||ChoiceScarf|Intimidate|FinalGambit,BraveBird,CloseCombat,Uturn|Jolly||F|||50|]Vanilluxe||NeverMeltIce|SnowWarning|Blizzard,FreezeDry,Protect,IceShard|Quiet||F|||50|]Farigiraf||SitrusBerry|ArmorTail|PsychicFangs,HyperVoice,HelpingHand,TrickRoom|Relaxed||M|||50|]Blastoise||Blastoisinite|RainDish|FakeOut,WaterSpout,AuraSphere,DarkPulse|Quiet||M|||50|]Kingambit||LifeOrb|Defiant|KowtowCleave,IronHead,Protect,SuckerPunch|Brave||F|||50|]Camerupt||Cameruptite|SolidRock|HeatWave,EarthPower,Protect,AncientPower|Quiet||F|||50|
|showteam|p2|Raichu||RaichuniteY|LightningRod|ZapCannon,FocusBlast,FakeOut,Protect|Timid||M|||50|]Floette-Eternal||Floettite|FlowerVeil|CalmMind,DazzlingGleam,DrainingKiss,Protect|Timid||F|||50|]Sinistcha||KasibBerry|Hospitality|MatchaGotcha,LifeDew,RagePowder,Protect|Relaxed|||||50|]Ceruledge||ColburBerry|FlashFire|BitterBlade,ShadowSneak,BulkUp,Protect|Adamant||F|||50|]Milotic||SitrusBerry|Competitive|Scald,IcyWind,IceBeam,Protect|Calm||F|||50|]Incineroar||PasshoBerry|Intimidate|FlareBlitz,ThroatChop,FakeOut,PartingShot|Impish||F|||50|
|inactive|Battle timer is ON: inactive players will automatically lose when time's up. (requested by Vncentius)
|
|t:|1785929562
|teamsize|p1|4
|teamsize|p2|4
|start
|switch|p1a: Camerupt|Camerupt, L50, F|100/100
|switch|p1b: Farigiraf|Farigiraf, L50, M|100/100
|switch|p2a: Ceruledge|Ceruledge, L50, F|100/100
|switch|p2b: Sinistcha|Sinistcha, L50|100/100
|turn|1
|inactive|Vncentius has 30 seconds left.
|
|t:|1785929595
|switch|p2a: Milotic|Milotic, L50, F|100/100
|detailschange|p1a: Camerupt|Camerupt-Mega, L50, F
|-mega|p1a: Camerupt|Camerupt|Cameruptite
|move|p2b: Sinistcha|Protect|p2b: Sinistcha
|-singleturn|p2b: Sinistcha|Protect
|move|p1a: Camerupt|Heat Wave|p2a: Milotic|[spread] p2a
|-activate|p2b: Sinistcha|move: Protect
|-resisted|p2a: Milotic|1
|-damage|p2a: Milotic|78/100
|move|p1b: Farigiraf|Trick Room|p1b: Farigiraf
|-fieldstart|move: Trick Room|[of] p1b: Farigiraf
|
|upkeep
|turn|2
|
|t:|1785929615
|switch|p1a: Vanilluxe|Vanilluxe, L50, F|100/100
|-weather|Snowscape|[from] ability: Snow Warning|[of] p1a: Vanilluxe
|move|p2b: Sinistcha|Rage Powder|p2b: Sinistcha
|-singleturn|p2b: Sinistcha|move: Rage Powder
|move|p1b: Farigiraf|Hyper Voice|p2b: Sinistcha|[spread] p2a
|-immune|p2b: Sinistcha
|-damage|p2a: Milotic|61/100
|move|p2a: Milotic|Scald|p1a: Vanilluxe
|-damage|p1a: Vanilluxe|71/100
|
|-weather|Snowscape|[upkeep]
|upkeep
|turn|3
|inactive|javi fuego has 30 seconds left.
|
|t:|1785929647
|switch|p1b: Camerupt|Camerupt-Mega, L50, F|100/100
|switch|p2b: Floette|Floette-Eternal, L50, F|100/100
|switch|p2a: Ceruledge|Ceruledge, L50, F|100/100
|move|p1a: Vanilluxe|Blizzard|p2a: Ceruledge|[spread] p2a,p2b
|-resisted|p2a: Ceruledge|1
|-damage|p2a: Ceruledge|76/100
|-damage|p2b: Floette|57/100
|
|-weather|Snowscape|[upkeep]
|upkeep
|turn|4
|inactive|javi fuego has 30 seconds left.
|
|t:|1785929675
|switch|p2b: Sinistcha|Sinistcha, L50|100/100
|-heal|p2a: Ceruledge|100/100|[from] ability: Hospitality|[of] p2b: Sinistcha
|move|p2a: Ceruledge|Protect|p2a: Ceruledge
|-singleturn|p2a: Ceruledge|Protect
|move|p1b: Camerupt|Earth Power|p2a: Ceruledge
|-activate|p2a: Ceruledge|move: Protect
|move|p1a: Vanilluxe|Blizzard|p2a: Ceruledge|[spread] p2b
|-activate|p2a: Ceruledge|move: Protect
|-supereffective|p2b: Sinistcha|1
|-damage|p2b: Sinistcha|1/100
|
|-weather|Snowscape|[upkeep]
|upkeep
|turn|5
|
|t:|1785929698
|move|p2b: Sinistcha|Rage Powder|p2b: Sinistcha
|-singleturn|p2b: Sinistcha|move: Rage Powder
|move|p1a: Vanilluxe|Ice Shard|p2b: Sinistcha
|-supereffective|p2b: Sinistcha|1
|-damage|p2b: Sinistcha|0 fnt
|faint|p2b: Sinistcha
|move|p1b: Camerupt|Earth Power|p2a: Ceruledge
|-supereffective|p2a: Ceruledge|1
|-damage|p2a: Ceruledge|0 fnt
|faint|p2a: Ceruledge
|
|-weather|Snowscape|[upkeep]
|-fieldend|move: Trick Room
|upkeep
|
|t:|1785929706
|switch|p2a: Milotic|Milotic, L50, F|61/100
|switch|p2b: Floette|Floette-Eternal, L50, F|57/100
|turn|6
|
|t:|1785929715
|switch|p1b: Farigiraf|Farigiraf, L50, M|100/100
|detailschange|p2b: Floette|Floette-Mega, L50, F
|-mega|p2b: Floette|Floette|Floettite
|-ability|p2b: Floette|Fairy Aura
|move|p2b: Floette|Calm Mind|p2b: Floette
|-boost|p2b: Floette|spa|1
|-boost|p2b: Floette|spd|1
|move|p2a: Milotic|Scald|p1b: Farigiraf
|-damage|p1b: Farigiraf|75/100
|move|p1a: Vanilluxe|Freeze-Dry|p2a: Milotic
|-supereffective|p2a: Milotic|1
|-damage|p2a: Milotic|7/100
|-enditem|p2a: Milotic|Sitrus Berry|[eat]
|-heal|p2a: Milotic|32/100|[from] item: Sitrus Berry
|
|-weather|none
|upkeep
|turn|7
|inactive|javi fuego has 30 seconds left.
|inactive|javi fuego has 20 seconds left.
|inactive|javi fuego has 15 seconds left.
|inactive|javi fuego has 10 seconds left.
|
|t:|1785929761
|move|p2a: Milotic|Protect|p2a: Milotic
|-singleturn|p2a: Milotic|Protect
|move|p2b: Floette|Draining Kiss|p1b: Farigiraf
|-damage|p1b: Farigiraf|28/100
|-heal|p2b: Floette|100/100|[from] drain|[of] p1b: Farigiraf
|-enditem|p1b: Farigiraf|Sitrus Berry|[eat]
|-heal|p1b: Farigiraf|53/100|[from] item: Sitrus Berry
|move|p1a: Vanilluxe|Freeze-Dry|p2a: Milotic
|-activate|p2a: Milotic|move: Protect
|move|p1b: Farigiraf|Trick Room|p1b: Farigiraf
|-fieldstart|move: Trick Room|[of] p1b: Farigiraf
|
|upkeep
|turn|8
|
|t:|1785929783
|move|p2a: Milotic|Protect||[still]
|-fail|p2a: Milotic
|move|p1b: Farigiraf|Hyper Voice|p2b: Floette|[spread] p2a,p2b
|-damage|p2a: Milotic|16/100
|-damage|p2b: Floette|86/100
|move|p1a: Vanilluxe|Freeze-Dry|p2a: Milotic
|-supereffective|p2a: Milotic|1
|-damage|p2a: Milotic|0 fnt
|faint|p2a: Milotic
|move|p2b: Floette|Draining Kiss|p1a: Vanilluxe
|-damage|p1a: Vanilluxe|21/100
|-heal|p2b: Floette|100/100|[from] drain|[of] p1a: Vanilluxe
|
|upkeep
|turn|9
|
|t:|1785929800
|switch|p1b: Camerupt|Camerupt-Mega, L50, F|100/100
|move|p2b: Floette|Protect|p2b: Floette
|-singleturn|p2b: Floette|Protect
|move|p1a: Vanilluxe|Freeze-Dry|p2b: Floette
|-activate|p2b: Floette|move: Protect
|
|upkeep
|turn|10
|inactive|Vncentius has 30 seconds left.
|
|t:|1785929827
|switch|p1a: Kingambit|Kingambit, L50, F|100/100
|move|p1b: Camerupt|Earth Power|p2b: Floette
|-damage|p2b: Floette|61/100
|move|p2b: Floette|Draining Kiss|p1b: Camerupt
|-resisted|p1b: Camerupt|1
|-damage|p1b: Camerupt|76/100
|-heal|p2b: Floette|81/100|[from] drain|[of] p1b: Camerupt
|
|upkeep
|turn|11
|inactive|Vncentius has 30 seconds left.
|
|t:|1785929855
|switch|p1b: Farigiraf|Farigiraf, L50, M|53/100
|move|p2b: Floette|Protect|p2b: Floette
|-singleturn|p2b: Floette|Protect
|move|p1a: Kingambit|Iron Head|p2b: Floette
|-activate|p2b: Floette|move: Protect
|
|-fieldend|move: Trick Room
|upkeep
|turn|12
|
|t:|1785929868
|move|p2b: Floette|Draining Kiss|p1b: Farigiraf
|-damage|p1b: Farigiraf|10/100
|-heal|p2b: Floette|100/100|[from] drain|[of] p1b: Farigiraf
|move|p1a: Kingambit|Iron Head|p2b: Floette
|-supereffective|p2b: Floette|1
|-damage|p2b: Floette|0 fnt
|faint|p2b: Floette
|-damage|p1a: Kingambit|90/100|[from] item: Life Orb
|
|win|Vncentius
|inactive|Vncentius has 30 seconds to confirm battle start!
|inactive|javi fuego has 30 seconds to confirm battle start!
||Vncentius is ready for game 3.
|inactive|javi fuego has 20 seconds to confirm battle start!
|inactive|javi fuego has 10 seconds to confirm battle start!
|uhtml|next|Next: Game 3 of 3
|l|☆Vncentius
|player|p1|
