|j|☆Wyvern1210
|j|☆grimI0I
|html|Wyvern1210grimI0I    
|uhtml|bestof|Game 2 of a best-of-3
|t:|1785351143
|gametype|doubles
|player|p1|Wyvern1210|volkner|1000
|player|p2|grimI0I|1|1000
|gen|9
|tier|[Gen 9 Champions] VGC 2026 Reg M-B (Bo3)
|rated|
|rule|Species Clause: Limit one of each Pokémon
|rule|Item Clause: Limit 1 of each item
|clearpoke
|poke|p1|Falinks, L50|
|poke|p1|Pelipper, L50, F|
|poke|p1|Swampert, L50, M|
|poke|p1|Archaludon, L50, F|
|poke|p1|Dragonite, L50, M|
|poke|p1|Incineroar, L50, M|
|poke|p2|Staraptor, L50, M|
|poke|p2|Talonflame, L50, M|
|poke|p2|Sinistcha, L50|
|poke|p2|Swampert, L50, M|
|poke|p2|Garchomp, L50, M|
|poke|p2|Pelipper, L50, F|
|teampreview|4
|showteam|p1|Falinks||Falinksite|Defiant|CloseCombat,FirstImpression,PoisonJab,NoRetreat|Jolly|||||50|]Pelipper||DampRock|Drizzle|Tailwind,WideGuard,WeatherBall,Hurricane|Modest||F|||50|]Swampert||Swampertite|Torrent|Liquidation,Earthquake,HammerArm,Protect|Serious||M|||50|]Archaludon||LifeOrb|Stamina|DracoMeteor,ElectroShot,FlashCannon,Protect|Serious||F|||50|]Dragonite||SharpBeak|Multiscale|DragonClaw,Hurricane,ExtremeSpeed,Protect|Rash||M|||50|]Incineroar||Leftovers|Intimidate|TemperFlare,DarkestLariat,FakeOut,PartingShot|Brave||M|||50|
|showteam|p2|Staraptor||Staraptite|Intimidate|Substitute,Roost,CloseCombat,BraveBird|Jolly||M|||50|]Talonflame|||GaleWings|Defog,Acrobatics,WillOWisp,Tailwind|Jolly||M|||50|]Sinistcha||SitrusBerry|Hospitality|MatchaGotcha,Protect,RagePowder,Scald|Bold|||||50|]Swampert||Swampertite|Damp|Earthquake,WaveCrash,IcePunch,Protect|Jolly||M|||50|]Garchomp||ChoiceScarf|RoughSkin|DragonClaw,RockSlide,StompingTantrum,IronHead|Jolly||M|||50|]Pelipper||FocusSash|Drizzle|Hurricane,WeatherBall,WideGuard,Protect|Bold||F|||50|
|inactive|Battle timer is ON: inactive players will automatically lose when time's up. (requested by grimI0I)
|inactive|Wyvern1210 also wants the timer to be on.
|
|t:|1785351163
|teamsize|p1|4
|teamsize|p2|4
|start
|switch|p1a: Falinks|Falinks, L50|100/100
|switch|p1b: Incineroar|Incineroar, L50, M|100/100
|switch|p2a: Pelipper|Pelipper, L50, F|100/100
|switch|p2b: Swampert|Swampert, L50, M|100/100
|-weather|RainDance|[from] ability: Drizzle|[of] p2a: Pelipper
|-ability|p1b: Incineroar|Intimidate|boost
|-unboost|p2a: Pelipper|atk|1
|-unboost|p2b: Swampert|atk|1
|turn|1
|
|t:|1785351189
|switch|p2a: Garchomp|Garchomp, L50, M|100/100
|detailschange|p1a: Falinks|Falinks-Mega, L50
|-mega|p1a: Falinks|Falinks|Falinksite
|move|p2b: Swampert|Protect|p2b: Swampert
|-singleturn|p2b: Swampert|Protect
|move|p1b: Incineroar|Fake Out|p2a: Garchomp
|-damage|p2a: Garchomp|87/100
|-damage|p1b: Incineroar|87/100|[from] ability: Rough Skin|[of] p2a: Garchomp
|move|p1a: Falinks|First Impression|p2b: Swampert
|-activate|p2b: Swampert|move: Protect
|
|-weather|RainDance|[upkeep]
|-heal|p1b: Incineroar|93/100|[from] item: Leftovers
|upkeep
|turn|2
|
|t:|1785351210
|switch|p2b: Sinistcha|Sinistcha, L50|100/100
|-heal|p2a: Garchomp|100/100|[from] ability: Hospitality|[of] p2b: Sinistcha
|move|p2a: Garchomp|Rock Slide|p1a: Falinks|[spread] p1a
|-miss|p2a: Garchomp|p1b: Incineroar
|-resisted|p1a: Falinks|1
|-damage|p1a: Falinks|91/100
|move|p1a: Falinks|No Retreat|p1a: Falinks
|-boost|p1a: Falinks|atk|1
|-boost|p1a: Falinks|def|1
|-boost|p1a: Falinks|spa|1
|-boost|p1a: Falinks|spd|1
|-boost|p1a: Falinks|spe|1
|-start|p1a: Falinks|move: No Retreat
|move|p1b: Incineroar|Parting Shot|p2b: Sinistcha
|-unboost|p2b: Sinistcha|atk|1
|-unboost|p2b: Sinistcha|spa|1
|
|t:|1785351226
|switch|p1b: Dragonite|Dragonite, L50, M|100/100|[from] Parting Shot
|
|-weather|RainDance|[upkeep]
|upkeep
|turn|3
|
|t:|1785351242
|move|p2a: Garchomp|Rock Slide|p1b: Dragonite|[spread] p1a,p1b
|-resisted|p1a: Falinks|1
|-supereffective|p1b: Dragonite|1
|-damage|p1a: Falinks|85/100
|-damage|p1b: Dragonite|79/100
|move|p1a: Falinks|Poison Jab|p2b: Sinistcha
|-damage|p2b: Sinistcha|63/100
|-status|p2b: Sinistcha|psn
|cant|p1b: Dragonite|flinch
|move|p2b: Sinistcha|Matcha Gotcha|p1a: Falinks|[spread] p1a,p1b
|-resisted|p1b: Dragonite|2
|-damage|p1a: Falinks|65/100
|-heal|p2b: Sinistcha|71/100 psn|[from] drain|[of] p1a: Falinks
|-damage|p1b: Dragonite|74/100
|-heal|p2b: Sinistcha|74/100 psn|[from] drain|[of] p1b: Dragonite
|
|-weather|RainDance|[upkeep]
|-damage|p2b: Sinistcha|61/100 psn|[from] psn
|upkeep
|turn|4
|
|t:|1785351266
|move|p2a: Garchomp|Rock Slide|p1b: Dragonite|[spread] p1a,p1b
|-resisted|p1a: Falinks|1
|-supereffective|p1b: Dragonite|1
|-damage|p1a: Falinks|59/100
|-damage|p1b: Dragonite|30/100
|cant|p1a: Falinks|flinch
|move|p1b: Dragonite|Hurricane|p2b: Sinistcha
|-supereffective|p2b: Sinistcha|1
|-damage|p2b: Sinistcha|0 fnt
|faint|p2b: Sinistcha
|
|-weather|RainDance|[upkeep]
|upkeep
|
|t:|1785351275
|switch|p2b: Swampert|Swampert, L50, M|100/100
|turn|5
|
|t:|1785351285
|detailschange|p2b: Swampert|Swampert-Mega, L50, M
|-mega|p2b: Swampert|Swampert|Swampertite
|move|p2a: Garchomp|Rock Slide|p1b: Dragonite|[spread] p1a,p1b
|-resisted|p1a: Falinks|1
|-supereffective|p1b: Dragonite|1
|-damage|p1a: Falinks|53/100
|-damage|p1b: Dragonite|0 fnt
|faint|p1b: Dragonite
|move|p1a: Falinks|Close Combat|p2b: Swampert
|-damage|p2b: Swampert|21/100
|-unboost|p1a: Falinks|def|1
|-unboost|p1a: Falinks|spd|1
|move|p2b: Swampert|Wave Crash|p1a: Falinks
|-damage|p1a: Falinks|0 fnt
|faint|p1a: Falinks
|-damage|p2b: Swampert|9/100|[from] Recoil
|
|-weather|none
|upkeep
|
|t:|1785351303
|switch|p1a: Incineroar|Incineroar, L50, M|93/100
|switch|p1b: Archaludon|Archaludon, L50, F|100/100
|-ability|p1a: Incineroar|Intimidate|boost
|-unboost|p2a: Garchomp|atk|1
|-unboost|p2b: Swampert|atk|1
|turn|6
|
|t:|1785351313
|switch|p2b: Pelipper|Pelipper, L50, F|100/100
|-weather|RainDance|[from] ability: Drizzle|[of] p2b: Pelipper
|move|p1a: Incineroar|Fake Out|p2b: Pelipper
|-damage|p2b: Pelipper|89/100
|move|p2a: Garchomp|Rock Slide|p1b: Archaludon|[spread] p1a,p1b
|-supereffective|p1a: Incineroar|1
|-resisted|p1b: Archaludon|1
|-crit|p1b: Archaludon
|-damage|p1a: Incineroar|70/100
|-damage|p1b: Archaludon|88/100
|-ability|p1b: Archaludon|Stamina|boost
|-boost|p1b: Archaludon|def|1
|cant|p1b: Archaludon|flinch
|
|-weather|RainDance|[upkeep]
|-heal|p1a: Incineroar|76/100|[from] item: Leftovers
|upkeep
|turn|7
|inactive|grimI0I has 30 seconds left.
|
|t:|1785351347
|move|p2a: Garchomp|Rock Slide|p1a: Incineroar|[spread] p1a
|-miss|p2a: Garchomp|p1b: Archaludon
|-supereffective|p1a: Incineroar|1
|-damage|p1a: Incineroar|53/100
|move|p1b: Archaludon|Draco Meteor|p2a: Garchomp
|-supereffective|p2a: Garchomp|1
|-damage|p2a: Garchomp|0 fnt
|-unboost|p1b: Archaludon|spa|2
|faint|p2a: Garchomp
|-damage|p1b: Archaludon|78/100|[from] item: Life Orb
|move|p2b: Pelipper|Weather Ball|p1b: Archaludon
|-resisted|p1b: Archaludon|1
|-damage|p1b: Archaludon|51/100
|-ability|p1b: Archaludon|Stamina|boost
|-boost|p1b: Archaludon|def|1
|move|p1a: Incineroar|Darkest Lariat|p2b: Pelipper
|-damage|p2b: Pelipper|62/100
|
|-weather|RainDance|[upkeep]
|-heal|p1a: Incineroar|59/100|[from] item: Leftovers
|upkeep
|
|t:|1785351351
|switch|p2a: Swampert|Swampert-Mega, L50, M|9/100
|turn|8
|
|t:|1785351375
|move|p2a: Swampert|Earthquake|p1b: Archaludon|[spread] p1a,p1b
|-immune|p2b: Pelipper
|-supereffective|p1a: Incineroar|1
|-supereffective|p1b: Archaludon|1
|-damage|p1a: Incineroar|0 fnt
|-damage|p1b: Archaludon|20/100y
|-ability|p1b: Archaludon|Stamina|boost
|-boost|p1b: Archaludon|def|1
|faint|p1a: Incineroar
|move|p1b: Archaludon|Electro Shot||[still]
|-prepare|p1b: Archaludon|Electro Shot
|-boost|p1b: Archaludon|spa|1
|-anim|p1b: Archaludon|Electro Shot|p2b: Pelipper
|-supereffective|p2b: Pelipper|2
|-damage|p2b: Pelipper|0 fnt
|faint|p2b: Pelipper
|-damage|p1b: Archaludon|10/100|[from] item: Life Orb
|
|-weather|RainDance|[upkeep]
|upkeep
|turn|9
|
|t:|1785351393
|move|p2a: Swampert|Earthquake|p1b: Archaludon
|-supereffective|p1b: Archaludon|1
|-damage|p1b: Archaludon|0 fnt
|faint|p1b: Archaludon
|
|win|grimI0I
|raw|Wyvern1210's rating: 1000 → 1000(+0 for losing)
|raw|grimI0I's rating: 1000 → 1040(+40 for winning)
|c|☆grimI0I|gg
