|j|☆lastduck
|j|☆einresi
|html|lastduckeinresi    
|uhtml|bestof|Game 2 of a best-of-3
|t:|1783933209
|gametype|doubles
|player|p1|lastduck|265|
|player|p2|einresi|brock|
|gen|9
|tier|[Gen 9 Champions] VGC 2026 Reg M-B (Bo3)
|rule|Species Clause: Limit one of each Pokémon
|rule|Item Clause: Limit 1 of each item
|clearpoke
|poke|p1|Simisear, L50, F|
|poke|p1|Farigiraf, L50, F|
|poke|p1|Kingambit, L50, M|
|poke|p1|Sylveon, L50, M|
|poke|p1|Camerupt, L50, F|
|poke|p1|Quaquaval, L50, F|
|poke|p2|Crabominable, L50, F|
|poke|p2|Grimmsnarl, L50, M|
|poke|p2|Zoroark-Hisui, L50, M|
|poke|p2|Meganium, L50, F|
|poke|p2|Glaceon, L50, F|
|poke|p2|Slowking-Galar, L50, F|
|teampreview|4
|showteam|p1|Simisear||MentalHerb|Blaze|FakeOut,SunnyDay,Protect,WillOWisp|Careful||F|||50|]Farigiraf||SitrusBerry|ArmorTail|Crunch,Protect,TrickRoom,Psychic|Calm||F|||50|]Kingambit||LifeOrb|SupremeOverlord|KowtowCleave,SuckerPunch,IronHead,Protect|Brave||M|||50|]Sylveon||FairyFeather|Pixilate|HyperBeam,HyperVoice,Protect,LightScreen|Bold||M|||50|]Camerupt||Cameruptite|MagmaArmor|AncientPower,EarthPower,HeatWave,Protect|Rash||F|||50|]Quaquaval||Leftovers|Moxie|BrickBreak,TripleAxel,AquaStep,Protect|Jolly||F|||50|
|showteam|p2|Crabominable||Crabominite|IronFist|DrainPunch,MachPunch,Protect,IceHammer|Brave||F|||50|]Grimmsnarl||LightClay|Prankster|LightScreen,Reflect,SpiritBreak,FakeOut|Careful||M|||50|]Zoroark-Hisui||ChoiceScarf|Illusion|ShadowBall,HyperVoice,IcyWind,BitterMalice|Timid||M|||50|]Meganium||Meganiumite|Overgrow|EarthPower,WeatherBall,SolarBeam,Protect|Modest||F|||50|]Glaceon||NeverMeltIce|SnowCloak|FreezeDry,Blizzard,IceShard,Detect|Modest||F|||50|]Slowking-Galar||MentalHerb|Regenerator|TrickRoom,AcidSpray,Imprison,ChillyReception|Serious||F|||50|
|inactive|Battle timer is ON: inactive players will automatically lose when time's up. (requested by lastduck)
|
|t:|1783933272
|teamsize|p1|4
|teamsize|p2|4
|start
|switch|p1a: Farigiraf|Farigiraf, L50, F|100/100
|switch|p1b: Sylveon|Sylveon, L50, M|100/100
|switch|p2a: Slowking|Slowking-Galar, L50, F|100/100
|switch|p2b: Meganium|Meganium, L50, F|100/100
|turn|1
|
|t:|1783933288
|detailschange|p2b: Meganium|Meganium-Mega, L50, F
|-mega|p2b: Meganium|Meganium|Meganiumite
|move|p2b: Meganium|Solar Beam||[still]
|-prepare|p2b: Meganium|Solar Beam
|-activate|p2b: Meganium|ability: Mega Sol
|-anim|p2b: Meganium|Solar Beam|p1a: Farigiraf
|-damage|p1a: Farigiraf|35/100
|-enditem|p1a: Farigiraf|Sitrus Berry|[eat]
|-heal|p1a: Farigiraf|59/100|[from] item: Sitrus Berry
|move|p1b: Sylveon|Light Screen|p1b: Sylveon
|-sidestart|p1: lastduck|move: Light Screen
|move|p2a: Slowking|Imprison|p2a: Slowking
|-start|p2a: Slowking|move: Imprison
|cant|p1a: Farigiraf|move: Imprison|Trick Room
|
|upkeep
|turn|2
|inactive|lastduck has 30 seconds left.
|inactive|einresi has 30 seconds left.
|inactive|lastduck has 20 seconds left.
|
|t:|1783933325
|switch|p1a: Quaquaval|Quaquaval, L50, F|100/100
|move|p2b: Meganium|Solar Beam||[still]
|-prepare|p2b: Meganium|Solar Beam
|-activate|p2b: Meganium|ability: Mega Sol
|-anim|p2b: Meganium|Solar Beam|p1a: Quaquaval
|-supereffective|p1a: Quaquaval|1
|-damage|p1a: Quaquaval|0 fnt
|faint|p1a: Quaquaval
|move|p1b: Sylveon|Hyper Voice|p2b: Meganium|[spread] p2a,p2b
|-resisted|p2a: Slowking|1
|-crit|p2a: Slowking
|-crit|p2b: Meganium
|-damage|p2a: Slowking|72/100
|-damage|p2b: Meganium|41/100
|-prepare|p2a: Slowking|Chilly Reception|[premajor]
|move|p2a: Slowking|Chilly Reception|p2a: Slowking
|-weather|Snowscape
|
|t:|1783933339
|-heal|p2a: Slowking|100/100|[from] ability: Regenerator|[silent]
|switch|p2a: Glaceon|Glaceon, L50, F|100/100|[from] Chilly Reception
|
|-weather|Snowscape|[upkeep]
|upkeep
|
|t:|1783933345
|switch|p1a: Farigiraf|Farigiraf, L50, F|59/100
|turn|3
|
|t:|1783933365
|switch|p2b: Grimmsnarl|Grimmsnarl, L50, M|100/100
|move|p1a: Farigiraf|Protect|p1a: Farigiraf
|-singleturn|p1a: Farigiraf|Protect
|move|p2a: Glaceon|Blizzard|p1a: Farigiraf|[spread] p1b
|-activate|p1a: Farigiraf|move: Protect
|-damage|p1b: Sylveon|74/100
|move|p1b: Sylveon|Hyper Voice|p2b: Grimmsnarl|[spread] p2b
|-miss|p1b: Sylveon|p2a: Glaceon
|-supereffective|p2b: Grimmsnarl|1
|-crit|p2b: Grimmsnarl
|-damage|p2b: Grimmsnarl|0 fnt
|faint|p2b: Grimmsnarl
|
|-weather|Snowscape|[upkeep]
|upkeep
|c|☆lastduck|crits galore
|
|t:|1783933382
|switch|p2b: Slowking|Slowking-Galar, L50, F|100/100
|turn|4
|
|t:|1783933389
|move|p2a: Glaceon|Blizzard|p1a: Farigiraf|[spread] p1a,p1b
|-damage|p1a: Farigiraf|29/100
|-damage|p1b: Sylveon|48/100
|-status|p1a: Farigiraf|frz
|move|p1b: Sylveon|Hyper Voice|p2a: Glaceon|[spread] p2a,p2b
|-resisted|p2b: Slowking|1
|-damage|p2a: Glaceon|46/100
|-damage|p2b: Slowking|82/100
|cant|p1a: Farigiraf|frz
|move|p2b: Slowking|Imprison|p2b: Slowking
|-start|p2b: Slowking|move: Imprison
|
|-weather|Snowscape|[upkeep]
|upkeep
|turn|5
|inactive|lastduck has 30 seconds left.
|
|t:|1783933423
|move|p1b: Sylveon|Protect|p1b: Sylveon
|-singleturn|p1b: Sylveon|Protect
|move|p2a: Glaceon|Blizzard|p1b: Sylveon|[spread] p1a
|-activate|p1b: Sylveon|move: Protect
|-damage|p1a: Farigiraf|0 fnt
|faint|p1a: Farigiraf
|move|p2b: Slowking|Acid Spray|p1b: Sylveon
|-activate|p1b: Sylveon|move: Protect
|
|-weather|Snowscape|[upkeep]
|-sideend|p1: lastduck|move: Light Screen
|upkeep
|
|t:|1783933433
|switch|p1a: Camerupt|Camerupt, L50, F|100/100
|turn|6
|
|t:|1783933456
|detailschange|p1a: Camerupt|Camerupt-Mega, L50, F
|-mega|p1a: Camerupt|Camerupt|Cameruptite
|move|p2a: Glaceon|Blizzard|p1b: Sylveon|[spread] p1a,p1b
|-damage|p1a: Camerupt|37/100
|-damage|p1b: Sylveon|9/100
|move|p1b: Sylveon|Light Screen|p1b: Sylveon
|-sidestart|p1: lastduck|move: Light Screen
|move|p2b: Slowking|Acid Spray|p1b: Sylveon
|-supereffective|p1b: Sylveon|1
|-damage|p1b: Sylveon|0 fnt
|faint|p1b: Sylveon
|move|p1a: Camerupt|Heat Wave|p2a: Glaceon|[spread] p2b
|-miss|p1a: Camerupt|p2a: Glaceon
|-damage|p2b: Slowking|34/100
|
|-weather|none
|upkeep
|turn|7
|
|t:|1783933473
|move|p2a: Glaceon|Freeze-Dry|p1a: Camerupt
|-damage|p1a: Camerupt|0 fnt
|faint|p1a: Camerupt
|
|win|einresi
||einresi is ready for game 3.
||lastduck is ready for game 3.
|uhtml|next|Next: Game 3 of 3
|l|☆einresi
|player|p2|
|l|☆lastduck
|player|p1|
|j|☆lastduck
|player|p1|lastduck|265|
