|j|☆BuffBuneary
|j|☆RosieAndJim
|html|BuffBunearyRosieAndJim    
|uhtml|bestof|Game 1 of a best-of-3
|t:|1756665732
|gametype|doubles
|player|p1|BuffBuneary|shauntal|1070
|player|p2|RosieAndJim|169|1135
|gen|9
|tier|[Gen 9] VGC 2025 Reg H (Bo3)
|rated|
|rule|Species Clause: Limit one of each Pokémon
|rule|Item Clause: Limit 1 of each item
|clearpoke
|poke|p1|Annihilape, L50, M|
|poke|p1|Ninetales-Alola, L50, F|
|poke|p1|Talonflame, L50, F|
|poke|p1|Garchomp, L50, M|
|poke|p1|Vivillon-Ocean, L50, F|
|poke|p1|Gholdengo, L50|
|poke|p2|Archaludon, L50, F|
|poke|p2|Garchomp, L50, M|
|poke|p2|Incineroar, L50, M|
|poke|p2|Pelipper, L50, M|
|poke|p2|Talonflame, L50, M|
|poke|p2|Rillaboom, L50, M|
|teampreview|4
|showteam|p1|Annihilape||SafetyGoggles|Defiant|RageFist,DrainPunch,BulkUp,Protect|||M|||50|,,,,,Water]Ninetales-Alola||CovertCloak|SnowWarning|Blizzard,FreezeDry,AuroraVeil,Protect|||F|||50|,,,,,Ice]Talonflame||SharpBeak|GaleWings|DualWingbeat,Tailwind,WillOWisp,Protect|||F|||50|,,,,,Ghost]Garchomp||LifeOrb|RoughSkin|Earthquake,StompingTantrum,DragonClaw,Protect|||M|||50|,,,,,Steel]Vivillon-Ocean||FocusSash|CompoundEyes|SleepPowder,Hurricane,RagePowder,Protect|||F|||50|,,,,,Ghost]Gholdengo||IronPlate|GoodasGold|MakeItRain,ShadowBall,NastyPlot,Protect||||||50|,,,,,Steel
|showteam|p2|Archaludon||AssaultVest|Stamina|ElectroShot,DragonPulse,BodyPress,Snarl|||F|||50|,,,,,Grass]Garchomp||LifeOrb|RoughSkin|Earthquake,DragonClaw,StompingTantrum,Protect|||M|||50|,,,,,Ground]Incineroar||SafetyGoggles|Intimidate|FlareBlitz,KnockOff,PartingShot,FakeOut|||M|||50|,,,,,Ghost]Pelipper||FocusSash|Drizzle|WeatherBall,Hurricane,Tailwind,Protect|||M|||50|,,,,,Stellar]Talonflame||CovertCloak|GaleWings|BraveBird,Tailwind,Taunt,RainDance|||M|||50|,,,,,Flying]Rillaboom||ChoiceBand|GrassySurge|WoodHammer,GrassyGlide,HighHorsepower,Uturn|||M|||50|,,,,,Fire
|inactive|Battle timer is ON: inactive players will automatically lose when time's up. (requested by RosieAndJim)
|inactive|BuffBuneary has 60 seconds left.
|
|t:|1756665809
|teamsize|p1|4
|teamsize|p2|4
|start
|switch|p1a: Ninetales|Ninetales-Alola, L50, F, shiny|100/100
|switch|p1b: Annihilape|Annihilape, L50, M, shiny|100/100
|switch|p2a: Talonflame|Talonflame, L50, M|100/100
|switch|p2b: Rillaboom|Rillaboom, L50, M|100/100
|-weather|Snowscape|[from] ability: Snow Warning|[of] p1a: Ninetales
|-fieldstart|move: Grassy Terrain|[from] ability: Grassy Surge|[of] p2b: Rillaboom
|turn|1
|inactive|BuffBuneary has 30 seconds left.
|inactive|RosieAndJim has 30 seconds left.
|inactive|BuffBuneary has 20 seconds left.
|inactive|RosieAndJim has 20 seconds left.
|inactive|BuffBuneary has 15 seconds left.
|inactive|RosieAndJim has 15 seconds left.
|inactive|BuffBuneary has 10 seconds left.
|inactive|RosieAndJim has 10 seconds left.
|inactive|RosieAndJim has 5 seconds left.
|
|t:|1756665859
|-terastallize|p2b: Rillaboom|Fire
|move|p2a: Talonflame|Taunt|p1b: Annihilape
|-start|p1b: Annihilape|move: Taunt
|move|p1a: Ninetales|Aurora Veil|p1a: Ninetales
|-sidestart|p1: BuffBuneary|move: Aurora Veil
|move|p1b: Annihilape|Rage Fist|p2a: Talonflame
|-damage|p2a: Talonflame|71/100
|move|p2b: Rillaboom|U-turn|p1a: Ninetales
|-resisted|p1a: Ninetales
|-damage|p1a: Ninetales|89/100
|
|t:|1756665876
|switch|p2b: Archaludon|Archaludon, L50, F|100/100|[from] U-turn
|
|-weather|Snowscape|[upkeep]
|-heal|p1a: Ninetales|95/100|[from] Grassy Terrain
|upkeep
|turn|2
|
|t:|1756665893
|move|p2a: Talonflame|Rain Dance|p2a: Talonflame
|-weather|RainDance
|move|p1a: Ninetales|Blizzard|p2b: Archaludon|[spread] p2a,p2b
|-damage|p2a: Talonflame|24/100
|-damage|p2b: Archaludon|78/100
|-ability|p2b: Archaludon|Stamina|boost
|-boost|p2b: Archaludon|def|1
|move|p1b: Annihilape|Drain Punch|p2b: Archaludon
|-supereffective|p2b: Archaludon
|-damage|p2b: Archaludon|50/100
|-ability|p2b: Archaludon|Stamina|boost
|-boost|p2b: Archaludon|def|1
|move|p2b: Archaludon|Electro Shot||[still]
|-prepare|p2b: Archaludon|Electro Shot
|-boost|p2b: Archaludon|spa|1
|-anim|p2b: Archaludon|Electro Shot|p1b: Annihilape
|-damage|p1b: Annihilape|65/100
|
|-weather|RainDance|[upkeep]
|-heal|p1a: Ninetales|100/100|[from] Grassy Terrain
|-heal|p1b: Annihilape|71/100|[from] Grassy Terrain
|-heal|p2b: Archaludon|56/100|[from] Grassy Terrain
|upkeep
|turn|3
|inactive|BuffBuneary has 30 seconds left.
|inactive|RosieAndJim has 30 seconds left.
|inactive|BuffBuneary has 20 seconds left.
|inactive|BuffBuneary has 15 seconds left.
|
|t:|1756665933
|move|p2a: Talonflame|Brave Bird|p1b: Annihilape
|-supereffective|p1b: Annihilape
|-damage|p1b: Annihilape|8/100
|-damage|p2a: Talonflame|0 fnt|[from] Recoil
|faint|p2a: Talonflame
|move|p1a: Ninetales|Blizzard|p2b: Archaludon
|-damage|p2b: Archaludon|27/100
|-ability|p2b: Archaludon|Stamina|boost
|-boost|p2b: Archaludon|def|1
|move|p1b: Annihilape|Drain Punch|p2b: Archaludon
|-supereffective|p2b: Archaludon
|-damage|p2b: Archaludon|11/100
|-heal|p1b: Annihilape|16/100|[from] drain|[of] p2b: Archaludon
|-ability|p2b: Archaludon|Stamina|boost
|-boost|p2b: Archaludon|def|1
|move|p2b: Archaludon|Electro Shot||[still]
|-prepare|p2b: Archaludon|Electro Shot
|-boost|p2b: Archaludon|spa|1
|-anim|p2b: Archaludon|Electro Shot|p1b: Annihilape
|-crit|p1b: Annihilape
|-damage|p1b: Annihilape|0 fnt
|faint|p1b: Annihilape
|
|-weather|RainDance|[upkeep]
|-heal|p2b: Archaludon|17/100|[from] Grassy Terrain
|upkeep
|inactive|BuffBuneary has 30 seconds left.
|
|t:|1756665965
|switch|p2a: Rillaboom|Rillaboom, L50, M, tera:Fire|100/100
|switch|p1b: Garchomp|Garchomp, L50, M|100/100
|turn|4
|inactive|BuffBuneary has 30 seconds left.
|inactive|RosieAndJim has 30 seconds left.
|inactive|BuffBuneary has 20 seconds left.
|inactive|RosieAndJim has 20 seconds left.
|inactive|RosieAndJim has 15 seconds left.
|inactive|BuffBuneary has 15 seconds left.
|inactive|RosieAndJim has 10 seconds left.
|inactive|BuffBuneary has 10 seconds left.
|
|t:|1756666015
|-terastallize|p1a: Ninetales|Ice
|move|p2a: Rillaboom|Grassy Glide|p1b: Garchomp
|-damage|p1b: Garchomp|59/100
|-damage|p2a: Rillaboom|88/100|[from] ability: Rough Skin|[of] p1b: Garchomp
|move|p1a: Ninetales|Freeze-Dry|p2b: Archaludon
|-damage|p2b: Archaludon|0 fnt
|faint|p2b: Archaludon
|move|p1b: Garchomp|Stomping Tantrum|p2a: Rillaboom
|-supereffective|p2a: Rillaboom
|-damage|p2a: Rillaboom|0 fnt
|faint|p2a: Rillaboom
|-damage|p1b: Garchomp|49/100|[from] item: Life Orb
|
|-weather|RainDance|[upkeep]
|-heal|p1b: Garchomp|55/100|[from] Grassy Terrain
|upkeep
|
|t:|1756666031
|switch|p2a: Pelipper|Pelipper, L50, M|100/100
|turn|5
|
|t:|1756666041
|move|p1a: Ninetales|Freeze-Dry|p2a: Pelipper
|-supereffective|p2a: Pelipper
|-enditem|p2a: Pelipper|Focus Sash
|-damage|p2a: Pelipper|1/100
|move|p1b: Garchomp|Dragon Claw|p2a: Pelipper
|-damage|p2a: Pelipper|0 fnt
|faint|p2a: Pelipper
|-damage|p1b: Garchomp|45/100|[from] item: Life Orb
|
|win|BuffBuneary
