|j|☆Mr. Johnny Test
|j|☆TheLeoj
|html|Mr. Johnny TestTheLeoj    
|uhtml|bestof|Game 2 of a best-of-3
|t:|1784055648
|gametype|doubles
|player|p1|Mr. Johnny Test|265|1122
|player|p2|TheLeoj|265|1126
|gen|9
|tier|[Gen 9 Champions] VGC 2026 Reg M-B (Bo3)
|rated|
|rule|Species Clause: Limit one of each Pokémon
|rule|Item Clause: Limit 1 of each item
|clearpoke
|poke|p1|Mawile, L50, F, shiny|
|poke|p1|Charizard, L50, M|
|poke|p1|Sinistcha-Masterpiece, L50, shiny|
|poke|p1|Milotic, L50, F, shiny|
|poke|p1|Whimsicott, L50, F, shiny|
|poke|p1|Garchomp, L50, F|
|poke|p2|Raichu, L50, F|
|poke|p2|Primarina, L50, F, shiny|
|poke|p2|Kingambit, L50, F, shiny|
|poke|p2|Incineroar, L50, M, shiny|
|poke|p2|Ninetales-Alola, L50, F, shiny|
|poke|p2|Gengar, L50, M, shiny|
|teampreview|4
|showteam|p1|Mawile||Mawilite|Intimidate|SuckerPunch,IronHead,PlayRough,Protect|Adamant||F|||50|]Charizard||CharizarditeX|Blaze|Protect,FlameCharge,DragonClaw,BellyDrum|Adamant||M|||50|]Sinistcha-Masterpiece||SitrusBerry|Hospitality|LifeDew,RagePowder,TrickRoom,MatchaGotcha|Calm|||||50|]Milotic||Leftovers|Competitive|IcyWind,MuddyWater,Coil,Hypnosis|Bold||F|||50|]Whimsicott||FocusSash|Prankster|Tailwind,GrassyTerrain,Moonblast,Protect|Timid||F|||50|]Garchomp||LifeOrb|RoughSkin|DragonClaw,StompingTantrum,RockSlide,Protect|Jolly||F|||50|
|showteam|p2|Raichu||RaichuniteY|Static|ZapCannon,FocusBlast,FakeOut,Protect|Timid||F|||50|]Primarina||LifeOrb|LiquidVoice|HyperVoice,DazzlingGleam,Protect,Moonblast|Modest||F|||50|]Kingambit||BlackGlasses|Defiant|Protect,KowtowCleave,IronHead,SuckerPunch|Adamant||F|||50|]Incineroar||SitrusBerry|Intimidate|FakeOut,FlareBlitz,DarkestLariat,PartingShot|Adamant||M|||50|]Ninetales-Alola||LightClay|SnowWarning|Protect,Blizzard,AuroraVeil,FreezeDry|Timid||F|||50|]Gengar||Gengarite|CursedBody|Protect,ShadowBall,PerishSong,SludgeBomb|Timid||M|||50|
|inactive|Battle timer is ON: inactive players will automatically lose when time's up. (requested by TheLeoj)
|
|t:|1784055673
|teamsize|p1|4
|teamsize|p2|4
|start
|switch|p1a: Boa Hancock|Milotic, L50, F, shiny|100/100
|switch|p1b: Brimstone|Charizard, L50, M|100/100
|switch|p2a: Gengar|Gengar, L50, M, shiny|100/100
|switch|p2b: Incineroar|Incineroar, L50, M, shiny|100/100
|-ability|p2b: Incineroar|Intimidate|boost
|-unboost|p1a: Boa Hancock|atk|1
|-ability|p1a: Boa Hancock|Competitive|boost
|-boost|p1a: Boa Hancock|spa|2
|-unboost|p1b: Brimstone|atk|1
|turn|1
|
|t:|1784055688
|switch|p1b: HammerHead|Garchomp, L50, F|100/100
|detailschange|p2a: Gengar|Gengar-Mega, L50, M, shiny
|-mega|p2a: Gengar|Gengar|Gengarite
|move|p2b: Incineroar|Fake Out|p1b: HammerHead
|-damage|p1b: HammerHead|85/100
|-damage|p2b: Incineroar|87/100|[from] ability: Rough Skin|[of] p1b: HammerHead
|move|p2a: Gengar|Perish Song|p2a: Gengar
|-start|p1a: Boa Hancock|perish3|[silent]
|-start|p1b: HammerHead|perish3|[silent]
|-start|p2a: Gengar|perish3|[silent]
|-start|p2b: Incineroar|perish3|[silent]
|-fieldactivate|move: Perish Song
|move|p1a: Boa Hancock|Icy Wind|p2a: Gengar|[spread] p2a,p2b
|-resisted|p2b: Incineroar|1
|-damage|p2a: Gengar|73/100
|-damage|p2b: Incineroar|78/100
|-unboost|p2a: Gengar|spe|1
|-unboost|p2b: Incineroar|spe|1
|
|-start|p1b: HammerHead|perish3
|-start|p2a: Gengar|perish3
|-start|p1a: Boa Hancock|perish3
|-start|p2b: Incineroar|perish3
|upkeep
|turn|2
|
|t:|1784055704
|switch|p2b: Kingambit|Kingambit, L50, F, shiny|100/100
|move|p2a: Gengar|Protect|p2a: Gengar
|-singleturn|p2a: Gengar|Protect
|move|p1b: HammerHead|Stomping Tantrum|p2a: Gengar
|-activate|p2a: Gengar|move: Protect
|move|p1a: Boa Hancock|Muddy Water|p2a: Gengar|[spread] p2b
|-activate|p2a: Gengar|move: Protect
|-damage|p2b: Kingambit|54/100
|
|-start|p1b: HammerHead|perish2
|-start|p2a: Gengar|perish2
|-start|p1a: Boa Hancock|perish2
|upkeep
|turn|3
|inactive|TheLeoj has 30 seconds left.
|
|t:|1784055735
|switch|p2a: Ninetales|Ninetales-Alola, L50, F, shiny|100/100
|-weather|Snowscape|[from] ability: Snow Warning|[of] p2a: Ninetales
|move|p2b: Kingambit|Sucker Punch|p1a: Boa Hancock
|-damage|p1a: Boa Hancock|60/100
|move|p1b: HammerHead|Stomping Tantrum|p2a: Ninetales
|-crit|p2a: Ninetales
|-damage|p2a: Ninetales|31/100
|-damage|p1b: HammerHead|75/100|[from] item: Life Orb
|move|p1a: Boa Hancock|Muddy Water|p2a: Ninetales|[spread] p2a,p2b
|-damage|p2a: Ninetales|0 fnt
|-damage|p2b: Kingambit|12/100
|faint|p2a: Ninetales
|
|-weather|Snowscape|[upkeep]
|-heal|p1a: Boa Hancock|66/100|[from] item: Leftovers
|-start|p1b: HammerHead|perish1
|-start|p1a: Boa Hancock|perish1
|upkeep
|
|t:|1784055749
|switch|p2a: Gengar|Gengar-Mega, L50, M, shiny|73/100
|turn|4
|
|t:|1784055763
|move|p2a: Gengar|Protect|p2a: Gengar
|-singleturn|p2a: Gengar|Protect
|move|p2b: Kingambit|Protect|p2b: Kingambit
|-singleturn|p2b: Kingambit|Protect
|move|p1b: HammerHead|Stomping Tantrum|p2b: Kingambit
|-activate|p2b: Kingambit|move: Protect
|move|p1a: Boa Hancock|Hypnosis|p2a: Gengar
|-activate|p2a: Gengar|move: Protect
|
|-weather|Snowscape|[upkeep]
|-heal|p1a: Boa Hancock|72/100|[from] item: Leftovers
|-start|p1b: HammerHead|perish0
|-start|p1a: Boa Hancock|perish0
|faint|p1b: HammerHead
|faint|p1a: Boa Hancock
|upkeep
|
|t:|1784055765
|switch|p1b: Brimstone|Charizard, L50, M|100/100
|switch|p1a: Southern|Sinistcha-Masterpiece, L50, shiny|100/100
|turn|5
|
|t:|1784055785
|switch|p2b: Incineroar|Incineroar, L50, M, shiny|78/100
|-ability|p2b: Incineroar|Intimidate|boost
|-unboost|p1a: Southern|atk|1
|-unboost|p1b: Brimstone|atk|1
|detailschange|p1b: Brimstone|Charizard-Mega-X, L50, M
|-mega|p1b: Brimstone|Charizard|Charizardite X
|move|p2a: Gengar|Shadow Ball|p1a: Southern
|-supereffective|p1a: Southern|1
|-damage|p1a: Southern|10/100
|-unboost|p1a: Southern|spd|1
|-enditem|p1a: Southern|Sitrus Berry|[eat]
|-heal|p1a: Southern|35/100|[from] item: Sitrus Berry
|move|p1b: Brimstone|Belly Drum|p1b: Brimstone
|-damage|p1b: Brimstone|50/100y
|-setboost|p1b: Brimstone|atk|6|[from] move: Belly Drum
|move|p1a: Southern|Trick Room|p1a: Southern
|-fieldstart|move: Trick Room|[of] p1a: Southern
|
|-weather|Snowscape|[upkeep]
|upkeep
|turn|6
|inactive|TheLeoj has 30 seconds left.
|
|t:|1784055813
|move|p2b: Incineroar|Fake Out|p1b: Brimstone
|-damage|p1b: Brimstone|37/100
|move|p1a: Southern|Rage Powder|p1a: Southern
|-singleturn|p1a: Southern|move: Rage Powder
|cant|p1b: Brimstone|flinch
|move|p2a: Gengar|Shadow Ball|p1a: Southern
|-supereffective|p1a: Southern|1
|-crit|p1a: Southern
|-damage|p1a: Southern|0 fnt
|faint|p1a: Southern
|
|-weather|Snowscape|[upkeep]
|upkeep
|turn|7
|
|t:|1784055832
|move|p2a: Gengar|Protect|p2a: Gengar
|-singleturn|p2a: Gengar|Protect
|move|p2b: Incineroar|Darkest Lariat|p1b: Brimstone
|-crit|p1b: Brimstone
|-damage|p1b: Brimstone|0 fnt
|faint|p1b: Brimstone
|
|win|TheLeoj
