|j|☆unovarydrake
|j|☆Soraxjm
|html|unovarydrakeSoraxjm    
|uhtml|bestof|Game 1 of a best-of-3
|t:|1757030867
|gametype|doubles
|player|p1|unovarydrake|elesa|
|player|p2|Soraxjm|steven|
|gen|9
|tier|[Gen 9] VGC 2025 Reg H (Bo3)
|rule|Species Clause: Limit one of each Pokémon
|rule|Item Clause: Limit 1 of each item
|clearpoke
|poke|p1|Volcarona, L50, M|
|poke|p1|Rillaboom, L50, M|
|poke|p1|Kingambit, L50, F|
|poke|p1|Electabuzz, L50, F|
|poke|p1|Sneasler, L50, F|
|poke|p1|Dragonite, L50, M|
|poke|p2|Gholdengo, L50|
|poke|p2|Ursaluna-Bloodmoon, L50, M|
|poke|p2|Maushold-Four, L50|
|poke|p2|Annihilape, L50, F|
|poke|p2|Dragonite, L50, F|
|poke|p2|Rillaboom, L50, F|
|teampreview|4
|showteam|p1|Volcarona||CovertCloak|FlameBody|HeatWave,TeraBlast,QuiverDance,Protect|||M|||50|,,,,,Fairy]Rillaboom||AssaultVest|GrassySurge|WoodHammer,GrassyGlide,HighHorsepower,FakeOut|||M|||50|,,,,,Fire]Kingambit||BlackGlasses|Defiant|KowtowCleave,SuckerPunch,SwordsDance,Protect|||F|||50|,,,,,Dark]Electabuzz||Eviolite|VitalSpirit|Thunderbolt,Taunt,FollowMe,Protect|||F|||50|,,,,,Ghost]Sneasler||FocusSash|Unburden|DireClaw,CloseCombat,Coaching,FakeOut|||F|||50|,,,,,Stellar]Dragonite||LoadedDice|Multiscale|ScaleShot,ExtremeSpeed,Haze,Protect|||M|||50|,,,,,Fairy
|showteam|p2|Gholdengo||LifeOrb|GoodasGold|MakeItRain,NastyPlot,ShadowBall,Protect||||||50|,,,,,Water]Ursaluna-Bloodmoon||AssaultVest|MindsEye|BloodMoon,EarthPower,HyperVoice,VacuumWave|||M|||50|,,,,,Water]Maushold-Four||FocusSash|FriendGuard|SuperFang,FollowMe,BeatUp,Protect||||||50|,,,,,Grass]Annihilape||SitrusBerry|Defiant|DrainPunch,BulkUp,RageFist,Protect|||F|||50|,,,,,Fire]Dragonite||LoadedDice|Multiscale|ScaleShot,ExtremeSpeed,Protect,Tailwind|||F|||50|,,,,,Fairy]Rillaboom||MiracleSeed|GrassySurge|WoodHammer,GrassyGlide,HighHorsepower,FakeOut|||F|||50|,,,,,Fire
|l|☆Soraxjm
|player|p2|
|j|☆Soraxjm
|player|p2|Soraxjm|steven|
|j| totsbite4
|
|t:|1757031047
|teamsize|p1|4
|teamsize|p2|4
|start
|switch|p1a: Volcarona|Volcarona, L50, M|100/100
|switch|p1b: Electabuzz|Electabuzz, L50, F|100/100
|switch|p2a: Clean Air|Dragonite, L50, F|100/100
|switch|p2b: Tough Luck|Rillaboom, L50, F, shiny|100/100
|-fieldstart|move: Grassy Terrain|[from] ability: Grassy Surge|[of] p2b: Tough Luck
|turn|1
|c|☆unovarydrake|glhf
|c|☆Soraxjm|glhf
|
|t:|1757031117
|move|p2b: Tough Luck|Fake Out|p1b: Electabuzz
|-damage|p1b: Electabuzz|90/100
|cant|p1b: Electabuzz|flinch
|move|p1a: Volcarona|Heat Wave|p2a: Clean Air|[spread] p2a,p2b
|-resisted|p2a: Clean Air
|-supereffective|p2b: Tough Luck
|-damage|p2a: Clean Air|90/100
|-damage|p2b: Tough Luck|18/100
|move|p2a: Clean Air|Tailwind|p2a: Clean Air
|-sidestart|p2: Soraxjm|move: Tailwind
|
|-heal|p2b: Tough Luck|24/100|[from] Grassy Terrain
|-heal|p1b: Electabuzz|96/100|[from] Grassy Terrain
|upkeep
|turn|2
|
|t:|1757031183
|move|p1b: Electabuzz|Follow Me|p1b: Electabuzz
|-singleturn|p1b: Electabuzz|move: Follow Me
|move|p2a: Clean Air|Scale Shot|p1b: Electabuzz
|-damage|p1b: Electabuzz|85/100
|-damage|p1b: Electabuzz|72/100
|-damage|p1b: Electabuzz|61/100
|-damage|p1b: Electabuzz|50/100
|-hitcount|p1b: Electabuzz|4
|-unboost|p2a: Clean Air|def|1
|-boost|p2a: Clean Air|spe|1
|move|p2b: Tough Luck|Wood Hammer|p1b: Electabuzz
|-damage|p1b: Electabuzz|0 fnt
|faint|p1b: Electabuzz
|-damage|p2b: Tough Luck|10/100|[from] Recoil
|move|p1a: Volcarona|Heat Wave|p2a: Clean Air|[spread] p2a,p2b
|-resisted|p2a: Clean Air
|-supereffective|p2b: Tough Luck
|-damage|p2a: Clean Air|72/100
|-damage|p2b: Tough Luck|0 fnt
|faint|p2b: Tough Luck
|
|upkeep
|j| ljwarrior
|
|t:|1757031211
|switch|p1b: Rillaboom|Rillaboom, L50, M|100/100
|switch|p2b: Mr.Eclectic|Ursaluna-Bloodmoon, L50, M|100/100
|turn|3
|j| executive pole
|
|t:|1757031303
|-terastallize|p1a: Volcarona|Fairy
|move|p2a: Clean Air|Protect|p2a: Clean Air
|-singleturn|p2a: Clean Air|Protect
|move|p1b: Rillaboom|Fake Out|p2b: Mr.Eclectic
|-damage|p2b: Mr.Eclectic|91/100
|cant|p2b: Mr.Eclectic|flinch
|move|p1a: Volcarona|Tera Blast|p2a: Clean Air|[anim] Tera Blast Fairy
|-activate|p2a: Clean Air|move: Protect
|
|-heal|p2b: Mr.Eclectic|97/100|[from] Grassy Terrain
|upkeep
|turn|4
|l|☆Soraxjm
|player|p2|
|j|☆Soraxjm
|player|p2|Soraxjm|steven|
|
|t:|1757031374
|switch|p1b: Kingambit|Kingambit, L50, F|100/100
|move|p2a: Clean Air|Scale Shot|p1b: Kingambit
|-resisted|p1b: Kingambit
|-damage|p1b: Kingambit|96/100
|-resisted|p1b: Kingambit
|-damage|p1b: Kingambit|91/100
|-resisted|p1b: Kingambit
|-damage|p1b: Kingambit|86/100
|-resisted|p1b: Kingambit
|-damage|p1b: Kingambit|80/100
|-hitcount|p1b: Kingambit|4
|-unboost|p2a: Clean Air|def|1
|-boost|p2a: Clean Air|spe|1
|move|p2b: Mr.Eclectic|Blood Moon|p1b: Kingambit
|-resisted|p1b: Kingambit
|-damage|p1b: Kingambit|44/100
|move|p1a: Volcarona|Tera Blast|p2a: Clean Air|[anim] Tera Blast Fairy
|-supereffective|p2a: Clean Air
|-damage|p2a: Clean Air|0 fnt
|faint|p2a: Clean Air
|
|-heal|p2b: Mr.Eclectic|100/100|[from] Grassy Terrain
|-heal|p1b: Kingambit|50/100|[from] Grassy Terrain
|-sideend|p2: Soraxjm|move: Tailwind
|upkeep
|
|t:|1757031393
|switch|p2a: Sabotage|Annihilape, L50, F, shiny|100/100
|turn|5
|
|t:|1757031432
|switch|p1b: Rillaboom|Rillaboom, L50, M|100/100
|-terastallize|p2a: Sabotage|Fire
|move|p2b: Mr.Eclectic|Vacuum Wave|p1b: Rillaboom
|-crit|p1b: Rillaboom
|-damage|p1b: Rillaboom|84/100
|move|p2a: Sabotage|Bulk Up|p2a: Sabotage
|-boost|p2a: Sabotage|atk|1
|-boost|p2a: Sabotage|def|1
|move|p1a: Volcarona|Quiver Dance|p1a: Volcarona
|-boost|p1a: Volcarona|spa|1
|-boost|p1a: Volcarona|spd|1
|-boost|p1a: Volcarona|spe|1
|
|-heal|p1b: Rillaboom|90/100|[from] Grassy Terrain
|-fieldend|move: Grassy Terrain
|upkeep
|turn|6
|
|t:|1757031469
|move|p1a: Volcarona|Quiver Dance|p1a: Volcarona
|-boost|p1a: Volcarona|spa|1
|-boost|p1a: Volcarona|spd|1
|-boost|p1a: Volcarona|spe|1
|move|p2a: Sabotage|Rage Fist|p1a: Volcarona
|-damage|p1a: Volcarona|63/100
|move|p1b: Rillaboom|Wood Hammer|p2b: Mr.Eclectic
|-supereffective|p2b: Mr.Eclectic
|-damage|p2b: Mr.Eclectic|13/100
|-damage|p1b: Rillaboom|61/100|[from] Recoil
|move|p2b: Mr.Eclectic|Blood Moon|p1b: Rillaboom
|-damage|p1b: Rillaboom|6/100
|
|upkeep
|turn|7
|
|t:|1757031508
|switch|p1b: Kingambit|Kingambit, L50, F|50/100
|move|p1a: Volcarona|Protect|p1a: Volcarona
|-singleturn|p1a: Volcarona|Protect
|move|p2b: Mr.Eclectic|Vacuum Wave|p1b: Kingambit
|-supereffective|p1b: Kingambit
|-damage|p1b: Kingambit|0 fnt
|faint|p1b: Kingambit
|move|p2a: Sabotage|Bulk Up|p2a: Sabotage
|-boost|p2a: Sabotage|atk|1
|-boost|p2a: Sabotage|def|1
|
|upkeep
|
|t:|1757031518
|switch|p1b: Rillaboom|Rillaboom, L50, M|6/100
|-fieldstart|move: Grassy Terrain|[from] ability: Grassy Surge|[of] p1b: Rillaboom
|turn|8
|j| LikeAHydreigon
|
|t:|1757031549
|move|p1b: Rillaboom|Grassy Glide|p2b: Mr.Eclectic
|-supereffective|p2b: Mr.Eclectic
|-damage|p2b: Mr.Eclectic|0 fnt
|faint|p2b: Mr.Eclectic
|move|p1a: Volcarona|Quiver Dance|p1a: Volcarona
|-boost|p1a: Volcarona|spa|1
|-boost|p1a: Volcarona|spd|1
|-boost|p1a: Volcarona|spe|1
|move|p2a: Sabotage|Rage Fist|p1a: Volcarona
|-damage|p1a: Volcarona|16/100
|
|-heal|p1a: Volcarona|22/100|[from] Grassy Terrain
|-heal|p1b: Rillaboom|12/100|[from] Grassy Terrain
|upkeep
|turn|9
|
|t:|1757031572
|move|p1a: Volcarona|Protect|p1a: Volcarona
|-singleturn|p1a: Volcarona|Protect
|move|p2a: Sabotage|Rage Fist|p1b: Rillaboom
|-damage|p1b: Rillaboom|0 fnt
|faint|p1b: Rillaboom
|
|-heal|p1a: Volcarona|28/100|[from] Grassy Terrain
|upkeep
|turn|10
|
|t:|1757031578
|move|p1a: Volcarona|Tera Blast|p2a: Sabotage|[anim] Tera Blast Fairy
|-resisted|p2a: Sabotage
|-damage|p2a: Sabotage|53/100
|move|p2a: Sabotage|Rage Fist|p1a: Volcarona
|-damage|p1a: Volcarona|0 fnt
|faint|p1a: Volcarona
|
|win|Soraxjm
||unovarydrake is ready for game 2.
||Soraxjm is ready for game 2.
|uhtml|next|Next: Game 2 of 3
|l| LikeAHydreigon
|j| Novacast
|j| LikeAHydreigon
|l| LikeAHydreigon
|l| totsbite4
|l| executive pole
