|j|☆ZestyWalrus
|j|☆lilrainteamwahoo
|html|ZestyWalruslilrainteamwahoo    
|uhtml|bestof|Game 2 of a best-of-3
|t:|1756999317
|gametype|doubles
|player|p1|ZestyWalrus|firebreather|1083
|player|p2|lilrainteamwahoo|baker|1043
|gen|9
|tier|[Gen 9] VGC 2025 Reg H (Bo3)
|rated|
|rule|Species Clause: Limit one of each Pokémon
|rule|Item Clause: Limit 1 of each item
|clearpoke
|poke|p1|Gholdengo, L50|
|poke|p1|Electabuzz, L50, F|
|poke|p1|Pelipper, L50, F|
|poke|p1|Kingdra, L50, F|
|poke|p1|Weavile, L50, M|
|poke|p1|Decidueye-Hisui, L50, M|
|poke|p2|Archaludon, L50, F|
|poke|p2|Pelipper, L50, F|
|poke|p2|Indeedee, L50, M|
|poke|p2|Amoonguss, L50, M|
|poke|p2|Basculegion, L50, M|
|poke|p2|Hydreigon, L50, M|
|teampreview|4
|showteam|p1|Gholdengo||LifeOrb|GoodasGold|NastyPlot,MakeItRain,ShadowBall,Protect||||||50|,,,,,Water]Electabuzz||Eviolite|VitalSpirit|FollowMe,Electroweb,Protect,VoltSwitch|||F|||50|,,,,,Grass]Pelipper||CovertCloak|Drizzle|WideGuard,Tailwind,Protect,WeatherBall|||F|||50|,,,,,Ground]Kingdra||ChoiceSpecs|SwiftSwim|Surf,DracoMeteor,Hurricane,FlipTurn|||F|||50|,,,,,Water]Weavile||FocusSash|Pressure|FakeOut,KnockOff,IceSpinner,LowKick|||M|||50|,,,,,Ghost]Decidueye-Hisui||SitrusBerry|Scrappy|SwordsDance,TripleArrows,LeafBlade,ShadowSneak|||M|||50|,,,,,Ghost
|showteam|p2|Archaludon||AssaultVest|Stamina|ElectroShot,DracoMeteor,BodyPress,FlashCannon|||F|||50|,,,,,Grass]Pelipper||FocusSash|Drizzle|WeatherBall,Hurricane,Tailwind,Protect|||F|||50|,,,,,Ghost]Indeedee||ChoiceScarf|PsychicSurge|ExpandingForce,TeraBlast,Trick,DazzlingGleam|||M|||50|,,,,,Ground]Amoonguss||SitrusBerry|Regenerator|Spore,SludgeBomb,Protect,RagePowder|||M|||50|,,,,,Water]Basculegion||ChoiceBand|SwiftSwim|FlipTurn,WaveCrash,LastRespects,AquaJet|||M|||50|,,,,,Poison]Hydreigon||CovertCloak|Levitate|Taunt,Snarl,DracoMeteor,EarthPower|||M|||50|,,,,,Fairy
|
|t:|1756999341
|teamsize|p1|4
|teamsize|p2|4
|start
|switch|p1a: Decidueye|Decidueye-Hisui, L50, M|100/100
|switch|p1b: Weavile|Weavile, L50, M|100/100
|switch|p2a: Piedragon|Hydreigon, L50, M|100/100
|switch|p2b: Schmooner|Amoonguss, L50, M|100/100
|-ability|p1b: Weavile|Pressure
|turn|1
|
|t:|1756999376
|-terastallize|p2a: Piedragon|Fairy
|move|p1b: Weavile|Low Kick|p2a: Piedragon
|-resisted|p2a: Piedragon
|-damage|p2a: Piedragon|84/100
|move|p2a: Piedragon|Draco Meteor|p1b: Weavile
|-damage|p1b: Weavile|22/100
|-unboost|p2a: Piedragon|spa|2
|move|p1a: Decidueye|Swords Dance|p1a: Decidueye
|-boost|p1a: Decidueye|atk|2
|move|p2b: Schmooner|Sludge Bomb|p1b: Weavile
|-damage|p1b: Weavile|0 fnt
|faint|p1b: Weavile
|
|upkeep
|
|t:|1756999396
|switch|p1b: Pelipper|Pelipper, L50, F|100/100
|-weather|RainDance|[from] ability: Drizzle|[of] p1b: Pelipper
|turn|2
|
|t:|1756999422
|move|p2a: Piedragon|Taunt|p1b: Pelipper
|-start|p1b: Pelipper|move: Taunt
|cant|p1b: Pelipper|move: Taunt|Tailwind
|move|p1a: Decidueye|Leaf Blade|p2a: Piedragon
|-damage|p2a: Piedragon|0 fnt
|faint|p2a: Piedragon
|move|p2b: Schmooner|Sludge Bomb|p1a: Decidueye
|-supereffective|p1a: Decidueye
|-damage|p1a: Decidueye|48/100
|-enditem|p1a: Decidueye|Sitrus Berry|[eat]
|-heal|p1a: Decidueye|73/100|[from] item: Sitrus Berry
|
|-weather|RainDance|[upkeep]
|upkeep
|
|t:|1756999436
|switch|p2a: Empire|Basculegion, L50, M|100/100
|turn|3
|
|t:|1756999457
|switch|p2a: Arching|Archaludon, L50, F|100/100
|switch|p1b: Electabuzz|Electabuzz, L50, F|100/100
|-terastallize|p1a: Decidueye|Ghost
|move|p1a: Decidueye|Shadow Sneak|p2a: Arching
|-damage|p2a: Arching|68/100
|-ability|p2a: Arching|Stamina|boost
|-boost|p2a: Arching|def|1
|move|p2b: Schmooner|Sludge Bomb|p1a: Decidueye
|-resisted|p1a: Decidueye
|-damage|p1a: Decidueye|61/100
|-status|p1a: Decidueye|psn
|
|-weather|RainDance|[upkeep]
|-damage|p1a: Decidueye|49/100 psn|[from] psn
|upkeep
|turn|4
|
|t:|1756999486
|move|p1b: Electabuzz|Follow Me|p1b: Electabuzz
|-singleturn|p1b: Electabuzz|move: Follow Me
|move|p2b: Schmooner|Rage Powder|p2b: Schmooner
|-singleturn|p2b: Schmooner|move: Rage Powder
|move|p2a: Arching|Electro Shot||[still]
|-prepare|p2a: Arching|Electro Shot
|-boost|p2a: Arching|spa|1
|-anim|p2a: Arching|Electro Shot|p1b: Electabuzz
|-resisted|p1b: Electabuzz
|-damage|p1b: Electabuzz|77/100
|move|p1a: Decidueye|Triple Arrows|p2b: Schmooner
|-resisted|p2b: Schmooner
|-damage|p2b: Schmooner|62/100
|-unboost|p2b: Schmooner|def|1
|
|-weather|RainDance|[upkeep]
|-damage|p1a: Decidueye|36/100 psn|[from] psn
|upkeep
|turn|5
|
|t:|1756999508
|move|p1b: Electabuzz|Follow Me|p1b: Electabuzz
|-singleturn|p1b: Electabuzz|move: Follow Me
|move|p2b: Schmooner|Rage Powder|p2b: Schmooner
|-singleturn|p2b: Schmooner|move: Rage Powder
|move|p2a: Arching|Draco Meteor|p1b: Electabuzz
|-damage|p1b: Electabuzz|0 fnt
|-unboost|p2a: Arching|spa|2
|faint|p1b: Electabuzz
|move|p1a: Decidueye|Triple Arrows|p2b: Schmooner
|-resisted|p2b: Schmooner
|-crit|p2b: Schmooner
|-damage|p2b: Schmooner|0 fnt
|faint|p2b: Schmooner
|
|-weather|RainDance|[upkeep]
|-damage|p1a: Decidueye|24/100 psn|[from] psn
|upkeep
|
|t:|1756999526
|switch|p1b: Pelipper|Pelipper, L50, F|100/100
|switch|p2b: Empire|Basculegion, L50, M|100/100
|turn|6
|
|t:|1756999543
|move|p2b: Empire|Aqua Jet|p1a: Decidueye
|-damage|p1a: Decidueye|0 fnt
|faint|p1a: Decidueye
|move|p2a: Arching|Electro Shot||[still]
|-prepare|p2a: Arching|Electro Shot
|-boost|p2a: Arching|spa|1
|-anim|p2a: Arching|Electro Shot|p1b: Pelipper
|-supereffective|p1b: Pelipper
|-damage|p1b: Pelipper|0 fnt
|faint|p1b: Pelipper
|
|win|lilrainteamwahoo
|raw|ZestyWalrus's rating: 1083 → 1058(-25 for losing)
|raw|lilrainteamwahoo's rating: 1043 → 1080(+37 for winning)
|l|☆ZestyWalrus
|player|p1|
|c|☆lilrainteamwahoo|gg
