|j|☆0 champion points
|j|☆Lucifird
|html|0 champion pointsLucifird    
|uhtml|bestof|Game 1 of a best-of-3
|t:|1756663768
|gametype|doubles
|player|p1|0 champion points|byron|1121
|player|p2|Lucifird|101|1036
|gen|9
|tier|[Gen 9] VGC 2025 Reg H (Bo3)
|rated|
|rule|Species Clause: Limit one of each Pokémon
|rule|Item Clause: Limit 1 of each item
|clearpoke
|poke|p1|Ursaluna-Bloodmoon, L50, M|
|poke|p1|Gholdengo, L50|
|poke|p1|Dragonite, L50, M|
|poke|p1|Sneasler, L50, F|
|poke|p1|Incineroar, L50, M|
|poke|p1|Amoonguss, L50, M|
|poke|p2|Indeedee-F, L50, F|
|poke|p2|Hatterene, L50, F|
|poke|p2|Gallade, L50, M|
|poke|p2|Ursaluna, L50, M|
|poke|p2|Lilligant-Hisui, L50, F|
|poke|p2|Torkoal, L50, M|
|teampreview|4
|showteam|p1|Ursaluna-Bloodmoon||AssaultVest|MindsEye|BloodMoon,EarthPower,VacuumWave,HyperVoice|||M|||50|,,,,,Water]Gholdengo||LifeOrb|GoodasGold|Protect,MakeItRain,ShadowBall,NastyPlot||||||50|,,,,,Water]Dragonite||LoadedDice|Multiscale|ScaleShot,Tailwind,Haze,Protect|||M|||50|,,,,,Fairy]Sneasler||FocusSash|Unburden|Protect,DireClaw,CloseCombat,ThroatChop|||F|||50|,,,,,Stellar]Incineroar||SafetyGoggles|Intimidate|KnockOff,PartingShot,FlareBlitz,FakeOut|||M|||50|,,,,,Ghost]Amoonguss||SitrusBerry|Regenerator|RagePowder,Spore,PollenPuff,Protect|||M|||50|,,,,,Psychic
|showteam|p2|Indeedee-F||PsychicSeed|PsychicSurge|TrickRoom,FollowMe,HelpingHand,DazzlingGleam|||F|||50|,,,,,Fire]Hatterene||LifeOrb|MagicBounce|ExpandingForce,TrickRoom,DazzlingGleam,Protect|||F|||50|,,,,,Psychic]Gallade||ClearAmulet|Sharpness|PsychoCut,TrickRoom,SacredSword,WideGuard|||M|||50|,,,,,Grass]Ursaluna||FlameOrb|Guts|HeadlongRush,Facade,SwordsDance,Protect|||M|||50|,,,,,Ghost]Lilligant-Hisui||FocusSash|Chlorophyll|SolarBlade,SleepPowder,CloseCombat,AfterYou|||F|||50|,,,,,Ghost]Torkoal||ChoiceSpecs|Drought|Eruption,HeatWave,WeatherBall,EarthPower|||M|||50|,,,,,Fire
|
|t:|1756663825
|teamsize|p1|4
|teamsize|p2|4
|start
|switch|p1a: Ursaluna|Ursaluna-Bloodmoon, L50, M|100/100
|switch|p1b: Dragonite|Dragonite, L50, M|100/100
|switch|p2a: Gallade|Gallade, L50, M, shiny|100/100
|switch|p2b: Indeedee|Indeedee-F, L50, F, shiny|100/100
|-fieldstart|move: Psychic Terrain|[from] ability: Psychic Surge|[of] p2b: Indeedee
|-enditem|p2b: Indeedee|Psychic Seed
|-boost|p2b: Indeedee|spd|1|[from] item: Psychic Seed
|turn|1
|
|t:|1756663844
|move|p2b: Indeedee|Follow Me|p2b: Indeedee
|-singleturn|p2b: Indeedee|move: Follow Me
|move|p1b: Dragonite|Scale Shot|p2b: Indeedee
|-damage|p2b: Indeedee|87/100
|-damage|p2b: Indeedee|72/100
|-damage|p2b: Indeedee|58/100
|-crit|p2b: Indeedee
|-damage|p2b: Indeedee|37/100
|-hitcount|p2b: Indeedee|4
|-unboost|p1b: Dragonite|def|1
|-boost|p1b: Dragonite|spe|1
|move|p1a: Ursaluna|Blood Moon|p2b: Indeedee
|-damage|p2b: Indeedee|0 fnt
|faint|p2b: Indeedee
|move|p2a: Gallade|Trick Room|p2a: Gallade
|-fieldstart|move: Trick Room|[of] p2a: Gallade
|
|upkeep
|
|t:|1756663859
|switch|p2b: Hatterene|Hatterene, L50, F, shiny|100/100
|turn|2
|
|t:|1756663874
|-terastallize|p1a: Ursaluna|Water
|move|p1b: Dragonite|Protect|p1b: Dragonite
|-singleturn|p1b: Dragonite|Protect
|move|p2b: Hatterene|Expanding Force|p1b: Dragonite|[spread] p1a
|-activate|p1b: Dragonite|move: Protect
|-damage|p1a: Ursaluna|46/100
|-damage|p2b: Hatterene|91/100|[from] item: Life Orb
|move|p1a: Ursaluna|Hyper Voice|p2a: Gallade|[spread] p2a,p2b
|-damage|p2a: Gallade|66/100
|-damage|p2b: Hatterene|53/100
|move|p2a: Gallade|Sacred Sword|p1a: Ursaluna
|-damage|p1a: Ursaluna|0 fnt
|faint|p1a: Ursaluna
|
|upkeep
|
|t:|1756663891
|switch|p1a: Gholdengo|Gholdengo, L50|100/100
|turn|3
|
|t:|1756663904
|-terastallize|p2b: Hatterene|Psychic
|move|p2a: Gallade|Wide Guard|p2a: Gallade
|-singleturn|p2a: Gallade|Wide Guard
|move|p2b: Hatterene|Expanding Force|p1b: Dragonite|[spread] p1a,p1b
|-resisted|p1a: Gholdengo
|-damage|p1a: Gholdengo|39/100
|-damage|p1b: Dragonite|37/100
|-damage|p2b: Hatterene|44/100|[from] item: Life Orb
|move|p1a: Gholdengo|Make It Rain|p2b: Hatterene|[spread] 
|-activate|p2a: Gallade|move: Wide Guard
|-activate|p2b: Hatterene|move: Wide Guard
|move|p1b: Dragonite|Scale Shot|p2a: Gallade
|-damage|p2a: Gallade|45/100
|-damage|p2a: Gallade|22/100
|-damage|p2a: Gallade|1/100
|-damage|p2a: Gallade|0 fnt
|faint|p2a: Gallade
|-hitcount|p2: Gallade|4
|-unboost|p1b: Dragonite|def|1
|-boost|p1b: Dragonite|spe|1
|
|upkeep
|
|t:|1756663918
|switch|p2a: Torkoal|Torkoal, L50, M, shiny|100/100
|-weather|SunnyDay|[from] ability: Drought|[of] p2a: Torkoal
|turn|4
|
|t:|1756663933
|move|p1a: Gholdengo|Protect|p1a: Gholdengo
|-singleturn|p1a: Gholdengo|Protect
|move|p1b: Dragonite|Protect|p1b: Dragonite
|-singleturn|p1b: Dragonite|Protect
|move|p2a: Torkoal|Eruption|p1b: Dragonite|[spread] 
|-activate|p1a: Gholdengo|move: Protect
|-activate|p1b: Dragonite|move: Protect
|move|p2b: Hatterene|Expanding Force|p1b: Dragonite|[spread] 
|-activate|p1a: Gholdengo|move: Protect
|-activate|p1b: Dragonite|move: Protect
|
|-weather|SunnyDay|[upkeep]
|upkeep
|turn|5
|
|t:|1756663949
|move|p1a: Gholdengo|Protect|p1a: Gholdengo
|-singleturn|p1a: Gholdengo|Protect
|move|p1b: Dragonite|Protect|p1b: Dragonite
|-singleturn|p1b: Dragonite|Protect
|move|p2a: Torkoal|Eruption|p1a: Gholdengo|[spread] 
|-activate|p1a: Gholdengo|move: Protect
|-activate|p1b: Dragonite|move: Protect
|move|p2b: Hatterene|Expanding Force|p1a: Gholdengo|[spread] 
|-activate|p1a: Gholdengo|move: Protect
|-activate|p1b: Dragonite|move: Protect
|
|-weather|SunnyDay|[upkeep]
|-fieldend|move: Trick Room
|-fieldend|move: Psychic Terrain
|upkeep
|turn|6
|
|t:|1756663975
|move|p1b: Dragonite|Scale Shot|p2b: Hatterene
|-damage|p2b: Hatterene|27/100
|-damage|p2b: Hatterene|10/100
|-damage|p2b: Hatterene|0 fnt
|faint|p2b: Hatterene
|-hitcount|p2: Hatterene|3
|-unboost|p1b: Dragonite|def|1
|-boost|p1b: Dragonite|spe|1
|move|p1a: Gholdengo|Shadow Ball|p2a: Torkoal
|-damage|p2a: Torkoal|29/100
|-damage|p1a: Gholdengo|30/100|[from] item: Life Orb
|move|p2a: Torkoal|Eruption|p1b: Dragonite|[spread] p1a,p1b
|-supereffective|p1a: Gholdengo
|-resisted|p1b: Dragonite
|-damage|p1a: Gholdengo|0 fnt
|-damage|p1b: Dragonite|21/100
|faint|p1a: Gholdengo
|
|-weather|SunnyDay|[upkeep]
|upkeep
|
|t:|1756663995
|switch|p1a: Sneasler|Sneasler, L50, F|100/100
|turn|7
|
|t:|1756664007
|move|p1b: Dragonite|Scale Shot|p2a: Torkoal
|-damage|p2a: Torkoal|19/100
|-damage|p2a: Torkoal|9/100
|-damage|p2a: Torkoal|0 fnt
|faint|p2a: Torkoal
|-hitcount|p2: Torkoal|3
|
|win|0 champion points
||Lucifird is ready for game 2.
|inactive|0 champion points has 30 seconds to confirm battle start!
|inactive|0 champion points has 20 seconds to confirm battle start!
