|j|☆ALP_Fire
|j|☆ortainee
|html|ALP_Fireortainee    
|uhtml|bestof|Game 2 of a best-of-3
|t:|1782401100
|gametype|doubles
|player|p1|ALP_Fire|benga|1093
|player|p2|ortainee|grimsley-gen7|1080
|gen|9
|tier|[Gen 9 Champions] VGC 2026 Reg M-B (Bo3)
|rated|
|rule|Species Clause: Limit one of each Pokémon
|rule|Item Clause: Limit 1 of each item
|clearpoke
|poke|p1|Staraptor, L50, M, shiny|
|poke|p1|Gholdengo, L50, shiny|
|poke|p1|Incineroar, L50, F, shiny|
|poke|p1|Whimsicott, L50, M, shiny|
|poke|p1|Rotom-Wash, L50, shiny|
|poke|p1|Dragalge, L50, F, shiny|
|poke|p2|Charizard, L50, F|
|poke|p2|Garchomp, L50, F|
|poke|p2|Mawile, L50, M|
|poke|p2|Whimsicott, L50, F|
|poke|p2|Farigiraf, L50, F|
|poke|p2|Basculegion, L50, M|
|teampreview|4
|showteam|p1|Staraptor||Staraptite|Intimidate|CloseCombat,SkyAttack,Protect,BlazeKick|Adamant||M|||50|]Gholdengo||WiseGlasses|GoodasGold|NastyPlot,MakeItRain,ShadowBall,Protect|Timid|||||50|]Incineroar||SitrusBerry|Intimidate|PartingShot,ThroatChop,BodySlam,FakeOut|Adamant||F|||50|]Whimsicott||MentalHerb|Prankster|Tailwind,Encore,FakeTears,Charm|Calm||M|||50|]Rotom-Wash||LightClay|Levitate|Thunderbolt,LightScreen,Reflect,HydroPump|Timid|||||50|]Dragalge||Dragalgite|Adaptability|DragonPulse,SludgeBomb,PlayRough,ToxicSpikes|Calm||F|||50|
|showteam|p2|Charizard||CharizarditeY|Blaze|SolarBeam,HeatWave,WeatherBall,Protect|Modest||F|||50|]Garchomp||LifeOrb|RoughSkin|Earthquake,DragonClaw,RockSlide,Protect|Jolly||F|||50|]Mawile||Mawilite|HyperCutter|PlayRough,IronHead,SuckerPunch,Protect|Adamant||M|||50|]Whimsicott||FocusSash|Prankster|Moonblast,Tailwind,Encore,Protect|Timid||F|||50|]Farigiraf||SitrusBerry|ArmorTail|Psychic,TrickRoom,HelpingHand,Protect|Bold||F|||50|]Basculegion||MysticWater|Adaptability|WaveCrash,LastRespects,AquaJet,Protect|Adamant||M|||50|
|inactive|Battle timer is ON: inactive players will automatically lose when time's up. (requested by ortainee)
|inactive|ortainee has 60 seconds left.
|
|t:|1782401134
|teamsize|p1|4
|teamsize|p2|4
|start
|switch|p1a: Seaweed|Dragalge, L50, F, shiny|100/100
|switch|p1b: Pinky|Rotom-Wash, L50, shiny|100/100
|switch|p2a: Basculegion|Basculegion, L50, M|100/100
|switch|p2b: Farigiraf|Farigiraf, L50, F|100/100
|turn|1
|
|t:|1782401157
|switch|p2a: Mawile|Mawile, L50, M|100/100
|detailschange|p1a: Seaweed|Dragalge-Mega, L50, F, shiny
|-mega|p1a: Seaweed|Dragalge|Dragalgite
|move|p1b: Pinky|Reflect|p1b: Pinky
|-sidestart|p1: ALP_Fire|Reflect
|move|p1a: Seaweed|Toxic Spikes|p2a: Mawile
|-sidestart|p2: ortainee|move: Toxic Spikes
|move|p2b: Farigiraf|Trick Room|p2b: Farigiraf
|-fieldstart|move: Trick Room|[of] p2b: Farigiraf
|
|upkeep
|turn|2
|inactive|ALP_Fire has 30 seconds left.
|inactive|ortainee has 30 seconds left.
|inactive|ortainee has 20 seconds left.
|inactive|ortainee has 15 seconds left.
|inactive|ortainee has 10 seconds left.
|
|t:|1782401206
|detailschange|p2a: Mawile|Mawile-Mega, L50, M
|-mega|p2a: Mawile|Mawile|Mawilite
|move|p2b: Farigiraf|Helping Hand|p2a: Mawile
|-singleturn|p2a: Mawile|Helping Hand|[of] p2b: Farigiraf
|move|p1a: Seaweed|Sludge Bomb|p2b: Farigiraf
|-damage|p2b: Farigiraf|62/100
|move|p2a: Mawile|Play Rough|p1b: Pinky|[miss]
|-miss|p2a: Mawile|p1b: Pinky
|move|p1b: Pinky|Light Screen|p1b: Pinky
|-sidestart|p1: ALP_Fire|move: Light Screen
|
|upkeep
|turn|3
|inactive|ALP_Fire has 30 seconds left.
|inactive|ortainee has 30 seconds left.
|inactive|ALP_Fire has 20 seconds left.
|inactive|ALP_Fire has 15 seconds left.
|
|t:|1782401249
|move|p2b: Farigiraf|Helping Hand|p2a: Mawile
|-singleturn|p2a: Mawile|Helping Hand|[of] p2b: Farigiraf
|move|p1a: Seaweed|Toxic Spikes|p2a: Mawile
|-sidestart|p2: ortainee|move: Toxic Spikes
|move|p2a: Mawile|Play Rough|p1b: Pinky
|-damage|p1b: Pinky|0 fnt
|faint|p1b: Pinky
|
|upkeep
|
|t:|1782401264
|switch|p1b: Midas|Gholdengo, L50, shiny|100/100
|turn|4
|
|t:|1782401279
|move|p1a: Seaweed|Sludge Bomb|p2b: Farigiraf
|-damage|p2b: Farigiraf|25/100
|-status|p2b: Farigiraf|psn
|-enditem|p2b: Farigiraf|Sitrus Berry|[eat]
|-heal|p2b: Farigiraf|49/100 psn|[from] item: Sitrus Berry
|move|p2b: Farigiraf|Psychic|p1b: Midas
|-resisted|p1b: Midas|1
|-damage|p1b: Midas|86/100
|move|p2a: Mawile|Play Rough|p1b: Midas|[miss]
|-miss|p2a: Mawile|p1b: Midas
|move|p1b: Midas|Make It Rain|p2a: Mawile|[spread] p2a,p2b
|-damage|p2a: Mawile|39/100
|-damage|p2b: Farigiraf|1/100 psn
|-unboost|p1b: Midas|spa|2
|
|-damage|p2b: Farigiraf|0 fnt|[from] psn
|faint|p2b: Farigiraf
|upkeep
|
|t:|1782401293
|switch|p2b: Basculegion|Basculegion, L50, M|100/100
|-status|p2b: Basculegion|tox
|turn|5
|inactive|ALP_Fire has 30 seconds left.
|
|t:|1782401324
|move|p2a: Mawile|Sucker Punch|p1b: Midas
|-supereffective|p1b: Midas|1
|-damage|p1b: Midas|25/100
|move|p1a: Seaweed|Play Rough|p2a: Mawile
|-resisted|p2a: Mawile|1
|-damage|p2a: Mawile|30/100
|move|p2b: Basculegion|Last Respects|p1a: Seaweed
|-damage|p1a: Seaweed|59/100
|move|p1b: Midas|Shadow Ball|p2a: Mawile
|-damage|p2a: Mawile|1/100
|
|-damage|p2b: Basculegion|93/100 tox|[from] psn
|-fieldend|move: Trick Room
|upkeep
|turn|6
|
|t:|1782401349
|move|p1b: Midas|Make It Rain|p2a: Mawile|[spread] p2a
|-miss|p1b: Midas|p2b: Basculegion
|-damage|p2a: Mawile|0 fnt
|-unboost|p1b: Midas|spa|2
|faint|p2a: Mawile
|move|p2b: Basculegion|Last Respects|p1b: Midas
|-supereffective|p1b: Midas|1
|-damage|p1b: Midas|0 fnt
|faint|p1b: Midas
|move|p1a: Seaweed|Dragon Pulse|p2b: Basculegion
|-damage|p2b: Basculegion|54/100 tox
|
|-damage|p2b: Basculegion|42/100 tox|[from] psn
|upkeep
|
|t:|1782401356
|switch|p1b: Q-Tip|Whimsicott, L50, M, shiny|100/100
|switch|p2a: Garchomp|Garchomp, L50, F|100/100
|-status|p2a: Garchomp|tox
|turn|7
|inactive|ALP_Fire has 30 seconds left.
|
|t:|1782401385
|move|p1b: Q-Tip|Fake Tears|p2a: Garchomp
|-unboost|p2a: Garchomp|spd|2
|move|p2a: Garchomp|Dragon Claw|p1a: Seaweed
|-supereffective|p1a: Seaweed|1
|-damage|p1a: Seaweed|0 fnt
|faint|p1a: Seaweed
|-damage|p2a: Garchomp|90/100 tox|[from] item: Life Orb
|move|p2b: Basculegion|Last Respects|p1b: Q-Tip
|-damage|p1b: Q-Tip|24/100
|
|-damage|p2a: Garchomp|84/100 tox|[from] psn
|-damage|p2b: Basculegion|24/100 tox|[from] psn
|upkeep
|turn|8
|
|t:|1782401401
|move|p1b: Q-Tip|Encore|p2a: Garchomp
|-start|p2a: Garchomp|Encore
|move|p2a: Garchomp|Dragon Claw|p1b: Q-Tip
|-immune|p1b: Q-Tip
|move|p2b: Basculegion|Last Respects|p1b: Q-Tip
|-damage|p1b: Q-Tip|0 fnt
|faint|p1b: Q-Tip
|
|win|ortainee
|raw|ALP_Fire's rating: 1093 → 1068(-25 for losing)
|raw|ortainee's rating: 1080 → 1109(+29 for winning)
