|j|☆hungry hillo
|j|☆413XPlayz
|html|hungry hillo413XPlayz    
|uhtml|bestof|Game 3 of a best-of-3
|t:|1756918471
|gametype|doubles
|player|p1|hungry hillo|n|1116
|player|p2|413XPlayz|169|1253
|gen|9
|tier|[Gen 9] VGC 2025 Reg H (Bo3)
|rated|
|rule|Species Clause: Limit one of each Pokémon
|rule|Item Clause: Limit 1 of each item
|clearpoke
|poke|p1|Incineroar, L50, M|
|poke|p1|Kingambit, L50, F|
|poke|p1|Annihilape, L50, M|
|poke|p1|Electabuzz, L50, M|
|poke|p1|Ursaluna-Bloodmoon, L50, M|
|poke|p1|Rillaboom, L50, F|
|poke|p2|Rillaboom, L50, M|
|poke|p2|Sneasler, L50, M|
|poke|p2|Gholdengo, L50|
|poke|p2|Ninetales-Alola, L50, M|
|poke|p2|Arcanine-Hisui, L50, M|
|poke|p2|Dragonite, L50, F|
|teampreview|4
|showteam|p1|Incineroar||MirrorHerb|Intimidate|FakeOut,KnockOff,PartingShot,FlareBlitz|||M|||50|,,,,,Bug]Kingambit||BlackGlasses|Defiant|SuckerPunch,KowtowCleave,SwordsDance,Protect|||F|||50|,,,,,Dark]Annihilape||SafetyGoggles|Defiant|BulkUp,DrainPunch,RageFist,Protect|||M|||50|,,,,,Fire]Electabuzz||Eviolite|VitalSpirit|Electroweb,FollowMe,Taunt,Protect|||M|||50|,,,,,Ghost]Ursaluna-Bloodmoon||LifeOrb|MindsEye|EarthPower,BloodMoon,HyperVoice,Protect|||M|||50|,,,,,Normal]Rillaboom||AssaultVest|GrassySurge|FakeOut,GrassyGlide,WoodHammer,Uturn|||F|||50|,,,,,Water
|showteam|p2|Rillaboom||AssaultVest|GrassySurge|FakeOut,GrassyGlide,DrumBeating,HighHorsepower|||M|||50|,,,,,Fire]Sneasler||WhiteHerb|Unburden|CloseCombat,DireClaw,Coaching,Protect|||M|||50|,,,,,Ghost]Gholdengo||GrassySeed|GoodasGold|NastyPlot,MakeItRain,ShadowBall,Protect||||||50|,,,,,Water]Ninetales-Alola||FocusSash|SnowWarning|Blizzard,IcyWind,Encore,AuroraVeil|||M|||50|,,,,,Ghost]Arcanine-Hisui||ClearAmulet|Intimidate|RockSlide,FlareBlitz,ExtremeSpeed,Protect|||M|||50|,,,,,Water]Dragonite||LoadedDice|Multiscale|ScaleShot,StompingTantrum,Tailwind,Protect|||F|||50|,,,,,Ground
|
|t:|1756918489
|teamsize|p1|4
|teamsize|p2|4
|start
|switch|p1a: Bumble bee|Electabuzz, L50, M|100/100
|switch|p1b: Ursaluna|Ursaluna-Bloodmoon, L50, M|100/100
|switch|p2a: Sneasler|Sneasler, L50, M|100/100
|switch|p2b: Rillaboom|Rillaboom, L50, M|100/100
|-fieldstart|move: Grassy Terrain|[from] ability: Grassy Surge|[of] p2b: Rillaboom
|turn|1
|
|t:|1756918499
|move|p1b: Ursaluna|Protect|p1b: Ursaluna
|-singleturn|p1b: Ursaluna|Protect
|move|p2b: Rillaboom|Fake Out|p1b: Ursaluna
|-activate|p1b: Ursaluna|move: Protect
|move|p1a: Bumble bee|Electroweb|p2a: Sneasler|[spread] p2a,p2b
|-crit|p2a: Sneasler
|-resisted|p2b: Rillaboom
|-damage|p2a: Sneasler|75/100
|-damage|p2b: Rillaboom|95/100
|-unboost|p2a: Sneasler|spe|1
|-unboost|p2b: Rillaboom|spe|1
|-enditem|p2a: Sneasler|White Herb
|-clearnegativeboost|p2a: Sneasler|[silent]
|move|p2a: Sneasler|Coaching|p2b: Rillaboom
|-boost|p2b: Rillaboom|atk|1
|-boost|p2b: Rillaboom|def|1
|
|-heal|p2a: Sneasler|81/100|[from] Grassy Terrain
|-heal|p2b: Rillaboom|100/100|[from] Grassy Terrain
|upkeep
|turn|2
|
|t:|1756918546
|switch|p2a: Ninetales|Ninetales-Alola, L50, M|100/100
|-weather|Snowscape|[from] ability: Snow Warning|[of] p2a: Ninetales
|-terastallize|p1b: Ursaluna|Normal
|move|p1a: Bumble bee|Follow Me|p1a: Bumble bee
|-singleturn|p1a: Bumble bee|move: Follow Me
|move|p2b: Rillaboom|Drum Beating|p1a: Bumble bee
|-damage|p1a: Bumble bee|26/100
|-unboost|p1a: Bumble bee|spe|1
|move|p1b: Ursaluna|Hyper Voice|p2b: Rillaboom|[spread] p2a,p2b
|-crit|p2a: Ninetales
|-enditem|p2a: Ninetales|Focus Sash
|-damage|p2a: Ninetales|1/100
|-damage|p2b: Rillaboom|54/100
|-damage|p1b: Ursaluna|91/100|[from] item: Life Orb
|
|-weather|Snowscape|[upkeep]
|-heal|p2a: Ninetales|7/100|[from] Grassy Terrain
|-heal|p1a: Bumble bee|32/100|[from] Grassy Terrain
|-heal|p2b: Rillaboom|60/100|[from] Grassy Terrain
|-heal|p1b: Ursaluna|97/100|[from] Grassy Terrain
|upkeep
|turn|3
|
|t:|1756918591
|move|p1a: Bumble bee|Protect|p1a: Bumble bee
|-singleturn|p1a: Bumble bee|Protect
|move|p2b: Rillaboom|Grassy Glide|p1a: Bumble bee
|-activate|p1a: Bumble bee|move: Protect
|move|p2a: Ninetales|Aurora Veil|p2a: Ninetales
|-sidestart|p2: 413XPlayz|move: Aurora Veil
|move|p1b: Ursaluna|Hyper Voice|p2b: Rillaboom|[spread] p2a,p2b
|-damage|p2a: Ninetales|0 fnt
|-damage|p2b: Rillaboom|27/100
|faint|p2a: Ninetales
|-damage|p1b: Ursaluna|87/100|[from] item: Life Orb
|
|-weather|Snowscape|[upkeep]
|-heal|p1a: Bumble bee|39/100|[from] Grassy Terrain
|-heal|p2b: Rillaboom|33/100|[from] Grassy Terrain
|-heal|p1b: Ursaluna|93/100|[from] Grassy Terrain
|upkeep
|
|t:|1756918596
|switch|p2a: Sneasler|Sneasler, L50, M|81/100
|turn|4
|
|t:|1756918603
|switch|p1a: Garfield|Incineroar, L50, M|100/100
|-ability|p1a: Garfield|Intimidate|boost
|-unboost|p2a: Sneasler|atk|1
|-unboost|p2b: Rillaboom|atk|1
|move|p1b: Ursaluna|Protect|p1b: Ursaluna
|-singleturn|p1b: Ursaluna|Protect
|move|p2b: Rillaboom|Grassy Glide|p1a: Garfield
|-resisted|p1a: Garfield
|-damage|p1a: Garfield|84/100
|move|p2a: Sneasler|Close Combat|p1b: Ursaluna
|-activate|p1b: Ursaluna|move: Protect
|
|-weather|Snowscape|[upkeep]
|-heal|p2a: Sneasler|87/100|[from] Grassy Terrain
|-heal|p2b: Rillaboom|39/100|[from] Grassy Terrain
|-heal|p1b: Ursaluna|99/100|[from] Grassy Terrain
|-heal|p1a: Garfield|90/100|[from] Grassy Terrain
|upkeep
|turn|5
|
|t:|1756918634
|switch|p2b: Dragonite|Dragonite, L50, F|100/100
|move|p1a: Garfield|Fake Out|p2b: Dragonite
|-damage|p2b: Dragonite|96/100
|move|p2a: Sneasler|Coaching|p2b: Dragonite
|-boost|p2b: Dragonite|atk|1
|-boost|p2b: Dragonite|def|1
|-enditem|p1a: Garfield|Mirror Herb
|-boost|p1a: Garfield|atk|1|[from] item: Mirror Herb
|-boost|p1a: Garfield|def|1|[from] item: Mirror Herb
|move|p1b: Ursaluna|Earth Power|p2a: Sneasler
|-supereffective|p2a: Sneasler
|-damage|p2a: Sneasler|0 fnt
|faint|p2a: Sneasler
|-damage|p1b: Ursaluna|89/100|[from] item: Life Orb
|
|-weather|Snowscape|[upkeep]
|-heal|p1b: Ursaluna|95/100|[from] Grassy Terrain
|-heal|p1a: Garfield|96/100|[from] Grassy Terrain
|-fieldend|move: Grassy Terrain
|upkeep
|
|t:|1756918640
|switch|p2a: Rillaboom|Rillaboom, L50, M|39/100
|-fieldstart|move: Grassy Terrain|[from] ability: Grassy Surge|[of] p2a: Rillaboom
|turn|6
|
|t:|1756918653
|-terastallize|p2b: Dragonite|Ground
|move|p2a: Rillaboom|Fake Out|p1a: Garfield
|-damage|p1a: Garfield|88/100
|move|p2b: Dragonite|Stomping Tantrum|p1a: Garfield
|-supereffective|p1a: Garfield
|-damage|p1a: Garfield|5/100
|move|p1b: Ursaluna|Hyper Voice|p2b: Dragonite|[spread] p2a,p2b
|-damage|p2a: Rillaboom|4/100
|-damage|p2b: Dragonite|49/100
|-damage|p1b: Ursaluna|86/100|[from] item: Life Orb
|cant|p1a: Garfield|flinch
|
|-weather|none
|-heal|p2a: Rillaboom|9/100|[from] Grassy Terrain
|-heal|p2b: Dragonite|55/100|[from] Grassy Terrain
|-heal|p1b: Ursaluna|91/100|[from] Grassy Terrain
|-heal|p1a: Garfield|11/100|[from] Grassy Terrain
|upkeep
|turn|7
|
|t:|1756918675
|move|p2a: Rillaboom|High Horsepower|p1a: Garfield
|-supereffective|p1a: Garfield
|-damage|p1a: Garfield|0 fnt
|faint|p1a: Garfield
|move|p2b: Dragonite|Scale Shot|p1b: Ursaluna
|-damage|p1b: Ursaluna|75/100
|-damage|p1b: Ursaluna|58/100
|-damage|p1b: Ursaluna|39/100
|-damage|p1b: Ursaluna|20/100
|-hitcount|p1b: Ursaluna|4
|-unboost|p2b: Dragonite|def|1
|-boost|p2b: Dragonite|spe|1
|move|p1b: Ursaluna|Blood Moon|p2b: Dragonite
|-damage|p2b: Dragonite|0 fnt
|faint|p2b: Dragonite
|-damage|p1b: Ursaluna|11/100|[from] item: Life Orb
|
|-heal|p2a: Rillaboom|15/100|[from] Grassy Terrain
|-heal|p1b: Ursaluna|16/100|[from] Grassy Terrain
|-sideend|p2: 413XPlayz|move: Aurora Veil
|upkeep
|
|t:|1756918683
|switch|p1a: Bumble bee|Electabuzz, L50, M|39/100
|turn|8
|-message|413XPlayz forfeited.
|
|win|hungry hillo
|raw|hungry hillo's rating: 1116 → 1150(+34 for winning)
|raw|413XPlayz's rating: 1253 → 1219(-34 for losing)
|c|☆hungry hillo|Gg
|c|☆413XPlayz|gg
