|j|☆CretaceousDraconid
|j|☆naibot2814
|html|CretaceousDraconidnaibot2814    
|uhtml|bestof|Game 1 of a best-of-3
|t:|1785473497
|gametype|doubles
|player|p1|CretaceousDraconid|zinnia-masters|1384
|player|p2|naibot2814|ghetsis|1463
|gen|9
|tier|[Gen 9 Champions] VGC 2026 Reg M-B (Bo3)
|rated|
|rule|Species Clause: Limit one of each Pokémon
|rule|Item Clause: Limit 1 of each item
|clearpoke
|poke|p1|Froslass, L50, F|
|poke|p1|Sneasler, L50, M|
|poke|p1|Kingambit, L50, F|
|poke|p1|Basculegion, L50, M|
|poke|p1|Scovillain, L50, M|
|poke|p1|Lycanroc-Dusk, L50, M|
|poke|p2|Blastoise, L50, M|
|poke|p2|Incineroar, L50, M|
|poke|p2|Sneasler, L50, M|
|poke|p2|Sinistcha, L50|
|poke|p2|Kingambit, L50, M, shiny|
|poke|p2|Delphox, L50, F|
|teampreview|4
|showteam|p1|Froslass||Froslassite|CursedBody|Protect,Blizzard,AuroraVeil,ShadowBall|Timid||F|||50|]Sneasler||WhiteHerb|Unburden|Protect,CloseCombat,FakeOut,GunkShot|Adamant||M|||50|]Kingambit||LifeOrb|Defiant|Protect,KowtowCleave,SwordsDance,SuckerPunch|Adamant||F|||50|]Basculegion||SitrusBerry|Adaptability|Protect,WaveCrash,LastRespects,AquaJet|Adamant||M|||50|]Scovillain||Scovillainite|Moody|Protect,GigaDrain,Overheat,RagePowder|Bold||M|||50|]Lycanroc-Dusk||FocusSash|ToughClaws|Protect,Accelerock,RockSlide,CloseCombat|Adamant||M|||50|
|showteam|p2|Blastoise||Blastoisinite|Torrent|WaterSpout,DarkPulse,ShellSmash,Protect|Modest||M|||50|]Incineroar||SitrusBerry|Intimidate|FakeOut,FlareBlitz,DarkestLariat,PartingShot|Careful||M|||50|]Sneasler||FocusSash|PoisonTouch|FakeOut,CloseCombat,PoisonJab,QuickGuard|Jolly||M|||50|]Sinistcha||KasibBerry|Hospitality|MatchaGotcha,TrickRoom,RagePowder,Protect|Bold|||||50|]Kingambit||BlackGlasses|Defiant|KowtowCleave,SuckerPunch,SwordsDance,Protect|Adamant||M|||50|]Delphox||Delphoxite|Blaze|HeatWave,Psyshock,NastyPlot,Protect|Timid||F|||50|
|
|t:|1785473527
|teamsize|p1|4
|teamsize|p2|4
|start
|switch|p1a: Lycanroc|Lycanroc-Dusk, L50, M|100/100
|switch|p1b: Basculegion|Basculegion, L50, M|100/100
|switch|p2a: Blastoise|Blastoise, L50, M|100/100
|switch|p2b: Sneasler|Sneasler, L50, M|100/100
|turn|1
|
|t:|1785473558
|detailschange|p2a: Blastoise|Blastoise-Mega, L50, M
|-mega|p2a: Blastoise|Blastoise|Blastoisinite
|move|p2b: Sneasler|Fake Out|p1a: Lycanroc
|-resisted|p1a: Lycanroc|1
|-damage|p1a: Lycanroc|88/100
|-status|p1a: Lycanroc|psn|[from] ability: Poison Touch|[of] p2b: Sneasler
|cant|p1a: Lycanroc|flinch
|move|p2a: Blastoise|Water Spout|p1a: Lycanroc|[spread] p1a,p1b
|-supereffective|p1a: Lycanroc|1
|-resisted|p1b: Basculegion|1
|-damage|p1a: Lycanroc|0 fnt
|-damage|p1b: Basculegion|67/100
|faint|p1a: Lycanroc
|move|p1b: Basculegion|Wave Crash|p2b: Sneasler
|-enditem|p2b: Sneasler|Focus Sash
|-damage|p2b: Sneasler|1/100
|-damage|p1b: Basculegion|44/100|[from] Recoil
|-enditem|p1b: Basculegion|Sitrus Berry|[eat]
|-heal|p1b: Basculegion|68/100|[from] item: Sitrus Berry
|
|upkeep
|
|t:|1785473578
|switch|p1a: Scovillain|Scovillain, L50, M|100/100
|turn|2
|
|t:|1785473595
|detailschange|p1a: Scovillain|Scovillain-Mega, L50, M
|-mega|p1a: Scovillain|Scovillain|Scovillainite
|move|p2a: Blastoise|Protect|p2a: Blastoise
|-singleturn|p2a: Blastoise|Protect
|move|p1b: Basculegion|Aqua Jet|p2b: Sneasler
|-damage|p2b: Sneasler|0 fnt
|faint|p2b: Sneasler
|move|p1a: Scovillain|Giga Drain|p2a: Blastoise
|-activate|p2a: Blastoise|move: Protect
|
|upkeep
|
|t:|1785473598
|switch|p2b: Incineroar|Incineroar, L50, M|100/100
|-ability|p2b: Incineroar|Intimidate|boost
|-unboost|p1a: Scovillain|atk|1
|-unboost|p1b: Basculegion|atk|1
|turn|3
|
|t:|1785473610
|move|p1a: Scovillain|Protect|p1a: Scovillain
|-singleturn|p1a: Scovillain|Protect
|move|p2b: Incineroar|Fake Out|p1a: Scovillain
|-activate|p1a: Scovillain|move: Protect
|move|p2a: Blastoise|Shell Smash|p2a: Blastoise
|-unboost|p2a: Blastoise|def|1
|-unboost|p2a: Blastoise|spd|1
|-boost|p2a: Blastoise|atk|2
|-boost|p2a: Blastoise|spa|2
|-boost|p2a: Blastoise|spe|2
|move|p1b: Basculegion|Last Respects|p2a: Blastoise
|-damage|p2a: Blastoise|35/100
|
|upkeep
|turn|4
|
|t:|1785473647
|switch|p1b: Sneasler|Sneasler, L50, M|100/100
|move|p2a: Blastoise|Protect|p2a: Blastoise
|-singleturn|p2a: Blastoise|Protect
|move|p1a: Scovillain|Giga Drain|p2a: Blastoise
|-activate|p2a: Blastoise|move: Protect
|move|p2b: Incineroar|Parting Shot|p1a: Scovillain
|-unboost|p1a: Scovillain|atk|1
|-unboost|p1a: Scovillain|spa|1
|
|t:|1785473654
|switch|p2b: Sinistcha|Sinistcha, L50|100/100|[from] Parting Shot
|-heal|p2a: Blastoise|60/100|[from] ability: Hospitality|[of] p2b: Sinistcha
|
|upkeep
|turn|5
|l|☆CretaceousDraconid
|player|p1|
|j|☆CretaceousDraconid
|player|p1|CretaceousDraconid|zinnia-masters|
|
|t:|1785473701
|switch|p2a: Incineroar|Incineroar, L50, M|100/100
|-ability|p2a: Incineroar|Intimidate|boost
|-unboost|p1a: Scovillain|atk|1
|-unboost|p1b: Sneasler|atk|1
|-enditem|p1b: Sneasler|White Herb
|-clearnegativeboost|p1b: Sneasler|[silent]
|move|p1b: Sneasler|Gunk Shot|p2b: Sinistcha|[miss]
|-miss|p1b: Sneasler|p2b: Sinistcha
|move|p1a: Scovillain|Giga Drain|p2a: Incineroar
|-resisted|p2a: Incineroar|1
|-damage|p2a: Incineroar|90/100
|move|p2b: Sinistcha|Trick Room|p2b: Sinistcha
|-fieldstart|move: Trick Room|[of] p2b: Sinistcha
|
|upkeep
|turn|6
|
|t:|1785473724
|switch|p1a: Basculegion|Basculegion, L50, M|68/100
|move|p1b: Sneasler|Protect|p1b: Sneasler
|-singleturn|p1b: Sneasler|Protect
|move|p2a: Incineroar|Flare Blitz|p1b: Sneasler
|-activate|p1b: Sneasler|move: Protect
|move|p2b: Sinistcha|Matcha Gotcha|p1b: Sneasler|[spread] p1a
|-activate|p1b: Sneasler|move: Protect
|-supereffective|p1a: Basculegion|1
|-damage|p1a: Basculegion|21/100
|-status|p1a: Basculegion|brn
|
|-damage|p1a: Basculegion|15/100 brn|[from] brn
|upkeep
|turn|7
|
|t:|1785473740
|move|p1a: Basculegion|Aqua Jet|p2a: Incineroar
|-supereffective|p2a: Incineroar|1
|-damage|p2a: Incineroar|65/100
|move|p2a: Incineroar|Parting Shot|p1b: Sneasler
|-unboost|p1b: Sneasler|atk|1
|-unboost|p1b: Sneasler|spa|1
|
|t:|1785473746
|switch|p2a: Blastoise|Blastoise-Mega, L50, M|60/100|[from] Parting Shot
|move|p2b: Sinistcha|Matcha Gotcha|p1b: Sneasler|[spread] p1b
|-miss|p2b: Sinistcha|p1a: Basculegion
|-resisted|p1b: Sneasler|1
|-damage|p1b: Sneasler|84/100
|move|p1b: Sneasler|Gunk Shot|p2b: Sinistcha
|-crit|p2b: Sinistcha
|-damage|p2b: Sinistcha|24/100
|-status|p2b: Sinistcha|psn
|
|-damage|p2b: Sinistcha|11/100 psn|[from] psn
|-damage|p1a: Basculegion|9/100 brn|[from] brn
|upkeep
|turn|8
|
|t:|1785473773
|move|p1b: Sneasler|Protect|p1b: Sneasler
|-singleturn|p1b: Sneasler|Protect
|move|p2b: Sinistcha|Rage Powder|p2b: Sinistcha
|-singleturn|p2b: Sinistcha|move: Rage Powder
|move|p1a: Basculegion|Aqua Jet|p2b: Sinistcha
|-resisted|p2b: Sinistcha|1
|-crit|p2b: Sinistcha
|-damage|p2b: Sinistcha|3/100 psn
|move|p2a: Blastoise|Water Spout|p1b: Sneasler|[spread] p1a
|-activate|p1b: Sneasler|move: Protect
|-resisted|p1a: Basculegion|1
|-damage|p1a: Basculegion|0 fnt
|faint|p1a: Basculegion
|
|-damage|p2b: Sinistcha|0 fnt|[from] psn
|faint|p2b: Sinistcha
|upkeep
|
|t:|1785473780
|switch|p2b: Incineroar|Incineroar, L50, M|65/100
|switch|p1a: Scovillain|Scovillain-Mega, L50, M|100/100
|-ability|p2b: Incineroar|Intimidate|boost
|-unboost|p1a: Scovillain|atk|1
|-unboost|p1b: Sneasler|atk|1
|turn|9
|
|t:|1785473785
|move|p2b: Incineroar|Fake Out|p1a: Scovillain
|-damage|p1a: Scovillain|88/100
|-immune|p2b: Incineroar
|cant|p1a: Scovillain|flinch
|move|p2a: Blastoise|Water Spout|p1a: Scovillain|[spread] p1a,p1b
|-damage|p1a: Scovillain|41/100
|-damage|p1b: Sneasler|37/100
|-status|p2a: Blastoise|brn|[from] ability: Spicy Spray|[of] p1a: Scovillain
|move|p1b: Sneasler|Close Combat|p2b: Incineroar
|-supereffective|p2b: Incineroar|1
|-damage|p2b: Incineroar|19/100
|-unboost|p1b: Sneasler|def|1
|-unboost|p1b: Sneasler|spd|1
|-enditem|p2b: Incineroar|Sitrus Berry|[eat]
|-heal|p2b: Incineroar|44/100|[from] item: Sitrus Berry
|
|-damage|p2a: Blastoise|55/100 brn|[from] brn
|-fieldend|move: Trick Room
|upkeep
|turn|10
|
|t:|1785473810
|move|p1b: Sneasler|Close Combat|p2b: Incineroar
|-supereffective|p2b: Incineroar|1
|-damage|p2b: Incineroar|0 fnt
|-unboost|p1b: Sneasler|def|1
|-unboost|p1b: Sneasler|spd|1
|faint|p2b: Incineroar
|move|p2a: Blastoise|Dark Pulse|p1a: Scovillain
|-damage|p1a: Scovillain|0 fnt
|faint|p1a: Scovillain
|
|-damage|p2a: Blastoise|49/100 brn|[from] brn
|upkeep
|turn|11
|
|t:|1785473818
|move|p1b: Sneasler|Protect|p1b: Sneasler
|-singleturn|p1b: Sneasler|Protect
|move|p2a: Blastoise|Dark Pulse|p1b: Sneasler
|-activate|p1b: Sneasler|move: Protect
|
|-damage|p2a: Blastoise|43/100 brn|[from] brn
|upkeep
|turn|12
|
|t:|1785473824
|move|p1b: Sneasler|Close Combat|p2a: Blastoise
|-damage|p2a: Blastoise|16/100 brn
|-unboost|p1b: Sneasler|def|1
|-unboost|p1b: Sneasler|spd|1
|move|p2a: Blastoise|Dark Pulse|p1b: Sneasler
|-resisted|p1b: Sneasler|1
|-damage|p1b: Sneasler|0 fnt
|faint|p1b: Sneasler
|
|win|naibot2814
||naibot2814 is ready for game 2.
|inactive|CretaceousDraconid has 30 seconds to confirm battle start!
||CretaceousDraconid is ready for game 2.
|uhtml|next|Next: Game 2 of 3
|l|☆CretaceousDraconid
|player|p1|
