|j|☆sedrav
|j|☆WASHINGTONGARGACHA
|html|sedravWASHINGTONGARGACHA    
|uhtml|bestof|Game 2 of a best-of-3
|t:|1756491315
|gametype|doubles
|player|p1|sedrav|hilbert|1203
|player|p2|WASHINGTONGARGACHA|265|1182
|gen|9
|tier|[Gen 9] VGC 2025 Reg H (Bo3)
|rated|
|rule|Species Clause: Limit one of each Pokémon
|rule|Item Clause: Limit 1 of each item
|clearpoke
|poke|p1|Milotic, L50, F|
|poke|p1|Tyranitar, L50, M|
|poke|p1|Talonflame, L50, F|
|poke|p1|Garchomp, L50, M|
|poke|p1|Amoonguss, L50, F|
|poke|p1|Gholdengo, L50|
|poke|p2|Gholdengo, L50|
|poke|p2|Ursaluna, L50, M|
|poke|p2|Archaludon, L50, M|
|poke|p2|Murkrow, L50, M|
|poke|p2|Farigiraf, L50, M|
|poke|p2|Palafin, L50, F|
|teampreview|4
|showteam|p1|Milotic||SafetyGoggles|Competitive|Scald,IcyWind,Haze,Protect|||F|||50|,,,,,Dragon]Tyranitar||AssaultVest|SandStream|RockSlide,KnockOff,LowKick,TeraBlast|||M|||50|,,,,,Flying]Talonflame||CovertCloak|GaleWings|BraveBird,Tailwind,WillOWisp,Taunt|||F|||50|,,,,,Grass]Garchomp||LifeOrb|RoughSkin|Protect,StompingTantrum,Earthquake,DragonClaw|||M|||50|,,,,,Fairy]Amoonguss||SitrusBerry|Regenerator|Protect,RagePowder,Spore,PollenPuff|||F|||50|,,,,,Water]Gholdengo||ChoiceSpecs|GoodasGold|MakeItRain,ShadowBall,PowerGem,Thunderbolt||||||50|,,,,,Steel
|showteam|p2|Gholdengo||SitrusBerry|GoodasGold|ShadowBall,MakeItRain,NastyPlot,Protect||||||50|,,,,,Water]Ursaluna||FlameOrb|Guts|Facade,Earthquake,Protect,HeadlongRush|||M|||50|,,,,,Ghost]Archaludon||PowerHerb|Stamina|ElectroShot,FlashCannon,DracoMeteor,Protect|||M|||50|,,,,,Grass]Murkrow||Eviolite|Prankster|Tailwind,RainDance,FoulPlay,Haze|||M|||50|,,,,,Dark]Farigiraf||ThroatSpray|ArmorTail|HyperVoice,TrickRoom,Psychic,Protect|||M|||50|,,,,,Fairy]Palafin||MysticWater|ZerotoHero|FlipTurn,Protect,JetPunch,WaveCrash|||F|||50|,,,,,Water
|
|t:|1756491358
|teamsize|p1|4
|teamsize|p2|4
|start
|switch|p1a: Gholdengo|Gholdengo, L50|100/100
|switch|p1b: Amoonguss|Amoonguss, L50, F|100/100
|switch|p2a: Farigiraf|Farigiraf, L50, M|100/100
|switch|p2b: Palafin|Palafin, L50, F|100/100
|turn|1
|
|t:|1756491396
|-terastallize|p1b: Amoonguss|Water
|move|p1b: Amoonguss|Rage Powder|p1b: Amoonguss
|-singleturn|p1b: Amoonguss|move: Rage Powder
|move|p2b: Palafin|Flip Turn|p1b: Amoonguss
|-resisted|p1b: Amoonguss
|-damage|p1b: Amoonguss|91/100
|
|t:|1756491405
|detailschange|p2b: Palafin|Palafin-Hero, L50, F
|switch|p2b: Ursaluna|Ursaluna, L50, M|100/100|[from] Flip Turn
|move|p1a: Gholdengo|Shadow Ball|p2b: Ursaluna
|-immune|p2b: Ursaluna
|move|p2a: Farigiraf|Trick Room|p2a: Farigiraf
|-fieldstart|move: Trick Room|[of] p2a: Farigiraf
|
|-status|p2b: Ursaluna|brn|[from] item: Flame Orb
|upkeep
|turn|2
|
|t:|1756491435
|switch|p1a: Milotic|Milotic, L50, F|100/100
|move|p1b: Amoonguss|Protect|p1b: Amoonguss
|-singleturn|p1b: Amoonguss|Protect
|move|p2b: Ursaluna|Protect|p2b: Ursaluna
|-singleturn|p2b: Ursaluna|Protect
|move|p2a: Farigiraf|Hyper Voice|p1b: Amoonguss|[spread] p1a
|-activate|p1b: Amoonguss|move: Protect
|-damage|p1a: Milotic|79/100
|-enditem|p2a: Farigiraf|Throat Spray
|-boost|p2a: Farigiraf|spa|1|[from] item: Throat Spray
|
|-damage|p2b: Ursaluna|94/100 brn|[from] brn
|upkeep
|turn|3
|
|t:|1756491483
|move|p1a: Milotic|Protect|p1a: Milotic
|-singleturn|p1a: Milotic|Protect
|move|p1b: Amoonguss|Spore|p2a: Farigiraf
|-status|p2a: Farigiraf|slp|[from] move: Spore
|cant|p2a: Farigiraf|slp
|move|p2b: Ursaluna|Facade|p1b: Amoonguss
|-damage|p1b: Amoonguss|0 fnt
|faint|p1b: Amoonguss
|
|-damage|p2b: Ursaluna|88/100 brn|[from] brn
|upkeep
|
|t:|1756491502
|switch|p1b: Garchomp|Garchomp, L50, M|100/100
|turn|4
|
|t:|1756491537
|switch|p1a: Gholdengo|Gholdengo, L50|100/100
|cant|p2a: Farigiraf|slp
|move|p2b: Ursaluna|Facade|p1a: Gholdengo
|-immune|p1a: Gholdengo
|move|p1b: Garchomp|Dragon Claw|p2b: Ursaluna
|-damage|p2b: Ursaluna|40/100 brn
|-damage|p1b: Garchomp|91/100|[from] item: Life Orb
|
|-damage|p2b: Ursaluna|34/100 brn|[from] brn
|upkeep
|turn|5
|
|t:|1756491568
|cant|p2a: Farigiraf|slp
|move|p2b: Ursaluna|Headlong Rush|p1a: Gholdengo
|-supereffective|p1a: Gholdengo
|-damage|p1a: Gholdengo|0 fnt
|-unboost|p2b: Ursaluna|def|1
|-unboost|p2b: Ursaluna|spd|1
|faint|p1a: Gholdengo
|move|p1b: Garchomp|Earthquake|p2a: Farigiraf|[spread] p2a,p2b
|-damage|p2a: Farigiraf|38/100 slp
|-damage|p2b: Ursaluna|0 fnt
|faint|p2b: Ursaluna
|-damage|p1b: Garchomp|81/100|[from] item: Life Orb
|
|-fieldend|move: Trick Room
|upkeep
|
|t:|1756491580
|switch|p1a: Milotic|Milotic, L50, F|79/100
|switch|p2b: Palafin|Palafin-Hero, L50, F|100/100
|-activate|p2b: Palafin|ability: Zero to Hero
|turn|6
|
|t:|1756491608
|-terastallize|p2b: Palafin|Water
|move|p1b: Garchomp|Protect|p1b: Garchomp
|-singleturn|p1b: Garchomp|Protect
|move|p2b: Palafin|Wave Crash|p1b: Garchomp
|-activate|p1b: Garchomp|move: Protect
|move|p1a: Milotic|Icy Wind|p2a: Farigiraf|[spread] p2a,p2b
|-resisted|p2b: Palafin
|-damage|p2a: Farigiraf|30/100 slp
|-damage|p2b: Palafin|95/100
|-unboost|p2a: Farigiraf|spe|1
|-unboost|p2b: Palafin|spe|1
|-curestatus|p2a: Farigiraf|slp|[msg]
|move|p2a: Farigiraf|Hyper Voice|p1a: Milotic|[spread] p1a
|-activate|p1b: Garchomp|move: Protect
|-damage|p1a: Milotic|47/100
|
|upkeep
|turn|7
|
|t:|1756491665
|move|p2b: Palafin|Jet Punch|p1b: Garchomp
|-damage|p1b: Garchomp|17/100
|-damage|p2b: Palafin|83/100|[from] ability: Rough Skin|[of] p1b: Garchomp
|move|p1b: Garchomp|Stomping Tantrum|p2a: Farigiraf
|-damage|p2a: Farigiraf|0 fnt
|faint|p2a: Farigiraf
|-damage|p1b: Garchomp|7/100|[from] item: Life Orb
|move|p1a: Milotic|Scald|p2b: Palafin
|-resisted|p2b: Palafin
|-damage|p2b: Palafin|66/100
|
|upkeep
|
|t:|1756491676
|switch|p2a: Archaludon|Archaludon, L50, M|100/100
|turn|8
|
|t:|1756491685
|move|p2b: Palafin|Jet Punch|p1b: Garchomp
|-damage|p1b: Garchomp|0 fnt
|-damage|p2b: Palafin|54/100|[from] ability: Rough Skin|[of] p1b: Garchomp
|faint|p1b: Garchomp
|move|p2a: Archaludon|Electro Shot||[still]
|-prepare|p2a: Archaludon|Electro Shot
|-boost|p2a: Archaludon|spa|1
|-enditem|p2a: Archaludon|Power Herb
|-anim|p2a: Archaludon|Electro Shot|p1a: Milotic
|-supereffective|p1a: Milotic
|-damage|p1a: Milotic|0 fnt
|faint|p1a: Milotic
|
|win|WASHINGTONGARGACHA
