|j|☆Phish With A PH
|j|☆KaiserBN1
|html|Phish With A PHKaiserBN1    
|uhtml|bestof|Game 2 of a best-of-3
|t:|1756447986
|gametype|doubles
|player|p1|Phish With A PH|wallace|1000
|player|p2|KaiserBN1|n|1123
|gen|9
|tier|[Gen 9] VGC 2025 Reg H (Bo3)
|rated|
|rule|Species Clause: Limit one of each Pokémon
|rule|Item Clause: Limit 1 of each item
|clearpoke
|poke|p1|Archaludon, L50, M|
|poke|p1|Pelipper, L50, F|
|poke|p1|Maushold, L50|
|poke|p1|Annihilape, L50, M|
|poke|p1|Venusaur, L50, M|
|poke|p1|Palafin, L50, F|
|poke|p2|Amoonguss, L50, F|
|poke|p2|Sneasler, L50, M|
|poke|p2|Gholdengo, L50|
|poke|p2|Incineroar, L50, F|
|poke|p2|Ursaluna-Bloodmoon, L50, M|
|poke|p2|Dragonite, L50, M|
|teampreview|4
|showteam|p1|Archaludon||AssaultVest|Stamina|DracoMeteor,ElectroShot,Snarl,BodyPress|||M|||50|,,,,,Bug]Pelipper||FocusSash|Drizzle|WeatherBall,Hurricane,Uturn,Tailwind|||F|||50|,,,,,Ghost]Maushold||SafetyGoggles|FriendGuard|PopulationBomb,FollowMe,Protect,Taunt||||||50|,,,,,Fairy]Annihilape||SitrusBerry|Defiant|RageFist,DrainPunch,FinalGambit,Protect|||M|||50|,,,,,Fire]Venusaur||WideLens|Chlorophyll|EarthPower,WeatherBall,SleepPowder,Protect|||M|||50|,,,,,Grass]Palafin||EjectPack|ZerotoHero|JetPunch,CloseCombat,Haze,Protect|||F|||50|,,,,,Water
|showteam|p2|Amoonguss||SitrusBerry|Regenerator|RagePowder,Spore,PollenPuff,Protect|||F|||50|,,,,,Psychic]Sneasler||FocusSash|Unburden|Protect,DireClaw,CloseCombat,ThroatChop|||M|||50|,,,,,Stellar]Gholdengo||LifeOrb|GoodasGold|Protect,MakeItRain,ShadowBall,NastyPlot||||||50|,,,,,Water]Incineroar||SafetyGoggles|Intimidate|KnockOff,PartingShot,FlareBlitz,FakeOut|||F|||50|,,,,,Ghost]Ursaluna-Bloodmoon||AssaultVest|MindsEye|BloodMoon,EarthPower,VacuumWave,HyperVoice|||M|||50|,,,,,Water]Dragonite||LoadedDice|Multiscale|ScaleShot,Tailwind,Haze,Protect|||M|||50|,,,,,Fairy
|inactive|Battle timer is ON: inactive players will automatically lose when time's up. (requested by KaiserBN1)
|inactive|KaiserBN1 has 60 seconds left.
|
|t:|1756448018
|teamsize|p1|4
|teamsize|p2|4
|start
|switch|p1a: Pelipper|Pelipper, L50, F|100/100
|switch|p1b: Maushold|Maushold, L50|100/100
|switch|p2a: Golden Wind|Dragonite, L50, M|100/100
|switch|p2b: Say Cheese|Gholdengo, L50|100/100
|-weather|RainDance|[from] ability: Drizzle|[of] p1a: Pelipper
|turn|1
|inactive|Phish With A PH has 30 seconds left.
|
|t:|1756448046
|move|p2b: Say Cheese|Make It Rain|p1a: Pelipper|[spread] p1a,p1b
|-resisted|p1a: Pelipper
|-damage|p1a: Pelipper|72/100
|-damage|p1b: Maushold|28/100
|-unboost|p2b: Say Cheese|spa|1
|-damage|p2b: Say Cheese|91/100|[from] item: Life Orb
|move|p1b: Maushold|Taunt|p2a: Golden Wind
|-start|p2a: Golden Wind|move: Taunt
|cant|p2a: Golden Wind|move: Taunt|Tailwind
|move|p1a: Pelipper|Tailwind|p1a: Pelipper
|-sidestart|p1: Phish With A PH|move: Tailwind
|
|-weather|RainDance|[upkeep]
|upkeep
|turn|2
|j| Hackervgc
|
|t:|1756448070
|move|p2b: Say Cheese|Protect|p2b: Say Cheese
|-singleturn|p2b: Say Cheese|Protect
|move|p1b: Maushold|Population Bomb|p2a: Golden Wind
|-damage|p2a: Golden Wind|96/100
|-damage|p2a: Golden Wind|87/100
|-damage|p2a: Golden Wind|78/100
|-damage|p2a: Golden Wind|69/100
|-damage|p2a: Golden Wind|61/100
|-damage|p2a: Golden Wind|54/100
|-damage|p2a: Golden Wind|44/100
|-damage|p2a: Golden Wind|37/100
|-damage|p2a: Golden Wind|29/100
|-crit|p2a: Golden Wind
|-damage|p2a: Golden Wind|17/100
|-hitcount|p2a: Golden Wind|10
|move|p1a: Pelipper|Weather Ball|p2b: Say Cheese
|-activate|p2b: Say Cheese|move: Protect
|move|p2a: Golden Wind|Scale Shot|p1b: Maushold|[miss]
|-miss|p2a: Golden Wind|p1b: Maushold
|
|-weather|RainDance|[upkeep]
|upkeep
|turn|3
|l| Hackervgc
|inactive|Phish With A PH has 30 seconds left.
|inactive|KaiserBN1 has 30 seconds left.
|
|t:|1756448105
|move|p1b: Maushold|Population Bomb|p2a: Golden Wind
|-damage|p2a: Golden Wind|10/100
|-hitcount|p2a: Golden Wind|1
|move|p1a: Pelipper|Weather Ball|p2b: Say Cheese
|-crit|p2b: Say Cheese
|-damage|p2b: Say Cheese|17/100
|move|p2b: Say Cheese|Make It Rain|p1b: Maushold|[spread] p1a,p1b
|-resisted|p1a: Pelipper
|-damage|p1a: Pelipper|53/100
|-damage|p1b: Maushold|0 fnt
|-unboost|p2b: Say Cheese|spa|1
|faint|p1b: Maushold
|-damage|p2b: Say Cheese|7/100|[from] item: Life Orb
|move|p2a: Golden Wind|Scale Shot|p1a: Pelipper
|-damage|p1a: Pelipper|36/100
|-damage|p1a: Pelipper|19/100
|-damage|p1a: Pelipper|3/100
|-damage|p1a: Pelipper|0 fnt
|faint|p1a: Pelipper
|-hitcount|p1: Pelipper|4
|-unboost|p2a: Golden Wind|def|1
|-boost|p2a: Golden Wind|spe|1
|
|-weather|RainDance|[upkeep]
|-end|p2a: Golden Wind|move: Taunt
|upkeep
|
|t:|1756448115
|switch|p1b: Palafin|Palafin, L50, F|100/100
|switch|p1a: Archaludon|Archaludon, L50, M|100/100
|turn|4
|
|t:|1756448136
|move|p2a: Golden Wind|Protect|p2a: Golden Wind
|-singleturn|p2a: Golden Wind|Protect
|move|p2b: Say Cheese|Protect|p2b: Say Cheese
|-singleturn|p2b: Say Cheese|Protect
|move|p1b: Palafin|Jet Punch|p2a: Golden Wind
|-activate|p2a: Golden Wind|move: Protect
|move|p1a: Archaludon|Electro Shot||[still]
|-prepare|p1a: Archaludon|Electro Shot
|-boost|p1a: Archaludon|spa|1
|-anim|p1a: Archaludon|Electro Shot|p2b: Say Cheese
|-activate|p2b: Say Cheese|move: Protect
|
|-weather|RainDance|[upkeep]
|-sideend|p1: Phish With A PH|move: Tailwind
|upkeep
|turn|5
|
|t:|1756448160
|move|p1b: Palafin|Jet Punch|p2a: Golden Wind
|-resisted|p2a: Golden Wind
|-damage|p2a: Golden Wind|0 fnt
|faint|p2a: Golden Wind
|move|p2b: Say Cheese|Nasty Plot|p2b: Say Cheese
|-boost|p2b: Say Cheese|spa|2
|move|p1a: Archaludon|Electro Shot||[still]
|-prepare|p1a: Archaludon|Electro Shot
|-boost|p1a: Archaludon|spa|1
|-anim|p1a: Archaludon|Electro Shot|p2b: Say Cheese
|-damage|p2b: Say Cheese|0 fnt
|faint|p2b: Say Cheese
|
|-weather|none
|upkeep
|
|t:|1756448172
|switch|p2b: Tony|Ursaluna-Bloodmoon, L50, M|100/100
|switch|p2a: 8|Sneasler, L50, M|100/100
|turn|6
|inactive|Phish With A PH has 30 seconds left.
|
|t:|1756448204
|-terastallize|p1a: Archaludon|Bug
|-terastallize|p2b: Tony|Water
|move|p2a: 8|Protect|p2a: 8
|-singleturn|p2a: 8|Protect
|move|p1b: Palafin|Jet Punch|p2a: 8
|-activate|p2a: 8|move: Protect
|move|p1a: Archaludon|Draco Meteor|p2b: Tony
|-crit|p2b: Tony
|-damage|p2b: Tony|0 fnt
|-unboost|p1a: Archaludon|spa|2
|faint|p2b: Tony
|
|upkeep
|turn|7
|
|t:|1756448221
|move|p1b: Palafin|Jet Punch|p2a: 8
|-damage|p2a: 8|62/100
|move|p2a: 8|Dire Claw|p1a: Archaludon
|-damage|p1a: Archaludon|71/100
|-ability|p1a: Archaludon|Stamina|boost
|-boost|p1a: Archaludon|def|1
|move|p1a: Archaludon|Draco Meteor|p2a: 8
|-damage|p2a: 8|0 fnt
|-unboost|p1a: Archaludon|spa|2
|faint|p2a: 8
|
|win|Phish With A PH
|raw|Phish With A PH's rating: 1000 → 1054(+54 for winning)
|raw|KaiserBN1's rating: 1123 → 1090(-33 for losing)
|l|☆Phish With A PH
|player|p1|
|c|☆KaiserBN1|gg
