|j|☆KrystalKiwii
|j|☆2BStellar
|html|KrystalKiwii2BStellar    
|uhtml|bestof|Game 1 of a best-of-3
|t:|1785951875
|gametype|doubles
|player|p1|KrystalKiwii|acetrainerf-gen4dp|
|player|p2|2BStellar|hilbert-wonderlauncher|
|gen|9
|tier|[Gen 9 Champions] VGC 2026 Reg M-B (Bo3)
|rule|Species Clause: Limit one of each Pokémon
|rule|Item Clause: Limit 1 of each item
|clearpoke
|poke|p1|Tinkaton, L50, F|
|poke|p1|Gholdengo, L50|
|poke|p1|Pelipper, L50, M|
|poke|p1|Swampert, L50, F|
|poke|p1|Garchomp, L50, M|
|poke|p1|Metagross, L50|
|poke|p2|Sylveon, L50, F, shiny|
|poke|p2|Garchomp, L50, M, shiny|
|poke|p2|Kingambit, L50, M, shiny|
|poke|p2|Charizard, L50, M, shiny|
|poke|p2|Aerodactyl, L50, M, shiny|
|poke|p2|Farigiraf, L50, F, shiny|
|teampreview|4
|showteam|p1|Tinkaton||OccaBerry|MoldBreaker|GigatonHammer,PlayRough,HelpingHand,FakeOut|Jolly||F|||50|]Gholdengo||MetalCoat|GoodasGold|ShadowBall,MakeItRain,NastyPlot,Protect|Modest|||||50|]Pelipper||SitrusBerry|Drizzle|WeatherBall,Hurricane,Tailwind,WideGuard|Bold||M|||50|]Swampert||Swampertite|Torrent|WaveCrash,Earthquake,FlipTurn,Protect|Adamant||F|||50|]Garchomp||LifeOrb|RoughSkin|DragonClaw,StompingTantrum,RockSlide,Protect|Jolly||M|||50|]Metagross||Metagrossite|ClearBody|PsychicFangs,IronHead,RockSlide,Protect|Jolly|||||50|
|showteam|p2|Sylveon||FairyFeather|Pixilate|Detect,HyperVoice,QuickAttack,HyperBeam|Modest||F|||50|]Garchomp||ChoiceScarf|RoughSkin|StompingTantrum,Earthquake,DragonClaw,StoneEdge|Adamant||M|||50|]Kingambit||LifeOrb|Defiant|SuckerPunch,KowtowCleave,IronHead,BrickBreak|Adamant||M|||50|]Charizard||CharizarditeY|Blaze|Protect,HeatWave,SolarBeam,WeatherBall|Modest||M|||50|]Aerodactyl||Aerodactylite|RockHead|Tailwind,RockSlide,WideGuard,DualWingbeat|Jolly||M|||50|]Farigiraf||SitrusBerry|ArmorTail|Protect,Thunderbolt,TwinBeam,TrickRoom|Bold||F|||50|
|inactive|Battle timer is ON: inactive players will automatically lose when time's up. (requested by KrystalKiwii)
|c|☆KrystalKiwii|glhf!
|c|☆2BStellar|u2!
|inactive|KrystalKiwii has 60 seconds left.
|inactive|2BStellar has 60 seconds left.
|inactive|2BStellar has 30 seconds left.
|inactive|2BStellar has 20 seconds left.
|inactive|2BStellar has 15 seconds left.
|inactive|2BStellar has 10 seconds left.
|inactive|2BStellar has 5 seconds left.
|
|t:|1785951962
|teamsize|p1|4
|teamsize|p2|4
|start
|switch|p1a: Swampert|Swampert, L50, F|100/100
|switch|p1b: Garchomp|Garchomp, L50, M|100/100
|switch|p2a: piano|Garchomp, L50, M, shiny|100/100
|switch|p2b: e4e5f4|Kingambit, L50, M, shiny|100/100
|turn|1
|inactive|2BStellar has 30 seconds left.
|inactive|2BStellar has 20 seconds left.
|inactive|2BStellar has 15 seconds left.
|inactive|KrystalKiwii has 30 seconds left.
|
|t:|1785952007
|switch|p1b: Pelipper|Pelipper, L50, M|100/100
|-weather|RainDance|[from] ability: Drizzle|[of] p1b: Pelipper
|switch|p2b: AAAAAA|Aerodactyl, L50, M, shiny|100/100
|detailschange|p1a: Swampert|Swampert-Mega, L50, F
|-mega|p1a: Swampert|Swampert|Swampertite
|move|p1a: Swampert|Wave Crash|p2a: piano
|-damage|p2a: piano|0 fnt
|-damage|p1a: Swampert|87/100|[from] ability: Rough Skin|[of] p2a: piano
|faint|p2a: piano
|-damage|p1a: Swampert|51/100|[from] Recoil
|
|-weather|RainDance|[upkeep]
|upkeep
|inactive|2BStellar has 30 seconds left.
|
|t:|1785952033
|switch|p2a: zzzzzz|Charizard, L50, M, shiny|100/100
|turn|2
|inactive|2BStellar has 30 seconds left.
|
|t:|1785952062
|switch|p1a: Garchomp|Garchomp, L50, M|100/100
|detailschange|p2a: zzzzzz|Charizard-Mega-Y, L50, M, shiny
|-mega|p2a: zzzzzz|Charizard|Charizardite Y
|-weather|SunnyDay|[from] ability: Drought|[of] p2a: zzzzzz
|move|p2b: AAAAAA|Tailwind|p2b: AAAAAA
|-sidestart|p2: 2BStellar|move: Tailwind
|move|p2a: zzzzzz|Solar Beam||[still]
|-prepare|p2a: zzzzzz|Solar Beam
|-anim|p2a: zzzzzz|Solar Beam|p1b: Pelipper
|-damage|p1b: Pelipper|37/100
|-enditem|p1b: Pelipper|Sitrus Berry|[eat]
|-heal|p1b: Pelipper|62/100|[from] item: Sitrus Berry
|move|p1b: Pelipper|Tailwind|p1b: Pelipper
|-sidestart|p1: KrystalKiwii|move: Tailwind
|
|-weather|SunnyDay|[upkeep]
|upkeep
|turn|3
|inactive|2BStellar has 30 seconds left.
|inactive|2BStellar has 20 seconds left.
|inactive|2BStellar has 15 seconds left.
|
|t:|1785952105
|switch|p1b: Swampert|Swampert-Mega, L50, F|51/100
|move|p2b: AAAAAA|Wide Guard|p2b: AAAAAA
|-singleturn|p2b: AAAAAA|Wide Guard
|move|p1a: Garchomp|Dragon Claw|p2a: zzzzzz
|-damage|p2a: zzzzzz|50/100g
|-damage|p1a: Garchomp|90/100|[from] item: Life Orb
|move|p2a: zzzzzz|Solar Beam||[still]
|-prepare|p2a: zzzzzz|Solar Beam
|-anim|p2a: zzzzzz|Solar Beam|p1b: Swampert
|-supereffective|p1b: Swampert|2
|-damage|p1b: Swampert|0 fnt
|faint|p1b: Swampert
|
|-weather|SunnyDay|[upkeep]
|upkeep
|
|t:|1785952114
|switch|p1b: Pelipper|Pelipper, L50, M|62/100
|-weather|RainDance|[from] ability: Drizzle|[of] p1b: Pelipper
|turn|4
|
|t:|1785952134
|switch|p2a: e4e5f4|Kingambit, L50, M, shiny|100/100
|move|p2b: AAAAAA|Rock Slide|p1a: Garchomp|[spread] p1a,p1b
|-resisted|p1a: Garchomp|1
|-supereffective|p1b: Pelipper|1
|-damage|p1a: Garchomp|78/100
|-damage|p1b: Pelipper|19/100
|cant|p1a: Garchomp|flinch
|move|p1b: Pelipper|Weather Ball|p2b: AAAAAA
|-supereffective|p2b: AAAAAA|1
|-damage|p2b: AAAAAA|0 fnt
|faint|p2b: AAAAAA
|
|-weather|RainDance|[upkeep]
|upkeep
|
|t:|1785952150
|switch|p2b: zzzzzz|Charizard-Mega-Y, L50, M, shiny|50/100g
|-weather|SunnyDay|[from] ability: Drought|[of] p2b: zzzzzz
|turn|5
|inactive|2BStellar has 30 seconds left.
|inactive|2BStellar has 20 seconds left.
|
|t:|1785952188
|move|p1a: Garchomp|Rock Slide|p2b: zzzzzz|[spread] p2a,p2b
|-resisted|p2a: e4e5f4|1
|-supereffective|p2b: zzzzzz|2
|-damage|p2a: e4e5f4|89/100
|-damage|p2b: zzzzzz|0 fnt
|faint|p2b: zzzzzz
|-damage|p1a: Garchomp|69/100|[from] item: Life Orb
|move|p1b: Pelipper|Weather Ball|p2a: e4e5f4
|-supereffective|p2a: e4e5f4|1
|-damage|p2a: e4e5f4|13/100
|cant|p2a: e4e5f4|flinch
|
|-weather|SunnyDay|[upkeep]
|-sideend|p2: 2BStellar|move: Tailwind
|-sideend|p1: KrystalKiwii|move: Tailwind
|upkeep
|turn|6
|inactive|2BStellar has 30 seconds left.
|
|t:|1785952218
|move|p2a: e4e5f4|Sucker Punch|p1b: Pelipper
|-damage|p1b: Pelipper|0 fnt
|faint|p1b: Pelipper
|-damage|p2a: e4e5f4|4/100|[from] item: Life Orb
|move|p1a: Garchomp|Stomping Tantrum|p2a: e4e5f4
|-supereffective|p2a: e4e5f4|1
|-damage|p2a: e4e5f4|0 fnt
|faint|p2a: e4e5f4
|-damage|p1a: Garchomp|59/100|[from] item: Life Orb
|
|win|KrystalKiwii
||2BStellar is ready for game 2.
||KrystalKiwii is ready for game 2.
|uhtml|next|Next: Game 2 of 3
