|j|☆lobitooooo
|j|☆SalmonCashew
|html|lobitoooooSalmonCashew    
|uhtml|bestof|Game 1 of a best-of-3
|t:|1785976952
|gametype|doubles
|player|p1|lobitooooo|linebacker|1249
|player|p2|SalmonCashew|caitlin|1193
|gen|9
|tier|[Gen 9 Champions] VGC 2026 Reg M-B (Bo3)
|rated|
|rule|Species Clause: Limit one of each Pokémon
|rule|Item Clause: Limit 1 of each item
|clearpoke
|poke|p1|Garchomp, L50, F|
|poke|p1|Tyranitar, L50, M|
|poke|p1|Corviknight, L50, F|
|poke|p1|Scizor, L50, M|
|poke|p1|Basculegion, L50, M|
|poke|p1|Sneasler, L50, F|
|poke|p2|Whimsicott, L50, F|
|poke|p2|Sneasler, L50, F|
|poke|p2|Basculegion, L50, M|
|poke|p2|Incineroar, L50, M, shiny|
|poke|p2|Pyroar, L50, F, shiny|
|poke|p2|Garchomp, L50, M|
|teampreview|4
|showteam|p1|Garchomp||Garchompite|RoughSkin|EarthPower,Protect,DracoMeteor,PowerGem|Modest||F|||50|]Tyranitar||ChoiceScarf|SandStream|Superpower,IcePunch,RockSlide,KnockOff|Jolly||M|||50|]Corviknight||Leftovers|MirrorArmor|Protect,IronHead,Tailwind,BraveBird|Impish||F|||50|]Scizor||LifeOrb|Technician|Protect,SwordsDance,BugBite,BulletPunch|Adamant||M|||50|]Basculegion||SitrusBerry|Adaptability|AquaJet,Protect,LastRespects,WaveCrash|Jolly||M|||50|]Sneasler||FocusSash|PoisonTouch|PoisonJab,FakeOut,CloseCombat,Protect|Jolly||F|||50|
|showteam|p2|Whimsicott||FocusSash|Prankster|Protect,Tailwind,SunnyDay,Moonblast|Timid||F|||50|]Sneasler||WhiteHerb|Unburden|Protect,CloseCombat,ThroatChop,GunkShot|Adamant||F|||50|]Basculegion||ChoiceScarf|Adaptability|LastRespects,FlipTurn,WaveCrash,AquaJet|Jolly||M|||50|]Incineroar||SitrusBerry|Intimidate|FakeOut,PartingShot,ThroatChop,FlareBlitz|Adamant||M|||50|]Pyroar||Pyroarite|Unnerve|Protect,HeatWave,Overheat,SolarBeam|Timid||F|||50|]Garchomp||LifeOrb|RoughSkin|Earthquake,DragonClaw,StompingTantrum,Protect|Adamant||M|||50|
|inactive|Battle timer is ON: inactive players will automatically lose when time's up. (requested by SalmonCashew)
|inactive|lobitooooo has 60 seconds left.
|inactive|SalmonCashew has 60 seconds left.
|inactive|lobitooooo has 30 seconds left.
|
|t:|1785977013
|teamsize|p1|4
|teamsize|p2|4
|start
|switch|p1a: Sneasler|Sneasler, L50, F|100/100
|switch|p1b: Tyranitar|Tyranitar, L50, M|100/100
|switch|p2a: Basculegion|Basculegion, L50, M|100/100
|switch|p2b: Incineroar|Incineroar, L50, M, shiny|100/100
|-weather|Sandstorm|[from] ability: Sand Stream|[of] p1b: Tyranitar
|-ability|p2b: Incineroar|Intimidate|boost
|-unboost|p1a: Sneasler|atk|1
|-unboost|p1b: Tyranitar|atk|1
|turn|1
|inactive|SalmonCashew has 30 seconds left.
|
|t:|1785977039
|switch|p1b: Garchomp|Garchomp, L50, F|100/100
|move|p1a: Sneasler|Fake Out|p2b: Incineroar
|-damage|p2b: Incineroar|90/100
|cant|p2b: Incineroar|flinch
|move|p2a: Basculegion|Flip Turn|p1b: Garchomp
|-crit|p1b: Garchomp
|-damage|p1b: Garchomp|43/100
|-damage|p2a: Basculegion|87/100|[from] ability: Rough Skin|[of] p1b: Garchomp
|
|t:|1785977054
|switch|p2a: Pyroar|Pyroar, L50, F, shiny|100/100|[from] Flip Turn
|-ability|p2a: Pyroar|Unnerve
|
|-weather|Sandstorm|[upkeep]
|-damage|p1a: Sneasler|94/100|[from] Sandstorm
|-damage|p2a: Pyroar|94/100|[from] Sandstorm
|-damage|p2b: Incineroar|84/100|[from] Sandstorm
|upkeep
|turn|2
|
|t:|1785977073
|switch|p2b: Whimsicott|Whimsicott, L50, F|100/100
|detailschange|p2a: Pyroar|Pyroar-Mega, L50, F, shiny
|-mega|p2a: Pyroar|Pyroar|Pyroarite
|detailschange|p1b: Garchomp|Garchomp-Mega, L50, F
|-mega|p1b: Garchomp|Garchomp|Garchompite
|move|p2a: Pyroar|Protect|p2a: Pyroar
|-singleturn|p2a: Pyroar|Protect
|move|p1a: Sneasler|Close Combat|p2b: Whimsicott
|-resisted|p2b: Whimsicott|1
|-damage|p2b: Whimsicott|70/100
|-unboost|p1a: Sneasler|def|1
|-unboost|p1a: Sneasler|spd|1
|move|p1b: Garchomp|Earth Power|p2a: Pyroar
|-activate|p2a: Pyroar|move: Protect
|
|-weather|Sandstorm|[upkeep]
|-damage|p2a: Pyroar|88/100|[from] Sandstorm
|-damage|p1a: Sneasler|88/100|[from] Sandstorm
|-damage|p2b: Whimsicott|65/100|[from] Sandstorm
|upkeep
|turn|3
|inactive|lobitooooo has 30 seconds left.
|
|t:|1785977104
|move|p2b: Whimsicott|Sunny Day|p2b: Whimsicott
|-weather|SunnyDay
|move|p2a: Pyroar|Heat Wave|p1b: Garchomp|[spread] p1a,p1b
|-resisted|p1b: Garchomp|1
|-damage|p1a: Sneasler|0 fnt
|-damage|p1b: Garchomp|6/100
|faint|p1a: Sneasler
|move|p1b: Garchomp|Power Gem|p2a: Pyroar
|-supereffective|p2a: Pyroar|1
|-damage|p2a: Pyroar|22/100
|
|-weather|SunnyDay|[upkeep]
|upkeep
|
|t:|1785977115
|switch|p1a: Tyranitar|Tyranitar, L50, M|100/100
|-weather|Sandstorm|[from] ability: Sand Stream|[of] p1a: Tyranitar
|turn|4
|
|t:|1785977139
|move|p2a: Pyroar|Protect|p2a: Pyroar
|-singleturn|p2a: Pyroar|Protect
|move|p1b: Garchomp|Protect|p1b: Garchomp
|-singleturn|p1b: Garchomp|Protect
|move|p2b: Whimsicott|Tailwind|p2b: Whimsicott
|-sidestart|p2: SalmonCashew|move: Tailwind
|move|p1a: Tyranitar|Rock Slide|p2a: Pyroar|[spread] p2b
|-activate|p2a: Pyroar|move: Protect
|-damage|p2b: Whimsicott|25/100
|
|-weather|Sandstorm|[upkeep]
|-damage|p2a: Pyroar|16/100|[from] Sandstorm
|-damage|p2b: Whimsicott|20/100r|[from] Sandstorm
|upkeep
|turn|5
|
|t:|1785977163
|move|p1b: Garchomp|Protect||[still]
|-fail|p1b: Garchomp
|move|p2b: Whimsicott|Sunny Day|p2b: Whimsicott
|-weather|SunnyDay
|move|p2a: Pyroar|Heat Wave|p1a: Tyranitar|[spread] p1a,p1b
|-resisted|p1a: Tyranitar|1
|-resisted|p1b: Garchomp|1
|-damage|p1a: Tyranitar|56/100
|-damage|p1b: Garchomp|0 fnt
|faint|p1b: Garchomp
|move|p1a: Tyranitar|Rock Slide|p2b: Whimsicott|[spread] p2a,p2b
|-supereffective|p2a: Pyroar|1
|-damage|p2a: Pyroar|0 fnt
|-damage|p2b: Whimsicott|0 fnt
|faint|p2a: Pyroar
|faint|p2b: Whimsicott
|
|-weather|SunnyDay|[upkeep]
|upkeep
|
|t:|1785977179
|switch|p2a: Basculegion|Basculegion, L50, M|87/100
|switch|p2b: Incineroar|Incineroar, L50, M, shiny|84/100
|switch|p1b: Basculegion|Basculegion, L50, M|100/100
|-ability|p2b: Incineroar|Intimidate|boost
|-unboost|p1a: Tyranitar|atk|1
|-unboost|p1b: Basculegion|atk|1
|turn|6
|
|t:|1785977195
|move|p2b: Incineroar|Fake Out|p1a: Tyranitar
|-resisted|p1a: Tyranitar|1
|-damage|p1a: Tyranitar|50/100g
|move|p2a: Basculegion|Last Respects|p1b: Basculegion
|-supereffective|p1b: Basculegion|1
|-damage|p1b: Basculegion|0 fnt
|faint|p1b: Basculegion
|cant|p1a: Tyranitar|flinch
|
|-weather|SunnyDay|[upkeep]
|upkeep
|turn|7
|
|t:|1785977206
|move|p2a: Basculegion|Last Respects|p1a: Tyranitar
|-resisted|p1a: Tyranitar|1
|-damage|p1a: Tyranitar|5/100
|move|p1a: Tyranitar|Rock Slide|p2b: Incineroar|[spread] p2a,p2b
|-supereffective|p2b: Incineroar|1
|-damage|p2a: Basculegion|59/100
|-damage|p2b: Incineroar|43/100
|-enditem|p2b: Incineroar|Sitrus Berry|[eat]
|-heal|p2b: Incineroar|68/100|[from] item: Sitrus Berry
|move|p2b: Incineroar|Flare Blitz|p1a: Tyranitar
|-resisted|p1a: Tyranitar|1
|-damage|p1a: Tyranitar|0 fnt
|faint|p1a: Tyranitar
|-damage|p2b: Incineroar|67/100|[from] Recoil
|
|win|SalmonCashew
||SalmonCashew is ready for game 2.
|inactive|lobitooooo has 30 seconds to confirm battle start!
