|j|☆guyq
|j|☆PikaTROD
|html|guyqPikaTROD    
|uhtml|bestof|Game 3 of a best-of-3
|t:|1754406740
|gametype|doubles
|player|p1|guyq|briar|1220
|player|p2|PikaTROD|265|1318
|gen|9
|tier|[Gen 9] VGC 2025 Reg H (Bo3)
|rated|
|rule|Species Clause: Limit one of each Pokémon
|rule|Item Clause: Limit 1 of each item
|clearpoke
|poke|p1|Indeedee-F, L50, F|
|poke|p1|Sneasler, L50, M|
|poke|p1|Armarouge, L50, F|
|poke|p1|Torkoal, L50, F|
|poke|p1|Lilligant-Hisui, L50, F|
|poke|p1|Gallade, L50, M|
|poke|p2|Incineroar, L50, M|
|poke|p2|Pelipper, L50, F|
|poke|p2|Basculegion, L50, M|
|poke|p2|Amoonguss, L50, F|
|poke|p2|Maushold-Four, L50|
|poke|p2|Archaludon, L50, M|
|teampreview|4
|showteam|p1|Indeedee-F||SafetyGoggles|PsychicSurge|Psychic,HelpingHand,FollowMe,TrickRoom|||F|||50|,,,,,Fairy]Sneasler||PsychicSeed|Unburden|DireClaw,CloseCombat,ThroatChop,Protect|||M|||50|,,,,,Dark]Armarouge||LifeOrb|FlashFire|ExpandingForce,ArmorCannon,TrickRoom,Protect|||F|||50|,,,,,Grass]Torkoal||Charcoal|Drought|Eruption,WeatherBall,ClearSmog,Protect|||F|||50|,,,,,Fire]Lilligant-Hisui||FocusSash|Chlorophyll|CloseCombat,SolarBlade,IceSpinner,AfterYou|||F|||50|,,,,,Ghost]Gallade||ClearAmulet|Sharpness|SacredSword,PsychoCut,WideGuard,TrickRoom|||M|||50|,,,,,Steel
|showteam|p2|Incineroar||SafetyGoggles|Intimidate|FakeOut,FlareBlitz,KnockOff,PartingShot|||M|||50|,,,,,Ghost]Pelipper||FocusSash|Drizzle|Hurricane,WeatherBall,Tailwind,Protect|||F|||50|,,,,,Ghost]Basculegion||MysticWater|SwiftSwim|Protect,WaveCrash,AquaJet,LastRespects|||M|||50|,,,,,Water]Amoonguss||SitrusBerry|Regenerator|Spore,RagePowder,PollenPuff,ClearSmog|||F|||50|,,,,,Water]Maushold-Four||WideLens|Technician|PopulationBomb,FollowMe,Taunt,Protect||||||50|,,,,,Grass]Archaludon||AssaultVest|Stamina|ElectroShot,DragonPulse,FlashCannon,BodyPress|||M|||50|,,,,,Grass
|
|t:|1754406772
|teamsize|p1|4
|teamsize|p2|4
|start
|switch|p1a: Indeedee|Indeedee-F, L50, F|100/100
|switch|p1b: Armarouge|Armarouge, L50, F|100/100
|switch|p2a: Basculegion|Basculegion, L50, M|100/100
|switch|p2b: Maushold|Maushold-Four, L50|100/100
|-fieldstart|move: Psychic Terrain|[from] ability: Psychic Surge|[of] p1a: Indeedee
|turn|1
|
|t:|1754406785
|switch|p2a: Incineroar|Incineroar, L50, M|100/100
|-ability|p2a: Incineroar|Intimidate|boost
|-unboost|p1a: Indeedee|atk|1
|-unboost|p1b: Armarouge|atk|1
|-terastallize|p1b: Armarouge|Grass
|move|p1a: Indeedee|Follow Me|p1a: Indeedee
|-singleturn|p1a: Indeedee|move: Follow Me
|move|p2b: Maushold|Population Bomb|p1a: Indeedee
|-damage|p1a: Indeedee|89/100
|-damage|p1a: Indeedee|77/100
|-damage|p1a: Indeedee|66/100
|-damage|p1a: Indeedee|54/100
|-damage|p1a: Indeedee|43/100
|-damage|p1a: Indeedee|33/100
|-damage|p1a: Indeedee|22/100
|-hitcount|p1a: Indeedee|7
|move|p1b: Armarouge|Trick Room|p1b: Armarouge
|-fieldstart|move: Trick Room|[of] p1b: Armarouge
|
|upkeep
|turn|2
|
|t:|1754406827
|move|p2b: Maushold|Protect|p2b: Maushold
|-singleturn|p2b: Maushold|Protect
|move|p1a: Indeedee|Follow Me|p1a: Indeedee
|-singleturn|p1a: Indeedee|move: Follow Me
|move|p2a: Incineroar|Knock Off|p1a: Indeedee
|-supereffective|p1a: Indeedee
|-damage|p1a: Indeedee|0 fnt
|-enditem|p1a: Indeedee|Safety Goggles|[from] move: Knock Off|[of] p2a: Incineroar
|faint|p1a: Indeedee
|move|p1b: Armarouge|Expanding Force|p2b: Maushold|[spread] 
|-activate|p2b: Maushold|move: Protect
|-immune|p2a: Incineroar
|
|upkeep
|
|t:|1754406833
|switch|p1a: Gallade|Gallade, L50, M|100/100
|turn|3
|
|t:|1754406896
|move|p1b: Armarouge|Protect|p1b: Armarouge
|-singleturn|p1b: Armarouge|Protect
|move|p2b: Maushold|Follow Me|p2b: Maushold
|-singleturn|p2b: Maushold|move: Follow Me
|move|p2a: Incineroar|Knock Off|p1b: Armarouge
|-activate|p1b: Armarouge|move: Protect
|move|p1a: Gallade|Sacred Sword|p2b: Maushold
|-supereffective|p2b: Maushold
|-damage|p2b: Maushold|0 fnt
|faint|p2b: Maushold
|
|upkeep
|
|t:|1754406909
|switch|p2b: Basculegion|Basculegion, L50, M|100/100
|turn|4
|
|t:|1754406933
|-terastallize|p2a: Incineroar|Ghost
|move|p2b: Basculegion|Protect|p2b: Basculegion
|-singleturn|p2b: Basculegion|Protect
|move|p2a: Incineroar|Knock Off|p1b: Armarouge
|-damage|p1b: Armarouge|57/100
|-enditem|p1b: Armarouge|Life Orb|[from] move: Knock Off|[of] p2a: Incineroar
|move|p1b: Armarouge|Expanding Force|p2b: Basculegion|[spread] p2a
|-activate|p2b: Basculegion|move: Protect
|-damage|p2a: Incineroar|45/100
|move|p1a: Gallade|Sacred Sword|p2a: Incineroar
|-immune|p2a: Incineroar
|
|upkeep
|turn|5
|
|t:|1754406955
|switch|p2b: Pelipper|Pelipper, L50, F|100/100
|-weather|RainDance|[from] ability: Drizzle|[of] p2b: Pelipper
|move|p2a: Incineroar|Flare Blitz|p1a: Gallade
|-damage|p1a: Gallade|63/100
|-damage|p2a: Incineroar|34/100|[from] Recoil
|move|p1b: Armarouge|Expanding Force|p2b: Pelipper|[spread] p2a,p2b
|-damage|p2a: Incineroar|0 fnt
|-enditem|p2b: Pelipper|Focus Sash
|-damage|p2b: Pelipper|1/100
|faint|p2a: Incineroar
|move|p1a: Gallade|Psycho Cut|p2b: Pelipper
|-crit|p2b: Pelipper
|-damage|p2b: Pelipper|0 fnt
|faint|p2b: Pelipper
|
|-weather|RainDance|[upkeep]
|-fieldend|move: Trick Room
|-fieldend|move: Psychic Terrain
|upkeep
|
|t:|1754406966
|switch|p2b: Basculegion|Basculegion, L50, M|100/100
|turn|6
|
|t:|1754406976
|move|p2b: Basculegion|Last Respects|p1a: Gallade
|-supereffective|p1a: Gallade
|-damage|p1a: Gallade|0 fnt
|faint|p1a: Gallade
|move|p1b: Armarouge|Trick Room|p1b: Armarouge
|-fieldstart|move: Trick Room|[of] p1b: Armarouge
|
|-weather|RainDance|[upkeep]
|upkeep
|
|t:|1754406981
|switch|p1a: Torkoal|Torkoal, L50, F|100/100
|-weather|SunnyDay|[from] ability: Drought|[of] p1a: Torkoal
|turn|7
|
|t:|1754406989
|move|p2b: Basculegion|Protect|p2b: Basculegion
|-singleturn|p2b: Basculegion|Protect
|move|p1a: Torkoal|Eruption|p2b: Basculegion
|-activate|p2b: Basculegion|move: Protect
|move|p1b: Armarouge|Expanding Force|p2b: Basculegion
|-activate|p2b: Basculegion|move: Protect
|
|-weather|SunnyDay|[upkeep]
|upkeep
|turn|8
|
|t:|1754407003
|move|p1a: Torkoal|Eruption|p2b: Basculegion
|-resisted|p2b: Basculegion
|-damage|p2b: Basculegion|36/100
|move|p1b: Armarouge|Armor Cannon|p2b: Basculegion
|-resisted|p2b: Basculegion
|-damage|p2b: Basculegion|0 fnt
|-unboost|p1b: Armarouge|def|1
|-unboost|p1b: Armarouge|spd|1
|faint|p2b: Basculegion
|
|win|guyq
|raw|guyq's rating: 1220 → 1252(+32 for winning)
|raw|PikaTROD's rating: 1318 → 1293(-25 for losing)
|c|☆PikaTROD|gg
|c|☆guyq|gg
|l|☆guyq
|player|p1|
