|j|☆ShabazXVGC
|j|☆Ayycousin
|html|ShabazXVGCAyycousin    
|uhtml|bestof|Game 1 of a best-of-3
|t:|1757728214
|gametype|doubles
|player|p1|ShabazXVGC|marlon|1077
|player|p2|Ayycousin|170|1114
|gen|9
|tier|[Gen 9] VGC 2025 Reg H (Bo3)
|rated|
|rule|Species Clause: Limit one of each Pokémon
|rule|Item Clause: Limit 1 of each item
|clearpoke
|poke|p1|Rillaboom, L50, F|
|poke|p1|Pelipper, L50, M|
|poke|p1|Archaludon, L50, M|
|poke|p1|Bellibolt, L50, M|
|poke|p1|Palafin, L50, M|
|poke|p1|Overqwil, L50, M|
|poke|p2|Porygon2, L50|
|poke|p2|Incineroar, L50, M|
|poke|p2|Ursaluna, L50, F|
|poke|p2|Jumpluff, L50, M|
|poke|p2|Charizard, L50, F|
|poke|p2|Torkoal, L50, F|
|teampreview|4
|showteam|p1|Rillaboom||GrassySeed|GrassySurge|FakeOut,HighHorsepower,GrassyGlide,WoodHammer|||F|||50|,,,,,Fire]Pelipper||FocusSash|Drizzle|Hurricane,Protect,Tailwind,WeatherBall|||M|||50|,,,,,Flying]Archaludon||SitrusBerry|Stamina|FlashCannon,DracoMeteor,ElectroShot,BodyPress|||M|||50|,,,,,Grass]Bellibolt||AssaultVest|Electromorphosis|ParabolicCharge,ChillingWater,VoltSwitch,Electroweb|||M|||50|,,,,,Water]Palafin||ChoiceScarf|ZerotoHero|JetPunch,FlipTurn,WaveCrash,ZenHeadbutt|||M|||50|,,,,,Water]Overqwil||LifeOrb|SwiftSwim|PoisonJab,Crunch,Liquidation,SwordsDance|||M|||50|,,,,,Water
|showteam|p2|Porygon2||Eviolite|Download|TeraBlast,IceBeam,TrickRoom,Recover||||||50|,,,,,Fighting]Incineroar||SitrusBerry|Intimidate|FakeOut,KnockOff,FlareBlitz,PartingShot|||M|||50|,,,,,Ghost]Ursaluna||FlameOrb|Guts|HeadlongRush,Facade,Earthquake,Protect|||F|||50|,,,,,Ghost]Jumpluff||CovertCloak|Chlorophyll|Encore,SunnyDay,Tailwind,SleepPowder|||M|||50|,,,,,Water]Charizard||ChoiceSpecs|SolarPower|HeatWave,Overheat,WeatherBall,AirSlash|||F|||50|,,,,,Ghost]Torkoal||EjectPack|Drought|Overheat,Eruption,HelpingHand,Protect|||F|||50|,,,,,Fire
|
|t:|1757728240
|teamsize|p1|4
|teamsize|p2|4
|start
|switch|p1a: Palafin|Palafin, L50, M|100/100
|switch|p1b: Bellibolt|Bellibolt, L50, M|100/100
|switch|p2a: Charizard|Charizard, L50, F|100/100
|switch|p2b: Jumpluff|Jumpluff, L50, M|100/100
|turn|1
|
|t:|1757728261
|switch|p2a: Torkoal|Torkoal, L50, F|100/100
|-weather|SunnyDay|[from] ability: Drought|[of] p2a: Torkoal
|switch|p1b: Big News|Pelipper, L50, M|100/100
|-weather|RainDance|[from] ability: Drizzle|[of] p1b: Big News
|move|p1a: Palafin|Flip Turn|p2a: Torkoal
|-supereffective|p2a: Torkoal
|-damage|p2a: Torkoal|43/100
|
|t:|1757728272
|detailschange|p1a: Palafin|Palafin-Hero, L50, M
|switch|p1a: Bellibolt|Bellibolt, L50, M|100/100|[from] Flip Turn
|move|p2b: Jumpluff|Sleep Powder|p1a: Bellibolt
|-status|p1a: Bellibolt|slp|[from] move: Sleep Powder
|
|-weather|RainDance|[upkeep]
|upkeep
|turn|2
|
|t:|1757728291
|switch|p2a: Charizard|Charizard, L50, F|100/100
|move|p2b: Jumpluff|Sleep Powder|p1b: Big News
|-status|p1b: Big News|slp|[from] move: Sleep Powder
|cant|p1b: Big News|slp
|cant|p1a: Bellibolt|slp
|
|-weather|RainDance|[upkeep]
|upkeep
|turn|3
|
|t:|1757728305
|-curestatus|p1b: Big News|slp|[msg]
|move|p1b: Big News|Protect|p1b: Big News
|-singleturn|p1b: Big News|Protect
|move|p2b: Jumpluff|Sunny Day|p2b: Jumpluff
|-weather|SunnyDay
|move|p2a: Charizard|Heat Wave|p1b: Big News|[spread] p1a
|-activate|p1b: Big News|move: Protect
|-damage|p1a: Bellibolt|40/100 slp
|-start|p1a: Bellibolt|Charge|Heat Wave|[from] ability: Electromorphosis
|-curestatus|p1a: Bellibolt|slp|[msg]
|move|p1a: Bellibolt|Electroweb|p2a: Charizard|[spread] p2a,p2b
|-supereffective|p2a: Charizard
|-damage|p2a: Charizard|6/100
|-damage|p2b: Jumpluff|59/100
|-unboost|p2a: Charizard|spe|1
|-end|p1a: Bellibolt|Charge|[silent]
|
|-weather|SunnyDay|[upkeep]
|-damage|p2a: Charizard|0 fnt|[from] ability: Solar Power|[of] p2a: Charizard
|faint|p2a: Charizard
|upkeep
|
|t:|1757728316
|switch|p2a: Porygon2|Porygon2, L50|100/100
|-ability|p2a: Porygon2|Download|boost
|-boost|p2a: Porygon2|spa|1
|turn|4
|
|t:|1757728345
|switch|p1b: Palafin|Palafin-Hero, L50, M|100/100
|-activate|p1b: Palafin|ability: Zero to Hero
|move|p2b: Jumpluff|Sleep Powder|p1b: Palafin
|-status|p1b: Palafin|slp|[from] move: Sleep Powder
|move|p1a: Bellibolt|Volt Switch|p2b: Jumpluff
|-damage|p2b: Jumpluff|25/100
|
|t:|1757728355
|switch|p1a: Franky|Archaludon, L50, M|100/100|[from] Volt Switch
|move|p2a: Porygon2|Trick Room|p2a: Porygon2
|-fieldstart|move: Trick Room|[of] p2a: Porygon2
|
|-weather|SunnyDay|[upkeep]
|upkeep
|turn|5
|
|t:|1757728404
|switch|p2b: Torkoal|Torkoal, L50, F|43/100
|cant|p1b: Palafin|slp
|move|p2a: Porygon2|Tera Blast|p1b: Palafin
|-damage|p1b: Palafin|31/100 slp
|move|p1a: Franky|Body Press|p2a: Porygon2
|-supereffective|p2a: Porygon2
|-damage|p2a: Porygon2|72/100
|
|-weather|SunnyDay|[upkeep]
|upkeep
|turn|6
|
|t:|1757728436
|switch|p1b: Big News|Pelipper, L50, M|100/100
|-weather|RainDance|[from] ability: Drizzle|[of] p1b: Big News
|move|p2b: Torkoal|Helping Hand|p2a: Porygon2
|-singleturn|p2a: Porygon2|Helping Hand|[of] p2b: Torkoal
|move|p2a: Porygon2|Ice Beam|p1a: Franky
|-damage|p1a: Franky|38/100
|-ability|p1a: Franky|Stamina|boost
|-boost|p1a: Franky|def|1
|-enditem|p1a: Franky|Sitrus Berry|[eat]
|-heal|p1a: Franky|62/100|[from] item: Sitrus Berry
|move|p1a: Franky|Electro Shot||[still]
|-prepare|p1a: Franky|Electro Shot
|-boost|p1a: Franky|spa|1
|-anim|p1a: Franky|Electro Shot|p2a: Porygon2
|-damage|p2a: Porygon2|33/100
|
|-weather|RainDance|[upkeep]
|upkeep
|turn|7
|
|t:|1757728474
|switch|p1a: Bellibolt|Bellibolt, L50, M|40/100
|move|p2b: Torkoal|Helping Hand|p2a: Porygon2
|-singleturn|p2a: Porygon2|Helping Hand|[of] p2b: Torkoal
|move|p2a: Porygon2|Ice Beam|p1a: Bellibolt
|-damage|p1a: Bellibolt|4/100
|-start|p1a: Bellibolt|Charge|Ice Beam|[from] ability: Electromorphosis
|move|p1b: Big News|Weather Ball|p2b: Torkoal
|-supereffective|p2b: Torkoal
|-damage|p2b: Torkoal|0 fnt
|faint|p2b: Torkoal
|
|-weather|RainDance|[upkeep]
|upkeep
|
|t:|1757728477
|switch|p2b: Jumpluff|Jumpluff, L50, M|25/100
|turn|8
|
|t:|1757728501
|move|p1a: Bellibolt|Electroweb|p2a: Porygon2|[spread] p2a,p2b
|-damage|p2a: Porygon2|9/100
|-damage|p2b: Jumpluff|0 fnt
|-unboost|p2a: Porygon2|spe|1
|faint|p2b: Jumpluff
|-end|p1a: Bellibolt|Charge|[silent]
|move|p2a: Porygon2|Recover|p2a: Porygon2
|-heal|p2a: Porygon2|59/100
|move|p1b: Big News|Tailwind|p1b: Big News
|-sidestart|p1: ShabazXVGC|move: Tailwind
|
|-weather|RainDance|[upkeep]
|-fieldend|move: Trick Room
|upkeep
|turn|9
|
|t:|1757728521
|move|p1b: Big News|Hurricane|p2a: Porygon2
|-damage|p2a: Porygon2|34/100
|-start|p2a: Porygon2|confusion
|move|p1a: Bellibolt|Parabolic Charge|p2a: Porygon2|[spread] p1b,p2a
|-supereffective|p1b: Big News
|-enditem|p1b: Big News|Focus Sash
|-damage|p1b: Big News|1/100
|-heal|p1a: Bellibolt|44/100|[from] drain|[of] p1b: Big News
|-damage|p2a: Porygon2|19/100
|-heal|p1a: Bellibolt|51/100|[from] drain|[of] p2a: Porygon2
|-activate|p2a: Porygon2|confusion
|move|p2a: Porygon2|Tera Blast|p1b: Big News
|-damage|p1b: Big News|0 fnt
|faint|p1b: Big News
|
|-weather|RainDance|[upkeep]
|upkeep
|
|t:|1757728535
|switch|p1b: Franky|Archaludon, L50, M|62/100
|turn|10
|
|t:|1757728549
|move|p1b: Franky|Electro Shot||[still]
|-prepare|p1b: Franky|Electro Shot
|-boost|p1b: Franky|spa|1
|-anim|p1b: Franky|Electro Shot|p2a: Porygon2
|-damage|p2a: Porygon2|0 fnt
|faint|p2a: Porygon2
|
|win|ShabazXVGC
||Ayycousin is ready for game 2.
||ShabazXVGC is ready for game 2.
|uhtml|next|Next: Game 2 of 3
|l|☆Ayycousin
|player|p2|
