|j|☆doingVGCthings
|j|☆nontelo
|html|doingVGCthingsnontelo    
|uhtml|bestof|Game 2 of a best-of-3
|t:|1754839385
|gametype|doubles
|player|p1|doingVGCthings|swimmer-gen4dp|1260
|player|p2|nontelo|cress|1385
|gen|9
|tier|[Gen 9] VGC 2025 Reg H (Bo3)
|rated|
|rule|Species Clause: Limit one of each Pokémon
|rule|Item Clause: Limit 1 of each item
|clearpoke
|poke|p1|Volcarona, L50, F|
|poke|p1|Electabuzz, L50, M|
|poke|p1|Tyranitar, L50, F|
|poke|p1|Amoonguss, L50, F|
|poke|p1|Annihilape, L50, M|
|poke|p1|Mamoswine, L50, M|
|poke|p2|Tyranitar, L50, M|
|poke|p2|Excadrill, L50, M|
|poke|p2|Kommo-o, L50, M|
|poke|p2|Corviknight, L50, M|
|poke|p2|Incineroar, L50, M|
|poke|p2|Amoonguss, L50, M|
|teampreview|4
|showteam|p1|Volcarona||CovertCloak|FlameBody|Protect,HeatWave,GigaDrain,QuiverDance|||F|||50|,,,,,Grass]Electabuzz||Eviolite|VitalSpirit|Protect,Electroweb,Taunt,FollowMe|||M|||50|,,,,,Ghost]Tyranitar||AssaultVest|SandStream|RockSlide,KnockOff,LowKick,TeraBlast|||F|||50|,,,,,Flying]Amoonguss||SitrusBerry|Regenerator|Protect,PollenPuff,Spore,RagePowder|||F|||50|,,,,,Water]Annihilape||SafetyGoggles|Defiant|Protect,CloseCombat,RageFist,Coaching|||M|||50|,,,,,Water]Mamoswine||FocusSash|Oblivious|Protect,IcicleCrash,HighHorsepower,IceShard|||M|||50|,,,,,Ghost
|showteam|p2|Tyranitar||ChoiceScarf|SandStream|RockSlide,KnockOff,LowKick,TeraBlast|||M|||50|,,,,,Flying]Excadrill||FocusSash|SandRush|Earthquake,HighHorsepower,IronHead,Protect|||M|||50|,,,,,Ghost]Kommo-o||ThroatSpray|Overcoat|ClangingScales,ClangorousSoul,FlashCannon,Protect|||M|||50|,,,,,Steel]Corviknight||SitrusBerry|MirrorArmor|BraveBird,Tailwind,Roost,Protect|||M|||50|,,,,,Dragon]Incineroar||SafetyGoggles|Intimidate|FlareBlitz,KnockOff,PartingShot,FakeOut|||M|||50|,,,,,Ghost]Amoonguss||CovertCloak|Regenerator|Spore,SludgeBomb,PollenPuff,RagePowder|||M|||50|,,,,,Water
|inactive|Battle timer is ON: inactive players will automatically lose when time's up. (requested by doingVGCthings)
|inactive|doingVGCthings has 60 seconds left.
|
|t:|1754839426
|teamsize|p1|4
|teamsize|p2|4
|start
|switch|p1a: Volcarona|Volcarona, L50, F|100/100
|switch|p1b: Amoonguss|Amoonguss, L50, F|100/100
|switch|p2a: Kommo-o|Kommo-o, L50, M|100/100
|switch|p2b: Amoonguss|Amoonguss, L50, M|100/100
|turn|1
|inactive|nontelo has 30 seconds left.
|
|t:|1754839454
|-terastallize|p1a: Volcarona|Grass
|move|p2a: Kommo-o|Clangorous Soul|p2a: Kommo-o
|-boost|p2a: Kommo-o|atk|1
|-boost|p2a: Kommo-o|def|1
|-boost|p2a: Kommo-o|spa|1
|-boost|p2a: Kommo-o|spd|1
|-boost|p2a: Kommo-o|spe|1
|-damage|p2a: Kommo-o|68/100
|-enditem|p2a: Kommo-o|Throat Spray
|-boost|p2a: Kommo-o|spa|1|[from] item: Throat Spray
|move|p1a: Volcarona|Quiver Dance|p1a: Volcarona
|-boost|p1a: Volcarona|spa|1
|-boost|p1a: Volcarona|spd|1
|-boost|p1a: Volcarona|spe|1
|move|p1b: Amoonguss|Pollen Puff|p1a: Volcarona
|move|p2b: Amoonguss|Sludge Bomb|p1a: Volcarona
|-supereffective|p1a: Volcarona
|-damage|p1a: Volcarona|65/100
|
|upkeep
|turn|2
|inactive|nontelo has 30 seconds left.
|
|t:|1754839483
|move|p2a: Kommo-o|Clanging Scales|p1b: Amoonguss|[spread] p1a,p1b
|-damage|p1a: Volcarona|19/100
|-damage|p1b: Amoonguss|39/100
|-enditem|p1b: Amoonguss|Sitrus Berry|[eat]
|-heal|p1b: Amoonguss|64/100|[from] item: Sitrus Berry
|-unboost|p2a: Kommo-o|def|1
|move|p1a: Volcarona|Heat Wave|p2a: Kommo-o|[spread] p2a,p2b
|-resisted|p2a: Kommo-o
|-supereffective|p2b: Amoonguss
|-damage|p2a: Kommo-o|46/100
|-damage|p2b: Amoonguss|8/100
|move|p1b: Amoonguss|Pollen Puff|p1a: Volcarona
|-heal|p1a: Volcarona|69/100
|move|p2b: Amoonguss|Pollen Puff|p2a: Kommo-o
|-heal|p2a: Kommo-o|96/100
|
|upkeep
|turn|3
|
|t:|1754839507
|switch|p2b: Tyranitar|Tyranitar, L50, M|100/100
|-weather|Sandstorm|[from] ability: Sand Stream|[of] p2b: Tyranitar
|move|p2a: Kommo-o|Clanging Scales|p1a: Volcarona|[spread] p1a,p1b
|-damage|p1a: Volcarona|21/100
|-damage|p1b: Amoonguss|2/100
|-unboost|p2a: Kommo-o|def|1
|move|p1a: Volcarona|Quiver Dance|p1a: Volcarona
|-boost|p1a: Volcarona|spa|1
|-boost|p1a: Volcarona|spd|1
|-boost|p1a: Volcarona|spe|1
|move|p1b: Amoonguss|Pollen Puff|p2b: Tyranitar
|-supereffective|p2b: Tyranitar
|-damage|p2b: Tyranitar|74/100
|
|-weather|Sandstorm|[upkeep]
|-damage|p1a: Volcarona|15/100|[from] Sandstorm
|-damage|p1b: Amoonguss|0 fnt|[from] Sandstorm
|faint|p1b: Amoonguss
|upkeep
|
|t:|1754839524
|switch|p1b: Mamoswine|Mamoswine, L50, M|100/100
|turn|4
|
|t:|1754839536
|-terastallize|p2b: Tyranitar|Flying
|move|p1a: Volcarona|Giga Drain|p2b: Tyranitar
|-resisted|p2b: Tyranitar
|-damage|p2b: Tyranitar|37/100
|-heal|p1a: Volcarona|33/100|[from] drain|[of] p2b: Tyranitar
|move|p2a: Kommo-o|Clanging Scales|p1b: Mamoswine|[spread] p1a,p1b
|-damage|p1a: Volcarona|0 fnt
|-enditem|p1b: Mamoswine|Focus Sash
|-damage|p1b: Mamoswine|1/100
|faint|p1a: Volcarona
|-unboost|p2a: Kommo-o|def|1
|move|p2b: Tyranitar|Rock Slide|p1b: Mamoswine|[miss]
|-miss|p2b: Tyranitar|p1b: Mamoswine
|move|p1b: Mamoswine|Icicle Crash|p2a: Kommo-o
|-supereffective|p2a: Kommo-o
|-damage|p2a: Kommo-o|0 fnt
|faint|p2a: Kommo-o
|
|-weather|Sandstorm|[upkeep]
|-damage|p2b: Tyranitar|31/100|[from] Sandstorm
|upkeep
|
|t:|1754839554
|switch|p2a: Excadrill|Excadrill, L50, M|100/100
|switch|p1a: Annihilape|Annihilape, L50, M|100/100
|turn|5
|
|t:|1754839569
|move|p1b: Mamoswine|Ice Shard|p2b: Tyranitar
|-supereffective|p2b: Tyranitar
|-damage|p2b: Tyranitar|0 fnt
|faint|p2b: Tyranitar
|move|p2a: Excadrill|Earthquake|p1a: Annihilape|[spread] p1a,p1b
|-damage|p1a: Annihilape|54/100
|-damage|p1b: Mamoswine|0 fnt
|faint|p1b: Mamoswine
|move|p1a: Annihilape|Rage Fist|p2a: Excadrill
|-damage|p2a: Excadrill|40/100
|
|-weather|Sandstorm|[upkeep]
|upkeep
|
|t:|1754839576
|switch|p2b: Amoonguss|Amoonguss, L50, M|41/100
|turn|6
|
|t:|1754839592
|move|p2a: Excadrill|High Horsepower|p1a: Annihilape
|-damage|p1a: Annihilape|0 fnt
|faint|p1a: Annihilape
|
|win|nontelo
|raw|doingVGCthings's rating: 1260 → 1244(-16 for losing)
|raw|nontelo's rating: 1385 → 1398(+13 for winning)
|l|☆nontelo
|player|p2|
