|j|☆Pauliii23
|j|☆Tickle monster vgc
|html|Pauliii23Tickle monster vgc    
|uhtml|bestof|Game 2 of a best-of-3
|t:|1756298672
|gametype|doubles
|player|p1|Pauliii23|265|1207
|player|p2|Tickle monster vgc|hilbert|1291
|gen|9
|tier|[Gen 9] VGC 2025 Reg H (Bo3)
|rated|
|rule|Species Clause: Limit one of each Pokémon
|rule|Item Clause: Limit 1 of each item
|clearpoke
|poke|p1|Archaludon, L50, M|
|poke|p1|Pelipper, L50, F|
|poke|p1|Basculegion, L50, M|
|poke|p1|Dragapult, L50, F|
|poke|p1|Sinistcha, L50|
|poke|p1|Ursaluna-Bloodmoon, L50, M|
|poke|p2|Garchomp, L50, M|
|poke|p2|Weezing-Galar, L50, M|
|poke|p2|Typhlosion-Hisui, L50, F|
|poke|p2|Toedscruel, L50, F|
|poke|p2|Porygon-Z, L50|
|poke|p2|Corviknight, L50, F|
|teampreview|4
|showteam|p1|Archaludon||AssaultVest|Stamina|ElectroShot,FlashCannon,BodyPress,DracoMeteor|||M|||50|,,,,,Grass]Pelipper||FocusSash|Drizzle|Hurricane,WeatherBall,WideGuard,Tailwind|||F|||50|,,,,,Ground]Basculegion||MysticWater|SwiftSwim|LastRespects,Protect,WaveCrash,AquaJet|||M|||50|,,,,,Water]Dragapult||ChoiceBand|ClearBody|DragonDarts,Outrage,PhantomForce,Uturn|||F|||50|,,,,,Dragon]Sinistcha||SitrusBerry|Hospitality|TrickRoom,MatchaGotcha,Protect,RagePowder||||||50|,,,,,Dragon]Ursaluna-Bloodmoon||LifeOrb|MindsEye|HyperVoice,BloodMoon,EarthPower,Protect|||M|||50|,,,,,Grass
|showteam|p2|Garchomp||LifeOrb|RoughSkin|Protect,Earthquake,DragonClaw,StompingTantrum|||M|||50|,,,,,Ground]Weezing-Galar||ChoiceSpecs|NeutralizingGas|DazzlingGleam,SludgeBomb,StrangeSteam,Flamethrower|||M|||50|,,,,,Fire]Typhlosion-Hisui||ChoiceScarf|Blaze|Eruption,SleepTalk,HeatWave,InfernalParade|||F|||50|,,,,,Fire]Toedscruel||CovertCloak|MyceliumMight|Spore,EarthPower,AcidSpray,RagePowder|||F|||50|,,,,,Water]Porygon-Z||FocusSash|Download|TeraBlast,DarkPulse,IceBeam,Protect||||||50|,,,,,Fighting]Corviknight||SitrusBerry|MirrorArmor|Protect,BraveBird,Tailwind,Roost|||F|||50|,,,,,Dragon
|
|t:|1756298688
|teamsize|p1|4
|teamsize|p2|4
|start
|switch|p1a: Ursaluna|Ursaluna-Bloodmoon, L50, M|100/100
|switch|p1b: Mittelalter|Dragapult, L50, F|100/100
|switch|p2a: Toedscruel|Toedscruel, L50, F, shiny|100/100
|switch|p2b: Weezing|Weezing-Galar, L50, M, shiny|100/100
|-ability|p2b: Weezing|Neutralizing Gas
|turn|1
|
|t:|1756298707
|-terastallize|p1b: Mittelalter|Dragon
|move|p1b: Mittelalter|Dragon Darts|p2a: Toedscruel
|-damage|p2a: Toedscruel|30/100
|-anim|p1b: Mittelalter|Dragon Darts|p2a: Toedscruel
|-damage|p2a: Toedscruel|0 fnt
|faint|p2a: Toedscruel
|move|p2b: Weezing|Strange Steam|p1a: Ursaluna
|-damage|p1a: Ursaluna|33/100
|-start|p1a: Ursaluna|confusion
|-activate|p1a: Ursaluna|confusion
|-damage|p1a: Ursaluna|29/100|[from] confusion
|
|upkeep
|
|t:|1756298718
|switch|p2a: Garchomp|Garchomp, L50, M|100/100
|turn|2
|
|t:|1756298725
|move|p2a: Garchomp|Protect|p2a: Garchomp
|-singleturn|p2a: Garchomp|Protect
|move|p1b: Mittelalter|Dragon Darts|p2a: Garchomp
|-immune|p2b: Weezing
|move|p2b: Weezing|Strange Steam|p1b: Mittelalter
|-supereffective|p1b: Mittelalter
|-damage|p1b: Mittelalter|0 fnt
|faint|p1b: Mittelalter
|-activate|p1a: Ursaluna|confusion
|-damage|p1a: Ursaluna|24/100|[from] confusion
|
|upkeep
|
|t:|1756298735
|switch|p1b: Muddy|Basculegion, L50, M|100/100
|turn|3
|
|t:|1756298746
|move|p2a: Garchomp|Dragon Claw|p1a: Ursaluna
|-damage|p1a: Ursaluna|0 fnt
|faint|p1a: Ursaluna
|-damage|p2a: Garchomp|91/100|[from] item: Life Orb
|move|p1b: Muddy|Wave Crash|p2a: Garchomp
|-damage|p2a: Garchomp|12/100
|-damage|p1b: Muddy|76/100|[from] Recoil
|move|p2b: Weezing|Strange Steam|p1b: Muddy
|-damage|p1b: Muddy|16/100
|-start|p1b: Muddy|confusion
|
|upkeep
|
|t:|1756298749
|switch|p1a: PelipperLP|Pelipper, L50, F|100/100
|turn|4
|
|t:|1756298756
|-activate|p1b: Muddy|confusion
|-damage|p1b: Muddy|0 fnt|[from] confusion
|faint|p1b: Muddy
|move|p2a: Garchomp|Dragon Claw|p1a: PelipperLP
|-damage|p1a: PelipperLP|31/100
|-damage|p2a: Garchomp|2/100|[from] item: Life Orb
|move|p1a: PelipperLP|Hurricane|p2b: Weezing
|-crit|p2b: Weezing
|-damage|p2b: Weezing|5/100
|-start|p2b: Weezing|confusion
|-activate|p2b: Weezing|confusion
|-damage|p2b: Weezing|0 fnt|[from] confusion
|faint|p2b: Weezing
|-end|p2b: Weezing|ability: Neutralizing Gas
|-weather|RainDance|[from] ability: Drizzle|[of] p1a: PelipperLP
|
|-weather|RainDance|[upkeep]
|upkeep
|
|t:|1756298759
|switch|p2b: Porygon-Z|Porygon-Z, L50|100/100
|-ability|p2b: Porygon-Z|Download|boost
|-boost|p2b: Porygon-Z|spa|1
|turn|5
|
|t:|1756298766
|move|p2a: Garchomp|Dragon Claw|p1a: PelipperLP
|-damage|p1a: PelipperLP|0 fnt
|faint|p1a: PelipperLP
|-damage|p2a: Garchomp|0 fnt|[from] item: Life Orb
|faint|p2a: Garchomp
|
|win|Tickle monster vgc
|raw|Pauliii23's rating: 1207 → 1188(-19 for losing)
|raw|Tickle monster vgc's rating: 1291 → 1310(+19 for winning)
|l|☆Pauliii23
|player|p1|
