|j|☆GT=HLR
|j|☆Hoanglatao
|html|GT=HLRHoanglatao    
|uhtml|bestof|Game 1 of a best-of-3
|t:|1784597001
|gametype|doubles
|player|p1|GT=HLR|liza|1073
|player|p2|Hoanglatao|1|1175
|gen|9
|tier|[Gen 9 Champions] VGC 2026 Reg M-B (Bo3)
|rated|
|rule|Species Clause: Limit one of each Pokémon
|rule|Item Clause: Limit 1 of each item
|clearpoke
|poke|p1|Feraligatr, L50, F|
|poke|p1|Whimsicott, L50, M|
|poke|p1|Farigiraf, L50, M|
|poke|p1|Chesnaught, L50, F, shiny|
|poke|p1|Aegislash, L50, F|
|poke|p1|Armarouge, L50, F|
|poke|p2|Floette-Eternal, L50, F|
|poke|p2|Whimsicott, L50, F|
|poke|p2|Basculegion, L50, M|
|poke|p2|Kingambit, L50, M|
|poke|p2|Arcanine-Hisui, L50, F|
|poke|p2|Dragonite, L50, M|
|teampreview|4
|showteam|p1|Feraligatr||Feraligite|SheerForce|Liquidation,Protect,SwordsDance,DoubleEdge|Adamant||F|||50|]Whimsicott||FocusSash|Prankster|Moonblast,Tailwind,Encore,Taunt|Timid||M|||50|]Farigiraf||MentalHerb|ArmorTail|HyperVoice,Imprison,TrickRoom,TwinBeam|Bold||M|||50|]Chesnaught||Chesnaughtite|Bulletproof|BodyPress,WideGuard,WoodHammer,RockSlide|Sassy||F|||50|]Aegislash||OccaBerry|StanceChange|SacredSword,KingsShield,IronHead,Poltergeist|Adamant||F|||50|]Armarouge||LifeOrb|FlashFire|ArmorCannon,Protect,Psychic,AuraSphere|Modest||F|||50|
|showteam|p2|Floette-Eternal||Floettite|FlowerVeil|Moonblast,DazzlingGleam,LightofRuin,Protect|Modest||F|||50|]Whimsicott||FocusSash|Prankster|Moonblast,Tailwind,Encore,Protect|Timid||F|||50|]Basculegion||ChoiceScarf|Adaptability|LastRespects,WaveCrash,AquaJet,FlipTurn|Jolly||M|||50|]Kingambit||BlackGlasses|Defiant|SuckerPunch,KowtowCleave,IronHead,Protect|Adamant||M|||50|]Arcanine-Hisui||SitrusBerry|RockHead|FlareBlitz,RockSlide,HeadSmash,Protect|Jolly||F|||50|]Dragonite||LifeOrb|InnerFocus|Protect,LowKick,ExtremeSpeed,DragonClaw|Adamant||M|||50|
|inactive|Battle timer is ON: inactive players will automatically lose when time's up. (requested by GT=HLR)
|
|t:|1784597032
|teamsize|p1|4
|teamsize|p2|4
|start
|switch|p1a: Aegislash|Aegislash, L50, F|100/100
|switch|p1b: Farigiraf|Farigiraf, L50, M|100/100
|switch|p2a: Arcanine|Arcanine-Hisui, L50, F|100/100
|switch|p2b: Whimsicott|Whimsicott, L50, F|100/100
|turn|1
|
|t:|1784597055
|move|p1a: Aegislash|King's Shield|p1a: Aegislash
|-singleturn|p1a: Aegislash|Protect
|move|p2b: Whimsicott|Moonblast|p1b: Farigiraf
|-damage|p1b: Farigiraf|66/100
|move|p2a: Arcanine|Flare Blitz|p1b: Farigiraf
|-damage|p1b: Farigiraf|24/100
|move|p1b: Farigiraf|Trick Room|p1b: Farigiraf
|-fieldstart|move: Trick Room|[of] p1b: Farigiraf
|
|upkeep
|turn|2
|
|t:|1784597080
|move|p2b: Whimsicott|Protect|p2b: Whimsicott
|-singleturn|p2b: Whimsicott|Protect
|-formechange|p1a: Aegislash|Aegislash-Blade|
|move|p1a: Aegislash|Sacred Sword|p2a: Arcanine
|-supereffective|p2a: Arcanine|1
|-damage|p2a: Arcanine|9/100
|-enditem|p2a: Arcanine|Sitrus Berry|[eat]
|-heal|p2a: Arcanine|34/100|[from] item: Sitrus Berry
|move|p1b: Farigiraf|Twin Beam|p2a: Arcanine
|-damage|p2a: Arcanine|16/100
|-damage|p2a: Arcanine|0 fnt
|faint|p2a: Arcanine
|-hitcount|p2: Arcanine|2
|
|upkeep
|
|t:|1784597093
|switch|p2a: Dragonite|Dragonite, L50, M|100/100
|turn|3
|
|t:|1784597111
|move|p1b: Farigiraf|Twin Beam|p2a: Dragonite
|-damage|p2a: Dragonite|86/100
|-damage|p2a: Dragonite|72/100
|-hitcount|p2a: Dragonite|2
|move|p1a: Aegislash|Poltergeist|p2a: Dragonite
|-activate|p2a: Dragonite|move: Poltergeist|Life Orb
|-damage|p2a: Dragonite|10/100
|move|p2a: Dragonite|Dragon Claw|p1b: Farigiraf
|-damage|p1b: Farigiraf|0 fnt
|faint|p1b: Farigiraf
|-damage|p2a: Dragonite|1/100|[from] item: Life Orb
|move|p2b: Whimsicott|Moonblast|p1a: Aegislash
|-resisted|p1a: Aegislash|1
|-damage|p1a: Aegislash|69/100
|
|upkeep
|
|t:|1784597120
|switch|p1b: Armarouge|Armarouge, L50, F|100/100
|turn|4
|
|t:|1784597127
|move|p2b: Whimsicott|Protect|p2b: Whimsicott
|-singleturn|p2b: Whimsicott|Protect
|move|p2a: Dragonite|Protect|p2a: Dragonite
|-singleturn|p2a: Dragonite|Protect
|move|p1a: Aegislash|Iron Head|p2b: Whimsicott
|-activate|p2b: Whimsicott|move: Protect
|move|p1b: Armarouge|Psychic|p2b: Whimsicott
|-activate|p2b: Whimsicott|move: Protect
|
|upkeep
|turn|5
|
|t:|1784597148
|move|p2a: Dragonite|Extreme Speed|p1b: Armarouge
|-damage|p1b: Armarouge|55/100
|-damage|p2a: Dragonite|0 fnt|[from] item: Life Orb
|faint|p2a: Dragonite
|move|p2b: Whimsicott|Encore|p1a: Aegislash
|-start|p1a: Aegislash|Encore
|move|p1a: Aegislash|Iron Head|p2b: Whimsicott
|-supereffective|p2b: Whimsicott|1
|-enditem|p2b: Whimsicott|Focus Sash
|-damage|p2b: Whimsicott|1/100
|move|p1b: Armarouge|Psychic|p2b: Whimsicott
|-damage|p2b: Whimsicott|0 fnt
|faint|p2b: Whimsicott
|-damage|p1b: Armarouge|46/100|[from] item: Life Orb
|
|-fieldend|move: Trick Room
|upkeep
|
|t:|1784597156
|switch|p2b: Floette|Floette-Eternal, L50, F|100/100
|turn|6
|inactive|GT=HLR has 30 seconds left.
|inactive|GT=HLR has 20 seconds left.
|inactive|GT=HLR has 15 seconds left.
|inactive|GT=HLR has 10 seconds left.
|
|t:|1784597203
|switch|p1a: Chesnaught|Chesnaught, L50, F, shiny|100/100
|detailschange|p2b: Floette|Floette-Mega, L50, F
|-mega|p2b: Floette|Floette|Floettite
|-ability|p2b: Floette|Fairy Aura
|move|p2b: Floette|Dazzling Gleam|p1a: Chesnaught|[spread] p1a,p1b
|-supereffective|p1a: Chesnaught|1
|-resisted|p1b: Armarouge|1
|-damage|p1a: Chesnaught|16/100
|-damage|p1b: Armarouge|12/100
|move|p1b: Armarouge|Armor Cannon|p2b: Floette
|-damage|p2b: Floette|42/100
|-unboost|p1b: Armarouge|def|1
|-unboost|p1b: Armarouge|spd|1
|-damage|p1b: Armarouge|2/100|[from] item: Life Orb
|
|upkeep
|turn|7
|inactive|Hoanglatao has 30 seconds left.
|inactive|Hoanglatao has 20 seconds left.
|inactive|Hoanglatao has 15 seconds left.
|inactive|Hoanglatao has 10 seconds left.
|inactive|Hoanglatao has 5 seconds left.
|
|t:|1784597258
|detailschange|p1a: Chesnaught|Chesnaught-Mega, L50, F, shiny
|-mega|p1a: Chesnaught|Chesnaught|Chesnaughtite
|move|p2b: Floette|Moonblast|p1a: Chesnaught
|-supereffective|p1a: Chesnaught|1
|-damage|p1a: Chesnaught|0 fnt
|faint|p1a: Chesnaught
|move|p1b: Armarouge|Armor Cannon|p2b: Floette
|-damage|p2b: Floette|0 fnt
|-unboost|p1b: Armarouge|def|1
|-unboost|p1b: Armarouge|spd|1
|faint|p2b: Floette
|-damage|p1b: Armarouge|0 fnt|[from] item: Life Orb
|faint|p1b: Armarouge
|
|win|GT=HLR
||GT=HLR is ready for game 2.
