|j|☆vamioli
|j|☆FreezyPop439
|html|vamioliFreezyPop439    
|uhtml|bestof|Game 1 of a best-of-3
|t:|1782384166
|gametype|doubles
|player|p1|vamioli|169|1158
|player|p2|FreezyPop439|collector|1317
|gen|9
|tier|[Gen 9 Champions] VGC 2026 Reg M-B (Bo3)
|rated|
|rule|Species Clause: Limit one of each Pokémon
|rule|Item Clause: Limit 1 of each item
|clearpoke
|poke|p1|Raichu, L50, F|
|poke|p1|Sinistcha, L50|
|poke|p1|Charizard, L50, M|
|poke|p1|Gholdengo, L50|
|poke|p1|Whimsicott, L50, F|
|poke|p1|Garchomp, L50, F|
|poke|p2|Garchomp, L50, F|
|poke|p2|Staraptor, L50, M|
|poke|p2|Grimmsnarl, L50, M|
|poke|p2|Gholdengo, L50|
|poke|p2|Maushold-Four, L50|
|poke|p2|Volcarona, L50, F|
|teampreview|4
|showteam|p1|Raichu||RaichuniteY|LightningRod|ZapCannon,GrassKnot,FocusBlast,Protect|Modest||F|||50|]Sinistcha||Leftovers|Hospitality|MatchaGotcha,StrengthSap,RagePowder,Protect|Bold|||||50|]Charizard||CharizarditeY|Blaze|SolarBeam,HeatWave,WeatherBall,Protect|Timid||M|||50|]Gholdengo||MetalCoat|GoodasGold|ShadowBall,MakeItRain,NastyPlot,Protect|Modest|||||50|]Whimsicott||FocusSash|Prankster|Tailwind,Moonblast,Protect,Encore|Timid||F|||50|]Garchomp||LifeOrb|RoughSkin|RockSlide,SwordsDance,StompingTantrum,DragonClaw|Jolly||F|||50|
|showteam|p2|Garchomp||LifeOrb|RoughSkin|Earthquake,DragonClaw,RockSlide,Protect|Jolly||F|||50|]Staraptor||Staraptite|Intimidate|BraveBird,CloseCombat,Roost,Protect|Jolly||M|||50|]Grimmsnarl||LightClay|Prankster|SpiritBreak,LightScreen,Reflect,PartingShot|Careful||M|||50|]Gholdengo||MetalCoat|GoodasGold|MakeItRain,ShadowBall,NastyPlot,Protect|Modest|||||50|]Maushold-Four||FocusSash|FriendGuard|FollowMe,Charm,SuperFang,Protect|Jolly|||||50|]Volcarona||ChartiBerry|FlameBody|HeatWave,StruggleBug,RagePowder,Tailwind|Timid||F|||50|
|
|t:|1782384214
|teamsize|p1|4
|teamsize|p2|4
|start
|switch|p1a: Charizard|Charizard, L50, M|100/100
|switch|p1b: Garchomp|Garchomp, L50, F|100/100
|switch|p2a: Volcarona|Volcarona, L50, F|100/100
|switch|p2b: Staraptor|Staraptor, L50, M|100/100
|-ability|p2b: Staraptor|Intimidate|boost
|-unboost|p1a: Charizard|atk|1
|-unboost|p1b: Garchomp|atk|1
|turn|1
|
|t:|1782384247
|detailschange|p2b: Staraptor|Staraptor-Mega, L50, M
|-mega|p2b: Staraptor|Staraptor|Staraptite
|move|p1a: Charizard|Protect|p1a: Charizard
|-singleturn|p1a: Charizard|Protect
|move|p2b: Staraptor|Close Combat|p1b: Garchomp
|-damage|p1b: Garchomp|39/100
|-boost|p2b: Staraptor|def|1
|-boost|p2b: Staraptor|spd|1
|-damage|p2b: Staraptor|87/100|[from] ability: Rough Skin|[of] p1b: Garchomp
|move|p1b: Garchomp|Rock Slide|p2b: Staraptor|[spread] p2a,p2b
|-supereffective|p2a: Volcarona|2
|-enditem|p2a: Volcarona|Charti Berry|[eat]
|-enditem|p2a: Volcarona|Charti Berry|[weaken]
|-damage|p2a: Volcarona|55/100
|-damage|p2b: Staraptor|77/100
|-damage|p1b: Garchomp|29/100|[from] item: Life Orb
|move|p2a: Volcarona|Tailwind|p2a: Volcarona
|-sidestart|p2: FreezyPop439|move: Tailwind
|
|upkeep
|turn|2
|
|t:|1782384275
|switch|p1b: Gholdengo|Gholdengo, L50|100/100
|detailschange|p1a: Charizard|Charizard-Mega-Y, L50, M
|-mega|p1a: Charizard|Charizard|Charizardite Y
|-weather|SunnyDay|[from] ability: Drought|[of] p1a: Charizard
|move|p2b: Staraptor|Close Combat|p1b: Gholdengo
|-immune|p1b: Gholdengo
|move|p2a: Volcarona|Struggle Bug|p1a: Charizard|[spread] p1a,p1b
|-resisted|p1a: Charizard|2
|-resisted|p1b: Gholdengo|2
|-damage|p1a: Charizard|96/100
|-damage|p1b: Gholdengo|96/100
|-unboost|p1a: Charizard|spa|1
|-unboost|p1b: Gholdengo|spa|1
|move|p1a: Charizard|Heat Wave|p2b: Staraptor|[spread] 
|-miss|p1a: Charizard|p2a: Volcarona
|-miss|p1a: Charizard|p2b: Staraptor
|
|-weather|SunnyDay|[upkeep]
|upkeep
|turn|3
|
|t:|1782384296
|move|p1a: Charizard|Protect|p1a: Charizard
|-singleturn|p1a: Charizard|Protect
|move|p1b: Gholdengo|Protect|p1b: Gholdengo
|-singleturn|p1b: Gholdengo|Protect
|move|p2b: Staraptor|Brave Bird|p1a: Charizard
|-activate|p1a: Charizard|move: Protect
|move|p2a: Volcarona|Heat Wave|p1b: Gholdengo|[spread] 
|-activate|p1a: Charizard|move: Protect
|-activate|p1b: Gholdengo|move: Protect
|
|-weather|SunnyDay|[upkeep]
|upkeep
|turn|4
|
|t:|1782384325
|switch|p1b: Garchomp|Garchomp, L50, F|29/100
|move|p2b: Staraptor|Brave Bird|p1a: Charizard
|-damage|p1a: Charizard|12/100
|-damage|p2b: Staraptor|53/100|[from] Recoil
|move|p2a: Volcarona|Heat Wave|p1b: Garchomp|[spread] p1a,p1b
|-resisted|p1a: Charizard|1
|-resisted|p1b: Garchomp|1
|-damage|p1a: Charizard|0 fnt
|-damage|p1b: Garchomp|2/100
|faint|p1a: Charizard
|
|-weather|SunnyDay|[upkeep]
|-sideend|p2: FreezyPop439|move: Tailwind
|upkeep
|
|t:|1782384341
|switch|p1a: Gholdengo|Gholdengo, L50|96/100
|turn|5
|
|t:|1782384369
|move|p1a: Gholdengo|Protect|p1a: Gholdengo
|-singleturn|p1a: Gholdengo|Protect
|move|p2b: Staraptor|Roost|p2b: Staraptor
|-heal|p2b: Staraptor|100/100
|-singleturn|p2b: Staraptor|move: Roost
|move|p1b: Garchomp|Rock Slide|p2a: Volcarona|[spread] p2a,p2b
|-supereffective|p2a: Volcarona|2
|-resisted|p2b: Staraptor|1
|-damage|p2a: Volcarona|0 fnt
|-damage|p2b: Staraptor|91/100
|faint|p2a: Volcarona
|-damage|p1b: Garchomp|0 fnt|[from] item: Life Orb
|faint|p1b: Garchomp
|
|-weather|SunnyDay|[upkeep]
|upkeep
|
|t:|1782384380
|switch|p1b: Whimsicott|Whimsicott, L50, F|100/100
|switch|p2a: Garchomp|Garchomp, L50, F|100/100
|turn|6
|
|t:|1782384390
|move|p1b: Whimsicott|Tailwind|p1b: Whimsicott
|-sidestart|p1: vamioli|move: Tailwind
|move|p1a: Gholdengo|Make It Rain|p2a: Garchomp|[spread] p2a,p2b
|-damage|p2a: Garchomp|39/100
|-damage|p2b: Staraptor|51/100
|-unboost|p1a: Gholdengo|spa|2
|move|p2b: Staraptor|Brave Bird|p1a: Gholdengo
|-resisted|p1a: Gholdengo|1
|-damage|p1a: Gholdengo|68/100
|-damage|p2b: Staraptor|41/100|[from] Recoil
|move|p2a: Garchomp|Earthquake|p1a: Gholdengo|[spread] p1a,p1b
|-immune|p2b: Staraptor
|-supereffective|p1a: Gholdengo|1
|-resisted|p1b: Whimsicott|1
|-damage|p1a: Gholdengo|0 fnt
|-damage|p1b: Whimsicott|66/100
|faint|p1a: Gholdengo
|-damage|p2a: Garchomp|29/100|[from] item: Life Orb
|
|-weather|none
|upkeep
|turn|7
|-message|vamioli forfeited.
|
|win|FreezyPop439
|l|☆vamioli
|player|p1|
