|j|☆FotiniP
|j|☆new mental
|html|FotiniPnew mental    
|uhtml|bestof|Game 1 of a best-of-3
|t:|1785420660
|gametype|doubles
|player|p1|FotiniP|2|1262
|player|p2|new mental|volkner|1363
|gen|9
|tier|[Gen 9 Champions] VGC 2026 Reg M-B (Bo3)
|rated|
|rule|Species Clause: Limit one of each Pokémon
|rule|Item Clause: Limit 1 of each item
|clearpoke
|poke|p1|Venusaur, L50, M|
|poke|p1|Charizard, L50, M|
|poke|p1|Grimmsnarl, L50, M|
|poke|p1|Archaludon, L50, F, shiny|
|poke|p1|Basculegion, L50, M|
|poke|p1|Pelipper, L50, F|
|poke|p2|Charizard, L50, M|
|poke|p2|Garchomp, L50, F|
|poke|p2|Incineroar, L50, M|
|poke|p2|Venusaur, L50, F|
|poke|p2|Toxapex, L50, F|
|poke|p2|Sylveon, L50, F|
|teampreview|4
|showteam|p1|Venusaur||FocusSash|Chlorophyll|SludgeBomb,EarthPower,SleepPowder,Protect|Modest||M|||50|]Charizard||CharizarditeY|Blaze|Protect,HeatWave,SolarBeam,WeatherBall|Modest||M|||50|]Grimmsnarl||LightClay|Prankster|SpiritBreak,LightScreen,Reflect,PartingShot|Sassy||M|||50|]Archaludon||Leftovers|Stamina|ElectroShot,DragonPulse,FlashCannon,Protect|Calm||F|||50|]Basculegion||ChoiceScarf|Adaptability|WaveCrash,LastRespects,AquaJet,FlipTurn|Jolly||M|||50|]Pelipper||SitrusBerry|Drizzle|Hurricane,WeatherBall,Tailwind,WideGuard|Modest||F|||50|
|showteam|p2|Charizard||CharizarditeY|SolarPower|WeatherBall,HeatWave,AncientPower,Protect|Modest||M|||50|]Garchomp||ChoiceScarf|RoughSkin|RockSlide,DragonClaw,Earthquake,StompingTantrum|Adamant||F|||50|]Incineroar||SitrusBerry|Intimidate|FlareBlitz,FakeOut,DarkestLariat,PartingShot|Impish||M|||50|]Venusaur||LifeOrb|Chlorophyll|SludgeBomb,LeafStorm,EarthPower,Protect|Modest||F|||50|]Toxapex||Leftovers|Regenerator|Infestation,Toxic,WideGuard,BanefulBunker|Bold||F|||50|]Sylveon||FairyFeather|Pixilate|HyperVoice,QuickAttack,Yawn,Detect|Modest||F|||50|
|inactive|Battle timer is ON: inactive players will automatically lose when time's up. (requested by FotiniP)
|inactive|FotiniP has 60 seconds left.
|inactive|new mental has 60 seconds left.
|
|t:|1785420710
|teamsize|p1|4
|teamsize|p2|4
|start
|switch|p1a: Grimmsnarl|Grimmsnarl, L50, M|100/100
|switch|p1b: Archaludon|Archaludon, L50, F, shiny|100/100
|switch|p2a: Charizard|Charizard, L50, M|100/100
|switch|p2b: Venusaur|Venusaur, L50, F|100/100
|turn|1
|
|t:|1785420721
|move|p2a: Charizard|Protect|p2a: Charizard
|-singleturn|p2a: Charizard|Protect
|move|p1b: Archaludon|Protect|p1b: Archaludon
|-singleturn|p1b: Archaludon|Protect
|move|p1a: Grimmsnarl|Light Screen|p1a: Grimmsnarl
|-sidestart|p1: FotiniP|move: Light Screen
|move|p2b: Venusaur|Sludge Bomb|p1a: Grimmsnarl
|-supereffective|p1a: Grimmsnarl|1
|-damage|p1a: Grimmsnarl|37/100
|-damage|p2b: Venusaur|90/100|[from] item: Life Orb
|
|upkeep
|turn|2
|
|t:|1785420735
|switch|p2a: Garchomp|Garchomp, L50, F|100/100
|move|p1a: Grimmsnarl|Parting Shot|p2a: Garchomp
|-unboost|p2a: Garchomp|atk|1
|-unboost|p2a: Garchomp|spa|1
|
|t:|1785420742
|switch|p1a: Venusaur|Venusaur, L50, M|100/100|[from] Parting Shot
|move|p2b: Venusaur|Sludge Bomb|p1a: Venusaur
|-damage|p1a: Venusaur|58/100
|-damage|p2b: Venusaur|81/100|[from] item: Life Orb
|move|p1b: Archaludon|Electro Shot||[still]
|-prepare|p1b: Archaludon|Electro Shot
|-boost|p1b: Archaludon|spa|1
|
|upkeep
|turn|3
|
|t:|1785420755
|move|p2b: Venusaur|Protect|p2b: Venusaur
|-singleturn|p2b: Venusaur|Protect
|move|p2a: Garchomp|Earthquake|p1a: Venusaur|[spread] p1a,p1b
|-activate|p2b: Venusaur|move: Protect
|-supereffective|p1b: Archaludon|1
|-damage|p1a: Venusaur|17/100
|-damage|p1b: Archaludon|60/100
|-ability|p1b: Archaludon|Stamina|boost
|-boost|p1b: Archaludon|def|1
|move|p1a: Venusaur|Sleep Powder|p2a: Garchomp
|-status|p2a: Garchomp|slp|[from] move: Sleep Powder
|move|p1b: Archaludon|Electro Shot|p2a: Garchomp|[from] lockedmove
|-immune|p2a: Garchomp
|
|-heal|p1b: Archaludon|66/100|[from] item: Leftovers
|upkeep
|turn|4
|
|t:|1785420774
|switch|p1a: Pelipper|Pelipper, L50, F|100/100
|-weather|RainDance|[from] ability: Drizzle|[of] p1a: Pelipper
|cant|p2a: Garchomp|slp
|move|p2b: Venusaur|Sludge Bomb|p1a: Pelipper
|-damage|p1a: Pelipper|47/100
|-enditem|p1a: Pelipper|Sitrus Berry|[eat]
|-heal|p1a: Pelipper|72/100|[from] item: Sitrus Berry
|-damage|p2b: Venusaur|71/100|[from] item: Life Orb
|move|p1b: Archaludon|Electro Shot||[still]
|-prepare|p1b: Archaludon|Electro Shot
|-boost|p1b: Archaludon|spa|1
|-anim|p1b: Archaludon|Electro Shot|p2b: Venusaur
|-resisted|p2b: Venusaur|1
|-damage|p2b: Venusaur|33/100
|
|-weather|RainDance|[upkeep]
|-heal|p1b: Archaludon|72/100|[from] item: Leftovers
|upkeep
|turn|5
|
|t:|1785420794
|move|p2b: Venusaur|Protect|p2b: Venusaur
|-singleturn|p2b: Venusaur|Protect
|cant|p2a: Garchomp|slp
|move|p1b: Archaludon|Dragon Pulse|p2a: Garchomp
|-supereffective|p2a: Garchomp|1
|-damage|p2a: Garchomp|0 fnt
|faint|p2a: Garchomp
|move|p1a: Pelipper|Tailwind|p1a: Pelipper
|-sidestart|p1: FotiniP|move: Tailwind
|
|-weather|RainDance|[upkeep]
|-heal|p1b: Archaludon|78/100|[from] item: Leftovers
|upkeep
|
|t:|1785420797
|switch|p2a: Charizard|Charizard, L50, M|100/100
|turn|6
|
|t:|1785420821
|switch|p1a: Grimmsnarl|Grimmsnarl, L50, M|37/100
|detailschange|p2a: Charizard|Charizard-Mega-Y, L50, M
|-mega|p2a: Charizard|Charizard|Charizardite Y
|-weather|SunnyDay|[from] ability: Drought|[of] p2a: Charizard
|move|p2b: Venusaur|Sludge Bomb|p1a: Grimmsnarl
|-supereffective|p1a: Grimmsnarl|1
|-damage|p1a: Grimmsnarl|0 fnt
|faint|p1a: Grimmsnarl
|-damage|p2b: Venusaur|23/100|[from] item: Life Orb
|move|p1b: Archaludon|Dragon Pulse|p2b: Venusaur
|-damage|p2b: Venusaur|0 fnt
|faint|p2b: Venusaur
|move|p2a: Charizard|Weather Ball|p1b: Archaludon
|-damage|p1b: Archaludon|28/100
|-ability|p1b: Archaludon|Stamina|boost
|-boost|p1b: Archaludon|def|1
|
|-weather|SunnyDay|[upkeep]
|-heal|p1b: Archaludon|34/100|[from] item: Leftovers
|upkeep
|
|t:|1785420833
|switch|p2b: Sylveon|Sylveon, L50, F|100/100
|switch|p1a: Pelipper|Pelipper, L50, F|72/100
|-weather|RainDance|[from] ability: Drizzle|[of] p1a: Pelipper
|turn|7
|
|t:|1785420844
|move|p1b: Archaludon|Electro Shot||[still]
|-prepare|p1b: Archaludon|Electro Shot
|-boost|p1b: Archaludon|spa|1
|-anim|p1b: Archaludon|Electro Shot|p2b: Sylveon
|-damage|p2b: Sylveon|36/100
|move|p1a: Pelipper|Weather Ball|p2a: Charizard
|-supereffective|p2a: Charizard|1
|-damage|p2a: Charizard|0 fnt
|faint|p2a: Charizard
|move|p2b: Sylveon|Hyper Voice|p1b: Archaludon|[spread] p1a,p1b
|-damage|p1a: Pelipper|32/100
|-damage|p1b: Archaludon|7/100
|-ability|p1b: Archaludon|Stamina|boost
|-boost|p1b: Archaludon|def|1
|
|-weather|RainDance|[upkeep]
|-heal|p1b: Archaludon|13/100|[from] item: Leftovers
|upkeep
|turn|8
|
|t:|1785420854
|move|p1b: Archaludon|Electro Shot||[still]
|-prepare|p1b: Archaludon|Electro Shot
|-boost|p1b: Archaludon|spa|1
|-anim|p1b: Archaludon|Electro Shot|p2b: Sylveon
|-damage|p2b: Sylveon|0 fnt
|faint|p2b: Sylveon
|
|win|FotiniP
