|j|☆Screammmmm1
|j|☆LeonardPlayz
|html|Screammmmm1LeonardPlayz    
|uhtml|bestof|Game 1 of a best-of-3
|t:|1783395587
|gametype|doubles
|player|p1|Screammmmm1|n|1105
|player|p2|LeonardPlayz|hilbert-wonderlauncher|1161
|gen|9
|tier|[Gen 9 Champions] VGC 2026 Reg M-B (Bo3)
|rated|
|rule|Species Clause: Limit one of each Pokémon
|rule|Item Clause: Limit 1 of each item
|clearpoke
|poke|p1|Blaziken, L50, M, shiny|
|poke|p1|Gholdengo, L50|
|poke|p1|Talonflame, L50, F|
|poke|p1|Hydreigon, L50, M|
|poke|p1|Garchomp, L50, M|
|poke|p1|Kangaskhan, L50, F|
|poke|p2|Aerodactyl, L50, F|
|poke|p2|Gengar, L50, M|
|poke|p2|Mamoswine, L50, M|
|poke|p2|Gholdengo, L50|
|poke|p2|Grimmsnarl, L50, M|
|poke|p2|Incineroar, L50, M|
|teampreview|4
|showteam|p1|Blaziken||Blazikenite|SpeedBoost|BlazeKick,CloseCombat,RockSlide,Protect|Adamant||M|||50|]Gholdengo||LifeOrb|GoodasGold|MakeItRain,NastyPlot,ShadowBall,Protect|Modest|||||50|]Talonflame|||GaleWings|Tailwind,Acrobatics,Protect,Taunt|Jolly||F|||50|]Hydreigon||FocusSash|Levitate|DragonCheer,DracoMeteor,Tailwind,DarkPulse|Timid||M|||50|]Garchomp||SitrusBerry|RoughSkin|Earthquake,DragonClaw,RockSlide,Protect|Serious||M|||50|]Kangaskhan||Kangaskhanite|Scrappy|FakeOut,LowKick,DrainPunch,DoubleEdge|Serious||F|||50|
|showteam|p2|Aerodactyl||Aerodactylite|RockHead|Tailwind,RockSlide,DualWingbeat,Protect|Jolly||F|||50|]Gengar||Gengarite|CursedBody|ShadowBall,PerishSong,WillOWisp,Protect|Timid||M|||50|]Mamoswine||LifeOrb|Oblivious|IceShard,HighHorsepower,BodyPress,Protect|Adamant||M|||50|]Gholdengo||FocusSash|GoodasGold|MakeItRain,ShadowBall,FocusBlast,Protect|Modest|||||50|]Grimmsnarl||LightClay|Prankster|FakeOut,PartingShot,Reflect,LightScreen|Impish||M|||50|]Incineroar||SitrusBerry|Intimidate|FakeOut,ThroatChop,PartingShot,Protect|Careful||M|||50|
|inactive|Battle timer is ON: inactive players will automatically lose when time's up. (requested by LeonardPlayz)
|inactive|Screammmmm1 has 60 seconds left.
|inactive|LeonardPlayz has 60 seconds left.
|inactive|LeonardPlayz has 30 seconds left.
|
|t:|1783395656
|teamsize|p1|4
|teamsize|p2|4
|start
|switch|p1a: Blaziken|Blaziken, L50, M, shiny|100/100
|switch|p1b: Talonflame|Talonflame, L50, F|100/100
|switch|p2a: Aerodactyl|Aerodactyl, L50, F|100/100
|switch|p2b: Incineroar|Incineroar, L50, M|100/100
|-ability|p2b: Incineroar|Intimidate|boost
|-unboost|p1a: Blaziken|atk|1
|-unboost|p1b: Talonflame|atk|1
|turn|1
|inactive|Screammmmm1 has 30 seconds left.
|
|t:|1783395688
|detailschange|p2a: Aerodactyl|Aerodactyl-Mega, L50, F
|-mega|p2a: Aerodactyl|Aerodactyl|Aerodactylite
|detailschange|p1a: Blaziken|Blaziken-Mega, L50, M, shiny
|-mega|p1a: Blaziken|Blaziken|Blazikenite
|move|p1b: Talonflame|Protect|p1b: Talonflame
|-singleturn|p1b: Talonflame|Protect
|move|p1a: Blaziken|Protect|p1a: Blaziken
|-singleturn|p1a: Blaziken|Protect
|move|p2b: Incineroar|Fake Out|p1a: Blaziken
|-activate|p1a: Blaziken|move: Protect
|move|p2a: Aerodactyl|Tailwind|p2a: Aerodactyl
|-sidestart|p2: LeonardPlayz|move: Tailwind
|
|-ability|p1a: Blaziken|Speed Boost|boost
|-boost|p1a: Blaziken|spe|1
|upkeep
|turn|2
|inactive|LeonardPlayz has 30 seconds left.
|
|t:|1783395714
|switch|p1a: Hydreigon|Hydreigon, L50, M|100/100
|move|p1b: Talonflame|Tailwind|p1b: Talonflame
|-sidestart|p1: Screammmmm1|move: Tailwind
|move|p2a: Aerodactyl|Dual Wingbeat|p1a: Hydreigon
|-damage|p1a: Hydreigon|67/100
|-crit|p1a: Hydreigon
|-damage|p1a: Hydreigon|20/100y
|-hitcount|p1a: Hydreigon|2
|move|p2b: Incineroar|Throat Chop|p1b: Talonflame
|-damage|p1b: Talonflame|50/100g
|-start|p1b: Talonflame|Throat Chop|[silent]
|
|upkeep
|turn|3
|
|t:|1783395738
|move|p2a: Aerodactyl|Rock Slide|p1a: Hydreigon|[spread] p1a,p1b
|-supereffective|p1b: Talonflame|2
|-damage|p1a: Hydreigon|0 fnt
|-damage|p1b: Talonflame|0 fnt
|faint|p1a: Hydreigon
|faint|p1b: Talonflame
|move|p2b: Incineroar|Parting Shot|p1: Hydreigon|[notarget]
|-fail|p2b: Incineroar
|
|upkeep
|
|t:|1783395740
|switch|p1b: Garchomp|Garchomp, L50, M|100/100
|switch|p1a: Blaziken|Blaziken-Mega, L50, M, shiny|100/100
|turn|4
|
|t:|1783395755
|switch|p2b: Mamoswine|Mamoswine, L50, M|100/100
|move|p1a: Blaziken|Protect|p1a: Blaziken
|-singleturn|p1a: Blaziken|Protect
|move|p2a: Aerodactyl|Dual Wingbeat|p1a: Blaziken
|-activate|p1a: Blaziken|move: Protect
|move|p1b: Garchomp|Rock Slide|p2b: Mamoswine|[spread] p2a,p2b
|-supereffective|p2a: Aerodactyl|1
|-damage|p2a: Aerodactyl|45/100
|-damage|p2b: Mamoswine|79/100
|
|-sideend|p2: LeonardPlayz|move: Tailwind
|-ability|p1a: Blaziken|Speed Boost|boost
|-boost|p1a: Blaziken|spe|1
|upkeep
|turn|5
|
|t:|1783395776
|move|p2b: Mamoswine|Ice Shard|p1b: Garchomp
|-supereffective|p1b: Garchomp|2
|-damage|p1b: Garchomp|0 fnt
|faint|p1b: Garchomp
|-damage|p2b: Mamoswine|69/100|[from] item: Life Orb
|move|p1a: Blaziken|Rock Slide|p2b: Mamoswine|[spread] p2a,p2b
|-supereffective|p2a: Aerodactyl|1
|-damage|p2a: Aerodactyl|0 fnt
|-damage|p2b: Mamoswine|40/100
|faint|p2a: Aerodactyl
|
|-sideend|p1: Screammmmm1|move: Tailwind
|-ability|p1a: Blaziken|Speed Boost|boost
|-boost|p1a: Blaziken|spe|1
|upkeep
|
|t:|1783395781
|switch|p2a: Incineroar|Incineroar, L50, M|100/100
|-ability|p2a: Incineroar|Intimidate|boost
|-unboost|p1a: Blaziken|atk|1
|turn|6
|
|t:|1783395789
|move|p2a: Incineroar|Fake Out|p1a: Blaziken
|-damage|p1a: Blaziken|87/100
|cant|p1a: Blaziken|flinch
|move|p2b: Mamoswine|High Horsepower|p1a: Blaziken
|-supereffective|p1a: Blaziken|1
|-damage|p1a: Blaziken|0 fnt
|faint|p1a: Blaziken
|-damage|p2b: Mamoswine|30/100|[from] item: Life Orb
|
|win|LeonardPlayz
||Screammmmm1 is ready for game 2.
||LeonardPlayz is ready for game 2.
|uhtml|next|Next: Game 2 of 3
|l|☆Screammmmm1
|player|p1|
