|j|☆ragultrazero
|j|☆ElAvi04
|html|ragultrazeroElAvi04    
|uhtml|bestof|Game 2 of a best-of-3
|t:|1785998477
|gametype|doubles
|player|p1|ragultrazero|red|1009
|player|p2|ElAvi04|266|1128
|gen|9
|tier|[Gen 9 Champions] VGC 2026 Reg M-B (Bo3)
|rated|
|rule|Species Clause: Limit one of each Pokémon
|rule|Item Clause: Limit 1 of each item
|clearpoke
|poke|p1|Blastoise, L50, M|
|poke|p1|Hatterene, L50, F|
|poke|p1|Tsareena, L50, F|
|poke|p1|Araquanid, L50, M|
|poke|p1|Corviknight, L50, F|
|poke|p1|Annihilape, L50, F|
|poke|p2|Arcanine-Hisui, L50, F|
|poke|p2|Floette-Eternal, L50, F|
|poke|p2|Blastoise, L50, M|
|poke|p2|Sinistcha, L50|
|poke|p2|Corviknight, L50, M, shiny|
|poke|p2|Kommo-o, L50, M|
|teampreview|4
|showteam|p1|Blastoise||Blastoisinite|RainDish|AuraSphere,WaterSpout,DarkPulse,Protect|Modest||M|||50|]Hatterene||ColburBerry|MagicBounce|TrickRoom,DazzlingGleam,Reflect,LightScreen|Sassy||F|||50|]Tsareena||WideLens|QueenlyMajesty|TripleAxel,PowerWhip,TropKick,KnockOff|Adamant||F|||50|]Araquanid||SitrusBerry|WaterBubble|Soak,WideGuard,LeechLife,Lunge|Careful||M|||50|]Corviknight||Leftovers|MirrorArmor|Tailwind,IronDefense,IronHead,BodyPress|Careful||F|||50|]Annihilape||LifeOrb|Defiant|CloseCombat,RockSlide,DrainPunch,GunkShot|Jolly||F|||50|
|showteam|p2|Arcanine-Hisui||FocusSash|RockHead|HeadSmash,FlareBlitz,ExtremeSpeed,Protect|Jolly||F|||50|]Floette-Eternal||Floettite|FlowerVeil|Moonblast,DazzlingGleam,CalmMind,Protect|Timid||F|||50|]Blastoise||Blastoisinite|RainDish|WaterSpout,DarkPulse,ShellSmash,Protect|Modest||M|||50|]Sinistcha||KasibBerry|Hospitality|MatchaGotcha,RagePowder,LifeDew,TrickRoom|Relaxed|||||50|]Corviknight||Leftovers|MirrorArmor|BraveBird,IronHead,Tailwind,Protect|Impish||M|||50|]Kommo-o||SitrusBerry|Soundproof|ClangingScales,AuraSphere,ClangorousSoul,Protect|Modest||M|||50|
|
|t:|1785998504
|teamsize|p1|4
|teamsize|p2|4
|start
|switch|p1a: Araquanid|Araquanid, L50, M|100/100
|switch|p1b: Hatterene|Hatterene, L50, F|100/100
|switch|p2a: Bowser|Blastoise, L50, M|100/100
|switch|p2b: Messi|Sinistcha, L50|100/100
|turn|1
|
|t:|1785998525
|detailschange|p2a: Bowser|Blastoise-Mega, L50, M
|-mega|p2a: Bowser|Blastoise|Blastoisinite
|move|p1a: Araquanid|Wide Guard|p1a: Araquanid
|-singleturn|p1a: Araquanid|Wide Guard
|move|p2b: Messi|Rage Powder|p2b: Messi
|-singleturn|p2b: Messi|move: Rage Powder
|move|p2a: Bowser|Shell Smash|p2a: Bowser
|-unboost|p2a: Bowser|def|1
|-unboost|p2a: Bowser|spd|1
|-boost|p2a: Bowser|atk|2
|-boost|p2a: Bowser|spa|2
|-boost|p2a: Bowser|spe|2
|move|p1b: Hatterene|Trick Room|p1b: Hatterene
|-fieldstart|move: Trick Room|[of] p1b: Hatterene
|
|upkeep
|turn|2
|
|t:|1785998562
|switch|p1a: Tsareena|Tsareena, L50, F|100/100
|move|p2a: Bowser|Protect|p2a: Bowser
|-singleturn|p2a: Bowser|Protect
|move|p1b: Hatterene|Dazzling Gleam|p2a: Bowser|[spread] p2b
|-activate|p2a: Bowser|move: Protect
|-damage|p2b: Messi|76/100
|move|p2b: Messi|Trick Room|p2b: Messi
|-fieldend|move: Trick Room
|
|upkeep
|turn|3
|
|t:|1785998589
|move|p2b: Messi|Rage Powder|p2b: Messi
|-singleturn|p2b: Messi|move: Rage Powder
|move|p2a: Bowser|Water Spout|p1b: Hatterene|[spread] p1a,p1b
|-resisted|p1a: Tsareena|1
|-damage|p1a: Tsareena|31/100
|-damage|p1b: Hatterene|0 fnt
|faint|p1b: Hatterene
|move|p1a: Tsareena|Knock Off|p2b: Messi
|-supereffective|p2b: Messi|1
|-damage|p2b: Messi|14/100
|-enditem|p2b: Messi|Kasib Berry|[from] move: Knock Off|[of] p1a: Tsareena
|
|upkeep
|
|t:|1785998601
|switch|p1b: Araquanid|Araquanid, L50, M|100/100
|turn|4
|inactive|Battle timer is ON: inactive players will automatically lose when time's up. (requested by ragultrazero)
|
|t:|1785998618
|move|p1b: Araquanid|Wide Guard|p1b: Araquanid
|-singleturn|p1b: Araquanid|Wide Guard
|move|p2b: Messi|Rage Powder|p2b: Messi
|-singleturn|p2b: Messi|move: Rage Powder
|move|p2a: Bowser|Dark Pulse|p1b: Araquanid
|-damage|p1b: Araquanid|35/100
|-enditem|p1b: Araquanid|Sitrus Berry|[eat]
|-heal|p1b: Araquanid|60/100|[from] item: Sitrus Berry
|move|p1a: Tsareena|Triple Axel|p2b: Messi
|-supereffective|p2b: Messi|1
|-damage|p2b: Messi|1/100
|-supereffective|p2b: Messi|1
|-damage|p2b: Messi|0 fnt
|faint|p2b: Messi
|-hitcount|p2: Messi|2
|
|upkeep
|
|t:|1785998629
|switch|p2b: Blanquita|Arcanine-Hisui, L50, F|100/100
|turn|5
|
|t:|1785998649
|move|p2a: Bowser|Dark Pulse|p1b: Araquanid
|-damage|p1b: Araquanid|0 fnt
|faint|p1b: Araquanid
|move|p2b: Blanquita|Flare Blitz|p1a: Tsareena
|-supereffective|p1a: Tsareena|1
|-damage|p1a: Tsareena|0 fnt
|faint|p1a: Tsareena
|
|upkeep
|
|t:|1785998659
|switch|p1b: Blastoise|Blastoise, L50, M|100/100
|turn|6
|
|t:|1785998668
|detailschange|p1b: Blastoise|Blastoise-Mega, L50, M
|-mega|p1b: Blastoise|Blastoise|Blastoisinite
|move|p2a: Bowser|Water Spout|p1b: Blastoise
|-resisted|p1b: Blastoise|1
|-damage|p1b: Blastoise|29/100
|move|p2b: Blanquita|Head Smash|p1b: Blastoise|[miss]
|-miss|p2b: Blanquita|p1b: Blastoise
|move|p1b: Blastoise|Water Spout|p2b: Blanquita|[spread] p2a,p2b
|-resisted|p2a: Bowser|1
|-supereffective|p2b: Blanquita|2
|-damage|p2a: Bowser|88/100
|-damage|p2b: Blanquita|13/100
|
|upkeep
|turn|7
|
|t:|1785998685
|move|p1b: Blastoise|Protect|p1b: Blastoise
|-singleturn|p1b: Blastoise|Protect
|move|p2b: Blanquita|Extreme Speed|p1b: Blastoise
|-activate|p1b: Blastoise|move: Protect
|move|p2a: Bowser|Water Spout|p1b: Blastoise
|-activate|p1b: Blastoise|move: Protect
|
|upkeep
|turn|8
|
|t:|1785998696
|move|p2b: Blanquita|Extreme Speed|p1b: Blastoise
|-damage|p1b: Blastoise|8/100
|move|p2a: Bowser|Water Spout|p1b: Blastoise
|-resisted|p1b: Blastoise|1
|-damage|p1b: Blastoise|0 fnt
|faint|p1b: Blastoise
|
|win|ElAvi04
|raw|ragultrazero's rating: 1009 → 1001(-8 for losing)
|raw|ElAvi04's rating: 1128 → 1145(+17 for winning)
|l|☆ragultrazero
|player|p1|
