|j|☆noagvgc
|j|☆Divine Monkey King
|html|noagvgcDivine Monkey King    
|uhtml|bestof|Game 1 of a best-of-3
|t:|1782495778
|gametype|doubles
|player|p1|noagvgc|101|1096
|player|p2|Divine Monkey King|170|1151
|gen|9
|tier|[Gen 9 Champions] VGC 2026 Reg M-B (Bo3)
|rated|
|rule|Species Clause: Limit one of each Pokémon
|rule|Item Clause: Limit 1 of each item
|clearpoke
|poke|p1|Metagross, L50, shiny|
|poke|p1|Sneasler, L50, M|
|poke|p1|Hydreigon, L50, M|
|poke|p1|Sylveon, L50, M, shiny|
|poke|p1|Aerodactyl, L50, M|
|poke|p1|Tsareena, L50, F|
|poke|p2|Whimsicott, L50, F, shiny|
|poke|p2|Lucario, L50, M, shiny|
|poke|p2|Pelipper, L50, M, shiny|
|poke|p2|Beedrill, L50, M, shiny|
|poke|p2|Annihilape, L50, M, shiny|
|poke|p2|Basculegion, L50, M, shiny|
|teampreview|4
|showteam|p1|Metagross||Metagrossite|ClearBody|IronHead,PsychicFangs,BodyPress,Protect|Adamant|||||50|]Sneasler||FocusSash|Unburden|CloseCombat,DireClaw,FakeOut,Coaching|Jolly||M|||50|]Hydreigon||ChoiceScarf|Levitate|DracoMeteor,DarkPulse,EarthPower,Snarl|Modest||M|||50|]Sylveon||FairyFeather|Pixilate|HyperVoice,HyperBeam,QuickAttack,Detect|Modest||M|||50|]Aerodactyl||Aerodactylite|Unnerve|RockSlide,DualWingbeat,Tailwind,Protect|Jolly||M|||50|]Tsareena||CobaBerry|QueenlyMajesty|TropKick,TripleAxel,LowKick,Protect|Impish||F|||50|
|showteam|p2|Whimsicott||FocusSash|Prankster|Encore,Protect,Tailwind,BeatUp|Serious||F|||50|]Lucario||Lucarionite|Justified|Crunch,DrainPunch,PoisonJab,Protect|Jolly||M|||50|]Pelipper||SitrusBerry|Drizzle|Hurricane,IceBeam,Protect,WeatherBall|Timid||M|||50|]Beedrill||Beedrillite|Sniper|DrillRun,PoisonJab,Protect,FellStinger|Jolly||M|||50|]Annihilape||Leftovers|Defiant|BulkUp,DrainPunch,RageFist,RockSlide|Adamant||M|||50|]Basculegion||MysticWater|SwiftSwim|AquaJet,FlipTurn,LastRespects,Protect|Adamant||M|||50|
|
|t:|1782495857
|teamsize|p1|4
|teamsize|p2|4
|start
|switch|p1a: Metagross|Metagross, L50, shiny|100/100
|switch|p1b: Sylveon|Sylveon, L50, M, shiny|100/100
|switch|p2a: Pelipper|Pelipper, L50, M, shiny|100/100
|switch|p2b: Basculegion|Basculegion, L50, M, shiny|100/100
|-weather|RainDance|[from] ability: Drizzle|[of] p2a: Pelipper
|turn|1
|inactive|Battle timer is ON: inactive players will automatically lose when time's up. (requested by noagvgc)
|
|t:|1782495889
|switch|p1a: Hydreigon|Hydreigon, L50, M|100/100
|move|p2b: Basculegion|Flip Turn|p1b: Sylveon
|-damage|p1b: Sylveon|38/100
|
|t:|1782495904
|switch|p2b: Whimsicott|Whimsicott, L50, F, shiny|100/100|[from] Flip Turn
|move|p2a: Pelipper|Hurricane|p1b: Sylveon
|-damage|p1b: Sylveon|0 fnt
|faint|p1b: Sylveon
|
|-weather|RainDance|[upkeep]
|upkeep
|
|t:|1782495912
|switch|p1b: Sneasler|Sneasler, L50, M|100/100
|turn|2
|
|t:|1782495924
|move|p2b: Whimsicott|Protect|p2b: Whimsicott
|-singleturn|p2b: Whimsicott|Protect
|move|p1b: Sneasler|Fake Out|p2b: Whimsicott
|-activate|p2b: Whimsicott|move: Protect
|move|p1a: Hydreigon|Snarl|p2a: Pelipper|[spread] p2a
|-activate|p2b: Whimsicott|move: Protect
|-damage|p2a: Pelipper|68/100
|-unboost|p2a: Pelipper|spa|1
|move|p2a: Pelipper|Ice Beam|p1a: Hydreigon
|-supereffective|p1a: Hydreigon|1
|-damage|p1a: Hydreigon|62/100
|
|-weather|RainDance|[upkeep]
|upkeep
|turn|3
|
|t:|1782495948
|move|p2b: Whimsicott|Encore|p1b: Sneasler
|-start|p1b: Sneasler|Encore
|move|p1b: Sneasler|Fake Out||[still]
|-hint|Fake Out only works on your first turn out.
|-fail|p1b: Sneasler
|move|p1a: Hydreigon|Snarl|p2a: Pelipper|[spread] p2b
|-miss|p1a: Hydreigon|p2a: Pelipper
|-resisted|p2b: Whimsicott|1
|-damage|p2b: Whimsicott|82/100
|-unboost|p2b: Whimsicott|spa|1
|move|p2a: Pelipper|Hurricane|p1b: Sneasler
|-supereffective|p1b: Sneasler|1
|-damage|p1b: Sneasler|19/100
|
|-weather|RainDance|[upkeep]
|upkeep
|turn|4
|
|t:|1782495968
|switch|p1b: Metagross|Metagross, L50, shiny|100/100
|move|p2b: Whimsicott|Tailwind|p2b: Whimsicott
|-sidestart|p2: Divine Monkey King|move: Tailwind
|move|p1a: Hydreigon|Snarl|p2b: Whimsicott|[spread] p2a,p2b
|-resisted|p2b: Whimsicott|1
|-damage|p2a: Pelipper|39/100
|-damage|p2b: Whimsicott|64/100
|-unboost|p2a: Pelipper|spa|1
|-unboost|p2b: Whimsicott|spa|1
|-enditem|p2a: Pelipper|Sitrus Berry|[eat]
|-heal|p2a: Pelipper|63/100|[from] item: Sitrus Berry
|move|p2a: Pelipper|Ice Beam|p1a: Hydreigon
|-supereffective|p1a: Hydreigon|1
|-damage|p1a: Hydreigon|34/100
|
|-weather|RainDance|[upkeep]
|upkeep
|turn|5
|inactive|noagvgc has 30 seconds left.
|inactive|Divine Monkey King has 30 seconds left.
|
|t:|1782495997
|switch|p1a: Sneasler|Sneasler, L50, M|19/100
|detailschange|p1b: Metagross|Metagross-Mega, L50, shiny
|-mega|p1b: Metagross|Metagross|Metagrossite
|move|p2b: Whimsicott|Beat Up|p1a: Sneasler
|-resisted|p1a: Sneasler|1
|-crit|p1a: Sneasler
|-damage|p1a: Sneasler|17/100
|-resisted|p1a: Sneasler|1
|-damage|p1a: Sneasler|15/100
|-resisted|p1a: Sneasler|1
|-damage|p1a: Sneasler|14/100
|-resisted|p1a: Sneasler|1
|-damage|p1a: Sneasler|12/100
|-hitcount|p1a: Sneasler|4
|move|p2a: Pelipper|Ice Beam|p1a: Sneasler
|-damage|p1a: Sneasler|0 fnt
|faint|p1a: Sneasler
|move|p1b: Metagross|Iron Head|p2b: Whimsicott
|-supereffective|p2b: Whimsicott|1
|-damage|p2b: Whimsicott|0 fnt
|faint|p2b: Whimsicott
|
|-weather|none
|upkeep
|inactive|Divine Monkey King has 30 seconds left.
|
|t:|1782496025
|switch|p1a: Hydreigon|Hydreigon, L50, M|34/100
|switch|p2b: Basculegion|Basculegion, L50, M, shiny|100/100
|turn|6
|
|t:|1782496047
|move|p2b: Basculegion|Flip Turn|p1a: Hydreigon
|-resisted|p1a: Hydreigon|1
|-crit|p1a: Hydreigon
|-damage|p1a: Hydreigon|4/100
|
|t:|1782496053
|switch|p2b: Lucario|Lucario, L50, M, shiny|100/100|[from] Flip Turn
|move|p1a: Hydreigon|Dark Pulse|p2b: Lucario
|-resisted|p2b: Lucario|1
|-damage|p2b: Lucario|65/100
|-ability|p2b: Lucario|Justified|boost
|-boost|p2b: Lucario|atk|1
|move|p2a: Pelipper|Ice Beam|p1a: Hydreigon
|-supereffective|p1a: Hydreigon|1
|-damage|p1a: Hydreigon|0 fnt
|faint|p1a: Hydreigon
|move|p1b: Metagross|Psychic Fangs|p2b: Lucario
|-damage|p2b: Lucario|0 fnt
|faint|p2b: Lucario
|
|upkeep
|
|t:|1782496068
|switch|p2b: Basculegion|Basculegion, L50, M, shiny|100/100
|turn|7
|
|t:|1782496075
|move|p1b: Metagross|Protect|p1b: Metagross
|-singleturn|p1b: Metagross|Protect
|move|p2b: Basculegion|Last Respects|p1b: Metagross
|-activate|p1b: Metagross|move: Protect
|move|p2a: Pelipper|Ice Beam|p1b: Metagross
|-activate|p1b: Metagross|move: Protect
|
|-sideend|p2: Divine Monkey King|move: Tailwind
|upkeep
|turn|8
|
|t:|1782496088
|move|p2a: Pelipper|Protect|p2a: Pelipper
|-singleturn|p2a: Pelipper|Protect
|move|p1b: Metagross|Iron Head|p2b: Basculegion
|-resisted|p2b: Basculegion|1
|-damage|p2b: Basculegion|60/100
|move|p2b: Basculegion|Last Respects|p1b: Metagross
|-supereffective|p1b: Metagross|1
|-damage|p1b: Metagross|0 fnt
|faint|p1b: Metagross
|
|win|Divine Monkey King
|inactive|noagvgc has 30 seconds to confirm battle start!
|inactive|Divine Monkey King has 30 seconds to confirm battle start!
||noagvgc is ready for game 2.
||Divine Monkey King is ready for game 2.
|uhtml|next|Next: Game 2 of 3
|l|☆noagvgc
|player|p1|
