|j|☆andiom123
|j|☆baggedchikin
|html|andiom123baggedchikin    
|uhtml|bestof|Game 1 of a best-of-3
|t:|1785867709
|gametype|doubles
|player|p1|andiom123|red|1257
|player|p2|baggedchikin|170|1300
|gen|9
|tier|[Gen 9 Champions] VGC 2026 Reg M-B (Bo3)
|rated|
|rule|Species Clause: Limit one of each Pokémon
|rule|Item Clause: Limit 1 of each item
|clearpoke
|poke|p1|Incineroar, L50, F|
|poke|p1|Farigiraf, L50, F|
|poke|p1|Sylveon, L50, M|
|poke|p1|Torkoal, L50, F|
|poke|p1|Kangaskhan, L50, F|
|poke|p1|Mudsdale, L50, M|
|poke|p2|Tyranitar, L50, F|
|poke|p2|Excadrill, L50, M|
|poke|p2|Whimsicott, L50, M|
|poke|p2|Gholdengo, L50|
|poke|p2|Milotic, L50, M|
|poke|p2|Delphox, L50, M|
|teampreview|4
|showteam|p1|Incineroar||MuscleBand|Intimidate|ThroatChop,FlareBlitz,FakeOut,PartingShot|Brave||F|||50|]Farigiraf||SitrusBerry|ArmorTail|FoulPlay,PsychicNoise,TrickRoom,HelpingHand|Relaxed||F|||50|]Sylveon||FairyFeather|Pixilate|HyperVoice,HyperBeam,Yawn,Detect|Modest||M|||50|]Torkoal||Charcoal|Drought|Eruption,EarthPower,Flamethrower,Protect|Quiet||F|||50|]Kangaskhan||Kangaskhanite|Scrappy|DoubleEdge,FakeOut,IcePunch,HammerArm|Brave||F|||50|]Mudsdale||LifeOrb|InnerFocus|HighHorsepower,Earthquake,RockSlide,HeavySlam|Brave||M|||50|
|showteam|p2|Tyranitar||Tyranitarite|SandStream|Protect,RockSlide,KnockOff,DragonDance|Jolly||F|||50|]Excadrill||LifeOrb|SandRush|Protect,IronHead,HighHorsepower,Earthquake|Adamant||M|||50|]Whimsicott||FocusSash|Prankster|Protect,Tailwind,Moonblast,Encore|Timid||M|||50|]Gholdengo||ColburBerry|GoodasGold|Protect,NastyPlot,MakeItRain,ShadowBall|Modest|||||50|]Milotic||Leftovers|Competitive|Protect,Coil,Hypnosis,MuddyWater|Bold||M|||50|]Delphox||Delphoxite|Blaze|Protect,HeatWave,Psychic,NastyPlot|Timid||M|||50|
|
|t:|1785867788
|teamsize|p1|4
|teamsize|p2|4
|start
|switch|p1a: Farigiraf|Farigiraf, L50, F|100/100
|switch|p1b: Kangaskhan|Kangaskhan, L50, F|100/100
|switch|p2a: Milotic|Milotic, L50, M|100/100
|switch|p2b: Excadrill|Excadrill, L50, M|100/100
|turn|1
|
|t:|1785867827
|switch|p2b: Delphox|Delphox, L50, M|100/100
|detailschange|p1b: Kangaskhan|Kangaskhan-Mega, L50, F
|-mega|p1b: Kangaskhan|Kangaskhan|Kangaskhanite
|move|p1b: Kangaskhan|Fake Out|p2a: Milotic
|-damage|p2a: Milotic|84/100
|-damage|p2a: Milotic|81/100
|-hitcount|p2a: Milotic|2
|cant|p2a: Milotic|flinch
|move|p1a: Farigiraf|Trick Room|p1a: Farigiraf
|-fieldstart|move: Trick Room|[of] p1a: Farigiraf
|
|-heal|p2a: Milotic|87/100|[from] item: Leftovers
|upkeep
|turn|2
|
|t:|1785867859
|move|p2a: Milotic|Protect|p2a: Milotic
|-singleturn|p2a: Milotic|Protect
|move|p2b: Delphox|Protect|p2b: Delphox
|-singleturn|p2b: Delphox|Protect
|move|p1a: Farigiraf|Psychic Noise|p2a: Milotic
|-activate|p2a: Milotic|move: Protect
|move|p1b: Kangaskhan|Double-Edge|p2a: Milotic
|-activate|p2a: Milotic|move: Protect
|
|-heal|p2a: Milotic|93/100|[from] item: Leftovers
|upkeep
|turn|3
|
|t:|1785867878
|move|p1a: Farigiraf|Psychic Noise|p2a: Milotic
|-damage|p2a: Milotic|72/100
|-start|p2a: Milotic|move: Heal Block
|move|p2a: Milotic|Coil|p2a: Milotic
|-boost|p2a: Milotic|atk|1
|-boost|p2a: Milotic|def|1
|-boost|p2a: Milotic|accuracy|1
|move|p1b: Kangaskhan|Double-Edge|p2a: Milotic
|-damage|p2a: Milotic|37/100
|-damage|p2a: Milotic|29/100
|-hitcount|p2a: Milotic|2
|-damage|p1b: Kangaskhan|86/100|[from] Recoil
|move|p2b: Delphox|Psychic|p1b: Kangaskhan
|-damage|p1b: Kangaskhan|48/100
|
|upkeep
|turn|4
|
|t:|1785867915
|move|p1a: Farigiraf|Psychic Noise|p2a: Milotic
|-damage|p2a: Milotic|10/100
|move|p2a: Milotic|Hypnosis|p1b: Kangaskhan|[miss]
|-miss|p2a: Milotic|p1b: Kangaskhan
|move|p1b: Kangaskhan|Double-Edge|p2b: Delphox
|-damage|p2b: Delphox|2/100
|-damage|p2b: Delphox|0 fnt
|faint|p2b: Delphox
|-hitcount|p2: Delphox|2
|-damage|p1b: Kangaskhan|25/100|[from] Recoil
|
|-end|p2a: Milotic|move: Heal Block
|upkeep
|
|t:|1785867926
|switch|p2b: Excadrill|Excadrill, L50, M|100/100
|turn|5
|
|t:|1785867936
|move|p2a: Milotic|Protect|p2a: Milotic
|-singleturn|p2a: Milotic|Protect
|move|p2b: Excadrill|Protect|p2b: Excadrill
|-singleturn|p2b: Excadrill|Protect
|move|p1a: Farigiraf|Psychic Noise|p2a: Milotic
|-activate|p2a: Milotic|move: Protect
|move|p1b: Kangaskhan|Hammer Arm|p2b: Excadrill
|-activate|p2b: Excadrill|move: Protect
|
|-heal|p2a: Milotic|16/100|[from] item: Leftovers
|-fieldend|move: Trick Room
|upkeep
|turn|6
|
|t:|1785867958
|move|p2b: Excadrill|High Horsepower|p1b: Kangaskhan
|-damage|p1b: Kangaskhan|0 fnt
|faint|p1b: Kangaskhan
|-damage|p2b: Excadrill|90/100|[from] item: Life Orb
|move|p2a: Milotic|Hypnosis|p1a: Farigiraf|[miss]
|-miss|p2a: Milotic|p1a: Farigiraf
|move|p1a: Farigiraf|Trick Room|p1a: Farigiraf
|-fieldstart|move: Trick Room|[of] p1a: Farigiraf
|
|-heal|p2a: Milotic|22/100|[from] item: Leftovers
|upkeep
|
|t:|1785867974
|switch|p1b: Incineroar|Incineroar, L50, F|100/100
|-ability|p1b: Incineroar|Intimidate|boost
|-unboost|p2a: Milotic|atk|1
|-ability|p2a: Milotic|Competitive|boost
|-boost|p2a: Milotic|spa|2
|-unboost|p2b: Excadrill|atk|1
|turn|7
|
|t:|1785867994
|switch|p2b: Tyranitar|Tyranitar, L50, F|100/100
|-weather|Sandstorm|[from] ability: Sand Stream|[of] p2b: Tyranitar
|move|p2a: Milotic|Protect|p2a: Milotic
|-singleturn|p2a: Milotic|Protect
|move|p1a: Farigiraf|Psychic Noise|p2a: Milotic
|-activate|p2a: Milotic|move: Protect
|move|p1b: Incineroar|Flare Blitz|p2b: Tyranitar
|-resisted|p2b: Tyranitar|1
|-damage|p2b: Tyranitar|69/100
|-damage|p1b: Incineroar|91/100|[from] Recoil
|
|-weather|Sandstorm|[upkeep]
|-damage|p1a: Farigiraf|93/100|[from] Sandstorm
|-damage|p1b: Incineroar|85/100|[from] Sandstorm
|-damage|p2a: Milotic|16/100|[from] Sandstorm
|-heal|p2a: Milotic|22/100|[from] item: Leftovers
|upkeep
|turn|8
|j| AxolotlChamp
|c| AxolotlChamp|heya
|c| AxolotlChamp|just watching
|
|t:|1785868029
|move|p1a: Farigiraf|Psychic Noise|p2a: Milotic
|-damage|p2a: Milotic|2/100
|-start|p2a: Milotic|move: Heal Block
|move|p1b: Incineroar|Flare Blitz|p2a: Milotic
|-resisted|p2a: Milotic|1
|-damage|p2a: Milotic|0 fnt
|faint|p2a: Milotic
|-damage|p1b: Incineroar|84/100|[from] Recoil
|move|p2b: Tyranitar|Knock Off|p1a: Farigiraf
|-supereffective|p1a: Farigiraf|1
|-damage|p1a: Farigiraf|10/100
|-enditem|p1a: Farigiraf|Sitrus Berry|[from] move: Knock Off|[of] p2b: Tyranitar
|
|-weather|Sandstorm|[upkeep]
|-damage|p1a: Farigiraf|4/100|[from] Sandstorm
|-damage|p1b: Incineroar|78/100|[from] Sandstorm
|upkeep
|
|t:|1785868036
|switch|p2a: Excadrill|Excadrill, L50, M|90/100
|turn|9
|
|t:|1785868074
|move|p2a: Excadrill|Protect|p2a: Excadrill
|-singleturn|p2a: Excadrill|Protect
|move|p1a: Farigiraf|Foul Play|p2b: Tyranitar
|-resisted|p2b: Tyranitar|1
|-damage|p2b: Tyranitar|54/100
|move|p1b: Incineroar|Flare Blitz|p2a: Excadrill
|-activate|p2a: Excadrill|move: Protect
|move|p2b: Tyranitar|Dragon Dance|p2b: Tyranitar
|-boost|p2b: Tyranitar|atk|1
|-boost|p2b: Tyranitar|spe|1
|
|-weather|Sandstorm|[upkeep]
|-damage|p1a: Farigiraf|0 fnt|[from] Sandstorm
|-damage|p1b: Incineroar|72/100|[from] Sandstorm
|faint|p1a: Farigiraf
|upkeep
|
|t:|1785868086
|switch|p1a: Sylveon|Sylveon, L50, M|100/100
|turn|10
|c| AxolotlChamp|ok so andiom please have a second trick room setter
|c| AxolotlChamp|it makes life so much better
|c| AxolotlChamp|trust me
|
|t:|1785868103
|move|p2b: Tyranitar|Protect|p2b: Tyranitar
|-singleturn|p2b: Tyranitar|Protect
|move|p2a: Excadrill|Protect|p2a: Excadrill
|-singleturn|p2a: Excadrill|Protect
|move|p1b: Incineroar|Flare Blitz|p2a: Excadrill
|-activate|p2a: Excadrill|move: Protect
|move|p1a: Sylveon|Yawn|p2b: Tyranitar
|-activate|p2b: Tyranitar|move: Protect
|
|-weather|Sandstorm|[upkeep]
|-damage|p1b: Incineroar|66/100|[from] Sandstorm
|-damage|p1a: Sylveon|94/100|[from] Sandstorm
|-fieldend|move: Trick Room
|upkeep
|turn|11
|c| AxolotlChamp|maybe replace sylveon with mega uh fox witch
|
|t:|1785868118
|detailschange|p2b: Tyranitar|Tyranitar-Mega, L50, F
|-mega|p2b: Tyranitar|Tyranitar|Tyranitarite
|move|p1a: Sylveon|Detect|p1a: Sylveon
|-singleturn|p1a: Sylveon|Protect
|move|p2a: Excadrill|Iron Head|p1a: Sylveon
|-activate|p1a: Sylveon|move: Protect
|move|p2b: Tyranitar|Rock Slide|p1b: Incineroar|[spread] 
|-activate|p1a: Sylveon|move: Protect
|-miss|p2b: Tyranitar|p1b: Incineroar
|move|p1b: Incineroar|Flare Blitz|p2a: Excadrill
|-supereffective|p2a: Excadrill|1
|-damage|p2a: Excadrill|0 fnt
|faint|p2a: Excadrill
|-damage|p1b: Incineroar|39/100|[from] Recoil
|
|-weather|none
|upkeep
|turn|12
|l| AxolotlChamp
|
|t:|1785868142
|move|p2b: Tyranitar|Rock Slide|p1b: Incineroar|[spread] p1a,p1b
|-supereffective|p1b: Incineroar|1
|-damage|p1a: Sylveon|43/100
|-damage|p1b: Incineroar|0 fnt
|faint|p1b: Incineroar
|cant|p1a: Sylveon|flinch
|
|upkeep
|turn|13
|
|t:|1785868154
|move|p2b: Tyranitar|Rock Slide|p1a: Sylveon
|-damage|p1a: Sylveon|0 fnt
|faint|p1a: Sylveon
|
|win|baggedchikin
||baggedchikin is ready for game 2.
||andiom123 is ready for game 2.
|uhtml|next|Next: Game 2 of 3
|l|☆baggedchikin
|player|p2|
