|j|☆DI2
|j|☆Akkachi
|html|DI2Akkachi    
|uhtml|bestof|Game 3 of a best-of-3
|t:|1782437077
|gametype|doubles
|player|p1|DI2|169|
|player|p2|Akkachi|hilbert|
|gen|9
|tier|[Gen 9 Champions] VGC 2026 Reg M-B (Bo3)
|rule|Species Clause: Limit one of each Pokémon
|rule|Item Clause: Limit 1 of each item
|clearpoke
|poke|p1|Metagross, L50|
|poke|p1|Trevenant, L50, F|
|poke|p1|Alcremie, L50, F|
|poke|p1|Tauros-Paldea-Blaze, L50, M|
|poke|p1|Weavile, L50, F|
|poke|p1|Sableye, L50, F|
|poke|p2|Gengar, L50, M, shiny|
|poke|p2|Sneasler, L50, F|
|poke|p2|Dragonite, L50, M|
|poke|p2|Vivillon-Pokeball, L50, F|
|poke|p2|Ceruledge, L50, M|
|poke|p2|Staraptor, L50, F|
|teampreview|4
|showteam|p1|Metagross||Metagrossite|ClearBody|IronHead,PsychicFangs,IcePunch,Protect|Adamant|||||50|]Trevenant||KasibBerry|Harvest|TrickRoom,HornLeech,Poltergeist,Protect|Brave||F|||50|]Alcremie||SitrusBerry|AromaVeil|DazzlingGleam,DrainingKiss,Decorate,Protect|Calm||F|||50|]Tauros-Paldea-Blaze||ChoiceScarf|Intimidate|FlareBlitz,CloseCombat,HighHorsepower,RockSlide|Adamant||M|||50|]Weavile||WideLens|Pressure|FakeOut,TripleAxel,KnockOff,Protect|Jolly||F|||50|]Sableye||LightClay|Prankster|FoulPlay,Reflect,LightScreen,Quash|Calm||F|||50|
|showteam|p2|Gengar||Gengarite|CursedBody|PerishSong,WillOWisp,ShadowBall,Protect|Modest||M|||50|]Sneasler||WhiteHerb|Unburden|FakeOut,CloseCombat,DireClaw,Protect|Adamant||F|||50|]Dragonite||DragonFang|Multiscale|ExtremeSpeed,DragonClaw,LowKick,Protect|Adamant||M|||50|]Vivillon-Pokeball||FocusSash|CompoundEyes|SleepPowder,RagePowder,Hurricane,Protect|Timid||F|||50|]Ceruledge||ColburBerry|FlashFire|BitterBlade,ShadowSneak,BulkUp,Protect|Adamant||M|||50|]Staraptor||ChoiceScarf|Intimidate|BraveBird,CloseCombat,Uturn,FinalGambit|Jolly||F|||50|
|
|t:|1782437136
|teamsize|p1|4
|teamsize|p2|4
|start
|switch|p1a: Trevenant|Trevenant, L50, F|100/100
|switch|p1b: Sableye|Sableye, L50, F|100/100
|switch|p2a: Vivillon|Vivillon-Pokeball, L50, F|100/100
|switch|p2b: Passaro MCR|Staraptor, L50, F|100/100
|-ability|p2b: Passaro MCR|Intimidate|boost
|-unboost|p1a: Trevenant|atk|1
|-unboost|p1b: Sableye|atk|1
|turn|1
|
|t:|1782437163
|move|p1a: Trevenant|Protect|p1a: Trevenant
|-singleturn|p1a: Trevenant|Protect
|move|p1b: Sableye|Reflect|p1b: Sableye
|-sidestart|p1: DI2|Reflect
|move|p2b: Passaro MCR|U-turn|p1b: Sableye
|-damage|p1b: Sableye|79/100
|
|t:|1782437172
|switch|p2b: Gasparzinho|Gengar, L50, M, shiny|100/100|[from] U-turn
|move|p2a: Vivillon|Sleep Powder|p1a: Trevenant
|-activate|p1a: Trevenant|move: Protect
|
|upkeep
|turn|2
|
|t:|1782437215
|detailschange|p2b: Gasparzinho|Gengar-Mega, L50, M, shiny
|-mega|p2b: Gasparzinho|Gengar|Gengarite
|move|p2a: Vivillon|Rage Powder|p2a: Vivillon
|-singleturn|p2a: Vivillon|move: Rage Powder
|move|p2b: Gasparzinho|Perish Song|p2b: Gasparzinho
|-start|p1a: Trevenant|perish3|[silent]
|-start|p1b: Sableye|perish3|[silent]
|-start|p2a: Vivillon|perish3|[silent]
|-start|p2b: Gasparzinho|perish3|[silent]
|-fieldactivate|move: Perish Song
|move|p1b: Sableye|Foul Play|p2a: Vivillon
|-damage|p2a: Vivillon|65/100
|move|p1a: Trevenant|Trick Room|p1a: Trevenant
|-fieldstart|move: Trick Room|[of] p1a: Trevenant
|
|-start|p1a: Trevenant|perish3
|-start|p1b: Sableye|perish3
|-start|p2a: Vivillon|perish3
|-start|p2b: Gasparzinho|perish3
|upkeep
|turn|3
|
|t:|1782437260
|switch|p1a: Metagross|Metagross, L50|100/100
|move|p2a: Vivillon|Protect|p2a: Vivillon
|-singleturn|p2a: Vivillon|Protect
|move|p2b: Gasparzinho|Protect|p2b: Gasparzinho
|-singleturn|p2b: Gasparzinho|Protect
|move|p1b: Sableye|Light Screen|p1b: Sableye
|-sidestart|p1: DI2|move: Light Screen
|
|-start|p1b: Sableye|perish2
|-start|p2a: Vivillon|perish2
|-start|p2b: Gasparzinho|perish2
|upkeep
|turn|4
|
|t:|1782437279
|detailschange|p1a: Metagross|Metagross-Mega, L50
|-mega|p1a: Metagross|Metagross|Metagrossite
|move|p2a: Vivillon|Rage Powder|p2a: Vivillon
|-singleturn|p2a: Vivillon|move: Rage Powder
|move|p1b: Sableye|Quash||[still]
|-fail|p1b: Sableye
|move|p1a: Metagross|Psychic Fangs|p2a: Vivillon
|-damage|p2a: Vivillon|0 fnt
|faint|p2a: Vivillon
|move|p2b: Gasparzinho|Will-O-Wisp|p1a: Metagross
|-status|p1a: Metagross|brn
|
|-damage|p1a: Metagross|94/100 brn|[from] brn
|-start|p1b: Sableye|perish1
|-start|p2b: Gasparzinho|perish1
|upkeep
|
|t:|1782437297
|switch|p2a: Dragonite|Dragonite, L50, M|100/100
|turn|5
|
|t:|1782437328
|switch|p2b: Passaro MCR|Staraptor, L50, F|100/100
|-ability|p2b: Passaro MCR|Intimidate|boost
|-unboost|p1a: Metagross|atk|1
|-unboost|p1b: Sableye|atk|1
|move|p2a: Dragonite|Protect|p2a: Dragonite
|-singleturn|p2a: Dragonite|Protect
|move|p1b: Sableye|Foul Play|p2a: Dragonite
|-activate|p2a: Dragonite|move: Protect
|move|p1a: Metagross|Ice Punch|p2a: Dragonite
|-activate|p2a: Dragonite|move: Protect
|
|-damage|p1a: Metagross|88/100 brn|[from] brn
|-start|p1b: Sableye|perish0
|faint|p1b: Sableye
|upkeep
|
|t:|1782437342
|switch|p1b: Trevenant|Trevenant, L50, F|100/100
|turn|6
|
|t:|1782437366
|move|p1a: Metagross|Protect|p1a: Metagross
|-singleturn|p1a: Metagross|Protect
|move|p1b: Trevenant|Poltergeist|p2a: Dragonite|[miss]
|-miss|p1b: Trevenant|p2a: Dragonite
|move|p2a: Dragonite|Low Kick|p1a: Metagross
|-activate|p1a: Metagross|move: Protect
|move|p2b: Passaro MCR|Final Gambit|p1a: Metagross
|-activate|p1a: Metagross|move: Protect
|
|-damage|p1a: Metagross|82/100 brn|[from] brn
|-fieldend|move: Trick Room
|upkeep
|turn|7
|
|t:|1782437391
|move|p2b: Passaro MCR|Final Gambit|p1a: Metagross
|-damage|p1a: Metagross|0 fnt
|faint|p2b: Passaro MCR
|faint|p1a: Metagross
|move|p2a: Dragonite|Low Kick|p1b: Trevenant
|-immune|p1b: Trevenant
|move|p1b: Trevenant|Poltergeist|p2a: Dragonite
|-activate|p2a: Dragonite|move: Poltergeist|Dragon Fang
|-damage|p2a: Dragonite|77/100
|
|upkeep
|
|t:|1782437402
|switch|p2b: Gasparzinho|Gengar-Mega, L50, M, shiny|100/100
|switch|p1a: Weavile|Weavile, L50, F|100/100
|-ability|p1a: Weavile|Pressure
|turn|8
|
|t:|1782437423
|move|p1a: Weavile|Knock Off|p2b: Gasparzinho
|-supereffective|p2b: Gasparzinho|1
|-damage|p2b: Gasparzinho|0 fnt
|faint|p2b: Gasparzinho
|move|p2a: Dragonite|Low Kick|p1a: Weavile
|-supereffective|p1a: Weavile|2
|-damage|p1a: Weavile|0 fnt
|faint|p1a: Weavile
|move|p1b: Trevenant|Poltergeist|p2a: Dragonite|[miss]
|-miss|p1b: Trevenant|p2a: Dragonite
|
|-sideend|p1: DI2|Reflect
|upkeep
|turn|9
|
|t:|1782437447
|move|p2a: Dragonite|Dragon Claw|p1b: Trevenant
|-damage|p1b: Trevenant|41/100
|move|p1b: Trevenant|Poltergeist|p2a: Dragonite
|-activate|p2a: Dragonite|move: Poltergeist|Dragon Fang
|-damage|p2a: Dragonite|37/100
|
|upkeep
|turn|10
|
|t:|1782437457
|move|p1b: Trevenant|Protect|p1b: Trevenant
|-singleturn|p1b: Trevenant|Protect
|move|p2a: Dragonite|Dragon Claw|p1b: Trevenant
|-activate|p1b: Trevenant|move: Protect
|
|-sideend|p1: DI2|move: Light Screen
|upkeep
|turn|11
|
|t:|1782437467
|move|p2a: Dragonite|Dragon Claw|p1b: Trevenant
|-damage|p1b: Trevenant|0 fnt
|faint|p1b: Trevenant
|
|win|Akkachi
