|j|☆Crowy09
|j|☆Kotestplayer
|html|Crowy09Kotestplayer    
|uhtml|bestof|Game 3 of a best-of-3
|t:|1786157418
|gametype|doubles
|player|p1|Crowy09|chuck|1092
|player|p2|Kotestplayer|266|1173
|gen|9
|tier|[Gen 9 Champions] VGC 2026 Reg M-B (Bo3)
|rated|
|rule|Species Clause: Limit one of each Pokémon
|rule|Item Clause: Limit 1 of each item
|clearpoke
|poke|p1|Annihilape, L50, M|
|poke|p1|Charizard, L50, M|
|poke|p1|Toxapex, L50, F|
|poke|p1|Metagross, L50|
|poke|p1|Incineroar, L50, M|
|poke|p1|Hydreigon, L50, M|
|poke|p2|Whimsicott, L50, M|
|poke|p2|Garchomp, L50, M|
|poke|p2|Sylveon, L50, F|
|poke|p2|Gholdengo, L50|
|poke|p2|Gyarados, L50, M|
|poke|p2|Raichu, L50, F|
|teampreview|4
|showteam|p1|Annihilape||FocusSash|Defiant|PhantomForce,CloseCombat,RockTomb,Protect|Adamant||M|||50|]Charizard||CharizarditeY|Blaze|HeatWave,WeatherBall,SolarBeam,Protect|Modest||M|||50|]Toxapex||Leftovers|Regenerator|Toxic,Infestation,WideGuard,BanefulBunker|Bold||F|||50|]Metagross||Metagrossite|ClearBody|BulletPunch,PsychicFangs,StompingTantrum,Protect|Jolly|||||50|]Incineroar||SitrusBerry|Intimidate|FlareBlitz,ThroatChop,PartingShot,FakeOut|Impish||M|||50|]Hydreigon||ChoiceScarf|Levitate|DarkPulse,DracoMeteor,Snarl,HeatWave|Modest||M|||50|
|showteam|p2|Whimsicott||FocusSash|Prankster|Moonblast,Tailwind,Encore,Protect|Timid||M|||50|]Garchomp||LifeOrb|RoughSkin|DragonClaw,StompingTantrum,RockSlide,Protect|Jolly||M|||50|]Sylveon||FairyFeather|Pixilate|HyperVoice,HyperBeam,QuickAttack,Detect|Modest||F|||50|]Gholdengo||SitrusBerry|GoodasGold|MakeItRain,ShadowBall,NastyPlot,Protect|Modest|||||50|]Gyarados||Gyaradosite|Intimidate|Waterfall,LashOut,DragonDance,Protect|Adamant||M|||50|]Raichu||RaichuniteY|Static|FakeOut,ZapCannon,FocusBlast,Protect|Timid||F|||50|
|
|t:|1786157436
|teamsize|p1|4
|teamsize|p2|4
|start
|switch|p1a: Metagross|Metagross, L50|100/100
|switch|p1b: Annihilape|Annihilape, L50, M|100/100
|switch|p2a: Garchomp|Garchomp, L50, M|100/100
|switch|p2b: Raichu|Raichu, L50, F|100/100
|turn|1
|
|t:|1786157474
|switch|p1a: Incineroar|Incineroar, L50, M|100/100
|-ability|p1a: Incineroar|Intimidate|boost
|-unboost|p2a: Garchomp|atk|1
|-unboost|p2b: Raichu|atk|1
|detailschange|p2b: Raichu|Raichu-Mega-Y, L50, F
|-mega|p2b: Raichu|Raichu|Raichunite Y
|move|p1b: Annihilape|Protect|p1b: Annihilape
|-singleturn|p1b: Annihilape|Protect
|move|p2b: Raichu|Zap Cannon|p1b: Annihilape
|-activate|p1b: Annihilape|move: Protect
|move|p2a: Garchomp|Stomping Tantrum|p1b: Annihilape
|-activate|p1b: Annihilape|move: Protect
|
|upkeep
|turn|2
|
|t:|1786157497
|move|p2b: Raichu|Protect|p2b: Raichu
|-singleturn|p2b: Raichu|Protect
|move|p2a: Garchomp|Protect|p2a: Garchomp
|-singleturn|p2a: Garchomp|Protect
|move|p1a: Incineroar|Fake Out|p2b: Raichu
|-activate|p2b: Raichu|move: Protect
|move|p1b: Annihilape|Phantom Force||[still]
|-prepare|p1b: Annihilape|Phantom Force
|
|upkeep
|turn|3
|inactive|Battle timer is ON: inactive players will automatically lose when time's up. (requested by Kotestplayer)
|
|t:|1786157521
|switch|p2b: Gyarados|Gyarados, L50, M|100/100
|-ability|p2b: Gyarados|Intimidate|boost
|-unboost|p1a: Incineroar|atk|1
|-unboost|p1b: Annihilape|atk|1
|-ability|p1b: Annihilape|Defiant|boost
|-boost|p1b: Annihilape|atk|2
|move|p2a: Garchomp|Rock Slide|p1a: Incineroar|[spread] p1a
|-miss|p2a: Garchomp|p1b: Annihilape
|-supereffective|p1a: Incineroar|1
|-damage|p1a: Incineroar|74/100
|-damage|p2a: Garchomp|90/100|[from] item: Life Orb
|move|p1b: Annihilape|Phantom Force|p2b: Gyarados|[from] lockedmove
|-damage|p2b: Gyarados|24/100
|move|p1a: Incineroar|Parting Shot|p2a: Garchomp
|-unboost|p2a: Garchomp|atk|1
|-unboost|p2a: Garchomp|spa|1
|
|t:|1786157538
|switch|p1a: Toxapex|Toxapex, L50, F|100/100|[from] Parting Shot
|
|upkeep
|turn|4
|
|t:|1786157555
|switch|p2a: Raichu|Raichu-Mega-Y, L50, F|100/100
|move|p1b: Annihilape|Rock Tomb|p2b: Gyarados
|-supereffective|p2b: Gyarados|1
|-damage|p2b: Gyarados|0 fnt
|faint|p2b: Gyarados
|move|p1a: Toxapex|Toxic|p2a: Raichu
|-status|p2a: Raichu|tox
|
|-damage|p2a: Raichu|93/100 tox|[from] psn
|upkeep
|
|t:|1786157567
|switch|p2b: Gholdengo|Gholdengo, L50|100/100
|turn|5
|
|t:|1786157584
|move|p1a: Toxapex|Baneful Bunker|p1a: Toxapex
|-singleturn|p1a: Toxapex|move: Protect
|move|p2a: Raichu|Zap Cannon|p1b: Annihilape
|-damage|p1b: Annihilape|25/100
|-status|p1b: Annihilape|par
|move|p2b: Gholdengo|Nasty Plot|p2b: Gholdengo
|-boost|p2b: Gholdengo|spa|2
|move|p1b: Annihilape|Phantom Force||[still]
|-prepare|p1b: Annihilape|Phantom Force
|
|-damage|p2a: Raichu|81/100 tox|[from] psn
|upkeep
|turn|6
|
|t:|1786157608
|switch|p2b: Garchomp|Garchomp, L50, M|90/100
|switch|p1a: Incineroar|Incineroar, L50, M|74/100
|-ability|p1a: Incineroar|Intimidate|boost
|-unboost|p2a: Raichu|atk|1
|-unboost|p2b: Garchomp|atk|1
|move|p2a: Raichu|Zap Cannon|p1a: Incineroar
|-damage|p1a: Incineroar|11/100
|-status|p1a: Incineroar|par
|-enditem|p1a: Incineroar|Sitrus Berry|[eat]
|-heal|p1a: Incineroar|36/100 par|[from] item: Sitrus Berry
|move|p1b: Annihilape|Phantom Force|p2b: Garchomp|[from] lockedmove
|-damage|p2b: Garchomp|24/100
|-damage|p1b: Annihilape|13/100 par|[from] ability: Rough Skin|[of] p2b: Garchomp
|
|-damage|p2a: Raichu|63/100 tox|[from] psn
|upkeep
|turn|7
|inactive|Crowy09 has 30 seconds left.
|inactive|Crowy09 has 20 seconds left.
|
|t:|1786157644
|move|p1a: Incineroar|Fake Out|p2b: Garchomp
|-damage|p2b: Garchomp|12/100
|-damage|p1a: Incineroar|24/100 par|[from] ability: Rough Skin|[of] p2b: Garchomp
|move|p2a: Raichu|Zap Cannon|p1b: Annihilape
|-damage|p1b: Annihilape|0 fnt
|faint|p1b: Annihilape
|cant|p2b: Garchomp|flinch
|
|-damage|p2a: Raichu|38/100 tox|[from] psn
|upkeep
|l|☆Kotestplayer
|inactive|Kotestplayer disconnected and has a minute to reconnect!
|player|p2|
|
|t:|1786157656
|switch|p1b: Toxapex|Toxapex, L50, F|100/100
|turn|8
|inactive|Kotestplayer has 30 seconds left.
|inactive|Kotestplayer has 20 seconds left.
|inactive|Kotestplayer has 15 seconds left.
|inactive|Kotestplayer has 10 seconds left.
|inactive|Kotestplayer has 5 seconds left.
|-message|Kotestplayer lost due to inactivity.
|
|win|Crowy09
|raw|Crowy09's rating: 1092 → 1124(+32 for winning)
|raw|Kotestplayer's rating: 1173 → 1142(-31 for losing)
