|j|☆RickCtrl
|j|☆Dippiedaan
|html|RickCtrlDippiedaan    
|uhtml|bestof|Game 3 of a best-of-3
|t:|1756848723
|gametype|doubles
|player|p1|RickCtrl|266|1182
|player|p2|Dippiedaan|102|1090
|gen|9
|tier|[Gen 9] VGC 2025 Reg H (Bo3)
|rated|
|rule|Species Clause: Limit one of each Pokémon
|rule|Item Clause: Limit 1 of each item
|clearpoke
|poke|p1|Indeedee, L50, M|
|poke|p1|Sneasler, L50, F|
|poke|p1|Ursaluna-Bloodmoon, L50, M|
|poke|p1|Electabuzz, L50, M|
|poke|p1|Talonflame, L50, M|
|poke|p1|Bellibolt, L50, M|
|poke|p2|Incineroar, L50, F|
|poke|p2|Ursaluna-Bloodmoon, L50, M|
|poke|p2|Ninetales-Alola, L50, F|
|poke|p2|Sneasler, L50, M|
|poke|p2|Rillaboom, L50, M|
|poke|p2|Dragonite, L50, F|
|teampreview|4
|showteam|p1|Indeedee||FocusSash|PsychicSurge|ExpandingForce,TeraBlast,Protect,TrickRoom|||M|||50|,,,,,Fighting]Sneasler||PsychicSeed|Unburden|Protect,DireClaw,CloseCombat,ThroatChop|||F|||50|,,,,,Dark]Ursaluna-Bloodmoon||LifeOrb|MindsEye|BloodMoon,HyperVoice,EarthPower,Protect|||M|||50|,,,,,Normal]Electabuzz||Eviolite|VitalSpirit|Protect,Taunt,FollowMe,Electroweb|||M|||50|,,,,,Fairy]Talonflame||CovertCloak|GaleWings|Tailwind,WillOWisp,DualWingbeat,FlareBlitz|||M|||50|,,,,,Stellar]Bellibolt||Leftovers|Electromorphosis|Protect,MuddyWater,ParabolicCharge,ChargeBeam|||M|||50|,,,,,Water
|showteam|p2|Incineroar||SafetyGoggles|Intimidate|FakeOut,KnockOff,PartingShot,Taunt|||F|||50|,,,,,Ghost]Ursaluna-Bloodmoon||AssaultVest|MindsEye|BloodMoon,EarthPower,HyperVoice,VacuumWave|||M|||50|,,,,,Water]Ninetales-Alola||LightClay|SnowWarning|Blizzard,AuroraVeil,Moonblast,Protect|||F|||50|,,,,,Water]Sneasler||GrassySeed|Unburden|CloseCombat,DireClaw,Protect,ThroatChop|||M|||50|,,,,,Dark]Rillaboom||MiracleSeed|GrassySurge|WoodHammer,GrassyGlide,HighHorsepower,FakeOut|||M|||50|,,,,,Water]Dragonite||LoadedDice|InnerFocus|ScaleShot,Protect,Tailwind,ExtremeSpeed|||F|||50|,,,,,Normal
|inactive|Battle timer is ON: inactive players will automatically lose when time's up. (requested by RickCtrl)
|inactive|Dippiedaan has 60 seconds left.
|
|t:|1756848807
|teamsize|p1|4
|teamsize|p2|4
|start
|switch|p1a: Talonflame|Talonflame, L50, M, shiny|100/100
|switch|p1b: Ursaluna|Ursaluna-Bloodmoon, L50, M|100/100
|switch|p2a: Dragonite|Dragonite, L50, F|100/100
|switch|p2b: Ninetales|Ninetales-Alola, L50, F|100/100
|-weather|Snowscape|[from] ability: Snow Warning|[of] p2b: Ninetales
|turn|1
|inactive|RickCtrl has 30 seconds left.
|inactive|RickCtrl has 20 seconds left.
|
|t:|1756848842
|-terastallize|p1b: Ursaluna|Normal
|move|p1a: Talonflame|Tailwind|p1a: Talonflame
|-sidestart|p1: RickCtrl|move: Tailwind
|move|p1b: Ursaluna|Blood Moon|p2b: Ninetales
|-damage|p2b: Ninetales|0 fnt
|faint|p2b: Ninetales
|-damage|p1b: Ursaluna|91/100|[from] item: Life Orb
|move|p2a: Dragonite|Scale Shot|p1a: Talonflame
|-damage|p1a: Talonflame|80/100
|-crit|p1a: Talonflame
|-damage|p1a: Talonflame|45/100
|-damage|p1a: Talonflame|23/100
|-damage|p1a: Talonflame|2/100
|-damage|p1a: Talonflame|0 fnt
|faint|p1a: Talonflame
|-hitcount|p1: Talonflame|5
|-unboost|p2a: Dragonite|def|1
|-boost|p2a: Dragonite|spe|1
|
|-weather|Snowscape|[upkeep]
|upkeep
|inactive|RickCtrl has 30 seconds left.
|inactive|RickCtrl has 20 seconds left.
|
|t:|1756848879
|switch|p1a: Bellibolt|Bellibolt, L50, M|100/100
|switch|p2b: Rillaboom|Rillaboom, L50, M|100/100
|-fieldstart|move: Grassy Terrain|[from] ability: Grassy Surge|[of] p2b: Rillaboom
|turn|2
|inactive|Dippiedaan has 30 seconds left.
|
|t:|1756848904
|move|p1b: Ursaluna|Protect|p1b: Ursaluna
|-singleturn|p1b: Ursaluna|Protect
|move|p2b: Rillaboom|Fake Out|p1a: Bellibolt
|-damage|p1a: Bellibolt|88/100
|-start|p1a: Bellibolt|Charge|Fake Out|[from] ability: Electromorphosis
|move|p2a: Dragonite|Scale Shot|p1b: Ursaluna
|-activate|p1b: Ursaluna|move: Protect
|cant|p1a: Bellibolt|flinch
|-end|p1a: Bellibolt|Charge|[silent]
|
|-weather|Snowscape|[upkeep]
|-heal|p1b: Ursaluna|97/100|[from] Grassy Terrain
|-heal|p1a: Bellibolt|94/100|[from] Grassy Terrain
|-heal|p1a: Bellibolt|99/100|[from] item: Leftovers
|upkeep
|turn|3
|inactive|Dippiedaan has 30 seconds left.
|
|t:|1756848930
|switch|p1b: Indeedee|Indeedee, L50, M, shiny|100/100
|-fieldstart|move: Psychic Terrain|[from] ability: Psychic Surge|[of] p1b: Indeedee
|move|p2a: Dragonite|Protect|p2a: Dragonite
|-singleturn|p2a: Dragonite|Protect
|move|p1a: Bellibolt|Charge Beam|p2a: Dragonite
|-activate|p2a: Dragonite|move: Protect
|move|p2b: Rillaboom|Wood Hammer|p1b: Indeedee
|-enditem|p1b: Indeedee|Focus Sash
|-damage|p1b: Indeedee|1/100
|-damage|p2b: Rillaboom|78/100|[from] Recoil
|
|-weather|Snowscape|[upkeep]
|-heal|p1a: Bellibolt|100/100|[from] item: Leftovers
|upkeep
|turn|4
|inactive|Dippiedaan has 30 seconds left.
|inactive|Dippiedaan has 20 seconds left.
|inactive|Dippiedaan has 15 seconds left.
|inactive|Dippiedaan has 10 seconds left.
|
|t:|1756848979
|switch|p2b: Sneasler|Sneasler, L50, M|100/100
|-terastallize|p2a: Dragonite|Normal
|move|p1b: Indeedee|Expanding Force|p2b: Sneasler|[spread] p2a,p2b
|-supereffective|p2b: Sneasler
|-damage|p2a: Dragonite|53/100
|-damage|p2b: Sneasler|0 fnt
|faint|p2b: Sneasler
|move|p2a: Dragonite|Scale Shot|p1a: Bellibolt
|-damage|p1a: Bellibolt|88/100
|-start|p1a: Bellibolt|Charge|Scale Shot|[from] ability: Electromorphosis
|-damage|p1a: Bellibolt|76/100
|-start|p1a: Bellibolt|Charge|Scale Shot|[from] ability: Electromorphosis
|-damage|p1a: Bellibolt|65/100
|-start|p1a: Bellibolt|Charge|Scale Shot|[from] ability: Electromorphosis
|-damage|p1a: Bellibolt|53/100
|-start|p1a: Bellibolt|Charge|Scale Shot|[from] ability: Electromorphosis
|-damage|p1a: Bellibolt|42/100
|-start|p1a: Bellibolt|Charge|Scale Shot|[from] ability: Electromorphosis
|-hitcount|p1a: Bellibolt|5
|-unboost|p2a: Dragonite|def|1
|-boost|p2a: Dragonite|spe|1
|move|p1a: Bellibolt|Charge Beam|p2a: Dragonite
|-damage|p2a: Dragonite|16/100
|-boost|p1a: Bellibolt|spa|1
|-end|p1a: Bellibolt|Charge|[silent]
|
|-weather|Snowscape|[upkeep]
|-heal|p1a: Bellibolt|48/100|[from] item: Leftovers
|-sideend|p1: RickCtrl|move: Tailwind
|upkeep
|inactive|Dippiedaan has 30 seconds left.
|
|t:|1756849006
|switch|p2b: Rillaboom|Rillaboom, L50, M|78/100
|-fieldstart|move: Grassy Terrain|[from] ability: Grassy Surge|[of] p2b: Rillaboom
|turn|5
|
|t:|1756849028
|move|p1b: Indeedee|Protect|p1b: Indeedee
|-singleturn|p1b: Indeedee|Protect
|move|p1a: Bellibolt|Protect|p1a: Bellibolt
|-singleturn|p1a: Bellibolt|Protect
|move|p2a: Dragonite|Scale Shot|p1b: Indeedee
|-activate|p1b: Indeedee|move: Protect
|move|p2b: Rillaboom|High Horsepower|p1a: Bellibolt
|-activate|p1a: Bellibolt|move: Protect
|
|-weather|none
|-heal|p2a: Dragonite|22/100|[from] Grassy Terrain
|-heal|p1b: Indeedee|7/100|[from] Grassy Terrain
|-heal|p2b: Rillaboom|84/100|[from] Grassy Terrain
|-heal|p1a: Bellibolt|54/100|[from] Grassy Terrain
|-heal|p1a: Bellibolt|60/100|[from] item: Leftovers
|upkeep
|turn|6
|inactive|RickCtrl has 30 seconds left.
|inactive|Dippiedaan has 30 seconds left.
|
|t:|1756849064
|move|p2a: Dragonite|Scale Shot|p1b: Indeedee|[miss]
|-miss|p2a: Dragonite|p1b: Indeedee
|move|p1b: Indeedee|Expanding Force|p2b: Rillaboom
|-damage|p2b: Rillaboom|40/100
|move|p2b: Rillaboom|High Horsepower|p1a: Bellibolt
|-supereffective|p1a: Bellibolt
|-damage|p1a: Bellibolt|4/100
|-start|p1a: Bellibolt|Charge|High Horsepower|[from] ability: Electromorphosis
|move|p1a: Bellibolt|Parabolic Charge|p2b: Rillaboom|[spread] p1b,p2a,p2b
|-resisted|p2b: Rillaboom
|-damage|p1b: Indeedee|0 fnt
|-heal|p1a: Bellibolt|6/100|[from] drain|[of] p1b: Indeedee
|-damage|p2a: Dragonite|0 fnt
|-heal|p1a: Bellibolt|16/100|[from] drain|[of] p2a: Dragonite
|-damage|p2b: Rillaboom|2/100
|-heal|p1a: Bellibolt|34/100|[from] drain|[of] p2b: Rillaboom
|faint|p1b: Indeedee
|faint|p2a: Dragonite
|-end|p1a: Bellibolt|Charge|[silent]
|
|-heal|p2b: Rillaboom|8/100|[from] Grassy Terrain
|-heal|p1a: Bellibolt|40/100|[from] Grassy Terrain
|-heal|p1a: Bellibolt|46/100|[from] item: Leftovers
|upkeep
|
|t:|1756849088
|switch|p1b: Ursaluna|Ursaluna-Bloodmoon, L50, M, tera:Normal|97/100
|turn|7
|
|t:|1756849098
|move|p1b: Ursaluna|Protect|p1b: Ursaluna
|-singleturn|p1b: Ursaluna|Protect
|move|p1a: Bellibolt|Protect|p1a: Bellibolt
|-singleturn|p1a: Bellibolt|Protect
|move|p2b: Rillaboom|Wood Hammer|p1b: Ursaluna
|-activate|p1b: Ursaluna|move: Protect
|
|-heal|p2b: Rillaboom|14/100|[from] Grassy Terrain
|-heal|p1b: Ursaluna|100/100|[from] Grassy Terrain
|-heal|p1a: Bellibolt|52/100|[from] Grassy Terrain
|-heal|p1a: Bellibolt|58/100|[from] item: Leftovers
|upkeep
|turn|8
|
|t:|1756849120
|move|p2b: Rillaboom|Wood Hammer|p1b: Ursaluna
|-damage|p1b: Ursaluna|14/100
|-damage|p2b: Rillaboom|0 fnt|[from] Recoil
|faint|p2b: Rillaboom
|
|win|RickCtrl
|raw|RickCtrl's rating: 1182 → 1201(+19 for winning)
|raw|Dippiedaan's rating: 1090 → 1073(-17 for losing)
