|j|☆DttDMarce
|j|☆BelinVGC
|html|DttDMarceBelinVGC    
|uhtml|bestof|Game 1 of a best-of-3
|t:|1784306374
|gametype|doubles
|player|p1|DttDMarce|169|1167
|player|p2|BelinVGC|265|1170
|gen|9
|tier|[Gen 9 Champions] VGC 2026 Reg M-B (Bo3)
|rated|
|rule|Species Clause: Limit one of each Pokémon
|rule|Item Clause: Limit 1 of each item
|clearpoke
|poke|p1|Charizard, L50, M|
|poke|p1|Kingambit, L50, F|
|poke|p1|Sylveon, L50, M|
|poke|p1|Garchomp, L50, F|
|poke|p1|Aerodactyl, L50, F|
|poke|p1|Farigiraf, L50, F|
|poke|p2|Swampert, L50, M|
|poke|p2|Pelipper, L50, M|
|poke|p2|Archaludon, L50, M|
|poke|p2|Venusaur, L50, M|
|poke|p2|Maushold-Four, L50|
|poke|p2|Gholdengo, L50|
|teampreview|4
|showteam|p1|Charizard||CharizarditeY|SolarPower|Protect,HeatWave,SolarBeam,WeatherBall|Modest||M|||50|]Kingambit||FocusSash|Defiant|IronHead,SuckerPunch,KowtowCleave,LowKick|Adamant||F|||50|]Sylveon||FairyFeather|Pixilate|Detect,HyperVoice,HyperBeam,QuickAttack|Modest||M|||50|]Garchomp||LifeOrb|RoughSkin|Protect,DragonClaw,Earthquake,RockSlide|Jolly||F|||50|]Aerodactyl||Aerodactylite|Unnerve|IceFang,RockSlide,Tailwind,DualWingbeat|Jolly||F|||50|]Farigiraf||SitrusBerry|ArmorTail|TrickRoom,Psychic,Thunderbolt,Roar|Bold||F|||50|
|showteam|p2|Swampert||Swampertite|Torrent|WaveCrash,HighHorsepower,IcePunch,Protect|Adamant||M|||50|]Pelipper||SitrusBerry|Drizzle|WeatherBall,Hurricane,Tailwind,WideGuard|Modest||M|||50|]Archaludon||Leftovers|Stamina|ElectroShot,DragonPulse,FlashCannon,Protect|Calm||M|||50|]Venusaur||Venusaurite|Chlorophyll|GigaDrain,EarthPower,SludgeBomb,Protect|Modest||M|||50|]Maushold-Four||FocusSash|FriendGuard|FollowMe,SuperFang,RainDance,Protect|Timid|||||50|]Gholdengo||LifeOrb|GoodasGold|MakeItRain,ShadowBall,NastyPlot,Protect|Modest|||||50|
|
|t:|1784306426
|teamsize|p1|4
|teamsize|p2|4
|start
|switch|p1a: Farigiraf|Farigiraf, L50, F|100/100
|switch|p1b: Sylveon|Sylveon, L50, M|100/100
|switch|p2a: Maushold|Maushold-Four, L50|100/100
|switch|p2b: Venusaur|Venusaur, L50, M|100/100
|turn|1
|
|t:|1784306448
|detailschange|p2b: Venusaur|Venusaur-Mega, L50, M
|-mega|p2b: Venusaur|Venusaur|Venusaurite
|move|p1b: Sylveon|Detect|p1b: Sylveon
|-singleturn|p1b: Sylveon|Protect
|move|p2a: Maushold|Super Fang|p1a: Farigiraf
|-damage|p1a: Farigiraf|50/100y
|-enditem|p1a: Farigiraf|Sitrus Berry|[eat]
|-heal|p1a: Farigiraf|75/100|[from] item: Sitrus Berry
|move|p2b: Venusaur|Sludge Bomb|p1a: Farigiraf
|-crit|p1a: Farigiraf
|-damage|p1a: Farigiraf|15/100
|move|p1a: Farigiraf|Psychic|p2b: Venusaur
|-supereffective|p2b: Venusaur|1
|-crit|p2b: Venusaur
|-damage|p2b: Venusaur|34/100
|
|upkeep
|turn|2
|
|t:|1784306514
|switch|p1b: Kingambit|Kingambit, L50, F|100/100
|move|p2a: Maushold|Super Fang|p1b: Kingambit
|-damage|p1b: Kingambit|50/100g
|move|p2b: Venusaur|Giga Drain|p1a: Farigiraf
|-damage|p1a: Farigiraf|0 fnt
|-heal|p2b: Venusaur|44/100|[from] drain|[of] p1a: Farigiraf
|faint|p1a: Farigiraf
|
|upkeep
|
|t:|1784306523
|switch|p1a: Charizard|Charizard, L50, M|100/100
|turn|3
|
|t:|1784306548
|detailschange|p1a: Charizard|Charizard-Mega-Y, L50, M
|-mega|p1a: Charizard|Charizard|Charizardite Y
|-weather|SunnyDay|[from] ability: Drought|[of] p1a: Charizard
|move|p2b: Venusaur|Protect|p2b: Venusaur
|-singleturn|p2b: Venusaur|Protect
|move|p1b: Kingambit|Sucker Punch||[still]
|-fail|p1b: Kingambit
|move|p2a: Maushold|Rain Dance|p2a: Maushold
|-weather|RainDance
|move|p1a: Charizard|Heat Wave|p2a: Maushold|[spread] p2a
|-activate|p2b: Venusaur|move: Protect
|-damage|p2a: Maushold|75/100
|
|-weather|RainDance|[upkeep]
|upkeep
|turn|4
|
|t:|1784306596
|move|p1b: Kingambit|Sucker Punch|p2b: Venusaur
|-damage|p2b: Venusaur|17/100
|move|p2a: Maushold|Super Fang|p1a: Charizard
|-damage|p1a: Charizard|50/100g
|move|p1a: Charizard|Weather Ball|p2a: Maushold
|-damage|p2a: Maushold|6/100
|move|p2b: Venusaur|Sludge Bomb|p1a: Charizard
|-damage|p1a: Charizard|7/100
|
|-weather|RainDance|[upkeep]
|upkeep
|turn|5
|
|t:|1784306613
|move|p1a: Charizard|Protect|p1a: Charizard
|-singleturn|p1a: Charizard|Protect
|move|p2a: Maushold|Follow Me|p2a: Maushold
|-singleturn|p2a: Maushold|move: Follow Me
|move|p1b: Kingambit|Sucker Punch||[still]
|-fail|p1b: Kingambit
|move|p2b: Venusaur|Earth Power|p1b: Kingambit
|-supereffective|p1b: Kingambit|1
|-damage|p1b: Kingambit|0 fnt
|faint|p1b: Kingambit
|
|-weather|RainDance|[upkeep]
|upkeep
|
|t:|1784306624
|switch|p1b: Sylveon|Sylveon, L50, M|100/100
|turn|6
|
|t:|1784306644
|move|p1b: Sylveon|Quick Attack|p2b: Venusaur
|-resisted|p2b: Venusaur|1
|-damage|p2b: Venusaur|14/100
|move|p2a: Maushold|Super Fang|p1b: Sylveon
|-damage|p1b: Sylveon|50/100g
|move|p1a: Charizard|Heat Wave|p2b: Venusaur|[spread] p2a,p2b
|-supereffective|p2b: Venusaur|1
|-damage|p2a: Maushold|0 fnt
|-damage|p2b: Venusaur|2/100
|faint|p2a: Maushold
|move|p2b: Venusaur|Sludge Bomb|p1b: Sylveon
|-supereffective|p1b: Sylveon|1
|-damage|p1b: Sylveon|0 fnt
|faint|p1b: Sylveon
|
|-weather|RainDance|[upkeep]
|upkeep
|
|t:|1784306654
|switch|p2a: Archaludon|Archaludon, L50, M|100/100
|turn|7
|
|t:|1784306666
|move|p1a: Charizard|Heat Wave|p2b: Venusaur|[spread] p2a,p2b
|-supereffective|p2b: Venusaur|1
|-crit|p2b: Venusaur
|-damage|p2a: Archaludon|81/100
|-damage|p2b: Venusaur|0 fnt
|-ability|p2a: Archaludon|Stamina|boost
|-boost|p2a: Archaludon|def|1
|faint|p2b: Venusaur
|move|p2a: Archaludon|Electro Shot||[still]
|-prepare|p2a: Archaludon|Electro Shot
|-boost|p2a: Archaludon|spa|1
|-anim|p2a: Archaludon|Electro Shot|p1a: Charizard
|-supereffective|p1a: Charizard|1
|-damage|p1a: Charizard|0 fnt
|faint|p1a: Charizard
|
|win|BelinVGC
||BelinVGC is ready for game 2.
||DttDMarce is ready for game 2.
|uhtml|next|Next: Game 2 of 3
|l|☆BelinVGC
|player|p2|
