|j|☆ChimpDoppio
|j|☆lildueldisk
|html|ChimpDoppiolildueldisk    
|uhtml|bestof|Game 2 of a best-of-3
|t:|1757186439
|gametype|doubles
|player|p1|ChimpDoppio|ingo|1157
|player|p2|lildueldisk|burglar|1216
|gen|9
|tier|[Gen 9] VGC 2025 Reg H (Bo3)
|rated|
|rule|Species Clause: Limit one of each Pokémon
|rule|Item Clause: Limit 1 of each item
|clearpoke
|poke|p1|Porygon2, L50|
|poke|p1|Ursaluna, L50, F|
|poke|p1|Volcarona, L50, F|
|poke|p1|Grimmsnarl, L50, M|
|poke|p1|Annihilape, L50, M|
|poke|p1|Hydreigon, L50, F|
|poke|p2|Dragonite, L50, F|
|poke|p2|Garchomp, L50, M|
|poke|p2|Ninetales-Alola, L50, M|
|poke|p2|Incineroar, L50, M|
|poke|p2|Kingambit, L50, F|
|poke|p2|Amoonguss, L50, F|
|teampreview|4
|showteam|p1|Porygon2||Eviolite|Download|IceBeam,TeraBlast,Recover,TrickRoom||||||50|,,,,,Flying]Ursaluna||FlameOrb|Guts|Facade,Earthquake,HeadlongRush,Protect|||F|||50|,,,,,Ghost]Volcarona||SitrusBerry|FlameBody|GigaDrain,HeatWave,QuiverDance,RagePowder|||F|||50|,,,,,Dragon]Grimmsnarl||LightClay|Prankster|SpiritBreak,Reflect,LightScreen,PartingShot|||M|||50|,,,,,Ghost]Annihilape||SafetyGoggles|Defiant|Protect,BulkUp,DrainPunch,RageFist|||M|||50|,,,,,Water]Hydreigon||AssaultVest|Levitate|DracoMeteor,DarkPulse,EarthPower,FlashCannon|||F|||50|,,,,,Steel
|showteam|p2|Dragonite||LumBerry|InnerFocus|TeraBlast,ExtremeSpeed,LowKick,Protect|||F|||50|,,,,,Flying]Garchomp||LifeOrb|SandVeil|DragonClaw,Earthquake,StompingTantrum,Protect|||M|||50|,,,,,Steel]Ninetales-Alola||FocusSash|SnowWarning|Blizzard,FreezeDry,Encore,Protect|||M|||50|,,,,,Ice]Incineroar||SafetyGoggles|Intimidate|FlareBlitz,KnockOff,PartingShot,FakeOut|||M|||50|,,,,,Ghost]Kingambit||AssaultVest|Defiant|KowtowCleave,SuckerPunch,IronHead,LowKick|||F|||50|,,,,,Dark]Amoonguss||SitrusBerry|Regenerator|Spore,RagePowder,PollenPuff,ClearSmog|||F|||50|,,,,,Water
|inactive|Battle timer is ON: inactive players will automatically lose when time's up. (requested by ChimpDoppio)
|inactive|ChimpDoppio has 60 seconds left.
|
|t:|1757186483
|teamsize|p1|4
|teamsize|p2|4
|start
|switch|p1a: Grimmsnarl|Grimmsnarl, L50, M|100/100
|switch|p1b: Porygon2|Porygon2, L50, shiny|100/100
|switch|p2a: Dragonite|Dragonite, L50, F|100/100
|switch|p2b: Garchomp|Garchomp, L50, M|100/100
|-ability|p1b: Porygon2|Download|boost
|-boost|p1b: Porygon2|spa|1
|turn|1
|inactive|lildueldisk has 30 seconds left.
|inactive|lildueldisk has 20 seconds left.
|inactive|lildueldisk has 15 seconds left.
|inactive|lildueldisk has 10 seconds left.
|
|t:|1757186533
|-terastallize|p2b: Garchomp|Steel
|move|p2a: Dragonite|Protect|p2a: Dragonite
|-singleturn|p2a: Dragonite|Protect
|move|p1a: Grimmsnarl|Reflect|p1a: Grimmsnarl
|-sidestart|p1: ChimpDoppio|Reflect
|move|p2b: Garchomp|Earthquake|p1b: Porygon2|[spread] p1a,p1b
|-activate|p2a: Dragonite|move: Protect
|-damage|p1a: Grimmsnarl|59/100
|-damage|p1b: Porygon2|79/100
|-damage|p2b: Garchomp|91/100|[from] item: Life Orb
|move|p1b: Porygon2|Ice Beam|p2b: Garchomp
|-resisted|p2b: Garchomp
|-damage|p2b: Garchomp|72/100
|
|upkeep
|turn|2
|inactive|lildueldisk has 30 seconds left.
|
|t:|1757186561
|switch|p2a: Ninetales|Ninetales-Alola, L50, M|100/100
|-weather|Snowscape|[from] ability: Snow Warning|[of] p2a: Ninetales
|move|p1a: Grimmsnarl|Parting Shot|p2b: Garchomp
|-unboost|p2b: Garchomp|atk|1
|-unboost|p2b: Garchomp|spa|1
|
|t:|1757186570
|switch|p1a: Ursaluna|Ursaluna, L50, F|100/100|[from] Parting Shot
|move|p2b: Garchomp|Stomping Tantrum|p1b: Porygon2
|-damage|p1b: Porygon2|62/100
|-damage|p2b: Garchomp|62/100|[from] item: Life Orb
|move|p1b: Porygon2|Ice Beam|p2a: Ninetales
|-resisted|p2a: Ninetales
|-crit|p2a: Ninetales
|-damage|p2a: Ninetales|66/100
|
|-weather|Snowscape|[upkeep]
|-status|p1a: Ursaluna|brn|[from] item: Flame Orb
|upkeep
|turn|3
|
|t:|1757186587
|switch|p2b: Incineroar|Incineroar, L50, M|100/100
|-ability|p2b: Incineroar|Intimidate|boost
|-unboost|p1a: Ursaluna|atk|1
|-unboost|p1b: Porygon2|atk|1
|move|p1a: Ursaluna|Protect|p1a: Ursaluna
|-singleturn|p1a: Ursaluna|Protect
|move|p2a: Ninetales|Blizzard|p1a: Ursaluna|[spread] p1b
|-activate|p1a: Ursaluna|move: Protect
|-damage|p1b: Porygon2|44/100
|-status|p1b: Porygon2|frz
|cant|p1b: Porygon2|frz
|
|-weather|Snowscape|[upkeep]
|-damage|p1a: Ursaluna|95/100 brn|[from] brn
|upkeep
|turn|4
|inactive|lildueldisk has 30 seconds left.
|
|t:|1757186613
|switch|p1a: Grimmsnarl|Grimmsnarl, L50, M|59/100
|move|p2a: Ninetales|Blizzard|p1b: Porygon2|[spread] p1a,p1b
|-damage|p1a: Grimmsnarl|36/100
|-damage|p1b: Porygon2|27/100 frz
|-status|p1a: Grimmsnarl|frz
|move|p2b: Incineroar|Flare Blitz|p1a: Grimmsnarl
|-damage|p1a: Grimmsnarl|0 fnt
|faint|p1a: Grimmsnarl
|-damage|p2b: Incineroar|89/100|[from] Recoil
|-curestatus|p1b: Porygon2|frz|[msg]
|move|p1b: Porygon2|Trick Room|p1b: Porygon2
|-fieldstart|move: Trick Room|[of] p1b: Porygon2
|
|-weather|Snowscape|[upkeep]
|upkeep
|
|t:|1757186626
|switch|p1a: Ursaluna|Ursaluna, L50, F|95/100 brn
|turn|5
|
|t:|1757186650
|switch|p2b: Dragonite|Dragonite, L50, F|100/100
|move|p2a: Ninetales|Protect|p2a: Ninetales
|-singleturn|p2a: Ninetales|Protect
|move|p1a: Ursaluna|Facade|p2a: Ninetales
|-activate|p2a: Ninetales|move: Protect
|move|p1b: Porygon2|Recover|p1b: Porygon2
|-heal|p1b: Porygon2|77/100
|
|-weather|Snowscape|[upkeep]
|-damage|p1a: Ursaluna|89/100 brn|[from] brn
|upkeep
|turn|6
|inactive|ChimpDoppio has 30 seconds left.
|
|t:|1757186684
|switch|p1b: Annihilape|Annihilape, L50, M, shiny|100/100
|switch|p2a: Incineroar|Incineroar, L50, M|89/100
|-ability|p2a: Incineroar|Intimidate|boost
|-unboost|p1a: Ursaluna|atk|1
|-unboost|p1b: Annihilape|atk|1
|-ability|p1b: Annihilape|Defiant|boost
|-boost|p1b: Annihilape|atk|2
|move|p2b: Dragonite|Protect|p2b: Dragonite
|-singleturn|p2b: Dragonite|Protect
|move|p1a: Ursaluna|Facade|p2a: Incineroar
|-damage|p2a: Incineroar|27/100
|
|-weather|none
|-damage|p1a: Ursaluna|83/100 brn|[from] brn
|upkeep
|turn|7
|inactive|ChimpDoppio has 30 seconds left.
|inactive|lildueldisk has 30 seconds left.
|inactive|lildueldisk has 20 seconds left.
|
|t:|1757186721
|switch|p1a: Porygon2|Porygon2, L50, shiny|77/100
|-ability|p1a: Porygon2|Download|boost
|-boost|p1a: Porygon2|atk|1
|switch|p2b: Ninetales|Ninetales-Alola, L50, M|66/100
|-weather|Snowscape|[from] ability: Snow Warning|[of] p2b: Ninetales
|-terastallize|p1b: Annihilape|Water
|move|p2a: Incineroar|Knock Off|p1b: Annihilape
|-damage|p1b: Annihilape|76/100
|-enditem|p1b: Annihilape|Safety Goggles|[from] move: Knock Off|[of] p2a: Incineroar
|move|p1b: Annihilape|Bulk Up|p1b: Annihilape
|-boost|p1b: Annihilape|atk|1
|-boost|p1b: Annihilape|def|1
|
|-weather|Snowscape|[upkeep]
|upkeep
|turn|8
|inactive|ChimpDoppio has 30 seconds left.
|inactive|lildueldisk has 30 seconds left.
|inactive|ChimpDoppio has 20 seconds left.
|
|t:|1757186759
|switch|p2a: Dragonite|Dragonite, L50, F|100/100
|move|p2b: Ninetales|Protect|p2b: Ninetales
|-singleturn|p2b: Ninetales|Protect
|move|p1a: Porygon2|Tera Blast|p2a: Dragonite
|-damage|p2a: Dragonite|63/100
|move|p1b: Annihilape|Rage Fist|p2b: Ninetales
|-activate|p2b: Ninetales|move: Protect
|
|-weather|Snowscape|[upkeep]
|-sideend|p1: ChimpDoppio|Reflect
|-fieldend|move: Trick Room
|upkeep
|turn|9
|
|t:|1757186783
|move|p2b: Ninetales|Freeze-Dry|p1b: Annihilape
|-supereffective|p1b: Annihilape
|-damage|p1b: Annihilape|35/100
|move|p2a: Dragonite|Low Kick|p1a: Porygon2
|-supereffective|p1a: Porygon2
|-damage|p1a: Porygon2|47/100
|move|p1b: Annihilape|Rage Fist|p2b: Ninetales
|-damage|p2b: Ninetales|0 fnt
|faint|p2b: Ninetales
|move|p1a: Porygon2|Ice Beam|p2a: Dragonite
|-supereffective|p2a: Dragonite
|-damage|p2a: Dragonite|0 fnt
|faint|p2a: Dragonite
|
|-weather|Snowscape|[upkeep]
|upkeep
|
|t:|1757186798
|switch|p2b: Garchomp|Garchomp, L50, M, tera:Steel|62/100
|switch|p2a: Incineroar|Incineroar, L50, M|27/100
|-ability|p2a: Incineroar|Intimidate|boost
|-unboost|p1a: Porygon2|atk|1
|-unboost|p1b: Annihilape|atk|1
|-ability|p1b: Annihilape|Defiant|boost
|-boost|p1b: Annihilape|atk|2
|turn|10
|
|t:|1757186818
|move|p1b: Annihilape|Protect|p1b: Annihilape
|-singleturn|p1b: Annihilape|Protect
|move|p2a: Incineroar|Fake Out|p1a: Porygon2
|-damage|p1a: Porygon2|39/100
|move|p2b: Garchomp|Stomping Tantrum|p1b: Annihilape
|-activate|p1b: Annihilape|move: Protect
|cant|p1a: Porygon2|flinch
|
|-weather|Snowscape|[upkeep]
|upkeep
|turn|11
|
|t:|1757186837
|move|p2b: Garchomp|Stomping Tantrum|p1b: Annihilape
|-damage|p1b: Annihilape|3/100
|-damage|p2b: Garchomp|52/100|[from] item: Life Orb
|move|p1b: Annihilape|Drain Punch|p2b: Garchomp
|-supereffective|p2b: Garchomp
|-damage|p2b: Garchomp|0 fnt
|-heal|p1b: Annihilape|27/100|[from] drain|[of] p2b: Garchomp
|faint|p2b: Garchomp
|move|p2a: Incineroar|Flare Blitz|p1a: Porygon2
|-damage|p1a: Porygon2|8/100
|-damage|p2a: Incineroar|17/100|[from] Recoil
|move|p1a: Porygon2|Trick Room|p1a: Porygon2
|-fieldstart|move: Trick Room|[of] p1a: Porygon2
|
|-weather|none
|upkeep
|turn|12
|-message|lildueldisk forfeited.
|
|win|ChimpDoppio
|raw|ChimpDoppio's rating: 1157 → 1186(+29 for winning)
|raw|lildueldisk's rating: 1216 → 1187(-29 for losing)
|l|☆lildueldisk
|player|p2|
