|j|☆pink spoon
|j|☆SunshineTufo
|html|pink spoonSunshineTufo    
|uhtml|bestof|Game 3 of a best-of-3
|t:|1784237744
|gametype|doubles
|player|p1|pink spoon|parasollady|1141
|player|p2|SunshineTufo|li|1174
|gen|9
|tier|[Gen 9 Champions] VGC 2026 Reg M-B (Bo3)
|rated|
|rule|Species Clause: Limit one of each Pokémon
|rule|Item Clause: Limit 1 of each item
|clearpoke
|poke|p1|Lopunny, L50, F|
|poke|p1|Zoroark-Hisui, L50, F|
|poke|p1|Mamoswine, L50, M|
|poke|p1|Incineroar, L50, M|
|poke|p1|Farigiraf, L50, M|
|poke|p1|Mawile, L50, F|
|poke|p2|Toxapex, L50, M|
|poke|p2|Froslass, L50, F, shiny|
|poke|p2|Incineroar, L50, M, shiny|
|poke|p2|Floette-Eternal, L50, F|
|poke|p2|Vivillon-Marine, L50, F|
|poke|p2|Kommo-o, L50, M|
|teampreview|4
|showteam|p1|Lopunny||Lopunnite|CuteCharm|CloseCombat,MegaKick,FakeOut,Protect|Jolly||F|||50|]Zoroark-Hisui||FocusSash|Illusion|HyperVoice,ShadowBall,NastyPlot,Protect|Timid||F|||50|]Mamoswine||LifeOrb|Oblivious|IcicleCrash,HighHorsepower,IceShard,Protect|Adamant||M|||50|]Incineroar||ShucaBerry|Intimidate|FlareBlitz,ThroatChop,FakeOut,PartingShot|Adamant||M|||50|]Farigiraf||SitrusBerry|ArmorTail|NightShade,Psychic,TrickRoom,Protect|Bold||M|||50|]Mawile||Mawilite|HyperCutter|PlayRough,SuckerPunch,SwordsDance,Protect|Adamant||F|||50|
|showteam|p2|Toxapex||Leftovers|Regenerator|Infestation,Toxic,WideGuard,BanefulBunker|Impish||M|||50|]Froslass||Froslassite|SnowCloak|Blizzard,ShadowBall,AuroraVeil,Protect|Modest||F|||50|]Incineroar||SitrusBerry|Intimidate|FlareBlitz,ThroatChop,PartingShot,FakeOut|Impish||M|||50|]Floette-Eternal||Floettite|FlowerVeil|Moonblast,DrainingKiss,CalmMind,Protect|Modest||F|||50|]Vivillon-Marine||FocusSash|CompoundEyes|SleepPowder,Protect,PollenPuff,RagePowder|Timid||F|||50|]Kommo-o||LifeOrb|Soundproof|ClangingScales,Flamethrower,ClangorousSoul,Protect|Timid||M|||50|
|inactive|Battle timer is ON: inactive players will automatically lose when time's up. (requested by SunshineTufo)
|
|t:|1784237773
|teamsize|p1|4
|teamsize|p2|4
|start
|switch|p1a: Lopunny|Lopunny, L50, F|100/100
|switch|p1b: Mamoswine|Mamoswine, L50, M|100/100
|switch|p2a: Incineroar|Incineroar, L50, M, shiny|100/100
|switch|p2b: Floette|Floette-Eternal, L50, F|100/100
|-ability|p2a: Incineroar|Intimidate|boost
|-unboost|p1a: Lopunny|atk|1
|-unboost|p1b: Mamoswine|atk|1
|turn|1
|
|t:|1784237786
|switch|p2a: Vivillon|Vivillon-Marine, L50, F|100/100
|detailschange|p1a: Lopunny|Lopunny-Mega, L50, F
|-mega|p1a: Lopunny|Lopunny|Lopunnite
|detailschange|p2b: Floette|Floette-Mega, L50, F
|-mega|p2b: Floette|Floette|Floettite
|-ability|p2b: Floette|Fairy Aura
|move|p2b: Floette|Protect|p2b: Floette
|-singleturn|p2b: Floette|Protect
|move|p1a: Lopunny|Fake Out|p2b: Floette
|-activate|p2b: Floette|move: Protect
|move|p1b: Mamoswine|Nasty Plot|p1b: Mamoswine
|-boost|p1b: Mamoswine|spa|2
|
|upkeep
|turn|2
|
|t:|1784237799
|move|p1a: Lopunny|Protect|p1a: Lopunny
|-singleturn|p1a: Lopunny|Protect
|move|p1b: Mamoswine|Hyper Voice|p2a: Vivillon|[spread] p2a,p2b
|-enditem|p2a: Vivillon|Focus Sash
|-damage|p2a: Vivillon|1/100
|-damage|p2b: Floette|51/100
|move|p2a: Vivillon|Sleep Powder|p1b: Mamoswine
|-status|p1b: Mamoswine|slp|[from] move: Sleep Powder
|move|p2b: Floette|Draining Kiss|p1a: Lopunny
|-activate|p1a: Lopunny|move: Protect
|
|upkeep
|turn|3
|
|t:|1784237806
|move|p2a: Vivillon|Rage Powder|p2a: Vivillon
|-singleturn|p2a: Vivillon|move: Rage Powder
|move|p1a: Lopunny|Mega Kick|p2a: Vivillon
|-damage|p2a: Vivillon|0 fnt
|faint|p2a: Vivillon
|cant|p1b: Mamoswine|slp
|move|p2b: Floette|Draining Kiss|p1b: Mamoswine
|-damage|p1b: Mamoswine|24/100 slp
|-heal|p2b: Floette|94/100|[from] drain|[of] p1b: Mamoswine
|replace|p1b: Zoroark|Zoroark-Hisui, L50, F
|-end|p1b: Zoroark|Illusion
|
|upkeep
|
|t:|1784237810
|switch|p2a: Kommo-o|Kommo-o, L50, M|100/100
|turn|4
|
|t:|1784237819
|switch|p1a: Incineroar|Incineroar, L50, M|100/100
|-ability|p1a: Incineroar|Intimidate|boost
|-unboost|p2a: Kommo-o|atk|1
|-unboost|p2b: Floette|atk|1
|move|p2b: Floette|Protect|p2b: Floette
|-singleturn|p2b: Floette|Protect
|-curestatus|p1b: Zoroark|slp|[msg]
|move|p1b: Zoroark|Shadow Ball|p2b: Floette
|-activate|p2b: Floette|move: Protect
|move|p2a: Kommo-o|Clangorous Soul|p2a: Kommo-o
|-boost|p2a: Kommo-o|atk|1
|-boost|p2a: Kommo-o|def|1
|-boost|p2a: Kommo-o|spa|1
|-boost|p2a: Kommo-o|spd|1
|-boost|p2a: Kommo-o|spe|1
|-damage|p2a: Kommo-o|67/100
|
|upkeep
|turn|5
|
|t:|1784237832
|switch|p2b: Incineroar|Incineroar, L50, M, shiny|100/100
|-ability|p2b: Incineroar|Intimidate|boost
|-unboost|p1a: Incineroar|atk|1
|-unboost|p1b: Zoroark|atk|1
|move|p2a: Kommo-o|Protect|p2a: Kommo-o
|-singleturn|p2a: Kommo-o|Protect
|move|p1a: Incineroar|Fake Out|p2a: Kommo-o
|-activate|p2a: Kommo-o|move: Protect
|move|p1b: Zoroark|Shadow Ball|p2b: Incineroar
|-resisted|p2b: Incineroar|1
|-damage|p2b: Incineroar|67/100
|
|upkeep
|turn|6
|
|t:|1784237846
|move|p1b: Zoroark|Protect|p1b: Zoroark
|-singleturn|p1b: Zoroark|Protect
|move|p2b: Incineroar|Fake Out|p1a: Incineroar
|-damage|p1a: Incineroar|90/100
|move|p2a: Kommo-o|Clanging Scales|p1b: Zoroark|[spread] p1a
|-activate|p1b: Zoroark|move: Protect
|-damage|p1a: Incineroar|19/100
|-unboost|p2a: Kommo-o|def|1
|-damage|p2a: Kommo-o|57/100|[from] item: Life Orb
|cant|p1a: Incineroar|flinch
|
|upkeep
|turn|7
|
|t:|1784237867
|switch|p2b: Floette|Floette-Mega, L50, F|94/100
|-ability|p2b: Floette|Fairy Aura
|move|p2a: Kommo-o|Clanging Scales|p1a: Incineroar|[spread] p1a,p1b
|-damage|p1a: Incineroar|0 fnt
|-damage|p1b: Zoroark|0 fnt
|faint|p1a: Incineroar
|faint|p1b: Zoroark
|-unboost|p2a: Kommo-o|def|1
|-damage|p2a: Kommo-o|47/100|[from] item: Life Orb
|
|upkeep
|
|t:|1784237873
|switch|p1b: Mamoswine|Mamoswine, L50, M|100/100
|switch|p1a: Lopunny|Lopunny-Mega, L50, F|100/100
|turn|8
|
|t:|1784237882
|move|p2a: Kommo-o|Protect|p2a: Kommo-o
|-singleturn|p2a: Kommo-o|Protect
|move|p2b: Floette|Protect|p2b: Floette
|-singleturn|p2b: Floette|Protect
|move|p1b: Mamoswine|Ice Shard|p2a: Kommo-o
|-activate|p2a: Kommo-o|move: Protect
|move|p1a: Lopunny|Mega Kick|p2b: Floette
|-activate|p2b: Floette|move: Protect
|
|upkeep
|turn|9
|
|t:|1784237889
|switch|p2a: Incineroar|Incineroar, L50, M, shiny|67/100
|-ability|p2a: Incineroar|Intimidate|boost
|-fail|p1a: Lopunny|unboost|Attack|[from] ability: Scrappy|[of] p1a: Lopunny
|-fail|p1b: Mamoswine|unboost|Attack|[from] ability: Oblivious|[of] p1b: Mamoswine
|move|p1b: Mamoswine|Ice Shard|p2a: Incineroar
|-resisted|p2a: Incineroar|1
|-damage|p2a: Incineroar|56/100
|-damage|p1b: Mamoswine|90/100|[from] item: Life Orb
|move|p1a: Lopunny|Mega Kick|p2b: Floette
|-damage|p2b: Floette|20/100y
|move|p2b: Floette|Moonblast|p1b: Mamoswine
|-damage|p1b: Mamoswine|0 fnt
|faint|p1b: Mamoswine
|
|upkeep
|turn|10
|
|t:|1784237900
|move|p1a: Lopunny|Protect|p1a: Lopunny
|-singleturn|p1a: Lopunny|Protect
|move|p2a: Incineroar|Fake Out|p1a: Lopunny
|-activate|p1a: Lopunny|move: Protect
|move|p2b: Floette|Moonblast|p1a: Lopunny
|-activate|p1a: Lopunny|move: Protect
|
|upkeep
|turn|11
|
|t:|1784237912
|move|p2b: Floette|Protect|p2b: Floette
|-singleturn|p2b: Floette|Protect
|move|p1a: Lopunny|Close Combat|p2a: Incineroar
|-supereffective|p2a: Incineroar|1
|-damage|p2a: Incineroar|0 fnt
|-unboost|p1a: Lopunny|def|1
|-unboost|p1a: Lopunny|spd|1
|faint|p2a: Incineroar
|
|upkeep
|
|t:|1784237914
|switch|p2a: Kommo-o|Kommo-o, L50, M|47/100
|turn|12
|
|t:|1784237920
|move|p1a: Lopunny|Mega Kick|p2b: Floette|[miss]
|-miss|p1a: Lopunny|p2b: Floette
|move|p2a: Kommo-o|Clanging Scales|p1a: Lopunny
|-damage|p1a: Lopunny|0 fnt
|faint|p1a: Lopunny
|-damage|p2a: Kommo-o|37/100|[from] item: Life Orb
|
|win|SunshineTufo
|raw|pink spoon's rating: 1141 → 1118(-23 for losing)
|raw|SunshineTufo's rating: 1174 → 1197(+23 for winning)
