|j|☆Llama_Llord
|j|☆masterhax3
|html|Llama_Llordmasterhax3    
|uhtml|bestof|Game 1 of a best-of-3
|t:|1756727412
|gametype|doubles
|player|p1|Llama_Llord|265|1058
|player|p2|masterhax3|scientist-gen4dp|1085
|gen|9
|tier|[Gen 9] VGC 2025 Reg H (Bo3)
|rated|
|rule|Species Clause: Limit one of each Pokémon
|rule|Item Clause: Limit 1 of each item
|clearpoke
|poke|p1|Meowscarada, L50, M|
|poke|p1|Primarina, L50, F|
|poke|p1|Indeedee, L50, M|
|poke|p1|Sneasler, L50, M|
|poke|p1|Tatsugiri, L50, M|
|poke|p1|Kingambit, L50, M|
|poke|p2|Incineroar, L50, M|
|poke|p2|Porygon2, L50|
|poke|p2|Ursaluna, L50, F|
|poke|p2|Vivillon-Polar, L50, F|
|poke|p2|Gholdengo, L50|
|poke|p2|Sneasler, L50, M|
|teampreview|4
|showteam|p1|Meowscarada||FocusSash|Overgrow|GrassPledge,KnockOff,FlowerTrick,Protect|||M|||50|,,,,,Fairy]Primarina||LifeOrb|LiquidVoice|WaterPledge,HyperVoice,Moonblast,Protect|||F|||50|,,,,,Poison]Indeedee||SafetyGoggles|PsychicSurge|ExpandingForce,Imprison,TrickRoom,Protect|||M|||50|,,,,,Fire]Sneasler||PsychicSeed|Unburden|DireClaw,CloseCombat,ThroatChop,Protect|||M|||50|,,,,,Stellar]Tatsugiri||AssaultVest|StormDrain|DracoMeteor,IcyWind,TeraBlast,Surf|||M|||50|,,,,,Ground]Kingambit||BlackGlasses|Defiant|KowtowCleave,IronHead,SuckerPunch,Protect|||M|||50|,,,,,Fairy
|showteam|p2|Incineroar||SafetyGoggles|Intimidate|FakeOut,FlareBlitz,KnockOff,PartingShot|||M|||50|,,,,,Ghost]Porygon2||Eviolite|Download|TeraBlast,IceBeam,TrickRoom,Recover||||||50|,,,,,Fighting]Ursaluna||FlameOrb|Guts|HeadlongRush,Facade,Earthquake,Protect|||F|||50|,,,,,Poison]Vivillon-Polar||FocusSash|CompoundEyes|Hurricane,SleepPowder,Tailwind,Protect|||F|||50|,,,,,Ghost]Gholdengo||LifeOrb|GoodasGold|MakeItRain,ShadowBall,NastyPlot,Protect||||||50|,,,,,Water]Sneasler||WhiteHerb|Unburden|CloseCombat,DireClaw,ThroatChop,Protect|||M|||50|,,,,,Dark
|inactive|Battle timer is ON: inactive players will automatically lose when time's up. (requested by Llama_Llord)
|inactive|masterhax3 has 60 seconds left.
|inactive|masterhax3 has 30 seconds left.
|inactive|masterhax3 has 20 seconds left.
|inactive|masterhax3 has 15 seconds left.
|
|t:|1756727488
|teamsize|p1|4
|teamsize|p2|4
|start
|switch|p1a: Sneasler|Sneasler, L50, M|100/100
|switch|p1b: Indeedee|Indeedee, L50, M|100/100
|switch|p2a: Incineroar|Incineroar, L50, M|100/100
|switch|p2b: Vivillon|Vivillon-Polar, L50, F|100/100
|-fieldstart|move: Psychic Terrain|[from] ability: Psychic Surge|[of] p1b: Indeedee
|-enditem|p1a: Sneasler|Psychic Seed
|-boost|p1a: Sneasler|spd|1|[from] item: Psychic Seed
|-ability|p2a: Incineroar|Intimidate|boost
|-unboost|p1a: Sneasler|atk|1
|-unboost|p1b: Indeedee|atk|1
|turn|1
|
|t:|1756727504
|move|p1a: Sneasler|Dire Claw|p2b: Vivillon
|-damage|p2b: Vivillon|42/100
|move|p2b: Vivillon|Sleep Powder|p1a: Sneasler
|-status|p1a: Sneasler|slp|[from] move: Sleep Powder
|move|p1b: Indeedee|Expanding Force|p2b: Vivillon|[spread] p2b
|-immune|p2a: Incineroar
|-damage|p2b: Vivillon|0 fnt
|faint|p2b: Vivillon
|move|p2a: Incineroar|Knock Off|p1b: Indeedee
|-supereffective|p1b: Indeedee
|-crit|p1b: Indeedee
|-damage|p1b: Indeedee|0 fnt
|-enditem|p1b: Indeedee|Safety Goggles|[from] move: Knock Off|[of] p2a: Incineroar
|faint|p1b: Indeedee
|
|upkeep
|
|t:|1756727521
|switch|p2b: Sneasler|Sneasler, L50, M|100/100
|switch|p1b: Puss in Boots|Meowscarada, L50, M|100/100
|turn|2
|
|t:|1756727537
|switch|p2a: Gholdengo|Gholdengo, L50|100/100
|cant|p1a: Sneasler|slp
|move|p1b: Puss in Boots|Knock Off|p2b: Sneasler
|-resisted|p2b: Sneasler
|-damage|p2b: Sneasler|70/100
|-enditem|p2b: Sneasler|White Herb|[from] move: Knock Off|[of] p1b: Puss in Boots
|move|p2b: Sneasler|Dire Claw|p1b: Puss in Boots
|-supereffective|p1b: Puss in Boots
|-enditem|p1b: Puss in Boots|Focus Sash
|-damage|p1b: Puss in Boots|1/100
|-status|p1b: Puss in Boots|slp
|
|upkeep
|turn|3
|
|t:|1756727559
|move|p2b: Sneasler|Dire Claw|p1b: Puss in Boots
|-supereffective|p1b: Puss in Boots
|-damage|p1b: Puss in Boots|0 fnt
|faint|p1b: Puss in Boots
|-curestatus|p1a: Sneasler|slp|[msg]
|move|p1a: Sneasler|Throat Chop|p2a: Gholdengo
|-supereffective|p2a: Gholdengo
|-damage|p2a: Gholdengo|55/100
|-start|p2a: Gholdengo|Throat Chop|[silent]
|move|p2a: Gholdengo|Nasty Plot|p2a: Gholdengo
|-boost|p2a: Gholdengo|spa|2
|
|upkeep
|
|t:|1756727570
|switch|p1b: Kingambit|Kingambit, L50, M|100/100
|turn|4
|
|t:|1756727590
|-terastallize|p1a: Sneasler|Stellar
|-terastallize|p2a: Gholdengo|Water
|move|p1b: Kingambit|Protect|p1b: Kingambit
|-singleturn|p1b: Kingambit|Protect
|move|p1a: Sneasler|Throat Chop|p2a: Gholdengo
|-damage|p2a: Gholdengo|31/100
|move|p2b: Sneasler|Close Combat|p1b: Kingambit
|-activate|p1b: Kingambit|move: Protect
|move|p2a: Gholdengo|Make It Rain|p1a: Sneasler|[spread] p1a
|-activate|p1b: Kingambit|move: Protect
|-damage|p1a: Sneasler|0 fnt
|-unboost|p2a: Gholdengo|spa|1
|faint|p1a: Sneasler
|-damage|p2a: Gholdengo|21/100|[from] item: Life Orb
|
|-end|p2a: Gholdengo|Throat Chop|[silent]
|upkeep
|turn|5
|-message|Llama_Llord forfeited.
|
|win|masterhax3
||Llama_Llord is ready for game 2.
|inactive|masterhax3 has 30 seconds to confirm battle start!
||masterhax3 is ready for game 2.
|uhtml|next|Next: Game 2 of 3
|l|☆Llama_Llord
|player|p1|
