|j|☆blarajan
|j|☆LeunamTG
|html|blarajanLeunamTG    
|uhtml|bestof|Game 2 of a best-of-3
|t:|1782763585
|gametype|doubles
|player|p1|blarajan|#blarajan|
|player|p2|LeunamTG|skyla|
|gen|9
|tier|[Gen 9 Champions] VGC 2026 Reg M-B (Bo3)
|rule|Species Clause: Limit one of each Pokémon
|rule|Item Clause: Limit 1 of each item
|clearpoke
|poke|p1|Incineroar, L50, F|
|poke|p1|Swampert, L50, F|
|poke|p1|Archaludon, L50, F|
|poke|p1|Grimmsnarl, L50, M|
|poke|p1|Venusaur, L50, M|
|poke|p1|Pelipper, L50, M|
|poke|p2|Archaludon, L50, F|
|poke|p2|Floette-Eternal, L50, F|
|poke|p2|Incineroar, L50, M|
|poke|p2|Pelipper, L50, F|
|poke|p2|Sinistcha, L50|
|poke|p2|Swampert, L50, M|
|teampreview|4
|showteam|p1|Incineroar||SitrusBerry|Intimidate|FlareBlitz,ThroatChop,FakeOut,PartingShot|Careful||F|||50|]Swampert||Swampertite|Damp|WaveCrash,Earthquake,FlipTurn,Protect|Adamant||F|||50|]Archaludon||Leftovers|Stamina|FlashCannon,ElectroShot,DragonPulse,Protect|Calm||F|||50|]Grimmsnarl||LightClay|Prankster|SpiritBreak,Reflect,LightScreen,PartingShot|Careful||M|||50|]Venusaur||Venusaurite|Chlorophyll|Protect,SludgeBomb,GigaDrain,EarthPower|Modest||M|||50|]Pelipper||LifeOrb|Drizzle|Hurricane,WeatherBall,Tailwind,WideGuard|Modest||M|||50|
|showteam|p2|Archaludon||Leftovers|Stamina|FlashCannon,DracoMeteor,ElectroShot,Protect|Modest||F|||50|]Floette-Eternal||Floettite|FlowerVeil|Moonblast,DazzlingGleam,CalmMind,Protect|Timid||F|||50|]Incineroar||PasshoBerry|Intimidate|PartingShot,FlareBlitz,ThroatChop,FakeOut|Careful||M|||50|]Pelipper||FocusSash|Drizzle|WeatherBall,Hurricane,WideGuard,HelpingHand|Timid||F|||50|]Sinistcha||SitrusBerry|Hospitality|MatchaGotcha,LifeDew,RagePowder,Protect|Bold|||||50|]Swampert||Swampertite|Damp|WaveCrash,Earthquake,IcePunch,Protect|Adamant||M|||50|
|j| Helios of Sun
|j| PandaMan7567
|j| Pd0nZ
|j| Fainting Spells
|j| rkd272
|j| templevgc
|j| InkVG
|l| InkVG
|j| A Regu1ar Guy
|j| InkVG
|l| Fainting Spells
|l| InkVG
|j| PartingShotToSinis
|j| val16
|
|t:|1782763821
|teamsize|p1|4
|teamsize|p2|4
|start
|switch|p1a: Incineroar|Incineroar, L50, F|100/100
|switch|p1b: Pelipper|Pelipper, L50, M|100/100
|switch|p2a: Floette|Floette-Eternal, L50, F|100/100
|switch|p2b: Pelipper|Pelipper, L50, F|100/100
|-weather|RainDance|[from] ability: Drizzle|[of] p2b: Pelipper
|-ability|p1a: Incineroar|Intimidate|boost
|-unboost|p2a: Floette|atk|1
|-unboost|p2b: Pelipper|atk|1
|turn|1
|j| InkVG
|l| InkVG
|j| damnwheresheat
|j| InkVG
|l| InkVG
|j| Fainting Spells
|j| Finabas
|l| Fainting Spells
|j| InkVG
|
|t:|1782763906
|detailschange|p2a: Floette|Floette-Mega, L50, F
|-mega|p2a: Floette|Floette|Floettite
|-ability|p2a: Floette|Fairy Aura
|move|p1a: Incineroar|Fake Out|p2a: Floette
|-damage|p2a: Floette|88/100
|cant|p2a: Floette|flinch
|move|p2b: Pelipper|Hurricane|p1b: Pelipper
|-damage|p1b: Pelipper|52/100
|move|p1b: Pelipper|Tailwind|p1b: Pelipper
|-sidestart|p1: blarajan|move: Tailwind
|
|-weather|RainDance|[upkeep]
|upkeep
|turn|2
|j| Fainting Spells
|l| InkVG
|
|t:|1782763940
|switch|p2b: Incineroar|Incineroar, L50, M|100/100
|-ability|p2b: Incineroar|Intimidate|boost
|-unboost|p1a: Incineroar|atk|1
|-unboost|p1b: Pelipper|atk|1
|move|p1a: Incineroar|Throat Chop|p2b: Incineroar
|-resisted|p2b: Incineroar|1
|-damage|p2b: Incineroar|90/100
|-start|p2b: Incineroar|Throat Chop|[silent]
|move|p1b: Pelipper|Hurricane|p2b: Incineroar
|-damage|p2b: Incineroar|46/100
|-damage|p1b: Pelipper|43/100|[from] item: Life Orb
|move|p2a: Floette|Calm Mind|p2a: Floette
|-boost|p2a: Floette|spa|1
|-boost|p2a: Floette|spd|1
|
|-weather|RainDance|[upkeep]
|upkeep
|turn|3
|j| Code
|
|t:|1782763989
|move|p2b: Incineroar|Fake Out|p1b: Pelipper
|-damage|p1b: Pelipper|31/100
|move|p1a: Incineroar|Parting Shot|p2a: Floette
|-unboost|p2a: Floette|atk|1
|-unboost|p2a: Floette|spa|1
|
|t:|1782763999
|switch|p1a: Venusaur|Venusaur, L50, M|100/100|[from] Parting Shot
|cant|p1b: Pelipper|flinch
|move|p2a: Floette|Calm Mind|p2a: Floette
|-boost|p2a: Floette|spa|1
|-boost|p2a: Floette|spd|1
|
|-weather|RainDance|[upkeep]
|-end|p2b: Incineroar|Throat Chop|[silent]
|upkeep
|turn|4
|l| A Regu1ar Guy
|j| InkVG
|j|+PinkSylvie
|
|t:|1782764071
|switch|p1b: Incineroar|Incineroar, L50, F|100/100
|-ability|p1b: Incineroar|Intimidate|boost
|-unboost|p2a: Floette|atk|1
|-unboost|p2b: Incineroar|atk|1
|move|p1a: Venusaur|Sludge Bomb|p2a: Floette
|-supereffective|p2a: Floette|1
|-damage|p2a: Floette|56/100
|-status|p2a: Floette|psn
|move|p2a: Floette|Dazzling Gleam|p1a: Venusaur|[spread] p1a,p1b
|-resisted|p1a: Venusaur|1
|-damage|p1a: Venusaur|69/100
|-damage|p1b: Incineroar|46/100
|-enditem|p1b: Incineroar|Sitrus Berry|[eat]
|-heal|p1b: Incineroar|71/100|[from] item: Sitrus Berry
|move|p2b: Incineroar|Parting Shot|p1a: Venusaur
|-unboost|p1a: Venusaur|atk|1
|-unboost|p1a: Venusaur|spa|1
|j| pipppo
|l| InkVG
|
|t:|1782764098
|switch|p2b: Sinistcha|Sinistcha, L50|100/100|[from] Parting Shot
|-heal|p2a: Floette|81/100 psn|[from] ability: Hospitality|[of] p2b: Sinistcha
|
|-weather|RainDance|[upkeep]
|-damage|p2a: Floette|69/100 psn|[from] psn
|-sideend|p1: blarajan|move: Tailwind
|upkeep
|turn|5
|
|t:|1782764126
|move|p2a: Floette|Moonblast|p1b: Incineroar
|-damage|p1b: Incineroar|0 fnt
|faint|p1b: Incineroar
|move|p1a: Venusaur|Sludge Bomb|p2b: Sinistcha
|-damage|p2b: Sinistcha|77/100
|move|p2b: Sinistcha|Life Dew|p2b: Sinistcha|[spread] p2a,p2b
|-heal|p2a: Floette|94/100 psn
|-heal|p2b: Sinistcha|100/100
|
|-weather|none
|-damage|p2a: Floette|81/100 psn|[from] psn
|upkeep
|j| InkVG
|l| Finabas
|
|t:|1782764151
|switch|p1b: Swampert|Swampert, L50, F|100/100
|turn|6
|l| InkVG
|j| InkVG
|l| Fainting Spells
|j| AleK97
|j| Fainting Spells
|l| InkVG
|j| InkVG
|
|t:|1782764223
|move|p1b: Swampert|Protect|p1b: Swampert
|-singleturn|p1b: Swampert|Protect
|move|p2a: Floette|Dazzling Gleam|p1b: Swampert|[spread] p1a
|-activate|p1b: Swampert|move: Protect
|-resisted|p1a: Venusaur|1
|-damage|p1a: Venusaur|37/100
|move|p1a: Venusaur|Sludge Bomb|p2a: Floette
|-supereffective|p2a: Floette|1
|-damage|p2a: Floette|57/100 psn
|move|p2b: Sinistcha|Matcha Gotcha|p1a: Venusaur|[spread] p1a
|-activate|p1b: Swampert|move: Protect
|-resisted|p1a: Venusaur|2
|-damage|p1a: Venusaur|31/100
|
|-damage|p2a: Floette|45/100 psn|[from] psn
|upkeep
|turn|7
|j| MajorStar
|l| MajorStar
|l| InkVG
|j| InkVG
|
|t:|1782764290
|switch|p1a: Pelipper|Pelipper, L50, M|31/100
|-weather|RainDance|[from] ability: Drizzle|[of] p1a: Pelipper
|detailschange|p1b: Swampert|Swampert-Mega, L50, F
|-mega|p1b: Swampert|Swampert|Swampertite
|move|p2a: Floette|Protect|p2a: Floette
|-singleturn|p2a: Floette|Protect
|move|p1b: Swampert|Flip Turn|p2a: Floette
|-activate|p2a: Floette|move: Protect
|move|p2b: Sinistcha|Matcha Gotcha|p1a: Pelipper|[spread] p1a,p1b
|-crit|p1a: Pelipper
|-supereffective|p1b: Swampert|2
|-damage|p1a: Pelipper|0 fnt
|-damage|p1b: Swampert|11/100
|faint|p1a: Pelipper
|
|-weather|RainDance|[upkeep]
|-damage|p2a: Floette|32/100 psn|[from] psn
|upkeep
|
|t:|1782764303
|switch|p1a: Venusaur|Venusaur, L50, M|31/100
|turn|8
|l| InkVG
|-message|blarajan forfeited.
|
|win|LeunamTG
|c|☆blarajan|ggs
|c|☆LeunamTG|ggs
|l|☆blarajan
|player|p1|
|l|+PinkSylvie
|l| PandaMan7567
|l| Pd0nZ
|l| damnwheresheat
|j| InkVG
|l| Fainting Spells
|l| rkd272
|l| InkVG
|j| rkd272
|l| Helios of Sun
|j| Himothy23
|j| InkVG
|l| rkd272
|l| InkVG
|j| rkd272
|j|☆blarajan
|player|p1|blarajan|#blarajan|
|l| rkd272
|l|☆blarajan
|player|p1|
|j| MajorStar
|l| Himothy23
|l| MajorStar
|l| AleK97
|j| MRX009PSYCHOGUNDAM
|l| Code
|l| pipppo
|l| MRX009PSYCHOGUNDAM
|j| Drlawyer
|l| PartingShotToSinis
|l| Drlawyer
|j| A Regu1ar Guy
|l| A Regu1ar Guy
|l| val16
|j| hiyopon
|j| DubiousVGC
