|j|☆Ethan's Bleakmiss
|j|☆nicsngpinas
|html|Ethan's Bleakmissnicsngpinas    
|uhtml|bestof|Game 1 of a best-of-3
|t:|1784733634
|gametype|doubles
|player|p1|Ethan's Bleakmiss|unknown|1113
|player|p2|nicsngpinas|lance|1075
|gen|9
|tier|[Gen 9 Champions] VGC 2026 Reg M-B (Bo3)
|rated|
|rule|Species Clause: Limit one of each Pokémon
|rule|Item Clause: Limit 1 of each item
|clearpoke
|poke|p1|Blaziken, L50, M|
|poke|p1|Ninetales-Alola, L50, M|
|poke|p1|Kingambit, L50, M|
|poke|p1|Lycanroc-Dusk, L50, F, shiny|
|poke|p1|Venusaur, L50, M, shiny|
|poke|p1|Clefable, L50, F, shiny|
|poke|p2|Pelipper, L50, M, shiny|
|poke|p2|Swampert, L50, M, shiny|
|poke|p2|Basculegion, L50, M, shiny|
|poke|p2|Archaludon, L50, M|
|poke|p2|Raichu, L50, M|
|poke|p2|Sneasler, L50, M|
|teampreview|4
|showteam|p1|Blaziken||Blazikenite|SpeedBoost|CloseCombat,FlareBlitz,StoneEdge,Detect|Adamant||M|||50|]Ninetales-Alola||NeverMeltIce|SnowWarning|Blizzard,FreezeDry,Encore,Protect|Timid||M|||50|]Kingambit||LifeOrb|Defiant|SuckerPunch,KowtowCleave,IronHead,Protect|Adamant||M|||50|]Lycanroc-Dusk||FocusSash|ToughClaws|Accelerock,SwordsDance,Protect,RockSlide|Jolly||F|||50|]Venusaur||Venusaurite|Chlorophyll|SleepPowder,EnergyBall,SludgeBomb,Protect|Modest||M|||50|]Clefable||SitrusBerry|MagicGuard|Protect,FollowMe,HelpingHand,Moonblast|Bold||F|||50|
|showteam|p2|Pelipper||FocusSash|Drizzle|Protect,Hurricane,WeatherBall,Uturn|Serious||M|||50|]Swampert||Swampertite|Damp|WaveCrash,Earthquake,HammerArm,Protect|Jolly||M|||50|]Basculegion||ChoiceScarf|Adaptability|LastRespects,WaveCrash,PsychicFangs,IceFang|Jolly||M|||50|]Archaludon||Leftovers|Stamina|ElectroShot,Protect,DracoMeteor,FlashCannon|Modest||M|||50|]Raichu||RaichuniteY|LightningRod|ZapCannon,FocusBlast,GrassKnot,VoltSwitch|Serious||M|||50|]Sneasler||WhiteHerb|Unburden|CloseCombat,FakeOut,DireClaw,Acrobatics|Jolly||M|||50|
|inactive|Battle timer is ON: inactive players will automatically lose when time's up. (requested by Ethan's Bleakmiss)
|inactive|Ethan's Bleakmiss has 60 seconds left.
|inactive|nicsngpinas has 60 seconds left.
|inactive|Ethan's Bleakmiss has 30 seconds left.
|inactive|Ethan's Bleakmiss has 20 seconds left.
|inactive|Ethan's Bleakmiss has 15 seconds left.
|inactive|Ethan's Bleakmiss has 10 seconds left.
|inactive|Ethan's Bleakmiss has 5 seconds left.
|
|t:|1784733724
|teamsize|p1|4
|teamsize|p2|4
|start
|switch|p1a: Blaziken|Blaziken, L50, M|100/100
|switch|p1b: Ninetales|Ninetales-Alola, L50, M|100/100
|switch|p2a: Pelipper|Pelipper, L50, M, shiny|100/100
|switch|p2b: Swampert|Swampert, L50, M, shiny|100/100
|-weather|Snowscape|[from] ability: Snow Warning|[of] p1b: Ninetales
|-weather|RainDance|[from] ability: Drizzle|[of] p2a: Pelipper
|turn|1
|
|t:|1784733741
|detailschange|p1a: Blaziken|Blaziken-Mega, L50, M
|-mega|p1a: Blaziken|Blaziken|Blazikenite
|detailschange|p2b: Swampert|Swampert-Mega, L50, M, shiny
|-mega|p2b: Swampert|Swampert|Swampertite
|move|p1a: Blaziken|Detect|p1a: Blaziken
|-singleturn|p1a: Blaziken|Protect
|move|p2b: Swampert|Earthquake|p1b: Ninetales|[spread] p1b
|-activate|p1a: Blaziken|move: Protect
|-immune|p2a: Pelipper
|-damage|p1b: Ninetales|35/100
|move|p1b: Ninetales|Freeze-Dry|p2b: Swampert
|-supereffective|p2b: Swampert|2
|-damage|p2b: Swampert|0 fnt
|faint|p2b: Swampert
|move|p2a: Pelipper|Hurricane|p1a: Blaziken
|-activate|p1a: Blaziken|move: Protect
|
|-weather|RainDance|[upkeep]
|-ability|p1a: Blaziken|Speed Boost|boost
|-boost|p1a: Blaziken|spe|1
|upkeep
|
|t:|1784733766
|switch|p2b: Sneasler|Sneasler, L50, M|100/100
|turn|2
|inactive|Ethan's Bleakmiss has 30 seconds left.
|inactive|Ethan's Bleakmiss has 20 seconds left.
|inactive|Ethan's Bleakmiss has 15 seconds left.
|inactive|Ethan's Bleakmiss has 10 seconds left.
|
|t:|1784733813
|switch|p1a: Lycanroc|Lycanroc-Dusk, L50, F, shiny|100/100
|move|p2b: Sneasler|Close Combat|p1b: Ninetales
|-damage|p1b: Ninetales|0 fnt
|-unboost|p2b: Sneasler|def|1
|-unboost|p2b: Sneasler|spd|1
|faint|p1b: Ninetales
|-enditem|p2b: Sneasler|White Herb
|-clearnegativeboost|p2b: Sneasler|[silent]
|move|p2a: Pelipper|Hurricane|p1a: Lycanroc
|-resisted|p1a: Lycanroc|1
|-damage|p1a: Lycanroc|64/100
|
|-weather|RainDance|[upkeep]
|upkeep
|
|t:|1784733826
|switch|p1b: Kingambit|Kingambit, L50, M|100/100
|turn|3
|
|t:|1784733835
|move|p1a: Lycanroc|Accelerock|p2b: Sneasler
|-resisted|p2b: Sneasler|1
|-crit|p2b: Sneasler
|-damage|p2b: Sneasler|69/100
|move|p1b: Kingambit|Sucker Punch|p2b: Sneasler
|-resisted|p2b: Sneasler|1
|-damage|p2b: Sneasler|26/100
|-damage|p1b: Kingambit|90/100|[from] item: Life Orb
|move|p2b: Sneasler|Close Combat|p1a: Lycanroc
|-supereffective|p1a: Lycanroc|1
|-damage|p1a: Lycanroc|0 fnt
|-unboost|p2b: Sneasler|def|1
|-unboost|p2b: Sneasler|spd|1
|faint|p1a: Lycanroc
|move|p2a: Pelipper|Weather Ball|p1b: Kingambit
|-damage|p1b: Kingambit|33/100
|
|-weather|RainDance|[upkeep]
|upkeep
|
|t:|1784733851
|switch|p1a: Blaziken|Blaziken-Mega, L50, M|100/100
|turn|4
|
|t:|1784733860
|switch|p2b: Basculegion|Basculegion, L50, M, shiny|100/100
|move|p1a: Blaziken|Detect|p1a: Blaziken
|-singleturn|p1a: Blaziken|Protect
|move|p1b: Kingambit|Sucker Punch||[still]
|-fail|p1b: Kingambit
|move|p2a: Pelipper|Hurricane|p1a: Blaziken
|-activate|p1a: Blaziken|move: Protect
|
|-weather|RainDance|[upkeep]
|-ability|p1a: Blaziken|Speed Boost|boost
|-boost|p1a: Blaziken|spe|1
|upkeep
|turn|5
|inactive|Ethan's Bleakmiss has 30 seconds left.
|
|t:|1784733890
|move|p1b: Kingambit|Sucker Punch|p2b: Basculegion
|-supereffective|p2b: Basculegion|1
|-damage|p2b: Basculegion|0 fnt
|faint|p2b: Basculegion
|-damage|p1b: Kingambit|23/100|[from] item: Life Orb
|move|p1a: Blaziken|Stone Edge|p2a: Pelipper|[miss]
|-miss|p1a: Blaziken|p2a: Pelipper
|move|p2a: Pelipper|Hurricane|p1a: Blaziken
|-supereffective|p1a: Blaziken|1
|-damage|p1a: Blaziken|0 fnt
|faint|p1a: Blaziken
|
|-weather|none
|upkeep
|
|t:|1784733899
|switch|p2b: Sneasler|Sneasler, L50, M|26/100
|turn|6
|
|t:|1784733913
|move|p1b: Kingambit|Protect|p1b: Kingambit
|-singleturn|p1b: Kingambit|Protect
|move|p2b: Sneasler|Close Combat|p1b: Kingambit
|-activate|p1b: Kingambit|move: Protect
|move|p2a: Pelipper|Hurricane|p1b: Kingambit
|-activate|p1b: Kingambit|move: Protect
|
|upkeep
|turn|7
|
|t:|1784733922
|move|p1b: Kingambit|Sucker Punch|p2b: Sneasler
|-resisted|p2b: Sneasler|1
|-damage|p2b: Sneasler|0 fnt
|faint|p2b: Sneasler
|-damage|p1b: Kingambit|14/100|[from] item: Life Orb
|move|p2a: Pelipper|Hurricane|p1b: Kingambit
|-resisted|p1b: Kingambit|1
|-damage|p1b: Kingambit|0 fnt
|faint|p1b: Kingambit
|
|win|nicsngpinas
