|j|☆tedidn
|j|☆grok is this real
|html|tedidngrok is this real    
|uhtml|bestof|Game 3 of a best-of-3
|t:|1782442359
|gametype|doubles
|player|p1|tedidn|marshal|
|player|p2|grok is this real|lady|
|gen|9
|tier|[Gen 9 Champions] VGC 2026 Reg M-B (Bo3)
|rule|Species Clause: Limit one of each Pokémon
|rule|Item Clause: Limit 1 of each item
|clearpoke
|poke|p1|Kangaskhan, L50, F|
|poke|p1|Farigiraf, L50, F|
|poke|p1|Torkoal, L50, F|
|poke|p1|Mawile, L50, M|
|poke|p1|Scovillain, L50, F|
|poke|p1|Basculegion, L50, M|
|poke|p2|Floette-Eternal, L50, F|
|poke|p2|Ceruledge, L50, M|
|poke|p2|Staraptor, L50, F|
|poke|p2|Milotic, L50, F, shiny|
|poke|p2|Incineroar, L50, F|
|poke|p2|Sinistcha, L50|
|teampreview|4
|showteam|p1|Kangaskhan||SilkScarf|Scrappy|LastResort,FakeOut|Brave||F|||50|]Farigiraf||SitrusBerry|ArmorTail|TwinBeam,TrickRoom,SunnyDay,Thunderbolt|Relaxed||F|||50|]Torkoal||Charcoal|Drought|Eruption,HeatWave,WeatherBall,Protect|Quiet||F|||50|]Mawile||Mawilite|HyperCutter|PlayRough,IronHead,SuckerPunch,SwordsDance|Brave||M|||50|]Scovillain||Scovillainite|Chlorophyll|Overheat,SolarBeam,RagePowder,Protect|Quiet||F|||50|]Basculegion||FocusSash|Adaptability|Liquidation,AquaJet,LastRespects,Protect|Adamant||M|||50|
|showteam|p2|Floette-Eternal||Floettite|FlowerVeil|DazzlingGleam,DrainingKiss,CalmMind,Protect|Timid||F|||50|]Ceruledge||ColburBerry|FlashFire|BitterBlade,ShadowSneak,BulkUp,Protect|Adamant||M|||50|]Staraptor||Staraptite|Intimidate|BraveBird,CloseCombat,Tailwind,Protect|Jolly||F|||50|]Milotic||Leftovers|Competitive|MuddyWater,Hypnosis,Coil,Protect|Modest||F|||50|]Incineroar||PasshoBerry|Intimidate|FakeOut,ThroatChop,FlareBlitz,PartingShot|Impish||F|||50|]Sinistcha||SitrusBerry|Hospitality|RagePowder,MatchaGotcha,LifeDew,Protect|Calm|||||50|
|j| coolguy14604
|inactive|Battle timer is ON: inactive players will automatically lose when time's up. (requested by tedidn)
|j| the crimson wooper
|j|+Aldrich
|j| TemporalDonut
|
|t:|1782442378
|teamsize|p1|4
|teamsize|p2|4
|start
|switch|p1a: Kangaskhan|Kangaskhan, L50, F|100/100
|switch|p1b: Basculegion|Basculegion, L50, M|100/100
|switch|p2a: Sinistcha|Sinistcha, L50|100/100
|switch|p2b: Incineroar|Incineroar, L50, F|100/100
|-ability|p2b: Incineroar|Intimidate|boost
|-fail|p1a: Kangaskhan|unboost|Attack|[from] ability: Scrappy|[of] p1a: Kangaskhan
|-unboost|p1b: Basculegion|atk|1
|turn|1
|
|t:|1782442397
|switch|p1b: Mawile|Mawile, L50, M|100/100
|switch|p2b: Milotic|Milotic, L50, F, shiny|100/100
|move|p1a: Kangaskhan|Fake Out|p2b: Milotic
|-damage|p2b: Milotic|79/100
|move|p2a: Sinistcha|Matcha Gotcha|p1b: Mawile|[spread] p1b
|-miss|p2a: Sinistcha|p1a: Kangaskhan
|-resisted|p1b: Mawile|1
|-damage|p1b: Mawile|80/100
|
|-heal|p2b: Milotic|85/100|[from] item: Leftovers
|upkeep
|turn|2
|
|t:|1782442413
|detailschange|p1b: Mawile|Mawile-Mega, L50, M
|-mega|p1b: Mawile|Mawile|Mawilite
|move|p2a: Sinistcha|Protect|p2a: Sinistcha
|-singleturn|p2a: Sinistcha|Protect
|move|p2b: Milotic|Hypnosis|p1b: Mawile|[miss]
|-miss|p2b: Milotic|p1b: Mawile
|move|p1a: Kangaskhan|Last Resort|p2b: Milotic
|-damage|p2b: Milotic|18/100
|move|p1b: Mawile|Play Rough|p2b: Milotic
|-damage|p2b: Milotic|0 fnt
|faint|p2b: Milotic
|
|upkeep
|
|t:|1782442417
|switch|p2b: Ceruledge|Ceruledge, L50, M|100/100
|turn|3
|
|t:|1782442422
|switch|p2a: Incineroar|Incineroar, L50, F|100/100
|-ability|p2a: Incineroar|Intimidate|boost
|-fail|p1a: Kangaskhan|unboost|Attack|[from] ability: Scrappy|[of] p1a: Kangaskhan
|-unboost|p1b: Mawile|atk|1
|move|p2b: Ceruledge|Bulk Up|p2b: Ceruledge
|-boost|p2b: Ceruledge|atk|1
|-boost|p2b: Ceruledge|def|1
|move|p1a: Kangaskhan|Last Resort|p2b: Ceruledge
|-damage|p2b: Ceruledge|50/100g
|move|p1b: Mawile|Play Rough|p2b: Ceruledge
|-resisted|p2b: Ceruledge|1
|-damage|p2b: Ceruledge|34/100
|
|upkeep
|turn|4
|
|t:|1782442429
|switch|p2a: Sinistcha|Sinistcha, L50|100/100
|-heal|p2b: Ceruledge|59/100|[from] ability: Hospitality|[of] p2a: Sinistcha
|switch|p1b: Farigiraf|Farigiraf, L50, F|100/100
|move|p2b: Ceruledge|Bitter Blade|p1b: Farigiraf
|-damage|p1b: Farigiraf|54/100
|-heal|p2b: Ceruledge|87/100|[from] drain|[of] p1b: Farigiraf
|move|p1a: Kangaskhan|Last Resort|p2b: Ceruledge
|-damage|p2b: Ceruledge|36/100
|
|upkeep
|turn|5
|
|t:|1782442446
|move|p2b: Ceruledge|Bitter Blade|p1a: Kangaskhan
|-damage|p1a: Kangaskhan|34/100
|-heal|p2b: Ceruledge|75/100|[from] drain|[of] p1a: Kangaskhan
|move|p1a: Kangaskhan|Last Resort|p2b: Ceruledge
|-damage|p2b: Ceruledge|21/100
|move|p2a: Sinistcha|Life Dew||[still]|[spread] p2a,p2b
|-fail|p2a: Sinistcha|heal
|-heal|p2b: Ceruledge|46/100
|move|p1b: Farigiraf|Twin Beam|p2b: Ceruledge
|-damage|p2b: Ceruledge|31/100
|-damage|p2b: Ceruledge|15/100
|-hitcount|p2b: Ceruledge|2
|
|upkeep
|turn|6
|
|t:|1782442470
|move|p2a: Sinistcha|Rage Powder|p2a: Sinistcha
|-singleturn|p2a: Sinistcha|move: Rage Powder
|move|p2b: Ceruledge|Bitter Blade|p1a: Kangaskhan
|-damage|p1a: Kangaskhan|0 fnt
|-heal|p2b: Ceruledge|36/100|[from] drain|[of] p1a: Kangaskhan
|faint|p1a: Kangaskhan
|move|p1b: Farigiraf|Twin Beam|p2a: Sinistcha
|-damage|p2a: Sinistcha|86/100
|-damage|p2a: Sinistcha|72/100
|-hitcount|p2a: Sinistcha|2
|
|upkeep
|
|t:|1782442475
|switch|p1a: Basculegion|Basculegion, L50, M|100/100
|turn|7
|
|t:|1782442486
|switch|p2a: Incineroar|Incineroar, L50, F|100/100
|-ability|p2a: Incineroar|Intimidate|boost
|-unboost|p1a: Basculegion|atk|1
|-unboost|p1b: Farigiraf|atk|1
|move|p2b: Ceruledge|Protect|p2b: Ceruledge
|-singleturn|p2b: Ceruledge|Protect
|move|p1a: Basculegion|Last Respects|p2a: Incineroar
|-resisted|p2a: Incineroar|1
|-damage|p2a: Incineroar|80/100
|move|p1b: Farigiraf|Twin Beam|p2b: Ceruledge
|-activate|p2b: Ceruledge|move: Protect
|
|upkeep
|turn|8
|
|t:|1782442499
|switch|p2b: Sinistcha|Sinistcha, L50|72/100
|-heal|p2a: Incineroar|100/100|[from] ability: Hospitality|[of] p2b: Sinistcha
|move|p1a: Basculegion|Liquidation|p2b: Sinistcha
|-resisted|p2b: Sinistcha|1
|-damage|p2b: Sinistcha|53/100
|move|p2a: Incineroar|Throat Chop|p1a: Basculegion
|-supereffective|p1a: Basculegion|1
|-damage|p1a: Basculegion|20/100y
|-start|p1a: Basculegion|Throat Chop|[silent]
|move|p1b: Farigiraf|Twin Beam|p2b: Sinistcha
|-damage|p2b: Sinistcha|38/100
|-enditem|p2b: Sinistcha|Sitrus Berry|[eat]
|-heal|p2b: Sinistcha|63/100|[from] item: Sitrus Berry
|-damage|p2b: Sinistcha|50/100y
|-hitcount|p2b: Sinistcha|2
|
|upkeep
|turn|9
|j| thebigmacky
|
|t:|1782442517
|switch|p1a: Mawile|Mawile-Mega, L50, M|80/100
|move|p2a: Incineroar|Throat Chop|p1a: Mawile
|-resisted|p1a: Mawile|1
|-damage|p1a: Mawile|65/100
|-start|p1a: Mawile|Throat Chop|[silent]
|move|p2b: Sinistcha|Matcha Gotcha|p1a: Mawile|[spread] p1a,p1b
|-resisted|p1a: Mawile|1
|-damage|p1a: Mawile|52/100
|-heal|p2b: Sinistcha|55/100|[from] drain|[of] p1a: Mawile
|-damage|p1b: Farigiraf|33/100
|-heal|p2b: Sinistcha|68/100|[from] drain|[of] p1b: Farigiraf
|-status|p1b: Farigiraf|brn
|-enditem|p1b: Farigiraf|Sitrus Berry|[eat]
|-heal|p1b: Farigiraf|57/100 brn|[from] item: Sitrus Berry
|move|p1b: Farigiraf|Trick Room|p1b: Farigiraf
|-fieldstart|move: Trick Room|[of] p1b: Farigiraf
|
|-damage|p1b: Farigiraf|51/100 brn|[from] brn
|upkeep
|turn|10
|
|t:|1782442528
|move|p2b: Sinistcha|Rage Powder|p2b: Sinistcha
|-singleturn|p2b: Sinistcha|move: Rage Powder
|move|p1a: Mawile|Play Rough|p2b: Sinistcha
|-damage|p2b: Sinistcha|0 fnt
|faint|p2b: Sinistcha
|move|p1b: Farigiraf|Thunderbolt|p2a: Incineroar
|-damage|p2a: Incineroar|82/100
|move|p2a: Incineroar|Flare Blitz|p1a: Mawile
|-supereffective|p1a: Mawile|1
|-damage|p1a: Mawile|0 fnt
|faint|p1a: Mawile
|-damage|p2a: Incineroar|68/100|[from] Recoil
|
|-damage|p1b: Farigiraf|45/100 brn|[from] brn
|upkeep
|
|t:|1782442533
|switch|p1a: Basculegion|Basculegion, L50, M|20/100y
|switch|p2b: Ceruledge|Ceruledge, L50, M|36/100
|turn|11
|
|t:|1782442541
|move|p2b: Ceruledge|Protect|p2b: Ceruledge
|-singleturn|p2b: Ceruledge|Protect
|move|p1a: Basculegion|Protect|p1a: Basculegion
|-singleturn|p1a: Basculegion|Protect
|move|p1b: Farigiraf|Twin Beam|p2b: Ceruledge
|-activate|p2b: Ceruledge|move: Protect
|move|p2a: Incineroar|Throat Chop|p1a: Basculegion
|-activate|p1a: Basculegion|move: Protect
|
|-damage|p1b: Farigiraf|39/100 brn|[from] brn
|upkeep
|turn|12
|
|t:|1782442555
|move|p1a: Basculegion|Protect||[still]
|-fail|p1a: Basculegion
|move|p1b: Farigiraf|Twin Beam|p2b: Ceruledge
|-damage|p2b: Ceruledge|22/100
|-damage|p2b: Ceruledge|7/100
|-hitcount|p2b: Ceruledge|2
|move|p2a: Incineroar|Throat Chop|p1a: Basculegion
|-supereffective|p1a: Basculegion|1
|-damage|p1a: Basculegion|0 fnt
|faint|p1a: Basculegion
|move|p2b: Ceruledge|Bitter Blade|p1b: Farigiraf
|-damage|p1b: Farigiraf|7/100 brn
|-heal|p2b: Ceruledge|27/100|[from] drain|[of] p1b: Farigiraf
|
|-damage|p1b: Farigiraf|1/100 brn|[from] brn
|upkeep
|turn|13
|c|☆tedidn|gg
|l| the crimson wooper
|l|+Aldrich
|c|☆grok is this real|Ggwp
|l| coolguy14604
|
|t:|1782442573
|move|p2b: Ceruledge|Protect|p2b: Ceruledge
|-singleturn|p2b: Ceruledge|Protect
|move|p1b: Farigiraf|Twin Beam|p2b: Ceruledge
|-activate|p2b: Ceruledge|move: Protect
|move|p2a: Incineroar|Parting Shot|p1b: Farigiraf
|-unboost|p1b: Farigiraf|atk|1
|-unboost|p1b: Farigiraf|spa|1
|
|-damage|p1b: Farigiraf|0 fnt|[from] brn
|faint|p1b: Farigiraf
|
|win|grok is this real
|l|☆tedidn
|player|p1|
|l| TemporalDonut
|l| thebigmacky
