|j|☆McCainiacCombo
|j|☆Sedrav
|html|McCainiacComboSedrav    
|uhtml|bestof|Game 1 of a best-of-3
|t:|1756943653
|gametype|doubles
|player|p1|McCainiacCombo|1|1080
|player|p2|Sedrav|265|1111
|gen|9
|tier|[Gen 9] VGC 2025 Reg H (Bo3)
|rated|
|rule|Species Clause: Limit one of each Pokémon
|rule|Item Clause: Limit 1 of each item
|clearpoke
|poke|p1|Indeedee-F, L50, F|
|poke|p1|Hatterene, L50, F|
|poke|p1|Torkoal, L50, F|
|poke|p1|Araquanid, L50, M|
|poke|p1|Gallade, L50, M|
|poke|p1|Lilligant-Hisui, L50, F|
|poke|p2|Garchomp, L50, M|
|poke|p2|Talonflame, L50, F|
|poke|p2|Gholdengo, L50|
|poke|p2|Tyranitar, L50, M|
|poke|p2|Amoonguss, L50, M|
|poke|p2|Milotic, L50, F|
|teampreview|4
|showteam|p1|Indeedee-F||PsychicSeed|PsychicSurge|FollowMe,HelpingHand,Psychic,TrickRoom|||F|||50|,,,,,Fairy]Hatterene||LifeOrb|MagicBounce|ExpandingForce,DazzlingGleam,TrickRoom,MysticalFire|||F|||50|,,,,,Fire]Torkoal||Charcoal|Drought|Eruption,HeatWave,EarthPower,Protect|||F|||50|,,,,,Fire]Araquanid||ClearAmulet|WaterBubble|Liquidation,LeechLife,WideGuard,Protect|||M|||50|,,,,,Grass]Gallade||ScopeLens|Sharpness|WideGuard,SacredSword,PsychoCut,TrickRoom|||M|||50|,,,,,Grass]Lilligant-Hisui||FocusSash|Chlorophyll|AfterYou,TripleAxel,CloseCombat,SleepPowder|||F|||50|,,,,,Ghost
|showteam|p2|Garchomp||LifeOrb|RoughSkin|DragonClaw,StompingTantrum,Earthquake,Protect|||M|||50|,,,,,Fairy]Talonflame||CovertCloak|GaleWings|BraveBird,Tailwind,WillOWisp,Taunt|||F|||50|,,,,,Grass]Gholdengo||MetalCoat|GoodasGold|MakeItRain,ShadowBall,NastyPlot,Protect||||||50|,,,,,Flying]Tyranitar||AssaultVest|SandStream|RockSlide,KnockOff,LowKick,TeraBlast|||M|||50|,,,,,Flying]Amoonguss||SitrusBerry|Regenerator|Spore,RagePowder,PollenPuff,Protect|||M|||50|,,,,,Water]Milotic||SafetyGoggles|Competitive|Scald,IcyWind,Haze,Protect|||F|||50|,,,,,Dragon
|
|t:|1756943697
|teamsize|p1|4
|teamsize|p2|4
|start
|switch|p1a: Gallade|Gallade, L50, M|100/100
|switch|p1b: Araquanid|Araquanid, L50, M|100/100
|switch|p2a: Gholdengo|Gholdengo, L50|100/100
|switch|p2b: Garchomp|Garchomp, L50, M|100/100
|turn|1
|
|t:|1756943716
|move|p2b: Garchomp|Dragon Claw|p1b: Araquanid
|-damage|p1b: Araquanid|39/100
|-damage|p2b: Garchomp|91/100|[from] item: Life Orb
|move|p2a: Gholdengo|Shadow Ball|p1a: Gallade
|-supereffective|p1a: Gallade
|-damage|p1a: Gallade|25/100
|-unboost|p1a: Gallade|spd|1
|move|p1b: Araquanid|Liquidation|p2a: Gholdengo
|-damage|p2a: Gholdengo|25/100
|move|p1a: Gallade|Trick Room|p1a: Gallade
|-fieldstart|move: Trick Room|[of] p1a: Gallade
|
|upkeep
|turn|2
|
|t:|1756943758
|move|p2a: Gholdengo|Protect|p2a: Gholdengo
|-singleturn|p2a: Gholdengo|Protect
|move|p1b: Araquanid|Liquidation|p2a: Gholdengo
|-activate|p2a: Gholdengo|move: Protect
|move|p1a: Gallade|Psycho Cut|p2b: Garchomp
|-crit|p2b: Garchomp
|-damage|p2b: Garchomp|4/100
|move|p2b: Garchomp|Earthquake|p1b: Araquanid|[spread] p1a,p1b
|-activate|p2a: Gholdengo|move: Protect
|-resisted|p1b: Araquanid
|-damage|p1a: Gallade|0 fnt
|-damage|p1b: Araquanid|8/100
|faint|p1a: Gallade
|-damage|p2b: Garchomp|0 fnt|[from] item: Life Orb
|faint|p2b: Garchomp
|
|upkeep
|inactive|Battle timer is ON: inactive players will automatically lose when time's up. (requested by McCainiacCombo)
|
|t:|1756943776
|switch|p1a: Torkoal|Torkoal, L50, F|100/100
|switch|p2b: Amoonguss|Amoonguss, L50, M|100/100
|-weather|SunnyDay|[from] ability: Drought|[of] p1a: Torkoal
|turn|3
|inactive|Sedrav has 30 seconds left.
|
|t:|1756943803
|switch|p2a: Tyranitar|Tyranitar, L50, M|100/100
|-weather|Sandstorm|[from] ability: Sand Stream|[of] p2a: Tyranitar
|-terastallize|p2b: Amoonguss|Water
|move|p1a: Torkoal|Eruption|p2b: Amoonguss|[spread] p2a,p2b
|-resisted|p2a: Tyranitar
|-resisted|p2b: Amoonguss
|-damage|p2a: Tyranitar|90/100
|-damage|p2b: Amoonguss|75/100
|move|p2b: Amoonguss|Spore|p1a: Torkoal
|-status|p1a: Torkoal|slp|[from] move: Spore
|move|p1b: Araquanid|Leech Life|p2b: Amoonguss
|-damage|p2b: Amoonguss|49/100
|-heal|p1b: Araquanid|24/100|[from] drain|[of] p2b: Amoonguss
|-enditem|p2b: Amoonguss|Sitrus Berry|[eat]
|-heal|p2b: Amoonguss|74/100|[from] item: Sitrus Berry
|
|-weather|Sandstorm|[upkeep]
|-damage|p1a: Torkoal|94/100 slp|[from] Sandstorm
|-damage|p2b: Amoonguss|68/100|[from] Sandstorm
|-damage|p1b: Araquanid|19/100|[from] Sandstorm
|upkeep
|turn|4
|inactive|McCainiacCombo has 30 seconds left.
|inactive|McCainiacCombo has 20 seconds left.
|
|t:|1756943839
|switch|p1a: Indeedee|Indeedee-F, L50, F|100/100
|-fieldstart|move: Psychic Terrain|[from] ability: Psychic Surge|[of] p1a: Indeedee
|-enditem|p1a: Indeedee|Psychic Seed
|-boost|p1a: Indeedee|spd|1|[from] item: Psychic Seed
|-terastallize|p1b: Araquanid|Grass
|move|p2b: Amoonguss|Rage Powder|p2b: Amoonguss
|-singleturn|p2b: Amoonguss|move: Rage Powder
|move|p1b: Araquanid|Leech Life|p2a: Tyranitar
|-supereffective|p2a: Tyranitar
|-damage|p2a: Tyranitar|44/100
|-heal|p1b: Araquanid|46/100|[from] drain|[of] p2a: Tyranitar
|move|p2a: Tyranitar|Rock Slide|p1b: Araquanid|[spread] p1a,p1b
|-damage|p1a: Indeedee|72/100
|-damage|p1b: Araquanid|13/100
|
|-weather|Sandstorm|[upkeep]
|-damage|p2b: Amoonguss|62/100|[from] Sandstorm
|-damage|p1b: Araquanid|7/100|[from] Sandstorm
|-damage|p1a: Indeedee|65/100|[from] Sandstorm
|upkeep
|turn|5
|inactive|Sedrav has 30 seconds left.
|
|t:|1756943866
|switch|p2a: Gholdengo|Gholdengo, L50|25/100
|move|p2b: Amoonguss|Spore|p1a: Indeedee
|-status|p1a: Indeedee|slp|[from] move: Spore
|move|p1b: Araquanid|Leech Life|p2a: Gholdengo
|-resisted|p2a: Gholdengo
|-damage|p2a: Gholdengo|17/100
|-heal|p1b: Araquanid|11/100|[from] drain|[of] p2a: Gholdengo
|cant|p1a: Indeedee|slp
|
|-weather|Sandstorm|[upkeep]
|-damage|p2b: Amoonguss|56/100|[from] Sandstorm
|-damage|p1b: Araquanid|6/100|[from] Sandstorm
|-damage|p1a: Indeedee|59/100 slp|[from] Sandstorm
|-fieldend|move: Trick Room
|upkeep
|turn|6
|
|t:|1756943883
|switch|p1a: Torkoal|Torkoal, L50, F|94/100 slp
|-weather|SunnyDay|[from] ability: Drought|[of] p1a: Torkoal
|move|p1b: Araquanid|Protect|p1b: Araquanid
|-singleturn|p1b: Araquanid|Protect
|move|p2a: Gholdengo|Make It Rain|p1b: Araquanid|[spread] p1a
|-activate|p1b: Araquanid|move: Protect
|-resisted|p1a: Torkoal
|-damage|p1a: Torkoal|57/100 slp
|-unboost|p2a: Gholdengo|spa|1
|move|p2b: Amoonguss|Pollen Puff|p2a: Gholdengo
|-heal|p2a: Gholdengo|67/100
|
|-weather|SunnyDay|[upkeep]
|upkeep
|turn|7
|
|t:|1756943903
|switch|p2b: Tyranitar|Tyranitar, L50, M|44/100
|-weather|Sandstorm|[from] ability: Sand Stream|[of] p2b: Tyranitar
|move|p2a: Gholdengo|Make It Rain|p1a: Torkoal|[spread] p1a,p1b
|-resisted|p1a: Torkoal
|-damage|p1a: Torkoal|34/100 slp
|-damage|p1b: Araquanid|0 fnt
|-unboost|p2a: Gholdengo|spa|1
|faint|p1b: Araquanid
|cant|p1a: Torkoal|slp
|
|-weather|Sandstorm|[upkeep]
|-damage|p1a: Torkoal|28/100 slp|[from] Sandstorm
|upkeep
|
|t:|1756943910
|switch|p1b: Indeedee|Indeedee-F, L50, F|59/100 slp
|turn|8
|
|t:|1756943924
|-curestatus|p1b: Indeedee|slp|[msg]
|move|p1b: Indeedee|Helping Hand|p1a: Torkoal
|-singleturn|p1a: Torkoal|Helping Hand|[of] p1b: Indeedee
|move|p2a: Gholdengo|Shadow Ball|p1a: Torkoal
|-damage|p1a: Torkoal|2/100 slp
|move|p2b: Tyranitar|Knock Off|p1b: Indeedee
|-supereffective|p1b: Indeedee
|-damage|p1b: Indeedee|0 fnt
|faint|p1b: Indeedee
|cant|p1a: Torkoal|slp
|
|-weather|Sandstorm|[upkeep]
|-damage|p1a: Torkoal|0 fnt|[from] Sandstorm
|faint|p1a: Torkoal
|
|win|Sedrav
