|j|☆wingblade33
|j|☆pruaxx
|html|wingblade33pruaxx    
|uhtml|bestof|Game 1 of a best-of-3
|t:|1783616545
|gametype|doubles
|player|p1|wingblade33|265|1217
|player|p2|pruaxx|pokemaniac|1294
|gen|9
|tier|[Gen 9 Champions] VGC 2026 Reg M-B (Bo3)
|rated|
|rule|Species Clause: Limit one of each Pokémon
|rule|Item Clause: Limit 1 of each item
|clearpoke
|poke|p1|Staraptor, L50, F|
|poke|p1|Whimsicott, L50, M|
|poke|p1|Garchomp, L50, M|
|poke|p1|Charizard, L50, M|
|poke|p1|Gholdengo, L50|
|poke|p1|Basculegion, L50, M|
|poke|p2|Delphox, L50, M|
|poke|p2|Maushold, L50|
|poke|p2|Garchomp, L50, M|
|poke|p2|Incineroar, L50, M|
|poke|p2|Farigiraf, L50, F|
|poke|p2|Eelektross, L50, F|
|teampreview|4
|showteam|p1|Staraptor||Staraptite|Intimidate|BraveBird,CloseCombat,Protect,Roost|Jolly||F|||50|]Whimsicott||FocusSash|Prankster|Moonblast,Tailwind,Charm,Encore|Timid||M|||50|]Garchomp||LifeOrb|RoughSkin|Protect,Earthquake,DragonClaw,RockSlide|Jolly||M|||50|]Charizard||CharizarditeY|Blaze|HeatWave,WeatherBall,SolarBeam,Protect|Modest||M|||50|]Gholdengo||Leftovers|GoodasGold|MakeItRain,ShadowBall,NastyPlot,Protect|Modest|||||50|]Basculegion||MysticWater|Adaptability|WaveCrash,AquaJet,LastRespects,Protect|Adamant||M|||50|
|showteam|p2|Delphox||Delphoxite|Blaze|HeatWave,Psyshock,NastyPlot,Protect|Modest||M|||50|]Maushold||WideLens|Technician|PopulationBomb,FollowMe,Encore,ThunderWave|Jolly|||||50|]Garchomp||LifeOrb|RoughSkin|Earthquake,StompingTantrum,DragonClaw,Protect|Adamant||M|||50|]Incineroar||Leftovers|Intimidate|FakeOut,FlareBlitz,DarkestLariat,PartingShot|Careful||M|||50|]Farigiraf||SitrusBerry|ArmorTail|Psychic,HyperVoice,TrickRoom,HelpingHand|Bold||F|||50|]Eelektross||Eelektrossite|Levitate|Thunderbolt,Flamethrower,Discharge,Protect|Modest||F|||50|
|inactive|Battle timer is ON: inactive players will automatically lose when time's up. (requested by pruaxx)
|inactive|wingblade33 has 60 seconds left.
|inactive|pruaxx has 60 seconds left.
|inactive|wingblade33 has 30 seconds left.
|inactive|pruaxx has 30 seconds left.
|inactive|pruaxx has 20 seconds left.
|inactive|pruaxx has 15 seconds left.
|inactive|pruaxx has 10 seconds left.
|
|t:|1783616628
|teamsize|p1|4
|teamsize|p2|4
|start
|switch|p1a: Basculegion|Basculegion, L50, M|100/100
|switch|p1b: Garchomp|Garchomp, L50, M|100/100
|switch|p2a: Incineroar|Incineroar, L50, M|100/100
|switch|p2b: Farigiraf|Farigiraf, L50, F|100/100
|-ability|p2a: Incineroar|Intimidate|boost
|-unboost|p1a: Basculegion|atk|1
|-unboost|p1b: Garchomp|atk|1
|turn|1
|inactive|wingblade33 has 30 seconds left.
|
|t:|1783616662
|move|p1b: Garchomp|Protect|p1b: Garchomp
|-singleturn|p1b: Garchomp|Protect
|move|p2a: Incineroar|Fake Out|p1b: Garchomp
|-activate|p1b: Garchomp|move: Protect
|move|p1a: Basculegion|Wave Crash|p2a: Incineroar
|-supereffective|p2a: Incineroar|1
|-damage|p2a: Incineroar|0 fnt
|faint|p2a: Incineroar
|-damage|p1a: Basculegion|65/100|[from] Recoil
|move|p2b: Farigiraf|Trick Room|p2b: Farigiraf
|-fieldstart|move: Trick Room|[of] p2b: Farigiraf
|
|upkeep
|
|t:|1783616679
|switch|p2a: Eelektross|Eelektross, L50, F|100/100
|turn|2
|inactive|wingblade33 has 30 seconds left.
|inactive|wingblade33 has 20 seconds left.
|inactive|wingblade33 has 15 seconds left.
|inactive|pruaxx has 30 seconds left.
|
|t:|1783616724
|switch|p2b: Garchomp|Garchomp, L50, M|100/100
|detailschange|p2a: Eelektross|Eelektross-Mega, L50, F
|-mega|p2a: Eelektross|Eelektross|Eelektrossite
|move|p1a: Basculegion|Protect|p1a: Basculegion
|-singleturn|p1a: Basculegion|Protect
|move|p2a: Eelektross|Discharge|p1a: Basculegion|[spread] 
|-activate|p1a: Basculegion|move: Protect
|-immune|p2b: Garchomp
|-immune|p1b: Garchomp
|move|p1b: Garchomp|Rock Slide|p2b: Garchomp|[spread] p2a,p2b
|-resisted|p2b: Garchomp|1
|-damage|p2a: Eelektross|81/100
|-damage|p2b: Garchomp|92/100
|-damage|p1b: Garchomp|90/100|[from] item: Life Orb
|
|upkeep
|turn|3
|inactive|wingblade33 has 30 seconds left.
|inactive|wingblade33 has 20 seconds left.
|
|t:|1783616763
|switch|p1b: Whimsicott|Whimsicott, L50, M|100/100
|move|p1a: Basculegion|Aqua Jet|p2a: Eelektross
|-damage|p2a: Eelektross|56/100
|move|p2a: Eelektross|Discharge|p1a: Basculegion|[spread] p1a,p1b
|-immune|p2b: Garchomp
|-supereffective|p1a: Basculegion|1
|-resisted|p1b: Whimsicott|1
|-damage|p1a: Basculegion|0 fnt
|-damage|p1b: Whimsicott|72/100
|faint|p1a: Basculegion
|-ability|p2a: Eelektross|Eelevate|boost
|-boost|p2a: Eelektross|spa|1
|move|p2b: Garchomp|Dragon Claw|p1b: Whimsicott
|-immune|p1b: Whimsicott
|
|upkeep
|
|t:|1783616781
|switch|p1a: Charizard|Charizard, L50, M|100/100
|turn|4
|inactive|wingblade33 has 30 seconds left.
|
|t:|1783616815
|detailschange|p1a: Charizard|Charizard-Mega-Y, L50, M
|-mega|p1a: Charizard|Charizard|Charizardite Y
|-weather|SunnyDay|[from] ability: Drought|[of] p1a: Charizard
|move|p2b: Garchomp|Protect|p2b: Garchomp
|-singleturn|p2b: Garchomp|Protect
|move|p1a: Charizard|Protect|p1a: Charizard
|-singleturn|p1a: Charizard|Protect
|move|p1b: Whimsicott|Encore|p2a: Eelektross
|-start|p2a: Eelektross|Encore
|move|p2a: Eelektross|Discharge|p1a: Charizard|[spread] p1b
|-activate|p2b: Garchomp|move: Protect
|-activate|p1a: Charizard|move: Protect
|-resisted|p1b: Whimsicott|1
|-damage|p1b: Whimsicott|26/100
|
|-weather|SunnyDay|[upkeep]
|upkeep
|turn|5
|
|t:|1783616839
|switch|p1a: Garchomp|Garchomp, L50, M|90/100
|move|p2b: Garchomp|Protect||[still]
|-fail|p2b: Garchomp
|move|p1b: Whimsicott|Charm|p2b: Garchomp
|-unboost|p2b: Garchomp|atk|2
|move|p2a: Eelektross|Discharge|p1b: Whimsicott|[spread] p1b
|-immune|p2b: Garchomp
|-immune|p1a: Garchomp
|-resisted|p1b: Whimsicott|1
|-damage|p1b: Whimsicott|0 fnt
|faint|p1b: Whimsicott
|-ability|p2a: Eelektross|Eelevate|boost
|-boost|p2a: Eelektross|spa|1
|
|-weather|SunnyDay|[upkeep]
|-fieldend|move: Trick Room
|upkeep
|
|t:|1783616854
|switch|p1b: Charizard|Charizard-Mega-Y, L50, M|100/100
|turn|6
|
|t:|1783616865
|move|p1a: Garchomp|Dragon Claw|p2b: Garchomp
|-supereffective|p2b: Garchomp|1
|-damage|p2b: Garchomp|1/100
|-damage|p1a: Garchomp|77/100|[from] ability: Rough Skin|[of] p2b: Garchomp
|-damage|p1a: Garchomp|68/100|[from] item: Life Orb
|move|p1b: Charizard|Weather Ball|p2a: Eelektross
|-damage|p2a: Eelektross|0 fnt
|faint|p2a: Eelektross
|move|p2b: Garchomp|Dragon Claw|p1a: Garchomp
|-supereffective|p1a: Garchomp|1
|-damage|p1a: Garchomp|16/100
|-damage|p2b: Garchomp|0 fnt|[from] ability: Rough Skin|[of] p1a: Garchomp
|faint|p2b: Garchomp
|
|-weather|SunnyDay|[upkeep]
|upkeep
|inactive|pruaxx has 30 seconds left.
|inactive|pruaxx has 20 seconds left.
|inactive|pruaxx has 15 seconds left.
|inactive|pruaxx has 10 seconds left.
|inactive|pruaxx has 5 seconds left.
|
|t:|1783616920
|switch|p2a: Farigiraf|Farigiraf, L50, F|100/100
|turn|7
|-message|pruaxx forfeited.
|
|win|wingblade33
|l|☆pruaxx
|player|p2|
||wingblade33 is ready for game 2.
||pruaxx is ready for game 2.
|uhtml|next|Next: Game 2 of 3
