|j|☆Mercedes AMG C63
|j|☆noLifeNL
|html|Mercedes AMG C63noLifeNL    
|uhtml|bestof|Game 2 of a best-of-3
|t:|1782654421
|gametype|doubles
|player|p1|Mercedes AMG C63|marshal|
|player|p2|noLifeNL|serena|
|gen|9
|tier|[Gen 9 Champions] VGC 2026 Reg M-B (Bo3)
|rule|Species Clause: Limit one of each Pokémon
|rule|Item Clause: Limit 1 of each item
|clearpoke
|poke|p1|Swampert, L50, M|
|poke|p1|Pelipper, L50, F|
|poke|p1|Archaludon, L50, F|
|poke|p1|Basculegion, L50, M|
|poke|p1|Venusaur, L50, F|
|poke|p1|Sableye, L50, F|
|poke|p2|Clefable, L50, M|
|poke|p2|Scolipede, L50, F|
|poke|p2|Gengar, L50, F|
|poke|p2|Blaziken, L50, F|
|poke|p2|Banette, L50, M|
|poke|p2|Lopunny, L50, M|
|teampreview|4
|showteam|p1|Swampert||Swampertite|Torrent|WaveCrash,Protect,IcePunch,Earthquake|Adamant||M|||50|]Pelipper||SitrusBerry|Drizzle|Hurricane,Tailwind,Soak,Protect|Modest||F|||50|]Archaludon||Leftovers|Stamina|ElectroShot,DracoMeteor,FlashCannon,Protect|Modest||F|||50|]Basculegion||ChoiceScarf|Adaptability|AquaJet,WaveCrash,FlipTurn,LastRespects|Jolly||M|||50|]Venusaur||Venusaurite|Overgrow|EarthPower,SludgeBomb,GigaDrain,Protect|Modest||F|||50|]Sableye||LightClay|Prankster|LightScreen,WillOWisp,Quash,RainDance|Careful||F|||50|
|showteam|p2|Clefable||Clefablite|Unaware|CosmicPower,BatonPass,FollowMe,Moonblast|Bold||M|||50|]Scolipede||Scolipite|SpeedBoost|LeechLife,PoisonJab,Toxic,Protect|Adamant||F|||50|]Gengar||Gengarite|CursedBody|PsychUp,ShadowBall,SludgeBomb,Protect|Timid||F|||50|]Blaziken||Blazikenite|SpeedBoost|SwordsDance,BatonPass,FlareBlitz,Protect|Adamant||F|||50|]Banette||Banettite|CursedBody|PsychUp,PainSplit,ShadowClaw,Protect|Adamant||M|||50|]Lopunny||Lopunnite|Limber|BatonPass,CosmicPower,FakeOut,CloseCombat|Jolly||M|||50|
|inactive|Battle timer is ON: inactive players will automatically lose when time's up. (requested by noLifeNL)
|j| eifar
|inactive|Mercedes AMG C63 has 60 seconds left.
|j| peer+mol
|l| peer+mol
|
|t:|1782654471
|teamsize|p1|4
|teamsize|p2|4
|start
|switch|p1a: Archaludon|Archaludon, L50, F|100/100
|switch|p1b: Pelipper|Pelipper, L50, F|100/100
|switch|p2a: Blaziken|Blaziken, L50, F|100/100
|switch|p2b: Clefable|Clefable, L50, M|100/100
|-weather|RainDance|[from] ability: Drizzle|[of] p1b: Pelipper
|turn|1
|
|t:|1782654488
|move|p2b: Clefable|Follow Me|p2b: Clefable
|-singleturn|p2b: Clefable|move: Follow Me
|move|p2a: Blaziken|Swords Dance|p2a: Blaziken
|-boost|p2a: Blaziken|atk|2
|move|p1b: Pelipper|Soak|p2b: Clefable
|-start|p2b: Clefable|typechange|Water
|move|p1a: Archaludon|Electro Shot||[still]
|-prepare|p1a: Archaludon|Electro Shot
|-boost|p1a: Archaludon|spa|1
|-anim|p1a: Archaludon|Electro Shot|p2b: Clefable
|-supereffective|p2b: Clefable|1
|-damage|p2b: Clefable|26/100
|
|-weather|RainDance|[upkeep]
|-ability|p2a: Blaziken|Speed Boost|boost
|-boost|p2a: Blaziken|spe|1
|upkeep
|turn|2
|
|t:|1782654505
|move|p1a: Archaludon|Protect|p1a: Archaludon
|-singleturn|p1a: Archaludon|Protect
|move|p2b: Clefable|Follow Me|p2b: Clefable
|-singleturn|p2b: Clefable|move: Follow Me
|move|p2a: Blaziken|Baton Pass|p2a: Blaziken
|
|t:|1782654511
|switch|p2a: Scolipede|Scolipede, L50, F|100/100|[from] Baton Pass
|move|p1b: Pelipper|Hurricane|p2b: Clefable
|-damage|p2b: Clefable|0 fnt
|faint|p2b: Clefable
|
|-weather|RainDance|[upkeep]
|upkeep
|
|t:|1782654520
|switch|p2b: Banette|Banette, L50, M|100/100
|turn|3
|j| peer+mol
|inactive|noLifeNL has 30 seconds left.
|
|t:|1782654548
|move|p2a: Scolipede|Protect|p2a: Scolipede
|-singleturn|p2a: Scolipede|Protect
|move|p2b: Banette|Protect|p2b: Banette
|-singleturn|p2b: Banette|Protect
|move|p1b: Pelipper|Soak|p2b: Banette
|-activate|p2b: Banette|move: Protect
|move|p1a: Archaludon|Electro Shot||[still]
|-prepare|p1a: Archaludon|Electro Shot
|-boost|p1a: Archaludon|spa|1
|-anim|p1a: Archaludon|Electro Shot|p2b: Banette
|-activate|p2b: Banette|move: Protect
|
|-weather|RainDance|[upkeep]
|-ability|p2a: Scolipede|Speed Boost|boost
|-boost|p2a: Scolipede|spe|1
|upkeep
|turn|4
|inactive|noLifeNL has 30 seconds left.
|
|t:|1782654574
|detailschange|p2b: Banette|Banette-Mega, L50, M
|-mega|p2b: Banette|Banette|Banettite
|move|p1b: Pelipper|Protect|p1b: Pelipper
|-singleturn|p1b: Pelipper|Protect
|move|p2b: Banette|Psych Up|p2a: Scolipede
|-copyboost|p2b: Banette|p2a: Scolipede|[from] move: Psych Up
|move|p2a: Scolipede|Poison Jab|p1b: Pelipper
|-activate|p1b: Pelipper|move: Protect
|move|p1a: Archaludon|Electro Shot||[still]
|-prepare|p1a: Archaludon|Electro Shot
|-boost|p1a: Archaludon|spa|1
|-anim|p1a: Archaludon|Electro Shot|p2b: Banette
|-damage|p2b: Banette|0 fnt
|faint|p2b: Banette
|
|-weather|RainDance|[upkeep]
|-ability|p2a: Scolipede|Speed Boost|boost
|-boost|p2a: Scolipede|spe|1
|upkeep
|
|t:|1782654575
|switch|p2b: Blaziken|Blaziken, L50, F|100/100
|turn|5
|j| LivioVGC
|inactive|Mercedes AMG C63 has 30 seconds left.
|l| LivioVGC
|inactive|Mercedes AMG C63 has 20 seconds left.
|
|t:|1782654611
|move|p1a: Archaludon|Protect|p1a: Archaludon
|-singleturn|p1a: Archaludon|Protect
|move|p2a: Scolipede|Poison Jab|p1b: Pelipper
|-damage|p1b: Pelipper|40/100
|-enditem|p1b: Pelipper|Sitrus Berry|[eat]
|-heal|p1b: Pelipper|64/100|[from] item: Sitrus Berry
|move|p2b: Blaziken|Swords Dance|p2b: Blaziken
|-boost|p2b: Blaziken|atk|2
|move|p1b: Pelipper|Hurricane|p2a: Scolipede
|-supereffective|p2a: Scolipede|1
|-damage|p2a: Scolipede|0 fnt
|faint|p2a: Scolipede
|
|-weather|none
|-ability|p2b: Blaziken|Speed Boost|boost
|-boost|p2b: Blaziken|spe|1
|upkeep
|turn|6
|c|☆Mercedes AMG C63|welp
|
|t:|1782654633
|switch|p1b: Basculegion|Basculegion, L50, M|100/100
|move|p2b: Blaziken|Flare Blitz|p1a: Archaludon
|-damage|p1a: Archaludon|2/100
|-ability|p1a: Archaludon|Stamina|boost
|-boost|p1a: Archaludon|def|1
|-damage|p2b: Blaziken|59/100|[from] Recoil
|move|p1a: Archaludon|Draco Meteor|p2b: Blaziken
|-damage|p2b: Blaziken|0 fnt
|-unboost|p1a: Archaludon|spa|2
|faint|p2b: Blaziken
|
|win|Mercedes AMG C63
|c|☆Mercedes AMG C63|gg
|c|☆Mercedes AMG C63|xD
|c|☆noLifeNL|ggs
|c|☆Mercedes AMG C63|bro
|c|☆Mercedes AMG C63|je team
|c|☆noLifeNL|mega ass man
|c|☆noLifeNL|HAHAHAH
|c|☆Mercedes AMG C63|is in eerste instantie
|c|☆Mercedes AMG C63|zo eng
|c|☆Mercedes AMG C63|HAHAHAHHA
|c|☆Mercedes AMG C63|wat een pot bro
|c|☆Mercedes AMG C63|ik ga helemaal stuk
|l| eifar
|c|☆Mercedes AMG C63|ik dacht gelijk eerst van
|c|☆Mercedes AMG C63|''wat voor een comp is dit''
|c|☆Mercedes AMG C63|en toen keek ik naar je sheet
|c|☆Mercedes AMG C63|was gwn flabbergasted
|c|☆Mercedes AMG C63|LOOOOL
|c|☆noLifeNL|HAHAHAH
|c|☆noLifeNL|ewaja!
|c| peer+mol|Chuck is ondergereden door een mercedes
