|j|☆DragonDanceKyuremB
|j|☆TicklemyStaraptor
|html|DragonDanceKyuremBTicklemyStaraptor    
|uhtml|bestof|Game 1 of a best-of-3
|t:|1784578189
|gametype|doubles
|player|p1|DragonDanceKyuremB|hilbert-wonderlauncher|1000
|player|p2|TicklemyStaraptor|sisandbro|1034
|gen|9
|tier|[Gen 9 Champions] VGC 2026 Reg M-B (Bo3)
|rated|
|rule|Species Clause: Limit one of each Pokémon
|rule|Item Clause: Limit 1 of each item
|clearpoke
|poke|p1|Tyranitar, L50, F, shiny|
|poke|p1|Sinistcha-Masterpiece, L50, shiny|
|poke|p1|Sneasler, L50, F, shiny|
|poke|p1|Whimsicott, L50, F|
|poke|p1|Excadrill, L50, F|
|poke|p1|Armarouge, L50, F, shiny|
|poke|p2|Aerodactyl, L50, F|
|poke|p2|Alakazam, L50, M|
|poke|p2|Arcanine, L50, F, shiny|
|poke|p2|Aegislash, L50, M, shiny|
|poke|p2|Sinistcha, L50|
|poke|p2|Espeon, L50, F, shiny|
|teampreview|4
|showteam|p1|Tyranitar||Tyranitarite|SandStream|DragonDance,Crunch,RockSlide,Protect|Careful||F|||50|]Sinistcha-Masterpiece||SitrusBerry|Hospitality|StrengthSap,MatchaGotcha,RagePowder,Protect|Bold|||||50|]Sneasler||LifeOrb|PoisonTouch|DireClaw,FakeOut,CloseCombat,Uturn|Jolly||F|||50|]Whimsicott||FocusSash|Prankster|Encore,Taunt,Tailwind,Moonblast|Timid||F|||50|]Excadrill||ChopleBerry|SandRush|DrillRun,IronHead,RockSlide,Protect|Adamant||F|||50|]Armarouge||ShucaBerry|FlashFire|ArmorCannon,EnergyBall,Psychic,Protect|Modest||F|||50|
|showteam|p2|Aerodactyl||Aerodactylite|RockHead|RockSlide,Tailwind,DualWingbeat,Taunt|Jolly||F|||50|]Alakazam||Alakazite|InnerFocus|ExpandingForce,DazzlingGleam,ShadowBall,Protect|Timid||M|||50|]Arcanine||SitrusBerry|Intimidate|Howl,FlareBlitz,Protect,PlayRough|Adamant||F|||50|]Aegislash||Leftovers|StanceChange|KingsShield,GyroBall,IronHead,Poltergeist|Brave||M|||50|]Sinistcha||OccaBerry|Hospitality|TrickRoom,RagePowder,StrengthSap,MatchaGotcha|Relaxed|||||50|]Espeon||FocusSash|MagicBounce|PsychicTerrain,ExpandingForce,Protect,DazzlingGleam|Timid||F|||50|
|inactive|Battle timer is ON: inactive players will automatically lose when time's up. (requested by DragonDanceKyuremB)
|inactive|DragonDanceKyuremB has 60 seconds left.
|
|t:|1784578237
|teamsize|p1|4
|teamsize|p2|4
|start
|switch|p1a: Whimsicott|Whimsicott, L50, F|100/100
|switch|p1b: Sneasler|Sneasler, L50, F, shiny|100/100
|switch|p2a: Aerodactyl|Aerodactyl, L50, F|100/100
|switch|p2b: Espeon|Espeon, L50, F, shiny|100/100
|turn|1
|
|t:|1784578259
|move|p1b: Sneasler|Fake Out|p2a: Aerodactyl
|-resisted|p2a: Aerodactyl|1
|-damage|p2a: Aerodactyl|85/100
|-damage|p1b: Sneasler|90/100|[from] item: Life Orb
|move|p1a: Whimsicott|Tailwind|p1a: Whimsicott
|-sidestart|p1: DragonDanceKyuremB|move: Tailwind
|cant|p2a: Aerodactyl|flinch
|move|p2b: Espeon|Psychic Terrain|p2b: Espeon
|-fieldstart|move: Psychic Terrain
|
|upkeep
|turn|2
|inactive|DragonDanceKyuremB has 30 seconds left.
|
|t:|1784578284
|switch|p1a: Tyranitar|Tyranitar, L50, F, shiny|100/100
|-weather|Sandstorm|[from] ability: Sand Stream|[of] p1a: Tyranitar
|move|p1b: Sneasler|U-turn|p2b: Espeon
|-supereffective|p2b: Espeon|1
|-enditem|p2b: Espeon|Focus Sash
|-damage|p2b: Espeon|1/100
|-status|p2b: Espeon|psn|[from] ability: Poison Touch|[of] p1b: Sneasler
|-damage|p1b: Sneasler|80/100|[from] item: Life Orb
|
|t:|1784578296
|switch|p1b: Whimsicott|Whimsicott, L50, F|100/100|[from] U-turn
|move|p2a: Aerodactyl|Dual Wingbeat|p1a: Tyranitar
|-resisted|p1a: Tyranitar|1
|-damage|p1a: Tyranitar|92/100
|-resisted|p1a: Tyranitar|1
|-damage|p1a: Tyranitar|84/100
|-hitcount|p1a: Tyranitar|2
|move|p2b: Espeon|Expanding Force|p1a: Tyranitar|[spread] p1b
|-immune|p1a: Tyranitar
|-damage|p1b: Whimsicott|11/100
|
|-weather|Sandstorm|[upkeep]
|-damage|p1b: Whimsicott|5/100|[from] Sandstorm
|-damage|p2b: Espeon|0 fnt|[from] Sandstorm
|faint|p2b: Espeon
|upkeep
|
|t:|1784578303
|switch|p2b: Arcanine|Arcanine, L50, F, shiny|100/100
|-ability|p2b: Arcanine|Intimidate|boost
|-unboost|p1a: Tyranitar|atk|1
|-unboost|p1b: Whimsicott|atk|1
|turn|3
|
|t:|1784578326
|switch|p1a: Armarouge|Armarouge, L50, F, shiny|100/100
|move|p2b: Arcanine|Protect|p2b: Arcanine
|-singleturn|p2b: Arcanine|Protect
|move|p1b: Whimsicott|Moonblast|p2a: Aerodactyl
|-damage|p2a: Aerodactyl|58/100
|move|p2a: Aerodactyl|Tailwind|p2a: Aerodactyl
|-sidestart|p2: TicklemyStaraptor|move: Tailwind
|
|-weather|Sandstorm|[upkeep]
|-damage|p1b: Whimsicott|0 fnt|[from] Sandstorm
|-damage|p2b: Arcanine|93/100|[from] Sandstorm
|-damage|p1a: Armarouge|94/100|[from] Sandstorm
|faint|p1b: Whimsicott
|upkeep
|
|t:|1784578342
|switch|p1b: Tyranitar|Tyranitar, L50, F, shiny|84/100
|turn|4
|
|t:|1784578359
|detailschange|p1b: Tyranitar|Tyranitar-Mega, L50, F, shiny
|-mega|p1b: Tyranitar|Tyranitar|Tyranitarite
|move|p2a: Aerodactyl|Taunt|p1b: Tyranitar
|-start|p1b: Tyranitar|move: Taunt
|move|p2b: Arcanine|Howl|p2b: Arcanine|[spread] p2a,p2b
|-boost|p2a: Aerodactyl|atk|1
|-boost|p2b: Arcanine|atk|1
|move|p1a: Armarouge|Psychic|p2a: Aerodactyl
|-damage|p2a: Aerodactyl|1/100
|cant|p1b: Tyranitar|move: Taunt|Dragon Dance
|
|-weather|Sandstorm|[upkeep]
|-damage|p2b: Arcanine|87/100|[from] Sandstorm
|-damage|p1a: Armarouge|88/100|[from] Sandstorm
|-sideend|p1: DragonDanceKyuremB|move: Tailwind
|upkeep
|turn|5
|
|t:|1784578377
|move|p2b: Arcanine|Protect|p2b: Arcanine
|-singleturn|p2b: Arcanine|Protect
|move|p1a: Armarouge|Protect|p1a: Armarouge
|-singleturn|p1a: Armarouge|Protect
|move|p2a: Aerodactyl|Rock Slide|p1b: Tyranitar|[spread] p1b
|-activate|p1a: Armarouge|move: Protect
|-damage|p1b: Tyranitar|57/100
|cant|p1b: Tyranitar|flinch
|
|-weather|Sandstorm|[upkeep]
|-damage|p2b: Arcanine|81/100|[from] Sandstorm
|-damage|p1a: Armarouge|82/100|[from] Sandstorm
|-fieldend|move: Psychic Terrain
|upkeep
|turn|6
|
|t:|1784578394
|move|p2a: Aerodactyl|Rock Slide|p1a: Armarouge|[spread] p1a,p1b
|-supereffective|p1a: Armarouge|1
|-damage|p1a: Armarouge|0 fnt
|-damage|p1b: Tyranitar|33/100
|faint|p1a: Armarouge
|move|p2b: Arcanine|Play Rough|p1b: Tyranitar|[miss]
|-miss|p2b: Arcanine|p1b: Tyranitar
|move|p1b: Tyranitar|Rock Slide|p2b: Arcanine|[spread] p2a,p2b
|-supereffective|p2a: Aerodactyl|1
|-supereffective|p2b: Arcanine|1
|-damage|p2a: Aerodactyl|0 fnt
|-damage|p2b: Arcanine|7/100
|-enditem|p2b: Arcanine|Sitrus Berry|[eat]
|-heal|p2b: Arcanine|32/100|[from] item: Sitrus Berry
|faint|p2a: Aerodactyl
|
|-weather|none
|-end|p1b: Tyranitar|move: Taunt
|-sideend|p2: TicklemyStaraptor|move: Tailwind
|upkeep
|
|t:|1784578412
|switch|p2a: Alakazam|Alakazam, L50, M|100/100
|switch|p1a: Sneasler|Sneasler, L50, F, shiny|80/100
|turn|7
|
|t:|1784578426
|detailschange|p2a: Alakazam|Alakazam-Mega, L50, M
|-mega|p2a: Alakazam|Alakazam|Alakazite
|-ability|p2a: Alakazam|Poison Touch|Trace|[from] ability: Trace|[of] p1a: Sneasler
|move|p2a: Alakazam|Protect|p2a: Alakazam
|-singleturn|p2a: Alakazam|Protect
|move|p2b: Arcanine|Protect|p2b: Arcanine
|-singleturn|p2b: Arcanine|Protect
|move|p1a: Sneasler|Fake Out|p2a: Alakazam
|-activate|p2a: Alakazam|move: Protect
|move|p1b: Tyranitar|Rock Slide|p2a: Alakazam|[spread] 
|-activate|p2a: Alakazam|move: Protect
|-activate|p2b: Arcanine|move: Protect
|
|upkeep
|turn|8
|
|t:|1784578447
|move|p2a: Alakazam|Expanding Force|p1a: Sneasler
|-supereffective|p1a: Sneasler|2
|-damage|p1a: Sneasler|0 fnt
|faint|p1a: Sneasler
|move|p2b: Arcanine|Play Rough|p1b: Tyranitar
|-supereffective|p1b: Tyranitar|1
|-damage|p1b: Tyranitar|0 fnt
|faint|p1b: Tyranitar
|
|win|TicklemyStaraptor
|l|☆TicklemyStaraptor
|player|p2|
|inactive|DragonDanceKyuremB has 30 seconds to confirm battle start!
|inactive|TicklemyStaraptor has 30 seconds to confirm battle start!
