|j|☆kingambitstan
|j|☆catastrozzoliverdi
|html|kingambitstancatastrozzoliverdi    
|uhtml|bestof|Game 1 of a best-of-3
|t:|1757848166
|gametype|doubles
|player|p1|kingambitstan|rika|1385
|player|p2|catastrozzoliverdi|alder|1353
|gen|9
|tier|[Gen 9] VGC 2025 Reg H (Bo3)
|rated|
|rule|Species Clause: Limit one of each Pokémon
|rule|Item Clause: Limit 1 of each item
|clearpoke
|poke|p1|Sneasler, L50, F|
|poke|p1|Rillaboom, L50, F|
|poke|p1|Electabuzz, L50, M|
|poke|p1|Kingambit, L50, F|
|poke|p1|Ursaluna-Bloodmoon, L50, M|
|poke|p1|Ninetales-Alola, L50, M|
|poke|p2|Garchomp, L50, M|
|poke|p2|Jumpluff, L50, F|
|poke|p2|Torkoal, L50, M|
|poke|p2|Dragonite, L50, M|
|poke|p2|Kingambit, L50, M|
|poke|p2|Typhlosion-Hisui, L50, M|
|teampreview|4
|showteam|p1|Sneasler||FocusSash|PoisonTouch|DireClaw,CloseCombat,Coaching,Protect|||F|||50|,,,,,Stellar]Rillaboom||AssaultVest|GrassySurge|FakeOut,WoodHammer,GrassyGlide,HighHorsepower|||F|||50|,,,,,Fire]Electabuzz||Eviolite|VitalSpirit|FollowMe,Thunderbolt,Taunt,Protect|||M|||50|,,,,,Ghost]Kingambit||BlackGlasses|Defiant|SuckerPunch,KowtowCleave,SwordsDance,Protect|||F|||50|,,,,,Dark]Ursaluna-Bloodmoon||LifeOrb|MindsEye|HyperVoice,BloodMoon,EarthPower,Protect|||M|||50|,,,,,Normal]Ninetales-Alola||CovertCloak|SnowWarning|Blizzard,IcyWind,AuroraVeil,Encore|||M|||50|,,,,,Ice
|showteam|p2|Garchomp||LifeOrb|RoughSkin|Earthquake,StompingTantrum,DragonClaw,Protect|||M|||50|,,,,,Fairy]Jumpluff||CovertCloak|Chlorophyll|SleepPowder,RagePowder,Encore,Tailwind|||F|||50|,,,,,Ghost]Torkoal||EjectPack|Drought|Overheat,BurningJealousy,HelpingHand,Protect|||M|||50|,,,,,Flying]Dragonite||LoadedDice|Multiscale|ScaleShot,ExtremeSpeed,IceSpinner,Protect|||M|||50|,,,,,Fairy]Kingambit||AssaultVest|Defiant|IronHead,SuckerPunch,Assurance,LowKick|||M|||50|,,,,,Flying]Typhlosion-Hisui||ChoiceSpecs|Blaze|Eruption,ShadowBall,HeatWave,Overheat|||M|||50|,,,,,Fire
|inactive|Battle timer is ON: inactive players will automatically lose when time's up. (requested by kingambitstan)
|inactive|kingambitstan has 60 seconds left.
|inactive|catastrozzoliverdi has 60 seconds left.
|
|t:|1757848214
|teamsize|p1|4
|teamsize|p2|4
|start
|switch|p1a: Ralsei|Electabuzz, L50, M, shiny|100/100
|switch|p1b: Dess|Sneasler, L50, F|100/100
|switch|p2a: Garchomp|Garchomp, L50, M|100/100
|switch|p2b: Kingambit|Kingambit, L50, M|100/100
|turn|1
|
|t:|1757848227
|switch|p1a: Gerson Boom|Rillaboom, L50, F|100/100
|-fieldstart|move: Grassy Terrain|[from] ability: Grassy Surge|[of] p1a: Gerson Boom
|switch|p2b: Dragonite|Dragonite, L50, M|100/100
|move|p1b: Dess|Protect|p1b: Dess
|-singleturn|p1b: Dess|Protect
|move|p2a: Garchomp|Earthquake|p1b: Dess|[spread] p1a
|-activate|p1b: Dess|move: Protect
|-immune|p2b: Dragonite
|-resisted|p1a: Gerson Boom
|-damage|p1a: Gerson Boom|87/100
|-damage|p2a: Garchomp|91/100|[from] item: Life Orb
|
|-heal|p2a: Garchomp|97/100|[from] Grassy Terrain
|-heal|p1a: Gerson Boom|94/100|[from] Grassy Terrain
|upkeep
|turn|2
|
|t:|1757848241
|move|p1a: Gerson Boom|Fake Out|p2a: Garchomp
|-crit|p2a: Garchomp
|-damage|p2a: Garchomp|72/100
|-damage|p1a: Gerson Boom|81/100|[from] ability: Rough Skin|[of] p2a: Garchomp
|move|p1b: Dess|Coaching|p1a: Gerson Boom
|-boost|p1a: Gerson Boom|atk|1
|-boost|p1a: Gerson Boom|def|1
|cant|p2a: Garchomp|flinch
|move|p2b: Dragonite|Ice Spinner|p1a: Gerson Boom
|-supereffective|p1a: Gerson Boom
|-damage|p1a: Gerson Boom|41/100
|-fieldend|move: Grassy Terrain
|
|upkeep
|turn|3
|
|t:|1757848265
|move|p1b: Dess|Dire Claw|p2b: Dragonite
|-damage|p2b: Dragonite|77/100
|move|p2a: Garchomp|Earthquake|p1b: Dess|[spread] p1a,p1b
|-immune|p2b: Dragonite
|-resisted|p1a: Gerson Boom
|-supereffective|p1b: Dess
|-damage|p1a: Gerson Boom|24/100
|-enditem|p1b: Dess|Focus Sash
|-damage|p1b: Dess|1/100
|-damage|p2a: Garchomp|62/100|[from] item: Life Orb
|move|p2b: Dragonite|Ice Spinner|p1a: Gerson Boom
|-supereffective|p1a: Gerson Boom
|-damage|p1a: Gerson Boom|0 fnt
|faint|p1a: Gerson Boom
|
|upkeep
|
|t:|1757848278
|switch|p1a: Kris|Kingambit, L50, F|100/100
|turn|4
|
|t:|1757848299
|switch|p1b: Ralsei|Electabuzz, L50, M, shiny|100/100
|-terastallize|p1a: Kris|Dark
|move|p2b: Dragonite|Extreme Speed|p1b: Ralsei
|-damage|p1b: Ralsei|69/100
|move|p1a: Kris|Sucker Punch|p2a: Garchomp
|-damage|p2a: Garchomp|2/100
|-damage|p1a: Kris|88/100|[from] ability: Rough Skin|[of] p2a: Garchomp
|move|p2a: Garchomp|Stomping Tantrum|p1a: Kris
|-damage|p1a: Kris|45/100
|-damage|p2a: Garchomp|0 fnt|[from] item: Life Orb
|faint|p2a: Garchomp
|
|upkeep
|
|t:|1757848311
|switch|p2a: Kingambit|Kingambit, L50, M|100/100
|turn|5
|
|t:|1757848332
|-terastallize|p2b: Dragonite|Fairy
|move|p1b: Ralsei|Follow Me|p1b: Ralsei
|-singleturn|p1b: Ralsei|move: Follow Me
|move|p2b: Dragonite|Scale Shot|p1b: Ralsei
|-damage|p1b: Ralsei|55/100
|-crit|p1b: Ralsei
|-damage|p1b: Ralsei|35/100
|-damage|p1b: Ralsei|21/100
|-damage|p1b: Ralsei|6/100
|-damage|p1b: Ralsei|0 fnt
|faint|p1b: Ralsei
|-hitcount|p1: Ralsei|5
|-unboost|p2b: Dragonite|def|1
|-boost|p2b: Dragonite|spe|1
|move|p1a: Kris|Kowtow Cleave|p2b: Dragonite
|-resisted|p2b: Dragonite
|-crit|p2b: Dragonite
|-damage|p2b: Dragonite|0 fnt
|faint|p2b: Dragonite
|move|p2a: Kingambit|Low Kick|p1a: Kris
|-supereffective|p1a: Kris
|-damage|p1a: Kris|0 fnt
|faint|p1a: Kris
|
|upkeep
|
|t:|1757848346
|switch|p1b: Dess|Sneasler, L50, F|1/100
|switch|p2b: Typhlosion|Typhlosion-Hisui, L50, M|100/100
|turn|6
|
|t:|1757848356
|move|p2a: Kingambit|Sucker Punch|p1b: Dess
|-resisted|p1b: Dess
|-damage|p1b: Dess|0 fnt
|faint|p1b: Dess
|
|win|catastrozzoliverdi
||kingambitstan is ready for game 2.
|inactive|catastrozzoliverdi has 30 seconds to confirm battle start!
||catastrozzoliverdi is ready for game 2.
|uhtml|next|Next: Game 2 of 3
|l|☆kingambitstan
|player|p1|
