|j|☆Recentclaw
|j|☆saboyita
|html|Recentclawsaboyita    
|uhtml|bestof|Game 2 of a best-of-3
|t:|1756771762
|gametype|doubles
|player|p1|Recentclaw|giovanni|1108
|player|p2|saboyita|grimsley|1127
|gen|9
|tier|[Gen 9] VGC 2025 Reg H (Bo3)
|rated|
|rule|Species Clause: Limit one of each Pokémon
|rule|Item Clause: Limit 1 of each item
|clearpoke
|poke|p1|Sneasler, L50, M|
|poke|p1|Dragonite, L50, M|
|poke|p1|Incineroar, L50, F|
|poke|p1|Ursaluna-Bloodmoon, L50, M|
|poke|p1|Gholdengo, L50|
|poke|p1|Amoonguss, L50, F|
|poke|p2|Incineroar, L50, F|
|poke|p2|Rillaboom, L50, F|
|poke|p2|Ursaluna-Bloodmoon, L50, M|
|poke|p2|Sneasler, L50, M|
|poke|p2|Dragonite, L50, M|
|poke|p2|Gholdengo, L50|
|teampreview|4
|showteam|p1|Sneasler||FocusSash|Unburden|DireClaw,CloseCombat,FakeOut,Protect|||M|||50|,,,,,Fairy]Dragonite||LoadedDice|InnerFocus|Haze,ScaleShot,Tailwind,ExtremeSpeed|||M|||50|,,,,,Fairy]Incineroar||SafetyGoggles|Intimidate|FakeOut,FlareBlitz,KnockOff,PartingShot|||F|||50|,,,,,Grass]Ursaluna-Bloodmoon||AssaultVest|MindsEye|BloodMoon,EarthPower,HyperVoice,Snarl|||M|||50|,,,,,Water]Gholdengo||GrassySeed|GoodasGold|MakeItRain,ShadowBall,NastyPlot,Protect||||||50|,,,,,Dragon]Amoonguss||RoomService|Regenerator|Spore,RagePowder,PollenPuff,Protect|||F|||50|,,,,,Water
|showteam|p2|Incineroar||SafetyGoggles|Intimidate|FlareBlitz,KnockOff,FakeOut,PartingShot|||F|||50|,,,,,Ghost]Rillaboom||AssaultVest|GrassySurge|WoodHammer,GrassyGlide,FakeOut,HighHorsepower|||F|||50|,,,,,Fire]Ursaluna-Bloodmoon||Leftovers|MindsEye|BloodMoon,EarthPower,CalmMind,Protect|||M|||50|,,,,,Electric]Sneasler||FocusSash|PoisonTouch|CloseCombat,DireClaw,FakeOut,Coaching|||M|||50|,,,,,Ghost]Dragonite||LoadedDice|Multiscale|ScaleShot,Tailwind,Haze,Protect|||M|||50|,,,,,Steel]Gholdengo||LifeOrb|GoodasGold|MakeItRain,ShadowBall,NastyPlot,Protect||||||50|,,,,,Water
|inactive|Battle timer is ON: inactive players will automatically lose when time's up. (requested by saboyita)
|inactive|Recentclaw also wants the timer to be on.
|inactive|Recentclaw has 60 seconds left.
|inactive|saboyita has 60 seconds left.
|
|t:|1756771808
|teamsize|p1|4
|teamsize|p2|4
|start
|switch|p1a: Golden|Gholdengo, L50|100/100
|switch|p1b: Your Idol|Incineroar, L50, F|100/100
|switch|p2a: Bruh|Incineroar, L50, F|100/100
|switch|p2b: Ursaluna|Ursaluna-Bloodmoon, L50, M|100/100
|-ability|p2a: Bruh|Intimidate|boost
|-unboost|p1a: Golden|atk|1
|-unboost|p1b: Your Idol|atk|1
|-ability|p1b: Your Idol|Intimidate|boost
|-unboost|p2a: Bruh|atk|1
|-unboost|p2b: Ursaluna|atk|1
|turn|1
|
|t:|1756771829
|move|p1a: Golden|Protect|p1a: Golden
|-singleturn|p1a: Golden|Protect
|move|p2a: Bruh|Fake Out|p1b: Your Idol
|-damage|p1b: Your Idol|94/100
|move|p2b: Ursaluna|Calm Mind|p2b: Ursaluna
|-boost|p2b: Ursaluna|spa|1
|-boost|p2b: Ursaluna|spd|1
|cant|p1b: Your Idol|flinch
|
|upkeep
|turn|2
|inactive|saboyita has 30 seconds left.
|inactive|saboyita has 20 seconds left.
|
|t:|1756771866
|switch|p1a: Free|Dragonite, L50, M|100/100
|move|p2a: Bruh|Knock Off|p1a: Free
|-damage|p1a: Free|75/100
|-enditem|p1a: Free|Loaded Dice|[from] move: Knock Off|[of] p2a: Bruh
|move|p2b: Ursaluna|Earth Power|p1b: Your Idol
|-supereffective|p1b: Your Idol
|-damage|p1b: Your Idol|0 fnt
|faint|p1b: Your Idol
|
|upkeep
|
|t:|1756771878
|switch|p1b: Golden|Gholdengo, L50|100/100
|turn|3
|
|t:|1756771891
|-terastallize|p1b: Golden|Dragon
|move|p1b: Golden|Nasty Plot|p1b: Golden
|-boost|p1b: Golden|spa|2
|move|p1a: Free|Tailwind|p1a: Free
|-sidestart|p1: Recentclaw|move: Tailwind
|move|p2a: Bruh|Parting Shot|p1a: Free
|-unboost|p1a: Free|atk|1
|-unboost|p1a: Free|spa|1
|
|t:|1756771900
|switch|p2a: Dragonite|Dragonite, L50, M|100/100|[from] Parting Shot
|move|p2b: Ursaluna|Calm Mind|p2b: Ursaluna
|-boost|p2b: Ursaluna|spa|1
|-boost|p2b: Ursaluna|spd|1
|
|upkeep
|turn|4
|inactive|saboyita has 30 seconds left.
|inactive|saboyita has 20 seconds left.
|inactive|saboyita has 15 seconds left.
|inactive|saboyita has 10 seconds left.
|inactive|saboyita has 5 seconds left.
|
|t:|1756771955
|switch|p1b: Soda Pop|Amoonguss, L50, F|100/100
|move|p1a: Free|Haze|p1a: Free
|-clearallboost
|move|p2a: Dragonite|Scale Shot|p1b: Soda Pop
|-damage|p1b: Soda Pop|89/100
|-damage|p1b: Soda Pop|76/100
|-damage|p1b: Soda Pop|63/100
|-damage|p1b: Soda Pop|50/100
|-hitcount|p1b: Soda Pop|4
|-unboost|p2a: Dragonite|def|1
|-boost|p2a: Dragonite|spe|1
|move|p2b: Ursaluna|Blood Moon|p1a: Free
|-damage|p1a: Free|0 fnt
|faint|p1a: Free
|
|upkeep
|
|t:|1756771972
|switch|p1a: Golden|Gholdengo, L50, tera:Dragon|100/100
|turn|5
|
|t:|1756771996
|move|p1a: Golden|Protect|p1a: Golden
|-singleturn|p1a: Golden|Protect
|move|p2a: Dragonite|Tailwind|p2a: Dragonite
|-sidestart|p2: saboyita|move: Tailwind
|move|p2b: Ursaluna|Earth Power|p1b: Soda Pop
|-damage|p1b: Soda Pop|4/100
|move|p1b: Soda Pop|Spore|p2a: Dragonite
|-status|p2a: Dragonite|slp|[from] move: Spore
|
|upkeep
|turn|6
|
|t:|1756772021
|cant|p2a: Dragonite|slp
|move|p1a: Golden|Nasty Plot|p1a: Golden
|-boost|p1a: Golden|spa|2
|move|p2b: Ursaluna|Earth Power|p1a: Golden
|-damage|p1a: Golden|49/100
|move|p1b: Soda Pop|Pollen Puff|p2a: Dragonite
|-resisted|p2a: Dragonite
|-damage|p2a: Dragonite|96/100 slp
|
|-sideend|p1: Recentclaw|move: Tailwind
|upkeep
|turn|7
|
|t:|1756772041
|-terastallize|p2a: Dragonite|Steel
|move|p2b: Ursaluna|Protect|p2b: Ursaluna
|-singleturn|p2b: Ursaluna|Protect
|cant|p2a: Dragonite|slp
|move|p1a: Golden|Make It Rain|p2a: Dragonite|[spread] p2a
|-activate|p2b: Ursaluna|move: Protect
|-resisted|p2a: Dragonite
|-damage|p2a: Dragonite|48/100 slp
|-unboost|p1a: Golden|spa|1
|move|p1b: Soda Pop|Pollen Puff|p1a: Golden
|-heal|p1a: Golden|99/100
|
|upkeep
|turn|8
|inactive|Recentclaw has 30 seconds left.
|inactive|saboyita has 30 seconds left.
|
|t:|1756772072
|move|p1b: Soda Pop|Protect|p1b: Soda Pop
|-singleturn|p1b: Soda Pop|Protect
|-curestatus|p2a: Dragonite|slp|[msg]
|move|p2a: Dragonite|Scale Shot|p1b: Soda Pop
|-activate|p1b: Soda Pop|move: Protect
|move|p2b: Ursaluna|Blood Moon|p1a: Golden
|-damage|p1a: Golden|19/100
|move|p1a: Golden|Nasty Plot|p1a: Golden
|-boost|p1a: Golden|spa|2
|
|-sideend|p2: saboyita|move: Tailwind
|upkeep
|turn|9
|
|t:|1756772095
|move|p1b: Soda Pop|Rage Powder|p1b: Soda Pop
|-singleturn|p1b: Soda Pop|move: Rage Powder
|move|p2a: Dragonite|Tailwind|p2a: Dragonite
|-sidestart|p2: saboyita|move: Tailwind
|move|p2b: Ursaluna|Earth Power|p1b: Soda Pop
|-damage|p1b: Soda Pop|0 fnt
|faint|p1b: Soda Pop
|move|p1a: Golden|Make It Rain|p2a: Dragonite|[spread] p2a,p2b
|-resisted|p2a: Dragonite
|-crit|p2a: Dragonite
|-damage|p2a: Dragonite|0 fnt
|-damage|p2b: Ursaluna|0 fnt
|-unboost|p1a: Golden|spa|1
|faint|p2a: Dragonite
|faint|p2b: Ursaluna
|
|upkeep
|
|t:|1756772104
|switch|p2a: Bruh|Incineroar, L50, F|100/100
|switch|p2b: Gholdengo|Gholdengo, L50|100/100
|-ability|p2a: Bruh|Intimidate|boost
|-unboost|p1a: Golden|atk|1
|turn|10
|
|t:|1756772117
|move|p1a: Golden|Protect|p1a: Golden
|-singleturn|p1a: Golden|Protect
|move|p2a: Bruh|Fake Out|p1a: Golden
|-activate|p1a: Golden|move: Protect
|move|p2b: Gholdengo|Shadow Ball|p1a: Golden
|-activate|p1a: Golden|move: Protect
|
|upkeep
|turn|11
|
|t:|1756772123
|move|p1a: Golden|Protect||[still]
|-fail|p1a: Golden
|move|p2b: Gholdengo|Shadow Ball|p1a: Golden
|-damage|p1a: Golden|0 fnt
|faint|p1a: Golden
|-damage|p2b: Gholdengo|90/100|[from] item: Life Orb
|
|win|saboyita
|raw|Recentclaw's rating: 1108 → 1084(-24 for losing)
|raw|saboyita's rating: 1127 → 1151(+24 for winning)
