|j|☆r4ka
|j|☆mr.pickup
|html|r4kamr.pickup    
|uhtml|bestof|Game 2 of a best-of-3
|t:|1757188170
|gametype|doubles
|player|p1|r4ka|101|1318
|player|p2|mr.pickup|pokemaniac|1259
|gen|9
|tier|[Gen 9] VGC 2025 Reg H (Bo3)
|rated|
|rule|Species Clause: Limit one of each Pokémon
|rule|Item Clause: Limit 1 of each item
|clearpoke
|poke|p1|Rillaboom, L50, F|
|poke|p1|Dragonite, L50, F|
|poke|p1|Sneasler, L50, M|
|poke|p1|Kingambit, L50, M|
|poke|p1|Electabuzz, L50, M|
|poke|p1|Volcarona, L50, M|
|poke|p2|Gallade, L50, M|
|poke|p2|Indeedee-F, L50, F|
|poke|p2|Dragapult, L50, M|
|poke|p2|Whimsicott, L50, F|
|poke|p2|Ursaluna-Bloodmoon, L50, M|
|poke|p2|Typhlosion, L50, M|
|teampreview|4
|showteam|p1|Rillaboom||AssaultVest|GrassySurge|FakeOut,HighHorsepower,WoodHammer,GrassyGlide|||F|||50|,,,,,Fire]Dragonite||LoadedDice|Multiscale|ExtremeSpeed,ScaleShot,Protect,Haze|||F|||50|,,,,,Steel]Sneasler||FocusSash|PoisonTouch|DireClaw,CloseCombat,FakeOut,Coaching|||M|||50|,,,,,Stellar]Kingambit||BlackGlasses|Defiant|KowtowCleave,SuckerPunch,SwordsDance,Protect|||M|||50|,,,,,Ghost]Electabuzz||Eviolite|VitalSpirit|Thunderbolt,Taunt,Protect,FollowMe|||M|||50|,,,,,Ghost]Volcarona||Leftovers|FlameBody|HeatWave,TeraBlast,QuiverDance,Protect|||M|||50|,,,,,Fairy
|showteam|p2|Gallade||ClearAmulet|Sharpness|TrickRoom,PsychoCut,SacredSword,WideGuard|||M|||50|,,,,,Fighting]Indeedee-F||RockyHelmet|PsychicSurge|FollowMe,TrickRoom,Protect,Psychic|||F|||50|,,,,,Fairy]Dragapult||ChoiceBand|ClearBody|DragonDarts,Outrage,Uturn,PhantomForce|||M|||50|,,,,,Dragon]Whimsicott||CovertCloak|Prankster|SunnyDay,Moonblast,Encore,Tailwind|||F|||50|,,,,,Water]Ursaluna-Bloodmoon||ThroatSpray|MindsEye|HyperVoice,BloodMoon,EarthPower,Snarl|||M|||50|,,,,,Normal]Typhlosion||ChoiceSpecs|FlashFire|HeatWave,Eruption,ScorchingSands,ShadowBall|||M|||50|,,,,,Fire
|inactive|Battle timer is ON: inactive players will automatically lose when time's up. (requested by mr.pickup)
|
|t:|1757188179
|teamsize|p1|4
|teamsize|p2|4
|start
|switch|p1a: Dragonite|Dragonite, L50, F, shiny|100/100
|switch|p1b: Sneasler|Sneasler, L50, M|100/100
|switch|p2a: Datthew|Dragapult, L50, M|100/100
|switch|p2b: Germy long nail|Gallade, L50, M|100/100
|turn|1
|inactive|r4ka has 30 seconds left.
|inactive|r4ka has 20 seconds left.
|inactive|r4ka has 15 seconds left.
|
|t:|1757188220
|switch|p2b: Whimsicott|Whimsicott, L50, F|100/100
|move|p1b: Sneasler|Fake Out|p2b: Whimsicott
|-damage|p2b: Whimsicott|82/100
|move|p2a: Datthew|Dragon Darts|p1a: Dragonite
|-supereffective|p1a: Dragonite
|-damage|p1a: Dragonite|61/100
|-anim|p2a: Datthew|Dragon Darts|p1b: Sneasler
|-damage|p1b: Sneasler|31/100
|move|p1a: Dragonite|Scale Shot|p2a: Datthew
|-supereffective|p2a: Datthew
|-damage|p2a: Datthew|62/100
|-supereffective|p2a: Datthew
|-crit|p2a: Datthew
|-damage|p2a: Datthew|4/100
|-supereffective|p2a: Datthew
|-damage|p2a: Datthew|0 fnt
|faint|p2a: Datthew
|-hitcount|p2: Datthew|3
|-unboost|p1a: Dragonite|def|1
|-boost|p1a: Dragonite|spe|1
|
|upkeep
|
|t:|1757188232
|switch|p2a: Freddy freak bear|Ursaluna-Bloodmoon, L50, M|100/100
|turn|2
|inactive|r4ka has 30 seconds left.
|
|t:|1757188259
|switch|p1b: Rillaboom|Rillaboom, L50, F|100/100
|-fieldstart|move: Grassy Terrain|[from] ability: Grassy Surge|[of] p1b: Rillaboom
|switch|p2a: Germy long nail|Gallade, L50, M|100/100
|move|p2b: Whimsicott|Tailwind|p2b: Whimsicott
|-sidestart|p2: mr.pickup|move: Tailwind
|move|p1a: Dragonite|Scale Shot|p2a: Germy long nail
|-damage|p2a: Germy long nail|81/100
|-damage|p2a: Germy long nail|58/100
|-damage|p2a: Germy long nail|35/100
|-damage|p2a: Germy long nail|16/100
|-hitcount|p2a: Germy long nail|4
|-unboost|p1a: Dragonite|def|1
|-boost|p1a: Dragonite|spe|1
|
|-heal|p2b: Whimsicott|89/100|[from] Grassy Terrain
|-heal|p2a: Germy long nail|22/100|[from] Grassy Terrain
|upkeep
|turn|3
|inactive|r4ka has 30 seconds left.
|inactive|mr.pickup has 30 seconds left.
|
|t:|1757188288
|move|p1a: Dragonite|Extreme Speed|p2a: Germy long nail
|-damage|p2a: Germy long nail|0 fnt
|faint|p2a: Germy long nail
|move|p2b: Whimsicott|Moonblast|p1a: Dragonite
|-supereffective|p1a: Dragonite
|-damage|p1a: Dragonite|3/100
|move|p1b: Rillaboom|Wood Hammer|p2b: Whimsicott
|-resisted|p2b: Whimsicott
|-damage|p2b: Whimsicott|37/100
|-damage|p1b: Rillaboom|87/100|[from] Recoil
|
|-heal|p2b: Whimsicott|43/100|[from] Grassy Terrain
|-heal|p1b: Rillaboom|93/100|[from] Grassy Terrain
|upkeep
|
|t:|1757188296
|switch|p2a: Freddy freak bear|Ursaluna-Bloodmoon, L50, M|100/100
|turn|4
|
|t:|1757188308
|-terastallize|p2a: Freddy freak bear|Normal
|move|p1a: Dragonite|Extreme Speed|p2b: Whimsicott
|-damage|p2b: Whimsicott|3/100
|move|p2b: Whimsicott|Encore|p1b: Rillaboom
|-start|p1b: Rillaboom|Encore
|move|p2a: Freddy freak bear|Hyper Voice|p1b: Rillaboom|[spread] p1a,p1b
|-damage|p1a: Dragonite|0 fnt
|-damage|p1b: Rillaboom|52/100
|faint|p1a: Dragonite
|-enditem|p2a: Freddy freak bear|Throat Spray
|-boost|p2a: Freddy freak bear|spa|1|[from] item: Throat Spray
|move|p1b: Rillaboom|Wood Hammer|p2b: Whimsicott
|-resisted|p2b: Whimsicott
|-damage|p2b: Whimsicott|0 fnt
|faint|p2b: Whimsicott
|-damage|p1b: Rillaboom|52/100|[from] Recoil
|
|-heal|p1b: Rillaboom|58/100|[from] Grassy Terrain
|upkeep
|
|t:|1757188325
|switch|p1a: Sneasler|Sneasler, L50, M|31/100
|turn|5
|
|t:|1757188330
|move|p1a: Sneasler|Fake Out|p2a: Freddy freak bear
|-damage|p2a: Freddy freak bear|91/100
|-status|p2a: Freddy freak bear|psn|[from] ability: Poison Touch|[of] p1a: Sneasler
|cant|p2a: Freddy freak bear|flinch
|move|p1b: Rillaboom|Wood Hammer|p2a: Freddy freak bear
|-damage|p2a: Freddy freak bear|39/100 psn
|-damage|p1b: Rillaboom|39/100|[from] Recoil
|
|-heal|p1a: Sneasler|37/100|[from] Grassy Terrain
|-heal|p2a: Freddy freak bear|45/100 psn|[from] Grassy Terrain
|-heal|p1b: Rillaboom|45/100|[from] Grassy Terrain
|-damage|p2a: Freddy freak bear|32/100 psn|[from] psn
|-sideend|p2: mr.pickup|move: Tailwind
|upkeep
|turn|6
|
|t:|1757188335
|move|p1a: Sneasler|Close Combat|p2a: Freddy freak bear
|-supereffective|p2a: Freddy freak bear
|-damage|p2a: Freddy freak bear|0 fnt
|-unboost|p1a: Sneasler|def|1
|-unboost|p1a: Sneasler|spd|1
|faint|p2a: Freddy freak bear
|
|win|r4ka
|raw|r4ka's rating: 1318 → 1335(+17 for winning)
|raw|mr.pickup's rating: 1259 → 1238(-21 for losing)
