|j|☆sbhaga34
|j|☆DeewompostYT
|html|sbhaga34DeewompostYT    
|uhtml|bestof|Game 3 of a best-of-3
|t:|1756756701
|gametype|doubles
|player|p1|sbhaga34|hugh|1239
|player|p2|DeewompostYT|candice|1220
|gen|9
|tier|[Gen 9] VGC 2025 Reg H (Bo3)
|rated|
|rule|Species Clause: Limit one of each Pokémon
|rule|Item Clause: Limit 1 of each item
|clearpoke
|poke|p1|Indeedee-F, L50, F|
|poke|p1|Murkrow, L50, F|
|poke|p1|Tyranitar, L50, F|
|poke|p1|Excadrill, L50, M|
|poke|p1|Gardevoir, L50, M|
|poke|p1|Ursaluna-Bloodmoon, L50, M|
|poke|p2|Indeedee, L50, M|
|poke|p2|Sneasler, L50, M|
|poke|p2|Whimsicott, L50, F|
|poke|p2|Ursaluna-Bloodmoon, L50, M|
|poke|p2|Electabuzz, L50, M|
|poke|p2|Dragonite, L50, M|
|teampreview|4
|showteam|p1|Indeedee-F||SafetyGoggles|PsychicSurge|FollowMe,TrickRoom,Imprison,Psychic|||F|||50|,,,,,Fairy]Murkrow||Eviolite|Prankster|Tailwind,Haze,BraveBird,FoulPlay|||F|||50|,,,,,Ghost]Tyranitar||WeaknessPolicy|SandStream|RockSlide,KnockOff,LowKick,Protect|||F|||50|,,,,,Flying]Excadrill||FocusSash|SandRush|Earthquake,IronHead,SwordsDance,Protect|||M|||50|,,,,,Ground]Gardevoir||ChoiceScarf|Telepathy|ExpandingForce,DazzlingGleam,Moonblast,IcyWind|||M|||50|,,,,,Psychic]Ursaluna-Bloodmoon||LifeOrb|MindsEye|BloodMoon,HyperVoice,EarthPower,Protect|||M|||50|,,,,,Normal
|showteam|p2|Indeedee||FocusSash|PsychicSurge|ExpandingForce,TrickRoom,Imprison,Protect|||M|||50|,,,,,Psychic]Sneasler||PsychicSeed|Unburden|DireClaw,CloseCombat,ThroatChop,Protect|||M|||50|,,,,,Stellar]Whimsicott||CovertCloak|Prankster|Tailwind,HelpingHand,Moonblast,Protect|||F|||50|,,,,,Dark]Ursaluna-Bloodmoon||LifeOrb|MindsEye|HyperVoice,EarthPower,BloodMoon,Protect|||M|||50|,,,,,Ghost]Electabuzz||Eviolite|VitalSpirit|FollowMe,Electroweb,Taunt,Protect|||M|||50|,,,,,Grass]Dragonite||LoadedDice|InnerFocus|ScaleShot,Haze,Tailwind,Protect|||M|||50|,,,,,Dragon
|
|t:|1756756742
|teamsize|p1|4
|teamsize|p2|4
|start
|switch|p1a: Murkrow|Murkrow, L50, F|100/100
|switch|p1b: Excadrill|Excadrill, L50, M, shiny|100/100
|switch|p2a: Ursaluna|Ursaluna-Bloodmoon, L50, M|100/100
|switch|p2b: Sneasler|Sneasler, L50, M|100/100
|turn|1
|inactive|Battle timer is ON: inactive players will automatically lose when time's up. (requested by sbhaga34)
|
|t:|1756756801
|move|p1b: Excadrill|Protect|p1b: Excadrill
|-singleturn|p1b: Excadrill|Protect
|move|p1a: Murkrow|Tailwind|p1a: Murkrow
|-sidestart|p1: sbhaga34|move: Tailwind
|move|p2b: Sneasler|Close Combat|p1b: Excadrill
|-activate|p1b: Excadrill|move: Protect
|move|p2a: Ursaluna|Hyper Voice|p1b: Excadrill|[spread] p1a
|-activate|p1b: Excadrill|move: Protect
|-damage|p1a: Murkrow|46/100
|-damage|p2a: Ursaluna|91/100|[from] item: Life Orb
|
|upkeep
|turn|2
|inactive|DeewompostYT has 30 seconds left.
|
|t:|1756756833
|switch|p1b: Tyranitar|Tyranitar, L50, F|100/100
|-weather|Sandstorm|[from] ability: Sand Stream|[of] p1b: Tyranitar
|move|p2b: Sneasler|Protect|p2b: Sneasler
|-singleturn|p2b: Sneasler|Protect
|move|p1a: Murkrow|Brave Bird|p2b: Sneasler
|-activate|p2b: Sneasler|move: Protect
|move|p2a: Ursaluna|Earth Power|p1b: Tyranitar
|-supereffective|p1b: Tyranitar
|-damage|p1b: Tyranitar|0 fnt
|faint|p1b: Tyranitar
|-damage|p2a: Ursaluna|81/100|[from] item: Life Orb
|
|-weather|Sandstorm|[upkeep]
|-damage|p1a: Murkrow|40/100|[from] Sandstorm
|-damage|p2b: Sneasler|95/100|[from] Sandstorm
|upkeep
|
|t:|1756756849
|switch|p1b: Excadrill|Excadrill, L50, M, shiny|100/100
|turn|3
|
|t:|1756756867
|switch|p1a: Gardevoir|Gardevoir, L50, M, shiny|100/100
|-terastallize|p1b: Excadrill|Ground
|move|p2b: Sneasler|Protect|p2b: Sneasler
|-singleturn|p2b: Sneasler|Protect
|move|p2a: Ursaluna|Protect|p2a: Ursaluna
|-singleturn|p2a: Ursaluna|Protect
|move|p1b: Excadrill|Earthquake|p2a: Ursaluna|[spread] 
|-activate|p2a: Ursaluna|move: Protect
|-activate|p2b: Sneasler|move: Protect
|-activate|p1a: Gardevoir|ability: Telepathy
|
|-weather|Sandstorm|[upkeep]
|-damage|p1a: Gardevoir|95/100|[from] Sandstorm
|-damage|p2b: Sneasler|89/100|[from] Sandstorm
|upkeep
|turn|4
|inactive|DeewompostYT has 30 seconds left.
|inactive|DeewompostYT has 20 seconds left.
|inactive|DeewompostYT has 15 seconds left.
|inactive|DeewompostYT has 10 seconds left.
|inactive|DeewompostYT has 5 seconds left.
|
|t:|1756756918
|switch|p2b: Whimsicott|Whimsicott, L50, F|100/100
|switch|p2a: Electabuzz|Electabuzz, L50, M|100/100
|move|p1b: Excadrill|Earthquake|p2a: Electabuzz|[spread] p2a,p2b
|-activate|p1a: Gardevoir|ability: Telepathy
|-supereffective|p2a: Electabuzz
|-resisted|p2b: Whimsicott
|-damage|p2a: Electabuzz|0 fnt
|-damage|p2b: Whimsicott|66/100
|faint|p2a: Electabuzz
|move|p1a: Gardevoir|Expanding Force|p2b: Whimsicott
|-crit|p2b: Whimsicott
|-damage|p2b: Whimsicott|0 fnt
|faint|p2b: Whimsicott
|
|-weather|Sandstorm|[upkeep]
|-damage|p1a: Gardevoir|89/100|[from] Sandstorm
|-sideend|p1: sbhaga34|move: Tailwind
|upkeep
|
|t:|1756756929
|switch|p2b: Sneasler|Sneasler, L50, M|89/100
|switch|p2a: Ursaluna|Ursaluna-Bloodmoon, L50, M|81/100
|turn|5
|
|t:|1756756944
|move|p2b: Sneasler|Protect|p2b: Sneasler
|-singleturn|p2b: Sneasler|Protect
|move|p1b: Excadrill|Earthquake|p2a: Ursaluna|[spread] p2a
|-activate|p2b: Sneasler|move: Protect
|-activate|p1a: Gardevoir|ability: Telepathy
|-damage|p2a: Ursaluna|32/100
|move|p1a: Gardevoir|Expanding Force|p2a: Ursaluna
|-crit|p2a: Ursaluna
|-damage|p2a: Ursaluna|0 fnt
|faint|p2a: Ursaluna
|
|-weather|Sandstorm|[upkeep]
|-damage|p1a: Gardevoir|83/100|[from] Sandstorm
|-damage|p2b: Sneasler|83/100|[from] Sandstorm
|upkeep
|turn|6
|
|t:|1756756959
|move|p1b: Excadrill|Earthquake|p2b: Sneasler|[spread] p2b
|-activate|p1a: Gardevoir|ability: Telepathy
|-supereffective|p2b: Sneasler
|-damage|p2b: Sneasler|0 fnt
|faint|p2b: Sneasler
|
|win|sbhaga34
|raw|sbhaga34's rating: 1239 → 1263(+24 for winning)
|raw|DeewompostYT's rating: 1220 → 1196(-24 for losing)
|c|☆DeewompostYT|gg
|c|☆sbhaga34|gg
|l|☆sbhaga34
|player|p1|
