|j|☆Talos2BA.G.
|j|☆we_are_toasted
|html|Talos2BA.G.we_are_toasted    
|uhtml|bestof|Game 1 of a best-of-3
|t:|1784493341
|gametype|doubles
|player|p1|Talos2BA.G.|miku-ghost|1137
|player|p2|we_are_toasted|102|1286
|gen|9
|tier|[Gen 9 Champions] VGC 2026 Reg M-B (Bo3)
|rated|
|rule|Species Clause: Limit one of each Pokémon
|rule|Item Clause: Limit 1 of each item
|clearpoke
|poke|p1|Gengar, L50, M|
|poke|p1|Archaludon, L50, F|
|poke|p1|Politoed, L50, M|
|poke|p1|Swampert, L50, M|
|poke|p1|Vivillon-Pokeball, L50, F|
|poke|p1|Incineroar, L50, F, shiny|
|poke|p2|Froslass, L50, F|
|poke|p2|Sneasler, L50, F, shiny|
|poke|p2|Lycanroc-Dusk, L50, M, shiny|
|poke|p2|Basculegion, L50, M|
|poke|p2|Kingambit, L50, F, shiny|
|poke|p2|Scovillain, L50, M|
|teampreview|4
|showteam|p1|Gengar||Gengarite|CursedBody|ShadowBall,SludgeBomb,PerishSong,Protect|Modest||M|||50|]Archaludon||Leftovers|Stamina|ElectroShot,DragonPulse,FlashCannon,Protect|Bold||F|||50|]Politoed||SitrusBerry|Drizzle|WeatherBall,Encore,PerishSong,Protect|Calm||M|||50|]Swampert||Swampertite|Torrent|WaveCrash,Earthquake,IcePunch,Protect|Adamant||M|||50|]Vivillon-Pokeball||FocusSash|CompoundEyes|Hurricane,SleepPowder,RagePowder,Protect|Timid||F|||50|]Incineroar||PasshoBerry|Intimidate|ThroatChop,FakeOut,PartingShot,Protect|Impish||F|||50|
|showteam|p2|Froslass||Froslassite|CursedBody|Blizzard,ShadowBall,AuroraVeil,Protect|Timid||F|||50|]Sneasler||WhiteHerb|Unburden|CloseCombat,GunkShot,Protect,FakeOut|Adamant||F|||50|]Lycanroc-Dusk||FocusSash|ToughClaws|RockSlide,Accelerock,CloseCombat,Protect|Adamant||M|||50|]Basculegion||SitrusBerry|Adaptability|WaveCrash,LastRespects,AquaJet,Protect|Adamant||M|||50|]Kingambit||LifeOrb|Defiant|KowtowCleave,SuckerPunch,SwordsDance,Protect|Adamant||F|||50|]Scovillain||Scovillainite|Moody|GigaDrain,Overheat,RagePowder,Protect|Bold||M|||50|
|inactive|Battle timer is ON: inactive players will automatically lose when time's up. (requested by we_are_toasted)
|l|☆Talos2BA.G.
|inactive|Talos2BA.G. disconnected and has a minute to reconnect!
|player|p1|
|j|☆Talos2BA.G.
|inactive|Talos2BA.G. reconnected and has 80 seconds left.
|player|p1|Talos2BA.G.|miku-ghost|
|inactive|Talos2BA.G. has 60 seconds left.
|inactive|we_are_toasted has 60 seconds left.
|
|t:|1784493410
|teamsize|p1|4
|teamsize|p2|4
|start
|switch|p1a: OG Ghoul|Gengar, L50, M|100/100
|switch|p1b: Not Amoongus|Vivillon-Pokeball, L50, F|100/100
|switch|p2a: Froslass|Froslass, L50, F|100/100
|switch|p2b: Kingambit|Kingambit, L50, F, shiny|100/100
|turn|1
|
|t:|1784493423
|switch|p2b: Basculegion|Basculegion, L50, M|100/100
|detailschange|p2a: Froslass|Froslass-Mega, L50, F
|-mega|p2a: Froslass|Froslass|Froslassite
|-weather|Snowscape|[from] ability: Snow Warning|[of] p2a: Froslass
|detailschange|p1a: OG Ghoul|Gengar-Mega, L50, M
|-mega|p1a: OG Ghoul|Gengar|Gengarite
|move|p2a: Froslass|Blizzard|p1b: Not Amoongus|[spread] p1a,p1b
|-supereffective|p1b: Not Amoongus|1
|-damage|p1a: OG Ghoul|68/100
|-enditem|p1b: Not Amoongus|Focus Sash
|-damage|p1b: Not Amoongus|1/100
|move|p1a: OG Ghoul|Perish Song|p1a: OG Ghoul
|-start|p1a: OG Ghoul|perish3|[silent]
|-start|p1b: Not Amoongus|perish3|[silent]
|-start|p2a: Froslass|perish3|[silent]
|-start|p2b: Basculegion|perish3|[silent]
|-fieldactivate|move: Perish Song
|move|p1b: Not Amoongus|Sleep Powder|p2b: Basculegion
|-status|p2b: Basculegion|slp|[from] move: Sleep Powder
|
|-weather|Snowscape|[upkeep]
|-start|p2a: Froslass|perish3
|-start|p1a: OG Ghoul|perish3
|-start|p1b: Not Amoongus|perish3
|-start|p2b: Basculegion|perish3
|upkeep
|turn|2
|inactive|we_are_toasted has 30 seconds left.
|inactive|we_are_toasted has 20 seconds left.
|inactive|we_are_toasted has 15 seconds left.
|inactive|we_are_toasted has 10 seconds left.
|
|t:|1784493468
|switch|p1b: Kermit|Politoed, L50, M|100/100
|-weather|RainDance|[from] ability: Drizzle|[of] p1b: Kermit
|switch|p2b: Kingambit|Kingambit, L50, F, shiny|100/100
|move|p2a: Froslass|Blizzard|p1a: OG Ghoul|[spread] p1a
|-miss|p2a: Froslass|p1b: Kermit
|-damage|p1a: OG Ghoul|35/100
|move|p1a: OG Ghoul|Shadow Ball|p2a: Froslass
|-supereffective|p2a: Froslass|1
|-damage|p2a: Froslass|15/100
|
|-weather|RainDance|[upkeep]
|-start|p2a: Froslass|perish2
|-start|p1a: OG Ghoul|perish2
|upkeep
|turn|3
|l|☆Talos2BA.G.
|inactive|Talos2BA.G. disconnected and has a minute to reconnect!
|player|p1|
|inactive|we_are_toasted has 30 seconds left.
|j|☆Talos2BA.G.
|inactive|Talos2BA.G. reconnected.
|player|p1|Talos2BA.G.|miku-ghost|
|
|t:|1784493497
|switch|p1a: Bridget|Archaludon, L50, F|100/100
|move|p2a: Froslass|Protect|p2a: Froslass
|-singleturn|p2a: Froslass|Protect
|move|p1b: Kermit|Weather Ball|p2a: Froslass
|-activate|p2a: Froslass|move: Protect
|move|p2b: Kingambit|Swords Dance|p2b: Kingambit
|-boost|p2b: Kingambit|atk|2
|
|-weather|RainDance|[upkeep]
|-start|p2a: Froslass|perish1
|upkeep
|turn|4
|
|t:|1784493520
|switch|p2a: Sneasler|Sneasler, L50, F, shiny|100/100
|move|p2b: Kingambit|Sucker Punch|p1a: Bridget
|-damage|p1a: Bridget|22/100
|-ability|p1a: Bridget|Stamina|boost
|-boost|p1a: Bridget|def|1
|-damage|p2b: Kingambit|90/100|[from] item: Life Orb
|move|p1a: Bridget|Electro Shot||[still]
|-prepare|p1a: Bridget|Electro Shot
|-boost|p1a: Bridget|spa|1
|-anim|p1a: Bridget|Electro Shot|p2a: Sneasler
|-damage|p2a: Sneasler|43/100
|move|p1b: Kermit|Encore|p2b: Kingambit
|-start|p2b: Kingambit|Encore
|
|-weather|RainDance|[upkeep]
|-heal|p1a: Bridget|28/100|[from] item: Leftovers
|upkeep
|turn|5
|inactive|we_are_toasted has 30 seconds left.
|
|t:|1784493550
|switch|p1a: OG Ghoul|Gengar-Mega, L50, M|35/100
|move|p2b: Kingambit|Sucker Punch||[still]
|-fail|p2b: Kingambit
|move|p2a: Sneasler|Close Combat|p1b: Kermit
|-damage|p1b: Kermit|44/100
|-unboost|p2a: Sneasler|def|1
|-unboost|p2a: Sneasler|spd|1
|-enditem|p1b: Kermit|Sitrus Berry|[eat]
|-heal|p1b: Kermit|69/100|[from] item: Sitrus Berry
|-enditem|p2a: Sneasler|White Herb
|-clearnegativeboost|p2a: Sneasler|[silent]
|move|p1b: Kermit|Perish Song|p1b: Kermit
|-start|p1a: OG Ghoul|perish3|[silent]
|-start|p1b: Kermit|perish3|[silent]
|-start|p2a: Sneasler|perish3|[silent]
|-start|p2b: Kingambit|perish3|[silent]
|-fieldactivate|move: Perish Song
|
|-weather|RainDance|[upkeep]
|-start|p2a: Sneasler|perish3
|-start|p1a: OG Ghoul|perish3
|-start|p1b: Kermit|perish3
|-start|p2b: Kingambit|perish3
|upkeep
|turn|6
|inactive|Talos2BA.G. has 30 seconds left.
|inactive|we_are_toasted has 30 seconds left.
|
|t:|1784493580
|move|p2b: Kingambit|Sucker Punch||[still]
|-fail|p2b: Kingambit
|move|p2a: Sneasler|Close Combat|p1b: Kermit
|-damage|p1b: Kermit|12/100
|-unboost|p2a: Sneasler|def|1
|-unboost|p2a: Sneasler|spd|1
|move|p1a: OG Ghoul|Perish Song||[still]
|-fail|p1a: OG Ghoul
|move|p1b: Kermit|Encore|p2a: Sneasler
|-start|p2a: Sneasler|Encore
|
|-weather|none
|-start|p2a: Sneasler|perish2
|-start|p1a: OG Ghoul|perish2
|-start|p1b: Kermit|perish2
|-start|p2b: Kingambit|perish2
|upkeep
|turn|7
|inactive|Talos2BA.G. has 30 seconds left.
|inactive|Talos2BA.G. has 20 seconds left.
|inactive|Talos2BA.G. has 15 seconds left.
|
|t:|1784493623
|switch|p1b: Not Amoongus|Vivillon-Pokeball, L50, F|1/100
|move|p1a: OG Ghoul|Protect|p1a: OG Ghoul
|-singleturn|p1a: OG Ghoul|Protect
|move|p2b: Kingambit|Sucker Punch||[still]
|-fail|p2b: Kingambit
|move|p2a: Sneasler|Close Combat|p1b: Not Amoongus
|-resisted|p1b: Not Amoongus|2
|-damage|p1b: Not Amoongus|0 fnt
|-unboost|p2a: Sneasler|def|1
|-unboost|p2a: Sneasler|spd|1
|faint|p1b: Not Amoongus
|
|-end|p2b: Kingambit|Encore
|-start|p2a: Sneasler|perish1
|-start|p1a: OG Ghoul|perish1
|-start|p2b: Kingambit|perish1
|upkeep
|
|t:|1784493638
|switch|p1b: Bridget|Archaludon, L50, F|28/100
|turn|8
|
|t:|1784493645
|switch|p1a: Kermit|Politoed, L50, M|12/100
|-weather|RainDance|[from] ability: Drizzle|[of] p1a: Kermit
|move|p2b: Kingambit|Sucker Punch||[still]
|-fail|p2b: Kingambit
|move|p2a: Sneasler|Close Combat|p1b: Bridget
|-supereffective|p1b: Bridget|1
|-damage|p1b: Bridget|0 fnt
|-unboost|p2a: Sneasler|def|1
|-unboost|p2a: Sneasler|spd|1
|faint|p1b: Bridget
|
|-weather|RainDance|[upkeep]
|-start|p2a: Sneasler|perish0
|-start|p2b: Kingambit|perish0
|upkeep
|faint|p2a: Sneasler
|faint|p2b: Kingambit
|
|t:|1784493652
|switch|p2a: Froslass|Froslass-Mega, L50, F|15/100
|switch|p1b: OG Ghoul|Gengar-Mega, L50, M|35/100
|switch|p2b: Basculegion|Basculegion, L50, M|100/100 slp
|-weather|Snowscape|[from] ability: Snow Warning|[of] p2a: Froslass
|turn|9
|inactive|we_are_toasted has 30 seconds left.
|
|t:|1784493683
|cant|p2b: Basculegion|slp
|move|p2a: Froslass|Blizzard|p1b: OG Ghoul|[spread] p1a,p1b
|-resisted|p1a: Kermit|1
|-damage|p1a: Kermit|0 fnt
|-damage|p1b: OG Ghoul|1/100
|faint|p1a: Kermit
|move|p1b: OG Ghoul|Shadow Ball|p2a: Froslass
|-supereffective|p2a: Froslass|1
|-damage|p2a: Froslass|0 fnt
|faint|p2a: Froslass
|
|-weather|Snowscape|[upkeep]
|upkeep
|turn|10
|
|t:|1784493690
|cant|p2b: Basculegion|slp
|move|p1b: OG Ghoul|Shadow Ball|p2b: Basculegion
|-supereffective|p2b: Basculegion|1
|-damage|p2b: Basculegion|3/100 slp
|-unboost|p2b: Basculegion|spd|1
|-enditem|p2b: Basculegion|Sitrus Berry|[eat]
|-heal|p2b: Basculegion|27/100 slp|[from] item: Sitrus Berry
|
|-weather|Snowscape|[upkeep]
|upkeep
|turn|11
|
|t:|1784493696
|-curestatus|p2b: Basculegion|slp|[msg]
|move|p2b: Basculegion|Aqua Jet|p1b: OG Ghoul
|-damage|p1b: OG Ghoul|0 fnt
|faint|p1b: OG Ghoul
|
|win|we_are_toasted
