|j|â˜†lolgz
|j|â˜†foodieexe123
|html|lolgzfoodieexe123    
|uhtml|bestof|Game 3 of a best-of-3
|t:|1782527789
|gametype|doubles
|player|p1|lolgz|dawn|1136
|player|p2|foodieexe123|miku-fairy|1060
|gen|9
|tier|[Gen 9 Champions] VGC 2026 Reg M-B (Bo3)
|rated|
|rule|Species Clause: Limit one of each PokÃ©mon
|rule|Item Clause: Limit 1 of each item
|clearpoke
|poke|p1|Torkoal, L50, M|
|poke|p1|Vileplume, L50, F|
|poke|p1|Farigiraf, L50, F|
|poke|p1|Scrafty, L50, M|
|poke|p1|Gallade, L50, M|
|poke|p1|Mawile, L50, F|
|poke|p2|Swampert, L50, M|
|poke|p2|Pelipper, L50, F|
|poke|p2|Archaludon, L50, M|
|poke|p2|Incineroar, L50, M, shiny|
|poke|p2|Scolipede, L50, M|
|poke|p2|Sinistcha, L50, shiny|
|teampreview|4
|showteam|p1|Torkoal||Charcoal|Drought|Eruption,WeatherBall,EarthPower,Protect|Quiet||M|||50|]Vileplume||FocusSash|Chlorophyll|EnergyBall,SludgeBomb,SleepPowder,AfterYou|Timid||F|||50|]Farigiraf||SitrusBerry|ArmorTail|TrickRoom,Thunderbolt,Psychic,HelpingHand|Relaxed||F|||50|]Scrafty||Scraftinite|Intimidate|FakeOut,CloseCombat,KnockOff,RockTomb|Brave||M|||50|]Gallade||IronBall|Sharpness|SacredSword,PsychoCut,WideGuard,TrickRoom|Brave||M|||50|]Mawile||Mawilite|HyperCutter|SuckerPunch,PlayRough,SwordsDance,Protect|Brave||F|||50|
|showteam|p2|Swampert||Swampertite|Damp|WaveCrash,Earthquake,PoisonJab,Protect|Adamant||M|||50|]Pelipper||FocusSash|Drizzle|Hurricane,Tailwind,WeatherBall,Protect|Timid||F|||50|]Archaludon||Leftovers|Stalwart|ElectroShot,DracoMeteor,FlashCannon,Protect|Modest||M|||50|]Incineroar||ChopleBerry|Intimidate|PartingShot,FakeOut,DarkestLariat,FlareBlitz|Relaxed||M|||50|]Scolipede||Scolipite|SpeedBoost|PoisonJab,LeechLife,SwordsDance,Protect|Adamant||M|||50|]Sinistcha||ColburBerry|Hospitality|Protect,LifeDew,RagePowder,MatchaGotcha|Sassy|||||50|
|inactive|Battle timer is ON: inactive players will automatically lose when time's up. (requested by lolgz)
|c|â˜†foodieexe123|Im bad at mind games
|inactive|foodieexe123 has 60 seconds left.
|
|t:|1782527833
|teamsize|p1|4
|teamsize|p2|4
|start
|switch|p1a: Farigiraf|Farigiraf, L50, F|100/100
|switch|p1b: Gallade|Gallade, L50, M|100/100
|switch|p2a: ðŸŒ‰|Archaludon, L50, M|100/100
|switch|p2b: Pelipper toilet|Pelipper, L50, F|100/100
|-weather|RainDance|[from] ability: Drizzle|[of] p2b: Pelipper toilet
|turn|1
|
|t:|1782527854
|switch|p2b: Candy cane|Incineroar, L50, M, shiny|100/100
|-ability|p2b: Candy cane|Intimidate|boost
|-unboost|p1a: Farigiraf|atk|1
|-unboost|p1b: Gallade|atk|1
|switch|p1a: Torkoal|Torkoal, L50, M|100/100
|-weather|SunnyDay|[from] ability: Drought|[of] p1a: Torkoal
|move|p2a: ðŸŒ‰|Draco Meteor|p1a: Torkoal
|-damage|p1a: Torkoal|12/100
|-unboost|p2a: ðŸŒ‰|spa|2
|move|p1b: Gallade|Trick Room|p1b: Gallade
|-fieldstart|move: Trick Room|[of] p1b: Gallade
|
|-weather|SunnyDay|[upkeep]
|upkeep
|turn|2
|inactive|foodieexe123 has 30 seconds left.
|
|t:|1782527884
|switch|p1a: Farigiraf|Farigiraf, L50, F|100/100
|switch|p2a: Pelipper toilet|Pelipper, L50, F|100/100
|-weather|RainDance|[from] ability: Drizzle|[of] p2a: Pelipper toilet
|move|p1b: Gallade|Sacred Sword|p2b: Candy cane
|-supereffective|p2b: Candy cane|1
|-enditem|p2b: Candy cane|Chople Berry|[eat]
|-enditem|p2b: Candy cane|Chople Berry|[weaken]
|-damage|p2b: Candy cane|64/100
|move|p2b: Candy cane|Parting Shot|p1b: Gallade
|-unboost|p1b: Gallade|atk|1
|-unboost|p1b: Gallade|spa|1
|
|t:|1782527890
|switch|p2b: ðŸŒ‰|Archaludon, L50, M|100/100|[from] Parting Shot
|
|-weather|RainDance|[upkeep]
|upkeep
|turn|3
|
|t:|1782527900
|switch|p2a: Candy cane|Incineroar, L50, M, shiny|64/100
|-ability|p2a: Candy cane|Intimidate|boost
|-unboost|p1a: Farigiraf|atk|1
|-unboost|p1b: Gallade|atk|1
|move|p1b: Gallade|Psycho Cut|p2a: Candy cane
|-immune|p2a: Candy cane
|move|p1a: Farigiraf|Thunderbolt|p2a: Candy cane
|-damage|p2a: Candy cane|43/100
|move|p2b: ðŸŒ‰|Draco Meteor|p1a: Farigiraf
|-damage|p1a: Farigiraf|29/100
|-unboost|p2b: ðŸŒ‰|spa|2
|-enditem|p1a: Farigiraf|Sitrus Berry|[eat]
|-heal|p1a: Farigiraf|54/100|[from] item: Sitrus Berry
|
|-weather|RainDance|[upkeep]
|upkeep
|turn|4
|
|t:|1782527915
|switch|p2b: Macho man|Swampert, L50, M|100/100
|move|p1b: Gallade|Sacred Sword|p2a: Candy cane
|-supereffective|p2a: Candy cane|1
|-damage|p2a: Candy cane|0 fnt
|faint|p2a: Candy cane
|move|p1a: Farigiraf|Thunderbolt|p2b: Macho man
|-immune|p2b: Macho man
|
|-weather|RainDance|[upkeep]
|upkeep
|
|t:|1782527923
|switch|p2a: ðŸŒ‰|Archaludon, L50, M|100/100
|turn|5
|
|t:|1782527934
|switch|p1b: Mawile|Mawile, L50, F|100/100
|switch|p1a: Torkoal|Torkoal, L50, M|12/100
|-weather|SunnyDay|[from] ability: Drought|[of] p1a: Torkoal
|detailschange|p2b: Macho man|Swampert-Mega, L50, M
|-mega|p2b: Macho man|Swampert|Swampertite
|move|p2a: ðŸŒ‰|Protect|p2a: ðŸŒ‰
|-singleturn|p2a: ðŸŒ‰|Protect
|move|p2b: Macho man|Earthquake|p1a: Torkoal|[spread] p1a,p1b
|-activate|p2a: ðŸŒ‰|move: Protect
|-supereffective|p1a: Torkoal|1
|-supereffective|p1b: Mawile|1
|-crit|p1b: Mawile
|-damage|p1a: Torkoal|0 fnt
|-damage|p1b: Mawile|0 fnt
|faint|p1a: Torkoal
|faint|p1b: Mawile
|
|-weather|SunnyDay|[upkeep]
|-fieldend|move: Trick Room
|upkeep
|
|t:|1782527940
|switch|p1b: Gallade|Gallade, L50, M|100/100
|switch|p1a: Farigiraf|Farigiraf, L50, F|54/100
|turn|6
|c|â˜†foodieexe123|I have the weather advanatage and pokemon advanatage
|c|â˜†foodieexe123|This gameis over
|
|t:|1782527962
|switch|p2a: Pelipper toilet|Pelipper, L50, F|100/100
|-weather|RainDance|[from] ability: Drizzle|[of] p2a: Pelipper toilet
|move|p1b: Gallade|Wide Guard|p1b: Gallade
|-singleturn|p1b: Gallade|Wide Guard
|move|p2b: Macho man|Earthquake|p1a: Farigiraf|[spread] 
|-activate|p1a: Farigiraf|move: Wide Guard
|-activate|p1b: Gallade|move: Wide Guard
|-immune|p2a: Pelipper toilet
|move|p1a: Farigiraf|Trick Room|p1a: Farigiraf
|-fieldstart|move: Trick Room|[of] p1a: Farigiraf
|
|-weather|RainDance|[upkeep]
|upkeep
|turn|7
|c|â˜†foodieexe123|Oh i forgot he had that
|
|t:|1782527987
|move|p1a: Farigiraf|Helping Hand|p1b: Gallade
|-singleturn|p1b: Gallade|Helping Hand|[of] p1a: Farigiraf
|move|p2b: Macho man|Protect|p2b: Macho man
|-singleturn|p2b: Macho man|Protect
|move|p1b: Gallade|Sacred Sword|p2b: Macho man
|-activate|p2b: Macho man|move: Protect
|move|p2a: Pelipper toilet|Weather Ball|p1a: Farigiraf
|-damage|p1a: Farigiraf|0 fnt
|faint|p1a: Farigiraf
|
|-weather|RainDance|[upkeep]
|upkeep
|turn|8
|-message|lolgz forfeited.
|
|win|foodieexe123
|raw|lolgz's rating: 1136 → 1106(-30 for losing)
|raw|foodieexe123's rating: 1060 → 1098(+38 for winning)
