|j|☆Uncreative7452
|j|☆Practivol.t1
|html|Uncreative7452Practivol.t1    
|uhtml|bestof|Game 2 of a best-of-3
|t:|1756750273
|gametype|doubles
|player|p1|Uncreative7452|tuber|1033
|player|p2|Practivol.t1|bugcatcher-gen4dp|1058
|gen|9
|tier|[Gen 9] VGC 2025 Reg H (Bo3)
|rated|
|rule|Species Clause: Limit one of each Pokémon
|rule|Item Clause: Limit 1 of each item
|clearpoke
|poke|p1|Chesnaught, L50, M|
|poke|p1|Rillaboom, L50, M|
|poke|p1|Gallade, L50, M|
|poke|p1|Magmar, L50, F|
|poke|p1|Bronzong, L50|
|poke|p1|Primarina, L50, F|
|poke|p2|Volcarona, L50, M|
|poke|p2|Baxcalibur, L50, F|
|poke|p2|Electabuzz, L50, M|
|poke|p2|Rillaboom, L50, M|
|poke|p2|Dondozo, L50, F|
|poke|p2|Tatsugiri, L50, M|
|teampreview|4
|showteam|p1|Chesnaught||Leftovers|Bulletproof|BellyDrum,GrassyGlide,DrainPunch,SpikyShield|||M|||50|,,,,,Fire]Rillaboom||AssaultVest|GrassySurge|GrassyGlide,WoodHammer,Uturn,FakeOut|||M|||50|,,,,,Fire]Gallade||LifeOrb|Sharpness|PsychoCut,SacredSword,WideGuard,TrickRoom|||M|||50|,,,,,Fire]Magmar||Eviolite|VitalSpirit|FollowMe,HeatWave,WillOWisp,Protect|||F|||50|,,,,,Ghost]Bronzong||MentalHerb|HeavyMetal|Protect,TrickRoom,BodyPress,HeavySlam||||||50|,,,,,Water]Primarina||ThroatSpray|LiquidVoice|HyperVoice,Moonblast,Protect,Encore|||F|||50|,,,,,Water
|showteam|p2|Volcarona||CovertCloak|FlameBody|TeraBlast,HeatWave,QuiverDance,Protect|||M|||50|,,,,,Fairy]Baxcalibur||LoadedDice|ThermalExchange|IcicleSpear,ScaleShot,Protect,StompingTantrum|||F|||50|,,,,,Fairy]Electabuzz||Eviolite|VitalSpirit|FollowMe,Thunderbolt,Taunt,Protect|||M|||50|,,,,,Ghost]Rillaboom||AssaultVest|GrassySurge|FakeOut,GrassyGlide,WoodHammer,Uturn|||M|||50|,,,,,Fire]Dondozo||Leftovers|Unaware|Protect,OrderUp,WaveCrash,Yawn|||F|||50|,,,,,Steel]Tatsugiri||ChoiceScarf|Commander|DragonPulse,DracoMeteor,IcyWind,MuddyWater|||M|||50|,,,,,Stellar
|
|t:|1756750287
|teamsize|p1|4
|teamsize|p2|4
|start
|switch|p1a: Gallade|Gallade, L50, M|100/100
|switch|p1b: Rillaboom|Rillaboom, L50, M|100/100
|switch|p2a: Baxcalibur|Baxcalibur, L50, F|100/100
|switch|p2b: Electabuzz|Electabuzz, L50, M|100/100
|-fieldstart|move: Grassy Terrain|[from] ability: Grassy Surge|[of] p1b: Rillaboom
|turn|1
|
|t:|1756750333
|move|p1b: Rillaboom|Fake Out|p2b: Electabuzz
|-damage|p2b: Electabuzz|92/100
|move|p2a: Baxcalibur|Scale Shot|p1a: Gallade|[miss]
|-miss|p2a: Baxcalibur|p1a: Gallade
|cant|p2b: Electabuzz|flinch
|move|p1a: Gallade|Sacred Sword|p2a: Baxcalibur
|-supereffective|p2a: Baxcalibur
|-damage|p2a: Baxcalibur|0 fnt
|faint|p2a: Baxcalibur
|-damage|p1a: Gallade|91/100|[from] item: Life Orb
|
|-heal|p2b: Electabuzz|98/100|[from] Grassy Terrain
|-heal|p1a: Gallade|97/100|[from] Grassy Terrain
|upkeep
|
|t:|1756750349
|switch|p2a: Tatsugiri|Tatsugiri, L50, M|100/100
|turn|2
|
|t:|1756750359
|-terastallize|p2a: Tatsugiri|Stellar
|move|p2b: Electabuzz|Follow Me|p2b: Electabuzz
|-singleturn|p2b: Electabuzz|move: Follow Me
|move|p2a: Tatsugiri|Draco Meteor|p1a: Gallade
|-damage|p1a: Gallade|16/100
|-unboost|p2a: Tatsugiri|spa|2
|move|p1b: Rillaboom|U-turn|p2b: Electabuzz
|-damage|p2b: Electabuzz|83/100
|
|t:|1756750366
|switch|p1b: Primarina|Primarina, L50, F|100/100|[from] U-turn
|move|p1a: Gallade|Sacred Sword|p2b: Electabuzz
|-damage|p2b: Electabuzz|6/100
|-damage|p1a: Gallade|6/100|[from] item: Life Orb
|
|-heal|p2b: Electabuzz|12/100|[from] Grassy Terrain
|-heal|p1a: Gallade|12/100|[from] Grassy Terrain
|upkeep
|turn|3
|
|t:|1756750388
|move|p2a: Tatsugiri|Draco Meteor|p1a: Gallade
|-damage|p1a: Gallade|0 fnt
|-unboost|p2a: Tatsugiri|spa|2
|faint|p1a: Gallade
|move|p2b: Electabuzz|Thunderbolt|p1b: Primarina
|-supereffective|p1b: Primarina
|-damage|p1b: Primarina|55/100
|-status|p1b: Primarina|par
|cant|p1b: Primarina|par
|
|-heal|p2b: Electabuzz|17/100|[from] Grassy Terrain
|-heal|p1b: Primarina|60/100 par|[from] Grassy Terrain
|upkeep
|
|t:|1756750394
|switch|p1a: Magmar|Magmar, L50, F|100/100
|turn|4
|
|t:|1756750406
|switch|p2b: Dondozo|Dondozo, L50, F|100/100
|-activate|p2a: Tatsugiri|ability: Commander|[of] p2b: Dondozo
|-boost|p2b: Dondozo|atk|2
|-boost|p2b: Dondozo|spa|2
|-boost|p2b: Dondozo|spe|2
|-boost|p2b: Dondozo|def|2
|-boost|p2b: Dondozo|spd|2
|move|p1a: Magmar|Heat Wave|p2b: Dondozo|[spread] p2b
|-miss|p1a: Magmar|p2a: Tatsugiri
|-resisted|p2b: Dondozo
|-damage|p2b: Dondozo|95/100
|move|p1b: Primarina|Moonblast|p2b: Dondozo
|-damage|p2b: Dondozo|74/100
|
|-heal|p2b: Dondozo|80/100|[from] Grassy Terrain
|-heal|p2b: Dondozo|86/100|[from] item: Leftovers
|-heal|p1b: Primarina|66/100 par|[from] Grassy Terrain
|upkeep
|turn|5
|
|t:|1756750428
|-terastallize|p1a: Magmar|Ghost
|move|p2b: Dondozo|Order Up|p1a: Magmar
|-damage|p1a: Magmar|64/100
|-boost|p2b: Dondozo|atk|1
|move|p1a: Magmar|Will-O-Wisp|p2b: Dondozo|[miss]
|-miss|p1a: Magmar|p2b: Dondozo
|move|p1b: Primarina|Moonblast|p2b: Dondozo
|-crit|p2b: Dondozo
|-damage|p2b: Dondozo|20/100
|
|-heal|p2b: Dondozo|26/100|[from] Grassy Terrain
|-heal|p2b: Dondozo|32/100|[from] item: Leftovers
|-heal|p1a: Magmar|70/100|[from] Grassy Terrain
|-heal|p1b: Primarina|72/100 par|[from] Grassy Terrain
|-fieldend|move: Grassy Terrain
|upkeep
|turn|6
|
|t:|1756750446
|move|p2b: Dondozo|Protect|p2b: Dondozo
|-singleturn|p2b: Dondozo|Protect
|move|p1a: Magmar|Will-O-Wisp|p2b: Dondozo
|-activate|p2b: Dondozo|move: Protect
|move|p1b: Primarina|Moonblast|p2b: Dondozo
|-activate|p2b: Dondozo|move: Protect
|
|-heal|p2b: Dondozo|38/100|[from] item: Leftovers
|upkeep
|turn|7
|
|t:|1756750457
|move|p2b: Dondozo|Wave Crash|p1a: Magmar
|-damage|p1a: Magmar|0 fnt
|faint|p1a: Magmar
|-damage|p2b: Dondozo|22/100|[from] Recoil
|move|p1b: Primarina|Moonblast|p2b: Dondozo
|-damage|p2b: Dondozo|0 fnt
|faint|p2b: Dondozo
|
|upkeep
|
|t:|1756750465
|switch|p1a: Rillaboom|Rillaboom, L50, M|100/100
|switch|p2b: Electabuzz|Electabuzz, L50, M|17/100
|-fieldstart|move: Grassy Terrain|[from] ability: Grassy Surge|[of] p1a: Rillaboom
|turn|8
|
|t:|1756750475
|move|p1a: Rillaboom|Fake Out|p2b: Electabuzz
|-damage|p2b: Electabuzz|7/100
|move|p2a: Tatsugiri|Draco Meteor|p1b: Primarina
|-immune|p1b: Primarina
|cant|p2b: Electabuzz|flinch
|move|p1b: Primarina|Hyper Voice|p2b: Electabuzz|[spread] p2a,p2b
|-resisted|p2a: Tatsugiri
|-damage|p2a: Tatsugiri|89/100
|-damage|p2b: Electabuzz|0 fnt
|faint|p2b: Electabuzz
|-enditem|p1b: Primarina|Throat Spray
|-boost|p1b: Primarina|spa|1|[from] item: Throat Spray
|
|-heal|p2a: Tatsugiri|95/100|[from] Grassy Terrain
|-heal|p1b: Primarina|78/100 par|[from] Grassy Terrain
|upkeep
|turn|9
|-message|Practivol.t1 forfeited.
|
|win|Uncreative7452
||Practivol.t1 is ready for game 3.
||Uncreative7452 is ready for game 3.
|uhtml|next|Next: Game 3 of 3
