|j|☆an attack child
|j|☆Wooperdooperpooper
|html|an attack childWooperdooperpooper    
|uhtml|bestof|Game 2 of a best-of-3
|t:|1754431604
|gametype|doubles
|player|p1|an attack child|musician|1131
|player|p2|Wooperdooperpooper|169|1209
|gen|9
|tier|[Gen 9] VGC 2025 Reg H (Bo3)
|rated|
|rule|Species Clause: Limit one of each Pokémon
|rule|Item Clause: Limit 1 of each item
|clearpoke
|poke|p1|Annihilape, L50, F|
|poke|p1|Sinistcha, L50|
|poke|p1|Maushold-Four, L50|
|poke|p1|Klefki, L50, F|
|poke|p1|Ursaluna-Bloodmoon, L50, M|
|poke|p1|Ninetales-Alola, L50, F|
|poke|p2|Charizard, L50, M|
|poke|p2|Indeedee-F, L50, F|
|poke|p2|Ursaluna, L50, F|
|poke|p2|Torkoal, L50, M|
|poke|p2|Gallade, L50, M|
|poke|p2|Hatterene, L50, F|
|teampreview|4
|showteam|p1|Annihilape||Leftovers|Defiant|Protect,BulkUp,DrainPunch,RageFist|||F|||50|,,,,,Fire]Sinistcha||SitrusBerry|Hospitality|MatchaGotcha,TrickRoom,LifeDew,RagePowder||||||50|,,,,,Water]Maushold-Four||SafetyGoggles|FriendGuard|FollowMe,Taunt,BeatUp,Protect||||||50|,,,,,Ghost]Klefki||LightClay|Prankster|Reflect,LightScreen,MistyTerrain,DazzlingGleam|||F|||50|,,,,,Ghost]Ursaluna-Bloodmoon||AssaultVest|MindsEye|BloodMoon,HyperVoice,EarthPower,VacuumWave|||M|||50|,,,,,Water]Ninetales-Alola||FocusSash|SnowWarning|Protect,Encore,FreezeDry,Blizzard|||F|||50|,,,,,Ghost
|showteam|p2|Charizard||ChoiceScarf|SolarPower|HeatWave,Overheat,WeatherBall,ScorchingSands|||M|||50|,,,,,Fire]Indeedee-F||SafetyGoggles|PsychicSurge|DazzlingGleam,FollowMe,TrickRoom,HelpingHand|||F|||50|,,,,,Fairy]Ursaluna||FlameOrb|Guts|HeadlongRush,Facade,RockSlide,Protect|||F|||50|,,,,,Dragon]Torkoal||Charcoal|Drought|Eruption,Overheat,HelpingHand,Protect|||M|||50|,,,,,Fire]Gallade||ClearAmulet|Sharpness|SacredSword,PsychoCut,TrickRoom,WideGuard|||M|||50|,,,,,Grass]Hatterene||LifeOrb|MagicBounce|ExpandingForce,DazzlingGleam,TrickRoom,Protect|||F|||50|,,,,,Water
|inactive|Battle timer is ON: inactive players will automatically lose when time's up. (requested by Wooperdooperpooper)
|
|t:|1754431633
|teamsize|p1|4
|teamsize|p2|4
|start
|switch|p1a: Klefki|Klefki, L50, F|100/100
|switch|p1b: Ursaluna|Ursaluna-Bloodmoon, L50, M|100/100
|switch|p2a: Charizard|Charizard, L50, M|100/100
|switch|p2b: Indeedee|Indeedee-F, L50, F|100/100
|-fieldstart|move: Psychic Terrain|[from] ability: Psychic Surge|[of] p2b: Indeedee
|turn|1
|
|t:|1754431647
|-terastallize|p2a: Charizard|Fire
|move|p2b: Indeedee|Helping Hand|p2a: Charizard
|-singleturn|p2a: Charizard|Helping Hand|[of] p2b: Indeedee
|move|p1a: Klefki|Light Screen|p1a: Klefki
|-sidestart|p1: an attack child|move: Light Screen
|move|p2a: Charizard|Heat Wave|p1b: Ursaluna|[spread] p1a,p1b
|-supereffective|p1a: Klefki
|-damage|p1a: Klefki|27/100
|-damage|p1b: Ursaluna|73/100
|-status|p1b: Ursaluna|brn
|move|p1b: Ursaluna|Blood Moon|p2a: Charizard
|-damage|p2a: Charizard|0 fnt
|faint|p2a: Charizard
|
|-damage|p1b: Ursaluna|67/100 brn|[from] brn
|upkeep
|
|t:|1754431659
|switch|p2a: Hatterene|Hatterene, L50, F|100/100
|turn|2
|
|t:|1754431670
|move|p1a: Klefki|Misty Terrain|p1a: Klefki
|-fieldstart|move: Misty Terrain
|move|p1b: Ursaluna|Hyper Voice|p2a: Hatterene|[spread] p2a,p2b
|-damage|p2a: Hatterene|62/100
|-damage|p2b: Indeedee|67/100
|move|p2a: Hatterene|Dazzling Gleam|p1b: Ursaluna|[spread] p1a,p1b
|-resisted|p1a: Klefki
|-damage|p1a: Klefki|15/100
|-damage|p1b: Ursaluna|49/100 brn
|-damage|p2a: Hatterene|52/100|[from] item: Life Orb
|move|p2b: Indeedee|Trick Room|p2b: Indeedee
|-fieldstart|move: Trick Room|[of] p2b: Indeedee
|
|-damage|p1b: Ursaluna|43/100 brn|[from] brn
|upkeep
|turn|3
|
|t:|1754431681
|move|p2b: Indeedee|Helping Hand|p2a: Hatterene
|-singleturn|p2a: Hatterene|Helping Hand|[of] p2b: Indeedee
|move|p2a: Hatterene|Dazzling Gleam|p1b: Ursaluna|[spread] p1a,p1b
|-resisted|p1a: Klefki
|-damage|p1a: Klefki|0 fnt
|-damage|p1b: Ursaluna|12/100 brn
|faint|p1a: Klefki
|-damage|p2a: Hatterene|43/100|[from] item: Life Orb
|move|p1b: Ursaluna|Blood Moon|p2a: Hatterene
|-damage|p2a: Hatterene|0 fnt
|faint|p2a: Hatterene
|
|-damage|p1b: Ursaluna|6/100 brn|[from] brn
|upkeep
|
|t:|1754431690
|switch|p2a: Torkoal|Torkoal, L50, M|100/100
|switch|p1a: Ninetales|Ninetales-Alola, L50, F, shiny|100/100
|-weather|SunnyDay|[from] ability: Drought|[of] p2a: Torkoal
|-weather|Snowscape|[from] ability: Snow Warning|[of] p1a: Ninetales
|turn|4
|
|t:|1754431696
|move|p1a: Ninetales|Protect|p1a: Ninetales
|-singleturn|p1a: Ninetales|Protect
|move|p1b: Ursaluna|Vacuum Wave|p2a: Torkoal
|-damage|p2a: Torkoal|79/100
|move|p2a: Torkoal|Eruption|p1a: Ninetales|[spread] p1b
|-activate|p1a: Ninetales|move: Protect
|-damage|p1b: Ursaluna|0 fnt
|faint|p1b: Ursaluna
|move|p2b: Indeedee|Dazzling Gleam|p1a: Ninetales
|-activate|p1a: Ninetales|move: Protect
|
|-weather|Snowscape|[upkeep]
|upkeep
|
|t:|1754431702
|switch|p1b: Annihilape|Annihilape, L50, F, shiny|100/100
|turn|5
|
|t:|1754431711
|-terastallize|p1b: Annihilape|Fire
|move|p2b: Indeedee|Follow Me|p2b: Indeedee
|-singleturn|p2b: Indeedee|move: Follow Me
|move|p2a: Torkoal|Eruption|p1a: Ninetales|[spread] p1a,p1b
|-supereffective|p1a: Ninetales
|-resisted|p1b: Annihilape
|-damage|p1a: Ninetales|33/100
|-damage|p1b: Annihilape|87/100
|move|p1b: Annihilape|Drain Punch|p2b: Indeedee
|-damage|p2b: Indeedee|37/100
|-heal|p1b: Annihilape|99/100|[from] drain|[of] p2b: Indeedee
|move|p1a: Ninetales|Blizzard|p2b: Indeedee|[spread] p2a,p2b
|-resisted|p2a: Torkoal
|-crit|p2b: Indeedee
|-damage|p2a: Torkoal|61/100
|-damage|p2b: Indeedee|0 fnt
|faint|p2b: Indeedee
|
|-weather|Snowscape|[upkeep]
|-heal|p1b: Annihilape|100/100|[from] item: Leftovers
|upkeep
|turn|6
|-message|Wooperdooperpooper forfeited.
|
|win|an attack child
|raw|an attack child's rating: 1131 → 1162(+31 for winning)
|raw|Wooperdooperpooper's rating: 1209 → 1178(-31 for losing)
|l|☆Wooperdooperpooper
|player|p2|
