|j|☆clarocojones
|j|☆Darlgardevoir
|html|clarocojonesDarlgardevoir    
|uhtml|bestof|Game 1 of a best-of-3
|t:|1785596908
|gametype|doubles
|player|p1|clarocojones|striker|1185
|player|p2|Darlgardevoir|cilan|1168
|gen|9
|tier|[Gen 9 Champions] VGC 2026 Reg M-B (Bo3)
|rated|
|rule|Species Clause: Limit one of each Pokémon
|rule|Item Clause: Limit 1 of each item
|clearpoke
|poke|p1|Incineroar, L50, F, shiny|
|poke|p1|Floette-Eternal, L50, F|
|poke|p1|Sinistcha-Masterpiece, L50, shiny|
|poke|p1|Kommo-o, L50, M|
|poke|p1|Kingambit, L50, F, shiny|
|poke|p1|Aerodactyl, L50, F|
|poke|p2|Staraptor, L50, F|
|poke|p2|Whimsicott, L50, F|
|poke|p2|Tyranitar, L50, F|
|poke|p2|Excadrill, L50, M|
|poke|p2|Milotic, L50, M|
|poke|p2|Froslass, L50, F|
|teampreview|4
|showteam|p1|Incineroar||SitrusBerry|Intimidate|FakeOut,PartingShot,HelpingHand,FlareBlitz|Careful||F|||50|]Floette-Eternal||Floettite|FlowerVeil|Moonblast,DazzlingGleam,CalmMind,Protect|Modest||F|||50|]Sinistcha-Masterpiece||ColburBerry|Hospitality|MatchaGotcha,LifeDew,RagePowder,TrickRoom|Bold|||||50|]Kommo-o||Leftovers|Overcoat|ClangingScales,AuraSphere,ClangorousSoul,Protect|Modest||M|||50|]Kingambit||FocusSash|Defiant|KowtowCleave,SuckerPunch,IronHead,Protect|Adamant||F|||50|]Aerodactyl||Aerodactylite|Unnerve|Protect,RockSlide,Tailwind,DualWingbeat|Jolly||F|||50|
|showteam|p2|Staraptor||Staraptite|Intimidate|Protect,BlazeKick,BraveBird,CloseCombat|Jolly||F|||50|]Whimsicott||FairyFeather|Prankster|Protect,Tailwind,Encore,Moonblast|Timid||F|||50|]Tyranitar||FocusSash|SandStream|Protect,RockSlide,IcePunch,KnockOff|Jolly||F|||50|]Excadrill||LifeOrb|SandRush|Protect,IronHead,RockSlide,Earthquake|Adamant||M|||50|]Milotic||Leftovers|Competitive|Protect,Coil,Hypnosis,MuddyWater|Bold||M|||50|]Froslass||Froslassite|SnowCloak|Protect,Thunderbolt,ShadowBall,Blizzard|Timid||F|||50|
|
|t:|1785596943
|teamsize|p1|4
|teamsize|p2|4
|start
|switch|p1a: Aerodactyl|Aerodactyl, L50, F|100/100
|switch|p1b: Kommo-o|Kommo-o, L50, M|100/100
|switch|p2a: Milotic|Milotic, L50, M|100/100
|switch|p2b: Whimsicott|Whimsicott, L50, F|100/100
|-ability|p1a: Aerodactyl|Unnerve
|turn|1
|
|t:|1785596960
|move|p2b: Whimsicott|Protect|p2b: Whimsicott
|-singleturn|p2b: Whimsicott|Protect
|move|p1a: Aerodactyl|Dual Wingbeat|p2b: Whimsicott
|-activate|p2b: Whimsicott|move: Protect
|move|p1b: Kommo-o|Clangorous Soul|p1b: Kommo-o
|-boost|p1b: Kommo-o|atk|1
|-boost|p1b: Kommo-o|def|1
|-boost|p1b: Kommo-o|spa|1
|-boost|p1b: Kommo-o|spd|1
|-boost|p1b: Kommo-o|spe|1
|-damage|p1b: Kommo-o|67/100
|move|p2a: Milotic|Muddy Water|p1b: Kommo-o|[spread] p1a
|-miss|p2a: Milotic|p1b: Kommo-o
|-supereffective|p1a: Aerodactyl|1
|-damage|p1a: Aerodactyl|35/100
|
|-heal|p1b: Kommo-o|73/100|[from] item: Leftovers
|upkeep
|turn|2
|
|t:|1785596984
|switch|p2a: Staraptor|Staraptor, L50, F|100/100
|-ability|p2a: Staraptor|Intimidate|boost
|-unboost|p1a: Aerodactyl|atk|1
|-unboost|p1b: Kommo-o|atk|1
|move|p1b: Kommo-o|Protect|p1b: Kommo-o
|-singleturn|p1b: Kommo-o|Protect
|move|p1a: Aerodactyl|Dual Wingbeat|p2b: Whimsicott|[miss]
|-miss|p1a: Aerodactyl|p2b: Whimsicott
|move|p2b: Whimsicott|Moonblast|p1b: Kommo-o
|-activate|p1b: Kommo-o|move: Protect
|
|-heal|p1b: Kommo-o|80/100|[from] item: Leftovers
|upkeep
|turn|3
|
|t:|1785597013
|switch|p1b: Felicidad|Floette-Eternal, L50, F|100/100
|detailschange|p2a: Staraptor|Staraptor-Mega, L50, F
|-mega|p2a: Staraptor|Staraptor|Staraptite
|move|p2b: Whimsicott|Tailwind|p2b: Whimsicott
|-sidestart|p2: Darlgardevoir|move: Tailwind
|move|p2a: Staraptor|Close Combat|p1a: Aerodactyl
|-damage|p1a: Aerodactyl|0 fnt
|-boost|p2a: Staraptor|def|1
|-boost|p2a: Staraptor|spd|1
|faint|p1a: Aerodactyl
|
|upkeep
|inactive|Battle timer is ON: inactive players will automatically lose when time's up. (requested by Darlgardevoir)
|
|t:|1785597036
|switch|p1a: Kommo-o|Kommo-o, L50, M|80/100
|turn|4
|
|t:|1785597049
|detailschange|p1b: Felicidad|Floette-Mega, L50, F
|-mega|p1b: Felicidad|Floette|Floettite
|-ability|p1b: Felicidad|Fairy Aura
|move|p1a: Kommo-o|Protect|p1a: Kommo-o
|-singleturn|p1a: Kommo-o|Protect
|move|p2b: Whimsicott|Moonblast|p1b: Felicidad
|-damage|p1b: Felicidad|61/100
|move|p2a: Staraptor|Brave Bird|p1b: Felicidad
|-damage|p1b: Felicidad|8/100
|-damage|p2a: Staraptor|82/100|[from] Recoil
|move|p1b: Felicidad|Dazzling Gleam|p2b: Whimsicott|[spread] p2a,p2b
|-supereffective|p2a: Staraptor|1
|-damage|p2a: Staraptor|15/100
|-damage|p2b: Whimsicott|24/100
|
|-heal|p1a: Kommo-o|86/100|[from] item: Leftovers
|upkeep
|turn|5
|inactive|clarocojones has 30 seconds left.
|
|t:|1785597075
|move|p1b: Felicidad|Protect|p1b: Felicidad
|-singleturn|p1b: Felicidad|Protect
|move|p2b: Whimsicott|Moonblast|p1a: Kommo-o
|-supereffective|p1a: Kommo-o|2
|-damage|p1a: Kommo-o|0 fnt
|faint|p1a: Kommo-o
|move|p2a: Staraptor|Close Combat|p1b: Felicidad
|-activate|p1b: Felicidad|move: Protect
|
|upkeep
|
|t:|1785597080
|switch|p1a: Kingambit|Kingambit, L50, F, shiny|100/100
|turn|6
|
|t:|1785597099
|move|p1b: Felicidad|Protect|p1b: Felicidad
|-singleturn|p1b: Felicidad|Protect
|move|p2b: Whimsicott|Encore|p1b: Felicidad
|-activate|p1b: Felicidad|move: Protect
|move|p1a: Kingambit|Sucker Punch||[still]
|-fail|p1a: Kingambit
|move|p2a: Staraptor|Close Combat|p1a: Kingambit
|-supereffective|p1a: Kingambit|2
|-enditem|p1a: Kingambit|Focus Sash
|-damage|p1a: Kingambit|1/100
|-boost|p2a: Staraptor|def|1
|-boost|p2a: Staraptor|spd|1
|
|-sideend|p2: Darlgardevoir|move: Tailwind
|upkeep
|turn|7
|-message|clarocojones forfeited.
|
|win|Darlgardevoir
||clarocojones is ready for game 2.
||Darlgardevoir is ready for game 2.
|uhtml|next|Next: Game 2 of 3
