|j|☆sogreenitslime
|j|☆Goonsuke Sama
|html|sogreenitslimeGoonsuke Sama    
|uhtml|bestof|Game 2 of a best-of-3
|t:|1783139650
|gametype|doubles
|player|p1|sogreenitslime|pokemaniac|1119
|player|p2|Goonsuke Sama|cameraman|1114
|gen|9
|tier|[Gen 9 Champions] VGC 2026 Reg M-B (Bo3)
|rated|
|rule|Species Clause: Limit one of each Pokémon
|rule|Item Clause: Limit 1 of each item
|clearpoke
|poke|p1|Aerodactyl, L50, F|
|poke|p1|Rotom-Wash, L50|
|poke|p1|Sceptile, L50, M|
|poke|p1|Kingambit, L50, M|
|poke|p1|Ninetales-Alola, L50, M|
|poke|p1|Incineroar, L50, M|
|poke|p2|Altaria, L50, F|
|poke|p2|Emboar, L50, F|
|poke|p2|Mimikyu, L50, F|
|poke|p2|Snorlax, L50, M|
|poke|p2|Scrafty, L50, M|
|poke|p2|Salazzle, L50, F|
|teampreview|4
|showteam|p1|Aerodactyl||Aerodactylite|Unnerve|Tailwind,RockSlide,DualWingbeat,Protect|Jolly||F|||50|]Rotom-Wash||ChoiceScarf|Levitate|VoltSwitch,Discharge,Electroweb,HydroPump|Timid|||||50|]Sceptile||Sceptilite|Overgrow|EnergyBall,EarthPower,DragonPulse,Protect|Timid||M|||50|]Kingambit||ChopleBerry|Defiant|KowtowCleave,SuckerPunch,IronHead,Protect|Adamant||M|||50|]Ninetales-Alola||NeverMeltIce|SnowWarning|Blizzard,AuroraVeil,Protect,Moonblast|Bold||M|||50|]Incineroar||SitrusBerry|Intimidate|WillOWisp,FlareBlitz,PartingShot,FakeOut|Careful||M|||50|
|showteam|p2|Altaria||WideLens|CloudNine|DragonRush,CottonGuard,DualWingbeat,DragonDance|Careful||F|||50|]Emboar||Emboarite|Blaze|HeatCrash,StormThrow,HighHorsepower,Protect|Brave||F|||50|]Mimikyu||WhiteHerb|Disguise|PsychUp,DrainPunch,TrickRoom,PhantomForce|Careful||F|||50|]Snorlax||Leftovers|ThickFat|Stockpile,Protect,Facade,IcePunch|Sassy||M|||50|]Scrafty||ExpertBelt|Intimidate|FakeOut,Coaching,KnockOff,DrainPunch|Serious||M|||50|]Salazzle||FocusSash|Corrosion|Toxic,FireLash,FakeOut,WillOWisp|Jolly||F|||50|
|inactive|Battle timer is ON: inactive players will automatically lose when time's up. (requested by Goonsuke Sama)
|
|t:|1783139675
|teamsize|p1|4
|teamsize|p2|4
|start
|switch|p1a: Kingambit|Kingambit, L50, M|100/100
|switch|p1b: Incineroar|Incineroar, L50, M|100/100
|switch|p2a: Scrafty|Scrafty, L50, M|100/100
|switch|p2b: Salazzle|Salazzle, L50, F|100/100
|-ability|p2a: Scrafty|Intimidate|boost
|-unboost|p1a: Kingambit|atk|1
|-ability|p1a: Kingambit|Defiant|boost
|-boost|p1a: Kingambit|atk|2
|-unboost|p1b: Incineroar|atk|1
|-ability|p1b: Incineroar|Intimidate|boost
|-unboost|p2a: Scrafty|atk|1
|-unboost|p2b: Salazzle|atk|1
|turn|1
|
|t:|1783139697
|move|p2b: Salazzle|Fake Out|p1b: Incineroar
|-damage|p1b: Incineroar|94/100
|cant|p1b: Incineroar|flinch
|move|p2a: Scrafty|Drain Punch|p1a: Kingambit
|-supereffective|p1a: Kingambit|2
|-enditem|p1a: Kingambit|Chople Berry|[eat]
|-enditem|p1a: Kingambit|Chople Berry|[weaken]
|-damage|p1a: Kingambit|66/100
|move|p1a: Kingambit|Iron Head|p2a: Scrafty
|-damage|p2a: Scrafty|32/100
|
|upkeep
|turn|2
|
|t:|1783139717
|move|p1a: Kingambit|Sucker Punch||[still]
|-fail|p1a: Kingambit
|move|p2b: Salazzle|Toxic|p1b: Incineroar
|-status|p1b: Incineroar|tox
|move|p2a: Scrafty|Drain Punch|p1a: Kingambit
|-supereffective|p1a: Kingambit|2
|-damage|p1a: Kingambit|0 fnt
|-heal|p2a: Scrafty|67/100|[from] drain|[of] p1a: Kingambit
|faint|p1a: Kingambit
|move|p1b: Incineroar|Flare Blitz|p2a: Scrafty
|-damage|p2a: Scrafty|38/100
|-status|p2a: Scrafty|brn
|-damage|p1b: Incineroar|86/100 tox|[from] Recoil
|
|-damage|p1b: Incineroar|80/100 tox|[from] psn
|-damage|p2a: Scrafty|32/100 brn|[from] brn
|upkeep
|
|t:|1783139740
|switch|p1a: Aerodactyl|Aerodactyl, L50, F|100/100
|-ability|p1a: Aerodactyl|Unnerve
|turn|3
|
|t:|1783139753
|switch|p2a: Snorlax|Snorlax, L50, M|100/100
|detailschange|p1a: Aerodactyl|Aerodactyl-Mega, L50, F
|-mega|p1a: Aerodactyl|Aerodactyl|Aerodactylite
|move|p1a: Aerodactyl|Rock Slide|p2b: Salazzle|[spread] p2a
|-miss|p1a: Aerodactyl|p2b: Salazzle
|-damage|p2a: Snorlax|73/100
|move|p2b: Salazzle|Will-O-Wisp|p1a: Aerodactyl
|-status|p1a: Aerodactyl|brn
|move|p1b: Incineroar|Flare Blitz|p2a: Snorlax
|-damage|p2a: Snorlax|62/100
|-damage|p1b: Incineroar|75/100 tox|[from] Recoil
|
|-heal|p2a: Snorlax|68/100|[from] item: Leftovers
|-damage|p1b: Incineroar|63/100 tox|[from] psn
|-damage|p1a: Aerodactyl|94/100 brn|[from] brn
|upkeep
|turn|4
|
|t:|1783139775
|switch|p2a: Scrafty|Scrafty, L50, M|32/100 brn
|-ability|p2a: Scrafty|Intimidate|boost
|-unboost|p1a: Aerodactyl|atk|1
|-unboost|p1b: Incineroar|atk|1
|move|p1a: Aerodactyl|Rock Slide|p2b: Salazzle|[spread] p2a,p2b
|-resisted|p2a: Scrafty|1
|-supereffective|p2b: Salazzle|1
|-crit|p2b: Salazzle
|-damage|p2a: Scrafty|28/100 brn
|-damage|p2b: Salazzle|13/100
|move|p2b: Salazzle|Fire Lash|p1a: Aerodactyl
|-resisted|p1a: Aerodactyl|1
|-damage|p1a: Aerodactyl|80/100 brn
|-unboost|p1a: Aerodactyl|def|1
|move|p1b: Incineroar|Parting Shot|p2b: Salazzle
|-unboost|p2b: Salazzle|atk|1
|-unboost|p2b: Salazzle|spa|1
|
|t:|1783139791
|switch|p1b: Rotom|Rotom-Wash, L50|100/100|[from] Parting Shot
|
|-damage|p1a: Aerodactyl|75/100 brn|[from] brn
|-damage|p2a: Scrafty|22/100 brn|[from] brn
|upkeep
|turn|5
|
|t:|1783139803
|switch|p1a: Incineroar|Incineroar, L50, M|63/100 tox
|-ability|p1a: Incineroar|Intimidate|boost
|-unboost|p2a: Scrafty|atk|1
|-unboost|p2b: Salazzle|atk|1
|move|p2a: Scrafty|Fake Out|p1a: Incineroar
|-damage|p1a: Incineroar|59/100 tox
|move|p1b: Rotom|Electroweb|p2b: Salazzle|[spread] p2a,p2b
|-damage|p2a: Scrafty|5/100 brn
|-damage|p2b: Salazzle|0 fnt
|-unboost|p2a: Scrafty|spe|1
|faint|p2b: Salazzle
|
|-damage|p1a: Incineroar|53/100 tox|[from] psn
|-damage|p2a: Scrafty|0 fnt|[from] brn
|faint|p2a: Scrafty
|upkeep
|
|t:|1783139813
|switch|p2b: Emboar|Emboar, L50, F|100/100
|switch|p2a: Snorlax|Snorlax, L50, M|68/100
|turn|6
|
|t:|1783139823
|detailschange|p2b: Emboar|Emboar-Mega, L50, F
|-mega|p2b: Emboar|Emboar|Emboarite
|-ability|p2b: Emboar|Mold Breaker
|move|p1a: Incineroar|Fake Out|p2b: Emboar
|-crit|p2b: Emboar
|-damage|p2b: Emboar|85/100
|move|p1b: Rotom|Electroweb|p2b: Emboar|[spread] p2a,p2b
|-damage|p2a: Snorlax|57/100
|-damage|p2b: Emboar|70/100
|-unboost|p2a: Snorlax|spe|1
|-unboost|p2b: Emboar|spe|1
|cant|p2b: Emboar|flinch
|move|p2a: Snorlax|Stockpile|p2a: Snorlax
|-start|p2a: Snorlax|stockpile1
|-boost|p2a: Snorlax|def|1
|-boost|p2a: Snorlax|spd|1
|
|-heal|p2a: Snorlax|63/100|[from] item: Leftovers
|-damage|p1a: Incineroar|42/100 tox|[from] psn
|upkeep
|-enditem|p1a: Incineroar|Sitrus Berry|[eat]
|-heal|p1a: Incineroar|66/100 tox|[from] item: Sitrus Berry
|turn|7
|
|t:|1783139848
|switch|p1b: Aerodactyl|Aerodactyl-Mega, L50, F|75/100 brn
|move|p2b: Emboar|Protect|p2b: Emboar
|-singleturn|p2b: Emboar|Protect
|move|p1a: Incineroar|Will-O-Wisp|p2a: Snorlax
|-status|p2a: Snorlax|brn
|move|p2a: Snorlax|Facade|p1b: Aerodactyl
|-resisted|p1b: Aerodactyl|1
|-damage|p1b: Aerodactyl|30/100 brn
|
|-heal|p2a: Snorlax|69/100 brn|[from] item: Leftovers
|-damage|p1a: Incineroar|49/100 tox|[from] psn
|-damage|p1b: Aerodactyl|24/100 brn|[from] brn
|-damage|p2a: Snorlax|63/100 brn|[from] brn
|upkeep
|turn|8
|
|t:|1783139867
|move|p1b: Aerodactyl|Rock Slide|p2a: Snorlax|[spread] p2a,p2b
|-damage|p2a: Snorlax|54/100 brn
|-damage|p2b: Emboar|55/100
|move|p1a: Incineroar|Parting Shot|p2b: Emboar
|-unboost|p2b: Emboar|atk|1
|-unboost|p2b: Emboar|spa|1
|
|t:|1783139873
|switch|p1a: Rotom|Rotom-Wash, L50|100/100|[from] Parting Shot
|move|p2b: Emboar|Storm Throw|p1a: Rotom
|-crit|p1a: Rotom
|-damage|p1a: Rotom|26/100
|move|p2a: Snorlax|Facade|p1a: Rotom
|-damage|p1a: Rotom|0 fnt
|faint|p1a: Rotom
|
|-heal|p2a: Snorlax|60/100 brn|[from] item: Leftovers
|-damage|p1b: Aerodactyl|19/100 brn|[from] brn
|-damage|p2a: Snorlax|54/100 brn|[from] brn
|upkeep
|
|t:|1783139885
|switch|p1a: Incineroar|Incineroar, L50, M|49/100 tox
|-ability|p1a: Incineroar|Intimidate|boost
|-unboost|p2a: Snorlax|atk|1
|-unboost|p2b: Emboar|atk|1
|turn|9
|
|t:|1783139902
|move|p2b: Emboar|Protect|p2b: Emboar
|-singleturn|p2b: Emboar|Protect
|move|p2a: Snorlax|Protect|p2a: Snorlax
|-singleturn|p2a: Snorlax|Protect
|move|p1a: Incineroar|Fake Out|p2a: Snorlax
|-activate|p2a: Snorlax|move: Protect
|move|p1b: Aerodactyl|Dual Wingbeat|p2b: Emboar
|-activate|p2b: Emboar|move: Protect
|
|-heal|p2a: Snorlax|60/100 brn|[from] item: Leftovers
|-damage|p1a: Incineroar|43/100 tox|[from] psn
|-damage|p1b: Aerodactyl|13/100 brn|[from] brn
|-damage|p2a: Snorlax|54/100 brn|[from] brn
|upkeep
|turn|10
|
|t:|1783139924
|move|p1b: Aerodactyl|Dual Wingbeat|p2b: Emboar|[miss]
|-miss|p1b: Aerodactyl|p2b: Emboar
|move|p1a: Incineroar|Flare Blitz|p2a: Snorlax
|-damage|p2a: Snorlax|42/100 brn
|-damage|p1a: Incineroar|38/100 tox|[from] Recoil
|move|p2b: Emboar|Storm Throw|p1a: Incineroar
|-supereffective|p1a: Incineroar|1
|-crit|p1a: Incineroar
|-damage|p1a: Incineroar|0 fnt
|faint|p1a: Incineroar
|move|p2a: Snorlax|Facade|p1b: Aerodactyl
|-resisted|p1b: Aerodactyl|1
|-damage|p1b: Aerodactyl|0 fnt
|faint|p1b: Aerodactyl
|
|win|Goonsuke Sama
||sogreenitslime is ready for game 3.
|inactive|Goonsuke Sama has 30 seconds to confirm battle start!
||Goonsuke Sama is ready for game 3.
|uhtml|next|Next: Game 3 of 3
