|j|☆Staglad
|j|☆Sylviana GL
|html|StagladSylviana GL    
|uhtml|bestof|Game 2 of a best-of-3
|t:|1783981571
|gametype|doubles
|player|p1|Staglad|morty|1000
|player|p2|Sylviana GL|caitlin|1123
|gen|9
|tier|[Gen 9 Champions] VGC 2026 Reg M-B (Bo3)
|rated|
|rule|Species Clause: Limit one of each Pokémon
|rule|Item Clause: Limit 1 of each item
|clearpoke
|poke|p1|Clefable, L50, F|
|poke|p1|Ceruledge, L50, F|
|poke|p1|Glimmora, L50, M|
|poke|p1|Heliolisk, L50, F|
|poke|p1|Scizor, L50, M|
|poke|p1|Ditto, L50|
|poke|p2|Aerodactyl, L50, F, shiny|
|poke|p2|Charizard, L50, M|
|poke|p2|Sylveon, L50, M|
|poke|p2|Garchomp, L50, M|
|poke|p2|Kingambit, L50, M|
|poke|p2|Incineroar, L50, M|
|teampreview|4
|showteam|p1|Clefable||Leftovers|Unaware|HealPulse,Moonblast,Protect,Encore|Calm||F|||50|]Ceruledge||ColburBerry|FlashFire|BitterBlade,ShadowSneak,SwordsDance,Protect|Jolly||F|||50|]Glimmora||Glimmoranite|ToxicDebris|PowerGem,SludgeBomb,FlashCannon,Protect|Timid||M|||50|]Heliolisk||ChoiceScarf|DrySkin|Discharge,Bulldoze,EerieImpulse,Protect|Hasty||F|||50|]Scizor||Scizorite|Technician|BulletPunch,BugBite,Protect,KnockOff|Adamant||M|||50|]Ditto||SitrusBerry|Imposter|Transform|Bold|||||50|
|showteam|p2|Aerodactyl||Aerodactylite|Unnerve|RockSlide,IceFang,Tailwind,WideGuard|Jolly||F|||50|]Charizard||CharizarditeY|Blaze|HeatWave,WeatherBall,SolarBeam,Protect|Modest||M|||50|]Sylveon||FairyFeather|Pixilate|HyperVoice,HyperBeam,QuickAttack,Detect|Modest||M|||50|]Garchomp||LifeOrb|RoughSkin|DragonClaw,Earthquake,StompingTantrum,Protect|Jolly||M|||50|]Kingambit||FocusSash|Defiant|SuckerPunch,KowtowCleave,IronHead,Protect|Adamant||M|||50|]Incineroar||SitrusBerry|Intimidate|FlareBlitz,ThroatChop,FakeOut,PartingShot|Impish||M|||50|
|inactive|Battle timer is ON: inactive players will automatically lose when time's up. (requested by Sylviana GL)
|
|t:|1783981589
|teamsize|p1|4
|teamsize|p2|4
|start
|switch|p1a: Ceruledge|Ceruledge, L50, F|100/100
|switch|p1b: Clefable|Clefable, L50, F|100/100
|switch|p2a: Garchomp|Garchomp, L50, M|100/100
|switch|p2b: Incineroar|Incineroar, L50, M|100/100
|-ability|p2b: Incineroar|Intimidate|boost
|-unboost|p1a: Ceruledge|atk|1
|-unboost|p1b: Clefable|atk|1
|turn|1
|
|t:|1783981602
|switch|p1a: Ditto|Ditto, L50|100/100
|-transform|p1a: Ditto|p2b: Incineroar|[from] ability: Imposter
|-ability|p1a: Ditto|Intimidate|boost
|-unboost|p2a: Garchomp|atk|1
|-unboost|p2b: Incineroar|atk|1
|move|p1b: Clefable|Protect|p1b: Clefable
|-singleturn|p1b: Clefable|Protect
|move|p2b: Incineroar|Fake Out|p1b: Clefable
|-activate|p1b: Clefable|move: Protect
|move|p2a: Garchomp|Stomping Tantrum|p1a: Ditto
|-supereffective|p1a: Ditto|1
|-damage|p1a: Ditto|24/100
|-enditem|p1a: Ditto|Sitrus Berry|[eat]
|-heal|p1a: Ditto|49/100|[from] item: Sitrus Berry
|-damage|p2a: Garchomp|90/100|[from] item: Life Orb
|
|upkeep
|turn|2
|inactive|Staglad has 30 seconds left.
|inactive|Sylviana GL has 30 seconds left.
|
|t:|1783981632
|move|p1a: Ditto|Fake Out|p2b: Incineroar
|-damage|p2b: Incineroar|91/100
|move|p2a: Garchomp|Earthquake|p1a: Ditto|[spread] p2b,p1a,p1b
|-supereffective|p2b: Incineroar|1
|-supereffective|p1a: Ditto|1
|-damage|p2b: Incineroar|35/100
|-damage|p1a: Ditto|0 fnt
|-damage|p1b: Clefable|46/100
|-enditem|p2b: Incineroar|Sitrus Berry|[eat]
|-heal|p2b: Incineroar|60/100|[from] item: Sitrus Berry
|faint|p1a: Ditto
|-damage|p2a: Garchomp|80/100|[from] item: Life Orb
|cant|p2b: Incineroar|flinch
|move|p1b: Clefable|Moonblast|p2a: Garchomp
|-supereffective|p2a: Garchomp|1
|-damage|p2a: Garchomp|8/100
|
|-heal|p1b: Clefable|51/100|[from] item: Leftovers
|upkeep
|
|t:|1783981652
|switch|p1a: Ceruledge|Ceruledge, L50, F|100/100
|turn|3
|
|t:|1783981669
|switch|p2a: Charizard|Charizard, L50, M|100/100
|move|p1a: Ceruledge|Protect|p1a: Ceruledge
|-singleturn|p1a: Ceruledge|Protect
|move|p2b: Incineroar|Throat Chop|p1a: Ceruledge
|-activate|p1a: Ceruledge|move: Protect
|move|p1b: Clefable|Moonblast|p2a: Charizard
|-resisted|p2a: Charizard|1
|-damage|p2a: Charizard|79/100
|
|-heal|p1b: Clefable|57/100|[from] item: Leftovers
|upkeep
|turn|4
|inactive|Staglad has 30 seconds left.
|
|t:|1783981696
|detailschange|p2a: Charizard|Charizard-Mega-Y, L50, M
|-mega|p2a: Charizard|Charizard|Charizardite Y
|-weather|SunnyDay|[from] ability: Drought|[of] p2a: Charizard
|move|p2a: Charizard|Solar Beam||[still]
|-prepare|p2a: Charizard|Solar Beam
|-anim|p2a: Charizard|Solar Beam|p1b: Clefable
|-damage|p1b: Clefable|26/100
|move|p1a: Ceruledge|Swords Dance|p1a: Ceruledge
|-boost|p1a: Ceruledge|atk|2
|move|p2b: Incineroar|Throat Chop|p1a: Ceruledge
|-supereffective|p1a: Ceruledge|1
|-enditem|p1a: Ceruledge|Colbur Berry|[eat]
|-enditem|p1a: Ceruledge|Colbur Berry|[weaken]
|-damage|p1a: Ceruledge|75/100
|-start|p1a: Ceruledge|Throat Chop|[silent]
|move|p1b: Clefable|Encore|p2a: Charizard
|-start|p2a: Charizard|Encore
|
|-weather|SunnyDay|[upkeep]
|-heal|p1b: Clefable|32/100|[from] item: Leftovers
|upkeep
|turn|5
|inactive|Staglad has 30 seconds left.
|inactive|Staglad has 20 seconds left.
|
|t:|1783981732
|switch|p2b: Garchomp|Garchomp, L50, M|8/100
|move|p1a: Ceruledge|Protect|p1a: Ceruledge
|-singleturn|p1a: Ceruledge|Protect
|move|p2a: Charizard|Solar Beam||[still]
|-prepare|p2a: Charizard|Solar Beam
|-anim|p2a: Charizard|Solar Beam|p1b: Clefable
|-damage|p1b: Clefable|0 fnt
|faint|p1b: Clefable
|
|-weather|SunnyDay|[upkeep]
|-end|p1a: Ceruledge|Throat Chop|[silent]
|upkeep
|
|t:|1783981742
|switch|p1b: Glimmora|Glimmora, L50, M|100/100
|turn|6
|inactive|Sylviana GL has 30 seconds left.
|inactive|Sylviana GL has 20 seconds left.
|
|t:|1783981777
|detailschange|p1b: Glimmora|Glimmora-Mega, L50, M
|-mega|p1b: Glimmora|Glimmora|Glimmoranite
|move|p1a: Ceruledge|Shadow Sneak|p2b: Garchomp
|-damage|p2b: Garchomp|0 fnt
|-damage|p1a: Ceruledge|63/100|[from] ability: Rough Skin|[of] p2b: Garchomp
|faint|p2b: Garchomp
|move|p1b: Glimmora|Power Gem|p2a: Charizard
|-supereffective|p2a: Charizard|2
|-damage|p2a: Charizard|0 fnt
|faint|p2a: Charizard
|
|-weather|SunnyDay|[upkeep]
|upkeep
|
|t:|1783981784
|switch|p2b: Incineroar|Incineroar, L50, M|60/100
|switch|p2a: Kingambit|Kingambit, L50, M|100/100
|-ability|p2b: Incineroar|Intimidate|boost
|-unboost|p1a: Ceruledge|atk|1
|-unboost|p1b: Glimmora|atk|1
|turn|7
|
|t:|1783981798
|move|p2b: Incineroar|Fake Out|p1b: Glimmora
|-resisted|p1b: Glimmora|1
|-damage|p1b: Glimmora|94/100
|cant|p1b: Glimmora|flinch
|move|p1a: Ceruledge|Bitter Blade|p2a: Kingambit
|-supereffective|p2a: Kingambit|1
|-enditem|p2a: Kingambit|Focus Sash
|-damage|p2a: Kingambit|1/100
|-heal|p1a: Ceruledge|100/100|[from] drain|[of] p2a: Kingambit
|move|p2a: Kingambit|Kowtow Cleave|p1a: Ceruledge
|-supereffective|p1a: Ceruledge|1
|-damage|p1a: Ceruledge|0 fnt
|faint|p1a: Ceruledge
|
|-weather|SunnyDay|[upkeep]
|upkeep
|turn|8
|
|t:|1783981817
|move|p2a: Kingambit|Sucker Punch|p1b: Glimmora
|-damage|p1b: Glimmora|54/100
|move|p1b: Glimmora|Power Gem|p2b: Incineroar
|-supereffective|p2b: Incineroar|1
|-damage|p2b: Incineroar|0 fnt
|faint|p2b: Incineroar
|
|-weather|none
|upkeep
|turn|9
|
|t:|1783981833
|move|p2a: Kingambit|Sucker Punch|p1b: Glimmora
|-crit|p1b: Glimmora
|-damage|p1b: Glimmora|0 fnt
|faint|p1b: Glimmora
|
|win|Sylviana GL
|raw|Staglad's rating: 1000 → 1000(+0 for losing)
|raw|Sylviana GL's rating: 1123 → 1140(+17 for winning)
|c|☆Sylviana GL|LOL
|l|☆Staglad
|player|p1|
