|j|☆Chatter Mane
|j|☆AGreatRobot
|html|Chatter ManeAGreatRobot    
|uhtml|bestof|Game 2 of a best-of-3
|t:|1783202977
|gametype|doubles
|player|p1|Chatter Mane|zinnia|
|player|p2|AGreatRobot|medium|
|gen|9
|tier|[Gen 9 Champions] VGC 2026 Reg M-B (Bo3)
|rule|Species Clause: Limit one of each Pokémon
|rule|Item Clause: Limit 1 of each item
|clearpoke
|poke|p1|Froslass, L50, F, shiny|
|poke|p1|Scovillain, L50, F, shiny|
|poke|p1|Rotom-Wash, L50, shiny|
|poke|p1|Glimmora, L50, F, shiny|
|poke|p1|Aegislash, L50, F, shiny|
|poke|p1|Kommo-o, L50, M|
|poke|p2|Annihilape, L50, F|
|poke|p2|Aerodactyl, L50, F|
|poke|p2|Blaziken, L50, M|
|poke|p2|Roserade, L50, M|
|poke|p2|Rotom-Wash, L50|
|poke|p2|Scizor, L50, M|
|teampreview|4
|showteam|p1|Froslass||Froslassite|CursedBody|Blizzard,ShadowBall,AuroraVeil,Protect|Modest||F|||50|]Scovillain||Scovillainite|Moody|Overheat,GigaDrain,RagePowder,Protect|Calm||F|||50|]Rotom-Wash||ChoiceScarf|Levitate|HydroPump,Thunderbolt,Electroweb,Trick|Timid|||||50|]Glimmora||FocusSash|ToxicDebris|SludgeBomb,PowerGem,EarthPower,SpikyShield|Modest||F|||50|]Aegislash||LifeOrb|StanceChange|Poltergeist,IronHead,ShadowSneak,KingsShield|Adamant||F|||50|]Kommo-o||Leftovers|Bulletproof|ClangingScales,AuraSphere,ClangorousSoul,Protect|Modest||M|||50|
|showteam|p2|Annihilape||SitrusBerry|Defiant|RageFist,DrainPunch,BulkUp,Protect|Careful||F|||50|]Aerodactyl||FocusSash|Pressure|RockSlide,WideGuard,Tailwind,Taunt|Jolly||F|||50|]Blaziken||Blazikenite|SpeedBoost|FlareBlitz,CloseCombat,SwordsDance,Detect|Adamant||M|||50|]Roserade||WideLens|PoisonPoint|PinMissile,SleepPowder,LifeDew,LeafStorm|Timid||M|||50|]Rotom-Wash||ChoiceScarf|Levitate|HydroPump,Electroweb,VoltSwitch,Thunderbolt|Modest|||||50|]Scizor||LifeOrb|Technician|Assurance,BulletPunch,Uturn,Protect|Adamant||M|||50|
|
|t:|1783203000
|teamsize|p1|4
|teamsize|p2|4
|start
|switch|p1a: Froslass|Froslass, L50, F, shiny|100/100
|switch|p1b: Rotom|Rotom-Wash, L50, shiny|100/100
|switch|p2a: Scizor|Scizor, L50, M|100/100
|switch|p2b: Rotom|Rotom-Wash, L50|100/100
|turn|1
|
|t:|1783203009
|move|p1a: Froslass|Protect|p1a: Froslass
|-singleturn|p1a: Froslass|Protect
|move|p2a: Scizor|Bullet Punch|p1a: Froslass
|-activate|p1a: Froslass|move: Protect
|move|p1b: Rotom|Trick|p2a: Scizor
|-activate|p1b: Rotom|move: Trick|[of] p2a: Scizor
|-item|p2a: Scizor|Choice Scarf|[from] move: Trick
|-item|p1b: Rotom|Life Orb|[from] move: Trick
|move|p2b: Rotom|Volt Switch|p1b: Rotom
|-damage|p1b: Rotom|59/100
|
|t:|1783203012
|switch|p2b: Annihilape|Annihilape, L50, F|100/100|[from] Volt Switch
|
|upkeep
|turn|2
|
|t:|1783203036
|switch|p1b: Kommo-o|Kommo-o, L50, M|100/100
|detailschange|p1a: Froslass|Froslass-Mega, L50, F, shiny
|-mega|p1a: Froslass|Froslass|Froslassite
|-weather|Snowscape|[from] ability: Snow Warning|[of] p1a: Froslass
|move|p2b: Annihilape|Protect|p2b: Annihilape
|-singleturn|p2b: Annihilape|Protect
|move|p1a: Froslass|Aurora Veil|p1a: Froslass
|-sidestart|p1: Chatter Mane|move: Aurora Veil
|move|p2a: Scizor|Assurance|p1a: Froslass
|-supereffective|p1a: Froslass|1
|-crit|p1a: Froslass
|-damage|p1a: Froslass|10/100
|
|-weather|Snowscape|[upkeep]
|upkeep
|turn|3
|
|t:|1783203051
|switch|p1a: Rotom|Rotom-Wash, L50, shiny|59/100
|switch|p2a: Rotom|Rotom-Wash, L50|100/100
|switch|p2b: Blaziken|Blaziken, L50, M|100/100
|move|p1b: Kommo-o|Clangorous Soul|p1b: Kommo-o
|-boost|p1b: Kommo-o|atk|1
|-boost|p1b: Kommo-o|def|1
|-boost|p1b: Kommo-o|spa|1
|-boost|p1b: Kommo-o|spd|1
|-boost|p1b: Kommo-o|spe|1
|-damage|p1b: Kommo-o|67/100
|
|-weather|Snowscape|[upkeep]
|-heal|p1b: Kommo-o|73/100|[from] item: Leftovers
|upkeep
|turn|4
|
|t:|1783203064
|detailschange|p2b: Blaziken|Blaziken-Mega, L50, M
|-mega|p2b: Blaziken|Blaziken|Blazikenite
|move|p2b: Blaziken|Detect|p2b: Blaziken
|-singleturn|p2b: Blaziken|Protect
|move|p1b: Kommo-o|Clangorous Soul|p1b: Kommo-o
|-boost|p1b: Kommo-o|atk|1
|-boost|p1b: Kommo-o|def|1
|-boost|p1b: Kommo-o|spa|1
|-boost|p1b: Kommo-o|spd|1
|-boost|p1b: Kommo-o|spe|1
|-damage|p1b: Kommo-o|41/100
|move|p2a: Rotom|Electroweb|p1a: Rotom|[spread] p1a,p1b
|-resisted|p1b: Kommo-o|1
|-damage|p1a: Rotom|44/100
|-damage|p1b: Kommo-o|38/100
|-unboost|p1a: Rotom|spe|1
|-unboost|p1b: Kommo-o|spe|1
|move|p1a: Rotom|Electroweb|p2b: Blaziken|[spread] p2a
|-activate|p2b: Blaziken|move: Protect
|-damage|p2a: Rotom|74/100
|-unboost|p2a: Rotom|spe|1
|-damage|p1a: Rotom|34/100|[from] item: Life Orb
|
|-weather|Snowscape|[upkeep]
|-heal|p1b: Kommo-o|45/100|[from] item: Leftovers
|-ability|p2b: Blaziken|Speed Boost|boost
|-boost|p2b: Blaziken|spe|1
|upkeep
|turn|5
|
|t:|1783203071
|move|p1b: Kommo-o|Protect|p1b: Kommo-o
|-singleturn|p1b: Kommo-o|Protect
|move|p2b: Blaziken|Close Combat|p1b: Kommo-o
|-activate|p1b: Kommo-o|move: Protect
|move|p2a: Rotom|Electroweb|p1a: Rotom|[spread] p1a
|-activate|p1b: Kommo-o|move: Protect
|-damage|p1a: Rotom|18/100
|-unboost|p1a: Rotom|spe|1
|move|p1a: Rotom|Hydro Pump|p2b: Blaziken
|-supereffective|p2b: Blaziken|1
|-damage|p2b: Blaziken|0 fnt
|faint|p2b: Blaziken
|-damage|p1a: Rotom|9/100|[from] item: Life Orb
|
|-weather|Snowscape|[upkeep]
|-heal|p1b: Kommo-o|51/100|[from] item: Leftovers
|upkeep
|
|t:|1783203074
|switch|p2b: Scizor|Scizor, L50, M|100/100
|turn|6
|
|t:|1783203088
|move|p2b: Scizor|Bullet Punch|p1b: Kommo-o
|-damage|p1b: Kommo-o|41/100
|move|p1b: Kommo-o|Aura Sphere|p2a: Rotom
|-damage|p2a: Rotom|0 fnt
|faint|p2a: Rotom
|move|p1a: Rotom|Hydro Pump|p2b: Scizor
|-damage|p2b: Scizor|22/100
|-damage|p1a: Rotom|0 fnt|[from] item: Life Orb
|faint|p1a: Rotom
|
|-weather|none
|-heal|p1b: Kommo-o|48/100|[from] item: Leftovers
|-sideend|p1: Chatter Mane|move: Aurora Veil
|upkeep
|
|t:|1783203094
|switch|p1a: Scovillain|Scovillain, L50, F, shiny|100/100
|switch|p2a: Annihilape|Annihilape, L50, F|100/100
|turn|7
|
|t:|1783203098
|move|p1a: Scovillain|Rage Powder|p1a: Scovillain
|-singleturn|p1a: Scovillain|move: Rage Powder
|move|p2b: Scizor|Bullet Punch|p1a: Scovillain
|-resisted|p1a: Scovillain|1
|-damage|p1a: Scovillain|77/100
|move|p1b: Kommo-o|Clanging Scales|p2b: Scizor|[spread] p2a,p2b
|-resisted|p2b: Scizor|1
|-damage|p2a: Annihilape|52/100
|-damage|p2b: Scizor|0 fnt
|faint|p2b: Scizor
|-unboost|p1b: Kommo-o|def|1
|move|p2a: Annihilape|Bulk Up|p2a: Annihilape
|-boost|p2a: Annihilape|atk|1
|-boost|p2a: Annihilape|def|1
|
|-heal|p1b: Kommo-o|54/100|[from] item: Leftovers
|-ability|p1a: Scovillain|Moody|boost
|-boost|p1a: Scovillain|def|2
|-unboost|p1a: Scovillain|spe|1
|upkeep
|turn|8
|
|t:|1783203111
|move|p1a: Scovillain|Rage Powder|p1a: Scovillain
|-singleturn|p1a: Scovillain|move: Rage Powder
|move|p1b: Kommo-o|Clanging Scales|p2a: Annihilape
|-damage|p2a: Annihilape|0 fnt
|faint|p2a: Annihilape
|
|win|Chatter Mane
||Chatter Mane is ready for game 3.
||AGreatRobot is ready for game 3.
|uhtml|next|Next: Game 3 of 3
