|j|☆ParroTiest
|j|☆SeeYouInSf
|html|ParroTiestSeeYouInSf    
|uhtml|bestof|Game 1 of a best-of-3
|t:|1756407154
|gametype|doubles
|player|p1|ParroTiest|wallace|1157
|player|p2|SeeYouInSf|unknown|1238
|gen|9
|tier|[Gen 9] VGC 2025 Reg H (Bo3)
|rated|
|rule|Species Clause: Limit one of each Pokémon
|rule|Item Clause: Limit 1 of each item
|clearpoke
|poke|p1|Grimmsnarl, L50, M|
|poke|p1|Ursaluna-Bloodmoon, L50, M|
|poke|p1|Farigiraf, L50, F|
|poke|p1|Gholdengo, L50|
|poke|p1|Rillaboom, L50, F|
|poke|p1|Volcarona, L50, M|
|poke|p2|Amoonguss, L50, F|
|poke|p2|Gholdengo, L50|
|poke|p2|Porygon2, L50|
|poke|p2|Incineroar, L50, F|
|poke|p2|Ursaluna, L50, F|
|poke|p2|Tyranitar, L50, M|
|teampreview|4
|showteam|p1|Grimmsnarl||LightClay|Prankster|Reflect,LightScreen,SpiritBreak,Taunt|||M|||50|,,,,,Ghost]Ursaluna-Bloodmoon||LifeOrb|MindsEye|BloodMoon,HyperVoice,EarthPower,Protect|||M|||50|,,,,,Normal]Farigiraf||ThroatSpray|ArmorTail|HyperVoice,Psychic,TrickRoom,Protect|||F|||50|,,,,,Fairy]Gholdengo||ChoiceSpecs|GoodasGold|MakeItRain,ShadowBall,PowerGem,Trick||||||50|,,,,,Water]Rillaboom||AssaultVest|GrassySurge|FakeOut,WoodHammer,GrassyGlide,Uturn|||F|||50|,,,,,Fire]Volcarona||Leftovers|FlameBody|QuiverDance,HeatWave,GigaDrain,Protect|||M|||50|,,,,,Grass
|showteam|p2|Amoonguss||RockyHelmet|Regenerator|Spore,RagePowder,PollenPuff,Protect|||F|||50|,,,,,Water]Gholdengo||LifeOrb|GoodasGold|MakeItRain,ShadowBall,NastyPlot,Protect||||||50|,,,,,Dragon]Porygon2||Eviolite|Download|TeraBlast,TrickRoom,Recover,IceBeam||||||50|,,,,,Fighting]Incineroar||SafetyGoggles|Intimidate|PartingShot,KnockOff,FlareBlitz,FakeOut|||F|||50|,,,,,Ghost]Ursaluna||FlameOrb|Guts|Facade,HeadlongRush,Substitute,Protect|||F|||50|,,,,,Ghost]Tyranitar||AssaultVest|SandStream|LowKick,TeraBlast,RockSlide,KnockOff|||M|||50|,,,,,Fairy
|inactive|Battle timer is ON: inactive players will automatically lose when time's up. (requested by SeeYouInSf)
|inactive|ParroTiest also wants the timer to be on.
|inactive|ParroTiest has 60 seconds left.
|inactive|SeeYouInSf has 60 seconds left.
|inactive|SeeYouInSf has 30 seconds left.
|
|t:|1756407218
|teamsize|p1|4
|teamsize|p2|4
|start
|switch|p1a: instakill button|Ursaluna-Bloodmoon, L50, M|100/100
|switch|p1b: quarters|Gholdengo, L50|100/100
|switch|p2a: Gholdengo|Gholdengo, L50|100/100
|switch|p2b: Tyranitar|Tyranitar, L50, M|100/100
|-weather|Sandstorm|[from] ability: Sand Stream|[of] p2b: Tyranitar
|turn|1
|inactive|ParroTiest has 30 seconds left.
|inactive|SeeYouInSf has 30 seconds left.
|inactive|ParroTiest has 20 seconds left.
|inactive|SeeYouInSf has 20 seconds left.
|inactive|ParroTiest has 15 seconds left.
|inactive|SeeYouInSf has 15 seconds left.
|inactive|ParroTiest has 10 seconds left.
|inactive|SeeYouInSf has 10 seconds left.
|
|t:|1756407267
|-terastallize|p2b: Tyranitar|Fairy
|move|p2a: Gholdengo|Shadow Ball|p1b: quarters
|-supereffective|p1b: quarters
|-damage|p1b: quarters|0 fnt
|faint|p1b: quarters
|-damage|p2a: Gholdengo|91/100|[from] item: Life Orb
|move|p2b: Tyranitar|Low Kick|p1a: instakill button
|-supereffective|p1a: instakill button
|-damage|p1a: instakill button|33/100
|move|p1a: instakill button|Earth Power|p2a: Gholdengo
|-supereffective|p2a: Gholdengo
|-damage|p2a: Gholdengo|0 fnt
|faint|p2a: Gholdengo
|-damage|p1a: instakill button|23/100|[from] item: Life Orb
|
|-weather|Sandstorm|[upkeep]
|-damage|p2b: Tyranitar|95/100|[from] Sandstorm
|upkeep
|
|t:|1756407284
|switch|p2a: Ursaluna|Ursaluna, L50, F|100/100
|switch|p1b: monke|Rillaboom, L50, F|100/100
|-fieldstart|move: Grassy Terrain|[from] ability: Grassy Surge|[of] p1b: monke
|turn|2
|inactive|SeeYouInSf has 30 seconds left.
|inactive|SeeYouInSf has 20 seconds left.
|inactive|SeeYouInSf has 15 seconds left.
|
|t:|1756407328
|switch|p2a: Incineroar|Incineroar, L50, F|100/100
|-ability|p2a: Incineroar|Intimidate|boost
|-unboost|p1a: instakill button|atk|1
|-unboost|p1b: monke|atk|1
|-terastallize|p1a: instakill button|Normal
|move|p1b: monke|Fake Out|p2b: Tyranitar
|-damage|p2b: Tyranitar|88/100
|cant|p2b: Tyranitar|flinch
|move|p1a: instakill button|Hyper Voice|p2b: Tyranitar|[spread] p2a,p2b
|-damage|p2a: Incineroar|30/100
|-damage|p2b: Tyranitar|49/100
|-damage|p1a: instakill button|13/100|[from] item: Life Orb
|
|-weather|Sandstorm|[upkeep]
|-damage|p1b: monke|95/100|[from] Sandstorm
|-damage|p2b: Tyranitar|43/100|[from] Sandstorm
|-damage|p1a: instakill button|7/100|[from] Sandstorm
|-heal|p1b: monke|100/100|[from] Grassy Terrain
|-heal|p2a: Incineroar|36/100|[from] Grassy Terrain
|-heal|p2b: Tyranitar|49/100|[from] Grassy Terrain
|-heal|p1a: instakill button|13/100|[from] Grassy Terrain
|upkeep
|turn|3
|inactive|ParroTiest has 30 seconds left.
|
|t:|1756407355
|move|p1a: instakill button|Protect|p1a: instakill button
|-singleturn|p1a: instakill button|Protect
|move|p2a: Incineroar|Fake Out|p1b: monke
|-crit|p1b: monke
|-damage|p1b: monke|84/100
|cant|p1b: monke|flinch
|move|p2b: Tyranitar|Rock Slide|p1b: monke|[spread] p1b
|-activate|p1a: instakill button|move: Protect
|-damage|p1b: monke|53/100
|
|-weather|Sandstorm|[upkeep]
|-damage|p1b: monke|47/100|[from] Sandstorm
|-damage|p2b: Tyranitar|43/100|[from] Sandstorm
|-damage|p1a: instakill button|7/100|[from] Sandstorm
|-heal|p1b: monke|53/100|[from] Grassy Terrain
|-heal|p2a: Incineroar|42/100|[from] Grassy Terrain
|-heal|p2b: Tyranitar|49/100|[from] Grassy Terrain
|-heal|p1a: instakill button|13/100|[from] Grassy Terrain
|upkeep
|turn|4
|inactive|SeeYouInSf has 30 seconds left.
|
|t:|1756407384
|move|p1b: monke|Wood Hammer|p2b: Tyranitar
|-crit|p2b: Tyranitar
|-damage|p2b: Tyranitar|0 fnt
|faint|p2b: Tyranitar
|-damage|p1b: monke|37/100|[from] Recoil
|move|p2a: Incineroar|Knock Off|p1a: instakill button
|-damage|p1a: instakill button|0 fnt
|-enditem|p1a: instakill button|Life Orb|[from] move: Knock Off|[of] p2a: Incineroar
|faint|p1a: instakill button
|
|-weather|Sandstorm|[upkeep]
|-damage|p1b: monke|31/100|[from] Sandstorm
|-heal|p1b: monke|37/100|[from] Grassy Terrain
|-heal|p2a: Incineroar|48/100|[from] Grassy Terrain
|upkeep
|
|t:|1756407399
|switch|p2b: Ursaluna|Ursaluna, L50, F|100/100
|switch|p1a: no fake out|Farigiraf, L50, F|100/100
|turn|5
|
|t:|1756407423
|move|p2b: Ursaluna|Protect|p2b: Ursaluna
|-singleturn|p2b: Ursaluna|Protect
|move|p1b: monke|Wood Hammer|p2b: Ursaluna
|-activate|p2b: Ursaluna|move: Protect
|move|p2a: Incineroar|Flare Blitz|p1b: monke
|-supereffective|p1b: monke
|-damage|p1b: monke|0 fnt
|faint|p1b: monke
|-damage|p2a: Incineroar|36/100|[from] Recoil
|move|p1a: no fake out|Hyper Voice|p2a: Incineroar|[spread] p2a
|-activate|p2b: Ursaluna|move: Protect
|-damage|p2a: Incineroar|6/100
|-enditem|p1a: no fake out|Throat Spray
|-boost|p1a: no fake out|spa|1|[from] item: Throat Spray
|
|-weather|none
|-heal|p2a: Incineroar|12/100|[from] Grassy Terrain
|-status|p2b: Ursaluna|brn|[from] item: Flame Orb
|upkeep
|turn|6
|
|t:|1756407437
|move|p2a: Incineroar|Knock Off|p1a: no fake out
|-supereffective|p1a: no fake out
|-damage|p1a: no fake out|48/100
|move|p1a: no fake out|Hyper Voice|p2b: Ursaluna|[spread] p2a,p2b
|-damage|p2a: Incineroar|0 fnt
|-damage|p2b: Ursaluna|58/100 brn
|faint|p2a: Incineroar
|move|p2b: Ursaluna|Facade|p1a: no fake out
|-damage|p1a: no fake out|0 fnt
|faint|p1a: no fake out
|
|win|SeeYouInSf
||SeeYouInSf is ready for game 2.
||ParroTiest is ready for game 2.
|uhtml|next|Next: Game 2 of 3
|l|☆ParroTiest
|player|p1|
