|j|☆Zacharykeith
|j|☆danicruz.music
|html|Zacharykeithdanicruz.music    
|uhtml|bestof|Game 1 of a best-of-3
|t:|1757106624
|gametype|doubles
|player|p1|Zacharykeith|fisherman-gen4|1079
|player|p2|danicruz.music|whitney|1109
|gen|9
|tier|[Gen 9] VGC 2025 Reg H (Bo3)
|rated|
|rule|Species Clause: Limit one of each Pokémon
|rule|Item Clause: Limit 1 of each item
|clearpoke
|poke|p1|Ursaluna, L50, F|
|poke|p1|Porygon2, L50|
|poke|p1|Torkoal, L50, F|
|poke|p1|Jumpluff, L50, M|
|poke|p1|Charizard, L50, F|
|poke|p1|Incineroar, L50, M|
|poke|p2|Dondozo, L50, F|
|poke|p2|Tatsugiri-Stretchy, L50, M|
|poke|p2|Pelipper, L50, F|
|poke|p2|Archaludon, L50, M|
|poke|p2|Weezing-Galar, L50, F|
|poke|p2|Dragapult, L50, F|
|teampreview|4
|showteam|p1|Ursaluna||FlameOrb|Guts|Facade,HeadlongRush,Earthquake,Protect|||F|||50|,,,,,Ghost]Porygon2||Eviolite|Download|TeraBlast,IceBeam,TrickRoom,Recover||||||50|,,,,,Fighting]Torkoal||EjectPack|Drought|Eruption,Overheat,HelpingHand,Protect|||F|||50|,,,,,Fire]Jumpluff||CovertCloak|Chlorophyll|SleepPowder,Tailwind,RagePowder,SunnyDay|||M|||50|,,,,,Water]Charizard||ChoiceSpecs|SolarPower|HeatWave,Overheat,WeatherBall,AirSlash|||F|||50|,,,,,Ghost]Incineroar||SafetyGoggles|Intimidate|FakeOut,KnockOff,PartingShot,FlareBlitz|||M|||50|,,,,,Ghost
|showteam|p2|Dondozo||Leftovers|Unaware|WaveCrash,Earthquake,OrderUp,Protect|||F|||50|,,,,,Ground]Tatsugiri-Stretchy||FocusSash|Commander|DragonPulse,DracoMeteor,MuddyWater,IcyWind|||M|||50|,,,,,Fairy]Pelipper||CovertCloak|Drizzle|Hurricane,WeatherBall,WideGuard,Tailwind|||F|||50|,,,,,Fire]Archaludon||PowerHerb|Stalwart|ElectroShot,FlashCannon,DracoMeteor,Protect|||M|||50|,,,,,Electric]Weezing-Galar||RockyHelmet|NeutralizingGas|DazzlingGleam,StrangeSteam,SludgeBomb,Protect|||F|||50|,,,,,Poison]Dragapult||LifeOrb|ClearBody|DragonDarts,Protect,PhantomForce,DoubleEdge|||F|||50|,,,,,Normal
|inactive|Battle timer is ON: inactive players will automatically lose when time's up. (requested by danicruz.music)
|inactive|Zacharykeith has 60 seconds left.
|inactive|danicruz.music has 60 seconds left.
|
|t:|1757106680
|teamsize|p1|4
|teamsize|p2|4
|start
|switch|p1a: Torkoal|Torkoal, L50, F|100/100
|switch|p1b: Jumpluff|Jumpluff, L50, M|100/100
|switch|p2a: Dondozo|Dondozo, L50, F|100/100
|switch|p2b: Archaludon|Archaludon, L50, M|100/100
|-weather|SunnyDay|[from] ability: Drought|[of] p1a: Torkoal
|turn|1
|inactive|danicruz.music has 30 seconds left.
|inactive|danicruz.music has 20 seconds left.
|inactive|danicruz.music has 15 seconds left.
|
|t:|1757106720
|switch|p2b: Tatsugiri|Tatsugiri-Stretchy, L50, M|100/100
|-activate|p2b: Tatsugiri|ability: Commander|[of] p2a: Dondozo
|-boost|p2a: Dondozo|atk|2
|-boost|p2a: Dondozo|spa|2
|-boost|p2a: Dondozo|spe|2
|-boost|p2a: Dondozo|def|2
|-boost|p2a: Dondozo|spd|2
|-terastallize|p2a: Dondozo|Ground
|move|p1b: Jumpluff|Tailwind|p1b: Jumpluff
|-sidestart|p1: Zacharykeith|move: Tailwind
|move|p2a: Dondozo|Earthquake|p1b: Jumpluff|[spread] p1a
|-miss|p2a: Dondozo|p2b: Tatsugiri
|-immune|p1b: Jumpluff
|-supereffective|p1a: Torkoal
|-damage|p1a: Torkoal|0 fnt
|faint|p1a: Torkoal
|
|-weather|SunnyDay|[upkeep]
|upkeep
|
|t:|1757106736
|switch|p1a: Charizard|Charizard, L50, F|100/100
|turn|2
|inactive|Zacharykeith has 30 seconds left.
|
|t:|1757106767
|move|p2a: Dondozo|Protect|p2a: Dondozo
|-singleturn|p2a: Dondozo|Protect
|move|p1b: Jumpluff|Sleep Powder|p2a: Dondozo
|-activate|p2a: Dondozo|move: Protect
|move|p1a: Charizard|Weather Ball|p2a: Dondozo
|-activate|p2a: Dondozo|move: Protect
|
|-weather|SunnyDay|[upkeep]
|-damage|p1a: Charizard|88/100|[from] ability: Solar Power|[of] p1a: Charizard
|upkeep
|turn|3
|
|t:|1757106789
|move|p1b: Jumpluff|Sleep Powder|p2a: Dondozo
|-status|p2a: Dondozo|slp|[from] move: Sleep Powder
|move|p1a: Charizard|Weather Ball|p2a: Dondozo
|-damage|p2a: Dondozo|25/100 slp
|cant|p2a: Dondozo|slp
|
|-weather|SunnyDay|[upkeep]
|-damage|p1a: Charizard|76/100|[from] ability: Solar Power|[of] p1a: Charizard
|-heal|p2a: Dondozo|32/100 slp|[from] item: Leftovers
|upkeep
|turn|4
|inactive|Zacharykeith has 30 seconds left.
|
|t:|1757106816
|-curestatus|p2a: Dondozo|slp|[msg]
|move|p2a: Dondozo|Protect|p2a: Dondozo
|-singleturn|p2a: Dondozo|Protect
|move|p1b: Jumpluff|Rage Powder|p1b: Jumpluff
|-singleturn|p1b: Jumpluff|move: Rage Powder
|move|p1a: Charizard|Weather Ball|p2a: Dondozo
|-activate|p2a: Dondozo|move: Protect
|
|-weather|SunnyDay|[upkeep]
|-damage|p1a: Charizard|63/100|[from] ability: Solar Power|[of] p1a: Charizard
|-heal|p2a: Dondozo|38/100|[from] item: Leftovers
|-sideend|p1: Zacharykeith|move: Tailwind
|upkeep
|turn|5
|
|t:|1757106832
|move|p1b: Jumpluff|Rage Powder|p1b: Jumpluff
|-singleturn|p1b: Jumpluff|move: Rage Powder
|move|p1a: Charizard|Weather Ball|p2a: Dondozo
|-damage|p2a: Dondozo|0 fnt
|faint|p2a: Dondozo
|
|-weather|none
|upkeep
|
|t:|1757106841
|switch|p2a: Pelipper|Pelipper, L50, F|100/100
|-weather|RainDance|[from] ability: Drizzle|[of] p2a: Pelipper
|turn|6
|
|t:|1757106861
|move|p1b: Jumpluff|Sunny Day|p1b: Jumpluff
|-weather|SunnyDay
|move|p1a: Charizard|Weather Ball|p2a: Pelipper
|-resisted|p2a: Pelipper
|-damage|p2a: Pelipper|0 fnt
|faint|p2a: Pelipper
|move|p2b: Tatsugiri|Muddy Water|p1a: Charizard|[spread] p1a,p1b
|-supereffective|p1a: Charizard
|-resisted|p1b: Jumpluff
|-damage|p1a: Charizard|23/100
|-damage|p1b: Jumpluff|92/100
|
|-weather|SunnyDay|[upkeep]
|-damage|p1a: Charizard|11/100|[from] ability: Solar Power|[of] p1a: Charizard
|upkeep
|
|t:|1757106870
|switch|p2a: Archaludon|Archaludon, L50, M|100/100
|turn|7
|
|t:|1757106889
|move|p2a: Archaludon|Protect|p2a: Archaludon
|-singleturn|p2a: Archaludon|Protect
|move|p1b: Jumpluff|Sleep Powder|p2b: Tatsugiri|[miss]
|-miss|p1b: Jumpluff|p2b: Tatsugiri
|move|p1a: Charizard|Weather Ball|p2a: Archaludon
|-activate|p2a: Archaludon|move: Protect
|move|p2b: Tatsugiri|Icy Wind|p1b: Jumpluff|[spread] p1a,p1b
|-supereffective|p1b: Jumpluff
|-damage|p1a: Charizard|0 fnt
|-damage|p1b: Jumpluff|37/100
|faint|p1a: Charizard
|
|-weather|SunnyDay|[upkeep]
|upkeep
|
|t:|1757106901
|switch|p1a: Ursaluna|Ursaluna, L50, F|100/100
|turn|8
|
|t:|1757106924
|move|p1b: Jumpluff|Tailwind|p1b: Jumpluff
|-sidestart|p1: Zacharykeith|move: Tailwind
|move|p1a: Ursaluna|Earthquake|p2b: Tatsugiri|[spread] p2a,p2b
|-immune|p1b: Jumpluff
|-supereffective|p2a: Archaludon
|-damage|p2a: Archaludon|30/100
|-damage|p2b: Tatsugiri|19/100
|move|p2b: Tatsugiri|Icy Wind|p1b: Jumpluff|[spread] p1a,p1b
|-supereffective|p1a: Ursaluna
|-supereffective|p1b: Jumpluff
|-damage|p1a: Ursaluna|74/100
|-damage|p1b: Jumpluff|0 fnt
|-unboost|p1a: Ursaluna|spe|1
|faint|p1b: Jumpluff
|move|p2a: Archaludon|Flash Cannon|p1a: Ursaluna
|-damage|p1a: Ursaluna|39/100
|
|-weather|SunnyDay|[upkeep]
|-status|p1a: Ursaluna|brn|[from] item: Flame Orb
|upkeep
|turn|9
|
|t:|1757106948
|move|p2b: Tatsugiri|Icy Wind|p1a: Ursaluna
|-supereffective|p1a: Ursaluna
|-damage|p1a: Ursaluna|4/100 brn
|-unboost|p1a: Ursaluna|spe|1
|move|p2a: Archaludon|Flash Cannon|p1a: Ursaluna
|-damage|p1a: Ursaluna|0 fnt
|faint|p1a: Ursaluna
|
|win|danicruz.music
