|j|☆fergalhopper
|j|☆GalickGunAttack
|html|fergalhopperGalickGunAttack    
|uhtml|bestof|Game 3 of a best-of-3
|t:|1784918396
|gametype|doubles
|player|p1|fergalhopper|169|1093
|player|p2|GalickGunAttack|acetrainersnow|1152
|gen|9
|tier|[Gen 9 Champions] VGC 2026 Reg M-B (Bo3)
|rated|
|rule|Species Clause: Limit one of each Pokémon
|rule|Item Clause: Limit 1 of each item
|clearpoke
|poke|p1|Blaziken, L50, M|
|poke|p1|Whimsicott, L50, F|
|poke|p1|Maushold, L50|
|poke|p1|Gholdengo, L50|
|poke|p1|Tsareena, L50, F|
|poke|p1|Annihilape, L50, F|
|poke|p2|Farigiraf, L50, F|
|poke|p2|Staraptor, L50, M|
|poke|p2|Incineroar, L50, M|
|poke|p2|Whimsicott, L50, F|
|poke|p2|Garchomp, L50, M|
|poke|p2|Kingambit, L50, F|
|teampreview|4
|showteam|p1|Blaziken||Blazikenite|SpeedBoost|FlareBlitz,CloseCombat,RockSlide,Protect|Adamant||M|||50|]Whimsicott||FocusSash|Prankster|Moonblast,Tailwind,Charm,Protect|Timid||F|||50|]Maushold||WideLens|Technician|Protect,PopulationBomb,Feint,FollowMe|Adamant|||||50|]Gholdengo||LifeOrb|GoodasGold|MakeItRain,ShadowBall,NastyPlot,Protect|Modest|||||50|]Tsareena||LightClay|QueenlyMajesty|TropKick,LightScreen,Reflect,Taunt|Careful||F|||50|]Annihilape||SitrusBerry|Defiant|PhantomForce,CloseCombat,RockTomb,Protect|Adamant||F|||50|
|showteam|p2|Farigiraf||SitrusBerry|ArmorTail|DazzlingGleam,HelpingHand,LightScreen,TwinBeam|Calm||F|||50|]Staraptor||Staraptite|Intimidate|BraveBird,CloseCombat,DualWingbeat,Protect|Jolly||M|||50|]Incineroar||ChopleBerry|Intimidate|FakeOut,FlareBlitz,LashOut,PartingShot|Adamant||M|||50|]Whimsicott||FocusSash|Prankster|Tailwind,Moonblast,Charm,Taunt|Jolly||F|||50|]Garchomp||RoseliBerry|RoughSkin|Earthquake,Protect,DragonClaw,RockSlide|Adamant||M|||50|]Kingambit||BlackGlasses|Defiant|KowtowCleave,IronHead,SuckerPunch,Protect|Adamant||F|||50|
|j| 1itchynahuel
|inactive|Battle timer is ON: inactive players will automatically lose when time's up. (requested by GalickGunAttack)
|
|t:|1784918411
|teamsize|p1|4
|teamsize|p2|4
|start
|switch|p1a: Whimsicott|Whimsicott, L50, F|100/100
|switch|p1b: Annihilape|Annihilape, L50, F|100/100
|switch|p2a: Farigiraf|Farigiraf, L50, F|100/100
|switch|p2b: Garchomp|Garchomp, L50, M|100/100
|turn|1
|inactive|fergalhopper has 30 seconds left.
|inactive|GalickGunAttack has 30 seconds left.
|
|t:|1784918441
|move|p1b: Annihilape|Protect|p1b: Annihilape
|-singleturn|p1b: Annihilape|Protect
|move|p1a: Whimsicott|Moonblast|p2b: Garchomp
|-supereffective|p2b: Garchomp|1
|-enditem|p2b: Garchomp|Roseli Berry|[eat]
|-enditem|p2b: Garchomp|Roseli Berry|[weaken]
|-damage|p2b: Garchomp|61/100
|move|p2b: Garchomp|Rock Slide|p1a: Whimsicott|[spread] p1a
|-activate|p1b: Annihilape|move: Protect
|-damage|p1a: Whimsicott|71/100
|move|p2a: Farigiraf|Twin Beam|p1b: Annihilape
|-activate|p1b: Annihilape|move: Protect
|
|upkeep
|turn|2
|inactive|fergalhopper has 30 seconds left.
|
|t:|1784918468
|move|p1a: Whimsicott|Moonblast|p2b: Garchomp
|-supereffective|p2b: Garchomp|1
|-damage|p2b: Garchomp|0 fnt
|faint|p2b: Garchomp
|move|p1b: Annihilape|Phantom Force||[still]
|-prepare|p1b: Annihilape|Phantom Force
|move|p2a: Farigiraf|Dazzling Gleam|p1a: Whimsicott|[spread] p1a
|-miss|p2a: Farigiraf|p1b: Annihilape
|-damage|p1a: Whimsicott|48/100
|
|upkeep
|
|t:|1784918476
|switch|p2b: Staraptor|Staraptor, L50, M|100/100
|-ability|p2b: Staraptor|Intimidate|boost
|-unboost|p1a: Whimsicott|atk|1
|-unboost|p1b: Annihilape|atk|1
|-ability|p1b: Annihilape|Defiant|boost
|-boost|p1b: Annihilape|atk|2
|turn|3
|
|t:|1784918485
|detailschange|p2b: Staraptor|Staraptor-Mega, L50, M
|-mega|p2b: Staraptor|Staraptor|Staraptite
|move|p2b: Staraptor|Protect|p2b: Staraptor
|-singleturn|p2b: Staraptor|Protect
|move|p1a: Whimsicott|Tailwind|p1a: Whimsicott
|-sidestart|p1: fergalhopper|move: Tailwind
|move|p1b: Annihilape|Phantom Force|p2b: Staraptor|[from] lockedmove
|-activate|p2b: Staraptor|move: Phantom Force|[broken]
|-damage|p2b: Staraptor|25/100
|move|p2a: Farigiraf|Dazzling Gleam|p1a: Whimsicott|[spread] p1a,p1b
|-supereffective|p1b: Annihilape|1
|-damage|p1a: Whimsicott|28/100
|-damage|p1b: Annihilape|69/100
|
|upkeep
|turn|4
|
|t:|1784918508
|move|p1a: Whimsicott|Moonblast|p2b: Staraptor
|-supereffective|p2b: Staraptor|1
|-damage|p2b: Staraptor|0 fnt
|faint|p2b: Staraptor
|move|p1b: Annihilape|Close Combat|p2a: Farigiraf
|-damage|p2a: Farigiraf|6/100
|-unboost|p1b: Annihilape|def|1
|-unboost|p1b: Annihilape|spd|1
|-enditem|p2a: Farigiraf|Sitrus Berry|[eat]
|-heal|p2a: Farigiraf|30/100|[from] item: Sitrus Berry
|move|p2a: Farigiraf|Dazzling Gleam|p1b: Annihilape|[spread] p1a,p1b
|-crit|p1a: Whimsicott
|-supereffective|p1b: Annihilape|1
|-damage|p1a: Whimsicott|0 fnt
|-damage|p1b: Annihilape|30/100
|-enditem|p1b: Annihilape|Sitrus Berry|[eat]
|-heal|p1b: Annihilape|55/100|[from] item: Sitrus Berry
|faint|p1a: Whimsicott
|
|upkeep
|n| 1itchynahuel|1itchynahuel
|inactive|GalickGunAttack has 30 seconds left.
|inactive|GalickGunAttack has 20 seconds left.
|inactive|GalickGunAttack has 15 seconds left.
|inactive|GalickGunAttack has 10 seconds left.
|inactive|GalickGunAttack has 5 seconds left.
|
|t:|1784918560
|switch|p2b: Kingambit|Kingambit, L50, F|100/100
|switch|p1a: Tsareena|Tsareena, L50, F|100/100
|turn|5
|
|t:|1784918576
|move|p1b: Annihilape|Protect|p1b: Annihilape
|-singleturn|p1b: Annihilape|Protect
|move|p2b: Kingambit|Sucker Punch||[still]
|cant|p1a: Tsareena|ability: Queenly Majesty|Sucker Punch|[of] p2b: Kingambit
|move|p1a: Tsareena|Reflect|p1a: Tsareena
|-sidestart|p1: fergalhopper|Reflect
|move|p2a: Farigiraf|Dazzling Gleam|p1a: Tsareena|[spread] p1a
|-activate|p1b: Annihilape|move: Protect
|-damage|p1a: Tsareena|88/100
|
|upkeep
|turn|6
|
|t:|1784918589
|move|p2b: Kingambit|Protect|p2b: Kingambit
|-singleturn|p2b: Kingambit|Protect
|move|p1b: Annihilape|Close Combat|p2b: Kingambit
|-activate|p2b: Kingambit|move: Protect
|move|p1a: Tsareena|Light Screen|p1a: Tsareena
|-sidestart|p1: fergalhopper|move: Light Screen
|move|p2a: Farigiraf|Twin Beam|p1b: Annihilape
|-supereffective|p1b: Annihilape|1
|-damage|p1b: Annihilape|26/100
|-supereffective|p1b: Annihilape|1
|-damage|p1b: Annihilape|0 fnt
|faint|p1b: Annihilape
|-hitcount|p1: Annihilape|2
|
|-sideend|p1: fergalhopper|move: Tailwind
|upkeep
|
|t:|1784918601
|switch|p1b: Gholdengo|Gholdengo, L50|100/100
|turn|7
|inactive|fergalhopper has 30 seconds left.
|
|t:|1784918630
|move|p1b: Gholdengo|Make It Rain|p2a: Farigiraf|[spread] p2a,p2b
|-resisted|p2b: Kingambit|1
|-damage|p2a: Farigiraf|0 fnt
|-damage|p2b: Kingambit|71/100
|-unboost|p1b: Gholdengo|spa|2
|faint|p2a: Farigiraf
|-damage|p1b: Gholdengo|90/100|[from] item: Life Orb
|move|p1a: Tsareena|Trop Kick|p2b: Kingambit
|-resisted|p2b: Kingambit|1
|-damage|p2b: Kingambit|58/100
|-unboost|p2b: Kingambit|atk|1
|-ability|p2b: Kingambit|Defiant|boost
|-boost|p2b: Kingambit|atk|2
|move|p2b: Kingambit|Kowtow Cleave|p1b: Gholdengo
|-supereffective|p1b: Gholdengo|1
|-damage|p1b: Gholdengo|0 fnt
|faint|p1b: Gholdengo
|
|upkeep
|turn|8
|c| 1itchynahuel|vamos garlick
|
|t:|1784918648
|move|p2b: Kingambit|Protect|p2b: Kingambit
|-singleturn|p2b: Kingambit|Protect
|move|p1a: Tsareena|Trop Kick|p2b: Kingambit
|-activate|p2b: Kingambit|move: Protect
|
|upkeep
|turn|9
|c| 1itchynahuel|confie toda mi economia en vos
|
|t:|1784918655
|move|p1a: Tsareena|Trop Kick|p2b: Kingambit
|-resisted|p2b: Kingambit|1
|-damage|p2b: Kingambit|44/100
|-unboost|p2b: Kingambit|atk|1
|-ability|p2b: Kingambit|Defiant|boost
|-boost|p2b: Kingambit|atk|2
|move|p2b: Kingambit|Kowtow Cleave|p1a: Tsareena
|-damage|p1a: Tsareena|2/100
|
|upkeep
|turn|10
|
|t:|1784918668
|move|p2b: Kingambit|Protect|p2b: Kingambit
|-singleturn|p2b: Kingambit|Protect
|move|p1a: Tsareena|Trop Kick|p2b: Kingambit
|-activate|p2b: Kingambit|move: Protect
|
|upkeep
|turn|11
|
|t:|1784918675
|move|p1a: Tsareena|Trop Kick|p2b: Kingambit
|-resisted|p2b: Kingambit|1
|-damage|p2b: Kingambit|32/100
|-unboost|p2b: Kingambit|atk|1
|-ability|p2b: Kingambit|Defiant|boost
|-boost|p2b: Kingambit|atk|2
|move|p2b: Kingambit|Kowtow Cleave|p1a: Tsareena
|-damage|p1a: Tsareena|0 fnt
|faint|p1a: Tsareena
|
|win|GalickGunAttack
|raw|fergalhopper's rating: 1093 → 1073(-20 for losing)
|raw|GalickGunAttack's rating: 1152 → 1173(+21 for winning)
|c| 1itchynahuel|VAMOSSSSS
