|j|☆Pinnacle22
|j|☆erick25fcbm
|html|Pinnacle22erick25fcbm    
|uhtml|bestof|Game 2 of a best-of-3
|t:|1783740814
|gametype|doubles
|player|p1|Pinnacle22|emmet|1000
|player|p2|erick25fcbm|2|1059
|gen|9
|tier|[Gen 9 Champions] VGC 2026 Reg M-B (Bo3)
|rated|
|rule|Species Clause: Limit one of each Pokémon
|rule|Item Clause: Limit 1 of each item
|clearpoke
|poke|p1|Charizard, L50, M|
|poke|p1|Milotic, L50, F|
|poke|p1|Krookodile, L50, M|
|poke|p1|Tsareena, L50, F|
|poke|p1|Maushold, L50|
|poke|p1|Gholdengo, L50|
|poke|p2|Swampert, L50, F|
|poke|p2|Pelipper, L50, F|
|poke|p2|Sneasler, L50, F|
|poke|p2|Archaludon, L50, M|
|poke|p2|Sableye, L50, F|
|poke|p2|Incineroar, L50, M|
|teampreview|4
|showteam|p1|Charizard||CharizarditeX|Blaze|FlareBlitz,DragonClaw,DragonDance,Protect|Adamant||M|||50|]Milotic||Leftovers|Competitive|Scald,LifeDew,Protect,IcyWind|Modest||F|||50|]Krookodile||LifeOrb|Intimidate|KnockOff,HighHorsepower,RockSlide,Protect|Jolly||M|||50|]Tsareena||ChoiceScarf|QueenlyMajesty|PowerWhip,TripleAxel,LowKick,Uturn|Jolly||F|||50|]Maushold||ChopleBerry|FriendGuard|SuperFang,FollowMe,Taunt,Protect|Jolly|||||50|]Gholdengo||ShucaBerry|GoodasGold|MakeItRain,ShadowBall,NastyPlot,Protect|Modest|||||50|
|showteam|p2|Swampert||Swampertite|Damp|IcePunch,Protect,HighHorsepower,Waterfall|Adamant||F|||50|]Pelipper||DampRock|Drizzle|WideGuard,WeatherBall,Hurricane,Tailwind|Modest||F|||50|]Sneasler||WhiteHerb|Unburden|GunkShot,CloseCombat,FakeOut,Acrobatics|Adamant||F|||50|]Archaludon||Leftovers|Stamina|ElectroShot,FlashCannon,DragonPulse,Protect|Modest||M|||50|]Sableye||FocusSash|Prankster|RainDance,FoulPlay,Gravity,WillOWisp|Impish||F|||50|]Incineroar||SitrusBerry|Intimidate|Roar,PartingShot,FlareBlitz,DarkestLariat|Impish||M|||50|
|
|t:|1783740829
|teamsize|p1|4
|teamsize|p2|4
|start
|switch|p1a: Tsareena|Tsareena, L50, F|100/100
|switch|p1b: Milotic|Milotic, L50, F|100/100
|switch|p2a: Sneasler|Sneasler, L50, F|100/100
|switch|p2b: Sableye|Sableye, L50, F|100/100
|turn|1
|inactive|Battle timer is ON: inactive players will automatically lose when time's up. (requested by erick25fcbm)
|
|t:|1783740879
|move|p2b: Sableye|Gravity|p2b: Sableye
|-fieldstart|move: Gravity
|move|p1a: Tsareena|Triple Axel|p2a: Sneasler
|-damage|p2a: Sneasler|88/100
|-damage|p2a: Sneasler|67/100
|-damage|p2a: Sneasler|34/100
|-hitcount|p2a: Sneasler|3
|move|p2a: Sneasler|Gunk Shot|p1a: Tsareena
|-supereffective|p1a: Tsareena|1
|-damage|p1a: Tsareena|0 fnt
|faint|p1a: Tsareena
|move|p1b: Milotic|Scald|p2a: Sneasler
|-damage|p2a: Sneasler|0 fnt
|faint|p2a: Sneasler
|
|upkeep
|
|t:|1783740895
|switch|p2a: Swampert|Swampert, L50, F|100/100
|switch|p1a: Krookodile|Krookodile, L50, M|100/100
|-ability|p1a: Krookodile|Intimidate|boost
|-unboost|p2a: Swampert|atk|1
|-unboost|p2b: Sableye|atk|1
|turn|2
|
|t:|1783740906
|move|p1a: Krookodile|Protect|p1a: Krookodile
|-singleturn|p1a: Krookodile|Protect
|move|p2a: Swampert|Protect|p2a: Swampert
|-singleturn|p2a: Swampert|Protect
|move|p2b: Sableye|Rain Dance|p2b: Sableye
|-weather|RainDance
|move|p1b: Milotic|Icy Wind|p2b: Sableye|[spread] p2b
|-activate|p2a: Swampert|move: Protect
|-damage|p2b: Sableye|79/100
|-unboost|p2b: Sableye|spe|1
|
|-weather|RainDance|[upkeep]
|upkeep
|turn|3
|inactive|Pinnacle22 has 30 seconds left.
|inactive|Pinnacle22 has 20 seconds left.
|inactive|Pinnacle22 has 15 seconds left.
|inactive|Pinnacle22 has 10 seconds left.
|inactive|Pinnacle22 has 5 seconds left.
|
|t:|1783740957
|detailschange|p2a: Swampert|Swampert-Mega, L50, F
|-mega|p2a: Swampert|Swampert|Swampertite
|move|p2b: Sableye|Will-O-Wisp|p1a: Krookodile
|-hint|Since gen 7, Dark is immune to Prankster moves.
|-immune|p1a: Krookodile
|move|p2a: Swampert|Waterfall|p1a: Krookodile
|-supereffective|p1a: Krookodile|1
|-damage|p1a: Krookodile|0 fnt
|faint|p1a: Krookodile
|move|p1b: Milotic|Scald|p2a: Swampert
|-damage|p2a: Swampert|44/100
|-status|p2a: Swampert|brn
|
|-weather|RainDance|[upkeep]
|-damage|p2a: Swampert|37/100 brn|[from] brn
|upkeep
|
|t:|1783740970
|switch|p1a: Gholdengo|Gholdengo, L50|100/100
|turn|4
|inactive|Pinnacle22 has 30 seconds left.
|
|t:|1783741000
|move|p1a: Gholdengo|Protect|p1a: Gholdengo
|-singleturn|p1a: Gholdengo|Protect
|move|p2a: Swampert|High Horsepower|p1a: Gholdengo
|-activate|p1a: Gholdengo|move: Protect
|move|p1b: Milotic|Scald|p2a: Swampert
|-damage|p2a: Swampert|0 fnt
|faint|p2a: Swampert
|move|p2b: Sableye|Foul Play|p1a: Gholdengo
|-activate|p1a: Gholdengo|move: Protect
|
|-weather|RainDance|[upkeep]
|upkeep
|
|t:|1783741011
|switch|p2a: Incineroar|Incineroar, L50, M|100/100
|-ability|p2a: Incineroar|Intimidate|boost
|-unboost|p1a: Gholdengo|atk|1
|-unboost|p1b: Milotic|atk|1
|-ability|p1b: Milotic|Competitive|boost
|-boost|p1b: Milotic|spa|2
|turn|5
|
|t:|1783741022
|move|p1a: Gholdengo|Nasty Plot|p1a: Gholdengo
|-boost|p1a: Gholdengo|spa|2
|move|p1b: Milotic|Scald|p2a: Incineroar
|-supereffective|p2a: Incineroar|1
|-damage|p2a: Incineroar|0 fnt
|faint|p2a: Incineroar
|move|p2b: Sableye|Foul Play|p1a: Gholdengo
|-supereffective|p1a: Gholdengo|1
|-damage|p1a: Gholdengo|74/100
|
|-weather|RainDance|[upkeep]
|-fieldend|move: Gravity
|upkeep
|turn|6
|-message|erick25fcbm forfeited.
|
|win|Pinnacle22
|raw|Pinnacle22's rating: 1000 → 1047(+47 for winning)
|raw|erick25fcbm's rating: 1059 → 1037(-22 for losing)
|l|☆erick25fcbm
|player|p2|
