|j|☆Quill86
|j|☆kingambitstan
|html|Quill86kingambitstan    
|uhtml|bestof|Game 2 of a best-of-3
|t:|1757810510
|gametype|doubles
|player|p1|Quill86|lucas|1244
|player|p2|kingambitstan|rika|1347
|gen|9
|tier|[Gen 9] VGC 2025 Reg H (Bo3)
|rated|
|rule|Species Clause: Limit one of each Pokémon
|rule|Item Clause: Limit 1 of each item
|clearpoke
|poke|p1|Incineroar, L50, F|
|poke|p1|Gholdengo, L50|
|poke|p1|Ursaluna-Bloodmoon, L50, M|
|poke|p1|Indeedee-F, L50, F|
|poke|p1|Gallade, L50, M|
|poke|p1|Torkoal, L50, F|
|poke|p2|Sneasler, L50, M|
|poke|p2|Rillaboom, L50, F|
|poke|p2|Electabuzz, L50, F|
|poke|p2|Kingambit, L50, F|
|poke|p2|Baxcalibur, L50, M|
|poke|p2|Milotic, L50, M|
|teampreview|4
|showteam|p1|Incineroar||SafetyGoggles|Intimidate|FakeOut,FlareBlitz,KnockOff,PartingShot|||F|||50|,,,,,Ghost]Gholdengo||SitrusBerry|GoodasGold|MakeItRain,ShadowBall,NastyPlot,Protect||||||50|,,,,,Water]Ursaluna-Bloodmoon||LifeOrb|MindsEye|BloodMoon,HyperVoice,EarthPower,Protect|||M|||50|,,,,,Normal]Indeedee-F||PsychicSeed|PsychicSurge|FollowMe,TrickRoom,HelpingHand,DazzlingGleam|||F|||50|,,,,,Fairy]Gallade||ClearAmulet|Sharpness|SacredSword,PsychoCut,WideGuard,TrickRoom|||M|||50|,,,,,Grass]Torkoal||Leftovers|Drought|Eruption,WeatherBall,Yawn,Protect|||F|||50|,,,,,Fire
|showteam|p2|Sneasler||FocusSash|PoisonTouch|DireClaw,CloseCombat,Coaching,Protect|||M|||50|,,,,,Stellar]Rillaboom||AssaultVest|GrassySurge|FakeOut,WoodHammer,GrassyGlide,HighHorsepower|||F|||50|,,,,,Fire]Electabuzz||Eviolite|VitalSpirit|FollowMe,Thunderbolt,Taunt,Protect|||F|||50|,,,,,Ghost]Kingambit||BlackGlasses|Defiant|SuckerPunch,KowtowCleave,SwordsDance,Protect|||F|||50|,,,,,Dark]Baxcalibur||LoadedDice|ThermalExchange|IcicleSpear,ScaleShot,IceShard,Protect|||M|||50|,,,,,Ghost]Milotic||CovertCloak|Competitive|Scald,IcyWind,Haze,Protect|||M|||50|,,,,,Poison
|inactive|Battle timer is ON: inactive players will automatically lose when time's up. (requested by kingambitstan)
|
|t:|1757810528
|teamsize|p1|4
|teamsize|p2|4
|start
|switch|p1a: Indeedee|Indeedee-F, L50, F|100/100
|switch|p1b: Gallade|Gallade, L50, M|100/100
|switch|p2a: Susie|Baxcalibur, L50, M|100/100
|switch|p2b: Dess|Sneasler, L50, M|100/100
|-fieldstart|move: Psychic Terrain|[from] ability: Psychic Surge|[of] p1a: Indeedee
|-enditem|p1a: Indeedee|Psychic Seed
|-boost|p1a: Indeedee|spd|1|[from] item: Psychic Seed
|turn|1
|inactive|kingambitstan has 30 seconds left.
|
|t:|1757810555
|switch|p1a: Incineroar|Incineroar, L50, F|100/100
|-ability|p1a: Incineroar|Intimidate|boost
|-unboost|p2a: Susie|atk|1
|-unboost|p2b: Dess|atk|1
|move|p2b: Dess|Close Combat|p1a: Incineroar
|-supereffective|p1a: Incineroar
|-damage|p1a: Incineroar|44/100
|-unboost|p2b: Dess|def|1
|-unboost|p2b: Dess|spd|1
|move|p2a: Susie|Icicle Spear|p1a: Incineroar
|-resisted|p1a: Incineroar
|-damage|p1a: Incineroar|40/100
|-resisted|p1a: Incineroar
|-damage|p1a: Incineroar|37/100
|-resisted|p1a: Incineroar
|-damage|p1a: Incineroar|33/100
|-resisted|p1a: Incineroar
|-damage|p1a: Incineroar|29/100
|-hitcount|p1a: Incineroar|4
|move|p1b: Gallade|Trick Room|p1b: Gallade
|-fieldstart|move: Trick Room|[of] p1b: Gallade
|
|upkeep
|turn|2
|
|t:|1757810580
|switch|p2b: Gerson Boom|Rillaboom, L50, F|100/100
|-fieldstart|move: Grassy Terrain|[from] ability: Grassy Surge|[of] p2b: Gerson Boom
|-terastallize|p2a: Susie|Ghost
|move|p1b: Gallade|Psycho Cut|p2b: Gerson Boom
|-damage|p2b: Gerson Boom|39/100
|move|p1a: Incineroar|Flare Blitz|p2b: Gerson Boom
|-supereffective|p2b: Gerson Boom
|-damage|p2b: Gerson Boom|0 fnt
|faint|p2b: Gerson Boom
|-damage|p1a: Incineroar|17/100|[from] Recoil
|move|p2a: Susie|Scale Shot|p1a: Incineroar
|-damage|p1a: Incineroar|9/100
|-damage|p1a: Incineroar|1/100
|-damage|p1a: Incineroar|0 fnt
|faint|p1a: Incineroar
|-hitcount|p1: Incineroar|3
|-unboost|p2a: Susie|def|1
|-boost|p2a: Susie|spe|1
|
|upkeep
|
|t:|1757810592
|switch|p1a: Ursaluna|Ursaluna-Bloodmoon, L50, M|100/100
|switch|p2b: Kris|Kingambit, L50, F|100/100
|turn|3
|
|t:|1757810613
|switch|p1b: Indeedee|Indeedee-F, L50, F|100/100
|-fieldstart|move: Psychic Terrain|[from] ability: Psychic Surge|[of] p1b: Indeedee
|-terastallize|p1a: Ursaluna|Normal
|move|p2a: Susie|Ice Shard|p1b: Indeedee
|-activate|p1b: Indeedee|move: Psychic Terrain
|move|p1a: Ursaluna|Hyper Voice|p2a: Susie|[spread] p2a,p2b
|-resisted|p2b: Kris
|-damage|p2a: Susie|28/100
|-damage|p2b: Kris|68/100
|-damage|p1a: Ursaluna|90/100|[from] item: Life Orb
|move|p2b: Kris|Kowtow Cleave|p1b: Indeedee
|-supereffective|p1b: Indeedee
|-damage|p1b: Indeedee|0 fnt
|faint|p1b: Indeedee
|
|upkeep
|
|t:|1757810623
|switch|p1b: Gallade|Gallade, L50, M|100/100
|turn|4
|
|t:|1757810633
|move|p2b: Kris|Protect|p2b: Kris
|-singleturn|p2b: Kris|Protect
|move|p2a: Susie|Protect|p2a: Susie
|-singleturn|p2a: Susie|Protect
|move|p1a: Ursaluna|Hyper Voice|p2a: Susie|[spread] 
|-activate|p2a: Susie|move: Protect
|-activate|p2b: Kris|move: Protect
|move|p1b: Gallade|Sacred Sword|p2b: Kris
|-activate|p2b: Kris|move: Protect
|
|upkeep
|turn|5
|
|t:|1757810642
|switch|p2b: Dess|Sneasler, L50, M|100/100
|move|p1a: Ursaluna|Hyper Voice|p2b: Dess|[spread] p2a,p2b
|-damage|p2a: Susie|0 fnt
|-damage|p2b: Dess|2/100
|faint|p2a: Susie
|-damage|p1a: Ursaluna|80/100|[from] item: Life Orb
|move|p1b: Gallade|Sacred Sword|p2b: Dess
|-resisted|p2b: Dess
|-damage|p2b: Dess|0 fnt
|faint|p2b: Dess
|
|-fieldend|move: Trick Room
|upkeep
|
|t:|1757810644
|switch|p2b: Kris|Kingambit, L50, F|68/100
|turn|6
|
|t:|1757810653
|move|p1b: Gallade|Sacred Sword|p2b: Kris
|-supereffective|p2b: Kris
|-damage|p2b: Kris|0 fnt
|faint|p2b: Kris
|
|win|Quill86
|raw|Quill86's rating: 1244 → 1276(+32 for winning)
|raw|kingambitstan's rating: 1347 → 1321(-26 for losing)
|l|☆kingambitstan
|player|p2|
|c|☆Quill86|ggs
