|j|☆Goddamnthesun_VGC
|j|☆endk649
|html|Goddamnthesun_VGCendk649    
|uhtml|bestof|Game 3 of a best-of-3
|t:|1756986247
|gametype|doubles
|player|p1|Goddamnthesun_VGC|fisherman-gen4|1087
|player|p2|endk649|gambler|1099
|gen|9
|tier|[Gen 9] VGC 2025 Reg H (Bo3)
|rated|
|rule|Species Clause: Limit one of each Pokémon
|rule|Item Clause: Limit 1 of each item
|clearpoke
|poke|p1|Ninetales-Alola, L50, F|
|poke|p1|Garchomp, L50, F|
|poke|p1|Kingambit, L50, F|
|poke|p1|Rillaboom, L50, M|
|poke|p1|Annihilape, L50, F|
|poke|p1|Volcarona, L50, F|
|poke|p2|Feraligatr, L50, M|
|poke|p2|Kommo-o, L50, M|
|poke|p2|Politoed, L50, F|
|poke|p2|Rillaboom, L50, M|
|poke|p2|Incineroar, L50, M|
|poke|p2|Amoonguss, L50, M|
|teampreview|4
|showteam|p1|Ninetales-Alola||LoadedDice|SnowWarning|AuroraVeil,Encore,IcicleSpear,Howl|||F|||50|,,,,,Ghost]Garchomp||LifeOrb|RoughSkin|Earthquake,StompingTantrum,DragonClaw,Protect|||F|||50|,,,,,Steel]Kingambit||BlackGlasses|Defiant|KowtowCleave,SuckerPunch,SwordsDance,Protect|||F|||50|,,,,,Dark]Rillaboom||AssaultVest|GrassySurge|WoodHammer,GrassyGlide,HighHorsepower,FakeOut|||M|||50|,,,,,Fire]Annihilape||SafetyGoggles|Defiant|RageFist,CloseCombat,Coaching,FinalGambit|||F|||50|,,,,,Steel]Volcarona||GrassySeed|FlameBody|HeatWave,GigaDrain,QuiverDance,RagePowder|||F|||50|,,,,,Grass
|showteam|p2|Feraligatr||LifeOrb|SheerForce|Liquidation,Crunch,DragonDance,Protect|||M|||50|,,,,,Dark]Kommo-o||ThroatSpray|Bulletproof|ClangingScales,AuraSphere,ClangorousSoul,Protect|||M|||50|,,,,,Fairy]Politoed||SitrusBerry|Drizzle|WeatherBall,IcyWind,Haze,Protect|||F|||50|,,,,,Grass]Rillaboom||AssaultVest|GrassySurge|WoodHammer,GrassyGlide,FakeOut,Uturn|||M|||50|,,,,,Fire]Incineroar||SafetyGoggles|Intimidate|KnockOff,FakeOut,Taunt,PartingShot|||M|||50|,,,,,Ghost]Amoonguss||CovertCloak|Regenerator|PollenPuff,Spore,RagePowder,Protect|||M|||50|,,,,,Water
|inactive|Battle timer is ON: inactive players will automatically lose when time's up. (requested by endk649)
|
|t:|1756986305
|teamsize|p1|4
|teamsize|p2|4
|start
|switch|p1a: Kingambit|Kingambit, L50, F, shiny|100/100
|switch|p1b: Rillaboom|Rillaboom, L50, M|100/100
|switch|p2a: Feraligatr|Feraligatr, L50, M, shiny|100/100
|switch|p2b: Politoed|Politoed, L50, F|100/100
|-fieldstart|move: Grassy Terrain|[from] ability: Grassy Surge|[of] p1b: Rillaboom
|-weather|RainDance|[from] ability: Drizzle|[of] p2b: Politoed
|turn|1
|inactive|endk649 has 30 seconds left.
|
|t:|1756986333
|switch|p2b: Rillaboom|Rillaboom, L50, M, shiny|100/100
|move|p1b: Rillaboom|Fake Out|p2a: Feraligatr
|-damage|p2a: Feraligatr|87/100
|cant|p2a: Feraligatr|flinch
|move|p1a: Kingambit|Swords Dance|p1a: Kingambit
|-boost|p1a: Kingambit|atk|2
|
|-weather|RainDance|[upkeep]
|-heal|p2a: Feraligatr|93/100|[from] Grassy Terrain
|upkeep
|turn|2
|inactive|Goddamnthesun_VGC has 30 seconds left.
|
|t:|1756986364
|switch|p1b: Ninetales|Ninetales-Alola, L50, F|100/100
|-weather|Snowscape|[from] ability: Snow Warning|[of] p1b: Ninetales
|-terastallize|p2a: Feraligatr|Dark
|move|p1a: Kingambit|Protect|p1a: Kingambit
|-singleturn|p1a: Kingambit|Protect
|move|p2a: Feraligatr|Dragon Dance|p2a: Feraligatr
|-boost|p2a: Feraligatr|atk|1
|-boost|p2a: Feraligatr|spe|1
|move|p2b: Rillaboom|Wood Hammer|p1a: Kingambit
|-activate|p1a: Kingambit|move: Protect
|
|-weather|Snowscape|[upkeep]
|-heal|p2a: Feraligatr|99/100|[from] Grassy Terrain
|upkeep
|turn|3
|inactive|Goddamnthesun_VGC has 30 seconds left.
|inactive|endk649 has 30 seconds left.
|inactive|Goddamnthesun_VGC has 20 seconds left.
|inactive|Goddamnthesun_VGC has 15 seconds left.
|inactive|Goddamnthesun_VGC has 10 seconds left.
|
|t:|1756986409
|switch|p2b: Politoed|Politoed, L50, F|100/100
|-weather|RainDance|[from] ability: Drizzle|[of] p2b: Politoed
|move|p2a: Feraligatr|Liquidation|p1a: Kingambit
|-damage|p1a: Kingambit|0 fnt
|faint|p1a: Kingambit
|move|p1b: Ninetales|Aurora Veil||[still]
|-fail|p1b: Ninetales
|
|-weather|RainDance|[upkeep]
|-heal|p2a: Feraligatr|100/100|[from] Grassy Terrain
|upkeep
|
|t:|1756986420
|switch|p1a: Rillaboom|Rillaboom, L50, M|100/100
|turn|4
|inactive|Goddamnthesun_VGC has 30 seconds left.
|
|t:|1756986445
|switch|p2b: Incineroar|Incineroar, L50, M, shiny|100/100
|-ability|p2b: Incineroar|Intimidate|boost
|-unboost|p1a: Rillaboom|atk|1
|-unboost|p1b: Ninetales|atk|1
|move|p2a: Feraligatr|Protect|p2a: Feraligatr
|-singleturn|p2a: Feraligatr|Protect
|move|p1b: Ninetales|Howl|p1b: Ninetales|[spread] p1a,p1b
|-boost|p1a: Rillaboom|atk|1
|-boost|p1b: Ninetales|atk|1
|move|p1a: Rillaboom|Wood Hammer|p2a: Feraligatr
|-activate|p2a: Feraligatr|move: Protect
|
|-weather|RainDance|[upkeep]
|upkeep
|turn|5
|inactive|Goddamnthesun_VGC has 30 seconds left.
|inactive|Goddamnthesun_VGC has 20 seconds left.
|
|t:|1756986482
|move|p2b: Incineroar|Fake Out|p1a: Rillaboom
|-crit|p1a: Rillaboom
|-damage|p1a: Rillaboom|85/100
|move|p2a: Feraligatr|Liquidation|p1b: Ninetales
|-damage|p1b: Ninetales|0 fnt
|faint|p1b: Ninetales
|cant|p1a: Rillaboom|flinch
|
|-weather|RainDance|[upkeep]
|-heal|p1a: Rillaboom|91/100|[from] Grassy Terrain
|-fieldend|move: Grassy Terrain
|upkeep
|
|t:|1756986487
|switch|p1b: Volcarona|Volcarona, L50, F|100/100
|turn|6
|
|t:|1756986506
|-terastallize|p1b: Volcarona|Grass
|move|p2a: Feraligatr|Liquidation|p1b: Volcarona
|-resisted|p1b: Volcarona
|-crit|p1b: Volcarona
|-damage|p1b: Volcarona|0 fnt
|faint|p1b: Volcarona
|move|p1a: Rillaboom|High Horsepower|p2b: Incineroar
|-supereffective|p2b: Incineroar
|-damage|p2b: Incineroar|41/100
|move|p2b: Incineroar|Parting Shot|p1a: Rillaboom
|-unboost|p1a: Rillaboom|atk|1
|-unboost|p1a: Rillaboom|spa|1
|
|t:|1756986509
|switch|p2b: Rillaboom|Rillaboom, L50, M, shiny|100/100|[from] Parting Shot
|-fieldstart|move: Grassy Terrain|[from] ability: Grassy Surge|[of] p2b: Rillaboom
|
|-weather|RainDance|[upkeep]
|-heal|p1a: Rillaboom|97/100|[from] Grassy Terrain
|upkeep
|turn|7
|c|☆Goddamnthesun_VGC|wpgg
|
|t:|1756986518
|move|p2b: Rillaboom|Fake Out|p1a: Rillaboom
|-damage|p1a: Rillaboom|83/100
|move|p2a: Feraligatr|Crunch|p1a: Rillaboom
|-damage|p1a: Rillaboom|0 fnt
|faint|p1a: Rillaboom
|
|win|endk649
|raw|Goddamnthesun_VGC's rating: 1087 → 1065(-22 for losing)
|raw|endk649's rating: 1099 → 1123(+24 for winning)
