|j|☆Hariyamamomma
|j|☆Quackennn
|html|HariyamamommaQuackennn    
|uhtml|bestof|Game 3 of a best-of-3
|t:|1784401809
|gametype|doubles
|player|p1|Hariyamamomma|burgh|
|player|p2|Quackennn|pilot|
|gen|9
|tier|[Gen 9 Champions] VGC 2026 Reg M-B (Bo3)
|rule|Species Clause: Limit one of each Pokémon
|rule|Item Clause: Limit 1 of each item
|clearpoke
|poke|p1|Gholdengo, L50|
|poke|p1|Whimsicott, L50, M, shiny|
|poke|p1|Kingambit, L50, M|
|poke|p1|Blaziken, L50, F|
|poke|p1|Blastoise, L50, M, shiny|
|poke|p1|Kangaskhan, L50, F|
|poke|p2|Araquanid, L50, M|
|poke|p2|Farigiraf, L50, F|
|poke|p2|Primarina, L50, F|
|poke|p2|Ninetales-Alola, L50, F|
|poke|p2|Crabominable, L50, M|
|poke|p2|Golurk, L50|
|teampreview|4
|showteam|p1|Gholdengo||LifeOrb|GoodasGold|MakeItRain,ShadowBall,NastyPlot,Protect|Timid|||||50|]Whimsicott||FocusSash|Prankster|Moonblast,Tailwind,Encore,Protect|Timid||M|||50|]Kingambit||BlackGlasses|Defiant|SuckerPunch,KowtowCleave,SwordsDance,Protect|Adamant||M|||50|]Blaziken||Blazikenite|SpeedBoost|CloseCombat,FlareBlitz,RockSlide,Protect|Adamant||F|||50|]Blastoise||Blastoisinite|Torrent|FakeOut,WaterSpout,AuraSphere,DarkPulse|Modest||M|||50|]Kangaskhan||SitrusBerry|Scrappy|FakeOut,HelpingHand,LowKick,ThunderPunch|Impish||F|||50|
|showteam|p2|Araquanid||LifeOrb|WaterBubble|LeechLife,Liquidation,Protect,PoisonJab|Adamant||M|||50|]Farigiraf||Leftovers|ArmorTail|Imprison,Protect,TrickRoom,HyperVoice|Sassy||F|||50|]Primarina||WacanBerry|LiquidVoice|HyperVoice,DazzlingGleam,WeatherBall,Protect|Modest||F|||50|]Ninetales-Alola||LightClay|SnowWarning|AuroraVeil,Protect,Blizzard,IcyWind|Timid||F|||50|]Crabominable||Crabominite|HyperCutter|IceHammer,CloseCombat,MachPunch,ThunderPunch|Adamant||M|||50|]Golurk||Golurkite|NoGuard|BrickBreak,Protect,Poltergeist,HeadlongRush|Adamant|||||50|
|
|t:|1784401893
|teamsize|p1|4
|teamsize|p2|4
|start
|switch|p1a: Deni Advija|Gholdengo, L50|100/100
|switch|p1b: LeBron James|Kingambit, L50, M|100/100
|switch|p2a: The Creature|Farigiraf, L50, F|100/100
|switch|p2b: The Crabber|Crabominable, L50, M|100/100
|turn|1
|
|t:|1784402003
|move|p2a: The Creature|Protect|p2a: The Creature
|-singleturn|p2a: The Creature|Protect
|move|p2b: The Crabber|Mach Punch|p1b: LeBron James
|-supereffective|p1b: LeBron James|2
|-damage|p1b: LeBron James|24/100
|move|p1a: Deni Advija|Nasty Plot|p1a: Deni Advija
|-boost|p1a: Deni Advija|spa|2
|move|p1b: LeBron James|Kowtow Cleave|p2a: The Creature
|-activate|p2a: The Creature|move: Protect
|
|upkeep
|turn|2
|
|t:|1784402053
|switch|p2b: The Clayture|Golurk, L50|100/100
|move|p1b: LeBron James|Protect|p1b: LeBron James
|-singleturn|p1b: LeBron James|Protect
|move|p1a: Deni Advija|Nasty Plot|p1a: Deni Advija
|-boost|p1a: Deni Advija|spa|2
|move|p2a: The Creature|Trick Room|p2a: The Creature
|-fieldstart|move: Trick Room|[of] p2a: The Creature
|
|upkeep
|turn|3
|j| Spearklez
|
|t:|1784402161
|move|p2a: The Creature|Protect|p2a: The Creature
|-singleturn|p2a: The Creature|Protect
|move|p1b: LeBron James|Kowtow Cleave|p2b: The Clayture
|-supereffective|p2b: The Clayture|1
|-damage|p2b: The Clayture|0 fnt
|faint|p2b: The Clayture
|move|p1a: Deni Advija|Make It Rain|p2a: The Creature
|-activate|p2a: The Creature|move: Protect
|
|upkeep
|
|t:|1784402169
|switch|p2b: The Crabber|Crabominable, L50, M|100/100
|turn|4
|
|t:|1784402202
|move|p1b: LeBron James|Protect|p1b: LeBron James
|-singleturn|p1b: LeBron James|Protect
|move|p2b: The Crabber|Thunder Punch|p1a: Deni Advija
|-damage|p1a: Deni Advija|74/100
|move|p2a: The Creature|Hyper Voice|p1a: Deni Advija|[spread] 
|-activate|p1b: LeBron James|move: Protect
|-immune|p1a: Deni Advija
|move|p1a: Deni Advija|Make It Rain|p2b: The Crabber|[spread] p2a,p2b
|-supereffective|p2b: The Crabber|1
|-damage|p2a: The Creature|0 fnt
|-damage|p2b: The Crabber|0 fnt
|-unboost|p1a: Deni Advija|spa|2
|faint|p2a: The Creature
|faint|p2b: The Crabber
|-damage|p1a: Deni Advija|64/100|[from] item: Life Orb
|
|upkeep
|
|t:|1784402211
|switch|p2b: The Caller|Primarina, L50, F|100/100
|turn|5
|
|t:|1784402223
|move|p1a: Deni Advija|Protect|p1a: Deni Advija
|-singleturn|p1a: Deni Advija|Protect
|move|p1b: LeBron James|Kowtow Cleave|p2b: The Caller
|-resisted|p2b: The Caller|1
|-damage|p2b: The Caller|66/100
|move|p2b: The Caller|Hyper Voice|p1a: Deni Advija|[spread] p1b
|-activate|p1a: Deni Advija|move: Protect
|-damage|p1b: LeBron James|0 fnt
|faint|p1b: LeBron James
|
|upkeep
|
|t:|1784402231
|switch|p1b: Byron Scott|Whimsicott, L50, M, shiny|100/100
|turn|6
|
|t:|1784402252
|move|p2b: The Caller|Hyper Voice|p1a: Deni Advija|[spread] p1a,p1b
|-resisted|p1b: Byron Scott|1
|-damage|p1a: Deni Advija|28/100
|-damage|p1b: Byron Scott|67/100
|move|p1a: Deni Advija|Make It Rain|p2b: The Caller
|-damage|p2b: The Caller|0 fnt
|-unboost|p1a: Deni Advija|spa|2
|faint|p2b: The Caller
|-damage|p1a: Deni Advija|19/100|[from] item: Life Orb
|
|win|Hariyamamomma
|c|☆Hariyamamomma|gg!
|c|☆Quackennn|gg
|c|☆Quackennn|evil kingambit
|l|☆Quackennn
|player|p2|
|l| Spearklez
