|j|☆latios66
|j|☆tizio20
|html|latios66tizio20    
|uhtml|bestof|Game 2 of a best-of-3
|t:|1785346992
|gametype|doubles
|player|p1|latios66|102|
|player|p2|tizio20|169|
|gen|9
|tier|[Gen 9 Champions] VGC 2026 Reg M-B (Bo3)
|rule|Species Clause: Limit one of each Pokémon
|rule|Item Clause: Limit 1 of each item
|clearpoke
|poke|p1|Ninetales-Alola, L50, F|
|poke|p1|Skeledirge, L50, M, shiny|
|poke|p1|Kingambit, L50, M|
|poke|p1|Aerodactyl, L50, M, shiny|
|poke|p1|Sneasler, L50, F|
|poke|p1|Basculegion, L50, M|
|poke|p2|Blastoise, L50, M|
|poke|p2|Delphox, L50, F|
|poke|p2|Incineroar, L50, M|
|poke|p2|Sneasler, L50, M|
|poke|p2|Sinistcha, L50|
|poke|p2|Kingambit, L50, M|
|teampreview|4
|showteam|p1|Ninetales-Alola||LightClay|SnowWarning|Blizzard,AuroraVeil,FreezeDry,Protect|Timid||F|||50|]Skeledirge||Leftovers|Unaware|TorchSong,EarthPower,WillOWisp,SlackOff|Calm||M|||50|]Kingambit||BlackGlasses|Defiant|KowtowCleave,SuckerPunch,SwordsDance,Protect|Adamant||M|||50|]Aerodactyl||Aerodactylite|Unnerve|Tailwind,IceFang,RockSlide,DualWingbeat|Jolly||M|||50|]Sneasler||FocusSash|PoisonTouch|FakeOut,DireClaw,CloseCombat,QuickGuard|Jolly||F|||50|]Basculegion||LifeOrb|Adaptability|WaveCrash,LastRespects,Protect,AquaJet|Adamant||M|||50|
|showteam|p2|Blastoise||Blastoisinite|RainDish|WaterSpout,DarkPulse,ShellSmash,Protect|Modest||M|||50|]Delphox||Delphoxite|Blaze|HeatWave,Psyshock,NastyPlot,Protect|Modest||F|||50|]Incineroar||SitrusBerry|Intimidate|FakeOut,FlareBlitz,HelpingHand,PartingShot|Careful||M|||50|]Sneasler||FocusSash|PoisonTouch|PoisonJab,CloseCombat,FakeOut,QuickGuard|Jolly||M|||50|]Sinistcha||KasibBerry|Hospitality|MatchaGotcha,RagePowder,TrickRoom,Protect|Bold|||||50|]Kingambit||BlackGlasses|Defiant|KowtowCleave,SuckerPunch,SwordsDance,Protect|Adamant||M|||50|
|inactive|Battle timer is ON: inactive players will automatically lose when time's up. (requested by tizio20)
|inactive|tizio20 has 60 seconds left.
|
|t:|1785347028
|teamsize|p1|4
|teamsize|p2|4
|start
|switch|p1a: Aerodactyl|Aerodactyl, L50, M, shiny|100/100
|switch|p1b: Sneasler|Sneasler, L50, F|100/100
|switch|p2a: Delphox|Delphox, L50, F|100/100
|switch|p2b: Sneasler|Sneasler, L50, M|100/100
|-ability|p1a: Aerodactyl|Unnerve
|turn|1
|
|t:|1785347051
|detailschange|p1a: Aerodactyl|Aerodactyl-Mega, L50, M, shiny
|-mega|p1a: Aerodactyl|Aerodactyl|Aerodactylite
|detailschange|p2a: Delphox|Delphox-Mega, L50, F
|-mega|p2a: Delphox|Delphox|Delphoxite
|move|p1b: Sneasler|Quick Guard|p1b: Sneasler
|-singleturn|p1b: Sneasler|Quick Guard
|move|p2b: Sneasler|Fake Out|p1a: Aerodactyl
|-activate|p1a: Aerodactyl|move: Quick Guard
|move|p1a: Aerodactyl|Dual Wingbeat|p2b: Sneasler|[miss]
|-miss|p1a: Aerodactyl|p2b: Sneasler
|move|p2a: Delphox|Nasty Plot|p2a: Delphox
|-boost|p2a: Delphox|spa|2
|
|upkeep
|turn|2
|inactive|latios66 has 30 seconds left.
|inactive|latios66 has 20 seconds left.
|
|t:|1785347087
|switch|p2b: Incineroar|Incineroar, L50, M|100/100
|-ability|p2b: Incineroar|Intimidate|boost
|-unboost|p1a: Aerodactyl|atk|1
|-unboost|p1b: Sneasler|atk|1
|move|p2a: Delphox|Protect|p2a: Delphox
|-singleturn|p2a: Delphox|Protect
|move|p1a: Aerodactyl|Rock Slide|p2b: Incineroar|[spread] p2b
|-activate|p2a: Delphox|move: Protect
|-supereffective|p2b: Incineroar|1
|-damage|p2b: Incineroar|63/100
|move|p1b: Sneasler|Close Combat|p2b: Incineroar
|-supereffective|p2b: Incineroar|1
|-damage|p2b: Incineroar|0 fnt
|-unboost|p1b: Sneasler|def|1
|-unboost|p1b: Sneasler|spd|1
|faint|p2b: Incineroar
|
|upkeep
|
|t:|1785347102
|switch|p2b: Sneasler|Sneasler, L50, M|100/100
|turn|3
|
|t:|1785347124
|move|p1b: Sneasler|Quick Guard|p1b: Sneasler
|-singleturn|p1b: Sneasler|Quick Guard
|move|p2b: Sneasler|Fake Out|p1a: Aerodactyl
|-activate|p1a: Aerodactyl|move: Quick Guard
|move|p1a: Aerodactyl|Dual Wingbeat|p2b: Sneasler
|-supereffective|p2b: Sneasler|1
|-damage|p2b: Sneasler|35/100
|-supereffective|p2b: Sneasler|1
|-damage|p2b: Sneasler|0 fnt
|faint|p2b: Sneasler
|-hitcount|p2: Sneasler|2
|move|p2a: Delphox|Heat Wave|p1b: Sneasler|[spread] p1b
|-miss|p2a: Delphox|p1a: Aerodactyl
|-enditem|p1b: Sneasler|Focus Sash
|-damage|p1b: Sneasler|1/100
|
|upkeep
|
|t:|1785347132
|switch|p2b: Sinistcha|Sinistcha, L50|100/100
|turn|4
|
|t:|1785347151
|move|p2a: Delphox|Protect|p2a: Delphox
|-singleturn|p2a: Delphox|Protect
|move|p1a: Aerodactyl|Rock Slide|p2a: Delphox|[spread] p2b
|-activate|p2a: Delphox|move: Protect
|-damage|p2b: Sinistcha|84/100
|move|p1b: Sneasler|Dire Claw|p2b: Sinistcha
|-damage|p2b: Sinistcha|61/100
|move|p2b: Sinistcha|Trick Room|p2b: Sinistcha
|-fieldstart|move: Trick Room|[of] p2b: Sinistcha
|
|upkeep
|turn|5
|
|t:|1785347166
|move|p2b: Sinistcha|Matcha Gotcha|p1a: Aerodactyl|[spread] p1a,p1b
|-resisted|p1b: Sneasler|1
|-damage|p1a: Aerodactyl|70/100
|-heal|p2b: Sinistcha|74/100|[from] drain|[of] p1a: Aerodactyl
|-damage|p1b: Sneasler|0 fnt
|-heal|p2b: Sinistcha|75/100|[from] drain|[of] p1b: Sneasler
|faint|p1b: Sneasler
|move|p2a: Delphox|Psyshock|p1a: Aerodactyl
|-damage|p1a: Aerodactyl|0 fnt
|faint|p1a: Aerodactyl
|
|upkeep
|
|t:|1785347171
|switch|p1b: Skeledirge|Skeledirge, L50, M, shiny|100/100
|switch|p1a: Kingambit|Kingambit, L50, M|100/100
|turn|6
|
|t:|1785347185
|move|p2b: Sinistcha|Rage Powder|p2b: Sinistcha
|-singleturn|p2b: Sinistcha|move: Rage Powder
|move|p1a: Kingambit|Kowtow Cleave|p2b: Sinistcha
|-supereffective|p2b: Sinistcha|1
|-damage|p2b: Sinistcha|0 fnt
|faint|p2b: Sinistcha
|move|p1b: Skeledirge|Torch Song|p2a: Delphox
|-resisted|p2a: Delphox|1
|-damage|p2a: Delphox|86/100
|-boost|p1b: Skeledirge|spa|1
|move|p2a: Delphox|Heat Wave|p1a: Kingambit|[spread] p1a,p1b
|-supereffective|p1a: Kingambit|1
|-crit|p1a: Kingambit
|-resisted|p1b: Skeledirge|1
|-damage|p1a: Kingambit|0 fnt
|-damage|p1b: Skeledirge|84/100
|faint|p1a: Kingambit
|
|-heal|p1b: Skeledirge|90/100|[from] item: Leftovers
|upkeep
|turn|7
|
|t:|1785347204
|move|p2a: Delphox|Protect|p2a: Delphox
|-singleturn|p2a: Delphox|Protect
|move|p1b: Skeledirge|Torch Song|p2a: Delphox
|-activate|p2a: Delphox|move: Protect
|
|-heal|p1b: Skeledirge|97/100|[from] item: Leftovers
|upkeep
|turn|8
|
|t:|1785347208
|move|p1b: Skeledirge|Torch Song|p2a: Delphox
|-resisted|p2a: Delphox|1
|-damage|p2a: Delphox|65/100
|-boost|p1b: Skeledirge|spa|1
|move|p2a: Delphox|Heat Wave|p1b: Skeledirge
|-resisted|p1b: Skeledirge|1
|-damage|p1b: Skeledirge|77/100
|
|-heal|p1b: Skeledirge|83/100|[from] item: Leftovers
|-fieldend|move: Trick Room
|upkeep
|turn|9
|
|t:|1785347224
|move|p2a: Delphox|Nasty Plot|p2a: Delphox
|-boost|p2a: Delphox|spa|2
|move|p1b: Skeledirge|Slack Off|p1b: Skeledirge
|-heal|p1b: Skeledirge|100/100
|
|upkeep
|turn|10
|
|t:|1785347231
|move|p2a: Delphox|Psyshock|p1b: Skeledirge
|-damage|p1b: Skeledirge|58/100
|move|p1b: Skeledirge|Torch Song|p2a: Delphox
|-resisted|p2a: Delphox|1
|-damage|p2a: Delphox|41/100
|-boost|p1b: Skeledirge|spa|1
|
|-heal|p1b: Skeledirge|64/100|[from] item: Leftovers
|upkeep
|turn|11
|
|t:|1785347245
|move|p2a: Delphox|Psyshock|p1b: Skeledirge
|-damage|p1b: Skeledirge|23/100
|move|p1b: Skeledirge|Slack Off|p1b: Skeledirge
|-heal|p1b: Skeledirge|73/100
|
|-heal|p1b: Skeledirge|79/100|[from] item: Leftovers
|upkeep
|turn|12
|
|t:|1785347254
|move|p2a: Delphox|Psyshock|p1b: Skeledirge
|-crit|p1b: Skeledirge
|-damage|p1b: Skeledirge|24/100
|move|p1b: Skeledirge|Slack Off|p1b: Skeledirge
|-heal|p1b: Skeledirge|74/100
|
|-heal|p1b: Skeledirge|80/100|[from] item: Leftovers
|upkeep
|turn|13
|
|t:|1785347268
|move|p2a: Delphox|Psyshock|p1b: Skeledirge
|-damage|p1b: Skeledirge|41/100
|move|p1b: Skeledirge|Slack Off|p1b: Skeledirge
|-heal|p1b: Skeledirge|91/100
|
|-heal|p1b: Skeledirge|98/100|[from] item: Leftovers
|upkeep
|turn|14
|
|t:|1785347277
|move|p2a: Delphox|Psyshock|p1b: Skeledirge
|-crit|p1b: Skeledirge
|-damage|p1b: Skeledirge|36/100
|move|p1b: Skeledirge|Torch Song|p2a: Delphox
|-resisted|p2a: Delphox|1
|-damage|p2a: Delphox|9/100
|-boost|p1b: Skeledirge|spa|1
|
|-heal|p1b: Skeledirge|42/100|[from] item: Leftovers
|upkeep
|turn|15
|
|t:|1785347289
|move|p2a: Delphox|Psyshock|p1b: Skeledirge
|-damage|p1b: Skeledirge|5/100
|move|p1b: Skeledirge|Torch Song|p2a: Delphox
|-resisted|p2a: Delphox|1
|-crit|p2a: Delphox
|-damage|p2a: Delphox|0 fnt
|-boost|p1b: Skeledirge|spa|1
|faint|p2a: Delphox
|
|win|latios66
||tizio20 is ready for game 3.
|inactive|latios66 has 30 seconds to confirm battle start!
||latios66 is ready for game 3.
|uhtml|next|Next: Game 3 of 3
