|j|☆jaime huertas
|j|☆SunshineTufo
|html|jaime huertasSunshineTufo    
|uhtml|bestof|Game 1 of a best-of-3
|t:|1784723211
|gametype|doubles
|player|p1|jaime huertas|ghetsis|1217
|player|p2|SunshineTufo|li|1268
|gen|9
|tier|[Gen 9 Champions] VGC 2026 Reg M-B (Bo3)
|rated|
|rule|Species Clause: Limit one of each Pokémon
|rule|Item Clause: Limit 1 of each item
|clearpoke
|poke|p1|Charizard, L50, M|
|poke|p1|Garchomp, L50, M|
|poke|p1|Incineroar, L50, M|
|poke|p1|Venusaur, L50, F|
|poke|p1|Toxapex, L50, M|
|poke|p1|Sylveon, L50, M|
|poke|p2|Charizard, L50, M, shiny|
|poke|p2|Incineroar, L50, M, shiny|
|poke|p2|Sylveon, L50, M, shiny|
|poke|p2|Aerodactyl, L50, M, shiny|
|poke|p2|Garchomp, L50, M, shiny|
|poke|p2|Farigiraf, L50, M, shiny|
|teampreview|4
|showteam|p1|Charizard||CharizarditeY|SolarPower|WeatherBall,HeatWave,AncientPower,Protect|Modest||M|||50|]Garchomp||ChoiceScarf|RoughSkin|RockSlide,DragonClaw,Earthquake,StompingTantrum|Adamant||M|||50|]Incineroar||SitrusBerry|Intimidate|FlareBlitz,FakeOut,DarkestLariat,PartingShot|Impish||M|||50|]Venusaur||LifeOrb|Chlorophyll|SludgeBomb,LeafStorm,EarthPower,Protect|Modest||F|||50|]Toxapex||Leftovers|Regenerator|Infestation,Toxic,WideGuard,BanefulBunker|Bold||M|||50|]Sylveon||FairyFeather|Pixilate|HyperVoice,QuickAttack,Yawn,Detect|Modest||M|||50|
|showteam|p2|Charizard||CharizarditeY|SolarPower|HeatWave,WeatherBall,SolarBeam,Protect|Modest||M|||50|]Incineroar||Charcoal|Intimidate|FlareBlitz,DarkestLariat,FakeOut,PartingShot|Brave||M|||50|]Sylveon||FairyFeather|Pixilate|HyperVoice,QuickAttack,HyperBeam,Detect|Modest||M|||50|]Aerodactyl||Aerodactylite|Unnerve|WideGuard,RockSlide,DualWingbeat,Tailwind|Jolly||M|||50|]Garchomp||LifeOrb|RoughSkin|Protect,StompingTantrum,DragonClaw,Earthquake|Adamant||M|||50|]Farigiraf||SitrusBerry|ArmorTail|SunnyDay,PsychicFangs,Thunderbolt,TrickRoom|Relaxed||M|||50|
|inactive|Battle timer is ON: inactive players will automatically lose when time's up. (requested by SunshineTufo)
|inactive|jaime huertas has 60 seconds left.
|inactive|SunshineTufo has 60 seconds left.
|
|t:|1784723270
|teamsize|p1|4
|teamsize|p2|4
|start
|switch|p1a: Sylveon|Sylveon, L50, M|100/100
|switch|p1b: Toxapex|Toxapex, L50, M|100/100
|switch|p2a: Aerodactyl|Aerodactyl, L50, M, shiny|100/100
|switch|p2b: Incineroar|Incineroar, L50, M, shiny|100/100
|-ability|p2a: Aerodactyl|Unnerve
|-ability|p2b: Incineroar|Intimidate|boost
|-unboost|p1a: Sylveon|atk|1
|-unboost|p1b: Toxapex|atk|1
|turn|1
|inactive|jaime huertas has 30 seconds left.
|
|t:|1784723297
|switch|p2a: Garchomp|Garchomp, L50, M, shiny|100/100
|move|p2b: Incineroar|Fake Out|p1a: Sylveon
|-damage|p1a: Sylveon|86/100
|cant|p1a: Sylveon|flinch
|move|p1b: Toxapex|Infestation|p2a: Garchomp
|-damage|p2a: Garchomp|96/100
|-activate|p2a: Garchomp|move: Infestation|[of] p1b: Toxapex
|-damage|p1b: Toxapex|87/100|[from] ability: Rough Skin|[of] p2a: Garchomp
|
|-heal|p1b: Toxapex|93/100|[from] item: Leftovers
|-damage|p2a: Garchomp|84/100|[from] move: Infestation|[partiallytrapped]
|upkeep
|turn|2
|
|t:|1784723317
|move|p2a: Garchomp|Protect|p2a: Garchomp
|-singleturn|p2a: Garchomp|Protect
|move|p1b: Toxapex|Baneful Bunker|p1b: Toxapex
|-singleturn|p1b: Toxapex|move: Protect
|move|p1a: Sylveon|Hyper Voice|p2b: Incineroar|[spread] p2b
|-activate|p2a: Garchomp|move: Protect
|-damage|p2b: Incineroar|65/100
|move|p2b: Incineroar|Flare Blitz|p1a: Sylveon
|-damage|p1a: Sylveon|21/100
|-status|p1a: Sylveon|brn
|-damage|p2b: Incineroar|44/100|[from] Recoil
|
|-heal|p1b: Toxapex|99/100|[from] item: Leftovers
|-damage|p1a: Sylveon|16/100 brn|[from] brn
|-damage|p2a: Garchomp|72/100|[from] move: Infestation|[partiallytrapped]
|upkeep
|turn|3
|
|t:|1784723335
|move|p1b: Toxapex|Wide Guard|p1b: Toxapex
|-singleturn|p1b: Toxapex|Wide Guard
|move|p2a: Garchomp|Stomping Tantrum|p1a: Sylveon
|-damage|p1a: Sylveon|0 fnt
|faint|p1a: Sylveon
|-damage|p2a: Garchomp|62/100|[from] item: Life Orb
|move|p2b: Incineroar|Parting Shot|p1b: Toxapex
|-unboost|p1b: Toxapex|atk|1
|-unboost|p1b: Toxapex|spa|1
|
|t:|1784723341
|switch|p2b: Aerodactyl|Aerodactyl, L50, M, shiny|100/100|[from] Parting Shot
|-ability|p2b: Aerodactyl|Unnerve
|
|-heal|p1b: Toxapex|100/100|[from] item: Leftovers
|-damage|p2a: Garchomp|50/100g|[from] move: Infestation|[partiallytrapped]
|upkeep
|
|t:|1784723346
|switch|p1a: Garchomp|Garchomp, L50, M|100/100
|turn|4
|
|t:|1784723361
|detailschange|p2b: Aerodactyl|Aerodactyl-Mega, L50, M, shiny
|-mega|p2b: Aerodactyl|Aerodactyl|Aerodactylite
|move|p2a: Garchomp|Protect|p2a: Garchomp
|-singleturn|p2a: Garchomp|Protect
|move|p1a: Garchomp|Rock Slide|p2a: Garchomp|[spread] 
|-activate|p2a: Garchomp|move: Protect
|-miss|p1a: Garchomp|p2b: Aerodactyl
|move|p2b: Aerodactyl|Tailwind|p2b: Aerodactyl
|-sidestart|p2: SunshineTufo|move: Tailwind
|move|p1b: Toxapex|Toxic|p2a: Garchomp
|-activate|p2a: Garchomp|move: Protect
|
|-damage|p2a: Garchomp|38/100|[from] move: Infestation|[partiallytrapped]
|upkeep
|turn|5
|
|t:|1784723381
|move|p1b: Toxapex|Wide Guard|p1b: Toxapex
|-singleturn|p1b: Toxapex|Wide Guard
|move|p2b: Aerodactyl|Rock Slide|p1a: Garchomp|[spread] 
|-activate|p1a: Garchomp|move: Wide Guard
|-activate|p1b: Toxapex|move: Wide Guard
|move|p2a: Garchomp|Dragon Claw|p1a: Garchomp
|-supereffective|p1a: Garchomp|1
|-damage|p1a: Garchomp|0 fnt
|-damage|p2a: Garchomp|26/100|[from] ability: Rough Skin|[of] p1a: Garchomp
|faint|p1a: Garchomp
|-damage|p2a: Garchomp|17/100|[from] item: Life Orb
|
|-damage|p2a: Garchomp|5/100|[from] move: Infestation|[partiallytrapped]
|upkeep
|
|t:|1784723391
|switch|p1a: Charizard|Charizard, L50, M|100/100
|turn|6
|
|t:|1784723402
|detailschange|p1a: Charizard|Charizard-Mega-Y, L50, M
|-mega|p1a: Charizard|Charizard|Charizardite Y
|-weather|SunnyDay|[from] ability: Drought|[of] p1a: Charizard
|move|p1b: Toxapex|Wide Guard|p1b: Toxapex
|-singleturn|p1b: Toxapex|Wide Guard
|move|p2b: Aerodactyl|Rock Slide|p1b: Toxapex|[spread] 
|-activate|p1a: Charizard|move: Wide Guard
|-activate|p1b: Toxapex|move: Wide Guard
|move|p2a: Garchomp|Stomping Tantrum|p1b: Toxapex
|-supereffective|p1b: Toxapex|1
|-damage|p1b: Toxapex|30/100
|-damage|p2a: Garchomp|0 fnt|[from] item: Life Orb
|faint|p2a: Garchomp
|move|p1a: Charizard|Ancient Power|p2b: Aerodactyl
|-supereffective|p2b: Aerodactyl|1
|-damage|p2b: Aerodactyl|50/100g
|
|-weather|SunnyDay|[upkeep]
|-heal|p1b: Toxapex|36/100|[from] item: Leftovers
|upkeep
|
|t:|1784723409
|switch|p2a: Incineroar|Incineroar, L50, M, shiny|44/100
|-ability|p2a: Incineroar|Intimidate|boost
|-unboost|p1a: Charizard|atk|1
|-unboost|p1b: Toxapex|atk|1
|turn|7
|
|t:|1784723429
|move|p1a: Charizard|Protect|p1a: Charizard
|-singleturn|p1a: Charizard|Protect
|move|p1b: Toxapex|Baneful Bunker||[still]
|-fail|p1b: Toxapex
|move|p2b: Aerodactyl|Rock Slide|p1a: Charizard|[spread] 
|-activate|p1a: Charizard|move: Protect
|-miss|p2b: Aerodactyl|p1b: Toxapex
|move|p2a: Incineroar|Darkest Lariat|p1b: Toxapex
|-damage|p1b: Toxapex|11/100
|
|-weather|SunnyDay|[upkeep]
|-heal|p1b: Toxapex|17/100|[from] item: Leftovers
|-sideend|p2: SunshineTufo|move: Tailwind
|upkeep
|turn|8
|inactive|jaime huertas has 30 seconds left.
|
|t:|1784723456
|move|p2b: Aerodactyl|Dual Wingbeat|p1b: Toxapex
|-damage|p1b: Toxapex|1/100
|-damage|p1b: Toxapex|0 fnt
|faint|p1b: Toxapex
|-hitcount|p1: Toxapex|2
|move|p1a: Charizard|Ancient Power|p2b: Aerodactyl
|-supereffective|p2b: Aerodactyl|1
|-damage|p2b: Aerodactyl|2/100
|move|p2a: Incineroar|Darkest Lariat|p1a: Charizard
|-damage|p1a: Charizard|62/100
|
|-weather|SunnyDay|[upkeep]
|upkeep
|turn|9
|
|t:|1784723467
|move|p2b: Aerodactyl|Rock Slide|p1a: Charizard|[miss]
|-miss|p2b: Aerodactyl|p1a: Charizard
|move|p1a: Charizard|Ancient Power|p2b: Aerodactyl
|-supereffective|p2b: Aerodactyl|1
|-damage|p2b: Aerodactyl|0 fnt
|faint|p2b: Aerodactyl
|move|p2a: Incineroar|Darkest Lariat|p1a: Charizard
|-damage|p1a: Charizard|22/100
|
|-weather|SunnyDay|[upkeep]
|upkeep
|
|t:|1784723469
|switch|p2b: Sylveon|Sylveon, L50, M, shiny|100/100
|turn|10
|
|t:|1784723473
|move|p1a: Charizard|Weather Ball|p2b: Sylveon
|-crit|p2b: Sylveon
|-damage|p2b: Sylveon|0 fnt
|faint|p2b: Sylveon
|move|p2a: Incineroar|Darkest Lariat|p1a: Charizard
|-damage|p1a: Charizard|0 fnt
|faint|p1a: Charizard
|
|win|SunshineTufo
