|j|☆searows
|j|☆lillyrosethedemon
|html|searowslillyrosethedemon    
|uhtml|bestof|Game 1 of a best-of-3
|t:|1757211146
|gametype|doubles
|player|p1|searows|miku-water|1158
|player|p2|lillyrosethedemon|parasollady|1211
|gen|9
|tier|[Gen 9] VGC 2025 Reg H (Bo3)
|rated|
|rule|Species Clause: Limit one of each Pokémon
|rule|Item Clause: Limit 1 of each item
|clearpoke
|poke|p1|Hydreigon, L50, M|
|poke|p1|Ursaluna, L50, F|
|poke|p1|Porygon2, L50|
|poke|p1|Incineroar, L50, F|
|poke|p1|Amoonguss, L50, M|
|poke|p1|Gholdengo, L50|
|poke|p2|Incineroar, L50, F|
|poke|p2|Ursaluna, L50, M|
|poke|p2|Kilowattrel, L50, F|
|poke|p2|Gholdengo, L50|
|poke|p2|Amoonguss, L50, M|
|poke|p2|Farigiraf, L50, F|
|teampreview|4
|showteam|p1|Hydreigon||SafetyGoggles|Levitate|DracoMeteor,Snarl,Tailwind,Protect|||M|||50|,,,,,Ghost]Ursaluna||FlameOrb|Guts|HeadlongRush,Facade,Earthquake,Protect|||F|||50|,,,,,Ghost]Porygon2||Eviolite|Download|TeraBlast,IceBeam,Recover,TrickRoom||||||50|,,,,,Fighting]Incineroar||SitrusBerry|Intimidate|PartingShot,FlareBlitz,KnockOff,FakeOut|||F|||50|,,,,,Ghost]Amoonguss||RockyHelmet|Regenerator|Spore,RagePowder,PollenPuff,Protect|||M|||50|,,,,,Water]Gholdengo||LifeOrb|GoodasGold|MakeItRain,ShadowBall,NastyPlot,Protect||||||50|,,,,,Water
|showteam|p2|Incineroar||SafetyGoggles|Intimidate|FakeOut,KnockOff,FlareBlitz,PartingShot|||F|||50|,,,,,Ghost]Ursaluna||FlameOrb|Guts|Facade,HeadlongRush,Earthquake,Protect|||M|||50|,,,,,Fairy]Kilowattrel||FocusSash|Competitive|Thunderbolt,AirSlash,Tailwind,Protect|||F|||50|,,,,,Ghost]Gholdengo||LifeOrb|GoodasGold|MakeItRain,ShadowBall,NastyPlot,Protect||||||50|,,,,,Flying]Amoonguss||SitrusBerry|Regenerator|Spore,RagePowder,SludgeBomb,Protect|||M|||50|,,,,,Water]Farigiraf||ThroatSpray|ArmorTail|HyperVoice,Psychic,Protect,TrickRoom|||F|||50|,,,,,Fairy
|
|t:|1757211243
|teamsize|p1|4
|teamsize|p2|4
|start
|switch|p1a: Incineroar|Incineroar, L50, F|100/100
|switch|p1b: Amoonguss|Amoonguss, L50, M|100/100
|switch|p2a: Incineroar|Incineroar, L50, F|100/100
|switch|p2b: Dinko|Ursaluna, L50, M|100/100
|-ability|p2a: Incineroar|Intimidate|boost
|-unboost|p1a: Incineroar|atk|1
|-unboost|p1b: Amoonguss|atk|1
|-ability|p1a: Incineroar|Intimidate|boost
|-unboost|p2a: Incineroar|atk|1
|-unboost|p2b: Dinko|atk|1
|turn|1
|
|t:|1757211274
|switch|p1a: Ursaluna|Ursaluna, L50, F|100/100
|switch|p1b: Hydreigon|Hydreigon, L50, M|100/100
|move|p2b: Dinko|Protect|p2b: Dinko
|-singleturn|p2b: Dinko|Protect
|move|p2a: Incineroar|Knock Off|p1a: Ursaluna
|-damage|p1a: Ursaluna|80/100
|-enditem|p1a: Ursaluna|Flame Orb|[from] move: Knock Off|[of] p2a: Incineroar
|
|-status|p2b: Dinko|brn|[from] item: Flame Orb
|upkeep
|turn|2
|
|t:|1757211309
|move|p1b: Hydreigon|Tailwind|p1b: Hydreigon
|-sidestart|p1: searows|move: Tailwind
|move|p1a: Ursaluna|Earthquake|p2b: Dinko|[spread] p2a,p2b
|-immune|p1b: Hydreigon|[from] ability: Levitate
|-supereffective|p2a: Incineroar
|-damage|p2a: Incineroar|11/100
|-damage|p2b: Dinko|62/100 brn
|move|p2a: Incineroar|Parting Shot|p1b: Hydreigon
|-unboost|p1b: Hydreigon|atk|1
|-unboost|p1b: Hydreigon|spa|1
|
|t:|1757211319
|switch|p2a: Big Bird|Kilowattrel, L50, F|100/100|[from] Parting Shot
|move|p2b: Dinko|Facade|p1b: Hydreigon
|-damage|p1b: Hydreigon|0 fnt
|faint|p1b: Hydreigon
|
|-damage|p2b: Dinko|57/100 brn|[from] brn
|upkeep
|
|t:|1757211327
|switch|p1b: Amoonguss|Amoonguss, L50, M|100/100
|turn|3
|
|t:|1757211341
|switch|p2b: Incineroar|Incineroar, L50, F|11/100
|-ability|p2b: Incineroar|Intimidate|boost
|-unboost|p1a: Ursaluna|atk|1
|-unboost|p1b: Amoonguss|atk|1
|move|p2a: Big Bird|Tailwind|p2a: Big Bird
|-sidestart|p2: lillyrosethedemon|move: Tailwind
|move|p1a: Ursaluna|Facade|p2b: Incineroar
|-damage|p2b: Incineroar|0 fnt
|faint|p2b: Incineroar
|move|p1b: Amoonguss|Spore|p2a: Big Bird
|-status|p2a: Big Bird|slp|[from] move: Spore
|
|upkeep
|
|t:|1757211353
|switch|p2b: Dinko|Ursaluna, L50, M|57/100 brn
|turn|4
|
|t:|1757211371
|-terastallize|p1a: Ursaluna|Ghost
|cant|p2a: Big Bird|slp
|move|p2b: Dinko|Facade|p1a: Ursaluna
|-immune|p1a: Ursaluna
|move|p1a: Ursaluna|Facade|p2b: Dinko
|-damage|p2b: Dinko|34/100 brn
|move|p1b: Amoonguss|Pollen Puff|p2a: Big Bird
|-resisted|p2a: Big Bird
|-damage|p2a: Big Bird|84/100 slp
|
|-damage|p2b: Dinko|29/100 brn|[from] brn
|upkeep
|turn|5
|
|t:|1757211407
|cant|p2a: Big Bird|slp
|move|p2b: Dinko|Earthquake|p1b: Amoonguss|[spread] p1a,p1b
|-immune|p2a: Big Bird
|-damage|p1a: Ursaluna|29/100
|-damage|p1b: Amoonguss|47/100
|move|p1a: Ursaluna|Facade|p2a: Big Bird
|-damage|p2a: Big Bird|32/100 slp
|move|p1b: Amoonguss|Pollen Puff|p2a: Big Bird
|-resisted|p2a: Big Bird
|-damage|p2a: Big Bird|14/100 slp
|
|-damage|p2b: Dinko|23/100 brn|[from] brn
|-sideend|p1: searows|move: Tailwind
|upkeep
|turn|6
|
|t:|1757211425
|move|p1b: Amoonguss|Protect|p1b: Amoonguss
|-singleturn|p1b: Amoonguss|Protect
|cant|p2a: Big Bird|slp
|move|p2b: Dinko|Earthquake|p1b: Amoonguss|[spread] p1a
|-activate|p1b: Amoonguss|move: Protect
|-immune|p2a: Big Bird
|-damage|p1a: Ursaluna|0 fnt
|faint|p1a: Ursaluna
|
|-damage|p2b: Dinko|17/100 brn|[from] brn
|-sideend|p2: lillyrosethedemon|move: Tailwind
|upkeep
|
|t:|1757211431
|switch|p1a: Incineroar|Incineroar, L50, F|100/100
|-ability|p1a: Incineroar|Intimidate|boost
|-unboost|p2a: Big Bird|atk|1
|-ability|p2a: Big Bird|Competitive|boost
|-boost|p2a: Big Bird|spa|2
|-unboost|p2b: Dinko|atk|1
|turn|7
|
|t:|1757211446
|-curestatus|p2a: Big Bird|slp|[msg]
|move|p2a: Big Bird|Protect|p2a: Big Bird
|-singleturn|p2a: Big Bird|Protect
|move|p2b: Dinko|Protect|p2b: Dinko
|-singleturn|p2b: Dinko|Protect
|move|p1a: Incineroar|Knock Off|p2b: Dinko
|-activate|p2b: Dinko|move: Protect
|move|p1b: Amoonguss|Spore|p2a: Big Bird
|-activate|p2a: Big Bird|move: Protect
|
|-damage|p2b: Dinko|11/100 brn|[from] brn
|upkeep
|turn|8
|
|t:|1757211461
|move|p1b: Amoonguss|Protect|p1b: Amoonguss
|-singleturn|p1b: Amoonguss|Protect
|move|p2a: Big Bird|Tailwind|p2a: Big Bird
|-sidestart|p2: lillyrosethedemon|move: Tailwind
|move|p2b: Dinko|Headlong Rush|p1a: Incineroar
|-supereffective|p1a: Incineroar
|-damage|p1a: Incineroar|0 fnt
|-unboost|p2b: Dinko|def|1
|-unboost|p2b: Dinko|spd|1
|faint|p1a: Incineroar
|
|-damage|p2b: Dinko|5/100 brn|[from] brn
|upkeep
|turn|9
|-message|searows forfeited.
|
|win|lillyrosethedemon
||searows is ready for game 2.
||lillyrosethedemon is ready for game 2.
|uhtml|next|Next: Game 2 of 3
|j| officerguppy
|l| officerguppy
|j| Mackavxli
|l|☆searows
|player|p1|
|j|☆searows
|player|p1|searows|miku-water|
|l| Mackavxli
