|j|☆yassineVGC
|j|☆blackstorm games
|html|yassineVGCblackstorm games    
|uhtml|bestof|Game 1 of a best-of-3
|t:|1756236675
|gametype|doubles
|player|p1|yassineVGC|hilbert|1131
|player|p2|blackstorm games|266|1216
|gen|9
|tier|[Gen 9] VGC 2025 Reg H (Bo3)
|rated|
|rule|Species Clause: Limit one of each Pokémon
|rule|Item Clause: Limit 1 of each item
|clearpoke
|poke|p1|Indeedee-F, L50, F|
|poke|p1|Incineroar, L50, F|
|poke|p1|Ursaluna, L50, F|
|poke|p1|Flamigo, L50, M|
|poke|p1|Armarouge, L50, F|
|poke|p1|Hydrapple, L50, F|
|poke|p2|Gholdengo, L50|
|poke|p2|Incineroar, L50, F|
|poke|p2|Amoonguss, L50, M|
|poke|p2|Dragonite, L50, M|
|poke|p2|Primarina, L50, F|
|poke|p2|Garchomp, L50, M|
|teampreview|4
|showteam|p1|Indeedee-F||SafetyGoggles|PsychicSurge|TrickRoom,FollowMe,Psychic,HelpingHand|||F|||50|,,,,,Fairy]Incineroar||SitrusBerry|Intimidate|FakeOut,PartingShot,FlareBlitz,KnockOff|||F|||50|,,,,,Ghost]Ursaluna||FlameOrb|Guts|Earthquake,Protect,Facade,HeadlongRush|||F|||50|,,,,,Ghost]Flamigo||FocusSash|Scrappy|DualWingbeat,CloseCombat,WideGuard,Acrobatics|||M|||50|,,,,,Dark]Armarouge||PsychicSeed|FlashFire|Disable,TrickRoom,ExpandingForce,ArmorCannon|||F|||50|,,,,,Grass]Hydrapple||LifeOrb|Regenerator|Protect,FickleBeam,PollenPuff,GigaDrain|||F|||50|,,,,,Fairy
|showteam|p2|Gholdengo||LifeOrb|GoodasGold|MakeItRain,ShadowBall,NastyPlot,Protect||||||50|,,,,,Water]Incineroar||SafetyGoggles|Intimidate|KnockOff,FlareBlitz,FakeOut,PartingShot|||F|||50|,,,,,Ghost]Amoonguss||CovertCloak|Regenerator|RagePowder,PollenPuff,Protect,Spore|||M|||50|,,,,,Dark]Dragonite||LoadedDice|Multiscale|ScaleShot,Tailwind,Protect,Haze|||M|||50|,,,,,Fairy]Primarina||AssaultVest|LiquidVoice|HyperVoice,Moonblast,IcyWind,DazzlingGleam|||F|||50|,,,,,Poison]Garchomp||ClearAmulet|RoughSkin|DragonClaw,Earthquake,SwordsDance,Protect|||M|||50|,,,,,Fire
|inactive|Battle timer is ON: inactive players will automatically lose when time's up. (requested by yassineVGC)
|inactive|yassineVGC has 60 seconds left.
|inactive|blackstorm games has 60 seconds left.
|inactive|yassineVGC has 30 seconds left.
|inactive|yassineVGC has 20 seconds left.
|inactive|yassineVGC has 15 seconds left.
|
|t:|1756236755
|teamsize|p1|4
|teamsize|p2|4
|start
|switch|p1a: Incineroar|Incineroar, L50, F, shiny|100/100
|switch|p1b: Indeedee|Indeedee-F, L50, F|100/100
|switch|p2a: Garchomp|Garchomp, L50, M|100/100
|switch|p2b: Dragonite|Dragonite, L50, M|100/100
|-fieldstart|move: Psychic Terrain|[from] ability: Psychic Surge|[of] p1b: Indeedee
|-ability|p1a: Incineroar|Intimidate|boost
|-fail|p2a: Garchomp|unboost|[from] item: Clear Amulet|[of] p2a: Garchomp
|-unboost|p2b: Dragonite|atk|1
|turn|1
|inactive|yassineVGC has 30 seconds left.
|
|t:|1756236781
|move|p2a: Garchomp|Earthquake|p1a: Incineroar|[spread] p1a,p1b
|-immune|p2b: Dragonite
|-supereffective|p1a: Incineroar
|-damage|p1a: Incineroar|23/100
|-damage|p1b: Indeedee|61/100
|-enditem|p1a: Incineroar|Sitrus Berry|[eat]
|-heal|p1a: Incineroar|48/100|[from] item: Sitrus Berry
|move|p2b: Dragonite|Scale Shot|p1b: Indeedee
|-damage|p1b: Indeedee|50/100
|-crit|p1b: Indeedee
|-damage|p1b: Indeedee|26/100
|-damage|p1b: Indeedee|15/100
|-damage|p1b: Indeedee|4/100
|-hitcount|p1b: Indeedee|4
|-unboost|p2b: Dragonite|def|1
|-boost|p2b: Dragonite|spe|1
|move|p1a: Incineroar|Parting Shot|p2b: Dragonite
|-unboost|p2b: Dragonite|atk|1
|-unboost|p2b: Dragonite|spa|1
|
|t:|1756236800
|switch|p1a: Ursaluna|Ursaluna, L50, F|100/100|[from] Parting Shot
|move|p1b: Indeedee|Trick Room|p1b: Indeedee
|-fieldstart|move: Trick Room|[of] p1b: Indeedee
|
|-status|p1a: Ursaluna|brn|[from] item: Flame Orb
|upkeep
|turn|2
|inactive|yassineVGC has 30 seconds left.
|
|t:|1756236826
|switch|p2b: Incineroar|Incineroar, L50, F|100/100
|-ability|p2b: Incineroar|Intimidate|boost
|-unboost|p1a: Ursaluna|atk|1
|-unboost|p1b: Indeedee|atk|1
|move|p2a: Garchomp|Protect|p2a: Garchomp
|-singleturn|p2a: Garchomp|Protect
|move|p1b: Indeedee|Follow Me|p1b: Indeedee
|-singleturn|p1b: Indeedee|move: Follow Me
|move|p1a: Ursaluna|Facade|p2a: Garchomp
|-activate|p2a: Garchomp|move: Protect
|
|-damage|p1a: Ursaluna|95/100 brn|[from] brn
|upkeep
|turn|3
|
|t:|1756236842
|switch|p2b: Dragonite|Dragonite, L50, M|100/100
|move|p1b: Indeedee|Helping Hand|p1a: Ursaluna
|-singleturn|p1a: Ursaluna|Helping Hand|[of] p1b: Indeedee
|move|p1a: Ursaluna|Headlong Rush|p2b: Dragonite
|-immune|p2b: Dragonite
|move|p2a: Garchomp|Earthquake|p1b: Indeedee|[spread] p1a,p1b
|-immune|p2b: Dragonite
|-crit|p1a: Ursaluna
|-damage|p1a: Ursaluna|53/100 brn
|-damage|p1b: Indeedee|0 fnt
|faint|p1b: Indeedee
|
|-damage|p1a: Ursaluna|47/100 brn|[from] brn
|upkeep
|
|t:|1756236853
|switch|p1b: Armarouge|Armarouge, L50, F|100/100
|-enditem|p1b: Armarouge|Psychic Seed
|-boost|p1b: Armarouge|spd|1|[from] item: Psychic Seed
|turn|4
|
|t:|1756236866
|switch|p1a: Incineroar|Incineroar, L50, F, shiny|48/100
|-ability|p1a: Incineroar|Intimidate|boost
|-fail|p2a: Garchomp|unboost|[from] item: Clear Amulet|[of] p2a: Garchomp
|-unboost|p2b: Dragonite|atk|1
|-terastallize|p1b: Armarouge|Grass
|move|p2b: Dragonite|Protect|p2b: Dragonite
|-singleturn|p2b: Dragonite|Protect
|move|p2a: Garchomp|Protect|p2a: Garchomp
|-singleturn|p2a: Garchomp|Protect
|move|p1b: Armarouge|Expanding Force|p2b: Dragonite|[spread] 
|-activate|p2a: Garchomp|move: Protect
|-activate|p2b: Dragonite|move: Protect
|
|upkeep
|turn|5
|inactive|yassineVGC has 30 seconds left.
|
|t:|1756236895
|switch|p2a: Incineroar|Incineroar, L50, F|100/100
|-ability|p2a: Incineroar|Intimidate|boost
|-unboost|p1a: Incineroar|atk|1
|-unboost|p1b: Armarouge|atk|1
|move|p1b: Armarouge|Expanding Force|p2b: Dragonite|[spread] p2b
|-immune|p2a: Incineroar
|-damage|p2b: Dragonite|72/100
|move|p1a: Incineroar|Parting Shot|p2b: Dragonite
|-unboost|p2b: Dragonite|atk|1
|-unboost|p2b: Dragonite|spa|1
|
|t:|1756236905
|switch|p1a: Ursaluna|Ursaluna, L50, F|47/100 brn|[from] Parting Shot
|move|p2b: Dragonite|Scale Shot|p1b: Armarouge
|-damage|p1b: Armarouge|94/100
|-damage|p1b: Armarouge|87/100
|-damage|p1b: Armarouge|81/100
|-damage|p1b: Armarouge|75/100
|-damage|p1b: Armarouge|69/100
|-hitcount|p1b: Armarouge|5
|-unboost|p2b: Dragonite|def|1
|-boost|p2b: Dragonite|spe|1
|
|-damage|p1a: Ursaluna|41/100 brn|[from] brn
|-fieldend|move: Trick Room
|-fieldend|move: Psychic Terrain
|upkeep
|turn|6
|inactive|yassineVGC has 30 seconds left.
|
|t:|1756236930
|move|p2b: Dragonite|Scale Shot|p1b: Armarouge
|-crit|p1b: Armarouge
|-damage|p1b: Armarouge|50/100
|-damage|p1b: Armarouge|44/100
|-damage|p1b: Armarouge|37/100
|-damage|p1b: Armarouge|31/100
|-damage|p1b: Armarouge|26/100
|-hitcount|p1b: Armarouge|5
|-unboost|p2b: Dragonite|def|1
|-boost|p2b: Dragonite|spe|1
|move|p2a: Incineroar|Knock Off|p1b: Armarouge
|-damage|p1b: Armarouge|7/100
|move|p1a: Ursaluna|Facade|p2b: Dragonite
|-damage|p2b: Dragonite|0 fnt
|faint|p2b: Dragonite
|move|p1b: Armarouge|Trick Room|p1b: Armarouge
|-fieldstart|move: Trick Room|[of] p1b: Armarouge
|
|-damage|p1a: Ursaluna|35/100 brn|[from] brn
|upkeep
|
|t:|1756236947
|switch|p2b: Amoonguss|Amoonguss, L50, M|100/100
|turn|7
|
|t:|1756236959
|switch|p2a: Garchomp|Garchomp, L50, M|100/100
|move|p2b: Amoonguss|Pollen Puff|p1b: Armarouge
|-supereffective|p1b: Armarouge
|-damage|p1b: Armarouge|0 fnt
|faint|p1b: Armarouge
|move|p1a: Ursaluna|Facade|p2a: Garchomp
|-damage|p2a: Garchomp|0 fnt
|-damage|p1a: Ursaluna|23/100 brn|[from] ability: Rough Skin|[of] p2a: Garchomp
|faint|p2a: Garchomp
|
|-damage|p1a: Ursaluna|17/100 brn|[from] brn
|upkeep
|
|t:|1756236971
|switch|p1b: Incineroar|Incineroar, L50, F, shiny|48/100
|switch|p2a: Incineroar|Incineroar, L50, F|100/100
|-ability|p1b: Incineroar|Intimidate|boost
|-unboost|p2a: Incineroar|atk|1
|-unboost|p2b: Amoonguss|atk|1
|-ability|p2a: Incineroar|Intimidate|boost
|-unboost|p1a: Ursaluna|atk|1
|-unboost|p1b: Incineroar|atk|1
|turn|8
|
|t:|1756236990
|move|p1a: Ursaluna|Protect|p1a: Ursaluna
|-singleturn|p1a: Ursaluna|Protect
|move|p1b: Incineroar|Fake Out|p2b: Amoonguss
|-damage|p2b: Amoonguss|94/100
|move|p2b: Amoonguss|Spore|p1b: Incineroar
|-status|p1b: Incineroar|slp|[from] move: Spore
|move|p2a: Incineroar|Flare Blitz|p1a: Ursaluna
|-activate|p1a: Ursaluna|move: Protect
|
|-damage|p1a: Ursaluna|11/100 brn|[from] brn
|upkeep
|turn|9
|
|t:|1756237007
|move|p2b: Amoonguss|Rage Powder|p2b: Amoonguss
|-singleturn|p2b: Amoonguss|move: Rage Powder
|move|p1a: Ursaluna|Facade|p2b: Amoonguss
|-damage|p2b: Amoonguss|29/100
|cant|p1b: Incineroar|slp
|move|p2a: Incineroar|Flare Blitz|p1a: Ursaluna
|-damage|p1a: Ursaluna|0 fnt
|faint|p1a: Ursaluna
|-damage|p2a: Incineroar|96/100|[from] Recoil
|
|upkeep
|turn|10
|
|t:|1756237021
|move|p2b: Amoonguss|Pollen Puff|p1b: Incineroar
|-damage|p1b: Incineroar|33/100 slp
|cant|p1b: Incineroar|slp
|move|p2a: Incineroar|Flare Blitz|p1b: Incineroar
|-resisted|p1b: Incineroar
|-damage|p1b: Incineroar|18/100 slp
|-damage|p2a: Incineroar|91/100|[from] Recoil
|
|-fieldend|move: Trick Room
|upkeep
|turn|11
|
|t:|1756237035
|move|p2a: Incineroar|Flare Blitz|p1b: Incineroar
|-resisted|p1b: Incineroar
|-damage|p1b: Incineroar|3/100 slp
|-damage|p2a: Incineroar|86/100|[from] Recoil
|cant|p1b: Incineroar|slp
|move|p2b: Amoonguss|Pollen Puff|p2a: Incineroar
|-heal|p2a: Incineroar|100/100
|
|upkeep
|turn|12
|-message|yassineVGC forfeited.
|
|win|blackstorm games
||yassineVGC is ready for game 2.
||blackstorm games is ready for game 2.
|uhtml|next|Next: Game 2 of 3
|l|☆yassineVGC
|player|p1|
