|j|☆bleepbopboop
|j|☆Chandeliere
|html|bleepbopboopChandeliere    
|uhtml|bestof|Game 1 of a best-of-3
|t:|1756515319
|gametype|doubles
|player|p1|bleepbopboop|ethan|1101
|player|p2|Chandeliere|ethan|1191
|gen|9
|tier|[Gen 9] VGC 2025 Reg H (Bo3)
|rated|
|rule|Species Clause: Limit one of each Pokémon
|rule|Item Clause: Limit 1 of each item
|clearpoke
|poke|p1|Excadrill, L50, F|
|poke|p1|Tyranitar, L50, F|
|poke|p1|Sneasler, L50, F|
|poke|p1|Indeedee, L50, M|
|poke|p1|Corviknight, L50, F|
|poke|p1|Annihilape, L50, M|
|poke|p2|Incineroar, L50, M|
|poke|p2|Dragonite, L50, F|
|poke|p2|Porygon2, L50|
|poke|p2|Ursaluna-Bloodmoon, L50, M|
|poke|p2|Ninetales-Alola, L50, F|
|poke|p2|Annihilape, L50, F|
|teampreview|4
|showteam|p1|Excadrill||FocusSash|SandRush|IronHead,Earthquake,HighHorsepower,Protect|||F|||50|,,,,,Stellar]Tyranitar||AssaultVest|SandStream|RockSlide,KnockOff,TeraBlast,LowKick|||F|||50|,,,,,Flying]Sneasler||PsychicSeed|Unburden|DireClaw,CloseCombat,ThroatChop,Protect|||F|||50|,,,,,Dark]Indeedee||ChoiceScarf|PsychicSurge|ExpandingForce,TeraBlast,Trick,Protect|||M|||50|,,,,,Psychic]Corviknight||Leftovers|MirrorArmor|BraveBird,BulkUp,Roost,Tailwind|||F|||50|,,,,,Dragon]Annihilape||SafetyGoggles|Defiant|RageFist,CloseCombat,FinalGambit,Taunt|||M|||50|,,,,,Water
|showteam|p2|Incineroar||ChopleBerry|Intimidate|FlareBlitz,KnockOff,FakeOut,PartingShot|||M|||50|,,,,,Grass]Dragonite||LoadedDice|Multiscale|ScaleShot,Tailwind,Haze,Protect|||F|||50|,,,,,Steel]Porygon2||Eviolite|Download|TeraBlast,IceBeam,Recover,TrickRoom||||||50|,,,,,Fighting]Ursaluna-Bloodmoon||AssaultVest|MindsEye|HyperVoice,BloodMoon,VacuumWave,EarthPower|||M|||50|,,,,,Water]Ninetales-Alola||LightClay|SnowWarning|IcicleSpear,Encore,IcyWind,AuroraVeil|||F|||50|,,,,,Ghost]Annihilape||SafetyGoggles|Defiant|DrainPunch,RageFist,BulkUp,Protect|||F|||50|,,,,,Fire
|inactive|Battle timer is ON: inactive players will automatically lose when time's up. (requested by bleepbopboop)
|j| meepmoop453
|inactive|bleepbopboop has 60 seconds left.
|inactive|Chandeliere has 60 seconds left.
|
|t:|1756515371
|teamsize|p1|4
|teamsize|p2|4
|start
|switch|p1a: Indeedee|Indeedee, L50, M|100/100
|switch|p1b: Annihilape|Annihilape, L50, M|100/100
|switch|p2a: Incineroar|Incineroar, L50, M|100/100
|switch|p2b: Dragonite|Dragonite, L50, F|100/100
|-fieldstart|move: Psychic Terrain|[from] ability: Psychic Surge|[of] p1a: Indeedee
|-ability|p2a: Incineroar|Intimidate|boost
|-unboost|p1a: Indeedee|atk|1
|-unboost|p1b: Annihilape|atk|1
|-ability|p1b: Annihilape|Defiant|boost
|-boost|p1b: Annihilape|atk|2
|turn|1
|inactive|bleepbopboop has 30 seconds left.
|inactive|bleepbopboop has 20 seconds left.
|inactive|bleepbopboop has 15 seconds left.
|inactive|bleepbopboop has 10 seconds left.
|
|t:|1756515417
|switch|p1a: Sneasler|Sneasler, L50, F|100/100
|-enditem|p1a: Sneasler|Psychic Seed
|-boost|p1a: Sneasler|spd|1|[from] item: Psychic Seed
|move|p2b: Dragonite|Protect|p2b: Dragonite
|-singleturn|p2b: Dragonite|Protect
|move|p1b: Annihilape|Final Gambit|p2b: Dragonite
|-activate|p2b: Dragonite|move: Protect
|move|p2a: Incineroar|Knock Off|p1a: Sneasler
|-resisted|p1a: Sneasler
|-damage|p1a: Sneasler|76/100
|
|upkeep
|turn|2
|inactive|bleepbopboop has 30 seconds left.
|
|t:|1756515449
|switch|p2b: Annihilape|Annihilape, L50, F|100/100
|move|p1a: Sneasler|Dire Claw|p2a: Incineroar
|-damage|p2a: Incineroar|61/100
|move|p1b: Annihilape|Final Gambit|p2b: Annihilape
|-immune|p2b: Annihilape
|move|p2a: Incineroar|Parting Shot|p1a: Sneasler
|-unboost|p1a: Sneasler|atk|1
|-unboost|p1a: Sneasler|spa|1
|
|t:|1756515466
|switch|p2a: Ursaluna|Ursaluna-Bloodmoon, L50, M|100/100|[from] Parting Shot
|
|upkeep
|turn|3
|inactive|bleepbopboop has 30 seconds left.
|inactive|bleepbopboop has 20 seconds left.
|inactive|bleepbopboop has 15 seconds left.
|
|t:|1756515510
|move|p1a: Sneasler|Dire Claw|p2a: Ursaluna
|-resisted|p2a: Ursaluna
|-damage|p2a: Ursaluna|91/100
|-status|p2a: Ursaluna|slp
|move|p1b: Annihilape|Close Combat|p2a: Ursaluna
|-supereffective|p2a: Ursaluna
|-damage|p2a: Ursaluna|0 fnt
|-unboost|p1b: Annihilape|def|1
|-unboost|p1b: Annihilape|spd|1
|faint|p2a: Ursaluna
|move|p2b: Annihilape|Bulk Up|p2b: Annihilape
|-boost|p2b: Annihilape|atk|1
|-boost|p2b: Annihilape|def|1
|
|upkeep
|
|t:|1756515526
|switch|p2a: Dragonite|Dragonite, L50, F|100/100
|turn|4
|inactive|bleepbopboop has 30 seconds left.
|inactive|bleepbopboop has 20 seconds left.
|inactive|bleepbopboop has 15 seconds left.
|inactive|bleepbopboop has 10 seconds left.
|
|t:|1756515571
|move|p2a: Dragonite|Protect|p2a: Dragonite
|-singleturn|p2a: Dragonite|Protect
|move|p1a: Sneasler|Dire Claw|p2b: Annihilape
|-resisted|p2b: Annihilape
|-damage|p2b: Annihilape|90/100
|-status|p2b: Annihilape|slp
|move|p1b: Annihilape|Final Gambit|p2a: Dragonite
|-activate|p2a: Dragonite|move: Protect
|cant|p2b: Annihilape|slp
|
|upkeep
|turn|5
|inactive|bleepbopboop has 30 seconds left.
|
|t:|1756515604
|switch|p2a: Incineroar|Incineroar, L50, M|61/100
|-ability|p2a: Incineroar|Intimidate|boost
|-unboost|p1a: Sneasler|atk|1
|-unboost|p1b: Annihilape|atk|1
|-ability|p1b: Annihilape|Defiant|boost
|-boost|p1b: Annihilape|atk|2
|move|p1a: Sneasler|Dire Claw|p1b: Annihilape
|-resisted|p1b: Annihilape
|-damage|p1b: Annihilape|82/100
|cant|p2b: Annihilape|slp
|move|p1b: Annihilape|Rage Fist|p2b: Annihilape
|-supereffective|p2b: Annihilape
|-damage|p2b: Annihilape|0 fnt
|faint|p2b: Annihilape
|
|-fieldend|move: Psychic Terrain
|upkeep
|
|t:|1756515619
|switch|p2b: Dragonite|Dragonite, L50, F|100/100
|turn|6
|inactive|bleepbopboop has 30 seconds left.
|
|t:|1756515645
|move|p1a: Sneasler|Protect|p1a: Sneasler
|-singleturn|p1a: Sneasler|Protect
|move|p2a: Incineroar|Fake Out|p1a: Sneasler
|-activate|p1a: Sneasler|move: Protect
|move|p1b: Annihilape|Final Gambit|p2a: Incineroar
|-damage|p2a: Incineroar|0 fnt
|faint|p1b: Annihilape
|faint|p2a: Incineroar
|move|p2b: Dragonite|Scale Shot|p1a: Sneasler
|-activate|p1a: Sneasler|move: Protect
|
|upkeep
|
|t:|1756515657
|switch|p1b: Tyranitar|Tyranitar, L50, F|100/100
|-weather|Sandstorm|[from] ability: Sand Stream|[of] p1b: Tyranitar
|turn|7
|
|t:|1756515675
|move|p1a: Sneasler|Dire Claw|p2b: Dragonite
|-damage|p2b: Dragonite|88/100
|move|p2b: Dragonite|Tailwind|p2b: Dragonite
|-sidestart|p2: Chandeliere|move: Tailwind
|move|p1b: Tyranitar|Rock Slide|p2b: Dragonite
|-supereffective|p2b: Dragonite
|-damage|p2b: Dragonite|0 fnt
|faint|p2b: Dragonite
|
|win|bleepbopboop
||Chandeliere is ready for game 2.
|inactive|bleepbopboop has 30 seconds to confirm battle start!
|inactive|bleepbopboop has 20 seconds to confirm battle start!
|inactive|bleepbopboop has 10 seconds to confirm battle start!
|inactive|bleepbopboop has 0 seconds to confirm battle start!
||bleepbopboop is ready for game 2.
|uhtml|next|Next: Game 2 of 3
|l| meepmoop453
