|j|☆Curebo
|j|☆dandetheheartless
|html|Curebodandetheheartless    
|uhtml|bestof|Game 2 of a best-of-3
|t:|1783022378
|gametype|doubles
|player|p1|Curebo|clay|1311
|player|p2|dandetheheartless|winona|1305
|gen|9
|tier|[Gen 9 Champions] VGC 2026 Reg M-B (Bo3)
|rated|
|rule|Species Clause: Limit one of each Pokémon
|rule|Item Clause: Limit 1 of each item
|clearpoke
|poke|p1|Excadrill, L50, M|
|poke|p1|Tyranitar, L50, M|
|poke|p1|Corviknight, L50, M|
|poke|p1|Hydreigon, L50, M|
|poke|p1|Scovillain, L50, M|
|poke|p1|Houndstone, L50, M|
|poke|p2|Raichu, L50, F|
|poke|p2|Gholdengo, L50|
|poke|p2|Basculegion, L50, M|
|poke|p2|Whimsicott, L50, M|
|poke|p2|Incineroar, L50, M|
|poke|p2|Ninetales-Alola, L50, M|
|teampreview|4
|showteam|p1|Excadrill||FocusSash|SandRush|Earthquake,IronHead,RockSlide,Protect|Adamant||M|||50|]Tyranitar||Tyranitarite|SandStream|KnockOff,RockSlide,Protect,LowKick|Adamant||M|||50|]Corviknight||Leftovers|MirrorArmor|BraveBird,BulkUp,Tailwind,Roost|Careful||M|||50|]Hydreigon||ChoiceScarf|Levitate|DracoMeteor,DarkPulse,HeatWave,Snarl|Modest||M|||50|]Scovillain||Scovillainite|Moody|Overheat,GigaDrain,RagePowder,Protect|Calm||M|||50|]Houndstone||SitrusBerry|SandRush|LastRespects,BodyPress,WillOWisp,Protect|Adamant||M|||50|
|showteam|p2|Raichu||RaichuniteY|LightningRod|ZapCannon,FocusBlast,FakeOut,Protect|Timid||F|||50|]Gholdengo||LifeOrb|GoodasGold|ShadowBall,MakeItRain,NastyPlot,Protect|Modest|||||50|]Basculegion||MysticWater|Adaptability|WaveCrash,AquaJet,LastRespects,Protect|Adamant||M|||50|]Whimsicott||FocusSash|Prankster|Moonblast,Tailwind,Encore,Protect|Timid||M|||50|]Incineroar||SitrusBerry|Intimidate|FakeOut,PartingShot,ThroatChop,FlareBlitz|Impish||M|||50|]Ninetales-Alola||NeverMeltIce|SnowWarning|Blizzard,FreezeDry,AuroraVeil,Protect|Timid||M|||50|
|inactive|Battle timer is ON: inactive players will automatically lose when time's up. (requested by dandetheheartless)
|inactive|Curebo also wants the timer to be on.
|inactive|dandetheheartless has 60 seconds left.
|
|t:|1783022416
|teamsize|p1|4
|teamsize|p2|4
|start
|switch|p1a: Scovillain|Scovillain, L50, M|100/100
|switch|p1b: Corviknight|Corviknight, L50, M|100/100
|switch|p2a: Flair Expert|Incineroar, L50, M|100/100
|switch|p2b: Basculegion|Basculegion, L50, M|100/100
|-ability|p2a: Flair Expert|Intimidate|boost
|-unboost|p1a: Scovillain|atk|1
|-ability|p1b: Corviknight|Mirror Armor
|-unboost|p2a: Flair Expert|atk|1
|turn|1
|inactive|Curebo has 30 seconds left.
|inactive|dandetheheartless has 30 seconds left.
|inactive|Curebo has 20 seconds left.
|inactive|Curebo has 15 seconds left.
|
|t:|1783022458
|move|p1a: Scovillain|Protect|p1a: Scovillain
|-singleturn|p1a: Scovillain|Protect
|move|p2a: Flair Expert|Fake Out|p1b: Corviknight
|-resisted|p1b: Corviknight|1
|-damage|p1b: Corviknight|97/100
|move|p2b: Basculegion|Wave Crash|p1b: Corviknight
|-damage|p1b: Corviknight|7/100
|-damage|p2b: Basculegion|71/100|[from] Recoil
|cant|p1b: Corviknight|flinch
|
|-heal|p1b: Corviknight|13/100|[from] item: Leftovers
|-ability|p1a: Scovillain|Moody|boost
|-boost|p1a: Scovillain|spe|2
|-unboost|p1a: Scovillain|atk|1
|upkeep
|turn|2
|inactive|Curebo has 30 seconds left.
|
|t:|1783022485
|switch|p2b: Rai Y|Raichu, L50, F|100/100
|switch|p1b: Tyranitar|Tyranitar, L50, M|100/100
|-weather|Sandstorm|[from] ability: Sand Stream|[of] p1b: Tyranitar
|move|p1a: Scovillain|Giga Drain|p2b: Rai Y
|-damage|p2b: Rai Y|60/100
|move|p2a: Flair Expert|Parting Shot|p1a: Scovillain
|-unboost|p1a: Scovillain|atk|1
|-unboost|p1a: Scovillain|spa|1
|
|t:|1783022495
|switch|p2a: Ninetales|Ninetales-Alola, L50, M|100/100|[from] Parting Shot
|-weather|Snowscape|[from] ability: Snow Warning|[of] p2a: Ninetales
|
|-weather|Snowscape|[upkeep]
|-ability|p1a: Scovillain|Moody|boost
|-boost|p1a: Scovillain|atk|2
|-unboost|p1a: Scovillain|spd|1
|upkeep
|turn|3
|inactive|Curebo has 30 seconds left.
|inactive|dandetheheartless has 30 seconds left.
|inactive|Curebo has 20 seconds left.
|inactive|Curebo has 15 seconds left.
|
|t:|1783022538
|switch|p2b: Flair Expert|Incineroar, L50, M|100/100
|-ability|p2b: Flair Expert|Intimidate|boost
|-unboost|p1a: Scovillain|atk|1
|-unboost|p1b: Tyranitar|atk|1
|detailschange|p1b: Tyranitar|Tyranitar-Mega, L50, M
|-mega|p1b: Tyranitar|Tyranitar|Tyranitarite
|-weather|Sandstorm|[from] ability: Sand Stream|[of] p1b: Tyranitar
|move|p2a: Ninetales|Protect|p2a: Ninetales
|-singleturn|p2a: Ninetales|Protect
|move|p1a: Scovillain|Overheat|p2b: Flair Expert
|-resisted|p2b: Flair Expert|1
|-damage|p2b: Flair Expert|84/100
|-unboost|p1a: Scovillain|spa|2
|move|p1b: Tyranitar|Rock Slide|p2b: Flair Expert|[spread] p2b
|-activate|p2a: Ninetales|move: Protect
|-supereffective|p2b: Flair Expert|1
|-damage|p2b: Flair Expert|53/100
|
|-weather|Sandstorm|[upkeep]
|-damage|p1a: Scovillain|94/100|[from] Sandstorm
|-damage|p2a: Ninetales|93/100|[from] Sandstorm
|-damage|p2b: Flair Expert|48/100|[from] Sandstorm
|-enditem|p2b: Flair Expert|Sitrus Berry|[eat]
|-heal|p2b: Flair Expert|72/100|[from] item: Sitrus Berry
|-ability|p1a: Scovillain|Moody|boost
|-boost|p1a: Scovillain|atk|2
|-unboost|p1a: Scovillain|def|1
|upkeep
|turn|4
|inactive|Curebo has 30 seconds left.
|inactive|dandetheheartless has 30 seconds left.
|inactive|dandetheheartless has 20 seconds left.
|inactive|dandetheheartless has 15 seconds left.
|
|t:|1783022579
|switch|p1b: Corviknight|Corviknight, L50, M|13/100
|move|p1a: Scovillain|Overheat|p2a: Ninetales
|-supereffective|p2a: Ninetales|1
|-damage|p2a: Ninetales|49/100
|-unboost|p1a: Scovillain|spa|2
|move|p2a: Ninetales|Blizzard|p1a: Scovillain|[spread] p1a,p1b
|-crit|p1a: Scovillain
|-damage|p1a: Scovillain|0 fnt
|-damage|p1b: Corviknight|0 fnt
|faint|p1a: Scovillain
|faint|p1b: Corviknight
|move|p2b: Flair Expert|Parting Shot|p1: Scovillain|[notarget]
|-fail|p2b: Flair Expert
|
|-weather|Sandstorm|[upkeep]
|-damage|p2a: Ninetales|43/100|[from] Sandstorm
|-damage|p2b: Flair Expert|66/100|[from] Sandstorm
|upkeep
|
|t:|1783022595
|switch|p1b: Excadrill|Excadrill, L50, M|100/100
|switch|p1a: Tyranitar|Tyranitar-Mega, L50, M|100/100
|turn|5
|
|t:|1783022613
|switch|p2b: Rai Y|Raichu, L50, F|60/100
|move|p2a: Ninetales|Protect|p2a: Ninetales
|-singleturn|p2a: Ninetales|Protect
|move|p1b: Excadrill|Rock Slide|p2a: Ninetales|[spread] p2b
|-activate|p2a: Ninetales|move: Protect
|-damage|p2b: Rai Y|20/100r
|move|p1a: Tyranitar|Rock Slide|p2a: Ninetales|[spread] p2b
|-activate|p2a: Ninetales|move: Protect
|-damage|p2b: Rai Y|0 fnt
|faint|p2b: Rai Y
|
|-weather|Sandstorm|[upkeep]
|-damage|p2a: Ninetales|37/100|[from] Sandstorm
|upkeep
|
|t:|1783022623
|switch|p2b: Basculegion|Basculegion, L50, M|71/100
|turn|6
|
|t:|1783022635
|switch|p2a: Flair Expert|Incineroar, L50, M|66/100
|-ability|p2a: Flair Expert|Intimidate|boost
|-unboost|p1a: Tyranitar|atk|1
|-unboost|p1b: Excadrill|atk|1
|move|p2b: Basculegion|Protect|p2b: Basculegion
|-singleturn|p2b: Basculegion|Protect
|move|p1b: Excadrill|Earthquake|p2b: Basculegion|[spread] p1a,p2a
|-activate|p2b: Basculegion|move: Protect
|-supereffective|p1a: Tyranitar|1
|-supereffective|p2a: Flair Expert|1
|-damage|p1a: Tyranitar|57/100
|-damage|p2a: Flair Expert|28/100
|move|p1a: Tyranitar|Knock Off|p2b: Basculegion
|-activate|p2b: Basculegion|move: Protect
|
|-weather|Sandstorm|[upkeep]
|-damage|p2b: Basculegion|65/100|[from] Sandstorm
|-damage|p2a: Flair Expert|22/100|[from] Sandstorm
|upkeep
|turn|7
|
|t:|1783022658
|move|p1b: Excadrill|Protect|p1b: Excadrill
|-singleturn|p1b: Excadrill|Protect
|move|p1a: Tyranitar|Protect|p1a: Tyranitar
|-singleturn|p1a: Tyranitar|Protect
|move|p2a: Flair Expert|Fake Out|p1a: Tyranitar
|-activate|p1a: Tyranitar|move: Protect
|move|p2b: Basculegion|Aqua Jet|p1b: Excadrill
|-activate|p1b: Excadrill|move: Protect
|
|-weather|none
|upkeep
|turn|8
|
|t:|1783022681
|move|p2b: Basculegion|Protect|p2b: Basculegion
|-singleturn|p2b: Basculegion|Protect
|move|p1b: Excadrill|Rock Slide|p2b: Basculegion|[spread] p2a
|-activate|p2b: Basculegion|move: Protect
|-supereffective|p2a: Flair Expert|1
|-damage|p2a: Flair Expert|1/100
|move|p1a: Tyranitar|Knock Off|p2b: Basculegion
|-activate|p2b: Basculegion|move: Protect
|move|p2a: Flair Expert|Parting Shot|p1a: Tyranitar
|-unboost|p1a: Tyranitar|atk|1
|-unboost|p1a: Tyranitar|spa|1
|
|t:|1783022683
|switch|p2a: Ninetales|Ninetales-Alola, L50, M|37/100|[from] Parting Shot
|-weather|Snowscape|[from] ability: Snow Warning|[of] p2a: Ninetales
|
|-weather|Snowscape|[upkeep]
|upkeep
|turn|9
|
|t:|1783022696
|move|p2b: Basculegion|Aqua Jet|p1b: Excadrill
|-supereffective|p1b: Excadrill|1
|-damage|p1b: Excadrill|8/100
|move|p2a: Ninetales|Blizzard|p1a: Tyranitar|[spread] p1a,p1b
|-damage|p1a: Tyranitar|30/100
|-damage|p1b: Excadrill|0 fnt
|faint|p1b: Excadrill
|move|p1a: Tyranitar|Knock Off|p2b: Basculegion
|-supereffective|p2b: Basculegion|1
|-damage|p2b: Basculegion|0 fnt
|-enditem|p2b: Basculegion|Mystic Water|[from] move: Knock Off|[of] p1a: Tyranitar
|faint|p2b: Basculegion
|
|-weather|Snowscape|[upkeep]
|upkeep
|
|t:|1783022698
|switch|p2b: Flair Expert|Incineroar, L50, M|1/100
|-ability|p2b: Flair Expert|Intimidate|boost
|-unboost|p1a: Tyranitar|atk|1
|turn|10
|
|t:|1783022706
|move|p1a: Tyranitar|Protect|p1a: Tyranitar
|-singleturn|p1a: Tyranitar|Protect
|move|p2b: Flair Expert|Fake Out|p1a: Tyranitar
|-activate|p1a: Tyranitar|move: Protect
|move|p2a: Ninetales|Aurora Veil|p2a: Ninetales
|-sidestart|p2: dandetheheartless|move: Aurora Veil
|
|-weather|Snowscape|[upkeep]
|upkeep
|turn|11
|
|t:|1783022714
|move|p2a: Ninetales|Blizzard|p1a: Tyranitar
|-damage|p1a: Tyranitar|0 fnt
|faint|p1a: Tyranitar
|
|win|dandetheheartless
|raw|Curebo's rating: 1311 → 1291(-20 for losing)
|raw|dandetheheartless's rating: 1305 → 1325(+20 for winning)
|l|☆dandetheheartless
|player|p2|
