|j|☆TheDark69420
|j|☆lolgz
|html|TheDark69420lolgz    
|uhtml|bestof|Game 1 of a best-of-3
|t:|1784881736
|gametype|doubles
|player|p1|TheDark69420|ghetsis-gen5bw|1276
|player|p2|lolgz|dawn|1324
|gen|9
|tier|[Gen 9 Champions] VGC 2026 Reg M-B (Bo3)
|rated|
|rule|Species Clause: Limit one of each Pokémon
|rule|Item Clause: Limit 1 of each item
|clearpoke
|poke|p1|Gengar, L50, M|
|poke|p1|Incineroar, L50, F|
|poke|p1|Kommo-o, L50, M|
|poke|p1|Raichu, L50, M|
|poke|p1|Ninetales-Alola, L50, M|
|poke|p1|Volcarona, L50, M|
|poke|p2|Blastoise, L50, M|
|poke|p2|Vivillon, L50, F|
|poke|p2|Farigiraf, L50, M|
|poke|p2|Gallade, L50, M|
|poke|p2|Kingambit, L50, M|
|poke|p2|Camerupt, L50, F|
|teampreview|4
|showteam|p1|Gengar||Gengarite|CursedBody|SludgeBomb,ShadowBall,Substitute,Protect|Modest||M|||50|]Incineroar||PasshoBerry|Intimidate|FlareBlitz,ThroatChop,FakeOut,PartingShot|Adamant||F|||50|]Kommo-o||Leftovers|Soundproof|ClangingScales,AuraSphere,ClangorousSoul,Protect|Modest||M|||50|]Raichu||RaichuniteX|LightningRod|VoltTackle,VoltSwitch,FakeOut,Protect|Jolly||M|||50|]Ninetales-Alola||ChoiceScarf|SnowWarning|Blizzard,FreezeDry,IcyWind,Moonblast|Timid||M|||50|]Volcarona||SitrusBerry|FlameBody|Flamethrower,StruggleBug,RagePowder,Protect|Bold||M|||50|
|showteam|p2|Blastoise||Blastoisinite|Torrent|WaterSpout,DarkPulse,FakeOut,ShellSmash|Modest||M|||50|]Vivillon||ChoiceScarf|CompoundEyes|SleepPowder,RagePowder,Tailwind,Hurricane|Timid||F|||50|]Farigiraf||SitrusBerry|ArmorTail|TrickRoom,Psychic,HelpingHand,Protect|Relaxed||M|||50|]Gallade||IronBall|Sharpness|SacredSword,PsychoCut,LeafBlade,TrickRoom|Brave||M|||50|]Kingambit||LifeOrb|Defiant|SuckerPunch,KowtowCleave,IronHead,Protect|Brave||M|||50|]Camerupt||Cameruptite|MagmaArmor|HeatWave,EarthPower,AncientPower,Protect|Quiet||F|||50|
|inactive|Battle timer is ON: inactive players will automatically lose when time's up. (requested by lolgz)
|inactive|TheDark69420 also wants the timer to be on.
|inactive|TheDark69420 has 60 seconds left.
|
|t:|1784881773
|teamsize|p1|4
|teamsize|p2|4
|start
|switch|p1a: Gengar|Gengar, L50, M|100/100
|switch|p1b: Kommo-o|Kommo-o, L50, M|100/100
|switch|p2a: Vivillon|Vivillon, L50, F|100/100
|switch|p2b: Blastoise|Blastoise, L50, M|100/100
|turn|1
|inactive|lolgz has 30 seconds left.
|
|t:|1784881800
|detailschange|p1a: Gengar|Gengar-Mega, L50, M
|-mega|p1a: Gengar|Gengar|Gengarite
|detailschange|p2b: Blastoise|Blastoise-Mega, L50, M
|-mega|p2b: Blastoise|Blastoise|Blastoisinite
|move|p2b: Blastoise|Fake Out|p1b: Kommo-o
|-damage|p1b: Kommo-o|90/100
|move|p2a: Vivillon|Sleep Powder|p1a: Gengar
|-status|p1a: Gengar|slp|[from] move: Sleep Powder
|cant|p1a: Gengar|slp
|cant|p1b: Kommo-o|flinch
|
|-heal|p1b: Kommo-o|96/100|[from] item: Leftovers
|upkeep
|turn|2
|
|t:|1784881810
|move|p2a: Vivillon|Sleep Powder|p1b: Kommo-o|[miss]
|-miss|p2a: Vivillon|p1b: Kommo-o
|cant|p1a: Gengar|slp
|move|p1b: Kommo-o|Clanging Scales|p2a: Vivillon|[spread] p2a,p2b
|-damage|p2a: Vivillon|27/100
|-damage|p2b: Blastoise|62/100
|-unboost|p1b: Kommo-o|def|1
|move|p2b: Blastoise|Shell Smash|p2b: Blastoise
|-unboost|p2b: Blastoise|def|1
|-unboost|p2b: Blastoise|spd|1
|-boost|p2b: Blastoise|atk|2
|-boost|p2b: Blastoise|spa|2
|-boost|p2b: Blastoise|spe|2
|
|-heal|p1b: Kommo-o|100/100|[from] item: Leftovers
|upkeep
|turn|3
|
|t:|1784881822
|move|p2b: Blastoise|Dark Pulse|p1a: Gengar
|-supereffective|p1a: Gengar|1
|-damage|p1a: Gengar|0 fnt
|faint|p1a: Gengar
|move|p2a: Vivillon|Sleep Powder|p1b: Kommo-o
|-status|p1b: Kommo-o|slp|[from] move: Sleep Powder
|cant|p1b: Kommo-o|slp
|
|upkeep
|
|t:|1784881827
|switch|p1a: Incineroar|Incineroar, L50, F|100/100
|-ability|p1a: Incineroar|Intimidate|boost
|-unboost|p2a: Vivillon|atk|1
|-unboost|p2b: Blastoise|atk|1
|turn|4
|
|t:|1784881833
|switch|p2a: Farigiraf|Farigiraf, L50, M|100/100
|move|p1a: Incineroar|Fake Out||[still]
|cant|p2a: Farigiraf|ability: Armor Tail|Fake Out|[of] p1a: Incineroar
|move|p2b: Blastoise|Water Spout|p1a: Incineroar|[spread] p1a,p1b
|-supereffective|p1a: Incineroar|1
|-enditem|p1a: Incineroar|Passho Berry|[eat]
|-enditem|p1a: Incineroar|Passho Berry|[weaken]
|-resisted|p1b: Kommo-o|1
|-damage|p1a: Incineroar|16/100
|-damage|p1b: Kommo-o|50/100g slp
|-curestatus|p1b: Kommo-o|slp|[msg]
|move|p1b: Kommo-o|Clanging Scales|p2a: Farigiraf|[spread] p2a,p2b
|-damage|p2a: Farigiraf|63/100
|-damage|p2b: Blastoise|8/100
|-unboost|p1b: Kommo-o|def|1
|
|-heal|p1b: Kommo-o|56/100|[from] item: Leftovers
|upkeep
|turn|5
|
|t:|1784881848
|move|p2b: Blastoise|Dark Pulse|p1a: Incineroar
|-resisted|p1a: Incineroar|1
|-damage|p1a: Incineroar|0 fnt
|faint|p1a: Incineroar
|move|p1b: Kommo-o|Clanging Scales|p2a: Farigiraf|[spread] p2a,p2b
|-damage|p2a: Farigiraf|30/100
|-damage|p2b: Blastoise|0 fnt
|-enditem|p2a: Farigiraf|Sitrus Berry|[eat]
|-heal|p2a: Farigiraf|55/100|[from] item: Sitrus Berry
|faint|p2b: Blastoise
|-unboost|p1b: Kommo-o|def|1
|move|p2a: Farigiraf|Trick Room|p2a: Farigiraf
|-fieldstart|move: Trick Room|[of] p2a: Farigiraf
|
|-heal|p1b: Kommo-o|62/100|[from] item: Leftovers
|upkeep
|
|t:|1784881852
|switch|p1a: Volcarona|Volcarona, L50, M|100/100
|switch|p2b: Gallade|Gallade, L50, M|100/100
|turn|6
|
|t:|1784881868
|move|p2a: Farigiraf|Helping Hand|p2b: Gallade
|-singleturn|p2b: Gallade|Helping Hand|[of] p2a: Farigiraf
|move|p1a: Volcarona|Rage Powder|p1a: Volcarona
|-singleturn|p1a: Volcarona|move: Rage Powder
|move|p2b: Gallade|Psycho Cut|p1a: Volcarona
|-damage|p1a: Volcarona|26/100
|-enditem|p1a: Volcarona|Sitrus Berry|[eat]
|-heal|p1a: Volcarona|51/100|[from] item: Sitrus Berry
|move|p1b: Kommo-o|Clanging Scales|p2b: Gallade|[spread] p2a,p2b
|-damage|p2a: Farigiraf|18/100
|-damage|p2b: Gallade|61/100
|-unboost|p1b: Kommo-o|def|1
|
|-heal|p1b: Kommo-o|68/100|[from] item: Leftovers
|upkeep
|turn|7
|
|t:|1784881880
|move|p1a: Volcarona|Protect|p1a: Volcarona
|-singleturn|p1a: Volcarona|Protect
|move|p1b: Kommo-o|Protect|p1b: Kommo-o
|-singleturn|p1b: Kommo-o|Protect
|move|p2b: Gallade|Psycho Cut|p1a: Volcarona
|-activate|p1a: Volcarona|move: Protect
|move|p2a: Farigiraf|Psychic|p1a: Volcarona
|-activate|p1a: Volcarona|move: Protect
|
|-heal|p1b: Kommo-o|74/100|[from] item: Leftovers
|upkeep
|turn|8
|
|t:|1784881903
|move|p2a: Farigiraf|Helping Hand|p2b: Gallade
|-singleturn|p2b: Gallade|Helping Hand|[of] p2a: Farigiraf
|move|p1a: Volcarona|Rage Powder|p1a: Volcarona
|-singleturn|p1a: Volcarona|move: Rage Powder
|move|p2b: Gallade|Psycho Cut|p1a: Volcarona
|-damage|p1a: Volcarona|0 fnt
|faint|p1a: Volcarona
|move|p1b: Kommo-o|Clangorous Soul|p1b: Kommo-o
|-boost|p1b: Kommo-o|atk|1
|-boost|p1b: Kommo-o|def|1
|-boost|p1b: Kommo-o|spa|1
|-boost|p1b: Kommo-o|spd|1
|-boost|p1b: Kommo-o|spe|1
|-damage|p1b: Kommo-o|41/100
|
|-heal|p1b: Kommo-o|47/100|[from] item: Leftovers
|upkeep
|turn|9
|
|t:|1784881909
|move|p1b: Kommo-o|Protect|p1b: Kommo-o
|-singleturn|p1b: Kommo-o|Protect
|move|p2b: Gallade|Psycho Cut|p1b: Kommo-o
|-activate|p1b: Kommo-o|move: Protect
|move|p2a: Farigiraf|Psychic|p1b: Kommo-o
|-activate|p1b: Kommo-o|move: Protect
|
|-heal|p1b: Kommo-o|53/100|[from] item: Leftovers
|-fieldend|move: Trick Room
|upkeep
|turn|10
|
|t:|1784881916
|move|p1b: Kommo-o|Clanging Scales|p2b: Gallade|[spread] p2a,p2b
|-damage|p2a: Farigiraf|0 fnt
|-damage|p2b: Gallade|5/100
|faint|p2a: Farigiraf
|-unboost|p1b: Kommo-o|def|1
|move|p2b: Gallade|Psycho Cut|p1b: Kommo-o
|-supereffective|p1b: Kommo-o|1
|-damage|p1b: Kommo-o|0 fnt
|faint|p1b: Kommo-o
|
|win|lolgz
