|j|☆pinkeyt569
|j|☆Felipe Antonelli
|html|pinkeyt569Felipe Antonelli    
|uhtml|bestof|Game 2 of a best-of-3
|t:|1756607174
|gametype|doubles
|player|p1|pinkeyt569|266|1118
|player|p2|Felipe Antonelli|101|1167
|gen|9
|tier|[Gen 9] VGC 2025 Reg H (Bo3)
|rated|
|rule|Species Clause: Limit one of each Pokémon
|rule|Item Clause: Limit 1 of each item
|clearpoke
|poke|p1|Smeargle, L50, M|
|poke|p1|Dragonite, L50, F|
|poke|p1|Rillaboom, L50, F|
|poke|p1|Kingambit, L50, F|
|poke|p1|Flamigo, L50, F|
|poke|p1|Farigiraf, L50, F|
|poke|p2|Hydreigon, L50, M|
|poke|p2|Milotic, L50, F|
|poke|p2|Garchomp, L50, F|
|poke|p2|Incineroar, L50, F|
|poke|p2|Gallade, L50, M|
|poke|p2|Electabuzz, L50, M|
|teampreview|4
|showteam|p1|Smeargle||FocusSash|Moody|WideGuard,FollowMe,Spore,Decorate|||M|||50|,,,,,Ghost]Dragonite||LoadedDice|Multiscale|Protect,Tailwind,Haze,ScaleShot|||F|||50|,,,,,Fairy]Rillaboom||AssaultVest|GrassySurge|FakeOut,GrassyGlide,WoodHammer,HighHorsepower|||F|||50|,,,,,Fire]Kingambit||BlackGlasses|Defiant|Protect,SuckerPunch,KowtowCleave,IronHead|||F|||50|,,,,,Ghost]Flamigo||WhiteHerb|Costar|Protect,Acrobatics,CloseCombat,ThroatChop|||F|||50|,,,,,Steel]Farigiraf||SitrusBerry|ArmorTail|HyperVoice,Psychic,Imprison,TrickRoom|||F|||50|,,,,,Fairy
|showteam|p2|Hydreigon||ScopeLens|Levitate|DracoMeteor,FlashCannon,Snarl,Protect|||M|||50|,,,,,Ghost]Milotic||AdrenalineOrb|Competitive|Scald,IcyWind,DragonCheer,Protect|||F|||50|,,,,,Grass]Garchomp||ChoiceBand|RoughSkin|Earthquake,DragonClaw,StompingTantrum,RockSlide|||F|||50|,,,,,Steel]Incineroar||AssaultVest|Intimidate|KnockOff,FlareBlitz,FakeOut,Uturn|||F|||50|,,,,,Bug]Gallade||CovertCloak|Sharpness|SacredSword,PsychoCut,WideGuard,TrickRoom|||M|||50|,,,,,Dragon]Electabuzz||Eviolite|VitalSpirit|FollowMe,ThunderWave,Electroweb,Protect|||M|||50|,,,,,Flying
|
|t:|1756607258
|teamsize|p1|4
|teamsize|p2|4
|start
|switch|p1a: Dragonite|Dragonite, L50, F|100/100
|switch|p1b: Rillaboom|Rillaboom, L50, F|100/100
|switch|p2a: Milotic|Milotic, L50, F|100/100
|switch|p2b: Gallade|Gallade, L50, M|100/100
|-fieldstart|move: Grassy Terrain|[from] ability: Grassy Surge|[of] p1b: Rillaboom
|turn|1
|
|t:|1756607351
|-terastallize|p2a: Milotic|Grass
|move|p1b: Rillaboom|Fake Out|p2a: Milotic
|-damage|p2a: Milotic|84/100
|cant|p2a: Milotic|flinch
|move|p1a: Dragonite|Scale Shot|p2b: Gallade|[miss]
|-miss|p1a: Dragonite|p2b: Gallade
|move|p2b: Gallade|Psycho Cut|p1a: Dragonite
|-damage|p1a: Dragonite|72/100
|
|-heal|p2a: Milotic|90/100|[from] Grassy Terrain
|upkeep
|turn|2
|
|t:|1756607387
|move|p2a: Milotic|Scald|p1a: Dragonite
|-resisted|p1a: Dragonite
|-damage|p1a: Dragonite|58/100
|move|p1a: Dragonite|Scale Shot|p2b: Gallade
|-damage|p2b: Gallade|81/100
|-damage|p2b: Gallade|60/100
|-crit|p2b: Gallade
|-damage|p2b: Gallade|30/100
|-damage|p2b: Gallade|11/100
|-damage|p2b: Gallade|0 fnt
|faint|p2b: Gallade
|-hitcount|p2: Gallade|5
|-unboost|p1a: Dragonite|def|1
|-boost|p1a: Dragonite|spe|1
|move|p1b: Rillaboom|Wood Hammer|p2a: Milotic
|-resisted|p2a: Milotic
|-damage|p2a: Milotic|47/100
|-damage|p1b: Rillaboom|86/100|[from] Recoil
|
|-heal|p2a: Milotic|53/100|[from] Grassy Terrain
|-heal|p1b: Rillaboom|92/100|[from] Grassy Terrain
|upkeep
|
|t:|1756607406
|switch|p2b: Hydreigon|Hydreigon, L50, M|100/100
|turn|3
|
|t:|1756607471
|move|p1a: Dragonite|Protect|p1a: Dragonite
|-singleturn|p1a: Dragonite|Protect
|move|p2b: Hydreigon|Protect|p2b: Hydreigon
|-singleturn|p2b: Hydreigon|Protect
|move|p2a: Milotic|Dragon Cheer|p2b: Hydreigon
|-start|p2b: Hydreigon|move: Dragon Cheer
|move|p1b: Rillaboom|Wood Hammer|p2a: Milotic
|-resisted|p2a: Milotic
|-damage|p2a: Milotic|13/100
|-damage|p1b: Rillaboom|79/100|[from] Recoil
|
|-heal|p2a: Milotic|19/100|[from] Grassy Terrain
|-heal|p1b: Rillaboom|85/100|[from] Grassy Terrain
|upkeep
|turn|4
|j| We_Are_Toasted
|l| We_Are_Toasted
|
|t:|1756607538
|move|p2b: Hydreigon|Protect|p2b: Hydreigon
|-singleturn|p2b: Hydreigon|Protect
|move|p1b: Rillaboom|Grassy Glide|p2a: Milotic
|-resisted|p2a: Milotic
|-damage|p2a: Milotic|0 fnt
|faint|p2a: Milotic
|move|p1a: Dragonite|Scale Shot|p2b: Hydreigon
|-activate|p2b: Hydreigon|move: Protect
|
|-heal|p1b: Rillaboom|91/100|[from] Grassy Terrain
|upkeep
|
|t:|1756607548
|switch|p2a: Electabuzz|Electabuzz, L50, M|100/100
|turn|5
|
|t:|1756607587
|move|p1a: Dragonite|Protect|p1a: Dragonite
|-singleturn|p1a: Dragonite|Protect
|move|p2a: Electabuzz|Follow Me|p2a: Electabuzz
|-singleturn|p2a: Electabuzz|move: Follow Me
|move|p2b: Hydreigon|Draco Meteor|p1b: Rillaboom
|-crit|p1b: Rillaboom
|-damage|p1b: Rillaboom|27/100
|-unboost|p2b: Hydreigon|spa|2
|move|p1b: Rillaboom|Wood Hammer|p2a: Electabuzz
|-damage|p2a: Electabuzz|35/100
|-damage|p1b: Rillaboom|8/100|[from] Recoil
|
|-heal|p2a: Electabuzz|41/100|[from] Grassy Terrain
|-heal|p1b: Rillaboom|14/100|[from] Grassy Terrain
|-fieldend|move: Grassy Terrain
|upkeep
|turn|6
|
|t:|1756607633
|switch|p1b: Kingambit|Kingambit, L50, F|100/100
|move|p2b: Hydreigon|Protect|p2b: Hydreigon
|-singleturn|p2b: Hydreigon|Protect
|move|p2a: Electabuzz|Protect|p2a: Electabuzz
|-singleturn|p2a: Electabuzz|Protect
|move|p1a: Dragonite|Scale Shot|p2a: Electabuzz
|-activate|p2a: Electabuzz|move: Protect
|
|upkeep
|turn|7
|
|t:|1756607657
|switch|p1b: Rillaboom|Rillaboom, L50, F|14/100
|-fieldstart|move: Grassy Terrain|[from] ability: Grassy Surge|[of] p1b: Rillaboom
|move|p1a: Dragonite|Protect|p1a: Dragonite
|-singleturn|p1a: Dragonite|Protect
|move|p2a: Electabuzz|Follow Me|p2a: Electabuzz
|-singleturn|p2a: Electabuzz|move: Follow Me
|move|p2b: Hydreigon|Flash Cannon|p1a: Dragonite
|-activate|p1a: Dragonite|move: Protect
|
|-heal|p2a: Electabuzz|47/100|[from] Grassy Terrain
|-heal|p1b: Rillaboom|20/100|[from] Grassy Terrain
|upkeep
|turn|8
|j| Trestkon
|
|t:|1756607673
|move|p2b: Hydreigon|Protect|p2b: Hydreigon
|-singleturn|p2b: Hydreigon|Protect
|move|p2a: Electabuzz|Protect|p2a: Electabuzz
|-singleturn|p2a: Electabuzz|Protect
|move|p1b: Rillaboom|Fake Out|p2b: Hydreigon
|-activate|p2b: Hydreigon|move: Protect
|move|p1a: Dragonite|Tailwind|p1a: Dragonite
|-sidestart|p1: pinkeyt569|move: Tailwind
|
|-heal|p1b: Rillaboom|26/100|[from] Grassy Terrain
|-heal|p2a: Electabuzz|53/100|[from] Grassy Terrain
|upkeep
|turn|9
|
|t:|1756607695
|move|p1a: Dragonite|Protect|p1a: Dragonite
|-singleturn|p1a: Dragonite|Protect
|move|p2a: Electabuzz|Follow Me|p2a: Electabuzz
|-singleturn|p2a: Electabuzz|move: Follow Me
|move|p1b: Rillaboom|Wood Hammer|p2a: Electabuzz
|-damage|p2a: Electabuzz|0 fnt
|faint|p2a: Electabuzz
|-damage|p1b: Rillaboom|11/100|[from] Recoil
|move|p2b: Hydreigon|Draco Meteor|p1a: Dragonite
|-activate|p1a: Dragonite|move: Protect
|
|-heal|p1b: Rillaboom|17/100|[from] Grassy Terrain
|upkeep
|turn|10
|-message|Felipe Antonelli forfeited.
|
|win|pinkeyt569
|raw|pinkeyt569's rating: 1118 → 1147(+29 for winning)
|raw|Felipe Antonelli's rating: 1167 → 1138(-29 for losing)
|l|☆Felipe Antonelli
|player|p2|
|c|☆pinkeyt569|gg
