|j|☆mackerjuan
|j|☆Jakobtc
|html|mackerjuanJakobtc    
|uhtml|bestof|Game 1 of a best-of-3
|t:|1757920384
|gametype|doubles
|player|p1|mackerjuan|2|1165
|player|p2|Jakobtc|riley|1154
|gen|9
|tier|[Gen 9] VGC 2025 Reg H (Bo3)
|rated|
|rule|Species Clause: Limit one of each Pokémon
|rule|Item Clause: Limit 1 of each item
|clearpoke
|poke|p1|Indeedee-F, L50, F|
|poke|p1|Armarouge, L50, M|
|poke|p1|Whimsicott, L50, F|
|poke|p1|Annihilape, L50, M|
|poke|p1|Ursaluna-Bloodmoon, L50, M|
|poke|p1|Gholdengo, L50|
|poke|p2|Arcanine-Hisui, L50, M|
|poke|p2|Dragonite, L50, M|
|poke|p2|Sneasler, L50, M|
|poke|p2|Gholdengo, L50|
|poke|p2|Rillaboom, L50, M|
|poke|p2|Clefable, L50, M|
|teampreview|4
|showteam|p1|Indeedee-F||SafetyGoggles|PsychicSurge|TrickRoom,Psychic,HelpingHand,FollowMe|||F|||50|,,,,,Fairy]Armarouge||LifeOrb|FlashFire|ExpandingForce,HeatWave,Protect,TrickRoom|||M|||50|,,,,,Grass]Whimsicott||FocusSash|Prankster|Moonblast,Tailwind,SunnyDay,BeatUp|||F|||50|,,,,,Ghost]Annihilape||SitrusBerry|Defiant|DrainPunch,RageFist,Protect,BulkUp|||M|||50|,,,,,Fire]Ursaluna-Bloodmoon||SilkScarf|MindsEye|BloodMoon,HyperVoice,EarthPower,Protect|||M|||50|,,,,,Normal]Gholdengo||ChoiceSpecs|GoodasGold|MakeItRain,ShadowBall,PowerGem,Trick||||||50|,,,,,Steel
|showteam|p2|Arcanine-Hisui||ClearAmulet|Intimidate|RockSlide,FlareBlitz,ExtremeSpeed,Protect|||M|||50|,,,,,Water]Dragonite||LoadedDice|Multiscale|ScaleShot,StompingTantrum,Tailwind,Protect|||M|||50|,,,,,Ground]Sneasler||FocusSash|Unburden|CloseCombat,DireClaw,Coaching,Protect|||M|||50|,,,,,Stellar]Gholdengo||GrassySeed|GoodasGold|MakeItRain,ShadowBall,NastyPlot,Protect||||||50|,,,,,Water]Rillaboom||AssaultVest|GrassySurge|FakeOut,GrassyGlide,DrumBeating,HighHorsepower|||M|||50|,,,,,Fire]Clefable||SafetyGoggles|Unaware|FollowMe,Moonblast,ThunderWave,Protect|||M|||50|,,,,,Water
|inactive|Battle timer is ON: inactive players will automatically lose when time's up. (requested by mackerjuan)
|inactive|mackerjuan has 60 seconds left.
|inactive|Jakobtc has 60 seconds left.
|
|t:|1757920434
|teamsize|p1|4
|teamsize|p2|4
|start
|switch|p1a: Armarouge|Armarouge, L50, M|100/100
|switch|p1b: Whimsicott|Whimsicott, L50, F|100/100
|switch|p2a: Gholdengo|Gholdengo, L50|100/100
|switch|p2b: Sneasler|Sneasler, L50, M|100/100
|turn|1
|inactive|mackerjuan has 30 seconds left.
|inactive|mackerjuan has 20 seconds left.
|inactive|mackerjuan has 15 seconds left.
|
|t:|1757920478
|-terastallize|p2a: Gholdengo|Water
|move|p1b: Whimsicott|Tailwind|p1b: Whimsicott
|-sidestart|p1: mackerjuan|move: Tailwind
|move|p1a: Armarouge|Heat Wave|p2b: Sneasler|[spread] p2a,p2b
|-resisted|p2a: Gholdengo
|-damage|p2a: Gholdengo|76/100
|-damage|p2b: Sneasler|25/100
|-damage|p1a: Armarouge|91/100|[from] item: Life Orb
|move|p2b: Sneasler|Dire Claw|p1a: Armarouge
|-damage|p1a: Armarouge|51/100
|-status|p1a: Armarouge|psn
|move|p2a: Gholdengo|Nasty Plot|p2a: Gholdengo
|-boost|p2a: Gholdengo|spa|2
|
|-damage|p1a: Armarouge|38/100 psn|[from] psn
|upkeep
|turn|2
|inactive|Jakobtc has 30 seconds left.
|
|t:|1757920511
|switch|p1b: Indeedee|Indeedee-F, L50, F|100/100
|-fieldstart|move: Psychic Terrain|[from] ability: Psychic Surge|[of] p1b: Indeedee
|move|p2b: Sneasler|Protect|p2b: Sneasler
|-singleturn|p2b: Sneasler|Protect
|move|p1a: Armarouge|Expanding Force|p2b: Sneasler|[spread] p2a
|-activate|p2b: Sneasler|move: Protect
|-damage|p2a: Gholdengo|0 fnt
|faint|p2a: Gholdengo
|-damage|p1a: Armarouge|29/100 psn|[from] item: Life Orb
|
|-damage|p1a: Armarouge|17/100 psn|[from] psn
|upkeep
|
|t:|1757920523
|switch|p2a: Rillaboom|Rillaboom, L50, M|100/100
|-fieldstart|move: Grassy Terrain|[from] ability: Grassy Surge|[of] p2a: Rillaboom
|turn|3
|
|t:|1757920539
|switch|p1a: Whimsicott|Whimsicott, L50, F|100/100
|switch|p2b: Clefable|Clefable, L50, M|100/100
|move|p2a: Rillaboom|Fake Out|p1a: Whimsicott
|-damage|p1a: Whimsicott|80/100
|move|p1b: Indeedee|Psychic|p2b: Clefable
|-damage|p2b: Clefable|72/100
|
|-heal|p1a: Whimsicott|86/100|[from] Grassy Terrain
|-heal|p2b: Clefable|78/100|[from] Grassy Terrain
|upkeep
|turn|4
|inactive|mackerjuan has 30 seconds left.
|inactive|mackerjuan has 20 seconds left.
|inactive|mackerjuan has 15 seconds left.
|inactive|mackerjuan has 10 seconds left.
|inactive|mackerjuan has 5 seconds left.
|
|t:|1757920594
|move|p1a: Whimsicott|Moonblast|p2a: Rillaboom
|-damage|p2a: Rillaboom|74/100
|move|p2a: Rillaboom|Drum Beating|p1a: Whimsicott
|-resisted|p1a: Whimsicott
|-damage|p1a: Whimsicott|44/100
|-unboost|p1a: Whimsicott|spe|1
|move|p2b: Clefable|Moonblast|p1a: Whimsicott
|-damage|p1a: Whimsicott|0 fnt
|faint|p1a: Whimsicott
|move|p1b: Indeedee|Trick Room|p1b: Indeedee
|-fieldstart|move: Trick Room|[of] p1b: Indeedee
|
|-heal|p2b: Clefable|84/100|[from] Grassy Terrain
|-heal|p2a: Rillaboom|80/100|[from] Grassy Terrain
|-sideend|p1: mackerjuan|move: Tailwind
|upkeep
|inactive|mackerjuan has 30 seconds left.
|inactive|mackerjuan has 20 seconds left.
|inactive|mackerjuan has 15 seconds left.
|inactive|mackerjuan has 10 seconds left.
|inactive|mackerjuan has 5 seconds left.
|
|t:|1757920649
|switch|p1a: Armarouge|Armarouge, L50, M|17/100 psn
|turn|5
|inactive|mackerjuan has 30 seconds left.
|inactive|mackerjuan has 20 seconds left.
|inactive|mackerjuan has 15 seconds left.
|inactive|mackerjuan has 10 seconds left.
|inactive|mackerjuan has 5 seconds left.
|
|t:|1757920700
|switch|p2a: Sneasler|Sneasler, L50, M|25/100
|move|p1b: Indeedee|Follow Me|p1b: Indeedee
|-singleturn|p1b: Indeedee|move: Follow Me
|move|p2b: Clefable|Moonblast|p1b: Indeedee
|-damage|p1b: Indeedee|72/100
|move|p1a: Armarouge|Heat Wave|p2b: Clefable|[spread] p2a,p2b
|-damage|p2a: Sneasler|0 fnt
|-damage|p2b: Clefable|36/100
|faint|p2a: Sneasler
|-damage|p1a: Armarouge|7/100 psn|[from] item: Life Orb
|
|-heal|p2b: Clefable|42/100|[from] Grassy Terrain
|-heal|p1a: Armarouge|13/100 psn|[from] Grassy Terrain
|-heal|p1b: Indeedee|78/100|[from] Grassy Terrain
|-damage|p1a: Armarouge|1/100 psn|[from] psn
|upkeep
|
|t:|1757920714
|switch|p2a: Rillaboom|Rillaboom, L50, M|80/100
|turn|6
|
|t:|1757920730
|move|p2a: Rillaboom|Fake Out|p1b: Indeedee
|-damage|p1b: Indeedee|64/100
|move|p2b: Clefable|Moonblast|p1a: Armarouge
|-resisted|p1a: Armarouge
|-damage|p1a: Armarouge|0 fnt
|faint|p1a: Armarouge
|cant|p1b: Indeedee|flinch
|
|-heal|p2b: Clefable|48/100|[from] Grassy Terrain
|-heal|p1b: Indeedee|70/100|[from] Grassy Terrain
|-heal|p2a: Rillaboom|86/100|[from] Grassy Terrain
|upkeep
|inactive|mackerjuan has 30 seconds left.
|inactive|mackerjuan has 20 seconds left.
|inactive|mackerjuan has 15 seconds left.
|inactive|mackerjuan has 10 seconds left.
|inactive|mackerjuan has 5 seconds left.
|
|t:|1757920785
|switch|p1a: Gholdengo|Gholdengo, L50|100/100
|turn|7
|inactive|mackerjuan has 30 seconds left.
|inactive|mackerjuan has 20 seconds left.
|inactive|mackerjuan has 15 seconds left.
|inactive|mackerjuan has 10 seconds left.
|inactive|mackerjuan has 5 seconds left.
|
|t:|1757920840
|move|p2b: Clefable|Protect|p2b: Clefable
|-singleturn|p2b: Clefable|Protect
|move|p2a: Rillaboom|High Horsepower|p1a: Gholdengo
|-supereffective|p1a: Gholdengo
|-damage|p1a: Gholdengo|20/100
|move|p1a: Gholdengo|Make It Rain|p2b: Clefable|[spread] p2a
|-activate|p2b: Clefable|move: Protect
|-damage|p2a: Rillaboom|32/100
|-unboost|p1a: Gholdengo|spa|1
|move|p1b: Indeedee|Trick Room|p1b: Indeedee
|-fieldend|move: Trick Room
|
|-heal|p1a: Gholdengo|26/100|[from] Grassy Terrain
|-heal|p2a: Rillaboom|38/100|[from] Grassy Terrain
|-heal|p1b: Indeedee|76/100|[from] Grassy Terrain
|-heal|p2b: Clefable|54/100|[from] Grassy Terrain
|-fieldend|move: Grassy Terrain
|upkeep
|turn|8
|inactive|mackerjuan has 30 seconds left.
|inactive|mackerjuan has 20 seconds left.
|inactive|mackerjuan has 15 seconds left.
|inactive|mackerjuan has 10 seconds left.
|inactive|mackerjuan has 5 seconds left.
|
|t:|1757920895
|move|p1a: Gholdengo|Make It Rain|p2a: Rillaboom|[spread] p2a,p2b
|-supereffective|p2b: Clefable
|-damage|p2a: Rillaboom|4/100
|-damage|p2b: Clefable|0 fnt
|-unboost|p1a: Gholdengo|spa|1
|faint|p2b: Clefable
|move|p2a: Rillaboom|High Horsepower|p1a: Gholdengo|[miss]
|-miss|p2a: Rillaboom|p1a: Gholdengo
|move|p1b: Indeedee|Trick Room|p1b: Indeedee
|-fieldstart|move: Trick Room|[of] p1b: Indeedee
|
|upkeep
|turn|9
|inactive|mackerjuan has 25 seconds left this turn.
|inactive|mackerjuan has 20 seconds left.
|inactive|mackerjuan has 15 seconds left.
|
|t:|1757920909
|move|p1b: Indeedee|Psychic|p2a: Rillaboom
|-damage|p2a: Rillaboom|0 fnt
|faint|p2a: Rillaboom
|
|win|mackerjuan
