|j|☆ninha1600
|j|☆25th_mang
|html|ninha160025th_mang    
|uhtml|bestof|Game 3 of a best-of-3
|t:|1756198198
|gametype|doubles
|player|p1|ninha1600|lady|1029
|player|p2|25th_mang|ballguy|1044
|gen|9
|tier|[Gen 9] VGC 2025 Reg H (Bo3)
|rated|
|rule|Species Clause: Limit one of each Pokémon
|rule|Item Clause: Limit 1 of each item
|clearpoke
|poke|p1|Maushold, L50|
|poke|p1|Annihilape, L50, M|
|poke|p1|Gholdengo, L50|
|poke|p1|Rillaboom, L50, M|
|poke|p1|Murkrow, L50, F|
|poke|p1|Baxcalibur, L50, M|
|poke|p2|Pelipper, L50, F|
|poke|p2|Archaludon, L50, F|
|poke|p2|Quaquaval, L50, F|
|poke|p2|Kingambit, L50, F|
|poke|p2|Rillaboom, L50, F|
|poke|p2|Dragapult, L50, F|
|teampreview|4
|showteam|p1|Maushold||WideLens|FriendGuard|Protect,FollowMe,PopulationBomb,BeatUp||||||50|,,,,,Ghost]Annihilape||Leftovers|Defiant|RageFist,DrainPunch,Protect,Coaching|||M|||50|,,,,,Electric]Gholdengo||ChoiceSpecs|GoodasGold|MakeItRain,PowerGem,ShadowBall,Thunderbolt||||||50|,,,,,Water]Rillaboom||AssaultVest|GrassySurge|FakeOut,WoodHammer,HighHorsepower,GrassyGlide|||M|||50|,,,,,Fire]Murkrow||Eviolite|Prankster|FoulPlay,SunnyDay,Haze,Tailwind|||F|||50|,,,,,Ghost]Baxcalibur||LoadedDice|ThermalExchange|ScaleShot,IcicleSpear,Protect,IceShard|||M|||50|,,,,,Ghost
|showteam|p2|Pelipper||ChoiceScarf|Drizzle|Hurricane,WeatherBall,Tailwind,Uturn|||F|||50|,,,,,Ghost]Archaludon||ChoiceSpecs|Sturdy|ElectroShot,FlashCannon,DracoMeteor,DragonPulse|||F|||50|,,,,,Electric]Quaquaval||FocusSash|Moxie|AquaStep,UpperHand,CloseCombat,Protect|||F|||50|,,,,,Water]Kingambit||BlackGlasses|Defiant|KowtowCleave,SuckerPunch,IronHead,Protect|||F|||50|,,,,,Dark]Rillaboom||AssaultVest|GrassySurge|FakeOut,WoodHammer,GrassyGlide,Uturn|||F|||50|,,,,,Fire]Dragapult||ChoiceBand|ClearBody|DragonDarts,Outrage,PhantomForce,Uturn|||F|||50|,,,,,Dragon
|inactive|Battle timer is ON: inactive players will automatically lose when time's up. (requested by 25th_mang)
|inactive|ninha1600 has 60 seconds left.
|
|t:|1756198252
|teamsize|p1|4
|teamsize|p2|4
|start
|switch|p1a: Maushold|Maushold, L50|100/100
|switch|p1b: Murkrow|Murkrow, L50, F|100/100
|switch|p2a: jihyo|Rillaboom, L50, F, shiny|100/100
|switch|p2b: tzuyu|Archaludon, L50, F, shiny|100/100
|-fieldstart|move: Grassy Terrain|[from] ability: Grassy Surge|[of] p2a: jihyo
|turn|1
|inactive|25th_mang has 30 seconds left.
|inactive|25th_mang has 20 seconds left.
|inactive|25th_mang has 15 seconds left.
|
|t:|1756198292
|switch|p1b: Annihilape|Annihilape, L50, M, shiny|100/100
|-terastallize|p1a: Maushold|Ghost
|move|p1a: Maushold|Population Bomb|p2b: tzuyu
|-resisted|p2b: tzuyu
|-damage|p2b: tzuyu|97/100
|-resisted|p2b: tzuyu
|-damage|p2b: tzuyu|93/100
|-resisted|p2b: tzuyu
|-damage|p2b: tzuyu|90/100
|-resisted|p2b: tzuyu
|-crit|p2b: tzuyu
|-damage|p2b: tzuyu|84/100
|-resisted|p2b: tzuyu
|-damage|p2b: tzuyu|81/100
|-resisted|p2b: tzuyu
|-damage|p2b: tzuyu|77/100
|-resisted|p2b: tzuyu
|-damage|p2b: tzuyu|74/100
|-resisted|p2b: tzuyu
|-damage|p2b: tzuyu|70/100
|-resisted|p2b: tzuyu
|-damage|p2b: tzuyu|67/100
|-resisted|p2b: tzuyu
|-damage|p2b: tzuyu|64/100
|-hitcount|p2b: tzuyu|10
|move|p2b: tzuyu|Electro Shot||[still]
|-prepare|p2b: tzuyu|Electro Shot
|-boost|p2b: tzuyu|spa|1
|move|p2a: jihyo|U-turn|p1a: Maushold
|-resisted|p1a: Maushold
|-damage|p1a: Maushold|85/100
|
|t:|1756198302
|switch|p2a: dahyun|Pelipper, L50, F|100/100|[from] U-turn
|-weather|RainDance|[from] ability: Drizzle|[of] p2a: dahyun
|
|-weather|RainDance|[upkeep]
|-heal|p1a: Maushold|91/100|[from] Grassy Terrain
|-heal|p2b: tzuyu|70/100|[from] Grassy Terrain
|upkeep
|turn|2
|inactive|ninha1600 has 30 seconds left.
|inactive|ninha1600 has 20 seconds left.
|inactive|ninha1600 has 15 seconds left.
|
|t:|1756198343
|move|p1a: Maushold|Follow Me|p1a: Maushold
|-singleturn|p1a: Maushold|move: Follow Me
|move|p2a: dahyun|Tailwind|p2a: dahyun
|-sidestart|p2: 25th_mang|move: Tailwind
|move|p2b: tzuyu|Electro Shot|p1a: Maushold|[from] lockedmove
|-damage|p1a: Maushold|0 fnt
|faint|p1a: Maushold
|move|p1b: Annihilape|Drain Punch|p2b: tzuyu
|-supereffective|p2b: tzuyu
|-damage|p2b: tzuyu|5/100
|
|-weather|RainDance|[upkeep]
|-heal|p2b: tzuyu|11/100|[from] Grassy Terrain
|upkeep
|
|t:|1756198356
|switch|p1a: Murkrow|Murkrow, L50, F|100/100
|turn|3
|
|t:|1756198379
|switch|p2a: jihyo|Rillaboom, L50, F, shiny|100/100
|move|p1a: Murkrow|Sunny Day|p1a: Murkrow
|-weather|SunnyDay
|move|p2b: tzuyu|Electro Shot||[still]
|-prepare|p2b: tzuyu|Electro Shot
|-boost|p2b: tzuyu|spa|1
|move|p1b: Annihilape|Drain Punch|p2b: tzuyu
|-supereffective|p2b: tzuyu
|-damage|p2b: tzuyu|0 fnt
|faint|p2b: tzuyu
|
|-weather|SunnyDay|[upkeep]
|upkeep
|
|t:|1756198390
|switch|p2b: dahyun|Pelipper, L50, F|100/100
|-weather|RainDance|[from] ability: Drizzle|[of] p2b: dahyun
|turn|4
|
|t:|1756198405
|move|p1b: Annihilape|Protect|p1b: Annihilape
|-singleturn|p1b: Annihilape|Protect
|move|p2a: jihyo|Fake Out|p1a: Murkrow
|-damage|p1a: Murkrow|82/100
|cant|p1a: Murkrow|flinch
|move|p2b: dahyun|Weather Ball|p1a: Murkrow
|-damage|p1a: Murkrow|0 fnt
|faint|p1a: Murkrow
|
|-weather|RainDance|[upkeep]
|upkeep
|
|t:|1756198416
|switch|p1a: Baxcalibur|Baxcalibur, L50, M|100/100
|turn|5
|inactive|25th_mang has 30 seconds left.
|inactive|25th_mang has 20 seconds left.
|
|t:|1756198456
|move|p1a: Baxcalibur|Protect|p1a: Baxcalibur
|-singleturn|p1a: Baxcalibur|Protect
|move|p2b: dahyun|Weather Ball|p1a: Baxcalibur
|-activate|p1a: Baxcalibur|move: Protect
|move|p2a: jihyo|U-turn|p1a: Baxcalibur
|-activate|p1a: Baxcalibur|move: Protect
|move|p1b: Annihilape|Coaching|p1a: Baxcalibur
|-boost|p1a: Baxcalibur|atk|1
|-boost|p1a: Baxcalibur|def|1
|
|-weather|RainDance|[upkeep]
|-sideend|p2: 25th_mang|move: Tailwind
|-fieldend|move: Grassy Terrain
|upkeep
|turn|6
|inactive|ninha1600 has 30 seconds left.
|
|t:|1756198482
|-terastallize|p2a: jihyo|Fire
|move|p2b: dahyun|Weather Ball|p1a: Baxcalibur
|-resisted|p1a: Baxcalibur
|-damage|p1a: Baxcalibur|68/100
|move|p1b: Annihilape|Coaching|p1a: Baxcalibur
|-boost|p1a: Baxcalibur|atk|1
|-boost|p1a: Baxcalibur|def|1
|move|p1a: Baxcalibur|Scale Shot|p2b: dahyun
|-damage|p2b: dahyun|65/100
|-damage|p2b: dahyun|28/100
|-damage|p2b: dahyun|0 fnt
|faint|p2b: dahyun
|-hitcount|p2: dahyun|3
|-unboost|p1a: Baxcalibur|def|1
|-boost|p1a: Baxcalibur|spe|1
|move|p2a: jihyo|U-turn|p1a: Baxcalibur
|-damage|p1a: Baxcalibur|52/100
|
|t:|1756198494
|switch|p2a: jeongsachaeng|Dragapult, L50, F, shiny|100/100|[from] U-turn
|
|-weather|RainDance|[upkeep]
|upkeep
|
|t:|1756198497
|switch|p2b: jihyo|Rillaboom, L50, F, shiny, tera:Fire|100/100
|-fieldstart|move: Grassy Terrain|[from] ability: Grassy Surge|[of] p2b: jihyo
|turn|7
|inactive|25th_mang has 30 seconds left.
|
|t:|1756198530
|move|p1a: Baxcalibur|Protect|p1a: Baxcalibur
|-singleturn|p1a: Baxcalibur|Protect
|move|p1b: Annihilape|Protect|p1b: Annihilape
|-singleturn|p1b: Annihilape|Protect
|move|p2b: jihyo|Grassy Glide|p1b: Annihilape
|-activate|p1b: Annihilape|move: Protect
|move|p2a: jeongsachaeng|Phantom Force||[still]
|-prepare|p2a: jeongsachaeng|Phantom Force
|
|-weather|RainDance|[upkeep]
|-heal|p1a: Baxcalibur|58/100|[from] Grassy Terrain
|upkeep
|turn|8
|
|t:|1756198547
|move|p2b: jihyo|Grassy Glide|p1b: Annihilape
|-damage|p1b: Annihilape|56/100
|move|p1a: Baxcalibur|Scale Shot|p2b: jihyo
|-damage|p2b: jihyo|72/100
|-damage|p2b: jihyo|43/100
|-damage|p2b: jihyo|17/100
|-damage|p2b: jihyo|0 fnt
|faint|p2b: jihyo
|-hitcount|p2: jihyo|4
|-unboost|p1a: Baxcalibur|def|1
|-boost|p1a: Baxcalibur|spe|1
|move|p2a: jeongsachaeng|Phantom Force|p1a: Baxcalibur|[from] lockedmove
|-damage|p1a: Baxcalibur|0 fnt
|faint|p1a: Baxcalibur
|move|p1b: Annihilape|Rage Fist|p2a: jeongsachaeng
|-supereffective|p2a: jeongsachaeng
|-damage|p2a: jeongsachaeng|0 fnt
|faint|p2a: jeongsachaeng
|
|win|ninha1600
|raw|ninha1600's rating: 1029 → 1066(+37 for winning)
|raw|25th_mang's rating: 1044 → 1027(-17 for losing)
|c|☆25th_mang|Gg
|l|☆25th_mang
|player|p2|
|c|☆ninha1600|gg
