|j|☆clare_chan1738
|j|☆Youax55
|html|clare_chan1738Youax55    
|uhtml|bestof|Game 1 of a best-of-3
|t:|1782964542
|gametype|doubles
|player|p1|clare_chan1738|dawn-gen4pt|
|player|p2|Youax55|nate|
|gen|9
|tier|[Gen 9 Champions] VGC 2026 Reg M-B (Bo3)
|rule|Species Clause: Limit one of each Pokémon
|rule|Item Clause: Limit 1 of each item
|clearpoke
|poke|p1|Aerodactyl, L50, M|
|poke|p1|Decidueye-Hisui, L50, M|
|poke|p1|Sneasler, L50, M, shiny|
|poke|p1|Volcarona, L50, M|
|poke|p1|Hatterene, L50, F|
|poke|p1|Banette, L50, F, shiny|
|poke|p2|Arcanine-Hisui, L50, M|
|poke|p2|Pidgeot, L50, M|
|poke|p2|Weavile, L50, M|
|poke|p2|Ariados, L50, F|
|poke|p2|Hawlucha, L50, F|
|poke|p2|Vanilluxe, L50, F|
|teampreview|4
|showteam|p1|Aerodactyl||Aerodactylite|Unnerve|DualWingbeat,RockSlide,Tailwind,Protect|Jolly||M|||50|]Decidueye-Hisui||ScopeLens|Scrappy|TripleArrows,LeafBlade,SuckerPunch,Protect|Jolly||M|||50|]Sneasler||WhiteHerb|Unburden|FakeOut,DireClaw,CloseCombat,Protect|Adamant||M|||50|]Volcarona||FocusSash|FlameBody|QuiverDance,FieryDance,BugBuzz,Protect|Timid||M|||50|]Hatterene||QuickClaw|MagicBounce|Psychic,DazzlingGleam,ShadowBall,Protect|Modest||F|||50|]Banette||Banettite|CursedBody|DestinyBond,Encore,Disable,Poltergeist|Adamant||F|||50|
|showteam|p2|Arcanine-Hisui||WhiteHerb|Intimidate|RockSlide,ExtremeSpeed,FlareBlitz,Protect|Adamant||M|||50|]Pidgeot||Pidgeotite|BigPecks|Hurricane,HeatWave,Tailwind,Protect|Modest||M|||50|]Weavile||FocusSash|Pressure|FakeOut,KnockOff,IcicleCrash,Protect|Jolly||M|||50|]Ariados||ChartiBerry|Insomnia|RagePowder,ToxicThread,SuckerPunch,Protect|Impish||F|||50|]Hawlucha||Hawluchanite|Limber|Entrainment,Protect,DrainPunch,DualWingbeat|Jolly||F|||50|]Vanilluxe||ChoiceScarf|SnowWarning|FlashCannon,Blizzard,IcyWind,SheerCold|Bold||F|||50|
|j| budster16
|j| ChocoHammy
|
|t:|1782964607
|teamsize|p1|4
|teamsize|p2|4
|start
|switch|p1a: Sneasler|Sneasler, L50, M, shiny|100/100
|switch|p1b: Volcarona|Volcarona, L50, M|100/100
|switch|p2a: Weavile|Weavile, L50, M|100/100
|switch|p2b: Arcanine|Arcanine-Hisui, L50, M|100/100
|-ability|p2a: Weavile|Pressure
|-ability|p2b: Arcanine|Intimidate|boost
|-unboost|p1a: Sneasler|atk|1
|-unboost|p1b: Volcarona|atk|1
|-enditem|p1a: Sneasler|White Herb
|-clearnegativeboost|p1a: Sneasler|[silent]
|turn|1
|
|t:|1782964642
|move|p2a: Weavile|Protect|p2a: Weavile
|-singleturn|p2a: Weavile|Protect
|move|p1a: Sneasler|Fake Out|p2b: Arcanine
|-resisted|p2b: Arcanine|1
|-damage|p2b: Arcanine|90/100
|move|p1b: Volcarona|Quiver Dance|p1b: Volcarona
|-boost|p1b: Volcarona|spa|1
|-boost|p1b: Volcarona|spd|1
|-boost|p1b: Volcarona|spe|1
|cant|p2b: Arcanine|flinch
|
|upkeep
|turn|2
|
|t:|1782964680
|move|p2b: Arcanine|Protect|p2b: Arcanine
|-singleturn|p2b: Arcanine|Protect
|move|p1a: Sneasler|Close Combat|p2a: Weavile
|-supereffective|p2a: Weavile|2
|-enditem|p2a: Weavile|Focus Sash
|-damage|p2a: Weavile|1/100
|-unboost|p1a: Sneasler|def|1
|-unboost|p1a: Sneasler|spd|1
|move|p1b: Volcarona|Bug Buzz|p2a: Weavile
|-supereffective|p2a: Weavile|1
|-damage|p2a: Weavile|0 fnt
|faint|p2a: Weavile
|
|upkeep
|
|t:|1782964690
|switch|p2a: Ariados|Ariados, L50, F|100/100
|turn|3
|
|t:|1782964702
|move|p2a: Ariados|Protect|p2a: Ariados
|-singleturn|p2a: Ariados|Protect
|move|p1a: Sneasler|Close Combat|p2b: Arcanine
|-supereffective|p2b: Arcanine|1
|-damage|p2b: Arcanine|0 fnt
|-unboost|p1a: Sneasler|def|1
|-unboost|p1a: Sneasler|spd|1
|faint|p2b: Arcanine
|move|p1b: Volcarona|Fiery Dance|p2a: Ariados
|-activate|p2a: Ariados|move: Protect
|
|upkeep
|
|t:|1782964707
|switch|p2b: Pidgeot|Pidgeot, L50, M|100/100
|turn|4
|
|t:|1782964728
|detailschange|p2b: Pidgeot|Pidgeot-Mega, L50, M
|-mega|p2b: Pidgeot|Pidgeot|Pidgeotite
|move|p2a: Ariados|Rage Powder|p2a: Ariados
|-singleturn|p2a: Ariados|move: Rage Powder
|move|p1a: Sneasler|Dire Claw|p2a: Ariados
|-resisted|p2a: Ariados|1
|-damage|p2a: Ariados|77/100
|-status|p2a: Ariados|par
|move|p1b: Volcarona|Fiery Dance|p2a: Ariados
|-supereffective|p2a: Ariados|1
|-damage|p2a: Ariados|0 fnt
|-boost|p1b: Volcarona|spa|1
|faint|p2a: Ariados
|move|p2b: Pidgeot|Hurricane|p1b: Volcarona
|-supereffective|p1b: Volcarona|1
|-damage|p1b: Volcarona|7/100
|
|upkeep
|turn|5
|
|t:|1782964751
|move|p1a: Sneasler|Dire Claw|p2b: Pidgeot
|-damage|p2b: Pidgeot|36/100
|move|p1b: Volcarona|Fiery Dance|p2b: Pidgeot
|-damage|p2b: Pidgeot|0 fnt
|faint|p2b: Pidgeot
|
|win|clare_chan1738
||clare_chan1738 is ready for game 2.
||Youax55 is ready for game 2.
|uhtml|next|Next: Game 2 of 3
