|j|☆ryanpowneyissoslay
|j|☆cynthia's grippers
|html|ryanpowneyissoslaycynthia's grippers    
|uhtml|bestof|Game 3 of a best-of-3
|t:|1756151640
|gametype|doubles
|player|p1|ryanpowneyissoslay|ghetsis|
|player|p2|cynthia's grippers|cynthia-gen4|
|gen|9
|tier|[Gen 9] VGC 2025 Reg H (Bo3)
|rule|Species Clause: Limit one of each Pokémon
|rule|Item Clause: Limit 1 of each item
|clearpoke
|poke|p1|Annihilape, L50, F|
|poke|p1|Maushold, L50|
|poke|p1|Pelipper, L50, M|
|poke|p1|Archaludon, L50, M|
|poke|p1|Basculegion, L50, M|
|poke|p1|Amoonguss, L50, F|
|poke|p2|Gholdengo, L50|
|poke|p2|Sneasler, L50, F|
|poke|p2|Incineroar, L50, M|
|poke|p2|Amoonguss, L50, M|
|poke|p2|Dragonite, L50, F|
|poke|p2|Ursaluna-Bloodmoon, L50, M|
|teampreview|4
|showteam|p1|Annihilape||SpellTag|Defiant|DrainPunch,RageFist,BulkUp,Protect|||F|||50|,,,,,Water]Maushold||SafetyGoggles|FriendGuard|BeatUp,FollowMe,Taunt,Protect||||||50|,,,,,Ghost]Pelipper||FocusSash|Drizzle|MuddyWater,Hurricane,Tailwind,Protect|||M|||50|,,,,,Stellar]Archaludon||AssaultVest|Stamina|ElectroShot,BodyPress,Snarl,DragonPulse|||M|||50|,,,,,Bug]Basculegion||ChoiceBand|SwiftSwim|WaveCrash,LastRespects,FlipTurn,AquaJet|||M|||50|,,,,,Water]Amoonguss||SitrusBerry|Regenerator|Spore,RagePowder,PollenPuff,Protect|||F|||50|,,,,,Water
|showteam|p2|Gholdengo||LifeOrb|GoodasGold|MakeItRain,ShadowBall,NastyPlot,Protect||||||50|,,,,,Water]Sneasler||FocusSash|Unburden|FakeOut,CloseCombat,DireClaw,Protect|||F|||50|,,,,,Stellar]Incineroar||SafetyGoggles|Intimidate|FakeOut,FlareBlitz,KnockOff,PartingShot|||M|||50|,,,,,Ghost]Amoonguss||SitrusBerry|Regenerator|Spore,RagePowder,PollenPuff,Protect|||M|||50|,,,,,Water]Dragonite||LoadedDice|Multiscale|ScaleShot,Haze,Tailwind,ExtremeSpeed|||F|||50|,,,,,Fairy]Ursaluna-Bloodmoon||AssaultVest|MindsEye|HyperVoice,BloodMoon,EarthPower,VacuumWave|||M|||50|,,,,,Normal
|inactive|Battle timer is ON: inactive players will automatically lose when time's up. (requested by ryanpowneyissoslay)
|
|t:|1756151664
|teamsize|p1|4
|teamsize|p2|4
|start
|switch|p1a: Annihilape|Annihilape, L50, F|100/100
|switch|p1b: Maushold|Maushold, L50|100/100
|switch|p2a: Gholdengo|Gholdengo, L50|100/100
|switch|p2b: Amoonguss|Amoonguss, L50, M|100/100
|turn|1
|
|t:|1756151674
|-terastallize|p1a: Annihilape|Water
|move|p2b: Amoonguss|Protect|p2b: Amoonguss
|-singleturn|p2b: Amoonguss|Protect
|move|p1b: Maushold|Beat Up|p1a: Annihilape
|-damage|p1a: Annihilape|99/100
|-damage|p1a: Annihilape|97/100
|-damage|p1a: Annihilape|95/100
|-damage|p1a: Annihilape|93/100
|-hitcount|p1a: Annihilape|4
|move|p1a: Annihilape|Rage Fist|p2b: Amoonguss
|-activate|p2b: Amoonguss|move: Protect
|move|p2a: Gholdengo|Nasty Plot|p2a: Gholdengo
|-boost|p2a: Gholdengo|spa|2
|
|upkeep
|turn|2
|
|t:|1756151690
|move|p1a: Annihilape|Protect|p1a: Annihilape
|-singleturn|p1a: Annihilape|Protect
|move|p2b: Amoonguss|Rage Powder|p2b: Amoonguss
|-singleturn|p2b: Amoonguss|move: Rage Powder
|move|p1b: Maushold|Taunt|p2b: Amoonguss
|-start|p2b: Amoonguss|move: Taunt
|move|p2a: Gholdengo|Make It Rain|p1b: Maushold|[spread] p1b
|-activate|p1a: Annihilape|move: Protect
|-crit|p1b: Maushold
|-damage|p1b: Maushold|0 fnt
|-unboost|p2a: Gholdengo|spa|1
|faint|p1b: Maushold
|-damage|p2a: Gholdengo|91/100|[from] item: Life Orb
|
|upkeep
|
|t:|1756151694
|switch|p1b: Pelipper|Pelipper, L50, M|100/100
|-weather|RainDance|[from] ability: Drizzle|[of] p1b: Pelipper
|turn|3
|
|t:|1756151709
|switch|p2b: Sneasler|Sneasler, L50, F|100/100
|move|p2a: Gholdengo|Protect|p2a: Gholdengo
|-singleturn|p2a: Gholdengo|Protect
|move|p1a: Annihilape|Rage Fist|p2a: Gholdengo
|-activate|p2a: Gholdengo|move: Protect
|move|p1b: Pelipper|Tailwind|p1b: Pelipper
|-sidestart|p1: ryanpowneyissoslay|move: Tailwind
|
|-weather|RainDance|[upkeep]
|upkeep
|turn|4
|
|t:|1756151728
|-terastallize|p2a: Gholdengo|Water
|move|p2b: Sneasler|Fake Out|p1a: Annihilape
|-damage|p1a: Annihilape|78/100
|cant|p1a: Annihilape|flinch
|move|p1b: Pelipper|Muddy Water|p2b: Sneasler|[spread] p2a
|-miss|p1b: Pelipper|p2b: Sneasler
|-resisted|p2a: Gholdengo
|-damage|p2a: Gholdengo|65/100
|move|p2a: Gholdengo|Nasty Plot|p2a: Gholdengo
|-boost|p2a: Gholdengo|spa|2
|
|-weather|RainDance|[upkeep]
|upkeep
|turn|5
|
|t:|1756151744
|move|p2a: Gholdengo|Protect|p2a: Gholdengo
|-singleturn|p2a: Gholdengo|Protect
|move|p1a: Annihilape|Rage Fist|p2a: Gholdengo
|-activate|p2a: Gholdengo|move: Protect
|move|p1b: Pelipper|Hurricane|p2b: Sneasler
|-supereffective|p2b: Sneasler
|-enditem|p2b: Sneasler|Focus Sash
|-damage|p2b: Sneasler|1/100
|move|p2b: Sneasler|Dire Claw|p1b: Pelipper
|-damage|p1b: Pelipper|42/100
|
|-weather|RainDance|[upkeep]
|upkeep
|turn|6
|inactive|cynthia's grippers has 30 seconds left.
|
|t:|1756151777
|switch|p2a: Amoonguss|Amoonguss, L50, M|100/100
|move|p2b: Sneasler|Dire Claw|p1a: Annihilape
|-damage|p1a: Annihilape|35/100
|move|p1a: Annihilape|Rage Fist|p2a: Amoonguss
|-damage|p2a: Amoonguss|0 fnt
|faint|p2a: Amoonguss
|move|p1b: Pelipper|Muddy Water|p2b: Sneasler
|-damage|p2b: Sneasler|0 fnt
|faint|p2b: Sneasler
|
|-weather|RainDance|[upkeep]
|-sideend|p1: ryanpowneyissoslay|move: Tailwind
|upkeep
|
|t:|1756151786
|switch|p2b: Dragonite|Dragonite, L50, F|100/100
|switch|p2a: Gholdengo|Gholdengo, L50, tera:Water|65/100
|turn|7
|
|t:|1756151794
|move|p1a: Annihilape|Rage Fist|p2b: Dragonite
|-damage|p2b: Dragonite|8/100
|move|p2a: Gholdengo|Shadow Ball|p1b: Pelipper
|-damage|p1b: Pelipper|0 fnt
|faint|p1b: Pelipper
|-damage|p2a: Gholdengo|55/100|[from] item: Life Orb
|move|p2b: Dragonite|Scale Shot|p1a: Annihilape
|-damage|p1a: Annihilape|18/100
|-damage|p1a: Annihilape|3/100
|-damage|p1a: Annihilape|0 fnt
|faint|p1a: Annihilape
|-hitcount|p1: Annihilape|3
|-unboost|p2b: Dragonite|def|1
|-boost|p2b: Dragonite|spe|1
|
|-weather|none
|upkeep
|
|t:|1756151804
|switch|p1a: Basculegion|Basculegion, L50, M|100/100
|turn|8
|
|t:|1756151811
|move|p2b: Dragonite|Tailwind|p2b: Dragonite
|-sidestart|p2: cynthia's grippers|move: Tailwind
|move|p2a: Gholdengo|Shadow Ball|p1a: Basculegion
|-supereffective|p1a: Basculegion
|-crit|p1a: Basculegion
|-damage|p1a: Basculegion|0 fnt
|faint|p1a: Basculegion
|-damage|p2a: Gholdengo|45/100|[from] item: Life Orb
|
|win|cynthia's grippers
|l|☆ryanpowneyissoslay
|player|p1|
