|j|☆predahound
|j|☆randomguy1114s
|html|predahoundrandomguy1114s    
|uhtml|bestof|Game 3 of a best-of-3
|t:|1756357455
|gametype|doubles
|player|p1|predahound|volkner|1152
|player|p2|randomguy1114s|lillie-masters|1226
|gen|9
|tier|[Gen 9] VGC 2025 Reg H (Bo3)
|rated|
|rule|Species Clause: Limit one of each Pokémon
|rule|Item Clause: Limit 1 of each item
|clearpoke
|poke|p1|Ursaluna-Bloodmoon, L50, M|
|poke|p1|Rillaboom, L50, M|
|poke|p1|Incineroar, L50, F|
|poke|p1|Electabuzz, L50, M|
|poke|p1|Annihilape, L50, M|
|poke|p1|Pelipper, L50, M|
|poke|p2|Arcanine-Hisui, L50, M|
|poke|p2|Dragonite, L50, F|
|poke|p2|Indeedee, L50, M|
|poke|p2|Sneasler, L50, M|
|poke|p2|Amoonguss, L50, F|
|poke|p2|Ninetales-Alola, L50, M|
|teampreview|4
|showteam|p1|Ursaluna-Bloodmoon||Leftovers|MindsEye|HyperVoice,EarthPower,CalmMind,Protect|||M|||50|,,,,,Fairy]Rillaboom||AssaultVest|GrassySurge|FakeOut,GrassyGlide,KnockOff,Uturn|||M|||50|,,,,,Fire]Incineroar||FigyBerry|Intimidate|FakeOut,KnockOff,PartingShot,WillOWisp|||F|||50|,,,,,Dragon]Electabuzz||Eviolite|VitalSpirit|Electroweb,FollowMe,EerieImpulse,Protect|||M|||50|,,,,,Ghost]Annihilape||SafetyGoggles|Defiant|DrainPunch,RageFist,BulkUp,Protect|||M|||50|,,,,,Poison]Pelipper||FocusSash|Drizzle|MuddyWater,Hurricane,Tailwind,Protect|||M|||50|,,,,,Ground
|showteam|p2|Arcanine-Hisui||ClearAmulet|Intimidate|RockSlide,FlareBlitz,ExtremeSpeed,Protect|||M|||50|,,,,,Water]Dragonite||LoadedDice|Multiscale|ScaleShot,StompingTantrum,Tailwind,Protect|||F|||50|,,,,,Ground]Indeedee||FocusSash|PsychicSurge|ExpandingForce,TrickRoom,Imprison,HelpingHand|||M|||50|,,,,,Psychic]Sneasler||PsychicSeed|Unburden|CloseCombat,DireClaw,ThroatChop,Protect|||M|||50|,,,,,Dark]Amoonguss||RockyHelmet|Regenerator|RagePowder,PollenPuff,Spore,Protect|||F|||50|,,,,,Water]Ninetales-Alola||ChoiceSpecs|SnowWarning|Blizzard,IcyWind,Moonblast,FreezeDry|||M|||50|,,,,,Ice
|inactive|Battle timer is ON: inactive players will automatically lose when time's up. (requested by predahound)
|
|t:|1756357504
|teamsize|p1|4
|teamsize|p2|4
|start
|switch|p1a: Ursaluna|Ursaluna-Bloodmoon, L50, M|100/100
|switch|p1b: Incineroar|Incineroar, L50, F|100/100
|switch|p2a: Arcanine|Arcanine-Hisui, L50, M, shiny|100/100
|switch|p2b: chillingly cruel|Ninetales-Alola, L50, M|100/100
|-weather|Snowscape|[from] ability: Snow Warning|[of] p2b: chillingly cruel
|-ability|p2a: Arcanine|Intimidate|boost
|-unboost|p1a: Ursaluna|atk|1
|-unboost|p1b: Incineroar|atk|1
|-ability|p1b: Incineroar|Intimidate|boost
|-fail|p2a: Arcanine|unboost|[from] item: Clear Amulet|[of] p2a: Arcanine
|-unboost|p2b: chillingly cruel|atk|1
|turn|1
|inactive|predahound has 30 seconds left.
|inactive|predahound has 20 seconds left.
|
|t:|1756357543
|switch|p2b: Indeedee|Indeedee, L50, M, shiny|100/100
|-fieldstart|move: Psychic Terrain|[from] ability: Psychic Surge|[of] p2b: Indeedee
|switch|p1b: Pelipper|Pelipper, L50, M|100/100
|-weather|RainDance|[from] ability: Drizzle|[of] p1b: Pelipper
|-terastallize|p1a: Ursaluna|Fairy
|move|p2a: Arcanine|Flare Blitz|p1a: Ursaluna
|-damage|p1a: Ursaluna|82/100
|-damage|p2a: Arcanine|93/100|[from] Recoil
|move|p1a: Ursaluna|Earth Power|p2a: Arcanine
|-supereffective|p2a: Arcanine
|-damage|p2a: Arcanine|0 fnt
|faint|p2a: Arcanine
|
|-weather|RainDance|[upkeep]
|-heal|p1a: Ursaluna|88/100|[from] item: Leftovers
|upkeep
|
|t:|1756357552
|switch|p2a: chillingly cruel|Ninetales-Alola, L50, M|100/100
|-weather|Snowscape|[from] ability: Snow Warning|[of] p2a: chillingly cruel
|turn|2
|
|t:|1756357574
|switch|p1b: Incineroar|Incineroar, L50, F|100/100
|-ability|p1b: Incineroar|Intimidate|boost
|-unboost|p2a: chillingly cruel|atk|1
|-unboost|p2b: Indeedee|atk|1
|-terastallize|p2a: chillingly cruel|Ice
|move|p1a: Ursaluna|Protect|p1a: Ursaluna
|-singleturn|p1a: Ursaluna|Protect
|move|p2a: chillingly cruel|Blizzard|p1b: Incineroar|[spread] p1b
|-activate|p1a: Ursaluna|move: Protect
|-resisted|p1b: Incineroar
|-crit|p1b: Incineroar
|-damage|p1b: Incineroar|62/100
|move|p2b: Indeedee|Expanding Force|p1b: Incineroar|[spread] 
|-activate|p1a: Ursaluna|move: Protect
|-immune|p1b: Incineroar
|
|-weather|Snowscape|[upkeep]
|-heal|p1a: Ursaluna|94/100|[from] item: Leftovers
|upkeep
|turn|3
|
|t:|1756357596
|switch|p1a: Rillaboom|Rillaboom, L50, M|100/100
|-fieldstart|move: Grassy Terrain|[from] ability: Grassy Surge|[of] p1a: Rillaboom
|move|p1b: Incineroar|Fake Out|p2a: chillingly cruel
|-damage|p2a: chillingly cruel|89/100
|cant|p2a: chillingly cruel|flinch
|move|p2b: Indeedee|Expanding Force|p1a: Rillaboom
|-damage|p1a: Rillaboom|74/100
|
|-weather|Snowscape|[upkeep]
|-heal|p2a: chillingly cruel|95/100|[from] Grassy Terrain
|-heal|p1a: Rillaboom|80/100|[from] Grassy Terrain
|-heal|p1b: Incineroar|68/100|[from] Grassy Terrain
|upkeep
|turn|4
|
|t:|1756357617
|switch|p2b: menacetosociety|Sneasler, L50, M, shiny|100/100
|move|p2a: chillingly cruel|Blizzard|p1a: Rillaboom|[spread] p1a,p1b
|-supereffective|p1a: Rillaboom
|-resisted|p1b: Incineroar
|-damage|p1a: Rillaboom|0 fnt
|-damage|p1b: Incineroar|42/100
|faint|p1a: Rillaboom
|move|p1b: Incineroar|Knock Off|p2a: chillingly cruel
|-damage|p2a: chillingly cruel|59/100
|-enditem|p2a: chillingly cruel|Choice Specs|[from] move: Knock Off|[of] p1b: Incineroar
|
|-weather|Snowscape|[upkeep]
|-heal|p2a: chillingly cruel|65/100|[from] Grassy Terrain
|-heal|p1b: Incineroar|48/100|[from] Grassy Terrain
|upkeep
|
|t:|1756357630
|switch|p1a: Ursaluna|Ursaluna-Bloodmoon, L50, M, tera:Fairy|94/100
|turn|5
|
|t:|1756357645
|switch|p1b: Pelipper|Pelipper, L50, M|100/100
|-weather|RainDance|[from] ability: Drizzle|[of] p1b: Pelipper
|move|p2a: chillingly cruel|Blizzard|p1a: Ursaluna|[spread] p1a,p1b
|-damage|p1a: Ursaluna|57/100
|-damage|p1b: Pelipper|30/100
|move|p2b: menacetosociety|Close Combat|p1b: Pelipper
|-resisted|p1b: Pelipper
|-damage|p1b: Pelipper|0 fnt
|-unboost|p2b: menacetosociety|def|1
|-unboost|p2b: menacetosociety|spd|1
|faint|p1b: Pelipper
|move|p1a: Ursaluna|Hyper Voice|p2b: menacetosociety|[spread] p2a,p2b
|-damage|p2a: chillingly cruel|19/100
|-damage|p2b: menacetosociety|39/100
|
|-weather|RainDance|[upkeep]
|-heal|p2a: chillingly cruel|25/100|[from] Grassy Terrain
|-heal|p2b: menacetosociety|45/100|[from] Grassy Terrain
|-heal|p1a: Ursaluna|63/100|[from] Grassy Terrain
|-heal|p1a: Ursaluna|69/100|[from] item: Leftovers
|upkeep
|
|t:|1756357663
|switch|p1b: Incineroar|Incineroar, L50, F|48/100
|-ability|p1b: Incineroar|Intimidate|boost
|-unboost|p2a: chillingly cruel|atk|1
|-unboost|p2b: menacetosociety|atk|1
|turn|6
|
|t:|1756357674
|switch|p2b: Indeedee|Indeedee, L50, M, shiny|100/100
|-fieldstart|move: Psychic Terrain|[from] ability: Psychic Surge|[of] p2b: Indeedee
|move|p2a: chillingly cruel|Blizzard|p1b: Incineroar|[spread] p1a,p1b
|-crit|p1a: Ursaluna
|-resisted|p1b: Incineroar
|-damage|p1a: Ursaluna|13/100
|-damage|p1b: Incineroar|32/100
|move|p1a: Ursaluna|Hyper Voice|p2a: chillingly cruel|[spread] p2a,p2b
|-damage|p2a: chillingly cruel|0 fnt
|-damage|p2b: Indeedee|58/100
|faint|p2a: chillingly cruel
|move|p1b: Incineroar|Knock Off|p2b: Indeedee
|-supereffective|p2b: Indeedee
|-damage|p2b: Indeedee|0 fnt
|-enditem|p2b: Indeedee|Focus Sash|[from] move: Knock Off|[of] p1b: Incineroar
|faint|p2b: Indeedee
|
|-weather|RainDance|[upkeep]
|-heal|p1a: Ursaluna|19/100|[from] item: Leftovers
|upkeep
|
|t:|1756357679
|switch|p2b: menacetosociety|Sneasler, L50, M, shiny|45/100
|-enditem|p2b: menacetosociety|Psychic Seed
|-boost|p2b: menacetosociety|spd|1|[from] item: Psychic Seed
|turn|7
|inactive|predahound has 30 seconds left.
|inactive|predahound has 20 seconds left.
|
|t:|1756357716
|move|p2b: menacetosociety|Close Combat|p1b: Incineroar
|-supereffective|p1b: Incineroar
|-damage|p1b: Incineroar|0 fnt
|-unboost|p2b: menacetosociety|def|1
|-unboost|p2b: menacetosociety|spd|1
|faint|p1b: Incineroar
|move|p1a: Ursaluna|Earth Power|p2b: menacetosociety
|-supereffective|p2b: menacetosociety
|-damage|p2b: menacetosociety|0 fnt
|faint|p2b: menacetosociety
|
|win|predahound
|raw|predahound's rating: 1152 → 1182(+30 for winning)
|raw|randomguy1114s's rating: 1226 → 1196(-30 for losing)
