|j|☆Gamerbmac89
|j|☆jsbdjsjsbs
|html|Gamerbmac89jsbdjsjsbs    
|uhtml|bestof|Game 1 of a best-of-3
|t:|1783467635
|gametype|doubles
|player|p1|Gamerbmac89|red|1080
|player|p2|jsbdjsjsbs|169|1044
|gen|9
|tier|[Gen 9 Champions] VGC 2026 Reg M-B (Bo3)
|rated|
|rule|Species Clause: Limit one of each Pokémon
|rule|Item Clause: Limit 1 of each item
|clearpoke
|poke|p1|Mamoswine, L50, F|
|poke|p1|Charizard, L50, M|
|poke|p1|Whimsicott, L50, M|
|poke|p1|Annihilape, L50, M|
|poke|p1|Farigiraf, L50, M|
|poke|p1|Floette-Eternal, L50, F|
|poke|p2|Grimmsnarl, L50, M, shiny|
|poke|p2|Floette-Eternal, L50, F|
|poke|p2|Sinistcha, L50|
|poke|p2|Basculegion, L50, M|
|poke|p2|Aerodactyl, L50, M|
|poke|p2|Sneasler, L50, F|
|teampreview|4
|showteam|p1|Mamoswine||LifeOrb|Oblivious|IceShard,HighHorsepower,IcicleCrash,Protect|Adamant||F|||50|]Charizard||CharizarditeY|Blaze|HeatWave,WeatherBall,SolarBeam,Protect|Timid||M|||50|]Whimsicott||FocusSash|Prankster|Moonblast,Tailwind,Encore,BeatUp|Timid||M|||50|]Annihilape||Leftovers|Defiant|RageFist,DrainPunch,BulkUp,Protect|Adamant||M|||50|]Farigiraf||SitrusBerry|ArmorTail|Psychic,Thunderbolt,HelpingHand,TrickRoom|Bold||M|||50|]Floette-Eternal||Floettite|FlowerVeil|Moonblast,CalmMind,DrainingKiss,Protect|Modest||F|||50|
|showteam|p2|Grimmsnarl||LightClay|Prankster|PartingShot,FoulPlay,Reflect,FakeOut|Jolly||M|||50|]Floette-Eternal||Floettite|FlowerVeil|Moonblast,CalmMind,DazzlingGleam,Protect|Timid||F|||50|]Sinistcha||SitrusBerry|Hospitality|FoulPlay,MatchaGotcha,RagePowder,StrengthSap|Calm|||||50|]Basculegion||ChoiceScarf|Adaptability|FlipTurn,LastRespects,AquaJet,WaveCrash|Jolly||M|||50|]Aerodactyl||Aerodactylite|Unnerve|DualWingbeat,Tailwind,RockSlide,IceFang|Adamant||M|||50|]Sneasler||WhiteHerb|PoisonTouch|DireClaw,FakeOut,CloseCombat,Acrobatics|Jolly||F|||50|
|
|t:|1783467675
|teamsize|p1|4
|teamsize|p2|4
|start
|switch|p1a: Whimsicott|Whimsicott, L50, M|100/100
|switch|p1b: Mamoswine|Mamoswine, L50, F|100/100
|switch|p2a: Aerodactyl|Aerodactyl, L50, M|100/100
|switch|p2b: Sinistcha|Sinistcha, L50|100/100
|-ability|p2a: Aerodactyl|Unnerve
|turn|1
|
|t:|1783467707
|detailschange|p2a: Aerodactyl|Aerodactyl-Mega, L50, M
|-mega|p2a: Aerodactyl|Aerodactyl|Aerodactylite
|move|p2b: Sinistcha|Rage Powder|p2b: Sinistcha
|-singleturn|p2b: Sinistcha|move: Rage Powder
|move|p1a: Whimsicott|Tailwind|p1a: Whimsicott
|-sidestart|p1: Gamerbmac89|move: Tailwind
|move|p1b: Mamoswine|Icicle Crash|p2b: Sinistcha|[miss]
|-miss|p1b: Mamoswine|p2b: Sinistcha
|move|p2a: Aerodactyl|Rock Slide|p1a: Whimsicott|[spread] p1a,p1b
|-damage|p1a: Whimsicott|48/100
|-damage|p1b: Mamoswine|70/100
|
|upkeep
|turn|2
|
|t:|1783467728
|move|p2b: Sinistcha|Rage Powder|p2b: Sinistcha
|-singleturn|p2b: Sinistcha|move: Rage Powder
|move|p1a: Whimsicott|Encore|p2a: Aerodactyl
|-start|p2a: Aerodactyl|Encore
|move|p1b: Mamoswine|Icicle Crash|p2b: Sinistcha|[miss]
|-miss|p1b: Mamoswine|p2b: Sinistcha
|move|p2a: Aerodactyl|Rock Slide|p1b: Mamoswine|[spread] p1a,p1b
|-damage|p1a: Whimsicott|4/100
|-damage|p1b: Mamoswine|41/100
|
|upkeep
|turn|3
|
|t:|1783467742
|move|p2b: Sinistcha|Rage Powder|p2b: Sinistcha
|-singleturn|p2b: Sinistcha|move: Rage Powder
|move|p1a: Whimsicott|Moonblast|p2a: Aerodactyl
|-damage|p2a: Aerodactyl|55/100
|move|p1b: Mamoswine|Icicle Crash|p2b: Sinistcha
|-supereffective|p2b: Sinistcha|1
|-damage|p2b: Sinistcha|0 fnt
|faint|p2b: Sinistcha
|-damage|p1b: Mamoswine|32/100|[from] item: Life Orb
|move|p2a: Aerodactyl|Rock Slide|p1b: Mamoswine|[spread] p1a,p1b
|-damage|p1a: Whimsicott|0 fnt
|-damage|p1b: Mamoswine|3/100
|faint|p1a: Whimsicott
|
|upkeep
|
|t:|1783467758
|switch|p1a: Annihilape|Annihilape, L50, M|100/100
|switch|p2b: Grimmsnarl|Grimmsnarl, L50, M, shiny|100/100
|turn|4
|
|t:|1783467777
|move|p1b: Mamoswine|Protect|p1b: Mamoswine
|-singleturn|p1b: Mamoswine|Protect
|move|p2b: Grimmsnarl|Fake Out|p1b: Mamoswine
|-activate|p1b: Mamoswine|move: Protect
|move|p1a: Annihilape|Bulk Up|p1a: Annihilape
|-boost|p1a: Annihilape|atk|1
|-boost|p1a: Annihilape|def|1
|move|p2a: Aerodactyl|Rock Slide|p1b: Mamoswine|[spread] 
|-activate|p1b: Mamoswine|move: Protect
|-miss|p2a: Aerodactyl|p1a: Annihilape
|
|-end|p2a: Aerodactyl|Encore
|-sideend|p1: Gamerbmac89|move: Tailwind
|upkeep
|turn|5
|
|t:|1783467803
|move|p1b: Mamoswine|Ice Shard|p2a: Aerodactyl
|-supereffective|p2a: Aerodactyl|1
|-damage|p2a: Aerodactyl|0 fnt
|faint|p2a: Aerodactyl
|-damage|p1b: Mamoswine|0 fnt|[from] item: Life Orb
|faint|p1b: Mamoswine
|move|p1a: Annihilape|Bulk Up|p1a: Annihilape
|-boost|p1a: Annihilape|atk|1
|-boost|p1a: Annihilape|def|1
|move|p2b: Grimmsnarl|Foul Play|p1a: Annihilape
|-crit|p1a: Annihilape
|-damage|p1a: Annihilape|0 fnt
|faint|p1a: Annihilape
|
|upkeep
|
|t:|1783467820
|switch|p2a: Basculegion|Basculegion, L50, M|100/100
|switch|p1b: Farigiraf|Farigiraf, L50, M|100/100
|turn|6
|
|t:|1783467830
|move|p2a: Basculegion|Wave Crash|p1b: Farigiraf
|-damage|p1b: Farigiraf|30/100
|-enditem|p1b: Farigiraf|Sitrus Berry|[eat]
|-heal|p1b: Farigiraf|55/100|[from] item: Sitrus Berry
|-damage|p2a: Basculegion|75/100|[from] Recoil
|move|p2b: Grimmsnarl|Foul Play|p1b: Farigiraf
|-supereffective|p1b: Farigiraf|1
|-damage|p1b: Farigiraf|7/100
|move|p1b: Farigiraf|Thunderbolt|p2a: Basculegion
|-supereffective|p2a: Basculegion|1
|-damage|p2a: Basculegion|16/100
|
|upkeep
|turn|7
|
|t:|1783467847
|move|p2a: Basculegion|Wave Crash|p1b: Farigiraf
|-damage|p1b: Farigiraf|0 fnt
|faint|p1b: Farigiraf
|-damage|p2a: Basculegion|13/100|[from] Recoil
|
|win|jsbdjsjsbs
||Gamerbmac89 is ready for game 2.
|inactive|jsbdjsjsbs has 30 seconds to confirm battle start!
|l|☆jsbdjsjsbs
|player|p2|
|inactive|jsbdjsjsbs has 20 seconds to confirm battle start!
|inactive|jsbdjsjsbs has 10 seconds to confirm battle start!
|j|☆jsbdjsjsbs
|player|p2|jsbdjsjsbs|169|
|uhtml|next|Next: Game 2 of 3
|l|☆jsbdjsjsbs
|player|p2|
