|j|☆astterio
|j|☆arnau3kum
|html|astterioarnau3kum    
|uhtml|bestof|Game 1 of a best-of-3
|t:|1757937996
|gametype|doubles
|player|p1|astterio|eusine|1417
|player|p2|arnau3kum|266|1345
|gen|9
|tier|[Gen 9] VGC 2025 Reg H (Bo3)
|rated|
|rule|Species Clause: Limit one of each Pokémon
|rule|Item Clause: Limit 1 of each item
|clearpoke
|poke|p1|Dragonite, L50, F|
|poke|p1|Ursaluna, L50, M|
|poke|p1|Annihilape, L50, F|
|poke|p1|Porygon2, L50|
|poke|p1|Incineroar, L50, M|
|poke|p1|Gholdengo, L50|
|poke|p2|Annihilape, L50, M|
|poke|p2|Klefki, L50, M|
|poke|p2|Maushold, L50|
|poke|p2|Ninetales-Alola, L50, F|
|poke|p2|Sinistcha-Masterpiece, L50|
|poke|p2|Ursaluna-Bloodmoon, L50, M|
|teampreview|4
|showteam|p1|Dragonite||LoadedDice|Multiscale|ScaleShot,Haze,Tailwind,Protect|||F|||50|,,,,,Steel]Ursaluna||FlameOrb|Guts|HeadlongRush,Facade,Earthquake,Protect|||M|||50|,,,,,Ghost]Annihilape||FocusSash|Defiant|CloseCombat,Coaching,FinalGambit,RageFist|||F|||50|,,,,,Stellar]Porygon2||Eviolite|Download|TeraBlast,IceBeam,TrickRoom,Recover||||||50|,,,,,Ghost]Incineroar||SafetyGoggles|Intimidate|FakeOut,PartingShot,KnockOff,FlareBlitz|||M|||50|,,,,,Ghost]Gholdengo||LifeOrb|GoodasGold|MakeItRain,ShadowBall,NastyPlot,Protect||||||50|,,,,,Water
|showteam|p2|Annihilape||Leftovers|Defiant|RageFist,DrainPunch,BulkUp,Protect|||M|||50|,,,,,Fire]Klefki||LightClay|Prankster|DazzlingGleam,LightScreen,Reflect,MistyTerrain|||M|||50|,,,,,Ghost]Maushold||CovertCloak|FriendGuard|BeatUp,FollowMe,Taunt,Protect||||||50|,,,,,Grass]Ninetales-Alola||FocusSash|SnowWarning|FreezeDry,Blizzard,Encore,Protect|||F|||50|,,,,,Ghost]Sinistcha-Masterpiece||SitrusBerry|Hospitality|MatchaGotcha,LifeDew,RagePowder,TrickRoom||||||50|,,,,,Water]Ursaluna-Bloodmoon||AssaultVest|MindsEye|BloodMoon,HyperVoice,EarthPower,VacuumWave|||M|||50|,,,,,Water
|inactive|Battle timer is ON: inactive players will automatically lose when time's up. (requested by astterio)
|
|t:|1757938021
|teamsize|p1|4
|teamsize|p2|4
|start
|switch|p1a: Dragonite|Dragonite, L50, F, shiny|100/100
|switch|p1b: Ursaluna|Ursaluna, L50, M|100/100
|switch|p2a: Ninetales|Ninetales-Alola, L50, F|100/100
|switch|p2b: Ursaluna|Ursaluna-Bloodmoon, L50, M|100/100
|-weather|Snowscape|[from] ability: Snow Warning|[of] p2a: Ninetales
|turn|1
|
|t:|1757938032
|-terastallize|p1a: Dragonite|Steel
|move|p2b: Ursaluna|Vacuum Wave|p1a: Dragonite
|-supereffective|p1a: Dragonite
|-damage|p1a: Dragonite|85/100
|move|p2a: Ninetales|Blizzard|p1b: Ursaluna|[spread] p1a,p1b
|-resisted|p1a: Dragonite
|-supereffective|p1b: Ursaluna
|-damage|p1a: Dragonite|68/100
|-damage|p1b: Ursaluna|32/100
|move|p1a: Dragonite|Scale Shot|p2b: Ursaluna
|-damage|p2b: Ursaluna|90/100
|-damage|p2b: Ursaluna|80/100
|-damage|p2b: Ursaluna|71/100
|-damage|p2b: Ursaluna|61/100
|-hitcount|p2b: Ursaluna|4
|-unboost|p1a: Dragonite|def|1
|-boost|p1a: Dragonite|spe|1
|move|p1b: Ursaluna|Headlong Rush|p2b: Ursaluna
|-damage|p2b: Ursaluna|8/100
|-unboost|p1b: Ursaluna|def|1
|-unboost|p1b: Ursaluna|spd|1
|
|-weather|Snowscape|[upkeep]
|-status|p1b: Ursaluna|brn|[from] item: Flame Orb
|upkeep
|turn|2
|inactive|arnau3kum has 30 seconds left.
|
|t:|1757938065
|switch|p2b: Maushold|Maushold, L50|100/100
|move|p1b: Ursaluna|Protect|p1b: Ursaluna
|-singleturn|p1b: Ursaluna|Protect
|move|p1a: Dragonite|Scale Shot|p2b: Maushold
|-damage|p2b: Maushold|83/100
|-damage|p2b: Maushold|65/100
|-damage|p2b: Maushold|47/100
|-damage|p2b: Maushold|30/100
|-hitcount|p2b: Maushold|4
|-unboost|p1a: Dragonite|def|1
|-boost|p1a: Dragonite|spe|1
|move|p2a: Ninetales|Blizzard|p1a: Dragonite|[spread] p1a
|-activate|p1b: Ursaluna|move: Protect
|-resisted|p1a: Dragonite
|-damage|p1a: Dragonite|50/100
|
|-weather|Snowscape|[upkeep]
|-damage|p1b: Ursaluna|26/100 brn|[from] brn
|upkeep
|turn|3
|
|t:|1757938086
|switch|p1b: Annihilape|Annihilape, L50, F|100/100
|move|p2b: Maushold|Protect|p2b: Maushold
|-singleturn|p2b: Maushold|Protect
|move|p1a: Dragonite|Scale Shot|p2b: Maushold
|-activate|p2b: Maushold|move: Protect
|move|p2a: Ninetales|Blizzard|p1a: Dragonite|[spread] p1a,p1b
|-resisted|p1a: Dragonite
|-damage|p1a: Dragonite|35/100
|-damage|p1b: Annihilape|70/100
|
|-weather|Snowscape|[upkeep]
|upkeep
|turn|4
|
|t:|1757938102
|move|p2b: Maushold|Follow Me|p2b: Maushold
|-singleturn|p2b: Maushold|move: Follow Me
|move|p1a: Dragonite|Scale Shot|p2b: Maushold
|-damage|p2b: Maushold|10/100
|-damage|p2b: Maushold|0 fnt
|faint|p2b: Maushold
|-hitcount|p2: Maushold|2
|-unboost|p1a: Dragonite|def|1
|-boost|p1a: Dragonite|spe|1
|move|p2a: Ninetales|Blizzard|p1b: Annihilape|[spread] p1a,p1b
|-resisted|p1a: Dragonite
|-damage|p1a: Dragonite|18/100
|-damage|p1b: Annihilape|36/100
|move|p1b: Annihilape|Rage Fist|p2a: Ninetales
|-damage|p2a: Ninetales|26/100
|
|-weather|Snowscape|[upkeep]
|upkeep
|
|t:|1757938118
|switch|p2b: Ursaluna|Ursaluna-Bloodmoon, L50, M|8/100
|turn|5
|
|t:|1757938130
|move|p1a: Dragonite|Protect|p1a: Dragonite
|-singleturn|p1a: Dragonite|Protect
|move|p2b: Ursaluna|Vacuum Wave|p1a: Dragonite
|-activate|p1a: Dragonite|move: Protect
|move|p2a: Ninetales|Encore|p1b: Annihilape
|-start|p1b: Annihilape|Encore
|move|p1b: Annihilape|Rage Fist|p2a: Ninetales
|-damage|p2a: Ninetales|0 fnt
|faint|p2a: Ninetales
|
|-weather|none
|upkeep
|
|t:|1757938139
|switch|p2a: Annihilape|Annihilape, L50, M|100/100
|turn|6
|
|t:|1757938151
|move|p2a: Annihilape|Protect|p2a: Annihilape
|-singleturn|p2a: Annihilape|Protect
|move|p2b: Ursaluna|Vacuum Wave|p1a: Dragonite
|-supereffective|p1a: Dragonite
|-damage|p1a: Dragonite|0 fnt
|faint|p1a: Dragonite
|move|p1b: Annihilape|Rage Fist|p2a: Annihilape
|-activate|p2a: Annihilape|move: Protect
|
|upkeep
|
|t:|1757938157
|switch|p1a: Porygon2|Porygon2, L50|100/100
|-ability|p1a: Porygon2|Download|boost
|-boost|p1a: Porygon2|spa|1
|turn|7
|
|t:|1757938168
|-terastallize|p2a: Annihilape|Fire
|move|p1b: Annihilape|Rage Fist|p2a: Annihilape
|-damage|p2a: Annihilape|30/100
|move|p2a: Annihilape|Drain Punch|p1a: Porygon2
|-supereffective|p1a: Porygon2
|-damage|p1a: Porygon2|59/100
|-heal|p2a: Annihilape|49/100|[from] drain|[of] p1a: Porygon2
|move|p1a: Porygon2|Ice Beam|p2b: Ursaluna
|-supereffective|p2b: Ursaluna
|-damage|p2b: Ursaluna|0 fnt
|faint|p2b: Ursaluna
|
|-heal|p2a: Annihilape|55/100|[from] item: Leftovers
|-end|p1b: Annihilape|Encore
|upkeep
|turn|8
|
|t:|1757938183
|move|p2a: Annihilape|Protect|p2a: Annihilape
|-singleturn|p2a: Annihilape|Protect
|move|p1b: Annihilape|Rage Fist|p2a: Annihilape
|-activate|p2a: Annihilape|move: Protect
|move|p1a: Porygon2|Tera Blast|p2a: Annihilape
|-activate|p2a: Annihilape|move: Protect
|
|-heal|p2a: Annihilape|62/100|[from] item: Leftovers
|upkeep
|turn|9
|
|t:|1757938190
|move|p1b: Annihilape|Rage Fist|p2a: Annihilape
|-damage|p2a: Annihilape|0 fnt
|faint|p2a: Annihilape
|
|win|astterio
||arnau3kum is ready for game 2.
||astterio is ready for game 2.
|uhtml|next|Next: Game 2 of 3
|l|☆arnau3kum
|player|p2|
|l|☆astterio
|player|p1|
