|j|☆valeron88
|j|☆KChiefs7
|html|valeron88KChiefs7    
|uhtml|bestof|Game 1 of a best-of-3
|t:|1757082898
|gametype|doubles
|player|p1|valeron88|170|1097
|player|p2|KChiefs7|swimmer-gen4|1072
|gen|9
|tier|[Gen 9] VGC 2025 Reg H (Bo3)
|rated|
|rule|Species Clause: Limit one of each Pokémon
|rule|Item Clause: Limit 1 of each item
|clearpoke
|poke|p1|Glimmora, L50, M|
|poke|p1|Amoonguss, L50, M|
|poke|p1|Incineroar, L50, F|
|poke|p1|Kingambit, L50, F|
|poke|p1|Sneasler, L50, M|
|poke|p1|Dragapult, L50, M|
|poke|p2|Ursaluna, L50, F|
|poke|p2|Gholdengo, L50|
|poke|p2|Flamigo, L50, M|
|poke|p2|Amoonguss, L50, M|
|poke|p2|Porygon2, L50|
|poke|p2|Incineroar, L50, F|
|teampreview|4
|showteam|p1|Glimmora||PowerHerb|ToxicDebris|MeteorBeam,SpikyShield,EarthPower,SludgeBomb|||M|||50|,,,,,Flying]Amoonguss||RockyHelmet|Regenerator|RagePowder,PollenPuff,Spore,ClearSmog|||M|||50|,,,,,Water]Incineroar||AssaultVest|Intimidate|Uturn,KnockOff,FakeOut,FlareBlitz|||F|||50|,,,,,Ghost]Kingambit||LifeOrb|Defiant|SuckerPunch,KowtowCleave,IronHead,Protect|||F|||50|,,,,,Ghost]Sneasler||FocusSash|PoisonTouch|FakeOut,DireClaw,CloseCombat,Uturn|||M|||50|,,,,,Normal]Dragapult||ChoiceBand|ClearBody|Uturn,Outrage,PhantomForce,DragonDarts|||M|||50|,,,,,Stellar
|showteam|p2|Ursaluna||FlameOrb|Guts|Facade,HeadlongRush,Earthquake,Protect|||F|||50|,,,,,Ghost]Gholdengo||LifeOrb|GoodasGold|MakeItRain,ShadowBall,NastyPlot,Protect||||||50|,,,,,Water]Flamigo||FocusSash|Scrappy|Detect,CloseCombat,WideGuard,DualWingbeat|||M|||50|,,,,,Ghost]Amoonguss||CovertCloak|Regenerator|RagePowder,Spore,PollenPuff,ClearSmog|||M|||50|,,,,,Fairy]Porygon2||Eviolite|Download|TeraBlast,IceBeam,Recover,TrickRoom||||||50|,,,,,Fighting]Incineroar||SafetyGoggles|Intimidate|FlareBlitz,KnockOff,FakeOut,PartingShot|||F|||50|,,,,,Ghost
|inactive|Battle timer is ON: inactive players will automatically lose when time's up. (requested by KChiefs7)
|inactive|valeron88 has 60 seconds left.
|
|t:|1757082954
|teamsize|p1|4
|teamsize|p2|4
|start
|switch|p1a: Glimmora|Glimmora, L50, M|100/100
|switch|p1b: Sneasler|Sneasler, L50, M|100/100
|switch|p2a: Flamigo|Flamigo, L50, M|100/100
|switch|p2b: Incineroar|Incineroar, L50, F|100/100
|-ability|p2b: Incineroar|Intimidate|boost
|-unboost|p1a: Glimmora|atk|1
|-unboost|p1b: Sneasler|atk|1
|turn|1
|inactive|valeron88 has 30 seconds left.
|inactive|KChiefs7 has 30 seconds left.
|inactive|KChiefs7 has 20 seconds left.
|inactive|valeron88 has 20 seconds left.
|inactive|KChiefs7 has 15 seconds left.
|inactive|KChiefs7 has 10 seconds left.
|inactive|KChiefs7 has 5 seconds left.
|
|t:|1757083005
|switch|p1b: Amoonguss|Amoonguss, L50, M|100/100
|-terastallize|p2a: Flamigo|Ghost
|move|p2a: Flamigo|Dual Wingbeat|p1b: Amoonguss
|-supereffective|p1b: Amoonguss
|-damage|p1b: Amoonguss|61/100
|-damage|p2a: Flamigo|84/100|[from] item: Rocky Helmet|[of] p1b: Amoonguss
|-supereffective|p1b: Amoonguss
|-damage|p1b: Amoonguss|26/100
|-damage|p2a: Flamigo|68/100|[from] item: Rocky Helmet|[of] p1b: Amoonguss
|-hitcount|p1b: Amoonguss|2
|move|p1a: Glimmora|Meteor Beam||[still]
|-prepare|p1a: Glimmora|Meteor Beam
|-boost|p1a: Glimmora|spa|1
|-enditem|p1a: Glimmora|Power Herb
|-anim|p1a: Glimmora|Meteor Beam|p2a: Flamigo
|-damage|p2a: Flamigo|0 fnt
|faint|p2a: Flamigo
|move|p2b: Incineroar|Flare Blitz|p1b: Amoonguss
|-supereffective|p1b: Amoonguss
|-damage|p1b: Amoonguss|0 fnt
|-damage|p2b: Incineroar|84/100|[from] item: Rocky Helmet|[of] p1b: Amoonguss
|faint|p1b: Amoonguss
|-damage|p2b: Incineroar|76/100|[from] Recoil
|
|upkeep
|inactive|valeron88 has 30 seconds left.
|
|t:|1757083034
|switch|p2a: Ursaluna|Ursaluna, L50, F|100/100
|switch|p1b: Kingambit|Kingambit, L50, F|100/100
|turn|2
|inactive|KChiefs7 has 30 seconds left.
|
|t:|1757083060
|-terastallize|p1a: Glimmora|Flying
|move|p1a: Glimmora|Earth Power|p2b: Incineroar
|-supereffective|p2b: Incineroar
|-damage|p2b: Incineroar|0 fnt
|faint|p2b: Incineroar
|move|p1b: Kingambit|Kowtow Cleave|p2a: Ursaluna
|-damage|p2a: Ursaluna|57/100
|-damage|p1b: Kingambit|91/100|[from] item: Life Orb
|move|p2a: Ursaluna|Headlong Rush|p1b: Kingambit
|-supereffective|p1b: Kingambit
|-damage|p1b: Kingambit|0 fnt
|-unboost|p2a: Ursaluna|def|1
|-unboost|p2a: Ursaluna|spd|1
|faint|p1b: Kingambit
|
|-status|p2a: Ursaluna|brn|[from] item: Flame Orb
|upkeep
|
|t:|1757083076
|switch|p2b: Porygon2|Porygon2, L50|100/100
|switch|p1b: Sneasler|Sneasler, L50, M|100/100
|-ability|p2b: Porygon2|Download|boost
|-boost|p2b: Porygon2|atk|1
|turn|3
|inactive|KChiefs7 has 30 seconds left.
|
|t:|1757083109
|move|p1b: Sneasler|Fake Out|p2b: Porygon2
|-damage|p2b: Porygon2|91/100
|-status|p2b: Porygon2|psn|[from] ability: Poison Touch|[of] p1b: Sneasler
|move|p1a: Glimmora|Earth Power|p2b: Porygon2
|-damage|p2b: Porygon2|62/100 psn
|move|p2a: Ursaluna|Facade|p1a: Glimmora
|-damage|p1a: Glimmora|0 fnt
|-activate|p1a: Glimmora|ability: Toxic Debris
|-sidestart|p2: KChiefs7|move: Toxic Spikes
|faint|p1a: Glimmora
|cant|p2b: Porygon2|flinch
|
|-damage|p2b: Porygon2|49/100 psn|[from] psn
|-damage|p2a: Ursaluna|51/100 brn|[from] brn
|upkeep
|turn|4
|
|t:|1757083130
|move|p2a: Ursaluna|Protect|p2a: Ursaluna
|-singleturn|p2a: Ursaluna|Protect
|move|p1b: Sneasler|Close Combat|p2b: Porygon2
|-supereffective|p2b: Porygon2
|-damage|p2b: Porygon2|0 fnt
|-unboost|p1b: Sneasler|def|1
|-unboost|p1b: Sneasler|spd|1
|faint|p2b: Porygon2
|
|-damage|p2a: Ursaluna|45/100 brn|[from] brn
|upkeep
|turn|5
|
|t:|1757083140
|move|p1b: Sneasler|Dire Claw|p2a: Ursaluna
|-resisted|p2a: Ursaluna
|-damage|p2a: Ursaluna|17/100 brn
|move|p2a: Ursaluna|Facade|p1b: Sneasler
|-enditem|p1b: Sneasler|Focus Sash
|-damage|p1b: Sneasler|1/100
|
|-damage|p2a: Ursaluna|11/100 brn|[from] brn
|upkeep
|turn|6
|
|t:|1757083155
|move|p1b: Sneasler|Dire Claw|p2a: Ursaluna
|-resisted|p2a: Ursaluna
|-crit|p2a: Ursaluna
|-damage|p2a: Ursaluna|0 fnt
|faint|p2a: Ursaluna
|
|win|valeron88
||KChiefs7 is ready for game 2.
||valeron88 is ready for game 2.
|uhtml|next|Next: Game 2 of 3
|l|☆valeron88
|player|p1|
