|j|☆fot fred avui
|j|☆Cines Yelmo
|html|fot fred avuiCines Yelmo    
|uhtml|bestof|Game 2 of a best-of-3
|t:|1756487075
|gametype|doubles
|player|p1|fot fred avui|sisandbro|
|player|p2|Cines Yelmo|cameraman|
|gen|9
|tier|[Gen 9] VGC 2025 Reg H (Bo3)
|rule|Species Clause: Limit one of each Pokémon
|rule|Item Clause: Limit 1 of each item
|clearpoke
|poke|p1|Incineroar, L50, M|
|poke|p1|Dragonite, L50, M|
|poke|p1|Amoonguss, L50, M|
|poke|p1|Porygon2, L50|
|poke|p1|Ursaluna, L50, F|
|poke|p1|Gholdengo, L50|
|poke|p2|Dondozo, L50, F|
|poke|p2|Garchomp, L50, F|
|poke|p2|Gholdengo, L50|
|poke|p2|Incineroar, L50, M|
|poke|p2|Sneasler, L50, M|
|poke|p2|Tyranitar, L50, M|
|teampreview|4
|showteam|p1|Incineroar||AssaultVest|Intimidate|FlareBlitz,KnockOff,FakeOut,Uturn|||M|||50|,,,,,Grass]Dragonite||LoadedDice|Multiscale|Haze,ScaleShot,Tailwind,Protect|||M|||50|,,,,,Fairy]Amoonguss||MentalHerb|Regenerator|Protect,PollenPuff,RagePowder,Spore|||M|||50|,,,,,Ghost]Porygon2||Eviolite|Download|TeraBlast,IceBeam,Recover,TrickRoom||||||50|,,,,,Ground]Ursaluna||FlameOrb|Guts|Facade,HeadlongRush,Earthquake,Protect|||F|||50|,,,,,Poison]Gholdengo||LifeOrb|GoodasGold|MakeItRain,ShadowBall,NastyPlot,Protect||||||50|,,,,,Dragon
|showteam|p2|Dondozo||Leftovers|Unaware|Protect,WaveCrash,Fissure,Yawn|||F|||50|,,,,,Bug]Garchomp||LifeOrb|SandVeil|Protect,DragonClaw,Earthquake,RockSlide|||F|||50|,,,,,Fairy]Gholdengo||ChoiceScarf|GoodasGold|MakeItRain,ShadowBall,Thunderbolt,Trick||||||50|,,,,,Flying]Incineroar||SafetyGoggles|Intimidate|FakeOut,FlareBlitz,KnockOff,PartingShot|||M|||50|,,,,,Bug]Sneasler||FocusSash|Unburden|Protect,CloseCombat,DireClaw,Coaching|||M|||50|,,,,,Flying]Tyranitar||AssaultVest|SandStream|RockSlide,KnockOff,LowKick,TeraBlast|||M|||50|,,,,,Flying
|
|t:|1756487115
|teamsize|p1|4
|teamsize|p2|4
|start
|switch|p1a: Incineroar|Incineroar, L50, M|100/100
|switch|p1b: Amoonguss|Amoonguss, L50, M|100/100
|switch|p2a: Incineroar|Incineroar, L50, M|100/100
|switch|p2b: Tyranitar|Tyranitar, L50, M|100/100
|-weather|Sandstorm|[from] ability: Sand Stream|[of] p2b: Tyranitar
|-ability|p2a: Incineroar|Intimidate|boost
|-unboost|p1a: Incineroar|atk|1
|-unboost|p1b: Amoonguss|atk|1
|-ability|p1a: Incineroar|Intimidate|boost
|-unboost|p2a: Incineroar|atk|1
|-unboost|p2b: Tyranitar|atk|1
|turn|1
|
|t:|1756487134
|move|p1b: Amoonguss|Protect|p1b: Amoonguss
|-singleturn|p1b: Amoonguss|Protect
|move|p2a: Incineroar|Fake Out|p1b: Amoonguss
|-activate|p1b: Amoonguss|move: Protect
|move|p2b: Tyranitar|Rock Slide|p1b: Amoonguss|[spread] p1a
|-activate|p1b: Amoonguss|move: Protect
|-supereffective|p1a: Incineroar
|-damage|p1a: Incineroar|71/100
|move|p1a: Incineroar|Knock Off|p2a: Incineroar
|-resisted|p2a: Incineroar
|-damage|p2a: Incineroar|89/100
|-enditem|p2a: Incineroar|Safety Goggles|[from] move: Knock Off|[of] p1a: Incineroar
|
|-weather|Sandstorm|[upkeep]
|-damage|p2a: Incineroar|83/100|[from] Sandstorm
|-damage|p1a: Incineroar|65/100|[from] Sandstorm
|-damage|p1b: Amoonguss|95/100|[from] Sandstorm
|upkeep
|turn|2
|
|t:|1756487158
|switch|p1b: Porygon2|Porygon2, L50|100/100
|-ability|p1b: Porygon2|Download|boost
|-boost|p1b: Porygon2|atk|1
|move|p2b: Tyranitar|Rock Slide|p1a: Incineroar|[spread] p1a,p1b
|-supereffective|p1a: Incineroar
|-damage|p1a: Incineroar|35/100
|-damage|p1b: Porygon2|87/100
|move|p2a: Incineroar|Parting Shot|p1a: Incineroar
|-unboost|p1a: Incineroar|atk|1
|-unboost|p1a: Incineroar|spa|1
|
|t:|1756487169
|switch|p2a: Gholdengo|Gholdengo, L50|100/100|[from] Parting Shot
|move|p1a: Incineroar|U-turn|p2b: Tyranitar
|-supereffective|p2b: Tyranitar
|-damage|p2b: Tyranitar|85/100
|
|t:|1756487181
|switch|p1a: Gholdengo|Gholdengo, L50|100/100|[from] U-turn
|
|-weather|Sandstorm|[upkeep]
|-damage|p1b: Porygon2|81/100|[from] Sandstorm
|upkeep
|turn|3
|
|t:|1756487223
|switch|p1a: Incineroar|Incineroar, L50, M|35/100
|-ability|p1a: Incineroar|Intimidate|boost
|-unboost|p2a: Gholdengo|atk|1
|-unboost|p2b: Tyranitar|atk|1
|move|p2a: Gholdengo|Make It Rain|p1b: Porygon2|[spread] p1a,p1b
|-resisted|p1a: Incineroar
|-damage|p1a: Incineroar|20/100
|-damage|p1b: Porygon2|48/100
|-unboost|p2a: Gholdengo|spa|1
|move|p2b: Tyranitar|Knock Off|p1a: Incineroar
|-resisted|p1a: Incineroar
|-damage|p1a: Incineroar|9/100
|-enditem|p1a: Incineroar|Assault Vest|[from] move: Knock Off|[of] p2b: Tyranitar
|move|p1b: Porygon2|Trick Room|p1b: Porygon2
|-fieldstart|move: Trick Room|[of] p1b: Porygon2
|
|-weather|Sandstorm|[upkeep]
|-damage|p1b: Porygon2|42/100|[from] Sandstorm
|-damage|p1a: Incineroar|3/100|[from] Sandstorm
|upkeep
|turn|4
|
|t:|1756487253
|switch|p2a: Incineroar|Incineroar, L50, M|83/100
|-ability|p2a: Incineroar|Intimidate|boost
|-unboost|p1a: Incineroar|atk|1
|-unboost|p1b: Porygon2|atk|1
|-terastallize|p1b: Porygon2|Ground
|move|p1b: Porygon2|Tera Blast|p2a: Incineroar|[anim] Tera Blast Ground
|-supereffective|p2a: Incineroar
|-damage|p2a: Incineroar|32/100
|move|p1a: Incineroar|U-turn|p2b: Tyranitar
|-supereffective|p2b: Tyranitar
|-damage|p2b: Tyranitar|64/100
|
|t:|1756487268
|switch|p1a: Amoonguss|Amoonguss, L50, M|100/100|[from] U-turn
|move|p2b: Tyranitar|Knock Off|p1b: Porygon2
|-damage|p1b: Porygon2|27/100
|-enditem|p1b: Porygon2|Eviolite|[from] move: Knock Off|[of] p2b: Tyranitar
|
|-weather|Sandstorm|[upkeep]
|-damage|p1a: Amoonguss|95/100|[from] Sandstorm
|-damage|p2a: Incineroar|26/100|[from] Sandstorm
|upkeep
|turn|5
|
|t:|1756487318
|switch|p2b: Dondozo|Dondozo, L50, F|100/100
|move|p2a: Incineroar|Fake Out|p1a: Amoonguss
|-damage|p1a: Amoonguss|84/100
|cant|p1a: Amoonguss|flinch
|move|p1b: Porygon2|Recover|p1b: Porygon2
|-heal|p1b: Porygon2|77/100
|
|-weather|none
|upkeep
|turn|6
|
|t:|1756487341
|switch|p2a: Gholdengo|Gholdengo, L50|100/100
|move|p1a: Amoonguss|Spore|p2b: Dondozo
|-status|p2b: Dondozo|slp|[from] move: Spore
|cant|p2b: Dondozo|slp
|move|p1b: Porygon2|Tera Blast|p2a: Gholdengo|[anim] Tera Blast Ground
|-supereffective|p2a: Gholdengo
|-damage|p2a: Gholdengo|23/100
|
|upkeep
|turn|7
|
|t:|1756487370
|switch|p1a: Incineroar|Incineroar, L50, M|3/100
|-ability|p1a: Incineroar|Intimidate|boost
|-unboost|p2a: Gholdengo|atk|1
|-unboost|p2b: Dondozo|atk|1
|switch|p2a: Tyranitar|Tyranitar, L50, M|64/100
|-weather|Sandstorm|[from] ability: Sand Stream|[of] p2a: Tyranitar
|cant|p2b: Dondozo|slp
|move|p1b: Porygon2|Tera Blast|p2a: Tyranitar|[anim] Tera Blast Ground
|-supereffective|p2a: Tyranitar
|-damage|p2a: Tyranitar|33/100
|
|-weather|Sandstorm|[upkeep]
|-damage|p2b: Dondozo|94/100 slp|[from] Sandstorm
|-damage|p1a: Incineroar|0 fnt|[from] Sandstorm
|faint|p1a: Incineroar
|-heal|p2b: Dondozo|100/100 slp|[from] item: Leftovers
|-fieldend|move: Trick Room
|upkeep
|
|t:|1756487383
|switch|p1a: Gholdengo|Gholdengo, L50|100/100
|turn|8
|
|t:|1756487410
|move|p1a: Gholdengo|Make It Rain|p2a: Tyranitar|[spread] p2a,p2b
|-supereffective|p2a: Tyranitar
|-resisted|p2b: Dondozo
|-damage|p2a: Tyranitar|0 fnt
|-damage|p2b: Dondozo|81/100 slp
|-unboost|p1a: Gholdengo|spa|1
|faint|p2a: Tyranitar
|-damage|p1a: Gholdengo|91/100|[from] item: Life Orb
|move|p1b: Porygon2|Tera Blast|p2b: Dondozo|[anim] Tera Blast Ground
|-damage|p2b: Dondozo|58/100 slp
|-curestatus|p2b: Dondozo|slp|[msg]
|move|p2b: Dondozo|Wave Crash|p1b: Porygon2
|-supereffective|p1b: Porygon2
|-damage|p1b: Porygon2|30/100
|-damage|p2b: Dondozo|47/100|[from] Recoil
|
|-weather|Sandstorm|[upkeep]
|-damage|p2b: Dondozo|40/100|[from] Sandstorm
|-heal|p2b: Dondozo|47/100|[from] item: Leftovers
|upkeep
|
|t:|1756487441
|switch|p2a: Gholdengo|Gholdengo, L50|23/100
|turn|9
|
|t:|1756487463
|switch|p1b: Amoonguss|Amoonguss, L50, M|100/100
|move|p2a: Gholdengo|Shadow Ball|p1b: Amoonguss
|-damage|p1b: Amoonguss|67/100
|move|p1a: Gholdengo|Make It Rain|p2a: Gholdengo|[spread] p2a,p2b
|-resisted|p2a: Gholdengo
|-resisted|p2b: Dondozo
|-damage|p2a: Gholdengo|2/100
|-damage|p2b: Dondozo|26/100
|-unboost|p1a: Gholdengo|spa|1
|-damage|p1a: Gholdengo|81/100|[from] item: Life Orb
|move|p2b: Dondozo|Fissure|p1a: Gholdengo|[miss]
|-miss|p2b: Dondozo|p1a: Gholdengo
|
|-weather|Sandstorm|[upkeep]
|-damage|p2b: Dondozo|20/100|[from] Sandstorm
|-damage|p1b: Amoonguss|61/100|[from] Sandstorm
|-heal|p2b: Dondozo|26/100|[from] item: Leftovers
|upkeep
|turn|10
|
|t:|1756487492
|switch|p2a: Incineroar|Incineroar, L50, M|26/100
|-ability|p2a: Incineroar|Intimidate|boost
|-unboost|p1a: Gholdengo|atk|1
|-unboost|p1b: Amoonguss|atk|1
|move|p1b: Amoonguss|Rage Powder|p1b: Amoonguss
|-singleturn|p1b: Amoonguss|move: Rage Powder
|move|p1a: Gholdengo|Make It Rain|p2a: Incineroar|[spread] p2a,p2b
|-resisted|p2a: Incineroar
|-crit|p2a: Incineroar
|-resisted|p2b: Dondozo
|-damage|p2a: Incineroar|0 fnt
|-damage|p2b: Dondozo|7/100
|-unboost|p1a: Gholdengo|spa|1
|faint|p2a: Incineroar
|-damage|p1a: Gholdengo|72/100|[from] item: Life Orb
|move|p2b: Dondozo|Fissure|p1b: Amoonguss|[miss]
|-miss|p2b: Dondozo|p1b: Amoonguss
|
|-weather|Sandstorm|[upkeep]
|-damage|p2b: Dondozo|1/100|[from] Sandstorm
|-damage|p1b: Amoonguss|55/100|[from] Sandstorm
|-heal|p2b: Dondozo|7/100|[from] item: Leftovers
|upkeep
|
|t:|1756487513
|switch|p2a: Gholdengo|Gholdengo, L50|2/100
|turn|11
|
|t:|1756487519
|move|p1b: Amoonguss|Rage Powder|p1b: Amoonguss
|-singleturn|p1b: Amoonguss|move: Rage Powder
|move|p2a: Gholdengo|Make It Rain|p1a: Gholdengo|[spread] p1a,p1b
|-resisted|p1a: Gholdengo
|-damage|p1a: Gholdengo|48/100
|-damage|p1b: Amoonguss|15/100
|-unboost|p2a: Gholdengo|spa|1
|move|p1a: Gholdengo|Make It Rain|p2a: Gholdengo|[spread] p2a,p2b
|-resisted|p2a: Gholdengo
|-resisted|p2b: Dondozo
|-damage|p2a: Gholdengo|0 fnt
|-damage|p2b: Dondozo|0 fnt
|-unboost|p1a: Gholdengo|spa|1
|faint|p2a: Gholdengo
|faint|p2b: Dondozo
|-damage|p1a: Gholdengo|38/100|[from] item: Life Orb
|
|win|fot fred avui
||fot fred avui is ready for game 3.
|inactive|Cines Yelmo has 30 seconds to confirm battle start!
||Cines Yelmo is ready for game 3.
|uhtml|next|Next: Game 3 of 3
|l|☆Cines Yelmo
|player|p2|
