|j|☆tostine
|j|☆Divine Monkey King
|html|tostineDivine Monkey King    
|uhtml|bestof|Game 1 of a best-of-3
|t:|1784822457
|gametype|doubles
|player|p1|tostine|101|1153
|player|p2|Divine Monkey King|silver|1143
|gen|9
|tier|[Gen 9 Champions] VGC 2026 Reg M-B (Bo3)
|rated|
|rule|Species Clause: Limit one of each Pokémon
|rule|Item Clause: Limit 1 of each item
|clearpoke
|poke|p1|Meganium, L50, M|
|poke|p1|Farigiraf, L50, M|
|poke|p1|Politoed, L50, F|
|poke|p1|Basculegion, L50, M|
|poke|p1|Ninetales-Alola, L50, F|
|poke|p1|Drampa, L50, M|
|poke|p2|Tyranitar, L50, M, shiny|
|poke|p2|Aerodactyl, L50, M, shiny|
|poke|p2|Pelipper, L50, M, shiny|
|poke|p2|Basculegion, L50, M, shiny|
|poke|p2|Beedrill, L50, M, shiny|
|poke|p2|Annihilape, L50, M, shiny|
|teampreview|4
|showteam|p1|Meganium||Meganiumite|LeafGuard|SolarBeam,DazzlingGleam,Synthesis,WeatherBall|Quiet||M|||50|]Farigiraf||SitrusBerry|ArmorTail|TrickRoom,HyperVoice,AllySwitch,HelpingHand|Sassy||M|||50|]Politoed||DampRock|Drizzle|Encore,HelpingHand,MuddyWater,IcyWind|Bold||F|||50|]Basculegion||ChoiceScarf|Adaptability|WaveCrash,FlipTurn,LastRespects,PsychicFangs|Jolly||M|||50|]Ninetales-Alola||BabiriBerry|SnowWarning|Blizzard,Disable,AuroraVeil,Protect|Timid||F|||50|]Drampa||Drampanite|Berserk|Protect,HyperVoice,DracoMeteor,Roost|Modest||M|||50|
|showteam|p2|Tyranitar||Tyranitarite|SandStream|BrickBreak,KnockOff,Protect,RockSlide|Adamant||M|||50|]Aerodactyl||FocusSash|Unnerve|DualWingbeat,IronHead,Protect,Tailwind|Jolly||M|||50|]Pelipper||WacanBerry|Drizzle|Hurricane,IceBeam,Protect,WeatherBall|Calm||M|||50|]Basculegion||MysticWater|SwiftSwim|AquaJet,FlipTurn,LastRespects,Protect|Adamant||M|||50|]Beedrill||Beedrillite|Sniper|PoisonJab,Protect,Uturn,FellStinger|Jolly||M|||50|]Annihilape||Leftovers|Defiant|BulkUp,DrainPunch,Protect,ThunderPunch|Adamant||M|||50|
|
|t:|1784822526
|teamsize|p1|4
|teamsize|p2|4
|start
|switch|p1a: Farigiraf|Farigiraf, L50, M|100/100
|switch|p1b: Basculegion|Basculegion, L50, M|100/100
|switch|p2a: Aerodactyl|Aerodactyl, L50, M, shiny|100/100
|switch|p2b: Tyranitar|Tyranitar, L50, M, shiny|100/100
|-ability|p2a: Aerodactyl|Unnerve
|-weather|Sandstorm|[from] ability: Sand Stream|[of] p2b: Tyranitar
|turn|1
|
|t:|1784822554
|move|p1b: Basculegion|Flip Turn|p2b: Tyranitar
|-supereffective|p2b: Tyranitar|1
|-damage|p2b: Tyranitar|42/100
|
|t:|1784822566
|switch|p1b: Meganium|Meganium, L50, M|100/100|[from] Flip Turn
|move|p2a: Aerodactyl|Iron Head|p1a: Farigiraf
|-damage|p1a: Farigiraf|76/100
|move|p2b: Tyranitar|Knock Off|p1a: Farigiraf
|-supereffective|p1a: Farigiraf|1
|-crit|p1a: Farigiraf
|-damage|p1a: Farigiraf|0 fnt
|-enditem|p1a: Farigiraf|Sitrus Berry|[from] move: Knock Off|[of] p2b: Tyranitar
|faint|p1a: Farigiraf
|
|-weather|Sandstorm|[upkeep]
|-damage|p1b: Meganium|94/100|[from] Sandstorm
|upkeep
|
|t:|1784822578
|switch|p1a: Basculegion|Basculegion, L50, M|100/100
|turn|2
|
|t:|1784822599
|detailschange|p1b: Meganium|Meganium-Mega, L50, M
|-mega|p1b: Meganium|Meganium|Meganiumite
|move|p2b: Tyranitar|Protect|p2b: Tyranitar
|-singleturn|p2b: Tyranitar|Protect
|move|p1a: Basculegion|Wave Crash|p2a: Aerodactyl
|-supereffective|p2a: Aerodactyl|1
|-enditem|p2a: Aerodactyl|Focus Sash
|-damage|p2a: Aerodactyl|1/100
|-damage|p1a: Basculegion|74/100|[from] Recoil
|move|p2a: Aerodactyl|Tailwind|p2a: Aerodactyl
|-sidestart|p2: Divine Monkey King|move: Tailwind
|move|p1b: Meganium|Dazzling Gleam|p2a: Aerodactyl|[spread] p2a
|-activate|p2b: Tyranitar|move: Protect
|-damage|p2a: Aerodactyl|0 fnt
|faint|p2a: Aerodactyl
|
|-weather|Sandstorm|[upkeep]
|-damage|p1a: Basculegion|68/100|[from] Sandstorm
|-damage|p1b: Meganium|88/100|[from] Sandstorm
|upkeep
|
|t:|1784822617
|switch|p2a: Beedrill|Beedrill, L50, M, shiny|100/100
|turn|3
|
|t:|1784822634
|detailschange|p2a: Beedrill|Beedrill-Mega, L50, M, shiny
|-mega|p2a: Beedrill|Beedrill|Beedrillite
|move|p2a: Beedrill|Poison Jab|p1b: Meganium
|-supereffective|p1b: Meganium|2
|-damage|p1b: Meganium|0 fnt
|faint|p1b: Meganium
|move|p1a: Basculegion|Wave Crash|p2b: Tyranitar
|-supereffective|p2b: Tyranitar|1
|-damage|p2b: Tyranitar|0 fnt
|faint|p2b: Tyranitar
|-damage|p1a: Basculegion|53/100|[from] Recoil
|
|-weather|Sandstorm|[upkeep]
|-damage|p2a: Beedrill|94/100|[from] Sandstorm
|-damage|p1a: Basculegion|47/100|[from] Sandstorm
|upkeep
|
|t:|1784822642
|switch|p1b: Ninetales|Ninetales-Alola, L50, F|100/100
|switch|p2b: Pelipper|Pelipper, L50, M, shiny|100/100
|-weather|RainDance|[from] ability: Drizzle|[of] p2b: Pelipper
|-weather|Snowscape|[from] ability: Snow Warning|[of] p1b: Ninetales
|turn|4
|
|t:|1784822664
|move|p2a: Beedrill|Protect|p2a: Beedrill
|-singleturn|p2a: Beedrill|Protect
|move|p1b: Ninetales|Protect|p1b: Ninetales
|-singleturn|p1b: Ninetales|Protect
|move|p1a: Basculegion|Wave Crash|p2a: Beedrill
|-activate|p2a: Beedrill|move: Protect
|move|p2b: Pelipper|Hurricane|p1a: Basculegion
|-damage|p1a: Basculegion|0 fnt
|faint|p1a: Basculegion
|
|-weather|Snowscape|[upkeep]
|upkeep
|turn|5
|
|t:|1784822681
|move|p2a: Beedrill|Poison Jab|p1b: Ninetales
|-supereffective|p1b: Ninetales|1
|-damage|p1b: Ninetales|0 fnt
|faint|p1b: Ninetales
|
|win|Divine Monkey King
||tostine is ready for game 2.
|inactive|Divine Monkey King has 30 seconds to confirm battle start!
||Divine Monkey King is ready for game 2.
|uhtml|next|Next: Game 2 of 3
|l|☆tostine
|player|p1|
