|j|☆tylchi
|j|☆CarrettaVGC
|html|tylchiCarrettaVGC    
|uhtml|bestof|Game 2 of a best-of-3
|t:|1784048436
|gametype|doubles
|player|p1|tylchi|265|1059
|player|p2|CarrettaVGC|morty|1155
|gen|9
|tier|[Gen 9 Champions] VGC 2026 Reg M-B (Bo3)
|rated|
|rule|Species Clause: Limit one of each Pokémon
|rule|Item Clause: Limit 1 of each item
|clearpoke
|poke|p1|Starmie, L50, shiny|
|poke|p1|Archaludon, L50, M|
|poke|p1|Raichu, L50, M|
|poke|p1|Pelipper, L50, F|
|poke|p1|Sneasler, L50, M|
|poke|p1|Basculegion, L50, M|
|poke|p2|Garchomp, L50, F|
|poke|p2|Venusaur, L50, F|
|poke|p2|Incineroar, L50, F|
|poke|p2|Charizard, L50, M|
|poke|p2|Toxapex, L50, M|
|poke|p2|Annihilape, L50, M|
|teampreview|4
|showteam|p1|Starmie||Starminite|Illuminate|Liquidation,Protect,IceSpinner,PsychoCut|Jolly|||||50|]Archaludon||Leftovers|Stamina|FlashCannon,ElectroShot,DracoMeteor,Protect|Timid||M|||50|]Raichu||RaichuniteY|Static|ZapCannon,FakeOut,FocusBlast,Protect|Hasty||M|||50|]Pelipper||FocusSash|Drizzle|Tailwind,WideGuard,WeatherBall,Protect|Bold||F|||50|]Sneasler||WhiteHerb|Unburden|FakeOut,Uturn,CloseCombat,DireClaw|Adamant||M|||50|]Basculegion||ChoiceScarf|Adaptability|WaveCrash,LastRespects,IceFang,FlipTurn|Jolly||M|||50|
|showteam|p2|Garchomp||ChoiceScarf|RoughSkin|Earthquake,RockSlide,DragonClaw,StompingTantrum|Adamant||F|||50|]Venusaur||LifeOrb|Chlorophyll|SludgeBomb,SolarBeam,EarthPower,Protect|Modest||F|||50|]Incineroar||SitrusBerry|Intimidate|FakeOut,FlareBlitz,ThroatChop,PartingShot|Impish||F|||50|]Charizard||CharizarditeY|Blaze|HeatWave,WeatherBall,Protect,HelpingHand|Modest||M|||50|]Toxapex||Leftovers|Regenerator|Infestation,Toxic,WideGuard,BanefulBunker|Impish||M|||50|]Annihilape||FocusSash|Defiant|CloseCombat,PhantomForce,RockTomb,Protect|Jolly||M|||50|
|inactive|Battle timer is ON: inactive players will automatically lose when time's up. (requested by CarrettaVGC)
|inactive|tylchi also wants the timer to be on.
|inactive|CarrettaVGC has 60 seconds left.
|
|t:|1784048475
|teamsize|p1|4
|teamsize|p2|4
|start
|switch|p1a: Basculegion|Basculegion, L50, M|100/100
|switch|p1b: Sneasler|Sneasler, L50, M|100/100
|switch|p2a: Incineroar|Incineroar, L50, F|100/100
|switch|p2b: Toxapex|Toxapex, L50, M|100/100
|-ability|p2a: Incineroar|Intimidate|boost
|-unboost|p1a: Basculegion|atk|1
|-unboost|p1b: Sneasler|atk|1
|-enditem|p1b: Sneasler|White Herb
|-clearnegativeboost|p1b: Sneasler|[silent]
|turn|1
|
|t:|1784048494
|move|p1b: Sneasler|Fake Out|p2b: Toxapex
|-damage|p2b: Toxapex|89/100
|move|p1a: Basculegion|Flip Turn|p2a: Incineroar
|-supereffective|p2a: Incineroar|1
|-crit|p2a: Incineroar
|-damage|p2a: Incineroar|20/100y
|-enditem|p2a: Incineroar|Sitrus Berry|[eat]
|-heal|p2a: Incineroar|45/100|[from] item: Sitrus Berry
|
|t:|1784048500
|switch|p1a: Pelipper|Pelipper, L50, F|100/100|[from] Flip Turn
|-weather|RainDance|[from] ability: Drizzle|[of] p1a: Pelipper
|move|p2a: Incineroar|Parting Shot|p1a: Pelipper
|-unboost|p1a: Pelipper|atk|1
|-unboost|p1a: Pelipper|spa|1
|
|t:|1784048509
|switch|p2a: Charizard|Charizard, L50, M|100/100|[from] Parting Shot
|cant|p2b: Toxapex|flinch
|
|-weather|RainDance|[upkeep]
|-heal|p2b: Toxapex|95/100|[from] item: Leftovers
|upkeep
|turn|2
|
|t:|1784048525
|switch|p1a: Basculegion|Basculegion, L50, M|100/100
|detailschange|p2a: Charizard|Charizard-Mega-Y, L50, M
|-mega|p2a: Charizard|Charizard|Charizardite Y
|-weather|SunnyDay|[from] ability: Drought|[of] p2a: Charizard
|move|p1b: Sneasler|U-turn|p2a: Charizard
|-resisted|p2a: Charizard|2
|-damage|p2a: Charizard|93/100
|
|t:|1784048534
|switch|p1b: Pelipper|Pelipper, L50, F|100/100|[from] U-turn
|-weather|RainDance|[from] ability: Drizzle|[of] p1b: Pelipper
|move|p2a: Charizard|Heat Wave|p1a: Basculegion|[spread] p1a,p1b
|-resisted|p1a: Basculegion|1
|-resisted|p1b: Pelipper|1
|-damage|p1a: Basculegion|88/100
|-damage|p1b: Pelipper|86/100
|move|p2b: Toxapex|Infestation|p1b: Pelipper
|-resisted|p1b: Pelipper|1
|-crit|p1b: Pelipper
|-damage|p1b: Pelipper|83/100
|-activate|p1b: Pelipper|move: Infestation|[of] p2b: Toxapex
|
|-weather|RainDance|[upkeep]
|-heal|p2b: Toxapex|100/100|[from] item: Leftovers
|-damage|p1b: Pelipper|71/100|[from] move: Infestation|[partiallytrapped]
|upkeep
|turn|3
|
|t:|1784048550
|switch|p2a: Incineroar|Incineroar, L50, F|45/100
|-ability|p2a: Incineroar|Intimidate|boost
|-unboost|p1a: Basculegion|atk|1
|-unboost|p1b: Pelipper|atk|1
|move|p2b: Toxapex|Baneful Bunker|p2b: Toxapex
|-singleturn|p2b: Toxapex|move: Protect
|move|p1a: Basculegion|Flip Turn|p2a: Incineroar
|-supereffective|p2a: Incineroar|1
|-damage|p2a: Incineroar|0 fnt
|faint|p2a: Incineroar
|
|t:|1784048561
|switch|p1a: Sneasler|Sneasler, L50, M|100/100|[from] Flip Turn
|move|p1b: Pelipper|Tailwind|p1b: Pelipper
|-sidestart|p1: tylchi|move: Tailwind
|
|-weather|RainDance|[upkeep]
|-damage|p1b: Pelipper|59/100|[from] move: Infestation|[partiallytrapped]
|upkeep
|inactive|CarrettaVGC has 30 seconds left.
|
|t:|1784048595
|switch|p2a: Charizard|Charizard-Mega-Y, L50, M|93/100
|-weather|SunnyDay|[from] ability: Drought|[of] p2a: Charizard
|turn|4
|l|☆tylchi
|inactive|tylchi disconnected and has a minute to reconnect!
|player|p1|
|j|☆tylchi
|inactive|tylchi reconnected and has 50 seconds left.
|player|p1|tylchi|265|
|
|t:|1784048611
|move|p1b: Pelipper|Protect|p1b: Pelipper
|-singleturn|p1b: Pelipper|Protect
|move|p1a: Sneasler|U-turn|p2a: Charizard
|-resisted|p2a: Charizard|2
|-damage|p2a: Charizard|86/100
|
|t:|1784048620
|switch|p1a: Basculegion|Basculegion, L50, M|88/100|[from] U-turn
|move|p2a: Charizard|Weather Ball|p1a: Basculegion
|-resisted|p1a: Basculegion|1
|-damage|p1a: Basculegion|35/100
|move|p2b: Toxapex|Toxic|p1b: Pelipper
|-activate|p1b: Pelipper|move: Protect
|
|-weather|SunnyDay|[upkeep]
|-damage|p1b: Pelipper|47/100|[from] move: Infestation|[partiallytrapped]
|upkeep
|turn|5
|inactive|tylchi has 30 seconds left.
|
|t:|1784048649
|move|p1b: Pelipper|Wide Guard|p1b: Pelipper
|-singleturn|p1b: Pelipper|Wide Guard
|move|p1a: Basculegion|Flip Turn|p2a: Charizard
|-supereffective|p2a: Charizard|1
|-damage|p2a: Charizard|49/100
|
|t:|1784048654
|switch|p1a: Sneasler|Sneasler, L50, M|100/100|[from] Flip Turn
|move|p2a: Charizard|Weather Ball|p1a: Sneasler
|-damage|p1a: Sneasler|0 fnt
|faint|p1a: Sneasler
|move|p2b: Toxapex|Toxic|p1b: Pelipper
|-status|p1b: Pelipper|tox
|
|-weather|SunnyDay|[upkeep]
|-damage|p1b: Pelipper|41/100 tox|[from] psn
|-damage|p1b: Pelipper|29/100 tox|[from] move: Infestation|[partiallytrapped]
|upkeep
|
|t:|1784048661
|switch|p1a: Starmie|Starmie, L50, shiny|100/100
|turn|6
|
|t:|1784048681
|detailschange|p1a: Starmie|Starmie-Mega, L50, shiny
|-mega|p1a: Starmie|Starmie|Starminite
|move|p2a: Charizard|Protect|p2a: Charizard
|-singleturn|p2a: Charizard|Protect
|move|p2b: Toxapex|Baneful Bunker|p2b: Toxapex
|-singleturn|p2b: Toxapex|move: Protect
|move|p1a: Starmie|Psycho Cut|p2b: Toxapex
|-activate|p2b: Toxapex|move: Protect
|move|p1b: Pelipper|Weather Ball|p2a: Charizard
|-activate|p2a: Charizard|move: Protect
|
|-weather|SunnyDay|[upkeep]
|-damage|p1b: Pelipper|17/100 tox|[from] psn
|-end|p1b: Pelipper|Infestation|[partiallytrapped]
|-sideend|p1: tylchi|move: Tailwind
|upkeep
|turn|7
|
|t:|1784048697
|switch|p1b: Basculegion|Basculegion, L50, M|35/100
|move|p1a: Starmie|Psycho Cut|p2b: Toxapex
|-supereffective|p2b: Toxapex|1
|-damage|p2b: Toxapex|22/100
|move|p2a: Charizard|Heat Wave|p1a: Starmie|[spread] p1a,p1b
|-resisted|p1a: Starmie|1
|-resisted|p1b: Basculegion|1
|-damage|p1a: Starmie|62/100
|-damage|p1b: Basculegion|1/100
|-status|p1a: Starmie|brn
|move|p2b: Toxapex|Toxic||[still]
|-fail|p2b: Toxapex
|
|-weather|SunnyDay|[upkeep]
|-heal|p2b: Toxapex|28/100|[from] item: Leftovers
|-damage|p1a: Starmie|56/100 brn|[from] brn
|upkeep
|turn|8
|
|t:|1784048714
|switch|p2a: Venusaur|Venusaur, L50, F|100/100
|move|p2b: Toxapex|Baneful Bunker|p2b: Toxapex
|-singleturn|p2b: Toxapex|move: Protect
|move|p1b: Basculegion|Flip Turn|p2a: Venusaur
|-resisted|p2a: Venusaur|1
|-damage|p2a: Venusaur|89/100
|
|t:|1784048722
|switch|p1b: Pelipper|Pelipper, L50, F|17/100 tox|[from] Flip Turn
|-weather|RainDance|[from] ability: Drizzle|[of] p1b: Pelipper
|move|p1a: Starmie|Psycho Cut|p2b: Toxapex
|-activate|p2b: Toxapex|move: Protect
|
|-weather|RainDance|[upkeep]
|-heal|p2b: Toxapex|33/100|[from] item: Leftovers
|-damage|p1b: Pelipper|11/100 tox|[from] psn
|-damage|p1a: Starmie|51/100 brn|[from] brn
|upkeep
|turn|9
|
|t:|1784048734
|-heal|p2b: Toxapex|66/100|[from] ability: Regenerator|[silent]
|switch|p2b: Charizard|Charizard-Mega-Y, L50, M|49/100
|-weather|SunnyDay|[from] ability: Drought|[of] p2b: Charizard
|move|p2a: Venusaur|Solar Beam||[still]
|-prepare|p2a: Venusaur|Solar Beam
|-anim|p2a: Venusaur|Solar Beam|p1a: Starmie
|-supereffective|p1a: Starmie|1
|-damage|p1a: Starmie|0 fnt
|faint|p1a: Starmie
|-damage|p2a: Venusaur|79/100|[from] item: Life Orb
|move|p1b: Pelipper|Weather Ball|p2a: Venusaur
|-supereffective|p2a: Venusaur|1
|-damage|p2a: Venusaur|8/100
|
|-weather|SunnyDay|[upkeep]
|-damage|p1b: Pelipper|0 fnt|[from] psn
|faint|p1b: Pelipper
|upkeep
|
|t:|1784048743
|switch|p1b: Basculegion|Basculegion, L50, M|1/100
|turn|10
|
|t:|1784048749
|move|p2a: Venusaur|Solar Beam||[still]
|-prepare|p2a: Venusaur|Solar Beam
|-anim|p2a: Venusaur|Solar Beam|p1b: Basculegion
|-supereffective|p1b: Basculegion|1
|-crit|p1b: Basculegion
|-damage|p1b: Basculegion|0 fnt
|faint|p1b: Basculegion
|-damage|p2a: Venusaur|0 fnt|[from] item: Life Orb
|faint|p2a: Venusaur
|
|win|CarrettaVGC
||CarrettaVGC is ready for game 3.
||tylchi is ready for game 3.
|uhtml|next|Next: Game 3 of 3
|l|☆tylchi
|player|p1|
