|j|☆Shirudo_
|j|☆homerj71
|html|Shirudo_homerj71    
|uhtml|bestof|Game 1 of a best-of-3
|t:|1783703452
|gametype|doubles
|player|p1|Shirudo_|170|1175
|player|p2|homerj71|1|1287
|gen|9
|tier|[Gen 9 Champions] VGC 2026 Reg M-B (Bo3)
|rated|
|rule|Species Clause: Limit one of each Pokémon
|rule|Item Clause: Limit 1 of each item
|clearpoke
|poke|p1|Garchomp, L50, M|
|poke|p1|Incineroar, L50, F|
|poke|p1|Venusaur, L50, M|
|poke|p1|Floette-Eternal, L50, F|
|poke|p1|Sinistcha, L50|
|poke|p1|Charizard, L50, M|
|poke|p2|Delphox, L50, M|
|poke|p2|Incineroar, L50, M|
|poke|p2|Floette-Eternal, L50, F|
|poke|p2|Kingambit, L50, M|
|poke|p2|Sinistcha, L50|
|poke|p2|Sneasler, L50, M|
|teampreview|4
|showteam|p1|Garchomp||ChoiceScarf|SandVeil|DragonClaw,Earthquake,StompingTantrum,RockSlide|Adamant||M|||50|]Incineroar||SitrusBerry|Intimidate|FakeOut,FlareBlitz,PartingShot,DarkestLariat|Careful||F|||50|]Venusaur||FocusSash|Chlorophyll|EarthPower,Protect,SleepPowder,SludgeBomb|Timid||M|||50|]Floette-Eternal||Floettite|FlowerVeil|DazzlingGleam,CalmMind,Protect,Moonblast|Modest||F|||50|]Sinistcha||Leftovers|Hospitality|LifeDew,RagePowder,Protect,TrickRoom|Relaxed|||||50|]Charizard||CharizarditeY|Blaze|AncientPower,HeatWave,WeatherBall,Protect|Modest||M|||50|
|showteam|p2|Delphox||Delphoxite|Blaze|HeatWave,Psychic,NastyPlot,Protect|Timid||M|||50|]Incineroar||SitrusBerry|Intimidate|FlareBlitz,DarkestLariat,FakeOut,PartingShot|Careful||M|||50|]Floette-Eternal||Floettite|FlowerVeil|DazzlingGleam,DrainingKiss,CalmMind,Protect|Bold||F|||50|]Kingambit||BlackGlasses|Defiant|KowtowCleave,SuckerPunch,SwordsDance,Protect|Adamant||M|||50|]Sinistcha||OccaBerry|Hospitality|MatchaGotcha,RagePowder,TrickRoom,Protect|Bold|||||50|]Sneasler||FocusSash|PoisonTouch|CloseCombat,PoisonJab,FakeOut,QuickGuard|Jolly||M|||50|
|inactive|Battle timer is ON: inactive players will automatically lose when time's up. (requested by homerj71)
|j| Tyho45
|inactive|Shirudo_ has 60 seconds left.
|inactive|homerj71 has 60 seconds left.
|
|t:|1783703496
|teamsize|p1|4
|teamsize|p2|4
|start
|switch|p1a: Incineroar|Incineroar, L50, F|100/100
|switch|p1b: Floette|Floette-Eternal, L50, F|100/100
|switch|p2a: Incineroar|Incineroar, L50, M|100/100
|switch|p2b: Delphox|Delphox, L50, M|100/100
|-ability|p1a: Incineroar|Intimidate|boost
|-unboost|p2a: Incineroar|atk|1
|-unboost|p2b: Delphox|atk|1
|-ability|p2a: Incineroar|Intimidate|boost
|-unboost|p1a: Incineroar|atk|1
|-unboost|p1b: Floette|atk|1
|turn|1
|inactive|homerj71 has 30 seconds left.
|
|t:|1783703523
|detailschange|p2b: Delphox|Delphox-Mega, L50, M
|-mega|p2b: Delphox|Delphox|Delphoxite
|detailschange|p1b: Floette|Floette-Mega, L50, F
|-mega|p1b: Floette|Floette|Floettite
|-ability|p1b: Floette|Fairy Aura
|move|p1a: Incineroar|Fake Out|p2b: Delphox
|-damage|p2b: Delphox|91/100
|cant|p2b: Delphox|flinch
|move|p1b: Floette|Calm Mind|p1b: Floette
|-boost|p1b: Floette|spa|1
|-boost|p1b: Floette|spd|1
|move|p2a: Incineroar|Parting Shot|p1b: Floette
|-unboost|p1b: Floette|atk|1
|-unboost|p1b: Floette|spa|1
|
|t:|1783703538
|switch|p2a: Sneasler|Sneasler, L50, M|100/100|[from] Parting Shot
|
|upkeep
|turn|2
|
|t:|1783703557
|switch|p1a: Sinistcha|Sinistcha, L50|100/100
|move|p2a: Sneasler|Fake Out|p1a: Sinistcha
|-immune|p1a: Sinistcha
|move|p2b: Delphox|Nasty Plot|p2b: Delphox
|-boost|p2b: Delphox|spa|2
|move|p1b: Floette|Calm Mind|p1b: Floette
|-boost|p1b: Floette|spa|1
|-boost|p1b: Floette|spd|1
|
|upkeep
|turn|3
|
|t:|1783703579
|move|p1b: Floette|Protect|p1b: Floette
|-singleturn|p1b: Floette|Protect
|move|p2b: Delphox|Heat Wave|p1a: Sinistcha|[spread] p1a
|-activate|p1b: Floette|move: Protect
|-supereffective|p1a: Sinistcha|1
|-damage|p1a: Sinistcha|0 fnt
|faint|p1a: Sinistcha
|move|p2a: Sneasler|Poison Jab|p1b: Floette
|-activate|p1b: Floette|move: Protect
|
|upkeep
|
|t:|1783703590
|switch|p1a: Incineroar|Incineroar, L50, F|100/100
|-ability|p1a: Incineroar|Intimidate|boost
|-unboost|p2a: Sneasler|atk|1
|-unboost|p2b: Delphox|atk|1
|turn|4
|
|t:|1783703599
|switch|p2a: Incineroar|Incineroar, L50, M|100/100
|-ability|p2a: Incineroar|Intimidate|boost
|-unboost|p1a: Incineroar|atk|1
|-unboost|p1b: Floette|atk|1
|move|p2b: Delphox|Protect|p2b: Delphox
|-singleturn|p2b: Delphox|Protect
|move|p1b: Floette|Dazzling Gleam|p2b: Delphox|[spread] p2a
|-activate|p2b: Delphox|move: Protect
|-damage|p2a: Incineroar|43/100
|-enditem|p2a: Incineroar|Sitrus Berry|[eat]
|-heal|p2a: Incineroar|68/100|[from] item: Sitrus Berry
|move|p1a: Incineroar|Darkest Lariat|p2b: Delphox
|-activate|p2b: Delphox|move: Protect
|
|upkeep
|turn|5
|inactive|Shirudo_ has 30 seconds left.
|
|t:|1783703625
|switch|p1a: Garchomp|Garchomp, L50, M|100/100
|move|p1b: Floette|Protect|p1b: Floette
|-singleturn|p1b: Floette|Protect
|move|p2a: Incineroar|Fake Out|p1a: Garchomp
|-damage|p1a: Garchomp|88/100
|move|p2b: Delphox|Heat Wave|p1a: Garchomp|[spread] p1a
|-activate|p1b: Floette|move: Protect
|-resisted|p1a: Garchomp|1
|-damage|p1a: Garchomp|50/100g
|
|upkeep
|turn|6
|
|t:|1783703650
|move|p1a: Garchomp|Stomping Tantrum|p2a: Incineroar
|-supereffective|p2a: Incineroar|1
|-damage|p2a: Incineroar|0 fnt
|faint|p2a: Incineroar
|move|p2b: Delphox|Psychic|p1a: Garchomp
|-damage|p1a: Garchomp|0 fnt
|faint|p1a: Garchomp
|move|p1b: Floette|Calm Mind|p1b: Floette
|-boost|p1b: Floette|spa|1
|-boost|p1b: Floette|spd|1
|
|upkeep
|
|t:|1783703660
|switch|p1a: Incineroar|Incineroar, L50, F|100/100
|switch|p2a: Sinistcha|Sinistcha, L50|100/100
|-ability|p1a: Incineroar|Intimidate|boost
|-unboost|p2a: Sinistcha|atk|1
|-unboost|p2b: Delphox|atk|1
|-heal|p2b: Delphox|100/100|[from] ability: Hospitality|[of] p2a: Sinistcha
|turn|7
|
|t:|1783703683
|move|p2b: Delphox|Protect|p2b: Delphox
|-singleturn|p2b: Delphox|Protect
|move|p1b: Floette|Dazzling Gleam|p2b: Delphox|[spread] p2a
|-activate|p2b: Delphox|move: Protect
|-damage|p2a: Sinistcha|10/100
|move|p1a: Incineroar|Flare Blitz|p2a: Sinistcha
|-supereffective|p2a: Sinistcha|1
|-enditem|p2a: Sinistcha|Occa Berry|[eat]
|-enditem|p2a: Sinistcha|Occa Berry|[weaken]
|-damage|p2a: Sinistcha|0 fnt
|faint|p2a: Sinistcha
|-damage|p1a: Incineroar|97/100|[from] Recoil
|
|upkeep
|
|t:|1783703692
|switch|p2a: Sneasler|Sneasler, L50, M|100/100
|turn|8
|
|t:|1783703703
|move|p1b: Floette|Protect|p1b: Floette
|-singleturn|p1b: Floette|Protect
|move|p2b: Delphox|Heat Wave|p1a: Incineroar|[spread] p1a
|-activate|p1b: Floette|move: Protect
|-resisted|p1a: Incineroar|1
|-damage|p1a: Incineroar|64/100
|move|p2a: Sneasler|Close Combat|p1a: Incineroar
|-supereffective|p1a: Incineroar|1
|-damage|p1a: Incineroar|0 fnt
|-unboost|p2a: Sneasler|def|1
|-unboost|p2a: Sneasler|spd|1
|faint|p1a: Incineroar
|
|upkeep
|turn|9
|-message|Shirudo_ forfeited.
|
|win|homerj71
