|j|☆Gastrosophilipp
|j|☆jeanryupr
|html|Gastrosophilippjeanryupr    
|uhtml|bestof|Game 2 of a best-of-3
|t:|1785759573
|gametype|doubles
|player|p1|Gastrosophilipp|juan|1237
|player|p2|jeanryupr|170|1145
|gen|9
|tier|[Gen 9 Champions] VGC 2026 Reg M-B (Bo3)
|rated|
|rule|Species Clause: Limit one of each Pokémon
|rule|Item Clause: Limit 1 of each item
|clearpoke
|poke|p1|Sinistcha, L50|
|poke|p1|Incineroar, L50, M|
|poke|p1|Milotic, L50, F|
|poke|p1|Raichu, L50, M|
|poke|p1|Floette-Eternal, L50, F|
|poke|p1|Ceruledge, L50, M|
|poke|p2|Raichu, L50, M|
|poke|p2|Aerodactyl, L50, M|
|poke|p2|Sylveon, L50, F|
|poke|p2|Basculegion, L50, M|
|poke|p2|Farigiraf, L50, M|
|poke|p2|Garchomp, L50, M|
|teampreview|4
|showteam|p1|Sinistcha||KasibBerry|Hospitality|MatchaGotcha,LifeDew,RagePowder,Protect|Relaxed|||||50|]Incineroar||SitrusBerry|Intimidate|FlareBlitz,ThroatChop,FakeOut,PartingShot|Impish||M|||50|]Milotic||Leftovers|Competitive|MuddyWater,Coil,Hypnosis,Protect|Calm||F|||50|]Raichu||RaichuniteY|LightningRod|ZapCannon,FocusBlast,FakeOut,Protect|Timid||M|||50|]Floette-Eternal||Floettite|FlowerVeil|DazzlingGleam,DrainingKiss,CalmMind,Protect|Timid||F|||50|]Ceruledge||FocusSash|FlashFire|BitterBlade,ShadowSneak,BulkUp,Protect|Adamant||M|||50|
|showteam|p2|Raichu||RaichuniteY|LightningRod|ZapCannon,FocusBlast,FakeOut,Protect|Timid||M|||50|]Aerodactyl||Aerodactylite|Unnerve|WideGuard,IceFang,RockSlide,Tailwind|Jolly||M|||50|]Sylveon||FairyFeather|Pixilate|Detect,QuickAttack,HyperBeam,HyperVoice|Modest||F|||50|]Basculegion||MysticWater|Adaptability|WaveCrash,LastRespects,AquaJet,Protect|Adamant||M|||50|]Farigiraf||SitrusBerry|ArmorTail|TrickRoom,HelpingHand,Thunderbolt,Psychic|Bold||M|||50|]Garchomp|||RoughSkin|Protect,DragonClaw,StompingTantrum,Earthquake|Jolly||M|||50|
|inactive|Battle timer is ON: inactive players will automatically lose when time's up. (requested by Gastrosophilipp)
|inactive|Gastrosophilipp has 60 seconds left.
|inactive|Gastrosophilipp has 30 seconds left.
|
|t:|1785759641
|teamsize|p1|4
|teamsize|p2|4
|start
|switch|p1a: Incineroar|Incineroar, L50, M|100/100
|switch|p1b: Floette|Floette-Eternal, L50, F|100/100
|switch|p2a: Raichu|Raichu, L50, M|100/100
|switch|p2b: Garchomp|Garchomp, L50, M|100/100
|-ability|p1a: Incineroar|Intimidate|boost
|-unboost|p2a: Raichu|atk|1
|-unboost|p2b: Garchomp|atk|1
|turn|1
|inactive|Gastrosophilipp has 30 seconds left.
|inactive|Gastrosophilipp has 20 seconds left.
|
|t:|1785759679
|switch|p1a: Raichu|Raichu, L50, M|100/100
|detailschange|p2a: Raichu|Raichu-Mega-Y, L50, M
|-mega|p2a: Raichu|Raichu|Raichunite Y
|detailschange|p1b: Floette|Floette-Mega, L50, F
|-mega|p1b: Floette|Floette|Floettite
|-ability|p1b: Floette|Fairy Aura
|move|p2a: Raichu|Fake Out|p1a: Raichu
|-damage|p1a: Raichu|91/100
|move|p1b: Floette|Calm Mind|p1b: Floette
|-boost|p1b: Floette|spa|1
|-boost|p1b: Floette|spd|1
|move|p2b: Garchomp|Stomping Tantrum|p1a: Raichu
|-supereffective|p1a: Raichu|1
|-damage|p1a: Raichu|21/100
|
|upkeep
|turn|2
|inactive|Gastrosophilipp has 30 seconds left.
|inactive|jeanryupr has 30 seconds left.
|inactive|Gastrosophilipp has 20 seconds left.
|inactive|Gastrosophilipp has 15 seconds left.
|
|t:|1785759721
|move|p2a: Raichu|Protect|p2a: Raichu
|-singleturn|p2a: Raichu|Protect
|move|p1a: Raichu|Fake Out|p2a: Raichu
|-activate|p2a: Raichu|move: Protect
|move|p2b: Garchomp|Earthquake|p1a: Raichu|[spread] p1a,p1b
|-activate|p2a: Raichu|move: Protect
|-supereffective|p1a: Raichu|1
|-damage|p1a: Raichu|0 fnt
|-damage|p1b: Floette|75/100
|faint|p1a: Raichu
|move|p1b: Floette|Dazzling Gleam|p2a: Raichu|[spread] p2b
|-activate|p2a: Raichu|move: Protect
|-supereffective|p2b: Garchomp|1
|-damage|p2b: Garchomp|0 fnt
|faint|p2b: Garchomp
|
|upkeep
|
|t:|1785759737
|switch|p2b: Basculegion|Basculegion, L50, M|100/100
|switch|p1a: Incineroar|Incineroar, L50, M|100/100
|-ability|p1a: Incineroar|Intimidate|boost
|-unboost|p2a: Raichu|atk|1
|-unboost|p2b: Basculegion|atk|1
|turn|3
|inactive|Gastrosophilipp has 30 seconds left.
|inactive|Gastrosophilipp has 20 seconds left.
|inactive|Gastrosophilipp has 15 seconds left.
|
|t:|1785759781
|switch|p2b: Farigiraf|Farigiraf, L50, M|100/100
|switch|p1a: Ceruledge|Ceruledge, L50, M|100/100
|move|p1b: Floette|Protect|p1b: Floette
|-singleturn|p1b: Floette|Protect
|move|p2a: Raichu|Zap Cannon|p1b: Floette
|-activate|p1b: Floette|move: Protect
|
|upkeep
|turn|4
|inactive|Gastrosophilipp has 30 seconds left.
|inactive|Gastrosophilipp has 20 seconds left.
|
|t:|1785759817
|move|p2b: Farigiraf|Helping Hand|p2a: Raichu
|-singleturn|p2a: Raichu|Helping Hand|[of] p2b: Farigiraf
|move|p2a: Raichu|Zap Cannon|p1b: Floette
|-damage|p1b: Floette|26/100
|-status|p1b: Floette|par
|move|p1a: Ceruledge|Bitter Blade|p2a: Raichu
|-damage|p2a: Raichu|13/100
|move|p1b: Floette|Draining Kiss|p2b: Farigiraf
|-crit|p2b: Farigiraf
|-damage|p2b: Farigiraf|33/100
|-heal|p1b: Floette|98/100 par|[from] drain|[of] p2b: Farigiraf
|-enditem|p2b: Farigiraf|Sitrus Berry|[eat]
|-heal|p2b: Farigiraf|58/100|[from] item: Sitrus Berry
|
|upkeep
|turn|5
|inactive|Gastrosophilipp has 30 seconds left.
|inactive|jeanryupr has 30 seconds left.
|
|t:|1785759846
|move|p2b: Farigiraf|Helping Hand|p2a: Raichu
|-singleturn|p2a: Raichu|Helping Hand|[of] p2b: Farigiraf
|move|p1a: Ceruledge|Protect|p1a: Ceruledge
|-singleturn|p1a: Ceruledge|Protect
|move|p2a: Raichu|Zap Cannon|p1a: Ceruledge
|-activate|p1a: Ceruledge|move: Protect
|move|p1b: Floette|Draining Kiss|p2a: Raichu
|-damage|p2a: Raichu|0 fnt
|-heal|p1b: Floette|100/100 par|[from] drain|[of] p2a: Raichu
|faint|p2a: Raichu
|
|upkeep
|
|t:|1785759850
|switch|p2a: Basculegion|Basculegion, L50, M|100/100
|turn|6
|
|t:|1785759874
|switch|p1a: Incineroar|Incineroar, L50, M|100/100
|-ability|p1a: Incineroar|Intimidate|boost
|-unboost|p2a: Basculegion|atk|1
|-unboost|p2b: Farigiraf|atk|1
|move|p2b: Farigiraf|Helping Hand|p2a: Basculegion
|-singleturn|p2a: Basculegion|Helping Hand|[of] p2b: Farigiraf
|move|p2a: Basculegion|Wave Crash|p1b: Floette
|-damage|p1b: Floette|0 fnt
|faint|p1b: Floette
|-damage|p2a: Basculegion|73/100|[from] Recoil
|
|upkeep
|
|t:|1785759885
|switch|p1b: Ceruledge|Ceruledge, L50, M|100/100
|turn|7
|
|t:|1785759908
|move|p2b: Farigiraf|Helping Hand|p2a: Basculegion
|-singleturn|p2a: Basculegion|Helping Hand|[of] p2b: Farigiraf
|move|p2a: Basculegion|Wave Crash|p1a: Incineroar
|-supereffective|p1a: Incineroar|1
|-damage|p1a: Incineroar|0 fnt
|faint|p1a: Incineroar
|-damage|p2a: Basculegion|39/100|[from] Recoil
|move|p1b: Ceruledge|Bitter Blade|p2b: Farigiraf
|-damage|p2b: Farigiraf|18/100
|
|upkeep
|turn|8
|
|t:|1785759925
|move|p2b: Farigiraf|Helping Hand|p2a: Basculegion
|-singleturn|p2a: Basculegion|Helping Hand|[of] p2b: Farigiraf
|move|p2a: Basculegion|Wave Crash|p1b: Ceruledge
|-supereffective|p1b: Ceruledge|1
|-enditem|p1b: Ceruledge|Focus Sash
|-damage|p1b: Ceruledge|1/100
|-damage|p2a: Basculegion|9/100|[from] Recoil
|move|p1b: Ceruledge|Bitter Blade|p2b: Farigiraf
|-damage|p2b: Farigiraf|0 fnt
|-heal|p1b: Ceruledge|12/100|[from] drain|[of] p2b: Farigiraf
|faint|p2b: Farigiraf
|
|upkeep
|turn|9
|
|t:|1785759943
|move|p2a: Basculegion|Aqua Jet|p1b: Ceruledge
|-supereffective|p1b: Ceruledge|1
|-damage|p1b: Ceruledge|0 fnt
|faint|p1b: Ceruledge
|
|win|jeanryupr
