|j|☆akabaki
|j|☆Luna_walking
|html|akabakiLuna_walking    
|uhtml|bestof|Game 2 of a best-of-3
|t:|1755909932
|gametype|doubles
|player|p1|akabaki|266|1196
|player|p2|Luna_walking|1|1185
|gen|9
|tier|[Gen 9] VGC 2025 Reg H (Bo3)
|rated|
|rule|Species Clause: Limit one of each Pokémon
|rule|Item Clause: Limit 1 of each item
|clearpoke
|poke|p1|Gholdengo, L50|
|poke|p1|Hydreigon, L50, F|
|poke|p1|Talonflame, L50, F|
|poke|p1|Sneasler, L50, F|
|poke|p1|Clefable, L50, M|
|poke|p1|Garchomp, L50, F|
|poke|p2|Gholdengo, L50|
|poke|p2|Incineroar, L50, M|
|poke|p2|Amoonguss, L50, M|
|poke|p2|Archaludon, L50, M|
|poke|p2|Pelipper, L50, M|
|poke|p2|Basculegion, L50, M|
|teampreview|4
|showteam|p1|Gholdengo||Leftovers|GoodasGold|MakeItRain,ShadowBall,NastyPlot,Protect||||||50|,,,,,Water]Hydreigon||ChoiceSpecs|Levitate|DracoMeteor,DarkPulse,Snarl,HeatWave|||F|||50|,,,,,Fire]Talonflame||CovertCloak|GaleWings|DualWingbeat,Tailwind,Taunt,WillOWisp|||F|||50|,,,,,Grass]Sneasler||WhiteHerb|Unburden|DireClaw,CloseCombat,ThroatChop,Protect|||F|||50|,,,,,Dark]Clefable||SitrusBerry|Unaware|Moonblast,Protect,FollowMe,ThunderWave|||M|||50|,,,,,Water]Garchomp||LifeOrb|RoughSkin|DragonClaw,StompingTantrum,Earthquake,Protect|||F|||50|,,,,,Steel
|showteam|p2|Gholdengo||LifeOrb|GoodasGold|MakeItRain,ShadowBall,NastyPlot,Protect||||||50|,,,,,Water]Incineroar||SafetyGoggles|Intimidate|FlareBlitz,KnockOff,PartingShot,FakeOut|||M|||50|,,,,,Ghost]Amoonguss||SitrusBerry|Regenerator|PollenPuff,Spore,RagePowder,Protect|||M|||50|,,,,,Psychic]Archaludon||AssaultVest|Stamina|DragonPulse,FlashCannon,ElectroShot,BodyPress|||M|||50|,,,,,Bug]Pelipper||FocusSash|Drizzle|WeatherBall,Hurricane,Tailwind,Protect|||M|||50|,,,,,Ground]Basculegion||ChoiceBand|SwiftSwim|WaveCrash,LastRespects,FlipTurn,AquaJet|||M|||50|,,,,,Water
|inactive|Battle timer is ON: inactive players will automatically lose when time's up. (requested by akabaki)
|inactive|Luna_walking also wants the timer to be on.
|inactive|akabaki has 60 seconds left.
|inactive|Luna_walking has 60 seconds left.
|
|t:|1755909973
|teamsize|p1|4
|teamsize|p2|4
|start
|switch|p1a: Clefable|Clefable, L50, M|100/100
|switch|p1b: Gholdengo|Gholdengo, L50|100/100
|switch|p2a: Pelipper|Pelipper, L50, M, shiny|100/100
|switch|p2b: Basculegion|Basculegion, L50, M, shiny|100/100
|-weather|RainDance|[from] ability: Drizzle|[of] p2a: Pelipper
|turn|1
|inactive|Luna_walking has 30 seconds left.
|inactive|Luna_walking has 20 seconds left.
|inactive|Luna_walking has 15 seconds left.
|inactive|Luna_walking has 10 seconds left.
|inactive|Luna_walking has 5 seconds left.
|
|t:|1755910023
|-terastallize|p2b: Basculegion|Water
|-terastallize|p1a: Clefable|Water
|move|p1a: Clefable|Follow Me|p1a: Clefable
|-singleturn|p1a: Clefable|move: Follow Me
|move|p2b: Basculegion|Wave Crash|p1a: Clefable
|-resisted|p1a: Clefable
|-damage|p1a: Clefable|15/100
|-enditem|p1a: Clefable|Sitrus Berry|[eat]
|-heal|p1a: Clefable|40/100|[from] item: Sitrus Berry
|-damage|p2b: Basculegion|71/100|[from] Recoil
|move|p1b: Gholdengo|Nasty Plot|p1b: Gholdengo
|-boost|p1b: Gholdengo|spa|2
|move|p2a: Pelipper|Hurricane|p1a: Clefable
|-damage|p1a: Clefable|0 fnt
|faint|p1a: Clefable
|
|-weather|RainDance|[upkeep]
|upkeep
|
|t:|1755910041
|switch|p1a: Talonflame|Talonflame, L50, F|100/100
|turn|2
|inactive|Luna_walking has 30 seconds left.
|
|t:|1755910068
|switch|p2b: Incineroar|Incineroar, L50, M, shiny|100/100
|-ability|p2b: Incineroar|Intimidate|boost
|-unboost|p1a: Talonflame|atk|1
|-unboost|p1b: Gholdengo|atk|1
|move|p1a: Talonflame|Tailwind|p1a: Talonflame
|-sidestart|p1: akabaki|move: Tailwind
|move|p1b: Gholdengo|Shadow Ball|p2b: Incineroar
|-resisted|p2b: Incineroar
|-damage|p2b: Incineroar|65/100
|move|p2a: Pelipper|Weather Ball|p1a: Talonflame
|-supereffective|p1a: Talonflame
|-damage|p1a: Talonflame|0 fnt
|faint|p1a: Talonflame
|
|-weather|RainDance|[upkeep]
|upkeep
|
|t:|1755910081
|switch|p1a: Garchomp|Garchomp, L50, F|100/100
|turn|3
|
|t:|1755910097
|move|p2b: Incineroar|Fake Out|p1a: Garchomp
|-damage|p1a: Garchomp|90/100
|-damage|p2b: Incineroar|52/100|[from] ability: Rough Skin|[of] p1a: Garchomp
|cant|p1a: Garchomp|flinch
|move|p1b: Gholdengo|Shadow Ball|p2a: Pelipper
|-enditem|p2a: Pelipper|Focus Sash
|-damage|p2a: Pelipper|1/100
|move|p2a: Pelipper|Tailwind|p2a: Pelipper
|-sidestart|p2: Luna_walking|move: Tailwind
|
|-weather|RainDance|[upkeep]
|upkeep
|turn|4
|inactive|Luna_walking has 30 seconds left.
|inactive|Luna_walking has 20 seconds left.
|inactive|Luna_walking has 15 seconds left.
|
|t:|1755910140
|move|p2a: Pelipper|Protect|p2a: Pelipper
|-singleturn|p2a: Pelipper|Protect
|move|p1a: Garchomp|Stomping Tantrum|p2b: Incineroar
|-supereffective|p2b: Incineroar
|-damage|p2b: Incineroar|0 fnt
|faint|p2b: Incineroar
|-damage|p1a: Garchomp|80/100|[from] item: Life Orb
|move|p1b: Gholdengo|Shadow Ball|p2a: Pelipper
|-activate|p2a: Pelipper|move: Protect
|
|-weather|RainDance|[upkeep]
|upkeep
|
|t:|1755910151
|switch|p2b: Basculegion|Basculegion, L50, M, shiny, tera:Water|71/100
|turn|5
|
|t:|1755910160
|switch|p2a: Archaludon|Archaludon, L50, M, shiny|100/100
|move|p1b: Gholdengo|Protect|p1b: Gholdengo
|-singleturn|p1b: Gholdengo|Protect
|move|p2b: Basculegion|Wave Crash|p1b: Gholdengo
|-activate|p1b: Gholdengo|move: Protect
|move|p1a: Garchomp|Dragon Claw|p2b: Basculegion
|-damage|p2b: Basculegion|8/100
|-damage|p1a: Garchomp|70/100|[from] item: Life Orb
|
|-weather|none
|-sideend|p1: akabaki|move: Tailwind
|upkeep
|turn|6
|inactive|akabaki has 30 seconds left.
|inactive|Luna_walking has 30 seconds left.
|
|t:|1755910190
|switch|p2a: Pelipper|Pelipper, L50, M, shiny|1/100
|-weather|RainDance|[from] ability: Drizzle|[of] p2a: Pelipper
|move|p1a: Garchomp|Protect|p1a: Garchomp
|-singleturn|p1a: Garchomp|Protect
|move|p1b: Gholdengo|Protect||[still]
|-fail|p1b: Gholdengo
|move|p2b: Basculegion|Wave Crash|p1b: Gholdengo
|-damage|p1b: Gholdengo|0 fnt
|faint|p1b: Gholdengo
|-damage|p2b: Basculegion|0 fnt|[from] Recoil
|faint|p2b: Basculegion
|
|-weather|RainDance|[upkeep]
|-sideend|p2: Luna_walking|move: Tailwind
|upkeep
|
|t:|1755910203
|switch|p2b: Archaludon|Archaludon, L50, M, shiny|100/100
|turn|7
|
|t:|1755910215
|move|p1a: Garchomp|Stomping Tantrum|p2b: Archaludon
|-supereffective|p2b: Archaludon
|-damage|p2b: Archaludon|29/100
|-ability|p2b: Archaludon|Stamina|boost
|-boost|p2b: Archaludon|def|1
|-damage|p1a: Garchomp|60/100|[from] item: Life Orb
|move|p2b: Archaludon|Dragon Pulse|p1a: Garchomp
|-supereffective|p1a: Garchomp
|-damage|p1a: Garchomp|0 fnt
|faint|p1a: Garchomp
|
|win|Luna_walking
|raw|akabaki's rating: 1196 → 1170(-26 for losing)
|raw|Luna_walking's rating: 1185 → 1211(+26 for winning)
