|j|☆pikatrod
|j|☆mrs. playrough
|html|pikatrodmrs. playrough    
|uhtml|bestof|Game 3 of a best-of-3
|t:|1757016301
|gametype|doubles
|player|p1|pikatrod|101|1498
|player|p2|mrs. playrough|lady-gen4|1519
|gen|9
|tier|[Gen 9] VGC 2025 Reg H (Bo3)
|rated|
|rule|Species Clause: Limit one of each Pokémon
|rule|Item Clause: Limit 1 of each item
|clearpoke
|poke|p1|Kingambit, L50, M|
|poke|p1|Primarina, L50, M|
|poke|p1|Sneasler, L50, M|
|poke|p1|Magmar, L50, M|
|poke|p1|Rillaboom, L50, F|
|poke|p1|Dragapult, L50, M|
|poke|p2|Corviknight, L50, M|
|poke|p2|Garchomp, L50, M|
|poke|p2|Tyranitar, L50, M|
|poke|p2|Gholdengo, L50|
|poke|p2|Sneasler, L50, M|
|poke|p2|Incineroar, L50, M|
|teampreview|4
|showteam|p1|Kingambit||BlackGlasses|Defiant|KowtowCleave,SuckerPunch,SwordsDance,Protect|||M|||50|,,,,,Dark]Primarina||SitrusBerry|LiquidVoice|HyperVoice,Moonblast,Haze,Protect|||M|||50|,,,,,Water]Sneasler||FocusSash|Unburden|DireClaw,CloseCombat,FakeOut,Protect|||M|||50|,,,,,Stellar]Magmar||Eviolite|VitalSpirit|Overheat,WillOWisp,FollowMe,Protect|||M|||50|,,,,,Ghost]Rillaboom||AssaultVest|GrassySurge|WoodHammer,GrassyGlide,HighHorsepower,FakeOut|||F|||50|,,,,,Fire]Dragapult||ChoiceBand|ClearBody|DragonDarts,PhantomForce,Outrage,Uturn|||M|||50|,,,,,Dragon
|showteam|p2|Corviknight||CovertCloak|MirrorArmor|BraveBird,Taunt,Roost,Tailwind|||M|||50|,,,,,Dragon]Garchomp||ClearAmulet|RoughSkin|Earthquake,DragonClaw,StompingTantrum,Protect|||M|||50|,,,,,Fire]Tyranitar||AssaultVest|SandStream|RockSlide,KnockOff,TeraBlast,LowKick|||M|||50|,,,,,Flying]Gholdengo||LifeOrb|GoodasGold|MakeItRain,ShadowBall,NastyPlot,Protect||||||50|,,,,,Flying]Sneasler||AirBalloon|Unburden|DireClaw,CloseCombat,Coaching,Protect|||M|||50|,,,,,Ghost]Incineroar||SafetyGoggles|Intimidate|FlareBlitz,WillOWisp,PartingShot,FakeOut|||M|||50|,,,,,Ghost
|inactive|Battle timer is ON: inactive players will automatically lose when time's up. (requested by pikatrod)
|
|t:|1757016350
|teamsize|p1|4
|teamsize|p2|4
|start
|switch|p1a: Magmar|Magmar, L50, M|100/100
|switch|p1b: Primarina|Primarina, L50, M|100/100
|switch|p2a: Sneasler|Sneasler, L50, M|100/100
|switch|p2b: Tyranitar|Tyranitar, L50, M|100/100
|-item|p2a: Sneasler|Air Balloon
|-weather|Sandstorm|[from] ability: Sand Stream|[of] p2b: Tyranitar
|turn|1
|inactive|pikatrod has 30 seconds left.
|inactive|mrs. playrough has 30 seconds left.
|inactive|pikatrod has 20 seconds left.
|inactive|mrs. playrough has 20 seconds left.
|inactive|pikatrod has 15 seconds left.
|inactive|mrs. playrough has 15 seconds left.
|inactive|mrs. playrough has 10 seconds left.
|
|t:|1757016397
|switch|p1a: Rillaboom|Rillaboom, L50, F|100/100
|-fieldstart|move: Grassy Terrain|[from] ability: Grassy Surge|[of] p1a: Rillaboom
|-terastallize|p1b: Primarina|Water
|move|p2a: Sneasler|Coaching|p2b: Tyranitar
|-boost|p2b: Tyranitar|atk|1
|-boost|p2b: Tyranitar|def|1
|move|p2b: Tyranitar|Knock Off|p1a: Rillaboom
|-damage|p1a: Rillaboom|21/100
|-enditem|p1a: Rillaboom|Assault Vest|[from] move: Knock Off|[of] p2b: Tyranitar
|move|p1b: Primarina|Hyper Voice|p2b: Tyranitar|[spread] p2a,p2b
|-supereffective|p2b: Tyranitar
|-damage|p2a: Sneasler|48/100
|-damage|p2b: Tyranitar|67/100
|-enditem|p2a: Sneasler|Air Balloon
|
|-weather|Sandstorm|[upkeep]
|-damage|p2a: Sneasler|42/100|[from] Sandstorm
|-damage|p1a: Rillaboom|15/100|[from] Sandstorm
|-damage|p1b: Primarina|95/100|[from] Sandstorm
|-heal|p2a: Sneasler|48/100|[from] Grassy Terrain
|-heal|p1a: Rillaboom|21/100|[from] Grassy Terrain
|-heal|p2b: Tyranitar|73/100|[from] Grassy Terrain
|-heal|p1b: Primarina|100/100|[from] Grassy Terrain
|upkeep
|turn|2
|inactive|pikatrod has 30 seconds left.
|inactive|mrs. playrough has 30 seconds left.
|inactive|mrs. playrough has 20 seconds left.
|inactive|mrs. playrough has 15 seconds left.
|inactive|mrs. playrough has 10 seconds left.
|inactive|mrs. playrough has 5 seconds left.
|
|t:|1757016451
|move|p1a: Rillaboom|Fake Out|p2b: Tyranitar
|-resisted|p2b: Tyranitar
|-damage|p2b: Tyranitar|68/100
|move|p2a: Sneasler|Dire Claw|p1a: Rillaboom
|-supereffective|p1a: Rillaboom
|-damage|p1a: Rillaboom|0 fnt
|faint|p1a: Rillaboom
|cant|p2b: Tyranitar|flinch
|move|p1b: Primarina|Hyper Voice|p2a: Sneasler|[spread] p2a,p2b
|-supereffective|p2b: Tyranitar
|-crit|p2b: Tyranitar
|-damage|p2a: Sneasler|0 fnt
|-damage|p2b: Tyranitar|16/100
|faint|p2a: Sneasler
|
|-weather|Sandstorm|[upkeep]
|-damage|p1b: Primarina|95/100|[from] Sandstorm
|-heal|p2b: Tyranitar|22/100|[from] Grassy Terrain
|-heal|p1b: Primarina|100/100|[from] Grassy Terrain
|upkeep
|inactive|pikatrod has 30 seconds left.
|
|t:|1757016476
|switch|p2a: Corviknight|Corviknight, L50, M, shiny|100/100
|switch|p1a: Magmar|Magmar, L50, M|100/100
|turn|3
|inactive|mrs. playrough has 30 seconds left.
|inactive|pikatrod has 30 seconds left.
|
|t:|1757016520
|-terastallize|p2a: Corviknight|Dragon
|move|p1a: Magmar|Overheat|p2a: Corviknight
|-resisted|p2a: Corviknight
|-damage|p2a: Corviknight|75/100
|-unboost|p1a: Magmar|spa|2
|move|p2a: Corviknight|Tailwind|p2a: Corviknight
|-sidestart|p2: mrs. playrough|move: Tailwind
|move|p2b: Tyranitar|Rock Slide|p1b: Primarina|[spread] p1a,p1b
|-supereffective|p1a: Magmar
|-damage|p1a: Magmar|23/100
|-damage|p1b: Primarina|59/100
|cant|p1b: Primarina|flinch
|
|-weather|Sandstorm|[upkeep]
|-damage|p2a: Corviknight|69/100|[from] Sandstorm
|-damage|p1a: Magmar|17/100|[from] Sandstorm
|-damage|p1b: Primarina|53/100|[from] Sandstorm
|-heal|p2a: Corviknight|75/100|[from] Grassy Terrain
|-heal|p2b: Tyranitar|27/100|[from] Grassy Terrain
|-heal|p1a: Magmar|23/100|[from] Grassy Terrain
|-heal|p1b: Primarina|59/100|[from] Grassy Terrain
|upkeep
|turn|4
|inactive|pikatrod has 30 seconds left.
|inactive|mrs. playrough has 30 seconds left.
|inactive|pikatrod has 20 seconds left.
|inactive|mrs. playrough has 20 seconds left.
|inactive|mrs. playrough has 15 seconds left.
|inactive|mrs. playrough has 10 seconds left.
|inactive|mrs. playrough has 5 seconds left.
|
|t:|1757016571
|move|p1a: Magmar|Protect|p1a: Magmar
|-singleturn|p1a: Magmar|Protect
|move|p2a: Corviknight|Taunt|p1a: Magmar
|-activate|p1a: Magmar|move: Protect
|move|p2b: Tyranitar|Knock Off|p1b: Primarina
|-damage|p1b: Primarina|0 fnt
|-enditem|p1b: Primarina|Sitrus Berry|[from] move: Knock Off|[of] p2b: Tyranitar
|faint|p1b: Primarina
|
|-weather|Sandstorm|[upkeep]
|-damage|p2a: Corviknight|69/100|[from] Sandstorm
|-damage|p1a: Magmar|17/100|[from] Sandstorm
|-heal|p2a: Corviknight|75/100|[from] Grassy Terrain
|-heal|p2b: Tyranitar|33/100|[from] Grassy Terrain
|-heal|p1a: Magmar|23/100|[from] Grassy Terrain
|upkeep
|
|t:|1757016578
|switch|p1b: Dragapult|Dragapult, L50, M|100/100
|turn|5
|
|t:|1757016598
|move|p1a: Magmar|Follow Me|p1a: Magmar
|-singleturn|p1a: Magmar|move: Follow Me
|move|p2a: Corviknight|Brave Bird|p1a: Magmar
|-damage|p1a: Magmar|0 fnt
|faint|p1a: Magmar
|-damage|p2a: Corviknight|69/100|[from] Recoil
|move|p2b: Tyranitar|Knock Off|p1b: Dragapult
|-supereffective|p1b: Dragapult
|-damage|p1b: Dragapult|0 fnt
|-enditem|p1b: Dragapult|Choice Band|[from] move: Knock Off|[of] p2b: Tyranitar
|faint|p1b: Dragapult
|
|win|mrs. playrough
|raw|pikatrod's rating: 1498 → 1479(-19 for losing)
|raw|mrs. playrough's rating: 1519 → 1538(+19 for winning)
|c|☆pikatrod|gg
|l|☆pikatrod
|player|p1|
