|j|☆ttvmoxiie
|j|☆MrTedno
|html|ttvmoxiieMrTedno    
|uhtml|bestof|Game 3 of a best-of-3
|t:|1757793902
|gametype|doubles
|player|p1|ttvmoxiie|steven|1195
|player|p2|MrTedno|170|1240
|gen|9
|tier|[Gen 9] VGC 2025 Reg H (Bo3)
|rated|
|rule|Species Clause: Limit one of each Pokémon
|rule|Item Clause: Limit 1 of each item
|clearpoke
|poke|p1|Dragonite, L50, F|
|poke|p1|Gholdengo, L50|
|poke|p1|Rillaboom, L50, F|
|poke|p1|Ursaluna-Bloodmoon, L50, M|
|poke|p1|Annihilape, L50, M|
|poke|p1|Maushold-Four, L50|
|poke|p2|Ninetales-Alola, L50, F|
|poke|p2|Garchomp, L50, F|
|poke|p2|Flamigo, L50, F|
|poke|p2|Incineroar, L50, F|
|poke|p2|Gholdengo, L50|
|poke|p2|Amoonguss, L50, M|
|teampreview|4
|showteam|p1|Dragonite||LoadedDice|Multiscale|Haze,Protect,Tailwind,ScaleShot|||F|||50|,,,,,Fairy]Gholdengo||LifeOrb|GoodasGold|Protect,NastyPlot,MakeItRain,ShadowBall||||||50|,,,,,Water]Rillaboom||MiracleSeed|GrassySurge|GrassyGlide,WoodHammer,FakeOut,HighHorsepower|||F|||50|,,,,,Fire]Ursaluna-Bloodmoon||AssaultVest|MindsEye|BloodMoon,HyperVoice,EarthPower,VacuumWave|||M|||50|,,,,,Water]Annihilape||SitrusBerry|Defiant|RageFist,DrainPunch,BulkUp,Protect|||M|||50|,,,,,Fire]Maushold-Four||FocusSash|FriendGuard|SuperFang,FollowMe,BeatUp,Protect||||||50|,,,,,Ghost
|showteam|p2|Ninetales-Alola||LightClay|SnowWarning|Protect,Blizzard,FreezeDry,AuroraVeil|||F|||50|,,,,,Water]Garchomp||ClearAmulet|RoughSkin|Earthquake,DragonClaw,StompingTantrum,Protect|||F|||50|,,,,,Fire]Flamigo||CovertCloak|Scrappy|BraveBird,CloseCombat,Tailwind,Detect|||F|||50|,,,,,Dark]Incineroar||SafetyGoggles|Intimidate|FakeOut,PartingShot,FlareBlitz,KnockOff|||F|||50|,,,,,Ghost]Gholdengo||LifeOrb|GoodasGold|ShadowBall,MakeItRain,NastyPlot,Protect||||||50|,,,,,Flying]Amoonguss||SitrusBerry|Regenerator|Spore,RagePowder,PollenPuff,ClearSmog|||M|||50|,,,,,Water
|
|t:|1757793929
|teamsize|p1|4
|teamsize|p2|4
|start
|switch|p1a: Dragonite|Dragonite, L50, F|100/100
|switch|p1b: Maushold|Maushold-Four, L50|100/100
|switch|p2a: Marty|Flamigo, L50, F|100/100
|switch|p2b: Alex|Garchomp, L50, F|100/100
|turn|1
|inactive|Battle timer is ON: inactive players will automatically lose when time's up. (requested by ttvmoxiie)
|
|t:|1757793955
|switch|p2b: Gloria|Ninetales-Alola, L50, F|100/100
|-weather|Snowscape|[from] ability: Snow Warning|[of] p2b: Gloria
|switch|p2a: Julien|Incineroar, L50, F|100/100
|-ability|p2a: Julien|Intimidate|boost
|-unboost|p1a: Dragonite|atk|1
|-unboost|p1b: Maushold|atk|1
|move|p1b: Maushold|Follow Me|p1b: Maushold
|-singleturn|p1b: Maushold|move: Follow Me
|move|p1a: Dragonite|Tailwind|p1a: Dragonite
|-sidestart|p1: ttvmoxiie|move: Tailwind
|
|-weather|Snowscape|[upkeep]
|upkeep
|turn|2
|inactive|ttvmoxiie has 30 seconds left.
|inactive|MrTedno has 30 seconds left.
|inactive|MrTedno has 20 seconds left.
|
|t:|1757793993
|switch|p1a: Annihilape|Annihilape, L50, M|100/100
|move|p1b: Maushold|Beat Up|p1a: Annihilape
|-damage|p1a: Annihilape|99/100
|-damage|p1a: Annihilape|98/100
|-damage|p1a: Annihilape|96/100
|-damage|p1a: Annihilape|95/100
|-hitcount|p1a: Annihilape|4
|move|p2b: Gloria|Aurora Veil|p2b: Gloria
|-sidestart|p2: MrTedno|move: Aurora Veil
|move|p2a: Julien|Knock Off|p1b: Maushold
|-damage|p1b: Maushold|45/100
|-enditem|p1b: Maushold|Focus Sash|[from] move: Knock Off|[of] p2a: Julien
|
|-weather|Snowscape|[upkeep]
|upkeep
|turn|3
|inactive|ttvmoxiie has 30 seconds left.
|inactive|MrTedno has 30 seconds left.
|inactive|MrTedno has 20 seconds left.
|inactive|MrTedno has 15 seconds left.
|inactive|MrTedno has 10 seconds left.
|inactive|MrTedno has 5 seconds left.
|
|t:|1757794045
|-terastallize|p1a: Annihilape|Fire
|move|p1b: Maushold|Super Fang|p2b: Gloria
|-damage|p2b: Gloria|51/100
|move|p1a: Annihilape|Bulk Up|p1a: Annihilape
|-boost|p1a: Annihilape|atk|1
|-boost|p1a: Annihilape|def|1
|move|p2b: Gloria|Blizzard|p1b: Maushold|[spread] p1a,p1b
|-resisted|p1a: Annihilape
|-damage|p1a: Annihilape|87/100
|-damage|p1b: Maushold|17/100
|move|p2a: Julien|Flare Blitz|p1a: Annihilape
|-resisted|p1a: Annihilape
|-damage|p1a: Annihilape|72/100
|-damage|p2a: Julien|96/100|[from] Recoil
|
|-weather|Snowscape|[upkeep]
|upkeep
|turn|4
|inactive|MrTedno has 30 seconds left.
|
|t:|1757794080
|-terastallize|p2a: Julien|Ghost
|move|p1b: Maushold|Protect|p1b: Maushold
|-singleturn|p1b: Maushold|Protect
|move|p1a: Annihilape|Drain Punch|p2a: Julien
|-immune|p2a: Julien
|move|p2b: Gloria|Blizzard|p1b: Maushold|[spread] p1a
|-activate|p1b: Maushold|move: Protect
|-resisted|p1a: Annihilape
|-damage|p1a: Annihilape|65/100
|move|p2a: Julien|Parting Shot|p1a: Annihilape
|-unboost|p1a: Annihilape|atk|1
|-ability|p1a: Annihilape|Defiant|boost
|-boost|p1a: Annihilape|atk|2
|-unboost|p1a: Annihilape|spa|1
|-ability|p1a: Annihilape|Defiant|boost
|-boost|p1a: Annihilape|atk|2
|
|t:|1757794089
|switch|p2a: Alex|Garchomp, L50, F|100/100|[from] Parting Shot
|
|-weather|Snowscape|[upkeep]
|-sideend|p1: ttvmoxiie|move: Tailwind
|upkeep
|turn|5
|inactive|ttvmoxiie has 30 seconds left.
|
|t:|1757794114
|switch|p2b: Marty|Flamigo, L50, F|100/100
|move|p1b: Maushold|Super Fang|p2b: Marty
|-damage|p2b: Marty|50/100
|move|p2a: Alex|Earthquake|p1b: Maushold|[spread] p1a,p1b
|-immune|p2b: Marty
|-supereffective|p1a: Annihilape
|-damage|p1a: Annihilape|25/100
|-damage|p1b: Maushold|0 fnt
|-enditem|p1a: Annihilape|Sitrus Berry|[eat]
|-heal|p1a: Annihilape|50/100|[from] item: Sitrus Berry
|faint|p1b: Maushold
|move|p1a: Annihilape|Rage Fist|p2a: Alex
|-damage|p2a: Alex|0 fnt
|-damage|p1a: Annihilape|38/100|[from] ability: Rough Skin|[of] p2a: Alex
|faint|p2a: Alex
|
|-weather|none
|upkeep
|
|t:|1757794134
|switch|p1b: Dragonite|Dragonite, L50, F|100/100
|switch|p2a: Julien|Incineroar, L50, F, tera:Ghost|96/100
|-ability|p2a: Julien|Intimidate|boost
|-unboost|p1a: Annihilape|atk|1
|-ability|p1a: Annihilape|Defiant|boost
|-boost|p1a: Annihilape|atk|2
|-unboost|p1b: Dragonite|atk|1
|turn|6
|inactive|MrTedno has 30 seconds left.
|
|t:|1757794166
|move|p1a: Annihilape|Protect|p1a: Annihilape
|-singleturn|p1a: Annihilape|Protect
|move|p2a: Julien|Fake Out|p1b: Dragonite
|-damage|p1b: Dragonite|95/100
|move|p2b: Marty|Tailwind|p2b: Marty
|-sidestart|p2: MrTedno|move: Tailwind
|cant|p1b: Dragonite|flinch
|
|upkeep
|turn|7
|
|t:|1757794177
|move|p1a: Annihilape|Protect|p1a: Annihilape
|-singleturn|p1a: Annihilape|Protect
|move|p2b: Marty|Close Combat|p1a: Annihilape
|-activate|p1a: Annihilape|move: Protect
|move|p2a: Julien|Knock Off|p1a: Annihilape
|-activate|p1a: Annihilape|move: Protect
|move|p1b: Dragonite|Tailwind|p1b: Dragonite
|-sidestart|p1: ttvmoxiie|move: Tailwind
|
|upkeep
|turn|8
|
|t:|1757794191
|move|p2b: Marty|Brave Bird|p1a: Annihilape
|-damage|p1a: Annihilape|0 fnt
|faint|p1a: Annihilape
|-damage|p2b: Marty|35/100|[from] Recoil
|move|p1b: Dragonite|Scale Shot|p2b: Marty
|-damage|p2b: Marty|26/100
|-crit|p2b: Marty
|-damage|p2b: Marty|0 fnt
|faint|p2b: Marty
|-hitcount|p2: Marty|2
|-unboost|p1b: Dragonite|def|1
|-boost|p1b: Dragonite|spe|1
|move|p2a: Julien|Knock Off|p1b: Dragonite
|-damage|p1b: Dragonite|33/100
|-enditem|p1b: Dragonite|Loaded Dice|[from] move: Knock Off|[of] p2a: Julien
|
|upkeep
|
|t:|1757794206
|switch|p2b: Gloria|Ninetales-Alola, L50, F|51/100
|switch|p1a: Gholdengo|Gholdengo, L50|100/100
|-weather|Snowscape|[from] ability: Snow Warning|[of] p2b: Gloria
|turn|9
|inactive|MrTedno has 30 seconds left.
|
|t:|1757794235
|move|p2b: Gloria|Blizzard|p1a: Gholdengo|[spread] p1a,p1b
|-resisted|p1a: Gholdengo
|-crit|p1a: Gholdengo
|-supereffective|p1b: Dragonite
|-damage|p1a: Gholdengo|83/100
|-damage|p1b: Dragonite|0 fnt
|faint|p1b: Dragonite
|move|p1a: Gholdengo|Make It Rain|p2a: Julien|[spread] p2a,p2b
|-supereffective|p2b: Gloria
|-damage|p2a: Julien|64/100
|-damage|p2b: Gloria|0 fnt
|-unboost|p1a: Gholdengo|spa|1
|faint|p2b: Gloria
|-damage|p1a: Gholdengo|73/100|[from] item: Life Orb
|move|p2a: Julien|Knock Off|p1a: Gholdengo
|-supereffective|p1a: Gholdengo
|-damage|p1a: Gholdengo|0 fnt
|-enditem|p1a: Gholdengo|Life Orb|[from] move: Knock Off|[of] p2a: Julien
|faint|p1a: Gholdengo
|
|win|MrTedno
|raw|ttvmoxiie's rating: 1195 → 1173(-22 for losing)
|raw|MrTedno's rating: 1240 → 1262(+22 for winning)
|c|☆ttvmoxiie|GG
|c|☆MrTedno|ggwp
|l|☆MrTedno
|player|p2|
|l|☆ttvmoxiie
|player|p1|
