|j|☆Jaybird112233
|j|☆terosath
|html|Jaybird112233terosath    
|uhtml|bestof|Game 3 of a best-of-3
|t:|1785117259
|gametype|doubles
|player|p1|Jaybird112233|naveen|
|player|p2|terosath|n|
|gen|9
|tier|[Gen 9 Champions] VGC 2026 Reg M-B (Bo3)
|rule|Species Clause: Limit one of each Pokémon
|rule|Item Clause: Limit 1 of each item
|clearpoke
|poke|p1|Altaria, L50, F, shiny|
|poke|p1|Sinistcha, L50|
|poke|p1|Tyranitar, L50, F, shiny|
|poke|p1|Rotom-Heat, L50, shiny|
|poke|p1|Slowbro, L50, F|
|poke|p1|Aggron, L50, M|
|poke|p2|Drampa, L50, F|
|poke|p2|Crabominable, L50, M|
|poke|p2|Sinistcha-Masterpiece, L50|
|poke|p2|Politoed, L50, M|
|poke|p2|Farigiraf, L50, F|
|poke|p2|Garganacl, L50, F|
|teampreview|4
|showteam|p1|Altaria||Altarianite|CloudNine|HyperVoice,DracoMeteor,HyperBeam,Protect|Quiet||F|||50|]Sinistcha||SitrusBerry|Hospitality|MatchaGotcha,LifeDew,RagePowder,TrickRoom|Calm|||||50|]Tyranitar||Tyranitarite|SandStream|KnockOff,RockSlide,LowKick,Protect|Adamant||F|||50|]Rotom-Heat||WhiteHerb|Levitate|Thunderbolt,Overheat,LightScreen,VoltSwitch|Modest|||||50|]Slowbro||Leftovers|Regenerator|HealPulse,TrickRoom,Scald,Protect|Relaxed||F|||50|]Aggron||Aggronite|Sturdy|IronDefense,BodyPress,HeavySlam,Protect|Impish||M|||50|
|showteam|p2|Drampa||Drampanite|Berserk|Protect,EarthPower,CalmMind,HyperVoice|Quiet||F|||50|]Crabominable||Crabominite|HyperCutter|DrainPunch,Protect,IceHammer,ThunderPunch|Brave||M|||50|]Sinistcha-Masterpiece||SitrusBerry|Hospitality|TrickRoom,MatchaGotcha,LifeDew,RagePowder|Modest|||||50|]Politoed||MysticWater|Drizzle|MuddyWater,Protect,Encore,HelpingHand|Calm||M|||50|]Farigiraf||MentalHerb|ArmorTail|TrickRoom,PsychicNoise,LightScreen,Reflect|Sassy||F|||50|]Garganacl||Leftovers|PurifyingSalt|WideGuard,RockSlide,Protect,BodyPress|Relaxed||F|||50|
|j| Bingus Von Bongus
|j| geminiduality2
|j| seafan13
|
|t:|1785117397
|teamsize|p1|4
|teamsize|p2|4
|start
|switch|p1a: Pidgeon|Altaria, L50, F, shiny|100/100
|switch|p1b: Air Fryer|Rotom-Heat, L50, shiny|100/100
|switch|p2a: 'Nam Veteran|Drampa, L50, F|100/100
|switch|p2b: RacecaR|Farigiraf, L50, F|100/100
|-ability|p1a: Pidgeon|Cloud Nine
|turn|1
|
|t:|1785117413
|detailschange|p1a: Pidgeon|Altaria-Mega, L50, F, shiny
|-mega|p1a: Pidgeon|Altaria|Altarianite
|detailschange|p2a: 'Nam Veteran|Drampa-Mega, L50, F
|-mega|p2a: 'Nam Veteran|Drampa|Drampanite
|move|p2a: 'Nam Veteran|Protect|p2a: 'Nam Veteran
|-singleturn|p2a: 'Nam Veteran|Protect
|move|p1b: Air Fryer|Light Screen|p1b: Air Fryer
|-sidestart|p1: Jaybird112233|move: Light Screen
|move|p1a: Pidgeon|Hyper Beam|p2a: 'Nam Veteran
|-activate|p2a: 'Nam Veteran|move: Protect
|move|p2b: RacecaR|Trick Room|p2b: RacecaR
|-fieldstart|move: Trick Room|[of] p2b: RacecaR
|
|upkeep
|turn|2
|
|t:|1785117440
|move|p2a: 'Nam Veteran|Calm Mind|p2a: 'Nam Veteran
|-boost|p2a: 'Nam Veteran|spa|1
|-boost|p2a: 'Nam Veteran|spd|1
|move|p2b: RacecaR|Light Screen|p2b: RacecaR
|-sidestart|p2: terosath|move: Light Screen
|move|p1a: Pidgeon|Draco Meteor|p2a: 'Nam Veteran
|-supereffective|p2a: 'Nam Veteran|1
|-damage|p2a: 'Nam Veteran|45/100
|-unboost|p1a: Pidgeon|spa|2
|-ability|p2a: 'Nam Veteran|Berserk|boost
|-boost|p2a: 'Nam Veteran|spa|1
|move|p1b: Air Fryer|Volt Switch|p2a: 'Nam Veteran
|-resisted|p2a: 'Nam Veteran|1
|-damage|p2a: 'Nam Veteran|40/100
|
|t:|1785117453
|switch|p1b: Ferrous|Aggron, L50, M|100/100|[from] Volt Switch
|
|upkeep
|turn|3
|
|t:|1785117466
|switch|p2b: Double Gulp|Sinistcha-Masterpiece, L50|100/100
|-heal|p2a: 'Nam Veteran|64/100|[from] ability: Hospitality|[of] p2b: Double Gulp
|move|p1b: Ferrous|Protect|p1b: Ferrous
|-singleturn|p1b: Ferrous|Protect
|move|p2a: 'Nam Veteran|Earth Power|p1b: Ferrous
|-activate|p1b: Ferrous|move: Protect
|move|p1a: Pidgeon|Hyper Beam|p2a: 'Nam Veteran
|-supereffective|p2a: 'Nam Veteran|1
|-damage|p2a: 'Nam Veteran|30/100
|-mustrecharge|p1a: Pidgeon
|-ability|p2a: 'Nam Veteran|Berserk|boost
|-boost|p2a: 'Nam Veteran|spa|1
|
|upkeep
|turn|4
|
|t:|1785117508
|move|p2a: 'Nam Veteran|Hyper Voice|p1a: Pidgeon|[spread] p1a,p1b
|-resisted|p1b: Ferrous|2
|-damage|p1a: Pidgeon|24/100
|-damage|p1b: Ferrous|74/100
|move|p1b: Ferrous|Body Press|p2a: 'Nam Veteran
|-supereffective|p2a: 'Nam Veteran|1
|-damage|p2a: 'Nam Veteran|0 fnt
|faint|p2a: 'Nam Veteran
|move|p2b: Double Gulp|Life Dew||[still]
|-fail|p2b: Double Gulp|heal
|cant|p1a: Pidgeon|recharge
|
|upkeep
|
|t:|1785117518
|switch|p2a: I've seen this b4|Garganacl, L50, F|100/100
|turn|5
|
|t:|1785117531
|switch|p1a: Cuppa Tay|Sinistcha, L50|100/100
|-heal|p1b: Ferrous|99/100|[from] ability: Hospitality|[of] p1a: Cuppa Tay
|move|p2a: I've seen this b4|Body Press|p1b: Ferrous
|-supereffective|p1b: Ferrous|2
|-damage|p1b: Ferrous|40/100
|move|p1b: Ferrous|Iron Defense|p1b: Ferrous
|-boost|p1b: Ferrous|def|2
|move|p2b: Double Gulp|Matcha Gotcha|p1b: Ferrous|[spread] p1a,p1b
|-resisted|p1a: Cuppa Tay|1
|-damage|p1a: Cuppa Tay|92/100
|-damage|p1b: Ferrous|17/100
|
|-sideend|p1: Jaybird112233|move: Light Screen
|-fieldend|move: Trick Room
|upkeep
|turn|6
|
|t:|1785117569
|move|p2a: I've seen this b4|Protect|p2a: I've seen this b4
|-singleturn|p2a: I've seen this b4|Protect
|move|p1a: Cuppa Tay|Life Dew|p1a: Cuppa Tay|[spread] p1a,p1b
|-heal|p1a: Cuppa Tay|100/100
|-heal|p1b: Ferrous|42/100
|move|p1b: Ferrous|Body Press|p2a: I've seen this b4
|-activate|p2a: I've seen this b4|move: Protect
|move|p2b: Double Gulp|Trick Room|p2b: Double Gulp
|-fieldstart|move: Trick Room|[of] p2b: Double Gulp
|
|-sideend|p2: terosath|move: Light Screen
|upkeep
|turn|7
|
|t:|1785117589
|move|p1a: Cuppa Tay|Rage Powder|p1a: Cuppa Tay
|-singleturn|p1a: Cuppa Tay|move: Rage Powder
|move|p2a: I've seen this b4|Rock Slide|p1b: Ferrous|[spread] p1a,p1b
|-resisted|p1b: Ferrous|1
|-damage|p1a: Cuppa Tay|82/100
|-damage|p1b: Ferrous|40/100
|cant|p1b: Ferrous|flinch
|move|p2b: Double Gulp|Matcha Gotcha|p1b: Ferrous|[spread] p1a,p1b
|-resisted|p1a: Cuppa Tay|1
|-damage|p1a: Cuppa Tay|71/100
|-damage|p1b: Ferrous|2/100
|-status|p1a: Cuppa Tay|brn
|
|-damage|p1a: Cuppa Tay|65/100 brn|[from] brn
|upkeep
|turn|8
|
|t:|1785117614
|move|p1b: Ferrous|Protect|p1b: Ferrous
|-singleturn|p1b: Ferrous|Protect
|move|p2a: I've seen this b4|Rock Slide|p1a: Cuppa Tay|[spread] p1a
|-activate|p1b: Ferrous|move: Protect
|-damage|p1a: Cuppa Tay|45/100 brn
|-enditem|p1a: Cuppa Tay|Sitrus Berry|[eat]
|-heal|p1a: Cuppa Tay|70/100 brn|[from] item: Sitrus Berry
|move|p2b: Double Gulp|Matcha Gotcha|p1b: Ferrous|[spread] p1a
|-activate|p1b: Ferrous|move: Protect
|-resisted|p1a: Cuppa Tay|1
|-damage|p1a: Cuppa Tay|58/100 brn
|move|p1a: Cuppa Tay|Life Dew|p1a: Cuppa Tay|[spread] p1a,p1b
|-heal|p1a: Cuppa Tay|84/100 brn
|-heal|p1b: Ferrous|27/100
|
|-damage|p1a: Cuppa Tay|78/100 brn|[from] brn
|upkeep
|turn|9
|
|t:|1785117650
|move|p2b: Double Gulp|Rage Powder|p2b: Double Gulp
|-singleturn|p2b: Double Gulp|move: Rage Powder
|move|p2a: I've seen this b4|Rock Slide|p1a: Cuppa Tay|[spread] p1a,p1b
|-resisted|p1b: Ferrous|1
|-damage|p1a: Cuppa Tay|59/100 brn
|-damage|p1b: Ferrous|25/100
|move|p1b: Ferrous|Body Press|p2b: Double Gulp
|-immune|p2b: Double Gulp
|move|p1a: Cuppa Tay|Life Dew|p1a: Cuppa Tay|[spread] p1a,p1b
|-heal|p1a: Cuppa Tay|84/100 brn
|-heal|p1b: Ferrous|50/100g
|
|-damage|p1a: Cuppa Tay|78/100 brn|[from] brn
|upkeep
|turn|10
|
|t:|1785117682
|move|p1b: Ferrous|Protect|p1b: Ferrous
|-singleturn|p1b: Ferrous|Protect
|move|p2b: Double Gulp|Rage Powder|p2b: Double Gulp
|-singleturn|p2b: Double Gulp|move: Rage Powder
|move|p2a: I've seen this b4|Rock Slide|p1a: Cuppa Tay|[spread] p1a
|-activate|p1b: Ferrous|move: Protect
|-damage|p1a: Cuppa Tay|61/100 brn
|move|p1a: Cuppa Tay|Life Dew|p1a: Cuppa Tay|[spread] p1a,p1b
|-heal|p1a: Cuppa Tay|86/100 brn
|-heal|p1b: Ferrous|75/100
|
|-damage|p1a: Cuppa Tay|80/100 brn|[from] brn
|-fieldend|move: Trick Room
|upkeep
|turn|11
|
|t:|1785117702
|move|p2a: I've seen this b4|Protect|p2a: I've seen this b4
|-singleturn|p2a: I've seen this b4|Protect
|move|p1a: Cuppa Tay|Matcha Gotcha|p2b: Double Gulp|[spread] p2b
|-activate|p2a: I've seen this b4|move: Protect
|-resisted|p2b: Double Gulp|1
|-damage|p2b: Double Gulp|87/100
|-heal|p1a: Cuppa Tay|86/100 brn|[from] drain|[of] p2b: Double Gulp
|move|p1b: Ferrous|Heavy Slam|p2a: I've seen this b4
|-activate|p2a: I've seen this b4|move: Protect
|move|p2b: Double Gulp|Trick Room|p2b: Double Gulp
|-fieldstart|move: Trick Room|[of] p2b: Double Gulp
|
|-damage|p1a: Cuppa Tay|80/100 brn|[from] brn
|upkeep
|turn|12
|
|t:|1785117734
|move|p1b: Ferrous|Protect|p1b: Ferrous
|-singleturn|p1b: Ferrous|Protect
|move|p2b: Double Gulp|Rage Powder|p2b: Double Gulp
|-singleturn|p2b: Double Gulp|move: Rage Powder
|move|p2a: I've seen this b4|Body Press|p1b: Ferrous
|-activate|p1b: Ferrous|move: Protect
|move|p1a: Cuppa Tay|Life Dew|p1a: Cuppa Tay|[spread] p1a,p1b
|-heal|p1a: Cuppa Tay|100/100 brn
|-heal|p1b: Ferrous|100/100
|
|-damage|p1a: Cuppa Tay|93/100 brn|[from] brn
|upkeep
|turn|13
|
|t:|1785117757
|switch|p2a: RacecaR|Farigiraf, L50, F|100/100
|move|p1b: Ferrous|Iron Defense|p1b: Ferrous
|-boost|p1b: Ferrous|def|2
|move|p2b: Double Gulp|Matcha Gotcha|p1a: Cuppa Tay|[spread] p1a,p1b
|-resisted|p1a: Cuppa Tay|1
|-damage|p1a: Cuppa Tay|82/100 brn
|-heal|p2b: Double Gulp|93/100|[from] drain|[of] p1a: Cuppa Tay
|-damage|p1b: Ferrous|61/100
|-heal|p2b: Double Gulp|100/100|[from] drain|[of] p1b: Ferrous
|move|p1a: Cuppa Tay|Trick Room|p1a: Cuppa Tay
|-fieldend|move: Trick Room
|
|-damage|p1a: Cuppa Tay|76/100 brn|[from] brn
|upkeep
|turn|14
|
|t:|1785117787
|move|p1a: Cuppa Tay|Life Dew|p1a: Cuppa Tay|[spread] p1a,p1b
|-heal|p1a: Cuppa Tay|100/100 brn
|-heal|p1b: Ferrous|85/100
|move|p2b: Double Gulp|Matcha Gotcha|p1a: Cuppa Tay|[spread] p1a,p1b
|-resisted|p1a: Cuppa Tay|1
|-damage|p1a: Cuppa Tay|89/100 brn
|-damage|p1b: Ferrous|48/100
|move|p2a: RacecaR|Psychic Noise|p1b: Ferrous
|-resisted|p1b: Ferrous|1
|-damage|p1b: Ferrous|28/100
|-start|p1b: Ferrous|move: Heal Block
|move|p1b: Ferrous|Heavy Slam|p2b: Double Gulp
|-damage|p2b: Double Gulp|60/100
|
|-damage|p1a: Cuppa Tay|83/100 brn|[from] brn
|upkeep
|turn|15
|
|t:|1785117828
|switch|p1a: Air Fryer|Rotom-Heat, L50, shiny|100/100
|move|p1b: Ferrous|Protect|p1b: Ferrous
|-singleturn|p1b: Ferrous|Protect
|move|p2b: Double Gulp|Matcha Gotcha|p1a: Air Fryer|[spread] p1a
|-activate|p1b: Ferrous|move: Protect
|-resisted|p1a: Air Fryer|1
|-damage|p1a: Air Fryer|86/100
|-heal|p2b: Double Gulp|66/100|[from] drain|[of] p1a: Air Fryer
|move|p2a: RacecaR|Psychic Noise|p1a: Air Fryer
|-damage|p1a: Air Fryer|57/100
|-start|p1a: Air Fryer|move: Heal Block
|
|-end|p1b: Ferrous|move: Heal Block
|upkeep
|turn|16
|
|t:|1785117852
|switch|p2b: I've seen this b4|Garganacl, L50, F|100/100
|move|p1a: Air Fryer|Overheat|p2b: I've seen this b4
|-resisted|p2b: I've seen this b4|1
|-damage|p2b: I've seen this b4|69/100
|-unboost|p1a: Air Fryer|spa|2
|-enditem|p1a: Air Fryer|White Herb
|-clearnegativeboost|p1a: Air Fryer|[silent]
|move|p2a: RacecaR|Psychic Noise|p1b: Ferrous
|-resisted|p1b: Ferrous|1
|-damage|p1b: Ferrous|10/100
|-start|p1b: Ferrous|move: Heal Block
|move|p1b: Ferrous|Body Press|p2a: RacecaR
|-damage|p2a: RacecaR|0 fnt
|faint|p2a: RacecaR
|
|-heal|p2b: I've seen this b4|74/100|[from] item: Leftovers
|-end|p1a: Air Fryer|move: Heal Block
|upkeep
|
|t:|1785117869
|switch|p2a: Double Gulp|Sinistcha-Masterpiece, L50|66/100
|-heal|p2b: I've seen this b4|99/100|[from] ability: Hospitality|[of] p2a: Double Gulp
|turn|17
|
|t:|1785117886
|move|p1b: Ferrous|Protect|p1b: Ferrous
|-singleturn|p1b: Ferrous|Protect
|move|p1a: Air Fryer|Overheat|p2a: Double Gulp|[miss]
|-miss|p1a: Air Fryer|p2a: Double Gulp
|move|p2a: Double Gulp|Matcha Gotcha|p1a: Air Fryer|[spread] p1a
|-activate|p1b: Ferrous|move: Protect
|-resisted|p1a: Air Fryer|1
|-damage|p1a: Air Fryer|44/100
|-heal|p2a: Double Gulp|73/100|[from] drain|[of] p1a: Air Fryer
|move|p2b: I've seen this b4|Rock Slide|p1b: Ferrous|[spread] 
|-activate|p1b: Ferrous|move: Protect
|-miss|p2b: I've seen this b4|p1a: Air Fryer
|
|-heal|p2b: I've seen this b4|100/100|[from] item: Leftovers
|-end|p1b: Ferrous|move: Heal Block
|upkeep
|turn|18
|
|t:|1785117915
|move|p1a: Air Fryer|Overheat|p2a: Double Gulp
|-supereffective|p2a: Double Gulp|1
|-damage|p2a: Double Gulp|0 fnt
|-unboost|p1a: Air Fryer|spa|2
|faint|p2a: Double Gulp
|move|p1b: Ferrous|Body Press|p2b: I've seen this b4
|-supereffective|p2b: I've seen this b4|1
|-damage|p2b: I've seen this b4|0 fnt
|faint|p2b: I've seen this b4
|
|win|Jaybird112233
