|j|☆Lkizzz
|j|☆Welosethose!
|html|LkizzzWelosethose!    
|uhtml|bestof|Game 2 of a best-of-3
|t:|1756946467
|gametype|doubles
|player|p1|Lkizzz|swimmer-gen4dp|1216
|player|p2|Welosethose!|hilbert|1177
|gen|9
|tier|[Gen 9] VGC 2025 Reg H (Bo3)
|rated|
|rule|Species Clause: Limit one of each Pokémon
|rule|Item Clause: Limit 1 of each item
|clearpoke
|poke|p1|Ursaluna, L50, M|
|poke|p1|Incineroar, L50, M|
|poke|p1|Dragonite, L50, M|
|poke|p1|Pelipper, L50, M|
|poke|p1|Sinistcha, L50|
|poke|p1|Archaludon, L50, F|
|poke|p2|Politoed, L50, M|
|poke|p2|Gothitelle, L50, F|
|poke|p2|Kingdra, L50, F|
|poke|p2|Archaludon, L50, M|
|poke|p2|Amoonguss, L50, F|
|poke|p2|Incineroar, L50, F|
|teampreview|4
|showteam|p1|Ursaluna||FlameOrb|Guts|Protect,Facade,HeadlongRush,Earthquake|||M|||50|,,,,,Ghost]Incineroar||SafetyGoggles|Intimidate|FakeOut,KnockOff,FlareBlitz,PartingShot|||M|||50|,,,,,Ghost]Dragonite||LoadedDice|Multiscale|Protect,ScaleShot,Haze,Tailwind|||M|||50|,,,,,Steel]Pelipper||FocusSash|Drizzle|WeatherBall,Hurricane,Tailwind,WideGuard|||M|||50|,,,,,Ghost]Sinistcha||SitrusBerry|Hospitality|MatchaGotcha,TrickRoom,LifeDew,RagePowder||||||50|,,,,,Water]Archaludon||AssaultVest|Stamina|ElectroShot,FlashCannon,DragonPulse,BodyPress|||F|||50|,,,,,Grass
|showteam|p2|Politoed||Leftovers|Drizzle|WeatherBall,Encore,PerishSong,Protect|||M|||50|,,,,,Grass]Gothitelle||SitrusBerry|ShadowTag|FakeOut,Psychic,TrickRoom,Protect|||F|||50|,,,,,Dark]Kingdra||LifeOrb|SwiftSwim|WeatherBall,MuddyWater,DracoMeteor,Protect|||F|||50|,,,,,Stellar]Archaludon||PowerHerb|Sturdy|ElectroShot,FlashCannon,DragonPulse,Protect|||M|||50|,,,,,Electric]Amoonguss||EjectButton|Regenerator|PollenPuff,Spore,RagePowder,Protect|||F|||50|,,,,,Fairy]Incineroar||SafetyGoggles|Intimidate|FakeOut,KnockOff,PartingShot,Protect|||F|||50|,,,,,Ghost
|
|t:|1756946495
|teamsize|p1|4
|teamsize|p2|4
|start
|switch|p1a: Big G|Incineroar, L50, M|100/100
|switch|p1b: Sinistcha|Sinistcha, L50|100/100
|switch|p2a: Kingdra|Kingdra, L50, F|100/100
|switch|p2b: Archaludon|Archaludon, L50, M|100/100
|-ability|p1a: Big G|Intimidate|boost
|-unboost|p2a: Kingdra|atk|1
|-unboost|p2b: Archaludon|atk|1
|turn|1
|
|t:|1756946509
|switch|p2b: Gothitelle|Gothitelle, L50, F|100/100
|move|p2a: Kingdra|Protect|p2a: Kingdra
|-singleturn|p2a: Kingdra|Protect
|move|p1a: Big G|Fake Out|p2a: Kingdra
|-activate|p2a: Kingdra|move: Protect
|move|p1b: Sinistcha|Matcha Gotcha|p2b: Gothitelle|[spread] p2b
|-activate|p2a: Kingdra|move: Protect
|-damage|p2b: Gothitelle|81/100
|
|upkeep
|turn|2
|
|t:|1756946549
|switch|p2a: Archaludon|Archaludon, L50, M|100/100
|move|p2b: Gothitelle|Fake Out|p1a: Big G
|-damage|p1a: Big G|95/100
|cant|p1a: Big G|flinch
|move|p1b: Sinistcha|Matcha Gotcha|p2b: Gothitelle|[spread] p2a,p2b
|-resisted|p2a: Archaludon
|-damage|p2a: Archaludon|91/100
|-damage|p2b: Gothitelle|63/100
|-status|p2a: Archaludon|brn
|
|-damage|p2a: Archaludon|85/100 brn|[from] brn
|upkeep
|turn|3
|
|t:|1756946565
|switch|p2b: Politoed|Politoed, L50, M|100/100
|-weather|RainDance|[from] ability: Drizzle|[of] p2b: Politoed
|-terastallize|p2a: Archaludon|Electric
|move|p2a: Archaludon|Electro Shot||[still]
|-prepare|p2a: Archaludon|Electro Shot
|-boost|p2a: Archaludon|spa|1
|-anim|p2a: Archaludon|Electro Shot|p1a: Big G
|-damage|p1a: Big G|0 fnt
|faint|p1a: Big G
|move|p1b: Sinistcha|Trick Room|p1b: Sinistcha
|-fieldstart|move: Trick Room|[of] p1b: Sinistcha
|
|-weather|RainDance|[upkeep]
|-damage|p2a: Archaludon|79/100 brn|[from] brn
|upkeep
|
|t:|1756946575
|switch|p1a: Ursaluna|Ursaluna, L50, M|100/100
|turn|4
|
|t:|1756946589
|switch|p2a: Gothitelle|Gothitelle, L50, F|63/100
|move|p1a: Ursaluna|Protect|p1a: Ursaluna
|-singleturn|p1a: Ursaluna|Protect
|move|p1b: Sinistcha|Matcha Gotcha|p2a: Gothitelle|[spread] p2a,p2b
|-supereffective|p2b: Politoed
|-damage|p2a: Gothitelle|46/100
|-damage|p2b: Politoed|60/100
|-status|p2a: Gothitelle|brn
|-status|p2b: Politoed|brn
|-enditem|p2a: Gothitelle|Sitrus Berry|[eat]
|-heal|p2a: Gothitelle|71/100 brn|[from] item: Sitrus Berry
|move|p2b: Politoed|Perish Song|p2b: Politoed
|-start|p1a: Ursaluna|perish3|[silent]
|-start|p1b: Sinistcha|perish3|[silent]
|-start|p2a: Gothitelle|perish3|[silent]
|-start|p2b: Politoed|perish3|[silent]
|-fieldactivate|move: Perish Song
|
|-weather|RainDance|[upkeep]
|-heal|p2b: Politoed|66/100 brn|[from] item: Leftovers
|-damage|p2a: Gothitelle|64/100 brn|[from] brn
|-damage|p2b: Politoed|60/100 brn|[from] brn
|-start|p2a: Gothitelle|perish3
|-start|p1a: Ursaluna|perish3
|-start|p1b: Sinistcha|perish3
|-start|p2b: Politoed|perish3
|-status|p1a: Ursaluna|brn|[from] item: Flame Orb
|upkeep
|turn|5
|
|t:|1756946630
|-terastallize|p1a: Ursaluna|Ghost
|move|p2a: Gothitelle|Fake Out|p1a: Ursaluna
|-immune|p1a: Ursaluna
|move|p1a: Ursaluna|Earthquake|p2b: Politoed|[spread] p1b,p2a,p2b
|-resisted|p1b: Sinistcha
|-damage|p1b: Sinistcha|68/100
|-damage|p2a: Gothitelle|4/100 brn
|-damage|p2b: Politoed|0 fnt
|faint|p2b: Politoed
|move|p1b: Sinistcha|Matcha Gotcha|p2a: Gothitelle
|-damage|p2a: Gothitelle|0 fnt
|-heal|p1b: Sinistcha|71/100|[from] drain|[of] p2a: Gothitelle
|faint|p2a: Gothitelle
|
|-weather|RainDance|[upkeep]
|-damage|p1a: Ursaluna|95/100 brn|[from] brn
|-start|p1a: Ursaluna|perish2
|-start|p1b: Sinistcha|perish2
|upkeep
|
|t:|1756946632
|switch|p2a: Archaludon|Archaludon, L50, M, tera:Electric|79/100 brn
|switch|p2b: Kingdra|Kingdra, L50, F|100/100
|turn|6
|
|t:|1756946651
|switch|p1a: Archaludon|Archaludon, L50, F|100/100
|move|p1b: Sinistcha|Rage Powder|p1b: Sinistcha
|-singleturn|p1b: Sinistcha|move: Rage Powder
|move|p2a: Archaludon|Electro Shot||[still]
|-prepare|p2a: Archaludon|Electro Shot
|-boost|p2a: Archaludon|spa|1
|-anim|p2a: Archaludon|Electro Shot|p1b: Sinistcha
|-resisted|p1b: Sinistcha
|-damage|p1b: Sinistcha|26/100
|-enditem|p1b: Sinistcha|Sitrus Berry|[eat]
|-heal|p1b: Sinistcha|51/100|[from] item: Sitrus Berry
|move|p2b: Kingdra|Muddy Water|p1a: Archaludon|[spread] p1a,p1b
|-resisted|p1a: Archaludon
|-resisted|p1b: Sinistcha
|-damage|p1a: Archaludon|80/100
|-damage|p1b: Sinistcha|27/100
|-ability|p1a: Archaludon|Stamina|boost
|-boost|p1a: Archaludon|def|1
|-damage|p2b: Kingdra|91/100|[from] item: Life Orb
|
|-weather|RainDance|[upkeep]
|-damage|p2a: Archaludon|73/100 brn|[from] brn
|-start|p1b: Sinistcha|perish1
|upkeep
|turn|7
|
|t:|1756946679
|switch|p1b: Ursaluna|Ursaluna, L50, M, tera:Ghost|95/100 brn
|move|p1a: Archaludon|Electro Shot||[still]
|-prepare|p1a: Archaludon|Electro Shot
|-boost|p1a: Archaludon|spa|1
|-anim|p1a: Archaludon|Electro Shot|p2b: Kingdra
|-damage|p2b: Kingdra|5/100
|move|p2a: Archaludon|Electro Shot||[still]
|-prepare|p2a: Archaludon|Electro Shot
|-boost|p2a: Archaludon|spa|1
|-anim|p2a: Archaludon|Electro Shot|p1b: Ursaluna
|-damage|p1b: Ursaluna|0 fnt
|faint|p1b: Ursaluna
|move|p2b: Kingdra|Draco Meteor|p1a: Archaludon
|-damage|p1a: Archaludon|21/100
|-unboost|p2b: Kingdra|spa|2
|-ability|p1a: Archaludon|Stamina|boost
|-boost|p1a: Archaludon|def|1
|-damage|p2b: Kingdra|0 fnt|[from] item: Life Orb
|faint|p2b: Kingdra
|
|-weather|none
|-damage|p2a: Archaludon|67/100 brn|[from] brn
|-fieldend|move: Trick Room
|upkeep
|
|t:|1756946696
|switch|p1b: Sinistcha|Sinistcha, L50|27/100
|-heal|p1a: Archaludon|45/100|[from] ability: Hospitality|[of] p1b: Sinistcha
|turn|8
|
|t:|1756946724
|move|p1b: Sinistcha|Rage Powder|p1b: Sinistcha
|-singleturn|p1b: Sinistcha|move: Rage Powder
|move|p2a: Archaludon|Dragon Pulse|p1b: Sinistcha
|-damage|p1b: Sinistcha|0 fnt
|faint|p1b: Sinistcha
|move|p1a: Archaludon|Dragon Pulse|p2a: Archaludon
|-damage|p2a: Archaludon|0 fnt
|faint|p2a: Archaludon
|
|win|Lkizzz
|raw|Lkizzz's rating: 1216 → 1238(+22 for winning)
|raw|Welosethose!'s rating: 1177 → 1155(-22 for losing)
