|j|☆Prepucio Santos
|j|☆Professor_J93
|html|Prepucio SantosProfessor_J93    
|uhtml|bestof|Game 2 of a best-of-3
|t:|1784653011
|gametype|doubles
|player|p1|Prepucio Santos|striker|1317
|player|p2|Professor_J93|n|1228
|gen|9
|tier|[Gen 9 Champions] VGC 2026 Reg M-B (Bo3)
|rated|
|rule|Species Clause: Limit one of each Pokémon
|rule|Item Clause: Limit 1 of each item
|clearpoke
|poke|p1|Tyranitar, L50, F|
|poke|p1|Excadrill, L50, M|
|poke|p1|Gholdengo, L50|
|poke|p1|Sinistcha, L50|
|poke|p1|Staraptor, L50, F|
|poke|p1|Milotic, L50, F|
|poke|p2|Decidueye-Hisui, L50, M, shiny|
|poke|p2|Rotom-Wash, L50|
|poke|p2|Aerodactyl, L50, M|
|poke|p2|Aegislash, L50, F|
|poke|p2|Mamoswine, L50, M|
|poke|p2|Sylveon, L50, F, shiny|
|teampreview|4
|showteam|p1|Tyranitar||Tyranitarite|SandStream|RockSlide,KnockOff,LowKick,Protect|Adamant||F|||50|]Excadrill||FocusSash|SandRush|IronHead,HighHorsepower,RockSlide,Protect|Adamant||M|||50|]Gholdengo||LifeOrb|GoodasGold|ShadowBall,MakeItRain,NastyPlot,Protect|Modest|||||50|]Sinistcha||ColburBerry|Hospitality|MatchaGotcha,RagePowder,TrickRoom,Protect|Bold|||||50|]Staraptor||Staraptite|Intimidate|BraveBird,CloseCombat,Tailwind,Protect|Jolly||F|||50|]Milotic||Leftovers|Competitive|MuddyWater,Hypnosis,Coil,Recover|Calm||F|||50|
|showteam|p2|Decidueye-Hisui||ScopeLens|Scrappy|TripleArrows,LeafBlade,SuckerPunch,Protect|Adamant||M|||50|]Rotom-Wash||Leftovers|Levitate|HydroPump,Electroweb,Thunderbolt,Protect|Modest|||||50|]Aerodactyl||Aerodactylite|Unnerve|RockSlide,DualWingbeat,Tailwind,Protect|Jolly||M|||50|]Aegislash||SpellTag|StanceChange|Poltergeist,WideGuard,ShadowSneak,KingsShield|Adamant||F|||50|]Mamoswine||LifeOrb|Oblivious|IcicleCrash,IceShard,Earthquake,Protect|Adamant||M|||50|]Sylveon||FairyFeather|Pixilate|HyperVoice,HyperBeam,QuickAttack,Protect|Modest||F|||50|
|inactive|Battle timer is ON: inactive players will automatically lose when time's up. (requested by Prepucio Santos)
|
|t:|1784653075
|teamsize|p1|4
|teamsize|p2|4
|start
|switch|p1a: Staraptor|Staraptor, L50, F|100/100
|switch|p1b: Gholdengo|Gholdengo, L50|100/100
|switch|p2a: Aerodactyl|Aerodactyl, L50, M|100/100
|switch|p2b: Ullr|Decidueye-Hisui, L50, M, shiny|100/100
|-ability|p2a: Aerodactyl|Unnerve
|-ability|p1a: Staraptor|Intimidate|boost
|-unboost|p2a: Aerodactyl|atk|1
|-fail|p2b: Ullr|unboost|Attack|[from] ability: Scrappy|[of] p2b: Ullr
|turn|1
|
|t:|1784653092
|switch|p2b: Aegislash|Aegislash, L50, F|100/100
|detailschange|p2a: Aerodactyl|Aerodactyl-Mega, L50, M
|-mega|p2a: Aerodactyl|Aerodactyl|Aerodactylite
|detailschange|p1a: Staraptor|Staraptor-Mega, L50, F
|-mega|p1a: Staraptor|Staraptor|Staraptite
|move|p2a: Aerodactyl|Tailwind|p2a: Aerodactyl
|-sidestart|p2: Professor_J93|move: Tailwind
|move|p1a: Staraptor|Close Combat|p2b: Aegislash
|-immune|p2b: Aegislash
|move|p1b: Gholdengo|Make It Rain|p2a: Aerodactyl|[spread] p2a,p2b
|-supereffective|p2a: Aerodactyl|1
|-resisted|p2b: Aegislash|1
|-damage|p2a: Aerodactyl|0 fnt
|-damage|p2b: Aegislash|72/100
|-unboost|p1b: Gholdengo|spa|2
|faint|p2a: Aerodactyl
|-damage|p1b: Gholdengo|90/100|[from] item: Life Orb
|
|upkeep
|
|t:|1784653102
|switch|p2a: Sylveon|Sylveon, L50, F, shiny|100/100
|turn|2
|inactive|Prepucio Santos has 30 seconds left.
|inactive|Prepucio Santos has 20 seconds left.
|
|t:|1784653139
|move|p2a: Sylveon|Hyper Voice|p1b: Gholdengo|[spread] p1a,p1b
|-supereffective|p1a: Staraptor|1
|-resisted|p1b: Gholdengo|1
|-damage|p1a: Staraptor|8/100
|-damage|p1b: Gholdengo|65/100
|move|p1a: Staraptor|Tailwind|p1a: Staraptor
|-sidestart|p1: Prepucio Santos|move: Tailwind
|move|p1b: Gholdengo|Make It Rain|p2a: Sylveon|[spread] p2a,p2b
|-supereffective|p2a: Sylveon|1
|-resisted|p2b: Aegislash|1
|-damage|p2a: Sylveon|54/100
|-damage|p2b: Aegislash|59/100
|-unboost|p1b: Gholdengo|spa|2
|-damage|p1b: Gholdengo|56/100|[from] item: Life Orb
|-formechange|p2b: Aegislash|Aegislash-Blade|
|move|p2b: Aegislash|Poltergeist|p1b: Gholdengo
|-activate|p1b: Gholdengo|move: Poltergeist|Life Orb
|-supereffective|p1b: Gholdengo|1
|-damage|p1b: Gholdengo|0 fnt
|faint|p1b: Gholdengo
|
|upkeep
|
|t:|1784653149
|switch|p1b: Excadrill|Excadrill, L50, M|100/100
|turn|3
|
|t:|1784653169
|switch|p1a: Tyranitar|Tyranitar, L50, F|100/100
|-weather|Sandstorm|[from] ability: Sand Stream|[of] p1a: Tyranitar
|move|p2a: Sylveon|Protect|p2a: Sylveon
|-singleturn|p2a: Sylveon|Protect
|move|p1b: Excadrill|Iron Head|p2a: Sylveon
|-activate|p2a: Sylveon|move: Protect
|move|p2b: Aegislash|Poltergeist|p1b: Excadrill
|-activate|p1b: Excadrill|move: Poltergeist|Focus Sash
|-crit|p1b: Excadrill
|-enditem|p1b: Excadrill|Focus Sash
|-damage|p1b: Excadrill|1/100
|
|-weather|Sandstorm|[upkeep]
|-damage|p2a: Sylveon|48/100|[from] Sandstorm
|upkeep
|turn|4
|
|t:|1784653186
|move|p1b: Excadrill|Protect|p1b: Excadrill
|-singleturn|p1b: Excadrill|Protect
|-formechange|p2b: Aegislash|Aegislash|
|move|p2b: Aegislash|King's Shield|p2b: Aegislash
|-singleturn|p2b: Aegislash|Protect
|move|p1a: Tyranitar|Rock Slide|p2a: Sylveon|[spread] p2a
|-activate|p2b: Aegislash|move: Protect
|-damage|p2a: Sylveon|14/100
|move|p2a: Sylveon|Hyper Voice|p1b: Excadrill|[spread] p1a
|-activate|p1b: Excadrill|move: Protect
|-supereffective|p1a: Tyranitar|1
|-damage|p1a: Tyranitar|39/100
|
|-weather|Sandstorm|[upkeep]
|-damage|p2a: Sylveon|8/100|[from] Sandstorm
|-sideend|p2: Professor_J93|move: Tailwind
|upkeep
|turn|5
|inactive|Professor_J93 has 30 seconds left.
|inactive|Prepucio Santos has 30 seconds left.
|inactive|Professor_J93 has 20 seconds left.
|inactive|Prepucio Santos has 20 seconds left.
|inactive|Professor_J93 has 15 seconds left.
|
|t:|1784653230
|move|p1b: Excadrill|Protect||[still]
|-fail|p1b: Excadrill
|move|p2a: Sylveon|Quick Attack|p1b: Excadrill
|-resisted|p1b: Excadrill|1
|-damage|p1b: Excadrill|0 fnt
|faint|p1b: Excadrill
|move|p1a: Tyranitar|Knock Off|p2b: Aegislash
|-supereffective|p2b: Aegislash|1
|-damage|p2b: Aegislash|0 fnt
|-enditem|p2b: Aegislash|Spell Tag|[from] move: Knock Off|[of] p1a: Tyranitar
|faint|p2b: Aegislash
|
|-weather|Sandstorm|[upkeep]
|-damage|p2a: Sylveon|2/100|[from] Sandstorm
|-sideend|p1: Prepucio Santos|move: Tailwind
|upkeep
|
|t:|1784653237
|switch|p1b: Staraptor|Staraptor-Mega, L50, F|8/100
|switch|p2b: Ullr|Decidueye-Hisui, L50, M, shiny|100/100
|turn|6
|inactive|Professor_J93 has 30 seconds left.
|inactive|Professor_J93 has 20 seconds left.
|inactive|Professor_J93 has 15 seconds left.
|
|t:|1784653277
|move|p1b: Staraptor|Protect|p1b: Staraptor
|-singleturn|p1b: Staraptor|Protect
|move|p2b: Ullr|Sucker Punch|p1a: Tyranitar
|-resisted|p1a: Tyranitar|1
|-damage|p1a: Tyranitar|30/100
|move|p2a: Sylveon|Quick Attack|p1a: Tyranitar
|-supereffective|p1a: Tyranitar|1
|-damage|p1a: Tyranitar|7/100
|move|p1a: Tyranitar|Knock Off|p2b: Ullr
|-resisted|p2b: Ullr|1
|-damage|p2b: Ullr|66/100
|-enditem|p2b: Ullr|Scope Lens|[from] move: Knock Off|[of] p1a: Tyranitar
|
|-weather|Sandstorm|[upkeep]
|-damage|p1b: Staraptor|2/100|[from] Sandstorm
|-damage|p2b: Ullr|60/100|[from] Sandstorm
|-damage|p2a: Sylveon|0 fnt|[from] Sandstorm
|faint|p2a: Sylveon
|upkeep
|turn|7
|inactive|Prepucio Santos has 30 seconds left.
|
|t:|1784653309
|move|p2b: Ullr|Sucker Punch||[still]
|-fail|p2b: Ullr
|move|p1b: Staraptor|Tailwind|p1b: Staraptor
|-sidestart|p1: Prepucio Santos|move: Tailwind
|move|p1a: Tyranitar|Rock Slide|p2b: Ullr
|-resisted|p2b: Ullr|1
|-damage|p2b: Ullr|36/100
|
|-weather|none
|upkeep
|turn|8
|inactive|Prepucio Santos has 30 seconds left.
|inactive|Prepucio Santos has 20 seconds left.
|inactive|Prepucio Santos has 15 seconds left.
|inactive|Prepucio Santos has 10 seconds left.
|inactive|Prepucio Santos has 5 seconds left.
|
|t:|1784653362
|move|p2b: Ullr|Protect|p2b: Ullr
|-singleturn|p2b: Ullr|Protect
|move|p1b: Staraptor|Brave Bird|p2b: Ullr
|-activate|p2b: Ullr|move: Protect
|move|p1a: Tyranitar|Low Kick|p2b: Ullr
|-activate|p2b: Ullr|move: Protect
|
|upkeep
|turn|9
|
|t:|1784653369
|move|p2b: Ullr|Sucker Punch|p1b: Staraptor
|-resisted|p1b: Staraptor|1
|-damage|p1b: Staraptor|0 fnt
|faint|p1b: Staraptor
|move|p1a: Tyranitar|Low Kick|p2b: Ullr
|-damage|p2b: Ullr|9/100
|
|upkeep
|turn|10
|
|t:|1784653375
|move|p2b: Ullr|Protect|p2b: Ullr
|-singleturn|p2b: Ullr|Protect
|move|p1a: Tyranitar|Low Kick|p2b: Ullr
|-activate|p2b: Ullr|move: Protect
|
|-sideend|p1: Prepucio Santos|move: Tailwind
|upkeep
|turn|11
|
|t:|1784653387
|move|p2b: Ullr|Sucker Punch|p1a: Tyranitar
|-resisted|p1a: Tyranitar|1
|-damage|p1a: Tyranitar|0 fnt
|faint|p1a: Tyranitar
|
|win|Professor_J93
