|j|☆nicven
|j|☆damage77
|html|nicvendamage77    
|uhtml|bestof|Game 2 of a best-of-3
|t:|1756300756
|gametype|doubles
|player|p1|nicven|2|1360
|player|p2|damage77|ash|1411
|gen|9
|tier|[Gen 9] VGC 2025 Reg H (Bo3)
|rated|
|rule|Species Clause: Limit one of each Pokémon
|rule|Item Clause: Limit 1 of each item
|clearpoke
|poke|p1|Garchomp, L50, M|
|poke|p1|Jumpluff, L50, F|
|poke|p1|Kingambit, L50, M|
|poke|p1|Torkoal, L50, F|
|poke|p1|Typhlosion-Hisui, L50, F|
|poke|p1|Dragonite, L50, F|
|poke|p2|Ninetales-Alola, L50, F|
|poke|p2|Gholdengo, L50|
|poke|p2|Dragonite, L50, F|
|poke|p2|Annihilape, L50, M|
|poke|p2|Ursaluna-Bloodmoon, L50, M|
|poke|p2|Incineroar, L50, F|
|teampreview|4
|showteam|p1|Garchomp||LifeOrb|RoughSkin|DragonClaw,StompingTantrum,Earthquake,Protect|||M|||50|,,,,,Fairy]Jumpluff||CovertCloak|Chlorophyll|Tailwind,SleepPowder,Encore,LeafStorm|||F|||50|,,,,,Poison]Kingambit||AssaultVest|Defiant|Assurance,SuckerPunch,IronHead,LowKick|||M|||50|,,,,,Flying]Torkoal||EjectPack|Drought|Overheat,BurningJealousy,HelpingHand,Protect|||F|||50|,,,,,Flying]Typhlosion-Hisui||ChoiceSpecs|Blaze|Eruption,HeatWave,ShadowBall,Overheat|||F|||50|,,,,,Fire]Dragonite||LoadedDice|Multiscale|ScaleShot,IceSpinner,ExtremeSpeed,Protect|||F|||50|,,,,,Fairy
|showteam|p2|Ninetales-Alola||LightClay|SnowWarning|IcicleSpear,Blizzard,AuroraVeil,IcyWind|||F|||50|,,,,,Ghost]Gholdengo||ChoiceScarf|GoodasGold|MakeItRain,ShadowBall,Trick,NastyPlot||||||50|,,,,,Steel]Dragonite||LoadedDice|Multiscale|ScaleShot,ExtremeSpeed,Protect,Haze|||F|||50|,,,,,Normal]Annihilape||SafetyGoggles|Defiant|DrainPunch,RageFist,BulkUp,Protect|||M|||50|,,,,,Fire]Ursaluna-Bloodmoon||AssaultVest|MindsEye|BloodMoon,HyperVoice,EarthPower,VacuumWave|||M|||50|,,,,,Water]Incineroar||SitrusBerry|Intimidate|FakeOut,FlareBlitz,KnockOff,PartingShot|||F|||50|,,,,,Ghost
|
|t:|1756300817
|teamsize|p1|4
|teamsize|p2|4
|start
|switch|p1a: Garchomp|Garchomp, L50, M|100/100
|switch|p1b: Typhlosion|Typhlosion-Hisui, L50, F|100/100
|switch|p2a: Incineroar|Incineroar, L50, F|100/100
|switch|p2b: Dragonite|Dragonite, L50, F|100/100
|-ability|p2a: Incineroar|Intimidate|boost
|-unboost|p1a: Garchomp|atk|1
|-unboost|p1b: Typhlosion|atk|1
|turn|1
|
|t:|1756300854
|switch|p1b: Kingambit|Kingambit, L50, M|100/100
|-terastallize|p1a: Garchomp|Fairy
|move|p2a: Incineroar|Fake Out|p1a: Garchomp
|-damage|p1a: Garchomp|90/100
|-damage|p2a: Incineroar|88/100|[from] ability: Rough Skin|[of] p1a: Garchomp
|cant|p1a: Garchomp|flinch
|move|p2b: Dragonite|Scale Shot|p1b: Kingambit
|-resisted|p1b: Kingambit
|-damage|p1b: Kingambit|94/100
|-resisted|p1b: Kingambit
|-damage|p1b: Kingambit|88/100
|-resisted|p1b: Kingambit
|-damage|p1b: Kingambit|82/100
|-resisted|p1b: Kingambit
|-damage|p1b: Kingambit|76/100
|-hitcount|p1b: Kingambit|4
|-unboost|p2b: Dragonite|def|1
|-boost|p2b: Dragonite|spe|1
|
|upkeep
|turn|2
|
|t:|1756300916
|switch|p2a: Annihilape|Annihilape, L50, M|100/100
|move|p2b: Dragonite|Protect|p2b: Dragonite
|-singleturn|p2b: Dragonite|Protect
|move|p1a: Garchomp|Stomping Tantrum|p2a: Annihilape
|-damage|p2a: Annihilape|29/100
|-damage|p1a: Garchomp|80/100|[from] item: Life Orb
|move|p1b: Kingambit|Iron Head|p2b: Dragonite
|-activate|p2b: Dragonite|move: Protect
|
|upkeep
|turn|3
|
|t:|1756301000
|switch|p2b: Incineroar|Incineroar, L50, F|88/100
|-ability|p2b: Incineroar|Intimidate|boost
|-unboost|p1a: Garchomp|atk|1
|-unboost|p1b: Kingambit|atk|1
|-ability|p1b: Kingambit|Defiant|boost
|-boost|p1b: Kingambit|atk|2
|move|p2a: Annihilape|Protect|p2a: Annihilape
|-singleturn|p2a: Annihilape|Protect
|move|p1a: Garchomp|Stomping Tantrum|p2a: Annihilape
|-activate|p2a: Annihilape|move: Protect
|move|p1b: Kingambit|Iron Head|p2b: Incineroar
|-resisted|p2b: Incineroar
|-damage|p2b: Incineroar|58/100
|
|upkeep
|turn|4
|
|t:|1756301063
|switch|p1a: Jumpluff|Jumpluff, L50, F|100/100
|switch|p1b: Typhlosion|Typhlosion-Hisui, L50, F|100/100
|move|p2b: Incineroar|Fake Out|p1b: Typhlosion
|-immune|p1b: Typhlosion
|move|p2a: Annihilape|Drain Punch|p1b: Typhlosion
|-immune|p1b: Typhlosion
|
|upkeep
|turn|5
|
|t:|1756301084
|move|p2a: Annihilape|Protect|p2a: Annihilape
|-singleturn|p2a: Annihilape|Protect
|move|p1a: Jumpluff|Sleep Powder|p2b: Incineroar
|-status|p2b: Incineroar|slp|[from] move: Sleep Powder
|move|p1b: Typhlosion|Eruption|p2b: Incineroar|[spread] p2b
|-activate|p2a: Annihilape|move: Protect
|-resisted|p2b: Incineroar
|-damage|p2b: Incineroar|26/100 slp
|-enditem|p2b: Incineroar|Sitrus Berry|[eat]
|-heal|p2b: Incineroar|51/100 slp|[from] item: Sitrus Berry
|cant|p2b: Incineroar|slp
|
|upkeep
|turn|6
|
|t:|1756301108
|move|p1a: Jumpluff|Tailwind|p1a: Jumpluff
|-sidestart|p1: nicven|move: Tailwind
|move|p1b: Typhlosion|Eruption|p2a: Annihilape|[spread] p2a,p2b
|-resisted|p2b: Incineroar
|-damage|p2a: Annihilape|0 fnt
|-damage|p2b: Incineroar|18/100 slp
|faint|p2a: Annihilape
|cant|p2b: Incineroar|slp
|
|upkeep
|
|t:|1756301118
|switch|p2a: Ursaluna|Ursaluna-Bloodmoon, L50, M|100/100
|turn|7
|
|t:|1756301125
|switch|p2b: Dragonite|Dragonite, L50, F|100/100
|-terastallize|p2a: Ursaluna|Water
|move|p1a: Jumpluff|Sleep Powder|p2a: Ursaluna
|-status|p2a: Ursaluna|slp|[from] move: Sleep Powder
|move|p1b: Typhlosion|Eruption|p2a: Ursaluna|[spread] p2a,p2b
|-resisted|p2a: Ursaluna
|-resisted|p2b: Dragonite
|-damage|p2a: Ursaluna|75/100 slp
|-damage|p2b: Dragonite|80/100
|cant|p2a: Ursaluna|slp
|
|upkeep
|turn|8
|
|t:|1756301148
|move|p2b: Dragonite|Protect|p2b: Dragonite
|-singleturn|p2b: Dragonite|Protect
|move|p1a: Jumpluff|Sleep Powder|p2b: Dragonite
|-activate|p2b: Dragonite|move: Protect
|move|p1b: Typhlosion|Eruption|p2a: Ursaluna|[spread] p2a
|-activate|p2b: Dragonite|move: Protect
|-resisted|p2a: Ursaluna
|-damage|p2a: Ursaluna|47/100 slp
|cant|p2a: Ursaluna|slp
|
|upkeep
|turn|9
|
|t:|1756301163
|move|p1a: Jumpluff|Leaf Storm|p2a: Ursaluna
|-supereffective|p2a: Ursaluna
|-damage|p2a: Ursaluna|9/100 slp
|-unboost|p1a: Jumpluff|spa|2
|move|p1b: Typhlosion|Eruption|p2a: Ursaluna|[spread] p2a,p2b
|-resisted|p2a: Ursaluna
|-resisted|p2b: Dragonite
|-damage|p2a: Ursaluna|0 fnt
|-damage|p2b: Dragonite|39/100
|faint|p2a: Ursaluna
|move|p2b: Dragonite|Scale Shot|p1a: Jumpluff
|-damage|p1a: Jumpluff|79/100
|-damage|p1a: Jumpluff|61/100
|-damage|p1a: Jumpluff|42/100
|-damage|p1a: Jumpluff|23/100
|-damage|p1a: Jumpluff|4/100
|-hitcount|p1a: Jumpluff|5
|-unboost|p2b: Dragonite|def|1
|-boost|p2b: Dragonite|spe|1
|
|-sideend|p1: nicven|move: Tailwind
|upkeep
|
|t:|1756301172
|switch|p2a: Incineroar|Incineroar, L50, F|18/100 slp
|-ability|p2a: Incineroar|Intimidate|boost
|-unboost|p1a: Jumpluff|atk|1
|-unboost|p1b: Typhlosion|atk|1
|turn|10
|-message|damage77 forfeited.
|
|win|nicven
