|j|☆Ltlauti
|j|☆wh1ssperr77
|html|Ltlautiwh1ssperr77    
|uhtml|bestof|Game 2 of a best-of-3
|t:|1786100918
|gametype|doubles
|player|p1|Ltlauti|101|1053
|player|p2|wh1ssperr77|pokekid|1143
|gen|9
|tier|[Gen 9 Champions] VGC 2026 Reg M-B (Bo3)
|rated|
|rule|Species Clause: Limit one of each Pokémon
|rule|Item Clause: Limit 1 of each item
|clearpoke
|poke|p1|Swampert, L50, F|
|poke|p1|Pelipper, L50, M|
|poke|p1|Archaludon, L50, F|
|poke|p1|Sinistcha, L50|
|poke|p1|Grimmsnarl, L50, M|
|poke|p1|Metagross, L50|
|poke|p2|Metagross, L50, shiny|
|poke|p2|Raichu, L50, F|
|poke|p2|Kommo-o, L50, M|
|poke|p2|Whimsicott, L50, M|
|poke|p2|Ninetales-Alola, L50, F|
|poke|p2|Ceruledge, L50, F|
|teampreview|4
|showteam|p1|Swampert||Swampertite|Torrent|WaveCrash,Earthquake,IcePunch,Protect|Adamant||F|||50|]Pelipper||DampRock|Drizzle|WeatherBall,Hurricane,Tailwind,WideGuard|Modest||M|||50|]Archaludon||Leftovers|Stamina|ElectroShot,FlashCannon,DracoMeteor,Protect|Modest||F|||50|]Sinistcha||SitrusBerry|Hospitality|MatchaGotcha,RagePowder,LifeDew,Protect|Bold|||||50|]Grimmsnarl||LightClay|Prankster|Reflect,LightScreen,PartingShot,SpiritBreak|Impish||M|||50|]Metagross||Metagrossite|ClearBody|IronHead,PsychicFangs,BulletPunch,Protect|Jolly|||||50|
|showteam|p2|Metagross||Metagrossite|ClearBody|IronHead,BodyPress,PsychicFangs,Protect|Adamant|||||50|]Raichu||RaichuniteY|LightningRod|ZapCannon,FocusBlast,FakeOut,Protect|Timid||F|||50|]Kommo-o||LifeOrb|Soundproof|AuraSphere,ClangingScales,VacuumWave,Protect|Modest||M|||50|]Whimsicott||FocusSash|Prankster|Tailwind,Encore,Moonblast,Protect|Timid||M|||50|]Ninetales-Alola||NeverMeltIce|SnowWarning|Blizzard,FreezeDry,AuroraVeil,Protect|Timid||F|||50|]Ceruledge||ColburBerry|FlashFire|BitterBlade,ShadowSneak,BulkUp,Protect|Adamant||F|||50|
|inactive|Battle timer is ON: inactive players will automatically lose when time's up. (requested by wh1ssperr77)
|
|t:|1786100972
|teamsize|p1|4
|teamsize|p2|4
|start
|switch|p1a: Grimmsnarl|Grimmsnarl, L50, M|100/100
|switch|p1b: Metagross|Metagross, L50|100/100
|switch|p2a: Raichu|Raichu, L50, F|100/100
|switch|p2b: Whimsicott|Whimsicott, L50, M|100/100
|turn|1
|
|t:|1786100997
|detailschange|p2a: Raichu|Raichu-Mega-Y, L50, F
|-mega|p2a: Raichu|Raichu|Raichunite Y
|move|p2a: Raichu|Fake Out|p1b: Metagross
|-resisted|p1b: Metagross|1
|-crit|p1b: Metagross
|-damage|p1b: Metagross|94/100
|move|p1a: Grimmsnarl|Light Screen|p1a: Grimmsnarl
|-sidestart|p1: Ltlauti|move: Light Screen
|move|p2b: Whimsicott|Moonblast|p1a: Grimmsnarl
|-supereffective|p1a: Grimmsnarl|1
|-damage|p1a: Grimmsnarl|46/100
|cant|p1b: Metagross|flinch
|
|upkeep
|turn|2
|
|t:|1786101013
|move|p1a: Grimmsnarl|Parting Shot|p2a: Raichu
|-unboost|p2a: Raichu|atk|1
|-unboost|p2a: Raichu|spa|1
|
|t:|1786101019
|switch|p1a: Pelipper|Pelipper, L50, M|100/100|[from] Parting Shot
|-weather|RainDance|[from] ability: Drizzle|[of] p1a: Pelipper
|move|p2a: Raichu|Zap Cannon|p1b: Metagross
|-damage|p1b: Metagross|56/100
|-status|p1b: Metagross|par
|move|p2b: Whimsicott|Moonblast|p1a: Pelipper
|-damage|p1a: Pelipper|68/100
|move|p1b: Metagross|Psychic Fangs|p2a: Raichu
|-damage|p2a: Raichu|35/100
|
|-weather|RainDance|[upkeep]
|upkeep
|turn|3
|inactive|Ltlauti has 30 seconds left.
|
|t:|1786101045
|switch|p1a: Grimmsnarl|Grimmsnarl, L50, M|46/100
|move|p2b: Whimsicott|Tailwind|p2b: Whimsicott
|-sidestart|p2: wh1ssperr77|move: Tailwind
|move|p2a: Raichu|Zap Cannon|p1a: Grimmsnarl
|-damage|p1a: Grimmsnarl|18/100
|-status|p1a: Grimmsnarl|par
|move|p1b: Metagross|Psychic Fangs|p2a: Raichu
|-damage|p2a: Raichu|0 fnt
|faint|p2a: Raichu
|
|-weather|RainDance|[upkeep]
|upkeep
|
|t:|1786101053
|switch|p2a: Kommo-o|Kommo-o, L50, M|100/100
|turn|4
|
|t:|1786101062
|move|p2b: Whimsicott|Moonblast|p1a: Grimmsnarl
|-supereffective|p1a: Grimmsnarl|1
|-damage|p1a: Grimmsnarl|0 fnt
|faint|p1a: Grimmsnarl
|move|p2a: Kommo-o|Aura Sphere|p1b: Metagross
|-damage|p1b: Metagross|12/100 par
|-damage|p2a: Kommo-o|90/100|[from] item: Life Orb
|move|p1b: Metagross|Psychic Fangs|p2a: Kommo-o
|-supereffective|p2a: Kommo-o|1
|-damage|p2a: Kommo-o|8/100
|
|-weather|RainDance|[upkeep]
|upkeep
|
|t:|1786101075
|switch|p1a: Swampert|Swampert, L50, F|100/100
|turn|5
|
|t:|1786101086
|move|p2a: Kommo-o|Protect|p2a: Kommo-o
|-singleturn|p2a: Kommo-o|Protect
|move|p1a: Swampert|Protect|p1a: Swampert
|-singleturn|p1a: Swampert|Protect
|move|p1b: Metagross|Bullet Punch|p2a: Kommo-o
|-activate|p2a: Kommo-o|move: Protect
|move|p2b: Whimsicott|Moonblast|p1b: Metagross
|-resisted|p1b: Metagross|1
|-damage|p1b: Metagross|0 fnt
|faint|p1b: Metagross
|
|-weather|RainDance|[upkeep]
|upkeep
|
|t:|1786101095
|switch|p1b: Pelipper|Pelipper, L50, M|68/100
|turn|6
|
|t:|1786101119
|detailschange|p1a: Swampert|Swampert-Mega, L50, F
|-mega|p1a: Swampert|Swampert|Swampertite
|move|p2b: Whimsicott|Protect|p2b: Whimsicott
|-singleturn|p2b: Whimsicott|Protect
|move|p2a: Kommo-o|Clanging Scales|p1b: Pelipper|[spread] p1a,p1b
|-crit|p1a: Swampert
|-damage|p1a: Swampert|32/100
|-damage|p1b: Pelipper|23/100
|-unboost|p2a: Kommo-o|def|1
|-damage|p2a: Kommo-o|0 fnt|[from] item: Life Orb
|faint|p2a: Kommo-o
|move|p1a: Swampert|Earthquake|p2b: Whimsicott|[spread] 
|-activate|p2b: Whimsicott|move: Protect
|-immune|p1b: Pelipper
|move|p1b: Pelipper|Tailwind|p1b: Pelipper
|-sidestart|p1: Ltlauti|move: Tailwind
|
|-weather|RainDance|[upkeep]
|-sideend|p2: wh1ssperr77|move: Tailwind
|upkeep
|
|t:|1786101128
|switch|p2a: Ninetales|Ninetales-Alola, L50, F|100/100
|-weather|Snowscape|[from] ability: Snow Warning|[of] p2a: Ninetales
|turn|7
|
|t:|1786101145
|move|p2b: Whimsicott|Tailwind|p2b: Whimsicott
|-sidestart|p2: wh1ssperr77|move: Tailwind
|move|p2a: Ninetales|Blizzard|p1a: Swampert|[spread] p1a,p1b
|-damage|p1a: Swampert|9/100
|-damage|p1b: Pelipper|0 fnt
|faint|p1b: Pelipper
|move|p1a: Swampert|Earthquake|p2b: Whimsicott|[spread] p2a,p2b
|-resisted|p2b: Whimsicott|1
|-damage|p2a: Ninetales|56/100
|-damage|p2b: Whimsicott|62/100
|
|-weather|Snowscape|[upkeep]
|upkeep
|turn|8
|inactive|Ltlauti has 30 seconds left.
|-message|Ltlauti forfeited.
|
|win|wh1ssperr77
|raw|Ltlauti's rating: 1053 → 1040(-13 for losing)
|raw|wh1ssperr77's rating: 1143 → 1162(+19 for winning)
|l|☆Ltlauti
|player|p1|
