|j|☆realslim19
|j|☆CretaceousDraconid
|html|realslim19CretaceousDraconid    
|uhtml|bestof|Game 1 of a best-of-3
|t:|1757842258
|gametype|doubles
|player|p1|realslim19|richboy-gen4|1154
|player|p2|CretaceousDraconid|zinnia-masters|1071
|gen|9
|tier|[Gen 9] VGC 2025 Reg H (Bo3)
|rated|
|rule|Species Clause: Limit one of each Pokémon
|rule|Item Clause: Limit 1 of each item
|clearpoke
|poke|p1|Ninetales-Alola, L50, M|
|poke|p1|Salamence, L50, F|
|poke|p1|Sneasler, L50, F|
|poke|p1|Rillaboom, L50, M|
|poke|p1|Kingambit, L50, M|
|poke|p1|Basculegion, L50, M|
|poke|p2|Rillaboom, L50, M|
|poke|p2|Incineroar, L50, F|
|poke|p2|Salamence, L50, M|
|poke|p2|Garchomp, L50, F|
|poke|p2|Sneasler, L50, F|
|poke|p2|Ninetales-Alola, L50, M|
|teampreview|4
|showteam|p1|Ninetales-Alola||CovertCloak|SnowWarning|Blizzard,AuroraVeil,Encore,Disable|||M|||50|,,,,,Poison]Salamence||LifeOrb|Intimidate|DracoMeteor,AirSlash,Tailwind,Protect|||F|||50|,,,,,Flying]Sneasler||FocusSash|Unburden|CloseCombat,DireClaw,FakeOut,Protect|||F|||50|,,,,,Ghost]Rillaboom||AssaultVest|GrassySurge|GrassyGlide,WoodHammer,FakeOut,HighHorsepower|||M|||50|,,,,,Fire]Kingambit||BlackGlasses|Defiant|KowtowCleave,SuckerPunch,SwordsDance,Protect|||M|||50|,,,,,Dark]Basculegion||ChoiceScarf|Adaptability|WaveCrash,FlipTurn,LastRespects,AquaJet|||M|||50|,,,,,Water
|showteam|p2|Rillaboom||AssaultVest|GrassySurge|FakeOut,Uturn,GrassyGlide,WoodHammer|||M|||50|,,,,,Fire]Incineroar||SafetyGoggles|Intimidate|FakeOut,Taunt,PartingShot,KnockOff|||F|||50|,,,,,Ghost]Salamence||ChoiceSpecs|Intimidate|Hurricane,HeatWave,DracoMeteor,HydroPump|||M|||50|,,,,,Fire]Garchomp||LoadedDice|RoughSkin|StompingTantrum,Earthquake,ScaleShot,Protect|||F|||50|,,,,,Fairy]Sneasler||FocusSash|PoisonTouch|DireClaw,CloseCombat,Coaching,Protect|||F|||50|,,,,,Fairy]Ninetales-Alola||NeverMeltIce|SnowWarning|FreezeDry,Blizzard,AuroraVeil,Protect|||M|||50|,,,,,Ghost
|
|t:|1757842341
|teamsize|p1|4
|teamsize|p2|4
|start
|switch|p1a: Ninetales|Ninetales-Alola, L50, M|100/100
|switch|p1b: Basculegion|Basculegion, L50, M|100/100
|switch|p2a: TheFuckYouGuy|Sneasler, L50, F|100/100
|switch|p2b: Incineroar|Incineroar, L50, F|100/100
|-weather|Snowscape|[from] ability: Snow Warning|[of] p1a: Ninetales
|-ability|p2b: Incineroar|Intimidate|boost
|-unboost|p1a: Ninetales|atk|1
|-unboost|p1b: Basculegion|atk|1
|turn|1
|
|t:|1757842368
|switch|p2b: Rillaboom|Rillaboom, L50, M|100/100
|-fieldstart|move: Grassy Terrain|[from] ability: Grassy Surge|[of] p2b: Rillaboom
|-terastallize|p1a: Ninetales|Poison
|move|p1b: Basculegion|Flip Turn|p2b: Rillaboom
|-resisted|p2b: Rillaboom
|-damage|p2b: Rillaboom|87/100
|
|t:|1757842387
|switch|p1b: Sneasler|Sneasler, L50, F|100/100|[from] Flip Turn
|move|p2a: TheFuckYouGuy|Dire Claw|p1b: Sneasler
|-resisted|p1b: Sneasler
|-damage|p1b: Sneasler|61/100
|-status|p1b: Sneasler|par
|move|p1a: Ninetales|Aurora Veil|p1a: Ninetales
|-sidestart|p1: realslim19|move: Aurora Veil
|
|-weather|Snowscape|[upkeep]
|-heal|p2b: Rillaboom|93/100|[from] Grassy Terrain
|-heal|p1b: Sneasler|67/100 par|[from] Grassy Terrain
|upkeep
|turn|2
|
|t:|1757842438
|switch|p1b: Basculegion|Basculegion, L50, M|100/100
|move|p2b: Rillaboom|Fake Out|p1b: Basculegion
|-immune|p1b: Basculegion
|move|p2a: TheFuckYouGuy|Close Combat|p1b: Basculegion
|-immune|p1b: Basculegion
|move|p1a: Ninetales|Blizzard|p2a: TheFuckYouGuy|[spread] p2a,p2b
|-supereffective|p2b: Rillaboom
|-damage|p2a: TheFuckYouGuy|66/100
|-damage|p2b: Rillaboom|60/100
|
|-weather|Snowscape|[upkeep]
|-heal|p2a: TheFuckYouGuy|71/100|[from] Grassy Terrain
|-heal|p2b: Rillaboom|66/100|[from] Grassy Terrain
|upkeep
|turn|3
|
|t:|1757842467
|switch|p2b: Incineroar|Incineroar, L50, F|100/100
|-ability|p2b: Incineroar|Intimidate|boost
|-unboost|p1a: Ninetales|atk|1
|-unboost|p1b: Basculegion|atk|1
|move|p1b: Basculegion|Flip Turn|p2a: TheFuckYouGuy
|-damage|p2a: TheFuckYouGuy|28/100
|
|t:|1757842475
|switch|p1b: Sneasler|Sneasler, L50, F|67/100 par|[from] Flip Turn
|move|p2a: TheFuckYouGuy|Dire Claw|p1b: Sneasler
|-resisted|p1b: Sneasler
|-damage|p1b: Sneasler|43/100 par
|move|p1a: Ninetales|Blizzard|p2b: Incineroar|[spread] p2a,p2b
|-resisted|p2b: Incineroar
|-damage|p2a: TheFuckYouGuy|0 fnt
|-damage|p2b: Incineroar|89/100
|-status|p2b: Incineroar|frz
|faint|p2a: TheFuckYouGuy
|
|-weather|Snowscape|[upkeep]
|-heal|p2b: Incineroar|95/100 frz|[from] Grassy Terrain
|-heal|p1b: Sneasler|49/100 par|[from] Grassy Terrain
|upkeep
|
|t:|1757842479
|switch|p2a: Garchomp|Garchomp, L50, F|100/100
|turn|4
|
|t:|1757842499
|switch|p1b: Rillaboom|Rillaboom, L50, M|100/100
|-terastallize|p2a: Garchomp|Fairy
|move|p1a: Ninetales|Blizzard|p2b: Incineroar|[spread] p2a,p2b
|-resisted|p2b: Incineroar
|-damage|p2a: Garchomp|71/100
|-damage|p2b: Incineroar|82/100 frz
|move|p2a: Garchomp|Stomping Tantrum|p1a: Ninetales
|-supereffective|p1a: Ninetales
|-damage|p1a: Ninetales|42/100
|cant|p2b: Incineroar|frz
|
|-weather|Snowscape|[upkeep]
|-heal|p1a: Ninetales|48/100|[from] Grassy Terrain
|-heal|p2a: Garchomp|77/100|[from] Grassy Terrain
|-heal|p2b: Incineroar|88/100 frz|[from] Grassy Terrain
|upkeep
|turn|5
|
|t:|1757842534
|move|p1a: Ninetales|Blizzard|p2b: Incineroar|[spread] p2a,p2b
|-resisted|p2b: Incineroar
|-crit|p2b: Incineroar
|-damage|p2a: Garchomp|49/100
|-damage|p2b: Incineroar|69/100 frz
|move|p2a: Garchomp|Stomping Tantrum|p1a: Ninetales
|-supereffective|p1a: Ninetales
|-damage|p1a: Ninetales|0 fnt
|faint|p1a: Ninetales
|cant|p2b: Incineroar|frz
|move|p1b: Rillaboom|Wood Hammer|p2a: Garchomp
|-damage|p2a: Garchomp|0 fnt
|-damage|p1b: Rillaboom|88/100|[from] ability: Rough Skin|[of] p2a: Garchomp
|faint|p2a: Garchomp
|-damage|p1b: Rillaboom|74/100|[from] Recoil
|
|-weather|none
|-heal|p2b: Incineroar|75/100 frz|[from] Grassy Terrain
|-heal|p1b: Rillaboom|80/100|[from] Grassy Terrain
|-sideend|p1: realslim19|move: Aurora Veil
|-fieldend|move: Grassy Terrain
|upkeep
|
|t:|1757842546
|switch|p1a: Sneasler|Sneasler, L50, F|49/100 par
|switch|p2a: Rillaboom|Rillaboom, L50, M|66/100
|-fieldstart|move: Grassy Terrain|[from] ability: Grassy Surge|[of] p2a: Rillaboom
|turn|6
|
|t:|1757842567
|move|p2a: Rillaboom|Fake Out|p1a: Sneasler
|-damage|p1a: Sneasler|27/100 par
|cant|p1a: Sneasler|flinch
|cant|p2b: Incineroar|frz
|move|p1b: Rillaboom|Wood Hammer|p2a: Rillaboom
|-resisted|p2a: Rillaboom
|-damage|p2a: Rillaboom|33/100
|-damage|p1b: Rillaboom|69/100|[from] Recoil
|
|-heal|p2b: Incineroar|81/100 frz|[from] Grassy Terrain
|-heal|p1b: Rillaboom|75/100|[from] Grassy Terrain
|-heal|p2a: Rillaboom|39/100|[from] Grassy Terrain
|-heal|p1a: Sneasler|33/100 par|[from] Grassy Terrain
|upkeep
|turn|7
|
|t:|1757842596
|move|p1a: Sneasler|Protect|p1a: Sneasler
|-singleturn|p1a: Sneasler|Protect
|cant|p2b: Incineroar|frz
|move|p1b: Rillaboom|Wood Hammer|p2a: Rillaboom
|-resisted|p2a: Rillaboom
|-damage|p2a: Rillaboom|4/100
|-damage|p1b: Rillaboom|64/100|[from] Recoil
|move|p2a: Rillaboom|U-turn|p1b: Rillaboom
|-supereffective|p1b: Rillaboom
|-damage|p1b: Rillaboom|20/100
|
|-heal|p2b: Incineroar|87/100 frz|[from] Grassy Terrain
|-heal|p1b: Rillaboom|26/100|[from] Grassy Terrain
|-heal|p2a: Rillaboom|10/100|[from] Grassy Terrain
|-heal|p1a: Sneasler|39/100 par|[from] Grassy Terrain
|upkeep
|turn|8
|
|t:|1757842614
|move|p1b: Rillaboom|Grassy Glide|p2a: Rillaboom
|-resisted|p2a: Rillaboom
|-damage|p2a: Rillaboom|0 fnt
|faint|p2a: Rillaboom
|-curestatus|p2b: Incineroar|frz|[msg]
|move|p2b: Incineroar|Knock Off|p1b: Rillaboom
|-damage|p1b: Rillaboom|0 fnt
|-enditem|p1b: Rillaboom|Assault Vest|[from] move: Knock Off|[of] p2b: Incineroar
|faint|p1b: Rillaboom
|move|p1a: Sneasler|Dire Claw|p2b: Incineroar
|-damage|p2b: Incineroar|39/100
|
|-heal|p2b: Incineroar|45/100|[from] Grassy Terrain
|-heal|p1a: Sneasler|45/100 par|[from] Grassy Terrain
|upkeep
|
|t:|1757842617
|switch|p1b: Basculegion|Basculegion, L50, M|100/100
|turn|9
|-message|CretaceousDraconid forfeited.
|
|win|realslim19
