|j|☆BigIronChungus
|j|☆The FMB
|html|BigIronChungusThe FMB    
|uhtml|bestof|Game 1 of a best-of-3
|t:|1784965780
|gametype|doubles
|player|p1|BigIronChungus|arezu|1104
|player|p2|The FMB|170|1136
|gen|9
|tier|[Gen 9 Champions] VGC 2026 Reg M-B (Bo3)
|rated|
|rule|Species Clause: Limit one of each Pokémon
|rule|Item Clause: Limit 1 of each item
|clearpoke
|poke|p1|Milotic, L50, F|
|poke|p1|Staraptor, L50, M|
|poke|p1|Tyranitar, L50, M|
|poke|p1|Gholdengo, L50|
|poke|p1|Excadrill, L50, M|
|poke|p1|Sinistcha, L50|
|poke|p2|Eelektross, L50, M|
|poke|p2|Talonflame, L50, F|
|poke|p2|Swampert, L50, F|
|poke|p2|Grimmsnarl, L50, M|
|poke|p2|Aerodactyl, L50, M, shiny|
|poke|p2|Primarina, L50, F|
|teampreview|4
|showteam|p1|Milotic||Leftovers|Competitive|Protect,IceBeam,Scald,IcyWind|Modest||F|||50|]Staraptor||Staraptite|Intimidate|Protect,BraveBird,CloseCombat,Tailwind|Jolly||M|||50|]Tyranitar||Tyranitarite|SandStream|Protect,KnockOff,RockSlide,LowKick|Adamant||M|||50|]Gholdengo||LifeOrb|GoodasGold|Protect,ShadowBall,NastyPlot,MakeItRain|Modest|||||50|]Excadrill||FocusSash|SandRush|Protect,IronHead,RockSlide,HighHorsepower|Adamant||M|||50|]Sinistcha||SitrusBerry|Hospitality|Protect,TrickRoom,RagePowder,MatchaGotcha|Bold|||||50|
|showteam|p2|Eelektross||Eelektrossite|Levitate|SupercellSlam,VoltSwitch,Coil,Superpower|Jolly||M|||50|]Talonflame||FocusSash|GaleWings|Tailwind,DualWingbeat,FlareBlitz,WillOWisp|Jolly||F|||50|]Swampert||Swampertite|Torrent|IcePunch,Earthquake,WaveCrash,FlipTurn|Adamant||F|||50|]Grimmsnarl||LightClay|Prankster|Taunt,SpiritBreak,FakeOut,PartingShot|Adamant||M|||50|]Aerodactyl||HardStone|Unnerve|RockSlide,Protect,Tailwind,Earthquake|Jolly||M|||50|]Primarina||MysticWater|LiquidVoice|HyperVoice,IceBeam,Protect,Moonblast|Modest||F|||50|
|
|t:|1784965854
|teamsize|p1|4
|teamsize|p2|4
|start
|switch|p1a: Staraptor|Staraptor, L50, M|100/100
|switch|p1b: Gholdengo|Gholdengo, L50|100/100
|switch|p2a: Swampert|Swampert, L50, F|100/100
|switch|p2b: Talonflame|Talonflame, L50, F|100/100
|-ability|p1a: Staraptor|Intimidate|boost
|-unboost|p2a: Swampert|atk|1
|-unboost|p2b: Talonflame|atk|1
|turn|1
|
|t:|1784965890
|detailschange|p1a: Staraptor|Staraptor-Mega, L50, M
|-mega|p1a: Staraptor|Staraptor|Staraptite
|detailschange|p2a: Swampert|Swampert-Mega, L50, F
|-mega|p2a: Swampert|Swampert|Swampertite
|move|p1b: Gholdengo|Protect|p1b: Gholdengo
|-singleturn|p1b: Gholdengo|Protect
|move|p2b: Talonflame|Tailwind|p2b: Talonflame
|-sidestart|p2: The FMB|move: Tailwind
|move|p2a: Swampert|Ice Punch|p1a: Staraptor
|-supereffective|p1a: Staraptor|1
|-damage|p1a: Staraptor|55/100
|move|p1a: Staraptor|Tailwind|p1a: Staraptor
|-sidestart|p1: BigIronChungus|move: Tailwind
|
|upkeep
|turn|2
|
|t:|1784965917
|move|p2b: Talonflame|Flare Blitz|p1b: Gholdengo
|-supereffective|p1b: Gholdengo|1
|-damage|p1b: Gholdengo|41/100
|-damage|p2b: Talonflame|75/100|[from] Recoil
|move|p1a: Staraptor|Close Combat|p2a: Swampert
|-damage|p2a: Swampert|44/100
|-boost|p1a: Staraptor|def|1
|-boost|p1a: Staraptor|spd|1
|move|p1b: Gholdengo|Shadow Ball|p2a: Swampert
|-damage|p2a: Swampert|2/100
|-damage|p1b: Gholdengo|31/100|[from] item: Life Orb
|move|p2a: Swampert|Wave Crash|p1a: Staraptor
|-damage|p1a: Staraptor|20/100y
|-damage|p2a: Swampert|0 fnt|[from] Recoil
|faint|p2a: Swampert
|
|upkeep
|
|t:|1784965933
|switch|p2a: Grimmsnarl|Grimmsnarl, L50, M|100/100
|turn|3
|
|t:|1784965950
|switch|p1b: Sinistcha|Sinistcha, L50|100/100
|-heal|p1a: Staraptor|45/100|[from] ability: Hospitality|[of] p1b: Sinistcha
|move|p2a: Grimmsnarl|Fake Out|p1a: Staraptor
|-damage|p1a: Staraptor|33/100
|move|p2b: Talonflame|Flare Blitz|p1b: Sinistcha
|-supereffective|p1b: Sinistcha|1
|-damage|p1b: Sinistcha|46/100
|-enditem|p1b: Sinistcha|Sitrus Berry|[eat]
|-heal|p1b: Sinistcha|70/100|[from] item: Sitrus Berry
|-damage|p2b: Talonflame|54/100|[from] Recoil
|cant|p1a: Staraptor|flinch
|
|upkeep
|turn|4
|
|t:|1784965971
|move|p1b: Sinistcha|Rage Powder|p1b: Sinistcha
|-singleturn|p1b: Sinistcha|move: Rage Powder
|move|p2a: Grimmsnarl|Taunt|p1b: Sinistcha
|-start|p1b: Sinistcha|move: Taunt
|move|p2b: Talonflame|Will-O-Wisp|p1b: Sinistcha
|-status|p1b: Sinistcha|brn
|move|p1a: Staraptor|Brave Bird|p2b: Talonflame
|-crit|p2b: Talonflame
|-damage|p2b: Talonflame|0 fnt
|faint|p2b: Talonflame
|-damage|p1a: Staraptor|16/100|[from] Recoil
|
|-damage|p1b: Sinistcha|64/100 brn|[from] brn
|-sideend|p1: BigIronChungus|move: Tailwind
|-sideend|p2: The FMB|move: Tailwind
|upkeep
|
|t:|1784965981
|switch|p2b: Eelektross|Eelektross, L50, M|100/100
|turn|5
|
|t:|1784965997
|switch|p1b: Tyranitar|Tyranitar, L50, M|100/100
|-weather|Sandstorm|[from] ability: Sand Stream|[of] p1b: Tyranitar
|move|p1a: Staraptor|Protect|p1a: Staraptor
|-singleturn|p1a: Staraptor|Protect
|move|p2a: Grimmsnarl|Parting Shot|p1a: Staraptor
|-activate|p1a: Staraptor|move: Protect
|move|p2b: Eelektross|Supercell Slam|p1a: Staraptor
|-activate|p1a: Staraptor|move: Protect
|-damage|p2b: Eelektross|50/100g|[from] supercellslam
|
|-weather|Sandstorm|[upkeep]
|-damage|p1a: Staraptor|9/100|[from] Sandstorm
|-damage|p2b: Eelektross|44/100|[from] Sandstorm
|-damage|p2a: Grimmsnarl|94/100|[from] Sandstorm
|upkeep
|turn|6
|
|t:|1784966018
|switch|p1b: Sinistcha|Sinistcha, L50|64/100 brn
|-heal|p1a: Staraptor|34/100|[from] ability: Hospitality|[of] p1b: Sinistcha
|move|p1a: Staraptor|Close Combat|p2b: Eelektross
|-damage|p2b: Eelektross|0 fnt
|-boost|p1a: Staraptor|def|1
|-boost|p1a: Staraptor|spd|1
|faint|p2b: Eelektross
|move|p2a: Grimmsnarl|Spirit Break|p1a: Staraptor
|-supereffective|p1a: Staraptor|1
|-damage|p1a: Staraptor|0 fnt
|faint|p1a: Staraptor
|
|-weather|Sandstorm|[upkeep]
|-damage|p1b: Sinistcha|58/100 brn|[from] Sandstorm
|-damage|p2a: Grimmsnarl|88/100|[from] Sandstorm
|-damage|p1b: Sinistcha|52/100 brn|[from] brn
|upkeep
|
|t:|1784966027
|switch|p1a: Gholdengo|Gholdengo, L50|31/100
|turn|7
|
|t:|1784966035
|move|p1b: Sinistcha|Rage Powder|p1b: Sinistcha
|-singleturn|p1b: Sinistcha|move: Rage Powder
|move|p1a: Gholdengo|Make It Rain|p2a: Grimmsnarl
|-supereffective|p2a: Grimmsnarl|1
|-damage|p2a: Grimmsnarl|0 fnt
|-unboost|p1a: Gholdengo|spa|2
|faint|p2a: Grimmsnarl
|-damage|p1a: Gholdengo|21/100|[from] item: Life Orb
|
|win|BigIronChungus
||The FMB is ready for game 2.
|inactive|BigIronChungus has 30 seconds to confirm battle start!
|inactive|BigIronChungus has 20 seconds to confirm battle start!
|inactive|BigIronChungus has 10 seconds to confirm battle start!
|uhtml|next|Next: Game 2 of 3
|l|☆The FMB
|player|p2|
