|j|☆TeyVgc
|j|☆Sodamario
|html|TeyVgcSodamario    
|uhtml|bestof|Game 2 of a best-of-3
|t:|1783440499
|gametype|doubles
|player|p1|TeyVgc|rood|1322
|player|p2|Sodamario|cynthia-gen4|1449
|gen|9
|tier|[Gen 9 Champions] VGC 2026 Reg M-B (Bo3)
|rated|
|rule|Species Clause: Limit one of each Pokémon
|rule|Item Clause: Limit 1 of each item
|clearpoke
|poke|p1|Raichu, L50, F|
|poke|p1|Sinistcha, L50|
|poke|p1|Ceruledge, L50, M|
|poke|p1|Milotic, L50, F|
|poke|p1|Incineroar, L50, M|
|poke|p1|Floette-Eternal, L50, F|
|poke|p2|Ceruledge, L50, F|
|poke|p2|Milotic, L50, M|
|poke|p2|Incineroar, L50, F|
|poke|p2|Raichu, L50, F|
|poke|p2|Ninetales-Alola, L50, F|
|poke|p2|Sinistcha, L50|
|teampreview|4
|showteam|p1|Raichu||RaichuniteY|LightningRod|ZapCannon,FocusBlast,FakeOut,Protect|Timid||F|||50|]Sinistcha||KasibBerry|Hospitality|MatchaGotcha,LifeDew,RagePowder,Protect|Relaxed|||||50|]Ceruledge||ColburBerry|FlashFire|BitterBlade,ShadowSneak,BulkUp,Protect|Adamant||M|||50|]Milotic||Leftovers|Competitive|MuddyWater,Coil,Hypnosis,Protect|Calm||F|||50|]Incineroar||SitrusBerry|Intimidate|FlareBlitz,ThroatChop,FakeOut,PartingShot|Impish||M|||50|]Floette-Eternal||Floettite|FlowerVeil|CalmMind,Protect,Moonblast,DazzlingGleam|Modest||F|||50|
|showteam|p2|Ceruledge||ColburBerry|FlashFire|BitterBlade,ShadowSneak,BulkUp,Protect|Adamant||F|||50|]Milotic||Leftovers|Competitive|MuddyWater,Coil,Hypnosis,Protect|Bold||M|||50|]Incineroar||SitrusBerry|Intimidate|FlareBlitz,PartingShot,FakeOut,DarkestLariat|Impish||F|||50|]Raichu||RaichuniteY|LightningRod|ZapCannon,FocusBlast,FakeOut,Protect|Timid||F|||50|]Ninetales-Alola||NeverMeltIce|SnowWarning|Blizzard,FreezeDry,AuroraVeil,Protect|Timid||F|||50|]Sinistcha||KasibBerry|Hospitality|MatchaGotcha,RagePowder,TrickRoom,Protect|Bold|||||50|
|
|t:|1783440612
|teamsize|p1|4
|teamsize|p2|4
|start
|switch|p1a: Ceruledge|Ceruledge, L50, M|100/100
|switch|p1b: Raichu|Raichu, L50, F|100/100
|switch|p2a: Sinistcha|Sinistcha, L50|100/100
|switch|p2b: Raichu|Raichu, L50, F|100/100
|turn|1
|
|t:|1783440643
|switch|p2b: Ceruledge|Ceruledge, L50, F|100/100
|detailschange|p1b: Raichu|Raichu-Mega-Y, L50, F
|-mega|p1b: Raichu|Raichu|Raichunite Y
|move|p1b: Raichu|Fake Out|p2b: Ceruledge
|-immune|p2b: Ceruledge
|move|p1a: Ceruledge|Bulk Up|p1a: Ceruledge
|-boost|p1a: Ceruledge|atk|1
|-boost|p1a: Ceruledge|def|1
|move|p2a: Sinistcha|Matcha Gotcha|p1a: Ceruledge|[spread] p1a,p1b
|-resisted|p1a: Ceruledge|1
|-damage|p1a: Ceruledge|88/100
|-damage|p1b: Raichu|69/100
|
|upkeep
|turn|2
|
|t:|1783440667
|switch|p2a: Raichu|Raichu, L50, F|100/100
|move|p1b: Raichu|Zap Cannon|p2a: Raichu
|-activate|p2a: Raichu|ability: Lightning Rod
|-ability|p2a: Raichu|Lightning Rod|boost
|-boost|p2a: Raichu|spa|1
|move|p2b: Ceruledge|Bulk Up|p2b: Ceruledge
|-boost|p2b: Ceruledge|atk|1
|-boost|p2b: Ceruledge|def|1
|move|p1a: Ceruledge|Bulk Up|p1a: Ceruledge
|-boost|p1a: Ceruledge|atk|1
|-boost|p1a: Ceruledge|def|1
|
|upkeep
|turn|3
|
|t:|1783440707
|move|p2a: Raichu|Protect|p2a: Raichu
|-singleturn|p2a: Raichu|Protect
|move|p1b: Raichu|Zap Cannon|p2a: Raichu
|-activate|p2a: Raichu|ability: Lightning Rod
|-activate|p2a: Raichu|move: Protect
|move|p2b: Ceruledge|Bulk Up|p2b: Ceruledge
|-boost|p2b: Ceruledge|atk|1
|-boost|p2b: Ceruledge|def|1
|move|p1a: Ceruledge|Bitter Blade|p2a: Raichu
|-activate|p2a: Raichu|move: Protect
|
|upkeep
|turn|4
|
|t:|1783440727
|detailschange|p2a: Raichu|Raichu-Mega-Y, L50, F
|-mega|p2a: Raichu|Raichu|Raichunite Y
|move|p1b: Raichu|Protect|p1b: Raichu
|-singleturn|p1b: Raichu|Protect
|move|p2b: Ceruledge|Shadow Sneak|p1b: Raichu
|-activate|p1b: Raichu|move: Protect
|move|p2a: Raichu|Zap Cannon|p1a: Ceruledge
|-damage|p1a: Ceruledge|0 fnt
|faint|p1a: Ceruledge
|
|upkeep
|
|t:|1783440737
|switch|p1a: Sinistcha|Sinistcha, L50|100/100
|-heal|p1b: Raichu|93/100|[from] ability: Hospitality|[of] p1a: Sinistcha
|turn|5
|
|t:|1783440758
|move|p2b: Ceruledge|Protect|p2b: Ceruledge
|-singleturn|p2b: Ceruledge|Protect
|move|p2a: Raichu|Zap Cannon|p1a: Sinistcha
|-resisted|p1a: Sinistcha|1
|-damage|p1a: Sinistcha|55/100
|-status|p1a: Sinistcha|par
|move|p1b: Raichu|Zap Cannon|p2b: Ceruledge
|-activate|p2b: Ceruledge|move: Protect
|move|p1a: Sinistcha|Matcha Gotcha|p2a: Raichu|[spread] p2a
|-activate|p2b: Ceruledge|move: Protect
|-damage|p2a: Raichu|65/100
|-heal|p1a: Sinistcha|71/100 par|[from] drain|[of] p2a: Raichu
|-status|p2a: Raichu|brn
|
|-damage|p2a: Raichu|59/100 brn|[from] brn
|upkeep
|turn|6
|
|t:|1783440801
|move|p2a: Raichu|Focus Blast|p1b: Raichu
|-damage|p1b: Raichu|13/100
|move|p1b: Raichu|Zap Cannon|p2b: Ceruledge
|-damage|p2b: Ceruledge|43/100
|-status|p2b: Ceruledge|par
|move|p2b: Ceruledge|Bitter Blade|p1a: Sinistcha
|-supereffective|p1a: Sinistcha|1
|-damage|p1a: Sinistcha|0 fnt
|-heal|p2b: Ceruledge|78/100 par|[from] drain|[of] p1a: Sinistcha
|faint|p1a: Sinistcha
|
|-damage|p2a: Raichu|53/100 brn|[from] brn
|upkeep
|
|t:|1783440810
|switch|p1a: Milotic|Milotic, L50, F|100/100
|turn|7
|
|t:|1783440823
|move|p1b: Raichu|Protect|p1b: Raichu
|-singleturn|p1b: Raichu|Protect
|cant|p2b: Ceruledge|par
|move|p2a: Raichu|Zap Cannon|p1a: Milotic
|-supereffective|p1a: Milotic|1
|-damage|p1a: Milotic|0 fnt
|faint|p1a: Milotic
|
|-damage|p2a: Raichu|46/100 brn|[from] brn
|upkeep
|turn|8
|-message|TeyVgc forfeited.
|
|win|Sodamario
|raw|TeyVgc's rating: 1322 → 1309(-13 for losing)
|raw|Sodamario's rating: 1449 → 1462(+13 for winning)
