|j|☆hugoggg
|j|☆b1kope
|html|hugogggb1kope    
|uhtml|bestof|Game 2 of a best-of-3
|t:|1783595022
|gametype|doubles
|player|p1|hugoggg|1|1101
|player|p2|b1kope|101|1304
|gen|9
|tier|[Gen 9 Champions] VGC 2026 Reg M-B (Bo3)
|rated|
|rule|Species Clause: Limit one of each Pokémon
|rule|Item Clause: Limit 1 of each item
|clearpoke
|poke|p1|Meowstic, L50, M|
|poke|p1|Overqwil, L50, M|
|poke|p1|Sableye, L50, F|
|poke|p1|Delphox, L50, M|
|poke|p1|Sneasler, L50, F|
|poke|p1|Falinks, L50|
|poke|p2|Gengar, L50, M|
|poke|p2|Volcarona, L50, M|
|poke|p2|Sinistcha-Masterpiece, L50|
|poke|p2|Tyranitar, L50, M|
|poke|p2|Dragalge, L50, F|
|poke|p2|Excadrill, L50, F|
|teampreview|4
|showteam|p1|Meowstic||BrightPowder|Prankster|FakeOut,SunnyDay,Yawn,LightScreen|Careful||M|||50|]Overqwil||Leftovers|Intimidate|BarbBarrage,Minimize,Stockpile,Protect|Careful||M|||50|]Sableye||LightClay|Prankster|LightScreen,Reflect,Encore,Disable|Bold||F|||50|]Delphox||Delphoxite|Blaze|HeatWave,StoredPower,PsychUp,Protect|Timid||M|||50|]Sneasler||FocusSash|PoisonTouch|CloseCombat,DireClaw,QuickGuard,FakeOut|Jolly||F|||50|]Falinks||SitrusBerry|BattleArmor|BodyPress,PsychUp,Rest,ThroatChop|Impish|||||50|
|showteam|p2|Gengar||Gengarite|CursedBody|ShadowBall,SludgeBomb,WillOWisp,Disable|Timid||M|||50|]Volcarona||Leftovers|FlameBody|QuiverDance,HeatWave,GigaDrain,Protect|Bold||M|||50|]Sinistcha-Masterpiece||OccaBerry|Hospitality|RagePowder,MatchaGotcha,TrickRoom,Protect|Modest|||||50|]Tyranitar||Tyranitarite|SandStream|RockSlide,LowKick,IcePunch,Protect|Adamant||M|||50|]Dragalge||LifeOrb|Adaptability|SludgeBomb,DracoMeteor,Scald,Protect|Quiet||F|||50|]Excadrill||FocusSash|SandRush|HighHorsepower,IronHead,Protect,RockSlide|Adamant||F|||50|
|inactive|Battle timer is ON: inactive players will automatically lose when time's up. (requested by b1kope)
|
|t:|1783595066
|teamsize|p1|4
|teamsize|p2|4
|start
|switch|p1a: Overqwil|Overqwil, L50, M|100/100
|switch|p1b: Sableye|Sableye, L50, F|100/100
|switch|p2a: Excadrill|Excadrill, L50, F|100/100
|switch|p2b: Dragalge|Dragalge, L50, F|100/100
|-ability|p1a: Overqwil|Intimidate|boost
|-unboost|p2a: Excadrill|atk|1
|-unboost|p2b: Dragalge|atk|1
|turn|1
|
|t:|1783595084
|move|p1b: Sableye|Reflect|p1b: Sableye
|-sidestart|p1: hugoggg|Reflect
|move|p2a: Excadrill|High Horsepower|p1a: Overqwil|[miss]
|-miss|p2a: Excadrill|p1a: Overqwil
|move|p1a: Overqwil|Minimize|p1a: Overqwil
|-boost|p1a: Overqwil|evasion|2
|move|p2b: Dragalge|Draco Meteor|p1a: Overqwil|[miss]
|-miss|p2b: Dragalge|p1a: Overqwil
|
|upkeep
|turn|2
|
|t:|1783595098
|move|p1b: Sableye|Disable|p2b: Dragalge
|-start|p2b: Dragalge|Disable|Draco Meteor
|move|p2a: Excadrill|High Horsepower|p1a: Overqwil
|-supereffective|p1a: Overqwil|1
|-damage|p1a: Overqwil|55/100
|move|p1a: Overqwil|Minimize|p1a: Overqwil
|-boost|p1a: Overqwil|evasion|2
|cant|p2b: Dragalge|Disable|Draco Meteor
|
|-heal|p1a: Overqwil|61/100|[from] item: Leftovers
|upkeep
|turn|3
|
|t:|1783595116
|move|p1b: Sableye|Disable|p2a: Excadrill
|-start|p2a: Excadrill|Disable|High Horsepower
|move|p2a: Excadrill|Iron Head|p1a: Overqwil
|-damage|p1a: Overqwil|41/100
|move|p1a: Overqwil|Minimize|p1a: Overqwil
|-boost|p1a: Overqwil|evasion|2
|move|p2b: Dragalge|Scald|p1a: Overqwil
|-damage|p1a: Overqwil|9/100
|-damage|p2b: Dragalge|90/100|[from] item: Life Orb
|
|-heal|p1a: Overqwil|15/100|[from] item: Leftovers
|upkeep
|turn|4
|inactive|hugoggg has 30 seconds left.
|
|t:|1783595146
|move|p1a: Overqwil|Protect|p1a: Overqwil
|-singleturn|p1a: Overqwil|Protect
|move|p1b: Sableye|Light Screen|p1b: Sableye
|-sidestart|p1: hugoggg|move: Light Screen
|move|p2a: Excadrill|Iron Head|p1b: Sableye
|-damage|p1b: Sableye|79/100
|move|p2b: Dragalge|Scald|p1a: Overqwil
|-activate|p1a: Overqwil|move: Protect
|
|-heal|p1a: Overqwil|21/100|[from] item: Leftovers
|upkeep
|turn|5
|inactive|hugoggg has 30 seconds left.
|inactive|b1kope has 30 seconds left.
|
|t:|1783595177
|move|p1b: Sableye|Encore|p2a: Excadrill
|-start|p2a: Excadrill|Encore
|move|p2a: Excadrill|Iron Head|p1a: Overqwil|[miss]
|-miss|p2a: Excadrill|p1a: Overqwil
|move|p1a: Overqwil|Stockpile|p1a: Overqwil
|-start|p1a: Overqwil|stockpile1
|-boost|p1a: Overqwil|def|1
|-boost|p1a: Overqwil|spd|1
|move|p2b: Dragalge|Scald|p1a: Overqwil
|-damage|p1a: Overqwil|7/100
|-damage|p2b: Dragalge|80/100|[from] item: Life Orb
|
|-heal|p1a: Overqwil|13/100|[from] item: Leftovers
|-end|p2b: Dragalge|Disable
|upkeep
|turn|6
|inactive|hugoggg has 30 seconds left.
|inactive|b1kope has 30 seconds left.
|
|t:|1783595204
|switch|p2b: Tyranitar|Tyranitar, L50, M|100/100
|-weather|Sandstorm|[from] ability: Sand Stream|[of] p2b: Tyranitar
|move|p1a: Overqwil|Protect|p1a: Overqwil
|-singleturn|p1a: Overqwil|Protect
|move|p1b: Sableye|Disable|p2b: Tyranitar
|-hint|Since gen 7, Dark is immune to Prankster moves.
|-immune|p2b: Tyranitar
|move|p2a: Excadrill|Iron Head|p1a: Overqwil
|-activate|p1a: Overqwil|move: Protect
|
|-weather|Sandstorm|[upkeep]
|-damage|p1a: Overqwil|7/100|[from] Sandstorm
|-damage|p1b: Sableye|73/100|[from] Sandstorm
|-heal|p1a: Overqwil|13/100|[from] item: Leftovers
|-end|p2a: Excadrill|Disable
|upkeep
|turn|7
|
|t:|1783595228
|switch|p2a: Gengar|Gengar, L50, M|100/100
|switch|p1b: Falinks|Falinks, L50|100/100
|move|p1a: Overqwil|Stockpile|p1a: Overqwil
|-start|p1a: Overqwil|stockpile2
|-boost|p1a: Overqwil|def|1
|-boost|p1a: Overqwil|spd|1
|move|p2b: Tyranitar|Rock Slide|p1a: Overqwil|[spread] p1a,p1b
|-crit|p1a: Overqwil
|-resisted|p1b: Falinks|1
|-damage|p1a: Overqwil|0 fnt
|-damage|p1b: Falinks|90/100
|faint|p1a: Overqwil
|
|-weather|Sandstorm|[upkeep]
|-damage|p2a: Gengar|94/100|[from] Sandstorm
|-damage|p1b: Falinks|84/100|[from] Sandstorm
|upkeep
|
|t:|1783595252
|switch|p1a: Delphox|Delphox, L50, M|100/100
|turn|8
|inactive|b1kope has 30 seconds left.
|inactive|b1kope has 20 seconds left.
|
|t:|1783595290
|switch|p2a: Dragalge|Dragalge, L50, F|80/100
|detailschange|p1a: Delphox|Delphox-Mega, L50, M
|-mega|p1a: Delphox|Delphox|Delphoxite
|move|p2b: Tyranitar|Protect|p2b: Tyranitar
|-singleturn|p2b: Tyranitar|Protect
|move|p1a: Delphox|Stored Power|p2a: Dragalge
|-supereffective|p2a: Dragalge|1
|-damage|p2a: Dragalge|62/100
|move|p1b: Falinks|Body Press|p2b: Tyranitar
|-activate|p2b: Tyranitar|move: Protect
|
|-weather|Sandstorm|[upkeep]
|-damage|p1a: Delphox|93/100|[from] Sandstorm
|-damage|p1b: Falinks|78/100|[from] Sandstorm
|-damage|p2a: Dragalge|56/100|[from] Sandstorm
|-sideend|p1: hugoggg|Reflect
|upkeep
|turn|9
|
|t:|1783595309
|move|p1a: Delphox|Heat Wave|p2b: Tyranitar|[spread] p2a,p2b
|-resisted|p2a: Dragalge|1
|-resisted|p2b: Tyranitar|1
|-damage|p2a: Dragalge|41/100
|-damage|p2b: Tyranitar|88/100
|move|p1b: Falinks|Body Press|p2b: Tyranitar
|-supereffective|p2b: Tyranitar|2
|-damage|p2b: Tyranitar|0 fnt
|faint|p2b: Tyranitar
|move|p2a: Dragalge|Draco Meteor|p1b: Falinks
|-damage|p1b: Falinks|1/100
|-unboost|p2a: Dragalge|spa|2
|-enditem|p1b: Falinks|Sitrus Berry|[eat]
|-heal|p1b: Falinks|26/100|[from] item: Sitrus Berry
|-damage|p2a: Dragalge|31/100|[from] item: Life Orb
|
|-weather|Sandstorm|[upkeep]
|-damage|p1a: Delphox|87/100|[from] Sandstorm
|-damage|p1b: Falinks|20/100y|[from] Sandstorm
|-damage|p2a: Dragalge|25/100|[from] Sandstorm
|upkeep
|inactive|b1kope has 30 seconds left.
|inactive|b1kope has 20 seconds left.
|
|t:|1783595348
|switch|p2b: Excadrill|Excadrill, L50, F|100/100
|turn|10
|
|t:|1783595355
|move|p2b: Excadrill|High Horsepower|p1a: Delphox
|-immune|p1a: Delphox|[from] ability: Levitate
|move|p1a: Delphox|Heat Wave|p2b: Excadrill|[spread] p2a,p2b
|-resisted|p2a: Dragalge|1
|-supereffective|p2b: Excadrill|1
|-damage|p2a: Dragalge|11/100
|-enditem|p2b: Excadrill|Focus Sash
|-damage|p2b: Excadrill|1/100
|-status|p2b: Excadrill|brn
|move|p1b: Falinks|Rest|p1b: Falinks
|-status|p1b: Falinks|slp|[from] move: Rest
|-heal|p1b: Falinks|100/100 slp|[silent]
|move|p2a: Dragalge|Sludge Bomb|p1b: Falinks
|-damage|p1b: Falinks|69/100 slp
|-damage|p2a: Dragalge|1/100|[from] item: Life Orb
|
|-weather|none
|-damage|p2b: Excadrill|0 fnt|[from] brn
|faint|p2b: Excadrill
|upkeep
|
|t:|1783595360
|switch|p2b: Gengar|Gengar, L50, M|94/100
|turn|11
|
|t:|1783595384
|detailschange|p2b: Gengar|Gengar-Mega, L50, M
|-mega|p2b: Gengar|Gengar|Gengarite
|move|p1a: Delphox|Heat Wave|p2b: Gengar|[spread] p2a,p2b
|-resisted|p2a: Dragalge|1
|-damage|p2a: Dragalge|0 fnt
|-damage|p2b: Gengar|43/100
|faint|p2a: Dragalge
|move|p2b: Gengar|Shadow Ball|p1a: Delphox
|-supereffective|p1a: Delphox|1
|-damage|p1a: Delphox|30/100
|cant|p1b: Falinks|slp
|
|-sideend|p1: hugoggg|move: Light Screen
|upkeep
|turn|12
|-message|b1kope forfeited.
|
|win|hugoggg
||hugoggg is ready for game 3.
||b1kope is ready for game 3.
|uhtml|next|Next: Game 3 of 3
|n|‽b1kope|b1kope
|l|‽b1kope
|player|p2|
