|j|☆abtoty
|j|☆jeanryupr
|html|abtotyjeanryupr    
|uhtml|bestof|Game 2 of a best-of-3
|t:|1757786655
|gametype|doubles
|player|p1|abtoty|102|1057
|player|p2|jeanryupr|102|1023
|gen|9
|tier|[Gen 9] VGC 2025 Reg H (Bo3)
|rated|
|rule|Species Clause: Limit one of each Pokémon
|rule|Item Clause: Limit 1 of each item
|clearpoke
|poke|p1|Gholdengo, L50|
|poke|p1|Dragonite, L50, M|
|poke|p1|Sneasler, L50, F|
|poke|p1|Rillaboom, L50, M|
|poke|p1|Ursaluna, L50, F|
|poke|p1|Porygon2, L50|
|poke|p2|Meowscarada, L50, M|
|poke|p2|Primarina, L50, F|
|poke|p2|Incineroar, L50, M|
|poke|p2|Indeedee, L50, M|
|poke|p2|Ursaluna, L50, M|
|poke|p2|Porygon2, L50|
|teampreview|4
|showteam|p1|Gholdengo||MetalCoat|GoodasGold|MakeItRain,ShadowBall,NastyPlot,Protect||||||50|,,,,,Water]Dragonite||LoadedDice|Multiscale|ScaleShot,StompingTantrum,Tailwind,Protect|||M|||50|,,,,,Fairy]Sneasler||FocusSash|Unburden|DireClaw,CloseCombat,Coaching,Protect|||F|||50|,,,,,Ghost]Rillaboom||AssaultVest|GrassySurge|GrassyGlide,WoodHammer,FakeOut,HighHorsepower|||M|||50|,,,,,Fire]Ursaluna||FlameOrb|Guts|Facade,Protect,HeadlongRush,Earthquake|||F|||50|,,,,,Ground]Porygon2||Eviolite|Download|TeraBlast,IceBeam,TrickRoom,Recover||||||50|,,,,,Fighting
|showteam|p2|Meowscarada||LifeOrb|Protean|FlowerTrick,KnockOff,TripleAxel,Protect|||M|||50|,,,,,Ghost]Primarina||ThroatSpray|LiquidVoice|HyperVoice,Moonblast,Haze,Protect|||F|||50|,,,,,Poison]Incineroar||SafetyGoggles|Intimidate|FakeOut,FlareBlitz,HelpingHand,KnockOff|||M|||50|,,,,,Water]Indeedee||ChoiceSpecs|InnerFocus|ExpandingForce,Psyshock,DazzlingGleam,EnergyBall|||M|||50|,,,,,Psychic]Ursaluna||FlameOrb|Guts|HeadlongRush,Facade,Earthquake,Protect|||M|||50|,,,,,Ghost]Porygon2||Eviolite|Download|IceBeam,TeraBlast,TrickRoom,Recover||||||50|,,,,,Fighting
|
|t:|1757786682
|teamsize|p1|4
|teamsize|p2|4
|start
|switch|p1a: Dragonite|Dragonite, L50, M|100/100
|switch|p1b: Sneasler|Sneasler, L50, F|100/100
|switch|p2a: Incineroar|Incineroar, L50, M|100/100
|switch|p2b: Porygon2|Porygon2, L50, shiny|100/100
|-ability|p2b: Porygon2|Download|boost
|-boost|p2b: Porygon2|atk|1
|-ability|p2a: Incineroar|Intimidate|boost
|-unboost|p1a: Dragonite|atk|1
|-unboost|p1b: Sneasler|atk|1
|turn|1
|
|t:|1757786701
|switch|p1a: Ursaluna|Ursaluna, L50, F|100/100
|switch|p2a: Ursaluna|Ursaluna, L50, M|100/100
|move|p1b: Sneasler|Coaching|p1a: Ursaluna
|-boost|p1a: Ursaluna|atk|1
|-boost|p1a: Ursaluna|def|1
|move|p2b: Porygon2|Trick Room|p2b: Porygon2
|-fieldstart|move: Trick Room|[of] p2b: Porygon2
|
|-status|p2a: Ursaluna|brn|[from] item: Flame Orb
|-status|p1a: Ursaluna|brn|[from] item: Flame Orb
|upkeep
|turn|2
|
|t:|1757786733
|move|p2a: Ursaluna|Protect|p2a: Ursaluna
|-singleturn|p2a: Ursaluna|Protect
|move|p2b: Porygon2|Ice Beam|p1a: Ursaluna
|-supereffective|p1a: Ursaluna
|-damage|p1a: Ursaluna|46/100 brn
|move|p1a: Ursaluna|Facade|p2b: Porygon2
|-damage|p2b: Porygon2|0 fnt
|faint|p2b: Porygon2
|move|p1b: Sneasler|Close Combat|p2a: Ursaluna
|-activate|p2a: Ursaluna|move: Protect
|
|-damage|p2a: Ursaluna|95/100 brn|[from] brn
|-damage|p1a: Ursaluna|40/100 brn|[from] brn
|upkeep
|
|t:|1757786745
|switch|p2b: Primarina|Primarina, L50, F|100/100
|turn|3
|
|t:|1757786782
|-terastallize|p2a: Ursaluna|Ghost
|move|p1a: Ursaluna|Protect|p1a: Ursaluna
|-singleturn|p1a: Ursaluna|Protect
|move|p2a: Ursaluna|Earthquake|p1b: Sneasler|[spread] p2b,p1b
|-activate|p1a: Ursaluna|move: Protect
|-supereffective|p1b: Sneasler
|-damage|p2b: Primarina|35/100
|-enditem|p1b: Sneasler|Focus Sash
|-damage|p1b: Sneasler|1/100
|move|p2b: Primarina|Hyper Voice|p1a: Ursaluna|[spread] p1b
|-activate|p1a: Ursaluna|move: Protect
|-damage|p1b: Sneasler|0 fnt
|faint|p1b: Sneasler
|-enditem|p2b: Primarina|Throat Spray
|-boost|p2b: Primarina|spa|1|[from] item: Throat Spray
|
|-damage|p2a: Ursaluna|89/100 brn|[from] brn
|-damage|p1a: Ursaluna|34/100 brn|[from] brn
|upkeep
|
|t:|1757786799
|switch|p1b: Porygon2|Porygon2, L50|100/100
|-ability|p1b: Porygon2|Download|boost
|-boost|p1b: Porygon2|spa|1
|turn|4
|
|t:|1757786819
|switch|p2b: Incineroar|Incineroar, L50, M|100/100
|-ability|p2b: Incineroar|Intimidate|boost
|-unboost|p1a: Ursaluna|atk|1
|-unboost|p1b: Porygon2|atk|1
|move|p2a: Ursaluna|Headlong Rush|p1a: Ursaluna
|-damage|p1a: Ursaluna|0 fnt
|-unboost|p2a: Ursaluna|def|1
|-unboost|p2a: Ursaluna|spd|1
|faint|p1a: Ursaluna
|move|p1b: Porygon2|Ice Beam|p2a: Ursaluna
|-damage|p2a: Ursaluna|30/100 brn
|
|-damage|p2a: Ursaluna|24/100 brn|[from] brn
|upkeep
|
|t:|1757786836
|switch|p1a: Dragonite|Dragonite, L50, M|100/100
|turn|5
|
|t:|1757786856
|switch|p2a: Primarina|Primarina, L50, F|35/100
|move|p1a: Dragonite|Protect|p1a: Dragonite
|-singleturn|p1a: Dragonite|Protect
|move|p1b: Porygon2|Recover||[still]
|-fail|p1b: Porygon2|heal
|move|p2b: Incineroar|Knock Off|p1b: Porygon2
|-damage|p1b: Porygon2|77/100
|-enditem|p1b: Porygon2|Eviolite|[from] move: Knock Off|[of] p2b: Incineroar
|
|-fieldend|move: Trick Room
|upkeep
|turn|6
|
|t:|1757786891
|switch|p2a: Ursaluna|Ursaluna, L50, M, tera:Ghost|24/100 brn
|-terastallize|p1b: Porygon2|Fighting
|move|p1a: Dragonite|Stomping Tantrum|p2a: Ursaluna
|-damage|p2a: Ursaluna|2/100 brn
|move|p2b: Incineroar|Flare Blitz|p1b: Porygon2
|-damage|p1b: Porygon2|36/100
|-damage|p2b: Incineroar|88/100|[from] Recoil
|move|p1b: Porygon2|Tera Blast|p2b: Incineroar|[anim] Tera Blast Fighting
|-supereffective|p2b: Incineroar
|-damage|p2b: Incineroar|13/100
|
|-damage|p2a: Ursaluna|0 fnt|[from] brn
|faint|p2a: Ursaluna
|upkeep
|
|t:|1757786906
|switch|p2a: Primarina|Primarina, L50, F|35/100
|turn|7
|
|t:|1757786935
|move|p2b: Incineroar|Helping Hand|p2a: Primarina
|-singleturn|p2a: Primarina|Helping Hand|[of] p2b: Incineroar
|move|p1a: Dragonite|Stomping Tantrum|p2a: Primarina
|-damage|p2a: Primarina|6/100
|move|p2a: Primarina|Moonblast|p1a: Dragonite
|-supereffective|p1a: Dragonite
|-damage|p1a: Dragonite|23/100
|move|p1b: Porygon2|Tera Blast|p2b: Incineroar|[anim] Tera Blast Fighting
|-supereffective|p2b: Incineroar
|-damage|p2b: Incineroar|0 fnt
|faint|p2b: Incineroar
|
|upkeep
|turn|8
|inactive|Battle timer is ON: inactive players will automatically lose when time's up. (requested by abtoty)
|
|t:|1757786984
|move|p1a: Dragonite|Stomping Tantrum|p2a: Primarina
|-damage|p2a: Primarina|0 fnt
|faint|p2a: Primarina
|
|win|abtoty
||abtoty is ready for game 3.
|inactive|jeanryupr has 30 seconds to confirm battle start!
||jeanryupr is ready for game 3.
|uhtml|next|Next: Game 3 of 3
