|j|â˜†ThePowneyFiles
|j|â˜†Altotesino Errante
|html|ThePowneyFilesAltotesino Errante    
|uhtml|bestof|Game 3 of a best-of-3
|t:|1756137112
|gametype|doubles
|player|p1|ThePowneyFiles|pokemonbreederf-gen4|1353
|player|p2|Altotesino Errante|2|1357
|gen|9
|tier|[Gen 9] VGC 2025 Reg H (Bo3)
|rated|
|rule|Species Clause: Limit one of each PokÃ©mon
|rule|Item Clause: Limit 1 of each item
|clearpoke
|poke|p1|Gholdengo, L50|
|poke|p1|Rillaboom, L50, M|
|poke|p1|Arcanine-Hisui, L50, F|
|poke|p1|Sneasler, L50, M|
|poke|p1|Dragonite, L50, F|
|poke|p1|Ninetales-Alola, L50, M|
|poke|p2|Ursaluna-Bloodmoon, L50, M|
|poke|p2|Ceruledge, L50, F|
|poke|p2|Gholdengo, L50|
|poke|p2|Grimmsnarl, L50, M|
|poke|p2|Amoonguss, L50, M|
|poke|p2|Tauros-Paldea-Aqua, L50, M|
|teampreview|4
|showteam|p1|Gholdengo||GrassySeed|GoodasGold|MakeItRain,NastyPlot,ShadowBall,Protect||||||50|,,,,,Water]Rillaboom||AssaultVest|GrassySurge|FakeOut,GrassyGlide,WoodHammer,Uturn|||M|||50|,,,,,Fire]Arcanine-Hisui||ClearAmulet|Intimidate|RockSlide,FlareBlitz,ExtremeSpeed,Protect|||F|||50|,,,,,Water]Sneasler||FocusSash|Unburden|CloseCombat,DireClaw,Coaching,Protect|||M|||50|,,,,,Stellar]Dragonite||LoadedDice|Multiscale|ScaleShot,StompingTantrum,Protect,Tailwind|||F|||50|,,,,,Ground]Ninetales-Alola||CovertCloak|SnowWarning|Blizzard,IcyWind,AuroraVeil,Encore|||M|||50|,,,,,Ice
|showteam|p2|Ursaluna-Bloodmoon||AssaultVest|MindsEye|BloodMoon,HyperVoice,VacuumWave,EarthPower|||M|||50|,,,,,Dragon]Ceruledge||ClearAmulet|FlashFire|BitterBlade,Poltergeist,Protect,BulkUp|||F|||50|,,,,,Grass]Gholdengo||LifeOrb|GoodasGold|MakeItRain,ShadowBall,Protect,NastyPlot||||||50|,,,,,Water]Grimmsnarl||LightClay|Prankster|Reflect,LightScreen,SpiritBreak,ThunderWave|||M|||50|,,,,,Ghost]Amoonguss||CovertCloak|Regenerator|RagePowder,ClearSmog,Spore,PollenPuff|||M|||50|,,,,,Water]Tauros-Paldea-Aqua||MirrorHerb|Intimidate|WaveCrash,CloseCombat,AquaJet,Protect|||M|||50|,,,,,Grass
|inactive|Battle timer is ON: inactive players will automatically lose when time's up. (requested by Altotesino Errante)
|inactive|Altotesino Errante has 60 seconds left.
|
|t:|1756137164
|teamsize|p1|4
|teamsize|p2|4
|start
|switch|p1a: Rocky Road|Sneasler, L50, M|100/100
|switch|p1b: Dearg Doom|Arcanine-Hisui, L50, F|100/100
|switch|p2a: Twave only|Grimmsnarl, L50, M, shiny|100/100
|switch|p2b: Ursachamba|Ursaluna-Bloodmoon, L50, M|100/100
|-ability|p1b: Dearg Doom|Intimidate|boost
|-unboost|p2a: Twave only|atk|1
|-unboost|p2b: Ursachamba|atk|1
|turn|1
|inactive|ThePowneyFiles has 30 seconds left.
|
|t:|1756137191
|-terastallize|p2b: Ursachamba|Dragon
|move|p2a: Twave only|Reflect|p2a: Twave only
|-sidestart|p2: Altotesino Errante|Reflect
|move|p1a: Rocky Road|Dire Claw|p2a: Twave only
|-supereffective|p2a: Twave only
|-damage|p2a: Twave only|49/100
|-status|p2a: Twave only|par
|move|p1b: Dearg Doom|Rock Slide|p2a: Twave only|[spread] p2a,p2b
|-damage|p2a: Twave only|30/100 par
|-damage|p2b: Ursachamba|87/100
|cant|p2b: Ursachamba|flinch
|
|upkeep
|turn|2
|
|t:|1756137207
|cant|p2a: Twave only|par
|move|p1a: Rocky Road|Dire Claw|p2b: Ursachamba
|-damage|p2b: Ursachamba|66/100
|-status|p2b: Ursachamba|slp
|move|p1b: Dearg Doom|Rock Slide|p2a: Twave only|[spread] p2a,p2b
|-damage|p2a: Twave only|11/100 par
|-damage|p2b: Ursachamba|52/100 slp
|cant|p2b: Ursachamba|slp
|
|upkeep
|turn|3
|c|â˜†Altotesino Errante|ok
|
|t:|1756137224
|cant|p2a: Twave only|par
|move|p1a: Rocky Road|Coaching|p1b: Dearg Doom
|-boost|p1b: Dearg Doom|atk|1
|-boost|p1b: Dearg Doom|def|1
|move|p1b: Dearg Doom|Rock Slide|p2a: Twave only|[spread] p2a,p2b
|-damage|p2a: Twave only|0 fnt
|-damage|p2b: Ursachamba|32/100 slp
|faint|p2a: Twave only
|cant|p2b: Ursachamba|slp
|
|upkeep
|c|â˜†ThePowneyFiles|Sorry it wasnâ€™t twave only
|
|t:|1756137241
|switch|p2a: Ferdinand|Tauros-Paldea-Aqua, L50, M, shiny|100/100
|-ability|p2a: Ferdinand|Intimidate|boost
|-unboost|p1a: Rocky Road|atk|1
|-fail|p1b: Dearg Doom|unboost|[from] item: Clear Amulet|[of] p1b: Dearg Doom
|turn|4
|
|t:|1756137252
|-terastallize|p1b: Dearg Doom|Water
|move|p2a: Ferdinand|Protect|p2a: Ferdinand
|-singleturn|p2a: Ferdinand|Protect
|move|p1a: Rocky Road|Dire Claw|p2a: Ferdinand
|-activate|p2a: Ferdinand|move: Protect
|move|p1b: Dearg Doom|Rock Slide|p2a: Ferdinand|[spread] p2b
|-activate|p2a: Ferdinand|move: Protect
|-damage|p2b: Ursachamba|14/100 slp
|-curestatus|p2b: Ursachamba|slp|[msg]
|move|p2b: Ursachamba|Hyper Voice|p1a: Rocky Road|[spread] p1a,p1b
|-damage|p1a: Rocky Road|50/100
|-damage|p1b: Dearg Doom|50/100
|
|upkeep
|turn|5
|
|t:|1756137274
|switch|p2b: 999 coins|Gholdengo, L50|100/100
|move|p1a: Rocky Road|Dire Claw|p2a: Ferdinand
|-damage|p2a: Ferdinand|84/100
|-status|p2a: Ferdinand|par
|move|p1b: Dearg Doom|Rock Slide|p2a: Ferdinand|[spread] p2a,p2b
|-resisted|p2a: Ferdinand
|-resisted|p2b: 999 coins
|-crit|p2b: 999 coins
|-damage|p2a: Ferdinand|71/100 par
|-damage|p2b: 999 coins|67/100
|move|p2a: Ferdinand|Close Combat|p1b: Dearg Doom
|-damage|p1b: Dearg Doom|9/100
|-unboost|p2a: Ferdinand|def|1
|-unboost|p2a: Ferdinand|spd|1
|
|upkeep
|turn|6
|
|t:|1756137290
|switch|p1a: N17|Rillaboom, L50, M|100/100
|-fieldstart|move: Grassy Terrain|[from] ability: Grassy Surge|[of] p1a: N17
|move|p1b: Dearg Doom|Protect|p1b: Dearg Doom
|-singleturn|p1b: Dearg Doom|Protect
|move|p2a: Ferdinand|Aqua Jet|p1b: Dearg Doom
|-activate|p1b: Dearg Doom|move: Protect
|move|p2b: 999 coins|Nasty Plot|p2b: 999 coins
|-boost|p2b: 999 coins|spa|2
|
|-heal|p1b: Dearg Doom|15/100|[from] Grassy Terrain
|-heal|p2b: 999 coins|73/100|[from] Grassy Terrain
|-heal|p2a: Ferdinand|76/100 par|[from] Grassy Terrain
|upkeep
|turn|7
|
|t:|1756137310
|move|p2b: 999 coins|Protect|p2b: 999 coins
|-singleturn|p2b: 999 coins|Protect
|move|p1a: N17|Fake Out|p2a: Ferdinand
|-damage|p2a: Ferdinand|62/100 par
|cant|p2a: Ferdinand|flinch
|move|p1b: Dearg Doom|Flare Blitz|p2b: 999 coins
|-activate|p2b: 999 coins|move: Protect
|
|-heal|p1b: Dearg Doom|21/100|[from] Grassy Terrain
|-heal|p2b: 999 coins|79/100|[from] Grassy Terrain
|-heal|p2a: Ferdinand|68/100 par|[from] Grassy Terrain
|upkeep
|turn|8
|inactive|Altotesino Errante has 30 seconds left.
|inactive|Altotesino Errante has 20 seconds left.
|inactive|Altotesino Errante has 15 seconds left.
|inactive|ThePowneyFiles has 30 seconds left.
|
|t:|1756137356
|move|p2b: 999 coins|Protect|p2b: 999 coins
|-singleturn|p2b: 999 coins|Protect
|move|p1a: N17|Grassy Glide|p2a: Ferdinand
|-supereffective|p2a: Ferdinand
|-damage|p2a: Ferdinand|0 fnt
|faint|p2a: Ferdinand
|move|p1b: Dearg Doom|Flare Blitz|p2b: 999 coins
|-activate|p2b: 999 coins|move: Protect
|
|-heal|p1b: Dearg Doom|27/100|[from] Grassy Terrain
|-heal|p2b: 999 coins|85/100|[from] Grassy Terrain
|-sideend|p2: Altotesino Errante|Reflect
|upkeep
|
|t:|1756137367
|switch|p2a: Ursachamba|Ursaluna-Bloodmoon, L50, M, tera:Dragon|14/100
|turn|9
|
|t:|1756137370
|switch|p1a: Rocky Road|Sneasler, L50, M|50/100
|move|p1b: Dearg Doom|Protect|p1b: Dearg Doom
|-singleturn|p1b: Dearg Doom|Protect
|move|p2a: Ursachamba|Vacuum Wave|p1b: Dearg Doom
|-activate|p1b: Dearg Doom|move: Protect
|move|p2b: 999 coins|Make It Rain|p1b: Dearg Doom|[spread] p1a
|-activate|p1b: Dearg Doom|move: Protect
|-damage|p1a: Rocky Road|0 fnt
|-unboost|p2b: 999 coins|spa|1
|faint|p1a: Rocky Road
|-damage|p2b: 999 coins|76/100|[from] item: Life Orb
|
|-heal|p1b: Dearg Doom|32/100|[from] Grassy Terrain
|-heal|p2b: 999 coins|82/100|[from] Grassy Terrain
|-heal|p2a: Ursachamba|19/100|[from] Grassy Terrain
|upkeep
|
|t:|1756137373
|switch|p1a: N17|Rillaboom, L50, M|100/100
|turn|10
|
|t:|1756137388
|move|p2b: 999 coins|Protect|p2b: 999 coins
|-singleturn|p2b: 999 coins|Protect
|move|p1a: N17|Fake Out|p2a: Ursachamba
|-damage|p2a: Ursachamba|9/100
|move|p1b: Dearg Doom|Flare Blitz|p2b: 999 coins
|-activate|p2b: 999 coins|move: Protect
|cant|p2a: Ursachamba|flinch
|
|-heal|p1b: Dearg Doom|38/100|[from] Grassy Terrain
|-heal|p2b: 999 coins|88/100|[from] Grassy Terrain
|-heal|p2a: Ursachamba|15/100|[from] Grassy Terrain
|-fieldend|move: Grassy Terrain
|upkeep
|turn|11
|
|t:|1756137404
|move|p1b: Dearg Doom|Protect|p1b: Dearg Doom
|-singleturn|p1b: Dearg Doom|Protect
|move|p2b: 999 coins|Protect|p2b: 999 coins
|-singleturn|p2b: 999 coins|Protect
|move|p2a: Ursachamba|Vacuum Wave|p1b: Dearg Doom
|-activate|p1b: Dearg Doom|move: Protect
|move|p1a: N17|U-turn|p2a: Ursachamba
|-damage|p2a: Ursachamba|0 fnt
|faint|p2a: Ursachamba
|
|t:|1756137407
|switch|p1a: Linger|Ninetales-Alola, L50, M|100/100|[from] U-turn
|-weather|Snowscape|[from] ability: Snow Warning|[of] p1a: Linger
|
|-weather|Snowscape|[upkeep]
|upkeep
|turn|12
|
|t:|1756137413
|move|p1a: Linger|Blizzard|p2b: 999 coins
|-resisted|p2b: 999 coins
|-crit|p2b: 999 coins
|-damage|p2b: 999 coins|58/100
|-status|p2b: 999 coins|frz
|move|p1b: Dearg Doom|Flare Blitz|p2b: 999 coins
|-supereffective|p2b: 999 coins
|-damage|p2b: 999 coins|0 fnt
|faint|p2b: 999 coins
|-damage|p1b: Dearg Doom|19/100|[from] Recoil
|
|win|ThePowneyFiles
|raw|ThePowneyFiles's rating: 1353 → 1373(+20 for winning)
|raw|Altotesino Errante's rating: 1357 → 1337(-20 for losing)
|c|â˜†Altotesino Errante|if you play with this secondary effect the world championship its a possible dream
|c|â˜†Altotesino Errante|lol
|l|â˜†ThePowneyFiles
|player|p1|
|l|â˜†Altotesino Errante
|player|p2|
|j|â˜†Altotesino Errante
|player|p2|Altotesino Errante|2|
