|j|☆Drubird
|j|☆WaluigiVGC
|html|DrubirdWaluigiVGC    
|uhtml|bestof|Game 1 of a best-of-3
|t:|1756482904
|gametype|doubles
|player|p1|Drubird|265|1038
|player|p2|WaluigiVGC|170|1122
|gen|9
|tier|[Gen 9] VGC 2025 Reg H (Bo3)
|rated|
|rule|Species Clause: Limit one of each Pokémon
|rule|Item Clause: Limit 1 of each item
|clearpoke
|poke|p1|Incineroar, L50, F|
|poke|p1|Amoonguss, L50, F|
|poke|p1|Kingambit, L50, M|
|poke|p1|Rillaboom, L50, M|
|poke|p1|Gholdengo, L50|
|poke|p1|Dragapult, L50, F|
|poke|p2|Pelipper, L50, F|
|poke|p2|Tatsugiri-Droopy, L50, M|
|poke|p2|Dondozo, L50, M|
|poke|p2|Archaludon, L50, M|
|poke|p2|Sneasler, L50, M|
|poke|p2|Indeedee, L50, M|
|teampreview|4
|showteam|p1|Incineroar||SafetyGoggles|Intimidate|FakeOut,KnockOff,FlareBlitz,PartingShot|||F|||50|,,,,,Ghost]Amoonguss||SitrusBerry|Regenerator|PollenPuff,Spore,RagePowder,Protect|||F|||50|,,,,,Water]Kingambit||BlackGlasses|Defiant|KowtowCleave,SuckerPunch,Protect,SwordsDance|||M|||50|,,,,,Dark]Rillaboom||AssaultVest|GrassySurge|WoodHammer,GrassyGlide,FakeOut,Uturn|||M|||50|,,,,,Fire]Gholdengo||LifeOrb|GoodasGold|MakeItRain,ShadowBall,NastyPlot,Protect||||||50|,,,,,Dragon]Dragapult||ChoiceBand|ClearBody|DragonDarts,PhantomForce,Outrage,Uturn|||F|||50|,,,,,Dragon
|showteam|p2|Pelipper||CovertCloak|Drizzle|Hurricane,WeatherBall,Tailwind,Protect|||F|||50|,,,,,Grass]Tatsugiri-Droopy||SafetyGoggles|Commander|MuddyWater,DracoMeteor,Taunt,Protect|||M|||50|,,,,,Ghost]Dondozo||Leftovers|Unaware|Earthquake,OrderUp,BodyPress,Protect|||M|||50|,,,,,Steel]Archaludon||AssaultVest|Stamina|ElectroShot,FlashCannon,BodyPress,DragonPulse|||M|||50|,,,,,Grass]Sneasler||PsychicSeed|Unburden|DireClaw,CloseCombat,ThroatChop,Protect|||M|||50|,,,,,Dark]Indeedee||FocusSash|PsychicSurge|ExpandingForce,TrickRoom,Imprison,Protect|||M|||50|,,,,,Ghost
|
|t:|1756482953
|teamsize|p1|4
|teamsize|p2|4
|start
|switch|p1a: Rillaboom|Rillaboom, L50, M|100/100
|switch|p1b: Gholdengo|Gholdengo, L50|100/100
|switch|p2a: Pelipper|Pelipper, L50, F|100/100
|switch|p2b: Dondozo|Dondozo, L50, M|100/100
|-weather|RainDance|[from] ability: Drizzle|[of] p2a: Pelipper
|-fieldstart|move: Grassy Terrain|[from] ability: Grassy Surge|[of] p1a: Rillaboom
|turn|1
|
|t:|1756482994
|switch|p2a: Tatsugiri|Tatsugiri-Droopy, L50, M|100/100
|-activate|p2a: Tatsugiri|ability: Commander|[of] p2b: Dondozo
|-boost|p2b: Dondozo|atk|2
|-boost|p2b: Dondozo|spa|2
|-boost|p2b: Dondozo|spe|2
|-boost|p2b: Dondozo|def|2
|-boost|p2b: Dondozo|spd|2
|move|p1a: Rillaboom|Fake Out|p2b: Dondozo
|-damage|p2b: Dondozo|97/100
|cant|p2b: Dondozo|flinch
|move|p1b: Gholdengo|Nasty Plot|p1b: Gholdengo
|-boost|p1b: Gholdengo|spa|2
|
|-weather|RainDance|[upkeep]
|-heal|p2b: Dondozo|100/100|[from] Grassy Terrain
|upkeep
|turn|2
|
|t:|1756483038
|-terastallize|p2b: Dondozo|Steel
|-terastallize|p1b: Gholdengo|Dragon
|move|p2b: Dondozo|Order Up|p1a: Rillaboom
|-damage|p1a: Rillaboom|67/100
|-boost|p2b: Dondozo|def|1
|move|p1b: Gholdengo|Shadow Ball|p2b: Dondozo
|-damage|p2b: Dondozo|76/100
|-damage|p1b: Gholdengo|91/100|[from] item: Life Orb
|move|p1a: Rillaboom|U-turn|p2b: Dondozo
|-resisted|p2b: Dondozo
|-damage|p2b: Dondozo|73/100
|
|t:|1756483054
|switch|p1a: Amoonguss|Amoonguss, L50, F|100/100|[from] U-turn
|
|-weather|RainDance|[upkeep]
|-heal|p2b: Dondozo|79/100|[from] Grassy Terrain
|-heal|p2b: Dondozo|85/100|[from] item: Leftovers
|-heal|p1b: Gholdengo|97/100|[from] Grassy Terrain
|upkeep
|turn|3
|
|t:|1756483067
|move|p1b: Gholdengo|Protect|p1b: Gholdengo
|-singleturn|p1b: Gholdengo|Protect
|move|p2b: Dondozo|Order Up|p1b: Gholdengo
|-activate|p1b: Gholdengo|move: Protect
|move|p1a: Amoonguss|Spore|p2b: Dondozo
|-status|p2b: Dondozo|slp|[from] move: Spore
|
|-weather|RainDance|[upkeep]
|-heal|p2b: Dondozo|92/100 slp|[from] Grassy Terrain
|-heal|p2b: Dondozo|98/100 slp|[from] item: Leftovers
|-heal|p1b: Gholdengo|100/100|[from] Grassy Terrain
|upkeep
|turn|4
|
|t:|1756483080
|switch|p1a: Dragapult|Dragapult, L50, F|100/100
|cant|p2b: Dondozo|slp
|move|p1b: Gholdengo|Shadow Ball|p2b: Dondozo
|-damage|p2b: Dondozo|74/100 slp
|-damage|p1b: Gholdengo|91/100|[from] item: Life Orb
|
|-weather|RainDance|[upkeep]
|-heal|p2b: Dondozo|80/100 slp|[from] Grassy Terrain
|-heal|p2b: Dondozo|86/100 slp|[from] item: Leftovers
|-heal|p1b: Gholdengo|97/100|[from] Grassy Terrain
|upkeep
|turn|5
|
|t:|1756483111
|move|p1a: Dragapult|Dragon Darts|p2b: Dondozo
|-resisted|p2b: Dondozo
|-damage|p2b: Dondozo|81/100 slp
|-anim|p1a: Dragapult|Dragon Darts|p2b: Dondozo
|-resisted|p2b: Dondozo
|-damage|p2b: Dondozo|76/100 slp
|cant|p2b: Dondozo|slp
|move|p1b: Gholdengo|Shadow Ball|p2b: Dondozo
|-damage|p2b: Dondozo|53/100 slp
|-damage|p1b: Gholdengo|87/100|[from] item: Life Orb
|
|-weather|none
|-heal|p2b: Dondozo|59/100 slp|[from] Grassy Terrain
|-heal|p2b: Dondozo|65/100 slp|[from] item: Leftovers
|-heal|p1b: Gholdengo|93/100|[from] Grassy Terrain
|-fieldend|move: Grassy Terrain
|upkeep
|turn|6
|
|t:|1756483126
|switch|p1a: Rillaboom|Rillaboom, L50, M|67/100
|-fieldstart|move: Grassy Terrain|[from] ability: Grassy Surge|[of] p1a: Rillaboom
|-curestatus|p2b: Dondozo|slp|[msg]
|move|p2b: Dondozo|Order Up|p1a: Rillaboom
|-damage|p1a: Rillaboom|32/100
|-boost|p2b: Dondozo|def|1
|move|p1b: Gholdengo|Shadow Ball|p2b: Dondozo
|-damage|p2b: Dondozo|40/100
|-damage|p1b: Gholdengo|83/100|[from] item: Life Orb
|
|-heal|p2b: Dondozo|47/100|[from] Grassy Terrain
|-heal|p2b: Dondozo|53/100|[from] item: Leftovers
|-heal|p1b: Gholdengo|90/100|[from] Grassy Terrain
|-heal|p1a: Rillaboom|38/100|[from] Grassy Terrain
|upkeep
|turn|7
|
|t:|1756483147
|move|p2b: Dondozo|Protect|p2b: Dondozo
|-singleturn|p2b: Dondozo|Protect
|move|p1a: Rillaboom|Fake Out|p2b: Dondozo
|-activate|p2b: Dondozo|move: Protect
|move|p1b: Gholdengo|Nasty Plot|p1b: Gholdengo
|-boost|p1b: Gholdengo|spa|2
|
|-heal|p2b: Dondozo|59/100|[from] Grassy Terrain
|-heal|p2b: Dondozo|65/100|[from] item: Leftovers
|-heal|p1b: Gholdengo|96/100|[from] Grassy Terrain
|-heal|p1a: Rillaboom|44/100|[from] Grassy Terrain
|upkeep
|turn|8
|
|t:|1756483181
|move|p2b: Dondozo|Order Up|p1a: Rillaboom
|-crit|p1a: Rillaboom
|-damage|p1a: Rillaboom|0 fnt
|faint|p1a: Rillaboom
|-boost|p2b: Dondozo|def|1
|move|p1b: Gholdengo|Shadow Ball|p2b: Dondozo
|-damage|p2b: Dondozo|42/100
|-damage|p1b: Gholdengo|86/100|[from] item: Life Orb
|
|-heal|p2b: Dondozo|48/100|[from] Grassy Terrain
|-heal|p2b: Dondozo|54/100|[from] item: Leftovers
|-heal|p1b: Gholdengo|92/100|[from] Grassy Terrain
|upkeep
|
|t:|1756483191
|switch|p1a: Amoonguss|Amoonguss, L50, F|100/100
|turn|9
|
|t:|1756483202
|move|p2b: Dondozo|Protect|p2b: Dondozo
|-singleturn|p2b: Dondozo|Protect
|move|p1a: Amoonguss|Rage Powder|p1a: Amoonguss
|-singleturn|p1a: Amoonguss|move: Rage Powder
|move|p1b: Gholdengo|Shadow Ball|p2b: Dondozo
|-activate|p2b: Dondozo|move: Protect
|
|-heal|p2b: Dondozo|61/100|[from] Grassy Terrain
|-heal|p2b: Dondozo|67/100|[from] item: Leftovers
|-heal|p1b: Gholdengo|98/100|[from] Grassy Terrain
|upkeep
|turn|10
|
|t:|1756483227
|move|p1b: Gholdengo|Protect|p1b: Gholdengo
|-singleturn|p1b: Gholdengo|Protect
|move|p2b: Dondozo|Body Press|p1b: Gholdengo
|-activate|p1b: Gholdengo|move: Protect
|move|p1a: Amoonguss|Spore|p2b: Dondozo
|-status|p2b: Dondozo|slp|[from] move: Spore
|
|-heal|p2b: Dondozo|73/100 slp|[from] Grassy Terrain
|-heal|p2b: Dondozo|79/100 slp|[from] item: Leftovers
|-heal|p1b: Gholdengo|100/100|[from] Grassy Terrain
|-fieldend|move: Grassy Terrain
|upkeep
|turn|11
|
|t:|1756483241
|switch|p1a: Dragapult|Dragapult, L50, F|100/100
|cant|p2b: Dondozo|slp
|move|p1b: Gholdengo|Shadow Ball|p2b: Dondozo
|-damage|p2b: Dondozo|54/100 slp
|-unboost|p2b: Dondozo|spd|1
|-damage|p1b: Gholdengo|91/100|[from] item: Life Orb
|
|-heal|p2b: Dondozo|61/100 slp|[from] item: Leftovers
|upkeep
|turn|12
|
|t:|1756483253
|move|p1a: Dragapult|Phantom Force||[still]
|-prepare|p1a: Dragapult|Phantom Force
|cant|p2b: Dondozo|slp
|move|p1b: Gholdengo|Shadow Ball|p2b: Dondozo
|-damage|p2b: Dondozo|31/100 slp
|-damage|p1b: Gholdengo|81/100|[from] item: Life Orb
|
|-heal|p2b: Dondozo|38/100 slp|[from] item: Leftovers
|upkeep
|turn|13
|
|t:|1756483263
|move|p1a: Dragapult|Phantom Force|p2b: Dondozo|[from] lockedmove
|-damage|p2b: Dondozo|25/100 slp
|cant|p2b: Dondozo|slp
|move|p1b: Gholdengo|Shadow Ball|p2b: Dondozo
|-damage|p2b: Dondozo|0 fnt
|faint|p2b: Dondozo
|-damage|p1b: Gholdengo|71/100|[from] item: Life Orb
|
|upkeep
|
|t:|1756483274
|switch|p2b: Archaludon|Archaludon, L50, M|100/100
|turn|14
|
|t:|1756483318
|switch|p1a: Amoonguss|Amoonguss, L50, F|100/100
|switch|p2a: Pelipper|Pelipper, L50, F|100/100
|-weather|RainDance|[from] ability: Drizzle|[of] p2a: Pelipper
|move|p1b: Gholdengo|Protect|p1b: Gholdengo
|-singleturn|p1b: Gholdengo|Protect
|move|p2b: Archaludon|Dragon Pulse|p1b: Gholdengo
|-activate|p1b: Gholdengo|move: Protect
|
|-weather|RainDance|[upkeep]
|upkeep
|turn|15
|
|t:|1756483346
|move|p1a: Amoonguss|Rage Powder|p1a: Amoonguss
|-singleturn|p1a: Amoonguss|move: Rage Powder
|move|p1b: Gholdengo|Shadow Ball|p2b: Archaludon
|-damage|p2b: Archaludon|0 fnt
|faint|p2b: Archaludon
|-damage|p1b: Gholdengo|61/100|[from] item: Life Orb
|move|p2a: Pelipper|Hurricane|p1a: Amoonguss
|-supereffective|p1a: Amoonguss
|-damage|p1a: Amoonguss|24/100
|-enditem|p1a: Amoonguss|Sitrus Berry|[eat]
|-heal|p1a: Amoonguss|49/100|[from] item: Sitrus Berry
|
|-weather|RainDance|[upkeep]
|upkeep
|
|t:|1756483358
|switch|p2b: Tatsugiri|Tatsugiri-Droopy, L50, M|100/100
|turn|16
|
|t:|1756483379
|move|p1a: Amoonguss|Rage Powder|p1a: Amoonguss
|-singleturn|p1a: Amoonguss|move: Rage Powder
|move|p2b: Tatsugiri|Draco Meteor|p1b: Gholdengo
|-supereffective|p1b: Gholdengo
|-damage|p1b: Gholdengo|0 fnt
|-unboost|p2b: Tatsugiri|spa|2
|faint|p1b: Gholdengo
|move|p2a: Pelipper|Hurricane|p1a: Amoonguss
|-supereffective|p1a: Amoonguss
|-damage|p1a: Amoonguss|0 fnt
|faint|p1a: Amoonguss
|
|-weather|RainDance|[upkeep]
|upkeep
|
|t:|1756483385
|switch|p1b: Dragapult|Dragapult, L50, F|100/100
|turn|17
|
|t:|1756483410
|move|p2b: Tatsugiri|Protect|p2b: Tatsugiri
|-singleturn|p2b: Tatsugiri|Protect
|move|p1b: Dragapult|Dragon Darts|p2a: Pelipper
|-damage|p2a: Pelipper|53/100
|-anim|p1b: Dragapult|Dragon Darts|p2a: Pelipper
|-damage|p2a: Pelipper|4/100
|move|p2a: Pelipper|Tailwind|p2a: Pelipper
|-sidestart|p2: WaluigiVGC|move: Tailwind
|
|-weather|RainDance|[upkeep]
|upkeep
|turn|18
|
|t:|1756483429
|move|p2b: Tatsugiri|Draco Meteor|p1b: Dragapult
|-supereffective|p1b: Dragapult
|-damage|p1b: Dragapult|16/100
|-unboost|p2b: Tatsugiri|spa|2
|move|p2a: Pelipper|Hurricane|p1b: Dragapult
|-damage|p1b: Dragapult|0 fnt
|faint|p1b: Dragapult
|
|win|WaluigiVGC
||Drubird is ready for game 2.
|l|☆Drubird
|player|p1|
