|j|☆Truevillany123
|j|☆takeshivgc-test
|html|Truevillany123takeshivgc-test    
|uhtml|bestof|Game 1 of a best-of-3
|t:|1757738811
|gametype|doubles
|player|p1|Truevillany123|101|1150
|player|p2|takeshivgc-test|sabrina|1158
|gen|9
|tier|[Gen 9] VGC 2025 Reg H (Bo3)
|rated|
|rule|Species Clause: Limit one of each Pokémon
|rule|Item Clause: Limit 1 of each item
|clearpoke
|poke|p1|Dragonite, L50, M|
|poke|p1|Ursaluna-Bloodmoon, L50, M|
|poke|p1|Gholdengo, L50|
|poke|p1|Annihilape, L50, F|
|poke|p1|Ninetales-Alola, L50, F|
|poke|p1|Rillaboom, L50, M|
|poke|p2|Armarouge, L50, F|
|poke|p2|Indeedee-F, L50, F|
|poke|p2|Torkoal, L50, F|
|poke|p2|Gallade, L50, M|
|poke|p2|Ursaluna, L50, M|
|poke|p2|Hatterene, L50, F|
|teampreview|4
|showteam|p1|Dragonite||LoadedDice|Multiscale|ScaleShot,Protect,Haze,Tailwind|||M|||50|,,,,,Fairy]Ursaluna-Bloodmoon||LifeOrb|MindsEye|BloodMoon,HyperVoice,EarthPower,Protect|||M|||50|,,,,,Normal]Gholdengo||GrassySeed|GoodasGold|MakeItRain,ShadowBall,Protect,NastyPlot||||||50|,,,,,Water]Annihilape||SafetyGoggles|Defiant|DrainPunch,RageFist,Protect,BulkUp|||F|||50|,,,,,Fire]Ninetales-Alola||FocusSash|SnowWarning|FreezeDry,AuroraVeil,Encore,IcicleSpear|||F|||50|,,,,,Ghost]Rillaboom||AssaultVest|GrassySurge|FakeOut,WoodHammer,HighHorsepower,Uturn|||M|||50|,,,,,Fire
|showteam|p2|Armarouge||PowerHerb|FlashFire|ArmorCannon,ExpandingForce,TrickRoom,MeteorBeam|||F|||50|,,,,,Grass]Indeedee-F||PsychicSeed|PsychicSurge|DazzlingGleam,HelpingHand,TrickRoom,FollowMe|||F|||50|,,,,,Fairy]Torkoal||EjectPack|Drought|Eruption,Protect,WeatherBall,ClearSmog|||F|||50|,,,,,Fire]Gallade||ClearAmulet|Sharpness|PsychoCut,SacredSword,TrickRoom,WideGuard|||M|||50|,,,,,Fire]Ursaluna||FlameOrb|Guts|Facade,HeadlongRush,Earthquake,Protect|||M|||50|,,,,,Ghost]Hatterene||LifeOrb|MagicBounce|ExpandingForce,DazzlingGleam,TrickRoom,MysticalFire|||F|||50|,,,,,Fire
|
|t:|1757738836
|teamsize|p1|4
|teamsize|p2|4
|start
|switch|p1a: Gholdengo|Gholdengo, L50|100/100
|switch|p1b: Annihilape|Annihilape, L50, F|100/100
|switch|p2a: Indeedee|Indeedee-F, L50, F|100/100
|switch|p2b: Hatterene|Hatterene, L50, F, shiny|100/100
|-fieldstart|move: Psychic Terrain|[from] ability: Psychic Surge|[of] p2a: Indeedee
|-enditem|p2a: Indeedee|Psychic Seed
|-boost|p2a: Indeedee|spd|1|[from] item: Psychic Seed
|turn|1
|
|t:|1757738858
|switch|p1b: Rillaboom|Rillaboom, L50, M|100/100
|-fieldstart|move: Grassy Terrain|[from] ability: Grassy Surge|[of] p1b: Rillaboom
|-enditem|p1a: Gholdengo|Grassy Seed
|-boost|p1a: Gholdengo|def|1|[from] item: Grassy Seed
|-terastallize|p2b: Hatterene|Fire
|move|p1a: Gholdengo|Protect|p1a: Gholdengo
|-singleturn|p1a: Gholdengo|Protect
|move|p2b: Hatterene|Mystical Fire|p1a: Gholdengo
|-activate|p1a: Gholdengo|move: Protect
|move|p2a: Indeedee|Trick Room|p2a: Indeedee
|-fieldstart|move: Trick Room|[of] p2a: Indeedee
|
|upkeep
|turn|2
|
|t:|1757738885
|switch|p2a: Ursaluna|Ursaluna, L50, M|100/100
|-terastallize|p1a: Gholdengo|Water
|move|p2b: Hatterene|Expanding Force|p1b: Rillaboom
|-damage|p1b: Rillaboom|48/100
|-damage|p2b: Hatterene|91/100|[from] item: Life Orb
|move|p1b: Rillaboom|High Horsepower|p2b: Hatterene
|-supereffective|p2b: Hatterene
|-damage|p2b: Hatterene|13/100
|move|p1a: Gholdengo|Nasty Plot|p1a: Gholdengo
|-boost|p1a: Gholdengo|spa|2
|
|-heal|p2b: Hatterene|19/100|[from] Grassy Terrain
|-heal|p1b: Rillaboom|54/100|[from] Grassy Terrain
|-status|p2a: Ursaluna|brn|[from] item: Flame Orb
|upkeep
|turn|3
|
|t:|1757738922
|switch|p2b: Indeedee|Indeedee-F, L50, F|100/100
|-fieldstart|move: Psychic Terrain|[from] ability: Psychic Surge|[of] p2b: Indeedee
|switch|p1b: Annihilape|Annihilape, L50, F|100/100
|move|p1a: Gholdengo|Protect|p1a: Gholdengo
|-singleturn|p1a: Gholdengo|Protect
|move|p2a: Ursaluna|Facade|p1b: Annihilape
|-immune|p1b: Annihilape
|
|-damage|p2a: Ursaluna|95/100 brn|[from] brn
|upkeep
|turn|4
|
|t:|1757738958
|switch|p1a: Rillaboom|Rillaboom, L50, M|54/100
|-fieldstart|move: Grassy Terrain|[from] ability: Grassy Surge|[of] p1a: Rillaboom
|move|p2b: Indeedee|Helping Hand|p2a: Ursaluna
|-singleturn|p2a: Ursaluna|Helping Hand|[of] p2b: Indeedee
|move|p1b: Annihilape|Protect|p1b: Annihilape
|-singleturn|p1b: Annihilape|Protect
|move|p2a: Ursaluna|Facade|p1a: Rillaboom
|-damage|p1a: Rillaboom|0 fnt
|faint|p1a: Rillaboom
|
|-heal|p2a: Ursaluna|100/100 brn|[from] Grassy Terrain
|-damage|p2a: Ursaluna|95/100 brn|[from] brn
|upkeep
|
|t:|1757738972
|switch|p1a: Ninetales|Ninetales-Alola, L50, F|100/100
|-weather|Snowscape|[from] ability: Snow Warning|[of] p1a: Ninetales
|turn|5
|c|☆Truevillany123|gg
|
|t:|1757738987
|switch|p2a: Torkoal|Torkoal, L50, F|100/100
|-weather|SunnyDay|[from] ability: Drought|[of] p2a: Torkoal
|move|p2b: Indeedee|Dazzling Gleam|p1b: Annihilape|[spread] p1a,p1b
|-supereffective|p1b: Annihilape
|-crit|p1b: Annihilape
|-damage|p1a: Ninetales|86/100
|-damage|p1b: Annihilape|66/100
|move|p1b: Annihilape|Bulk Up|p1b: Annihilape
|-boost|p1b: Annihilape|atk|1
|-boost|p1b: Annihilape|def|1
|move|p1a: Ninetales|Aurora Veil||[still]
|-fail|p1a: Ninetales
|
|-weather|SunnyDay|[upkeep]
|-heal|p1b: Annihilape|72/100|[from] Grassy Terrain
|-heal|p1a: Ninetales|92/100|[from] Grassy Terrain
|-fieldend|move: Trick Room
|upkeep
|turn|6
|
|t:|1757739009
|move|p1a: Ninetales|Encore|p2b: Indeedee
|-start|p2b: Indeedee|Encore
|move|p1b: Annihilape|Drain Punch|p2a: Torkoal
|-damage|p2a: Torkoal|68/100
|-heal|p1b: Annihilape|86/100|[from] drain|[of] p2a: Torkoal
|move|p2a: Torkoal|Clear Smog|p1b: Annihilape
|-resisted|p1b: Annihilape
|-damage|p1b: Annihilape|80/100
|-clearboost|p1b: Annihilape
|move|p2b: Indeedee|Dazzling Gleam|p1b: Annihilape|[spread] p1a,p1b
|-supereffective|p1b: Annihilape
|-damage|p1a: Ninetales|75/100
|-damage|p1b: Annihilape|57/100
|
|-weather|SunnyDay|[upkeep]
|-heal|p1a: Ninetales|81/100|[from] Grassy Terrain
|-heal|p1b: Annihilape|63/100|[from] Grassy Terrain
|-heal|p2a: Torkoal|75/100|[from] Grassy Terrain
|upkeep
|turn|7
|
|t:|1757739027
|switch|p2b: Hatterene|Hatterene, L50, F, shiny, tera:Fire|19/100
|move|p2a: Torkoal|Protect|p2a: Torkoal
|-singleturn|p2a: Torkoal|Protect
|move|p1a: Ninetales|Encore|p2a: Torkoal
|-activate|p2a: Torkoal|move: Protect
|move|p1b: Annihilape|Drain Punch|p2b: Hatterene
|-damage|p2b: Hatterene|0 fnt
|-heal|p1b: Annihilape|70/100|[from] drain|[of] p2b: Hatterene
|faint|p2b: Hatterene
|
|-weather|SunnyDay|[upkeep]
|-heal|p1a: Ninetales|87/100|[from] Grassy Terrain
|-heal|p1b: Annihilape|76/100|[from] Grassy Terrain
|-heal|p2a: Torkoal|81/100|[from] Grassy Terrain
|upkeep
|
|t:|1757739040
|switch|p2b: Indeedee|Indeedee-F, L50, F|100/100
|-fieldstart|move: Psychic Terrain|[from] ability: Psychic Surge|[of] p2b: Indeedee
|turn|8
|
|t:|1757739069
|switch|p1a: Gholdengo|Gholdengo, L50, tera:Water|100/100
|move|p1b: Annihilape|Drain Punch|p2b: Indeedee
|-damage|p2b: Indeedee|72/100
|-heal|p1b: Annihilape|89/100|[from] drain|[of] p2b: Indeedee
|move|p2a: Torkoal|Weather Ball|p1a: Gholdengo
|-resisted|p1a: Gholdengo
|-damage|p1a: Gholdengo|60/100
|move|p2b: Indeedee|Trick Room|p2b: Indeedee
|-fieldstart|move: Trick Room|[of] p2b: Indeedee
|
|-weather|SunnyDay|[upkeep]
|upkeep
|turn|9
|
|t:|1757739092
|switch|p1a: Ninetales|Ninetales-Alola, L50, F|87/100
|-weather|Snowscape|[from] ability: Snow Warning|[of] p1a: Ninetales
|move|p2b: Indeedee|Helping Hand|p2a: Torkoal
|-singleturn|p2a: Torkoal|Helping Hand|[of] p2b: Indeedee
|move|p2a: Torkoal|Eruption|p1b: Annihilape|[spread] p1a,p1b
|-supereffective|p1a: Ninetales
|-damage|p1a: Ninetales|0 fnt
|-damage|p1b: Annihilape|37/100
|faint|p1a: Ninetales
|move|p1b: Annihilape|Drain Punch|p2b: Indeedee
|-damage|p2b: Indeedee|44/100
|-heal|p1b: Annihilape|49/100|[from] drain|[of] p2b: Indeedee
|
|-weather|Snowscape|[upkeep]
|upkeep
|
|t:|1757739105
|switch|p1a: Gholdengo|Gholdengo, L50, tera:Water|60/100
|turn|10
|
|t:|1757739130
|switch|p2a: Ursaluna|Ursaluna, L50, M|95/100 brn
|move|p1b: Annihilape|Protect|p1b: Annihilape
|-singleturn|p1b: Annihilape|Protect
|move|p2b: Indeedee|Follow Me|p2b: Indeedee
|-singleturn|p2b: Indeedee|move: Follow Me
|move|p1a: Gholdengo|Shadow Ball|p2b: Indeedee
|-immune|p2b: Indeedee
|
|-weather|Snowscape|[upkeep]
|-damage|p2a: Ursaluna|89/100 brn|[from] brn
|upkeep
|turn|11
|c|☆Truevillany123|GG
|
|t:|1757739144
|move|p2b: Indeedee|Helping Hand|p2a: Ursaluna
|-singleturn|p2a: Ursaluna|Helping Hand|[of] p2b: Indeedee
|move|p2a: Ursaluna|Earthquake|p1a: Gholdengo|[spread] p2b,p1a,p1b
|-damage|p2b: Indeedee|0 fnt
|-damage|p1a: Gholdengo|0 fnt
|-damage|p1b: Annihilape|0 fnt
|faint|p2b: Indeedee
|faint|p1a: Gholdengo
|faint|p1b: Annihilape
|
|win|takeshivgc-test
||takeshivgc-test is ready for game 2.
|inactive|Truevillany123 has 30 seconds to confirm battle start!
|c|☆takeshivgc-test|twas a gg
|inactive|Truevillany123 has 20 seconds to confirm battle start!
|inactive|Truevillany123 has 10 seconds to confirm battle start!
|c|☆Truevillany123|mad I didn't fucking encore
||Truevillany123 is ready for game 2.
|uhtml|next|Next: Game 2 of 3
