|j|☆capspungo
|j|☆PaniniWeenie
|html|capspungoPaniniWeenie    
|uhtml|bestof|Game 1 of a best-of-3
|t:|1757001498
|gametype|doubles
|player|p1|capspungo|2|1300
|player|p2|PaniniWeenie|pokemaniac|1442
|gen|9
|tier|[Gen 9] VGC 2025 Reg H (Bo3)
|rated|
|rule|Species Clause: Limit one of each Pokémon
|rule|Item Clause: Limit 1 of each item
|clearpoke
|poke|p1|Ursaluna, L50, F|
|poke|p1|Indeedee-F, L50, F|
|poke|p1|Exeggutor, L50, F|
|poke|p1|Torkoal, L50, F|
|poke|p1|Gallade, L50, M|
|poke|p1|Corviknight, L50, F|
|poke|p2|Sneasler, L50, M|
|poke|p2|Volcarona, L50, M|
|poke|p2|Dragonite, L50, M|
|poke|p2|Rillaboom, L50, M|
|poke|p2|Electabuzz, L50, F|
|poke|p2|Kingambit, L50, F|
|teampreview|4
|showteam|p1|Ursaluna||FlameOrb|Guts|Protect,Facade,Earthquake,HeadlongRush|||F|||50|,,,,,Ghost]Indeedee-F||PsychicSeed|PsychicSurge|TrickRoom,Psychic,FollowMe,HelpingHand|||F|||50|,,,,,Grass]Exeggutor||FocusSash|Chlorophyll|TrickRoom,ExpandingForce,EnergyBall,SleepPowder|||F|||50|,,,,,Psychic]Torkoal||Charcoal|Drought|Eruption,HeatWave,Protect,WeatherBall|||F|||50|,,,,,Fire]Gallade||ClearAmulet|Sharpness|PsychoCut,TrickRoom,WideGuard,SacredSword|||M|||50|,,,,,Fire]Corviknight||SitrusBerry|Pressure|BraveBird,BulkUp,Protect,Roost|||F|||50|,,,,,Dragon
|showteam|p2|Sneasler||FocusSash|PoisonTouch|DireClaw,CloseCombat,FakeOut,Coaching|||M|||50|,,,,,Stellar]Volcarona||Leftovers|FlameBody|HeatWave,QuiverDance,Protect,TeraBlast|||M|||50|,,,,,Fairy]Dragonite||LoadedDice|Multiscale|ScaleShot,ExtremeSpeed,Haze,Protect|||M|||50|,,,,,Steel]Rillaboom||AssaultVest|GrassySurge|WoodHammer,GrassyGlide,HighHorsepower,FakeOut|||M|||50|,,,,,Fire]Electabuzz||Eviolite|VitalSpirit|FollowMe,Thunderbolt,Taunt,Protect|||F|||50|,,,,,Ghost]Kingambit||BlackGlasses|Defiant|KowtowCleave,SuckerPunch,SwordsDance,Protect|||F|||50|,,,,,Dark
|inactive|Battle timer is ON: inactive players will automatically lose when time's up. (requested by capspungo)
|
|t:|1757001553
|teamsize|p1|4
|teamsize|p2|4
|start
|switch|p1a: Indeedee|Indeedee-F, L50, F|100/100
|switch|p1b: Corviknight|Corviknight, L50, F|100/100
|switch|p2a: Electabuzz|Electabuzz, L50, F|100/100
|switch|p2b: Volcarona|Volcarona, L50, M|100/100
|-fieldstart|move: Psychic Terrain|[from] ability: Psychic Surge|[of] p1a: Indeedee
|-enditem|p1a: Indeedee|Psychic Seed
|-boost|p1a: Indeedee|spd|1|[from] item: Psychic Seed
|-ability|p1b: Corviknight|Pressure
|turn|1
|
|t:|1757001576
|-terastallize|p2b: Volcarona|Fairy
|-terastallize|p1b: Corviknight|Dragon
|move|p1a: Indeedee|Helping Hand|p1b: Corviknight
|-singleturn|p1b: Corviknight|Helping Hand|[of] p1a: Indeedee
|move|p2b: Volcarona|Quiver Dance|p2b: Volcarona
|-boost|p2b: Volcarona|spa|1
|-boost|p2b: Volcarona|spd|1
|-boost|p2b: Volcarona|spe|1
|move|p2a: Electabuzz|Taunt|p1a: Indeedee
|-start|p1a: Indeedee|move: Taunt
|move|p1b: Corviknight|Brave Bird|p2b: Volcarona
|-damage|p2b: Volcarona|12/100
|-damage|p1b: Corviknight|76/100|[from] Recoil
|
|-heal|p2b: Volcarona|18/100|[from] item: Leftovers
|upkeep
|turn|2
|inactive|capspungo has 30 seconds left.
|
|t:|1757001608
|move|p1b: Corviknight|Protect|p1b: Corviknight
|-singleturn|p1b: Corviknight|Protect
|move|p2a: Electabuzz|Follow Me|p2a: Electabuzz
|-singleturn|p2a: Electabuzz|move: Follow Me
|move|p2b: Volcarona|Heat Wave|p1a: Indeedee|[spread] p1a
|-activate|p1b: Corviknight|move: Protect
|-damage|p1a: Indeedee|63/100
|move|p1a: Indeedee|Psychic|p2a: Electabuzz
|-damage|p2a: Electabuzz|69/100
|
|-heal|p2b: Volcarona|24/100|[from] item: Leftovers
|upkeep
|turn|3
|
|t:|1757001624
|switch|p1b: Gallade|Gallade, L50, M|100/100
|move|p2a: Electabuzz|Follow Me|p2a: Electabuzz
|-singleturn|p2a: Electabuzz|move: Follow Me
|move|p2b: Volcarona|Tera Blast|p1b: Gallade|[anim] Tera Blast Fairy
|-supereffective|p1b: Gallade
|-damage|p1b: Gallade|0 fnt
|faint|p1b: Gallade
|move|p1a: Indeedee|Psychic|p2a: Electabuzz
|-damage|p2a: Electabuzz|36/100
|
|-heal|p2b: Volcarona|31/100|[from] item: Leftovers
|upkeep
|
|t:|1757001633
|switch|p1b: Torkoal|Torkoal, L50, F|100/100
|-weather|SunnyDay|[from] ability: Drought|[of] p1b: Torkoal
|turn|4
|
|t:|1757001640
|switch|p1a: Corviknight|Corviknight, L50, F, tera:Dragon|76/100
|-ability|p1a: Corviknight|Pressure
|move|p2b: Volcarona|Heat Wave|p1b: Torkoal|[spread] p1a
|-miss|p2b: Volcarona|p1b: Torkoal
|-resisted|p1a: Corviknight
|-damage|p1a: Corviknight|38/100
|-enditem|p1a: Corviknight|Sitrus Berry|[eat]
|-heal|p1a: Corviknight|63/100|[from] item: Sitrus Berry
|move|p2a: Electabuzz|Thunderbolt|p1b: Torkoal
|-damage|p1b: Torkoal|60/100
|move|p1b: Torkoal|Heat Wave|p2a: Electabuzz|[spread] p2a,p2b
|-damage|p2a: Electabuzz|0 fnt
|-damage|p2b: Volcarona|0 fnt
|faint|p2a: Electabuzz
|faint|p2b: Volcarona
|
|-weather|SunnyDay|[upkeep]
|upkeep
|
|t:|1757001655
|switch|p2b: Dragonite|Dragonite, L50, M|100/100
|switch|p2a: Rillaboom|Rillaboom, L50, M|100/100
|-fieldstart|move: Grassy Terrain|[from] ability: Grassy Surge|[of] p2a: Rillaboom
|turn|5
|
|t:|1757001668
|switch|p1b: Indeedee|Indeedee-F, L50, F|63/100
|-fieldstart|move: Psychic Terrain|[from] ability: Psychic Surge|[of] p1b: Indeedee
|move|p2b: Dragonite|Scale Shot|p1b: Indeedee
|-damage|p1b: Indeedee|50/100
|-damage|p1b: Indeedee|34/100
|-damage|p1b: Indeedee|20/100
|-damage|p1b: Indeedee|6/100
|-hitcount|p1b: Indeedee|4
|-unboost|p2b: Dragonite|def|1
|-boost|p2b: Dragonite|spe|1
|move|p2a: Rillaboom|High Horsepower|p1b: Indeedee
|-damage|p1b: Indeedee|0 fnt
|faint|p1b: Indeedee
|move|p1a: Corviknight|Brave Bird|p2a: Rillaboom
|-supereffective|p2a: Rillaboom
|-damage|p2a: Rillaboom|7/100
|-damage|p1a: Corviknight|34/100|[from] Recoil
|
|-weather|SunnyDay|[upkeep]
|upkeep
|
|t:|1757001676
|switch|p1b: Torkoal|Torkoal, L50, F|60/100
|turn|6
|
|t:|1757001686
|move|p2b: Dragonite|Scale Shot|p1a: Corviknight
|-supereffective|p1a: Corviknight
|-damage|p1a: Corviknight|10/100
|-supereffective|p1a: Corviknight
|-damage|p1a: Corviknight|0 fnt
|faint|p1a: Corviknight
|-hitcount|p1: Corviknight|2
|-unboost|p2b: Dragonite|def|1
|-boost|p2b: Dragonite|spe|1
|move|p2a: Rillaboom|High Horsepower|p1b: Torkoal
|-supereffective|p1b: Torkoal
|-damage|p1b: Torkoal|4/100
|move|p1b: Torkoal|Heat Wave|p2b: Dragonite|[spread] p2a,p2b
|-supereffective|p2a: Rillaboom
|-resisted|p2b: Dragonite
|-damage|p2a: Rillaboom|0 fnt
|-damage|p2b: Dragonite|86/100
|faint|p2a: Rillaboom
|
|-weather|SunnyDay|[upkeep]
|upkeep
|turn|7
|-message|capspungo forfeited.
|
|win|PaniniWeenie
||capspungo is ready for game 2.
|inactive|PaniniWeenie has 30 seconds to confirm battle start!
||PaniniWeenie is ready for game 2.
|uhtml|next|Next: Game 2 of 3
