|j|☆fgyhung
|j|☆fumomarlboro
|html|fgyhungfumomarlboro    
|uhtml|bestof|Game 2 of a best-of-3
|t:|1756523753
|gametype|doubles
|player|p1|fgyhung|2|1179
|player|p2|fumomarlboro|169|1201
|gen|9
|tier|[Gen 9] VGC 2025 Reg H (Bo3)
|rated|
|rule|Species Clause: Limit one of each Pokémon
|rule|Item Clause: Limit 1 of each item
|clearpoke
|poke|p1|Weezing-Galar, L50, F|
|poke|p1|Dragapult, L50, M|
|poke|p1|Gholdengo, L50|
|poke|p1|Murkrow, L50, F|
|poke|p1|Annihilape, L50, M|
|poke|p1|Incineroar, L50, M|
|poke|p2|Archaludon, L50, F|
|poke|p2|Dragonite, L50, F|
|poke|p2|Pelipper, L50, F|
|poke|p2|Ursaluna, L50, M|
|poke|p2|Sinistcha, L50|
|poke|p2|Gholdengo, L50|
|teampreview|4
|showteam|p1|Weezing-Galar||SitrusBerry|NeutralizingGas|ToxicSpikes,Toxic,StrangeSteam,Protect|||F|||50|,,,,,Grass]Dragapult||ChoiceSpecs|ClearBody|Uturn,ShadowBall,FireBlast,DracoMeteor|||M|||50|,,,,,Dragon]Gholdengo||Leftovers|GoodasGold|MakeItRain,ShadowBall,NastyPlot,Protect||||||50|,,,,,Water]Murkrow||FocusSash|Prankster|SunnyDay,Tailwind,Haze,FoulPlay|||F|||50|,,,,,Ghost]Annihilape||SafetyGoggles|Defiant|BulkUp,RageFist,DrainPunch,Protect|||M|||50|,,,,,Water]Incineroar||AssaultVest|Intimidate|FakeOut,FlareBlitz,KnockOff,Uturn|||M|||50|,,,,,Bug
|showteam|p2|Archaludon||AssaultVest|Stamina|FlashCannon,BodyPress,ElectroShot,Snarl|||F|||50|,,,,,Fighting]Dragonite||LoadedDice|Multiscale|ScaleShot,Tailwind,Haze,Protect|||F|||50|,,,,,Fairy]Pelipper||FocusSash|Drizzle|MuddyWater,Hurricane,Tailwind,Protect|||F|||50|,,,,,Ghost]Ursaluna||FlameOrb|Guts|Facade,HeadlongRush,Earthquake,Protect|||M|||50|,,,,,Ghost]Sinistcha||SitrusBerry|Hospitality|MatchaGotcha,LifeDew,RagePowder,TrickRoom||||||50|,,,,,Dark]Gholdengo||ChoiceScarf|GoodasGold|MakeItRain,ShadowBall,Trick,Protect||||||50|,,,,,Flying
|inactive|Battle timer is ON: inactive players will automatically lose when time's up. (requested by fumomarlboro)
|
|t:|1756523784
|teamsize|p1|4
|teamsize|p2|4
|start
|switch|p1a: Weezing|Weezing-Galar, L50, F|100/100
|switch|p1b: Dragapult|Dragapult, L50, M|100/100
|switch|p2a: Dragonite|Dragonite, L50, F|100/100
|switch|p2b: Pelipper|Pelipper, L50, F|100/100
|-ability|p1a: Weezing|Neutralizing Gas
|turn|1
|
|t:|1756523809
|-terastallize|p2a: Dragonite|Fairy
|move|p1b: Dragapult|U-turn|p2b: Pelipper
|-resisted|p2b: Pelipper
|-damage|p2b: Pelipper|89/100
|
|t:|1756523816
|switch|p1b: Incineroar|Incineroar, L50, M|100/100|[from] U-turn
|move|p2a: Dragonite|Scale Shot|p1b: Incineroar
|-damage|p1b: Incineroar|89/100
|-damage|p1b: Incineroar|78/100
|-damage|p1b: Incineroar|66/100
|-damage|p1b: Incineroar|53/100
|-damage|p1b: Incineroar|42/100
|-hitcount|p1b: Incineroar|5
|-unboost|p2a: Dragonite|def|1
|-boost|p2a: Dragonite|spe|1
|move|p2b: Pelipper|Tailwind|p2b: Pelipper
|-sidestart|p2: fumomarlboro|move: Tailwind
|move|p1a: Weezing|Strange Steam|p2a: Dragonite
|-damage|p2a: Dragonite|69/100
|-start|p2a: Dragonite|confusion
|
|upkeep
|turn|2
|inactive|fgyhung has 30 seconds left.
|
|t:|1756523842
|switch|p2a: Archaludon|Archaludon, L50, F|100/100
|move|p2b: Pelipper|Muddy Water|p1a: Weezing|[spread] p1a
|-miss|p2b: Pelipper|p1b: Incineroar
|-damage|p1a: Weezing|65/100
|-unboost|p1a: Weezing|accuracy|1
|move|p1a: Weezing|Toxic|p2a: Archaludon
|-immune|p2a: Archaludon
|move|p1b: Incineroar|Knock Off|p2b: Pelipper
|-damage|p2b: Pelipper|36/100
|-enditem|p2b: Pelipper|Focus Sash|[from] move: Knock Off|[of] p1b: Incineroar
|
|upkeep
|turn|3
|
|t:|1756523864
|move|p1a: Weezing|Protect|p1a: Weezing
|-singleturn|p1a: Weezing|Protect
|move|p2b: Pelipper|Muddy Water|p1a: Weezing|[spread] p1b
|-activate|p1a: Weezing|move: Protect
|-supereffective|p1b: Incineroar
|-damage|p1b: Incineroar|3/100
|-unboost|p1b: Incineroar|accuracy|1
|move|p2a: Archaludon|Snarl|p1a: Weezing|[spread] p1b
|-activate|p1a: Weezing|move: Protect
|-resisted|p1b: Incineroar
|-damage|p1b: Incineroar|0 fnt
|faint|p1b: Incineroar
|
|upkeep
|
|t:|1756523884
|switch|p1b: Dragapult|Dragapult, L50, M|100/100
|turn|4
|inactive|fgyhung has 30 seconds left.
|
|t:|1756523917
|move|p2b: Pelipper|Muddy Water|p1a: Weezing|[spread] p1a,p1b
|-resisted|p1b: Dragapult
|-damage|p1a: Weezing|35/100
|-damage|p1b: Dragapult|78/100
|-unboost|p1a: Weezing|accuracy|1
|-unboost|p1b: Dragapult|accuracy|1
|-enditem|p1a: Weezing|Sitrus Berry|[eat]
|-heal|p1a: Weezing|60/100|[from] item: Sitrus Berry
|move|p2a: Archaludon|Flash Cannon|p1a: Weezing
|-supereffective|p1a: Weezing
|-damage|p1a: Weezing|0 fnt
|faint|p1a: Weezing
|-end|p1a: Weezing|ability: Neutralizing Gas
|-weather|RainDance|[from] ability: Drizzle|[of] p2b: Pelipper
|move|p1b: Dragapult|Shadow Ball|p2b: Pelipper
|-damage|p2b: Pelipper|0 fnt
|faint|p2b: Pelipper
|
|-weather|RainDance|[upkeep]
|-sideend|p2: fumomarlboro|move: Tailwind
|upkeep
|
|t:|1756523934
|switch|p2b: Dragonite|Dragonite, L50, F, tera:Fairy|69/100
|switch|p1a: Annihilape|Annihilape, L50, M|100/100
|turn|5
|
|t:|1756523942
|-terastallize|p1a: Annihilape|Water
|move|p1b: Dragapult|Shadow Ball|p2a: Archaludon
|-damage|p2a: Archaludon|64/100
|-ability|p2a: Archaludon|Stamina|boost
|-boost|p2a: Archaludon|def|1
|move|p2b: Dragonite|Tailwind|p2b: Dragonite
|-sidestart|p2: fumomarlboro|move: Tailwind
|move|p2a: Archaludon|Electro Shot||[still]
|-prepare|p2a: Archaludon|Electro Shot
|-boost|p2a: Archaludon|spa|1
|-anim|p2a: Archaludon|Electro Shot|p1b: Dragapult
|-resisted|p1b: Dragapult
|-damage|p1b: Dragapult|40/100
|move|p1a: Annihilape|Bulk Up|p1a: Annihilape
|-boost|p1a: Annihilape|atk|1
|-boost|p1a: Annihilape|def|1
|
|-weather|RainDance|[upkeep]
|upkeep
|turn|6
|
|t:|1756523961
|move|p2b: Dragonite|Scale Shot|p1b: Dragapult
|-supereffective|p1b: Dragapult
|-damage|p1b: Dragapult|0 fnt
|faint|p1b: Dragapult
|-hitcount|p1: Dragapult|1
|-unboost|p2b: Dragonite|def|1
|-boost|p2b: Dragonite|spe|1
|move|p2a: Archaludon|Electro Shot||[still]
|-prepare|p2a: Archaludon|Electro Shot
|-boost|p2a: Archaludon|spa|1
|-anim|p2a: Archaludon|Electro Shot|p1a: Annihilape
|-supereffective|p1a: Annihilape
|-damage|p1a: Annihilape|0 fnt
|faint|p1a: Annihilape
|
|win|fumomarlboro
||fumomarlboro is ready for game 3.
||fgyhung is ready for game 3.
|uhtml|next|Next: Game 3 of 3
|l|☆fgyhung
|player|p1|
