|j|☆ChuggleAschenazita
|j|‽PatmonVGC
|html|ChuggleAschenazitaPatmonVGC    
|uhtml|bestof|Game 2 of a best-of-3
|t:|1755775327
|gametype|doubles
|player|p1|ChuggleAschenazita|265|1273
|player|p2|PatmonVGC|grusha|1240
|gen|9
|tier|[Gen 9] VGC 2025 Reg H (Bo3)
|rated|
|rule|Species Clause: Limit one of each Pokémon
|rule|Item Clause: Limit 1 of each item
|clearpoke
|poke|p1|Incineroar, L50, M|
|poke|p1|Amoonguss, L50, M|
|poke|p1|Gholdengo, L50|
|poke|p1|Hydreigon, L50, M|
|poke|p1|Ursaluna, L50, F|
|poke|p1|Porygon2, L50|
|poke|p2|Dragonite, L50, M|
|poke|p2|Incineroar, L50, F|
|poke|p2|Rillaboom, L50, F|
|poke|p2|Kingambit, L50, M|
|poke|p2|Volcarona, L50, M|
|poke|p2|Sneasler, L50, F|
|teampreview|4
|showteam|p1|Incineroar||SafetyGoggles|Intimidate|FlareBlitz,KnockOff,PartingShot,FakeOut|||M|||50|,,,,,Grass]Amoonguss||RockyHelmet|Regenerator|PollenPuff,ClearSmog,Spore,RagePowder|||M|||50|,,,,,Psychic]Gholdengo||LifeOrb|GoodasGold|MakeItRain,ShadowBall,NastyPlot,Protect||||||50|,,,,,Water]Hydreigon||CovertCloak|Levitate|DracoMeteor,Snarl,Tailwind,Taunt|||M|||50|,,,,,Ghost]Ursaluna||FlameOrb|Guts|Facade,HeadlongRush,Earthquake,Protect|||F|||50|,,,,,Ghost]Porygon2||Eviolite|Download|TeraBlast,IceBeam,Recover,TrickRoom||||||50|,,,,,Fighting
|showteam|p2|Dragonite||LoadedDice|InnerFocus|ScaleShot,TeraBlast,Haze,Protect|||M|||50|,,,,,Fairy]Incineroar||SafetyGoggles|Intimidate|FakeOut,PartingShot,KnockOff,FlareBlitz|||F|||50|,,,,,Ghost]Rillaboom||AssaultVest|GrassySurge|FakeOut,Uturn,GrassyGlide,WoodHammer|||F|||50|,,,,,Fire]Kingambit||BlackGlasses|Defiant|KowtowCleave,SuckerPunch,SwordsDance,Protect|||M|||50|,,,,,Ghost]Volcarona||GrassySeed|FlameBody|QuiverDance,HeatWave,GigaDrain,Protect|||M|||50|,,,,,Grass]Sneasler||FocusSash|PoisonTouch|DireClaw,CloseCombat,Coaching,Protect|||F|||50|,,,,,Stellar
|inactive|Battle timer is ON: inactive players will automatically lose when time's up. (requested by PatmonVGC)
|
|t:|1755775348
|teamsize|p1|4
|teamsize|p2|4
|start
|switch|p1a: La Legge Dove Vivo|Amoonguss, L50, M|100/100
|switch|p1b: Netturbino|Porygon2, L50|100/100
|switch|p2a: Sneasler|Sneasler, L50, F|100/100
|switch|p2b: Volcarona|Volcarona, L50, M, shiny|100/100
|-ability|p1b: Netturbino|Download|boost
|-boost|p1b: Netturbino|atk|1
|turn|1
|
|t:|1755775371
|-terastallize|p1b: Netturbino|Fighting
|move|p2a: Sneasler|Dire Claw|p1b: Netturbino
|-damage|p1b: Netturbino|75/100
|-status|p1b: Netturbino|psn|[from] ability: Poison Touch|[of] p2a: Sneasler
|move|p2b: Volcarona|Heat Wave|p1a: La Legge Dove Vivo|[spread] 
|-miss|p2b: Volcarona|p1a: La Legge Dove Vivo
|-miss|p2b: Volcarona|p1b: Netturbino
|move|p1a: La Legge Dove Vivo|Spore|p2a: Sneasler
|-status|p2a: Sneasler|slp|[from] move: Spore
|move|p1b: Netturbino|Trick Room|p1b: Netturbino
|-fieldstart|move: Trick Room|[of] p1b: Netturbino
|
|-damage|p1b: Netturbino|62/100 psn|[from] psn
|upkeep
|turn|2
|
|t:|1755775393
|switch|p1a: Cane Mangia Cane|Incineroar, L50, M|100/100
|-ability|p1a: Cane Mangia Cane|Intimidate|boost
|-unboost|p2a: Sneasler|atk|1
|-unboost|p2b: Volcarona|atk|1
|switch|p2a: Rillaboom|Rillaboom, L50, F, shiny|100/100
|-fieldstart|move: Grassy Terrain|[from] ability: Grassy Surge|[of] p2a: Rillaboom
|-enditem|p2b: Volcarona|Grassy Seed
|-boost|p2b: Volcarona|def|1|[from] item: Grassy Seed
|move|p2b: Volcarona|Protect|p2b: Volcarona
|-singleturn|p2b: Volcarona|Protect
|move|p1b: Netturbino|Tera Blast|p2a: Rillaboom|[anim] Tera Blast Fighting
|-damage|p2a: Rillaboom|74/100
|
|-heal|p1b: Netturbino|69/100 psn|[from] Grassy Terrain
|-heal|p2a: Rillaboom|80/100|[from] Grassy Terrain
|-damage|p1b: Netturbino|56/100 psn|[from] psn
|upkeep
|turn|3
|
|t:|1755775410
|move|p2a: Rillaboom|Fake Out|p1a: Cane Mangia Cane
|-damage|p1a: Cane Mangia Cane|87/100
|move|p1b: Netturbino|Ice Beam|p2a: Rillaboom
|-supereffective|p2a: Rillaboom
|-damage|p2a: Rillaboom|40/100
|cant|p1a: Cane Mangia Cane|flinch
|move|p2b: Volcarona|Quiver Dance|p2b: Volcarona
|-boost|p2b: Volcarona|spa|1
|-boost|p2b: Volcarona|spd|1
|-boost|p2b: Volcarona|spe|1
|
|-heal|p1b: Netturbino|62/100 psn|[from] Grassy Terrain
|-heal|p1a: Cane Mangia Cane|93/100|[from] Grassy Terrain
|-heal|p2a: Rillaboom|45/100|[from] Grassy Terrain
|-damage|p1b: Netturbino|50/100 psn|[from] psn
|upkeep
|turn|4
|
|t:|1755775425
|move|p2b: Volcarona|Protect|p2b: Volcarona
|-singleturn|p2b: Volcarona|Protect
|move|p1b: Netturbino|Ice Beam|p2a: Rillaboom
|-supereffective|p2a: Rillaboom
|-damage|p2a: Rillaboom|2/100
|move|p1a: Cane Mangia Cane|Flare Blitz|p2b: Volcarona
|-activate|p2b: Volcarona|move: Protect
|move|p2a: Rillaboom|U-turn|p1a: Cane Mangia Cane
|-damage|p1a: Cane Mangia Cane|70/100
|
|t:|1755775436
|switch|p2a: Sneasler|Sneasler, L50, F|100/100 slp|[from] U-turn
|
|-heal|p1b: Netturbino|56/100 psn|[from] Grassy Terrain
|-heal|p1a: Cane Mangia Cane|76/100|[from] Grassy Terrain
|-damage|p1b: Netturbino|44/100 psn|[from] psn
|upkeep
|turn|5
|
|t:|1755775453
|move|p1b: Netturbino|Recover|p1b: Netturbino
|-heal|p1b: Netturbino|94/100 psn
|move|p1a: Cane Mangia Cane|Flare Blitz|p2b: Volcarona
|-damage|p2b: Volcarona|60/100
|-damage|p1a: Cane Mangia Cane|64/100|[from] Recoil
|cant|p2a: Sneasler|slp
|move|p2b: Volcarona|Heat Wave|p1a: Cane Mangia Cane|[spread] p1a,p1b
|-resisted|p1a: Cane Mangia Cane
|-damage|p1a: Cane Mangia Cane|43/100
|-damage|p1b: Netturbino|65/100 psn
|
|-heal|p1b: Netturbino|71/100 psn|[from] Grassy Terrain
|-heal|p1a: Cane Mangia Cane|49/100|[from] Grassy Terrain
|-heal|p2b: Volcarona|66/100|[from] Grassy Terrain
|-damage|p1b: Netturbino|59/100 psn|[from] psn
|-fieldend|move: Trick Room
|upkeep
|turn|6
|
|t:|1755775467
|move|p2b: Volcarona|Heat Wave|p1b: Netturbino|[spread] p1a,p1b
|-resisted|p1a: Cane Mangia Cane
|-damage|p1a: Cane Mangia Cane|27/100
|-damage|p1b: Netturbino|29/100 psn
|cant|p2a: Sneasler|slp
|move|p1a: Cane Mangia Cane|Flare Blitz|p2b: Volcarona
|-damage|p2b: Volcarona|27/100
|-damage|p1a: Cane Mangia Cane|15/100|[from] Recoil
|move|p1b: Netturbino|Trick Room|p1b: Netturbino
|-fieldstart|move: Trick Room|[of] p1b: Netturbino
|
|-heal|p1b: Netturbino|35/100 psn|[from] Grassy Terrain
|-heal|p1a: Cane Mangia Cane|21/100|[from] Grassy Terrain
|-heal|p2b: Volcarona|33/100|[from] Grassy Terrain
|-damage|p1b: Netturbino|22/100 psn|[from] psn
|-fieldend|move: Grassy Terrain
|upkeep
|turn|7
|
|t:|1755775492
|move|p2b: Volcarona|Protect|p2b: Volcarona
|-singleturn|p2b: Volcarona|Protect
|move|p1b: Netturbino|Ice Beam|p2a: Sneasler
|-damage|p2a: Sneasler|64/100 slp
|move|p1a: Cane Mangia Cane|Flare Blitz|p2b: Volcarona
|-activate|p2b: Volcarona|move: Protect
|cant|p2a: Sneasler|slp
|
|-damage|p1b: Netturbino|10/100 psn|[from] psn
|upkeep
|turn|8
|
|t:|1755775511
|switch|p2b: Rillaboom|Rillaboom, L50, F, shiny|2/100
|-fieldstart|move: Grassy Terrain|[from] ability: Grassy Surge|[of] p2b: Rillaboom
|move|p1b: Netturbino|Recover|p1b: Netturbino
|-heal|p1b: Netturbino|60/100 psn
|move|p1a: Cane Mangia Cane|Flare Blitz|p2b: Rillaboom
|-supereffective|p2b: Rillaboom
|-damage|p2b: Rillaboom|0 fnt
|faint|p2b: Rillaboom
|-damage|p1a: Cane Mangia Cane|20/100|[from] Recoil
|-curestatus|p2a: Sneasler|slp|[msg]
|move|p2a: Sneasler|Close Combat|p1a: Cane Mangia Cane
|-supereffective|p1a: Cane Mangia Cane
|-damage|p1a: Cane Mangia Cane|0 fnt
|-unboost|p2a: Sneasler|def|1
|-unboost|p2a: Sneasler|spd|1
|faint|p1a: Cane Mangia Cane
|
|-heal|p1b: Netturbino|66/100 psn|[from] Grassy Terrain
|-heal|p2a: Sneasler|70/100|[from] Grassy Terrain
|-damage|p1b: Netturbino|54/100 psn|[from] psn
|upkeep
|
|t:|1755775523
|switch|p1a: La Legge Dove Vivo|Amoonguss, L50, M|100/100
|switch|p2b: Kingambit|Kingambit, L50, M|100/100
|turn|9
|
|t:|1755775538
|switch|p2b: Volcarona|Volcarona, L50, M, shiny|33/100
|move|p2a: Sneasler|Protect|p2a: Sneasler
|-singleturn|p2a: Sneasler|Protect
|move|p1a: La Legge Dove Vivo|Spore|p2a: Sneasler
|-activate|p2a: Sneasler|move: Protect
|move|p1b: Netturbino|Tera Blast|p2b: Volcarona|[anim] Tera Blast Fighting
|-resisted|p2b: Volcarona
|-damage|p2b: Volcarona|17/100
|
|-heal|p1b: Netturbino|60/100 psn|[from] Grassy Terrain
|-heal|p2b: Volcarona|23/100|[from] Grassy Terrain
|-heal|p2a: Sneasler|76/100|[from] Grassy Terrain
|-damage|p1b: Netturbino|47/100 psn|[from] psn
|upkeep
|turn|10
|
|t:|1755775560
|move|p1a: La Legge Dove Vivo|Spore|p2a: Sneasler
|-status|p2a: Sneasler|slp|[from] move: Spore
|move|p1b: Netturbino|Recover|p1b: Netturbino
|-heal|p1b: Netturbino|97/100 psn
|move|p2b: Volcarona|Quiver Dance|p2b: Volcarona
|-boost|p2b: Volcarona|spa|1
|-boost|p2b: Volcarona|spd|1
|-boost|p2b: Volcarona|spe|1
|cant|p2a: Sneasler|slp
|
|-heal|p1b: Netturbino|100/100 psn|[from] Grassy Terrain
|-heal|p2a: Sneasler|82/100 slp|[from] Grassy Terrain
|-heal|p2b: Volcarona|29/100|[from] Grassy Terrain
|-damage|p1b: Netturbino|88/100 psn|[from] psn
|-fieldend|move: Trick Room
|upkeep
|turn|11
|
|t:|1755775572
|switch|p2a: Kingambit|Kingambit, L50, M|100/100
|switch|p1a: Di Notte|Ursaluna, L50, F|100/100
|-terastallize|p2b: Volcarona|Grass
|move|p2b: Volcarona|Heat Wave|p1a: Di Notte|[spread] p1a
|-miss|p2b: Volcarona|p1b: Netturbino
|-damage|p1a: Di Notte|52/100
|move|p1b: Netturbino|Trick Room|p1b: Netturbino
|-fieldstart|move: Trick Room|[of] p1b: Netturbino
|
|-heal|p1b: Netturbino|94/100 psn|[from] Grassy Terrain
|-heal|p1a: Di Notte|58/100|[from] Grassy Terrain
|-heal|p2b: Volcarona|35/100|[from] Grassy Terrain
|-damage|p1b: Netturbino|82/100 psn|[from] psn
|-status|p1a: Di Notte|brn|[from] item: Flame Orb
|upkeep
|turn|12
|
|t:|1755775588
|move|p2a: Kingambit|Sucker Punch|p1a: Di Notte
|-damage|p1a: Di Notte|22/100 brn
|move|p1b: Netturbino|Tera Blast|p2a: Kingambit|[anim] Tera Blast Fighting
|-supereffective|p2a: Kingambit
|-damage|p2a: Kingambit|0 fnt
|faint|p2a: Kingambit
|move|p1a: Di Notte|Facade|p2b: Volcarona
|-damage|p2b: Volcarona|0 fnt
|faint|p2b: Volcarona
|
|-heal|p1b: Netturbino|88/100 psn|[from] Grassy Terrain
|-heal|p1a: Di Notte|28/100 brn|[from] Grassy Terrain
|-damage|p1b: Netturbino|75/100 psn|[from] psn
|-damage|p1a: Di Notte|22/100 brn|[from] brn
|-fieldend|move: Grassy Terrain
|upkeep
|l|‽PatmonVGC
|inactive|PatmonVGC disconnected and has a minute to reconnect!
|player|p2|
|inactive|PatmonVGC has 30 seconds left.
|inactive|PatmonVGC has 20 seconds left.
|inactive|PatmonVGC has 15 seconds left.
|inactive|PatmonVGC has 10 seconds left.
|inactive|PatmonVGC has 5 seconds left.
|-message|PatmonVGC lost due to inactivity.
|
|win|ChuggleAschenazita
|raw|ChuggleAschenazita's rating: 1273 → 1296(+23 for winning)
|raw|PatmonVGC's rating: 1240 → 1217(-23 for losing)
