|j|☆mariocansado
|j|☆erik311
|html|mariocansadoerik311    
|uhtml|bestof|Game 1 of a best-of-3
|t:|1756578053
|gametype|doubles
|player|p1|mariocansado|arven-s|1156
|player|p2|erik311|calem-masters|1184
|gen|9
|tier|[Gen 9] VGC 2025 Reg H (Bo3)
|rated|
|rule|Species Clause: Limit one of each Pokémon
|rule|Item Clause: Limit 1 of each item
|clearpoke
|poke|p1|Incineroar, L50, M|
|poke|p1|Rillaboom, L50, F|
|poke|p1|Primarina, L50, F|
|poke|p1|Dragapult, L50, F|
|poke|p1|Electabuzz, L50, M|
|poke|p1|Volcarona, L50, F|
|poke|p2|Volcarona, L50, F|
|poke|p2|Kingambit, L50, M|
|poke|p2|Dragonite, L50, M|
|poke|p2|Sneasler, L50, M|
|poke|p2|Rillaboom, L50, F|
|poke|p2|Electabuzz, L50, M|
|teampreview|4
|showteam|p1|Incineroar||SafetyGoggles|Intimidate|FakeOut,FlareBlitz,KnockOff,PartingShot|||M|||50|,,,,,Ghost]Rillaboom||AssaultVest|GrassySurge|FakeOut,WoodHammer,Uturn,HighHorsepower|||F|||50|,,,,,Fire]Primarina||SitrusBerry|LiquidVoice|HyperVoice,Moonblast,Haze,Protect|||F|||50|,,,,,Poison]Dragapult||ChoiceBand|ClearBody|DragonDarts,DragonClaw,PhantomForce,Uturn|||F|||50|,,,,,Dragon]Electabuzz||Eviolite|VitalSpirit|Electroweb,Taunt,FollowMe,Protect|||M|||50|,,,,,Ghost]Volcarona||Leftovers|FlameBody|HeatWave,QuiverDance,Protect,GigaDrain|||F|||50|,,,,,Grass
|showteam|p2|Volcarona||Leftovers|FlameBody|HeatWave,TeraBlast,QuiverDance,Protect|||F|||50|,,,,,Fairy]Kingambit||BlackGlasses|Defiant|KowtowCleave,SuckerPunch,SwordsDance,Protect|||M|||50|,,,,,Ghost]Dragonite||LoadedDice|Multiscale|ScaleShot,ExtremeSpeed,Haze,Protect|||M|||50|,,,,,Normal]Sneasler||FocusSash|PoisonTouch|CloseCombat,DireClaw,FakeOut,Coaching|||M|||50|,,,,,Stellar]Rillaboom||AssaultVest|GrassySurge|WoodHammer,GrassyGlide,HighHorsepower,FakeOut|||F|||50|,,,,,Fire]Electabuzz||Eviolite|VitalSpirit|Thunderbolt,Taunt,FollowMe,Protect|||M|||50|,,,,,Ghost
|
|t:|1756578086
|teamsize|p1|4
|teamsize|p2|4
|start
|switch|p1a: Dragapult|Dragapult, L50, F|100/100
|switch|p1b: Big Jerry|Rillaboom, L50, F|100/100
|switch|p2a: Volcarona|Volcarona, L50, F|100/100
|switch|p2b: Electabuzz|Electabuzz, L50, M|100/100
|-fieldstart|move: Grassy Terrain|[from] ability: Grassy Surge|[of] p1b: Big Jerry
|turn|1
|
|t:|1756578118
|-terastallize|p1a: Dragapult|Dragon
|move|p2a: Volcarona|Protect|p2a: Volcarona
|-singleturn|p2a: Volcarona|Protect
|move|p2b: Electabuzz|Protect|p2b: Electabuzz
|-singleturn|p2b: Electabuzz|Protect
|move|p1a: Dragapult|Dragon Darts|p2b: Electabuzz
|-activate|p2a: Volcarona|move: Protect
|move|p1b: Big Jerry|Wood Hammer|p2b: Electabuzz
|-activate|p2b: Electabuzz|move: Protect
|
|upkeep
|turn|2
|
|t:|1756578158
|move|p2b: Electabuzz|Follow Me|p2b: Electabuzz
|-singleturn|p2b: Electabuzz|move: Follow Me
|move|p1a: Dragapult|Dragon Darts|p2b: Electabuzz
|-damage|p2b: Electabuzz|62/100
|-anim|p1a: Dragapult|Dragon Darts|p2b: Electabuzz
|-damage|p2b: Electabuzz|20/100
|move|p2a: Volcarona|Quiver Dance|p2a: Volcarona
|-boost|p2a: Volcarona|spa|1
|-boost|p2a: Volcarona|spd|1
|-boost|p2a: Volcarona|spe|1
|move|p1b: Big Jerry|Wood Hammer|p2b: Electabuzz
|-damage|p2b: Electabuzz|0 fnt
|faint|p2b: Electabuzz
|-damage|p1b: Big Jerry|95/100|[from] Recoil
|
|-heal|p1b: Big Jerry|100/100|[from] Grassy Terrain
|upkeep
|
|t:|1756578168
|switch|p2b: Sneasler|Sneasler, L50, M|100/100
|turn|3
|
|t:|1756578178
|switch|p1a: Incineroar|Incineroar, L50, M|100/100
|-ability|p1a: Incineroar|Intimidate|boost
|-unboost|p2a: Volcarona|atk|1
|-unboost|p2b: Sneasler|atk|1
|switch|p1b: Primarina|Primarina, L50, F|100/100
|-terastallize|p2a: Volcarona|Fairy
|move|p2b: Sneasler|Fake Out|p1b: Primarina
|-damage|p1b: Primarina|88/100
|-status|p1b: Primarina|psn|[from] ability: Poison Touch|[of] p2b: Sneasler
|move|p2a: Volcarona|Tera Blast|p1a: Incineroar|[anim] Tera Blast Fairy
|-crit|p1a: Incineroar
|-damage|p1a: Incineroar|22/100
|
|-heal|p1b: Primarina|94/100 psn|[from] Grassy Terrain
|-heal|p1a: Incineroar|28/100|[from] Grassy Terrain
|-damage|p1b: Primarina|82/100 psn|[from] psn
|upkeep
|turn|4
|
|t:|1756578197
|move|p2a: Volcarona|Protect|p2a: Volcarona
|-singleturn|p2a: Volcarona|Protect
|move|p1a: Incineroar|Fake Out|p2b: Sneasler
|-damage|p2b: Sneasler|79/100
|cant|p2b: Sneasler|flinch
|move|p1b: Primarina|Haze|p1b: Primarina
|-clearallboost
|
|-heal|p2b: Sneasler|85/100|[from] Grassy Terrain
|-heal|p1b: Primarina|87/100 psn|[from] Grassy Terrain
|-heal|p1a: Incineroar|34/100|[from] Grassy Terrain
|-damage|p1b: Primarina|75/100 psn|[from] psn
|upkeep
|turn|5
|
|t:|1756578215
|move|p1b: Primarina|Protect|p1b: Primarina
|-singleturn|p1b: Primarina|Protect
|move|p2b: Sneasler|Dire Claw|p1b: Primarina
|-activate|p1b: Primarina|move: Protect
|move|p2a: Volcarona|Tera Blast|p1a: Incineroar|[anim] Tera Blast Fairy
|-damage|p1a: Incineroar|0 fnt
|faint|p1a: Incineroar
|
|-heal|p2b: Sneasler|91/100|[from] Grassy Terrain
|-heal|p1b: Primarina|81/100 psn|[from] Grassy Terrain
|-damage|p1b: Primarina|69/100 psn|[from] psn
|-fieldend|move: Grassy Terrain
|upkeep
|
|t:|1756578224
|switch|p1a: Dragapult|Dragapult, L50, F, tera:Dragon|100/100
|turn|6
|
|t:|1756578256
|switch|p2b: Kingambit|Kingambit, L50, M|100/100
|move|p1a: Dragapult|Phantom Force||[still]
|-prepare|p1a: Dragapult|Phantom Force
|move|p2a: Volcarona|Tera Blast|p1a: Dragapult|[anim] Tera Blast Fairy|[miss]
|-miss|p2a: Volcarona|p1a: Dragapult
|move|p1b: Primarina|Moonblast|p2b: Kingambit
|-damage|p2b: Kingambit|48/100
|
|-damage|p1b: Primarina|57/100 psn|[from] psn
|upkeep
|turn|7
|
|t:|1756578291
|move|p1a: Dragapult|Phantom Force|p2a: Volcarona|[from] lockedmove
|-damage|p2a: Volcarona|22/100
|move|p2a: Volcarona|Tera Blast|p1a: Dragapult|[anim] Tera Blast Fairy
|-supereffective|p1a: Dragapult
|-damage|p1a: Dragapult|0 fnt
|faint|p1a: Dragapult
|move|p1b: Primarina|Hyper Voice|p2b: Kingambit|[spread] p2a,p2b
|-damage|p2a: Volcarona|0 fnt
|-damage|p2b: Kingambit|13/100
|faint|p2a: Volcarona
|move|p2b: Kingambit|Kowtow Cleave|p1b: Primarina
|-resisted|p1b: Primarina
|-damage|p1b: Primarina|23/100 psn
|-enditem|p1b: Primarina|Sitrus Berry|[eat]
|-heal|p1b: Primarina|48/100 psn|[from] item: Sitrus Berry
|
|-damage|p1b: Primarina|36/100 psn|[from] psn
|upkeep
|
|t:|1756578301
|switch|p1a: Big Jerry|Rillaboom, L50, F|100/100
|switch|p2a: Sneasler|Sneasler, L50, M|91/100
|-fieldstart|move: Grassy Terrain|[from] ability: Grassy Surge|[of] p1a: Big Jerry
|turn|8
|inactive|Battle timer is ON: inactive players will automatically lose when time's up. (requested by mariocansado)
|
|t:|1756578366
|move|p2a: Sneasler|Fake Out|p1b: Primarina
|-damage|p1b: Primarina|19/100 psn
|move|p1a: Big Jerry|High Horsepower|p2a: Sneasler
|-supereffective|p2a: Sneasler
|-damage|p2a: Sneasler|0 fnt
|faint|p2a: Sneasler
|cant|p1b: Primarina|flinch
|move|p2b: Kingambit|Kowtow Cleave|p1a: Big Jerry
|-damage|p1a: Big Jerry|41/100
|
|-heal|p1a: Big Jerry|47/100|[from] Grassy Terrain
|-heal|p1b: Primarina|24/100 psn|[from] Grassy Terrain
|-heal|p2b: Kingambit|19/100|[from] Grassy Terrain
|-damage|p1b: Primarina|12/100 psn|[from] psn
|upkeep
|turn|9
|
|t:|1756578381
|move|p2b: Kingambit|Protect|p2b: Kingambit
|-singleturn|p2b: Kingambit|Protect
|move|p1a: Big Jerry|Wood Hammer|p2b: Kingambit
|-activate|p2b: Kingambit|move: Protect
|move|p1b: Primarina|Moonblast|p2b: Kingambit
|-activate|p2b: Kingambit|move: Protect
|
|-heal|p1a: Big Jerry|53/100|[from] Grassy Terrain
|-heal|p1b: Primarina|18/100 psn|[from] Grassy Terrain
|-heal|p2b: Kingambit|25/100|[from] Grassy Terrain
|-damage|p1b: Primarina|6/100 psn|[from] psn
|upkeep
|turn|10
|
|t:|1756578392
|move|p2b: Kingambit|Protect||[still]
|-fail|p2b: Kingambit
|move|p1a: Big Jerry|Wood Hammer|p2b: Kingambit
|-resisted|p2b: Kingambit
|-damage|p2b: Kingambit|0 fnt
|faint|p2b: Kingambit
|-damage|p1a: Big Jerry|45/100|[from] Recoil
|
|win|mariocansado
||erik311 is ready for game 2.
||mariocansado is ready for game 2.
|uhtml|next|Next: Game 2 of 3
|l|☆erik311
|player|p2|
