|j|☆GrassyKyogre
|j|☆megacsc
|html|GrassyKyogremegacsc    
|uhtml|bestof|Game 3 of a best-of-3
|t:|1756733967
|gametype|doubles
|player|p1|GrassyKyogre|ninjaboy|1110
|player|p2|megacsc|silver|1114
|gen|9
|tier|[Gen 9] VGC 2025 Reg H (Bo3)
|rated|
|rule|Species Clause: Limit one of each Pokémon
|rule|Item Clause: Limit 1 of each item
|clearpoke
|poke|p1|Basculegion, L50, M|
|poke|p1|Pelipper, L50, F|
|poke|p1|Archaludon, L50, F|
|poke|p1|Rillaboom, L50, F|
|poke|p1|Electabuzz, L50, M|
|poke|p1|Kingambit, L50, M|
|poke|p2|Whimsicott, L50, M|
|poke|p2|Garchomp, L50, M|
|poke|p2|Gholdengo, L50|
|poke|p2|Incineroar, L50, M|
|poke|p2|Sneasler, L50, M|
|poke|p2|Dragonite, L50, M|
|teampreview|4
|showteam|p1|Basculegion||ChoiceBand|SwiftSwim|WaveCrash,FlipTurn,AquaJet,LastRespects|||M|||50|,,,,,Water]Pelipper||FocusSash|Drizzle|WeatherBall,Hurricane,Tailwind,Protect|||F|||50|,,,,,Ghost]Archaludon||AssaultVest|Stamina|ElectroShot,DracoMeteor,FlashCannon,BodyPress|||F|||50|,,,,,Bug]Rillaboom||LoadedDice|GrassySurge|FakeOut,GrassyGlide,BulletSeed,Uturn|||F|||50|,,,,,Fire]Electabuzz||Eviolite|VitalSpirit|Electroweb,Taunt,FollowMe,Protect|||M|||50|,,,,,Dragon]Kingambit||SafetyGoggles|Defiant|KowtowCleave,SuckerPunch,SwordsDance,Protect|||M|||50|,,,,,Ghost
|showteam|p2|Whimsicott||CovertCloak|Prankster|Moonblast,Tailwind,Encore,Protect|||M|||50|,,,,,Ghost]Garchomp||LifeOrb|RoughSkin|Earthquake,DragonClaw,StompingTantrum,Protect|||M|||50|,,,,,Ground]Gholdengo||ChoiceSpecs|GoodasGold|MakeItRain,ShadowBall,Trick,Thunderbolt||||||50|,,,,,Steel]Incineroar||AssaultVest|Intimidate|FakeOut,FlareBlitz,KnockOff,Uturn|||M|||50|,,,,,Grass]Sneasler||FocusSash|Unburden|FakeOut,DireClaw,CloseCombat,Protect|||M|||50|,,,,,Flying]Dragonite||ChoiceBand|InnerFocus|ExtremeSpeed,Outrage,IceSpinner,StompingTantrum|||M|||50|,,,,,Normal
|inactive|Battle timer is ON: inactive players will automatically lose when time's up. (requested by GrassyKyogre)
|inactive|GrassyKyogre has 60 seconds left.
|inactive|megacsc has 60 seconds left.
|inactive|megacsc has 30 seconds left.
|inactive|megacsc has 20 seconds left.
|
|t:|1756734041
|teamsize|p1|4
|teamsize|p2|4
|start
|switch|p1a: Rillaboom|Rillaboom, L50, F|100/100
|switch|p1b: Archaludon|Archaludon, L50, F|100/100
|switch|p2a: Garchomp|Garchomp, L50, M|100/100
|switch|p2b: Whimsicott|Whimsicott, L50, M|100/100
|-fieldstart|move: Grassy Terrain|[from] ability: Grassy Surge|[of] p1a: Rillaboom
|turn|1
|inactive|GrassyKyogre has 30 seconds left.
|inactive|megacsc has 30 seconds left.
|inactive|GrassyKyogre has 20 seconds left.
|inactive|GrassyKyogre has 15 seconds left.
|inactive|GrassyKyogre has 10 seconds left.
|
|t:|1756734090
|switch|p2a: Gholdengo|Gholdengo, L50|100/100
|-terastallize|p2b: Whimsicott|Ghost
|-terastallize|p1b: Archaludon|Bug
|move|p2b: Whimsicott|Tailwind|p2b: Whimsicott
|-sidestart|p2: megacsc|move: Tailwind
|move|p1a: Rillaboom|Bullet Seed|p1b: Archaludon
|-resisted|p1b: Archaludon
|-damage|p1b: Archaludon|94/100
|-ability|p1b: Archaludon|Stamina|boost
|-boost|p1b: Archaludon|def|1
|-resisted|p1b: Archaludon
|-damage|p1b: Archaludon|89/100
|-ability|p1b: Archaludon|Stamina|boost
|-boost|p1b: Archaludon|def|1
|-resisted|p1b: Archaludon
|-damage|p1b: Archaludon|85/100
|-ability|p1b: Archaludon|Stamina|boost
|-boost|p1b: Archaludon|def|1
|-resisted|p1b: Archaludon
|-damage|p1b: Archaludon|82/100
|-ability|p1b: Archaludon|Stamina|boost
|-boost|p1b: Archaludon|def|1
|-resisted|p1b: Archaludon
|-damage|p1b: Archaludon|81/100
|-ability|p1b: Archaludon|Stamina|boost
|-boost|p1b: Archaludon|def|1
|-hitcount|p1b: Archaludon|5
|move|p1b: Archaludon|Flash Cannon|p2b: Whimsicott
|-damage|p2b: Whimsicott|32/100
|
|-heal|p2b: Whimsicott|38/100|[from] Grassy Terrain
|-heal|p1b: Archaludon|87/100|[from] Grassy Terrain
|upkeep
|turn|2
|
|t:|1756734111
|switch|p1a: Pelipper|Pelipper, L50, F|100/100
|-weather|RainDance|[from] ability: Drizzle|[of] p1a: Pelipper
|move|p2b: Whimsicott|Moonblast|p1b: Archaludon
|-damage|p1b: Archaludon|56/100
|-ability|p1b: Archaludon|Stamina|boost
|-boost|p1b: Archaludon|def|1
|move|p2a: Gholdengo|Make It Rain|p1b: Archaludon|[spread] p1a,p1b
|-resisted|p1a: Pelipper
|-damage|p1a: Pelipper|37/100
|-damage|p1b: Archaludon|0 fnt
|-unboost|p2a: Gholdengo|spa|1
|faint|p1b: Archaludon
|
|-weather|RainDance|[upkeep]
|-heal|p2b: Whimsicott|44/100|[from] Grassy Terrain
|upkeep
|
|t:|1756734125
|switch|p1b: Basculegion|Basculegion, L50, M|100/100
|turn|3
|
|t:|1756734138
|switch|p2a: Dragonite|Dragonite, L50, M|100/100
|move|p2b: Whimsicott|Moonblast|p1a: Pelipper
|-damage|p1a: Pelipper|0 fnt
|faint|p1a: Pelipper
|move|p1b: Basculegion|Wave Crash|p2a: Dragonite
|-resisted|p2a: Dragonite
|-damage|p2a: Dragonite|30/100
|-damage|p1b: Basculegion|79/100|[from] Recoil
|
|-weather|RainDance|[upkeep]
|-heal|p2b: Whimsicott|50/100|[from] Grassy Terrain
|-heal|p1b: Basculegion|85/100|[from] Grassy Terrain
|upkeep
|
|t:|1756734143
|switch|p1a: Rillaboom|Rillaboom, L50, F|100/100
|turn|4
|inactive|GrassyKyogre has 30 seconds left.
|
|t:|1756734171
|move|p2b: Whimsicott|Protect|p2b: Whimsicott
|-singleturn|p2b: Whimsicott|Protect
|move|p1a: Rillaboom|Fake Out|p2a: Dragonite
|-damage|p2a: Dragonite|17/100
|move|p1b: Basculegion|Wave Crash|p2b: Whimsicott
|-activate|p2b: Whimsicott|move: Protect
|move|p2a: Dragonite|Outrage|p1b: Basculegion
|-damage|p1b: Basculegion|0 fnt
|faint|p1b: Basculegion
|
|-weather|RainDance|[upkeep]
|-heal|p2b: Whimsicott|56/100|[from] Grassy Terrain
|-sideend|p2: megacsc|move: Tailwind
|upkeep
|turn|5
|-message|GrassyKyogre forfeited.
|raw|GrassyKyogre's rating: 1110 → 1085(-25 for losing)
|raw|megacsc's rating: 1114 → 1139(+25 for winning)
|
|win|megacsc
|l|☆GrassyKyogre
|player|p1|
|c|☆megacsc|inner focus
