|j|☆teddy2gloves
|j|☆kaiserbn1
|html|teddy2gloveskaiserbn1    
|uhtml|bestof|Game 1 of a best-of-3
|t:|1757826393
|gametype|doubles
|player|p1|teddy2gloves|102|1030
|player|p2|kaiserbn1|n|1093
|gen|9
|tier|[Gen 9] VGC 2025 Reg H (Bo3)
|rated|
|rule|Species Clause: Limit one of each Pokémon
|rule|Item Clause: Limit 1 of each item
|clearpoke
|poke|p1|Ninetales-Alola, L50, F|
|poke|p1|Sneasler, L50, F|
|poke|p1|Incineroar, L50, F|
|poke|p1|Gholdengo, L50|
|poke|p1|Amoonguss, L50, F|
|poke|p1|Volcarona, L50, F|
|poke|p2|Amoonguss, L50, F|
|poke|p2|Sneasler, L50, M|
|poke|p2|Gholdengo, L50|
|poke|p2|Incineroar, L50, M|
|poke|p2|Ursaluna-Bloodmoon, L50, M|
|poke|p2|Dragonite, L50, M|
|teampreview|4
|showteam|p1|Ninetales-Alola||FocusSash|SnowWarning|IcyWind,AuroraVeil,Encore,Blizzard|||F|||50|,,,,,Ghost]Sneasler||WhiteHerb|Unburden|CloseCombat,DireClaw,Protect,Coaching|||F|||50|,,,,,Dark]Incineroar||SafetyGoggles|Intimidate|WillOWisp,KnockOff,PartingShot,FakeOut|||F|||50|,,,,,Fairy]Gholdengo||Leftovers|GoodasGold|NastyPlot,MakeItRain,ShadowBall,Protect||||||50|,,,,,Water]Amoonguss||RockyHelmet|Regenerator|ClearSmog,Spore,RagePowder,PollenPuff|||F|||50|,,,,,Water]Volcarona||CovertCloak|FlameBody|QuiverDance,Protect,HeatWave,GigaDrain|||F|||50|,,,,,Grass
|showteam|p2|Amoonguss||SitrusBerry|Regenerator|Protect,Spore,RagePowder,PollenPuff|||F|||50|,,,,,Psychic]Sneasler||FocusSash|Unburden|Protect,DireClaw,CloseCombat,ThroatChop|||M|||50|,,,,,Stellar]Gholdengo||LifeOrb|GoodasGold|Protect,MakeItRain,ShadowBall,Thunderbolt||||||50|,,,,,Water]Incineroar||SafetyGoggles|Intimidate|FlareBlitz,KnockOff,PartingShot,FakeOut|||M|||50|,,,,,Ghost]Ursaluna-Bloodmoon||AssaultVest|MindsEye|BloodMoon,HyperVoice,VacuumWave,EarthPower|||M|||50|,,,,,Normal]Dragonite||LoadedDice|Multiscale|Protect,Tailwind,ScaleShot,Haze|||M|||50|,,,,,Fairy
|inactive|Battle timer is ON: inactive players will automatically lose when time's up. (requested by kaiserbn1)
|inactive|kaiserbn1 has 60 seconds left.
|inactive|kaiserbn1 has 30 seconds left.
|inactive|kaiserbn1 has 20 seconds left.
|inactive|kaiserbn1 has 15 seconds left.
|inactive|kaiserbn1 has 10 seconds left.
|inactive|kaiserbn1 has 5 seconds left.
|
|t:|1757826481
|teamsize|p1|4
|teamsize|p2|4
|start
|switch|p1a: Incineroar|Incineroar, L50, F|100/100
|switch|p1b: Volcarona|Volcarona, L50, F|100/100
|switch|p2a: Incineroar|Incineroar, L50, M|100/100
|switch|p2b: Ursaluna|Ursaluna-Bloodmoon, L50, M|100/100
|-ability|p2a: Incineroar|Intimidate|boost
|-unboost|p1a: Incineroar|atk|1
|-unboost|p1b: Volcarona|atk|1
|-ability|p1a: Incineroar|Intimidate|boost
|-unboost|p2a: Incineroar|atk|1
|-unboost|p2b: Ursaluna|atk|1
|turn|1
|inactive|kaiserbn1 has 30 seconds left.
|inactive|kaiserbn1 has 20 seconds left.
|inactive|kaiserbn1 has 15 seconds left.
|inactive|kaiserbn1 has 10 seconds left.
|
|t:|1757826527
|move|p2a: Incineroar|Fake Out|p1a: Incineroar
|-damage|p1a: Incineroar|92/100
|move|p1b: Volcarona|Quiver Dance|p1b: Volcarona
|-boost|p1b: Volcarona|spa|1
|-boost|p1b: Volcarona|spd|1
|-boost|p1b: Volcarona|spe|1
|move|p2b: Ursaluna|Earth Power|p1b: Volcarona
|-damage|p1b: Volcarona|71/100
|cant|p1a: Incineroar|flinch
|
|upkeep
|turn|2
|inactive|kaiserbn1 has 30 seconds left.
|inactive|kaiserbn1 has 20 seconds left.
|inactive|kaiserbn1 has 15 seconds left.
|inactive|kaiserbn1 has 10 seconds left.
|inactive|kaiserbn1 has 5 seconds left.
|
|t:|1757826582
|move|p1b: Volcarona|Giga Drain|p2b: Ursaluna
|-supereffective|p2b: Ursaluna
|-damage|p2b: Ursaluna|46/100
|-heal|p1b: Volcarona|99/100|[from] drain|[of] p2b: Ursaluna
|move|p2a: Incineroar|Flare Blitz|p1a: Incineroar
|-resisted|p1a: Incineroar
|-damage|p1a: Incineroar|74/100
|-damage|p2a: Incineroar|95/100|[from] Recoil
|move|p1a: Incineroar|Parting Shot|p2b: Ursaluna
|-unboost|p2b: Ursaluna|atk|1
|-unboost|p2b: Ursaluna|spa|1
|
|t:|1757826595
|switch|p1a: Ninetales|Ninetales-Alola, L50, F|100/100|[from] Parting Shot
|-weather|Snowscape|[from] ability: Snow Warning|[of] p1a: Ninetales
|move|p2b: Ursaluna|Blood Moon|p1a: Ninetales
|-damage|p1a: Ninetales|37/100
|
|-weather|Snowscape|[upkeep]
|upkeep
|turn|3
|inactive|kaiserbn1 has 30 seconds left.
|inactive|kaiserbn1 has 20 seconds left.
|inactive|kaiserbn1 has 15 seconds left.
|inactive|kaiserbn1 has 10 seconds left.
|
|t:|1757826640
|switch|p2b: Dragonite|Dragonite, L50, M|100/100
|move|p1b: Volcarona|Quiver Dance|p1b: Volcarona
|-boost|p1b: Volcarona|spa|1
|-boost|p1b: Volcarona|spd|1
|-boost|p1b: Volcarona|spe|1
|move|p1a: Ninetales|Aurora Veil|p1a: Ninetales
|-sidestart|p1: teddy2gloves|move: Aurora Veil
|move|p2a: Incineroar|Flare Blitz|p1a: Ninetales
|-supereffective|p1a: Ninetales
|-damage|p1a: Ninetales|0 fnt
|faint|p1a: Ninetales
|-damage|p2a: Incineroar|86/100|[from] Recoil
|
|-weather|Snowscape|[upkeep]
|upkeep
|
|t:|1757826649
|switch|p1a: Sneasler|Sneasler, L50, F|100/100
|turn|4
|inactive|kaiserbn1 has 30 seconds left.
|
|t:|1757826678
|move|p1b: Volcarona|Heat Wave|p2a: Incineroar|[spread] p2a,p2b
|-resisted|p2a: Incineroar
|-resisted|p2b: Dragonite
|-damage|p2a: Incineroar|47/100
|-damage|p2b: Dragonite|79/100
|move|p1a: Sneasler|Dire Claw|p2b: Dragonite
|-damage|p2b: Dragonite|34/100
|-status|p2b: Dragonite|par
|move|p2a: Incineroar|Knock Off|p1b: Volcarona
|-damage|p1b: Volcarona|77/100
|-enditem|p1b: Volcarona|Covert Cloak|[from] move: Knock Off|[of] p2a: Incineroar
|move|p2b: Dragonite|Haze|p2b: Dragonite
|-clearallboost
|
|-weather|Snowscape|[upkeep]
|upkeep
|turn|5
|inactive|kaiserbn1 has 30 seconds left.
|
|t:|1757826709
|move|p1a: Sneasler|Close Combat|p2a: Incineroar
|-supereffective|p2a: Incineroar
|-damage|p2a: Incineroar|0 fnt
|-unboost|p1a: Sneasler|def|1
|-unboost|p1a: Sneasler|spd|1
|faint|p2a: Incineroar
|-enditem|p1a: Sneasler|White Herb
|-clearnegativeboost|p1a: Sneasler|[silent]
|move|p1b: Volcarona|Quiver Dance|p1b: Volcarona
|-boost|p1b: Volcarona|spa|1
|-boost|p1b: Volcarona|spd|1
|-boost|p1b: Volcarona|spe|1
|cant|p2b: Dragonite|par
|
|-weather|Snowscape|[upkeep]
|upkeep
|
|t:|1757826726
|switch|p2a: Sneasler|Sneasler, L50, M|100/100
|turn|6
|
|t:|1757826747
|move|p1a: Sneasler|Dire Claw|p2a: Sneasler
|-resisted|p2a: Sneasler
|-damage|p2a: Sneasler|62/100
|-status|p2a: Sneasler|slp
|move|p1b: Volcarona|Heat Wave|p2b: Dragonite|[spread] p2a,p2b
|-resisted|p2b: Dragonite
|-damage|p2a: Sneasler|0 fnt
|-damage|p2b: Dragonite|1/100 par
|faint|p2a: Sneasler
|move|p2b: Dragonite|Tailwind|p2b: Dragonite
|-sidestart|p2: kaiserbn1|move: Tailwind
|
|-weather|none
|upkeep
|
|t:|1757826757
|switch|p2a: Ursaluna|Ursaluna-Bloodmoon, L50, M|46/100
|turn|7
|
|t:|1757826775
|-terastallize|p2a: Ursaluna|Normal
|move|p1a: Sneasler|Close Combat|p2a: Ursaluna
|-supereffective|p2a: Ursaluna
|-damage|p2a: Ursaluna|0 fnt
|-unboost|p1a: Sneasler|def|1
|-unboost|p1a: Sneasler|spd|1
|faint|p2a: Ursaluna
|move|p1b: Volcarona|Giga Drain|p2b: Dragonite
|-resisted|p2b: Dragonite
|-damage|p2b: Dragonite|0 fnt
|-heal|p1b: Volcarona|77/100|[from] drain|[of] p2b: Dragonite
|faint|p2b: Dragonite
|
|win|teddy2gloves
||teddy2gloves is ready for game 2.
||kaiserbn1 is ready for game 2.
|uhtml|next|Next: Game 2 of 3
|l|☆teddy2gloves
|player|p1|
