|j|☆nicven
|j|☆buf0722shito
|html|nicvenbuf0722shito    
|uhtml|bestof|Game 3 of a best-of-3
|t:|1756293721
|gametype|doubles
|player|p1|nicven|2|1313
|player|p2|buf0722shito|266|1235
|gen|9
|tier|[Gen 9] VGC 2025 Reg H (Bo3)
|rated|
|rule|Species Clause: Limit one of each Pokémon
|rule|Item Clause: Limit 1 of each item
|clearpoke
|poke|p1|Gholdengo, L50|
|poke|p1|Rillaboom, L50, M|
|poke|p1|Dragonite, L50, M|
|poke|p1|Ninetales-Alola, L50, M|
|poke|p1|Annihilape, L50, F|
|poke|p1|Magmar, L50, F|
|poke|p2|Dragonite, L50, M|
|poke|p2|Gholdengo, L50|
|poke|p2|Rillaboom, L50, F|
|poke|p2|Annihilape, L50, F|
|poke|p2|Incineroar, L50, F|
|poke|p2|Electabuzz, L50, F|
|teampreview|4
|showteam|p1|Gholdengo||GrassySeed|GoodasGold|MakeItRain,ShadowBall,NastyPlot,Protect||||||50|,,,,,Dragon]Rillaboom||AssaultVest|GrassySurge|DrumBeating,GrassyGlide,FakeOut,HighHorsepower|||M|||50|,,,,,Fire]Dragonite||LoadedDice|Multiscale|ScaleShot,Haze,Tailwind,Protect|||M|||50|,,,,,Steel]Ninetales-Alola||FocusSash|SnowWarning|Blizzard,AuroraVeil,IcicleSpear,Encore|||M|||50|,,,,,Ghost]Annihilape||SafetyGoggles|Defiant|RageFist,DrainPunch,BulkUp,Protect|||F|||50|,,,,,Water]Magmar||Eviolite|VitalSpirit|HeatWave,ClearSmog,FollowMe,Protect|||F|||50|,,,,,Fairy
|showteam|p2|Dragonite||LoadedDice|Multiscale|Protect,ScaleShot,Haze,ExtremeSpeed|||M|||50|,,,,,Fairy]Gholdengo||SitrusBerry|GoodasGold|MakeItRain,ShadowBall,NastyPlot,Protect||||||50|,,,,,Water]Rillaboom||AssaultVest|GrassySurge|FakeOut,WoodHammer,HighHorsepower,GrassyGlide|||F|||50|,,,,,Fire]Annihilape||FocusSash|Defiant|Protect,CloseCombat,RageFist,Coaching|||F|||50|,,,,,Stellar]Incineroar||MirrorHerb|Intimidate|FakeOut,FlareBlitz,KnockOff,PartingShot|||F|||50|,,,,,Ghost]Electabuzz||Eviolite|VitalSpirit|Protect,Electroweb,Taunt,FollowMe|||F|||50|,,,,,Dragon
|inactive|Battle timer is ON: inactive players will automatically lose when time's up. (requested by buf0722shito)
|
|t:|1756293812
|teamsize|p1|4
|teamsize|p2|4
|start
|switch|p1a: Dragonite|Dragonite, L50, M|100/100
|switch|p1b: Magmar|Magmar, L50, F|100/100
|switch|p2a: Rillaboom|Rillaboom, L50, F|100/100
|switch|p2b: Gholdengo|Gholdengo, L50|100/100
|-fieldstart|move: Grassy Terrain|[from] ability: Grassy Surge|[of] p2a: Rillaboom
|turn|1
|inactive|buf0722shito has 30 seconds left.
|
|t:|1756293839
|-terastallize|p2b: Gholdengo|Water
|move|p2a: Rillaboom|Fake Out|p1a: Dragonite
|-damage|p1a: Dragonite|93/100
|move|p2b: Gholdengo|Nasty Plot|p2b: Gholdengo
|-boost|p2b: Gholdengo|spa|2
|move|p1b: Magmar|Heat Wave|p2b: Gholdengo|[spread] p2a,p2b
|-supereffective|p2a: Rillaboom
|-resisted|p2b: Gholdengo
|-damage|p2a: Rillaboom|70/100
|-damage|p2b: Gholdengo|87/100
|-status|p2b: Gholdengo|brn
|cant|p1a: Dragonite|flinch
|
|-heal|p2b: Gholdengo|94/100 brn|[from] Grassy Terrain
|-heal|p2a: Rillaboom|76/100|[from] Grassy Terrain
|-damage|p2b: Gholdengo|87/100 brn|[from] brn
|upkeep
|turn|2
|inactive|nicven has 30 seconds left.
|inactive|nicven has 20 seconds left.
|inactive|nicven has 15 seconds left.
|inactive|nicven has 10 seconds left.
|inactive|nicven has 5 seconds left.
|inactive|buf0722shito has 30 seconds left.
|
|t:|1756293895
|switch|p2a: Electabuzz|Electabuzz, L50, F|100/100
|-terastallize|p1a: Dragonite|Steel
|move|p1b: Magmar|Protect|p1b: Magmar
|-singleturn|p1b: Magmar|Protect
|move|p2b: Gholdengo|Make It Rain|p1a: Dragonite|[spread] p1a
|-activate|p1b: Magmar|move: Protect
|-resisted|p1a: Dragonite
|-damage|p1a: Dragonite|50/100
|-unboost|p2b: Gholdengo|spa|1
|move|p1a: Dragonite|Tailwind|p1a: Dragonite
|-sidestart|p1: nicven|move: Tailwind
|
|-heal|p1a: Dragonite|56/100|[from] Grassy Terrain
|-heal|p2b: Gholdengo|94/100 brn|[from] Grassy Terrain
|-damage|p2b: Gholdengo|87/100 brn|[from] brn
|upkeep
|turn|3
|inactive|nicven has 30 seconds left.
|inactive|nicven has 20 seconds left.
|inactive|nicven has 15 seconds left.
|inactive|nicven has 10 seconds left.
|
|t:|1756293941
|move|p1a: Dragonite|Protect|p1a: Dragonite
|-singleturn|p1a: Dragonite|Protect
|move|p2b: Gholdengo|Protect|p2b: Gholdengo
|-singleturn|p2b: Gholdengo|Protect
|move|p1b: Magmar|Heat Wave|p2a: Electabuzz|[spread] p2a
|-activate|p2b: Gholdengo|move: Protect
|-damage|p2a: Electabuzz|78/100
|-status|p2a: Electabuzz|brn
|move|p2a: Electabuzz|Electroweb|p1a: Dragonite|[spread] p1b
|-activate|p1a: Dragonite|move: Protect
|-damage|p1b: Magmar|89/100
|-unboost|p1b: Magmar|spe|1
|
|-heal|p1a: Dragonite|62/100|[from] Grassy Terrain
|-heal|p1b: Magmar|95/100|[from] Grassy Terrain
|-heal|p2a: Electabuzz|84/100 brn|[from] Grassy Terrain
|-heal|p2b: Gholdengo|94/100 brn|[from] Grassy Terrain
|-damage|p2a: Electabuzz|78/100 brn|[from] brn
|-damage|p2b: Gholdengo|87/100 brn|[from] brn
|upkeep
|turn|4
|inactive|nicven has 30 seconds left.
|inactive|buf0722shito has 30 seconds left.
|inactive|nicven has 20 seconds left.
|inactive|nicven has 15 seconds left.
|inactive|nicven has 10 seconds left.
|
|t:|1756293988
|move|p1b: Magmar|Follow Me|p1b: Magmar
|-singleturn|p1b: Magmar|move: Follow Me
|move|p2a: Electabuzz|Follow Me|p2a: Electabuzz
|-singleturn|p2a: Electabuzz|move: Follow Me
|move|p1a: Dragonite|Scale Shot|p2a: Electabuzz
|-damage|p2a: Electabuzz|64/100 brn
|-damage|p2a: Electabuzz|50/100 brn
|-damage|p2a: Electabuzz|37/100 brn
|-damage|p2a: Electabuzz|23/100 brn
|-hitcount|p2a: Electabuzz|4
|-unboost|p1a: Dragonite|def|1
|-boost|p1a: Dragonite|spe|1
|move|p2b: Gholdengo|Shadow Ball|p1b: Magmar
|-damage|p1b: Magmar|52/100
|
|-heal|p1a: Dragonite|68/100|[from] Grassy Terrain
|-heal|p1b: Magmar|58/100|[from] Grassy Terrain
|-heal|p2a: Electabuzz|30/100 brn|[from] Grassy Terrain
|-heal|p2b: Gholdengo|94/100 brn|[from] Grassy Terrain
|-damage|p2a: Electabuzz|23/100 brn|[from] brn
|-damage|p2b: Gholdengo|87/100 brn|[from] brn
|upkeep
|turn|5
|inactive|nicven has 30 seconds left.
|inactive|buf0722shito has 30 seconds left.
|inactive|nicven has 20 seconds left.
|inactive|nicven has 15 seconds left.
|inactive|nicven has 10 seconds left.
|inactive|nicven has 5 seconds left.
|
|t:|1756294038
|move|p1a: Dragonite|Protect|p1a: Dragonite
|-singleturn|p1a: Dragonite|Protect
|move|p1b: Magmar|Clear Smog|p2b: Gholdengo
|-damage|p2b: Gholdengo|74/100 brn
|-clearboost|p2b: Gholdengo
|move|p2a: Electabuzz|Taunt|p1a: Dragonite
|-activate|p1a: Dragonite|move: Protect
|move|p2b: Gholdengo|Nasty Plot|p2b: Gholdengo
|-boost|p2b: Gholdengo|spa|2
|
|-heal|p1a: Dragonite|74/100|[from] Grassy Terrain
|-heal|p1b: Magmar|64/100|[from] Grassy Terrain
|-heal|p2a: Electabuzz|30/100 brn|[from] Grassy Terrain
|-heal|p2b: Gholdengo|81/100 brn|[from] Grassy Terrain
|-damage|p2a: Electabuzz|23/100 brn|[from] brn
|-damage|p2b: Gholdengo|74/100 brn|[from] brn
|-sideend|p1: nicven|move: Tailwind
|-fieldend|move: Grassy Terrain
|upkeep
|turn|6
|inactive|nicven has 30 seconds left.
|
|t:|1756294066
|move|p2a: Electabuzz|Follow Me|p2a: Electabuzz
|-singleturn|p2a: Electabuzz|move: Follow Me
|move|p1a: Dragonite|Haze|p1a: Dragonite
|-clearallboost
|move|p2b: Gholdengo|Shadow Ball|p1a: Dragonite
|-damage|p1a: Dragonite|34/100
|move|p1b: Magmar|Heat Wave|p2b: Gholdengo|[spread] p2a
|-miss|p1b: Magmar|p2b: Gholdengo
|-damage|p2a: Electabuzz|1/100 brn
|
|-damage|p2a: Electabuzz|0 fnt|[from] brn
|faint|p2a: Electabuzz
|-damage|p2b: Gholdengo|68/100 brn|[from] brn
|upkeep
|
|t:|1756294077
|switch|p2a: Rillaboom|Rillaboom, L50, F|76/100
|-fieldstart|move: Grassy Terrain|[from] ability: Grassy Surge|[of] p2a: Rillaboom
|turn|7
|inactive|nicven has 30 seconds left.
|inactive|nicven has 20 seconds left.
|inactive|nicven has 15 seconds left.
|inactive|nicven has 10 seconds left.
|inactive|nicven has 5 seconds left.
|
|t:|1756294130
|move|p2a: Rillaboom|Fake Out|p1a: Dragonite
|-resisted|p1a: Dragonite
|-damage|p1a: Dragonite|27/100
|move|p2b: Gholdengo|Nasty Plot|p2b: Gholdengo
|-boost|p2b: Gholdengo|spa|2
|move|p1b: Magmar|Heat Wave|p2a: Rillaboom|[spread] p2a,p2b
|-supereffective|p2a: Rillaboom
|-resisted|p2b: Gholdengo
|-damage|p2a: Rillaboom|43/100
|-damage|p2b: Gholdengo|56/100 brn
|-status|p2a: Rillaboom|brn
|cant|p1a: Dragonite|flinch
|
|-heal|p2b: Gholdengo|62/100 brn|[from] Grassy Terrain
|-heal|p1b: Magmar|70/100|[from] Grassy Terrain
|-heal|p1a: Dragonite|33/100|[from] Grassy Terrain
|-heal|p2a: Rillaboom|49/100 brn|[from] Grassy Terrain
|-damage|p2b: Gholdengo|56/100 brn|[from] brn
|-damage|p2a: Rillaboom|43/100 brn|[from] brn
|upkeep
|turn|8
|inactive|nicven has 30 seconds left.
|inactive|buf0722shito has 30 seconds left.
|
|t:|1756294160
|move|p1a: Dragonite|Protect|p1a: Dragonite
|-singleturn|p1a: Dragonite|Protect
|move|p2b: Gholdengo|Shadow Ball|p1b: Magmar
|-damage|p1b: Magmar|8/100
|move|p1b: Magmar|Clear Smog|p2b: Gholdengo
|-damage|p2b: Gholdengo|43/100 brn
|-clearboost|p2b: Gholdengo
|-enditem|p2b: Gholdengo|Sitrus Berry|[eat]
|-heal|p2b: Gholdengo|68/100 brn|[from] item: Sitrus Berry
|move|p2a: Rillaboom|High Horsepower|p1a: Dragonite
|-activate|p1a: Dragonite|move: Protect
|
|-heal|p2b: Gholdengo|74/100 brn|[from] Grassy Terrain
|-heal|p1b: Magmar|14/100|[from] Grassy Terrain
|-heal|p1a: Dragonite|39/100|[from] Grassy Terrain
|-heal|p2a: Rillaboom|49/100 brn|[from] Grassy Terrain
|-damage|p2b: Gholdengo|68/100 brn|[from] brn
|-damage|p2a: Rillaboom|43/100 brn|[from] brn
|upkeep
|turn|9
|inactive|nicven has 30 seconds left.
|inactive|buf0722shito has 30 seconds left.
|inactive|buf0722shito has 20 seconds left.
|inactive|buf0722shito has 15 seconds left.
|
|t:|1756294202
|move|p2b: Gholdengo|Protect|p2b: Gholdengo
|-singleturn|p2b: Gholdengo|Protect
|move|p1b: Magmar|Follow Me|p1b: Magmar
|-singleturn|p1b: Magmar|move: Follow Me
|move|p1a: Dragonite|Scale Shot|p2a: Rillaboom
|-damage|p2a: Rillaboom|29/100 brn
|-damage|p2a: Rillaboom|14/100 brn
|-damage|p2a: Rillaboom|0 fnt
|faint|p2a: Rillaboom
|-hitcount|p2: Rillaboom|3
|-unboost|p1a: Dragonite|def|1
|-boost|p1a: Dragonite|spe|1
|
|-heal|p1a: Dragonite|45/100|[from] Grassy Terrain
|-heal|p2b: Gholdengo|74/100 brn|[from] Grassy Terrain
|-heal|p1b: Magmar|19/100|[from] Grassy Terrain
|-damage|p2b: Gholdengo|68/100 brn|[from] brn
|upkeep
|
|t:|1756294208
|switch|p2a: Dragonite|Dragonite, L50, M|100/100
|turn|10
|inactive|nicven has 30 seconds left.
|
|t:|1756294237
|move|p1b: Magmar|Follow Me|p1b: Magmar
|-singleturn|p1b: Magmar|move: Follow Me
|move|p1a: Dragonite|Scale Shot|p2a: Dragonite
|-supereffective|p2a: Dragonite
|-damage|p2a: Dragonite|85/100
|-supereffective|p2a: Dragonite
|-damage|p2a: Dragonite|50/100
|-supereffective|p2a: Dragonite
|-crit|p2a: Dragonite
|-damage|p2a: Dragonite|0 fnt
|faint|p2a: Dragonite
|-hitcount|p2: Dragonite|3
|-unboost|p1a: Dragonite|def|1
|-boost|p1a: Dragonite|spe|1
|move|p2b: Gholdengo|Shadow Ball|p1b: Magmar
|-damage|p1b: Magmar|0 fnt
|faint|p1b: Magmar
|
|-heal|p1a: Dragonite|51/100|[from] Grassy Terrain
|-heal|p2b: Gholdengo|74/100 brn|[from] Grassy Terrain
|-damage|p2b: Gholdengo|68/100 brn|[from] brn
|upkeep
|-message|buf0722shito forfeited.
|
|win|nicven
|raw|nicven's rating: 1313 → 1329(+16 for winning)
|raw|buf0722shito's rating: 1235 → 1216(-19 for losing)
|l|☆buf0722shito
|player|p2|
