|j|☆freudianbreath
|j|☆bloodnirvana98
|html|freudianbreathbloodnirvana98    
|uhtml|bestof|Game 1 of a best-of-3
|t:|1756341555
|gametype|doubles
|player|p1|freudianbreath|170|1033
|player|p2|bloodnirvana98|giovanni|1072
|gen|9
|tier|[Gen 9] VGC 2025 Reg H (Bo3)
|rated|
|rule|Species Clause: Limit one of each Pokémon
|rule|Item Clause: Limit 1 of each item
|clearpoke
|poke|p1|Rillaboom, L50, M|
|poke|p1|Gholdengo, L50|
|poke|p1|Amoonguss, L50, F|
|poke|p1|Sneasler, L50, M|
|poke|p1|Incineroar, L50, F|
|poke|p1|Pelipper, L50, M|
|poke|p2|Dragapult, L50, F|
|poke|p2|Typhlosion-Hisui, L50, M|
|poke|p2|Whimsicott, L50, F|
|poke|p2|Garchomp, L50, F|
|poke|p2|Jumpluff, L50, M|
|poke|p2|Dragonite, L50, F|
|teampreview|4
|showteam|p1|Rillaboom||AssaultVest|GrassySurge|WoodHammer,GrassyGlide,FakeOut,HighHorsepower|||M|||50|,,,,,Fire]Gholdengo||ChoiceSpecs|GoodasGold|MakeItRain,ShadowBall,PowerGem,Thunder||||||50|,,,,,Steel]Amoonguss||RockyHelmet|Regenerator|PollenPuff,Spore,RagePowder,ClearSmog|||F|||50|,,,,,Fairy]Sneasler||GrassySeed|Unburden|FakeOut,CloseCombat,ThroatChop,Protect|||M|||50|,,,,,Dark]Incineroar||SafetyGoggles|Intimidate|FakeOut,KnockOff,WillOWisp,PartingShot|||F|||50|,,,,,Ghost]Pelipper||FocusSash|Drizzle|Hurricane,WeatherBall,Tailwind,Protect|||M|||50|,,,,,Stellar
|showteam|p2|Dragapult||ChoiceBand|ClearBody|DragonDarts,PhantomForce,Uturn,Outrage|||F|||50|,,,,,Dragon]Typhlosion-Hisui||ChoiceSpecs|Blaze|Eruption,HeatWave,ShadowBall,Flamethrower|||M|||50|,,,,,Fire]Whimsicott||MentalHerb|Prankster|Moonblast,SunnyDay,Tailwind,Encore|||F|||50|,,,,,Grass]Garchomp||LifeOrb|RoughSkin|RockSlide,Earthquake,StompingTantrum,Protect|||F|||50|,,,,,Ground]Jumpluff||CovertCloak|Chlorophyll|RagePowder,PollenPuff,Tailwind,SunnyDay|||M|||50|,,,,,Water]Dragonite||LoadedDice|InnerFocus|TeraBlast,ScaleShot,HelpingHand,Protect|||F|||50|,,,,,Flying
|inactive|Battle timer is ON: inactive players will automatically lose when time's up. (requested by bloodnirvana98)
|inactive|freudianbreath has 60 seconds left.
|inactive|bloodnirvana98 has 60 seconds left.
|inactive|freudianbreath has 30 seconds left.
|inactive|freudianbreath has 20 seconds left.
|inactive|freudianbreath has 15 seconds left.
|inactive|freudianbreath has 10 seconds left.
|
|t:|1756341636
|teamsize|p1|4
|teamsize|p2|4
|start
|switch|p1a: Rillaboom|Rillaboom, L50, M|100/100
|switch|p1b: Sneasler|Sneasler, L50, M|100/100
|switch|p2a: Dragapult|Dragapult, L50, F|100/100
|switch|p2b: Jumpluff|Jumpluff, L50, M|100/100
|-fieldstart|move: Grassy Terrain|[from] ability: Grassy Surge|[of] p1a: Rillaboom
|-enditem|p1b: Sneasler|Grassy Seed
|-boost|p1b: Sneasler|def|1|[from] item: Grassy Seed
|turn|1
|inactive|freudianbreath has 30 seconds left.
|inactive|bloodnirvana98 has 30 seconds left.
|inactive|freudianbreath has 20 seconds left.
|inactive|bloodnirvana98 has 20 seconds left.
|inactive|freudianbreath has 15 seconds left.
|inactive|bloodnirvana98 has 15 seconds left.
|inactive|bloodnirvana98 has 10 seconds left.
|inactive|bloodnirvana98 has 5 seconds left.
|
|t:|1756341689
|-terastallize|p2b: Jumpluff|Water
|move|p2b: Jumpluff|Rage Powder|p2b: Jumpluff
|-singleturn|p2b: Jumpluff|move: Rage Powder
|move|p1a: Rillaboom|Grassy Glide|p2a: Dragapult
|-resisted|p2a: Dragapult
|-damage|p2a: Dragapult|76/100
|move|p1b: Sneasler|Throat Chop|p2b: Jumpluff
|-damage|p2b: Jumpluff|60/100
|move|p2a: Dragapult|Dragon Darts|p1b: Sneasler
|-crit|p1b: Sneasler
|-damage|p1b: Sneasler|2/100
|-anim|p2a: Dragapult|Dragon Darts|p1a: Rillaboom
|-damage|p1a: Rillaboom|64/100
|
|-heal|p1b: Sneasler|8/100|[from] Grassy Terrain
|-heal|p2a: Dragapult|82/100|[from] Grassy Terrain
|-heal|p2b: Jumpluff|66/100|[from] Grassy Terrain
|-heal|p1a: Rillaboom|70/100|[from] Grassy Terrain
|upkeep
|turn|2
|inactive|freudianbreath has 30 seconds left.
|inactive|freudianbreath has 20 seconds left.
|inactive|freudianbreath has 15 seconds left.
|inactive|bloodnirvana98 has 30 seconds left.
|inactive|freudianbreath has 10 seconds left.
|
|t:|1756341735
|switch|p2b: Garchomp|Garchomp, L50, F|100/100
|move|p1a: Rillaboom|Grassy Glide|p2b: Garchomp
|-damage|p2b: Garchomp|66/100
|-damage|p1a: Rillaboom|58/100|[from] ability: Rough Skin|[of] p2b: Garchomp
|move|p1b: Sneasler|Throat Chop|p2a: Dragapult
|-supereffective|p2a: Dragapult
|-damage|p2a: Dragapult|11/100
|-start|p2a: Dragapult|Throat Chop|[silent]
|move|p2a: Dragapult|Dragon Darts|p1b: Sneasler
|-damage|p1b: Sneasler|0 fnt
|-anim|p2a: Dragapult|Dragon Darts|p1a: Rillaboom
|-damage|p1a: Rillaboom|21/100
|faint|p1b: Sneasler
|
|-heal|p2a: Dragapult|18/100|[from] Grassy Terrain
|-heal|p2b: Garchomp|72/100|[from] Grassy Terrain
|-heal|p1a: Rillaboom|27/100|[from] Grassy Terrain
|upkeep
|
|t:|1756341755
|switch|p1b: Incineroar|Incineroar, L50, F|100/100
|-ability|p1b: Incineroar|Intimidate|boost
|-fail|p2a: Dragapult|unboost|[from] ability: Clear Body|[of] p2a: Dragapult
|-unboost|p2b: Garchomp|atk|1
|turn|3
|inactive|freudianbreath has 30 seconds left.
|inactive|bloodnirvana98 has 30 seconds left.
|inactive|bloodnirvana98 has 20 seconds left.
|
|t:|1756341792
|switch|p2a: Typhlosion|Typhlosion-Hisui, L50, M|100/100
|move|p2b: Garchomp|Protect|p2b: Garchomp
|-singleturn|p2b: Garchomp|Protect
|move|p1b: Incineroar|Fake Out|p2b: Garchomp
|-activate|p2b: Garchomp|move: Protect
|move|p1a: Rillaboom|Grassy Glide|p2a: Typhlosion
|-resisted|p2a: Typhlosion
|-damage|p2a: Typhlosion|74/100
|
|-heal|p2a: Typhlosion|80/100|[from] Grassy Terrain
|-heal|p2b: Garchomp|78/100|[from] Grassy Terrain
|-heal|p1a: Rillaboom|33/100|[from] Grassy Terrain
|upkeep
|turn|4
|
|t:|1756341817
|switch|p2a: Jumpluff|Jumpluff, L50, M, tera:Water|66/100
|switch|p1a: Pelipper|Pelipper, L50, M|100/100
|-weather|RainDance|[from] ability: Drizzle|[of] p1a: Pelipper
|move|p2b: Garchomp|Earthquake|p1b: Incineroar|[spread] p2a,p1b
|-immune|p1a: Pelipper
|-supereffective|p1b: Incineroar
|-damage|p2a: Jumpluff|42/100
|-damage|p1b: Incineroar|68/100
|-damage|p2b: Garchomp|68/100|[from] item: Life Orb
|move|p1b: Incineroar|Will-O-Wisp|p2b: Garchomp
|-status|p2b: Garchomp|brn
|
|-weather|RainDance|[upkeep]
|-heal|p2a: Jumpluff|48/100|[from] Grassy Terrain
|-heal|p2b: Garchomp|74/100 brn|[from] Grassy Terrain
|-heal|p1b: Incineroar|74/100|[from] Grassy Terrain
|-damage|p2b: Garchomp|68/100 brn|[from] brn
|upkeep
|turn|5
|inactive|freudianbreath has 30 seconds left.
|inactive|freudianbreath has 20 seconds left.
|inactive|freudianbreath has 15 seconds left.
|inactive|freudianbreath has 10 seconds left.
|inactive|freudianbreath has 5 seconds left.
|
|t:|1756341871
|move|p2a: Jumpluff|Sunny Day|p2a: Jumpluff
|-weather|SunnyDay
|move|p2b: Garchomp|Rock Slide|p1a: Pelipper|[spread] p1b
|-miss|p2b: Garchomp|p1a: Pelipper
|-supereffective|p1b: Incineroar
|-damage|p1b: Incineroar|56/100
|-damage|p2b: Garchomp|58/100 brn|[from] item: Life Orb
|move|p1a: Pelipper|Hurricane|p2a: Jumpluff|[miss]
|-miss|p1a: Pelipper|p2a: Jumpluff
|cant|p1b: Incineroar|flinch
|
|-weather|SunnyDay|[upkeep]
|-heal|p2a: Jumpluff|54/100|[from] Grassy Terrain
|-heal|p2b: Garchomp|64/100 brn|[from] Grassy Terrain
|-heal|p1b: Incineroar|62/100|[from] Grassy Terrain
|-damage|p2b: Garchomp|58/100 brn|[from] brn
|-fieldend|move: Grassy Terrain
|upkeep
|turn|6
|inactive|freudianbreath has 30 seconds left.
|
|t:|1756341906
|switch|p1b: Rillaboom|Rillaboom, L50, M|33/100
|-fieldstart|move: Grassy Terrain|[from] ability: Grassy Surge|[of] p1b: Rillaboom
|move|p2a: Jumpluff|Tailwind|p2a: Jumpluff
|-sidestart|p2: bloodnirvana98|move: Tailwind
|move|p2b: Garchomp|Rock Slide|p1a: Pelipper|[spread] p1a,p1b
|-supereffective|p1a: Pelipper
|-damage|p1a: Pelipper|78/100
|-damage|p1b: Rillaboom|24/100
|-damage|p2b: Garchomp|48/100 brn|[from] item: Life Orb
|move|p1a: Pelipper|Tailwind|p1a: Pelipper
|-sidestart|p1: freudianbreath|move: Tailwind
|
|-weather|SunnyDay|[upkeep]
|-heal|p2a: Jumpluff|60/100|[from] Grassy Terrain
|-heal|p2b: Garchomp|54/100 brn|[from] Grassy Terrain
|-heal|p1b: Rillaboom|30/100|[from] Grassy Terrain
|-damage|p2b: Garchomp|48/100 brn|[from] brn
|upkeep
|turn|7
|inactive|bloodnirvana98 has 30 seconds left.
|
|t:|1756341934
|switch|p2a: Typhlosion|Typhlosion-Hisui, L50, M|80/100
|switch|p1a: Incineroar|Incineroar, L50, F|62/100
|-ability|p1a: Incineroar|Intimidate|boost
|-unboost|p2a: Typhlosion|atk|1
|-unboost|p2b: Garchomp|atk|1
|move|p2b: Garchomp|Rock Slide|p1b: Rillaboom|[spread] p1a,p1b
|-supereffective|p1a: Incineroar
|-crit|p1a: Incineroar
|-damage|p1a: Incineroar|28/100
|-damage|p1b: Rillaboom|24/100
|-damage|p2b: Garchomp|38/100 brn|[from] item: Life Orb
|cant|p1b: Rillaboom|flinch
|
|-weather|SunnyDay|[upkeep]
|-heal|p2a: Typhlosion|86/100|[from] Grassy Terrain
|-heal|p2b: Garchomp|44/100 brn|[from] Grassy Terrain
|-heal|p1b: Rillaboom|29/100|[from] Grassy Terrain
|-heal|p1a: Incineroar|34/100|[from] Grassy Terrain
|-damage|p2b: Garchomp|38/100 brn|[from] brn
|upkeep
|turn|8
|inactive|freudianbreath has 30 seconds left.
|inactive|bloodnirvana98 has 30 seconds left.
|
|t:|1756341965
|switch|p1a: Pelipper|Pelipper, L50, M|78/100
|-weather|RainDance|[from] ability: Drizzle|[of] p1a: Pelipper
|-terastallize|p1b: Rillaboom|Fire
|move|p1b: Rillaboom|Grassy Glide|p2b: Garchomp
|-crit|p2b: Garchomp
|-damage|p2b: Garchomp|0 fnt
|-damage|p1b: Rillaboom|17/100|[from] ability: Rough Skin|[of] p2b: Garchomp
|faint|p2b: Garchomp
|move|p2a: Typhlosion|Shadow Ball|p1b: Rillaboom
|-damage|p1b: Rillaboom|0 fnt
|faint|p1b: Rillaboom
|
|-weather|RainDance|[upkeep]
|-heal|p2a: Typhlosion|92/100|[from] Grassy Terrain
|upkeep
|inactive|bloodnirvana98 has 30 seconds left.
|
|t:|1756341993
|switch|p2b: Dragapult|Dragapult, L50, F|18/100
|switch|p1b: Incineroar|Incineroar, L50, F|34/100
|-ability|p1b: Incineroar|Intimidate|boost
|-unboost|p2a: Typhlosion|atk|1
|-fail|p2b: Dragapult|unboost|[from] ability: Clear Body|[of] p2b: Dragapult
|turn|9
|inactive|freudianbreath has 30 seconds left.
|
|t:|1756342021
|move|p2b: Dragapult|Dragon Darts|p1b: Incineroar
|-damage|p1b: Incineroar|0 fnt
|-anim|p2b: Dragapult|Dragon Darts|p1a: Pelipper
|-damage|p1a: Pelipper|27/100
|faint|p1b: Incineroar
|move|p2a: Typhlosion|Shadow Ball|p1a: Pelipper
|-damage|p1a: Pelipper|0 fnt
|faint|p1a: Pelipper
|
|win|bloodnirvana98
