|j|☆TogoVGC
|j|☆certified urgl
|html|TogoVGCcertified urgl    
|uhtml|bestof|Game 2 of a best-of-3
|t:|1756550935
|gametype|doubles
|player|p1|TogoVGC|101|1265
|player|p2|certified urgl|102|1317
|gen|9
|tier|[Gen 9] VGC 2025 Reg H (Bo3)
|rated|
|rule|Species Clause: Limit one of each Pokémon
|rule|Item Clause: Limit 1 of each item
|clearpoke
|poke|p1|Dondozo, L50, M|
|poke|p1|Tatsugiri, L50, M|
|poke|p1|Exeggutor, L50, M|
|poke|p1|Indeedee-F, L50, F|
|poke|p1|Blaziken, L50, F|
|poke|p1|Kingambit, L50, F|
|poke|p2|Gholdengo, L50|
|poke|p2|Sneasler, L50, M|
|poke|p2|Rillaboom, L50, M|
|poke|p2|Dragonite, L50, M|
|poke|p2|Ninetales-Alola, L50, F|
|poke|p2|Arcanine-Hisui, L50, F|
|teampreview|4
|showteam|p1|Dondozo||SafetyGoggles|Unaware|WaveCrash,Earthquake,HeavySlam,Protect|||M|||50|,,,,,Steel]Tatsugiri||ChoiceScarf|Commander|MuddyWater,DracoMeteor,IcyWind,HydroPump|||M|||50|,,,,,Grass]Exeggutor||PetayaBerry|Harvest|ExpandingForce,GigaDrain,TrickRoom,Protect|||M|||50|,,,,,Fire]Indeedee-F||SitrusBerry|PsychicSurge|Psychic,AlluringVoice,FollowMe,HelpingHand|||F|||50|,,,,,Fairy]Blaziken||FocusSash|SpeedBoost|HeatWave,FocusBlast,UpperHand,Detect|||F|||50|,,,,,Stellar]Kingambit||AssaultVest|Defiant|KowtowCleave,IronHead,SuckerPunch,StoneEdge|||F|||50|,,,,,Ghost
|showteam|p2|Gholdengo||GrassySeed|GoodasGold|NastyPlot,MakeItRain,ShadowBall,Protect||||||50|,,,,,Dragon]Sneasler||WhiteHerb|Unburden|CloseCombat,DireClaw,Coaching,Protect|||M|||50|,,,,,Ghost]Rillaboom||AssaultVest|GrassySurge|FakeOut,GrassyGlide,DrumBeating,HighHorsepower|||M|||50|,,,,,Fire]Dragonite||LoadedDice|Multiscale|ScaleShot,StompingTantrum,Tailwind,Protect|||M|||50|,,,,,Ground]Ninetales-Alola||FocusSash|SnowWarning|Blizzard,IcyWind,Encore,AuroraVeil|||F|||50|,,,,,Ghost]Arcanine-Hisui||ClearAmulet|Intimidate|RockSlide,FlareBlitz,ExtremeSpeed,Protect|||F|||50|,,,,,Water
|inactive|Battle timer is ON: inactive players will automatically lose when time's up. (requested by certified urgl)
|inactive|certified urgl has 60 seconds left.
|
|t:|1756550969
|teamsize|p1|4
|teamsize|p2|4
|start
|switch|p1a: Indeedee|Indeedee-F, L50, F|100/100
|switch|p1b: Exeggutor|Exeggutor, L50, M|100/100
|switch|p2a: Sneasler|Sneasler, L50, M|100/100
|switch|p2b: Dragonite|Dragonite, L50, M|100/100
|-fieldstart|move: Psychic Terrain|[from] ability: Psychic Surge|[of] p1a: Indeedee
|turn|1
|inactive|TogoVGC has 30 seconds left.
|inactive|TogoVGC has 20 seconds left.
|inactive|TogoVGC has 15 seconds left.
|
|t:|1756551013
|switch|p2b: Gholdengo|Gholdengo, L50|100/100
|-terastallize|p1a: Indeedee|Fairy
|move|p1a: Indeedee|Follow Me|p1a: Indeedee
|-singleturn|p1a: Indeedee|move: Follow Me
|move|p2a: Sneasler|Dire Claw|p1a: Indeedee
|-supereffective|p1a: Indeedee
|-damage|p1a: Indeedee|0 fnt
|faint|p1a: Indeedee
|move|p1b: Exeggutor|Expanding Force|p2a: Sneasler|[spread] p2a,p2b
|-supereffective|p2a: Sneasler
|-resisted|p2b: Gholdengo
|-crit|p2b: Gholdengo
|-damage|p2a: Sneasler|0 fnt
|-damage|p2b: Gholdengo|52/100
|faint|p2a: Sneasler
|
|upkeep
|inactive|certified urgl has 30 seconds left.
|
|t:|1756551043
|switch|p2a: Rillaboom|Rillaboom, L50, M|100/100
|switch|p1a: Blaziken|Blaziken, L50, F|100/100
|-fieldstart|move: Grassy Terrain|[from] ability: Grassy Surge|[of] p2a: Rillaboom
|-enditem|p2b: Gholdengo|Grassy Seed
|-boost|p2b: Gholdengo|def|1|[from] item: Grassy Seed
|turn|2
|
|t:|1756551060
|switch|p1b: Kingambit|Kingambit, L50, F|100/100
|move|p1a: Blaziken|Detect|p1a: Blaziken
|-singleturn|p1a: Blaziken|Protect
|move|p2a: Rillaboom|Drum Beating|p1a: Blaziken
|-activate|p1a: Blaziken|move: Protect
|move|p2b: Gholdengo|Shadow Ball|p1a: Blaziken
|-activate|p1a: Blaziken|move: Protect
|
|-heal|p2b: Gholdengo|58/100|[from] Grassy Terrain
|-ability|p1a: Blaziken|Speed Boost|boost
|-boost|p1a: Blaziken|spe|1
|upkeep
|turn|3
|inactive|certified urgl has 30 seconds left.
|
|t:|1756551086
|-terastallize|p2b: Gholdengo|Dragon
|move|p1b: Kingambit|Sucker Punch|p2b: Gholdengo
|-damage|p2b: Gholdengo|31/100
|move|p1a: Blaziken|Heat Wave|p2b: Gholdengo|[spread] p2a,p2b
|-supereffective|p2a: Rillaboom
|-resisted|p2b: Gholdengo
|-damage|p2a: Rillaboom|36/100
|-damage|p2b: Gholdengo|13/100
|move|p2a: Rillaboom|High Horsepower|p1a: Blaziken
|-supereffective|p1a: Blaziken
|-damage|p1a: Blaziken|9/100
|move|p2b: Gholdengo|Make It Rain|p1a: Blaziken|[spread] p1a,p1b
|-resisted|p1a: Blaziken
|-resisted|p1b: Kingambit
|-damage|p1a: Blaziken|0 fnt
|-damage|p1b: Kingambit|86/100
|-unboost|p2b: Gholdengo|spa|1
|faint|p1a: Blaziken
|
|-heal|p2a: Rillaboom|42/100|[from] Grassy Terrain
|-heal|p2b: Gholdengo|19/100|[from] Grassy Terrain
|-heal|p1b: Kingambit|92/100|[from] Grassy Terrain
|upkeep
|
|t:|1756551096
|switch|p1a: Exeggutor|Exeggutor, L50, M|100/100
|turn|4
|
|t:|1756551118
|move|p2a: Rillaboom|High Horsepower|p1b: Kingambit
|-supereffective|p1b: Kingambit
|-damage|p1b: Kingambit|50/100
|move|p2b: Gholdengo|Nasty Plot|p2b: Gholdengo
|-boost|p2b: Gholdengo|spa|2
|move|p1b: Kingambit|Kowtow Cleave|p2a: Rillaboom
|-damage|p2a: Rillaboom|0 fnt
|faint|p2a: Rillaboom
|move|p1a: Exeggutor|Trick Room|p1a: Exeggutor
|-fieldstart|move: Trick Room|[of] p1a: Exeggutor
|
|-heal|p1b: Kingambit|55/100|[from] Grassy Terrain
|-heal|p2b: Gholdengo|25/100|[from] Grassy Terrain
|upkeep
|
|t:|1756551126
|switch|p2a: Dragonite|Dragonite, L50, M|100/100
|turn|5
|inactive|certified urgl has 30 seconds left.
|inactive|certified urgl has 20 seconds left.
|
|t:|1756551164
|move|p1b: Kingambit|Iron Head|p2a: Dragonite
|-damage|p2a: Dragonite|75/100
|move|p1a: Exeggutor|Expanding Force|p2b: Gholdengo
|-damage|p2b: Gholdengo|0 fnt
|faint|p2b: Gholdengo
|move|p2a: Dragonite|Stomping Tantrum|p1b: Kingambit
|-supereffective|p1b: Kingambit
|-damage|p1b: Kingambit|12/100
|
|-heal|p1b: Kingambit|18/100|[from] Grassy Terrain
|upkeep
|turn|6
|-message|certified urgl forfeited.
|raw|TogoVGC's rating: 1293 → 1320(+27 for winning)
|raw|certified urgl's rating: 1317 → 1296(-21 for losing)
|
|win|TogoVGC
