|j|☆moosinator32
|j|☆asefito
|html|moosinator32asefito    
|uhtml|bestof|Game 2 of a best-of-3
|t:|1783455082
|gametype|doubles
|player|p1|moosinator32|266|1094
|player|p2|asefito|winona|1142
|gen|9
|tier|[Gen 9 Champions] VGC 2026 Reg M-B (Bo3)
|rated|
|rule|Species Clause: Limit one of each Pokémon
|rule|Item Clause: Limit 1 of each item
|clearpoke
|poke|p1|Skeledirge, L50, M|
|poke|p1|Scrafty, L50, F|
|poke|p1|Farigiraf, L50, F|
|poke|p1|Maushold-Four, L50|
|poke|p1|Azumarill, L50, M|
|poke|p1|Hydreigon, L50, M|
|poke|p2|Incineroar, L50, M|
|poke|p2|Basculegion, L50, M|
|poke|p2|Tinkaton, L50, F|
|poke|p2|Floette-Eternal, L50, F|
|poke|p2|Kingambit, L50, M|
|poke|p2|Sneasler, L50, M|
|teampreview|4
|showteam|p1|Skeledirge||Leftovers|Unaware|TorchSong,EarthPower,ShadowBall,Protect|Calm||M|||50|]Scrafty||Scraftinite|Intimidate|FakeOut,DrainPunch,ThroatChop,Protect|Adamant||F|||50|]Farigiraf||MentalHerb|ArmorTail|TrickRoom,Thunderbolt,Psychic,Protect|Sassy||F|||50|]Maushold-Four||FocusSash|FriendGuard|FollowMe,PopulationBomb,SeedBomb,Protect|Jolly|||||50|]Azumarill||SitrusBerry|HugePower|BellyDrum,PlayRough,AquaJet,Protect|Adamant||M|||50|]Hydreigon||ChoiceScarf|Levitate|Flamethrower,DarkPulse,DragonPulse,EarthPower|Timid||M|||50|
|showteam|p2|Incineroar||SitrusBerry|Intimidate|FlareBlitz,DarkestLariat,PartingShot,FakeOut|Careful||M|||50|]Basculegion||ChoiceScarf|Adaptability|WaveCrash,LastRespects,FlipTurn,AquaJet|Jolly||M|||50|]Tinkaton||Leftovers|MoldBreaker|GigatonHammer,PlayRough,BrickBreak,FakeOut|Adamant||F|||50|]Floette-Eternal||Floettite|FlowerVeil|Moonblast,DazzlingGleam,CalmMind,Protect|Modest||F|||50|]Kingambit||LifeOrb|Defiant|KowtowCleave,SuckerPunch,SwordsDance,Protect|Adamant||M|||50|]Sneasler||FocusSash|PoisonTouch|CloseCombat,DireClaw,Feint,FakeOut|Jolly||M|||50|
|inactive|Battle timer is ON: inactive players will automatically lose when time's up. (requested by asefito)
|inactive|asefito has 60 seconds left.
|
|t:|1783455127
|teamsize|p1|4
|teamsize|p2|4
|start
|switch|p1a: Azumarill|Azumarill, L50, M|100/100
|switch|p1b: Maushold|Maushold-Four, L50|100/100
|switch|p2a: Tinkaton|Tinkaton, L50, F|100/100
|switch|p2b: Floette|Floette-Eternal, L50, F|100/100
|-ability|p2a: Tinkaton|Mold Breaker
|turn|1
|
|t:|1783455151
|switch|p2b: Incineroar|Incineroar, L50, M|100/100
|-ability|p2b: Incineroar|Intimidate|boost
|-unboost|p1a: Azumarill|atk|1
|-unboost|p1b: Maushold|atk|1
|move|p2a: Tinkaton|Fake Out|p1a: Azumarill
|-damage|p1a: Azumarill|88/100
|move|p1b: Maushold|Follow Me|p1b: Maushold
|-singleturn|p1b: Maushold|move: Follow Me
|cant|p1a: Azumarill|flinch
|
|upkeep
|turn|2
|
|t:|1783455163
|switch|p1b: Scrafty|Scrafty, L50, F|100/100
|-ability|p1b: Scrafty|Intimidate|boost
|-unboost|p2a: Tinkaton|atk|1
|-unboost|p2b: Incineroar|atk|1
|switch|p2a: Floette|Floette-Eternal, L50, F|100/100
|move|p1a: Azumarill|Protect|p1a: Azumarill
|-singleturn|p1a: Azumarill|Protect
|move|p2b: Incineroar|Fake Out|p1a: Azumarill
|-activate|p1a: Azumarill|move: Protect
|
|upkeep
|turn|3
|
|t:|1783455183
|switch|p2b: Tinkaton|Tinkaton, L50, F|100/100
|-ability|p2b: Tinkaton|Mold Breaker
|detailschange|p2a: Floette|Floette-Mega, L50, F
|-mega|p2a: Floette|Floette|Floettite
|-ability|p2a: Floette|Fairy Aura
|move|p1b: Scrafty|Fake Out|p2a: Floette
|-damage|p2a: Floette|88/100
|cant|p2a: Floette|flinch
|move|p1a: Azumarill|Belly Drum|p1a: Azumarill
|-damage|p1a: Azumarill|38/100
|-setboost|p1a: Azumarill|atk|6|[from] move: Belly Drum
|-enditem|p1a: Azumarill|Sitrus Berry|[eat]
|-heal|p1a: Azumarill|63/100|[from] item: Sitrus Berry
|
|upkeep
|turn|4
|inactive|moosinator32 has 30 seconds left.
|
|t:|1783455210
|switch|p2a: Incineroar|Incineroar, L50, M|100/100
|-ability|p2a: Incineroar|Intimidate|boost
|-unboost|p1a: Azumarill|atk|1
|-unboost|p1b: Scrafty|atk|1
|switch|p1b: Maushold|Maushold-Four, L50|100/100
|move|p1a: Azumarill|Protect|p1a: Azumarill
|-singleturn|p1a: Azumarill|Protect
|move|p2b: Tinkaton|Fake Out|p1a: Azumarill
|-activate|p1a: Azumarill|move: Protect
|
|upkeep
|turn|5
|
|t:|1783455232
|move|p2a: Incineroar|Fake Out|p1a: Azumarill
|-damage|p1a: Azumarill|54/100
|cant|p1a: Azumarill|flinch
|move|p1b: Maushold|Population Bomb|p2a: Incineroar
|-damage|p2a: Incineroar|93/100
|-damage|p2a: Incineroar|86/100
|-damage|p2a: Incineroar|79/100
|-damage|p2a: Incineroar|72/100
|-hitcount|p2a: Incineroar|4
|move|p2b: Tinkaton|Gigaton Hammer|p1a: Azumarill
|-damage|p1a: Azumarill|0 fnt
|faint|p1a: Azumarill
|
|upkeep
|-message|moosinator32 forfeited.
|
|win|asefito
|raw|moosinator32's rating: 1094 → 1073(-21 for losing)
|raw|asefito's rating: 1142 → 1164(+22 for winning)
