|j|☆bruGno
|j|☆the rainy mouse
|html|bruGnothe rainy mouse    
|uhtml|bestof|Game 3 of a best-of-3
|t:|1786192456
|gametype|doubles
|player|p1|bruGno|ash-kalos|1406
|player|p2|the rainy mouse|1|1337
|gen|9
|tier|[Gen 9 Champions] VGC 2026 Reg M-B (Bo3)
|rated|
|rule|Species Clause: Limit one of each Pokémon
|rule|Item Clause: Limit 1 of each item
|clearpoke
|poke|p1|Staraptor, L50, F|
|poke|p1|Arcanine-Hisui, L50, F|
|poke|p1|Kingambit, L50, M|
|poke|p1|Sylveon, L50, F|
|poke|p1|Raichu, L50, M|
|poke|p1|Farigiraf, L50, M|
|poke|p2|Floette-Eternal, L50, F|
|poke|p2|Sinistcha, L50|
|poke|p2|Venusaur, L50, M|
|poke|p2|Incineroar, L50, M|
|poke|p2|Charizard, L50, M|
|poke|p2|Garchomp, L50, M|
|teampreview|4
|showteam|p1|Staraptor||Staraptite|Intimidate|DualWingbeat,CloseCombat,Tailwind,Protect|Jolly||F|||50|]Arcanine-Hisui||FocusSash|RockHead|FlareBlitz,HeadSmash,ExtremeSpeed,Protect|Jolly||F|||50|]Kingambit||LifeOrb|Defiant|KowtowCleave,SuckerPunch,SwordsDance,Protect|Adamant||M|||50|]Sylveon||FairyFeather|Pixilate|HyperVoice,HyperBeam,QuickAttack,Detect|Modest||F|||50|]Raichu||RaichuniteY|LightningRod|ZapCannon,FocusBlast,FakeOut,Protect|Timid||M|||50|]Farigiraf||SitrusBerry|ArmorTail|Psychic,HelpingHand,TrickRoom,Protect|Bold||M|||50|
|showteam|p2|Floette-Eternal||Floettite|FlowerVeil|DazzlingGleam,DrainingKiss,CalmMind,Protect|Timid||F|||50|]Sinistcha||ColburBerry|Hospitality|TrickRoom,Protect,MatchaGotcha,RagePowder|Bold|||||50|]Venusaur||FocusSash|Chlorophyll|SludgeBomb,LeafStorm,Protect,SleepPowder|Modest||M|||50|]Incineroar||SitrusBerry|Intimidate|FlareBlitz,FakeOut,ThroatChop,PartingShot|Careful||M|||50|]Charizard||CharizarditeY|Blaze|WeatherBall,HeatWave,AncientPower,Protect|Modest||M|||50|]Garchomp||ChoiceScarf|RoughSkin|RockSlide,DragonClaw,Earthquake,StompingTantrum|Adamant||M|||50|
|inactive|Battle timer is ON: inactive players will automatically lose when time's up. (requested by the rainy mouse)
|inactive|bruGno has 60 seconds left.
|
|t:|1786192510
|teamsize|p1|4
|teamsize|p2|4
|start
|switch|p1a: Arcanine|Arcanine-Hisui, L50, F|100/100
|switch|p1b: Raichu|Raichu, L50, M|100/100
|switch|p2a: Charizard|Charizard, L50, M|100/100
|switch|p2b: Garchomp|Garchomp, L50, M|100/100
|turn|1
|inactive|the rainy mouse has 30 seconds left.
|
|t:|1786192536
|switch|p1b: Staraptor|Staraptor, L50, F|100/100
|-ability|p1b: Staraptor|Intimidate|boost
|-unboost|p2a: Charizard|atk|1
|-unboost|p2b: Garchomp|atk|1
|move|p2a: Charizard|Protect|p2a: Charizard
|-singleturn|p2a: Charizard|Protect
|move|p2b: Garchomp|Earthquake|p1b: Staraptor|[spread] p1a
|-activate|p2a: Charizard|move: Protect
|-immune|p1b: Staraptor
|-supereffective|p1a: Arcanine|2
|-enditem|p1a: Arcanine|Focus Sash
|-damage|p1a: Arcanine|1/100
|move|p1a: Arcanine|Head Smash|p2a: Charizard
|-activate|p2a: Charizard|move: Protect
|
|upkeep
|turn|2
|
|t:|1786192555
|detailschange|p1b: Staraptor|Staraptor-Mega, L50, F
|-mega|p1b: Staraptor|Staraptor|Staraptite
|detailschange|p2a: Charizard|Charizard-Mega-Y, L50, M
|-mega|p2a: Charizard|Charizard|Charizardite Y
|-weather|SunnyDay|[from] ability: Drought|[of] p2a: Charizard
|move|p1a: Arcanine|Protect|p1a: Arcanine
|-singleturn|p1a: Arcanine|Protect
|move|p2b: Garchomp|Earthquake|p1b: Staraptor|[spread] 
|-activate|p1a: Arcanine|move: Protect
|-immune|p2a: Charizard
|-immune|p1b: Staraptor
|move|p1b: Staraptor|Tailwind|p1b: Staraptor
|-sidestart|p1: bruGno|move: Tailwind
|move|p2a: Charizard|Weather Ball|p1b: Staraptor
|-damage|p1b: Staraptor|9/100
|
|-weather|SunnyDay|[upkeep]
|upkeep
|turn|3
|inactive|bruGno has 30 seconds left.
|inactive|the rainy mouse has 30 seconds left.
|inactive|bruGno has 20 seconds left.
|inactive|bruGno has 15 seconds left.
|
|t:|1786192597
|move|p2a: Charizard|Protect|p2a: Charizard
|-singleturn|p2a: Charizard|Protect
|move|p1b: Staraptor|Close Combat|p2a: Charizard
|-activate|p2a: Charizard|move: Protect
|move|p1a: Arcanine|Flare Blitz|p2a: Charizard
|-activate|p2a: Charizard|move: Protect
|move|p2b: Garchomp|Earthquake|p1a: Arcanine|[spread] p1a
|-activate|p2a: Charizard|move: Protect
|-immune|p1b: Staraptor
|-supereffective|p1a: Arcanine|2
|-damage|p1a: Arcanine|0 fnt
|faint|p1a: Arcanine
|
|-weather|SunnyDay|[upkeep]
|upkeep
|
|t:|1786192600
|switch|p1a: Sylveon|Sylveon, L50, F|100/100
|turn|4
|
|t:|1786192618
|move|p1b: Staraptor|Dual Wingbeat|p2a: Charizard
|-damage|p2a: Charizard|76/100
|-damage|p2a: Charizard|55/100
|-hitcount|p2a: Charizard|2
|move|p2b: Garchomp|Earthquake|p1a: Sylveon|[spread] p1a
|-immune|p2a: Charizard
|-immune|p1b: Staraptor
|-damage|p1a: Sylveon|69/100
|move|p1a: Sylveon|Hyper Voice|p2b: Garchomp|[spread] p2a,p2b
|-resisted|p2a: Charizard|1
|-supereffective|p2b: Garchomp|1
|-damage|p2a: Charizard|34/100
|-damage|p2b: Garchomp|4/100
|move|p2a: Charizard|Heat Wave|p1b: Staraptor|[spread] p1a,p1b
|-damage|p1a: Sylveon|19/100
|-damage|p1b: Staraptor|0 fnt
|faint|p1b: Staraptor
|
|-weather|SunnyDay|[upkeep]
|upkeep
|
|t:|1786192631
|switch|p1b: Raichu|Raichu, L50, M|100/100
|turn|5
|
|t:|1786192639
|switch|p2b: Incineroar|Incineroar, L50, M|100/100
|-ability|p2b: Incineroar|Intimidate|boost
|-unboost|p1a: Sylveon|atk|1
|-unboost|p1b: Raichu|atk|1
|move|p2a: Charizard|Protect|p2a: Charizard
|-singleturn|p2a: Charizard|Protect
|move|p1b: Raichu|Fake Out|p2b: Incineroar
|-damage|p2b: Incineroar|95/100
|move|p1a: Sylveon|Hyper Voice|p2a: Charizard|[spread] p2b
|-activate|p2a: Charizard|move: Protect
|-damage|p2b: Incineroar|54/100
|
|-weather|SunnyDay|[upkeep]
|-sideend|p1: bruGno|move: Tailwind
|upkeep
|turn|6
|
|t:|1786192650
|move|p1b: Raichu|Protect|p1b: Raichu
|-singleturn|p1b: Raichu|Protect
|move|p1a: Sylveon|Detect|p1a: Sylveon
|-singleturn|p1a: Sylveon|Protect
|move|p2b: Incineroar|Fake Out|p1b: Raichu
|-activate|p1b: Raichu|move: Protect
|move|p2a: Charizard|Weather Ball|p1a: Sylveon
|-activate|p1a: Sylveon|move: Protect
|
|-weather|none
|upkeep
|turn|7
|
|t:|1786192664
|move|p1b: Raichu|Zap Cannon|p2a: Charizard|[miss]
|-miss|p1b: Raichu|p2a: Charizard
|move|p2a: Charizard|Heat Wave|p1b: Raichu|[spread] p1a,p1b
|-damage|p1a: Sylveon|0 fnt
|-damage|p1b: Raichu|49/100
|faint|p1a: Sylveon
|move|p2b: Incineroar|Flare Blitz|p1b: Raichu
|-damage|p1b: Raichu|0 fnt
|faint|p1b: Raichu
|-damage|p2b: Incineroar|41/100|[from] Recoil
|-enditem|p2b: Incineroar|Sitrus Berry|[eat]
|-heal|p2b: Incineroar|65/100|[from] item: Sitrus Berry
|
|win|the rainy mouse
|raw|bruGno's rating: 1406 → 1382(-24 for losing)
|raw|the rainy mouse's rating: 1337 → 1361(+24 for winning)
|l|☆bruGno
|player|p1|
|j|☆bruGno
|player|p1|bruGno|ash-kalos|
|l|☆bruGno
|player|p1|
