|j|‽Giraldo567
|j|☆TMJS01
|html|Giraldo567TMJS01    
|uhtml|bestof|Game 2 of a best-of-3
|t:|1782498866
|gametype|doubles
|player|p1|Giraldo567|101|1253
|player|p2|TMJS01|unknown|1379
|gen|9
|tier|[Gen 9 Champions] VGC 2026 Reg M-B (Bo3)
|rated|
|rule|Species Clause: Limit one of each Pokémon
|rule|Item Clause: Limit 1 of each item
|clearpoke
|poke|p1|Charizard, L50, F|
|poke|p1|Milotic, L50, M|
|poke|p1|Incineroar, L50, M|
|poke|p1|Sneasler, L50, F|
|poke|p1|Basculegion, L50, M|
|poke|p1|Sinistcha-Masterpiece, L50|
|poke|p2|Sinistcha, L50|
|poke|p2|Incineroar, L50, F|
|poke|p2|Garchomp, L50, F|
|poke|p2|Floette-Eternal, L50, F|
|poke|p2|Delphox, L50, F|
|poke|p2|Kingambit, L50, M|
|teampreview|4
|showteam|p1|Charizard||CharizarditeY|Blaze|Protect,HeatWave,WeatherBall,SolarBeam|Modest||F|||50|]Milotic||Leftovers|Competitive|Coil,Hypnosis,Protect,MuddyWater|Calm||M|||50|]Incineroar||ChopleBerry|Intimidate|FakeOut,DarkestLariat,FlareBlitz,PartingShot|Adamant||M|||50|]Sneasler||FocusSash|PoisonTouch|FakeOut,DireClaw,CloseCombat,Protect|Adamant||F|||50|]Basculegion||ChoiceScarf|Adaptability|FlipTurn,WaveCrash,AquaJet,LastRespects|Jolly||M|||50|]Sinistcha-Masterpiece||SitrusBerry|Hospitality|RagePowder,Protect,MatchaGotcha,LifeDew|Bold|||||50|
|showteam|p2|Sinistcha||KasibBerry|Hospitality|MatchaGotcha,RagePowder,TrickRoom,LifeDew|Relaxed|||||50|]Incineroar||ChopleBerry|Intimidate|ThroatChop,FlareBlitz,PartingShot,FakeOut|Impish||F|||50|]Garchomp||LifeOrb|RoughSkin|ScaleShot,StompingTantrum,Protect,RockTomb|Jolly||F|||50|]Floette-Eternal||Floettite|FlowerVeil|Protect,CalmMind,Moonblast,DazzlingGleam|Modest||F|||50|]Delphox||Delphoxite|Blaze|NastyPlot,HeatWave,Psyshock,Protect|Timid||F|||50|]Kingambit||FocusSash|Defiant|SuckerPunch,IronHead,KowtowCleave,LowKick|Brave||M|||50|
|inactive|Battle timer is ON: inactive players will automatically lose when time's up. (requested by TMJS01)
|
|t:|1782498888
|teamsize|p1|4
|teamsize|p2|4
|start
|switch|p1a: Milotic|Milotic, L50, M|100/100
|switch|p1b: Incineroar|Incineroar, L50, M|100/100
|switch|p2a: Delphox|Delphox, L50, F|100/100
|switch|p2b: Incineroar|Incineroar, L50, F|100/100
|-ability|p2b: Incineroar|Intimidate|boost
|-unboost|p1a: Milotic|atk|1
|-ability|p1a: Milotic|Competitive|boost
|-boost|p1a: Milotic|spa|2
|-unboost|p1b: Incineroar|atk|1
|-ability|p1b: Incineroar|Intimidate|boost
|-unboost|p2a: Delphox|atk|1
|-unboost|p2b: Incineroar|atk|1
|turn|1
|inactive|Giraldo567 has 30 seconds left.
|
|t:|1782498915
|detailschange|p2a: Delphox|Delphox-Mega, L50, F
|-mega|p2a: Delphox|Delphox|Delphoxite
|move|p2b: Incineroar|Fake Out|p1a: Milotic
|-damage|p1a: Milotic|93/100
|move|p1b: Incineroar|Fake Out|p2a: Delphox
|-damage|p2a: Delphox|86/100
|cant|p2a: Delphox|flinch
|cant|p1a: Milotic|flinch
|
|-heal|p1a: Milotic|99/100|[from] item: Leftovers
|upkeep
|turn|2
|
|t:|1782498930
|move|p2a: Delphox|Nasty Plot|p2a: Delphox
|-boost|p2a: Delphox|spa|2
|move|p1a: Milotic|Coil|p1a: Milotic
|-boost|p1a: Milotic|atk|1
|-boost|p1a: Milotic|def|1
|-boost|p1a: Milotic|accuracy|1
|move|p2b: Incineroar|Throat Chop|p1b: Incineroar
|-resisted|p1b: Incineroar|1
|-damage|p1b: Incineroar|90/100
|-start|p1b: Incineroar|Throat Chop|[silent]
|move|p1b: Incineroar|Darkest Lariat|p2a: Delphox
|-supereffective|p2a: Delphox|1
|-damage|p2a: Delphox|7/100
|
|-heal|p1a: Milotic|100/100|[from] item: Leftovers
|upkeep
|turn|3
|
|t:|1782498947
|move|p1a: Milotic|Protect|p1a: Milotic
|-singleturn|p1a: Milotic|Protect
|move|p2a: Delphox|Heat Wave|p1b: Incineroar|[spread] p1b
|-activate|p1a: Milotic|move: Protect
|-resisted|p1b: Incineroar|1
|-damage|p1b: Incineroar|50/100y
|move|p2b: Incineroar|Parting Shot|p1b: Incineroar
|-unboost|p1b: Incineroar|atk|1
|-unboost|p1b: Incineroar|spa|1
|
|t:|1782498949
|switch|p2b: Sinistcha|Sinistcha, L50|100/100|[from] Parting Shot
|-heal|p2a: Delphox|32/100|[from] ability: Hospitality|[of] p2b: Sinistcha
|move|p1b: Incineroar|Flare Blitz|p2a: Delphox
|-resisted|p2a: Delphox|1
|-damage|p2a: Delphox|10/100
|-damage|p1b: Incineroar|44/100|[from] Recoil
|
|-end|p1b: Incineroar|Throat Chop|[silent]
|upkeep
|turn|4
|
|t:|1782498967
|move|p2a: Delphox|Heat Wave|p1a: Milotic|[spread] p1a,p1b
|-resisted|p1a: Milotic|1
|-resisted|p1b: Incineroar|1
|-damage|p1a: Milotic|74/100
|-damage|p1b: Incineroar|9/100
|move|p1a: Milotic|Hypnosis|p2b: Sinistcha
|-status|p2b: Sinistcha|slp|[from] move: Hypnosis
|cant|p2b: Sinistcha|slp
|move|p1b: Incineroar|Darkest Lariat|p2a: Delphox
|-supereffective|p2a: Delphox|1
|-damage|p2a: Delphox|0 fnt
|faint|p2a: Delphox
|
|-heal|p1a: Milotic|80/100|[from] item: Leftovers
|upkeep
|
|t:|1782498975
|switch|p2a: Garchomp|Garchomp, L50, F|100/100
|turn|5
|
|t:|1782498988
|switch|p1b: Charizard|Charizard, L50, F|100/100
|move|p2a: Garchomp|Scale Shot|p1b: Charizard
|-damage|p1b: Charizard|77/100
|-damage|p1b: Charizard|52/100
|-damage|p1b: Charizard|29/100
|-damage|p1b: Charizard|7/100
|-hitcount|p1b: Charizard|4
|-unboost|p2a: Garchomp|def|1
|-boost|p2a: Garchomp|spe|1
|-damage|p2a: Garchomp|90/100|[from] item: Life Orb
|move|p1a: Milotic|Hypnosis|p2a: Garchomp
|-status|p2a: Garchomp|slp|[from] move: Hypnosis
|-curestatus|p2b: Sinistcha|slp|[msg]
|move|p2b: Sinistcha|Matcha Gotcha|p1a: Milotic|[spread] p1a,p1b
|-supereffective|p1a: Milotic|1
|-resisted|p1b: Charizard|2
|-damage|p1a: Milotic|50/100y
|-damage|p1b: Charizard|0 fnt
|faint|p1b: Charizard
|
|-heal|p1a: Milotic|55/100|[from] item: Leftovers
|upkeep
|
|t:|1782499005
|switch|p1b: Incineroar|Incineroar, L50, M|9/100
|-ability|p1b: Incineroar|Intimidate|boost
|-unboost|p2a: Garchomp|atk|1
|-unboost|p2b: Sinistcha|atk|1
|turn|6
|
|t:|1782499013
|cant|p2a: Garchomp|slp
|move|p1a: Milotic|Muddy Water|p2b: Sinistcha|[spread] p2a,p2b
|-resisted|p2b: Sinistcha|1
|-damage|p2a: Garchomp|38/100 slp
|-damage|p2b: Sinistcha|79/100
|-unboost|p2b: Sinistcha|accuracy|1
|move|p2b: Sinistcha|Matcha Gotcha|p1a: Milotic|[spread] p1b
|-miss|p2b: Sinistcha|p1a: Milotic
|-resisted|p1b: Incineroar|1
|-damage|p1b: Incineroar|0 fnt
|-heal|p2b: Sinistcha|85/100|[from] drain|[of] p1b: Incineroar
|faint|p1b: Incineroar
|
|-heal|p1a: Milotic|61/100|[from] item: Leftovers
|upkeep
|
|t:|1782499029
|switch|p1b: Sneasler|Sneasler, L50, F|100/100
|turn|7
|
|t:|1782499037
|-curestatus|p2a: Garchomp|slp|[msg]
|move|p2a: Garchomp|Protect|p2a: Garchomp
|-singleturn|p2a: Garchomp|Protect
|move|p1b: Sneasler|Dire Claw|p2b: Sinistcha
|-damage|p2b: Sinistcha|49/100
|-status|p2b: Sinistcha|psn
|move|p1a: Milotic|Muddy Water|p2a: Garchomp|[spread] p2b
|-activate|p2a: Garchomp|move: Protect
|-resisted|p2b: Sinistcha|1
|-damage|p2b: Sinistcha|29/100 psn
|move|p2b: Sinistcha|Matcha Gotcha|p1a: Milotic|[spread] p1b
|-miss|p2b: Sinistcha|p1a: Milotic
|-resisted|p1b: Sneasler|1
|-damage|p1b: Sneasler|84/100
|-heal|p2b: Sinistcha|35/100 psn|[from] drain|[of] p1b: Sneasler
|
|-heal|p1a: Milotic|67/100|[from] item: Leftovers
|-damage|p2b: Sinistcha|23/100 psn|[from] psn
|upkeep
|turn|8
|
|t:|1782499059
|move|p1b: Sneasler|Protect|p1b: Sneasler
|-singleturn|p1b: Sneasler|Protect
|move|p2a: Garchomp|Stomping Tantrum|p1b: Sneasler
|-activate|p1b: Sneasler|move: Protect
|move|p1a: Milotic|Hypnosis|p2a: Garchomp
|-status|p2a: Garchomp|slp|[from] move: Hypnosis
|move|p2b: Sinistcha|Matcha Gotcha|p1b: Sneasler|[spread] 
|-activate|p1b: Sneasler|move: Protect
|-miss|p2b: Sinistcha|p1a: Milotic
|
|-heal|p1a: Milotic|73/100|[from] item: Leftovers
|-damage|p2b: Sinistcha|11/100 psn|[from] psn
|upkeep
|turn|9
|c|☆TMJS01|forfeit
|-message|TMJS01 forfeited.
|
|win|Giraldo567
||TMJS01 is ready for game 3.
||Giraldo567 is ready for game 3.
|uhtml|next|Next: Game 3 of 3
