|j|☆Treit_3
|j|☆1OO% Jesus
|html|Treit_31OO% Jesus    
|uhtml|bestof|Game 2 of a best-of-3
|t:|1783450048
|gametype|doubles
|player|p1|Treit_3|marshal|1149
|player|p2|1OO% Jesus|lillie-z|1154
|gen|9
|tier|[Gen 9 Champions] VGC 2026 Reg M-B (Bo3)
|rated|
|rule|Species Clause: Limit one of each Pokémon
|rule|Item Clause: Limit 1 of each item
|clearpoke
|poke|p1|Scrafty, L50, M|
|poke|p1|Blaziken, L50, M|
|poke|p1|Torterra, L50, F|
|poke|p1|Milotic, L50, M|
|poke|p1|Gholdengo, L50|
|poke|p1|Farigiraf, L50, M|
|poke|p2|Delphox, L50, M|
|poke|p2|Sneasler, L50, M|
|poke|p2|Incineroar, L50, F|
|poke|p2|Sinistcha, L50|
|poke|p2|Maushold-Four, L50|
|poke|p2|Blastoise, L50, F|
|teampreview|4
|showteam|p1|Scrafty||Scraftinite|Intimidate|FakeOut,Coaching,DrainPunch,ThroatChop|Adamant||M|||50|]Blaziken||Blazikenite|SpeedBoost|Detect,RockSlide,FlareBlitz,CloseCombat|Adamant||M|||50|]Torterra||Leftovers|ShellArmor|Protect,WideGuard,HeadlongRush,WoodHammer|Brave||F|||50|]Milotic||MysticWater|Competitive|Protect,Scald,MuddyWater,IceBeam|Modest||M|||50|]Gholdengo||LifeOrb|GoodasGold|Protect,NastyPlot,MakeItRain,ShadowBall|Modest|||||50|]Farigiraf||SitrusBerry|ArmorTail|Protect,TrickRoom,Thunderbolt,HyperVoice|Bold||M|||50|
|showteam|p2|Delphox||Delphoxite|Blaze|HeatWave,Psyshock,NastyPlot,Protect|Timid||M|||50|]Sneasler||FocusSash|PoisonTouch|CloseCombat,PoisonJab,FakeOut,QuickGuard|Jolly||M|||50|]Incineroar||SitrusBerry|Intimidate|FlareBlitz,ThroatChop,FakeOut,PartingShot|Impish||F|||50|]Sinistcha||OccaBerry|Hospitality|MatchaGotcha,RagePowder,LifeDew,Protect|Bold|||||50|]Maushold-Four||ChopleBerry|FriendGuard|FollowMe,Feint,HelpingHand,Protect|Impish|||||50|]Blastoise||Blastoisinite|RainDish|WaterSpout,DarkPulse,ShellSmash,Protect|Modest||F|||50|
|
|t:|1783450075
|teamsize|p1|4
|teamsize|p2|4
|start
|switch|p1a: Milotic|Milotic, L50, M|100/100
|switch|p1b: Farigiraf|Farigiraf, L50, M|100/100
|switch|p2a: Blastoise|Blastoise, L50, F|100/100
|switch|p2b: Maushold|Maushold-Four, L50|100/100
|turn|1
|
|t:|1783450099
|detailschange|p2a: Blastoise|Blastoise-Mega, L50, F
|-mega|p2a: Blastoise|Blastoise|Blastoisinite
|move|p2b: Maushold|Helping Hand|p2a: Blastoise
|-singleturn|p2a: Blastoise|Helping Hand|[of] p2b: Maushold
|move|p2a: Blastoise|Dark Pulse|p1b: Farigiraf
|-supereffective|p1b: Farigiraf|1
|-damage|p1b: Farigiraf|0 fnt
|faint|p1b: Farigiraf
|move|p1a: Milotic|Muddy Water|p2b: Maushold|[spread] p2a,p2b
|-resisted|p2a: Blastoise|1
|-damage|p2a: Blastoise|85/100
|-damage|p2b: Maushold|60/100
|
|upkeep
|
|t:|1783450116
|switch|p1b: Torterra|Torterra, L50, F|100/100
|turn|2
|
|t:|1783450143
|switch|p2a: Sinistcha|Sinistcha, L50|100/100
|-heal|p2b: Maushold|85/100|[from] ability: Hospitality|[of] p2a: Sinistcha
|move|p2b: Maushold|Protect|p2b: Maushold
|-singleturn|p2b: Maushold|Protect
|move|p1b: Torterra|Protect|p1b: Torterra
|-singleturn|p1b: Torterra|Protect
|move|p1a: Milotic|Muddy Water|p2a: Sinistcha|[spread] p2a
|-activate|p2b: Maushold|move: Protect
|-resisted|p2a: Sinistcha|1
|-damage|p2a: Sinistcha|85/100
|
|upkeep
|turn|3
|
|t:|1783450168
|move|p2b: Maushold|Helping Hand|p2a: Sinistcha
|-singleturn|p2a: Sinistcha|Helping Hand|[of] p2b: Maushold
|move|p1b: Torterra|Wide Guard|p1b: Torterra
|-singleturn|p1b: Torterra|Wide Guard
|move|p1a: Milotic|Scald|p2b: Maushold
|-damage|p2b: Maushold|35/100
|move|p2a: Sinistcha|Matcha Gotcha|p1b: Torterra|[spread] 
|-activate|p1a: Milotic|move: Wide Guard
|-activate|p1b: Torterra|move: Wide Guard
|
|upkeep
|turn|4
|
|t:|1783450194
|move|p2b: Maushold|Protect|p2b: Maushold
|-singleturn|p2b: Maushold|Protect
|move|p1a: Milotic|Ice Beam|p2a: Sinistcha
|-supereffective|p2a: Sinistcha|1
|-damage|p2a: Sinistcha|40/100
|move|p2a: Sinistcha|Life Dew|p2a: Sinistcha|[spread] p2a,p2b
|-heal|p2a: Sinistcha|65/100
|-heal|p2b: Maushold|60/100
|move|p1b: Torterra|Wood Hammer|p2a: Sinistcha
|-resisted|p2a: Sinistcha|1
|-damage|p2a: Sinistcha|48/100
|-damage|p1b: Torterra|95/100|[from] Recoil
|
|-heal|p1b: Torterra|100/100|[from] item: Leftovers
|upkeep
|turn|5
|
|t:|1783450220
|move|p2b: Maushold|Helping Hand|p2a: Sinistcha
|-singleturn|p2a: Sinistcha|Helping Hand|[of] p2b: Maushold
|move|p1b: Torterra|Wide Guard|p1b: Torterra
|-singleturn|p1b: Torterra|Wide Guard
|move|p1a: Milotic|Muddy Water|p2a: Sinistcha|[spread] p2a,p2b
|-resisted|p2a: Sinistcha|1
|-damage|p2a: Sinistcha|34/100
|-damage|p2b: Maushold|21/100
|move|p2a: Sinistcha|Matcha Gotcha|p1a: Milotic|[spread] 
|-activate|p1a: Milotic|move: Wide Guard
|-activate|p1b: Torterra|move: Wide Guard
|
|upkeep
|turn|6
|
|t:|1783450247
|move|p1b: Torterra|Wide Guard|p1b: Torterra
|-singleturn|p1b: Torterra|Wide Guard
|move|p2b: Maushold|Feint|p1b: Torterra
|-activate|p1b: Torterra|move: Feint
|-damage|p1b: Torterra|92/100
|move|p1a: Milotic|Ice Beam|p2a: Sinistcha
|-supereffective|p2a: Sinistcha|1
|-damage|p2a: Sinistcha|0 fnt
|faint|p2a: Sinistcha
|
|-heal|p1b: Torterra|98/100|[from] item: Leftovers
|upkeep
|
|t:|1783450251
|switch|p2a: Blastoise|Blastoise-Mega, L50, F|85/100
|turn|7
|
|t:|1783450267
|move|p2b: Maushold|Helping Hand|p2a: Blastoise
|-singleturn|p2a: Blastoise|Helping Hand|[of] p2b: Maushold
|move|p2a: Blastoise|Dark Pulse|p1b: Torterra
|-damage|p1b: Torterra|27/100
|move|p1a: Milotic|Muddy Water|p2b: Maushold|[spread] p2a,p2b
|-resisted|p2a: Blastoise|1
|-damage|p2a: Blastoise|71/100
|-damage|p2b: Maushold|0 fnt
|faint|p2b: Maushold
|move|p1b: Torterra|Wood Hammer|p2a: Blastoise
|-supereffective|p2a: Blastoise|1
|-damage|p2a: Blastoise|0 fnt
|faint|p2a: Blastoise
|-damage|p1b: Torterra|9/100|[from] Recoil
|
|-heal|p1b: Torterra|15/100|[from] item: Leftovers
|upkeep
|-message|1OO% Jesus forfeited.
|
|win|Treit_3
|raw|Treit_3's rating: 1149 → 1174(+25 for winning)
|raw|1OO% Jesus's rating: 1154 → 1129(-25 for losing)
|l|☆1OO% Jesus
|player|p2|
