|j|☆Gyaradostyranitar
|j|☆RegionalModeSlow
|html|GyaradostyranitarRegionalModeSlow    
|uhtml|bestof|Game 1 of a best-of-3
|t:|1756315754
|gametype|doubles
|player|p1|Gyaradostyranitar|adaman|1155
|player|p2|RegionalModeSlow|steven|1066
|gen|9
|tier|[Gen 9] VGC 2025 Reg H (Bo3)
|rated|
|rule|Species Clause: Limit one of each Pokémon
|rule|Item Clause: Limit 1 of each item
|clearpoke
|poke|p1|Garchomp, L50, M|
|poke|p1|Talonflame, L50, F|
|poke|p1|Slaking, L50, F|
|poke|p1|Weezing-Galar, L50, F|
|poke|p1|Sinistcha-Masterpiece, L50|
|poke|p1|Kingambit, L50, M|
|poke|p2|Noivern, L50, M|
|poke|p2|Weezing-Galar, L50, M|
|poke|p2|Gholdengo, L50|
|poke|p2|Garchomp, L50, M|
|poke|p2|Annihilape, L50, M|
|poke|p2|Magmar, L50, F|
|teampreview|4
|showteam|p1|Garchomp||ClearAmulet|RoughSkin|DragonClaw,Earthquake,SwordsDance,Protect|||M|||50|,,,,,Fire]Talonflame||FocusSash|GaleWings|DualWingbeat,Tailwind,BraveBird,FlareBlitz|||F|||50|,,,,,Ghost]Slaking||LifeOrb|Truant|DoubleEdge,DrainPunch,PlayRough,Protect|||F|||50|,,,,,Fighting]Weezing-Galar||SitrusBerry|NeutralizingGas|StrangeSteam,Taunt,WillOWisp,Protect|||F|||50|,,,,,Flying]Sinistcha-Masterpiece||RockyHelmet|Hospitality|MatchaGotcha,ShadowBall,RagePowder,StrengthSap||||||50|,,,,,Fairy]Kingambit||AssaultVest|Defiant|KowtowCleave,IronHead,SuckerPunch,LowKick|||M|||50|,,,,,Fairy
|showteam|p2|Noivern||CovertCloak|Telepathy|AirSlash,SuperFang,Tailwind,Taunt|||M|||50|,,,,,Steel]Weezing-Galar||ChoiceSpecs|NeutralizingGas|DazzlingGleam,SludgeBomb,StrangeSteam,Flamethrower|||M|||50|,,,,,Flying]Gholdengo||MetalCoat|GoodasGold|MakeItRain,ShadowBall,NastyPlot,Protect||||||50|,,,,,Flying]Garchomp||LifeOrb|RoughSkin|DragonClaw,Earthquake,StompingTantrum,Protect|||M|||50|,,,,,Ground]Annihilape||AssaultVest|Defiant|CloseCombat,ShadowClaw,FinalGambit,Uturn|||M|||50|,,,,,Stellar]Magmar||Eviolite|VitalSpirit|HeatWave,WillOWisp,FollowMe,Protect|||F|||50|,,,,,Ghost
|inactive|Battle timer is ON: inactive players will automatically lose when time's up. (requested by RegionalModeSlow)
|inactive|Gyaradostyranitar also wants the timer to be on.
|inactive|RegionalModeSlow has 60 seconds left.
|
|t:|1756315786
|teamsize|p1|4
|teamsize|p2|4
|start
|switch|p1a: Garchomp|Garchomp, L50, M|100/100
|switch|p1b: Talonflame|Talonflame, L50, F|100/100
|switch|p2a: Ozzy|Noivern, L50, M|100/100
|switch|p2b: Blåhaj|Garchomp, L50, M|100/100
|turn|1
|inactive|Gyaradostyranitar has 30 seconds left.
|inactive|Gyaradostyranitar has 20 seconds left.
|inactive|RegionalModeSlow has 30 seconds left.
|inactive|Gyaradostyranitar has 15 seconds left.
|inactive|Gyaradostyranitar has 10 seconds left.
|inactive|Gyaradostyranitar has 5 seconds left.
|
|t:|1756315838
|-terastallize|p2b: Blåhaj|Ground
|move|p1a: Garchomp|Protect|p1a: Garchomp
|-singleturn|p1a: Garchomp|Protect
|move|p1b: Talonflame|Tailwind|p1b: Talonflame
|-sidestart|p1: Gyaradostyranitar|move: Tailwind
|move|p2a: Ozzy|Tailwind|p2a: Ozzy
|-sidestart|p2: RegionalModeSlow|move: Tailwind
|move|p2b: Blåhaj|Stomping Tantrum|p1a: Garchomp
|-activate|p1a: Garchomp|move: Protect
|
|upkeep
|turn|2
|
|t:|1756315856
|move|p1b: Talonflame|Brave Bird|p2b: Blåhaj
|-damage|p2b: Blåhaj|59/100
|-damage|p1b: Talonflame|88/100|[from] ability: Rough Skin|[of] p2b: Blåhaj
|-damage|p1b: Talonflame|71/100|[from] Recoil
|move|p2a: Ozzy|Super Fang|p1a: Garchomp
|-damage|p1a: Garchomp|50/100
|-damage|p2a: Ozzy|88/100|[from] ability: Rough Skin|[of] p1a: Garchomp
|move|p1a: Garchomp|Earthquake|p2b: Blåhaj|[spread] p2b
|-immune|p1b: Talonflame
|-immune|p2a: Ozzy
|-damage|p2b: Blåhaj|20/100
|move|p2b: Blåhaj|Earthquake|p1b: Talonflame|[spread] p1a
|-activate|p2a: Ozzy|ability: Telepathy
|-immune|p1b: Talonflame
|-damage|p1a: Garchomp|0 fnt
|faint|p1a: Garchomp
|-damage|p2b: Blåhaj|11/100|[from] item: Life Orb
|
|upkeep
|
|t:|1756315865
|switch|p1a: Slaking|Slaking, L50, F|100/100
|turn|3
|
|t:|1756315878
|switch|p2b: Väinämöinen|Annihilape, L50, M, shiny|100/100
|move|p1b: Talonflame|Brave Bird|p2b: Väinämöinen
|-supereffective|p2b: Väinämöinen
|-damage|p2b: Väinämöinen|0 fnt
|faint|p2b: Väinämöinen
|-damage|p1b: Talonflame|29/100|[from] Recoil
|move|p2a: Ozzy|Air Slash|p1b: Talonflame
|-damage|p1b: Talonflame|0 fnt
|faint|p1b: Talonflame
|move|p1a: Slaking|Double-Edge|p2a: Ozzy
|-damage|p2a: Ozzy|0 fnt
|faint|p2a: Ozzy
|-damage|p1a: Slaking|78/100|[from] Recoil
|-damage|p1a: Slaking|68/100|[from] item: Life Orb
|
|upkeep
|
|t:|1756315890
|switch|p1b: Weezing|Weezing-Galar, L50, F|100/100
|switch|p2a: Steely Dan|Gholdengo, L50, shiny|100/100
|switch|p2b: Blåhaj|Garchomp, L50, M, tera:Ground|11/100
|-ability|p1b: Weezing|Neutralizing Gas
|turn|4
|
|t:|1756315901
|-terastallize|p1b: Weezing|Flying
|move|p1a: Slaking|Protect|p1a: Slaking
|-singleturn|p1a: Slaking|Protect
|move|p2a: Steely Dan|Protect|p2a: Steely Dan
|-singleturn|p2a: Steely Dan|Protect
|move|p2b: Blåhaj|Earthquake|p1a: Slaking|[spread] 
|-activate|p2a: Steely Dan|move: Protect
|-activate|p1a: Slaking|move: Protect
|-immune|p1b: Weezing
|move|p1b: Weezing|Strange Steam|p2b: Blåhaj
|-damage|p2b: Blåhaj|0 fnt
|faint|p2b: Blåhaj
|
|-sideend|p2: RegionalModeSlow|move: Tailwind
|-sideend|p1: Gyaradostyranitar|move: Tailwind
|upkeep
|turn|5
|
|t:|1756315916
|move|p1a: Slaking|Play Rough|p2a: Steely Dan
|-resisted|p2a: Steely Dan
|-damage|p2a: Steely Dan|75/100
|-damage|p1a: Slaking|58/100|[from] item: Life Orb
|move|p2a: Steely Dan|Nasty Plot|p2a: Steely Dan
|-boost|p2a: Steely Dan|spa|2
|move|p1b: Weezing|Will-O-Wisp|p2a: Steely Dan|[miss]
|-miss|p1b: Weezing|p2a: Steely Dan
|
|upkeep
|turn|6
|
|t:|1756315925
|move|p1a: Slaking|Play Rough|p2a: Steely Dan
|-resisted|p2a: Steely Dan
|-crit|p2a: Steely Dan
|-damage|p2a: Steely Dan|37/100
|-damage|p1a: Slaking|49/100|[from] item: Life Orb
|move|p2a: Steely Dan|Make It Rain|p1a: Slaking|[spread] p1a,p1b
|-damage|p1a: Slaking|0 fnt
|-damage|p1b: Weezing|0 fnt
|-unboost|p2a: Steely Dan|spa|1
|faint|p1a: Slaking
|faint|p1b: Weezing
|-end|p1b: Weezing|ability: Neutralizing Gas
|
|win|RegionalModeSlow
