|j|☆Hackervgc
|j|☆go to vr
|html|Hackervgcgo to vr    
|uhtml|bestof|Game 3 of a best-of-3
|t:|1756568172
|gametype|doubles
|player|p1|Hackervgc|gentleman-gen4|
|player|p2|go to vr|colress|
|gen|9
|tier|[Gen 9] VGC 2025 Reg H (Bo3)
|rule|Species Clause: Limit one of each Pokémon
|rule|Item Clause: Limit 1 of each item
|clearpoke
|poke|p1|Kingambit, L50, F|
|poke|p1|Magmar, L50, M|
|poke|p1|Dragonite, L50, F|
|poke|p1|Sneasler, L50, M|
|poke|p1|Ursaluna-Bloodmoon, L50, M|
|poke|p1|Farigiraf, L50, M|
|poke|p2|Kilowattrel, L50, F|
|poke|p2|Gholdengo, L50|
|poke|p2|Ursaluna, L50, F|
|poke|p2|Incineroar, L50, M|
|poke|p2|Dragonite, L50, M|
|poke|p2|Ninetales-Alola, L50, M|
|teampreview|4
|showteam|p1|Kingambit||AssaultVest|Defiant|KowtowCleave,SuckerPunch,LowKick,TeraBlast|||F|||50|,,,,,Flying]Magmar||Eviolite|VitalSpirit|FollowMe,Protect,Flamethrower,WillOWisp|||M|||50|,,,,,Grass]Dragonite||LoadedDice|Multiscale|ScaleShot,Protect,Haze,Tailwind|||F|||50|,,,,,Fairy]Sneasler||FocusSash|Unburden|ThroatChop,DireClaw,CloseCombat,Protect|||M|||50|,,,,,Stellar]Ursaluna-Bloodmoon||LifeOrb|MindsEye|BloodMoon,Protect,EarthPower,HyperVoice|||M|||50|,,,,,Normal]Farigiraf||SitrusBerry|ArmorTail|TrickRoom,HelpingHand,Psychic,Protect|||M|||50|,,,,,Water
|showteam|p2|Kilowattrel||FocusSash|Competitive|Tailwind,Protect,Thunderbolt,AirSlash|||F|||50|,,,,,Ghost]Gholdengo||LifeOrb|GoodasGold|NastyPlot,Protect,ShadowBall,MakeItRain||||||50|,,,,,Dragon]Ursaluna||FlameOrb|Guts|Earthquake,Protect,Facade,HeadlongRush|||F|||50|,,,,,Fairy]Incineroar||RockyHelmet|Intimidate|PartingShot,FlareBlitz,KnockOff,FakeOut|||M|||50|,,,,,Bug]Dragonite||LoadedDice|Multiscale|ScaleShot,Tailwind,Haze,Protect|||M|||50|,,,,,Fairy]Ninetales-Alola||NeverMeltIce|SnowWarning|Encore,Blizzard,FreezeDry,Protect|||M|||50|,,,,,Ghost
|inactive|Battle timer is ON: inactive players will automatically lose when time's up. (requested by go to vr)
|inactive|Hackervgc has 60 seconds left.
|
|t:|1756568212
|teamsize|p1|4
|teamsize|p2|4
|start
|switch|p1a: Kingambit|Kingambit, L50, F|100/100
|switch|p1b: Farigiraf|Farigiraf, L50, M|100/100
|switch|p2a: Kilowattrel|Kilowattrel, L50, F, shiny|100/100
|switch|p2b: Dragonite|Dragonite, L50, M, shiny|100/100
|turn|1
|inactive|Hackervgc has 30 seconds left.
|
|t:|1756568238
|move|p1b: Farigiraf|Protect|p1b: Farigiraf
|-singleturn|p1b: Farigiraf|Protect
|move|p2a: Kilowattrel|Thunderbolt|p1b: Farigiraf
|-activate|p1b: Farigiraf|move: Protect
|move|p2b: Dragonite|Scale Shot|p1b: Farigiraf
|-activate|p1b: Farigiraf|move: Protect
|move|p1a: Kingambit|Kowtow Cleave|p2b: Dragonite
|-damage|p2b: Dragonite|73/100
|
|upkeep
|turn|2
|
|t:|1756568253
|move|p2a: Kilowattrel|Thunderbolt|p1b: Farigiraf
|-damage|p1b: Farigiraf|66/100
|move|p2b: Dragonite|Scale Shot|p1b: Farigiraf
|-damage|p1b: Farigiraf|52/100
|-damage|p1b: Farigiraf|37/100
|-enditem|p1b: Farigiraf|Sitrus Berry|[eat]
|-heal|p1b: Farigiraf|62/100|[from] item: Sitrus Berry
|-damage|p1b: Farigiraf|48/100
|-damage|p1b: Farigiraf|34/100
|-hitcount|p1b: Farigiraf|4
|-unboost|p2b: Dragonite|def|1
|-boost|p2b: Dragonite|spe|1
|move|p1a: Kingambit|Kowtow Cleave|p2a: Kilowattrel
|-damage|p2a: Kilowattrel|9/100
|move|p1b: Farigiraf|Trick Room|p1b: Farigiraf
|-fieldstart|move: Trick Room|[of] p1b: Farigiraf
|
|upkeep
|turn|3
|inactive|go to vr has 30 seconds left.
|inactive|Hackervgc has 30 seconds left.
|
|t:|1756568289
|switch|p1b: Ursaluna|Ursaluna-Bloodmoon, L50, M|100/100
|switch|p2a: Ursaluna|Ursaluna, L50, F, shiny|100/100
|-terastallize|p2b: Dragonite|Fairy
|move|p1a: Kingambit|Kowtow Cleave|p2b: Dragonite
|-resisted|p2b: Dragonite
|-damage|p2b: Dragonite|35/100
|move|p2b: Dragonite|Scale Shot|p1b: Ursaluna
|-damage|p1b: Ursaluna|90/100
|-damage|p1b: Ursaluna|79/100
|-damage|p1b: Ursaluna|68/100
|-damage|p1b: Ursaluna|57/100
|-damage|p1b: Ursaluna|47/100
|-hitcount|p1b: Ursaluna|5
|-unboost|p2b: Dragonite|def|1
|-boost|p2b: Dragonite|spe|1
|
|-status|p2a: Ursaluna|brn|[from] item: Flame Orb
|upkeep
|turn|4
|inactive|go to vr has 30 seconds left.
|inactive|go to vr has 20 seconds left.
|inactive|go to vr has 15 seconds left.
|inactive|go to vr has 10 seconds left.
|inactive|go to vr has 5 seconds left.
|
|t:|1756568339
|-terastallize|p1b: Ursaluna|Normal
|move|p1a: Kingambit|Low Kick|p2a: Ursaluna
|-supereffective|p2a: Ursaluna
|-damage|p2a: Ursaluna|23/100 brn
|move|p1b: Ursaluna|Hyper Voice|p2a: Ursaluna|[spread] p2a,p2b
|-damage|p2a: Ursaluna|0 fnt
|-damage|p2b: Dragonite|0 fnt
|faint|p2a: Ursaluna
|faint|p2b: Dragonite
|-damage|p1b: Ursaluna|37/100|[from] item: Life Orb
|
|upkeep
|
|t:|1756568345
|switch|p2a: Ninetales|Ninetales-Alola, L50, M|100/100
|switch|p2b: Kilowattrel|Kilowattrel, L50, F, shiny|9/100
|-weather|Snowscape|[from] ability: Snow Warning|[of] p2a: Ninetales
|turn|5
|j| pokeandreaaa
|
|t:|1756568358
|move|p2b: Kilowattrel|Protect|p2b: Kilowattrel
|-singleturn|p2b: Kilowattrel|Protect
|move|p1b: Ursaluna|Hyper Voice|p2b: Kilowattrel|[spread] p2a
|-activate|p2b: Kilowattrel|move: Protect
|-damage|p2a: Ninetales|20/100
|-damage|p1b: Ursaluna|27/100|[from] item: Life Orb
|move|p1a: Kingambit|Kowtow Cleave|p2a: Ninetales
|-resisted|p2a: Ninetales
|-damage|p2a: Ninetales|0 fnt
|faint|p2a: Ninetales
|
|-weather|Snowscape|[upkeep]
|upkeep
|turn|6
|-message|go to vr forfeited.
|
|win|Hackervgc
|l|☆go to vr
|player|p2|
|l| pokeandreaaa
|l|☆Hackervgc
|player|p1|
|j|☆Hackervgc
|player|p1|Hackervgc|gentleman-gen4|
