|j|☆stromes
|j|☆Ferran Tiburon
|html|stromesFerran Tiburon    
|uhtml|bestof|Game 1 of a best-of-3
|t:|1784653462
|gametype|doubles
|player|p1|stromes|169|1000
|player|p2|Ferran Tiburon|102|1192
|gen|9
|tier|[Gen 9 Champions] VGC 2026 Reg M-B (Bo3)
|rated|
|rule|Species Clause: Limit one of each Pokémon
|rule|Item Clause: Limit 1 of each item
|clearpoke
|poke|p1|Eelektross, L50, M, shiny|
|poke|p1|Rotom-Wash, L50, shiny|
|poke|p1|Garchomp, L50, M|
|poke|p1|Primarina, L50, F|
|poke|p1|Ninetales-Alola, L50, M|
|poke|p1|Ceruledge, L50, F|
|poke|p2|Delphox, L50, M|
|poke|p2|Sneasler, L50, M|
|poke|p2|Incineroar, L50, F|
|poke|p2|Sinistcha, L50|
|poke|p2|Maushold-Four, L50|
|poke|p2|Blastoise, L50, F|
|teampreview|4
|showteam|p1|Eelektross||Eelektrossite|Levitate|DrainPunch,SupercellSlam,RockSlide,Crunch|Adamant||M|||50|]Rotom-Wash||Leftovers|Levitate|VoltSwitch,ConfuseRay,WillOWisp,HydroPump|Modest|||||50|]Garchomp||SitrusBerry|RoughSkin|DragonClaw,Earthquake,SwordsDance,RockSlide|Adamant||M|||50|]Primarina||ChoiceScarf|LiquidVoice|DrainingKiss,HydroPump,HyperVoice,Blizzard|Serious||F|||50|]Ninetales-Alola||IcyRock|SnowWarning|AuroraVeil,DazzlingGleam,FreezeDry,NastyPlot|Serious||M|||50|]Ceruledge||FocusSash|WeakArmor|FlareBlitz,DestinyBond,SwordsDance,NightSlash|Hasty||F|||50|
|showteam|p2|Delphox||Delphoxite|Blaze|HeatWave,Psyshock,NastyPlot,Protect|Timid||M|||50|]Sneasler||FocusSash|PoisonTouch|CloseCombat,PoisonJab,FakeOut,QuickGuard|Jolly||M|||50|]Incineroar||SitrusBerry|Intimidate|FlareBlitz,ThroatChop,FakeOut,PartingShot|Impish||F|||50|]Sinistcha||OccaBerry|Hospitality|MatchaGotcha,RagePowder,LifeDew,Protect|Bold|||||50|]Maushold-Four||ChopleBerry|FriendGuard|FollowMe,Feint,HelpingHand,Protect|Impish|||||50|]Blastoise||Blastoisinite|RainDish|WaterSpout,DarkPulse,ShellSmash,Protect|Modest||F|||50|
|inactive|Battle timer is ON: inactive players will automatically lose when time's up. (requested by Ferran Tiburon)
|inactive|stromes has 60 seconds left.
|inactive|Ferran Tiburon has 60 seconds left.
|
|t:|1784653514
|teamsize|p1|4
|teamsize|p2|4
|start
|switch|p1a: Ninetales|Ninetales-Alola, L50, M|100/100
|switch|p1b: Primarina|Primarina, L50, F|100/100
|switch|p2a: Delphox|Delphox, L50, M|100/100
|switch|p2b: Maushold|Maushold-Four, L50|100/100
|-weather|Snowscape|[from] ability: Snow Warning|[of] p1a: Ninetales
|turn|1
|
|t:|1784653536
|detailschange|p2a: Delphox|Delphox-Mega, L50, M
|-mega|p2a: Delphox|Delphox|Delphoxite
|move|p2b: Maushold|Follow Me|p2b: Maushold
|-singleturn|p2b: Maushold|move: Follow Me
|move|p2a: Delphox|Nasty Plot|p2a: Delphox
|-boost|p2a: Delphox|spa|2
|move|p1b: Primarina|Blizzard|p2a: Delphox|[spread] p2a,p2b
|-resisted|p2a: Delphox|1
|-damage|p2a: Delphox|90/100
|-damage|p2b: Maushold|67/100
|move|p1a: Ninetales|Aurora Veil|p1a: Ninetales
|-sidestart|p1: stromes|move: Aurora Veil
|
|-weather|Snowscape|[upkeep]
|upkeep
|turn|2
|
|t:|1784653552
|move|p2b: Maushold|Helping Hand|p2a: Delphox
|-singleturn|p2a: Delphox|Helping Hand|[of] p2b: Maushold
|move|p2a: Delphox|Heat Wave|p1b: Primarina|[spread] p1a,p1b
|-supereffective|p1a: Ninetales|1
|-resisted|p1b: Primarina|1
|-damage|p1a: Ninetales|0 fnt
|-damage|p1b: Primarina|61/100
|faint|p1a: Ninetales
|move|p1b: Primarina|Blizzard|p2a: Delphox|[spread] p2a,p2b
|-resisted|p2a: Delphox|1
|-damage|p2a: Delphox|80/100
|-damage|p2b: Maushold|36/100
|
|-weather|Snowscape|[upkeep]
|upkeep
|
|t:|1784653565
|switch|p1a: Garchomp|Garchomp, L50, M|100/100
|turn|3
|
|t:|1784653585
|switch|p2b: Sinistcha|Sinistcha, L50|100/100
|-heal|p2a: Delphox|100/100|[from] ability: Hospitality|[of] p2b: Sinistcha
|move|p2a: Delphox|Psyshock|p1b: Primarina
|-damage|p1b: Primarina|0 fnt
|faint|p1b: Primarina
|move|p1a: Garchomp|Swords Dance|p1a: Garchomp
|-boost|p1a: Garchomp|atk|2
|
|-weather|Snowscape|[upkeep]
|upkeep
|
|t:|1784653596
|switch|p1b: Eelektross|Eelektross, L50, M, shiny|100/100
|turn|4
|
|t:|1784653613
|move|p2a: Delphox|Heat Wave|p1a: Garchomp|[spread] p1a,p1b
|-resisted|p1a: Garchomp|1
|-damage|p1a: Garchomp|77/100
|-damage|p1b: Eelektross|33/100
|move|p1a: Garchomp|Rock Slide|p2a: Delphox|[spread] p2a,p2b
|-supereffective|p2a: Delphox|1
|-damage|p2a: Delphox|0 fnt
|-damage|p2b: Sinistcha|64/100
|faint|p2a: Delphox
|move|p1b: Eelektross|Rock Slide|p2b: Sinistcha
|-damage|p2b: Sinistcha|44/100
|cant|p2b: Sinistcha|flinch
|
|-weather|Snowscape|[upkeep]
|upkeep
|
|t:|1784653623
|switch|p2a: Incineroar|Incineroar, L50, F|100/100
|-ability|p2a: Incineroar|Intimidate|boost
|-unboost|p1a: Garchomp|atk|1
|-unboost|p1b: Eelektross|atk|1
|turn|5
|
|t:|1784653642
|switch|p2a: Maushold|Maushold-Four, L50|36/100
|move|p1a: Garchomp|Swords Dance|p1a: Garchomp
|-boost|p1a: Garchomp|atk|2
|move|p1b: Eelektross|Drain Punch|p2a: Maushold
|-supereffective|p2a: Maushold|1
|-enditem|p2a: Maushold|Chople Berry|[eat]
|-enditem|p2a: Maushold|Chople Berry|[weaken]
|-damage|p2a: Maushold|19/100
|-heal|p1b: Eelektross|43/100|[from] drain|[of] p2a: Maushold
|move|p2b: Sinistcha|Matcha Gotcha|p1a: Garchomp|[spread] p1a
|-miss|p2b: Sinistcha|p1b: Eelektross
|-damage|p1a: Garchomp|62/100
|-heal|p2b: Sinistcha|53/100|[from] drain|[of] p1a: Garchomp
|
|-weather|Snowscape|[upkeep]
|-sideend|p1: stromes|move: Aurora Veil
|upkeep
|turn|6
|inactive|stromes has 30 seconds left.
|
|t:|1784653674
|switch|p2a: Incineroar|Incineroar, L50, F|100/100
|-ability|p2a: Incineroar|Intimidate|boost
|-unboost|p1a: Garchomp|atk|1
|-unboost|p1b: Eelektross|atk|1
|move|p1a: Garchomp|Rock Slide|p2b: Sinistcha|[spread] p2a,p2b
|-supereffective|p2a: Incineroar|1
|-damage|p2a: Incineroar|28/100
|-damage|p2b: Sinistcha|19/100
|-enditem|p2a: Incineroar|Sitrus Berry|[eat]
|-heal|p2a: Incineroar|53/100|[from] item: Sitrus Berry
|move|p1b: Eelektross|Drain Punch|p2a: Incineroar
|-supereffective|p2a: Incineroar|1
|-damage|p2a: Incineroar|31/100
|-heal|p1b: Eelektross|57/100|[from] drain|[of] p2a: Incineroar
|move|p2b: Sinistcha|Matcha Gotcha|p1b: Eelektross|[spread] p1a,p1b
|-damage|p1a: Garchomp|39/100
|-heal|p2b: Sinistcha|32/100|[from] drain|[of] p1a: Garchomp
|-damage|p1b: Eelektross|26/100
|-heal|p2b: Sinistcha|46/100|[from] drain|[of] p1b: Eelektross
|-enditem|p1a: Garchomp|Sitrus Berry|[eat]
|-heal|p1a: Garchomp|64/100|[from] item: Sitrus Berry
|
|-weather|Snowscape|[upkeep]
|upkeep
|turn|7
|inactive|stromes has 30 seconds left.
|
|t:|1784653709
|move|p2a: Incineroar|Fake Out|p1a: Garchomp
|-damage|p1a: Garchomp|55/100
|-damage|p2a: Incineroar|19/100|[from] ability: Rough Skin|[of] p1a: Garchomp
|cant|p1a: Garchomp|flinch
|move|p1b: Eelektross|Drain Punch|p2b: Sinistcha
|-immune|p2b: Sinistcha
|move|p2b: Sinistcha|Matcha Gotcha|p1a: Garchomp|[spread] p1a,p1b
|-damage|p1a: Garchomp|33/100
|-heal|p2b: Sinistcha|58/100|[from] drain|[of] p1a: Garchomp
|-damage|p1b: Eelektross|0 fnt
|-heal|p2b: Sinistcha|71/100|[from] drain|[of] p1b: Eelektross
|faint|p1b: Eelektross
|
|-weather|Snowscape|[upkeep]
|upkeep
|turn|8
|inactive|stromes has 30 seconds left.
|
|t:|1784653736
|switch|p2a: Maushold|Maushold-Four, L50|19/100
|move|p2b: Sinistcha|Protect|p2b: Sinistcha
|-singleturn|p2b: Sinistcha|Protect
|move|p1a: Garchomp|Earthquake|p2b: Sinistcha|[spread] p2a
|-activate|p2b: Sinistcha|move: Protect
|-damage|p2a: Maushold|0 fnt
|faint|p2a: Maushold
|
|-weather|none
|upkeep
|
|t:|1784653739
|switch|p2a: Incineroar|Incineroar, L50, F|19/100
|-ability|p2a: Incineroar|Intimidate|boost
|-unboost|p1a: Garchomp|atk|1
|turn|9
|
|t:|1784653756
|move|p2a: Incineroar|Fake Out|p1a: Garchomp
|-damage|p1a: Garchomp|24/100
|-damage|p2a: Incineroar|6/100|[from] ability: Rough Skin|[of] p1a: Garchomp
|cant|p1a: Garchomp|flinch
|move|p2b: Sinistcha|Matcha Gotcha|p1a: Garchomp
|-damage|p1a: Garchomp|0 fnt
|-heal|p2b: Sinistcha|84/100|[from] drain|[of] p1a: Garchomp
|faint|p1a: Garchomp
|
|win|Ferran Tiburon
||Ferran Tiburon is ready for game 2.
|inactive|stromes has 30 seconds to confirm battle start!
|l|☆stromes
|player|p1|
|inactive|stromes has 20 seconds to confirm battle start!
|inactive|stromes has 10 seconds to confirm battle start!
|uhtml|next|Next: Game 2 of 3
