|j|☆learning to perish
|j|☆swarmhostuser
|html|learning to perishswarmhostuser    
|uhtml|bestof|Game 1 of a best-of-3
|t:|1756918511
|gametype|doubles
|player|p1|learning to perish|1|1063
|player|p2|swarmhostuser|2|1015
|gen|9
|tier|[Gen 9] VGC 2025 Reg H (Bo3)
|rated|
|rule|Species Clause: Limit one of each Pokémon
|rule|Item Clause: Limit 1 of each item
|clearpoke
|poke|p1|Azumarill, L50, M|
|poke|p1|Gothitelle, L50, M|
|poke|p1|Incineroar, L50, M|
|poke|p1|Ursaluna-Bloodmoon, L50, M|
|poke|p1|Rillaboom, L50, M|
|poke|p1|Hydreigon, L50, F|
|poke|p2|Sneasler, L50, M|
|poke|p2|Kingambit, L50, F|
|poke|p2|Rillaboom, L50, M|
|poke|p2|Dragonite, L50, F|
|poke|p2|Volcarona, L50, F|
|poke|p2|Electabuzz, L50, M|
|teampreview|4
|showteam|p1|Azumarill||Leftovers|SapSipper|PlayRough,PerishSong,Encore,Protect|||M|||50|,,,,,Ground]Gothitelle||SitrusBerry|ShadowTag|Psychic,TrickRoom,FakeOut,Protect|||M|||50|,,,,,Dark]Incineroar||ChopleBerry|Intimidate|KnockOff,PartingShot,FakeOut,Protect|||M|||50|,,,,,Grass]Ursaluna-Bloodmoon||LifeOrb|MindsEye|BloodMoon,HyperVoice,EarthPower,Protect|||M|||50|,,,,,Normal]Rillaboom||MiracleSeed|GrassySurge|WoodHammer,GrassyGlide,FakeOut,Protect|||M|||50|,,,,,Grass]Hydreigon||BlackGlasses|Levitate|DracoMeteor,DarkPulse,Snarl,Protect|||F|||50|,,,,,Fire
|showteam|p2|Sneasler||FocusSash|Unburden|DireClaw,CloseCombat,Coaching,FakeOut|||M|||50|,,,,,Stellar]Kingambit||BlackGlasses|Defiant|KowtowCleave,SwordsDance,SuckerPunch,Protect|||F|||50|,,,,,Dark]Rillaboom||AssaultVest|GrassySurge|FakeOut,WoodHammer,GrassyGlide,HighHorsepower|||M|||50|,,,,,Fire]Dragonite||LoadedDice|Multiscale|ScaleShot,ExtremeSpeed,Haze,Protect|||F|||50|,,,,,Fairy]Volcarona||CovertCloak|FlameBody|HeatWave,TeraBlast,QuiverDance,Protect|||F|||50|,,,,,Fairy]Electabuzz||Eviolite|VitalSpirit|Electroweb,FollowMe,Taunt,Protect|||M|||50|,,,,,Ghost
|inactive|Battle timer is ON: inactive players will automatically lose when time's up. (requested by learning to perish)
|inactive|swarmhostuser has 60 seconds left.
|
|t:|1756918551
|teamsize|p1|4
|teamsize|p2|4
|start
|switch|p1a: Azumarill|Azumarill, L50, M|100/100
|switch|p1b: Incineroar|Incineroar, L50, M|100/100
|switch|p2a: Volcarona|Volcarona, L50, F|100/100
|switch|p2b: Electabuzz|Electabuzz, L50, M|100/100
|-ability|p1b: Incineroar|Intimidate|boost
|-unboost|p2a: Volcarona|atk|1
|-unboost|p2b: Electabuzz|atk|1
|turn|1
|
|t:|1756918569
|move|p2a: Volcarona|Protect|p2a: Volcarona
|-singleturn|p2a: Volcarona|Protect
|move|p1a: Azumarill|Protect|p1a: Azumarill
|-singleturn|p1a: Azumarill|Protect
|move|p2b: Electabuzz|Electroweb|p1b: Incineroar|[spread] p1b
|-activate|p1a: Azumarill|move: Protect
|-damage|p1b: Incineroar|93/100
|-unboost|p1b: Incineroar|spe|1
|move|p1b: Incineroar|Knock Off|p2a: Volcarona
|-activate|p2a: Volcarona|move: Protect
|
|upkeep
|turn|2
|inactive|swarmhostuser has 30 seconds left.
|inactive|swarmhostuser has 20 seconds left.
|
|t:|1756918607
|switch|p2a: Kingambit|Kingambit, L50, F|100/100
|move|p2b: Electabuzz|Electroweb|p1a: Azumarill|[spread] p1a,p1b
|-supereffective|p1a: Azumarill
|-damage|p1a: Azumarill|77/100
|-damage|p1b: Incineroar|83/100
|-unboost|p1a: Azumarill|spe|1
|-unboost|p1b: Incineroar|spe|1
|move|p1a: Azumarill|Perish Song|p1a: Azumarill
|-start|p1a: Azumarill|perish3|[silent]
|-start|p1b: Incineroar|perish3|[silent]
|-start|p2a: Kingambit|perish3|[silent]
|-start|p2b: Electabuzz|perish3|[silent]
|-fieldactivate|move: Perish Song
|move|p1b: Incineroar|Parting Shot|p2b: Electabuzz
|-unboost|p2b: Electabuzz|atk|1
|-unboost|p2b: Electabuzz|spa|1
|
|t:|1756918612
|switch|p1b: Gothitelle|Gothitelle, L50, M|100/100|[from] Parting Shot
|
|-heal|p1a: Azumarill|83/100|[from] item: Leftovers
|-start|p2b: Electabuzz|perish3
|-start|p2a: Kingambit|perish3
|-start|p1a: Azumarill|perish3
|upkeep
|turn|3
|inactive|swarmhostuser has 30 seconds left.
|inactive|swarmhostuser has 20 seconds left.
|
|t:|1756918652
|move|p1b: Gothitelle|Fake Out|p2a: Kingambit
|-resisted|p2a: Kingambit
|-damage|p2a: Kingambit|98/100
|move|p2b: Electabuzz|Taunt|p1a: Azumarill
|-start|p1a: Azumarill|move: Taunt
|cant|p2a: Kingambit|flinch
|cant|p1a: Azumarill|move: Taunt|Encore
|
|-heal|p1a: Azumarill|89/100|[from] item: Leftovers
|-start|p2b: Electabuzz|perish2
|-start|p2a: Kingambit|perish2
|-start|p1a: Azumarill|perish2
|upkeep
|turn|4
|inactive|swarmhostuser has 30 seconds left.
|inactive|swarmhostuser has 20 seconds left.
|inactive|swarmhostuser has 15 seconds left.
|inactive|swarmhostuser has 10 seconds left.
|
|t:|1756918701
|switch|p1a: Incineroar|Incineroar, L50, M|83/100
|-ability|p1a: Incineroar|Intimidate|boost
|-unboost|p2a: Kingambit|atk|1
|-ability|p2a: Kingambit|Defiant|boost
|-boost|p2a: Kingambit|atk|2
|-unboost|p2b: Electabuzz|atk|1
|move|p1b: Gothitelle|Protect|p1b: Gothitelle
|-singleturn|p1b: Gothitelle|Protect
|move|p2b: Electabuzz|Electroweb|p1b: Gothitelle|[spread] p1a
|-activate|p1b: Gothitelle|move: Protect
|-damage|p1a: Incineroar|77/100
|-unboost|p1a: Incineroar|spe|1
|move|p2a: Kingambit|Kowtow Cleave|p1a: Incineroar
|-resisted|p1a: Incineroar
|-damage|p1a: Incineroar|36/100
|
|-start|p2b: Electabuzz|perish1
|-start|p2a: Kingambit|perish1
|upkeep
|turn|5
|inactive|swarmhostuser has 30 seconds left.
|
|t:|1756918732
|move|p1a: Incineroar|Fake Out|p2a: Kingambit
|-resisted|p2a: Kingambit
|-damage|p2a: Kingambit|94/100
|move|p2b: Electabuzz|Electroweb|p1a: Incineroar|[spread] p1a,p1b
|-damage|p1a: Incineroar|29/100
|-damage|p1b: Gothitelle|93/100
|-unboost|p1a: Incineroar|spe|1
|-unboost|p1b: Gothitelle|spe|1
|cant|p2a: Kingambit|flinch
|move|p1b: Gothitelle|Trick Room|p1b: Gothitelle
|-fieldstart|move: Trick Room|[of] p1b: Gothitelle
|
|-start|p2a: Kingambit|perish0
|-start|p2b: Electabuzz|perish0
|faint|p2a: Kingambit
|faint|p2b: Electabuzz
|upkeep
|
|t:|1756918737
|switch|p2a: Volcarona|Volcarona, L50, F|100/100
|switch|p2b: Dragonite|Dragonite, L50, F|100/100
|turn|6
|inactive|swarmhostuser has 30 seconds left.
|inactive|swarmhostuser has 20 seconds left.
|inactive|swarmhostuser has 15 seconds left.
|inactive|swarmhostuser has 10 seconds left.
|
|t:|1756918783
|switch|p1a: Azumarill|Azumarill, L50, M|89/100
|switch|p1b: Ursaluna|Ursaluna-Bloodmoon, L50, M|100/100
|move|p2b: Dragonite|Extreme Speed|p1a: Azumarill
|-damage|p1a: Azumarill|62/100
|move|p2a: Volcarona|Quiver Dance|p2a: Volcarona
|-boost|p2a: Volcarona|spa|1
|-boost|p2a: Volcarona|spd|1
|-boost|p2a: Volcarona|spe|1
|
|-heal|p1a: Azumarill|68/100|[from] item: Leftovers
|upkeep
|turn|7
|inactive|swarmhostuser has 30 seconds left.
|inactive|swarmhostuser has 20 seconds left.
|inactive|swarmhostuser has 15 seconds left.
|inactive|swarmhostuser has 10 seconds left.
|
|t:|1756918833
|switch|p1b: Incineroar|Incineroar, L50, M|29/100
|-ability|p1b: Incineroar|Intimidate|boost
|-unboost|p2a: Volcarona|atk|1
|-unboost|p2b: Dragonite|atk|1
|move|p1a: Azumarill|Perish Song|p1a: Azumarill
|-start|p1a: Azumarill|perish3|[silent]
|-start|p1b: Incineroar|perish3|[silent]
|-start|p2a: Volcarona|perish3|[silent]
|-start|p2b: Dragonite|perish3|[silent]
|-fieldactivate|move: Perish Song
|move|p2b: Dragonite|Scale Shot|p1b: Incineroar|[miss]
|-miss|p2b: Dragonite|p1b: Incineroar
|move|p2a: Volcarona|Heat Wave|p1b: Incineroar|[spread] p1a,p1b
|-resisted|p1a: Azumarill
|-resisted|p1b: Incineroar
|-damage|p1a: Azumarill|44/100
|-damage|p1b: Incineroar|11/100
|
|-heal|p1a: Azumarill|50/100|[from] item: Leftovers
|-start|p1a: Azumarill|perish3
|-start|p1b: Incineroar|perish3
|-start|p2b: Dragonite|perish3
|-start|p2a: Volcarona|perish3
|upkeep
|turn|8
|-message|swarmhostuser forfeited.
|
|win|learning to perish
