|j|☆ChrisJHall13
|j|☆VenusaurBot
|html|ChrisJHall13VenusaurBot    
|uhtml|bestof|Game 1 of a best-of-3
|t:|1784490583
|gametype|doubles
|player|p1|ChrisJHall13|101|1176
|player|p2|VenusaurBot|koga|1212
|gen|9
|tier|[Gen 9 Champions] VGC 2026 Reg M-B (Bo3)
|rated|
|rule|Species Clause: Limit one of each Pokémon
|rule|Item Clause: Limit 1 of each item
|clearpoke
|poke|p1|Froslass, L50, F|
|poke|p1|Blaziken, L50, M|
|poke|p1|Kingambit, L50, M|
|poke|p1|Dragonite, L50, F|
|poke|p1|Milotic, L50, F|
|poke|p1|Sneasler, L50, F|
|poke|p2|Blaziken, L50, F|
|poke|p2|Venusaur, L50, F|
|poke|p2|Ninetales-Alola, L50, M|
|poke|p2|Dragonite, L50, M|
|poke|p2|Kingambit, L50, F|
|poke|p2|Basculegion, L50, M|
|teampreview|4
|showteam|p1|Froslass||Froslassite|SnowCloak|Blizzard,AuroraVeil,ShadowBall,Protect|Timid||F|||50|]Blaziken||Blazikenite|SpeedBoost|FlareBlitz,CloseCombat,Detect,RockSlide|Adamant||M|||50|]Kingambit||BlackGlasses|Defiant|KowtowCleave,SuckerPunch,IronHead,Protect|Adamant||M|||50|]Dragonite||LifeOrb|InnerFocus|LowKick,ExtremeSpeed,DragonClaw,Protect|Adamant||F|||50|]Milotic||Leftovers|Competitive|MuddyWater,Coil,Recover,Hypnosis|Bold||F|||50|]Sneasler||FocusSash|PoisonTouch|FakeOut,PoisonJab,CloseCombat,Protect|Jolly||F|||50|
|showteam|p2|Blaziken||Blazikenite|SpeedBoost|Protect,FlareBlitz,CloseCombat,RockSlide|Adamant||F|||50|]Venusaur||Venusaurite|Chlorophyll|Protect,EarthPower,SludgeBomb,GigaDrain|Modest||F|||50|]Ninetales-Alola||NeverMeltIce|SnowWarning|Protect,Blizzard,FreezeDry,Encore|Timid||M|||50|]Dragonite||LifeOrb|InnerFocus|Protect,ExtremeSpeed,DragonClaw,LowKick|Adamant||M|||50|]Kingambit||BlackGlasses|Defiant|Protect,KowtowCleave,SuckerPunch,IronHead|Adamant||F|||50|]Basculegion||ChoiceScarf|Adaptability|WaveCrash,FlipTurn,AquaJet,LastRespects|Jolly||M|||50|
|inactive|Battle timer is ON: inactive players will automatically lose when time's up. (requested by VenusaurBot)
|inactive|ChrisJHall13 has 60 seconds left.
|inactive|VenusaurBot has 60 seconds left.
|
|t:|1784490647
|teamsize|p1|4
|teamsize|p2|4
|start
|switch|p1a: Blaziken|Blaziken, L50, M|100/100
|switch|p1b: Froslass|Froslass, L50, F|100/100
|switch|p2a: Kingambit|Kingambit, L50, F|100/100
|switch|p2b: Basculegion|Basculegion, L50, M|100/100
|turn|1
|inactive|VenusaurBot has 30 seconds left.
|
|t:|1784490673
|detailschange|p1b: Froslass|Froslass-Mega, L50, F
|-mega|p1b: Froslass|Froslass|Froslassite
|-weather|Snowscape|[from] ability: Snow Warning|[of] p1b: Froslass
|move|p1a: Blaziken|Detect|p1a: Blaziken
|-singleturn|p1a: Blaziken|Protect
|move|p2b: Basculegion|Wave Crash|p1a: Blaziken
|-activate|p1a: Blaziken|move: Protect
|move|p1b: Froslass|Aurora Veil|p1b: Froslass
|-sidestart|p1: ChrisJHall13|move: Aurora Veil
|move|p2a: Kingambit|Kowtow Cleave|p1b: Froslass
|-supereffective|p1b: Froslass|1
|-damage|p1b: Froslass|29/100
|
|-weather|Snowscape|[upkeep]
|-ability|p1a: Blaziken|Speed Boost|boost
|-boost|p1a: Blaziken|spe|1
|upkeep
|turn|2
|
|t:|1784490692
|switch|p1a: Kingambit|Kingambit, L50, M|100/100
|move|p1b: Froslass|Protect|p1b: Froslass
|-singleturn|p1b: Froslass|Protect
|move|p2a: Kingambit|Sucker Punch||[still]
|-fail|p2a: Kingambit
|move|p2b: Basculegion|Wave Crash|p1a: Kingambit
|-damage|p1a: Kingambit|65/100
|-damage|p2b: Basculegion|88/100|[from] Recoil
|
|-weather|Snowscape|[upkeep]
|upkeep
|turn|3
|
|t:|1784490708
|switch|p2b: Dragonite|Dragonite, L50, M|100/100
|switch|p1b: Blaziken|Blaziken, L50, M|100/100
|move|p1a: Kingambit|Sucker Punch||[still]
|-fail|p1a: Kingambit
|move|p2a: Kingambit|Kowtow Cleave|p1b: Blaziken
|-resisted|p1b: Blaziken|1
|-damage|p1b: Blaziken|73/100
|
|-weather|Snowscape|[upkeep]
|upkeep
|turn|4
|inactive|VenusaurBot has 30 seconds left.
|
|t:|1784490737
|switch|p1a: Sneasler|Sneasler, L50, F|100/100
|move|p2b: Dragonite|Dragon Claw|p1b: Blaziken
|-crit|p1b: Blaziken
|-damage|p1b: Blaziken|0 fnt
|faint|p1b: Blaziken
|-damage|p2b: Dragonite|90/100|[from] item: Life Orb
|move|p2a: Kingambit|Kowtow Cleave|p1a: Sneasler
|-resisted|p1a: Sneasler|1
|-damage|p1a: Sneasler|65/100
|
|-weather|Snowscape|[upkeep]
|upkeep
|
|t:|1784490747
|switch|p1b: Froslass|Froslass-Mega, L50, F|29/100
|turn|5
|inactive|VenusaurBot has 30 seconds left.
|
|t:|1784490772
|move|p2b: Dragonite|Protect|p2b: Dragonite
|-singleturn|p2b: Dragonite|Protect
|move|p2a: Kingambit|Protect|p2a: Kingambit
|-singleturn|p2a: Kingambit|Protect
|move|p1a: Sneasler|Close Combat|p2a: Kingambit
|-activate|p2a: Kingambit|move: Protect
|move|p1b: Froslass|Blizzard|p2a: Kingambit|[spread] 
|-activate|p2a: Kingambit|move: Protect
|-activate|p2b: Dragonite|move: Protect
|
|-weather|none
|-sideend|p1: ChrisJHall13|move: Aurora Veil
|upkeep
|turn|6
|
|t:|1784490783
|switch|p1b: Kingambit|Kingambit, L50, M|65/100
|move|p2b: Dragonite|Extreme Speed|p1a: Sneasler
|-damage|p1a: Sneasler|2/100
|-damage|p2b: Dragonite|80/100|[from] item: Life Orb
|move|p2a: Kingambit|Sucker Punch|p1a: Sneasler
|-resisted|p1a: Sneasler|1
|-damage|p1a: Sneasler|0 fnt
|faint|p1a: Sneasler
|
|upkeep
|-message|ChrisJHall13 forfeited.
|
|win|VenusaurBot
|l|☆ChrisJHall13
|player|p1|
||VenusaurBot is ready for game 2.
||ChrisJHall13 is ready for game 2.
|uhtml|next|Next: Game 2 of 3
