|j|☆failandimprove2
|j|☆ChocoBourbon
|html|failandimprove2ChocoBourbon    
|uhtml|bestof|Game 3 of a best-of-3
|t:|1783456147
|gametype|doubles
|player|p1|failandimprove2|169|1494
|player|p2|ChocoBourbon|170|1450
|gen|9
|tier|[Gen 9 Champions] VGC 2026 Reg M-B (Bo3)
|rated|
|rule|Species Clause: Limit one of each Pokémon
|rule|Item Clause: Limit 1 of each item
|clearpoke
|poke|p1|Charizard, L50, F|
|poke|p1|Floette-Eternal, L50, F|
|poke|p1|Whimsicott, L50, F|
|poke|p1|Basculegion, L50, M|
|poke|p1|Kingambit, L50, F|
|poke|p1|Garchomp, L50, F|
|poke|p2|Charizard, L50, F|
|poke|p2|Whimsicott, L50, F|
|poke|p2|Kingambit, L50, F|
|poke|p2|Garchomp, L50, M|
|poke|p2|Basculegion, L50, M|
|poke|p2|Floette-Eternal, L50, F|
|teampreview|4
|showteam|p1|Charizard||CharizarditeY|Blaze|HeatWave,WeatherBall,SolarBeam,Protect|Modest||F|||50|]Floette-Eternal||Floettite|FlowerVeil|Moonblast,DazzlingGleam,LightofRuin,Protect|Timid||F|||50|]Whimsicott||FocusSash|Prankster|Moonblast,Tailwind,Encore,Protect|Timid||F|||50|]Basculegion||MysticWater|Adaptability|WaveCrash,LastRespects,AquaJet,Protect|Adamant||M|||50|]Kingambit||ChopleBerry|Defiant|KowtowCleave,SuckerPunch,IronHead,LowKick|Adamant||F|||50|]Garchomp||LifeOrb|RoughSkin|Earthquake,RockSlide,DragonClaw,Protect|Jolly||F|||50|
|showteam|p2|Charizard||CharizarditeY|Blaze|WeatherBall,HeatWave,SolarBeam,Protect|Modest||F|||50|]Whimsicott||FocusSash|Prankster|Moonblast,Tailwind,Encore,Protect|Timid||F|||50|]Kingambit||BlackGlasses|Defiant|KowtowCleave,IronHead,SuckerPunch,Protect|Adamant||F|||50|]Garchomp||LifeOrb|RoughSkin|DragonClaw,RockSlide,Earthquake,Protect|Jolly||M|||50|]Basculegion||MysticWater|Adaptability|WaveCrash,LastRespects,AquaJet,Protect|Adamant||M|||50|]Floette-Eternal||Floettite|FlowerVeil|DazzlingGleam,Moonblast,LightofRuin,Protect|Timid||F|||50|
|inactive|Battle timer is ON: inactive players will automatically lose when time's up. (requested by failandimprove2)
|inactive|failandimprove2 has 60 seconds left.
|inactive|failandimprove2 has 30 seconds left.
|inactive|failandimprove2 has 20 seconds left.
|inactive|failandimprove2 has 15 seconds left.
|inactive|failandimprove2 has 10 seconds left.
|inactive|failandimprove2 has 5 seconds left.
|
|t:|1783456238
|teamsize|p1|4
|teamsize|p2|4
|start
|switch|p1a: Whimsicott|Whimsicott, L50, F|100/100
|switch|p1b: Floette|Floette-Eternal, L50, F|100/100
|switch|p2a: Whimsicott|Whimsicott, L50, F|100/100
|switch|p2b: Basculegion|Basculegion, L50, M|100/100
|turn|1
|inactive|failandimprove2 has 30 seconds left.
|
|t:|1783456264
|detailschange|p1b: Floette|Floette-Mega, L50, F
|-mega|p1b: Floette|Floette|Floettite
|-ability|p1b: Floette|Fairy Aura
|move|p1a: Whimsicott|Tailwind|p1a: Whimsicott
|-sidestart|p1: failandimprove2|move: Tailwind
|move|p2a: Whimsicott|Tailwind|p2a: Whimsicott
|-sidestart|p2: ChocoBourbon|move: Tailwind
|move|p1b: Floette|Dazzling Gleam|p2b: Basculegion|[spread] p2a,p2b
|-damage|p2a: Whimsicott|29/100
|-damage|p2b: Basculegion|45/100
|move|p2b: Basculegion|Wave Crash|p1b: Floette
|-damage|p1b: Floette|0 fnt
|faint|p1b: Floette
|-damage|p2b: Basculegion|20/100r|[from] Recoil
|
|upkeep
|
|t:|1783456289
|switch|p1b: Garchomp|Garchomp, L50, F|100/100
|turn|2
|
|t:|1783456303
|move|p2a: Whimsicott|Protect|p2a: Whimsicott
|-singleturn|p2a: Whimsicott|Protect
|move|p1a: Whimsicott|Encore|p2a: Whimsicott
|-activate|p2a: Whimsicott|move: Protect
|move|p2b: Basculegion|Aqua Jet|p1a: Whimsicott
|-resisted|p1a: Whimsicott|1
|-damage|p1a: Whimsicott|75/100
|move|p1b: Garchomp|Rock Slide|p2a: Whimsicott|[spread] 
|-activate|p2a: Whimsicott|move: Protect
|-miss|p1b: Garchomp|p2b: Basculegion
|
|upkeep
|turn|3
|inactive|ChocoBourbon has 30 seconds left.
|inactive|ChocoBourbon has 20 seconds left.
|inactive|ChocoBourbon has 15 seconds left.
|inactive|ChocoBourbon has 10 seconds left.
|
|t:|1783456350
|switch|p2a: Floette|Floette-Eternal, L50, F|100/100
|switch|p1a: Basculegion|Basculegion, L50, M|100/100
|move|p2b: Basculegion|Aqua Jet|p1b: Garchomp
|-damage|p1b: Garchomp|68/100
|-damage|p2b: Basculegion|7/100|[from] ability: Rough Skin|[of] p1b: Garchomp
|move|p1b: Garchomp|Rock Slide|p2a: Floette|[spread] p2a,p2b
|-damage|p2a: Floette|58/100
|-damage|p2b: Basculegion|0 fnt
|faint|p2b: Basculegion
|-damage|p1b: Garchomp|58/100|[from] item: Life Orb
|
|upkeep
|inactive|ChocoBourbon has 30 seconds left.
|inactive|ChocoBourbon has 20 seconds left.
|
|t:|1783456385
|switch|p2b: Garchomp|Garchomp, L50, M|100/100
|turn|4
|
|t:|1783456395
|detailschange|p2a: Floette|Floette-Mega, L50, F
|-mega|p2a: Floette|Floette|Floettite
|-ability|p2a: Floette|Fairy Aura
|move|p1a: Basculegion|Protect|p1a: Basculegion
|-singleturn|p1a: Basculegion|Protect
|move|p1b: Garchomp|Dragon Claw|p2b: Garchomp
|-supereffective|p2b: Garchomp|1
|-damage|p2b: Garchomp|0 fnt
|-damage|p1b: Garchomp|46/100|[from] ability: Rough Skin|[of] p2b: Garchomp
|faint|p2b: Garchomp
|-damage|p1b: Garchomp|37/100|[from] item: Life Orb
|move|p2a: Floette|Dazzling Gleam|p1a: Basculegion|[spread] p1b
|-activate|p1a: Basculegion|move: Protect
|-supereffective|p1b: Garchomp|1
|-damage|p1b: Garchomp|0 fnt
|faint|p1b: Garchomp
|
|-sideend|p2: ChocoBourbon|move: Tailwind
|-sideend|p1: failandimprove2|move: Tailwind
|upkeep
|
|t:|1783456406
|switch|p1b: Whimsicott|Whimsicott, L50, F|75/100
|switch|p2b: Whimsicott|Whimsicott, L50, F|29/100
|turn|5
|
|t:|1783456416
|move|p1a: Basculegion|Protect||[still]
|-fail|p1a: Basculegion
|move|p2b: Whimsicott|Encore|p1a: Basculegion
|-start|p1a: Basculegion|Encore
|move|p1b: Whimsicott|Moonblast|p2b: Whimsicott
|-damage|p2b: Whimsicott|0 fnt
|faint|p2b: Whimsicott
|move|p2a: Floette|Moonblast|p1b: Whimsicott
|-damage|p1b: Whimsicott|0 fnt
|faint|p1b: Whimsicott
|
|upkeep
|turn|6
|
|t:|1783456428
|move|p1a: Basculegion|Protect|p1a: Basculegion
|-singleturn|p1a: Basculegion|Protect
|move|p2a: Floette|Moonblast|p1a: Basculegion
|-activate|p1a: Basculegion|move: Protect
|
|upkeep
|turn|7
|
|t:|1783456434
|move|p1a: Basculegion|Protect||[still]
|-fail|p1a: Basculegion
|move|p2a: Floette|Moonblast|p1a: Basculegion
|-damage|p1a: Basculegion|25/100
|
|upkeep
|turn|8
|
|t:|1783456438
|move|p1a: Basculegion|Protect|p1a: Basculegion
|-singleturn|p1a: Basculegion|Protect
|move|p2a: Floette|Moonblast|p1a: Basculegion
|-activate|p1a: Basculegion|move: Protect
|
|-end|p1a: Basculegion|Encore
|upkeep
|turn|9
|
|t:|1783456440
|move|p1a: Basculegion|Aqua Jet|p2a: Floette
|-damage|p2a: Floette|15/100
|move|p2a: Floette|Moonblast|p1a: Basculegion
|-damage|p1a: Basculegion|0 fnt
|faint|p1a: Basculegion
|
|win|ChocoBourbon
|raw|failandimprove2's rating: 1494 → 1471(-23 for losing)
|raw|ChocoBourbon's rating: 1450 → 1473(+23 for winning)
