|j|☆Chavo666
|j|☆Ossi1590
|html|Chavo666Ossi1590    
|uhtml|bestof|Game 3 of a best-of-3
|t:|1783505760
|gametype|doubles
|player|p1|Chavo666|steven|1216
|player|p2|Ossi1590|colress|1316
|gen|9
|tier|[Gen 9 Champions] VGC 2026 Reg M-B (Bo3)
|rated|
|rule|Species Clause: Limit one of each Pokémon
|rule|Item Clause: Limit 1 of each item
|clearpoke
|poke|p1|Malamar, L50, M|
|poke|p1|Whimsicott, L50, M|
|poke|p1|Sinistcha, L50|
|poke|p1|Gholdengo, L50|
|poke|p1|Charizard, L50, M|
|poke|p1|Garchomp, L50, M|
|poke|p2|Raichu, L50, F|
|poke|p2|Mawile, L50, F|
|poke|p2|Sinistcha, L50|
|poke|p2|Ceruledge, L50, M|
|poke|p2|Milotic, L50, M|
|poke|p2|Incineroar, L50, M|
|teampreview|4
|showteam|p1|Malamar||Malamarite|Contrary|KnockOff,PsychoCut,Superpower,Protect|Jolly||M|||50|]Whimsicott||FocusSash|Prankster|Moonblast,Tailwind,FakeTears,Charm|Calm||M|||50|]Sinistcha||ColburBerry|Hospitality|MatchaGotcha,ShadowBall,RagePowder,LifeDew|Bold|||||50|]Gholdengo||LifeOrb|GoodasGold|MakeItRain,ShadowBall,Protect,Thunderbolt|Modest|||||50|]Charizard||CharizarditeY|Blaze|HeatWave,AirSlash,Protect,SolarBeam|Timid||M|||50|]Garchomp||HabanBerry|RoughSkin|DragonClaw,Earthquake,RockSlide,SwordsDance|Jolly||M|||50|
|showteam|p2|Raichu||RaichuniteY|LightningRod|ZapCannon,FocusBlast,FakeOut,Protect|Timid||F|||50|]Mawile||Mawilite|HyperCutter|PlayRough,SuckerPunch,SwordsDance,Protect|Adamant||F|||50|]Sinistcha||KasibBerry|Hospitality|MatchaGotcha,LifeDew,RagePowder,Protect|Relaxed|||||50|]Ceruledge||ColburBerry|FlashFire|BitterBlade,ShadowSneak,BulkUp,Protect|Adamant||M|||50|]Milotic||Leftovers|Competitive|MuddyWater,Coil,Hypnosis,Protect|Calm||M|||50|]Incineroar||SitrusBerry|Intimidate|FlareBlitz,ThroatChop,FakeOut,PartingShot|Impish||M|||50|
|
|t:|1783505792
|teamsize|p1|4
|teamsize|p2|4
|start
|switch|p1a: Whimsicott|Whimsicott, L50, M|100/100
|switch|p1b: Charizard|Charizard, L50, M|100/100
|switch|p2a: Mawile|Mawile, L50, F|100/100
|switch|p2b: Milotic|Milotic, L50, M|100/100
|turn|1
|
|t:|1783505811
|detailschange|p1b: Charizard|Charizard-Mega-Y, L50, M
|-mega|p1b: Charizard|Charizard|Charizardite Y
|-weather|SunnyDay|[from] ability: Drought|[of] p1b: Charizard
|detailschange|p2a: Mawile|Mawile-Mega, L50, F
|-mega|p2a: Mawile|Mawile|Mawilite
|move|p2a: Mawile|Protect|p2a: Mawile
|-singleturn|p2a: Mawile|Protect
|move|p1a: Whimsicott|Charm|p2a: Mawile
|-activate|p2a: Mawile|move: Protect
|move|p1b: Charizard|Solar Beam||[still]
|-prepare|p1b: Charizard|Solar Beam
|-anim|p1b: Charizard|Solar Beam|p2b: Milotic
|-supereffective|p2b: Milotic|1
|-damage|p2b: Milotic|32/100
|move|p2b: Milotic|Coil|p2b: Milotic
|-boost|p2b: Milotic|atk|1
|-boost|p2b: Milotic|def|1
|-boost|p2b: Milotic|accuracy|1
|
|-weather|SunnyDay|[upkeep]
|-heal|p2b: Milotic|38/100|[from] item: Leftovers
|upkeep
|turn|2
|
|t:|1783505832
|switch|p2a: Ceruledge|Ceruledge, L50, M|100/100
|move|p1a: Whimsicott|Fake Tears|p2b: Milotic
|-unboost|p2b: Milotic|spd|2
|-ability|p2b: Milotic|Competitive|boost
|-boost|p2b: Milotic|spa|2
|move|p1b: Charizard|Heat Wave|p2a: Ceruledge|[spread] p2b
|-start|p2a: Ceruledge|ability: Flash Fire
|-resisted|p2b: Milotic|1
|-damage|p2b: Milotic|0 fnt
|faint|p2b: Milotic
|
|-weather|SunnyDay|[upkeep]
|upkeep
|
|t:|1783505836
|switch|p2b: Mawile|Mawile-Mega, L50, F|100/100
|turn|3
|
|t:|1783505855
|move|p2b: Mawile|Protect|p2b: Mawile
|-singleturn|p2b: Mawile|Protect
|move|p1a: Whimsicott|Charm|p2a: Ceruledge
|-unboost|p2a: Ceruledge|atk|2
|move|p1b: Charizard|Heat Wave|p2a: Ceruledge|[spread] 
|-activate|p2b: Mawile|move: Protect
|-immune|p2a: Ceruledge|[from] ability: Flash Fire
|move|p2a: Ceruledge|Bitter Blade|p1a: Whimsicott
|-supereffective|p1a: Whimsicott|1
|-enditem|p1a: Whimsicott|Focus Sash
|-damage|p1a: Whimsicott|1/100
|
|-weather|SunnyDay|[upkeep]
|upkeep
|turn|4
|
|t:|1783505872
|move|p1a: Whimsicott|Charm|p2b: Mawile
|-unboost|p2b: Mawile|atk|2
|move|p2b: Mawile|Sucker Punch|p1b: Charizard
|-damage|p1b: Charizard|74/100
|move|p1b: Charizard|Heat Wave|p2a: Ceruledge|[spread] p2b
|-immune|p2a: Ceruledge|[from] ability: Flash Fire
|-supereffective|p2b: Mawile|1
|-damage|p2b: Mawile|0 fnt
|faint|p2b: Mawile
|move|p2a: Ceruledge|Bulk Up|p2a: Ceruledge
|-boost|p2a: Ceruledge|atk|1
|-boost|p2a: Ceruledge|def|1
|
|-weather|SunnyDay|[upkeep]
|upkeep
|
|t:|1783505874
|switch|p2b: Sinistcha|Sinistcha, L50|100/100
|turn|5
|
|t:|1783505898
|move|p2b: Sinistcha|Protect|p2b: Sinistcha
|-singleturn|p2b: Sinistcha|Protect
|move|p1a: Whimsicott|Charm|p2a: Ceruledge
|-unboost|p2a: Ceruledge|atk|2
|move|p2a: Ceruledge|Shadow Sneak|p1a: Whimsicott
|-damage|p1a: Whimsicott|0 fnt
|faint|p1a: Whimsicott
|move|p1b: Charizard|Heat Wave|p2b: Sinistcha|[spread] 
|-activate|p2b: Sinistcha|move: Protect
|-immune|p2a: Ceruledge|[from] ability: Flash Fire
|
|-weather|none
|upkeep
|
|t:|1783505906
|switch|p1a: Garchomp|Garchomp, L50, M|100/100
|turn|6
|
|t:|1783505915
|move|p1a: Garchomp|Earthquake|p2a: Ceruledge|[spread] p2a,p2b
|-immune|p1b: Charizard
|-supereffective|p2a: Ceruledge|1
|-resisted|p2b: Sinistcha|1
|-damage|p2a: Ceruledge|45/100
|-damage|p2b: Sinistcha|83/100
|move|p1b: Charizard|Heat Wave|p2b: Sinistcha|[spread] p2b
|-immune|p2a: Ceruledge|[from] ability: Flash Fire
|-supereffective|p2b: Sinistcha|1
|-damage|p2b: Sinistcha|0 fnt
|faint|p2b: Sinistcha
|move|p2a: Ceruledge|Bulk Up|p2a: Ceruledge
|-boost|p2a: Ceruledge|atk|1
|-boost|p2a: Ceruledge|def|1
|
|upkeep
|turn|7
|
|t:|1783505931
|move|p1a: Garchomp|Swords Dance|p1a: Garchomp
|-boost|p1a: Garchomp|atk|2
|move|p1b: Charizard|Air Slash|p2a: Ceruledge
|-damage|p2a: Ceruledge|2/100
|move|p2a: Ceruledge|Bitter Blade|p1a: Garchomp
|-resisted|p1a: Garchomp|1
|-damage|p1a: Garchomp|82/100
|-heal|p2a: Ceruledge|11/100|[from] drain|[of] p1a: Garchomp
|-damage|p2a: Ceruledge|0 fnt|[from] ability: Rough Skin|[of] p1a: Garchomp
|faint|p2a: Ceruledge
|
|win|Chavo666
|raw|Chavo666's rating: 1216 → 1248(+32 for winning)
|raw|Ossi1590's rating: 1316 → 1290(-26 for losing)
|c|☆Chavo666|gg
|c|☆Ossi1590|gg
|l|☆Chavo666
|player|p1|
