|j|☆efwefwefwefweifier
|j|☆dambro222
|html|efwefwefwefweifierdambro222    
|uhtml|bestof|Game 1 of a best-of-3
|t:|1756710308
|gametype|doubles
|player|p1|efwefwefwefweifier|juan|1134
|player|p2|dambro222|169|1193
|gen|9
|tier|[Gen 9] VGC 2025 Reg H (Bo3)
|rated|
|rule|Species Clause: Limit one of each Pokémon
|rule|Item Clause: Limit 1 of each item
|clearpoke
|poke|p1|Porygon2, L50|
|poke|p1|Ursaluna, L50, F|
|poke|p1|Gholdengo, L50|
|poke|p1|Sneasler, L50, M|
|poke|p1|Dragonite, L50, F|
|poke|p1|Amoonguss, L50, F|
|poke|p2|Dragonite, L50, M|
|poke|p2|Volcarona, L50, F|
|poke|p2|Sneasler, L50, M|
|poke|p2|Rillaboom, L50, M|
|poke|p2|Electabuzz, L50, M|
|poke|p2|Kingambit, L50, M|
|teampreview|4
|showteam|p1|Porygon2||Eviolite|Download|TeraBlast,TrickRoom,IceBeam,Recover||||||50|,,,,,Fighting]Ursaluna||FlameOrb|Guts|Facade,HeadlongRush,Substitute,Protect|||F|||50|,,,,,Ghost]Gholdengo||MetalCoat|GoodasGold|MakeItRain,ShadowBall,NastyPlot,Protect||||||50|,,,,,Dragon]Sneasler||FocusSash|Unburden|DireClaw,CloseCombat,FakeOut,Coaching|||M|||50|,,,,,Stellar]Dragonite||LoadedDice|Multiscale|ScaleShot,StompingTantrum,Protect,Tailwind|||F|||50|,,,,,Steel]Amoonguss||CovertCloak|Regenerator|ClearSmog,RagePowder,Spore,PollenPuff|||F|||50|,,,,,Fairy
|showteam|p2|Dragonite||LoadedDice|Multiscale|ScaleShot,ExtremeSpeed,Haze,Protect|||M|||50|,,,,,Fairy]Volcarona||CovertCloak|FlameBody|HeatWave,TeraBlast,QuiverDance,Protect|||F|||50|,,,,,Fairy]Sneasler||FocusSash|Unburden|CloseCombat,DireClaw,RockSlide,Protect|||M|||50|,,,,,Stellar]Rillaboom||AssaultVest|GrassySurge|WoodHammer,GrassyGlide,HighHorsepower,FakeOut|||M|||50|,,,,,Water]Electabuzz||Eviolite|VitalSpirit|Electroweb,FollowMe,Taunt,Protect|||M|||50|,,,,,Ghost]Kingambit||BlackGlasses|Defiant|KowtowCleave,SuckerPunch,SwordsDance,Protect|||M|||50|,,,,,Dark
|inactive|Battle timer is ON: inactive players will automatically lose when time's up. (requested by dambro222)
|inactive|efwefwefwefweifier also wants the timer to be on.
|inactive|efwefwefwefweifier has 60 seconds left.
|inactive|dambro222 has 60 seconds left.
|inactive|efwefwefwefweifier has 30 seconds left.
|
|t:|1756710374
|teamsize|p1|4
|teamsize|p2|4
|start
|switch|p1a: Sneasler|Sneasler, L50, M|100/100
|switch|p1b: Dragonite|Dragonite, L50, F|100/100
|switch|p2a: Kingambit|Kingambit, L50, M, shiny|100/100
|switch|p2b: Electabuzz|Electabuzz, L50, M|100/100
|turn|1
|inactive|dambro222 has 30 seconds left.
|inactive|dambro222 has 20 seconds left.
|
|t:|1756710411
|switch|p2a: Volcarona|Volcarona, L50, F|100/100
|move|p1a: Sneasler|Fake Out|p2a: Volcarona
|-damage|p2a: Volcarona|80/100
|-status|p1a: Sneasler|brn|[from] ability: Flame Body|[of] p2a: Volcarona
|move|p2b: Electabuzz|Electroweb|p1b: Dragonite|[spread] p1a,p1b
|-damage|p1a: Sneasler|82/100 brn
|-damage|p1b: Dragonite|94/100
|-unboost|p1a: Sneasler|spe|1
|-unboost|p1b: Dragonite|spe|1
|move|p1b: Dragonite|Tailwind|p1b: Dragonite
|-sidestart|p1: efwefwefwefweifier|move: Tailwind
|
|-damage|p1a: Sneasler|77/100 brn|[from] brn
|upkeep
|turn|2
|
|t:|1756710435
|-terastallize|p2a: Volcarona|Fairy
|move|p2b: Electabuzz|Follow Me|p2b: Electabuzz
|-singleturn|p2b: Electabuzz|move: Follow Me
|move|p1a: Sneasler|Coaching|p1b: Dragonite
|-boost|p1b: Dragonite|atk|1
|-boost|p1b: Dragonite|def|1
|move|p2a: Volcarona|Quiver Dance|p2a: Volcarona
|-boost|p2a: Volcarona|spa|1
|-boost|p2a: Volcarona|spd|1
|-boost|p2a: Volcarona|spe|1
|move|p1b: Dragonite|Scale Shot|p2b: Electabuzz
|-damage|p2b: Electabuzz|86/100
|-damage|p2b: Electabuzz|72/100
|-damage|p2b: Electabuzz|57/100
|-damage|p2b: Electabuzz|43/100
|-hitcount|p2b: Electabuzz|4
|-unboost|p1b: Dragonite|def|1
|-boost|p1b: Dragonite|spe|1
|
|-damage|p1a: Sneasler|71/100 brn|[from] brn
|upkeep
|turn|3
|inactive|efwefwefwefweifier has 30 seconds left.
|inactive|dambro222 has 30 seconds left.
|inactive|efwefwefwefweifier has 20 seconds left.
|
|t:|1756710471
|move|p2b: Electabuzz|Protect|p2b: Electabuzz
|-singleturn|p2b: Electabuzz|Protect
|move|p2a: Volcarona|Tera Blast|p1b: Dragonite|[anim] Tera Blast Fairy
|-supereffective|p1b: Dragonite
|-damage|p1b: Dragonite|0 fnt
|faint|p1b: Dragonite
|move|p1a: Sneasler|Dire Claw|p2a: Volcarona
|-supereffective|p2a: Volcarona
|-damage|p2a: Volcarona|12/100
|
|-damage|p1a: Sneasler|65/100 brn|[from] brn
|upkeep
|
|t:|1756710480
|switch|p1b: Gholdengo|Gholdengo, L50|100/100
|turn|4
|
|t:|1756710502
|-terastallize|p1b: Gholdengo|Dragon
|move|p2a: Volcarona|Protect|p2a: Volcarona
|-singleturn|p2a: Volcarona|Protect
|move|p1b: Gholdengo|Make It Rain|p2b: Electabuzz|[spread] p2b
|-activate|p2a: Volcarona|move: Protect
|-resisted|p2b: Electabuzz
|-damage|p2b: Electabuzz|22/100
|-unboost|p1b: Gholdengo|spa|1
|move|p1a: Sneasler|Dire Claw|p2b: Electabuzz
|-damage|p2b: Electabuzz|6/100
|move|p2b: Electabuzz|Electroweb|p1a: Sneasler|[spread] p1a,p1b
|-resisted|p1b: Gholdengo
|-damage|p1a: Sneasler|47/100 brn
|-damage|p1b: Gholdengo|94/100
|-unboost|p1a: Sneasler|spe|1
|-unboost|p1b: Gholdengo|spe|1
|
|-damage|p1a: Sneasler|41/100 brn|[from] brn
|-sideend|p1: efwefwefwefweifier|move: Tailwind
|upkeep
|turn|5
|inactive|efwefwefwefweifier has 30 seconds left.
|inactive|dambro222 has 30 seconds left.
|
|t:|1756710528
|move|p1b: Gholdengo|Protect|p1b: Gholdengo
|-singleturn|p1b: Gholdengo|Protect
|move|p2b: Electabuzz|Follow Me|p2b: Electabuzz
|-singleturn|p2b: Electabuzz|move: Follow Me
|move|p2a: Volcarona|Tera Blast|p1b: Gholdengo|[anim] Tera Blast Fairy
|-activate|p1b: Gholdengo|move: Protect
|move|p1a: Sneasler|Dire Claw|p2b: Electabuzz
|-damage|p2b: Electabuzz|0 fnt
|faint|p2b: Electabuzz
|
|-damage|p1a: Sneasler|35/100 brn|[from] brn
|upkeep
|
|t:|1756710537
|switch|p2b: Rillaboom|Rillaboom, L50, M|100/100
|-fieldstart|move: Grassy Terrain|[from] ability: Grassy Surge|[of] p2b: Rillaboom
|turn|6
|
|t:|1756710547
|switch|p1a: Pooh|Ursaluna, L50, F|100/100
|move|p2b: Rillaboom|Fake Out|p1a: Pooh
|-damage|p1a: Pooh|88/100
|move|p2a: Volcarona|Tera Blast|p1b: Gholdengo|[anim] Tera Blast Fairy
|-supereffective|p1b: Gholdengo
|-damage|p1b: Gholdengo|0 fnt
|faint|p1b: Gholdengo
|
|-heal|p2a: Volcarona|18/100|[from] Grassy Terrain
|-heal|p1a: Pooh|94/100|[from] Grassy Terrain
|-status|p1a: Pooh|brn|[from] item: Flame Orb
|upkeep
|-message|efwefwefwefweifier forfeited.
|
|win|dambro222
|l|☆efwefwefwefweifier
|player|p1|
|raw|efwefwefwefweifier's rating: 1134 → 1113(-21 for losing)
|raw|dambro222's rating: 1193 → 1214(+21 for winning)
