|j|☆Leacenh
|j|☆natsukivgc
|html|Leacenhnatsukivgc    
|uhtml|bestof|Game 2 of a best-of-3
|t:|1786029244
|gametype|doubles
|player|p1|Leacenh|266|1133
|player|p2|natsukivgc|101|1211
|gen|9
|tier|[Gen 9 Champions] VGC 2026 Reg M-B (Bo3)
|rated|
|rule|Species Clause: Limit one of each Pokémon
|rule|Item Clause: Limit 1 of each item
|clearpoke
|poke|p1|Charizard, L50, M|
|poke|p1|Garchomp, L50, F|
|poke|p1|Venusaur, L50, F|
|poke|p1|Incineroar, L50, M|
|poke|p1|Sylveon, L50, M|
|poke|p1|Raichu, L50, F|
|poke|p2|Garchomp, L50, F|
|poke|p2|Venusaur, L50, M|
|poke|p2|Incineroar, L50, F|
|poke|p2|Charizard, L50, F|
|poke|p2|Toxapex, L50, F|
|poke|p2|Annihilape, L50, M|
|teampreview|4
|showteam|p1|Charizard||CharizarditeY|Blaze|HeatWave,WeatherBall,HelpingHand,Protect|Modest||M|||50|]Garchomp||ChoiceScarf|RoughSkin|DragonClaw,Earthquake,StompingTantrum,RockSlide|Adamant||F|||50|]Venusaur||LifeOrb|Chlorophyll|EnergyBall,SludgeBomb,EarthPower,Protect|Modest||F|||50|]Incineroar||SitrusBerry|Intimidate|FlareBlitz,ThroatChop,FakeOut,PartingShot|Bold||M|||50|]Sylveon||FairyFeather|Pixilate|HyperVoice,QuickAttack,Yawn,Detect|Modest||M|||50|]Raichu||RaichuniteY|LightningRod|Protect,FakeOut,FocusBlast,ZapCannon|Timid||F|||50|
|showteam|p2|Garchomp||ChoiceScarf|RoughSkin|Earthquake,DragonClaw,StompingTantrum,RockSlide|Adamant||F|||50|]Venusaur||LifeOrb|Chlorophyll|SolarBeam,SludgeBomb,EarthPower,Protect|Modest||M|||50|]Incineroar||SitrusBerry|Intimidate|FlareBlitz,ThroatChop,FakeOut,PartingShot|Impish||F|||50|]Charizard||CharizarditeY|Blaze|HeatWave,WeatherBall,Protect,HelpingHand|Modest||F|||50|]Toxapex||Leftovers|Regenerator|Infestation,Toxic,WideGuard,BanefulBunker|Bold||F|||50|]Annihilape||FocusSash|Defiant|CloseCombat,PhantomForce,RockTomb,Protect|Jolly||M|||50|
|inactive|Battle timer is ON: inactive players will automatically lose when time's up. (requested by natsukivgc)
|
|t:|1786029301
|teamsize|p1|4
|teamsize|p2|4
|start
|switch|p1a: Garchomp|Garchomp, L50, F|100/100
|switch|p1b: Raichu|Raichu, L50, F|100/100
|switch|p2a: Annihilape|Annihilape, L50, M|100/100
|switch|p2b: Incineroar|Incineroar, L50, F|100/100
|-ability|p2b: Incineroar|Intimidate|boost
|-unboost|p1a: Garchomp|atk|1
|-unboost|p1b: Raichu|atk|1
|turn|1
|inactive|Leacenh has 30 seconds left.
|inactive|natsukivgc has 30 seconds left.
|inactive|natsukivgc has 20 seconds left.
|
|t:|1786029338
|switch|p2b: Garchomp|Garchomp, L50, F|100/100
|detailschange|p1b: Raichu|Raichu-Mega-Y, L50, F
|-mega|p1b: Raichu|Raichu|Raichunite Y
|move|p1b: Raichu|Protect|p1b: Raichu
|-singleturn|p1b: Raichu|Protect
|move|p1a: Garchomp|Stomping Tantrum|p2b: Garchomp
|-damage|p2b: Garchomp|73/100
|-damage|p1a: Garchomp|87/100|[from] ability: Rough Skin|[of] p2b: Garchomp
|move|p2a: Annihilape|Close Combat|p1b: Raichu
|-activate|p1b: Raichu|move: Protect
|
|upkeep
|turn|2
|inactive|Leacenh has 30 seconds left.
|inactive|Leacenh has 20 seconds left.
|
|t:|1786029374
|move|p1a: Garchomp|Stomping Tantrum|p2a: Annihilape
|-damage|p2a: Annihilape|69/100
|move|p2b: Garchomp|Dragon Claw|p1a: Garchomp
|-supereffective|p1a: Garchomp|1
|-damage|p1a: Garchomp|0 fnt
|-damage|p2b: Garchomp|61/100|[from] ability: Rough Skin|[of] p1a: Garchomp
|faint|p1a: Garchomp
|move|p1b: Raichu|Zap Cannon|p2a: Annihilape
|-damage|p2a: Annihilape|7/100
|-status|p2a: Annihilape|par
|move|p2a: Annihilape|Close Combat|p1b: Raichu
|-damage|p1b: Raichu|1/100
|-unboost|p2a: Annihilape|def|1
|-unboost|p2a: Annihilape|spd|1
|
|upkeep
|
|t:|1786029390
|switch|p1a: Incineroar|Incineroar, L50, M|100/100
|-ability|p1a: Incineroar|Intimidate|boost
|-unboost|p2a: Annihilape|atk|1
|-ability|p2a: Annihilape|Defiant|boost
|-boost|p2a: Annihilape|atk|2
|-unboost|p2b: Garchomp|atk|1
|turn|3
|
|t:|1786029414
|move|p2b: Garchomp|Dragon Claw|p1b: Raichu
|-damage|p1b: Raichu|0 fnt
|faint|p1b: Raichu
|move|p1a: Incineroar|Throat Chop|p2a: Annihilape
|-damage|p2a: Annihilape|0 fnt
|faint|p2a: Annihilape
|
|upkeep
|
|t:|1786029423
|switch|p1b: Venusaur|Venusaur, L50, F|100/100
|switch|p2a: Charizard|Charizard, L50, F|100/100
|turn|4
|
|t:|1786029444
|move|p1b: Venusaur|Protect|p1b: Venusaur
|-singleturn|p1b: Venusaur|Protect
|move|p2b: Garchomp|Dragon Claw|p1b: Venusaur
|-activate|p1b: Venusaur|move: Protect
|move|p2a: Charizard|Heat Wave|p1b: Venusaur|[spread] p1a
|-activate|p1b: Venusaur|move: Protect
|-resisted|p1a: Incineroar|1
|-damage|p1a: Incineroar|87/100
|move|p1a: Incineroar|Throat Chop|p2a: Charizard
|-damage|p2a: Charizard|72/100
|-start|p2a: Charizard|Throat Chop|[silent]
|
|upkeep
|turn|5
|
|t:|1786029460
|move|p2b: Garchomp|Dragon Claw|p1b: Venusaur
|-damage|p1b: Venusaur|63/100
|move|p1b: Venusaur|Sludge Bomb|p2a: Charizard
|-damage|p2a: Charizard|10/100
|-damage|p1b: Venusaur|53/100|[from] item: Life Orb
|move|p2a: Charizard|Heat Wave|p1a: Incineroar|[spread] p1b
|-miss|p2a: Charizard|p1a: Incineroar
|-supereffective|p1b: Venusaur|1
|-damage|p1b: Venusaur|0 fnt
|faint|p1b: Venusaur
|move|p1a: Incineroar|Throat Chop|p2a: Charizard
|-damage|p2a: Charizard|0 fnt
|faint|p2a: Charizard
|
|upkeep
|
|t:|1786029473
|switch|p2a: Incineroar|Incineroar, L50, F|100/100
|-ability|p2a: Incineroar|Intimidate|boost
|-unboost|p1a: Incineroar|atk|1
|turn|6
|-message|Leacenh forfeited.
|
|win|natsukivgc
