|j|☆techinsan3
|j|☆laufey#1fan
|html|techinsan3laufey#1fan    
|uhtml|bestof|Game 1 of a best-of-3
|t:|1756527577
|gametype|doubles
|player|p1|techinsan3|ghetsis-gen5bw|1237
|player|p2|laufey#1fan|lady|1178
|gen|9
|tier|[Gen 9] VGC 2025 Reg H (Bo3)
|rated|
|rule|Species Clause: Limit one of each Pokémon
|rule|Item Clause: Limit 1 of each item
|clearpoke
|poke|p1|Volcarona, L50, F|
|poke|p1|Rillaboom, L50, M|
|poke|p1|Kingambit, L50, F|
|poke|p1|Electabuzz, L50, F|
|poke|p1|Sneasler, L50, M|
|poke|p1|Dragonite, L50, M|
|poke|p2|Gholdengo, L50|
|poke|p2|Ursaluna-Bloodmoon, L50, M|
|poke|p2|Incineroar, L50, F|
|poke|p2|Maushold-Four, L50|
|poke|p2|Annihilape, L50, M|
|poke|p2|Dragonite, L50, F|
|teampreview|4
|showteam|p1|Volcarona||CovertCloak|FlameBody|HeatWave,TeraBlast,QuiverDance,Protect|||F|||50|,,,,,Fairy]Rillaboom||AssaultVest|GrassySurge|WoodHammer,GrassyGlide,HighHorsepower,FakeOut|||M|||50|,,,,,Fire]Kingambit||SafetyGoggles|Defiant|KowtowCleave,SuckerPunch,SwordsDance,Protect|||F|||50|,,,,,Dark]Electabuzz||Eviolite|VitalSpirit|Thunderbolt,Taunt,FollowMe,Protect|||F|||50|,,,,,Ghost]Sneasler||FocusSash|Unburden|DireClaw,CloseCombat,Coaching,FakeOut|||M|||50|,,,,,Stellar]Dragonite||LoadedDice|Multiscale|ScaleShot,ExtremeSpeed,Haze,Protect|||M|||50|,,,,,Steel
|showteam|p2|Gholdengo||LifeOrb|GoodasGold|MakeItRain,NastyPlot,ShadowBall,Protect||||||50|,,,,,Water]Ursaluna-Bloodmoon||AssaultVest|MindsEye|BloodMoon,EarthPower,HyperVoice,VacuumWave|||M|||50|,,,,,Water]Incineroar||SafetyGoggles|Intimidate|FakeOut,FlareBlitz,PartingShot,KnockOff|||F|||50|,,,,,Ghost]Maushold-Four||FocusSash|FriendGuard|SuperFang,FollowMe,BeatUp,Protect||||||50|,,,,,Grass]Annihilape||SitrusBerry|Defiant|DrainPunch,BulkUp,RageFist,Protect|||M|||50|,,,,,Fire]Dragonite||LoadedDice|Multiscale|ScaleShot,ExtremeSpeed,Protect,Tailwind|||F|||50|,,,,,Fairy
|inactive|Battle timer is ON: inactive players will automatically lose when time's up. (requested by techinsan3)
|
|t:|1756527626
|teamsize|p1|4
|teamsize|p2|4
|start
|switch|p1a: Sneasler|Sneasler, L50, M, shiny|100/100
|switch|p1b: Dragonite|Dragonite, L50, M, shiny|100/100
|switch|p2a: Sabotage|Annihilape, L50, M, shiny|100/100
|switch|p2b: Carousel|Maushold-Four, L50|100/100
|turn|1
|inactive|techinsan3 has 30 seconds left.
|
|t:|1756527654
|move|p2b: Carousel|Protect|p2b: Carousel
|-singleturn|p2b: Carousel|Protect
|move|p1a: Sneasler|Fake Out|p2b: Carousel
|-activate|p2b: Carousel|move: Protect
|move|p2a: Sabotage|Bulk Up|p2a: Sabotage
|-boost|p2a: Sabotage|atk|1
|-boost|p2a: Sabotage|def|1
|move|p1b: Dragonite|Scale Shot|p2a: Sabotage
|-damage|p2a: Sabotage|93/100
|-crit|p2a: Sabotage
|-damage|p2a: Sabotage|76/100
|-damage|p2a: Sabotage|70/100
|-damage|p2a: Sabotage|62/100
|-hitcount|p2a: Sabotage|4
|-unboost|p1b: Dragonite|def|1
|-boost|p1b: Dragonite|spe|1
|
|upkeep
|turn|2
|
|t:|1756527667
|move|p1b: Dragonite|Protect|p1b: Dragonite
|-singleturn|p1b: Dragonite|Protect
|move|p1a: Sneasler|Coaching|p1b: Dragonite
|-boost|p1b: Dragonite|atk|1
|-boost|p1b: Dragonite|def|1
|move|p2b: Carousel|Super Fang|p1b: Dragonite
|-activate|p1b: Dragonite|move: Protect
|move|p2a: Sabotage|Rage Fist|p1b: Dragonite
|-activate|p1b: Dragonite|move: Protect
|
|upkeep
|turn|3
|
|t:|1756527685
|move|p1b: Dragonite|Scale Shot|p2b: Carousel
|-damage|p2b: Carousel|73/100
|-damage|p2b: Carousel|46/100
|-damage|p2b: Carousel|16/100
|-damage|p2b: Carousel|0 fnt
|faint|p2b: Carousel
|-hitcount|p2: Carousel|4
|-unboost|p1b: Dragonite|def|1
|-boost|p1b: Dragonite|spe|1
|move|p1a: Sneasler|Dire Claw|p2a: Sabotage
|-resisted|p2a: Sabotage
|-damage|p2a: Sabotage|50/100
|-status|p2a: Sabotage|par
|-enditem|p2a: Sabotage|Sitrus Berry|[eat]
|-heal|p2a: Sabotage|74/100 par|[from] item: Sitrus Berry
|move|p2a: Sabotage|Rage Fist|p1b: Dragonite
|-crit|p1b: Dragonite
|-damage|p1b: Dragonite|0 fnt
|faint|p1b: Dragonite
|
|upkeep
|inactive|techinsan3 has 30 seconds left.
|
|t:|1756527710
|switch|p2b: Mr.Eclectic|Ursaluna-Bloodmoon, L50, M|100/100
|switch|p1b: Kingambit|Kingambit, L50, F, shiny|100/100
|turn|4
|inactive|techinsan3 has 30 seconds left.
|
|t:|1756527737
|-terastallize|p2b: Mr.Eclectic|Water
|-terastallize|p1b: Kingambit|Dark
|move|p1b: Kingambit|Sucker Punch|p2b: Mr.Eclectic
|-damage|p2b: Mr.Eclectic|59/100
|move|p1a: Sneasler|Close Combat|p2b: Mr.Eclectic
|-damage|p2b: Mr.Eclectic|9/100
|-unboost|p1a: Sneasler|def|1
|-unboost|p1a: Sneasler|spd|1
|move|p2a: Sabotage|Drain Punch|p1b: Kingambit
|-supereffective|p1b: Kingambit
|-damage|p1b: Kingambit|42/100
|-heal|p2a: Sabotage|100/100 par|[from] drain|[of] p1b: Kingambit
|move|p2b: Mr.Eclectic|Earth Power|p1a: Sneasler
|-supereffective|p1a: Sneasler
|-enditem|p1a: Sneasler|Focus Sash
|-damage|p1a: Sneasler|1/100
|-unboost|p1a: Sneasler|spd|1
|
|upkeep
|turn|5
|
|t:|1756527757
|switch|p1a: Rillaboom|Rillaboom, L50, M, shiny|100/100
|-fieldstart|move: Grassy Terrain|[from] ability: Grassy Surge|[of] p1a: Rillaboom
|switch|p2b: Clear Air|Dragonite, L50, F|100/100
|move|p1b: Kingambit|Protect|p1b: Kingambit
|-singleturn|p1b: Kingambit|Protect
|move|p2a: Sabotage|Drain Punch|p1b: Kingambit
|-activate|p1b: Kingambit|move: Protect
|
|-heal|p1b: Kingambit|48/100|[from] Grassy Terrain
|upkeep
|turn|6
|
|t:|1756527770
|move|p2b: Clear Air|Protect|p2b: Clear Air
|-singleturn|p2b: Clear Air|Protect
|move|p1b: Kingambit|Sucker Punch||[still]
|-fail|p1b: Kingambit
|move|p1a: Rillaboom|Wood Hammer|p2a: Sabotage
|-damage|p2a: Sabotage|46/100 par
|-damage|p1a: Rillaboom|82/100|[from] Recoil
|move|p2a: Sabotage|Bulk Up|p2a: Sabotage
|-boost|p2a: Sabotage|atk|1
|-boost|p2a: Sabotage|def|1
|
|-heal|p1a: Rillaboom|87/100|[from] Grassy Terrain
|-heal|p2a: Sabotage|52/100 par|[from] Grassy Terrain
|-heal|p1b: Kingambit|54/100|[from] Grassy Terrain
|upkeep
|turn|7
|
|t:|1756527791
|move|p2b: Clear Air|Tailwind|p2b: Clear Air
|-sidestart|p2: laufey#1fan|move: Tailwind
|move|p2a: Sabotage|Rage Fist|p1a: Rillaboom
|-damage|p1a: Rillaboom|0 fnt
|faint|p1a: Rillaboom
|move|p1b: Kingambit|Kowtow Cleave|p2b: Clear Air
|-damage|p2b: Clear Air|62/100
|
|-heal|p2a: Sabotage|58/100 par|[from] Grassy Terrain
|-heal|p1b: Kingambit|60/100|[from] Grassy Terrain
|upkeep
|
|t:|1756527797
|switch|p1a: Sneasler|Sneasler, L50, M, shiny|1/100
|turn|8
|
|t:|1756527809
|move|p1a: Sneasler|Fake Out|p2b: Clear Air
|-damage|p2b: Clear Air|47/100
|cant|p2b: Clear Air|flinch
|move|p2a: Sabotage|Drain Punch|p1b: Kingambit
|-supereffective|p1b: Kingambit
|-damage|p1b: Kingambit|0 fnt
|-heal|p2a: Sabotage|87/100 par|[from] drain|[of] p1b: Kingambit
|faint|p1b: Kingambit
|
|-heal|p1a: Sneasler|7/100|[from] Grassy Terrain
|-heal|p2a: Sabotage|93/100 par|[from] Grassy Terrain
|upkeep
|turn|9
|-message|techinsan3 forfeited.
|
|win|laufey#1fan
|l|☆techinsan3
|player|p1|
||techinsan3 is ready for game 2.
||laufey#1fan is ready for game 2.
|uhtml|next|Next: Game 2 of 3
