|j|☆kapi_loves_yall
|j|☆notdoodenberg
|html|kapi_loves_yallnotdoodenberg    
|uhtml|bestof|Game 1 of a best-of-3
|t:|1784568474
|gametype|doubles
|player|p1|kapi_loves_yall|lusamine-nihilego|1166
|player|p2|notdoodenberg|265|1189
|gen|9
|tier|[Gen 9 Champions] VGC 2026 Reg M-B (Bo3)
|rated|
|rule|Species Clause: Limit one of each Pokémon
|rule|Item Clause: Limit 1 of each item
|clearpoke
|poke|p1|Sinistcha-Masterpiece, L50|
|poke|p1|Mawile, L50, F|
|poke|p1|Primarina, L50, F|
|poke|p1|Drampa, L50, F|
|poke|p1|Armarouge, L50, F|
|poke|p1|Scrafty, L50, M|
|poke|p2|Floette-Eternal, L50, F|
|poke|p2|Delphox, L50, M|
|poke|p2|Sneasler, L50, M|
|poke|p2|Incineroar, L50, F|
|poke|p2|Kingambit, L50, M|
|poke|p2|Sinistcha, L50|
|teampreview|4
|showteam|p1|Sinistcha-Masterpiece||SitrusBerry|Hospitality|MatchaGotcha,RagePowder,TrickRoom,ShadowBall|Relaxed|||||50|]Mawile||Mawilite|HyperCutter|IronHead,PlayRough,SuckerPunch,Protect|Brave||F|||50|]Primarina||MysticWater|LiquidVoice|HyperVoice,IceBeam,Moonblast,Protect|Quiet||F|||50|]Drampa||LifeOrb|CloudNine|HyperVoice,EarthPower,DragonPulse,Protect|Quiet||F|||50|]Armarouge||ColburBerry|FlashFire|ArmorCannon,TrickRoom,Psychic,WideGuard|Sassy||F|||50|]Scrafty||Scraftinite|Intimidate|Crunch,CloseCombat,RockSlide,FakeOut|Brave||M|||50|
|showteam|p2|Floette-Eternal||Floettite|FlowerVeil|Protect,CalmMind,DazzlingGleam,Moonblast|Timid||F|||50|]Delphox||Delphoxite|Blaze|Protect,NastyPlot,Psychic,HeatWave|Modest||M|||50|]Sneasler||FocusSash|PoisonTouch|FakeOut,PoisonJab,CloseCombat,RockTomb|Jolly||M|||50|]Incineroar||SitrusBerry|Intimidate|FakeOut,ThroatChop,PartingShot,FlareBlitz|Careful||F|||50|]Kingambit||LifeOrb|Defiant|Protect,SwordsDance,SuckerPunch,KowtowCleave|Adamant||M|||50|]Sinistcha||OccaBerry|Hospitality|Protect,TrickRoom,RagePowder,MatchaGotcha|Bold|||||50|
|inactive|Battle timer is ON: inactive players will automatically lose when time's up. (requested by kapi_loves_yall)
|
|t:|1784568510
|teamsize|p1|4
|teamsize|p2|4
|start
|switch|p1a: Mawile|Mawile, L50, F|100/100
|switch|p1b: Armarouge|Armarouge, L50, F|100/100
|switch|p2a: Floette|Floette-Eternal, L50, F|100/100
|switch|p2b: Incineroar|Incineroar, L50, F|100/100
|-ability|p2b: Incineroar|Intimidate|boost
|-fail|p1a: Mawile|unboost|Attack|[from] ability: Hyper Cutter|[of] p1a: Mawile
|-unboost|p1b: Armarouge|atk|1
|turn|1
|inactive|notdoodenberg has 30 seconds left.
|
|t:|1784568538
|detailschange|p2a: Floette|Floette-Mega, L50, F
|-mega|p2a: Floette|Floette|Floettite
|-ability|p2a: Floette|Fairy Aura
|move|p2a: Floette|Protect|p2a: Floette
|-singleturn|p2a: Floette|Protect
|move|p1a: Mawile|Protect|p1a: Mawile
|-singleturn|p1a: Mawile|Protect
|move|p2b: Incineroar|Flare Blitz|p1a: Mawile
|-activate|p1a: Mawile|move: Protect
|move|p1b: Armarouge|Trick Room|p1b: Armarouge
|-fieldstart|move: Trick Room|[of] p1b: Armarouge
|
|upkeep
|turn|2
|
|t:|1784568553
|switch|p1b: Primarina|Primarina, L50, F|100/100
|detailschange|p1a: Mawile|Mawile-Mega, L50, F
|-mega|p1a: Mawile|Mawile|Mawilite
|move|p1a: Mawile|Iron Head|p2a: Floette
|-supereffective|p2a: Floette|1
|-damage|p2a: Floette|0 fnt
|faint|p2a: Floette
|move|p2b: Incineroar|Flare Blitz|p1a: Mawile
|-supereffective|p1a: Mawile|1
|-damage|p1a: Mawile|10/100
|-damage|p2b: Incineroar|77/100|[from] Recoil
|
|upkeep
|
|t:|1784568562
|switch|p2a: Sinistcha|Sinistcha, L50|100/100
|-heal|p2b: Incineroar|100/100|[from] ability: Hospitality|[of] p2a: Sinistcha
|turn|3
|
|t:|1784568584
|switch|p2b: Sneasler|Sneasler, L50, M|100/100
|move|p1a: Mawile|Play Rough|p2a: Sinistcha
|-damage|p2a: Sinistcha|26/100
|move|p1b: Primarina|Hyper Voice|p2b: Sneasler|[spread] p2a,p2b
|-resisted|p2a: Sinistcha|1
|-damage|p2a: Sinistcha|5/100
|-damage|p2b: Sneasler|40/100
|move|p2a: Sinistcha|Matcha Gotcha|p1a: Mawile|[spread] p1a,p1b
|-resisted|p1a: Mawile|1
|-supereffective|p1b: Primarina|1
|-damage|p1a: Mawile|0 fnt
|-heal|p2a: Sinistcha|10/100|[from] drain|[of] p1a: Mawile
|-damage|p1b: Primarina|62/100
|-heal|p2a: Sinistcha|29/100|[from] drain|[of] p1b: Primarina
|faint|p1a: Mawile
|
|upkeep
|
|t:|1784568593
|switch|p1a: Drampa|Drampa, L50, F|100/100
|-ability|p1a: Drampa|Cloud Nine
|turn|4
|
|t:|1784568604
|move|p2b: Sneasler|Fake Out|p1b: Primarina
|-damage|p1b: Primarina|42/100
|move|p1a: Drampa|Dragon Pulse|p2a: Sinistcha
|-damage|p2a: Sinistcha|0 fnt
|faint|p2a: Sinistcha
|-damage|p1a: Drampa|90/100|[from] item: Life Orb
|cant|p1b: Primarina|flinch
|
|upkeep
|
|t:|1784568610
|switch|p2a: Incineroar|Incineroar, L50, F|100/100
|-ability|p2a: Incineroar|Intimidate|boost
|-unboost|p1a: Drampa|atk|1
|-unboost|p1b: Primarina|atk|1
|turn|5
|
|t:|1784568617
|move|p2a: Incineroar|Fake Out|p1b: Primarina
|-damage|p1b: Primarina|29/100
|move|p1a: Drampa|Earth Power|p2a: Incineroar
|-supereffective|p2a: Incineroar|1
|-damage|p2a: Incineroar|26/100
|-enditem|p2a: Incineroar|Sitrus Berry|[eat]
|-heal|p2a: Incineroar|51/100|[from] item: Sitrus Berry
|-damage|p1a: Drampa|80/100|[from] item: Life Orb
|cant|p1b: Primarina|flinch
|move|p2b: Sneasler|Close Combat|p1a: Drampa
|-supereffective|p1a: Drampa|1
|-damage|p1a: Drampa|0 fnt
|-unboost|p2b: Sneasler|def|1
|-unboost|p2b: Sneasler|spd|1
|faint|p1a: Drampa
|
|-fieldend|move: Trick Room
|upkeep
|
|t:|1784568624
|switch|p1a: Armarouge|Armarouge, L50, F|100/100
|turn|6
|
|t:|1784568637
|move|p1b: Primarina|Protect|p1b: Primarina
|-singleturn|p1b: Primarina|Protect
|move|p2b: Sneasler|Poison Jab|p1b: Primarina
|-activate|p1b: Primarina|move: Protect
|move|p2a: Incineroar|Throat Chop|p1a: Armarouge
|-supereffective|p1a: Armarouge|1
|-enditem|p1a: Armarouge|Colbur Berry|[eat]
|-enditem|p1a: Armarouge|Colbur Berry|[weaken]
|-damage|p1a: Armarouge|68/100
|-start|p1a: Armarouge|Throat Chop|[silent]
|move|p1a: Armarouge|Trick Room|p1a: Armarouge
|-fieldstart|move: Trick Room|[of] p1a: Armarouge
|
|upkeep
|turn|7
|
|t:|1784568645
|move|p1b: Primarina|Hyper Voice|p2b: Sneasler|[spread] p2a,p2b
|-supereffective|p2a: Incineroar|1
|-damage|p2a: Incineroar|0 fnt
|-damage|p2b: Sneasler|0 fnt
|faint|p2a: Incineroar
|faint|p2b: Sneasler
|
|win|kapi_loves_yall
||kapi_loves_yall is ready for game 2.
