|j|☆bigj009
|j|☆legionvgc
|html|bigj009legionvgc    
|uhtml|bestof|Game 1 of a best-of-3
|t:|1757741998
|gametype|doubles
|player|p1|bigj009|lucas|1225
|player|p2|legionvgc|101|1294
|gen|9
|tier|[Gen 9] VGC 2025 Reg H (Bo3)
|rated|
|rule|Species Clause: Limit one of each Pokémon
|rule|Item Clause: Limit 1 of each item
|clearpoke
|poke|p1|Pelipper, L50, M|
|poke|p1|Gholdengo, L50|
|poke|p1|Basculegion, L50, M|
|poke|p1|Sneasler, L50, M|
|poke|p1|Garchomp, L50, F|
|poke|p1|Amoonguss, L50, M|
|poke|p2|Jumpluff, L50, F|
|poke|p2|Charizard, L50, M|
|poke|p2|Incineroar, L50, M|
|poke|p2|Ursaluna, L50, M|
|poke|p2|Porygon2, L50|
|poke|p2|Torkoal, L50, M|
|teampreview|4
|showteam|p1|Pelipper||CovertCloak|Drizzle|Tailwind,Hurricane,WeatherBall,HelpingHand|||M|||50|,,,,,Grass]Gholdengo||ChoiceSpecs|GoodasGold|MakeItRain,ShadowBall,Thunderbolt,PowerGem||||||50|,,,,,Steel]Basculegion||ChoiceBand|SwiftSwim|AquaJet,LastRespects,FlipTurn,WaveCrash|||M|||50|,,,,,Water]Sneasler||WhiteHerb|Unburden|FakeOut,CloseCombat,DireClaw,ThroatChop|||M|||50|,,,,,Dark]Garchomp||ClearAmulet|RoughSkin|DragonClaw,Earthquake,StompingTantrum,Protect|||F|||50|,,,,,Fire]Amoonguss||SitrusBerry|Regenerator|Spore,PollenPuff,RagePowder,Protect|||M|||50|,,,,,Water
|showteam|p2|Jumpluff||CovertCloak|Chlorophyll|RagePowder,SleepPowder,SunnyDay,Tailwind|||F|||50|,,,,,Water]Charizard||ChoiceSpecs|SolarPower|HeatWave,Overheat,WeatherBall,AirSlash|||M|||50|,,,,,Ghost]Incineroar||SafetyGoggles|Intimidate|FlareBlitz,KnockOff,FakeOut,PartingShot|||M|||50|,,,,,Ghost]Ursaluna||FlameOrb|Guts|HeadlongRush,Facade,Earthquake,Protect|||M|||50|,,,,,Ghost]Porygon2||Eviolite|Download|TeraBlast,IceBeam,Recover,TrickRoom||||||50|,,,,,Fighting]Torkoal||EjectPack|Drought|Eruption,Overheat,HelpingHand,Protect|||M|||50|,,,,,Fire
|inactive|Battle timer is ON: inactive players will automatically lose when time's up. (requested by bigj009)
|inactive|legionvgc has 60 seconds left.
|
|t:|1757742036
|teamsize|p1|4
|teamsize|p2|4
|start
|switch|p1a: Sneasler|Sneasler, L50, M|100/100
|switch|p1b: Garchomp|Garchomp, L50, F|100/100
|switch|p2a: Scat Pack CB|Incineroar, L50, M|100/100
|switch|p2b: Blueberry|Jumpluff, L50, F|100/100
|-ability|p2a: Scat Pack CB|Intimidate|boost
|-unboost|p1a: Sneasler|atk|1
|-fail|p1b: Garchomp|unboost|[from] item: Clear Amulet|[of] p1b: Garchomp
|-enditem|p1a: Sneasler|White Herb
|-clearnegativeboost|p1a: Sneasler|[silent]
|turn|1
|
|t:|1757742058
|-terastallize|p2b: Blueberry|Water
|move|p1a: Sneasler|Dire Claw|p2b: Blueberry
|-damage|p2b: Blueberry|49/100
|move|p2b: Blueberry|Tailwind|p2b: Blueberry
|-sidestart|p2: legionvgc|move: Tailwind
|move|p2a: Scat Pack CB|Parting Shot|p1a: Sneasler
|-unboost|p1a: Sneasler|atk|1
|-unboost|p1a: Sneasler|spa|1
|
|t:|1757742077
|switch|p2a: Baloo|Ursaluna, L50, M, shiny|100/100|[from] Parting Shot
|move|p1b: Garchomp|Stomping Tantrum|p2a: Baloo
|-damage|p2a: Baloo|72/100
|
|-status|p2a: Baloo|brn|[from] item: Flame Orb
|upkeep
|turn|2
|inactive|legionvgc has 30 seconds left.
|
|t:|1757742108
|move|p1a: Sneasler|Close Combat|p2a: Baloo
|-supereffective|p2a: Baloo
|-damage|p2a: Baloo|9/100 brn
|-unboost|p1a: Sneasler|def|1
|-unboost|p1a: Sneasler|spd|1
|move|p2b: Blueberry|Sleep Powder|p1b: Garchomp
|-status|p1b: Garchomp|slp|[from] move: Sleep Powder
|move|p2a: Baloo|Headlong Rush|p1a: Sneasler
|-supereffective|p1a: Sneasler
|-damage|p1a: Sneasler|0 fnt
|-unboost|p2a: Baloo|def|1
|-unboost|p2a: Baloo|spd|1
|faint|p1a: Sneasler
|cant|p1b: Garchomp|slp
|
|-damage|p2a: Baloo|3/100 brn|[from] brn
|upkeep
|
|t:|1757742123
|switch|p1a: Basculegion|Basculegion, L50, M|100/100
|turn|3
|
|t:|1757742144
|move|p2b: Blueberry|Rage Powder|p2b: Blueberry
|-singleturn|p2b: Blueberry|move: Rage Powder
|move|p1a: Basculegion|Aqua Jet|p2b: Blueberry
|-resisted|p2b: Blueberry
|-damage|p2b: Blueberry|28/100
|move|p2a: Baloo|Facade|p1b: Garchomp
|-damage|p1b: Garchomp|0 fnt
|-damage|p2a: Baloo|0 fnt|[from] ability: Rough Skin|[of] p1b: Garchomp
|faint|p1b: Garchomp
|faint|p2a: Baloo
|
|upkeep
|
|t:|1757742157
|switch|p1b: Pelipper|Pelipper, L50, M|100/100
|switch|p2a: Scat Pack CB|Incineroar, L50, M|100/100
|-ability|p2a: Scat Pack CB|Intimidate|boost
|-unboost|p1a: Basculegion|atk|1
|-unboost|p1b: Pelipper|atk|1
|-weather|RainDance|[from] ability: Drizzle|[of] p1b: Pelipper
|turn|4
|inactive|legionvgc has 30 seconds left.
|
|t:|1757742182
|switch|p2a: Starbreaker|Porygon2, L50|100/100
|-ability|p2a: Starbreaker|Download|boost
|-boost|p2a: Starbreaker|spa|1
|-terastallize|p1a: Basculegion|Water
|move|p1a: Basculegion|Aqua Jet|p2a: Starbreaker
|-damage|p2a: Starbreaker|69/100
|move|p2b: Blueberry|Sunny Day|p2b: Blueberry
|-weather|SunnyDay
|move|p1b: Pelipper|Hurricane|p2b: Blueberry
|-damage|p2b: Blueberry|0 fnt
|faint|p2b: Blueberry
|
|-weather|SunnyDay|[upkeep]
|-sideend|p2: legionvgc|move: Tailwind
|upkeep
|
|t:|1757742195
|switch|p2b: Scat Pack CB|Incineroar, L50, M|100/100
|-ability|p2b: Scat Pack CB|Intimidate|boost
|-unboost|p1a: Basculegion|atk|1
|-unboost|p1b: Pelipper|atk|1
|turn|5
|inactive|legionvgc has 30 seconds left.
|
|t:|1757742226
|move|p1a: Basculegion|Aqua Jet|p2b: Scat Pack CB
|-supereffective|p2b: Scat Pack CB
|-damage|p2b: Scat Pack CB|80/100
|move|p1b: Pelipper|Hurricane|p2a: Starbreaker|[miss]
|-miss|p1b: Pelipper|p2a: Starbreaker
|move|p2b: Scat Pack CB|Knock Off|p1b: Pelipper
|-damage|p1b: Pelipper|40/100
|-enditem|p1b: Pelipper|Covert Cloak|[from] move: Knock Off|[of] p2b: Scat Pack CB
|move|p2a: Starbreaker|Ice Beam|p1b: Pelipper
|-damage|p1b: Pelipper|0 fnt
|faint|p1b: Pelipper
|
|-weather|SunnyDay|[upkeep]
|upkeep
|turn|6
|-message|bigj009 forfeited.
|
|win|legionvgc
|l|☆bigj009
|player|p1|
||bigj009 is ready for game 2.
||legionvgc is ready for game 2.
|uhtml|next|Next: Game 2 of 3
