|j|☆kokomiiiii
|j|☆pinba2
|html|kokomiiiiipinba2    
|uhtml|bestof|Game 1 of a best-of-3
|t:|1757715486
|gametype|doubles
|player|p1|kokomiiiii|lillie-masters|1095
|player|p2|pinba2|nate|1000
|gen|9
|tier|[Gen 9] VGC 2025 Reg H (Bo3)
|rated|
|rule|Species Clause: Limit one of each Pokémon
|rule|Item Clause: Limit 1 of each item
|clearpoke
|poke|p1|Dragonite, L50, F|
|poke|p1|Sneasler, L50, F|
|poke|p1|Kingambit, L50, F|
|poke|p1|Rillaboom, L50, M|
|poke|p1|Volcarona, L50, M|
|poke|p1|Ninetales-Alola, L50, F|
|poke|p2|Annihilape, L50, F|
|poke|p2|Garchomp, L50, F|
|poke|p2|Incineroar, L50, M|
|poke|p2|Whimsicott, L50, F|
|poke|p2|Rillaboom, L50, M|
|poke|p2|Palafin, L50, M|
|teampreview|4
|showteam|p1|Dragonite||LoadedDice|Multiscale|ScaleShot,StompingTantrum,Haze,Protect|||F|||50|,,,,,Fairy]Sneasler||FocusSash|Unburden|FakeOut,Coaching,CloseCombat,DireClaw|||F|||50|,,,,,Stellar]Kingambit||SafetyGoggles|Defiant|KowtowCleave,SwordsDance,SuckerPunch,Protect|||F|||50|,,,,,Fire]Rillaboom||AssaultVest|GrassySurge|FakeOut,WoodHammer,HighHorsepower,GrassyGlide|||M|||50|,,,,,Fire]Volcarona||Leftovers|FlameBody|HeatWave,TeraBlast,QuiverDance,Protect|||M|||50|,,,,,Fairy]Ninetales-Alola||CovertCloak|SnowWarning|IcyWind,AuroraVeil,Blizzard,Encore|||F|||50|,,,,,Water
|showteam|p2|Annihilape||FocusSash|Defiant|TeraBlast,PoisonJab,RageFist,CloseCombat|||F|||50|,,,,,Dark]Garchomp||AssaultVest|RoughSkin|ScaleShot,RockSlide,Earthquake,Protect|||F|||50|,,,,,Fairy]Incineroar||CovertCloak|Intimidate|FlareBlitz,SunnyDay,KnockOff,FakeOut|||M|||50|,,,,,Bug]Whimsicott||AbilityShield|Prankster|Encore,Tailwind,DazzlingGleam,TrickRoom|||F|||50|,,,,,Dark]Rillaboom||MiracleSeed|GrassySurge|FakeOut,GrassyGlide,WoodHammer,Taunt|||M|||50|,,,,,Fire]Palafin||MysticWater|ZerotoHero|Haze,WaveCrash,JetPunch,IcePunch|||M|||50|,,,,,Water
|l|☆pinba2
|player|p2|
|j|☆pinba2
|player|p2|pinba2|nate|
|inactive|Battle timer is ON: inactive players will automatically lose when time's up. (requested by pinba2)
|inactive|pinba2 has 60 seconds left.
|inactive|pinba2 has 30 seconds left.
|inactive|pinba2 has 20 seconds left.
|inactive|pinba2 has 15 seconds left.
|inactive|pinba2 has 10 seconds left.
|
|t:|1757715601
|teamsize|p1|4
|teamsize|p2|4
|start
|switch|p1a: Volcarona|Volcarona, L50, M, shiny|100/100
|switch|p1b: Ninetales|Ninetales-Alola, L50, F, shiny|100/100
|switch|p2a: Garchomp|Garchomp, L50, F|100/100
|switch|p2b: Palafin|Palafin, L50, M|100/100
|-weather|Snowscape|[from] ability: Snow Warning|[of] p1b: Ninetales
|turn|1
|inactive|kokomiiiii has 30 seconds left.
|inactive|pinba2 has 30 seconds left.
|inactive|kokomiiiii has 20 seconds left.
|inactive|pinba2 has 20 seconds left.
|inactive|pinba2 has 15 seconds left.
|
|t:|1757715645
|-terastallize|p2a: Garchomp|Fairy
|-terastallize|p1a: Volcarona|Fairy
|move|p1b: Ninetales|Blizzard|p2b: Palafin|[spread] p2a,p2b
|-resisted|p2b: Palafin
|-damage|p2a: Garchomp|81/100
|-damage|p2b: Palafin|81/100
|move|p2a: Garchomp|Rock Slide|p1b: Ninetales|[spread] p1a,p1b
|-supereffective|p1b: Ninetales
|-damage|p1a: Volcarona|76/100
|-damage|p1b: Ninetales|70/100
|move|p2b: Palafin|Wave Crash|p1a: Volcarona
|-damage|p1a: Volcarona|16/100
|-damage|p2b: Palafin|59/100|[from] Recoil
|cant|p1a: Volcarona|flinch
|
|-weather|Snowscape|[upkeep]
|-heal|p1a: Volcarona|22/100|[from] item: Leftovers
|upkeep
|turn|2
|inactive|kokomiiiii has 30 seconds left.
|inactive|pinba2 has 30 seconds left.
|
|t:|1757715678
|detailschange|p2b: Palafin|Palafin-Hero, L50, M
|switch|p2b: Incineroar|Incineroar, L50, M|100/100
|-ability|p2b: Incineroar|Intimidate|boost
|-unboost|p1a: Volcarona|atk|1
|-unboost|p1b: Ninetales|atk|1
|move|p1b: Ninetales|Aurora Veil|p1b: Ninetales
|-sidestart|p1: kokomiiiii|move: Aurora Veil
|move|p2a: Garchomp|Rock Slide|p1b: Ninetales|[spread] p1a,p1b
|-supereffective|p1b: Ninetales
|-damage|p1a: Volcarona|6/100
|-damage|p1b: Ninetales|48/100
|move|p1a: Volcarona|Tera Blast|p2b: Incineroar|[anim] Tera Blast Fairy
|-damage|p2b: Incineroar|61/100
|
|-weather|Snowscape|[upkeep]
|-heal|p1a: Volcarona|12/100|[from] item: Leftovers
|upkeep
|turn|3
|
|t:|1757715702
|move|p1a: Volcarona|Protect|p1a: Volcarona
|-singleturn|p1a: Volcarona|Protect
|move|p2b: Incineroar|Fake Out|p1b: Ninetales
|-damage|p1b: Ninetales|40/100
|move|p1b: Ninetales|Icy Wind|p2a: Garchomp|[spread] p2a,p2b
|-resisted|p2b: Incineroar
|-damage|p2a: Garchomp|70/100
|-damage|p2b: Incineroar|55/100
|-unboost|p2a: Garchomp|spe|1
|move|p2a: Garchomp|Rock Slide|p1b: Ninetales|[spread] 
|-activate|p1a: Volcarona|move: Protect
|-miss|p2a: Garchomp|p1b: Ninetales
|
|-weather|Snowscape|[upkeep]
|-heal|p1a: Volcarona|19/100|[from] item: Leftovers
|upkeep
|turn|4
|inactive|kokomiiiii has 30 seconds left.
|
|t:|1757715729
|move|p1b: Ninetales|Blizzard|p2a: Garchomp|[spread] p2a,p2b
|-resisted|p2b: Incineroar
|-damage|p2a: Garchomp|52/100
|-damage|p2b: Incineroar|45/100
|move|p1a: Volcarona|Tera Blast|p2a: Garchomp|[anim] Tera Blast Fairy
|-damage|p2a: Garchomp|20/100
|move|p2a: Garchomp|Rock Slide|p1a: Volcarona|[spread] p1b
|-miss|p2a: Garchomp|p1a: Volcarona
|-supereffective|p1b: Ninetales
|-damage|p1b: Ninetales|18/100
|move|p2b: Incineroar|Flare Blitz|p1b: Ninetales
|-supereffective|p1b: Ninetales
|-damage|p1b: Ninetales|0 fnt
|faint|p1b: Ninetales
|-damage|p2b: Incineroar|40/100|[from] Recoil
|
|-weather|Snowscape|[upkeep]
|-heal|p1a: Volcarona|25/100|[from] item: Leftovers
|upkeep
|
|t:|1757715744
|switch|p1b: Sneasler|Sneasler, L50, F, shiny|100/100
|turn|5
|
|t:|1757715765
|move|p1b: Sneasler|Close Combat|p2b: Incineroar
|-supereffective|p2b: Incineroar
|-damage|p2b: Incineroar|0 fnt
|-unboost|p1b: Sneasler|def|1
|-unboost|p1b: Sneasler|spd|1
|faint|p2b: Incineroar
|move|p1a: Volcarona|Tera Blast|p2a: Garchomp|[anim] Tera Blast Fairy
|-damage|p2a: Garchomp|0 fnt
|faint|p2a: Garchomp
|
|-weather|none
|-heal|p1a: Volcarona|31/100|[from] item: Leftovers
|upkeep
|
|t:|1757715780
|switch|p2a: Palafin|Palafin-Hero, L50, M|59/100
|switch|p2b: Annihilape|Annihilape, L50, F|100/100
|-activate|p2a: Palafin|ability: Zero to Hero
|turn|6
|inactive|pinba2 has 30 seconds left.
|
|t:|1757715805
|move|p1b: Sneasler|Close Combat|p2a: Palafin
|-damage|p2a: Palafin|0 fnt
|-unboost|p1b: Sneasler|def|1
|-unboost|p1b: Sneasler|spd|1
|faint|p2a: Palafin
|move|p1a: Volcarona|Tera Blast|p2b: Annihilape|[anim] Tera Blast Fairy
|-supereffective|p2b: Annihilape
|-damage|p2b: Annihilape|13/100
|move|p2b: Annihilape|Tera Blast|p1a: Volcarona
|-damage|p1a: Volcarona|25/100
|
|-heal|p1a: Volcarona|32/100|[from] item: Leftovers
|-sideend|p1: kokomiiiii|move: Aurora Veil
|upkeep
|turn|7
|-message|pinba2 forfeited.
|
|win|kokomiiiii
|l|☆pinba2
|player|p2|
|inactive|kokomiiiii has 30 seconds to confirm battle start!
|inactive|pinba2 has 30 seconds to confirm battle start!
||kokomiiiii is ready for game 2.
|inactive|pinba2 has 20 seconds to confirm battle start!
|j|☆pinba2
|player|p2|pinba2|nate|
|l|☆pinba2
|player|p2|
|inactive|pinba2 has 10 seconds to confirm battle start!
|uhtml|next|Next: Game 2 of 3
|l|☆kokomiiiii
|player|p1|
|j|☆kokomiiiii
|player|p1|kokomiiiii|lillie-masters|
