|j|☆Br1_lore
|j|☆BattleBlazikenVGC
|html|Br1_loreBattleBlazikenVGC    
|uhtml|bestof|Game 3 of a best-of-3
|t:|1783099836
|gametype|doubles
|player|p1|Br1_lore|2|1162
|player|p2|BattleBlazikenVGC|volkner|1218
|gen|9
|tier|[Gen 9 Champions] VGC 2026 Reg M-B (Bo3)
|rated|
|rule|Species Clause: Limit one of each Pokémon
|rule|Item Clause: Limit 1 of each item
|clearpoke
|poke|p1|Metagross, L50|
|poke|p1|Hydreigon, L50, F|
|poke|p1|Sneasler, L50, F|
|poke|p1|Aerodactyl, L50, F|
|poke|p1|Sylveon, L50, F|
|poke|p1|Basculegion, L50, M|
|poke|p2|Milotic, L50, F|
|poke|p2|Incineroar, L50, M|
|poke|p2|Sinistcha, L50, shiny|
|poke|p2|Blaziken, L50, F|
|poke|p2|Ninetales-Alola, L50, F|
|poke|p2|Raichu, L50, M|
|teampreview|4
|showteam|p1|Metagross||Metagrossite|ClearBody|IronHead,PsychicFangs,BodyPress,Protect|Jolly|||||50|]Hydreigon||ChoiceScarf|Levitate|DracoMeteor,EarthPower,HeatWave,DarkPulse|Timid||F|||50|]Sneasler||WhiteHerb|Unburden|CloseCombat,DireClaw,FakeOut,Protect|Adamant||F|||50|]Aerodactyl||Aerodactylite|Unnerve|RockSlide,DualWingbeat,Protect,Tailwind|Jolly||F|||50|]Sylveon||FairyFeather|Pixilate|HyperBeam,HyperVoice,QuickAttack,Detect|Modest||F|||50|]Basculegion||LifeOrb|Adaptability|AquaJet,LastRespects,Protect,WaveCrash|Jolly||M|||50|
|showteam|p2|Milotic||Leftovers|Competitive|MuddyWater,Coil,Recover,IcyWind|Modest||F|||50|]Incineroar||SitrusBerry|Intimidate|FakeOut,ThroatChop,FlareBlitz,PartingShot|Careful||M|||50|]Sinistcha||OccaBerry|Hospitality|MatchaGotcha,Protect,RagePowder,TrickRoom|Quiet|||||50|]Blaziken||Blazikenite|SpeedBoost|FlareBlitz,CloseCombat,RockSlide,Protect|Jolly||F|||50|]Ninetales-Alola||LightClay|SnowWarning|FreezeDry,Blizzard,AuroraVeil,Protect|Timid||F|||50|]Raichu||RaichuniteY|LightningRod|FakeOut,FocusBlast,ZapCannon,Protect|Timid||M|||50|
|
|t:|1783099874
|teamsize|p1|4
|teamsize|p2|4
|start
|switch|p1a: Metagross|Metagross, L50|100/100
|switch|p1b: Sylveon|Sylveon, L50, F|100/100
|switch|p2a: Blaziken|Blaziken, L50, F|100/100
|switch|p2b: Ninetales|Ninetales-Alola, L50, F|100/100
|-weather|Snowscape|[from] ability: Snow Warning|[of] p2b: Ninetales
|turn|1
|
|t:|1783099902
|detailschange|p1a: Metagross|Metagross-Mega, L50
|-mega|p1a: Metagross|Metagross|Metagrossite
|move|p2b: Ninetales|Protect|p2b: Ninetales
|-singleturn|p2b: Ninetales|Protect
|move|p2a: Blaziken|Protect|p2a: Blaziken
|-singleturn|p2a: Blaziken|Protect
|move|p1a: Metagross|Iron Head|p2b: Ninetales
|-activate|p2b: Ninetales|move: Protect
|move|p1b: Sylveon|Hyper Beam|p2a: Blaziken
|-activate|p2a: Blaziken|move: Protect
|
|-weather|Snowscape|[upkeep]
|-ability|p2a: Blaziken|Speed Boost|boost
|-boost|p2a: Blaziken|spe|1
|upkeep
|turn|2
|
|t:|1783099917
|detailschange|p2a: Blaziken|Blaziken-Mega, L50, F
|-mega|p2a: Blaziken|Blaziken|Blazikenite
|move|p1a: Metagross|Protect|p1a: Metagross
|-singleturn|p1a: Metagross|Protect
|move|p2a: Blaziken|Flare Blitz|p1a: Metagross
|-activate|p1a: Metagross|move: Protect
|move|p2b: Ninetales|Aurora Veil|p2b: Ninetales
|-sidestart|p2: BattleBlazikenVGC|move: Aurora Veil
|move|p1b: Sylveon|Hyper Beam|p2a: Blaziken
|-damage|p2a: Blaziken|7/100
|-mustrecharge|p1b: Sylveon
|
|-weather|Snowscape|[upkeep]
|-ability|p2a: Blaziken|Speed Boost|boost
|-boost|p2a: Blaziken|spe|1
|upkeep
|turn|3
|
|t:|1783099938
|switch|p2b: Incineroar|Incineroar, L50, M|100/100
|-ability|p2b: Incineroar|Intimidate|boost
|-unboost|p1a: Metagross|atk|1
|-unboost|p1b: Sylveon|atk|1
|switch|p1a: Basculegion|Basculegion, L50, M|100/100
|move|p2a: Blaziken|Flare Blitz|p1a: Basculegion
|-resisted|p1a: Basculegion|1
|-damage|p1a: Basculegion|49/100
|-damage|p2a: Blaziken|0 fnt|[from] Recoil
|faint|p2a: Blaziken
|cant|p1b: Sylveon|recharge
|
|-weather|Snowscape|[upkeep]
|upkeep
|
|t:|1783099945
|switch|p2a: Ninetales|Ninetales-Alola, L50, F|100/100
|turn|4
|
|t:|1783099973
|move|p1a: Basculegion|Aqua Jet|p2b: Incineroar
|-supereffective|p2b: Incineroar|1
|-damage|p2b: Incineroar|62/100
|-damage|p1a: Basculegion|40/100|[from] item: Life Orb
|move|p2a: Ninetales|Freeze-Dry|p1a: Basculegion
|-supereffective|p1a: Basculegion|1
|-damage|p1a: Basculegion|0 fnt
|faint|p1a: Basculegion
|move|p1b: Sylveon|Hyper Voice|p2a: Ninetales|[spread] p2a,p2b
|-damage|p2a: Ninetales|65/100
|-damage|p2b: Incineroar|38/100
|-enditem|p2b: Incineroar|Sitrus Berry|[eat]
|-heal|p2b: Incineroar|63/100|[from] item: Sitrus Berry
|move|p2b: Incineroar|Parting Shot|p1b: Sylveon
|-unboost|p1b: Sylveon|atk|1
|-unboost|p1b: Sylveon|spa|1
|
|t:|1783099984
|switch|p2b: Milotic|Milotic, L50, F|100/100|[from] Parting Shot
|
|-weather|Snowscape|[upkeep]
|upkeep
|
|t:|1783099996
|switch|p1a: Metagross|Metagross-Mega, L50|100/100
|turn|5
|
|t:|1783100030
|move|p2a: Ninetales|Blizzard|p1a: Metagross|[spread] p1a,p1b
|-resisted|p1a: Metagross|1
|-damage|p1a: Metagross|83/100
|-damage|p1b: Sylveon|75/100
|move|p1a: Metagross|Psychic Fangs|p2b: Milotic
|-sideend|p2: BattleBlazikenVGC|move: Aurora Veil
|-damage|p2b: Milotic|32/100
|move|p2b: Milotic|Icy Wind|p1a: Metagross|[spread] p1a,p1b
|-resisted|p1a: Metagross|1
|-damage|p1a: Metagross|77/100
|-damage|p1b: Sylveon|67/100
|-unboost|p1a: Metagross|spe|1
|-unboost|p1b: Sylveon|spe|1
|move|p1b: Sylveon|Hyper Voice|p2a: Ninetales|[spread] p2a,p2b
|-crit|p2a: Ninetales
|-damage|p2a: Ninetales|0 fnt
|-damage|p2b: Milotic|15/100
|faint|p2a: Ninetales
|
|-weather|none
|-heal|p2b: Milotic|21/100|[from] item: Leftovers
|upkeep
|
|t:|1783100043
|switch|p2a: Incineroar|Incineroar, L50, M|63/100
|-ability|p2a: Incineroar|Intimidate|boost
|-unboost|p1a: Metagross|atk|1
|-unboost|p1b: Sylveon|atk|1
|turn|6
|
|t:|1783100055
|switch|p1a: Aerodactyl|Aerodactyl, L50, F|100/100
|-ability|p1a: Aerodactyl|Unnerve
|move|p2a: Incineroar|Fake Out|p1a: Aerodactyl
|-resisted|p1a: Aerodactyl|1
|-damage|p1a: Aerodactyl|92/100
|move|p2b: Milotic|Recover|p2b: Milotic
|-heal|p2b: Milotic|71/100
|move|p1b: Sylveon|Hyper Voice|p2b: Milotic|[spread] p2a,p2b
|-damage|p2a: Incineroar|42/100
|-damage|p2b: Milotic|55/100
|
|-heal|p2b: Milotic|61/100|[from] item: Leftovers
|upkeep
|turn|7
|
|t:|1783100072
|move|p1a: Aerodactyl|Rock Slide|p2b: Milotic|[spread] p2a,p2b
|-supereffective|p2a: Incineroar|1
|-damage|p2a: Incineroar|3/100
|-damage|p2b: Milotic|38/100
|move|p2b: Milotic|Icy Wind|p1b: Sylveon|[spread] p1a,p1b
|-supereffective|p1a: Aerodactyl|1
|-damage|p1a: Aerodactyl|65/100
|-damage|p1b: Sylveon|59/100
|-unboost|p1a: Aerodactyl|spe|1
|-unboost|p1b: Sylveon|spe|1
|cant|p2a: Incineroar|flinch
|move|p1b: Sylveon|Hyper Beam|p2b: Milotic
|-damage|p2b: Milotic|2/100
|-mustrecharge|p1b: Sylveon
|
|-heal|p2b: Milotic|8/100|[from] item: Leftovers
|upkeep
|turn|8
|
|t:|1783100086
|move|p1a: Aerodactyl|Rock Slide|p2a: Incineroar|[spread] p2a,p2b
|-supereffective|p2a: Incineroar|1
|-damage|p2a: Incineroar|0 fnt
|-damage|p2b: Milotic|0 fnt
|faint|p2a: Incineroar
|faint|p2b: Milotic
|
|win|Br1_lore
|raw|Br1_lore's rating: 1162 → 1191(+29 for winning)
|raw|BattleBlazikenVGC's rating: 1218 → 1189(-29 for losing)
