|j|☆ToastedArt
|j|☆Granny Pie
|html|ToastedArtGranny Pie    
|uhtml|bestof|Game 2 of a best-of-3
|t:|1784352748
|gametype|doubles
|player|p1|ToastedArt|clemont|
|player|p2|Granny Pie|zinnia|
|gen|9
|tier|[Gen 9 Champions] VGC 2026 Reg M-B (Bo3)
|rule|Species Clause: Limit one of each Pokémon
|rule|Item Clause: Limit 1 of each item
|clearpoke
|poke|p1|Maushold, L50|
|poke|p1|Chesnaught, L50, F, shiny|
|poke|p1|Delphox, L50, M|
|poke|p1|Incineroar, L50, M|
|poke|p1|Whimsicott, L50, M|
|poke|p1|Tinkaton, L50, F|
|poke|p2|Vivillon-Pokeball, L50, F, shiny|
|poke|p2|Sinistcha-Masterpiece, L50, shiny|
|poke|p2|Farigiraf, L50, M|
|poke|p2|Sylveon, L50, M, shiny|
|poke|p2|Camerupt, L50, M, shiny|
|poke|p2|Floette-Eternal, L50, F|
|teampreview|4
|showteam|p1|Maushold||ChopleBerry|FriendGuard|FollowMe,Encore,AfterYou,SuperFang|Jolly|||||50|]Chesnaught||Chesnaughtite|Bulletproof|DrainPunch,GrassyGlide,BellyDrum,SpikyShield|Adamant||F|||50|]Delphox||Delphoxite|Blaze|HeatWave,Psychic,NastyPlot,Protect|Timid||M|||50|]Incineroar||SitrusBerry|Intimidate|FlareBlitz,PartingShot,FakeOut,ThroatChop|Impish||M|||50|]Whimsicott||FocusSash|Prankster|Moonblast,GrassyTerrain,TrickRoom,Encore|Timid||M|||50|]Tinkaton||OccaBerry|MoldBreaker|FakeOut,GigatonHammer,SkillSwap,Feint|Jolly||F|||50|
|showteam|p2|Vivillon-Pokeball||ChoiceScarf|CompoundEyes|SleepPowder,RagePowder,Tailwind,Hurricane|Timid||F|||50|]Sinistcha-Masterpiece||KasibBerry|Hospitality|MatchaGotcha,RagePowder,LifeDew,TrickRoom|Bold|||||50|]Farigiraf||SitrusBerry|ArmorTail|AllySwitch,PsychicFangs,HelpingHand,TrickRoom|Relaxed||M|||50|]Sylveon||FairyFeather|Pixilate|Moonblast,HyperVoice,QuickAttack,Protect|Quiet||M|||50|]Camerupt||Cameruptite|SolidRock|Eruption,EarthPower,HeatWave,Protect|Quiet||M|||50|]Floette-Eternal||Floettite|FlowerVeil|Moonblast,DazzlingGleam,CalmMind,Protect|Quiet||F|||50|
|inactive|Battle timer is ON: inactive players will automatically lose when time's up. (requested by ToastedArt)
|
|t:|1784352765
|teamsize|p1|4
|teamsize|p2|4
|start
|switch|p1a: Delphox|Delphox, L50, M|100/100
|switch|p1b: Tinkaton|Tinkaton, L50, F|100/100
|switch|p2a: 15 Points|Vivillon-Pokeball, L50, F, shiny|100/100
|switch|p2b: HeWillNeverDie|Farigiraf, L50, M|100/100
|-ability|p1b: Tinkaton|Mold Breaker
|turn|1
|
|t:|1784352785
|detailschange|p1a: Delphox|Delphox-Mega, L50, M
|-mega|p1a: Delphox|Delphox|Delphoxite
|move|p1b: Tinkaton|Fake Out|p2a: 15 Points
|-damage|p2a: 15 Points|83/100
|cant|p2a: 15 Points|flinch
|move|p1a: Delphox|Nasty Plot|p1a: Delphox
|-boost|p1a: Delphox|spa|2
|move|p2b: HeWillNeverDie|Trick Room|p2b: HeWillNeverDie
|-fieldstart|move: Trick Room|[of] p2b: HeWillNeverDie
|
|upkeep
|turn|2
|inactive|Granny Pie has 30 seconds left.
|
|t:|1784352818
|switch|p1b: Maushold|Maushold, L50|100/100
|switch|p2a: Honest/Hardworking|Camerupt, L50, M, shiny|100/100
|move|p2b: HeWillNeverDie|Psychic Fangs|p1a: Delphox
|-resisted|p1a: Delphox|1
|-damage|p1a: Delphox|86/100
|move|p1a: Delphox|Nasty Plot|p1a: Delphox
|-boost|p1a: Delphox|spa|2
|
|upkeep
|turn|3
|
|t:|1784352840
|detailschange|p2a: Honest/Hardworking|Camerupt-Mega, L50, M, shiny
|-mega|p2a: Honest/Hardworking|Camerupt|Cameruptite
|move|p2b: HeWillNeverDie|Helping Hand|p2a: Honest/Hardworking
|-singleturn|p2a: Honest/Hardworking|Helping Hand|[of] p2b: HeWillNeverDie
|move|p1a: Delphox|Protect|p1a: Delphox
|-singleturn|p1a: Delphox|Protect
|move|p2a: Honest/Hardworking|Eruption|p1a: Delphox|[spread] p1b
|-activate|p1a: Delphox|move: Protect
|-damage|p1b: Maushold|0 fnt
|faint|p1b: Maushold
|
|upkeep
|
|t:|1784352849
|switch|p1b: Tinkaton|Tinkaton, L50, F|100/100
|-ability|p1b: Tinkaton|Mold Breaker
|turn|4
|
|t:|1784352864
|move|p2a: Honest/Hardworking|Protect|p2a: Honest/Hardworking
|-singleturn|p2a: Honest/Hardworking|Protect
|move|p1b: Tinkaton|Fake Out|p2a: Honest/Hardworking
|-activate|p2a: Honest/Hardworking|move: Protect
|move|p2b: HeWillNeverDie|Psychic Fangs|p1a: Delphox
|-resisted|p1a: Delphox|1
|-damage|p1a: Delphox|67/100
|move|p1a: Delphox|Nasty Plot|p1a: Delphox
|-boost|p1a: Delphox|spa|2
|
|upkeep
|turn|5
|
|t:|1784352880
|move|p2b: HeWillNeverDie|Helping Hand|p2a: Honest/Hardworking
|-singleturn|p2a: Honest/Hardworking|Helping Hand|[of] p2b: HeWillNeverDie
|move|p1a: Delphox|Protect|p1a: Delphox
|-singleturn|p1a: Delphox|Protect
|move|p2a: Honest/Hardworking|Eruption|p1b: Tinkaton|[spread] p1b
|-activate|p1a: Delphox|move: Protect
|-supereffective|p1b: Tinkaton|1
|-enditem|p1b: Tinkaton|Occa Berry|[eat]
|-enditem|p1b: Tinkaton|Occa Berry|[weaken]
|-damage|p1b: Tinkaton|10/100
|move|p1b: Tinkaton|Skill Swap|p2a: Honest/Hardworking
|-activate|p1b: Tinkaton|Skill Swap|Sheer Force|Mold Breaker|[of] p2a: Honest/Hardworking
|-ability|p2a: Honest/Hardworking|Mold Breaker
|
|-fieldend|move: Trick Room
|upkeep
|turn|6
|inactive|Granny Pie has 30 seconds left.
|
|t:|1784352910
|move|p2b: HeWillNeverDie|Helping Hand|p2a: Honest/Hardworking
|-singleturn|p2a: Honest/Hardworking|Helping Hand|[of] p2b: HeWillNeverDie
|move|p1b: Tinkaton|Feint||[still]
|cant|p2b: HeWillNeverDie|ability: Armor Tail|Feint|[of] p1b: Tinkaton
|move|p1a: Delphox|Psychic|p2a: Honest/Hardworking
|-damage|p2a: Honest/Hardworking|0 fnt
|faint|p2a: Honest/Hardworking
|
|upkeep
|
|t:|1784352930
|switch|p2a: 15 Points|Vivillon-Pokeball, L50, F, shiny|83/100
|turn|7
|
|t:|1784352942
|switch|p1b: Incineroar|Incineroar, L50, M|100/100
|-ability|p1b: Incineroar|Intimidate|boost
|-unboost|p2a: 15 Points|atk|1
|-unboost|p2b: HeWillNeverDie|atk|1
|move|p1a: Delphox|Protect|p1a: Delphox
|-singleturn|p1a: Delphox|Protect
|move|p2a: 15 Points|Sleep Powder|p1a: Delphox
|-activate|p1a: Delphox|move: Protect
|move|p2b: HeWillNeverDie|Trick Room|p2b: HeWillNeverDie
|-fieldstart|move: Trick Room|[of] p2b: HeWillNeverDie
|
|upkeep
|turn|8
|-message|Granny Pie forfeited.
|
|win|ToastedArt
