|j|☆exessvgc
|j|☆maugzm1
|html|exessvgcmaugzm1    
|uhtml|bestof|Game 1 of a best-of-3
|t:|1783271619
|gametype|doubles
|player|p1|exessvgc|lucas|1306
|player|p2|maugzm1|cynthia-gen4|1210
|gen|9
|tier|[Gen 9 Champions] VGC 2026 Reg M-B (Bo3)
|rated|
|rule|Species Clause: Limit one of each Pokémon
|rule|Item Clause: Limit 1 of each item
|clearpoke
|poke|p1|Charizard, L50, F|
|poke|p1|Sneasler, L50, F|
|poke|p1|Farigiraf, L50, F|
|poke|p1|Aerodactyl, L50, F|
|poke|p1|Sylveon, L50, M|
|poke|p1|Venusaur, L50, F|
|poke|p2|Blastoise, L50, F|
|poke|p2|Delphox, L50, M|
|poke|p2|Incineroar, L50, M|
|poke|p2|Sneasler, L50, M|
|poke|p2|Sinistcha, L50|
|poke|p2|Maushold-Four, L50|
|teampreview|4
|showteam|p1|Charizard||CharizarditeX|Blaze|DragonDance,DragonClaw,FlareBlitz,Protect|Jolly||F|||50|]Sneasler||WhiteHerb|Unburden|FakeOut,Protect,CloseCombat,DireClaw|Jolly||F|||50|]Farigiraf||SitrusBerry|ArmorTail|TrickRoom,PsychicNoise,HelpingHand,Thunderbolt|Bold||F|||50|]Aerodactyl||FocusSash|Unnerve|RockSlide,Tailwind,SunnyDay,Taunt|Jolly||F|||50|]Sylveon||FairyFeather|Pixilate|HyperVoice,HyperBeam,Protect,ShadowBall|Modest||M|||50|]Venusaur||WideLens|Chlorophyll|GigaDrain,EarthPower,SleepPowder,Protect|Modest||F|||50|
|showteam|p2|Blastoise||Blastoisinite|RainDish|WaterSpout,DarkPulse,ShellSmash,Protect|Modest||F|||50|]Delphox||Delphoxite|Blaze|HeatWave,Psyshock,NastyPlot,Protect|Timid||M|||50|]Incineroar||SitrusBerry|Intimidate|FakeOut,FlareBlitz,ThroatChop,PartingShot|Impish||M|||50|]Sneasler||FocusSash|PoisonTouch|FakeOut,CloseCombat,DireClaw,QuickGuard|Jolly||M|||50|]Sinistcha||KasibBerry|Hospitality|MatchaGotcha,LifeDew,RagePowder,Protect|Bold|||||50|]Maushold-Four||ChopleBerry|FriendGuard|SuperFang,Feint,FollowMe,Protect|Impish|||||50|
|
|t:|1783271655
|teamsize|p1|4
|teamsize|p2|4
|start
|switch|p1a: DINOSAUVO|Aerodactyl, L50, F|100/100
|switch|p1b: IL COACH|Sneasler, L50, F|100/100
|switch|p2a: Blastoise|Blastoise, L50, F|100/100
|switch|p2b: Incineroar|Incineroar, L50, M|100/100
|-ability|p1a: DINOSAUVO|Unnerve
|-ability|p2b: Incineroar|Intimidate|boost
|-unboost|p1a: DINOSAUVO|atk|1
|-unboost|p1b: IL COACH|atk|1
|-enditem|p1b: IL COACH|White Herb
|-clearnegativeboost|p1b: IL COACH|[silent]
|turn|1
|
|t:|1783271703
|detailschange|p2a: Blastoise|Blastoise-Mega, L50, F
|-mega|p2a: Blastoise|Blastoise|Blastoisinite
|move|p2a: Blastoise|Protect|p2a: Blastoise
|-singleturn|p2a: Blastoise|Protect
|move|p1b: IL COACH|Fake Out|p2b: Incineroar
|-damage|p2b: Incineroar|88/100
|move|p1a: DINOSAUVO|Taunt|p2a: Blastoise
|-activate|p2a: Blastoise|move: Protect
|cant|p2b: Incineroar|flinch
|
|upkeep
|turn|2
|
|t:|1783271746
|switch|p2a: Sinistcha|Sinistcha, L50|100/100
|-heal|p2b: Incineroar|100/100|[from] ability: Hospitality|[of] p2a: Sinistcha
|move|p1b: IL COACH|Close Combat|p2a: Sinistcha
|-immune|p2a: Sinistcha
|move|p1a: DINOSAUVO|Taunt|p2b: Incineroar
|-start|p2b: Incineroar|move: Taunt
|cant|p2b: Incineroar|move: Taunt|Parting Shot
|
|upkeep
|turn|3
|
|t:|1783271762
|switch|p2b: Blastoise|Blastoise-Mega, L50, F|100/100
|move|p2a: Sinistcha|Rage Powder|p2a: Sinistcha
|-singleturn|p2a: Sinistcha|move: Rage Powder
|move|p1b: IL COACH|Close Combat|p2a: Sinistcha
|-immune|p2a: Sinistcha
|move|p1a: DINOSAUVO|Taunt|p2a: Sinistcha
|-start|p2a: Sinistcha|move: Taunt
|
|upkeep
|turn|4
|
|t:|1783271778
|switch|p2a: Incineroar|Incineroar, L50, M|100/100
|-ability|p2a: Incineroar|Intimidate|boost
|-unboost|p1a: DINOSAUVO|atk|1
|-unboost|p1b: IL COACH|atk|1
|move|p2b: Blastoise|Protect|p2b: Blastoise
|-singleturn|p2b: Blastoise|Protect
|move|p1b: IL COACH|Close Combat|p2a: Incineroar
|-supereffective|p2a: Incineroar|1
|-damage|p2a: Incineroar|33/100
|-unboost|p1b: IL COACH|def|1
|-unboost|p1b: IL COACH|spd|1
|move|p1a: DINOSAUVO|Taunt|p2b: Blastoise
|-activate|p2b: Blastoise|move: Protect
|
|upkeep
|turn|5
|
|t:|1783271795
|switch|p1b: LA GIRAFFA|Farigiraf, L50, F|100/100
|move|p2a: Incineroar|Fake Out||[still]
|cant|p1b: LA GIRAFFA|ability: Armor Tail|Fake Out|[of] p2a: Incineroar
|move|p1a: DINOSAUVO|Taunt|p2b: Blastoise
|-start|p2b: Blastoise|move: Taunt
|move|p2b: Blastoise|Water Spout|p1b: LA GIRAFFA|[spread] p1a,p1b
|-supereffective|p1a: DINOSAUVO|1
|-enditem|p1a: DINOSAUVO|Focus Sash
|-damage|p1a: DINOSAUVO|1/100
|-damage|p1b: LA GIRAFFA|37/100
|-enditem|p1b: LA GIRAFFA|Sitrus Berry|[eat]
|-heal|p1b: LA GIRAFFA|62/100|[from] item: Sitrus Berry
|
|upkeep
|turn|6
|
|t:|1783271818
|move|p1a: DINOSAUVO|Tailwind|p1a: DINOSAUVO
|-sidestart|p1: exessvgc|move: Tailwind
|move|p1b: LA GIRAFFA|Thunderbolt|p2a: Incineroar
|-damage|p2a: Incineroar|12/100
|move|p2b: Blastoise|Dark Pulse|p1b: LA GIRAFFA
|-supereffective|p1b: LA GIRAFFA|1
|-damage|p1b: LA GIRAFFA|0 fnt
|faint|p1b: LA GIRAFFA
|move|p2a: Incineroar|Throat Chop|p1a: DINOSAUVO
|-damage|p1a: DINOSAUVO|0 fnt
|-enditem|p2a: Incineroar|Sitrus Berry|[eat]
|-heal|p2a: Incineroar|37/100|[from] item: Sitrus Berry
|faint|p1a: DINOSAUVO
|
|upkeep
|
|t:|1783271827
|switch|p1a: Marianela|Sylveon, L50, M|100/100
|switch|p1b: IL COACH|Sneasler, L50, F|100/100
|turn|7
|
|t:|1783271843
|switch|p2b: Sinistcha|Sinistcha, L50|100/100
|-heal|p2a: Incineroar|62/100|[from] ability: Hospitality|[of] p2b: Sinistcha
|move|p1b: IL COACH|Dire Claw|p2b: Sinistcha
|-damage|p2b: Sinistcha|67/100
|-status|p2b: Sinistcha|slp
|move|p1a: Marianela|Hyper Voice|p2a: Incineroar|[spread] p2a,p2b
|-damage|p2a: Incineroar|13/100
|-damage|p2b: Sinistcha|20/100y slp
|move|p2a: Incineroar|Throat Chop|p1a: Marianela
|-resisted|p1a: Marianela|1
|-damage|p1a: Marianela|77/100
|-start|p1a: Marianela|Throat Chop|[silent]
|
|upkeep
|turn|8
|
|t:|1783271872
|move|p1b: IL COACH|Dire Claw|p2a: Incineroar
|-damage|p2a: Incineroar|0 fnt
|faint|p2a: Incineroar
|move|p1a: Marianela|Shadow Ball|p2b: Sinistcha
|-supereffective|p2b: Sinistcha|1
|-enditem|p2b: Sinistcha|Kasib Berry|[eat]
|-enditem|p2b: Sinistcha|Kasib Berry|[weaken]
|-damage|p2b: Sinistcha|0 fnt
|faint|p2b: Sinistcha
|
|-end|p1a: Marianela|Throat Chop|[silent]
|upkeep
|
|t:|1783271880
|switch|p2b: Maushold|Maushold-Four, L50|100/100
|switch|p2a: Blastoise|Blastoise-Mega, L50, F|100/100
|turn|9
|
|t:|1783271907
|move|p2b: Maushold|Follow Me|p2b: Maushold
|-singleturn|p2b: Maushold|move: Follow Me
|move|p1b: IL COACH|Dire Claw|p2b: Maushold
|-damage|p2b: Maushold|59/100
|move|p1a: Marianela|Hyper Voice|p2a: Blastoise|[spread] p2a,p2b
|-damage|p2a: Blastoise|64/100
|-damage|p2b: Maushold|9/100
|move|p2a: Blastoise|Shell Smash|p2a: Blastoise
|-unboost|p2a: Blastoise|def|1
|-unboost|p2a: Blastoise|spd|1
|-boost|p2a: Blastoise|atk|2
|-boost|p2a: Blastoise|spa|2
|-boost|p2a: Blastoise|spe|2
|
|-sideend|p1: exessvgc|move: Tailwind
|upkeep
|turn|10
|
|t:|1783271930
|move|p2b: Maushold|Follow Me|p2b: Maushold
|-singleturn|p2b: Maushold|move: Follow Me
|move|p2a: Blastoise|Water Spout|p1b: IL COACH|[spread] p1a,p1b
|-damage|p1a: Marianela|7/100
|-damage|p1b: IL COACH|0 fnt
|faint|p1b: IL COACH
|move|p1a: Marianela|Hyper Beam|p2b: Maushold
|-damage|p2b: Maushold|0 fnt
|-mustrecharge|p1a: Marianela
|faint|p2b: Maushold
|
|upkeep
|turn|11
|-message|exessvgc forfeited.
|
|win|maugzm1
|l|☆exessvgc
|player|p1|
||exessvgc is ready for game 2.
||maugzm1 is ready for game 2.
|uhtml|next|Next: Game 2 of 3
|l|☆maugzm1
|player|p2|
|j|☆exessvgc
|player|p1|exessvgc|lucas|
