|j|☆homerj71
|j|☆yfiougpiho'u
|html|homerj71yfiougpiho'u    
|uhtml|bestof|Game 3 of a best-of-3
|t:|1785785304
|gametype|doubles
|player|p1|homerj71|266|1134
|player|p2|yfiougpiho'u|hilbert|1076
|gen|9
|tier|[Gen 9 Champions] VGC 2026 Reg M-B (Bo3)
|rated|
|rule|Species Clause: Limit one of each Pokémon
|rule|Item Clause: Limit 1 of each item
|clearpoke
|poke|p1|Tyranitar, L50, M|
|poke|p1|Staraptor, L50, F|
|poke|p1|Gholdengo, L50|
|poke|p1|Excadrill, L50, M|
|poke|p1|Sinistcha, L50|
|poke|p1|Milotic, L50, F|
|poke|p2|Staraptor, L50, F|
|poke|p2|Glimmora, L50, M|
|poke|p2|Whimsicott, L50, F|
|poke|p2|Kingambit, L50, M|
|poke|p2|Basculegion, L50, M|
|poke|p2|Garchomp, L50, F|
|teampreview|4
|showteam|p1|Tyranitar||Tyranitarite|SandStream|KnockOff,RockSlide,Protect,LowKick|Jolly||M|||50|]Staraptor||Staraptite|Intimidate|DualWingbeat,CloseCombat,Protect,Tailwind|Jolly||F|||50|]Gholdengo||LifeOrb|GoodasGold|MakeItRain,NastyPlot,Protect,ShadowBall|Timid|||||50|]Excadrill||FocusSash|SandRush|HighHorsepower,IronHead,RockSlide,Protect|Adamant||M|||50|]Sinistcha||SitrusBerry|Hospitality|MatchaGotcha,RagePowder,ShadowBall,Protect|Calm|||||50|]Milotic||Leftovers|Competitive|Scald,IcyWind,Protect,IceBeam|Modest||F|||50|
|showteam|p2|Staraptor||Staraptite|Intimidate|CloseCombat,BraveBird,Roost,Protect|Jolly||F|||50|]Glimmora||Glimmoranite|ToxicDebris|PowerGem,SludgeBomb,EarthPower,Protect|Timid||M|||50|]Whimsicott||FocusSash|Prankster|Charm,Encore,Tailwind,Moonblast|Modest||F|||50|]Kingambit||ChopleBerry|Defiant|LowKick,IronHead,SuckerPunch,Taunt|Adamant||M|||50|]Basculegion||ChoiceScarf|Adaptability|WaveCrash,LastRespects,FlipTurn,AquaJet|Jolly||M|||50|]Garchomp||LifeOrb|RoughSkin|DragonClaw,StompingTantrum,RockSlide,Protect|Jolly||F|||50|
|inactive|Battle timer is ON: inactive players will automatically lose when time's up. (requested by homerj71)
|
|t:|1785785325
|teamsize|p1|4
|teamsize|p2|4
|start
|switch|p1a: Staraptor|Staraptor, L50, F|100/100
|switch|p1b: Milotic|Milotic, L50, F|100/100
|switch|p2a: Garchomp|Garchomp, L50, F|100/100
|switch|p2b: Whimsicott|Whimsicott, L50, F|100/100
|-ability|p1a: Staraptor|Intimidate|boost
|-unboost|p2a: Garchomp|atk|1
|-unboost|p2b: Whimsicott|atk|1
|turn|1
|
|t:|1785785345
|detailschange|p1a: Staraptor|Staraptor-Mega, L50, F
|-mega|p1a: Staraptor|Staraptor|Staraptite
|move|p2a: Garchomp|Protect|p2a: Garchomp
|-singleturn|p2a: Garchomp|Protect
|move|p1a: Staraptor|Dual Wingbeat|p2b: Whimsicott
|-supereffective|p2b: Whimsicott|1
|-damage|p2b: Whimsicott|36/100
|-supereffective|p2b: Whimsicott|1
|-damage|p2b: Whimsicott|0 fnt
|faint|p2b: Whimsicott
|-hitcount|p2: Whimsicott|2
|move|p1b: Milotic|Ice Beam|p2a: Garchomp
|-activate|p2a: Garchomp|move: Protect
|
|upkeep
|
|t:|1785785359
|switch|p2b: Basculegion|Basculegion, L50, M|100/100
|turn|2
|
|t:|1785785373
|switch|p2a: Glimmora|Glimmora, L50, M|100/100
|move|p2b: Basculegion|Wave Crash|p1a: Staraptor
|-damage|p1a: Staraptor|15/100
|-damage|p2b: Basculegion|75/100|[from] Recoil
|move|p1a: Staraptor|Tailwind|p1a: Staraptor
|-sidestart|p1: homerj71|move: Tailwind
|move|p1b: Milotic|Ice Beam|p2a: Glimmora
|-damage|p2a: Glimmora|67/100
|
|upkeep
|turn|3
|
|t:|1785785390
|detailschange|p2a: Glimmora|Glimmora-Mega, L50, M
|-mega|p2a: Glimmora|Glimmora|Glimmoranite
|move|p1a: Staraptor|Close Combat|p2a: Glimmora
|-damage|p2a: Glimmora|6/100
|-boost|p1a: Staraptor|def|1
|-boost|p1a: Staraptor|spd|1
|move|p2b: Basculegion|Wave Crash|p1a: Staraptor
|-damage|p1a: Staraptor|0 fnt
|faint|p1a: Staraptor
|-damage|p2b: Basculegion|71/100|[from] Recoil
|move|p1b: Milotic|Scald|p2b: Basculegion
|-resisted|p2b: Basculegion|1
|-damage|p2b: Basculegion|51/100
|move|p2a: Glimmora|Sludge Bomb|p1b: Milotic
|-damage|p1b: Milotic|46/100
|-status|p1b: Milotic|psn
|
|-heal|p1b: Milotic|52/100 psn|[from] item: Leftovers
|-damage|p1b: Milotic|40/100 psn|[from] psn
|upkeep
|
|t:|1785785399
|switch|p1a: Gholdengo|Gholdengo, L50|100/100
|turn|4
|inactive|yfiougpiho'u has 30 seconds left.
|
|t:|1785785434
|move|p1a: Gholdengo|Shadow Ball|p2b: Basculegion
|-supereffective|p2b: Basculegion|1
|-damage|p2b: Basculegion|0 fnt
|faint|p2b: Basculegion
|-damage|p1a: Gholdengo|90/100|[from] item: Life Orb
|move|p1b: Milotic|Scald|p2a: Glimmora
|-supereffective|p2a: Glimmora|1
|-damage|p2a: Glimmora|0 fnt
|faint|p2a: Glimmora
|
|-heal|p1b: Milotic|46/100 psn|[from] item: Leftovers
|-damage|p1b: Milotic|33/100 psn|[from] psn
|upkeep
|
|t:|1785785438
|switch|p2b: Garchomp|Garchomp, L50, F|100/100
|turn|5
|
|t:|1785785446
|move|p2b: Garchomp|Protect|p2b: Garchomp
|-singleturn|p2b: Garchomp|Protect
|move|p1a: Gholdengo|Shadow Ball|p2b: Garchomp
|-activate|p2b: Garchomp|move: Protect
|move|p1b: Milotic|Ice Beam|p2b: Garchomp
|-activate|p2b: Garchomp|move: Protect
|
|-heal|p1b: Milotic|39/100 psn|[from] item: Leftovers
|-damage|p1b: Milotic|27/100 psn|[from] psn
|-sideend|p1: homerj71|move: Tailwind
|upkeep
|turn|6
|
|t:|1785785453
|move|p2b: Garchomp|Stomping Tantrum|p1b: Milotic
|-damage|p1b: Milotic|0 fnt
|faint|p1b: Milotic
|-damage|p2b: Garchomp|90/100|[from] item: Life Orb
|move|p1a: Gholdengo|Shadow Ball|p2b: Garchomp
|-damage|p2b: Garchomp|29/100
|-unboost|p2b: Garchomp|spd|1
|-damage|p1a: Gholdengo|80/100|[from] item: Life Orb
|
|upkeep
|
|t:|1785785460
|switch|p1b: Tyranitar|Tyranitar, L50, M|100/100
|-weather|Sandstorm|[from] ability: Sand Stream|[of] p1b: Tyranitar
|turn|7
|
|t:|1785785467
|move|p2b: Garchomp|Stomping Tantrum|p1a: Gholdengo
|-supereffective|p1a: Gholdengo|1
|-damage|p1a: Gholdengo|0 fnt
|faint|p1a: Gholdengo
|-damage|p2b: Garchomp|19/100|[from] item: Life Orb
|move|p1b: Tyranitar|Knock Off|p2b: Garchomp
|-damage|p2b: Garchomp|0 fnt
|-damage|p1b: Tyranitar|87/100|[from] ability: Rough Skin|[of] p2b: Garchomp
|-enditem|p2b: Garchomp|Life Orb|[from] move: Knock Off|[of] p1b: Tyranitar
|faint|p2b: Garchomp
|
|win|homerj71
|raw|homerj71's rating: 1134 → 1157(+23 for winning)
|raw|yfiougpiho'u's rating: 1110 → 1087(-23 for losing)
