|j|☆grfynnvgc
|j|☆rolfyd
|html|grfynnvgcrolfyd    
|uhtml|bestof|Game 3 of a best-of-3
|t:|1784664596
|gametype|doubles
|player|p1|grfynnvgc|boarder|1071
|player|p2|rolfyd|169|1183
|gen|9
|tier|[Gen 9 Champions] VGC 2026 Reg M-B (Bo3)
|rated|
|rule|Species Clause: Limit one of each Pokémon
|rule|Item Clause: Limit 1 of each item
|clearpoke
|poke|p1|Primarina, L50, F|
|poke|p1|Kingambit, L50, M|
|poke|p1|Froslass, L50, F|
|poke|p1|Sneasler, L50, F|
|poke|p1|Lycanroc-Dusk, L50, F|
|poke|p1|Dragonite, L50, M|
|poke|p2|Farigiraf, L50, M|
|poke|p2|Aegislash, L50, M|
|poke|p2|Primarina, L50, F|
|poke|p2|Drampa, L50, F|
|poke|p2|Glimmora, L50, M|
|poke|p2|Talonflame, L50, F|
|teampreview|4
|showteam|p1|Primarina||LifeOrb|LiquidVoice|HyperVoice,Moonblast,Haze,Protect|Modest||F|||50|]Kingambit||BlackGlasses|Defiant|KowtowCleave,SuckerPunch,SwordsDance,Protect|Adamant||M|||50|]Froslass||Froslassite|CursedBody|Blizzard,ShadowBall,AuroraVeil,Protect|Timid||F|||50|]Sneasler||WhiteHerb|Unburden|GunkShot,CloseCombat,FakeOut,Protect|Adamant||F|||50|]Lycanroc-Dusk||FocusSash|ToughClaws|RockSlide,Accelerock,CloseCombat,Protect|Adamant||F|||50|]Dragonite||Dragoninite|Multiscale|DragonPulse,Flamethrower,Tailwind,Protect|Modest||M|||50|
|showteam|p2|Farigiraf||SitrusBerry|ArmorTail|TrickRoom,Psychic,Thunderbolt,Protect|Bold||M|||50|]Aegislash||SpellTag|StanceChange|IronHead,Poltergeist,ShadowSneak,KingsShield|Adamant||M|||50|]Primarina||Leftovers|LiquidVoice|HyperVoice,Moonblast,Haze,Protect|Quiet||F|||50|]Drampa||Drampanite|CloudNine|DragonPulse,EarthPower,HyperVoice,Protect|Modest||F|||50|]Glimmora||Glimmoranite|ToxicDebris|EarthPower,PowerGem,SludgeBomb,SpikyShield|Modest||M|||50|]Talonflame||FocusSash|GaleWings|Tailwind,Uturn,FlareBlitz,WillOWisp|Jolly||F|||50|
|inactive|Battle timer is ON: inactive players will automatically lose when time's up. (requested by rolfyd)
|
|t:|1784664627
|teamsize|p1|4
|teamsize|p2|4
|start
|switch|p1a: Kingambit|Kingambit, L50, M|100/100
|switch|p1b: Lycanroc|Lycanroc-Dusk, L50, F|100/100
|switch|p2a: Farigiraf|Farigiraf, L50, M|100/100
|switch|p2b: Drampa|Drampa, L50, F|100/100
|-ability|p2b: Drampa|Cloud Nine
|turn|1
|inactive|rolfyd has 30 seconds left.
|inactive|rolfyd has 20 seconds left.
|
|t:|1784664665
|switch|p2b: Aegislash|Aegislash, L50, M|100/100
|move|p2a: Farigiraf|Protect|p2a: Farigiraf
|-singleturn|p2a: Farigiraf|Protect
|move|p1b: Lycanroc|Close Combat|p2a: Farigiraf
|-activate|p2a: Farigiraf|move: Protect
|move|p1a: Kingambit|Kowtow Cleave|p2a: Farigiraf
|-activate|p2a: Farigiraf|move: Protect
|
|upkeep
|turn|2
|inactive|rolfyd has 30 seconds left.
|
|t:|1784664693
|switch|p2a: Primarina|Primarina, L50, F|100/100
|move|p1b: Lycanroc|Close Combat|p2a: Primarina
|-resisted|p2a: Primarina|1
|-damage|p2a: Primarina|65/100
|-unboost|p1b: Lycanroc|def|1
|-unboost|p1b: Lycanroc|spd|1
|-formechange|p2b: Aegislash|Aegislash-Blade|
|move|p2b: Aegislash|Iron Head|p1b: Lycanroc
|-supereffective|p1b: Lycanroc|1
|-enditem|p1b: Lycanroc|Focus Sash
|-damage|p1b: Lycanroc|1/100
|move|p1a: Kingambit|Kowtow Cleave|p2a: Primarina
|-resisted|p2a: Primarina|1
|-damage|p2a: Primarina|32/100
|
|-heal|p2a: Primarina|37/100|[from] item: Leftovers
|upkeep
|turn|3
|inactive|grfynnvgc has 30 seconds left.
|inactive|grfynnvgc has 20 seconds left.
|inactive|grfynnvgc has 15 seconds left.
|
|t:|1784664733
|-formechange|p2b: Aegislash|Aegislash|
|move|p2b: Aegislash|King's Shield|p2b: Aegislash
|-singleturn|p2b: Aegislash|Protect
|move|p1b: Lycanroc|Rock Slide|p2b: Aegislash|[spread] p2a
|-activate|p2b: Aegislash|move: Protect
|-damage|p2a: Primarina|1/100
|move|p1a: Kingambit|Kowtow Cleave|p2a: Primarina
|-resisted|p2a: Primarina|1
|-damage|p2a: Primarina|0 fnt
|faint|p2a: Primarina
|
|upkeep
|
|t:|1784664745
|switch|p2a: Farigiraf|Farigiraf, L50, M|100/100
|turn|4
|inactive|grfynnvgc has 30 seconds left.
|
|t:|1784664777
|-formechange|p2b: Aegislash|Aegislash-Blade|
|move|p2b: Aegislash|Shadow Sneak|p1b: Lycanroc
|-damage|p1b: Lycanroc|0 fnt
|faint|p1b: Lycanroc
|move|p1a: Kingambit|Swords Dance|p1a: Kingambit
|-boost|p1a: Kingambit|atk|2
|move|p2a: Farigiraf|Trick Room|p2a: Farigiraf
|-fieldstart|move: Trick Room|[of] p2a: Farigiraf
|
|upkeep
|
|t:|1784664789
|switch|p1b: Froslass|Froslass, L50, F|100/100
|turn|5
|
|t:|1784664812
|switch|p2a: Drampa|Drampa, L50, F|100/100
|-ability|p2a: Drampa|Cloud Nine
|move|p1b: Froslass|Protect|p1b: Froslass
|-singleturn|p1b: Froslass|Protect
|move|p1a: Kingambit|Kowtow Cleave|p2a: Drampa
|-damage|p2a: Drampa|0 fnt
|faint|p2a: Drampa
|move|p2b: Aegislash|Poltergeist|p1b: Froslass
|-activate|p1b: Froslass|move: Protect
|
|upkeep
|
|t:|1784664821
|switch|p2a: Farigiraf|Farigiraf, L50, M|100/100
|turn|6
|
|t:|1784664840
|switch|p1b: Primarina|Primarina, L50, F|100/100
|move|p1a: Kingambit|Kowtow Cleave|p2a: Farigiraf
|-supereffective|p2a: Farigiraf|1
|-damage|p2a: Farigiraf|0 fnt
|faint|p2a: Farigiraf
|move|p2b: Aegislash|Poltergeist|p1b: Primarina
|-activate|p1b: Primarina|move: Poltergeist|Life Orb
|-damage|p1b: Primarina|0 fnt
|faint|p1b: Primarina
|
|upkeep
|
|t:|1784664851
|switch|p1b: Froslass|Froslass, L50, F|100/100
|turn|7
|
|t:|1784664865
|detailschange|p1b: Froslass|Froslass-Mega, L50, F
|-mega|p1b: Froslass|Froslass|Froslassite
|-weather|Snowscape|[from] ability: Snow Warning|[of] p1b: Froslass
|-formechange|p2b: Aegislash|Aegislash|
|move|p2b: Aegislash|King's Shield|p2b: Aegislash
|-singleturn|p2b: Aegislash|Protect
|move|p1a: Kingambit|Kowtow Cleave|p2b: Aegislash
|-activate|p2b: Aegislash|move: Protect
|-unboost|p1a: Kingambit|atk|1
|-ability|p1a: Kingambit|Defiant|boost
|-boost|p1a: Kingambit|atk|2
|move|p1b: Froslass|Shadow Ball|p2b: Aegislash
|-activate|p2b: Aegislash|move: Protect
|
|-weather|Snowscape|[upkeep]
|upkeep
|turn|8
|
|t:|1784664880
|move|p1a: Kingambit|Kowtow Cleave|p2b: Aegislash
|-supereffective|p2b: Aegislash|1
|-damage|p2b: Aegislash|0 fnt
|faint|p2b: Aegislash
|
|win|grfynnvgc
|raw|grfynnvgc's rating: 1071 → 1109(+38 for winning)
|raw|rolfyd's rating: 1183 → 1150(-33 for losing)
