|j|☆Mori's Deadbeat
|j|☆marcosdeltasena31
|html|Mori's Deadbeatmarcosdeltasena31    
|uhtml|bestof|Game 2 of a best-of-3
|t:|1785989208
|gametype|doubles
|player|p1|Mori's Deadbeat|lucas|1270
|player|p2|marcosdeltasena31|hilbert|1339
|gen|9
|tier|[Gen 9 Champions] VGC 2026 Reg M-B (Bo3)
|rated|
|rule|Species Clause: Limit one of each Pokémon
|rule|Item Clause: Limit 1 of each item
|clearpoke
|poke|p1|Whimsicott, L50, M|
|poke|p1|Gyarados, L50, F|
|poke|p1|Mamoswine, L50, F|
|poke|p1|Glimmora, L50, M|
|poke|p1|Sneasler, L50, M|
|poke|p1|Delphox, L50, F|
|poke|p2|Froslass, L50, F|
|poke|p2|Scovillain, L50, F|
|poke|p2|Sneasler, L50, F|
|poke|p2|Lycanroc-Dusk, L50, M|
|poke|p2|Basculegion, L50, M|
|poke|p2|Kingambit, L50, F|
|teampreview|4
|showteam|p1|Whimsicott||OccaBerry|Prankster|Moonblast,Tailwind,LightScreen,Encore|Timid||M|||50|]Gyarados||Gyaradosite|Intimidate|Waterfall,LashOut,DragonDance,Protect|Adamant||F|||50|]Mamoswine||LifeOrb|Oblivious|IceShard,Earthquake,RockSlide,Protect|Jolly||F|||50|]Glimmora||FocusSash|ToxicDebris|SpikyShield,SludgeBomb,EarthPower,PowerGem|Timid||M|||50|]Sneasler||WhiteHerb|Unburden|FakeOut,DireClaw,CloseCombat,Protect|Adamant||M|||50|]Delphox||Delphoxite|Blaze|HeatWave,Psychic,Substitute,Protect|Timid||F|||50|
|showteam|p2|Froslass||Froslassite|CursedBody|Blizzard,ShadowBall,AuroraVeil,Protect|Timid||F|||50|]Scovillain||Scovillainite|Moody|Overheat,GigaDrain,RagePowder,Protect|Bold||F|||50|]Sneasler||WhiteHerb|Unburden|CloseCombat,FakeOut,DireClaw,Protect|Adamant||F|||50|]Lycanroc-Dusk||FocusSash|ToughClaws|RockSlide,CloseCombat,Accelerock,Protect|Adamant||M|||50|]Basculegion||SitrusBerry|Adaptability|WaveCrash,LastRespects,AquaJet,Protect|Adamant||M|||50|]Kingambit||LifeOrb|Defiant|KowtowCleave,SuckerPunch,SwordsDance,Protect|Adamant||F|||50|
|
|t:|1785989239
|teamsize|p1|4
|teamsize|p2|4
|start
|switch|p1a: Whimsicott|Whimsicott, L50, M|100/100
|switch|p1b: Glimmora|Glimmora, L50, M|100/100
|switch|p2a: Scovillain|Scovillain, L50, F|100/100
|switch|p2b: Sneasler|Sneasler, L50, F|100/100
|turn|1
|j| madokamiiii
|
|t:|1785989265
|detailschange|p2a: Scovillain|Scovillain-Mega, L50, F
|-mega|p2a: Scovillain|Scovillain|Scovillainite
|move|p2a: Scovillain|Protect|p2a: Scovillain
|-singleturn|p2a: Scovillain|Protect
|move|p1a: Whimsicott|Tailwind|p1a: Whimsicott
|-sidestart|p1: Mori's Deadbeat|move: Tailwind
|move|p1b: Glimmora|Sludge Bomb|p2a: Scovillain
|-activate|p2a: Scovillain|move: Protect
|move|p2b: Sneasler|Dire Claw|p1a: Whimsicott
|-supereffective|p1a: Whimsicott|2
|-damage|p1a: Whimsicott|0 fnt
|faint|p1a: Whimsicott
|
|upkeep
|l| madokamiiii
|
|t:|1785989271
|switch|p1a: Gyarados|Gyarados, L50, F|100/100
|-ability|p1a: Gyarados|Intimidate|boost
|-unboost|p2a: Scovillain|atk|1
|-unboost|p2b: Sneasler|atk|1
|-enditem|p2b: Sneasler|White Herb
|-clearnegativeboost|p2b: Sneasler|[silent]
|turn|2
|
|t:|1785989286
|switch|p2a: Basculegion|Basculegion, L50, M|100/100
|move|p2b: Sneasler|Close Combat|p1b: Glimmora
|-damage|p1b: Glimmora|26/100
|-unboost|p2b: Sneasler|def|1
|-unboost|p2b: Sneasler|spd|1
|-activate|p1b: Glimmora|ability: Toxic Debris
|-sidestart|p2: marcosdeltasena31|move: Toxic Spikes
|move|p1b: Glimmora|Sludge Bomb|p2a: Basculegion
|-resisted|p2a: Basculegion|1
|-crit|p2a: Basculegion
|-damage|p2a: Basculegion|65/100
|-status|p2a: Basculegion|psn
|move|p1a: Gyarados|Dragon Dance|p1a: Gyarados
|-boost|p1a: Gyarados|atk|1
|-boost|p1a: Gyarados|spe|1
|
|-damage|p2a: Basculegion|53/100 psn|[from] psn
|upkeep
|turn|3
|
|t:|1785989303
|detailschange|p1a: Gyarados|Gyarados-Mega, L50, F
|-mega|p1a: Gyarados|Gyarados|Gyaradosite
|-ability|p1a: Gyarados|Mold Breaker
|move|p2b: Sneasler|Protect|p2b: Sneasler
|-singleturn|p2b: Sneasler|Protect
|move|p1b: Glimmora|Spiky Shield|p1b: Glimmora
|-singleturn|p1b: Glimmora|move: Protect
|move|p2a: Basculegion|Aqua Jet|p1b: Glimmora
|-activate|p1b: Glimmora|move: Protect
|-damage|p2a: Basculegion|41/100 psn|[from] Spiky Shield|[of] p1b: Glimmora
|-enditem|p2a: Basculegion|Sitrus Berry|[eat]
|-heal|p2a: Basculegion|65/100 psn|[from] item: Sitrus Berry
|move|p1a: Gyarados|Waterfall|p2b: Sneasler
|-activate|p2b: Sneasler|move: Protect
|
|-damage|p2a: Basculegion|53/100 psn|[from] psn
|upkeep
|turn|4
|
|t:|1785989313
|switch|p2b: Scovillain|Scovillain-Mega, L50, F|100/100
|-status|p2b: Scovillain|psn
|switch|p1b: Sneasler|Sneasler, L50, M|100/100
|move|p2a: Basculegion|Aqua Jet|p1b: Sneasler
|-damage|p1b: Sneasler|72/100
|move|p1a: Gyarados|Waterfall|p2b: Scovillain
|-damage|p2b: Scovillain|28/100 psn
|-status|p1a: Gyarados|brn|[from] ability: Spicy Spray|[of] p2b: Scovillain
|
|-damage|p2a: Basculegion|41/100 psn|[from] psn
|-damage|p2b: Scovillain|15/100 psn|[from] psn
|-damage|p1a: Gyarados|94/100 brn|[from] brn
|-sideend|p1: Mori's Deadbeat|move: Tailwind
|upkeep
|turn|5
|
|t:|1785989337
|move|p2a: Basculegion|Protect|p2a: Basculegion
|-singleturn|p2a: Basculegion|Protect
|move|p2b: Scovillain|Protect|p2b: Scovillain
|-singleturn|p2b: Scovillain|Protect
|move|p1b: Sneasler|Fake Out|p2b: Scovillain
|-activate|p2b: Scovillain|move: Protect
|move|p1a: Gyarados|Lash Out|p2a: Basculegion
|-activate|p2a: Basculegion|move: Protect
|
|-damage|p2a: Basculegion|28/100 psn|[from] psn
|-damage|p2b: Scovillain|3/100 psn|[from] psn
|-damage|p1a: Gyarados|88/100 brn|[from] brn
|upkeep
|turn|6
|
|t:|1785989346
|move|p1a: Gyarados|Protect|p1a: Gyarados
|-singleturn|p1a: Gyarados|Protect
|move|p1b: Sneasler|Protect|p1b: Sneasler
|-singleturn|p1b: Sneasler|Protect
|move|p2b: Scovillain|Rage Powder|p2b: Scovillain
|-singleturn|p2b: Scovillain|move: Rage Powder
|move|p2a: Basculegion|Wave Crash|p1b: Sneasler
|-activate|p1b: Sneasler|move: Protect
|
|-damage|p2a: Basculegion|16/100 psn|[from] psn
|-damage|p2b: Scovillain|0 fnt|[from] psn
|faint|p2b: Scovillain
|-damage|p1a: Gyarados|82/100 brn|[from] brn
|upkeep
|
|t:|1785989352
|switch|p2b: Sneasler|Sneasler, L50, F|100/100
|-sideend|p2: marcosdeltasena31|move: Toxic Spikes|[of] p2b: Sneasler
|turn|7
|
|t:|1785989370
|switch|p1a: Glimmora|Glimmora, L50, M|26/100
|move|p2a: Basculegion|Protect|p2a: Basculegion
|-singleturn|p2a: Basculegion|Protect
|move|p2b: Sneasler|Close Combat|p1a: Glimmora
|-damage|p1a: Glimmora|0 fnt
|-unboost|p2b: Sneasler|def|1
|-unboost|p2b: Sneasler|spd|1
|-activate|p1a: Glimmora|ability: Toxic Debris
|-sidestart|p2: marcosdeltasena31|move: Toxic Spikes
|faint|p1a: Glimmora
|move|p1b: Sneasler|Close Combat|p2b: Sneasler
|-resisted|p2b: Sneasler|1
|-damage|p2b: Sneasler|34/100
|-unboost|p1b: Sneasler|def|1
|-unboost|p1b: Sneasler|spd|1
|-enditem|p1b: Sneasler|White Herb
|-clearnegativeboost|p1b: Sneasler|[silent]
|
|-damage|p2a: Basculegion|4/100 psn|[from] psn
|upkeep
|
|t:|1785989383
|switch|p1a: Gyarados|Gyarados-Mega, L50, F|82/100 brn
|-ability|p1a: Gyarados|Mold Breaker
|turn|8
|
|t:|1785989395
|move|p2b: Sneasler|Protect|p2b: Sneasler
|-singleturn|p2b: Sneasler|Protect
|move|p2a: Basculegion|Aqua Jet|p1b: Sneasler
|-damage|p1b: Sneasler|41/100
|move|p1b: Sneasler|Close Combat|p2b: Sneasler
|-activate|p2b: Sneasler|move: Protect
|move|p1a: Gyarados|Lash Out|p2a: Basculegion
|-supereffective|p2a: Basculegion|1
|-damage|p2a: Basculegion|0 fnt
|faint|p2a: Basculegion
|
|-damage|p1a: Gyarados|76/100 brn|[from] brn
|upkeep
|
|t:|1785989401
|switch|p2a: Lycanroc|Lycanroc-Dusk, L50, M|100/100
|-status|p2a: Lycanroc|psn
|turn|9
|
|t:|1785989409
|move|p1b: Sneasler|Close Combat|p2b: Sneasler
|-resisted|p2b: Sneasler|1
|-damage|p2b: Sneasler|0 fnt
|-unboost|p1b: Sneasler|def|1
|-unboost|p1b: Sneasler|spd|1
|faint|p2b: Sneasler
|move|p2a: Lycanroc|Close Combat|p1a: Gyarados
|-supereffective|p1a: Gyarados|1
|-crit|p1a: Gyarados
|-damage|p1a: Gyarados|0 fnt
|-unboost|p2a: Lycanroc|def|1
|-unboost|p2a: Lycanroc|spd|1
|faint|p1a: Gyarados
|
|-damage|p2a: Lycanroc|87/100 psn|[from] psn
|upkeep
|turn|10
|
|t:|1785989421
|move|p1b: Sneasler|Protect|p1b: Sneasler
|-singleturn|p1b: Sneasler|Protect
|move|p2a: Lycanroc|Accelerock|p1b: Sneasler
|-activate|p1b: Sneasler|move: Protect
|
|-damage|p2a: Lycanroc|75/100 psn|[from] psn
|upkeep
|turn|11
|
|t:|1785989424
|move|p2a: Lycanroc|Accelerock|p1b: Sneasler
|-resisted|p1b: Sneasler|1
|-crit|p1b: Sneasler
|-damage|p1b: Sneasler|6/100
|move|p1b: Sneasler|Close Combat|p2a: Lycanroc
|-supereffective|p2a: Lycanroc|1
|-damage|p2a: Lycanroc|0 fnt
|-unboost|p1b: Sneasler|def|1
|-unboost|p1b: Sneasler|spd|1
|faint|p2a: Lycanroc
|
|win|Mori's Deadbeat
|raw|Mori's Deadbeat's rating: 1270 → 1300(+30 for winning)
|raw|marcosdeltasena31's rating: 1339 → 1315(-24 for losing)
|c|☆Mori's Deadbeat|gg wp
|l|☆marcosdeltasena31
|player|p2|
