|j|☆PeePeeSwagMan
|j|☆scizormetimbers07
|html|PeePeeSwagManscizormetimbers07    
|uhtml|bestof|Game 2 of a best-of-3
|t:|1786051776
|gametype|doubles
|player|p1|PeePeeSwagMan|170|
|player|p2|scizormetimbers07|gambler|
|gen|9
|tier|[Gen 9 Champions] VGC 2026 Reg M-B (Bo3)
|rule|Species Clause: Limit one of each Pokémon
|rule|Item Clause: Limit 1 of each item
|clearpoke
|poke|p1|Torkoal, L50, M|
|poke|p1|Banette, L50, F|
|poke|p1|Floette-Eternal, L50, F|
|poke|p1|Scrafty, L50, M|
|poke|p1|Venusaur, L50, F|
|poke|p1|Gallade, L50, M|
|poke|p2|Whimsicott, L50, M|
|poke|p2|Sinistcha, L50|
|poke|p2|Absol, L50, F, shiny|
|poke|p2|Kangaskhan, L50, F|
|poke|p2|Archaludon, L50, M, shiny|
|poke|p2|Mudsdale, L50, F, shiny|
|teampreview|4
|showteam|p1|Torkoal||Charcoal|Drought|Eruption,EarthPower,SolarBeam,Protect|Serious||M|||50|]Banette||Banettite|CursedBody|TrickRoom,ShadowSneak,Encore,Protect|Careful||F|||50|]Floette-Eternal||Floettite|FlowerVeil|DazzlingGleam,Moonblast,Substitute,Protect|Modest||F|||50|]Scrafty||BlackBelt|Moxie|CloseCombat,FakeOut,KnockOff,Protect|Jolly||M|||50|]Venusaur||Leftovers|Chlorophyll|GigaDrain,SleepPowder,EarthPower,Protect|Modest||F|||50|]Gallade||IronBall|Sharpness|SacredSword,PsychoCut,LightScreen,Protect|Adamant||M|||50|
|showteam|p2|Whimsicott||FocusSash|Prankster|ShadowBall,EnergyBall,Tailwind,Taunt|Modest||M|||50|]Sinistcha||SitrusBerry|Hospitality|MatchaGotcha,ShadowBall,LifeDew,Protect|Calm|||||50|]Absol||ScopeLens|SuperLuck|ShadowClaw,NightSlash,PsychoCut,Detect|Adamant||F|||50|]Kangaskhan||Kangaskhanite|InnerFocus|BodySlam,FakeOut,ThunderPunch,BrickBreak|Adamant||F|||50|]Archaludon||QuickClaw|Stamina|DragonPulse,FlashCannon,AuraSphere,MeteorBeam|Calm||M|||50|]Mudsdale||Leftovers|Stamina|BodyPress,Earthquake,HeavySlam,HighHorsepower|Careful||F|||50|
|j| KoopaPlays
|j| xanian7
|
|t:|1786051859
|teamsize|p1|4
|teamsize|p2|4
|start
|switch|p1a: Scrafty|Scrafty, L50, M|100/100
|switch|p1b: Banette|Banette, L50, F|100/100
|switch|p2a: Absol|Absol, L50, F, shiny|100/100
|switch|p2b: Kangaskhan|Kangaskhan, L50, F|100/100
|turn|1
|
|t:|1786051899
|detailschange|p2b: Kangaskhan|Kangaskhan-Mega, L50, F
|-mega|p2b: Kangaskhan|Kangaskhan|Kangaskhanite
|move|p1a: Scrafty|Protect|p1a: Scrafty
|-singleturn|p1a: Scrafty|Protect
|move|p1b: Banette|Protect|p1b: Banette
|-singleturn|p1b: Banette|Protect
|move|p2b: Kangaskhan|Fake Out|p1a: Scrafty
|-activate|p1a: Scrafty|move: Protect
|move|p2a: Absol|Night Slash|p1b: Banette
|-activate|p1b: Banette|move: Protect
|
|upkeep
|turn|2
|
|t:|1786051923
|switch|p2b: Sinistcha|Sinistcha, L50|100/100
|detailschange|p1b: Banette|Banette-Mega, L50, F
|-mega|p1b: Banette|Banette|Banettite
|move|p1b: Banette|Encore||[still]
|-fail|p1b: Banette
|move|p2a: Absol|Night Slash|p1b: Banette
|-supereffective|p1b: Banette|1
|-crit|p1b: Banette
|-damage|p1b: Banette|0 fnt
|faint|p1b: Banette
|move|p1a: Scrafty|Close Combat|p2a: Absol
|-supereffective|p2a: Absol|1
|-damage|p2a: Absol|0 fnt
|-unboost|p1a: Scrafty|def|1
|-unboost|p1a: Scrafty|spd|1
|faint|p2a: Absol
|-ability|p1a: Scrafty|Moxie|boost
|-boost|p1a: Scrafty|atk|1
|
|upkeep
|
|t:|1786051991
|switch|p2a: Kangaskhan|Kangaskhan-Mega, L50, F|100/100
|switch|p1b: Gallade|Gallade, L50, M|100/100
|turn|3
|
|t:|1786052029
|move|p1a: Scrafty|Protect|p1a: Scrafty
|-singleturn|p1a: Scrafty|Protect
|move|p1b: Gallade|Protect|p1b: Gallade
|-singleturn|p1b: Gallade|Protect
|move|p2a: Kangaskhan|Fake Out|p1a: Scrafty
|-activate|p1a: Scrafty|move: Protect
|move|p2b: Sinistcha|Matcha Gotcha|p1b: Gallade|[spread] 
|-activate|p1a: Scrafty|move: Protect
|-activate|p1b: Gallade|move: Protect
|
|upkeep
|turn|4
|
|t:|1786052069
|switch|p2a: Mudsdale|Mudsdale, L50, F, shiny|100/100
|move|p2b: Sinistcha|Protect|p2b: Sinistcha
|-singleturn|p2b: Sinistcha|Protect
|move|p1a: Scrafty|Knock Off|p2b: Sinistcha
|-activate|p2b: Sinistcha|move: Protect
|move|p1b: Gallade|Sacred Sword|p2a: Mudsdale
|-damage|p2a: Mudsdale|37/100
|-ability|p2a: Mudsdale|Stamina|boost
|-boost|p2a: Mudsdale|def|1
|
|-heal|p2a: Mudsdale|43/100|[from] item: Leftovers
|upkeep
|turn|5
|
|t:|1786052109
|switch|p2b: Kangaskhan|Kangaskhan-Mega, L50, F|100/100
|move|p1a: Scrafty|Knock Off|p2b: Kangaskhan
|-damage|p2b: Kangaskhan|64/100
|move|p2a: Mudsdale|Body Press|p1a: Scrafty
|-supereffective|p1a: Scrafty|1
|-damage|p1a: Scrafty|0 fnt
|faint|p1a: Scrafty
|move|p1b: Gallade|Psycho Cut|p2b: Kangaskhan
|-damage|p2b: Kangaskhan|17/100
|
|-heal|p2a: Mudsdale|49/100|[from] item: Leftovers
|upkeep
|
|t:|1786052120
|switch|p1a: Torkoal|Torkoal, L50, M|100/100
|-weather|SunnyDay|[from] ability: Drought|[of] p1a: Torkoal
|turn|6
|
|t:|1786052143
|move|p1b: Gallade|Protect|p1b: Gallade
|-singleturn|p1b: Gallade|Protect
|move|p1a: Torkoal|Protect|p1a: Torkoal
|-singleturn|p1a: Torkoal|Protect
|move|p2b: Kangaskhan|Fake Out|p1b: Gallade
|-activate|p1b: Gallade|move: Protect
|move|p2a: Mudsdale|Earthquake|p1a: Torkoal|[spread] p2b
|-activate|p1a: Torkoal|move: Protect
|-activate|p1b: Gallade|move: Protect
|-damage|p2b: Kangaskhan|0 fnt
|faint|p2b: Kangaskhan
|
|-weather|SunnyDay|[upkeep]
|-heal|p2a: Mudsdale|55/100|[from] item: Leftovers
|upkeep
|
|t:|1786052157
|switch|p2b: Sinistcha|Sinistcha, L50|100/100
|-heal|p2a: Mudsdale|79/100|[from] ability: Hospitality|[of] p2b: Sinistcha
|turn|7
|j| I Copy Everything
|
|t:|1786052224
|move|p2b: Sinistcha|Shadow Ball|p1b: Gallade
|-supereffective|p1b: Gallade|1
|-damage|p1b: Gallade|42/100
|move|p2a: Mudsdale|High Horsepower|p1a: Torkoal
|-supereffective|p1a: Torkoal|1
|-damage|p1a: Torkoal|39/100
|move|p1b: Gallade|Sacred Sword|p2a: Mudsdale
|-damage|p2a: Mudsdale|15/100
|-ability|p2a: Mudsdale|Stamina|boost
|-boost|p2a: Mudsdale|def|1
|move|p1a: Torkoal|Solar Beam||[still]
|-prepare|p1a: Torkoal|Solar Beam
|-anim|p1a: Torkoal|Solar Beam|p2a: Mudsdale
|-supereffective|p2a: Mudsdale|1
|-crit|p2a: Mudsdale
|-damage|p2a: Mudsdale|0 fnt
|faint|p2a: Mudsdale
|
|-weather|SunnyDay|[upkeep]
|upkeep
|turn|8
|l| I Copy Everything
|
|t:|1786052294
|move|p2b: Sinistcha|Shadow Ball|p1a: Torkoal
|-damage|p1a: Torkoal|0 fnt
|faint|p1a: Torkoal
|move|p1b: Gallade|Psycho Cut|p2b: Sinistcha
|-damage|p2b: Sinistcha|42/100
|-enditem|p2b: Sinistcha|Sitrus Berry|[eat]
|-heal|p2b: Sinistcha|67/100|[from] item: Sitrus Berry
|
|-weather|SunnyDay|[upkeep]
|upkeep
|turn|9
|
|t:|1786052308
|move|p2b: Sinistcha|Shadow Ball|p1b: Gallade
|-supereffective|p1b: Gallade|1
|-damage|p1b: Gallade|0 fnt
|faint|p1b: Gallade
|
|win|scizormetimbers07
||PeePeeSwagMan is ready for game 3.
|inactive|scizormetimbers07 has 30 seconds to confirm battle start!
||scizormetimbers07 is ready for game 3.
|uhtml|next|Next: Game 3 of 3
|l|☆scizormetimbers07
|player|p2|
