|j|☆Gambling42699
|j|☆SeeYouInSf
|html|Gambling42699SeeYouInSf    
|uhtml|bestof|Game 2 of a best-of-3
|t:|1754422677
|gametype|doubles
|player|p1|Gambling42699|giovanni|1226
|player|p2|SeeYouInSf|unknown|1181
|gen|9
|tier|[Gen 9] VGC 2025 Reg H (Bo3)
|rated|
|rule|Species Clause: Limit one of each Pokémon
|rule|Item Clause: Limit 1 of each item
|clearpoke
|poke|p1|Ninetales-Alola, L50, M|
|poke|p1|Ursaluna-Bloodmoon, L50, M|
|poke|p1|Maushold-Four, L50|
|poke|p1|Annihilape, L50, F|
|poke|p1|Klefki, L50, F|
|poke|p1|Sinistcha-Masterpiece, L50|
|poke|p2|Lilligant-Hisui, L50, F|
|poke|p2|Hatterene, L50, F|
|poke|p2|Ursaluna, L50, F|
|poke|p2|Indeedee-F, L50, F|
|poke|p2|Torkoal, L50, M|
|poke|p2|Gallade, L50, M|
|teampreview|4
|showteam|p1|Ninetales-Alola||FocusSash|SnowWarning|Blizzard,FreezeDry,Encore,Protect|||M|||50|,,,,,Ghost]Ursaluna-Bloodmoon||AssaultVest|MindsEye|BloodMoon,EarthPower,HyperVoice,VacuumWave|||M|||50|,,,,,Water]Maushold-Four||SafetyGoggles|FriendGuard|BeatUp,Taunt,FollowMe,Protect||||||50|,,,,,Ghost]Annihilape||Leftovers|Defiant|DrainPunch,RageFist,BulkUp,Protect|||F|||50|,,,,,Fire]Klefki||LightClay|Prankster|DazzlingGleam,Reflect,LightScreen,MistyTerrain|||F|||50|,,,,,Ghost]Sinistcha-Masterpiece||SitrusBerry|Hospitality|MatchaGotcha,RagePowder,LifeDew,TrickRoom||||||50|,,,,,Water
|showteam|p2|Lilligant-Hisui||FocusSash|Chlorophyll|TripleAxel,AfterYou,CloseCombat,SleepPowder|||F|||50|,,,,,Ghost]Hatterene||CovertCloak|MagicBounce|DazzlingGleam,ExpandingForce,TrickRoom,MysticalFire|||F|||50|,,,,,Fire]Ursaluna||FlameOrb|Guts|Facade,HeadlongRush,Earthquake,Protect|||F|||50|,,,,,Ghost]Indeedee-F||PsychicSeed|PsychicSurge|Psychic,TrickRoom,HelpingHand,FollowMe|||F|||50|,,,,,Dragon]Torkoal||FlamePlate|Drought|Eruption,WeatherBall,HeatWave,Protect|||M|||50|,,,,,Fire]Gallade||ClearAmulet|Sharpness|PsychoCut,SacredSword,TrickRoom,WideGuard|||M|||50|,,,,,Grass
|inactive|Battle timer is ON: inactive players will automatically lose when time's up. (requested by SeeYouInSf)
|inactive|SeeYouInSf has 60 seconds left.
|
|t:|1754422710
|teamsize|p1|4
|teamsize|p2|4
|start
|switch|p1a: Ursaluna|Ursaluna-Bloodmoon, L50, M|100/100
|switch|p1b: Klefki|Klefki, L50, F|100/100
|switch|p2a: Lilligant|Lilligant-Hisui, L50, F|100/100
|switch|p2b: Torkoal|Torkoal, L50, M|100/100
|-weather|SunnyDay|[from] ability: Drought|[of] p2b: Torkoal
|turn|1
|
|t:|1754422727
|switch|p2b: Ursaluna|Ursaluna, L50, F|100/100
|-terastallize|p1a: Ursaluna|Water
|move|p1b: Klefki|Misty Terrain|p1b: Klefki
|-fieldstart|move: Misty Terrain
|move|p2a: Lilligant|Close Combat|p1a: Ursaluna
|-damage|p1a: Ursaluna|54/100
|-unboost|p2a: Lilligant|def|1
|-unboost|p2a: Lilligant|spd|1
|move|p1a: Ursaluna|Earth Power|p2b: Ursaluna
|-damage|p2b: Ursaluna|54/100
|
|-weather|SunnyDay|[upkeep]
|upkeep
|turn|2
|inactive|Gambling42699 has 30 seconds left.
|inactive|SeeYouInSf has 30 seconds left.
|inactive|SeeYouInSf has 20 seconds left.
|inactive|SeeYouInSf has 15 seconds left.
|inactive|SeeYouInSf has 10 seconds left.
|inactive|SeeYouInSf has 5 seconds left.
|
|t:|1754422778
|move|p1b: Klefki|Reflect|p1b: Klefki
|-sidestart|p1: Gambling42699|Reflect
|move|p2a: Lilligant|Sleep Powder|p1a: Ursaluna
|-activate|p1a: Ursaluna|move: Misty Terrain
|move|p1a: Ursaluna|Blood Moon|p2b: Ursaluna
|-damage|p2b: Ursaluna|0 fnt
|faint|p2b: Ursaluna
|
|-weather|SunnyDay|[upkeep]
|upkeep
|
|t:|1754422785
|switch|p2b: Torkoal|Torkoal, L50, M|100/100
|turn|3
|
|t:|1754422795
|-terastallize|p2b: Torkoal|Fire
|move|p1b: Klefki|Light Screen|p1b: Klefki
|-sidestart|p1: Gambling42699|move: Light Screen
|move|p2a: Lilligant|After You|p2b: Torkoal
|-activate|p2b: Torkoal|move: After You
|move|p2b: Torkoal|Eruption|p1b: Klefki|[spread] p1a,p1b
|-resisted|p1a: Ursaluna
|-supereffective|p1b: Klefki
|-damage|p1a: Ursaluna|31/100
|-damage|p1b: Klefki|0 fnt
|faint|p1b: Klefki
|move|p1a: Ursaluna|Hyper Voice|p2b: Torkoal|[spread] p2a,p2b
|-damage|p2a: Lilligant|17/100
|-damage|p2b: Torkoal|52/100
|
|-weather|SunnyDay|[upkeep]
|upkeep
|
|t:|1754422804
|switch|p1b: Ninetales|Ninetales-Alola, L50, M|100/100
|-weather|Snowscape|[from] ability: Snow Warning|[of] p1b: Ninetales
|turn|4
|inactive|SeeYouInSf has 30 seconds left.
|
|t:|1754422834
|switch|p2a: Gallade|Gallade, L50, M|100/100
|move|p2b: Torkoal|Protect|p2b: Torkoal
|-singleturn|p2b: Torkoal|Protect
|move|p1b: Ninetales|Blizzard|p2a: Gallade|[spread] p2a
|-activate|p2b: Torkoal|move: Protect
|-damage|p2a: Gallade|73/100
|move|p1a: Ursaluna|Hyper Voice|p2a: Gallade|[spread] p2a
|-activate|p2b: Torkoal|move: Protect
|-damage|p2a: Gallade|38/100
|
|-weather|Snowscape|[upkeep]
|upkeep
|turn|5
|inactive|Gambling42699 has 30 seconds left.
|inactive|Gambling42699 has 20 seconds left.
|inactive|Gambling42699 has 15 seconds left.
|
|t:|1754422875
|switch|p2b: Lilligant|Lilligant-Hisui, L50, F|17/100
|move|p2a: Gallade|Wide Guard|p2a: Gallade
|-singleturn|p2a: Gallade|Wide Guard
|move|p1b: Ninetales|Encore||[still]
|-fail|p1b: Ninetales
|move|p1a: Ursaluna|Hyper Voice|p2b: Lilligant|[spread] 
|-activate|p2a: Gallade|move: Wide Guard
|-activate|p2b: Lilligant|move: Wide Guard
|
|-weather|Snowscape|[upkeep]
|-fieldend|Misty Terrain
|upkeep
|turn|6
|inactive|SeeYouInSf has 30 seconds left.
|
|t:|1754422902
|switch|p1b: Sinistcha|Sinistcha-Masterpiece, L50|100/100
|-heal|p1a: Ursaluna|56/100|[from] ability: Hospitality|[of] p1b: Sinistcha
|switch|p2a: Torkoal|Torkoal, L50, M, tera:Fire|52/100
|-weather|SunnyDay|[from] ability: Drought|[of] p2a: Torkoal
|move|p2b: Lilligant|Close Combat|p1a: Ursaluna
|-damage|p1a: Ursaluna|26/100
|-unboost|p2b: Lilligant|def|1
|-unboost|p2b: Lilligant|spd|1
|move|p1a: Ursaluna|Hyper Voice|p2b: Lilligant|[spread] p2a,p2b
|-damage|p2a: Torkoal|2/100
|-damage|p2b: Lilligant|0 fnt
|faint|p2b: Lilligant
|
|-weather|SunnyDay|[upkeep]
|upkeep
|
|t:|1754422913
|switch|p2b: Gallade|Gallade, L50, M|38/100
|turn|7
|
|t:|1754422923
|move|p1a: Ursaluna|Vacuum Wave|p2a: Torkoal
|-damage|p2a: Torkoal|0 fnt
|faint|p2a: Torkoal
|move|p1b: Sinistcha|Matcha Gotcha|p2b: Gallade
|-damage|p2b: Gallade|7/100
|move|p2b: Gallade|Trick Room|p2b: Gallade
|-fieldstart|move: Trick Room|[of] p2b: Gallade
|
|-weather|SunnyDay|[upkeep]
|upkeep
|turn|8
|-message|SeeYouInSf forfeited.
|
|win|Gambling42699
|raw|Gambling42699's rating: 1226 → 1248(+22 for winning)
|raw|SeeYouInSf's rating: 1181 → 1159(-22 for losing)
