|j|☆Eltodotibio
|j|☆yassineVGC
|html|EltodotibioyassineVGC    
|uhtml|bestof|Game 2 of a best-of-3
|t:|1757707280
|gametype|doubles
|player|p1|Eltodotibio|102|1127
|player|p2|yassineVGC|hilbert|1107
|gen|9
|tier|[Gen 9] VGC 2025 Reg H (Bo3)
|rated|
|rule|Species Clause: Limit one of each Pokémon
|rule|Item Clause: Limit 1 of each item
|clearpoke
|poke|p1|Annihilape, L50, F|
|poke|p1|Farigiraf, L50, F|
|poke|p1|Torkoal, L50, M|
|poke|p1|Ursaluna-Bloodmoon, L50, M|
|poke|p1|Gholdengo, L50|
|poke|p1|Murkrow, L50, F|
|poke|p2|Yanmega, L50, F|
|poke|p2|Samurott-Hisui, L50, F|
|poke|p2|Dragonite, L50, F|
|poke|p2|Ninetales-Alola, L50, F|
|poke|p2|Sneasler, L50, M|
|poke|p2|Magmar, L50, M|
|teampreview|4
|showteam|p1|Annihilape||ChoiceScarf|Defiant|CloseCombat,RageFist,FinalGambit,Uturn|||F|||50|,,,,,Fire]Farigiraf||ThroatSpray|ArmorTail|HyperVoice,Psychic,HelpingHand,TrickRoom|||F|||50|,,,,,Water]Torkoal||Charcoal|Drought|Eruption,HeatWave,WeatherBall,SolarBeam|||M|||50|,,,,,Fire]Ursaluna-Bloodmoon||LifeOrb|MindsEye|HyperVoice,BloodMoon,EarthPower,Protect|||M|||50|,,,,,Ground]Gholdengo||ChoiceSpecs|GoodasGold|MakeItRain,ShadowBall,Thunderbolt,DazzlingGleam||||||50|,,,,,Steel]Murkrow||FocusSash|Prankster|BraveBird,Tailwind,Haze,Protect|||F|||50|,,,,,Ghost
|showteam|p2|Yanmega||FocusSash|SpeedBoost|Detect,Tailwind,AirSlash,BugBuzz|||F|||50|,,,,,Ghost]Samurott-Hisui||AssaultVest|Sharpness|SuckerPunch,AquaCutter,KnockOff,SacredSword|||F|||50|,,,,,Bug]Dragonite||ChoiceBand|InnerFocus|ExtremeSpeed,Outrage,LowKick,StompingTantrum|||F|||50|,,,,,Normal]Ninetales-Alola||CovertCloak|SnowWarning|Blizzard,FreezeDry,IcyWind,AuroraVeil|||F|||50|,,,,,Fire]Sneasler||WhiteHerb|Unburden|DireClaw,CloseCombat,Protect,Coaching|||M|||50|,,,,,Stellar]Magmar||Eviolite|VitalSpirit|Protect,Taunt,HeatWave,FollowMe|||M|||50|,,,,,Ghost
|inactive|Battle timer is ON: inactive players will automatically lose when time's up. (requested by yassineVGC)
|inactive|yassineVGC has 60 seconds left.
|
|t:|1757707337
|teamsize|p1|4
|teamsize|p2|4
|start
|switch|p1a: Gholdengo|Gholdengo, L50|100/100
|switch|p1b: Murkrow|Murkrow, L50, F|100/100
|switch|p2a: Magmar|Magmar, L50, M, shiny|100/100
|switch|p2b: Yanmega|Yanmega, L50, F|100/100
|turn|1
|inactive|Eltodotibio has 30 seconds left.
|inactive|yassineVGC has 30 seconds left.
|inactive|yassineVGC has 20 seconds left.
|
|t:|1757707374
|-terastallize|p1a: Gholdengo|Steel
|move|p1b: Murkrow|Tailwind|p1b: Murkrow
|-sidestart|p1: Eltodotibio|move: Tailwind
|move|p1a: Gholdengo|Make It Rain|p2a: Magmar|[spread] p2a,p2b
|-resisted|p2a: Magmar
|-damage|p2a: Magmar|59/100
|-enditem|p2b: Yanmega|Focus Sash
|-damage|p2b: Yanmega|1/100
|-unboost|p1a: Gholdengo|spa|1
|move|p2b: Yanmega|Tailwind|p2b: Yanmega
|-sidestart|p2: yassineVGC|move: Tailwind
|move|p2a: Magmar|Heat Wave|p1b: Murkrow|[spread] p1a,p1b
|-supereffective|p1a: Gholdengo
|-damage|p1a: Gholdengo|34/100
|-damage|p1b: Murkrow|29/100
|-status|p1a: Gholdengo|brn
|
|-damage|p1a: Gholdengo|28/100 brn|[from] brn
|-ability|p2b: Yanmega|Speed Boost|boost
|-boost|p2b: Yanmega|spe|1
|upkeep
|turn|2
|inactive|Eltodotibio has 30 seconds left.
|inactive|yassineVGC has 30 seconds left.
|inactive|yassineVGC has 20 seconds left.
|
|t:|1757707411
|move|p2b: Yanmega|Detect|p2b: Yanmega
|-singleturn|p2b: Yanmega|Protect
|move|p1b: Murkrow|Brave Bird|p2a: Magmar
|-crit|p2a: Magmar
|-damage|p2a: Magmar|0 fnt
|faint|p2a: Magmar
|-damage|p1b: Murkrow|5/100|[from] Recoil
|move|p1a: Gholdengo|Make It Rain|p2b: Yanmega
|-activate|p2b: Yanmega|move: Protect
|
|-damage|p1a: Gholdengo|22/100 brn|[from] brn
|-ability|p2b: Yanmega|Speed Boost|boost
|-boost|p2b: Yanmega|spe|1
|upkeep
|
|t:|1757707433
|switch|p2a: Samurott|Samurott-Hisui, L50, F, shiny|100/100
|turn|3
|
|t:|1757707451
|switch|p1a: Farigiraf|Farigiraf, L50, F|100/100
|move|p1b: Murkrow|Protect|p1b: Murkrow
|-singleturn|p1b: Murkrow|Protect
|move|p2b: Yanmega|Bug Buzz|p1b: Murkrow
|-activate|p1b: Murkrow|move: Protect
|move|p2a: Samurott|Knock Off|p1a: Farigiraf
|-supereffective|p1a: Farigiraf
|-damage|p1a: Farigiraf|18/100
|-enditem|p1a: Farigiraf|Throat Spray|[from] move: Knock Off|[of] p2a: Samurott
|
|-ability|p2b: Yanmega|Speed Boost|boost
|-boost|p2b: Yanmega|spe|1
|upkeep
|turn|4
|inactive|Eltodotibio has 30 seconds left.
|inactive|Eltodotibio has 20 seconds left.
|inactive|Eltodotibio has 15 seconds left.
|
|t:|1757707492
|move|p1b: Murkrow|Protect|p1b: Murkrow
|-singleturn|p1b: Murkrow|Protect
|move|p2b: Yanmega|Bug Buzz|p1b: Murkrow
|-activate|p1b: Murkrow|move: Protect
|move|p2a: Samurott|Knock Off|p1a: Farigiraf
|-supereffective|p1a: Farigiraf
|-damage|p1a: Farigiraf|0 fnt
|faint|p1a: Farigiraf
|
|-sideend|p2: yassineVGC|move: Tailwind
|-sideend|p1: Eltodotibio|move: Tailwind
|-ability|p2b: Yanmega|Speed Boost|boost
|-boost|p2b: Yanmega|spe|1
|upkeep
|
|t:|1757707503
|switch|p1a: Gholdengo|Gholdengo, L50, tera:Steel|22/100 brn
|turn|5
|
|t:|1757707514
|move|p1b: Murkrow|Tailwind|p1b: Murkrow
|-sidestart|p1: Eltodotibio|move: Tailwind
|move|p2b: Yanmega|Tailwind|p2b: Yanmega
|-sidestart|p2: yassineVGC|move: Tailwind
|move|p1a: Gholdengo|Make It Rain|p2b: Yanmega|[spread] p2a,p2b
|-resisted|p2a: Samurott
|-damage|p2a: Samurott|62/100
|-damage|p2b: Yanmega|0 fnt
|-unboost|p1a: Gholdengo|spa|1
|faint|p2b: Yanmega
|move|p2a: Samurott|Knock Off|p1a: Gholdengo
|-damage|p1a: Gholdengo|0 fnt
|-enditem|p1a: Gholdengo|Choice Specs|[from] move: Knock Off|[of] p2a: Samurott
|faint|p1a: Gholdengo
|
|upkeep
|
|t:|1757707530
|switch|p2b: Sneasler|Sneasler, L50, M|100/100
|switch|p1a: Annihilape|Annihilape, L50, F|100/100
|turn|6
|inactive|yassineVGC has 30 seconds left.
|
|t:|1757707559
|move|p2a: Samurott|Sucker Punch|p1b: Murkrow
|-resisted|p1b: Murkrow
|-damage|p1b: Murkrow|0 fnt
|faint|p1b: Murkrow
|move|p1a: Annihilape|Close Combat|p2b: Sneasler
|-resisted|p2b: Sneasler
|-damage|p2b: Sneasler|68/100
|-unboost|p1a: Annihilape|def|1
|-unboost|p1a: Annihilape|spd|1
|move|p2b: Sneasler|Dire Claw|p1a: Annihilape
|-resisted|p1a: Annihilape
|-damage|p1a: Annihilape|69/100
|-status|p1a: Annihilape|par
|
|upkeep
|turn|7
|
|t:|1757707579
|-terastallize|p2a: Samurott|Bug
|move|p2b: Sneasler|Coaching|p2a: Samurott
|-boost|p2a: Samurott|atk|1
|-boost|p2a: Samurott|def|1
|move|p2a: Samurott|Knock Off|p1a: Annihilape
|-damage|p1a: Annihilape|0 fnt
|-enditem|p1a: Annihilape|Choice Scarf|[from] move: Knock Off|[of] p2a: Samurott
|faint|p1a: Annihilape
|
|win|yassineVGC
|inactive|Eltodotibio has 30 seconds to confirm battle start!
|inactive|yassineVGC has 30 seconds to confirm battle start!
||yassineVGC is ready for game 3.
|inactive|Eltodotibio has 20 seconds to confirm battle start!
|inactive|Eltodotibio has 10 seconds to confirm battle start!
|uhtml|next|Next: Game 3 of 3
