|j|â˜†KatKraydel
|j|â˜†blumattone
|html|KatKraydelblumattone    
|uhtml|bestof|Game 2 of a best-of-3
|t:|1785024953
|gametype|doubles
|player|p1|KatKraydel|lebanne|
|player|p2|blumattone|n-masters|
|gen|9
|tier|[Gen 9 Champions] VGC 2026 Reg M-B (Bo3)
|rule|Species Clause: Limit one of each PokÃ©mon
|rule|Item Clause: Limit 1 of each item
|clearpoke
|poke|p1|Garchomp, L50, M|
|poke|p1|Whimsicott, L50, F|
|poke|p1|Kingambit, L50, F|
|poke|p1|Hawlucha, L50, M|
|poke|p1|Ceruledge, L50, F|
|poke|p1|Ninetales-Alola, L50, F|
|poke|p2|Golurk, L50, shiny|
|poke|p2|Abomasnow, L50, M, shiny|
|poke|p2|Mamoswine, L50, F|
|poke|p2|Eelektross, L50, F|
|poke|p2|Basculegion, L50, M|
|poke|p2|Audino, L50, M, shiny|
|teampreview|4
|showteam|p1|Garchomp||LifeOrb|RoughSkin|StompingTantrum,DragonClaw,RockSlide,Protect|Jolly||M|||50|]Whimsicott||FocusSash|Prankster|Moonblast,Tailwind,LightScreen,Protect|Timid||F|||50|]Kingambit||BlackGlasses|Defiant|KowtowCleave,SuckerPunch,IronHead,Protect|Adamant||F|||50|]Hawlucha||Hawluchanite|MoldBreaker|CloseCombat,BraveBird,StoneEdge,Protect|Adamant||M|||50|]Ceruledge||ColburBerry|FlashFire|BitterBlade,ShadowSneak,BulkUp,Protect|Adamant||F|||50|]Ninetales-Alola||NeverMeltIce|SnowWarning|Blizzard,FreezeDry,Encore,Protect|Timid||F|||50|
|showteam|p2|Golurk||Golurkite|NoGuard|Protect,Earthquake,Poltergeist,HeadlongRush|Adamant|||||50|]Abomasnow||Abomasite|SnowWarning|FrostBreath,Blizzard,EnergyBall,AuroraVeil|Quiet||M|||50|]Mamoswine||BrightPowder|SnowCloak|IceShard,HighHorsepower,IcicleCrash,Protect|Brave||F|||50|]Eelektross||Magnet|Levitate|DragonPulse,VoltSwitch,Discharge,Protect|Quiet||F|||50|]Basculegion||ChoiceScarf|Adaptability|AquaJet,FlipTurn,WaveCrash,LastRespects|Adamant||M|||50|]Audino||ChopleBerry|Healer|TrickRoom,HealingWish,Protect,HelpingHand|Bold||M|||50|
|inactive|Battle timer is ON: inactive players will automatically lose when time's up. (requested by blumattone)
|
|t:|1785024971
|teamsize|p1|4
|teamsize|p2|4
|start
|switch|p1a: Kingambit|Kingambit, L50, F|100/100
|switch|p1b: Whimsicott|Whimsicott, L50, F|100/100
|switch|p2a: Augumi Fushidino|Audino, L50, M, shiny|100/100
|switch|p2b: Baskuna|Basculegion, L50, M|100/100
|turn|1
|inactive|blumattone has 30 seconds left.
|
|t:|1785025003
|move|p1b: Whimsicott|Light Screen|p1b: Whimsicott
|-sidestart|p1: KatKraydel|move: Light Screen
|move|p2b: Baskuna|Flip Turn|p1a: Kingambit
|-damage|p1a: Kingambit|67/100
|
|t:|1785025011
|switch|p2b: Mahosnow|Abomasnow, L50, M, shiny|100/100|[from] Flip Turn
|-weather|Snowscape|[from] ability: Snow Warning|[of] p2b: Mahosnow
|move|p1a: Kingambit|Kowtow Cleave|p2b: Mahosnow
|-damage|p2b: Mahosnow|51/100
|move|p2a: Augumi Fushidino|Trick Room|p2a: Augumi Fushidino
|-fieldstart|move: Trick Room|[of] p2a: Augumi Fushidino
|
|-weather|Snowscape|[upkeep]
|upkeep
|turn|2
|inactive|blumattone has 30 seconds left.
|
|t:|1785025037
|switch|p1b: Ceruledge|Ceruledge, L50, F|100/100
|detailschange|p2b: Mahosnow|Abomasnow-Mega, L50, M, shiny
|-mega|p2b: Mahosnow|Abomasnow|Abomasite
|move|p2b: Mahosnow|Blizzard|p1a: Kingambit|[spread] p1a,p1b
|-resisted|p1a: Kingambit|1
|-resisted|p1b: Ceruledge|1
|-damage|p1a: Kingambit|51/100
|-damage|p1b: Ceruledge|83/100
|move|p2a: Augumi Fushidino|Healing Wish|p2a: Augumi Fushidino
|faint|p2a: Augumi Fushidino
|move|p1a: Kingambit|Iron Head|p2b: Mahosnow
|-supereffective|p2b: Mahosnow|1
|-damage|p2b: Mahosnow|0 fnt
|faint|p2b: Mahosnow
|
|-weather|Snowscape|[upkeep]
|upkeep
|c|â˜†KatKraydel|Btw I just realized
|
|t:|1785025044
|switch|p2b: Agiswine|Mamoswine, L50, F|100/100
|switch|p2a: Baskuna|Basculegion, L50, M|100/100
|turn|3
|c|â˜†blumattone|yeah so this team sucks more than i thought
|c|â˜†KatKraydel|3 of these are in ultra sun ultra moon wormholes
|inactive|blumattone has 30 seconds left.
|inactive|blumattone has 20 seconds left.
|
|t:|1785025079
|move|p2a: Baskuna|Aqua Jet|p1b: Ceruledge
|-supereffective|p1b: Ceruledge|1
|-damage|p1b: Ceruledge|28/100
|move|p1a: Kingambit|Kowtow Cleave|p2a: Baskuna
|-supereffective|p2a: Baskuna|1
|-damage|p2a: Baskuna|0 fnt
|faint|p2a: Baskuna
|move|p2b: Agiswine|High Horsepower|p1a: Kingambit
|-supereffective|p1a: Kingambit|1
|-damage|p1a: Kingambit|0 fnt
|faint|p1a: Kingambit
|move|p1b: Ceruledge|Bitter Blade|p2b: Agiswine|[miss]
|-miss|p1b: Ceruledge|p2b: Agiswine
|
|-weather|Snowscape|[upkeep]
|upkeep
|
|t:|1785025095
|switch|p1a: Whimsicott|Whimsicott, L50, F|100/100
|turn|4
|inactive|blumattone has 30 seconds left.
|
|t:|1785025124
|switch|p1b: Ninetales|Ninetales-Alola, L50, F|100/100
|move|p2b: Agiswine|High Horsepower|p1b: Ninetales
|-damage|p1b: Ninetales|52/100
|move|p1a: Whimsicott|Moonblast|p2b: Agiswine
|-damage|p2b: Agiswine|65/100
|
|-weather|Snowscape|[upkeep]
|upkeep
|turn|5
|
|t:|1785025137
|move|p2b: Agiswine|Icicle Crash|p1a: Whimsicott
|-supereffective|p1a: Whimsicott|1
|-enditem|p1a: Whimsicott|Focus Sash
|-damage|p1a: Whimsicott|1/100
|move|p1b: Ninetales|Blizzard|p2b: Agiswine
|-damage|p2b: Agiswine|17/100
|cant|p1a: Whimsicott|flinch
|
|-weather|none
|-sideend|p1: KatKraydel|move: Light Screen
|-fieldend|move: Trick Room
|upkeep
|turn|6
|
|t:|1785025146
|move|p2b: Agiswine|Ice Shard|p1a: Whimsicott
|-supereffective|p1a: Whimsicott|1
|-damage|p1a: Whimsicott|0 fnt
|faint|p1a: Whimsicott
|move|p1b: Ninetales|Freeze-Dry|p2b: Agiswine
|-damage|p2b: Agiswine|0 fnt
|faint|p2b: Agiswine
|
|win|KatKraydel
|c|â˜†blumattone|bright powder i need you to make them miss every turn
|c|â˜†blumattone|oh
|c|â˜†blumattone|welp
|c|â˜†blumattone|i can barely call this a gg
|l|â˜†KatKraydel
|player|p1|
|j|â˜†KatKraydel
|player|p1|KatKraydel|lebanne|
