|j|☆Atrix MJ
|j|☆Bergmann VGC
|html|Atrix MJBergmann VGC    
|uhtml|bestof|Game 1 of a best-of-3
|t:|1756644345
|gametype|doubles
|player|p1|Atrix MJ|miku-fire|1430
|player|p2|Bergmann VGC|volkner|1294
|gen|9
|tier|[Gen 9] VGC 2025 Reg H (Bo3)
|rated|
|rule|Species Clause: Limit one of each Pokémon
|rule|Item Clause: Limit 1 of each item
|clearpoke
|poke|p1|Kommo-o, L50, F|
|poke|p1|Mimikyu, L50, F|
|poke|p1|Tyranitar, L50, F|
|poke|p1|Incineroar, L50, M|
|poke|p1|Ursaluna, L50, F|
|poke|p1|Amoonguss, L50, F|
|poke|p2|Charizard, L50, M|
|poke|p2|Torkoal, L50, F|
|poke|p2|Porygon2, L50|
|poke|p2|Incineroar, L50, M|
|poke|p2|Jumpluff, L50, F|
|poke|p2|Ursaluna, L50, M|
|teampreview|4
|showteam|p1|Kommo-o||ThroatSpray|Soundproof|ClangingScales,Flamethrower,ClangorousSoul,Protect|||F|||50|,,,,,Fire]Mimikyu||LifeOrb|Disguise|PlayRough,TrickRoom,ShadowSneak,Curse|||F|||50|,,,,,Steel]Tyranitar||AssaultVest|SandStream|RockSlide,KnockOff,LowKick,TeraBlast|||F|||50|,,,,,Flying]Incineroar||SafetyGoggles|Intimidate|FakeOut,PartingShot,KnockOff,FlareBlitz|||M|||50|,,,,,Ghost]Ursaluna||FlameOrb|Guts|Facade,HeadlongRush,Earthquake,Protect|||F|||50|,,,,,Ghost]Amoonguss||RockyHelmet|Regenerator|Spore,RagePowder,Protect,SludgeBomb|||F|||50|,,,,,Dark
|showteam|p2|Charizard||ChoiceSpecs|SolarPower|HeatWave,Overheat,WeatherBall,AirSlash|||M|||50|,,,,,Ghost]Torkoal||EjectPack|Drought|Eruption,Overheat,HelpingHand,Protect|||F|||50|,,,,,Fire]Porygon2||Eviolite|Download|TeraBlast,IceBeam,Recover,TrickRoom||||||50|,,,,,Fighting]Incineroar||SafetyGoggles|Intimidate|FlareBlitz,KnockOff,FakeOut,PartingShot|||M|||50|,,,,,Ghost]Jumpluff||CovertCloak|Chlorophyll|SleepPowder,SunnyDay,RagePowder,Tailwind|||F|||50|,,,,,Water]Ursaluna||FlameOrb|Guts|HeadlongRush,Facade,Earthquake,Protect|||M|||50|,,,,,Ghost
|inactive|Battle timer is ON: inactive players will automatically lose when time's up. (requested by Bergmann VGC)
|
|t:|1756644405
|teamsize|p1|4
|teamsize|p2|4
|start
|switch|p1a: PUNK ROTTEN|Incineroar, L50, M|100/100
|switch|p1b: BLACK HOLE|Amoonguss, L50, F|100/100
|switch|p2a: Kenshin|Charizard, L50, M, shiny|100/100
|switch|p2b: Shōnagon|Jumpluff, L50, F|100/100
|-ability|p1a: PUNK ROTTEN|Intimidate|boost
|-unboost|p2a: Kenshin|atk|1
|-unboost|p2b: Shōnagon|atk|1
|turn|1
|inactive|Atrix MJ has 30 seconds left.
|inactive|Bergmann VGC has 30 seconds left.
|inactive|Bergmann VGC has 20 seconds left.
|
|t:|1756644444
|move|p1b: BLACK HOLE|Protect|p1b: BLACK HOLE
|-singleturn|p1b: BLACK HOLE|Protect
|move|p2b: Shōnagon|Sunny Day|p2b: Shōnagon
|-weather|SunnyDay
|move|p2a: Kenshin|Weather Ball|p1a: PUNK ROTTEN
|-resisted|p1a: PUNK ROTTEN
|-damage|p1a: PUNK ROTTEN|22/100
|move|p1a: PUNK ROTTEN|Knock Off|p2a: Kenshin
|-damage|p2a: Kenshin|32/100
|-enditem|p2a: Kenshin|Choice Specs|[from] move: Knock Off|[of] p1a: PUNK ROTTEN
|
|-weather|SunnyDay|[upkeep]
|-damage|p2a: Kenshin|19/100|[from] ability: Solar Power|[of] p2a: Kenshin
|upkeep
|turn|2
|inactive|Atrix MJ has 30 seconds left.
|inactive|Bergmann VGC has 30 seconds left.
|
|t:|1756644478
|switch|p2b: Koshamain|Ursaluna, L50, M|100/100
|switch|p1a: SOVREIGNTY|Tyranitar, L50, F|100/100
|-weather|Sandstorm|[from] ability: Sand Stream|[of] p1a: SOVREIGNTY
|move|p2a: Kenshin|Weather Ball|p1a: SOVREIGNTY
|-damage|p1a: SOVREIGNTY|88/100
|move|p1b: BLACK HOLE|Sludge Bomb|p2b: Koshamain
|-resisted|p2b: Koshamain
|-damage|p2b: Koshamain|88/100
|-status|p2b: Koshamain|psn
|
|-weather|Sandstorm|[upkeep]
|-damage|p2a: Kenshin|14/100|[from] Sandstorm
|-damage|p1b: BLACK HOLE|95/100|[from] Sandstorm
|-damage|p2b: Koshamain|76/100 psn|[from] psn
|upkeep
|turn|3
|inactive|Atrix MJ has 30 seconds left.
|inactive|Bergmann VGC has 30 seconds left.
|
|t:|1756644510
|switch|p2a: Shōnagon|Jumpluff, L50, F|100/100
|switch|p1b: PUNK ROTTEN|Incineroar, L50, M|22/100
|-ability|p1b: PUNK ROTTEN|Intimidate|boost
|-unboost|p2a: Shōnagon|atk|1
|-unboost|p2b: Koshamain|atk|1
|-terastallize|p1a: SOVREIGNTY|Flying
|move|p2b: Koshamain|Facade|p1a: SOVREIGNTY
|-damage|p1a: SOVREIGNTY|20/100
|move|p1a: SOVREIGNTY|Low Kick|p2b: Koshamain
|-supereffective|p2b: Koshamain
|-damage|p2b: Koshamain|0 fnt
|faint|p2b: Koshamain
|
|-weather|Sandstorm|[upkeep]
|-damage|p2a: Shōnagon|94/100|[from] Sandstorm
|-damage|p1a: SOVREIGNTY|14/100|[from] Sandstorm
|upkeep
|
|t:|1756644524
|switch|p2b: Kenshin|Charizard, L50, M, shiny|14/100
|turn|4
|
|t:|1756644532
|switch|p1a: BLACK HOLE|Amoonguss, L50, F|100/100
|-terastallize|p2b: Kenshin|Ghost
|move|p1b: PUNK ROTTEN|Fake Out|p2b: Kenshin
|-immune|p2b: Kenshin
|move|p2a: Shōnagon|Sunny Day|p2a: Shōnagon
|-weather|SunnyDay
|move|p2b: Kenshin|Heat Wave|p1a: BLACK HOLE|[spread] p1a,p1b
|-supereffective|p1a: BLACK HOLE
|-resisted|p1b: PUNK ROTTEN
|-damage|p1a: BLACK HOLE|0 fnt
|-damage|p1b: PUNK ROTTEN|0 fnt
|faint|p1a: BLACK HOLE
|faint|p1b: PUNK ROTTEN
|
|-weather|SunnyDay|[upkeep]
|-damage|p2b: Kenshin|1/100|[from] ability: Solar Power|[of] p2b: Kenshin
|upkeep
|
|t:|1756644537
|switch|p1b: SHAMBLES|Mimikyu, L50, F, shiny|100/100
|switch|p1a: SOVREIGNTY|Tyranitar, L50, F, tera:Flying|14/100
|-weather|Sandstorm|[from] ability: Sand Stream|[of] p1a: SOVREIGNTY
|turn|5
|
|t:|1756644547
|move|p2a: Shōnagon|Rage Powder|p2a: Shōnagon
|-singleturn|p2a: Shōnagon|move: Rage Powder
|move|p1b: SHAMBLES|Shadow Sneak|p2a: Shōnagon
|-damage|p2a: Shōnagon|64/100
|-damage|p1b: SHAMBLES|91/100|[from] item: Life Orb
|move|p2b: Kenshin|Heat Wave|p1a: SOVREIGNTY|[spread] p1a,p1b
|-damage|p1a: SOVREIGNTY|0 fnt
|-activate|p1b: SHAMBLES|ability: Disguise
|-damage|p1b: SHAMBLES|91/100
|detailschange|p1b: SHAMBLES|Mimikyu-Busted, L50, F, shiny
|-damage|p1b: SHAMBLES|78/100|[from] pokemon: Mimikyu-Busted
|faint|p1a: SOVREIGNTY
|
|-weather|Sandstorm|[upkeep]
|-damage|p2a: Shōnagon|58/100|[from] Sandstorm
|-damage|p2b: Kenshin|0 fnt|[from] Sandstorm
|-damage|p1b: SHAMBLES|72/100|[from] Sandstorm
|faint|p2b: Kenshin
|upkeep
|
|t:|1756644561
|switch|p2b: Ayanami|Porygon2, L50, shiny|100/100
|-ability|p2b: Ayanami|Download|boost
|-boost|p2b: Ayanami|atk|1
|turn|6
|
|t:|1756644572
|move|p2a: Shōnagon|Sleep Powder|p1b: SHAMBLES
|-status|p1b: SHAMBLES|slp|[from] move: Sleep Powder
|cant|p1b: SHAMBLES|slp
|move|p2b: Ayanami|Ice Beam|p1b: SHAMBLES
|-damage|p1b: SHAMBLES|41/100 slp
|
|-weather|Sandstorm|[upkeep]
|-damage|p2a: Shōnagon|52/100|[from] Sandstorm
|-damage|p1b: SHAMBLES|35/100 slp|[from] Sandstorm
|-damage|p2b: Ayanami|94/100|[from] Sandstorm
|upkeep
|turn|7
|
|t:|1756644587
|move|p2a: Shōnagon|Rage Powder|p2a: Shōnagon
|-singleturn|p2a: Shōnagon|move: Rage Powder
|-curestatus|p1b: SHAMBLES|slp|[msg]
|move|p1b: SHAMBLES|Play Rough|p2a: Shōnagon
|-damage|p2a: Shōnagon|0 fnt
|faint|p2a: Shōnagon
|-damage|p1b: SHAMBLES|25/100|[from] item: Life Orb
|move|p2b: Ayanami|Ice Beam|p1b: SHAMBLES
|-damage|p1b: SHAMBLES|0 fnt
|faint|p1b: SHAMBLES
|
|win|Bergmann VGC
