|j|☆slopmachine
|j|☆FrostyDogMobile
|html|slopmachineFrostyDogMobile    
|uhtml|bestof|Game 1 of a best-of-3
|t:|1785743410
|gametype|doubles
|player|p1|slopmachine|medium|1031
|player|p2|FrostyDogMobile|169|1198
|gen|9
|tier|[Gen 9 Champions] VGC 2026 Reg M-B (Bo3)
|rated|
|rule|Species Clause: Limit one of each Pokémon
|rule|Item Clause: Limit 1 of each item
|clearpoke
|poke|p1|Floette-Eternal, L50, F|
|poke|p1|Whimsicott, L50, F|
|poke|p1|Charizard, L50, M|
|poke|p1|Basculegion, L50, M|
|poke|p1|Garchomp, L50, F|
|poke|p1|Incineroar, L50, M|
|poke|p2|Pelipper, L50, F|
|poke|p2|Swampert, L50, M|
|poke|p2|Gholdengo, L50|
|poke|p2|Incineroar, L50, F|
|poke|p2|Aerodactyl, L50, F|
|poke|p2|Kingambit, L50, F|
|teampreview|4
|showteam|p1|Floette-Eternal||Floettite|FlowerVeil|Protect,DazzlingGleam,DrainingKiss,CalmMind|Modest||F|||50|]Whimsicott||FocusSash|Prankster|Protect,Moonblast,Tailwind,Encore|Timid||F|||50|]Charizard||CharizarditeY|Blaze|Protect,WeatherBall,SolarBeam,HeatWave|Modest||M|||50|]Basculegion||ChoiceScarf|Adaptability|FlipTurn,WaveCrash,LastRespects,AquaJet|Jolly||M|||50|]Garchomp||LifeOrb|RoughSkin|Protect,Earthquake,DragonClaw,RockSlide|Jolly||F|||50|]Incineroar||SitrusBerry|Intimidate|FlareBlitz,ThroatChop,FakeOut,PartingShot|Careful||M|||50|
|showteam|p2|Pelipper||SitrusBerry|Drizzle|WeatherBall,Hurricane,Protect,Tailwind|Modest||F|||50|]Swampert||Swampertite|Torrent|WaveCrash,Earthquake,IcePunch,Protect|Jolly||M|||50|]Gholdengo||LifeOrb|GoodasGold|MakeItRain,ShadowBall,NastyPlot,Protect|Modest|||||50|]Incineroar||Leftovers|Intimidate|FlareBlitz,DarkestLariat,FakeOut,PartingShot|Careful||F|||50|]Aerodactyl||FocusSash|Unnerve|RockSlide,WideGuard,Protect,Tailwind|Jolly||F|||50|]Kingambit||ChopleBerry|Defiant|KowtowCleave,IronHead,LowKick,SuckerPunch|Adamant||F|||50|
|inactive|Battle timer is ON: inactive players will automatically lose when time's up. (requested by FrostyDogMobile)
|inactive|slopmachine has 60 seconds left.
|
|t:|1785743492
|teamsize|p1|4
|teamsize|p2|4
|start
|switch|p1a: Whimsicott|Whimsicott, L50, F|100/100
|switch|p1b: Charizard|Charizard, L50, M|100/100
|switch|p2a: Aerodactyl|Aerodactyl, L50, F|100/100
|switch|p2b: Kingambit|Kingambit, L50, F|100/100
|-ability|p2a: Aerodactyl|Unnerve
|turn|1
|inactive|slopmachine has 30 seconds left.
|inactive|slopmachine has 20 seconds left.
|inactive|slopmachine has 15 seconds left.
|inactive|slopmachine has 10 seconds left.
|inactive|slopmachine has 5 seconds left.
|
|t:|1785743546
|switch|p1b: Garchomp|Garchomp, L50, F|100/100
|move|p2a: Aerodactyl|Rock Slide|p1a: Whimsicott|[spread] p1b
|-miss|p2a: Aerodactyl|p1a: Whimsicott
|-resisted|p1b: Garchomp|1
|-damage|p1b: Garchomp|87/100
|move|p1a: Whimsicott|Moonblast|p2a: Aerodactyl
|-damage|p2a: Aerodactyl|50/100g
|move|p2b: Kingambit|Iron Head|p1a: Whimsicott
|-supereffective|p1a: Whimsicott|1
|-enditem|p1a: Whimsicott|Focus Sash
|-damage|p1a: Whimsicott|1/100
|
|upkeep
|turn|2
|inactive|slopmachine has 30 seconds left.
|inactive|FrostyDogMobile has 30 seconds left.
|inactive|FrostyDogMobile has 20 seconds left.
|
|t:|1785743586
|switch|p2a: Pelipper|Pelipper, L50, F|100/100
|-weather|RainDance|[from] ability: Drizzle|[of] p2a: Pelipper
|move|p1a: Whimsicott|Tailwind|p1a: Whimsicott
|-sidestart|p1: slopmachine|move: Tailwind
|move|p1b: Garchomp|Earthquake|p2b: Kingambit|[spread] p1a,p2b
|-immune|p2a: Pelipper
|-resisted|p1a: Whimsicott|1
|-supereffective|p2b: Kingambit|1
|-damage|p1a: Whimsicott|0 fnt
|-damage|p2b: Kingambit|30/100
|faint|p1a: Whimsicott
|-damage|p1b: Garchomp|77/100|[from] item: Life Orb
|move|p2b: Kingambit|Kowtow Cleave|p1b: Garchomp
|-damage|p1b: Garchomp|24/100
|-damage|p2b: Kingambit|18/100|[from] ability: Rough Skin|[of] p1b: Garchomp
|
|-weather|RainDance|[upkeep]
|upkeep
|
|t:|1785743607
|switch|p1a: Charizard|Charizard, L50, M|100/100
|turn|3
|inactive|slopmachine has 30 seconds left.
|inactive|FrostyDogMobile has 30 seconds left.
|inactive|slopmachine has 20 seconds left.
|
|t:|1785743643
|switch|p1b: Basculegion|Basculegion, L50, M|100/100
|switch|p2a: Aerodactyl|Aerodactyl, L50, F|50/100g
|-ability|p2a: Aerodactyl|Unnerve
|detailschange|p1a: Charizard|Charizard-Mega-Y, L50, M
|-mega|p1a: Charizard|Charizard|Charizardite Y
|-weather|SunnyDay|[from] ability: Drought|[of] p1a: Charizard
|move|p2b: Kingambit|Sucker Punch||[still]
|-fail|p2b: Kingambit
|move|p1a: Charizard|Heat Wave|p2b: Kingambit|[spread] p2a,p2b
|-resisted|p2a: Aerodactyl|1
|-supereffective|p2b: Kingambit|1
|-damage|p2a: Aerodactyl|10/100
|-damage|p2b: Kingambit|0 fnt
|faint|p2b: Kingambit
|
|-weather|SunnyDay|[upkeep]
|upkeep
|
|t:|1785743659
|switch|p2b: Pelipper|Pelipper, L50, F|100/100
|-weather|RainDance|[from] ability: Drizzle|[of] p2b: Pelipper
|turn|4
|
|t:|1785743679
|switch|p1a: Garchomp|Garchomp, L50, F|24/100
|switch|p2b: Swampert|Swampert, L50, M|100/100
|move|p2a: Aerodactyl|Protect|p2a: Aerodactyl
|-singleturn|p2a: Aerodactyl|Protect
|move|p1b: Basculegion|Flip Turn|p2b: Swampert
|-damage|p2b: Swampert|39/100
|
|t:|1785743689
|switch|p1b: Charizard|Charizard-Mega-Y, L50, M|100/100|[from] Flip Turn
|-weather|SunnyDay|[from] ability: Drought|[of] p1b: Charizard
|
|-weather|SunnyDay|[upkeep]
|upkeep
|turn|5
|inactive|slopmachine has 30 seconds left.
|inactive|slopmachine has 20 seconds left.
|
|t:|1785743727
|switch|p2a: Pelipper|Pelipper, L50, F|100/100
|-weather|RainDance|[from] ability: Drizzle|[of] p2a: Pelipper
|detailschange|p2b: Swampert|Swampert-Mega, L50, M
|-mega|p2b: Swampert|Swampert|Swampertite
|move|p2b: Swampert|Protect|p2b: Swampert
|-singleturn|p2b: Swampert|Protect
|move|p1a: Garchomp|Dragon Claw|p2a: Pelipper
|-damage|p2a: Pelipper|41/100
|-enditem|p2a: Pelipper|Sitrus Berry|[eat]
|-heal|p2a: Pelipper|66/100|[from] item: Sitrus Berry
|-damage|p1a: Garchomp|15/100|[from] item: Life Orb
|move|p1b: Charizard|Weather Ball|p2b: Swampert
|-activate|p2b: Swampert|move: Protect
|
|-weather|RainDance|[upkeep]
|-sideend|p1: slopmachine|move: Tailwind
|upkeep
|turn|6
|inactive|slopmachine has 30 seconds left.
|inactive|slopmachine has 20 seconds left.
|inactive|slopmachine has 15 seconds left.
|
|t:|1785743769
|switch|p2b: Aerodactyl|Aerodactyl, L50, F|10/100
|-ability|p2b: Aerodactyl|Unnerve
|switch|p1b: Basculegion|Basculegion, L50, M|100/100
|move|p1a: Garchomp|Protect|p1a: Garchomp
|-singleturn|p1a: Garchomp|Protect
|move|p2a: Pelipper|Hurricane|p1a: Garchomp
|-activate|p1a: Garchomp|move: Protect
|
|-weather|RainDance|[upkeep]
|upkeep
|turn|7
|inactive|slopmachine has 30 seconds left.
|inactive|FrostyDogMobile has 30 seconds left.
|inactive|slopmachine has 20 seconds left.
|
|t:|1785743805
|switch|p1a: Charizard|Charizard-Mega-Y, L50, M|100/100
|-weather|SunnyDay|[from] ability: Drought|[of] p1a: Charizard
|move|p2b: Aerodactyl|Protect|p2b: Aerodactyl
|-singleturn|p2b: Aerodactyl|Protect
|move|p1b: Basculegion|Flip Turn|p2b: Aerodactyl
|-activate|p2b: Aerodactyl|move: Protect
|move|p2a: Pelipper|Tailwind|p2a: Pelipper
|-sidestart|p2: FrostyDogMobile|move: Tailwind
|
|-weather|SunnyDay|[upkeep]
|upkeep
|turn|8
|inactive|slopmachine has 30 seconds left.
|inactive|FrostyDogMobile has 30 seconds left.
|inactive|slopmachine has 20 seconds left.
|inactive|slopmachine has 15 seconds left.
|
|t:|1785743845
|switch|p2b: Swampert|Swampert-Mega, L50, M|39/100
|move|p2a: Pelipper|Protect|p2a: Pelipper
|-singleturn|p2a: Pelipper|Protect
|move|p1a: Charizard|Protect|p1a: Charizard
|-singleturn|p1a: Charizard|Protect
|move|p1b: Basculegion|Flip Turn|p2b: Swampert
|-damage|p2b: Swampert|21/100
|
|t:|1785743855
|switch|p1b: Garchomp|Garchomp, L50, F|15/100|[from] Flip Turn
|
|-weather|SunnyDay|[upkeep]
|upkeep
|turn|9
|inactive|slopmachine has 30 seconds left.
|
|t:|1785743881
|switch|p2a: Aerodactyl|Aerodactyl, L50, F|10/100
|-ability|p2a: Aerodactyl|Unnerve
|move|p2b: Swampert|Protect|p2b: Swampert
|-singleturn|p2b: Swampert|Protect
|move|p1b: Garchomp|Protect|p1b: Garchomp
|-singleturn|p1b: Garchomp|Protect
|move|p1a: Charizard|Solar Beam||[still]
|-prepare|p1a: Charizard|Solar Beam
|-anim|p1a: Charizard|Solar Beam|p2b: Swampert
|-activate|p2b: Swampert|move: Protect
|
|-weather|SunnyDay|[upkeep]
|upkeep
|turn|10
|inactive|slopmachine has 30 seconds left.
|inactive|FrostyDogMobile has 30 seconds left.
|inactive|slopmachine has 20 seconds left.
|inactive|FrostyDogMobile has 20 seconds left.
|
|t:|1785743919
|switch|p1b: Basculegion|Basculegion, L50, M|100/100
|move|p1a: Charizard|Protect|p1a: Charizard
|-singleturn|p1a: Charizard|Protect
|move|p2a: Aerodactyl|Rock Slide|p1a: Charizard|[spread] p1b
|-activate|p1a: Charizard|move: Protect
|-damage|p1b: Basculegion|69/100
|move|p2b: Swampert|Earthquake|p1a: Charizard|[spread] p1b
|-activate|p1a: Charizard|move: Protect
|-immune|p2a: Aerodactyl
|-damage|p1b: Basculegion|20/100r
|
|-weather|SunnyDay|[upkeep]
|-sideend|p2: FrostyDogMobile|move: Tailwind
|upkeep
|turn|11
|inactive|slopmachine has 30 seconds left.
|inactive|FrostyDogMobile has 30 seconds left.
|
|t:|1785743954
|switch|p2b: Pelipper|Pelipper, L50, F|66/100
|-weather|RainDance|[from] ability: Drizzle|[of] p2b: Pelipper
|switch|p1a: Garchomp|Garchomp, L50, F|15/100
|move|p1b: Basculegion|Last Respects|p2a: Aerodactyl
|-damage|p2a: Aerodactyl|0 fnt
|faint|p2a: Aerodactyl
|
|-weather|RainDance|[upkeep]
|upkeep
|
|t:|1785743963
|switch|p2a: Swampert|Swampert-Mega, L50, M|21/100
|turn|12
|inactive|slopmachine has 25 seconds left this turn.
|inactive|slopmachine has 20 seconds left.
|inactive|slopmachine has 15 seconds left.
|inactive|slopmachine has 10 seconds left.
|inactive|slopmachine has 5 seconds left.
|inactive|FrostyDogMobile has 30 seconds left.
|
|t:|1785743990
|move|p2a: Swampert|Protect|p2a: Swampert
|-singleturn|p2a: Swampert|Protect
|move|p1b: Basculegion|Last Respects|p2a: Swampert
|-activate|p2a: Swampert|move: Protect
|move|p1a: Garchomp|Dragon Claw|p2b: Pelipper
|-damage|p2b: Pelipper|5/100
|-damage|p1a: Garchomp|5/100|[from] item: Life Orb
|move|p2b: Pelipper|Weather Ball|p1b: Basculegion
|-resisted|p1b: Basculegion|1
|-damage|p1b: Basculegion|0 fnt
|faint|p1b: Basculegion
|
|-weather|RainDance|[upkeep]
|upkeep
|inactive|slopmachine has 5 seconds left this turn.
|-message|slopmachine lost due to inactivity.
|
|win|FrostyDogMobile
|inactive|slopmachine has 30 seconds to confirm battle start!
|inactive|FrostyDogMobile has 30 seconds to confirm battle start!
||FrostyDogMobile is ready for game 2.
||slopmachine is ready for game 2.
|uhtml|next|Next: Game 2 of 3
|l|☆FrostyDogMobile
|player|p2|
