|j|☆dambro222
|j|☆taa2pm
|html|dambro222taa2pm    
|uhtml|bestof|Game 2 of a best-of-3
|t:|1756238544
|gametype|doubles
|player|p1|dambro222|ethan|1189
|player|p2|taa2pm|265|1114
|gen|9
|tier|[Gen 9] VGC 2025 Reg H (Bo3)
|rated|
|rule|Species Clause: Limit one of each Pokémon
|rule|Item Clause: Limit 1 of each item
|clearpoke
|poke|p1|Dragonite, L50, M|
|poke|p1|Volcarona, L50, F|
|poke|p1|Sneasler, L50, M|
|poke|p1|Rillaboom, L50, M|
|poke|p1|Electabuzz, L50, M|
|poke|p1|Kingambit, L50, M|
|poke|p2|Garchomp, L50, F|
|poke|p2|Tyranitar, L50, F|
|poke|p2|Infernape, L50, M|
|poke|p2|Murkrow, L50, F|
|poke|p2|Gyarados, L50, M|
|poke|p2|Annihilape, L50, M|
|teampreview|4
|showteam|p1|Dragonite||LoadedDice|Multiscale|ScaleShot,ExtremeSpeed,Haze,Protect|||M|||50|,,,,,Fairy]Volcarona||CovertCloak|FlameBody|HeatWave,TeraBlast,QuiverDance,Protect|||F|||50|,,,,,Fairy]Sneasler||FocusSash|Unburden|CloseCombat,DireClaw,Coaching,Protect|||M|||50|,,,,,Stellar]Rillaboom||AssaultVest|GrassySurge|WoodHammer,GrassyGlide,HighHorsepower,FakeOut|||M|||50|,,,,,Water]Electabuzz||Eviolite|VitalSpirit|Electroweb,FollowMe,Taunt,Protect|||M|||50|,,,,,Ghost]Kingambit||BlackGlasses|Defiant|KowtowCleave,SuckerPunch,SwordsDance,Protect|||M|||50|,,,,,Dark
|showteam|p2|Garchomp||LifeOrb|RoughSkin|Earthquake,IronHead,DragonClaw,Protect|||F|||50|,,,,,Steel]Tyranitar||BlunderPolicy|SandStream|KnockOff,RockSlide,StoneEdge,Protect|||F|||50|,,,,,Flying]Infernape||AssaultVest|Blaze|FakeOut,AuraSphere,HeatWave,Overheat|||M|||50|,,,,,Stellar]Murkrow||Eviolite|Prankster|FoulPlay,Haze,Whirlwind,Tailwind|||F|||50|,,,,,Dark]Gyarados||ClearAmulet|Intimidate|Waterfall,TeraBlast,ThunderWave,Protect|||M|||50|,,,,,Flying]Annihilape||SafetyGoggles|Defiant|DrainPunch,RageFist,BulkUp,Protect|||M|||50|,,,,,Fire
|inactive|Battle timer is ON: inactive players will automatically lose when time's up. (requested by dambro222)
|inactive|taa2pm has 60 seconds left.
|
|t:|1756238585
|teamsize|p1|4
|teamsize|p2|4
|start
|switch|p1a: Volcarona|Volcarona, L50, F|100/100
|switch|p1b: Electabuzz|Electabuzz, L50, M|100/100
|switch|p2a: Tyranitar|Tyranitar, L50, F|100/100
|switch|p2b: Murkrow|Murkrow, L50, F|100/100
|-weather|Sandstorm|[from] ability: Sand Stream|[of] p2a: Tyranitar
|turn|1
|inactive|dambro222 has 30 seconds left.
|
|t:|1756238611
|-terastallize|p1a: Volcarona|Fairy
|move|p2b: Murkrow|Tailwind|p2b: Murkrow
|-sidestart|p2: taa2pm|move: Tailwind
|move|p2a: Tyranitar|Rock Slide|p1b: Electabuzz|[spread] p1a,p1b
|-damage|p1a: Volcarona|59/100
|-damage|p1b: Electabuzz|79/100
|move|p1a: Volcarona|Tera Blast|p2a: Tyranitar|[anim] Tera Blast Fairy
|-supereffective|p2a: Tyranitar
|-damage|p2a: Tyranitar|48/100
|move|p1b: Electabuzz|Electroweb|p2b: Murkrow|[spread] p2a,p2b
|-crit|p2a: Tyranitar
|-supereffective|p2b: Murkrow
|-damage|p2a: Tyranitar|35/100
|-damage|p2b: Murkrow|74/100
|-unboost|p2a: Tyranitar|spe|1
|-unboost|p2b: Murkrow|spe|1
|
|-weather|Sandstorm|[upkeep]
|-damage|p1a: Volcarona|53/100|[from] Sandstorm
|-damage|p2b: Murkrow|68/100|[from] Sandstorm
|-damage|p1b: Electabuzz|73/100|[from] Sandstorm
|upkeep
|turn|2
|inactive|dambro222 has 30 seconds left.
|inactive|taa2pm has 30 seconds left.
|
|t:|1756238639
|move|p1a: Volcarona|Protect|p1a: Volcarona
|-singleturn|p1a: Volcarona|Protect
|move|p2a: Tyranitar|Rock Slide|p1a: Volcarona|[spread] p1b
|-activate|p1a: Volcarona|move: Protect
|-damage|p1b: Electabuzz|48/100
|cant|p1b: Electabuzz|flinch
|move|p2b: Murkrow|Whirlwind|p1a: Volcarona
|drag|p1a: Rillaboom|Rillaboom, L50, M|100/100
|-fieldstart|move: Grassy Terrain|[from] ability: Grassy Surge|[of] p1a: Rillaboom
|
|-weather|Sandstorm|[upkeep]
|-damage|p2b: Murkrow|62/100|[from] Sandstorm
|-damage|p1b: Electabuzz|43/100|[from] Sandstorm
|-damage|p1a: Rillaboom|95/100|[from] Sandstorm
|-heal|p2a: Tyranitar|41/100|[from] Grassy Terrain
|-heal|p1b: Electabuzz|48/100|[from] Grassy Terrain
|-heal|p1a: Rillaboom|100/100|[from] Grassy Terrain
|upkeep
|turn|3
|inactive|taa2pm has 30 seconds left.
|
|t:|1756238665
|switch|p2a: Garchomp|Garchomp, L50, F|100/100
|move|p1a: Rillaboom|Fake Out|p2a: Garchomp
|-damage|p2a: Garchomp|85/100
|-damage|p1a: Rillaboom|88/100|[from] ability: Rough Skin|[of] p2a: Garchomp
|move|p2b: Murkrow|Foul Play|p1a: Rillaboom
|-damage|p1a: Rillaboom|39/100
|move|p1b: Electabuzz|Electroweb|p2b: Murkrow|[spread] p2b
|-immune|p2a: Garchomp
|-supereffective|p2b: Murkrow
|-damage|p2b: Murkrow|33/100
|-unboost|p2b: Murkrow|spe|1
|
|-weather|Sandstorm|[upkeep]
|-damage|p1b: Electabuzz|43/100|[from] Sandstorm
|-damage|p1a: Rillaboom|33/100|[from] Sandstorm
|-damage|p2b: Murkrow|27/100|[from] Sandstorm
|-heal|p2a: Garchomp|91/100|[from] Grassy Terrain
|-heal|p1b: Electabuzz|48/100|[from] Grassy Terrain
|-heal|p1a: Rillaboom|39/100|[from] Grassy Terrain
|upkeep
|turn|4
|
|t:|1756238688
|move|p1b: Electabuzz|Follow Me|p1b: Electabuzz
|-singleturn|p1b: Electabuzz|move: Follow Me
|move|p2a: Garchomp|Earthquake|p1a: Rillaboom|[spread] p1a,p1b
|-immune|p2b: Murkrow
|-resisted|p1a: Rillaboom
|-supereffective|p1b: Electabuzz
|-damage|p1a: Rillaboom|27/100
|-damage|p1b: Electabuzz|10/100
|-damage|p2a: Garchomp|81/100|[from] item: Life Orb
|move|p1a: Rillaboom|Wood Hammer|p2a: Garchomp
|-damage|p2a: Garchomp|0 fnt
|-damage|p1a: Rillaboom|15/100|[from] ability: Rough Skin|[of] p2a: Garchomp
|faint|p2a: Garchomp
|-damage|p1a: Rillaboom|0 fnt|[from] Recoil
|faint|p1a: Rillaboom
|move|p2b: Murkrow|Foul Play|p1b: Electabuzz
|-damage|p1b: Electabuzz|0 fnt
|faint|p1b: Electabuzz
|
|-weather|Sandstorm|[upkeep]
|-damage|p2b: Murkrow|21/100|[from] Sandstorm
|-sideend|p2: taa2pm|move: Tailwind
|upkeep
|
|t:|1756238708
|switch|p2a: Tyranitar|Tyranitar, L50, F|41/100
|switch|p1b: Sneasler|Sneasler, L50, M|100/100
|switch|p1a: Volcarona|Volcarona, L50, F, tera:Fairy|53/100
|turn|5
|inactive|dambro222 has 30 seconds left.
|inactive|taa2pm has 30 seconds left.
|
|t:|1756238739
|move|p2b: Murkrow|Tailwind|p2b: Murkrow
|-sidestart|p2: taa2pm|move: Tailwind
|move|p2a: Tyranitar|Rock Slide|p1a: Volcarona|[spread] p1a,p1b
|-resisted|p1b: Sneasler
|-damage|p1a: Volcarona|13/100
|-damage|p1b: Sneasler|76/100
|move|p1b: Sneasler|Close Combat|p2a: Tyranitar
|-supereffective|p2a: Tyranitar
|-damage|p2a: Tyranitar|0 fnt
|-unboost|p1b: Sneasler|def|1
|-unboost|p1b: Sneasler|spd|1
|faint|p2a: Tyranitar
|move|p1a: Volcarona|Quiver Dance|p1a: Volcarona
|-boost|p1a: Volcarona|spa|1
|-boost|p1a: Volcarona|spd|1
|-boost|p1a: Volcarona|spe|1
|
|-weather|none
|-heal|p1a: Volcarona|20/100|[from] Grassy Terrain
|-heal|p1b: Sneasler|82/100|[from] Grassy Terrain
|upkeep
|
|t:|1756238755
|switch|p2a: Infernape|Infernape, L50, M|100/100
|turn|6
|
|t:|1756238778
|-terastallize|p2a: Infernape|Stellar
|move|p1a: Volcarona|Protect|p1a: Volcarona
|-singleturn|p1a: Volcarona|Protect
|move|p1b: Sneasler|Protect|p1b: Sneasler
|-singleturn|p1b: Sneasler|Protect
|move|p2b: Murkrow|Haze|p2b: Murkrow
|-clearallboost
|move|p2a: Infernape|Heat Wave|p1a: Volcarona|[spread] 
|-activate|p1a: Volcarona|move: Protect
|-activate|p1b: Sneasler|move: Protect
|
|-heal|p1b: Sneasler|88/100|[from] Grassy Terrain
|-heal|p1a: Volcarona|26/100|[from] Grassy Terrain
|-fieldend|move: Grassy Terrain
|upkeep
|turn|7
|
|t:|1756238802
|move|p2a: Infernape|Heat Wave|p1b: Sneasler|[spread] p1a,p1b
|-damage|p1a: Volcarona|0 fnt
|-damage|p1b: Sneasler|25/100
|faint|p1a: Volcarona
|move|p2b: Murkrow|Foul Play|p1b: Sneasler
|-resisted|p1b: Sneasler
|-damage|p1b: Sneasler|0 fnt
|faint|p1b: Sneasler
|
|win|taa2pm
||taa2pm is ready for game 3.
||dambro222 is ready for game 3.
|uhtml|next|Next: Game 3 of 3
