|j|☆the crimson wooper
|j|☆FALL3N_DWN
|html|the crimson wooperFALL3N_DWN    
|uhtml|bestof|Game 1 of a best-of-3
|t:|1756839935
|gametype|doubles
|player|p1|the crimson wooper|benga|1157
|player|p2|FALL3N_DWN|carmine-festival|1171
|gen|9
|tier|[Gen 9] VGC 2025 Reg H (Bo3)
|rated|
|rule|Species Clause: Limit one of each Pokémon
|rule|Item Clause: Limit 1 of each item
|clearpoke
|poke|p1|Sneasler, L50, F|
|poke|p1|Indeedee, L50, M|
|poke|p1|Talonflame, L50, F|
|poke|p1|Ursaluna-Bloodmoon, L50, M|
|poke|p1|Electabuzz, L50, M|
|poke|p1|Incineroar, L50, F|
|poke|p2|Electabuzz, L50, F|
|poke|p2|Kingambit, L50, M|
|poke|p2|Volcarona, L50, M|
|poke|p2|Dragonite, L50, F|
|poke|p2|Sneasler, L50, M|
|poke|p2|Rillaboom, L50, M|
|teampreview|4
|showteam|p1|Sneasler||PsychicSeed|Unburden|DireClaw,CloseCombat,Protect,ThroatChop|||F|||50|,,,,,Dark]Indeedee||FocusSash|PsychicSurge|HelpingHand,Protect,ExpandingForce,TrickRoom|||M|||50|,,,,,Psychic]Talonflame||CovertCloak|GaleWings|FlareBlitz,Tailwind,DualWingbeat,WillOWisp|||F|||50|,,,,,Fairy]Ursaluna-Bloodmoon||LifeOrb|MindsEye|BloodMoon,HyperVoice,EarthPower,Protect|||M|||50|,,,,,Normal]Electabuzz||Eviolite|VitalSpirit|FollowMe,Electroweb,Taunt,Protect|||M|||50|,,,,,Dragon]Incineroar||SafetyGoggles|Intimidate|FakeOut,FlareBlitz,KnockOff,PartingShot|||F|||50|,,,,,Ghost
|showteam|p2|Electabuzz||Eviolite|VitalSpirit|FollowMe,Thunderbolt,Taunt,Protect|||F|||50|,,,,,Ghost]Kingambit||BlackGlasses|Defiant|KowtowCleave,SuckerPunch,SwordsDance,Protect|||M|||50|,,,,,Dark]Volcarona||Leftovers|FlameBody|HeatWave,TeraBlast,QuiverDance,Protect|||M|||50|,,,,,Fairy]Dragonite||LoadedDice|Multiscale|ScaleShot,ExtremeSpeed,Haze,Protect|||F|||50|,,,,,Fairy]Sneasler||FocusSash|Unburden|DireClaw,CloseCombat,Coaching,FakeOut|||M|||50|,,,,,Stellar]Rillaboom||AssaultVest|GrassySurge|FakeOut,WoodHammer,GrassyGlide,HighHorsepower|||M|||50|,,,,,Fire
|inactive|Battle timer is ON: inactive players will automatically lose when time's up. (requested by the crimson wooper)
|inactive|FALL3N_DWN has 60 seconds left.
|inactive|FALL3N_DWN has 30 seconds left.
|
|t:|1756840074
|teamsize|p1|4
|teamsize|p2|4
|start
|switch|p1a: Talonflame|Talonflame, L50, F|100/100
|switch|p1b: Ursaluna|Ursaluna-Bloodmoon, L50, M|100/100
|switch|p2a: Volcarona|Volcarona, L50, M|100/100
|switch|p2b: Rillaboom|Rillaboom, L50, M|100/100
|-fieldstart|move: Grassy Terrain|[from] ability: Grassy Surge|[of] p2b: Rillaboom
|turn|1
|inactive|the crimson wooper has 30 seconds left.
|inactive|FALL3N_DWN has 30 seconds left.
|inactive|FALL3N_DWN has 20 seconds left.
|inactive|FALL3N_DWN has 15 seconds left.
|
|t:|1756840116
|move|p1b: Ursaluna|Protect|p1b: Ursaluna
|-singleturn|p1b: Ursaluna|Protect
|move|p2b: Rillaboom|Fake Out|p1b: Ursaluna
|-activate|p1b: Ursaluna|move: Protect
|move|p1a: Talonflame|Dual Wingbeat|p2a: Volcarona
|-supereffective|p2a: Volcarona
|-damage|p2a: Volcarona|65/100
|-supereffective|p2a: Volcarona
|-damage|p2a: Volcarona|28/100
|-hitcount|p2a: Volcarona|2
|move|p2a: Volcarona|Quiver Dance|p2a: Volcarona
|-boost|p2a: Volcarona|spa|1
|-boost|p2a: Volcarona|spd|1
|-boost|p2a: Volcarona|spe|1
|
|-heal|p2a: Volcarona|34/100|[from] Grassy Terrain
|-heal|p2a: Volcarona|40/100|[from] item: Leftovers
|upkeep
|turn|2
|inactive|FALL3N_DWN has 30 seconds left.
|inactive|FALL3N_DWN has 20 seconds left.
|inactive|FALL3N_DWN has 15 seconds left.
|inactive|FALL3N_DWN has 10 seconds left.
|
|t:|1756840162
|-terastallize|p1b: Ursaluna|Normal
|move|p2a: Volcarona|Protect|p2a: Volcarona
|-singleturn|p2a: Volcarona|Protect
|move|p1a: Talonflame|Tailwind|p1a: Talonflame
|-sidestart|p1: the crimson wooper|move: Tailwind
|move|p1b: Ursaluna|Blood Moon|p2b: Rillaboom
|-damage|p2b: Rillaboom|0 fnt
|faint|p2b: Rillaboom
|-damage|p1b: Ursaluna|91/100|[from] item: Life Orb
|
|-heal|p1b: Ursaluna|97/100|[from] Grassy Terrain
|-heal|p2a: Volcarona|46/100|[from] Grassy Terrain
|-heal|p2a: Volcarona|53/100|[from] item: Leftovers
|upkeep
|inactive|FALL3N_DWN has 30 seconds left.
|
|t:|1756840189
|switch|p2b: Sneasler|Sneasler, L50, M|100/100
|turn|3
|inactive|FALL3N_DWN has 30 seconds left.
|inactive|FALL3N_DWN has 20 seconds left.
|
|t:|1756840224
|switch|p2b: Kingambit|Kingambit, L50, M|100/100
|-terastallize|p2a: Volcarona|Fairy
|move|p1a: Talonflame|Dual Wingbeat|p2a: Volcarona
|-damage|p2a: Volcarona|37/100
|-crit|p2a: Volcarona
|-damage|p2a: Volcarona|11/100
|-hitcount|p2a: Volcarona|2
|move|p1b: Ursaluna|Hyper Voice|p2a: Volcarona|[spread] p2a,p2b
|-resisted|p2b: Kingambit
|-damage|p2a: Volcarona|0 fnt
|-damage|p2b: Kingambit|66/100
|faint|p2a: Volcarona
|-damage|p1b: Ursaluna|87/100|[from] item: Life Orb
|
|-heal|p1b: Ursaluna|93/100|[from] Grassy Terrain
|-heal|p2b: Kingambit|72/100|[from] Grassy Terrain
|upkeep
|
|t:|1756840236
|switch|p2a: Sneasler|Sneasler, L50, M|100/100
|turn|4
|
|t:|1756840261
|move|p1b: Ursaluna|Protect|p1b: Ursaluna
|-singleturn|p1b: Ursaluna|Protect
|move|p1a: Talonflame|Will-O-Wisp|p2b: Kingambit
|-status|p2b: Kingambit|brn
|move|p2a: Sneasler|Dire Claw|p1a: Talonflame
|-damage|p1a: Talonflame|34/100
|move|p2b: Kingambit|Swords Dance|p2b: Kingambit
|-boost|p2b: Kingambit|atk|2
|
|-heal|p1b: Ursaluna|99/100|[from] Grassy Terrain
|-heal|p2b: Kingambit|78/100 brn|[from] Grassy Terrain
|-damage|p2b: Kingambit|72/100 brn|[from] brn
|upkeep
|turn|5
|inactive|the crimson wooper has 30 seconds left.
|inactive|FALL3N_DWN has 30 seconds left.
|inactive|the crimson wooper has 20 seconds left.
|
|t:|1756840297
|move|p2b: Kingambit|Protect|p2b: Kingambit
|-singleturn|p2b: Kingambit|Protect
|move|p1a: Talonflame|Will-O-Wisp|p2a: Sneasler
|-status|p2a: Sneasler|brn
|move|p1b: Ursaluna|Earth Power|p2b: Kingambit
|-activate|p2b: Kingambit|move: Protect
|move|p2a: Sneasler|Coaching|p2b: Kingambit
|-boost|p2b: Kingambit|atk|1
|-boost|p2b: Kingambit|def|1
|
|-heal|p1b: Ursaluna|100/100|[from] Grassy Terrain
|-heal|p2b: Kingambit|78/100 brn|[from] Grassy Terrain
|-damage|p2a: Sneasler|95/100 brn|[from] brn
|-damage|p2b: Kingambit|72/100 brn|[from] brn
|-sideend|p1: the crimson wooper|move: Tailwind
|-fieldend|move: Grassy Terrain
|upkeep
|turn|6
|
|t:|1756840316
|move|p1a: Talonflame|Tailwind|p1a: Talonflame
|-sidestart|p1: the crimson wooper|move: Tailwind
|move|p1b: Ursaluna|Hyper Voice|p2b: Kingambit|[spread] p2a,p2b
|-resisted|p2b: Kingambit
|-damage|p2a: Sneasler|8/100 brn
|-damage|p2b: Kingambit|39/100 brn
|-damage|p1b: Ursaluna|91/100|[from] item: Life Orb
|move|p2a: Sneasler|Dire Claw|p1a: Talonflame
|-damage|p1a: Talonflame|4/100
|move|p2b: Kingambit|Kowtow Cleave|p1b: Ursaluna
|-damage|p1b: Ursaluna|29/100
|
|-damage|p2a: Sneasler|2/100 brn|[from] brn
|-damage|p2b: Kingambit|33/100 brn|[from] brn
|upkeep
|turn|7
|inactive|FALL3N_DWN has 30 seconds left.
|
|t:|1756840344
|move|p2b: Kingambit|Sucker Punch|p1b: Ursaluna
|-damage|p1b: Ursaluna|0 fnt
|faint|p1b: Ursaluna
|move|p1a: Talonflame|Flare Blitz|p2b: Kingambit
|-supereffective|p2b: Kingambit
|-damage|p2b: Kingambit|0 fnt
|faint|p2b: Kingambit
|-damage|p1a: Talonflame|0 fnt|[from] Recoil
|faint|p1a: Talonflame
|move|p2a: Sneasler|Dire Claw|p1: Talonflame|[notarget]
|-fail|p2a: Sneasler
|
|-damage|p2a: Sneasler|0 fnt|[from] brn
|faint|p2a: Sneasler
|
|win|the crimson wooper
||FALL3N_DWN is ready for game 2.
||the crimson wooper is ready for game 2.
|uhtml|next|Next: Game 2 of 3
|l|☆the crimson wooper
|player|p1|
