|j|☆rainisgame
|j|☆lordtentacle69
|html|rainisgamelordtentacle69    
|uhtml|bestof|Game 3 of a best-of-3
|t:|1784870549
|gametype|doubles
|player|p1|rainisgame|266|1463
|player|p2|lordtentacle69|corbeau|1403
|gen|9
|tier|[Gen 9 Champions] VGC 2026 Reg M-B (Bo3)
|rated|
|rule|Species Clause: Limit one of each Pokémon
|rule|Item Clause: Limit 1 of each item
|clearpoke
|poke|p1|Charizard, L50, M|
|poke|p1|Venusaur, L50, F|
|poke|p1|Grimmsnarl, L50, M|
|poke|p1|Basculegion, L50, M|
|poke|p1|Archaludon, L50, M|
|poke|p1|Pelipper, L50, F|
|poke|p2|Delphox, L50, M|
|poke|p2|Incineroar, L50, M|
|poke|p2|Maushold-Four, L50|
|poke|p2|Sinistcha, L50|
|poke|p2|Sneasler, L50, F|
|poke|p2|Blastoise, L50, M|
|teampreview|4
|showteam|p1|Charizard||CharizarditeY|Blaze|WeatherBall,HeatWave,SolarBeam,Protect|Timid||M|||50|]Venusaur||FocusSash|Chlorophyll|EarthPower,SludgeBomb,SleepPowder,Protect|Timid||F|||50|]Grimmsnarl||LightClay|Prankster|SpiritBreak,LightScreen,Reflect,PartingShot|Sassy||M|||50|]Basculegion||ChoiceScarf|Adaptability|WaveCrash,FlipTurn,LastRespects,AquaJet|Jolly||M|||50|]Archaludon||Leftovers|Stamina|ElectroShot,DragonPulse,FlashCannon,Protect|Calm||M|||50|]Pelipper||SitrusBerry|Drizzle|WeatherBall,Hurricane,Tailwind,WideGuard|Modest||F|||50|
|showteam|p2|Delphox||Delphoxite|Blaze|HeatWave,Psychic,NastyPlot,Protect|Timid||M|||50|]Incineroar||SitrusBerry|Intimidate|FakeOut,PartingShot,FlareBlitz,ThroatChop|Impish||M|||50|]Maushold-Four||ChopleBerry|FriendGuard|Feint,HelpingHand,Protect,FollowMe|Impish|||||50|]Sinistcha||ColburBerry|Hospitality|Protect,MatchaGotcha,TrickRoom,RagePowder|Bold|||||50|]Sneasler||FocusSash|PoisonTouch|CloseCombat,PoisonJab,QuickGuard,FakeOut|Adamant||F|||50|]Blastoise||Blastoisinite|RainDish|Protect,WaterSpout,DarkPulse,ShellSmash|Timid||M|||50|
|
|t:|1784870574
|teamsize|p1|4
|teamsize|p2|4
|start
|switch|p1a: Basculegion|Basculegion, L50, M|100/100
|switch|p1b: Pelipper|Pelipper, L50, F|100/100
|switch|p2a: Mbappe|Blastoise, L50, M|100/100
|switch|p2b: Gochujang|Incineroar, L50, M|100/100
|-weather|RainDance|[from] ability: Drizzle|[of] p1b: Pelipper
|-ability|p2b: Gochujang|Intimidate|boost
|-unboost|p1a: Basculegion|atk|1
|-unboost|p1b: Pelipper|atk|1
|turn|1
|
|t:|1784870582
|detailschange|p2a: Mbappe|Blastoise-Mega, L50, M
|-mega|p2a: Mbappe|Blastoise|Blastoisinite
|move|p2b: Gochujang|Fake Out|p1b: Pelipper
|-damage|p1b: Pelipper|87/100
|move|p1a: Basculegion|Wave Crash|p2b: Gochujang
|-supereffective|p2b: Gochujang|1
|-damage|p2b: Gochujang|0 fnt
|faint|p2b: Gochujang
|-damage|p1a: Basculegion|67/100|[from] Recoil
|move|p2a: Mbappe|Shell Smash|p2a: Mbappe
|-unboost|p2a: Mbappe|def|1
|-unboost|p2a: Mbappe|spd|1
|-boost|p2a: Mbappe|atk|2
|-boost|p2a: Mbappe|spa|2
|-boost|p2a: Mbappe|spe|2
|cant|p1b: Pelipper|flinch
|
|-weather|RainDance|[upkeep]
|upkeep
|
|t:|1784870598
|switch|p2b: Green Day|Sinistcha, L50|100/100
|turn|2
|
|t:|1784870608
|move|p2b: Green Day|Rage Powder|p2b: Green Day
|-singleturn|p2b: Green Day|move: Rage Powder
|move|p2a: Mbappe|Dark Pulse|p1b: Pelipper
|-damage|p1b: Pelipper|0 fnt
|faint|p1b: Pelipper
|move|p1a: Basculegion|Wave Crash|p2b: Green Day
|-resisted|p2b: Green Day|1
|-damage|p2b: Green Day|73/100
|-damage|p1a: Basculegion|60/100|[from] Recoil
|
|-weather|RainDance|[upkeep]
|upkeep
|
|t:|1784870613
|switch|p1b: Charizard|Charizard, L50, M|100/100
|turn|3
|
|t:|1784870628
|move|p1b: Charizard|Protect|p1b: Charizard
|-singleturn|p1b: Charizard|Protect
|move|p2b: Green Day|Rage Powder|p2b: Green Day
|-singleturn|p2b: Green Day|move: Rage Powder
|move|p2a: Mbappe|Dark Pulse|p1a: Basculegion
|-supereffective|p1a: Basculegion|1
|-damage|p1a: Basculegion|0 fnt
|faint|p1a: Basculegion
|
|-weather|RainDance|[upkeep]
|upkeep
|
|t:|1784870630
|switch|p1a: Venusaur|Venusaur, L50, F|100/100
|turn|4
|
|t:|1784870654
|detailschange|p1b: Charizard|Charizard-Mega-Y, L50, M
|-mega|p1b: Charizard|Charizard|Charizardite Y
|-weather|SunnyDay|[from] ability: Drought|[of] p1b: Charizard
|move|p2a: Mbappe|Protect|p2a: Mbappe
|-singleturn|p2a: Mbappe|Protect
|move|p1a: Venusaur|Sludge Bomb|p2a: Mbappe
|-activate|p2a: Mbappe|move: Protect
|move|p1b: Charizard|Weather Ball|p2b: Green Day
|-supereffective|p2b: Green Day|1
|-damage|p2b: Green Day|0 fnt
|faint|p2b: Green Day
|
|-weather|SunnyDay|[upkeep]
|upkeep
|
|t:|1784870666
|switch|p2b: MMCH|Maushold-Four, L50|100/100
|turn|5
|
|t:|1784870683
|move|p1b: Charizard|Protect|p1b: Charizard
|-singleturn|p1b: Charizard|Protect
|move|p2b: MMCH|Follow Me|p2b: MMCH
|-singleturn|p2b: MMCH|move: Follow Me
|move|p1a: Venusaur|Sleep Powder|p2b: MMCH
|-status|p2b: MMCH|slp|[from] move: Sleep Powder
|move|p2a: Mbappe|Shell Smash|p2a: Mbappe
|-unboost|p2a: Mbappe|def|1
|-unboost|p2a: Mbappe|spd|1
|-boost|p2a: Mbappe|atk|2
|-boost|p2a: Mbappe|spa|2
|-boost|p2a: Mbappe|spe|2
|
|-weather|SunnyDay|[upkeep]
|upkeep
|turn|6
|
|t:|1784870695
|move|p2a: Mbappe|Protect|p2a: Mbappe
|-singleturn|p2a: Mbappe|Protect
|cant|p2b: MMCH|slp
|move|p1a: Venusaur|Sludge Bomb|p2a: Mbappe
|-activate|p2a: Mbappe|move: Protect
|move|p1b: Charizard|Heat Wave|p2a: Mbappe|[spread] p2b
|-activate|p2a: Mbappe|move: Protect
|-damage|p2b: MMCH|40/100 slp
|
|-weather|SunnyDay|[upkeep]
|upkeep
|turn|7
|
|t:|1784870713
|cant|p2b: MMCH|slp
|move|p2a: Mbappe|Water Spout|p1a: Venusaur|[spread] p1a,p1b
|-resisted|p1a: Venusaur|1
|-supereffective|p1b: Charizard|1
|-damage|p1a: Venusaur|45/100
|-damage|p1b: Charizard|0 fnt
|faint|p1b: Charizard
|move|p1a: Venusaur|Sludge Bomb|p2a: Mbappe
|-damage|p2a: Mbappe|39/100
|
|-weather|SunnyDay|[upkeep]
|upkeep
|turn|8
|
|t:|1784870729
|-curestatus|p2b: MMCH|slp|[msg]
|move|p2b: MMCH|Follow Me|p2b: MMCH
|-singleturn|p2b: MMCH|move: Follow Me
|move|p2a: Mbappe|Dark Pulse|p1a: Venusaur
|-damage|p1a: Venusaur|0 fnt
|faint|p1a: Venusaur
|
|win|lordtentacle69
|raw|rainisgame's rating: 1463 → 1440(-23 for losing)
|raw|lordtentacle69's rating: 1403 → 1426(+23 for winning)
|l|☆rainisgame
|player|p1|
