|j|☆Pumpkinman
|j|☆Lacossg
|html|PumpkinmanLacossg    
|uhtml|bestof|Game 3 of a best-of-3
|t:|1756937659
|gametype|doubles
|player|p1|Pumpkinman|cyclist-gen4|1168
|player|p2|Lacossg|170|1145
|gen|9
|tier|[Gen 9] VGC 2025 Reg H (Bo3)
|rated|
|rule|Species Clause: Limit one of each Pokémon
|rule|Item Clause: Limit 1 of each item
|clearpoke
|poke|p1|Charizard, L50, M|
|poke|p1|Torkoal, L50, M|
|poke|p1|Porygon2, L50|
|poke|p1|Incineroar, L50, F|
|poke|p1|Jumpluff, L50, F|
|poke|p1|Ursaluna, L50, M|
|poke|p2|Corviknight, L50, F|
|poke|p2|Chesnaught, L50, F|
|poke|p2|Tyranitar, L50, F|
|poke|p2|Porygon2, L50|
|poke|p2|Volcarona, L50, F|
|poke|p2|Ursaluna, L50, M|
|teampreview|4
|showteam|p1|Charizard||ChoiceSpecs|SolarPower|HeatWave,Overheat,WeatherBall,AirSlash|||M|||50|,,,,,Ghost]Torkoal||EjectPack|Drought|Eruption,Overheat,HelpingHand,Protect|||M|||50|,,,,,Fire]Porygon2||Eviolite|Download|TeraBlast,IceBeam,Recover,TrickRoom||||||50|,,,,,Fighting]Incineroar||SitrusBerry|Intimidate|FlareBlitz,KnockOff,FakeOut,PartingShot|||F|||50|,,,,,Ghost]Jumpluff||CovertCloak|Chlorophyll|SleepPowder,SunnyDay,RagePowder,Tailwind|||F|||50|,,,,,Water]Ursaluna||FlameOrb|Guts|HeadlongRush,Facade,Earthquake,Protect|||M|||50|,,,,,Ghost
|showteam|p2|Corviknight||CovertCloak|MirrorArmor|Tailwind,Taunt,BraveBird,Roost|||F|||50|,,,,,Dragon]Chesnaught||Leftovers|Bulletproof|WideGuard,BodyPress,Protect,IronDefense|||F|||50|,,,,,Fairy]Tyranitar||FocusSash|SandStream|RockSlide,KnockOff,TeraBlast,Protect|||F|||50|,,,,,Grass]Porygon2||Eviolite|Download|TeraBlast,IceBeam,TrickRoom,Recover||||||50|,,,,,Flying]Volcarona||SitrusBerry|FlameBody|QuiverDance,FieryDance,GigaDrain,Protect|||F|||50|,,,,,Grass]Ursaluna||FlameOrb|Guts|HeadlongRush,Facade,Substitute,Protect|||M|||50|,,,,,Ghost
|inactive|Battle timer is ON: inactive players will automatically lose when time's up. (requested by Pumpkinman)
|inactive|Pumpkinman has 60 seconds left.
|
|t:|1756937696
|teamsize|p1|4
|teamsize|p2|4
|start
|switch|p1a: canar|Porygon2, L50|100/100
|switch|p1b: féchô|Charizard, L50, M|100/100
|switch|p2a: Porygon2|Porygon2, L50|100/100
|switch|p2b: Ursaluna|Ursaluna, L50, M|100/100
|-ability|p1a: canar|Download|boost
|-boost|p1a: canar|spa|1
|-ability|p2a: Porygon2|Download|boost
|-boost|p2a: Porygon2|atk|1
|turn|1
|inactive|Pumpkinman has 30 seconds left.
|inactive|Lacossg has 30 seconds left.
|inactive|Pumpkinman has 20 seconds left.
|inactive|Pumpkinman has 15 seconds left.
|
|t:|1756937739
|switch|p1a: tortu|Torkoal, L50, M|100/100
|-weather|SunnyDay|[from] ability: Drought|[of] p1a: tortu
|move|p2b: Ursaluna|Protect|p2b: Ursaluna
|-singleturn|p2b: Ursaluna|Protect
|move|p1b: féchô|Heat Wave|p2b: Ursaluna|[spread] p2a
|-activate|p2b: Ursaluna|move: Protect
|-damage|p2a: Porygon2|33/100
|move|p2a: Porygon2|Tera Blast|p1b: féchô
|-damage|p1b: féchô|57/100
|
|-weather|SunnyDay|[upkeep]
|-damage|p1b: féchô|45/100|[from] ability: Solar Power|[of] p1b: féchô
|-status|p2b: Ursaluna|brn|[from] item: Flame Orb
|upkeep
|turn|2
|inactive|Pumpkinman has 30 seconds left.
|
|t:|1756937772
|switch|p2a: Tyranitar|Tyranitar, L50, F|100/100
|-weather|Sandstorm|[from] ability: Sand Stream|[of] p2a: Tyranitar
|move|p1a: tortu|Helping Hand|p1b: féchô
|-singleturn|p1b: féchô|Helping Hand|[of] p1a: tortu
|move|p1b: féchô|Heat Wave|p2a: Tyranitar|[spread] p2a,p2b
|-resisted|p2a: Tyranitar
|-damage|p2a: Tyranitar|78/100
|-damage|p2b: Ursaluna|39/100 brn
|move|p2b: Ursaluna|Headlong Rush|p1a: tortu
|-supereffective|p1a: tortu
|-damage|p1a: tortu|0 fnt
|-unboost|p2b: Ursaluna|def|1
|-unboost|p2b: Ursaluna|spd|1
|faint|p1a: tortu
|
|-weather|Sandstorm|[upkeep]
|-damage|p1b: féchô|39/100|[from] Sandstorm
|-damage|p2b: Ursaluna|33/100 brn|[from] brn
|upkeep
|inactive|Pumpkinman has 30 seconds left.
|
|t:|1756937805
|switch|p1a: plant|Jumpluff, L50, F|100/100
|turn|3
|inactive|Pumpkinman has 30 seconds left.
|inactive|Pumpkinman has 20 seconds left.
|
|t:|1756937840
|move|p2a: Tyranitar|Protect|p2a: Tyranitar
|-singleturn|p2a: Tyranitar|Protect
|move|p1a: plant|Sunny Day|p1a: plant
|-weather|SunnyDay
|move|p1b: féchô|Heat Wave|p2b: Ursaluna|[spread] p2b
|-activate|p2a: Tyranitar|move: Protect
|-damage|p2b: Ursaluna|0 fnt
|faint|p2b: Ursaluna
|
|-weather|SunnyDay|[upkeep]
|-damage|p1b: féchô|27/100|[from] ability: Solar Power|[of] p1b: féchô
|upkeep
|
|t:|1756937847
|switch|p2b: Chesnaught|Chesnaught, L50, F|100/100
|turn|4
|
|t:|1756937869
|-terastallize|p2a: Tyranitar|Grass
|move|p2b: Chesnaught|Wide Guard|p2b: Chesnaught
|-singleturn|p2b: Chesnaught|Wide Guard
|move|p1a: plant|Sleep Powder|p2a: Tyranitar
|-immune|p2a: Tyranitar
|move|p1b: féchô|Heat Wave|p2a: Tyranitar|[spread] 
|-activate|p2a: Tyranitar|move: Wide Guard
|-activate|p2b: Chesnaught|move: Wide Guard
|move|p2a: Tyranitar|Rock Slide|p1a: plant|[spread] p1a,p1b
|-supereffective|p1a: plant
|-supereffective|p1b: féchô
|-damage|p1a: plant|28/100
|-damage|p1b: féchô|0 fnt
|faint|p1b: féchô
|
|-weather|SunnyDay|[upkeep]
|upkeep
|
|t:|1756937874
|switch|p1b: canar|Porygon2, L50|100/100
|-ability|p1b: canar|Download|boost
|-boost|p1b: canar|spa|1
|turn|5
|inactive|Pumpkinman has 30 seconds left.
|inactive|Pumpkinman has 20 seconds left.
|
|t:|1756937909
|-terastallize|p1b: canar|Fighting
|move|p1a: plant|Tailwind|p1a: plant
|-sidestart|p1: Pumpkinman|move: Tailwind
|move|p1b: canar|Ice Beam|p2a: Tyranitar
|-supereffective|p2a: Tyranitar
|-damage|p2a: Tyranitar|0 fnt
|faint|p2a: Tyranitar
|move|p2b: Chesnaught|Iron Defense|p2b: Chesnaught
|-boost|p2b: Chesnaught|def|2
|
|-weather|SunnyDay|[upkeep]
|upkeep
|
|t:|1756937919
|switch|p2a: Porygon2|Porygon2, L50|33/100
|-ability|p2a: Porygon2|Download|boost
|-boost|p2a: Porygon2|atk|1
|turn|6
|inactive|Pumpkinman has 30 seconds left.
|
|t:|1756937945
|move|p1a: plant|Sleep Powder|p2a: Porygon2
|-status|p2a: Porygon2|slp|[from] move: Sleep Powder
|move|p1b: canar|Ice Beam|p2b: Chesnaught
|-supereffective|p2b: Chesnaught
|-damage|p2b: Chesnaught|32/100
|move|p2b: Chesnaught|Body Press|p1b: canar
|-damage|p1b: canar|50/100
|cant|p2a: Porygon2|slp
|
|-weather|SunnyDay|[upkeep]
|-heal|p2b: Chesnaught|38/100|[from] item: Leftovers
|upkeep
|turn|7
|inactive|Pumpkinman has 30 seconds left.
|
|t:|1756937980
|move|p2b: Chesnaught|Protect|p2b: Chesnaught
|-singleturn|p2b: Chesnaught|Protect
|move|p1a: plant|Rage Powder|p1a: plant
|-singleturn|p1a: plant|move: Rage Powder
|move|p1b: canar|Ice Beam|p2b: Chesnaught
|-activate|p2b: Chesnaught|move: Protect
|cant|p2a: Porygon2|slp
|
|-weather|none
|-heal|p2b: Chesnaught|44/100|[from] item: Leftovers
|upkeep
|turn|8
|
|t:|1756937999
|move|p2b: Chesnaught|Protect||[still]
|-fail|p2b: Chesnaught
|move|p1a: plant|Rage Powder|p1a: plant
|-singleturn|p1a: plant|move: Rage Powder
|move|p1b: canar|Ice Beam|p2b: Chesnaught
|-supereffective|p2b: Chesnaught
|-damage|p2b: Chesnaught|0 fnt
|faint|p2b: Chesnaught
|cant|p2a: Porygon2|slp
|
|-sideend|p1: Pumpkinman|move: Tailwind
|upkeep
|turn|9
|
|t:|1756938010
|move|p1a: plant|Rage Powder|p1a: plant
|-singleturn|p1a: plant|move: Rage Powder
|move|p1b: canar|Tera Blast|p2a: Porygon2|[anim] Tera Blast Fighting
|-supereffective|p2a: Porygon2
|-damage|p2a: Porygon2|0 fnt
|faint|p2a: Porygon2
|
|win|Pumpkinman
|raw|Pumpkinman's rating: 1168 → 1191(+23 for winning)
|raw|Lacossg's rating: 1145 → 1122(-23 for losing)
|l|☆Pumpkinman
|player|p1|
|l|☆Lacossg
|player|p2|
|j|☆Pumpkinman
|player|p1|Pumpkinman|cyclist-gen4|
