|j|☆Jompinhans
|j|☆CretaceousDraconid
|html|JompinhansCretaceousDraconid    
|uhtml|bestof|Game 2 of a best-of-3
|t:|1757905340
|gametype|doubles
|player|p1|Jompinhans|265|1096
|player|p2|CretaceousDraconid|zinnia-masters|1140
|gen|9
|tier|[Gen 9] VGC 2025 Reg H (Bo3)
|rated|
|rule|Species Clause: Limit one of each Pokémon
|rule|Item Clause: Limit 1 of each item
|clearpoke
|poke|p1|Talonflame, L50, M|
|poke|p1|Incineroar, L50, M|
|poke|p1|Gholdengo, L50|
|poke|p1|Gallade, L50, M|
|poke|p1|Sinistcha-Masterpiece, L50|
|poke|p1|Electabuzz, L50, M|
|poke|p2|Rillaboom, L50, F|
|poke|p2|Arcanine-Hisui, L50, M|
|poke|p2|Salamence, L50, F|
|poke|p2|Garchomp, L50, F|
|poke|p2|Sneasler, L50, M|
|poke|p2|Kingambit, L50, F|
|teampreview|4
|showteam|p1|Talonflame||CovertCloak|GaleWings|DualWingbeat,Tailwind,Taunt,WillOWisp|||M|||50|,,,,,Grass]Incineroar||AssaultVest|Intimidate|FlareBlitz,KnockOff,FakeOut,Uturn|||M|||50|,,,,,Ghost]Gholdengo||LifeOrb|GoodasGold|NastyPlot,Protect,ShadowBall,MakeItRain||||||50|,,,,,Steel]Gallade||ClearAmulet|Sharpness|Protect,TrickRoom,PsychoCut,SacredSword|||M|||50|,,,,,Dark]Sinistcha-Masterpiece||Leftovers|Hospitality|MatchaGotcha,Scald,Protect,CalmMind||||||50|,,,,,Water]Electabuzz||Eviolite|VitalSpirit|FollowMe,Taunt,HelpingHand,Electroweb|||M|||50|,,,,,Ghost
|showteam|p2|Rillaboom||AssaultVest|GrassySurge|FakeOut,HighHorsepower,GrassyGlide,WoodHammer|||F|||50|,,,,,Fire]Arcanine-Hisui||ClearAmulet|Intimidate|ExtremeSpeed,RockSlide,FlareBlitz,Protect|||M|||50|,,,,,Normal]Salamence||CovertCloak|Intimidate|Hurricane,Tailwind,DracoMeteor,Protect|||F|||50|,,,,,Steel]Garchomp||LoadedDice|RoughSkin|StompingTantrum,Earthquake,ScaleShot,Protect|||F|||50|,,,,,Fairy]Sneasler||FocusSash|PoisonTouch|DireClaw,CloseCombat,Coaching,Protect|||M|||50|,,,,,Fairy]Kingambit||BlackGlasses|Defiant|KowtowCleave,LowKick,SuckerPunch,Protect|||F|||50|,,,,,Dark
|
|t:|1757905398
|teamsize|p1|4
|teamsize|p2|4
|start
|switch|p1a: Electabuzz|Electabuzz, L50, M|100/100
|switch|p1b: Gholdengo|Gholdengo, L50|100/100
|switch|p2a: Arcanine|Arcanine-Hisui, L50, M|100/100
|switch|p2b: Salamence|Salamence, L50, F|100/100
|-ability|p2b: Salamence|Intimidate|boost
|-unboost|p1a: Electabuzz|atk|1
|-unboost|p1b: Gholdengo|atk|1
|-ability|p2a: Arcanine|Intimidate|boost
|-unboost|p1a: Electabuzz|atk|1
|-unboost|p1b: Gholdengo|atk|1
|turn|1
|
|t:|1757905420
|move|p1b: Gholdengo|Protect|p1b: Gholdengo
|-singleturn|p1b: Gholdengo|Protect
|move|p1a: Electabuzz|Electroweb|p2a: Arcanine|[spread] p2a,p2b
|-damage|p2a: Arcanine|85/100
|-damage|p2b: Salamence|81/100
|move|p2b: Salamence|Draco Meteor|p1a: Electabuzz
|-damage|p1a: Electabuzz|51/100
|-unboost|p2b: Salamence|spa|2
|move|p2a: Arcanine|Flare Blitz|p1a: Electabuzz
|-damage|p1a: Electabuzz|0 fnt
|faint|p1a: Electabuzz
|-damage|p2a: Arcanine|70/100|[from] Recoil
|
|upkeep
|
|t:|1757905436
|switch|p1a: Gallade|Gallade, L50, M|100/100
|turn|2
|
|t:|1757905453
|switch|p1b: Incineroar|Incineroar, L50, M|100/100
|-ability|p1b: Incineroar|Intimidate|boost
|-fail|p2a: Arcanine|unboost|[from] item: Clear Amulet|[of] p2a: Arcanine
|-unboost|p2b: Salamence|atk|1
|move|p2b: Salamence|Hurricane|p1a: Gallade|[miss]
|-miss|p2b: Salamence|p1a: Gallade
|move|p2a: Arcanine|Flare Blitz|p1b: Incineroar
|-resisted|p1b: Incineroar
|-damage|p1b: Incineroar|72/100
|-damage|p2a: Arcanine|59/100|[from] Recoil
|move|p1a: Gallade|Psycho Cut|p2b: Salamence
|-damage|p2b: Salamence|12/100
|
|upkeep
|turn|3
|
|t:|1757905476
|switch|p2b: Rillaboom|Rillaboom, L50, F|100/100
|-fieldstart|move: Grassy Terrain|[from] ability: Grassy Surge|[of] p2b: Rillaboom
|move|p2a: Arcanine|Protect|p2a: Arcanine
|-singleturn|p2a: Arcanine|Protect
|move|p1b: Incineroar|Fake Out|p2b: Rillaboom
|-damage|p2b: Rillaboom|86/100
|move|p1a: Gallade|Sacred Sword|p2a: Arcanine
|-activate|p2a: Arcanine|move: Protect
|
|-heal|p2a: Arcanine|65/100|[from] Grassy Terrain
|-heal|p2b: Rillaboom|92/100|[from] Grassy Terrain
|-heal|p1b: Incineroar|78/100|[from] Grassy Terrain
|upkeep
|turn|4
|
|t:|1757905504
|switch|p1a: Gholdengo|Gholdengo, L50|100/100
|-terastallize|p1b: Incineroar|Ghost
|move|p2a: Arcanine|Rock Slide|p1a: Gholdengo|[spread] p1a,p1b
|-resisted|p1a: Gholdengo
|-damage|p1a: Gholdengo|87/100
|-damage|p1b: Incineroar|51/100
|move|p2b: Rillaboom|Wood Hammer|p1a: Gholdengo
|-resisted|p1a: Gholdengo
|-damage|p1a: Gholdengo|49/100
|-damage|p2b: Rillaboom|81/100|[from] Recoil
|move|p1b: Incineroar|Flare Blitz|p2b: Rillaboom
|-supereffective|p2b: Rillaboom
|-damage|p2b: Rillaboom|0 fnt
|faint|p2b: Rillaboom
|-damage|p1b: Incineroar|24/100|[from] Recoil
|
|-heal|p2a: Arcanine|71/100|[from] Grassy Terrain
|-heal|p1a: Gholdengo|56/100|[from] Grassy Terrain
|-heal|p1b: Incineroar|30/100|[from] Grassy Terrain
|upkeep
|
|t:|1757905521
|switch|p2b: Kingambit|Kingambit, L50, F|100/100
|turn|5
|
|t:|1757905541
|move|p2a: Arcanine|Flare Blitz|p1b: Incineroar
|-damage|p1b: Incineroar|0 fnt
|faint|p1b: Incineroar
|-damage|p2a: Arcanine|60/100|[from] Recoil
|move|p1a: Gholdengo|Make It Rain|p2b: Kingambit|[spread] p2a,p2b
|-resisted|p2b: Kingambit
|-damage|p2a: Arcanine|0 fnt
|-damage|p2b: Kingambit|67/100
|-unboost|p1a: Gholdengo|spa|1
|faint|p2a: Arcanine
|-damage|p1a: Gholdengo|46/100|[from] item: Life Orb
|move|p2b: Kingambit|Kowtow Cleave|p1a: Gholdengo
|-supereffective|p1a: Gholdengo
|-damage|p1a: Gholdengo|0 fnt
|faint|p1a: Gholdengo
|
|-heal|p2b: Kingambit|72/100|[from] Grassy Terrain
|upkeep
|
|t:|1757905561
|switch|p2a: Salamence|Salamence, L50, F|12/100
|switch|p1b: Gallade|Gallade, L50, M|100/100
|-ability|p2a: Salamence|Intimidate|boost
|-fail|p1b: Gallade|unboost|[from] item: Clear Amulet|[of] p1b: Gallade
|turn|6
|
|t:|1757905569
|-terastallize|p2b: Kingambit|Dark
|move|p2b: Kingambit|Sucker Punch|p1b: Gallade
|-damage|p1b: Gallade|18/100
|move|p2a: Salamence|Hurricane|p1b: Gallade
|-supereffective|p1b: Gallade
|-damage|p1b: Gallade|0 fnt
|faint|p1b: Gallade
|
|win|CretaceousDraconid
|raw|Jompinhans's rating: 1096 → 1075(-21 for losing)
|raw|CretaceousDraconid's rating: 1140 → 1162(+22 for winning)
|l|☆Jompinhans
|player|p1|
