|j|☆FIREB7798
|j|☆edhen
|html|FIREB7798edhen    
|uhtml|bestof|Game 1 of a best-of-3
|t:|1756833823
|gametype|doubles
|player|p1|FIREB7798|clerkf|1138
|player|p2|edhen|clair|1231
|gen|9
|tier|[Gen 9] VGC 2025 Reg H (Bo3)
|rated|
|rule|Species Clause: Limit one of each Pokémon
|rule|Item Clause: Limit 1 of each item
|clearpoke
|poke|p1|Meowstic, L50, M|
|poke|p1|Volcarona, L50, F|
|poke|p1|Electabuzz, L50, F|
|poke|p1|Garchomp, L50, M|
|poke|p1|Primarina, L50, F|
|poke|p1|Gholdengo, L50|
|poke|p2|Politoed, L50, F|
|poke|p2|Archaludon, L50, F|
|poke|p2|Comfey, L50, M|
|poke|p2|Rillaboom, L50, M|
|poke|p2|Basculegion, L50, M|
|poke|p2|Kilowattrel, L50, F|
|teampreview|4
|showteam|p1|Meowstic||EjectButton|Prankster|FakeOut,LightScreen,Reflect,SunnyDay|||M|||50|,,,,,Dark]Volcarona||SitrusBerry|FlameBody|HeatWave,BugBuzz,Protect,QuiverDance|||F|||50|,,,,,Water]Electabuzz||Eviolite|VitalSpirit|Protect,Electroweb,Thunderbolt,FollowMe|||F|||50|,,,,,Ghost]Garchomp||ClearAmulet|RoughSkin|DragonClaw,RockSlide,StompingTantrum,Protect|||M|||50|,,,,,Steel]Primarina||LifeOrb|LiquidVoice|Moonblast,HyperVoice,Protect,Haze|||F|||50|,,,,,Poison]Gholdengo||ChoiceScarf|GoodasGold|MakeItRain,ShadowBall,Trick,Thunderbolt||||||50|,,,,,Steel
|showteam|p2|Politoed||CovertCloak|Drizzle|Protect,MuddyWater,PerishSong,Haze|||F|||50|,,,,,Poison]Archaludon||AssaultVest|Stamina|ElectroShot,BodyPress,FlashCannon,DragonPulse|||F|||50|,,,,,Grass]Comfey||WikiBerry|Triage|Protect,FloralHealing,DrainingKiss,Taunt|||M|||50|,,,,,Steel]Rillaboom||LoadedDice|GrassySurge|BulletSeed,GrassyGlide,FakeOut,HighHorsepower|||M|||50|,,,,,Water]Basculegion||ChoiceBand|SwiftSwim|LastRespects,WaveCrash,AquaJet,FlipTurn|||M|||50|,,,,,Water]Kilowattrel||FocusSash|WindPower|Tailwind,Protect,Hurricane,VoltSwitch|||F|||50|,,,,,Electric
|
|t:|1756833886
|teamsize|p1|4
|teamsize|p2|4
|start
|switch|p1a: Meowstic|Meowstic, L50, M|100/100
|switch|p1b: Volcarona|Volcarona, L50, F|100/100
|switch|p2a: Basculegion|Basculegion, L50, M|100/100
|switch|p2b: Kilowattrel|Kilowattrel, L50, F|100/100
|turn|1
|
|t:|1756833911
|-terastallize|p1b: Volcarona|Water
|move|p1a: Meowstic|Fake Out|p2b: Kilowattrel
|-damage|p2b: Kilowattrel|92/100
|cant|p2b: Kilowattrel|flinch
|move|p1b: Volcarona|Quiver Dance|p1b: Volcarona
|-boost|p1b: Volcarona|spa|1
|-boost|p1b: Volcarona|spd|1
|-boost|p1b: Volcarona|spe|1
|move|p2a: Basculegion|Flip Turn|p1b: Volcarona
|-resisted|p1b: Volcarona
|-damage|p1b: Volcarona|70/100
|-status|p2a: Basculegion|brn|[from] ability: Flame Body|[of] p1b: Volcarona
|
|t:|1756833915
|switch|p2a: Politoed|Politoed, L50, F|100/100|[from] Flip Turn
|-weather|RainDance|[from] ability: Drizzle|[of] p2a: Politoed
|
|-weather|RainDance|[upkeep]
|upkeep
|turn|2
|
|t:|1756833944
|move|p1a: Meowstic|Sunny Day|p1a: Meowstic
|-weather|SunnyDay
|move|p1b: Volcarona|Heat Wave|p2a: Politoed|[spread] p2a,p2b
|-resisted|p2a: Politoed
|-crit|p2a: Politoed
|-damage|p2a: Politoed|48/100
|-damage|p2b: Kilowattrel|0 fnt
|faint|p2b: Kilowattrel
|move|p2a: Politoed|Haze|p2a: Politoed
|-clearallboost
|
|-weather|SunnyDay|[upkeep]
|upkeep
|
|t:|1756833950
|switch|p2b: Archaludon|Archaludon, L50, F|100/100
|turn|3
|
|t:|1756833969
|switch|p2a: Basculegion|Basculegion, L50, M|100/100 brn
|move|p1a: Meowstic|Light Screen|p1a: Meowstic
|-sidestart|p1: FIREB7798|move: Light Screen
|move|p1b: Volcarona|Quiver Dance|p1b: Volcarona
|-boost|p1b: Volcarona|spa|1
|-boost|p1b: Volcarona|spd|1
|-boost|p1b: Volcarona|spe|1
|move|p2b: Archaludon|Dragon Pulse|p1a: Meowstic
|-damage|p1a: Meowstic|78/100
|-enditem|p1a: Meowstic|Eject Button
|
|t:|1756833981
|switch|p1a: Electabuzz|Electabuzz, L50, F|100/100
|
|-weather|SunnyDay|[upkeep]
|-damage|p2a: Basculegion|94/100 brn|[from] brn
|upkeep
|turn|4
|
|t:|1756834004
|switch|p2a: Politoed|Politoed, L50, F|48/100
|-weather|RainDance|[from] ability: Drizzle|[of] p2a: Politoed
|move|p1a: Electabuzz|Follow Me|p1a: Electabuzz
|-singleturn|p1a: Electabuzz|move: Follow Me
|move|p1b: Volcarona|Bug Buzz|p2a: Politoed
|-damage|p2a: Politoed|0 fnt
|faint|p2a: Politoed
|move|p2b: Archaludon|Electro Shot||[still]
|-prepare|p2b: Archaludon|Electro Shot
|-boost|p2b: Archaludon|spa|1
|-anim|p2b: Archaludon|Electro Shot|p1a: Electabuzz
|-resisted|p1a: Electabuzz
|-damage|p1a: Electabuzz|83/100
|
|-weather|RainDance|[upkeep]
|upkeep
|
|t:|1756834006
|switch|p2a: Basculegion|Basculegion, L50, M|94/100 brn
|turn|5
|
|t:|1756834029
|move|p1a: Electabuzz|Follow Me|p1a: Electabuzz
|-singleturn|p1a: Electabuzz|move: Follow Me
|move|p2a: Basculegion|Last Respects|p1a: Electabuzz
|-damage|p1a: Electabuzz|22/100
|move|p1b: Volcarona|Bug Buzz|p2a: Basculegion
|-resisted|p2a: Basculegion
|-damage|p2a: Basculegion|56/100 brn
|move|p2b: Archaludon|Electro Shot||[still]
|-prepare|p2b: Archaludon|Electro Shot
|-boost|p2b: Archaludon|spa|1
|-anim|p2b: Archaludon|Electro Shot|p1a: Electabuzz
|-resisted|p1a: Electabuzz
|-damage|p1a: Electabuzz|2/100
|
|-weather|RainDance|[upkeep]
|-damage|p2a: Basculegion|50/100 brn|[from] brn
|upkeep
|turn|6
|
|t:|1756834046
|move|p1b: Volcarona|Protect|p1b: Volcarona
|-singleturn|p1b: Volcarona|Protect
|move|p2a: Basculegion|Last Respects|p1a: Electabuzz
|-crit|p1a: Electabuzz
|-damage|p1a: Electabuzz|0 fnt
|faint|p1a: Electabuzz
|move|p2b: Archaludon|Electro Shot||[still]
|-prepare|p2b: Archaludon|Electro Shot
|-boost|p2b: Archaludon|spa|1
|-anim|p2b: Archaludon|Electro Shot|p1b: Volcarona
|-activate|p1b: Volcarona|move: Protect
|
|-weather|RainDance|[upkeep]
|-damage|p2a: Basculegion|44/100 brn|[from] brn
|upkeep
|
|t:|1756834057
|switch|p1a: Meowstic|Meowstic, L50, M|78/100
|turn|7
|
|t:|1756834068
|move|p1a: Meowstic|Sunny Day|p1a: Meowstic
|-weather|SunnyDay
|move|p1b: Volcarona|Heat Wave|p2a: Basculegion|[spread] p2a,p2b
|-resisted|p2a: Basculegion
|-damage|p2a: Basculegion|0 fnt
|-damage|p2b: Archaludon|41/100
|-ability|p2b: Archaludon|Stamina|boost
|-boost|p2b: Archaludon|def|1
|faint|p2a: Basculegion
|move|p2b: Archaludon|Dragon Pulse|p1b: Volcarona
|-damage|p1b: Volcarona|25/100
|-enditem|p1b: Volcarona|Sitrus Berry|[eat]
|-heal|p1b: Volcarona|50/100|[from] item: Sitrus Berry
|
|-weather|SunnyDay|[upkeep]
|-sideend|p1: FIREB7798|move: Light Screen
|upkeep
|turn|8
|
|t:|1756834079
|move|p1a: Meowstic|Light Screen|p1a: Meowstic
|-sidestart|p1: FIREB7798|move: Light Screen
|move|p1b: Volcarona|Heat Wave|p2b: Archaludon
|-damage|p2b: Archaludon|0 fnt
|faint|p2b: Archaludon
|
|win|FIREB7798
||edhen is ready for game 2.
||FIREB7798 is ready for game 2.
|uhtml|next|Next: Game 2 of 3
|l|☆FIREB7798
|player|p1|
|j|☆FIREB7798
|player|p1|FIREB7798|clerkf|
