|j|☆pandagolin
|j|☆battle sim trainer
|html|pandagolinbattle sim trainer    
|uhtml|bestof|Game 2 of a best-of-3
|t:|1783611467
|gametype|doubles
|player|p1|pandagolin|1|1115
|player|p2|battle sim trainer|turo|1152
|gen|9
|tier|[Gen 9 Champions] VGC 2026 Reg M-B (Bo3)
|rated|
|rule|Species Clause: Limit one of each Pokémon
|rule|Item Clause: Limit 1 of each item
|clearpoke
|poke|p1|Incineroar, L50, F|
|poke|p1|Floette-Eternal, L50, F|
|poke|p1|Blastoise, L50, F|
|poke|p1|Sinistcha, L50|
|poke|p1|Sneasler, L50, F|
|poke|p1|Kingambit, L50, M|
|poke|p2|Swampert, L50, M|
|poke|p2|Pelipper, L50, M|
|poke|p2|Archaludon, L50, F|
|poke|p2|Grimmsnarl, L50, M|
|poke|p2|Sinistcha, L50|
|poke|p2|Greninja, L50, F|
|teampreview|4
|showteam|p1|Incineroar||SitrusBerry|Intimidate|FlareBlitz,ThroatChop,FakeOut,PartingShot|Impish||F|||50|]Floette-Eternal||Floettite|FlowerVeil|DazzlingGleam,DrainingKiss,CalmMind,Protect|Modest||F|||50|]Blastoise||Blastoisinite|Torrent|WaterSpout,AuraSphere,ShellSmash,Protect|Modest||F|||50|]Sinistcha||KasibBerry|Hospitality|MatchaGotcha,RagePowder,TrickRoom,LifeDew|Bold|||||50|]Sneasler||WhiteHerb|Unburden|DireClaw,CloseCombat,QuickGuard,FakeOut|Adamant||F|||50|]Kingambit||BlackBelt|Defiant|KowtowCleave,SuckerPunch,SwordsDance,Protect|Adamant||M|||50|
|showteam|p2|Swampert||Swampertite|Damp|WaveCrash,Earthquake,IcePunch,Protect|Adamant||M|||50|]Pelipper||SitrusBerry|Drizzle|Hurricane,WeatherBall,Tailwind,Protect|Modest||M|||50|]Archaludon||Leftovers|Stamina|ElectroShot,DragonPulse,FlashCannon,Protect|Modest||F|||50|]Grimmsnarl||LightClay|Prankster|SpiritBreak,Reflect,LightScreen,PartingShot|Careful||M|||50|]Sinistcha|||Hospitality|LifeDew,MatchaGotcha,TrickRoom,RagePowder|Bold|||||50|]Greninja||FocusSash|Protean|SludgeWave,FlipTurn,WaterShuriken,DarkPulse|Modest||F|||50|
|inactive|Battle timer is ON: inactive players will automatically lose when time's up. (requested by pandagolin)
|inactive|battle sim trainer has 60 seconds left.
|
|t:|1783611513
|teamsize|p1|4
|teamsize|p2|4
|start
|switch|p1a: Sneasler|Sneasler, L50, F|100/100
|switch|p1b: Sinistcha|Sinistcha, L50|100/100
|switch|p2a: Sinistcha|Sinistcha, L50|100/100
|switch|p2b: Swampert|Swampert, L50, M|100/100
|turn|1
|inactive|battle sim trainer has 30 seconds left.
|
|t:|1783611548
|move|p2b: Swampert|Protect|p2b: Swampert
|-singleturn|p2b: Swampert|Protect
|move|p1a: Sneasler|Dire Claw|p2a: Sinistcha
|-damage|p2a: Sinistcha|71/100
|move|p2a: Sinistcha|Matcha Gotcha|p1b: Sinistcha|[spread] p1a,p1b
|-resisted|p1a: Sneasler|1
|-crit|p1a: Sneasler
|-resisted|p1b: Sinistcha|1
|-damage|p1a: Sneasler|77/100
|-heal|p2a: Sinistcha|83/100|[from] drain|[of] p1a: Sneasler
|-damage|p1b: Sinistcha|88/100
|-heal|p2a: Sinistcha|88/100|[from] drain|[of] p1b: Sinistcha
|-status|p1a: Sneasler|brn
|-status|p1b: Sinistcha|brn
|move|p1b: Sinistcha|Matcha Gotcha|p2a: Sinistcha|[spread] p2a
|-activate|p2b: Swampert|move: Protect
|-resisted|p2a: Sinistcha|1
|-damage|p2a: Sinistcha|76/100
|-heal|p1b: Sinistcha|94/100 brn|[from] drain|[of] p2a: Sinistcha
|
|-damage|p1a: Sneasler|72/100 brn|[from] brn
|-damage|p1b: Sinistcha|88/100 brn|[from] brn
|upkeep
|turn|2
|inactive|pandagolin has 30 seconds left.
|inactive|pandagolin has 20 seconds left.
|
|t:|1783611584
|switch|p2b: Pelipper|Pelipper, L50, M|100/100
|-weather|RainDance|[from] ability: Drizzle|[of] p2b: Pelipper
|move|p1a: Sneasler|Dire Claw|p2a: Sinistcha
|-damage|p2a: Sinistcha|62/100
|move|p2a: Sinistcha|Life Dew||[still]|[spread] p2a,p2b
|-heal|p2a: Sinistcha|88/100
|-fail|p2b: Pelipper|heal
|move|p1b: Sinistcha|Matcha Gotcha|p2b: Pelipper|[spread] p2a,p2b
|-resisted|p2a: Sinistcha|1
|-damage|p2a: Sinistcha|73/100
|-heal|p1b: Sinistcha|96/100 brn|[from] drain|[of] p2a: Sinistcha
|-damage|p2b: Pelipper|74/100
|-heal|p1b: Sinistcha|100/100 brn|[from] drain|[of] p2b: Pelipper
|
|-weather|RainDance|[upkeep]
|-damage|p1a: Sneasler|66/100 brn|[from] brn
|-damage|p1b: Sinistcha|93/100 brn|[from] brn
|upkeep
|turn|3
|inactive|pandagolin has 30 seconds left.
|inactive|battle sim trainer has 30 seconds left.
|inactive|battle sim trainer has 20 seconds left.
|inactive|battle sim trainer has 15 seconds left.
|
|t:|1783611625
|switch|p1b: Kingambit|Kingambit, L50, M|100/100
|move|p2a: Sinistcha|Rage Powder|p2a: Sinistcha
|-singleturn|p2a: Sinistcha|move: Rage Powder
|move|p1a: Sneasler|Dire Claw|p2a: Sinistcha
|-damage|p2a: Sinistcha|59/100
|move|p2b: Pelipper|Hurricane|p1b: Kingambit
|-resisted|p1b: Kingambit|1
|-damage|p1b: Kingambit|80/100
|-start|p1b: Kingambit|confusion
|
|-weather|RainDance|[upkeep]
|-damage|p1a: Sneasler|60/100 brn|[from] brn
|upkeep
|turn|4
|
|t:|1783611650
|switch|p2a: Swampert|Swampert, L50, M|100/100
|move|p1a: Sneasler|Dire Claw|p2a: Swampert
|-resisted|p2a: Swampert|1
|-damage|p2a: Swampert|89/100
|-status|p2a: Swampert|slp
|move|p2b: Pelipper|Hurricane|p1a: Sneasler
|-supereffective|p1a: Sneasler|1
|-damage|p1a: Sneasler|0 fnt
|faint|p1a: Sneasler
|-activate|p1b: Kingambit|confusion
|move|p1b: Kingambit|Swords Dance|p1b: Kingambit
|-boost|p1b: Kingambit|atk|2
|
|-weather|RainDance|[upkeep]
|upkeep
|
|t:|1783611666
|switch|p1a: Blastoise|Blastoise, L50, F|100/100
|turn|5
|inactive|battle sim trainer has 30 seconds left.
|
|t:|1783611696
|switch|p2a: Sinistcha|Sinistcha, L50|59/100
|-heal|p2b: Pelipper|98/100|[from] ability: Hospitality|[of] p2a: Sinistcha
|detailschange|p1a: Blastoise|Blastoise-Mega, L50, F
|-mega|p1a: Blastoise|Blastoise|Blastoisinite
|-activate|p1b: Kingambit|confusion
|move|p1b: Kingambit|Sucker Punch||[still]
|-fail|p1b: Kingambit
|move|p1a: Blastoise|Shell Smash|p1a: Blastoise
|-unboost|p1a: Blastoise|def|1
|-unboost|p1a: Blastoise|spd|1
|-boost|p1a: Blastoise|atk|2
|-boost|p1a: Blastoise|spa|2
|-boost|p1a: Blastoise|spe|2
|move|p2b: Pelipper|Tailwind|p2b: Pelipper
|-sidestart|p2: battle sim trainer|move: Tailwind
|
|-weather|RainDance|[upkeep]
|upkeep
|turn|6
|inactive|pandagolin has 30 seconds left.
|
|t:|1783611725
|move|p1a: Blastoise|Water Spout|p2b: Pelipper|[spread] p2a,p2b
|-resisted|p2a: Sinistcha|1
|-resisted|p2b: Pelipper|1
|-damage|p2a: Sinistcha|0 fnt
|-damage|p2b: Pelipper|0 fnt
|faint|p2a: Sinistcha
|faint|p2b: Pelipper
|-end|p1b: Kingambit|confusion
|move|p1b: Kingambit|Kowtow Cleave|p2: Sinistcha|[notarget]
|-fail|p1b: Kingambit
|
|-weather|none
|upkeep
|
|t:|1783611730
|switch|p2a: Swampert|Swampert, L50, M|89/100 slp
|switch|p2b: Greninja|Greninja, L50, F|100/100
|turn|7
|
|t:|1783611753
|detailschange|p2a: Swampert|Swampert-Mega, L50, M
|-mega|p2a: Swampert|Swampert|Swampertite
|cant|p2a: Swampert|slp
|move|p2b: Greninja|Water Shuriken|p1b: Kingambit
|-start|p2b: Greninja|typechange|Water|[from] ability: Protean
|-damage|p1b: Kingambit|73/100
|-crit|p1b: Kingambit
|-damage|p1b: Kingambit|61/100
|-damage|p1b: Kingambit|54/100
|-damage|p1b: Kingambit|46/100
|-hitcount|p1b: Kingambit|4
|move|p1b: Kingambit|Sucker Punch||[still]
|-fail|p1b: Kingambit
|move|p1a: Blastoise|Water Spout|p2a: Swampert|[spread] p2a,p2b
|-resisted|p2b: Greninja|1
|-damage|p2a: Swampert|0 fnt
|-enditem|p2b: Greninja|Focus Sash
|-damage|p2b: Greninja|1/100
|faint|p2a: Swampert
|
|upkeep
|turn|8
|
|t:|1783611773
|move|p1b: Kingambit|Sucker Punch|p2b: Greninja
|-damage|p2b: Greninja|0 fnt
|faint|p2b: Greninja
|
|win|pandagolin
