|j|☆J4yz1lla
|j|☆endershovel
|html|J4yz1llaendershovel    
|uhtml|bestof|Game 2 of a best-of-3
|t:|1782330369
|gametype|doubles
|player|p1|J4yz1lla|riley|1191
|player|p2|endershovel|ethan|1220
|gen|9
|tier|[Gen 9 Champions] VGC 2026 Reg M-B (Bo3)
|rated|
|rule|Species Clause: Limit one of each Pokémon
|rule|Item Clause: Limit 1 of each item
|clearpoke
|poke|p1|Tyranitar, L50, F|
|poke|p1|Oranguru, L50, M|
|poke|p1|Rotom-Wash, L50|
|poke|p1|Aegislash, L50, F|
|poke|p1|Excadrill, L50, M|
|poke|p1|Scovillain, L50, F|
|poke|p2|Starmie, L50, shiny|
|poke|p2|Sneasler, L50, M|
|poke|p2|Pelipper, L50, F|
|poke|p2|Meowscarada, L50, F|
|poke|p2|Gholdengo, L50|
|poke|p2|Raichu, L50, F|
|teampreview|4
|showteam|p1|Tyranitar||Tyranitarite|SandStream|KnockOff,Earthquake,Protect,RockSlide|Adamant||F|||50|]Oranguru||ColburBerry|Telepathy|PsychicNoise,Instruct,Yawn,TrickRoom|Quiet||M|||50|]Rotom-Wash||Leftovers|Levitate|Discharge,Thunderbolt,WillOWisp,HydroPump|Modest|||||50|]Aegislash||SitrusBerry|StanceChange|KingsShield,ShadowSneak,SacredSword,IronHead|Adamant||F|||50|]Excadrill||FocusSash|SandRush|Earthquake,RockSlide,IronHead,SwordsDance|Adamant||M|||50|]Scovillain||Scovillainite|Moody|RagePowder,LeechSeed,Protect,Overheat|Calm||F|||50|
|showteam|p2|Starmie||Starminite|NaturalCure|Liquidation,ZenHeadbutt,AquaJet,Protect|Jolly|||||50|]Sneasler||WhiteHerb|Unburden|CloseCombat,DireClaw,Coaching,FakeOut|Adamant||M|||50|]Pelipper||SitrusBerry|Drizzle|Hurricane,WeatherBall,Tailwind,Protect|Modest||F|||50|]Meowscarada||FocusSash|Protean|FlowerTrick,Uturn,TripleAxel,Protect|Adamant||F|||50|]Gholdengo||LifeOrb|GoodasGold|MakeItRain,ShadowBall,NastyPlot,Protect|Modest|||||50|]Raichu||RaichuniteY|LightningRod|ZapCannon,FocusBlast,VoltSwitch,Protect|Modest||F|||50|
|
|t:|1782330386
|teamsize|p1|4
|teamsize|p2|4
|start
|switch|p1a: Excadrill|Excadrill, L50, M|100/100
|switch|p1b: Scovillain|Scovillain, L50, F|100/100
|switch|p2a: Raichu|Raichu, L50, F|100/100
|switch|p2b: Meowscarada|Meowscarada, L50, F|100/100
|turn|1
|
|t:|1782330418
|switch|p2a: Pelipper|Pelipper, L50, F|100/100
|-weather|RainDance|[from] ability: Drizzle|[of] p2a: Pelipper
|switch|p1a: Aegislash|Aegislash, L50, F|100/100
|detailschange|p1b: Scovillain|Scovillain-Mega, L50, F
|-mega|p1b: Scovillain|Scovillain|Scovillainite
|move|p2b: Meowscarada|Flower Trick|p1a: Aegislash
|-start|p2b: Meowscarada|typechange|Grass|[from] ability: Protean
|-resisted|p1a: Aegislash|1
|-crit|p1a: Aegislash
|-damage|p1a: Aegislash|77/100
|move|p1b: Scovillain|Leech Seed|p2a: Pelipper|[miss]
|-miss|p1b: Scovillain|p2a: Pelipper
|
|-weather|RainDance|[upkeep]
|upkeep
|turn|2
|
|t:|1782330442
|switch|p2b: Raichu|Raichu, L50, F|100/100
|switch|p1b: Tyranitar|Tyranitar, L50, F|100/100
|-weather|Sandstorm|[from] ability: Sand Stream|[of] p1b: Tyranitar
|move|p2a: Pelipper|Hurricane|p1b: Tyranitar
|-resisted|p1b: Tyranitar|1
|-damage|p1b: Tyranitar|88/100
|-formechange|p1a: Aegislash|Aegislash-Blade|
|move|p1a: Aegislash|Iron Head|p2b: Raichu
|-resisted|p2b: Raichu|1
|-damage|p2b: Raichu|58/100
|
|-weather|Sandstorm|[upkeep]
|-damage|p2b: Raichu|52/100|[from] Sandstorm
|-damage|p2a: Pelipper|93/100|[from] Sandstorm
|upkeep
|turn|3
|
|t:|1782330463
|switch|p2a: Meowscarada|Meowscarada, L50, F|100/100
|switch|p1b: Scovillain|Scovillain-Mega, L50, F|100/100
|-formechange|p1a: Aegislash|Aegislash|
|move|p1a: Aegislash|King's Shield|p1a: Aegislash
|-singleturn|p1a: Aegislash|Protect
|move|p2b: Raichu|Volt Switch|p1b: Scovillain
|-resisted|p1b: Scovillain|1
|-damage|p1b: Scovillain|87/100
|-status|p2b: Raichu|brn|[from] ability: Spicy Spray|[of] p1b: Scovillain
|
|t:|1782330476
|switch|p2b: Gholdengo|Gholdengo, L50|100/100|[from] Volt Switch
|
|-weather|Sandstorm|[upkeep]
|-damage|p2a: Meowscarada|94/100|[from] Sandstorm
|-damage|p1b: Scovillain|81/100|[from] Sandstorm
|upkeep
|turn|4
|
|t:|1782330499
|move|p2a: Meowscarada|U-turn|p1b: Scovillain
|-start|p2a: Meowscarada|typechange|Bug|[from] ability: Protean
|-damage|p1b: Scovillain|39/100
|-status|p2a: Meowscarada|brn|[from] ability: Spicy Spray|[of] p1b: Scovillain
|
|t:|1782330505
|switch|p2a: Pelipper|Pelipper, L50, F|93/100|[from] U-turn
|-weather|RainDance|[from] ability: Drizzle|[of] p2a: Pelipper
|move|p2b: Gholdengo|Shadow Ball|p1a: Aegislash
|-supereffective|p1a: Aegislash|1
|-damage|p1a: Aegislash|0 fnt
|faint|p1a: Aegislash
|-damage|p2b: Gholdengo|90/100|[from] item: Life Orb
|move|p1b: Scovillain|Overheat|p2b: Gholdengo|[miss]
|-miss|p1b: Scovillain|p2b: Gholdengo
|
|-weather|RainDance|[upkeep]
|upkeep
|
|t:|1782330515
|switch|p1a: Tyranitar|Tyranitar, L50, F|88/100
|-weather|Sandstorm|[from] ability: Sand Stream|[of] p1a: Tyranitar
|turn|5
|
|t:|1782330537
|switch|p2a: Meowscarada|Meowscarada, L50, F|94/100 brn
|move|p2b: Gholdengo|Make It Rain|p1a: Tyranitar|[spread] p1a,p1b
|-supereffective|p1a: Tyranitar|1
|-resisted|p1b: Scovillain|1
|-damage|p1a: Tyranitar|19/100
|-damage|p1b: Scovillain|14/100
|-unboost|p2b: Gholdengo|spa|2
|-status|p2b: Gholdengo|brn|[from] ability: Spicy Spray|[of] p1b: Scovillain
|-damage|p2b: Gholdengo|80/100 brn|[from] item: Life Orb
|move|p1b: Scovillain|Overheat|p2b: Gholdengo
|-supereffective|p2b: Gholdengo|1
|-damage|p2b: Gholdengo|0 fnt
|-unboost|p1b: Scovillain|spa|2
|faint|p2b: Gholdengo
|move|p1a: Tyranitar|Knock Off|p2a: Meowscarada
|-resisted|p2a: Meowscarada|1
|-damage|p2a: Meowscarada|50/100g brn
|-enditem|p2a: Meowscarada|Focus Sash|[from] move: Knock Off|[of] p1a: Tyranitar
|
|-weather|Sandstorm|[upkeep]
|-damage|p2a: Meowscarada|45/100 brn|[from] Sandstorm
|-damage|p1b: Scovillain|8/100|[from] Sandstorm
|-damage|p2a: Meowscarada|39/100 brn|[from] brn
|upkeep
|
|t:|1782330558
|switch|p2b: Raichu|Raichu, L50, F|52/100 brn
|turn|6
|
|t:|1782330584
|switch|p1b: Excadrill|Excadrill, L50, M|100/100
|detailschange|p2b: Raichu|Raichu-Mega-Y, L50, F
|-mega|p2b: Raichu|Raichu|Raichunite Y
|move|p1a: Tyranitar|Protect|p1a: Tyranitar
|-singleturn|p1a: Tyranitar|Protect
|move|p2a: Meowscarada|U-turn|p1b: Excadrill
|-start|p2a: Meowscarada|typechange|Bug|[from] ability: Protean
|-resisted|p1b: Excadrill|1
|-damage|p1b: Excadrill|87/100
|
|t:|1782330594
|switch|p2a: Pelipper|Pelipper, L50, F|93/100|[from] U-turn
|-weather|RainDance|[from] ability: Drizzle|[of] p2a: Pelipper
|move|p2b: Raichu|Focus Blast|p1a: Tyranitar
|-activate|p1a: Tyranitar|move: Protect
|
|-weather|RainDance|[upkeep]
|-damage|p2b: Raichu|46/100 brn|[from] brn
|upkeep
|turn|7
|
|t:|1782330638
|switch|p1b: Scovillain|Scovillain-Mega, L50, F|8/100
|move|p2b: Raichu|Focus Blast|p1b: Scovillain
|-damage|p1b: Scovillain|0 fnt
|faint|p1b: Scovillain
|move|p2a: Pelipper|Weather Ball|p1a: Tyranitar
|-supereffective|p1a: Tyranitar|1
|-damage|p1a: Tyranitar|0 fnt
|faint|p1a: Tyranitar
|
|-weather|RainDance|[upkeep]
|-damage|p2b: Raichu|40/100 brn|[from] brn
|upkeep
|
|t:|1782330643
|switch|p1a: Excadrill|Excadrill, L50, M|87/100
|turn|8
|
|t:|1782330650
|move|p2b: Raichu|Focus Blast|p1a: Excadrill
|-supereffective|p1a: Excadrill|1
|-damage|p1a: Excadrill|0 fnt
|faint|p1a: Excadrill
|
|win|endershovel
|raw|J4yz1lla's rating: 1191 → 1168(-23 for losing)
|raw|endershovel's rating: 1220 → 1243(+23 for winning)
|l|☆J4yz1lla
|player|p1|
