|j|☆Utilaty
|j|☆C0ozer
|html|UtilatyC0ozer    
|uhtml|bestof|Game 3 of a best-of-3
|t:|1782313800
|gametype|doubles
|player|p1|Utilaty|ethan|1018
|player|p2|C0ozer|lucas|1124
|gen|9
|tier|[Gen 9 Champions] VGC 2026 Reg M-B (Bo3)
|rated|
|rule|Species Clause: Limit one of each Pokémon
|rule|Item Clause: Limit 1 of each item
|clearpoke
|poke|p1|Farigiraf, L50, M|
|poke|p1|Mawile, L50, F|
|poke|p1|Scrafty, L50, F|
|poke|p1|Armarouge, L50, F|
|poke|p1|Basculegion, L50, M|
|poke|p1|Venusaur, L50, M|
|poke|p2|Charizard, L50, M|
|poke|p2|Scrafty, L50, M|
|poke|p2|Gholdengo, L50|
|poke|p2|Whimsicott, L50, M|
|poke|p2|Toxapex, L50, M|
|poke|p2|Garchomp, L50, M|
|teampreview|4
|showteam|p1|Farigiraf||SitrusBerry|ArmorTail|HyperVoice,Protect,TrickRoom,MirrorCoat|Calm||M|||50|]Mawile||Mawilite|SheerForce|IronHead,PlayRough,Protect,SuckerPunch|Adamant||F|||50|]Scrafty||Leftovers|Intimidate|Detect,DrainPunch,FakeOut,KnockOff|Impish||F|||50|]Armarouge||WhiteHerb|FlashFire|ArmorCannon,HeatWave,Protect,Psychic|Sassy||F|||50|]Basculegion||ChoiceScarf|Adaptability|FlipTurn,AquaJet,LastRespects,WaveCrash|Jolly||M|||50|]Venusaur||Venusaurite|Chlorophyll|LeechSeed,Protect,GigaDrain,EarthPower|Quiet||M|||50|
|showteam|p2|Charizard||CharizarditeY|Blaze|HeatWave,WeatherBall,SolarBeam,Protect|Timid||M|||50|]Scrafty||Scraftinite|Intimidate|FakeOut,KnockOff,CloseCombat,Detect|Impish||M|||50|]Gholdengo||LifeOrb|GoodasGold|FlashCannon,ShadowBall,NastyPlot,Protect|Timid|||||50|]Whimsicott||FocusSash|Prankster|Moonblast,Encore,Tailwind,Protect|Timid||M|||50|]Toxapex||Leftovers|Regenerator|Toxic,Haze,Infestation,BanefulBunker|Bold||M|||50|]Garchomp||SitrusBerry|RoughSkin|BreakingSwipe,RockSlide,StompingTantrum,Protect|Adamant||M|||50|
|inactive|Battle timer is ON: inactive players will automatically lose when time's up. (requested by C0ozer)
|inactive|Utilaty has 60 seconds left.
|
|t:|1782313854
|teamsize|p1|4
|teamsize|p2|4
|start
|switch|p1a: Basculegion|Basculegion, L50, M|100/100
|switch|p1b: Armarouge|Armarouge, L50, F|100/100
|switch|p2a: Charizard|Charizard, L50, M|100/100
|switch|p2b: Scrafty|Scrafty, L50, M|100/100
|-ability|p2b: Scrafty|Intimidate|boost
|-unboost|p1a: Basculegion|atk|1
|-unboost|p1b: Armarouge|atk|1
|-enditem|p1b: Armarouge|White Herb
|-clearnegativeboost|p1b: Armarouge|[silent]
|turn|1
|inactive|Utilaty has 30 seconds left.
|inactive|C0ozer has 30 seconds left.
|inactive|C0ozer has 20 seconds left.
|
|t:|1782313892
|detailschange|p2a: Charizard|Charizard-Mega-Y, L50, M
|-mega|p2a: Charizard|Charizard|Charizardite Y
|-weather|SunnyDay|[from] ability: Drought|[of] p2a: Charizard
|move|p1b: Armarouge|Protect|p1b: Armarouge
|-singleturn|p1b: Armarouge|Protect
|move|p2b: Scrafty|Fake Out|p1b: Armarouge
|-activate|p1b: Armarouge|move: Protect
|move|p1a: Basculegion|Flip Turn|p2b: Scrafty
|-damage|p2b: Scrafty|91/100
|
|t:|1782313904
|switch|p1a: Farigiraf|Farigiraf, L50, M|100/100|[from] Flip Turn
|move|p2a: Charizard|Solar Beam||[still]
|-prepare|p2a: Charizard|Solar Beam
|-anim|p2a: Charizard|Solar Beam|p1a: Farigiraf
|-damage|p1a: Farigiraf|68/100
|
|-weather|SunnyDay|[upkeep]
|upkeep
|turn|2
|
|t:|1782313928
|move|p2a: Charizard|Weather Ball|p1a: Farigiraf
|-crit|p1a: Farigiraf
|-damage|p1a: Farigiraf|0 fnt
|faint|p1a: Farigiraf
|move|p1b: Armarouge|Armor Cannon|p2b: Scrafty
|-damage|p2b: Scrafty|9/100
|-unboost|p1b: Armarouge|def|1
|-unboost|p1b: Armarouge|spd|1
|move|p2b: Scrafty|Knock Off|p1b: Armarouge
|-supereffective|p1b: Armarouge|1
|-damage|p1b: Armarouge|34/100
|
|-weather|SunnyDay|[upkeep]
|upkeep
|
|t:|1782313944
|switch|p1a: Mawile|Mawile, L50, F|100/100
|turn|3
|
|t:|1782313958
|detailschange|p1a: Mawile|Mawile-Mega, L50, F
|-mega|p1a: Mawile|Mawile|Mawilite
|move|p2b: Scrafty|Detect|p2b: Scrafty
|-singleturn|p2b: Scrafty|Protect
|move|p1a: Mawile|Sucker Punch|p2a: Charizard
|-damage|p2a: Charizard|49/100
|move|p2a: Charizard|Solar Beam||[still]
|-prepare|p2a: Charizard|Solar Beam
|-anim|p2a: Charizard|Solar Beam|p1b: Armarouge
|-resisted|p1b: Armarouge|1
|-damage|p1b: Armarouge|2/100
|move|p1b: Armarouge|Heat Wave|p2b: Scrafty|[spread] 
|-activate|p2b: Scrafty|move: Protect
|-miss|p1b: Armarouge|p2a: Charizard
|
|-weather|SunnyDay|[upkeep]
|upkeep
|turn|4
|
|t:|1782313981
|move|p2a: Charizard|Weather Ball|p1a: Mawile
|-supereffective|p1a: Mawile|1
|-damage|p1a: Mawile|0 fnt
|faint|p1a: Mawile
|move|p1b: Armarouge|Psychic|p2a: Charizard
|-damage|p2a: Charizard|10/100
|-unboost|p2a: Charizard|spd|1
|move|p2b: Scrafty|Close Combat|p1b: Armarouge
|-resisted|p1b: Armarouge|1
|-damage|p1b: Armarouge|0 fnt
|-unboost|p2b: Scrafty|def|1
|-unboost|p2b: Scrafty|spd|1
|faint|p1b: Armarouge
|
|-weather|SunnyDay|[upkeep]
|upkeep
|
|t:|1782313986
|switch|p1b: Basculegion|Basculegion, L50, M|100/100
|turn|5
|
|t:|1782313999
|move|p1b: Basculegion|Last Respects|p2a: Charizard
|-damage|p2a: Charizard|0 fnt
|faint|p2a: Charizard
|move|p2b: Scrafty|Knock Off|p1b: Basculegion
|-supereffective|p1b: Basculegion|1
|-damage|p1b: Basculegion|18/100
|-enditem|p1b: Basculegion|Choice Scarf|[from] move: Knock Off|[of] p2b: Scrafty
|
|-weather|none
|upkeep
|
|t:|1782314007
|switch|p2a: Gholdengo|Gholdengo, L50|100/100
|turn|6
|
|t:|1782314015
|move|p2a: Gholdengo|Shadow Ball|p1b: Basculegion
|-supereffective|p1b: Basculegion|1
|-damage|p1b: Basculegion|0 fnt
|faint|p1b: Basculegion
|-damage|p2a: Gholdengo|90/100|[from] item: Life Orb
|
|win|C0ozer
|raw|Utilaty's rating: 1018 → 1009(-9 for losing)
|raw|C0ozer's rating: 1124 → 1142(+18 for winning)
