|j|☆tinysawk
|j|☆MMTQ
|html|tinysawkMMTQ    
|uhtml|bestof|Game 3 of a best-of-3
|t:|1756795789
|gametype|doubles
|player|p1|tinysawk|giovanni|1147
|player|p2|MMTQ|169|1282
|gen|9
|tier|[Gen 9] VGC 2025 Reg H (Bo3)
|rated|
|rule|Species Clause: Limit one of each Pokémon
|rule|Item Clause: Limit 1 of each item
|clearpoke
|poke|p1|Sneasler, L50, M|
|poke|p1|Primarina, L50, F|
|poke|p1|Kingambit, L50, M|
|poke|p1|Rillaboom, L50, F|
|poke|p1|Electabuzz, L50, F|
|poke|p1|Dragapult, L50, M|
|poke|p2|Gholdengo, L50|
|poke|p2|Sneasler, L50, F|
|poke|p2|Rillaboom, L50, F|
|poke|p2|Dragonite, L50, M|
|poke|p2|Ninetales-Alola, L50, M|
|poke|p2|Arcanine-Hisui, L50, F|
|teampreview|4
|showteam|p1|Sneasler||FocusSash|PoisonTouch|DireClaw,CloseCombat,Protect,FakeOut|||M|||50|,,,,,Stellar]Primarina||ThroatSpray|LiquidVoice|Protect,HyperVoice,Moonblast,Haze|||F|||50|,,,,,Poison]Kingambit||BlackGlasses|Defiant|KowtowCleave,SwordsDance,SuckerPunch,Protect|||M|||50|,,,,,Dark]Rillaboom||AssaultVest|GrassySurge|WoodHammer,Uturn,GrassyGlide,FakeOut|||F|||50|,,,,,Fire]Electabuzz||Eviolite|VitalSpirit|Electroweb,Taunt,Protect,FollowMe|||F|||50|,,,,,Fairy]Dragapult||ChoiceBand|ClearBody|DragonDarts,Uturn,PhantomForce,Outrage|||M|||50|,,,,,Dragon
|showteam|p2|Gholdengo||GrassySeed|GoodasGold|NastyPlot,MakeItRain,ShadowBall,Protect||||||50|,,,,,Water]Sneasler||WhiteHerb|Unburden|CloseCombat,DireClaw,Coaching,Protect|||F|||50|,,,,,Ghost]Rillaboom||AssaultVest|GrassySurge|FakeOut,GrassyGlide,DrumBeating,HighHorsepower|||F|||50|,,,,,Fire]Dragonite||LoadedDice|Multiscale|ScaleShot,StompingTantrum,Tailwind,Protect|||M|||50|,,,,,Ground]Ninetales-Alola||FocusSash|SnowWarning|Blizzard,IcyWind,Encore,AuroraVeil|||M|||50|,,,,,Ghost]Arcanine-Hisui||ClearAmulet|Intimidate|RockSlide,FlareBlitz,ExtremeSpeed,Protect|||F|||50|,,,,,Water
|inactive|Battle timer is ON: inactive players will automatically lose when time's up. (requested by MMTQ)
|
|t:|1756795845
|teamsize|p1|4
|teamsize|p2|4
|start
|switch|p1a: Electabuzz|Electabuzz, L50, F|100/100
|switch|p1b: Kingambit|Kingambit, L50, M|100/100
|switch|p2a: Gholdengo|Gholdengo, L50|100/100
|switch|p2b: Ninetales|Ninetales-Alola, L50, M|100/100
|-weather|Snowscape|[from] ability: Snow Warning|[of] p2b: Ninetales
|turn|1
|inactive|MMTQ has 30 seconds left.
|inactive|MMTQ has 20 seconds left.
|inactive|MMTQ has 15 seconds left.
|inactive|tinysawk has 30 seconds left.
|inactive|MMTQ has 10 seconds left.
|
|t:|1756795897
|move|p2b: Ninetales|Aurora Veil|p2b: Ninetales
|-sidestart|p2: MMTQ|move: Aurora Veil
|move|p1a: Electabuzz|Electroweb|p2b: Ninetales|[spread] p2a
|-miss|p1a: Electabuzz|p2b: Ninetales
|-damage|p2a: Gholdengo|92/100
|-unboost|p2a: Gholdengo|spe|1
|move|p2a: Gholdengo|Nasty Plot|p2a: Gholdengo
|-boost|p2a: Gholdengo|spa|2
|move|p1b: Kingambit|Kowtow Cleave|p2a: Gholdengo
|-supereffective|p2a: Gholdengo
|-damage|p2a: Gholdengo|21/100
|
|-weather|Snowscape|[upkeep]
|upkeep
|turn|2
|inactive|MMTQ has 30 seconds left.
|inactive|tinysawk has 30 seconds left.
|
|t:|1756795941
|switch|p2b: Rillaboom|Rillaboom, L50, F|100/100
|-fieldstart|move: Grassy Terrain|[from] ability: Grassy Surge|[of] p2b: Rillaboom
|-enditem|p2a: Gholdengo|Grassy Seed
|-boost|p2a: Gholdengo|def|1|[from] item: Grassy Seed
|move|p2a: Gholdengo|Protect|p2a: Gholdengo
|-singleturn|p2a: Gholdengo|Protect
|move|p1a: Electabuzz|Electroweb|p2a: Gholdengo|[spread] p2b
|-activate|p2a: Gholdengo|move: Protect
|-resisted|p2b: Rillaboom
|-damage|p2b: Rillaboom|97/100
|-unboost|p2b: Rillaboom|spe|1
|move|p1b: Kingambit|Swords Dance|p1b: Kingambit
|-boost|p1b: Kingambit|atk|2
|
|-weather|Snowscape|[upkeep]
|-heal|p2b: Rillaboom|100/100|[from] Grassy Terrain
|-heal|p2a: Gholdengo|27/100|[from] Grassy Terrain
|upkeep
|turn|3
|inactive|MMTQ has 30 seconds left.
|inactive|MMTQ has 20 seconds left.
|inactive|MMTQ has 15 seconds left.
|inactive|MMTQ has 10 seconds left.
|
|t:|1756795986
|switch|p2b: Ninetales|Ninetales-Alola, L50, M|100/100
|move|p1a: Electabuzz|Protect|p1a: Electabuzz
|-singleturn|p1a: Electabuzz|Protect
|move|p1b: Kingambit|Protect|p1b: Kingambit
|-singleturn|p1b: Kingambit|Protect
|move|p2a: Gholdengo|Shadow Ball|p1a: Electabuzz
|-activate|p1a: Electabuzz|move: Protect
|
|-weather|Snowscape|[upkeep]
|-heal|p2a: Gholdengo|33/100|[from] Grassy Terrain
|upkeep
|turn|4
|inactive|tinysawk has 30 seconds left.
|inactive|MMTQ has 30 seconds left.
|
|t:|1756796013
|move|p2a: Gholdengo|Protect|p2a: Gholdengo
|-singleturn|p2a: Gholdengo|Protect
|move|p1a: Electabuzz|Follow Me|p1a: Electabuzz
|-singleturn|p1a: Electabuzz|move: Follow Me
|move|p2b: Ninetales|Encore|p1a: Electabuzz
|-start|p1a: Electabuzz|Encore
|move|p1b: Kingambit|Kowtow Cleave|p2a: Gholdengo
|-activate|p2a: Gholdengo|move: Protect
|
|-weather|Snowscape|[upkeep]
|-heal|p2a: Gholdengo|40/100|[from] Grassy Terrain
|upkeep
|turn|5
|inactive|tinysawk has 30 seconds left.
|inactive|MMTQ has 30 seconds left.
|inactive|tinysawk has 20 seconds left.
|inactive|MMTQ has 20 seconds left.
|
|t:|1756796053
|switch|p2b: Sneasler|Sneasler, L50, F|100/100
|-terastallize|p2a: Gholdengo|Water
|move|p1a: Electabuzz|Follow Me|p1a: Electabuzz
|-singleturn|p1a: Electabuzz|move: Follow Me
|move|p2a: Gholdengo|Make It Rain|p1a: Electabuzz|[spread] p1a,p1b
|-resisted|p1a: Electabuzz
|-resisted|p1b: Kingambit
|-damage|p1a: Electabuzz|65/100
|-damage|p1b: Kingambit|53/100
|-unboost|p2a: Gholdengo|spa|1
|move|p1b: Kingambit|Kowtow Cleave|p2a: Gholdengo
|-damage|p2a: Gholdengo|0 fnt
|faint|p2a: Gholdengo
|
|-weather|none
|-heal|p1a: Electabuzz|71/100|[from] Grassy Terrain
|-heal|p1b: Kingambit|59/100|[from] Grassy Terrain
|-sideend|p2: MMTQ|move: Aurora Veil
|upkeep
|
|t:|1756796072
|switch|p2a: Rillaboom|Rillaboom, L50, F|100/100
|turn|6
|
|t:|1756796091
|move|p1b: Kingambit|Protect|p1b: Kingambit
|-singleturn|p1b: Kingambit|Protect
|move|p1a: Electabuzz|Follow Me|p1a: Electabuzz
|-singleturn|p1a: Electabuzz|move: Follow Me
|move|p2b: Sneasler|Coaching|p2a: Rillaboom
|-boost|p2a: Rillaboom|atk|1
|-boost|p2a: Rillaboom|def|1
|move|p2a: Rillaboom|Drum Beating|p1a: Electabuzz
|-damage|p1a: Electabuzz|7/100
|-unboost|p1a: Electabuzz|spe|1
|
|-heal|p1a: Electabuzz|13/100|[from] Grassy Terrain
|-heal|p1b: Kingambit|65/100|[from] Grassy Terrain
|-fieldend|move: Grassy Terrain
|upkeep
|turn|7
|inactive|MMTQ has 30 seconds left.
|
|t:|1756796122
|-terastallize|p1b: Kingambit|Dark
|move|p1a: Electabuzz|Follow Me|p1a: Electabuzz
|-singleturn|p1a: Electabuzz|move: Follow Me
|move|p2b: Sneasler|Dire Claw|p1a: Electabuzz
|-damage|p1a: Electabuzz|0 fnt
|faint|p1a: Electabuzz
|move|p2a: Rillaboom|High Horsepower|p1b: Kingambit
|-damage|p1b: Kingambit|33/100
|move|p1b: Kingambit|Kowtow Cleave|p2a: Rillaboom
|-damage|p2a: Rillaboom|0 fnt
|faint|p2a: Rillaboom
|
|upkeep
|
|t:|1756796138
|switch|p1a: Sneasler|Sneasler, L50, M|100/100
|switch|p2a: Ninetales|Ninetales-Alola, L50, M|100/100
|-weather|Snowscape|[from] ability: Snow Warning|[of] p2a: Ninetales
|turn|8
|inactive|MMTQ has 30 seconds left.
|
|t:|1756796175
|move|p1a: Sneasler|Dire Claw|p2a: Ninetales
|-supereffective|p2a: Ninetales
|-damage|p2a: Ninetales|15/100
|-status|p2a: Ninetales|psn|[from] ability: Poison Touch|[of] p1a: Sneasler
|move|p2a: Ninetales|Aurora Veil|p2a: Ninetales
|-sidestart|p2: MMTQ|move: Aurora Veil
|move|p2b: Sneasler|Close Combat|p1b: Kingambit
|-supereffective|p1b: Kingambit
|-crit|p1b: Kingambit
|-damage|p1b: Kingambit|0 fnt
|-unboost|p2b: Sneasler|def|1
|-unboost|p2b: Sneasler|spd|1
|faint|p1b: Kingambit
|-enditem|p2b: Sneasler|White Herb
|-clearnegativeboost|p2b: Sneasler|[silent]
|
|-weather|Snowscape|[upkeep]
|-damage|p2a: Ninetales|3/100 psn|[from] psn
|upkeep
|
|t:|1756796185
|switch|p1b: Primarina|Primarina, L50, F|100/100
|turn|9
|inactive|MMTQ has 30 seconds left.
|inactive|MMTQ has 20 seconds left.
|inactive|MMTQ has 15 seconds left.
|
|t:|1756796227
|move|p1a: Sneasler|Protect|p1a: Sneasler
|-singleturn|p1a: Sneasler|Protect
|move|p1b: Primarina|Protect|p1b: Primarina
|-singleturn|p1b: Primarina|Protect
|move|p2b: Sneasler|Dire Claw|p1b: Primarina
|-activate|p1b: Primarina|move: Protect
|move|p2a: Ninetales|Blizzard|p1b: Primarina|[spread] 
|-activate|p1a: Sneasler|move: Protect
|-activate|p1b: Primarina|move: Protect
|
|-weather|Snowscape|[upkeep]
|-damage|p2a: Ninetales|0 fnt|[from] psn
|faint|p2a: Ninetales
|upkeep
|turn|10
|
|t:|1756796249
|move|p2b: Sneasler|Dire Claw|p1b: Primarina
|-supereffective|p1b: Primarina
|-crit|p1b: Primarina
|-damage|p1b: Primarina|0 fnt
|faint|p1b: Primarina
|move|p1a: Sneasler|Dire Claw|p2b: Sneasler
|-resisted|p2b: Sneasler
|-damage|p2b: Sneasler|82/100
|
|-weather|Snowscape|[upkeep]
|upkeep
|turn|11
|
|t:|1756796260
|move|p1a: Sneasler|Protect|p1a: Sneasler
|-singleturn|p1a: Sneasler|Protect
|move|p2b: Sneasler|Dire Claw|p1a: Sneasler
|-activate|p1a: Sneasler|move: Protect
|
|-weather|Snowscape|[upkeep]
|upkeep
|turn|12
|
|t:|1756796266
|move|p2b: Sneasler|Dire Claw|p1a: Sneasler
|-resisted|p1a: Sneasler
|-damage|p1a: Sneasler|64/100
|move|p1a: Sneasler|Dire Claw|p2b: Sneasler
|-resisted|p2b: Sneasler
|-damage|p2b: Sneasler|63/100
|
|-weather|none
|-sideend|p2: MMTQ|move: Aurora Veil
|upkeep
|turn|13
|
|t:|1756796275
|move|p2b: Sneasler|Dire Claw|p1a: Sneasler
|-resisted|p1a: Sneasler
|-damage|p1a: Sneasler|29/100
|move|p1a: Sneasler|Dire Claw|p2b: Sneasler
|-resisted|p2b: Sneasler
|-damage|p2b: Sneasler|34/100
|
|upkeep
|turn|14
|
|t:|1756796284
|move|p2b: Sneasler|Close Combat|p1a: Sneasler
|-resisted|p1a: Sneasler
|-damage|p1a: Sneasler|0 fnt
|-unboost|p2b: Sneasler|def|1
|-unboost|p2b: Sneasler|spd|1
|faint|p1a: Sneasler
|
|win|MMTQ
|raw|tinysawk's rating: 1147 → 1131(-16 for losing)
|raw|MMTQ's rating: 1282 → 1298(+16 for winning)
