|j|☆fustor
|j|☆Skygoaler
|html|fustorSkygoaler    
|uhtml|bestof|Game 2 of a best-of-3
|t:|1757936348
|gametype|doubles
|player|p1|fustor|265|1139
|player|p2|Skygoaler|zinzolin|1000
|gen|9
|tier|[Gen 9] VGC 2025 Reg H (Bo3)
|rated|
|rule|Species Clause: Limit one of each Pokémon
|rule|Item Clause: Limit 1 of each item
|clearpoke
|poke|p1|Charizard, L50, F|
|poke|p1|Torkoal, L50, F|
|poke|p1|Porygon2, L50|
|poke|p1|Incineroar, L50, F|
|poke|p1|Jumpluff, L50, M|
|poke|p1|Ursaluna, L50, M|
|poke|p2|Ursaluna-Bloodmoon, L50, M|
|poke|p2|Incineroar, L50, F|
|poke|p2|Sinistcha-Masterpiece, L50|
|poke|p2|Annihilape, L50, F|
|poke|p2|Ninetales-Alola, L50, M|
|poke|p2|Whimsicott, L50, F|
|teampreview|4
|showteam|p1|Charizard||ChoiceSpecs|SolarPower|HeatWave,Overheat,WeatherBall,AirSlash|||F|||50|,,,,,Ghost]Torkoal||EjectPack|Drought|Eruption,Overheat,HelpingHand,Protect|||F|||50|,,,,,Fire]Porygon2||Eviolite|Download|TeraBlast,IceBeam,Recover,TrickRoom||||||50|,,,,,Fighting]Incineroar||SitrusBerry|Intimidate|FlareBlitz,KnockOff,FakeOut,PartingShot|||F|||50|,,,,,Ghost]Jumpluff||CovertCloak|Chlorophyll|SleepPowder,SunnyDay,RagePowder,Tailwind|||M|||50|,,,,,Water]Ursaluna||FlameOrb|Guts|HeadlongRush,Facade,Earthquake,Protect|||M|||50|,,,,,Ghost
|showteam|p2|Ursaluna-Bloodmoon||Leftovers|MindsEye|HyperVoice,EarthPower,CalmMind,Protect|||M|||50|,,,,,Grass]Incineroar||SafetyGoggles|Intimidate|FakeOut,FlareBlitz,KnockOff,PartingShot|||F|||50|,,,,,Ghost]Sinistcha-Masterpiece||RockyHelmet|Hospitality|RagePowder,TrickRoom,LifeDew,MatchaGotcha||||||50|,,,,,Grass]Annihilape||SitrusBerry|Defiant|RageFist,DrainPunch,Protect,Taunt|||F|||50|,,,,,Fire]Ninetales-Alola||FocusSash|SnowWarning|Blizzard,IcyWind,AuroraVeil,Protect|||M|||50|,,,,,Ghost]Whimsicott||CovertCloak|Prankster|Encore,BeatUp,Tailwind,Moonblast|||F|||50|,,,,,Water
|inactive|Battle timer is ON: inactive players will automatically lose when time's up. (requested by fustor)
|
|t:|1757936372
|teamsize|p1|4
|teamsize|p2|4
|start
|switch|p1a: Charizard|Charizard, L50, F|100/100
|switch|p1b: Porygon2|Porygon2, L50|100/100
|switch|p2a: Whimsicott|Whimsicott, L50, F|100/100
|switch|p2b: Annihilape|Annihilape, L50, F|100/100
|-ability|p1b: Porygon2|Download|boost
|-boost|p1b: Porygon2|spa|1
|turn|1
|inactive|fustor has 30 seconds left.
|
|t:|1757936398
|switch|p1b: Torkoal|Torkoal, L50, F|100/100
|-weather|SunnyDay|[from] ability: Drought|[of] p1b: Torkoal
|-terastallize|p2b: Annihilape|Fire
|move|p2a: Whimsicott|Tailwind|p2a: Whimsicott
|-sidestart|p2: Skygoaler|move: Tailwind
|move|p2b: Annihilape|Taunt|p1b: Torkoal
|-start|p1b: Torkoal|move: Taunt
|move|p1a: Charizard|Overheat|p2b: Annihilape
|-resisted|p2b: Annihilape
|-damage|p2b: Annihilape|17/100
|-unboost|p1a: Charizard|spa|2
|-enditem|p2b: Annihilape|Sitrus Berry|[eat]
|-heal|p2b: Annihilape|42/100|[from] item: Sitrus Berry
|
|-weather|SunnyDay|[upkeep]
|-damage|p1a: Charizard|88/100|[from] ability: Solar Power|[of] p1a: Charizard
|upkeep
|turn|2
|inactive|fustor has 30 seconds left.
|inactive|Skygoaler has 30 seconds left.
|
|t:|1757936430
|move|p2a: Whimsicott|Beat Up|p2b: Annihilape
|-damage|p2b: Annihilape|40/100
|-damage|p2b: Annihilape|38/100
|-damage|p2b: Annihilape|35/100
|-damage|p2b: Annihilape|34/100
|-hitcount|p2b: Annihilape|4
|move|p2b: Annihilape|Rage Fist|p1a: Charizard
|-damage|p1a: Charizard|0 fnt
|faint|p1a: Charizard
|move|p1b: Torkoal|Eruption|p2a: Whimsicott|[spread] p2a,p2b
|-supereffective|p2a: Whimsicott
|-resisted|p2b: Annihilape
|-damage|p2a: Whimsicott|0 fnt
|-damage|p2b: Annihilape|5/100
|faint|p2a: Whimsicott
|
|-weather|SunnyDay|[upkeep]
|upkeep
|
|t:|1757936447
|switch|p2a: Incineroar|Incineroar, L50, F|100/100
|switch|p1a: Porygon2|Porygon2, L50|100/100
|-ability|p2a: Incineroar|Intimidate|boost
|-unboost|p1a: Porygon2|atk|1
|-unboost|p1b: Torkoal|atk|1
|-ability|p1a: Porygon2|Download|boost
|-boost|p1a: Porygon2|atk|1
|-enditem|p1b: Torkoal|Eject Pack
|
|t:|1757936455
|switch|p1b: Ursaluna|Ursaluna, L50, M|100/100
|turn|3
|inactive|fustor has 30 seconds left.
|
|t:|1757936484
|move|p1b: Ursaluna|Protect|p1b: Ursaluna
|-singleturn|p1b: Ursaluna|Protect
|move|p2b: Annihilape|Drain Punch|p1a: Porygon2
|-supereffective|p1a: Porygon2
|-damage|p1a: Porygon2|54/100
|-heal|p2b: Annihilape|27/100|[from] drain|[of] p1a: Porygon2
|move|p2a: Incineroar|Knock Off|p1b: Ursaluna
|-activate|p1b: Ursaluna|move: Protect
|move|p1a: Porygon2|Trick Room|p1a: Porygon2
|-fieldstart|move: Trick Room|[of] p1a: Porygon2
|
|-weather|SunnyDay|[upkeep]
|-status|p1b: Ursaluna|brn|[from] item: Flame Orb
|upkeep
|turn|4
|
|t:|1757936508
|switch|p2a: Ninetales|Ninetales-Alola, L50, M|100/100
|-weather|Snowscape|[from] ability: Snow Warning|[of] p2a: Ninetales
|move|p2b: Annihilape|Protect|p2b: Annihilape
|-singleturn|p2b: Annihilape|Protect
|move|p1a: Porygon2|Tera Blast|p2b: Annihilape
|-activate|p2b: Annihilape|move: Protect
|move|p1b: Ursaluna|Facade|p2a: Ninetales
|-enditem|p2a: Ninetales|Focus Sash
|-damage|p2a: Ninetales|1/100
|
|-weather|Snowscape|[upkeep]
|-damage|p1b: Ursaluna|95/100 brn|[from] brn
|-sideend|p2: Skygoaler|move: Tailwind
|upkeep
|turn|5
|inactive|fustor has 30 seconds left.
|
|t:|1757936536
|switch|p2b: Incineroar|Incineroar, L50, F|100/100
|-ability|p2b: Incineroar|Intimidate|boost
|-unboost|p1a: Porygon2|atk|1
|-unboost|p1b: Ursaluna|atk|1
|-terastallize|p1a: Porygon2|Fighting
|move|p2a: Ninetales|Protect|p2a: Ninetales
|-singleturn|p2a: Ninetales|Protect
|move|p1a: Porygon2|Tera Blast|p2b: Incineroar|[anim] Tera Blast Fighting
|-supereffective|p2b: Incineroar
|-damage|p2b: Incineroar|34/100
|move|p1b: Ursaluna|Facade|p2a: Ninetales
|-activate|p2a: Ninetales|move: Protect
|
|-weather|Snowscape|[upkeep]
|-damage|p1b: Ursaluna|89/100 brn|[from] brn
|upkeep
|turn|6
|
|t:|1757936557
|move|p2b: Incineroar|Fake Out|p1b: Ursaluna
|-damage|p1b: Ursaluna|79/100 brn
|move|p1a: Porygon2|Recover|p1a: Porygon2
|-heal|p1a: Porygon2|100/100
|cant|p1b: Ursaluna|flinch
|move|p2a: Ninetales|Aurora Veil|p2a: Ninetales
|-sidestart|p2: Skygoaler|move: Aurora Veil
|
|-weather|Snowscape|[upkeep]
|-damage|p1b: Ursaluna|74/100 brn|[from] brn
|upkeep
|turn|7
|
|t:|1757936573
|move|p2a: Ninetales|Protect|p2a: Ninetales
|-singleturn|p2a: Ninetales|Protect
|move|p1a: Porygon2|Tera Blast|p2b: Incineroar|[anim] Tera Blast Fighting
|-supereffective|p2b: Incineroar
|-damage|p2b: Incineroar|0 fnt
|faint|p2b: Incineroar
|move|p1b: Ursaluna|Earthquake|p2a: Ninetales|[spread] p1a
|-activate|p2a: Ninetales|move: Protect
|-damage|p1a: Porygon2|71/100
|
|-weather|Snowscape|[upkeep]
|-damage|p1b: Ursaluna|68/100 brn|[from] brn
|-fieldend|move: Trick Room
|upkeep
|
|t:|1757936578
|switch|p2b: Annihilape|Annihilape, L50, F, tera:Fire|27/100
|turn|8
|
|t:|1757936592
|move|p1b: Ursaluna|Protect|p1b: Ursaluna
|-singleturn|p1b: Ursaluna|Protect
|move|p2a: Ninetales|Blizzard|p1b: Ursaluna|[spread] p1a
|-activate|p1b: Ursaluna|move: Protect
|-damage|p1a: Porygon2|49/100
|move|p2b: Annihilape|Rage Fist|p1a: Porygon2
|-damage|p1a: Porygon2|0 fnt
|faint|p1a: Porygon2
|
|-weather|none
|-damage|p1b: Ursaluna|62/100 brn|[from] brn
|upkeep
|
|t:|1757936604
|switch|p1a: Torkoal|Torkoal, L50, F|100/100
|-weather|SunnyDay|[from] ability: Drought|[of] p1a: Torkoal
|turn|9
|
|t:|1757936616
|move|p2a: Ninetales|Icy Wind|p1a: Torkoal|[spread] p1a,p1b
|-resisted|p1a: Torkoal
|-supereffective|p1b: Ursaluna
|-damage|p1a: Torkoal|90/100
|-damage|p1b: Ursaluna|30/100 brn
|-unboost|p1a: Torkoal|spe|1
|-unboost|p1b: Ursaluna|spe|1
|move|p2b: Annihilape|Drain Punch|p1b: Ursaluna
|-supereffective|p1b: Ursaluna
|-crit|p1b: Ursaluna
|-damage|p1b: Ursaluna|0 fnt
|-heal|p2b: Annihilape|43/100|[from] drain|[of] p1b: Ursaluna
|faint|p1b: Ursaluna
|move|p1a: Torkoal|Eruption|p2a: Ninetales|[spread] p2a,p2b
|-supereffective|p2a: Ninetales
|-resisted|p2b: Annihilape
|-damage|p2a: Ninetales|0 fnt
|-damage|p2b: Annihilape|24/100
|faint|p2a: Ninetales
|
|-weather|SunnyDay|[upkeep]
|upkeep
|turn|10
|
|t:|1757936634
|move|p2b: Annihilape|Rage Fist|p1a: Torkoal
|-damage|p1a: Torkoal|0 fnt
|faint|p1a: Torkoal
|
|win|Skygoaler
|raw|fustor's rating: 1139 → 1104(-35 for losing)
|raw|Skygoaler's rating: 1000 → 1055(+55 for winning)
|c|☆Skygoaler|Gg
