|j|‽acebaltasar25
|j|☆lox1sm
|html|acebaltasar25lox1sm    
|uhtml|bestof|Game 2 of a best-of-3
|t:|1782474686
|gametype|doubles
|player|p1|acebaltasar25|169|1127
|player|p2|lox1sm|veteran|1198
|gen|9
|tier|[Gen 9 Champions] VGC 2026 Reg M-B (Bo3)
|rated|
|rule|Species Clause: Limit one of each Pokémon
|rule|Item Clause: Limit 1 of each item
|clearpoke
|poke|p1|Farigiraf, L50, F|
|poke|p1|Staraptor, L50, F|
|poke|p1|Mawile, L50, M|
|poke|p1|Camerupt, L50, M|
|poke|p1|Eelektross, L50, M|
|poke|p1|Vivillon-Fancy, L50, F|
|poke|p2|Charizard, L50, F|
|poke|p2|Metagross, L50|
|poke|p2|Aerodactyl, L50, M|
|poke|p2|Garchomp, L50, F|
|poke|p2|Sylveon, L50, M|
|poke|p2|Kingambit, L50, M|
|teampreview|4
|showteam|p1|Farigiraf||SitrusBerry|ArmorTail|TwinBeam,HelpingHand,TrickRoom,Protect|Modest||F|||50|]Staraptor||ChoiceScarf|Intimidate|FinalGambit,BraveBird,CloseCombat,Uturn|Jolly||F|||50|]Mawile||Mawilite|HyperCutter|PlayRough,IronHead,SuckerPunch,Protect|Adamant||M|||50|]Camerupt||Cameruptite|SolidRock|HeatWave,AncientPower,EarthPower,Protect|Quiet||M|||50|]Eelektross||LifeOrb|Levitate|GrassKnot,Thunderbolt,Flamethrower,Protect|Quiet||M|||50|]Vivillon-Fancy||FocusSash|CompoundEyes|Hurricane,RagePowder,SleepPowder,Protect|Timid||F|||50|
|showteam|p2|Charizard||CharizarditeY|Blaze|HeatWave,WeatherBall,SolarBeam,Protect|Modest||F|||50|]Metagross||Metagrossite|ClearBody|IronHead,PsychicFangs,StompingTantrum,Protect|Jolly|||||50|]Aerodactyl||SitrusBerry|Unnerve|RockSlide,DualWingbeat,IceFang,Tailwind|Jolly||M|||50|]Garchomp||LifeOrb|RoughSkin|DragonClaw,Earthquake,RockSlide,Protect|Jolly||F|||50|]Sylveon||FairyFeather|Pixilate|HyperVoice,HyperBeam,QuickAttack,Protect|Modest||M|||50|]Kingambit||FocusSash|Defiant|KowtowCleave,SuckerPunch,IronHead,LowKick|Adamant||M|||50|
|inactive|Battle timer is ON: inactive players will automatically lose when time's up. (requested by acebaltasar25)
|
|t:|1782474722
|teamsize|p1|4
|teamsize|p2|4
|start
|switch|p1a: Vivillon|Vivillon-Fancy, L50, F|100/100
|switch|p1b: Farigiraf|Farigiraf, L50, F|100/100
|switch|p2a: Metagross|Metagross, L50|100/100
|switch|p2b: Kingambit|Kingambit, L50, M|100/100
|turn|1
|inactive|lox1sm has 30 seconds left.
|inactive|lox1sm has 20 seconds left.
|
|t:|1782474759
|detailschange|p2a: Metagross|Metagross-Mega, L50
|-mega|p2a: Metagross|Metagross|Metagrossite
|move|p1a: Vivillon|Rage Powder|p1a: Vivillon
|-singleturn|p1a: Vivillon|move: Rage Powder
|move|p2a: Metagross|Iron Head|p1a: Vivillon
|-enditem|p1a: Vivillon|Focus Sash
|-damage|p1a: Vivillon|1/100
|move|p2b: Kingambit|Kowtow Cleave|p1a: Vivillon
|-crit|p1a: Vivillon
|-damage|p1a: Vivillon|0 fnt
|faint|p1a: Vivillon
|move|p1b: Farigiraf|Trick Room|p1b: Farigiraf
|-fieldstart|move: Trick Room|[of] p1b: Farigiraf
|
|upkeep
|
|t:|1782474764
|switch|p1a: Camerupt|Camerupt, L50, M|100/100
|turn|2
|inactive|lox1sm has 30 seconds left.
|inactive|lox1sm has 20 seconds left.
|
|t:|1782474800
|detailschange|p1a: Camerupt|Camerupt-Mega, L50, M
|-mega|p1a: Camerupt|Camerupt|Cameruptite
|move|p1b: Farigiraf|Helping Hand|p1a: Camerupt
|-singleturn|p1a: Camerupt|Helping Hand|[of] p1b: Farigiraf
|move|p2a: Metagross|Protect|p2a: Metagross
|-singleturn|p2a: Metagross|Protect
|move|p1a: Camerupt|Heat Wave|p2a: Metagross|[spread] p2b
|-activate|p2a: Metagross|move: Protect
|-supereffective|p2b: Kingambit|1
|-enditem|p2b: Kingambit|Focus Sash
|-damage|p2b: Kingambit|1/100
|move|p2b: Kingambit|Kowtow Cleave|p1a: Camerupt
|-damage|p1a: Camerupt|48/100
|
|upkeep
|turn|3
|
|t:|1782474823
|switch|p2a: Aerodactyl|Aerodactyl, L50, M|100/100
|-ability|p2a: Aerodactyl|Unnerve
|move|p1b: Farigiraf|Helping Hand|p1a: Camerupt
|-singleturn|p1a: Camerupt|Helping Hand|[of] p1b: Farigiraf
|move|p1a: Camerupt|Heat Wave|p2a: Aerodactyl|[spread] p2a,p2b
|-resisted|p2a: Aerodactyl|1
|-supereffective|p2b: Kingambit|1
|-damage|p2a: Aerodactyl|51/100
|-damage|p2b: Kingambit|0 fnt
|faint|p2b: Kingambit
|
|upkeep
|
|t:|1782474838
|switch|p2b: Garchomp|Garchomp, L50, F|100/100
|turn|4
|
|t:|1782474861
|move|p1b: Farigiraf|Helping Hand|p1a: Camerupt
|-singleturn|p1a: Camerupt|Helping Hand|[of] p1b: Farigiraf
|move|p1a: Camerupt|Earth Power|p2b: Garchomp
|-damage|p2b: Garchomp|0 fnt
|faint|p2b: Garchomp
|move|p2a: Aerodactyl|Rock Slide|p1a: Camerupt|[spread] p1a,p1b
|-damage|p1a: Camerupt|29/100
|-damage|p1b: Farigiraf|81/100
|
|upkeep
|
|t:|1782474872
|switch|p2b: Metagross|Metagross-Mega, L50|100/100
|turn|5
|
|t:|1782474892
|move|p2b: Metagross|Protect|p2b: Metagross
|-singleturn|p2b: Metagross|Protect
|move|p1a: Camerupt|Ancient Power|p2a: Aerodactyl
|-supereffective|p2a: Aerodactyl|1
|-damage|p2a: Aerodactyl|0 fnt
|faint|p2a: Aerodactyl
|move|p1b: Farigiraf|Twin Beam|p2b: Metagross
|-activate|p2b: Metagross|move: Protect
|
|-fieldend|move: Trick Room
|upkeep
|turn|6
|
|t:|1782474907
|move|p1a: Camerupt|Protect|p1a: Camerupt
|-singleturn|p1a: Camerupt|Protect
|move|p2b: Metagross|Iron Head|p1b: Farigiraf
|-crit|p1b: Farigiraf
|-damage|p1b: Farigiraf|1/100
|-enditem|p1b: Farigiraf|Sitrus Berry|[eat]
|-heal|p1b: Farigiraf|26/100|[from] item: Sitrus Berry
|move|p1b: Farigiraf|Trick Room|p1b: Farigiraf
|-fieldstart|move: Trick Room|[of] p1b: Farigiraf
|
|upkeep
|turn|7
|
|t:|1782474924
|move|p1b: Farigiraf|Helping Hand|p1a: Camerupt
|-singleturn|p1a: Camerupt|Helping Hand|[of] p1b: Farigiraf
|move|p1a: Camerupt|Earth Power|p2b: Metagross
|-supereffective|p2b: Metagross|1
|-damage|p2b: Metagross|0 fnt
|faint|p2b: Metagross
|
|win|acebaltasar25
||acebaltasar25 is ready for game 3.
||lox1sm is ready for game 3.
|uhtml|next|Next: Game 3 of 3
|l|‽acebaltasar25
|player|p1|
