|j|☆Matyupeko
|j|☆Pytonia
|html|MatyupekoPytonia    
|uhtml|bestof|Game 2 of a best-of-3
|t:|1783431384
|gametype|doubles
|player|p1|Matyupeko|1|
|player|p2|Pytonia|lucian|
|gen|9
|tier|[Gen 9 Champions] VGC 2026 Reg M-B (Bo3)
|rule|Species Clause: Limit one of each Pokémon
|rule|Item Clause: Limit 1 of each item
|clearpoke
|poke|p1|Archaludon, L50, M|
|poke|p1|Drampa, L50, M|
|poke|p1|Grimmsnarl, L50, M|
|poke|p1|Pelipper, L50, M|
|poke|p1|Sinistcha-Masterpiece, L50|
|poke|p1|Swampert, L50, M|
|poke|p2|Raichu, L50, F|
|poke|p2|Volcarona, L50, M|
|poke|p2|Milotic, L50, M|
|poke|p2|Ninetales-Alola, L50, M|
|poke|p2|Farigiraf, L50, F|
|poke|p2|Metagross, L50|
|teampreview|4
|showteam|p1|Archaludon||Leftovers|Stamina|DragonPulse,FlashCannon,ElectroShot,Protect|Modest||M|||50|]Drampa||Drampanite|Berserk|HyperVoice,EarthPower,CalmMind,Protect|Modest||M|||50|]Grimmsnarl||LightClay|Prankster|SpiritBreak,PartingShot,LightScreen,Reflect|Careful||M|||50|]Pelipper||FocusSash|Drizzle|Hurricane,WeatherBall,Tailwind,Protect|Modest||M|||50|]Sinistcha-Masterpiece||SitrusBerry|Hospitality|MatchaGotcha,RagePowder,LifeDew,TrickRoom|Bold|||||50|]Swampert||Swampertite|Damp|WaveCrash,Earthquake,IcePunch,Protect|Adamant||M|||50|
|showteam|p2|Raichu||RaichuniteY|LightningRod|ZapCannon,FocusBlast,GrassKnot,Protect|Timid||F|||50|]Volcarona||PasshoBerry|FlameBody|HeatWave,BugBuzz,RagePowder,Protect|Bold||M|||50|]Milotic||Leftovers|Competitive|MuddyWater,Coil,Blizzard,Protect|Bold||M|||50|]Ninetales-Alola||FocusSash|SnowWarning|FreezeDry,DazzlingGleam,Extrasensory,Protect|Timid||M|||50|]Farigiraf||SitrusBerry|ArmorTail|TrickRoom,Psychic,Imprison,Protect|Modest||F|||50|]Metagross||Metagrossite|ClearBody|IronHead,PsychicFangs,IcePunch,Protect|Jolly|||||50|
|
|t:|1783431447
|teamsize|p1|4
|teamsize|p2|4
|start
|switch|p1a: Grimmsnarl|Grimmsnarl, L50, M|100/100
|switch|p1b: Swampert|Swampert, L50, M|100/100
|switch|p2a: Raichu|Raichu, L50, F|100/100
|switch|p2b: Metagross|Metagross, L50|100/100
|turn|1
|
|t:|1783431466
|switch|p2a: Milotic|Milotic, L50, M|100/100
|move|p1b: Swampert|Protect|p1b: Swampert
|-singleturn|p1b: Swampert|Protect
|move|p1a: Grimmsnarl|Reflect|p1a: Grimmsnarl
|-sidestart|p1: Matyupeko|Reflect
|move|p2b: Metagross|Iron Head|p1a: Grimmsnarl
|-supereffective|p1a: Grimmsnarl|1
|-damage|p1a: Grimmsnarl|46/100
|
|upkeep
|turn|2
|
|t:|1783431476
|switch|p1a: Pelipper|Pelipper, L50, M|100/100
|-weather|RainDance|[from] ability: Drizzle|[of] p1a: Pelipper
|detailschange|p1b: Swampert|Swampert-Mega, L50, M
|-mega|p1b: Swampert|Swampert|Swampertite
|move|p2b: Metagross|Protect|p2b: Metagross
|-singleturn|p2b: Metagross|Protect
|move|p1b: Swampert|Earthquake|p2b: Metagross|[spread] p2a
|-activate|p2b: Metagross|move: Protect
|-immune|p1a: Pelipper
|-damage|p2a: Milotic|59/100
|move|p2a: Milotic|Coil|p2a: Milotic
|-boost|p2a: Milotic|atk|1
|-boost|p2a: Milotic|def|1
|-boost|p2a: Milotic|accuracy|1
|
|-weather|RainDance|[upkeep]
|-heal|p2a: Milotic|65/100|[from] item: Leftovers
|upkeep
|turn|3
|
|t:|1783431504
|move|p1b: Swampert|Earthquake|p2a: Milotic|[spread] p2a,p2b
|-immune|p1a: Pelipper
|-supereffective|p2b: Metagross|1
|-damage|p2a: Milotic|37/100
|-damage|p2b: Metagross|19/100
|move|p2b: Metagross|Psychic Fangs|p1a: Pelipper
|-sideend|p1: Matyupeko|Reflect
|-damage|p1a: Pelipper|47/100
|move|p1a: Pelipper|Hurricane|p2a: Milotic
|-damage|p2a: Milotic|3/100
|move|p2a: Milotic|Muddy Water|p1a: Pelipper|[spread] p1a,p1b
|-resisted|p1a: Pelipper|1
|-damage|p1a: Pelipper|13/100
|-damage|p1b: Swampert|62/100
|
|-weather|RainDance|[upkeep]
|-heal|p2a: Milotic|9/100|[from] item: Leftovers
|upkeep
|turn|4
|c|☆Pytonia|Bakit ang lambot ni milotic :(
|
|t:|1783431549
|switch|p2a: Ninetales|Ninetales-Alola, L50, M|100/100
|-weather|Snowscape|[from] ability: Snow Warning|[of] p2a: Ninetales
|move|p2b: Metagross|Psychic Fangs|p1a: Pelipper
|-damage|p1a: Pelipper|0 fnt
|faint|p1a: Pelipper
|move|p1b: Swampert|Earthquake|p2a: Ninetales|[spread] p2a,p2b
|-supereffective|p2b: Metagross|1
|-damage|p2a: Ninetales|55/100
|-damage|p2b: Metagross|0 fnt
|faint|p2b: Metagross
|
|-weather|Snowscape|[upkeep]
|upkeep
|
|t:|1783431563
|switch|p2b: Raichu|Raichu, L50, F|100/100
|switch|p1a: Archaludon|Archaludon, L50, M|100/100
|turn|5
|
|t:|1783431593
|detailschange|p2b: Raichu|Raichu-Mega-Y, L50, F
|-mega|p2b: Raichu|Raichu|Raichunite Y
|move|p1a: Archaludon|Protect|p1a: Archaludon
|-singleturn|p1a: Archaludon|Protect
|move|p2b: Raichu|Focus Blast|p1a: Archaludon
|-activate|p1a: Archaludon|move: Protect
|move|p2a: Ninetales|Freeze-Dry|p1b: Swampert
|-supereffective|p1b: Swampert|2
|-damage|p1b: Swampert|0 fnt
|faint|p1b: Swampert
|
|-weather|Snowscape|[upkeep]
|upkeep
|
|t:|1783431603
|switch|p1b: Grimmsnarl|Grimmsnarl, L50, M|46/100
|turn|6
|
|t:|1783431621
|move|p1b: Grimmsnarl|Light Screen|p1b: Grimmsnarl
|-sidestart|p1: Matyupeko|move: Light Screen
|move|p2b: Raichu|Zap Cannon|p1b: Grimmsnarl
|-damage|p1b: Grimmsnarl|2/100
|-status|p1b: Grimmsnarl|par
|move|p2a: Ninetales|Dazzling Gleam|p1a: Archaludon|[spread] p1a,p1b
|-supereffective|p1b: Grimmsnarl|1
|-damage|p1a: Archaludon|82/100
|-damage|p1b: Grimmsnarl|0 fnt
|-ability|p1a: Archaludon|Stamina|boost
|-boost|p1a: Archaludon|def|1
|faint|p1b: Grimmsnarl
|move|p1a: Archaludon|Flash Cannon|p2a: Ninetales
|-supereffective|p2a: Ninetales|2
|-damage|p2a: Ninetales|0 fnt
|faint|p2a: Ninetales
|
|-weather|Snowscape|[upkeep]
|-heal|p1a: Archaludon|88/100|[from] item: Leftovers
|upkeep
|
|t:|1783431624
|switch|p2a: Milotic|Milotic, L50, M|9/100
|turn|7
|
|t:|1783431636
|move|p2b: Raichu|Focus Blast|p1a: Archaludon
|-supereffective|p1a: Archaludon|1
|-damage|p1a: Archaludon|20/100y
|-ability|p1a: Archaludon|Stamina|boost
|-boost|p1a: Archaludon|def|1
|move|p1a: Archaludon|Dragon Pulse|p2a: Milotic
|-crit|p2a: Milotic
|-damage|p2a: Milotic|0 fnt
|faint|p2a: Milotic
|
|-weather|Snowscape|[upkeep]
|-heal|p1a: Archaludon|26/100|[from] item: Leftovers
|upkeep
|turn|8
|
|t:|1783431645
|move|p2b: Raichu|Focus Blast|p1a: Archaludon
|-supereffective|p1a: Archaludon|1
|-damage|p1a: Archaludon|0 fnt
|faint|p1a: Archaludon
|
|win|Pytonia
||Matyupeko is ready for game 3.
||Pytonia is ready for game 3.
|uhtml|next|Next: Game 3 of 3
|l|☆Matyupeko
|player|p1|
