|j|☆Perhaps Perish?
|j|☆ScrewSalesman
|html|Perhaps Perish?ScrewSalesman    
|uhtml|bestof|Game 2 of a best-of-3
|t:|1757721799
|gametype|doubles
|player|p1|Perhaps Perish?|steven|1276
|player|p2|ScrewSalesman|cynthia-gen4|1339
|gen|9
|tier|[Gen 9] VGC 2025 Reg H (Bo3)
|rated|
|rule|Species Clause: Limit one of each Pokémon
|rule|Item Clause: Limit 1 of each item
|clearpoke
|poke|p1|Greninja-*, L50, F|
|poke|p1|Archaludon, L50, F|
|poke|p1|Sinistcha, L50|
|poke|p1|Pelipper, L50, M|
|poke|p1|Annihilape, L50, M|
|poke|p1|Basculegion, L50, M|
|poke|p2|Porygon2, L50|
|poke|p2|Incineroar, L50, F|
|poke|p2|Ursaluna, L50, M|
|poke|p2|Jumpluff, L50, F|
|poke|p2|Charizard, L50, F|
|poke|p2|Torkoal, L50, F|
|teampreview|4
|showteam|p1|Greninja||LoadedDice|Torrent|WaterShuriken,DarkPulse,Haze,Taunt|||F|||50|,,,,,Ghost]Archaludon||AssaultVest|Stamina|ElectroShot,DragonPulse,Snarl,BodyPress|||F|||50|,,,,,Grass]Sinistcha||SitrusBerry|Hospitality|LifeDew,TrickRoom,RagePowder,MatchaGotcha||||||50|,,,,,Water]Pelipper||CovertCloak|Drizzle|WeatherBall,Hurricane,Tailwind,Protect|||M|||50|,,,,,Grass]Annihilape||ChoiceScarf|Defiant|FinalGambit,CloseCombat,RageFist,Uturn|||M|||50|,,,,,Grass]Basculegion||ChoiceBand|SwiftSwim|WaveCrash,LastRespects,AquaJet,FlipTurn|||M|||50|,,,,,Water
|showteam|p2|Porygon2||Eviolite|Download|TeraBlast,IceBeam,TrickRoom,Recover||||||50|,,,,,Fighting]Incineroar||SitrusBerry|Intimidate|FakeOut,KnockOff,FlareBlitz,PartingShot|||F|||50|,,,,,Ghost]Ursaluna||FlameOrb|Guts|HeadlongRush,Facade,Earthquake,Protect|||M|||50|,,,,,Ghost]Jumpluff||CovertCloak|Chlorophyll|RagePowder,SunnyDay,Tailwind,SleepPowder|||F|||50|,,,,,Water]Charizard||ChoiceSpecs|SolarPower|HeatWave,Overheat,WeatherBall,SolarBeam|||F|||50|,,,,,Ghost]Torkoal||EjectPack|Drought|Overheat,Eruption,HelpingHand,Protect|||F|||50|,,,,,Fire
|inactive|Battle timer is ON: inactive players will automatically lose when time's up. (requested by ScrewSalesman)
|j| TheOneAndOnlyChat
|inactive|ScrewSalesman has 60 seconds left.
|
|t:|1757721843
|teamsize|p1|4
|teamsize|p2|4
|start
|switch|p1a: good pokemon|Greninja, L50, F, shiny|100/100
|switch|p1b: Bridge/Stapeler?|Archaludon, L50, F, shiny|100/100
|switch|p2a: Charizard|Charizard, L50, F, shiny|100/100
|switch|p2b: Jumpluff|Jumpluff, L50, F|100/100
|turn|1
|
|t:|1757721868
|switch|p1b: Inflated Toucan|Pelipper, L50, M, shiny|100/100
|-weather|RainDance|[from] ability: Drizzle|[of] p1b: Inflated Toucan
|move|p1a: good pokemon|Water Shuriken|p2a: Charizard
|-supereffective|p2a: Charizard
|-damage|p2a: Charizard|72/100
|-supereffective|p2a: Charizard
|-damage|p2a: Charizard|45/100
|-supereffective|p2a: Charizard
|-damage|p2a: Charizard|20/100
|-supereffective|p2a: Charizard
|-damage|p2a: Charizard|0 fnt
|faint|p2a: Charizard
|-hitcount|p2: Charizard|4
|move|p2b: Jumpluff|Sunny Day|p2b: Jumpluff
|-weather|SunnyDay
|
|-weather|SunnyDay|[upkeep]
|upkeep
|
|t:|1757721874
|switch|p2a: Porygon2|Porygon2, L50, shiny|100/100
|-ability|p2a: Porygon2|Download|boost
|-boost|p2a: Porygon2|spa|1
|turn|2
|inactive|Perhaps Perish? has 30 seconds left.
|
|t:|1757721902
|move|p2b: Jumpluff|Sleep Powder|p1a: good pokemon
|-status|p1a: good pokemon|slp|[from] move: Sleep Powder
|cant|p1a: good pokemon|slp
|move|p1b: Inflated Toucan|Weather Ball|p2b: Jumpluff
|-supereffective|p2b: Jumpluff
|-damage|p2b: Jumpluff|3/100
|move|p2a: Porygon2|Tera Blast|p1b: Inflated Toucan
|-damage|p1b: Inflated Toucan|5/100
|
|-weather|SunnyDay|[upkeep]
|upkeep
|turn|3
|
|t:|1757721919
|switch|p1b: cupa|Sinistcha, L50|100/100
|cant|p1a: good pokemon|slp
|move|p2b: Jumpluff|Sleep Powder|p1b: cupa
|-immune|p1b: cupa
|move|p2a: Porygon2|Trick Room|p2a: Porygon2
|-fieldstart|move: Trick Room|[of] p2a: Porygon2
|
|-weather|SunnyDay|[upkeep]
|upkeep
|turn|4
|inactive|Perhaps Perish? has 30 seconds left.
|
|t:|1757721951
|switch|p2b: Incineroar|Incineroar, L50, F|100/100
|-ability|p2b: Incineroar|Intimidate|boost
|-unboost|p1a: good pokemon|atk|1
|-unboost|p1b: cupa|atk|1
|-terastallize|p1b: cupa|Water
|move|p2a: Porygon2|Ice Beam|p1b: cupa
|-resisted|p1b: cupa
|-crit|p1b: cupa
|-damage|p1b: cupa|72/100
|-curestatus|p1a: good pokemon|slp|[msg]
|move|p1a: good pokemon|Dark Pulse|p2b: Incineroar
|-resisted|p2b: Incineroar
|-damage|p2b: Incineroar|84/100
|move|p1b: cupa|Trick Room|p1b: cupa
|-fieldend|move: Trick Room
|
|-weather|SunnyDay|[upkeep]
|upkeep
|turn|5
|inactive|Perhaps Perish? has 30 seconds left.
|inactive|ScrewSalesman has 30 seconds left.
|
|t:|1757721987
|switch|p1a: Bridge/Stapeler?|Archaludon, L50, F, shiny|100/100
|move|p1b: cupa|Life Dew||[still]|[spread] p1a,p1b
|-fail|p1a: Bridge/Stapeler?|heal
|-heal|p1b: cupa|98/100
|move|p2b: Incineroar|Knock Off|p1b: cupa
|-damage|p1b: cupa|49/100
|-enditem|p1b: cupa|Sitrus Berry|[from] move: Knock Off|[of] p2b: Incineroar
|move|p2a: Porygon2|Tera Blast|p1b: cupa
|-damage|p1b: cupa|0 fnt
|faint|p1b: cupa
|
|-weather|none
|upkeep
|
|t:|1757722002
|switch|p1b: good pokemon|Greninja, L50, F, shiny|100/100
|turn|6
|inactive|Perhaps Perish? has 30 seconds left.
|inactive|ScrewSalesman has 30 seconds left.
|inactive|Perhaps Perish? has 20 seconds left.
|inactive|Perhaps Perish? has 15 seconds left.
|inactive|Perhaps Perish? has 10 seconds left.
|
|t:|1757722048
|-terastallize|p2a: Porygon2|Fighting
|move|p1b: good pokemon|Water Shuriken|p1a: Bridge/Stapeler?
|-resisted|p1a: Bridge/Stapeler?
|-damage|p1a: Bridge/Stapeler?|98/100
|-ability|p1a: Bridge/Stapeler?|Stamina|boost
|-boost|p1a: Bridge/Stapeler?|def|1
|-resisted|p1a: Bridge/Stapeler?
|-damage|p1a: Bridge/Stapeler?|96/100
|-ability|p1a: Bridge/Stapeler?|Stamina|boost
|-boost|p1a: Bridge/Stapeler?|def|1
|-resisted|p1a: Bridge/Stapeler?
|-damage|p1a: Bridge/Stapeler?|94/100
|-ability|p1a: Bridge/Stapeler?|Stamina|boost
|-boost|p1a: Bridge/Stapeler?|def|1
|-resisted|p1a: Bridge/Stapeler?
|-damage|p1a: Bridge/Stapeler?|92/100
|-ability|p1a: Bridge/Stapeler?|Stamina|boost
|-boost|p1a: Bridge/Stapeler?|def|1
|-hitcount|p1a: Bridge/Stapeler?|4
|move|p1a: Bridge/Stapeler?|Body Press|p2a: Porygon2
|-damage|p2a: Porygon2|57/100
|move|p2b: Incineroar|Knock Off|p1a: Bridge/Stapeler?
|-damage|p1a: Bridge/Stapeler?|81/100
|-ability|p1a: Bridge/Stapeler?|Stamina|boost
|-boost|p1a: Bridge/Stapeler?|def|1
|-enditem|p1a: Bridge/Stapeler?|Assault Vest|[from] move: Knock Off|[of] p2b: Incineroar
|move|p2a: Porygon2|Tera Blast|p1a: Bridge/Stapeler?|[anim] Tera Blast Fighting
|-supereffective|p1a: Bridge/Stapeler?
|-damage|p1a: Bridge/Stapeler?|0 fnt
|faint|p1a: Bridge/Stapeler?
|
|upkeep
|
|t:|1757722067
|switch|p1a: Inflated Toucan|Pelipper, L50, M, shiny|5/100
|-weather|RainDance|[from] ability: Drizzle|[of] p1a: Inflated Toucan
|turn|7
|inactive|Perhaps Perish? has 30 seconds left.
|
|t:|1757722101
|move|p1b: good pokemon|Water Shuriken|p2b: Incineroar
|-supereffective|p2b: Incineroar
|-damage|p2b: Incineroar|63/100
|-supereffective|p2b: Incineroar
|-damage|p2b: Incineroar|39/100
|-enditem|p2b: Incineroar|Sitrus Berry|[eat]
|-heal|p2b: Incineroar|64/100|[from] item: Sitrus Berry
|-supereffective|p2b: Incineroar
|-damage|p2b: Incineroar|45/100
|-supereffective|p2b: Incineroar
|-damage|p2b: Incineroar|23/100
|-hitcount|p2b: Incineroar|4
|move|p1a: Inflated Toucan|Hurricane|p2b: Incineroar
|-damage|p2b: Incineroar|0 fnt
|faint|p2b: Incineroar
|move|p2a: Porygon2|Trick Room|p2a: Porygon2
|-fieldstart|move: Trick Room|[of] p2a: Porygon2
|
|-weather|RainDance|[upkeep]
|upkeep
|
|t:|1757722104
|switch|p2b: Jumpluff|Jumpluff, L50, F|3/100
|turn|8
|
|t:|1757722120
|move|p1a: Inflated Toucan|Protect|p1a: Inflated Toucan
|-singleturn|p1a: Inflated Toucan|Protect
|move|p2b: Jumpluff|Rage Powder|p2b: Jumpluff
|-singleturn|p2b: Jumpluff|move: Rage Powder
|move|p1b: good pokemon|Water Shuriken|p2b: Jumpluff
|-resisted|p2b: Jumpluff
|-damage|p2b: Jumpluff|0 fnt
|faint|p2b: Jumpluff
|-hitcount|p2: Jumpluff|1
|move|p2a: Porygon2|Tera Blast|p1b: good pokemon|[anim] Tera Blast Fighting
|-supereffective|p1b: good pokemon
|-damage|p1b: good pokemon|0 fnt
|faint|p1b: good pokemon
|
|-weather|RainDance|[upkeep]
|upkeep
|turn|9
|
|t:|1757722130
|move|p2a: Porygon2|Ice Beam|p1a: Inflated Toucan
|-damage|p1a: Inflated Toucan|0 fnt
|faint|p1a: Inflated Toucan
|
|win|ScrewSalesman
||ScrewSalesman is ready for game 3.
||Perhaps Perish? is ready for game 3.
|uhtml|next|Next: Game 3 of 3
|l|☆Perhaps Perish?
|player|p1|
|l| theoneandonlychat
