|j|☆natsukivgc
|j|☆L7egend
|html|natsukivgcL7egend    
|uhtml|bestof|Game 2 of a best-of-3
|t:|1785684005
|gametype|doubles
|player|p1|natsukivgc|265|1208
|player|p2|L7egend|169|1184
|gen|9
|tier|[Gen 9 Champions] VGC 2026 Reg M-B (Bo3)
|rated|
|rule|Species Clause: Limit one of each Pokémon
|rule|Item Clause: Limit 1 of each item
|clearpoke
|poke|p1|Garchomp, L50, F|
|poke|p1|Charizard, L50, M|
|poke|p1|Kingambit, L50, F|
|poke|p1|Basculegion, L50, M|
|poke|p1|Whimsicott, L50, F|
|poke|p1|Floette-Eternal, L50, F|
|poke|p2|Clefable, L50, M|
|poke|p2|Gholdengo, L50|
|poke|p2|Kommo-o, L50, F|
|poke|p2|Volcarona, L50, F|
|poke|p2|Glimmora, L50, F|
|poke|p2|Hydreigon, L50, M|
|teampreview|4
|showteam|p1|Garchomp||SitrusBerry|RoughSkin|RockSlide,DragonTail,StompingTantrum,PoisonJab|Adamant||F|||50|]Charizard||CharizarditeY|Blaze|HeatWave,SolarBeam,WeatherBall,Protect|Modest||M|||50|]Kingambit||LifeOrb|Defiant|KowtowCleave,IronHead,SuckerPunch,LowKick|Adamant||F|||50|]Basculegion||ChoiceScarf|Adaptability|LastRespects,WaveCrash,FlipTurn,AquaJet|Jolly||M|||50|]Whimsicott||FocusSash|Prankster|Tailwind,Moonblast,Encore,Protect|Timid||F|||50|]Floette-Eternal||Floettite|FlowerVeil|DazzlingGleam,Moonblast,LightofRuin,Protect|Modest||F|||50|
|showteam|p2|Clefable||Clefablite|Unaware|Protect,FollowMe,Thunderbolt,Moonblast|Modest||M|||50|]Gholdengo||SpellTag|GoodasGold|Protect,NastyPlot,ShadowBall,MakeItRain|Modest|||||50|]Kommo-o||LifeOrb|Overcoat|Protect,ClangingScales,VacuumWave,AuraSphere|Modest||F|||50|]Volcarona||FocusSash|FlameBody|Tailwind,RagePowder,StruggleBug,Overheat|Bold||F|||50|]Glimmora||Glimmoranite|ToxicDebris|SpikyShield,PowerGem,SludgeBomb,EarthPower|Modest||F|||50|]Hydreigon||ChoiceScarf|Levitate|Snarl,DarkPulse,DracoMeteor,EarthPower|Modest||M|||50|
|inactive|Battle timer is ON: inactive players will automatically lose when time's up. (requested by L7egend)
|inactive|natsukivgc has 60 seconds left.
|
|t:|1785684039
|teamsize|p1|4
|teamsize|p2|4
|start
|switch|p1a: Basculegion|Basculegion, L50, M|100/100
|switch|p1b: Garchomp|Garchomp, L50, F|100/100
|switch|p2a: Glimmora|Glimmora, L50, F|100/100
|switch|p2b: Volcarona|Volcarona, L50, F|100/100
|turn|1
|inactive|natsukivgc has 30 seconds left.
|
|t:|1785684067
|switch|p2a: Hydreigon|Hydreigon, L50, M|100/100
|move|p1a: Basculegion|Flip Turn|p2a: Hydreigon
|-resisted|p2a: Hydreigon|1
|-damage|p2a: Hydreigon|81/100
|
|t:|1785684075
|switch|p1a: Whimsicott|Whimsicott, L50, F|100/100|[from] Flip Turn
|move|p2b: Volcarona|Tailwind|p2b: Volcarona
|-sidestart|p2: L7egend|move: Tailwind
|move|p1b: Garchomp|Rock Slide|p2a: Hydreigon|[spread] p2b
|-miss|p1b: Garchomp|p2a: Hydreigon
|-supereffective|p2b: Volcarona|2
|-damage|p2b: Volcarona|20/100r
|
|upkeep
|turn|2
|inactive|natsukivgc has 30 seconds left.
|inactive|L7egend has 30 seconds left.
|inactive|L7egend has 20 seconds left.
|
|t:|1785684111
|switch|p1b: Floette|Floette-Eternal, L50, F|100/100
|move|p2a: Hydreigon|Draco Meteor|p1b: Floette
|-immune|p1b: Floette
|move|p2b: Volcarona|Overheat|p1a: Whimsicott
|-supereffective|p1a: Whimsicott|1
|-enditem|p1a: Whimsicott|Focus Sash
|-damage|p1a: Whimsicott|1/100
|-unboost|p2b: Volcarona|spa|2
|move|p1a: Whimsicott|Moonblast|p2a: Hydreigon
|-supereffective|p2a: Hydreigon|2
|-damage|p2a: Hydreigon|0 fnt
|faint|p2a: Hydreigon
|
|upkeep
|inactive|L7egend has 30 seconds left.
|
|t:|1785684146
|switch|p2a: Gholdengo|Gholdengo, L50|100/100
|turn|3
|inactive|natsukivgc has 30 seconds left.
|inactive|L7egend has 30 seconds left.
|
|t:|1785684177
|detailschange|p1b: Floette|Floette-Mega, L50, F
|-mega|p1b: Floette|Floette|Floettite
|-ability|p1b: Floette|Fairy Aura
|move|p1a: Whimsicott|Tailwind|p1a: Whimsicott
|-sidestart|p1: natsukivgc|move: Tailwind
|move|p1b: Floette|Dazzling Gleam|p2b: Volcarona|[spread] p2a,p2b
|-resisted|p2a: Gholdengo|1
|-resisted|p2b: Volcarona|1
|-damage|p2a: Gholdengo|74/100
|-damage|p2b: Volcarona|0 fnt
|faint|p2b: Volcarona
|move|p2a: Gholdengo|Nasty Plot|p2a: Gholdengo
|-boost|p2a: Gholdengo|spa|2
|
|upkeep
|
|t:|1785684188
|switch|p2b: Glimmora|Glimmora, L50, F|100/100
|turn|4
|
|t:|1785684205
|detailschange|p2b: Glimmora|Glimmora-Mega, L50, F
|-mega|p2b: Glimmora|Glimmora|Glimmoranite
|move|p1a: Whimsicott|Protect|p1a: Whimsicott
|-singleturn|p1a: Whimsicott|Protect
|move|p1b: Floette|Protect|p1b: Floette
|-singleturn|p1b: Floette|Protect
|move|p2b: Glimmora|Sludge Bomb|p1a: Whimsicott
|-activate|p1a: Whimsicott|move: Protect
|move|p2a: Gholdengo|Shadow Ball|p1b: Floette
|-activate|p1b: Floette|move: Protect
|
|-sideend|p2: L7egend|move: Tailwind
|upkeep
|turn|5
|inactive|natsukivgc has 30 seconds left.
|inactive|L7egend has 30 seconds left.
|inactive|natsukivgc has 20 seconds left.
|inactive|L7egend has 20 seconds left.
|inactive|natsukivgc has 15 seconds left.
|inactive|L7egend has 15 seconds left.
|inactive|L7egend has 10 seconds left.
|inactive|L7egend has 5 seconds left.
|
|t:|1785684258
|switch|p1a: Basculegion|Basculegion, L50, M|100/100
|move|p1b: Floette|Light of Ruin|p2b: Glimmora
|-resisted|p2b: Glimmora|1
|-damage|p2b: Glimmora|36/100
|-damage|p1b: Floette|67/100|[from] Recoil
|move|p2b: Glimmora|Power Gem|p1a: Basculegion
|-damage|p1a: Basculegion|13/100
|move|p2a: Gholdengo|Shadow Ball|p1b: Floette
|-damage|p1b: Floette|0 fnt
|faint|p1b: Floette
|
|upkeep
|
|t:|1785684275
|switch|p1b: Garchomp|Garchomp, L50, F|100/100
|turn|6
|
|t:|1785684285
|move|p2b: Glimmora|Spiky Shield|p2b: Glimmora
|-singleturn|p2b: Glimmora|move: Protect
|move|p2a: Gholdengo|Protect|p2a: Gholdengo
|-singleturn|p2a: Gholdengo|Protect
|move|p1a: Basculegion|Last Respects|p2a: Gholdengo
|-activate|p2a: Gholdengo|move: Protect
|move|p1b: Garchomp|Stomping Tantrum|p2b: Glimmora
|-activate|p2b: Glimmora|move: Protect
|-damage|p1b: Garchomp|87/100|[from] Spiky Shield|[of] p2b: Glimmora
|
|-sideend|p1: natsukivgc|move: Tailwind
|upkeep
|turn|7
|inactive|L7egend has 30 seconds left.
|
|t:|1785684322
|move|p1a: Basculegion|Last Respects|p2a: Gholdengo
|-supereffective|p2a: Gholdengo|1
|-damage|p2a: Gholdengo|0 fnt
|faint|p2a: Gholdengo
|move|p2b: Glimmora|Sludge Bomb|p1b: Garchomp
|-resisted|p1b: Garchomp|1
|-damage|p1b: Garchomp|54/100
|-status|p1b: Garchomp|psn
|move|p1b: Garchomp|Stomping Tantrum|p2b: Glimmora
|-supereffective|p2b: Glimmora|2
|-damage|p2b: Glimmora|0 fnt
|faint|p2b: Glimmora
|
|win|natsukivgc
