|j|‽Juaner95
|j|☆funntymann
|html|Juaner95funntymann    
|uhtml|bestof|Game 1 of a best-of-3
|t:|1785049030
|gametype|doubles
|player|p1|Juaner95|ash-hoenn|1182
|player|p2|funntymann|2|1162
|gen|9
|tier|[Gen 9 Champions] VGC 2026 Reg M-B (Bo3)
|rated|
|rule|Species Clause: Limit one of each Pokémon
|rule|Item Clause: Limit 1 of each item
|clearpoke
|poke|p1|Eelektross, L50, F|
|poke|p1|Ninetales-Alola, L50, F, shiny|
|poke|p1|Talonflame, L50, M|
|poke|p1|Garchomp, L50, M|
|poke|p1|Incineroar, L50, M, shiny|
|poke|p1|Kingambit, L50, M|
|poke|p2|Rotom-Wash, L50|
|poke|p2|Corviknight, L50, M|
|poke|p2|Delphox, L50, F|
|poke|p2|Sinistcha-Masterpiece, L50|
|poke|p2|Sneasler, L50, F|
|poke|p2|Tyranitar, L50, F|
|teampreview|4
|showteam|p1|Eelektross||Eelektrossite|Levitate|SupercellSlam,DrainPunch,Coil,Protect|Adamant||F|||50|]Ninetales-Alola||ChoiceScarf|SnowWarning|Blizzard,FreezeDry,IcyWind,Moonblast|Modest||F|||50|]Talonflame||SharpBeak|GaleWings|BraveBird,FlareBlitz,Tailwind,Protect|Jolly||M|||50|]Garchomp||LifeOrb|RoughSkin|RockSlide,Earthquake,DragonClaw,Protect|Jolly||M|||50|]Incineroar||SitrusBerry|Intimidate|FlareBlitz,ThroatChop,PartingShot,FakeOut|Careful||M|||50|]Kingambit||FocusSash|Defiant|KowtowCleave,SuckerPunch,LowKick,Protect|Adamant||M|||50|
|showteam|p2|Rotom-Wash||SitrusBerry|Levitate|HydroPump,Thunderbolt,WillOWisp,Protect|Modest|||||50|]Corviknight||Leftovers|MirrorArmor|BraveBird,BulkUp,Roost,Tailwind|Careful||M|||50|]Delphox||Delphoxite|Blaze|HeatWave,Psyshock,NastyPlot,Protect|Timid||F|||50|]Sinistcha-Masterpiece||ColburBerry|Hospitality|MatchaGotcha,RagePowder,TrickRoom,LifeDew|Bold|||||50|]Sneasler||FocusSash|PoisonTouch|CloseCombat,DireClaw,FakeOut,QuickGuard|Jolly||F|||50|]Tyranitar||Tyranitarite|SandStream|KnockOff,RockSlide,Protect,LowKick|Adamant||F|||50|
|inactive|Battle timer is ON: inactive players will automatically lose when time's up. (requested by funntymann)
|inactive|Juaner95 has 60 seconds left.
|inactive|Juaner95 has 30 seconds left.
|inactive|Juaner95 has 20 seconds left.
|inactive|Juaner95 has 15 seconds left.
|inactive|Juaner95 has 10 seconds left.
|
|t:|1785049260
|teamsize|p1|4
|teamsize|p2|4
|start
|switch|p1a: Incineroar|Incineroar, L50, M, shiny|100/100
|switch|p1b: Talonflame|Talonflame, L50, M|100/100
|switch|p2a: Delphox|Delphox, L50, F|100/100
|switch|p2b: Sneasler|Sneasler, L50, F|100/100
|-ability|p1a: Incineroar|Intimidate|boost
|-unboost|p2a: Delphox|atk|1
|-unboost|p2b: Sneasler|atk|1
|turn|1
|inactive|funntymann has 30 seconds left.
|
|t:|1785049286
|detailschange|p2a: Delphox|Delphox-Mega, L50, F
|-mega|p2a: Delphox|Delphox|Delphoxite
|move|p1b: Talonflame|Protect|p1b: Talonflame
|-singleturn|p1b: Talonflame|Protect
|move|p2b: Sneasler|Fake Out|p1b: Talonflame
|-activate|p1b: Talonflame|move: Protect
|move|p1a: Incineroar|Fake Out|p2b: Sneasler
|-damage|p2b: Sneasler|82/100
|move|p2a: Delphox|Nasty Plot|p2a: Delphox
|-boost|p2a: Delphox|spa|2
|
|upkeep
|turn|2
|inactive|funntymann has 30 seconds left.
|inactive|funntymann has 20 seconds left.
|inactive|funntymann has 15 seconds left.
|inactive|funntymann has 10 seconds left.
|inactive|funntymann has 5 seconds left.
|
|t:|1785049337
|switch|p2b: Rotom|Rotom-Wash, L50|100/100
|move|p1b: Talonflame|Tailwind|p1b: Talonflame
|-sidestart|p1: Juaner95|move: Tailwind
|move|p2a: Delphox|Heat Wave|p1a: Incineroar|[spread] p1a,p1b
|-resisted|p1a: Incineroar|1
|-resisted|p1b: Talonflame|1
|-damage|p1a: Incineroar|68/100
|-damage|p1b: Talonflame|31/100
|move|p1a: Incineroar|Throat Chop|p2a: Delphox
|-supereffective|p2a: Delphox|1
|-damage|p2a: Delphox|11/100
|-start|p2a: Delphox|Throat Chop|[silent]
|
|upkeep
|turn|3
|inactive|Juaner95 has 30 seconds left.
|
|t:|1785049368
|move|p1b: Talonflame|Brave Bird|p2a: Delphox
|-damage|p2a: Delphox|0 fnt
|faint|p2a: Delphox
|-damage|p1b: Talonflame|27/100|[from] Recoil
|move|p1a: Incineroar|Parting Shot|p2b: Rotom
|-unboost|p2b: Rotom|atk|1
|-unboost|p2b: Rotom|spa|1
|
|t:|1785049377
|switch|p1a: Eelektross|Eelektross, L50, F|100/100|[from] Parting Shot
|move|p2b: Rotom|Hydro Pump|p1a: Eelektross
|-damage|p1a: Eelektross|63/100
|
|upkeep
|
|t:|1785049384
|switch|p2a: Corviknight|Corviknight, L50, M|100/100
|turn|4
|
|t:|1785049399
|switch|p2a: Sneasler|Sneasler, L50, F|82/100
|detailschange|p1a: Eelektross|Eelektross-Mega, L50, F
|-mega|p1a: Eelektross|Eelektross|Eelektrossite
|move|p1b: Talonflame|Flare Blitz|p2a: Sneasler
|-damage|p2a: Sneasler|1/100
|-damage|p1b: Talonflame|0 fnt|[from] Recoil
|faint|p1b: Talonflame
|move|p1a: Eelektross|Coil|p1a: Eelektross
|-boost|p1a: Eelektross|atk|1
|-boost|p1a: Eelektross|def|1
|-boost|p1a: Eelektross|accuracy|1
|move|p2b: Rotom|Will-O-Wisp|p1a: Eelektross|[miss]
|-miss|p2b: Rotom|p1a: Eelektross
|
|upkeep
|
|t:|1785049405
|switch|p1b: Incineroar|Incineroar, L50, M, shiny|68/100
|-ability|p1b: Incineroar|Intimidate|boost
|-unboost|p2a: Sneasler|atk|1
|-unboost|p2b: Rotom|atk|1
|turn|5
|
|t:|1785049414
|move|p1a: Eelektross|Protect|p1a: Eelektross
|-singleturn|p1a: Eelektross|Protect
|move|p2a: Sneasler|Fake Out|p1b: Incineroar
|-damage|p1b: Incineroar|59/100
|cant|p1b: Incineroar|flinch
|move|p2b: Rotom|Will-O-Wisp|p1a: Eelektross
|-activate|p1a: Eelektross|move: Protect
|
|-sideend|p1: Juaner95|move: Tailwind
|upkeep
|turn|6
|
|t:|1785049431
|move|p2a: Sneasler|Close Combat|p1b: Incineroar
|-supereffective|p1b: Incineroar|1
|-damage|p1b: Incineroar|0 fnt
|-unboost|p2a: Sneasler|def|1
|-unboost|p2a: Sneasler|spd|1
|faint|p1b: Incineroar
|move|p1a: Eelektross|Supercell Slam|p2b: Rotom
|-damage|p2b: Rotom|17/100
|-enditem|p2b: Rotom|Sitrus Berry|[eat]
|-heal|p2b: Rotom|42/100|[from] item: Sitrus Berry
|move|p2b: Rotom|Will-O-Wisp|p1a: Eelektross
|-status|p1a: Eelektross|brn
|
|-damage|p1a: Eelektross|57/100 brn|[from] brn
|upkeep
|
|t:|1785049436
|switch|p1b: Ninetales|Ninetales-Alola, L50, F, shiny|100/100
|-weather|Snowscape|[from] ability: Snow Warning|[of] p1b: Ninetales
|turn|7
|inactive|funntymann has 30 seconds left.
|inactive|funntymann has 20 seconds left.
|inactive|funntymann has 15 seconds left.
|
|t:|1785049479
|move|p1b: Ninetales|Blizzard|p2a: Sneasler|[spread] p2a,p2b
|-resisted|p2b: Rotom|1
|-damage|p2a: Sneasler|0 fnt
|-damage|p2b: Rotom|27/100
|faint|p2a: Sneasler
|move|p1a: Eelektross|Supercell Slam|p2b: Rotom
|-damage|p2b: Rotom|0 fnt
|faint|p2b: Rotom
|-ability|p1a: Eelektross|Eelevate|boost
|-boost|p1a: Eelektross|atk|1
|
|-weather|Snowscape|[upkeep]
|-damage|p1a: Eelektross|51/100 brn|[from] brn
|upkeep
|
|t:|1785049486
|switch|p2b: Corviknight|Corviknight, L50, M|100/100
|turn|8
|
|t:|1785049499
|move|p1b: Ninetales|Blizzard|p2b: Corviknight
|-damage|p2b: Corviknight|63/100
|move|p1a: Eelektross|Supercell Slam|p2b: Corviknight
|-supereffective|p2b: Corviknight|1
|-damage|p2b: Corviknight|0 fnt
|faint|p2b: Corviknight
|
|win|Juaner95
||funntymann is ready for game 2.
|inactive|Juaner95 has 30 seconds to confirm battle start!
|inactive|Juaner95 has 20 seconds to confirm battle start!
|inactive|Juaner95 has 10 seconds to confirm battle start!
|uhtml|next|Next: Game 2 of 3
