|j|☆the country mouse
|j|☆ThePokemonNerdMan
|html|the country mouseThePokemonNerdMan    
|uhtml|bestof|Game 1 of a best-of-3
|t:|1784221438
|gametype|doubles
|player|p1|the country mouse|tate|1040
|player|p2|ThePokemonNerdMan|cynthia|1000
|gen|9
|tier|[Gen 9 Champions] VGC 2026 Reg M-B (Bo3)
|rated|
|rule|Species Clause: Limit one of each Pokémon
|rule|Item Clause: Limit 1 of each item
|clearpoke
|poke|p1|Gengar, L50, F, shiny|
|poke|p1|Swampert, L50, F, shiny|
|poke|p1|Incineroar, L50, F|
|poke|p1|Politoed, L50, M|
|poke|p1|Archaludon, L50, F|
|poke|p1|Vivillon, L50, M|
|poke|p2|Gengar, L50, M|
|poke|p2|Whimsicott, L50, F|
|poke|p2|Sinistcha-Masterpiece, L50|
|poke|p2|Staraptor, L50, M|
|poke|p2|Goodra-Hisui, L50, M|
|poke|p2|Grimmsnarl, L50, M|
|teampreview|4
|showteam|p1|Gengar||Gengarite|CursedBody|SludgeBomb,ShadowBall,PerishSong,Protect|Timid||F|||50|]Swampert||Swampertite|Damp|WaveCrash,Earthquake,IcePunch,Protect|Adamant||F|||50|]Incineroar||PasshoBerry|Intimidate|ThroatChop,PartingShot,FakeOut,Protect|Sassy||F|||50|]Politoed||SitrusBerry|Drizzle|WeatherBall,PerishSong,Encore,Protect|Calm||M|||50|]Archaludon||Leftovers|Stamina|DragonPulse,FlashCannon,ElectroShot,Protect|Bold||F|||50|]Vivillon||FocusSash|CompoundEyes|Hurricane,SleepPowder,RagePowder,Protect|Timid||M|||50|
|showteam|p2|Gengar||Gengarite|CursedBody|PerishSong,Disable,Protect,ShadowBall|Timid||M|||50|]Whimsicott||FocusSash|Prankster|Tailwind,Moonblast,Encore,Protect|Timid||F|||50|]Sinistcha-Masterpiece||SitrusBerry|Hospitality|RagePowder,LifeDew,MatchaGotcha,StrengthSap|Bold|||||50|]Staraptor||Staraptite|Intimidate|CloseCombat,BlazeKick,DualWingbeat,Protect|Jolly||M|||50|]Goodra-Hisui||QuickClaw|ShellArmor|ScaryFace,Charm,LifeDew,HydroPump|Bold||M|||50|]Grimmsnarl||LightClay|Prankster|LightScreen,Reflect,FakeOut,SpiritBreak|Impish||M|||50|
|
|t:|1784221463
|teamsize|p1|4
|teamsize|p2|4
|start
|switch|p1a: MARIPOSAS|Vivillon, L50, M|100/100
|switch|p1b: SUPERESTRELLA|Swampert, L50, F, shiny|100/100
|switch|p2a: Whimsicott|Whimsicott, L50, F|100/100
|switch|p2b: Grimmsnarl|Grimmsnarl, L50, M|100/100
|turn|1
|inactive|Battle timer is ON: inactive players will automatically lose when time's up. (requested by the country mouse)
|
|t:|1784221474
|detailschange|p1b: SUPERESTRELLA|Swampert-Mega, L50, F, shiny
|-mega|p1b: SUPERESTRELLA|Swampert|Swampertite
|move|p2b: Grimmsnarl|Fake Out|p1a: MARIPOSAS
|-damage|p1a: MARIPOSAS|76/100
|move|p2a: Whimsicott|Tailwind|p2a: Whimsicott
|-sidestart|p2: ThePokemonNerdMan|move: Tailwind
|cant|p1a: MARIPOSAS|flinch
|move|p1b: SUPERESTRELLA|Earthquake|p2a: Whimsicott|[spread] p2a,p2b
|-immune|p1a: MARIPOSAS
|-resisted|p2a: Whimsicott|1
|-damage|p2a: Whimsicott|62/100
|-damage|p2b: Grimmsnarl|61/100
|
|upkeep
|turn|2
|
|t:|1784221493
|move|p1a: MARIPOSAS|Protect|p1a: MARIPOSAS
|-singleturn|p1a: MARIPOSAS|Protect
|move|p2a: Whimsicott|Tailwind||[still]
|-fail|p2a: Whimsicott
|move|p2b: Grimmsnarl|Reflect|p2b: Grimmsnarl
|-sidestart|p2: ThePokemonNerdMan|Reflect
|move|p1b: SUPERESTRELLA|Earthquake|p2b: Grimmsnarl|[spread] p2a,p2b
|-activate|p1a: MARIPOSAS|move: Protect
|-resisted|p2a: Whimsicott|1
|-damage|p2a: Whimsicott|40/100
|-damage|p2b: Grimmsnarl|35/100
|
|upkeep
|turn|3
|
|t:|1784221515
|switch|p1a: TRANKIS|Politoed, L50, M|100/100
|-weather|RainDance|[from] ability: Drizzle|[of] p1a: TRANKIS
|move|p2a: Whimsicott|Protect|p2a: Whimsicott
|-singleturn|p2a: Whimsicott|Protect
|move|p2b: Grimmsnarl|Light Screen|p2b: Grimmsnarl
|-sidestart|p2: ThePokemonNerdMan|move: Light Screen
|move|p1b: SUPERESTRELLA|Wave Crash|p2b: Grimmsnarl
|-damage|p2b: Grimmsnarl|0 fnt
|faint|p2b: Grimmsnarl
|-damage|p1b: SUPERESTRELLA|87/100|[from] Recoil
|
|-weather|RainDance|[upkeep]
|upkeep
|
|t:|1784221533
|switch|p2b: Gengar|Gengar, L50, M|100/100
|turn|4
|
|t:|1784221558
|detailschange|p2b: Gengar|Gengar-Mega, L50, M
|-mega|p2b: Gengar|Gengar|Gengarite
|move|p2b: Gengar|Protect|p2b: Gengar
|-singleturn|p2b: Gengar|Protect
|move|p2a: Whimsicott|Encore|p1b: SUPERESTRELLA
|-start|p1b: SUPERESTRELLA|Encore
|move|p1b: SUPERESTRELLA|Wave Crash|p2b: Gengar
|-activate|p2b: Gengar|move: Protect
|move|p1a: TRANKIS|Encore||[still]
|-fail|p1a: TRANKIS
|
|-weather|RainDance|[upkeep]
|-sideend|p2: ThePokemonNerdMan|move: Tailwind
|upkeep
|turn|5
|
|t:|1784221580
|move|p2b: Gengar|Protect|p2b: Gengar
|-singleturn|p2b: Gengar|Protect
|move|p2a: Whimsicott|Tailwind|p2a: Whimsicott
|-sidestart|p2: ThePokemonNerdMan|move: Tailwind
|move|p1b: SUPERESTRELLA|Wave Crash|p2b: Gengar
|-activate|p2b: Gengar|move: Protect
|move|p1a: TRANKIS|Perish Song|p1a: TRANKIS
|-start|p1a: TRANKIS|perish3|[silent]
|-start|p1b: SUPERESTRELLA|perish3|[silent]
|-start|p2a: Whimsicott|perish3|[silent]
|-start|p2b: Gengar|perish3|[silent]
|-fieldactivate|move: Perish Song
|
|-weather|RainDance|[upkeep]
|-start|p2b: Gengar|perish3
|-start|p2a: Whimsicott|perish3
|-start|p1b: SUPERESTRELLA|perish3
|-start|p1a: TRANKIS|perish3
|upkeep
|turn|6
|
|t:|1784221599
|move|p2a: Whimsicott|Encore|p1a: TRANKIS
|-start|p1a: TRANKIS|Encore
|move|p2b: Gengar|Disable|p1b: SUPERESTRELLA
|-start|p1b: SUPERESTRELLA|Disable|Wave Crash
|cant|p1b: SUPERESTRELLA|Disable|Wave Crash
|move|p1a: TRANKIS|Perish Song||[still]
|-fail|p1a: TRANKIS
|
|-weather|RainDance|[upkeep]
|-end|p1b: SUPERESTRELLA|Encore
|-start|p2b: Gengar|perish2
|-start|p2a: Whimsicott|perish2
|-start|p1b: SUPERESTRELLA|perish2
|-start|p1a: TRANKIS|perish2
|upkeep
|turn|7
|
|t:|1784221620
|move|p2a: Whimsicott|Encore|p1b: SUPERESTRELLA
|-start|p1b: SUPERESTRELLA|Encore
|move|p2b: Gengar|Disable|p1a: TRANKIS
|-start|p1a: TRANKIS|Disable|Perish Song
|cant|p1b: SUPERESTRELLA|Disable|Wave Crash
|cant|p1a: TRANKIS|Disable|Perish Song
|
|-weather|none
|-start|p2b: Gengar|perish1
|-start|p2a: Whimsicott|perish1
|-start|p1b: SUPERESTRELLA|perish1
|-start|p1a: TRANKIS|perish1
|upkeep
|turn|8
|inactive|ThePokemonNerdMan has 30 seconds left.
|inactive|ThePokemonNerdMan has 20 seconds left.
|inactive|ThePokemonNerdMan has 15 seconds left.
|
|t:|1784221662
|switch|p2b: Sinistcha|Sinistcha-Masterpiece, L50|100/100
|-heal|p2a: Whimsicott|64/100|[from] ability: Hospitality|[of] p2b: Sinistcha
|move|p2a: Whimsicott|Moonblast|p1a: TRANKIS
|-damage|p1a: TRANKIS|74/100
|-activate|p1b: SUPERESTRELLA|move: Struggle
|move|p1b: SUPERESTRELLA|Struggle|p2b: Sinistcha
|-damage|p2b: Sinistcha|89/100
|-damage|p1b: SUPERESTRELLA|62/100|[from] recoil
|-activate|p1a: TRANKIS|move: Struggle
|move|p1a: TRANKIS|Struggle|p2b: Sinistcha
|-damage|p2b: Sinistcha|85/100
|-damage|p1a: TRANKIS|49/100|[from] recoil
|-enditem|p1a: TRANKIS|Sitrus Berry|[eat]
|-heal|p1a: TRANKIS|74/100|[from] item: Sitrus Berry
|
|-end|p1a: TRANKIS|Encore
|-start|p2a: Whimsicott|perish0
|-start|p1b: SUPERESTRELLA|perish0
|-start|p1a: TRANKIS|perish0
|faint|p2a: Whimsicott
|faint|p1b: SUPERESTRELLA
|faint|p1a: TRANKIS
|-sideend|p2: ThePokemonNerdMan|move: Tailwind
|upkeep
|
|t:|1784221684
|switch|p2a: Gengar|Gengar-Mega, L50, M|100/100
|switch|p1b: GRAN VIA|Archaludon, L50, F|100/100
|switch|p1a: MARIPOSAS|Vivillon, L50, M|76/100
|turn|9
|inactive|ThePokemonNerdMan has 30 seconds left.
|
|t:|1784221713
|move|p2a: Gengar|Shadow Ball|p1a: MARIPOSAS
|-damage|p1a: MARIPOSAS|0 fnt
|faint|p1a: MARIPOSAS
|move|p1b: GRAN VIA|Dragon Pulse|p2b: Sinistcha
|-damage|p2b: Sinistcha|56/100
|move|p2b: Sinistcha|Matcha Gotcha|p1b: GRAN VIA
|-resisted|p1b: GRAN VIA|2
|-damage|p1b: GRAN VIA|92/100
|-heal|p2b: Sinistcha|60/100|[from] drain|[of] p1b: GRAN VIA
|-ability|p1b: GRAN VIA|Stamina|boost
|-boost|p1b: GRAN VIA|def|1
|
|-heal|p1b: GRAN VIA|98/100|[from] item: Leftovers
|-sideend|p2: ThePokemonNerdMan|Reflect
|upkeep
|turn|10
|-message|the country mouse forfeited.
|
|win|ThePokemonNerdMan
|l|☆the country mouse
|player|p1|
||the country mouse is ready for game 2.
|inactive|ThePokemonNerdMan has 30 seconds to confirm battle start!
||ThePokemonNerdMan is ready for game 2.
|uhtml|next|Next: Game 2 of 3
