|j|☆xdi8723
|j|☆Dude12350
|html|xdi8723Dude12350    
|uhtml|bestof|Game 1 of a best-of-3
|t:|1785882682
|gametype|doubles
|player|p1|xdi8723|265|1091
|player|p2|Dude12350|102|1000
|gen|9
|tier|[Gen 9 Champions] VGC 2026 Reg M-B (Bo3)
|rated|
|rule|Species Clause: Limit one of each Pokémon
|rule|Item Clause: Limit 1 of each item
|clearpoke
|poke|p1|Archaludon, L50, F|
|poke|p1|Pelipper, L50, M|
|poke|p1|Grimmsnarl, L50, M|
|poke|p1|Sinistcha, L50|
|poke|p1|Swampert, L50, M|
|poke|p1|Lycanroc-Dusk, L50, M|
|poke|p2|Pelipper, L50, M|
|poke|p2|Grimmsnarl, L50, M|
|poke|p2|Archaludon, L50, M|
|poke|p2|Swampert, L50, F|
|poke|p2|Sinistcha-Masterpiece, L50|
|poke|p2|Gholdengo, L50|
|teampreview|4
|showteam|p1|Archaludon||Leftovers|Stamina|ElectroShot,AuraSphere,FlashCannon,Protect|Modest||F|||50|]Pelipper||SitrusBerry|Drizzle|Tailwind,WeatherBall,Hurricane,WideGuard|Modest||M|||50|]Grimmsnarl||LightClay|Prankster|PartingShot,SpiritBreak,Reflect,LightScreen|Calm||M|||50|]Sinistcha||KasibBerry|Hospitality|MatchaGotcha,LifeDew,RagePowder,TrickRoom|Calm|||||50|]Swampert||Swampertite|Torrent|WaveCrash,Earthquake,IcePunch,Protect|Adamant||M|||50|]Lycanroc-Dusk||FocusSash|ToughClaws|Protect,RockSlide,Accelerock,CloseCombat|Jolly||M|||50|
|showteam|p2|Pelipper||SitrusBerry|Drizzle|WideGuard,Hurricane,WeatherBall,Tailwind|Modest||M|||50|]Grimmsnarl||LightClay|Prankster|PartingShot,FoulPlay,Reflect,LightScreen|Sassy||M|||50|]Archaludon||Leftovers|Stamina|Protect,ElectroShot,DragonPulse,FlashCannon|Modest||M|||50|]Swampert||Swampertite|Torrent|Protect,WaveCrash,Earthquake,IcePunch|Adamant||F|||50|]Sinistcha-Masterpiece||CobaBerry|Hospitality|Protect,RagePowder,MatchaGotcha,LifeDew|Bold|||||50|]Gholdengo||LifeOrb|GoodasGold|Protect,MakeItRain,ShadowBall,NastyPlot|Modest|||||50|
|
|t:|1785882717
|teamsize|p1|4
|teamsize|p2|4
|start
|switch|p1a: Pelipper|Pelipper, L50, M|100/100
|switch|p1b: Archaludon|Archaludon, L50, F|100/100
|switch|p2a: Grimmsnarl|Grimmsnarl, L50, M|100/100
|switch|p2b: Archaludon|Archaludon, L50, M|100/100
|-weather|RainDance|[from] ability: Drizzle|[of] p1a: Pelipper
|turn|1
|inactive|Battle timer is ON: inactive players will automatically lose when time's up. (requested by xdi8723)
|inactive|xdi8723 has 60 seconds left.
|
|t:|1785882761
|switch|p1a: Swampert|Swampert, L50, M|100/100
|move|p2a: Grimmsnarl|Light Screen|p2a: Grimmsnarl
|-sidestart|p2: Dude12350|move: Light Screen
|move|p1b: Archaludon|Electro Shot||[still]
|-prepare|p1b: Archaludon|Electro Shot
|-boost|p1b: Archaludon|spa|1
|-anim|p1b: Archaludon|Electro Shot|p2a: Grimmsnarl
|-damage|p2a: Grimmsnarl|63/100
|move|p2b: Archaludon|Electro Shot||[still]
|-prepare|p2b: Archaludon|Electro Shot
|-boost|p2b: Archaludon|spa|1
|-anim|p2b: Archaludon|Electro Shot|p1a: Swampert
|-immune|p1a: Swampert
|
|-weather|RainDance|[upkeep]
|upkeep
|turn|2
|inactive|Dude12350 has 30 seconds left.
|
|t:|1785882788
|detailschange|p1a: Swampert|Swampert-Mega, L50, M
|-mega|p1a: Swampert|Swampert|Swampertite
|move|p1b: Archaludon|Protect|p1b: Archaludon
|-singleturn|p1b: Archaludon|Protect
|move|p2b: Archaludon|Protect|p2b: Archaludon
|-singleturn|p2b: Archaludon|Protect
|move|p2a: Grimmsnarl|Reflect|p2a: Grimmsnarl
|-sidestart|p2: Dude12350|Reflect
|move|p1a: Swampert|Earthquake|p2b: Archaludon|[spread] p2a
|-activate|p1b: Archaludon|move: Protect
|-activate|p2b: Archaludon|move: Protect
|-damage|p2a: Grimmsnarl|28/100
|
|-weather|RainDance|[upkeep]
|upkeep
|turn|3
|inactive|xdi8723 has 30 seconds left.
|
|t:|1785882821
|move|p2a: Grimmsnarl|Parting Shot|p1a: Swampert
|-unboost|p1a: Swampert|atk|1
|-unboost|p1a: Swampert|spa|1
|
|t:|1785882831
|switch|p2a: Swampert|Swampert, L50, F|100/100|[from] Parting Shot
|move|p1a: Swampert|Ice Punch|p2a: Swampert
|-damage|p2a: Swampert|84/100
|move|p1b: Archaludon|Electro Shot||[still]
|-prepare|p1b: Archaludon|Electro Shot
|-boost|p1b: Archaludon|spa|1
|-anim|p1b: Archaludon|Electro Shot|p2a: Swampert
|-immune|p2a: Swampert
|move|p2b: Archaludon|Electro Shot||[still]
|-prepare|p2b: Archaludon|Electro Shot
|-boost|p2b: Archaludon|spa|1
|-anim|p2b: Archaludon|Electro Shot|p1b: Archaludon
|-resisted|p1b: Archaludon|1
|-damage|p1b: Archaludon|54/100
|-ability|p1b: Archaludon|Stamina|boost
|-boost|p1b: Archaludon|def|1
|
|-weather|RainDance|[upkeep]
|-heal|p1b: Archaludon|60/100|[from] item: Leftovers
|upkeep
|turn|4
|inactive|Dude12350 has 30 seconds left.
|inactive|Dude12350 has 20 seconds left.
|inactive|Dude12350 has 15 seconds left.
|inactive|Dude12350 has 10 seconds left.
|
|t:|1785882876
|switch|p1a: Sinistcha|Sinistcha, L50|100/100
|-heal|p1b: Archaludon|85/100|[from] ability: Hospitality|[of] p1a: Sinistcha
|detailschange|p2a: Swampert|Swampert-Mega, L50, F
|-mega|p2a: Swampert|Swampert|Swampertite
|move|p2a: Swampert|Wave Crash|p1a: Sinistcha
|-resisted|p1a: Sinistcha|1
|-damage|p1a: Sinistcha|51/100
|-damage|p2a: Swampert|70/100|[from] Recoil
|move|p1b: Archaludon|Aura Sphere|p2b: Archaludon
|-supereffective|p2b: Archaludon|1
|-damage|p2b: Archaludon|37/100
|-ability|p2b: Archaludon|Stamina|boost
|-boost|p2b: Archaludon|def|1
|move|p2b: Archaludon|Dragon Pulse|p1b: Archaludon
|-damage|p1b: Archaludon|5/100
|-ability|p1b: Archaludon|Stamina|boost
|-boost|p1b: Archaludon|def|1
|
|-weather|RainDance|[upkeep]
|-heal|p1b: Archaludon|11/100|[from] item: Leftovers
|-heal|p2b: Archaludon|43/100|[from] item: Leftovers
|upkeep
|turn|5
|inactive|Dude12350 has 30 seconds left.
|
|t:|1785882909
|move|p1b: Archaludon|Protect|p1b: Archaludon
|-singleturn|p1b: Archaludon|Protect
|move|p2b: Archaludon|Protect|p2b: Archaludon
|-singleturn|p2b: Archaludon|Protect
|move|p2a: Swampert|Ice Punch|p1a: Sinistcha
|-supereffective|p1a: Sinistcha|1
|-damage|p1a: Sinistcha|0 fnt
|faint|p1a: Sinistcha
|
|-weather|none
|-heal|p1b: Archaludon|17/100|[from] item: Leftovers
|-heal|p2b: Archaludon|49/100|[from] item: Leftovers
|upkeep
|
|t:|1785882920
|switch|p1a: Pelipper|Pelipper, L50, M|100/100
|-weather|RainDance|[from] ability: Drizzle|[of] p1a: Pelipper
|turn|6
|
|t:|1785882940
|switch|p1a: Swampert|Swampert-Mega, L50, M|100/100
|move|p2a: Swampert|Wave Crash|p1b: Archaludon
|-resisted|p1b: Archaludon|1
|-damage|p1b: Archaludon|0 fnt
|faint|p1b: Archaludon
|-damage|p2a: Swampert|65/100|[from] Recoil
|move|p2b: Archaludon|Electro Shot||[still]
|-prepare|p2b: Archaludon|Electro Shot
|-boost|p2b: Archaludon|spa|1
|-anim|p2b: Archaludon|Electro Shot|p1a: Swampert
|-immune|p1a: Swampert
|
|-weather|RainDance|[upkeep]
|-heal|p2b: Archaludon|55/100|[from] item: Leftovers
|upkeep
|
|t:|1785882953
|switch|p1b: Pelipper|Pelipper, L50, M|100/100
|turn|7
|
|t:|1785882968
|move|p2b: Archaludon|Protect|p2b: Archaludon
|-singleturn|p2b: Archaludon|Protect
|move|p1a: Swampert|Earthquake|p2a: Swampert|[spread] p2a
|-activate|p2b: Archaludon|move: Protect
|-immune|p1b: Pelipper
|-damage|p2a: Swampert|36/100
|move|p2a: Swampert|Wave Crash|p1a: Swampert
|-damage|p1a: Swampert|9/100
|-damage|p2a: Swampert|7/100|[from] Recoil
|move|p1b: Pelipper|Hurricane|p2a: Swampert
|-damage|p2a: Swampert|0 fnt
|faint|p2a: Swampert
|
|-weather|RainDance|[upkeep]
|-heal|p2b: Archaludon|61/100|[from] item: Leftovers
|upkeep
|
|t:|1785882983
|switch|p2a: Pelipper|Pelipper, L50, M|100/100
|turn|8
|
|t:|1785883001
|move|p2a: Pelipper|Wide Guard|p2a: Pelipper
|-singleturn|p2a: Pelipper|Wide Guard
|move|p1a: Swampert|Earthquake|p2b: Archaludon|[spread] 
|-activate|p2a: Pelipper|move: Wide Guard
|-activate|p2b: Archaludon|move: Wide Guard
|-immune|p1b: Pelipper
|move|p2b: Archaludon|Dragon Pulse|p1a: Swampert
|-damage|p1a: Swampert|0 fnt
|faint|p1a: Swampert
|move|p1b: Pelipper|Hurricane|p2a: Pelipper
|-damage|p2a: Pelipper|69/100
|
|-weather|RainDance|[upkeep]
|-heal|p2b: Archaludon|67/100|[from] item: Leftovers
|-sideend|p2: Dude12350|move: Light Screen
|upkeep
|turn|9
|
|t:|1785883018
|move|p2b: Archaludon|Electro Shot||[still]
|-prepare|p2b: Archaludon|Electro Shot
|-boost|p2b: Archaludon|spa|1
|-anim|p2b: Archaludon|Electro Shot|p1b: Pelipper
|-supereffective|p1b: Pelipper|2
|-damage|p1b: Pelipper|0 fnt
|faint|p1b: Pelipper
|
|win|Dude12350
||xdi8723 is ready for game 2.
||Dude12350 is ready for game 2.
|uhtml|next|Next: Game 2 of 3
