|j|☆resourcespro
|j|☆Crotolamo67
|html|resourcesproCrotolamo67    
|uhtml|bestof|Game 1 of a best-of-3
|t:|1786143129
|gametype|doubles
|player|p1|resourcespro|169|1114
|player|p2|Crotolamo67|lillie-z|1040
|gen|9
|tier|[Gen 9 Champions] VGC 2026 Reg M-B (Bo3)
|rated|
|rule|Species Clause: Limit one of each Pokémon
|rule|Item Clause: Limit 1 of each item
|clearpoke
|poke|p1|Annihilape, L50, M|
|poke|p1|Clefable, L50, M|
|poke|p1|Palafin, L50, M|
|poke|p1|Tyranitar, L50, M|
|poke|p1|Sinistcha-Masterpiece, L50|
|poke|p1|Aegislash, L50, M|
|poke|p2|Tyranitar, L50, M|
|poke|p2|Excadrill, L50, M|
|poke|p2|Milotic, L50, F|
|poke|p2|Gholdengo, L50|
|poke|p2|Sinistcha, L50|
|poke|p2|Staraptor, L50, F|
|teampreview|4
|showteam|p1|Annihilape|||InnerFocus|Acrobatics,DrainPunch,BulkUp,PhantomForce|Adamant||M|||50|]Clefable||Clefablite|MagicGuard|FollowMe,DazzlingGleam,LightScreen,Thunderbolt|Modest||M|||50|]Palafin||ExpertBelt|ZerotoHero|Liquidation,BulkUp,JetPunch,FocusPunch|Jolly||M|||50|]Tyranitar||SmoothRock|SandStream|IceBeam,Thunderbolt,Flamethrower,DarkPulse|Modest||M|||50|]Sinistcha-Masterpiece||Leftovers|Hospitality|LifeDew,MatchaGotcha,CalmMind,Hex|Bold|||||50|]Aegislash||ScopeLens|StanceChange|KingsShield,IronHead,Substitute,ShadowClaw|Careful||M|||50|
|showteam|p2|Tyranitar||Tyranitarite|SandStream|KnockOff,RockSlide,HighHorsepower,Protect|Jolly||M|||50|]Excadrill||FocusSash|SandRush|HighHorsepower,IronHead,RockSlide,Protect|Jolly||M|||50|]Milotic||SitrusBerry|Competitive|Scald,IcyWind,Haze,Protect|Calm||F|||50|]Gholdengo||LifeOrb|GoodasGold|MakeItRain,ShadowBall,NastyPlot,Protect|Modest|||||50|]Sinistcha||ColburBerry|Hospitality|MatchaGotcha,ShadowBall,Protect,RagePowder|Bold|||||50|]Staraptor||Staraptite|Intimidate|CloseCombat,BraveBird,Tailwind,Protect|Jolly||F|||50|
|inactive|Battle timer is ON: inactive players will automatically lose when time's up. (requested by Crotolamo67)
|inactive|Crotolamo67 has 30 seconds left.
|inactive|resourcespro has 60 seconds left.
|
|t:|1786143270
|teamsize|p1|4
|teamsize|p2|4
|start
|switch|p1a: Palafin|Palafin, L50, M|100/100
|switch|p1b: Clefable|Clefable, L50, M|100/100
|switch|p2a: Gholdengo|Gholdengo, L50|100/100
|switch|p2b: Sinistcha|Sinistcha, L50|100/100
|turn|1
|inactive|resourcespro has 30 seconds left.
|inactive|Crotolamo67 has 30 seconds left.
|inactive|resourcespro has 20 seconds left.
|
|t:|1786143307
|detailschange|p1a: Palafin|Palafin-Hero, L50, M
|switch|p1a: Annihilape|Annihilape, L50, M|100/100
|detailschange|p1b: Clefable|Clefable-Mega, L50, M
|-mega|p1b: Clefable|Clefable|Clefablite
|move|p2b: Sinistcha|Rage Powder|p2b: Sinistcha
|-singleturn|p2b: Sinistcha|move: Rage Powder
|move|p2a: Gholdengo|Nasty Plot|p2a: Gholdengo
|-boost|p2a: Gholdengo|spa|2
|move|p1b: Clefable|Light Screen|p1b: Clefable
|-sidestart|p1: resourcespro|move: Light Screen
|
|upkeep
|turn|2
|inactive|Crotolamo67 has 30 seconds left.
|inactive|Crotolamo67 has 20 seconds left.
|inactive|Crotolamo67 has 15 seconds left.
|inactive|Crotolamo67 has 10 seconds left.
|
|t:|1786143352
|move|p1b: Clefable|Follow Me|p1b: Clefable
|-singleturn|p1b: Clefable|move: Follow Me
|move|p2b: Sinistcha|Rage Powder|p2b: Sinistcha
|-singleturn|p2b: Sinistcha|move: Rage Powder
|move|p2a: Gholdengo|Make It Rain|p1b: Clefable|[spread] p1a,p1b
|-supereffective|p1b: Clefable|1
|-damage|p1a: Annihilape|36/100
|-damage|p1b: Clefable|6/100
|-unboost|p2a: Gholdengo|spa|2
|-damage|p2a: Gholdengo|90/100|[from] item: Life Orb
|move|p1a: Annihilape|Phantom Force||[still]
|-prepare|p1a: Annihilape|Phantom Force
|
|upkeep
|turn|3
|
|t:|1786143375
|switch|p1b: Tyranitar|Tyranitar, L50, M|100/100
|-weather|Sandstorm|[from] ability: Sand Stream|[of] p1b: Tyranitar
|move|p2b: Sinistcha|Rage Powder|p2b: Sinistcha
|-singleturn|p2b: Sinistcha|move: Rage Powder
|move|p2a: Gholdengo|Nasty Plot|p2a: Gholdengo
|-boost|p2a: Gholdengo|spa|2
|move|p1a: Annihilape|Phantom Force|p2b: Sinistcha|[from] lockedmove
|-supereffective|p2b: Sinistcha|1
|-damage|p2b: Sinistcha|28/100
|
|-weather|Sandstorm|[upkeep]
|-damage|p1a: Annihilape|30/100|[from] Sandstorm
|-damage|p2b: Sinistcha|22/100|[from] Sandstorm
|upkeep
|turn|4
|inactive|resourcespro has 30 seconds left.
|
|t:|1786143401
|move|p2a: Gholdengo|Make It Rain|p1a: Annihilape|[spread] p1a,p1b
|-supereffective|p1b: Tyranitar|1
|-damage|p1a: Annihilape|0 fnt
|-damage|p1b: Tyranitar|22/100
|-unboost|p2a: Gholdengo|spa|2
|faint|p1a: Annihilape
|-damage|p2a: Gholdengo|80/100|[from] item: Life Orb
|move|p2b: Sinistcha|Matcha Gotcha|p1b: Tyranitar
|-supereffective|p1b: Tyranitar|1
|-damage|p1b: Tyranitar|0 fnt
|-heal|p2b: Sinistcha|35/100|[from] drain|[of] p1b: Tyranitar
|faint|p1b: Tyranitar
|
|-weather|Sandstorm|[upkeep]
|-damage|p2b: Sinistcha|29/100|[from] Sandstorm
|upkeep
|
|t:|1786143419
|switch|p1a: Clefable|Clefable-Mega, L50, M|6/100
|switch|p1b: Palafin|Palafin-Hero, L50, M|100/100
|-activate|p1b: Palafin|ability: Zero to Hero
|turn|5
|inactive|Crotolamo67 has 30 seconds left.
|
|t:|1786143452
|move|p2b: Sinistcha|Rage Powder|p2b: Sinistcha
|-singleturn|p2b: Sinistcha|move: Rage Powder
|move|p1b: Palafin|Liquidation|p2b: Sinistcha
|-resisted|p2b: Sinistcha|1
|-damage|p2b: Sinistcha|8/100
|move|p2a: Gholdengo|Nasty Plot|p2a: Gholdengo
|-boost|p2a: Gholdengo|spa|2
|move|p1a: Clefable|Dazzling Gleam|p2b: Sinistcha|[spread] p2a,p2b
|-resisted|p2a: Gholdengo|1
|-damage|p2a: Gholdengo|68/100
|-damage|p2b: Sinistcha|0 fnt
|faint|p2b: Sinistcha
|
|-weather|Sandstorm|[upkeep]
|-damage|p1b: Palafin|93/100|[from] Sandstorm
|-damage|p1a: Clefable|1/100|[from] Sandstorm
|-sideend|p1: resourcespro|move: Light Screen
|upkeep
|
|t:|1786143465
|switch|p2b: Excadrill|Excadrill, L50, M|100/100
|turn|6
|inactive|resourcespro has 30 seconds left.
|inactive|Crotolamo67 has 30 seconds left.
|
|t:|1786143497
|move|p1a: Clefable|Follow Me|p1a: Clefable
|-singleturn|p1a: Clefable|move: Follow Me
|move|p2b: Excadrill|High Horsepower|p1a: Clefable
|-immune|p1a: Clefable
|move|p1b: Palafin|Bulk Up|p1b: Palafin
|-boost|p1b: Palafin|atk|1
|-boost|p1b: Palafin|def|1
|move|p2a: Gholdengo|Shadow Ball|p1a: Clefable
|-damage|p1a: Clefable|0 fnt
|faint|p1a: Clefable
|-damage|p2a: Gholdengo|58/100|[from] item: Life Orb
|
|-weather|Sandstorm|[upkeep]
|-damage|p1b: Palafin|87/100|[from] Sandstorm
|upkeep
|turn|7
|
|t:|1786143510
|move|p2b: Excadrill|Rock Slide|p1b: Palafin
|-damage|p1b: Palafin|70/100
|move|p1b: Palafin|Liquidation|p2a: Gholdengo
|-damage|p2a: Gholdengo|0 fnt
|faint|p2a: Gholdengo
|
|-weather|Sandstorm|[upkeep]
|-damage|p1b: Palafin|63/100|[from] Sandstorm
|upkeep
|
|t:|1786143516
|switch|p2a: Tyranitar|Tyranitar, L50, M|100/100
|turn|8
|
|t:|1786143529
|detailschange|p2a: Tyranitar|Tyranitar-Mega, L50, M
|-mega|p2a: Tyranitar|Tyranitar|Tyranitarite
|move|p2b: Excadrill|High Horsepower|p1b: Palafin
|-damage|p1b: Palafin|28/100
|move|p1b: Palafin|Liquidation|p2a: Tyranitar
|-supereffective|p2a: Tyranitar|1
|-damage|p2a: Tyranitar|0 fnt
|faint|p2a: Tyranitar
|
|-weather|Sandstorm|[upkeep]
|-damage|p1b: Palafin|22/100|[from] Sandstorm
|upkeep
|turn|9
|
|t:|1786143541
|move|p1b: Palafin|Jet Punch|p2b: Excadrill
|-supereffective|p2b: Excadrill|1
|-enditem|p2b: Excadrill|Focus Sash
|-damage|p2b: Excadrill|1/100
|move|p2b: Excadrill|High Horsepower|p1b: Palafin
|-damage|p1b: Palafin|0 fnt
|faint|p1b: Palafin
|
|win|Crotolamo67
||Crotolamo67 is ready for game 2.
||resourcespro is ready for game 2.
|uhtml|next|Next: Game 2 of 3
