|j|‽nael o.
|j|☆sorecruiser
|html|nael o.sorecruiser    
|uhtml|bestof|Game 3 of a best-of-3
|t:|1756948417
|gametype|doubles
|player|p1|nael o.|scientist|1000
|player|p2|sorecruiser|furisodegirl-black|1081
|gen|9
|tier|[Gen 9] VGC 2025 Reg H (Bo3)
|rated|
|rule|Species Clause: Limit one of each Pokémon
|rule|Item Clause: Limit 1 of each item
|clearpoke
|poke|p1|Volcarona, L50, M|
|poke|p1|Tauros-Paldea-Aqua, L50, M|
|poke|p1|Rillaboom, L50, F|
|poke|p1|Clefable, L50, F|
|poke|p1|Kingambit, L50, F|
|poke|p1|Salamence, L50, M|
|poke|p2|Gholdengo, L50|
|poke|p2|Whimsicott, L50, F|
|poke|p2|Sneasler, L50, F|
|poke|p2|Basculegion, L50, M|
|poke|p2|Hydreigon, L50, M|
|poke|p2|Magmar, L50, F|
|teampreview|4
|showteam|p1|Volcarona||RockyHelmet|FlameBody|StruggleBug,Flamethrower,QuiverDance,RagePowder|||M|||50|,,,,,Water]Tauros-Paldea-Aqua||MirrorHerb|Intimidate|CloseCombat,WaveCrash,AquaJet,Protect|||M|||50|,,,,,Grass]Rillaboom||AssaultVest|GrassySurge|WoodHammer,GrassyGlide,FakeOut,Uturn|||F|||50|,,,,,Fire]Clefable||SitrusBerry|Unaware|FollowMe,Moonblast,IcyWind,HelpingHand|||F|||50|,,,,,Electric]Kingambit||SafetyGoggles|Defiant|KowtowCleave,SuckerPunch,SwordsDance,Protect|||F|||50|,,,,,Dark]Salamence||ClearAmulet|Intimidate|Protect,BreakingSwipe,DualWingbeat,Tailwind|||M|||50|,,,,,Steel
|showteam|p2|Gholdengo||MetalCoat|GoodasGold|MakeItRain,ShadowBall,NastyPlot,Protect||||||50|,,,,,Steel]Whimsicott||CovertCloak|Prankster|Tailwind,Encore,FakeTears,Moonblast|||F|||50|,,,,,Dark]Sneasler||FocusSash|PoisonTouch|Protect,CloseCombat,DireClaw,ThroatChop|||F|||50|,,,,,Dark]Basculegion||ChoiceScarf|Adaptability|LastRespects,WaveCrash,AquaJet,FlipTurn|||M|||50|,,,,,Ghost]Hydreigon||ChoiceSpecs|Levitate|DarkPulse,DracoMeteor,Snarl,HeatWave|||M|||50|,,,,,Fire]Magmar||Eviolite|VitalSpirit|Protect,FollowMe,HeatWave,Taunt|||F|||50|,,,,,Ghost
|inactive|Battle timer is ON: inactive players will automatically lose when time's up. (requested by nael o.)
|
|t:|1756948441
|teamsize|p1|4
|teamsize|p2|4
|start
|switch|p1a: Salamence|Salamence, L50, M|100/100
|switch|p1b: Volcarona|Volcarona, L50, M, shiny|100/100
|switch|p2a: Basculegion|Basculegion, L50, M|100/100
|switch|p2b: Hydreigon|Hydreigon, L50, M|100/100
|-ability|p1a: Salamence|Intimidate|boost
|-unboost|p2a: Basculegion|atk|1
|-unboost|p2b: Hydreigon|atk|1
|turn|1
|inactive|nael o. has 30 seconds left.
|inactive|nael o. has 20 seconds left.
|
|t:|1756948477
|-terastallize|p2b: Hydreigon|Fire
|-terastallize|p1b: Volcarona|Water
|move|p2a: Basculegion|Flip Turn|p1b: Volcarona
|-resisted|p1b: Volcarona
|-damage|p1b: Volcarona|87/100
|-damage|p2a: Basculegion|84/100|[from] item: Rocky Helmet|[of] p1b: Volcarona
|-status|p2a: Basculegion|brn|[from] ability: Flame Body|[of] p1b: Volcarona
|
|t:|1756948485
|switch|p2a: Whimsicott|Whimsicott, L50, F|100/100|[from] Flip Turn
|move|p2b: Hydreigon|Heat Wave|p1a: Salamence|[spread] p1a,p1b
|-resisted|p1a: Salamence
|-resisted|p1b: Volcarona
|-damage|p1a: Salamence|62/100
|-damage|p1b: Volcarona|63/100
|move|p1a: Salamence|Breaking Swipe|p2a: Whimsicott|[spread] p2b
|-immune|p2a: Whimsicott
|-damage|p2b: Hydreigon|71/100
|-unboost|p2b: Hydreigon|atk|1
|move|p1b: Volcarona|Quiver Dance|p1b: Volcarona
|-boost|p1b: Volcarona|spa|1
|-boost|p1b: Volcarona|spd|1
|-boost|p1b: Volcarona|spe|1
|
|upkeep
|turn|2
|inactive|nael o. has 30 seconds left.
|inactive|sorecruiser has 30 seconds left.
|
|t:|1756948513
|move|p1b: Volcarona|Rage Powder|p1b: Volcarona
|-singleturn|p1b: Volcarona|move: Rage Powder
|move|p2a: Whimsicott|Encore|p1b: Volcarona
|-start|p1b: Volcarona|Encore
|move|p1a: Salamence|Dual Wingbeat|p2a: Whimsicott
|-supereffective|p2a: Whimsicott
|-damage|p2a: Whimsicott|39/100
|-supereffective|p2a: Whimsicott
|-damage|p2a: Whimsicott|0 fnt
|faint|p2a: Whimsicott
|-hitcount|p2: Whimsicott|2
|move|p2b: Hydreigon|Heat Wave|p1b: Volcarona|[spread] p1b
|-miss|p2b: Hydreigon|p1a: Salamence
|-resisted|p1b: Volcarona
|-damage|p1b: Volcarona|46/100
|
|upkeep
|
|t:|1756948525
|switch|p2a: Sneasler|Sneasler, L50, F|100/100
|turn|3
|
|t:|1756948530
|move|p1b: Volcarona|Rage Powder|p1b: Volcarona
|-singleturn|p1b: Volcarona|move: Rage Powder
|move|p2a: Sneasler|Dire Claw|p1b: Volcarona
|-damage|p1b: Volcarona|4/100
|-status|p1b: Volcarona|par
|-damage|p2a: Sneasler|84/100|[from] item: Rocky Helmet|[of] p1b: Volcarona
|move|p1a: Salamence|Dual Wingbeat|p2a: Sneasler
|-supereffective|p2a: Sneasler
|-damage|p2a: Sneasler|0 fnt
|faint|p2a: Sneasler
|-hitcount|p2: Sneasler|1
|move|p2b: Hydreigon|Heat Wave|p1b: Volcarona|[spread] p1b
|-miss|p2b: Hydreigon|p1a: Salamence
|-resisted|p1b: Volcarona
|-damage|p1b: Volcarona|0 fnt
|faint|p1b: Volcarona
|
|upkeep
|
|t:|1756948543
|switch|p2a: Basculegion|Basculegion, L50, M|84/100 brn
|switch|p1b: Tauros|Tauros-Paldea-Aqua, L50, M|100/100
|-ability|p1b: Tauros|Intimidate|boost
|-unboost|p2a: Basculegion|atk|1
|-unboost|p2b: Hydreigon|atk|1
|turn|4
|
|t:|1756948556
|move|p2a: Basculegion|Last Respects|p1b: Tauros
|-damage|p1b: Tauros|59/100
|move|p1b: Tauros|Wave Crash|p2b: Hydreigon
|-supereffective|p2b: Hydreigon
|-damage|p2b: Hydreigon|0 fnt
|faint|p2b: Hydreigon
|-damage|p1b: Tauros|34/100|[from] Recoil
|move|p1a: Salamence|Tailwind|p1a: Salamence
|-sidestart|p1: nael o.|move: Tailwind
|
|-damage|p2a: Basculegion|78/100 brn|[from] brn
|upkeep
|turn|5
|
|t:|1756948572
|switch|p1b: Kingambit|Kingambit, L50, F|100/100
|move|p1a: Salamence|Breaking Swipe|p2a: Basculegion
|-damage|p2a: Basculegion|32/100 brn
|-unboost|p2a: Basculegion|atk|1
|move|p2a: Basculegion|Last Respects|p1b: Kingambit
|-resisted|p1b: Kingambit
|-damage|p1b: Kingambit|87/100
|
|-damage|p2a: Basculegion|25/100 brn|[from] brn
|upkeep
|turn|6
|c|☆sorecruiser|ggwp
|
|t:|1756948577
|move|p1a: Salamence|Dual Wingbeat|p2a: Basculegion
|-damage|p2a: Basculegion|0 fnt
|faint|p2a: Basculegion
|-hitcount|p2: Basculegion|1
|
|win|nael o.
|raw|nael o.'s rating: 1000 → 1049(+49 for winning)
|raw|sorecruiser's rating: 1081 → 1054(-27 for losing)
