|j|☆the winking dol
|j|☆Rapmonsterfan728
|html|the winking dolRapmonsterfan728    
|uhtml|bestof|Game 1 of a best-of-3
|t:|1756303498
|gametype|doubles
|player|p1|the winking dol|dawn|1147
|player|p2|Rapmonsterfan728|rika|1235
|gen|9
|tier|[Gen 9] VGC 2025 Reg H (Bo3)
|rated|
|rule|Species Clause: Limit one of each Pokémon
|rule|Item Clause: Limit 1 of each item
|clearpoke
|poke|p1|Rillaboom, L50, M|
|poke|p1|Glimmora, L50, M|
|poke|p1|Farigiraf, L50, F|
|poke|p1|Tyranitar, L50, M|
|poke|p1|Kommo-o, L50, F|
|poke|p1|Gholdengo, L50|
|poke|p2|Tyranitar, L50, F|
|poke|p2|Corviknight, L50, M|
|poke|p2|Dragapult, L50, F|
|poke|p2|Kilowattrel, L50, F|
|poke|p2|Garchomp, L50, M|
|poke|p2|Amoonguss, L50, M|
|teampreview|4
|showteam|p1|Rillaboom||MiracleSeed|GrassySurge|WoodHammer,GrassyGlide,HighHorsepower,FakeOut|||M|||50|,,,,,Poison]Glimmora||LifeOrb|ToxicDebris|PowerGem,EarthPower,SludgeWave,SpikyShield|||M|||50|,,,,,Ghost]Farigiraf||SitrusBerry|ArmorTail|Psychic,HyperVoice,FoulPlay,TrickRoom|||F|||50|,,,,,Dark]Tyranitar||AssaultVest|SandStream|RockSlide,KnockOff,LowKick,TeraBlast|||M|||50|,,,,,Ghost]Kommo-o||Leftovers|Overcoat|ClangingScales,AuraSphere,Flamethrower,ClangorousSoul|||F|||50|,,,,,Steel]Gholdengo||ChoiceScarf|GoodasGold|MakeItRain,ShadowBall,Trick,Protect||||||50|,,,,,Steel
|showteam|p2|Tyranitar||AssaultVest|SandStream|RockSlide,KnockOff,LowKick,TeraBlast|||F|||50|,,,,,Flying]Corviknight||SitrusBerry|MirrorArmor|BraveBird,BodyPress,Tailwind,Roost|||M|||50|,,,,,Fire]Dragapult||ChoiceSpecs|Infiltrator|ShadowBall,DracoMeteor,Flamethrower,Uturn|||F|||50|,,,,,Stellar]Kilowattrel||FocusSash|VoltAbsorb|Thunderbolt,AirSlash,Tailwind,Protect|||F|||50|,,,,,Stellar]Garchomp||Leftovers|SandVeil|Earthquake,DragonClaw,Substitute,Protect|||M|||50|,,,,,Steel]Amoonguss||CovertCloak|Regenerator|PollenPuff,ClearSmog,RagePowder,Spore|||M|||50|,,,,,Fairy
|inactive|Battle timer is ON: inactive players will automatically lose when time's up. (requested by the winking dol)
|inactive|the winking dol has 60 seconds left.
|inactive|Rapmonsterfan728 has 60 seconds left.
|inactive|the winking dol has 30 seconds left.
|inactive|the winking dol has 20 seconds left.
|inactive|the winking dol has 15 seconds left.
|inactive|the winking dol has 10 seconds left.
|inactive|the winking dol has 5 seconds left.
|
|t:|1756303591
|teamsize|p1|4
|teamsize|p2|4
|start
|switch|p1a: Farigiraf|Farigiraf, L50, F|100/100
|switch|p1b: Glimmora|Glimmora, L50, M|100/100
|switch|p2a: Corviknight|Corviknight, L50, M|100/100
|switch|p2b: Dragapult|Dragapult, L50, F|100/100
|turn|1
|inactive|the winking dol has 30 seconds left.
|inactive|Rapmonsterfan728 has 30 seconds left.
|
|t:|1756303622
|move|p1b: Glimmora|Spiky Shield|p1b: Glimmora
|-singleturn|p1b: Glimmora|move: Protect
|move|p2b: Dragapult|U-turn|p1a: Farigiraf
|-supereffective|p1a: Farigiraf
|-damage|p1a: Farigiraf|73/100
|
|t:|1756303631
|switch|p2b: Garchomp|Garchomp, L50, M|100/100|[from] U-turn
|move|p2a: Corviknight|Brave Bird|p1a: Farigiraf
|-damage|p1a: Farigiraf|42/100
|-enditem|p1a: Farigiraf|Sitrus Berry|[eat]
|-heal|p1a: Farigiraf|67/100|[from] item: Sitrus Berry
|-damage|p2a: Corviknight|89/100|[from] Recoil
|move|p1a: Farigiraf|Trick Room|p1a: Farigiraf
|-fieldstart|move: Trick Room|[of] p1a: Farigiraf
|
|upkeep
|turn|2
|
|t:|1756303652
|move|p1a: Farigiraf|Foul Play|p2b: Garchomp
|-damage|p2b: Garchomp|76/100
|move|p2a: Corviknight|Brave Bird|p1a: Farigiraf
|-damage|p1a: Farigiraf|38/100
|-damage|p2a: Corviknight|79/100|[from] Recoil
|move|p1b: Glimmora|Earth Power|p2b: Garchomp
|-damage|p2b: Garchomp|36/100
|-damage|p1b: Glimmora|90/100|[from] item: Life Orb
|move|p2b: Garchomp|Earthquake|p1b: Glimmora|[spread] p1a,p1b
|-immune|p2a: Corviknight
|-supereffective|p1b: Glimmora
|-damage|p1a: Farigiraf|9/100
|-damage|p1b: Glimmora|0 fnt
|-activate|p1b: Glimmora|ability: Toxic Debris
|-sidestart|p2: Rapmonsterfan728|move: Toxic Spikes
|faint|p1b: Glimmora
|
|-heal|p2b: Garchomp|42/100|[from] item: Leftovers
|upkeep
|
|t:|1756303667
|switch|p1b: Tyranitar|Tyranitar, L50, M|100/100
|-weather|Sandstorm|[from] ability: Sand Stream|[of] p1b: Tyranitar
|turn|3
|
|t:|1756303688
|-terastallize|p1b: Tyranitar|Ghost
|move|p1a: Farigiraf|Foul Play|p2b: Garchomp|[miss]
|-miss|p1a: Farigiraf|p2b: Garchomp
|move|p1b: Tyranitar|Rock Slide|p2b: Garchomp|[spread] p2a,p2b
|-resisted|p2b: Garchomp
|-damage|p2a: Corviknight|57/100
|-damage|p2b: Garchomp|30/100
|move|p2a: Corviknight|Brave Bird|p1a: Farigiraf
|-damage|p1a: Farigiraf|0 fnt
|faint|p1a: Farigiraf
|-damage|p2a: Corviknight|54/100|[from] Recoil
|move|p2b: Garchomp|Earthquake|p1b: Tyranitar|[spread] p1b
|-immune|p2a: Corviknight
|-damage|p1b: Tyranitar|71/100
|
|-weather|Sandstorm|[upkeep]
|-damage|p1b: Tyranitar|65/100|[from] Sandstorm
|-heal|p2b: Garchomp|36/100|[from] item: Leftovers
|upkeep
|
|t:|1756303708
|switch|p1a: Gholdengo|Gholdengo, L50|100/100
|turn|4
|
|t:|1756303724
|move|p2b: Garchomp|Protect|p2b: Garchomp
|-singleturn|p2b: Garchomp|Protect
|move|p1b: Tyranitar|Tera Blast|p2b: Garchomp|[anim] Tera Blast Ghost
|-activate|p2b: Garchomp|move: Protect
|move|p2a: Corviknight|Roost|p2a: Corviknight
|-heal|p2a: Corviknight|100/100
|-singleturn|p2a: Corviknight|move: Roost
|move|p1a: Gholdengo|Make It Rain|p2a: Corviknight|[spread] p2a
|-activate|p2b: Garchomp|move: Protect
|-resisted|p2a: Corviknight
|-damage|p2a: Corviknight|78/100
|-unboost|p1a: Gholdengo|spa|1
|
|-weather|Sandstorm|[upkeep]
|-damage|p1b: Tyranitar|59/100|[from] Sandstorm
|-heal|p2b: Garchomp|42/100|[from] item: Leftovers
|upkeep
|turn|5
|inactive|Rapmonsterfan728 has 30 seconds left.
|
|t:|1756303751
|move|p1b: Tyranitar|Tera Blast|p2b: Garchomp|[anim] Tera Blast Ghost|[miss]
|-miss|p1b: Tyranitar|p2b: Garchomp
|move|p2a: Corviknight|Brave Bird|p1b: Tyranitar
|-damage|p1b: Tyranitar|29/100
|-damage|p2a: Corviknight|67/100|[from] Recoil
|move|p2b: Garchomp|Earthquake|p1b: Tyranitar|[spread] p1a,p1b
|-immune|p2a: Corviknight
|-supereffective|p1a: Gholdengo
|-damage|p1a: Gholdengo|8/100
|-damage|p1b: Tyranitar|0 fnt
|faint|p1b: Tyranitar
|move|p1a: Gholdengo|Make It Rain|p2a: Corviknight|[spread] p2a,p2b
|-resisted|p2a: Corviknight
|-damage|p2a: Corviknight|51/100
|-damage|p2b: Garchomp|13/100
|-unboost|p1a: Gholdengo|spa|1
|
|-weather|Sandstorm|[upkeep]
|-heal|p2b: Garchomp|19/100|[from] item: Leftovers
|-fieldend|move: Trick Room
|upkeep
|turn|6
|
|t:|1756303764
|move|p1a: Gholdengo|Make It Rain|p2b: Garchomp|[spread] p2a,p2b
|-resisted|p2a: Corviknight
|-damage|p2a: Corviknight|40/100
|-damage|p2b: Garchomp|0 fnt
|-unboost|p1a: Gholdengo|spa|1
|-enditem|p2a: Corviknight|Sitrus Berry|[eat]
|-heal|p2a: Corviknight|64/100|[from] item: Sitrus Berry
|faint|p2b: Garchomp
|move|p2a: Corviknight|Brave Bird|p1a: Gholdengo
|-resisted|p1a: Gholdengo
|-damage|p1a: Gholdengo|0 fnt
|faint|p1a: Gholdengo
|-damage|p2a: Corviknight|62/100|[from] Recoil
|
|win|Rapmonsterfan728
||Rapmonsterfan728 is ready for game 2.
|inactive|the winking dol has 30 seconds to confirm battle start!
||the winking dol is ready for game 2.
|uhtml|next|Next: Game 2 of 3
|l|☆the winking dol
|player|p1|
