|j|☆Sizzle2466
|j|☆cinnamoroll 4 eva
|html|Sizzle2466cinnamoroll 4 eva    
|uhtml|bestof|Game 3 of a best-of-3
|t:|1757905942
|gametype|doubles
|player|p1|Sizzle2466|170|1092
|player|p2|cinnamoroll 4 eva|169|1151
|gen|9
|tier|[Gen 9] VGC 2025 Reg H (Bo3)
|rated|
|rule|Species Clause: Limit one of each Pokémon
|rule|Item Clause: Limit 1 of each item
|clearpoke
|poke|p1|Galvantula, L50, M|
|poke|p1|Incineroar, L50, F|
|poke|p1|Amoonguss, L50, M|
|poke|p1|Gholdengo, L50|
|poke|p1|Palafin, L50, M|
|poke|p1|Flamigo, L50, F|
|poke|p2|Sneasler, L50, F|
|poke|p2|Indeedee, L50, M|
|poke|p2|Volcarona, L50, M|
|poke|p2|Ursaluna-Bloodmoon, L50, M|
|poke|p2|Annihilape, L50, F|
|poke|p2|Tyranitar, L50, M|
|teampreview|4
|showteam|p1|Galvantula||AssaultVest|CompoundEyes|Electroweb,BugBuzz,Thunderbolt,VoltSwitch|||M|||50|,,,,,Electric]Incineroar||SafetyGoggles|Intimidate|FakeOut,FlareBlitz,KnockOff,PartingShot|||F|||50|,,,,,Ghost]Amoonguss||CovertCloak|Regenerator|Spore,RagePowder,SludgeBomb,PollenPuff|||M|||50|,,,,,Ghost]Gholdengo||SitrusBerry|GoodasGold|NastyPlot,MakeItRain,ShadowBall,Protect||||||50|,,,,,Dragon]Palafin||MysticWater|ZerotoHero|JetPunch,WaveCrash,Protect,FlipTurn|||M|||50|,,,,,Water]Flamigo||LifeOrb|Scrappy|BraveBird,CloseCombat,Detect,Tailwind|||F|||50|,,,,,Stellar
|showteam|p2|Sneasler||PsychicSeed|Unburden|CloseCombat,DireClaw,ThroatChop,Protect|||F|||50|,,,,,Dark]Indeedee||ChoiceScarf|PsychicSurge|ExpandingForce,TeraBlast,Trick,Protect|||M|||50|,,,,,Fighting]Volcarona||SitrusBerry|FlameBody|Overheat,StruggleBug,RagePowder,Tailwind|||M|||50|,,,,,Dragon]Ursaluna-Bloodmoon||LifeOrb|MindsEye|BloodMoon,HyperVoice,EarthPower,Protect|||M|||50|,,,,,Normal]Annihilape||SafetyGoggles|Defiant|CloseCombat,RageFist,Taunt,FinalGambit|||F|||50|,,,,,Fairy]Tyranitar||AssaultVest|SandStream|RockSlide,KnockOff,TeraBlast,LowKick|||M|||50|,,,,,Flying
|
|t:|1757905976
|teamsize|p1|4
|teamsize|p2|4
|start
|switch|p1a: Palafin|Palafin, L50, M|100/100
|switch|p1b: Flamigo|Flamigo, L50, F|100/100
|switch|p2a: Ursaluna|Ursaluna-Bloodmoon, L50, M|100/100
|switch|p2b: Tyranitar|Tyranitar, L50, M|100/100
|-weather|Sandstorm|[from] ability: Sand Stream|[of] p2b: Tyranitar
|turn|1
|
|t:|1757905997
|-terastallize|p2b: Tyranitar|Flying
|move|p1b: Flamigo|Detect|p1b: Flamigo
|-singleturn|p1b: Flamigo|Protect
|move|p2a: Ursaluna|Protect|p2a: Ursaluna
|-singleturn|p2a: Ursaluna|Protect
|move|p1a: Palafin|Flip Turn|p2b: Tyranitar
|-damage|p2b: Tyranitar|78/100
|
|t:|1757906006
|detailschange|p1a: Palafin|Palafin-Hero, L50, M
|switch|p1a: Galvantula|Galvantula, L50, M|100/100|[from] Flip Turn
|move|p2b: Tyranitar|Tera Blast|p1b: Flamigo|[anim] Tera Blast Flying
|-activate|p1b: Flamigo|move: Protect
|
|-weather|Sandstorm|[upkeep]
|-damage|p1a: Galvantula|95/100|[from] Sandstorm
|-damage|p1b: Flamigo|95/100|[from] Sandstorm
|-damage|p2b: Tyranitar|72/100|[from] Sandstorm
|upkeep
|turn|2
|
|t:|1757906030
|switch|p2a: Sneasler|Sneasler, L50, F|100/100
|move|p1a: Galvantula|Volt Switch|p2b: Tyranitar
|-supereffective|p2b: Tyranitar
|-damage|p2b: Tyranitar|37/100
|
|t:|1757906037
|switch|p1a: Gholdengo|Gholdengo, L50|100/100|[from] Volt Switch
|move|p1b: Flamigo|Brave Bird|p2a: Sneasler
|-supereffective|p2a: Sneasler
|-damage|p2a: Sneasler|0 fnt
|faint|p2a: Sneasler
|-damage|p1b: Flamigo|65/100|[from] Recoil
|-damage|p1b: Flamigo|55/100|[from] item: Life Orb
|move|p2b: Tyranitar|Tera Blast|p1b: Flamigo|[anim] Tera Blast Flying
|-supereffective|p1b: Flamigo
|-damage|p1b: Flamigo|0 fnt
|faint|p1b: Flamigo
|
|-weather|Sandstorm|[upkeep]
|-damage|p2b: Tyranitar|32/100|[from] Sandstorm
|upkeep
|
|t:|1757906053
|switch|p2a: Ursaluna|Ursaluna-Bloodmoon, L50, M|100/100
|switch|p1b: Palafin|Palafin-Hero, L50, M|100/100
|-activate|p1b: Palafin|ability: Zero to Hero
|turn|3
|
|t:|1757906075
|-terastallize|p1b: Palafin|Water
|move|p1b: Palafin|Wave Crash|p2a: Ursaluna
|-supereffective|p2a: Ursaluna
|-damage|p2a: Ursaluna|0 fnt
|faint|p2a: Ursaluna
|-damage|p1b: Palafin|69/100|[from] Recoil
|move|p1a: Gholdengo|Make It Rain|p2b: Tyranitar
|-damage|p2b: Tyranitar|0 fnt
|-unboost|p1a: Gholdengo|spa|1
|faint|p2b: Tyranitar
|
|-weather|Sandstorm|[upkeep]
|-damage|p1b: Palafin|63/100|[from] Sandstorm
|upkeep
|
|t:|1757906086
|switch|p2b: Indeedee|Indeedee, L50, M|100/100
|-fieldstart|move: Psychic Terrain|[from] ability: Psychic Surge|[of] p2b: Indeedee
|turn|4
|
|t:|1757906092
|move|p1b: Palafin|Protect|p1b: Palafin
|-singleturn|p1b: Palafin|Protect
|move|p1a: Gholdengo|Protect|p1a: Gholdengo
|-singleturn|p1a: Gholdengo|Protect
|move|p2b: Indeedee|Expanding Force|p1a: Gholdengo|[spread] 
|-activate|p1a: Gholdengo|move: Protect
|-activate|p1b: Palafin|move: Protect
|
|-weather|Sandstorm|[upkeep]
|-damage|p2b: Indeedee|95/100|[from] Sandstorm
|-damage|p1b: Palafin|57/100|[from] Sandstorm
|upkeep
|turn|5
|
|t:|1757906106
|move|p2b: Indeedee|Expanding Force|p1b: Palafin|[spread] p1a,p1b
|-resisted|p1a: Gholdengo
|-damage|p1a: Gholdengo|74/100
|-damage|p1b: Palafin|0 fnt
|faint|p1b: Palafin
|move|p1a: Gholdengo|Nasty Plot|p1a: Gholdengo
|-boost|p1a: Gholdengo|spa|2
|
|-weather|none
|upkeep
|
|t:|1757906112
|switch|p1b: Galvantula|Galvantula, L50, M|95/100
|turn|6
|
|t:|1757906116
|move|p1a: Gholdengo|Protect|p1a: Gholdengo
|-singleturn|p1a: Gholdengo|Protect
|move|p2b: Indeedee|Expanding Force|p1b: Galvantula|[spread] p1b
|-activate|p1a: Gholdengo|move: Protect
|-damage|p1b: Galvantula|30/100
|move|p1b: Galvantula|Electroweb|p2b: Indeedee
|-damage|p2b: Indeedee|64/100
|-unboost|p2b: Indeedee|spe|1
|
|upkeep
|turn|7
|
|t:|1757906128
|move|p1b: Galvantula|Bug Buzz|p2b: Indeedee
|-supereffective|p2b: Indeedee
|-damage|p2b: Indeedee|0 fnt
|faint|p2b: Indeedee
|
|win|Sizzle2466
|raw|Sizzle2466's rating: 1092 → 1123(+31 for winning)
|raw|cinnamoroll 4 eva's rating: 1151 → 1122(-29 for losing)
|l|☆cinnamoroll 4 eva
|player|p2|
