|j|☆Tempyies
|j|☆keahi
|html|Tempyieskeahi    
|uhtml|bestof|Game 2 of a best-of-3
|t:|1783552506
|gametype|doubles
|player|p1|Tempyies|101|1141
|player|p2|keahi|giovanni|1143
|gen|9
|tier|[Gen 9 Champions] VGC 2026 Reg M-B (Bo3)
|rated|
|rule|Species Clause: Limit one of each Pokémon
|rule|Item Clause: Limit 1 of each item
|clearpoke
|poke|p1|Mawile, L50, M|
|poke|p1|Torkoal, L50, F|
|poke|p1|Incineroar, L50, F|
|poke|p1|Farigiraf, L50, M|
|poke|p1|Charizard, L50, F|
|poke|p1|Milotic, L50, F|
|poke|p2|Scovillain, L50, F, shiny|
|poke|p2|Tyranitar, L50, F|
|poke|p2|Excadrill, L50, M|
|poke|p2|Talonflame, L50, F|
|poke|p2|Sylveon, L50, M, shiny|
|poke|p2|Araquanid, L50, M|
|teampreview|4
|showteam|p1|Mawile||Mawilite|Intimidate|RockSlide,PlayRough,SuckerPunch,Protect|Brave||M|||50|]Torkoal||Charcoal|Drought|Eruption,HeatWave,SolarBeam,Protect|Quiet||F|||50|]Incineroar||ChopleBerry|Intimidate|FlareBlitz,FakeOut,DarkestLariat,PartingShot|Brave||F|||50|]Farigiraf||SitrusBerry|ArmorTail|Protect,TrickRoom,Psychic,HyperVoice|Sassy||M|||50|]Charizard||CharizarditeY|Blaze|WeatherBall,HeatWave,SolarBeam,Protect|Modest||F|||50|]Milotic||Leftovers|Competitive|Scald,Recover,Coil,Hypnosis|Bold||F|||50|
|showteam|p2|Scovillain||Scovillainite|Moody|Protect,GigaDrain,Flamethrower,RagePowder|Bold||F|||50|]Tyranitar||Tyranitarite|SandStream|RockSlide,Protect,Assurance,LowKick|Adamant||F|||50|]Excadrill||FocusSash|SandRush|HighHorsepower,IronHead,Protect,RockSlide|Adamant||M|||50|]Talonflame||SharpBeak|GaleWings|BraveBird,Tailwind,FlareBlitz,Protect|Jolly||F|||50|]Sylveon||FairyFeather|Pixilate|HyperVoice,Detect,QuickAttack,HyperBeam|Modest||M|||50|]Araquanid||MysticWater|WaterBubble|Liquidation,LeechLife,WideGuard,Protect|Careful||M|||50|
|
|t:|1783552558
|teamsize|p1|4
|teamsize|p2|4
|start
|switch|p1a: Farigiraf|Farigiraf, L50, M|100/100
|switch|p1b: Milotic|Milotic, L50, F|100/100
|switch|p2a: Tyranitar|Tyranitar, L50, F|100/100
|switch|p2b: Sylveon|Sylveon, L50, M, shiny|100/100
|-weather|Sandstorm|[from] ability: Sand Stream|[of] p2a: Tyranitar
|turn|1
|
|t:|1783552572
|move|p1b: Milotic|Hypnosis|p2b: Sylveon|[miss]
|-miss|p1b: Milotic|p2b: Sylveon
|move|p2b: Sylveon|Hyper Voice|p1a: Farigiraf|[spread] p1a,p1b
|-damage|p1a: Farigiraf|60/100
|-damage|p1b: Milotic|60/100
|move|p2a: Tyranitar|Assurance|p1b: Milotic
|-damage|p1b: Milotic|10/100
|move|p1a: Farigiraf|Trick Room|p1a: Farigiraf
|-fieldstart|move: Trick Room|[of] p1a: Farigiraf
|
|-weather|Sandstorm|[upkeep]
|-damage|p1a: Farigiraf|54/100|[from] Sandstorm
|-damage|p2b: Sylveon|94/100|[from] Sandstorm
|-damage|p1b: Milotic|4/100|[from] Sandstorm
|-heal|p1b: Milotic|10/100|[from] item: Leftovers
|upkeep
|turn|2
|
|t:|1783552598
|switch|p1a: Mawile|Mawile, L50, M|100/100
|-ability|p1a: Mawile|Intimidate|boost
|-unboost|p2a: Tyranitar|atk|1
|-unboost|p2b: Sylveon|atk|1
|move|p2a: Tyranitar|Rock Slide|p1a: Mawile|[spread] p1b
|-miss|p2a: Tyranitar|p1a: Mawile
|-damage|p1b: Milotic|0 fnt
|faint|p1b: Milotic
|move|p2b: Sylveon|Hyper Voice|p1a: Mawile
|-resisted|p1a: Mawile|1
|-damage|p1a: Mawile|43/100
|
|-weather|Sandstorm|[upkeep]
|-damage|p2b: Sylveon|88/100|[from] Sandstorm
|upkeep
|
|t:|1783552609
|switch|p1b: Torkoal|Torkoal, L50, F|100/100
|-weather|SunnyDay|[from] ability: Drought|[of] p1b: Torkoal
|turn|3
|
|t:|1783552622
|switch|p2a: Scovillain|Scovillain, L50, F, shiny|100/100
|detailschange|p1a: Mawile|Mawile-Mega, L50, M
|-mega|p1a: Mawile|Mawile|Mawilite
|move|p1b: Torkoal|Eruption|p2b: Sylveon|[spread] p2a,p2b
|-damage|p2a: Scovillain|0 fnt
|-damage|p2b: Sylveon|17/100
|faint|p2a: Scovillain
|move|p1a: Mawile|Play Rough|p2b: Sylveon
|-damage|p2b: Sylveon|0 fnt
|faint|p2b: Sylveon
|
|-weather|SunnyDay|[upkeep]
|upkeep
|
|t:|1783552636
|switch|p2b: Araquanid|Araquanid, L50, M|100/100
|switch|p2a: Tyranitar|Tyranitar, L50, F|100/100
|-weather|Sandstorm|[from] ability: Sand Stream|[of] p2a: Tyranitar
|turn|4
|
|t:|1783552649
|switch|p1b: Farigiraf|Farigiraf, L50, M|54/100
|move|p2a: Tyranitar|Protect|p2a: Tyranitar
|-singleturn|p2a: Tyranitar|Protect
|move|p2b: Araquanid|Liquidation|p1a: Mawile
|-damage|p1a: Mawile|0 fnt
|faint|p1a: Mawile
|
|-weather|Sandstorm|[upkeep]
|-damage|p2b: Araquanid|94/100|[from] Sandstorm
|-damage|p1b: Farigiraf|48/100|[from] Sandstorm
|-enditem|p1b: Farigiraf|Sitrus Berry|[eat]
|-heal|p1b: Farigiraf|72/100|[from] item: Sitrus Berry
|upkeep
|
|t:|1783552656
|switch|p1a: Torkoal|Torkoal, L50, F|100/100
|-weather|SunnyDay|[from] ability: Drought|[of] p1a: Torkoal
|turn|5
|
|t:|1783552675
|move|p1a: Torkoal|Solar Beam||[still]
|-prepare|p1a: Torkoal|Solar Beam
|-anim|p1a: Torkoal|Solar Beam|p2a: Tyranitar
|-supereffective|p2a: Tyranitar|1
|-damage|p2a: Tyranitar|38/100
|move|p2b: Araquanid|Leech Life|p1b: Farigiraf
|-supereffective|p1b: Farigiraf|1
|-damage|p1b: Farigiraf|24/100
|-heal|p2b: Araquanid|100/100|[from] drain|[of] p1b: Farigiraf
|move|p1b: Farigiraf|Psychic|p2b: Araquanid
|-damage|p2b: Araquanid|76/100
|move|p2a: Tyranitar|Rock Slide|p1a: Torkoal|[spread] p1a,p1b
|-supereffective|p1a: Torkoal|1
|-damage|p1a: Torkoal|51/100
|-damage|p1b: Farigiraf|0 fnt
|faint|p1b: Farigiraf
|
|-weather|SunnyDay|[upkeep]
|-fieldend|move: Trick Room
|upkeep
|turn|6
|
|t:|1783552685
|move|p2a: Tyranitar|Rock Slide|p1a: Torkoal
|-supereffective|p1a: Torkoal|1
|-damage|p1a: Torkoal|0 fnt
|faint|p1a: Torkoal
|
|win|keahi
|l|☆Tempyies
|player|p1|
||keahi is ready for game 3.
||Tempyies is ready for game 3.
|uhtml|next|Next: Game 3 of 3
