|j|☆lillyrosethedemon
|j|☆Mega Chime Time
|html|lillyrosethedemonMega Chime Time    
|uhtml|bestof|Game 3 of a best-of-3
|t:|1783382126
|gametype|doubles
|player|p1|lillyrosethedemon|madame|
|player|p2|Mega Chime Time|miku-flying|
|gen|9
|tier|[Gen 9 Champions] VGC 2026 Reg M-B (Bo3)
|rule|Species Clause: Limit one of each Pokémon
|rule|Item Clause: Limit 1 of each item
|clearpoke
|poke|p1|Rhyperior, L50, F|
|poke|p1|Ariados, L50, F|
|poke|p1|Houndoom, L50, F|
|poke|p1|Feraligatr, L50, M|
|poke|p1|Florges-White, L50, F|
|poke|p1|Medicham, L50, F|
|poke|p2|Raichu, L50, M, shiny|
|poke|p2|Chimecho, L50, M|
|poke|p2|Blastoise, L50, F|
|poke|p2|Dragalge, L50, M|
|poke|p2|Hippowdon, L50, M|
|poke|p2|Chandelure, L50, M|
|teampreview|4
|showteam|p1|Rhyperior||PasshoBerry|SolidRock|RockSlide,HighHorsepower,Protect,IcePunch|Adamant||F|||50|]Ariados||SitrusBerry|Insomnia|RagePowder,KnockOff,ToxicThread,Protect|Careful||F|||50|]Houndoom||FocusSash|FlashFire|Snarl,DarkPulse,HeatWave,Protect|Timid||F|||50|]Feraligatr||LifeOrb|SheerForce|DragonDance,Liquidation,IcePunch,Protect|Adamant||M|||50|]Florges-White||ChoiceScarf|FlowerVeil|Moonblast,DazzlingGleam,Psychic,PollenPuff|Timid||F|||50|]Medicham||Medichamite|PurePower|FakeOut,IcePunch,CloseCombat,ZenHeadbutt|Jolly||F|||50|
|showteam|p2|Raichu||FocusSash|LightningRod|FakeOut,Nuzzle,Thunderbolt,Protect|Timid||M|||50|]Chimecho||Chimechite|Levitate|Psychic,FlashCannon,Protect,TrickRoom|Modest||M|||50|]Blastoise||SitrusBerry|RainDish|FakeOut,WaveCrash,Yawn,LifeDew|Adamant||F|||50|]Dragalge||PoisonBarb|Adaptability|SludgeBomb,SludgeWave,DragonPulse,Protect|Modest||M|||50|]Hippowdon||Leftovers|SandStream|RockSlide,Protect,SandTomb,Yawn|Adamant||M|||50|]Chandelure||Chandelurite|FlashFire|HeatWave,ShadowBall,Protect,TrickRoom|Modest||M|||50|
|inactive|Battle timer is ON: inactive players will automatically lose when time's up. (requested by Mega Chime Time)
|inactive|Mega Chime Time has 60 seconds left.
|
|t:|1783382170
|teamsize|p1|4
|teamsize|p2|4
|start
|switch|p1a: Houndoom|Houndoom, L50, F|100/100
|switch|p1b: Medicham|Medicham, L50, F|100/100
|switch|p2a: Raichu|Raichu, L50, M, shiny|100/100
|switch|p2b: Chimecho|Chimecho, L50, M|100/100
|turn|1
|
|t:|1783382181
|detailschange|p1b: Medicham|Medicham-Mega, L50, F
|-mega|p1b: Medicham|Medicham|Medichamite
|move|p2a: Raichu|Fake Out|p1a: Houndoom
|-damage|p1a: Houndoom|83/100
|move|p1b: Medicham|Fake Out|p2b: Chimecho
|-damage|p2b: Chimecho|71/100
|cant|p1a: Houndoom|flinch
|cant|p2b: Chimecho|flinch
|
|upkeep
|turn|2
|inactive|lillyrosethedemon has 30 seconds left.
|
|t:|1783382207
|move|p2b: Chimecho|Protect|p2b: Chimecho
|-singleturn|p2b: Chimecho|Protect
|move|p2a: Raichu|Thunderbolt|p1a: Houndoom
|-damage|p1a: Houndoom|27/100
|move|p1b: Medicham|Close Combat|p2b: Chimecho
|-activate|p2b: Chimecho|move: Protect
|move|p1a: Houndoom|Snarl|p2b: Chimecho|[spread] p2a
|-activate|p2b: Chimecho|move: Protect
|-damage|p2a: Raichu|68/100
|-unboost|p2a: Raichu|spa|1
|
|upkeep
|turn|3
|inactive|lillyrosethedemon has 30 seconds left.
|
|t:|1783382232
|switch|p1a: Rhyperior|Rhyperior, L50, F|100/100
|move|p2a: Raichu|Thunderbolt|p1a: Rhyperior
|-immune|p1a: Rhyperior
|move|p1b: Medicham|Close Combat|p2b: Chimecho
|-resisted|p2b: Chimecho|1
|-damage|p2b: Chimecho|13/100
|-unboost|p1b: Medicham|def|1
|-unboost|p1b: Medicham|spd|1
|move|p2b: Chimecho|Trick Room|p2b: Chimecho
|-fieldstart|move: Trick Room|[of] p2b: Chimecho
|
|upkeep
|turn|4
|inactive|Mega Chime Time has 30 seconds left.
|
|t:|1783382259
|switch|p1b: Ariados|Ariados, L50, F|100/100
|move|p2b: Chimecho|Protect|p2b: Chimecho
|-singleturn|p2b: Chimecho|Protect
|move|p1a: Rhyperior|Rock Slide|p2a: Raichu|[spread] 
|-activate|p2b: Chimecho|move: Protect
|-miss|p1a: Rhyperior|p2a: Raichu
|move|p2a: Raichu|Thunderbolt|p1b: Ariados
|-damage|p1b: Ariados|72/100
|
|upkeep
|turn|5
|
|t:|1783382277
|switch|p2b: Dragalge|Dragalge, L50, M|100/100
|move|p1b: Ariados|Knock Off|p2a: Raichu
|-damage|p2a: Raichu|24/100
|-enditem|p2a: Raichu|Focus Sash|[from] move: Knock Off|[of] p1b: Ariados
|move|p1a: Rhyperior|Rock Slide|p2a: Raichu|[spread] p2a
|-miss|p1a: Rhyperior|p2b: Dragalge
|-damage|p2a: Raichu|0 fnt
|faint|p2a: Raichu
|
|upkeep
|
|t:|1783382286
|switch|p2a: Blastoise|Blastoise, L50, F|100/100
|turn|6
|
|t:|1783382311
|switch|p2a: Chimecho|Chimecho, L50, M|13/100
|move|p1a: Rhyperior|Protect|p1a: Rhyperior
|-singleturn|p1a: Rhyperior|Protect
|move|p1b: Ariados|Knock Off|p2a: Chimecho
|-supereffective|p2a: Chimecho|1
|-damage|p2a: Chimecho|0 fnt
|faint|p2a: Chimecho
|move|p2b: Dragalge|Dragon Pulse|p1a: Rhyperior
|-activate|p1a: Rhyperior|move: Protect
|
|upkeep
|
|t:|1783382314
|switch|p2a: Blastoise|Blastoise, L50, F|100/100
|turn|7
|
|t:|1783382325
|move|p1b: Ariados|Knock Off|p2a: Blastoise
|-damage|p2a: Blastoise|81/100
|-enditem|p2a: Blastoise|Sitrus Berry|[from] move: Knock Off|[of] p1b: Ariados
|move|p2b: Dragalge|Dragon Pulse|p1b: Ariados
|-damage|p1b: Ariados|17/100
|-enditem|p1b: Ariados|Sitrus Berry|[eat]
|-heal|p1b: Ariados|42/100|[from] item: Sitrus Berry
|move|p1a: Rhyperior|High Horsepower|p2b: Dragalge
|-supereffective|p2b: Dragalge|1
|-damage|p2b: Dragalge|0 fnt
|faint|p2b: Dragalge
|move|p2a: Blastoise|Wave Crash|p1a: Rhyperior
|-supereffective|p1a: Rhyperior|2
|-enditem|p1a: Rhyperior|Passho Berry|[eat]
|-enditem|p1a: Rhyperior|Passho Berry|[weaken]
|-damage|p1a: Rhyperior|43/100
|-damage|p2a: Blastoise|61/100|[from] Recoil
|
|-fieldend|move: Trick Room
|upkeep
|turn|8
|c|☆Mega Chime Time|gg
|-message|Mega Chime Time forfeited.
|
|win|lillyrosethedemon
|c|☆lillyrosethedemon|ggwp
|l|☆lillyrosethedemon
|player|p1|
