|j|☆Drti7
|j|☆browe
|html|Drti7browe    
|uhtml|bestof|Game 1 of a best-of-3
|t:|1757719967
|gametype|doubles
|player|p1|Drti7|brycenman|1198
|player|p2|browe|shadowtriad|1219
|gen|9
|tier|[Gen 9] VGC 2025 Reg H (Bo3)
|rated|
|rule|Species Clause: Limit one of each Pokémon
|rule|Item Clause: Limit 1 of each item
|clearpoke
|poke|p1|Baxcalibur, L50, F|
|poke|p1|Amoonguss, L50, M|
|poke|p1|Kilowattrel, L50, M|
|poke|p1|Incineroar, L50, M|
|poke|p1|Ursaluna-Bloodmoon, L50, M|
|poke|p1|Annihilape, L50, F|
|poke|p2|Sneasler, L50, F|
|poke|p2|Pelipper, L50, M|
|poke|p2|Basculegion, L50, M|
|poke|p2|Indeedee, L50, M|
|poke|p2|Amoonguss, L50, M|
|poke|p2|Archaludon, L50, F|
|teampreview|4
|showteam|p1|Baxcalibur||LoadedDice|ThermalExchange|ScaleShot,IcicleSpear,HighHorsepower,Protect|||F|||50|,,,,,Steel]Amoonguss||RockyHelmet|Regenerator|Spore,RagePowder,PollenPuff,ClearSmog|||M|||50|,,,,,Psychic]Kilowattrel||FocusSash|Competitive|Thunderbolt,ThunderWave,Tailwind,Protect|||M|||50|,,,,,Ghost]Incineroar||SitrusBerry|Intimidate|FlareBlitz,KnockOff,FakeOut,PartingShot|||M|||50|,,,,,Ghost]Ursaluna-Bloodmoon||AssaultVest|MindsEye|HyperVoice,BloodMoon,EarthPower,VacuumWave|||M|||50|,,,,,Water]Annihilape||SafetyGoggles|Defiant|RageFist,CloseCombat,FinalGambit,Coaching|||F|||50|,,,,,Dark
|showteam|p2|Sneasler||PsychicSeed|Unburden|DireClaw,CloseCombat,ThroatChop,Protect|||F|||50|,,,,,Dark]Pelipper||FocusSash|Drizzle|Hurricane,WeatherBall,Tailwind,Protect|||M|||50|,,,,,Ghost]Basculegion||ChoiceBand|SwiftSwim|WaveCrash,LastRespects,AquaJet,FlipTurn|||M|||50|,,,,,Grass]Indeedee||ChoiceScarf|PsychicSurge|ExpandingForce,DazzlingGleam,ShadowBall,Trick|||M|||50|,,,,,Psychic]Amoonguss||SitrusBerry|Regenerator|PollenPuff,RagePowder,ClearSmog,Spore|||M|||50|,,,,,Psychic]Archaludon||AssaultVest|Stamina|DracoMeteor,FlashCannon,ElectroShot,BodyPress|||F|||50|,,,,,Bug
|
|t:|1757720019
|teamsize|p1|4
|teamsize|p2|4
|start
|switch|p1a: Incineroar|Incineroar, L50, M|100/100
|switch|p1b: Amoonguss|Amoonguss, L50, M|100/100
|switch|p2a: Indeedee|Indeedee, L50, M|100/100
|switch|p2b: Sneasler|Sneasler, L50, F|100/100
|-fieldstart|move: Psychic Terrain|[from] ability: Psychic Surge|[of] p2a: Indeedee
|-enditem|p2b: Sneasler|Psychic Seed
|-boost|p2b: Sneasler|spd|1|[from] item: Psychic Seed
|-ability|p1a: Incineroar|Intimidate|boost
|-unboost|p2a: Indeedee|atk|1
|-unboost|p2b: Sneasler|atk|1
|turn|1
|
|t:|1757720045
|-terastallize|p1b: Amoonguss|Psychic
|move|p1b: Amoonguss|Rage Powder|p1b: Amoonguss
|-singleturn|p1b: Amoonguss|move: Rage Powder
|move|p2b: Sneasler|Close Combat|p1b: Amoonguss
|-resisted|p1b: Amoonguss
|-crit|p1b: Amoonguss
|-damage|p1b: Amoonguss|59/100
|-unboost|p2b: Sneasler|def|1
|-unboost|p2b: Sneasler|spd|1
|-damage|p2b: Sneasler|84/100|[from] item: Rocky Helmet|[of] p1b: Amoonguss
|move|p2a: Indeedee|Expanding Force|p1b: Amoonguss|[spread] p1b
|-immune|p1a: Incineroar
|-resisted|p1b: Amoonguss
|-damage|p1b: Amoonguss|36/100
|move|p1a: Incineroar|Knock Off|p2a: Indeedee
|-supereffective|p2a: Indeedee
|-damage|p2a: Indeedee|0 fnt
|-enditem|p2a: Indeedee|Choice Scarf|[from] move: Knock Off|[of] p1a: Incineroar
|faint|p2a: Indeedee
|
|upkeep
|
|t:|1757720053
|switch|p2a: Pelipper|Pelipper, L50, M|100/100
|-weather|RainDance|[from] ability: Drizzle|[of] p2a: Pelipper
|turn|2
|
|t:|1757720102
|move|p2b: Sneasler|Close Combat|p1a: Incineroar
|-supereffective|p1a: Incineroar
|-damage|p1a: Incineroar|23/100
|-unboost|p2b: Sneasler|def|1
|-unboost|p2b: Sneasler|spd|1
|-enditem|p1a: Incineroar|Sitrus Berry|[eat]
|-heal|p1a: Incineroar|48/100|[from] item: Sitrus Berry
|move|p2a: Pelipper|Tailwind|p2a: Pelipper
|-sidestart|p2: browe|move: Tailwind
|move|p1a: Incineroar|Parting Shot|p2b: Sneasler
|-unboost|p2b: Sneasler|atk|1
|-unboost|p2b: Sneasler|spa|1
|
|t:|1757720122
|switch|p1a: Kilowattrel|Kilowattrel, L50, M|100/100|[from] Parting Shot
|move|p1b: Amoonguss|Spore|p2a: Pelipper
|-status|p2a: Pelipper|slp|[from] move: Spore
|
|-weather|RainDance|[upkeep]
|upkeep
|turn|3
|
|t:|1757720138
|switch|p1b: Incineroar|Incineroar, L50, M|48/100
|-ability|p1b: Incineroar|Intimidate|boost
|-unboost|p2a: Pelipper|atk|1
|-unboost|p2b: Sneasler|atk|1
|move|p2b: Sneasler|Throat Chop|p1b: Incineroar
|-resisted|p1b: Incineroar
|-damage|p1b: Incineroar|43/100
|-start|p1b: Incineroar|Throat Chop|[silent]
|cant|p2a: Pelipper|slp
|move|p1a: Kilowattrel|Tailwind|p1a: Kilowattrel
|-sidestart|p1: Drti7|move: Tailwind
|
|-weather|RainDance|[upkeep]
|upkeep
|turn|4
|
|t:|1757720155
|move|p2b: Sneasler|Dire Claw|p1a: Kilowattrel
|-damage|p1a: Kilowattrel|70/100
|move|p1a: Kilowattrel|Thunderbolt|p2a: Pelipper
|-supereffective|p2a: Pelipper
|-enditem|p2a: Pelipper|Focus Sash
|-damage|p2a: Pelipper|1/100 slp
|cant|p2a: Pelipper|slp
|move|p1b: Incineroar|Knock Off|p2b: Sneasler
|-resisted|p2b: Sneasler
|-damage|p2b: Sneasler|38/100
|
|-weather|RainDance|[upkeep]
|-end|p1b: Incineroar|Throat Chop|[silent]
|upkeep
|turn|5
|
|t:|1757720181
|switch|p1b: Amoonguss|Amoonguss, L50, M, tera:Psychic|69/100
|move|p2b: Sneasler|Dire Claw|p1a: Kilowattrel
|-damage|p1a: Kilowattrel|36/100
|move|p1a: Kilowattrel|Thunderbolt|p2b: Sneasler
|-damage|p2b: Sneasler|0 fnt
|faint|p2b: Sneasler
|-curestatus|p2a: Pelipper|slp|[msg]
|move|p2a: Pelipper|Weather Ball|p1b: Amoonguss
|-damage|p1b: Amoonguss|11/100
|
|-weather|RainDance|[upkeep]
|-sideend|p2: browe|move: Tailwind
|-fieldend|move: Psychic Terrain
|upkeep
|
|t:|1757720192
|switch|p2b: Archaludon|Archaludon, L50, F|100/100
|turn|6
|
|t:|1757720219
|move|p1a: Kilowattrel|Thunder Wave|p2b: Archaludon
|-status|p2b: Archaludon|par
|move|p2a: Pelipper|Tailwind|p2a: Pelipper
|-sidestart|p2: browe|move: Tailwind
|move|p2b: Archaludon|Electro Shot||[still]
|-prepare|p2b: Archaludon|Electro Shot
|-boost|p2b: Archaludon|spa|1
|-anim|p2b: Archaludon|Electro Shot|p1b: Amoonguss
|-damage|p1b: Amoonguss|0 fnt
|faint|p1b: Amoonguss
|
|-weather|none
|-sideend|p1: Drti7|move: Tailwind
|upkeep
|
|t:|1757720239
|switch|p1b: Incineroar|Incineroar, L50, M|43/100
|-ability|p1b: Incineroar|Intimidate|boost
|-unboost|p2a: Pelipper|atk|1
|-unboost|p2b: Archaludon|atk|1
|turn|7
|
|t:|1757720275
|move|p2a: Pelipper|Protect|p2a: Pelipper
|-singleturn|p2a: Pelipper|Protect
|move|p1b: Incineroar|Fake Out|p2b: Archaludon
|-resisted|p2b: Archaludon
|-damage|p2b: Archaludon|96/100 par
|-ability|p2b: Archaludon|Stamina|boost
|-boost|p2b: Archaludon|def|1
|move|p1a: Kilowattrel|Thunderbolt|p2a: Pelipper
|-activate|p2a: Pelipper|move: Protect
|cant|p2b: Archaludon|flinch
|
|upkeep
|turn|8
|
|t:|1757720314
|move|p2a: Pelipper|Weather Ball|p1a: Kilowattrel
|-damage|p1a: Kilowattrel|5/100
|move|p1a: Kilowattrel|Thunderbolt|p2a: Pelipper
|-supereffective|p2a: Pelipper
|-damage|p2a: Pelipper|0 fnt
|faint|p2a: Pelipper
|move|p2b: Archaludon|Body Press|p1b: Incineroar
|-supereffective|p1b: Incineroar
|-damage|p1b: Incineroar|0 fnt
|faint|p1b: Incineroar
|
|upkeep
|
|t:|1757720324
|switch|p1b: Ursaluna|Ursaluna-Bloodmoon, L50, M|100/100
|turn|9
|
|t:|1757720334
|-terastallize|p2b: Archaludon|Bug
|move|p1a: Kilowattrel|Tailwind|p1a: Kilowattrel
|-sidestart|p1: Drti7|move: Tailwind
|move|p1b: Ursaluna|Earth Power|p2b: Archaludon
|-resisted|p2b: Archaludon
|-damage|p2b: Archaludon|77/100 par
|-ability|p2b: Archaludon|Stamina|boost
|-boost|p2b: Archaludon|def|1
|move|p2b: Archaludon|Body Press|p1b: Ursaluna
|-supereffective|p1b: Ursaluna
|-damage|p1b: Ursaluna|30/100
|
|-sideend|p2: browe|move: Tailwind
|upkeep
|turn|10
|
|t:|1757720351
|move|p1a: Kilowattrel|Thunderbolt|p2b: Archaludon
|-damage|p2b: Archaludon|52/100 par
|-ability|p2b: Archaludon|Stamina|boost
|-boost|p2b: Archaludon|def|1
|move|p1b: Ursaluna|Blood Moon|p2b: Archaludon
|-damage|p2b: Archaludon|0 fnt
|faint|p2b: Archaludon
|
|win|Drti7
||browe is ready for game 2.
|inactive|Drti7 has 30 seconds to confirm battle start!
||Drti7 is ready for game 2.
|uhtml|next|Next: Game 2 of 3
