|j|☆phillypls
|j|☆Mcn35
|html|phillyplsMcn35    
|uhtml|bestof|Game 3 of a best-of-3
|t:|1757822774
|gametype|doubles
|player|p1|phillypls|265|1072
|player|p2|Mcn35|hilda|1064
|gen|9
|tier|[Gen 9] VGC 2025 Reg H (Bo3)
|rated|
|rule|Species Clause: Limit one of each Pokémon
|rule|Item Clause: Limit 1 of each item
|clearpoke
|poke|p1|Kommo-o, L50, M|
|poke|p1|Dondozo, L50, F|
|poke|p1|Rillaboom, L50, F|
|poke|p1|Sneasler, L50, M|
|poke|p1|Electabuzz, L50, M|
|poke|p1|Gholdengo, L50|
|poke|p2|Sneasler, L50, F|
|poke|p2|Corviknight, L50, M|
|poke|p2|Ursaluna-Bloodmoon, L50, M|
|poke|p2|Comfey, L50, F|
|poke|p2|Goodra, L50, M|
|poke|p2|Electabuzz, L50, M|
|teampreview|4
|showteam|p1|Kommo-o||ThroatSpray|Soundproof|ClangorousSoul,ClangingScales,Flamethrower,Protect|||M|||50|,,,,,Fire]Dondozo||Leftovers|Unaware|WaveCrash,Fissure,Yawn,Protect|||F|||50|,,,,,Flying]Rillaboom||AssaultVest|GrassySurge|FakeOut,WoodHammer,GrassyGlide,HighHorsepower|||F|||50|,,,,,Fire]Sneasler||FocusSash|Unburden|FakeOut,DireClaw,CloseCombat,Protect|||M|||50|,,,,,Stellar]Electabuzz||Eviolite|VitalSpirit|Electroweb,FollowMe,HelpingHand,Protect|||M|||50|,,,,,Grass]Gholdengo||ChoiceSpecs|GoodasGold|MakeItRain,ShadowBall,DazzlingGleam,PowerGem||||||50|,,,,,Fairy
|showteam|p2|Sneasler||FocusSash|PoisonTouch|CloseCombat,DireClaw,Protect,ThroatChop|||F|||50|,,,,,Dark]Corviknight||RockyHelmet|MirrorArmor|Roost,BraveBird,BodyPress,Tailwind|||M|||50|,,,,,Dragon]Ursaluna-Bloodmoon||ThroatSpray|MindsEye|HyperVoice,EarthPower,VacuumWave,Protect|||M|||50|,,,,,Normal]Comfey||Leftovers|Triage|DrainingKiss,LeechSeed,Protect,FloralHealing|||F|||50|,,,,,Steel]Goodra||AssaultVest|SapSipper|DragonPulse,Thunderbolt,SludgeWave,Flamethrower|||M|||50|,,,,,Ghost]Electabuzz||Eviolite|VitalSpirit|FollowMe,Psychic,Thunderbolt,ThunderWave|||M|||50|,,,,,Water
|inactive|Battle timer is ON: inactive players will automatically lose when time's up. (requested by phillypls)
|inactive|Mcn35 has 60 seconds left.
|inactive|Mcn35 has 30 seconds left.
|inactive|Mcn35 has 20 seconds left.
|inactive|Mcn35 has 15 seconds left.
|
|t:|1757822862
|teamsize|p1|4
|teamsize|p2|4
|start
|switch|p1a: Electabuzz|Electabuzz, L50, M|100/100
|switch|p1b: Gholdengo|Gholdengo, L50|100/100
|switch|p2a: Ursaluna|Ursaluna-Bloodmoon, L50, M|100/100
|switch|p2b: Electabuzz|Electabuzz, L50, M|100/100
|turn|1
|inactive|phillypls has 30 seconds left.
|inactive|phillypls has 20 seconds left.
|
|t:|1757822899
|-terastallize|p1b: Gholdengo|Fairy
|move|p2a: Ursaluna|Protect|p2a: Ursaluna
|-singleturn|p2a: Ursaluna|Protect
|move|p1a: Electabuzz|Follow Me|p1a: Electabuzz
|-singleturn|p1a: Electabuzz|move: Follow Me
|move|p1b: Gholdengo|Dazzling Gleam|p2a: Ursaluna|[spread] p2b
|-activate|p2a: Ursaluna|move: Protect
|-damage|p2b: Electabuzz|59/100
|move|p2b: Electabuzz|Psychic|p1a: Electabuzz
|-damage|p1a: Electabuzz|86/100
|
|upkeep
|turn|2
|inactive|Mcn35 has 30 seconds left.
|
|t:|1757822930
|switch|p2b: Comfey|Comfey, L50, F|100/100
|move|p1a: Electabuzz|Follow Me|p1a: Electabuzz
|-singleturn|p1a: Electabuzz|move: Follow Me
|move|p1b: Gholdengo|Dazzling Gleam|p2a: Ursaluna|[spread] p2a,p2b
|-damage|p2a: Ursaluna|39/100
|-damage|p2b: Comfey|56/100
|move|p2a: Ursaluna|Hyper Voice|p1b: Gholdengo|[spread] p1a,p1b
|-damage|p1a: Electabuzz|57/100
|-damage|p1b: Gholdengo|52/100
|-enditem|p2a: Ursaluna|Throat Spray
|-boost|p2a: Ursaluna|spa|1|[from] item: Throat Spray
|
|-heal|p2b: Comfey|62/100|[from] item: Leftovers
|upkeep
|turn|3
|inactive|Mcn35 has 30 seconds left.
|
|t:|1757822958
|move|p2b: Comfey|Floral Healing|p2a: Ursaluna
|-heal|p2a: Ursaluna|89/100
|move|p1a: Electabuzz|Follow Me|p1a: Electabuzz
|-singleturn|p1a: Electabuzz|move: Follow Me
|move|p1b: Gholdengo|Dazzling Gleam|p2a: Ursaluna|[spread] p2a,p2b
|-damage|p2a: Ursaluna|29/100
|-damage|p2b: Comfey|16/100
|move|p2a: Ursaluna|Hyper Voice|p1b: Gholdengo|[spread] p1a,p1b
|-damage|p1a: Electabuzz|9/100
|-damage|p1b: Gholdengo|0 fnt
|faint|p1b: Gholdengo
|
|-heal|p2b: Comfey|21/100|[from] item: Leftovers
|upkeep
|
|t:|1757822962
|switch|p1b: Rillaboom|Rillaboom, L50, F|100/100
|-fieldstart|move: Grassy Terrain|[from] ability: Grassy Surge|[of] p1b: Rillaboom
|turn|4
|
|t:|1757822977
|move|p2b: Comfey|Protect|p2b: Comfey
|-singleturn|p2b: Comfey|Protect
|move|p2a: Ursaluna|Protect|p2a: Ursaluna
|-singleturn|p2a: Ursaluna|Protect
|move|p1b: Rillaboom|Grassy Glide|p2a: Ursaluna
|-activate|p2a: Ursaluna|move: Protect
|move|p1a: Electabuzz|Electroweb|p2b: Comfey|[spread] 
|-activate|p2a: Ursaluna|move: Protect
|-activate|p2b: Comfey|move: Protect
|
|-heal|p1a: Electabuzz|15/100|[from] Grassy Terrain
|-heal|p2b: Comfey|27/100|[from] Grassy Terrain
|-heal|p2b: Comfey|33/100|[from] item: Leftovers
|-heal|p2a: Ursaluna|35/100|[from] Grassy Terrain
|upkeep
|turn|5
|inactive|Mcn35 has 30 seconds left.
|inactive|Mcn35 has 20 seconds left.
|inactive|Mcn35 has 15 seconds left.
|inactive|Mcn35 has 10 seconds left.
|
|t:|1757823026
|switch|p2a: Corviknight|Corviknight, L50, M|100/100
|move|p1a: Electabuzz|Protect|p1a: Electabuzz
|-singleturn|p1a: Electabuzz|Protect
|move|p2b: Comfey|Draining Kiss|p1a: Electabuzz
|-activate|p1a: Electabuzz|move: Protect
|move|p1b: Rillaboom|Wood Hammer|p2a: Corviknight
|-resisted|p2a: Corviknight
|-damage|p2a: Corviknight|87/100
|-damage|p1b: Rillaboom|84/100|[from] item: Rocky Helmet|[of] p2a: Corviknight
|-damage|p1b: Rillaboom|80/100|[from] Recoil
|
|-heal|p1a: Electabuzz|21/100|[from] Grassy Terrain
|-heal|p2b: Comfey|38/100|[from] Grassy Terrain
|-heal|p2b: Comfey|44/100|[from] item: Leftovers
|-heal|p1b: Rillaboom|86/100|[from] Grassy Terrain
|upkeep
|turn|6
|
|t:|1757823050
|move|p2b: Comfey|Draining Kiss|p1a: Electabuzz
|-damage|p1a: Electabuzz|9/100
|-heal|p2b: Comfey|53/100|[from] drain|[of] p1a: Electabuzz
|move|p1a: Electabuzz|Electroweb|p2a: Corviknight|[spread] p2a,p2b
|-supereffective|p2a: Corviknight
|-damage|p2a: Corviknight|60/100
|-damage|p2b: Comfey|42/100
|-ability|p2a: Corviknight|Mirror Armor
|-unboost|p1a: Electabuzz|spe|1
|-unboost|p2b: Comfey|spe|1
|move|p1b: Rillaboom|Wood Hammer|p2b: Comfey
|-damage|p2b: Comfey|0 fnt
|faint|p2b: Comfey
|-damage|p1b: Rillaboom|75/100|[from] Recoil
|move|p2a: Corviknight|Brave Bird|p1b: Rillaboom
|-supereffective|p1b: Rillaboom
|-damage|p1b: Rillaboom|0 fnt
|faint|p1b: Rillaboom
|-damage|p2a: Corviknight|35/100|[from] Recoil
|
|-heal|p1a: Electabuzz|15/100|[from] Grassy Terrain
|upkeep
|inactive|Mcn35 has 30 seconds left.
|
|t:|1757823081
|switch|p2b: Electabuzz|Electabuzz, L50, M|59/100
|switch|p1b: Sneasler|Sneasler, L50, M|100/100
|turn|7
|inactive|phillypls has 30 seconds left.
|inactive|phillypls has 20 seconds left.
|inactive|phillypls has 15 seconds left.
|inactive|phillypls has 10 seconds left.
|
|t:|1757823128
|move|p2b: Electabuzz|Follow Me|p2b: Electabuzz
|-singleturn|p2b: Electabuzz|move: Follow Me
|move|p1a: Electabuzz|Follow Me|p1a: Electabuzz
|-singleturn|p1a: Electabuzz|move: Follow Me
|move|p1b: Sneasler|Close Combat|p2b: Electabuzz
|-damage|p2b: Electabuzz|15/100
|-unboost|p1b: Sneasler|def|1
|-unboost|p1b: Sneasler|spd|1
|move|p2a: Corviknight|Roost|p2a: Corviknight
|-heal|p2a: Corviknight|85/100
|-singleturn|p2a: Corviknight|move: Roost
|
|-heal|p2b: Electabuzz|21/100|[from] Grassy Terrain
|-heal|p1a: Electabuzz|21/100|[from] Grassy Terrain
|-heal|p2a: Corviknight|91/100|[from] Grassy Terrain
|upkeep
|turn|8
|inactive|phillypls has 30 seconds left.
|inactive|Mcn35 has 30 seconds left.
|
|t:|1757823161
|move|p1a: Electabuzz|Helping Hand|p1b: Sneasler
|-singleturn|p1b: Sneasler|Helping Hand|[of] p1a: Electabuzz
|move|p1b: Sneasler|Close Combat|p2a: Corviknight
|-damage|p2a: Corviknight|33/100
|-unboost|p1b: Sneasler|def|1
|-unboost|p1b: Sneasler|spd|1
|-damage|p1b: Sneasler|84/100|[from] item: Rocky Helmet|[of] p2a: Corviknight
|move|p2b: Electabuzz|Psychic|p1b: Sneasler
|-supereffective|p1b: Sneasler
|-damage|p1b: Sneasler|0 fnt
|faint|p1b: Sneasler
|move|p2a: Corviknight|Brave Bird|p1a: Electabuzz
|-resisted|p1a: Electabuzz
|-damage|p1a: Electabuzz|5/100
|-damage|p2a: Corviknight|29/100|[from] Recoil
|
|-heal|p2b: Electabuzz|27/100|[from] Grassy Terrain
|-heal|p1a: Electabuzz|11/100|[from] Grassy Terrain
|-fieldend|move: Grassy Terrain
|upkeep
|turn|9
|-message|phillypls forfeited.
|
|win|Mcn35
|raw|phillypls's rating: 1072 → 1051(-21 for losing)
|raw|Mcn35's rating: 1064 → 1095(+31 for winning)
|l|☆phillypls
|player|p1|
|j|☆phillypls
|player|p1|phillypls|265|
