|j|☆PsychedelicDawgII
|j|☆bananabread1398
|html|PsychedelicDawgIIbananabread1398    
|uhtml|bestof|Game 1 of a best-of-3
|t:|1785108686
|gametype|doubles
|player|p1|PsychedelicDawgII|clerk|
|player|p2|bananabread1398|170|
|gen|9
|tier|[Gen 9 Champions] VGC 2026 Reg M-B (Bo3)
|rule|Species Clause: Limit one of each Pokémon
|rule|Item Clause: Limit 1 of each item
|clearpoke
|poke|p1|Volcarona, L50, M|
|poke|p1|Grimmsnarl, L50, M|
|poke|p1|Skarmory, L50, M|
|poke|p1|Dragapult, L50, M|
|poke|p1|Gengar, L50, M, shiny|
|poke|p1|Pinsir, L50, M|
|poke|p2|Lopunny, L50, F|
|poke|p2|Raichu, L50, F|
|poke|p2|Whimsicott, L50, M|
|poke|p2|Basculegion, L50, M|
|poke|p2|Empoleon, L50, F|
|poke|p2|Mudsdale, L50, M|
|teampreview|4
|showteam|p1|Volcarona||SitrusBerry|FlameBody|Protect,QuiverDance,HeatWave,GigaDrain|Modest||M|||50|]Grimmsnarl||LightClay|Prankster|FakeOut,LightScreen,Taunt,SuckerPunch|Adamant||M|||50|]Skarmory||Leftovers|Sturdy|IronDefense,Roost,BodyPress,Protect|Careful||M|||50|]Dragapult||LifeOrb|Infiltrator|PhantomForce,PsychicFangs,DragonDarts,DragonDance|Jolly||M|||50|]Gengar||Gengarite|CursedBody|SludgeBomb,DestinyBond,Protect,ShadowBall|Timid||M|||50|]Pinsir||Pinsirite|HyperCutter|Protect,BodySlam,Earthquake,Feint|Adamant||M|||50|
|showteam|p2|Lopunny||Lopunnite|CuteCharm|FakeOut,CloseCombat,Protect,IcePunch|Adamant||F|||50|]Raichu||RaichuniteY|Static|Protect,ZapCannon,FocusBlast,FakeOut|Modest||F|||50|]Whimsicott||MentalHerb|Prankster|Encore,Moonblast,LightScreen,Tailwind|Bold||M|||50|]Basculegion||FocusSash|Adaptability|AquaJet,LastRespects,WaveCrash,Protect|Adamant||M|||50|]Empoleon||LifeOrb|Torrent|KnockOff,AquaJet,IceBeam,HydroPump|Sassy||F|||50|]Mudsdale||ZoomLens|InnerFocus|Bulldoze,StealthRock,Protect,StoneEdge|Relaxed||M|||50|
|j| NewTrainaOnDaBlock
|j| Fervvvvv
|j| PJG4487
|j| applejuice1738
|
|t:|1785108760
|teamsize|p1|4
|teamsize|p2|4
|start
|switch|p1a: Buns|Gengar, L50, M, shiny|100/100
|switch|p1b: Martin|Skarmory, L50, M|100/100
|switch|p2a: JOKER NO|Lopunny, L50, F|100/100
|switch|p2b: Father Stud|Mudsdale, L50, M|100/100
|turn|1
|
|t:|1785108808
|detailschange|p1a: Buns|Gengar-Mega, L50, M, shiny
|-mega|p1a: Buns|Gengar|Gengarite
|detailschange|p2a: JOKER NO|Lopunny-Mega, L50, F
|-mega|p2a: JOKER NO|Lopunny|Lopunnite
|move|p1a: Buns|Protect|p1a: Buns
|-singleturn|p1a: Buns|Protect
|move|p2a: JOKER NO|Fake Out|p1a: Buns
|-activate|p1a: Buns|move: Protect
|move|p1b: Martin|Iron Defense|p1b: Martin
|-boost|p1b: Martin|def|2
|move|p2b: Father Stud|Stone Edge|p1a: Buns
|-activate|p1a: Buns|move: Protect
|
|upkeep
|turn|2
|j| kolten
|
|t:|1785108844
|move|p1a: Buns|Destiny Bond|p1a: Buns
|-singlemove|p1a: Buns|Destiny Bond
|move|p2a: JOKER NO|Close Combat|p1b: Martin
|-damage|p1b: Martin|73/100
|-unboost|p2a: JOKER NO|def|1
|-unboost|p2a: JOKER NO|spd|1
|move|p1b: Martin|Body Press|p2a: JOKER NO
|-supereffective|p2a: JOKER NO|1
|-damage|p2a: JOKER NO|0 fnt
|faint|p2a: JOKER NO
|move|p2b: Father Stud|Stone Edge|p1a: Buns
|-damage|p1a: Buns|56/100
|
|-heal|p1b: Martin|79/100|[from] item: Leftovers
|upkeep
|
|t:|1785108863
|switch|p2a: Cotton|Whimsicott, L50, M|100/100
|turn|3
|j| bphind722
|
|t:|1785108887
|move|p2a: Cotton|Encore|p1a: Buns
|-start|p1a: Buns|Encore
|move|p1a: Buns|Destiny Bond||[still]
|-fail|p1a: Buns
|move|p1b: Martin|Body Press|p2a: Cotton
|-resisted|p2a: Cotton|1
|-damage|p2a: Cotton|79/100
|move|p2b: Father Stud|Stone Edge|p1b: Martin
|-damage|p1b: Martin|68/100
|
|-heal|p1b: Martin|73/100|[from] item: Leftovers
|upkeep
|turn|4
|
|t:|1785108945
|switch|p1a: Corona|Volcarona, L50, M|100/100
|move|p2a: Cotton|Encore|p1b: Martin
|-start|p1b: Martin|Encore
|move|p1b: Martin|Body Press|p2b: Father Stud
|-crit|p2b: Father Stud
|-damage|p2b: Father Stud|50/100g
|move|p2b: Father Stud|Stone Edge|p1b: Martin
|-crit|p1b: Martin
|-damage|p1b: Martin|42/100
|
|-heal|p1b: Martin|48/100|[from] item: Leftovers
|upkeep
|turn|5
|
|t:|1785108973
|move|p2a: Cotton|Light Screen|p2a: Cotton
|-sidestart|p2: bananabread1398|move: Light Screen
|move|p1a: Corona|Heat Wave|p2a: Cotton|[spread] p2a,p2b
|-supereffective|p2a: Cotton|1
|-damage|p2a: Cotton|9/100
|-damage|p2b: Father Stud|25/100
|move|p1b: Martin|Body Press|p2b: Father Stud
|-damage|p2b: Father Stud|0 fnt
|faint|p2b: Father Stud
|
|-heal|p1b: Martin|54/100|[from] item: Leftovers
|upkeep
|
|t:|1785108982
|switch|p2b: Fih|Basculegion, L50, M|100/100
|turn|6
|
|t:|1785108992
|move|p1a: Corona|Protect|p1a: Corona
|-singleturn|p1a: Corona|Protect
|move|p2b: Fih|Protect|p2b: Fih
|-singleturn|p2b: Fih|Protect
|move|p2a: Cotton|Tailwind|p2a: Cotton
|-sidestart|p2: bananabread1398|move: Tailwind
|move|p1b: Martin|Body Press|p2a: Cotton
|-resisted|p2a: Cotton|1
|-damage|p2a: Cotton|0 fnt
|faint|p2a: Cotton
|
|-heal|p1b: Martin|59/100|[from] item: Leftovers
|-end|p1b: Martin|Encore
|upkeep
|turn|7
|
|t:|1785109025
|move|p2b: Fih|Wave Crash|p1a: Corona
|-supereffective|p1a: Corona|1
|-damage|p1a: Corona|0 fnt
|faint|p1a: Corona
|-damage|p2b: Fih|72/100|[from] Recoil
|move|p1b: Martin|Roost|p1b: Martin
|-heal|p1b: Martin|100/100
|-singleturn|p1b: Martin|move: Roost
|
|upkeep
|
|t:|1785109036
|switch|p1a: Buns|Gengar-Mega, L50, M, shiny|56/100
|turn|8
|
|t:|1785109047
|move|p1a: Buns|Protect|p1a: Buns
|-singleturn|p1a: Buns|Protect
|move|p2b: Fih|Last Respects|p1a: Buns
|-activate|p1a: Buns|move: Protect
|move|p1b: Martin|Iron Defense|p1b: Martin
|-boost|p1b: Martin|def|2
|
|upkeep
|turn|9
|
|t:|1785109062
|move|p1a: Buns|Destiny Bond|p1a: Buns
|-singlemove|p1a: Buns|Destiny Bond
|move|p2b: Fih|Last Respects|p1a: Buns
|-supereffective|p1a: Buns|1
|-damage|p1a: Buns|0 fnt
|faint|p1a: Buns
|-activate|p1a: Buns|move: Destiny Bond
|faint|p2b: Fih
|
|win|PsychedelicDawgII
|inactive|PsychedelicDawgII has 30 seconds to confirm battle start!
|inactive|bananabread1398 has 30 seconds to confirm battle start!
||PsychedelicDawgII is ready for game 2.
