|j|☆Mumblin'Penguin
|j|☆Fr3gsy
|html|Mumblin'PenguinFr3gsy    
|uhtml|bestof|Game 2 of a best-of-3
|t:|1756378515
|gametype|doubles
|player|p1|Mumblin'Penguin|gambler|1227
|player|p2|Fr3gsy|giovanni|1111
|gen|9
|tier|[Gen 9] VGC 2025 Reg H (Bo3)
|rated|
|rule|Species Clause: Limit one of each Pokémon
|rule|Item Clause: Limit 1 of each item
|clearpoke
|poke|p1|Ursaluna-Bloodmoon, L50, M|
|poke|p1|Gholdengo, L50|
|poke|p1|Dragonite, L50, M|
|poke|p1|Sneasler, L50, F|
|poke|p1|Incineroar, L50, M|
|poke|p1|Amoonguss, L50, F|
|poke|p2|Archaludon, L50, M|
|poke|p2|Pelipper, L50, M|
|poke|p2|Basculegion, L50, M|
|poke|p2|Sneasler, L50, F|
|poke|p2|Gholdengo, L50|
|poke|p2|Rillaboom, L50, F|
|teampreview|4
|showteam|p1|Ursaluna-Bloodmoon||AssaultVest|MindsEye|BloodMoon,EarthPower,VacuumWave,HyperVoice|||M|||50|,,,,,Water]Gholdengo||LifeOrb|GoodasGold|Protect,MakeItRain,ShadowBall,NastyPlot||||||50|,,,,,Water]Dragonite||LoadedDice|Multiscale|ScaleShot,Tailwind,Haze,Protect|||M|||50|,,,,,Fairy]Sneasler||FocusSash|Unburden|Protect,DireClaw,CloseCombat,ThroatChop|||F|||50|,,,,,Stellar]Incineroar||SafetyGoggles|Intimidate|KnockOff,PartingShot,FlareBlitz,FakeOut|||M|||50|,,,,,Ghost]Amoonguss||SitrusBerry|Regenerator|RagePowder,Spore,PollenPuff,Protect|||F|||50|,,,,,Psychic
|showteam|p2|Archaludon||AssaultVest|Stamina|ElectroShot,DragonPulse,BodyPress,FlashCannon|||M|||50|,,,,,Fairy]Pelipper||FocusSash|Drizzle|WeatherBall,Hurricane,Protect,Tailwind|||M|||50|,,,,,Ghost]Basculegion||ChoiceScarf|Adaptability|FlipTurn,WaveCrash,LastRespects,Crunch|||M|||50|,,,,,Water]Sneasler||GrassySeed|Unburden|DireClaw,CloseCombat,FakeOut,ThroatChop|||F|||50|,,,,,Ghost]Gholdengo||LifeOrb|GoodasGold|MakeItRain,NastyPlot,Protect,ShadowBall||||||50|,,,,,Steel]Rillaboom||MiracleSeed|GrassySurge|FakeOut,Uturn,GrassyGlide,WoodHammer|||F|||50|,,,,,Fire
|
|t:|1756378558
|teamsize|p1|4
|teamsize|p2|4
|start
|switch|p1a: Sneasler|Sneasler, L50, F|100/100
|switch|p1b: Gholdengo|Gholdengo, L50|100/100
|switch|p2a: Gholdengo|Gholdengo, L50|100/100
|switch|p2b: Rillaboom|Rillaboom, L50, F|100/100
|-fieldstart|move: Grassy Terrain|[from] ability: Grassy Surge|[of] p2b: Rillaboom
|turn|1
|
|t:|1756378586
|move|p1b: Gholdengo|Protect|p1b: Gholdengo
|-singleturn|p1b: Gholdengo|Protect
|move|p2b: Rillaboom|Fake Out|p1a: Sneasler
|-damage|p1a: Sneasler|75/100
|cant|p1a: Sneasler|flinch
|move|p2a: Gholdengo|Nasty Plot|p2a: Gholdengo
|-boost|p2a: Gholdengo|spa|2
|
|-heal|p1a: Sneasler|81/100|[from] Grassy Terrain
|upkeep
|turn|2
|
|t:|1756378618
|switch|p1b: Amoonguss|Amoonguss, L50, F|100/100
|move|p1a: Sneasler|Protect|p1a: Sneasler
|-singleturn|p1a: Sneasler|Protect
|move|p2a: Gholdengo|Protect|p2a: Gholdengo
|-singleturn|p2a: Gholdengo|Protect
|move|p2b: Rillaboom|Wood Hammer|p1a: Sneasler
|-activate|p1a: Sneasler|move: Protect
|
|-heal|p1a: Sneasler|87/100|[from] Grassy Terrain
|upkeep
|turn|3
|
|t:|1756378652
|-terastallize|p1a: Sneasler|Stellar
|-terastallize|p2a: Gholdengo|Steel
|move|p1a: Sneasler|Throat Chop|p2a: Gholdengo
|-damage|p2a: Gholdengo|60/100
|-start|p2a: Gholdengo|Throat Chop|[silent]
|move|p2a: Gholdengo|Shadow Ball|p1b: Amoonguss
|-damage|p1b: Amoonguss|3/100
|-enditem|p1b: Amoonguss|Sitrus Berry|[eat]
|-heal|p1b: Amoonguss|28/100|[from] item: Sitrus Berry
|-damage|p2a: Gholdengo|50/100|[from] item: Life Orb
|move|p2b: Rillaboom|Wood Hammer|p1a: Sneasler
|-resisted|p1a: Sneasler
|-damage|p1a: Sneasler|2/100
|-damage|p2b: Rillaboom|80/100|[from] Recoil
|move|p1b: Amoonguss|Pollen Puff|p1a: Sneasler
|-heal|p1a: Sneasler|52/100
|
|-heal|p1a: Sneasler|58/100|[from] Grassy Terrain
|-heal|p2a: Gholdengo|56/100|[from] Grassy Terrain
|-heal|p2b: Rillaboom|86/100|[from] Grassy Terrain
|-heal|p1b: Amoonguss|34/100|[from] Grassy Terrain
|upkeep
|turn|4
|
|t:|1756378683
|switch|p1b: Dragonite|Dragonite, L50, M|100/100
|move|p1a: Sneasler|Dire Claw|p2b: Rillaboom
|-supereffective|p2b: Rillaboom
|-damage|p2b: Rillaboom|0 fnt
|faint|p2b: Rillaboom
|move|p2a: Gholdengo|Make It Rain|p1b: Dragonite|[spread] p1a,p1b
|-damage|p1a: Sneasler|0 fnt
|-damage|p1b: Dragonite|6/100
|-unboost|p2a: Gholdengo|spa|1
|faint|p1a: Sneasler
|-damage|p2a: Gholdengo|46/100|[from] item: Life Orb
|
|-heal|p2a: Gholdengo|52/100|[from] Grassy Terrain
|-end|p2a: Gholdengo|Throat Chop|[silent]
|upkeep
|
|t:|1756378707
|switch|p1a: Gholdengo|Gholdengo, L50|100/100
|switch|p2b: Basculegion|Basculegion, L50, M|100/100
|turn|5
|
|t:|1756378757
|move|p1a: Gholdengo|Protect|p1a: Gholdengo
|-singleturn|p1a: Gholdengo|Protect
|move|p2b: Basculegion|Flip Turn|p1b: Dragonite
|-resisted|p1b: Dragonite
|-damage|p1b: Dragonite|0 fnt
|faint|p1b: Dragonite
|
|t:|1756378765
|switch|p2b: Sneasler|Sneasler, L50, F|100/100|[from] Flip Turn
|-enditem|p2b: Sneasler|Grassy Seed
|-boost|p2b: Sneasler|def|1|[from] item: Grassy Seed
|move|p2a: Gholdengo|Nasty Plot|p2a: Gholdengo
|-boost|p2a: Gholdengo|spa|2
|
|-heal|p2a: Gholdengo|59/100|[from] Grassy Terrain
|-fieldend|move: Grassy Terrain
|upkeep
|
|t:|1756378773
|switch|p1b: Amoonguss|Amoonguss, L50, F|67/100
|turn|6
|
|t:|1756378785
|move|p1b: Amoonguss|Rage Powder|p1b: Amoonguss
|-singleturn|p1b: Amoonguss|move: Rage Powder
|move|p2b: Sneasler|Throat Chop|p1b: Amoonguss
|-damage|p1b: Amoonguss|46/100
|-start|p1b: Amoonguss|Throat Chop|[silent]
|move|p1a: Gholdengo|Shadow Ball|p2a: Gholdengo
|-damage|p2a: Gholdengo|2/100
|-damage|p1a: Gholdengo|91/100|[from] item: Life Orb
|move|p2a: Gholdengo|Make It Rain|p1b: Amoonguss|[spread] p1a,p1b
|-resisted|p1a: Gholdengo
|-damage|p1a: Gholdengo|0 fnt
|-damage|p1b: Amoonguss|0 fnt
|-unboost|p2a: Gholdengo|spa|1
|faint|p1a: Gholdengo
|faint|p1b: Amoonguss
|-damage|p2a: Gholdengo|0 fnt|[from] item: Life Orb
|faint|p2a: Gholdengo
|
|win|Fr3gsy
||Fr3gsy is ready for game 3.
|inactive|Mumblin'Penguin has 30 seconds to confirm battle start!
||Mumblin'Penguin is ready for game 3.
|uhtml|next|Next: Game 3 of 3
|l|☆Fr3gsy
|player|p2|
