|j|☆Av3z
|j|☆milkandcereals
|html|Av3zmilkandcereals    
|uhtml|bestof|Game 2 of a best-of-3
|t:|1756493546
|gametype|doubles
|player|p1|Av3z|steven|1030
|player|p2|milkandcereals|blue|1000
|gen|9
|tier|[Gen 9] VGC 2025 Reg H (Bo3)
|rated|
|rule|Species Clause: Limit one of each Pokémon
|rule|Item Clause: Limit 1 of each item
|clearpoke
|poke|p1|Weezing-Galar, L50, F|
|poke|p1|Toedscruel, L50, M|
|poke|p1|Pawmot, L50, M|
|poke|p1|Corviknight, L50, M|
|poke|p1|Typhlosion-Hisui, L50, F|
|poke|p1|Garchomp, L50, F|
|poke|p2|Porygon2, L50|
|poke|p2|Rillaboom, L50, F|
|poke|p2|Ursaluna, L50, F|
|poke|p2|Jumpluff, L50, M|
|poke|p2|Charizard, L50, M|
|poke|p2|Torkoal, L50, M|
|teampreview|4
|showteam|p1|Weezing-Galar||ChoiceSpecs|NeutralizingGas|StrangeSteam,SludgeBomb,DazzlingGleam,Flamethrower|||F|||50|,,,,,Fire]Toedscruel||CovertCloak|MyceliumMight|RagePowder,Spore,EarthPower,AcidSpray|||M|||50|,,,,,Water]Pawmot||FocusSash|NaturalCure|CloseCombat,DoubleShock,Protect,FakeOut|||M|||50|,,,,,Electric]Corviknight||SitrusBerry|MirrorArmor|Roost,Tailwind,BraveBird,Protect|||M|||50|,,,,,Dragon]Typhlosion-Hisui||ChoiceScarf|Blaze|Eruption,HeatWave,ShadowBall,SleepTalk|||F|||50|,,,,,Fire]Garchomp||LifeOrb|RoughSkin|Earthquake,StompingTantrum,DragonClaw,Protect|||F|||50|,,,,,Ground
|showteam|p2|Porygon2||Eviolite|Download|TeraBlast,IceBeam,TrickRoom,Recover||||||50|,,,,,Fighting]Rillaboom||AssaultVest|GrassySurge|FakeOut,GrassyGlide,WoodHammer,HighHorsepower|||F|||50|,,,,,Water]Ursaluna||FlameOrb|Guts|Protect,Facade,Earthquake,HeadlongRush|||F|||50|,,,,,Ghost]Jumpluff||CovertCloak|Chlorophyll|SleepPowder,SunnyDay,Tailwind,RagePowder|||M|||50|,,,,,Fire]Charizard||ChoiceSpecs|SolarPower|HeatWave,Overheat,WeatherBall,DragonPulse|||M|||50|,,,,,Ghost]Torkoal||EjectPack|Drought|Overheat,Eruption,HelpingHand,Protect|||M|||50|,,,,,Fire
|inactive|Battle timer is ON: inactive players will automatically lose when time's up. (requested by milkandcereals)
|inactive|Av3z has 60 seconds left.
|inactive|milkandcereals has 60 seconds left.
|inactive|Av3z has 30 seconds left.
|inactive|Av3z has 20 seconds left.
|inactive|Av3z has 15 seconds left.
|inactive|Av3z has 10 seconds left.
|
|t:|1756493634
|teamsize|p1|4
|teamsize|p2|4
|start
|switch|p1a: CM Punk|Pawmot, L50, M|100/100
|switch|p1b: Darby Alin|Corviknight, L50, M|100/100
|switch|p2a: Porygon2|Porygon2, L50|100/100
|switch|p2b: Charizard|Charizard, L50, M|100/100
|-ability|p2a: Porygon2|Download|boost
|-boost|p2a: Porygon2|spa|1
|turn|1
|inactive|Av3z has 30 seconds left.
|
|t:|1756493659
|switch|p2a: Torkoal|Torkoal, L50, M|100/100
|-weather|SunnyDay|[from] ability: Drought|[of] p2a: Torkoal
|-terastallize|p2b: Charizard|Ghost
|-terastallize|p1b: Darby Alin|Dragon
|move|p2b: Charizard|Heat Wave|p1a: CM Punk|[spread] p1a,p1b
|-resisted|p1b: Darby Alin
|-enditem|p1a: CM Punk|Focus Sash
|-damage|p1a: CM Punk|1/100
|-damage|p1b: Darby Alin|48/100
|-enditem|p1b: Darby Alin|Sitrus Berry|[eat]
|-heal|p1b: Darby Alin|73/100|[from] item: Sitrus Berry
|move|p1a: CM Punk|Close Combat|p2a: Torkoal
|-crit|p2a: Torkoal
|-damage|p2a: Torkoal|30/100
|-unboost|p1a: CM Punk|def|1
|-unboost|p1a: CM Punk|spd|1
|move|p1b: Darby Alin|Tailwind|p1b: Darby Alin
|-sidestart|p1: Av3z|move: Tailwind
|
|-weather|SunnyDay|[upkeep]
|-damage|p2b: Charizard|88/100|[from] ability: Solar Power|[of] p2b: Charizard
|upkeep
|turn|2
|inactive|Av3z has 30 seconds left.
|inactive|milkandcereals has 30 seconds left.
|inactive|Av3z has 20 seconds left.
|inactive|milkandcereals has 20 seconds left.
|inactive|milkandcereals has 15 seconds left.
|inactive|milkandcereals has 10 seconds left.
|
|t:|1756493709
|move|p1a: CM Punk|Double Shock|p2b: Charizard
|-damage|p2b: Charizard|0 fnt
|-start|p1a: CM Punk|typechange|???/Fighting|[from] move: Double Shock
|faint|p2b: Charizard
|move|p1b: Darby Alin|Brave Bird|p2a: Torkoal
|-crit|p2a: Torkoal
|-damage|p2a: Torkoal|0 fnt
|faint|p2a: Torkoal
|-damage|p1b: Darby Alin|65/100|[from] Recoil
|
|-weather|SunnyDay|[upkeep]
|upkeep
|
|t:|1756493715
|switch|p2b: Rillaboom|Rillaboom, L50, F|100/100
|switch|p2a: Porygon2|Porygon2, L50|100/100
|-fieldstart|move: Grassy Terrain|[from] ability: Grassy Surge|[of] p2b: Rillaboom
|-ability|p2a: Porygon2|Download|boost
|-boost|p2a: Porygon2|spa|1
|turn|3
|inactive|Av3z has 30 seconds left.
|inactive|milkandcereals has 30 seconds left.
|inactive|Av3z has 20 seconds left.
|
|t:|1756493751
|move|p1a: CM Punk|Protect|p1a: CM Punk
|-singleturn|p1a: CM Punk|Protect
|move|p1b: Darby Alin|Protect|p1b: Darby Alin
|-singleturn|p1b: Darby Alin|Protect
|move|p2b: Rillaboom|Grassy Glide|p1a: CM Punk
|-activate|p1a: CM Punk|move: Protect
|move|p2a: Porygon2|Ice Beam|p1b: Darby Alin
|-activate|p1b: Darby Alin|move: Protect
|
|-weather|SunnyDay|[upkeep]
|-heal|p1a: CM Punk|7/100|[from] Grassy Terrain
|-heal|p1b: Darby Alin|71/100|[from] Grassy Terrain
|upkeep
|turn|4
|inactive|Av3z has 30 seconds left.
|inactive|milkandcereals has 30 seconds left.
|
|t:|1756493781
|switch|p1a: Solo Sikoa|Toedscruel, L50, M|100/100
|switch|p1b: Paul Heyman|Weezing-Galar, L50, F|100/100
|-ability|p1b: Paul Heyman|Neutralizing Gas
|move|p2b: Rillaboom|Grassy Glide|p1a: Solo Sikoa
|-damage|p1a: Solo Sikoa|50/100
|move|p2a: Porygon2|Trick Room|p2a: Porygon2
|-fieldstart|move: Trick Room|[of] p2a: Porygon2
|
|-weather|SunnyDay|[upkeep]
|-heal|p1a: Solo Sikoa|56/100|[from] Grassy Terrain
|-sideend|p1: Av3z|move: Tailwind
|upkeep
|turn|5
|inactive|milkandcereals has 30 seconds left.
|inactive|milkandcereals has 20 seconds left.
|
|t:|1756493818
|move|p2a: Porygon2|Ice Beam|p1a: Solo Sikoa
|-supereffective|p1a: Solo Sikoa
|-damage|p1a: Solo Sikoa|0 fnt
|faint|p1a: Solo Sikoa
|move|p1b: Paul Heyman|Flamethrower|p2b: Rillaboom
|-supereffective|p2b: Rillaboom
|-damage|p2b: Rillaboom|25/100
|-status|p2b: Rillaboom|brn
|move|p2b: Rillaboom|High Horsepower|p1b: Paul Heyman
|-supereffective|p1b: Paul Heyman
|-damage|p1b: Paul Heyman|66/100
|
|-weather|none
|-heal|p1b: Paul Heyman|72/100|[from] Grassy Terrain
|-heal|p2b: Rillaboom|31/100 brn|[from] Grassy Terrain
|-damage|p2b: Rillaboom|25/100 brn|[from] brn
|upkeep
|
|t:|1756493836
|switch|p1a: Darby Alin|Corviknight, L50, M, tera:Dragon|71/100
|turn|6
|inactive|milkandcereals has 30 seconds left.
|inactive|milkandcereals has 20 seconds left.
|
|t:|1756493871
|move|p2b: Rillaboom|Grassy Glide|p1a: Darby Alin
|-resisted|p1a: Darby Alin
|-damage|p1a: Darby Alin|63/100
|move|p2a: Porygon2|Tera Blast|p1b: Paul Heyman
|-damage|p1b: Paul Heyman|0 fnt
|faint|p1b: Paul Heyman
|-end|p1b: Paul Heyman|ability: Neutralizing Gas
|-ability|p2a: Porygon2|Download|boost
|-boost|p2a: Porygon2|spa|1
|move|p1a: Darby Alin|Brave Bird|p2a: Porygon2
|-damage|p2a: Porygon2|75/100
|-damage|p1a: Darby Alin|55/100|[from] Recoil
|
|-heal|p2a: Porygon2|81/100|[from] Grassy Terrain
|-heal|p1a: Darby Alin|61/100|[from] Grassy Terrain
|-heal|p2b: Rillaboom|31/100 brn|[from] Grassy Terrain
|-damage|p2b: Rillaboom|25/100 brn|[from] brn
|upkeep
|
|t:|1756493889
|switch|p1b: CM Punk|Pawmot, L50, M|7/100
|turn|7
|inactive|Av3z has 30 seconds left.
|
|t:|1756493917
|move|p1b: CM Punk|Protect|p1b: CM Punk
|-singleturn|p1b: CM Punk|Protect
|move|p2b: Rillaboom|Grassy Glide|p1b: CM Punk
|-activate|p1b: CM Punk|move: Protect
|move|p2a: Porygon2|Ice Beam|p1a: Darby Alin
|-supereffective|p1a: Darby Alin
|-damage|p1a: Darby Alin|0 fnt
|faint|p1a: Darby Alin
|
|-heal|p2a: Porygon2|87/100|[from] Grassy Terrain
|-heal|p2b: Rillaboom|31/100 brn|[from] Grassy Terrain
|-heal|p1b: CM Punk|14/100|[from] Grassy Terrain
|-damage|p2b: Rillaboom|25/100 brn|[from] brn
|-fieldend|move: Grassy Terrain
|upkeep
|turn|8
|inactive|Av3z has 30 seconds left.
|
|t:|1756493943
|move|p2a: Porygon2|Ice Beam|p1b: CM Punk
|-damage|p1b: CM Punk|0 fnt
|faint|p1b: CM Punk
|
|win|milkandcereals
|raw|Av3z's rating: 1030 → 1014(-16 for losing)
|raw|milkandcereals's rating: 1000 → 1043(+43 for winning)
|c|☆Av3z|gg bwp
|c|☆milkandcereals|gg
