|j|☆Rotomotopoto
|j|☆JNEST
|html|RotomotopotoJNEST    
|uhtml|bestof|Game 1 of a best-of-3
|t:|1756157348
|gametype|doubles
|player|p1|Rotomotopoto|cynthia|1265
|player|p2|JNEST|veteran-gen4|1164
|gen|9
|tier|[Gen 9] VGC 2025 Reg H (Bo3)
|rated|
|rule|Species Clause: Limit one of each Pokémon
|rule|Item Clause: Limit 1 of each item
|clearpoke
|poke|p1|Archaludon, L50, M|
|poke|p1|Pelipper, L50, F|
|poke|p1|Basculegion, L50, M|
|poke|p1|Maushold-Four, L50|
|poke|p1|Annihilape, L50, M|
|poke|p1|Sinistcha-Masterpiece, L50|
|poke|p2|Weezing, L50, M|
|poke|p2|Indeedee, L50, M|
|poke|p2|Incineroar, L50, M|
|poke|p2|Annihilape, L50, M|
|poke|p2|Tyranitar, L50, M|
|poke|p2|Corviknight, L50, M|
|teampreview|4
|showteam|p1|Archaludon||AssaultVest|Stamina|ElectroShot,DragonPulse,FlashCannon,BodyPress|||M|||50|,,,,,Grass]Pelipper||FocusSash|Drizzle|WeatherBall,Hurricane,Tailwind,WideGuard|||F|||50|,,,,,Ghost]Basculegion||LifeOrb|SwiftSwim|WaveCrash,FlipTurn,LastRespects,AquaJet|||M|||50|,,,,,Water]Maushold-Four||SafetyGoggles|FriendGuard|SuperFang,BeatUp,Taunt,FollowMe||||||50|,,,,,Ghost]Annihilape||Leftovers|Defiant|RageFist,DrainPunch,BulkUp,Protect|||M|||50|,,,,,Fire]Sinistcha-Masterpiece||SitrusBerry|Hospitality|MatchaGotcha,RagePowder,LifeDew,TrickRoom||||||50|,,,,,Fairy
|showteam|p2|Weezing||SitrusBerry|NeutralizingGas|Protect,Taunt,WillOWisp,SludgeBomb|||M|||50|,,,,,Ghost]Indeedee||ChoiceScarf|PsychicSurge|ExpandingForce,TeraBlast,Trick,HyperVoice|||M|||50|,,,,,Fighting]Incineroar||AbilityShield|Intimidate|KnockOff,FlareBlitz,FakeOut,PartingShot|||M|||50|,,,,,Ghost]Annihilape||SafetyGoggles|Defiant|Taunt,RageFist,CloseCombat,FinalGambit|||M|||50|,,,,,Fairy]Tyranitar||AssaultVest|SandStream|RockSlide,KnockOff,TeraBlast,LowKick|||M|||50|,,,,,Flying]Corviknight||Leftovers|MirrorArmor|BraveBird,Tailwind,Roost,BulkUp|||M|||50|,,,,,Dragon
|inactive|Battle timer is ON: inactive players will automatically lose when time's up. (requested by JNEST)
|
|t:|1756157375
|teamsize|p1|4
|teamsize|p2|4
|start
|switch|p1a: Maushold|Maushold-Four, L50|100/100
|switch|p1b: Annihilape|Annihilape, L50, M|100/100
|switch|p2a: Corviknight|Corviknight, L50, M|100/100
|switch|p2b: Weezing|Weezing, L50, M|100/100
|-ability|p2b: Weezing|Neutralizing Gas
|turn|1
|
|t:|1756157392
|-terastallize|p1b: Annihilape|Fire
|-terastallize|p2b: Weezing|Ghost
|move|p1a: Maushold|Beat Up|p1b: Annihilape
|-damage|p1b: Annihilape|98/100
|-damage|p1b: Annihilape|94/100
|-damage|p1b: Annihilape|91/100
|-damage|p1b: Annihilape|88/100
|-hitcount|p1b: Annihilape|4
|move|p1b: Annihilape|Rage Fist|p2a: Corviknight
|-damage|p2a: Corviknight|13/100
|move|p2a: Corviknight|Tailwind|p2a: Corviknight
|-sidestart|p2: JNEST|move: Tailwind
|move|p2b: Weezing|Will-O-Wisp|p1b: Annihilape|[miss]
|-miss|p2b: Weezing|p1b: Annihilape
|
|-heal|p2a: Corviknight|19/100|[from] item: Leftovers
|-heal|p1b: Annihilape|95/100|[from] item: Leftovers
|upkeep
|turn|2
|inactive|Rotomotopoto has 30 seconds left.
|
|t:|1756157423
|move|p2a: Corviknight|Brave Bird|p1b: Annihilape
|-damage|p1b: Annihilape|44/100
|-damage|p2a: Corviknight|2/100|[from] Recoil
|move|p1a: Maushold|Taunt|p2a: Corviknight
|-start|p2a: Corviknight|move: Taunt
|move|p2b: Weezing|Sludge Bomb|p1b: Annihilape
|-crit|p1b: Annihilape
|-damage|p1b: Annihilape|3/100
|move|p1b: Annihilape|Rage Fist|p2a: Corviknight
|-damage|p2a: Corviknight|0 fnt
|faint|p2a: Corviknight
|
|-heal|p1b: Annihilape|10/100|[from] item: Leftovers
|upkeep
|
|t:|1756157435
|switch|p2a: Tyranitar|Tyranitar, L50, M|100/100
|turn|3
|
|t:|1756157452
|move|p1a: Maushold|Follow Me|p1a: Maushold
|-singleturn|p1a: Maushold|move: Follow Me
|move|p2a: Tyranitar|Rock Slide|p1b: Annihilape|[spread] p1a,p1b
|-supereffective|p1b: Annihilape
|-damage|p1a: Maushold|61/100
|-damage|p1b: Annihilape|0 fnt
|faint|p1b: Annihilape
|move|p2b: Weezing|Will-O-Wisp|p1a: Maushold|[miss]
|-miss|p2b: Weezing|p1a: Maushold
|
|upkeep
|
|t:|1756157464
|switch|p1b: Pelipper|Pelipper, L50, F, shiny|100/100
|turn|4
|
|t:|1756157478
|switch|p1b: Archaludon|Archaludon, L50, M, shiny|100/100
|move|p2a: Tyranitar|Knock Off|p1b: Archaludon
|-damage|p1b: Archaludon|62/100
|-enditem|p1b: Archaludon|Assault Vest|[from] move: Knock Off|[of] p2a: Tyranitar
|move|p1a: Maushold|Beat Up|p1b: Archaludon
|-damage|p1b: Archaludon|60/100
|-damage|p1b: Archaludon|57/100
|-crit|p1b: Archaludon
|-damage|p1b: Archaludon|55/100
|-hitcount|p1b: Archaludon|3
|move|p2b: Weezing|Sludge Bomb|p1b: Archaludon
|-immune|p1b: Archaludon
|
|-sideend|p2: JNEST|move: Tailwind
|upkeep
|turn|5
|
|t:|1756157488
|switch|p2a: Annihilape|Annihilape, L50, M|100/100
|move|p1a: Maushold|Follow Me|p1a: Maushold
|-singleturn|p1a: Maushold|move: Follow Me
|move|p1b: Archaludon|Body Press|p2a: Annihilape
|-immune|p2a: Annihilape
|move|p2b: Weezing|Will-O-Wisp|p1a: Maushold
|-status|p1a: Maushold|brn
|
|-damage|p1a: Maushold|54/100 brn|[from] brn
|upkeep
|turn|6
|-message|Rotomotopoto forfeited.
|
|win|JNEST
|l|☆Rotomotopoto
|player|p1|
