|j|☆SomeKidJon
|j|☆exessvgc
|html|SomeKidJonexessvgc    
|uhtml|bestof|Game 3 of a best-of-3
|t:|1782247703
|gametype|doubles
|player|p1|SomeKidJon|scientistf|1281
|player|p2|exessvgc|265|1130
|gen|9
|tier|[Gen 9 Champions] VGC 2026 Reg M-B (Bo3)
|rated|
|rule|Species Clause: Limit one of each Pokémon
|rule|Item Clause: Limit 1 of each item
|clearpoke
|poke|p1|Camerupt, L50, M|
|poke|p1|Farigiraf, L50, F, shiny|
|poke|p1|Incineroar, L50, F|
|poke|p1|Primarina, L50, F|
|poke|p1|Staraptor, L50, F|
|poke|p1|Ninetales-Alola, L50, F|
|poke|p2|Sceptile, L50, M|
|poke|p2|Rotom-Heat, L50|
|poke|p2|Basculegion, L50, M|
|poke|p2|Aerodactyl, L50, M|
|poke|p2|Garchomp, L50, M|
|poke|p2|Floette-Eternal, L50, F|
|teampreview|4
|showteam|p1|Camerupt||Cameruptite|SolidRock|Protect,HeatWave,AncientPower,EarthPower|Quiet||M|||50|]Farigiraf||SitrusBerry|ArmorTail|HelpingHand,TrickRoom,DazzlingGleam,Protect|Calm||F|||50|]Incineroar||PasshoBerry|Intimidate|PartingShot,FakeOut,FlareBlitz,ThroatChop|Careful||F|||50|]Primarina||Leftovers|LiquidVoice|HyperVoice,Protect,Moonblast,CalmMind|Modest||F|||50|]Staraptor||Staraptite|Intimidate|Tailwind,CloseCombat,BraveBird,Protect|Jolly||F|||50|]Ninetales-Alola||LightClay|SnowWarning|AuroraVeil,Blizzard,FreezeDry,Protect|Timid||F|||50|
|showteam|p2|Sceptile||Sceptilite|Overgrow|GrassKnot,DragonPulse,EarthPower,Detect|Modest||M|||50|]Rotom-Heat||ChoiceScarf|Levitate|Thunderbolt,Overheat,VoltSwitch,Discharge|Timid|||||50|]Basculegion||SitrusBerry|Adaptability|WaveCrash,LastRespects,AquaJet,Protect|Adamant||M|||50|]Aerodactyl||FocusSash|Unnerve|RockSlide,DualWingbeat,Tailwind,WideGuard|Jolly||M|||50|]Garchomp||LifeOrb|RoughSkin|DragonClaw,Earthquake,RockSlide,Protect|Jolly||M|||50|]Floette-Eternal||Floettite|FlowerVeil|Moonblast,DazzlingGleam,LightofRuin,Protect|Timid||F|||50|
|
|t:|1782247749
|teamsize|p1|4
|teamsize|p2|4
|start
|switch|p1a: Incineroar|Incineroar, L50, F|100/100
|switch|p1b: Ninetales|Ninetales-Alola, L50, F|100/100
|switch|p2a: Aerodactyl|Aerodactyl, L50, M|100/100
|switch|p2b: Rotom|Rotom-Heat, L50|100/100
|-ability|p2a: Aerodactyl|Unnerve
|-weather|Snowscape|[from] ability: Snow Warning|[of] p1b: Ninetales
|-ability|p1a: Incineroar|Intimidate|boost
|-unboost|p2a: Aerodactyl|atk|1
|-unboost|p2b: Rotom|atk|1
|turn|1
|inactive|Battle timer is ON: inactive players will automatically lose when time's up. (requested by exessvgc)
|
|t:|1782247771
|move|p1a: Incineroar|Fake Out|p2b: Rotom
|-damage|p2b: Rotom|83/100
|cant|p2b: Rotom|flinch
|move|p2a: Aerodactyl|Tailwind|p2a: Aerodactyl
|-sidestart|p2: exessvgc|move: Tailwind
|move|p1b: Ninetales|Aurora Veil|p1b: Ninetales
|-sidestart|p1: SomeKidJon|move: Aurora Veil
|
|-weather|Snowscape|[upkeep]
|upkeep
|turn|2
|
|t:|1782247780
|move|p1b: Ninetales|Protect|p1b: Ninetales
|-singleturn|p1b: Ninetales|Protect
|move|p2b: Rotom|Overheat|p1b: Ninetales
|-activate|p1b: Ninetales|move: Protect
|move|p2a: Aerodactyl|Rock Slide|p1a: Incineroar|[spread] p1a
|-activate|p1b: Ninetales|move: Protect
|-supereffective|p1a: Incineroar|1
|-damage|p1a: Incineroar|79/100
|move|p1a: Incineroar|Parting Shot|p2b: Rotom
|-unboost|p2b: Rotom|atk|1
|-unboost|p2b: Rotom|spa|1
|
|t:|1782247787
|switch|p1a: Farigiraf|Farigiraf, L50, F, shiny|100/100|[from] Parting Shot
|
|-weather|Snowscape|[upkeep]
|upkeep
|turn|3
|
|t:|1782247795
|switch|p1b: Camerupt|Camerupt, L50, M|100/100
|move|p2b: Rotom|Overheat|p1b: Camerupt
|-resisted|p1b: Camerupt|1
|-damage|p1b: Camerupt|83/100
|-unboost|p2b: Rotom|spa|2
|move|p2a: Aerodactyl|Rock Slide|p1a: Farigiraf|[spread] p1a,p1b
|-damage|p1a: Farigiraf|89/100
|-damage|p1b: Camerupt|68/100
|move|p1a: Farigiraf|Trick Room|p1a: Farigiraf
|-fieldstart|move: Trick Room|[of] p1a: Farigiraf
|
|-weather|Snowscape|[upkeep]
|upkeep
|turn|4
|inactive|exessvgc has 30 seconds left.
|
|t:|1782247825
|switch|p2b: Basculegion|Basculegion, L50, M|100/100
|detailschange|p1b: Camerupt|Camerupt-Mega, L50, M
|-mega|p1b: Camerupt|Camerupt|Cameruptite
|move|p1b: Camerupt|Ancient Power|p2b: Basculegion
|-damage|p2b: Basculegion|62/100
|move|p1a: Farigiraf|Dazzling Gleam|p2b: Basculegion|[spread] p2a,p2b
|-damage|p2a: Aerodactyl|80/100
|-damage|p2b: Basculegion|44/100
|-enditem|p2b: Basculegion|Sitrus Berry|[eat]
|-heal|p2b: Basculegion|69/100|[from] item: Sitrus Berry
|move|p2a: Aerodactyl|Rock Slide|p1a: Farigiraf|[spread] p1a,p1b
|-damage|p1a: Farigiraf|79/100
|-damage|p1b: Camerupt|56/100
|
|-weather|Snowscape|[upkeep]
|-sideend|p2: exessvgc|move: Tailwind
|upkeep
|turn|5
|inactive|exessvgc has 30 seconds left.
|
|t:|1782247859
|move|p2a: Aerodactyl|Wide Guard|p2a: Aerodactyl
|-singleturn|p2a: Aerodactyl|Wide Guard
|move|p1b: Camerupt|Ancient Power|p2b: Basculegion
|-damage|p2b: Basculegion|31/100
|move|p1a: Farigiraf|Dazzling Gleam|p2a: Aerodactyl|[spread] 
|-activate|p2a: Aerodactyl|move: Wide Guard
|-activate|p2b: Basculegion|move: Wide Guard
|move|p2b: Basculegion|Wave Crash|p1b: Camerupt
|-supereffective|p1b: Camerupt|2
|-damage|p1b: Camerupt|0 fnt
|faint|p1b: Camerupt
|-damage|p2b: Basculegion|14/100|[from] Recoil
|
|-weather|none
|upkeep
|
|t:|1782247865
|switch|p1b: Ninetales|Ninetales-Alola, L50, F|100/100
|-weather|Snowscape|[from] ability: Snow Warning|[of] p1b: Ninetales
|turn|6
|inactive|exessvgc has 30 seconds left.
|
|t:|1782247895
|switch|p2a: Rotom|Rotom-Heat, L50|83/100
|move|p2b: Basculegion|Protect|p2b: Basculegion
|-singleturn|p2b: Basculegion|Protect
|move|p1a: Farigiraf|Dazzling Gleam|p2a: Rotom|[spread] p2a
|-activate|p2b: Basculegion|move: Protect
|-resisted|p2a: Rotom|1
|-damage|p2a: Rotom|74/100
|move|p1b: Ninetales|Freeze-Dry|p2b: Basculegion
|-activate|p2b: Basculegion|move: Protect
|
|-weather|Snowscape|[upkeep]
|upkeep
|turn|7
|
|t:|1782247920
|switch|p2b: Aerodactyl|Aerodactyl, L50, M|80/100
|-ability|p2b: Aerodactyl|Unnerve
|switch|p1b: Incineroar|Incineroar, L50, F|79/100
|-ability|p1b: Incineroar|Intimidate|boost
|-unboost|p2a: Rotom|atk|1
|-unboost|p2b: Aerodactyl|atk|1
|move|p1a: Farigiraf|Dazzling Gleam|p2b: Aerodactyl|[spread] p2a,p2b
|-resisted|p2a: Rotom|1
|-damage|p2a: Rotom|64/100
|-damage|p2b: Aerodactyl|59/100
|move|p2a: Rotom|Volt Switch|p1b: Incineroar
|-damage|p1b: Incineroar|62/100
|
|t:|1782247932
|switch|p2a: Basculegion|Basculegion, L50, M|14/100|[from] Volt Switch
|
|-weather|Snowscape|[upkeep]
|-fieldend|move: Trick Room
|upkeep
|turn|8
|inactive|SomeKidJon has 30 seconds left.
|inactive|exessvgc has 30 seconds left.
|inactive|SomeKidJon has 20 seconds left.
|inactive|SomeKidJon has 15 seconds left.
|
|t:|1782247974
|move|p2b: Aerodactyl|Rock Slide|p1b: Incineroar|[spread] p1a,p1b
|-supereffective|p1b: Incineroar|1
|-damage|p1a: Farigiraf|70/100
|-damage|p1b: Incineroar|43/100
|move|p2a: Basculegion|Wave Crash|p1b: Incineroar
|-supereffective|p1b: Incineroar|1
|-damage|p1b: Incineroar|0 fnt
|faint|p1b: Incineroar
|-damage|p2a: Basculegion|0 fnt|[from] Recoil
|faint|p2a: Basculegion
|cant|p1a: Farigiraf|flinch
|
|-weather|Snowscape|[upkeep]
|-sideend|p1: SomeKidJon|move: Aurora Veil
|upkeep
|-message|SomeKidJon forfeited.
|raw|SomeKidJon's rating: 1281 → 1246(-35 for losing)
|raw|exessvgc's rating: 1130 → 1165(+35 for winning)
|
|win|exessvgc
|l|☆SomeKidJon
|player|p1|
|l|☆exessvgc
|player|p2|
|j|☆exessvgc
|player|p2|exessvgc|265|
