|j|☆Matyupeko
|j|☆Pytonia
|html|MatyupekoPytonia    
|uhtml|bestof|Game 1 of a best-of-3
|t:|1783431114
|gametype|doubles
|player|p1|Matyupeko|1|
|player|p2|Pytonia|lucian|
|gen|9
|tier|[Gen 9 Champions] VGC 2026 Reg M-B (Bo3)
|rule|Species Clause: Limit one of each Pokémon
|rule|Item Clause: Limit 1 of each item
|clearpoke
|poke|p1|Archaludon, L50, M|
|poke|p1|Drampa, L50, M|
|poke|p1|Grimmsnarl, L50, M|
|poke|p1|Pelipper, L50, M|
|poke|p1|Sinistcha-Masterpiece, L50|
|poke|p1|Swampert, L50, M|
|poke|p2|Raichu, L50, F|
|poke|p2|Volcarona, L50, F|
|poke|p2|Milotic, L50, F|
|poke|p2|Ninetales-Alola, L50, M|
|poke|p2|Farigiraf, L50, F|
|poke|p2|Metagross, L50|
|teampreview|4
|showteam|p1|Archaludon||Leftovers|Stamina|DragonPulse,FlashCannon,ElectroShot,Protect|Modest||M|||50|]Drampa||Drampanite|Berserk|HyperVoice,EarthPower,CalmMind,Protect|Modest||M|||50|]Grimmsnarl||LightClay|Prankster|SpiritBreak,PartingShot,LightScreen,Reflect|Careful||M|||50|]Pelipper||FocusSash|Drizzle|Hurricane,WeatherBall,Tailwind,Protect|Modest||M|||50|]Sinistcha-Masterpiece||SitrusBerry|Hospitality|MatchaGotcha,RagePowder,LifeDew,TrickRoom|Bold|||||50|]Swampert||Swampertite|Damp|WaveCrash,Earthquake,IcePunch,Protect|Adamant||M|||50|
|showteam|p2|Raichu||RaichuniteY|LightningRod|ZapCannon,FocusBlast,GrassKnot,Protect|Timid||F|||50|]Volcarona||PasshoBerry|FlameBody|HeatWave,BugBuzz,RagePowder,Protect|Bold||F|||50|]Milotic||Leftovers|Competitive|MuddyWater,Coil,Blizzard,Protect|Bold||F|||50|]Ninetales-Alola||FocusSash|SnowWarning|FreezeDry,DazzlingGleam,Extrasensory,Protect|Timid||M|||50|]Farigiraf||SitrusBerry|ArmorTail|TrickRoom,Psychic,Imprison,Protect|Modest||F|||50|]Metagross||Metagrossite|ClearBody|IronHead,PsychicFangs,IcePunch,Protect|Jolly|||||50|
|c|☆Matyupeko|glhf!
|c|☆Pytonia|Glhf :D
|
|t:|1783431177
|teamsize|p1|4
|teamsize|p2|4
|start
|switch|p1a: Drampa|Drampa, L50, M|100/100
|switch|p1b: Grimmsnarl|Grimmsnarl, L50, M|100/100
|switch|p2a: Raichu|Raichu, L50, F|100/100
|switch|p2b: Milotic|Milotic, L50, F|100/100
|turn|1
|
|t:|1783431195
|detailschange|p2a: Raichu|Raichu-Mega-Y, L50, F
|-mega|p2a: Raichu|Raichu|Raichunite Y
|detailschange|p1a: Drampa|Drampa-Mega, L50, M
|-mega|p1a: Drampa|Drampa|Drampanite
|move|p1b: Grimmsnarl|Light Screen|p1b: Grimmsnarl
|-sidestart|p1: Matyupeko|move: Light Screen
|move|p2a: Raichu|Zap Cannon|p1b: Grimmsnarl
|-damage|p1b: Grimmsnarl|59/100
|-status|p1b: Grimmsnarl|par
|move|p2b: Milotic|Coil|p2b: Milotic
|-boost|p2b: Milotic|atk|1
|-boost|p2b: Milotic|def|1
|-boost|p2b: Milotic|accuracy|1
|move|p1a: Drampa|Calm Mind|p1a: Drampa
|-boost|p1a: Drampa|spa|1
|-boost|p1a: Drampa|spd|1
|
|upkeep
|turn|2
|
|t:|1783431218
|move|p2a: Raichu|Protect|p2a: Raichu
|-singleturn|p2a: Raichu|Protect
|move|p1b: Grimmsnarl|Parting Shot|p2a: Raichu
|-activate|p2a: Raichu|move: Protect
|move|p2b: Milotic|Blizzard|p1b: Grimmsnarl|[spread] p1a,p1b
|-supereffective|p1a: Drampa|1
|-damage|p1a: Drampa|84/100
|-damage|p1b: Grimmsnarl|47/100 par
|move|p1a: Drampa|Earth Power|p2a: Raichu
|-activate|p2a: Raichu|move: Protect
|
|upkeep
|turn|3
|
|t:|1783431231
|switch|p2a: Volcarona|Volcarona, L50, F|100/100
|move|p1a: Drampa|Protect|p1a: Drampa
|-singleturn|p1a: Drampa|Protect
|move|p1b: Grimmsnarl|Parting Shot|p2a: Volcarona
|-unboost|p2a: Volcarona|atk|1
|-unboost|p2a: Volcarona|spa|1
|
|t:|1783431249
|switch|p1b: Pelipper|Pelipper, L50, M|100/100|[from] Parting Shot
|-weather|RainDance|[from] ability: Drizzle|[of] p1b: Pelipper
|move|p2b: Milotic|Muddy Water|p1a: Drampa|[spread] p1b
|-activate|p1a: Drampa|move: Protect
|-resisted|p1b: Pelipper|1
|-damage|p1b: Pelipper|77/100
|
|-weather|RainDance|[upkeep]
|upkeep
|turn|4
|
|t:|1783431263
|switch|p2a: Ninetales|Ninetales-Alola, L50, M|100/100
|-weather|Snowscape|[from] ability: Snow Warning|[of] p2a: Ninetales
|move|p1b: Pelipper|Hurricane|p2b: Milotic
|-damage|p2b: Milotic|60/100
|move|p2b: Milotic|Blizzard|p1a: Drampa|[spread] p1a,p1b
|-supereffective|p1a: Drampa|1
|-damage|p1a: Drampa|68/100
|-damage|p1b: Pelipper|50/100g
|move|p1a: Drampa|Hyper Voice|p2b: Milotic|[spread] p2a,p2b
|-crit|p2a: Ninetales
|-enditem|p2a: Ninetales|Focus Sash
|-damage|p2a: Ninetales|1/100
|-damage|p2b: Milotic|11/100
|
|-weather|Snowscape|[upkeep]
|-heal|p2b: Milotic|18/100|[from] item: Leftovers
|upkeep
|turn|5
|c|☆Pytonia|Damn ouch
|
|t:|1783431298
|switch|p1b: Sinistcha|Sinistcha-Masterpiece, L50|100/100
|-heal|p1a: Drampa|93/100|[from] ability: Hospitality|[of] p1b: Sinistcha
|move|p2a: Ninetales|Protect|p2a: Ninetales
|-singleturn|p2a: Ninetales|Protect
|move|p2b: Milotic|Blizzard|p1b: Sinistcha|[spread] p1a,p1b
|-supereffective|p1a: Drampa|1
|-supereffective|p1b: Sinistcha|1
|-damage|p1a: Drampa|78/100
|-damage|p1b: Sinistcha|67/100
|move|p1a: Drampa|Hyper Voice|p2b: Milotic|[spread] p2b
|-activate|p2a: Ninetales|move: Protect
|-damage|p2b: Milotic|0 fnt
|faint|p2b: Milotic
|
|-weather|Snowscape|[upkeep]
|upkeep
|
|t:|1783431303
|switch|p2b: Volcarona|Volcarona, L50, F|100/100
|turn|6
|
|t:|1783431316
|switch|p1b: Pelipper|Pelipper, L50, M|50/100g
|-weather|RainDance|[from] ability: Drizzle|[of] p1b: Pelipper
|move|p2a: Ninetales|Freeze-Dry|p1b: Pelipper
|-supereffective|p1b: Pelipper|2
|-damage|p1b: Pelipper|0 fnt
|faint|p1b: Pelipper
|move|p2b: Volcarona|Heat Wave|p1a: Drampa
|-resisted|p1a: Drampa|1
|-damage|p1a: Drampa|75/100
|move|p1a: Drampa|Hyper Voice|p2b: Volcarona|[spread] p2a,p2b
|-damage|p2a: Ninetales|0 fnt
|-damage|p2b: Volcarona|48/100
|faint|p2a: Ninetales
|
|-weather|RainDance|[upkeep]
|upkeep
|
|t:|1783431330
|switch|p2a: Raichu|Raichu-Mega-Y, L50, F|100/100
|switch|p1b: Grimmsnarl|Grimmsnarl, L50, M|47/100 par
|turn|7
|
|t:|1783431348
|move|p1a: Drampa|Protect|p1a: Drampa
|-singleturn|p1a: Drampa|Protect
|move|p2b: Volcarona|Rage Powder|p2b: Volcarona
|-singleturn|p2b: Volcarona|move: Rage Powder
|move|p2a: Raichu|Focus Blast|p1a: Drampa
|-activate|p1a: Drampa|move: Protect
|move|p1b: Grimmsnarl|Spirit Break|p2b: Volcarona
|-resisted|p2b: Volcarona|1
|-damage|p2b: Volcarona|35/100
|-unboost|p2b: Volcarona|spa|1
|
|-weather|RainDance|[upkeep]
|upkeep
|turn|8
|
|t:|1783431363
|move|p2b: Volcarona|Rage Powder|p2b: Volcarona
|-singleturn|p2b: Volcarona|move: Rage Powder
|move|p1b: Grimmsnarl|Parting Shot|p2b: Volcarona
|-unboost|p2b: Volcarona|atk|1
|-unboost|p2b: Volcarona|spa|1
|
|t:|1783431366
|switch|p1b: Sinistcha|Sinistcha-Masterpiece, L50|67/100|[from] Parting Shot
|-heal|p1a: Drampa|100/100|[from] ability: Hospitality|[of] p1b: Sinistcha
|move|p2a: Raichu|Focus Blast|p1a: Drampa
|-supereffective|p1a: Drampa|1
|-damage|p1a: Drampa|65/100
|move|p1a: Drampa|Hyper Voice|p2b: Volcarona|[spread] p2a,p2b
|-damage|p2a: Raichu|0 fnt
|-damage|p2b: Volcarona|0 fnt
|faint|p2a: Raichu
|faint|p2b: Volcarona
|
|win|Matyupeko
||Pytonia is ready for game 2.
|c|☆Pytonia|Sakit HAHA
|inactive|Matyupeko has 30 seconds to confirm battle start!
|c|☆Matyupeko|Drampa good HAHAHA
||Matyupeko is ready for game 2.
|uhtml|next|Next: Game 2 of 3
|l|☆Matyupeko
|player|p1|
|j|☆Matyupeko
|player|p1|Matyupeko|1|
