|j|☆breloomb01
|j|☆umizoomis
|html|breloomb01umizoomis    
|uhtml|bestof|Game 1 of a best-of-3
|t:|1785276054
|gametype|doubles
|player|p1|breloomb01|roughneck|1115
|player|p2|umizoomis|n|1008
|gen|9
|tier|[Gen 9 Champions] VGC 2026 Reg M-B (Bo3)
|rated|
|rule|Species Clause: Limit one of each Pokémon
|rule|Item Clause: Limit 1 of each item
|clearpoke
|poke|p1|Venusaur, L50, F|
|poke|p1|Garchomp, L50, F|
|poke|p1|Sneasler, L50, F|
|poke|p1|Talonflame, L50, M|
|poke|p1|Rotom-Wash, L50|
|poke|p1|Kingambit, L50, F|
|poke|p2|Charizard, L50, F|
|poke|p2|Luxray, L50, M|
|poke|p2|Sneasler, L50, M|
|poke|p2|Sinistcha, L50, shiny|
|poke|p2|Toxapex, L50, M|
|poke|p2|Kingambit, L50, F, shiny|
|teampreview|4
|showteam|p1|Venusaur||Venusaurite|Chlorophyll|SludgeBomb,GigaDrain,EarthPower,Protect|Modest||F|||50|]Garchomp||LifeOrb|RoughSkin|Protect,RockSlide,Earthquake,DragonClaw|Jolly||F|||50|]Sneasler||WhiteHerb|Unburden|FakeOut,CloseCombat,DireClaw,Protect|Jolly||F|||50|]Talonflame||SharpBeak|GaleWings|BraveBird,FlareBlitz,Tailwind,Protect|Jolly||M|||50|]Rotom-Wash||SitrusBerry|Levitate|HydroPump,VoltSwitch,WillOWisp,Protect|Timid|||||50|]Kingambit||BlackGlasses|Defiant|KowtowCleave,SuckerPunch,IronHead,Protect|Adamant||F|||50|
|showteam|p2|Charizard||CharizarditeX|Blaze|DragonDance,DragonClaw,FlareBlitz,Earthquake|Adamant||F|||50|]Luxray||ChoiceScarf|Intimidate|Crunch,PlayRough,WildCharge,PsychicFangs|Jolly||M|||50|]Sneasler||FocusSash|Unburden|DireClaw,CloseCombat,Coaching,FakeOut|Adamant||M|||50|]Sinistcha||SitrusBerry|Hospitality|Protect,MatchaGotcha,RagePowder,ShadowBall|Modest|||||50|]Toxapex||Leftovers|Regenerator|BanefulBunker,Infestation,Toxic,WideGuard|Relaxed||M|||50|]Kingambit||ChopleBerry|Defiant|KowtowCleave,IronHead,SuckerPunch,SwordsDance|Adamant||F|||50|
|
|t:|1785276089
|teamsize|p1|4
|teamsize|p2|4
|start
|switch|p1a: Garchomp|Garchomp, L50, F|100/100
|switch|p1b: Rotom|Rotom-Wash, L50|100/100
|switch|p2a: Luxray|Luxray, L50, M|100/100
|switch|p2b: Sneasler|Sneasler, L50, M|100/100
|-ability|p2a: Luxray|Intimidate|boost
|-unboost|p1a: Garchomp|atk|1
|-unboost|p1b: Rotom|atk|1
|turn|1
|
|t:|1785276136
|move|p2a: Luxray|Play Rough|p1a: Garchomp
|-supereffective|p1a: Garchomp|1
|-damage|p1a: Garchomp|38/100
|-damage|p2a: Luxray|87/100|[from] ability: Rough Skin|[of] p1a: Garchomp
|move|p2b: Sneasler|Close Combat|p1a: Garchomp
|-damage|p1a: Garchomp|0 fnt
|-unboost|p2b: Sneasler|def|1
|-unboost|p2b: Sneasler|spd|1
|-damage|p2b: Sneasler|87/100|[from] ability: Rough Skin|[of] p1a: Garchomp
|faint|p1a: Garchomp
|move|p1b: Rotom|Will-O-Wisp|p2a: Luxray
|-status|p2a: Luxray|brn
|
|-damage|p2a: Luxray|81/100 brn|[from] brn
|upkeep
|
|t:|1785276143
|switch|p1a: Venusaur|Venusaur, L50, F|100/100
|turn|2
|inactive|Battle timer is ON: inactive players will automatically lose when time's up. (requested by breloomb01)
|
|t:|1785276175
|switch|p2a: Sinistcha|Sinistcha, L50, shiny|100/100
|-heal|p2b: Sneasler|100/100|[from] ability: Hospitality|[of] p2a: Sinistcha
|switch|p2b: Charizard|Charizard, L50, F|100/100
|detailschange|p1a: Venusaur|Venusaur-Mega, L50, F
|-mega|p1a: Venusaur|Venusaur|Venusaurite
|move|p1b: Rotom|Will-O-Wisp|p2b: Charizard
|-immune|p2b: Charizard
|move|p1a: Venusaur|Sludge Bomb|p2a: Sinistcha
|-damage|p2a: Sinistcha|52/100
|
|upkeep
|turn|3
|inactive|umizoomis has 30 seconds left.
|
|t:|1785276209
|detailschange|p2b: Charizard|Charizard-Mega-X, L50, F
|-mega|p2b: Charizard|Charizard|Charizardite X
|move|p2a: Sinistcha|Protect|p2a: Sinistcha
|-singleturn|p2a: Sinistcha|Protect
|move|p2b: Charizard|Flare Blitz|p1a: Venusaur
|-supereffective|p1a: Venusaur|1
|-damage|p1a: Venusaur|29/100
|-damage|p2b: Charizard|71/100|[from] Recoil
|move|p1b: Rotom|Volt Switch|p2b: Charizard
|-resisted|p2b: Charizard|1
|-damage|p2b: Charizard|50/100g
|
|t:|1785276213
|switch|p1b: Talonflame|Talonflame, L50, M|100/100|[from] Volt Switch
|move|p1a: Venusaur|Sludge Bomb|p2b: Charizard
|-damage|p2b: Charizard|0 fnt
|faint|p2b: Charizard
|
|upkeep
|
|t:|1785276228
|switch|p2b: Luxray|Luxray, L50, M|81/100 brn
|-ability|p2b: Luxray|Intimidate|boost
|-unboost|p1a: Venusaur|atk|1
|-unboost|p1b: Talonflame|atk|1
|turn|4
|
|t:|1785276243
|move|p1b: Talonflame|Brave Bird|p2a: Sinistcha
|-supereffective|p2a: Sinistcha|1
|-damage|p2a: Sinistcha|0 fnt
|faint|p2a: Sinistcha
|-damage|p1b: Talonflame|83/100|[from] Recoil
|move|p2b: Luxray|Wild Charge|p1b: Talonflame
|-supereffective|p1b: Talonflame|1
|-damage|p1b: Talonflame|21/100
|-damage|p2b: Luxray|66/100 brn|[from] Recoil
|move|p1a: Venusaur|Earth Power|p2b: Luxray
|-supereffective|p2b: Luxray|1
|-damage|p2b: Luxray|0 fnt
|faint|p2b: Luxray
|
|upkeep
|
|t:|1785276259
|switch|p2a: Sneasler|Sneasler, L50, M|100/100
|turn|5
|
|t:|1785276275
|move|p2a: Sneasler|Fake Out|p1b: Talonflame
|-damage|p1b: Talonflame|0 fnt
|faint|p1b: Talonflame
|move|p1a: Venusaur|Earth Power|p2a: Sneasler
|-supereffective|p2a: Sneasler|1
|-damage|p2a: Sneasler|19/100
|
|upkeep
|
|t:|1785276277
|switch|p1b: Rotom|Rotom-Wash, L50|100/100
|turn|6
|
|t:|1785276288
|move|p2a: Sneasler|Dire Claw|p1a: Venusaur
|-damage|p1a: Venusaur|0 fnt
|faint|p1a: Venusaur
|move|p1b: Rotom|Volt Switch|p2a: Sneasler
|-damage|p2a: Sneasler|0 fnt
|faint|p2a: Sneasler
|
|win|breloomb01
||breloomb01 is ready for game 2.
||umizoomis is ready for game 2.
|uhtml|next|Next: Game 2 of 3
