|j|☆nenu18
|j|☆JuanGuerrero09
|html|nenu18JuanGuerrero09    
|uhtml|bestof|Game 1 of a best-of-3
|t:|1756241386
|gametype|doubles
|player|p1|nenu18|102|1179
|player|p2|JuanGuerrero09|1|1141
|gen|9
|tier|[Gen 9] VGC 2025 Reg H (Bo3)
|rated|
|rule|Species Clause: Limit one of each Pokémon
|rule|Item Clause: Limit 1 of each item
|clearpoke
|poke|p1|Electabuzz, L50, F|
|poke|p1|Kingambit, L50, F|
|poke|p1|Volcarona, L50, M|
|poke|p1|Dragonite, L50, M|
|poke|p1|Sneasler, L50, M|
|poke|p1|Rillaboom, L50, M|
|poke|p2|Sneasler, L50, M|
|poke|p2|Indeedee, L50, M|
|poke|p2|Tyranitar, L50, M|
|poke|p2|Excadrill, L50, M|
|poke|p2|Annihilape, L50, M|
|poke|p2|Hydreigon, L50, F|
|teampreview|4
|showteam|p1|Electabuzz||Eviolite|VitalSpirit|FollowMe,Thunderbolt,Taunt,Protect|||F|||50|,,,,,Ghost]Kingambit||BlackGlasses|Defiant|KowtowCleave,SuckerPunch,SwordsDance,Protect|||F|||50|,,,,,Ghost]Volcarona||LifeOrb|FlameBody|HeatWave,TeraBlast,QuiverDance,Protect|||M|||50|,,,,,Fairy]Dragonite||LoadedDice|Multiscale|ScaleShot,ExtremeSpeed,Haze,Protect|||M|||50|,,,,,Fairy]Sneasler||FocusSash|Unburden|DireClaw,CloseCombat,Coaching,FakeOut|||M|||50|,,,,,Stellar]Rillaboom||AssaultVest|GrassySurge|FakeOut,WoodHammer,GrassyGlide,HighHorsepower|||M|||50|,,,,,Fire
|showteam|p2|Sneasler||PsychicSeed|Unburden|CloseCombat,DireClaw,ThroatChop,Protect|||M|||50|,,,,,Dark]Indeedee||ChoiceScarf|PsychicSurge|ExpandingForce,TeraBlast,Trick,DazzlingGleam|||M|||50|,,,,,Fire]Tyranitar||AssaultVest|SandStream|RockSlide,KnockOff,TeraBlast,LowKick|||M|||50|,,,,,Flying]Excadrill||FocusSash|SandRush|HighHorsepower,Earthquake,IronHead,Protect|||M|||50|,,,,,Ground]Annihilape||SafetyGoggles|Defiant|CloseCombat,RageFist,Taunt,FinalGambit|||M|||50|,,,,,Psychic]Hydreigon||CovertCloak|Levitate|Snarl,Tailwind,DracoMeteor,Protect|||F|||50|,,,,,Poison
|
|t:|1756241446
|teamsize|p1|4
|teamsize|p2|4
|start
|switch|p1a: Dragonite|Dragonite, L50, M|100/100
|switch|p1b: Rillaboom|Rillaboom, L50, M|100/100
|switch|p2a: Excadrill|Excadrill, L50, M|100/100
|switch|p2b: Hydreigon|Hydreigon, L50, F|100/100
|-fieldstart|move: Grassy Terrain|[from] ability: Grassy Surge|[of] p1b: Rillaboom
|turn|1
|
|t:|1756241483
|-terastallize|p1a: Dragonite|Fairy
|move|p2b: Hydreigon|Protect|p2b: Hydreigon
|-singleturn|p2b: Hydreigon|Protect
|move|p2a: Excadrill|Protect|p2a: Excadrill
|-singleturn|p2a: Excadrill|Protect
|move|p1a: Dragonite|Scale Shot|p2b: Hydreigon
|-activate|p2b: Hydreigon|move: Protect
|move|p1b: Rillaboom|Wood Hammer|p2a: Excadrill
|-activate|p2a: Excadrill|move: Protect
|
|upkeep
|turn|2
|
|t:|1756241533
|switch|p2a: Indeedee|Indeedee, L50, M|100/100
|-fieldstart|move: Psychic Terrain|[from] ability: Psychic Surge|[of] p2a: Indeedee
|-terastallize|p2b: Hydreigon|Poison
|move|p2b: Hydreigon|Draco Meteor|p1b: Rillaboom
|-damage|p1b: Rillaboom|55/100
|-unboost|p2b: Hydreigon|spa|2
|move|p1a: Dragonite|Scale Shot|p2b: Hydreigon
|-damage|p2b: Hydreigon|84/100
|-damage|p2b: Hydreigon|66/100
|-damage|p2b: Hydreigon|46/100
|-damage|p2b: Hydreigon|29/100
|-damage|p2b: Hydreigon|12/100
|-hitcount|p2b: Hydreigon|5
|-unboost|p1a: Dragonite|def|1
|-boost|p1a: Dragonite|spe|1
|move|p1b: Rillaboom|Wood Hammer|p2a: Indeedee
|-damage|p2a: Indeedee|0 fnt
|faint|p2a: Indeedee
|-damage|p1b: Rillaboom|34/100|[from] Recoil
|
|upkeep
|
|t:|1756241559
|switch|p2a: Tyranitar|Tyranitar, L50, M|100/100
|-weather|Sandstorm|[from] ability: Sand Stream|[of] p2a: Tyranitar
|turn|3
|
|t:|1756241580
|move|p1a: Dragonite|Scale Shot|p2a: Tyranitar
|-damage|p2a: Tyranitar|88/100
|-damage|p2a: Tyranitar|75/100
|-damage|p2a: Tyranitar|64/100
|-damage|p2a: Tyranitar|52/100
|-hitcount|p2a: Tyranitar|4
|-unboost|p1a: Dragonite|def|1
|-boost|p1a: Dragonite|spe|1
|move|p2b: Hydreigon|Tailwind|p2b: Hydreigon
|-sidestart|p2: JuanGuerrero09|move: Tailwind
|move|p2a: Tyranitar|Rock Slide|p1a: Dragonite|[spread] p1a,p1b
|-damage|p1a: Dragonite|62/100
|-damage|p1b: Rillaboom|5/100
|cant|p1b: Rillaboom|flinch
|
|-weather|Sandstorm|[upkeep]
|-damage|p2b: Hydreigon|6/100|[from] Sandstorm
|-damage|p1a: Dragonite|56/100|[from] Sandstorm
|-damage|p1b: Rillaboom|0 fnt|[from] Sandstorm
|faint|p1b: Rillaboom
|upkeep
|
|t:|1756241584
|switch|p1b: Sneasler|Sneasler, L50, M|100/100
|turn|4
|
|t:|1756241617
|move|p2b: Hydreigon|Draco Meteor|p1b: Sneasler
|-damage|p1b: Sneasler|53/100
|-unboost|p2b: Hydreigon|spa|2
|move|p1a: Dragonite|Scale Shot|p2b: Hydreigon
|-damage|p2b: Hydreigon|0 fnt
|faint|p2b: Hydreigon
|-hitcount|p2: Hydreigon|1
|-unboost|p1a: Dragonite|def|1
|-boost|p1a: Dragonite|spe|1
|move|p1b: Sneasler|Close Combat|p2a: Tyranitar
|-supereffective|p2a: Tyranitar
|-damage|p2a: Tyranitar|0 fnt
|-unboost|p1b: Sneasler|def|1
|-unboost|p1b: Sneasler|spd|1
|faint|p2a: Tyranitar
|
|-weather|Sandstorm|[upkeep]
|-damage|p1a: Dragonite|50/100|[from] Sandstorm
|-damage|p1b: Sneasler|48/100|[from] Sandstorm
|upkeep
|
|t:|1756241640
|switch|p2a: Excadrill|Excadrill, L50, M|100/100
|turn|5
|
|t:|1756241673
|switch|p1b: Kingambit|Kingambit, L50, F|100/100
|move|p1a: Dragonite|Protect|p1a: Dragonite
|-singleturn|p1a: Dragonite|Protect
|move|p2a: Excadrill|Earthquake|p1b: Kingambit|[spread] p1b
|-activate|p1a: Dragonite|move: Protect
|-supereffective|p1b: Kingambit
|-damage|p1b: Kingambit|39/100
|
|-weather|Sandstorm|[upkeep]
|-damage|p1a: Dragonite|44/100|[from] Sandstorm
|upkeep
|turn|6
|
|t:|1756241692
|switch|p1a: Sneasler|Sneasler, L50, M|48/100
|move|p1b: Kingambit|Protect|p1b: Kingambit
|-singleturn|p1b: Kingambit|Protect
|move|p2a: Excadrill|Earthquake|p1b: Kingambit|[spread] p1a
|-activate|p1b: Kingambit|move: Protect
|-supereffective|p1a: Sneasler
|-damage|p1a: Sneasler|0 fnt
|faint|p1a: Sneasler
|
|-weather|Sandstorm|[upkeep]
|-sideend|p2: JuanGuerrero09|move: Tailwind
|-fieldend|move: Psychic Terrain
|upkeep
|
|t:|1756241693
|switch|p1a: Dragonite|Dragonite, L50, M, tera:Fairy|44/100
|turn|7
|
|t:|1756241704
|move|p1b: Kingambit|Sucker Punch|p2a: Excadrill
|-damage|p2a: Excadrill|26/100
|move|p2a: Excadrill|Earthquake|p1b: Kingambit|[spread] p1a,p1b
|-supereffective|p1b: Kingambit
|-damage|p1a: Dragonite|0 fnt
|-damage|p1b: Kingambit|0 fnt
|faint|p1a: Dragonite
|faint|p1b: Kingambit
|
|win|JuanGuerrero09
||nenu18 is ready for game 2.
|inactive|JuanGuerrero09 has 30 seconds to confirm battle start!
|l|☆JuanGuerrero09
|player|p2|
||JuanGuerrero09 is ready for game 2.
|uhtml|next|Next: Game 2 of 3
|j|☆JuanGuerrero09
|player|p2|JuanGuerrero09|1|
|l|☆nenu18
|player|p1|
