|j|☆Brutalandathebozz
|j|☆Djjwjwwjj
|html|BrutalandathebozzDjjwjwwjj    
|uhtml|bestof|Game 2 of a best-of-3
|t:|1756465806
|gametype|doubles
|player|p1|Brutalandathebozz|266|1344
|player|p2|Djjwjwwjj|1|1319
|gen|9
|tier|[Gen 9] VGC 2025 Reg H (Bo3)
|rated|
|rule|Species Clause: Limit one of each Pokémon
|rule|Item Clause: Limit 1 of each item
|clearpoke
|poke|p1|Sneasler, L50, M|
|poke|p1|Electabuzz, L50, M|
|poke|p1|Rillaboom, L50, F|
|poke|p1|Primarina, L50, F|
|poke|p1|Kingambit, L50, M|
|poke|p1|Volcarona, L50, M|
|poke|p2|Palafin, L50, M|
|poke|p2|Archaludon, L50, M|
|poke|p2|Pelipper, L50, M|
|poke|p2|Incineroar, L50, M|
|poke|p2|Dragonite, L50, F|
|poke|p2|Amoonguss, L50, M|
|teampreview|4
|showteam|p1|Sneasler||FocusSash|PoisonTouch|FakeOut,CloseCombat,DireClaw,Protect|||M|||50|,,,,,Ghost]Electabuzz||Eviolite|VitalSpirit|Protect,Taunt,FollowMe,Electroweb|||M|||50|,,,,,Ghost]Rillaboom||AssaultVest|GrassySurge|WoodHammer,GrassyGlide,FakeOut,HighHorsepower|||F|||50|,,,,,Fire]Primarina||SitrusBerry|LiquidVoice|HyperVoice,Moonblast,Protect,Haze|||F|||50|,,,,,Poison]Kingambit||BlackGlasses|Defiant|KowtowCleave,SuckerPunch,Protect,SwordsDance|||M|||50|,,,,,Dark]Volcarona||CovertCloak|FlameBody|HeatWave,TeraBlast,QuiverDance,Protect|||M|||50|,,,,,Fairy
|showteam|p2|Palafin||SafetyGoggles|ZerotoHero|Protect,FlipTurn,JetPunch,WaveCrash|||M|||50|,,,,,Water]Archaludon||AssaultVest|Stamina|Snarl,BodyPress,ElectroShot,DragonPulse|||M|||50|,,,,,Fighting]Pelipper||CovertCloak|Drizzle|Protect,Uturn,Hurricane,WeatherBall|||M|||50|,,,,,Steel]Incineroar||ChopleBerry|Intimidate|FakeOut,PartingShot,KnockOff,Taunt|||M|||50|,,,,,Grass]Dragonite||LoadedDice|Multiscale|Protect,Tailwind,ScaleShot,Haze|||F|||50|,,,,,Fairy]Amoonguss||SitrusBerry|Regenerator|Protect,Spore,RagePowder,PollenPuff|||M|||50|,,,,,Dark
|inactive|Battle timer is ON: inactive players will automatically lose when time's up. (requested by Djjwjwwjj)
|
|t:|1756465831
|teamsize|p1|4
|teamsize|p2|4
|start
|switch|p1a: Volcarona|Volcarona, L50, M, shiny|100/100
|switch|p1b: Electabuzz|Electabuzz, L50, M|100/100
|switch|p2a: Archaludon|Archaludon, L50, M|100/100
|switch|p2b: Dragonite|Dragonite, L50, F|100/100
|turn|1
|inactive|Djjwjwwjj has 30 seconds left.
|
|t:|1756465860
|-terastallize|p2a: Archaludon|Fighting
|move|p1b: Electabuzz|Taunt|p2b: Dragonite
|-start|p2b: Dragonite|move: Taunt
|move|p2b: Dragonite|Scale Shot|p2a: Archaludon
|-damage|p2a: Archaludon|91/100
|-ability|p2a: Archaludon|Stamina|boost
|-boost|p2a: Archaludon|def|1
|-damage|p2a: Archaludon|84/100
|-ability|p2a: Archaludon|Stamina|boost
|-boost|p2a: Archaludon|def|1
|-damage|p2a: Archaludon|79/100
|-ability|p2a: Archaludon|Stamina|boost
|-boost|p2a: Archaludon|def|1
|-damage|p2a: Archaludon|75/100
|-ability|p2a: Archaludon|Stamina|boost
|-boost|p2a: Archaludon|def|1
|-hitcount|p2a: Archaludon|4
|-unboost|p2b: Dragonite|def|1
|-boost|p2b: Dragonite|spe|1
|move|p1a: Volcarona|Quiver Dance|p1a: Volcarona
|-boost|p1a: Volcarona|spa|1
|-boost|p1a: Volcarona|spd|1
|-boost|p1a: Volcarona|spe|1
|move|p2a: Archaludon|Body Press|p1a: Volcarona
|-resisted|p1a: Volcarona
|-damage|p1a: Volcarona|33/100
|
|upkeep
|turn|2
|inactive|Djjwjwwjj has 30 seconds left.
|inactive|Djjwjwwjj has 20 seconds left.
|inactive|Djjwjwwjj has 15 seconds left.
|inactive|Djjwjwwjj has 10 seconds left.
|inactive|Djjwjwwjj has 5 seconds left.
|
|t:|1756465913
|switch|p2a: Amoonguss|Amoonguss, L50, M|100/100
|-terastallize|p1a: Volcarona|Fairy
|move|p1b: Electabuzz|Follow Me|p1b: Electabuzz
|-singleturn|p1b: Electabuzz|move: Follow Me
|move|p2b: Dragonite|Scale Shot|p1b: Electabuzz
|-damage|p1b: Electabuzz|90/100
|-damage|p1b: Electabuzz|78/100
|-damage|p1b: Electabuzz|65/100
|-damage|p1b: Electabuzz|54/100
|-damage|p1b: Electabuzz|43/100
|-hitcount|p1b: Electabuzz|5
|-unboost|p2b: Dragonite|def|1
|-boost|p2b: Dragonite|spe|1
|move|p1a: Volcarona|Tera Blast|p2a: Amoonguss|[anim] Tera Blast Fairy
|-resisted|p2a: Amoonguss
|-damage|p2a: Amoonguss|76/100
|
|upkeep
|turn|3
|inactive|Brutalandathebozz has 30 seconds left.
|inactive|Djjwjwwjj has 30 seconds left.
|
|t:|1756465947
|switch|p1b: Rillaboom|Rillaboom, L50, F|100/100
|-fieldstart|move: Grassy Terrain|[from] ability: Grassy Surge|[of] p1b: Rillaboom
|move|p2a: Amoonguss|Protect|p2a: Amoonguss
|-singleturn|p2a: Amoonguss|Protect
|move|p2b: Dragonite|Scale Shot|p1b: Rillaboom
|-damage|p1b: Rillaboom|86/100
|-damage|p1b: Rillaboom|72/100
|-damage|p1b: Rillaboom|58/100
|-damage|p1b: Rillaboom|45/100
|-hitcount|p1b: Rillaboom|4
|-unboost|p2b: Dragonite|def|1
|-boost|p2b: Dragonite|spe|1
|move|p1a: Volcarona|Heat Wave|p2b: Dragonite|[spread] p2b
|-activate|p2a: Amoonguss|move: Protect
|-resisted|p2b: Dragonite
|-damage|p2b: Dragonite|87/100
|
|-heal|p1a: Volcarona|40/100|[from] Grassy Terrain
|-heal|p1b: Rillaboom|52/100|[from] Grassy Terrain
|-heal|p2a: Amoonguss|81/100|[from] Grassy Terrain
|-end|p2b: Dragonite|move: Taunt
|upkeep
|turn|4
|inactive|Brutalandathebozz has 30 seconds left.
|inactive|Djjwjwwjj has 30 seconds left.
|inactive|Brutalandathebozz has 20 seconds left.
|inactive|Djjwjwwjj has 20 seconds left.
|
|t:|1756465987
|switch|p2a: Pelipper|Pelipper, L50, M|100/100
|-weather|RainDance|[from] ability: Drizzle|[of] p2a: Pelipper
|move|p2b: Dragonite|Protect|p2b: Dragonite
|-singleturn|p2b: Dragonite|Protect
|move|p1b: Rillaboom|Fake Out|p2a: Pelipper
|-damage|p2a: Pelipper|86/100
|move|p1a: Volcarona|Quiver Dance|p1a: Volcarona
|-boost|p1a: Volcarona|spa|1
|-boost|p1a: Volcarona|spd|1
|-boost|p1a: Volcarona|spe|1
|
|-weather|RainDance|[upkeep]
|-heal|p1a: Volcarona|46/100|[from] Grassy Terrain
|-heal|p1b: Rillaboom|58/100|[from] Grassy Terrain
|upkeep
|turn|5
|inactive|Brutalandathebozz has 30 seconds left.
|inactive|Djjwjwwjj has 30 seconds left.
|inactive|Djjwjwwjj has 20 seconds left.
|
|t:|1756466023
|move|p1b: Rillaboom|Grassy Glide|p2a: Pelipper
|-damage|p2a: Pelipper|45/100
|move|p2b: Dragonite|Haze|p2b: Dragonite
|-clearallboost
|move|p1a: Volcarona|Tera Blast|p2a: Pelipper|[anim] Tera Blast Fairy
|-damage|p2a: Pelipper|0 fnt
|faint|p2a: Pelipper
|
|-weather|RainDance|[upkeep]
|-heal|p1b: Rillaboom|64/100|[from] Grassy Terrain
|-heal|p1a: Volcarona|52/100|[from] Grassy Terrain
|upkeep
|
|t:|1756466032
|switch|p2a: Archaludon|Archaludon, L50, M, tera:Fighting|75/100
|turn|6
|
|t:|1756466044
|move|p1b: Rillaboom|Grassy Glide|p2a: Archaludon
|-damage|p2a: Archaludon|52/100
|-ability|p2a: Archaludon|Stamina|boost
|-boost|p2a: Archaludon|def|1
|move|p2b: Dragonite|Tailwind|p2b: Dragonite
|-sidestart|p2: Djjwjwwjj|move: Tailwind
|move|p2a: Archaludon|Electro Shot||[still]
|-prepare|p2a: Archaludon|Electro Shot
|-boost|p2a: Archaludon|spa|1
|-anim|p2a: Archaludon|Electro Shot|p1a: Volcarona
|-damage|p1a: Volcarona|7/100
|move|p1a: Volcarona|Tera Blast|p2a: Archaludon|[anim] Tera Blast Fairy
|-supereffective|p2a: Archaludon
|-damage|p2a: Archaludon|0 fnt
|faint|p2a: Archaludon
|
|-weather|RainDance|[upkeep]
|-heal|p1b: Rillaboom|70/100|[from] Grassy Terrain
|-heal|p1a: Volcarona|14/100|[from] Grassy Terrain
|upkeep
|
|t:|1756466057
|switch|p2a: Amoonguss|Amoonguss, L50, M|100/100
|turn|7
|
|t:|1756466078
|move|p1a: Volcarona|Protect|p1a: Volcarona
|-singleturn|p1a: Volcarona|Protect
|move|p2a: Amoonguss|Rage Powder|p2a: Amoonguss
|-singleturn|p2a: Amoonguss|move: Rage Powder
|move|p2b: Dragonite|Scale Shot|p1b: Rillaboom
|-damage|p1b: Rillaboom|57/100
|-damage|p1b: Rillaboom|44/100
|-damage|p1b: Rillaboom|30/100
|-damage|p1b: Rillaboom|17/100
|-hitcount|p1b: Rillaboom|4
|-unboost|p2b: Dragonite|def|1
|-boost|p2b: Dragonite|spe|1
|move|p1b: Rillaboom|Wood Hammer|p2b: Dragonite
|-resisted|p2b: Dragonite
|-damage|p2b: Dragonite|60/100
|-damage|p1b: Rillaboom|9/100|[from] Recoil
|
|-weather|RainDance|[upkeep]
|-heal|p1b: Rillaboom|16/100|[from] Grassy Terrain
|-heal|p1a: Volcarona|20/100|[from] Grassy Terrain
|-fieldend|move: Grassy Terrain
|upkeep
|turn|8
|
|t:|1756466099
|switch|p1a: Electabuzz|Electabuzz, L50, M|43/100
|move|p2b: Dragonite|Protect|p2b: Dragonite
|-singleturn|p2b: Dragonite|Protect
|move|p1b: Rillaboom|Wood Hammer|p2b: Dragonite
|-activate|p2b: Dragonite|move: Protect
|move|p2a: Amoonguss|Spore|p1a: Electabuzz
|-immune|p1a: Electabuzz|[from] ability: Vital Spirit
|
|-weather|none
|upkeep
|turn|9
|
|t:|1756466119
|switch|p1b: Volcarona|Volcarona, L50, M, shiny, tera:Fairy|20/100
|move|p1a: Electabuzz|Protect|p1a: Electabuzz
|-singleturn|p1a: Electabuzz|Protect
|move|p2b: Dragonite|Scale Shot|p1a: Electabuzz
|-activate|p1a: Electabuzz|move: Protect
|move|p2a: Amoonguss|Spore|p1b: Volcarona
|-status|p1b: Volcarona|slp|[from] move: Spore
|
|-sideend|p2: Djjwjwwjj|move: Tailwind
|upkeep
|turn|10
|
|t:|1756466133
|switch|p1a: Rillaboom|Rillaboom, L50, F|16/100
|-fieldstart|move: Grassy Terrain|[from] ability: Grassy Surge|[of] p1a: Rillaboom
|move|p2b: Dragonite|Scale Shot|p1a: Rillaboom
|-damage|p1a: Rillaboom|1/100
|-damage|p1a: Rillaboom|0 fnt
|faint|p1a: Rillaboom
|-hitcount|p1: Rillaboom|2
|-unboost|p2b: Dragonite|def|1
|-boost|p2b: Dragonite|spe|1
|cant|p1b: Volcarona|slp
|move|p2a: Amoonguss|Pollen Puff|p2b: Dragonite
|-heal|p2b: Dragonite|100/100
|
|-heal|p1b: Volcarona|26/100 slp|[from] Grassy Terrain
|upkeep
|
|t:|1756466140
|switch|p1a: Sneasler|Sneasler, L50, M|100/100
|turn|11
|
|t:|1756466156
|move|p1a: Sneasler|Fake Out|p2b: Dragonite
|-damage|p2b: Dragonite|85/100
|cant|p2b: Dragonite|flinch
|cant|p1b: Volcarona|slp
|move|p2a: Amoonguss|Pollen Puff|p1b: Volcarona
|-resisted|p1b: Volcarona
|-damage|p1b: Volcarona|18/100 slp
|
|-heal|p1b: Volcarona|24/100 slp|[from] Grassy Terrain
|upkeep
|turn|12
|
|t:|1756466172
|move|p2b: Dragonite|Scale Shot|p1a: Sneasler
|-damage|p1a: Sneasler|75/100
|-damage|p1a: Sneasler|53/100
|-damage|p1a: Sneasler|28/100
|-damage|p1a: Sneasler|5/100
|-damage|p1a: Sneasler|0 fnt
|faint|p1a: Sneasler
|-hitcount|p1: Sneasler|5
|-unboost|p2b: Dragonite|def|1
|-boost|p2b: Dragonite|spe|1
|-curestatus|p1b: Volcarona|slp|[msg]
|move|p1b: Volcarona|Tera Blast|p2b: Dragonite|[anim] Tera Blast Fairy
|-supereffective|p2b: Dragonite
|-damage|p2b: Dragonite|0 fnt
|faint|p2b: Dragonite
|move|p2a: Amoonguss|Spore|p1b: Volcarona
|-status|p1b: Volcarona|slp|[from] move: Spore
|
|-heal|p1b: Volcarona|31/100 slp|[from] Grassy Terrain
|upkeep
|
|t:|1756466174
|switch|p1a: Electabuzz|Electabuzz, L50, M|43/100
|turn|13
|-message|Djjwjwwjj forfeited.
|
|win|Brutalandathebozz
|l|☆Djjwjwwjj
|player|p2|
||Brutalandathebozz is ready for game 3.
||Djjwjwwjj is ready for game 3.
|uhtml|next|Next: Game 3 of 3
