|j|☆SuprEpcGuy
|j|☆rbresser
|html|SuprEpcGuyrbresser    
|uhtml|bestof|Game 3 of a best-of-3
|t:|1784248343
|gametype|doubles
|player|p1|SuprEpcGuy|shauntal|1113
|player|p2|rbresser|102|1092
|gen|9
|tier|[Gen 9 Champions] VGC 2026 Reg M-B (Bo3)
|rated|
|rule|Species Clause: Limit one of each Pokémon
|rule|Item Clause: Limit 1 of each item
|clearpoke
|poke|p1|Zoroark-Hisui, L50, F|
|poke|p1|Sylveon, L50, M|
|poke|p1|Pyroar, L50, M|
|poke|p1|Torkoal, L50, F|
|poke|p1|Incineroar, L50, F|
|poke|p1|Farigiraf, L50, M|
|poke|p2|Lucario, L50, M, shiny|
|poke|p2|Raichu, L50, M|
|poke|p2|Talonflame, L50, M, shiny|
|poke|p2|Garchomp, L50, M|
|poke|p2|Kingambit, L50, F|
|poke|p2|Gholdengo, L50, shiny|
|teampreview|4
|showteam|p1|Zoroark-Hisui||FocusSash|Illusion|Round,ShadowBall,Taunt,WillOWisp|Timid||F|||50|]Sylveon||FairyFeather|Pixilate|HyperVoice,Round,QuickAttack,Detect|Modest||M|||50|]Pyroar||Pyroarite|Rivalry|HeatWave,Flamethrower,Round,Protect|Timid||M|||50|]Torkoal||Charcoal|Drought|Eruption,WeatherBall,EarthPower,Protect|Quiet||F|||50|]Incineroar||LifeOrb|Intimidate|FlareBlitz,DarkestLariat,FakeOut,PartingShot|Adamant||F|||50|]Farigiraf||ColburBerry|ArmorTail|Psychic,Thunderbolt,TrickRoom,HelpingHand|Quiet||M|||50|
|showteam|p2|Lucario||Lucarionite|Justified|CloseCombat,BulletPunch,IcePunch,Protect|Jolly||M|||50|]Raichu||RaichuniteY|LightningRod|FakeOut,ZapCannon,FocusBlast,Protect|Modest||M|||50|]Talonflame||FocusSash|GaleWings|Tailwind,BraveBird,Taunt,Protect|Jolly||M|||50|]Garchomp||LifeOrb|RoughSkin|RockSlide,DragonClaw,Earthquake,Protect|Adamant||M|||50|]Kingambit||BlackGlasses|SupremeOverlord|KowtowCleave,IronHead,Protect,SuckerPunch|Sassy||F|||50|]Gholdengo||Leftovers|GoodasGold|MakeItRain,ShadowBall,NastyPlot,Protect|Timid|||||50|
|inactive|Battle timer is ON: inactive players will automatically lose when time's up. (requested by SuprEpcGuy)
|inactive|SuprEpcGuy has 60 seconds left.
|inactive|rbresser has 60 seconds left.
|
|t:|1784248382
|teamsize|p1|4
|teamsize|p2|4
|start
|switch|p1a: Pyroar|Pyroar, L50, M|100/100
|switch|p1b: Farigiraf|Farigiraf, L50, M|100/100
|switch|p2a: Talonflame|Talonflame, L50, M, shiny|100/100
|switch|p2b: Raichu|Raichu, L50, M|100/100
|turn|1
|inactive|SuprEpcGuy has 30 seconds left.
|inactive|SuprEpcGuy has 20 seconds left.
|
|t:|1784248421
|detailschange|p1a: Pyroar|Pyroar-Mega, L50, M
|-mega|p1a: Pyroar|Pyroar|Pyroarite
|detailschange|p2b: Raichu|Raichu-Mega-Y, L50, M
|-mega|p2b: Raichu|Raichu|Raichunite Y
|move|p2b: Raichu|Fake Out||[still]
|cant|p1b: Farigiraf|ability: Armor Tail|Fake Out|[of] p2b: Raichu
|move|p1a: Pyroar|Heat Wave|p2b: Raichu|[spread] p2a,p2b
|-resisted|p2a: Talonflame|1
|-damage|p2a: Talonflame|58/100
|-damage|p2b: Raichu|17/100
|move|p2a: Talonflame|Taunt|p1b: Farigiraf
|-start|p1b: Farigiraf|move: Taunt
|cant|p1b: Farigiraf|move: Taunt|Trick Room
|
|upkeep
|turn|2
|inactive|SuprEpcGuy has 30 seconds left.
|
|t:|1784248447
|move|p1a: Pyroar|Flamethrower|p2a: Talonflame
|-resisted|p2a: Talonflame|1
|-damage|p2a: Talonflame|3/100
|move|p2a: Talonflame|Tailwind|p2a: Talonflame
|-sidestart|p2: rbresser|move: Tailwind
|move|p2b: Raichu|Zap Cannon|p1a: Pyroar
|-damage|p1a: Pyroar|19/100
|-status|p1a: Pyroar|par
|move|p1b: Farigiraf|Psychic|p2b: Raichu
|-damage|p2b: Raichu|0 fnt
|faint|p2b: Raichu
|
|upkeep
|
|t:|1784248457
|switch|p2b: Gholdengo|Gholdengo, L50, shiny|100/100
|turn|3
|
|t:|1784248481
|switch|p1b: Incineroar|Incineroar, L50, F|100/100
|-ability|p1b: Incineroar|Intimidate|boost
|-unboost|p2a: Talonflame|atk|1
|-unboost|p2b: Gholdengo|atk|1
|move|p2a: Talonflame|Brave Bird|p1a: Pyroar
|-damage|p1a: Pyroar|0 fnt
|faint|p1a: Pyroar
|-damage|p2a: Talonflame|0 fnt|[from] Recoil
|faint|p2a: Talonflame
|move|p2b: Gholdengo|Nasty Plot|p2b: Gholdengo
|-boost|p2b: Gholdengo|spa|2
|
|upkeep
|
|t:|1784248494
|switch|p1a: Farigiraf|Farigiraf, L50, M|100/100
|switch|p2a: Garchomp|Garchomp, L50, M|100/100
|turn|4
|inactive|rbresser has 30 seconds left.
|
|t:|1784248521
|move|p2a: Garchomp|Protect|p2a: Garchomp
|-singleturn|p2a: Garchomp|Protect
|move|p1b: Incineroar|Fake Out|p2a: Garchomp
|-activate|p2a: Garchomp|move: Protect
|move|p2b: Gholdengo|Make It Rain|p1b: Incineroar|[spread] p1a,p1b
|-resisted|p1b: Incineroar|1
|-damage|p1a: Farigiraf|36/100
|-damage|p1b: Incineroar|63/100
|-unboost|p2b: Gholdengo|spa|2
|move|p1a: Farigiraf|Trick Room|p1a: Farigiraf
|-fieldstart|move: Trick Room|[of] p1a: Farigiraf
|
|upkeep
|turn|5
|inactive|SuprEpcGuy has 30 seconds left.
|inactive|SuprEpcGuy has 20 seconds left.
|inactive|SuprEpcGuy has 15 seconds left.
|
|t:|1784248564
|move|p2b: Gholdengo|Protect|p2b: Gholdengo
|-singleturn|p2b: Gholdengo|Protect
|move|p1a: Farigiraf|Psychic|p2a: Garchomp
|-damage|p2a: Garchomp|55/100
|move|p1b: Incineroar|Darkest Lariat|p2a: Garchomp
|-damage|p2a: Garchomp|1/100
|-damage|p1b: Incineroar|50/100g|[from] ability: Rough Skin|[of] p2a: Garchomp
|-damage|p1b: Incineroar|41/100|[from] item: Life Orb
|move|p2a: Garchomp|Earthquake|p1a: Farigiraf|[spread] p1a,p1b
|-activate|p2b: Gholdengo|move: Protect
|-supereffective|p1b: Incineroar|1
|-damage|p1a: Farigiraf|0 fnt
|-damage|p1b: Incineroar|0 fnt
|faint|p1a: Farigiraf
|faint|p1b: Incineroar
|-damage|p2a: Garchomp|0 fnt|[from] item: Life Orb
|faint|p2a: Garchomp
|
|-sideend|p2: rbresser|move: Tailwind
|upkeep
|
|t:|1784248577
|switch|p1a: Torkoal|Torkoal, L50, F|100/100
|-weather|SunnyDay|[from] ability: Drought|[of] p1a: Torkoal
|turn|6
|
|t:|1784248585
|move|p1a: Torkoal|Eruption|p2b: Gholdengo
|-supereffective|p2b: Gholdengo|1
|-damage|p2b: Gholdengo|0 fnt
|faint|p2b: Gholdengo
|
|win|SuprEpcGuy
|raw|SuprEpcGuy's rating: 1113 → 1136(+23 for winning)
|raw|rbresser's rating: 1092 → 1070(-22 for losing)
