|j|☆negaifreak
|j|☆LvisTempest
|html|negaifreakLvisTempest    
|uhtml|bestof|Game 3 of a best-of-3
|t:|1756732817
|gametype|doubles
|player|p1|negaifreak|nate|1121
|player|p2|LvisTempest|silver|1000
|gen|9
|tier|[Gen 9] VGC 2025 Reg H (Bo3)
|rated|
|rule|Species Clause: Limit one of each Pokémon
|rule|Item Clause: Limit 1 of each item
|clearpoke
|poke|p1|Archaludon, L50, M|
|poke|p1|Pelipper, L50, F|
|poke|p1|Grimmsnarl, L50, M|
|poke|p1|Maushold-Four, L50|
|poke|p1|Sinistcha, L50|
|poke|p1|Annihilape, L50, F|
|poke|p2|Sneasler, L50, M|
|poke|p2|Rillaboom, L50, M|
|poke|p2|Incineroar, L50, M|
|poke|p2|Smeargle, L50, M|
|poke|p2|Archaludon, L50, M|
|poke|p2|Whimsicott, L50, F|
|teampreview|4
|showteam|p1|Archaludon||AssaultVest|Stamina|ElectroShot,BodyPress,DragonPulse,FlashCannon|||M|||50|,,,,,Bug]Pelipper||FocusSash|Drizzle|Hurricane,Tailwind,WeatherBall,Protect|||F|||50|,,,,,Ghost]Grimmsnarl||LightClay|Prankster|SpiritBreak,LightScreen,Reflect,MistyTerrain|||M|||50|,,,,,Poison]Maushold-Four||SafetyGoggles|FriendGuard|Taunt,BeatUp,FollowMe,Protect||||||50|,,,,,Ghost]Sinistcha||SitrusBerry|Hospitality|MatchaGotcha,LifeDew,RagePowder,TrickRoom||||||50|,,,,,Fairy]Annihilape||Leftovers|Defiant|RageFist,DrainPunch,BulkUp,Protect|||F|||50|,,,,,Grass
|showteam|p2|Sneasler||GrassySeed|Unburden|SwordsDance,DireClaw,ThroatChop,CloseCombat|||M|||50|,,,,,Fighting]Rillaboom||AssaultVest|GrassySurge|WoodHammer,GrassyGlide,Uturn,FakeOut|||M|||50|,,,,,Grass]Incineroar||SafetyGoggles|Intimidate|KnockOff,PartingShot,Taunt,FakeOut|||M|||50|,,,,,Fire]Smeargle||FocusSash|Moody|FakeOut,Spore,Decorate,HelpingHand|||M|||50|,,,,,Normal]Archaludon||LifeOrb|Stalwart|DracoMeteor,AuraSphere,DarkPulse,FlashCannon|||M|||50|,,,,,Steel]Whimsicott||SitrusBerry|Prankster|Tailwind,FakeTears,HelpingHand,Moonblast|||F|||50|,,,,,Grass
|inactive|Battle timer is ON: inactive players will automatically lose when time's up. (requested by negaifreak)
|inactive|negaifreak has 60 seconds left.
|inactive|LvisTempest has 60 seconds left.
|
|t:|1756732874
|teamsize|p1|4
|teamsize|p2|4
|start
|switch|p1a: Pelipper|Pelipper, L50, F|100/100
|switch|p1b: Archaludon|Archaludon, L50, M|100/100
|switch|p2a: Smeargle|Smeargle, L50, M|100/100
|switch|p2b: Rillaboom|Rillaboom, L50, M|100/100
|-fieldstart|move: Grassy Terrain|[from] ability: Grassy Surge|[of] p2b: Rillaboom
|-weather|RainDance|[from] ability: Drizzle|[of] p1a: Pelipper
|turn|1
|inactive|negaifreak has 30 seconds left.
|inactive|negaifreak has 20 seconds left.
|
|t:|1756732913
|-terastallize|p1a: Pelipper|Ghost
|move|p2b: Rillaboom|Fake Out|p1a: Pelipper
|-immune|p1a: Pelipper
|move|p2a: Smeargle|Spore|p1b: Archaludon
|-status|p1b: Archaludon|slp|[from] move: Spore
|move|p1a: Pelipper|Tailwind|p1a: Pelipper
|-sidestart|p1: negaifreak|move: Tailwind
|cant|p1b: Archaludon|slp
|
|-weather|RainDance|[upkeep]
|-ability|p2a: Smeargle|Moody|boost
|-boost|p2a: Smeargle|def|2
|-unboost|p2a: Smeargle|atk|1
|upkeep
|turn|2
|inactive|LvisTempest has 30 seconds left.
|inactive|LvisTempest has 20 seconds left.
|inactive|LvisTempest has 15 seconds left.
|
|t:|1756732956
|switch|p1a: Maushold|Maushold-Four, L50|100/100
|cant|p1b: Archaludon|slp
|move|p2b: Rillaboom|U-turn|p1a: Maushold
|-damage|p1a: Maushold|70/100
|
|t:|1756732968
|switch|p2b: Incineroar|Incineroar, L50, M|100/100|[from] U-turn
|-ability|p2b: Incineroar|Intimidate|boost
|-unboost|p1a: Maushold|atk|1
|-unboost|p1b: Archaludon|atk|1
|move|p2a: Smeargle|Spore|p1a: Maushold
|-activate|p1a: Maushold|item: Safety Goggles|Spore
|
|-weather|RainDance|[upkeep]
|-heal|p1a: Maushold|76/100|[from] Grassy Terrain
|-ability|p2a: Smeargle|Moody|boost
|-boost|p2a: Smeargle|atk|2
|-unboost|p2a: Smeargle|spd|1
|upkeep
|turn|3
|
|t:|1756732992
|move|p2a: Smeargle|Helping Hand|p2b: Incineroar
|-singleturn|p2b: Incineroar|Helping Hand|[of] p2a: Smeargle
|move|p1a: Maushold|Protect|p1a: Maushold
|-singleturn|p1a: Maushold|Protect
|cant|p1b: Archaludon|slp
|move|p2b: Incineroar|Knock Off|p1a: Maushold
|-activate|p1a: Maushold|move: Protect
|
|-weather|RainDance|[upkeep]
|-heal|p1a: Maushold|81/100|[from] Grassy Terrain
|-ability|p2a: Smeargle|Moody|boost
|-boost|p2a: Smeargle|spd|2
|-unboost|p2a: Smeargle|def|1
|upkeep
|turn|4
|
|t:|1756733016
|move|p2a: Smeargle|Helping Hand|p2b: Incineroar
|-singleturn|p2b: Incineroar|Helping Hand|[of] p2a: Smeargle
|move|p1a: Maushold|Beat Up|p1b: Archaludon
|-damage|p1b: Archaludon|99/100 slp
|-ability|p1b: Archaludon|Stamina|boost
|-boost|p1b: Archaludon|def|1
|-damage|p1b: Archaludon|99/100 slp
|-ability|p1b: Archaludon|Stamina|boost
|-boost|p1b: Archaludon|def|1
|-damage|p1b: Archaludon|98/100 slp
|-ability|p1b: Archaludon|Stamina|boost
|-boost|p1b: Archaludon|def|1
|-hitcount|p1b: Archaludon|3
|-curestatus|p1b: Archaludon|slp|[msg]
|move|p1b: Archaludon|Body Press|p2b: Incineroar
|-supereffective|p2b: Incineroar
|-damage|p2b: Incineroar|0 fnt
|faint|p2b: Incineroar
|
|-weather|RainDance|[upkeep]
|-heal|p1a: Maushold|87/100|[from] Grassy Terrain
|-heal|p1b: Archaludon|100/100|[from] Grassy Terrain
|-sideend|p1: negaifreak|move: Tailwind
|-ability|p2a: Smeargle|Moody|boost
|-boost|p2a: Smeargle|atk|2
|-unboost|p2a: Smeargle|def|1
|upkeep
|inactive|LvisTempest has 30 seconds left.
|inactive|LvisTempest has 20 seconds left.
|
|t:|1756733051
|switch|p2b: Rillaboom|Rillaboom, L50, M|100/100
|turn|5
|
|t:|1756733062
|move|p2b: Rillaboom|Fake Out|p1b: Archaludon
|-resisted|p1b: Archaludon
|-damage|p1b: Archaludon|99/100
|-ability|p1b: Archaludon|Stamina|boost
|-boost|p1b: Archaludon|def|1
|move|p1a: Maushold|Taunt|p2a: Smeargle
|-start|p2a: Smeargle|move: Taunt
|cant|p2a: Smeargle|move: Taunt|Spore
|cant|p1b: Archaludon|flinch
|
|-weather|none
|-heal|p1a: Maushold|93/100|[from] Grassy Terrain
|-heal|p1b: Archaludon|100/100|[from] Grassy Terrain
|-fieldend|move: Grassy Terrain
|-ability|p2a: Smeargle|Moody|boost
|-boost|p2a: Smeargle|spa|2
|-unboost|p2a: Smeargle|spd|1
|upkeep
|turn|6
|
|t:|1756733082
|switch|p2a: Sneasler|Sneasler, L50, M|100/100
|move|p1a: Maushold|Beat Up|p2a: Sneasler
|-resisted|p2a: Sneasler
|-damage|p2a: Sneasler|99/100
|-resisted|p2a: Sneasler
|-damage|p2a: Sneasler|97/100
|-resisted|p2a: Sneasler
|-damage|p2a: Sneasler|96/100
|-resisted|p2a: Sneasler
|-damage|p2a: Sneasler|95/100
|-hitcount|p2a: Sneasler|4
|move|p2b: Rillaboom|Wood Hammer|p1a: Maushold
|-damage|p1a: Maushold|13/100
|-damage|p2b: Rillaboom|74/100|[from] Recoil
|move|p1b: Archaludon|Body Press|p2a: Sneasler
|-resisted|p2a: Sneasler
|-damage|p2a: Sneasler|35/100
|
|upkeep
|turn|7
|inactive|negaifreak has 30 seconds left.
|
|t:|1756733117
|switch|p2a: Smeargle|Smeargle, L50, M|100/100
|move|p1a: Maushold|Follow Me|p1a: Maushold
|-singleturn|p1a: Maushold|move: Follow Me
|move|p2b: Rillaboom|Wood Hammer|p1a: Maushold
|-damage|p1a: Maushold|0 fnt
|faint|p1a: Maushold
|-damage|p2b: Rillaboom|70/100|[from] Recoil
|move|p1b: Archaludon|Body Press|p2a: Smeargle
|-supereffective|p2a: Smeargle
|-enditem|p2a: Smeargle|Focus Sash
|-damage|p2a: Smeargle|1/100
|
|-ability|p2a: Smeargle|Moody|boost
|-boost|p2a: Smeargle|spe|2
|-unboost|p2a: Smeargle|spd|1
|upkeep
|
|t:|1756733138
|switch|p1a: Sinistcha|Sinistcha, L50|100/100
|turn|8
|inactive|negaifreak has 30 seconds left.
|inactive|LvisTempest has 30 seconds left.
|
|t:|1756733173
|move|p1a: Sinistcha|Rage Powder|p1a: Sinistcha
|-singleturn|p1a: Sinistcha|move: Rage Powder
|move|p2a: Smeargle|Spore|p1a: Sinistcha
|-immune|p1a: Sinistcha
|move|p2b: Rillaboom|U-turn|p1a: Sinistcha
|-damage|p1a: Sinistcha|79/100
|
|t:|1756733179
|switch|p2b: Sneasler|Sneasler, L50, M|35/100|[from] U-turn
|move|p1b: Archaludon|Body Press|p2b: Sneasler
|-resisted|p2b: Sneasler
|-damage|p2b: Sneasler|0 fnt
|faint|p2b: Sneasler
|
|-ability|p2a: Smeargle|Moody|boost
|-boost|p2a: Smeargle|spe|2
|-unboost|p2a: Smeargle|spa|1
|upkeep
|-message|LvisTempest forfeited.
|
|win|negaifreak
|raw|negaifreak's rating: 1121 → 1138(+17 for winning)
|raw|LvisTempest's rating: 1000 → 1000(+0 for losing)
|l|☆LvisTempest
|player|p2|
