|j|☆Theompz
|j|☆bpecina03
|html|Theompzbpecina03    
|uhtml|bestof|Game 2 of a best-of-3
|t:|1757110674
|gametype|doubles
|player|p1|Theompz|colress|1126
|player|p2|bpecina03|101|1080
|gen|9
|tier|[Gen 9] VGC 2025 Reg H (Bo3)
|rated|
|rule|Species Clause: Limit one of each Pokémon
|rule|Item Clause: Limit 1 of each item
|clearpoke
|poke|p1|Meowscarada, L50, M|
|poke|p1|Ursaluna-Bloodmoon, L50, M|
|poke|p1|Incineroar, L50, F|
|poke|p1|Whimsicott, L50, M|
|poke|p1|Typhlosion-Hisui, L50, M|
|poke|p1|Sneasler, L50, M|
|poke|p2|Incineroar, L50, M|
|poke|p2|Sneasler, L50, F|
|poke|p2|Rillaboom, L50, F|
|poke|p2|Kingambit, L50, M|
|poke|p2|Tyranitar, L50, F|
|poke|p2|Garchomp, L50, M|
|teampreview|4
|showteam|p1|Meowscarada||ChoiceBand|Protean|FlowerTrick,KnockOff,TripleAxel,Uturn|||M|||50|,,,,,Ghost]Ursaluna-Bloodmoon||ThroatSpray|MindsEye|BloodMoon,HyperVoice,EarthPower,Protect|||M|||50|,,,,,Normal]Incineroar||SafetyGoggles|Intimidate|FakeOut,PartingShot,KnockOff,FlareBlitz|||F|||50|,,,,,Ghost]Whimsicott||CovertCloak|Prankster|Tailwind,SunnyDay,Encore,Moonblast|||M|||50|,,,,,Water]Typhlosion-Hisui||FocusSash|Blaze|Eruption,HeatWave,ShadowBall,Protect|||M|||50|,,,,,Stellar]Sneasler||LifeOrb|PoisonTouch|FakeOut,DireClaw,CloseCombat,Protect|||M|||50|,,,,,Ghost
|showteam|p2|Incineroar||SafetyGoggles|Intimidate|FakeOut,FlareBlitz,PartingShot,KnockOff|||M|||50|,,,,,Ghost]Sneasler||FocusSash|PoisonTouch|DireClaw,FakeOut,Protect,CloseCombat|||F|||50|,,,,,Stellar]Rillaboom||AssaultVest|GrassySurge|FakeOut,GrassyGlide,WoodHammer,HighHorsepower|||F|||50|,,,,,Water]Kingambit||BlackGlasses|Defiant|Protect,KowtowCleave,SwordsDance,SuckerPunch|||M|||50|,,,,,Dark]Tyranitar||ClearAmulet|SandStream|TeraBlast,RockSlide,LowKick,Protect|||F|||50|,,,,,Flying]Garchomp||LifeOrb|SandVeil|Earthquake,DragonClaw,Protect,IronHead|||M|||50|,,,,,Dragon
|inactive|Battle timer is ON: inactive players will automatically lose when time's up. (requested by Theompz)
|
|t:|1757110691
|teamsize|p1|4
|teamsize|p2|4
|start
|switch|p1a: Meowscarada|Meowscarada, L50, M, shiny|100/100
|switch|p1b: Whimsicott|Whimsicott, L50, M, shiny|100/100
|switch|p2a: Garchomp|Garchomp, L50, M|100/100
|switch|p2b: Sneasler|Sneasler, L50, F|100/100
|turn|1
|inactive|Theompz has 30 seconds left.
|inactive|bpecina03 has 30 seconds left.
|
|t:|1757110718
|move|p2b: Sneasler|Fake Out|p1a: Meowscarada
|-damage|p1a: Meowscarada|79/100
|move|p1b: Whimsicott|Tailwind|p1b: Whimsicott
|-sidestart|p1: Theompz|move: Tailwind
|cant|p1a: Meowscarada|flinch
|move|p2a: Garchomp|Iron Head|p1a: Meowscarada
|-damage|p1a: Meowscarada|23/100
|-damage|p2a: Garchomp|91/100|[from] item: Life Orb
|
|upkeep
|turn|2
|
|t:|1757110739
|move|p2a: Garchomp|Protect|p2a: Garchomp
|-singleturn|p2a: Garchomp|Protect
|move|p1a: Meowscarada|Triple Axel|p2b: Sneasler
|-start|p1a: Meowscarada|typechange|Ice|[from] ability: Protean
|-damage|p2b: Sneasler|74/100
|-damage|p2b: Sneasler|18/100
|-damage|p2b: Sneasler|0 fnt
|faint|p2b: Sneasler
|-hitcount|p2: Sneasler|3
|move|p1b: Whimsicott|Moonblast|p2a: Garchomp
|-activate|p2a: Garchomp|move: Protect
|
|upkeep
|
|t:|1757110752
|switch|p2b: Incineroar|Incineroar, L50, M|100/100
|-ability|p2b: Incineroar|Intimidate|boost
|-unboost|p1a: Meowscarada|atk|1
|-unboost|p1b: Whimsicott|atk|1
|turn|3
|
|t:|1757110763
|move|p2b: Incineroar|Fake Out|p1a: Meowscarada
|-damage|p1a: Meowscarada|3/100
|cant|p1a: Meowscarada|flinch
|move|p1b: Whimsicott|Moonblast|p2a: Garchomp
|-supereffective|p2a: Garchomp
|-damage|p2a: Garchomp|6/100
|-unboost|p2a: Garchomp|spa|1
|move|p2a: Garchomp|Iron Head|p1b: Whimsicott
|-supereffective|p1b: Whimsicott
|-damage|p1b: Whimsicott|0 fnt
|faint|p1b: Whimsicott
|-damage|p2a: Garchomp|0 fnt|[from] item: Life Orb
|faint|p2a: Garchomp
|
|upkeep
|
|t:|1757110785
|switch|p2a: Tyranitar|Tyranitar, L50, F|100/100
|switch|p1b: Sneasler|Sneasler, L50, M|100/100
|-weather|Sandstorm|[from] ability: Sand Stream|[of] p2a: Tyranitar
|turn|4
|inactive|bpecina03 has 30 seconds left.
|
|t:|1757110812
|-terastallize|p2b: Incineroar|Ghost
|move|p1b: Sneasler|Fake Out|p2b: Incineroar
|-immune|p2b: Incineroar
|move|p1a: Meowscarada|Triple Axel|p2a: Tyranitar
|-damage|p2a: Tyranitar|93/100
|-damage|p2a: Tyranitar|77/100
|-damage|p2a: Tyranitar|52/100
|-hitcount|p2a: Tyranitar|3
|move|p2a: Tyranitar|Rock Slide|p1b: Sneasler|[spread] p1a,p1b
|-supereffective|p1a: Meowscarada
|-resisted|p1b: Sneasler
|-damage|p1a: Meowscarada|0 fnt
|-damage|p1b: Sneasler|72/100
|faint|p1a: Meowscarada
|move|p2b: Incineroar|Knock Off|p1b: Sneasler
|-resisted|p1b: Sneasler
|-damage|p1b: Sneasler|34/100
|-enditem|p1b: Sneasler|Life Orb|[from] move: Knock Off|[of] p2b: Incineroar
|
|-weather|Sandstorm|[upkeep]
|-damage|p1b: Sneasler|29/100|[from] Sandstorm
|-sideend|p1: Theompz|move: Tailwind
|upkeep
|
|t:|1757110834
|switch|p1a: Typhlosion|Typhlosion-Hisui, L50, M, shiny|100/100
|turn|5
|
|t:|1757110850
|move|p2a: Tyranitar|Protect|p2a: Tyranitar
|-singleturn|p2a: Tyranitar|Protect
|move|p1b: Sneasler|Dire Claw|p2a: Tyranitar
|-activate|p2a: Tyranitar|move: Protect
|move|p1a: Typhlosion|Eruption|p2b: Incineroar|[spread] p2b
|-activate|p2a: Tyranitar|move: Protect
|-damage|p2b: Incineroar|54/100
|move|p2b: Incineroar|Knock Off|p1a: Typhlosion
|-supereffective|p1a: Typhlosion
|-enditem|p1a: Typhlosion|Focus Sash
|-damage|p1a: Typhlosion|1/100
|
|-weather|Sandstorm|[upkeep]
|-damage|p1b: Sneasler|23/100|[from] Sandstorm
|-damage|p1a: Typhlosion|0 fnt|[from] Sandstorm
|faint|p1a: Typhlosion
|upkeep
|turn|6
|c|☆bpecina03|gg
|inactive|bpecina03 has 30 seconds left.
|
|t:|1757110880
|move|p1b: Sneasler|Close Combat|p2a: Tyranitar
|-supereffective|p2a: Tyranitar
|-damage|p2a: Tyranitar|0 fnt
|-unboost|p1b: Sneasler|def|1
|-unboost|p1b: Sneasler|spd|1
|faint|p2a: Tyranitar
|move|p2b: Incineroar|Flare Blitz|p1b: Sneasler
|-damage|p1b: Sneasler|0 fnt
|faint|p1b: Sneasler
|-damage|p2b: Incineroar|49/100|[from] Recoil
|
|win|bpecina03
|raw|Theompz's rating: 1126 → 1098(-28 for losing)
|raw|bpecina03's rating: 1080 → 1112(+32 for winning)
|l|☆bpecina03
|player|p2|
