|j|☆Chknadobovgc
|j|☆fustor
|html|Chknadobovgcfustor    
|uhtml|bestof|Game 2 of a best-of-3
|t:|1756552120
|gametype|doubles
|player|p1|Chknadobovgc|2|1021
|player|p2|fustor|170|1049
|gen|9
|tier|[Gen 9] VGC 2025 Reg H (Bo3)
|rated|
|rule|Species Clause: Limit one of each Pokémon
|rule|Item Clause: Limit 1 of each item
|clearpoke
|poke|p1|Pelipper, L50, F|
|poke|p1|Archaludon, L50, M|
|poke|p1|Basculegion, L50, M|
|poke|p1|Dragonite, L50, F|
|poke|p1|Maushold, L50|
|poke|p1|Gholdengo, L50|
|poke|p2|Charizard, L50, F|
|poke|p2|Torkoal, L50, F|
|poke|p2|Porygon2, L50|
|poke|p2|Incineroar, L50, F|
|poke|p2|Jumpluff, L50, M|
|poke|p2|Ursaluna, L50, F|
|teampreview|4
|showteam|p1|Pelipper||FocusSash|Drizzle|WeatherBall,Hurricane,Tailwind,WideGuard|||F|||50|,,,,,Ghost]Archaludon||AssaultVest|Stamina|BodyPress,FlashCannon,ElectroShot,Snarl|||M|||50|,,,,,Fighting]Basculegion||LifeOrb|SwiftSwim|WaveCrash,LastRespects,FlipTurn,AquaJet|||M|||50|,,,,,Water]Dragonite||LoadedDice|Multiscale|ScaleShot,Tailwind,Haze,Protect|||F|||50|,,,,,Fairy]Maushold||SafetyGoggles|FriendGuard|BeatUp,Taunt,FollowMe,Protect||||||50|,,,,,Ghost]Gholdengo||ChoiceScarf|GoodasGold|MakeItRain,ShadowBall,Trick,Protect||||||50|,,,,,Steel
|showteam|p2|Charizard||ChoiceSpecs|SolarPower|HeatWave,Overheat,WeatherBall,AirSlash|||F|||50|,,,,,Ghost]Torkoal||EjectPack|Drought|Eruption,Overheat,HelpingHand,Protect|||F|||50|,,,,,Fire]Porygon2||Eviolite|Download|TeraBlast,IceBeam,Recover,TrickRoom||||||50|,,,,,Fighting]Incineroar||SitrusBerry|Intimidate|FlareBlitz,KnockOff,FakeOut,PartingShot|||F|||50|,,,,,Ghost]Jumpluff||CovertCloak|Chlorophyll|SleepPowder,SunnyDay,RagePowder,Tailwind|||M|||50|,,,,,Water]Ursaluna||FlameOrb|Guts|HeadlongRush,Facade,Earthquake,Protect|||F|||50|,,,,,Ghost
|inactive|Battle timer is ON: inactive players will automatically lose when time's up. (requested by fustor)
|
|t:|1756552141
|teamsize|p1|4
|teamsize|p2|4
|start
|switch|p1a: Basculegion|Basculegion, L50, M|100/100
|switch|p1b: Gholdengo|Gholdengo, L50, shiny|100/100
|switch|p2a: Incineroar|Incineroar, L50, F|100/100
|switch|p2b: Porygon2|Porygon2, L50|100/100
|-ability|p2a: Incineroar|Intimidate|boost
|-unboost|p1a: Basculegion|atk|1
|-unboost|p1b: Gholdengo|atk|1
|-ability|p2b: Porygon2|Download|boost
|-boost|p2b: Porygon2|atk|1
|turn|1
|inactive|fustor has 30 seconds left.
|inactive|fustor has 20 seconds left.
|inactive|fustor has 15 seconds left.
|
|t:|1756552185
|switch|p1b: Maushold|Maushold, L50|100/100
|-terastallize|p2a: Incineroar|Ghost
|move|p1a: Basculegion|Flip Turn|p2a: Incineroar
|-damage|p2a: Incineroar|75/100
|-damage|p1a: Basculegion|91/100|[from] item: Life Orb
|inactive|Chknadobovgc has 30 seconds left.
|inactive|Chknadobovgc has 20 seconds left.
|inactive|Chknadobovgc has 15 seconds left.
|inactive|Chknadobovgc has 10 seconds left.
|inactive|Chknadobovgc has 5 seconds left.
|
|t:|1756552238
|switch|p1a: Pelipper|Pelipper, L50, F, shiny|100/100|[from] Flip Turn
|-weather|RainDance|[from] ability: Drizzle|[of] p1a: Pelipper
|move|p2a: Incineroar|Flare Blitz|p1b: Maushold
|-damage|p1b: Maushold|65/100
|-damage|p2a: Incineroar|65/100|[from] Recoil
|move|p2b: Porygon2|Trick Room|p2b: Porygon2
|-fieldstart|move: Trick Room|[of] p2b: Porygon2
|
|-weather|RainDance|[upkeep]
|upkeep
|turn|2
|
|t:|1756552263
|move|p2b: Porygon2|Tera Blast|p1a: Pelipper
|-damage|p1a: Pelipper|54/100
|move|p2a: Incineroar|Knock Off|p1a: Pelipper
|-damage|p1a: Pelipper|13/100
|-enditem|p1a: Pelipper|Focus Sash|[from] move: Knock Off|[of] p2a: Incineroar
|move|p1a: Pelipper|Weather Ball|p2a: Incineroar
|-damage|p2a: Incineroar|6/100
|-enditem|p2a: Incineroar|Sitrus Berry|[eat]
|-heal|p2a: Incineroar|31/100|[from] item: Sitrus Berry
|move|p1b: Maushold|Taunt|p2b: Porygon2
|-start|p2b: Porygon2|move: Taunt
|
|-weather|RainDance|[upkeep]
|upkeep
|turn|3
|inactive|fustor has 30 seconds left.
|
|t:|1756552297
|move|p1b: Maushold|Follow Me|p1b: Maushold
|-singleturn|p1b: Maushold|move: Follow Me
|move|p2b: Porygon2|Tera Blast|p1b: Maushold
|-damage|p1b: Maushold|28/100
|move|p2a: Incineroar|Knock Off|p1b: Maushold
|-damage|p1b: Maushold|0 fnt
|-enditem|p1b: Maushold|Safety Goggles|[from] move: Knock Off|[of] p2a: Incineroar
|faint|p1b: Maushold
|move|p1a: Pelipper|Weather Ball|p2a: Incineroar
|-damage|p2a: Incineroar|0 fnt
|faint|p2a: Incineroar
|
|-weather|RainDance|[upkeep]
|upkeep
|
|t:|1756552317
|switch|p2a: Ursaluna|Ursaluna, L50, F|100/100
|switch|p1b: Basculegion|Basculegion, L50, M|91/100
|turn|4
|
|t:|1756552338
|-terastallize|p1a: Pelipper|Ghost
|move|p2a: Ursaluna|Protect|p2a: Ursaluna
|-singleturn|p2a: Ursaluna|Protect
|move|p1a: Pelipper|Wide Guard|p1a: Pelipper
|-singleturn|p1a: Pelipper|Wide Guard
|move|p2b: Porygon2|Tera Blast|p1a: Pelipper
|-immune|p1a: Pelipper
|move|p1b: Basculegion|Wave Crash|p2a: Ursaluna
|-activate|p2a: Ursaluna|move: Protect
|
|-weather|RainDance|[upkeep]
|-status|p2a: Ursaluna|brn|[from] item: Flame Orb
|upkeep
|turn|5
|
|t:|1756552358
|switch|p2a: Jumpluff|Jumpluff, L50, M|100/100
|move|p1b: Basculegion|Aqua Jet|p2a: Jumpluff
|-resisted|p2a: Jumpluff
|-damage|p2a: Jumpluff|75/100
|-damage|p1b: Basculegion|81/100|[from] item: Life Orb
|move|p2b: Porygon2|Ice Beam|p1a: Pelipper
|-damage|p1a: Pelipper|0 fnt
|faint|p1a: Pelipper
|
|-weather|none
|-end|p2b: Porygon2|move: Taunt
|-fieldend|move: Trick Room
|upkeep
|
|t:|1756552372
|switch|p1a: Gholdengo|Gholdengo, L50, shiny|100/100
|turn|6
|
|t:|1756552392
|move|p1a: Gholdengo|Trick|p2b: Porygon2
|-activate|p1a: Gholdengo|move: Trick|[of] p2b: Porygon2
|-item|p2b: Porygon2|Choice Scarf|[from] move: Trick
|-item|p1a: Gholdengo|Eviolite|[from] move: Trick
|move|p2a: Jumpluff|Sleep Powder|p1b: Basculegion
|-status|p1b: Basculegion|slp|[from] move: Sleep Powder
|cant|p1b: Basculegion|slp
|move|p2b: Porygon2|Trick Room|p2b: Porygon2
|-fieldstart|move: Trick Room|[of] p2b: Porygon2
|
|upkeep
|turn|7
|inactive|Chknadobovgc has 30 seconds left.
|
|t:|1756552420
|switch|p2b: Ursaluna|Ursaluna, L50, F|100/100 brn
|-curestatus|p1b: Basculegion|slp|[msg]
|move|p1b: Basculegion|Last Respects|p2a: Jumpluff
|-damage|p2a: Jumpluff|0 fnt
|faint|p2a: Jumpluff
|-damage|p1b: Basculegion|71/100|[from] item: Life Orb
|move|p1a: Gholdengo|Shadow Ball|p2b: Ursaluna
|-immune|p2b: Ursaluna
|
|-damage|p2b: Ursaluna|95/100 brn|[from] brn
|upkeep
|
|t:|1756552434
|switch|p2a: Porygon2|Porygon2, L50|100/100
|-ability|p2a: Porygon2|Download|boost
|-boost|p2a: Porygon2|atk|1
|turn|8
|
|t:|1756552457
|move|p1b: Basculegion|Aqua Jet|p2b: Ursaluna
|-supereffective|p2b: Ursaluna
|-damage|p2b: Ursaluna|55/100 brn
|-damage|p1b: Basculegion|62/100|[from] item: Life Orb
|move|p2b: Ursaluna|Earthquake|p1a: Gholdengo|[spread] p2a,p1a,p1b
|-crit|p2a: Porygon2
|-supereffective|p1a: Gholdengo
|-damage|p2a: Porygon2|3/100
|-damage|p1a: Gholdengo|0 fnt
|-damage|p1b: Basculegion|0 fnt
|faint|p1a: Gholdengo
|faint|p1b: Basculegion
|
|win|fustor
