|j|☆IsraelKuro
|j|☆Nacos
|html|IsraelKuroNacos    
|uhtml|bestof|Game 2 of a best-of-3
|t:|1755462033
|gametype|doubles
|player|p1|IsraelKuro|102|1221
|player|p2|Nacos|170|1347
|gen|9
|tier|[Gen 9] VGC 2025 Reg H (Bo3)
|rated|
|rule|Species Clause: Limit one of each Pokémon
|rule|Item Clause: Limit 1 of each item
|clearpoke
|poke|p1|Volcarona, L50, F|
|poke|p1|Rillaboom, L50, F|
|poke|p1|Kingambit, L50, F|
|poke|p1|Sneasler, L50, M|
|poke|p1|Dragonite, L50, M|
|poke|p1|Electabuzz, L50, F|
|poke|p2|Pelipper, L50, F|
|poke|p2|Archaludon, L50, M|
|poke|p2|Basculegion, L50, M|
|poke|p2|Sneasler, L50, F|
|poke|p2|Incineroar, L50, F|
|poke|p2|Indeedee, L50, M|
|teampreview|4
|showteam|p1|Volcarona||GrassySeed|FlameBody|QuiverDance,HeatWave,TeraBlast,Protect|||F|||50|,,,,,Fairy]Rillaboom||AssaultVest|GrassySurge|GrassyGlide,WoodHammer,Uturn,FakeOut|||F|||50|,,,,,Fire]Kingambit||BlackGlasses|Defiant|KowtowCleave,SuckerPunch,SwordsDance,Protect|||F|||50|,,,,,Dark]Sneasler||FocusSash|PoisonTouch|FakeOut,DireClaw,CloseCombat,Protect|||M|||50|,,,,,Stellar]Dragonite||LoadedDice|Multiscale|ScaleShot,ExtremeSpeed,Haze,Protect|||M|||50|,,,,,Fairy]Electabuzz||Eviolite|VitalSpirit|FollowMe,Taunt,Electroweb,Protect|||F|||50|,,,,,Ghost
|showteam|p2|Pelipper||CovertCloak|Drizzle|Tailwind,Protect,WeatherBall,Hurricane|||F|||50|,,,,,Steel]Archaludon||AssaultVest|Stamina|ElectroShot,DracoMeteor,FlashCannon,BodyPress|||M|||50|,,,,,Grass]Basculegion||ChoiceBand|SwiftSwim|WaveCrash,LastRespects,FlipTurn,AquaJet|||M|||50|,,,,,Water]Sneasler||PsychicSeed|Unburden|DireClaw,CloseCombat,ThroatChop,Protect|||F|||50|,,,,,Dark]Incineroar||SafetyGoggles|Intimidate|FakeOut,KnockOff,Taunt,PartingShot|||F|||50|,,,,,Water]Indeedee||FocusSash|PsychicSurge|ExpandingForce,TrickRoom,Imprison,Protect|||M|||50|,,,,,Fairy
|inactive|Battle timer is ON: inactive players will automatically lose when time's up. (requested by IsraelKuro)
|
|t:|1755462044
|teamsize|p1|4
|teamsize|p2|4
|start
|switch|p1a: Ignis|Volcarona, L50, F, shiny|100/100
|switch|p1b: Russel Hobbs|Rillaboom, L50, F|100/100
|switch|p2a: Pelipper|Pelipper, L50, F|100/100
|switch|p2b: Archaludon|Archaludon, L50, M|100/100
|-weather|RainDance|[from] ability: Drizzle|[of] p2a: Pelipper
|-fieldstart|move: Grassy Terrain|[from] ability: Grassy Surge|[of] p1b: Russel Hobbs
|-enditem|p1a: Ignis|Grassy Seed
|-boost|p1a: Ignis|def|1|[from] item: Grassy Seed
|turn|1
|
|t:|1755462056
|move|p1a: Ignis|Quiver Dance|p1a: Ignis
|-boost|p1a: Ignis|spa|1
|-boost|p1a: Ignis|spd|1
|-boost|p1a: Ignis|spe|1
|move|p2a: Pelipper|Weather Ball|p1a: Ignis
|-supereffective|p1a: Ignis
|-damage|p1a: Ignis|22/100
|move|p2b: Archaludon|Electro Shot||[still]
|-prepare|p2b: Archaludon|Electro Shot
|-boost|p2b: Archaludon|spa|1
|-anim|p2b: Archaludon|Electro Shot|p1a: Ignis
|-crit|p1a: Ignis
|-damage|p1a: Ignis|0 fnt
|faint|p1a: Ignis
|move|p1b: Russel Hobbs|Wood Hammer|p2a: Pelipper
|-damage|p2a: Pelipper|0 fnt
|faint|p2a: Pelipper
|-damage|p1b: Russel Hobbs|79/100|[from] Recoil
|
|-weather|RainDance|[upkeep]
|-heal|p1b: Russel Hobbs|84/100|[from] Grassy Terrain
|upkeep
|
|t:|1755462073
|switch|p1a: Noodle|Sneasler, L50, M|100/100
|switch|p2a: Indeedee|Indeedee, L50, M|100/100
|-fieldstart|move: Psychic Terrain|[from] ability: Psychic Surge|[of] p2a: Indeedee
|turn|2
|
|t:|1755462082
|-terastallize|p1a: Noodle|Stellar
|move|p1a: Noodle|Close Combat|p2b: Archaludon
|-supereffective|p2b: Archaludon
|-damage|p2b: Archaludon|0 fnt
|-unboost|p1a: Noodle|def|1
|-unboost|p1a: Noodle|spd|1
|faint|p2b: Archaludon
|move|p2a: Indeedee|Expanding Force|p1a: Noodle|[spread] p1a,p1b
|-supereffective|p1a: Noodle
|-enditem|p1a: Noodle|Focus Sash
|-damage|p1a: Noodle|1/100
|-damage|p1b: Russel Hobbs|44/100
|move|p1b: Russel Hobbs|U-turn|p2a: Indeedee
|-supereffective|p2a: Indeedee
|-enditem|p2a: Indeedee|Focus Sash
|-damage|p2a: Indeedee|1/100
|
|t:|1755462095
|switch|p1b: Electabuzz|Electabuzz, L50, F, shiny|100/100|[from] U-turn
|
|-weather|RainDance|[upkeep]
|upkeep
|
|t:|1755462097
|switch|p2b: Sneasler|Sneasler, L50, F|100/100
|-enditem|p2b: Sneasler|Psychic Seed
|-boost|p2b: Sneasler|spd|1|[from] item: Psychic Seed
|turn|3
|
|t:|1755462106
|switch|p1a: Russel Hobbs|Rillaboom, L50, F|44/100
|-fieldstart|move: Grassy Terrain|[from] ability: Grassy Surge|[of] p1a: Russel Hobbs
|move|p2a: Indeedee|Protect|p2a: Indeedee
|-singleturn|p2a: Indeedee|Protect
|move|p2b: Sneasler|Close Combat|p1b: Electabuzz
|-damage|p1b: Electabuzz|53/100
|-unboost|p2b: Sneasler|def|1
|-unboost|p2b: Sneasler|spd|1
|move|p1b: Electabuzz|Electroweb|p2a: Indeedee|[spread] p2b
|-activate|p2a: Indeedee|move: Protect
|-damage|p2b: Sneasler|83/100
|-unboost|p2b: Sneasler|spe|1
|
|-weather|RainDance|[upkeep]
|-heal|p2b: Sneasler|89/100|[from] Grassy Terrain
|-heal|p2a: Indeedee|7/100|[from] Grassy Terrain
|-heal|p1b: Electabuzz|59/100|[from] Grassy Terrain
|-heal|p1a: Russel Hobbs|50/100|[from] Grassy Terrain
|upkeep
|turn|4
|
|t:|1755462124
|move|p2b: Sneasler|Protect|p2b: Sneasler
|-singleturn|p2b: Sneasler|Protect
|move|p2a: Indeedee|Protect|p2a: Indeedee
|-singleturn|p2a: Indeedee|Protect
|move|p1a: Russel Hobbs|Grassy Glide|p2a: Indeedee
|-activate|p2a: Indeedee|move: Protect
|move|p1b: Electabuzz|Electroweb|p2b: Sneasler|[spread] 
|-activate|p2a: Indeedee|move: Protect
|-activate|p2b: Sneasler|move: Protect
|
|-weather|RainDance|[upkeep]
|-heal|p2b: Sneasler|95/100|[from] Grassy Terrain
|-heal|p2a: Indeedee|13/100|[from] Grassy Terrain
|-heal|p1b: Electabuzz|65/100|[from] Grassy Terrain
|-heal|p1a: Russel Hobbs|56/100|[from] Grassy Terrain
|upkeep
|turn|5
|
|t:|1755462133
|move|p1a: Russel Hobbs|Grassy Glide|p2a: Indeedee
|-damage|p2a: Indeedee|0 fnt
|faint|p2a: Indeedee
|move|p2b: Sneasler|Dire Claw|p1a: Russel Hobbs
|-supereffective|p1a: Russel Hobbs
|-damage|p1a: Russel Hobbs|0 fnt
|faint|p1a: Russel Hobbs
|move|p1b: Electabuzz|Electroweb|p2b: Sneasler
|-damage|p2b: Sneasler|67/100
|-unboost|p2b: Sneasler|spe|1
|
|-weather|none
|-heal|p2b: Sneasler|73/100|[from] Grassy Terrain
|-heal|p1b: Electabuzz|71/100|[from] Grassy Terrain
|upkeep
|-message|Nacos forfeited.
|
|win|IsraelKuro
|raw|IsraelKuro's rating: 1221 → 1255(+34 for winning)
|raw|Nacos's rating: 1347 → 1320(-27 for losing)
