|j|☆Scaron1x
|j|☆LEGOt33
|html|Scaron1xLEGOt33    
|uhtml|bestof|Game 2 of a best-of-3
|t:|1783301580
|gametype|doubles
|player|p1|Scaron1x|gambler|
|player|p2|LEGOt33|linebacker|
|gen|9
|tier|[Gen 9 Champions] VGC 2026 Reg M-B (Bo3)
|rule|Species Clause: Limit one of each Pokémon
|rule|Item Clause: Limit 1 of each item
|clearpoke
|poke|p1|Pelipper, L50, M|
|poke|p1|Swampert, L50, M|
|poke|p1|Grimmsnarl, L50, M|
|poke|p1|Archaludon, L50, M|
|poke|p1|Sinistcha, L50|
|poke|p1|Basculegion, L50, M|
|poke|p2|Garchomp, L50, M|
|poke|p2|Incineroar, L50, M|
|poke|p2|Charizard, L50, M, shiny|
|poke|p2|Sinistcha, L50|
|poke|p2|Milotic, L50, F|
|poke|p2|Venusaur, L50, F|
|teampreview|4
|showteam|p1|Pelipper||FocusSash|Drizzle|Hurricane,Tailwind,WeatherBall,WideGuard|Modest||M|||50|]Swampert||Swampertite|Torrent|WaveCrash,Earthquake,Protect,IcePunch|Adamant||M|||50|]Grimmsnarl||MentalHerb|Prankster|PartingShot,Reflect,LightScreen,SpiritBreak|Careful||M|||50|]Archaludon||Leftovers|Stamina|DragonPulse,ElectroShot,FlashCannon,Protect|Calm||M|||50|]Sinistcha||SitrusBerry|Hospitality|RagePowder,TrickRoom,MatchaGotcha,Protect|Relaxed|||||50|]Basculegion||LifeOrb|Adaptability|WaveCrash,LastRespects,Protect,AquaJet|Adamant||M|||50|
|showteam|p2|Garchomp||ChoiceScarf|RoughSkin|DragonClaw,Earthquake,RockSlide,Crunch|Adamant||M|||50|]Incineroar||SitrusBerry|Intimidate|FakeOut,FlareBlitz,ThroatChop,PartingShot|Careful||M|||50|]Charizard||CharizarditeY|Blaze|HeatWave,WeatherBall,SolarBeam,Protect|Modest||M|||50|]Sinistcha||KasibBerry|Hospitality|MatchaGotcha,RagePowder,TrickRoom,Protect|Relaxed|||||50|]Milotic||Leftovers|Competitive|Recover,Scald,FlipTurn,IceBeam|Bold||F|||50|]Venusaur||FocusSash|Chlorophyll|SludgeBomb,SleepPowder,EarthPower,Protect|Timid||F|||50|
|
|t:|1783301611
|teamsize|p1|4
|teamsize|p2|4
|start
|switch|p1a: Pelipper|Pelipper, L50, M|100/100
|switch|p1b: Grimmsnarl|Grimmsnarl, L50, M|100/100
|switch|p2a: Tom|Incineroar, L50, M|100/100
|switch|p2b: Garchomp|Garchomp, L50, M|100/100
|-weather|RainDance|[from] ability: Drizzle|[of] p1a: Pelipper
|-ability|p2a: Tom|Intimidate|boost
|-unboost|p1a: Pelipper|atk|1
|-unboost|p1b: Grimmsnarl|atk|1
|turn|1
|
|t:|1783301645
|move|p2a: Tom|Fake Out|p1b: Grimmsnarl
|-damage|p1b: Grimmsnarl|86/100
|cant|p1b: Grimmsnarl|flinch
|move|p2b: Garchomp|Dragon Claw|p1a: Pelipper
|-damage|p1a: Pelipper|46/100
|move|p1a: Pelipper|Tailwind|p1a: Pelipper
|-sidestart|p1: Scaron1x|move: Tailwind
|
|-weather|RainDance|[upkeep]
|upkeep
|turn|2
|
|t:|1783301683
|switch|p1a: Archaludon|Archaludon, L50, M|100/100
|move|p2b: Garchomp|Dragon Claw|p1a: Archaludon
|-damage|p1a: Archaludon|60/100
|-ability|p1a: Archaludon|Stamina|boost
|-boost|p1a: Archaludon|def|1
|move|p1b: Grimmsnarl|Spirit Break|p2b: Garchomp
|-supereffective|p2b: Garchomp|1
|-damage|p2b: Garchomp|57/100
|-unboost|p2b: Garchomp|spa|1
|-damage|p1b: Grimmsnarl|74/100|[from] ability: Rough Skin|[of] p2b: Garchomp
|move|p2a: Tom|Flare Blitz|p1b: Grimmsnarl
|-damage|p1b: Grimmsnarl|45/100
|-damage|p2a: Tom|90/100|[from] Recoil
|
|-weather|RainDance|[upkeep]
|-heal|p1a: Archaludon|66/100|[from] item: Leftovers
|upkeep
|turn|3
|
|t:|1783301726
|move|p1b: Grimmsnarl|Parting Shot|p2b: Garchomp
|-unboost|p2b: Garchomp|atk|1
|-unboost|p2b: Garchomp|spa|1
|
|t:|1783301732
|switch|p1b: Swampert|Swampert, L50, M|100/100|[from] Parting Shot
|move|p2b: Garchomp|Dragon Claw|p1a: Archaludon
|-damage|p1a: Archaludon|49/100
|-ability|p1a: Archaludon|Stamina|boost
|-boost|p1a: Archaludon|def|1
|move|p1a: Archaludon|Dragon Pulse|p2b: Garchomp
|-supereffective|p2b: Garchomp|1
|-damage|p2b: Garchomp|0 fnt
|faint|p2b: Garchomp
|move|p2a: Tom|Parting Shot|p1a: Archaludon
|-unboost|p1a: Archaludon|atk|1
|-unboost|p1a: Archaludon|spa|1
|
|t:|1783301750
|switch|p2a: Raxtus|Charizard, L50, M, shiny|100/100|[from] Parting Shot
|
|-weather|RainDance|[upkeep]
|-heal|p1a: Archaludon|55/100|[from] item: Leftovers
|upkeep
|
|t:|1783301756
|switch|p2b: Mylotic Pony|Milotic, L50, F|100/100
|turn|4
|
|t:|1783301790
|switch|p1a: Pelipper|Pelipper, L50, M|46/100
|detailschange|p1b: Swampert|Swampert-Mega, L50, M
|-mega|p1b: Swampert|Swampert|Swampertite
|move|p2a: Raxtus|Protect|p2a: Raxtus
|-singleturn|p2a: Raxtus|Protect
|move|p1b: Swampert|Wave Crash|p2a: Raxtus
|-activate|p2a: Raxtus|move: Protect
|move|p2b: Mylotic Pony|Flip Turn|p1a: Pelipper
|-resisted|p1a: Pelipper|1
|-crit|p1a: Pelipper
|-damage|p1a: Pelipper|31/100
|
|t:|1783301801
|switch|p2b: Tom|Incineroar, L50, M|90/100|[from] Flip Turn
|-ability|p2b: Tom|Intimidate|boost
|-unboost|p1a: Pelipper|atk|1
|-unboost|p1b: Swampert|atk|1
|
|-weather|RainDance|[upkeep]
|-sideend|p1: Scaron1x|move: Tailwind
|upkeep
|turn|5
|
|t:|1783301837
|switch|p1a: Archaludon|Archaludon, L50, M|55/100
|detailschange|p2a: Raxtus|Charizard-Mega-Y, L50, M, shiny
|-mega|p2a: Raxtus|Charizard|Charizardite Y
|-weather|SunnyDay|[from] ability: Drought|[of] p2a: Raxtus
|move|p2b: Tom|Fake Out|p1a: Archaludon
|-resisted|p1a: Archaludon|1
|-damage|p1a: Archaludon|51/100
|-ability|p1a: Archaludon|Stamina|boost
|-boost|p1a: Archaludon|def|1
|move|p2a: Raxtus|Solar Beam||[still]
|-prepare|p2a: Raxtus|Solar Beam
|-anim|p2a: Raxtus|Solar Beam|p1b: Swampert
|-supereffective|p1b: Swampert|2
|-damage|p1b: Swampert|0 fnt
|faint|p1b: Swampert
|
|-weather|SunnyDay|[upkeep]
|-heal|p1a: Archaludon|57/100|[from] item: Leftovers
|upkeep
|
|t:|1783301855
|switch|p1b: Pelipper|Pelipper, L50, M|31/100
|-weather|RainDance|[from] ability: Drizzle|[of] p1b: Pelipper
|turn|6
|
|t:|1783301883
|move|p2a: Raxtus|Protect|p2a: Raxtus
|-singleturn|p2a: Raxtus|Protect
|move|p1a: Archaludon|Electro Shot||[still]
|-prepare|p1a: Archaludon|Electro Shot
|-boost|p1a: Archaludon|spa|1
|-anim|p1a: Archaludon|Electro Shot|p2a: Raxtus
|-activate|p2a: Raxtus|move: Protect
|move|p1b: Pelipper|Tailwind|p1b: Pelipper
|-sidestart|p1: Scaron1x|move: Tailwind
|move|p2b: Tom|Throat Chop|p1b: Pelipper
|-crit|p1b: Pelipper
|-damage|p1b: Pelipper|0 fnt
|faint|p1b: Pelipper
|
|-weather|RainDance|[upkeep]
|-heal|p1a: Archaludon|63/100|[from] item: Leftovers
|upkeep
|
|t:|1783301898
|switch|p1b: Grimmsnarl|Grimmsnarl, L50, M|45/100
|turn|7
|
|t:|1783301930
|switch|p2a: Mylotic Pony|Milotic, L50, F|100/100
|move|p1b: Grimmsnarl|Light Screen|p1b: Grimmsnarl
|-sidestart|p1: Scaron1x|move: Light Screen
|move|p1a: Archaludon|Electro Shot||[still]
|-prepare|p1a: Archaludon|Electro Shot
|-boost|p1a: Archaludon|spa|1
|-anim|p1a: Archaludon|Electro Shot|p2a: Mylotic Pony
|-supereffective|p2a: Mylotic Pony|1
|-damage|p2a: Mylotic Pony|0 fnt
|faint|p2a: Mylotic Pony
|move|p2b: Tom|Parting Shot|p1a: Archaludon
|-unboost|p1a: Archaludon|atk|1
|-unboost|p1a: Archaludon|spa|1
|
|t:|1783301942
|switch|p2b: Raxtus|Charizard-Mega-Y, L50, M, shiny|100/100|[from] Parting Shot
|-weather|SunnyDay|[from] ability: Drought|[of] p2b: Raxtus
|
|-weather|SunnyDay|[upkeep]
|-heal|p1a: Archaludon|69/100|[from] item: Leftovers
|upkeep
|
|t:|1783301949
|switch|p2a: Tom|Incineroar, L50, M|90/100
|-ability|p2a: Tom|Intimidate|boost
|-unboost|p1a: Archaludon|atk|1
|-unboost|p1b: Grimmsnarl|atk|1
|turn|8
|
|t:|1783301983
|move|p2a: Tom|Fake Out|p1a: Archaludon
|-resisted|p1a: Archaludon|1
|-crit|p1a: Archaludon
|-damage|p1a: Archaludon|62/100
|-ability|p1a: Archaludon|Stamina|boost
|-boost|p1a: Archaludon|def|1
|cant|p1a: Archaludon|flinch
|move|p1b: Grimmsnarl|Spirit Break|p2a: Tom
|-damage|p2a: Tom|69/100
|-unboost|p2a: Tom|spa|1
|move|p2b: Raxtus|Weather Ball|p1a: Archaludon
|-crit|p1a: Archaludon
|-damage|p1a: Archaludon|0 fnt
|faint|p1a: Archaludon
|
|-weather|SunnyDay|[upkeep]
|upkeep
|turn|9
|
|t:|1783302010
|move|p1b: Grimmsnarl|Reflect|p1b: Grimmsnarl
|-sidestart|p1: Scaron1x|Reflect
|move|p2b: Raxtus|Weather Ball|p1b: Grimmsnarl
|-damage|p1b: Grimmsnarl|0 fnt
|faint|p1b: Grimmsnarl
|
|win|LEGOt33
|inactive|Scaron1x has 30 seconds to confirm battle start!
|inactive|LEGOt33 has 30 seconds to confirm battle start!
|inactive|Scaron1x has 20 seconds to confirm battle start!
|inactive|LEGOt33 has 20 seconds to confirm battle start!
