|j|☆mikelpoyarzabal
|j|☆BrorGregerGaming
|html|mikelpoyarzabalBrorGregerGaming    
|uhtml|bestof|Game 3 of a best-of-3
|t:|1785769785
|gametype|doubles
|player|p1|mikelpoyarzabal|arven-s|1387
|player|p2|BrorGregerGaming|veteran|1203
|gen|9
|tier|[Gen 9 Champions] VGC 2026 Reg M-B (Bo3)
|rated|
|rule|Species Clause: Limit one of each Pokémon
|rule|Item Clause: Limit 1 of each item
|clearpoke
|poke|p1|Gengar, L50, M|
|poke|p1|Swampert, L50, F|
|poke|p1|Incineroar, L50, M|
|poke|p1|Politoed, L50, F|
|poke|p1|Archaludon, L50, M|
|poke|p1|Vivillon, L50, M|
|poke|p2|Musharna, L50, F|
|poke|p2|Mamoswine, L50, F|
|poke|p2|Torkoal, L50, M|
|poke|p2|Sinistcha, L50|
|poke|p2|Medicham, L50, F|
|poke|p2|Bellibolt, L50, F|
|teampreview|4
|showteam|p1|Gengar||Gengarite|CursedBody|ShadowBall,SludgeBomb,Protect,PerishSong|Timid||M|||50|]Swampert||Swampertite|Torrent|WaveCrash,Earthquake,IcePunch,Protect|Adamant||F|||50|]Incineroar||PasshoBerry|Intimidate|ThroatChop,PartingShot,FakeOut,Protect|Sassy||M|||50|]Politoed||SitrusBerry|Drizzle|WeatherBall,PerishSong,Encore,Protect|Calm||F|||50|]Archaludon||Leftovers|Stamina|DragonPulse,FlashCannon,ElectroShot,Protect|Bold||M|||50|]Vivillon||FocusSash|CompoundEyes|Hurricane,SleepPowder,RagePowder,Protect|Timid||M|||50|
|showteam|p2|Musharna||ColburBerry|Telepathy|TrickRoom,Hypnosis,HelpingHand,Moonblast|Sassy||F|||50|]Mamoswine||FocusSash|Oblivious|Earthquake,IceShard,RockSlide,Protect|Adamant||F|||50|]Torkoal||LifeOrb|Drought|HeatWave,SolarBeam,EarthPower,Protect|Quiet||M|||50|]Sinistcha||KasibBerry|Hospitality|RagePowder,Protect,MatchaGotcha,TrickRoom|Relaxed|||||50|]Medicham||Medichamite|Telepathy|FakeOut,PsychoCut,RockSlide,CloseCombat|Brave||F|||50|]Bellibolt||Magnet|Electromorphosis|ParabolicCharge,Thunderbolt,Protect,Soak|Bold||F|||50|
|inactive|Battle timer is ON: inactive players will automatically lose when time's up. (requested by mikelpoyarzabal)
|
|t:|1785769814
|teamsize|p1|4
|teamsize|p2|4
|start
|switch|p1a: Incineroar|Incineroar, L50, M|100/100
|switch|p1b: Gengar|Gengar, L50, M|100/100
|switch|p2a: Mamoswine|Mamoswine, L50, F|100/100
|switch|p2b: Sinistcha|Sinistcha, L50|100/100
|-ability|p1a: Incineroar|Intimidate|boost
|-fail|p2a: Mamoswine|unboost|Attack|[from] ability: Oblivious|[of] p2a: Mamoswine
|-unboost|p2b: Sinistcha|atk|1
|turn|1
|
|t:|1785769838
|detailschange|p1b: Gengar|Gengar-Mega, L50, M
|-mega|p1b: Gengar|Gengar|Gengarite
|move|p1a: Incineroar|Fake Out|p2a: Mamoswine
|-damage|p2a: Mamoswine|89/100
|move|p1b: Gengar|Shadow Ball|p2b: Sinistcha
|-supereffective|p2b: Sinistcha|1
|-enditem|p2b: Sinistcha|Kasib Berry|[eat]
|-enditem|p2b: Sinistcha|Kasib Berry|[weaken]
|-damage|p2b: Sinistcha|49/100
|-unboost|p2b: Sinistcha|spd|1
|cant|p2a: Mamoswine|flinch
|move|p2b: Sinistcha|Trick Room|p2b: Sinistcha
|-fieldstart|move: Trick Room|[of] p2b: Sinistcha
|
|upkeep
|turn|2
|
|t:|1785769850
|move|p1b: Gengar|Protect|p1b: Gengar
|-singleturn|p1b: Gengar|Protect
|move|p2b: Sinistcha|Rage Powder|p2b: Sinistcha
|-singleturn|p2b: Sinistcha|move: Rage Powder
|move|p1a: Incineroar|Parting Shot|p2b: Sinistcha
|-unboost|p2b: Sinistcha|atk|1
|-unboost|p2b: Sinistcha|spa|1
|
|t:|1785769854
|switch|p1a: Politoed|Politoed, L50, F|100/100|[from] Parting Shot
|-weather|RainDance|[from] ability: Drizzle|[of] p1a: Politoed
|move|p2a: Mamoswine|Earthquake|p1b: Gengar|[spread] p2b,p1a
|-activate|p1b: Gengar|move: Protect
|-resisted|p2b: Sinistcha|1
|-damage|p2b: Sinistcha|33/100
|-damage|p1a: Politoed|59/100
|
|-weather|RainDance|[upkeep]
|upkeep
|turn|3
|
|t:|1785769870
|switch|p1b: Incineroar|Incineroar, L50, M|100/100
|-ability|p1b: Incineroar|Intimidate|boost
|-fail|p2a: Mamoswine|unboost|Attack|[from] ability: Oblivious|[of] p2a: Mamoswine
|-unboost|p2b: Sinistcha|atk|1
|move|p1a: Politoed|Protect|p1a: Politoed
|-singleturn|p1a: Politoed|Protect
|move|p2b: Sinistcha|Matcha Gotcha|p1a: Politoed|[spread] p1b
|-activate|p1a: Politoed|move: Protect
|-resisted|p1b: Incineroar|1
|-damage|p1b: Incineroar|94/100
|-heal|p2b: Sinistcha|37/100|[from] drain|[of] p1b: Incineroar
|move|p2a: Mamoswine|Earthquake|p1a: Politoed|[spread] p2b,p1b
|-activate|p1a: Politoed|move: Protect
|-resisted|p2b: Sinistcha|1
|-supereffective|p1b: Incineroar|1
|-crit|p1b: Incineroar
|-damage|p2b: Sinistcha|21/100
|-damage|p1b: Incineroar|0 fnt
|faint|p1b: Incineroar
|
|-weather|RainDance|[upkeep]
|upkeep
|
|t:|1785769881
|switch|p1b: Archaludon|Archaludon, L50, M|100/100
|turn|4
|
|t:|1785769898
|move|p2b: Sinistcha|Rage Powder|p2b: Sinistcha
|-singleturn|p2b: Sinistcha|move: Rage Powder
|move|p1a: Politoed|Weather Ball|p2b: Sinistcha
|-resisted|p2b: Sinistcha|1
|-damage|p2b: Sinistcha|0 fnt
|faint|p2b: Sinistcha
|move|p2a: Mamoswine|Earthquake|p1b: Archaludon|[spread] p1a,p1b
|-supereffective|p1b: Archaludon|1
|-damage|p1a: Politoed|19/100
|-damage|p1b: Archaludon|39/100
|-ability|p1b: Archaludon|Stamina|boost
|-boost|p1b: Archaludon|def|1
|-enditem|p1a: Politoed|Sitrus Berry|[eat]
|-heal|p1a: Politoed|44/100|[from] item: Sitrus Berry
|move|p1b: Archaludon|Electro Shot||[still]
|-prepare|p1b: Archaludon|Electro Shot
|-boost|p1b: Archaludon|spa|1
|-anim|p1b: Archaludon|Electro Shot|p2a: Mamoswine
|-immune|p2a: Mamoswine
|
|-weather|RainDance|[upkeep]
|-heal|p1b: Archaludon|45/100|[from] item: Leftovers
|upkeep
|
|t:|1785769917
|switch|p2b: Torkoal|Torkoal, L50, M|100/100
|-weather|SunnyDay|[from] ability: Drought|[of] p2b: Torkoal
|turn|5
|
|t:|1785769926
|move|p1a: Politoed|Protect|p1a: Politoed
|-singleturn|p1a: Politoed|Protect
|move|p2a: Mamoswine|Protect|p2a: Mamoswine
|-singleturn|p2a: Mamoswine|Protect
|move|p1b: Archaludon|Protect|p1b: Archaludon
|-singleturn|p1b: Archaludon|Protect
|move|p2b: Torkoal|Earth Power|p1b: Archaludon
|-activate|p1b: Archaludon|move: Protect
|
|-weather|SunnyDay|[upkeep]
|-heal|p1b: Archaludon|51/100|[from] item: Leftovers
|-fieldend|move: Trick Room
|upkeep
|turn|6
|
|t:|1785769939
|switch|p1a: Gengar|Gengar-Mega, L50, M|100/100
|move|p2b: Torkoal|Protect|p2b: Torkoal
|-singleturn|p2b: Torkoal|Protect
|move|p1b: Archaludon|Flash Cannon|p2a: Mamoswine
|-supereffective|p2a: Mamoswine|1
|-damage|p2a: Mamoswine|0 fnt
|faint|p2a: Mamoswine
|
|-weather|SunnyDay|[upkeep]
|-heal|p1b: Archaludon|57/100|[from] item: Leftovers
|upkeep
|
|t:|1785769948
|switch|p2a: Medicham|Medicham, L50, F|100/100
|turn|7
|
|t:|1785769962
|switch|p1b: Politoed|Politoed, L50, F|44/100
|-weather|RainDance|[from] ability: Drizzle|[of] p1b: Politoed
|detailschange|p2a: Medicham|Medicham-Mega, L50, F
|-mega|p2a: Medicham|Medicham|Medichamite
|move|p1a: Gengar|Shadow Ball|p2a: Medicham
|-supereffective|p2a: Medicham|1
|-damage|p2a: Medicham|0 fnt
|faint|p2a: Medicham
|move|p2b: Torkoal|Earth Power|p1a: Gengar
|-supereffective|p1a: Gengar|1
|-damage|p1a: Gengar|32/100
|-damage|p2b: Torkoal|90/100|[from] item: Life Orb
|
|-weather|RainDance|[upkeep]
|upkeep
|turn|8
|-message|BrorGregerGaming forfeited.
|
|win|mikelpoyarzabal
|raw|mikelpoyarzabal's rating: 1387 → 1397(+10 for winning)
|raw|BrorGregerGaming's rating: 1203 → 1190(-13 for losing)
