|j|☆reiiji
|j|‽tavinn_n
|html|reiijitavinn_n    
|uhtml|bestof|Game 1 of a best-of-3
|t:|1785515756
|gametype|doubles
|player|p1|reiiji|steven|1097
|player|p2|tavinn_n|ghetsis|1164
|gen|9
|tier|[Gen 9 Champions] VGC 2026 Reg M-B (Bo3)
|rated|
|rule|Species Clause: Limit one of each Pokémon
|rule|Item Clause: Limit 1 of each item
|clearpoke
|poke|p1|Froslass, L50, F|
|poke|p1|Zoroark-Hisui, L50, M|
|poke|p1|Aurorus, L50, M, shiny|
|poke|p1|Goodra-Hisui, L50, F|
|poke|p1|Samurott-Hisui, L50, M|
|poke|p1|Sinistcha-Masterpiece, L50|
|poke|p2|Tyranitar, L50, F|
|poke|p2|Excadrill, L50, F|
|poke|p2|Milotic, L50, F|
|poke|p2|Sinistcha, L50|
|poke|p2|Staraptor, L50, M|
|poke|p2|Gholdengo, L50|
|teampreview|4
|showteam|p1|Froslass||Froslassite|CursedBody|NastyPlot,Blizzard,ShadowBall,Protect|Timid||F|||50|]Zoroark-Hisui||ChoiceScarf|Illusion|HyperVoice,BitterMalice,Flamethrower,IcyWind|Timid||M|||50|]Aurorus||LightClay|SnowWarning|Blizzard,EarthPower,AuroraVeil,LightScreen|Modest||M|||50|]Goodra-Hisui||Leftovers|Gooey|Shelter,BodyPress,LifeDew,MudShot|Calm||F|||50|]Samurott-Hisui||SitrusBerry|Sharpness|SuckerPunch,AquaCutter,SacredSword,SwordsDance|Jolly||M|||50|]Sinistcha-Masterpiece||FocusSash|Hospitality|MatchaGotcha,RagePowder,TrickRoom,Memento|Relaxed|||||50|
|showteam|p2|Tyranitar||Tyranitarite|SandStream|KnockOff,RockSlide,HighHorsepower,Protect|Jolly||F|||50|]Excadrill||FocusSash|SandRush|HighHorsepower,IronHead,RockSlide,Protect|Jolly||F|||50|]Milotic||SitrusBerry|Competitive|Scald,IcyWind,Haze,Protect|Calm||F|||50|]Sinistcha||ColburBerry|Hospitality|MatchaGotcha,ShadowBall,Protect,RagePowder|Bold|||||50|]Staraptor||Staraptite|Intimidate|CloseCombat,BraveBird,Tailwind,Protect|Jolly||M|||50|]Gholdengo||LifeOrb|GoodasGold|MakeItRain,ShadowBall,NastyPlot,Protect|Modest|||||50|
|inactive|Battle timer is ON: inactive players will automatically lose when time's up. (requested by tavinn_n)
|inactive|reiiji also wants the timer to be on.
|inactive|reiiji has 60 seconds left.
|
|t:|1785515791
|teamsize|p1|4
|teamsize|p2|4
|start
|switch|p1a: Froslass|Froslass, L50, F|100/100
|switch|p1b: Aurorus|Aurorus, L50, M, shiny|100/100
|switch|p2a: Staraptor|Staraptor, L50, M|100/100
|switch|p2b: Gholdengo|Gholdengo, L50|100/100
|-ability|p2a: Staraptor|Intimidate|boost
|-unboost|p1a: Froslass|atk|1
|-unboost|p1b: Aurorus|atk|1
|-weather|Snowscape|[from] ability: Snow Warning|[of] p1b: Aurorus
|turn|1
|
|t:|1785515802
|detailschange|p2a: Staraptor|Staraptor-Mega, L50, M
|-mega|p2a: Staraptor|Staraptor|Staraptite
|move|p1a: Froslass|Bitter Malice|p2b: Gholdengo
|-supereffective|p2b: Gholdengo|1
|-damage|p2b: Gholdengo|36/100
|-unboost|p2b: Gholdengo|atk|1
|move|p2a: Staraptor|Close Combat|p1b: Aurorus
|-supereffective|p1b: Aurorus|2
|-damage|p1b: Aurorus|0 fnt
|-boost|p2a: Staraptor|def|1
|-boost|p2a: Staraptor|spd|1
|faint|p1b: Aurorus
|move|p2b: Gholdengo|Shadow Ball|p1a: Froslass
|-immune|p1a: Froslass
|
|-weather|Snowscape|[upkeep]
|upkeep
|
|t:|1785515825
|switch|p1b: Froslass|Froslass, L50, F|100/100
|turn|2
|
|t:|1785515837
|switch|p2b: Tyranitar|Tyranitar, L50, F|100/100
|-weather|Sandstorm|[from] ability: Sand Stream|[of] p2b: Tyranitar
|detailschange|p1b: Froslass|Froslass-Mega, L50, F
|-mega|p1b: Froslass|Froslass|Froslassite
|-weather|Snowscape|[from] ability: Snow Warning|[of] p1b: Froslass
|move|p1a: Froslass|Bitter Malice|p2b: Tyranitar
|-resisted|p2b: Tyranitar|1
|-damage|p2b: Tyranitar|82/100
|-unboost|p2b: Tyranitar|atk|1
|move|p1b: Froslass|Blizzard|p2b: Tyranitar|[spread] p2a,p2b
|-supereffective|p2a: Staraptor|1
|-damage|p2a: Staraptor|44/100
|-damage|p2b: Tyranitar|37/100
|move|p2a: Staraptor|Tailwind|p2a: Staraptor
|-sidestart|p2: tavinn_n|move: Tailwind
|
|-weather|Snowscape|[upkeep]
|upkeep
|turn|3
|inactive|reiiji has 30 seconds left.
|
|t:|1785515864
|move|p2a: Staraptor|Brave Bird|p1a: Froslass
|-damage|p1a: Froslass|0 fnt
|replace|p1a: Zoroark|Zoroark-Hisui, L50, M
|-end|p1a: Zoroark|Illusion
|faint|p1a: Zoroark
|-damage|p2a: Staraptor|21/100|[from] Recoil
|move|p2b: Tyranitar|Knock Off|p1b: Froslass
|-supereffective|p1b: Froslass|1
|-damage|p1b: Froslass|48/100
|move|p1b: Froslass|Blizzard|p2a: Staraptor|[spread] p2a,p2b
|-supereffective|p2a: Staraptor|1
|-damage|p2a: Staraptor|0 fnt
|-damage|p2b: Tyranitar|0 fnt
|faint|p2a: Staraptor
|faint|p2b: Tyranitar
|
|-weather|Snowscape|[upkeep]
|upkeep
|
|t:|1785515873
|switch|p1a: Sinistcha|Sinistcha-Masterpiece, L50|100/100
|switch|p2a: Milotic|Milotic, L50, F|100/100
|switch|p2b: Gholdengo|Gholdengo, L50|36/100
|-heal|p1b: Froslass|73/100|[from] ability: Hospitality|[of] p1a: Sinistcha
|turn|4
|
|t:|1785515879
|move|p1b: Froslass|Protect|p1b: Froslass
|-singleturn|p1b: Froslass|Protect
|move|p2a: Milotic|Icy Wind|p1b: Froslass|[spread] p1a
|-activate|p1b: Froslass|move: Protect
|-supereffective|p1a: Sinistcha|1
|-damage|p1a: Sinistcha|73/100
|-unboost|p1a: Sinistcha|spe|1
|move|p2b: Gholdengo|Make It Rain|p1a: Sinistcha|[spread] p1a
|-activate|p1b: Froslass|move: Protect
|-damage|p1a: Sinistcha|9/100
|-unboost|p2b: Gholdengo|spa|2
|-damage|p2b: Gholdengo|26/100|[from] item: Life Orb
|move|p1a: Sinistcha|Trick Room|p1a: Sinistcha
|-fieldstart|move: Trick Room|[of] p1a: Sinistcha
|
|-weather|Snowscape|[upkeep]
|upkeep
|turn|5
|j| tedidn
|
|t:|1785515890
|move|p2b: Gholdengo|Protect|p2b: Gholdengo
|-singleturn|p2b: Gholdengo|Protect
|move|p2a: Milotic|Protect|p2a: Milotic
|-singleturn|p2a: Milotic|Protect
|move|p1a: Sinistcha|Matcha Gotcha|p2b: Gholdengo|[spread] 
|-activate|p2a: Milotic|move: Protect
|-activate|p2b: Gholdengo|move: Protect
|move|p1b: Froslass|Shadow Ball|p2b: Gholdengo
|-activate|p2b: Gholdengo|move: Protect
|
|-weather|Snowscape|[upkeep]
|-sideend|p2: tavinn_n|move: Tailwind
|upkeep
|turn|6
|
|t:|1785515899
|move|p1a: Sinistcha|Matcha Gotcha|p2a: Milotic|[spread] p2a,p2b
|-supereffective|p2a: Milotic|1
|-resisted|p2b: Gholdengo|1
|-damage|p2a: Milotic|68/100
|-heal|p1a: Sinistcha|26/100|[from] drain|[of] p2a: Milotic
|-damage|p2b: Gholdengo|15/100
|-heal|p1a: Sinistcha|32/100|[from] drain|[of] p2b: Gholdengo
|move|p2b: Gholdengo|Make It Rain|p1b: Froslass|[spread] p1a,p1b
|-supereffective|p1b: Froslass|1
|-damage|p1a: Sinistcha|0 fnt
|-damage|p1b: Froslass|2/100
|-unboost|p2b: Gholdengo|spa|2
|faint|p1a: Sinistcha
|-damage|p2b: Gholdengo|6/100|[from] item: Life Orb
|move|p2a: Milotic|Icy Wind|p1b: Froslass
|-resisted|p1b: Froslass|1
|-damage|p1b: Froslass|0 fnt
|faint|p1b: Froslass
|
|win|tavinn_n
