|j|☆glueck
|j|☆WarlogFV
|html|glueckWarlogFV    
|uhtml|bestof|Game 2 of a best-of-3
|t:|1756382516
|gametype|doubles
|player|p1|glueck|marley|1000
|player|p2|WarlogFV|erika|1045
|gen|9
|tier|[Gen 9] VGC 2025 Reg H (Bo3)
|rated|
|rule|Species Clause: Limit one of each Pokémon
|rule|Item Clause: Limit 1 of each item
|clearpoke
|poke|p1|Charizard, L50, F|
|poke|p1|Torkoal, L50, F|
|poke|p1|Porygon2, L50|
|poke|p1|Incineroar, L50, M|
|poke|p1|Jumpluff, L50, M|
|poke|p1|Ursaluna, L50, F|
|poke|p2|Charizard, L50, F|
|poke|p2|Torkoal, L50, F|
|poke|p2|Porygon2, L50|
|poke|p2|Incineroar, L50, F|
|poke|p2|Jumpluff, L50, F|
|poke|p2|Ursaluna, L50, M|
|teampreview|4
|showteam|p1|Charizard||ChoiceSpecs|SolarPower|HeatWave,Overheat,WeatherBall,AirSlash|||F|||50|,,,,,Ghost]Torkoal||EjectPack|Drought|Eruption,Overheat,HelpingHand,Protect|||F|||50|,,,,,Fire]Porygon2||Eviolite|Download|TeraBlast,IceBeam,Recover,TrickRoom||||||50|,,,,,Fighting]Incineroar||SitrusBerry|Intimidate|FlareBlitz,KnockOff,FakeOut,PartingShot|||M|||50|,,,,,Ghost]Jumpluff||CovertCloak|Chlorophyll|SleepPowder,SunnyDay,RagePowder,Tailwind|||M|||50|,,,,,Water]Ursaluna||FlameOrb|Guts|HeadlongRush,Facade,Earthquake,Protect|||F|||50|,,,,,Ghost
|showteam|p2|Charizard||ChoiceSpecs|SolarPower|HeatWave,Overheat,WeatherBall,AirSlash|||F|||50|,,,,,Ghost]Torkoal||EjectPack|Drought|Eruption,Overheat,HelpingHand,Protect|||F|||50|,,,,,Fire]Porygon2||Eviolite|Download|TeraBlast,IceBeam,Recover,TrickRoom||||||50|,,,,,Fighting]Incineroar||SitrusBerry|Intimidate|FlareBlitz,KnockOff,FakeOut,PartingShot|||F|||50|,,,,,Ghost]Jumpluff||CovertCloak|Chlorophyll|SleepPowder,SunnyDay,RagePowder,Tailwind|||F|||50|,,,,,Water]Ursaluna||FlameOrb|Guts|HeadlongRush,Facade,Earthquake,Protect|||M|||50|,,,,,Ghost
|inactive|Battle timer is ON: inactive players will automatically lose when time's up. (requested by glueck)
|j| Aska IV
|l| Aska IV
|inactive|glueck has 60 seconds left.
|inactive|WarlogFV has 60 seconds left.
|
|t:|1756382576
|teamsize|p1|4
|teamsize|p2|4
|start
|switch|p1a: Charizard|Charizard, L50, F|100/100
|switch|p1b: Jumpluff|Jumpluff, L50, M|100/100
|switch|p2a: Jumpluff|Jumpluff, L50, F|100/100
|switch|p2b: Ursaluna|Ursaluna, L50, M|100/100
|turn|1
|inactive|glueck has 30 seconds left.
|inactive|glueck has 20 seconds left.
|
|t:|1756382612
|switch|p2b: Torkoal|Torkoal, L50, F|100/100
|-weather|SunnyDay|[from] ability: Drought|[of] p2b: Torkoal
|move|p2a: Jumpluff|Sleep Powder|p1a: Charizard
|-status|p1a: Charizard|slp|[from] move: Sleep Powder
|move|p1b: Jumpluff|Sleep Powder|p2b: Torkoal|[miss]
|-miss|p1b: Jumpluff|p2b: Torkoal
|cant|p1a: Charizard|slp
|
|-weather|SunnyDay|[upkeep]
|-damage|p1a: Charizard|88/100 slp|[from] ability: Solar Power|[of] p1a: Charizard
|upkeep
|turn|2
|
|t:|1756382630
|switch|p2a: Ursaluna|Ursaluna, L50, M|100/100
|move|p2b: Torkoal|Protect|p2b: Torkoal
|-singleturn|p2b: Torkoal|Protect
|move|p1b: Jumpluff|Sleep Powder|p2b: Torkoal
|-activate|p2b: Torkoal|move: Protect
|cant|p1a: Charizard|slp
|
|-weather|SunnyDay|[upkeep]
|-damage|p1a: Charizard|76/100 slp|[from] ability: Solar Power|[of] p1a: Charizard
|-status|p2a: Ursaluna|brn|[from] item: Flame Orb
|upkeep
|turn|3
|
|t:|1756382649
|move|p1b: Jumpluff|Sleep Powder|p2b: Torkoal
|-status|p2b: Torkoal|slp|[from] move: Sleep Powder
|-curestatus|p1a: Charizard|slp|[msg]
|move|p1a: Charizard|Heat Wave|p2a: Ursaluna|[spread] p2a
|-miss|p1a: Charizard|p2b: Torkoal
|-damage|p2a: Ursaluna|2/100 brn
|move|p2a: Ursaluna|Facade|p1a: Charizard
|-damage|p1a: Charizard|0 fnt
|faint|p1a: Charizard
|cant|p2b: Torkoal|slp
|
|-weather|SunnyDay|[upkeep]
|-damage|p2a: Ursaluna|0 fnt|[from] brn
|faint|p2a: Ursaluna
|upkeep
|
|t:|1756382662
|switch|p1a: Incineroar|Incineroar, L50, M|100/100
|switch|p2a: Jumpluff|Jumpluff, L50, F|100/100
|-ability|p1a: Incineroar|Intimidate|boost
|-unboost|p2a: Jumpluff|atk|1
|-unboost|p2b: Torkoal|atk|1
|-enditem|p2b: Torkoal|Eject Pack
|
|t:|1756382668
|switch|p2b: Incineroar|Incineroar, L50, F|100/100
|-ability|p2b: Incineroar|Intimidate|boost
|-unboost|p1a: Incineroar|atk|1
|-unboost|p1b: Jumpluff|atk|1
|turn|4
|inactive|glueck has 30 seconds left.
|inactive|glueck has 20 seconds left.
|
|t:|1756382706
|switch|p2b: Torkoal|Torkoal, L50, F|100/100 slp
|move|p2a: Jumpluff|Sleep Powder|p1a: Incineroar
|-status|p1a: Incineroar|slp|[from] move: Sleep Powder
|move|p1b: Jumpluff|Sleep Powder|p2b: Torkoal|[miss]
|-miss|p1b: Jumpluff|p2b: Torkoal
|cant|p1a: Incineroar|slp
|
|-weather|SunnyDay|[upkeep]
|upkeep
|turn|5
|
|t:|1756382730
|move|p2a: Jumpluff|Rage Powder|p2a: Jumpluff
|-singleturn|p2a: Jumpluff|move: Rage Powder
|move|p1b: Jumpluff|Tailwind|p1b: Jumpluff
|-sidestart|p1: glueck|move: Tailwind
|-curestatus|p1a: Incineroar|slp|[msg]
|move|p1a: Incineroar|Flare Blitz|p2a: Jumpluff
|-supereffective|p2a: Jumpluff
|-damage|p2a: Jumpluff|0 fnt
|faint|p2a: Jumpluff
|-damage|p1a: Incineroar|71/100|[from] Recoil
|-curestatus|p2b: Torkoal|slp|[msg]
|move|p2b: Torkoal|Eruption|p1a: Incineroar|[spread] p1a,p1b
|-resisted|p1a: Incineroar
|-supereffective|p1b: Jumpluff
|-damage|p1a: Incineroar|37/100
|-damage|p1b: Jumpluff|0 fnt
|-enditem|p1a: Incineroar|Sitrus Berry|[eat]
|-heal|p1a: Incineroar|61/100|[from] item: Sitrus Berry
|faint|p1b: Jumpluff
|
|-weather|none
|upkeep
|
|t:|1756382741
|switch|p2a: Incineroar|Incineroar, L50, F|100/100
|switch|p1b: Torkoal|Torkoal, L50, F|100/100
|-ability|p2a: Incineroar|Intimidate|boost
|-unboost|p1a: Incineroar|atk|1
|-unboost|p1b: Torkoal|atk|1
|-weather|SunnyDay|[from] ability: Drought|[of] p1b: Torkoal
|turn|6
|inactive|glueck has 30 seconds left.
|
|t:|1756382773
|-terastallize|p2b: Torkoal|Fire
|move|p1b: Torkoal|Protect|p1b: Torkoal
|-singleturn|p1b: Torkoal|Protect
|move|p2a: Incineroar|Fake Out|p1b: Torkoal
|-activate|p1b: Torkoal|move: Protect
|move|p1a: Incineroar|Knock Off|p2b: Torkoal
|-damage|p2b: Torkoal|90/100
|move|p2b: Torkoal|Overheat|p1a: Incineroar
|-resisted|p1a: Incineroar
|-damage|p1a: Incineroar|2/100
|-unboost|p2b: Torkoal|spa|2
|
|-weather|SunnyDay|[upkeep]
|upkeep
|turn|7
|inactive|glueck has 30 seconds left.
|
|t:|1756382801
|-terastallize|p1b: Torkoal|Fire
|move|p1a: Incineroar|Flare Blitz|p2a: Incineroar
|-resisted|p2a: Incineroar
|-damage|p2a: Incineroar|83/100
|-damage|p1a: Incineroar|0 fnt|[from] Recoil
|faint|p1a: Incineroar
|move|p2a: Incineroar|Knock Off|p1b: Torkoal
|-crit|p1b: Torkoal
|-damage|p1b: Torkoal|53/100
|-enditem|p1b: Torkoal|Eject Pack|[from] move: Knock Off|[of] p2a: Incineroar
|move|p1b: Torkoal|Eruption|p2b: Torkoal|[spread] p2a,p2b
|-resisted|p2a: Incineroar
|-resisted|p2b: Torkoal
|-damage|p2a: Incineroar|58/100
|-damage|p2b: Torkoal|52/100
|move|p2b: Torkoal|Eruption|p1b: Torkoal
|-resisted|p1b: Torkoal
|-damage|p1b: Torkoal|28/100
|
|-weather|SunnyDay|[upkeep]
|upkeep
|turn|8
|
|t:|1756382821
|move|p2a: Incineroar|Knock Off|p1b: Torkoal
|-damage|p1b: Torkoal|7/100
|move|p1b: Torkoal|Overheat|p2a: Incineroar
|-resisted|p2a: Incineroar
|-damage|p2a: Incineroar|0 fnt
|-unboost|p1b: Torkoal|spa|2
|faint|p2a: Incineroar
|move|p2b: Torkoal|Overheat|p1b: Torkoal
|-resisted|p1b: Torkoal
|-damage|p1b: Torkoal|0 fnt
|-unboost|p2b: Torkoal|spa|2
|faint|p1b: Torkoal
|
|win|WarlogFV
|raw|glueck's rating: 1000 → 1000(+0 for losing)
|raw|WarlogFV's rating: 1045 → 1074(+29 for winning)
|l|☆WarlogFV
|player|p2|
