|j|☆natsukivgc
|j|☆Mr.CooperCR
|html|natsukivgcMr.CooperCR    
|uhtml|bestof|Game 1 of a best-of-3
|t:|1785301576
|gametype|doubles
|player|p1|natsukivgc|1|1101
|player|p2|Mr.CooperCR|misty|1109
|gen|9
|tier|[Gen 9 Champions] VGC 2026 Reg M-B (Bo3)
|rated|
|rule|Species Clause: Limit one of each Pokémon
|rule|Item Clause: Limit 1 of each item
|clearpoke
|poke|p1|Garchomp, L50, M|
|poke|p1|Venusaur, L50, F|
|poke|p1|Incineroar, L50, F|
|poke|p1|Charizard, L50, F|
|poke|p1|Toxapex, L50, M|
|poke|p1|Annihilape, L50, F|
|poke|p2|Floette-Eternal, L50, F|
|poke|p2|Gholdengo, L50|
|poke|p2|Hydreigon, L50, M|
|poke|p2|Whimsicott, L50, M|
|poke|p2|Staraptor, L50, M|
|poke|p2|Politoed, L50, F|
|teampreview|4
|showteam|p1|Garchomp||ChoiceScarf|RoughSkin|Earthquake,DragonClaw,StompingTantrum,RockSlide|Adamant||M|||50|]Venusaur||LifeOrb|Chlorophyll|SolarBeam,SludgeBomb,EarthPower,Protect|Modest||F|||50|]Incineroar||SitrusBerry|Intimidate|FlareBlitz,ThroatChop,FakeOut,PartingShot|Impish||F|||50|]Charizard||CharizarditeY|Blaze|HeatWave,WeatherBall,HelpingHand,Protect|Modest||F|||50|]Toxapex||Leftovers|Regenerator|Infestation,Toxic,WideGuard,BanefulBunker|Bold||M|||50|]Annihilape||FocusSash|Defiant|CloseCombat,PhantomForce,StealthRock,Protect|Jolly||F|||50|
|showteam|p2|Floette-Eternal||Floettite|FlowerVeil|Moonblast,DazzlingGleam,LightofRuin,Protect|Timid||F|||50|]Gholdengo||LifeOrb|GoodasGold|ShadowBall,MakeItRain,PowerGem,Protect|Timid|||||50|]Hydreigon||ChoiceScarf|Levitate|DracoMeteor,DarkPulse,EarthPower,Snarl|Timid||M|||50|]Whimsicott||FocusSash|Prankster|Moonblast,Tailwind,Charm,Protect|Timid||M|||50|]Staraptor||Staraptite|Intimidate|BraveBird,CloseCombat,Roost,Protect|Jolly||M|||50|]Politoed||SitrusBerry|Drizzle|MuddyWater,IceBeam,PerishSong,Protect|Calm||F|||50|
|inactive|Battle timer is ON: inactive players will automatically lose when time's up. (requested by Mr.CooperCR)
|inactive|natsukivgc has 60 seconds left.
|
|t:|1785301632
|teamsize|p1|4
|teamsize|p2|4
|start
|switch|p1a: Charizard|Charizard, L50, F|100/100
|switch|p1b: Toxapex|Toxapex, L50, M|100/100
|switch|p2a: Staraptor|Staraptor, L50, M|100/100
|switch|p2b: Whimsicott|Whimsicott, L50, M|100/100
|-ability|p2a: Staraptor|Intimidate|boost
|-unboost|p1a: Charizard|atk|1
|-unboost|p1b: Toxapex|atk|1
|turn|1
|inactive|Mr.CooperCR has 30 seconds left.
|
|t:|1785301663
|detailschange|p2a: Staraptor|Staraptor-Mega, L50, M
|-mega|p2a: Staraptor|Staraptor|Staraptite
|detailschange|p1a: Charizard|Charizard-Mega-Y, L50, F
|-mega|p1a: Charizard|Charizard|Charizardite Y
|-weather|SunnyDay|[from] ability: Drought|[of] p1a: Charizard
|move|p2a: Staraptor|Protect|p2a: Staraptor
|-singleturn|p2a: Staraptor|Protect
|move|p2b: Whimsicott|Tailwind|p2b: Whimsicott
|-sidestart|p2: Mr.CooperCR|move: Tailwind
|move|p1a: Charizard|Heat Wave|p2a: Staraptor|[spread] p2b
|-activate|p2a: Staraptor|move: Protect
|-supereffective|p2b: Whimsicott|1
|-enditem|p2b: Whimsicott|Focus Sash
|-damage|p2b: Whimsicott|1/100
|move|p1b: Toxapex|Toxic|p2a: Staraptor
|-activate|p2a: Staraptor|move: Protect
|
|-weather|SunnyDay|[upkeep]
|upkeep
|turn|2
|inactive|natsukivgc has 30 seconds left.
|
|t:|1785301693
|move|p2b: Whimsicott|Charm|p2a: Staraptor
|-boost|p2a: Staraptor|atk|2
|move|p2a: Staraptor|Brave Bird|p1a: Charizard
|-damage|p1a: Charizard|0 fnt
|faint|p1a: Charizard
|-damage|p2a: Staraptor|66/100|[from] Recoil
|move|p1b: Toxapex|Toxic|p2a: Staraptor
|-status|p2a: Staraptor|tox
|
|-weather|SunnyDay|[upkeep]
|-damage|p2a: Staraptor|60/100 tox|[from] psn
|upkeep
|
|t:|1785301713
|switch|p1a: Venusaur|Venusaur, L50, F|100/100
|turn|3
|
|t:|1785301733
|switch|p2b: Politoed|Politoed, L50, F|100/100
|-weather|RainDance|[from] ability: Drizzle|[of] p2b: Politoed
|move|p1a: Venusaur|Protect|p1a: Venusaur
|-singleturn|p1a: Venusaur|Protect
|move|p2a: Staraptor|Roost|p2a: Staraptor
|-heal|p2a: Staraptor|100/100 tox
|-singleturn|p2a: Staraptor|move: Roost
|move|p1b: Toxapex|Infestation|p2a: Staraptor
|-resisted|p2a: Staraptor|1
|-damage|p2a: Staraptor|98/100 tox
|-activate|p2a: Staraptor|move: Infestation|[of] p1b: Toxapex
|
|-weather|RainDance|[upkeep]
|-damage|p2a: Staraptor|86/100 tox|[from] psn
|-damage|p2a: Staraptor|74/100 tox|[from] move: Infestation|[partiallytrapped]
|upkeep
|turn|4
|
|t:|1785301756
|switch|p1a: Incineroar|Incineroar, L50, F|100/100
|-ability|p1a: Incineroar|Intimidate|boost
|-boost|p2a: Staraptor|atk|1
|-unboost|p2b: Politoed|atk|1
|move|p1b: Toxapex|Baneful Bunker|p1b: Toxapex
|-singleturn|p1b: Toxapex|move: Protect
|move|p2a: Staraptor|Brave Bird|p1a: Incineroar
|-damage|p1a: Incineroar|0 fnt
|faint|p1a: Incineroar
|-damage|p2a: Staraptor|37/100 tox|[from] Recoil
|move|p2b: Politoed|Perish Song|p2b: Politoed
|-start|p1b: Toxapex|perish3|[silent]
|-start|p2a: Staraptor|perish3|[silent]
|-start|p2b: Politoed|perish3|[silent]
|-fieldactivate|move: Perish Song
|
|-weather|RainDance|[upkeep]
|-damage|p2a: Staraptor|18/100 tox|[from] psn
|-damage|p2a: Staraptor|6/100 tox|[from] move: Infestation|[partiallytrapped]
|-start|p2a: Staraptor|perish3
|-start|p2b: Politoed|perish3
|-start|p1b: Toxapex|perish3
|-sideend|p2: Mr.CooperCR|move: Tailwind
|upkeep
|
|t:|1785301775
|switch|p1a: Venusaur|Venusaur, L50, F|100/100
|turn|5
|
|t:|1785301784
|move|p2a: Staraptor|Roost|p2a: Staraptor
|-heal|p2a: Staraptor|56/100 tox
|-singleturn|p2a: Staraptor|move: Roost
|move|p1a: Venusaur|Sludge Bomb|p2b: Politoed
|-damage|p2b: Politoed|54/100
|-status|p2b: Politoed|psn
|-damage|p1a: Venusaur|90/100|[from] item: Life Orb
|move|p2b: Politoed|Perish Song|p2b: Politoed
|-start|p1a: Venusaur|perish3|[silent]
|-fieldactivate|move: Perish Song
|move|p1b: Toxapex|Infestation|p2b: Politoed
|-damage|p2b: Politoed|51/100 psn
|-activate|p2b: Politoed|move: Infestation|[of] p1b: Toxapex
|
|-weather|RainDance|[upkeep]
|-damage|p2a: Staraptor|32/100 tox|[from] psn
|-damage|p2b: Politoed|39/100 psn|[from] psn
|-damage|p2a: Staraptor|20/100y tox|[from] move: Infestation|[partiallytrapped]
|-damage|p2b: Politoed|27/100 psn|[from] move: Infestation|[partiallytrapped]
|-start|p2a: Staraptor|perish2
|-start|p1a: Venusaur|perish3
|-start|p2b: Politoed|perish2
|-start|p1b: Toxapex|perish2
|upkeep
|-enditem|p2b: Politoed|Sitrus Berry|[eat]
|-heal|p2b: Politoed|52/100 psn|[from] item: Sitrus Berry
|turn|6
|-message|natsukivgc forfeited.
|
|win|Mr.CooperCR
