|j|☆Timothim Chalombre
|j|☆Kuribro
|html|Timothim ChalombreKuribro    
|uhtml|bestof|Game 2 of a best-of-3
|t:|1757911041
|gametype|doubles
|player|p1|Timothim Chalombre|caitlin|1091
|player|p2|Kuribro|170|1114
|gen|9
|tier|[Gen 9] VGC 2025 Reg H (Bo3)
|rated|
|rule|Species Clause: Limit one of each Pokémon
|rule|Item Clause: Limit 1 of each item
|clearpoke
|poke|p1|Klefki, L50, M|
|poke|p1|Sinistcha, L50|
|poke|p1|Annihilape, L50, F|
|poke|p1|Ursaluna-Bloodmoon, L50, M|
|poke|p1|Maushold-Four, L50|
|poke|p1|Arcanine-Hisui, L50, M|
|poke|p2|Pelipper, L50, F|
|poke|p2|Archaludon, L50, F|
|poke|p2|Amoonguss, L50, M|
|poke|p2|Incineroar, L50, M|
|poke|p2|Azumarill, L50, M|
|poke|p2|Porygon2, L50|
|teampreview|4
|showteam|p1|Klefki||LightClay|Prankster|DazzlingGleam,LightScreen,Reflect,MistyTerrain|||M|||50|,,,,,Water]Sinistcha||SitrusBerry|Hospitality|MatchaGotcha,LifeDew,RagePowder,TrickRoom||||||50|,,,,,Dark]Annihilape||Leftovers|Defiant|DrainPunch,RageFist,BulkUp,Protect|||F|||50|,,,,,Water]Ursaluna-Bloodmoon||AssaultVest|MindsEye|BloodMoon,EarthPower,HyperVoice,VacuumWave|||M|||50|,,,,,Electric]Maushold-Four||FocusSash|FriendGuard|BeatUp,FollowMe,Taunt,Protect||||||50|,,,,,Normal]Arcanine-Hisui||LoadedDice|Intimidate|FlareBlitz,RockBlast,ExtremeSpeed,Protect|||M|||50|,,,,,Water
|showteam|p2|Pelipper||FocusSash|Drizzle|WeatherBall,Hurricane,Tailwind,Protect|||F|||50|,,,,,Ghost]Archaludon||AssaultVest|Stamina|ElectroShot,DragonPulse,FlashCannon,BodyPress|||F|||50|,,,,,Bug]Amoonguss||CovertCloak|Regenerator|PollenPuff,RagePowder,Spore,Protect|||M|||50|,,,,,Psychic]Incineroar||SafetyGoggles|Intimidate|FakeOut,PartingShot,KnockOff,FlareBlitz|||M|||50|,,,,,Ghost]Azumarill||SitrusBerry|HugePower|AquaJet,PlayRough,BellyDrum,Protect|||M|||50|,,,,,Water]Porygon2||Eviolite|Download|TeraBlast,ShadowBall,TrickRoom,Recover||||||50|,,,,,Fighting
|inactive|Battle timer is ON: inactive players will automatically lose when time's up. (requested by Timothim Chalombre)
|
|t:|1757911092
|teamsize|p1|4
|teamsize|p2|4
|start
|switch|p1a: Ursaluna|Ursaluna-Bloodmoon, L50, M|100/100
|switch|p1b: Maushold|Maushold-Four, L50|100/100
|switch|p2a: Amoonguss|Amoonguss, L50, M|100/100
|switch|p2b: Pelipper|Pelipper, L50, F|100/100
|-weather|RainDance|[from] ability: Drizzle|[of] p2b: Pelipper
|turn|1
|inactive|Kuribro has 30 seconds left.
|
|t:|1757911118
|-terastallize|p1a: Ursaluna|Electric
|move|p1b: Maushold|Taunt|p2a: Amoonguss
|-start|p2a: Amoonguss|move: Taunt
|move|p2b: Pelipper|Tailwind|p2b: Pelipper
|-sidestart|p2: Kuribro|move: Tailwind
|cant|p2a: Amoonguss|move: Taunt|Spore
|move|p1a: Ursaluna|Hyper Voice|p2b: Pelipper|[spread] p2a,p2b
|-damage|p2a: Amoonguss|67/100
|-damage|p2b: Pelipper|30/100
|
|-weather|RainDance|[upkeep]
|upkeep
|turn|2
|
|t:|1757911133
|switch|p2a: Porygon2|Porygon2, L50|100/100
|-ability|p2a: Porygon2|Download|boost
|-boost|p2a: Porygon2|spa|1
|move|p1b: Maushold|Protect|p1b: Maushold
|-singleturn|p1b: Maushold|Protect
|move|p2b: Pelipper|Weather Ball|p1a: Ursaluna
|-damage|p1a: Ursaluna|62/100
|move|p1a: Ursaluna|Hyper Voice|p2b: Pelipper|[spread] p2a,p2b
|-damage|p2a: Porygon2|75/100
|-damage|p2b: Pelipper|0 fnt
|faint|p2b: Pelipper
|
|-weather|RainDance|[upkeep]
|upkeep
|
|t:|1757911151
|switch|p2b: Archaludon|Archaludon, L50, F|100/100
|turn|3
|inactive|Timothim Chalombre has 30 seconds left.
|inactive|Timothim Chalombre has 20 seconds left.
|inactive|Timothim Chalombre has 15 seconds left.
|inactive|Timothim Chalombre has 10 seconds left.
|
|t:|1757911197
|-terastallize|p2b: Archaludon|Bug
|move|p1b: Maushold|Follow Me|p1b: Maushold
|-singleturn|p1b: Maushold|move: Follow Me
|move|p2b: Archaludon|Electro Shot||[still]
|-prepare|p2b: Archaludon|Electro Shot
|-boost|p2b: Archaludon|spa|1
|-anim|p2b: Archaludon|Electro Shot|p1b: Maushold
|-damage|p1b: Maushold|33/100
|move|p2a: Porygon2|Tera Blast|p1b: Maushold
|-damage|p1b: Maushold|0 fnt
|faint|p1b: Maushold
|move|p1a: Ursaluna|Earth Power|p2b: Archaludon
|-resisted|p2b: Archaludon
|-damage|p2b: Archaludon|81/100
|-ability|p2b: Archaludon|Stamina|boost
|-boost|p2b: Archaludon|def|1
|
|-weather|RainDance|[upkeep]
|upkeep
|
|t:|1757911200
|switch|p1b: Sinistcha|Sinistcha, L50|100/100
|-heal|p1a: Ursaluna|87/100|[from] ability: Hospitality|[of] p1b: Sinistcha
|turn|4
|inactive|Kuribro has 30 seconds left.
|inactive|Kuribro has 20 seconds left.
|inactive|Kuribro has 15 seconds left.
|
|t:|1757911241
|switch|p2a: Amoonguss|Amoonguss, L50, M|100/100
|move|p2b: Archaludon|Dragon Pulse|p1a: Ursaluna
|-damage|p1a: Ursaluna|43/100
|move|p1a: Ursaluna|Blood Moon|p2b: Archaludon
|-damage|p2b: Archaludon|21/100
|-ability|p2b: Archaludon|Stamina|boost
|-boost|p2b: Archaludon|def|1
|move|p1b: Sinistcha|Matcha Gotcha|p2b: Archaludon|[spread] p2a,p2b
|-resisted|p2a: Amoonguss
|-resisted|p2b: Archaludon
|-damage|p2a: Amoonguss|95/100
|-damage|p2b: Archaludon|12/100
|-status|p2b: Archaludon|brn
|-ability|p2b: Archaludon|Stamina|boost
|-boost|p2b: Archaludon|def|1
|
|-weather|RainDance|[upkeep]
|-damage|p2b: Archaludon|6/100 brn|[from] brn
|-sideend|p2: Kuribro|move: Tailwind
|upkeep
|turn|5
|inactive|Kuribro has 30 seconds left.
|inactive|Kuribro has 20 seconds left.
|
|t:|1757911277
|move|p2a: Amoonguss|Protect|p2a: Amoonguss
|-singleturn|p2a: Amoonguss|Protect
|move|p2b: Archaludon|Dragon Pulse|p1a: Ursaluna
|-damage|p1a: Ursaluna|5/100
|move|p1a: Ursaluna|Earth Power|p2a: Amoonguss
|-activate|p2a: Amoonguss|move: Protect
|move|p1b: Sinistcha|Life Dew||[still]|[spread] p1a,p1b
|-heal|p1a: Ursaluna|30/100
|-fail|p1b: Sinistcha|heal
|
|-weather|none
|-damage|p2b: Archaludon|0 fnt|[from] brn
|faint|p2b: Archaludon
|upkeep
|
|t:|1757911281
|switch|p2b: Porygon2|Porygon2, L50|75/100
|-ability|p2b: Porygon2|Download|boost
|-boost|p2b: Porygon2|spa|1
|turn|6
|
|t:|1757911295
|move|p1a: Ursaluna|Blood Moon|p2a: Amoonguss
|-damage|p2a: Amoonguss|20/100
|move|p1b: Sinistcha|Life Dew||[still]|[spread] p1a,p1b
|-heal|p1a: Ursaluna|55/100
|-fail|p1b: Sinistcha|heal
|move|p2a: Amoonguss|Spore|p1a: Ursaluna
|-status|p1a: Ursaluna|slp|[from] move: Spore
|move|p2b: Porygon2|Trick Room|p2b: Porygon2
|-fieldstart|move: Trick Room|[of] p2b: Porygon2
|
|upkeep
|turn|7
|
|t:|1757911308
|move|p2a: Amoonguss|Pollen Puff|p2b: Porygon2
|-heal|p2b: Porygon2|100/100
|move|p2b: Porygon2|Shadow Ball|p1b: Sinistcha
|-supereffective|p1b: Sinistcha
|-damage|p1b: Sinistcha|21/100
|-enditem|p1b: Sinistcha|Sitrus Berry|[eat]
|-heal|p1b: Sinistcha|45/100|[from] item: Sitrus Berry
|move|p1b: Sinistcha|Matcha Gotcha|p2a: Amoonguss|[spread] p2a,p2b
|-resisted|p2a: Amoonguss
|-damage|p2a: Amoonguss|14/100
|-heal|p1b: Sinistcha|49/100|[from] drain|[of] p2a: Amoonguss
|-damage|p2b: Porygon2|84/100
|-heal|p1b: Sinistcha|58/100|[from] drain|[of] p2b: Porygon2
|cant|p1a: Ursaluna|slp
|
|upkeep
|turn|8
|
|t:|1757911327
|move|p2a: Amoonguss|Protect|p2a: Amoonguss
|-singleturn|p2a: Amoonguss|Protect
|move|p2b: Porygon2|Shadow Ball|p1b: Sinistcha
|-supereffective|p1b: Sinistcha
|-damage|p1b: Sinistcha|0 fnt
|faint|p1b: Sinistcha
|cant|p1a: Ursaluna|slp
|
|upkeep
|
|t:|1757911340
|switch|p1b: Annihilape|Annihilape, L50, F|100/100
|turn|9
|
|t:|1757911351
|move|p1b: Annihilape|Protect|p1b: Annihilape
|-singleturn|p1b: Annihilape|Protect
|move|p2a: Amoonguss|Spore|p1b: Annihilape
|-activate|p1b: Annihilape|move: Protect
|move|p2b: Porygon2|Tera Blast|p1a: Ursaluna
|-damage|p1a: Ursaluna|12/100 slp
|cant|p1a: Ursaluna|slp
|
|upkeep
|turn|10
|
|t:|1757911366
|move|p1b: Annihilape|Protect|p1b: Annihilape
|-singleturn|p1b: Annihilape|Protect
|move|p2a: Amoonguss|Spore|p1b: Annihilape
|-activate|p1b: Annihilape|move: Protect
|move|p2b: Porygon2|Tera Blast|p1a: Ursaluna
|-damage|p1a: Ursaluna|0 fnt
|faint|p1a: Ursaluna
|
|-fieldend|move: Trick Room
|upkeep
|turn|11
|
|t:|1757911384
|move|p2a: Amoonguss|Protect|p2a: Amoonguss
|-singleturn|p2a: Amoonguss|Protect
|move|p1b: Annihilape|Bulk Up|p1b: Annihilape
|-boost|p1b: Annihilape|atk|1
|-boost|p1b: Annihilape|def|1
|move|p2b: Porygon2|Trick Room|p2b: Porygon2
|-fieldstart|move: Trick Room|[of] p2b: Porygon2
|
|upkeep
|turn|12
|
|t:|1757911391
|move|p1b: Annihilape|Protect|p1b: Annihilape
|-singleturn|p1b: Annihilape|Protect
|move|p2a: Amoonguss|Spore|p1b: Annihilape
|-activate|p1b: Annihilape|move: Protect
|move|p2b: Porygon2|Shadow Ball|p1b: Annihilape
|-activate|p1b: Annihilape|move: Protect
|
|upkeep
|turn|13
|
|t:|1757911395
|move|p1b: Annihilape|Protect||[still]
|-fail|p1b: Annihilape
|move|p2a: Amoonguss|Spore|p1b: Annihilape
|-status|p1b: Annihilape|slp|[from] move: Spore
|move|p2b: Porygon2|Shadow Ball|p1b: Annihilape
|-supereffective|p1b: Annihilape
|-damage|p1b: Annihilape|38/100 slp
|-unboost|p1b: Annihilape|spd|1
|-ability|p1b: Annihilape|Defiant|boost
|-boost|p1b: Annihilape|atk|2
|
|-heal|p1b: Annihilape|44/100 slp|[from] item: Leftovers
|upkeep
|turn|14
|
|t:|1757911404
|move|p2a: Amoonguss|Pollen Puff|p2b: Porygon2
|-heal|p2b: Porygon2|100/100
|move|p2b: Porygon2|Shadow Ball|p1b: Annihilape
|-supereffective|p1b: Annihilape
|-damage|p1b: Annihilape|0 fnt
|faint|p1b: Annihilape
|
|win|Kuribro
||Timothim Chalombre is ready for game 3.
||Kuribro is ready for game 3.
|uhtml|next|Next: Game 3 of 3
