|j|☆freedondozo
|j|☆is_katabo
|html|freedondozois_katabo    
|uhtml|bestof|Game 3 of a best-of-3
|t:|1785618464
|gametype|doubles
|player|p1|freedondozo|rosa-pokestar3|1188
|player|p2|is_katabo|youngster-gen4dp|1332
|gen|9
|tier|[Gen 9 Champions] VGC 2026 Reg M-B (Bo3)
|rated|
|rule|Species Clause: Limit one of each Pokémon
|rule|Item Clause: Limit 1 of each item
|clearpoke
|poke|p1|Floette-Eternal, L50, F|
|poke|p1|Maushold-Four, L50|
|poke|p1|Basculegion, L50, M|
|poke|p1|Incineroar, L50, F|
|poke|p1|Delphox, L50, F|
|poke|p1|Garchomp, L50, F|
|poke|p2|Skeledirge, L50, M|
|poke|p2|Grimmsnarl, L50, M|
|poke|p2|Venusaur, L50, M|
|poke|p2|Gyarados, L50, M|
|poke|p2|Maushold, L50|
|poke|p2|Dragonite, L50, F|
|teampreview|4
|showteam|p1|Floette-Eternal||Floettite|FlowerVeil|Protect,Moonblast,DrainingKiss,CalmMind|Modest||F|||50|]Maushold-Four||ChopleBerry|FriendGuard|Protect,FollowMe,Feint,SuperFang|Impish|||||50|]Basculegion||FocusSash|Adaptability|Protect,Liquidation,LastRespects,AquaJet|Jolly||M|||50|]Incineroar||PasshoBerry|Intimidate|FlareBlitz,DarkestLariat,FakeOut,PartingShot|Careful||F|||50|]Delphox||Delphoxite|Blaze|Protect,HeatWave,Psyshock,NastyPlot|Timid||F|||50|]Garchomp||LifeOrb|RoughSkin|Protect,DragonClaw,Earthquake,RockSlide|Jolly||F|||50|
|showteam|p2|Skeledirge||PasshoBerry|Unaware|TorchSong,ShadowBall,WillOWisp,Protect|Bold||M|||50|]Grimmsnarl||LightClay|Prankster|SpiritBreak,Reflect,LightScreen,PartingShot|Careful||M|||50|]Venusaur||Venusaurite|Overgrow|GigaDrain,SludgeBomb,EarthPower,Protect|Calm||M|||50|]Gyarados||Gyaradosite|Intimidate|Waterfall,LashOut,DragonDance,Protect|Jolly||M|||50|]Maushold||FocusSash|FriendGuard|SuperFang,FollowMe,Encore,Protect|Timid|||||50|]Dragonite||LifeOrb|InnerFocus|DragonClaw,ExtremeSpeed,LowKick,Protect|Adamant||F|||50|
|
|t:|1785618489
|teamsize|p1|4
|teamsize|p2|4
|start
|switch|p1a: Delphox|Delphox, L50, F|100/100
|switch|p1b: Garchomp|Garchomp, L50, F|100/100
|switch|p2a: Skeledirge|Skeledirge, L50, M|100/100
|switch|p2b: Grimmsnarl|Grimmsnarl, L50, M|100/100
|turn|1
|
|t:|1785618507
|switch|p2a: Gyarados|Gyarados, L50, M|100/100
|-ability|p2a: Gyarados|Intimidate|boost
|-unboost|p1a: Delphox|atk|1
|-unboost|p1b: Garchomp|atk|1
|detailschange|p1a: Delphox|Delphox-Mega, L50, F
|-mega|p1a: Delphox|Delphox|Delphoxite
|move|p2b: Grimmsnarl|Light Screen|p2b: Grimmsnarl
|-sidestart|p2: is_katabo|move: Light Screen
|move|p1a: Delphox|Psyshock|p2a: Gyarados
|-damage|p2a: Gyarados|67/100
|move|p1b: Garchomp|Earthquake|p2a: Gyarados|[spread] p2b
|-immune|p1a: Delphox|[from] ability: Levitate
|-immune|p2a: Gyarados
|-damage|p2b: Grimmsnarl|65/100
|-damage|p1b: Garchomp|90/100|[from] item: Life Orb
|
|upkeep
|turn|2
|
|t:|1785618533
|switch|p1a: Incineroar|Incineroar, L50, F|100/100
|-ability|p1a: Incineroar|Intimidate|boost
|-unboost|p2a: Gyarados|atk|1
|-unboost|p2b: Grimmsnarl|atk|1
|move|p2a: Gyarados|Protect|p2a: Gyarados
|-singleturn|p2a: Gyarados|Protect
|move|p2b: Grimmsnarl|Reflect|p2b: Grimmsnarl
|-sidestart|p2: is_katabo|Reflect
|move|p1b: Garchomp|Dragon Claw|p2a: Gyarados
|-activate|p2a: Gyarados|move: Protect
|
|upkeep
|turn|3
|
|t:|1785618546
|switch|p1b: Delphox|Delphox-Mega, L50, F|100/100
|detailschange|p2a: Gyarados|Gyarados-Mega, L50, M
|-mega|p2a: Gyarados|Gyarados|Gyaradosite
|-ability|p2a: Gyarados|Mold Breaker
|move|p2b: Grimmsnarl|Parting Shot|p1b: Delphox
|-unboost|p1b: Delphox|atk|1
|-unboost|p1b: Delphox|spa|1
|
|t:|1785618558
|switch|p2b: Maushold|Maushold, L50|100/100|[from] Parting Shot
|move|p2a: Gyarados|Lash Out|p1b: Delphox
|-supereffective|p1b: Delphox|1
|-damage|p1b: Delphox|28/100
|move|p1a: Incineroar|Parting Shot|p2a: Gyarados
|-unboost|p2a: Gyarados|atk|1
|-unboost|p2a: Gyarados|spa|1
|
|t:|1785618578
|switch|p1a: Garchomp|Garchomp, L50, F|90/100|[from] Parting Shot
|
|upkeep
|turn|4
|
|t:|1785618612
|move|p1b: Delphox|Heat Wave|p2a: Gyarados|[spread] p2a,p2b
|-resisted|p2a: Gyarados|1
|-damage|p2a: Gyarados|63/100
|-damage|p2b: Maushold|78/100
|move|p2b: Maushold|Super Fang|p1a: Garchomp
|-damage|p1a: Garchomp|45/100
|-damage|p2b: Maushold|65/100|[from] ability: Rough Skin|[of] p1a: Garchomp
|move|p1a: Garchomp|Earthquake|p2b: Maushold|[spread] p2a,p2b
|-immune|p1b: Delphox|[from] ability: Levitate
|-damage|p2a: Gyarados|42/100
|-damage|p2b: Maushold|20/100y
|-damage|p1a: Garchomp|35/100|[from] item: Life Orb
|move|p2a: Gyarados|Dragon Dance|p2a: Gyarados
|-boost|p2a: Gyarados|atk|1
|-boost|p2a: Gyarados|spe|1
|
|upkeep
|turn|5
|
|t:|1785618643
|switch|p1b: Incineroar|Incineroar, L50, F|100/100
|-ability|p1b: Incineroar|Intimidate|boost
|-unboost|p2a: Gyarados|atk|1
|-unboost|p2b: Maushold|atk|1
|move|p1a: Garchomp|Protect|p1a: Garchomp
|-singleturn|p1a: Garchomp|Protect
|move|p2a: Gyarados|Waterfall|p1a: Garchomp
|-activate|p1a: Garchomp|move: Protect
|move|p2b: Maushold|Encore||[still]
|-fail|p2b: Maushold
|
|upkeep
|turn|6
|
|t:|1785618658
|move|p1b: Incineroar|Fake Out|p2b: Maushold
|-damage|p2b: Maushold|11/100
|move|p2a: Gyarados|Waterfall|p1a: Garchomp
|-damage|p1a: Garchomp|13/100
|-damage|p2a: Gyarados|30/100|[from] ability: Rough Skin|[of] p1a: Garchomp
|cant|p2b: Maushold|flinch
|move|p1a: Garchomp|Earthquake|p2a: Gyarados|[spread] p1b,p2a,p2b
|-supereffective|p1b: Incineroar|1
|-damage|p1b: Incineroar|0 fnt
|-damage|p2a: Gyarados|7/100
|-damage|p2b: Maushold|0 fnt
|faint|p1b: Incineroar
|faint|p2b: Maushold
|-damage|p1a: Garchomp|3/100|[from] item: Life Orb
|
|upkeep
|
|t:|1785618672
|switch|p2b: Skeledirge|Skeledirge, L50, M|100/100
|switch|p1b: Delphox|Delphox-Mega, L50, F|28/100
|turn|7
|
|t:|1785618681
|move|p2b: Skeledirge|Protect|p2b: Skeledirge
|-singleturn|p2b: Skeledirge|Protect
|move|p2a: Gyarados|Waterfall|p1b: Delphox
|-supereffective|p1b: Delphox|1
|-damage|p1b: Delphox|0 fnt
|faint|p1b: Delphox
|move|p1a: Garchomp|Earthquake|p2b: Skeledirge|[spread] p2a
|-activate|p2b: Skeledirge|move: Protect
|-damage|p2a: Gyarados|0 fnt
|faint|p2a: Gyarados
|-damage|p1a: Garchomp|0 fnt|[from] item: Life Orb
|faint|p1a: Garchomp
|
|upkeep
|
|t:|1785618687
|switch|p1b: Basculegion|Basculegion, L50, M|100/100
|switch|p2a: Grimmsnarl|Grimmsnarl, L50, M|65/100
|turn|8
|
|t:|1785618693
|move|p1b: Basculegion|Last Respects|p2b: Skeledirge
|-supereffective|p2b: Skeledirge|1
|-damage|p2b: Skeledirge|0 fnt
|faint|p2b: Skeledirge
|move|p2a: Grimmsnarl|Spirit Break|p1b: Basculegion
|-damage|p1b: Basculegion|61/100
|-unboost|p1b: Basculegion|spa|1
|
|-sideend|p2: is_katabo|move: Light Screen
|upkeep
|turn|9
|
|t:|1785618698
|move|p1b: Basculegion|Protect|p1b: Basculegion
|-singleturn|p1b: Basculegion|Protect
|move|p2a: Grimmsnarl|Spirit Break|p1b: Basculegion
|-activate|p1b: Basculegion|move: Protect
|
|-sideend|p2: is_katabo|Reflect
|upkeep
|turn|10
|
|t:|1785618702
|move|p1b: Basculegion|Liquidation|p2a: Grimmsnarl
|-damage|p2a: Grimmsnarl|11/100
|move|p2a: Grimmsnarl|Spirit Break|p1b: Basculegion
|-damage|p1b: Basculegion|23/100
|-unboost|p1b: Basculegion|spa|1
|
|upkeep
|turn|11
|
|t:|1785618707
|move|p1b: Basculegion|Liquidation|p2a: Grimmsnarl
|-damage|p2a: Grimmsnarl|0 fnt
|faint|p2a: Grimmsnarl
|
|win|freedondozo
|raw|freedondozo's rating: 1188 → 1223(+35 for winning)
|raw|is_katabo's rating: 1332 → 1304(-28 for losing)
|l|☆freedondozo
|player|p1|
