|j|☆Cheezewomanz
|j|☆lurkiyo
|html|Cheezewomanzlurkiyo    
|uhtml|bestof|Game 3 of a best-of-3
|t:|1784402889
|gametype|doubles
|player|p1|Cheezewomanz|169|
|player|p2|lurkiyo|2|
|gen|9
|tier|[Gen 9 Champions] VGC 2026 Reg M-B (Bo3)
|rule|Species Clause: Limit one of each Pokémon
|rule|Item Clause: Limit 1 of each item
|clearpoke
|poke|p1|Sableye, L50, M|
|poke|p1|Milotic, L50, M|
|poke|p1|Kingambit, L50, M|
|poke|p1|Hydreigon, L50, F|
|poke|p1|Tinkaton, L50, F|
|poke|p1|Bellibolt, L50, F|
|poke|p2|Pelipper, L50, F|
|poke|p2|Zoroark-Hisui, L50, F|
|poke|p2|Eelektross, L50, M|
|poke|p2|Toxapex, L50, F|
|poke|p2|Corviknight, L50, F|
|poke|p2|Archaludon, L50, F|
|teampreview|4
|showteam|p1|Sableye||Sablenite|KeenEye|WillOWisp,Recover,KnockOff,Taunt|Impish||M|||50|]Milotic||Leftovers|MarvelScale|Scald,Recover,IceBeam,Haze|Bold||M|||50|]Kingambit||BlackGlasses|SupremeOverlord|SuckerPunch,IronHead,Protect,KowtowCleave|Adamant||M|||50|]Hydreigon||ChoiceScarf|Levitate|DarkPulse,DracoMeteor,Flamethrower,Protect|Timid||F|||50|]Tinkaton||ShucaBerry|MoldBreaker|FakeOut,GigatonHammer,KnockOff,Protect|Careful||F|||50|]Bellibolt||SitrusBerry|Electromorphosis|Thunder,VoltSwitch,SlackOff,Protect|Bold||F|||50|
|showteam|p2|Pelipper||DampRock|Drizzle|Tailwind,Hurricane,WeatherBall,WideGuard|Modest||F|||50|]Zoroark-Hisui||ChoiceScarf|Illusion|BitterMalice,Protect,Taunt,Trick|Timid||F|||50|]Eelektross||Eelektrossite|Levitate|Protect,Thunder,VoltSwitch,StompingTantrum|Timid||M|||50|]Toxapex||Leftovers|Regenerator|BanefulBunker,Recover,ChillingWater,Haze|Bold||F|||50|]Corviknight||OccaBerry|MirrorArmor|Tailwind,Uturn,IronDefense,BodyPress|Calm||F|||50|]Archaludon||ChopleBerry|Stamina|DragonPulse,ElectroShot,FlashCannon,Protect|Timid||F|||50|
|
|t:|1784402943
|teamsize|p1|4
|teamsize|p2|4
|start
|switch|p1a: Tinkaton|Tinkaton, L50, F|100/100
|switch|p1b: Hydreigon|Hydreigon, L50, F|100/100
|switch|p2a: Pelipper|Pelipper, L50, F|100/100
|switch|p2b: Archaludon|Archaludon, L50, F|100/100
|-ability|p1a: Tinkaton|Mold Breaker
|-weather|RainDance|[from] ability: Drizzle|[of] p2a: Pelipper
|turn|1
|
|t:|1784402991
|switch|p1b: Kingambit|Kingambit, L50, M|100/100
|move|p2b: Archaludon|Protect|p2b: Archaludon
|-singleturn|p2b: Archaludon|Protect
|move|p1a: Tinkaton|Fake Out|p2b: Archaludon
|-activate|p2b: Archaludon|move: Protect
|move|p2a: Pelipper|Tailwind|p2a: Pelipper
|-sidestart|p2: lurkiyo|move: Tailwind
|
|-weather|RainDance|[upkeep]
|upkeep
|turn|2
|
|t:|1784403024
|move|p1a: Tinkaton|Protect|p1a: Tinkaton
|-singleturn|p1a: Tinkaton|Protect
|move|p2a: Pelipper|Wide Guard|p2a: Pelipper
|-singleturn|p2a: Pelipper|Wide Guard
|move|p1b: Kingambit|Sucker Punch|p2b: Archaludon
|-crit|p2b: Archaludon
|-damage|p2b: Archaludon|38/100
|-ability|p2b: Archaludon|Stamina|boost
|-boost|p2b: Archaludon|def|1
|move|p2b: Archaludon|Electro Shot||[still]
|-prepare|p2b: Archaludon|Electro Shot
|-boost|p2b: Archaludon|spa|1
|-anim|p2b: Archaludon|Electro Shot|p1b: Kingambit
|-crit|p1b: Kingambit
|-damage|p1b: Kingambit|0 fnt
|faint|p1b: Kingambit
|-end|p1b: Kingambit|fallenundefined|[silent]
|
|-weather|RainDance|[upkeep]
|upkeep
|
|t:|1784403043
|switch|p1b: Hydreigon|Hydreigon, L50, F|100/100
|turn|3
|
|t:|1784403061
|move|p1b: Hydreigon|Protect|p1b: Hydreigon
|-singleturn|p1b: Hydreigon|Protect
|move|p2b: Archaludon|Dragon Pulse|p1b: Hydreigon
|-activate|p1b: Hydreigon|move: Protect
|move|p2a: Pelipper|Weather Ball|p1a: Tinkaton
|-damage|p1a: Tinkaton|56/100
|move|p1a: Tinkaton|Knock Off|p2a: Pelipper
|-damage|p2a: Pelipper|79/100
|-enditem|p2a: Pelipper|Damp Rock|[from] move: Knock Off|[of] p1a: Tinkaton
|
|-weather|RainDance|[upkeep]
|upkeep
|turn|4
|j| MZMG
|c| MZMG|What's good chat
|
|t:|1784403114
|switch|p1b: Bellibolt|Bellibolt, L50, F|100/100
|move|p2b: Archaludon|Protect|p2b: Archaludon
|-singleturn|p2b: Archaludon|Protect
|move|p2a: Pelipper|Hurricane|p1b: Bellibolt
|-resisted|p1b: Bellibolt|1
|-damage|p1b: Bellibolt|74/100
|-start|p1b: Bellibolt|Charge|Hurricane|[from] ability: Electromorphosis
|move|p1a: Tinkaton|Gigaton Hammer|p2b: Archaludon
|-activate|p2b: Archaludon|move: Protect
|
|-weather|RainDance|[upkeep]
|-sideend|p2: lurkiyo|move: Tailwind
|upkeep
|turn|5
|c|☆lurkiyo|yo
|
|t:|1784403157
|move|p1a: Tinkaton|Protect|p1a: Tinkaton
|-singleturn|p1a: Tinkaton|Protect
|move|p2b: Archaludon|Electro Shot||[still]
|-prepare|p2b: Archaludon|Electro Shot
|-boost|p2b: Archaludon|spa|1
|-anim|p2b: Archaludon|Electro Shot|p1a: Tinkaton
|-activate|p1a: Tinkaton|move: Protect
|move|p2a: Pelipper|Tailwind|p2a: Pelipper
|-sidestart|p2: lurkiyo|move: Tailwind
|move|p1b: Bellibolt|Thunder|p2b: Archaludon
|-resisted|p2b: Archaludon|1
|-damage|p2b: Archaludon|0 fnt
|faint|p2b: Archaludon
|-end|p1b: Bellibolt|Charge|[silent]
|
|-weather|RainDance|[upkeep]
|upkeep
|
|t:|1784403173
|switch|p2b: Eelektross|Eelektross, L50, M|100/100
|turn|6
|
|t:|1784403191
|switch|p1a: Hydreigon|Hydreigon, L50, F|100/100
|detailschange|p2b: Eelektross|Eelektross-Mega, L50, M
|-mega|p2b: Eelektross|Eelektross|Eelektrossite
|move|p2b: Eelektross|Thunder|p1a: Hydreigon
|-resisted|p1a: Hydreigon|1
|-damage|p1a: Hydreigon|67/100
|-status|p1a: Hydreigon|par
|move|p2a: Pelipper|Weather Ball|p1b: Bellibolt
|-damage|p1b: Bellibolt|6/100
|-start|p1b: Bellibolt|Charge|Weather Ball|[from] ability: Electromorphosis
|-enditem|p1b: Bellibolt|Sitrus Berry|[eat]
|-heal|p1b: Bellibolt|31/100|[from] item: Sitrus Berry
|move|p1b: Bellibolt|Thunder|p2a: Pelipper
|-supereffective|p2a: Pelipper|2
|-damage|p2a: Pelipper|0 fnt
|faint|p2a: Pelipper
|-end|p1b: Bellibolt|Charge|[silent]
|
|-weather|RainDance|[upkeep]
|upkeep
|
|t:|1784403207
|switch|p2a: Corviknight|Corviknight, L50, F|100/100
|turn|7
|
|t:|1784403261
|move|p2b: Eelektross|Thunder|p1a: Hydreigon
|-resisted|p1a: Hydreigon|1
|-crit|p1a: Hydreigon
|-damage|p1a: Hydreigon|16/100 par
|move|p2a: Corviknight|Iron Defense|p2a: Corviknight
|-boost|p2a: Corviknight|def|2
|move|p1a: Hydreigon|Flamethrower|p2a: Corviknight
|-supereffective|p2a: Corviknight|1
|-enditem|p2a: Corviknight|Occa Berry|[eat]
|-enditem|p2a: Corviknight|Occa Berry|[weaken]
|-damage|p2a: Corviknight|90/100
|move|p1b: Bellibolt|Volt Switch|p2a: Corviknight
|-supereffective|p2a: Corviknight|1
|-damage|p2a: Corviknight|55/100
|
|t:|1784403276
|switch|p1b: Tinkaton|Tinkaton, L50, F|56/100|[from] Volt Switch
|-ability|p1b: Tinkaton|Mold Breaker
|
|-weather|RainDance|[upkeep]
|upkeep
|turn|8
|
|t:|1784403321
|switch|p1a: Bellibolt|Bellibolt, L50, F|31/100
|move|p1b: Tinkaton|Fake Out|p2b: Eelektross
|-damage|p2b: Eelektross|90/100
|cant|p2b: Eelektross|flinch
|move|p2a: Corviknight|Body Press|p1a: Bellibolt
|-damage|p1a: Bellibolt|6/100
|-start|p1a: Bellibolt|Charge|Body Press|[from] ability: Electromorphosis
|
|-weather|none
|-sideend|p2: lurkiyo|move: Tailwind
|upkeep
|turn|9
|
|t:|1784403371
|move|p2b: Eelektross|Volt Switch|p1a: Bellibolt
|-resisted|p1a: Bellibolt|1
|-damage|p1a: Bellibolt|0 fnt
|faint|p1a: Bellibolt
|-ability|p2b: Eelektross|Eelevate|boost
|-boost|p2b: Eelektross|spa|1
|move|p1b: Tinkaton|Gigaton Hammer|p2b: Eelektross
|-resisted|p2b: Eelektross|1
|-damage|p2b: Eelektross|60/100
|move|p2a: Corviknight|Tailwind|p2a: Corviknight
|-sidestart|p2: lurkiyo|move: Tailwind
|
|upkeep
|
|t:|1784403385
|switch|p1a: Hydreigon|Hydreigon, L50, F|16/100 par
|turn|10
|l| MZMG
|
|t:|1784403397
|move|p1b: Tinkaton|Protect|p1b: Tinkaton
|-singleturn|p1b: Tinkaton|Protect
|move|p2b: Eelektross|Thunder|p1b: Tinkaton
|-activate|p1b: Tinkaton|move: Protect
|move|p2a: Corviknight|Body Press|p1a: Hydreigon
|-supereffective|p1a: Hydreigon|1
|-damage|p1a: Hydreigon|0 fnt
|faint|p1a: Hydreigon
|
|upkeep
|turn|11
|
|t:|1784403426
|move|p2b: Eelektross|Stomping Tantrum|p1b: Tinkaton
|-supereffective|p1b: Tinkaton|1
|-enditem|p1b: Tinkaton|Shuca Berry|[eat]
|-enditem|p1b: Tinkaton|Shuca Berry|[weaken]
|-damage|p1b: Tinkaton|31/100
|move|p2a: Corviknight|Body Press|p1b: Tinkaton
|-damage|p1b: Tinkaton|0 fnt
|faint|p1b: Tinkaton
|
|win|lurkiyo
