|j|☆Gen4lover2
|j|☆jgm1234
|html|Gen4lover2jgm1234    
|uhtml|bestof|Game 2 of a best-of-3
|t:|1785842404
|gametype|doubles
|player|p1|Gen4lover2|wallace|1297
|player|p2|jgm1234|emmet|1244
|gen|9
|tier|[Gen 9 Champions] VGC 2026 Reg M-B (Bo3)
|rated|
|rule|Species Clause: Limit one of each Pokémon
|rule|Item Clause: Limit 1 of each item
|clearpoke
|poke|p1|Tyranitar, L50, M|
|poke|p1|Excadrill, L50, F|
|poke|p1|Staraptor, L50, F|
|poke|p1|Milotic, L50, F|
|poke|p1|Gholdengo, L50|
|poke|p1|Sinistcha-Masterpiece, L50|
|poke|p2|Charizard, L50, F|
|poke|p2|Toxapex, L50, F|
|poke|p2|Incineroar, L50, F|
|poke|p2|Annihilape, L50, F|
|poke|p2|Garchomp, L50, F|
|poke|p2|Venusaur, L50, M|
|teampreview|4
|showteam|p1|Tyranitar||Tyranitarite|SandStream|RockSlide,KnockOff,LowKick,Protect|Adamant||M|||50|]Excadrill||FocusSash|SandRush|HighHorsepower,IronHead,RockSlide,Protect|Adamant||F|||50|]Staraptor||Staraptite|Intimidate|BraveBird,CloseCombat,Tailwind,Protect|Jolly||F|||50|]Milotic||SitrusBerry|Competitive|Scald,IceBeam,Recover,Protect|Modest||F|||50|]Gholdengo||LifeOrb|GoodasGold|MakeItRain,ShadowBall,NastyPlot,Protect|Modest|||||50|]Sinistcha-Masterpiece||ColburBerry|Hospitality|MatchaGotcha,RagePowder,TrickRoom,Protect|Relaxed|||||50|
|showteam|p2|Charizard||CharizarditeY|Blaze|HeatWave,WeatherBall,HelpingHand,Protect|Timid||F|||50|]Toxapex||Leftovers|Regenerator|Infestation,Toxic,WideGuard,BanefulBunker|Sassy||F|||50|]Incineroar||SitrusBerry|Intimidate|ThroatChop,FlareBlitz,FakeOut,PartingShot|Impish||F|||50|]Annihilape||FocusSash|Defiant|PhantomForce,CloseCombat,RockTomb,Protect|Jolly||F|||50|]Garchomp||ChoiceScarf|RoughSkin|Earthquake,StompingTantrum,DragonClaw,RockTomb|Adamant||F|||50|]Venusaur||LifeOrb|Chlorophyll|SolarBeam,SludgeBomb,EarthPower,Protect|Modest||M|||50|
|inactive|Battle timer is ON: inactive players will automatically lose when time's up. (requested by Gen4lover2)
|
|t:|1785842430
|teamsize|p1|4
|teamsize|p2|4
|start
|switch|p1a: Staraptor|Staraptor, L50, F|100/100
|switch|p1b: Gholdengo|Gholdengo, L50|100/100
|switch|p2a: Garchomp|Garchomp, L50, F|100/100
|switch|p2b: Toxapex|Toxapex, L50, F|100/100
|-ability|p1a: Staraptor|Intimidate|boost
|-unboost|p2a: Garchomp|atk|1
|-unboost|p2b: Toxapex|atk|1
|turn|1
|inactive|Gen4lover2 has 30 seconds left.
|inactive|Gen4lover2 has 20 seconds left.
|
|t:|1785842469
|detailschange|p1a: Staraptor|Staraptor-Mega, L50, F
|-mega|p1a: Staraptor|Staraptor|Staraptite
|move|p1b: Gholdengo|Protect|p1b: Gholdengo
|-singleturn|p1b: Gholdengo|Protect
|move|p2a: Garchomp|Stomping Tantrum|p1b: Gholdengo
|-activate|p1b: Gholdengo|move: Protect
|move|p1a: Staraptor|Close Combat|p2a: Garchomp
|-damage|p2a: Garchomp|36/100
|-boost|p1a: Staraptor|def|1
|-boost|p1a: Staraptor|spd|1
|-damage|p1a: Staraptor|87/100|[from] ability: Rough Skin|[of] p2a: Garchomp
|move|p2b: Toxapex|Toxic|p1a: Staraptor
|-status|p1a: Staraptor|tox
|
|-damage|p1a: Staraptor|81/100 tox|[from] psn
|upkeep
|turn|2
|
|t:|1785842493
|switch|p1b: Milotic|Milotic, L50, F|100/100
|move|p2a: Garchomp|Stomping Tantrum|p1b: Milotic
|-damage|p1b: Milotic|76/100
|move|p1a: Staraptor|Brave Bird|p2a: Garchomp
|-damage|p2a: Garchomp|0 fnt
|-damage|p1a: Staraptor|69/100 tox|[from] ability: Rough Skin|[of] p2a: Garchomp
|faint|p2a: Garchomp
|-damage|p1a: Staraptor|57/100 tox|[from] Recoil
|move|p2b: Toxapex|Infestation|p1a: Staraptor
|-resisted|p1a: Staraptor|2
|-damage|p1a: Staraptor|56/100 tox
|-activate|p1a: Staraptor|move: Infestation|[of] p2b: Toxapex
|
|-damage|p1a: Staraptor|44/100 tox|[from] psn
|-damage|p1a: Staraptor|32/100 tox|[from] move: Infestation|[partiallytrapped]
|upkeep
|
|t:|1785842501
|switch|p2a: Charizard|Charizard, L50, F|100/100
|turn|3
|
|t:|1785842508
|move|p2a: Charizard|Protect|p2a: Charizard
|-singleturn|p2a: Charizard|Protect
|move|p1b: Milotic|Protect|p1b: Milotic
|-singleturn|p1b: Milotic|Protect
|move|p1a: Staraptor|Tailwind|p1a: Staraptor
|-sidestart|p1: Gen4lover2|move: Tailwind
|move|p2b: Toxapex|Toxic|p1b: Milotic
|-activate|p1b: Milotic|move: Protect
|
|-damage|p1a: Staraptor|14/100 tox|[from] psn
|-damage|p1a: Staraptor|2/100 tox|[from] move: Infestation|[partiallytrapped]
|upkeep
|turn|4
|inactive|Gen4lover2 has 30 seconds left.
|
|t:|1785842534
|detailschange|p2a: Charizard|Charizard-Mega-Y, L50, F
|-mega|p2a: Charizard|Charizard|Charizardite Y
|-weather|SunnyDay|[from] ability: Drought|[of] p2a: Charizard
|move|p2a: Charizard|Protect|p2a: Charizard
|-singleturn|p2a: Charizard|Protect
|move|p1a: Staraptor|Brave Bird|p2a: Charizard
|-activate|p2a: Charizard|move: Protect
|move|p1b: Milotic|Scald|p2a: Charizard
|-activate|p2a: Charizard|move: Protect
|move|p2b: Toxapex|Toxic|p1b: Milotic
|-status|p1b: Milotic|tox
|
|-weather|SunnyDay|[upkeep]
|-damage|p1a: Staraptor|0 fnt|[from] psn
|faint|p1a: Staraptor
|-damage|p1b: Milotic|70/100 tox|[from] psn
|upkeep
|
|t:|1785842540
|switch|p1a: Tyranitar|Tyranitar, L50, M|100/100
|-weather|Sandstorm|[from] ability: Sand Stream|[of] p1a: Tyranitar
|turn|5
|
|t:|1785842555
|switch|p2a: Venusaur|Venusaur, L50, M|100/100
|move|p1a: Tyranitar|Knock Off|p2b: Toxapex
|-damage|p2b: Toxapex|63/100
|-enditem|p2b: Toxapex|Leftovers|[from] move: Knock Off|[of] p1a: Tyranitar
|move|p1b: Milotic|Scald|p2a: Venusaur
|-resisted|p2a: Venusaur|1
|-damage|p2a: Venusaur|83/100
|move|p2b: Toxapex|Infestation|p1b: Milotic
|-damage|p1b: Milotic|67/100 tox
|-activate|p1b: Milotic|move: Infestation|[of] p2b: Toxapex
|
|-weather|Sandstorm|[upkeep]
|-damage|p1b: Milotic|61/100 tox|[from] Sandstorm
|-damage|p2a: Venusaur|77/100|[from] Sandstorm
|-damage|p2b: Toxapex|57/100|[from] Sandstorm
|-damage|p1b: Milotic|50/100y tox|[from] psn
|-damage|p1b: Milotic|37/100 tox|[from] move: Infestation|[partiallytrapped]
|upkeep
|-enditem|p1b: Milotic|Sitrus Berry|[eat]
|-heal|p1b: Milotic|62/100 tox|[from] item: Sitrus Berry
|turn|6
|
|t:|1785842576
|switch|p1a: Gholdengo|Gholdengo, L50|100/100
|move|p2a: Venusaur|Protect|p2a: Venusaur
|-singleturn|p2a: Venusaur|Protect
|move|p2b: Toxapex|Baneful Bunker|p2b: Toxapex
|-singleturn|p2b: Toxapex|move: Protect
|move|p1b: Milotic|Ice Beam|p2a: Venusaur
|-activate|p2a: Venusaur|move: Protect
|
|-weather|Sandstorm|[upkeep]
|-damage|p1b: Milotic|56/100 tox|[from] Sandstorm
|-damage|p2a: Venusaur|71/100|[from] Sandstorm
|-damage|p2b: Toxapex|52/100|[from] Sandstorm
|-damage|p1b: Milotic|38/100 tox|[from] psn
|-damage|p1b: Milotic|26/100 tox|[from] move: Infestation|[partiallytrapped]
|-sideend|p1: Gen4lover2|move: Tailwind
|upkeep
|turn|7
|inactive|Gen4lover2 has 30 seconds left.
|
|t:|1785842602
|move|p1a: Gholdengo|Make It Rain|p2b: Toxapex|[spread] p2a,p2b
|-resisted|p2b: Toxapex|1
|-damage|p2a: Venusaur|0 fnt
|-damage|p2b: Toxapex|31/100
|-unboost|p1a: Gholdengo|spa|2
|faint|p2a: Venusaur
|-damage|p1a: Gholdengo|90/100|[from] item: Life Orb
|move|p1b: Milotic|Recover|p1b: Milotic
|-heal|p1b: Milotic|76/100 tox
|move|p2b: Toxapex|Infestation|p1a: Gholdengo
|-resisted|p1a: Gholdengo|2
|-damage|p1a: Gholdengo|89/100
|-activate|p1a: Gholdengo|move: Infestation|[of] p2b: Toxapex
|
|-weather|Sandstorm|[upkeep]
|-damage|p1b: Milotic|70/100 tox|[from] Sandstorm
|-damage|p2b: Toxapex|26/100|[from] Sandstorm
|-damage|p1b: Milotic|46/100 tox|[from] psn
|-damage|p1a: Gholdengo|77/100|[from] move: Infestation|[partiallytrapped]
|-damage|p1b: Milotic|34/100 tox|[from] move: Infestation|[partiallytrapped]
|upkeep
|
|t:|1785842612
|switch|p2a: Charizard|Charizard-Mega-Y, L50, F|100/100
|-weather|SunnyDay|[from] ability: Drought|[of] p2a: Charizard
|turn|8
|
|t:|1785842637
|switch|p1a: Tyranitar|Tyranitar, L50, M|100/100
|-weather|Sandstorm|[from] ability: Sand Stream|[of] p1a: Tyranitar
|move|p2a: Charizard|Protect|p2a: Charizard
|-singleturn|p2a: Charizard|Protect
|move|p2b: Toxapex|Baneful Bunker|p2b: Toxapex
|-singleturn|p2b: Toxapex|move: Protect
|move|p1b: Milotic|Scald|p2a: Charizard
|-activate|p2a: Charizard|move: Protect
|
|-weather|Sandstorm|[upkeep]
|-damage|p2a: Charizard|93/100|[from] Sandstorm
|-damage|p1b: Milotic|28/100 tox|[from] Sandstorm
|-damage|p2b: Toxapex|20/100y|[from] Sandstorm
|-damage|p1b: Milotic|0 fnt|[from] psn
|faint|p1b: Milotic
|upkeep
|
|t:|1785842642
|switch|p1b: Gholdengo|Gholdengo, L50|77/100
|turn|9
|
|t:|1785842656
|move|p2b: Toxapex|Wide Guard|p2b: Toxapex
|-singleturn|p2b: Toxapex|Wide Guard
|move|p2a: Charizard|Heat Wave|p1b: Gholdengo|[spread] p1a,p1b
|-resisted|p1a: Tyranitar|1
|-supereffective|p1b: Gholdengo|1
|-damage|p1a: Tyranitar|88/100
|-damage|p1b: Gholdengo|0 fnt
|faint|p1b: Gholdengo
|move|p1a: Tyranitar|Knock Off|p2a: Charizard
|-damage|p2a: Charizard|49/100
|
|-weather|Sandstorm|[upkeep]
|-damage|p2a: Charizard|42/100|[from] Sandstorm
|-damage|p2b: Toxapex|14/100|[from] Sandstorm
|upkeep
|turn|10
|
|t:|1785842667
|move|p2a: Charizard|Heat Wave|p1a: Tyranitar
|-resisted|p1a: Tyranitar|1
|-damage|p1a: Tyranitar|71/100
|move|p1a: Tyranitar|Knock Off|p2a: Charizard
|-damage|p2a: Charizard|3/100
|move|p2b: Toxapex|Toxic|p1a: Tyranitar
|-status|p1a: Tyranitar|tox
|
|-weather|Sandstorm|[upkeep]
|-damage|p2a: Charizard|0 fnt|[from] Sandstorm
|-damage|p2b: Toxapex|8/100|[from] Sandstorm
|faint|p2a: Charizard
|-damage|p1a: Tyranitar|65/100 tox|[from] psn
|upkeep
|turn|11
|
|t:|1785842676
|move|p2b: Toxapex|Baneful Bunker|p2b: Toxapex
|-singleturn|p2b: Toxapex|move: Protect
|move|p1a: Tyranitar|Knock Off|p2b: Toxapex
|-activate|p2b: Toxapex|move: Protect
|
|-weather|Sandstorm|[upkeep]
|-damage|p2b: Toxapex|3/100|[from] Sandstorm
|-damage|p1a: Tyranitar|53/100 tox|[from] psn
|upkeep
|turn|12
|
|t:|1785842678
|move|p2b: Toxapex|Baneful Bunker||[still]
|-fail|p2b: Toxapex
|move|p1a: Tyranitar|Knock Off|p2b: Toxapex
|-damage|p2b: Toxapex|0 fnt
|faint|p2b: Toxapex
|
|win|Gen4lover2
|raw|Gen4lover2's rating: 1297 → 1318(+21 for winning)
|raw|jgm1234's rating: 1244 → 1223(-21 for losing)
|l|☆jgm1234
|player|p2|
