|j|☆lox1sm
|j|☆Superduperdrag
|html|lox1smSuperduperdrag    
|uhtml|bestof|Game 2 of a best-of-3
|t:|1782579857
|gametype|doubles
|player|p1|lox1sm|veteran|1179
|player|p2|Superduperdrag|170|1086
|gen|9
|tier|[Gen 9 Champions] VGC 2026 Reg M-B (Bo3)
|rated|
|rule|Species Clause: Limit one of each Pokémon
|rule|Item Clause: Limit 1 of each item
|clearpoke
|poke|p1|Charizard, L50, M|
|poke|p1|Metagross, L50|
|poke|p1|Aerodactyl, L50, F|
|poke|p1|Garchomp, L50, M|
|poke|p1|Kingambit, L50, M|
|poke|p1|Farigiraf, L50, M|
|poke|p2|Pelipper, L50, M|
|poke|p2|Gholdengo, L50|
|poke|p2|Grimmsnarl, L50, M, shiny|
|poke|p2|Incineroar, L50, M|
|poke|p2|Sinistcha, L50|
|poke|p2|Swampert, L50, M, shiny|
|teampreview|4
|showteam|p1|Charizard||CharizarditeY|Blaze|HeatWave,WeatherBall,SolarBeam,Protect|Modest||M|||50|]Metagross||Metagrossite|ClearBody|IronHead,PsychicFangs,StompingTantrum,Protect|Jolly|||||50|]Aerodactyl||SitrusBerry|Unnerve|RockSlide,IceFang,Tailwind,Protect|Jolly||F|||50|]Garchomp||LifeOrb|RoughSkin|DragonClaw,Earthquake,RockSlide,Protect|Jolly||M|||50|]Kingambit||FocusSash|Defiant|KowtowCleave,SuckerPunch,IronHead,LowKick|Adamant||M|||50|]Farigiraf||ExpertBelt|ArmorTail|Psychic,DazzlingGleam,Thunderbolt,TrickRoom|Modest||M|||50|
|showteam|p2|Pelipper||FocusSash|Drizzle|Tailwind,Hurricane,WeatherBall,Protect|Modest||M|||50|]Gholdengo||KasibBerry|GoodasGold|NastyPlot,MakeItRain,ShadowBall,Protect|Timid|||||50|]Grimmsnarl||LifeOrb|Prankster|PartingShot,SpiritBreak,ThroatChop,LightScreen|Adamant||M|||50|]Incineroar||Leftovers|Intimidate|FakeOut,FlareBlitz,PartingShot,Snarl|Sassy||M|||50|]Sinistcha||SitrusBerry|Hospitality|TrickRoom,MatchaGotcha,RagePowder,LifeDew|Modest|||||50|]Swampert||Swampertite|Damp|HighHorsepower,IcePunch,WaveCrash,Protect|Adamant||M|||50|
|
|t:|1782579901
|teamsize|p1|4
|teamsize|p2|4
|start
|switch|p1a: Aerodactyl|Aerodactyl, L50, F|100/100
|switch|p1b: Charizard|Charizard, L50, M|100/100
|switch|p2a: Gholdengo|Gholdengo, L50|100/100
|switch|p2b: Swampert|Swampert, L50, M, shiny|100/100
|-ability|p1a: Aerodactyl|Unnerve
|turn|1
|
|t:|1782579966
|switch|p2a: Incineroar|Incineroar, L50, M|100/100
|-ability|p2a: Incineroar|Intimidate|boost
|-unboost|p1a: Aerodactyl|atk|1
|-unboost|p1b: Charizard|atk|1
|detailschange|p2b: Swampert|Swampert-Mega, L50, M, shiny
|-mega|p2b: Swampert|Swampert|Swampertite
|move|p2b: Swampert|Protect|p2b: Swampert
|-singleturn|p2b: Swampert|Protect
|move|p1a: Aerodactyl|Tailwind|p1a: Aerodactyl
|-sidestart|p1: lox1sm|move: Tailwind
|move|p1b: Charizard|Heat Wave|p2a: Incineroar|[spread] p2a
|-activate|p2b: Swampert|move: Protect
|-resisted|p2a: Incineroar|1
|-damage|p2a: Incineroar|88/100
|
|-heal|p2a: Incineroar|94/100|[from] item: Leftovers
|upkeep
|turn|2
|
|t:|1782580018
|switch|p1a: Farigiraf|Farigiraf, L50, M|100/100
|detailschange|p1b: Charizard|Charizard-Mega-Y, L50, M
|-mega|p1b: Charizard|Charizard|Charizardite Y
|-weather|SunnyDay|[from] ability: Drought|[of] p1b: Charizard
|move|p2a: Incineroar|Fake Out||[still]
|cant|p1a: Farigiraf|ability: Armor Tail|Fake Out|[of] p2a: Incineroar
|move|p1b: Charizard|Solar Beam||[still]
|-prepare|p1b: Charizard|Solar Beam
|-anim|p1b: Charizard|Solar Beam|p2b: Swampert
|-supereffective|p2b: Swampert|2
|-damage|p2b: Swampert|0 fnt
|faint|p2b: Swampert
|
|-weather|SunnyDay|[upkeep]
|-heal|p2a: Incineroar|100/100|[from] item: Leftovers
|upkeep
|
|t:|1782580024
|switch|p2b: Pelipper|Pelipper, L50, M|100/100
|-weather|RainDance|[from] ability: Drizzle|[of] p2b: Pelipper
|turn|3
|
|t:|1782580065
|switch|p1b: Garchomp|Garchomp, L50, M|100/100
|move|p1a: Farigiraf|Thunderbolt|p2b: Pelipper
|-supereffective|p2b: Pelipper|2
|-crit|p2b: Pelipper
|-enditem|p2b: Pelipper|Focus Sash
|-damage|p2b: Pelipper|1/100
|move|p2b: Pelipper|Weather Ball|p1a: Farigiraf
|-damage|p1a: Farigiraf|24/100
|move|p2a: Incineroar|Snarl|p1a: Farigiraf|[spread] p1b
|-miss|p2a: Incineroar|p1a: Farigiraf
|-damage|p1b: Garchomp|87/100
|-unboost|p1b: Garchomp|spa|1
|
|-weather|RainDance|[upkeep]
|upkeep
|turn|4
|
|t:|1782580127
|move|p2b: Pelipper|Protect|p2b: Pelipper
|-singleturn|p2b: Pelipper|Protect
|move|p1b: Garchomp|Earthquake|p2a: Incineroar|[spread] p1a,p2a
|-activate|p2b: Pelipper|move: Protect
|-crit|p1a: Farigiraf
|-supereffective|p2a: Incineroar|1
|-damage|p1a: Farigiraf|0 fnt
|-damage|p2a: Incineroar|18/100
|faint|p1a: Farigiraf
|-damage|p1b: Garchomp|77/100|[from] item: Life Orb
|move|p2a: Incineroar|Parting Shot|p1b: Garchomp
|-unboost|p1b: Garchomp|atk|1
|-unboost|p1b: Garchomp|spa|1
|
|t:|1782580136
|switch|p2a: Gholdengo|Gholdengo, L50|100/100|[from] Parting Shot
|
|-weather|RainDance|[upkeep]
|-sideend|p1: lox1sm|move: Tailwind
|upkeep
|
|t:|1782580145
|switch|p1a: Charizard|Charizard-Mega-Y, L50, M|100/100
|-weather|SunnyDay|[from] ability: Drought|[of] p1a: Charizard
|turn|5
|
|t:|1782580162
|switch|p1b: Aerodactyl|Aerodactyl, L50, F|100/100
|-ability|p1b: Aerodactyl|Unnerve
|switch|p2a: Incineroar|Incineroar, L50, M|18/100
|-ability|p2a: Incineroar|Intimidate|boost
|-unboost|p1a: Charizard|atk|1
|-unboost|p1b: Aerodactyl|atk|1
|move|p1a: Charizard|Heat Wave|p2a: Incineroar|[spread] p2a,p2b
|-resisted|p2a: Incineroar|1
|-resisted|p2b: Pelipper|1
|-damage|p2a: Incineroar|0 fnt
|-damage|p2b: Pelipper|0 fnt
|faint|p2a: Incineroar
|faint|p2b: Pelipper
|
|-weather|SunnyDay|[upkeep]
|upkeep
|inactive|Battle timer is ON: inactive players will automatically lose when time's up. (requested by lox1sm)
|
|t:|1782580201
|switch|p2b: Gholdengo|Gholdengo, L50|100/100
|turn|6
|
|t:|1782580206
|move|p1b: Aerodactyl|Tailwind|p1b: Aerodactyl
|-sidestart|p1: lox1sm|move: Tailwind
|move|p1a: Charizard|Weather Ball|p2b: Gholdengo
|-supereffective|p2b: Gholdengo|1
|-crit|p2b: Gholdengo
|-damage|p2b: Gholdengo|0 fnt
|faint|p2b: Gholdengo
|
|win|lox1sm
|raw|lox1sm's rating: 1179 → 1197(+18 for winning)
|raw|Superduperdrag's rating: 1086 → 1069(-17 for losing)
|l|☆Superduperdrag
|player|p2|
