|j|☆WASHINGTONGARGACHA
|j|☆wennoboi
|html|WASHINGTONGARGACHAwennoboi    
|uhtml|bestof|Game 2 of a best-of-3
|t:|1757859583
|gametype|doubles
|player|p1|WASHINGTONGARGACHA|169|1122
|player|p2|wennoboi|blue|1100
|gen|9
|tier|[Gen 9] VGC 2025 Reg H (Bo3)
|rated|
|rule|Species Clause: Limit one of each Pokémon
|rule|Item Clause: Limit 1 of each item
|clearpoke
|poke|p1|Typhlosion-Hisui, L50, M|
|poke|p1|Whimsicott, L50, F|
|poke|p1|Dragapult, L50, M|
|poke|p1|Torkoal, L50, F|
|poke|p1|Lilligant-Hisui, L50, F|
|poke|p1|Electabuzz, L50, F|
|poke|p2|Porygon2, L50|
|poke|p2|Sneasler, L50, M|
|poke|p2|Gholdengo, L50|
|poke|p2|Amoonguss, L50, F|
|poke|p2|Garchomp, L50, F|
|poke|p2|Incineroar, L50, M|
|teampreview|4
|showteam|p1|Typhlosion-Hisui||ChoiceSpecs|Blaze|HeatWave,Eruption,ShadowBall,FocusPunch|||M|||50|,,,,,Fire]Whimsicott||CovertCloak|Prankster|Tailwind,Moonblast,SunnyDay,Encore|||F|||50|,,,,,Water]Dragapult||ChoiceBand|ClearBody|Uturn,Outrage,DragonDarts,PhantomForce|||M|||50|,,,,,Dragon]Torkoal||LifeOrb|Drought|HeatWave,Eruption,Protect,WeatherBall|||F|||50|,,,,,Fire]Lilligant-Hisui||FocusSash|Chlorophyll|CloseCombat,SleepPowder,AfterYou,LeafBlade|||F|||50|,,,,,Ghost]Electabuzz||Eviolite|VitalSpirit|FollowMe,Taunt,Electroweb,Protect|||F|||50|,,,,,Grass
|showteam|p2|Porygon2||Eviolite|Download|TeraBlast,IceBeam,Recover,TrickRoom||||||50|,,,,,Ground]Sneasler||FocusSash|PoisonTouch|CloseCombat,DireClaw,Coaching,Protect|||M|||50|,,,,,Flying]Gholdengo||LifeOrb|GoodasGold|MakeItRain,ShadowBall,NastyPlot,Protect||||||50|,,,,,Water]Amoonguss||SitrusBerry|Regenerator|PollenPuff,Spore,RagePowder,Protect|||F|||50|,,,,,Fairy]Garchomp||ClearAmulet|RoughSkin|Earthquake,StompingTantrum,DragonClaw,Protect|||F|||50|,,,,,Fire]Incineroar||SafetyGoggles|Intimidate|FlareBlitz,KnockOff,FakeOut,PartingShot|||M|||50|,,,,,Ghost
|
|t:|1757859596
|teamsize|p1|4
|teamsize|p2|4
|start
|switch|p1a: Typhlosion|Typhlosion-Hisui, L50, M|100/100
|switch|p1b: Dragapult|Dragapult, L50, M|100/100
|switch|p2a: Incineroar|Incineroar, L50, M|100/100
|switch|p2b: Garchomp|Garchomp, L50, F|100/100
|-ability|p2a: Incineroar|Intimidate|boost
|-unboost|p1a: Typhlosion|atk|1
|-fail|p1b: Dragapult|unboost|[from] ability: Clear Body|[of] p1b: Dragapult
|turn|1
|
|t:|1757859658
|switch|p1a: Lilligant|Lilligant-Hisui, L50, F|100/100
|-terastallize|p1b: Dragapult|Dragon
|-terastallize|p2b: Garchomp|Fire
|move|p1b: Dragapult|Dragon Darts|p2b: Garchomp
|-damage|p2b: Garchomp|51/100
|-anim|p1b: Dragapult|Dragon Darts|p2a: Incineroar
|-damage|p2a: Incineroar|52/100
|move|p2b: Garchomp|Stomping Tantrum|p1a: Lilligant
|-resisted|p1a: Lilligant
|-damage|p1a: Lilligant|68/100
|move|p2a: Incineroar|Knock Off|p1b: Dragapult
|-damage|p1b: Dragapult|43/100
|-enditem|p1b: Dragapult|Choice Band|[from] move: Knock Off|[of] p2a: Incineroar
|
|upkeep
|turn|2
|
|t:|1757859696
|move|p1b: Dragapult|Dragon Darts|p2b: Garchomp
|-damage|p2b: Garchomp|20/100
|-anim|p1b: Dragapult|Dragon Darts|p2a: Incineroar
|-damage|p2a: Incineroar|22/100
|move|p2b: Garchomp|Dragon Claw|p1b: Dragapult
|-supereffective|p1b: Dragapult
|-damage|p1b: Dragapult|0 fnt
|faint|p1b: Dragapult
|move|p1a: Lilligant|Close Combat|p2a: Incineroar
|-supereffective|p2a: Incineroar
|-crit|p2a: Incineroar
|-damage|p2a: Incineroar|0 fnt
|-unboost|p1a: Lilligant|def|1
|-unboost|p1a: Lilligant|spd|1
|faint|p2a: Incineroar
|
|upkeep
|
|t:|1757859713
|switch|p1b: Torkoal|Torkoal, L50, F|100/100
|switch|p2a: Porygon2|Porygon2, L50|100/100
|-ability|p2a: Porygon2|Download|boost
|-boost|p2a: Porygon2|spa|1
|-weather|SunnyDay|[from] ability: Drought|[of] p1b: Torkoal
|turn|3
|
|t:|1757859726
|move|p1b: Torkoal|Protect|p1b: Torkoal
|-singleturn|p1b: Torkoal|Protect
|move|p1a: Lilligant|Close Combat|p2a: Porygon2
|-supereffective|p2a: Porygon2
|-damage|p2a: Porygon2|25/100
|-unboost|p1a: Lilligant|def|1
|-unboost|p1a: Lilligant|spd|1
|move|p2b: Garchomp|Dragon Claw|p1a: Lilligant
|-damage|p1a: Lilligant|0 fnt
|faint|p1a: Lilligant
|move|p2a: Porygon2|Tera Blast|p1b: Torkoal
|-activate|p1b: Torkoal|move: Protect
|
|-weather|SunnyDay|[upkeep]
|upkeep
|
|t:|1757859739
|switch|p1a: Typhlosion|Typhlosion-Hisui, L50, M|100/100
|turn|4
|
|t:|1757859749
|move|p2b: Garchomp|Stomping Tantrum|p1a: Typhlosion
|-supereffective|p1a: Typhlosion
|-damage|p1a: Typhlosion|0 fnt
|faint|p1a: Typhlosion
|move|p2a: Porygon2|Tera Blast|p1b: Torkoal
|-damage|p1b: Torkoal|36/100
|move|p1b: Torkoal|Heat Wave|p2a: Porygon2|[spread] p2a,p2b
|-resisted|p2b: Garchomp
|-crit|p2b: Garchomp
|-damage|p2a: Porygon2|0 fnt
|-damage|p2b: Garchomp|0 fnt
|faint|p2a: Porygon2
|faint|p2b: Garchomp
|-damage|p1b: Torkoal|26/100|[from] item: Life Orb
|
|-weather|SunnyDay|[upkeep]
|upkeep
|
|t:|1757859759
|switch|p2b: Sneasler|Sneasler, L50, M|100/100
|turn|5
|-message|WASHINGTONGARGACHA forfeited.
|
|win|wennoboi
|raw|WASHINGTONGARGACHA's rating: 1122 → 1095(-27 for losing)
|raw|wennoboi's rating: 1100 → 1127(+27 for winning)
