|j|‽lowerants
|j|☆Person_McSomeone
|html|lowerantsPerson_McSomeone    
|uhtml|bestof|Game 3 of a best-of-3
|t:|1786057650
|gametype|doubles
|player|p1|lowerants|169|1179
|player|p2|Person_McSomeone|miku-psychic|1091
|gen|9
|tier|[Gen 9 Champions] VGC 2026 Reg M-B (Bo3)
|rated|
|rule|Species Clause: Limit one of each Pokémon
|rule|Item Clause: Limit 1 of each item
|clearpoke
|poke|p1|Grimmsnarl, L50, M|
|poke|p1|Staraptor, L50, F|
|poke|p1|Politoed, L50, F|
|poke|p1|Archaludon, L50, F|
|poke|p1|Sinistcha, L50|
|poke|p1|Mawile, L50, M|
|poke|p2|Mawile, L50, F|
|poke|p2|Toxapex, L50, F|
|poke|p2|Farigiraf, L50, M|
|poke|p2|Torkoal, L50, M|
|poke|p2|Kingambit, L50, F|
|poke|p2|Rotom-Wash, L50|
|teampreview|4
|showteam|p1|Grimmsnarl||LightClay|Prankster|SpiritBreak,PartingShot,LightScreen,Reflect|Sassy||M|||50|]Staraptor||Staraptite|Intimidate|CloseCombat,BraveBird,Roost,Protect|Jolly||F|||50|]Politoed||SitrusBerry|Drizzle|WeatherBall,Hypnosis,PerishSong,Protect|Calm||F|||50|]Archaludon||Leftovers|Stamina|FlashCannon,DragonPulse,ElectroShot,Protect|Calm||F|||50|]Sinistcha||CobaBerry|Hospitality|MatchaGotcha,RagePowder,TrickRoom,LifeDew|Bold|||||50|]Mawile||Mawilite|Intimidate|PlayRough,IronHead,SuckerPunch,Protect|Adamant||M|||50|
|showteam|p2|Mawile||Mawilite|Intimidate|SuckerPunch,PlayRough,Protect,IronHead|Brave||F|||50|]Toxapex||Leftovers|Regenerator|Infestation,WideGuard,Toxic,BanefulBunker|Bold||F|||50|]Farigiraf||SitrusBerry|ArmorTail|TrickRoom,HyperVoice,Thunderbolt,Protect|Sassy||M|||50|]Torkoal||Charcoal|Drought|Eruption,EarthPower,SolarBeam,Protect|Quiet||M|||50|]Kingambit||OccaBerry|Defiant|SuckerPunch,KowtowCleave,IronHead,Protect|Adamant||F|||50|]Rotom-Wash||ChoiceScarf|Levitate|Trick,HydroPump,VoltSwitch,Thunderbolt|Modest|||||50|
|inactive|Battle timer is ON: inactive players will automatically lose when time's up. (requested by Person_McSomeone)
|inactive|Person_McSomeone has 60 seconds left.
|
|t:|1786057706
|teamsize|p1|4
|teamsize|p2|4
|start
|switch|p1a: Mawile|Mawile, L50, M|100/100
|switch|p1b: Politoed|Politoed, L50, F|100/100
|switch|p2a: Rotom|Rotom-Wash, L50|100/100
|switch|p2b: Mawile|Mawile, L50, F|100/100
|-weather|RainDance|[from] ability: Drizzle|[of] p1b: Politoed
|-ability|p1a: Mawile|Intimidate|boost
|-unboost|p2a: Rotom|atk|1
|-unboost|p2b: Mawile|atk|1
|-ability|p2b: Mawile|Intimidate|boost
|-unboost|p1a: Mawile|atk|1
|-unboost|p1b: Politoed|atk|1
|turn|1
|
|t:|1786057726
|switch|p1a: Archaludon|Archaludon, L50, F|100/100
|switch|p2b: Torkoal|Torkoal, L50, M|100/100
|-weather|SunnyDay|[from] ability: Drought|[of] p2b: Torkoal
|move|p1b: Politoed|Protect|p1b: Politoed
|-singleturn|p1b: Politoed|Protect
|move|p2a: Rotom|Volt Switch|p1b: Politoed
|-activate|p1b: Politoed|move: Protect
|
|-weather|SunnyDay|[upkeep]
|upkeep
|turn|2
|inactive|lowerants has 30 seconds left.
|
|t:|1786057755
|switch|p2b: Farigiraf|Farigiraf, L50, M|100/100
|move|p2a: Rotom|Volt Switch|p1b: Politoed
|-supereffective|p1b: Politoed|1
|-damage|p1b: Politoed|46/100
|-enditem|p1b: Politoed|Sitrus Berry|[eat]
|-heal|p1b: Politoed|71/100|[from] item: Sitrus Berry
|
|t:|1786057762
|switch|p2a: Mawile|Mawile, L50, F|100/100|[from] Volt Switch
|-ability|p2a: Mawile|Intimidate|boost
|-unboost|p1a: Archaludon|atk|1
|-unboost|p1b: Politoed|atk|1
|move|p1a: Archaludon|Dragon Pulse|p2a: Mawile
|-immune|p2a: Mawile
|move|p1b: Politoed|Perish Song|p1b: Politoed
|-start|p1a: Archaludon|perish3|[silent]
|-start|p1b: Politoed|perish3|[silent]
|-start|p2a: Mawile|perish3|[silent]
|-start|p2b: Farigiraf|perish3|[silent]
|-fieldactivate|move: Perish Song
|
|-weather|SunnyDay|[upkeep]
|-start|p1a: Archaludon|perish3
|-start|p1b: Politoed|perish3
|-start|p2b: Farigiraf|perish3
|-start|p2a: Mawile|perish3
|upkeep
|turn|3
|
|t:|1786057774
|detailschange|p2a: Mawile|Mawile-Mega, L50, F
|-mega|p2a: Mawile|Mawile|Mawilite
|move|p1a: Archaludon|Dragon Pulse|p2b: Farigiraf
|-damage|p2b: Farigiraf|71/100
|move|p1b: Politoed|Weather Ball|p2a: Mawile
|-supereffective|p2a: Mawile|1
|-damage|p2a: Mawile|20/100r
|move|p2b: Farigiraf|Thunderbolt|p1b: Politoed
|-supereffective|p1b: Politoed|1
|-damage|p1b: Politoed|34/100
|-status|p1b: Politoed|par
|move|p2a: Mawile|Play Rough|p1a: Archaludon
|-damage|p1a: Archaludon|39/100
|-ability|p1a: Archaludon|Stamina|boost
|-boost|p1a: Archaludon|def|1
|
|-weather|SunnyDay|[upkeep]
|-heal|p1a: Archaludon|45/100|[from] item: Leftovers
|-start|p1a: Archaludon|perish2
|-start|p2b: Farigiraf|perish2
|-start|p2a: Mawile|perish2
|-start|p1b: Politoed|perish2
|upkeep
|turn|4
|
|t:|1786057794
|switch|p2a: Rotom|Rotom-Wash, L50|100/100
|switch|p1b: Sinistcha|Sinistcha, L50|100/100
|-heal|p1a: Archaludon|70/100|[from] ability: Hospitality|[of] p1b: Sinistcha
|move|p1a: Archaludon|Flash Cannon|p2a: Rotom
|-resisted|p2a: Rotom|2
|-damage|p2a: Rotom|88/100
|-unboost|p2a: Rotom|spd|1
|move|p2b: Farigiraf|Thunderbolt|p1b: Sinistcha
|-resisted|p1b: Sinistcha|1
|-damage|p1b: Sinistcha|85/100
|
|-weather|SunnyDay|[upkeep]
|-heal|p1a: Archaludon|76/100|[from] item: Leftovers
|-start|p1a: Archaludon|perish1
|-start|p2b: Farigiraf|perish1
|upkeep
|turn|5
|
|t:|1786057818
|switch|p1b: Politoed|Politoed, L50, F|34/100 par
|-weather|RainDance|[from] ability: Drizzle|[of] p1b: Politoed
|move|p2a: Rotom|Trick|p1b: Politoed
|-activate|p2a: Rotom|move: Trick|[of] p1b: Politoed
|-item|p1b: Politoed|Choice Scarf|[from] move: Trick
|-enditem|p2a: Rotom|Choice Scarf|[silent]|[from] move: Trick
|move|p1a: Archaludon|Electro Shot||[still]
|-prepare|p1a: Archaludon|Electro Shot
|-boost|p1a: Archaludon|spa|1
|-anim|p1a: Archaludon|Electro Shot|p2a: Rotom
|-damage|p2a: Rotom|0 fnt
|faint|p2a: Rotom
|move|p2b: Farigiraf|Trick Room|p2b: Farigiraf
|-fieldstart|move: Trick Room|[of] p2b: Farigiraf
|
|-weather|RainDance|[upkeep]
|-heal|p1a: Archaludon|82/100|[from] item: Leftovers
|-start|p2b: Farigiraf|perish0
|-start|p1a: Archaludon|perish0
|faint|p2b: Farigiraf
|faint|p1a: Archaludon
|upkeep
|
|t:|1786057837
|switch|p2b: Torkoal|Torkoal, L50, M|100/100
|switch|p1a: Sinistcha|Sinistcha, L50|85/100
|switch|p2a: Mawile|Mawile-Mega, L50, F|20/100r
|-weather|SunnyDay|[from] ability: Drought|[of] p2b: Torkoal
|-heal|p1b: Politoed|59/100 par|[from] ability: Hospitality|[of] p1a: Sinistcha
|turn|6
|
|t:|1786057847
|move|p2b: Torkoal|Eruption|p1a: Sinistcha|[spread] p1a,p1b
|-supereffective|p1a: Sinistcha|1
|-resisted|p1b: Politoed|1
|-damage|p1a: Sinistcha|0 fnt
|-damage|p1b: Politoed|28/100 par
|faint|p1a: Sinistcha
|move|p2a: Mawile|Play Rough|p1b: Politoed
|-damage|p1b: Politoed|0 fnt
|faint|p1b: Politoed
|
|-weather|SunnyDay|[upkeep]
|upkeep
|
|t:|1786057851
|switch|p1b: Mawile|Mawile, L50, M|100/100
|-ability|p1b: Mawile|Intimidate|boost
|-unboost|p2a: Mawile|atk|1
|-unboost|p2b: Torkoal|atk|1
|turn|7
|inactive|Person_McSomeone has 30 seconds left.
|
|t:|1786057881
|detailschange|p1b: Mawile|Mawile-Mega, L50, M
|-mega|p1b: Mawile|Mawile|Mawilite
|move|p1b: Mawile|Protect|p1b: Mawile
|-singleturn|p1b: Mawile|Protect
|move|p2b: Torkoal|Earth Power|p1b: Mawile
|-activate|p1b: Mawile|move: Protect
|move|p2a: Mawile|Iron Head|p1b: Mawile
|-activate|p1b: Mawile|move: Protect
|
|-weather|SunnyDay|[upkeep]
|upkeep
|turn|8
|
|t:|1786057894
|move|p1b: Mawile|Sucker Punch|p2b: Torkoal
|-damage|p2b: Torkoal|55/100
|move|p2b: Torkoal|Earth Power|p1b: Mawile
|-supereffective|p1b: Mawile|1
|-damage|p1b: Mawile|36/100
|move|p2a: Mawile|Iron Head|p1b: Mawile
|-damage|p1b: Mawile|0 fnt
|faint|p1b: Mawile
|
|win|Person_McSomeone
|raw|lowerants's rating: 1179 → 1148(-31 for losing)
|raw|Person_McSomeone's rating: 1091 → 1124(+33 for winning)
|l|‽lowerants
|player|p1|
