|j|☆Freaky Mane
|j|☆yveltyy
|html|Freaky Maneyveltyy    
|uhtml|bestof|Game 3 of a best-of-3
|t:|1757792044
|gametype|doubles
|player|p1|Freaky Mane|acerola|
|player|p2|yveltyy|plasmagruntf-gen5bw|
|gen|9
|tier|[Gen 9] VGC 2025 Reg H (Bo3)
|rule|Species Clause: Limit one of each Pokémon
|rule|Item Clause: Limit 1 of each item
|clearpoke
|poke|p1|Dondozo, L50, M|
|poke|p1|Volcarona, L50, F|
|poke|p1|Kingambit, L50, F|
|poke|p1|Sneasler, L50, M|
|poke|p1|Rillaboom, L50, F|
|poke|p1|Baxcalibur, L50, M|
|poke|p2|Corviknight, L50, F|
|poke|p2|Volcarona, L50, F|
|poke|p2|Garchomp, L50, F|
|poke|p2|Dragonite, L50, F|
|poke|p2|Sneasler, L50, F|
|poke|p2|Ninetales-Alola, L50, M|
|teampreview|4
|showteam|p1|Dondozo||Leftovers|Unaware|Liquidation,Fissure,Yawn,Protect|||M|||50|,,,,,Bug]Volcarona||CovertCloak|FlameBody|HeatWave,TeraBlast,QuiverDance,RagePowder|||F|||50|,,,,,Fairy]Kingambit||SafetyGoggles|Defiant|KowtowCleave,SuckerPunch,SwordsDance,Protect|||F|||50|,,,,,Dark]Sneasler||FocusSash|Unburden|CloseCombat,DireClaw,Coaching,Protect|||M|||50|,,,,,Stellar]Rillaboom||AssaultVest|GrassySurge|GrassyGlide,WoodHammer,HighHorsepower,FakeOut|||F|||50|,,,,,Fire]Baxcalibur||LoadedDice|ThermalExchange|IcicleSpear,IceShard,ScaleShot,Protect|||M|||50|,,,,,Ghost
|showteam|p2|Corviknight||SitrusBerry|MirrorArmor|BraveBird,BodyPress,BulkUp,Roost|||F|||50|,,,,,Fire]Volcarona||CovertCloak|FlameBody|Flamethrower,GigaDrain,QuiverDance,Protect|||F|||50|,,,,,Grass]Garchomp||ChoiceScarf|RoughSkin|Earthquake,DragonClaw,StompingTantrum,RockSlide|||F|||50|,,,,,Ground]Dragonite||LifeOrb|InnerFocus|TeraBlast,ExtremeSpeed,StompingTantrum,Protect|||F|||50|,,,,,Flying]Sneasler||FocusSash|Unburden|CloseCombat,DireClaw,FakeOut,Coaching|||F|||50|,,,,,Stellar]Ninetales-Alola||LightClay|SnowWarning|Blizzard,Encore,AuroraVeil,Protect|||M|||50|,,,,,Water
|inactive|Battle timer is ON: inactive players will automatically lose when time's up. (requested by yveltyy)
|
|t:|1757792062
|teamsize|p1|4
|teamsize|p2|4
|start
|switch|p1a: Sneasler|Sneasler, L50, M|100/100
|switch|p1b: Baxcalibur|Baxcalibur, L50, M|100/100
|switch|p2a: Volcarona|Volcarona, L50, F|100/100
|switch|p2b: Ninetales|Ninetales-Alola, L50, M|100/100
|-weather|Snowscape|[from] ability: Snow Warning|[of] p2b: Ninetales
|turn|1
|inactive|yveltyy has 30 seconds left.
|inactive|yveltyy has 20 seconds left.
|
|t:|1757792098
|move|p1a: Sneasler|Coaching|p1b: Baxcalibur
|-boost|p1b: Baxcalibur|atk|1
|-boost|p1b: Baxcalibur|def|1
|move|p2b: Ninetales|Aurora Veil|p2b: Ninetales
|-sidestart|p2: yveltyy|move: Aurora Veil
|move|p1b: Baxcalibur|Scale Shot|p2a: Volcarona
|-damage|p2a: Volcarona|81/100
|-damage|p2a: Volcarona|65/100
|-damage|p2a: Volcarona|48/100
|-damage|p2a: Volcarona|30/100
|-damage|p2a: Volcarona|12/100
|-hitcount|p2a: Volcarona|5
|-unboost|p1b: Baxcalibur|def|1
|-boost|p1b: Baxcalibur|spe|1
|move|p2a: Volcarona|Quiver Dance|p2a: Volcarona
|-boost|p2a: Volcarona|spa|1
|-boost|p2a: Volcarona|spd|1
|-boost|p2a: Volcarona|spe|1
|
|-weather|Snowscape|[upkeep]
|upkeep
|turn|2
|
|t:|1757792121
|move|p1b: Baxcalibur|Icicle Spear|p2a: Volcarona
|-resisted|p2a: Volcarona
|-damage|p2a: Volcarona|4/100
|-resisted|p2a: Volcarona
|-damage|p2a: Volcarona|0 fnt
|faint|p2a: Volcarona
|-hitcount|p2: Volcarona|2
|move|p1a: Sneasler|Dire Claw|p2b: Ninetales
|-supereffective|p2b: Ninetales
|-damage|p2b: Ninetales|57/100
|-status|p2b: Ninetales|slp
|cant|p2b: Ninetales|slp
|
|-weather|Snowscape|[upkeep]
|upkeep
|
|t:|1757792130
|switch|p2a: Corviknight|Corviknight, L50, F|100/100
|turn|3
|c|☆yveltyy|best move in the game
|c|☆Freaky Mane|dire hax
|
|t:|1757792145
|move|p1b: Baxcalibur|Icicle Spear|p2a: Corviknight
|-damage|p2a: Corviknight|87/100
|-damage|p2a: Corviknight|74/100
|-damage|p2a: Corviknight|61/100
|-damage|p2a: Corviknight|47/100
|-enditem|p2a: Corviknight|Sitrus Berry|[eat]
|-heal|p2a: Corviknight|72/100|[from] item: Sitrus Berry
|-hitcount|p2a: Corviknight|4
|move|p1a: Sneasler|Coaching|p1b: Baxcalibur
|-boost|p1b: Baxcalibur|atk|1
|-boost|p1b: Baxcalibur|def|1
|-curestatus|p2b: Ninetales|slp|[msg]
|move|p2b: Ninetales|Blizzard|p1a: Sneasler|[spread] p1a,p1b
|-damage|p1a: Sneasler|69/100
|-damage|p1b: Baxcalibur|74/100
|move|p2a: Corviknight|Bulk Up|p2a: Corviknight
|-boost|p2a: Corviknight|atk|1
|-boost|p2a: Corviknight|def|1
|
|-weather|Snowscape|[upkeep]
|upkeep
|turn|4
|
|t:|1757792159
|move|p1b: Baxcalibur|Scale Shot|p2a: Corviknight
|-resisted|p2a: Corviknight
|-damage|p2a: Corviknight|67/100
|-resisted|p2a: Corviknight
|-crit|p2a: Corviknight
|-damage|p2a: Corviknight|47/100
|-resisted|p2a: Corviknight
|-damage|p2a: Corviknight|42/100
|-resisted|p2a: Corviknight
|-damage|p2a: Corviknight|36/100
|-resisted|p2a: Corviknight
|-damage|p2a: Corviknight|30/100
|-hitcount|p2a: Corviknight|5
|-unboost|p1b: Baxcalibur|def|1
|-boost|p1b: Baxcalibur|spe|1
|move|p1a: Sneasler|Dire Claw|p2b: Ninetales
|-supereffective|p2b: Ninetales
|-damage|p2b: Ninetales|13/100
|move|p2b: Ninetales|Blizzard|p1b: Baxcalibur|[spread] p1a,p1b
|-crit|p1a: Sneasler
|-damage|p1a: Sneasler|22/100
|-damage|p1b: Baxcalibur|50/100
|move|p2a: Corviknight|Roost|p2a: Corviknight
|-heal|p2a: Corviknight|80/100
|-singleturn|p2a: Corviknight|move: Roost
|
|-weather|Snowscape|[upkeep]
|upkeep
|turn|5
|
|t:|1757792174
|move|p1b: Baxcalibur|Icicle Spear|p2a: Corviknight
|-crit|p2a: Corviknight
|-damage|p2a: Corviknight|39/100
|-damage|p2a: Corviknight|27/100
|-damage|p2a: Corviknight|14/100
|-damage|p2a: Corviknight|3/100
|-hitcount|p2a: Corviknight|4
|move|p1a: Sneasler|Close Combat|p2a: Corviknight
|-damage|p2a: Corviknight|0 fnt
|-unboost|p1a: Sneasler|def|1
|-unboost|p1a: Sneasler|spd|1
|faint|p2a: Corviknight
|move|p2b: Ninetales|Blizzard|p1a: Sneasler|[spread] p1a,p1b
|-damage|p1a: Sneasler|0 fnt
|-damage|p1b: Baxcalibur|24/100
|faint|p1a: Sneasler
|
|-weather|none
|upkeep
|c|☆yveltyy|sob unlucky
|
|t:|1757792189
|switch|p1a: Volcarona|Volcarona, L50, F|100/100
|switch|p2a: Dragonite|Dragonite, L50, F|100/100
|turn|6
|c|☆Freaky Mane|crit mD
|c|☆Freaky Mane|:D
|inactive|Freaky Mane has 30 seconds left.
|
|t:|1757792217
|move|p1b: Baxcalibur|Protect|p1b: Baxcalibur
|-singleturn|p1b: Baxcalibur|Protect
|move|p2a: Dragonite|Extreme Speed|p1b: Baxcalibur
|-activate|p1b: Baxcalibur|move: Protect
|move|p2b: Ninetales|Blizzard|p1b: Baxcalibur|[spread] p1a
|-activate|p1b: Baxcalibur|move: Protect
|-resisted|p1a: Volcarona
|-damage|p1a: Volcarona|90/100
|move|p1a: Volcarona|Heat Wave|p2a: Dragonite|[spread] p2a,p2b
|-resisted|p2a: Dragonite
|-supereffective|p2b: Ninetales
|-damage|p2a: Dragonite|88/100
|-damage|p2b: Ninetales|0 fnt
|faint|p2b: Ninetales
|
|upkeep
|turn|7
|
|t:|1757792238
|-terastallize|p1b: Baxcalibur|Ghost
|move|p2a: Dragonite|Extreme Speed|p1b: Baxcalibur
|-immune|p1b: Baxcalibur
|move|p1b: Baxcalibur|Icicle Spear|p2a: Dragonite
|-supereffective|p2a: Dragonite
|-damage|p2a: Dragonite|8/100
|-supereffective|p2a: Dragonite
|-damage|p2a: Dragonite|0 fnt
|faint|p2a: Dragonite
|-hitcount|p2: Dragonite|2
|
|win|Freaky Mane
|c|☆yveltyy|gg
|c|☆Freaky Mane|ggs
