|j|☆PaparaEX
|j|☆I love bo3
|html|PaparaEXI love bo3    
|uhtml|bestof|Game 2 of a best-of-3
|t:|1785425043
|gametype|doubles
|player|p1|PaparaEX|101|
|player|p2|I love bo3|perrin|
|gen|9
|tier|[Gen 9 Champions] VGC 2026 Reg M-B (Bo3)
|rule|Species Clause: Limit one of each Pokémon
|rule|Item Clause: Limit 1 of each item
|clearpoke
|poke|p1|Lycanroc-Dusk, L50, F|
|poke|p1|Hydreigon, L50, F|
|poke|p1|Talonflame, L50, M|
|poke|p1|Venusaur, L50, M|
|poke|p1|Metagross, L50|
|poke|p1|Primarina, L50, M|
|poke|p2|Staraptor, L50, M, shiny|
|poke|p2|Charizard, L50, M, shiny|
|poke|p2|Garchomp, L50, M, shiny|
|poke|p2|Gholdengo, L50|
|poke|p2|Whimsicott, L50, F, shiny|
|poke|p2|Rotom-Wash, L50|
|teampreview|4
|showteam|p1|Lycanroc-Dusk||FocusSash|ToughClaws|RockSlide,Accelerock,CloseCombat,Protect|Adamant||F|||50|]Hydreigon||LifeOrb|Levitate|DracoMeteor,DarkPulse,EarthPower,Protect|Modest||F|||50|]Talonflame||Charcoal|GaleWings|Overheat,Taunt,QuickGuard,Tailwind|Timid||M|||50|]Venusaur||Venusaurite|Chlorophyll|GigaDrain,SludgeBomb,EarthPower,Protect|Modest||M|||50|]Metagross||Metagrossite|ClearBody|IronHead,PsychicFangs,IcePunch,Protect|Jolly|||||50|]Primarina||ExpertBelt|LiquidVoice|HyperVoice,Moonblast,IceBeam,Protect|Modest||M|||50|
|showteam|p2|Staraptor||Staraptite|Intimidate|CloseCombat,DualWingbeat,Roost,Protect|Jolly||M|||50|]Charizard||CharizarditeY|Blaze|WeatherBall,HeatWave,SolarBeam,Protect|Modest||M|||50|]Garchomp||LifeOrb|RoughSkin|Earthquake,DragonClaw,RockSlide,Protect|Jolly||M|||50|]Gholdengo||SpellTag|GoodasGold|MakeItRain,ShadowBall,NastyPlot,Protect|Modest|||||50|]Whimsicott||FocusSash|Prankster|Moonblast,Charm,Tailwind,Protect|Timid||F|||50|]Rotom-Wash||ChoiceScarf|Levitate|HydroPump,VoltSwitch,Electroweb,WillOWisp|Timid|||||50|
|j| Jason0103
|j| zuutokei2
|
|t:|1785425129
|teamsize|p1|4
|teamsize|p2|4
|start
|switch|p1a: Talonflame|Talonflame, L50, M|100/100
|switch|p1b: Primarina|Primarina, L50, M|100/100
|switch|p2a: Staraptor|Staraptor, L50, M, shiny|100/100
|switch|p2b: Whimsicott|Whimsicott, L50, F, shiny|100/100
|-ability|p2a: Staraptor|Intimidate|boost
|-unboost|p1a: Talonflame|atk|1
|-unboost|p1b: Primarina|atk|1
|turn|1
|j| BenBen84
|
|t:|1785425186
|switch|p2a: Rotom|Rotom-Wash, L50|100/100
|move|p1a: Talonflame|Overheat|p2a: Rotom
|-resisted|p2a: Rotom|1
|-damage|p2a: Rotom|67/100
|-unboost|p1a: Talonflame|spa|2
|move|p2b: Whimsicott|Moonblast|p1a: Talonflame
|-resisted|p1a: Talonflame|1
|-damage|p1a: Talonflame|74/100
|move|p1b: Primarina|Moonblast|p2a: Rotom
|-damage|p2a: Rotom|13/100
|
|upkeep
|turn|2
|
|t:|1785425217
|switch|p1a: Hydreigon|Hydreigon, L50, F|100/100
|move|p2a: Rotom|Volt Switch|p1b: Primarina
|-supereffective|p1b: Primarina|1
|-damage|p1b: Primarina|54/100
|
|t:|1785425222
|switch|p2a: Gholdengo|Gholdengo, L50|100/100|[from] Volt Switch
|move|p2b: Whimsicott|Moonblast|p1a: Hydreigon
|-supereffective|p1a: Hydreigon|2
|-damage|p1a: Hydreigon|0 fnt
|faint|p1a: Hydreigon
|move|p1b: Primarina|Hyper Voice|p2b: Whimsicott|[spread] p2a,p2b
|-resisted|p2b: Whimsicott|1
|-damage|p2a: Gholdengo|69/100
|-damage|p2b: Whimsicott|72/100
|
|upkeep
|
|t:|1785425229
|switch|p1a: Talonflame|Talonflame, L50, M|74/100
|turn|3
|
|t:|1785425243
|move|p2b: Whimsicott|Tailwind|p2b: Whimsicott
|-sidestart|p2: I love bo3|move: Tailwind
|move|p2a: Gholdengo|Shadow Ball|p1a: Talonflame
|-damage|p1a: Talonflame|0 fnt
|faint|p1a: Talonflame
|move|p1b: Primarina|Ice Beam|p2b: Whimsicott
|-supereffective|p2b: Whimsicott|1
|-damage|p2b: Whimsicott|0 fnt
|faint|p2b: Whimsicott
|
|upkeep
|
|t:|1785425256
|switch|p1a: Venusaur|Venusaur, L50, M|100/100
|switch|p2b: Staraptor|Staraptor, L50, M, shiny|100/100
|-ability|p2b: Staraptor|Intimidate|boost
|-unboost|p1a: Venusaur|atk|1
|-unboost|p1b: Primarina|atk|1
|turn|4
|
|t:|1785425283
|detailschange|p2b: Staraptor|Staraptor-Mega, L50, M, shiny
|-mega|p2b: Staraptor|Staraptor|Staraptite
|detailschange|p1a: Venusaur|Venusaur-Mega, L50, M
|-mega|p1a: Venusaur|Venusaur|Venusaurite
|move|p1b: Primarina|Protect|p1b: Primarina
|-singleturn|p1b: Primarina|Protect
|move|p2b: Staraptor|Close Combat|p1b: Primarina
|-activate|p1b: Primarina|move: Protect
|move|p2a: Gholdengo|Make It Rain|p1b: Primarina|[spread] p1a
|-activate|p1b: Primarina|move: Protect
|-damage|p1a: Venusaur|59/100
|-unboost|p2a: Gholdengo|spa|2
|move|p1a: Venusaur|Sludge Bomb|p2b: Staraptor
|-damage|p2b: Staraptor|51/100
|
|upkeep
|turn|5
|
|t:|1785425303
|move|p2b: Staraptor|Dual Wingbeat|p1b: Primarina|[miss]
|-miss|p2b: Staraptor|p1b: Primarina
|move|p2a: Gholdengo|Shadow Ball|p1b: Primarina
|-damage|p1b: Primarina|34/100
|-unboost|p1b: Primarina|spd|1
|move|p1a: Venusaur|Earth Power|p2a: Gholdengo
|-supereffective|p2a: Gholdengo|1
|-damage|p2a: Gholdengo|18/100
|move|p1b: Primarina|Moonblast|p2b: Staraptor
|-supereffective|p2b: Staraptor|1
|-damage|p2b: Staraptor|0 fnt
|faint|p2b: Staraptor
|
|upkeep
|
|t:|1785425309
|switch|p2b: Rotom|Rotom-Wash, L50|13/100
|turn|6
|c| BenBen84|ww
|
|t:|1785425344
|move|p2a: Gholdengo|Protect|p2a: Gholdengo
|-singleturn|p2a: Gholdengo|Protect
|move|p2b: Rotom|Electroweb|p1a: Venusaur|[spread] p1a,p1b
|-resisted|p1a: Venusaur|1
|-crit|p1a: Venusaur
|-supereffective|p1b: Primarina|1
|-damage|p1a: Venusaur|49/100
|-damage|p1b: Primarina|0 fnt
|-unboost|p1a: Venusaur|spe|1
|faint|p1b: Primarina
|move|p1a: Venusaur|Giga Drain|p2b: Rotom
|-supereffective|p2b: Rotom|1
|-damage|p2b: Rotom|0 fnt
|-heal|p1a: Venusaur|54/100|[from] drain|[of] p2b: Rotom
|faint|p2b: Rotom
|
|-sideend|p2: I love bo3|move: Tailwind
|upkeep
|turn|7
|
|t:|1785425362
|move|p2a: Gholdengo|Shadow Ball|p1a: Venusaur
|-damage|p1a: Venusaur|33/100
|move|p1a: Venusaur|Earth Power|p2a: Gholdengo
|-supereffective|p2a: Gholdengo|1
|-damage|p2a: Gholdengo|0 fnt
|faint|p2a: Gholdengo
|
|win|PaparaEX
|l|☆I love bo3
|player|p2|
