|j|☆Duca_tommy
|j|☆LentoEats
|html|Duca_tommyLentoEats    
|uhtml|bestof|Game 1 of a best-of-3
|t:|1757696610
|gametype|doubles
|player|p1|Duca_tommy|169|1165
|player|p2|LentoEats|265|1123
|gen|9
|tier|[Gen 9] VGC 2025 Reg H (Bo3)
|rated|
|rule|Species Clause: Limit one of each Pokémon
|rule|Item Clause: Limit 1 of each item
|clearpoke
|poke|p1|Hydrapple, L50, F|
|poke|p1|Indeedee-F, L50, F|
|poke|p1|Gallade, L50, M|
|poke|p1|Torkoal, L50, M|
|poke|p1|Zoroark-Hisui, L50, F|
|poke|p1|Hatterene, L50, F|
|poke|p2|Dragonite, L50, F|
|poke|p2|Ursaluna-Bloodmoon, L50, M|
|poke|p2|Gholdengo, L50|
|poke|p2|Milotic, L50, F|
|poke|p2|Incineroar, L50, M|
|poke|p2|Rillaboom, L50, F|
|teampreview|4
|showteam|p1|Hydrapple||AssaultVest|Regenerator|PollenPuff,SolarBeam,EnergyBall,FickleBeam|||F|||50|,,,,,Poison]Indeedee-F||PsychicSeed|PsychicSurge|TrickRoom,FollowMe,HelpingHand,Psychic|||F|||50|,,,,,Grass]Gallade||ClearAmulet|Sharpness|PsychoCut,SacredSword,WideGuard,TrickRoom|||M|||50|,,,,,Grass]Torkoal||Charcoal|Drought|Eruption,HeatWave,WeatherBall,Protect|||M|||50|,,,,,Fire]Zoroark-Hisui||ChoiceSpecs|Illusion|HyperBeam,HyperVoice,BitterMalice,ShadowBall|||F|||50|,,,,,Normal]Hatterene||LifeOrb|MagicBounce|TrickRoom,ExpandingForce,DazzlingGleam,Protect|||F|||50|,,,,,Fire
|showteam|p2|Dragonite||LoadedDice|InnerFocus|Tailwind,Protect,ScaleShot,ExtremeSpeed|||F|||50|,,,,,Normal]Ursaluna-Bloodmoon||AssaultVest|MindsEye|BloodMoon,HyperVoice,VacuumWave,EarthPower|||M|||50|,,,,,Water]Gholdengo||LifeOrb|GoodasGold|MakeItRain,ShadowBall,NastyPlot,Protect||||||50|,,,,,Water]Milotic||SitrusBerry|Competitive|Scald,IcyWind,Haze,Protect|||F|||50|,,,,,Fairy]Incineroar||SafetyGoggles|Intimidate|FakeOut,FlareBlitz,KnockOff,PartingShot|||M|||50|,,,,,Bug]Rillaboom||MiracleSeed|GrassySurge|WoodHammer,GrassyGlide,FakeOut,Uturn|||F|||50|,,,,,Fire
|inactive|Battle timer is ON: inactive players will automatically lose when time's up. (requested by Duca_tommy)
|inactive|Duca_tommy has 60 seconds left.
|
|t:|1757696654
|teamsize|p1|4
|teamsize|p2|4
|start
|switch|p1a: Indeedee|Indeedee-F, L50, F|100/100
|switch|p1b: Gallade|Gallade, L50, M|100/100
|switch|p2a: Incineroar|Incineroar, L50, M|100/100
|switch|p2b: Ursaluna|Ursaluna-Bloodmoon, L50, M|100/100
|-ability|p2a: Incineroar|Intimidate|boost
|-unboost|p1a: Indeedee|atk|1
|-fail|p1b: Gallade|unboost|[from] item: Clear Amulet|[of] p1b: Gallade
|-fieldstart|move: Psychic Terrain|[from] ability: Psychic Surge|[of] p1a: Indeedee
|-enditem|p1a: Indeedee|Psychic Seed
|-boost|p1a: Indeedee|spd|1|[from] item: Psychic Seed
|turn|1
|inactive|Duca_tommy has 30 seconds left.
|inactive|LentoEats has 30 seconds left.
|inactive|Duca_tommy has 20 seconds left.
|inactive|LentoEats has 20 seconds left.
|inactive|Duca_tommy has 15 seconds left.
|
|t:|1757696695
|-terastallize|p2a: Incineroar|Bug
|move|p1a: Indeedee|Follow Me|p1a: Indeedee
|-singleturn|p1a: Indeedee|move: Follow Me
|move|p2a: Incineroar|Knock Off|p1a: Indeedee
|-supereffective|p1a: Indeedee
|-damage|p1a: Indeedee|49/100
|move|p2b: Ursaluna|Blood Moon|p1a: Indeedee
|-damage|p1a: Indeedee|0 fnt
|faint|p1a: Indeedee
|move|p1b: Gallade|Trick Room|p1b: Gallade
|-fieldstart|move: Trick Room|[of] p1b: Gallade
|
|upkeep
|
|t:|1757696707
|switch|p1a: Torkoal|Torkoal, L50, M|100/100
|-weather|SunnyDay|[from] ability: Drought|[of] p1a: Torkoal
|turn|2
|
|t:|1757696724
|-terastallize|p1a: Torkoal|Fire
|move|p1a: Torkoal|Eruption|p2a: Incineroar|[spread] p2a,p2b
|-supereffective|p2a: Incineroar
|-damage|p2a: Incineroar|0 fnt
|-damage|p2b: Ursaluna|16/100
|faint|p2a: Incineroar
|move|p2b: Ursaluna|Hyper Voice|p1a: Torkoal|[spread] p1a,p1b
|-damage|p1a: Torkoal|50/100
|-damage|p1b: Gallade|68/100
|move|p1b: Gallade|Sacred Sword|p2b: Ursaluna
|-supereffective|p2b: Ursaluna
|-damage|p2b: Ursaluna|0 fnt
|faint|p2b: Ursaluna
|
|-weather|SunnyDay|[upkeep]
|upkeep
|
|t:|1757696726
|switch|p2b: Milotic|Milotic, L50, F|100/100
|switch|p2a: Gholdengo|Gholdengo, L50|100/100
|turn|3
|
|t:|1757696747
|move|p2a: Gholdengo|Protect|p2a: Gholdengo
|-singleturn|p2a: Gholdengo|Protect
|move|p1a: Torkoal|Heat Wave|p2b: Milotic|[spread] p2b
|-activate|p2a: Gholdengo|move: Protect
|-resisted|p2b: Milotic
|-damage|p2b: Milotic|71/100
|move|p1b: Gallade|Psycho Cut|p2a: Gholdengo
|-activate|p2a: Gholdengo|move: Protect
|move|p2b: Milotic|Scald|p1b: Gallade
|-damage|p1b: Gallade|52/100
|-status|p1b: Gallade|brn
|
|-weather|SunnyDay|[upkeep]
|-damage|p1b: Gallade|47/100 brn|[from] brn
|upkeep
|turn|4
|
|t:|1757696769
|move|p2a: Gholdengo|Protect||[still]
|-fail|p2a: Gholdengo
|move|p1a: Torkoal|Weather Ball|p2a: Gholdengo
|-supereffective|p2a: Gholdengo
|-damage|p2a: Gholdengo|0 fnt
|faint|p2a: Gholdengo
|move|p1b: Gallade|Psycho Cut|p2b: Milotic
|-damage|p2b: Milotic|34/100
|-enditem|p2b: Milotic|Sitrus Berry|[eat]
|-heal|p2b: Milotic|59/100|[from] item: Sitrus Berry
|move|p2b: Milotic|Scald|p1a: Torkoal
|-supereffective|p1a: Torkoal
|-damage|p1a: Torkoal|8/100
|
|-weather|SunnyDay|[upkeep]
|-damage|p1b: Gallade|41/100 brn|[from] brn
|upkeep
|turn|5
|
|t:|1757696779
|move|p2b: Milotic|Protect|p2b: Milotic
|-singleturn|p2b: Milotic|Protect
|move|p1a: Torkoal|Weather Ball|p2b: Milotic
|-activate|p2b: Milotic|move: Protect
|move|p1b: Gallade|Psycho Cut|p2b: Milotic
|-activate|p2b: Milotic|move: Protect
|
|-weather|SunnyDay|[upkeep]
|-damage|p1b: Gallade|35/100 brn|[from] brn
|-fieldend|move: Trick Room
|-fieldend|move: Psychic Terrain
|upkeep
|turn|6
|
|t:|1757696790
|switch|p1a: Hydrapple|Hydrapple, L50, F|100/100
|move|p2b: Milotic|Scald|p1b: Gallade
|-damage|p1b: Gallade|22/100 brn
|move|p1b: Gallade|Trick Room|p1b: Gallade
|-fieldstart|move: Trick Room|[of] p1b: Gallade
|
|-weather|none
|-damage|p1b: Gallade|16/100 brn|[from] brn
|upkeep
|turn|7
|
|t:|1757696805
|move|p1a: Hydrapple|Pollen Puff|p1b: Gallade
|-heal|p1b: Gallade|66/100 brn
|move|p1b: Gallade|Psycho Cut|p2b: Milotic
|-damage|p2b: Milotic|30/100
|move|p2b: Milotic|Icy Wind|p1b: Gallade|[spread] p1a,p1b
|-supereffective|p1a: Hydrapple
|-damage|p1a: Hydrapple|67/100
|-damage|p1b: Gallade|56/100 brn
|-unboost|p1a: Hydrapple|spe|1
|
|-damage|p1b: Gallade|50/100 brn|[from] brn
|upkeep
|turn|8
|-message|LentoEats forfeited.
|
|win|Duca_tommy
|l|☆LentoEats
|player|p2|
||Duca_tommy is ready for game 2.
||LentoEats is ready for game 2.
|uhtml|next|Next: Game 2 of 3
