|j|☆pandahp
|j|☆aqawa
|html|pandahpaqawa    
|uhtml|bestof|Game 2 of a best-of-3
|t:|1785755320
|gametype|doubles
|player|p1|pandahp|102|1238
|player|p2|aqawa|265|1185
|gen|9
|tier|[Gen 9 Champions] VGC 2026 Reg M-B (Bo3)
|rated|
|rule|Species Clause: Limit one of each Pokémon
|rule|Item Clause: Limit 1 of each item
|clearpoke
|poke|p1|Metagross, L50|
|poke|p1|Staraptor, L50, M|
|poke|p1|Sylveon, L50, F|
|poke|p1|Ceruledge, L50, M|
|poke|p1|Sinistcha, L50|
|poke|p1|Grimmsnarl, L50, M|
|poke|p2|Annihilape, L50, M|
|poke|p2|Raichu, L50, M|
|poke|p2|Gholdengo, L50|
|poke|p2|Altaria, L50, F|
|poke|p2|Toxapex, L50, M|
|poke|p2|Grimmsnarl, L50, M|
|teampreview|4
|showteam|p1|Metagross||Metagrossite|ClearBody|StompingTantrum,PsychicFangs,IronHead,Protect|Jolly|||||50|]Staraptor||Staraptite|Intimidate|CloseCombat,BraveBird,Tailwind,Protect|Jolly||M|||50|]Sylveon||FairyFeather|Pixilate|HyperBeam,HyperVoice,QuickAttack,Detect|Modest||F|||50|]Ceruledge||ColburBerry|FlashFire|BitterBlade,ShadowSneak,BulkUp,Protect|Adamant||M|||50|]Sinistcha||KasibBerry|Hospitality|MatchaGotcha,RagePowder,TrickRoom,Protect|Relaxed|||||50|]Grimmsnarl||LightClay|Prankster|SpiritBreak,Reflect,LightScreen,PartingShot|Impish||M|||50|
|showteam|p2|Annihilape||FocusSash|Defiant|Protect,CloseCombat,PhantomForce,Taunt|Jolly||M|||50|]Raichu||RaichuniteY|LightningRod|ZapCannon,FocusBlast,Protect,FakeOut|Timid||M|||50|]Gholdengo||ChoiceScarf|GoodasGold|MakeItRain,Trick,Thunderbolt,ShadowBall|Modest|||||50|]Altaria||Altarianite|CloudNine|Protect,CottonGuard,HyperVoice,Roost|Calm||F|||50|]Toxapex||Leftovers|Regenerator|Infestation,Toxic,BanefulBunker,WideGuard|Bold||M|||50|]Grimmsnarl||LightClay|Prankster|LightScreen,FoulPlay,Reflect,PartingShot|Sassy||M|||50|
|inactive|Battle timer is ON: inactive players will automatically lose when time's up. (requested by aqawa)
|inactive|pandahp has 60 seconds left.
|
|t:|1785755362
|teamsize|p1|4
|teamsize|p2|4
|start
|switch|p1a: Metagross|Metagross, L50|100/100
|switch|p1b: Grimmsnarl|Grimmsnarl, L50, M|100/100
|switch|p2a: Raichu|Raichu, L50, M|100/100
|switch|p2b: Gholdengo|Gholdengo, L50|100/100
|turn|1
|inactive|pandahp has 30 seconds left.
|inactive|aqawa has 30 seconds left.
|
|t:|1785755392
|switch|p2b: Annihilape|Annihilape, L50, M|100/100
|detailschange|p2a: Raichu|Raichu-Mega-Y, L50, M
|-mega|p2a: Raichu|Raichu|Raichunite Y
|move|p1a: Metagross|Protect|p1a: Metagross
|-singleturn|p1a: Metagross|Protect
|move|p1b: Grimmsnarl|Parting Shot|p2a: Raichu
|-unboost|p2a: Raichu|atk|1
|-unboost|p2a: Raichu|spa|1
|
|t:|1785755401
|switch|p1b: Sinistcha|Sinistcha, L50|100/100|[from] Parting Shot
|move|p2a: Raichu|Zap Cannon|p1a: Metagross
|-activate|p1a: Metagross|move: Protect
|
|upkeep
|turn|2
|
|t:|1785755414
|detailschange|p1a: Metagross|Metagross-Mega, L50
|-mega|p1a: Metagross|Metagross|Metagrossite
|move|p1b: Sinistcha|Rage Powder|p1b: Sinistcha
|-singleturn|p1b: Sinistcha|move: Rage Powder
|move|p2a: Raichu|Zap Cannon|p1b: Sinistcha
|-resisted|p1b: Sinistcha|1
|-damage|p1b: Sinistcha|81/100
|-status|p1b: Sinistcha|par
|move|p1a: Metagross|Psychic Fangs|p2b: Annihilape
|-supereffective|p2b: Annihilape|1
|-enditem|p2b: Annihilape|Focus Sash
|-damage|p2b: Annihilape|1/100
|move|p2b: Annihilape|Taunt|p1b: Sinistcha
|-start|p1b: Sinistcha|move: Taunt
|
|upkeep
|turn|3
|
|t:|1785755434
|move|p1a: Metagross|Protect|p1a: Metagross
|-singleturn|p1a: Metagross|Protect
|move|p2a: Raichu|Zap Cannon|p1a: Metagross
|-activate|p1a: Metagross|move: Protect
|move|p2b: Annihilape|Phantom Force||[still]
|-prepare|p2b: Annihilape|Phantom Force
|move|p1b: Sinistcha|Matcha Gotcha|p2a: Raichu|[spread] p2a
|-miss|p1b: Sinistcha|p2b: Annihilape
|-damage|p2a: Raichu|69/100
|-heal|p1b: Sinistcha|96/100 par|[from] drain|[of] p2a: Raichu
|-status|p2a: Raichu|brn
|
|-damage|p2a: Raichu|63/100 brn|[from] brn
|upkeep
|turn|4
|inactive|pandahp has 30 seconds left.
|
|t:|1785755459
|switch|p1a: Grimmsnarl|Grimmsnarl, L50, M|100/100
|move|p2a: Raichu|Zap Cannon|p1a: Grimmsnarl
|-damage|p1a: Grimmsnarl|56/100
|-status|p1a: Grimmsnarl|par
|move|p2b: Annihilape|Phantom Force|p1a: Grimmsnarl|[from] lockedmove
|-resisted|p1a: Grimmsnarl|1
|-damage|p1a: Grimmsnarl|34/100 par
|move|p1b: Sinistcha|Matcha Gotcha|p2b: Annihilape|[spread] p2a,p2b
|-damage|p2a: Raichu|30/100 brn
|-heal|p1b: Sinistcha|100/100 par|[from] drain|[of] p2a: Raichu
|-damage|p2b: Annihilape|0 fnt
|faint|p2b: Annihilape
|
|-damage|p2a: Raichu|24/100 brn|[from] brn
|upkeep
|
|t:|1785755478
|switch|p2b: Toxapex|Toxapex, L50, M|100/100
|turn|5
|
|t:|1785755504
|switch|p2a: Gholdengo|Gholdengo, L50|100/100
|move|p2b: Toxapex|Wide Guard|p2b: Toxapex
|-singleturn|p2b: Toxapex|Wide Guard
|move|p1a: Grimmsnarl|Parting Shot|p2a: Gholdengo
|-immune|p2a: Gholdengo|[from] ability: Good as Gold
|move|p1b: Sinistcha|Matcha Gotcha|p2a: Gholdengo|[spread] 
|-activate|p2a: Gholdengo|move: Wide Guard
|-activate|p2b: Toxapex|move: Wide Guard
|
|-end|p1b: Sinistcha|move: Taunt
|upkeep
|turn|6
|inactive|pandahp has 30 seconds left.
|
|t:|1785755534
|move|p1a: Grimmsnarl|Light Screen|p1a: Grimmsnarl
|-sidestart|p1: pandahp|move: Light Screen
|move|p2a: Gholdengo|Shadow Ball|p1a: Grimmsnarl
|-resisted|p1a: Grimmsnarl|1
|-damage|p1a: Grimmsnarl|19/100 par
|move|p2b: Toxapex|Infestation|p1a: Grimmsnarl
|-damage|p1a: Grimmsnarl|17/100 par
|-activate|p1a: Grimmsnarl|move: Infestation|[of] p2b: Toxapex
|move|p1b: Sinistcha|Matcha Gotcha|p2b: Toxapex|[spread] p2a,p2b
|-resisted|p2a: Gholdengo|1
|-damage|p2a: Gholdengo|87/100
|-damage|p2b: Toxapex|82/100
|
|-heal|p2b: Toxapex|88/100|[from] item: Leftovers
|-damage|p1a: Grimmsnarl|5/100 par|[from] move: Infestation|[partiallytrapped]
|upkeep
|turn|7
|inactive|pandahp has 30 seconds left.
|
|t:|1785755562
|move|p2b: Toxapex|Wide Guard|p2b: Toxapex
|-singleturn|p2b: Toxapex|Wide Guard
|move|p1b: Sinistcha|Rage Powder|p1b: Sinistcha
|-singleturn|p1b: Sinistcha|move: Rage Powder
|move|p2a: Gholdengo|Shadow Ball|p1b: Sinistcha
|-supereffective|p1b: Sinistcha|1
|-enditem|p1b: Sinistcha|Kasib Berry|[eat]
|-enditem|p1b: Sinistcha|Kasib Berry|[weaken]
|-damage|p1b: Sinistcha|69/100 par
|-unboost|p1b: Sinistcha|spd|1
|move|p1a: Grimmsnarl|Spirit Break|p2a: Gholdengo
|-resisted|p2a: Gholdengo|1
|-damage|p2a: Gholdengo|69/100
|-unboost|p2a: Gholdengo|spa|1
|
|-heal|p2b: Toxapex|94/100|[from] item: Leftovers
|-damage|p1a: Grimmsnarl|0 fnt|[from] move: Infestation|[partiallytrapped]
|faint|p1a: Grimmsnarl
|upkeep
|
|t:|1785755578
|switch|p1a: Metagross|Metagross-Mega, L50|100/100
|turn|8
|
|t:|1785755594
|switch|p2a: Raichu|Raichu-Mega-Y, L50, M|24/100 brn
|move|p1b: Sinistcha|Rage Powder|p1b: Sinistcha
|-singleturn|p1b: Sinistcha|move: Rage Powder
|move|p1a: Metagross|Stomping Tantrum|p2a: Raichu
|-supereffective|p2a: Raichu|1
|-damage|p2a: Raichu|0 fnt
|faint|p2a: Raichu
|move|p2b: Toxapex|Infestation|p1b: Sinistcha
|-crit|p1b: Sinistcha
|-damage|p1b: Sinistcha|62/100 par
|-activate|p1b: Sinistcha|move: Infestation|[of] p2b: Toxapex
|
|-heal|p2b: Toxapex|100/100|[from] item: Leftovers
|-damage|p1b: Sinistcha|50/100y par|[from] move: Infestation|[partiallytrapped]
|upkeep
|
|t:|1785755598
|switch|p2a: Gholdengo|Gholdengo, L50|69/100
|turn|9
|
|t:|1785755611
|move|p1b: Sinistcha|Rage Powder|p1b: Sinistcha
|-singleturn|p1b: Sinistcha|move: Rage Powder
|move|p2a: Gholdengo|Shadow Ball|p1b: Sinistcha
|-supereffective|p1b: Sinistcha|1
|-damage|p1b: Sinistcha|0 fnt
|faint|p1b: Sinistcha
|move|p1a: Metagross|Stomping Tantrum|p2a: Gholdengo
|-supereffective|p2a: Gholdengo|1
|-damage|p2a: Gholdengo|0 fnt
|faint|p2a: Gholdengo
|move|p2b: Toxapex|Infestation|p1a: Metagross
|-damage|p1a: Metagross|98/100
|-activate|p1a: Metagross|move: Infestation|[of] p2b: Toxapex
|
|-damage|p1a: Metagross|85/100|[from] move: Infestation|[partiallytrapped]
|upkeep
|
|t:|1785755623
|switch|p1b: Ceruledge|Ceruledge, L50, M|100/100
|turn|10
|
|t:|1785755630
|move|p1a: Metagross|Psychic Fangs|p2b: Toxapex
|-supereffective|p2b: Toxapex|1
|-damage|p2b: Toxapex|26/100
|move|p1b: Ceruledge|Bulk Up|p1b: Ceruledge
|-boost|p1b: Ceruledge|atk|1
|-boost|p1b: Ceruledge|def|1
|move|p2b: Toxapex|Toxic|p1b: Ceruledge
|-status|p1b: Ceruledge|tox
|
|-heal|p2b: Toxapex|31/100|[from] item: Leftovers
|-damage|p1b: Ceruledge|93/100 tox|[from] psn
|-damage|p1a: Metagross|73/100|[from] move: Infestation|[partiallytrapped]
|upkeep
|turn|11
|
|t:|1785755645
|move|p2b: Toxapex|Baneful Bunker|p2b: Toxapex
|-singleturn|p2b: Toxapex|move: Protect
|move|p1b: Ceruledge|Shadow Sneak|p2b: Toxapex
|-activate|p2b: Toxapex|move: Protect
|move|p1a: Metagross|Psychic Fangs|p2b: Toxapex
|-activate|p2b: Toxapex|move: Protect
|
|-heal|p2b: Toxapex|37/100|[from] item: Leftovers
|-damage|p1b: Ceruledge|81/100 tox|[from] psn
|-damage|p1a: Metagross|61/100|[from] move: Infestation|[partiallytrapped]
|upkeep
|turn|12
|
|t:|1785755657
|move|p2b: Toxapex|Baneful Bunker||[still]
|-fail|p2b: Toxapex
|move|p1b: Ceruledge|Shadow Sneak|p2b: Toxapex
|-damage|p2b: Toxapex|16/100
|move|p1a: Metagross|Psychic Fangs|p2b: Toxapex
|-supereffective|p2b: Toxapex|1
|-damage|p2b: Toxapex|0 fnt
|faint|p2b: Toxapex
|
|win|pandahp
||pandahp is ready for game 3.
|inactive|aqawa has 30 seconds to confirm battle start!
|inactive|aqawa has 20 seconds to confirm battle start!
|inactive|aqawa has 10 seconds to confirm battle start!
|uhtml|next|Next: Game 3 of 3
|l|☆aqawa
|player|p2|
