|j|☆ToastedArt
|j|☆bearlover997
|html|ToastedArtbearlover997    
|uhtml|bestof|Game 3 of a best-of-3
|t:|1784535851
|gametype|doubles
|player|p1|ToastedArt|iris|1103
|player|p2|bearlover997|sage|1169
|gen|9
|tier|[Gen 9 Champions] VGC 2026 Reg M-B (Bo3)
|rated|
|rule|Species Clause: Limit one of each Pokémon
|rule|Item Clause: Limit 1 of each item
|clearpoke
|poke|p1|Falinks, L50, shiny|
|poke|p1|Incineroar, L50, F|
|poke|p1|Basculegion, L50, M|
|poke|p1|Sneasler, L50, F|
|poke|p1|Vanilluxe, L50, M, shiny|
|poke|p1|Dragonite, L50, M|
|poke|p2|Mamoswine, L50, M, shiny|
|poke|p2|Ninetales-Alola, L50, F|
|poke|p2|Eelektross, L50, F, shiny|
|poke|p2|Oranguru, L50, F|
|poke|p2|Whimsicott, L50, F|
|poke|p2|Incineroar, L50, F|
|teampreview|4
|showteam|p1|Falinks||Falinksite|Defiant|NoRetreat,CloseCombat,RockSlide,Protect|Adamant|||||50|]Incineroar||PasshoBerry|Intimidate|FlareBlitz,ThroatChop,FakeOut,PartingShot|Adamant||F|||50|]Basculegion||SitrusBerry|Adaptability|WaveCrash,LastRespects,AquaJet,Protect|Adamant||M|||50|]Sneasler||FocusSash|PoisonTouch|PoisonJab,CloseCombat,FakeOut,Coaching|Jolly||F|||50|]Vanilluxe||ChoiceScarf|SnowWarning|Blizzard,FreezeDry,IcyWind,SheerCold|Modest||M|||50|]Dragonite||LifeOrb|InnerFocus|DragonClaw,ExtremeSpeed,ThunderPunch,Tailwind|Adamant||M|||50|
|showteam|p2|Mamoswine||LifeOrb|Oblivious|IceShard,Earthquake,Protect,RockSlide|Adamant||M|||50|]Ninetales-Alola||FocusSash|SnowWarning|Encore,Disable,Blizzard,Protect|Timid||F|||50|]Eelektross||Eelektrossite|Levitate|Discharge,Protect,Flamethrower,GigaDrain|Modest||F|||50|]Oranguru||MentalHerb|Telepathy|TrickRoom,Instruct,Protect,PsychicNoise|Sassy||F|||50|]Whimsicott||Leftovers|Prankster|Encore,Tailwind,FakeTears,Moonblast|Bold||F|||50|]Incineroar||PasshoBerry|Intimidate|FakeOut,PartingShot,FlareBlitz,CloseCombat|Adamant||F|||50|
|inactive|Battle timer is ON: inactive players will automatically lose when time's up. (requested by ToastedArt)
|inactive|bearlover997 also wants the timer to be on.
|
|t:|1784535865
|teamsize|p1|4
|teamsize|p2|4
|start
|switch|p1a: Sneasler|Sneasler, L50, F|100/100
|switch|p1b: Vanilluxe|Vanilluxe, L50, M, shiny|100/100
|switch|p2a: Whimsicott|Whimsicott, L50, F|100/100
|switch|p2b: Ninetales|Ninetales-Alola, L50, F|100/100
|-weather|Snowscape|[from] ability: Snow Warning|[of] p1b: Vanilluxe
|turn|1
|inactive|bearlover997 has 30 seconds left.
|
|t:|1784535892
|switch|p2b: Mamoswine|Mamoswine, L50, M, shiny|100/100
|move|p2a: Whimsicott|Tailwind|p2a: Whimsicott
|-sidestart|p2: bearlover997|move: Tailwind
|move|p1b: Vanilluxe|Icy Wind|p2b: Mamoswine|[spread] p2a,p2b
|-supereffective|p2a: Whimsicott|1
|-damage|p2a: Whimsicott|42/100
|-damage|p2b: Mamoswine|71/100
|-unboost|p2a: Whimsicott|spe|1
|-unboost|p2b: Mamoswine|spe|1
|move|p1a: Sneasler|Poison Jab|p2b: Mamoswine
|-resisted|p2b: Mamoswine|1
|-damage|p2b: Mamoswine|60/100
|
|-weather|Snowscape|[upkeep]
|-heal|p2a: Whimsicott|48/100|[from] item: Leftovers
|upkeep
|turn|2
|
|t:|1784535912
|move|p1b: Vanilluxe|Icy Wind|p2b: Mamoswine|[spread] p2a,p2b
|-supereffective|p2a: Whimsicott|1
|-damage|p2a: Whimsicott|0 fnt
|-damage|p2b: Mamoswine|30/100
|-unboost|p2b: Mamoswine|spe|1
|faint|p2a: Whimsicott
|move|p1a: Sneasler|Close Combat|p2b: Mamoswine
|-supereffective|p2b: Mamoswine|1
|-damage|p2b: Mamoswine|0 fnt
|-unboost|p1a: Sneasler|def|1
|-unboost|p1a: Sneasler|spd|1
|faint|p2b: Mamoswine
|
|-weather|Snowscape|[upkeep]
|upkeep
|
|t:|1784535919
|switch|p2a: Eelektross|Eelektross, L50, F, shiny|100/100
|switch|p2b: Ninetales|Ninetales-Alola, L50, F|100/100
|turn|3
|
|t:|1784535939
|switch|p1b: Basculegion|Basculegion, L50, M|100/100
|detailschange|p2a: Eelektross|Eelektross-Mega, L50, F, shiny
|-mega|p2a: Eelektross|Eelektross|Eelektrossite
|move|p2b: Ninetales|Disable||[still]
|-fail|p2b: Ninetales
|move|p2a: Eelektross|Flamethrower|p1a: Sneasler
|-damage|p1a: Sneasler|21/100
|move|p1a: Sneasler|Poison Jab|p2b: Ninetales
|-supereffective|p2b: Ninetales|1
|-crit|p2b: Ninetales
|-enditem|p2b: Ninetales|Focus Sash
|-damage|p2b: Ninetales|1/100
|-status|p2b: Ninetales|psn
|
|-weather|Snowscape|[upkeep]
|-damage|p2b: Ninetales|0 fnt|[from] psn
|faint|p2b: Ninetales
|upkeep
|turn|4
|
|t:|1784535957
|move|p1b: Basculegion|Protect|p1b: Basculegion
|-singleturn|p1b: Basculegion|Protect
|move|p2a: Eelektross|Discharge|p1a: Sneasler|[spread] p1a
|-activate|p1b: Basculegion|move: Protect
|-damage|p1a: Sneasler|0 fnt
|faint|p1a: Sneasler
|-ability|p2a: Eelektross|Eelevate|boost
|-boost|p2a: Eelektross|spa|1
|
|-weather|Snowscape|[upkeep]
|-sideend|p2: bearlover997|move: Tailwind
|upkeep
|
|t:|1784535964
|switch|p1a: Vanilluxe|Vanilluxe, L50, M, shiny|100/100
|turn|5
|
|t:|1784535971
|move|p1a: Vanilluxe|Icy Wind|p2a: Eelektross
|-damage|p2a: Eelektross|72/100
|-unboost|p2a: Eelektross|spe|1
|move|p1b: Basculegion|Last Respects|p2a: Eelektross
|-damage|p2a: Eelektross|0 fnt
|faint|p2a: Eelektross
|
|win|ToastedArt
|raw|ToastedArt's rating: 1103 → 1133(+30 for winning)
|raw|bearlover997's rating: 1169 → 1139(-30 for losing)
