|j|☆gonnatortureyou
|j|☆Beeetch
|html|gonnatortureyouBeeetch    
|uhtml|bestof|Game 1 of a best-of-3
|t:|1757203542
|gametype|doubles
|player|p1|gonnatortureyou|2|1221
|player|p2|Beeetch|beauty-gen4dp|1316
|gen|9
|tier|[Gen 9] VGC 2025 Reg H (Bo3)
|rated|
|rule|Species Clause: Limit one of each Pokémon
|rule|Item Clause: Limit 1 of each item
|clearpoke
|poke|p1|Dragonite, L50, F|
|poke|p1|Kingambit, L50, F|
|poke|p1|Electabuzz, L50, F|
|poke|p1|Rillaboom, L50, M|
|poke|p1|Volcarona, L50, M|
|poke|p1|Sneasler, L50, F|
|poke|p2|Excadrill, L50, F|
|poke|p2|Tyranitar, L50, M|
|poke|p2|Sneasler, L50, M|
|poke|p2|Indeedee, L50, M|
|poke|p2|Corviknight, L50, F|
|poke|p2|Annihilape, L50, M|
|teampreview|4
|showteam|p1|Dragonite||LoadedDice|Multiscale|ScaleShot,ExtremeSpeed,Haze,Protect|||F|||50|,,,,,Steel]Kingambit||BlackGlasses|Defiant|KowtowCleave,SuckerPunch,SwordsDance,Protect|||F|||50|,,,,,Dark]Electabuzz||Eviolite|VitalSpirit|Thunderbolt,Taunt,FollowMe,Protect|||F|||50|,,,,,Ghost]Rillaboom||AssaultVest|GrassySurge|WoodHammer,GrassyGlide,HighHorsepower,FakeOut|||M|||50|,,,,,Fire]Volcarona||Leftovers|FlameBody|HeatWave,TeraBlast,QuiverDance,Protect|||M|||50|,,,,,Fairy]Sneasler||FocusSash|Unburden|CloseCombat,DireClaw,Coaching,Protect|||F|||50|,,,,,Stellar
|showteam|p2|Excadrill||FocusSash|SandRush|IronHead,HighHorsepower,Earthquake,Protect|||F|||50|,,,,,Stellar]Tyranitar||AssaultVest|SandStream|RockSlide,KnockOff,TeraBlast,LowKick|||M|||50|,,,,,Flying]Sneasler||PsychicSeed|Unburden|DireClaw,CloseCombat,ThroatChop,Protect|||M|||50|,,,,,Dark]Indeedee||ChoiceScarf|PsychicSurge|ExpandingForce,TeraBlast,Protect,Trick|||M|||50|,,,,,Psychic]Corviknight||Leftovers|MirrorArmor|BraveBird,BulkUp,Roost,Tailwind|||F|||50|,,,,,Dragon]Annihilape||SafetyGoggles|Defiant|CloseCombat,FinalGambit,RageFist,Taunt|||M|||50|,,,,,Water
|inactive|Battle timer is ON: inactive players will automatically lose when time's up. (requested by gonnatortureyou)
|inactive|gonnatortureyou has 60 seconds left.
|inactive|Beeetch has 60 seconds left.
|
|t:|1757203587
|teamsize|p1|4
|teamsize|p2|4
|start
|switch|p1a: Electabuzz|Electabuzz, L50, F|100/100
|switch|p1b: Kingambit|Kingambit, L50, F|100/100
|switch|p2a: Tyranitar|Tyranitar, L50, M, shiny|100/100
|switch|p2b: Excadrill|Excadrill, L50, F, shiny|100/100
|-weather|Sandstorm|[from] ability: Sand Stream|[of] p2a: Tyranitar
|turn|1
|inactive|Beeetch has 30 seconds left.
|inactive|Beeetch has 20 seconds left.
|inactive|Beeetch has 15 seconds left.
|inactive|Beeetch has 10 seconds left.
|
|t:|1757203636
|-terastallize|p2a: Tyranitar|Flying
|-terastallize|p1b: Kingambit|Dark
|move|p1a: Electabuzz|Follow Me|p1a: Electabuzz
|-singleturn|p1a: Electabuzz|move: Follow Me
|move|p2b: Excadrill|Earthquake|p1b: Kingambit|[spread] p1a,p1b
|-immune|p2a: Tyranitar
|-supereffective|p1a: Electabuzz
|-damage|p1a: Electabuzz|37/100
|-damage|p1b: Kingambit|69/100
|move|p2a: Tyranitar|Tera Blast|p1a: Electabuzz|[anim] Tera Blast Flying
|-resisted|p1a: Electabuzz
|-damage|p1a: Electabuzz|18/100
|move|p1b: Kingambit|Swords Dance|p1b: Kingambit
|-boost|p1b: Kingambit|atk|2
|
|-weather|Sandstorm|[upkeep]
|-damage|p1a: Electabuzz|12/100|[from] Sandstorm
|-damage|p2a: Tyranitar|95/100|[from] Sandstorm
|-damage|p1b: Kingambit|62/100|[from] Sandstorm
|upkeep
|turn|2
|inactive|gonnatortureyou has 30 seconds left.
|
|t:|1757203663
|switch|p2a: Indeedee|Indeedee, L50, M, shiny|100/100
|-fieldstart|move: Psychic Terrain|[from] ability: Psychic Surge|[of] p2a: Indeedee
|move|p2b: Excadrill|Protect|p2b: Excadrill
|-singleturn|p2b: Excadrill|Protect
|move|p1a: Electabuzz|Protect|p1a: Electabuzz
|-singleturn|p1a: Electabuzz|Protect
|move|p1b: Kingambit|Sucker Punch||[still]
|-fail|p1b: Kingambit
|
|-weather|Sandstorm|[upkeep]
|-damage|p2a: Indeedee|95/100|[from] Sandstorm
|-damage|p1a: Electabuzz|6/100|[from] Sandstorm
|-damage|p1b: Kingambit|56/100|[from] Sandstorm
|upkeep
|turn|3
|
|t:|1757203683
|switch|p2a: Tyranitar|Tyranitar, L50, M, shiny, tera:Flying|95/100
|switch|p1a: Rillaboom|Rillaboom, L50, M|100/100
|-fieldstart|move: Grassy Terrain|[from] ability: Grassy Surge|[of] p1a: Rillaboom
|move|p1b: Kingambit|Sucker Punch||[still]
|-fail|p1b: Kingambit
|move|p2b: Excadrill|High Horsepower|p1b: Kingambit|[miss]
|-miss|p2b: Excadrill|p1b: Kingambit
|
|-weather|Sandstorm|[upkeep]
|-damage|p1a: Rillaboom|95/100|[from] Sandstorm
|-damage|p2a: Tyranitar|89/100|[from] Sandstorm
|-damage|p1b: Kingambit|50/100|[from] Sandstorm
|-heal|p1a: Rillaboom|100/100|[from] Grassy Terrain
|-heal|p1b: Kingambit|56/100|[from] Grassy Terrain
|upkeep
|turn|4
|inactive|Beeetch has 30 seconds left.
|
|t:|1757203714
|switch|p2b: Indeedee|Indeedee, L50, M, shiny|95/100
|-fieldstart|move: Psychic Terrain|[from] ability: Psychic Surge|[of] p2b: Indeedee
|move|p1a: Rillaboom|Fake Out|p2a: Tyranitar
|-hint|Psychic Terrain doesn't affect Pokémon immune to Ground.
|-damage|p2a: Tyranitar|76/100
|cant|p2a: Tyranitar|flinch
|move|p1b: Kingambit|Kowtow Cleave|p2a: Tyranitar
|-damage|p2a: Tyranitar|0 fnt
|faint|p2a: Tyranitar
|
|-weather|Sandstorm|[upkeep]
|-damage|p2b: Indeedee|89/100|[from] Sandstorm
|-damage|p1a: Rillaboom|95/100|[from] Sandstorm
|-damage|p1b: Kingambit|50/100|[from] Sandstorm
|upkeep
|
|t:|1757203725
|switch|p2a: Excadrill|Excadrill, L50, F, shiny|100/100
|turn|5
|
|t:|1757203749
|switch|p2b: Corviknight|Corviknight, L50, F|100/100
|switch|p1a: Electabuzz|Electabuzz, L50, F|6/100
|move|p1b: Kingambit|Protect|p1b: Kingambit
|-singleturn|p1b: Kingambit|Protect
|move|p2a: Excadrill|Earthquake|p1b: Kingambit|[spread] p1a
|-activate|p1b: Kingambit|move: Protect
|-immune|p2b: Corviknight
|-supereffective|p1a: Electabuzz
|-damage|p1a: Electabuzz|0 fnt
|faint|p1a: Electabuzz
|
|-weather|none
|upkeep
|
|t:|1757203763
|switch|p1a: Sneasler|Sneasler, L50, F|100/100
|turn|6
|inactive|Beeetch has 30 seconds left.
|
|t:|1757203792
|switch|p1a: Rillaboom|Rillaboom, L50, M|95/100
|-fieldstart|move: Grassy Terrain|[from] ability: Grassy Surge|[of] p1a: Rillaboom
|move|p1b: Kingambit|Sucker Punch|p2a: Excadrill
|-enditem|p2a: Excadrill|Focus Sash
|-damage|p2a: Excadrill|1/100
|move|p2a: Excadrill|Earthquake|p1b: Kingambit|[spread] p1a,p1b
|-immune|p2b: Corviknight
|-resisted|p1a: Rillaboom
|-damage|p1a: Rillaboom|85/100
|-damage|p1b: Kingambit|35/100
|move|p2b: Corviknight|Tailwind|p2b: Corviknight
|-sidestart|p2: Beeetch|move: Tailwind
|
|-heal|p2a: Excadrill|7/100|[from] Grassy Terrain
|-heal|p1a: Rillaboom|91/100|[from] Grassy Terrain
|-heal|p1b: Kingambit|41/100|[from] Grassy Terrain
|upkeep
|turn|7
|
|t:|1757203815
|switch|p2a: Indeedee|Indeedee, L50, M, shiny|89/100
|-fieldstart|move: Psychic Terrain|[from] ability: Psychic Surge|[of] p2a: Indeedee
|move|p1b: Kingambit|Protect|p1b: Kingambit
|-singleturn|p1b: Kingambit|Protect
|move|p2b: Corviknight|Brave Bird|p1a: Rillaboom
|-supereffective|p1a: Rillaboom
|-damage|p1a: Rillaboom|9/100
|-damage|p2b: Corviknight|73/100|[from] Recoil
|move|p1a: Rillaboom|Grassy Glide|p2a: Indeedee
|-damage|p2a: Indeedee|35/100
|
|-heal|p2b: Corviknight|79/100|[from] item: Leftovers
|upkeep
|turn|8
|inactive|Beeetch has 30 seconds left.
|inactive|Beeetch has 20 seconds left.
|inactive|Beeetch has 15 seconds left.
|inactive|Beeetch has 10 seconds left.
|inactive|Beeetch has 5 seconds left.
|
|t:|1757203866
|switch|p2b: Excadrill|Excadrill, L50, F, shiny|7/100
|switch|p1a: Sneasler|Sneasler, L50, F|100/100
|move|p2a: Indeedee|Expanding Force|p1b: Kingambit|[spread] p1a
|-immune|p1b: Kingambit
|-supereffective|p1a: Sneasler
|-enditem|p1a: Sneasler|Focus Sash
|-damage|p1a: Sneasler|1/100
|move|p1b: Kingambit|Kowtow Cleave|p2a: Indeedee
|-supereffective|p2a: Indeedee
|-damage|p2a: Indeedee|0 fnt
|faint|p2a: Indeedee
|
|upkeep
|
|t:|1757203878
|switch|p2a: Corviknight|Corviknight, L50, F|79/100
|turn|9
|
|t:|1757203898
|switch|p1a: Rillaboom|Rillaboom, L50, M|9/100
|-fieldstart|move: Grassy Terrain|[from] ability: Grassy Surge|[of] p1a: Rillaboom
|move|p2b: Excadrill|Protect|p2b: Excadrill
|-singleturn|p2b: Excadrill|Protect
|move|p2a: Corviknight|Brave Bird|p1b: Kingambit
|-damage|p1b: Kingambit|4/100
|-damage|p2a: Corviknight|66/100|[from] Recoil
|move|p1b: Kingambit|Kowtow Cleave|p2a: Corviknight
|-damage|p2a: Corviknight|0 fnt
|faint|p2a: Corviknight
|
|-heal|p2b: Excadrill|13/100|[from] Grassy Terrain
|-heal|p1a: Rillaboom|15/100|[from] Grassy Terrain
|-heal|p1b: Kingambit|10/100|[from] Grassy Terrain
|-sideend|p2: Beeetch|move: Tailwind
|upkeep
|turn|10
|c|☆gonnatortureyou|vgc 2.0
|
|t:|1757203921
|move|p1a: Rillaboom|Grassy Glide|p2b: Excadrill
|-damage|p2b: Excadrill|0 fnt
|faint|p2b: Excadrill
|
|win|gonnatortureyou
||gonnatortureyou is ready for game 2.
|inactive|Beeetch has 30 seconds to confirm battle start!
|inactive|Beeetch has 20 seconds to confirm battle start!
||Beeetch is ready for game 2.
|uhtml|next|Next: Game 2 of 3
|l|☆Beeetch
|player|p2|
