|j|☆pinkp0nguin
|j|☆DerpieHAHAHA
|html|pinkp0nguinDerpieHAHAHA    
|uhtml|bestof|Game 2 of a best-of-3
|t:|1784900249
|gametype|doubles
|player|p1|pinkp0nguin|cynthia-masters4|
|player|p2|DerpieHAHAHA|1|
|gen|9
|tier|[Gen 9 Champions] VGC 2026 Reg M-B (Bo3)
|rule|Species Clause: Limit one of each Pokémon
|rule|Item Clause: Limit 1 of each item
|clearpoke
|poke|p1|Gardevoir, L50, F|
|poke|p1|Meowstic, L50, M|
|poke|p1|Incineroar, L50, F|
|poke|p1|Basculegion, L50, M|
|poke|p1|Talonflame, L50, M|
|poke|p1|Blastoise, L50, F|
|poke|p2|Sableye, L50, F|
|poke|p2|Dragapult, L50, F|
|poke|p2|Pelipper, L50, F|
|poke|p2|Primarina, L50, M|
|poke|p2|Incineroar, L50, M|
|poke|p2|Kingambit, L50, M|
|teampreview|4
|showteam|p1|Gardevoir||Gardevoirite|Trace|HyperVoice,ExpandingForce,CalmMind,Protect|Timid||F|||50|]Meowstic||FocusSash|Prankster|FakeOut,ThunderWave,PsychicTerrain,HelpingHand|Careful||M|||50|]Incineroar||SitrusBerry|Intimidate|FakeOut,PartingShot,Snarl,HelpingHand|Sassy||F|||50|]Basculegion||MysticWater|Adaptability|WaveCrash,AquaJet,LastRespects,Protect|Adamant||M|||50|]Talonflame||Charcoal|GaleWings|Tailwind,Defog,Feint,FlareBlitz|Jolly||M|||50|]Blastoise||Blastoisinite|Torrent|WaterSpout,AuraSphere,ShellSmash,Protect|Modest||F|||50|
|showteam|p2|Sableye||Sablenite|Prankster|FoulPlay,Protect,Recover,WillOWisp|Calm||F|||50|]Dragapult||Leftovers|Infiltrator|DragonDance,DragonDarts,Protect,Substitute|Jolly||F|||50|]Pelipper||FocusSash|Drizzle|Hurricane,Tailwind,Protect,WideGuard|Timid||F|||50|]Primarina||SitrusBerry|Torrent|Moonblast,HydroPump,IcyWind,Protect|Modest||M|||50|]Incineroar||ExpertBelt|Intimidate|FakeOut,PartingShot,FlareBlitz,Protect|Careful||M|||50|]Kingambit||LifeOrb|SupremeOverlord|KowtowCleave,SuckerPunch,SwordsDance,Protect|Adamant||M|||50|
|inactive|Battle timer is ON: inactive players will automatically lose when time's up. (requested by pinkp0nguin)
|
|t:|1784900269
|teamsize|p1|4
|teamsize|p2|4
|start
|switch|p1a: Meowstic|Meowstic, L50, M|100/100
|switch|p1b: Talonflame|Talonflame, L50, M|100/100
|switch|p2a: Sableye|Sableye, L50, F|100/100
|switch|p2b: Incineroar|Incineroar, L50, M|100/100
|-ability|p2b: Incineroar|Intimidate|boost
|-unboost|p1a: Meowstic|atk|1
|-unboost|p1b: Talonflame|atk|1
|turn|1
|
|t:|1784900283
|move|p2b: Incineroar|Protect|p2b: Incineroar
|-singleturn|p2b: Incineroar|Protect
|move|p1a: Meowstic|Fake Out|p2b: Incineroar
|-activate|p2b: Incineroar|move: Protect
|move|p1b: Talonflame|Tailwind|p1b: Talonflame
|-sidestart|p1: pinkp0nguin|move: Tailwind
|move|p2a: Sableye|Foul Play|p1a: Meowstic
|-supereffective|p1a: Meowstic|1
|-damage|p1a: Meowstic|70/100
|
|upkeep
|turn|2
|
|t:|1784900298
|move|p2b: Incineroar|Protect|p2b: Incineroar
|-singleturn|p2b: Incineroar|Protect
|move|p1a: Meowstic|Psychic Terrain|p1a: Meowstic
|-fieldstart|move: Psychic Terrain
|move|p1b: Talonflame|Flare Blitz|p2a: Sableye
|-damage|p2a: Sableye|49/100
|-damage|p1b: Talonflame|86/100|[from] Recoil
|move|p2a: Sableye|Foul Play|p1a: Meowstic
|-supereffective|p1a: Meowstic|1
|-damage|p1a: Meowstic|40/100
|
|upkeep
|turn|3
|inactive|pinkp0nguin has 30 seconds left.
|
|t:|1784900328
|switch|p1b: Gardevoir|Gardevoir, L50, F|100/100
|-ability|p1b: Gardevoir|Prankster|Trace|[from] ability: Trace|[of] p2a: Sableye
|move|p1a: Meowstic|Helping Hand|p1b: Gardevoir
|-singleturn|p1b: Gardevoir|Helping Hand|[of] p1a: Meowstic
|move|p2a: Sableye|Recover|p2a: Sableye
|-heal|p2a: Sableye|100/100
|move|p2b: Incineroar|Parting Shot|p1b: Gardevoir
|-unboost|p1b: Gardevoir|atk|1
|-unboost|p1b: Gardevoir|spa|1
|
|t:|1784900342
|switch|p2b: Pelipper|Pelipper, L50, F|100/100|[from] Parting Shot
|-weather|RainDance|[from] ability: Drizzle|[of] p2b: Pelipper
|
|-weather|RainDance|[upkeep]
|upkeep
|turn|4
|
|t:|1784900355
|detailschange|p1b: Gardevoir|Gardevoir-Mega, L50, F
|-mega|p1b: Gardevoir|Gardevoir|Gardevoirite
|move|p1a: Meowstic|Thunder Wave|p2b: Pelipper
|-status|p2b: Pelipper|par
|move|p1b: Gardevoir|Calm Mind|p1b: Gardevoir
|-boost|p1b: Gardevoir|spa|1
|-boost|p1b: Gardevoir|spd|1
|move|p2a: Sableye|Foul Play|p1a: Meowstic
|-supereffective|p1a: Meowstic|1
|-damage|p1a: Meowstic|7/100
|cant|p2b: Pelipper|par
|
|-weather|RainDance|[upkeep]
|-sideend|p1: pinkp0nguin|move: Tailwind
|upkeep
|turn|5
|
|t:|1784900374
|move|p1a: Meowstic|Helping Hand|p1b: Gardevoir
|-singleturn|p1b: Gardevoir|Helping Hand|[of] p1a: Meowstic
|move|p2a: Sableye|Protect|p2a: Sableye
|-singleturn|p2a: Sableye|Protect
|move|p1b: Gardevoir|Hyper Voice|p2a: Sableye|[spread] p2b
|-activate|p2a: Sableye|move: Protect
|-enditem|p2b: Pelipper|Focus Sash
|-damage|p2b: Pelipper|1/100 par
|move|p2b: Pelipper|Hurricane|p1b: Gardevoir
|-damage|p1b: Gardevoir|75/100
|
|-weather|RainDance|[upkeep]
|upkeep
|turn|6
|
|t:|1784900399
|move|p1a: Meowstic|Helping Hand|p1b: Gardevoir
|-singleturn|p1b: Gardevoir|Helping Hand|[of] p1a: Meowstic
|cant|p2b: Pelipper|par
|move|p1b: Gardevoir|Calm Mind|p1b: Gardevoir
|-boost|p1b: Gardevoir|spa|1
|-boost|p1b: Gardevoir|spd|1
|move|p2a: Sableye|Foul Play|p1a: Meowstic
|-supereffective|p1a: Meowstic|1
|-damage|p1a: Meowstic|0 fnt
|faint|p1a: Meowstic
|
|-weather|RainDance|[upkeep]
|-fieldend|move: Psychic Terrain
|upkeep
|
|t:|1784900406
|switch|p1a: Basculegion|Basculegion, L50, M|100/100
|turn|7
|
|t:|1784900420
|move|p1a: Basculegion|Aqua Jet|p2b: Pelipper
|-resisted|p2b: Pelipper|1
|-damage|p2b: Pelipper|0 fnt
|faint|p2b: Pelipper
|move|p1b: Gardevoir|Hyper Voice|p2a: Sableye
|-supereffective|p2a: Sableye|1
|-damage|p2a: Sableye|0 fnt
|faint|p2a: Sableye
|
|-weather|none
|upkeep
|
|t:|1784900429
|switch|p2b: Primarina|Primarina, L50, M|100/100
|switch|p2a: Incineroar|Incineroar, L50, M|100/100
|-ability|p2a: Incineroar|Intimidate|boost
|-unboost|p1a: Basculegion|atk|1
|-unboost|p1b: Gardevoir|atk|1
|turn|8
|
|t:|1784900444
|move|p1b: Gardevoir|Hyper Voice|p2b: Primarina|[spread] p2a,p2b
|-damage|p2a: Incineroar|48/100
|-damage|p2b: Primarina|29/100
|-enditem|p2b: Primarina|Sitrus Berry|[eat]
|-heal|p2b: Primarina|54/100|[from] item: Sitrus Berry
|move|p2b: Primarina|Moonblast|p1a: Basculegion
|-damage|p1a: Basculegion|50/100g
|move|p1a: Basculegion|Wave Crash|p2a: Incineroar
|-supereffective|p2a: Incineroar|1
|-damage|p2a: Incineroar|0 fnt
|faint|p2a: Incineroar
|-damage|p1a: Basculegion|36/100|[from] Recoil
|
|upkeep
|turn|9
|
|t:|1784900458
|move|p1b: Gardevoir|Hyper Voice|p2b: Primarina
|-damage|p2b: Primarina|0 fnt
|faint|p2b: Primarina
|
|win|pinkp0nguin
|l|☆pinkp0nguin
|player|p1|
|l|☆DerpieHAHAHA
|player|p2|
|j|☆pinkp0nguin
|player|p1|pinkp0nguin|cynthia-masters4|
