|j|☆CharlesDriven
|j|☆jacre22
|html|CharlesDrivenjacre22    
|uhtml|bestof|Game 1 of a best-of-3
|t:|1756182457
|gametype|doubles
|player|p1|CharlesDriven|palmer|1126
|player|p2|jacre22|iris-gen5bw2|1247
|gen|9
|tier|[Gen 9] VGC 2025 Reg H (Bo3)
|rated|
|rule|Species Clause: Limit one of each Pokémon
|rule|Item Clause: Limit 1 of each item
|clearpoke
|poke|p1|Whimsicott, L50, M|
|poke|p1|Gholdengo, L50|
|poke|p1|Ursaluna-Bloodmoon, L50, M|
|poke|p1|Pelipper, L50, M|
|poke|p1|Archaludon, L50, F|
|poke|p1|Basculegion, L50, M|
|poke|p2|Whimsicott, L50, M|
|poke|p2|Garchomp, L50, M|
|poke|p2|Gholdengo, L50|
|poke|p2|Incineroar, L50, F|
|poke|p2|Sneasler, L50, F|
|poke|p2|Dragonite, L50, M|
|teampreview|4
|showteam|p1|Whimsicott||CovertCloak|Prankster|Moonblast,Taunt,FakeTears,Tailwind|||M|||50|,,,,,Steel]Gholdengo||LifeOrb|GoodasGold|MakeItRain,ShadowBall,TeraBlast,Protect||||||50|,,,,,Fighting]Ursaluna-Bloodmoon||AssaultVest|MindsEye|HyperVoice,BloodMoon,EarthPower,VacuumWave|||M|||50|,,,,,Fighting]Pelipper||RockyHelmet|Drizzle|WeatherBall,Hurricane,MuddyWater,WideGuard|||M|||50|,,,,,Steel]Archaludon||PowerHerb|Sturdy|ElectroShot,DracoMeteor,FlashCannon,Protect|||F|||50|,,,,,Electric]Basculegion||FocusSash|Adaptability|Liquidation,LastRespects,AquaJet,Protect|||M|||50|,,,,,Ghost
|showteam|p2|Whimsicott||FocusSash|Prankster|Moonblast,Tailwind,Encore,Protect|||M|||50|,,,,,Ghost]Garchomp||LifeOrb|RoughSkin|Earthquake,DragonClaw,StompingTantrum,Protect|||M|||50|,,,,,Ground]Gholdengo||ChoiceSpecs|GoodasGold|MakeItRain,ShadowBall,Trick,PowerGem||||||50|,,,,,Steel]Incineroar||AssaultVest|Intimidate|FakeOut,FlareBlitz,KnockOff,Uturn|||F|||50|,,,,,Grass]Sneasler||WhiteHerb|Unburden|FakeOut,DireClaw,CloseCombat,Protect|||F|||50|,,,,,Stellar]Dragonite||ChoiceBand|InnerFocus|ExtremeSpeed,Outrage,IceSpinner,StompingTantrum|||M|||50|,,,,,Normal
|
|t:|1756182482
|teamsize|p1|4
|teamsize|p2|4
|start
|switch|p1a: Whimsicott|Whimsicott, L50, M|100/100
|switch|p1b: Basculegion|Basculegion, L50, M|100/100
|switch|p2a: Whimsicott|Whimsicott, L50, M|100/100
|switch|p2b: Gholdengo|Gholdengo, L50|100/100
|turn|1
|
|t:|1756182507
|move|p2a: Whimsicott|Tailwind|p2a: Whimsicott
|-sidestart|p2: jacre22|move: Tailwind
|move|p1a: Whimsicott|Tailwind|p1a: Whimsicott
|-sidestart|p1: CharlesDriven|move: Tailwind
|move|p1b: Basculegion|Aqua Jet|p2b: Gholdengo
|-damage|p2b: Gholdengo|71/100
|move|p2b: Gholdengo|Make It Rain|p1b: Basculegion|[spread] p1a,p1b
|-supereffective|p1a: Whimsicott
|-resisted|p1b: Basculegion
|-damage|p1a: Whimsicott|0 fnt
|-damage|p1b: Basculegion|56/100
|-unboost|p2b: Gholdengo|spa|1
|faint|p1a: Whimsicott
|
|upkeep
|
|t:|1756182516
|switch|p1a: Pelipper|Pelipper, L50, M|100/100
|-weather|RainDance|[from] ability: Drizzle|[of] p1a: Pelipper
|turn|2
|
|t:|1756182534
|switch|p2b: Dragonite|Dragonite, L50, M|100/100
|move|p1b: Basculegion|Protect|p1b: Basculegion
|-singleturn|p1b: Basculegion|Protect
|move|p2a: Whimsicott|Encore|p1b: Basculegion
|-activate|p1b: Basculegion|move: Protect
|move|p1a: Pelipper|Hurricane|p2a: Whimsicott
|-supereffective|p2a: Whimsicott
|-enditem|p2a: Whimsicott|Focus Sash
|-damage|p2a: Whimsicott|1/100
|-start|p2a: Whimsicott|confusion
|
|-weather|RainDance|[upkeep]
|upkeep
|turn|3
|
|t:|1756182567
|switch|p1b: Archaludon|Archaludon, L50, F|100/100
|-activate|p2a: Whimsicott|confusion
|move|p2a: Whimsicott|Encore||[still]
|-fail|p2a: Whimsicott
|move|p2b: Dragonite|Outrage|p1a: Pelipper
|-damage|p1a: Pelipper|0 fnt
|-damage|p2b: Dragonite|84/100|[from] item: Rocky Helmet|[of] p1a: Pelipper
|faint|p1a: Pelipper
|
|-weather|RainDance|[upkeep]
|upkeep
|
|t:|1756182584
|switch|p1a: Basculegion|Basculegion, L50, M|56/100
|turn|4
|
|t:|1756182624
|switch|p2a: Gholdengo|Gholdengo, L50|71/100
|move|p1a: Basculegion|Aqua Jet|p2a: Gholdengo
|-damage|p2a: Gholdengo|24/100
|move|p1b: Archaludon|Electro Shot||[still]
|-prepare|p1b: Archaludon|Electro Shot
|-boost|p1b: Archaludon|spa|1
|-anim|p1b: Archaludon|Electro Shot|p2b: Dragonite
|-damage|p2b: Dragonite|19/100
|move|p2b: Dragonite|Outrage|p1a: Basculegion|[from] lockedmove
|-damage|p1a: Basculegion|0 fnt
|faint|p1a: Basculegion
|
|-weather|RainDance|[upkeep]
|-sideend|p2: jacre22|move: Tailwind
|-sideend|p1: CharlesDriven|move: Tailwind
|upkeep
|turn|5
|
|t:|1756182642
|move|p1b: Archaludon|Electro Shot||[still]
|-prepare|p1b: Archaludon|Electro Shot
|-boost|p1b: Archaludon|spa|1
|-anim|p1b: Archaludon|Electro Shot|p2b: Dragonite
|-damage|p2b: Dragonite|0 fnt
|faint|p2b: Dragonite
|move|p2a: Gholdengo|Shadow Ball|p1b: Archaludon
|-damage|p1b: Archaludon|4/100
|
|-weather|RainDance|[upkeep]
|upkeep
|-message|CharlesDriven forfeited.
|
|win|jacre22
||CharlesDriven is ready for game 2.
||jacre22 is ready for game 2.
|uhtml|next|Next: Game 2 of 3
|l|☆CharlesDriven
|player|p1|
