|j|☆Scobie
|j|☆Lucariocrown
|html|ScobieLucariocrown    
|uhtml|bestof|Game 1 of a best-of-3
|t:|1756562873
|gametype|doubles
|player|p1|Scobie|veteran-gen4|1072
|player|p2|Lucariocrown|2|1034
|gen|9
|tier|[Gen 9] VGC 2025 Reg H (Bo3)
|rated|
|rule|Species Clause: Limit one of each Pokémon
|rule|Item Clause: Limit 1 of each item
|clearpoke
|poke|p1|Incineroar, L50, M|
|poke|p1|Sneasler, L50, M|
|poke|p1|Rillaboom, L50, M|
|poke|p1|Ursaluna-Bloodmoon, L50, M|
|poke|p1|Whimsicott, L50, M|
|poke|p1|Dragapult, L50, F|
|poke|p2|Sinistcha, L50|
|poke|p2|Ursaluna, L50, M|
|poke|p2|Arcanine-Hisui, L50, M|
|poke|p2|Primarina, L50, M|
|poke|p2|Kommo-o, L50, F|
|poke|p2|Murkrow, L50, F|
|teampreview|4
|showteam|p1|Incineroar||SafetyGoggles|Intimidate|FakeOut,KnockOff,FlareBlitz,PartingShot|||M|||50|,,,,,Ghost]Sneasler||WhiteHerb|Unburden|DireClaw,CloseCombat,FakeOut,Protect|||M|||50|,,,,,Stellar]Rillaboom||MiracleSeed|GrassySurge|WoodHammer,GrassyGlide,FakeOut,Protect|||M|||50|,,,,,Grass]Ursaluna-Bloodmoon||LifeOrb|MindsEye|BloodMoon,HyperVoice,EarthPower,Protect|||M|||50|,,,,,Normal]Whimsicott||CovertCloak|Prankster|Moonblast,Tailwind,SunnyDay,Taunt|||M|||50|,,,,,Dark]Dragapult||ChoiceBand|ClearBody|DragonDarts,PhantomForce,TeraBlast,Uturn|||F|||50|,,,,,Ground
|showteam|p2|Sinistcha||SitrusBerry|Hospitality|MatchaGotcha,ShadowBall,StrengthSap,Protect||||||50|,,,,,Fairy]Ursaluna||FlameOrb|Guts|Bulldoze,HeadlongRush,PlayRough,Protect|||M|||50|,,,,,Ghost]Arcanine-Hisui||Leftovers|Intimidate|FlareBlitz,Protect,StealthRock,RockSlide|||M|||50|,,,,,Ghost]Primarina||EjectPack|LiquidVoice|Moonblast,HyperVoice,Haze,Protect|||M|||50|,,,,,Poison]Kommo-o||ClearAmulet|Overcoat|BodyPress,ClangorousSoul,DracoMeteor,VacuumWave|||F|||50|,,,,,Dragon]Murkrow||Eviolite|Prankster|Tailwind,HeatWave,Haze,Protect|||F|||50|,,,,,Ghost
|
|t:|1756562917
|teamsize|p1|4
|teamsize|p2|4
|start
|switch|p1a: Rillaboom|Rillaboom, L50, M|100/100
|switch|p1b: Incineroar|Incineroar, L50, M|100/100
|switch|p2a: Arcanine|Arcanine-Hisui, L50, M|100/100
|switch|p2b: Murkrow|Murkrow, L50, F|100/100
|-ability|p2a: Arcanine|Intimidate|boost
|-unboost|p1a: Rillaboom|atk|1
|-unboost|p1b: Incineroar|atk|1
|-fieldstart|move: Grassy Terrain|[from] ability: Grassy Surge|[of] p1a: Rillaboom
|-ability|p1b: Incineroar|Intimidate|boost
|-unboost|p2a: Arcanine|atk|1
|-unboost|p2b: Murkrow|atk|1
|turn|1
|
|t:|1756562944
|switch|p1a: Ursaluna|Ursaluna-Bloodmoon, L50, M|100/100
|move|p1b: Incineroar|Fake Out|p2a: Arcanine
|-resisted|p2a: Arcanine
|-damage|p2a: Arcanine|96/100
|move|p2b: Murkrow|Tailwind|p2b: Murkrow
|-sidestart|p2: Lucariocrown|move: Tailwind
|cant|p2a: Arcanine|flinch
|
|-heal|p2a: Arcanine|100/100|[from] Grassy Terrain
|upkeep
|turn|2
|l|☆Scobie
|player|p1|
|j|☆Scobie
|player|p1|Scobie|veteran-gen4|
|
|t:|1756562992
|move|p2b: Murkrow|Haze|p2b: Murkrow
|-clearallboost
|move|p2a: Arcanine|Rock Slide|p1b: Incineroar|[spread] p1a,p1b
|-resisted|p1a: Ursaluna
|-supereffective|p1b: Incineroar
|-damage|p1a: Ursaluna|90/100
|-damage|p1b: Incineroar|52/100
|move|p1a: Ursaluna|Blood Moon|p2b: Murkrow
|-damage|p2b: Murkrow|0 fnt
|faint|p2b: Murkrow
|-damage|p1a: Ursaluna|80/100|[from] item: Life Orb
|move|p1b: Incineroar|Knock Off|p2a: Arcanine
|-damage|p2a: Arcanine|51/100
|-enditem|p2a: Arcanine|Leftovers|[from] move: Knock Off|[of] p1b: Incineroar
|
|-heal|p2a: Arcanine|57/100|[from] Grassy Terrain
|-heal|p1a: Ursaluna|86/100|[from] Grassy Terrain
|-heal|p1b: Incineroar|58/100|[from] Grassy Terrain
|upkeep
|
|t:|1756563010
|switch|p2b: Primarina|Primarina, L50, M|100/100
|turn|3
|
|t:|1756563030
|switch|p1b: Rillaboom|Rillaboom, L50, M|100/100
|-terastallize|p1a: Ursaluna|Normal
|move|p2a: Arcanine|Stealth Rock|p1b: Rillaboom
|-sidestart|p1: Scobie|move: Stealth Rock
|move|p2b: Primarina|Hyper Voice|p1a: Ursaluna|[spread] p1a,p1b
|-resisted|p1b: Rillaboom
|-damage|p1a: Ursaluna|36/100
|-damage|p1b: Rillaboom|80/100
|move|p1a: Ursaluna|Earth Power|p2a: Arcanine
|-supereffective|p2a: Arcanine
|-damage|p2a: Arcanine|0 fnt
|faint|p2a: Arcanine
|-damage|p1a: Ursaluna|26/100|[from] item: Life Orb
|
|-heal|p1b: Rillaboom|86/100|[from] Grassy Terrain
|-heal|p1a: Ursaluna|32/100|[from] Grassy Terrain
|upkeep
|
|t:|1756563052
|switch|p2a: Kommo-o|Kommo-o, L50, F|100/100
|turn|4
|
|t:|1756563081
|move|p1a: Ursaluna|Protect|p1a: Ursaluna
|-singleturn|p1a: Ursaluna|Protect
|move|p2a: Kommo-o|Vacuum Wave|p1a: Ursaluna
|-activate|p1a: Ursaluna|move: Protect
|move|p1b: Rillaboom|Grassy Glide|p2b: Primarina
|-supereffective|p2b: Primarina
|-damage|p2b: Primarina|0 fnt
|faint|p2b: Primarina
|
|-heal|p1b: Rillaboom|92/100|[from] Grassy Terrain
|-heal|p1a: Ursaluna|39/100|[from] Grassy Terrain
|-sideend|p2: Lucariocrown|move: Tailwind
|upkeep
|turn|5
|
|t:|1756563102
|switch|p1a: Incineroar|Incineroar, L50, M|58/100
|-damage|p1a: Incineroar|33/100|[from] Stealth Rock
|-ability|p1a: Incineroar|Intimidate|boost
|-fail|p2a: Kommo-o|unboost|[from] item: Clear Amulet|[of] p2a: Kommo-o
|move|p2a: Kommo-o|Vacuum Wave|p1a: Incineroar
|-supereffective|p1a: Incineroar
|-damage|p1a: Incineroar|5/100
|move|p1b: Rillaboom|Wood Hammer|p2a: Kommo-o
|-resisted|p2a: Kommo-o
|-damage|p2a: Kommo-o|60/100
|-damage|p1b: Rillaboom|82/100|[from] Recoil
|
|-heal|p2a: Kommo-o|66/100|[from] Grassy Terrain
|-heal|p1b: Rillaboom|88/100|[from] Grassy Terrain
|-heal|p1a: Incineroar|11/100|[from] Grassy Terrain
|-fieldend|move: Grassy Terrain
|upkeep
|turn|6
|
|t:|1756563122
|move|p1a: Incineroar|Fake Out|p2a: Kommo-o
|-damage|p2a: Kommo-o|58/100
|cant|p2a: Kommo-o|flinch
|move|p1b: Rillaboom|Wood Hammer|p2a: Kommo-o
|-resisted|p2a: Kommo-o
|-damage|p2a: Kommo-o|27/100
|-damage|p1b: Rillaboom|81/100|[from] Recoil
|
|upkeep
|turn|7
|
|t:|1756563144
|move|p2a: Kommo-o|Body Press|p1b: Rillaboom
|-crit|p1b: Rillaboom
|-damage|p1b: Rillaboom|21/100
|move|p1b: Rillaboom|Wood Hammer|p2a: Kommo-o
|-resisted|p2a: Kommo-o
|-damage|p2a: Kommo-o|0 fnt
|faint|p2a: Kommo-o
|-damage|p1b: Rillaboom|15/100|[from] Recoil
|
|win|Scobie
||Lucariocrown is ready for game 2.
||Scobie is ready for game 2.
|uhtml|next|Next: Game 2 of 3
