|j|☆ghostboydillon
|j|☆lettitripppp
|html|ghostboydillonlettitripppp    
|uhtml|bestof|Game 2 of a best-of-3
|t:|1785954081
|gametype|doubles
|player|p1|ghostboydillon|gambler|1077
|player|p2|lettitripppp|lucas|1179
|gen|9
|tier|[Gen 9 Champions] VGC 2026 Reg M-B (Bo3)
|rated|
|rule|Species Clause: Limit one of each Pokémon
|rule|Item Clause: Limit 1 of each item
|clearpoke
|poke|p1|Aggron, L50, F|
|poke|p1|Pelipper, L50, M|
|poke|p1|Appletun, L50, F|
|poke|p1|Stunfisk, L50, M|
|poke|p1|Glaceon, L50, M|
|poke|p1|Klefki, L50, F|
|poke|p2|Charizard, L50, F, shiny|
|poke|p2|Swampert, L50, M|
|poke|p2|Pelipper, L50, M|
|poke|p2|Venusaur, L50, M|
|poke|p2|Archaludon, L50, M|
|poke|p2|Grimmsnarl, L50, M, shiny|
|teampreview|4
|showteam|p1|Aggron||Aggronite|Sturdy|HeavySlam,BodyPress,IronDefense,Protect|Impish||F|||50|]Pelipper||WacanBerry|Drizzle|Hurricane,HydroPump,Tailwind,Protect|Bold||M|||50|]Appletun||SitrusBerry|ThickFat|AppleAcid,LeechSeed,Recover,Protect|Calm||F|||50|]Stunfisk||FocusSash|Static|SludgeWave,EarthPower,Thunderbolt,Protect|Modest||M|||50|]Glaceon||ChopleBerry|IceBody|IceBeam,FreezeDry,IcyWind,Protect|Bold||M|||50|]Klefki|||Prankster|DazzlingGleam,ThunderWave,TrickRoom,Protect|Calm||F|||50|
|showteam|p2|Charizard||CharizarditeY|Blaze|WeatherBall,HeatWave,Hurricane,Protect|Modest||F|||50|]Swampert||Swampertite|Damp|WaveCrash,Earthquake,IcePunch,Protect|Adamant||M|||50|]Pelipper||SitrusBerry|Drizzle|WeatherBall,WideGuard,Hurricane,Tailwind|Modest||M|||50|]Venusaur||FocusSash|Chlorophyll|SleepPowder,SludgeBomb,LeafStorm,Protect|Modest||M|||50|]Archaludon||Leftovers|Stamina|FlashCannon,DragonPulse,ElectroShot,Protect|Calm||M|||50|]Grimmsnarl||LightClay|Prankster|PartingShot,LightScreen,SpiritBreak,Reflect|Sassy||M|||50|
|inactive|Battle timer is ON: inactive players will automatically lose when time's up. (requested by lettitripppp)
|
|t:|1785954112
|teamsize|p1|4
|teamsize|p2|4
|start
|switch|p1a: Pelipper|Pelipper, L50, M|100/100
|switch|p1b: Stunfisk|Stunfisk, L50, M|100/100
|switch|p2a: BEYOND BRIDGE|Archaludon, L50, M|100/100
|switch|p2b: WET-BEAK|Pelipper, L50, M|100/100
|-weather|RainDance|[from] ability: Drizzle|[of] p2b: WET-BEAK
|turn|1
|
|t:|1785954133
|move|p2a: BEYOND BRIDGE|Electro Shot||[still]
|-prepare|p2a: BEYOND BRIDGE|Electro Shot
|-boost|p2a: BEYOND BRIDGE|spa|1
|-anim|p2a: BEYOND BRIDGE|Electro Shot|p1a: Pelipper
|-supereffective|p1a: Pelipper|2
|-enditem|p1a: Pelipper|Wacan Berry|[eat]
|-enditem|p1a: Pelipper|Wacan Berry|[weaken]
|-damage|p1a: Pelipper|0 fnt
|faint|p1a: Pelipper
|move|p2b: WET-BEAK|Tailwind|p2b: WET-BEAK
|-sidestart|p2: lettitripppp|move: Tailwind
|move|p1b: Stunfisk|Earth Power|p2a: BEYOND BRIDGE
|-supereffective|p2a: BEYOND BRIDGE|1
|-damage|p2a: BEYOND BRIDGE|29/100
|-ability|p2a: BEYOND BRIDGE|Stamina|boost
|-boost|p2a: BEYOND BRIDGE|def|1
|
|-weather|RainDance|[upkeep]
|-heal|p2a: BEYOND BRIDGE|36/100|[from] item: Leftovers
|upkeep
|
|t:|1785954148
|switch|p1a: Klefki|Klefki, L50, F|100/100
|turn|2
|
|t:|1785954161
|move|p2a: BEYOND BRIDGE|Electro Shot||[still]
|-prepare|p2a: BEYOND BRIDGE|Electro Shot
|-boost|p2a: BEYOND BRIDGE|spa|1
|-anim|p2a: BEYOND BRIDGE|Electro Shot|p1a: Klefki
|-damage|p1a: Klefki|40/100
|move|p2b: WET-BEAK|Weather Ball|p1a: Klefki
|-damage|p1a: Klefki|0 fnt
|faint|p1a: Klefki
|move|p1b: Stunfisk|Earth Power|p2a: BEYOND BRIDGE
|-supereffective|p2a: BEYOND BRIDGE|1
|-damage|p2a: BEYOND BRIDGE|0 fnt
|faint|p2a: BEYOND BRIDGE
|
|-weather|RainDance|[upkeep]
|upkeep
|
|t:|1785954174
|switch|p2a: AGNI|Charizard, L50, F, shiny|100/100
|switch|p1a: Aggron|Aggron, L50, F|100/100
|turn|3
|c|☆lettitripppp|gg
|
|t:|1785954183
|detailschange|p2a: AGNI|Charizard-Mega-Y, L50, F, shiny
|-mega|p2a: AGNI|Charizard|Charizardite Y
|-weather|SunnyDay|[from] ability: Drought|[of] p2a: AGNI
|move|p1a: Aggron|Protect|p1a: Aggron
|-singleturn|p1a: Aggron|Protect
|move|p2a: AGNI|Heat Wave|p1b: Stunfisk|[spread] p1b
|-activate|p1a: Aggron|move: Protect
|-damage|p1b: Stunfisk|57/100
|move|p2b: WET-BEAK|Weather Ball|p1b: Stunfisk
|-damage|p1b: Stunfisk|26/100
|move|p1b: Stunfisk|Thunderbolt|p2a: AGNI
|-supereffective|p2a: AGNI|1
|-damage|p2a: AGNI|28/100
|
|-weather|SunnyDay|[upkeep]
|upkeep
|turn|4
|inactive|ghostboydillon has 30 seconds left.
|
|t:|1785954211
|detailschange|p1a: Aggron|Aggron-Mega, L50, F
|-mega|p1a: Aggron|Aggron|Aggronite
|move|p1b: Stunfisk|Protect|p1b: Stunfisk
|-singleturn|p1b: Stunfisk|Protect
|move|p2a: AGNI|Heat Wave|p1b: Stunfisk|[spread] p1a
|-activate|p1b: Stunfisk|move: Protect
|-supereffective|p1a: Aggron|1
|-damage|p1a: Aggron|0 fnt
|faint|p1a: Aggron
|move|p2b: WET-BEAK|Weather Ball|p1b: Stunfisk
|-activate|p1b: Stunfisk|move: Protect
|
|-weather|SunnyDay|[upkeep]
|-sideend|p2: lettitripppp|move: Tailwind
|upkeep
|turn|5
|c|☆ghostboydillon|gggg
|c|☆lettitripppp|tough set
|inactive|ghostboydillon has 30 seconds left.
|
|t:|1785954239
|move|p2a: AGNI|Weather Ball|p1b: Stunfisk
|-damage|p1b: Stunfisk|0 fnt
|faint|p1b: Stunfisk
|
|win|lettitripppp
|raw|ghostboydillon's rating: 1077 → 1062(-15 for losing)
|raw|lettitripppp's rating: 1179 → 1197(+18 for winning)
|c|☆ghostboydillon|thank u
|c|☆lettitripppp|why?
