|j|☆Gayangos
|j|☆trompanueva
|html|Gayangostrompanueva    
|uhtml|bestof|Game 1 of a best-of-3
|t:|1784217160
|gametype|doubles
|player|p1|Gayangos|102|1307
|player|p2|trompanueva|tate|1335
|gen|9
|tier|[Gen 9 Champions] VGC 2026 Reg M-B (Bo3)
|rated|
|rule|Species Clause: Limit one of each Pokémon
|rule|Item Clause: Limit 1 of each item
|clearpoke
|poke|p1|Froslass, L50, F|
|poke|p1|Incineroar, L50, F|
|poke|p1|Basculegion, L50, M|
|poke|p1|Kingambit, L50, M|
|poke|p1|Sneasler, L50, M|
|poke|p1|Kleavor, L50, F|
|poke|p2|Charizard, L50, F|
|poke|p2|Kingambit, L50, F|
|poke|p2|Sylveon, L50, M|
|poke|p2|Garchomp, L50, M|
|poke|p2|Aerodactyl, L50, M|
|poke|p2|Farigiraf, L50, F|
|teampreview|4
|showteam|p1|Froslass||Froslassite|CursedBody|Blizzard,ShadowBall,AuroraVeil,Protect|Modest||F|||50|]Incineroar||SitrusBerry|Intimidate|FlareBlitz,ThroatChop,FakeOut,PartingShot|Impish||F|||50|]Basculegion||LifeOrb|Adaptability|WaveCrash,LastRespects,AquaJet,Protect|Jolly||M|||50|]Kingambit||BlackGlasses|Defiant|KowtowCleave,SuckerPunch,IronHead,Protect|Adamant||M|||50|]Sneasler||FocusSash|PoisonTouch|FakeOut,DireClaw,CloseCombat,RockSlide|Jolly||M|||50|]Kleavor||ChoiceScarf|Sharpness|StoneAxe,XScissor,CloseCombat,Uturn|Jolly||F|||50|
|showteam|p2|Charizard||CharizarditeY|SolarPower|Protect,HeatWave,SolarBeam,WeatherBall|Modest||F|||50|]Kingambit||FocusSash|Defiant|IronHead,SuckerPunch,KowtowCleave,LowKick|Adamant||F|||50|]Sylveon||FairyFeather|Pixilate|Detect,HyperVoice,HyperBeam,QuickAttack|Modest||M|||50|]Garchomp||LifeOrb|RoughSkin|Protect,DragonClaw,Earthquake,StompingTantrum|Jolly||M|||50|]Aerodactyl||Aerodactylite|Unnerve|IceFang,RockSlide,Tailwind,DualWingbeat|Jolly||M|||50|]Farigiraf||SitrusBerry|ArmorTail|TrickRoom,TwinBeam,Thunderbolt,HelpingHand|Bold||F|||50|
|inactive|Battle timer is ON: inactive players will automatically lose when time's up. (requested by trompanueva)
|
|t:|1784217183
|teamsize|p1|4
|teamsize|p2|4
|start
|switch|p1a: Kleavor|Kleavor, L50, F|100/100
|switch|p1b: Froslass|Froslass, L50, F|100/100
|switch|p2a: Aerodactyl|Aerodactyl, L50, M|100/100
|switch|p2b: Kingambit|Kingambit, L50, F|100/100
|-ability|p2a: Aerodactyl|Unnerve
|turn|1
|inactive|Gayangos has 30 seconds left.
|inactive|trompanueva has 30 seconds left.
|inactive|trompanueva has 20 seconds left.
|
|t:|1784217223
|detailschange|p2a: Aerodactyl|Aerodactyl-Mega, L50, M
|-mega|p2a: Aerodactyl|Aerodactyl|Aerodactylite
|detailschange|p1b: Froslass|Froslass-Mega, L50, F
|-mega|p1b: Froslass|Froslass|Froslassite
|-weather|Snowscape|[from] ability: Snow Warning|[of] p1b: Froslass
|move|p1a: Kleavor|Stone Axe|p2a: Aerodactyl
|-supereffective|p2a: Aerodactyl|1
|-damage|p2a: Aerodactyl|0 fnt
|-sidestart|p2: trompanueva|move: Stealth Rock
|faint|p2a: Aerodactyl
|move|p1b: Froslass|Aurora Veil|p1b: Froslass
|-sidestart|p1: Gayangos|move: Aurora Veil
|move|p2b: Kingambit|Kowtow Cleave|p1b: Froslass
|-supereffective|p1b: Froslass|1
|-damage|p1b: Froslass|45/100
|
|-weather|Snowscape|[upkeep]
|upkeep
|
|t:|1784217236
|switch|p2a: Farigiraf|Farigiraf, L50, F|100/100
|-damage|p2a: Farigiraf|87/100|[from] Stealth Rock
|turn|2
|
|t:|1784217245
|move|p1a: Kleavor|Stone Axe|p2a: Farigiraf|[miss]
|-miss|p1a: Kleavor|p2a: Farigiraf
|move|p1b: Froslass|Blizzard|p2a: Farigiraf|[spread] p2a,p2b
|-resisted|p2b: Kingambit|1
|-damage|p2a: Farigiraf|50/100g
|-damage|p2b: Kingambit|77/100
|move|p2b: Kingambit|Iron Head|p1a: Kleavor
|-supereffective|p1a: Kleavor|1
|-damage|p1a: Kleavor|19/100
|move|p2a: Farigiraf|Trick Room|p2a: Farigiraf
|-fieldstart|move: Trick Room|[of] p2a: Farigiraf
|
|-weather|Snowscape|[upkeep]
|upkeep
|turn|3
|inactive|Gayangos has 30 seconds left.
|
|t:|1784217271
|move|p1b: Froslass|Protect|p1b: Froslass
|-singleturn|p1b: Froslass|Protect
|move|p2a: Farigiraf|Twin Beam|p1a: Kleavor
|-damage|p1a: Kleavor|2/100
|-damage|p1a: Kleavor|0 fnt
|faint|p1a: Kleavor
|-hitcount|p1: Kleavor|2
|move|p2b: Kingambit|Kowtow Cleave|p1b: Froslass
|-activate|p1b: Froslass|move: Protect
|
|-weather|Snowscape|[upkeep]
|upkeep
|
|t:|1784217280
|switch|p1a: Kingambit|Kingambit, L50, M|100/100
|turn|4
|
|t:|1784217294
|move|p2a: Farigiraf|Helping Hand|p2b: Kingambit
|-singleturn|p2b: Kingambit|Helping Hand|[of] p2a: Farigiraf
|move|p1a: Kingambit|Kowtow Cleave|p2a: Farigiraf
|-supereffective|p2a: Farigiraf|1
|-damage|p2a: Farigiraf|0 fnt
|faint|p2a: Farigiraf
|move|p2b: Kingambit|Low Kick|p1a: Kingambit
|-supereffective|p1a: Kingambit|2
|-damage|p1a: Kingambit|0 fnt
|faint|p1a: Kingambit
|move|p1b: Froslass|Blizzard|p2b: Kingambit
|-resisted|p2b: Kingambit|1
|-damage|p2b: Kingambit|48/100
|-status|p2b: Kingambit|frz
|
|-weather|Snowscape|[upkeep]
|upkeep
|
|t:|1784217302
|switch|p2a: Sylveon|Sylveon, L50, M|100/100
|switch|p1a: Sneasler|Sneasler, L50, M|100/100
|-damage|p2a: Sylveon|87/100|[from] Stealth Rock
|turn|5
|
|t:|1784217322
|move|p1a: Sneasler|Fake Out|p2a: Sylveon
|-damage|p2a: Sylveon|72/100
|cant|p2a: Sylveon|flinch
|cant|p2b: Kingambit|frz
|move|p1b: Froslass|Blizzard|p2a: Sylveon|[spread] p2a,p2b
|-resisted|p2b: Kingambit|1
|-damage|p2a: Sylveon|38/100
|-damage|p2b: Kingambit|24/100 frz
|
|-weather|none
|-sideend|p1: Gayangos|move: Aurora Veil
|upkeep
|turn|6
|inactive|Gayangos has 30 seconds left.
|
|t:|1784217351
|move|p1b: Froslass|Protect|p1b: Froslass
|-singleturn|p1b: Froslass|Protect
|move|p2a: Sylveon|Hyper Voice|p1a: Sneasler|[spread] p1a
|-activate|p1b: Froslass|move: Protect
|-damage|p1a: Sneasler|29/100
|cant|p2b: Kingambit|frz
|move|p1a: Sneasler|Close Combat|p2b: Kingambit
|-supereffective|p2b: Kingambit|2
|-damage|p2b: Kingambit|0 fnt
|-unboost|p1a: Sneasler|def|1
|-unboost|p1a: Sneasler|spd|1
|faint|p2b: Kingambit
|
|-fieldend|move: Trick Room
|upkeep
|turn|7
|-message|trompanueva forfeited.
|
|win|Gayangos
||trompanueva is ready for game 2.
||Gayangos is ready for game 2.
|uhtml|next|Next: Game 2 of 3
|l|☆trompanueva
|player|p2|
