|j|☆fierotto
|j|☆NotThinkingVGC
|html|fierottoNotThinkingVGC    
|uhtml|bestof|Game 2 of a best-of-3
|t:|1784061039
|gametype|doubles
|player|p1|fierotto|266|1154
|player|p2|NotThinkingVGC|volkner|1220
|gen|9
|tier|[Gen 9 Champions] VGC 2026 Reg M-B (Bo3)
|rated|
|rule|Species Clause: Limit one of each Pokémon
|rule|Item Clause: Limit 1 of each item
|clearpoke
|poke|p1|Kingambit, L50, F|
|poke|p1|Basculegion, L50, M|
|poke|p1|Sneasler, L50, F|
|poke|p1|Garchomp, L50, F|
|poke|p1|Sylveon, L50, M|
|poke|p1|Farigiraf, L50, M|
|poke|p2|Tyranitar, L50, F|
|poke|p2|Staraptor, L50, M|
|poke|p2|Excadrill, L50, F|
|poke|p2|Sinistcha, L50|
|poke|p2|Gholdengo, L50|
|poke|p2|Milotic, L50, F|
|teampreview|4
|showteam|p1|Kingambit||BlackGlasses|Defiant|KowtowCleave,SuckerPunch,IronHead,Protect|Adamant||F|||50|]Basculegion||FocusSash|Adaptability|Liquidation,LastRespects,AquaJet,Protect|Adamant||M|||50|]Sneasler||WhiteHerb|Unburden|CloseCombat,DireClaw,Protect,FakeOut|Jolly||F|||50|]Garchomp||SitrusBerry|RoughSkin|StompingTantrum,DragonClaw,RockSlide,Protect|Jolly||F|||50|]Sylveon||FairyFeather|Pixilate|HyperVoice,QuickAttack,HyperBeam,Detect|Quiet||M|||50|]Farigiraf||Leftovers|ArmorTail|TwinBeam,TrickRoom,HelpingHand,RainDance|Sassy||M|||50|
|showteam|p2|Tyranitar||Tyranitarite|SandStream|KnockOff,RockSlide,Protect,LowKick|Adamant||F|||50|]Staraptor||Staraptite|Intimidate|DualWingbeat,CloseCombat,Protect,Tailwind|Jolly||M|||50|]Excadrill||FocusSash|SandRush|HighHorsepower,IronHead,RockSlide,Protect|Adamant||F|||50|]Sinistcha||SitrusBerry|Hospitality|MatchaGotcha,RagePowder,TrickRoom,Protect|Calm|||||50|]Gholdengo||LifeOrb|GoodasGold|MakeItRain,NastyPlot,Protect,ShadowBall|Timid|||||50|]Milotic||Leftovers|Competitive|Scald,Recover,Protect,IceBeam|Modest||F|||50|
|inactive|Battle timer is ON: inactive players will automatically lose when time's up. (requested by NotThinkingVGC)
|inactive|fierotto has 60 seconds left.
|inactive|NotThinkingVGC has 60 seconds left.
|
|t:|1784061096
|teamsize|p1|4
|teamsize|p2|4
|start
|switch|p1a: Garchomp|Garchomp, L50, F|100/100
|switch|p1b: Sneasler|Sneasler, L50, F|100/100
|switch|p2a: Milotic|Milotic, L50, F|100/100
|switch|p2b: Staraptor|Staraptor, L50, M|100/100
|-ability|p2b: Staraptor|Intimidate|boost
|-unboost|p1a: Garchomp|atk|1
|-unboost|p1b: Sneasler|atk|1
|-enditem|p1b: Sneasler|White Herb
|-clearnegativeboost|p1b: Sneasler|[silent]
|turn|1
|inactive|fierotto has 30 seconds left.
|
|t:|1784061127
|switch|p1a: Sylveon|Sylveon, L50, M|100/100
|detailschange|p2b: Staraptor|Staraptor-Mega, L50, M
|-mega|p2b: Staraptor|Staraptor|Staraptite
|move|p2a: Milotic|Protect|p2a: Milotic
|-singleturn|p2a: Milotic|Protect
|move|p1b: Sneasler|Fake Out|p2b: Staraptor
|-damage|p2b: Staraptor|84/100
|cant|p2b: Staraptor|flinch
|
|upkeep
|turn|2
|inactive|fierotto has 30 seconds left.
|inactive|NotThinkingVGC has 30 seconds left.
|
|t:|1784061154
|switch|p1b: Garchomp|Garchomp, L50, F|100/100
|move|p2b: Staraptor|Dual Wingbeat|p1b: Garchomp
|-crit|p1b: Garchomp
|-damage|p1b: Garchomp|68/100
|-damage|p2b: Staraptor|72/100|[from] ability: Rough Skin|[of] p1b: Garchomp
|-damage|p1b: Garchomp|45/100
|-damage|p2b: Staraptor|60/100|[from] ability: Rough Skin|[of] p1b: Garchomp
|-enditem|p1b: Garchomp|Sitrus Berry|[eat]
|-heal|p1b: Garchomp|69/100|[from] item: Sitrus Berry
|-hitcount|p1b: Garchomp|2
|move|p2a: Milotic|Scald|p1a: Sylveon
|-damage|p1a: Sylveon|75/100
|-status|p1a: Sylveon|brn
|move|p1a: Sylveon|Hyper Beam|p2b: Staraptor
|-supereffective|p2b: Staraptor|1
|-damage|p2b: Staraptor|0 fnt
|-mustrecharge|p1a: Sylveon
|faint|p2b: Staraptor
|
|-damage|p1a: Sylveon|69/100 brn|[from] brn
|upkeep
|
|t:|1784061162
|switch|p2b: Excadrill|Excadrill, L50, F|100/100
|turn|3
|
|t:|1784061182
|switch|p1b: Sneasler|Sneasler, L50, F|100/100
|move|p2b: Excadrill|Iron Head|p1a: Sylveon
|-supereffective|p1a: Sylveon|1
|-damage|p1a: Sylveon|0 fnt
|faint|p1a: Sylveon
|move|p2a: Milotic|Ice Beam|p1b: Sneasler
|-damage|p1b: Sneasler|67/100
|
|upkeep
|
|t:|1784061200
|switch|p1a: Garchomp|Garchomp, L50, F|69/100
|turn|4
|inactive|fierotto has 30 seconds left.
|inactive|fierotto has 20 seconds left.
|inactive|NotThinkingVGC has 30 seconds left.
|
|t:|1784061242
|move|p1b: Sneasler|Close Combat|p2b: Excadrill
|-supereffective|p2b: Excadrill|1
|-enditem|p2b: Excadrill|Focus Sash
|-damage|p2b: Excadrill|1/100
|-unboost|p1b: Sneasler|def|1
|-unboost|p1b: Sneasler|spd|1
|move|p1a: Garchomp|Stomping Tantrum|p2b: Excadrill
|-supereffective|p2b: Excadrill|1
|-damage|p2b: Excadrill|0 fnt
|faint|p2b: Excadrill
|move|p2a: Milotic|Ice Beam|p1a: Garchomp
|-supereffective|p1a: Garchomp|2
|-damage|p1a: Garchomp|0 fnt
|faint|p1a: Garchomp
|
|upkeep
|
|t:|1784061255
|switch|p1a: Kingambit|Kingambit, L50, F|100/100
|switch|p2b: Tyranitar|Tyranitar, L50, F|100/100
|-weather|Sandstorm|[from] ability: Sand Stream|[of] p2b: Tyranitar
|turn|5
|
|t:|1784061277
|move|p1a: Kingambit|Protect|p1a: Kingambit
|-singleturn|p1a: Kingambit|Protect
|move|p1b: Sneasler|Close Combat|p2b: Tyranitar
|-supereffective|p2b: Tyranitar|2
|-damage|p2b: Tyranitar|0 fnt
|-unboost|p1b: Sneasler|def|1
|-unboost|p1b: Sneasler|spd|1
|faint|p2b: Tyranitar
|move|p2a: Milotic|Scald|p1b: Sneasler
|-damage|p1b: Sneasler|0 fnt
|faint|p1b: Sneasler
|
|-weather|Sandstorm|[upkeep]
|-damage|p2a: Milotic|94/100|[from] Sandstorm
|-heal|p2a: Milotic|100/100|[from] item: Leftovers
|upkeep
|turn|6
|
|t:|1784061294
|move|p2a: Milotic|Scald|p1a: Kingambit
|-damage|p1a: Kingambit|64/100
|move|p1a: Kingambit|Kowtow Cleave|p2a: Milotic
|-damage|p2a: Milotic|43/100
|
|-weather|Sandstorm|[upkeep]
|-damage|p2a: Milotic|37/100|[from] Sandstorm
|-heal|p2a: Milotic|43/100|[from] item: Leftovers
|upkeep
|turn|7
|
|t:|1784061313
|move|p2a: Milotic|Protect|p2a: Milotic
|-singleturn|p2a: Milotic|Protect
|move|p1a: Kingambit|Kowtow Cleave|p2a: Milotic
|-activate|p2a: Milotic|move: Protect
|
|-weather|Sandstorm|[upkeep]
|-damage|p2a: Milotic|37/100|[from] Sandstorm
|-heal|p2a: Milotic|43/100|[from] item: Leftovers
|upkeep
|turn|8
|
|t:|1784061319
|move|p2a: Milotic|Recover|p2a: Milotic
|-heal|p2a: Milotic|93/100
|move|p1a: Kingambit|Kowtow Cleave|p2a: Milotic
|-damage|p2a: Milotic|42/100
|
|-weather|Sandstorm|[upkeep]
|-damage|p2a: Milotic|36/100|[from] Sandstorm
|-heal|p2a: Milotic|42/100|[from] item: Leftovers
|upkeep
|turn|9
|
|t:|1784061325
|move|p2a: Milotic|Protect|p2a: Milotic
|-singleturn|p2a: Milotic|Protect
|move|p1a: Kingambit|Kowtow Cleave|p2a: Milotic
|-activate|p2a: Milotic|move: Protect
|
|-weather|none
|-heal|p2a: Milotic|48/100|[from] item: Leftovers
|upkeep
|turn|10
|
|t:|1784061335
|move|p2a: Milotic|Recover|p2a: Milotic
|-heal|p2a: Milotic|98/100
|move|p1a: Kingambit|Kowtow Cleave|p2a: Milotic
|-damage|p2a: Milotic|47/100
|
|-heal|p2a: Milotic|53/100|[from] item: Leftovers
|upkeep
|turn|11
|
|t:|1784061348
|move|p2a: Milotic|Protect|p2a: Milotic
|-singleturn|p2a: Milotic|Protect
|move|p1a: Kingambit|Kowtow Cleave|p2a: Milotic
|-activate|p2a: Milotic|move: Protect
|
|-heal|p2a: Milotic|59/100|[from] item: Leftovers
|upkeep
|turn|12
|
|t:|1784061356
|move|p2a: Milotic|Scald|p1a: Kingambit
|-damage|p1a: Kingambit|32/100
|move|p1a: Kingambit|Kowtow Cleave|p2a: Milotic
|-damage|p2a: Milotic|1/100
|
|-heal|p2a: Milotic|6/100|[from] item: Leftovers
|upkeep
|turn|13
|
|t:|1784061371
|move|p2a: Milotic|Protect|p2a: Milotic
|-singleturn|p2a: Milotic|Protect
|move|p1a: Kingambit|Sucker Punch||[still]
|-fail|p1a: Kingambit
|
|-heal|p2a: Milotic|12/100|[from] item: Leftovers
|upkeep
|turn|14
|
|t:|1784061377
|move|p2a: Milotic|Recover|p2a: Milotic
|-heal|p2a: Milotic|62/100
|move|p1a: Kingambit|Kowtow Cleave|p2a: Milotic
|-damage|p2a: Milotic|4/100
|
|-heal|p2a: Milotic|10/100|[from] item: Leftovers
|upkeep
|turn|15
|
|t:|1784061385
|move|p1a: Kingambit|Sucker Punch||[still]
|-fail|p1a: Kingambit
|move|p2a: Milotic|Recover|p2a: Milotic
|-heal|p2a: Milotic|60/100
|
|-heal|p2a: Milotic|66/100|[from] item: Leftovers
|upkeep
|turn|16
|
|t:|1784061392
|move|p2a: Milotic|Scald|p1a: Kingambit
|-damage|p1a: Kingambit|0 fnt
|faint|p1a: Kingambit
|
|win|NotThinkingVGC
