|j|☆25th_mang
|j|☆K0deBeast
|html|25th_mangK0deBeast    
|uhtml|bestof|Game 2 of a best-of-3
|t:|1782358898
|gametype|doubles
|player|p1|25th_mang|ballguy|1147
|player|p2|K0deBeast|hiker|1224
|gen|9
|tier|[Gen 9 Champions] VGC 2026 Reg M-B (Bo3)
|rated|
|rule|Species Clause: Limit one of each Pokémon
|rule|Item Clause: Limit 1 of each item
|clearpoke
|poke|p1|Crabominable, L50, M|
|poke|p1|Farigiraf, L50, M|
|poke|p1|Incineroar, L50, M|
|poke|p1|Archaludon, L50, M|
|poke|p1|Pelipper, L50, F|
|poke|p1|Sinistcha, L50|
|poke|p2|Garchomp, L50, M, shiny|
|poke|p2|Staraptor, L50, F, shiny|
|poke|p2|Whimsicott, L50, M, shiny|
|poke|p2|Rotom-Heat, L50|
|poke|p2|Incineroar, L50, M, shiny|
|poke|p2|Gholdengo, L50|
|teampreview|4
|showteam|p1|Crabominable||Crabominite|HyperCutter|IceHammer,DrainPunch,Protect,ThunderPunch|Brave||M|||50|]Farigiraf||MentalHerb|ArmorTail|TrickRoom,Psychic,HyperVoice,HelpingHand|Relaxed||M|||50|]Incineroar||Charcoal|Intimidate|FakeOut,FlareBlitz,Assurance,Snarl|Adamant||M|||50|]Archaludon||Magnet|Stalwart|ElectroShot,AuraSphere,DracoMeteor,Protect|Quiet||M|||50|]Pelipper||SharpBeak|Drizzle|Hurricane,WeatherBall,WideGuard,Protect|Modest||F|||50|]Sinistcha||SitrusBerry|Hospitality|MatchaGotcha,RagePowder,LifeDew,TrickRoom|Relaxed|||||50|
|showteam|p2|Garchomp||LifeOrb|RoughSkin|Earthquake,Protect,RockSlide,DragonClaw|Adamant||M|||50|]Staraptor||Staraptite|Intimidate|BraveBird,CloseCombat,Roost,Protect|Jolly||F|||50|]Whimsicott||FocusSash|Prankster|Moonblast,Tailwind,Tickle,FakeTears|Timid||M|||50|]Rotom-Heat||ChoiceScarf|Levitate|Discharge,Overheat,ShadowBall,Trick|Modest|||||50|]Incineroar||SitrusBerry|Intimidate|FakeOut,PartingShot,FlareBlitz,DarkestLariat|Impish||M|||50|]Gholdengo||WiseGlasses|GoodasGold|Protect,ShadowBall,MakeItRain,NastyPlot|Modest|||||50|
|inactive|Battle timer is ON: inactive players will automatically lose when time's up. (requested by 25th_mang)
|
|t:|1782358918
|teamsize|p1|4
|teamsize|p2|4
|start
|switch|p1a: Stup!b|Pelipper, L50, F|100/100
|switch|p1b: Doomscroll|Archaludon, L50, M|100/100
|switch|p2a: Garchomp|Garchomp, L50, M, shiny|100/100
|switch|p2b: Incineroar|Incineroar, L50, M, shiny|100/100
|-weather|RainDance|[from] ability: Drizzle|[of] p1a: Stup!b
|-ability|p2b: Incineroar|Intimidate|boost
|-unboost|p1a: Stup!b|atk|1
|-unboost|p1b: Doomscroll|atk|1
|turn|1
|
|t:|1782358932
|switch|p1b: My1stFlip|Farigiraf, L50, M|100/100
|move|p2b: Incineroar|Fake Out||[still]
|cant|p1b: My1stFlip|ability: Armor Tail|Fake Out|[of] p2b: Incineroar
|move|p2a: Garchomp|Dragon Claw|p1a: Stup!b
|-damage|p1a: Stup!b|39/100
|-damage|p2a: Garchomp|90/100|[from] item: Life Orb
|move|p1a: Stup!b|Weather Ball|p2b: Incineroar
|-supereffective|p2b: Incineroar|1
|-damage|p2b: Incineroar|0 fnt
|faint|p2b: Incineroar
|
|-weather|RainDance|[upkeep]
|upkeep
|
|t:|1782358942
|switch|p2b: Gholdengo|Gholdengo, L50|100/100
|turn|2
|
|t:|1782358949
|move|p1a: Stup!b|Wide Guard|p1a: Stup!b
|-singleturn|p1a: Stup!b|Wide Guard
|move|p2a: Garchomp|Dragon Claw|p1b: My1stFlip
|-damage|p1b: My1stFlip|51/100
|-damage|p2a: Garchomp|80/100|[from] item: Life Orb
|move|p2b: Gholdengo|Make It Rain|p1a: Stup!b|[spread] 
|-activate|p1a: Stup!b|move: Wide Guard
|-activate|p1b: My1stFlip|move: Wide Guard
|move|p1b: My1stFlip|Trick Room|p1b: My1stFlip
|-fieldstart|move: Trick Room|[of] p1b: My1stFlip
|
|-weather|RainDance|[upkeep]
|upkeep
|turn|3
|
|t:|1782358972
|move|p1b: My1stFlip|Psychic|p2a: Garchomp
|-damage|p2a: Garchomp|44/100
|move|p1a: Stup!b|Weather Ball|p2a: Garchomp
|-damage|p2a: Garchomp|0 fnt
|faint|p2a: Garchomp
|move|p2b: Gholdengo|Make It Rain|p1b: My1stFlip|[spread] p1a
|-miss|p2b: Gholdengo|p1b: My1stFlip
|-resisted|p1a: Stup!b|1
|-damage|p1a: Stup!b|3/100
|-unboost|p2b: Gholdengo|spa|2
|
|-weather|RainDance|[upkeep]
|upkeep
|
|t:|1782358979
|switch|p2a: Rotom|Rotom-Heat, L50|100/100
|turn|4
|
|t:|1782358992
|switch|p1b: My Direction|Sinistcha, L50|100/100
|-heal|p1a: Stup!b|28/100|[from] ability: Hospitality|[of] p1b: My Direction
|move|p1a: Stup!b|Weather Ball|p2a: Rotom
|-supereffective|p2a: Rotom|1
|-crit|p2a: Rotom
|-damage|p2a: Rotom|0 fnt
|faint|p2a: Rotom
|move|p2b: Gholdengo|Nasty Plot|p2b: Gholdengo
|-boost|p2b: Gholdengo|spa|2
|
|-weather|RainDance|[upkeep]
|upkeep
|turn|5
|
|t:|1782359017
|move|p1b: My Direction|Life Dew||[still]|[spread] p1a,p1b
|-heal|p1a: Stup!b|53/100
|-fail|p1b: My Direction|heal
|move|p1a: Stup!b|Weather Ball|p2b: Gholdengo
|-damage|p2b: Gholdengo|34/100
|move|p2b: Gholdengo|Nasty Plot|p2b: Gholdengo
|-boost|p2b: Gholdengo|spa|2
|
|-weather|none
|upkeep
|turn|6
|
|t:|1782359030
|switch|p1a: My1stFlip|Farigiraf, L50, M|51/100
|move|p2b: Gholdengo|Protect|p2b: Gholdengo
|-singleturn|p2b: Gholdengo|Protect
|move|p1b: My Direction|Trick Room|p1b: My Direction
|-fieldend|move: Trick Room
|
|upkeep
|turn|7
|
|t:|1782359041
|move|p1b: My Direction|Rage Powder|p1b: My Direction
|-singleturn|p1b: My Direction|move: Rage Powder
|move|p2b: Gholdengo|Make It Rain|p1a: My1stFlip|[spread] p1a,p1b
|-damage|p1a: My1stFlip|0 fnt
|-damage|p1b: My Direction|0 fnt
|-unboost|p2b: Gholdengo|spa|2
|faint|p1a: My1stFlip
|faint|p1b: My Direction
|
|upkeep
|
|t:|1782359047
|switch|p1b: Stup!b|Pelipper, L50, F|53/100
|switch|p1a: Doomscroll|Archaludon, L50, M|100/100
|-weather|RainDance|[from] ability: Drizzle|[of] p1b: Stup!b
|turn|8
|
|t:|1782359052
|move|p1b: Stup!b|Wide Guard|p1b: Stup!b
|-singleturn|p1b: Stup!b|Wide Guard
|move|p2b: Gholdengo|Nasty Plot|p2b: Gholdengo
|-boost|p2b: Gholdengo|spa|2
|move|p1a: Doomscroll|Electro Shot||[still]
|-prepare|p1a: Doomscroll|Electro Shot
|-boost|p1a: Doomscroll|spa|1
|-anim|p1a: Doomscroll|Electro Shot|p2b: Gholdengo
|-damage|p2b: Gholdengo|0 fnt
|faint|p2b: Gholdengo
|
|win|25th_mang
||K0deBeast is ready for game 3.
||25th_mang is ready for game 3.
|uhtml|next|Next: Game 3 of 3
|l|☆K0deBeast
|player|p2|
|l|☆25th_mang
|player|p1|
|j|☆25th_mang
|player|p1|25th_mang|ballguy|
