|j|☆FR45
|j|☆cazabichos cr7
|html|FR45cazabichos cr7    
|uhtml|bestof|Game 1 of a best-of-3
|t:|1783989034
|gametype|doubles
|player|p1|FR45|ethan|1201
|player|p2|cazabichos cr7|bugcatcher-gen4dp|1275
|gen|9
|tier|[Gen 9 Champions] VGC 2026 Reg M-B (Bo3)
|rated|
|rule|Species Clause: Limit one of each Pokémon
|rule|Item Clause: Limit 1 of each item
|clearpoke
|poke|p1|Mawile, L50, M, shiny|
|poke|p1|Aerodactyl, L50, M|
|poke|p1|Sinistcha, L50|
|poke|p1|Kommo-o, L50, M|
|poke|p1|Milotic, L50, M|
|poke|p1|Venusaur, L50, M|
|poke|p2|Sylveon, L50, F|
|poke|p2|Incineroar, L50, F|
|poke|p2|Garchomp, L50, F|
|poke|p2|Metagross, L50, shiny|
|poke|p2|Aerodactyl, L50, F|
|poke|p2|Charizard, L50, M, shiny|
|teampreview|4
|showteam|p1|Mawile||Mawilite|Intimidate|IronHead,SuckerPunch,PlayRough,Protect|Adamant||M|||50|]Aerodactyl||FocusSash|Unnerve|RockSlide,DualWingbeat,IceFang,Tailwind|Jolly||M|||50|]Sinistcha||SitrusBerry|Hospitality|MatchaGotcha,RagePowder,TrickRoom,Protect|Bold|||||50|]Kommo-o||ExpertBelt|Bulletproof|ClangingScales,AuraSphere,Flamethrower,Protect|Modest||M|||50|]Milotic||Leftovers|Competitive|Scald,IceBeam,Recover,Protect|Modest||M|||50|]Venusaur||Venusaurite|Chlorophyll|GigaDrain,SludgeBomb,EarthPower,Protect|Modest||M|||50|
|showteam|p2|Sylveon||FairyFeather|Pixilate|Protect,QuickAttack,HyperBeam,HyperVoice|Modest||F|||50|]Incineroar||SitrusBerry|Intimidate|FakeOut,FlareBlitz,DarkestLariat,PartingShot|Careful||F|||50|]Garchomp||LifeOrb|RoughSkin|Earthquake,DragonClaw,RockSlide,Protect|Jolly||F|||50|]Metagross||Metagrossite|ClearBody|Protect,PsychicFangs,BulletPunch,BodyPress|Adamant|||||50|]Aerodactyl||FocusSash|Unnerve|Tailwind,RockSlide,DualWingbeat,Protect|Jolly||F|||50|]Charizard||CharizarditeY|Blaze|HeatWave,SolarBeam,WeatherBall,Protect|Modest||M|||50|
|inactive|Battle timer is ON: inactive players will automatically lose when time's up. (requested by FR45)
|inactive|FR45 has 60 seconds left.
|inactive|cazabichos cr7 has 60 seconds left.
|inactive|cazabichos cr7 has 30 seconds left.
|inactive|cazabichos cr7 has 20 seconds left.
|
|t:|1783989107
|teamsize|p1|4
|teamsize|p2|4
|start
|switch|p1a: Milotic|Milotic, L50, M|100/100
|switch|p1b: Mawile|Mawile, L50, M, shiny|100/100
|switch|p2a: Aerodactyl|Aerodactyl, L50, F|100/100
|switch|p2b: Charizard|Charizard, L50, M, shiny|100/100
|-ability|p2a: Aerodactyl|Unnerve
|-ability|p1b: Mawile|Intimidate|boost
|-unboost|p2a: Aerodactyl|atk|1
|-unboost|p2b: Charizard|atk|1
|turn|1
|inactive|FR45 has 30 seconds left.
|
|t:|1783989134
|switch|p1b: Aerodactyl|Aerodactyl, L50, M|100/100
|-ability|p1b: Aerodactyl|Unnerve
|detailschange|p2b: Charizard|Charizard-Mega-Y, L50, M, shiny
|-mega|p2b: Charizard|Charizard|Charizardite Y
|-weather|SunnyDay|[from] ability: Drought|[of] p2b: Charizard
|move|p2b: Charizard|Protect|p2b: Charizard
|-singleturn|p2b: Charizard|Protect
|move|p1a: Milotic|Protect|p1a: Milotic
|-singleturn|p1a: Milotic|Protect
|move|p2a: Aerodactyl|Tailwind|p2a: Aerodactyl
|-sidestart|p2: cazabichos cr7|move: Tailwind
|
|-weather|SunnyDay|[upkeep]
|upkeep
|turn|2
|
|t:|1783989156
|switch|p1a: Kommo-o|Kommo-o, L50, M|100/100
|move|p2a: Aerodactyl|Rock Slide|p1a: Kommo-o|[spread] p1a,p1b
|-resisted|p1a: Kommo-o|1
|-supereffective|p1b: Aerodactyl|1
|-damage|p1a: Kommo-o|92/100
|-damage|p1b: Aerodactyl|40/100
|move|p2b: Charizard|Weather Ball|p1b: Aerodactyl
|-resisted|p1b: Aerodactyl|1
|-damage|p1b: Aerodactyl|0 fnt
|faint|p1b: Aerodactyl
|
|-weather|SunnyDay|[upkeep]
|upkeep
|
|t:|1783989172
|switch|p1b: Mawile|Mawile, L50, M, shiny|100/100
|-ability|p1b: Mawile|Intimidate|boost
|-unboost|p2a: Aerodactyl|atk|1
|-unboost|p2b: Charizard|atk|1
|turn|3
|
|t:|1783989188
|switch|p2a: Incineroar|Incineroar, L50, F|100/100
|-ability|p2a: Incineroar|Intimidate|boost
|-unboost|p1a: Kommo-o|atk|1
|-unboost|p1b: Mawile|atk|1
|detailschange|p1b: Mawile|Mawile-Mega, L50, M, shiny
|-mega|p1b: Mawile|Mawile|Mawilite
|move|p2b: Charizard|Protect|p2b: Charizard
|-singleturn|p2b: Charizard|Protect
|move|p1b: Mawile|Sucker Punch||[still]
|-fail|p1b: Mawile
|move|p1a: Kommo-o|Clanging Scales|p2a: Incineroar|[spread] p2a
|-activate|p2b: Charizard|move: Protect
|-damage|p2a: Incineroar|71/100
|-unboost|p1a: Kommo-o|def|1
|
|-weather|SunnyDay|[upkeep]
|upkeep
|turn|4
|
|t:|1783989209
|switch|p1b: Milotic|Milotic, L50, M|100/100
|move|p1a: Kommo-o|Protect|p1a: Kommo-o
|-singleturn|p1a: Kommo-o|Protect
|move|p2a: Incineroar|Fake Out|p1b: Milotic
|-damage|p1b: Milotic|90/100
|move|p2b: Charizard|Heat Wave|p1a: Kommo-o|[spread] 
|-activate|p1a: Kommo-o|move: Protect
|-miss|p2b: Charizard|p1b: Milotic
|
|-weather|SunnyDay|[upkeep]
|-heal|p1b: Milotic|96/100|[from] item: Leftovers
|-sideend|p2: cazabichos cr7|move: Tailwind
|upkeep
|turn|5
|inactive|FR45 has 30 seconds left.
|inactive|cazabichos cr7 has 30 seconds left.
|
|t:|1783989237
|switch|p2b: Sylveon|Sylveon, L50, F|100/100
|move|p1b: Milotic|Protect|p1b: Milotic
|-singleturn|p1b: Milotic|Protect
|move|p1a: Kommo-o|Aura Sphere|p2a: Incineroar
|-supereffective|p2a: Incineroar|1
|-damage|p2a: Incineroar|9/100
|-enditem|p2a: Incineroar|Sitrus Berry|[eat]
|-heal|p2a: Incineroar|34/100|[from] item: Sitrus Berry
|move|p2a: Incineroar|Darkest Lariat|p1b: Milotic
|-activate|p1b: Milotic|move: Protect
|
|-weather|none
|-heal|p1b: Milotic|100/100|[from] item: Leftovers
|upkeep
|turn|6
|inactive|FR45 has 30 seconds left.
|
|t:|1783989265
|switch|p2a: Charizard|Charizard-Mega-Y, L50, M, shiny|100/100
|-weather|SunnyDay|[from] ability: Drought|[of] p2a: Charizard
|move|p1a: Kommo-o|Flamethrower|p2b: Sylveon
|-damage|p2b: Sylveon|69/100
|move|p1b: Milotic|Scald|p2a: Charizard
|-supereffective|p2a: Charizard|1
|-damage|p2a: Charizard|71/100
|move|p2b: Sylveon|Hyper Voice|p1b: Milotic|[spread] p1a,p1b
|-supereffective|p1a: Kommo-o|2
|-damage|p1a: Kommo-o|0 fnt
|-damage|p1b: Milotic|61/100
|faint|p1a: Kommo-o
|
|-weather|SunnyDay|[upkeep]
|-heal|p1b: Milotic|68/100|[from] item: Leftovers
|upkeep
|inactive|FR45 has 30 seconds left.
|
|t:|1783989292
|switch|p1a: Mawile|Mawile-Mega, L50, M, shiny|100/100
|turn|7
|
|t:|1783989302
|move|p2a: Charizard|Protect|p2a: Charizard
|-singleturn|p2a: Charizard|Protect
|move|p1b: Milotic|Scald|p2a: Charizard
|-activate|p2a: Charizard|move: Protect
|move|p2b: Sylveon|Hyper Beam|p1b: Milotic|[miss]
|-miss|p2b: Sylveon|p1b: Milotic
|move|p1a: Mawile|Iron Head|p2b: Sylveon
|-supereffective|p2b: Sylveon|1
|-damage|p2b: Sylveon|0 fnt
|faint|p2b: Sylveon
|
|-weather|SunnyDay|[upkeep]
|-heal|p1b: Milotic|74/100|[from] item: Leftovers
|upkeep
|
|t:|1783989318
|switch|p2b: Aerodactyl|Aerodactyl, L50, F|100/100
|-ability|p2b: Aerodactyl|Unnerve
|turn|8
|
|t:|1783989330
|move|p1a: Mawile|Sucker Punch|p2a: Charizard
|-damage|p2a: Charizard|22/100
|move|p2b: Aerodactyl|Rock Slide|p1b: Milotic|[spread] p1a,p1b
|-resisted|p1a: Mawile|1
|-damage|p1a: Mawile|88/100
|-damage|p1b: Milotic|52/100
|move|p2a: Charizard|Heat Wave|p1a: Mawile|[spread] p1a,p1b
|-supereffective|p1a: Mawile|1
|-crit|p1a: Mawile
|-resisted|p1b: Milotic|1
|-damage|p1a: Mawile|0 fnt
|-damage|p1b: Milotic|29/100
|faint|p1a: Mawile
|cant|p1b: Milotic|flinch
|
|-weather|SunnyDay|[upkeep]
|-heal|p1b: Milotic|35/100|[from] item: Leftovers
|upkeep
|turn|9
|
|t:|1783989348
|move|p2b: Aerodactyl|Dual Wingbeat|p1b: Milotic
|-damage|p1b: Milotic|18/100
|-damage|p1b: Milotic|1/100
|-hitcount|p1b: Milotic|2
|move|p2a: Charizard|Solar Beam||[still]
|-prepare|p2a: Charizard|Solar Beam
|-anim|p2a: Charizard|Solar Beam|p1b: Milotic
|-supereffective|p1b: Milotic|1
|-damage|p1b: Milotic|0 fnt
|faint|p1b: Milotic
|
|win|cazabichos cr7
