|j|☆beeetch
|j|☆vikfabigreg
|html|beeetchvikfabigreg    
|uhtml|bestof|Game 2 of a best-of-3
|t:|1756669836
|gametype|doubles
|player|p1|beeetch|beauty-gen4dp|1268
|player|p2|vikfabigreg|blue|1173
|gen|9
|tier|[Gen 9] VGC 2025 Reg H (Bo3)
|rated|
|rule|Species Clause: Limit one of each Pokémon
|rule|Item Clause: Limit 1 of each item
|clearpoke
|poke|p1|Toedscruel, L50, F|
|poke|p1|Weezing-Galar, L50, M|
|poke|p1|Corviknight, L50, F|
|poke|p1|Pawmot, L50, F|
|poke|p1|Garchomp, L50, F|
|poke|p1|Typhlosion-Hisui, L50, M|
|poke|p2|Volcarona, L50, M|
|poke|p2|Kingambit, L50, F|
|poke|p2|Dragonite, L50, M|
|poke|p2|Sneasler, L50, F|
|poke|p2|Rillaboom, L50, M|
|poke|p2|Electabuzz, L50, M|
|teampreview|4
|showteam|p1|Toedscruel||CovertCloak|MyceliumMight|Spore,EarthPower,AcidSpray,RagePowder|||F|||50|,,,,,Water]Weezing-Galar||ChoiceSpecs|NeutralizingGas|DazzlingGleam,SludgeBomb,StrangeSteam,Flamethrower|||M|||50|,,,,,Fire]Corviknight||SitrusBerry|MirrorArmor|Protect,Tailwind,Roost,BraveBird|||F|||50|,,,,,Dragon]Pawmot||FocusSash|NaturalCure|Protect,CloseCombat,DoubleShock,FakeOut|||F|||50|,,,,,Electric]Garchomp||LifeOrb|RoughSkin|Protect,Earthquake,DragonClaw,StompingTantrum|||F|||50|,,,,,Ground]Typhlosion-Hisui||ChoiceScarf|Blaze|Eruption,SleepTalk,HeatWave,ShadowBall|||M|||50|,,,,,Fire
|showteam|p2|Volcarona||Leftovers|FlameBody|HeatWave,TeraBlast,QuiverDance,Protect|||M|||50|,,,,,Fairy]Kingambit||BlackGlasses|Defiant|KowtowCleave,SuckerPunch,SwordsDance,Protect|||F|||50|,,,,,Dark]Dragonite||LoadedDice|Multiscale|ScaleShot,ExtremeSpeed,Haze,Protect|||M|||50|,,,,,Steel]Sneasler||FocusSash|PoisonTouch|CloseCombat,DireClaw,FakeOut,Coaching|||F|||50|,,,,,Stellar]Rillaboom||AssaultVest|GrassySurge|WoodHammer,GrassyGlide,HighHorsepower,FakeOut|||M|||50|,,,,,Fire]Electabuzz||Eviolite|VitalSpirit|Thunderbolt,Taunt,FollowMe,Protect|||M|||50|,,,,,Ghost
|inactive|Battle timer is ON: inactive players will automatically lose when time's up. (requested by vikfabigreg)
|inactive|vikfabigreg has 60 seconds left.
|inactive|vikfabigreg has 30 seconds left.
|inactive|vikfabigreg has 20 seconds left.
|inactive|vikfabigreg has 15 seconds left.
|inactive|vikfabigreg has 10 seconds left.
|
|t:|1756669919
|teamsize|p1|4
|teamsize|p2|4
|start
|switch|p1a: Weezing|Weezing-Galar, L50, M|100/100
|switch|p1b: Typhlosion|Typhlosion-Hisui, L50, M|100/100
|switch|p2a: Sneasler|Sneasler, L50, F|100/100
|switch|p2b: Rillaboom|Rillaboom, L50, M|100/100
|-ability|p1a: Weezing|Neutralizing Gas
|turn|1
|inactive|beeetch has 30 seconds left.
|inactive|vikfabigreg has 30 seconds left.
|
|t:|1756669952
|-terastallize|p2b: Rillaboom|Fire
|move|p1b: Typhlosion|Eruption|p2a: Sneasler|[spread] p2a,p2b
|-resisted|p2b: Rillaboom
|-damage|p2a: Sneasler|10/100
|-damage|p2b: Rillaboom|77/100
|move|p2a: Sneasler|Dire Claw|p1a: Weezing
|-damage|p1a: Weezing|57/100
|move|p2b: Rillaboom|High Horsepower|p1b: Typhlosion
|-supereffective|p1b: Typhlosion
|-damage|p1b: Typhlosion|0 fnt
|faint|p1b: Typhlosion
|move|p1a: Weezing|Dazzling Gleam|p2b: Rillaboom|[spread] p2a,p2b
|-resisted|p2b: Rillaboom
|-damage|p2a: Sneasler|0 fnt
|-damage|p2b: Rillaboom|63/100
|faint|p2a: Sneasler
|
|upkeep
|
|t:|1756669977
|switch|p2a: Volcarona|Volcarona, L50, M|100/100
|switch|p1b: Pawmot|Pawmot, L50, F|100/100
|turn|2
|
|t:|1756669995
|-terastallize|p1b: Pawmot|Electric
|move|p2a: Volcarona|Protect|p2a: Volcarona
|-singleturn|p2a: Volcarona|Protect
|move|p1b: Pawmot|Double Shock|p2a: Volcarona
|-activate|p2a: Volcarona|move: Protect
|move|p2b: Rillaboom|High Horsepower|p1a: Weezing
|-supereffective|p1a: Weezing
|-damage|p1a: Weezing|0 fnt
|faint|p1a: Weezing
|-end|p1a: Weezing|ability: Neutralizing Gas
|-fieldstart|move: Grassy Terrain|[from] ability: Grassy Surge|[of] p2b: Rillaboom
|
|-heal|p2b: Rillaboom|69/100|[from] Grassy Terrain
|upkeep
|
|t:|1756670000
|switch|p1a: Corviknight|Corviknight, L50, F|100/100
|turn|3
|
|t:|1756670009
|move|p1b: Pawmot|Double Shock|p2a: Volcarona
|-damage|p2a: Volcarona|16/100
|-start|p1b: Pawmot|typechange|Electric|[from] move: Double Shock
|move|p2a: Volcarona|Heat Wave|p1a: Corviknight|[spread] p1a,p1b
|-supereffective|p1a: Corviknight
|-damage|p1a: Corviknight|39/100
|-damage|p1b: Pawmot|33/100
|-enditem|p1a: Corviknight|Sitrus Berry|[eat]
|-heal|p1a: Corviknight|64/100|[from] item: Sitrus Berry
|move|p2b: Rillaboom|High Horsepower|p1b: Pawmot
|-supereffective|p1b: Pawmot
|-damage|p1b: Pawmot|0 fnt
|faint|p1b: Pawmot
|move|p1a: Corviknight|Tailwind|p1a: Corviknight
|-sidestart|p1: beeetch|move: Tailwind
|
|-heal|p2a: Volcarona|23/100|[from] Grassy Terrain
|-heal|p2a: Volcarona|29/100|[from] item: Leftovers
|-heal|p2b: Rillaboom|75/100|[from] Grassy Terrain
|upkeep
|turn|4
|
|t:|1756670020
|move|p2a: Volcarona|Protect|p2a: Volcarona
|-singleturn|p2a: Volcarona|Protect
|move|p1a: Corviknight|Brave Bird|p2a: Volcarona
|-activate|p2a: Volcarona|move: Protect
|move|p2b: Rillaboom|Wood Hammer|p1a: Corviknight
|-resisted|p1a: Corviknight
|-damage|p1a: Corviknight|47/100
|-damage|p2b: Rillaboom|69/100|[from] Recoil
|
|-heal|p2a: Volcarona|35/100|[from] Grassy Terrain
|-heal|p2a: Volcarona|41/100|[from] item: Leftovers
|-heal|p2b: Rillaboom|75/100|[from] Grassy Terrain
|upkeep
|turn|5
|
|t:|1756670032
|switch|p2a: Kingambit|Kingambit, L50, F|100/100
|move|p1a: Corviknight|Brave Bird|p2a: Kingambit
|-resisted|p2a: Kingambit
|-damage|p2a: Kingambit|85/100
|-damage|p1a: Corviknight|42/100|[from] Recoil
|move|p2b: Rillaboom|Wood Hammer|p1a: Corviknight
|-resisted|p1a: Corviknight
|-damage|p1a: Corviknight|24/100
|-damage|p2b: Rillaboom|69/100|[from] Recoil
|
|-heal|p2b: Rillaboom|75/100|[from] Grassy Terrain
|-heal|p2a: Kingambit|90/100|[from] Grassy Terrain
|upkeep
|turn|6
|-message|beeetch forfeited.
|
|win|vikfabigreg
|raw|beeetch's rating: 1268 → 1236(-32 for losing)
|raw|vikfabigreg's rating: 1173 → 1205(+32 for winning)
|l|☆beeetch
|player|p1|
|j|☆beeetch
|player|p1|beeetch|beauty-gen4dp|
