|j|☆itsvalkyrie
|j|☆Mahdrescher
|html|itsvalkyrieMahdrescher    
|uhtml|bestof|Game 2 of a best-of-3
|t:|1756761536
|gametype|doubles
|player|p1|itsvalkyrie|clerkf|1078
|player|p2|Mahdrescher|266|1192
|gen|9
|tier|[Gen 9] VGC 2025 Reg H (Bo3)
|rated|
|rule|Species Clause: Limit one of each Pokémon
|rule|Item Clause: Limit 1 of each item
|clearpoke
|poke|p1|Ursaluna, L50, F|
|poke|p1|Gholdengo, L50|
|poke|p1|Porygon2, L50|
|poke|p1|Amoonguss, L50, M|
|poke|p1|Incineroar, L50, F|
|poke|p1|Hydreigon, L50, F|
|poke|p2|Annihilape, L50, M|
|poke|p2|Rillaboom, L50, M|
|poke|p2|Gholdengo, L50|
|poke|p2|Ursaluna-Bloodmoon, L50, M|
|poke|p2|Incineroar, L50, M|
|poke|p2|Dragonite, L50, F|
|teampreview|4
|showteam|p1|Ursaluna||FlameOrb|Guts|Facade,Earthquake,HeadlongRush,Protect|||F|||50|,,,,,Ghost]Gholdengo||LifeOrb|GoodasGold|MakeItRain,ShadowBall,NastyPlot,Protect||||||50|,,,,,Water]Porygon2||Eviolite|Download|TeraBlast,IceBeam,Recover,TrickRoom||||||50|,,,,,Fighting]Amoonguss||CovertCloak|Regenerator|PollenPuff,ClearSmog,RagePowder,Spore|||M|||50|,,,,,Water]Incineroar||SitrusBerry|Intimidate|FakeOut,FlareBlitz,KnockOff,PartingShot|||F|||50|,,,,,Ghost]Hydreigon||SafetyGoggles|Levitate|DracoMeteor,Snarl,Tailwind,Protect|||F|||50|,,,,,Ghost
|showteam|p2|Annihilape||SafetyGoggles|Defiant|CloseCombat,RageFist,FinalGambit,Taunt|||M|||50|,,,,,Water]Rillaboom||AssaultVest|GrassySurge|WoodHammer,GrassyGlide,HighHorsepower,FakeOut|||M|||50|,,,,,Fire]Gholdengo||LifeOrb|GoodasGold|MakeItRain,ShadowBall,NastyPlot,Protect||||||50|,,,,,Water]Ursaluna-Bloodmoon||FocusSash|MindsEye|HyperVoice,BloodMoon,EarthPower,Protect|||M|||50|,,,,,Normal]Incineroar||SitrusBerry|Intimidate|FlareBlitz,KnockOff,PartingShot,FakeOut|||M|||50|,,,,,Ghost]Dragonite||LoadedDice|Multiscale|ScaleShot,Haze,Tailwind,Protect|||F|||50|,,,,,Steel
|inactive|Battle timer is ON: inactive players will automatically lose when time's up. (requested by itsvalkyrie)
|inactive|itsvalkyrie has 60 seconds left.
|inactive|Mahdrescher has 60 seconds left.
|
|t:|1756761589
|teamsize|p1|4
|teamsize|p2|4
|start
|switch|p1a: Ursaluna|Ursaluna, L50, F|100/100
|switch|p1b: Hydreigon|Hydreigon, L50, F|100/100
|switch|p2a: Annihilape|Annihilape, L50, M|100/100
|switch|p2b: Dragonite|Dragonite, L50, F|100/100
|turn|1
|inactive|itsvalkyrie has 30 seconds left.
|inactive|Mahdrescher has 30 seconds left.
|inactive|itsvalkyrie has 20 seconds left.
|inactive|Mahdrescher has 20 seconds left.
|inactive|itsvalkyrie has 15 seconds left.
|inactive|Mahdrescher has 15 seconds left.
|inactive|itsvalkyrie has 10 seconds left.
|
|t:|1756761635
|switch|p2a: Incineroar|Incineroar, L50, M|100/100
|-ability|p2a: Incineroar|Intimidate|boost
|-unboost|p1a: Ursaluna|atk|1
|-unboost|p1b: Hydreigon|atk|1
|-terastallize|p2b: Dragonite|Steel
|move|p1b: Hydreigon|Tailwind|p1b: Hydreigon
|-sidestart|p1: itsvalkyrie|move: Tailwind
|move|p1a: Ursaluna|Facade|p2a: Incineroar
|-damage|p2a: Incineroar|75/100
|move|p2b: Dragonite|Tailwind|p2b: Dragonite
|-sidestart|p2: Mahdrescher|move: Tailwind
|
|-status|p1a: Ursaluna|brn|[from] item: Flame Orb
|upkeep
|turn|2
|inactive|Mahdrescher has 30 seconds left.
|inactive|Mahdrescher has 20 seconds left.
|
|t:|1756761673
|move|p1b: Hydreigon|Snarl|p2a: Incineroar|[spread] p2a,p2b
|-resisted|p2a: Incineroar
|-damage|p2a: Incineroar|64/100
|-damage|p2b: Dragonite|90/100
|-unboost|p2a: Incineroar|spa|1
|-unboost|p2b: Dragonite|spa|1
|move|p2b: Dragonite|Scale Shot|p1a: Ursaluna
|-damage|p1a: Ursaluna|90/100 brn
|-damage|p1a: Ursaluna|79/100 brn
|-damage|p1a: Ursaluna|67/100 brn
|-damage|p1a: Ursaluna|55/100 brn
|-damage|p1a: Ursaluna|44/100 brn
|-hitcount|p1a: Ursaluna|5
|-unboost|p2b: Dragonite|def|1
|-boost|p2b: Dragonite|spe|1
|move|p2a: Incineroar|Flare Blitz|p1a: Ursaluna
|-damage|p1a: Ursaluna|4/100 brn
|-damage|p2a: Incineroar|50/100|[from] Recoil
|-enditem|p2a: Incineroar|Sitrus Berry|[eat]
|-heal|p2a: Incineroar|75/100|[from] item: Sitrus Berry
|move|p1a: Ursaluna|Headlong Rush|p2b: Dragonite
|-supereffective|p2b: Dragonite
|-damage|p2b: Dragonite|0 fnt
|-unboost|p1a: Ursaluna|def|1
|-unboost|p1a: Ursaluna|spd|1
|faint|p2b: Dragonite
|
|-damage|p1a: Ursaluna|0 fnt|[from] brn
|faint|p1a: Ursaluna
|upkeep
|inactive|itsvalkyrie has 30 seconds left.
|inactive|Mahdrescher has 30 seconds left.
|
|t:|1756761707
|switch|p2b: Annihilape|Annihilape, L50, M|100/100
|switch|p1a: Incineroar|Incineroar, L50, F|100/100
|-ability|p1a: Incineroar|Intimidate|boost
|-unboost|p2a: Incineroar|atk|1
|-unboost|p2b: Annihilape|atk|1
|-ability|p2b: Annihilape|Defiant|boost
|-boost|p2b: Annihilape|atk|2
|turn|3
|inactive|Mahdrescher has 30 seconds left.
|inactive|Mahdrescher has 20 seconds left.
|inactive|Mahdrescher has 15 seconds left.
|inactive|Mahdrescher has 10 seconds left.
|inactive|Mahdrescher has 5 seconds left.
|
|t:|1756761758
|move|p1a: Incineroar|Fake Out|p2b: Annihilape
|-immune|p2b: Annihilape
|move|p1b: Hydreigon|Draco Meteor|p2b: Annihilape
|-damage|p2b: Annihilape|36/100
|-unboost|p1b: Hydreigon|spa|2
|move|p2b: Annihilape|Close Combat|p1a: Incineroar
|-supereffective|p1a: Incineroar
|-damage|p1a: Incineroar|0 fnt
|-unboost|p2b: Annihilape|def|1
|-unboost|p2b: Annihilape|spd|1
|faint|p1a: Incineroar
|move|p2a: Incineroar|Parting Shot|p1b: Hydreigon
|-unboost|p1b: Hydreigon|atk|1
|-unboost|p1b: Hydreigon|spa|1
|
|t:|1756761771
|switch|p2a: Ursaluna|Ursaluna-Bloodmoon, L50, M|100/100|[from] Parting Shot
|
|upkeep
|
|t:|1756761782
|switch|p1a: Gholdengo|Gholdengo, L50|100/100
|turn|4
|inactive|Mahdrescher has 30 seconds left.
|
|t:|1756761811
|switch|p2b: Incineroar|Incineroar, L50, M|75/100
|-ability|p2b: Incineroar|Intimidate|boost
|-unboost|p1a: Gholdengo|atk|1
|-unboost|p1b: Hydreigon|atk|1
|-terastallize|p1a: Gholdengo|Water
|move|p2a: Ursaluna|Protect|p2a: Ursaluna
|-singleturn|p2a: Ursaluna|Protect
|move|p1b: Hydreigon|Snarl|p2a: Ursaluna|[spread] p2b
|-activate|p2a: Ursaluna|move: Protect
|-resisted|p2b: Incineroar
|-damage|p2b: Incineroar|71/100
|-unboost|p2b: Incineroar|spa|1
|move|p1a: Gholdengo|Make It Rain|p2a: Ursaluna|[spread] p2b
|-activate|p2a: Ursaluna|move: Protect
|-resisted|p2b: Incineroar
|-damage|p2b: Incineroar|40/100
|-unboost|p1a: Gholdengo|spa|1
|-damage|p1a: Gholdengo|91/100|[from] item: Life Orb
|
|-sideend|p2: Mahdrescher|move: Tailwind
|-sideend|p1: itsvalkyrie|move: Tailwind
|upkeep
|turn|5
|inactive|itsvalkyrie has 30 seconds left.
|inactive|Mahdrescher has 30 seconds left.
|inactive|itsvalkyrie has 20 seconds left.
|inactive|Mahdrescher has 20 seconds left.
|inactive|itsvalkyrie has 15 seconds left.
|
|t:|1756761852
|move|p2b: Incineroar|Fake Out|p1b: Hydreigon
|-damage|p1b: Hydreigon|88/100
|cant|p1b: Hydreigon|flinch
|move|p1a: Gholdengo|Make It Rain|p2a: Ursaluna|[spread] p2a,p2b
|-resisted|p2b: Incineroar
|-damage|p2a: Ursaluna|47/100
|-damage|p2b: Incineroar|23/100
|-unboost|p1a: Gholdengo|spa|1
|-damage|p1a: Gholdengo|82/100|[from] item: Life Orb
|move|p2a: Ursaluna|Blood Moon|p1a: Gholdengo
|-damage|p1a: Gholdengo|0 fnt
|faint|p1a: Gholdengo
|
|upkeep
|turn|6
|inactive|Mahdrescher has 30 seconds left.
|
|t:|1756761886
|move|p2a: Ursaluna|Protect|p2a: Ursaluna
|-singleturn|p2a: Ursaluna|Protect
|move|p1b: Hydreigon|Draco Meteor|p2a: Ursaluna
|-activate|p2a: Ursaluna|move: Protect
|move|p2b: Incineroar|Parting Shot|p1b: Hydreigon
|-unboost|p1b: Hydreigon|atk|1
|-unboost|p1b: Hydreigon|spa|1
|
|t:|1756761893
|switch|p2b: Annihilape|Annihilape, L50, M|36/100|[from] Parting Shot
|
|upkeep
|turn|7
|inactive|itsvalkyrie has 30 seconds left.
|
|t:|1756761927
|move|p1b: Hydreigon|Snarl|p2a: Ursaluna|[spread] p2a,p2b
|-damage|p2a: Ursaluna|39/100
|-damage|p2b: Annihilape|30/100
|-unboost|p2a: Ursaluna|spa|1
|-unboost|p2b: Annihilape|spa|1
|-ability|p2b: Annihilape|Defiant|boost
|-boost|p2b: Annihilape|atk|2
|move|p2b: Annihilape|Close Combat|p1b: Hydreigon
|-supereffective|p1b: Hydreigon
|-damage|p1b: Hydreigon|0 fnt
|-unboost|p2b: Annihilape|def|1
|-unboost|p2b: Annihilape|spd|1
|faint|p1b: Hydreigon
|
|win|Mahdrescher
|raw|itsvalkyrie's rating: 1078 → 1063(-15 for losing)
|raw|Mahdrescher's rating: 1192 → 1209(+17 for winning)
|l|☆Mahdrescher
|player|p2|
