|j|☆jANMxRin
|j|☆bartei
|html|jANMxRinbartei    
|uhtml|bestof|Game 3 of a best-of-3
|t:|1756856133
|gametype|doubles
|player|p1|jANMxRin|acerola-masters|1128
|player|p2|bartei|karen|1210
|gen|9
|tier|[Gen 9] VGC 2025 Reg H (Bo3)
|rated|
|rule|Species Clause: Limit one of each Pokémon
|rule|Item Clause: Limit 1 of each item
|clearpoke
|poke|p1|Corviknight, L50, M|
|poke|p1|Tyranitar, L50, M|
|poke|p1|Garchomp, L50, F|
|poke|p1|Gholdengo, L50|
|poke|p1|Primarina, L50, F|
|poke|p1|Annihilape, L50, M|
|poke|p2|Dragonite, L50, M|
|poke|p2|Volcarona, L50, F|
|poke|p2|Sneasler, L50, M|
|poke|p2|Rillaboom, L50, M|
|poke|p2|Electabuzz, L50, M|
|poke|p2|Kingambit, L50, M|
|teampreview|4
|showteam|p1|Corviknight||Leftovers|MirrorArmor|BraveBird,BulkUp,Roost,Tailwind|||M|||50|,,,,,Dragon]Tyranitar||AssaultVest|SandStream|RockSlide,KnockOff,LowKick,TeraBlast|||M|||50|,,,,,Flying]Garchomp||LifeOrb|RoughSkin|Protect,DragonClaw,StompingTantrum,Earthquake|||F|||50|,,,,,Fairy]Gholdengo||MetalCoat|GoodasGold|MakeItRain,ShadowBall,NastyPlot,Protect||||||50|,,,,,Water]Primarina||SitrusBerry|LiquidVoice|HyperVoice,Moonblast,Haze,Protect|||F|||50|,,,,,Grass]Annihilape||SafetyGoggles|Defiant|CloseCombat,FinalGambit,RageFist,Taunt|||M|||50|,,,,,Water
|showteam|p2|Dragonite||LoadedDice|Multiscale|ScaleShot,ExtremeSpeed,Haze,Protect|||M|||50|,,,,,Fairy]Volcarona||CovertCloak|FlameBody|HeatWave,TeraBlast,QuiverDance,Protect|||F|||50|,,,,,Fairy]Sneasler||FocusSash|Unburden|CloseCombat,DireClaw,Coaching,FakeOut|||M|||50|,,,,,Stellar]Rillaboom||AssaultVest|GrassySurge|WoodHammer,GrassyGlide,HighHorsepower,FakeOut|||M|||50|,,,,,Fire]Electabuzz||Eviolite|VitalSpirit|Thunderbolt,FollowMe,Taunt,Protect|||M|||50|,,,,,Ghost]Kingambit||BlackGlasses|Defiant|KowtowCleave,SuckerPunch,SwordsDance,Protect|||M|||50|,,,,,Dark
|inactive|Battle timer is ON: inactive players will automatically lose when time's up. (requested by bartei)
|
|t:|1756856159
|teamsize|p1|4
|teamsize|p2|4
|start
|switch|p1a: Corviknight|Corviknight, L50, M|100/100
|switch|p1b: Annihilape|Annihilape, L50, M|100/100
|switch|p2a: Volcarona|Volcarona, L50, F|100/100
|switch|p2b: Electabuzz|Electabuzz, L50, M|100/100
|turn|1
|inactive|jANMxRin has 30 seconds left.
|inactive|jANMxRin has 20 seconds left.
|inactive|jANMxRin has 15 seconds left.
|inactive|jANMxRin has 10 seconds left.
|
|t:|1756856208
|-terastallize|p1a: Corviknight|Dragon
|move|p2a: Volcarona|Protect|p2a: Volcarona
|-singleturn|p2a: Volcarona|Protect
|move|p1b: Annihilape|Final Gambit|p2a: Volcarona
|-activate|p2a: Volcarona|move: Protect
|move|p2b: Electabuzz|Taunt|p1a: Corviknight
|-start|p1a: Corviknight|move: Taunt
|cant|p1a: Corviknight|move: Taunt|Tailwind
|
|upkeep
|turn|2
|inactive|jANMxRin has 30 seconds left.
|
|t:|1756856234
|move|p2b: Electabuzz|Follow Me|p2b: Electabuzz
|-singleturn|p2b: Electabuzz|move: Follow Me
|move|p2a: Volcarona|Quiver Dance|p2a: Volcarona
|-boost|p2a: Volcarona|spa|1
|-boost|p2a: Volcarona|spd|1
|-boost|p2a: Volcarona|spe|1
|move|p1b: Annihilape|Taunt|p2b: Electabuzz
|-start|p2b: Electabuzz|move: Taunt
|move|p1a: Corviknight|Brave Bird|p2b: Electabuzz
|-resisted|p2b: Electabuzz
|-damage|p2b: Electabuzz|85/100
|-damage|p1a: Corviknight|96/100|[from] Recoil
|
|-heal|p1a: Corviknight|100/100|[from] item: Leftovers
|upkeep
|turn|3
|inactive|jANMxRin has 30 seconds left.
|inactive|jANMxRin has 20 seconds left.
|inactive|jANMxRin has 15 seconds left.
|inactive|jANMxRin has 10 seconds left.
|inactive|jANMxRin has 5 seconds left.
|
|t:|1756856287
|switch|p2b: Kingambit|Kingambit, L50, M, shiny|100/100
|-terastallize|p2a: Volcarona|Fairy
|move|p2a: Volcarona|Tera Blast|p1b: Annihilape|[anim] Tera Blast Fairy
|-supereffective|p1b: Annihilape
|-damage|p1b: Annihilape|0 fnt
|faint|p1b: Annihilape
|move|p1a: Corviknight|Brave Bird|p2a: Volcarona
|-damage|p2a: Volcarona|44/100
|-damage|p1a: Corviknight|84/100|[from] Recoil
|
|-heal|p1a: Corviknight|90/100|[from] item: Leftovers
|-end|p1a: Corviknight|move: Taunt
|upkeep
|
|t:|1756856297
|switch|p1b: Garchomp|Garchomp, L50, F|100/100
|turn|4
|
|t:|1756856311
|switch|p2b: Rillaboom|Rillaboom, L50, M|100/100
|-fieldstart|move: Grassy Terrain|[from] ability: Grassy Surge|[of] p2b: Rillaboom
|move|p2a: Volcarona|Protect|p2a: Volcarona
|-singleturn|p2a: Volcarona|Protect
|move|p1b: Garchomp|Protect|p1b: Garchomp
|-singleturn|p1b: Garchomp|Protect
|move|p1a: Corviknight|Brave Bird|p2a: Volcarona
|-activate|p2a: Volcarona|move: Protect
|
|-heal|p2a: Volcarona|50/100|[from] Grassy Terrain
|-heal|p1a: Corviknight|96/100|[from] Grassy Terrain
|-heal|p1a: Corviknight|100/100|[from] item: Leftovers
|upkeep
|turn|5
|
|t:|1756856334
|move|p2b: Rillaboom|Fake Out|p1a: Corviknight
|-damage|p1a: Corviknight|89/100
|move|p2a: Volcarona|Tera Blast|p1b: Garchomp|[anim] Tera Blast Fairy
|-supereffective|p1b: Garchomp
|-damage|p1b: Garchomp|0 fnt
|faint|p1b: Garchomp
|cant|p1a: Corviknight|flinch
|
|-heal|p2a: Volcarona|56/100|[from] Grassy Terrain
|-heal|p1a: Corviknight|95/100|[from] Grassy Terrain
|-heal|p1a: Corviknight|100/100|[from] item: Leftovers
|upkeep
|
|t:|1756856343
|switch|p1b: Gholdengo|Gholdengo, L50|100/100
|turn|6
|
|t:|1756856352
|switch|p2b: Kingambit|Kingambit, L50, M, shiny|100/100
|move|p2a: Volcarona|Protect|p2a: Volcarona
|-singleturn|p2a: Volcarona|Protect
|move|p1b: Gholdengo|Protect|p1b: Gholdengo
|-singleturn|p1b: Gholdengo|Protect
|move|p1a: Corviknight|Tailwind|p1a: Corviknight
|-sidestart|p1: jANMxRin|move: Tailwind
|
|-heal|p2a: Volcarona|62/100|[from] Grassy Terrain
|upkeep
|turn|7
|
|t:|1756856375
|move|p1b: Gholdengo|Protect||[still]
|-fail|p1b: Gholdengo
|move|p2a: Volcarona|Tera Blast|p1a: Corviknight|[anim] Tera Blast Fairy
|-supereffective|p1a: Corviknight
|-damage|p1a: Corviknight|0 fnt
|faint|p1a: Corviknight
|move|p2b: Kingambit|Swords Dance|p2b: Kingambit
|-boost|p2b: Kingambit|atk|2
|
|-heal|p2a: Volcarona|69/100|[from] Grassy Terrain
|upkeep
|turn|8
|-message|jANMxRin forfeited.
|
|win|bartei
|raw|jANMxRin's rating: 1128 → 1109(-19 for losing)
|raw|bartei's rating: 1210 → 1229(+19 for winning)
|l|☆jANMxRin
|player|p1|
|l|☆bartei
|player|p2|
|j|☆jANMxRin
|player|p1|jANMxRin|acerola-masters|
