|j|☆Mashuno
|j|☆isamino
|html|Mashunoisamino    
|uhtml|bestof|Game 1 of a best-of-3
|t:|1784048691
|gametype|doubles
|player|p1|Mashuno|harlequin|1168
|player|p2|isamino|nate|1104
|gen|9
|tier|[Gen 9 Champions] VGC 2026 Reg M-B (Bo3)
|rated|
|rule|Species Clause: Limit one of each Pokémon
|rule|Item Clause: Limit 1 of each item
|clearpoke
|poke|p1|Pelipper, L50, F|
|poke|p1|Venusaur, L50, M|
|poke|p1|Blastoise, L50, M|
|poke|p1|Sinistcha, L50|
|poke|p1|Sableye, L50, F|
|poke|p1|Gholdengo, L50|
|poke|p2|Ampharos, L50, F|
|poke|p2|Farigiraf, L50, M|
|poke|p2|Torkoal, L50, F|
|poke|p2|Venusaur, L50, M|
|poke|p2|Delphox, L50, F|
|poke|p2|Hydreigon, L50, F|
|teampreview|4
|showteam|p1|Pelipper||FocusSash|Drizzle|WeatherBall,Hurricane,Tailwind,RainDance|Modest||F|||50|]Venusaur||Venusaurite|Chlorophyll|Protect,GigaDrain,SludgeBomb,EarthPower|Modest||M|||50|]Blastoise||Blastoisinite|RainDish|Protect,WaterSpout,DarkPulse,AuraSphere|Modest||M|||50|]Sinistcha||SitrusBerry|Hospitality|MatchaGotcha,RagePowder,LifeDew,TrickRoom|Bold|||||50|]Sableye||LightClay|Prankster|FoulPlay,LightScreen,Reflect,RainDance|Impish||F|||50|]Gholdengo||ChoiceScarf|GoodasGold|MakeItRain,ShadowBall,PowerGem,Trick|Timid|||||50|
|showteam|p2|Ampharos||Ampharosite|Static|Substitute,Thunderbolt,Protect,DragonPulse|Quiet||F|||50|]Farigiraf||SitrusBerry|ArmorTail|TrickRoom,Protect,HelpingHand,Psychic|Bold||M|||50|]Torkoal||Charcoal|Drought|Eruption,WeatherBall,Protect,Yawn|Quiet||F|||50|]Venusaur||LifeOrb|Chlorophyll|EarthPower,SludgeBomb,GigaDrain,Protect|Timid||M|||50|]Delphox||Delphoxite|Blaze|HeatWave,Protect,Encore,Psyshock|Timid||F|||50|]Hydreigon||ChoiceScarf|Levitate|Snarl,EarthPower,DracoMeteor,DarkPulse|Timid||F|||50|
|inactive|Battle timer is ON: inactive players will automatically lose when time's up. (requested by isamino)
|c|☆Mashuno|gl hf <3
|inactive|Mashuno has 60 seconds left.
|inactive|Mashuno has 30 seconds left.
|inactive|Mashuno has 20 seconds left.
|inactive|Mashuno has 15 seconds left.
|
|t:|1784048767
|teamsize|p1|4
|teamsize|p2|4
|start
|switch|p1a: Ghol.D.engo|Gholdengo, L50|100/100
|switch|p1b: 5 Bands Bob|Sableye, L50, F|100/100
|switch|p2a: Venusaur|Venusaur, L50, M|100/100
|switch|p2b: Torkoal|Torkoal, L50, F|100/100
|-weather|SunnyDay|[from] ability: Drought|[of] p2b: Torkoal
|turn|1
|
|t:|1784048790
|switch|p1a: Dai News|Pelipper, L50, F|100/100
|-weather|RainDance|[from] ability: Drizzle|[of] p1a: Dai News
|move|p1b: 5 Bands Bob|Light Screen|p1b: 5 Bands Bob
|-sidestart|p1: Mashuno|move: Light Screen
|move|p2a: Venusaur|Earth Power|p1a: Dai News
|-immune|p1a: Dai News
|move|p2b: Torkoal|Yawn|p1b: 5 Bands Bob
|-start|p1b: 5 Bands Bob|move: Yawn|[of] p2b: Torkoal
|
|-weather|RainDance|[upkeep]
|upkeep
|turn|2
|inactive|Mashuno has 30 seconds left.
|
|t:|1784048822
|switch|p1b: Ryokugyu|Venusaur, L50, M|100/100
|switch|p2b: Farigiraf|Farigiraf, L50, M|100/100
|move|p2a: Venusaur|Protect|p2a: Venusaur
|-singleturn|p2a: Venusaur|Protect
|move|p1a: Dai News|Weather Ball|p2b: Farigiraf
|-damage|p2b: Farigiraf|41/100
|-enditem|p2b: Farigiraf|Sitrus Berry|[eat]
|-heal|p2b: Farigiraf|66/100|[from] item: Sitrus Berry
|
|-weather|RainDance|[upkeep]
|upkeep
|turn|3
|inactive|Mashuno has 30 seconds left.
|inactive|isamino has 30 seconds left.
|inactive|Mashuno has 20 seconds left.
|
|t:|1784048860
|switch|p2a: Torkoal|Torkoal, L50, F|100/100
|-weather|SunnyDay|[from] ability: Drought|[of] p2a: Torkoal
|switch|p1a: 5 Bands Bob|Sableye, L50, F|100/100
|detailschange|p1b: Ryokugyu|Venusaur-Mega, L50, M
|-mega|p1b: Ryokugyu|Venusaur|Venusaurite
|move|p1b: Ryokugyu|Earth Power|p2a: Torkoal
|-supereffective|p2a: Torkoal|1
|-damage|p2a: Torkoal|23/100
|move|p2b: Farigiraf|Trick Room|p2b: Farigiraf
|-fieldstart|move: Trick Room|[of] p2b: Farigiraf
|
|-weather|SunnyDay|[upkeep]
|upkeep
|turn|4
|
|t:|1784048883
|switch|p1b: Ghol.D.engo|Gholdengo, L50|100/100
|move|p1a: 5 Bands Bob|Rain Dance|p1a: 5 Bands Bob
|-weather|RainDance
|move|p2a: Torkoal|Yawn|p1a: 5 Bands Bob
|-start|p1a: 5 Bands Bob|move: Yawn|[of] p2a: Torkoal
|move|p2b: Farigiraf|Psychic|p1b: Ghol.D.engo
|-resisted|p1b: Ghol.D.engo|1
|-damage|p1b: Ghol.D.engo|86/100
|
|-weather|RainDance|[upkeep]
|upkeep
|turn|5
|inactive|isamino has 30 seconds left.
|
|t:|1784048909
|switch|p2a: Ampharos|Ampharos, L50, F|100/100
|switch|p1a: Ryokugyu|Venusaur-Mega, L50, M|100/100
|move|p2b: Farigiraf|Psychic|p1a: Ryokugyu
|-supereffective|p1a: Ryokugyu|1
|-damage|p1a: Ryokugyu|55/100
|move|p1b: Ghol.D.engo|Make It Rain|p2b: Farigiraf|[spread] p2a,p2b
|-resisted|p2a: Ampharos|1
|-damage|p2a: Ampharos|78/100
|-damage|p2b: Farigiraf|21/100
|-unboost|p1b: Ghol.D.engo|spa|2
|
|-weather|RainDance|[upkeep]
|upkeep
|turn|6
|inactive|isamino has 30 seconds left.
|inactive|isamino has 20 seconds left.
|
|t:|1784048945
|detailschange|p2a: Ampharos|Ampharos-Mega, L50, F
|-mega|p2a: Ampharos|Ampharos|Ampharosite
|-ability|p2a: Ampharos|Mold Breaker
|move|p2b: Farigiraf|Helping Hand|p2a: Ampharos
|-singleturn|p2a: Ampharos|Helping Hand|[of] p2b: Farigiraf
|move|p1a: Ryokugyu|Protect|p1a: Ryokugyu
|-singleturn|p1a: Ryokugyu|Protect
|move|p2a: Ampharos|Dragon Pulse|p1a: Ryokugyu
|-activate|p1a: Ryokugyu|move: Protect
|move|p1b: Ghol.D.engo|Make It Rain|p2b: Farigiraf|[spread] p2a,p2b
|-resisted|p2a: Ampharos|1
|-damage|p2a: Ampharos|69/100
|-damage|p2b: Farigiraf|0 fnt
|-unboost|p1b: Ghol.D.engo|spa|2
|faint|p2b: Farigiraf
|
|-weather|RainDance|[upkeep]
|upkeep
|
|t:|1784048956
|switch|p2b: Torkoal|Torkoal, L50, F|23/100
|-weather|SunnyDay|[from] ability: Drought|[of] p2b: Torkoal
|turn|7
|inactive|Mashuno has 30 seconds left.
|inactive|Mashuno has 20 seconds left.
|inactive|Mashuno has 15 seconds left.
|inactive|Mashuno has 10 seconds left.
|
|t:|1784049001
|switch|p1a: Dai News|Pelipper, L50, F|100/100
|-weather|RainDance|[from] ability: Drizzle|[of] p1a: Dai News
|switch|p1b: 5 Bands Bob|Sableye, L50, F|100/100
|move|p2b: Torkoal|Weather Ball|p1b: 5 Bands Bob
|-damage|p1b: 5 Bands Bob|67/100
|move|p2a: Ampharos|Dragon Pulse|p1a: Dai News
|-damage|p1a: Dai News|52/100
|
|-weather|RainDance|[upkeep]
|-fieldend|move: Trick Room
|upkeep
|turn|8
|inactive|Mashuno has 30 seconds left.
|
|t:|1784049029
|switch|p1b: Ghol.D.engo|Gholdengo, L50|86/100
|switch|p2b: Venusaur|Venusaur, L50, M|100/100
|move|p1a: Dai News|Hurricane|p2b: Venusaur
|-supereffective|p2b: Venusaur|1
|-damage|p2b: Venusaur|7/100
|move|p2a: Ampharos|Thunderbolt|p1a: Dai News
|-supereffective|p1a: Dai News|2
|-damage|p1a: Dai News|0 fnt
|faint|p1a: Dai News
|
|-weather|RainDance|[upkeep]
|-sideend|p1: Mashuno|move: Light Screen
|upkeep
|
|t:|1784049042
|switch|p1a: Ryokugyu|Venusaur-Mega, L50, M|55/100
|turn|9
|
|t:|1784049059
|switch|p2a: Torkoal|Torkoal, L50, F|23/100
|-weather|SunnyDay|[from] ability: Drought|[of] p2a: Torkoal
|move|p2b: Venusaur|Protect|p2b: Venusaur
|-singleturn|p2b: Venusaur|Protect
|move|p1b: Ghol.D.engo|Shadow Ball|p2b: Venusaur
|-activate|p2b: Venusaur|move: Protect
|move|p1a: Ryokugyu|Giga Drain|p2a: Torkoal
|-resisted|p2a: Torkoal|1
|-damage|p2a: Torkoal|0 fnt
|-heal|p1a: Ryokugyu|67/100|[from] drain|[of] p2a: Torkoal
|faint|p2a: Torkoal
|
|-weather|SunnyDay|[upkeep]
|upkeep
|
|t:|1784049070
|switch|p2a: Ampharos|Ampharos-Mega, L50, F|69/100
|-ability|p2a: Ampharos|Mold Breaker
|turn|10
|
|t:|1784049094
|switch|p1b: 5 Bands Bob|Sableye, L50, F|67/100
|move|p1a: Ryokugyu|Protect|p1a: Ryokugyu
|-singleturn|p1a: Ryokugyu|Protect
|move|p2a: Ampharos|Protect|p2a: Ampharos
|-singleturn|p2a: Ampharos|Protect
|move|p2b: Venusaur|Earth Power|p1b: 5 Bands Bob
|-damage|p1b: 5 Bands Bob|31/100
|-damage|p2b: Venusaur|0 fnt|[from] item: Life Orb
|faint|p2b: Venusaur
|
|-weather|SunnyDay|[upkeep]
|upkeep
|turn|11
|
|t:|1784049113
|move|p1b: 5 Bands Bob|Light Screen|p1b: 5 Bands Bob
|-sidestart|p1: Mashuno|move: Light Screen
|move|p1a: Ryokugyu|Earth Power|p2a: Ampharos
|-supereffective|p2a: Ampharos|1
|-damage|p2a: Ampharos|19/100
|move|p2a: Ampharos|Dragon Pulse|p1a: Ryokugyu
|-damage|p1a: Ryokugyu|32/100
|
|-weather|SunnyDay|[upkeep]
|upkeep
|turn|12
|
|t:|1784049131
|move|p1a: Ryokugyu|Earth Power|p2a: Ampharos
|-supereffective|p2a: Ampharos|1
|-damage|p2a: Ampharos|0 fnt
|faint|p2a: Ampharos
|
|win|Mashuno
||Mashuno is ready for game 2.
||isamino is ready for game 2.
|uhtml|next|Next: Game 2 of 3
