|j|☆King_shuckle17
|j|☆Rockslap
|html|King_shuckle17Rockslap    
|uhtml|bestof|Game 2 of a best-of-3
|t:|1757046062
|gametype|doubles
|player|p1|King_shuckle17|lusamine-masters|1181
|player|p2|Rockslap|101|1284
|gen|9
|tier|[Gen 9] VGC 2025 Reg H (Bo3)
|rated|
|rule|Species Clause: Limit one of each Pokémon
|rule|Item Clause: Limit 1 of each item
|clearpoke
|poke|p1|Pelipper, L50, F|
|poke|p1|Archaludon, L50, M|
|poke|p1|Grimmsnarl, L50, M|
|poke|p1|Overqwil, L50, F|
|poke|p1|Sinistcha, L50|
|poke|p1|Annihilape, L50, F|
|poke|p2|Kommo-o, L50, M|
|poke|p2|Incineroar, L50, F|
|poke|p2|Rillaboom, L50, F|
|poke|p2|Volcarona, L50, M|
|poke|p2|Electabuzz, L50, M|
|poke|p2|Golduck, L50, M|
|teampreview|4
|showteam|p1|Pelipper||FocusSash|Drizzle|Hurricane,WeatherBall,Tailwind,Protect|||F|||50|,,,,,Ghost]Archaludon||AssaultVest|Stamina|ElectroShot,DragonPulse,FlashCannon,BodyPress|||M|||50|,,,,,Fairy]Grimmsnarl||LightClay|Prankster|LightScreen,Reflect,SpiritBreak,SuckerPunch|||M|||50|,,,,,Ghost]Overqwil||LifeOrb|SwiftSwim|PoisonJab,Crunch,Haze,Protect|||F|||50|,,,,,Grass]Sinistcha||SitrusBerry|Hospitality|MatchaGotcha,RagePowder,StrengthSap,Protect||||||50|,,,,,Dark]Annihilape||SafetyGoggles|Defiant|RageFist,DrainPunch,BulkUp,Protect|||F|||50|,,,,,Fire
|showteam|p2|Kommo-o||ThroatSpray|Soundproof|ClangingScales,FlashCannon,ClangorousSoul,Protect|||M|||50|,,,,,Steel]Incineroar||SafetyGoggles|Intimidate|FakeOut,KnockOff,PartingShot,FlareBlitz|||F|||50|,,,,,Bug]Rillaboom||AssaultVest|GrassySurge|FakeOut,WoodHammer,HighHorsepower,GrassyGlide|||F|||50|,,,,,Water]Volcarona||SitrusBerry|FlameBody|QuiverDance,HeatWave,TeraBlast,Protect|||M|||50|,,,,,Fairy]Electabuzz||Eviolite|VitalSpirit|Protect,Electroweb,Taunt,FollowMe|||M|||50|,,,,,Fairy]Golduck||CovertCloak|CloudNine|IcyWind,SimpleBeam,HelpingHand,Encore|||M|||50|,,,,,Poison
|j| teamthief420
|inactive|Battle timer is ON: inactive players will automatically lose when time's up. (requested by King_shuckle17)
|
|t:|1757046083
|teamsize|p1|4
|teamsize|p2|4
|start
|switch|p1a: Overqwil|Overqwil, L50, F|100/100
|switch|p1b: Grimmsnarl|Grimmsnarl, L50, M|100/100
|switch|p2a: Electabuzz|Electabuzz, L50, M, shiny|100/100
|switch|p2b: Kommo-o|Kommo-o, L50, M, shiny|100/100
|turn|1
|inactive|Rockslap has 30 seconds left.
|inactive|Rockslap has 20 seconds left.
|inactive|Rockslap has 15 seconds left.
|
|t:|1757046124
|move|p2b: Kommo-o|Protect|p2b: Kommo-o
|-singleturn|p2b: Kommo-o|Protect
|move|p1a: Overqwil|Protect|p1a: Overqwil
|-singleturn|p1a: Overqwil|Protect
|move|p2a: Electabuzz|Taunt|p1a: Overqwil
|-activate|p1a: Overqwil|move: Protect
|move|p1b: Grimmsnarl|Spirit Break|p2b: Kommo-o
|-activate|p2b: Kommo-o|move: Protect
|
|upkeep
|turn|2
|
|t:|1757046146
|switch|p2b: Volcarona|Volcarona, L50, M, shiny|100/100
|switch|p1a: Annihilape|Annihilape, L50, F|100/100
|move|p1b: Grimmsnarl|Light Screen|p1b: Grimmsnarl
|-sidestart|p1: King_shuckle17|move: Light Screen
|move|p2a: Electabuzz|Taunt|p1a: Annihilape
|-start|p1a: Annihilape|move: Taunt
|
|upkeep
|turn|3
|
|t:|1757046165
|switch|p2b: Golduck|Golduck, L50, M|100/100
|-ability|p2b: Golduck|Cloud Nine
|move|p2a: Electabuzz|Taunt|p1b: Grimmsnarl
|-start|p1b: Grimmsnarl|move: Taunt
|move|p1a: Annihilape|Drain Punch|p2a: Electabuzz
|-damage|p2a: Electabuzz|69/100
|move|p1b: Grimmsnarl|Spirit Break|p2a: Electabuzz
|-damage|p2a: Electabuzz|45/100
|-unboost|p2a: Electabuzz|spa|1
|
|upkeep
|turn|4
|
|t:|1757046185
|switch|p2a: Volcarona|Volcarona, L50, M, shiny|100/100
|move|p2b: Golduck|Simple Beam|p2a: Volcarona
|-ability|p2a: Volcarona|Simple|Flame Body|[from] move: Simple Beam
|move|p1a: Annihilape|Drain Punch|p2b: Golduck
|-damage|p2b: Golduck|59/100
|move|p1b: Grimmsnarl|Spirit Break|p2b: Golduck
|-damage|p2b: Golduck|28/100
|
|-end|p1a: Annihilape|move: Taunt
|upkeep
|turn|5
|
|t:|1757046198
|switch|p2b: Electabuzz|Electabuzz, L50, M, shiny|45/100
|move|p2a: Volcarona|Protect|p2a: Volcarona
|-singleturn|p2a: Volcarona|Protect
|move|p1a: Annihilape|Bulk Up|p1a: Annihilape
|-boost|p1a: Annihilape|atk|1
|-boost|p1a: Annihilape|def|1
|move|p1b: Grimmsnarl|Spirit Break|p2a: Volcarona
|-activate|p2a: Volcarona|move: Protect
|
|-end|p1b: Grimmsnarl|move: Taunt
|upkeep
|turn|6
|
|t:|1757046215
|move|p2b: Electabuzz|Follow Me|p2b: Electabuzz
|-singleturn|p2b: Electabuzz|move: Follow Me
|move|p2a: Volcarona|Quiver Dance|p2a: Volcarona
|-boost|p2a: Volcarona|spa|2
|-boost|p2a: Volcarona|spd|2
|-boost|p2a: Volcarona|spe|2
|move|p1a: Annihilape|Drain Punch|p2b: Electabuzz
|-damage|p2b: Electabuzz|0 fnt
|faint|p2b: Electabuzz
|move|p1b: Grimmsnarl|Spirit Break|p2a: Volcarona
|-resisted|p2a: Volcarona
|-damage|p2a: Volcarona|83/100
|-unboost|p2a: Volcarona|spa|2
|
|upkeep
|
|t:|1757046224
|switch|p2b: Golduck|Golduck, L50, M|28/100
|-ability|p2b: Golduck|Cloud Nine
|turn|7
|
|t:|1757046231
|-terastallize|p2a: Volcarona|Fairy
|move|p2a: Volcarona|Tera Blast|p1b: Grimmsnarl|[anim] Tera Blast Fairy
|-supereffective|p1b: Grimmsnarl
|-damage|p1b: Grimmsnarl|51/100
|move|p2b: Golduck|Encore|p1a: Annihilape
|-start|p1a: Annihilape|Encore
|move|p1a: Annihilape|Drain Punch|p2b: Golduck
|-damage|p2b: Golduck|0 fnt
|faint|p2b: Golduck
|move|p1b: Grimmsnarl|Spirit Break|p2a: Volcarona
|-damage|p2a: Volcarona|48/100
|-unboost|p2a: Volcarona|spa|2
|-enditem|p2a: Volcarona|Sitrus Berry|[eat]
|-heal|p2a: Volcarona|73/100|[from] item: Sitrus Berry
|
|upkeep
|
|t:|1757046236
|switch|p2b: Kommo-o|Kommo-o, L50, M, shiny|100/100
|turn|8
|
|t:|1757046260
|move|p2a: Volcarona|Quiver Dance|p2a: Volcarona
|-boost|p2a: Volcarona|spa|2
|-boost|p2a: Volcarona|spd|2
|-boost|p2a: Volcarona|spe|2
|move|p2b: Kommo-o|Flash Cannon|p1b: Grimmsnarl
|-supereffective|p1b: Grimmsnarl
|-damage|p1b: Grimmsnarl|17/100
|move|p1a: Annihilape|Drain Punch|p2b: Kommo-o
|-damage|p2b: Kommo-o|45/100
|move|p1b: Grimmsnarl|Spirit Break|p2a: Volcarona
|-damage|p2a: Volcarona|36/100
|-unboost|p2a: Volcarona|spa|2
|
|upkeep
|turn|9
|
|t:|1757046273
|-terastallize|p1b: Grimmsnarl|Ghost
|move|p2a: Volcarona|Quiver Dance|p2a: Volcarona
|-boost|p2a: Volcarona|spa|2
|-boost|p2a: Volcarona|spd|2
|-boost|p2a: Volcarona|spe|2
|move|p2b: Kommo-o|Flash Cannon|p1b: Grimmsnarl
|-damage|p1b: Grimmsnarl|0 fnt
|faint|p1b: Grimmsnarl
|move|p1a: Annihilape|Drain Punch|p2b: Kommo-o
|-damage|p2b: Kommo-o|0 fnt
|faint|p2b: Kommo-o
|
|-end|p1a: Annihilape|Encore
|-sideend|p1: King_shuckle17|move: Light Screen
|upkeep
|
|t:|1757046281
|switch|p1b: Overqwil|Overqwil, L50, F|100/100
|turn|10
|
|t:|1757046287
|move|p2a: Volcarona|Heat Wave|p1b: Overqwil|[spread] p1a,p1b
|-damage|p1a: Annihilape|67/100
|-damage|p1b: Overqwil|52/100
|move|p1a: Annihilape|Rage Fist|p2a: Volcarona
|-damage|p2a: Volcarona|0 fnt
|faint|p2a: Volcarona
|
|win|King_shuckle17
||King_shuckle17 is ready for game 3.
||Rockslap is ready for game 3.
|uhtml|next|Next: Game 3 of 3
|l| teamthief420
|l|☆Rockslap
|player|p2|
