|j|☆Giraffes in Gdansk
|j|☆anivgc
|html|Giraffes in Gdanskanivgc    
|uhtml|bestof|Game 2 of a best-of-3
|t:|1756221902
|gametype|doubles
|player|p1|Giraffes in Gdansk|acetrainer-gen4dp|1327
|player|p2|anivgc|dawn|1376
|gen|9
|tier|[Gen 9] VGC 2025 Reg H (Bo3)
|rated|
|rule|Species Clause: Limit one of each Pokémon
|rule|Item Clause: Limit 1 of each item
|clearpoke
|poke|p1|Dragonite, L50, M|
|poke|p1|Amoonguss, L50, M|
|poke|p1|Incineroar, L50, M|
|poke|p1|Ursaluna, L50, F|
|poke|p1|Sneasler, L50, M|
|poke|p1|Farigiraf, L50, F|
|poke|p2|Kingambit, L50, F|
|poke|p2|Basculegion, L50, M|
|poke|p2|Magmar, L50, F|
|poke|p2|Rillaboom, L50, F|
|poke|p2|Sneasler, L50, F|
|poke|p2|Dragonite, L50, M|
|teampreview|4
|showteam|p1|Dragonite||LoadedDice|Multiscale|ScaleShot,Tailwind,Haze,Protect|||M|||50|,,,,,Fairy]Amoonguss||SitrusBerry|Regenerator|Spore,RagePowder,PollenPuff,Protect|||M|||50|,,,,,Psychic]Incineroar||SafetyGoggles|Intimidate|FlareBlitz,KnockOff,FakeOut,PartingShot|||M|||50|,,,,,Ghost]Ursaluna||FlameOrb|Guts|Earthquake,HeadlongRush,Facade,Protect|||F|||50|,,,,,Normal]Sneasler||FocusSash|Unburden|CloseCombat,DireClaw,Coaching,Protect|||M|||50|,,,,,Stellar]Farigiraf||ThroatSpray|ArmorTail|HyperVoice,TwinBeam,TrickRoom,Protect|||F|||50|,,,,,Fire
|showteam|p2|Kingambit||BlackGlasses|Defiant|KowtowCleave,SuckerPunch,SwordsDance,Protect|||F|||50|,,,,,Flying]Basculegion||ChoiceScarf|Adaptability|WaveCrash,LastRespects,FlipTurn,AquaJet|||M|||50|,,,,,Ghost]Magmar||Eviolite|VitalSpirit|Overheat,WillOWisp,FollowMe,Protect|||F|||50|,,,,,Ghost]Rillaboom||AssaultVest|GrassySurge|WoodHammer,GrassyGlide,HighHorsepower,FakeOut|||F|||50|,,,,,Fire]Sneasler||WhiteHerb|Unburden|CloseCombat,DireClaw,Coaching,FakeOut|||F|||50|,,,,,Stellar]Dragonite||LoadedDice|Multiscale|ScaleShot,ExtremeSpeed,Haze,Protect|||M|||50|,,,,,Normal
|
|t:|1756221927
|teamsize|p1|4
|teamsize|p2|4
|start
|switch|p1a: Jbungo|Dragonite, L50, M, shiny|100/100
|switch|p1b: Shblingus|Sneasler, L50, M, shiny|100/100
|switch|p2a: Alicia|Sneasler, L50, F|100/100
|switch|p2b: We Continue|Basculegion, L50, M|100/100
|turn|1
|
|t:|1756221938
|move|p1b: Shblingus|Protect|p1b: Shblingus
|-singleturn|p1b: Shblingus|Protect
|move|p1a: Jbungo|Protect|p1a: Jbungo
|-singleturn|p1a: Jbungo|Protect
|move|p2a: Alicia|Fake Out|p1b: Shblingus
|-activate|p1b: Shblingus|move: Protect
|move|p2b: We Continue|Flip Turn|p1a: Jbungo
|-activate|p1a: Jbungo|move: Protect
|
|upkeep
|turn|2
|
|t:|1756221949
|move|p2b: We Continue|Flip Turn|p1b: Shblingus
|-damage|p1b: Shblingus|32/100
|
|t:|1756221952
|switch|p2b: When One Falls|Kingambit, L50, F|100/100|[from] Flip Turn
|move|p1b: Shblingus|Coaching|p1a: Jbungo
|-boost|p1a: Jbungo|atk|1
|-boost|p1a: Jbungo|def|1
|move|p2a: Alicia|Coaching|p2b: When One Falls
|-boost|p2b: When One Falls|atk|1
|-boost|p2b: When One Falls|def|1
|move|p1a: Jbungo|Scale Shot|p2a: Alicia
|-damage|p2a: Alicia|62/100
|-damage|p2a: Alicia|27/100
|-damage|p2a: Alicia|0 fnt
|faint|p2a: Alicia
|-hitcount|p2: Alicia|3
|-unboost|p1a: Jbungo|def|1
|-boost|p1a: Jbungo|spe|1
|
|upkeep
|
|t:|1756221957
|switch|p2a: We Continue|Basculegion, L50, M|100/100
|turn|3
|
|t:|1756221975
|move|p1b: Shblingus|Protect|p1b: Shblingus
|-singleturn|p1b: Shblingus|Protect
|move|p2a: We Continue|Flip Turn|p1b: Shblingus
|-activate|p1b: Shblingus|move: Protect
|move|p1a: Jbungo|Scale Shot|p2a: We Continue
|-damage|p2a: We Continue|74/100
|-damage|p2a: We Continue|45/100
|-damage|p2a: We Continue|18/100
|-damage|p2a: We Continue|0 fnt
|faint|p2a: We Continue
|-hitcount|p2: We Continue|4
|-unboost|p1a: Jbungo|def|1
|-boost|p1a: Jbungo|spe|1
|move|p2b: When One Falls|Kowtow Cleave|p1a: Jbungo
|-damage|p1a: Jbungo|29/100
|
|upkeep
|
|t:|1756221985
|switch|p2a: Gustave|Magmar, L50, F|100/100
|turn|4
|
|t:|1756222003
|switch|p1b: The Incident|Incineroar, L50, M, shiny|100/100
|-ability|p1b: The Incident|Intimidate|boost
|-unboost|p2a: Gustave|atk|1
|-unboost|p2b: When One Falls|atk|1
|-ability|p2b: When One Falls|Defiant|boost
|-boost|p2b: When One Falls|atk|2
|move|p2b: When One Falls|Protect|p2b: When One Falls
|-singleturn|p2b: When One Falls|Protect
|move|p1a: Jbungo|Haze|p1a: Jbungo
|-clearallboost
|move|p2a: Gustave|Overheat|p1a: Jbungo
|-resisted|p1a: Jbungo
|-damage|p1a: Jbungo|0 fnt
|-unboost|p2a: Gustave|spa|2
|faint|p1a: Jbungo
|
|upkeep
|
|t:|1756222032
|switch|p1a: Shblingus|Sneasler, L50, M, shiny|32/100
|turn|5
|
|t:|1756222058
|-terastallize|p2b: When One Falls|Flying
|move|p1a: Shblingus|Coaching|p1b: The Incident
|-boost|p1b: The Incident|atk|1
|-boost|p1b: The Incident|def|1
|move|p2a: Gustave|Overheat|p1a: Shblingus
|-damage|p1a: Shblingus|0 fnt
|-unboost|p2a: Gustave|spa|2
|faint|p1a: Shblingus
|move|p1b: The Incident|Knock Off|p2a: Gustave
|-damage|p2a: Gustave|32/100
|-enditem|p2a: Gustave|Eviolite|[from] move: Knock Off|[of] p1b: The Incident
|move|p2b: When One Falls|Swords Dance|p2b: When One Falls
|-boost|p2b: When One Falls|atk|2
|
|upkeep
|
|t:|1756222071
|switch|p1a: Shmungus|Amoonguss, L50, M, shiny|100/100
|turn|6
|
|t:|1756222080
|move|p2a: Gustave|Protect|p2a: Gustave
|-singleturn|p2a: Gustave|Protect
|move|p2b: When One Falls|Protect|p2b: When One Falls
|-singleturn|p2b: When One Falls|Protect
|move|p1b: The Incident|Knock Off|p2a: Gustave
|-activate|p2a: Gustave|move: Protect
|move|p1a: Shmungus|Spore|p2b: When One Falls
|-activate|p2b: When One Falls|move: Protect
|
|upkeep
|turn|7
|
|t:|1756222091
|move|p2a: Gustave|Overheat|p1a: Shmungus
|-supereffective|p1a: Shmungus
|-damage|p1a: Shmungus|70/100
|-unboost|p2a: Gustave|spa|2
|move|p1b: The Incident|Knock Off|p2a: Gustave
|-damage|p2a: Gustave|0 fnt
|faint|p2a: Gustave
|move|p2b: When One Falls|Kowtow Cleave|p1a: Shmungus
|-damage|p1a: Shmungus|0 fnt
|faint|p1a: Shmungus
|
|upkeep
|turn|8
|
|t:|1756222111
|move|p1b: The Incident|Knock Off|p2b: When One Falls
|-damage|p2b: When One Falls|49/100
|-enditem|p2b: When One Falls|Black Glasses|[from] move: Knock Off|[of] p1b: The Incident
|move|p2b: When One Falls|Kowtow Cleave|p1b: The Incident
|-resisted|p1b: The Incident
|-damage|p1b: The Incident|72/100
|
|upkeep
|turn|9
|
|t:|1756222117
|move|p1b: The Incident|Flare Blitz|p2b: When One Falls
|-damage|p2b: When One Falls|0 fnt
|faint|p2b: When One Falls
|-damage|p1b: The Incident|55/100|[from] Recoil
|
|win|Giraffes in Gdansk
|raw|Giraffes in Gdansk's rating: 1327 → 1350(+23 for winning)
|raw|anivgc's rating: 1376 → 1353(-23 for losing)
