|j|â˜†PhillyPyers
|j|â˜†100PctMareepWool
|html|PhillyPyers100PctMareepWool    
|uhtml|bestof|Game 1 of a best-of-3
|t:|1757789567
|gametype|doubles
|player|p1|PhillyPyers|102|
|player|p2|100PctMareepWool|265|
|gen|9
|tier|[Gen 9] VGC 2025 Reg H (Bo3)
|rule|Species Clause: Limit one of each PokÃ©mon
|rule|Item Clause: Limit 1 of each item
|clearpoke
|poke|p1|Dragonite, L50, M|
|poke|p1|Gholdengo, L50|
|poke|p1|Ursaluna-Bloodmoon, L50, M|
|poke|p1|Malamar, L50, F|
|poke|p1|Amoonguss, L50, M|
|poke|p1|Whimsicott, L50, M|
|poke|p2|Sneasler, L50, F|
|poke|p2|Indeedee, L50, M|
|poke|p2|Volcarona, L50, F|
|poke|p2|Ursaluna-Bloodmoon, L50, M|
|poke|p2|Annihilape, L50, F|
|poke|p2|Tyranitar, L50, M|
|teampreview|4
|showteam|p1|Dragonite||LoadedDice|Multiscale|ScaleShot,StompingTantrum,Haze,Protect|||M|||50|,,,,,Steel]Gholdengo||LifeOrb|GoodasGold|MakeItRain,ShadowBall,NastyPlot,Protect||||||50|,,,,,Water]Ursaluna-Bloodmoon||AssaultVest|MindsEye|BloodMoon,HyperVoice,EarthPower,VacuumWave|||M|||50|,,,,,Water]Malamar||SafetyGoggles|Contrary|Superpower,KnockOff,TrickRoom,Protect|||F|||50|,,,,,Ghost]Amoonguss||SitrusBerry|Regenerator|RagePowder,Spore,PollenPuff,Protect|||M|||50|,,,,,Psychic]Whimsicott||CovertCloak|Prankster|Tailwind,FakeTears,Encore,Moonblast|||M|||50|,,,,,Poison
|showteam|p2|Sneasler||PsychicSeed|Unburden|CloseCombat,DireClaw,ThroatChop,Protect|||F|||50|,,,,,Dark]Indeedee||ChoiceScarf|PsychicSurge|ExpandingForce,TeraBlast,Trick,Protect|||M|||50|,,,,,Psychic]Volcarona||SitrusBerry|FlameBody|Overheat,StruggleBug,RagePowder,Tailwind|||F|||50|,,,,,Grass]Ursaluna-Bloodmoon||LifeOrb|MindsEye|BloodMoon,HyperVoice,EarthPower,Protect|||M|||50|,,,,,Normal]Annihilape||SafetyGoggles|Defiant|CloseCombat,RageFist,Taunt,FinalGambit|||F|||50|,,,,,Fairy]Tyranitar||AssaultVest|SandStream|RockSlide,KnockOff,TeraBlast,LowKick|||M|||50|,,,,,Flying
|c|â˜†PhillyPyers|LOL
|c|â˜†100PctMareepWool|?
|c|â˜†PhillyPyers|And this is the team I got rolled by on stream
|c|â˜†PhillyPyers|At the same tournament
|c|â˜†100PctMareepWool|whoopsssss
|c|â˜†100PctMareepWool|james baek made a video about this last week so
|c|â˜†100PctMareepWool|LMAO
|c|â˜†100PctMareepWool|one sec. need a charger
|
|t:|1757789888
|teamsize|p1|4
|teamsize|p2|4
|start
|switch|p1a: Malamar|Malamar, L50, F|100/100
|switch|p1b: Ursaluna|Ursaluna-Bloodmoon, L50, M|100/100
|switch|p2a: Volcarona|Volcarona, L50, F|100/100
|switch|p2b: Indeedee|Indeedee, L50, M|100/100
|-fieldstart|move: Psychic Terrain|[from] ability: Psychic Surge|[of] p2b: Indeedee
|turn|1
|
|t:|1757789979
|move|p1a: Malamar|Protect|p1a: Malamar
|-singleturn|p1a: Malamar|Protect
|move|p2b: Indeedee|Tera Blast|p1a: Malamar
|-activate|p1a: Malamar|move: Protect
|move|p2a: Volcarona|Struggle Bug|p1a: Malamar|[spread] p1b
|-activate|p1a: Malamar|move: Protect
|-damage|p1b: Ursaluna|90/100
|-unboost|p1b: Ursaluna|spa|1
|move|p1b: Ursaluna|Blood Moon|p2a: Volcarona
|-damage|p2a: Volcarona|52/100
|
|upkeep
|turn|2
|
|t:|1757790020
|switch|p1b: Gholdengo|Gholdengo, L50|100/100
|-terastallize|p1a: Malamar|Ghost
|move|p2b: Indeedee|Tera Blast|p1a: Malamar
|-immune|p1a: Malamar
|move|p2a: Volcarona|Overheat|p1a: Malamar
|-damage|p1a: Malamar|28/100
|-unboost|p2a: Volcarona|spa|2
|move|p1a: Malamar|Superpower|p2b: Indeedee
|-damage|p2b: Indeedee|32/100
|-boost|p1a: Malamar|atk|1
|-boost|p1a: Malamar|def|1
|
|upkeep
|turn|3
|
|t:|1757790125
|-terastallize|p2b: Indeedee|Psychic
|move|p1a: Malamar|Protect|p1a: Malamar
|-singleturn|p1a: Malamar|Protect
|move|p2b: Indeedee|Tera Blast|p1a: Malamar|[anim] Tera Blast Psychic
|-activate|p1a: Malamar|move: Protect
|move|p2a: Volcarona|Overheat|p1b: Gholdengo
|-supereffective|p1b: Gholdengo
|-damage|p1b: Gholdengo|33/100
|-unboost|p2a: Volcarona|spa|2
|move|p1b: Gholdengo|Nasty Plot|p1b: Gholdengo
|-boost|p1b: Gholdengo|spa|2
|
|upkeep
|turn|4
|
|t:|1757790166
|move|p1b: Gholdengo|Protect|p1b: Gholdengo
|-singleturn|p1b: Gholdengo|Protect
|move|p2b: Indeedee|Tera Blast|p1a: Malamar|[anim] Tera Blast Psychic
|-damage|p1a: Malamar|0 fnt
|faint|p1a: Malamar
|move|p2a: Volcarona|Tailwind|p2a: Volcarona
|-sidestart|p2: 100PctMareepWool|move: Tailwind
|
|upkeep
|
|t:|1757790172
|switch|p1a: Amoonguss|Amoonguss, L50, M|100/100
|turn|5
|
|t:|1757790220
|switch|p1b: Ursaluna|Ursaluna-Bloodmoon, L50, M|90/100
|move|p1a: Amoonguss|Protect|p1a: Amoonguss
|-singleturn|p1a: Amoonguss|Protect
|move|p2b: Indeedee|Tera Blast|p1a: Amoonguss|[anim] Tera Blast Psychic
|-activate|p1a: Amoonguss|move: Protect
|move|p2a: Volcarona|Struggle Bug|p1b: Ursaluna|[spread] p1b
|-activate|p1a: Amoonguss|move: Protect
|-damage|p1b: Ursaluna|85/100
|-unboost|p1b: Ursaluna|spa|1
|
|-fieldend|move: Psychic Terrain
|upkeep
|turn|6
|
|t:|1757790283
|move|p2b: Indeedee|Tera Blast|p1a: Amoonguss|[anim] Tera Blast Psychic
|-supereffective|p1a: Amoonguss
|-damage|p1a: Amoonguss|0 fnt
|faint|p1a: Amoonguss
|move|p2a: Volcarona|Struggle Bug|p1b: Ursaluna
|-damage|p1b: Ursaluna|79/100
|-unboost|p1b: Ursaluna|spa|1
|move|p1b: Ursaluna|Hyper Voice|p2a: Volcarona|[spread] p2a,p2b
|-damage|p2a: Volcarona|34/100
|-damage|p2b: Indeedee|6/100
|-enditem|p2a: Volcarona|Sitrus Berry|[eat]
|-heal|p2a: Volcarona|59/100|[from] item: Sitrus Berry
|
|upkeep
|c|â˜†100PctMareepWool|test
|
|t:|1757790347
|switch|p1a: Gholdengo|Gholdengo, L50|33/100
|turn|7
|
|t:|1757790380
|move|p1a: Gholdengo|Protect|p1a: Gholdengo
|-singleturn|p1a: Gholdengo|Protect
|move|p2b: Indeedee|Tera Blast|p1a: Gholdengo|[anim] Tera Blast Psychic
|-activate|p1a: Gholdengo|move: Protect
|move|p2a: Volcarona|Struggle Bug|p1a: Gholdengo|[spread] p1b
|-activate|p1a: Gholdengo|move: Protect
|-damage|p1b: Ursaluna|75/100
|-unboost|p1b: Ursaluna|spa|1
|move|p1b: Ursaluna|Blood Moon|p2a: Volcarona
|-damage|p2a: Volcarona|30/100
|
|-sideend|p2: 100PctMareepWool|move: Tailwind
|upkeep
|turn|8
|
|t:|1757790400
|move|p2b: Indeedee|Tera Blast|p1a: Gholdengo|[anim] Tera Blast Psychic
|-resisted|p1a: Gholdengo
|-damage|p1a: Gholdengo|3/100
|move|p2a: Volcarona|Tailwind|p2a: Volcarona
|-sidestart|p2: 100PctMareepWool|move: Tailwind
|move|p1a: Gholdengo|Shadow Ball|p2a: Volcarona
|-damage|p2a: Volcarona|0 fnt
|faint|p2a: Volcarona
|-damage|p1a: Gholdengo|0 fnt|[from] item: Life Orb
|faint|p1a: Gholdengo
|move|p1b: Ursaluna|Hyper Voice|p2b: Indeedee
|-crit|p2b: Indeedee
|-damage|p2b: Indeedee|0 fnt
|faint|p2b: Indeedee
|
|upkeep
|-message|PhillyPyers forfeited.
|
|win|100PctMareepWool
|l|â˜†PhillyPyers
|player|p1|
||PhillyPyers is ready for game 2.
