|j|Ōśåatlasatc
|j|ŌśåHuasometa
|html|atlasatcHuasometa    
|uhtml|bestof|Game 2 of a best-of-3
|t:|1783655832
|gametype|doubles
|player|p1|atlasatc|2|1075
|player|p2|Huasometa|elesa|1184
|gen|9
|tier|[Gen 9 Champions] VGC 2026 Reg M-B (Bo3)
|rated|
|rule|Species Clause: Limit one of each Pok├®mon
|rule|Item Clause: Limit 1 of each item
|clearpoke
|poke|p1|Archaludon, L50, M|
|poke|p1|Pelipper, L50, M|
|poke|p1|Incineroar, L50, F|
|poke|p1|Aegislash, L50, F|
|poke|p1|Farigiraf, L50, M|
|poke|p1|Swampert, L50, F|
|poke|p2|Chandelure, L50, F|
|poke|p2|Kangaskhan, L50, F|
|poke|p2|Sylveon, L50, F|
|poke|p2|Kingambit, L50, M|
|poke|p2|Rotom-Wash, L50|
|poke|p2|Venusaur, L50, F|
|teampreview|4
|showteam|p1|Archaludon||Leftovers|Stamina|ElectroShot,FlashCannon,Protect,DracoMeteor|Modest||M|||50|]Pelipper||FocusSash|Drizzle|Hurricane,WeatherBall,Tailwind,WideGuard|Modest||M|||50|]Incineroar||SitrusBerry|Intimidate|FakeOut,PartingShot,FlareBlitz,DarkestLariat|Careful||F|||50|]Aegislash||SpellTag|StanceChange|Poltergeist,KingsShield,ShadowSneak,IronHead|Adamant||F|||50|]Farigiraf||ColburBerry|ArmorTail|TrickRoom,Psychic,HelpingHand,Protect|Quiet||M|||50|]Swampert||Swampertite|Torrent|WaveCrash,IcePunch,Protect,Earthquake|Adamant||F|||50|
|showteam|p2|Chandelure||FocusSash|FlashFire|HeatWave,ShadowBall,TrickRoom,Taunt|Quiet||F|||50|]Kangaskhan||Kangaskhanite|InnerFocus|FakeOut,DoubleEdge,SuckerPunch,HammerArm|Brave||F|||50|]Sylveon||FairyFeather|Pixilate|HyperVoice,Protect,HyperBeam,QuickAttack|Quiet||F|||50|]Kingambit||BlackGlasses|Defiant|KowtowCleave,SuckerPunch,IronHead,Protect|Brave||M|||50|]Rotom-Wash||SitrusBerry|Levitate|ThunderWave,VoltSwitch,HydroPump,Protect|Calm|||||50|]Venusaur||Venusaurite|Chlorophyll|EarthPower,SleepPowder,GigaDrain,Protect|Modest||F|||50|
|inactive|Battle timer is ON: inactive players will automatically lose when time's up. (requested by Huasometa)
|inactive|atlasatc has 60 seconds left.
|
|t:|1783655889
|teamsize|p1|4
|teamsize|p2|4
|start
|switch|p1a: Pelipper|Pelipper, L50, M|100/100
|switch|p1b: Incineroar|Incineroar, L50, F|100/100
|switch|p2a: Venusaur|Venusaur, L50, F|100/100
|switch|p2b: Rotom|Rotom-Wash, L50|100/100
|-weather|RainDance|[from] ability: Drizzle|[of] p1a: Pelipper
|-ability|p1b: Incineroar|Intimidate|boost
|-unboost|p2a: Venusaur|atk|1
|-unboost|p2b: Rotom|atk|1
|turn|1
|inactive|atlasatc has 30 seconds left.
|
|t:|1783655915
|detailschange|p2a: Venusaur|Venusaur-Mega, L50, F
|-mega|p2a: Venusaur|Venusaur|Venusaurite
|move|p1b: Incineroar|Fake Out|p2b: Rotom
|-damage|p2b: Rotom|87/100
|move|p1a: Pelipper|Hurricane|p2a: Venusaur
|-supereffective|p2a: Venusaur|1
|-damage|p2a: Venusaur|22/100
|move|p2a: Venusaur|Sleep Powder|p1a: Pelipper
|-status|p1a: Pelipper|slp|[from] move: Sleep Powder
|cant|p2b: Rotom|flinch
|
|-weather|RainDance|[upkeep]
|upkeep
|turn|2
|inactive|atlasatc has 30 seconds left.
|inactive|atlasatc has 20 seconds left.
|inactive|atlasatc has 15 seconds left.
|inactive|atlasatc has 10 seconds left.
|
|t:|1783655964
|switch|p1a: Archaludon|Archaludon, L50, M|100/100
|move|p2a: Venusaur|Giga Drain|p1a: Archaludon
|-resisted|p1a: Archaludon|2
|-damage|p1a: Archaludon|87/100
|-heal|p2a: Venusaur|29/100|[from] drain|[of] p1a: Archaludon
|-ability|p1a: Archaludon|Stamina|boost
|-boost|p1a: Archaludon|def|1
|move|p2b: Rotom|Volt Switch|p1a: Archaludon
|-resisted|p1a: Archaludon|1
|-damage|p1a: Archaludon|70/100
|-ability|p1a: Archaludon|Stamina|boost
|-boost|p1a: Archaludon|def|1
|
|t:|1783655972
|switch|p2b: Kingambit|Kingambit, L50, M|100/100|[from] Volt Switch
|move|p1b: Incineroar|Flare Blitz|p2a: Venusaur
|-supereffective|p2a: Venusaur|1
|-damage|p2a: Venusaur|12/100
|-damage|p1b: Incineroar|94/100|[from] Recoil
|
|-weather|RainDance|[upkeep]
|-heal|p1a: Archaludon|76/100|[from] item: Leftovers
|upkeep
|turn|3
|inactive|atlasatc has 30 seconds left.
|
|t:|1783656001
|switch|p2a: Rotom|Rotom-Wash, L50|87/100
|switch|p1b: Pelipper|Pelipper, L50, M|100/100 slp
|move|p1a: Archaludon|Electro Shot||[still]
|-prepare|p1a: Archaludon|Electro Shot
|-boost|p1a: Archaludon|spa|1
|-anim|p1a: Archaludon|Electro Shot|p2b: Kingambit
|-damage|p2b: Kingambit|26/100
|move|p2b: Kingambit|Kowtow Cleave|p1a: Archaludon
|-damage|p1a: Archaludon|54/100
|-ability|p1a: Archaludon|Stamina|boost
|-boost|p1a: Archaludon|def|1
|
|-weather|RainDance|[upkeep]
|-heal|p1a: Archaludon|60/100|[from] item: Leftovers
|upkeep
|turn|4
|
|t:|1783656025
|switch|p1b: Swampert|Swampert, L50, F|100/100
|move|p2a: Rotom|Thunder Wave|p1a: Archaludon
|-status|p1a: Archaludon|par
|move|p2b: Kingambit|Kowtow Cleave|p1a: Archaludon
|-damage|p1a: Archaludon|43/100 par
|-ability|p1a: Archaludon|Stamina|boost
|-boost|p1a: Archaludon|def|1
|cant|p1a: Archaludon|par
|
|-weather|RainDance|[upkeep]
|-heal|p1a: Archaludon|49/100 par|[from] item: Leftovers
|upkeep
|turn|5
|inactive|atlasatc has 30 seconds left.
|
|t:|1783656051
|detailschange|p1b: Swampert|Swampert-Mega, L50, F
|-mega|p1b: Swampert|Swampert|Swampertite
|move|p2b: Kingambit|Sucker Punch|p1b: Swampert
|-damage|p1b: Swampert|50/100g
|move|p1b: Swampert|Wave Crash|p2b: Kingambit
|-crit|p2b: Kingambit
|-damage|p2b: Kingambit|0 fnt
|faint|p2b: Kingambit
|-damage|p1b: Swampert|40/100|[from] Recoil
|move|p2a: Rotom|Hydro Pump|p1b: Swampert|[miss]
|-miss|p2a: Rotom|p1b: Swampert
|cant|p1a: Archaludon|par
|
|-weather|none
|-heal|p1a: Archaludon|55/100 par|[from] item: Leftovers
|upkeep
|c|Ōśåatlasatc|...
|c|Ōśåatlasatc|come on bro
|
|t:|1783656075
|switch|p2b: Sylveon|Sylveon, L50, F|100/100
|turn|6
|
|t:|1783656100
|move|p1b: Swampert|Protect|p1b: Swampert
|-singleturn|p1b: Swampert|Protect
|move|p2b: Sylveon|Protect|p2b: Sylveon
|-singleturn|p2b: Sylveon|Protect
|move|p2a: Rotom|Hydro Pump|p1b: Swampert
|-activate|p1b: Swampert|move: Protect
|cant|p1a: Archaludon|par
|
|-heal|p1a: Archaludon|61/100 par|[from] item: Leftovers
|upkeep
|turn|7
|c|Ōśåatlasatc|HUH
|c|Ōśåatlasatc|3 IN A ROW
|c|Ōśåatlasatc|NA
|inactive|atlasatc has 30 seconds left.
|inactive|atlasatc has 20 seconds left.
|inactive|atlasatc has 15 seconds left.
|inactive|atlasatc has 10 seconds left.
|
|t:|1783656145
|switch|p2b: Venusaur|Venusaur-Mega, L50, F|12/100
|move|p1b: Swampert|Wave Crash|p2a: Rotom
|-resisted|p2a: Rotom|1
|-damage|p2a: Rotom|45/100
|-enditem|p2a: Rotom|Sitrus Berry|[eat]
|-heal|p2a: Rotom|70/100|[from] item: Sitrus Berry
|-damage|p1b: Swampert|28/100|[from] Recoil
|move|p2a: Rotom|Hydro Pump|p1b: Swampert
|-damage|p1b: Swampert|0 fnt
|faint|p1b: Swampert
|move|p1a: Archaludon|Flash Cannon|p2b: Venusaur
|-damage|p2b: Venusaur|0 fnt
|faint|p2b: Venusaur
|
|-heal|p1a: Archaludon|68/100 par|[from] item: Leftovers
|upkeep
|
|t:|1783656165
|switch|p1b: Incineroar|Incineroar, L50, F|94/100
|switch|p2b: Sylveon|Sylveon, L50, F|100/100
|-ability|p1b: Incineroar|Intimidate|boost
|-unboost|p2a: Rotom|atk|1
|-unboost|p2b: Sylveon|atk|1
|turn|8
|
|t:|1783656182
|move|p2a: Rotom|Protect|p2a: Rotom
|-singleturn|p2a: Rotom|Protect
|move|p2b: Sylveon|Protect|p2b: Sylveon
|-singleturn|p2b: Sylveon|Protect
|move|p1b: Incineroar|Fake Out|p2b: Sylveon
|-activate|p2b: Sylveon|move: Protect
|cant|p1a: Archaludon|par
|
|-heal|p1a: Archaludon|74/100 par|[from] item: Leftovers
|upkeep
|turn|9
|c|Ōśåatlasatc|LMAO
|c|Ōśåatlasatc|NICE CHEATS
|inactive|atlasatc has 30 seconds left.
|
|t:|1783656214
|move|p2a: Rotom|Hydro Pump|p1b: Incineroar
|-supereffective|p1b: Incineroar|1
|-damage|p1b: Incineroar|37/100
|-enditem|p1b: Incineroar|Sitrus Berry|[eat]
|-heal|p1b: Incineroar|61/100|[from] item: Sitrus Berry
|move|p1b: Incineroar|Parting Shot|p2b: Sylveon
|-unboost|p2b: Sylveon|atk|1
|-unboost|p2b: Sylveon|spa|1
|
|t:|1783656221
|switch|p1b: Pelipper|Pelipper, L50, M|100/100 slp|[from] Parting Shot
|-weather|RainDance|[from] ability: Drizzle|[of] p1b: Pelipper
|move|p2b: Sylveon|Hyper Beam|p1a: Archaludon|[miss]
|-miss|p2b: Sylveon|p1a: Archaludon
|move|p1a: Archaludon|Flash Cannon|p2b: Sylveon
|-supereffective|p2b: Sylveon|1
|-damage|p2b: Sylveon|6/100
|
|-weather|RainDance|[upkeep]
|-heal|p1a: Archaludon|80/100 par|[from] item: Leftovers
|upkeep
|turn|10
|inactive|atlasatc has 30 seconds left.
|inactive|atlasatc has 20 seconds left.
|inactive|atlasatc has 15 seconds left.
|
|t:|1783656263
|cant|p1b: Pelipper|slp
|move|p2a: Rotom|Hydro Pump|p1a: Archaludon|[miss]
|-miss|p2a: Rotom|p1a: Archaludon
|move|p2b: Sylveon|Hyper Beam|p1a: Archaludon
|-damage|p1a: Archaludon|0 fnt
|-mustrecharge|p2b: Sylveon
|faint|p1a: Archaludon
|
|-weather|RainDance|[upkeep]
|upkeep
|
|t:|1783656272
|switch|p1a: Incineroar|Incineroar, L50, F|61/100
|-ability|p1a: Incineroar|Intimidate|boost
|-unboost|p2a: Rotom|atk|1
|-unboost|p2b: Sylveon|atk|1
|turn|11
|
|t:|1783656292
|move|p1a: Incineroar|Fake Out|p2a: Rotom
|-damage|p2a: Rotom|59/100
|cant|p1b: Pelipper|slp
|cant|p2a: Rotom|flinch
|cant|p2b: Sylveon|recharge
|
|-weather|RainDance|[upkeep]
|upkeep
|turn|12
|inactive|atlasatc has 30 seconds left.
|
|t:|1783656323
|move|p2b: Sylveon|Quick Attack|p1b: Pelipper
|-damage|p1b: Pelipper|91/100 slp
|-curestatus|p1b: Pelipper|slp|[msg]
|move|p1b: Pelipper|Weather Ball|p2a: Rotom
|-resisted|p2a: Rotom|1
|-damage|p2a: Rotom|33/100
|move|p2a: Rotom|Volt Switch|p1b: Pelipper
|-supereffective|p1b: Pelipper|2
|-damage|p1b: Pelipper|0 fnt
|faint|p1b: Pelipper
|move|p1a: Incineroar|Darkest Lariat|p2b: Sylveon
|-resisted|p2b: Sylveon|1
|-damage|p2b: Sylveon|0 fnt
|faint|p2b: Sylveon
|
|-weather|RainDance|[upkeep]
|upkeep
|turn|13
|
|t:|1783656340
|move|p2a: Rotom|Hydro Pump|p1a: Incineroar
|-supereffective|p1a: Incineroar|1
|-damage|p1a: Incineroar|0 fnt
|faint|p1a: Incineroar
|
|win|Huasometa
|raw|atlasatc's rating: 1075 → 1060(-15 for losing)
|raw|Huasometa's rating: 1184 → 1201(+17 for winning)
|c|ŌśåHuasometa|HAHHAHAHAHA
|c|Ōśåatlasatc|4 paras...
|c|Ōśåatlasatc|insane luck
|c|ŌśåHuasometa|deja de quejarte bro
|c|ŌśåHuasometa|es un juego
