|j|☆nyakugan
|j|☆exessvgc
|html|nyakuganexessvgc    
|uhtml|bestof|Game 3 of a best-of-3
|t:|1784755412
|gametype|doubles
|player|p1|nyakugan|2|
|player|p2|exessvgc|266|
|gen|9
|tier|[Gen 9 Champions] VGC 2026 Reg M-B (Bo3)
|rule|Species Clause: Limit one of each Pokémon
|rule|Item Clause: Limit 1 of each item
|clearpoke
|poke|p1|Annihilape, L50, F|
|poke|p1|Maushold, L50|
|poke|p1|Glimmora, L50, M|
|poke|p1|Ninetales-Alola, L50, F|
|poke|p1|Primarina, L50, F|
|poke|p1|Kingambit, L50, M|
|poke|p2|Farigiraf, L50, M|
|poke|p2|Aerodactyl, L50, M|
|poke|p2|Sylveon, L50, M|
|poke|p2|Kingambit, L50, M|
|poke|p2|Garchomp, L50, M|
|poke|p2|Charizard, L50, F|
|teampreview|4
|showteam|p1|Annihilape||Leftovers|Defiant|RageFist,DrainPunch,BulkUp,Protect|Adamant||F|||50|]Maushold||ChopleBerry|FriendGuard|BeatUp,Feint,FollowMe,Protect|Bold|||||50|]Glimmora||Glimmoranite|ToxicDebris|SludgeBomb,PowerGem,EarthPower,SpikyShield|Timid||M|||50|]Ninetales-Alola||NeverMeltIce|SnowWarning|Blizzard,FreezeDry,AuroraVeil,Protect|Timid||F|||50|]Primarina||LifeOrb|LiquidVoice|Moonblast,HyperVoice,DazzlingGleam,Protect|Modest||F|||50|]Kingambit||FocusSash|Defiant|KowtowCleave,IronHead,SuckerPunch,Protect|Adamant||M|||50|
|showteam|p2|Farigiraf||SitrusBerry|ArmorTail|TrickRoom,TwinBeam,HelpingHand,Thunderbolt|Bold||M|||50|]Aerodactyl||Aerodactylite|Unnerve|RockSlide,Protect,Tailwind,Taunt|Jolly||M|||50|]Sylveon||FairyFeather|Pixilate|HyperVoice,HyperBeam,Protect,ShadowBall|Modest||M|||50|]Kingambit||FocusSash|Defiant|IronHead,SuckerPunch,LowKick,Protect|Adamant||M|||50|]Garchomp||LifeOrb|RoughSkin|DragonClaw,Earthquake,StompingTantrum,Protect|Adamant||M|||50|]Charizard||CharizarditeY|Blaze|WeatherBall,HeatWave,SolarBeam,Protect|Modest||F|||50|
|j| Shmon
|
|t:|1784755470
|teamsize|p1|4
|teamsize|p2|4
|start
|switch|p1a: Glimmora|Glimmora, L50, M|100/100
|switch|p1b: Ninetales|Ninetales-Alola, L50, F|100/100
|switch|p2a: DINOSAUVO|Aerodactyl, L50, M|100/100
|switch|p2b: Charizard|Charizard, L50, F|100/100
|-ability|p2a: DINOSAUVO|Unnerve
|-weather|Snowscape|[from] ability: Snow Warning|[of] p1b: Ninetales
|turn|1
|
|t:|1784755563
|detailschange|p1a: Glimmora|Glimmora-Mega, L50, M
|-mega|p1a: Glimmora|Glimmora|Glimmoranite
|detailschange|p2b: Charizard|Charizard-Mega-Y, L50, F
|-mega|p2b: Charizard|Charizard|Charizardite Y
|-weather|SunnyDay|[from] ability: Drought|[of] p2b: Charizard
|move|p1b: Ninetales|Protect|p1b: Ninetales
|-singleturn|p1b: Ninetales|Protect
|move|p2a: DINOSAUVO|Tailwind|p2a: DINOSAUVO
|-sidestart|p2: exessvgc|move: Tailwind
|move|p2b: Charizard|Heat Wave|p1a: Glimmora|[spread] 
|-activate|p1b: Ninetales|move: Protect
|-miss|p2b: Charizard|p1a: Glimmora
|move|p1a: Glimmora|Power Gem|p2b: Charizard
|-supereffective|p2b: Charizard|2
|-damage|p2b: Charizard|0 fnt
|faint|p2b: Charizard
|
|-weather|SunnyDay|[upkeep]
|upkeep
|
|t:|1784755577
|switch|p2b: Garchomp|Garchomp, L50, M|100/100
|turn|2
|
|t:|1784755615
|switch|p1a: Maushold|Maushold, L50|100/100
|move|p2a: DINOSAUVO|Rock Slide|p1b: Ninetales|[spread] p1a,p1b
|-supereffective|p1b: Ninetales|1
|-damage|p1a: Maushold|76/100
|-damage|p1b: Ninetales|53/100
|move|p2b: Garchomp|Earthquake|p1a: Maushold|[spread] p1a,p1b
|-immune|p2a: DINOSAUVO
|-damage|p1a: Maushold|21/100
|-damage|p1b: Ninetales|1/100
|-damage|p2b: Garchomp|90/100|[from] item: Life Orb
|cant|p1b: Ninetales|flinch
|
|-weather|SunnyDay|[upkeep]
|upkeep
|turn|3
|
|t:|1784755655
|switch|p1b: Annihilape|Annihilape, L50, F|100/100
|move|p1a: Maushold|Protect|p1a: Maushold
|-singleturn|p1a: Maushold|Protect
|move|p2a: DINOSAUVO|Rock Slide|p1b: Annihilape|[spread] p1b
|-activate|p1a: Maushold|move: Protect
|-resisted|p1b: Annihilape|1
|-damage|p1b: Annihilape|90/100
|move|p2b: Garchomp|Earthquake|p1b: Annihilape|[spread] p1b
|-activate|p1a: Maushold|move: Protect
|-immune|p2a: DINOSAUVO
|-damage|p1b: Annihilape|51/100
|-damage|p2b: Garchomp|80/100|[from] item: Life Orb
|
|-weather|SunnyDay|[upkeep]
|-heal|p1b: Annihilape|57/100|[from] item: Leftovers
|upkeep
|turn|4
|
|t:|1784755725
|move|p1a: Maushold|Follow Me|p1a: Maushold
|-singleturn|p1a: Maushold|move: Follow Me
|move|p2a: DINOSAUVO|Rock Slide|p1b: Annihilape|[spread] p1a
|-miss|p2a: DINOSAUVO|p1b: Annihilape
|-damage|p1a: Maushold|0 fnt
|faint|p1a: Maushold
|move|p2b: Garchomp|Earthquake|p1b: Annihilape|[spread] p1b
|-immune|p2a: DINOSAUVO
|-damage|p1b: Annihilape|11/100
|-damage|p2b: Garchomp|70/100|[from] item: Life Orb
|move|p1b: Annihilape|Rage Fist|p2a: DINOSAUVO
|-damage|p2a: DINOSAUVO|0 fnt
|faint|p2a: DINOSAUVO
|
|-weather|SunnyDay|[upkeep]
|-heal|p1b: Annihilape|17/100|[from] item: Leftovers
|-sideend|p2: exessvgc|move: Tailwind
|upkeep
|
|t:|1784755746
|switch|p2a: Kingambit|Kingambit, L50, M|100/100
|switch|p1a: Ninetales|Ninetales-Alola, L50, F|1/100
|-weather|Snowscape|[from] ability: Snow Warning|[of] p1a: Ninetales
|turn|5
|
|t:|1784755806
|switch|p1a: Glimmora|Glimmora-Mega, L50, M|100/100
|move|p2b: Garchomp|Protect|p2b: Garchomp
|-singleturn|p2b: Garchomp|Protect
|move|p1b: Annihilape|Protect|p1b: Annihilape
|-singleturn|p1b: Annihilape|Protect
|move|p2a: Kingambit|Sucker Punch||[still]
|-fail|p2a: Kingambit
|
|-weather|Snowscape|[upkeep]
|-heal|p1b: Annihilape|23/100|[from] item: Leftovers
|upkeep
|turn|6
|
|t:|1784755909
|move|p1a: Glimmora|Spiky Shield|p1a: Glimmora
|-singleturn|p1a: Glimmora|move: Protect
|move|p2a: Kingambit|Sucker Punch||[still]
|-fail|p2a: Kingambit
|move|p2b: Garchomp|Stomping Tantrum|p1a: Glimmora
|-activate|p1a: Glimmora|move: Protect
|-damage|p2b: Garchomp|58/100|[from] Spiky Shield|[of] p1a: Glimmora
|move|p1b: Annihilape|Bulk Up|p1b: Annihilape
|-boost|p1b: Annihilape|atk|1
|-boost|p1b: Annihilape|def|1
|
|-weather|Snowscape|[upkeep]
|-heal|p1b: Annihilape|29/100|[from] item: Leftovers
|upkeep
|turn|7
|
|t:|1784755978
|move|p1b: Annihilape|Protect|p1b: Annihilape
|-singleturn|p1b: Annihilape|Protect
|move|p1a: Glimmora|Sludge Bomb|p2b: Garchomp
|-resisted|p2b: Garchomp|1
|-damage|p2b: Garchomp|28/100
|move|p2b: Garchomp|Stomping Tantrum|p1b: Annihilape
|-activate|p1b: Annihilape|move: Protect
|move|p2a: Kingambit|Iron Head|p1a: Glimmora
|-supereffective|p1a: Glimmora|1
|-damage|p1a: Glimmora|0 fnt
|faint|p1a: Glimmora
|
|-weather|Snowscape|[upkeep]
|-heal|p1b: Annihilape|36/100|[from] item: Leftovers
|upkeep
|
|t:|1784755990
|switch|p1a: Ninetales|Ninetales-Alola, L50, F|1/100
|turn|8
|
|t:|1784756053
|move|p2a: Kingambit|Sucker Punch|p1a: Ninetales
|-resisted|p1a: Ninetales|1
|-damage|p1a: Ninetales|0 fnt
|faint|p1a: Ninetales
|move|p2b: Garchomp|Stomping Tantrum|p1b: Annihilape
|-damage|p1b: Annihilape|3/100
|-damage|p2b: Garchomp|18/100|[from] item: Life Orb
|move|p1b: Annihilape|Drain Punch|p2a: Kingambit
|-supereffective|p2a: Kingambit|2
|-enditem|p2a: Kingambit|Focus Sash
|-damage|p2a: Kingambit|1/100
|-heal|p1b: Annihilape|50/100y|[from] drain|[of] p2a: Kingambit
|
|-weather|Snowscape|[upkeep]
|-heal|p1b: Annihilape|56/100|[from] item: Leftovers
|upkeep
|turn|9
|
|t:|1784756080
|move|p2b: Garchomp|Protect|p2b: Garchomp
|-singleturn|p2b: Garchomp|Protect
|move|p1b: Annihilape|Protect|p1b: Annihilape
|-singleturn|p1b: Annihilape|Protect
|move|p2a: Kingambit|Sucker Punch||[still]
|-fail|p2a: Kingambit
|
|-weather|none
|-heal|p1b: Annihilape|62/100|[from] item: Leftovers
|upkeep
|turn|10
|
|t:|1784756100
|move|p2a: Kingambit|Sucker Punch|p1b: Annihilape
|-damage|p1b: Annihilape|35/100
|move|p2b: Garchomp|Stomping Tantrum|p1b: Annihilape
|-damage|p1b: Annihilape|0 fnt
|faint|p1b: Annihilape
|-damage|p2b: Garchomp|8/100|[from] item: Life Orb
|
|win|exessvgc
|c|☆nyakugan|ggwp
|c|☆exessvgc|ggs
|c| Shmon|ggs
|l| Shmon
