|j|☆BatteriesAlex
|j|☆bighamsterbaseball
|html|BatteriesAlexbighamsterbaseball    
|uhtml|bestof|Game 3 of a best-of-3
|t:|1784754368
|gametype|doubles
|player|p1|BatteriesAlex|265|1214
|player|p2|bighamsterbaseball|pokemaniac|1179
|gen|9
|tier|[Gen 9 Champions] VGC 2026 Reg M-B (Bo3)
|rated|
|rule|Species Clause: Limit one of each Pokémon
|rule|Item Clause: Limit 1 of each item
|clearpoke
|poke|p1|Raichu, L50, M|
|poke|p1|Ninetales-Alola, L50, M|
|poke|p1|Gengar, L50, F|
|poke|p1|Incineroar, L50, F|
|poke|p1|Garchomp, L50, M|
|poke|p1|Vivillon, L50, F|
|poke|p2|Pyroar, L50, M|
|poke|p2|Scrafty, L50, F|
|poke|p2|Torkoal, L50, M|
|poke|p2|Venusaur, L50, F|
|poke|p2|Basculegion, L50, M|
|poke|p2|Malamar, L50, M|
|teampreview|4
|showteam|p1|Raichu||RaichuniteY|LightningRod|FocusBlast,Protect,FakeOut,ZapCannon|Timid||M|||50|]Ninetales-Alola||LightClay|SnowWarning|Blizzard,Protect,Encore,AuroraVeil|Timid||M|||50|]Gengar||Gengarite|CursedBody|ShadowBall,Protect,SludgeBomb,Taunt|Modest||F|||50|]Incineroar||SitrusBerry|Intimidate|FakeOut,PartingShot,FlareBlitz,DarkestLariat|Adamant||F|||50|]Garchomp||LifeOrb|RoughSkin|Earthquake,DragonClaw,RockSlide,Protect|Jolly||M|||50|]Vivillon||FocusSash|CompoundEyes|Tailwind,SleepPowder,Hurricane,Protect|Timid||F|||50|
|showteam|p2|Pyroar||Pyroarite|Unnerve|HeatWave,Overheat,SolarBeam,Protect|Timid||M|||50|]Scrafty||Scraftinite|Intimidate|FakeOut,DrainPunch,KnockOff,IcePunch|Adamant||F|||50|]Torkoal||Leftovers|Drought|HeatWave,Yawn,HelpingHand,Protect|Relaxed||M|||50|]Venusaur||LifeOrb|Chlorophyll|LeafStorm,SludgeBomb,EarthPower,Protect|Modest||F|||50|]Basculegion||ChoiceScarf|Adaptability|WaveCrash,LastRespects,AquaJet,FlipTurn|Adamant||M|||50|]Malamar||SitrusBerry|Contrary|Superpower,RockSlide,TrickRoom,TopsyTurvy|Careful||M|||50|
|
|t:|1784754394
|teamsize|p1|4
|teamsize|p2|4
|start
|switch|p1a: Raichu|Raichu, L50, M|100/100
|switch|p1b: Vivillon|Vivillon, L50, F|100/100
|switch|p2a: Scrafty|Scrafty, L50, F|100/100
|switch|p2b: Malamar|Malamar, L50, M|100/100
|-ability|p2a: Scrafty|Intimidate|boost
|-unboost|p1a: Raichu|atk|1
|-unboost|p1b: Vivillon|atk|1
|turn|1
|
|t:|1784754405
|detailschange|p1a: Raichu|Raichu-Mega-Y, L50, M
|-mega|p1a: Raichu|Raichu|Raichunite Y
|move|p2a: Scrafty|Fake Out|p1b: Vivillon
|-damage|p1b: Vivillon|78/100
|move|p1a: Raichu|Focus Blast|p2b: Malamar
|-crit|p2b: Malamar
|-damage|p2b: Malamar|39/100
|-enditem|p2b: Malamar|Sitrus Berry|[eat]
|-heal|p2b: Malamar|64/100|[from] item: Sitrus Berry
|cant|p1b: Vivillon|flinch
|move|p2b: Malamar|Trick Room|p2b: Malamar
|-fieldstart|move: Trick Room|[of] p2b: Malamar
|
|upkeep
|turn|2
|
|t:|1784754422
|detailschange|p2a: Scrafty|Scrafty-Mega, L50, F
|-mega|p2a: Scrafty|Scrafty|Scraftinite
|-ability|p2a: Scrafty|Intimidate|boost
|-unboost|p1a: Raichu|atk|1
|-unboost|p1b: Vivillon|atk|1
|move|p2b: Malamar|Rock Slide|p1a: Raichu|[spread] p1a,p1b
|-supereffective|p1b: Vivillon|2
|-damage|p1a: Raichu|72/100
|-damage|p1b: Vivillon|1/100
|move|p2a: Scrafty|Drain Punch|p1a: Raichu
|-damage|p1a: Raichu|0 fnt
|faint|p1a: Raichu
|move|p1b: Vivillon|Sleep Powder|p2a: Scrafty
|-status|p2a: Scrafty|slp|[from] move: Sleep Powder
|
|upkeep
|
|t:|1784754432
|switch|p1a: Garchomp|Garchomp, L50, M|100/100
|turn|3
|
|t:|1784754440
|move|p2b: Malamar|Superpower|p1b: Vivillon
|-resisted|p1b: Vivillon|2
|-damage|p1b: Vivillon|0 fnt
|-boost|p2b: Malamar|atk|1
|-boost|p2b: Malamar|def|1
|faint|p1b: Vivillon
|cant|p2a: Scrafty|slp
|move|p1a: Garchomp|Earthquake|p2b: Malamar|[spread] p2a,p2b
|-damage|p2a: Scrafty|55/100 slp
|-damage|p2b: Malamar|27/100
|-damage|p1a: Garchomp|90/100|[from] item: Life Orb
|
|upkeep
|
|t:|1784754451
|switch|p1b: Incineroar|Incineroar, L50, F|100/100
|-ability|p1b: Incineroar|Intimidate|boost
|-unboost|p2a: Scrafty|atk|1
|-boost|p2b: Malamar|atk|1
|turn|4
|
|t:|1784754465
|move|p1b: Incineroar|Fake Out|p2b: Malamar
|-damage|p2b: Malamar|19/100
|cant|p2b: Malamar|flinch
|cant|p2a: Scrafty|slp
|move|p1a: Garchomp|Rock Slide|p2b: Malamar|[spread] p2a
|-miss|p1a: Garchomp|p2b: Malamar
|-resisted|p2a: Scrafty|1
|-damage|p2a: Scrafty|45/100 slp
|-damage|p1a: Garchomp|80/100|[from] item: Life Orb
|
|upkeep
|turn|5
|
|t:|1784754490
|move|p1b: Incineroar|Flare Blitz|p2a: Scrafty
|-damage|p2a: Scrafty|0 fnt
|faint|p2a: Scrafty
|-damage|p1b: Incineroar|87/100|[from] Recoil
|move|p2b: Malamar|Superpower|p1b: Incineroar
|-supereffective|p1b: Incineroar|1
|-damage|p1b: Incineroar|0 fnt
|-boost|p2b: Malamar|atk|1
|-boost|p2b: Malamar|def|1
|faint|p1b: Incineroar
|move|p1a: Garchomp|Earthquake|p2b: Malamar
|-damage|p2b: Malamar|0 fnt
|faint|p2b: Malamar
|-damage|p1a: Garchomp|70/100|[from] item: Life Orb
|
|-fieldend|move: Trick Room
|upkeep
|
|t:|1784754496
|switch|p2a: Torkoal|Torkoal, L50, M|100/100
|switch|p2b: Venusaur|Venusaur, L50, F|100/100
|-weather|SunnyDay|[from] ability: Drought|[of] p2a: Torkoal
|turn|6
|
|t:|1784754505
|move|p2b: Venusaur|Leaf Storm|p1a: Garchomp
|-damage|p1a: Garchomp|0 fnt
|-unboost|p2b: Venusaur|spa|2
|faint|p1a: Garchomp
|-damage|p2b: Venusaur|90/100|[from] item: Life Orb
|
|win|bighamsterbaseball
|raw|BatteriesAlex's rating: 1214 → 1186(-28 for losing)
|raw|bighamsterbaseball's rating: 1179 → 1207(+28 for winning)
|l|☆BatteriesAlex
|player|p1|
