|j|☆Jakobtc
|j|☆anino23
|html|Jakobtcanino23    
|uhtml|bestof|Game 1 of a best-of-3
|t:|1756693195
|gametype|doubles
|player|p1|Jakobtc|riley|1179
|player|p2|anino23|1|1132
|gen|9
|tier|[Gen 9] VGC 2025 Reg H (Bo3)
|rated|
|rule|Species Clause: Limit one of each Pokémon
|rule|Item Clause: Limit 1 of each item
|clearpoke
|poke|p1|Gholdengo, L50|
|poke|p1|Incineroar, L50, F|
|poke|p1|Ursaluna, L50, F|
|poke|p1|Porygon2, L50|
|poke|p1|Kilowattrel, L50, F|
|poke|p1|Sneasler, L50, M|
|poke|p2|Kilowattrel, L50, M|
|poke|p2|Ursaluna, L50, F|
|poke|p2|Amoonguss, L50, F|
|poke|p2|Porygon2, L50|
|poke|p2|Incineroar, L50, M|
|poke|p2|Gholdengo, L50|
|teampreview|4
|showteam|p1|Gholdengo||LifeOrb|GoodasGold|MakeItRain,ShadowBall,NastyPlot,Protect||||||50|,,,,,Dragon]Incineroar||SafetyGoggles|Intimidate|FakeOut,FlareBlitz,KnockOff,PartingShot|||F|||50|,,,,,Bug]Ursaluna||FlameOrb|Guts|Facade,HeadlongRush,Earthquake,Protect|||F|||50|,,,,,Ghost]Porygon2||Eviolite|Download|TeraBlast,IceBeam,Recover,TrickRoom||||||50|,,,,,Flying]Kilowattrel||FocusSash|Competitive|AirSlash,Thunderbolt,Tailwind,Protect|||F|||50|,,,,,Ghost]Sneasler||WhiteHerb|Unburden|DireClaw,CloseCombat,Taunt,Protect|||M|||50|,,,,,Stellar
|showteam|p2|Kilowattrel||FocusSash|Competitive|Tailwind,Protect,AirSlash,Thunderbolt|||M|||50|,,,,,Electric]Ursaluna||FlameOrb|Guts|Facade,HeadlongRush,Earthquake,Protect|||F|||50|,,,,,Ghost]Amoonguss||SitrusBerry|Regenerator|RagePowder,Spore,ClearSmog,PollenPuff|||F|||50|,,,,,Water]Porygon2||Eviolite|Download|TrickRoom,IceBeam,Recover,TeraBlast||||||50|,,,,,Fairy]Incineroar||SafetyGoggles|Intimidate|FakeOut,PartingShot,FlareBlitz,KnockOff|||M|||50|,,,,,Grass]Gholdengo||ChoiceSpecs|GoodasGold|MakeItRain,ShadowBall,Trick,FocusBlast||||||50|,,,,,Dark
|c|☆Jakobtc|glhf
|c|☆anino23|glhf
|inactive|Battle timer is ON: inactive players will automatically lose when time's up. (requested by Jakobtc)
|
|t:|1756693258
|teamsize|p1|4
|teamsize|p2|4
|start
|switch|p1a: Incineroar|Incineroar, L50, F|100/100
|switch|p1b: Sneasler|Sneasler, L50, M|100/100
|switch|p2a: Kilowattrel|Kilowattrel, L50, M|100/100
|switch|p2b: Ursaluna|Ursaluna, L50, F|100/100
|-ability|p1a: Incineroar|Intimidate|boost
|-unboost|p2a: Kilowattrel|atk|1
|-ability|p2a: Kilowattrel|Competitive|boost
|-boost|p2a: Kilowattrel|spa|2
|-unboost|p2b: Ursaluna|atk|1
|turn|1
|inactive|Jakobtc has 30 seconds left.
|inactive|anino23 has 30 seconds left.
|inactive|anino23 has 20 seconds left.
|
|t:|1756693295
|move|p2a: Kilowattrel|Protect|p2a: Kilowattrel
|-singleturn|p2a: Kilowattrel|Protect
|move|p2b: Ursaluna|Protect|p2b: Ursaluna
|-singleturn|p2b: Ursaluna|Protect
|move|p1a: Incineroar|Fake Out|p2a: Kilowattrel
|-activate|p2a: Kilowattrel|move: Protect
|move|p1b: Sneasler|Dire Claw|p2a: Kilowattrel
|-activate|p2a: Kilowattrel|move: Protect
|
|-status|p2b: Ursaluna|brn|[from] item: Flame Orb
|upkeep
|turn|2
|
|t:|1756693319
|-terastallize|p2a: Kilowattrel|Electric
|-terastallize|p1a: Incineroar|Bug
|move|p1b: Sneasler|Protect|p1b: Sneasler
|-singleturn|p1b: Sneasler|Protect
|move|p2a: Kilowattrel|Thunderbolt|p1b: Sneasler
|-activate|p1b: Sneasler|move: Protect
|move|p1a: Incineroar|Parting Shot|p2b: Ursaluna
|-unboost|p2b: Ursaluna|atk|1
|-unboost|p2b: Ursaluna|spa|1
|
|t:|1756693330
|switch|p1a: Porygon2|Porygon2, L50, shiny|100/100|[from] Parting Shot
|-ability|p1a: Porygon2|Download|boost
|-boost|p1a: Porygon2|spa|1
|move|p2b: Ursaluna|Headlong Rush|p1a: Porygon2
|-damage|p1a: Porygon2|66/100
|-unboost|p2b: Ursaluna|def|1
|-unboost|p2b: Ursaluna|spd|1
|
|-damage|p2b: Ursaluna|94/100 brn|[from] brn
|upkeep
|turn|3
|
|t:|1756693349
|switch|p1b: Ursaluna|Ursaluna, L50, F|100/100
|switch|p2b: Incineroar|Incineroar, L50, M|100/100
|-ability|p2b: Incineroar|Intimidate|boost
|-unboost|p1a: Porygon2|atk|1
|-unboost|p1b: Ursaluna|atk|1
|move|p2a: Kilowattrel|Thunderbolt|p1b: Ursaluna
|-immune|p1b: Ursaluna
|move|p1a: Porygon2|Ice Beam|p2b: Incineroar
|-resisted|p2b: Incineroar
|-damage|p2b: Incineroar|87/100
|
|-status|p1b: Ursaluna|brn|[from] item: Flame Orb
|upkeep
|turn|4
|inactive|anino23 has 30 seconds left.
|
|t:|1756693379
|move|p2b: Incineroar|Fake Out|p1b: Ursaluna
|-damage|p1b: Ursaluna|93/100 brn
|move|p2a: Kilowattrel|Thunderbolt|p1b: Ursaluna
|-immune|p1b: Ursaluna
|move|p1a: Porygon2|Ice Beam|p2a: Kilowattrel
|-damage|p2a: Kilowattrel|36/100
|cant|p1b: Ursaluna|flinch
|
|-damage|p1b: Ursaluna|87/100 brn|[from] brn
|upkeep
|turn|5
|inactive|anino23 has 30 seconds left.
|
|t:|1756693406
|move|p2a: Kilowattrel|Thunderbolt|p1a: Porygon2
|-damage|p1a: Porygon2|6/100
|move|p1a: Porygon2|Recover|p1a: Porygon2
|-heal|p1a: Porygon2|56/100
|move|p2b: Incineroar|Knock Off|p1a: Porygon2
|-damage|p1a: Porygon2|29/100
|-enditem|p1a: Porygon2|Eviolite|[from] move: Knock Off|[of] p2b: Incineroar
|move|p1b: Ursaluna|Earthquake|p2b: Incineroar|[spread] p1a,p2a,p2b
|-supereffective|p2a: Kilowattrel
|-supereffective|p2b: Incineroar
|-damage|p1a: Porygon2|0 fnt
|-damage|p2a: Kilowattrel|0 fnt
|-damage|p2b: Incineroar|17/100
|faint|p1a: Porygon2
|faint|p2a: Kilowattrel
|
|-damage|p1b: Ursaluna|81/100 brn|[from] brn
|upkeep
|
|t:|1756693421
|switch|p2a: Ursaluna|Ursaluna, L50, F|94/100 brn
|switch|p1a: Incineroar|Incineroar, L50, F, tera:Bug|100/100
|-ability|p1a: Incineroar|Intimidate|boost
|-unboost|p2a: Ursaluna|atk|1
|-unboost|p2b: Incineroar|atk|1
|turn|6
|
|t:|1756693436
|switch|p1b: Sneasler|Sneasler, L50, M|100/100
|move|p1a: Incineroar|Fake Out|p2a: Ursaluna
|-damage|p2a: Ursaluna|85/100 brn
|move|p2b: Incineroar|Flare Blitz|p1a: Incineroar
|-supereffective|p1a: Incineroar
|-damage|p1a: Incineroar|41/100
|-damage|p2b: Incineroar|0 fnt|[from] Recoil
|faint|p2b: Incineroar
|cant|p2a: Ursaluna|flinch
|
|-damage|p2a: Ursaluna|79/100 brn|[from] brn
|upkeep
|
|t:|1756693447
|switch|p2b: Gholdengo|Gholdengo, L50|100/100
|turn|7
|
|t:|1756693459
|move|p1b: Sneasler|Protect|p1b: Sneasler
|-singleturn|p1b: Sneasler|Protect
|move|p2a: Ursaluna|Protect|p2a: Ursaluna
|-singleturn|p2a: Ursaluna|Protect
|move|p2b: Gholdengo|Make It Rain|p1a: Incineroar|[spread] p1a
|-activate|p1b: Sneasler|move: Protect
|-damage|p1a: Incineroar|0 fnt
|-unboost|p2b: Gholdengo|spa|1
|faint|p1a: Incineroar
|
|-damage|p2a: Ursaluna|73/100 brn|[from] brn
|upkeep
|
|t:|1756693470
|switch|p1a: Ursaluna|Ursaluna, L50, F|81/100 brn
|turn|8
|
|t:|1756693482
|move|p1a: Ursaluna|Protect|p1a: Ursaluna
|-singleturn|p1a: Ursaluna|Protect
|move|p1b: Sneasler|Close Combat|p2a: Ursaluna
|-supereffective|p2a: Ursaluna
|-crit|p2a: Ursaluna
|-damage|p2a: Ursaluna|0 fnt
|-unboost|p1b: Sneasler|def|1
|-unboost|p1b: Sneasler|spd|1
|faint|p2a: Ursaluna
|-enditem|p1b: Sneasler|White Herb
|-clearnegativeboost|p1b: Sneasler|[silent]
|move|p2b: Gholdengo|Make It Rain|p1b: Sneasler|[spread] p1b
|-activate|p1a: Ursaluna|move: Protect
|-damage|p1b: Sneasler|42/100
|-unboost|p2b: Gholdengo|spa|1
|
|-damage|p1a: Ursaluna|75/100 brn|[from] brn
|upkeep
|turn|9
|
|t:|1756693502
|move|p1b: Sneasler|Dire Claw|p2b: Gholdengo
|-immune|p2b: Gholdengo
|move|p2b: Gholdengo|Make It Rain|p1a: Ursaluna|[spread] p1a,p1b
|-damage|p1a: Ursaluna|43/100 brn
|-damage|p1b: Sneasler|2/100
|-unboost|p2b: Gholdengo|spa|1
|move|p1a: Ursaluna|Headlong Rush|p2b: Gholdengo
|-supereffective|p2b: Gholdengo
|-damage|p2b: Gholdengo|0 fnt
|-unboost|p1a: Ursaluna|def|1
|-unboost|p1a: Ursaluna|spd|1
|faint|p2b: Gholdengo
|
|win|Jakobtc
|inactive|Jakobtc has 30 seconds to confirm battle start!
|inactive|anino23 has 30 seconds to confirm battle start!
||anino23 is ready for game 2.
