|j|☆DarkThunder2214
|j|☆Paco Amores
|html|DarkThunder2214Paco Amores    
|uhtml|bestof|Game 2 of a best-of-3
|t:|1783098262
|gametype|doubles
|player|p1|DarkThunder2214|giovanni|1072
|player|p2|Paco Amores|170|1133
|gen|9
|tier|[Gen 9 Champions] VGC 2026 Reg M-B (Bo3)
|rated|
|rule|Species Clause: Limit one of each Pokémon
|rule|Item Clause: Limit 1 of each item
|clearpoke
|poke|p1|Dragalge, L50, F, shiny|
|poke|p1|Incineroar, L50, F|
|poke|p1|Sinistcha-Masterpiece, L50|
|poke|p1|Barbaracle, L50, F|
|poke|p1|Palafin, L50, M, shiny|
|poke|p1|Corviknight, L50, M, shiny|
|poke|p2|Sylveon, L50, M|
|poke|p2|Incineroar, L50, M|
|poke|p2|Aerodactyl, L50, F|
|poke|p2|Charizard, L50, F|
|poke|p2|Metagross, L50|
|poke|p2|Garchomp, L50, M|
|teampreview|4
|showteam|p1|Dragalge||Dragalgite|PoisonPoint|DragonPulse,Toxic,Protect,SludgeBomb|Quiet||F|||50|]Incineroar||SitrusBerry|Intimidate|FakeOut,FlareBlitz,PartingShot,DarkestLariat|Impish||F|||50|]Sinistcha-Masterpiece||KasibBerry|Hospitality|MatchaGotcha,TrickRoom,RagePowder,Protect|Bold|||||50|]Barbaracle||Barbaracite|ToughClaws|ShellSmash,CloseCombat,RockSlide,Protect|Jolly||F|||50|]Palafin||LifeOrb|ZerotoHero|FlipTurn,WaveCrash,JetPunch,Protect|Adamant||M|||50|]Corviknight||Leftovers|MirrorArmor|Tailwind,BraveBird,BulkUp,Roost|Careful||M|||50|
|showteam|p2|Sylveon||FairyFeather|Pixilate|HyperBeam,HyperVoice,Detect,QuickAttack|Modest||M|||50|]Incineroar||SitrusBerry|Intimidate|FakeOut,PartingShot,FlareBlitz,ThroatChop|Careful||M|||50|]Aerodactyl||FocusSash|Unnerve|Tailwind,RockSlide,DualWingbeat,Protect|Jolly||F|||50|]Charizard||CharizarditeY|SolarPower|Protect,WeatherBall,SolarBeam,HeatWave|Modest||F|||50|]Metagross||Metagrossite|ClearBody|BulletPunch,PsychicFangs,BodyPress,Protect|Adamant|||||50|]Garchomp||LifeOrb|RoughSkin|Protect,RockSlide,Earthquake,DragonClaw|Jolly||M|||50|
|
|t:|1783098303
|teamsize|p1|4
|teamsize|p2|4
|start
|switch|p1a: Incineroar|Incineroar, L50, F|100/100
|switch|p1b: Barbaracle|Barbaracle, L50, F|100/100
|switch|p2a: Incineroar|Incineroar, L50, M|100/100
|switch|p2b: Charizard|Charizard, L50, F|100/100
|-ability|p2a: Incineroar|Intimidate|boost
|-unboost|p1a: Incineroar|atk|1
|-unboost|p1b: Barbaracle|atk|1
|-ability|p1a: Incineroar|Intimidate|boost
|-unboost|p2a: Incineroar|atk|1
|-unboost|p2b: Charizard|atk|1
|turn|1
|
|t:|1783098346
|switch|p1a: Sinistcha|Sinistcha-Masterpiece, L50|100/100
|detailschange|p2b: Charizard|Charizard-Mega-Y, L50, F
|-mega|p2b: Charizard|Charizard|Charizardite Y
|-weather|SunnyDay|[from] ability: Drought|[of] p2b: Charizard
|move|p1b: Barbaracle|Protect|p1b: Barbaracle
|-singleturn|p1b: Barbaracle|Protect
|move|p2a: Incineroar|Fake Out|p1a: Sinistcha
|-immune|p1a: Sinistcha
|move|p2b: Charizard|Solar Beam||[still]
|-prepare|p2b: Charizard|Solar Beam
|-anim|p2b: Charizard|Solar Beam|p1b: Barbaracle
|-activate|p1b: Barbaracle|move: Protect
|
|-weather|SunnyDay|[upkeep]
|upkeep
|turn|2
|
|t:|1783098378
|detailschange|p1b: Barbaracle|Barbaracle-Mega, L50, F
|-mega|p1b: Barbaracle|Barbaracle|Barbaracite
|move|p2b: Charizard|Protect|p2b: Charizard
|-singleturn|p2b: Charizard|Protect
|move|p1a: Sinistcha|Rage Powder|p1a: Sinistcha
|-singleturn|p1a: Sinistcha|move: Rage Powder
|move|p1b: Barbaracle|Shell Smash|p1b: Barbaracle
|-unboost|p1b: Barbaracle|def|1
|-unboost|p1b: Barbaracle|spd|1
|-boost|p1b: Barbaracle|atk|2
|-boost|p1b: Barbaracle|spa|2
|-boost|p1b: Barbaracle|spe|2
|move|p2a: Incineroar|Parting Shot|p1a: Sinistcha
|-unboost|p1a: Sinistcha|atk|1
|-unboost|p1a: Sinistcha|spa|1
|
|t:|1783098395
|switch|p2a: Garchomp|Garchomp, L50, M|100/100|[from] Parting Shot
|
|-weather|SunnyDay|[upkeep]
|upkeep
|turn|3
|
|t:|1783098430
|switch|p2b: Incineroar|Incineroar, L50, M|100/100
|-ability|p2b: Incineroar|Intimidate|boost
|-unboost|p1a: Sinistcha|atk|1
|-unboost|p1b: Barbaracle|atk|1
|switch|p1a: Incineroar|Incineroar, L50, F|100/100
|-ability|p1a: Incineroar|Intimidate|boost
|-unboost|p2a: Garchomp|atk|1
|-unboost|p2b: Incineroar|atk|1
|move|p1b: Barbaracle|Close Combat|p2a: Garchomp
|-damage|p2a: Garchomp|9/100
|-unboost|p1b: Barbaracle|def|1
|-unboost|p1b: Barbaracle|spd|1
|-damage|p1b: Barbaracle|87/100|[from] ability: Rough Skin|[of] p2a: Garchomp
|move|p2a: Garchomp|Earthquake|p1a: Incineroar|[spread] p2b,p1a,p1b
|-supereffective|p2b: Incineroar|1
|-supereffective|p1a: Incineroar|1
|-supereffective|p1b: Barbaracle|1
|-damage|p2b: Incineroar|42/100
|-damage|p1a: Incineroar|52/100
|-damage|p1b: Barbaracle|0 fnt
|-enditem|p2b: Incineroar|Sitrus Berry|[eat]
|-heal|p2b: Incineroar|66/100|[from] item: Sitrus Berry
|faint|p1b: Barbaracle
|-damage|p2a: Garchomp|0 fnt|[from] item: Life Orb
|faint|p2a: Garchomp
|
|-weather|SunnyDay|[upkeep]
|upkeep
|
|t:|1783098460
|switch|p2a: Aerodactyl|Aerodactyl, L50, F|100/100
|switch|p1b: Sinistcha|Sinistcha-Masterpiece, L50|100/100
|-ability|p2a: Aerodactyl|Unnerve
|-heal|p1a: Incineroar|77/100|[from] ability: Hospitality|[of] p1b: Sinistcha
|turn|4
|
|t:|1783098484
|move|p1a: Incineroar|Fake Out|p2b: Incineroar
|-damage|p2b: Incineroar|56/100
|move|p2a: Aerodactyl|Tailwind|p2a: Aerodactyl
|-sidestart|p2: Paco Amores|move: Tailwind
|cant|p2b: Incineroar|flinch
|move|p1b: Sinistcha|Trick Room|p1b: Sinistcha
|-fieldstart|move: Trick Room|[of] p1b: Sinistcha
|
|-weather|SunnyDay|[upkeep]
|upkeep
|turn|5
|
|t:|1783098510
|move|p1b: Sinistcha|Protect|p1b: Sinistcha
|-singleturn|p1b: Sinistcha|Protect
|move|p1a: Incineroar|Flare Blitz|p2b: Incineroar
|-resisted|p2b: Incineroar|1
|-damage|p2b: Incineroar|26/100
|-damage|p1a: Incineroar|67/100|[from] Recoil
|move|p2b: Incineroar|Flare Blitz|p1b: Sinistcha
|-activate|p1b: Sinistcha|move: Protect
|move|p2a: Aerodactyl|Rock Slide|p1a: Incineroar|[spread] p1a
|-activate|p1b: Sinistcha|move: Protect
|-supereffective|p1a: Incineroar|1
|-damage|p1a: Incineroar|28/100
|
|-weather|none
|upkeep
|turn|6
|
|t:|1783098536
|switch|p2b: Charizard|Charizard-Mega-Y, L50, F|100/100
|-weather|SunnyDay|[from] ability: Drought|[of] p2b: Charizard
|move|p1a: Incineroar|Flare Blitz|p2b: Charizard
|-resisted|p2b: Charizard|1
|-damage|p2b: Charizard|67/100
|-damage|p1a: Incineroar|19/100|[from] Recoil
|move|p1b: Sinistcha|Matcha Gotcha|p2b: Charizard|[spread] p2a,p2b
|-resisted|p2b: Charizard|2
|-damage|p2a: Aerodactyl|63/100
|-damage|p2b: Charizard|61/100
|move|p2a: Aerodactyl|Rock Slide|p1b: Sinistcha|[spread] p1a,p1b
|-supereffective|p1a: Incineroar|1
|-crit|p1b: Sinistcha
|-damage|p1a: Incineroar|0 fnt
|-damage|p1b: Sinistcha|70/100
|faint|p1a: Incineroar
|
|-weather|SunnyDay|[upkeep]
|upkeep
|
|t:|1783098554
|switch|p1a: Corviknight|Corviknight, L50, M, shiny|100/100
|turn|7
|
|t:|1783098571
|move|p1b: Sinistcha|Matcha Gotcha|p2a: Aerodactyl|[spread] p2b
|-miss|p1b: Sinistcha|p2a: Aerodactyl
|-resisted|p2b: Charizard|2
|-damage|p2b: Charizard|56/100
|-heal|p1b: Sinistcha|73/100|[from] drain|[of] p2b: Charizard
|move|p1a: Corviknight|Brave Bird|p2b: Charizard
|-damage|p2b: Charizard|17/100
|-damage|p1a: Corviknight|89/100|[from] Recoil
|move|p2b: Charizard|Heat Wave|p1a: Corviknight|[spread] p1a,p1b
|-supereffective|p1a: Corviknight|1
|-supereffective|p1b: Sinistcha|1
|-crit|p1b: Sinistcha
|-damage|p1a: Corviknight|0 fnt
|-damage|p1b: Sinistcha|0 fnt
|faint|p1a: Corviknight
|faint|p1b: Sinistcha
|
|win|Paco Amores
|raw|DarkThunder2214's rating: 1072 → 1055(-17 for losing)
|raw|Paco Amores's rating: 1133 → 1154(+21 for winning)
|l|☆DarkThunder2214
|player|p1|
|c|☆Paco Amores|Gg
