|j|☆KKirby
|j|☆blackstorm games
|html|KKirbyblackstorm games    
|uhtml|bestof|Game 2 of a best-of-3
|t:|1754509871
|gametype|doubles
|player|p1|KKirby|266|1267
|player|p2|blackstorm games|266|1187
|gen|9
|tier|[Gen 9] VGC 2025 Reg H (Bo3)
|rated|
|rule|Species Clause: Limit one of each Pokémon
|rule|Item Clause: Limit 1 of each item
|clearpoke
|poke|p1|Pelipper, L50, F|
|poke|p1|Archaludon, L50, F|
|poke|p1|Basculegion, L50, M|
|poke|p1|Sneasler, L50, M|
|poke|p1|Gholdengo, L50|
|poke|p1|Incineroar, L50, F|
|poke|p2|Incineroar, L50, M|
|poke|p2|Amoonguss, L50, M|
|poke|p2|Gholdengo, L50|
|poke|p2|Dragonite, L50, M|
|poke|p2|Pelipper, L50, M|
|poke|p2|Archaludon, L50, M|
|teampreview|4
|showteam|p1|Pelipper||FocusSash|Drizzle|WeatherBall,Tailwind,Hurricane,Protect|||F|||50|,,,,,Stellar]Archaludon||LifeOrb|Stalwart|ElectroShot,DracoMeteor,FlashCannon,Protect|||F|||50|,,,,,Electric]Basculegion||ChoiceScarf|Adaptability|WaveCrash,FlipTurn,LastRespects,AquaJet|||M|||50|,,,,,Grass]Sneasler||NormalGem|Unburden|CloseCombat,DireClaw,ThroatChop,FakeOut|||M|||50|,,,,,Dark]Gholdengo||ColburBerry|GoodasGold|MakeItRain,ShadowBall,NastyPlot,Protect||||||50|,,,,,Water]Incineroar||SafetyGoggles|Intimidate|FakeOut,KnockOff,FlareBlitz,PartingShot|||F|||50|,,,,,Bug
|showteam|p2|Incineroar||SafetyGoggles|Intimidate|FlareBlitz,KnockOff,PartingShot,FakeOut|||M|||50|,,,,,Ghost]Amoonguss||RockyHelmet|Regenerator|Spore,RagePowder,PollenPuff,Protect|||M|||50|,,,,,Dark]Gholdengo||LifeOrb|GoodasGold|MakeItRain,ShadowBall,NastyPlot,Protect||||||50|,,,,,Water]Dragonite||LoadedDice|Multiscale|ScaleShot,Tailwind,Haze,Protect|||M|||50|,,,,,Fairy]Pelipper||FocusSash|Drizzle|Hurricane,WideGuard,WeatherBall,Protect|||M|||50|,,,,,Ghost]Archaludon||AssaultVest|Stamina|ElectroShot,BodyPress,DracoMeteor,FlashCannon|||M|||50|,,,,,Grass
|j| Ceci&Fagioli
|
|t:|1754509893
|teamsize|p1|4
|teamsize|p2|4
|start
|switch|p1a: Archaludon|Archaludon, L50, F|100/100
|switch|p1b: Incineroar|Incineroar, L50, F|100/100
|switch|p2a: Dragonite|Dragonite, L50, M|100/100
|switch|p2b: Amoonguss|Amoonguss, L50, M|100/100
|-ability|p1b: Incineroar|Intimidate|boost
|-unboost|p2a: Dragonite|atk|1
|-unboost|p2b: Amoonguss|atk|1
|turn|1
|
|t:|1754509914
|switch|p1a: Gholdengo|Gholdengo, L50|100/100
|move|p2a: Dragonite|Protect|p2a: Dragonite
|-singleturn|p2a: Dragonite|Protect
|move|p1b: Incineroar|Knock Off|p2a: Dragonite
|-activate|p2a: Dragonite|move: Protect
|move|p2b: Amoonguss|Spore|p1a: Gholdengo
|-immune|p1a: Gholdengo|[from] ability: Good as Gold
|
|upkeep
|turn|2
|l| Ceci&Fagioli
|
|t:|1754509938
|switch|p2b: Archaludon|Archaludon, L50, M|100/100
|move|p1a: Gholdengo|Nasty Plot|p1a: Gholdengo
|-boost|p1a: Gholdengo|spa|2
|move|p2a: Dragonite|Tailwind|p2a: Dragonite
|-sidestart|p2: blackstorm games|move: Tailwind
|move|p1b: Incineroar|Knock Off|p2a: Dragonite
|-damage|p2a: Dragonite|82/100
|-enditem|p2a: Dragonite|Loaded Dice|[from] move: Knock Off|[of] p1b: Incineroar
|
|upkeep
|turn|3
|
|t:|1754509967
|move|p2a: Dragonite|Haze|p2a: Dragonite
|-clearallboost
|move|p2b: Archaludon|Body Press|p1b: Incineroar
|-supereffective|p1b: Incineroar
|-damage|p1b: Incineroar|55/100
|move|p1a: Gholdengo|Shadow Ball|p2b: Archaludon
|-damage|p2b: Archaludon|71/100
|-ability|p2b: Archaludon|Stamina|boost
|-boost|p2b: Archaludon|def|1
|move|p1b: Incineroar|Knock Off|p2b: Archaludon
|-damage|p2b: Archaludon|53/100
|-ability|p2b: Archaludon|Stamina|boost
|-boost|p2b: Archaludon|def|1
|-enditem|p2b: Archaludon|Assault Vest|[from] move: Knock Off|[of] p1b: Incineroar
|
|upkeep
|turn|4
|
|t:|1754510000
|switch|p2a: Pelipper|Pelipper, L50, M|100/100
|-weather|RainDance|[from] ability: Drizzle|[of] p2a: Pelipper
|move|p2b: Archaludon|Electro Shot||[still]
|-prepare|p2b: Archaludon|Electro Shot
|-boost|p2b: Archaludon|spa|1
|-anim|p2b: Archaludon|Electro Shot|p1a: Gholdengo
|-damage|p1a: Gholdengo|36/100
|move|p1a: Gholdengo|Shadow Ball|p2b: Archaludon
|-damage|p2b: Archaludon|8/100
|-ability|p2b: Archaludon|Stamina|boost
|-boost|p2b: Archaludon|def|1
|move|p1b: Incineroar|Parting Shot|p2b: Archaludon
|-unboost|p2b: Archaludon|atk|1
|-unboost|p2b: Archaludon|spa|1
|
|t:|1754510023
|switch|p1b: Archaludon|Archaludon, L50, F|100/100|[from] Parting Shot
|
|-weather|RainDance|[upkeep]
|upkeep
|turn|5
|
|t:|1754510050
|move|p1b: Archaludon|Protect|p1b: Archaludon
|-singleturn|p1b: Archaludon|Protect
|move|p1a: Gholdengo|Protect|p1a: Gholdengo
|-singleturn|p1a: Gholdengo|Protect
|move|p2a: Pelipper|Weather Ball|p1a: Gholdengo
|-activate|p1a: Gholdengo|move: Protect
|move|p2b: Archaludon|Draco Meteor|p1b: Archaludon
|-activate|p1b: Archaludon|move: Protect
|
|-weather|RainDance|[upkeep]
|-sideend|p2: blackstorm games|move: Tailwind
|upkeep
|turn|6
|
|t:|1754510096
|switch|p2b: Dragonite|Dragonite, L50, M|82/100
|move|p1b: Archaludon|Electro Shot||[still]
|-prepare|p1b: Archaludon|Electro Shot
|-boost|p1b: Archaludon|spa|1
|-anim|p1b: Archaludon|Electro Shot|p2b: Dragonite
|-damage|p2b: Dragonite|0 fnt
|faint|p2b: Dragonite
|-damage|p1b: Archaludon|91/100|[from] item: Life Orb
|move|p1a: Gholdengo|Shadow Ball|p2a: Pelipper
|-damage|p2a: Pelipper|29/100
|move|p2a: Pelipper|Weather Ball|p1a: Gholdengo
|-damage|p1a: Gholdengo|0 fnt
|faint|p1a: Gholdengo
|
|-weather|RainDance|[upkeep]
|upkeep
|
|t:|1754510113
|switch|p1a: Incineroar|Incineroar, L50, F|55/100
|switch|p2b: Amoonguss|Amoonguss, L50, M|100/100
|-ability|p1a: Incineroar|Intimidate|boost
|-unboost|p2a: Pelipper|atk|1
|-unboost|p2b: Amoonguss|atk|1
|turn|7
|
|t:|1754510124
|move|p2a: Pelipper|Protect|p2a: Pelipper
|-singleturn|p2a: Pelipper|Protect
|move|p2b: Amoonguss|Protect|p2b: Amoonguss
|-singleturn|p2b: Amoonguss|Protect
|move|p1a: Incineroar|Fake Out|p2b: Amoonguss
|-activate|p2b: Amoonguss|move: Protect
|move|p1b: Archaludon|Electro Shot||[still]
|-prepare|p1b: Archaludon|Electro Shot
|-boost|p1b: Archaludon|spa|1
|-anim|p1b: Archaludon|Electro Shot|p2a: Pelipper
|-activate|p2a: Pelipper|move: Protect
|
|-weather|RainDance|[upkeep]
|upkeep
|turn|8
|-message|blackstorm games forfeited.
|
|win|KKirby
|raw|KKirby's rating: 1267 → 1286(+19 for winning)
|raw|blackstorm games's rating: 1187 → 1168(-19 for losing)
|l|☆blackstorm games
|player|p2|
|j|☆blackstorm games
|player|p2|blackstorm games|266|
