|j|☆lolgz
|j|☆Pointee
|html|lolgzPointee    
|uhtml|bestof|Game 1 of a best-of-3
|t:|1782515379
|gametype|doubles
|player|p1|lolgz|dawn|1286
|player|p2|Pointee|265|1164
|gen|9
|tier|[Gen 9 Champions] VGC 2026 Reg M-B (Bo3)
|rated|
|rule|Species Clause: Limit one of each Pokémon
|rule|Item Clause: Limit 1 of each item
|clearpoke
|poke|p1|Torkoal, L50, F|
|poke|p1|Vileplume, L50, F|
|poke|p1|Farigiraf, L50, F|
|poke|p1|Scrafty, L50, F|
|poke|p1|Gallade, L50, M|
|poke|p1|Mawile, L50, F|
|poke|p2|Metagross, L50, shiny|
|poke|p2|Venusaur, L50, F|
|poke|p2|Incineroar, L50, F|
|poke|p2|Ceruledge, L50, M|
|poke|p2|Ninetales-Alola, L50, M|
|poke|p2|Milotic, L50, F|
|teampreview|4
|showteam|p1|Torkoal||Charcoal|Drought|Eruption,WeatherBall,EarthPower,Protect|Quiet||F|||50|]Vileplume||FocusSash|Chlorophyll|EnergyBall,SludgeBomb,SleepPowder,AfterYou|Timid||F|||50|]Farigiraf||SitrusBerry|ArmorTail|TrickRoom,Thunderbolt,Psychic,HelpingHand|Relaxed||F|||50|]Scrafty||Scraftinite|Intimidate|FakeOut,CloseCombat,KnockOff,RockTomb|Brave||F|||50|]Gallade||IronBall|Sharpness|SacredSword,PsychoCut,WideGuard,TrickRoom|Brave||M|||50|]Mawile||Mawilite|HyperCutter|SuckerPunch,PlayRough,SwordsDance,Protect|Brave||F|||50|
|showteam|p2|Metagross||Metagrossite|ClearBody|PsychicFangs,IronHead,StompingTantrum,Protect|Jolly|||||50|]Venusaur||Venusaurite|Overgrow|GigaDrain,SludgeBomb,Protect,EarthPower|Bold||F|||50|]Incineroar||ChopleBerry|Intimidate|FakeOut,FlareBlitz,PartingShot,DarkestLariat|Adamant||F|||50|]Ceruledge||LifeOrb|FlashFire|BulkUp,BitterBlade,ShadowSneak,Protect|Adamant||M|||50|]Ninetales-Alola||LightClay|SnowWarning|Blizzard,AuroraVeil,Moonblast,Encore|Timid||M|||50|]Milotic||SitrusBerry|Competitive|Coil,Hypnosis,MuddyWater,Protect|Calm||F|||50|
|inactive|Battle timer is ON: inactive players will automatically lose when time's up. (requested by lolgz)
|c|☆Pointee|awh shit i was hopin to practice against somethin mets
|inactive|lolgz has 60 seconds left.
|inactive|Pointee has 60 seconds left.
|
|t:|1782515432
|teamsize|p1|4
|teamsize|p2|4
|start
|switch|p1a: Farigiraf|Farigiraf, L50, F|100/100
|switch|p1b: Mawile|Mawile, L50, F|100/100
|switch|p2a: Venusaur|Venusaur, L50, F|100/100
|switch|p2b: Milotic|Milotic, L50, F|100/100
|turn|1
|c|☆Pointee|awh shit not intimidate
|inactive|Pointee has 30 seconds left.
|
|t:|1782515457
|detailschange|p2a: Venusaur|Venusaur-Mega, L50, F
|-mega|p2a: Venusaur|Venusaur|Venusaurite
|detailschange|p1b: Mawile|Mawile-Mega, L50, F
|-mega|p1b: Mawile|Mawile|Mawilite
|move|p2b: Milotic|Coil|p2b: Milotic
|-boost|p2b: Milotic|atk|1
|-boost|p2b: Milotic|def|1
|-boost|p2b: Milotic|accuracy|1
|move|p2a: Venusaur|Earth Power|p1b: Mawile
|-supereffective|p1b: Mawile|1
|-damage|p1b: Mawile|36/100
|move|p1b: Mawile|Swords Dance|p1b: Mawile
|-boost|p1b: Mawile|atk|2
|move|p1a: Farigiraf|Trick Room|p1a: Farigiraf
|-fieldstart|move: Trick Room|[of] p1a: Farigiraf
|
|upkeep
|turn|2
|inactive|lolgz has 30 seconds left.
|inactive|lolgz has 20 seconds left.
|inactive|Pointee has 30 seconds left.
|
|t:|1782515503
|move|p2a: Venusaur|Protect|p2a: Venusaur
|-singleturn|p2a: Venusaur|Protect
|move|p1b: Mawile|Sucker Punch||[still]
|-fail|p1b: Mawile
|move|p1a: Farigiraf|Psychic|p2a: Venusaur
|-activate|p2a: Venusaur|move: Protect
|move|p2b: Milotic|Muddy Water|p1a: Farigiraf|[spread] p1a,p1b
|-damage|p1a: Farigiraf|76/100
|-damage|p1b: Mawile|10/100
|-unboost|p1a: Farigiraf|accuracy|1
|
|upkeep
|turn|3
|inactive|Pointee has 30 seconds left.
|c|☆lolgz|mets?
|inactive|Pointee has 20 seconds left.
|
|t:|1782515540
|switch|p2a: Ceruledge|Ceruledge, L50, M|100/100
|move|p2b: Milotic|Protect|p2b: Milotic
|-singleturn|p2b: Milotic|Protect
|move|p1b: Mawile|Play Rough|p2b: Milotic
|-activate|p2b: Milotic|move: Protect
|move|p1a: Farigiraf|Thunderbolt|p2b: Milotic
|-activate|p2b: Milotic|move: Protect
|
|upkeep
|turn|4
|
|t:|1782515556
|move|p1b: Mawile|Play Rough|p2a: Ceruledge
|-resisted|p2a: Ceruledge|1
|-damage|p2a: Ceruledge|0 fnt
|faint|p2a: Ceruledge
|move|p1a: Farigiraf|Psychic|p2b: Milotic|[miss]
|-miss|p1a: Farigiraf|p2b: Milotic
|move|p2b: Milotic|Muddy Water|p1a: Farigiraf|[spread] p1a,p1b
|-damage|p1a: Farigiraf|54/100
|-damage|p1b: Mawile|0 fnt
|faint|p1b: Mawile
|
|upkeep
|c|☆Pointee|*meta
|
|t:|1782515576
|switch|p1b: Gallade|Gallade, L50, M|100/100
|switch|p2a: Venusaur|Venusaur-Mega, L50, F|100/100
|turn|5
|
|t:|1782515587
|move|p1a: Farigiraf|Helping Hand|p1b: Gallade
|-singleturn|p1b: Gallade|Helping Hand|[of] p1a: Farigiraf
|move|p2a: Venusaur|Protect|p2a: Venusaur
|-singleturn|p2a: Venusaur|Protect
|move|p1b: Gallade|Sacred Sword|p2b: Milotic
|-damage|p2b: Milotic|0 fnt
|faint|p2b: Milotic
|
|-fieldend|move: Trick Room
|upkeep
|c|☆lolgz|ah
|
|t:|1782515594
|switch|p2b: Ninetales|Ninetales-Alola, L50, M|100/100
|-weather|Snowscape|[from] ability: Snow Warning|[of] p2b: Ninetales
|turn|6
|inactive|Pointee has 30 seconds left.
|inactive|Pointee has 20 seconds left.
|inactive|Pointee has 15 seconds left.
|inactive|Pointee has 10 seconds left.
|
|t:|1782515640
|switch|p1a: Torkoal|Torkoal, L50, F|100/100
|-weather|SunnyDay|[from] ability: Drought|[of] p1a: Torkoal
|move|p2b: Ninetales|Moonblast|p1b: Gallade
|-supereffective|p1b: Gallade|1
|-damage|p1b: Gallade|38/100
|move|p2a: Venusaur|Earth Power|p1b: Gallade
|-damage|p1b: Gallade|13/100
|move|p1b: Gallade|Trick Room|p1b: Gallade
|-fieldstart|move: Trick Room|[of] p1b: Gallade
|
|-weather|SunnyDay|[upkeep]
|upkeep
|turn|7
|c|☆Pointee|gg
|
|t:|1782515656
|move|p2a: Venusaur|Protect|p2a: Venusaur
|-singleturn|p2a: Venusaur|Protect
|move|p1a: Torkoal|Eruption|p2b: Ninetales|[spread] p2b
|-activate|p2a: Venusaur|move: Protect
|-supereffective|p2b: Ninetales|1
|-damage|p2b: Ninetales|0 fnt
|faint|p2b: Ninetales
|move|p1b: Gallade|Psycho Cut|p2a: Venusaur
|-activate|p2a: Venusaur|move: Protect
|
|-weather|SunnyDay|[upkeep]
|upkeep
|turn|8
|-message|Pointee forfeited.
|
|win|lolgz
