|j|☆Captain No Reads
|j|☆SunDiazVGC
|html|Captain No ReadsSunDiazVGC    
|uhtml|bestof|Game 1 of a best-of-3
|t:|1756849570
|gametype|doubles
|player|p1|Captain No Reads|skier|1193
|player|p2|SunDiazVGC|marley|1129
|gen|9
|tier|[Gen 9] VGC 2025 Reg H (Bo3)
|rated|
|rule|Species Clause: Limit one of each Pokémon
|rule|Item Clause: Limit 1 of each item
|clearpoke
|poke|p1|Dragonite, L50, F|
|poke|p1|Archaludon, L50, F|
|poke|p1|Gholdengo, L50|
|poke|p1|Amoonguss, L50, F|
|poke|p1|Ursaluna-Bloodmoon, L50, M|
|poke|p1|Incineroar, L50, F|
|poke|p2|Politoed, L50, F|
|poke|p2|Gothitelle, L50, F|
|poke|p2|Archaludon, L50, F|
|poke|p2|Incineroar, L50, F|
|poke|p2|Amoonguss, L50, M|
|poke|p2|Kingdra, L50, F|
|teampreview|4
|showteam|p1|Dragonite||LoadedDice|Multiscale|Protect,ScaleShot,Haze,Tailwind|||F|||50|,,,,,Fairy]Archaludon||PowerHerb|Sturdy|Protect,ElectroShot,DracoMeteor,FlashCannon|||F|||50|,,,,,Electric]Gholdengo||LifeOrb|GoodasGold|Protect,MakeItRain,ShadowBall,NastyPlot||||||50|,,,,,Water]Amoonguss||CovertCloak|Regenerator|Protect,Spore,RagePowder,SludgeBomb|||F|||50|,,,,,Water]Ursaluna-Bloodmoon||AssaultVest|MindsEye|HyperVoice,BloodMoon,EarthPower,VacuumWave|||M|||50|,,,,,Ghost]Incineroar||SafetyGoggles|Intimidate|KnockOff,FakeOut,PartingShot,FlareBlitz|||F|||50|,,,,,Ghost
|showteam|p2|Politoed||Leftovers|Drizzle|PerishSong,Protect,WeatherBall,Encore|||F|||50|,,,,,Grass]Gothitelle||SitrusBerry|ShadowTag|FakeOut,Protect,TrickRoom,Psychic|||F|||50|,,,,,Dark]Archaludon||PowerHerb|Sturdy|Protect,ElectroShot,DragonPulse,FlashCannon|||F|||50|,,,,,Electric]Incineroar||SafetyGoggles|Intimidate|Protect,KnockOff,PartingShot,FakeOut|||F|||50|,,,,,Water]Amoonguss||EjectButton|Regenerator|Protect,RagePowder,Spore,PollenPuff|||M|||50|,,,,,Fairy]Kingdra||LifeOrb|SwiftSwim|Protect,DracoMeteor,WeatherBall,MuddyWater|||F|||50|,,,,,Stellar
|inactive|Battle timer is ON: inactive players will automatically lose when time's up. (requested by Captain No Reads)
|j| subhamcheee
|inactive|Captain No Reads has 60 seconds left.
|inactive|SunDiazVGC has 60 seconds left.
|
|t:|1756849620
|teamsize|p1|4
|teamsize|p2|4
|start
|switch|p1a: Incineroar|Incineroar, L50, F|100/100
|switch|p1b: Gholdengo|Gholdengo, L50|100/100
|switch|p2a: Archaludon|Archaludon, L50, F|100/100
|switch|p2b: Politoed|Politoed, L50, F|100/100
|-weather|RainDance|[from] ability: Drizzle|[of] p2b: Politoed
|-ability|p1a: Incineroar|Intimidate|boost
|-unboost|p2a: Archaludon|atk|1
|-unboost|p2b: Politoed|atk|1
|turn|1
|inactive|Captain No Reads has 30 seconds left.
|inactive|SunDiazVGC has 30 seconds left.
|inactive|Captain No Reads has 20 seconds left.
|inactive|Captain No Reads has 15 seconds left.
|inactive|Captain No Reads has 10 seconds left.
|inactive|Captain No Reads has 5 seconds left.
|
|t:|1756849673
|move|p2a: Archaludon|Protect|p2a: Archaludon
|-singleturn|p2a: Archaludon|Protect
|move|p1a: Incineroar|Fake Out|p2b: Politoed
|-damage|p2b: Politoed|88/100
|move|p1b: Gholdengo|Shadow Ball|p2a: Archaludon
|-activate|p2a: Archaludon|move: Protect
|cant|p2b: Politoed|flinch
|
|-weather|RainDance|[upkeep]
|-heal|p2b: Politoed|94/100|[from] item: Leftovers
|upkeep
|turn|2
|
|t:|1756849686
|-terastallize|p2a: Archaludon|Electric
|-terastallize|p1a: Incineroar|Ghost
|move|p1b: Gholdengo|Protect|p1b: Gholdengo
|-singleturn|p1b: Gholdengo|Protect
|move|p2a: Archaludon|Electro Shot||[still]
|-prepare|p2a: Archaludon|Electro Shot
|-boost|p2a: Archaludon|spa|1
|-anim|p2a: Archaludon|Electro Shot|p1b: Gholdengo
|-activate|p1b: Gholdengo|move: Protect
|move|p2b: Politoed|Weather Ball|p1a: Incineroar
|-damage|p1a: Incineroar|63/100
|move|p1a: Incineroar|Parting Shot|p2b: Politoed
|-unboost|p2b: Politoed|atk|1
|-unboost|p2b: Politoed|spa|1
|
|t:|1756849694
|switch|p1a: Dragonite|Dragonite, L50, F|100/100|[from] Parting Shot
|
|-weather|RainDance|[upkeep]
|-heal|p2b: Politoed|100/100|[from] item: Leftovers
|upkeep
|turn|3
|
|t:|1756849701
|switch|p1b: Incineroar|Incineroar, L50, F, tera:Ghost|63/100
|-ability|p1b: Incineroar|Intimidate|boost
|-unboost|p2a: Archaludon|atk|1
|-unboost|p2b: Politoed|atk|1
|move|p2a: Archaludon|Electro Shot||[still]
|-prepare|p2a: Archaludon|Electro Shot
|-boost|p2a: Archaludon|spa|1
|-anim|p2a: Archaludon|Electro Shot|p1b: Incineroar
|-damage|p1b: Incineroar|0 fnt
|faint|p1b: Incineroar
|move|p1a: Dragonite|Scale Shot|p2a: Archaludon
|-damage|p2a: Archaludon|88/100
|-damage|p2a: Archaludon|75/100
|-damage|p2a: Archaludon|63/100
|-damage|p2a: Archaludon|50/100
|-hitcount|p2a: Archaludon|4
|-unboost|p1a: Dragonite|def|1
|-boost|p1a: Dragonite|spe|1
|move|p2b: Politoed|Weather Ball|p1a: Dragonite
|-resisted|p1a: Dragonite
|-damage|p1a: Dragonite|92/100
|
|-weather|RainDance|[upkeep]
|upkeep
|
|t:|1756849709
|switch|p1b: Gholdengo|Gholdengo, L50|100/100
|turn|4
|
|t:|1756849718
|switch|p2b: Incineroar|Incineroar, L50, F|100/100
|-ability|p2b: Incineroar|Intimidate|boost
|-unboost|p1a: Dragonite|atk|1
|-unboost|p1b: Gholdengo|atk|1
|move|p2a: Archaludon|Protect|p2a: Archaludon
|-singleturn|p2a: Archaludon|Protect
|move|p1a: Dragonite|Scale Shot|p2a: Archaludon
|-activate|p2a: Archaludon|move: Protect
|move|p1b: Gholdengo|Nasty Plot|p1b: Gholdengo
|-boost|p1b: Gholdengo|spa|2
|
|-weather|RainDance|[upkeep]
|upkeep
|turn|5
|
|t:|1756849726
|move|p1a: Dragonite|Protect|p1a: Dragonite
|-singleturn|p1a: Dragonite|Protect
|move|p1b: Gholdengo|Protect|p1b: Gholdengo
|-singleturn|p1b: Gholdengo|Protect
|move|p2b: Incineroar|Fake Out|p1a: Dragonite
|-activate|p1a: Dragonite|move: Protect
|move|p2a: Archaludon|Electro Shot||[still]
|-prepare|p2a: Archaludon|Electro Shot
|-boost|p2a: Archaludon|spa|1
|-anim|p2a: Archaludon|Electro Shot|p1b: Gholdengo
|-activate|p1b: Gholdengo|move: Protect
|
|-weather|none
|upkeep
|turn|6
|
|t:|1756849734
|move|p1a: Dragonite|Scale Shot|p2b: Incineroar
|-damage|p2b: Incineroar|91/100
|-damage|p2b: Incineroar|81/100
|-damage|p2b: Incineroar|70/100
|-damage|p2b: Incineroar|61/100
|-damage|p2b: Incineroar|50/100
|-hitcount|p2b: Incineroar|5
|-unboost|p1a: Dragonite|def|1
|-boost|p1a: Dragonite|spe|1
|move|p2a: Archaludon|Electro Shot||[still]
|-prepare|p2a: Archaludon|Electro Shot
|-boost|p2a: Archaludon|spa|1
|-enditem|p2a: Archaludon|Power Herb
|-anim|p2a: Archaludon|Electro Shot|p1b: Gholdengo
|-damage|p1b: Gholdengo|0 fnt
|faint|p1b: Gholdengo
|move|p2b: Incineroar|Knock Off|p1a: Dragonite
|-damage|p1a: Dragonite|3/100
|-enditem|p1a: Dragonite|Loaded Dice|[from] move: Knock Off|[of] p2b: Incineroar
|
|upkeep
|
|t:|1756849748
|switch|p1b: Archaludon|Archaludon, L50, F|100/100
|turn|7
|
|t:|1756849763
|switch|p2b: Politoed|Politoed, L50, F|100/100
|-weather|RainDance|[from] ability: Drizzle|[of] p2b: Politoed
|move|p1a: Dragonite|Scale Shot|p2a: Archaludon|[miss]
|-miss|p1a: Dragonite|p2a: Archaludon
|move|p2a: Archaludon|Dragon Pulse|p1b: Archaludon
|-ability|p1b: Archaludon|Sturdy
|-damage|p1b: Archaludon|1/100
|move|p1b: Archaludon|Electro Shot||[still]
|-prepare|p1b: Archaludon|Electro Shot
|-boost|p1b: Archaludon|spa|1
|-anim|p1b: Archaludon|Electro Shot|p2b: Politoed
|-supereffective|p2b: Politoed
|-damage|p2b: Politoed|2/100
|
|-weather|RainDance|[upkeep]
|-heal|p2b: Politoed|8/100|[from] item: Leftovers
|upkeep
|turn|8
|
|t:|1756849781
|move|p2a: Archaludon|Protect|p2a: Archaludon
|-singleturn|p2a: Archaludon|Protect
|move|p1a: Dragonite|Scale Shot|p2b: Politoed
|-damage|p2b: Politoed|0 fnt
|faint|p2b: Politoed
|-hitcount|p2: Politoed|1
|-unboost|p1a: Dragonite|def|1
|-boost|p1a: Dragonite|spe|1
|move|p1b: Archaludon|Draco Meteor|p2a: Archaludon
|-activate|p2a: Archaludon|move: Protect
|
|-weather|RainDance|[upkeep]
|upkeep
|
|t:|1756849783
|switch|p2b: Incineroar|Incineroar, L50, F|50/100
|-ability|p2b: Incineroar|Intimidate|boost
|-unboost|p1a: Dragonite|atk|1
|-unboost|p1b: Archaludon|atk|1
|turn|9
|
|t:|1756849790
|move|p1a: Dragonite|Protect|p1a: Dragonite
|-singleturn|p1a: Dragonite|Protect
|move|p1b: Archaludon|Protect|p1b: Archaludon
|-singleturn|p1b: Archaludon|Protect
|move|p2b: Incineroar|Fake Out|p1b: Archaludon
|-activate|p1b: Archaludon|move: Protect
|move|p2a: Archaludon|Electro Shot||[still]
|-prepare|p2a: Archaludon|Electro Shot
|-boost|p2a: Archaludon|spa|1
|-anim|p2a: Archaludon|Electro Shot|p1a: Dragonite
|-activate|p1a: Dragonite|move: Protect
|
|-weather|RainDance|[upkeep]
|upkeep
|turn|10
|
|t:|1756849803
|move|p1a: Dragonite|Tailwind|p1a: Dragonite
|-sidestart|p1: Captain No Reads|move: Tailwind
|move|p1b: Archaludon|Electro Shot||[still]
|-prepare|p1b: Archaludon|Electro Shot
|-boost|p1b: Archaludon|spa|1
|-anim|p1b: Archaludon|Electro Shot|p2b: Incineroar
|-crit|p2b: Incineroar
|-damage|p2b: Incineroar|0 fnt
|faint|p2b: Incineroar
|move|p2a: Archaludon|Electro Shot||[still]
|-prepare|p2a: Archaludon|Electro Shot
|-boost|p2a: Archaludon|spa|1
|-anim|p2a: Archaludon|Electro Shot|p1a: Dragonite
|-damage|p1a: Dragonite|0 fnt
|faint|p1a: Dragonite
|
|-weather|RainDance|[upkeep]
|upkeep
|
|t:|1756849805
|switch|p2b: Kingdra|Kingdra, L50, F|100/100
|turn|11
|
|t:|1756849812
|move|p1b: Archaludon|Protect|p1b: Archaludon
|-singleturn|p1b: Archaludon|Protect
|move|p2b: Kingdra|Weather Ball|p1b: Archaludon
|-activate|p1b: Archaludon|move: Protect
|move|p2a: Archaludon|Electro Shot||[still]
|-prepare|p2a: Archaludon|Electro Shot
|-boost|p2a: Archaludon|spa|0
|-anim|p2a: Archaludon|Electro Shot|p1b: Archaludon
|-activate|p1b: Archaludon|move: Protect
|
|-weather|none
|upkeep
|turn|12
|
|t:|1756849819
|move|p1b: Archaludon|Draco Meteor|p2a: Archaludon
|-damage|p2a: Archaludon|0 fnt
|-unboost|p1b: Archaludon|spa|2
|faint|p2a: Archaludon
|move|p2b: Kingdra|Weather Ball|p1b: Archaludon
|-resisted|p1b: Archaludon
|-damage|p1b: Archaludon|0 fnt
|faint|p1b: Archaludon
|-damage|p2b: Kingdra|91/100|[from] item: Life Orb
|
|win|SunDiazVGC
||Captain No Reads is ready for game 2.
||SunDiazVGC is ready for game 2.
|uhtml|next|Next: Game 2 of 3
|l| subhamcheee
|l|☆SunDiazVGC
|player|p2|
