|j|☆new mental
|j|☆NemoAK
|html|new mentalNemoAK    
|uhtml|bestof|Game 1 of a best-of-3
|t:|1786106971
|gametype|doubles
|player|p1|new mental|volkner|1318
|player|p2|NemoAK|170|1247
|gen|9
|tier|[Gen 9 Champions] VGC 2026 Reg M-B (Bo3)
|rated|
|rule|Species Clause: Limit one of each Pokémon
|rule|Item Clause: Limit 1 of each item
|clearpoke
|poke|p1|Charizard, L50, M|
|poke|p1|Garchomp, L50, M|
|poke|p1|Incineroar, L50, M|
|poke|p1|Venusaur, L50, M|
|poke|p1|Toxapex, L50, M|
|poke|p1|Sylveon, L50, F|
|poke|p2|Staraptor, L50, M|
|poke|p2|Grimmsnarl, L50, M|
|poke|p2|Basculegion, L50, M|
|poke|p2|Farigiraf, L50, M|
|poke|p2|Garchomp, L50, M|
|poke|p2|Camerupt, L50, M|
|teampreview|4
|showteam|p1|Charizard||CharizarditeY|Blaze|WeatherBall,HeatWave,AncientPower,Protect|Modest||M|||50|]Garchomp||ChoiceScarf|RoughSkin|RockSlide,DragonClaw,Earthquake,StompingTantrum|Adamant||M|||50|]Incineroar||SitrusBerry|Intimidate|FlareBlitz,FakeOut,DarkestLariat,PartingShot|Impish||M|||50|]Venusaur||LifeOrb|Chlorophyll|SludgeBomb,LeafStorm,EarthPower,Protect|Modest||M|||50|]Toxapex||Leftovers|Regenerator|Infestation,Toxic,WideGuard,BanefulBunker|Bold||M|||50|]Sylveon||FairyFeather|Pixilate|HyperVoice,QuickAttack,Yawn,Detect|Modest||F|||50|
|showteam|p2|Staraptor||Staraptite|Intimidate|CloseCombat,BraveBird,Tailwind,Protect|Jolly||M|||50|]Grimmsnarl||LightClay|Prankster|PartingShot,LightScreen,Reflect,SpiritBreak|Brave||M|||50|]Basculegion||ChoiceScarf|Adaptability|LastRespects,WaveCrash,AquaJet,FlipTurn|Adamant||M|||50|]Farigiraf||SitrusBerry|ArmorTail|Psychic,HyperVoice,TrickRoom,HelpingHand|Quiet||M|||50|]Garchomp||LifeOrb|RoughSkin|Earthquake,RockSlide,ScaleShot,Protect|Jolly||M|||50|]Camerupt||Cameruptite|MagmaArmor|HeatWave,EarthPower,AncientPower,Protect|Quiet||M|||50|
|inactive|Battle timer is ON: inactive players will automatically lose when time's up. (requested by NemoAK)
|inactive|NemoAK has 60 seconds left.
|
|t:|1786107030
|teamsize|p1|4
|teamsize|p2|4
|start
|switch|p1a: Charizard|Charizard, L50, M|100/100
|switch|p1b: Garchomp|Garchomp, L50, M|100/100
|switch|p2a: Gringotts|Grimmsnarl, L50, M|100/100
|switch|p2b: 6”3|Farigiraf, L50, M|100/100
|turn|1
|
|t:|1786107044
|switch|p1b: Incineroar|Incineroar, L50, M|100/100
|-ability|p1b: Incineroar|Intimidate|boost
|-unboost|p2a: Gringotts|atk|1
|-unboost|p2b: 6”3|atk|1
|detailschange|p1a: Charizard|Charizard-Mega-Y, L50, M
|-mega|p1a: Charizard|Charizard|Charizardite Y
|-weather|SunnyDay|[from] ability: Drought|[of] p1a: Charizard
|move|p2a: Gringotts|Light Screen|p2a: Gringotts
|-sidestart|p2: NemoAK|move: Light Screen
|move|p1a: Charizard|Heat Wave|p2b: 6”3|[spread] p2a,p2b
|-damage|p2a: Gringotts|56/100
|-damage|p2b: 6”3|64/100
|move|p2b: 6”3|Trick Room|p2b: 6”3
|-fieldstart|move: Trick Room|[of] p2b: 6”3
|
|-weather|SunnyDay|[upkeep]
|upkeep
|turn|2
|
|t:|1786107056
|move|p2a: Gringotts|Parting Shot|p1a: Charizard
|-unboost|p1a: Charizard|atk|1
|-unboost|p1a: Charizard|spa|1
|
|t:|1786107061
|switch|p2a: Pompei|Camerupt, L50, M|100/100|[from] Parting Shot
|move|p2b: 6”3|Hyper Voice|p1b: Incineroar|[spread] p1a,p1b
|-damage|p1a: Charizard|75/100
|-damage|p1b: Incineroar|77/100
|move|p1b: Incineroar|Darkest Lariat|p2b: 6”3
|-supereffective|p2b: 6”3|1
|-damage|p2b: 6”3|6/100
|-enditem|p2b: 6”3|Sitrus Berry|[eat]
|-heal|p2b: 6”3|31/100|[from] item: Sitrus Berry
|move|p1a: Charizard|Heat Wave|p2a: Pompei|[spread] p2a,p2b
|-resisted|p2a: Pompei|1
|-damage|p2a: Pompei|79/100
|-damage|p2b: 6”3|6/100
|-status|p2b: 6”3|brn
|
|-weather|SunnyDay|[upkeep]
|-damage|p2b: 6”3|1/100 brn|[from] brn
|upkeep
|turn|3
|
|t:|1786107072
|detailschange|p2a: Pompei|Camerupt-Mega, L50, M
|-mega|p2a: Pompei|Camerupt|Cameruptite
|move|p1a: Charizard|Protect|p1a: Charizard
|-singleturn|p1a: Charizard|Protect
|move|p2a: Pompei|Earth Power|p1b: Incineroar
|-supereffective|p1b: Incineroar|1
|-damage|p1b: Incineroar|0 fnt
|faint|p1b: Incineroar
|move|p2b: 6”3|Hyper Voice|p1a: Charizard
|-activate|p1a: Charizard|move: Protect
|
|-weather|SunnyDay|[upkeep]
|-damage|p2b: 6”3|0 fnt|[from] brn
|faint|p2b: 6”3
|upkeep
|
|t:|1786107084
|switch|p2b: Gringotts|Grimmsnarl, L50, M|56/100
|switch|p1b: Toxapex|Toxapex, L50, M|100/100
|turn|4
|
|t:|1786107100
|switch|p1a: Garchomp|Garchomp, L50, M|100/100
|move|p1b: Toxapex|Baneful Bunker|p1b: Toxapex
|-singleturn|p1b: Toxapex|move: Protect
|move|p2a: Pompei|Earth Power|p1b: Toxapex
|-activate|p1b: Toxapex|move: Protect
|move|p2b: Gringotts|Spirit Break|p1a: Garchomp
|-supereffective|p1a: Garchomp|1
|-damage|p1a: Garchomp|27/100
|-unboost|p1a: Garchomp|spa|1
|-damage|p2b: Gringotts|44/100|[from] ability: Rough Skin|[of] p1a: Garchomp
|
|-weather|SunnyDay|[upkeep]
|upkeep
|turn|5
|
|t:|1786107115
|switch|p1a: Charizard|Charizard-Mega-Y, L50, M|75/100
|move|p2a: Pompei|Heat Wave|p1a: Charizard|[spread] p1a,p1b
|-resisted|p1a: Charizard|1
|-resisted|p1b: Toxapex|1
|-damage|p1a: Charizard|34/100
|-damage|p1b: Toxapex|65/100
|move|p1b: Toxapex|Toxic|p2a: Pompei
|-status|p2a: Pompei|tox
|move|p2b: Gringotts|Spirit Break|p1b: Toxapex
|-resisted|p1b: Toxapex|1
|-damage|p1b: Toxapex|54/100
|-unboost|p1b: Toxapex|spa|1
|
|-weather|none
|-heal|p1b: Toxapex|59/100|[from] item: Leftovers
|-damage|p2a: Pompei|73/100 tox|[from] psn
|-fieldend|move: Trick Room
|upkeep
|turn|6
|
|t:|1786107127
|move|p2b: Gringotts|Reflect|p2b: Gringotts
|-sidestart|p2: NemoAK|Reflect
|move|p1a: Charizard|Ancient Power|p2a: Pompei
|-damage|p2a: Pompei|54/100 tox
|-boost|p1a: Charizard|atk|1
|-boost|p1a: Charizard|def|1
|-boost|p1a: Charizard|spa|1
|-boost|p1a: Charizard|spd|1
|-boost|p1a: Charizard|spe|1
|move|p1b: Toxapex|Toxic|p2b: Gringotts
|-status|p2b: Gringotts|tox
|move|p2a: Pompei|Ancient Power|p1a: Charizard
|-supereffective|p1a: Charizard|2
|-damage|p1a: Charizard|0 fnt
|faint|p1a: Charizard
|
|-heal|p1b: Toxapex|65/100|[from] item: Leftovers
|-damage|p2b: Gringotts|38/100 tox|[from] psn
|-damage|p2a: Pompei|42/100 tox|[from] psn
|upkeep
|
|t:|1786107137
|switch|p1a: Garchomp|Garchomp, L50, M|27/100
|turn|7
|
|t:|1786107145
|move|p2a: Pompei|Protect|p2a: Pompei
|-singleturn|p2a: Pompei|Protect
|move|p1b: Toxapex|Wide Guard|p1b: Toxapex
|-singleturn|p1b: Toxapex|Wide Guard
|move|p2b: Gringotts|Parting Shot|p1a: Garchomp
|-unboost|p1a: Garchomp|atk|1
|-unboost|p1a: Garchomp|spa|1
|
|t:|1786107146
|switch|p2b: Toothless|Garchomp, L50, M|100/100|[from] Parting Shot
|move|p1a: Garchomp|Earthquake|p2a: Pompei|[spread] p2b
|-activate|p1b: Toxapex|move: Wide Guard
|-activate|p2a: Pompei|move: Protect
|-damage|p2b: Toothless|81/100
|
|-heal|p1b: Toxapex|71/100|[from] item: Leftovers
|-damage|p2a: Pompei|23/100 tox|[from] psn
|upkeep
|turn|8
|
|t:|1786107155
|switch|p2a: Gringotts|Grimmsnarl, L50, M|38/100 tox
|move|p1b: Toxapex|Wide Guard|p1b: Toxapex
|-singleturn|p1b: Toxapex|Wide Guard
|move|p1a: Garchomp|Earthquake|p2a: Gringotts|[spread] p2a,p2b
|-activate|p1b: Toxapex|move: Wide Guard
|-damage|p2a: Gringotts|19/100 tox
|-damage|p2b: Toothless|64/100
|move|p2b: Toothless|Scale Shot|p1a: Garchomp
|-supereffective|p1a: Garchomp|1
|-damage|p1a: Garchomp|0 fnt
|faint|p1a: Garchomp
|-hitcount|p1: Garchomp|1
|-unboost|p2b: Toothless|def|1
|-boost|p2b: Toothless|spe|1
|-damage|p2b: Toothless|54/100|[from] item: Life Orb
|
|-heal|p1b: Toxapex|77/100|[from] item: Leftovers
|-damage|p2a: Gringotts|13/100 tox|[from] psn
|-sideend|p2: NemoAK|move: Light Screen
|upkeep
|turn|9
|
|t:|1786107165
|move|p1b: Toxapex|Baneful Bunker||[still]
|-fail|p1b: Toxapex
|move|p2b: Toothless|Earthquake|p1b: Toxapex|[spread] p2a,p1b
|-supereffective|p1b: Toxapex|1
|-damage|p2a: Gringotts|0 fnt
|-damage|p1b: Toxapex|10/100
|faint|p2a: Gringotts
|-damage|p2b: Toothless|44/100|[from] item: Life Orb
|
|-heal|p1b: Toxapex|16/100|[from] item: Leftovers
|upkeep
|
|t:|1786107167
|switch|p2a: Pompei|Camerupt-Mega, L50, M|23/100 tox
|turn|10
|
|t:|1786107171
|move|p1b: Toxapex|Baneful Bunker|p1b: Toxapex
|-singleturn|p1b: Toxapex|move: Protect
|move|p2b: Toothless|Scale Shot|p1b: Toxapex
|-activate|p1b: Toxapex|move: Protect
|move|p2a: Pompei|Earth Power|p1b: Toxapex
|-activate|p1b: Toxapex|move: Protect
|
|-heal|p1b: Toxapex|22/100|[from] item: Leftovers
|-damage|p2a: Pompei|17/100 tox|[from] psn
|upkeep
|turn|11
|
|t:|1786107178
|move|p2b: Toothless|Scale Shot|p1b: Toxapex
|-damage|p1b: Toxapex|10/100
|-damage|p1b: Toxapex|0 fnt
|faint|p1b: Toxapex
|-hitcount|p1: Toxapex|2
|-damage|p2b: Toothless|34/100|[from] item: Life Orb
|
|win|NemoAK
