|j|☆Cristante terabug
|j|☆Jzvictini
|html|Cristante terabugJzvictini    
|uhtml|bestof|Game 2 of a best-of-3
|t:|1754512834
|gametype|doubles
|player|p1|Cristante terabug|kieran-champion|1179
|player|p2|Jzvictini|266|1295
|gen|9
|tier|[Gen 9] VGC 2025 Reg H (Bo3)
|rated|
|rule|Species Clause: Limit one of each Pokémon
|rule|Item Clause: Limit 1 of each item
|clearpoke
|poke|p1|Rillaboom, L50, M|
|poke|p1|Volcarona, L50, F|
|poke|p1|Sneasler, L50, M|
|poke|p1|Dondozo, L50, M|
|poke|p1|Electabuzz, L50, M|
|poke|p1|Kingambit, L50, M|
|poke|p2|Gallade, L50, M|
|poke|p2|Indeedee-F, L50, F|
|poke|p2|Torkoal, L50, F|
|poke|p2|Hatterene, L50, F|
|poke|p2|Slowbro, L50, M|
|poke|p2|Meowstic, L50, M|
|teampreview|4
|showteam|p1|Rillaboom||AssaultVest|GrassySurge|WoodHammer,Uturn,FakeOut,GrassyGlide|||M|||50|,,,,,Fire]Volcarona||CovertCloak|FlameBody|HeatWave,TeraBlast,QuiverDance,Protect|||F|||50|,,,,,Fairy]Sneasler||FocusSash|PoisonTouch|FakeOut,Coaching,CloseCombat,DireClaw|||M|||50|,,,,,Ghost]Dondozo||Leftovers|Unaware|WaveCrash,Fissure,Yawn,Protect|||M|||50|,,,,,Poison]Electabuzz||Eviolite|VitalSpirit|Electroweb,Taunt,FollowMe,Protect|||M|||50|,,,,,Dragon]Kingambit||BlackGlasses|Defiant|KowtowCleave,SuckerPunch,SwordsDance,Protect|||M|||50|,,,,,Dark
|showteam|p2|Gallade||ClearAmulet|Sharpness|WideGuard,SacredSword,PsychoCut,TrickRoom|||M|||50|,,,,,Fire]Indeedee-F||EjectButton|PsychicSurge|FollowMe,HelpingHand,TrickRoom,Psychic|||F|||50|,,,,,Steel]Torkoal||ChoiceSpecs|Drought|Eruption,HeatWave,WeatherBall,ClearSmog|||F|||50|,,,,,Fire]Hatterene||LifeOrb|MagicBounce|TrickRoom,DazzlingGleam,Psychic,ExpandingForce|||F|||50|,,,,,Psychic]Slowbro||SitrusBerry|Oblivious|TrickRoom,ExpandingForce,WeatherBall,Scald|||M|||50|,,,,,Water]Meowstic||FocusSash|Prankster|FakeOut,TrickRoom,Imprison,ExpandingForce|||M|||50|,,,,,Psychic
|
|t:|1754512873
|teamsize|p1|4
|teamsize|p2|4
|start
|switch|p1a: Sneasler|Sneasler, L50, M|100/100
|switch|p1b: Kingambit|Kingambit, L50, M|100/100
|switch|p2a: Hatterene|Hatterene, L50, F|100/100
|switch|p2b: Indeedee|Indeedee-F, L50, F|100/100
|-fieldstart|move: Psychic Terrain|[from] ability: Psychic Surge|[of] p2b: Indeedee
|turn|1
|inactive|Battle timer is ON: inactive players will automatically lose when time's up. (requested by Cristante terabug)
|
|t:|1754512899
|-terastallize|p1b: Kingambit|Dark
|move|p2b: Indeedee|Follow Me|p2b: Indeedee
|-singleturn|p2b: Indeedee|move: Follow Me
|move|p1a: Sneasler|Dire Claw|p2b: Indeedee
|-damage|p2b: Indeedee|63/100
|-enditem|p2b: Indeedee|Eject Button
|
|t:|1754512907
|switch|p2b: Torkoal|Torkoal, L50, F|100/100
|-weather|SunnyDay|[from] ability: Drought|[of] p2b: Torkoal
|move|p1b: Kingambit|Kowtow Cleave|p2b: Torkoal
|-damage|p2b: Torkoal|38/100
|move|p2a: Hatterene|Trick Room|p2a: Hatterene
|-fieldstart|move: Trick Room|[of] p2a: Hatterene
|
|-weather|SunnyDay|[upkeep]
|upkeep
|turn|2
|
|t:|1754512921
|switch|p1a: Rillaboom|Rillaboom, L50, M|100/100
|-fieldstart|move: Grassy Terrain|[from] ability: Grassy Surge|[of] p1a: Rillaboom
|move|p1b: Kingambit|Sucker Punch|p2b: Torkoal
|-damage|p2b: Torkoal|0 fnt
|faint|p2b: Torkoal
|move|p2a: Hatterene|Dazzling Gleam|p1a: Rillaboom|[spread] p1a,p1b
|-supereffective|p1b: Kingambit
|-damage|p1a: Rillaboom|65/100
|-damage|p1b: Kingambit|9/100
|-damage|p2a: Hatterene|91/100|[from] item: Life Orb
|
|-weather|SunnyDay|[upkeep]
|-heal|p2a: Hatterene|97/100|[from] Grassy Terrain
|-heal|p1b: Kingambit|15/100|[from] Grassy Terrain
|-heal|p1a: Rillaboom|71/100|[from] Grassy Terrain
|upkeep
|
|t:|1754512933
|switch|p2b: Indeedee|Indeedee-F, L50, F|63/100
|-fieldstart|move: Psychic Terrain|[from] ability: Psychic Surge|[of] p2b: Indeedee
|turn|3
|
|t:|1754512939
|switch|p2b: Slowbro|Slowbro, L50, M|100/100
|move|p1b: Kingambit|Protect|p1b: Kingambit
|-singleturn|p1b: Kingambit|Protect
|move|p2a: Hatterene|Dazzling Gleam|p1b: Kingambit|[spread] p1a
|-activate|p1b: Kingambit|move: Protect
|-damage|p1a: Rillaboom|34/100
|-damage|p2a: Hatterene|87/100|[from] item: Life Orb
|move|p1a: Rillaboom|U-turn|p2b: Slowbro
|-supereffective|p2b: Slowbro
|-damage|p2b: Slowbro|62/100
|
|t:|1754512955
|switch|p1a: Dondozo|Dondozo, L50, M|100/100|[from] U-turn
|
|-weather|SunnyDay|[upkeep]
|upkeep
|turn|4
|
|t:|1754512964
|switch|p1a: Rillaboom|Rillaboom, L50, M|34/100
|-fieldstart|move: Grassy Terrain|[from] ability: Grassy Surge|[of] p1a: Rillaboom
|move|p1b: Kingambit|Sucker Punch|p2a: Hatterene
|-damage|p2a: Hatterene|11/100
|move|p2a: Hatterene|Dazzling Gleam|p1b: Kingambit|[spread] p1a,p1b
|-supereffective|p1b: Kingambit
|-damage|p1a: Rillaboom|0 fnt
|-damage|p1b: Kingambit|0 fnt
|faint|p1a: Rillaboom
|faint|p1b: Kingambit
|-damage|p2a: Hatterene|2/100|[from] item: Life Orb
|move|p2b: Slowbro|Weather Ball|p1: Rillaboom|[notarget]
|-fail|p2b: Slowbro
|
|-weather|SunnyDay|[upkeep]
|-heal|p2a: Hatterene|8/100|[from] Grassy Terrain
|-heal|p2b: Slowbro|68/100|[from] Grassy Terrain
|upkeep
|
|t:|1754512973
|switch|p1b: Dondozo|Dondozo, L50, M|100/100
|switch|p1a: Sneasler|Sneasler, L50, M|100/100
|turn|5
|inactive|Jzvictini has 30 seconds left.
|
|t:|1754513001
|move|p2a: Hatterene|Dazzling Gleam|p1a: Sneasler|[spread] p1a,p1b
|-damage|p1a: Sneasler|36/100
|-damage|p1b: Dondozo|67/100
|-damage|p2a: Hatterene|0 fnt|[from] item: Life Orb
|faint|p2a: Hatterene
|move|p2b: Slowbro|Scald|p1a: Sneasler
|-damage|p1a: Sneasler|10/100
|move|p1b: Dondozo|Wave Crash|p2b: Slowbro
|-resisted|p2b: Slowbro
|-damage|p2b: Slowbro|58/100
|-damage|p1b: Dondozo|64/100|[from] Recoil
|move|p1a: Sneasler|Dire Claw|p2b: Slowbro
|-crit|p2b: Slowbro
|-damage|p2b: Slowbro|8/100
|-status|p2b: Slowbro|psn|[from] ability: Poison Touch|[of] p1a: Sneasler
|-enditem|p2b: Slowbro|Sitrus Berry|[eat]
|-heal|p2b: Slowbro|33/100 psn|[from] item: Sitrus Berry
|
|-weather|none
|-heal|p2b: Slowbro|39/100 psn|[from] Grassy Terrain
|-heal|p1b: Dondozo|70/100|[from] Grassy Terrain
|-heal|p1b: Dondozo|77/100|[from] item: Leftovers
|-heal|p1a: Sneasler|16/100|[from] Grassy Terrain
|-damage|p2b: Slowbro|26/100 psn|[from] psn
|-fieldend|move: Trick Room
|upkeep
|
|t:|1754513004
|switch|p2a: Indeedee|Indeedee-F, L50, F|63/100
|-fieldstart|move: Psychic Terrain|[from] ability: Psychic Surge|[of] p2a: Indeedee
|turn|6
|
|t:|1754513028
|move|p2a: Indeedee|Follow Me|p2a: Indeedee
|-singleturn|p2a: Indeedee|move: Follow Me
|move|p1a: Sneasler|Dire Claw|p2a: Indeedee
|-damage|p2a: Indeedee|24/100
|-status|p2a: Indeedee|slp
|move|p1b: Dondozo|Wave Crash|p2a: Indeedee
|-damage|p2a: Indeedee|0 fnt
|faint|p2a: Indeedee
|-damage|p1b: Dondozo|71/100|[from] Recoil
|move|p2b: Slowbro|Expanding Force|p1b: Dondozo|[spread] p1a,p1b
|-supereffective|p1a: Sneasler
|-damage|p1a: Sneasler|0 fnt
|-damage|p1b: Dondozo|31/100
|faint|p1a: Sneasler
|
|-heal|p1b: Dondozo|37/100|[from] item: Leftovers
|-damage|p2b: Slowbro|14/100 psn|[from] psn
|upkeep
|turn|7
|
|t:|1754513042
|-terastallize|p2b: Slowbro|Water
|move|p1b: Dondozo|Protect|p1b: Dondozo
|-singleturn|p1b: Dondozo|Protect
|move|p2b: Slowbro|Expanding Force|p1b: Dondozo
|-activate|p1b: Dondozo|move: Protect
|
|-heal|p1b: Dondozo|43/100|[from] item: Leftovers
|-damage|p2b: Slowbro|1/100 psn|[from] psn
|upkeep
|turn|8
|
|t:|1754513055
|move|p1b: Dondozo|Protect||[still]
|-fail|p1b: Dondozo
|move|p2b: Slowbro|Expanding Force|p1b: Dondozo
|-damage|p1b: Dondozo|0 fnt
|faint|p1b: Dondozo
|
|win|Jzvictini
|raw|Cristante terabug's rating: 1179 → 1162(-17 for losing)
|raw|Jzvictini's rating: 1295 → 1312(+17 for winning)
|l|☆Jzvictini
|player|p2|
