|j|☆fifthtimesthecharm
|j|☆TheRedSceptile
|html|fifthtimesthecharmTheRedSceptile    
|uhtml|bestof|Game 3 of a best-of-3
|t:|1756606977
|gametype|doubles
|player|p1|fifthtimesthecharm|marshal|
|player|p2|TheRedSceptile|1|
|gen|9
|tier|[Gen 9] VGC 2025 Reg H (Bo3)
|rule|Species Clause: Limit one of each Pokémon
|rule|Item Clause: Limit 1 of each item
|clearpoke
|poke|p1|Dragonite, L50, F|
|poke|p1|Ursaluna, L50, M|
|poke|p1|Gholdengo, L50|
|poke|p1|Porygon2, L50|
|poke|p1|Volcarona, L50, F|
|poke|p1|Grimmsnarl, L50, M|
|poke|p2|Kingambit, L50, F|
|poke|p2|Primarina, L50, F|
|poke|p2|Sneasler, L50, F|
|poke|p2|Rillaboom, L50, F|
|poke|p2|Dragapult, L50, F|
|poke|p2|Electabuzz, L50, F|
|teampreview|4
|showteam|p1|Dragonite||LoadedDice|InnerFocus|ScaleShot,Tailwind,Haze,Protect|||F|||50|,,,,,Fairy]Ursaluna||FlameOrb|Guts|HeadlongRush,Earthquake,Facade,Protect|||M|||50|,,,,,Grass]Gholdengo||LifeOrb|GoodasGold|MakeItRain,ShadowBall,NastyPlot,Protect||||||50|,,,,,Dragon]Porygon2||Eviolite|Download|TeraBlast,Recover,IceBeam,TrickRoom||||||50|,,,,,Fighting]Volcarona||SafetyGoggles|FlameBody|Overheat,Tailwind,StruggleBug,RagePowder|||F|||50|,,,,,Fairy]Grimmsnarl||LightClay|Prankster|FoulPlay,ThunderWave,Reflect,LightScreen|||M|||50|,,,,,Ghost
|showteam|p2|Kingambit||BlackGlasses|Defiant|KowtowCleave,SuckerPunch,SwordsDance,Protect|||F|||50|,,,,,Dark]Primarina||SitrusBerry|LiquidVoice|HyperVoice,Moonblast,Haze,Protect|||F|||50|,,,,,Poison]Sneasler||FocusSash|Unburden|CloseCombat,DireClaw,FakeOut,Protect|||F|||50|,,,,,Ghost]Rillaboom||AssaultVest|GrassySurge|WoodHammer,GrassyGlide,HighHorsepower,FakeOut|||F|||50|,,,,,Fire]Dragapult||ChoiceBand|ClearBody|DragonDarts,PhantomForce,Outrage,Uturn|||F|||50|,,,,,Dragon]Electabuzz||Eviolite|VitalSpirit|Protect,Electroweb,FollowMe,HelpingHand|||F|||50|,,,,,Bug
|inactive|Battle timer is ON: inactive players will automatically lose when time's up. (requested by fifthtimesthecharm)
|j| the crimson wooper
|inactive|TheRedSceptile has 60 seconds left.
|inactive|fifthtimesthecharm has 60 seconds left.
|
|t:|1756607024
|teamsize|p1|4
|teamsize|p2|4
|start
|switch|p1a: Sinatra|Volcarona, L50, F|100/100
|switch|p1b: Daquavion|Porygon2, L50|100/100
|switch|p2a: Dragapult|Dragapult, L50, F|100/100
|switch|p2b: Electabuzz|Electabuzz, L50, F|100/100
|-ability|p1b: Daquavion|Download|boost
|-boost|p1b: Daquavion|atk|1
|turn|1
|inactive|fifthtimesthecharm has 30 seconds left.
|inactive|TheRedSceptile has 30 seconds left.
|inactive|TheRedSceptile has 20 seconds left.
|
|t:|1756607062
|move|p1a: Sinatra|Rage Powder|p1a: Sinatra
|-singleturn|p1a: Sinatra|move: Rage Powder
|move|p2b: Electabuzz|Follow Me|p2b: Electabuzz
|-singleturn|p2b: Electabuzz|move: Follow Me
|move|p2a: Dragapult|U-turn|p1a: Sinatra
|-resisted|p1a: Sinatra
|-damage|p1a: Sinatra|80/100
|
|t:|1756607068
|switch|p2a: Primarina|Primarina, L50, F|100/100|[from] U-turn
|move|p1b: Daquavion|Ice Beam|p2b: Electabuzz
|-damage|p2b: Electabuzz|80/100
|
|upkeep
|turn|2
|
|t:|1756607092
|move|p2b: Electabuzz|Helping Hand|p2a: Primarina
|-singleturn|p2a: Primarina|Helping Hand|[of] p2b: Electabuzz
|move|p1a: Sinatra|Struggle Bug|p2b: Electabuzz|[spread] p2a,p2b
|-resisted|p2a: Primarina
|-damage|p2a: Primarina|94/100
|-damage|p2b: Electabuzz|68/100
|-unboost|p2a: Primarina|spa|1
|-unboost|p2b: Electabuzz|spa|1
|move|p2a: Primarina|Hyper Voice|p1b: Daquavion|[spread] p1a,p1b
|-supereffective|p1a: Sinatra
|-damage|p1a: Sinatra|22/100
|-damage|p1b: Daquavion|83/100
|move|p1b: Daquavion|Trick Room|p1b: Daquavion
|-fieldstart|move: Trick Room|[of] p1b: Daquavion
|
|upkeep
|turn|3
|inactive|fifthtimesthecharm has 30 seconds left.
|inactive|TheRedSceptile has 30 seconds left.
|inactive|fifthtimesthecharm has 20 seconds left.
|inactive|TheRedSceptile has 20 seconds left.
|inactive|TheRedSceptile has 15 seconds left.
|inactive|fifthtimesthecharm has 15 seconds left.
|inactive|TheRedSceptile has 10 seconds left.
|
|t:|1756607142
|switch|p1a: Freddy|Ursaluna, L50, M|100/100
|move|p2b: Electabuzz|Helping Hand|p2a: Primarina
|-singleturn|p2a: Primarina|Helping Hand|[of] p2b: Electabuzz
|move|p1b: Daquavion|Tera Blast|p2a: Primarina
|-damage|p2a: Primarina|66/100
|move|p2a: Primarina|Hyper Voice|p1b: Daquavion|[spread] p1a,p1b
|-supereffective|p1a: Freddy
|-damage|p1a: Freddy|39/100
|-damage|p1b: Daquavion|63/100
|
|-status|p1a: Freddy|brn|[from] item: Flame Orb
|upkeep
|turn|4
|
|t:|1756607162
|-terastallize|p2b: Electabuzz|Bug
|move|p2b: Electabuzz|Follow Me|p2b: Electabuzz
|-singleturn|p2b: Electabuzz|move: Follow Me
|move|p1a: Freddy|Earthquake|p2a: Primarina|[spread] p1b,p2a,p2b
|-resisted|p2b: Electabuzz
|-damage|p1b: Daquavion|24/100
|-damage|p2a: Primarina|0 fnt
|-damage|p2b: Electabuzz|39/100
|faint|p2a: Primarina
|move|p1b: Daquavion|Recover|p1b: Daquavion
|-heal|p1b: Daquavion|74/100
|
|-damage|p1a: Freddy|33/100 brn|[from] brn
|upkeep
|
|t:|1756607174
|switch|p2a: Kingambit|Kingambit, L50, F|100/100
|turn|5
|inactive|TheRedSceptile has 30 seconds left.
|
|t:|1756607206
|-terastallize|p1b: Daquavion|Fighting
|move|p2b: Electabuzz|Helping Hand|p2a: Kingambit
|-singleturn|p2a: Kingambit|Helping Hand|[of] p2b: Electabuzz
|move|p2a: Kingambit|Sucker Punch|p1a: Freddy
|-crit|p1a: Freddy
|-damage|p1a: Freddy|0 fnt
|faint|p1a: Freddy
|move|p1b: Daquavion|Tera Blast|p2a: Kingambit|[anim] Tera Blast Fighting
|-supereffective|p2a: Kingambit
|-damage|p2a: Kingambit|0 fnt
|faint|p2a: Kingambit
|
|upkeep
|
|t:|1756607216
|switch|p2a: Dragapult|Dragapult, L50, F|100/100
|switch|p1a: Mr.Bigbucks|Gholdengo, L50|100/100
|turn|6
|
|t:|1756607239
|move|p2b: Electabuzz|Follow Me|p2b: Electabuzz
|-singleturn|p2b: Electabuzz|move: Follow Me
|move|p1b: Daquavion|Ice Beam|p2b: Electabuzz
|-damage|p2b: Electabuzz|19/100
|move|p1a: Mr.Bigbucks|Make It Rain|p2a: Dragapult|[spread] p2a,p2b
|-damage|p2a: Dragapult|24/100
|-damage|p2b: Electabuzz|0 fnt
|-unboost|p1a: Mr.Bigbucks|spa|1
|faint|p2b: Electabuzz
|-damage|p1a: Mr.Bigbucks|91/100|[from] item: Life Orb
|move|p2a: Dragapult|Phantom Force||[still]
|-prepare|p2a: Dragapult|Phantom Force
|
|-fieldend|move: Trick Room
|upkeep
|turn|7
|
|t:|1756607248
|move|p2a: Dragapult|Phantom Force|p1a: Mr.Bigbucks|[from] lockedmove
|-supereffective|p1a: Mr.Bigbucks
|-damage|p1a: Mr.Bigbucks|0 fnt
|faint|p1a: Mr.Bigbucks
|move|p1b: Daquavion|Ice Beam|p2a: Dragapult
|-supereffective|p2a: Dragapult
|-damage|p2a: Dragapult|0 fnt
|faint|p2a: Dragapult
|
|win|fifthtimesthecharm
