|j|☆samki9
|j|☆Declan777
|html|samki9Declan777    
|uhtml|bestof|Game 1 of a best-of-3
|t:|1784052574
|gametype|doubles
|player|p1|samki9|marshal|1071
|player|p2|Declan777|unknown|1078
|gen|9
|tier|[Gen 9 Champions] VGC 2026 Reg M-B (Bo3)
|rated|
|rule|Species Clause: Limit one of each Pokémon
|rule|Item Clause: Limit 1 of each item
|clearpoke
|poke|p1|Charizard, L50, M|
|poke|p1|Aerodactyl, L50, M|
|poke|p1|Kingambit, L50, M|
|poke|p1|Sylveon, L50, F|
|poke|p1|Garchomp, L50, M|
|poke|p1|Farigiraf, L50, F|
|poke|p2|Ampharos, L50, F|
|poke|p2|Sinistcha, L50|
|poke|p2|Metagross, L50, shiny|
|poke|p2|Toxapex, L50, F|
|poke|p2|Ceruledge, L50, M|
|poke|p2|Tauros-Paldea-Aqua, L50, M|
|teampreview|4
|showteam|p1|Charizard||CharizarditeY|Blaze|HeatWave,WeatherBall,SolarBeam,Protect|Modest||M|||50|]Aerodactyl||Aerodactylite|Unnerve|RockSlide,IceFang,DualWingbeat,Tailwind|Jolly||M|||50|]Kingambit||FocusSash|Defiant|KowtowCleave,SuckerPunch,LowKick,IronHead|Adamant||M|||50|]Sylveon||FairyFeather|Pixilate|HyperVoice,HyperBeam,QuickAttack,Detect|Modest||F|||50|]Garchomp||LifeOrb|RoughSkin|DragonClaw,Earthquake,StompingTantrum,Protect|Jolly||M|||50|]Farigiraf||SitrusBerry|ArmorTail|TwinBeam,Thunderbolt,TrickRoom,HelpingHand|Bold||F|||50|
|showteam|p2|Ampharos||Ampharosite|Static|CottonGuard,Thunderbolt,DragonPulse,Protect|Modest||F|||50|]Sinistcha||SitrusBerry|Hospitality|TrickRoom,MatchaGotcha,LifeDew,Protect|Bold|||||50|]Metagross||Metagrossite|ClearBody|IronHead,BulletPunch,PsychicFangs,Protect|Jolly|||||50|]Toxapex||Leftovers|Regenerator|Toxic,BanefulBunker,Infestation,WideGuard|Sassy||F|||50|]Ceruledge||ColburBerry|FlashFire|BitterBlade,BulkUp,ShadowSneak,Protect|Jolly||M|||50|]Tauros-Paldea-Aqua||LifeOrb|Intimidate|AquaJet,CloseCombat,WaveCrash,Protect|Jolly||M|||50|
|inactive|Battle timer is ON: inactive players will automatically lose when time's up. (requested by samki9)
|inactive|Declan777 has 60 seconds left.
|
|t:|1784052645
|teamsize|p1|4
|teamsize|p2|4
|start
|switch|p1a: Aerodactyl|Aerodactyl, L50, M|100/100
|switch|p1b: Garchomp|Garchomp, L50, M|100/100
|switch|p2a: Ampharos|Ampharos, L50, F|100/100
|switch|p2b: Toxapex|Toxapex, L50, F|100/100
|-ability|p1a: Aerodactyl|Unnerve
|turn|1
|inactive|samki9 has 30 seconds left.
|inactive|samki9 has 20 seconds left.
|
|t:|1784052681
|detailschange|p2a: Ampharos|Ampharos-Mega, L50, F
|-mega|p2a: Ampharos|Ampharos|Ampharosite
|-ability|p2a: Ampharos|Mold Breaker
|move|p2b: Toxapex|Wide Guard|p2b: Toxapex
|-singleturn|p2b: Toxapex|Wide Guard
|move|p1a: Aerodactyl|Ice Fang|p2a: Ampharos
|-supereffective|p2a: Ampharos|1
|-damage|p2a: Ampharos|67/100
|move|p1b: Garchomp|Dragon Claw|p2a: Ampharos
|-supereffective|p2a: Ampharos|1
|-damage|p2a: Ampharos|0 fnt
|faint|p2a: Ampharos
|-damage|p1b: Garchomp|90/100|[from] item: Life Orb
|
|upkeep
|
|t:|1784052696
|switch|p2a: Tauros|Tauros-Paldea-Aqua, L50, M|100/100
|-ability|p2a: Tauros|Intimidate|boost
|-unboost|p1a: Aerodactyl|atk|1
|-unboost|p1b: Garchomp|atk|1
|turn|2
|inactive|Declan777 has 30 seconds left.
|
|t:|1784052728
|move|p2a: Tauros|Protect|p2a: Tauros
|-singleturn|p2a: Tauros|Protect
|move|p1a: Aerodactyl|Dual Wingbeat|p2a: Tauros
|-activate|p2a: Tauros|move: Protect
|move|p1b: Garchomp|Earthquake|p2a: Tauros|[spread] p2b
|-activate|p2a: Tauros|move: Protect
|-immune|p1a: Aerodactyl
|-supereffective|p2b: Toxapex|1
|-damage|p2b: Toxapex|50/100g
|-damage|p1b: Garchomp|80/100|[from] item: Life Orb
|move|p2b: Toxapex|Infestation|p1a: Aerodactyl
|-resisted|p1a: Aerodactyl|1
|-damage|p1a: Aerodactyl|98/100
|-activate|p1a: Aerodactyl|move: Infestation|[of] p2b: Toxapex
|
|-heal|p2b: Toxapex|56/100|[from] item: Leftovers
|-damage|p1a: Aerodactyl|86/100|[from] move: Infestation|[partiallytrapped]
|upkeep
|turn|3
|
|t:|1784052753
|move|p2a: Tauros|Aqua Jet|p1a: Aerodactyl
|-supereffective|p1a: Aerodactyl|1
|-damage|p1a: Aerodactyl|21/100
|-damage|p2a: Tauros|90/100|[from] item: Life Orb
|move|p1a: Aerodactyl|Dual Wingbeat|p2a: Tauros|[miss]
|-miss|p1a: Aerodactyl|p2a: Tauros
|move|p1b: Garchomp|Earthquake|p2b: Toxapex|[spread] p2a,p2b
|-immune|p1a: Aerodactyl
|-supereffective|p2b: Toxapex|1
|-damage|p2a: Tauros|53/100
|-damage|p2b: Toxapex|1/100
|-damage|p1b: Garchomp|70/100|[from] item: Life Orb
|move|p2b: Toxapex|Toxic|p1b: Garchomp
|-status|p1b: Garchomp|tox
|
|-heal|p2b: Toxapex|7/100|[from] item: Leftovers
|-damage|p1b: Garchomp|64/100 tox|[from] psn
|-damage|p1a: Aerodactyl|9/100|[from] move: Infestation|[partiallytrapped]
|upkeep
|turn|4
|
|t:|1784052773
|move|p2b: Toxapex|Wide Guard|p2b: Toxapex
|-singleturn|p2b: Toxapex|Wide Guard
|move|p2a: Tauros|Aqua Jet|p1a: Aerodactyl
|-supereffective|p1a: Aerodactyl|1
|-damage|p1a: Aerodactyl|0 fnt
|faint|p1a: Aerodactyl
|-damage|p2a: Tauros|44/100|[from] item: Life Orb
|move|p1b: Garchomp|Earthquake|p2a: Tauros|[spread] 
|-activate|p2a: Tauros|move: Wide Guard
|-activate|p2b: Toxapex|move: Wide Guard
|
|-heal|p2b: Toxapex|12/100|[from] item: Leftovers
|-damage|p1b: Garchomp|52/100 tox|[from] psn
|upkeep
|
|t:|1784052775
|switch|p1a: Charizard|Charizard, L50, M|100/100
|turn|5
|
|t:|1784052795
|-heal|p2b: Toxapex|45/100|[from] ability: Regenerator|[silent]
|switch|p2b: Ceruledge|Ceruledge, L50, M|100/100
|detailschange|p1a: Charizard|Charizard-Mega-Y, L50, M
|-mega|p1a: Charizard|Charizard|Charizardite Y
|-weather|SunnyDay|[from] ability: Drought|[of] p1a: Charizard
|move|p1b: Garchomp|Stomping Tantrum|p2b: Ceruledge
|-supereffective|p2b: Ceruledge|1
|-crit|p2b: Ceruledge
|-damage|p2b: Ceruledge|0 fnt
|faint|p2b: Ceruledge
|-damage|p1b: Garchomp|43/100 tox|[from] item: Life Orb
|move|p2a: Tauros|Close Combat|p1b: Garchomp
|-damage|p1b: Garchomp|0 fnt
|-unboost|p2a: Tauros|def|1
|-unboost|p2a: Tauros|spd|1
|-damage|p2a: Tauros|31/100|[from] ability: Rough Skin|[of] p1b: Garchomp
|faint|p1b: Garchomp
|-damage|p2a: Tauros|21/100|[from] item: Life Orb
|move|p1a: Charizard|Solar Beam||[still]
|-prepare|p1a: Charizard|Solar Beam
|-anim|p1a: Charizard|Solar Beam|p2a: Tauros
|-supereffective|p2a: Tauros|1
|-damage|p2a: Tauros|0 fnt
|faint|p2a: Tauros
|
|-weather|SunnyDay|[upkeep]
|upkeep
|-message|Declan777 forfeited.
|
|win|samki9
