|j|☆FreezyPop439
|j|☆Davixd2532
|html|FreezyPop439Davixd2532    
|uhtml|bestof|Game 2 of a best-of-3
|t:|1782219176
|gametype|doubles
|player|p1|FreezyPop439|collector|1207
|player|p2|Davixd2532|169|1152
|gen|9
|tier|[Gen 9 Champions] VGC 2026 Reg M-B (Bo3)
|rated|
|rule|Species Clause: Limit one of each Pokémon
|rule|Item Clause: Limit 1 of each item
|clearpoke
|poke|p1|Garchomp, L50, F|
|poke|p1|Staraptor, L50, F|
|poke|p1|Grimmsnarl, L50, M|
|poke|p1|Gholdengo, L50|
|poke|p1|Maushold-Four, L50|
|poke|p1|Volcarona, L50, F|
|poke|p2|Whimsicott, L50, F|
|poke|p2|Staraptor, L50, F, shiny|
|poke|p2|Excadrill, L50, M|
|poke|p2|Tyranitar, L50, F|
|poke|p2|Incineroar, L50, M|
|poke|p2|Sneasler, L50, M|
|teampreview|4
|showteam|p1|Garchomp||LifeOrb|RoughSkin|Earthquake,DragonClaw,RockSlide,Protect|Jolly||F|||50|]Staraptor||Staraptite|Intimidate|BraveBird,CloseCombat,Roost,Protect|Jolly||F|||50|]Grimmsnarl||LightClay|Prankster|SpiritBreak,LightScreen,Reflect,PartingShot|Careful||M|||50|]Gholdengo||MetalCoat|GoodasGold|MakeItRain,ShadowBall,NastyPlot,Protect|Modest|||||50|]Maushold-Four||FocusSash|FriendGuard|FollowMe,Charm,SuperFang,Protect|Jolly|||||50|]Volcarona||ChartiBerry|FlameBody|HeatWave,StruggleBug,RagePowder,Tailwind|Timid||F|||50|
|showteam|p2|Whimsicott||FocusSash|Prankster|Memento,Moonblast,Charm,Tailwind|Timid||F|||50|]Staraptor||Staraptite|Intimidate|CloseCombat,DualWingbeat,Protect,Roost|Jolly||F|||50|]Excadrill||ChoiceScarf|SandForce|RockSlide,IronHead,HighHorsepower,BrickBreak|Adamant||M|||50|]Tyranitar||Tyranitarite|SandStream|Protect,RockSlide,KnockOff,Substitute|Adamant||F|||50|]Incineroar||SitrusBerry|Intimidate|FakeOut,PartingShot,FlareBlitz,HelpingHand|Adamant||M|||50|]Sneasler||WhiteHerb|Unburden|DireClaw,UpperHand,FakeOut,CloseCombat|Jolly||M|||50|
|inactive|Battle timer is ON: inactive players will automatically lose when time's up. (requested by Davixd2532)
|inactive|FreezyPop439 has 60 seconds left.
|inactive|Davixd2532 has 30 seconds left.
|inactive|FreezyPop439 has 30 seconds left.
|inactive|FreezyPop439 has 20 seconds left.
|inactive|FreezyPop439 has 15 seconds left.
|inactive|FreezyPop439 has 10 seconds left.
|
|t:|1782219275
|teamsize|p1|4
|teamsize|p2|4
|start
|switch|p1a: Staraptor|Staraptor, L50, F|100/100
|switch|p1b: Grimmsnarl|Grimmsnarl, L50, M|100/100
|switch|p2a: Nicolett|Incineroar, L50, M|100/100
|switch|p2b: Tyitar|Tyranitar, L50, F|100/100
|-ability|p1a: Staraptor|Intimidate|boost
|-unboost|p2a: Nicolett|atk|1
|-unboost|p2b: Tyitar|atk|1
|-weather|Sandstorm|[from] ability: Sand Stream|[of] p2b: Tyitar
|-ability|p2a: Nicolett|Intimidate|boost
|-unboost|p1a: Staraptor|atk|1
|-unboost|p1b: Grimmsnarl|atk|1
|turn|1
|inactive|FreezyPop439 has 30 seconds left.
|inactive|Davixd2532 has 30 seconds left.
|inactive|FreezyPop439 has 20 seconds left.
|inactive|Davixd2532 has 20 seconds left.
|inactive|FreezyPop439 has 15 seconds left.
|
|t:|1782219317
|switch|p2b: Twank|Sneasler, L50, M|100/100
|detailschange|p1a: Staraptor|Staraptor-Mega, L50, F
|-mega|p1a: Staraptor|Staraptor|Staraptite
|move|p1a: Staraptor|Protect|p1a: Staraptor
|-singleturn|p1a: Staraptor|Protect
|move|p2a: Nicolett|Fake Out|p1b: Grimmsnarl
|-damage|p1b: Grimmsnarl|92/100
|cant|p1b: Grimmsnarl|flinch
|
|-weather|Sandstorm|[upkeep]
|-damage|p2b: Twank|93/100|[from] Sandstorm
|-damage|p1a: Staraptor|94/100|[from] Sandstorm
|-damage|p1b: Grimmsnarl|86/100|[from] Sandstorm
|-damage|p2a: Nicolett|94/100|[from] Sandstorm
|upkeep
|turn|2
|inactive|Davixd2532 has 30 seconds left.
|inactive|Davixd2532 has 20 seconds left.
|inactive|Davixd2532 has 15 seconds left.
|inactive|Davixd2532 has 10 seconds left.
|inactive|Davixd2532 has 5 seconds left.
|
|t:|1782219372
|move|p1b: Grimmsnarl|Reflect|p1b: Grimmsnarl
|-sidestart|p1: FreezyPop439|Reflect
|move|p2b: Twank|Dire Claw|p1a: Staraptor
|-damage|p1a: Staraptor|67/100
|-status|p1a: Staraptor|psn
|move|p1a: Staraptor|Close Combat|p2a: Nicolett
|-supereffective|p2a: Nicolett|1
|-damage|p2a: Nicolett|34/100
|-boost|p1a: Staraptor|def|1
|-boost|p1a: Staraptor|spd|1
|-enditem|p2a: Nicolett|Sitrus Berry|[eat]
|-heal|p2a: Nicolett|59/100|[from] item: Sitrus Berry
|move|p2a: Nicolett|Parting Shot|p1b: Grimmsnarl
|-unboost|p1b: Grimmsnarl|atk|1
|-unboost|p1b: Grimmsnarl|spa|1
|
|t:|1782219376
|switch|p2a: Zero|Excadrill, L50, M|100/100|[from] Parting Shot
|
|-weather|Sandstorm|[upkeep]
|-damage|p2b: Twank|87/100|[from] Sandstorm
|-damage|p1a: Staraptor|61/100 psn|[from] Sandstorm
|-damage|p1b: Grimmsnarl|80/100|[from] Sandstorm
|-damage|p1a: Staraptor|48/100 psn|[from] psn
|upkeep
|turn|3
|inactive|FreezyPop439 has 30 seconds left.
|inactive|Davixd2532 has 30 seconds left.
|inactive|FreezyPop439 has 20 seconds left.
|
|t:|1782219413
|move|p1b: Grimmsnarl|Parting Shot|p2a: Zero
|-unboost|p2a: Zero|atk|1
|-unboost|p2a: Zero|spa|1
|
|t:|1782219417
|switch|p1b: Volcarona|Volcarona, L50, F|100/100|[from] Parting Shot
|move|p2a: Zero|Brick Break|p1a: Staraptor
|-sideend|p1: FreezyPop439|Reflect
|-resisted|p1a: Staraptor|1
|-damage|p1a: Staraptor|42/100 psn
|move|p2b: Twank|Dire Claw|p1a: Staraptor
|-damage|p1a: Staraptor|13/100 psn
|move|p1a: Staraptor|Roost|p1a: Staraptor
|-heal|p1a: Staraptor|63/100 psn
|-singleturn|p1a: Staraptor|move: Roost
|
|-weather|Sandstorm|[upkeep]
|-damage|p2b: Twank|81/100|[from] Sandstorm
|-damage|p1a: Staraptor|57/100 psn|[from] Sandstorm
|-damage|p1b: Volcarona|94/100|[from] Sandstorm
|-damage|p1a: Staraptor|45/100 psn|[from] psn
|upkeep
|turn|4
|inactive|Davixd2532 has 30 seconds left.
|
|t:|1782219447
|switch|p2a: Tyitar|Tyranitar, L50, F|100/100
|move|p1b: Volcarona|Rage Powder|p1b: Volcarona
|-singleturn|p1b: Volcarona|move: Rage Powder
|move|p2b: Twank|Dire Claw|p1b: Volcarona
|-damage|p1b: Volcarona|42/100
|move|p1a: Staraptor|Close Combat|p2a: Tyitar
|-supereffective|p2a: Tyitar|2
|-damage|p2a: Tyitar|0 fnt
|-boost|p1a: Staraptor|def|1
|-boost|p1a: Staraptor|spd|1
|faint|p2a: Tyitar
|
|-weather|Sandstorm|[upkeep]
|-damage|p2b: Twank|75/100|[from] Sandstorm
|-damage|p1a: Staraptor|39/100 psn|[from] Sandstorm
|-damage|p1b: Volcarona|37/100|[from] Sandstorm
|-damage|p1a: Staraptor|27/100 psn|[from] psn
|upkeep
|
|t:|1782219456
|switch|p2a: Zero|Excadrill, L50, M|100/100
|turn|5
|inactive|FreezyPop439 has 30 seconds left.
|inactive|Davixd2532 has 30 seconds left.
|inactive|FreezyPop439 has 20 seconds left.
|inactive|Davixd2532 has 20 seconds left.
|inactive|FreezyPop439 has 15 seconds left.
|inactive|Davixd2532 has 15 seconds left.
|inactive|Davixd2532 has 10 seconds left.
|
|t:|1782219503
|switch|p1a: Gholdengo|Gholdengo, L50|100/100
|move|p2a: Zero|Rock Slide|p1a: Gholdengo|[spread] p1a,p1b
|-resisted|p1a: Gholdengo|1
|-supereffective|p1b: Volcarona|2
|-enditem|p1b: Volcarona|Charti Berry|[eat]
|-enditem|p1b: Volcarona|Charti Berry|[weaken]
|-damage|p1a: Gholdengo|86/100
|-damage|p1b: Volcarona|0 fnt
|faint|p1b: Volcarona
|move|p2b: Twank|Close Combat|p1a: Gholdengo
|-immune|p1a: Gholdengo
|
|-weather|none
|upkeep
|
|t:|1782219528
|switch|p1b: Grimmsnarl|Grimmsnarl, L50, M|80/100
|turn|6
|inactive|Davixd2532 has 30 seconds left.
|inactive|Davixd2532 has 20 seconds left.
|
|t:|1782219567
|move|p2a: Zero|Rock Slide|p1a: Gholdengo|[spread] p1a,p1b
|-resisted|p1a: Gholdengo|1
|-damage|p1a: Gholdengo|76/100
|-damage|p1b: Grimmsnarl|55/100
|move|p2b: Twank|Close Combat|p1b: Grimmsnarl
|-damage|p1b: Grimmsnarl|0 fnt
|-unboost|p2b: Twank|def|1
|-unboost|p2b: Twank|spd|1
|faint|p1b: Grimmsnarl
|-enditem|p2b: Twank|White Herb
|-clearnegativeboost|p2b: Twank|[silent]
|move|p1a: Gholdengo|Nasty Plot|p1a: Gholdengo
|-boost|p1a: Gholdengo|spa|2
|
|upkeep
|
|t:|1782219581
|switch|p1b: Staraptor|Staraptor-Mega, L50, F|27/100 psn
|turn|7
|inactive|FreezyPop439 has 30 seconds left.
|inactive|Davixd2532 has 30 seconds left.
|inactive|FreezyPop439 has 20 seconds left.
|inactive|Davixd2532 has 20 seconds left.
|inactive|Davixd2532 has 15 seconds left.
|inactive|Davixd2532 has 10 seconds left.
|inactive|Davixd2532 has 5 seconds left.
|
|t:|1782219636
|move|p2b: Twank|Dire Claw|p1b: Staraptor
|-damage|p1b: Staraptor|0 fnt
|faint|p1b: Staraptor
|move|p2a: Zero|Rock Slide|p1a: Gholdengo
|-resisted|p1a: Gholdengo|1
|-damage|p1a: Gholdengo|61/100
|move|p1a: Gholdengo|Nasty Plot|p1a: Gholdengo
|-boost|p1a: Gholdengo|spa|2
|
|upkeep
|turn|8
|
|t:|1782219652
|switch|p2a: Nicolett|Incineroar, L50, M|59/100
|-ability|p2a: Nicolett|Intimidate|boost
|-unboost|p1a: Gholdengo|atk|1
|move|p2b: Twank|Dire Claw|p1a: Gholdengo
|-immune|p1a: Gholdengo
|move|p1a: Gholdengo|Shadow Ball|p2a: Nicolett
|-resisted|p2a: Nicolett|1
|-damage|p2a: Nicolett|2/100
|
|upkeep
|turn|9
|
|t:|1782219663
|move|p2b: Twank|Dire Claw|p1a: Gholdengo
|-immune|p1a: Gholdengo
|move|p1a: Gholdengo|Make It Rain|p2a: Nicolett|[spread] p2a,p2b
|-resisted|p2a: Nicolett|1
|-damage|p2a: Nicolett|0 fnt
|-damage|p2b: Twank|0 fnt
|-unboost|p1a: Gholdengo|spa|2
|faint|p2a: Nicolett
|faint|p2b: Twank
|
|upkeep
|
|t:|1782219668
|switch|p2b: Zero|Excadrill, L50, M|100/100
|turn|10
|
|t:|1782219677
|move|p2b: Zero|High Horsepower|p1a: Gholdengo
|-supereffective|p1a: Gholdengo|1
|-crit|p1a: Gholdengo
|-damage|p1a: Gholdengo|0 fnt
|faint|p1a: Gholdengo
|
|win|Davixd2532
