|j|☆tyho45
|j|☆Refanner
|html|tyho45Refanner    
|uhtml|bestof|Game 2 of a best-of-3
|t:|1782743791
|gametype|doubles
|player|p1|tyho45|n|1147
|player|p2|Refanner|102|1147
|gen|9
|tier|[Gen 9 Champions] VGC 2026 Reg M-B (Bo3)
|rated|
|rule|Species Clause: Limit one of each Pokémon
|rule|Item Clause: Limit 1 of each item
|clearpoke
|poke|p1|Araquanid, L50, F|
|poke|p1|Staraptor, L50, M, shiny|
|poke|p1|Farigiraf, L50, F, shiny|
|poke|p1|Vileplume, L50, F|
|poke|p1|Torkoal, L50, F, shiny|
|poke|p1|Mawile, L50, F, shiny|
|poke|p2|Staraptor, L50, F|
|poke|p2|Grimmsnarl, L50, M|
|poke|p2|Incineroar, L50, M|
|poke|p2|Sinistcha, L50|
|poke|p2|Metagross, L50|
|poke|p2|Milotic, L50, F|
|teampreview|4
|showteam|p1|Araquanid||MysticWater|WaterBubble|LeechLife,Liquidation,WideGuard,Protect|Adamant||F|||50|]Staraptor||ChoiceScarf|Intimidate|Uturn,FinalGambit,CloseCombat,BraveBird|Jolly||M|||50|]Farigiraf||SitrusBerry|ArmorTail|TrickRoom,Psychic,Thunderbolt,Protect|Modest||F|||50|]Vileplume||FocusSash|Chlorophyll|SolarBeam,AfterYou,SleepPowder,Protect|Timid||F|||50|]Torkoal||Charcoal|Drought|Protect,Eruption,WeatherBall,EarthPower|Modest||F|||50|]Mawile||Mawilite|Intimidate|IronHead,Protect,PlayRough,SuckerPunch|Impish||F|||50|
|showteam|p2|Staraptor||Staraptite|Intimidate|CloseCombat,BraveBird,Roost,Protect|Adamant||F|||50|]Grimmsnarl||RoseliBerry|Prankster|FoulPlay,ScaryFace,FakeOut,PartingShot|Careful||M|||50|]Incineroar||SitrusBerry|Intimidate|FlareBlitz,ThroatChop,PartingShot,FakeOut|Careful||M|||50|]Sinistcha||KasibBerry|Hospitality|MatchaGotcha,RagePowder,TrickRoom,Protect|Bold|||||50|]Metagross||Metagrossite|ClearBody|IronHead,PsychicFangs,StompingTantrum,Protect|Jolly|||||50|]Milotic||WideLens|Competitive|MuddyWater,Coil,Hypnosis,LifeDew|Calm||F|||50|
|inactive|Battle timer is ON: inactive players will automatically lose when time's up. (requested by tyho45)
|
|t:|1782743816
|teamsize|p1|4
|teamsize|p2|4
|start
|switch|p1a: Vileplume|Vileplume, L50, F|100/100
|switch|p1b: Torkoal|Torkoal, L50, F, shiny|100/100
|switch|p2a: Incineroar|Incineroar, L50, M|100/100
|switch|p2b: Metagross|Metagross, L50|100/100
|-ability|p2a: Incineroar|Intimidate|boost
|-unboost|p1a: Vileplume|atk|1
|-unboost|p1b: Torkoal|atk|1
|-weather|SunnyDay|[from] ability: Drought|[of] p1b: Torkoal
|turn|1
|inactive|Refanner has 30 seconds left.
|
|t:|1782743846
|switch|p1a: Farigiraf|Farigiraf, L50, F, shiny|100/100
|detailschange|p2b: Metagross|Metagross-Mega, L50
|-mega|p2b: Metagross|Metagross|Metagrossite
|move|p2a: Incineroar|Fake Out||[still]
|cant|p1a: Farigiraf|ability: Armor Tail|Fake Out|[of] p2a: Incineroar
|move|p2b: Metagross|Stomping Tantrum|p1b: Torkoal
|-supereffective|p1b: Torkoal|1
|-damage|p1b: Torkoal|48/100
|move|p1b: Torkoal|Weather Ball|p2b: Metagross
|-supereffective|p2b: Metagross|1
|-damage|p2b: Metagross|0 fnt
|faint|p2b: Metagross
|
|-weather|SunnyDay|[upkeep]
|upkeep
|
|t:|1782743856
|switch|p2b: Milotic|Milotic, L50, F|100/100
|turn|2
|inactive|tyho45 has 30 seconds left.
|inactive|tyho45 has 20 seconds left.
|
|t:|1782743892
|move|p2b: Milotic|Coil|p2b: Milotic
|-boost|p2b: Milotic|atk|1
|-boost|p2b: Milotic|def|1
|-boost|p2b: Milotic|accuracy|1
|move|p1a: Farigiraf|Thunderbolt|p2b: Milotic
|-supereffective|p2b: Milotic|1
|-damage|p2b: Milotic|61/100
|move|p2a: Incineroar|Flare Blitz|p1a: Farigiraf
|-damage|p1a: Farigiraf|36/100
|-enditem|p1a: Farigiraf|Sitrus Berry|[eat]
|-heal|p1a: Farigiraf|61/100|[from] item: Sitrus Berry
|-damage|p2a: Incineroar|76/100|[from] Recoil
|move|p1b: Torkoal|Earth Power|p2b: Milotic
|-damage|p2b: Milotic|45/100
|
|-weather|SunnyDay|[upkeep]
|upkeep
|turn|3
|inactive|tyho45 has 30 seconds left.
|
|t:|1782743924
|move|p2b: Milotic|Life Dew|p2b: Milotic|[spread] p2a,p2b
|-heal|p2a: Incineroar|100/100
|-heal|p2b: Milotic|70/100
|move|p2a: Incineroar|Flare Blitz|p1a: Farigiraf
|-damage|p1a: Farigiraf|0 fnt
|faint|p1a: Farigiraf
|-damage|p2a: Incineroar|77/100|[from] Recoil
|move|p1b: Torkoal|Earth Power|p2b: Milotic
|-damage|p2b: Milotic|52/100
|
|-weather|SunnyDay|[upkeep]
|upkeep
|
|t:|1782743931
|switch|p1a: Vileplume|Vileplume, L50, F|100/100
|turn|4
|
|t:|1782743956
|switch|p2b: Grimmsnarl|Grimmsnarl, L50, M|100/100
|move|p1a: Vileplume|Solar Beam||[still]
|-prepare|p1a: Vileplume|Solar Beam
|-anim|p1a: Vileplume|Solar Beam|p2b: Grimmsnarl
|-damage|p2b: Grimmsnarl|59/100
|move|p2a: Incineroar|Parting Shot|p1b: Torkoal
|-unboost|p1b: Torkoal|atk|1
|-unboost|p1b: Torkoal|spa|1
|
|t:|1782743964
|switch|p2a: Milotic|Milotic, L50, F|52/100|[from] Parting Shot
|move|p1b: Torkoal|Earth Power|p2a: Milotic
|-damage|p2a: Milotic|41/100
|
|-weather|SunnyDay|[upkeep]
|upkeep
|turn|5
|inactive|Refanner has 30 seconds left.
|inactive|tyho45 has 30 seconds left.
|inactive|Refanner has 20 seconds left.
|
|t:|1782744005
|move|p2b: Grimmsnarl|Fake Out|p1a: Vileplume
|-damage|p1a: Vileplume|88/100
|cant|p1a: Vileplume|flinch
|move|p2a: Milotic|Life Dew|p2a: Milotic|[spread] p2a,p2b
|-heal|p2a: Milotic|66/100
|-heal|p2b: Grimmsnarl|85/100
|move|p1b: Torkoal|Weather Ball|p2b: Grimmsnarl
|-damage|p2b: Grimmsnarl|39/100
|
|-weather|none
|upkeep
|turn|6
|inactive|tyho45 has 30 seconds left.
|inactive|Refanner has 30 seconds left.
|
|t:|1782744032
|move|p2b: Grimmsnarl|Parting Shot|p1a: Vileplume
|-unboost|p1a: Vileplume|atk|1
|-unboost|p1a: Vileplume|spa|1
|
|t:|1782744035
|switch|p2b: Incineroar|Incineroar, L50, M|77/100|[from] Parting Shot
|-ability|p2b: Incineroar|Intimidate|boost
|-unboost|p1a: Vileplume|atk|1
|-unboost|p1b: Torkoal|atk|1
|move|p1a: Vileplume|Sleep Powder|p2a: Milotic
|-status|p2a: Milotic|slp|[from] move: Sleep Powder
|cant|p2a: Milotic|slp
|move|p1b: Torkoal|Earth Power|p2b: Incineroar
|-supereffective|p2b: Incineroar|1
|-damage|p2b: Incineroar|52/100
|
|upkeep
|turn|7
|
|t:|1782744052
|switch|p1b: Mawile|Mawile, L50, F, shiny|100/100
|-ability|p1b: Mawile|Intimidate|boost
|-unboost|p2a: Milotic|atk|1
|-ability|p2a: Milotic|Competitive|boost
|-boost|p2a: Milotic|spa|2
|-unboost|p2b: Incineroar|atk|1
|move|p1a: Vileplume|Protect|p1a: Vileplume
|-singleturn|p1a: Vileplume|Protect
|move|p2b: Incineroar|Fake Out|p1b: Mawile
|-resisted|p1b: Mawile|1
|-damage|p1b: Mawile|96/100
|cant|p2a: Milotic|slp
|
|upkeep
|turn|8
|inactive|Refanner has 30 seconds left.
|
|t:|1782744082
|switch|p2b: Grimmsnarl|Grimmsnarl, L50, M|39/100
|detailschange|p1b: Mawile|Mawile-Mega, L50, F, shiny
|-mega|p1b: Mawile|Mawile|Mawilite
|move|p1a: Vileplume|Sleep Powder|p2b: Grimmsnarl
|-status|p2b: Grimmsnarl|slp|[from] move: Sleep Powder
|-curestatus|p2a: Milotic|slp|[msg]
|move|p2a: Milotic|Coil|p2a: Milotic
|-boost|p2a: Milotic|atk|1
|-boost|p2a: Milotic|def|1
|-boost|p2a: Milotic|accuracy|1
|move|p1b: Mawile|Play Rough|p2b: Grimmsnarl
|-supereffective|p2b: Grimmsnarl|1
|-enditem|p2b: Grimmsnarl|Roseli Berry|[eat]
|-enditem|p2b: Grimmsnarl|Roseli Berry|[weaken]
|-damage|p2b: Grimmsnarl|0 fnt
|faint|p2b: Grimmsnarl
|
|upkeep
|
|t:|1782744097
|switch|p2b: Incineroar|Incineroar, L50, M|52/100
|-ability|p2b: Incineroar|Intimidate|boost
|-unboost|p1a: Vileplume|atk|1
|-unboost|p1b: Mawile|atk|1
|turn|9
|inactive|Refanner has 30 seconds left.
|inactive|Refanner has 20 seconds left.
|inactive|Refanner has 15 seconds left.
|
|t:|1782744139
|move|p1b: Mawile|Protect|p1b: Mawile
|-singleturn|p1b: Mawile|Protect
|move|p2b: Incineroar|Fake Out|p1b: Mawile
|-activate|p1b: Mawile|move: Protect
|move|p1a: Vileplume|Sleep Powder|p2a: Milotic
|-status|p2a: Milotic|slp|[from] move: Sleep Powder
|cant|p2a: Milotic|slp
|
|upkeep
|turn|10
|
|t:|1782744153
|switch|p1b: Torkoal|Torkoal, L50, F, shiny|48/100
|-weather|SunnyDay|[from] ability: Drought|[of] p1b: Torkoal
|move|p1a: Vileplume|Solar Beam||[still]
|-prepare|p1a: Vileplume|Solar Beam
|-anim|p1a: Vileplume|Solar Beam|p2a: Milotic
|-supereffective|p2a: Milotic|1
|-damage|p2a: Milotic|23/100 slp
|cant|p2a: Milotic|slp
|move|p2b: Incineroar|Flare Blitz|p1b: Torkoal
|-resisted|p1b: Torkoal|1
|-damage|p1b: Torkoal|19/100
|-damage|p2b: Incineroar|44/100|[from] Recoil
|-enditem|p2b: Incineroar|Sitrus Berry|[eat]
|-heal|p2b: Incineroar|69/100|[from] item: Sitrus Berry
|
|-weather|SunnyDay|[upkeep]
|upkeep
|turn|11
|
|t:|1782744170
|move|p1a: Vileplume|Solar Beam||[still]
|-prepare|p1a: Vileplume|Solar Beam
|-anim|p1a: Vileplume|Solar Beam|p2a: Milotic
|-supereffective|p2a: Milotic|1
|-damage|p2a: Milotic|0 fnt
|faint|p2a: Milotic
|move|p2b: Incineroar|Flare Blitz|p1a: Vileplume
|-supereffective|p1a: Vileplume|1
|-damage|p1a: Vileplume|0 fnt
|faint|p1a: Vileplume
|-damage|p2b: Incineroar|42/100|[from] Recoil
|move|p1b: Torkoal|Earth Power|p2b: Incineroar
|-supereffective|p2b: Incineroar|1
|-damage|p2b: Incineroar|6/100
|
|-weather|SunnyDay|[upkeep]
|upkeep
|
|t:|1782744172
|switch|p1a: Mawile|Mawile-Mega, L50, F, shiny|96/100
|turn|12
|-message|Refanner forfeited.
|
|win|tyho45
||Refanner is ready for game 3.
|l|☆tyho45
|player|p1|
||tyho45 is ready for game 3.
|uhtml|next|Next: Game 3 of 3
