|j|☆smalltownkirlia
|j|☆KopeensHobbyShop
|html|smalltownkirliaKopeensHobbyShop    
|uhtml|bestof|Game 2 of a best-of-3
|t:|1785209107
|gametype|doubles
|player|p1|smalltownkirlia|whitney|1149
|player|p2|KopeensHobbyShop|crasherwake|1000
|gen|9
|tier|[Gen 9 Champions] VGC 2026 Reg M-B (Bo3)
|rated|
|rule|Species Clause: Limit one of each Pokémon
|rule|Item Clause: Limit 1 of each item
|clearpoke
|poke|p1|Incineroar, L50, M|
|poke|p1|Charizard, L50, F|
|poke|p1|Garchomp, L50, F|
|poke|p1|Venusaur, L50, M|
|poke|p1|Sylveon, L50, F|
|poke|p1|Toxapex, L50, F|
|poke|p2|Sableye, L50, M|
|poke|p2|Garchomp, L50, F|
|poke|p2|Charizard, L50, M|
|poke|p2|Incineroar, L50, M|
|poke|p2|Toxapex, L50, M|
|poke|p2|Gengar, L50, F|
|teampreview|4
|showteam|p1|Incineroar||SitrusBerry|Intimidate|FlareBlitz,FakeOut,DarkestLariat,PartingShot|Impish||M|||50|]Charizard||CharizarditeY|SolarPower|WeatherBall,HeatWave,AncientPower,Protect|Modest||F|||50|]Garchomp||ChoiceScarf|RoughSkin|RockSlide,DragonClaw,Earthquake,StompingTantrum|Adamant||F|||50|]Venusaur||LifeOrb|Chlorophyll|SludgeBomb,LeafStorm,EarthPower,Protect|Modest||M|||50|]Sylveon||FairyFeather|Pixilate|HyperVoice,QuickAttack,Yawn,Detect|Modest||F|||50|]Toxapex||Leftovers|Regenerator|Infestation,Toxic,WideGuard,BanefulBunker|Bold||F|||50|
|showteam|p2|Sableye||LightClay|Prankster|Reflect,LightScreen,FoulPlay,Encore|Sassy||M|||50|]Garchomp||LifeOrb|RoughSkin|Earthquake,RockSlide,DragonClaw,Protect|Jolly||F|||50|]Charizard||CharizarditeY|Blaze|Protect,HeatWave,SolarBeam,WeatherBall|Timid||M|||50|]Incineroar||SitrusBerry|Intimidate|FakeOut,ThroatChop,PartingShot,Protect|Impish||M|||50|]Toxapex||Leftovers|Regenerator|Infestation,Toxic,BanefulBunker,WideGuard|Bold||M|||50|]Gengar||Gengarite|CursedBody|ShadowBall,PerishSong,Disable,Protect|Timid||F|||50|
|inactive|Battle timer is ON: inactive players will automatically lose when time's up. (requested by KopeensHobbyShop)
|
|t:|1785209163
|teamsize|p1|4
|teamsize|p2|4
|start
|switch|p1a: Charizard|Charizard, L50, F|100/100
|switch|p1b: Venusaur|Venusaur, L50, M|100/100
|switch|p2a: Incineroar|Incineroar, L50, M|100/100
|switch|p2b: Gengar|Gengar, L50, F|100/100
|-ability|p2a: Incineroar|Intimidate|boost
|-unboost|p1a: Charizard|atk|1
|-unboost|p1b: Venusaur|atk|1
|turn|1
|inactive|smalltownkirlia has 30 seconds left.
|inactive|smalltownkirlia has 20 seconds left.
|inactive|smalltownkirlia has 15 seconds left.
|inactive|smalltownkirlia has 10 seconds left.
|
|t:|1785209211
|switch|p1b: Garchomp|Garchomp, L50, F|100/100
|detailschange|p2b: Gengar|Gengar-Mega, L50, F
|-mega|p2b: Gengar|Gengar|Gengarite
|detailschange|p1a: Charizard|Charizard-Mega-Y, L50, F
|-mega|p1a: Charizard|Charizard|Charizardite Y
|-weather|SunnyDay|[from] ability: Drought|[of] p1a: Charizard
|move|p2a: Incineroar|Fake Out|p1a: Charizard
|-damage|p1a: Charizard|90/100
|move|p2b: Gengar|Perish Song|p2b: Gengar
|-start|p1a: Charizard|perish3|[silent]
|-start|p1b: Garchomp|perish3|[silent]
|-start|p2a: Incineroar|perish3|[silent]
|-start|p2b: Gengar|perish3|[silent]
|-fieldactivate|move: Perish Song
|cant|p1a: Charizard|flinch
|
|-weather|SunnyDay|[upkeep]
|-start|p1b: Garchomp|perish3
|-start|p2b: Gengar|perish3
|-start|p1a: Charizard|perish3
|-start|p2a: Incineroar|perish3
|upkeep
|turn|2
|
|t:|1785209225
|move|p2b: Gengar|Protect|p2b: Gengar
|-singleturn|p2b: Gengar|Protect
|move|p2a: Incineroar|Protect|p2a: Incineroar
|-singleturn|p2a: Incineroar|Protect
|move|p1b: Garchomp|Earthquake|p2a: Incineroar|[spread] 
|-activate|p2a: Incineroar|move: Protect
|-activate|p2b: Gengar|move: Protect
|-immune|p1a: Charizard
|move|p1a: Charizard|Heat Wave|p2b: Gengar|[spread] 
|-activate|p2a: Incineroar|move: Protect
|-activate|p2b: Gengar|move: Protect
|
|-weather|SunnyDay|[upkeep]
|-start|p1b: Garchomp|perish2
|-start|p2b: Gengar|perish2
|-start|p1a: Charizard|perish2
|-start|p2a: Incineroar|perish2
|upkeep
|turn|3
|
|t:|1785209252
|switch|p2b: Garchomp|Garchomp, L50, F|100/100
|move|p1b: Garchomp|Earthquake|p2b: Garchomp|[spread] p2a,p2b
|-immune|p1a: Charizard
|-supereffective|p2a: Incineroar|1
|-damage|p2a: Incineroar|40/100
|-damage|p2b: Garchomp|61/100
|-enditem|p2a: Incineroar|Sitrus Berry|[eat]
|-heal|p2a: Incineroar|65/100|[from] item: Sitrus Berry
|move|p1a: Charizard|Weather Ball|p2b: Garchomp
|-resisted|p2b: Garchomp|1
|-damage|p2b: Garchomp|17/100
|move|p2a: Incineroar|Parting Shot|p1b: Garchomp
|-unboost|p1b: Garchomp|atk|1
|-unboost|p1b: Garchomp|spa|1
|
|t:|1785209266
|switch|p2a: Gengar|Gengar-Mega, L50, F|100/100|[from] Parting Shot
|
|-weather|SunnyDay|[upkeep]
|-start|p1b: Garchomp|perish1
|-start|p1a: Charizard|perish1
|upkeep
|turn|4
|
|t:|1785209277
|move|p2a: Gengar|Protect|p2a: Gengar
|-singleturn|p2a: Gengar|Protect
|move|p2b: Garchomp|Protect|p2b: Garchomp
|-singleturn|p2b: Garchomp|Protect
|move|p1b: Garchomp|Earthquake|p2a: Gengar|[spread] 
|-activate|p2a: Gengar|move: Protect
|-activate|p2b: Garchomp|move: Protect
|-immune|p1a: Charizard
|move|p1a: Charizard|Heat Wave|p2a: Gengar|[spread] 
|-activate|p2a: Gengar|move: Protect
|-activate|p2b: Garchomp|move: Protect
|
|-weather|SunnyDay|[upkeep]
|-start|p1b: Garchomp|perish0
|-start|p1a: Charizard|perish0
|faint|p1b: Garchomp
|faint|p1a: Charizard
|upkeep
|
|t:|1785209279
|switch|p1b: Venusaur|Venusaur, L50, M|100/100
|switch|p1a: Sylveon|Sylveon, L50, F|100/100
|turn|5
|inactive|KopeensHobbyShop has 30 seconds left.
|
|t:|1785209313
|switch|p2b: Incineroar|Incineroar, L50, M|65/100
|-ability|p2b: Incineroar|Intimidate|boost
|-unboost|p1a: Sylveon|atk|1
|-unboost|p1b: Venusaur|atk|1
|move|p1a: Sylveon|Quick Attack|p2a: Gengar
|-resisted|p2a: Gengar|1
|-damage|p2a: Gengar|95/100
|move|p1b: Venusaur|Earth Power|p2a: Gengar
|-supereffective|p2a: Gengar|1
|-damage|p2a: Gengar|14/100
|-damage|p1b: Venusaur|90/100|[from] item: Life Orb
|move|p2a: Gengar|Perish Song|p2a: Gengar
|-start|p1a: Sylveon|perish3|[silent]
|-start|p1b: Venusaur|perish3|[silent]
|-start|p2a: Gengar|perish3|[silent]
|-start|p2b: Incineroar|perish3|[silent]
|-fieldactivate|move: Perish Song
|
|-weather|none
|-start|p1b: Venusaur|perish3
|-start|p2a: Gengar|perish3
|-start|p1a: Sylveon|perish3
|-start|p2b: Incineroar|perish3
|upkeep
|turn|6
|
|t:|1785209330
|move|p2a: Gengar|Protect|p2a: Gengar
|-singleturn|p2a: Gengar|Protect
|move|p1b: Venusaur|Protect|p1b: Venusaur
|-singleturn|p1b: Venusaur|Protect
|move|p2b: Incineroar|Protect|p2b: Incineroar
|-singleturn|p2b: Incineroar|Protect
|move|p1a: Sylveon|Detect||[still]
|-fail|p1a: Sylveon
|
|-start|p2a: Gengar|perish2
|-start|p1b: Venusaur|perish2
|-start|p2b: Incineroar|perish2
|-start|p1a: Sylveon|perish2
|upkeep
|turn|7
|
|t:|1785209346
|move|p2a: Gengar|Shadow Ball|p1b: Venusaur
|-damage|p1b: Venusaur|42/100
|-unboost|p1b: Venusaur|spd|1
|move|p1b: Venusaur|Earth Power|p2b: Incineroar
|-supereffective|p2b: Incineroar|1
|-damage|p2b: Incineroar|0 fnt
|faint|p2b: Incineroar
|-damage|p1b: Venusaur|33/100|[from] item: Life Orb
|move|p1a: Sylveon|Hyper Voice|p2a: Gengar
|-resisted|p2a: Gengar|1
|-damage|p2a: Gengar|0 fnt
|faint|p2a: Gengar
|
|-start|p1b: Venusaur|perish1
|-start|p1a: Sylveon|perish1
|upkeep
|
|t:|1785209355
|switch|p2a: Toxapex|Toxapex, L50, M|100/100
|switch|p2b: Garchomp|Garchomp, L50, F|17/100
|turn|8
|
|t:|1785209359
|move|p2b: Garchomp|Protect|p2b: Garchomp
|-singleturn|p2b: Garchomp|Protect
|move|p2a: Toxapex|Baneful Bunker|p2a: Toxapex
|-singleturn|p2a: Toxapex|move: Protect
|move|p1b: Venusaur|Earth Power|p2a: Toxapex
|-activate|p2a: Toxapex|move: Protect
|move|p1a: Sylveon|Hyper Voice|p2b: Garchomp|[spread] 
|-activate|p2a: Toxapex|move: Protect
|-activate|p2b: Garchomp|move: Protect
|
|-start|p1b: Venusaur|perish0
|-start|p1a: Sylveon|perish0
|faint|p1b: Venusaur
|faint|p1a: Sylveon
|
|win|KopeensHobbyShop
