|j|â˜†manofcream
|j|â˜†MightyMudsdale
|html|manofcreamMightyMudsdale    
|uhtml|bestof|Game 3 of a best-of-3
|t:|1756159829
|gametype|doubles
|player|p1|manofcream|swimmer|1000
|player|p2|MightyMudsdale|nessa-masters|1098
|gen|9
|tier|[Gen 9] VGC 2025 Reg H (Bo3)
|rated|
|rule|Species Clause: Limit one of each PokÃ©mon
|rule|Item Clause: Limit 1 of each item
|clearpoke
|poke|p1|Incineroar, L50, F|
|poke|p1|Archaludon, L50, M|
|poke|p1|Pelipper, L50, M|
|poke|p1|Dragonite, L50, M|
|poke|p1|Sinistcha, L50|
|poke|p1|Ursaluna, L50, M|
|poke|p2|Sinistcha, L50|
|poke|p2|Kingambit, L50, F|
|poke|p2|Primarina, L50, F|
|poke|p2|Garchomp, L50, M|
|poke|p2|Corviknight, L50, F|
|poke|p2|Magmar, L50, F|
|teampreview|4
|showteam|p1|Incineroar||SafetyGoggles|Intimidate|FlareBlitz,KnockOff,FakeOut,Uturn|||F|||50|,,,,,Flying]Archaludon||AssaultVest|Stamina|FlashCannon,BodyPress,ElectroShot,Snarl|||M|||50|,,,,,Fighting]Pelipper||FocusSash|Drizzle|Protect,MuddyWater,Hurricane,IcyWind|||M|||50|,,,,,Stellar]Dragonite||LoadedDice|Multiscale|Protect,ScaleShot,Tailwind,Haze|||M|||50|,,,,,Fairy]Sinistcha||SitrusBerry|Hospitality|MatchaGotcha,RagePowder,LifeDew,TrickRoom||||||50|,,,,,Dark]Ursaluna||FlameOrb|Guts|Protect,HeadlongRush,Earthquake,Facade|||M|||50|,,,,,Ghost
|showteam|p2|Sinistcha||Leftovers|Hospitality|MatchaGotcha,LifeDew,TrickRoom,RagePowder||||||50|,,,,,Water]Kingambit||SafetyGoggles|Defiant|KowtowCleave,SwordsDance,SuckerPunch,Protect|||F|||50|,,,,,Dark]Primarina||ThroatSpray|LiquidVoice|HyperVoice,Moonblast,Haze,Protect|||F|||50|,,,,,Poison]Garchomp||LifeOrb|RoughSkin|Protect,Earthquake,StompingTantrum,RockSlide|||M|||50|,,,,,Steel]Corviknight||CovertCloak|MirrorArmor|Protect,Tailwind,Roost,BraveBird|||F|||50|,,,,,Dragon]Magmar||Eviolite|VitalSpirit|FollowMe,WillOWisp,Protect,Overheat|||F|||50|,,,,,Ghost
|
|t:|1756159855
|teamsize|p1|4
|teamsize|p2|4
|start
|switch|p1a: Pelipper|Pelipper, L50, M|100/100
|switch|p1b: Ursaluna|Ursaluna, L50, M|100/100
|switch|p2a: Krysrain|Primarina, L50, F|100/100
|switch|p2b: Corviknight|Corviknight, L50, F|100/100
|-weather|RainDance|[from] ability: Drizzle|[of] p1a: Pelipper
|turn|1
|
|t:|1756159886
|move|p1b: Ursaluna|Protect|p1b: Ursaluna
|-singleturn|p1b: Ursaluna|Protect
|move|p1a: Pelipper|Hurricane|p2a: Krysrain
|-damage|p2a: Krysrain|56/100
|move|p2a: Krysrain|Hyper Voice|p1b: Ursaluna|[spread] p1a
|-activate|p1b: Ursaluna|move: Protect
|-resisted|p1a: Pelipper
|-damage|p1a: Pelipper|57/100
|-enditem|p2a: Krysrain|Throat Spray
|-boost|p2a: Krysrain|spa|1|[from] item: Throat Spray
|move|p2b: Corviknight|Tailwind|p2b: Corviknight
|-sidestart|p2: MightyMudsdale|move: Tailwind
|
|-weather|RainDance|[upkeep]
|-status|p1b: Ursaluna|brn|[from] item: Flame Orb
|upkeep
|turn|2
|
|t:|1756159916
|switch|p1b: Archaludon|Archaludon, L50, M|100/100
|move|p2a: Krysrain|Hyper Voice|p1b: Archaludon|[spread] p1a,p1b
|-resisted|p1a: Pelipper
|-resisted|p1b: Archaludon
|-damage|p1a: Pelipper|0 fnt
|-damage|p1b: Archaludon|75/100
|-ability|p1b: Archaludon|Stamina|boost
|-boost|p1b: Archaludon|def|1
|faint|p1a: Pelipper
|move|p2b: Corviknight|Brave Bird|p1b: Archaludon
|-resisted|p1b: Archaludon
|-damage|p1b: Archaludon|66/100
|-ability|p1b: Archaludon|Stamina|boost
|-boost|p1b: Archaludon|def|1
|-damage|p2b: Corviknight|98/100|[from] Recoil
|
|-weather|RainDance|[upkeep]
|upkeep
|
|t:|1756159921
|switch|p1a: Sinistcha|Sinistcha, L50|100/100
|-heal|p1b: Archaludon|91/100|[from] ability: Hospitality|[of] p1a: Sinistcha
|turn|3
|
|t:|1756159948
|-terastallize|p2a: Krysrain|Poison
|-terastallize|p1a: Sinistcha|Dark
|move|p2a: Krysrain|Moonblast|p1b: Archaludon
|-damage|p1b: Archaludon|43/100
|-unboost|p1b: Archaludon|spa|1
|-ability|p1b: Archaludon|Stamina|boost
|-boost|p1b: Archaludon|def|1
|move|p2b: Corviknight|Brave Bird|p1a: Sinistcha
|-crit|p1a: Sinistcha
|-damage|p1a: Sinistcha|36/100
|-enditem|p1a: Sinistcha|Sitrus Berry|[eat]
|-heal|p1a: Sinistcha|61/100|[from] item: Sitrus Berry
|-damage|p2b: Corviknight|79/100|[from] Recoil
|move|p1b: Archaludon|Electro Shot||[still]
|-prepare|p1b: Archaludon|Electro Shot
|-boost|p1b: Archaludon|spa|1
|-anim|p1b: Archaludon|Electro Shot|p2a: Krysrain
|-damage|p2a: Krysrain|24/100
|move|p1a: Sinistcha|Trick Room|p1a: Sinistcha
|-fieldstart|move: Trick Room|[of] p1a: Sinistcha
|
|-weather|RainDance|[upkeep]
|upkeep
|turn|4
|
|t:|1756159971
|move|p2b: Corviknight|Protect|p2b: Corviknight
|-singleturn|p2b: Corviknight|Protect
|move|p2a: Krysrain|Protect|p2a: Krysrain
|-singleturn|p2a: Krysrain|Protect
|move|p1a: Sinistcha|Matcha Gotcha|p2b: Corviknight|[spread] 
|-activate|p2a: Krysrain|move: Protect
|-activate|p2b: Corviknight|move: Protect
|move|p1b: Archaludon|Electro Shot||[still]
|-prepare|p1b: Archaludon|Electro Shot
|-boost|p1b: Archaludon|spa|1
|-anim|p1b: Archaludon|Electro Shot|p2b: Corviknight
|-activate|p2b: Corviknight|move: Protect
|
|-weather|RainDance|[upkeep]
|-sideend|p2: MightyMudsdale|move: Tailwind
|upkeep
|turn|5
|
|t:|1756160004
|switch|p2b: Sinistcha|Sinistcha, L50|100/100
|-heal|p2a: Krysrain|48/100|[from] ability: Hospitality|[of] p2b: Sinistcha
|move|p1a: Sinistcha|Life Dew|p1a: Sinistcha|[spread] p1a,p1b
|-heal|p1a: Sinistcha|86/100
|-heal|p1b: Archaludon|68/100
|move|p2a: Krysrain|Moonblast|p1b: Archaludon
|-crit|p1b: Archaludon
|-damage|p1b: Archaludon|0 fnt
|faint|p1b: Archaludon
|
|-weather|none
|upkeep
|
|t:|1756160014
|switch|p1b: Ursaluna|Ursaluna, L50, M|100/100 brn
|turn|6
|c|â˜†manofcream|damn'
|
|t:|1756160024
|move|p2a: Krysrain|Protect|p2a: Krysrain
|-singleturn|p2a: Krysrain|Protect
|move|p2b: Sinistcha|Life Dew||[still]|[spread] p2a,p2b
|-heal|p2a: Krysrain|73/100
|-fail|p2b: Sinistcha|heal
|move|p1a: Sinistcha|Life Dew||[still]|[spread] p1a,p1b
|-heal|p1a: Sinistcha|100/100
|-fail|p1b: Ursaluna|heal
|move|p1b: Ursaluna|Earthquake|p2b: Sinistcha|[spread] p1a,p2b
|-activate|p2a: Krysrain|move: Protect
|-resisted|p2b: Sinistcha
|-crit|p2b: Sinistcha
|-damage|p1a: Sinistcha|33/100
|-damage|p2b: Sinistcha|53/100
|
|-heal|p2b: Sinistcha|60/100|[from] item: Leftovers
|-damage|p1b: Ursaluna|95/100 brn|[from] brn
|upkeep
|turn|7
|c|â˜†manofcream|yeah I think that crit just straight up costs me the game sadly
|c|â˜†manofcream|ggs
|
|t:|1756160061
|move|p1b: Ursaluna|Protect|p1b: Ursaluna
|-singleturn|p1b: Ursaluna|Protect
|move|p2a: Krysrain|Protect||[still]
|-fail|p2a: Krysrain
|move|p1a: Sinistcha|Life Dew|p1a: Sinistcha|[spread] p1a,p1b
|-heal|p1a: Sinistcha|58/100
|-heal|p1b: Ursaluna|100/100 brn
|move|p2b: Sinistcha|Matcha Gotcha|p1b: Ursaluna|[spread] p1a
|-activate|p1b: Ursaluna|move: Protect
|-damage|p1a: Sinistcha|38/100
|-heal|p2b: Sinistcha|70/100|[from] drain|[of] p1a: Sinistcha
|
|-heal|p2b: Sinistcha|76/100|[from] item: Leftovers
|-damage|p1b: Ursaluna|95/100 brn|[from] brn
|-fieldend|move: Trick Room
|upkeep
|turn|8
|
|t:|1756160078
|move|p2a: Krysrain|Hyper Voice|p1b: Ursaluna|[spread] p1a,p1b
|-supereffective|p1b: Ursaluna
|-damage|p1a: Sinistcha|0 fnt
|-damage|p1b: Ursaluna|0 fnt
|faint|p1a: Sinistcha
|faint|p1b: Ursaluna
|
|win|MightyMudsdale
|raw|manofcream's rating: 1000 → 1000(+0 for losing)
|raw|MightyMudsdale's rating: 1098 → 1116(+18 for winning)
|l|â˜†manofcream
|player|p1|
|l|â˜†MightyMudsdale
|player|p2|
|j|â˜†MightyMudsdale
|player|p2|MightyMudsdale|nessa-masters|
