|j|☆DaxerVGC
|j|☆andiom123
|html|DaxerVGCandiom123    
|uhtml|bestof|Game 1 of a best-of-3
|t:|1783656133
|gametype|doubles
|player|p1|DaxerVGC|gentleman-gen4|1112
|player|p2|andiom123|red|1154
|gen|9
|tier|[Gen 9 Champions] VGC 2026 Reg M-B (Bo3)
|rated|
|rule|Species Clause: Limit one of each Pokémon
|rule|Item Clause: Limit 1 of each item
|clearpoke
|poke|p1|Aerodactyl, L50, M|
|poke|p1|Charizard, L50, F|
|poke|p1|Sylveon, L50, M|
|poke|p1|Garchomp, L50, F|
|poke|p1|Farigiraf, L50, F|
|poke|p1|Kingambit, L50, M|
|poke|p2|Incineroar, L50, F|
|poke|p2|Farigiraf, L50, F|
|poke|p2|Sylveon, L50, M|
|poke|p2|Torkoal, L50, F|
|poke|p2|Kangaskhan, L50, F|
|poke|p2|Mawile, L50, M|
|teampreview|4
|showteam|p1|Aerodactyl||Aerodactylite|RockHead|RockSlide,Tailwind,IceFang,DualWingbeat|Jolly||M|||50|]Charizard||CharizarditeY|Blaze|HeatWave,WeatherBall,SolarBeam,Protect|Timid||F|||50|]Sylveon||FairyFeather|Pixilate|HyperVoice,HyperBeam,QuickAttack,Protect|Sassy||M|||50|]Garchomp||LifeOrb|RoughSkin|DragonClaw,Earthquake,StompingTantrum,Protect|Jolly||F|||50|]Farigiraf||SitrusBerry|ArmorTail|TrickRoom,TwinBeam,Thunderbolt,Protect|Sassy||F|||50|]Kingambit||FocusSash|Defiant|KowtowCleave,SuckerPunch,IronHead,LowKick|Adamant||M|||50|
|showteam|p2|Incineroar||MuscleBand|Intimidate|ThroatChop,FlareBlitz,FakeOut,PartingShot|Brave||F|||50|]Farigiraf||SitrusBerry|ArmorTail|FoulPlay,PsychicNoise,TrickRoom,HelpingHand|Relaxed||F|||50|]Sylveon||FairyFeather|Pixilate|HyperVoice,HyperBeam,Yawn,Detect|Modest||M|||50|]Torkoal||Charcoal|Drought|Eruption,SolarBeam,Flamethrower,Protect|Quiet||F|||50|]Kangaskhan||Kangaskhanite|Scrappy|DoubleEdge,FakeOut,IcePunch,HammerArm|Brave||F|||50|]Mawile||Mawilite|HyperCutter|RockSlide,PlayRough,SuckerPunch,Protect|Brave||M|||50|
|
|t:|1783656189
|teamsize|p1|4
|teamsize|p2|4
|start
|switch|p1a: Aerodactyl|Aerodactyl, L50, M|100/100
|switch|p1b: Kingambit|Kingambit, L50, M|100/100
|switch|p2a: Farigiraf|Farigiraf, L50, F|100/100
|switch|p2b: Kangaskhan|Kangaskhan, L50, F|100/100
|turn|1
|inactive|Battle timer is ON: inactive players will automatically lose when time's up. (requested by DaxerVGC)
|
|t:|1783656212
|detailschange|p1a: Aerodactyl|Aerodactyl-Mega, L50, M
|-mega|p1a: Aerodactyl|Aerodactyl|Aerodactylite
|detailschange|p2b: Kangaskhan|Kangaskhan-Mega, L50, F
|-mega|p2b: Kangaskhan|Kangaskhan|Kangaskhanite
|move|p1a: Aerodactyl|Rock Slide|p2a: Farigiraf|[spread] p2a
|-miss|p1a: Aerodactyl|p2b: Kangaskhan
|-damage|p2a: Farigiraf|76/100
|move|p2b: Kangaskhan|Hammer Arm|p1b: Kingambit|[miss]
|-miss|p2b: Kangaskhan|p1b: Kingambit
|move|p1b: Kingambit|Kowtow Cleave|p2a: Farigiraf
|-supereffective|p2a: Farigiraf|1
|-damage|p2a: Farigiraf|1/100
|-enditem|p2a: Farigiraf|Sitrus Berry|[eat]
|-heal|p2a: Farigiraf|25/100|[from] item: Sitrus Berry
|move|p2a: Farigiraf|Trick Room|p2a: Farigiraf
|-fieldstart|move: Trick Room|[of] p2a: Farigiraf
|
|upkeep
|turn|2
|inactive|DaxerVGC has 30 seconds left.
|inactive|andiom123 has 30 seconds left.
|
|t:|1783656242
|move|p1b: Kingambit|Low Kick|p2b: Kangaskhan
|-supereffective|p2b: Kangaskhan|1
|-damage|p2b: Kangaskhan|36/100
|move|p2a: Farigiraf|Foul Play|p1a: Aerodactyl
|-damage|p1a: Aerodactyl|58/100
|move|p2b: Kangaskhan|Hammer Arm|p1b: Kingambit
|-supereffective|p1b: Kingambit|2
|-enditem|p1b: Kingambit|Focus Sash
|-damage|p1b: Kingambit|1/100
|-unboost|p2b: Kangaskhan|spe|1
|-supereffective|p1b: Kingambit|2
|-damage|p1b: Kingambit|0 fnt
|-unboost|p2b: Kangaskhan|spe|1
|faint|p1b: Kingambit
|-hitcount|p1: Kingambit|2
|move|p1a: Aerodactyl|Rock Slide|p2a: Farigiraf|[spread] p2a
|-miss|p1a: Aerodactyl|p2b: Kangaskhan
|-damage|p2a: Farigiraf|1/100
|
|upkeep
|
|t:|1783656252
|switch|p1b: Farigiraf|Farigiraf, L50, F|100/100
|turn|3
|inactive|andiom123 has 30 seconds left.
|inactive|andiom123 has 20 seconds left.
|inactive|andiom123 has 15 seconds left.
|
|t:|1783656296
|move|p2b: Kangaskhan|Double-Edge|p1a: Aerodactyl
|-resisted|p1a: Aerodactyl|1
|-damage|p1a: Aerodactyl|14/100
|-resisted|p1a: Aerodactyl|1
|-damage|p1a: Aerodactyl|4/100
|-hitcount|p1a: Aerodactyl|2
|-damage|p2b: Kangaskhan|23/100|[from] Recoil
|move|p2a: Farigiraf|Foul Play|p1a: Aerodactyl
|-crit|p1a: Aerodactyl
|-damage|p1a: Aerodactyl|0 fnt
|faint|p1a: Aerodactyl
|move|p1b: Farigiraf|Trick Room|p1b: Farigiraf
|-fieldend|move: Trick Room
|
|upkeep
|
|t:|1783656307
|switch|p1a: Garchomp|Garchomp, L50, F|100/100
|turn|4
|
|t:|1783656322
|move|p1b: Farigiraf|Protect|p1b: Farigiraf
|-singleturn|p1b: Farigiraf|Protect
|move|p1a: Garchomp|Earthquake|p2a: Farigiraf|[spread] p2a,p2b
|-activate|p1b: Farigiraf|move: Protect
|-damage|p2a: Farigiraf|0 fnt
|-damage|p2b: Kangaskhan|0 fnt
|faint|p2a: Farigiraf
|faint|p2b: Kangaskhan
|-damage|p1a: Garchomp|90/100|[from] item: Life Orb
|
|upkeep
|
|t:|1783656332
|switch|p2b: Torkoal|Torkoal, L50, F|100/100
|switch|p2a: Sylveon|Sylveon, L50, M|100/100
|-weather|SunnyDay|[from] ability: Drought|[of] p2b: Torkoal
|turn|5
|
|t:|1783656351
|move|p1a: Garchomp|Protect|p1a: Garchomp
|-singleturn|p1a: Garchomp|Protect
|move|p2b: Torkoal|Protect|p2b: Torkoal
|-singleturn|p2b: Torkoal|Protect
|move|p2a: Sylveon|Hyper Voice|p1b: Farigiraf|[spread] p1b
|-activate|p1a: Garchomp|move: Protect
|-damage|p1b: Farigiraf|66/100
|move|p1b: Farigiraf|Twin Beam|p2a: Sylveon
|-damage|p2a: Sylveon|88/100
|-damage|p2a: Sylveon|75/100
|-hitcount|p2a: Sylveon|2
|
|-weather|SunnyDay|[upkeep]
|upkeep
|turn|6
|inactive|DaxerVGC has 30 seconds left.
|
|t:|1783656380
|move|p1a: Garchomp|Stomping Tantrum|p2a: Sylveon
|-damage|p2a: Sylveon|28/100
|-damage|p1a: Garchomp|80/100|[from] item: Life Orb
|move|p2a: Sylveon|Hyper Voice|p1a: Garchomp|[spread] p1a,p1b
|-supereffective|p1a: Garchomp|1
|-damage|p1a: Garchomp|0 fnt
|-damage|p1b: Farigiraf|34/100
|-enditem|p1b: Farigiraf|Sitrus Berry|[eat]
|-heal|p1b: Farigiraf|59/100|[from] item: Sitrus Berry
|faint|p1a: Garchomp
|move|p1b: Farigiraf|Thunderbolt|p2a: Sylveon
|-damage|p2a: Sylveon|10/100
|move|p2b: Torkoal|Flamethrower|p1b: Farigiraf
|-damage|p1b: Farigiraf|8/100
|
|-weather|SunnyDay|[upkeep]
|upkeep
|turn|7
|-message|DaxerVGC forfeited.
|
|win|andiom123
|l|☆DaxerVGC
|player|p1|
|raw|DaxerVGC's rating: 1112 → 1090(-22 for losing)
|raw|andiom123's rating: 1154 → 1176(+22 for winning)
