|j|☆onlyembers
|j|☆Hossss
|html|onlyembersHossss    
|uhtml|bestof|Game 3 of a best-of-3
|t:|1756316198
|gametype|doubles
|player|p1|onlyembers|acetrainerf|1170
|player|p2|Hossss|n|1117
|gen|9
|tier|[Gen 9] VGC 2025 Reg H (Bo3)
|rated|
|rule|Species Clause: Limit one of each Pokémon
|rule|Item Clause: Limit 1 of each item
|clearpoke
|poke|p1|Archaludon, L50, M|
|poke|p1|Pelipper, L50, F|
|poke|p1|Gholdengo, L50|
|poke|p1|Amoonguss, L50, M|
|poke|p1|Basculegion, L50, M|
|poke|p1|Incineroar, L50, M|
|poke|p2|Whimsicott, L50, F|
|poke|p2|Volcarona, L50, F|
|poke|p2|Rillaboom, L50, F|
|poke|p2|Sneasler, L50, F|
|poke|p2|Electabuzz, L50, F|
|poke|p2|Kingambit, L50, F|
|teampreview|4
|showteam|p1|Archaludon||AssaultVest|Stamina|ElectroShot,DracoMeteor,FlashCannon,BodyPress|||M|||50|,,,,,Bug]Pelipper||FocusSash|Drizzle|WeatherBall,Hurricane,Tailwind,Protect|||F|||50|,,,,,Ghost]Gholdengo||LifeOrb|GoodasGold|MakeItRain,ShadowBall,NastyPlot,Protect||||||50|,,,,,Steel]Amoonguss||SitrusBerry|Regenerator|SludgeBomb,Spore,RagePowder,Protect|||M|||50|,,,,,Fairy]Basculegion||ChoiceBand|SwiftSwim|WaveCrash,LastRespects,AquaJet,FlipTurn|||M|||50|,,,,,Grass]Incineroar||SafetyGoggles|Intimidate|FlareBlitz,KnockOff,PartingShot,FakeOut|||M|||50|,,,,,Ghost
|showteam|p2|Whimsicott||FocusSash|Prankster|Tailwind,SunnyDay,Encore,Moonblast|||F|||50|,,,,,Ghost]Volcarona||CovertCloak|FlameBody|Protect,QuiverDance,HeatWave,TeraBlast|||F|||50|,,,,,Dragon]Rillaboom||MiracleSeed|GrassySurge|GrassyGlide,WoodHammer,Uturn,FakeOut|||F|||50|,,,,,Fire]Sneasler||GrassySeed|Unburden|DireClaw,CloseCombat,ThroatChop,Protect|||F|||50|,,,,,Dark]Electabuzz||Eviolite|VitalSpirit|Protect,FollowMe,Taunt,Electroweb|||F|||50|,,,,,Ghost]Kingambit||BlackGlasses|Defiant|Protect,SwordsDance,SuckerPunch,KowtowCleave|||F|||50|,,,,,Fairy
|inactive|Battle timer is ON: inactive players will automatically lose when time's up. (requested by onlyembers)
|
|t:|1756316234
|teamsize|p1|4
|teamsize|p2|4
|start
|switch|p1a: Pelipper|Pelipper, L50, F|100/100
|switch|p1b: Basculegion|Basculegion, L50, M|100/100
|switch|p2a: Electabuzz|Electabuzz, L50, F, shiny|100/100
|switch|p2b: Volcarona|Volcarona, L50, F, shiny|100/100
|-weather|RainDance|[from] ability: Drizzle|[of] p1a: Pelipper
|turn|1
|inactive|Hossss has 30 seconds left.
|
|t:|1756316260
|-terastallize|p2b: Volcarona|Dragon
|move|p1b: Basculegion|Flip Turn|p2b: Volcarona
|-resisted|p2b: Volcarona
|-damage|p2b: Volcarona|55/100
|
|t:|1756316268
|switch|p1b: Archaludon|Archaludon, L50, M, shiny|100/100|[from] Flip Turn
|move|p2a: Electabuzz|Electroweb|p1b: Archaludon|[spread] p1a,p1b
|-supereffective|p1a: Pelipper
|-resisted|p1b: Archaludon
|-enditem|p1a: Pelipper|Focus Sash
|-damage|p1a: Pelipper|1/100
|-damage|p1b: Archaludon|95/100
|-unboost|p1a: Pelipper|spe|1
|-unboost|p1b: Archaludon|spe|1
|-ability|p1b: Archaludon|Stamina|boost
|-boost|p1b: Archaludon|def|1
|move|p2b: Volcarona|Quiver Dance|p2b: Volcarona
|-boost|p2b: Volcarona|spa|1
|-boost|p2b: Volcarona|spd|1
|-boost|p2b: Volcarona|spe|1
|move|p1a: Pelipper|Weather Ball|p2b: Volcarona
|-resisted|p2b: Volcarona
|-damage|p2b: Volcarona|35/100
|
|-weather|RainDance|[upkeep]
|upkeep
|turn|2
|inactive|onlyembers has 30 seconds left.
|inactive|Hossss has 30 seconds left.
|inactive|onlyembers has 20 seconds left.
|inactive|Hossss has 20 seconds left.
|
|t:|1756316307
|switch|p1a: Amoonguss|Amoonguss, L50, M, shiny|100/100
|move|p2a: Electabuzz|Follow Me|p2a: Electabuzz
|-singleturn|p2a: Electabuzz|move: Follow Me
|move|p2b: Volcarona|Quiver Dance|p2b: Volcarona
|-boost|p2b: Volcarona|spa|1
|-boost|p2b: Volcarona|spd|1
|-boost|p2b: Volcarona|spe|1
|move|p1b: Archaludon|Electro Shot||[still]
|-prepare|p1b: Archaludon|Electro Shot
|-boost|p1b: Archaludon|spa|1
|-anim|p1b: Archaludon|Electro Shot|p2a: Electabuzz
|-resisted|p2a: Electabuzz
|-damage|p2a: Electabuzz|75/100
|
|-weather|RainDance|[upkeep]
|upkeep
|turn|3
|inactive|onlyembers has 30 seconds left.
|
|t:|1756316332
|move|p2b: Volcarona|Protect|p2b: Volcarona
|-singleturn|p2b: Volcarona|Protect
|move|p2a: Electabuzz|Taunt|p1a: Amoonguss
|-start|p1a: Amoonguss|move: Taunt
|move|p1b: Archaludon|Draco Meteor|p2b: Volcarona
|-activate|p2b: Volcarona|move: Protect
|move|p1a: Amoonguss|Sludge Bomb|p2b: Volcarona
|-activate|p2b: Volcarona|move: Protect
|
|-weather|RainDance|[upkeep]
|upkeep
|turn|4
|inactive|onlyembers has 30 seconds left.
|
|t:|1756316359
|move|p2a: Electabuzz|Follow Me|p2a: Electabuzz
|-singleturn|p2a: Electabuzz|move: Follow Me
|move|p2b: Volcarona|Quiver Dance|p2b: Volcarona
|-boost|p2b: Volcarona|spa|1
|-boost|p2b: Volcarona|spd|1
|-boost|p2b: Volcarona|spe|1
|move|p1b: Archaludon|Electro Shot||[still]
|-prepare|p1b: Archaludon|Electro Shot
|-boost|p1b: Archaludon|spa|1
|-anim|p1b: Archaludon|Electro Shot|p2a: Electabuzz
|-resisted|p2a: Electabuzz
|-damage|p2a: Electabuzz|39/100
|move|p1a: Amoonguss|Sludge Bomb|p2a: Electabuzz
|-damage|p2a: Electabuzz|14/100
|
|-weather|RainDance|[upkeep]
|upkeep
|turn|5
|inactive|Hossss has 30 seconds left.
|inactive|onlyembers has 30 seconds left.
|inactive|Hossss has 20 seconds left.
|
|t:|1756316395
|move|p2b: Volcarona|Protect|p2b: Volcarona
|-singleturn|p2b: Volcarona|Protect
|move|p2a: Electabuzz|Protect|p2a: Electabuzz
|-singleturn|p2a: Electabuzz|Protect
|move|p1b: Archaludon|Body Press|p2b: Volcarona
|-activate|p2b: Volcarona|move: Protect
|move|p1a: Amoonguss|Sludge Bomb|p2b: Volcarona
|-activate|p2b: Volcarona|move: Protect
|
|-weather|none
|-end|p1a: Amoonguss|move: Taunt
|upkeep
|turn|6
|
|t:|1756316409
|move|p2a: Electabuzz|Follow Me|p2a: Electabuzz
|-singleturn|p2a: Electabuzz|move: Follow Me
|move|p2b: Volcarona|Heat Wave|p1a: Amoonguss|[spread] p1a,p1b
|-supereffective|p1a: Amoonguss
|-damage|p1a: Amoonguss|0 fnt
|-damage|p1b: Archaludon|27/100
|-ability|p1b: Archaludon|Stamina|boost
|-boost|p1b: Archaludon|def|1
|faint|p1a: Amoonguss
|move|p1b: Archaludon|Body Press|p2a: Electabuzz
|-damage|p2a: Electabuzz|0 fnt
|faint|p2a: Electabuzz
|
|upkeep
|
|t:|1756316425
|switch|p2a: Rillaboom|Rillaboom, L50, F, shiny|100/100
|switch|p1a: Basculegion|Basculegion, L50, M|100/100
|-fieldstart|move: Grassy Terrain|[from] ability: Grassy Surge|[of] p2a: Rillaboom
|turn|7
|
|t:|1756316442
|switch|p1a: Pelipper|Pelipper, L50, F|1/100
|-weather|RainDance|[from] ability: Drizzle|[of] p1a: Pelipper
|move|p2b: Volcarona|Protect|p2b: Volcarona
|-singleturn|p2b: Volcarona|Protect
|move|p2a: Rillaboom|Grassy Glide|p1a: Pelipper
|-damage|p1a: Pelipper|0 fnt
|faint|p1a: Pelipper
|move|p1b: Archaludon|Flash Cannon|p2a: Rillaboom
|-damage|p2a: Rillaboom|17/100
|
|-weather|RainDance|[upkeep]
|-heal|p2b: Volcarona|41/100|[from] Grassy Terrain
|-heal|p2a: Rillaboom|23/100|[from] Grassy Terrain
|-heal|p1b: Archaludon|33/100|[from] Grassy Terrain
|upkeep
|
|t:|1756316454
|switch|p1a: Basculegion|Basculegion, L50, M|100/100
|turn|8
|inactive|Hossss has 30 seconds left.
|
|t:|1756316480
|move|p2a: Rillaboom|Grassy Glide|p1a: Basculegion
|-supereffective|p1a: Basculegion
|-damage|p1a: Basculegion|0 fnt
|faint|p1a: Basculegion
|move|p2b: Volcarona|Tera Blast|p1b: Archaludon|[anim] Tera Blast Dragon
|-damage|p1b: Archaludon|0 fnt
|faint|p1b: Archaludon
|
|win|Hossss
|raw|onlyembers's rating: 1170 → 1141(-29 for losing)
|raw|Hossss's rating: 1117 → 1146(+29 for winning)
|l|☆Hossss
|player|p2|
