|j|☆A Regu1ar Guy
|j|☆marcosdeltasena31
|html|A Regu1ar Guymarcosdeltasena31    
|uhtml|bestof|Game 3 of a best-of-3
|t:|1755643858
|gametype|doubles
|player|p1|A Regu1ar Guy|elesa|1380
|player|p2|marcosdeltasena31|hilbert|1376
|gen|9
|tier|[Gen 9] VGC 2025 Reg H (Bo3)
|rated|
|rule|Species Clause: Limit one of each Pokémon
|rule|Item Clause: Limit 1 of each item
|clearpoke
|poke|p1|Volcarona, L50, F|
|poke|p1|Rillaboom, L50, F|
|poke|p1|Electabuzz, L50, F|
|poke|p1|Incineroar, L50, F|
|poke|p1|Basculegion, L50, M|
|poke|p1|Ninetales-Alola, L50, F|
|poke|p2|Dragonite, L50, F|
|poke|p2|Sneasler, L50, F|
|poke|p2|Volcarona, L50, F|
|poke|p2|Rillaboom, L50, M|
|poke|p2|Kingambit, L50, F|
|poke|p2|Electabuzz, L50, F|
|teampreview|4
|showteam|p1|Volcarona||GrassySeed|FlameBody|HeatWave,GigaDrain,QuiverDance,Protect|||F|||50|,,,,,Grass]Rillaboom||AssaultVest|GrassySurge|FakeOut,WoodHammer,GrassyGlide,HighHorsepower|||F|||50|,,,,,Fire]Electabuzz||Eviolite|VitalSpirit|Thunderbolt,FollowMe,Taunt,Protect|||F|||50|,,,,,Ghost]Incineroar||SafetyGoggles|Intimidate|FakeOut,KnockOff,FlareBlitz,PartingShot|||F|||50|,,,,,Ghost]Basculegion||ChoiceScarf|Adaptability|WaveCrash,AquaJet,LastRespects,FlipTurn|||M|||50|,,,,,Water]Ninetales-Alola||FocusSash|SnowWarning|Blizzard,Encore,AuroraVeil,HelpingHand|||F|||50|,,,,,Ghost
|showteam|p2|Dragonite||LoadedDice|Multiscale|ScaleShot,ExtremeSpeed,Haze,Protect|||F|||50|,,,,,Fairy]Sneasler||FocusSash|PoisonTouch|DireClaw,CloseCombat,FakeOut,Coaching|||F|||50|,,,,,Ghost]Volcarona||CovertCloak|FlameBody|HeatWave,TeraBlast,QuiverDance,Protect|||F|||50|,,,,,Fairy]Rillaboom||AssaultVest|GrassySurge|WoodHammer,FakeOut,GrassyGlide,HighHorsepower|||M|||50|,,,,,Fire]Kingambit||BlackGlasses|Defiant|KowtowCleave,SwordsDance,SuckerPunch,Protect|||F|||50|,,,,,Dark]Electabuzz||Eviolite|VitalSpirit|Electroweb,FollowMe,Taunt,Protect|||F|||50|,,,,,Ghost
|j| spicy rider
|l| spicy rider
|
|t:|1755643922
|teamsize|p1|4
|teamsize|p2|4
|start
|switch|p1a: Basculegion|Basculegion, L50, M|100/100
|switch|p1b: Ninetales|Ninetales-Alola, L50, F|100/100
|switch|p2a: Volcarona|Volcarona, L50, F|100/100
|switch|p2b: Electabuzz|Electabuzz, L50, F|100/100
|-weather|Snowscape|[from] ability: Snow Warning|[of] p1b: Ninetales
|turn|1
|
|t:|1755643932
|-terastallize|p1a: Basculegion|Water
|move|p1b: Ninetales|Helping Hand|p1a: Basculegion
|-singleturn|p1a: Basculegion|Helping Hand|[of] p1b: Ninetales
|move|p2b: Electabuzz|Follow Me|p2b: Electabuzz
|-singleturn|p2b: Electabuzz|move: Follow Me
|move|p1a: Basculegion|Wave Crash|p2b: Electabuzz
|-damage|p2b: Electabuzz|10/100
|-damage|p1a: Basculegion|74/100|[from] Recoil
|move|p2a: Volcarona|Quiver Dance|p2a: Volcarona
|-boost|p2a: Volcarona|spa|1
|-boost|p2a: Volcarona|spd|1
|-boost|p2a: Volcarona|spe|1
|
|-weather|Snowscape|[upkeep]
|upkeep
|turn|2
|
|t:|1755643960
|switch|p1a: Volcarona|Volcarona, L50, F, shiny|100/100
|-terastallize|p2a: Volcarona|Fairy
|move|p2b: Electabuzz|Follow Me|p2b: Electabuzz
|-singleturn|p2b: Electabuzz|move: Follow Me
|move|p2a: Volcarona|Tera Blast|p1a: Volcarona|[anim] Tera Blast Fairy
|-resisted|p1a: Volcarona
|-damage|p1a: Volcarona|75/100
|move|p1b: Ninetales|Aurora Veil|p1b: Ninetales
|-sidestart|p1: A Regu1ar Guy|move: Aurora Veil
|
|-weather|Snowscape|[upkeep]
|upkeep
|turn|3
|
|t:|1755643974
|move|p2a: Volcarona|Heat Wave|p1a: Volcarona|[spread] p1a,p1b
|-supereffective|p1b: Ninetales
|-damage|p1a: Volcarona|46/100
|-damage|p1b: Ninetales|20/100
|move|p1b: Ninetales|Blizzard|p2a: Volcarona|[spread] p2a,p2b
|-damage|p2a: Volcarona|80/100
|-damage|p2b: Electabuzz|0 fnt
|faint|p2b: Electabuzz
|move|p1a: Volcarona|Quiver Dance|p1a: Volcarona
|-boost|p1a: Volcarona|spa|1
|-boost|p1a: Volcarona|spd|1
|-boost|p1a: Volcarona|spe|1
|
|-weather|Snowscape|[upkeep]
|upkeep
|
|t:|1755643982
|switch|p2b: Dragonite|Dragonite, L50, F|100/100
|turn|4
|
|t:|1755644002
|move|p1a: Volcarona|Protect|p1a: Volcarona
|-singleturn|p1a: Volcarona|Protect
|move|p2a: Volcarona|Heat Wave|p1b: Ninetales|[spread] p1b
|-activate|p1a: Volcarona|move: Protect
|-supereffective|p1b: Ninetales
|-damage|p1b: Ninetales|0 fnt
|faint|p1b: Ninetales
|move|p2b: Dragonite|Scale Shot|p1a: Volcarona
|-activate|p1a: Volcarona|move: Protect
|
|-weather|Snowscape|[upkeep]
|upkeep
|
|t:|1755644005
|switch|p1b: Basculegion|Basculegion, L50, M, tera:Water|74/100
|turn|5
|
|t:|1755644018
|move|p2a: Volcarona|Protect|p2a: Volcarona
|-singleturn|p2a: Volcarona|Protect
|move|p1b: Basculegion|Last Respects|p2b: Dragonite
|-damage|p2b: Dragonite|75/100
|move|p1a: Volcarona|Heat Wave|p2b: Dragonite|[spread] p2b
|-activate|p2a: Volcarona|move: Protect
|-resisted|p2b: Dragonite
|-damage|p2b: Dragonite|47/100
|move|p2b: Dragonite|Scale Shot|p1b: Basculegion
|-crit|p1b: Basculegion
|-damage|p1b: Basculegion|45/100
|-damage|p1b: Basculegion|31/100
|-damage|p1b: Basculegion|19/100
|-damage|p1b: Basculegion|7/100
|-hitcount|p1b: Basculegion|4
|-unboost|p2b: Dragonite|def|1
|-boost|p2b: Dragonite|spe|1
|
|-weather|none
|upkeep
|turn|6
|
|t:|1755644033
|switch|p1b: Incineroar|Incineroar, L50, F|100/100
|-ability|p1b: Incineroar|Intimidate|boost
|-unboost|p2a: Volcarona|atk|1
|-unboost|p2b: Dragonite|atk|1
|move|p2b: Dragonite|Extreme Speed|p1b: Incineroar
|-damage|p1b: Incineroar|88/100
|move|p2a: Volcarona|Heat Wave|p1b: Incineroar|[spread] p1a,p1b
|-resisted|p1b: Incineroar
|-damage|p1a: Volcarona|25/100
|-damage|p1b: Incineroar|73/100
|move|p1a: Volcarona|Heat Wave|p2a: Volcarona|[spread] p2a,p2b
|-resisted|p2b: Dragonite
|-damage|p2a: Volcarona|46/100
|-damage|p2b: Dragonite|18/100
|
|-sideend|p1: A Regu1ar Guy|move: Aurora Veil
|upkeep
|turn|7
|
|t:|1755644055
|move|p2b: Dragonite|Protect|p2b: Dragonite
|-singleturn|p2b: Dragonite|Protect
|move|p1b: Incineroar|Fake Out|p2a: Volcarona
|-damage|p2a: Volcarona|32/100
|move|p2a: Volcarona|Heat Wave|p1a: Volcarona|[spread] p1a
|-miss|p2a: Volcarona|p1b: Incineroar
|-damage|p1a: Volcarona|0 fnt
|faint|p1a: Volcarona
|
|upkeep
|
|t:|1755644059
|switch|p1a: Basculegion|Basculegion, L50, M, tera:Water|7/100
|turn|8
|
|t:|1755644071
|move|p2b: Dragonite|Extreme Speed|p1a: Basculegion
|-damage|p1a: Basculegion|0 fnt
|faint|p1a: Basculegion
|move|p2a: Volcarona|Heat Wave|p1b: Incineroar
|-resisted|p1b: Incineroar
|-damage|p1b: Incineroar|46/100
|move|p1b: Incineroar|Flare Blitz|p2a: Volcarona
|-damage|p2a: Volcarona|0 fnt
|faint|p2a: Volcarona
|-damage|p1b: Incineroar|36/100|[from] Recoil
|
|upkeep
|
|t:|1755644075
|switch|p2a: Kingambit|Kingambit, L50, F|100/100
|turn|9
|
|t:|1755644081
|move|p2b: Dragonite|Extreme Speed|p1b: Incineroar
|-damage|p1b: Incineroar|18/100
|move|p2a: Kingambit|Sucker Punch|p1b: Incineroar
|-resisted|p1b: Incineroar
|-damage|p1b: Incineroar|0 fnt
|faint|p1b: Incineroar
|
|win|marcosdeltasena31
|raw|A Regu1ar Guy's rating: 1380 → 1360(-20 for losing)
|raw|marcosdeltasena31's rating: 1376 → 1396(+20 for winning)
