|j|☆boober_magmar
|j|☆B-Nut17
|html|boober_magmarB-Nut17    
|uhtml|bestof|Game 3 of a best-of-3
|t:|1755346914
|gametype|doubles
|player|p1|boober_magmar|gambler|1213
|player|p2|B-Nut17|dawn|1166
|gen|9
|tier|[Gen 9] VGC 2025 Reg H (Bo3)
|rated|
|rule|Species Clause: Limit one of each Pokémon
|rule|Item Clause: Limit 1 of each item
|clearpoke
|poke|p1|Dragonite, L50, M|
|poke|p1|Sneasler, L50, M|
|poke|p1|Porygon2, L50|
|poke|p1|Ursaluna-Bloodmoon, L50, M|
|poke|p1|Incineroar, L50, F|
|poke|p1|Rillaboom, L50, M|
|poke|p2|Incineroar, L50, M|
|poke|p2|Rillaboom, L50, F|
|poke|p2|Ninetales-Alola, L50, F|
|poke|p2|Frosmoth, L50, F|
|poke|p2|Maushold-Four, L50|
|poke|p2|Annihilape, L50, M|
|teampreview|4
|showteam|p1|Dragonite||LoadedDice|Multiscale|ScaleShot,Tailwind,Haze,Protect|||M|||50|,,,,,Fairy]Sneasler||FocusSash|Unburden|DireClaw,CloseCombat,Coaching,Protect|||M|||50|,,,,,Stellar]Porygon2||Eviolite|Download|TeraBlast,IceBeam,TrickRoom,Recover||||||50|,,,,,Ground]Ursaluna-Bloodmoon||LifeOrb|MindsEye|HyperVoice,EarthPower,BloodMoon,Protect|||M|||50|,,,,,Normal]Incineroar||SafetyGoggles|Intimidate|FakeOut,FlareBlitz,KnockOff,PartingShot|||F|||50|,,,,,Ghost]Rillaboom||AssaultVest|GrassySurge|FakeOut,WoodHammer,GrassyGlide,Uturn|||M|||50|,,,,,Water
|showteam|p2|Incineroar||SafetyGoggles|Intimidate|FlareBlitz,KnockOff,FakeOut,PartingShot|||M|||50|,,,,,Ghost]Rillaboom||AssaultVest|GrassySurge|WoodHammer,GrassyGlide,Uturn,FakeOut|||F|||50|,,,,,Fire]Ninetales-Alola||CovertCloak|SnowWarning|Moonblast,AuroraVeil,FreezeDry,Encore|||F|||50|,,,,,Fire]Frosmoth||Leftovers|IceScales|Blizzard,TeraBlast,QuiverDance,Protect|||F|||50|,,,,,Water]Maushold-Four||RockyHelmet|FriendGuard|FollowMe,BeatUp,Taunt,Protect||||||50|,,,,,Ghost]Annihilape||SitrusBerry|Defiant|RageFist,DrainPunch,BulkUp,Protect|||M|||50|,,,,,Fire
|inactive|Battle timer is ON: inactive players will automatically lose when time's up. (requested by B-Nut17)
|
|t:|1755346927
|teamsize|p1|4
|teamsize|p2|4
|start
|switch|p1a: Porygon2|Porygon2, L50|100/100
|switch|p1b: Ursaluna|Ursaluna-Bloodmoon, L50, M|100/100
|switch|p2a: Frosmoth|Frosmoth, L50, F|100/100
|switch|p2b: Rillaboom|Rillaboom, L50, F|100/100
|-fieldstart|move: Grassy Terrain|[from] ability: Grassy Surge|[of] p2b: Rillaboom
|-ability|p1a: Porygon2|Download|boost
|-boost|p1a: Porygon2|spa|1
|turn|1
|
|t:|1755346936
|-terastallize|p1b: Ursaluna|Normal
|move|p2b: Rillaboom|Fake Out|p1b: Ursaluna
|-damage|p1b: Ursaluna|88/100
|move|p2a: Frosmoth|Quiver Dance|p2a: Frosmoth
|-boost|p2a: Frosmoth|spa|1
|-boost|p2a: Frosmoth|spd|1
|-boost|p2a: Frosmoth|spe|1
|cant|p1b: Ursaluna|flinch
|move|p1a: Porygon2|Trick Room|p1a: Porygon2
|-fieldstart|move: Trick Room|[of] p1a: Porygon2
|
|-heal|p1b: Ursaluna|94/100|[from] Grassy Terrain
|upkeep
|turn|2
|
|t:|1755346956
|move|p2a: Frosmoth|Protect|p2a: Frosmoth
|-singleturn|p2a: Frosmoth|Protect
|move|p1a: Porygon2|Ice Beam|p2b: Rillaboom
|-supereffective|p2b: Rillaboom
|-damage|p2b: Rillaboom|35/100
|move|p1b: Ursaluna|Blood Moon|p2a: Frosmoth
|-activate|p2a: Frosmoth|move: Protect
|move|p2b: Rillaboom|U-turn|p1b: Ursaluna
|-crit|p1b: Ursaluna
|-damage|p1b: Ursaluna|61/100
|
|t:|1755346977
|switch|p2b: Incineroar|Incineroar, L50, M|100/100|[from] U-turn
|-ability|p2b: Incineroar|Intimidate|boost
|-unboost|p1a: Porygon2|atk|1
|-unboost|p1b: Ursaluna|atk|1
|
|-heal|p1b: Ursaluna|67/100|[from] Grassy Terrain
|upkeep
|turn|3
|
|t:|1755346990
|switch|p1a: Incineroar|Incineroar, L50, F|100/100
|-ability|p1a: Incineroar|Intimidate|boost
|-unboost|p2a: Frosmoth|atk|1
|-unboost|p2b: Incineroar|atk|1
|move|p1b: Ursaluna|Protect|p1b: Ursaluna
|-singleturn|p1b: Ursaluna|Protect
|move|p2b: Incineroar|Fake Out|p1b: Ursaluna
|-activate|p1b: Ursaluna|move: Protect
|move|p2a: Frosmoth|Quiver Dance|p2a: Frosmoth
|-boost|p2a: Frosmoth|spa|1
|-boost|p2a: Frosmoth|spd|1
|-boost|p2a: Frosmoth|spe|1
|
|-heal|p1b: Ursaluna|73/100|[from] Grassy Terrain
|upkeep
|turn|4
|
|t:|1755347009
|move|p2a: Frosmoth|Protect|p2a: Frosmoth
|-singleturn|p2a: Frosmoth|Protect
|move|p2b: Incineroar|Parting Shot|p1b: Ursaluna
|-unboost|p1b: Ursaluna|atk|1
|-unboost|p1b: Ursaluna|spa|1
|
|t:|1755347017
|switch|p2b: Rillaboom|Rillaboom, L50, F|35/100|[from] Parting Shot
|move|p1a: Incineroar|Parting Shot|p2b: Rillaboom
|-unboost|p2b: Rillaboom|atk|1
|-unboost|p2b: Rillaboom|spa|1
|
|t:|1755347027
|switch|p1a: Sneasler|Sneasler, L50, M|100/100|[from] Parting Shot
|move|p1b: Ursaluna|Earth Power|p2b: Rillaboom
|-resisted|p2b: Rillaboom
|-damage|p2b: Rillaboom|15/100
|-damage|p1b: Ursaluna|63/100|[from] item: Life Orb
|
|-heal|p1b: Ursaluna|69/100|[from] Grassy Terrain
|-heal|p2b: Rillaboom|21/100|[from] Grassy Terrain
|upkeep
|turn|5
|inactive|boober_magmar has 30 seconds left.
|inactive|boober_magmar has 20 seconds left.
|
|t:|1755347065
|switch|p1b: Incineroar|Incineroar, L50, F|100/100
|-ability|p1b: Incineroar|Intimidate|boost
|-unboost|p2a: Frosmoth|atk|1
|-unboost|p2b: Rillaboom|atk|1
|move|p1a: Sneasler|Protect|p1a: Sneasler
|-singleturn|p1a: Sneasler|Protect
|move|p2b: Rillaboom|Fake Out|p1a: Sneasler
|-activate|p1a: Sneasler|move: Protect
|move|p2a: Frosmoth|Quiver Dance|p2a: Frosmoth
|-boost|p2a: Frosmoth|spa|1
|-boost|p2a: Frosmoth|spd|1
|-boost|p2a: Frosmoth|spe|1
|
|-heal|p2b: Rillaboom|27/100|[from] Grassy Terrain
|-fieldend|move: Trick Room
|-fieldend|move: Grassy Terrain
|upkeep
|turn|6
|inactive|B-Nut17 has 30 seconds left.
|
|t:|1755347097
|switch|p2b: Incineroar|Incineroar, L50, M|100/100
|-ability|p2b: Incineroar|Intimidate|boost
|-unboost|p1a: Sneasler|atk|1
|-unboost|p1b: Incineroar|atk|1
|move|p2a: Frosmoth|Protect|p2a: Frosmoth
|-singleturn|p2a: Frosmoth|Protect
|move|p1b: Incineroar|Fake Out|p2a: Frosmoth
|-activate|p2a: Frosmoth|move: Protect
|move|p1a: Sneasler|Close Combat|p2b: Incineroar
|-supereffective|p2b: Incineroar
|-damage|p2b: Incineroar|28/100
|-unboost|p1a: Sneasler|def|1
|-unboost|p1a: Sneasler|spd|1
|
|upkeep
|turn|7
|inactive|B-Nut17 has 30 seconds left.
|
|t:|1755347123
|-terastallize|p2a: Frosmoth|Water
|move|p2a: Frosmoth|Tera Blast|p1b: Incineroar|[anim] Tera Blast Water
|-supereffective|p1b: Incineroar
|-damage|p1b: Incineroar|0 fnt
|faint|p1b: Incineroar
|move|p1a: Sneasler|Close Combat|p2b: Incineroar
|-supereffective|p2b: Incineroar
|-damage|p2b: Incineroar|0 fnt
|-unboost|p1a: Sneasler|def|1
|-unboost|p1a: Sneasler|spd|1
|faint|p2b: Incineroar
|
|upkeep
|
|t:|1755347140
|switch|p2b: Ninetales|Ninetales-Alola, L50, F|100/100
|switch|p1b: Ursaluna|Ursaluna-Bloodmoon, L50, M, tera:Normal|69/100
|-weather|Snowscape|[from] ability: Snow Warning|[of] p2b: Ninetales
|turn|8
|
|t:|1755347157
|move|p2a: Frosmoth|Blizzard|p1b: Ursaluna|[spread] p1a,p1b
|-enditem|p1a: Sneasler|Focus Sash
|-damage|p1a: Sneasler|1/100
|-damage|p1b: Ursaluna|0 fnt
|-status|p1a: Sneasler|frz
|faint|p1b: Ursaluna
|cant|p1a: Sneasler|frz
|move|p2b: Ninetales|Aurora Veil|p2b: Ninetales
|-sidestart|p2: B-Nut17|move: Aurora Veil
|
|-weather|Snowscape|[upkeep]
|upkeep
|c|☆boober_magmar|Fine
|-message|boober_magmar forfeited.
|
|win|B-Nut17
|raw|boober_magmar's rating: 1213 → 1185(-28 for losing)
|raw|B-Nut17's rating: 1166 → 1194(+28 for winning)
|l|☆boober_magmar
|player|p1|
