|j|☆TeachMeHow2Hoopa
|j|☆Jakobtc
|html|TeachMeHow2HoopaJakobtc    
|uhtml|bestof|Game 1 of a best-of-3
|t:|1784521626
|gametype|doubles
|player|p1|TeachMeHow2Hoopa|silver|1159
|player|p2|Jakobtc|riley|1101
|gen|9
|tier|[Gen 9 Champions] VGC 2026 Reg M-B (Bo3)
|rated|
|rule|Species Clause: Limit one of each Pokémon
|rule|Item Clause: Limit 1 of each item
|clearpoke
|poke|p1|Pidgeot, L50, F|
|poke|p1|Excadrill, L50, F|
|poke|p1|Tyranitar, L50, M|
|poke|p1|Tsareena, L50, F|
|poke|p1|Gholdengo, L50|
|poke|p1|Rotom-Wash, L50|
|poke|p2|Zoroark-Hisui, L50, F|
|poke|p2|Charizard, L50, F|
|poke|p2|Whimsicott, L50, F|
|poke|p2|Gholdengo, L50|
|poke|p2|Incineroar, L50, M|
|poke|p2|Dragonite, L50, M|
|teampreview|4
|showteam|p1|Pidgeot||Pidgeotite|BigPecks|Hurricane,HeatWave,Tailwind,Protect|Timid||F|||50|]Excadrill||FocusSash|SandRush|Earthquake,IronHead,RockSlide,Protect|Adamant||F|||50|]Tyranitar||Tyranitarite|SandStream|RockSlide,KnockOff,Protect,LowKick|Adamant||M|||50|]Tsareena||ChoiceScarf|QueenlyMajesty|PowerWhip,TripleAxel,Uturn,LowKick|Jolly||F|||50|]Gholdengo||Leftovers|GoodasGold|ShadowBall,MakeItRain,NastyPlot,Protect|Modest|||||50|]Rotom-Wash||SitrusBerry|Levitate|HydroPump,Thunderbolt,WillOWisp,Protect|Bold|||||50|
|showteam|p2|Zoroark-Hisui||FocusSash|Illusion|BitterMalice,IcyWind,Taunt,Protect|Timid||F|||50|]Charizard||CharizarditeY|Blaze|HeatWave,WeatherBall,SolarBeam,Protect|Modest||F|||50|]Whimsicott||MentalHerb|Prankster|Moonblast,Tailwind,FakeTears,Encore|Timid||F|||50|]Gholdengo||MetalCoat|GoodasGold|MakeItRain,ShadowBall,NastyPlot,Protect|Modest|||||50|]Incineroar||SitrusBerry|Intimidate|FakeOut,FlareBlitz,DarkestLariat,PartingShot|Adamant||M|||50|]Dragonite||DragonFang|Multiscale|ScaleShot,ExtremeSpeed,LowKick,Protect|Adamant||M|||50|
|inactive|Battle timer is ON: inactive players will automatically lose when time's up. (requested by Jakobtc)
|
|t:|1784521647
|teamsize|p1|4
|teamsize|p2|4
|start
|switch|p1a: Pidgeot|Pidgeot, L50, F|100/100
|switch|p1b: Tsareena|Tsareena, L50, F|100/100
|switch|p2a: Incineroar|Incineroar, L50, M|100/100
|switch|p2b: Dragonite|Dragonite, L50, M|100/100
|-ability|p2a: Incineroar|Intimidate|boost
|-unboost|p1a: Pidgeot|atk|1
|-unboost|p1b: Tsareena|atk|1
|turn|1
|inactive|Jakobtc has 30 seconds left.
|
|t:|1784521675
|detailschange|p1a: Pidgeot|Pidgeot-Mega, L50, F
|-mega|p1a: Pidgeot|Pidgeot|Pidgeotite
|move|p1b: Tsareena|Triple Axel|p2b: Dragonite|[miss]
|-miss|p1b: Tsareena|p2b: Dragonite
|move|p1a: Pidgeot|Hurricane|p2a: Incineroar
|-damage|p2a: Incineroar|44/100
|-enditem|p2a: Incineroar|Sitrus Berry|[eat]
|-heal|p2a: Incineroar|69/100|[from] item: Sitrus Berry
|move|p2b: Dragonite|Scale Shot|p1a: Pidgeot
|-damage|p1a: Pidgeot|76/100
|-damage|p1a: Pidgeot|52/100
|-damage|p1a: Pidgeot|27/100
|-hitcount|p1a: Pidgeot|3
|-unboost|p2b: Dragonite|def|1
|-boost|p2b: Dragonite|spe|1
|move|p2a: Incineroar|Flare Blitz|p1b: Tsareena
|-supereffective|p1b: Tsareena|1
|-damage|p1b: Tsareena|0 fnt
|faint|p1b: Tsareena
|-damage|p2a: Incineroar|45/100|[from] Recoil
|
|upkeep
|
|t:|1784521685
|switch|p1b: Excadrill|Excadrill, L50, F|100/100
|turn|2
|inactive|Jakobtc has 30 seconds left.
|
|t:|1784521714
|switch|p1a: Tyranitar|Tyranitar, L50, M|100/100
|-weather|Sandstorm|[from] ability: Sand Stream|[of] p1a: Tyranitar
|move|p2b: Dragonite|Extreme Speed|p1a: Tyranitar
|-resisted|p1a: Tyranitar|1
|-damage|p1a: Tyranitar|86/100
|move|p1b: Excadrill|Rock Slide|p2a: Incineroar|[spread] p2a,p2b
|-supereffective|p2a: Incineroar|1
|-supereffective|p2b: Dragonite|1
|-damage|p2a: Incineroar|2/100
|-damage|p2b: Dragonite|60/100
|cant|p2a: Incineroar|flinch
|
|-weather|Sandstorm|[upkeep]
|-damage|p2b: Dragonite|54/100|[from] Sandstorm
|-damage|p2a: Incineroar|0 fnt|[from] Sandstorm
|faint|p2a: Incineroar
|upkeep
|
|t:|1784521728
|switch|p2a: Whimsicott|Whimsicott, L50, F|100/100
|turn|3
|inactive|Jakobtc has 30 seconds left.
|
|t:|1784521754
|move|p2a: Whimsicott|Tailwind|p2a: Whimsicott
|-sidestart|p2: Jakobtc|move: Tailwind
|move|p2b: Dragonite|Low Kick|p1b: Excadrill
|-supereffective|p1b: Excadrill|1
|-damage|p1b: Excadrill|32/100
|move|p1b: Excadrill|Iron Head|p2a: Whimsicott
|-supereffective|p2a: Whimsicott|1
|-damage|p2a: Whimsicott|7/100
|move|p1a: Tyranitar|Rock Slide|p2b: Dragonite|[spread] p2a,p2b
|-supereffective|p2b: Dragonite|1
|-damage|p2a: Whimsicott|0 fnt
|-damage|p2b: Dragonite|0 fnt
|faint|p2a: Whimsicott
|faint|p2b: Dragonite
|
|-weather|Sandstorm|[upkeep]
|upkeep
|
|t:|1784521766
|switch|p2b: Gholdengo|Gholdengo, L50|100/100
|turn|4
|
|t:|1784521775
|move|p1a: Tyranitar|Protect|p1a: Tyranitar
|-singleturn|p1a: Tyranitar|Protect
|move|p1b: Excadrill|Earthquake|p2b: Gholdengo|[spread] p2b
|-activate|p1a: Tyranitar|move: Protect
|-supereffective|p2b: Gholdengo|1
|-damage|p2b: Gholdengo|6/100
|move|p2b: Gholdengo|Make It Rain|p1b: Excadrill|[spread] p1b
|-activate|p1a: Tyranitar|move: Protect
|-resisted|p1b: Excadrill|1
|-damage|p1b: Excadrill|0 fnt
|-unboost|p2b: Gholdengo|spa|2
|faint|p1b: Excadrill
|
|-weather|Sandstorm|[upkeep]
|upkeep
|
|t:|1784521785
|switch|p1b: Pidgeot|Pidgeot-Mega, L50, F|27/100
|turn|5
|
|t:|1784521790
|move|p2b: Gholdengo|Make It Rain|p1b: Pidgeot|[spread] p1a,p1b
|-supereffective|p1a: Tyranitar|1
|-damage|p1a: Tyranitar|50/100g
|-damage|p1b: Pidgeot|0 fnt
|-unboost|p2b: Gholdengo|spa|2
|faint|p1b: Pidgeot
|move|p1a: Tyranitar|Knock Off|p2b: Gholdengo
|-supereffective|p2b: Gholdengo|1
|-damage|p2b: Gholdengo|0 fnt
|-enditem|p2b: Gholdengo|Metal Coat|[from] move: Knock Off|[of] p1a: Tyranitar
|faint|p2b: Gholdengo
|
|win|TeachMeHow2Hoopa
||TeachMeHow2Hoopa is ready for game 2.
|inactive|Jakobtc has 30 seconds to confirm battle start!
