|j|☆lettitripppp
|j|☆claredefleur
|html|lettitrippppclaredefleur    
|uhtml|bestof|Game 2 of a best-of-3
|t:|1784227984
|gametype|doubles
|player|p1|lettitripppp|lucas|1247
|player|p2|claredefleur|hilbert|1185
|gen|9
|tier|[Gen 9 Champions] VGC 2026 Reg M-B (Bo3)
|rated|
|rule|Species Clause: Limit one of each Pokémon
|rule|Item Clause: Limit 1 of each item
|clearpoke
|poke|p1|Charizard, L50, M, shiny|
|poke|p1|Basculegion, L50, M, shiny|
|poke|p1|Pelipper, L50, M|
|poke|p1|Venusaur, L50, F|
|poke|p1|Archaludon, L50, F|
|poke|p1|Grimmsnarl, L50, M, shiny|
|poke|p2|Kingambit, L50, M|
|poke|p2|Garchomp, L50, M|
|poke|p2|Farigiraf, L50, M|
|poke|p2|Sylveon, L50, F|
|poke|p2|Aerodactyl, L50, F|
|poke|p2|Charizard, L50, M|
|teampreview|4
|showteam|p1|Charizard||CharizarditeY|Blaze|WeatherBall,SolarBeam,HeatWave,Protect|Modest||M|||50|]Basculegion||ChoiceScarf|Adaptability|LastRespects,WaveCrash,FlipTurn,AquaJet|Jolly||M|||50|]Pelipper||SitrusBerry|Drizzle|WeatherBall,WideGuard,Hurricane,Tailwind|Modest||M|||50|]Venusaur||FocusSash|Chlorophyll|SleepPowder,SludgeBomb,EarthPower,Protect|Modest||F|||50|]Archaludon||Leftovers|Stamina|FlashCannon,DragonPulse,ElectroShot,Protect|Calm||F|||50|]Grimmsnarl||LightClay|Prankster|PartingShot,LightScreen,SpiritBreak,Reflect|Relaxed||M|||50|
|showteam|p2|Kingambit||FocusSash|Defiant|SuckerPunch,KowtowCleave,LowKick,IronHead|Adamant||M|||50|]Garchomp||LifeOrb|RoughSkin|Earthquake,DragonClaw,StompingTantrum,Protect|Jolly||M|||50|]Farigiraf||SitrusBerry|ArmorTail|Psychic,Thunderbolt,TrickRoom,Protect|Bold||M|||50|]Sylveon||FairyFeather|Pixilate|HyperVoice,HyperBeam,QuickAttack,Detect|Modest||F|||50|]Aerodactyl||Aerodactylite|Unnerve|Tailwind,RockSlide,DualWingbeat,IceFang|Jolly||F|||50|]Charizard||CharizarditeY|SolarPower|Protect,HeatWave,WeatherBall,SolarBeam|Modest||M|||50|
|inactive|Battle timer is ON: inactive players will automatically lose when time's up. (requested by lettitripppp)
|inactive|claredefleur also wants the timer to be on.
|
|t:|1784228001
|teamsize|p1|4
|teamsize|p2|4
|start
|switch|p1a: GHOSTWAVE|Basculegion, L50, M, shiny|100/100
|switch|p1b: GO JOHAN|Grimmsnarl, L50, M, shiny|100/100
|switch|p2a: Charizard|Charizard, L50, M|100/100
|switch|p2b: Aerodactyl|Aerodactyl, L50, F|100/100
|-ability|p2b: Aerodactyl|Unnerve
|turn|1
|inactive|claredefleur has 30 seconds left.
|inactive|claredefleur has 20 seconds left.
|inactive|claredefleur has 15 seconds left.
|inactive|claredefleur has 10 seconds left.
|
|t:|1784228050
|move|p2a: Charizard|Protect|p2a: Charizard
|-singleturn|p2a: Charizard|Protect
|move|p1b: GO JOHAN|Light Screen|p1b: GO JOHAN
|-sidestart|p1: lettitripppp|move: Light Screen
|move|p1a: GHOSTWAVE|Flip Turn|p2b: Aerodactyl
|-supereffective|p2b: Aerodactyl|1
|-damage|p2b: Aerodactyl|0 fnt
|faint|p2b: Aerodactyl
|
|t:|1784228058
|switch|p1a: BEYOND BRIDGE|Archaludon, L50, F|100/100|[from] Flip Turn
|
|upkeep
|
|t:|1784228067
|switch|p2b: Garchomp|Garchomp, L50, M|100/100
|turn|2
|
|t:|1784228088
|move|p1b: GO JOHAN|Parting Shot|p2a: Charizard
|-unboost|p2a: Charizard|atk|1
|-unboost|p2a: Charizard|spa|1
|
|t:|1784228091
|switch|p1b: WET-BEAK|Pelipper, L50, M|100/100|[from] Parting Shot
|-weather|RainDance|[from] ability: Drizzle|[of] p1b: WET-BEAK
|move|p2b: Garchomp|Earthquake|p1b: WET-BEAK|[spread] p1a
|-immune|p2a: Charizard
|-immune|p1b: WET-BEAK
|-supereffective|p1a: BEYOND BRIDGE|1
|-damage|p1a: BEYOND BRIDGE|27/100
|-ability|p1a: BEYOND BRIDGE|Stamina|boost
|-boost|p1a: BEYOND BRIDGE|def|1
|-damage|p2b: Garchomp|90/100|[from] item: Life Orb
|move|p2a: Charizard|Heat Wave|p1a: BEYOND BRIDGE|[spread] p1a,p1b
|-resisted|p1b: WET-BEAK|1
|-damage|p1a: BEYOND BRIDGE|22/100
|-damage|p1b: WET-BEAK|95/100
|-status|p1b: WET-BEAK|brn
|-ability|p1a: BEYOND BRIDGE|Stamina|boost
|-boost|p1a: BEYOND BRIDGE|def|1
|move|p1a: BEYOND BRIDGE|Electro Shot||[still]
|-prepare|p1a: BEYOND BRIDGE|Electro Shot
|-boost|p1a: BEYOND BRIDGE|spa|1
|-anim|p1a: BEYOND BRIDGE|Electro Shot|p2a: Charizard
|-supereffective|p2a: Charizard|1
|-damage|p2a: Charizard|0 fnt
|faint|p2a: Charizard
|
|-weather|RainDance|[upkeep]
|-heal|p1a: BEYOND BRIDGE|28/100|[from] item: Leftovers
|-damage|p1b: WET-BEAK|89/100 brn|[from] brn
|upkeep
|
|t:|1784228109
|switch|p2a: Kingambit|Kingambit, L50, M|100/100
|turn|3
|
|t:|1784228119
|move|p1a: BEYOND BRIDGE|Protect|p1a: BEYOND BRIDGE
|-singleturn|p1a: BEYOND BRIDGE|Protect
|move|p2b: Garchomp|Stomping Tantrum|p1a: BEYOND BRIDGE
|-activate|p1a: BEYOND BRIDGE|move: Protect
|move|p1b: WET-BEAK|Tailwind|p1b: WET-BEAK
|-sidestart|p1: lettitripppp|move: Tailwind
|move|p2a: Kingambit|Low Kick|p1a: BEYOND BRIDGE
|-activate|p1a: BEYOND BRIDGE|move: Protect
|
|-weather|RainDance|[upkeep]
|-heal|p1a: BEYOND BRIDGE|34/100|[from] item: Leftovers
|-damage|p1b: WET-BEAK|83/100 brn|[from] brn
|upkeep
|turn|4
|
|t:|1784228130
|move|p1a: BEYOND BRIDGE|Electro Shot||[still]
|-prepare|p1a: BEYOND BRIDGE|Electro Shot
|-boost|p1a: BEYOND BRIDGE|spa|1
|-anim|p1a: BEYOND BRIDGE|Electro Shot|p2a: Kingambit
|-damage|p2a: Kingambit|19/100
|move|p1b: WET-BEAK|Weather Ball|p2a: Kingambit
|-damage|p2a: Kingambit|0 fnt
|faint|p2a: Kingambit
|move|p2b: Garchomp|Stomping Tantrum|p1a: BEYOND BRIDGE
|-supereffective|p1a: BEYOND BRIDGE|1
|-damage|p1a: BEYOND BRIDGE|0 fnt
|faint|p1a: BEYOND BRIDGE
|-damage|p2b: Garchomp|80/100|[from] item: Life Orb
|
|-weather|RainDance|[upkeep]
|-damage|p1b: WET-BEAK|77/100 brn|[from] brn
|upkeep
|
|t:|1784228142
|switch|p1a: GHOSTWAVE|Basculegion, L50, M, shiny|100/100
|turn|5
|
|t:|1784228154
|move|p1a: GHOSTWAVE|Last Respects|p2b: Garchomp
|-damage|p2b: Garchomp|16/100
|move|p1b: WET-BEAK|Weather Ball|p2b: Garchomp
|-damage|p2b: Garchomp|0 fnt
|faint|p2b: Garchomp
|
|win|lettitripppp
|l|☆claredefleur
|player|p2|
