|j|☆clarocojones
|j|☆Jon Guridi VGC
|html|clarocojonesJon Guridi VGC    
|uhtml|bestof|Game 2 of a best-of-3
|t:|1785695237
|gametype|doubles
|player|p1|clarocojones|striker|
|player|p2|Jon Guridi VGC|lady|
|gen|9
|tier|[Gen 9 Champions] VGC 2026 Reg M-B (Bo3)
|rule|Species Clause: Limit one of each Pokémon
|rule|Item Clause: Limit 1 of each item
|clearpoke
|poke|p1|Incineroar, L50, F, shiny|
|poke|p1|Floette-Eternal, L50, F|
|poke|p1|Sinistcha-Masterpiece, L50, shiny|
|poke|p1|Kommo-o, L50, F|
|poke|p1|Kingambit, L50, F, shiny|
|poke|p1|Aerodactyl, L50, M|
|poke|p2|Gardevoir, L50, M|
|poke|p2|Talonflame, L50, M|
|poke|p2|Pelipper, L50, F|
|poke|p2|Archaludon, L50, M|
|poke|p2|Grimmsnarl, L50, M|
|poke|p2|Swampert, L50, M|
|teampreview|4
|showteam|p1|Incineroar||SitrusBerry|Intimidate|FakeOut,PartingShot,HelpingHand,FlareBlitz|Careful||F|||50|]Floette-Eternal||Floettite|FlowerVeil|Moonblast,DazzlingGleam,CalmMind,Protect|Modest||F|||50|]Sinistcha-Masterpiece||ColburBerry|Hospitality|MatchaGotcha,LifeDew,RagePowder,TrickRoom|Bold|||||50|]Kommo-o||Leftovers|Overcoat|ClangingScales,AuraSphere,ClangorousSoul,Protect|Modest||F|||50|]Kingambit||FocusSash|Defiant|KowtowCleave,SuckerPunch,IronHead,Protect|Adamant||F|||50|]Aerodactyl||Aerodactylite|Unnerve|Protect,RockSlide,Tailwind,DualWingbeat|Jolly||M|||50|
|showteam|p2|Gardevoir||Gardevoirite|Synchronize|Protect,HyperVoice,Psychic,Thunderbolt|Modest||M|||50|]Talonflame||FocusSash|GaleWings|Protect,RainDance,DualWingbeat,Tailwind|Jolly||M|||50|]Pelipper||SitrusBerry|Drizzle|WeatherBall,Hurricane,WideGuard,HelpingHand|Modest||F|||50|]Archaludon||Leftovers|Stamina|Protect,AuraSphere,FlashCannon,ElectroShot|Modest||M|||50|]Grimmsnarl||LightClay|Prankster|PartingShot,FoulPlay,Reflect,LightScreen|Calm||M|||50|]Swampert||Swampertite|Torrent|Protect,Earthquake,IcePunch,WaveCrash|Adamant||M|||50|
|inactive|Battle timer is ON: inactive players will automatically lose when time's up. (requested by Jon Guridi VGC)
|j| juanale22
|j| Kingsman11
|j| Pokemonalpha.es
|
|t:|1785695265
|teamsize|p1|4
|teamsize|p2|4
|start
|switch|p1a: Friends Take|Incineroar, L50, F, shiny|100/100
|switch|p1b: Felicidad|Floette-Eternal, L50, F|100/100
|switch|p2a: Pelipper|Pelipper, L50, F|100/100
|switch|p2b: Archaludon|Archaludon, L50, M|100/100
|-ability|p1a: Friends Take|Intimidate|boost
|-unboost|p2a: Pelipper|atk|1
|-unboost|p2b: Archaludon|atk|1
|-weather|RainDance|[from] ability: Drizzle|[of] p2a: Pelipper
|turn|1
|l| Kingsman11
|j| Kingsman11
|
|t:|1785695283
|switch|p2b: Grimmsnarl|Grimmsnarl, L50, M|100/100
|detailschange|p1b: Felicidad|Floette-Mega, L50, F
|-mega|p1b: Felicidad|Floette|Floettite
|-ability|p1b: Felicidad|Fairy Aura
|move|p1a: Friends Take|Fake Out|p2b: Grimmsnarl
|-damage|p2b: Grimmsnarl|90/100
|move|p1b: Felicidad|Calm Mind|p1b: Felicidad
|-boost|p1b: Felicidad|spa|1
|-boost|p1b: Felicidad|spd|1
|move|p2a: Pelipper|Weather Ball|p1a: Friends Take
|-supereffective|p1a: Friends Take|1
|-damage|p1a: Friends Take|13/100
|-enditem|p1a: Friends Take|Sitrus Berry|[eat]
|-heal|p1a: Friends Take|38/100|[from] item: Sitrus Berry
|
|-weather|RainDance|[upkeep]
|upkeep
|turn|2
|
|t:|1785695300
|move|p2b: Grimmsnarl|Light Screen|p2b: Grimmsnarl
|-sidestart|p2: Jon Guridi VGC|move: Light Screen
|move|p1b: Felicidad|Calm Mind|p1b: Felicidad
|-boost|p1b: Felicidad|spa|1
|-boost|p1b: Felicidad|spd|1
|move|p1a: Friends Take|Parting Shot|p2a: Pelipper
|-unboost|p2a: Pelipper|atk|1
|-unboost|p2a: Pelipper|spa|1
|
|t:|1785695309
|switch|p1a: DON JULIO|Sinistcha-Masterpiece, L50, shiny|100/100|[from] Parting Shot
|move|p2a: Pelipper|Hurricane|p1a: DON JULIO
|-supereffective|p1a: DON JULIO|1
|-damage|p1a: DON JULIO|47/100
|-start|p1a: DON JULIO|confusion
|
|-weather|RainDance|[upkeep]
|upkeep
|turn|3
|
|t:|1785695323
|switch|p1a: Friends Take|Incineroar, L50, F, shiny|38/100
|-ability|p1a: Friends Take|Intimidate|boost
|-unboost|p2a: Pelipper|atk|1
|-unboost|p2b: Grimmsnarl|atk|1
|move|p2b: Grimmsnarl|Parting Shot|p1b: Felicidad
|-unboost|p1b: Felicidad|atk|1
|-unboost|p1b: Felicidad|spa|1
|
|t:|1785695332
|switch|p2b: Gardevoir|Gardevoir, L50, M|100/100|[from] Parting Shot
|move|p1b: Felicidad|Moonblast|p2a: Pelipper
|-damage|p2a: Pelipper|9/100
|-enditem|p2a: Pelipper|Sitrus Berry|[eat]
|-heal|p2a: Pelipper|34/100|[from] item: Sitrus Berry
|move|p2a: Pelipper|Hurricane|p1a: Friends Take
|-damage|p1a: Friends Take|16/100
|
|-weather|RainDance|[upkeep]
|upkeep
|turn|4
|
|t:|1785695353
|move|p2b: Gardevoir|Protect|p2b: Gardevoir
|-singleturn|p2b: Gardevoir|Protect
|move|p1a: Friends Take|Fake Out|p2b: Gardevoir
|-activate|p2b: Gardevoir|move: Protect
|move|p1b: Felicidad|Calm Mind|p1b: Felicidad
|-boost|p1b: Felicidad|spa|1
|-boost|p1b: Felicidad|spd|1
|move|p2a: Pelipper|Weather Ball|p1b: Felicidad
|-damage|p1b: Felicidad|87/100
|
|-weather|RainDance|[upkeep]
|upkeep
|turn|5
|
|t:|1785695370
|detailschange|p2b: Gardevoir|Gardevoir-Mega, L50, M
|-mega|p2b: Gardevoir|Gardevoir|Gardevoirite
|move|p2a: Pelipper|Helping Hand|p2b: Gardevoir
|-singleturn|p2b: Gardevoir|Helping Hand|[of] p2a: Pelipper
|move|p2b: Gardevoir|Hyper Voice|p1a: Friends Take|[spread] p1a,p1b
|-damage|p1a: Friends Take|0 fnt
|-damage|p1b: Felicidad|57/100
|faint|p1a: Friends Take
|move|p1b: Felicidad|Moonblast|p2b: Gardevoir
|-damage|p2b: Gardevoir|2/100
|
|-weather|none
|upkeep
|c|☆Jon Guridi VGC|Nota mental: psyshock
|
|t:|1785695384
|switch|p1a: Kingambit|Kingambit, L50, F, shiny|100/100
|turn|6
|
|t:|1785695396
|switch|p2a: Grimmsnarl|Grimmsnarl, L50, M|90/100
|move|p2b: Gardevoir|Protect|p2b: Gardevoir
|-singleturn|p2b: Gardevoir|Protect
|move|p1a: Kingambit|Sucker Punch||[still]
|-fail|p1a: Kingambit
|move|p1b: Felicidad|Moonblast|p2a: Grimmsnarl
|-supereffective|p2a: Grimmsnarl|1
|-damage|p2a: Grimmsnarl|0 fnt
|faint|p2a: Grimmsnarl
|
|upkeep
|c| Pokemonalpha.es|Siempre
|
|t:|1785695406
|switch|p2a: Archaludon|Archaludon, L50, M|100/100
|turn|7
|c|☆Jon Guridi VGC|GG
|c|☆clarocojones|es que cuando Felicidad me conozca de verdad la voy a hacer muy feliz
|
|t:|1785695427
|move|p1a: Kingambit|Sucker Punch|p2b: Gardevoir
|-damage|p2b: Gardevoir|0 fnt
|faint|p2b: Gardevoir
|move|p1b: Felicidad|Moonblast|p2a: Archaludon
|-damage|p2a: Archaludon|0 fnt
|faint|p2a: Archaludon
|
|upkeep
|
|t:|1785695432
|switch|p2b: Pelipper|Pelipper, L50, F|34/100
|-weather|RainDance|[from] ability: Drizzle|[of] p2b: Pelipper
|turn|8
|
|t:|1785695436
|move|p1a: Kingambit|Sucker Punch|p2b: Pelipper
|-damage|p2b: Pelipper|0 fnt
|faint|p2b: Pelipper
|
|win|clarocojones
