|j|☆Pinoitaliano
|j|☆blundurus24
|html|Pinoitalianoblundurus24    
|uhtml|bestof|Game 2 of a best-of-3
|t:|1757791791
|gametype|doubles
|player|p1|Pinoitaliano|allister|
|player|p2|blundurus24|170|
|gen|9
|tier|[Gen 9] VGC 2025 Reg H (Bo3)
|rule|Species Clause: Limit one of each Pokémon
|rule|Item Clause: Limit 1 of each item
|clearpoke
|poke|p1|Archaludon, L50, M|
|poke|p1|Typhlosion-Hisui, L50, M|
|poke|p1|Volbeat, L50, M|
|poke|p1|Espathra, L50, M|
|poke|p1|Indeedee-F, L50, F|
|poke|p1|Primarina, L50, M|
|poke|p2|Rillaboom, L50, F|
|poke|p2|Gholdengo, L50|
|poke|p2|Ursaluna-Bloodmoon, L50, M|
|poke|p2|Milotic, L50, M|
|poke|p2|Incineroar, L50, M|
|poke|p2|Sneasler, L50, F|
|teampreview|4
|showteam|p1|Archaludon||PowerHerb|Stamina|Protect,ElectroShot,AuraSphere,DragonPulse|||M|||50|,,,,,Grass]Typhlosion-Hisui||Charcoal|Blaze|Flamethrower,Eruption,ShadowBall,Protect|||M|||50|,,,,,Fire]Volbeat||CobaBerry|Prankster|Tailwind,RainDance,SunnyDay,Encore|||M|||50|,,,,,Dark]Espathra||FocusSash|SpeedBoost|LuminaCrash,ExpandingForce,Protect,DazzlingGleam|||M|||50|,,,,,Psychic]Indeedee-F||SafetyGoggles|PsychicSurge|FollowMe,HyperVoice,Imprison,TrickRoom|||F|||50|,,,,,Fairy]Primarina||ChoiceSpecs|LiquidVoice|HyperVoice,WeatherBall,Moonblast,DazzlingGleam|||M|||50|,,,,,Steel
|showteam|p2|Rillaboom||AssaultVest|GrassySurge|FakeOut,GrassyGlide,WoodHammer,KnockOff|||F|||50|,,,,,Fire]Gholdengo||Leftovers|GoodasGold|MakeItRain,ShadowBall,NastyPlot,Protect||||||50|,,,,,Water]Ursaluna-Bloodmoon||LifeOrb|MindsEye|BloodMoon,EarthPower,HyperVoice,Protect|||M|||50|,,,,,Poison]Milotic||SitrusBerry|Competitive|Scald,IcyWind,Haze,Protect|||M|||50|,,,,,Grass]Incineroar||SafetyGoggles|Intimidate|FakeOut,FlareBlitz,PartingShot,Snarl|||M|||50|,,,,,Ghost]Sneasler||GrassySeed|Unburden|DireClaw,CloseCombat,ThroatChop,Protect|||F|||50|,,,,,Dark
|inactive|Battle timer is ON: inactive players will automatically lose when time's up. (requested by Pinoitaliano)
|
|t:|1757791822
|teamsize|p1|4
|teamsize|p2|4
|start
|switch|p1a: Volbeat|Volbeat, L50, M|100/100
|switch|p1b: Primarina|Primarina, L50, M|100/100
|switch|p2a: Ursaluna|Ursaluna-Bloodmoon, L50, M|100/100
|switch|p2b: Sneasler|Sneasler, L50, F|100/100
|turn|1
|j| sam smithy
|inactive|Pinoitaliano has 30 seconds left.
|inactive|blundurus24 has 30 seconds left.
|
|t:|1757791851
|-terastallize|p1b: Primarina|Steel
|-terastallize|p2a: Ursaluna|Poison
|move|p1a: Volbeat|Tailwind|p1a: Volbeat
|-sidestart|p1: Pinoitaliano|move: Tailwind
|move|p1b: Primarina|Hyper Voice|p2b: Sneasler|[spread] p2a,p2b
|-damage|p2a: Ursaluna|51/100
|-damage|p2b: Sneasler|33/100
|move|p2b: Sneasler|Close Combat|p1b: Primarina
|-supereffective|p1b: Primarina
|-damage|p1b: Primarina|0 fnt
|-unboost|p2b: Sneasler|def|1
|-unboost|p2b: Sneasler|spd|1
|faint|p1b: Primarina
|move|p2a: Ursaluna|Hyper Voice|p1a: Volbeat
|-damage|p1a: Volbeat|48/100
|-damage|p2a: Ursaluna|41/100|[from] item: Life Orb
|
|upkeep
|c|☆blundurus24|Called the tera steel lol
|
|t:|1757791871
|switch|p1b: Typhlosion|Typhlosion-Hisui, L50, M|100/100
|turn|2
|
|t:|1757791894
|move|p2a: Ursaluna|Protect|p2a: Ursaluna
|-singleturn|p2a: Ursaluna|Protect
|move|p1a: Volbeat|Encore|p2b: Sneasler
|-start|p2b: Sneasler|Encore
|move|p1b: Typhlosion|Eruption|p2a: Ursaluna|[spread] p2b
|-activate|p2a: Ursaluna|move: Protect
|-damage|p2b: Sneasler|0 fnt
|faint|p2b: Sneasler
|
|upkeep
|
|t:|1757791907
|switch|p2b: Milotic|Milotic, L50, M|100/100
|turn|3
|
|t:|1757791916
|switch|p2a: Incineroar|Incineroar, L50, M|100/100
|-ability|p2a: Incineroar|Intimidate|boost
|-unboost|p1a: Volbeat|atk|1
|-unboost|p1b: Typhlosion|atk|1
|move|p1a: Volbeat|Encore|p2a: Incineroar
|-hint|Since gen 7, Dark is immune to Prankster moves.
|-immune|p2a: Incineroar
|move|p1b: Typhlosion|Eruption|p2b: Milotic|[spread] p2a,p2b
|-resisted|p2a: Incineroar
|-resisted|p2b: Milotic
|-damage|p2a: Incineroar|72/100
|-damage|p2b: Milotic|73/100
|move|p2b: Milotic|Scald|p1b: Typhlosion
|-supereffective|p1b: Typhlosion
|-damage|p1b: Typhlosion|3/100
|
|upkeep
|turn|4
|inactive|Pinoitaliano has 30 seconds left.
|
|t:|1757791947
|switch|p1a: Archaludon|Archaludon, L50, M|100/100
|move|p1b: Typhlosion|Shadow Ball|p2a: Incineroar
|-resisted|p2a: Incineroar
|-damage|p2a: Incineroar|55/100
|move|p2b: Milotic|Scald|p1a: Archaludon
|-resisted|p1a: Archaludon
|-damage|p1a: Archaludon|77/100
|-ability|p1a: Archaludon|Stamina|boost
|-boost|p1a: Archaludon|def|1
|move|p2a: Incineroar|Snarl|p1a: Archaludon|[spread] p1a,p1b
|-crit|p1a: Archaludon
|-supereffective|p1b: Typhlosion
|-damage|p1a: Archaludon|57/100
|-damage|p1b: Typhlosion|0 fnt
|-unboost|p1a: Archaludon|spa|1
|-ability|p1a: Archaludon|Stamina|boost
|-boost|p1a: Archaludon|def|1
|faint|p1b: Typhlosion
|
|-sideend|p1: Pinoitaliano|move: Tailwind
|upkeep
|
|t:|1757791968
|switch|p1b: Volbeat|Volbeat, L50, M|48/100
|turn|5
|
|t:|1757791986
|move|p1b: Volbeat|Rain Dance|p1b: Volbeat
|-weather|RainDance
|move|p1a: Archaludon|Aura Sphere|p2a: Incineroar
|-supereffective|p2a: Incineroar
|-damage|p2a: Incineroar|27/100
|move|p2b: Milotic|Scald|p1a: Archaludon
|-resisted|p1a: Archaludon
|-damage|p1a: Archaludon|23/100
|-ability|p1a: Archaludon|Stamina|boost
|-boost|p1a: Archaludon|def|1
|move|p2a: Incineroar|Snarl|p1a: Archaludon|[spread] p1a,p1b
|-damage|p1a: Archaludon|10/100
|-damage|p1b: Volbeat|38/100
|-unboost|p1a: Archaludon|spa|1
|-unboost|p1b: Volbeat|spa|1
|-ability|p1a: Archaludon|Stamina|boost
|-boost|p1a: Archaludon|def|1
|
|-weather|RainDance|[upkeep]
|upkeep
|turn|6
|inactive|Pinoitaliano has 30 seconds left.
|inactive|blundurus24 has 30 seconds left.
|
|t:|1757792019
|move|p2b: Milotic|Protect|p2b: Milotic
|-singleturn|p2b: Milotic|Protect
|move|p1b: Volbeat|Tailwind|p1b: Volbeat
|-sidestart|p1: Pinoitaliano|move: Tailwind
|move|p1a: Archaludon|Electro Shot||[still]
|-prepare|p1a: Archaludon|Electro Shot
|-boost|p1a: Archaludon|spa|1
|-anim|p1a: Archaludon|Electro Shot|p2b: Milotic
|-activate|p2b: Milotic|move: Protect
|move|p2a: Incineroar|Snarl|p1a: Archaludon|[spread] p1a,p1b
|-crit|p1b: Volbeat
|-damage|p1a: Archaludon|0 fnt
|-damage|p1b: Volbeat|23/100
|-unboost|p1b: Volbeat|spa|1
|faint|p1a: Archaludon
|
|-weather|RainDance|[upkeep]
|upkeep
|turn|7
|-message|Pinoitaliano forfeited.
|
|win|blundurus24
|c|☆Pinoitaliano|Gg
|c|☆blundurus24|Gg
|l|☆blundurus24
|player|p2|
