|j|☆Pineyfressh
|j|☆PizzaSanwitch
|html|PineyfresshPizzaSanwitch    
|uhtml|bestof|Game 2 of a best-of-3
|t:|1783556653
|gametype|doubles
|player|p1|Pineyfressh|169|1024
|player|p2|PizzaSanwitch|2|1053
|gen|9
|tier|[Gen 9 Champions] VGC 2026 Reg M-B (Bo3)
|rated|
|rule|Species Clause: Limit one of each Pokémon
|rule|Item Clause: Limit 1 of each item
|clearpoke
|poke|p1|Gengar, L50, M|
|poke|p1|Heracross, L50, F|
|poke|p1|Maushold-Four, L50|
|poke|p1|Appletun, L50, M|
|poke|p1|Vaporeon, L50, F|
|poke|p1|Charizard, L50, F|
|poke|p2|Pelipper, L50, F|
|poke|p2|Archaludon, L50, M|
|poke|p2|Swampert, L50, F|
|poke|p2|Venusaur, L50, M|
|poke|p2|Basculegion, L50, M|
|poke|p2|Grimmsnarl, L50, M|
|teampreview|4
|showteam|p1|Gengar||FocusSash|CursedBody|PerishSong,DestinyBond,Protect,SludgeBomb|Timid||M|||50|]Heracross||Heracronite|Swarm|RockBlast,KnockOff,BrickBreak,PinMissile|Adamant||F|||50|]Maushold-Four||MentalHerb|FriendGuard|HelpingHand,FollowMe,Protect,Taunt|Timid|||||50|]Appletun||SitrusBerry|ThickFat|LeechSeed,Recover,Protect,AppleAcid|Calm||M|||50|]Vaporeon||Leftovers|WaterAbsorb|Protect,Wish,Scald,Yawn|Bold||F|||50|]Charizard||CharizarditeY|Blaze|HeatWave,SolarBeam,Overheat,Protect|Timid||F|||50|
|showteam|p2|Pelipper||FocusSash|Drizzle|WeatherBall,Hurricane,Tailwind,Protect|Modest||F|||50|]Archaludon||Leftovers|Stamina|ElectroShot,FlashCannon,DragonPulse,Protect|Modest||M|||50|]Swampert||Swampertite|Damp|WaveCrash,Earthquake,IcePunch,Protect|Adamant||F|||50|]Venusaur||Venusaurite|Chlorophyll|GigaDrain,SludgeBomb,EarthPower,Protect|Modest||M|||50|]Basculegion||ChoiceScarf|Adaptability|WaveCrash,LastRespects,AquaJet,FlipTurn|Jolly||M|||50|]Grimmsnarl||LightClay|Prankster|SpiritBreak,Reflect,LightScreen,PartingShot|Careful||M|||50|
|
|t:|1783556692
|teamsize|p1|4
|teamsize|p2|4
|start
|switch|p1a: Heracross|Heracross, L50, F|100/100
|switch|p1b: Maushold|Maushold-Four, L50|100/100
|switch|p2a: Pelipper|Pelipper, L50, F|100/100
|switch|p2b: Grimmsnarl|Grimmsnarl, L50, M|100/100
|-weather|RainDance|[from] ability: Drizzle|[of] p2a: Pelipper
|turn|1
|inactive|Battle timer is ON: inactive players will automatically lose when time's up. (requested by PizzaSanwitch)
|inactive|Pineyfressh has 60 seconds left.
|
|t:|1783556728
|detailschange|p1a: Heracross|Heracross-Mega, L50, F
|-mega|p1a: Heracross|Heracross|Heracronite
|move|p2b: Grimmsnarl|Reflect|p2b: Grimmsnarl
|-sidestart|p2: PizzaSanwitch|Reflect
|move|p1b: Maushold|Taunt|p2b: Grimmsnarl
|-start|p2b: Grimmsnarl|move: Taunt
|move|p2a: Pelipper|Tailwind|p2a: Pelipper
|-sidestart|p2: PizzaSanwitch|move: Tailwind
|move|p1a: Heracross|Rock Blast|p2a: Pelipper
|-supereffective|p2a: Pelipper|1
|-damage|p2a: Pelipper|77/100
|-supereffective|p2a: Pelipper|1
|-damage|p2a: Pelipper|54/100
|-supereffective|p2a: Pelipper|1
|-damage|p2a: Pelipper|32/100
|-supereffective|p2a: Pelipper|1
|-damage|p2a: Pelipper|11/100
|-supereffective|p2a: Pelipper|1
|-damage|p2a: Pelipper|0 fnt
|faint|p2a: Pelipper
|-hitcount|p2: Pelipper|5
|
|-weather|RainDance|[upkeep]
|upkeep
|
|t:|1783556749
|switch|p2a: Venusaur|Venusaur, L50, M|100/100
|turn|2
|
|t:|1783556757
|detailschange|p2a: Venusaur|Venusaur-Mega, L50, M
|-mega|p2a: Venusaur|Venusaur|Venusaurite
|move|p1b: Maushold|Helping Hand|p1a: Heracross
|-singleturn|p1a: Heracross|Helping Hand|[of] p1b: Maushold
|move|p2a: Venusaur|Sludge Bomb|p1b: Maushold
|-damage|p1b: Maushold|38/100
|move|p2b: Grimmsnarl|Spirit Break|p1a: Heracross
|-supereffective|p1a: Heracross|1
|-damage|p1a: Heracross|58/100
|-unboost|p1a: Heracross|spa|1
|move|p1a: Heracross|Brick Break|p2b: Grimmsnarl
|-sideend|p2: PizzaSanwitch|Reflect
|-damage|p2b: Grimmsnarl|7/100
|
|-weather|RainDance|[upkeep]
|upkeep
|turn|3
|inactive|Pineyfressh has 30 seconds left.
|l|☆Pineyfressh
|inactive|Pineyfressh disconnected and has a minute to reconnect!
|player|p1|
|inactive|Pineyfressh has 20 seconds left.
|j|☆Pineyfressh
|inactive|Pineyfressh reconnected and has 20 seconds left.
|player|p1|Pineyfressh|169|
|inactive|Pineyfressh has 15 seconds left.
|inactive|Pineyfressh has 10 seconds left.
|inactive|Pineyfressh has 5 seconds left.
|
|t:|1783556808
|move|p1b: Maushold|Follow Me|p1b: Maushold
|-singleturn|p1b: Maushold|move: Follow Me
|move|p2a: Venusaur|Sludge Bomb|p1b: Maushold
|-damage|p1b: Maushold|0 fnt
|faint|p1b: Maushold
|move|p2b: Grimmsnarl|Spirit Break|p1a: Heracross
|-supereffective|p1a: Heracross|1
|-damage|p1a: Heracross|2/100
|-unboost|p1a: Heracross|spa|1
|move|p1a: Heracross|Brick Break|p2b: Grimmsnarl
|-damage|p2b: Grimmsnarl|0 fnt
|faint|p2b: Grimmsnarl
|
|-weather|RainDance|[upkeep]
|upkeep
|
|t:|1783556821
|switch|p1b: Gengar|Gengar, L50, M|100/100
|switch|p2b: Archaludon|Archaludon, L50, M|100/100
|turn|4
|
|t:|1783556836
|move|p2b: Archaludon|Electro Shot||[still]
|-prepare|p2b: Archaludon|Electro Shot
|-boost|p2b: Archaludon|spa|1
|-anim|p2b: Archaludon|Electro Shot|p1a: Heracross
|-damage|p1a: Heracross|0 fnt
|faint|p1a: Heracross
|move|p2a: Venusaur|Earth Power|p1b: Gengar
|-supereffective|p1b: Gengar|1
|-crit|p1b: Gengar
|-enditem|p1b: Gengar|Focus Sash
|-damage|p1b: Gengar|1/100
|move|p1b: Gengar|Perish Song|p1b: Gengar
|-start|p1b: Gengar|perish3|[silent]
|-start|p2a: Venusaur|perish3|[silent]
|-start|p2b: Archaludon|perish3|[silent]
|-fieldactivate|move: Perish Song
|
|-weather|RainDance|[upkeep]
|-start|p2b: Archaludon|perish3
|-start|p2a: Venusaur|perish3
|-start|p1b: Gengar|perish3
|-sideend|p2: PizzaSanwitch|move: Tailwind
|upkeep
|
|t:|1783556852
|switch|p1a: Appletun|Appletun, L50, M|100/100
|turn|5
|
|t:|1783556863
|move|p1a: Appletun|Protect|p1a: Appletun
|-singleturn|p1a: Appletun|Protect
|move|p1b: Gengar|Destiny Bond|p1b: Gengar
|-singlemove|p1b: Gengar|Destiny Bond
|move|p2b: Archaludon|Electro Shot||[still]
|-prepare|p2b: Archaludon|Electro Shot
|-boost|p2b: Archaludon|spa|1
|-anim|p2b: Archaludon|Electro Shot|p1b: Gengar
|-damage|p1b: Gengar|0 fnt
|-start|p2b: Archaludon|Disable|Electro Shot|[from] ability: Cursed Body|[of] p1b: Gengar
|faint|p1b: Gengar
|-activate|p1b: Gengar|move: Destiny Bond
|faint|p2b: Archaludon
|move|p2a: Venusaur|Sludge Bomb|p1a: Appletun
|-activate|p1a: Appletun|move: Protect
|
|-weather|none
|-start|p2a: Venusaur|perish2
|upkeep
|turn|6
|
|t:|1783556881
|move|p2a: Venusaur|Sludge Bomb|p1a: Appletun
|-supereffective|p1a: Appletun|1
|-damage|p1a: Appletun|30/100
|-status|p1a: Appletun|psn
|-enditem|p1a: Appletun|Sitrus Berry|[eat]
|-heal|p1a: Appletun|55/100 psn|[from] item: Sitrus Berry
|move|p1a: Appletun|Recover|p1a: Appletun
|-heal|p1a: Appletun|100/100 psn
|
|-damage|p1a: Appletun|87/100 psn|[from] psn
|-start|p2a: Venusaur|perish1
|upkeep
|turn|7
|
|t:|1783556892
|move|p1a: Appletun|Protect|p1a: Appletun
|-singleturn|p1a: Appletun|Protect
|move|p2a: Venusaur|Sludge Bomb|p1a: Appletun
|-activate|p1a: Appletun|move: Protect
|
|-damage|p1a: Appletun|75/100 psn|[from] psn
|-start|p2a: Venusaur|perish0
|faint|p2a: Venusaur
|
|win|Pineyfressh
||PizzaSanwitch is ready for game 3.
||Pineyfressh is ready for game 3.
|uhtml|next|Next: Game 3 of 3
