|j|☆Bruneauxx
|j|☆HorrendousCheese
|html|BruneauxxHorrendousCheese    
|uhtml|bestof|Game 1 of a best-of-3
|t:|1756953223
|gametype|doubles
|player|p1|Bruneauxx|fisherman-gen4|1159
|player|p2|HorrendousCheese|burglar|1289
|gen|9
|tier|[Gen 9] VGC 2025 Reg H (Bo3)
|rated|
|rule|Species Clause: Limit one of each Pokémon
|rule|Item Clause: Limit 1 of each item
|clearpoke
|poke|p1|Braviary-Hisui, L50, M|
|poke|p1|Sneasler, L50, F|
|poke|p1|Indeedee-F, L50, F|
|poke|p1|Pelipper, L50, M|
|poke|p1|Archaludon, L50, M|
|poke|p1|Kingambit, L50, F|
|poke|p2|Maushold-Four, L50|
|poke|p2|Incineroar, L50, M|
|poke|p2|Pelipper, L50, M|
|poke|p2|Volcarona, L50, F|
|poke|p2|Rillaboom, L50, M|
|poke|p2|Archaludon, L50, M|
|teampreview|4
|showteam|p1|Braviary-Hisui||TwistedSpoon|TintedLens|ExpandingForce,AirSlash,EsperWing,Protect|||M|||50|,,,,,Psychic]Sneasler||PsychicSeed|Unburden|DireClaw,CloseCombat,ThroatChop,Protect|||F|||50|,,,,,Dark]Indeedee-F||SafetyGoggles|PsychicSurge|DazzlingGleam,FollowMe,TrickRoom,HelpingHand|||F|||50|,,,,,Fairy]Pelipper||FocusSash|Drizzle|Hurricane,WeatherBall,Tailwind,Protect|||M|||50|,,,,,Stellar]Archaludon||AssaultVest|Stamina|ElectroShot,FlashCannon,DragonPulse,BodyPress|||M|||50|,,,,,Grass]Kingambit||BlackGlasses|Defiant|KowtowCleave,LowKick,SwordsDance,Protect|||F|||50|,,,,,Dark
|showteam|p2|Maushold-Four||WideLens|Technician|Protect,FollowMe,ThunderWave,PopulationBomb||||||50|,,,,,Grass]Incineroar||SafetyGoggles|Intimidate|PartingShot,Taunt,FakeOut,KnockOff|||M|||50|,,,,,Ghost]Pelipper||FocusSash|Drizzle|Protect,Tailwind,Hurricane,MuddyWater|||M|||50|,,,,,Ghost]Volcarona||GrassySeed|FlameBody|Protect,QuiverDance,TeraBlast,HeatWave|||F|||50|,,,,,Fairy]Rillaboom||AssaultVest|GrassySurge|Uturn,FakeOut,GrassyGlide,WoodHammer|||M|||50|,,,,,Fire]Archaludon||PowerHerb|Sturdy|Protect,Thunderbolt,ElectroShot,DragonPulse|||M|||50|,,,,,Electric
|inactive|Battle timer is ON: inactive players will automatically lose when time's up. (requested by Bruneauxx)
|
|t:|1756953297
|teamsize|p1|4
|teamsize|p2|4
|start
|switch|p1a: Kingambit|Kingambit, L50, F|100/100
|switch|p1b: Pelipper|Pelipper, L50, M|100/100
|switch|p2a: Incineroar|Incineroar, L50, M|100/100
|switch|p2b: Volcarona|Volcarona, L50, F|100/100
|-weather|RainDance|[from] ability: Drizzle|[of] p1b: Pelipper
|-ability|p2a: Incineroar|Intimidate|boost
|-unboost|p1a: Kingambit|atk|1
|-ability|p1a: Kingambit|Defiant|boost
|-boost|p1a: Kingambit|atk|2
|-unboost|p1b: Pelipper|atk|1
|turn|1
|
|t:|1756953317
|-terastallize|p2b: Volcarona|Fairy
|move|p2a: Incineroar|Fake Out|p1b: Pelipper
|-crit|p1b: Pelipper
|-damage|p1b: Pelipper|83/100
|move|p2b: Volcarona|Quiver Dance|p2b: Volcarona
|-boost|p2b: Volcarona|spa|1
|-boost|p2b: Volcarona|spd|1
|-boost|p2b: Volcarona|spe|1
|cant|p1b: Pelipper|flinch
|move|p1a: Kingambit|Swords Dance|p1a: Kingambit
|-boost|p1a: Kingambit|atk|2
|
|-weather|RainDance|[upkeep]
|upkeep
|turn|2
|
|t:|1756953338
|switch|p2a: Rillaboom|Rillaboom, L50, M|100/100
|-fieldstart|move: Grassy Terrain|[from] ability: Grassy Surge|[of] p2a: Rillaboom
|-enditem|p2b: Volcarona|Grassy Seed
|-boost|p2b: Volcarona|def|1|[from] item: Grassy Seed
|-terastallize|p1b: Pelipper|Stellar
|move|p2b: Volcarona|Tera Blast|p1b: Pelipper|[anim] Tera Blast Fairy
|-damage|p1b: Pelipper|3/100
|move|p1b: Pelipper|Hurricane|p2b: Volcarona
|-damage|p2b: Volcarona|69/100
|move|p1a: Kingambit|Low Kick|p2a: Rillaboom
|-damage|p2a: Rillaboom|24/100
|
|-weather|RainDance|[upkeep]
|-heal|p2b: Volcarona|75/100|[from] Grassy Terrain
|-heal|p2a: Rillaboom|30/100|[from] Grassy Terrain
|upkeep
|turn|3
|inactive|Bruneauxx has 30 seconds left.
|inactive|HorrendousCheese has 30 seconds left.
|
|t:|1756953373
|switch|p1b: Archaludon|Archaludon, L50, M|100/100
|move|p2b: Volcarona|Heat Wave|p1a: Kingambit|[spread] p1a,p1b
|-supereffective|p1a: Kingambit
|-damage|p1a: Kingambit|57/100
|-damage|p1b: Archaludon|84/100
|-ability|p1b: Archaludon|Stamina|boost
|-boost|p1b: Archaludon|def|1
|move|p2a: Rillaboom|Wood Hammer|p1a: Kingambit
|-resisted|p1a: Kingambit
|-damage|p1a: Kingambit|28/100
|-damage|p2a: Rillaboom|20/100|[from] Recoil
|move|p1a: Kingambit|Kowtow Cleave|p2b: Volcarona
|-resisted|p2b: Volcarona
|-damage|p2b: Volcarona|21/100
|
|-weather|RainDance|[upkeep]
|-heal|p2b: Volcarona|27/100|[from] Grassy Terrain
|-heal|p2a: Rillaboom|26/100|[from] Grassy Terrain
|-heal|p1b: Archaludon|90/100|[from] Grassy Terrain
|-heal|p1a: Kingambit|34/100|[from] Grassy Terrain
|upkeep
|turn|4
|inactive|HorrendousCheese has 30 seconds left.
|inactive|HorrendousCheese has 20 seconds left.
|inactive|HorrendousCheese has 15 seconds left.
|
|t:|1756953417
|move|p2b: Volcarona|Protect|p2b: Volcarona
|-singleturn|p2b: Volcarona|Protect
|move|p1a: Kingambit|Protect|p1a: Kingambit
|-singleturn|p1a: Kingambit|Protect
|move|p2a: Rillaboom|Wood Hammer|p1a: Kingambit
|-activate|p1a: Kingambit|move: Protect
|move|p1b: Archaludon|Flash Cannon|p2b: Volcarona
|-activate|p2b: Volcarona|move: Protect
|
|-weather|RainDance|[upkeep]
|-heal|p2b: Volcarona|33/100|[from] Grassy Terrain
|-heal|p2a: Rillaboom|32/100|[from] Grassy Terrain
|-heal|p1b: Archaludon|96/100|[from] Grassy Terrain
|-heal|p1a: Kingambit|40/100|[from] Grassy Terrain
|upkeep
|turn|5
|inactive|Bruneauxx has 30 seconds left.
|
|t:|1756953443
|switch|p2a: Archaludon|Archaludon, L50, M|100/100
|switch|p1a: Sneasler|Sneasler, L50, F|100/100
|move|p2b: Volcarona|Tera Blast|p1a: Sneasler|[anim] Tera Blast Fairy
|-damage|p1a: Sneasler|27/100
|move|p1b: Archaludon|Flash Cannon|p2b: Volcarona
|-supereffective|p2b: Volcarona
|-damage|p2b: Volcarona|0 fnt
|faint|p2b: Volcarona
|
|-weather|none
|-heal|p1a: Sneasler|33/100|[from] Grassy Terrain
|-heal|p1b: Archaludon|100/100|[from] Grassy Terrain
|upkeep
|
|t:|1756953453
|switch|p2b: Incineroar|Incineroar, L50, M|100/100
|-ability|p2b: Incineroar|Intimidate|boost
|-unboost|p1a: Sneasler|atk|1
|-unboost|p1b: Archaludon|atk|1
|turn|6
|
|t:|1756953473
|move|p1a: Sneasler|Protect|p1a: Sneasler
|-singleturn|p1a: Sneasler|Protect
|move|p2a: Archaludon|Electro Shot||[still]
|-prepare|p2a: Archaludon|Electro Shot
|-boost|p2a: Archaludon|spa|1
|-enditem|p2a: Archaludon|Power Herb
|-anim|p2a: Archaludon|Electro Shot|p1b: Archaludon
|-resisted|p1b: Archaludon
|-damage|p1b: Archaludon|74/100
|-ability|p1b: Archaludon|Stamina|boost
|-boost|p1b: Archaludon|def|1
|move|p1b: Archaludon|Body Press|p2a: Archaludon
|-supereffective|p2a: Archaludon
|-damage|p2a: Archaludon|18/100
|move|p2b: Incineroar|Parting Shot|p1b: Archaludon
|-unboost|p1b: Archaludon|atk|1
|-unboost|p1b: Archaludon|spa|1
|
|t:|1756953487
|switch|p2b: Rillaboom|Rillaboom, L50, M|32/100|[from] Parting Shot
|
|-heal|p1a: Sneasler|39/100|[from] Grassy Terrain
|-heal|p2a: Archaludon|24/100|[from] Grassy Terrain
|-heal|p2b: Rillaboom|38/100|[from] Grassy Terrain
|-heal|p1b: Archaludon|80/100|[from] Grassy Terrain
|-fieldend|move: Grassy Terrain
|upkeep
|turn|7
|inactive|HorrendousCheese has 30 seconds left.
|
|t:|1756953519
|switch|p1a: Kingambit|Kingambit, L50, F|40/100
|move|p2b: Rillaboom|Fake Out|p1b: Archaludon
|-resisted|p1b: Archaludon
|-crit|p1b: Archaludon
|-damage|p1b: Archaludon|72/100
|-ability|p1b: Archaludon|Stamina|boost
|-boost|p1b: Archaludon|def|1
|move|p2a: Archaludon|Thunderbolt|p1a: Kingambit
|-damage|p1a: Kingambit|0 fnt
|faint|p1a: Kingambit
|cant|p1b: Archaludon|flinch
|
|upkeep
|
|t:|1756953529
|switch|p1a: Sneasler|Sneasler, L50, F|39/100
|turn|8
|
|t:|1756953536
|switch|p2b: Incineroar|Incineroar, L50, M|100/100
|-ability|p2b: Incineroar|Intimidate|boost
|-unboost|p1a: Sneasler|atk|1
|-unboost|p1b: Archaludon|atk|1
|move|p2a: Archaludon|Protect|p2a: Archaludon
|-singleturn|p2a: Archaludon|Protect
|move|p1a: Sneasler|Close Combat|p2a: Archaludon
|-activate|p2a: Archaludon|move: Protect
|move|p1b: Archaludon|Body Press|p2b: Incineroar
|-supereffective|p2b: Incineroar
|-damage|p2b: Incineroar|0 fnt
|faint|p2b: Incineroar
|
|upkeep
|
|t:|1756953544
|switch|p2b: Rillaboom|Rillaboom, L50, M|38/100
|-fieldstart|move: Grassy Terrain|[from] ability: Grassy Surge|[of] p2b: Rillaboom
|turn|9
|
|t:|1756953551
|move|p2b: Rillaboom|Fake Out|p1b: Archaludon
|-resisted|p1b: Archaludon
|-damage|p1b: Archaludon|70/100
|-ability|p1b: Archaludon|Stamina|boost
|-boost|p1b: Archaludon|def|1
|move|p1a: Sneasler|Close Combat|p2a: Archaludon
|-supereffective|p2a: Archaludon
|-damage|p2a: Archaludon|0 fnt
|-unboost|p1a: Sneasler|def|1
|-unboost|p1a: Sneasler|spd|1
|faint|p2a: Archaludon
|cant|p1b: Archaludon|flinch
|
|-heal|p1a: Sneasler|45/100|[from] Grassy Terrain
|-heal|p2b: Rillaboom|44/100|[from] Grassy Terrain
|-heal|p1b: Archaludon|76/100|[from] Grassy Terrain
|upkeep
|turn|10
|
|t:|1756953561
|switch|p1a: Pelipper|Pelipper, L50, M, tera:Stellar|3/100
|-weather|RainDance|[from] ability: Drizzle|[of] p1a: Pelipper
|move|p2b: Rillaboom|Grassy Glide|p1a: Pelipper
|-damage|p1a: Pelipper|0 fnt
|faint|p1a: Pelipper
|move|p1b: Archaludon|Body Press|p2b: Rillaboom
|-damage|p2b: Rillaboom|0 fnt
|faint|p2b: Rillaboom
|
|win|Bruneauxx
||HorrendousCheese is ready for game 2.
||Bruneauxx is ready for game 2.
|uhtml|next|Next: Game 2 of 3
