|j|☆Raucho
|j|☆sbhaga34
|html|Rauchosbhaga34    
|uhtml|bestof|Game 1 of a best-of-3
|t:|1757189072
|gametype|doubles
|player|p1|Raucho|n|1226
|player|p2|sbhaga34|hugh|1256
|gen|9
|tier|[Gen 9] VGC 2025 Reg H (Bo3)
|rated|
|rule|Species Clause: Limit one of each Pokémon
|rule|Item Clause: Limit 1 of each item
|clearpoke
|poke|p1|Gholdengo, L50|
|poke|p1|Dragonite, L50, F|
|poke|p1|Indeedee, L50, M|
|poke|p1|Sneasler, L50, M|
|poke|p1|Electabuzz, L50, M|
|poke|p1|Ursaluna-Bloodmoon, L50, M|
|poke|p2|Indeedee-F, L50, F|
|poke|p2|Murkrow, L50, F|
|poke|p2|Tyranitar, L50, M|
|poke|p2|Excadrill, L50, M|
|poke|p2|Gardevoir, L50, M|
|poke|p2|Ursaluna-Bloodmoon, L50, M|
|teampreview|4
|showteam|p1|Gholdengo||IronPlate|GoodasGold|MakeItRain,ShadowBall,NastyPlot,Protect||||||50|,,,,,Dragon]Dragonite||LoadedDice|InnerFocus|ScaleShot,StompingTantrum,Haze,Tailwind|||F|||50|,,,,,Fairy]Indeedee||FocusSash|PsychicSurge|ExpandingForce,Imprison,TrickRoom,Protect|||M|||50|,,,,,Psychic]Sneasler||PsychicSeed|Unburden|ThroatChop,CloseCombat,DireClaw,Protect|||M|||50|,,,,,Dark]Electabuzz||Eviolite|VitalSpirit|Electroweb,Taunt,FollowMe,Protect|||M|||50|,,,,,Dragon]Ursaluna-Bloodmoon||LifeOrb|MindsEye|HyperVoice,BloodMoon,EarthPower,Protect|||M|||50|,,,,,Normal
|showteam|p2|Indeedee-F||SafetyGoggles|PsychicSurge|FollowMe,TrickRoom,HelpingHand,Psychic|||F|||50|,,,,,Fairy]Murkrow||Eviolite|Prankster|Tailwind,Haze,BraveBird,FoulPlay|||F|||50|,,,,,Ghost]Tyranitar||WeaknessPolicy|SandStream|RockSlide,KnockOff,LowKick,Protect|||M|||50|,,,,,Flying]Excadrill||FocusSash|SandRush|Earthquake,IronHead,SwordsDance,Protect|||M|||50|,,,,,Ground]Gardevoir||ChoiceScarf|Telepathy|ExpandingForce,DazzlingGleam,Moonblast,IcyWind|||M|||50|,,,,,Psychic]Ursaluna-Bloodmoon||AssaultVest|MindsEye|BloodMoon,HyperVoice,EarthPower,Snarl|||M|||50|,,,,,Electric
|inactive|Battle timer is ON: inactive players will automatically lose when time's up. (requested by Raucho)
|
|t:|1757189093
|teamsize|p1|4
|teamsize|p2|4
|start
|switch|p1a: Electabuzz|Electabuzz, L50, M, shiny|100/100
|switch|p1b: Indeedee|Indeedee, L50, M, shiny|100/100
|switch|p2a: Murkrow|Murkrow, L50, F|100/100
|switch|p2b: Tyranitar|Tyranitar, L50, M|100/100
|-fieldstart|move: Psychic Terrain|[from] ability: Psychic Surge|[of] p1b: Indeedee
|-weather|Sandstorm|[from] ability: Sand Stream|[of] p2b: Tyranitar
|turn|1
|
|t:|1757189112
|switch|p2a: Gardevoir|Gardevoir, L50, M, shiny|100/100
|move|p1b: Indeedee|Protect|p1b: Indeedee
|-singleturn|p1b: Indeedee|Protect
|move|p1a: Electabuzz|Electroweb|p2b: Tyranitar|[spread] p2a,p2b
|-damage|p2a: Gardevoir|85/100
|-damage|p2b: Tyranitar|91/100
|-unboost|p2a: Gardevoir|spe|1
|-unboost|p2b: Tyranitar|spe|1
|move|p2b: Tyranitar|Knock Off|p1a: Electabuzz
|-damage|p1a: Electabuzz|54/100
|-enditem|p1a: Electabuzz|Eviolite|[from] move: Knock Off|[of] p2b: Tyranitar
|
|-weather|Sandstorm|[upkeep]
|-damage|p1b: Indeedee|95/100|[from] Sandstorm
|-damage|p1a: Electabuzz|47/100|[from] Sandstorm
|-damage|p2a: Gardevoir|79/100|[from] Sandstorm
|upkeep
|turn|2
|inactive|Raucho has 30 seconds left.
|
|t:|1757189140
|switch|p2a: Murkrow|Murkrow, L50, F|100/100
|move|p1b: Indeedee|Expanding Force|p2b: Tyranitar|[spread] 
|-immune|p2a: Murkrow
|-immune|p2b: Tyranitar
|move|p1a: Electabuzz|Taunt|p2a: Murkrow
|-start|p2a: Murkrow|move: Taunt
|move|p2b: Tyranitar|Knock Off|p1b: Indeedee
|-supereffective|p1b: Indeedee
|-damage|p1b: Indeedee|0 fnt
|-enditem|p1b: Indeedee|Focus Sash|[from] move: Knock Off|[of] p2b: Tyranitar
|faint|p1b: Indeedee
|
|-weather|Sandstorm|[upkeep]
|-damage|p1a: Electabuzz|41/100|[from] Sandstorm
|-damage|p2a: Murkrow|95/100|[from] Sandstorm
|upkeep
|
|t:|1757189149
|switch|p1b: Gholdengo|Gholdengo, L50, shiny|100/100
|turn|3
|inactive|sbhaga34 has 30 seconds left.
|
|t:|1757189175
|move|p1a: Electabuzz|Electroweb|p2b: Tyranitar|[spread] p2a,p2b
|-supereffective|p2a: Murkrow
|-damage|p2a: Murkrow|65/100
|-damage|p2b: Tyranitar|82/100
|-unboost|p2a: Murkrow|spe|1
|-unboost|p2b: Tyranitar|spe|1
|move|p1b: Gholdengo|Make It Rain|p2b: Tyranitar|[spread] p2a,p2b
|-supereffective|p2b: Tyranitar
|-damage|p2a: Murkrow|3/100
|-damage|p2b: Tyranitar|14/100
|-unboost|p1b: Gholdengo|spa|1
|-enditem|p2b: Tyranitar|Weakness Policy
|-boost|p2b: Tyranitar|atk|2|[from] item: Weakness Policy
|-boost|p2b: Tyranitar|spa|2|[from] item: Weakness Policy
|move|p2a: Murkrow|Brave Bird|p1a: Electabuzz
|-resisted|p1a: Electabuzz
|-damage|p1a: Electabuzz|15/100
|-damage|p2a: Murkrow|0 fnt|[from] Recoil
|faint|p2a: Murkrow
|move|p2b: Tyranitar|Knock Off|p1b: Gholdengo
|-supereffective|p1b: Gholdengo
|-damage|p1b: Gholdengo|0 fnt
|-enditem|p1b: Gholdengo|Iron Plate|[from] move: Knock Off|[of] p2b: Tyranitar
|faint|p1b: Gholdengo
|
|-weather|Sandstorm|[upkeep]
|-damage|p1a: Electabuzz|9/100|[from] Sandstorm
|upkeep
|
|t:|1757189197
|switch|p1b: Sneasler|Sneasler, L50, M, shiny|100/100
|switch|p2a: Excadrill|Excadrill, L50, M, shiny|100/100
|-enditem|p1b: Sneasler|Psychic Seed
|-boost|p1b: Sneasler|spd|1|[from] item: Psychic Seed
|turn|4
|
|t:|1757189214
|-terastallize|p1b: Sneasler|Dark
|move|p2b: Tyranitar|Protect|p2b: Tyranitar
|-singleturn|p2b: Tyranitar|Protect
|move|p1a: Electabuzz|Follow Me|p1a: Electabuzz
|-singleturn|p1a: Electabuzz|move: Follow Me
|move|p1b: Sneasler|Throat Chop|p2a: Excadrill
|-damage|p2a: Excadrill|37/100
|-start|p2a: Excadrill|Throat Chop|[silent]
|move|p2a: Excadrill|Earthquake|p1b: Sneasler|[spread] p1a,p1b
|-activate|p2b: Tyranitar|move: Protect
|-supereffective|p1a: Electabuzz
|-damage|p1a: Electabuzz|0 fnt
|-damage|p1b: Sneasler|35/100
|faint|p1a: Electabuzz
|
|-weather|Sandstorm|[upkeep]
|-damage|p1b: Sneasler|30/100|[from] Sandstorm
|upkeep
|turn|5
|
|t:|1757189232
|move|p1b: Sneasler|Throat Chop|p2a: Excadrill
|-damage|p2a: Excadrill|0 fnt
|faint|p2a: Excadrill
|move|p2b: Tyranitar|Low Kick|p1b: Sneasler
|-supereffective|p1b: Sneasler
|-damage|p1b: Sneasler|0 fnt
|faint|p1b: Sneasler
|
|win|sbhaga34
||sbhaga34 is ready for game 2.
