|j|☆AmethystRemnant
|j|☆offkeylime
|html|AmethystRemnantoffkeylime    
|uhtml|bestof|Game 3 of a best-of-3
|t:|1757227350
|gametype|doubles
|player|p1|AmethystRemnant|youngster-gen4dp|
|player|p2|offkeylime|pokemonbreeder-gen4|
|gen|9
|tier|[Gen 9] VGC 2025 Reg H (Bo3)
|rule|Species Clause: Limit one of each Pokémon
|rule|Item Clause: Limit 1 of each item
|clearpoke
|poke|p1|Weavile, L50, M|
|poke|p1|Slaking, L50, M|
|poke|p1|Drifblim, L50, F|
|poke|p1|Weezing-Galar, L50, M|
|poke|p1|Forretress, L50, F|
|poke|p1|Tinkaton, L50, F|
|poke|p2|Hatterene, L50, F|
|poke|p2|Slowking-Galar, L50, F|
|poke|p2|Azumarill, L50, M|
|poke|p2|Mimikyu, L50, F|
|poke|p2|Kingambit, L50, M|
|poke|p2|Hydreigon, L50, M|
|teampreview|4
|showteam|p1|Weavile||FocusSash|Pressure|HoneClaws,TripleAxel,IceShard,KnockOff|||M|||50|,,,,,Dark]Slaking||AssaultVest|Truant|DrainPunch,Earthquake,RockSlide,KnockOff|||M|||50|,,,,,Normal]Drifblim||SitrusBerry|Aftermath|SkillSwap,TrickRoom,HelpingHand,ShadowBall|||F|||50|,,,,,Ghost]Weezing-Galar||Leftovers|NeutralizingGas|Protect,SludgeBomb,Stockpile,Taunt|||M|||50|,,,,,Poison]Forretress||RockyHelmet|Sturdy|SeedBomb,Curse,Protect,Lunge|||F|||50|,,,,,Bug]Tinkaton||WideLens|MoldBreaker|KnockOff,PlayRough,RockSlide,GigatonHammer|||F|||50|,,,,,Fairy
|showteam|p2|Hatterene||EjectButton|Healer|TrickRoom,GigaDrain,Psychic,DrainingKiss|||F|||50|,,,,,Psychic]Slowking-Galar||RockyHelmet|CuriousMedicine|GrassKnot,ThunderPunch,SludgeWave,Psychic|||F|||50|,,,,,Poison]Azumarill||SitrusBerry|HugePower|PlayRough,AquaJet,BellyDrum,KnockOff|||M|||50|,,,,,Water]Mimikyu||LifeOrb|Disguise|TrickRoom,ShadowClaw,SwordsDance,PlayRough|||F|||50|,,,,,Ghost]Kingambit||BlackGlasses|SupremeOverlord|SwordsDance,SuckerPunch,KowtowCleave,IronHead|||M|||50|,,,,,Dark]Hydreigon||Leftovers|Levitate|NastyPlot,DracoMeteor,FlashCannon,Substitute|||M|||50|,,,,,Dark
|
|t:|1757227383
|teamsize|p1|4
|teamsize|p2|4
|start
|switch|p1a: Weavile|Weavile, L50, M|100/100
|switch|p1b: Tinkaton|Tinkaton, L50, F, shiny|100/100
|switch|p2a: Mimikyu|Mimikyu, L50, F|100/100
|switch|p2b: Azumarill|Azumarill, L50, M|100/100
|-ability|p1a: Weavile|Pressure
|-ability|p1b: Tinkaton|Mold Breaker
|turn|1
|
|t:|1757227407
|move|p1a: Weavile|Triple Axel|p2a: Mimikyu
|-activate|p2a: Mimikyu|ability: Disguise
|-damage|p2a: Mimikyu|100/100
|detailschange|p2a: Mimikyu|Mimikyu-Busted, L50, F
|-damage|p2a: Mimikyu|88/100|[from] pokemon: Mimikyu-Busted
|-damage|p2a: Mimikyu|59/100
|-damage|p2a: Mimikyu|18/100
|-hitcount|p2a: Mimikyu|3
|move|p1b: Tinkaton|Rock Slide|p2a: Mimikyu|[spread] p2a,p2b
|-damage|p2a: Mimikyu|0 fnt
|-damage|p2b: Azumarill|86/100
|faint|p2a: Mimikyu
|move|p2b: Azumarill|Knock Off|p1b: Tinkaton
|-resisted|p1b: Tinkaton
|-damage|p1b: Tinkaton|71/100
|-enditem|p1b: Tinkaton|Wide Lens|[from] move: Knock Off|[of] p2b: Azumarill
|
|upkeep
|
|t:|1757227423
|switch|p2a: Hatterene|Hatterene, L50, F|100/100
|turn|2
|
|t:|1757227440
|move|p2b: Azumarill|Aqua Jet|p1a: Weavile
|-crit|p1a: Weavile
|-damage|p1a: Weavile|28/100
|move|p1a: Weavile|Knock Off|p2a: Hatterene
|-damage|p2a: Hatterene|43/100
|-enditem|p2a: Hatterene|Eject Button|[from] move: Knock Off|[of] p1a: Weavile
|move|p1b: Tinkaton|Knock Off|p2a: Hatterene
|-damage|p2a: Hatterene|25/100
|move|p2a: Hatterene|Trick Room|p2a: Hatterene
|-fieldstart|move: Trick Room|[of] p2a: Hatterene
|
|upkeep
|turn|3
|
|t:|1757227460
|move|p2b: Azumarill|Aqua Jet|p1a: Weavile
|-damage|p1a: Weavile|0 fnt
|faint|p1a: Weavile
|move|p2a: Hatterene|Giga Drain|p1b: Tinkaton
|-resisted|p1b: Tinkaton
|-damage|p1b: Tinkaton|56/100
|-heal|p2a: Hatterene|32/100|[from] drain|[of] p1b: Tinkaton
|move|p1b: Tinkaton|Gigaton Hammer|p2b: Azumarill
|-damage|p2b: Azumarill|28/100
|-enditem|p2b: Azumarill|Sitrus Berry|[eat]
|-heal|p2b: Azumarill|53/100|[from] item: Sitrus Berry
|
|upkeep
|
|t:|1757227479
|switch|p1a: Slaking|Slaking, L50, M, shiny|100/100
|turn|4
|
|t:|1757227490
|switch|p1b: Drifblim|Drifblim, L50, F|100/100
|move|p2b: Azumarill|Aqua Jet|p1b: Drifblim
|-damage|p1b: Drifblim|67/100
|move|p2a: Hatterene|Giga Drain|p1a: Slaking
|-damage|p1a: Slaking|81/100
|-heal|p2a: Hatterene|49/100|[from] drain|[of] p1a: Slaking
|move|p1a: Slaking|Knock Off|p2a: Hatterene
|-damage|p2a: Hatterene|14/100
|
|upkeep
|turn|5
|
|t:|1757227510
|move|p2b: Azumarill|Aqua Jet|p1b: Drifblim
|-damage|p1b: Drifblim|33/100
|-enditem|p1b: Drifblim|Sitrus Berry|[eat]
|-heal|p1b: Drifblim|58/100|[from] item: Sitrus Berry
|move|p2a: Hatterene|Giga Drain|p1a: Slaking
|-damage|p1a: Slaking|63/100
|-heal|p2a: Hatterene|30/100|[from] drain|[of] p1a: Slaking
|move|p1b: Drifblim|Skill Swap|p1a: Slaking
|-activate|p1b: Drifblim|move: Skill Swap|||[of] p1a: Slaking
|move|p1a: Slaking|Earthquake|p2a: Hatterene|[spread] p2a,p2b
|-immune|p1b: Drifblim
|-damage|p2a: Hatterene|0 fnt
|-damage|p2b: Azumarill|17/100
|faint|p2a: Hatterene
|
|upkeep
|
|t:|1757227524
|switch|p2a: Hydreigon|Hydreigon, L50, M|100/100
|turn|6
|
|t:|1757227537
|move|p2b: Azumarill|Aqua Jet|p1b: Drifblim
|-damage|p1b: Drifblim|25/100
|move|p1a: Slaking|Drain Punch|p2a: Hydreigon
|-supereffective|p2a: Hydreigon
|-damage|p2a: Hydreigon|25/100
|-heal|p1a: Slaking|88/100|[from] drain|[of] p2a: Hydreigon
|move|p2a: Hydreigon|Substitute|p2a: Hydreigon
|-fail|p2a: Hydreigon|move: Substitute|[weak]
|cant|p1b: Drifblim|ability: Truant
|
|-heal|p2a: Hydreigon|31/100|[from] item: Leftovers
|-fieldend|move: Trick Room
|upkeep
|turn|7
|
|t:|1757227559
|move|p2b: Azumarill|Aqua Jet|p1b: Drifblim
|-damage|p1b: Drifblim|0 fnt
|faint|p1b: Drifblim
|move|p2a: Hydreigon|Draco Meteor|p1a: Slaking
|-damage|p1a: Slaking|45/100
|-unboost|p2a: Hydreigon|spa|2
|move|p1a: Slaking|Rock Slide|p2a: Hydreigon|[spread] p2a,p2b
|-damage|p2a: Hydreigon|4/100
|-damage|p2b: Azumarill|0 fnt
|faint|p2b: Azumarill
|
|-heal|p2a: Hydreigon|10/100|[from] item: Leftovers
|upkeep
|
|t:|1757227573
|switch|p1b: Tinkaton|Tinkaton, L50, F, shiny|56/100
|-ability|p1b: Tinkaton|Mold Breaker
|turn|8
|
|t:|1757227584
|move|p2a: Hydreigon|Draco Meteor|p1a: Slaking
|-damage|p1a: Slaking|25/100
|-unboost|p2a: Hydreigon|spa|2
|move|p1b: Tinkaton|Play Rough|p2a: Hydreigon
|-supereffective|p2a: Hydreigon
|-damage|p2a: Hydreigon|0 fnt
|faint|p2a: Hydreigon
|
|win|AmethystRemnant
|c|☆AmethystRemnant|gg
|c|☆offkeylime|GG!
|c|☆AmethystRemnant|idk how that last sucker punch missed last game
|c|☆offkeylime|I assumed it was a ghost interaction
|c|☆AmethystRemnant|yeah
|c|☆AmethystRemnant|weird
