|j|☆Tractie
|j|☆el_frolo
|html|Tractieel_frolo    
|uhtml|bestof|Game 1 of a best-of-3
|t:|1757183974
|gametype|doubles
|player|p1|Tractie|102|1195
|player|p2|el_frolo|266|1085
|gen|9
|tier|[Gen 9] VGC 2025 Reg H (Bo3)
|rated|
|rule|Species Clause: Limit one of each Pokémon
|rule|Item Clause: Limit 1 of each item
|clearpoke
|poke|p1|Gothitelle, L50, M|
|poke|p1|Dondozo, L50, M|
|poke|p1|Kingambit, L50, F|
|poke|p1|Sinistcha-Masterpiece, L50|
|poke|p1|Tauros-Paldea-Blaze, L50, M|
|poke|p1|Dragapult, L50, M|
|poke|p2|Gholdengo, L50|
|poke|p2|Incineroar, L50, F|
|poke|p2|Amoonguss, L50, F|
|poke|p2|Porygon2, L50|
|poke|p2|Ursaluna, L50, M|
|poke|p2|Dragonite, L50, M|
|teampreview|4
|showteam|p1|Gothitelle||SafetyGoggles|ShadowTag|FakeOut,Psychic,Taunt,Protect|||M|||50|,,,,,Water]Dondozo||Leftovers|Unaware|WaveCrash,BodyPress,Yawn,Protect|||M|||50|,,,,,Electric]Kingambit||BlackGlasses|Defiant|SuckerPunch,KowtowCleave,SwordsDance,Protect|||F|||50|,,,,,Dark]Sinistcha-Masterpiece||SitrusBerry|Hospitality|MatchaGotcha,LifeDew,RagePowder,TrickRoom||||||50|,,,,,Fairy]Tauros-Paldea-Blaze||ClearAmulet|Intimidate|FlareBlitz,RagingBull,CloseCombat,Protect|||M|||50|,,,,,Grass]Dragapult||LifeOrb|ClearBody|ShadowBall,DracoMeteor,TeraBlast,Protect|||M|||50|,,,,,Fairy
|showteam|p2|Gholdengo||LifeOrb|GoodasGold|MakeItRain,ShadowBall,NastyPlot,Protect||||||50|,,,,,Water]Incineroar||SafetyGoggles|Intimidate|KnockOff,FlareBlitz,FakeOut,PartingShot|||F|||50|,,,,,Ghost]Amoonguss||CovertCloak|Regenerator|RagePowder,PollenPuff,Protect,Spore|||F|||50|,,,,,Dark]Porygon2||Eviolite|Download|TeraBlast,IceBeam,TrickRoom,Recover||||||50|,,,,,Fighting]Ursaluna||FlameOrb|Guts|Facade,Earthquake,HeadlongRush,Protect|||M|||50|,,,,,Ghost]Dragonite||LoadedDice|Multiscale|ScaleShot,Tailwind,Protect,Haze|||M|||50|,,,,,Fairy
|inactive|Battle timer is ON: inactive players will automatically lose when time's up. (requested by Tractie)
|inactive|Tractie has 60 seconds left.
|inactive|el_frolo has 60 seconds left.
|inactive|Tractie has 30 seconds left.
|l|☆el_frolo
|inactive|el_frolo disconnected and has a minute to reconnect!
|player|p2|
|inactive|Tractie has 20 seconds left.
|inactive|Tractie has 15 seconds left.
|j|☆el_frolo
|inactive|el_frolo reconnected.
|player|p2|el_frolo|266|
|inactive|Tractie has 10 seconds left.
|inactive|Tractie has 5 seconds left.
|
|t:|1757184063
|teamsize|p1|4
|teamsize|p2|4
|start
|switch|p1a: Tauros|Tauros-Paldea-Blaze, L50, M|100/100
|switch|p1b: Gothitelle|Gothitelle, L50, M|100/100
|switch|p2a: Dragonite|Dragonite, L50, M|100/100
|switch|p2b: Amoonguss|Amoonguss, L50, F|100/100
|-ability|p1a: Tauros|Intimidate|boost
|-unboost|p2a: Dragonite|atk|1
|-unboost|p2b: Amoonguss|atk|1
|turn|1
|inactive|Tractie has 30 seconds left.
|inactive|el_frolo has 30 seconds left.
|inactive|Tractie has 20 seconds left.
|inactive|el_frolo has 20 seconds left.
|inactive|el_frolo has 15 seconds left.
|inactive|el_frolo has 10 seconds left.
|
|t:|1757184112
|move|p2a: Dragonite|Protect|p2a: Dragonite
|-singleturn|p2a: Dragonite|Protect
|move|p1a: Tauros|Raging Bull|p2a: Dragonite
|-activate|p2a: Dragonite|move: Protect
|move|p1b: Gothitelle|Taunt|p2b: Amoonguss
|-start|p2b: Amoonguss|move: Taunt
|cant|p2b: Amoonguss|move: Taunt|Spore
|
|upkeep
|turn|2
|inactive|Tractie has 30 seconds left.
|inactive|el_frolo has 30 seconds left.
|
|t:|1757184143
|move|p1a: Tauros|Raging Bull|p2b: Amoonguss
|-supereffective|p2b: Amoonguss
|-damage|p2b: Amoonguss|31/100
|move|p2a: Dragonite|Scale Shot|p1b: Gothitelle
|-damage|p1b: Gothitelle|92/100
|-damage|p1b: Gothitelle|84/100
|-damage|p1b: Gothitelle|76/100
|-damage|p1b: Gothitelle|68/100
|-damage|p1b: Gothitelle|59/100
|-hitcount|p1b: Gothitelle|5
|-unboost|p2a: Dragonite|def|1
|-boost|p2a: Dragonite|spe|1
|move|p1b: Gothitelle|Psychic|p2b: Amoonguss
|-supereffective|p2b: Amoonguss
|-damage|p2b: Amoonguss|0 fnt
|faint|p2b: Amoonguss
|
|upkeep
|
|t:|1757184159
|switch|p2b: Incineroar|Incineroar, L50, F|100/100
|-ability|p2b: Incineroar|Intimidate|boost
|-fail|p1a: Tauros|unboost|[from] item: Clear Amulet|[of] p1a: Tauros
|-unboost|p1b: Gothitelle|atk|1
|turn|3
|
|t:|1757184178
|move|p1a: Tauros|Protect|p1a: Tauros
|-singleturn|p1a: Tauros|Protect
|move|p1b: Gothitelle|Protect|p1b: Gothitelle
|-singleturn|p1b: Gothitelle|Protect
|move|p2a: Dragonite|Tailwind|p2a: Dragonite
|-sidestart|p2: el_frolo|move: Tailwind
|move|p2b: Incineroar|Knock Off|p1b: Gothitelle
|-activate|p1b: Gothitelle|move: Protect
|
|upkeep
|turn|4
|inactive|Tractie has 30 seconds left.
|inactive|Tractie has 20 seconds left.
|inactive|Tractie has 15 seconds left.
|
|t:|1757184223
|switch|p1b: Dondozo|Dondozo, L50, M|100/100
|move|p2a: Dragonite|Scale Shot|p1a: Tauros
|-damage|p1a: Tauros|90/100
|-damage|p1a: Tauros|80/100
|-damage|p1a: Tauros|70/100
|-damage|p1a: Tauros|58/100
|-hitcount|p1a: Tauros|4
|-unboost|p2a: Dragonite|def|1
|-boost|p2a: Dragonite|spe|1
|move|p2b: Incineroar|Knock Off|p1b: Dondozo
|-damage|p1b: Dondozo|77/100
|-enditem|p1b: Dondozo|Leftovers|[from] move: Knock Off|[of] p2b: Incineroar
|move|p1a: Tauros|Raging Bull|p2a: Dragonite
|-resisted|p2a: Dragonite
|-damage|p2a: Dragonite|79/100
|
|upkeep
|turn|5
|inactive|Tractie has 30 seconds left.
|inactive|el_frolo has 30 seconds left.
|inactive|Tractie has 20 seconds left.
|inactive|el_frolo has 20 seconds left.
|inactive|el_frolo has 15 seconds left.
|inactive|el_frolo has 10 seconds left.
|
|t:|1757184270
|switch|p1a: Gothitelle|Gothitelle, L50, M|59/100
|move|p2a: Dragonite|Scale Shot|p1a: Gothitelle
|-damage|p1a: Gothitelle|51/100
|-crit|p1a: Gothitelle
|-damage|p1a: Gothitelle|32/100
|-damage|p1a: Gothitelle|24/100
|-damage|p1a: Gothitelle|15/100
|-damage|p1a: Gothitelle|7/100
|-hitcount|p1a: Gothitelle|5
|-unboost|p2a: Dragonite|def|1
|-boost|p2a: Dragonite|spe|1
|move|p2b: Incineroar|Knock Off|p1a: Gothitelle
|-supereffective|p1a: Gothitelle
|-damage|p1a: Gothitelle|0 fnt
|-enditem|p1a: Gothitelle|Safety Goggles|[from] move: Knock Off|[of] p2b: Incineroar
|faint|p1a: Gothitelle
|move|p1b: Dondozo|Yawn|p2b: Incineroar
|-start|p2b: Incineroar|move: Yawn|[of] p1b: Dondozo
|
|upkeep
|inactive|Tractie has 30 seconds left.
|
|t:|1757184302
|switch|p1a: Tauros|Tauros-Paldea-Blaze, L50, M|58/100
|-ability|p1a: Tauros|Intimidate|boost
|-unboost|p2a: Dragonite|atk|1
|-unboost|p2b: Incineroar|atk|1
|turn|6
|inactive|Tractie has 30 seconds left.
|inactive|el_frolo has 30 seconds left.
|inactive|Tractie has 20 seconds left.
|inactive|el_frolo has 20 seconds left.
|inactive|Tractie has 15 seconds left.
|inactive|el_frolo has 15 seconds left.
|inactive|Tractie has 10 seconds left.
|inactive|el_frolo has 10 seconds left.
|
|t:|1757184351
|move|p2a: Dragonite|Scale Shot|p1a: Tauros
|-damage|p1a: Tauros|50/100
|-damage|p1a: Tauros|42/100
|-damage|p1a: Tauros|34/100
|-crit|p1a: Tauros
|-damage|p1a: Tauros|10/100
|-hitcount|p1a: Tauros|4
|-unboost|p2a: Dragonite|def|1
|-boost|p2a: Dragonite|spe|1
|move|p2b: Incineroar|Knock Off|p1a: Tauros
|-resisted|p1a: Tauros
|-damage|p1a: Tauros|0 fnt
|-enditem|p1a: Tauros|Clear Amulet|[from] move: Knock Off|[of] p2b: Incineroar
|faint|p1a: Tauros
|move|p1b: Dondozo|Wave Crash|p2b: Incineroar
|-supereffective|p2b: Incineroar
|-damage|p2b: Incineroar|26/100
|-damage|p1b: Dondozo|58/100|[from] Recoil
|
|-end|p2b: Incineroar|move: Yawn|[silent]
|-status|p2b: Incineroar|slp
|-sideend|p2: el_frolo|move: Tailwind
|upkeep
|
|t:|1757184368
|switch|p1a: Sinistcha|Sinistcha-Masterpiece, L50|100/100
|-heal|p1b: Dondozo|83/100|[from] ability: Hospitality|[of] p1a: Sinistcha
|turn|7
|inactive|el_frolo has 30 seconds left.
|
|t:|1757184398
|switch|p2b: Porygon2|Porygon2, L50|100/100
|-ability|p2b: Porygon2|Download|boost
|-boost|p2b: Porygon2|spa|1
|move|p2a: Dragonite|Haze|p2a: Dragonite
|-clearallboost
|move|p1a: Sinistcha|Life Dew||[still]|[spread] p1a,p1b
|-fail|p1a: Sinistcha|heal
|-heal|p1b: Dondozo|100/100
|move|p1b: Dondozo|Wave Crash|p2a: Dragonite
|-resisted|p2a: Dragonite
|-damage|p2a: Dragonite|55/100
|-damage|p1b: Dondozo|95/100|[from] Recoil
|
|upkeep
|turn|8
|inactive|Tractie has 30 seconds left.
|inactive|el_frolo has 30 seconds left.
|inactive|Tractie has 20 seconds left.
|inactive|Tractie has 15 seconds left.
|
|t:|1757184439
|move|p2a: Dragonite|Scale Shot|p1a: Sinistcha
|-damage|p1a: Sinistcha|88/100
|-damage|p1a: Sinistcha|74/100
|-damage|p1a: Sinistcha|60/100
|-damage|p1a: Sinistcha|47/100
|-enditem|p1a: Sinistcha|Sitrus Berry|[eat]
|-heal|p1a: Sinistcha|71/100|[from] item: Sitrus Berry
|-damage|p1a: Sinistcha|58/100
|-hitcount|p1a: Sinistcha|5
|-unboost|p2a: Dragonite|def|1
|-boost|p2a: Dragonite|spe|1
|move|p2b: Porygon2|Ice Beam|p1a: Sinistcha
|-supereffective|p1a: Sinistcha
|-damage|p1a: Sinistcha|0 fnt
|faint|p1a: Sinistcha
|move|p1b: Dondozo|Wave Crash|p2b: Porygon2
|-damage|p2b: Porygon2|77/100
|-damage|p1b: Dondozo|90/100|[from] Recoil
|
|upkeep
|turn|9
|-message|Tractie forfeited.
|
|win|el_frolo
