|j|☆KudenaVGC
|j|☆Cristante terabug
|html|KudenaVGCCristante terabug    
|uhtml|bestof|Game 2 of a best-of-3
|t:|1756850884
|gametype|doubles
|player|p1|KudenaVGC|ethan|1170
|player|p2|Cristante terabug|kieran-champion|1263
|gen|9
|tier|[Gen 9] VGC 2025 Reg H (Bo3)
|rated|
|rule|Species Clause: Limit one of each Pokémon
|rule|Item Clause: Limit 1 of each item
|clearpoke
|poke|p1|Dragonite, L50, M|
|poke|p1|Gholdengo, L50|
|poke|p1|Rillaboom, L50, M|
|poke|p1|Ursaluna-Bloodmoon, L50, M|
|poke|p1|Maushold-Four, L50|
|poke|p1|Annihilape, L50, M|
|poke|p2|Incineroar, L50, F|
|poke|p2|Pelipper, L50, M|
|poke|p2|Archaludon, L50, M|
|poke|p2|Dragonite, L50, M|
|poke|p2|Sinistcha, L50|
|poke|p2|Ursaluna, L50, F|
|teampreview|4
|showteam|p1|Dragonite||LoadedDice|Multiscale|Tailwind,Haze,Protect,ScaleShot|||M|||50|,,,,,Fairy]Gholdengo||LifeOrb|GoodasGold|MakeItRain,ShadowBall,NastyPlot,Protect||||||50|,,,,,Water]Rillaboom||MiracleSeed|GrassySurge|WoodHammer,GrassyGlide,FakeOut,HighHorsepower|||M|||50|,,,,,Fire]Ursaluna-Bloodmoon||AssaultVest|MindsEye|BloodMoon,EarthPower,HyperVoice,VacuumWave|||M|||50|,,,,,Water]Maushold-Four||FocusSash|FriendGuard|SuperFang,FollowMe,BeatUp,Protect||||||50|,,,,,Ghost]Annihilape||SitrusBerry|Defiant|RageFist,DrainPunch,BulkUp,Protect|||M|||50|,,,,,Fire
|showteam|p2|Incineroar||SafetyGoggles|Intimidate|FakeOut,PartingShot,KnockOff,Taunt|||F|||50|,,,,,Ghost]Pelipper||FocusSash|Drizzle|Hurricane,MuddyWater,Tailwind,Protect|||M|||50|,,,,,Ghost]Archaludon||AssaultVest|Stamina|ElectroShot,Snarl,FlashCannon,BodyPress|||M|||50|,,,,,Fighting]Dragonite||LoadedDice|Multiscale|ScaleShot,Tailwind,Haze,Protect|||M|||50|,,,,,Fairy]Sinistcha||SitrusBerry|Hospitality|MatchaGotcha,RagePowder,LifeDew,TrickRoom||||||50|,,,,,Dark]Ursaluna||FlameOrb|Guts|Earthquake,Facade,HeadlongRush,Protect|||F|||50|,,,,,Ghost
|
|t:|1756850907
|teamsize|p1|4
|teamsize|p2|4
|start
|switch|p1a: Dragonite|Dragonite, L50, M|100/100
|switch|p1b: Gholdengo|Gholdengo, L50|100/100
|switch|p2a: De Marinis|Incineroar, L50, F|100/100
|switch|p2b: Paolo|Dragonite, L50, M|100/100
|-ability|p2a: De Marinis|Intimidate|boost
|-unboost|p1a: Dragonite|atk|1
|-unboost|p1b: Gholdengo|atk|1
|turn|1
|inactive|Battle timer is ON: inactive players will automatically lose when time's up. (requested by KudenaVGC)
|
|t:|1756850920
|switch|p1a: Ursaluna|Ursaluna-Bloodmoon, L50, M|100/100
|-terastallize|p1b: Gholdengo|Water
|move|p2a: De Marinis|Fake Out|p1a: Ursaluna
|-damage|p1a: Ursaluna|92/100
|move|p1b: Gholdengo|Nasty Plot|p1b: Gholdengo
|-boost|p1b: Gholdengo|spa|2
|move|p2b: Paolo|Scale Shot|p1b: Gholdengo
|-damage|p1b: Gholdengo|87/100
|-damage|p1b: Gholdengo|72/100
|-damage|p1b: Gholdengo|57/100
|-damage|p1b: Gholdengo|44/100
|-hitcount|p1b: Gholdengo|4
|-unboost|p2b: Paolo|def|1
|-boost|p2b: Paolo|spe|1
|
|upkeep
|turn|2
|inactive|Cristante terabug has 30 seconds left.
|inactive|Cristante terabug has 20 seconds left.
|
|t:|1756850956
|move|p1b: Gholdengo|Protect|p1b: Gholdengo
|-singleturn|p1b: Gholdengo|Protect
|move|p2b: Paolo|Haze|p2b: Paolo
|-clearallboost
|move|p2a: De Marinis|Parting Shot|p1a: Ursaluna
|-unboost|p1a: Ursaluna|atk|1
|-unboost|p1a: Ursaluna|spa|1
|
|t:|1756850964
|switch|p2a: Luca|Archaludon, L50, M|100/100|[from] Parting Shot
|move|p1a: Ursaluna|Hyper Voice|p2a: Luca|[spread] p2a,p2b
|-resisted|p2a: Luca
|-damage|p2a: Luca|92/100
|-damage|p2b: Paolo|88/100
|-ability|p2a: Luca|Stamina|boost
|-boost|p2a: Luca|def|1
|
|upkeep
|turn|3
|
|t:|1756850978
|-terastallize|p2a: Luca|Fighting
|move|p1b: Gholdengo|Shadow Ball|p2a: Luca
|-damage|p2a: Luca|56/100
|-unboost|p2a: Luca|spd|1
|-ability|p2a: Luca|Stamina|boost
|-boost|p2a: Luca|def|1
|-damage|p1b: Gholdengo|34/100|[from] item: Life Orb
|move|p2b: Paolo|Scale Shot|p1b: Gholdengo
|-damage|p1b: Gholdengo|19/100
|-damage|p1b: Gholdengo|4/100
|-damage|p1b: Gholdengo|0 fnt
|faint|p1b: Gholdengo
|-hitcount|p1: Gholdengo|3
|-unboost|p2b: Paolo|def|1
|-boost|p2b: Paolo|spe|1
|move|p2a: Luca|Body Press|p1a: Ursaluna
|-supereffective|p1a: Ursaluna
|-damage|p1a: Ursaluna|0 fnt
|faint|p1a: Ursaluna
|
|upkeep
|
|t:|1756850989
|switch|p1b: Rillaboom|Rillaboom, L50, M|100/100
|switch|p1a: Dragonite|Dragonite, L50, M|100/100
|-fieldstart|move: Grassy Terrain|[from] ability: Grassy Surge|[of] p1b: Rillaboom
|turn|4
|inactive|Cristante terabug has 30 seconds left.
|
|t:|1756851020
|move|p1b: Rillaboom|Fake Out|p2b: Paolo
|-damage|p2b: Paolo|65/100
|cant|p2b: Paolo|flinch
|move|p1a: Dragonite|Tailwind|p1a: Dragonite
|-sidestart|p1: KudenaVGC|move: Tailwind
|move|p2a: Luca|Body Press|p1b: Rillaboom
|-damage|p1b: Rillaboom|24/100
|
|-heal|p1b: Rillaboom|30/100|[from] Grassy Terrain
|-heal|p2a: Luca|62/100|[from] Grassy Terrain
|upkeep
|turn|5
|
|t:|1756851039
|switch|p2b: De Marinis|Incineroar, L50, F|100/100
|-ability|p2b: De Marinis|Intimidate|boost
|-unboost|p1a: Dragonite|atk|1
|-unboost|p1b: Rillaboom|atk|1
|move|p1a: Dragonite|Haze|p1a: Dragonite
|-clearallboost
|move|p1b: Rillaboom|Wood Hammer|p2a: Luca
|-crit|p2a: Luca
|-damage|p2a: Luca|0 fnt
|faint|p2a: Luca
|-damage|p1b: Rillaboom|10/100|[from] Recoil
|
|-heal|p1b: Rillaboom|16/100|[from] Grassy Terrain
|upkeep
|
|t:|1756851050
|switch|p2a: Paolo|Dragonite, L50, M|65/100
|turn|6
|
|t:|1756851059
|move|p2b: De Marinis|Fake Out|p1a: Dragonite
|-damage|p1a: Dragonite|95/100
|cant|p1a: Dragonite|flinch
|move|p1b: Rillaboom|High Horsepower|p2b: De Marinis
|-supereffective|p2b: De Marinis
|-damage|p2b: De Marinis|44/100
|move|p2a: Paolo|Scale Shot|p1b: Rillaboom
|-damage|p1b: Rillaboom|2/100
|-damage|p1b: Rillaboom|0 fnt
|faint|p1b: Rillaboom
|-hitcount|p1: Rillaboom|2
|-unboost|p2a: Paolo|def|1
|-boost|p2a: Paolo|spe|1
|
|-heal|p2b: De Marinis|50/100|[from] Grassy Terrain
|upkeep
|turn|7
|
|t:|1756851077
|move|p2a: Paolo|Protect|p2a: Paolo
|-singleturn|p2a: Paolo|Protect
|move|p1a: Dragonite|Scale Shot|p2a: Paolo
|-activate|p2a: Paolo|move: Protect
|move|p2b: De Marinis|Knock Off|p1a: Dragonite
|-damage|p1a: Dragonite|47/100
|-enditem|p1a: Dragonite|Loaded Dice|[from] move: Knock Off|[of] p2b: De Marinis
|
|-heal|p2b: De Marinis|56/100|[from] Grassy Terrain
|-sideend|p1: KudenaVGC|move: Tailwind
|upkeep
|turn|8
|-message|KudenaVGC forfeited.
|
|win|Cristante terabug
