|j|☆Vgc4200
|j|☆Alecat
|html|Vgc4200Alecat    
|uhtml|bestof|Game 1 of a best-of-3
|t:|1756354797
|gametype|doubles
|player|p1|Vgc4200|silver|1074
|player|p2|Alecat|scientistf|1096
|gen|9
|tier|[Gen 9] VGC 2025 Reg H (Bo3)
|rated|
|rule|Species Clause: Limit one of each Pokémon
|rule|Item Clause: Limit 1 of each item
|clearpoke
|poke|p1|Pelipper, L50, F|
|poke|p1|Comfey, L50, F|
|poke|p1|Annihilape, L50, F|
|poke|p1|Archaludon, L50, M|
|poke|p1|Electabuzz, L50, M|
|poke|p1|Ursaluna-Bloodmoon, L50, M|
|poke|p2|Pawmot, L50, M|
|poke|p2|Gyarados, L50, F|
|poke|p2|Volcarona, L50, M|
|poke|p2|Murkrow, L50, F|
|poke|p2|Incineroar, L50, F|
|poke|p2|Archaludon, L50, F|
|teampreview|4
|showteam|p1|Pelipper||FocusSash|Drizzle|Hurricane,Uturn,Tailwind,Protect|||F|||50|,,,,,Ghost]Comfey||MentalHerb|Triage|TrickRoom,FloralHealing,DrainingKiss,Protect|||F|||50|,,,,,Steel]Annihilape||WeaknessPolicy|Defiant|DrainPunch,RageFist,BulkUp,Protect|||F|||50|,,,,,Fire]Archaludon||AssaultVest|Stamina|DragonPulse,Snarl,BodyPress,ElectroShot|||M|||50|,,,,,Grass]Electabuzz||Eviolite|VitalSpirit|FollowMe,Electroweb,Taunt,Protect|||M|||50|,,,,,Ghost]Ursaluna-Bloodmoon||ThroatSpray|MindsEye|BloodMoon,HyperVoice,Protect,EarthPower|||M|||50|,,,,,Normal
|showteam|p2|Pawmot||FocusSash|VoltAbsorb|DoubleShock,Coaching,CloseCombat,Protect|||M|||50|,,,,,Electric]Gyarados||ClearAmulet|Moxie|Waterfall,DragonDance,Earthquake,Protect|||F|||50|,,,,,Ground]Volcarona||SitrusBerry|FlameBody|Overheat,StruggleBug,RagePowder,Tailwind|||M|||50|,,,,,Grass]Murkrow||Eviolite|Prankster|FoulPlay,RainDance,Taunt,SunnyDay|||F|||50|,,,,,Dark]Incineroar||AssaultVest|Intimidate|FlareBlitz,FakeOut,Bulldoze,KnockOff|||F|||50|,,,,,Ghost]Archaludon||PowerHerb|Stalwart|DragonTail,FlashCannon,ElectroShot,Protect|||F|||50|,,,,,Grass
|inactive|Battle timer is ON: inactive players will automatically lose when time's up. (requested by Alecat)
|inactive|Vgc4200 has 60 seconds left.
|inactive|Alecat has 60 seconds left.
|
|t:|1756354828
|teamsize|p1|4
|teamsize|p2|4
|start
|switch|p1a: Electabuzz|Electabuzz, L50, M|100/100
|switch|p1b: Annihilape|Annihilape, L50, F|100/100
|switch|p2a: Gyarados|Gyarados, L50, F|100/100
|switch|p2b: Murkrow|Murkrow, L50, F|100/100
|turn|1
|
|t:|1756354845
|move|p2b: Murkrow|Taunt|p1b: Annihilape
|-start|p1b: Annihilape|move: Taunt
|move|p2a: Gyarados|Dragon Dance|p2a: Gyarados
|-boost|p2a: Gyarados|atk|1
|-boost|p2a: Gyarados|spe|1
|move|p1a: Electabuzz|Electroweb|p2a: Gyarados|[spread] p2a,p2b
|-supereffective|p2a: Gyarados
|-supereffective|p2b: Murkrow
|-damage|p2a: Gyarados|51/100
|-damage|p2b: Murkrow|81/100
|-unboost|p2b: Murkrow|spe|1
|cant|p1b: Annihilape|move: Taunt|Bulk Up
|
|upkeep
|turn|2
|
|t:|1756354868
|-terastallize|p2a: Gyarados|Ground
|move|p1a: Electabuzz|Follow Me|p1a: Electabuzz
|-singleturn|p1a: Electabuzz|move: Follow Me
|move|p2a: Gyarados|Earthquake|p1b: Annihilape|[spread] p1a,p1b
|-immune|p2b: Murkrow
|-supereffective|p1a: Electabuzz
|-damage|p1a: Electabuzz|0 fnt
|-damage|p1b: Annihilape|49/100
|faint|p1a: Electabuzz
|-ability|p2a: Gyarados|Moxie|boost
|-boost|p2a: Gyarados|atk|1
|move|p1b: Annihilape|Rage Fist|p2a: Gyarados
|-damage|p2a: Gyarados|0 fnt
|faint|p2a: Gyarados
|move|p2b: Murkrow|Foul Play|p1b: Annihilape
|-damage|p1b: Annihilape|7/100
|
|upkeep
|
|t:|1756354891
|switch|p2a: Volcarona|Volcarona, L50, M|100/100
|switch|p1a: Comfey|Comfey, L50, F|100/100
|turn|3
|
|t:|1756354900
|move|p1a: Comfey|Floral Healing|p1b: Annihilape
|-heal|p1b: Annihilape|57/100
|move|p2b: Murkrow|Sunny Day|p2b: Murkrow
|-weather|SunnyDay
|move|p2a: Volcarona|Overheat|p1b: Annihilape
|-crit|p1b: Annihilape
|-damage|p1b: Annihilape|0 fnt
|-unboost|p2a: Volcarona|spa|2
|faint|p1b: Annihilape
|
|-weather|SunnyDay|[upkeep]
|upkeep
|
|t:|1756354909
|switch|p1b: Ursaluna|Ursaluna-Bloodmoon, L50, M|100/100
|turn|4
|
|t:|1756354916
|move|p1b: Ursaluna|Protect|p1b: Ursaluna
|-singleturn|p1b: Ursaluna|Protect
|move|p2b: Murkrow|Taunt|p1a: Comfey
|-start|p1a: Comfey|move: Taunt
|-enditem|p1a: Comfey|Mental Herb
|-end|p1a: Comfey|move: Taunt
|move|p2a: Volcarona|Struggle Bug|p1a: Comfey|[spread] p1a
|-activate|p1b: Ursaluna|move: Protect
|-resisted|p1a: Comfey
|-damage|p1a: Comfey|96/100
|-unboost|p1a: Comfey|spa|1
|move|p1a: Comfey|Trick Room|p1a: Comfey
|-fieldstart|move: Trick Room|[of] p1a: Comfey
|
|-weather|SunnyDay|[upkeep]
|upkeep
|turn|5
|
|t:|1756354940
|-terastallize|p1b: Ursaluna|Normal
|move|p1a: Comfey|Draining Kiss|p2b: Murkrow
|-supereffective|p2b: Murkrow
|-damage|p2b: Murkrow|66/100
|-heal|p1a: Comfey|100/100|[from] drain|[of] p2b: Murkrow
|move|p2b: Murkrow|Taunt|p1a: Comfey
|-start|p1a: Comfey|move: Taunt
|move|p1b: Ursaluna|Blood Moon|p2a: Volcarona
|-damage|p2a: Volcarona|0 fnt
|faint|p2a: Volcarona
|
|-weather|SunnyDay|[upkeep]
|upkeep
|
|t:|1756354953
|switch|p2a: Archaludon|Archaludon, L50, F|100/100
|turn|6
|
|t:|1756354971
|move|p1a: Comfey|Draining Kiss|p2b: Murkrow
|-supereffective|p2b: Murkrow
|-damage|p2b: Murkrow|47/100
|move|p1b: Ursaluna|Earth Power|p2a: Archaludon
|-supereffective|p2a: Archaludon
|-damage|p2a: Archaludon|0 fnt
|faint|p2a: Archaludon
|move|p2b: Murkrow|Foul Play|p1b: Ursaluna
|-damage|p1b: Ursaluna|85/100
|
|-weather|SunnyDay|[upkeep]
|upkeep
|turn|7
|-message|Alecat forfeited.
|
|win|Vgc4200
||Alecat is ready for game 2.
||Vgc4200 is ready for game 2.
|uhtml|next|Next: Game 2 of 3
