|j|☆informtech
|j|☆Pledgen
|html|informtechPledgen    
|uhtml|bestof|Game 1 of a best-of-3
|t:|1783228064
|gametype|doubles
|player|p1|informtech|lucas|1191
|player|p2|Pledgen|2|1173
|gen|9
|tier|[Gen 9 Champions] VGC 2026 Reg M-B (Bo3)
|rated|
|rule|Species Clause: Limit one of each Pokémon
|rule|Item Clause: Limit 1 of each item
|clearpoke
|poke|p1|Staraptor, L50, M|
|poke|p1|Whimsicott, L50, F|
|poke|p1|Basculegion, L50, M|
|poke|p1|Garchomp, L50, M|
|poke|p1|Charizard, L50, M|
|poke|p1|Kingambit, L50, F|
|poke|p2|Primarina, L50, F, shiny|
|poke|p2|Farigiraf, L50, M|
|poke|p2|Mawile, L50, F|
|poke|p2|Torkoal, L50, F|
|poke|p2|Sylveon, L50, M|
|poke|p2|Incineroar, L50, M|
|teampreview|4
|showteam|p1|Staraptor||Staraptite|Intimidate|CloseCombat,BraveBird,Protect,Roost|Adamant||M|||50|]Whimsicott||FocusSash|Prankster|Tailwind,TrickRoom,Moonblast,Tickle|Quiet||F|||50|]Basculegion||SitrusBerry|Adaptability|LastRespects,Protect,AquaJet,WaveCrash|Jolly||M|||50|]Garchomp||LifeOrb|RoughSkin|DragonClaw,RockSlide,Earthquake,Protect|Adamant||M|||50|]Charizard||CharizarditeY|SolarPower|HeatWave,AirSlash,SolarBeam,Protect|Modest||M|||50|]Kingambit||BlackGlasses|Defiant|KowtowCleave,SuckerPunch,Protect,IronHead|Adamant||F|||50|
|showteam|p2|Primarina||LifeOrb|LiquidVoice|HyperVoice,Moonblast,Protect,IceBeam|Quiet||F|||50|]Farigiraf||SitrusBerry|ArmorTail|TrickRoom,TwinBeam,HelpingHand,Protect|Relaxed||M|||50|]Mawile||Mawilite|Intimidate|SuckerPunch,PlayRough,IronHead,Protect|Adamant||F|||50|]Torkoal||Charcoal|Drought|Eruption,SolarBeam,EarthPower,Protect|Modest||F|||50|]Sylveon||BabiriBerry|Pixilate|HyperVoice,HyperBeam,Moonblast,Detect|Quiet||M|||50|]Incineroar||Leftovers|Intimidate|FlareBlitz,DarkestLariat,PartingShot,FakeOut|Adamant||M|||50|
|
|t:|1783228108
|teamsize|p1|4
|teamsize|p2|4
|start
|switch|p1a: Kingambit|Kingambit, L50, F|100/100
|switch|p1b: Basculegion|Basculegion, L50, M|100/100
|switch|p2a: Farigiraf|Farigiraf, L50, M|100/100
|switch|p2b: Mawile|Mawile, L50, F|100/100
|-ability|p2b: Mawile|Intimidate|boost
|-unboost|p1a: Kingambit|atk|1
|-ability|p1a: Kingambit|Defiant|boost
|-boost|p1a: Kingambit|atk|2
|-unboost|p1b: Basculegion|atk|1
|turn|1
|inactive|Battle timer is ON: inactive players will automatically lose when time's up. (requested by Pledgen)
|
|t:|1783228130
|detailschange|p2b: Mawile|Mawile-Mega, L50, F
|-mega|p2b: Mawile|Mawile|Mawilite
|move|p2a: Farigiraf|Protect|p2a: Farigiraf
|-singleturn|p2a: Farigiraf|Protect
|move|p1b: Basculegion|Wave Crash|p2a: Farigiraf
|-activate|p2a: Farigiraf|move: Protect
|move|p1a: Kingambit|Kowtow Cleave|p2a: Farigiraf
|-activate|p2a: Farigiraf|move: Protect
|move|p2b: Mawile|Play Rough|p1a: Kingambit
|-damage|p1a: Kingambit|31/100
|
|upkeep
|turn|2
|inactive|Pledgen has 30 seconds left.
|
|t:|1783228157
|move|p1b: Basculegion|Wave Crash|p2a: Farigiraf
|-damage|p2a: Farigiraf|69/100
|-damage|p1b: Basculegion|89/100|[from] Recoil
|move|p1a: Kingambit|Kowtow Cleave|p2a: Farigiraf
|-supereffective|p2a: Farigiraf|1
|-damage|p2a: Farigiraf|0 fnt
|faint|p2a: Farigiraf
|move|p2b: Mawile|Play Rough|p1a: Kingambit
|-damage|p1a: Kingambit|0 fnt
|faint|p1a: Kingambit
|
|upkeep
|
|t:|1783228167
|switch|p1a: Staraptor|Staraptor, L50, M|100/100
|switch|p2a: Primarina|Primarina, L50, F, shiny|100/100
|-ability|p1a: Staraptor|Intimidate|boost
|-unboost|p2a: Primarina|atk|1
|-unboost|p2b: Mawile|atk|1
|turn|3
|
|t:|1783228189
|detailschange|p1a: Staraptor|Staraptor-Mega, L50, M
|-mega|p1a: Staraptor|Staraptor|Staraptite
|move|p2b: Mawile|Sucker Punch|p1b: Basculegion
|-supereffective|p1b: Basculegion|1
|-damage|p1b: Basculegion|30/100
|-enditem|p1b: Basculegion|Sitrus Berry|[eat]
|-heal|p1b: Basculegion|54/100|[from] item: Sitrus Berry
|move|p1a: Staraptor|Close Combat|p2b: Mawile
|-damage|p2b: Mawile|33/100
|-boost|p1a: Staraptor|def|1
|-boost|p1a: Staraptor|spd|1
|move|p1b: Basculegion|Last Respects|p2a: Primarina
|-damage|p2a: Primarina|52/100
|move|p2a: Primarina|Moonblast|p1a: Staraptor
|-supereffective|p1a: Staraptor|1
|-damage|p1a: Staraptor|18/100
|-damage|p2a: Primarina|43/100|[from] item: Life Orb
|
|upkeep
|turn|4
|inactive|Pledgen has 30 seconds left.
|inactive|Pledgen has 20 seconds left.
|
|t:|1783228227
|move|p2a: Primarina|Protect|p2a: Primarina
|-singleturn|p2a: Primarina|Protect
|move|p2b: Mawile|Protect|p2b: Mawile
|-singleturn|p2b: Mawile|Protect
|move|p1a: Staraptor|Roost|p1a: Staraptor
|-heal|p1a: Staraptor|68/100
|-singleturn|p1a: Staraptor|move: Roost
|move|p1b: Basculegion|Last Respects|p2a: Primarina
|-activate|p2a: Primarina|move: Protect
|
|upkeep
|turn|5
|
|t:|1783228238
|move|p1a: Staraptor|Close Combat|p2b: Mawile
|-crit|p2b: Mawile
|-damage|p2b: Mawile|0 fnt
|-boost|p1a: Staraptor|def|1
|-boost|p1a: Staraptor|spd|1
|faint|p2b: Mawile
|move|p1b: Basculegion|Last Respects|p2a: Primarina
|-damage|p2a: Primarina|1/100
|move|p2a: Primarina|Moonblast|p1a: Staraptor
|-supereffective|p1a: Staraptor|1
|-damage|p1a: Staraptor|2/100
|-damage|p2a: Primarina|0 fnt|[from] item: Life Orb
|faint|p2a: Primarina
|
|upkeep
|
|t:|1783228241
|switch|p2b: Sylveon|Sylveon, L50, M|100/100
|turn|6
|
|t:|1783228249
|move|p1a: Staraptor|Brave Bird|p2b: Sylveon
|-damage|p2b: Sylveon|14/100
|-damage|p1a: Staraptor|0 fnt|[from] Recoil
|faint|p1a: Staraptor
|move|p1b: Basculegion|Last Respects|p2b: Sylveon
|-damage|p2b: Sylveon|0 fnt
|faint|p2b: Sylveon
|
|win|informtech
||Pledgen is ready for game 2.
