|j|☆testdigi
|j|‽McAngel214
|html|testdigiMcAngel214    
|uhtml|bestof|Game 2 of a best-of-3
|t:|1784903525
|gametype|doubles
|player|p1|testdigi|101|1141
|player|p2|McAngel214|linebacker|1036
|gen|9
|tier|[Gen 9 Champions] VGC 2026 Reg M-B (Bo3)
|rated|
|rule|Species Clause: Limit one of each Pokémon
|rule|Item Clause: Limit 1 of each item
|clearpoke
|poke|p1|Raichu, L50, F|
|poke|p1|Sinistcha, L50|
|poke|p1|Corviknight, L50, M|
|poke|p1|Sylveon, L50, M|
|poke|p1|Garchomp, L50, M|
|poke|p1|Tyranitar, L50, F|
|poke|p2|Pelipper, L50, F|
|poke|p2|Archaludon, L50, M|
|poke|p2|Swampert, L50, F|
|poke|p2|Gyarados, L50, M, shiny|
|poke|p2|Sinistcha, L50|
|poke|p2|Kingambit, L50, M|
|teampreview|4
|showteam|p1|Raichu||RaichuniteY|LightningRod|ZapCannon,FocusBlast,FakeOut,Protect|Timid||F|||50|]Sinistcha||KasibBerry|Hospitality|MatchaGotcha,ShadowBall,RagePowder,Protect|Modest|||||50|]Corviknight||OccaBerry|MirrorArmor|IronHead,BraveBird,Tailwind,Protect|Adamant||M|||50|]Sylveon||FairyFeather|Pixilate|HyperVoice,QuickAttack,Yawn,Detect|Modest||M|||50|]Garchomp||SitrusBerry|RoughSkin|DragonClaw,StompingTantrum,RockSlide,Protect|Adamant||M|||50|]Tyranitar||FocusSash|SandStream|RockSlide,KnockOff,Superpower,Protect|Adamant||F|||50|
|showteam|p2|Pelipper||SitrusBerry|Drizzle|MuddyWater,Tailwind,Hurricane,Blizzard|Modest||F|||50|]Archaludon||Leftovers|Stamina|ElectroShot,DragonPulse,FlashCannon,Protect|Modest||M|||50|]Swampert||Swampertite|Torrent|Protect,Earthquake,IcePunch,WaveCrash|Adamant||F|||50|]Gyarados||LifeOrb|Intimidate|Waterfall,StoneEdge,Protect,Earthquake|Adamant||M|||50|]Sinistcha||FocusSash|Hospitality|RagePowder,MatchaGotcha,ShadowBall,Protect|Bold|||||50|]Kingambit||MuscleBand|SupremeOverlord|IronHead,SuckerPunch,KowtowCleave,Protect|Adamant||M|||50|
|inactive|Battle timer is ON: inactive players will automatically lose when time's up. (requested by testdigi)
|
|t:|1784903551
|teamsize|p1|4
|teamsize|p2|4
|start
|switch|p1a: Raichu|Raichu, L50, F|100/100
|switch|p1b: Sylveon|Sylveon, L50, M|100/100
|switch|p2a: Swampert|Swampert, L50, F|100/100
|switch|p2b: Pelipper|Pelipper, L50, F|100/100
|-weather|RainDance|[from] ability: Drizzle|[of] p2b: Pelipper
|turn|1
|inactive|testdigi has 30 seconds left.
|inactive|McAngel214 has 30 seconds left.
|inactive|McAngel214 has 20 seconds left.
|
|t:|1784903587
|switch|p1a: Sinistcha|Sinistcha, L50|100/100
|switch|p2b: Gyarados|Gyarados, L50, M, shiny|100/100
|-ability|p2b: Gyarados|Intimidate|boost
|-unboost|p1a: Sinistcha|atk|1
|-unboost|p1b: Sylveon|atk|1
|move|p2a: Swampert|Earthquake|p1a: Sinistcha|[spread] p1a,p1b
|-immune|p2b: Gyarados
|-resisted|p1a: Sinistcha|1
|-damage|p1a: Sinistcha|84/100
|-damage|p1b: Sylveon|53/100
|move|p1b: Sylveon|Yawn|p2a: Swampert
|-start|p2a: Swampert|move: Yawn|[of] p1b: Sylveon
|
|-weather|RainDance|[upkeep]
|upkeep
|turn|2
|
|t:|1784903615
|switch|p2a: Pelipper|Pelipper, L50, F|100/100
|move|p1b: Sylveon|Detect|p1b: Sylveon
|-singleturn|p1b: Sylveon|Protect
|move|p2b: Gyarados|Waterfall|p1b: Sylveon
|-activate|p1b: Sylveon|move: Protect
|move|p1a: Sinistcha|Matcha Gotcha|p2a: Pelipper|[spread] p2b
|-miss|p1a: Sinistcha|p2a: Pelipper
|-damage|p2b: Gyarados|69/100
|-heal|p1a: Sinistcha|99/100|[from] drain|[of] p2b: Gyarados
|
|-weather|RainDance|[upkeep]
|upkeep
|turn|3
|
|t:|1784903636
|move|p1a: Sinistcha|Rage Powder|p1a: Sinistcha
|-singleturn|p1a: Sinistcha|move: Rage Powder
|move|p2b: Gyarados|Waterfall|p1a: Sinistcha
|-resisted|p1a: Sinistcha|1
|-damage|p1a: Sinistcha|60/100
|-damage|p2b: Gyarados|59/100|[from] item: Life Orb
|move|p1b: Sylveon|Yawn|p2b: Gyarados
|-start|p2b: Gyarados|move: Yawn|[of] p1b: Sylveon
|move|p2a: Pelipper|Hurricane|p1a: Sinistcha
|-supereffective|p1a: Sinistcha|1
|-damage|p1a: Sinistcha|0 fnt
|faint|p1a: Sinistcha
|
|-weather|RainDance|[upkeep]
|upkeep
|
|t:|1784903640
|switch|p1a: Raichu|Raichu, L50, F|100/100
|turn|4
|
|t:|1784903664
|switch|p2b: Swampert|Swampert, L50, F|100/100
|switch|p2a: Archaludon|Archaludon, L50, M|100/100
|detailschange|p1a: Raichu|Raichu-Mega-Y, L50, F
|-mega|p1a: Raichu|Raichu|Raichunite Y
|move|p1a: Raichu|Zap Cannon|p2b: Swampert
|-immune|p2b: Swampert
|move|p1b: Sylveon|Yawn|p2a: Archaludon
|-start|p2a: Archaludon|move: Yawn|[of] p1b: Sylveon
|
|-weather|RainDance|[upkeep]
|upkeep
|turn|5
|
|t:|1784903684
|switch|p1a: Garchomp|Garchomp, L50, M|100/100
|detailschange|p2b: Swampert|Swampert-Mega, L50, F
|-mega|p2b: Swampert|Swampert|Swampertite
|move|p2a: Archaludon|Protect|p2a: Archaludon
|-singleturn|p2a: Archaludon|Protect
|move|p1b: Sylveon|Detect|p1b: Sylveon
|-singleturn|p1b: Sylveon|Protect
|move|p2b: Swampert|Earthquake|p1a: Garchomp|[spread] p1a
|-activate|p2a: Archaludon|move: Protect
|-activate|p1b: Sylveon|move: Protect
|-damage|p1a: Garchomp|60/100
|
|-weather|none
|-end|p2a: Archaludon|move: Yawn|[silent]
|-status|p2a: Archaludon|slp
|upkeep
|turn|6
|inactive|testdigi has 30 seconds left.
|
|t:|1784903711
|switch|p2a: Pelipper|Pelipper, L50, F|100/100
|-weather|RainDance|[from] ability: Drizzle|[of] p2a: Pelipper
|move|p2b: Swampert|Ice Punch|p1a: Garchomp
|-supereffective|p1a: Garchomp|2
|-damage|p1a: Garchomp|0 fnt
|-damage|p2b: Swampert|87/100|[from] ability: Rough Skin|[of] p1a: Garchomp
|faint|p1a: Garchomp
|move|p1b: Sylveon|Hyper Voice|p2b: Swampert|[spread] p2a,p2b
|-damage|p2a: Pelipper|39/100
|-damage|p2b: Swampert|44/100
|-enditem|p2a: Pelipper|Sitrus Berry|[eat]
|-heal|p2a: Pelipper|64/100|[from] item: Sitrus Berry
|
|-weather|RainDance|[upkeep]
|upkeep
|
|t:|1784903714
|switch|p1a: Raichu|Raichu-Mega-Y, L50, F|100/100
|turn|7
|
|t:|1784903731
|move|p1a: Raichu|Fake Out|p2b: Swampert
|-damage|p2b: Swampert|36/100
|cant|p2b: Swampert|flinch
|move|p1b: Sylveon|Yawn|p2a: Pelipper
|-start|p2a: Pelipper|move: Yawn|[of] p1b: Sylveon
|move|p2a: Pelipper|Hurricane|p1b: Sylveon
|-damage|p1b: Sylveon|16/100
|
|-weather|RainDance|[upkeep]
|upkeep
|turn|8
|
|t:|1784903743
|move|p2b: Swampert|Earthquake|p1a: Raichu|[spread] p1a,p1b
|-immune|p2a: Pelipper
|-supereffective|p1a: Raichu|1
|-damage|p1a: Raichu|0 fnt
|-damage|p1b: Sylveon|0 fnt
|faint|p1a: Raichu
|faint|p1b: Sylveon
|
|win|McAngel214
