|j|☆letcheflan
|j|☆Nezk025
|html|letcheflanNezk025    
|uhtml|bestof|Game 2 of a best-of-3
|t:|1782199416
|gametype|doubles
|player|p1|letcheflan|n|1090
|player|p2|Nezk025|nate|1231
|gen|9
|tier|[Gen 9 Champions] VGC 2026 Reg M-B (Bo3)
|rated|
|rule|Species Clause: Limit one of each Pokémon
|rule|Item Clause: Limit 1 of each item
|clearpoke
|poke|p1|Mawile, L50, F|
|poke|p1|Farigiraf, L50, F, shiny|
|poke|p1|Sableye, L50, M|
|poke|p1|Swampert, L50, M|
|poke|p1|Sinistcha, L50|
|poke|p1|Skeledirge, L50, F|
|poke|p2|Tyranitar, L50, M|
|poke|p2|Excadrill, L50, F|
|poke|p2|Basculegion, L50, M|
|poke|p2|Corviknight, L50, F|
|poke|p2|Rotom-Wash, L50|
|poke|p2|Garchomp, L50, M|
|teampreview|4
|showteam|p1|Mawile||Mawilite|Intimidate|Protect,PlayRough,IronHead,SwordsDance|Brave||F|||50|]Farigiraf||SitrusBerry|ArmorTail|Protect,PsychicNoise,HelpingHand,TrickRoom|Bold||F|||50|]Sableye||RoseliBerry|Prankster|LightScreen,Reflect,RainDance,Quash|Careful||M|||50|]Swampert||Swampertite|Torrent|Protect,WaveCrash,HighHorsepower,KnockOff|Adamant||M|||50|]Sinistcha||CobaBerry|Hospitality|MatchaGotcha,RagePowder,LifeDew,TrickRoom|Bold|||||50|]Skeledirge||ColburBerry|Unaware|Protect,TorchSong,ShadowBall,AlluringVoice|Relaxed||F|||50|
|showteam|p2|Tyranitar||Tyranitarite|SandStream|RockSlide,KnockOff,LowKick,Protect|Adamant||M|||50|]Excadrill||FocusSash|SandRush|Earthquake,IronHead,RockTomb,Protect|Adamant||F|||50|]Basculegion||ChoiceScarf|Adaptability|AquaJet,FlipTurn,LastRespects,WaveCrash|Adamant||M|||50|]Corviknight||Leftovers|MirrorArmor|Protect,Tailwind,BraveBird,IronHead|Impish||F|||50|]Rotom-Wash||SitrusBerry|Levitate|LightScreen,Reflect,VoltSwitch,Thunderbolt|Calm|||||50|]Garchomp||Garchompite|RoughSkin|DragonPulse,PowerGem,Protect,EarthPower|Modest||M|||50|
|inactive|Battle timer is ON: inactive players will automatically lose when time's up. (requested by letcheflan)
|
|t:|1782199434
|teamsize|p1|4
|teamsize|p2|4
|start
|switch|p1a: Swampert|Swampert, L50, M|100/100
|switch|p1b: Float|Farigiraf, L50, F, shiny|100/100
|switch|p2a: 120sp atk>170atk|Garchomp, L50, M|100/100
|switch|p2b: Corviknight|Corviknight, L50, F|100/100
|turn|1
|inactive|letcheflan has 30 seconds left.
|inactive|letcheflan has 20 seconds left.
|inactive|letcheflan has 15 seconds left.
|
|t:|1782199478
|switch|p2b: Tyranitar|Tyranitar, L50, M|100/100
|-weather|Sandstorm|[from] ability: Sand Stream|[of] p2b: Tyranitar
|detailschange|p2a: 120sp atk>170atk|Garchomp-Mega, L50, M
|-mega|p2a: 120sp atk>170atk|Garchomp|Garchompite
|detailschange|p1a: Swampert|Swampert-Mega, L50, M
|-mega|p1a: Swampert|Swampert|Swampertite
|move|p1b: Float|Helping Hand|p1a: Swampert
|-singleturn|p1a: Swampert|Helping Hand|[of] p1b: Float
|move|p1a: Swampert|Wave Crash|p2a: 120sp atk>170atk
|-crit|p2a: 120sp atk>170atk
|-damage|p2a: 120sp atk>170atk|0 fnt
|faint|p2a: 120sp atk>170atk
|-damage|p1a: Swampert|59/100|[from] Recoil
|
|-weather|Sandstorm|[upkeep]
|-damage|p1b: Float|93/100|[from] Sandstorm
|upkeep
|
|t:|1782199495
|switch|p2a: Corviknight|Corviknight, L50, F|100/100
|turn|2
|
|t:|1782199506
|switch|p2b: Rotom|Rotom-Wash, L50|100/100
|switch|p1b: Sinistcha|Sinistcha, L50|100/100
|-heal|p1a: Swampert|84/100|[from] ability: Hospitality|[of] p1b: Sinistcha
|move|p1a: Swampert|Protect|p1a: Swampert
|-singleturn|p1a: Swampert|Protect
|move|p2a: Corviknight|Brave Bird|p1a: Swampert
|-activate|p1a: Swampert|move: Protect
|
|-weather|Sandstorm|[upkeep]
|-damage|p2b: Rotom|94/100|[from] Sandstorm
|-damage|p1b: Sinistcha|93/100|[from] Sandstorm
|upkeep
|turn|3
|
|t:|1782199529
|move|p1a: Swampert|Knock Off|p2b: Rotom
|-damage|p2b: Rotom|52/100
|-enditem|p2b: Rotom|Sitrus Berry|[from] move: Knock Off|[of] p1a: Swampert
|move|p2b: Rotom|Thunderbolt|p1b: Sinistcha
|-resisted|p1b: Sinistcha|1
|-damage|p1b: Sinistcha|78/100
|move|p1b: Sinistcha|Matcha Gotcha|p2b: Rotom|[spread] p2a,p2b
|-resisted|p2a: Corviknight|2
|-supereffective|p2b: Rotom|1
|-damage|p2a: Corviknight|93/100
|-heal|p1b: Sinistcha|82/100|[from] drain|[of] p2a: Corviknight
|-damage|p2b: Rotom|7/100
|-heal|p1b: Sinistcha|100/100|[from] drain|[of] p2b: Rotom
|move|p2a: Corviknight|Brave Bird|p1b: Sinistcha
|-supereffective|p1b: Sinistcha|1
|-enditem|p1b: Sinistcha|Coba Berry|[eat]
|-enditem|p1b: Sinistcha|Coba Berry|[weaken]
|-damage|p1b: Sinistcha|66/100
|-damage|p2a: Corviknight|83/100|[from] Recoil
|
|-weather|Sandstorm|[upkeep]
|-damage|p2b: Rotom|1/100|[from] Sandstorm
|-damage|p1b: Sinistcha|60/100|[from] Sandstorm
|-heal|p2a: Corviknight|89/100|[from] item: Leftovers
|upkeep
|turn|4
|inactive|letcheflan has 30 seconds left.
|
|t:|1782199554
|switch|p2b: Tyranitar|Tyranitar, L50, M|100/100
|move|p1a: Swampert|Wave Crash|p2a: Corviknight
|-damage|p2a: Corviknight|33/100
|-damage|p1a: Swampert|63/100|[from] Recoil
|move|p1b: Sinistcha|Life Dew|p1b: Sinistcha|[spread] p1a,p1b
|-heal|p1a: Swampert|88/100
|-heal|p1b: Sinistcha|85/100
|move|p2a: Corviknight|Tailwind|p2a: Corviknight
|-sidestart|p2: Nezk025|move: Tailwind
|
|-weather|Sandstorm|[upkeep]
|-damage|p1b: Sinistcha|79/100|[from] Sandstorm
|-heal|p2a: Corviknight|39/100|[from] item: Leftovers
|upkeep
|turn|5
|-message|Nezk025 forfeited.
|
|win|letcheflan
||Nezk025 is ready for game 3.
|inactive|letcheflan has 30 seconds to confirm battle start!
||letcheflan is ready for game 3.
|uhtml|next|Next: Game 3 of 3
|l|☆letcheflan
|player|p1|
|l|☆Nezk025
|player|p2|
|j|☆letcheflan
|player|p1|letcheflan|n|
