|j|☆elpibevgc
|j|☆bruh.mov
|html|elpibevgcbruh.mov    
|uhtml|bestof|Game 2 of a best-of-3
|t:|1785450891
|gametype|doubles
|player|p1|elpibevgc|lucas|1000
|player|p2|bruh.mov|ghetsis|1043
|gen|9
|tier|[Gen 9 Champions] VGC 2026 Reg M-B (Bo3)
|rated|
|rule|Species Clause: Limit one of each Pokémon
|rule|Item Clause: Limit 1 of each item
|clearpoke
|poke|p1|Gholdengo, L50|
|poke|p1|Milotic, L50, F|
|poke|p1|Tsareena, L50, F, shiny|
|poke|p1|Garchomp, L50, M|
|poke|p1|Talonflame, L50, M, shiny|
|poke|p1|Raichu, L50, F|
|poke|p2|Lucario, L50, M|
|poke|p2|Hydreigon, L50, M|
|poke|p2|Swampert, L50, M|
|poke|p2|Pelipper, L50, M, shiny|
|poke|p2|Sylveon, L50, M, shiny|
|poke|p2|Sinistcha, L50, shiny|
|teampreview|4
|showteam|p1|Gholdengo||ChoiceScarf|GoodasGold|MakeItRain,PowerGem,ShadowBall,Trick|Timid|||||50|]Milotic||Leftovers|Competitive|Recover,IcyWind,Scald,Haze|Calm||F|||50|]Tsareena||WideLens|QueenlyMajesty|Protect,TripleAxel,PowerWhip,Taunt|Adamant||F|||50|]Garchomp||LifeOrb|RoughSkin|DragonClaw,RockSlide,StompingTantrum,Protect|Adamant||M|||50|]Talonflame||FocusSash|GaleWings|Tailwind,DualWingbeat,Overheat,Protect|Hasty||M|||50|]Raichu||RaichuniteY|LightningRod|FakeOut,Protect,ZapCannon,FocusBlast|Timid||F|||50|
|showteam|p2|Lucario||Lucarionite|InnerFocus|BulletPunch,CloseCombat,SteelBeam,AuraSphere|Hasty||M|||50|]Hydreigon||ChoiceScarf|Levitate|Snarl,DarkPulse,DracoMeteor,Uturn|Timid||M|||50|]Swampert||Swampertite|Torrent|WaveCrash,IcePunch,RockSlide,Earthquake|Jolly||M|||50|]Pelipper||FocusSash|Drizzle|Uturn,WeatherBall,Hurricane,Protect|Modest||M|||50|]Sylveon||FairyFeather|Pixilate|HyperBeam,HyperVoice,QuickAttack,WeatherBall|Quiet||M|||50|]Sinistcha||SitrusBerry|Hospitality|LifeDew,MatchaGotcha,RagePowder,TrickRoom|Bold|||||50|
|
|t:|1785450930
|teamsize|p1|4
|teamsize|p2|4
|start
|switch|p1a: Raichu|Raichu, L50, F|100/100
|switch|p1b: Talonflame|Talonflame, L50, M, shiny|100/100
|switch|p2a: Hydreigon|Hydreigon, L50, M|100/100
|switch|p2b: Sylveon|Sylveon, L50, M, shiny|100/100
|turn|1
|inactive|Battle timer is ON: inactive players will automatically lose when time's up. (requested by bruh.mov)
|inactive|elpibevgc has 60 seconds left.
|
|t:|1785450976
|switch|p2a: Pelipper|Pelipper, L50, M, shiny|100/100
|-weather|RainDance|[from] ability: Drizzle|[of] p2a: Pelipper
|detailschange|p1a: Raichu|Raichu-Mega-Y, L50, F
|-mega|p1a: Raichu|Raichu|Raichunite Y
|move|p1b: Talonflame|Tailwind|p1b: Talonflame
|-sidestart|p1: elpibevgc|move: Tailwind
|move|p1a: Raichu|Zap Cannon|p2a: Pelipper
|-supereffective|p2a: Pelipper|2
|-enditem|p2a: Pelipper|Focus Sash
|-damage|p2a: Pelipper|1/100
|-status|p2a: Pelipper|par
|move|p2b: Sylveon|Hyper Voice|p1b: Talonflame|[spread] p1a,p1b
|-resisted|p1b: Talonflame|1
|-damage|p1a: Raichu|36/100
|-damage|p1b: Talonflame|64/100
|
|-weather|RainDance|[upkeep]
|upkeep
|turn|2
|inactive|elpibevgc has 30 seconds left.
|inactive|bruh.mov has 30 seconds left.
|inactive|elpibevgc has 20 seconds left.
|
|t:|1785451016
|move|p1b: Talonflame|Protect|p1b: Talonflame
|-singleturn|p1b: Talonflame|Protect
|move|p1a: Raichu|Zap Cannon|p2b: Sylveon
|-damage|p2b: Sylveon|47/100
|-status|p2b: Sylveon|par
|move|p2a: Pelipper|U-turn|p1b: Talonflame
|-activate|p1b: Talonflame|move: Protect
|move|p2b: Sylveon|Hyper Voice|p1a: Raichu|[spread] p1a
|-activate|p1b: Talonflame|move: Protect
|-damage|p1a: Raichu|0 fnt
|faint|p1a: Raichu
|
|-weather|RainDance|[upkeep]
|upkeep
|
|t:|1785451030
|switch|p1a: Tsareena|Tsareena, L50, F, shiny|100/100
|turn|3
|
|t:|1785451045
|switch|p2a: Hydreigon|Hydreigon, L50, M|100/100
|move|p1b: Talonflame|Dual Wingbeat|p2a: Hydreigon
|-damage|p2a: Hydreigon|81/100
|-damage|p2a: Hydreigon|65/100
|-hitcount|p2a: Hydreigon|2
|move|p1a: Tsareena|Triple Axel|p2b: Sylveon
|-damage|p2b: Sylveon|39/100 par
|-damage|p2b: Sylveon|22/100 par
|-damage|p2b: Sylveon|1/100 par
|-hitcount|p2b: Sylveon|3
|move|p2b: Sylveon|Weather Ball|p1b: Talonflame
|-supereffective|p1b: Talonflame|1
|-damage|p1b: Talonflame|0 fnt
|faint|p1b: Talonflame
|
|-weather|RainDance|[upkeep]
|upkeep
|
|t:|1785451061
|switch|p1b: Garchomp|Garchomp, L50, M|100/100
|turn|4
|
|t:|1785451083
|switch|p2a: Pelipper|Pelipper, L50, M, shiny|1/100 par
|move|p1b: Garchomp|Protect|p1b: Garchomp
|-singleturn|p1b: Garchomp|Protect
|move|p1a: Tsareena|Triple Axel|p2a: Pelipper
|-damage|p2a: Pelipper|0 fnt
|faint|p2a: Pelipper
|-hitcount|p2: Pelipper|1
|move|p2b: Sylveon|Hyper Beam|p1a: Tsareena
|-damage|p1a: Tsareena|0 fnt
|-mustrecharge|p2b: Sylveon
|faint|p1a: Tsareena
|
|-weather|RainDance|[upkeep]
|-sideend|p1: elpibevgc|move: Tailwind
|upkeep
|
|t:|1785451101
|switch|p2a: Swampert|Swampert, L50, M|100/100
|turn|5
|
|t:|1785451111
|detailschange|p2a: Swampert|Swampert-Mega, L50, M
|-mega|p2a: Swampert|Swampert|Swampertite
|move|p2a: Swampert|Ice Punch|p1b: Garchomp
|-supereffective|p1b: Garchomp|2
|-damage|p1b: Garchomp|8/100
|-damage|p2a: Swampert|87/100|[from] ability: Rough Skin|[of] p1b: Garchomp
|move|p1b: Garchomp|Dragon Claw|p2a: Swampert
|-damage|p2a: Swampert|40/100
|-damage|p1b: Garchomp|0 fnt|[from] item: Life Orb
|faint|p1b: Garchomp
|
|win|bruh.mov
|raw|elpibevgc's rating: 1000 → 1000(+0 for losing)
|raw|bruh.mov's rating: 1043 → 1072(+29 for winning)
|l|☆bruh.mov
|player|p2|
