|j|☆root2iris
|j|☆Shnipe_Cizy
|html|root2irisShnipe_Cizy    
|uhtml|bestof|Game 2 of a best-of-3
|t:|1756994056
|gametype|doubles
|player|p1|root2iris|guitarist|
|player|p2|Shnipe_Cizy|red|
|gen|9
|tier|[Gen 9] VGC 2025 Reg H (Bo3)
|rule|Species Clause: Limit one of each Pokémon
|rule|Item Clause: Limit 1 of each item
|clearpoke
|poke|p1|Archaludon, L50, M|
|poke|p1|Pelipper, L50, M|
|poke|p1|Amoonguss, L50, M|
|poke|p1|Incineroar, L50, F|
|poke|p1|Baxcalibur, L50, M|
|poke|p1|Annihilape, L50, F|
|poke|p2|Tyranitar, L50, M|
|poke|p2|Archaludon, L50, M|
|poke|p2|Volcarona, L50, F|
|poke|p2|Indeedee, L50, M|
|poke|p2|Sneasler, L50, F|
|poke|p2|Annihilape, L50, M|
|teampreview|4
|showteam|p1|Archaludon||AssaultVest|Stamina|DragonPulse,ElectroShot,BodyPress,Thunderbolt|||M|||50|,,,,,Electric]Pelipper||FocusSash|Drizzle|MuddyWater,Hurricane,Tailwind,Protect|||M|||50|,,,,,Ghost]Amoonguss||CovertCloak|Regenerator|PollenPuff,RagePowder,Spore,Protect|||M|||50|,,,,,Fairy]Incineroar||SafetyGoggles|Intimidate|KnockOff,BurningJealousy,PartingShot,FakeOut|||F|||50|,,,,,Ghost]Baxcalibur||LoadedDice|ThermalExchange|IcicleSpear,ScaleShot,HighHorsepower,Protect|||M|||50|,,,,,Ghost]Annihilape||SitrusBerry|Defiant|RageFist,FinalGambit,Coaching,Taunt|||F|||50|,,,,,Water
|showteam|p2|Tyranitar||AssaultVest|SandStream|RockSlide,KnockOff,TeraBlast,LowKick|||M|||50|,,,,,Flying]Archaludon||PowerHerb|Stalwart|ElectroShot,DragonPulse,Thunderbolt,Protect|||M|||50|,,,,,Electric]Volcarona||SitrusBerry|FlameBody|Overheat,StruggleBug,RagePowder,Tailwind|||F|||50|,,,,,Grass]Indeedee||ChoiceScarf|PsychicSurge|ExpandingForce,HyperVoice,Trick,Protect|||M|||50|,,,,,Psychic]Sneasler||PsychicSeed|Unburden|DireClaw,CloseCombat,ThroatChop,Protect|||F|||50|,,,,,Dark]Annihilape||SafetyGoggles|Defiant|CloseCombat,RageFist,Taunt,FinalGambit|||M|||50|,,,,,Water
|inactive|Battle timer is ON: inactive players will automatically lose when time's up. (requested by root2iris)
|j| dengonumber1fan
|inactiveoff|Battle timer is now OFF.
|
|t:|1756994101
|teamsize|p1|4
|teamsize|p2|4
|start
|switch|p1a: Oathkeeper|Pelipper, L50, M, shiny|100/100
|switch|p1b: Air Combo++|Baxcalibur, L50, M|100/100
|switch|p2a: Nathan|Indeedee, L50, M|100/100
|switch|p2b: IsItAMonkey|Annihilape, L50, M|100/100
|-fieldstart|move: Psychic Terrain|[from] ability: Psychic Surge|[of] p2a: Nathan
|-weather|RainDance|[from] ability: Drizzle|[of] p1a: Oathkeeper
|turn|1
|
|t:|1756994135
|move|p2a: Nathan|Expanding Force|p1a: Oathkeeper|[spread] p1a,p1b
|-damage|p1a: Oathkeeper|3/100
|-damage|p1b: Air Combo++|34/100
|move|p2b: IsItAMonkey|Rage Fist|p1a: Oathkeeper
|-damage|p1a: Oathkeeper|0 fnt
|faint|p1a: Oathkeeper
|move|p1b: Air Combo++|Scale Shot|p2a: Nathan
|-damage|p2a: Nathan|69/100
|-damage|p2a: Nathan|38/100
|-damage|p2a: Nathan|9/100
|-damage|p2a: Nathan|0 fnt
|faint|p2a: Nathan
|-hitcount|p2: Nathan|4
|-unboost|p1b: Air Combo++|def|1
|-boost|p1b: Air Combo++|spe|1
|
|-weather|RainDance|[upkeep]
|upkeep
|
|t:|1756994158
|switch|p2a: Schadenfreud|Sneasler, L50, F|100/100
|switch|p1a: Mikael Mouse|Amoonguss, L50, M|100/100
|-enditem|p2a: Schadenfreud|Psychic Seed
|-boost|p2a: Schadenfreud|spd|1|[from] item: Psychic Seed
|turn|2
|
|t:|1756994168
|move|p2a: Schadenfreud|Protect|p2a: Schadenfreud
|-singleturn|p2a: Schadenfreud|Protect
|move|p1a: Mikael Mouse|Rage Powder|p1a: Mikael Mouse
|-singleturn|p1a: Mikael Mouse|move: Rage Powder
|move|p1b: Air Combo++|Scale Shot|p2b: IsItAMonkey
|-damage|p2b: IsItAMonkey|85/100
|-damage|p2b: IsItAMonkey|70/100
|-damage|p2b: IsItAMonkey|54/100
|-damage|p2b: IsItAMonkey|42/100
|-hitcount|p2b: IsItAMonkey|4
|-unboost|p1b: Air Combo++|def|1
|-boost|p1b: Air Combo++|spe|1
|move|p2b: IsItAMonkey|Taunt|p1a: Mikael Mouse
|-start|p1a: Mikael Mouse|move: Taunt
|
|-weather|RainDance|[upkeep]
|upkeep
|turn|3
|
|t:|1756994217
|switch|p1a: Roxas|Archaludon, L50, M|100/100
|move|p1b: Air Combo++|Protect|p1b: Air Combo++
|-singleturn|p1b: Air Combo++|Protect
|move|p2a: Schadenfreud|Throat Chop|p1b: Air Combo++
|-activate|p1b: Air Combo++|move: Protect
|move|p2b: IsItAMonkey|Rage Fist|p1a: Roxas
|-damage|p1a: Roxas|33/100
|-ability|p1a: Roxas|Stamina|boost
|-boost|p1a: Roxas|def|1
|
|-weather|RainDance|[upkeep]
|upkeep
|turn|4
|
|t:|1756994241
|switch|p1b: Mikael Mouse|Amoonguss, L50, M|100/100
|move|p2a: Schadenfreud|Close Combat|p1a: Roxas
|-supereffective|p1a: Roxas
|-damage|p1a: Roxas|0 fnt
|-unboost|p2a: Schadenfreud|def|1
|-unboost|p2a: Schadenfreud|spd|1
|faint|p1a: Roxas
|move|p2b: IsItAMonkey|Taunt|p1b: Mikael Mouse
|-start|p1b: Mikael Mouse|move: Taunt
|
|-weather|RainDance|[upkeep]
|upkeep
|
|t:|1756994248
|switch|p1a: Air Combo++|Baxcalibur, L50, M|34/100
|turn|5
|
|t:|1756994266
|-terastallize|p2a: Schadenfreud|Dark
|-terastallize|p1a: Air Combo++|Ghost
|move|p2a: Schadenfreud|Throat Chop|p1a: Air Combo++
|-supereffective|p1a: Air Combo++
|-damage|p1a: Air Combo++|0 fnt
|faint|p1a: Air Combo++
|move|p2b: IsItAMonkey|Rage Fist|p1b: Mikael Mouse
|-damage|p1b: Mikael Mouse|11/100
|move|p1b: Mikael Mouse|Pollen Puff|p1: Air Combo++|[notarget]
|-fail|p1b: Mikael Mouse
|
|-weather|none
|-fieldend|move: Psychic Terrain
|upkeep
|turn|6
|c|☆root2iris|gg
|c|☆Shnipe_Cizy|ggs
|-message|root2iris forfeited.
|
|win|Shnipe_Cizy
|l| dengonumber1fan
