|j|☆chawieeee
|j|☆SRareFox
|html|chawieeeeSRareFox    
|uhtml|bestof|Game 2 of a best-of-3
|t:|1757171132
|gametype|doubles
|player|p1|chawieeee|102|1111
|player|p2|SRareFox|169|1279
|gen|9
|tier|[Gen 9] VGC 2025 Reg H (Bo3)
|rated|
|rule|Species Clause: Limit one of each Pokémon
|rule|Item Clause: Limit 1 of each item
|clearpoke
|poke|p1|Tinkaton, L50, F|
|poke|p1|Politoed, L50, F|
|poke|p1|Sneasler, L50, M|
|poke|p1|Rillaboom, L50, F|
|poke|p1|Kingdra, L50, F|
|poke|p1|Ursaluna-Bloodmoon, L50, M|
|poke|p2|Hatterene, L50, F|
|poke|p2|Indeedee-F, L50, F|
|poke|p2|Gallade, L50, M|
|poke|p2|Ursaluna, L50, F|
|poke|p2|Torkoal, L50, M|
|poke|p2|Porygon2, L50|
|teampreview|4
|showteam|p1|Tinkaton||WideLens|MoldBreaker|FakeOut,ThunderWave,Encore,PlayRough|||F|||50|,,,,,Grass]Politoed||Leftovers|Drizzle|IcyWind,WeatherBall,Protect,Encore|||F|||50|,,,,,Grass]Sneasler||WhiteHerb|Unburden|CloseCombat,DireClaw,SwordsDance,Protect|||M|||50|,,,,,Poison]Rillaboom||AssaultVest|GrassySurge|FakeOut,Uturn,WoodHammer,GrassyGlide|||F|||50|,,,,,Fire]Kingdra||ChoiceSpecs|SwiftSwim|MuddyWater,DracoMeteor,WeatherBall,Hurricane|||F|||50|,,,,,Water]Ursaluna-Bloodmoon||LifeOrb|MindsEye|Protect,HyperVoice,BloodMoon,EarthPower|||M|||50|,,,,,Ghost
|showteam|p2|Hatterene||LifeOrb|MagicBounce|ExpandingForce,DazzlingGleam,TrickRoom,MysticalFire|||F|||50|,,,,,Fire]Indeedee-F||SafetyGoggles|PsychicSurge|Psychic,FollowMe,TrickRoom,HelpingHand|||F|||50|,,,,,Water]Gallade||ClearAmulet|Sharpness|PsychoCut,SacredSword,TrickRoom,WideGuard|||M|||50|,,,,,Grass]Ursaluna||FlameOrb|Guts|Facade,HeadlongRush,Earthquake,Protect|||F|||50|,,,,,Ghost]Torkoal||Charcoal|Drought|Eruption,WeatherBall,ClearSmog,Protect|||M|||50|,,,,,Fire]Porygon2||Eviolite|Download|IceBeam,TeraBlast,TrickRoom,Recover||||||50|,,,,,Flying
|inactive|Battle timer is ON: inactive players will automatically lose when time's up. (requested by SRareFox)
|
|t:|1757171142
|teamsize|p1|4
|teamsize|p2|4
|start
|switch|p1a: Politoed|Politoed, L50, F|100/100
|switch|p1b: Kingdra|Kingdra, L50, F|100/100
|switch|p2a: Gallade|Gallade, L50, M|100/100
|switch|p2b: Hatterene|Hatterene, L50, F|100/100
|-weather|RainDance|[from] ability: Drizzle|[of] p1a: Politoed
|turn|1
|inactive|chawieeee has 30 seconds left.
|inactive|SRareFox has 30 seconds left.
|inactive|chawieeee has 20 seconds left.
|inactive|SRareFox has 20 seconds left.
|inactive|chawieeee has 15 seconds left.
|inactive|SRareFox has 15 seconds left.
|inactive|chawieeee has 10 seconds left.
|inactive|SRareFox has 10 seconds left.
|inactive|chawieeee has 5 seconds left.
|
|t:|1757171197
|switch|p2b: Torkoal|Torkoal, L50, M|100/100
|-weather|SunnyDay|[from] ability: Drought|[of] p2b: Torkoal
|-terastallize|p1b: Kingdra|Water
|move|p1b: Kingdra|Hurricane|p2a: Gallade
|-supereffective|p2a: Gallade
|-damage|p2a: Gallade|15/100
|move|p1a: Politoed|Weather Ball|p2b: Torkoal
|-resisted|p2b: Torkoal
|-damage|p2b: Torkoal|78/100
|move|p2a: Gallade|Trick Room|p2a: Gallade
|-fieldstart|move: Trick Room|[of] p2a: Gallade
|
|-weather|SunnyDay|[upkeep]
|upkeep
|turn|2
|inactive|chawieeee has 30 seconds left.
|inactive|SRareFox has 30 seconds left.
|inactive|chawieeee has 20 seconds left.
|inactive|SRareFox has 20 seconds left.
|
|t:|1757171235
|switch|p1b: Tinkaton|Tinkaton, L50, F|100/100
|-ability|p1b: Tinkaton|Mold Breaker
|-terastallize|p2b: Torkoal|Fire
|move|p1a: Politoed|Protect|p1a: Politoed
|-singleturn|p1a: Politoed|Protect
|move|p2b: Torkoal|Eruption|p1b: Tinkaton|[spread] p1b
|-activate|p1a: Politoed|move: Protect
|-supereffective|p1b: Tinkaton
|-damage|p1b: Tinkaton|0 fnt
|faint|p1b: Tinkaton
|move|p2a: Gallade|Sacred Sword|p1a: Politoed
|-activate|p1a: Politoed|move: Protect
|
|-weather|SunnyDay|[upkeep]
|upkeep
|
|t:|1757171252
|switch|p1b: Rillaboom|Rillaboom, L50, F|100/100
|-fieldstart|move: Grassy Terrain|[from] ability: Grassy Surge|[of] p1b: Rillaboom
|turn|3
|
|t:|1757171264
|switch|p2a: Indeedee|Indeedee-F, L50, F|100/100
|-fieldstart|move: Psychic Terrain|[from] ability: Psychic Surge|[of] p2a: Indeedee
|switch|p1a: Kingdra|Kingdra, L50, F, tera:Water|100/100
|move|p1b: Rillaboom|Fake Out|p2b: Torkoal
|-activate|p2b: Torkoal|move: Psychic Terrain
|move|p2b: Torkoal|Eruption|p1b: Rillaboom|[spread] p1a,p1b
|-resisted|p1a: Kingdra
|-crit|p1a: Kingdra
|-supereffective|p1b: Rillaboom
|-damage|p1a: Kingdra|14/100
|-damage|p1b: Rillaboom|0 fnt
|faint|p1b: Rillaboom
|
|-weather|SunnyDay|[upkeep]
|upkeep
|
|t:|1757171271
|switch|p1b: Politoed|Politoed, L50, F|100/100
|-weather|RainDance|[from] ability: Drizzle|[of] p1b: Politoed
|turn|4
|
|t:|1757171288
|switch|p2b: Gallade|Gallade, L50, M|15/100
|move|p2a: Indeedee|Psychic|p1a: Kingdra
|-damage|p1a: Kingdra|0 fnt
|faint|p1a: Kingdra
|move|p1b: Politoed|Weather Ball|p2b: Gallade
|-damage|p2b: Gallade|0 fnt
|faint|p2b: Gallade
|
|-weather|RainDance|[upkeep]
|upkeep
|
|t:|1757171296
|switch|p2b: Torkoal|Torkoal, L50, M, tera:Fire|78/100
|-weather|SunnyDay|[from] ability: Drought|[of] p2b: Torkoal
|turn|5
|
|t:|1757171318
|move|p2a: Indeedee|Follow Me|p2a: Indeedee
|-singleturn|p2a: Indeedee|move: Follow Me
|move|p2b: Torkoal|Weather Ball|p1b: Politoed
|-resisted|p1b: Politoed
|-damage|p1b: Politoed|63/100
|move|p1b: Politoed|Weather Ball|p2a: Indeedee
|-damage|p2a: Indeedee|71/100
|
|-weather|SunnyDay|[upkeep]
|-heal|p1b: Politoed|70/100|[from] item: Leftovers
|-fieldend|move: Trick Room
|upkeep
|turn|6
|
|t:|1757171332
|move|p2b: Torkoal|Protect|p2b: Torkoal
|-singleturn|p2b: Torkoal|Protect
|move|p1b: Politoed|Weather Ball|p2b: Torkoal
|-activate|p2b: Torkoal|move: Protect
|move|p2a: Indeedee|Trick Room|p2a: Indeedee
|-fieldstart|move: Trick Room|[of] p2a: Indeedee
|
|-weather|SunnyDay|[upkeep]
|-heal|p1b: Politoed|76/100|[from] item: Leftovers
|upkeep
|turn|7
|
|t:|1757171341
|move|p2a: Indeedee|Follow Me|p2a: Indeedee
|-singleturn|p2a: Indeedee|move: Follow Me
|move|p2b: Torkoal|Weather Ball|p1b: Politoed
|-resisted|p1b: Politoed
|-damage|p1b: Politoed|34/100
|move|p1b: Politoed|Weather Ball|p2a: Indeedee
|-damage|p2a: Indeedee|39/100
|
|-weather|SunnyDay|[upkeep]
|-heal|p1b: Politoed|40/100|[from] item: Leftovers
|-fieldend|move: Psychic Terrain
|upkeep
|turn|8
|
|t:|1757171348
|move|p2a: Indeedee|Follow Me|p2a: Indeedee
|-singleturn|p2a: Indeedee|move: Follow Me
|move|p2b: Torkoal|Weather Ball|p1b: Politoed
|-resisted|p1b: Politoed
|-damage|p1b: Politoed|3/100
|move|p1b: Politoed|Weather Ball|p2a: Indeedee
|-damage|p2a: Indeedee|10/100
|
|-weather|SunnyDay|[upkeep]
|-heal|p1b: Politoed|9/100|[from] item: Leftovers
|upkeep
|turn|9
|
|t:|1757171358
|move|p2b: Torkoal|Weather Ball|p1b: Politoed
|-resisted|p1b: Politoed
|-damage|p1b: Politoed|0 fnt
|faint|p1b: Politoed
|
|win|SRareFox
||SRareFox is ready for game 3.
|inactive|chawieeee has 30 seconds to confirm battle start!
|inactive|chawieeee has 20 seconds to confirm battle start!
|l|☆chawieeee
|player|p1|
|j|☆chawieeee
|player|p1|chawieeee|102|
