|j|☆MiniBerg10
|j|☆boober_magmar
|html|MiniBerg10boober_magmar    
|uhtml|bestof|Game 1 of a best-of-3
|t:|1757674681
|gametype|doubles
|player|p1|MiniBerg10|lucas-gen4pt|1118
|player|p2|boober_magmar|gambler|1197
|gen|9
|tier|[Gen 9] VGC 2025 Reg H (Bo3)
|rated|
|rule|Species Clause: Limit one of each Pokémon
|rule|Item Clause: Limit 1 of each item
|clearpoke
|poke|p1|Charizard, L50, M|
|poke|p1|Torkoal, L50, M|
|poke|p1|Farigiraf, L50, F|
|poke|p1|Whimsicott, L50, F|
|poke|p1|Electabuzz, L50, M|
|poke|p1|Ursaluna-Bloodmoon, L50, M|
|poke|p2|Annihilape, L50, F|
|poke|p2|Sinistcha, L50|
|poke|p2|Maushold-Four, L50|
|poke|p2|Klefki, L50, F|
|poke|p2|Ursaluna-Bloodmoon, L50, M|
|poke|p2|Ninetales-Alola, L50, F|
|teampreview|4
|showteam|p1|Charizard||ChoiceScarf|SolarPower|HeatWave,Overheat,WeatherBall,AirSlash|||M|||50|,,,,,Ghost]Torkoal||Charcoal|Drought|Eruption,WeatherBall,EarthPower,Protect|||M|||50|,,,,,Fire]Farigiraf||ThroatSpray|ArmorTail|HyperVoice,Psychic,HelpingHand,TrickRoom|||F|||50|,,,,,Dark]Whimsicott||CovertCloak|Prankster|EnergyBall,Encore,Tailwind,Protect|||F|||50|,,,,,Grass]Electabuzz||Eviolite|VitalSpirit|Thunderbolt,Taunt,FollowMe,HelpingHand|||M|||50|,,,,,Water]Ursaluna-Bloodmoon||LifeOrb|MindsEye|BloodMoon,HyperVoice,EarthPower,Protect|||M|||50|,,,,,Normal
|showteam|p2|Annihilape||Leftovers|Defiant|Protect,BulkUp,DrainPunch,RageFist|||F|||50|,,,,,Fire]Sinistcha||SitrusBerry|Hospitality|MatchaGotcha,TrickRoom,LifeDew,RagePowder||||||50|,,,,,Water]Maushold-Four||SafetyGoggles|FriendGuard|FollowMe,Taunt,BeatUp,Protect||||||50|,,,,,Ghost]Klefki||LightClay|Prankster|Reflect,LightScreen,MistyTerrain,DazzlingGleam|||F|||50|,,,,,Ghost]Ursaluna-Bloodmoon||AssaultVest|MindsEye|BloodMoon,HyperVoice,EarthPower,VacuumWave|||M|||50|,,,,,Water]Ninetales-Alola||FocusSash|SnowWarning|Protect,Encore,FreezeDry,Blizzard|||F|||50|,,,,,Ghost
|inactive|Battle timer is ON: inactive players will automatically lose when time's up. (requested by MiniBerg10)
|inactive|boober_magmar has 60 seconds left.
|inactive|boober_magmar has 30 seconds left.
|inactive|boober_magmar has 20 seconds left.
|inactive|boober_magmar has 15 seconds left.
|inactive|boober_magmar has 10 seconds left.
|inactive|boober_magmar has 5 seconds left.
|
|t:|1757674771
|teamsize|p1|4
|teamsize|p2|4
|start
|switch|p1a: Farigiraf|Farigiraf, L50, F|100/100
|switch|p1b: Electabuzz|Electabuzz, L50, M|100/100
|switch|p2a: Annihilape|Annihilape, L50, F|100/100
|switch|p2b: Ursaluna|Ursaluna-Bloodmoon, L50, M|100/100
|turn|1
|
|t:|1757674794
|move|p1b: Electabuzz|Follow Me|p1b: Electabuzz
|-singleturn|p1b: Electabuzz|move: Follow Me
|move|p2a: Annihilape|Drain Punch|p1b: Electabuzz
|-damage|p1b: Electabuzz|76/100
|move|p2b: Ursaluna|Hyper Voice|p1b: Electabuzz|[spread] p1a,p1b
|-damage|p1a: Farigiraf|69/100
|-damage|p1b: Electabuzz|48/100
|move|p1a: Farigiraf|Trick Room|p1a: Farigiraf
|-fieldstart|move: Trick Room|[of] p1a: Farigiraf
|
|upkeep
|turn|2
|
|t:|1757674813
|switch|p2a: Klefki|Klefki, L50, F|100/100
|move|p1b: Electabuzz|Follow Me|p1b: Electabuzz
|-singleturn|p1b: Electabuzz|move: Follow Me
|move|p2b: Ursaluna|Hyper Voice|p1a: Farigiraf|[spread] p1a,p1b
|-damage|p1a: Farigiraf|36/100
|-damage|p1b: Electabuzz|20/100
|move|p1a: Farigiraf|Psychic|p2a: Klefki
|-resisted|p2a: Klefki
|-damage|p2a: Klefki|84/100
|
|upkeep
|turn|3
|
|t:|1757674825
|move|p2a: Klefki|Light Screen|p2a: Klefki
|-sidestart|p2: boober_magmar|move: Light Screen
|move|p2b: Ursaluna|Hyper Voice|p1a: Farigiraf|[spread] p1a,p1b
|-damage|p1a: Farigiraf|8/100
|-damage|p1b: Electabuzz|0 fnt
|faint|p1b: Electabuzz
|move|p1a: Farigiraf|Hyper Voice|p2a: Klefki|[spread] p2a,p2b
|-resisted|p2a: Klefki
|-damage|p2a: Klefki|76/100
|-damage|p2b: Ursaluna|89/100
|-enditem|p1a: Farigiraf|Throat Spray
|-boost|p1a: Farigiraf|spa|1|[from] item: Throat Spray
|
|upkeep
|
|t:|1757674829
|switch|p1b: Torkoal|Torkoal, L50, M|100/100
|-weather|SunnyDay|[from] ability: Drought|[of] p1b: Torkoal
|turn|4
|
|t:|1757674842
|switch|p2a: Ninetales|Ninetales-Alola, L50, F|100/100
|-weather|Snowscape|[from] ability: Snow Warning|[of] p2a: Ninetales
|-terastallize|p1b: Torkoal|Fire
|-terastallize|p2b: Ursaluna|Water
|move|p1a: Farigiraf|Helping Hand|p1b: Torkoal
|-singleturn|p1b: Torkoal|Helping Hand|[of] p1a: Farigiraf
|move|p1b: Torkoal|Eruption|p2b: Ursaluna|[spread] p2a,p2b
|-supereffective|p2a: Ninetales
|-crit|p2a: Ninetales
|-resisted|p2b: Ursaluna
|-enditem|p2a: Ninetales|Focus Sash
|-damage|p2a: Ninetales|1/100
|-damage|p2b: Ursaluna|63/100
|move|p2b: Ursaluna|Earth Power|p1b: Torkoal
|-supereffective|p1b: Torkoal
|-damage|p1b: Torkoal|0 fnt
|faint|p1b: Torkoal
|
|-weather|Snowscape|[upkeep]
|upkeep
|
|t:|1757674864
|switch|p1b: Charizard|Charizard, L50, M|100/100
|turn|5
|
|t:|1757674871
|switch|p2a: Klefki|Klefki, L50, F|76/100
|move|p2b: Ursaluna|Hyper Voice|p1a: Farigiraf|[spread] p1a,p1b
|-damage|p1a: Farigiraf|0 fnt
|-damage|p1b: Charizard|53/100
|faint|p1a: Farigiraf
|move|p1b: Charizard|Heat Wave|p2b: Ursaluna|[spread] p2a,p2b
|-supereffective|p2a: Klefki
|-resisted|p2b: Ursaluna
|-damage|p2a: Klefki|32/100
|-damage|p2b: Ursaluna|57/100
|
|-weather|Snowscape|[upkeep]
|-fieldend|move: Trick Room
|upkeep
|turn|6
|inactive|MiniBerg10 has 30 seconds left.
|
|t:|1757674898
|move|p1b: Charizard|Heat Wave|p2b: Ursaluna|[spread] p2b
|-miss|p1b: Charizard|p2a: Klefki
|-resisted|p2b: Ursaluna
|-damage|p2b: Ursaluna|50/100
|move|p2a: Klefki|Dazzling Gleam|p1b: Charizard
|-resisted|p1b: Charizard
|-damage|p1b: Charizard|37/100
|move|p2b: Ursaluna|Blood Moon|p1b: Charizard
|-damage|p1b: Charizard|0 fnt
|faint|p1b: Charizard
|
|win|boober_magmar
||MiniBerg10 is ready for game 2.
||boober_magmar is ready for game 2.
|uhtml|next|Next: Game 2 of 3
|l|☆MiniBerg10
|player|p1|
|l|☆boober_magmar
|player|p2|
