|j|☆Jakobtc
|j|☆f0xy363
|html|Jakobtcf0xy363    
|uhtml|bestof|Game 1 of a best-of-3
|t:|1756877402
|gametype|doubles
|player|p1|Jakobtc|riley|1139
|player|p2|f0xy363|170|1146
|gen|9
|tier|[Gen 9] VGC 2025 Reg H (Bo3)
|rated|
|rule|Species Clause: Limit one of each Pokémon
|rule|Item Clause: Limit 1 of each item
|clearpoke
|poke|p1|Gholdengo, L50|
|poke|p1|Incineroar, L50, M|
|poke|p1|Amoonguss, L50, M|
|poke|p1|Porygon2, L50|
|poke|p1|Ursaluna, L50, M|
|poke|p1|Kilowattrel, L50, F|
|poke|p2|Gholdengo, L50|
|poke|p2|Incineroar, L50, M|
|poke|p2|Flamigo, L50, F|
|poke|p2|Ursaluna, L50, F|
|poke|p2|Porygon2, L50|
|poke|p2|Amoonguss, L50, F|
|teampreview|4
|showteam|p1|Gholdengo||LifeOrb|GoodasGold|MakeItRain,ShadowBall,NastyPlot,Protect||||||50|,,,,,Water]Incineroar||SafetyGoggles|Intimidate|FakeOut,FlareBlitz,KnockOff,PartingShot|||M|||50|,,,,,Bug]Amoonguss||SitrusBerry|Regenerator|Spore,RagePowder,PollenPuff,Protect|||M|||50|,,,,,Water]Porygon2||Eviolite|Download|TeraBlast,IceBeam,TrickRoom,Recover||||||50|,,,,,Fighting]Ursaluna||FlameOrb|Guts|Facade,HeadlongRush,Earthquake,Protect|||M|||50|,,,,,Ghost]Kilowattrel||FocusSash|Competitive|AirSlash,Thunderbolt,Tailwind,Protect|||F|||50|,,,,,Ghost
|showteam|p2|Gholdengo||LifeOrb|GoodasGold|MakeItRain,ShadowBall,NastyPlot,Protect||||||50|,,,,,Dragon]Incineroar||SafetyGoggles|Intimidate|KnockOff,FlareBlitz,PartingShot,FakeOut|||M|||50|,,,,,Grass]Flamigo||FocusSash|Scrappy|CloseCombat,BraveBird,WideGuard,Protect|||F|||50|,,,,,Ghost]Ursaluna||FlameOrb|Guts|Facade,HeadlongRush,Earthquake,Protect|||F|||50|,,,,,Normal]Porygon2||Eviolite|Download|TeraBlast,IceBeam,TrickRoom,Recover||||||50|,,,,,Fighting]Amoonguss||MentalHerb|Regenerator|Spore,RagePowder,PollenPuff,SludgeBomb|||F|||50|,,,,,Water
|c|☆Jakobtc|glhf
|inactive|Battle timer is ON: inactive players will automatically lose when time's up. (requested by f0xy363)
|c|☆f0xy363|u2
|j| Auragap
|
|t:|1756877443
|teamsize|p1|4
|teamsize|p2|4
|start
|switch|p1a: Gholdengo|Gholdengo, L50|100/100
|switch|p1b: Incineroar|Incineroar, L50, M|100/100
|switch|p2a: Flamigo|Flamigo, L50, F|100/100
|switch|p2b: Incineroar|Incineroar, L50, M|100/100
|-ability|p2b: Incineroar|Intimidate|boost
|-unboost|p1a: Gholdengo|atk|1
|-unboost|p1b: Incineroar|atk|1
|-ability|p1b: Incineroar|Intimidate|boost
|-fail|p2a: Flamigo|unboost|Attack|[from] ability: Scrappy|[of] p2a: Flamigo
|-unboost|p2b: Incineroar|atk|1
|turn|1
|inactive|Jakobtc has 30 seconds left.
|inactive|Jakobtc has 20 seconds left.
|inactive|Jakobtc has 15 seconds left.
|
|t:|1756877486
|-terastallize|p1b: Incineroar|Bug
|move|p1a: Gholdengo|Protect|p1a: Gholdengo
|-singleturn|p1a: Gholdengo|Protect
|move|p2b: Incineroar|Fake Out|p1b: Incineroar
|-damage|p1b: Incineroar|93/100
|cant|p1b: Incineroar|flinch
|move|p2a: Flamigo|Close Combat|p1a: Gholdengo
|-activate|p1a: Gholdengo|move: Protect
|
|upkeep
|turn|2
|l| Auragap
|
|t:|1756877500
|switch|p1a: Kilowattrel|Kilowattrel, L50, F|100/100
|move|p2a: Flamigo|Close Combat|p1a: Kilowattrel
|-resisted|p1a: Kilowattrel
|-damage|p1a: Kilowattrel|45/100
|-unboost|p2a: Flamigo|def|1
|-unboost|p2a: Flamigo|spd|1
|move|p2b: Incineroar|Flare Blitz|p1b: Incineroar
|-supereffective|p1b: Incineroar
|-damage|p1b: Incineroar|31/100
|-status|p1b: Incineroar|brn
|-damage|p2b: Incineroar|80/100|[from] Recoil
|move|p1b: Incineroar|Flare Blitz|p2a: Flamigo
|-damage|p2a: Flamigo|63/100
|-damage|p1b: Incineroar|21/100 brn|[from] Recoil
|
|-damage|p1b: Incineroar|15/100 brn|[from] brn
|upkeep
|turn|3
|inactive|Jakobtc has 30 seconds left.
|inactive|f0xy363 has 30 seconds left.
|inactive|f0xy363 has 20 seconds left.
|
|t:|1756877538
|switch|p1b: Porygon2|Porygon2, L50, shiny|100/100
|-ability|p1b: Porygon2|Download|boost
|-boost|p1b: Porygon2|spa|1
|move|p1a: Kilowattrel|Protect|p1a: Kilowattrel
|-singleturn|p1a: Kilowattrel|Protect
|move|p2a: Flamigo|Close Combat|p1a: Kilowattrel
|-activate|p1a: Kilowattrel|move: Protect
|move|p2b: Incineroar|Parting Shot|p1b: Porygon2
|-unboost|p1b: Porygon2|atk|1
|-unboost|p1b: Porygon2|spa|1
|
|t:|1756877550
|switch|p2b: Ursaluna|Ursaluna, L50, F|100/100|[from] Parting Shot
|
|-status|p2b: Ursaluna|brn|[from] item: Flame Orb
|upkeep
|turn|4
|
|t:|1756877570
|move|p1a: Kilowattrel|Thunderbolt|p2a: Flamigo
|-supereffective|p2a: Flamigo
|-damage|p2a: Flamigo|0 fnt
|faint|p2a: Flamigo
|move|p1b: Porygon2|Ice Beam|p2b: Ursaluna
|-supereffective|p2b: Ursaluna
|-damage|p2b: Ursaluna|61/100 brn
|move|p2b: Ursaluna|Facade|p1a: Kilowattrel
|-crit|p1a: Kilowattrel
|-damage|p1a: Kilowattrel|0 fnt
|faint|p1a: Kilowattrel
|
|-damage|p2b: Ursaluna|55/100 brn|[from] brn
|upkeep
|
|t:|1756877583
|switch|p1a: Incineroar|Incineroar, L50, M, tera:Bug|15/100 brn
|switch|p2a: Incineroar|Incineroar, L50, M|80/100
|-ability|p2a: Incineroar|Intimidate|boost
|-unboost|p1a: Incineroar|atk|1
|-unboost|p1b: Porygon2|atk|1
|-ability|p1a: Incineroar|Intimidate|boost
|-unboost|p2a: Incineroar|atk|1
|-unboost|p2b: Ursaluna|atk|1
|turn|5
|
|t:|1756877601
|switch|p1b: Gholdengo|Gholdengo, L50|100/100
|-terastallize|p2b: Ursaluna|Normal
|move|p2a: Incineroar|Fake Out|p1a: Incineroar
|-damage|p1a: Incineroar|8/100 brn
|cant|p1a: Incineroar|flinch
|move|p2b: Ursaluna|Facade|p1b: Gholdengo
|-immune|p1b: Gholdengo
|
|-damage|p1a: Incineroar|2/100 brn|[from] brn
|-damage|p2b: Ursaluna|49/100 brn|[from] brn
|upkeep
|turn|6
|
|t:|1756877621
|move|p1b: Gholdengo|Protect|p1b: Gholdengo
|-singleturn|p1b: Gholdengo|Protect
|move|p2b: Ursaluna|Protect|p2b: Ursaluna
|-singleturn|p2b: Ursaluna|Protect
|move|p2a: Incineroar|Knock Off|p1b: Gholdengo
|-activate|p1b: Gholdengo|move: Protect
|move|p1a: Incineroar|Parting Shot|p2b: Ursaluna
|-activate|p2b: Ursaluna|move: Protect
|
|-damage|p1a: Incineroar|0 fnt|[from] brn
|faint|p1a: Incineroar
|-damage|p2b: Ursaluna|44/100 brn|[from] brn
|upkeep
|
|t:|1756877632
|switch|p1a: Porygon2|Porygon2, L50, shiny|100/100
|-ability|p1a: Porygon2|Download|boost
|-boost|p1a: Porygon2|atk|1
|turn|7
|inactive|f0xy363 has 30 seconds left.
|
|t:|1756877663
|move|p1b: Gholdengo|Make It Rain|p2a: Incineroar|[spread] p2a,p2b
|-resisted|p2a: Incineroar
|-damage|p2a: Incineroar|54/100
|-damage|p2b: Ursaluna|5/100 brn
|-unboost|p1b: Gholdengo|spa|1
|-damage|p1b: Gholdengo|91/100|[from] item: Life Orb
|move|p2a: Incineroar|Knock Off|p1b: Gholdengo
|-supereffective|p1b: Gholdengo
|-damage|p1b: Gholdengo|34/100
|-enditem|p1b: Gholdengo|Life Orb|[from] move: Knock Off|[of] p2a: Incineroar
|move|p1a: Porygon2|Tera Blast|p2a: Incineroar
|-damage|p2a: Incineroar|19/100
|move|p2b: Ursaluna|Facade|p1a: Porygon2
|-damage|p1a: Porygon2|28/100
|
|-damage|p2b: Ursaluna|0 fnt|[from] brn
|faint|p2b: Ursaluna
|upkeep
|
|t:|1756877681
|switch|p2b: Gholdengo|Gholdengo, L50|100/100
|turn|8
|
|t:|1756877699
|move|p2b: Gholdengo|Shadow Ball|p1b: Gholdengo
|-supereffective|p1b: Gholdengo
|-damage|p1b: Gholdengo|0 fnt
|faint|p1b: Gholdengo
|-damage|p2b: Gholdengo|91/100|[from] item: Life Orb
|move|p2a: Incineroar|Knock Off|p1a: Porygon2
|-damage|p1a: Porygon2|8/100
|-enditem|p1a: Porygon2|Eviolite|[from] move: Knock Off|[of] p2a: Incineroar
|move|p1a: Porygon2|Tera Blast|p2a: Incineroar
|-damage|p2a: Incineroar|0 fnt
|faint|p2a: Incineroar
|
|upkeep
|turn|9
|
|t:|1756877712
|move|p2b: Gholdengo|Make It Rain|p1a: Porygon2
|-damage|p1a: Porygon2|0 fnt
|-unboost|p2b: Gholdengo|spa|1
|faint|p1a: Porygon2
|-damage|p2b: Gholdengo|81/100|[from] item: Life Orb
|
|win|f0xy363
||f0xy363 is ready for game 2.
