|j|☆shmurkykrow
|j|☆strifesada
|html|shmurkykrowstrifesada    
|uhtml|bestof|Game 1 of a best-of-3
|t:|1783738917
|gametype|doubles
|player|p1|shmurkykrow|lebanne|
|player|p2|strifesada|piers|
|gen|9
|tier|[Gen 9 Champions] VGC 2026 Reg M-B (Bo3)
|rule|Species Clause: Limit one of each Pokémon
|rule|Item Clause: Limit 1 of each item
|clearpoke
|poke|p1|Ampharos, L50, M, shiny|
|poke|p1|Incineroar, L50, F|
|poke|p1|Ninetales-Alola, L50, F|
|poke|p1|Mimikyu, L50, M|
|poke|p1|Rhyperior, L50, M|
|poke|p1|Sinistcha, L50|
|poke|p2|Sneasler, L50, M|
|poke|p2|Blastoise, L50, M|
|poke|p2|Kingambit, L50, M|
|poke|p2|Incineroar, L50, M|
|poke|p2|Delphox, L50, F|
|poke|p2|Sinistcha, L50|
|teampreview|4
|showteam|p1|Ampharos||Ampharosite|Static|ParabolicCharge,Thunderbolt,DragonPulse,Protect|Quiet||M|||50|]Incineroar||SitrusBerry|Intimidate|FakeOut,FlareBlitz,ThroatChop,PartingShot|Adamant||F|||50|]Ninetales-Alola||LightClay|SnowWarning|AuroraVeil,Blizzard,Moonblast,Protect|Timid||F|||50|]Mimikyu||MentalHerb|Disguise|TrickRoom,SwordsDance,PlayRough,ShadowSneak|Sassy||M|||50|]Rhyperior||LifeOrb|SolidRock|HighHorsepower,RockSlide,IcePunch,Protect|Brave||M|||50|]Sinistcha||CobaBerry|Hospitality|TrickRoom,MatchaGotcha,LifeDew,StrengthSap|Relaxed|||||50|
|showteam|p2|Sneasler||FocusSash|PoisonTouch|PoisonJab,CloseCombat,FakeOut,QuickGuard|Jolly||M|||50|]Blastoise||Blastoisinite|RainDish|DarkPulse,WaterSpout,ShellSmash,Protect|Modest||M|||50|]Kingambit||BlackGlasses|Defiant|KowtowCleave,SuckerPunch,SwordsDance,Protect|Adamant||M|||50|]Incineroar||SitrusBerry|Intimidate|FlareBlitz,HelpingHand,PartingShot,FakeOut|Careful||M|||50|]Delphox||Delphoxite|Blaze|HeatWave,NastyPlot,Psyshock,Protect|Modest||F|||50|]Sinistcha||KasibBerry|Hospitality|MatchaGotcha,RagePowder,TrickRoom,Protect|Bold|||||50|
|
|t:|1783738982
|teamsize|p1|4
|teamsize|p2|4
|start
|switch|p1a: Ampharos|Ampharos, L50, M, shiny|100/100
|switch|p1b: Mimikyu|Mimikyu, L50, M|100/100
|switch|p2a: Blastoise|Blastoise, L50, M|100/100
|switch|p2b: Sinistcha|Sinistcha, L50|100/100
|turn|1
|
|t:|1783739005
|detailschange|p2a: Blastoise|Blastoise-Mega, L50, M
|-mega|p2a: Blastoise|Blastoise|Blastoisinite
|detailschange|p1a: Ampharos|Ampharos-Mega, L50, M, shiny
|-mega|p1a: Ampharos|Ampharos|Ampharosite
|-ability|p1a: Ampharos|Mold Breaker
|move|p2a: Blastoise|Water Spout|p1a: Ampharos|[spread] p1a,p1b
|-resisted|p1a: Ampharos|1
|-damage|p1a: Ampharos|70/100
|-activate|p1b: Mimikyu|ability: Disguise
|-damage|p1b: Mimikyu|100/100
|detailschange|p1b: Mimikyu|Mimikyu-Busted, L50, M
|-damage|p1b: Mimikyu|87/100|[from] pokemon: Mimikyu-Busted
|move|p1b: Mimikyu|Swords Dance|p1b: Mimikyu
|-boost|p1b: Mimikyu|atk|2
|move|p2b: Sinistcha|Matcha Gotcha|p1b: Mimikyu|[spread] p1a,p1b
|-resisted|p1a: Ampharos|1
|-damage|p1a: Ampharos|59/100
|-damage|p1b: Mimikyu|66/100
|-status|p1a: Ampharos|brn
|move|p1a: Ampharos|Thunderbolt|p2a: Blastoise
|-supereffective|p2a: Blastoise|1
|-damage|p2a: Blastoise|0 fnt
|faint|p2a: Blastoise
|
|-damage|p1a: Ampharos|53/100 brn|[from] brn
|upkeep
|
|t:|1783739017
|switch|p2a: Kingambit|Kingambit, L50, M|100/100
|turn|2
|
|t:|1783739047
|move|p2b: Sinistcha|Rage Powder|p2b: Sinistcha
|-singleturn|p2b: Sinistcha|move: Rage Powder
|move|p1b: Mimikyu|Play Rough|p2b: Sinistcha|[miss]
|-miss|p1b: Mimikyu|p2b: Sinistcha
|move|p2a: Kingambit|Swords Dance|p2a: Kingambit
|-boost|p2a: Kingambit|atk|2
|move|p1a: Ampharos|Parabolic Charge|p2b: Sinistcha|[spread] p1b,p2a,p2b
|-resisted|p2b: Sinistcha|1
|-damage|p1b: Mimikyu|36/100
|-heal|p1a: Ampharos|65/100 brn|[from] drain|[of] p1b: Mimikyu
|-damage|p2a: Kingambit|73/100
|-heal|p1a: Ampharos|79/100 brn|[from] drain|[of] p2a: Kingambit
|-damage|p2b: Sinistcha|84/100
|-heal|p1a: Ampharos|86/100 brn|[from] drain|[of] p2b: Sinistcha
|
|-damage|p1a: Ampharos|80/100 brn|[from] brn
|upkeep
|turn|3
|
|t:|1783739074
|move|p1a: Ampharos|Protect|p1a: Ampharos
|-singleturn|p1a: Ampharos|Protect
|move|p2b: Sinistcha|Rage Powder|p2b: Sinistcha
|-singleturn|p2b: Sinistcha|move: Rage Powder
|move|p1b: Mimikyu|Play Rough|p2b: Sinistcha
|-damage|p2b: Sinistcha|26/100
|move|p2a: Kingambit|Kowtow Cleave|p1a: Ampharos
|-activate|p1a: Ampharos|move: Protect
|
|-damage|p1a: Ampharos|74/100 brn|[from] brn
|upkeep
|turn|4
|
|t:|1783739101
|move|p2b: Sinistcha|Rage Powder|p2b: Sinistcha
|-singleturn|p2b: Sinistcha|move: Rage Powder
|move|p1b: Mimikyu|Shadow Sneak|p2b: Sinistcha
|-supereffective|p2b: Sinistcha|1
|-enditem|p2b: Sinistcha|Kasib Berry|[eat]
|-enditem|p2b: Sinistcha|Kasib Berry|[weaken]
|-damage|p2b: Sinistcha|1/100
|move|p2a: Kingambit|Kowtow Cleave|p1a: Ampharos
|-damage|p1a: Ampharos|0 fnt
|faint|p1a: Ampharos
|
|upkeep
|
|t:|1783739108
|switch|p1a: Incineroar|Incineroar, L50, F|100/100
|-ability|p1a: Incineroar|Intimidate|boost
|-unboost|p2a: Kingambit|atk|1
|-ability|p2a: Kingambit|Defiant|boost
|-boost|p2a: Kingambit|atk|2
|-unboost|p2b: Sinistcha|atk|1
|turn|5
|
|t:|1783739127
|switch|p2b: Incineroar|Incineroar, L50, M|100/100
|-ability|p2b: Incineroar|Intimidate|boost
|-unboost|p1a: Incineroar|atk|1
|-unboost|p1b: Mimikyu|atk|1
|move|p2a: Kingambit|Protect|p2a: Kingambit
|-singleturn|p2a: Kingambit|Protect
|move|p1a: Incineroar|Fake Out|p2a: Kingambit
|-activate|p2a: Kingambit|move: Protect
|move|p1b: Mimikyu|Trick Room|p1b: Mimikyu
|-fieldstart|move: Trick Room|[of] p1b: Mimikyu
|
|upkeep
|turn|6
|
|t:|1783739147
|move|p2b: Incineroar|Fake Out|p1a: Incineroar
|-damage|p1a: Incineroar|90/100
|move|p2a: Kingambit|Kowtow Cleave|p1b: Mimikyu
|-damage|p1b: Mimikyu|0 fnt
|faint|p1b: Mimikyu
|cant|p1a: Incineroar|flinch
|
|upkeep
|
|t:|1783739151
|switch|p1b: Rhyperior|Rhyperior, L50, M|100/100
|turn|7
|
|t:|1783739171
|move|p2a: Kingambit|Protect|p2a: Kingambit
|-singleturn|p2a: Kingambit|Protect
|move|p1b: Rhyperior|High Horsepower|p2b: Incineroar
|-supereffective|p2b: Incineroar|1
|-damage|p2b: Incineroar|0 fnt
|faint|p2b: Incineroar
|-damage|p1b: Rhyperior|90/100|[from] item: Life Orb
|move|p1a: Incineroar|Flare Blitz|p2a: Kingambit
|-activate|p2a: Kingambit|move: Protect
|
|upkeep
|
|t:|1783739180
|switch|p2b: Sinistcha|Sinistcha, L50|1/100
|-heal|p2a: Kingambit|98/100|[from] ability: Hospitality|[of] p2b: Sinistcha
|turn|8
|
|t:|1783739191
|move|p1b: Rhyperior|Protect|p1b: Rhyperior
|-singleturn|p1b: Rhyperior|Protect
|move|p2b: Sinistcha|Rage Powder|p2b: Sinistcha
|-singleturn|p2b: Sinistcha|move: Rage Powder
|move|p2a: Kingambit|Kowtow Cleave|p1a: Incineroar
|-resisted|p1a: Incineroar|1
|-damage|p1a: Incineroar|28/100
|-enditem|p1a: Incineroar|Sitrus Berry|[eat]
|-heal|p1a: Incineroar|53/100|[from] item: Sitrus Berry
|move|p1a: Incineroar|Throat Chop|p2b: Sinistcha
|-supereffective|p2b: Sinistcha|1
|-damage|p2b: Sinistcha|0 fnt
|faint|p2b: Sinistcha
|
|upkeep
|turn|9
|
|t:|1783739203
|move|p2a: Kingambit|Protect|p2a: Kingambit
|-singleturn|p2a: Kingambit|Protect
|move|p1b: Rhyperior|High Horsepower|p2a: Kingambit
|-activate|p2a: Kingambit|move: Protect
|move|p1a: Incineroar|Flare Blitz|p2a: Kingambit
|-activate|p2a: Kingambit|move: Protect
|
|-fieldend|move: Trick Room
|upkeep
|turn|10
|
|t:|1783739217
|move|p1b: Rhyperior|Protect|p1b: Rhyperior
|-singleturn|p1b: Rhyperior|Protect
|move|p1a: Incineroar|Flare Blitz|p2a: Kingambit
|-supereffective|p2a: Kingambit|1
|-damage|p2a: Kingambit|49/100
|-damage|p1a: Incineroar|36/100|[from] Recoil
|move|p2a: Kingambit|Kowtow Cleave|p1b: Rhyperior
|-activate|p1b: Rhyperior|move: Protect
|
|upkeep
|turn|11
|
|t:|1783739226
|move|p2a: Kingambit|Sucker Punch|p1a: Incineroar
|-resisted|p1a: Incineroar|1
|-crit|p1a: Incineroar
|-damage|p1a: Incineroar|0 fnt
|faint|p1a: Incineroar
|move|p1b: Rhyperior|High Horsepower|p2a: Kingambit
|-supereffective|p2a: Kingambit|1
|-damage|p2a: Kingambit|0 fnt
|faint|p2a: Kingambit
|-damage|p1b: Rhyperior|80/100|[from] item: Life Orb
|
|win|shmurkykrow
