|j|☆vpandur
|j|☆Misaple
|html|vpandurMisaple    
|uhtml|bestof|Game 3 of a best-of-3
|t:|1784791525
|gametype|doubles
|player|p1|vpandur|102|
|player|p2|Misaple|266|
|gen|9
|tier|[Gen 9 Champions] VGC 2026 Reg M-B (Bo3)
|rule|Species Clause: Limit one of each Pokémon
|rule|Item Clause: Limit 1 of each item
|clearpoke
|poke|p1|Incineroar, L50, M|
|poke|p1|Palafin, L50, M|
|poke|p1|Floette-Eternal, L50, F|
|poke|p1|Kingambit, L50, M|
|poke|p1|Ariados, L50, F|
|poke|p1|Rotom-Fan, L50|
|poke|p2|Camerupt, L50, F|
|poke|p2|Mawile, L50, F|
|poke|p2|Farigiraf, L50, M|
|poke|p2|Mimikyu, L50, F|
|poke|p2|Araquanid, L50, M|
|poke|p2|Vileplume, L50, M|
|teampreview|4
|showteam|p1|Incineroar||Leftovers|Intimidate|FakeOut,FlareBlitz,PartingShot,Protect|Careful||M|||50|]Palafin||MysticWater|ZerotoHero|WaveCrash,JetPunch,BulkUp,Protect|Jolly||M|||50|]Floette-Eternal||Floettite|FlowerVeil|CalmMind,DazzlingGleam,DrainingKiss,Protect|Modest||F|||50|]Kingambit||BlackGlasses|Defiant|SuckerPunch,KowtowCleave,SwordsDance,Protect|Adamant||M|||50|]Ariados||SitrusBerry|Insomnia|StickyWeb,RagePowder,ToxicThread,SludgeWave|Calm||F|||50|]Rotom-Fan||LifeOrb|Levitate|Thunderbolt,AirSlash,Protect,WillOWisp|Timid|||||50|
|showteam|p2|Camerupt||Cameruptite|SolidRock|HeatWave,EarthPower,AncientPower,Protect|Quiet||F|||50|]Mawile||Mawilite|Intimidate|PlayRough,IronHead,SuckerPunch,Protect|Brave||F|||50|]Farigiraf||MentalHerb|ArmorTail|TrickRoom,HelpingHand,PsychicNoise,Protect|Sassy||M|||50|]Mimikyu||SpellTag|Disguise|TrickRoom,PlayRough,ShadowSneak,Taunt|Brave||F|||50|]Araquanid||SitrusBerry|WaterAbsorb|Entrainment,Liquidation,WideGuard,Protect|Brave||M|||50|]Vileplume||FocusSash|EffectSpore|SleepPowder,SludgeBomb,GigaDrain,Protect|Quiet||M|||50|
|
|t:|1784791560
|teamsize|p1|4
|teamsize|p2|4
|start
|switch|p1a: Floette|Floette-Eternal, L50, F|100/100
|switch|p1b: Palafin|Palafin, L50, M|100/100
|switch|p2a: Mimikyu|Mimikyu, L50, F|100/100
|switch|p2b: Vileplume|Vileplume, L50, M|100/100
|turn|1
|
|t:|1784791580
|detailschange|p1a: Floette|Floette-Mega, L50, F
|-mega|p1a: Floette|Floette|Floettite
|-ability|p1a: Floette|Fairy Aura
|move|p1b: Palafin|Jet Punch|p2a: Mimikyu
|-activate|p2a: Mimikyu|ability: Disguise
|-damage|p2a: Mimikyu|100/100
|detailschange|p2a: Mimikyu|Mimikyu-Busted, L50, F
|-damage|p2a: Mimikyu|87/100|[from] pokemon: Mimikyu-Busted
|move|p1a: Floette|Dazzling Gleam|p2a: Mimikyu|[spread] p2a,p2b
|-resisted|p2b: Vileplume|1
|-damage|p2a: Mimikyu|37/100
|-damage|p2b: Vileplume|71/100
|move|p2b: Vileplume|Giga Drain|p1b: Palafin
|-supereffective|p1b: Palafin|1
|-damage|p1b: Palafin|0 fnt
|-heal|p2b: Vileplume|100/100|[from] drain|[of] p1b: Palafin
|faint|p1b: Palafin
|move|p2a: Mimikyu|Trick Room|p2a: Mimikyu
|-fieldstart|move: Trick Room|[of] p2a: Mimikyu
|
|upkeep
|
|t:|1784791596
|switch|p1b: Incineroar|Incineroar, L50, M|100/100
|-ability|p1b: Incineroar|Intimidate|boost
|-unboost|p2a: Mimikyu|atk|1
|-unboost|p2b: Vileplume|atk|1
|turn|2
|
|t:|1784791615
|move|p2b: Vileplume|Protect|p2b: Vileplume
|-singleturn|p2b: Vileplume|Protect
|move|p1b: Incineroar|Parting Shot|p2a: Mimikyu
|-unboost|p2a: Mimikyu|atk|1
|-unboost|p2a: Mimikyu|spa|1
|
|t:|1784791622
|switch|p1b: Rotom|Rotom-Fan, L50|100/100|[from] Parting Shot
|move|p2a: Mimikyu|Taunt|p1a: Floette
|-start|p1a: Floette|move: Taunt
|cant|p1a: Floette|move: Taunt|Calm Mind
|
|upkeep
|turn|3
|
|t:|1784791637
|switch|p2a: Mawile|Mawile, L50, F|100/100
|-ability|p2a: Mawile|Intimidate|boost
|-unboost|p1a: Floette|atk|1
|-unboost|p1b: Rotom|atk|1
|move|p2b: Vileplume|Sleep Powder|p1b: Rotom
|-status|p1b: Rotom|slp|[from] move: Sleep Powder
|cant|p1b: Rotom|slp
|move|p1a: Floette|Dazzling Gleam|p2a: Mawile|[spread] p2a,p2b
|-resisted|p2a: Mawile|1
|-resisted|p2b: Vileplume|1
|-damage|p2a: Mawile|50/100g
|-damage|p2b: Vileplume|74/100
|
|upkeep
|turn|4
|
|t:|1784791660
|switch|p1b: Incineroar|Incineroar, L50, M|100/100
|-ability|p1b: Incineroar|Intimidate|boost
|-unboost|p2a: Mawile|atk|1
|-unboost|p2b: Vileplume|atk|1
|detailschange|p2a: Mawile|Mawile-Mega, L50, F
|-mega|p2a: Mawile|Mawile|Mawilite
|move|p2a: Mawile|Play Rough|p1a: Floette
|-damage|p1a: Floette|0 fnt
|faint|p1a: Floette
|move|p2b: Vileplume|Sludge Bomb|p1b: Incineroar
|-damage|p1b: Incineroar|70/100
|
|-heal|p1b: Incineroar|76/100|[from] item: Leftovers
|upkeep
|
|t:|1784791672
|switch|p1a: Rotom|Rotom-Fan, L50|100/100 slp
|turn|5
|
|t:|1784791684
|move|p2a: Mawile|Protect|p2a: Mawile
|-singleturn|p2a: Mawile|Protect
|move|p2b: Vileplume|Protect|p2b: Vileplume
|-singleturn|p2b: Vileplume|Protect
|move|p1b: Incineroar|Fake Out|p2a: Mawile
|-activate|p2a: Mawile|move: Protect
|cant|p1a: Rotom|slp
|
|-heal|p1b: Incineroar|82/100|[from] item: Leftovers
|-fieldend|move: Trick Room
|upkeep
|turn|6
|
|t:|1784791710
|switch|p2a: Farigiraf|Farigiraf, L50, M|100/100
|-curestatus|p1a: Rotom|slp|[msg]
|move|p1a: Rotom|Air Slash|p2b: Vileplume
|-supereffective|p2b: Vileplume|1
|-damage|p2b: Vileplume|0 fnt
|faint|p2b: Vileplume
|-damage|p1a: Rotom|90/100|[from] item: Life Orb
|move|p1b: Incineroar|Flare Blitz|p2a: Farigiraf
|-damage|p2a: Farigiraf|60/100
|-status|p2a: Farigiraf|brn
|-damage|p1b: Incineroar|67/100|[from] Recoil
|
|-heal|p1b: Incineroar|73/100|[from] item: Leftovers
|-damage|p2a: Farigiraf|54/100 brn|[from] brn
|upkeep
|
|t:|1784791717
|switch|p2b: Mimikyu|Mimikyu-Busted, L50, F|37/100
|turn|7
|
|t:|1784791743
|move|p1a: Rotom|Thunderbolt|p2b: Mimikyu
|-damage|p2b: Mimikyu|0 fnt
|faint|p2b: Mimikyu
|-damage|p1a: Rotom|80/100|[from] item: Life Orb
|move|p1b: Incineroar|Flare Blitz|p2a: Farigiraf
|-damage|p2a: Farigiraf|14/100 brn
|-damage|p1b: Incineroar|58/100|[from] Recoil
|move|p2a: Farigiraf|Trick Room|p2a: Farigiraf
|-fieldstart|move: Trick Room|[of] p2a: Farigiraf
|
|-heal|p1b: Incineroar|64/100|[from] item: Leftovers
|-damage|p2a: Farigiraf|8/100 brn|[from] brn
|upkeep
|
|t:|1784791746
|switch|p2b: Mawile|Mawile-Mega, L50, F|50/100g
|turn|8
|
|t:|1784791779
|move|p2a: Farigiraf|Helping Hand|p2b: Mawile
|-singleturn|p2b: Mawile|Helping Hand|[of] p2a: Farigiraf
|move|p2b: Mawile|Play Rough|p1b: Incineroar
|-damage|p1b: Incineroar|0 fnt
|faint|p1b: Incineroar
|move|p1a: Rotom|Will-O-Wisp|p2b: Mawile
|-status|p2b: Mawile|brn
|
|-damage|p2b: Mawile|44/100 brn|[from] brn
|-damage|p2a: Farigiraf|2/100 brn|[from] brn
|upkeep
|turn|9
|
|t:|1784791790
|move|p2a: Farigiraf|Helping Hand|p2b: Mawile
|-singleturn|p2b: Mawile|Helping Hand|[of] p2a: Farigiraf
|move|p1a: Rotom|Protect|p1a: Rotom
|-singleturn|p1a: Rotom|Protect
|move|p2b: Mawile|Play Rough|p1a: Rotom
|-activate|p1a: Rotom|move: Protect
|
|-damage|p2b: Mawile|38/100 brn|[from] brn
|-damage|p2a: Farigiraf|0 fnt|[from] brn
|faint|p2a: Farigiraf
|upkeep
|turn|10
|
|t:|1784791802
|move|p2b: Mawile|Play Rough|p1a: Rotom
|-damage|p1a: Rotom|18/100
|-unboost|p1a: Rotom|atk|1
|move|p1a: Rotom|Thunderbolt|p2b: Mawile
|-damage|p2b: Mawile|0 fnt
|faint|p2b: Mawile
|-damage|p1a: Rotom|8/100|[from] item: Life Orb
|
|win|vpandur
