|j|☆glofer
|j|☆PUNETAS
|html|gloferPUNETAS    
|uhtml|bestof|Game 1 of a best-of-3
|t:|1783540756
|gametype|doubles
|player|p1|glofer|blackbelt|1026
|player|p2|PUNETAS|266|1000
|gen|9
|tier|[Gen 9 Champions] VGC 2026 Reg M-B (Bo3)
|rated|
|rule|Species Clause: Limit one of each Pokémon
|rule|Item Clause: Limit 1 of each item
|clearpoke
|poke|p1|Lopunny, L50, F|
|poke|p1|Farigiraf, L50, M|
|poke|p1|Snorlax, L50, F|
|poke|p1|Drampa, L50, F|
|poke|p1|Maushold-Four, L50|
|poke|p1|Kangaskhan, L50, F|
|poke|p2|Gengar, L50, M, shiny|
|poke|p2|Politoed, L50, F, shiny|
|poke|p2|Altaria, L50, F|
|poke|p2|Overqwil, L50, M|
|poke|p2|Hydrapple, L50, M, shiny|
|poke|p2|Metagross, L50, shiny|
|teampreview|4
|showteam|p1|Lopunny||Lopunnite|Limber|CloseCombat,MachPunch,SwordsDance,FakeOut|Jolly||F|||50|]Farigiraf||SitrusBerry|ArmorTail|TwinBeam,HyperVoice,CalmMind,TrickRoom|Quiet||M|||50|]Snorlax||ChestoBerry|ThickFat|BodySlam,RockSlide,BellyDrum,Rest|Sassy||F|||50|]Drampa||LifeOrb|CloudNine|HyperBeam,DracoMeteor,Snarl,Protect|Modest||F|||50|]Maushold-Four||WideLens|FriendGuard|PopulationBomb,Encore,Taunt,Protect|Jolly|||||50|]Kangaskhan||Kangaskhanite|InnerFocus|DoubleEdge,SuckerPunch,Earthquake,Protect|Adamant||F|||50|
|showteam|p2|Gengar||Gengarite|CursedBody|Protect,DestinyBond,ShadowBall,SludgeBomb|Timid||M|||50|]Politoed||ZoomLens|Drizzle|PerishSong,Protect,Whirlpool,IcyWind|Calm||F|||50|]Altaria||FocusSash|CloudNine|PerishSong,Protect,Tailwind,Pluck|Jolly||F|||50|]Overqwil||LifeOrb|SwiftSwim|AquaJet,Protect,Crunch,PoisonJab|Adamant||M|||50|]Hydrapple||SitrusBerry|Regenerator|Infestation,GigaDrain,Protect,DragonPulse|Modest||M|||50|]Metagross||ShucaBerry|ClearBody|Explosion,IronHead,PsychicFangs,RockSlide|Adamant|||||50|
|inactive|Battle timer is ON: inactive players will automatically lose when time's up. (requested by glofer)
|
|t:|1783540811
|teamsize|p1|4
|teamsize|p2|4
|start
|switch|p1a: Farigiraf|Farigiraf, L50, M|100/100
|switch|p1b: Kangaskhan|Kangaskhan, L50, F|100/100
|switch|p2a: Politoed|Politoed, L50, F, shiny|100/100
|switch|p2b: Gengar|Gengar, L50, M, shiny|100/100
|-weather|RainDance|[from] ability: Drizzle|[of] p2a: Politoed
|turn|1
|inactive|glofer has 30 seconds left.
|inactive|PUNETAS has 30 seconds left.
|
|t:|1783540844
|detailschange|p2b: Gengar|Gengar-Mega, L50, M, shiny
|-mega|p2b: Gengar|Gengar|Gengarite
|detailschange|p1b: Kangaskhan|Kangaskhan-Mega, L50, F
|-mega|p1b: Kangaskhan|Kangaskhan|Kangaskhanite
|move|p2b: Gengar|Protect|p2b: Gengar
|-singleturn|p2b: Gengar|Protect
|move|p1b: Kangaskhan|Double-Edge|p2a: Politoed
|-damage|p2a: Politoed|20/100y
|-damage|p2a: Politoed|3/100
|-hitcount|p2a: Politoed|2
|-damage|p1b: Kangaskhan|65/100|[from] Recoil
|move|p2a: Politoed|Perish Song|p2a: Politoed
|-start|p1a: Farigiraf|perish3|[silent]
|-start|p1b: Kangaskhan|perish3|[silent]
|-start|p2a: Politoed|perish3|[silent]
|-start|p2b: Gengar|perish3|[silent]
|-fieldactivate|move: Perish Song
|move|p1a: Farigiraf|Twin Beam|p2b: Gengar
|-activate|p2b: Gengar|move: Protect
|
|-weather|RainDance|[upkeep]
|-start|p2b: Gengar|perish3
|-start|p1b: Kangaskhan|perish3
|-start|p2a: Politoed|perish3
|-start|p1a: Farigiraf|perish3
|upkeep
|turn|2
|inactive|PUNETAS has 30 seconds left.
|inactive|PUNETAS has 20 seconds left.
|inactive|PUNETAS has 15 seconds left.
|inactive|PUNETAS has 10 seconds left.
|
|t:|1783540892
|move|p2a: Politoed|Protect|p2a: Politoed
|-singleturn|p2a: Politoed|Protect
|move|p1b: Kangaskhan|Sucker Punch|p2b: Gengar
|-supereffective|p2b: Gengar|1
|-damage|p2b: Gengar|18/100
|-supereffective|p2b: Gengar|1
|-damage|p2b: Gengar|0 fnt
|faint|p2b: Gengar
|-hitcount|p2: Gengar|2
|move|p1a: Farigiraf|Twin Beam|p2a: Politoed
|-activate|p2a: Politoed|move: Protect
|
|-weather|RainDance|[upkeep]
|-start|p1b: Kangaskhan|perish2
|-start|p2a: Politoed|perish2
|-start|p1a: Farigiraf|perish2
|upkeep
|inactive|PUNETAS has 30 seconds left.
|
|t:|1783540923
|switch|p2b: Metagross|Metagross, L50, shiny|100/100
|turn|3
|
|t:|1783540939
|switch|p1b: Drampa|Drampa, L50, F|100/100
|-ability|p1b: Drampa|Cloud Nine
|move|p2a: Politoed|Whirlpool|p1b: Drampa
|-resisted|p1b: Drampa|1
|-damage|p1b: Drampa|93/100
|-activate|p1b: Drampa|move: Whirlpool|[of] p2a: Politoed
|move|p2b: Metagross|Iron Head|p1a: Farigiraf
|-damage|p1a: Farigiraf|49/100
|-enditem|p1a: Farigiraf|Sitrus Berry|[eat]
|-heal|p1a: Farigiraf|74/100|[from] item: Sitrus Berry
|move|p1a: Farigiraf|Trick Room|p1a: Farigiraf
|-fieldstart|move: Trick Room|[of] p1a: Farigiraf
|
|-weather|RainDance|[upkeep]
|-damage|p1b: Drampa|81/100|[from] move: Whirlpool|[partiallytrapped]
|-start|p1a: Farigiraf|perish1
|-start|p2a: Politoed|perish1
|upkeep
|turn|4
|inactive|PUNETAS has 30 seconds left.
|inactive|PUNETAS has 20 seconds left.
|inactive|PUNETAS has 15 seconds left.
|inactive|PUNETAS has 10 seconds left.
|
|t:|1783540988
|switch|p1a: Snorlax|Snorlax, L50, F|100/100
|switch|p2a: Overqwil|Overqwil, L50, M|100/100
|move|p1b: Drampa|Snarl|p2a: Overqwil|[spread] p2a,p2b
|-resisted|p2a: Overqwil|1
|-supereffective|p2b: Metagross|1
|-damage|p2a: Overqwil|83/100
|-damage|p2b: Metagross|55/100
|-unboost|p2a: Overqwil|spa|1
|-damage|p1b: Drampa|71/100|[from] item: Life Orb
|move|p2b: Metagross|Iron Head|p1a: Snorlax
|-damage|p1a: Snorlax|65/100
|
|-weather|RainDance|[upkeep]
|-end|p1b: Drampa|Whirlpool|[partiallytrapped]|[silent]
|upkeep
|turn|5
|
|t:|1783541006
|move|p2a: Overqwil|Protect|p2a: Overqwil
|-singleturn|p2a: Overqwil|Protect
|move|p1a: Snorlax|Body Slam|p2a: Overqwil
|-activate|p2a: Overqwil|move: Protect
|move|p1b: Drampa|Snarl|p2a: Overqwil|[spread] p2b
|-activate|p2a: Overqwil|move: Protect
|-supereffective|p2b: Metagross|1
|-damage|p2b: Metagross|9/100
|-damage|p1b: Drampa|61/100|[from] item: Life Orb
|move|p2b: Metagross|Explosion|p1a: Snorlax|[spread] p1a,p1b
|-activate|p2a: Overqwil|move: Protect
|-damage|p1a: Snorlax|18/100
|-damage|p1b: Drampa|0 fnt
|faint|p2b: Metagross
|faint|p1b: Drampa
|
|-weather|none
|upkeep
|
|t:|1783541022
|switch|p1b: Farigiraf|Farigiraf, L50, M|74/100
|switch|p2b: Politoed|Politoed, L50, F, shiny|3/100
|-weather|RainDance|[from] ability: Drizzle|[of] p2b: Politoed
|turn|6
|inactive|PUNETAS has 30 seconds left.
|inactive|PUNETAS has 20 seconds left.
|
|t:|1783541061
|move|p1a: Snorlax|Rest|p1a: Snorlax
|-status|p1a: Snorlax|slp|[from] move: Rest
|-heal|p1a: Snorlax|100/100 slp|[silent]
|-enditem|p1a: Snorlax|Chesto Berry|[eat]
|-curestatus|p1a: Snorlax|slp|[msg]
|move|p1b: Farigiraf|Twin Beam|p2a: Overqwil
|-immune|p2a: Overqwil
|move|p2b: Politoed|Whirlpool|p1a: Snorlax
|-damage|p1a: Snorlax|91/100
|-activate|p1a: Snorlax|move: Whirlpool|[of] p2b: Politoed
|move|p2a: Overqwil|Crunch|p1b: Farigiraf
|-supereffective|p1b: Farigiraf|1
|-damage|p1b: Farigiraf|0 fnt
|faint|p1b: Farigiraf
|-damage|p2a: Overqwil|73/100|[from] item: Life Orb
|
|-weather|RainDance|[upkeep]
|-damage|p1a: Snorlax|78/100|[from] move: Whirlpool|[partiallytrapped]
|upkeep
|
|t:|1783541073
|switch|p1b: Kangaskhan|Kangaskhan-Mega, L50, F|65/100
|turn|7
|inactive|PUNETAS has 30 seconds left.
|
|t:|1783541101
|move|p2b: Politoed|Protect|p2b: Politoed
|-singleturn|p2b: Politoed|Protect
|move|p2a: Overqwil|Protect|p2a: Overqwil
|-singleturn|p2a: Overqwil|Protect
|move|p1b: Kangaskhan|Sucker Punch||[still]
|-fail|p1b: Kangaskhan
|move|p1a: Snorlax|Body Slam|p2a: Overqwil
|-activate|p2a: Overqwil|move: Protect
|
|-weather|RainDance|[upkeep]
|-damage|p1a: Snorlax|66/100|[from] move: Whirlpool|[partiallytrapped]
|-fieldend|move: Trick Room
|upkeep
|turn|8
|inactive|PUNETAS has 30 seconds left.
|inactive|PUNETAS has 20 seconds left.
|
|t:|1783541141
|move|p2a: Overqwil|Poison Jab|p1b: Kangaskhan
|-damage|p1b: Kangaskhan|15/100
|-damage|p2a: Overqwil|63/100|[from] item: Life Orb
|move|p1b: Kangaskhan|Double-Edge|p2a: Overqwil
|-damage|p2a: Overqwil|0 fnt
|faint|p2a: Overqwil
|-damage|p1b: Kangaskhan|0 fnt|[from] Recoil
|faint|p1b: Kangaskhan
|move|p2b: Politoed|Whirlpool|p1a: Snorlax
|-damage|p1a: Snorlax|57/100
|move|p1a: Snorlax|Body Slam|p2b: Politoed
|-damage|p2b: Politoed|0 fnt
|faint|p2b: Politoed
|
|win|glofer
|inactive|glofer has 30 seconds to confirm battle start!
|inactive|PUNETAS has 30 seconds to confirm battle start!
||glofer is ready for game 2.
