|j|☆TAG2004
|j|☆cavzuy
|html|TAG2004cavzuy    
|uhtml|bestof|Game 3 of a best-of-3
|t:|1783174722
|gametype|doubles
|player|p1|TAG2004|169|1145
|player|p2|cavzuy|gentleman-gen4|1070
|gen|9
|tier|[Gen 9 Champions] VGC 2026 Reg M-B (Bo3)
|rated|
|rule|Species Clause: Limit one of each Pokémon
|rule|Item Clause: Limit 1 of each item
|clearpoke
|poke|p1|Venusaur, L50, M|
|poke|p1|Gholdengo, L50|
|poke|p1|Sableye, L50, F|
|poke|p1|Pelipper, L50, M|
|poke|p1|Archaludon, L50, F|
|poke|p1|Swampert, L50, M|
|poke|p2|Archaludon, L50, M|
|poke|p2|Pelipper, L50, F|
|poke|p2|Beartic, L50, M|
|poke|p2|Incineroar, L50, F|
|poke|p2|Sinistcha, L50|
|poke|p2|Farigiraf, L50, F|
|teampreview|4
|showteam|p1|Venusaur||Venusaurite|Chlorophyll|SludgeBomb,Protect,EarthPower,GigaDrain|Modest||M|||50|]Gholdengo||ChoiceScarf|GoodasGold|ShadowBall,PowerGem,Trick,MakeItRain|Timid|||||50|]Sableye||LightClay|Prankster|RainDance,LightScreen,Reflect,Encore|Calm||F|||50|]Pelipper||FocusSash|Drizzle|Hurricane,WeatherBall,Tailwind,Protect|Modest||M|||50|]Archaludon||Leftovers|Stamina|ElectroShot,FlashCannon,DragonPulse,Protect|Serious||F|||50|]Swampert||Swampertite|Damp|Protect,WaveCrash,HighHorsepower,IcePunch|Adamant||M|||50|
|showteam|p2|Archaludon||Leftovers|Stamina|AuraSphere,FlashCannon,ElectroShot,DragonPulse|Rash||M|||50|]Pelipper||DampRock|Drizzle|Tailwind,Hurricane,WeatherBall,WideGuard|Modest||F|||50|]Beartic||WideLens|SwiftSwim|SwordsDance,IcePunch,CloseCombat,SheerCold|Brave||M|||50|]Incineroar||SitrusBerry|Intimidate|FakeOut,FlareBlitz,PartingShot,BulkUp|Adamant||F|||50|]Sinistcha||SpellTag|Hospitality|MatchaGotcha,Hex,LifeDew,RagePowder|Modest|||||50|]Farigiraf||LifeOrb|ArmorTail|CalmMind,TrickRoom,HyperVoice,TwinBeam|Quiet||F|||50|
|inactive|Battle timer is ON: inactive players will automatically lose when time's up. (requested by TAG2004)
|inactive|TAG2004 has 60 seconds left.
|
|t:|1783174757
|teamsize|p1|4
|teamsize|p2|4
|start
|switch|p1a: Pelipper|Pelipper, L50, M|100/100
|switch|p1b: Swampert|Swampert, L50, M|100/100
|switch|p2a: Farigiraf|Farigiraf, L50, F|100/100
|switch|p2b: Incineroar|Incineroar, L50, F|100/100
|-weather|RainDance|[from] ability: Drizzle|[of] p1a: Pelipper
|-ability|p2b: Incineroar|Intimidate|boost
|-unboost|p1a: Pelipper|atk|1
|-unboost|p1b: Swampert|atk|1
|turn|1
|
|t:|1783174771
|switch|p1b: Sableye|Sableye, L50, F|100/100
|move|p2b: Incineroar|Fake Out|p1b: Sableye
|-immune|p1b: Sableye
|move|p1a: Pelipper|Weather Ball|p2b: Incineroar
|-supereffective|p2b: Incineroar|1
|-damage|p2b: Incineroar|0 fnt
|faint|p2b: Incineroar
|move|p2a: Farigiraf|Trick Room|p2a: Farigiraf
|-fieldstart|move: Trick Room|[of] p2a: Farigiraf
|
|-weather|RainDance|[upkeep]
|upkeep
|
|t:|1783174783
|switch|p2b: Beartic|Beartic, L50, M|100/100
|turn|2
|
|t:|1783174792
|move|p1b: Sableye|Light Screen|p1b: Sableye
|-sidestart|p1: TAG2004|move: Light Screen
|move|p2a: Farigiraf|Twin Beam|p1a: Pelipper
|-damage|p1a: Pelipper|69/100
|-damage|p1a: Pelipper|38/100
|-hitcount|p1a: Pelipper|2
|-damage|p2a: Farigiraf|90/100|[from] item: Life Orb
|move|p1a: Pelipper|Weather Ball|p2b: Beartic
|-damage|p2b: Beartic|30/100
|move|p2b: Beartic|Ice Punch|p1a: Pelipper
|-damage|p1a: Pelipper|0 fnt
|faint|p1a: Pelipper
|
|-weather|RainDance|[upkeep]
|upkeep
|
|t:|1783174803
|switch|p1a: Archaludon|Archaludon, L50, F|100/100
|turn|3
|
|t:|1783174818
|move|p1b: Sableye|Light Screen||[still]
|-fail|p1b: Sableye
|move|p2a: Farigiraf|Twin Beam|p1a: Archaludon
|-resisted|p1a: Archaludon|1
|-damage|p1a: Archaludon|90/100
|-ability|p1a: Archaludon|Stamina|boost
|-boost|p1a: Archaludon|def|1
|-resisted|p1a: Archaludon|1
|-damage|p1a: Archaludon|81/100
|-ability|p1a: Archaludon|Stamina|boost
|-boost|p1a: Archaludon|def|1
|-hitcount|p1a: Archaludon|2
|-damage|p2a: Farigiraf|80/100|[from] item: Life Orb
|move|p1a: Archaludon|Electro Shot||[still]
|-prepare|p1a: Archaludon|Electro Shot
|-boost|p1a: Archaludon|spa|1
|-anim|p1a: Archaludon|Electro Shot|p2b: Beartic
|-damage|p2b: Beartic|0 fnt
|faint|p2b: Beartic
|
|-weather|RainDance|[upkeep]
|-heal|p1a: Archaludon|87/100|[from] item: Leftovers
|upkeep
|
|t:|1783174840
|switch|p2b: Sinistcha|Sinistcha, L50|100/100
|-heal|p2a: Farigiraf|100/100|[from] ability: Hospitality|[of] p2b: Sinistcha
|turn|4
|
|t:|1783174861
|move|p1b: Sableye|Reflect|p1b: Sableye
|-sidestart|p1: TAG2004|Reflect
|move|p2a: Farigiraf|Twin Beam|p1a: Archaludon
|-resisted|p1a: Archaludon|1
|-damage|p1a: Archaludon|78/100
|-ability|p1a: Archaludon|Stamina|boost
|-boost|p1a: Archaludon|def|1
|-resisted|p1a: Archaludon|1
|-damage|p1a: Archaludon|69/100
|-ability|p1a: Archaludon|Stamina|boost
|-boost|p1a: Archaludon|def|1
|-hitcount|p1a: Archaludon|2
|-damage|p2a: Farigiraf|90/100|[from] item: Life Orb
|move|p2b: Sinistcha|Matcha Gotcha|p1a: Archaludon|[spread] p1a,p1b
|-resisted|p1a: Archaludon|2
|-damage|p1a: Archaludon|64/100
|-damage|p1b: Sableye|78/100
|-status|p1b: Sableye|brn
|-ability|p1a: Archaludon|Stamina|boost
|-boost|p1a: Archaludon|def|1
|move|p1a: Archaludon|Dragon Pulse|p2b: Sinistcha
|-damage|p2b: Sinistcha|41/100
|
|-weather|RainDance|[upkeep]
|-heal|p1a: Archaludon|70/100|[from] item: Leftovers
|-damage|p1b: Sableye|72/100 brn|[from] brn
|upkeep
|turn|5
|c|☆cavzuy|Okay that rain trick was clever. Good Game.
|inactive|TAG2004 has 30 seconds left.
|inactive|cavzuy has 30 seconds left.
|-message|cavzuy forfeited.
|
|win|TAG2004
|raw|TAG2004's rating: 1145 → 1165(+20 for winning)
|raw|cavzuy's rating: 1070 → 1054(-16 for losing)
