|j|☆jsajsajs
|j|☆P!nkbearz07
|html|jsajsajsP!nkbearz07    
|uhtml|bestof|Game 1 of a best-of-3
|t:|1757724043
|gametype|doubles
|player|p1|jsajsajs|blue|1079
|player|p2|P!nkbearz07|marlon|1089
|gen|9
|tier|[Gen 9] VGC 2025 Reg H (Bo3)
|rated|
|rule|Species Clause: Limit one of each Pokémon
|rule|Item Clause: Limit 1 of each item
|clearpoke
|poke|p1|Dragonite, L50, M|
|poke|p1|Amoonguss, L50, F|
|poke|p1|Ursaluna, L50, M|
|poke|p1|Smeargle, L50, M|
|poke|p1|Gholdengo, L50|
|poke|p1|Incineroar, L50, M|
|poke|p2|Tyranitar, L50, F|
|poke|p2|Excadrill, L50, M|
|poke|p2|Empoleon, L50, M|
|poke|p2|Annihilape, L50, M|
|poke|p2|Gholdengo, L50|
|poke|p2|Hydreigon, L50, F|
|teampreview|4
|showteam|p1|Dragonite||LoadedDice|Multiscale|ScaleShot,ExtremeSpeed,Haze,Protect|||M|||50|,,,,,Fairy]Amoonguss||RockyHelmet|Regenerator|PollenPuff,Spore,RagePowder,Protect|||F|||50|,,,,,Water]Ursaluna||FlameOrb|Guts|HeadlongRush,Facade,Earthquake,Protect|||M|||50|,,,,,Ghost]Smeargle||FocusSash|Moody|Endeavor,Spore,FollowMe,SpikyShield|||M|||50|,,,,,Ghost]Gholdengo||Leftovers|GoodasGold|MakeItRain,ShadowBall,NastyPlot,Protect||||||50|,,,,,Fairy]Incineroar||SafetyGoggles|Intimidate|FlareBlitz,KnockOff,FakeOut,PartingShot|||M|||50|,,,,,Ghost
|showteam|p2|Tyranitar||AssaultVest|SandStream|RockSlide,KnockOff,TeraBlast,LowKick|||F|||50|,,,,,Flying]Excadrill||FocusSash|SandRush|Earthquake,HighHorsepower,IronHead,Protect|||M|||50|,,,,,Ground]Empoleon||CovertCloak|Competitive|HydroPump,FlashCannon,IcyWind,Protect|||M|||50|,,,,,Grass]Annihilape||ChoiceScarf|Defiant|RageFist,CloseCombat,FinalGambit,Coaching|||M|||50|,,,,,Grass]Gholdengo||LifeOrb|GoodasGold|Protect,NastyPlot,ShadowBall,MakeItRain||||||50|,,,,,Steel]Hydreigon||ChoiceSpecs|Levitate|HeatWave,Snarl,DarkPulse,DracoMeteor|||F|||50|,,,,,Fire
|inactive|Battle timer is ON: inactive players will automatically lose when time's up. (requested by P!nkbearz07)
|inactive|jsajsajs has 60 seconds left.
|
|t:|1757724099
|teamsize|p1|4
|teamsize|p2|4
|start
|switch|p1a: Smeargle|Smeargle, L50, M, shiny|100/100
|switch|p1b: Gholdengo|Gholdengo, L50|100/100
|switch|p2a: Atlantis|Empoleon, L50, M, shiny|100/100
|switch|p2b: DK|Annihilape, L50, M|100/100
|turn|1
|
|t:|1757724123
|-terastallize|p1a: Smeargle|Ghost
|move|p2a: Atlantis|Protect|p2a: Atlantis
|-singleturn|p2a: Atlantis|Protect
|move|p1a: Smeargle|Follow Me|p1a: Smeargle
|-singleturn|p1a: Smeargle|move: Follow Me
|move|p2b: DK|Rage Fist|p1a: Smeargle
|-supereffective|p1a: Smeargle
|-damage|p1a: Smeargle|4/100
|move|p1b: Gholdengo|Nasty Plot|p1b: Gholdengo
|-boost|p1b: Gholdengo|spa|2
|
|-ability|p1a: Smeargle|Moody|boost
|-boost|p1a: Smeargle|spa|2
|-unboost|p1a: Smeargle|spe|1
|upkeep
|turn|2
|
|t:|1757724147
|move|p1a: Smeargle|Follow Me|p1a: Smeargle
|-singleturn|p1a: Smeargle|move: Follow Me
|move|p2b: DK|Rage Fist|p1a: Smeargle
|-supereffective|p1a: Smeargle
|-damage|p1a: Smeargle|0 fnt
|faint|p1a: Smeargle
|move|p1b: Gholdengo|Shadow Ball|p2b: DK
|-supereffective|p2b: DK
|-damage|p2b: DK|0 fnt
|faint|p2b: DK
|move|p2a: Atlantis|Icy Wind|p1b: Gholdengo
|-resisted|p1b: Gholdengo
|-damage|p1b: Gholdengo|93/100
|-unboost|p1b: Gholdengo|spe|1
|
|-heal|p1b: Gholdengo|99/100|[from] item: Leftovers
|upkeep
|
|t:|1757724167
|switch|p2b: Dust Devil|Tyranitar, L50, F, shiny|100/100
|switch|p1a: Incineroar|Incineroar, L50, M|100/100
|-weather|Sandstorm|[from] ability: Sand Stream|[of] p2b: Dust Devil
|-ability|p1a: Incineroar|Intimidate|boost
|-unboost|p2a: Atlantis|atk|1
|-ability|p2a: Atlantis|Competitive|boost
|-boost|p2a: Atlantis|spa|2
|-unboost|p2b: Dust Devil|atk|1
|turn|3
|inactive|jsajsajs has 30 seconds left.
|inactive|P!nkbearz07 has 30 seconds left.
|
|t:|1757724205
|-terastallize|p2b: Dust Devil|Flying
|move|p1a: Incineroar|Fake Out|p2a: Atlantis
|-resisted|p2a: Atlantis
|-damage|p2a: Atlantis|95/100
|move|p2b: Dust Devil|Rock Slide|p1a: Incineroar|[spread] p1a,p1b
|-supereffective|p1a: Incineroar
|-resisted|p1b: Gholdengo
|-damage|p1a: Incineroar|66/100
|-damage|p1b: Gholdengo|86/100
|move|p1b: Gholdengo|Make It Rain|p2b: Dust Devil|[spread] p2a,p2b
|-resisted|p2a: Atlantis
|-damage|p2a: Atlantis|76/100
|-damage|p2b: Dust Devil|42/100
|-unboost|p1b: Gholdengo|spa|1
|move|p2a: Atlantis|Hydro Pump|p1b: Gholdengo|[miss]
|-miss|p2a: Atlantis|p1b: Gholdengo
|
|-weather|Sandstorm|[upkeep]
|-damage|p2b: Dust Devil|36/100|[from] Sandstorm
|-heal|p1b: Gholdengo|92/100|[from] item: Leftovers
|upkeep
|turn|4
|c|☆jsajsajs|lol mb
|inactive|jsajsajs has 30 seconds left.
|inactive|jsajsajs has 20 seconds left.
|
|t:|1757724243
|move|p2b: Dust Devil|Rock Slide|p1a: Incineroar|[spread] p1b
|-miss|p2b: Dust Devil|p1a: Incineroar
|-resisted|p1b: Gholdengo
|-damage|p1b: Gholdengo|80/100
|move|p1b: Gholdengo|Make It Rain|p2b: Dust Devil|[spread] p2a,p2b
|-resisted|p2a: Atlantis
|-damage|p2a: Atlantis|60/100
|-damage|p2b: Dust Devil|0 fnt
|-unboost|p1b: Gholdengo|spa|1
|faint|p2b: Dust Devil
|move|p1a: Incineroar|Knock Off|p2a: Atlantis
|-damage|p2a: Atlantis|25/100
|-enditem|p2a: Atlantis|Covert Cloak|[from] move: Knock Off|[of] p1a: Incineroar
|move|p2a: Atlantis|Hydro Pump|p1b: Gholdengo
|-damage|p1b: Gholdengo|0 fnt
|faint|p1b: Gholdengo
|
|-weather|Sandstorm|[upkeep]
|upkeep
|
|t:|1757724260
|switch|p1b: Ursaluna|Ursaluna, L50, M, shiny|100/100
|switch|p2b: Oil Rig|Excadrill, L50, M, shiny|100/100
|turn|5
|
|t:|1757724275
|move|p2a: Atlantis|Protect|p2a: Atlantis
|-singleturn|p2a: Atlantis|Protect
|move|p2b: Oil Rig|Earthquake|p1a: Incineroar|[spread] p1a,p1b
|-activate|p2a: Atlantis|move: Protect
|-supereffective|p1a: Incineroar
|-damage|p1a: Incineroar|0 fnt
|-damage|p1b: Ursaluna|73/100
|faint|p1a: Incineroar
|move|p1b: Ursaluna|Earthquake|p2b: Oil Rig|[spread] p2b
|-activate|p2a: Atlantis|move: Protect
|-supereffective|p2b: Oil Rig
|-enditem|p2b: Oil Rig|Focus Sash
|-damage|p2b: Oil Rig|1/100
|
|-weather|Sandstorm|[upkeep]
|-status|p1b: Ursaluna|brn|[from] item: Flame Orb
|upkeep
|turn|6
|
|t:|1757724289
|move|p2b: Oil Rig|Iron Head|p1b: Ursaluna
|-damage|p1b: Ursaluna|42/100 brn
|move|p2a: Atlantis|Hydro Pump|p1b: Ursaluna
|-supereffective|p1b: Ursaluna
|-damage|p1b: Ursaluna|0 fnt
|faint|p1b: Ursaluna
|
|win|P!nkbearz07
