|j|☆urshifuuuuuuu
|j|☆battle sim trainer
|html|urshifuuuuuuubattle sim trainer    
|uhtml|bestof|Game 1 of a best-of-3
|t:|1757247513
|gametype|doubles
|player|p1|urshifuuuuuuu|pokemonbreeder-gen4|1082
|player|p2|battle sim trainer|steven|1125
|gen|9
|tier|[Gen 9] VGC 2025 Reg H (Bo3)
|rated|
|rule|Species Clause: Limit one of each Pokémon
|rule|Item Clause: Limit 1 of each item
|clearpoke
|poke|p1|Incineroar, L50, F|
|poke|p1|Amoonguss, L50, M|
|poke|p1|Palafin, L50, F|
|poke|p1|Pelipper, L50, F|
|poke|p1|Archaludon, L50, M|
|poke|p1|Ursaluna, L50, M|
|poke|p2|Bronzong, L50|
|poke|p2|Araquanid, L50, M|
|poke|p2|Gallade, L50, M|
|poke|p2|Torkoal, L50, M|
|poke|p2|Lilligant-Hisui, L50, F|
|poke|p2|Indeedee-F, L50, F|
|teampreview|4
|showteam|p1|Incineroar||SafetyGoggles|Intimidate|FakeOut,KnockOff,FlareBlitz,PartingShot|||F|||50|,,,,,Ghost]Amoonguss||SitrusBerry|Regenerator|Spore,RagePowder,PollenPuff,Protect|||M|||50|,,,,,Water]Palafin||MysticWater|ZerotoHero|FlipTurn,WaveCrash,CloseCombat,Protect|||F|||50|,,,,,Water]Pelipper||CovertCloak|Drizzle|Tailwind,WeatherBall,Hurricane,Protect|||F|||50|,,,,,Flying]Archaludon||PowerHerb|Sturdy|ElectroShot,FlashCannon,BodyPress,DragonPulse|||M|||50|,,,,,Electric]Ursaluna||FlameOrb|Guts|Protect,HeadlongRush,Earthquake,Facade|||M|||50|,,,,,Ground
|showteam|p2|Bronzong||SafetyGoggles|Levitate|TrickRoom,BodyPress,Protect,IronDefense||||||50|,,,,,Steel]Araquanid||MysticWater|WaterBubble|Liquidation,Soak,WideGuard,Protect|||M|||50|,,,,,Water]Gallade||ClearAmulet|Sharpness|TrickRoom,LeafBlade,PsychoCut,SacredSword|||M|||50|,,,,,Psychic]Torkoal||Charcoal|Drought|Eruption,WeatherBall,SolarBeam,Protect|||M|||50|,,,,,Fire]Lilligant-Hisui||FocusSash|Chlorophyll|PollenPuff,CloseCombat,AfterYou,Coaching|||F|||50|,,,,,Ghost]Indeedee-F||PsychicSeed|PsychicSurge|FollowMe,TrickRoom,HelpingHand,Psychic|||F|||50|,,,,,Psychic
|c|☆battle sim trainer|Glhf
|inactive|Battle timer is ON: inactive players will automatically lose when time's up. (requested by urshifuuuuuuu)
|inactive|urshifuuuuuuu has 60 seconds left.
|
|t:|1757247578
|teamsize|p1|4
|teamsize|p2|4
|start
|switch|p1a: Archaludon|Archaludon, L50, M|100/100
|switch|p1b: Incineroar|Incineroar, L50, F|100/100
|switch|p2a: Bronzong|Bronzong, L50|100/100
|switch|p2b: Lilligant|Lilligant-Hisui, L50, F|100/100
|-ability|p1b: Incineroar|Intimidate|boost
|-unboost|p2a: Bronzong|atk|1
|-unboost|p2b: Lilligant|atk|1
|turn|1
|inactive|urshifuuuuuuu has 30 seconds left.
|inactive|urshifuuuuuuu has 20 seconds left.
|inactive|urshifuuuuuuu has 15 seconds left.
|inactive|urshifuuuuuuu has 10 seconds left.
|inactive|urshifuuuuuuu has 5 seconds left.
|
|t:|1757247630
|-terastallize|p1a: Archaludon|Electric
|move|p1b: Incineroar|Fake Out|p2b: Lilligant
|-damage|p2b: Lilligant|85/100
|cant|p2b: Lilligant|flinch
|move|p1a: Archaludon|Electro Shot||[still]
|-prepare|p1a: Archaludon|Electro Shot
|-boost|p1a: Archaludon|spa|1
|-enditem|p1a: Archaludon|Power Herb
|-anim|p1a: Archaludon|Electro Shot|p2b: Lilligant
|-resisted|p2b: Lilligant
|-damage|p2b: Lilligant|20/100
|move|p2a: Bronzong|Trick Room|p2a: Bronzong
|-fieldstart|move: Trick Room|[of] p2a: Bronzong
|
|upkeep
|turn|2
|inactive|urshifuuuuuuu has 30 seconds left.
|inactive|urshifuuuuuuu has 20 seconds left.
|inactive|urshifuuuuuuu has 15 seconds left.
|
|t:|1757247674
|switch|p2b: Torkoal|Torkoal, L50, M|100/100
|-weather|SunnyDay|[from] ability: Drought|[of] p2b: Torkoal
|move|p2a: Bronzong|Iron Defense|p2a: Bronzong
|-boost|p2a: Bronzong|def|2
|move|p1b: Incineroar|Flare Blitz|p2a: Bronzong
|-supereffective|p2a: Bronzong
|-damage|p2a: Bronzong|38/100
|-damage|p1b: Incineroar|83/100|[from] Recoil
|move|p1a: Archaludon|Dragon Pulse|p2b: Torkoal
|-damage|p2b: Torkoal|11/100
|
|-weather|SunnyDay|[upkeep]
|upkeep
|turn|3
|inactive|urshifuuuuuuu has 30 seconds left.
|l|☆urshifuuuuuuu
|inactive|urshifuuuuuuu disconnected and has a minute to reconnect!
|player|p1|
|inactive|urshifuuuuuuu has 20 seconds left.
|inactive|battle sim trainer has 30 seconds left.
|inactive|urshifuuuuuuu has 15 seconds left.
|j|☆urshifuuuuuuu
|inactive|urshifuuuuuuu reconnected and has 15 seconds left.
|player|p1|urshifuuuuuuu|pokemonbreeder-gen4|
|inactive|urshifuuuuuuu has 10 seconds left.
|inactive|battle sim trainer has 20 seconds left.
|
|t:|1757247723
|-terastallize|p2b: Torkoal|Fire
|move|p2b: Torkoal|Weather Ball|p1a: Archaludon
|-ability|p1a: Archaludon|Sturdy
|-damage|p1a: Archaludon|1/100
|move|p2a: Bronzong|Body Press|p1b: Incineroar
|-supereffective|p1b: Incineroar
|-damage|p1b: Incineroar|0 fnt
|faint|p1b: Incineroar
|move|p1a: Archaludon|Dragon Pulse|p2b: Torkoal
|-damage|p2b: Torkoal|0 fnt
|faint|p2b: Torkoal
|
|-weather|SunnyDay|[upkeep]
|upkeep
|
|t:|1757247736
|switch|p2b: Indeedee|Indeedee-F, L50, F|100/100
|switch|p1b: Amoonguss|Amoonguss, L50, M|100/100
|-fieldstart|move: Psychic Terrain|[from] ability: Psychic Surge|[of] p2b: Indeedee
|-enditem|p2b: Indeedee|Psychic Seed
|-boost|p2b: Indeedee|spd|1|[from] item: Psychic Seed
|turn|4
|
|t:|1757247754
|switch|p1a: Palafin|Palafin, L50, F|100/100
|move|p2a: Bronzong|Body Press|p1a: Palafin
|-damage|p1a: Palafin|42/100
|move|p1b: Amoonguss|Spore|p2b: Indeedee
|-status|p2b: Indeedee|slp|[from] move: Spore
|cant|p2b: Indeedee|slp
|
|-weather|SunnyDay|[upkeep]
|upkeep
|turn|5
|inactive|urshifuuuuuuu has 30 seconds left.
|inactive|urshifuuuuuuu has 20 seconds left.
|inactive|urshifuuuuuuu has 15 seconds left.
|inactive|urshifuuuuuuu has 10 seconds left.
|inactive|urshifuuuuuuu has 5 seconds left.
|
|t:|1757247804
|switch|p2b: Lilligant|Lilligant-Hisui, L50, F|20/100
|detailschange|p1a: Palafin|Palafin-Hero, L50, F
|switch|p1a: Archaludon|Archaludon, L50, M, tera:Electric|1/100
|move|p1b: Amoonguss|Protect|p1b: Amoonguss
|-singleturn|p1b: Amoonguss|Protect
|move|p2a: Bronzong|Body Press|p1a: Archaludon
|-damage|p1a: Archaludon|0 fnt
|faint|p1a: Archaludon
|
|-weather|SunnyDay|[upkeep]
|-fieldend|move: Trick Room
|upkeep
|
|t:|1757247814
|switch|p1a: Palafin|Palafin-Hero, L50, F|42/100
|-activate|p1a: Palafin|ability: Zero to Hero
|turn|6
|inactive|urshifuuuuuuu has 30 seconds left.
|inactive|urshifuuuuuuu has 20 seconds left.
|inactive|urshifuuuuuuu has 15 seconds left.
|
|t:|1757247856
|move|p1a: Palafin|Protect|p1a: Palafin
|-singleturn|p1a: Palafin|Protect
|move|p2b: Lilligant|Pollen Puff|p2a: Bronzong
|-heal|p2a: Bronzong|88/100
|move|p1b: Amoonguss|Pollen Puff|p2b: Lilligant
|-crit|p2b: Lilligant
|-damage|p2b: Lilligant|0 fnt
|faint|p2b: Lilligant
|move|p2a: Bronzong|Body Press|p1a: Palafin
|-activate|p1a: Palafin|move: Protect
|
|-weather|none
|upkeep
|
|t:|1757247865
|switch|p2b: Indeedee|Indeedee-F, L50, F|100/100 slp
|turn|7
|inactive|urshifuuuuuuu has 30 seconds left.
|inactive|urshifuuuuuuu has 20 seconds left.
|inactive|urshifuuuuuuu has 15 seconds left.
|inactive|urshifuuuuuuu has 10 seconds left.
|
|t:|1757247912
|cant|p2b: Indeedee|slp
|move|p1a: Palafin|Wave Crash|p2a: Bronzong
|-damage|p2a: Bronzong|57/100
|-damage|p1a: Palafin|33/100|[from] Recoil
|move|p1b: Amoonguss|Pollen Puff|p1a: Palafin
|-heal|p1a: Palafin|83/100
|move|p2a: Bronzong|Body Press|p1a: Palafin
|-damage|p1a: Palafin|31/100
|
|upkeep
|turn|8
|inactive|urshifuuuuuuu has 30 seconds left.
|inactive|battle sim trainer has 30 seconds left.
|
|t:|1757247939
|move|p2a: Bronzong|Protect|p2a: Bronzong
|-singleturn|p2a: Bronzong|Protect
|move|p1a: Palafin|Wave Crash|p2a: Bronzong
|-activate|p2a: Bronzong|move: Protect
|move|p1b: Amoonguss|Pollen Puff|p1a: Palafin
|-heal|p1a: Palafin|81/100
|-curestatus|p2b: Indeedee|slp|[msg]
|move|p2b: Indeedee|Trick Room|p2b: Indeedee
|-fieldstart|move: Trick Room|[of] p2b: Indeedee
|
|-fieldend|move: Psychic Terrain
|upkeep
|turn|9
|
|t:|1757247959
|move|p1a: Palafin|Protect|p1a: Palafin
|-singleturn|p1a: Palafin|Protect
|move|p2b: Indeedee|Follow Me|p2b: Indeedee
|-singleturn|p2b: Indeedee|move: Follow Me
|move|p2a: Bronzong|Iron Defense|p2a: Bronzong
|-boost|p2a: Bronzong|def|2
|move|p1b: Amoonguss|Spore|p2b: Indeedee
|-status|p2b: Indeedee|slp|[from] move: Spore
|
|upkeep
|turn|10
|inactive|urshifuuuuuuu has 30 seconds left.
|
|t:|1757247991
|cant|p2b: Indeedee|slp
|move|p2a: Bronzong|Body Press|p1a: Palafin
|-damage|p1a: Palafin|2/100
|move|p1b: Amoonguss|Pollen Puff|p1a: Palafin
|-heal|p1a: Palafin|52/100
|move|p1a: Palafin|Wave Crash|p2b: Indeedee
|-damage|p2b: Indeedee|8/100 slp
|-damage|p1a: Palafin|26/100|[from] Recoil
|
|upkeep
|turn|11
|-message|urshifuuuuuuu forfeited.
|
|win|battle sim trainer
|l|☆urshifuuuuuuu
|player|p1|
||urshifuuuuuuu is ready for game 2.
