|j|☆the Batterwitch
|j|☆TONKMAN
|html|the BatterwitchTONKMAN    
|uhtml|bestof|Game 2 of a best-of-3
|t:|1757717182
|gametype|doubles
|player|p1|the Batterwitch|baker|1274
|player|p2|TONKMAN|ltsurge|1254
|gen|9
|tier|[Gen 9] VGC 2025 Reg H (Bo3)
|rated|
|rule|Species Clause: Limit one of each Pokémon
|rule|Item Clause: Limit 1 of each item
|clearpoke
|poke|p1|Archaludon, L50, F|
|poke|p1|Pelipper, L50, M|
|poke|p1|Basculegion, L50, M|
|poke|p1|Ursaluna, L50, M|
|poke|p1|Volcarona, L50, F|
|poke|p1|Porygon2, L50|
|poke|p2|Vivillon, L50, M|
|poke|p2|Garchomp, L50, M|
|poke|p2|Primarina, L50, F|
|poke|p2|Porygon2, L50|
|poke|p2|Incineroar, L50, M|
|poke|p2|Gholdengo, L50|
|teampreview|4
|showteam|p1|Archaludon||PowerHerb|Sturdy|ElectroShot,DracoMeteor,FlashCannon,Protect|||F|||50|,,,,,Grass]Pelipper||FocusSash|Drizzle|Hurricane,WeatherBall,WideGuard,Tailwind|||M|||50|,,,,,Ghost]Basculegion||LifeOrb|SwiftSwim|WaveCrash,LastRespects,AquaJet,Protect|||M|||50|,,,,,Fairy]Ursaluna||FlameOrb|Guts|Facade,Earthquake,HeadlongRush,Protect|||M|||50|,,,,,Fairy]Volcarona||CovertCloak|FlameBody|Overheat,StruggleBug,RagePowder,WillOWisp|||F|||50|,,,,,Dragon]Porygon2||Eviolite|Trace|TriAttack,IceBeam,Recover,TrickRoom||||||50|,,,,,Ghost
|showteam|p2|Vivillon||FocusSash|CompoundEyes|Hurricane,SleepPowder,RagePowder,Protect|||M|||50|,,,,,Ghost]Garchomp||LifeOrb|RoughSkin|DragonClaw,Earthquake,StompingTantrum,Protect|||M|||50|,,,,,Steel]Primarina||SitrusBerry|LiquidVoice|HyperVoice,Moonblast,Haze,Protect|||F|||50|,,,,,Poison]Porygon2||Eviolite|Download|TeraBlast,IceBeam,TrickRoom,Recover||||||50|,,,,,Ground]Incineroar||SafetyGoggles|Intimidate|FakeOut,FlareBlitz,KnockOff,PartingShot|||M|||50|,,,,,Ghost]Gholdengo||Leftovers|GoodasGold|MakeItRain,ShadowBall,NastyPlot,Protect||||||50|,,,,,Flying
|
|t:|1757717208
|teamsize|p1|4
|teamsize|p2|4
|start
|switch|p1a: Archaludon|Archaludon, L50, F|100/100
|switch|p1b: Basculegion|Basculegion, L50, M|100/100
|switch|p2a: Vivillon|Vivillon, L50, M|100/100
|switch|p2b: Garchomp|Garchomp, L50, M|100/100
|turn|1
|
|t:|1757717223
|-terastallize|p1a: Archaludon|Grass
|move|p1b: Basculegion|Aqua Jet|p2a: Vivillon
|-damage|p2a: Vivillon|47/100
|-damage|p1b: Basculegion|91/100|[from] item: Life Orb
|move|p2b: Garchomp|Earthquake|p1b: Basculegion|[spread] p1a,p1b
|-immune|p2a: Vivillon
|-resisted|p1a: Archaludon
|-damage|p1a: Archaludon|77/100
|-damage|p1b: Basculegion|32/100
|-damage|p2b: Garchomp|91/100|[from] item: Life Orb
|move|p2a: Vivillon|Sleep Powder|p1b: Basculegion
|-status|p1b: Basculegion|slp|[from] move: Sleep Powder
|move|p1a: Archaludon|Electro Shot||[still]
|-prepare|p1a: Archaludon|Electro Shot
|-boost|p1a: Archaludon|spa|1
|-enditem|p1a: Archaludon|Power Herb
|-anim|p1a: Archaludon|Electro Shot|p2a: Vivillon
|-supereffective|p2a: Vivillon
|-damage|p2a: Vivillon|0 fnt
|faint|p2a: Vivillon
|
|upkeep
|
|t:|1757717237
|switch|p2a: Incineroar|Incineroar, L50, M|100/100
|-ability|p2a: Incineroar|Intimidate|boost
|-unboost|p1a: Archaludon|atk|1
|-unboost|p1b: Basculegion|atk|1
|turn|2
|
|t:|1757717255
|move|p1a: Archaludon|Protect|p1a: Archaludon
|-singleturn|p1a: Archaludon|Protect
|move|p2a: Incineroar|Fake Out|p1a: Archaludon
|-activate|p1a: Archaludon|move: Protect
|move|p2b: Garchomp|Stomping Tantrum|p1a: Archaludon
|-activate|p1a: Archaludon|move: Protect
|cant|p1b: Basculegion|slp
|
|upkeep
|turn|3
|inactive|Battle timer is ON: inactive players will automatically lose when time's up. (requested by TONKMAN)
|
|t:|1757717279
|switch|p1b: Pelipper|Pelipper, L50, M|100/100
|-weather|RainDance|[from] ability: Drizzle|[of] p1b: Pelipper
|move|p2b: Garchomp|Earthquake|p1b: Pelipper|[spread] p2a,p1a
|-immune|p1b: Pelipper
|-supereffective|p2a: Incineroar
|-resisted|p1a: Archaludon
|-damage|p2a: Incineroar|26/100
|-damage|p1a: Archaludon|56/100
|-damage|p2b: Garchomp|81/100|[from] item: Life Orb
|move|p1a: Archaludon|Draco Meteor|p2b: Garchomp
|-supereffective|p2b: Garchomp
|-damage|p2b: Garchomp|0 fnt
|-unboost|p1a: Archaludon|spa|2
|faint|p2b: Garchomp
|move|p2a: Incineroar|Flare Blitz|p1a: Archaludon
|-supereffective|p1a: Archaludon
|-damage|p1a: Archaludon|16/100
|-damage|p2a: Incineroar|15/100|[from] Recoil
|
|-weather|RainDance|[upkeep]
|upkeep
|
|t:|1757717291
|switch|p2b: Primarina|Primarina, L50, F|100/100
|turn|4
|
|t:|1757717303
|move|p1a: Archaludon|Protect|p1a: Archaludon
|-singleturn|p1a: Archaludon|Protect
|move|p1b: Pelipper|Weather Ball|p2a: Incineroar
|-supereffective|p2a: Incineroar
|-damage|p2a: Incineroar|0 fnt
|faint|p2a: Incineroar
|move|p2b: Primarina|Moonblast|p1b: Pelipper
|-damage|p1b: Pelipper|5/100
|
|-weather|RainDance|[upkeep]
|upkeep
|turn|5
|
|t:|1757717310
|-terastallize|p2b: Primarina|Poison
|move|p1a: Archaludon|Electro Shot||[still]
|-prepare|p1a: Archaludon|Electro Shot
|-boost|p1a: Archaludon|spa|1
|-anim|p1a: Archaludon|Electro Shot|p2b: Primarina
|-damage|p2b: Primarina|61/100
|move|p1b: Pelipper|Tailwind|p1b: Pelipper
|-sidestart|p1: the Batterwitch|move: Tailwind
|move|p2b: Primarina|Hyper Voice|p1b: Pelipper|[spread] p1a,p1b
|-resisted|p1a: Archaludon
|-resisted|p1b: Pelipper
|-damage|p1a: Archaludon|0 fnt
|-damage|p1b: Pelipper|0 fnt
|faint|p1a: Archaludon
|faint|p1b: Pelipper
|
|-weather|RainDance|[upkeep]
|upkeep
|
|t:|1757717320
|switch|p1a: Basculegion|Basculegion, L50, M|32/100 slp
|switch|p1b: Ursaluna|Ursaluna, L50, M|100/100
|turn|6
|
|t:|1757717330
|cant|p1a: Basculegion|slp
|move|p1b: Ursaluna|Headlong Rush|p2b: Primarina
|-supereffective|p2b: Primarina
|-damage|p2b: Primarina|0 fnt
|-unboost|p1b: Ursaluna|def|1
|-unboost|p1b: Ursaluna|spd|1
|faint|p2b: Primarina
|
|win|the Batterwitch
|raw|the Batterwitch's rating: 1274 → 1298(+24 for winning)
|raw|TONKMAN's rating: 1254 → 1230(-24 for losing)
|l|☆TONKMAN
|player|p2|
