|j|☆TobiYume
|j|☆Gayangos
|html|TobiYumeGayangos    
|uhtml|bestof|Game 2 of a best-of-3
|t:|1757665945
|gametype|doubles
|player|p1|TobiYume|roxie|1302
|player|p2|Gayangos|170|1301
|gen|9
|tier|[Gen 9] VGC 2025 Reg H (Bo3)
|rated|
|rule|Species Clause: Limit one of each Pokémon
|rule|Item Clause: Limit 1 of each item
|clearpoke
|poke|p1|Garchomp, L50, M|
|poke|p1|Talonflame, L50, F|
|poke|p1|Sylveon, L50, F|
|poke|p1|Tyranitar, L50, M|
|poke|p1|Decidueye-Hisui, L50, F|
|poke|p1|Gholdengo, L50|
|poke|p2|Dragapult, L50, M|
|poke|p2|Sneasler, L50, F|
|poke|p2|Incineroar, L50, M|
|poke|p2|Volcarona, L50, F|
|poke|p2|Rillaboom, L50, M|
|poke|p2|Kingambit, L50, M|
|teampreview|4
|showteam|p1|Garchomp||LifeOrb|SandVeil|DragonClaw,StompingTantrum,Earthquake,Protect|||M|||50|,,,,,Steel]Talonflame||CovertCloak|GaleWings|Tailwind,WillOWisp,BraveBird,Taunt|||F|||50|,,,,,Grass]Sylveon||ThroatSpray|Pixilate|HyperVoice,HyperBeam,TeraBlast,Protect|||F|||50|,,,,,Water]Tyranitar||AssaultVest|SandStream|RockSlide,KnockOff,TeraBlast,LowKick|||M|||50|,,,,,Flying]Decidueye-Hisui||RazorClaw|Scrappy|TripleArrows,LeafBlade,SuckerPunch,Protect|||F|||50|,,,,,Fire]Gholdengo||Leftovers|GoodasGold|MakeItRain,ShadowBall,NastyPlot,Protect||||||50|,,,,,Dragon
|showteam|p2|Dragapult||ChoiceBand|ClearBody|DragonDarts,Outrage,PhantomForce,Uturn|||M|||50|,,,,,Dragon]Sneasler||FocusSash|Unburden|DireClaw,CloseCombat,ThroatChop,Protect|||F|||50|,,,,,Stellar]Incineroar||SafetyGoggles|Intimidate|FakeOut,KnockOff,PartingShot,Taunt|||M|||50|,,,,,Ghost]Volcarona||GrassySeed|FlameBody|HeatWave,TeraBlast,QuiverDance,Protect|||F|||50|,,,,,Fairy]Rillaboom||AssaultVest|GrassySurge|FakeOut,WoodHammer,GrassyGlide,HighHorsepower|||M|||50|,,,,,Fire]Kingambit||BlackGlasses|Defiant|KowtowCleave,SuckerPunch,SwordsDance,Protect|||M|||50|,,,,,Dark
|inactive|Battle timer is ON: inactive players will automatically lose when time's up. (requested by Gayangos)
|
|t:|1757665971
|teamsize|p1|4
|teamsize|p2|4
|start
|switch|p1a: Elie|Talonflame, L50, F|100/100
|switch|p1b: Lloyd|Garchomp, L50, M|100/100
|switch|p2a: Dragapult|Dragapult, L50, M|100/100
|switch|p2b: Incineroar|Incineroar, L50, M|100/100
|-ability|p2b: Incineroar|Intimidate|boost
|-unboost|p1a: Elie|atk|1
|-unboost|p1b: Lloyd|atk|1
|turn|1
|
|t:|1757665991
|move|p1b: Lloyd|Protect|p1b: Lloyd
|-singleturn|p1b: Lloyd|Protect
|move|p2b: Incineroar|Fake Out|p1b: Lloyd
|-activate|p1b: Lloyd|move: Protect
|move|p2a: Dragapult|Dragon Darts|p1a: Elie
|-damage|p1a: Elie|58/100
|-anim|p2a: Dragapult|Dragon Darts|p1a: Elie
|-damage|p1a: Elie|16/100
|move|p1a: Elie|Taunt|p2b: Incineroar
|-start|p2b: Incineroar|move: Taunt
|
|upkeep
|turn|2
|
|t:|1757666010
|switch|p1a: Tio|Sylveon, L50, F|100/100
|switch|p2b: Rillaboom|Rillaboom, L50, M|100/100
|-fieldstart|move: Grassy Terrain|[from] ability: Grassy Surge|[of] p2b: Rillaboom
|-terastallize|p1b: Lloyd|Steel
|move|p2a: Dragapult|Dragon Darts|p1b: Lloyd
|-resisted|p1b: Lloyd
|-damage|p1b: Lloyd|79/100
|-anim|p2a: Dragapult|Dragon Darts|p1b: Lloyd
|-resisted|p1b: Lloyd
|-damage|p1b: Lloyd|60/100
|move|p1b: Lloyd|Stomping Tantrum|p2a: Dragapult
|-damage|p2a: Dragapult|54/100
|-damage|p1b: Lloyd|50/100|[from] item: Life Orb
|
|-heal|p2a: Dragapult|61/100|[from] Grassy Terrain
|-heal|p1b: Lloyd|56/100|[from] Grassy Terrain
|upkeep
|turn|3
|inactive|Gayangos has 30 seconds left.
|
|t:|1757666041
|switch|p2a: Volcarona|Volcarona, L50, F|100/100
|-enditem|p2a: Volcarona|Grassy Seed
|-boost|p2a: Volcarona|def|1|[from] item: Grassy Seed
|move|p1b: Lloyd|Stomping Tantrum|p2a: Volcarona
|-damage|p2a: Volcarona|71/100
|-status|p1b: Lloyd|brn|[from] ability: Flame Body|[of] p2a: Volcarona
|-damage|p1b: Lloyd|47/100 brn|[from] item: Life Orb
|move|p2b: Rillaboom|Wood Hammer|p1a: Tio
|-damage|p1a: Tio|6/100
|-damage|p2b: Rillaboom|71/100|[from] Recoil
|move|p1a: Tio|Hyper Voice|p2a: Volcarona|[spread] p2a,p2b
|-resisted|p2a: Volcarona
|-damage|p2a: Volcarona|51/100
|-damage|p2b: Rillaboom|45/100
|-enditem|p1a: Tio|Throat Spray
|-boost|p1a: Tio|spa|1|[from] item: Throat Spray
|
|-heal|p1b: Lloyd|53/100 brn|[from] Grassy Terrain
|-heal|p2a: Volcarona|57/100|[from] Grassy Terrain
|-heal|p2b: Rillaboom|51/100|[from] Grassy Terrain
|-heal|p1a: Tio|11/100|[from] Grassy Terrain
|-damage|p1b: Lloyd|47/100 brn|[from] brn
|upkeep
|turn|4
|
|t:|1757666060
|switch|p1b: Elie|Talonflame, L50, F|16/100
|move|p1a: Tio|Protect|p1a: Tio
|-singleturn|p1a: Tio|Protect
|move|p2b: Rillaboom|Grassy Glide|p1a: Tio
|-activate|p1a: Tio|move: Protect
|move|p2a: Volcarona|Quiver Dance|p2a: Volcarona
|-boost|p2a: Volcarona|spa|1
|-boost|p2a: Volcarona|spd|1
|-boost|p2a: Volcarona|spe|1
|
|-heal|p2a: Volcarona|63/100|[from] Grassy Terrain
|-heal|p2b: Rillaboom|57/100|[from] Grassy Terrain
|-heal|p1a: Tio|17/100|[from] Grassy Terrain
|upkeep
|turn|5
|inactive|TobiYume has 30 seconds left.
|inactive|TobiYume has 20 seconds left.
|inactive|TobiYume has 15 seconds left.
|inactive|TobiYume has 10 seconds left.
|
|t:|1757666107
|switch|p2b: Dragapult|Dragapult, L50, M|61/100
|move|p1a: Tio|Protect||[still]
|-fail|p1a: Tio
|move|p2a: Volcarona|Heat Wave|p1a: Tio|[spread] p1a,p1b
|-resisted|p1b: Elie
|-damage|p1a: Tio|0 fnt
|-damage|p1b: Elie|0 fnt
|faint|p1a: Tio
|faint|p1b: Elie
|
|-heal|p2a: Volcarona|69/100|[from] Grassy Terrain
|-heal|p2b: Dragapult|67/100|[from] Grassy Terrain
|upkeep
|
|t:|1757666114
|switch|p1b: Lloyd|Garchomp, L50, M, tera:Steel|47/100 brn
|switch|p1a: Randy|Tyranitar, L50, M|100/100
|-weather|Sandstorm|[from] ability: Sand Stream|[of] p1a: Randy
|turn|6
|
|t:|1757666133
|-terastallize|p2b: Dragapult|Dragon
|move|p2a: Volcarona|Heat Wave|p1b: Lloyd|[spread] p1a,p1b
|-resisted|p1a: Randy
|-supereffective|p1b: Lloyd
|-damage|p1a: Randy|89/100
|-damage|p1b: Lloyd|0 fnt
|faint|p1b: Lloyd
|move|p2b: Dragapult|Dragon Darts|p1a: Randy
|-damage|p1a: Randy|46/100
|-anim|p2b: Dragapult|Dragon Darts|p1a: Randy
|-damage|p1a: Randy|6/100
|move|p1a: Randy|Rock Slide|p2a: Volcarona|[spread] p2a,p2b
|-supereffective|p2a: Volcarona
|-damage|p2a: Volcarona|0 fnt
|-damage|p2b: Dragapult|26/100
|faint|p2a: Volcarona
|
|-weather|Sandstorm|[upkeep]
|-damage|p2b: Dragapult|20/100|[from] Sandstorm
|-heal|p2b: Dragapult|26/100|[from] Grassy Terrain
|-heal|p1a: Randy|12/100|[from] Grassy Terrain
|-fieldend|move: Grassy Terrain
|upkeep
|-message|TobiYume forfeited.
|
|win|Gayangos
|raw|TobiYume's rating: 1302 → 1282(-20 for losing)
|raw|Gayangos's rating: 1301 → 1321(+20 for winning)
|l|☆TobiYume
|player|p1|
