|j|☆Kampfstube
|j|☆Slaklord
|html|KampfstubeSlaklord    
|uhtml|bestof|Game 2 of a best-of-3
|t:|1757651891
|gametype|doubles
|player|p1|Kampfstube|n|1193
|player|p2|Slaklord|unknown|1000
|gen|9
|tier|[Gen 9] VGC 2025 Reg H (Bo3)
|rated|
|rule|Species Clause: Limit one of each Pokémon
|rule|Item Clause: Limit 1 of each item
|clearpoke
|poke|p1|Grimmsnarl, L50, M|
|poke|p1|Volcarona, L50, F|
|poke|p1|Annihilape, L50, F|
|poke|p1|Ursaluna-Bloodmoon, L50, M|
|poke|p1|Sneasler, L50, F|
|poke|p1|Dragonite, L50, M|
|poke|p2|Incineroar, L50, M|
|poke|p2|Pelipper, L50, F|
|poke|p2|Basculegion, L50, M|
|poke|p2|Amoonguss, L50, F|
|poke|p2|Maushold-Four, L50|
|poke|p2|Archaludon, L50, M|
|teampreview|4
|showteam|p1|Grimmsnarl||CovertCloak|Prankster|SpiritBreak,LightScreen,Reflect,ThunderWave|||M|||50|,,,,,Steel]Volcarona||SitrusBerry|FlameBody|GigaDrain,QuiverDance,FieryDance,Protect|||F|||50|,,,,,Grass]Annihilape||SafetyGoggles|Defiant|BulkUp,DrainPunch,Protect,RageFist|||F|||50|,,,,,Fire]Ursaluna-Bloodmoon||AssaultVest|MindsEye|EarthPower,BloodMoon,HyperVoice,VacuumWave|||M|||50|,,,,,Water]Sneasler||FocusSash|Unburden|FakeOut,Coaching,CloseCombat,DireClaw|||F|||50|,,,,,Ghost]Dragonite||LoadedDice|Multiscale|ScaleShot,Protect,Haze,ExtremeSpeed|||M|||50|,,,,,Steel
|showteam|p2|Incineroar||SafetyGoggles|Intimidate|FakeOut,FlareBlitz,KnockOff,PartingShot|||M|||50|,,,,,Ghost]Pelipper||FocusSash|Drizzle|Hurricane,WeatherBall,Tailwind,Protect|||F|||50|,,,,,Ghost]Basculegion||MysticWater|SwiftSwim|Protect,WaveCrash,AquaJet,LastRespects|||M|||50|,,,,,Water]Amoonguss||SitrusBerry|Regenerator|Spore,RagePowder,PollenPuff,ClearSmog|||F|||50|,,,,,Water]Maushold-Four||WideLens|Technician|PopulationBomb,FollowMe,Taunt,Protect||||||50|,,,,,Grass]Archaludon||AssaultVest|Stamina|ElectroShot,DragonPulse,FlashCannon,BodyPress|||M|||50|,,,,,Grass
|inactive|Battle timer is ON: inactive players will automatically lose when time's up. (requested by Kampfstube)
|
|t:|1757651916
|teamsize|p1|4
|teamsize|p2|4
|start
|switch|p1a: Grimmsnarl|Grimmsnarl, L50, M|100/100
|switch|p1b: Volcarona|Volcarona, L50, F, shiny|100/100
|switch|p2a: Happy|Pelipper, L50, F|100/100
|switch|p2b: Goldie|Basculegion, L50, M|100/100
|-weather|RainDance|[from] ability: Drizzle|[of] p2a: Happy
|turn|1
|inactive|Kampfstube has 30 seconds left.
|
|t:|1757651948
|-terastallize|p1b: Volcarona|Grass
|move|p1a: Grimmsnarl|Reflect|p1a: Grimmsnarl
|-sidestart|p1: Kampfstube|Reflect
|move|p2b: Goldie|Wave Crash|p1a: Grimmsnarl
|-damage|p1a: Grimmsnarl|22/100
|-damage|p2b: Goldie|74/100|[from] Recoil
|move|p1b: Volcarona|Quiver Dance|p1b: Volcarona
|-boost|p1b: Volcarona|spa|1
|-boost|p1b: Volcarona|spd|1
|-boost|p1b: Volcarona|spe|1
|move|p2a: Happy|Tailwind|p2a: Happy
|-sidestart|p2: Slaklord|move: Tailwind
|
|-weather|RainDance|[upkeep]
|upkeep
|turn|2
|inactive|Slaklord has 30 seconds left.
|
|t:|1757651977
|move|p1b: Volcarona|Protect|p1b: Volcarona
|-singleturn|p1b: Volcarona|Protect
|move|p2b: Goldie|Aqua Jet|p1a: Grimmsnarl
|-damage|p1a: Grimmsnarl|0 fnt
|faint|p1a: Grimmsnarl
|move|p2a: Happy|Hurricane|p1b: Volcarona
|-activate|p1b: Volcarona|move: Protect
|
|-weather|RainDance|[upkeep]
|upkeep
|
|t:|1757651989
|switch|p1a: Annihilape|Annihilape, L50, F|100/100
|turn|3
|
|t:|1757652012
|move|p2b: Goldie|Protect|p2b: Goldie
|-singleturn|p2b: Goldie|Protect
|move|p1a: Annihilape|Protect|p1a: Annihilape
|-singleturn|p1a: Annihilape|Protect
|move|p2a: Happy|Hurricane|p1b: Volcarona
|-supereffective|p1b: Volcarona
|-damage|p1b: Volcarona|44/100
|-enditem|p1b: Volcarona|Sitrus Berry|[eat]
|-heal|p1b: Volcarona|69/100|[from] item: Sitrus Berry
|move|p1b: Volcarona|Giga Drain|p2b: Goldie
|-activate|p2b: Goldie|move: Protect
|
|-weather|RainDance|[upkeep]
|upkeep
|turn|4
|inactive|Kampfstube has 30 seconds left.
|inactive|Slaklord has 30 seconds left.
|inactive|Slaklord has 20 seconds left.
|inactive|Slaklord has 15 seconds left.
|
|t:|1757652056
|-terastallize|p2b: Goldie|Water
|move|p1b: Volcarona|Protect|p1b: Volcarona
|-singleturn|p1b: Volcarona|Protect
|move|p2b: Goldie|Wave Crash|p1a: Annihilape
|-damage|p1a: Annihilape|14/100
|-damage|p2b: Goldie|43/100|[from] Recoil
|move|p2a: Happy|Hurricane|p1b: Volcarona
|-activate|p1b: Volcarona|move: Protect
|move|p1a: Annihilape|Drain Punch|p2a: Happy
|-resisted|p2a: Happy
|-damage|p2a: Happy|78/100
|-heal|p1a: Annihilape|21/100|[from] drain|[of] p2a: Happy
|
|-weather|RainDance|[upkeep]
|-sideend|p2: Slaklord|move: Tailwind
|upkeep
|turn|5
|inactive|Slaklord has 30 seconds left.
|inactive|Slaklord has 20 seconds left.
|inactive|Slaklord has 15 seconds left.
|
|t:|1757652100
|switch|p2a: Tom|Incineroar, L50, M|100/100
|-ability|p2a: Tom|Intimidate|boost
|-unboost|p1a: Annihilape|atk|1
|-ability|p1a: Annihilape|Defiant|boost
|-boost|p1a: Annihilape|atk|2
|-unboost|p1b: Volcarona|atk|1
|move|p2b: Goldie|Protect|p2b: Goldie
|-singleturn|p2b: Goldie|Protect
|move|p1a: Annihilape|Protect|p1a: Annihilape
|-singleturn|p1a: Annihilape|Protect
|move|p1b: Volcarona|Giga Drain|p2a: Tom
|-resisted|p2a: Tom
|-damage|p2a: Tom|77/100
|-heal|p1b: Volcarona|81/100|[from] drain|[of] p2a: Tom
|
|-weather|none
|-sideend|p1: Kampfstube|Reflect
|upkeep
|turn|6
|inactive|Kampfstube has 30 seconds left.
|
|t:|1757652127
|move|p2a: Tom|Fake Out|p1b: Volcarona
|-damage|p1b: Volcarona|70/100
|move|p2b: Goldie|Aqua Jet|p1a: Annihilape
|-damage|p1a: Annihilape|0 fnt
|faint|p1a: Annihilape
|cant|p1b: Volcarona|flinch
|
|upkeep
|
|t:|1757652134
|switch|p1a: Ursaluna|Ursaluna-Bloodmoon, L50, M|100/100
|turn|7
|
|t:|1757652156
|switch|p2a: Happy|Pelipper, L50, F|78/100
|-weather|RainDance|[from] ability: Drizzle|[of] p2a: Happy
|move|p2b: Goldie|Protect|p2b: Goldie
|-singleturn|p2b: Goldie|Protect
|move|p1b: Volcarona|Quiver Dance|p1b: Volcarona
|-boost|p1b: Volcarona|spa|1
|-boost|p1b: Volcarona|spd|1
|-boost|p1b: Volcarona|spe|1
|move|p1a: Ursaluna|Hyper Voice|p2a: Happy|[spread] p2a
|-activate|p2b: Goldie|move: Protect
|-crit|p2a: Happy
|-damage|p2a: Happy|0 fnt
|faint|p2a: Happy
|
|-weather|RainDance|[upkeep]
|upkeep
|
|t:|1757652173
|switch|p2a: Tom|Incineroar, L50, M|77/100
|-ability|p2a: Tom|Intimidate|boost
|-unboost|p1a: Ursaluna|atk|1
|-unboost|p1b: Volcarona|atk|1
|turn|8
|inactive|Kampfstube has 30 seconds left.
|
|t:|1757652198
|move|p2a: Tom|Fake Out|p1b: Volcarona
|-damage|p1b: Volcarona|57/100
|move|p1a: Ursaluna|Vacuum Wave|p2a: Tom
|-supereffective|p2a: Tom
|-damage|p2a: Tom|49/100
|move|p2b: Goldie|Wave Crash|p1a: Ursaluna
|-supereffective|p1a: Ursaluna
|-damage|p1a: Ursaluna|0 fnt
|faint|p1a: Ursaluna
|-damage|p2b: Goldie|8/100|[from] Recoil
|cant|p1b: Volcarona|flinch
|
|-weather|RainDance|[upkeep]
|upkeep
|turn|9
|inactive|Slaklord has 30 seconds left.
|inactive|Slaklord has 20 seconds left.
|
|t:|1757652236
|move|p1b: Volcarona|Protect|p1b: Volcarona
|-singleturn|p1b: Volcarona|Protect
|move|p2b: Goldie|Last Respects|p1b: Volcarona
|-activate|p1b: Volcarona|move: Protect
|move|p2a: Tom|Parting Shot|p1b: Volcarona
|-activate|p1b: Volcarona|move: Protect
|
|-weather|RainDance|[upkeep]
|upkeep
|turn|10
|
|t:|1757652260
|move|p2b: Goldie|Last Respects|p1b: Volcarona
|-damage|p1b: Volcarona|12/100
|move|p1b: Volcarona|Fiery Dance|p2b: Goldie
|-resisted|p2b: Goldie
|-damage|p2b: Goldie|0 fnt
|faint|p2b: Goldie
|move|p2a: Tom|Parting Shot|p1b: Volcarona
|-unboost|p1b: Volcarona|atk|1
|-unboost|p1b: Volcarona|spa|1
|
|t:|1757652270
|switch|p2a: Jerry&Family|Maushold-Four, L50, shiny|100/100|[from] Parting Shot
|
|-weather|RainDance|[upkeep]
|upkeep
|
|t:|1757652276
|switch|p2b: Tom|Incineroar, L50, M|49/100
|-ability|p2b: Tom|Intimidate|boost
|-unboost|p1b: Volcarona|atk|1
|turn|11
|
|t:|1757652297
|move|p1b: Volcarona|Protect|p1b: Volcarona
|-singleturn|p1b: Volcarona|Protect
|move|p2a: Jerry&Family|Population Bomb|p1b: Volcarona
|-activate|p1b: Volcarona|move: Protect
|move|p2b: Tom|Flare Blitz|p1b: Volcarona
|-activate|p1b: Volcarona|move: Protect
|
|-weather|none
|upkeep
|turn|12
|
|t:|1757652309
|move|p1b: Volcarona|Giga Drain|p2a: Jerry&Family
|-damage|p2a: Jerry&Family|28/100
|-heal|p1b: Volcarona|41/100|[from] drain|[of] p2a: Jerry&Family
|move|p2a: Jerry&Family|Population Bomb|p1b: Volcarona
|-damage|p1b: Volcarona|30/100
|-damage|p1b: Volcarona|20/100
|-damage|p1b: Volcarona|10/100
|-status|p2a: Jerry&Family|brn|[from] ability: Flame Body|[of] p1b: Volcarona
|-damage|p1b: Volcarona|5/100
|-damage|p1b: Volcarona|0 fnt
|faint|p1b: Volcarona
|-hitcount|p1: Volcarona|5
|
|win|Slaklord
