|j|ŌśåMABV
|j|ŌśåSerperiorIsMyGod
|html|MABVSerperiorIsMyGod    
|uhtml|bestof|Game 1 of a best-of-3
|t:|1782595401
|gametype|doubles
|player|p1|MABV|n|1119
|player|p2|SerperiorIsMyGod|102|1011
|gen|9
|tier|[Gen 9 Champions] VGC 2026 Reg M-B (Bo3)
|rated|
|rule|Species Clause: Limit one of each Pok├®mon
|rule|Item Clause: Limit 1 of each item
|clearpoke
|poke|p1|Staraptor, L50, F, shiny|
|poke|p1|Garchomp, L50, M|
|poke|p1|Grimmsnarl, L50, M|
|poke|p1|Rotom-Heat, L50, shiny|
|poke|p1|Farigiraf, L50, F, shiny|
|poke|p1|Sinistcha-Masterpiece, L50|
|poke|p2|Serperior, L50, M|
|poke|p2|Tyranitar, L50, F|
|poke|p2|Excadrill, L50, F|
|poke|p2|Rotom-Wash, L50|
|poke|p2|Incineroar, L50, M|
|poke|p2|Clefable, L50, M|
|teampreview|4
|showteam|p1|Staraptor||Staraptite|Intimidate|BraveBird,Protect,Roost,CloseCombat|Jolly||F|||50|]Garchomp||LifeOrb|RoughSkin|RockSlide,Protect,Earthquake,DragonClaw|Jolly||M|||50|]Grimmsnarl||LightClay|Prankster|Reflect,LightScreen,ScaryFace,PartingShot|Careful||M|||50|]Rotom-Heat||ChoiceScarf|Levitate|Overheat,Discharge,VoltSwitch,WillOWisp|Modest|||||50|]Farigiraf||SitrusBerry|ArmorTail|HelpingHand,TrickRoom,Psychic,HyperVoice|Bold||F|||50|]Sinistcha-Masterpiece||OccaBerry|Hospitality|MatchaGotcha,StrengthSap,TrickRoom,RagePowder|Calm|||||50|
|showteam|p2|Serperior||ChoiceScarf|Contrary|LeafStorm,Glare,BreakingSwipe,Taunt|Timid||M|||50|]Tyranitar||Tyranitarite|SandStream|RockSlide,KnockOff,LowKick,Protect|Adamant||F|||50|]Excadrill||FocusSash|SandRush|IronHead,Protect,RockSlide,HighHorsepower|Adamant||F|||50|]Rotom-Wash||Leftovers|Levitate|HydroPump,Thunderbolt,WillOWisp,Protect|Calm|||||50|]Incineroar||SitrusBerry|Intimidate|Protect,FlareBlitz,FakeOut,PartingShot|Adamant||M|||50|]Clefable||Clefablite|Unaware|HelpingHand,Moonblast,FollowMe,Protect|Bold||M|||50|
|c|ŌśåSerperiorIsMyGod|hello again, new team?
|
|t:|1782595428
|teamsize|p1|4
|teamsize|p2|4
|start
|switch|p1a: Grimmsnarl|Grimmsnarl, L50, M|100/100
|switch|p1b: Rotom|Rotom-Heat, L50, shiny|100/100
|switch|p2a: Incineroar|Incineroar, L50, M|100/100
|switch|p2b: Milord|Serperior, L50, M|100/100
|-ability|p2a: Incineroar|Intimidate|boost
|-unboost|p1a: Grimmsnarl|atk|1
|-unboost|p1b: Rotom|atk|1
|turn|1
|
|t:|1782595455
|move|p2a: Incineroar|Fake Out|p1b: Rotom
|-damage|p1b: Rotom|80/100
|move|p1a: Grimmsnarl|Light Screen|p1a: Grimmsnarl
|-sidestart|p1: MABV|move: Light Screen
|move|p2b: Milord|Glare|p1a: Grimmsnarl
|-status|p1a: Grimmsnarl|par
|cant|p1b: Rotom|flinch
|
|upkeep
|turn|2
|
|t:|1782595479
|move|p1a: Grimmsnarl|Parting Shot|p2b: Milord
|-boost|p2b: Milord|atk|1
|-boost|p2b: Milord|spa|1
|c|ŌśåMABV|Hi
|c|ŌśåMABV|Nah
|c|ŌśåMABV|Is the 2nd i made for this reg
|
|t:|1782595503
|switch|p1a: Staraptor|Staraptor, L50, F, shiny|100/100|[from] Parting Shot
|-ability|p1a: Staraptor|Intimidate|boost
|-unboost|p2a: Incineroar|atk|1
|-boost|p2b: Milord|atk|1
|move|p2b: Milord|Glare|p1b: Rotom
|-immune|p1b: Rotom
|move|p1b: Rotom|Overheat|p2b: Milord
|-supereffective|p2b: Milord|1
|-damage|p2b: Milord|0 fnt
|-unboost|p1b: Rotom|spa|2
|faint|p2b: Milord
|move|p2a: Incineroar|Flare Blitz|p1a: Staraptor
|-damage|p1a: Staraptor|41/100
|-damage|p2a: Incineroar|84/100|[from] Recoil
|
|upkeep
|c|ŌśåSerperiorIsMyGod|Isee
|c|ŌśåSerperiorIsMyGod|daaaaaaaaayum
|
|t:|1782595528
|switch|p2b: Tyranitar|Tyranitar, L50, F|100/100
|-weather|Sandstorm|[from] ability: Sand Stream|[of] p2b: Tyranitar
|turn|3
|
|t:|1782595558
|switch|p1b: Grimmsnarl|Grimmsnarl, L50, M|100/100 par
|detailschange|p1a: Staraptor|Staraptor-Mega, L50, F, shiny
|-mega|p1a: Staraptor|Staraptor|Staraptite
|move|p1a: Staraptor|Close Combat|p2a: Incineroar
|-supereffective|p2a: Incineroar|1
|-damage|p2a: Incineroar|0 fnt
|-boost|p1a: Staraptor|def|1
|-boost|p1a: Staraptor|spd|1
|faint|p2a: Incineroar
|move|p2b: Tyranitar|Knock Off|p1a: Staraptor
|-resisted|p1a: Staraptor|1
|-damage|p1a: Staraptor|30/100
|
|-weather|Sandstorm|[upkeep]
|-damage|p1a: Staraptor|24/100|[from] Sandstorm
|-damage|p1b: Grimmsnarl|94/100 par|[from] Sandstorm
|upkeep
|
|t:|1782595571
|switch|p2a: Excadrill|Excadrill, L50, F|100/100
|turn|4
|
|t:|1782595586
|detailschange|p2b: Tyranitar|Tyranitar-Mega, L50, F
|-mega|p2b: Tyranitar|Tyranitar|Tyranitarite
|move|p1b: Grimmsnarl|Scary Face|p1a: Staraptor
|-boost|p1a: Staraptor|spe|2
|move|p1a: Staraptor|Roost|p1a: Staraptor
|-heal|p1a: Staraptor|74/100
|-singleturn|p1a: Staraptor|move: Roost
|move|p2a: Excadrill|Rock Slide|p1b: Grimmsnarl|[spread] p1a,p1b
|-resisted|p1a: Staraptor|1
|-damage|p1a: Staraptor|66/100
|-damage|p1b: Grimmsnarl|74/100 par
|move|p2b: Tyranitar|Rock Slide|p1b: Grimmsnarl|[spread] p1a,p1b
|-resisted|p1a: Staraptor|1
|-damage|p1a: Staraptor|55/100
|-damage|p1b: Grimmsnarl|40/100 par
|
|-weather|Sandstorm|[upkeep]
|-damage|p1a: Staraptor|48/100|[from] Sandstorm
|-damage|p1b: Grimmsnarl|34/100 par|[from] Sandstorm
|upkeep
|turn|5
|
|t:|1782595616
|move|p1b: Grimmsnarl|Reflect|p1b: Grimmsnarl
|-sidestart|p1: MABV|Reflect
|move|p1a: Staraptor|Close Combat|p2b: Tyranitar
|-supereffective|p2b: Tyranitar|2
|-damage|p2b: Tyranitar|0 fnt
|-boost|p1a: Staraptor|def|1
|-boost|p1a: Staraptor|spd|1
|faint|p2b: Tyranitar
|move|p2a: Excadrill|Rock Slide|p1a: Staraptor|[spread] p1a,p1b
|-damage|p1a: Staraptor|40/100
|-damage|p1b: Grimmsnarl|20/100y par
|
|-weather|Sandstorm|[upkeep]
|-damage|p1a: Staraptor|34/100|[from] Sandstorm
|-damage|p1b: Grimmsnarl|14/100 par|[from] Sandstorm
|upkeep
|turn|6
|
|t:|1782595630
|move|p2a: Excadrill|Protect|p2a: Excadrill
|-singleturn|p2a: Excadrill|Protect
|move|p1b: Grimmsnarl|Parting Shot|p1a: Staraptor
|-boost|p1a: Staraptor|atk|1
|-boost|p1a: Staraptor|spa|1
|
|t:|1782595633
|switch|p1b: Garchomp|Garchomp, L50, M|100/100|[from] Parting Shot
|move|p1a: Staraptor|Roost|p1a: Staraptor
|-heal|p1a: Staraptor|84/100
|-singleturn|p1a: Staraptor|move: Roost
|
|-weather|Sandstorm|[upkeep]
|-damage|p1a: Staraptor|78/100|[from] Sandstorm
|upkeep
|turn|7
|
|t:|1782595647
|move|p1a: Staraptor|Close Combat|p2a: Excadrill
|-supereffective|p2a: Excadrill|1
|-enditem|p2a: Excadrill|Focus Sash
|-damage|p2a: Excadrill|1/100
|-boost|p1a: Staraptor|def|1
|-boost|p1a: Staraptor|spd|1
|move|p2a: Excadrill|Iron Head|p1a: Staraptor
|-damage|p1a: Staraptor|65/100
|move|p1b: Garchomp|Dragon Claw|p2a: Excadrill
|-resisted|p2a: Excadrill|1
|-damage|p2a: Excadrill|0 fnt
|faint|p2a: Excadrill
|-damage|p1b: Garchomp|90/100|[from] item: Life Orb
|
|win|MABV
||SerperiorIsMyGod is ready for game 2.
|inactive|MABV has 30 seconds to confirm battle start!
|c|ŌśåMABV|Bro
|inactive|MABV has 19 seconds to confirm battle start!
|c|ŌśåMABV|Im outside
|inactive|MABV has 9 seconds to confirm battle start!
|c|ŌśåMABV|I give u the points
|c|ŌśåMABV|Gg wp
|uhtml|next|Next: Game 2 of 3
