|j|☆BenniOVY
|j|☆DINOLONK
|html|BenniOVYDINOLONK    
|uhtml|bestof|Game 1 of a best-of-3
|t:|1782568397
|gametype|doubles
|player|p1|BenniOVY|psychic-gen4|1220
|player|p2|DINOLONK|parasollady-gen4|1194
|gen|9
|tier|[Gen 9 Champions] VGC 2026 Reg M-B (Bo3)
|rated|
|rule|Species Clause: Limit one of each Pokémon
|rule|Item Clause: Limit 1 of each item
|clearpoke
|poke|p1|Delphox, L50, F|
|poke|p1|Sneasler, L50, F|
|poke|p1|Incineroar, L50, M|
|poke|p1|Sinistcha, L50|
|poke|p1|Kingambit, L50, F|
|poke|p1|Floette-Eternal, L50, F|
|poke|p2|Hydreigon, L50, M|
|poke|p2|Garchomp, L50, M|
|poke|p2|Metagross, L50|
|poke|p2|Charizard, L50, M|
|poke|p2|Grimmsnarl, L50, M|
|poke|p2|Toxapex, L50, M|
|teampreview|4
|showteam|p1|Delphox||Delphoxite|Blaze|HeatWave,Psyshock,NastyPlot,Protect|Timid||F|||50|]Sneasler||WhiteHerb|Unburden|CloseCombat,DireClaw,FakeOut,Protect|Adamant||F|||50|]Incineroar||PasshoBerry|Intimidate|FlareBlitz,DarkestLariat,PartingShot,FakeOut|Impish||M|||50|]Sinistcha||KasibBerry|Hospitality|MatchaGotcha,LifeDew,RagePowder,Protect|Bold|||||50|]Kingambit||BlackGlasses|Defiant|KowtowCleave,SuckerPunch,SwordsDance,Protect|Adamant||F|||50|]Floette-Eternal||Floettite|FlowerVeil|DazzlingGleam,Moonblast,CalmMind,Protect|Modest||F|||50|
|showteam|p2|Hydreigon||ChoiceScarf|Levitate|HeatWave,DarkPulse,DracoMeteor,Snarl|Modest||M|||50|]Garchomp||SitrusBerry|RoughSkin|Earthquake,RockSlide,DragonClaw,Protect|Adamant||M|||50|]Metagross||Metagrossite|ClearBody|IronHead,HammerArm,BulletPunch,Protect|Adamant|||||50|]Charizard||CharizarditeY|Blaze|Protect,HeatWave,SolarBeam,WeatherBall|Timid||M|||50|]Grimmsnarl||RoseliBerry|Prankster|FakeOut,FoulPlay,Reflect,PartingShot|Sassy||M|||50|]Toxapex||Leftovers|Regenerator|Infestation,Toxic,BanefulBunker,WideGuard|Bold||M|||50|
|inactive|Battle timer is ON: inactive players will automatically lose when time's up. (requested by DINOLONK)
|inactive|DINOLONK has 60 seconds left.
|
|t:|1782568438
|teamsize|p1|4
|teamsize|p2|4
|start
|switch|p1a: Delphox|Delphox, L50, F|100/100
|switch|p1b: Incineroar|Incineroar, L50, M|100/100
|switch|p2a: Charizard|Charizard, L50, M|100/100
|switch|p2b: Hydreigon|Hydreigon, L50, M|100/100
|-ability|p1b: Incineroar|Intimidate|boost
|-unboost|p2a: Charizard|atk|1
|-unboost|p2b: Hydreigon|atk|1
|turn|1
|
|t:|1782568457
|detailschange|p2a: Charizard|Charizard-Mega-Y, L50, M
|-mega|p2a: Charizard|Charizard|Charizardite Y
|-weather|SunnyDay|[from] ability: Drought|[of] p2a: Charizard
|detailschange|p1a: Delphox|Delphox-Mega, L50, F
|-mega|p1a: Delphox|Delphox|Delphoxite
|move|p1b: Incineroar|Fake Out|p2b: Hydreigon
|-damage|p2b: Hydreigon|88/100
|cant|p2b: Hydreigon|flinch
|move|p1a: Delphox|Nasty Plot|p1a: Delphox
|-boost|p1a: Delphox|spa|2
|move|p2a: Charizard|Weather Ball|p1a: Delphox
|-resisted|p1a: Delphox|1
|-damage|p1a: Delphox|67/100
|
|-weather|SunnyDay|[upkeep]
|upkeep
|turn|2
|
|t:|1782568466
|switch|p2a: Toxapex|Toxapex, L50, M|100/100
|move|p1a: Delphox|Protect|p1a: Delphox
|-singleturn|p1a: Delphox|Protect
|move|p2b: Hydreigon|Dark Pulse|p1a: Delphox
|-activate|p1a: Delphox|move: Protect
|move|p1b: Incineroar|Parting Shot|p2b: Hydreigon
|-unboost|p2b: Hydreigon|atk|1
|-unboost|p2b: Hydreigon|spa|1
|
|t:|1782568476
|switch|p1b: Kingambit|Kingambit, L50, F|100/100|[from] Parting Shot
|
|-weather|SunnyDay|[upkeep]
|upkeep
|turn|3
|
|t:|1782568483
|switch|p1a: Incineroar|Incineroar, L50, M|100/100
|-ability|p1a: Incineroar|Intimidate|boost
|-unboost|p2a: Toxapex|atk|1
|-unboost|p2b: Hydreigon|atk|1
|move|p2b: Hydreigon|Dark Pulse|p1a: Incineroar
|-resisted|p1a: Incineroar|1
|-damage|p1a: Incineroar|86/100
|move|p1b: Kingambit|Swords Dance|p1b: Kingambit
|-boost|p1b: Kingambit|atk|2
|move|p2a: Toxapex|Infestation|p1b: Kingambit
|-damage|p1b: Kingambit|96/100
|-activate|p1b: Kingambit|move: Infestation|[of] p2a: Toxapex
|
|-weather|SunnyDay|[upkeep]
|-damage|p1b: Kingambit|84/100|[from] move: Infestation|[partiallytrapped]
|upkeep
|turn|4
|
|t:|1782568493
|switch|p2b: Garchomp|Garchomp, L50, M|100/100
|move|p2a: Toxapex|Baneful Bunker|p2a: Toxapex
|-singleturn|p2a: Toxapex|move: Protect
|move|p1a: Incineroar|Flare Blitz|p2b: Garchomp
|-resisted|p2b: Garchomp|1
|-damage|p2b: Garchomp|71/100
|-damage|p1a: Incineroar|74/100|[from] ability: Rough Skin|[of] p2b: Garchomp
|-damage|p1a: Incineroar|64/100|[from] Recoil
|move|p1b: Kingambit|Swords Dance|p1b: Kingambit
|-boost|p1b: Kingambit|atk|2
|
|-weather|SunnyDay|[upkeep]
|-damage|p1b: Kingambit|72/100|[from] move: Infestation|[partiallytrapped]
|upkeep
|turn|5
|
|t:|1782568499
|move|p2a: Toxapex|Wide Guard|p2a: Toxapex
|-singleturn|p2a: Toxapex|Wide Guard
|move|p1b: Kingambit|Sucker Punch|p2b: Garchomp
|-damage|p2b: Garchomp|0 fnt
|-damage|p1b: Kingambit|59/100|[from] ability: Rough Skin|[of] p2b: Garchomp
|faint|p2b: Garchomp
|move|p1a: Incineroar|Parting Shot|p2a: Toxapex
|-unboost|p2a: Toxapex|atk|1
|-unboost|p2a: Toxapex|spa|1
|
|t:|1782568504
|switch|p1a: Sinistcha|Sinistcha, L50|100/100|[from] Parting Shot
|-heal|p1b: Kingambit|84/100|[from] ability: Hospitality|[of] p1a: Sinistcha
|
|-weather|none
|-damage|p1b: Kingambit|72/100|[from] move: Infestation|[partiallytrapped]
|upkeep
|
|t:|1782568508
|switch|p2b: Charizard|Charizard-Mega-Y, L50, M|100/100
|-weather|SunnyDay|[from] ability: Drought|[of] p2b: Charizard
|turn|6
|
|t:|1782568518
|switch|p2b: Hydreigon|Hydreigon, L50, M|88/100
|move|p1b: Kingambit|Sucker Punch||[still]
|-fail|p1b: Kingambit
|move|p1a: Sinistcha|Life Dew||[still]|[spread] p1a,p1b
|-fail|p1a: Sinistcha|heal
|-heal|p1b: Kingambit|97/100
|move|p2a: Toxapex|Toxic|p1a: Sinistcha
|-status|p1a: Sinistcha|tox
|
|-weather|SunnyDay|[upkeep]
|-damage|p1a: Sinistcha|93/100 tox|[from] psn
|-damage|p1b: Kingambit|85/100|[from] move: Infestation|[partiallytrapped]
|upkeep
|turn|7
|
|t:|1782568530
|switch|p1a: Incineroar|Incineroar, L50, M|64/100
|-ability|p1a: Incineroar|Intimidate|boost
|-unboost|p2a: Toxapex|atk|1
|-unboost|p2b: Hydreigon|atk|1
|move|p1b: Kingambit|Protect|p1b: Kingambit
|-singleturn|p1b: Kingambit|Protect
|move|p2b: Hydreigon|Heat Wave|p1a: Incineroar|[spread] p1a
|-activate|p1b: Kingambit|move: Protect
|-resisted|p1a: Incineroar|1
|-damage|p1a: Incineroar|46/100
|move|p2a: Toxapex|Infestation|p1a: Incineroar
|-damage|p1a: Incineroar|44/100
|-activate|p1a: Incineroar|move: Infestation|[of] p2a: Toxapex
|
|-weather|SunnyDay|[upkeep]
|-damage|p1a: Incineroar|31/100|[from] move: Infestation|[partiallytrapped]
|-end|p1b: Kingambit|Infestation|[partiallytrapped]
|upkeep
|turn|8
|
|t:|1782568538
|switch|p2b: Charizard|Charizard-Mega-Y, L50, M|100/100
|move|p1a: Incineroar|Fake Out|p2b: Charizard
|-damage|p2b: Charizard|87/100
|move|p1b: Kingambit|Kowtow Cleave|p2b: Charizard
|-damage|p2b: Charizard|0 fnt
|faint|p2b: Charizard
|move|p2a: Toxapex|Infestation|p1b: Kingambit
|-damage|p1b: Kingambit|83/100
|-activate|p1b: Kingambit|move: Infestation|[of] p2a: Toxapex
|
|-weather|SunnyDay|[upkeep]
|-damage|p1a: Incineroar|19/100|[from] move: Infestation|[partiallytrapped]
|-damage|p1b: Kingambit|71/100|[from] move: Infestation|[partiallytrapped]
|upkeep
|
|t:|1782568541
|switch|p2b: Hydreigon|Hydreigon, L50, M|88/100
|turn|9
|
|t:|1782568548
|move|p1b: Kingambit|Protect|p1b: Kingambit
|-singleturn|p1b: Kingambit|Protect
|move|p2b: Hydreigon|Heat Wave|p1b: Kingambit|[spread] p1a
|-activate|p1b: Kingambit|move: Protect
|-resisted|p1a: Incineroar|1
|-damage|p1a: Incineroar|2/100
|move|p1a: Incineroar|Parting Shot|p2b: Hydreigon
|-unboost|p2b: Hydreigon|atk|1
|-unboost|p2b: Hydreigon|spa|1
|
|t:|1782568550
|switch|p1a: Sinistcha|Sinistcha, L50|93/100 tox|[from] Parting Shot
|-heal|p1b: Kingambit|96/100|[from] ability: Hospitality|[of] p1a: Sinistcha
|move|p2a: Toxapex|Infestation|p1b: Kingambit
|-activate|p1b: Kingambit|move: Protect
|
|-weather|SunnyDay|[upkeep]
|-damage|p1a: Sinistcha|87/100 tox|[from] psn
|-damage|p1b: Kingambit|83/100|[from] move: Infestation|[partiallytrapped]
|upkeep
|turn|10
|
|t:|1782568564
|switch|p1a: Incineroar|Incineroar, L50, M|2/100
|-ability|p1a: Incineroar|Intimidate|boost
|-unboost|p2a: Toxapex|atk|1
|-unboost|p2b: Hydreigon|atk|1
|move|p2b: Hydreigon|Heat Wave|p1b: Kingambit|[spread] p1a,p1b
|-resisted|p1a: Incineroar|1
|-supereffective|p1b: Kingambit|1
|-damage|p1a: Incineroar|0 fnt
|-damage|p1b: Kingambit|30/100
|faint|p1a: Incineroar
|move|p1b: Kingambit|Kowtow Cleave|p2a: Toxapex
|-damage|p2a: Toxapex|0 fnt
|faint|p2a: Toxapex
|
|-weather|none
|-end|p1b: Kingambit|Infestation|[partiallytrapped]|[silent]
|upkeep
|-message|DINOLONK forfeited.
|
|win|BenniOVY
||DINOLONK is ready for game 2.
||BenniOVY is ready for game 2.
|uhtml|next|Next: Game 2 of 3
