|j|☆Mircat222
|j|☆mil0battles
|html|Mircat222mil0battles    
|uhtml|bestof|Game 3 of a best-of-3
|t:|1756430361
|gametype|doubles
|player|p1|Mircat222|veteran|1126
|player|p2|mil0battles|pokemonranger-gen4|1101
|gen|9
|tier|[Gen 9] VGC 2025 Reg H (Bo3)
|rated|
|rule|Species Clause: Limit one of each Pokémon
|rule|Item Clause: Limit 1 of each item
|clearpoke
|poke|p1|Toxtricity, L50, F|
|poke|p1|Incineroar, L50, M|
|poke|p1|Indeedee, L50, M|
|poke|p1|Sneasler, L50, F|
|poke|p1|Dragonite, L50, M|
|poke|p1|Kommo-o, L50, M|
|poke|p2|Incineroar, L50, F|
|poke|p2|Primarina, L50, F|
|poke|p2|Gholdengo, L50|
|poke|p2|Sneasler, L50, M|
|poke|p2|Rillaboom, L50, M|
|poke|p2|Dragonite, L50, M|
|teampreview|4
|showteam|p1|Toxtricity||ChoiceSpecs|PunkRock|Boomburst,Overdrive,SludgeBomb,VoltSwitch|||F|||50|,,,,,Ghost]Incineroar||AssaultVest|Intimidate|Uturn,FakeOut,FlareBlitz,KnockOff|||M|||50|,,,,,Water]Indeedee||FocusSash|PsychicSurge|ExpandingForce,TrickRoom,Imprison,TeraBlast|||M|||50|,,,,,Fairy]Sneasler||PsychicSeed|Unburden|DireClaw,CloseCombat,Coaching,Protect|||F|||50|,,,,,Stellar]Dragonite||LoadedDice|Multiscale|Tailwind,ExtremeSpeed,ScaleShot,Protect|||M|||50|,,,,,Normal]Kommo-o||SitrusBerry|Soundproof|IronDefense,BodyPress,Protect,FlashCannon|||M|||50|,,,,,Steel
|showteam|p2|Incineroar||SafetyGoggles|Intimidate|FakeOut,KnockOff,PartingShot,FlareBlitz|||F|||50|,,,,,Ghost]Primarina||ThroatSpray|LiquidVoice|HyperVoice,Moonblast,Haze,Protect|||F|||50|,,,,,Poison]Gholdengo||LifeOrb|GoodasGold|NastyPlot,MakeItRain,ShadowBall,Protect||||||50|,,,,,Water]Sneasler||WhiteHerb|Unburden|DireClaw,CloseCombat,FakeOut,Protect|||M|||50|,,,,,Stellar]Rillaboom||AssaultVest|GrassySurge|GrassyGlide,WoodHammer,FakeOut,Uturn|||M|||50|,,,,,Fire]Dragonite||LoadedDice|Multiscale|ScaleShot,Tailwind,ExtremeSpeed,Protect|||M|||50|,,,,,Fairy
|inactive|Battle timer is ON: inactive players will automatically lose when time's up. (requested by mil0battles)
|
|t:|1756430405
|teamsize|p1|4
|teamsize|p2|4
|start
|switch|p1a: Indeedee|Indeedee, L50, M|100/100
|switch|p1b: Kommo-o|Kommo-o, L50, M|100/100
|switch|p2a: Dragonite|Dragonite, L50, M|100/100
|switch|p2b: Sneasler|Sneasler, L50, M|100/100
|-fieldstart|move: Psychic Terrain|[from] ability: Psychic Surge|[of] p1a: Indeedee
|turn|1
|inactive|mil0battles has 30 seconds left.
|
|t:|1756430440
|-terastallize|p1b: Kommo-o|Steel
|move|p2b: Sneasler|Dire Claw|p1a: Indeedee
|-damage|p1a: Indeedee|1/100
|move|p2a: Dragonite|Scale Shot|p1a: Indeedee
|-damage|p1a: Indeedee|0 fnt
|faint|p1a: Indeedee
|-hitcount|p1: Indeedee|1
|-unboost|p2a: Dragonite|def|1
|-boost|p2a: Dragonite|spe|1
|move|p1b: Kommo-o|Iron Defense|p1b: Kommo-o
|-boost|p1b: Kommo-o|def|2
|
|upkeep
|
|t:|1756430457
|switch|p1a: Toxtricity|Toxtricity, L50, F|100/100
|turn|2
|
|t:|1756430474
|move|p1b: Kommo-o|Protect|p1b: Kommo-o
|-singleturn|p1b: Kommo-o|Protect
|move|p2a: Dragonite|Scale Shot|p1a: Toxtricity|[miss]
|-miss|p2a: Dragonite|p1a: Toxtricity
|move|p2b: Sneasler|Close Combat|p1a: Toxtricity
|-resisted|p1a: Toxtricity
|-damage|p1a: Toxtricity|52/100
|-unboost|p2b: Sneasler|def|1
|-unboost|p2b: Sneasler|spd|1
|-enditem|p2b: Sneasler|White Herb
|-clearnegativeboost|p2b: Sneasler|[silent]
|move|p1a: Toxtricity|Boomburst|p2a: Dragonite|[spread] p2a,p2b
|-activate|p1b: Kommo-o|move: Protect
|-damage|p2a: Dragonite|62/100
|-damage|p2b: Sneasler|0 fnt
|faint|p2b: Sneasler
|
|upkeep
|
|t:|1756430490
|switch|p2b: Rillaboom|Rillaboom, L50, M|100/100
|-fieldstart|move: Grassy Terrain|[from] ability: Grassy Surge|[of] p2b: Rillaboom
|turn|3
|inactive|Mircat222 has 30 seconds left.
|inactive|Mircat222 has 20 seconds left.
|
|t:|1756430529
|switch|p1a: Incineroar|Incineroar, L50, M|100/100
|-ability|p1a: Incineroar|Intimidate|boost
|-unboost|p2a: Dragonite|atk|1
|-unboost|p2b: Rillaboom|atk|1
|move|p2b: Rillaboom|Fake Out|p1b: Kommo-o
|-resisted|p1b: Kommo-o
|-damage|p1b: Kommo-o|99/100
|move|p2a: Dragonite|Scale Shot|p1a: Incineroar
|-damage|p1a: Incineroar|92/100
|-damage|p1a: Incineroar|84/100
|-damage|p1a: Incineroar|76/100
|-damage|p1a: Incineroar|68/100
|-hitcount|p1a: Incineroar|4
|-unboost|p2a: Dragonite|def|1
|-boost|p2a: Dragonite|spe|1
|cant|p1b: Kommo-o|flinch
|
|-heal|p1b: Kommo-o|100/100|[from] Grassy Terrain
|-heal|p1a: Incineroar|74/100|[from] Grassy Terrain
|upkeep
|turn|4
|inactive|Mircat222 has 30 seconds left.
|
|t:|1756430555
|move|p2a: Dragonite|Protect|p2a: Dragonite
|-singleturn|p2a: Dragonite|Protect
|move|p1a: Incineroar|Fake Out|p2a: Dragonite
|-activate|p2a: Dragonite|move: Protect
|move|p2b: Rillaboom|Wood Hammer|p1b: Kommo-o
|-resisted|p1b: Kommo-o
|-damage|p1b: Kommo-o|92/100
|-damage|p2b: Rillaboom|98/100|[from] Recoil
|move|p1b: Kommo-o|Iron Defense|p1b: Kommo-o
|-boost|p1b: Kommo-o|def|2
|
|-heal|p2b: Rillaboom|100/100|[from] Grassy Terrain
|-heal|p1b: Kommo-o|98/100|[from] Grassy Terrain
|-heal|p1a: Incineroar|80/100|[from] Grassy Terrain
|upkeep
|turn|5
|inactive|mil0battles has 30 seconds left.
|
|t:|1756430589
|move|p2a: Dragonite|Scale Shot|p1a: Incineroar
|-damage|p1a: Incineroar|71/100
|-damage|p1a: Incineroar|62/100
|-damage|p1a: Incineroar|53/100
|-damage|p1a: Incineroar|44/100
|-hitcount|p1a: Incineroar|4
|-unboost|p2a: Dragonite|def|1
|-boost|p2a: Dragonite|spe|1
|move|p2b: Rillaboom|U-turn|p1a: Incineroar
|-damage|p1a: Incineroar|32/100
|
|t:|1756430599
|switch|p2b: Gholdengo|Gholdengo, L50|100/100|[from] U-turn
|move|p1b: Kommo-o|Body Press|p2a: Dragonite
|-resisted|p2a: Dragonite
|-damage|p2a: Dragonite|0 fnt
|faint|p2a: Dragonite
|move|p1a: Incineroar|Flare Blitz|p2b: Gholdengo
|-supereffective|p2b: Gholdengo
|-damage|p2b: Gholdengo|6/100
|-damage|p1a: Incineroar|4/100|[from] Recoil
|
|-heal|p2b: Gholdengo|12/100|[from] Grassy Terrain
|-heal|p1b: Kommo-o|100/100|[from] Grassy Terrain
|-heal|p1a: Incineroar|10/100|[from] Grassy Terrain
|upkeep
|
|t:|1756430608
|switch|p2a: Rillaboom|Rillaboom, L50, M|100/100
|turn|6
|
|t:|1756430616
|move|p1b: Kommo-o|Protect|p1b: Kommo-o
|-singleturn|p1b: Kommo-o|Protect
|move|p2a: Rillaboom|Fake Out|p1a: Incineroar
|-damage|p1a: Incineroar|0 fnt
|faint|p1a: Incineroar
|move|p2b: Gholdengo|Nasty Plot|p2b: Gholdengo
|-boost|p2b: Gholdengo|spa|2
|
|-heal|p2b: Gholdengo|18/100|[from] Grassy Terrain
|upkeep
|
|t:|1756430625
|switch|p1a: Toxtricity|Toxtricity, L50, F|52/100
|turn|7
|
|t:|1756430638
|move|p2b: Gholdengo|Shadow Ball|p1b: Kommo-o
|-damage|p1b: Kommo-o|8/100
|-unboost|p1b: Kommo-o|spd|1
|-enditem|p1b: Kommo-o|Sitrus Berry|[eat]
|-heal|p1b: Kommo-o|33/100|[from] item: Sitrus Berry
|-damage|p2b: Gholdengo|8/100|[from] item: Life Orb
|move|p1a: Toxtricity|Overdrive|p2b: Gholdengo|[spread] p2a,p2b
|-resisted|p2a: Rillaboom
|-damage|p2a: Rillaboom|80/100
|-damage|p2b: Gholdengo|0 fnt
|faint|p2b: Gholdengo
|move|p2a: Rillaboom|Wood Hammer|p1a: Toxtricity
|-resisted|p1a: Toxtricity
|-damage|p1a: Toxtricity|0 fnt
|faint|p1a: Toxtricity
|-damage|p2a: Rillaboom|67/100|[from] Recoil
|move|p1b: Kommo-o|Flash Cannon|p2a: Rillaboom
|-damage|p2a: Rillaboom|50/100
|-unboost|p2a: Rillaboom|spd|1
|
|-heal|p2a: Rillaboom|55/100|[from] Grassy Terrain
|-heal|p1b: Kommo-o|39/100|[from] Grassy Terrain
|-fieldend|move: Grassy Terrain
|upkeep
|turn|8
|inactive|Mircat222 has 30 seconds left.
|inactive|Mircat222 has 20 seconds left.
|
|t:|1756430677
|move|p2a: Rillaboom|Wood Hammer|p1b: Kommo-o
|-resisted|p1b: Kommo-o
|-damage|p1b: Kommo-o|32/100
|-damage|p2a: Rillaboom|53/100|[from] Recoil
|move|p1b: Kommo-o|Body Press|p2a: Rillaboom
|-damage|p2a: Rillaboom|0 fnt
|faint|p2a: Rillaboom
|
|win|Mircat222
|raw|Mircat222's rating: 1126 → 1149(+23 for winning)
|raw|mil0battles's rating: 1101 → 1078(-23 for losing)
