|j|☆superboy245
|j|☆Dododkdd
|html|superboy245Dododkdd    
|uhtml|bestof|Game 1 of a best-of-3
|t:|1782255070
|gametype|doubles
|player|p1|superboy245|buck|1000
|player|p2|Dododkdd|hiker-gen4|1000
|gen|9
|tier|[Gen 9 Champions] VGC 2026 Reg M-B (Bo3)
|rated|
|rule|Species Clause: Limit one of each Pokémon
|rule|Item Clause: Limit 1 of each item
|clearpoke
|poke|p1|Raichu, L50, M|
|poke|p1|Whimsicott, L50, F|
|poke|p1|Ninetales-Alola, L50, F|
|poke|p1|Scrafty, L50, M|
|poke|p1|Gholdengo, L50|
|poke|p1|Gliscor, L50, M|
|poke|p2|Eelektross, L50, M|
|poke|p2|Talonflame, L50, F|
|poke|p2|Garchomp, L50, F|
|poke|p2|Tyranitar, L50, M|
|poke|p2|Araquanid, L50, F|
|poke|p2|Metagross, L50|
|teampreview|4
|showteam|p1|Raichu||RaichuniteX|Static|FakeOut,AlluringVoice,RisingVoltage,Protect|Timid||M|||50|]Whimsicott||CobaBerry|Prankster|Moonblast,Tailwind,Encore,Protect|Bold||F|||50|]Ninetales-Alola||FocusSash|SnowWarning|Blizzard,AuroraVeil,Moonblast,Protect|Timid||F|||50|]Scrafty||Scraftinite|Intimidate|FakeOut,KnockOff,CloseCombat,Protect|Adamant||M|||50|]Gholdengo||LifeOrb|GoodasGold|MakeItRain,ShadowBall,NastyPlot,Protect|Timid|||||50|]Gliscor||Leftovers|HyperCutter|Tailwind,BreakingSwipe,HighHorsepower,Protect|Jolly||M|||50|
|showteam|p2|Eelektross||Eelektrossite|Levitate|Discharge,VoltSwitch,DragonPulse,Flamethrower|Timid||M|||50|]Talonflame||FocusSash|GaleWings|Tailwind,BraveBird,Taunt,FlareBlitz|Jolly||F|||50|]Garchomp||ChoiceScarf|SandVeil|Earthquake,DragonClaw,RockSlide,PoisonJab|Jolly||F|||50|]Tyranitar||LifeOrb|SandStream|Earthquake,RockSlide,KnockOff,Protect|Adamant||M|||50|]Araquanid||SitrusBerry|WaterBubble|WideGuard,Liquidation,LeechLife,Protect|Careful||F|||50|]Metagross||Metagrossite|ClearBody|BulletPunch,PsychicFangs,IronHead,Protect|Jolly|||||50|
|inactive|Battle timer is ON: inactive players will automatically lose when time's up. (requested by Dododkdd)
|inactive|superboy245 has 60 seconds left.
|inactive|superboy245 has 30 seconds left.
|inactive|superboy245 has 20 seconds left.
|inactive|superboy245 has 15 seconds left.
|
|t:|1782255151
|teamsize|p1|4
|teamsize|p2|4
|start
|switch|p1a: Scrafty|Scrafty, L50, M|100/100
|switch|p1b: Gliscor|Gliscor, L50, M|100/100
|switch|p2a: Eelektross|Eelektross, L50, M|100/100
|switch|p2b: Talonflame|Talonflame, L50, F|100/100
|-ability|p1a: Scrafty|Intimidate|boost
|-unboost|p2a: Eelektross|atk|1
|-unboost|p2b: Talonflame|atk|1
|turn|1
|inactive|Dododkdd has 30 seconds left.
|
|t:|1782255181
|detailschange|p2a: Eelektross|Eelektross-Mega, L50, M
|-mega|p2a: Eelektross|Eelektross|Eelektrossite
|detailschange|p1a: Scrafty|Scrafty-Mega, L50, M
|-mega|p1a: Scrafty|Scrafty|Scraftinite
|-ability|p1a: Scrafty|Intimidate|boost
|-unboost|p2a: Eelektross|atk|1
|-unboost|p2b: Talonflame|atk|1
|move|p1a: Scrafty|Fake Out|p2b: Talonflame
|-damage|p2b: Talonflame|76/100
|cant|p2b: Talonflame|flinch
|move|p2a: Eelektross|Volt Switch|p1a: Scrafty
|-damage|p1a: Scrafty|72/100
|
|t:|1782255196
|switch|p2a: Araquanid|Araquanid, L50, F|100/100|[from] Volt Switch
|move|p1b: Gliscor|Tailwind|p1b: Gliscor
|-sidestart|p1: superboy245|move: Tailwind
|
|upkeep
|turn|2
|
|t:|1782255221
|switch|p2b: Garchomp|Garchomp, L50, F|100/100
|move|p1b: Gliscor|Breaking Swipe|p2a: Araquanid|[spread] p2a,p2b
|-supereffective|p2b: Garchomp|1
|-damage|p2a: Araquanid|87/100
|-damage|p2b: Garchomp|79/100
|-unboost|p2a: Araquanid|atk|1
|-unboost|p2b: Garchomp|atk|1
|move|p1a: Scrafty|Knock Off|p2b: Garchomp
|-damage|p2b: Garchomp|18/100
|-enditem|p2b: Garchomp|Choice Scarf|[from] move: Knock Off|[of] p1a: Scrafty
|move|p2a: Araquanid|Liquidation|p1b: Gliscor
|-supereffective|p1b: Gliscor|1
|-damage|p1b: Gliscor|50/100g
|-unboost|p1b: Gliscor|def|1
|
|-heal|p1b: Gliscor|56/100|[from] item: Leftovers
|upkeep
|turn|3
|
|t:|1782255245
|move|p1b: Gliscor|Breaking Swipe|p2b: Garchomp|[spread] p2a,p2b
|-supereffective|p2b: Garchomp|1
|-damage|p2a: Araquanid|76/100
|-damage|p2b: Garchomp|0 fnt
|-unboost|p2a: Araquanid|atk|1
|faint|p2b: Garchomp
|move|p1a: Scrafty|Knock Off|p2a: Araquanid
|-damage|p2a: Araquanid|12/100
|-enditem|p2a: Araquanid|Sitrus Berry|[from] move: Knock Off|[of] p1a: Scrafty
|move|p2a: Araquanid|Liquidation|p1b: Gliscor
|-supereffective|p1b: Gliscor|1
|-damage|p1b: Gliscor|9/100
|
|-heal|p1b: Gliscor|15/100|[from] item: Leftovers
|upkeep
|
|t:|1782255261
|switch|p2b: Talonflame|Talonflame, L50, F|76/100
|turn|4
|
|t:|1782255271
|move|p1b: Gliscor|Breaking Swipe|p2b: Talonflame|[spread] p2a,p2b
|-damage|p2a: Araquanid|1/100
|-damage|p2b: Talonflame|59/100
|-unboost|p2a: Araquanid|atk|1
|-unboost|p2b: Talonflame|atk|1
|move|p2b: Talonflame|Tailwind|p2b: Talonflame
|-sidestart|p2: Dododkdd|move: Tailwind
|move|p1a: Scrafty|Knock Off|p2b: Talonflame
|-damage|p2b: Talonflame|0 fnt
|-enditem|p2b: Talonflame|Focus Sash|[from] move: Knock Off|[of] p1a: Scrafty
|faint|p2b: Talonflame
|move|p2a: Araquanid|Leech Life|p1b: Gliscor
|-resisted|p1b: Gliscor|1
|-damage|p1b: Gliscor|10/100
|-heal|p2a: Araquanid|4/100|[from] drain|[of] p1b: Gliscor
|
|-heal|p1b: Gliscor|16/100|[from] item: Leftovers
|-sideend|p1: superboy245|move: Tailwind
|upkeep
|
|t:|1782255290
|switch|p2b: Eelektross|Eelektross-Mega, L50, M|100/100
|turn|5
|inactive|superboy245 has 30 seconds left.
|
|t:|1782255317
|switch|p1a: Whimsicott|Whimsicott, L50, F|100/100
|move|p1b: Gliscor|Protect|p1b: Gliscor
|-singleturn|p1b: Gliscor|Protect
|move|p2b: Eelektross|Dragon Pulse|p1b: Gliscor
|-activate|p1b: Gliscor|move: Protect
|move|p2a: Araquanid|Leech Life|p1a: Whimsicott
|-damage|p1a: Whimsicott|92/100
|-heal|p2a: Araquanid|8/100|[from] drain|[of] p1a: Whimsicott
|
|-heal|p1b: Gliscor|22/100|[from] item: Leftovers
|upkeep
|turn|6
|
|t:|1782255339
|switch|p1b: Ninetales|Ninetales-Alola, L50, F|100/100
|-weather|Snowscape|[from] ability: Snow Warning|[of] p1b: Ninetales
|move|p2a: Araquanid|Wide Guard|p2a: Araquanid
|-singleturn|p2a: Araquanid|Wide Guard
|move|p1a: Whimsicott|Encore|p2b: Eelektross
|-start|p2b: Eelektross|Encore
|move|p2b: Eelektross|Dragon Pulse|p1b: Ninetales
|-immune|p1b: Ninetales
|
|-weather|Snowscape|[upkeep]
|upkeep
|turn|7
|
|t:|1782255351
|move|p2a: Araquanid|Wide Guard|p2a: Araquanid
|-singleturn|p2a: Araquanid|Wide Guard
|move|p1a: Whimsicott|Encore|p2a: Araquanid
|-start|p2a: Araquanid|Encore
|move|p2b: Eelektross|Dragon Pulse|p1a: Whimsicott
|-immune|p1a: Whimsicott
|move|p1b: Ninetales|Moonblast|p2a: Araquanid
|-damage|p2a: Araquanid|0 fnt
|faint|p2a: Araquanid
|
|-weather|Snowscape|[upkeep]
|-sideend|p2: Dododkdd|move: Tailwind
|upkeep
|turn|8
|-message|Dododkdd forfeited.
|raw|superboy245's rating: 1000 → 1040(+40 for winning)
|raw|Dododkdd's rating: 1000 → 1000(+0 for losing)
|
|win|superboy245
