|j|â˜†new mental
|j|â˜†NabiscoFigNewtons
|html|new mentalNabiscoFigNewtons    
|uhtml|bestof|Game 1 of a best-of-3
|t:|1783194593
|gametype|doubles
|player|p1|new mental|volkner|1042
|player|p2|NabiscoFigNewtons|2|1090
|gen|9
|tier|[Gen 9 Champions] VGC 2026 Reg M-B (Bo3)
|rated|
|rule|Species Clause: Limit one of each PokÃ©mon
|rule|Item Clause: Limit 1 of each item
|clearpoke
|poke|p1|Aerodactyl, L50, M|
|poke|p1|Garchomp, L50, F|
|poke|p1|Kingambit, L50, M|
|poke|p1|Charizard, L50, M|
|poke|p1|Sylveon, L50, M|
|poke|p1|Farigiraf, L50, F|
|poke|p2|Whimsicott, L50, F|
|poke|p2|Charizard, L50, M|
|poke|p2|Garchomp, L50, M|
|poke|p2|Gholdengo, L50|
|poke|p2|Meganium, L50, M|
|poke|p2|Farigiraf, L50, M|
|teampreview|4
|showteam|p1|Aerodactyl||Aerodactylite|Unnerve|IceFang,RockSlide,Tailwind,DualWingbeat|Jolly||M|||50|]Garchomp||LifeOrb|RoughSkin|DragonClaw,StompingTantrum,Earthquake,Protect|Jolly||F|||50|]Kingambit||FocusSash|Defiant|SuckerPunch,KowtowCleave,IronHead,LowKick|Adamant||M|||50|]Charizard||CharizarditeY|SolarPower|Protect,HeatWave,SolarBeam,WeatherBall|Timid||M|||50|]Sylveon||FairyFeather|Pixilate|Protect,HyperVoice,HyperBeam,QuickAttack|Modest||M|||50|]Farigiraf||SitrusBerry|ArmorTail|TrickRoom,Thunderbolt,Psychic,Roar|Bold||F|||50|
|showteam|p2|Whimsicott||FocusSash|Prankster|Tailwind,FakeTears,Moonblast,Protect|Bold||F|||50|]Charizard||CharizarditeY|Blaze|HeatWave,Protect,WeatherBall,AirSlash|Timid||M|||50|]Garchomp||LifeOrb|RoughSkin|Earthquake,DracoMeteor,Protect,HelpingHand|Naive||M|||50|]Gholdengo||ExpertBelt|GoodasGold|MakeItRain,ShadowBall,NastyPlot,Protect|Modest|||||50|]Meganium||Meganiumite|LeafGuard|SolarBeam,WeatherBall,Protect,DazzlingGleam|Modest||M|||50|]Farigiraf||SitrusBerry|ArmorTail|Protect,HelpingHand,HyperVoice,SunnyDay|Calm||M|||50|
|inactive|Battle timer is ON: inactive players will automatically lose when time's up. (requested by new mental)
|inactive|NabiscoFigNewtons has 60 seconds left.
|
|t:|1783194706
|teamsize|p1|4
|teamsize|p2|4
|start
|switch|p1a: Farigiraf|Farigiraf, L50, F|100/100
|switch|p1b: Charizard|Charizard, L50, M|100/100
|switch|p2a: Charizard|Charizard, L50, M|100/100
|switch|p2b: Farigiraf|Farigiraf, L50, M|100/100
|turn|1
|inactive|new mental has 30 seconds left.
|inactive|NabiscoFigNewtons has 30 seconds left.
|inactive|NabiscoFigNewtons has 20 seconds left.
|inactive|NabiscoFigNewtons has 15 seconds left.
|
|t:|1783194750
|detailschange|p2a: Charizard|Charizard-Mega-Y, L50, M
|-mega|p2a: Charizard|Charizard|Charizardite Y
|-weather|SunnyDay|[from] ability: Drought|[of] p2a: Charizard
|detailschange|p1b: Charizard|Charizard-Mega-Y, L50, M
|-mega|p1b: Charizard|Charizard|Charizardite Y
|move|p2a: Charizard|Heat Wave|p1b: Charizard|[spread] p1b
|-miss|p2a: Charizard|p1a: Farigiraf
|-resisted|p1b: Charizard|1
|-damage|p1b: Charizard|72/100
|move|p1b: Charizard|Heat Wave|p2a: Charizard|[spread] p2a,p2b
|-resisted|p2a: Charizard|1
|-damage|p2a: Charizard|70/100
|-damage|p2b: Farigiraf|49/100
|-enditem|p2b: Farigiraf|Sitrus Berry|[eat]
|-heal|p2b: Farigiraf|74/100|[from] item: Sitrus Berry
|move|p2b: Farigiraf|Hyper Voice|p1b: Charizard|[spread] p1a,p1b
|-damage|p1a: Farigiraf|68/100
|-damage|p1b: Charizard|46/100
|move|p1a: Farigiraf|Trick Room|p1a: Farigiraf
|-fieldstart|move: Trick Room|[of] p1a: Farigiraf
|
|-weather|SunnyDay|[upkeep]
|upkeep
|turn|2
|inactive|NabiscoFigNewtons has 30 seconds left.
|c|â˜†NabiscoFigNewtons|Damn thatâ€™s a brutal miss
|inactive|NabiscoFigNewtons has 20 seconds left.
|inactive|NabiscoFigNewtons has 15 seconds left.
|inactive|NabiscoFigNewtons has 10 seconds left.
|inactive|NabiscoFigNewtons has 5 seconds left.
|
|t:|1783194806
|move|p2b: Farigiraf|Protect|p2b: Farigiraf
|-singleturn|p2b: Farigiraf|Protect
|move|p1a: Farigiraf|Thunderbolt|p2a: Charizard
|-supereffective|p2a: Charizard|1
|-damage|p2a: Charizard|18/100
|move|p1b: Charizard|Weather Ball|p2b: Farigiraf
|-activate|p2b: Farigiraf|move: Protect
|move|p2a: Charizard|Heat Wave|p1b: Charizard|[spread] p1a,p1b
|-resisted|p1b: Charizard|1
|-damage|p1a: Farigiraf|5/100
|-damage|p1b: Charizard|18/100
|-status|p1a: Farigiraf|brn
|-enditem|p1a: Farigiraf|Sitrus Berry|[eat]
|-heal|p1a: Farigiraf|30/100 brn|[from] item: Sitrus Berry
|
|-weather|SunnyDay|[upkeep]
|-damage|p1a: Farigiraf|24/100 brn|[from] brn
|upkeep
|turn|3
|
|t:|1783194829
|move|p2a: Charizard|Protect|p2a: Charizard
|-singleturn|p2a: Charizard|Protect
|move|p1a: Farigiraf|Thunderbolt|p2a: Charizard
|-activate|p2a: Charizard|move: Protect
|move|p2b: Farigiraf|Hyper Voice|p1a: Farigiraf|[spread] p1a,p1b
|-damage|p1a: Farigiraf|0 fnt
|-damage|p1b: Charizard|0 fnt
|faint|p1a: Farigiraf
|faint|p1b: Charizard
|
|-weather|SunnyDay|[upkeep]
|upkeep
|
|t:|1783194838
|switch|p1a: Kingambit|Kingambit, L50, M|100/100
|switch|p1b: Sylveon|Sylveon, L50, M|100/100
|turn|4
|
|t:|1783194860
|switch|p2a: Isaac|Whimsicott, L50, F|100/100
|move|p2b: Farigiraf|Protect|p2b: Farigiraf
|-singleturn|p2b: Farigiraf|Protect
|move|p1b: Sylveon|Hyper Voice|p2a: Isaac|[spread] p2a
|-activate|p2b: Farigiraf|move: Protect
|-damage|p2a: Isaac|36/100
|move|p1a: Kingambit|Kowtow Cleave|p2b: Farigiraf
|-activate|p2b: Farigiraf|move: Protect
|
|-weather|SunnyDay|[upkeep]
|upkeep
|turn|5
|inactive|NabiscoFigNewtons has 30 seconds left.
|inactive|NabiscoFigNewtons has 20 seconds left.
|
|t:|1783194900
|move|p2a: Isaac|Fake Tears|p1b: Sylveon
|-unboost|p1b: Sylveon|spd|2
|move|p2b: Farigiraf|Hyper Voice|p1a: Kingambit|[spread] p1a,p1b
|-resisted|p1a: Kingambit|1
|-damage|p1a: Kingambit|83/100
|-damage|p1b: Sylveon|51/100
|move|p1b: Sylveon|Hyper Voice|p2a: Isaac|[spread] p2a,p2b
|-damage|p2a: Isaac|0 fnt
|-damage|p2b: Farigiraf|34/100
|faint|p2a: Isaac
|move|p1a: Kingambit|Kowtow Cleave|p2b: Farigiraf
|-supereffective|p2b: Farigiraf|1
|-damage|p2b: Farigiraf|0 fnt
|faint|p2b: Farigiraf
|
|-weather|none
|-fieldend|move: Trick Room
|upkeep
|
|t:|1783194913
|switch|p2a: Charizard|Charizard-Mega-Y, L50, M|18/100
|switch|p2b: Gholdengo|Gholdengo, L50|100/100
|-weather|SunnyDay|[from] ability: Drought|[of] p2a: Charizard
|turn|6
|inactive|new mental has 30 seconds left.
|inactive|NabiscoFigNewtons has 30 seconds left.
|inactive|new mental has 20 seconds left.
|inactive|new mental has 15 seconds left.
|
|t:|1783194955
|move|p2a: Charizard|Protect|p2a: Charizard
|-singleturn|p2a: Charizard|Protect
|move|p1a: Kingambit|Sucker Punch||[still]
|-fail|p1a: Kingambit
|move|p2b: Gholdengo|Make It Rain|p1b: Sylveon|[spread] p1b
|-miss|p2b: Gholdengo|p1a: Kingambit
|-supereffective|p1b: Sylveon|1
|-damage|p1b: Sylveon|0 fnt
|-unboost|p2b: Gholdengo|spa|2
|faint|p1b: Sylveon
|
|-weather|SunnyDay|[upkeep]
|upkeep
|turn|7
|inactive|NabiscoFigNewtons has 30 seconds left.
|
|t:|1783194984
|move|p2a: Charizard|Protect||[still]
|-fail|p2a: Charizard
|move|p1a: Kingambit|Sucker Punch||[still]
|-fail|p1a: Kingambit
|move|p2b: Gholdengo|Shadow Ball|p1a: Kingambit
|-resisted|p1a: Kingambit|1
|-damage|p1a: Kingambit|70/100
|
|-weather|SunnyDay|[upkeep]
|upkeep
|turn|8
|
|t:|1783195005
|move|p2a: Charizard|Protect|p2a: Charizard
|-singleturn|p2a: Charizard|Protect
|move|p1a: Kingambit|Sucker Punch||[still]
|-fail|p1a: Kingambit
|move|p2b: Gholdengo|Shadow Ball|p1a: Kingambit
|-resisted|p1a: Kingambit|1
|-damage|p1a: Kingambit|57/100
|
|-weather|SunnyDay|[upkeep]
|upkeep
|turn|9
|
|t:|1783195023
|move|p1a: Kingambit|Sucker Punch|p2a: Charizard
|-damage|p2a: Charizard|0 fnt
|faint|p2a: Charizard
|move|p2b: Gholdengo|Shadow Ball|p1a: Kingambit
|-resisted|p1a: Kingambit|1
|-damage|p1a: Kingambit|45/100
|
|-weather|SunnyDay|[upkeep]
|upkeep
|turn|10
|
|t:|1783195026
|move|p2b: Gholdengo|Shadow Ball|p1a: Kingambit
|-resisted|p1a: Kingambit|1
|-damage|p1a: Kingambit|32/100
|move|p1a: Kingambit|Kowtow Cleave|p2b: Gholdengo
|-supereffective|p2b: Gholdengo|1
|-damage|p2b: Gholdengo|0 fnt
|faint|p2b: Gholdengo
|
|win|new mental
||new mental is ready for game 2.
||NabiscoFigNewtons is ready for game 2.
|uhtml|next|Next: Game 2 of 3
