|j|☆Maxblueface
|j|☆Gentlefish
|html|MaxbluefaceGentlefish    
|uhtml|bestof|Game 1 of a best-of-3
|t:|1756234147
|gametype|doubles
|player|p1|Maxblueface|169|1072
|player|p2|Gentlefish|dragontamer-gen9|1169
|gen|9
|tier|[Gen 9] VGC 2025 Reg H (Bo3)
|rated|
|rule|Species Clause: Limit one of each Pokémon
|rule|Item Clause: Limit 1 of each item
|clearpoke
|poke|p1|Annihilape, L50, M|
|poke|p1|Whimsicott, L50, M|
|poke|p1|Garchomp, L50, F|
|poke|p1|Clefable, L50, M|
|poke|p1|Hydreigon, L50, F|
|poke|p1|Gholdengo, L50|
|poke|p2|Garchomp, L50, M|
|poke|p2|Weezing-Galar, L50, M|
|poke|p2|Archaludon, L50, F|
|poke|p2|Gholdengo, L50|
|poke|p2|Talonflame, L50, F|
|poke|p2|Annihilape, L50, M|
|teampreview|4
|showteam|p1|Annihilape||SafetyGoggles|Defiant|Protect,BulkUp,DrainPunch,RageFist|||M|||50|,,,,,Water]Whimsicott||FocusSash|Prankster|SunnyDay,Encore,Tailwind,Moonblast|||M|||50|,,,,,Ghost]Garchomp||LifeOrb|RoughSkin|Protect,StompingTantrum,DragonClaw,Earthquake|||F|||50|,,,,,Steel]Clefable||SitrusBerry|Unaware|Protect,FollowMe,MistyTerrain,Moonblast|||M|||50|,,,,,Water]Hydreigon||ChoiceSpecs|Levitate|HeatWave,Snarl,DarkPulse,DracoMeteor|||F|||50|,,,,,Fire]Gholdengo||MetalCoat|GoodasGold|Protect,NastyPlot,ShadowBall,MakeItRain||||||50|,,,,,Steel
|showteam|p2|Garchomp||LifeOrb|RoughSkin|DragonClaw,Earthquake,StompingTantrum,Protect|||M|||50|,,,,,Ground]Weezing-Galar||FocusSash|NeutralizingGas|Protect,SludgeBomb,Taunt,StrangeSteam|||M|||50|,,,,,Flying]Archaludon||PowerHerb|Sturdy|ElectroShot,Thunderbolt,DracoMeteor,Protect|||F|||50|,,,,,Electric]Gholdengo||ChoiceSpecs|GoodasGold|ShadowBall,DazzlingGleam,PowerGem,MakeItRain||||||50|,,,,,Fairy]Talonflame||CovertCloak|GaleWings|Tailwind,DualWingbeat,WillOWisp,FlareBlitz|||F|||50|,,,,,Stellar]Annihilape||AssaultVest|Defiant|CloseCombat,RageFist,FinalGambit,IcePunch|||M|||50|,,,,,Grass
|inactive|Battle timer is ON: inactive players will automatically lose when time's up. (requested by Gentlefish)
|inactive|Gentlefish has 60 seconds left.
|inactive|Gentlefish has 30 seconds left.
|
|t:|1756234217
|teamsize|p1|4
|teamsize|p2|4
|start
|switch|p1a: Whimsicott|Whimsicott, L50, M|100/100
|switch|p1b: Hydreigon|Hydreigon, L50, F|100/100
|switch|p2a: Talonflame|Talonflame, L50, F|100/100
|switch|p2b: Garchomp|Garchomp, L50, M|100/100
|turn|1
|
|t:|1756234241
|switch|p2b: Annihilape|Annihilape, L50, M|100/100
|move|p2a: Talonflame|Tailwind|p2a: Talonflame
|-sidestart|p2: Gentlefish|move: Tailwind
|move|p1a: Whimsicott|Tailwind|p1a: Whimsicott
|-sidestart|p1: Maxblueface|move: Tailwind
|move|p1b: Hydreigon|Draco Meteor|p2b: Annihilape
|-crit|p2b: Annihilape
|-damage|p2b: Annihilape|0 fnt
|-unboost|p1b: Hydreigon|spa|2
|faint|p2b: Annihilape
|
|upkeep
|
|t:|1756234250
|switch|p2b: Archaludon|Archaludon, L50, F|100/100
|turn|2
|inactive|Maxblueface has 30 seconds left.
|
|t:|1756234281
|move|p2a: Talonflame|Dual Wingbeat|p1a: Whimsicott
|-supereffective|p1a: Whimsicott
|-damage|p1a: Whimsicott|56/100
|-supereffective|p1a: Whimsicott
|-crit|p1a: Whimsicott
|-damage|p1a: Whimsicott|0 fnt
|faint|p1a: Whimsicott
|-hitcount|p1: Whimsicott|2
|move|p2b: Archaludon|Electro Shot||[still]
|-prepare|p2b: Archaludon|Electro Shot
|-boost|p2b: Archaludon|spa|1
|-enditem|p2b: Archaludon|Power Herb
|-anim|p2b: Archaludon|Electro Shot|p1b: Hydreigon
|-resisted|p1b: Hydreigon
|-damage|p1b: Hydreigon|61/100
|move|p1b: Hydreigon|Draco Meteor|p2b: Archaludon
|-crit|p2b: Archaludon
|-ability|p2b: Archaludon|Sturdy
|-damage|p2b: Archaludon|1/100
|-unboost|p1b: Hydreigon|spa|2
|
|upkeep
|inactive|Maxblueface has 30 seconds left.
|
|t:|1756234314
|switch|p1a: Annihilape|Annihilape, L50, M|100/100
|turn|3
|inactive|Gentlefish has 30 seconds left.
|
|t:|1756234344
|move|p2a: Talonflame|Will-O-Wisp|p1a: Annihilape
|-status|p1a: Annihilape|brn
|move|p1a: Annihilape|Bulk Up|p1a: Annihilape
|-boost|p1a: Annihilape|atk|1
|-boost|p1a: Annihilape|def|1
|move|p1b: Hydreigon|Draco Meteor|p2a: Talonflame
|-damage|p2a: Talonflame|43/100
|-unboost|p1b: Hydreigon|spa|2
|move|p2b: Archaludon|Draco Meteor|p1b: Hydreigon
|-supereffective|p1b: Hydreigon
|-damage|p1b: Hydreigon|0 fnt
|-unboost|p2b: Archaludon|spa|2
|faint|p1b: Hydreigon
|
|-damage|p1a: Annihilape|95/100 brn|[from] brn
|upkeep
|inactive|Maxblueface has 30 seconds left.
|
|t:|1756234370
|switch|p1b: Garchomp|Garchomp, L50, F|100/100
|turn|4
|
|t:|1756234392
|move|p1a: Annihilape|Protect|p1a: Annihilape
|-singleturn|p1a: Annihilape|Protect
|move|p2a: Talonflame|Dual Wingbeat|p1a: Annihilape
|-activate|p1a: Annihilape|move: Protect
|move|p1b: Garchomp|Earthquake|p2a: Talonflame|[spread] p2b
|-activate|p1a: Annihilape|move: Protect
|-immune|p2a: Talonflame
|-supereffective|p2b: Archaludon
|-damage|p2b: Archaludon|0 fnt
|faint|p2b: Archaludon
|-damage|p1b: Garchomp|91/100|[from] item: Life Orb
|
|-damage|p1a: Annihilape|89/100 brn|[from] brn
|-sideend|p2: Gentlefish|move: Tailwind
|-sideend|p1: Maxblueface|move: Tailwind
|upkeep
|
|t:|1756234395
|switch|p2b: Garchomp|Garchomp, L50, M|100/100
|turn|5
|inactive|Maxblueface has 30 seconds left.
|inactive|Maxblueface has 20 seconds left.
|inactive|Maxblueface has 15 seconds left.
|
|t:|1756234438
|-terastallize|p2b: Garchomp|Ground
|-terastallize|p1b: Garchomp|Steel
|move|p2a: Talonflame|Dual Wingbeat|p1a: Annihilape
|-supereffective|p1a: Annihilape
|-damage|p1a: Annihilape|68/100 brn
|-supereffective|p1a: Annihilape
|-damage|p1a: Annihilape|48/100 brn
|-hitcount|p1a: Annihilape|2
|move|p1b: Garchomp|Dragon Claw|p2b: Garchomp
|-damage|p2b: Garchomp|45/100
|-damage|p1b: Garchomp|79/100|[from] ability: Rough Skin|[of] p2b: Garchomp
|-damage|p1b: Garchomp|69/100|[from] item: Life Orb
|move|p2b: Garchomp|Earthquake|p1b: Garchomp|[spread] p1a,p1b
|-immune|p2a: Talonflame
|-supereffective|p1b: Garchomp
|-damage|p1a: Annihilape|6/100 brn
|-damage|p1b: Garchomp|0 fnt
|faint|p1b: Garchomp
|-damage|p2b: Garchomp|35/100|[from] item: Life Orb
|move|p1a: Annihilape|Bulk Up|p1a: Annihilape
|-boost|p1a: Annihilape|atk|1
|-boost|p1a: Annihilape|def|1
|
|-damage|p1a: Annihilape|0 fnt|[from] brn
|faint|p1a: Annihilape
|
|win|Gentlefish
|inactive|Maxblueface has 30 seconds to confirm battle start!
|inactive|Gentlefish has 30 seconds to confirm battle start!
||Gentlefish is ready for game 2.
|inactive|Maxblueface has 20 seconds to confirm battle start!
|inactive|Maxblueface has 10 seconds to confirm battle start!
||Maxblueface is ready for game 2.
|uhtml|next|Next: Game 2 of 3
|l|☆Maxblueface
|player|p1|
