|j|☆palle synchro
|j|☆kigokigo
|html|palle synchrokigokigo    
|uhtml|bestof|Game 2 of a best-of-3
|t:|1783348859
|gametype|doubles
|player|p1|palle synchro|volkner|1000
|player|p2|kigokigo|101|1000
|gen|9
|tier|[Gen 9 Champions] VGC 2026 Reg M-B (Bo3)
|rated|
|rule|Species Clause: Limit one of each Pokémon
|rule|Item Clause: Limit 1 of each item
|clearpoke
|poke|p1|Blastoise, L50, F|
|poke|p1|Sneasler, L50, F|
|poke|p1|Incineroar, L50, F|
|poke|p1|Delphox, L50, F|
|poke|p1|Sinistcha, L50|
|poke|p1|Kingambit, L50, F|
|poke|p2|Whimsicott, L50, M|
|poke|p2|Sinistcha-Masterpiece, L50|
|poke|p2|Grimmsnarl, L50, M|
|poke|p2|Incineroar, L50, M|
|poke|p2|Clefable, L50, M|
|poke|p2|Staraptor, L50, M|
|teampreview|4
|showteam|p1|Blastoise||Blastoisinite|Torrent|WaterSpout,DarkPulse,ShellSmash,Protect|Modest||F|||50|]Sneasler||FocusSash|PoisonTouch|FakeOut,CloseCombat,DireClaw,QuickGuard|Jolly||F|||50|]Incineroar||SitrusBerry|Intimidate|FakeOut,PartingShot,HelpingHand,FlareBlitz|Impish||F|||50|]Delphox||Delphoxite|Blaze|HeatWave,Psyshock,NastyPlot,Protect|Timid||F|||50|]Sinistcha||OccaBerry|Hospitality|MatchaGotcha,RagePowder,LifeDew,Protect|Calm|||||50|]Kingambit||BlackGlasses|Defiant|KowtowCleave,SuckerPunch,SwordsDance,Protect|Adamant||F|||50|
|showteam|p2|Whimsicott||FocusSash|Prankster|Charm,Encore,Tailwind,Protect|Bold||M|||50|]Sinistcha-Masterpiece||SitrusBerry|Hospitality|StrengthSap,MatchaGotcha,RagePowder,Protect|Bold|||||50|]Grimmsnarl||LightClay|Prankster|LightScreen,Reflect,PartingShot,FakeOut|Calm||M|||50|]Incineroar||ChopleBerry|Intimidate|FakeOut,PartingShot,FlareBlitz,DarkestLariat|Impish||M|||50|]Clefable||BabiriBerry|Unaware|FollowMe,Charm,HealPulse,Encore|Sassy||M|||50|]Staraptor||Staraptite|Intimidate|CloseCombat,BraveBird,Roost,Protect|Careful||M|||50|
|inactive|Battle timer is ON: inactive players will automatically lose when time's up. (requested by palle synchro)
|
|t:|1783348879
|teamsize|p1|4
|teamsize|p2|4
|start
|switch|p1a: Delphox|Delphox, L50, F|100/100
|switch|p1b: Incineroar|Incineroar, L50, F|100/100
|switch|p2a: Grimmsnarl|Grimmsnarl, L50, M|100/100
|switch|p2b: Staraptor|Staraptor, L50, M|100/100
|-ability|p2b: Staraptor|Intimidate|boost
|-unboost|p1a: Delphox|atk|1
|-unboost|p1b: Incineroar|atk|1
|-ability|p1b: Incineroar|Intimidate|boost
|-unboost|p2a: Grimmsnarl|atk|1
|-unboost|p2b: Staraptor|atk|1
|turn|1
|inactive|palle synchro has 30 seconds left.
|inactive|palle synchro has 20 seconds left.
|
|t:|1783348915
|switch|p1b: Sneasler|Sneasler, L50, F|100/100
|detailschange|p1a: Delphox|Delphox-Mega, L50, F
|-mega|p1a: Delphox|Delphox|Delphoxite
|detailschange|p2b: Staraptor|Staraptor-Mega, L50, M
|-mega|p2b: Staraptor|Staraptor|Staraptite
|move|p2a: Grimmsnarl|Fake Out|p1a: Delphox
|-damage|p1a: Delphox|92/100
|cant|p1a: Delphox|flinch
|move|p2b: Staraptor|Close Combat|p1b: Sneasler
|-resisted|p1b: Sneasler|1
|-damage|p1b: Sneasler|66/100
|-boost|p2b: Staraptor|def|1
|-boost|p2b: Staraptor|spd|1
|
|upkeep
|turn|2
|inactive|kigokigo has 30 seconds left.
|
|t:|1783348942
|move|p1b: Sneasler|Fake Out|p2a: Grimmsnarl
|-damage|p2a: Grimmsnarl|82/100
|cant|p2a: Grimmsnarl|flinch
|move|p1a: Delphox|Nasty Plot|p1a: Delphox
|-boost|p1a: Delphox|spa|2
|move|p2b: Staraptor|Brave Bird|p1b: Sneasler
|-supereffective|p1b: Sneasler|1
|-damage|p1b: Sneasler|0 fnt
|faint|p1b: Sneasler
|-damage|p2b: Staraptor|82/100|[from] Recoil
|
|upkeep
|
|t:|1783348949
|switch|p1b: Incineroar|Incineroar, L50, F|100/100
|-ability|p1b: Incineroar|Intimidate|boost
|-unboost|p2a: Grimmsnarl|atk|1
|-boost|p2b: Staraptor|atk|1
|turn|3
|
|t:|1783348961
|move|p2b: Staraptor|Protect|p2b: Staraptor
|-singleturn|p2b: Staraptor|Protect
|move|p1b: Incineroar|Fake Out|p2a: Grimmsnarl
|-damage|p2a: Grimmsnarl|70/100
|cant|p2a: Grimmsnarl|flinch
|move|p1a: Delphox|Heat Wave|p2a: Grimmsnarl|[spread] p2a
|-activate|p2b: Staraptor|move: Protect
|-damage|p2a: Grimmsnarl|10/100
|
|upkeep
|turn|4
|
|t:|1783348977
|move|p2a: Grimmsnarl|Light Screen|p2a: Grimmsnarl
|-sidestart|p2: kigokigo|move: Light Screen
|move|p1a: Delphox|Psyshock|p2b: Staraptor
|-supereffective|p2b: Staraptor|1
|-damage|p2b: Staraptor|10/100
|move|p2b: Staraptor|Close Combat|p1b: Incineroar
|-supereffective|p1b: Incineroar|1
|-damage|p1b: Incineroar|19/100
|-boost|p2b: Staraptor|def|1
|-boost|p2b: Staraptor|spd|1
|-enditem|p1b: Incineroar|Sitrus Berry|[eat]
|-heal|p1b: Incineroar|44/100|[from] item: Sitrus Berry
|move|p1b: Incineroar|Flare Blitz|p2a: Grimmsnarl
|-damage|p2a: Grimmsnarl|0 fnt
|faint|p2a: Grimmsnarl
|-damage|p1b: Incineroar|41/100|[from] Recoil
|
|upkeep
|inactive|kigokigo has 30 seconds left.
|
|t:|1783349008
|switch|p2a: Whimsicott|Whimsicott, L50, M|100/100
|turn|5
|
|t:|1783349023
|move|p2b: Staraptor|Protect|p2b: Staraptor
|-singleturn|p2b: Staraptor|Protect
|move|p2a: Whimsicott|Tailwind|p2a: Whimsicott
|-sidestart|p2: kigokigo|move: Tailwind
|move|p1a: Delphox|Heat Wave|p2a: Whimsicott|[spread] p2a
|-activate|p2b: Staraptor|move: Protect
|-supereffective|p2a: Whimsicott|1
|-enditem|p2a: Whimsicott|Focus Sash
|-damage|p2a: Whimsicott|1/100
|move|p1b: Incineroar|Flare Blitz|p2b: Staraptor
|-activate|p2b: Staraptor|move: Protect
|
|upkeep
|turn|6
|inactive|kigokigo has 30 seconds left.
|
|t:|1783349052
|switch|p1b: Sinistcha|Sinistcha, L50|100/100
|-heal|p1a: Delphox|100/100|[from] ability: Hospitality|[of] p1b: Sinistcha
|move|p2a: Whimsicott|Charm|p2b: Staraptor
|-boost|p2b: Staraptor|atk|2
|move|p2b: Staraptor|Roost|p2b: Staraptor
|-heal|p2b: Staraptor|61/100
|-singleturn|p2b: Staraptor|move: Roost
|move|p1a: Delphox|Heat Wave|p2a: Whimsicott|[spread] p2a,p2b
|-supereffective|p2a: Whimsicott|1
|-damage|p2a: Whimsicott|0 fnt
|-damage|p2b: Staraptor|41/100
|faint|p2a: Whimsicott
|
|upkeep
|
|t:|1783349064
|switch|p2a: Clefable|Clefable, L50, M|100/100
|turn|7
|
|t:|1783349084
|switch|p1b: Incineroar|Incineroar, L50, F|41/100
|-ability|p1b: Incineroar|Intimidate|boost
|-unboost|p2a: Clefable|atk|1
|-boost|p2b: Staraptor|atk|1
|move|p1a: Delphox|Protect|p1a: Delphox
|-singleturn|p1a: Delphox|Protect
|move|p2a: Clefable|Follow Me|p2a: Clefable
|-singleturn|p2a: Clefable|move: Follow Me
|move|p2b: Staraptor|Brave Bird|p1b: Incineroar
|-damage|p1b: Incineroar|0 fnt
|faint|p1b: Incineroar
|-damage|p2b: Staraptor|27/100|[from] Recoil
|
|upkeep
|
|t:|1783349094
|switch|p1b: Sinistcha|Sinistcha, L50|100/100
|turn|8
|inactive|kigokigo has 30 seconds left.
|
|t:|1783349125
|move|p2a: Clefable|Follow Me|p2a: Clefable
|-singleturn|p2a: Clefable|move: Follow Me
|move|p1b: Sinistcha|Rage Powder|p1b: Sinistcha
|-singleturn|p1b: Sinistcha|move: Rage Powder
|move|p2b: Staraptor|Roost|p2b: Staraptor
|-heal|p2b: Staraptor|77/100
|-singleturn|p2b: Staraptor|move: Roost
|move|p1a: Delphox|Nasty Plot|p1a: Delphox
|-boost|p1a: Delphox|spa|2
|
|-sideend|p2: kigokigo|move: Tailwind
|upkeep
|turn|9
|
|t:|1783349147
|move|p1b: Sinistcha|Protect|p1b: Sinistcha
|-singleturn|p1b: Sinistcha|Protect
|move|p2a: Clefable|Follow Me|p2a: Clefable
|-singleturn|p2a: Clefable|move: Follow Me
|move|p1a: Delphox|Heat Wave|p2a: Clefable|[spread] p2a,p2b
|-damage|p2a: Clefable|77/100
|-damage|p2b: Staraptor|46/100
|move|p2b: Staraptor|Brave Bird|p1a: Delphox
|-damage|p1a: Delphox|0 fnt
|faint|p1a: Delphox
|-damage|p2b: Staraptor|15/100|[from] Recoil
|
|upkeep
|turn|10
|-message|palle synchro forfeited.
|
|win|kigokigo
|raw|palle synchro's rating: 1000 → 1000(+0 for losing)
|raw|kigokigo's rating: 1040 → 1070(+30 for winning)
