|badge|p2|bronze|gen9doublesou|100-6
|uhtml|medal-msg|Curious what those medals under the avatar are? PS now has Ladder Seasons! For more information, check out the thread on Smogon.
|j|☆Skwovetboi
|j|☆sheepie_sheep
|html|Skwovetboisheepie_sheep    
|uhtml|bestof|Game 2 of a best-of-3
|t:|1757727096
|gametype|doubles
|player|p1|Skwovetboi|turo-ai|
|player|p2|sheepie_sheep|allister-unmasked|
|gen|9
|tier|[Gen 9] VGC 2025 Reg H (Bo3)
|rule|Species Clause: Limit one of each Pokémon
|rule|Item Clause: Limit 1 of each item
|clearpoke
|poke|p1|Altaria, L50, M|
|poke|p1|Chandelure, L50, M|
|poke|p1|Tauros-Paldea-Aqua, L50, M|
|poke|p1|Glimmora, L50, F|
|poke|p1|Arboliva, L50, M|
|poke|p1|Grimmsnarl, L50, M|
|poke|p2|Scizor, L50, F|
|poke|p2|Politoed, L50, M|
|poke|p2|Salamence, L50, F|
|poke|p2|Glimmora, L50, F|
|poke|p2|Kingdra, L50, M|
|poke|p2|Brambleghast, L50, M|
|teampreview|4
|showteam|p1|Altaria||ChoiceBand|CloudNine|BraveBird,DualWingbeat,PlayRough,BreakingSwipe|||M|||50|,,,,,Fairy]Chandelure||ChoiceScarf|Infiltrator|ShadowBall,HeatWave,Flamethrower,Trick|||M|||50|,,,,,Fire]Tauros-Paldea-Aqua||LifeOrb|Intimidate|WaveCrash,CloseCombat,AquaJet,Protect|||M|||50|,,,,,Water]Glimmora||AssaultVest|ToxicDebris|PowerGem,SludgeBomb,EarthPower,MortalSpin|||F|||50|,,,,,Water]Arboliva||Leftovers|SeedSower|LeechSeed,Protect,GigaDrain,StrengthSap|||M|||50|,,,,,Water]Grimmsnarl||LightClay|Prankster|FakeTears,Reflect,LightScreen,FoulPlay|||M|||50|,,,,,Ghost
|showteam|p2|Scizor||MetalCoat|Technician|SwordsDance,BulletPunch,Protect,BugBite|||F|||50|,,,,,Steel]Politoed||EjectButton|Drizzle|WeatherBall,Protect,HelpingHand,IcyWind|||M|||50|,,,,,Grass]Salamence||LumBerry|Intimidate|Tailwind,Hurricane,Protect,DracoMeteor|||F|||50|,,,,,Steel]Glimmora||PowerHerb|ToxicDebris|MeteorBeam,SludgeBomb,SpikyShield,EarthPower|||F|||50|,,,,,Grass]Kingdra||LifeOrb|SwiftSwim|MuddyWater,WeatherBall,DracoMeteor,Protect|||M|||50|,,,,,Water]Brambleghast||FocusSash|WindRider|PowerWhip,Poltergeist,Protect,ShadowSneak|||M|||50|,,,,,Stellar
|inactive|Battle timer is ON: inactive players will automatically lose when time's up. (requested by sheepie_sheep)
|
|t:|1757727104
|teamsize|p1|4
|teamsize|p2|4
|start
|switch|p1a: Kracko|Altaria, L50, M|100/100
|switch|p1b: Queen Sectonia|Glimmora, L50, F, shiny|100/100
|switch|p2a: Scizor|Scizor, L50, F|100/100
|switch|p2b: Glimmora|Glimmora, L50, F|100/100
|-ability|p1a: Kracko|Cloud Nine
|turn|1
|inactive|sheepie_sheep has 30 seconds left.
|
|t:|1757727131
|-terastallize|p2b: Glimmora|Grass
|move|p2b: Glimmora|Meteor Beam||[still]
|-prepare|p2b: Glimmora|Meteor Beam
|-boost|p2b: Glimmora|spa|1
|-enditem|p2b: Glimmora|Power Herb
|-anim|p2b: Glimmora|Meteor Beam|p1a: Kracko
|-supereffective|p1a: Kracko
|-damage|p1a: Kracko|0 fnt
|faint|p1a: Kracko
|move|p1b: Queen Sectonia|Earth Power|p2b: Glimmora
|-resisted|p2b: Glimmora
|-damage|p2b: Glimmora|80/100
|move|p2a: Scizor|Swords Dance|p2a: Scizor
|-boost|p2a: Scizor|atk|2
|
|upkeep
|inactive|Skwovetboi has 30 seconds left.
|
|t:|1757727164
|switch|p1a: Marx|Grimmsnarl, L50, M|100/100
|turn|2
|
|t:|1757727178
|switch|p1b: Whispy Woods|Arboliva, L50, M, shiny|100/100
|-terastallize|p1a: Marx|Ghost
|move|p2a: Scizor|Bullet Punch|p1b: Whispy Woods
|-damage|p1b: Whispy Woods|32/100
|-fieldstart|move: Grassy Terrain|[from] ability: Seed Sower|[of] p1b: Whispy Woods
|move|p2b: Glimmora|Sludge Bomb|p1b: Whispy Woods
|-supereffective|p1b: Whispy Woods
|-damage|p1b: Whispy Woods|0 fnt
|faint|p1b: Whispy Woods
|move|p1a: Marx|Foul Play|p2a: Scizor
|-damage|p2a: Scizor|0 fnt
|faint|p2a: Scizor
|
|-heal|p2b: Glimmora|85/100|[from] Grassy Terrain
|upkeep
|
|t:|1757727195
|switch|p2a: Brambleghast|Brambleghast, L50, M|100/100
|switch|p1b: Queen Sectonia|Glimmora, L50, F, shiny|100/100
|turn|3
|
|t:|1757727212
|move|p1a: Marx|Light Screen|p1a: Marx
|-sidestart|p1: Skwovetboi|move: Light Screen
|move|p2a: Brambleghast|Poltergeist|p1a: Marx|[miss]
|-miss|p2a: Brambleghast|p1a: Marx
|move|p2b: Glimmora|Earth Power|p1b: Queen Sectonia
|-supereffective|p1b: Queen Sectonia
|-damage|p1b: Queen Sectonia|5/100
|move|p1b: Queen Sectonia|Sludge Bomb|p2a: Brambleghast
|-damage|p2a: Brambleghast|13/100
|-status|p2a: Brambleghast|psn
|
|-heal|p2a: Brambleghast|19/100 psn|[from] Grassy Terrain
|-heal|p2b: Glimmora|91/100|[from] Grassy Terrain
|-heal|p1b: Queen Sectonia|11/100|[from] Grassy Terrain
|-damage|p2a: Brambleghast|7/100 psn|[from] psn
|upkeep
|turn|4
|
|t:|1757727230
|move|p1a: Marx|Reflect|p1a: Marx
|-sidestart|p1: Skwovetboi|Reflect
|move|p2a: Brambleghast|Poltergeist|p1a: Marx
|-activate|p1a: Marx|move: Poltergeist|Light Clay
|-supereffective|p1a: Marx
|-damage|p1a: Marx|21/100
|move|p2b: Glimmora|Earth Power|p1b: Queen Sectonia
|-supereffective|p1b: Queen Sectonia
|-damage|p1b: Queen Sectonia|0 fnt
|faint|p1b: Queen Sectonia
|
|-heal|p2a: Brambleghast|13/100 psn|[from] Grassy Terrain
|-heal|p2b: Glimmora|97/100|[from] Grassy Terrain
|-heal|p1a: Marx|27/100|[from] Grassy Terrain
|-damage|p2a: Brambleghast|0 fnt|[from] psn
|faint|p2a: Brambleghast
|upkeep
|
|t:|1757727233
|switch|p2a: Salamence|Salamence, L50, F|100/100
|-ability|p2a: Salamence|Intimidate|boost
|-unboost|p1a: Marx|atk|1
|turn|5
|
|t:|1757727245
|move|p1a: Marx|Fake Tears|p2a: Salamence
|-unboost|p2a: Salamence|spd|2
|move|p2b: Glimmora|Earth Power|p1a: Marx
|-damage|p1a: Marx|0 fnt
|faint|p1a: Marx
|
|win|sheepie_sheep
|c|☆sheepie_sheep|gg
|c|☆Skwovetboi|gg
|l|☆sheepie_sheep
|player|p2|
