|badge|p2|gold|gen9randombattle|3-10
|uhtml|medal-msg|Curious what those medals under the avatar are? PS now has Ladder Seasons! For more information, check out the thread on Smogon.
|j|☆chocokoala vgc
|j|☆MichaelderBeste2
|html|chocokoala vgcMichaelderBeste2    
|uhtml|bestof|Game 2 of a best-of-3
|t:|1784112342
|gametype|doubles
|player|p1|chocokoala vgc|benga|1285
|player|p2|MichaelderBeste2|#wcop2026germany|1440
|gen|9
|tier|[Gen 9 Champions] VGC 2026 Reg M-B (Bo3)
|rated|
|rule|Species Clause: Limit one of each Pokémon
|rule|Item Clause: Limit 1 of each item
|clearpoke
|poke|p1|Slowbro, L50, F|
|poke|p1|Appletun, L50, F|
|poke|p1|Incineroar, L50, F|
|poke|p1|Glimmora, L50, M|
|poke|p1|Ninetales-Alola, L50, M|
|poke|p1|Conkeldurr, L50, M|
|poke|p2|Froslass, L50, F|
|poke|p2|Dragonite, L50, M|
|poke|p2|Toxapex, L50, F|
|poke|p2|Sneasler, L50, F|
|poke|p2|Kingambit, L50, M|
|poke|p2|Blaziken, L50, M|
|teampreview|4
|showteam|p1|Slowbro||Slowbronite|Regenerator|Psychic,Scald,Protect,TrickRoom|Modest||F|||50|]Appletun||Leftovers|ThickFat|AppleAcid,DragonPulse,Protect,LeechSeed|Sassy||F|||50|]Incineroar||SitrusBerry|Intimidate|FakeOut,PartingShot,FlareBlitz,DarkestLariat|Careful||F|||50|]Glimmora||Glimmoranite|ToxicDebris|PowerGem,SludgeBomb,SpikyShield,EarthPower|Timid||M|||50|]Ninetales-Alola||LightClay|SnowWarning|Blizzard,Moonblast,Protect,AuroraVeil|Timid||M|||50|]Conkeldurr||LifeOrb|IronFist|MachPunch,DrainPunch,Protect,KnockOff|Brave||M|||50|
|showteam|p2|Froslass||Froslassite|CursedBody|Blizzard,ShadowBall,AuroraVeil,Protect|Timid||F|||50|]Dragonite||LifeOrb|InnerFocus|DragonClaw,ExtremeSpeed,LowKick,Protect|Adamant||M|||50|]Toxapex||Leftovers|Regenerator|Infestation,Toxic,WideGuard,BanefulBunker|Bold||F|||50|]Sneasler||FocusSash|PoisonTouch|CloseCombat,PoisonJab,FakeOut,Protect|Jolly||F|||50|]Kingambit||BlackGlasses|Defiant|KowtowCleave,IronHead,SuckerPunch,Protect|Adamant||M|||50|]Blaziken||Blazikenite|SpeedBoost|CloseCombat,FlareBlitz,RockSlide,Protect|Adamant||M|||50|
|inactive|Battle timer is ON: inactive players will automatically lose when time's up. (requested by chocokoala vgc)
|inactive|MichaelderBeste2 has 60 seconds left.
|
|t:|1784112381
|teamsize|p1|4
|teamsize|p2|4
|start
|switch|p1a: Slowbro|Slowbro, L50, F|100/100
|switch|p1b: Conkeldurr|Conkeldurr, L50, M|100/100
|switch|p2a: Sneasler|Sneasler, L50, F|100/100
|switch|p2b: Froslass|Froslass, L50, F|100/100
|turn|1
|
|t:|1784112397
|switch|p1b: Incineroar|Incineroar, L50, F|100/100
|-ability|p1b: Incineroar|Intimidate|boost
|-unboost|p2a: Sneasler|atk|1
|-unboost|p2b: Froslass|atk|1
|detailschange|p2b: Froslass|Froslass-Mega, L50, F
|-mega|p2b: Froslass|Froslass|Froslassite
|-weather|Snowscape|[from] ability: Snow Warning|[of] p2b: Froslass
|move|p1a: Slowbro|Protect|p1a: Slowbro
|-singleturn|p1a: Slowbro|Protect
|move|p2a: Sneasler|Close Combat|p1b: Incineroar
|-supereffective|p1b: Incineroar|1
|-damage|p1b: Incineroar|22/100
|-unboost|p2a: Sneasler|def|1
|-unboost|p2a: Sneasler|spd|1
|-enditem|p1b: Incineroar|Sitrus Berry|[eat]
|-heal|p1b: Incineroar|47/100|[from] item: Sitrus Berry
|move|p2b: Froslass|Aurora Veil|p2b: Froslass
|-sidestart|p2: MichaelderBeste2|move: Aurora Veil
|
|-weather|Snowscape|[upkeep]
|upkeep
|turn|2
|inactive|chocokoala vgc has 30 seconds left.
|
|t:|1784112435
|switch|p2a: Kingambit|Kingambit, L50, M|100/100
|detailschange|p1a: Slowbro|Slowbro-Mega, L50, F
|-mega|p1a: Slowbro|Slowbro|Slowbronite
|move|p1b: Incineroar|Fake Out|p2a: Kingambit
|-resisted|p2a: Kingambit|1
|-damage|p2a: Kingambit|97/100
|move|p2b: Froslass|Shadow Ball|p1a: Slowbro
|-supereffective|p1a: Slowbro|1
|-damage|p1a: Slowbro|36/100
|move|p1a: Slowbro|Trick Room|p1a: Slowbro
|-fieldstart|move: Trick Room|[of] p1a: Slowbro
|
|-weather|Snowscape|[upkeep]
|upkeep
|turn|3
|
|t:|1784112457
|switch|p1a: Conkeldurr|Conkeldurr, L50, M|100/100
|switch|p2b: Toxapex|Toxapex, L50, F|100/100
|move|p2a: Kingambit|Kowtow Cleave|p1b: Incineroar
|-resisted|p1b: Incineroar|1
|-crit|p1b: Incineroar
|-damage|p1b: Incineroar|6/100
|move|p1b: Incineroar|Flare Blitz|p2b: Toxapex
|-resisted|p2b: Toxapex|1
|-damage|p2b: Toxapex|88/100
|-damage|p1b: Incineroar|3/100|[from] Recoil
|
|-weather|Snowscape|[upkeep]
|-heal|p2b: Toxapex|94/100|[from] item: Leftovers
|upkeep
|turn|4
|
|t:|1784112473
|switch|p1b: Appletun|Appletun, L50, F|100/100
|move|p2a: Kingambit|Protect|p2a: Kingambit
|-singleturn|p2a: Kingambit|Protect
|move|p2b: Toxapex|Toxic|p1a: Conkeldurr
|-status|p1a: Conkeldurr|tox
|move|p1a: Conkeldurr|Drain Punch|p2a: Kingambit
|-activate|p2a: Kingambit|move: Protect
|
|-weather|Snowscape|[upkeep]
|-heal|p2b: Toxapex|100/100|[from] item: Leftovers
|-damage|p1a: Conkeldurr|93/100 tox|[from] psn
|upkeep
|turn|5
|
|t:|1784112491
|switch|p2a: Sneasler|Sneasler, L50, F|100/100
|move|p1b: Appletun|Apple Acid|p2a: Sneasler
|-resisted|p2a: Sneasler|1
|-damage|p2a: Sneasler|86/100
|-unboost|p2a: Sneasler|spd|1
|move|p2b: Toxapex|Toxic|p1b: Appletun
|-status|p1b: Appletun|tox
|move|p1a: Conkeldurr|Knock Off|p2a: Sneasler
|-resisted|p2a: Sneasler|1
|-damage|p2a: Sneasler|56/100
|-enditem|p2a: Sneasler|Focus Sash|[from] move: Knock Off|[of] p1a: Conkeldurr
|-damage|p1a: Conkeldurr|83/100 tox|[from] item: Life Orb
|
|-weather|none
|-damage|p1b: Appletun|94/100 tox|[from] psn
|-damage|p1a: Conkeldurr|71/100 tox|[from] psn
|-sideend|p2: MichaelderBeste2|move: Aurora Veil
|upkeep
|turn|6
|
|t:|1784112509
|move|p2a: Sneasler|Protect|p2a: Sneasler
|-singleturn|p2a: Sneasler|Protect
|move|p1b: Appletun|Dragon Pulse|p2a: Sneasler
|-activate|p2a: Sneasler|move: Protect
|move|p2b: Toxapex|Infestation|p1b: Appletun
|-supereffective|p1b: Appletun|1
|-damage|p1b: Appletun|88/100 tox
|-activate|p1b: Appletun|move: Infestation|[of] p2b: Toxapex
|move|p1a: Conkeldurr|Drain Punch|p2a: Sneasler
|-activate|p2a: Sneasler|move: Protect
|
|-heal|p1b: Appletun|94/100 tox|[from] item: Leftovers
|-damage|p1b: Appletun|82/100 tox|[from] psn
|-damage|p1a: Conkeldurr|53/100 tox|[from] psn
|-damage|p1b: Appletun|70/100 tox|[from] move: Infestation|[partiallytrapped]
|-fieldend|move: Trick Room
|upkeep
|turn|7
|
|t:|1784112523
|move|p2a: Sneasler|Poison Jab|p1b: Appletun
|-supereffective|p1b: Appletun|1
|-damage|p1b: Appletun|0 fnt
|faint|p1b: Appletun
|move|p1a: Conkeldurr|Drain Punch|p2a: Sneasler
|-resisted|p2a: Sneasler|1
|-damage|p2a: Sneasler|0 fnt
|-heal|p1a: Conkeldurr|74/100 tox|[from] drain|[of] p2a: Sneasler
|faint|p2a: Sneasler
|-damage|p1a: Conkeldurr|64/100 tox|[from] item: Life Orb
|move|p2b: Toxapex|Infestation|p1a: Conkeldurr
|-resisted|p1a: Conkeldurr|1
|-damage|p1a: Conkeldurr|62/100 tox
|-activate|p1a: Conkeldurr|move: Infestation|[of] p2b: Toxapex
|
|-damage|p1a: Conkeldurr|37/100 tox|[from] psn
|-damage|p1a: Conkeldurr|25/100 tox|[from] move: Infestation|[partiallytrapped]
|upkeep
|
|t:|1784112536
|switch|p2a: Froslass|Froslass-Mega, L50, F|100/100
|switch|p1b: Incineroar|Incineroar, L50, F|3/100
|-weather|Snowscape|[from] ability: Snow Warning|[of] p2a: Froslass
|-ability|p1b: Incineroar|Intimidate|boost
|-unboost|p2a: Froslass|atk|1
|-unboost|p2b: Toxapex|atk|1
|turn|8
|-message|chocokoala vgc forfeited.
|
|win|MichaelderBeste2
|raw|chocokoala vgc's rating: 1285 → 1270(-15 for losing)
|raw|MichaelderBeste2's rating: 1440 → 1452(+12 for winning)
