|j|☆dinglustan
|j|☆i still have it
|html|dinglustani still have it    
|uhtml|bestof|Game 3 of a best-of-3
|t:|1756572376
|gametype|doubles
|player|p1|dinglustan|2|1404
|player|p2|i still have it|2|1441
|gen|9
|tier|[Gen 9] VGC 2025 Reg H (Bo3)
|rated|
|rule|Species Clause: Limit one of each Pokémon
|rule|Item Clause: Limit 1 of each item
|clearpoke
|poke|p1|Whimsicott, L50, F|
|poke|p1|Basculegion, L50, M|
|poke|p1|Arcanine-Hisui, L50, F|
|poke|p1|Hydreigon, L50, M|
|poke|p1|Farigiraf, L50, M|
|poke|p1|Pawmot, L50, M|
|poke|p2|Rillaboom, L50, M|
|poke|p2|Dragonite, L50, F|
|poke|p2|Incineroar, L50, M|
|poke|p2|Sneasler, L50, M|
|poke|p2|Kingambit, L50, M|
|poke|p2|Volcarona, L50, F|
|teampreview|4
|showteam|p1|Whimsicott||CovertCloak|Prankster|Tailwind,Moonblast,GigaDrain,Encore|||F|||50|,,,,,Water]Basculegion||ChoiceBand|Adaptability|AquaJet,LastRespects,WaveCrash,TeraBlast|||M|||50|,,,,,Fairy]Arcanine-Hisui||AssaultVest|Intimidate|ExtremeSpeed,FlareBlitz,RockSlide,TeraBlast|||F|||50|,,,,,Grass]Hydreigon||LifeOrb|Levitate|Protect,DracoMeteor,DarkPulse,HeatWave|||M|||50|,,,,,Fire]Farigiraf||ThroatSpray|ArmorTail|Protect,TrickRoom,HyperVoice,TwinBeam|||M|||50|,,,,,Grass]Pawmot||FocusSash|VoltAbsorb|FakeOut,DoubleShock,CloseCombat,RevivalBlessing|||M|||50|,,,,,Electric
|showteam|p2|Rillaboom||AssaultVest|GrassySurge|WoodHammer,Uturn,FakeOut,GrassyGlide|||M|||50|,,,,,Fire]Dragonite||LoadedDice|Multiscale|ScaleShot,Tailwind,Haze,Protect|||F|||50|,,,,,Dragon]Incineroar||SafetyGoggles|Intimidate|FlareBlitz,KnockOff,FakeOut,PartingShot|||M|||50|,,,,,Ghost]Sneasler||FocusSash|PoisonTouch|CloseCombat,DireClaw,Coaching,Protect|||M|||50|,,,,,Stellar]Kingambit||DreadPlate|Defiant|KowtowCleave,SwordsDance,SuckerPunch,Protect|||M|||50|,,,,,Dark]Volcarona||CovertCloak|FlameBody|QuiverDance,Flamethrower,TeraBlast,Protect|||F|||50|,,,,,Fairy
|inactive|Battle timer is ON: inactive players will automatically lose when time's up. (requested by dinglustan)
|j| T-Soro
|
|t:|1756572399
|teamsize|p1|4
|teamsize|p2|4
|start
|switch|p1a: Whimsicott|Whimsicott, L50, F|100/100
|switch|p1b: Farigiraf|Farigiraf, L50, M|100/100
|switch|p2a: Kingambit|Kingambit, L50, M|100/100
|switch|p2b: Sneasler|Sneasler, L50, M|100/100
|turn|1
|inactive|i still have it has 30 seconds left.
|inactive|i still have it has 20 seconds left.
|
|t:|1756572436
|-terastallize|p1a: Whimsicott|Water
|move|p1a: Whimsicott|Tailwind|p1a: Whimsicott
|-sidestart|p1: dinglustan|move: Tailwind
|move|p2b: Sneasler|Coaching|p2a: Kingambit
|-boost|p2a: Kingambit|atk|1
|-boost|p2a: Kingambit|def|1
|move|p1b: Farigiraf|Hyper Voice|p2b: Sneasler|[spread] p2a,p2b
|-resisted|p2a: Kingambit
|-damage|p2a: Kingambit|86/100
|-damage|p2b: Sneasler|54/100
|-enditem|p1b: Farigiraf|Throat Spray
|-boost|p1b: Farigiraf|spa|1|[from] item: Throat Spray
|move|p2a: Kingambit|Swords Dance|p2a: Kingambit
|-boost|p2a: Kingambit|atk|2
|
|upkeep
|turn|2
|inactive|dinglustan has 30 seconds left.
|
|t:|1756572464
|move|p2b: Sneasler|Protect|p2b: Sneasler
|-singleturn|p2b: Sneasler|Protect
|move|p1b: Farigiraf|Protect|p1b: Farigiraf
|-singleturn|p1b: Farigiraf|Protect
|move|p1a: Whimsicott|Encore|p2b: Sneasler
|-activate|p2b: Sneasler|move: Protect
|move|p2a: Kingambit|Kowtow Cleave|p1b: Farigiraf
|-activate|p1b: Farigiraf|move: Protect
|
|upkeep
|turn|3
|
|t:|1756572489
|switch|p2b: Rillaboom|Rillaboom, L50, M|100/100
|-fieldstart|move: Grassy Terrain|[from] ability: Grassy Surge|[of] p2b: Rillaboom
|move|p1a: Whimsicott|Moonblast|p2b: Rillaboom
|-damage|p2b: Rillaboom|80/100
|move|p1b: Farigiraf|Hyper Voice|p2b: Rillaboom|[spread] p2a,p2b
|-resisted|p2a: Kingambit
|-damage|p2a: Kingambit|64/100
|-damage|p2b: Rillaboom|45/100
|move|p2a: Kingambit|Kowtow Cleave|p1b: Farigiraf
|-supereffective|p1b: Farigiraf
|-damage|p1b: Farigiraf|0 fnt
|faint|p1b: Farigiraf
|
|-heal|p2b: Rillaboom|51/100|[from] Grassy Terrain
|-heal|p2a: Kingambit|71/100|[from] Grassy Terrain
|upkeep
|
|t:|1756572497
|switch|p1b: Pawmot|Pawmot, L50, M|100/100
|turn|4
|inactive|i still have it has 30 seconds left.
|inactive|i still have it has 20 seconds left.
|inactive|i still have it has 15 seconds left.
|inactive|i still have it has 10 seconds left.
|inactive|i still have it has 5 seconds left.
|
|t:|1756572548
|-terastallize|p2a: Kingambit|Dark
|move|p1b: Pawmot|Fake Out|p2b: Rillaboom
|-damage|p2b: Rillaboom|38/100
|cant|p2b: Rillaboom|flinch
|move|p2a: Kingambit|Sucker Punch|p1a: Whimsicott
|-damage|p1a: Whimsicott|0 fnt
|faint|p1a: Whimsicott
|
|-heal|p2b: Rillaboom|43/100|[from] Grassy Terrain
|-heal|p2a: Kingambit|77/100|[from] Grassy Terrain
|-sideend|p1: dinglustan|move: Tailwind
|upkeep
|
|t:|1756572557
|switch|p1a: Basculegion|Basculegion, L50, M|100/100
|turn|5
|
|t:|1756572567
|move|p1a: Basculegion|Aqua Jet|p2a: Kingambit
|-damage|p2a: Kingambit|56/100
|move|p2a: Kingambit|Sucker Punch||[still]
|-fail|p2a: Kingambit
|move|p1b: Pawmot|Revival Blessing|p1b: Pawmot
|
|t:|1756572574
|-heal|p1: Farigiraf|50/100|[from] move: Revival Blessing
|move|p2b: Rillaboom|Wood Hammer|p1b: Pawmot
|-enditem|p1b: Pawmot|Focus Sash
|-damage|p1b: Pawmot|1/100
|-damage|p2b: Rillaboom|20/100|[from] Recoil
|
|-heal|p1b: Pawmot|7/100|[from] Grassy Terrain
|-heal|p2b: Rillaboom|26/100|[from] Grassy Terrain
|-heal|p2a: Kingambit|62/100|[from] Grassy Terrain
|upkeep
|turn|6
|
|t:|1756572596
|switch|p1a: Farigiraf|Farigiraf, L50, M|50/100
|switch|p2b: Incineroar|Incineroar, L50, M|100/100
|-ability|p2b: Incineroar|Intimidate|boost
|-unboost|p1a: Farigiraf|atk|1
|-unboost|p1b: Pawmot|atk|1
|move|p1b: Pawmot|Close Combat|p2a: Kingambit
|-supereffective|p2a: Kingambit
|-damage|p2a: Kingambit|19/100
|-unboost|p1b: Pawmot|def|1
|-unboost|p1b: Pawmot|spd|1
|move|p2a: Kingambit|Kowtow Cleave|p1a: Farigiraf
|-supereffective|p1a: Farigiraf
|-damage|p1a: Farigiraf|0 fnt
|faint|p1a: Farigiraf
|
|-heal|p1b: Pawmot|14/100|[from] Grassy Terrain
|-heal|p2a: Kingambit|25/100|[from] Grassy Terrain
|upkeep
|
|t:|1756572610
|switch|p1a: Basculegion|Basculegion, L50, M|100/100
|turn|7
|inactive|i still have it has 30 seconds left.
|inactive|i still have it has 20 seconds left.
|
|t:|1756572645
|switch|p2b: Rillaboom|Rillaboom, L50, M|26/100
|move|p2a: Kingambit|Protect|p2a: Kingambit
|-singleturn|p2a: Kingambit|Protect
|move|p1a: Basculegion|Aqua Jet|p2a: Kingambit
|-activate|p2a: Kingambit|move: Protect
|move|p1b: Pawmot|Close Combat|p2b: Rillaboom
|-damage|p2b: Rillaboom|0 fnt
|-unboost|p1b: Pawmot|def|1
|-unboost|p1b: Pawmot|spd|1
|faint|p2b: Rillaboom
|
|-heal|p1b: Pawmot|20/100|[from] Grassy Terrain
|-heal|p2a: Kingambit|31/100|[from] Grassy Terrain
|-fieldend|move: Grassy Terrain
|upkeep
|
|t:|1756572650
|switch|p2b: Incineroar|Incineroar, L50, M|100/100
|-ability|p2b: Incineroar|Intimidate|boost
|-unboost|p1a: Basculegion|atk|1
|-unboost|p1b: Pawmot|atk|1
|turn|8
|
|t:|1756572656
|move|p2b: Incineroar|Fake Out|p1b: Pawmot
|-damage|p1b: Pawmot|0 fnt
|faint|p1b: Pawmot
|move|p1a: Basculegion|Aqua Jet|p2a: Kingambit
|-damage|p2a: Kingambit|19/100
|move|p2a: Kingambit|Kowtow Cleave|p1a: Basculegion
|-supereffective|p1a: Basculegion
|-damage|p1a: Basculegion|0 fnt
|faint|p1a: Basculegion
|
|win|i still have it
|raw|dinglustan's rating: 1404 → 1386(-18 for losing)
|raw|i still have it's rating: 1441 → 1459(+18 for winning)
|l|☆dinglustan
|player|p1|
