|j|☆huhvin
|j|☆Cetoo
|html|huhvinCetoo    
|uhtml|bestof|Game 3 of a best-of-3
|t:|1783991500
|gametype|doubles
|player|p1|huhvin|266|
|player|p2|Cetoo|bugcatcher-gen4dp|
|gen|9
|tier|[Gen 9 Champions] VGC 2026 Reg M-B (Bo3)
|rule|Species Clause: Limit one of each Pokémon
|rule|Item Clause: Limit 1 of each item
|clearpoke
|poke|p1|Sylveon, L50, F|
|poke|p1|Incineroar, L50, F|
|poke|p1|Torkoal, L50, F|
|poke|p1|Scizor, L50, F|
|poke|p1|Typhlosion-Hisui, L50, F|
|poke|p1|Annihilape, L50, M|
|poke|p2|Metagross, L50, shiny|
|poke|p2|Kingambit, L50, F, shiny|
|poke|p2|Gholdengo, L50|
|poke|p2|Dragapult, L50, F|
|poke|p2|Rotom-Wash, L50, shiny|
|poke|p2|Clefable, L50, F, shiny|
|teampreview|4
|showteam|p1|Sylveon||FairyFeather|Pixilate|HelpingHand,HyperVoice,WeatherBall,LightScreen|Modest||F|||50|]Incineroar||Charcoal|Intimidate|FakeOut,PartingShot,Earthquake,BlazeKick|Adamant||F|||50|]Torkoal||HeatRock|Drought|Eruption,SolarBeam,HeatWave,Earthquake|Quiet||F|||50|]Scizor||Scizorite|Technician|BulletPunch,Tailwind,KnockOff,Uturn|Adamant||F|||50|]Typhlosion-Hisui||ChoiceScarf|Blaze|Eruption,ShadowBall,HeatWave,InfernalParade|Timid||F|||50|]Annihilape||ChestoBerry|Defiant|RageFist,Rest,DrainPunch,BulkUp|Adamant||M|||50|
|showteam|p2|Metagross||Metagrossite|ClearBody|Protect,IronHead,PsychicFangs,StompingTantrum|Jolly|||||50|]Kingambit||ChopleBerry|SupremeOverlord|Protect,KowtowCleave,SuckerPunch,IronHead|Adamant||F|||50|]Gholdengo||LifeOrb|GoodasGold|Protect,MakeItRain,ShadowBall,NastyPlot|Timid|||||50|]Dragapult||FocusSash|ClearBody|Protect,DragonDarts,PhantomForce,WillOWisp|Jolly||F|||50|]Rotom-Wash||Leftovers|Levitate|Protect,HydroPump,Thunderbolt,WillOWisp|Calm|||||50|]Clefable||SitrusBerry|Unaware|FollowMe,Moonblast,Protect,HelpingHand|Calm||F|||50|
|j| NiL312
|j| Backwards_Aerial
|
|t:|1783991528
|teamsize|p1|4
|teamsize|p2|4
|start
|switch|p1a: Torkoal|Torkoal, L50, F|100/100
|switch|p1b: Typhlosion|Typhlosion-Hisui, L50, F|100/100
|switch|p2a: Clefable|Clefable, L50, F, shiny|100/100
|switch|p2b: Gholdengo|Gholdengo, L50|100/100
|-weather|SunnyDay|[from] ability: Drought|[of] p1a: Torkoal
|turn|1
|j| stavraid
|
|t:|1783991546
|switch|p2b: Rotom|Rotom-Wash, L50, shiny|100/100
|switch|p1a: Scizor|Scizor, L50, F|100/100
|move|p2a: Clefable|Protect|p2a: Clefable
|-singleturn|p2a: Clefable|Protect
|move|p1b: Typhlosion|Eruption|p2a: Clefable|[spread] p2b
|-activate|p2a: Clefable|move: Protect
|-resisted|p2b: Rotom|1
|-damage|p2b: Rotom|68/100
|
|-weather|SunnyDay|[upkeep]
|-heal|p2b: Rotom|74/100|[from] item: Leftovers
|upkeep
|turn|2
|
|t:|1783991563
|switch|p1b: Sylveon|Sylveon, L50, F|100/100
|detailschange|p1a: Scizor|Scizor-Mega, L50, F
|-mega|p1a: Scizor|Scizor|Scizorite
|move|p2a: Clefable|Helping Hand|p2b: Rotom
|-singleturn|p2b: Rotom|Helping Hand|[of] p2a: Clefable
|move|p1a: Scizor|Bullet Punch|p2a: Clefable
|-supereffective|p2a: Clefable|1
|-damage|p2a: Clefable|18/100
|-enditem|p2a: Clefable|Sitrus Berry|[eat]
|-heal|p2a: Clefable|43/100|[from] item: Sitrus Berry
|move|p2b: Rotom|Hydro Pump|p1b: Sylveon
|-damage|p1b: Sylveon|79/100
|
|-weather|SunnyDay|[upkeep]
|-heal|p2b: Rotom|80/100|[from] item: Leftovers
|upkeep
|turn|3
|
|t:|1783991583
|switch|p2b: Gholdengo|Gholdengo, L50|100/100
|move|p2a: Clefable|Protect|p2a: Clefable
|-singleturn|p2a: Clefable|Protect
|move|p1a: Scizor|Tailwind|p1a: Scizor
|-sidestart|p1: huhvin|move: Tailwind
|move|p1b: Sylveon|Hyper Voice|p2b: Gholdengo|[spread] p2b
|-activate|p2a: Clefable|move: Protect
|-resisted|p2b: Gholdengo|1
|-damage|p2b: Gholdengo|70/100
|
|-weather|SunnyDay|[upkeep]
|upkeep
|turn|4
|
|t:|1783991598
|move|p2a: Clefable|Follow Me|p2a: Clefable
|-singleturn|p2a: Clefable|move: Follow Me
|move|p1a: Scizor|Bullet Punch|p2a: Clefable
|-supereffective|p2a: Clefable|1
|-damage|p2a: Clefable|0 fnt
|faint|p2a: Clefable
|move|p1b: Sylveon|Weather Ball|p2b: Gholdengo
|-supereffective|p2b: Gholdengo|1
|-damage|p2b: Gholdengo|0 fnt
|faint|p2b: Gholdengo
|
|-weather|SunnyDay|[upkeep]
|upkeep
|
|t:|1783991603
|switch|p2b: Rotom|Rotom-Wash, L50, shiny|80/100
|switch|p2a: Metagross|Metagross, L50, shiny|100/100
|turn|5
|
|t:|1783991617
|detailschange|p2a: Metagross|Metagross-Mega, L50, shiny
|-mega|p2a: Metagross|Metagross|Metagrossite
|move|p2a: Metagross|Protect|p2a: Metagross
|-singleturn|p2a: Metagross|Protect
|move|p1a: Scizor|Knock Off|p2b: Rotom
|-damage|p2b: Rotom|36/100
|-enditem|p2b: Rotom|Leftovers|[from] move: Knock Off|[of] p1a: Scizor
|move|p1b: Sylveon|Weather Ball|p2a: Metagross
|-activate|p2a: Metagross|move: Protect
|move|p2b: Rotom|Hydro Pump|p1b: Sylveon
|-crit|p1b: Sylveon
|-damage|p1b: Sylveon|58/100
|
|-weather|SunnyDay|[upkeep]
|upkeep
|turn|6
|
|t:|1783991655
|move|p2a: Metagross|Protect|p2a: Metagross
|-singleturn|p2a: Metagross|Protect
|move|p1a: Scizor|U-turn|p2b: Rotom
|-damage|p2b: Rotom|0 fnt
|faint|p2b: Rotom
|
|t:|1783991661
|switch|p1a: Typhlosion|Typhlosion-Hisui, L50, F|100/100|[from] U-turn
|move|p1b: Sylveon|Weather Ball|p2a: Metagross
|-activate|p2a: Metagross|move: Protect
|
|-weather|SunnyDay|[upkeep]
|-sideend|p1: huhvin|move: Tailwind
|upkeep
|turn|7
|
|t:|1783991671
|move|p1a: Typhlosion|Eruption|p2a: Metagross
|-supereffective|p2a: Metagross|1
|-damage|p2a: Metagross|0 fnt
|faint|p2a: Metagross
|
|win|huhvin
|l|☆Cetoo
|player|p2|
