|j|Ōśåpickelate
|j|ŌśåJsiogeh
|html|pickelateJsiogeh    
|uhtml|bestof|Game 1 of a best-of-3
|t:|1784828448
|gametype|doubles
|player|p1|pickelate|petrel|
|player|p2|Jsiogeh|266|
|gen|9
|tier|[Gen 9 Champions] VGC 2026 Reg M-B (Bo3)
|rule|Species Clause: Limit one of each Pok├®mon
|rule|Item Clause: Limit 1 of each item
|clearpoke
|poke|p1|Whimsicott, L50, F|
|poke|p1|Grimmsnarl, L50, M|
|poke|p1|Blastoise, L50, F|
|poke|p1|Arcanine, L50, F|
|poke|p1|Noivern, L50, M|
|poke|p1|Machamp, L50, M|
|poke|p2|Aerodactyl, L50, M|
|poke|p2|Tyranitar, L50, F|
|poke|p2|Talonflame, L50, F|
|poke|p2|Hydrapple, L50, F|
|poke|p2|Orthworm, L50, F|
|poke|p2|Overqwil, L50, M|
|teampreview|4
|showteam|p1|Whimsicott||FocusSash|Prankster|SunnyDay,Taunt,Encore,DazzlingGleam|Bold||F|||50|]Grimmsnarl||LightClay|Prankster|Taunt,FakeOut,Reflect,LightScreen|Careful||M|||50|]Blastoise||Blastoisinite|Torrent|FakeOut,IceBeam,WaterSpout,AuraSphere|Timid||F|||50|]Arcanine||Leftovers|Intimidate|WillOWisp,Protect,CloseCombat,FlareBlitz|Careful||F|||50|]Noivern||ChartiBerry|Frisk|Tailwind,Taunt,DracoMeteor,FocusBlast|Timid||M|||50|]Machamp||LifeOrb|Steadfast|Protect,WideGuard,CloseCombat,IcePunch|Adamant||M|||50|
|showteam|p2|Aerodactyl||Aerodactylite|RockHead|DualWingbeat,Taunt,RockSlide,Protect|Adamant||M|||50|]Tyranitar||SmoothRock|SandStream|LowKick,FoulPlay,Earthquake,KnockOff|Adamant||F|||50|]Talonflame||FocusSash|FlameBody|Taunt,QuickGuard,WillOWisp,BraveBird|Jolly||F|||50|]Hydrapple||ExpertBelt|Regenerator|PollenPuff,Infestation,FickleBeam,GigaDrain|Modest||F|||50|]Orthworm||Leftovers|EarthEater|BodyPress,IronDefense,Protect,HeavySlam|Careful||F|||50|]Overqwil||LifeOrb|Intimidate|BarbBarrage,Crunch,Toxic,DestinyBond|Jolly||M|||50|
|j| uhjor
|c| uhjor|what happend to old team chris are we calling in a ref
|
|t:|1784828549
|teamsize|p1|4
|teamsize|p2|4
|start
|switch|p1a: Arcanine|Arcanine, L50, F|100/100
|switch|p1b: Noivern|Noivern, L50, M|100/100
|switch|p2a: Aerodactyl|Aerodactyl, L50, M|100/100
|switch|p2b: Tyranitar|Tyranitar, L50, F|100/100
|-item|p2a: Aerodactyl|Aerodactylite|[from] ability: Frisk|[of] p1b: Noivern
|-item|p2b: Tyranitar|Smooth Rock|[from] ability: Frisk|[of] p1b: Noivern
|-ability|p1a: Arcanine|Intimidate|boost
|-unboost|p2a: Aerodactyl|atk|1
|-unboost|p2b: Tyranitar|atk|1
|-weather|Sandstorm|[from] ability: Sand Stream|[of] p2b: Tyranitar
|turn|1
|c|ŌśåJsiogeh|nah i told him i dont gaf im fw this anyway
|
|t:|1784828634
|switch|p2b: Overqwil|Overqwil, L50, M|100/100
|-ability|p2b: Overqwil|Intimidate|boost
|-unboost|p1a: Arcanine|atk|1
|-unboost|p1b: Noivern|atk|1
|detailschange|p2a: Aerodactyl|Aerodactyl-Mega, L50, M
|-mega|p2a: Aerodactyl|Aerodactyl|Aerodactylite
|move|p2a: Aerodactyl|Taunt|p1b: Noivern
|-start|p1b: Noivern|move: Taunt
|move|p1b: Noivern|Focus Blast|p2b: Overqwil
|-damage|p2b: Overqwil|51/100
|move|p1a: Arcanine|Close Combat|p2b: Overqwil
|-damage|p2b: Overqwil|25/100
|-unboost|p1a: Arcanine|def|1
|-unboost|p1a: Arcanine|spd|1
|
|-weather|Sandstorm|[upkeep]
|-damage|p1b: Noivern|93/100|[from] Sandstorm
|-damage|p2b: Overqwil|19/100|[from] Sandstorm
|-damage|p1a: Arcanine|93/100|[from] Sandstorm
|-heal|p1a: Arcanine|100/100|[from] item: Leftovers
|upkeep
|turn|2
|c|ŌśåJsiogeh|if i get belt so be it
|c| uhjor|holy sura
|c| uhjor|aura
|c| uhjor|dad who was overqwill?
|c| uhjor|-> the goat
|c|ŌśåJsiogeh|onf
|c|Ōśåpickelate|bro someone please get this fan off the court
|c|ŌśåJsiogeh|a double into my hb and he still gone claim a life
|
|t:|1784828709
|move|p2a: Aerodactyl|Rock Slide|p1b: Noivern|[spread] p1a,p1b
|-supereffective|p1a: Arcanine|1
|-supereffective|p1b: Noivern|1
|-enditem|p1b: Noivern|Charti Berry|[eat]
|-enditem|p1b: Noivern|Charti Berry|[weaken]
|-damage|p1a: Arcanine|20/100y
|-damage|p1b: Noivern|65/100
|move|p1b: Noivern|Draco Meteor|p2a: Aerodactyl
|-damage|p2a: Aerodactyl|57/100
|-unboost|p1b: Noivern|spa|2
|move|p2b: Overqwil|Destiny Bond|p2b: Overqwil
|-singlemove|p2b: Overqwil|Destiny Bond
|move|p1a: Arcanine|Will-O-Wisp|p2a: Aerodactyl
|-status|p2a: Aerodactyl|brn
|
|-weather|Sandstorm|[upkeep]
|-damage|p1b: Noivern|59/100|[from] Sandstorm
|-damage|p2b: Overqwil|12/100|[from] Sandstorm
|-damage|p1a: Arcanine|14/100|[from] Sandstorm
|-heal|p1a: Arcanine|20/100y|[from] item: Leftovers
|-damage|p2a: Aerodactyl|52/100 brn|[from] brn
|upkeep
|turn|3
|c|ŌśåJsiogeh|nvm...
|c| uhjor|king von's humility
|c|Ōśåpickelate|word to my DEADS! (still alvie and healthy at 12%)
|l| uhjor
|
|t:|1784828784
|switch|p1b: Blastoise|Blastoise, L50, F|100/100
|switch|p2b: Tyranitar|Tyranitar, L50, F|100/100
|switch|p1a: Machamp|Machamp, L50, M|100/100
|move|p2a: Aerodactyl|Dual Wingbeat|p1b: Blastoise
|-damage|p1b: Blastoise|90/100
|-damage|p1b: Blastoise|80/100
|-hitcount|p1b: Blastoise|2
|
|-weather|Sandstorm|[upkeep]
|-damage|p1b: Blastoise|74/100|[from] Sandstorm
|-damage|p1a: Machamp|94/100|[from] Sandstorm
|-damage|p2a: Aerodactyl|46/100 brn|[from] brn
|upkeep
|turn|4
|j| uhjor
|c|Ōśåpickelate|mb was texting her
|c|ŌśåJsiogeh|alr bruh
|c|ŌśåJsiogeh|what happened to having your game in your head
|c| uhjor|two twos my words fam you're straighting cheesing the wozzles
|c| uhjor|she can wait a pokemon battle
|
|t:|1784828897
|switch|p2a: Hydrapple|Hydrapple, L50, F|100/100
|switch|p2b: Overqwil|Overqwil, L50, M|12/100
|-ability|p2b: Overqwil|Intimidate|boost
|-unboost|p1a: Machamp|atk|1
|-unboost|p1b: Blastoise|atk|1
|detailschange|p1b: Blastoise|Blastoise-Mega, L50, F
|-mega|p1b: Blastoise|Blastoise|Blastoisinite
|move|p1a: Machamp|Wide Guard|p1a: Machamp
|-singleturn|p1a: Machamp|Wide Guard
|move|p1b: Blastoise|Water Spout|p2b: Overqwil|[spread] p2a,p2b
|-resisted|p2a: Hydrapple|2
|-damage|p2a: Hydrapple|88/100
|-damage|p2b: Overqwil|0 fnt
|faint|p2b: Overqwil
|
|-weather|Sandstorm|[upkeep]
|-damage|p1b: Blastoise|68/100|[from] Sandstorm
|-damage|p1a: Machamp|88/100|[from] Sandstorm
|-damage|p2a: Hydrapple|82/100|[from] Sandstorm
|upkeep
|c| uhjor|what happend to when trainers eyes meet they battle
|
|t:|1784828922
|switch|p2b: Aerodactyl|Aerodactyl-Mega, L50, M|46/100 brn
|turn|5
|c| uhjor|im crine blastoise squirted
|c|Ōśåpickelate|nothing happened but when a girl texts a boy responds
|c|Ōśåpickelate|LOOOLLL
|
|t:|1784828964
|switch|p1b: Arcanine|Arcanine, L50, F|20/100y
|-ability|p1b: Arcanine|Intimidate|boost
|-unboost|p2a: Hydrapple|atk|1
|-unboost|p2b: Aerodactyl|atk|1
|move|p1a: Machamp|Protect||[still]
|-fail|p1a: Machamp
|move|p2b: Aerodactyl|Dual Wingbeat|p1a: Machamp
|-supereffective|p1a: Machamp|1
|-damage|p1a: Machamp|62/100
|-supereffective|p1a: Machamp|1
|-damage|p1a: Machamp|36/100
|-hitcount|p1a: Machamp|2
|move|p2a: Hydrapple|Giga Drain|p1b: Arcanine
|-resisted|p1b: Arcanine|1
|-damage|p1b: Arcanine|5/100
|-heal|p2a: Hydrapple|89/100|[from] drain|[of] p1b: Arcanine
|
|-weather|Sandstorm|[upkeep]
|-damage|p1b: Arcanine|0 fnt|[from] Sandstorm
|-damage|p1a: Machamp|31/100|[from] Sandstorm
|-damage|p2a: Hydrapple|83/100|[from] Sandstorm
|faint|p1b: Arcanine
|-damage|p2b: Aerodactyl|40/100 brn|[from] brn
|upkeep
|
|t:|1784828982
|switch|p1b: Noivern|Noivern, L50, M|59/100
|-item|p2a: Hydrapple|Expert Belt|[from] ability: Frisk|[of] p1b: Noivern
|-item|p2b: Aerodactyl|Aerodactylite|[from] ability: Frisk|[of] p1b: Noivern
|turn|6
|c| uhjor|i am going to drop the craziest slander
|c| uhjor|later
|c|Ōśåpickelate|the match HASNT EVEN FINISHED
|
|t:|1784829022
|move|p2b: Aerodactyl|Protect|p2b: Aerodactyl
|-singleturn|p2b: Aerodactyl|Protect
|move|p1b: Noivern|Tailwind|p1b: Noivern
|-sidestart|p1: pickelate|move: Tailwind
|move|p1a: Machamp|Ice Punch|p2b: Aerodactyl
|-activate|p2b: Aerodactyl|move: Protect
|move|p2a: Hydrapple|Fickle Beam|p1b: Noivern
|-supereffective|p1b: Noivern|1
|-damage|p1b: Noivern|0 fnt
|faint|p1b: Noivern
|
|-weather|Sandstorm|[upkeep]
|-damage|p1a: Machamp|25/100|[from] Sandstorm
|-damage|p2a: Hydrapple|77/100|[from] Sandstorm
|-damage|p2b: Aerodactyl|35/100 brn|[from] brn
|upkeep
|
|t:|1784829036
|switch|p1b: Blastoise|Blastoise-Mega, L50, F|68/100
|turn|7
|
|t:|1784829053
|move|p1b: Blastoise|Fake Out|p2a: Hydrapple
|-damage|p2a: Hydrapple|69/100
|move|p2b: Aerodactyl|Dual Wingbeat|p1a: Machamp
|-supereffective|p1a: Machamp|1
|-damage|p1a: Machamp|0 fnt
|faint|p1a: Machamp
|-hitcount|p1: Machamp|1
|cant|p2a: Hydrapple|flinch
|
|-weather|Sandstorm|[upkeep]
|-damage|p1b: Blastoise|62/100|[from] Sandstorm
|-damage|p2a: Hydrapple|63/100|[from] Sandstorm
|-damage|p2b: Aerodactyl|29/100 brn|[from] brn
|upkeep
|turn|8
|c| uhjor|don't worry it isnt on you
|c|Ōśåpickelate|ouu shi
|c|ŌśåJsiogeh|bro this guy got open sheet
|c|ŌśåJsiogeh|not like im using it but yeah
|c| uhjor|bro
|c|Ōśåpickelate|wait
|c| uhjor|oh my god
|c|Ōśåpickelate|your so fucking
|c|Ōśåpickelate|right
|c| uhjor|this guy clicked best of 3
|c|Ōśåpickelate|im so sorry
|c|Ōśåpickelate|BRO I DIDNT SEE
|c|ŌśåJsiogeh|yeah
|c|Ōśåpickelate|THE IDFFERENCE
|c| uhjor|you supposed to use the regular
|c|Ōśåpickelate|THERE WAS NO INSTRUCTION FOR THIS BTW
|c|ŌśåJsiogeh|me neither until now
|c| uhjor|there was
|c| uhjor|actually
|c|ŌśåJsiogeh|ooouuuu shi
|c|Ōśåpickelate|well you know i dont read
|c|Ōśåpickelate|fym ouuuu shi
|c|ŌśåJsiogeh|W
|c| uhjor|exactly
|
|t:|1784829124
|move|p1b: Blastoise|Ice Beam|p2a: Hydrapple
|-supereffective|p2a: Hydrapple|2
|-damage|p2a: Hydrapple|0 fnt
|faint|p2a: Hydrapple
|move|p2b: Aerodactyl|Dual Wingbeat|p1b: Blastoise
|-damage|p1b: Blastoise|54/100
|-damage|p1b: Blastoise|45/100
|-hitcount|p1b: Blastoise|2
|
|-weather|none
|-damage|p2b: Aerodactyl|23/100 brn|[from] brn
|upkeep
|
|t:|1784829133
|switch|p2a: Tyranitar|Tyranitar, L50, F|100/100
|-weather|Sandstorm|[from] ability: Sand Stream|[of] p2a: Tyranitar
|turn|9
|c| uhjor|still winnable
|
|t:|1784829160
|move|p1b: Blastoise|Aura Sphere|p2a: Tyranitar
|-supereffective|p2a: Tyranitar|2
|-damage|p2a: Tyranitar|7/100
|move|p2b: Aerodactyl|Dual Wingbeat|p1b: Blastoise|[miss]
|-miss|p2b: Aerodactyl|p1b: Blastoise
|move|p2a: Tyranitar|Low Kick|p1b: Blastoise
|-damage|p1b: Blastoise|11/100
|
|-weather|Sandstorm|[upkeep]
|-damage|p1b: Blastoise|5/100|[from] Sandstorm
|-damage|p2b: Aerodactyl|17/100 brn|[from] brn
|-sideend|p1: pickelate|move: Tailwind
|upkeep
|turn|10
|c|Ōśåpickelate|WHAT
|c|Ōśåpickelate|NO WAY
|c|Ōśåpickelate|BLASTOISE FOR THE WORLD CUP FINAL
|c|Ōśåpickelate|wait tialwinds over
|c|Ōśåpickelate|nvm im dead
|c| uhjor|dumbass
|
|t:|1784829192
|move|p2b: Aerodactyl|Dual Wingbeat|p1b: Blastoise
|-damage|p1b: Blastoise|0 fnt
|faint|p1b: Blastoise
|-hitcount|p1: Blastoise|1
|
|win|Jsiogeh
|c|ŌśåJsiogeh|lmao
|c|ŌśåJsiogeh|that was good
|c|Ōśåpickelate|tsk.. calculations failed.
|inactive|pickelate has 30 seconds to confirm battle start!
|inactive|Jsiogeh has 30 seconds to confirm battle start!
||Jsiogeh is ready for game 2.
|inactive|pickelate has 20 seconds to confirm battle start!
|c|Ōśåpickelate|wanna keep it like this chris
|c|Ōśåpickelate|iwl i was using it
|c|Ōśåpickelate|i kinda forgot
|c|Ōśåpickelate|it wasnt open team sheet
|inactive|pickelate has 10 seconds to confirm battle start!
|c|ŌśåJsiogeh|huh
||pickelate is ready for game 2.
|uhtml|next|Next: Game 2 of 3
|c| uhjor|no make a new one
|l|Ōśåpickelate
|player|p1|
|c| uhjor|for replay sake
