|j|☆monkey stall
|j|☆blfuller_4
|html|monkey stallblfuller_4    
|uhtml|bestof|Game 2 of a best-of-3
|t:|1757638390
|gametype|doubles
|player|p1|monkey stall|101|1285
|player|p2|blfuller_4|skyla|1286
|gen|9
|tier|[Gen 9] VGC 2025 Reg H (Bo3)
|rated|
|rule|Species Clause: Limit one of each Pokémon
|rule|Item Clause: Limit 1 of each item
|clearpoke
|poke|p1|Dragapult, L50, M|
|poke|p1|Arcanine-Hisui, L50, F|
|poke|p1|Rillaboom, L50, F|
|poke|p1|Ursaluna-Bloodmoon, L50, M|
|poke|p1|Sneasler, L50, M|
|poke|p1|Amoonguss, L50, F|
|poke|p2|Pelipper, L50, M|
|poke|p2|Basculegion, L50, M|
|poke|p2|Ursaluna-Bloodmoon, L50, M|
|poke|p2|Gholdengo, L50|
|poke|p2|Archaludon, L50, M|
|poke|p2|Whimsicott, L50, F|
|teampreview|4
|showteam|p1|Dragapult||ChoiceBand|ClearBody|DragonDarts,TeraBlast,Uturn,SuckerPunch|||M|||50|,,,,,Ghost]Arcanine-Hisui||ClearAmulet|Intimidate|FlareBlitz,RockSlide,ExtremeSpeed,Protect|||F|||50|,,,,,Grass]Rillaboom||MiracleSeed|GrassySurge|GrassyGlide,WoodHammer,FakeOut,Taunt|||F|||50|,,,,,Fire]Ursaluna-Bloodmoon||AssaultVest|MindsEye|EarthPower,HyperVoice,BloodMoon,VacuumWave|||M|||50|,,,,,Water]Sneasler||GrassySeed|Unburden|CloseCombat,DireClaw,Acrobatics,Protect|||M|||50|,,,,,Flying]Amoonguss||SitrusBerry|Regenerator|Spore,RagePowder,PollenPuff,Protect|||F|||50|,,,,,Fairy
|showteam|p2|Pelipper||BrightPowder|Drizzle|Hurricane,MuddyWater,WideGuard,Protect|||M|||50|,,,,,Stellar]Basculegion||FocusSash|Adaptability|Liquidation,LastRespects,AquaJet,Protect|||M|||50|,,,,,Ghost]Ursaluna-Bloodmoon||AssaultVest|MindsEye|BloodMoon,HyperVoice,EarthPower,VacuumWave|||M|||50|,,,,,Ghost]Gholdengo||LifeOrb|GoodasGold|MakeItRain,ShadowBall,TeraBlast,Protect||||||50|,,,,,Fighting]Archaludon||PowerHerb|Sturdy|DracoMeteor,FlashCannon,ElectroShot,Protect|||M|||50|,,,,,Electric]Whimsicott||CovertCloak|Prankster|Moonblast,FakeTears,Taunt,Tailwind|||F|||50|,,,,,Steel
|
|t:|1757638405
|teamsize|p1|4
|teamsize|p2|4
|start
|switch|p1a: Ursaluna|Ursaluna-Bloodmoon, L50, M|100/100
|switch|p1b: Rillaboom|Rillaboom, L50, F|100/100
|switch|p2a: Whimsicott|Whimsicott, L50, F|100/100
|switch|p2b: Gholdengo|Gholdengo, L50|100/100
|-fieldstart|move: Grassy Terrain|[from] ability: Grassy Surge|[of] p1b: Rillaboom
|turn|1
|
|t:|1757638459
|-terastallize|p2b: Gholdengo|Fighting
|-terastallize|p1a: Ursaluna|Water
|move|p2a: Whimsicott|Fake Tears|p1a: Ursaluna
|-unboost|p1a: Ursaluna|spd|2
|move|p2b: Gholdengo|Tera Blast|p1a: Ursaluna|[anim] Tera Blast Fighting
|-damage|p1a: Ursaluna|19/100
|-damage|p2b: Gholdengo|91/100|[from] item: Life Orb
|move|p1b: Rillaboom|Wood Hammer|p2b: Gholdengo
|-damage|p2b: Gholdengo|0 fnt
|faint|p2b: Gholdengo
|-damage|p1b: Rillaboom|77/100|[from] Recoil
|move|p1a: Ursaluna|Blood Moon|p2a: Whimsicott
|-damage|p2a: Whimsicott|0 fnt
|faint|p2a: Whimsicott
|
|-heal|p1b: Rillaboom|83/100|[from] Grassy Terrain
|-heal|p1a: Ursaluna|25/100|[from] Grassy Terrain
|upkeep
|
|t:|1757638476
|switch|p2a: Basculegion|Basculegion, L50, M|100/100
|switch|p2b: Pelipper|Pelipper, L50, M|100/100
|-weather|RainDance|[from] ability: Drizzle|[of] p2b: Pelipper
|turn|2
|
|t:|1757638489
|move|p2a: Basculegion|Protect|p2a: Basculegion
|-singleturn|p2a: Basculegion|Protect
|move|p1b: Rillaboom|Grassy Glide|p2a: Basculegion
|-activate|p2a: Basculegion|move: Protect
|move|p2b: Pelipper|Hurricane|p1a: Ursaluna
|-damage|p1a: Ursaluna|0 fnt
|faint|p1a: Ursaluna
|
|-weather|RainDance|[upkeep]
|-heal|p1b: Rillaboom|88/100|[from] Grassy Terrain
|upkeep
|
|t:|1757638495
|switch|p1a: Amoonguss|Amoonguss, L50, F|100/100
|turn|3
|
|t:|1757638511
|move|p1a: Amoonguss|Rage Powder|p1a: Amoonguss
|-singleturn|p1a: Amoonguss|move: Rage Powder
|move|p2a: Basculegion|Last Respects|p1a: Amoonguss
|-damage|p1a: Amoonguss|23/100
|-enditem|p1a: Amoonguss|Sitrus Berry|[eat]
|-heal|p1a: Amoonguss|48/100|[from] item: Sitrus Berry
|move|p2b: Pelipper|Hurricane|p1a: Amoonguss
|-supereffective|p1a: Amoonguss
|-damage|p1a: Amoonguss|0 fnt
|faint|p1a: Amoonguss
|move|p1b: Rillaboom|Wood Hammer|p2b: Pelipper|[miss]
|-miss|p1b: Rillaboom|p2b: Pelipper
|
|-weather|RainDance|[upkeep]
|-heal|p1b: Rillaboom|94/100|[from] Grassy Terrain
|upkeep
|
|t:|1757638521
|switch|p1a: Sneasler|Sneasler, L50, M|100/100
|-enditem|p1a: Sneasler|Grassy Seed
|-boost|p1a: Sneasler|def|1|[from] item: Grassy Seed
|turn|4
|c|☆monkey stall|Bro
|c|☆monkey stall|This is fucking bs
|
|t:|1757638537
|move|p1b: Rillaboom|Grassy Glide|p2a: Basculegion
|-supereffective|p2a: Basculegion
|-crit|p2a: Basculegion
|-enditem|p2a: Basculegion|Focus Sash
|-damage|p2a: Basculegion|1/100
|move|p1a: Sneasler|Dire Claw|p2a: Basculegion
|-resisted|p2a: Basculegion
|-damage|p2a: Basculegion|0 fnt
|faint|p2a: Basculegion
|move|p2b: Pelipper|Hurricane|p1b: Rillaboom
|-supereffective|p1b: Rillaboom
|-damage|p1b: Rillaboom|0 fnt
|faint|p1b: Rillaboom
|
|-weather|RainDance|[upkeep]
|upkeep
|turn|5
|
|t:|1757638552
|move|p1a: Sneasler|Dire Claw|p2b: Pelipper
|-damage|p2b: Pelipper|40/100
|move|p2b: Pelipper|Hurricane|p1a: Sneasler
|-supereffective|p1a: Sneasler
|-damage|p1a: Sneasler|0 fnt
|faint|p1a: Sneasler
|
|win|blfuller_4
|raw|monkey stall's rating: 1285 → 1260(-25 for losing)
|raw|blfuller_4's rating: 1286 → 1311(+25 for winning)
