|j|☆ronzthebonz
|j|☆breloomb01
|html|ronzthebonzbreloomb01    
|uhtml|bestof|Game 1 of a best-of-3
|t:|1785450767
|gametype|doubles
|player|p1|ronzthebonz|102|1371
|player|p2|breloomb01|roughneck|1245
|gen|9
|tier|[Gen 9 Champions] VGC 2026 Reg M-B (Bo3)
|rated|
|rule|Species Clause: Limit one of each Pokémon
|rule|Item Clause: Limit 1 of each item
|clearpoke
|poke|p1|Gengar, L50, F|
|poke|p1|Incineroar, L50, M|
|poke|p1|Ninetales-Alola, L50, M|
|poke|p1|Rotom-Wash, L50|
|poke|p1|Dragonite, L50, F|
|poke|p1|Kingambit, L50, F|
|poke|p2|Floette-Eternal, L50, F|
|poke|p2|Incineroar, L50, F|
|poke|p2|Sinistcha, L50|
|poke|p2|Garchomp, L50, M|
|poke|p2|Sneasler, L50, F|
|poke|p2|Rotom-Wash, L50|
|teampreview|4
|showteam|p1|Gengar||Gengarite|CursedBody|SludgeBomb,ShadowBall,Disable,Protect|Modest||F|||50|]Incineroar||SitrusBerry|Intimidate|FlareBlitz,ThroatChop,PartingShot,FakeOut|Impish||M|||50|]Ninetales-Alola||FocusSash|SnowWarning|Blizzard,FreezeDry,Encore,Protect|Timid||M|||50|]Rotom-Wash||Leftovers|Levitate|Thunderbolt,HydroPump,WillOWisp,LightScreen|Bold|||||50|]Dragonite||DragonFang|Multiscale|RockTomb,ExtremeSpeed,LowKick,DragonClaw|Adamant||F|||50|]Kingambit||ChopleBerry|Defiant|KowtowCleave,SuckerPunch,LowKick,IronHead|Adamant||F|||50|
|showteam|p2|Floette-Eternal||Floettite|FlowerVeil|DrainingKiss,DazzlingGleam,CalmMind,Protect|Modest||F|||50|]Incineroar||SitrusBerry|Intimidate|FakeOut,FlareBlitz,ThroatChop,PartingShot|Careful||F|||50|]Sinistcha||KasibBerry|Hospitality|Protect,RagePowder,MatchaGotcha,TrickRoom|Calm|||||50|]Garchomp||LifeOrb|RoughSkin|Earthquake,DragonClaw,RockSlide,Protect|Jolly||M|||50|]Sneasler||FocusSash|PoisonTouch|FakeOut,DireClaw,CloseCombat,Protect|Jolly||F|||50|]Rotom-Wash||Leftovers|Levitate|HydroPump,Protect,WillOWisp,Electroweb|Bold|||||50|
|inactive|Battle timer is ON: inactive players will automatically lose when time's up. (requested by ronzthebonz)
|c|☆breloomb01|Aw man I don't want to play perish slop
|inactive|ronzthebonz has 60 seconds left.
|
|t:|1785450831
|teamsize|p1|4
|teamsize|p2|4
|start
|switch|p1a: Gengar|Gengar, L50, F|100/100
|switch|p1b: Incineroar|Incineroar, L50, M|100/100
|switch|p2a: Incineroar|Incineroar, L50, F|100/100
|switch|p2b: Sinistcha|Sinistcha, L50|100/100
|-ability|p2a: Incineroar|Intimidate|boost
|-unboost|p1a: Gengar|atk|1
|-unboost|p1b: Incineroar|atk|1
|-ability|p1b: Incineroar|Intimidate|boost
|-unboost|p2a: Incineroar|atk|1
|-unboost|p2b: Sinistcha|atk|1
|turn|1
|
|t:|1785450853
|detailschange|p1a: Gengar|Gengar-Mega, L50, F
|-mega|p1a: Gengar|Gengar|Gengarite
|move|p1a: Gengar|Protect|p1a: Gengar
|-singleturn|p1a: Gengar|Protect
|move|p2b: Sinistcha|Protect|p2b: Sinistcha
|-singleturn|p2b: Sinistcha|Protect
|move|p2a: Incineroar|Throat Chop|p1a: Gengar
|-activate|p1a: Gengar|move: Protect
|move|p1b: Incineroar|Throat Chop|p2a: Incineroar
|-resisted|p2a: Incineroar|1
|-damage|p2a: Incineroar|91/100
|-start|p2a: Incineroar|Throat Chop|[silent]
|
|upkeep
|turn|2
|inactive|breloomb01 has 30 seconds left.
|inactive|breloomb01 has 20 seconds left.
|inactive|breloomb01 has 15 seconds left.
|inactive|breloomb01 has 10 seconds left.
|inactive|breloomb01 has 5 seconds left.
|
|t:|1785450908
|switch|p1a: Kingambit|Kingambit, L50, F|100/100
|move|p2b: Sinistcha|Protect||[still]
|-fail|p2b: Sinistcha
|move|p2a: Incineroar|Flare Blitz|p1b: Incineroar
|-resisted|p1b: Incineroar|1
|-damage|p1b: Incineroar|87/100
|-damage|p2a: Incineroar|86/100|[from] Recoil
|move|p1b: Incineroar|Parting Shot|p2a: Incineroar
|-unboost|p2a: Incineroar|atk|1
|-unboost|p2a: Incineroar|spa|1
|
|t:|1785450923
|switch|p1b: Gengar|Gengar-Mega, L50, F|100/100|[from] Parting Shot
|
|-end|p2a: Incineroar|Throat Chop|[silent]
|upkeep
|turn|3
|inactive|breloomb01 has 30 seconds left.
|
|t:|1785450949
|move|p1b: Gengar|Protect|p1b: Gengar
|-singleturn|p1b: Gengar|Protect
|move|p2b: Sinistcha|Protect|p2b: Sinistcha
|-singleturn|p2b: Sinistcha|Protect
|move|p2a: Incineroar|Parting Shot|p1b: Gengar
|-activate|p1b: Gengar|move: Protect
|move|p1a: Kingambit|Kowtow Cleave|p2b: Sinistcha
|-activate|p2b: Sinistcha|move: Protect
|
|upkeep
|turn|4
|inactive|ronzthebonz has 30 seconds left.
|inactive|ronzthebonz has 20 seconds left.
|
|t:|1785450985
|switch|p2b: Rotom|Rotom-Wash, L50|100/100
|move|p1b: Gengar|Disable|p2a: Incineroar
|-start|p2a: Incineroar|Disable|Parting Shot
|move|p2a: Incineroar|Throat Chop|p1b: Gengar
|-supereffective|p1b: Gengar|1
|-damage|p1b: Gengar|64/100
|-start|p1b: Gengar|Throat Chop|[silent]
|move|p1a: Kingambit|Iron Head|p2a: Incineroar
|-resisted|p2a: Incineroar|1
|-damage|p2a: Incineroar|66/100
|
|upkeep
|turn|5
|inactive|ronzthebonz has 30 seconds left.
|inactive|ronzthebonz has 20 seconds left.
|inactive|ronzthebonz has 15 seconds left.
|
|t:|1785451027
|switch|p1a: Incineroar|Incineroar, L50, M|87/100
|-ability|p1a: Incineroar|Intimidate|boost
|-unboost|p2a: Incineroar|atk|1
|-unboost|p2b: Rotom|atk|1
|move|p1b: Gengar|Protect|p1b: Gengar
|-singleturn|p1b: Gengar|Protect
|move|p2b: Rotom|Will-O-Wisp|p1a: Incineroar
|-immune|p1a: Incineroar
|move|p2a: Incineroar|Flare Blitz|p1a: Incineroar
|-resisted|p1a: Incineroar|1
|-damage|p1a: Incineroar|80/100
|-damage|p2a: Incineroar|64/100|[from] Recoil
|
|-end|p1b: Gengar|Throat Chop|[silent]
|upkeep
|turn|6
|
|t:|1785451051
|move|p1a: Incineroar|Fake Out|p2b: Rotom
|-damage|p2b: Rotom|90/100
|move|p1b: Gengar|Sludge Bomb|p2a: Incineroar
|-damage|p2a: Incineroar|25/100
|-status|p2a: Incineroar|psn
|-enditem|p2a: Incineroar|Sitrus Berry|[eat]
|-heal|p2a: Incineroar|50/100y psn|[from] item: Sitrus Berry
|cant|p2b: Rotom|flinch
|move|p2a: Incineroar|Throat Chop|p1b: Gengar
|-supereffective|p1b: Gengar|1
|-damage|p1b: Gengar|31/100
|-start|p1b: Gengar|Throat Chop|[silent]
|
|-heal|p2b: Rotom|96/100|[from] item: Leftovers
|-damage|p2a: Incineroar|37/100 psn|[from] psn
|upkeep
|turn|7
|inactive|ronzthebonz has 30 seconds left.
|
|t:|1785451081
|move|p1b: Gengar|Sludge Bomb|p2a: Incineroar
|-damage|p2a: Incineroar|0 fnt
|faint|p2a: Incineroar
|move|p2b: Rotom|Electroweb|p1b: Gengar|[spread] p1a,p1b
|-damage|p1a: Incineroar|66/100
|-damage|p1b: Gengar|13/100
|-unboost|p1a: Incineroar|spe|1
|-unboost|p1b: Gengar|spe|1
|move|p1a: Incineroar|Parting Shot|p2b: Rotom
|-unboost|p2b: Rotom|atk|1
|-unboost|p2b: Rotom|spa|1
|
|t:|1785451090
|switch|p1a: Kingambit|Kingambit, L50, F|100/100|[from] Parting Shot
|
|-heal|p2b: Rotom|100/100|[from] item: Leftovers
|-end|p1b: Gengar|Throat Chop|[silent]
|upkeep
|
|t:|1785451092
|switch|p2a: Garchomp|Garchomp, L50, M|100/100
|turn|8
|
|t:|1785451107
|switch|p1b: Incineroar|Incineroar, L50, M|66/100
|-ability|p1b: Incineroar|Intimidate|boost
|-unboost|p2a: Garchomp|atk|1
|-unboost|p2b: Rotom|atk|1
|switch|p1a: Ninetales|Ninetales-Alola, L50, M|100/100
|-weather|Snowscape|[from] ability: Snow Warning|[of] p1a: Ninetales
|move|p2a: Garchomp|Earthquake|p1b: Incineroar|[spread] p1a,p1b
|-immune|p2b: Rotom|[from] ability: Levitate
|-supereffective|p1b: Incineroar|1
|-damage|p1a: Ninetales|66/100
|-damage|p1b: Incineroar|19/100
|-enditem|p1b: Incineroar|Sitrus Berry|[eat]
|-heal|p1b: Incineroar|44/100|[from] item: Sitrus Berry
|-damage|p2a: Garchomp|90/100|[from] item: Life Orb
|move|p2b: Rotom|Will-O-Wisp|p1a: Ninetales
|-status|p1a: Ninetales|brn
|
|-weather|Snowscape|[upkeep]
|-damage|p1a: Ninetales|60/100 brn|[from] brn
|upkeep
|turn|9
|
|t:|1785451132
|switch|p2a: Sinistcha|Sinistcha, L50|100/100
|move|p1b: Incineroar|Fake Out|p2b: Rotom
|-damage|p2b: Rotom|90/100
|move|p1a: Ninetales|Blizzard|p2a: Sinistcha|[spread] p2a,p2b
|-supereffective|p2a: Sinistcha|1
|-resisted|p2b: Rotom|1
|-damage|p2a: Sinistcha|41/100
|-damage|p2b: Rotom|75/100
|cant|p2b: Rotom|flinch
|
|-weather|Snowscape|[upkeep]
|-heal|p2b: Rotom|81/100|[from] item: Leftovers
|-damage|p1a: Ninetales|54/100 brn|[from] brn
|upkeep
|turn|10
|
|t:|1785451153
|switch|p1b: Kingambit|Kingambit, L50, F|100/100
|move|p2a: Sinistcha|Protect|p2a: Sinistcha
|-singleturn|p2a: Sinistcha|Protect
|move|p1a: Ninetales|Blizzard|p2b: Rotom|[spread] p2b
|-activate|p2a: Sinistcha|move: Protect
|-resisted|p2b: Rotom|1
|-damage|p2b: Rotom|66/100
|move|p2b: Rotom|Electroweb|p1b: Kingambit|[spread] p1a,p1b
|-damage|p1a: Ninetales|42/100 brn
|-damage|p1b: Kingambit|89/100
|-unboost|p1a: Ninetales|spe|1
|-unboost|p1b: Kingambit|spe|1
|-ability|p1b: Kingambit|Defiant|boost
|-boost|p1b: Kingambit|atk|2
|
|-weather|Snowscape|[upkeep]
|-heal|p2b: Rotom|71/100|[from] item: Leftovers
|-damage|p1a: Ninetales|36/100 brn|[from] brn
|upkeep
|turn|11
|
|t:|1785451174
|switch|p1a: Gengar|Gengar-Mega, L50, F|13/100
|move|p2b: Rotom|Will-O-Wisp|p1b: Kingambit
|-status|p1b: Kingambit|brn
|move|p2a: Sinistcha|Matcha Gotcha|p1b: Kingambit|[spread] p1a,p1b
|-resisted|p1a: Gengar|1
|-resisted|p1b: Kingambit|1
|-damage|p1a: Gengar|0 fnt
|-heal|p2a: Sinistcha|48/100|[from] drain|[of] p1a: Gengar
|-damage|p1b: Kingambit|77/100 brn
|-heal|p2a: Sinistcha|55/100|[from] drain|[of] p1b: Kingambit
|faint|p1a: Gengar
|move|p1b: Kingambit|Kowtow Cleave|p2b: Rotom
|-damage|p2b: Rotom|24/100
|
|-weather|Snowscape|[upkeep]
|-heal|p2b: Rotom|30/100|[from] item: Leftovers
|-damage|p1b: Kingambit|71/100 brn|[from] brn
|upkeep
|
|t:|1785451197
|switch|p1a: Ninetales|Ninetales-Alola, L50, M|36/100 brn
|turn|12
|
|t:|1785451211
|move|p1a: Ninetales|Protect|p1a: Ninetales
|-singleturn|p1a: Ninetales|Protect
|move|p2a: Sinistcha|Rage Powder|p2a: Sinistcha
|-singleturn|p2a: Sinistcha|move: Rage Powder
|move|p2b: Rotom|Hydro Pump|p1a: Ninetales
|-activate|p1a: Ninetales|move: Protect
|move|p1b: Kingambit|Kowtow Cleave|p2a: Sinistcha
|-supereffective|p2a: Sinistcha|1
|-damage|p2a: Sinistcha|0 fnt
|faint|p2a: Sinistcha
|
|-weather|none
|-heal|p2b: Rotom|36/100|[from] item: Leftovers
|-damage|p1a: Ninetales|30/100 brn|[from] brn
|-damage|p1b: Kingambit|66/100 brn|[from] brn
|upkeep
|
|t:|1785451213
|switch|p2a: Garchomp|Garchomp, L50, M|90/100
|turn|13
|
|t:|1785451236
|switch|p1a: Incineroar|Incineroar, L50, M|44/100
|-ability|p1a: Incineroar|Intimidate|boost
|-unboost|p2a: Garchomp|atk|1
|-unboost|p2b: Rotom|atk|1
|move|p2a: Garchomp|Earthquake|p1b: Kingambit|[spread] p1a,p1b
|-immune|p2b: Rotom|[from] ability: Levitate
|-supereffective|p1a: Incineroar|1
|-supereffective|p1b: Kingambit|1
|-damage|p1a: Incineroar|0 fnt
|-damage|p1b: Kingambit|17/100 brn
|faint|p1a: Incineroar
|-damage|p2a: Garchomp|80/100|[from] item: Life Orb
|move|p2b: Rotom|Hydro Pump|p1b: Kingambit
|-damage|p1b: Kingambit|0 fnt
|faint|p1b: Kingambit
|
|-heal|p2b: Rotom|42/100|[from] item: Leftovers
|upkeep
|
|t:|1785451245
|switch|p1b: Ninetales|Ninetales-Alola, L50, M|30/100 brn
|-weather|Snowscape|[from] ability: Snow Warning|[of] p1b: Ninetales
|turn|14
|
|t:|1785451258
|move|p1b: Ninetales|Freeze-Dry|p2b: Rotom
|-supereffective|p2b: Rotom|1
|-damage|p2b: Rotom|0 fnt
|faint|p2b: Rotom
|move|p2a: Garchomp|Earthquake|p1b: Ninetales
|-damage|p1b: Ninetales|0 fnt
|faint|p1b: Ninetales
|-damage|p2a: Garchomp|70/100|[from] item: Life Orb
|
|win|breloomb01
||ronzthebonz is ready for game 2.
|inactive|breloomb01 has 30 seconds to confirm battle start!
