|j|☆willem da ally
|j|☆Dr.Aero
|html|willem da allyDr.Aero    
|uhtml|bestof|Game 2 of a best-of-3
|t:|1784985419
|gametype|doubles
|player|p1|willem da ally|265|
|player|p2|Dr.Aero|cyrus|
|gen|9
|tier|[Gen 9 Champions] VGC 2026 Reg M-B (Bo3)
|rule|Species Clause: Limit one of each Pokémon
|rule|Item Clause: Limit 1 of each item
|clearpoke
|poke|p1|Camerupt, L50, F, shiny|
|poke|p1|Rotom-Wash, L50|
|poke|p1|Krookodile, L50, F|
|poke|p1|Metagross, L50|
|poke|p1|Basculegion, L50, M|
|poke|p1|Whimsicott, L50, M|
|poke|p2|Blastoise, L50, F|
|poke|p2|Aerodactyl, L50, M|
|poke|p2|Ariados, L50, M|
|poke|p2|Hydreigon, L50, M|
|poke|p2|Kangaskhan, L50, F|
|poke|p2|Ceruledge, L50, M|
|teampreview|4
|showteam|p1|Camerupt||Cameruptite|SolidRock|EarthPower,HeatWave,Flamethrower,Protect|Quiet||F|||50|]Rotom-Wash||ChoiceScarf|Levitate|Thunderbolt,VoltSwitch,Electroweb,Trick|Timid|||||50|]Krookodile||RoseliBerry|Intimidate|RockSlide,Earthquake,KnockOff,Protect|Jolly||F|||50|]Metagross||Metagrossite|ClearBody|IronHead,StompingTantrum,PsychicFangs,Protect|Adamant|||||50|]Basculegion||FocusSash|Adaptability|LastRespects,Liquidation,AquaJet,Protect|Adamant||M|||50|]Whimsicott||OccaBerry|Prankster|Tailwind,Encore,Moonblast,Protect|Calm||M|||50|
|showteam|p2|Blastoise||Blastoisinite|RainDish|WaterSpout,DarkPulse,ShellSmash,Protect|Modest||F|||50|]Aerodactyl||Aerodactylite|Unnerve|RockSlide,DualWingbeat,WideGuard,Protect|Adamant||M|||50|]Ariados||PoisonBarb|Insomnia|RagePowder,PoisonJab,SuckerPunch,Protect|Calm||M|||50|]Hydreigon||BlackGlasses|Levitate|DarkPulse,DracoMeteor,NastyPlot,Protect|Timid||M|||50|]Kangaskhan||ChopleBerry|Scrappy|FakeOut,DrainPunch,SuckerPunch,Protect|Jolly||F|||50|]Ceruledge||ChoiceScarf|FlashFire|BitterBlade,Poltergeist,PoisonJab,CloseCombat|Adamant||M|||50|
|inactive|Battle timer is ON: inactive players will automatically lose when time's up. (requested by willem da ally)
|inactive|Dr.Aero also wants the timer to be on.
|inactive|willem da ally has 60 seconds left.
|inactive|Dr.Aero has 60 seconds left.
|
|t:|1784985471
|teamsize|p1|4
|teamsize|p2|4
|start
|switch|p1a: Metagross|Metagross, L50|100/100
|switch|p1b: Whimsicott|Whimsicott, L50, M|100/100
|switch|p2a: Hydreigon|Hydreigon, L50, M|100/100
|switch|p2b: Ariados|Ariados, L50, M|100/100
|turn|1
|
|t:|1784985489
|move|p1b: Whimsicott|Tailwind|p1b: Whimsicott
|-sidestart|p1: willem da ally|move: Tailwind
|move|p1a: Metagross|Psychic Fangs|p2b: Ariados
|-supereffective|p2b: Ariados|1
|-damage|p2b: Ariados|0 fnt
|faint|p2b: Ariados
|move|p2a: Hydreigon|Nasty Plot|p2a: Hydreigon
|-boost|p2a: Hydreigon|spa|2
|
|upkeep
|
|t:|1784985497
|switch|p2b: Kangaskhan|Kangaskhan, L50, F|100/100
|turn|2
|inactive|willem da ally has 30 seconds left.
|
|t:|1784985527
|switch|p2b: Ceruledge|Ceruledge, L50, M|100/100
|detailschange|p1a: Metagross|Metagross-Mega, L50
|-mega|p1a: Metagross|Metagross|Metagrossite
|move|p1b: Whimsicott|Protect|p1b: Whimsicott
|-singleturn|p1b: Whimsicott|Protect
|move|p1a: Metagross|Protect|p1a: Metagross
|-singleturn|p1a: Metagross|Protect
|move|p2a: Hydreigon|Nasty Plot|p2a: Hydreigon
|-boost|p2a: Hydreigon|spa|2
|
|upkeep
|turn|3
|inactive|willem da ally has 30 seconds left.
|inactive|willem da ally has 20 seconds left.
|inactive|willem da ally has 15 seconds left.
|inactive|Dr.Aero has 30 seconds left.
|inactive|willem da ally has 10 seconds left.
|inactive|willem da ally no longer wants the timer on, but the timer is staying on because draero still does.
|inactive|willem da ally has 5 seconds left.
|inactive|Dr.Aero has 20 seconds left.
|inactiveoff|Battle timer is now OFF.
|
|t:|1784985597
|switch|p2b: Kangaskhan|Kangaskhan, L50, F|100/100
|move|p2a: Hydreigon|Protect|p2a: Hydreigon
|-singleturn|p2a: Hydreigon|Protect
|move|p1a: Metagross|Iron Head|p2a: Hydreigon
|-activate|p2a: Hydreigon|move: Protect
|move|p1b: Whimsicott|Moonblast|p2a: Hydreigon
|-activate|p2a: Hydreigon|move: Protect
|
|upkeep
|turn|4
|
|t:|1784985617
|move|p2b: Kangaskhan|Fake Out|p1a: Metagross
|-resisted|p1a: Metagross|1
|-damage|p1a: Metagross|93/100
|move|p1b: Whimsicott|Encore|p2b: Kangaskhan
|-start|p2b: Kangaskhan|Encore
|cant|p1a: Metagross|flinch
|move|p2a: Hydreigon|Dark Pulse|p1b: Whimsicott
|-resisted|p1b: Whimsicott|1
|-damage|p1b: Whimsicott|22/100
|
|-sideend|p1: willem da ally|move: Tailwind
|upkeep
|turn|5
|
|t:|1784985638
|switch|p2b: Ceruledge|Ceruledge, L50, M|100/100
|move|p2a: Hydreigon|Protect|p2a: Hydreigon
|-singleturn|p2a: Hydreigon|Protect
|move|p1b: Whimsicott|Tailwind|p1b: Whimsicott
|-sidestart|p1: willem da ally|move: Tailwind
|move|p1a: Metagross|Stomping Tantrum|p2b: Ceruledge
|-supereffective|p2b: Ceruledge|1
|-damage|p2b: Ceruledge|0 fnt
|faint|p2b: Ceruledge
|
|upkeep
|
|t:|1784985644
|switch|p2b: Kangaskhan|Kangaskhan, L50, F|100/100
|turn|6
|
|t:|1784985658
|move|p1b: Whimsicott|Protect|p1b: Whimsicott
|-singleturn|p1b: Whimsicott|Protect
|move|p1a: Metagross|Protect|p1a: Metagross
|-singleturn|p1a: Metagross|Protect
|move|p2b: Kangaskhan|Protect|p2b: Kangaskhan
|-singleturn|p2b: Kangaskhan|Protect
|move|p2a: Hydreigon|Dark Pulse|p1b: Whimsicott
|-activate|p1b: Whimsicott|move: Protect
|
|upkeep
|turn|7
|
|t:|1784985674
|move|p2a: Hydreigon|Protect|p2a: Hydreigon
|-singleturn|p2a: Hydreigon|Protect
|move|p2b: Kangaskhan|Sucker Punch|p1a: Metagross
|-supereffective|p1a: Metagross|1
|-damage|p1a: Metagross|60/100
|move|p1a: Metagross|Psychic Fangs|p2b: Kangaskhan
|-damage|p2b: Kangaskhan|22/100
|move|p1b: Whimsicott|Moonblast|p2a: Hydreigon
|-activate|p2a: Hydreigon|move: Protect
|
|upkeep
|turn|8
|
|t:|1784985705
|move|p2b: Kangaskhan|Sucker Punch|p1b: Whimsicott
|-resisted|p1b: Whimsicott|1
|-crit|p1b: Whimsicott
|-damage|p1b: Whimsicott|6/100
|move|p1a: Metagross|Iron Head|p2a: Hydreigon
|-damage|p2a: Hydreigon|32/100
|move|p1b: Whimsicott|Moonblast|p2b: Kangaskhan
|-damage|p2b: Kangaskhan|0 fnt
|faint|p2b: Kangaskhan
|move|p2a: Hydreigon|Dark Pulse|p1a: Metagross
|-supereffective|p1a: Metagross|1
|-damage|p1a: Metagross|0 fnt
|faint|p1a: Metagross
|
|-sideend|p1: willem da ally|move: Tailwind
|upkeep
|
|t:|1784985712
|switch|p1a: Basculegion|Basculegion, L50, M|100/100
|turn|9
|
|t:|1784985726
|move|p1b: Whimsicott|Tailwind|p1b: Whimsicott
|-sidestart|p1: willem da ally|move: Tailwind
|move|p1a: Basculegion|Liquidation|p2a: Hydreigon
|-resisted|p2a: Hydreigon|1
|-damage|p2a: Hydreigon|1/100
|move|p2a: Hydreigon|Dark Pulse|p1a: Basculegion
|-supereffective|p1a: Basculegion|1
|-enditem|p1a: Basculegion|Focus Sash
|-damage|p1a: Basculegion|1/100
|
|upkeep
|turn|10
|
|t:|1784985755
|move|p1a: Basculegion|Aqua Jet|p2a: Hydreigon
|-resisted|p2a: Hydreigon|1
|-damage|p2a: Hydreigon|0 fnt
|faint|p2a: Hydreigon
|
|win|willem da ally
||willem da ally is ready for game 3.
||Dr.Aero is ready for game 3.
|uhtml|next|Next: Game 3 of 3
|l|☆Dr.Aero
|player|p2|
|j|☆Dr.Aero
|player|p2|Dr.Aero|cyrus|
