|j|☆lillyrosethedemon
|j|☆viatles
|html|lillyrosethedemonviatles    
|uhtml|bestof|Game 2 of a best-of-3
|t:|1783559510
|gametype|doubles
|player|p1|lillyrosethedemon|madame|1167
|player|p2|viatles|hiker|1184
|gen|9
|tier|[Gen 9 Champions] VGC 2026 Reg M-B (Bo3)
|rated|
|rule|Species Clause: Limit one of each Pokémon
|rule|Item Clause: Limit 1 of each item
|clearpoke
|poke|p1|Garchomp, L50, M|
|poke|p1|Milotic, L50, M|
|poke|p1|Staraptor, L50, F|
|poke|p1|Gholdengo, L50|
|poke|p1|Sinistcha, L50|
|poke|p1|Rotom-Heat, L50|
|poke|p2|Beedrill, L50, F, shiny|
|poke|p2|Milotic, L50, M, shiny|
|poke|p2|Talonflame, L50, F, shiny|
|poke|p2|Farigiraf, L50, M|
|poke|p2|Decidueye-Hisui, L50, M|
|poke|p2|Sableye, L50, F|
|teampreview|4
|showteam|p1|Garchomp||LifeOrb|RoughSkin|RockSlide,StompingTantrum,DragonClaw,Protect|Jolly||M|||50|]Milotic||Leftovers|Competitive|MuddyWater,Hypnosis,Coil,Protect|Calm||M|||50|]Staraptor||Staraptite|Intimidate|BraveBird,CloseCombat,Protect,Tailwind|Jolly||F|||50|]Gholdengo||SitrusBerry|GoodasGold|NastyPlot,ShadowBall,MakeItRain,Protect|Modest|||||50|]Sinistcha||CobaBerry|Hospitality|MatchaGotcha,TrickRoom,RagePowder,Protect|Relaxed|||||50|]Rotom-Heat||ChoiceScarf|Levitate|Electroweb,VoltSwitch,Overheat,Thunderbolt|Timid|||||50|
|showteam|p2|Beedrill||Beedrillite|Swarm|Uturn,DrillRun,PoisonJab,Protect|Jolly||F|||50|]Milotic||Leftovers|Competitive|IcyWind,Scald,Protect,LifeDew|Bold||M|||50|]Talonflame||SharpBeak|GaleWings|DualWingbeat,Tailwind,Protect,WillOWisp|Jolly||F|||50|]Farigiraf||SitrusBerry|ArmorTail|TrickRoom,Thunderbolt,TwinBeam,HelpingHand|Bold||M|||50|]Decidueye-Hisui||ScopeLens|Scrappy|Protect,TripleArrows,LeafBlade,SuckerPunch|Adamant||M|||50|]Sableye||RoseliBerry|Prankster|FakeOut,FoulPlay,RainDance,Quash|Sassy||F|||50|
|inactive|Battle timer is ON: inactive players will automatically lose when time's up. (requested by viatles)
|
|t:|1783559531
|teamsize|p1|4
|teamsize|p2|4
|start
|switch|p1a: Staraptor|Staraptor, L50, F|100/100
|switch|p1b: Gholdengo|Gholdengo, L50|100/100
|switch|p2a: Sableye|Sableye, L50, F|100/100
|switch|p2b: Malsumas|Beedrill, L50, F, shiny|100/100
|-ability|p1a: Staraptor|Intimidate|boost
|-unboost|p2a: Sableye|atk|1
|-unboost|p2b: Malsumas|atk|1
|turn|1
|inactive|viatles has 30 seconds left.
|
|t:|1783559559
|switch|p1a: Rotom|Rotom-Heat, L50|100/100
|detailschange|p2b: Malsumas|Beedrill-Mega, L50, F, shiny
|-mega|p2b: Malsumas|Beedrill|Beedrillite
|move|p2a: Sableye|Fake Out|p1a: Rotom
|-damage|p1a: Rotom|92/100
|move|p2b: Malsumas|U-turn|p1b: Gholdengo
|-resisted|p1b: Gholdengo|2
|-damage|p1b: Gholdengo|92/100
|
|t:|1783559567
|switch|p2b: Decidueye|Decidueye-Hisui, L50, M|100/100|[from] U-turn
|move|p1b: Gholdengo|Nasty Plot|p1b: Gholdengo
|-boost|p1b: Gholdengo|spa|2
|
|upkeep
|turn|2
|
|t:|1783559585
|move|p1b: Gholdengo|Protect|p1b: Gholdengo
|-singleturn|p1b: Gholdengo|Protect
|move|p2b: Decidueye|Protect|p2b: Decidueye
|-singleturn|p2b: Decidueye|Protect
|move|p1a: Rotom|Overheat|p2b: Decidueye
|-activate|p2b: Decidueye|move: Protect
|move|p2a: Sableye|Foul Play|p1a: Rotom
|-damage|p1a: Rotom|61/100
|
|upkeep
|turn|3
|inactive|viatles has 30 seconds left.
|inactive|viatles has 20 seconds left.
|inactive|viatles has 15 seconds left.
|
|t:|1783559626
|switch|p1b: Sinistcha|Sinistcha, L50|100/100
|-heal|p1a: Rotom|85/100|[from] ability: Hospitality|[of] p1b: Sinistcha
|move|p2a: Sableye|Quash|p1a: Rotom
|-activate|p1a: Rotom|move: Quash
|move|p2b: Decidueye|Triple Arrows|p1a: Rotom
|-crit|p1a: Rotom
|-damage|p1a: Rotom|0 fnt
|faint|p1a: Rotom
|
|upkeep
|
|t:|1783559636
|switch|p1a: Staraptor|Staraptor, L50, F|100/100
|-ability|p1a: Staraptor|Intimidate|boost
|-unboost|p2a: Sableye|atk|1
|-fail|p2b: Decidueye|unboost|Attack|[from] ability: Scrappy|[of] p2b: Decidueye
|turn|4
|
|t:|1783559654
|detailschange|p1a: Staraptor|Staraptor-Mega, L50, F
|-mega|p1a: Staraptor|Staraptor|Staraptite
|move|p2b: Decidueye|Protect|p2b: Decidueye
|-singleturn|p2b: Decidueye|Protect
|move|p1a: Staraptor|Close Combat|p2b: Decidueye
|-activate|p2b: Decidueye|move: Protect
|move|p1b: Sinistcha|Matcha Gotcha|p2b: Decidueye|[spread] p2a
|-activate|p2b: Decidueye|move: Protect
|-damage|p2a: Sableye|71/100
|move|p2a: Sableye|Foul Play|p1a: Staraptor
|-resisted|p1a: Staraptor|1
|-damage|p1a: Staraptor|71/100
|
|upkeep
|turn|5
|inactive|viatles has 30 seconds left.
|
|t:|1783559684
|move|p2b: Decidueye|Sucker Punch|p1a: Staraptor
|-resisted|p1a: Staraptor|1
|-damage|p1a: Staraptor|59/100
|move|p1a: Staraptor|Brave Bird|p2b: Decidueye
|-supereffective|p2b: Decidueye|2
|-damage|p2b: Decidueye|0 fnt
|faint|p2b: Decidueye
|-damage|p1a: Staraptor|21/100|[from] Recoil
|move|p1b: Sinistcha|Matcha Gotcha|p2a: Sableye
|-damage|p2a: Sableye|34/100
|move|p2a: Sableye|Foul Play|p1b: Sinistcha
|-supereffective|p1b: Sinistcha|1
|-damage|p1b: Sinistcha|61/100
|
|upkeep
|
|t:|1783559703
|switch|p2b: Pentious|Milotic, L50, M, shiny|100/100
|turn|6
|
|t:|1783559715
|move|p1a: Staraptor|Protect|p1a: Staraptor
|-singleturn|p1a: Staraptor|Protect
|move|p2b: Pentious|Protect|p2b: Pentious
|-singleturn|p2b: Pentious|Protect
|move|p1b: Sinistcha|Matcha Gotcha|p2b: Pentious|[spread] p2a
|-activate|p2b: Pentious|move: Protect
|-damage|p2a: Sableye|7/100
|-heal|p1b: Sinistcha|73/100|[from] drain|[of] p2a: Sableye
|move|p2a: Sableye|Foul Play|p1a: Staraptor
|-activate|p1a: Staraptor|move: Protect
|
|upkeep
|turn|7
|
|t:|1783559736
|move|p2a: Sableye|Quash|p1a: Staraptor
|-activate|p1a: Staraptor|move: Quash
|move|p2b: Pentious|Icy Wind|p1b: Sinistcha|[spread] p1a,p1b
|-supereffective|p1a: Staraptor|1
|-supereffective|p1b: Sinistcha|1
|-damage|p1a: Staraptor|0 fnt
|-damage|p1b: Sinistcha|53/100
|-unboost|p1b: Sinistcha|spe|1
|faint|p1a: Staraptor
|move|p1b: Sinistcha|Matcha Gotcha|p2b: Pentious|[spread] p2a,p2b
|-supereffective|p2b: Pentious|1
|-damage|p2a: Sableye|0 fnt
|-heal|p1b: Sinistcha|56/100|[from] drain|[of] p2a: Sableye
|-damage|p2b: Pentious|65/100
|-heal|p1b: Sinistcha|75/100|[from] drain|[of] p2b: Pentious
|faint|p2a: Sableye
|
|-heal|p2b: Pentious|71/100|[from] item: Leftovers
|upkeep
|
|t:|1783559752
|switch|p1a: Gholdengo|Gholdengo, L50|92/100
|switch|p2a: Malsumas|Beedrill-Mega, L50, F, shiny|100/100
|turn|8
|
|t:|1783559765
|move|p2a: Malsumas|Poison Jab|p1b: Sinistcha
|-damage|p1b: Sinistcha|20/100y
|move|p1a: Gholdengo|Nasty Plot|p1a: Gholdengo
|-boost|p1a: Gholdengo|spa|2
|move|p2b: Pentious|Icy Wind|p1a: Gholdengo|[spread] p1a,p1b
|-resisted|p1a: Gholdengo|1
|-supereffective|p1b: Sinistcha|1
|-damage|p1a: Gholdengo|87/100
|-damage|p1b: Sinistcha|0 fnt
|-unboost|p1a: Gholdengo|spe|1
|faint|p1b: Sinistcha
|
|-heal|p2b: Pentious|78/100|[from] item: Leftovers
|upkeep
|turn|9
|
|t:|1783559781
|move|p2a: Malsumas|Protect|p2a: Malsumas
|-singleturn|p2a: Malsumas|Protect
|move|p2b: Pentious|Scald|p1a: Gholdengo
|-damage|p1a: Gholdengo|57/100
|-status|p1a: Gholdengo|brn
|move|p1a: Gholdengo|Shadow Ball|p2a: Malsumas
|-activate|p2a: Malsumas|move: Protect
|
|-heal|p2b: Pentious|84/100|[from] item: Leftovers
|-damage|p1a: Gholdengo|51/100 brn|[from] brn
|upkeep
|turn|10
|
|t:|1783559796
|move|p2a: Malsumas|Drill Run|p1a: Gholdengo
|-supereffective|p1a: Gholdengo|1
|-damage|p1a: Gholdengo|0 fnt
|faint|p1a: Gholdengo
|
|win|viatles
||lillyrosethedemon is ready for game 3.
|l|☆lillyrosethedemon
|player|p1|
