|j|☆mumu2
|j|☆UtsuruK
|html|mumu2UtsuruK    
|uhtml|bestof|Game 2 of a best-of-3
|t:|1785370745
|gametype|doubles
|player|p1|mumu2|cyclistf|
|player|p2|UtsuruK|depotagent|
|gen|9
|tier|[Gen 9 Champions] VGC 2026 Reg M-B (Bo3)
|rule|Species Clause: Limit one of each Pokémon
|rule|Item Clause: Limit 1 of each item
|clearpoke
|poke|p1|Alcremie, L50, F|
|poke|p1|Blaziken, L50, F|
|poke|p1|Aegislash, L50, M|
|poke|p1|Hydreigon, L50, F|
|poke|p1|Heliolisk, L50, F|
|poke|p1|Glimmora, L50, F|
|poke|p2|Chimecho, L50, F|
|poke|p2|Sableye, L50, F|
|poke|p2|Mimikyu, L50, M|
|poke|p2|Corviknight, L50, F|
|poke|p2|Politoed, L50, M|
|poke|p2|Venusaur, L50, M|
|teampreview|4
|showteam|p1|Alcremie||FocusSash|SweetVeil|Decorate,Protect,HelpingHand,DazzlingGleam|Calm||F|||50|]Blaziken||Blazikenite|SpeedBoost|CloseCombat,Overheat,RockSlide,Protect|Lonely||F|||50|]Aegislash||SpellTag|StanceChange|ShadowBall,FlashCannon,WideGuard,KingsShield|Calm||M|||50|]Hydreigon||ChoiceScarf|Levitate|DracoMeteor,DarkPulse,Snarl,HeatWave|Timid||F|||50|]Heliolisk||SitrusBerry|DrySkin|Electroweb,ShedTail,Thunderbolt,VoltSwitch|Timid||F|||50|]Glimmora||Glimmoranite|ToxicDebris|SludgeBomb,SpikyShield,PowerGem,EarthPower|Timid||F|||50|
|showteam|p2|Chimecho||Chimechite|Levitate|FlashCannon,StoredPower,CalmMind,Recover|Quiet||F|||50|]Sableye||LightClay|Prankster|Reflect,LightScreen,Encore,Taunt|Calm||F|||50|]Mimikyu||MentalHerb|Disguise|ShadowSneak,PlayRough,TrickRoom,WillOWisp|Adamant||M|||50|]Corviknight||Leftovers|Pressure|BulkUp,BraveBird,Tailwind,Protect|Careful||F|||50|]Politoed||SitrusBerry|Drizzle|WeatherBall,IceBeam,Encore,Protect|Modest||M|||50|]Venusaur||Venusaurite|Chlorophyll|EarthPower,EnergyBall,SludgeBomb,Protect|Modest||M|||50|
|j| FIR Zants
|j| PatuDucc
|l| PatuDucc
|j| PatuDucc
|l| PatuDucc
|
|t:|1785370784
|teamsize|p1|4
|teamsize|p2|4
|start
|switch|p1a: Alcremie|Alcremie, L50, F|100/100
|switch|p1b: Aegislash|Aegislash, L50, M|100/100
|switch|p2a: Sableye|Sableye, L50, F|100/100
|switch|p2b: Corviknight|Corviknight, L50, F|100/100
|-ability|p2b: Corviknight|Pressure
|turn|1
|j| FIR patu.
|
|t:|1785370798
|move|p2a: Sableye|Taunt|p1a: Alcremie
|-start|p1a: Alcremie|move: Taunt
|move|p2b: Corviknight|Bulk Up|p2b: Corviknight
|-boost|p2b: Corviknight|atk|1
|-boost|p2b: Corviknight|def|1
|cant|p1a: Alcremie|move: Taunt|Decorate
|-formechange|p1b: Aegislash|Aegislash-Blade|
|move|p1b: Aegislash|Shadow Ball|p2a: Sableye
|-damage|p2a: Sableye|53/100
|
|upkeep
|turn|2
|
|t:|1785370821
|move|p2a: Sableye|Light Screen|p2a: Sableye
|-sidestart|p2: UtsuruK|move: Light Screen
|move|p2b: Corviknight|Bulk Up|p2b: Corviknight
|-boost|p2b: Corviknight|atk|1
|-boost|p2b: Corviknight|def|1
|move|p1a: Alcremie|Dazzling Gleam|p2a: Sableye|[spread] p2a,p2b
|-supereffective|p2a: Sableye|1
|-resisted|p2b: Corviknight|1
|-damage|p2a: Sableye|20/100y
|-damage|p2b: Corviknight|92/100
|move|p1b: Aegislash|Shadow Ball|p2b: Corviknight
|-damage|p2b: Corviknight|67/100
|
|-heal|p2b: Corviknight|73/100|[from] item: Leftovers
|upkeep
|turn|3
|
|t:|1785370847
|move|p2a: Sableye|Reflect|p2a: Sableye
|-sidestart|p2: UtsuruK|Reflect
|move|p2b: Corviknight|Brave Bird|p1b: Aegislash
|-resisted|p1b: Aegislash|1
|-damage|p1b: Aegislash|31/100
|-damage|p2b: Corviknight|55/100|[from] Recoil
|move|p1a: Alcremie|Dazzling Gleam|p2b: Corviknight|[spread] p2a,p2b
|-supereffective|p2a: Sableye|1
|-resisted|p2b: Corviknight|1
|-damage|p2a: Sableye|0 fnt
|-damage|p2b: Corviknight|48/100
|faint|p2a: Sableye
|move|p1b: Aegislash|Shadow Ball|p2b: Corviknight
|-damage|p2b: Corviknight|22/100
|-unboost|p2b: Corviknight|spd|1
|
|-heal|p2b: Corviknight|28/100|[from] item: Leftovers
|-end|p1a: Alcremie|move: Taunt
|upkeep
|
|t:|1785370862
|switch|p2a: Mimikyu|Mimikyu, L50, M|100/100
|turn|4
|
|t:|1785370879
|move|p2b: Corviknight|Protect|p2b: Corviknight
|-singleturn|p2b: Corviknight|Protect
|-formechange|p1b: Aegislash|Aegislash|
|move|p1b: Aegislash|King's Shield|p1b: Aegislash
|-singleturn|p1b: Aegislash|Protect
|move|p2a: Mimikyu|Shadow Sneak|p1b: Aegislash
|-activate|p1b: Aegislash|move: Protect
|-unboost|p2a: Mimikyu|atk|1
|move|p1a: Alcremie|Dazzling Gleam|p2a: Mimikyu|[spread] p2a
|-activate|p2b: Corviknight|move: Protect
|-activate|p2a: Mimikyu|ability: Disguise
|-damage|p2a: Mimikyu|100/100
|detailschange|p2a: Mimikyu|Mimikyu-Busted, L50, M
|-damage|p2a: Mimikyu|87/100|[from] pokemon: Mimikyu-Busted
|
|-heal|p2b: Corviknight|34/100|[from] item: Leftovers
|upkeep
|turn|5
|
|t:|1785370901
|switch|p1b: Heliolisk|Heliolisk, L50, F|100/100
|move|p2a: Mimikyu|Shadow Sneak|p1b: Heliolisk
|-immune|p1b: Heliolisk
|move|p2b: Corviknight|Brave Bird|p1b: Heliolisk
|-resisted|p1b: Heliolisk|1
|-damage|p1b: Heliolisk|35/100
|-enditem|p1b: Heliolisk|Sitrus Berry|[eat]
|-heal|p1b: Heliolisk|60/100|[from] item: Sitrus Berry
|-damage|p2b: Corviknight|17/100|[from] Recoil
|move|p1a: Alcremie|Dazzling Gleam|p2a: Mimikyu|[spread] p2a,p2b
|-resisted|p2b: Corviknight|1
|-damage|p2a: Mimikyu|71/100
|-damage|p2b: Corviknight|7/100
|
|-heal|p2b: Corviknight|13/100|[from] item: Leftovers
|upkeep
|turn|6
|
|t:|1785370937
|move|p1a: Alcremie|Helping Hand|p1b: Heliolisk
|-singleturn|p1b: Heliolisk|Helping Hand|[of] p1a: Alcremie
|move|p2b: Corviknight|Protect|p2b: Corviknight
|-singleturn|p2b: Corviknight|Protect
|move|p1b: Heliolisk|Electroweb|p2b: Corviknight|[spread] p2a
|-activate|p2b: Corviknight|move: Protect
|-damage|p2a: Mimikyu|54/100
|-unboost|p2a: Mimikyu|spe|1
|move|p2a: Mimikyu|Play Rough|p1b: Heliolisk|[miss]
|-miss|p2a: Mimikyu|p1b: Heliolisk
|
|-heal|p2b: Corviknight|19/100|[from] item: Leftovers
|upkeep
|turn|7
|
|t:|1785370965
|switch|p2b: Venusaur|Venusaur, L50, M|100/100
|move|p1a: Alcremie|Helping Hand|p1b: Heliolisk
|-singleturn|p1b: Heliolisk|Helping Hand|[of] p1a: Alcremie
|move|p1b: Heliolisk|Electroweb|p2b: Venusaur|[spread] p2a,p2b
|-resisted|p2b: Venusaur|1
|-damage|p2a: Mimikyu|35/100
|-damage|p2b: Venusaur|90/100
|-unboost|p2a: Mimikyu|spe|1
|-unboost|p2b: Venusaur|spe|1
|move|p2a: Mimikyu|Play Rough|p1b: Heliolisk
|-damage|p1b: Heliolisk|7/100
|
|upkeep
|turn|8
|
|t:|1785371022
|detailschange|p2b: Venusaur|Venusaur-Mega, L50, M
|-mega|p2b: Venusaur|Venusaur|Venusaurite
|move|p1a: Alcremie|Helping Hand|p1b: Heliolisk
|-singleturn|p1b: Heliolisk|Helping Hand|[of] p1a: Alcremie
|move|p2b: Venusaur|Protect|p2b: Venusaur
|-singleturn|p2b: Venusaur|Protect
|move|p1b: Heliolisk|Thunderbolt|p2a: Mimikyu
|-damage|p2a: Mimikyu|0 fnt
|faint|p2a: Mimikyu
|
|upkeep
|
|t:|1785371031
|switch|p2a: Corviknight|Corviknight, L50, F|19/100
|-ability|p2a: Corviknight|Pressure
|turn|9
|
|t:|1785371046
|move|p1a: Alcremie|Helping Hand|p1b: Heliolisk
|-singleturn|p1b: Heliolisk|Helping Hand|[of] p1a: Alcremie
|move|p2a: Corviknight|Protect|p2a: Corviknight
|-singleturn|p2a: Corviknight|Protect
|move|p1b: Heliolisk|Electroweb|p2b: Venusaur|[spread] p2b
|-activate|p2a: Corviknight|move: Protect
|-resisted|p2b: Venusaur|1
|-crit|p2b: Venusaur
|-damage|p2b: Venusaur|73/100
|-unboost|p2b: Venusaur|spe|1
|move|p2b: Venusaur|Earth Power|p1b: Heliolisk
|-supereffective|p1b: Heliolisk|1
|-damage|p1b: Heliolisk|0 fnt
|faint|p1b: Heliolisk
|
|-heal|p2a: Corviknight|25/100|[from] item: Leftovers
|-sideend|p2: UtsuruK|move: Light Screen
|upkeep
|
|t:|1785371053
|switch|p1b: Glimmora|Glimmora, L50, F|100/100
|turn|10
|
|t:|1785371073
|detailschange|p1b: Glimmora|Glimmora-Mega, L50, F
|-mega|p1b: Glimmora|Glimmora|Glimmoranite
|move|p1b: Glimmora|Spiky Shield|p1b: Glimmora
|-singleturn|p1b: Glimmora|move: Protect
|move|p2a: Corviknight|Tailwind|p2a: Corviknight
|-sidestart|p2: UtsuruK|move: Tailwind
|move|p2b: Venusaur|Earth Power|p1b: Glimmora
|-activate|p1b: Glimmora|move: Protect
|move|p1a: Alcremie|Decorate|p1b: Glimmora
|-boost|p1b: Glimmora|atk|2
|-boost|p1b: Glimmora|spa|2
|
|-heal|p2a: Corviknight|31/100|[from] item: Leftovers
|-sideend|p2: UtsuruK|Reflect
|upkeep
|turn|11
|
|t:|1785371122
|move|p1a: Alcremie|Helping Hand|p1b: Glimmora
|-singleturn|p1b: Glimmora|Helping Hand|[of] p1a: Alcremie
|move|p2a: Corviknight|Brave Bird|p1b: Glimmora
|-resisted|p1b: Glimmora|1
|-damage|p1b: Glimmora|80/100
|-damage|p2a: Corviknight|26/100|[from] Recoil
|move|p1b: Glimmora|Sludge Bomb|p2b: Venusaur
|-damage|p2b: Venusaur|0 fnt
|faint|p2b: Venusaur
|
|-heal|p2a: Corviknight|32/100|[from] item: Leftovers
|upkeep
|turn|12
|
|t:|1785371135
|move|p1a: Alcremie|Helping Hand|p1b: Glimmora
|-singleturn|p1b: Glimmora|Helping Hand|[of] p1a: Alcremie
|move|p2a: Corviknight|Brave Bird|p1a: Alcremie
|-damage|p1a: Alcremie|51/100
|-damage|p2a: Corviknight|18/100|[from] Recoil
|move|p1b: Glimmora|Power Gem|p2a: Corviknight
|-damage|p2a: Corviknight|0 fnt
|faint|p2a: Corviknight
|
|win|mumu2
|l|☆UtsuruK
|player|p2|
|l| FIR Zants
|l| FIR patu.
