|j|☆exessevio
|j|‽candangacheche
|html|exesseviocandangacheche    
|uhtml|bestof|Game 2 of a best-of-3
|t:|1785255046
|gametype|doubles
|player|p1|exessevio|265|1120
|player|p2|candangacheche|2|1132
|gen|9
|tier|[Gen 9 Champions] VGC 2026 Reg M-B (Bo3)
|rated|
|rule|Species Clause: Limit one of each Pokémon
|rule|Item Clause: Limit 1 of each item
|clearpoke
|poke|p1|Heracross, L50, F|
|poke|p1|Chandelure, L50, M|
|poke|p1|Gliscor, L50, F|
|poke|p1|Sceptile, L50, F|
|poke|p1|Feraligatr, L50, F|
|poke|p1|Sharpedo, L50, M|
|poke|p2|Delphox, L50, F, shiny|
|poke|p2|Grimmsnarl, L50, M, shiny|
|poke|p2|Garchomp, L50, M, shiny|
|poke|p2|Sylveon, L50, F|
|poke|p2|Kingambit, L50, F|
|poke|p2|Venusaur, L50, F|
|teampreview|4
|showteam|p1|Heracross||Heracronite|Swarm|CloseCombat,PinMissile,BulletSeed,Detect|Adamant||F|||50|]Chandelure||Chandelurite|Infiltrator|HeatWave,ShadowBall,Protect,Flamethrower|Modest||M|||50|]Gliscor||SitrusBerry|HyperCutter|DualWingbeat,HighHorsepower,Protect,Tailwind|Adamant||F|||50|]Sceptile||WhiteHerb|Unburden|LeafStorm,RockTomb,QuickGuard,EarthPower|Timid||F|||50|]Feraligatr||LifeOrb|SheerForce|AquaJet,Liquidation,Protect,IcePunch|Adamant||F|||50|]Sharpedo||FocusSash|SpeedBoost|Crunch,Liquidation,PsychicFangs,Protect|Adamant||M|||50|
|showteam|p2|Delphox||Delphoxite|Blaze|Protect,HeatWave,NastyPlot,Psychic|Timid||F|||50|]Grimmsnarl||LightClay|Prankster|LightScreen,Reflect,PartingShot,FoulPlay|Careful||M|||50|]Garchomp||LifeOrb|RoughSkin|DragonClaw,Earthquake,Protect,ThunderFang|Adamant||M|||50|]Sylveon||FairyFeather|Pixilate|HyperVoice,HyperBeam,QuickAttack,Detect|Timid||F|||50|]Kingambit||FocusSash|Defiant|SuckerPunch,KowtowCleave,Protect,IronHead|Adamant||F|||50|]Venusaur||Venusaurite|Chlorophyll|GigaDrain,EarthPower,SludgeBomb,Protect|Modest||F|||50|
|inactive|Battle timer is ON: inactive players will automatically lose when time's up. (requested by candangacheche)
|
|t:|1785255063
|teamsize|p1|4
|teamsize|p2|4
|start
|switch|p1a: Gliscor|Gliscor, L50, F|100/100
|switch|p1b: Feraligatr|Feraligatr, L50, F|100/100
|switch|p2a: Grimmsnarl|Grimmsnarl, L50, M, shiny|100/100
|switch|p2b: Venusaur|Venusaur, L50, F|100/100
|turn|1
|inactive|exessevio has 30 seconds left.
|inactive|exessevio has 20 seconds left.
|inactive|exessevio has 15 seconds left.
|inactive|exessevio has 10 seconds left.
|
|t:|1785255109
|detailschange|p2b: Venusaur|Venusaur-Mega, L50, F
|-mega|p2b: Venusaur|Venusaur|Venusaurite
|move|p1b: Feraligatr|Protect|p1b: Feraligatr
|-singleturn|p1b: Feraligatr|Protect
|move|p2a: Grimmsnarl|Reflect|p2a: Grimmsnarl
|-sidestart|p2: candangacheche|Reflect
|move|p2b: Venusaur|Giga Drain|p1a: Gliscor
|-damage|p1a: Gliscor|53/100
|move|p1a: Gliscor|Tailwind|p1a: Gliscor
|-sidestart|p1: exessevio|move: Tailwind
|
|upkeep
|turn|2
|
|t:|1785255132
|move|p2b: Venusaur|Protect|p2b: Venusaur
|-singleturn|p2b: Venusaur|Protect
|move|p1b: Feraligatr|Ice Punch|p2b: Venusaur
|-activate|p2b: Venusaur|move: Protect
|move|p1a: Gliscor|Dual Wingbeat|p2b: Venusaur
|-activate|p2b: Venusaur|move: Protect
|move|p2a: Grimmsnarl|Foul Play|p1a: Gliscor
|-damage|p1a: Gliscor|22/100
|-enditem|p1a: Gliscor|Sitrus Berry|[eat]
|-heal|p1a: Gliscor|47/100|[from] item: Sitrus Berry
|
|upkeep
|turn|3
|
|t:|1785255147
|switch|p2b: Garchomp|Garchomp, L50, M, shiny|100/100
|move|p2a: Grimmsnarl|Parting Shot|p1b: Feraligatr
|-unboost|p1b: Feraligatr|atk|1
|-unboost|p1b: Feraligatr|spa|1
|
|t:|1785255152
|switch|p2a: Venusaur|Venusaur-Mega, L50, F|100/100|[from] Parting Shot
|move|p1b: Feraligatr|Ice Punch|p2b: Garchomp
|-supereffective|p2b: Garchomp|2
|-damage|p2b: Garchomp|31/100
|-damage|p1b: Feraligatr|87/100|[from] ability: Rough Skin|[of] p2b: Garchomp
|move|p1a: Gliscor|Dual Wingbeat|p2b: Garchomp|[miss]
|-miss|p1a: Gliscor|p2b: Garchomp
|
|upkeep
|turn|4
|
|t:|1785255176
|switch|p1a: Chandelure|Chandelure, L50, M|100/100
|switch|p2b: Grimmsnarl|Grimmsnarl, L50, M, shiny|100/100
|move|p1b: Feraligatr|Ice Punch|p2b: Grimmsnarl
|-damage|p2b: Grimmsnarl|79/100
|move|p2a: Venusaur|Giga Drain|p1a: Chandelure
|-resisted|p1a: Chandelure|1
|-damage|p1a: Chandelure|72/100
|
|-sideend|p1: exessevio|move: Tailwind
|upkeep
|turn|5
|
|t:|1785255199
|detailschange|p1a: Chandelure|Chandelure-Mega, L50, M
|-mega|p1a: Chandelure|Chandelure|Chandelurite
|move|p2a: Venusaur|Protect|p2a: Venusaur
|-singleturn|p2a: Venusaur|Protect
|move|p2b: Grimmsnarl|Light Screen|p2b: Grimmsnarl
|-sidestart|p2: candangacheche|move: Light Screen
|move|p1a: Chandelure|Flamethrower|p2a: Venusaur
|-activate|p2a: Venusaur|move: Protect
|move|p1b: Feraligatr|Ice Punch|p2a: Venusaur
|-activate|p2a: Venusaur|move: Protect
|
|upkeep
|turn|6
|
|t:|1785255214
|switch|p2a: Garchomp|Garchomp, L50, M, shiny|31/100
|move|p1b: Feraligatr|Protect|p1b: Feraligatr
|-singleturn|p1b: Feraligatr|Protect
|move|p1a: Chandelure|Flamethrower|p2a: Garchomp
|-resisted|p2a: Garchomp|1
|-damage|p2a: Garchomp|3/100
|move|p2b: Grimmsnarl|Foul Play|p1a: Chandelure
|-supereffective|p1a: Chandelure|1
|-damage|p1a: Chandelure|9/100
|
|upkeep
|turn|7
|
|t:|1785255237
|move|p1a: Chandelure|Heat Wave|p2a: Garchomp|[spread] p2a,p2b
|-resisted|p2a: Garchomp|1
|-damage|p2a: Garchomp|0 fnt
|-damage|p2b: Grimmsnarl|34/100
|faint|p2a: Garchomp
|move|p1b: Feraligatr|Liquidation|p2b: Grimmsnarl
|-damage|p2b: Grimmsnarl|1/100
|move|p2b: Grimmsnarl|Foul Play|p1a: Chandelure
|-supereffective|p1a: Chandelure|1
|-damage|p1a: Chandelure|0 fnt
|faint|p1a: Chandelure
|
|upkeep
|
|t:|1785255251
|switch|p1a: Gliscor|Gliscor, L50, F|47/100
|switch|p2a: Venusaur|Venusaur-Mega, L50, F|100/100
|turn|8
|
|t:|1785255265
|move|p1b: Feraligatr|Protect|p1b: Feraligatr
|-singleturn|p1b: Feraligatr|Protect
|move|p2b: Grimmsnarl|Parting Shot|p1b: Feraligatr
|-activate|p1b: Feraligatr|move: Protect
|move|p2a: Venusaur|Giga Drain|p1a: Gliscor
|-damage|p1a: Gliscor|0 fnt
|faint|p1a: Gliscor
|
|-sideend|p2: candangacheche|Reflect
|upkeep
|
|t:|1785255273
|switch|p1a: Sharpedo|Sharpedo, L50, M|100/100
|turn|9
|
|t:|1785255279
|move|p1b: Feraligatr|Aqua Jet|p2b: Grimmsnarl
|-damage|p2b: Grimmsnarl|0 fnt
|faint|p2b: Grimmsnarl
|-damage|p1b: Feraligatr|77/100|[from] item: Life Orb
|move|p1a: Sharpedo|Psychic Fangs|p2a: Venusaur
|-sideend|p2: candangacheche|move: Light Screen
|-supereffective|p2a: Venusaur|1
|-damage|p2a: Venusaur|42/100
|move|p2a: Venusaur|Giga Drain|p1b: Feraligatr
|-supereffective|p1b: Feraligatr|1
|-damage|p1b: Feraligatr|0 fnt
|-heal|p2a: Venusaur|82/100|[from] drain|[of] p1b: Feraligatr
|faint|p1b: Feraligatr
|
|-ability|p1a: Sharpedo|Speed Boost|boost
|-boost|p1a: Sharpedo|spe|1
|upkeep
|
|t:|1785255293
|switch|p2b: Sylveon|Sylveon, L50, F|100/100
|turn|10
|
|t:|1785255299
|move|p1a: Sharpedo|Psychic Fangs|p2a: Venusaur
|-supereffective|p2a: Venusaur|1
|-damage|p2a: Venusaur|21/100
|move|p2a: Venusaur|Giga Drain|p1a: Sharpedo
|-supereffective|p1a: Sharpedo|1
|-enditem|p1a: Sharpedo|Focus Sash
|-damage|p1a: Sharpedo|1/100
|-heal|p2a: Venusaur|67/100|[from] drain|[of] p1a: Sharpedo
|move|p2b: Sylveon|Hyper Voice|p1a: Sharpedo
|-supereffective|p1a: Sharpedo|1
|-damage|p1a: Sharpedo|0 fnt
|faint|p1a: Sharpedo
|
|win|candangacheche
||exessevio is ready for game 3.
||candangacheche is ready for game 3.
|uhtml|next|Next: Game 3 of 3
|l|‽candangacheche
|player|p2|
