|j|☆ShadowJeffX
|j|☆flight30flight4
|html|ShadowJeffXflight30flight4    
|uhtml|bestof|Game 1 of a best-of-3
|t:|1757738904
|gametype|doubles
|player|p1|ShadowJeffX|ethan|1163
|player|p2|flight30flight4|1|1273
|gen|9
|tier|[Gen 9] VGC 2025 Reg H (Bo3)
|rated|
|rule|Species Clause: Limit one of each Pokémon
|rule|Item Clause: Limit 1 of each item
|clearpoke
|poke|p1|Excadrill, L50, F|
|poke|p1|Tyranitar, L50, M|
|poke|p1|Sneasler, L50, M|
|poke|p1|Indeedee, L50, M|
|poke|p1|Dondozo, L50, F|
|poke|p1|Tatsugiri, L50, F|
|poke|p2|Ursaluna-Bloodmoon, L50, M|
|poke|p2|Rillaboom, L50, M|
|poke|p2|Porygon2, L50|
|poke|p2|Sneasler, L50, F|
|poke|p2|Pelipper, L50, F|
|poke|p2|Archaludon, L50, M|
|teampreview|4
|showteam|p1|Excadrill||FocusSash|SandRush|IronHead,HighHorsepower,Earthquake,Protect|||F|||50|,,,,,Stellar]Tyranitar||AssaultVest|SandStream|RockSlide,KnockOff,TeraBlast,LowKick|||M|||50|,,,,,Flying]Sneasler||PsychicSeed|Unburden|DireClaw,CloseCombat,ThroatChop,Protect|||M|||50|,,,,,Dark]Indeedee||ChoiceScarf|PsychicSurge|ExpandingForce,TeraBlast,Protect,Trick|||M|||50|,,,,,Psychic]Dondozo||Leftovers|Unaware|Earthquake,WaveCrash,Protect,OrderUp|||F|||50|,,,,,Grass]Tatsugiri||LifeOrb|Commander|MuddyWater,DracoMeteor,DragonPulse,Protect|||F|||50|,,,,,Dragon
|showteam|p2|Ursaluna-Bloodmoon||AssaultVest|MindsEye|BloodMoon,EarthPower,HyperVoice,VacuumWave|||M|||50|,,,,,Grass]Rillaboom||LoadedDice|GrassySurge|GrassyGlide,BulletSeed,Uturn,FakeOut|||M|||50|,,,,,Fire]Porygon2||Eviolite|Download|TeraBlast,IceBeam,Protect,TrickRoom||||||50|,,,,,Flying]Sneasler||GrassySeed|Unburden|DireClaw,CloseCombat,Protect,Acrobatics|||F|||50|,,,,,Flying]Pelipper||FocusSash|Drizzle|WeatherBall,Hurricane,Tailwind,Protect|||F|||50|,,,,,Ghost]Archaludon||PowerHerb|Stamina|ElectroShot,BodyPress,DragonPulse,Snarl|||M|||50|,,,,,Bug
|
|t:|1757738921
|teamsize|p1|4
|teamsize|p2|4
|start
|switch|p1a: Sneasler|Sneasler, L50, M|100/100
|switch|p1b: Dondozo|Dondozo, L50, F|100/100
|switch|p2a: Rillaboom|Rillaboom, L50, M|100/100
|switch|p2b: Sneasler|Sneasler, L50, F|100/100
|-fieldstart|move: Grassy Terrain|[from] ability: Grassy Surge|[of] p2a: Rillaboom
|-enditem|p2b: Sneasler|Grassy Seed
|-boost|p2b: Sneasler|def|1|[from] item: Grassy Seed
|turn|1
|
|t:|1757738943
|switch|p1b: Indeedee|Indeedee, L50, M|100/100
|-fieldstart|move: Psychic Terrain|[from] ability: Psychic Surge|[of] p1b: Indeedee
|-enditem|p1a: Sneasler|Psychic Seed
|-boost|p1a: Sneasler|spd|1|[from] item: Psychic Seed
|move|p2a: Rillaboom|Fake Out|p1a: Sneasler
|-activate|p1a: Sneasler|move: Psychic Terrain
|move|p1a: Sneasler|Dire Claw|p2a: Rillaboom
|-supereffective|p2a: Rillaboom
|-damage|p2a: Rillaboom|11/100
|-status|p2a: Rillaboom|slp
|move|p2b: Sneasler|Dire Claw|p1b: Indeedee
|-damage|p1b: Indeedee|0 fnt
|faint|p1b: Indeedee
|
|upkeep
|
|t:|1757738957
|switch|p1b: Dondozo|Dondozo, L50, F|100/100
|turn|2
|
|t:|1757738980
|switch|p1a: Tatsugiri|Tatsugiri, L50, F|100/100
|-activate|p1a: Tatsugiri|ability: Commander|[of] p1b: Dondozo
|-boost|p1b: Dondozo|atk|2
|-boost|p1b: Dondozo|spa|2
|-boost|p1b: Dondozo|spe|2
|-boost|p1b: Dondozo|def|2
|-boost|p1b: Dondozo|spd|2
|-terastallize|p2b: Sneasler|Flying
|move|p2b: Sneasler|Acrobatics|p1a: Tatsugiri|[miss]
|-miss|p2b: Sneasler|p1a: Tatsugiri
|move|p1b: Dondozo|Order Up|p2a: Rillaboom
|-damage|p2a: Rillaboom|0 fnt
|faint|p2a: Rillaboom
|-boost|p1b: Dondozo|atk|1
|
|upkeep
|
|t:|1757738986
|switch|p2a: Archaludon|Archaludon, L50, M|100/100
|turn|3
|
|t:|1757739011
|switch|p2a: Pelipper|Pelipper, L50, F|100/100
|-weather|RainDance|[from] ability: Drizzle|[of] p2a: Pelipper
|move|p2b: Sneasler|Dire Claw|p1b: Dondozo
|-damage|p1b: Dondozo|83/100
|-status|p1b: Dondozo|slp
|cant|p1b: Dondozo|slp
|
|-weather|RainDance|[upkeep]
|-heal|p1b: Dondozo|89/100 slp|[from] item: Leftovers
|upkeep
|turn|4
|
|t:|1757739024
|switch|p2b: Archaludon|Archaludon, L50, M|100/100
|cant|p1b: Dondozo|slp
|move|p2a: Pelipper|Tailwind|p2a: Pelipper
|-sidestart|p2: flight30flight4|move: Tailwind
|
|-weather|RainDance|[upkeep]
|-heal|p1b: Dondozo|96/100 slp|[from] item: Leftovers
|upkeep
|turn|5
|
|t:|1757739040
|-terastallize|p1b: Dondozo|Grass
|move|p2a: Pelipper|Hurricane|p1b: Dondozo
|-supereffective|p1b: Dondozo
|-damage|p1b: Dondozo|55/100 slp
|-start|p1b: Dondozo|confusion
|cant|p1b: Dondozo|slp
|move|p2b: Archaludon|Electro Shot||[still]
|-prepare|p2b: Archaludon|Electro Shot
|-boost|p2b: Archaludon|spa|1
|-anim|p2b: Archaludon|Electro Shot|p1b: Dondozo
|-resisted|p1b: Dondozo
|-damage|p1b: Dondozo|46/100 slp
|
|-weather|RainDance|[upkeep]
|-heal|p1b: Dondozo|52/100 slp|[from] item: Leftovers
|-fieldend|move: Psychic Terrain
|upkeep
|turn|6
|
|t:|1757739055
|-curestatus|p1b: Dondozo|slp|[msg]
|-activate|p1b: Dondozo|confusion
|move|p1b: Dondozo|Protect|p1b: Dondozo
|-singleturn|p1b: Dondozo|Protect
|move|p2a: Pelipper|Hurricane|p1b: Dondozo
|-activate|p1b: Dondozo|move: Protect
|move|p2b: Archaludon|Electro Shot||[still]
|-prepare|p2b: Archaludon|Electro Shot
|-boost|p2b: Archaludon|spa|1
|-anim|p2b: Archaludon|Electro Shot|p1b: Dondozo
|-activate|p1b: Dondozo|move: Protect
|
|-weather|RainDance|[upkeep]
|-heal|p1b: Dondozo|58/100|[from] item: Leftovers
|upkeep
|turn|7
|
|t:|1757739070
|move|p2a: Pelipper|Hurricane|p1b: Dondozo
|-supereffective|p1b: Dondozo
|-damage|p1b: Dondozo|13/100
|-activate|p1b: Dondozo|confusion
|move|p1b: Dondozo|Order Up|p2a: Pelipper
|-damage|p2a: Pelipper|39/100
|-boost|p1b: Dondozo|atk|1
|move|p2b: Archaludon|Dragon Pulse|p1b: Dondozo
|-damage|p1b: Dondozo|0 fnt
|faint|p1b: Dondozo
|
|-weather|none
|-sideend|p2: flight30flight4|move: Tailwind
|upkeep
|
|t:|1757739081
|switch|p1b: Sneasler|Sneasler, L50, M|100/100
|turn|8
|
|t:|1757739120
|switch|p2a: Sneasler|Sneasler, L50, F, tera:Flying|100/100
|move|p1b: Sneasler|Close Combat|p2b: Archaludon
|-supereffective|p2b: Archaludon
|-damage|p2b: Archaludon|13/100
|-unboost|p1b: Sneasler|def|1
|-unboost|p1b: Sneasler|spd|1
|-ability|p2b: Archaludon|Stamina|boost
|-boost|p2b: Archaludon|def|1
|move|p1a: Tatsugiri|Dragon Pulse|p2a: Sneasler
|-damage|p2a: Sneasler|24/100
|-damage|p1a: Tatsugiri|91/100|[from] item: Life Orb
|move|p2b: Archaludon|Dragon Pulse|p1a: Tatsugiri
|-supereffective|p1a: Tatsugiri
|-damage|p1a: Tatsugiri|0 fnt
|faint|p1a: Tatsugiri
|
|upkeep
|turn|9
|
|t:|1757739158
|move|p1b: Sneasler|Dire Claw|p2a: Sneasler
|-damage|p2a: Sneasler|0 fnt
|faint|p2a: Sneasler
|move|p2b: Archaludon|Dragon Pulse|p1b: Sneasler
|-damage|p1b: Sneasler|0 fnt
|faint|p1b: Sneasler
|
|win|flight30flight4
||ShadowJeffX is ready for game 2.
||flight30flight4 is ready for game 2.
|uhtml|next|Next: Game 2 of 3
|l|☆ShadowJeffX
|player|p1|
|l|☆flight30flight4
|player|p2|
