|j|☆blundurus24
|j|☆CretaceousDraconid
|html|blundurus24CretaceousDraconid    
|uhtml|bestof|Game 3 of a best-of-3
|t:|1757841406
|gametype|doubles
|player|p1|blundurus24|102|1037
|player|p2|CretaceousDraconid|zinnia-masters|1130
|gen|9
|tier|[Gen 9] VGC 2025 Reg H (Bo3)
|rated|
|rule|Species Clause: Limit one of each Pokémon
|rule|Item Clause: Limit 1 of each item
|clearpoke
|poke|p1|Ursaluna, L50, M|
|poke|p1|Hatterene, L50, F|
|poke|p1|Torkoal, L50, F|
|poke|p1|Indeedee-F, L50, F|
|poke|p1|Lilligant-Hisui, L50, F|
|poke|p1|Sneasler, L50, M|
|poke|p2|Rillaboom, L50, M|
|poke|p2|Incineroar, L50, M|
|poke|p2|Salamence, L50, F|
|poke|p2|Garchomp, L50, M|
|poke|p2|Sneasler, L50, M|
|poke|p2|Ninetales-Alola, L50, M|
|teampreview|4
|showteam|p1|Ursaluna||FlameOrb|Guts|Facade,HeadlongRush,Protect,Crunch|||M|||50|,,,,,Ghost]Hatterene||LifeOrb|MagicBounce|ExpandingForce,DazzlingGleam,Protect,TrickRoom|||F|||50|,,,,,Water]Torkoal||ChoiceSpecs|Drought|Eruption,WeatherBall,HeatWave,EarthPower|||F|||50|,,,,,Fire]Indeedee-F||SafetyGoggles|PsychicSurge|FollowMe,HelpingHand,TrickRoom,Psychic|||F|||50|,,,,,Fairy]Lilligant-Hisui||FocusSash|Chlorophyll|Encore,LeafBlade,CloseCombat,AfterYou|||F|||50|,,,,,Ghost]Sneasler||PsychicSeed|Unburden|Taunt,Protect,DireClaw,CloseCombat|||M|||50|,,,,,Dark
|showteam|p2|Rillaboom||AssaultVest|GrassySurge|FakeOut,HighHorsepower,Uturn,WoodHammer|||M|||50|,,,,,Fire]Incineroar||SafetyGoggles|Intimidate|FakeOut,Taunt,PartingShot,KnockOff|||M|||50|,,,,,Ghost]Salamence||ChoiceSpecs|Intimidate|Hurricane,HeatWave,DracoMeteor,HydroPump|||F|||50|,,,,,Fire]Garchomp||LoadedDice|RoughSkin|StompingTantrum,Earthquake,ScaleShot,Protect|||M|||50|,,,,,Fairy]Sneasler||FocusSash|PoisonTouch|DireClaw,CloseCombat,Coaching,Protect|||M|||50|,,,,,Fairy]Ninetales-Alola||NeverMeltIce|SnowWarning|FreezeDry,Blizzard,AuroraVeil,Protect|||M|||50|,,,,,Ghost
|
|t:|1757841441
|teamsize|p1|4
|teamsize|p2|4
|start
|switch|p1a: Indeedee|Indeedee-F, L50, F, shiny|100/100
|switch|p1b: Sneasler|Sneasler, L50, M|100/100
|switch|p2a: TheFuckYouGuy|Sneasler, L50, M|100/100
|switch|p2b: Incineroar|Incineroar, L50, M|100/100
|-ability|p2b: Incineroar|Intimidate|boost
|-unboost|p1a: Indeedee|atk|1
|-unboost|p1b: Sneasler|atk|1
|-fieldstart|move: Psychic Terrain|[from] ability: Psychic Surge|[of] p1a: Indeedee
|-enditem|p1b: Sneasler|Psychic Seed
|-boost|p1b: Sneasler|spd|1|[from] item: Psychic Seed
|turn|1
|
|t:|1757841463
|switch|p2a: Salamence|Salamence, L50, F|100/100
|-ability|p2a: Salamence|Intimidate|boost
|-unboost|p1a: Indeedee|atk|1
|-unboost|p1b: Sneasler|atk|1
|move|p1b: Sneasler|Close Combat|p2b: Incineroar
|-supereffective|p2b: Incineroar
|-damage|p2b: Incineroar|44/100
|-unboost|p1b: Sneasler|def|1
|-unboost|p1b: Sneasler|spd|1
|move|p2b: Incineroar|Taunt|p1a: Indeedee
|-start|p1a: Indeedee|move: Taunt
|move|p1a: Indeedee|Psychic|p2a: Salamence
|-damage|p2a: Salamence|50/100
|
|upkeep
|turn|2
|
|t:|1757841513
|move|p1b: Sneasler|Dire Claw|p2b: Incineroar
|-crit|p2b: Incineroar
|-damage|p2b: Incineroar|0 fnt
|faint|p2b: Incineroar
|move|p2a: Salamence|Hurricane|p1b: Sneasler
|-supereffective|p1b: Sneasler
|-damage|p1b: Sneasler|0 fnt
|faint|p1b: Sneasler
|move|p1a: Indeedee|Psychic|p2a: Salamence
|-damage|p2a: Salamence|3/100
|
|upkeep
|c|☆blundurus24|You got unlucky on that crit
|c|☆CretaceousDraconid|evidently
|
|t:|1757841545
|switch|p1b: Lilligant|Lilligant-Hisui, L50, F, shiny|100/100
|switch|p2b: Rillaboom|Rillaboom, L50, M|100/100
|-fieldstart|move: Grassy Terrain|[from] ability: Grassy Surge|[of] p2b: Rillaboom
|turn|3
|
|t:|1757841572
|switch|p2a: TheFuckYouGuy|Sneasler, L50, M|100/100
|switch|p1a: Torkoal|Torkoal, L50, F|100/100
|-weather|SunnyDay|[from] ability: Drought|[of] p1a: Torkoal
|-terastallize|p1b: Lilligant|Ghost
|move|p2b: Rillaboom|Fake Out|p1a: Torkoal
|-damage|p1a: Torkoal|90/100
|move|p1b: Lilligant|Leaf Blade|p2a: TheFuckYouGuy
|-resisted|p2a: TheFuckYouGuy
|-crit|p2a: TheFuckYouGuy
|-damage|p2a: TheFuckYouGuy|35/100
|
|-weather|SunnyDay|[upkeep]
|-heal|p2a: TheFuckYouGuy|40/100|[from] Grassy Terrain
|-heal|p1a: Torkoal|96/100|[from] Grassy Terrain
|upkeep
|turn|4
|
|t:|1757841607
|-terastallize|p2b: Rillaboom|Fire
|move|p2a: TheFuckYouGuy|Protect|p2a: TheFuckYouGuy
|-singleturn|p2a: TheFuckYouGuy|Protect
|move|p1b: Lilligant|After You|p1a: Torkoal
|-activate|p1a: Torkoal|move: After You
|move|p1a: Torkoal|Heat Wave|p2a: TheFuckYouGuy|[spread] p2b
|-activate|p2a: TheFuckYouGuy|move: Protect
|-resisted|p2b: Rillaboom
|-damage|p2b: Rillaboom|77/100
|move|p2b: Rillaboom|High Horsepower|p1a: Torkoal
|-supereffective|p1a: Torkoal
|-damage|p1a: Torkoal|48/100
|
|-weather|SunnyDay|[upkeep]
|-heal|p2a: TheFuckYouGuy|46/100|[from] Grassy Terrain
|-heal|p2b: Rillaboom|83/100|[from] Grassy Terrain
|-heal|p1a: Torkoal|54/100|[from] Grassy Terrain
|upkeep
|turn|5
|
|t:|1757841623
|switch|p2a: Salamence|Salamence, L50, F|3/100
|-ability|p2a: Salamence|Intimidate|boost
|-unboost|p1a: Torkoal|atk|1
|-unboost|p1b: Lilligant|atk|1
|move|p1b: Lilligant|After You|p1a: Torkoal
|-activate|p1a: Torkoal|move: After You
|move|p1a: Torkoal|Heat Wave|p2b: Rillaboom|[spread] p2a,p2b
|-resisted|p2a: Salamence
|-resisted|p2b: Rillaboom
|-damage|p2a: Salamence|0 fnt
|-damage|p2b: Rillaboom|62/100
|faint|p2a: Salamence
|move|p2b: Rillaboom|High Horsepower|p1a: Torkoal
|-supereffective|p1a: Torkoal
|-damage|p1a: Torkoal|6/100
|
|-weather|SunnyDay|[upkeep]
|-heal|p2b: Rillaboom|68/100|[from] Grassy Terrain
|-heal|p1a: Torkoal|12/100|[from] Grassy Terrain
|upkeep
|
|t:|1757841630
|switch|p2a: TheFuckYouGuy|Sneasler, L50, M|46/100
|turn|6
|
|t:|1757841658
|move|p2b: Rillaboom|Fake Out||[still]
|-hint|Fake Out only works on your first turn out.
|-fail|p2b: Rillaboom
|move|p1b: Lilligant|After You|p1a: Torkoal
|-activate|p1a: Torkoal|move: After You
|move|p1a: Torkoal|Heat Wave|p2a: TheFuckYouGuy|[spread] p2a,p2b
|-resisted|p2b: Rillaboom
|-damage|p2a: TheFuckYouGuy|0 fnt
|-damage|p2b: Rillaboom|44/100
|faint|p2a: TheFuckYouGuy
|
|-weather|SunnyDay|[upkeep]
|-heal|p2b: Rillaboom|50/100|[from] Grassy Terrain
|-heal|p1a: Torkoal|18/100|[from] Grassy Terrain
|upkeep
|turn|7
|-message|CretaceousDraconid forfeited.
|raw|blundurus24's rating: 1037 → 1080(+43 for winning)
|raw|CretaceousDraconid's rating: 1130 → 1098(-32 for losing)
|
|win|blundurus24
