|j|☆Nimblefrog6
|j|☆HyphyJavi
|html|Nimblefrog6HyphyJavi    
|uhtml|bestof|Game 2 of a best-of-3
|t:|1757833099
|gametype|doubles
|player|p1|Nimblefrog6|medium-gen2jp|1175
|player|p2|HyphyJavi|dancer|1250
|gen|9
|tier|[Gen 9] VGC 2025 Reg H (Bo3)
|rated|
|rule|Species Clause: Limit one of each Pokémon
|rule|Item Clause: Limit 1 of each item
|clearpoke
|poke|p1|Gholdengo, L50|
|poke|p1|Sneasler, L50, M|
|poke|p1|Rillaboom, L50, F|
|poke|p1|Ninetales-Alola, L50, F|
|poke|p1|Ursaluna-Bloodmoon, L50, M|
|poke|p1|Incineroar, L50, F|
|poke|p2|Sneasler, L50, M|
|poke|p2|Indeedee, L50, M|
|poke|p2|Talonflame, L50, M|
|poke|p2|Ursaluna, L50, F|
|poke|p2|Electabuzz, L50, M|
|poke|p2|Annihilape, L50, M|
|teampreview|4
|showteam|p1|Gholdengo||GrassySeed|GoodasGold|NastyPlot,MakeItRain,ShadowBall,Protect||||||50|,,,,,Water]Sneasler||WhiteHerb|Unburden|CloseCombat,DireClaw,ThroatChop,Protect|||M|||50|,,,,,Ghost]Rillaboom||MiracleSeed|GrassySurge|FakeOut,GrassyGlide,DrumBeating,HighHorsepower|||F|||50|,,,,,Fire]Ninetales-Alola||FocusSash|SnowWarning|Blizzard,IcyWind,Encore,AuroraVeil|||F|||50|,,,,,Ghost]Ursaluna-Bloodmoon||AssaultVest|MindsEye|HyperVoice,BloodMoon,EarthPower,VacuumWave|||M|||50|,,,,,Ghost]Incineroar||SitrusBerry|Intimidate|FakeOut,KnockOff,PartingShot,FlareBlitz|||F|||50|,,,,,Ghost
|showteam|p2|Sneasler||PsychicSeed|Unburden|DireClaw,CloseCombat,Acrobatics,Protect|||M|||50|,,,,,Flying]Indeedee||FocusSash|PsychicSurge|Imprison,ExpandingForce,TrickRoom,ShadowBall|||M|||50|,,,,,Stellar]Talonflame||CovertCloak|GaleWings|DualWingbeat,FlareBlitz,Tailwind,WillOWisp|||M|||50|,,,,,Stellar]Ursaluna||FlameOrb|Guts|Earthquake,HeadlongRush,Facade,Protect|||F|||50|,,,,,Ghost]Electabuzz||Eviolite|VitalSpirit|Electroweb,FollowMe,Taunt,HelpingHand|||M|||50|,,,,,Flying]Annihilape||ChoiceScarf|Defiant|FinalGambit,ShadowClaw,CloseCombat,Uturn|||M|||50|,,,,,Stellar
|inactive|Battle timer is ON: inactive players will automatically lose when time's up. (requested by Nimblefrog6)
|
|t:|1757833129
|teamsize|p1|4
|teamsize|p2|4
|start
|switch|p1a: Monkey|Rillaboom, L50, F|100/100
|switch|p1b: Bear|Ursaluna-Bloodmoon, L50, M|100/100
|switch|p2a: Indeedee|Indeedee, L50, M|100/100
|switch|p2b: Sneasler|Sneasler, L50, M|100/100
|-fieldstart|move: Grassy Terrain|[from] ability: Grassy Surge|[of] p1a: Monkey
|-fieldstart|move: Psychic Terrain|[from] ability: Psychic Surge|[of] p2a: Indeedee
|-enditem|p2b: Sneasler|Psychic Seed
|-boost|p2b: Sneasler|spd|1|[from] item: Psychic Seed
|turn|1
|inactive|Nimblefrog6 has 30 seconds left.
|inactive|HyphyJavi has 30 seconds left.
|inactive|HyphyJavi has 20 seconds left.
|inactive|Nimblefrog6 has 20 seconds left.
|
|t:|1757833173
|-terastallize|p1a: Monkey|Fire
|move|p2b: Sneasler|Dire Claw|p1b: Bear
|-resisted|p1b: Bear
|-damage|p1b: Bear|83/100
|move|p1a: Monkey|Drum Beating|p2a: Indeedee
|-damage|p2a: Indeedee|14/100
|-unboost|p2a: Indeedee|spe|1
|move|p1b: Bear|Blood Moon|p2b: Sneasler
|-damage|p2b: Sneasler|20/100
|move|p2a: Indeedee|Expanding Force|p1a: Monkey|[spread] p1a,p1b
|-damage|p1a: Monkey|29/100
|-damage|p1b: Bear|36/100
|
|upkeep
|turn|2
|inactive|Nimblefrog6 has 30 seconds left.
|inactive|Nimblefrog6 has 20 seconds left.
|inactive|Nimblefrog6 has 15 seconds left.
|inactive|Nimblefrog6 has 10 seconds left.
|
|t:|1757833221
|switch|p2a: Electabuzz|Electabuzz, L50, M|100/100
|move|p2b: Sneasler|Close Combat|p1b: Bear
|-supereffective|p1b: Bear
|-damage|p1b: Bear|0 fnt
|-unboost|p2b: Sneasler|def|1
|-unboost|p2b: Sneasler|spd|1
|faint|p1b: Bear
|move|p1a: Monkey|Drum Beating|p2a: Electabuzz
|-damage|p2a: Electabuzz|65/100
|-unboost|p2a: Electabuzz|spe|1
|
|upkeep
|
|t:|1757833229
|switch|p1b: Cheese|Gholdengo, L50|100/100
|turn|3
|
|t:|1757833244
|switch|p1a: Meow|Sneasler, L50, M|100/100
|move|p2b: Sneasler|Close Combat|p1a: Meow
|-resisted|p1a: Meow
|-damage|p1a: Meow|59/100
|-unboost|p2b: Sneasler|def|1
|-unboost|p2b: Sneasler|spd|1
|move|p1b: Cheese|Make It Rain|p2a: Electabuzz|[spread] p2a,p2b
|-resisted|p2a: Electabuzz
|-damage|p2a: Electabuzz|47/100
|-damage|p2b: Sneasler|0 fnt
|-unboost|p1b: Cheese|spa|1
|faint|p2b: Sneasler
|move|p2a: Electabuzz|Electroweb|p1a: Meow|[spread] p1a,p1b
|-damage|p1a: Meow|43/100
|-damage|p1b: Cheese|85/100
|-unboost|p1a: Meow|spe|1
|-unboost|p1b: Cheese|spe|1
|-enditem|p1a: Meow|White Herb
|-clearnegativeboost|p1a: Meow|[silent]
|
|upkeep
|inactive|HyphyJavi has 30 seconds left.
|
|t:|1757833269
|switch|p2b: Ursaluna|Ursaluna, L50, F|100/100
|turn|4
|
|t:|1757833286
|-terastallize|p2a: Electabuzz|Flying
|move|p2a: Electabuzz|Follow Me|p2a: Electabuzz
|-singleturn|p2a: Electabuzz|move: Follow Me
|move|p1a: Meow|Close Combat|p2a: Electabuzz
|-resisted|p2a: Electabuzz
|-damage|p2a: Electabuzz|23/100
|-unboost|p1a: Meow|def|1
|-unboost|p1a: Meow|spd|1
|move|p1b: Cheese|Nasty Plot|p1b: Cheese
|-boost|p1b: Cheese|spa|2
|move|p2b: Ursaluna|Earthquake|p1b: Cheese|[spread] p1a,p1b
|-immune|p2a: Electabuzz
|-supereffective|p1a: Meow
|-supereffective|p1b: Cheese
|-damage|p1a: Meow|0 fnt
|-damage|p1b: Cheese|3/100
|faint|p1a: Meow
|
|-status|p2b: Ursaluna|brn|[from] item: Flame Orb
|upkeep
|
|t:|1757833291
|switch|p1a: Monkey|Rillaboom, L50, F, tera:Fire|29/100
|-fieldstart|move: Grassy Terrain|[from] ability: Grassy Surge|[of] p1a: Monkey
|-enditem|p1b: Cheese|Grassy Seed
|-boost|p1b: Cheese|def|1|[from] item: Grassy Seed
|turn|5
|
|t:|1757833311
|switch|p2b: Indeedee|Indeedee, L50, M|14/100
|-fieldstart|move: Psychic Terrain|[from] ability: Psychic Surge|[of] p2b: Indeedee
|move|p1a: Monkey|Fake Out|p2b: Indeedee
|-activate|p2b: Indeedee|move: Psychic Terrain
|move|p1b: Cheese|Make It Rain|p2b: Indeedee|[spread] p2a,p2b
|-damage|p2a: Electabuzz|0 fnt
|-damage|p2b: Indeedee|0 fnt
|-unboost|p1b: Cheese|spa|1
|faint|p2a: Electabuzz
|faint|p2b: Indeedee
|
|upkeep
|
|t:|1757833323
|switch|p2b: Ursaluna|Ursaluna, L50, F|100/100 brn
|turn|6
|
|t:|1757833334
|move|p1a: Monkey|Drum Beating|p2b: Ursaluna
|-supereffective|p2b: Ursaluna
|-damage|p2b: Ursaluna|32/100 brn
|-unboost|p2b: Ursaluna|spe|1
|move|p1b: Cheese|Make It Rain|p2b: Ursaluna
|-damage|p2b: Ursaluna|0 fnt
|-unboost|p1b: Cheese|spa|1
|faint|p2b: Ursaluna
|
|win|Nimblefrog6
||Nimblefrog6 is ready for game 3.
|c|☆HyphyJavi|gg
||HyphyJavi is ready for game 3.
|uhtml|next|Next: Game 3 of 3
|l|☆HyphyJavi
|player|p2|
