|j|☆iannaVi
|j|☆kheld
|html|iannaVikheld    
|uhtml|bestof|Game 2 of a best-of-3
|t:|1783955763
|gametype|doubles
|player|p1|iannaVi|cheren-gen5bw2|1280
|player|p2|kheld|170|1409
|gen|9
|tier|[Gen 9 Champions] VGC 2026 Reg M-B (Bo3)
|rated|
|rule|Species Clause: Limit one of each Pokémon
|rule|Item Clause: Limit 1 of each item
|clearpoke
|poke|p1|Sylveon, L50, F|
|poke|p1|Charizard, L50, F|
|poke|p1|Garchomp, L50, F|
|poke|p1|Aerodactyl, L50, M|
|poke|p1|Kingambit, L50, F|
|poke|p1|Farigiraf, L50, M|
|poke|p2|Gardevoir, L50, M, shiny|
|poke|p2|Basculegion, L50, M|
|poke|p2|Talonflame, L50, M|
|poke|p2|Kingambit, L50, M|
|poke|p2|Kommo-o, L50, M|
|poke|p2|Maushold, L50|
|teampreview|4
|showteam|p1|Sylveon||FairyFeather|Pixilate|HyperVoice,HyperBeam,QuickAttack,Detect|Modest||F|||50|]Charizard||CharizarditeY|Blaze|WeatherBall,HeatWave,SolarBeam,Protect|Modest||F|||50|]Garchomp||LifeOrb|RoughSkin|DragonClaw,Protect,StompingTantrum,Earthquake|Jolly||F|||50|]Aerodactyl||Aerodactylite|Unnerve|RockSlide,IceFang,Tailwind,DualWingbeat|Jolly||M|||50|]Kingambit||FocusSash|Defiant|KowtowCleave,IronHead,SuckerPunch,LowKick|Adamant||F|||50|]Farigiraf||SitrusBerry|ArmorTail|TwinBeam,Thunderbolt,TrickRoom,Roar|Relaxed||M|||50|
|showteam|p2|Gardevoir||Gardevoirite|Trace|HyperVoice,Psychic,Thunderbolt,Protect|Modest||M|||50|]Basculegion||ChoiceScarf|Adaptability|WaveCrash,LastRespects,FlipTurn,AquaJet|Jolly||M|||50|]Talonflame||SharpBeak|GaleWings|DualWingbeat,FlareBlitz,Tailwind,Protect|Jolly||M|||50|]Kingambit||ExpertBelt|Defiant|KowtowCleave,SuckerPunch,IronHead,LowKick|Jolly||M|||50|]Kommo-o||LifeOrb|Soundproof|ClangingScales,DracoMeteor,AuraSphere,Protect|Modest||M|||50|]Maushold||FocusSash|FriendGuard|SuperFang,Feint,FollowMe,Protect|Jolly|||||50|
|
|t:|1783955788
|teamsize|p1|4
|teamsize|p2|4
|start
|switch|p1a: Garchomp|Garchomp, L50, F|100/100
|switch|p1b: Kingambit|Kingambit, L50, F|100/100
|switch|p2a: Kingambit|Kingambit, L50, M|100/100
|switch|p2b: Talonflame|Talonflame, L50, M|100/100
|turn|1
|
|t:|1783955805
|move|p2b: Talonflame|Tailwind|p2b: Talonflame
|-sidestart|p2: kheld|move: Tailwind
|move|p2a: Kingambit|Low Kick|p1b: Kingambit
|-supereffective|p1b: Kingambit|2
|-enditem|p1b: Kingambit|Focus Sash
|-damage|p1b: Kingambit|1/100
|move|p1a: Garchomp|Dragon Claw|p2b: Talonflame
|-damage|p2b: Talonflame|15/100
|-damage|p1a: Garchomp|90/100|[from] item: Life Orb
|move|p1b: Kingambit|Low Kick|p2a: Kingambit
|-supereffective|p2a: Kingambit|2
|-damage|p2a: Kingambit|0 fnt
|faint|p2a: Kingambit
|
|upkeep
|
|t:|1783955817
|switch|p2a: Gardevoir|Gardevoir, L50, M, shiny|100/100
|-ability|p2a: Gardevoir|Defiant|Trace|[from] ability: Trace|[of] p1b: Kingambit
|turn|2
|
|t:|1783955828
|switch|p2b: Kommo-o|Kommo-o, L50, M|100/100
|detailschange|p2a: Gardevoir|Gardevoir-Mega, L50, M, shiny
|-mega|p2a: Gardevoir|Gardevoir|Gardevoirite
|move|p1a: Garchomp|Protect|p1a: Garchomp
|-singleturn|p1a: Garchomp|Protect
|move|p1b: Kingambit|Sucker Punch||[still]
|-fail|p1b: Kingambit
|move|p2a: Gardevoir|Hyper Voice|p1b: Kingambit|[spread] p1b
|-activate|p1a: Garchomp|move: Protect
|-damage|p1b: Kingambit|0 fnt
|faint|p1b: Kingambit
|
|upkeep
|
|t:|1783955843
|switch|p1b: Charizard|Charizard, L50, F|100/100
|turn|3
|
|t:|1783955859
|switch|p1a: Sylveon|Sylveon, L50, F|100/100
|detailschange|p1b: Charizard|Charizard-Mega-Y, L50, F
|-mega|p1b: Charizard|Charizard|Charizardite Y
|-weather|SunnyDay|[from] ability: Drought|[of] p1b: Charizard
|move|p2a: Gardevoir|Hyper Voice|p1a: Sylveon|[spread] p1a,p1b
|-resisted|p1b: Charizard|1
|-damage|p1a: Sylveon|58/100
|-damage|p1b: Charizard|73/100
|move|p2b: Kommo-o|Draco Meteor|p1b: Charizard
|-damage|p1b: Charizard|5/100
|-unboost|p2b: Kommo-o|spa|2
|-damage|p2b: Kommo-o|90/100|[from] item: Life Orb
|move|p1b: Charizard|Heat Wave|p2a: Gardevoir|[spread] p2a,p2b
|-resisted|p2b: Kommo-o|1
|-damage|p2a: Gardevoir|47/100
|-damage|p2b: Kommo-o|57/100
|
|-weather|SunnyDay|[upkeep]
|upkeep
|turn|4
|
|t:|1783955898
|move|p1b: Charizard|Protect|p1b: Charizard
|-singleturn|p1b: Charizard|Protect
|move|p2a: Gardevoir|Hyper Voice|p1a: Sylveon|[spread] p1a
|-activate|p1b: Charizard|move: Protect
|-damage|p1a: Sylveon|15/100
|move|p2b: Kommo-o|Aura Sphere|p1a: Sylveon
|-resisted|p1a: Sylveon|1
|-damage|p1a: Sylveon|6/100
|-damage|p2b: Kommo-o|47/100|[from] item: Life Orb
|move|p1a: Sylveon|Hyper Voice|p2a: Gardevoir|[spread] p2a
|-immune|p2b: Kommo-o|[from] ability: Soundproof
|-damage|p2a: Gardevoir|7/100
|
|-weather|SunnyDay|[upkeep]
|-sideend|p2: kheld|move: Tailwind
|upkeep
|turn|5
|
|t:|1783955940
|move|p2a: Gardevoir|Protect|p2a: Gardevoir
|-singleturn|p2a: Gardevoir|Protect
|move|p1a: Sylveon|Quick Attack|p2a: Gardevoir
|-activate|p2a: Gardevoir|move: Protect
|move|p2b: Kommo-o|Aura Sphere|p1a: Sylveon
|-resisted|p1a: Sylveon|1
|-damage|p1a: Sylveon|0 fnt
|faint|p1a: Sylveon
|-damage|p2b: Kommo-o|38/100|[from] item: Life Orb
|move|p1b: Charizard|Heat Wave|p2b: Kommo-o|[spread] p2b
|-activate|p2a: Gardevoir|move: Protect
|-resisted|p2b: Kommo-o|1
|-damage|p2b: Kommo-o|4/100
|
|-weather|SunnyDay|[upkeep]
|upkeep
|
|t:|1783955953
|switch|p1a: Garchomp|Garchomp, L50, F|90/100
|turn|6
|
|t:|1783955967
|move|p2b: Kommo-o|Protect|p2b: Kommo-o
|-singleturn|p2b: Kommo-o|Protect
|move|p1a: Garchomp|Earthquake|p2b: Kommo-o|[spread] p2a
|-activate|p2b: Kommo-o|move: Protect
|-immune|p1b: Charizard
|-damage|p2a: Gardevoir|0 fnt
|faint|p2a: Gardevoir
|-damage|p1a: Garchomp|80/100|[from] item: Life Orb
|move|p1b: Charizard|Heat Wave|p2b: Kommo-o
|-activate|p2b: Kommo-o|move: Protect
|
|-weather|SunnyDay|[upkeep]
|upkeep
|
|t:|1783955979
|switch|p2a: Talonflame|Talonflame, L50, M|15/100
|turn|7
|
|t:|1783956015
|move|p2a: Talonflame|Tailwind|p2a: Talonflame
|-sidestart|p2: kheld|move: Tailwind
|move|p2b: Kommo-o|Draco Meteor|p1a: Garchomp
|-supereffective|p1a: Garchomp|1
|-damage|p1a: Garchomp|0 fnt
|-unboost|p2b: Kommo-o|spa|2
|faint|p1a: Garchomp
|-damage|p2b: Kommo-o|0 fnt|[from] item: Life Orb
|faint|p2b: Kommo-o
|move|p1b: Charizard|Weather Ball|p2a: Talonflame
|-resisted|p2a: Talonflame|1
|-damage|p2a: Talonflame|0 fnt
|faint|p2a: Talonflame
|
|win|iannaVi
|inactive|iannaVi has 30 seconds to confirm battle start!
|inactive|kheld has 30 seconds to confirm battle start!
||kheld is ready for game 3.
||iannaVi is ready for game 3.
|uhtml|next|Next: Game 3 of 3
|l|☆kheld
|player|p2|
