|j|☆ConnerTEP
|j|☆SlaymonSays
|html|ConnerTEPSlaymonSays    
|uhtml|bestof|Game 1 of a best-of-3
|t:|1757921090
|gametype|doubles
|player|p1|ConnerTEP|clair-masters|1336
|player|p2|SlaymonSays|2|1263
|gen|9
|tier|[Gen 9] VGC 2025 Reg H (Bo3)
|rated|
|rule|Species Clause: Limit one of each Pokémon
|rule|Item Clause: Limit 1 of each item
|clearpoke
|poke|p1|Kommo-o, L50, F|
|poke|p1|Electabuzz, L50, F|
|poke|p1|Volcarona, L50, M|
|poke|p1|Rillaboom, L50, M|
|poke|p1|Gyarados, L50, F|
|poke|p1|Ursaluna-Bloodmoon, L50, M|
|poke|p2|Pelipper, L50, M|
|poke|p2|Archaludon, L50, F|
|poke|p2|Basculegion, L50, M|
|poke|p2|Rillaboom, L50, F|
|poke|p2|Incineroar, L50, M|
|poke|p2|Gholdengo, L50|
|teampreview|4
|showteam|p1|Kommo-o||Leftovers|Soundproof|BodyPress,IronHead,IronDefense,Protect|||F|||50|,,,,,Steel]Electabuzz||Eviolite|VitalSpirit|Electroweb,Taunt,FollowMe,Protect|||F|||50|,,,,,Ghost]Volcarona||GrassySeed|FlameBody|HeatWave,TeraBlast,QuiverDance,Protect|||M|||50|,,,,,Fairy]Rillaboom||AssaultVest|GrassySurge|GrassyGlide,WoodHammer,HighHorsepower,FakeOut|||M|||50|,,,,,Fire]Gyarados||CovertCloak|Intimidate|Waterfall,Crunch,ThunderWave,Protect|||F|||50|,,,,,Dragon]Ursaluna-Bloodmoon||LifeOrb|MindsEye|HyperVoice,BloodMoon,EarthPower,Protect|||M|||50|,,,,,Normal
|showteam|p2|Pelipper||FocusSash|Drizzle|WeatherBall,Hurricane,Tailwind,Protect|||M|||50|,,,,,Ghost]Archaludon||AssaultVest|Stamina|ElectroShot,DragonPulse,Snarl,BodyPress|||F|||50|,,,,,Bug]Basculegion||LifeOrb|SwiftSwim|WaveCrash,LastRespects,AquaJet,Protect|||M|||50|,,,,,Water]Rillaboom||CovertCloak|GrassySurge|FakeOut,GrassyGlide,WoodHammer,HighHorsepower|||F|||50|,,,,,Fairy]Incineroar||SafetyGoggles|Intimidate|FakeOut,FlareBlitz,KnockOff,PartingShot|||M|||50|,,,,,Ghost]Gholdengo||Leftovers|GoodasGold|MakeItRain,ShadowBall,NastyPlot,Protect||||||50|,,,,,Dragon
|inactive|Battle timer is ON: inactive players will automatically lose when time's up. (requested by ConnerTEP)
|inactive|ConnerTEP has 60 seconds left.
|inactive|SlaymonSays has 60 seconds left.
|
|t:|1757921125
|teamsize|p1|4
|teamsize|p2|4
|start
|switch|p1a: Kommo-o|Kommo-o, L50, F|100/100
|switch|p1b: Rillaboom|Rillaboom, L50, M|100/100
|switch|p2a: Basculegion|Basculegion, L50, M|100/100
|switch|p2b: Pelipper|Pelipper, L50, M|100/100
|-fieldstart|move: Grassy Terrain|[from] ability: Grassy Surge|[of] p1b: Rillaboom
|-weather|RainDance|[from] ability: Drizzle|[of] p2b: Pelipper
|turn|1
|
|t:|1757921147
|move|p2a: Basculegion|Wave Crash|p1a: Kommo-o
|-resisted|p1a: Kommo-o
|-damage|p1a: Kommo-o|56/100
|-damage|p2a: Basculegion|89/100|[from] Recoil
|-damage|p2a: Basculegion|79/100|[from] item: Life Orb
|move|p1b: Rillaboom|Wood Hammer|p2b: Pelipper
|-enditem|p2b: Pelipper|Focus Sash
|-damage|p2b: Pelipper|1/100
|-damage|p1b: Rillaboom|75/100|[from] Recoil
|move|p2b: Pelipper|Hurricane|p1a: Kommo-o
|-supereffective|p1a: Kommo-o
|-damage|p1a: Kommo-o|0 fnt
|faint|p1a: Kommo-o
|
|-weather|RainDance|[upkeep]
|-heal|p2a: Basculegion|85/100|[from] Grassy Terrain
|-heal|p1b: Rillaboom|81/100|[from] Grassy Terrain
|upkeep
|
|t:|1757921155
|switch|p1a: Gyarados|Gyarados, L50, F|100/100
|-ability|p1a: Gyarados|Intimidate|boost
|-unboost|p2a: Basculegion|atk|1
|-unboost|p2b: Pelipper|atk|1
|turn|2
|
|t:|1757921163
|switch|p2a: Rillaboom|Rillaboom, L50, F|100/100
|switch|p2b: Archaludon|Archaludon, L50, F|100/100
|move|p1b: Rillaboom|Grassy Glide|p2b: Archaludon
|-resisted|p2b: Archaludon
|-damage|p2b: Archaludon|93/100
|-ability|p2b: Archaludon|Stamina|boost
|-boost|p2b: Archaludon|def|1
|move|p1a: Gyarados|Thunder Wave|p2a: Rillaboom
|-status|p2a: Rillaboom|par
|
|-weather|RainDance|[upkeep]
|-heal|p2b: Archaludon|99/100|[from] Grassy Terrain
|-heal|p1b: Rillaboom|87/100|[from] Grassy Terrain
|upkeep
|turn|3
|
|t:|1757921179
|switch|p1b: Ursaluna|Ursaluna-Bloodmoon, L50, M|100/100
|move|p1a: Gyarados|Protect|p1a: Gyarados
|-singleturn|p1a: Gyarados|Protect
|move|p2a: Rillaboom|Fake Out|p1a: Gyarados
|-activate|p1a: Gyarados|move: Protect
|move|p2b: Archaludon|Electro Shot||[still]
|-prepare|p2b: Archaludon|Electro Shot
|-boost|p2b: Archaludon|spa|1
|-anim|p2b: Archaludon|Electro Shot|p1b: Ursaluna
|-immune|p1b: Ursaluna
|
|-weather|RainDance|[upkeep]
|-heal|p2b: Archaludon|100/100|[from] Grassy Terrain
|upkeep
|turn|4
|inactive|ConnerTEP has 30 seconds left.
|
|t:|1757921209
|-terastallize|p2b: Archaludon|Bug
|move|p1b: Ursaluna|Protect|p1b: Ursaluna
|-singleturn|p1b: Ursaluna|Protect
|move|p2b: Archaludon|Snarl|p1b: Ursaluna|[spread] p1a
|-activate|p1b: Ursaluna|move: Protect
|-damage|p1a: Gyarados|86/100
|move|p1a: Gyarados|Thunder Wave|p2b: Archaludon
|-status|p2b: Archaludon|par
|move|p2a: Rillaboom|Wood Hammer|p1b: Ursaluna
|-activate|p1b: Ursaluna|move: Protect
|
|-weather|RainDance|[upkeep]
|upkeep
|turn|5
|
|t:|1757921226
|switch|p1a: Rillaboom|Rillaboom, L50, M|87/100
|-terastallize|p1b: Ursaluna|Normal
|move|p1b: Ursaluna|Blood Moon|p2b: Archaludon
|-damage|p2b: Archaludon|0 fnt
|faint|p2b: Archaludon
|-damage|p1b: Ursaluna|91/100|[from] item: Life Orb
|cant|p2a: Rillaboom|par
|
|-weather|none
|-heal|p1a: Rillaboom|92/100|[from] Grassy Terrain
|-heal|p1b: Ursaluna|97/100|[from] Grassy Terrain
|-fieldend|move: Grassy Terrain
|upkeep
|
|t:|1757921231
|switch|p2b: Basculegion|Basculegion, L50, M|85/100
|turn|6
|
|t:|1757921238
|switch|p2b: Pelipper|Pelipper, L50, M|1/100
|-weather|RainDance|[from] ability: Drizzle|[of] p2b: Pelipper
|switch|p1b: Gyarados|Gyarados, L50, F|86/100
|-ability|p1b: Gyarados|Intimidate|boost
|-unboost|p2a: Rillaboom|atk|1
|-unboost|p2b: Pelipper|atk|1
|move|p1a: Rillaboom|Wood Hammer|p2b: Pelipper
|-damage|p2b: Pelipper|0 fnt
|faint|p2b: Pelipper
|-damage|p1a: Rillaboom|92/100|[from] Recoil
|move|p2a: Rillaboom|Wood Hammer|p1b: Gyarados
|-damage|p1b: Gyarados|33/100
|-damage|p2a: Rillaboom|83/100 par|[from] Recoil
|
|-weather|RainDance|[upkeep]
|upkeep
|
|t:|1757921250
|switch|p2b: Basculegion|Basculegion, L50, M|85/100
|turn|7
|
|t:|1757921276
|move|p2b: Basculegion|Last Respects|p1a: Rillaboom
|-damage|p1a: Rillaboom|0 fnt
|faint|p1a: Rillaboom
|-damage|p2b: Basculegion|75/100|[from] item: Life Orb
|move|p1b: Gyarados|Crunch|p2b: Basculegion
|-supereffective|p2b: Basculegion
|-damage|p2b: Basculegion|17/100
|move|p2a: Rillaboom|Grassy Glide|p1b: Gyarados
|-damage|p1b: Gyarados|7/100
|
|-weather|RainDance|[upkeep]
|upkeep
|
|t:|1757921282
|switch|p1a: Ursaluna|Ursaluna-Bloodmoon, L50, M, tera:Normal|97/100
|turn|8
|inactive|ConnerTEP has 30 seconds left.
|
|t:|1757921310
|move|p2b: Basculegion|Protect|p2b: Basculegion
|-singleturn|p2b: Basculegion|Protect
|move|p1b: Gyarados|Protect|p1b: Gyarados
|-singleturn|p1b: Gyarados|Protect
|move|p1a: Ursaluna|Hyper Voice|p2b: Basculegion|[spread] p2a
|-activate|p2b: Basculegion|move: Protect
|-damage|p2a: Rillaboom|0 fnt
|faint|p2a: Rillaboom
|-damage|p1a: Ursaluna|87/100|[from] item: Life Orb
|
|-weather|RainDance|[upkeep]
|upkeep
|turn|9
|
|t:|1757921322
|move|p2b: Basculegion|Wave Crash|p1a: Ursaluna
|-crit|p1a: Ursaluna
|-damage|p1a: Ursaluna|0 fnt
|faint|p1a: Ursaluna
|-damage|p2b: Basculegion|0 fnt|[from] Recoil
|faint|p2b: Basculegion
|
|win|ConnerTEP
||ConnerTEP is ready for game 2.
||SlaymonSays is ready for game 2.
|uhtml|next|Next: Game 2 of 3
|l|☆ConnerTEP
|player|p1|
