|j|☆maugzm1
|j|☆jeanryupr
|html|maugzm1jeanryupr    
|uhtml|bestof|Game 2 of a best-of-3
|t:|1785893101
|gametype|doubles
|player|p1|maugzm1|cynthia-gen4|1149
|player|p2|jeanryupr|169|1140
|gen|9
|tier|[Gen 9 Champions] VGC 2026 Reg M-B (Bo3)
|rated|
|rule|Species Clause: Limit one of each Pokémon
|rule|Item Clause: Limit 1 of each item
|clearpoke
|poke|p1|Charizard, L50, M|
|poke|p1|Mawile, L50, F|
|poke|p1|Whimsicott, L50, M|
|poke|p1|Dragonite, L50, M|
|poke|p1|Mamoswine, L50, F|
|poke|p1|Annihilape, L50, M|
|poke|p2|Staraptor, L50, M|
|poke|p2|Glimmora, L50, F|
|poke|p2|Whimsicott, L50, F|
|poke|p2|Kingambit, L50, M|
|poke|p2|Garchomp, L50, M|
|poke|p2|Raichu, L50, M|
|teampreview|4
|showteam|p1|Charizard||CharizarditeY|Blaze|WeatherBall,HeatWave,SolarBeam,Protect|Modest||M|||50|]Mawile||Mawilite|HyperCutter|PlayRough,IronHead,SuckerPunch,Protect|Adamant||F|||50|]Whimsicott||FocusSash|Prankster|Moonblast,Tailwind,Encore,Protect|Timid||M|||50|]Dragonite||DragonFang|InnerFocus|DragonClaw,ExtremeSpeed,LowKick,Protect|Adamant||M|||50|]Mamoswine||LifeOrb|Oblivious|HighHorsepower,IceShard,Earthquake,Protect|Adamant||F|||50|]Annihilape||ChoiceScarf|Defiant|PhantomForce,CloseCombat,RockTomb,Taunt|Jolly||M|||50|
|showteam|p2|Staraptor||Staraptite|Intimidate|CloseCombat,BraveBird,Roost,Protect|Jolly||M|||50|]Glimmora||FocusSash|ToxicDebris|PowerGem,SludgeBomb,EarthPower,SpikyShield|Modest||F|||50|]Whimsicott||OccaBerry|Prankster|Tailwind,Moonblast,Charm,LightScreen|Timid||F|||50|]Kingambit||ChopleBerry|Defiant|KowtowCleave,IronHead,LowKick,SuckerPunch|Adamant||M|||50|]Garchomp||LifeOrb|RoughSkin|Protect,DragonClaw,RockSlide,StompingTantrum|Adamant||M|||50|]Raichu||RaichuniteY|LightningRod|ZapCannon,FocusBlast,FakeOut,Protect|Timid||M|||50|
|inactive|Battle timer is ON: inactive players will automatically lose when time's up. (requested by maugzm1)
|inactive|maugzm1 has 60 seconds left.
|
|t:|1785893139
|teamsize|p1|4
|teamsize|p2|4
|start
|switch|p1a: Mamoswine|Mamoswine, L50, F|100/100
|switch|p1b: Whimsicott|Whimsicott, L50, M|100/100
|switch|p2a: Glimmora|Glimmora, L50, F|100/100
|switch|p2b: Whimsicott|Whimsicott, L50, F|100/100
|turn|1
|
|t:|1785893150
|move|p2b: Whimsicott|Tailwind|p2b: Whimsicott
|-sidestart|p2: jeanryupr|move: Tailwind
|move|p2a: Glimmora|Earth Power|p1a: Mamoswine
|-damage|p1a: Mamoswine|49/100
|move|p1b: Whimsicott|Moonblast|p2a: Glimmora
|-resisted|p2a: Glimmora|1
|-damage|p2a: Glimmora|76/100
|move|p1a: Mamoswine|Earthquake|p2a: Glimmora|[spread] p1b,p2a,p2b
|-resisted|p1b: Whimsicott|1
|-supereffective|p2a: Glimmora|2
|-resisted|p2b: Whimsicott|1
|-damage|p1b: Whimsicott|59/100
|-damage|p2a: Glimmora|0 fnt
|-damage|p2b: Whimsicott|73/100
|-activate|p2a: Glimmora|ability: Toxic Debris
|-sidestart|p1: maugzm1|move: Toxic Spikes
|faint|p2a: Glimmora
|-damage|p1a: Mamoswine|39/100|[from] item: Life Orb
|
|upkeep
|
|t:|1785893162
|switch|p2a: Staraptor|Staraptor, L50, M|100/100
|-ability|p2a: Staraptor|Intimidate|boost
|-fail|p1a: Mamoswine|unboost|Attack|[from] ability: Oblivious|[of] p1a: Mamoswine
|-unboost|p1b: Whimsicott|atk|1
|turn|2
|
|t:|1785893176
|detailschange|p2a: Staraptor|Staraptor-Mega, L50, M
|-mega|p2a: Staraptor|Staraptor|Staraptite
|move|p2b: Whimsicott|Light Screen|p2b: Whimsicott
|-sidestart|p2: jeanryupr|move: Light Screen
|move|p1b: Whimsicott|Tailwind|p1b: Whimsicott
|-sidestart|p1: maugzm1|move: Tailwind
|move|p1a: Mamoswine|Ice Shard|p2b: Whimsicott
|-supereffective|p2b: Whimsicott|1
|-damage|p2b: Whimsicott|14/100
|-damage|p1a: Mamoswine|29/100|[from] item: Life Orb
|move|p2a: Staraptor|Close Combat|p1a: Mamoswine
|-supereffective|p1a: Mamoswine|1
|-damage|p1a: Mamoswine|0 fnt
|-boost|p2a: Staraptor|def|1
|-boost|p2a: Staraptor|spd|1
|faint|p1a: Mamoswine
|
|upkeep
|
|t:|1785893189
|switch|p1a: Charizard|Charizard, L50, M|100/100
|turn|3
|
|t:|1785893199
|detailschange|p1a: Charizard|Charizard-Mega-Y, L50, M
|-mega|p1a: Charizard|Charizard|Charizardite Y
|-weather|SunnyDay|[from] ability: Drought|[of] p1a: Charizard
|move|p2b: Whimsicott|Charm|p2a: Staraptor
|-boost|p2a: Staraptor|atk|2
|move|p1b: Whimsicott|Moonblast|p2a: Staraptor
|-supereffective|p2a: Staraptor|1
|-damage|p2a: Staraptor|68/100
|move|p2a: Staraptor|Brave Bird|p1a: Charizard
|-damage|p1a: Charizard|0 fnt
|faint|p1a: Charizard
|-damage|p2a: Staraptor|38/100|[from] Recoil
|
|-weather|SunnyDay|[upkeep]
|upkeep
|
|t:|1785893212
|switch|p1a: Annihilape|Annihilape, L50, M|100/100
|-status|p1a: Annihilape|psn
|turn|4
|
|t:|1785893237
|move|p2a: Staraptor|Protect|p2a: Staraptor
|-singleturn|p2a: Staraptor|Protect
|move|p1a: Annihilape|Phantom Force||[still]
|-prepare|p1a: Annihilape|Phantom Force
|move|p1b: Whimsicott|Moonblast|p2a: Staraptor
|-activate|p2a: Staraptor|move: Protect
|move|p2b: Whimsicott|Moonblast|p1a: Annihilape|[miss]
|-miss|p2b: Whimsicott|p1a: Annihilape
|
|-weather|SunnyDay|[upkeep]
|-damage|p1a: Annihilape|87/100 psn|[from] psn
|-sideend|p2: jeanryupr|move: Tailwind
|upkeep
|turn|5
|inactive|jeanryupr has 30 seconds left.
|
|t:|1785893263
|move|p2b: Whimsicott|Tailwind|p2b: Whimsicott
|-sidestart|p2: jeanryupr|move: Tailwind
|move|p1a: Annihilape|Phantom Force|p2a: Staraptor|[from] lockedmove
|-damage|p2a: Staraptor|11/100
|move|p1b: Whimsicott|Moonblast|p2a: Staraptor
|-supereffective|p2a: Staraptor|1
|-damage|p2a: Staraptor|0 fnt
|faint|p2a: Staraptor
|
|-weather|SunnyDay|[upkeep]
|-damage|p1a: Annihilape|75/100 psn|[from] psn
|-sideend|p1: maugzm1|move: Tailwind
|upkeep
|
|t:|1785893270
|switch|p2a: Kingambit|Kingambit, L50, M|100/100
|turn|6
|
|t:|1785893283
|move|p2b: Whimsicott|Moonblast|p1a: Annihilape
|-supereffective|p1a: Annihilape|1
|-damage|p1a: Annihilape|19/100 psn
|move|p1a: Annihilape|Phantom Force||[still]
|-prepare|p1a: Annihilape|Phantom Force
|move|p1b: Whimsicott|Moonblast|p2a: Kingambit
|-damage|p2a: Kingambit|78/100
|move|p2a: Kingambit|Iron Head|p1b: Whimsicott
|-supereffective|p1b: Whimsicott|1
|-crit|p1b: Whimsicott
|-damage|p1b: Whimsicott|0 fnt
|faint|p1b: Whimsicott
|
|-weather|SunnyDay|[upkeep]
|-damage|p1a: Annihilape|7/100 psn|[from] psn
|-sideend|p2: jeanryupr|move: Light Screen
|upkeep
|turn|7
|-message|maugzm1 forfeited.
|
|win|jeanryupr
