|j|☆Chelicerate1
|j|☆Chavo666
|html|Chelicerate1Chavo666    
|uhtml|bestof|Game 1 of a best-of-3
|t:|1785760995
|gametype|doubles
|player|p1|Chelicerate1|ethan|1275
|player|p2|Chavo666|steven|1181
|gen|9
|tier|[Gen 9 Champions] VGC 2026 Reg M-B (Bo3)
|rated|
|rule|Species Clause: Limit one of each Pokémon
|rule|Item Clause: Limit 1 of each item
|clearpoke
|poke|p1|Grimmsnarl, L50, M|
|poke|p1|Basculegion, L50, M|
|poke|p1|Charizard, L50, F|
|poke|p1|Pelipper, L50, M|
|poke|p1|Venusaur, L50, M|
|poke|p1|Archaludon, L50, M|
|poke|p2|Kangaskhan, L50, F|
|poke|p2|Mimikyu, L50, F|
|poke|p2|Ditto, L50|
|poke|p2|Pelipper, L50, F|
|poke|p2|Swampert, L50, F|
|poke|p2|Kingambit, L50, M|
|teampreview|4
|showteam|p1|Grimmsnarl||LightClay|Prankster|SpiritBreak,PartingShot,Reflect,LightScreen|Sassy||M|||50|]Basculegion||ChoiceScarf|Adaptability|LastRespects,WaveCrash,AquaJet,FlipTurn|Jolly||M|||50|]Charizard||CharizarditeY|Blaze|Protect,HeatWave,WeatherBall,SolarBeam|Modest||F|||50|]Pelipper||SitrusBerry|Drizzle|Hurricane,WeatherBall,Tailwind,WideGuard|Modest||M|||50|]Venusaur||FocusSash|Chlorophyll|SludgeBomb,SleepPowder,EarthPower,Protect|Modest||M|||50|]Archaludon||Leftovers|Stamina|ElectroShot,DragonPulse,FlashCannon,Protect|Calm||M|||50|
|showteam|p2|Kangaskhan||Kangaskhanite|EarlyBird|DrainPunch,FakeOut,SuckerPunch,DoubleEdge|Adamant||F|||50|]Mimikyu||LifeOrb|Disguise|ShadowSneak,TrickRoom,PlayRough,WoodHammer|Adamant||F|||50|]Ditto||ChoiceScarf|Imposter|Transform|Adamant|||||50|]Pelipper||FocusSash|Drizzle|Hurricane,Tailwind,WeatherBall,WideGuard|Modest||F|||50|]Swampert||Swampertite|Damp|WaveCrash,IcePunch,Earthquake,Protect|Adamant||F|||50|]Kingambit||BlackGlasses|Defiant|KowtowCleave,LowKick,SuckerPunch,IronHead|Adamant||M|||50|
|inactive|Battle timer is ON: inactive players will automatically lose when time's up. (requested by Chelicerate1)
|inactive|Chelicerate1 has 60 seconds left.
|
|t:|1785761040
|teamsize|p1|4
|teamsize|p2|4
|start
|switch|p1a: Charizard|Charizard, L50, F|100/100
|switch|p1b: Venusaur|Venusaur, L50, M|100/100
|switch|p2a: Swampert|Swampert, L50, F|100/100
|switch|p2b: Kangaskhan|Kangaskhan, L50, F|100/100
|turn|1
|
|t:|1785761057
|switch|p2a: Ditto|Ditto, L50|100/100
|-transform|p2a: Ditto|p1b: Venusaur|[from] ability: Imposter
|move|p1a: Charizard|Protect|p1a: Charizard
|-singleturn|p1a: Charizard|Protect
|move|p1b: Venusaur|Protect|p1b: Venusaur
|-singleturn|p1b: Venusaur|Protect
|move|p2b: Kangaskhan|Fake Out|p1a: Charizard
|-activate|p1a: Charizard|move: Protect
|
|upkeep
|turn|2
|
|t:|1785761072
|move|p2a: Ditto|Sleep Powder|p1a: Charizard
|-status|p1a: Charizard|slp|[from] move: Sleep Powder
|cant|p1a: Charizard|slp
|move|p1b: Venusaur|Sludge Bomb|p2a: Ditto
|-damage|p2a: Ditto|45/100
|move|p2b: Kangaskhan|Double-Edge|p1b: Venusaur
|-damage|p1b: Venusaur|31/100
|-damage|p2b: Kangaskhan|83/100|[from] Recoil
|
|upkeep
|turn|3
|
|t:|1785761092
|switch|p2a: Swampert|Swampert, L50, F|100/100
|detailschange|p1a: Charizard|Charizard-Mega-Y, L50, F
|-mega|p1a: Charizard|Charizard|Charizardite Y
|-weather|SunnyDay|[from] ability: Drought|[of] p1a: Charizard
|move|p1b: Venusaur|Protect|p1b: Venusaur
|-singleturn|p1b: Venusaur|Protect
|cant|p1a: Charizard|slp
|move|p2b: Kangaskhan|Double-Edge|p1a: Charizard
|-damage|p1a: Charizard|36/100 slp
|-damage|p2b: Kangaskhan|66/100|[from] Recoil
|
|-weather|SunnyDay|[upkeep]
|upkeep
|turn|4
|
|t:|1785761108
|switch|p1a: Archaludon|Archaludon, L50, M|100/100
|switch|p2b: Pelipper|Pelipper, L50, F|100/100
|-weather|RainDance|[from] ability: Drizzle|[of] p2b: Pelipper
|detailschange|p2a: Swampert|Swampert-Mega, L50, F
|-mega|p2a: Swampert|Swampert|Swampertite
|move|p2a: Swampert|Earthquake|p1a: Archaludon|[spread] p1a,p1b
|-immune|p2b: Pelipper
|-supereffective|p1a: Archaludon|1
|-damage|p1a: Archaludon|34/100
|-damage|p1b: Venusaur|0 fnt
|-ability|p1a: Archaludon|Stamina|boost
|-boost|p1a: Archaludon|def|1
|faint|p1b: Venusaur
|
|-weather|RainDance|[upkeep]
|-heal|p1a: Archaludon|40/100|[from] item: Leftovers
|upkeep
|
|t:|1785761119
|switch|p1b: Pelipper|Pelipper, L50, M|100/100
|turn|5
|
|t:|1785761132
|switch|p2b: Ditto|Ditto, L50|45/100
|-transform|p2b: Ditto|p1a: Archaludon|[from] ability: Imposter
|move|p1b: Pelipper|Wide Guard|p1b: Pelipper
|-singleturn|p1b: Pelipper|Wide Guard
|move|p2a: Swampert|Wave Crash|p1b: Pelipper
|-resisted|p1b: Pelipper|1
|-damage|p1b: Pelipper|39/100
|-enditem|p1b: Pelipper|Sitrus Berry|[eat]
|-heal|p1b: Pelipper|63/100|[from] item: Sitrus Berry
|-damage|p2a: Swampert|81/100|[from] Recoil
|move|p1a: Archaludon|Electro Shot||[still]
|-prepare|p1a: Archaludon|Electro Shot
|-boost|p1a: Archaludon|spa|1
|-anim|p1a: Archaludon|Electro Shot|p2b: Ditto
|-resisted|p2b: Ditto|1
|-damage|p2b: Ditto|15/100
|-ability|p2b: Ditto|Stamina|boost
|-boost|p2b: Ditto|def|1
|
|-weather|RainDance|[upkeep]
|-heal|p1a: Archaludon|47/100|[from] item: Leftovers
|upkeep
|turn|6
|
|t:|1785761156
|switch|p1b: Charizard|Charizard-Mega-Y, L50, F|36/100 slp
|-weather|SunnyDay|[from] ability: Drought|[of] p1b: Charizard
|move|p2b: Ditto|Dragon Pulse|p1a: Archaludon
|-damage|p1a: Archaludon|17/100
|-ability|p1a: Archaludon|Stamina|boost
|-boost|p1a: Archaludon|def|1
|move|p2a: Swampert|Wave Crash|p1b: Charizard
|-supereffective|p1b: Charizard|1
|-damage|p1b: Charizard|0 fnt
|faint|p1b: Charizard
|-damage|p2a: Swampert|69/100|[from] Recoil
|move|p1a: Archaludon|Dragon Pulse|p2b: Ditto
|-damage|p2b: Ditto|0 fnt
|faint|p2b: Ditto
|
|-weather|SunnyDay|[upkeep]
|-heal|p1a: Archaludon|23/100|[from] item: Leftovers
|upkeep
|
|t:|1785761170
|switch|p1b: Pelipper|Pelipper, L50, M|63/100
|switch|p2b: Pelipper|Pelipper, L50, F|100/100
|-weather|RainDance|[from] ability: Drizzle|[of] p2b: Pelipper
|turn|7
|
|t:|1785761187
|move|p2a: Swampert|Earthquake|p1a: Archaludon|[spread] p1a
|-immune|p2b: Pelipper
|-immune|p1b: Pelipper
|-supereffective|p1a: Archaludon|1
|-damage|p1a: Archaludon|0 fnt
|faint|p1a: Archaludon
|move|p2b: Pelipper|Hurricane|p1b: Pelipper
|-damage|p1b: Pelipper|1/100
|move|p1b: Pelipper|Weather Ball|p2a: Swampert
|-damage|p2a: Swampert|6/100
|
|-weather|RainDance|[upkeep]
|upkeep
|turn|8
|
|t:|1785761201
|move|p2a: Swampert|Wave Crash|p1b: Pelipper
|-resisted|p1b: Pelipper|1
|-damage|p1b: Pelipper|0 fnt
|faint|p1b: Pelipper
|-damage|p2a: Swampert|5/100|[from] Recoil
|
|win|Chavo666
