|j|☆the jake jupiter
|j|☆sorecruiser
|html|the jake jupitersorecruiser    
|uhtml|bestof|Game 2 of a best-of-3
|t:|1756527859
|gametype|doubles
|player|p1|the jake jupiter|shadowtriad|1000
|player|p2|sorecruiser|furisodegirl-black|1000
|gen|9
|tier|[Gen 9] VGC 2025 Reg H (Bo3)
|rated|
|rule|Species Clause: Limit one of each Pokémon
|rule|Item Clause: Limit 1 of each item
|clearpoke
|poke|p1|Torterra, L50, F|
|poke|p1|Metagross, L50|
|poke|p1|Alcremie, L50, F|
|poke|p1|Arcanine-Hisui, L50, F|
|poke|p1|Sableye, L50, F|
|poke|p1|Milotic, L50, M|
|poke|p2|Clefable, L50, M|
|poke|p2|Garchomp, L50, M|
|poke|p2|Whimsicott, L50, M|
|poke|p2|Hydreigon, L50, M|
|poke|p2|Annihilape, L50, F|
|poke|p2|Gholdengo, L50|
|teampreview|4
|showteam|p1|Torterra||WhiteHerb|Overgrow|HeadlongRush,GigaDrain,RockSlide,ShellSmash|||F|||50|,,,,,Water]Metagross||WeaknessPolicy|ClearBody|MeteorMash,PsychicFangs,KnockOff,BulletPunch||||||50|,,,,,Steel]Alcremie||Leftovers|AromaVeil|Decorate,HelpingHand,AlluringVoice,Protect|||F|||50|,,,,,Steel]Arcanine-Hisui||CovertCloak|RockHead|HeadSmash,FlareBlitz,ExtremeSpeed,WillOWisp|||F|||50|,,,,,Normal]Sableye||HeavyDutyBoots|Prankster|KnockOff,Encore,Taunt,WillOWisp|||F|||50|,,,,,Poison]Milotic||SitrusBerry|Competitive|Scald,DragonTail,Recover,IcyWind|||M|||50|,,,,,Fairy
|showteam|p2|Clefable||SitrusBerry|Unaware|FollowMe,Moonblast,MistyTerrain,Protect|||M|||50|,,,,,Water]Garchomp||LifeOrb|RoughSkin|StompingTantrum,DragonClaw,Earthquake,Protect|||M|||50|,,,,,Ground]Whimsicott||FocusSash|Prankster|Moonblast,Encore,Tailwind,SunnyDay|||M|||50|,,,,,Ghost]Hydreigon||ChoiceSpecs|Levitate|DarkPulse,DracoMeteor,Snarl,HeatWave|||M|||50|,,,,,Fire]Annihilape||Leftovers|Defiant|RageFist,DrainPunch,BulkUp,Protect|||F|||50|,,,,,Water]Gholdengo||IronPlate|GoodasGold|MakeItRain,ShadowBall,NastyPlot,Protect||||||50|,,,,,Steel
|inactive|Battle timer is ON: inactive players will automatically lose when time's up. (requested by sorecruiser)
|inactive|the jake jupiter has 60 seconds left.
|inactive|sorecruiser has 30 seconds left.
|
|t:|1756527913
|teamsize|p1|4
|teamsize|p2|4
|start
|switch|p1a: Sableye|Sableye, L50, F|100/100
|switch|p1b: Milotic|Milotic, L50, M|100/100
|switch|p2a: Whimsicott|Whimsicott, L50, M|100/100
|switch|p2b: Gholdengo|Gholdengo, L50|100/100
|turn|1
|inactive|sorecruiser has 30 seconds left.
|inactive|sorecruiser has 20 seconds left.
|inactive|sorecruiser has 15 seconds left.
|inactive|sorecruiser has 10 seconds left.
|
|t:|1756527961
|move|p1a: Sableye|Taunt|p2a: Whimsicott
|-start|p2a: Whimsicott|move: Taunt
|move|p2a: Whimsicott|Moonblast|p1a: Sableye
|-supereffective|p1a: Sableye
|-damage|p1a: Sableye|20/100
|move|p2b: Gholdengo|Shadow Ball|p1a: Sableye
|-damage|p1a: Sableye|0 fnt
|faint|p1a: Sableye
|move|p1b: Milotic|Dragon Tail|p2b: Gholdengo
|-resisted|p2b: Gholdengo
|-damage|p2b: Gholdengo|95/100
|drag|p2b: Hydreigon|Hydreigon, L50, M|100/100
|
|upkeep
|
|t:|1756527974
|switch|p1a: Arcanine|Arcanine-Hisui, L50, F|100/100
|turn|2
|inactive|sorecruiser has 30 seconds left.
|inactive|sorecruiser has 20 seconds left.
|inactive|sorecruiser has 15 seconds left.
|inactive|sorecruiser has 10 seconds left.
|inactive|sorecruiser has 5 seconds left.
|
|t:|1756528024
|move|p2a: Whimsicott|Moonblast|p1b: Milotic
|-damage|p1b: Milotic|76/100
|-unboost|p1b: Milotic|spa|1
|-ability|p1b: Milotic|Competitive|boost
|-boost|p1b: Milotic|spa|2
|move|p2b: Hydreigon|Draco Meteor|p1b: Milotic
|-damage|p1b: Milotic|7/100
|-unboost|p2b: Hydreigon|spa|2
|-enditem|p1b: Milotic|Sitrus Berry|[eat]
|-heal|p1b: Milotic|32/100|[from] item: Sitrus Berry
|move|p1a: Arcanine|Head Smash|p2b: Hydreigon|[miss]
|-miss|p1a: Arcanine|p2b: Hydreigon
|move|p1b: Milotic|Icy Wind|p2b: Hydreigon|[spread] p2a,p2b
|-supereffective|p2a: Whimsicott
|-supereffective|p2b: Hydreigon
|-damage|p2a: Whimsicott|52/100
|-damage|p2b: Hydreigon|67/100
|-unboost|p2a: Whimsicott|spe|1
|-unboost|p2b: Hydreigon|spe|1
|
|upkeep
|turn|3
|inactive|the jake jupiter has 30 seconds left.
|
|t:|1756528053
|switch|p2a: Gholdengo|Gholdengo, L50|95/100
|-terastallize|p1a: Arcanine|Normal
|move|p1a: Arcanine|Extreme Speed|p2a: Gholdengo
|-immune|p2a: Gholdengo
|move|p2b: Hydreigon|Draco Meteor|p1b: Milotic
|-damage|p1b: Milotic|0 fnt
|-unboost|p2b: Hydreigon|spa|2
|faint|p1b: Milotic
|
|upkeep
|
|t:|1756528062
|switch|p1b: Metagross|Metagross, L50|100/100
|turn|4
|inactive|sorecruiser has 30 seconds left.
|inactive|sorecruiser has 20 seconds left.
|inactive|sorecruiser has 15 seconds left.
|inactive|sorecruiser has 10 seconds left.
|
|t:|1756528107
|switch|p2b: Garchomp|Garchomp, L50, M|100/100
|move|p2a: Gholdengo|Protect|p2a: Gholdengo
|-singleturn|p2a: Gholdengo|Protect
|move|p1a: Arcanine|Flare Blitz|p2a: Gholdengo
|-activate|p2a: Gholdengo|move: Protect
|move|p1b: Metagross|Knock Off|p2b: Garchomp
|-damage|p2b: Garchomp|63/100
|-damage|p1b: Metagross|88/100|[from] ability: Rough Skin|[of] p2b: Garchomp
|-enditem|p2b: Garchomp|Life Orb|[from] move: Knock Off|[of] p1b: Metagross
|
|upkeep
|turn|5
|inactive|sorecruiser has 30 seconds left.
|
|t:|1756528136
|switch|p2a: Hydreigon|Hydreigon, L50, M|67/100
|-terastallize|p2b: Garchomp|Ground
|move|p2b: Garchomp|Earthquake|p1a: Arcanine|[spread] p1a,p1b
|-immune|p2a: Hydreigon|[from] ability: Levitate
|-crit|p1a: Arcanine
|-supereffective|p1b: Metagross
|-damage|p1a: Arcanine|8/100
|-damage|p1b: Metagross|5/100
|-enditem|p1b: Metagross|Weakness Policy
|-boost|p1b: Metagross|atk|2|[from] item: Weakness Policy
|-boost|p1b: Metagross|spa|2|[from] item: Weakness Policy
|move|p1a: Arcanine|Will-O-Wisp|p2b: Garchomp
|-status|p2b: Garchomp|brn
|move|p1b: Metagross|Knock Off|p2a: Hydreigon
|-resisted|p2a: Hydreigon
|-damage|p2a: Hydreigon|23/100
|-enditem|p2a: Hydreigon|Choice Specs|[from] move: Knock Off|[of] p1b: Metagross
|
|-damage|p2b: Garchomp|57/100 brn|[from] brn
|upkeep
|turn|6
|inactive|the jake jupiter has 30 seconds left.
|
|t:|1756528169
|move|p1a: Arcanine|Extreme Speed|p2a: Hydreigon
|-crit|p2a: Hydreigon
|-damage|p2a: Hydreigon|0 fnt
|faint|p2a: Hydreigon
|move|p1b: Metagross|Bullet Punch|p2b: Garchomp
|-damage|p2b: Garchomp|11/100 brn
|-damage|p1b: Metagross|0 fnt|[from] ability: Rough Skin|[of] p2b: Garchomp
|faint|p1b: Metagross
|move|p2b: Garchomp|Earthquake|p1a: Arcanine
|-damage|p1a: Arcanine|0 fnt
|faint|p1a: Arcanine
|
|win|sorecruiser
|raw|the jake jupiter's rating: 1000 → 1000(+0 for losing)
|raw|sorecruiser's rating: 1000 → 1040(+40 for winning)
|l|☆the jake jupiter
|player|p1|
