|j|☆BranchingBee
|j|☆Lab01JNEST
|html|BranchingBeeLab01JNEST    
|uhtml|bestof|Game 2 of a best-of-3
|t:|1757634125
|gametype|doubles
|player|p1|BranchingBee|169|1088
|player|p2|Lab01JNEST|101|1154
|gen|9
|tier|[Gen 9] VGC 2025 Reg H (Bo3)
|rated|
|rule|Species Clause: Limit one of each Pokémon
|rule|Item Clause: Limit 1 of each item
|clearpoke
|poke|p1|Typhlosion-Hisui, L50, F|
|poke|p1|Clefairy, L50, M|
|poke|p1|Whimsicott, L50, F|
|poke|p1|Lilligant-Hisui, L50, F|
|poke|p1|Torkoal, L50, F|
|poke|p1|Rillaboom, L50, M|
|poke|p2|Tyranitar, L50, M|
|poke|p2|Garchomp, L50, M|
|poke|p2|Sinistcha, L50|
|poke|p2|Dragonite, L50, F|
|poke|p2|Corviknight, L50, M|
|poke|p2|Volcarona, L50, F|
|teampreview|4
|showteam|p1|Typhlosion-Hisui||Charcoal|Blaze|Eruption,Protect,ShadowBall,Overheat|||F|||50|,,,,,Fire]Clefairy||Eviolite|FriendGuard|FollowMe,HelpingHand,LifeDew,Protect|||M|||50|,,,,,Ghost]Whimsicott||CovertCloak|Prankster|Tailwind,FakeTears,SunnyDay,Moonblast|||F|||50|,,,,,Dark]Lilligant-Hisui||FocusSash|Chlorophyll|AfterYou,SolarBlade,CloseCombat,Protect|||F|||50|,,,,,Ghost]Torkoal||HeatRock|Drought|Eruption,EarthPower,WeatherBall,Protect|||F|||50|,,,,,Fire]Rillaboom||AssaultVest|GrassySurge|Uturn,FakeOut,WoodHammer,GrassyGlide|||M|||50|,,,,,Water
|showteam|p2|Tyranitar||AssaultVest|SandStream|RockSlide,KnockOff,TeraBlast,LowKick|||M|||50|,,,,,Flying]Garchomp||LifeOrb|RoughSkin|Protect,DragonClaw,StompingTantrum,Earthquake|||M|||50|,,,,,Ground]Sinistcha||RockyHelmet|Hospitality|MatchaGotcha,LifeDew,TrickRoom,RagePowder||||||50|,,,,,Dark]Dragonite||ChoiceBand|InnerFocus|Outrage,ExtremeSpeed,IceSpinner,AerialAce|||F|||50|,,,,,Normal]Corviknight||SitrusBerry|MirrorArmor|Tailwind,BulkUp,Roost,BraveBird|||M|||50|,,,,,Dragon]Volcarona||Leftovers|FlameBody|FieryDance,GigaDrain,QuiverDance,Protect|||F|||50|,,,,,Dragon
|inactive|Battle timer is ON: inactive players will automatically lose when time's up. (requested by Lab01JNEST)
|inactive|BranchingBee has 60 seconds left.
|
|t:|1757634170
|teamsize|p1|4
|teamsize|p2|4
|start
|switch|p1a: Whimsicott|Whimsicott, L50, F|100/100
|switch|p1b: Rillaboom|Rillaboom, L50, M|100/100
|switch|p2a: Dragonite|Dragonite, L50, F|100/100
|switch|p2b: Corviknight|Corviknight, L50, M|100/100
|-fieldstart|move: Grassy Terrain|[from] ability: Grassy Surge|[of] p1b: Rillaboom
|turn|1
|
|t:|1757634189
|-terastallize|p2a: Dragonite|Normal
|move|p1b: Rillaboom|Fake Out|p2b: Corviknight
|-resisted|p2b: Corviknight
|-damage|p2b: Corviknight|95/100
|move|p1a: Whimsicott|Moonblast|p2a: Dragonite
|-damage|p2a: Dragonite|66/100
|move|p2a: Dragonite|Ice Spinner|p1a: Whimsicott
|-supereffective|p1a: Whimsicott
|-damage|p1a: Whimsicott|0 fnt
|-fieldend|move: Grassy Terrain
|faint|p1a: Whimsicott
|cant|p2b: Corviknight|flinch
|
|upkeep
|
|t:|1757634206
|switch|p1a: Typhlosion|Typhlosion-Hisui, L50, F|100/100
|turn|2
|inactive|BranchingBee has 30 seconds left.
|inactive|BranchingBee has 20 seconds left.
|inactive|BranchingBee has 15 seconds left.
|inactive|BranchingBee has 10 seconds left.
|
|t:|1757634252
|switch|p2a: Tyranitar|Tyranitar, L50, M|100/100
|-weather|Sandstorm|[from] ability: Sand Stream|[of] p2a: Tyranitar
|-terastallize|p1a: Typhlosion|Fire
|move|p1a: Typhlosion|Eruption|p2b: Corviknight|[spread] p2a,p2b
|-resisted|p2a: Tyranitar
|-supereffective|p2b: Corviknight
|-damage|p2a: Tyranitar|81/100
|-damage|p2b: Corviknight|0 fnt
|faint|p2b: Corviknight
|move|p1b: Rillaboom|U-turn|p2a: Tyranitar
|-supereffective|p2a: Tyranitar
|-damage|p2a: Tyranitar|38/100
|
|t:|1757634265
|switch|p1b: Torkoal|Torkoal, L50, F|100/100|[from] U-turn
|-weather|SunnyDay|[from] ability: Drought|[of] p1b: Torkoal
|
|-weather|SunnyDay|[upkeep]
|upkeep
|
|t:|1757634267
|switch|p2b: Dragonite|Dragonite, L50, F, tera:Normal|66/100
|turn|3
|inactive|BranchingBee has 30 seconds left.
|
|t:|1757634295
|switch|p2a: Garchomp|Garchomp, L50, M|100/100
|switch|p1b: Rillaboom|Rillaboom, L50, M|100/100
|-fieldstart|move: Grassy Terrain|[from] ability: Grassy Surge|[of] p1b: Rillaboom
|move|p1a: Typhlosion|Protect|p1a: Typhlosion
|-singleturn|p1a: Typhlosion|Protect
|move|p2b: Dragonite|Extreme Speed|p1a: Typhlosion
|-activate|p1a: Typhlosion|move: Protect
|
|-weather|SunnyDay|[upkeep]
|-heal|p2b: Dragonite|72/100|[from] Grassy Terrain
|upkeep
|turn|4
|inactive|BranchingBee has 30 seconds left.
|inactive|BranchingBee has 20 seconds left.
|inactive|BranchingBee has 15 seconds left.
|
|t:|1757634337
|move|p1b: Rillaboom|Fake Out|p2a: Garchomp
|-damage|p2a: Garchomp|87/100
|-damage|p1b: Rillaboom|88/100|[from] ability: Rough Skin|[of] p2a: Garchomp
|move|p2b: Dragonite|Extreme Speed|p1a: Typhlosion
|-damage|p1a: Typhlosion|6/100
|move|p1a: Typhlosion|Shadow Ball|p2a: Garchomp
|-damage|p2a: Garchomp|43/100
|-unboost|p2a: Garchomp|spd|1
|cant|p2a: Garchomp|flinch
|
|-weather|SunnyDay|[upkeep]
|-heal|p1a: Typhlosion|12/100|[from] Grassy Terrain
|-heal|p1b: Rillaboom|94/100|[from] Grassy Terrain
|-heal|p2a: Garchomp|49/100|[from] Grassy Terrain
|-heal|p2b: Dragonite|78/100|[from] Grassy Terrain
|upkeep
|turn|5
|inactive|BranchingBee has 30 seconds left.
|
|t:|1757634370
|move|p1a: Typhlosion|Protect|p1a: Typhlosion
|-singleturn|p1a: Typhlosion|Protect
|move|p2a: Garchomp|Protect|p2a: Garchomp
|-singleturn|p2a: Garchomp|Protect
|move|p2b: Dragonite|Extreme Speed|p1b: Rillaboom
|-damage|p1b: Rillaboom|19/100
|move|p1b: Rillaboom|Wood Hammer|p2a: Garchomp
|-activate|p2a: Garchomp|move: Protect
|
|-weather|SunnyDay|[upkeep]
|-heal|p1a: Typhlosion|18/100|[from] Grassy Terrain
|-heal|p1b: Rillaboom|24/100|[from] Grassy Terrain
|-heal|p2a: Garchomp|54/100|[from] Grassy Terrain
|-heal|p2b: Dragonite|83/100|[from] Grassy Terrain
|upkeep
|turn|6
|inactive|BranchingBee has 30 seconds left.
|inactive|BranchingBee has 20 seconds left.
|inactive|BranchingBee has 15 seconds left.
|inactive|BranchingBee has 10 seconds left.
|
|t:|1757634417
|move|p2b: Dragonite|Extreme Speed|p1a: Typhlosion
|-damage|p1a: Typhlosion|0 fnt
|faint|p1a: Typhlosion
|move|p1b: Rillaboom|Wood Hammer|p2a: Garchomp
|-damage|p2a: Garchomp|0 fnt
|-damage|p1b: Rillaboom|12/100|[from] ability: Rough Skin|[of] p2a: Garchomp
|faint|p2a: Garchomp
|-damage|p1b: Rillaboom|0 fnt|[from] Recoil
|faint|p1b: Rillaboom
|
|-weather|SunnyDay|[upkeep]
|-heal|p2b: Dragonite|89/100|[from] Grassy Terrain
|upkeep
|
|t:|1757634430
|switch|p1a: Torkoal|Torkoal, L50, F|100/100
|switch|p2a: Tyranitar|Tyranitar, L50, M|38/100
|-weather|Sandstorm|[from] ability: Sand Stream|[of] p2a: Tyranitar
|-weather|SunnyDay|[from] ability: Drought|[of] p1a: Torkoal
|turn|7
|
|t:|1757634454
|move|p2b: Dragonite|Extreme Speed|p1a: Torkoal
|-damage|p1a: Torkoal|48/100
|move|p2a: Tyranitar|Knock Off|p1a: Torkoal
|-damage|p1a: Torkoal|2/100
|-enditem|p1a: Torkoal|Heat Rock|[from] move: Knock Off|[of] p2a: Tyranitar
|move|p1a: Torkoal|Earth Power|p2a: Tyranitar
|-supereffective|p2a: Tyranitar
|-damage|p2a: Tyranitar|8/100
|
|-weather|SunnyDay|[upkeep]
|-heal|p2b: Dragonite|95/100|[from] Grassy Terrain
|-heal|p2a: Tyranitar|14/100|[from] Grassy Terrain
|-heal|p1a: Torkoal|8/100|[from] Grassy Terrain
|-fieldend|move: Grassy Terrain
|upkeep
|turn|8
|-message|BranchingBee forfeited.
|
|win|Lab01JNEST
|raw|BranchingBee's rating: 1088 → 1069(-19 for losing)
|raw|Lab01JNEST's rating: 1154 → 1174(+20 for winning)
