|j|☆zachlobbed
|j|☆J4yz1lla
|html|zachlobbedJ4yz1lla    
|uhtml|bestof|Game 2 of a best-of-3
|t:|1784516712
|gametype|doubles
|player|p1|zachlobbed|brock|1294
|player|p2|J4yz1lla|riley|1223
|gen|9
|tier|[Gen 9 Champions] VGC 2026 Reg M-B (Bo3)
|rated|
|rule|Species Clause: Limit one of each Pokémon
|rule|Item Clause: Limit 1 of each item
|clearpoke
|poke|p1|Charizard, L50, F|
|poke|p1|Floette-Eternal, L50, F|
|poke|p1|Whimsicott, L50, M|
|poke|p1|Garchomp, L50, F|
|poke|p1|Basculegion, L50, M|
|poke|p1|Kingambit, L50, M|
|poke|p2|Tyranitar, L50, M|
|poke|p2|Farigiraf, L50, F|
|poke|p2|Rotom-Wash, L50|
|poke|p2|Aegislash, L50, M|
|poke|p2|Aerodactyl, L50, F|
|poke|p2|Scovillain, L50, F|
|teampreview|4
|showteam|p1|Charizard||CharizarditeY|Blaze|Protect,HeatWave,SolarBeam,WeatherBall|Modest||F|||50|]Floette-Eternal||Floettite|FlowerVeil|Protect,LightofRuin,Moonblast,DazzlingGleam|Timid||F|||50|]Whimsicott||FocusSash|Prankster|Protect,Tailwind,Moonblast,Encore|Timid||M|||50|]Garchomp||LifeOrb|RoughSkin|Protect,DragonClaw,Earthquake,RockSlide|Jolly||F|||50|]Basculegion||MysticWater|Adaptability|Protect,AquaJet,WaveCrash,LastRespects|Adamant||M|||50|]Kingambit||BlackGlasses|Defiant|Protect,LowKick,SuckerPunch,KowtowCleave|Adamant||M|||50|
|showteam|p2|Tyranitar||Tyranitarite|SandStream|Crunch,Earthquake,Protect,RockSlide|Adamant||M|||50|]Farigiraf||SitrusBerry|ArmorTail|TrickRoom,Roar,Psychic,HyperVoice|Quiet||F|||50|]Rotom-Wash||Magnet|Levitate|LightScreen,Thunderbolt,WillOWisp,HydroPump|Calm|||||50|]Aegislash||SpellTag|StanceChange|KingsShield,ShadowSneak,IronHead,SacredSword|Adamant||M|||50|]Aerodactyl||FocusSash|Unnerve|StealthRock,Tailwind,DualWingbeat,WideGuard|Jolly||F|||50|]Scovillain||Scovillainite|Moody|RagePowder,LeechSeed,Protect,Overheat|Calm||F|||50|
|inactive|Battle timer is ON: inactive players will automatically lose when time's up. (requested by zachlobbed)
|
|t:|1784516721
|teamsize|p1|4
|teamsize|p2|4
|start
|switch|p1a: Whimsicott|Whimsicott, L50, M|100/100
|switch|p1b: Basculegion|Basculegion, L50, M|100/100
|switch|p2a: Aerodactyl|Aerodactyl, L50, F|100/100
|switch|p2b: Scovillain|Scovillain, L50, F|100/100
|-ability|p2a: Aerodactyl|Unnerve
|turn|1
|
|t:|1784516740
|switch|p2b: Rotom|Rotom-Wash, L50|100/100
|move|p2a: Aerodactyl|Dual Wingbeat|p1a: Whimsicott
|-supereffective|p1a: Whimsicott|1
|-damage|p1a: Whimsicott|46/100
|-supereffective|p1a: Whimsicott|1
|-damage|p1a: Whimsicott|0 fnt
|faint|p1a: Whimsicott
|-hitcount|p1: Whimsicott|2
|move|p1b: Basculegion|Wave Crash|p2a: Aerodactyl
|-supereffective|p2a: Aerodactyl|1
|-enditem|p2a: Aerodactyl|Focus Sash
|-damage|p2a: Aerodactyl|1/100
|-damage|p1b: Basculegion|74/100|[from] Recoil
|
|upkeep
|
|t:|1784516748
|switch|p1a: Kingambit|Kingambit, L50, M|100/100
|turn|2
|
|t:|1784516757
|move|p1b: Basculegion|Protect|p1b: Basculegion
|-singleturn|p1b: Basculegion|Protect
|move|p2a: Aerodactyl|Stealth Rock|p1a: Kingambit
|-sidestart|p1: zachlobbed|move: Stealth Rock
|move|p2b: Rotom|Will-O-Wisp|p1a: Kingambit
|-status|p1a: Kingambit|brn
|move|p1a: Kingambit|Kowtow Cleave|p2b: Rotom
|-damage|p2b: Rotom|64/100
|
|-damage|p1a: Kingambit|94/100 brn|[from] brn
|upkeep
|turn|3
|inactive|zachlobbed has 30 seconds left.
|
|t:|1784516793
|move|p1b: Basculegion|Aqua Jet|p2a: Aerodactyl
|-supereffective|p2a: Aerodactyl|1
|-damage|p2a: Aerodactyl|0 fnt
|faint|p2a: Aerodactyl
|move|p2b: Rotom|Thunderbolt|p1b: Basculegion
|-supereffective|p1b: Basculegion|1
|-damage|p1b: Basculegion|0 fnt
|faint|p1b: Basculegion
|move|p1a: Kingambit|Kowtow Cleave|p2b: Rotom
|-damage|p2b: Rotom|24/100
|
|-damage|p1a: Kingambit|88/100 brn|[from] brn
|upkeep
|
|t:|1784516804
|switch|p2a: Scovillain|Scovillain, L50, F|100/100
|switch|p1b: Charizard|Charizard, L50, F|100/100
|-damage|p1b: Charizard|50/100g|[from] Stealth Rock
|turn|4
|
|t:|1784516821
|move|p1b: Charizard|Protect|p1b: Charizard
|-singleturn|p1b: Charizard|Protect
|move|p2b: Rotom|Light Screen|p2b: Rotom
|-sidestart|p2: J4yz1lla|move: Light Screen
|move|p2a: Scovillain|Leech Seed|p1a: Kingambit
|-start|p1a: Kingambit|move: Leech Seed
|move|p1a: Kingambit|Kowtow Cleave|p2b: Rotom
|-damage|p2b: Rotom|0 fnt
|faint|p2b: Rotom
|
|-damage|p1a: Kingambit|76/100 brn|[from] Leech Seed|[of] p2a: Scovillain
|-damage|p1a: Kingambit|70/100 brn|[from] brn
|-ability|p2a: Scovillain|Moody|boost
|-boost|p2a: Scovillain|def|2
|-unboost|p2a: Scovillain|spe|1
|upkeep
|
|t:|1784516824
|switch|p2b: Tyranitar|Tyranitar, L50, M|100/100
|-weather|Sandstorm|[from] ability: Sand Stream|[of] p2b: Tyranitar
|turn|5
|
|t:|1784516845
|move|p2b: Tyranitar|Protect|p2b: Tyranitar
|-singleturn|p2b: Tyranitar|Protect
|move|p1b: Charizard|Weather Ball|p2a: Scovillain
|-supereffective|p2a: Scovillain|1
|-damage|p2a: Scovillain|57/100
|move|p1a: Kingambit|Low Kick|p2b: Tyranitar
|-activate|p2b: Tyranitar|move: Protect
|move|p2a: Scovillain|Overheat|p1a: Kingambit
|-supereffective|p1a: Kingambit|1
|-damage|p1a: Kingambit|0 fnt
|-unboost|p2a: Scovillain|spa|2
|faint|p1a: Kingambit
|
|-weather|Sandstorm|[upkeep]
|-damage|p1b: Charizard|44/100|[from] Sandstorm
|-damage|p2a: Scovillain|52/100|[from] Sandstorm
|-ability|p2a: Scovillain|Moody|boost
|-boost|p2a: Scovillain|def|2
|-unboost|p2a: Scovillain|spd|1
|upkeep
|turn|6
|inactive|J4yz1lla has 30 seconds left.
|
|t:|1784516872
|detailschange|p1b: Charizard|Charizard-Mega-Y, L50, F
|-mega|p1b: Charizard|Charizard|Charizardite Y
|-weather|SunnyDay|[from] ability: Drought|[of] p1b: Charizard
|move|p1b: Charizard|Solar Beam||[still]
|-prepare|p1b: Charizard|Solar Beam
|-anim|p1b: Charizard|Solar Beam|p2b: Tyranitar
|-supereffective|p2b: Tyranitar|1
|-damage|p2b: Tyranitar|51/100
|move|p2b: Tyranitar|Rock Slide|p1b: Charizard|[miss]
|-miss|p2b: Tyranitar|p1b: Charizard
|move|p2a: Scovillain|Leech Seed|p1b: Charizard
|-start|p1b: Charizard|move: Leech Seed
|
|-weather|SunnyDay|[upkeep]
|-damage|p1b: Charizard|31/100|[from] Leech Seed|[of] p2a: Scovillain
|-heal|p2a: Scovillain|64/100|[silent]
|-ability|p2a: Scovillain|Moody|boost
|-boost|p2a: Scovillain|atk|2
|-unboost|p2a: Scovillain|spe|1
|upkeep
|turn|7
|inactive|J4yz1lla has 30 seconds left.
|
|t:|1784516898
|detailschange|p2b: Tyranitar|Tyranitar-Mega, L50, M
|-mega|p2b: Tyranitar|Tyranitar|Tyranitarite
|-weather|Sandstorm|[from] ability: Sand Stream|[of] p2b: Tyranitar
|move|p2b: Tyranitar|Protect|p2b: Tyranitar
|-singleturn|p2b: Tyranitar|Protect
|move|p2a: Scovillain|Protect|p2a: Scovillain
|-singleturn|p2a: Scovillain|Protect
|move|p1b: Charizard|Solar Beam||[still]
|-prepare|p1b: Charizard|Solar Beam
|
|-weather|Sandstorm|[upkeep]
|-damage|p1b: Charizard|26/100|[from] Sandstorm
|-damage|p2a: Scovillain|58/100|[from] Sandstorm
|-damage|p1b: Charizard|13/100|[from] Leech Seed|[of] p2a: Scovillain
|-heal|p2a: Scovillain|70/100|[silent]
|-ability|p2a: Scovillain|Moody|boost
|-boost|p2a: Scovillain|spa|2
|-unboost|p2a: Scovillain|def|1
|upkeep
|turn|8
|-message|zachlobbed forfeited.
|
|win|J4yz1lla
