|j|☆The Bradicus
|j|☆ENDERLANDA
|html|The BradicusENDERLANDA    
|uhtml|bestof|Game 1 of a best-of-3
|t:|1785191015
|gametype|doubles
|player|p1|The Bradicus|richboy-gen6xy|1339
|player|p2|ENDERLANDA|1|1285
|gen|9
|tier|[Gen 9 Champions] VGC 2026 Reg M-B (Bo3)
|rated|
|rule|Species Clause: Limit one of each Pokémon
|rule|Item Clause: Limit 1 of each item
|clearpoke
|poke|p1|Starmie, L50|
|poke|p1|Pelipper, L50, F|
|poke|p1|Grimmsnarl, L50, M|
|poke|p1|Scizor, L50, M|
|poke|p1|Meganium, L50, M|
|poke|p1|Slowking-Galar, L50, M|
|poke|p2|Charizard, L50, M|
|poke|p2|Milotic, L50, F|
|poke|p2|Floette-Eternal, L50, F|
|poke|p2|Grimmsnarl, L50, M|
|poke|p2|Sinistcha, L50|
|poke|p2|Incineroar, L50, M|
|teampreview|4
|showteam|p1|Starmie||Starminite|Illuminate|Liquidation,ZenHeadbutt,AquaJet,Protect|Adamant|||||50|]Pelipper||SitrusBerry|Drizzle|Hurricane,Tailwind,WideGuard,Protect|Calm||F|||50|]Grimmsnarl||BlackGlasses|Prankster|SpiritBreak,FakeOut,SuckerPunch,PartingShot|Adamant||M|||50|]Scizor||MetalCoat|Technician|BugBite,BulletPunch,CloseCombat,Protect|Adamant||M|||50|]Meganium||Meganiumite|LeafGuard|SolarBeam,WeatherBall,DazzlingGleam,Protect|Modest||M|||50|]Slowking-Galar||ColburBerry|Regenerator|SludgeBomb,Psyshock,TrickRoom,ChillyReception|Relaxed||M|||50|
|showteam|p2|Charizard||CharizarditeX|Blaze|Protect,DragonDance,DragonRush,FlareBlitz|Adamant||M|||50|]Milotic||Leftovers|Competitive|Coil,MuddyWater,Hypnosis,Protect|Calm||F|||50|]Floette-Eternal||Floettite|FlowerVeil|Moonblast,DazzlingGleam,Protect,CalmMind|Modest||F|||50|]Grimmsnarl||LightClay|Prankster|LightScreen,Reflect,SpiritBreak,PartingShot|Impish||M|||50|]Sinistcha||ColburBerry|Hospitality|MatchaGotcha,TrickRoom,RagePowder,Protect|Calm|||||50|]Incineroar||SitrusBerry|Intimidate|FakeOut,FlareBlitz,PartingShot,ThroatChop|Adamant||M|||50|
|inactive|Battle timer is ON: inactive players will automatically lose when time's up. (requested by The Bradicus)
|
|t:|1785191032
|teamsize|p1|4
|teamsize|p2|4
|start
|switch|p1a: Grimmsnarl|Grimmsnarl, L50, M|100/100
|switch|p1b: Scizor|Scizor, L50, M|100/100
|switch|p2a: Grimmsnarl|Grimmsnarl, L50, M|100/100
|switch|p2b: Incineroar|Incineroar, L50, M|100/100
|-ability|p2b: Incineroar|Intimidate|boost
|-unboost|p1a: Grimmsnarl|atk|1
|-unboost|p1b: Scizor|atk|1
|turn|1
|
|t:|1785191049
|switch|p1b: Pelipper|Pelipper, L50, F|100/100
|-weather|RainDance|[from] ability: Drizzle|[of] p1b: Pelipper
|move|p1a: Grimmsnarl|Fake Out|p2a: Grimmsnarl
|-damage|p2a: Grimmsnarl|90/100
|move|p2b: Incineroar|Fake Out|p1a: Grimmsnarl
|-damage|p1a: Grimmsnarl|84/100
|cant|p2a: Grimmsnarl|flinch
|
|-weather|RainDance|[upkeep]
|upkeep
|turn|2
|inactive|ENDERLANDA has 30 seconds left.
|
|t:|1785191075
|move|p2a: Grimmsnarl|Light Screen|p2a: Grimmsnarl
|-sidestart|p2: ENDERLANDA|move: Light Screen
|move|p1b: Pelipper|Hurricane|p2a: Grimmsnarl
|-damage|p2a: Grimmsnarl|68/100
|move|p1a: Grimmsnarl|Spirit Break|p2a: Grimmsnarl
|-supereffective|p2a: Grimmsnarl|1
|-damage|p2a: Grimmsnarl|15/100
|-unboost|p2a: Grimmsnarl|spa|1
|move|p2b: Incineroar|Parting Shot|p1b: Pelipper
|-unboost|p1b: Pelipper|atk|1
|-unboost|p1b: Pelipper|spa|1
|
|t:|1785191085
|switch|p2b: Charizard|Charizard, L50, M|100/100|[from] Parting Shot
|
|-weather|RainDance|[upkeep]
|upkeep
|turn|3
|
|t:|1785191100
|detailschange|p2b: Charizard|Charizard-Mega-X, L50, M
|-mega|p2b: Charizard|Charizard|Charizardite X
|move|p1a: Grimmsnarl|Parting Shot|p2b: Charizard
|-unboost|p2b: Charizard|atk|1
|-unboost|p2b: Charizard|spa|1
|
|t:|1785191109
|switch|p1a: Starmie|Starmie, L50|100/100|[from] Parting Shot
|move|p2a: Grimmsnarl|Reflect|p2a: Grimmsnarl
|-sidestart|p2: ENDERLANDA|Reflect
|move|p2b: Charizard|Dragon Dance|p2b: Charizard
|-boost|p2b: Charizard|atk|1
|-boost|p2b: Charizard|spe|1
|move|p1b: Pelipper|Hurricane|p2a: Grimmsnarl
|-damage|p2a: Grimmsnarl|0 fnt
|faint|p2a: Grimmsnarl
|
|-weather|RainDance|[upkeep]
|upkeep
|
|t:|1785191121
|switch|p2a: Incineroar|Incineroar, L50, M|100/100
|-ability|p2a: Incineroar|Intimidate|boost
|-unboost|p1a: Starmie|atk|1
|-unboost|p1b: Pelipper|atk|1
|turn|4
|
|t:|1785191133
|switch|p1a: Scizor|Scizor, L50, M|100/100
|move|p2a: Incineroar|Fake Out|p1a: Scizor
|-resisted|p1a: Scizor|1
|-damage|p1a: Scizor|94/100
|move|p2b: Charizard|Dragon Dance|p2b: Charizard
|-boost|p2b: Charizard|atk|1
|-boost|p2b: Charizard|spe|1
|move|p1b: Pelipper|Tailwind|p1b: Pelipper
|-sidestart|p1: The Bradicus|move: Tailwind
|
|-weather|RainDance|[upkeep]
|upkeep
|turn|5
|inactive|ENDERLANDA has 30 seconds left.
|
|t:|1785191164
|move|p2b: Charizard|Dragon Rush|p1b: Pelipper
|-damage|p1b: Pelipper|0 fnt
|faint|p1b: Pelipper
|move|p1a: Scizor|Bug Bite|p2a: Incineroar
|-damage|p2a: Incineroar|72/100
|-enditem|p2a: Incineroar|Sitrus Berry|[from] stealeat|[move] Bug Bite|[of] p1a: Scizor
|-heal|p1a: Scizor|100/100|[from] item: Sitrus Berry
|move|p2a: Incineroar|Parting Shot|p1a: Scizor
|-unboost|p1a: Scizor|atk|1
|-unboost|p1a: Scizor|spa|1
|
|t:|1785191173
|switch|p2a: Sinistcha|Sinistcha, L50|100/100|[from] Parting Shot
|
|-weather|none
|upkeep
|
|t:|1785191183
|switch|p1b: Starmie|Starmie, L50|100/100
|turn|6
|inactive|The Bradicus has 30 seconds left.
|inactive|ENDERLANDA has 30 seconds left.
|
|t:|1785191211
|detailschange|p1b: Starmie|Starmie-Mega, L50
|-mega|p1b: Starmie|Starmie|Starminite
|move|p1b: Starmie|Zen Headbutt|p2a: Sinistcha
|-damage|p2a: Sinistcha|57/100
|move|p2b: Charizard|Flare Blitz|p1a: Scizor
|-supereffective|p1a: Scizor|2
|-damage|p1a: Scizor|0 fnt
|faint|p1a: Scizor
|-damage|p2b: Charizard|67/100|[from] Recoil
|cant|p2a: Sinistcha|flinch
|
|upkeep
|
|t:|1785191216
|switch|p1a: Grimmsnarl|Grimmsnarl, L50, M|84/100
|turn|7
|
|t:|1785191234
|switch|p2b: Incineroar|Incineroar, L50, M|72/100
|-ability|p2b: Incineroar|Intimidate|boost
|-unboost|p1a: Grimmsnarl|atk|1
|-unboost|p1b: Starmie|atk|1
|move|p2a: Sinistcha|Protect|p2a: Sinistcha
|-singleturn|p2a: Sinistcha|Protect
|move|p1a: Grimmsnarl|Parting Shot|p2b: Incineroar
|-hint|Since gen 7, Dark is immune to Prankster moves.
|-immune|p2b: Incineroar
|move|p1b: Starmie|Zen Headbutt|p2a: Sinistcha
|-activate|p2a: Sinistcha|move: Protect
|
|-sideend|p1: The Bradicus|move: Tailwind
|upkeep
|turn|8
|
|t:|1785191249
|move|p2b: Incineroar|Fake Out|p1b: Starmie
|-damage|p1b: Starmie|85/100
|cant|p1b: Starmie|flinch
|move|p1a: Grimmsnarl|Spirit Break|p2a: Sinistcha
|-damage|p2a: Sinistcha|41/100
|-unboost|p2a: Sinistcha|spa|1
|move|p2a: Sinistcha|Trick Room|p2a: Sinistcha
|-fieldstart|move: Trick Room|[of] p2a: Sinistcha
|
|upkeep
|turn|9
|
|t:|1785191268
|move|p1b: Starmie|Protect|p1b: Starmie
|-singleturn|p1b: Starmie|Protect
|move|p2b: Incineroar|Throat Chop|p1a: Grimmsnarl
|-resisted|p1a: Grimmsnarl|2
|-damage|p1a: Grimmsnarl|73/100
|-start|p1a: Grimmsnarl|Throat Chop|[silent]
|move|p1a: Grimmsnarl|Spirit Break|p2a: Sinistcha
|-damage|p2a: Sinistcha|24/100
|-unboost|p2a: Sinistcha|spa|1
|move|p2a: Sinistcha|Matcha Gotcha|p1a: Grimmsnarl|[spread] p1a
|-activate|p1b: Starmie|move: Protect
|-damage|p1a: Grimmsnarl|59/100
|-heal|p2a: Sinistcha|32/100|[from] drain|[of] p1a: Grimmsnarl
|-status|p1a: Grimmsnarl|brn
|
|-damage|p1a: Grimmsnarl|53/100 brn|[from] brn
|-sideend|p2: ENDERLANDA|move: Light Screen
|upkeep
|turn|10
|inactive|The Bradicus has 30 seconds left.
|
|t:|1785191294
|move|p2b: Incineroar|Parting Shot|p1b: Starmie
|-unboost|p1b: Starmie|atk|1
|-unboost|p1b: Starmie|spa|1
|
|t:|1785191306
|switch|p2b: Charizard|Charizard-Mega-X, L50, M|67/100|[from] Parting Shot
|move|p1a: Grimmsnarl|Spirit Break|p2a: Sinistcha
|-damage|p2a: Sinistcha|24/100
|-unboost|p2a: Sinistcha|spa|1
|move|p2a: Sinistcha|Matcha Gotcha|p1a: Grimmsnarl|[spread] p1a,p1b
|-supereffective|p1b: Starmie|1
|-damage|p1a: Grimmsnarl|42/100 brn
|-heal|p2a: Sinistcha|30/100|[from] drain|[of] p1a: Grimmsnarl
|-damage|p1b: Starmie|62/100
|-heal|p2a: Sinistcha|39/100|[from] drain|[of] p1b: Starmie
|move|p1b: Starmie|Liquidation|p2a: Sinistcha
|-resisted|p2a: Sinistcha|1
|-damage|p2a: Sinistcha|28/100
|-unboost|p2a: Sinistcha|def|1
|
|-damage|p1a: Grimmsnarl|36/100 brn|[from] brn
|-end|p1a: Grimmsnarl|Throat Chop|[silent]
|-sideend|p2: ENDERLANDA|Reflect
|upkeep
|turn|11
|
|t:|1785191327
|move|p1a: Grimmsnarl|Spirit Break|p2a: Sinistcha
|-damage|p2a: Sinistcha|10/100
|-unboost|p2a: Sinistcha|spa|1
|move|p2a: Sinistcha|Matcha Gotcha|p1b: Starmie|[spread] p1a,p1b
|-supereffective|p1b: Starmie|1
|-damage|p1a: Grimmsnarl|27/100 brn
|-heal|p2a: Sinistcha|15/100|[from] drain|[of] p1a: Grimmsnarl
|-damage|p1b: Starmie|43/100
|-heal|p2a: Sinistcha|23/100|[from] drain|[of] p1b: Starmie
|-status|p1b: Starmie|brn
|move|p2b: Charizard|Flare Blitz|p1a: Grimmsnarl
|-damage|p1a: Grimmsnarl|0 fnt
|faint|p1a: Grimmsnarl
|-damage|p2b: Charizard|56/100|[from] Recoil
|move|p1b: Starmie|Zen Headbutt|p2a: Sinistcha
|-damage|p2a: Sinistcha|0 fnt
|faint|p2a: Sinistcha
|
|-damage|p1b: Starmie|37/100 brn|[from] brn
|upkeep
|
|t:|1785191342
|switch|p2a: Incineroar|Incineroar, L50, M|72/100
|-ability|p2a: Incineroar|Intimidate|boost
|-unboost|p1b: Starmie|atk|1
|turn|12
|
|t:|1785191346
|move|p1b: Starmie|Protect|p1b: Starmie
|-singleturn|p1b: Starmie|Protect
|move|p2a: Incineroar|Fake Out|p1b: Starmie
|-activate|p1b: Starmie|move: Protect
|move|p2b: Charizard|Dragon Dance|p2b: Charizard
|-boost|p2b: Charizard|atk|1
|-boost|p2b: Charizard|spe|1
|
|-damage|p1b: Starmie|31/100 brn|[from] brn
|-fieldend|move: Trick Room
|upkeep
|turn|13
|
|t:|1785191358
|move|p1b: Starmie|Aqua Jet|p2a: Incineroar
|-supereffective|p2a: Incineroar|1
|-damage|p2a: Incineroar|59/100
|move|p2b: Charizard|Dragon Rush|p1b: Starmie
|-crit|p1b: Starmie
|-damage|p1b: Starmie|0 fnt
|faint|p1b: Starmie
|
|win|ENDERLANDA
||The Bradicus is ready for game 2.
||ENDERLANDA is ready for game 2.
|uhtml|next|Next: Game 2 of 3
|l|☆ENDERLANDA
|player|p2|
