|j|☆Mugentine
|j|☆knoxvillninja
|html|Mugentineknoxvillninja    
|uhtml|bestof|Game 2 of a best-of-3
|t:|1785120586
|gametype|doubles
|player|p1|Mugentine|101|
|player|p2|knoxvillninja|2|
|gen|9
|tier|[Gen 9 Champions] VGC 2026 Reg M-B (Bo3)
|rule|Species Clause: Limit one of each Pokémon
|rule|Item Clause: Limit 1 of each item
|clearpoke
|poke|p1|Altaria, L50, F|
|poke|p1|Vaporeon, L50, F|
|poke|p1|Scrafty, L50, F|
|poke|p1|Delphox, L50, F|
|poke|p1|Maushold, L50|
|poke|p1|Gholdengo, L50|
|poke|p2|Charizard, L50, M|
|poke|p2|Basculegion, L50, M|
|poke|p2|Ninetales-Alola, L50, M|
|poke|p2|Talonflame, L50, M|
|poke|p2|Krookodile, L50, F|
|poke|p2|Greninja, L50, F|
|teampreview|4
|showteam|p1|Altaria||YacheBerry|CloudNine|FireSpin,Roost,PerishSong,Protect|Bold||F|||50|]Vaporeon||Leftovers|WaterAbsorb|FlipTurn,Yawn,IceBeam,Protect|Relaxed||F|||50|]Scrafty||Scraftinite|Intimidate|FakeOut,KnockOff,IcePunch,DrainPunch|Adamant||F|||50|]Delphox||Delphoxite|Blaze|Protect,HeatWave,Psychic,DazzlingGleam|Modest||F|||50|]Maushold||FocusSash|FriendGuard|FollowMe,SuperFang,Protect,Encore|Timid|||||50|]Gholdengo||ChoiceScarf|GoodasGold|PowerGem,MakeItRain,ShadowBall,Trick|Timid|||||50|
|showteam|p2|Charizard||CharizarditeY|Blaze|HeatWave,SolarBeam,WeatherBall,Protect|Modest||M|||50|]Basculegion||ChoiceScarf|Adaptability|LastRespects,WaveCrash,AquaJet,FlipTurn|Adamant||M|||50|]Ninetales-Alola||LightClay|SnowWarning|AuroraVeil,FreezeDry,Protect,Blizzard|Timid||M|||50|]Talonflame||SharpBeak|GaleWings|Tailwind,Protect,BraveBird,FlareBlitz|Jolly||M|||50|]Krookodile||LifeOrb|Intimidate|Earthquake,Crunch,RockSlide,Protect|Jolly||F|||50|]Greninja||Greninjite|Protean|HydroPump,DarkPulse,IceBeam,Protect|Timid||F|||50|
|
|t:|1785120628
|teamsize|p1|4
|teamsize|p2|4
|start
|switch|p1a: Altaria|Altaria, L50, F|100/100
|switch|p1b: Scrafty|Scrafty, L50, F|100/100
|switch|p2a: Charizard|Charizard, L50, M|100/100
|switch|p2b: Ninetales|Ninetales-Alola, L50, M|100/100
|-weather|Snowscape|[from] ability: Snow Warning|[of] p2b: Ninetales
|-ability|p1a: Altaria|Cloud Nine
|-ability|p1b: Scrafty|Intimidate|boost
|-unboost|p2a: Charizard|atk|1
|-unboost|p2b: Ninetales|atk|1
|turn|1
|
|t:|1785120667
|switch|p2a: Krookodile|Krookodile, L50, F|100/100
|-ability|p2a: Krookodile|Intimidate|boost
|-unboost|p1a: Altaria|atk|1
|-unboost|p1b: Scrafty|atk|1
|detailschange|p1b: Scrafty|Scrafty-Mega, L50, F
|-mega|p1b: Scrafty|Scrafty|Scraftinite
|-ability|p1b: Scrafty|Intimidate|boost
|-unboost|p2a: Krookodile|atk|1
|-unboost|p2b: Ninetales|atk|1
|move|p2b: Ninetales|Protect|p2b: Ninetales
|-singleturn|p2b: Ninetales|Protect
|move|p1b: Scrafty|Fake Out|p2b: Ninetales
|-activate|p2b: Ninetales|move: Protect
|move|p1a: Altaria|Fire Spin|p2a: Krookodile
|-damage|p2a: Krookodile|91/100
|-activate|p2a: Krookodile|move: Fire Spin|[of] p1a: Altaria
|
|-weather|Snowscape|[upkeep]
|-damage|p2a: Krookodile|79/100|[from] move: Fire Spin|[partiallytrapped]
|upkeep
|turn|2
|
|t:|1785120701
|move|p1a: Altaria|Protect|p1a: Altaria
|-singleturn|p1a: Altaria|Protect
|move|p2b: Ninetales|Aurora Veil||[still]
|-fail|p2b: Ninetales
|move|p2a: Krookodile|Rock Slide|p1b: Scrafty|[spread] p1b
|-activate|p1a: Altaria|move: Protect
|-resisted|p1b: Scrafty|1
|-crit|p1b: Scrafty
|-damage|p1b: Scrafty|84/100
|-damage|p2a: Krookodile|69/100|[from] item: Life Orb
|move|p1b: Scrafty|Drain Punch|p2a: Krookodile
|-supereffective|p2a: Krookodile|1
|-damage|p2a: Krookodile|0 fnt
|-heal|p1b: Scrafty|100/100|[from] drain|[of] p2a: Krookodile
|faint|p2a: Krookodile
|
|-weather|Snowscape|[upkeep]
|upkeep
|
|t:|1785120719
|switch|p2a: Basculegion|Basculegion, L50, M|100/100
|turn|3
|
|t:|1785120769
|switch|p1a: Maushold|Maushold, L50|100/100
|move|p2a: Basculegion|Wave Crash|p1b: Scrafty
|-damage|p1b: Scrafty|45/100
|-damage|p2a: Basculegion|84/100|[from] Recoil
|move|p2b: Ninetales|Blizzard|p1a: Maushold|[spread] p1a,p1b
|-damage|p1a: Maushold|60/100
|-damage|p1b: Scrafty|27/100
|-status|p1a: Maushold|frz
|move|p1b: Scrafty|Knock Off|p2a: Basculegion
|-supereffective|p2a: Basculegion|1
|-damage|p2a: Basculegion|0 fnt
|-enditem|p2a: Basculegion|Choice Scarf|[from] move: Knock Off|[of] p1b: Scrafty
|faint|p2a: Basculegion
|
|-weather|Snowscape|[upkeep]
|upkeep
|
|t:|1785120784
|switch|p2a: Charizard|Charizard, L50, M|100/100
|turn|4
|
|t:|1785120817
|detailschange|p2a: Charizard|Charizard-Mega-Y, L50, M
|-mega|p2a: Charizard|Charizard|Charizardite Y
|-weather|SunnyDay|[from] ability: Drought|[of] p2a: Charizard
|cant|p1a: Maushold|frz
|move|p2b: Ninetales|Freeze-Dry|p1b: Scrafty
|-damage|p1b: Scrafty|9/100
|move|p2a: Charizard|Heat Wave|p1a: Maushold|[spread] p1a,p1b
|-damage|p1a: Maushold|0 fnt
|-damage|p1b: Scrafty|0 fnt
|faint|p1a: Maushold
|faint|p1b: Scrafty
|
|-weather|SunnyDay|[upkeep]
|upkeep
|
|t:|1785120831
|switch|p1a: Vaporeon|Vaporeon, L50, F|100/100
|switch|p1b: Altaria|Altaria, L50, F|100/100
|-ability|p1b: Altaria|Cloud Nine
|turn|5
|
|t:|1785120856
|move|p2b: Ninetales|Blizzard|p1a: Vaporeon|[spread] p1b
|-miss|p2b: Ninetales|p1a: Vaporeon
|-supereffective|p1b: Altaria|2
|-enditem|p1b: Altaria|Yache Berry|[eat]
|-enditem|p1b: Altaria|Yache Berry|[weaken]
|-damage|p1b: Altaria|42/100
|move|p2a: Charizard|Heat Wave|p1b: Altaria|[spread] p1a,p1b
|-resisted|p1a: Vaporeon|1
|-resisted|p1b: Altaria|1
|-crit|p1b: Altaria
|-damage|p1a: Vaporeon|84/100
|-damage|p1b: Altaria|14/100
|move|p1b: Altaria|Roost|p1b: Altaria
|-heal|p1b: Altaria|64/100
|-singleturn|p1b: Altaria|move: Roost
|move|p1a: Vaporeon|Yawn|p2b: Ninetales
|-start|p2b: Ninetales|move: Yawn|[of] p1a: Vaporeon
|
|-weather|SunnyDay|[upkeep]
|-heal|p1a: Vaporeon|91/100|[from] item: Leftovers
|upkeep
|turn|6
|
|t:|1785120905
|move|p1b: Altaria|Protect|p1b: Altaria
|-singleturn|p1b: Altaria|Protect
|move|p2b: Ninetales|Blizzard|p1b: Altaria|[spread] 
|-activate|p1b: Altaria|move: Protect
|-miss|p2b: Ninetales|p1a: Vaporeon
|move|p2a: Charizard|Weather Ball|p1b: Altaria
|-activate|p1b: Altaria|move: Protect
|move|p1a: Vaporeon|Yawn|p2a: Charizard
|-start|p2a: Charizard|move: Yawn|[of] p1a: Vaporeon
|
|-weather|SunnyDay|[upkeep]
|-heal|p1a: Vaporeon|97/100|[from] item: Leftovers
|-end|p2b: Ninetales|move: Yawn|[silent]
|-status|p2b: Ninetales|slp
|upkeep
|turn|7
|
|t:|1785120955
|move|p1a: Vaporeon|Protect|p1a: Vaporeon
|-singleturn|p1a: Vaporeon|Protect
|cant|p2b: Ninetales|slp
|move|p2a: Charizard|Weather Ball|p1b: Altaria
|-damage|p1b: Altaria|48/100
|move|p1b: Altaria|Perish Song|p1b: Altaria
|-start|p1a: Vaporeon|perish3|[silent]
|-start|p1b: Altaria|perish3|[silent]
|-start|p2a: Charizard|perish3|[silent]
|-start|p2b: Ninetales|perish3|[silent]
|-fieldactivate|move: Perish Song
|
|-weather|SunnyDay|[upkeep]
|-heal|p1a: Vaporeon|100/100|[from] item: Leftovers
|-end|p2a: Charizard|move: Yawn|[silent]
|-status|p2a: Charizard|slp
|-start|p2b: Ninetales|perish3
|-start|p2a: Charizard|perish3
|-start|p1b: Altaria|perish3
|-start|p1a: Vaporeon|perish3
|upkeep
|turn|8
|
|t:|1785120985
|cant|p2b: Ninetales|slp
|cant|p2a: Charizard|slp
|move|p1b: Altaria|Roost|p1b: Altaria
|-heal|p1b: Altaria|98/100
|-singleturn|p1b: Altaria|move: Roost
|move|p1a: Vaporeon|Flip Turn|p2a: Charizard
|-supereffective|p2a: Charizard|1
|-damage|p2a: Charizard|69/100 slp
|
|-weather|none
|-start|p2b: Ninetales|perish2
|-start|p2a: Charizard|perish2
|-start|p1b: Altaria|perish2
|-start|p1a: Vaporeon|perish2
|upkeep
|turn|9
|
|t:|1785121007
|move|p1b: Altaria|Protect|p1b: Altaria
|-singleturn|p1b: Altaria|Protect
|-curestatus|p2b: Ninetales|slp|[msg]
|move|p2b: Ninetales|Blizzard|p1a: Vaporeon|[spread] p1a
|-activate|p1b: Altaria|move: Protect
|-resisted|p1a: Vaporeon|1
|-damage|p1a: Vaporeon|89/100
|-curestatus|p2a: Charizard|slp|[msg]
|move|p2a: Charizard|Heat Wave|p1b: Altaria|[spread] 
|-activate|p1b: Altaria|move: Protect
|-miss|p2a: Charizard|p1a: Vaporeon
|move|p1a: Vaporeon|Flip Turn|p2a: Charizard
|-supereffective|p2a: Charizard|1
|-damage|p2a: Charizard|38/100
|
|-heal|p1a: Vaporeon|95/100|[from] item: Leftovers
|-start|p2b: Ninetales|perish1
|-start|p2a: Charizard|perish1
|-start|p1b: Altaria|perish1
|-start|p1a: Vaporeon|perish1
|upkeep
|turn|10
|
|t:|1785121033
|move|p1a: Vaporeon|Protect|p1a: Vaporeon
|-singleturn|p1a: Vaporeon|Protect
|move|p2b: Ninetales|Blizzard|p1a: Vaporeon|[spread] p1b
|-activate|p1a: Vaporeon|move: Protect
|-supereffective|p1b: Altaria|2
|-damage|p1b: Altaria|0 fnt
|faint|p1b: Altaria
|move|p2a: Charizard|Heat Wave|p1a: Vaporeon
|-activate|p1a: Vaporeon|move: Protect
|
|-heal|p1a: Vaporeon|100/100|[from] item: Leftovers
|-start|p2b: Ninetales|perish0
|-start|p2a: Charizard|perish0
|-start|p1a: Vaporeon|perish0
|faint|p2b: Ninetales
|faint|p2a: Charizard
|faint|p1a: Vaporeon
|
|win|Mugentine
