|j|☆tt/el.glenko
|j|☆NandoProbando
|html|tt/el.glenkoNandoProbando    
|uhtml|bestof|Game 1 of a best-of-3
|t:|1784946144
|gametype|doubles
|player|p1|tt/el.glenko|102|
|player|p2|NandoProbando|pokefan-gen4|
|gen|9
|tier|[Gen 9 Champions] VGC 2026 Reg M-B (Bo3)
|rule|Species Clause: Limit one of each Pokémon
|rule|Item Clause: Limit 1 of each item
|clearpoke
|poke|p1|Pelipper, L50, M|
|poke|p1|Swampert, L50, F|
|poke|p1|Archaludon, L50, M, shiny|
|poke|p1|Basculegion, L50, M|
|poke|p1|Klefki, L50, M|
|poke|p1|Farigiraf, L50, M|
|poke|p2|Tyranitar, L50, F|
|poke|p2|Excadrill, L50, M|
|poke|p2|Milotic, L50, M|
|poke|p2|Sinistcha, L50|
|poke|p2|Staraptor, L50, F|
|poke|p2|Gholdengo, L50|
|teampreview|4
|showteam|p1|Pelipper||FocusSash|Drizzle|Tailwind,Hurricane,WeatherBall,WideGuard|Modest||M|||50|]Swampert||Swampertite|Torrent|Protect,WaveCrash,StompingTantrum,IcePunch|Adamant||F|||50|]Archaludon||Leftovers|Stamina|Protect,ElectroShot,DragonPulse,FlashCannon|Sassy||M|||50|]Basculegion||ChoiceScarf|Adaptability|WaveCrash,LastRespects,FlipTurn,AquaJet|Adamant||M|||50|]Klefki||SitrusBerry|Prankster|FlashCannon,LightScreen,DazzlingGleam,RainDance|Bold||M|||50|]Farigiraf||ColburBerry|SapSipper|SkillSwap,HyperVoice,GrassKnot,TrickRoom|Calm||M|||50|
|showteam|p2|Tyranitar||Tyranitarite|SandStream|KnockOff,RockSlide,HighHorsepower,Protect|Jolly||F|||50|]Excadrill||FocusSash|SandRush|Earthquake,IronHead,RockSlide,Protect|Adamant||M|||50|]Milotic||SitrusBerry|Competitive|Scald,IcyWind,Haze,Protect|Calm||M|||50|]Sinistcha||ColburBerry|Hospitality|MatchaGotcha,ShadowBall,Protect,RagePowder|Bold|||||50|]Staraptor||Staraptite|Intimidate|CloseCombat,BraveBird,Tailwind,Protect|Jolly||F|||50|]Gholdengo||LifeOrb|GoodasGold|MakeItRain,ShadowBall,NastyPlot,Protect|Modest|||||50|
|inactive|Battle timer is ON: inactive players will automatically lose when time's up. (requested by NandoProbando)
|inactive|tt/el.glenko has 60 seconds left.
|inactive|NandoProbando has 60 seconds left.
|inactive|tt/el.glenko has 30 seconds left.
|inactive|tt/el.glenko has 20 seconds left.
|inactive|tt/el.glenko has 15 seconds left.
|inactive|tt/el.glenko has 10 seconds left.
|
|t:|1784946225
|teamsize|p1|4
|teamsize|p2|4
|start
|switch|p1a: Farigiraf|Farigiraf, L50, M|100/100
|switch|p1b: Swampert|Swampert, L50, F|100/100
|switch|p2a: Tyranitar|Tyranitar, L50, F|100/100
|switch|p2b: Milotic|Milotic, L50, M|100/100
|-weather|Sandstorm|[from] ability: Sand Stream|[of] p2a: Tyranitar
|turn|1
|inactive|tt/el.glenko has 30 seconds left.
|
|t:|1784946256
|detailschange|p1b: Swampert|Swampert-Mega, L50, F
|-mega|p1b: Swampert|Swampert|Swampertite
|move|p2a: Tyranitar|Protect|p2a: Tyranitar
|-singleturn|p2a: Tyranitar|Protect
|move|p2b: Milotic|Protect|p2b: Milotic
|-singleturn|p2b: Milotic|Protect
|move|p1b: Swampert|Stomping Tantrum|p2a: Tyranitar
|-activate|p2a: Tyranitar|move: Protect
|move|p1a: Farigiraf|Trick Room|p1a: Farigiraf
|-fieldstart|move: Trick Room|[of] p1a: Farigiraf
|
|-weather|Sandstorm|[upkeep]
|-damage|p1a: Farigiraf|93/100|[from] Sandstorm
|-damage|p2b: Milotic|94/100|[from] Sandstorm
|upkeep
|turn|2
|inactive|tt/el.glenko has 30 seconds left.
|inactive|tt/el.glenko has 20 seconds left.
|inactive|tt/el.glenko has 15 seconds left.
|
|t:|1784946297
|switch|p2a: Sinistcha|Sinistcha, L50|100/100
|-heal|p2b: Milotic|100/100|[from] ability: Hospitality|[of] p2a: Sinistcha
|move|p1a: Farigiraf|Skill Swap|p1b: Swampert
|-activate|p1a: Farigiraf|Skill Swap|||[of] p1b: Swampert
|move|p1b: Swampert|Stomping Tantrum|p2b: Milotic
|-damage|p2b: Milotic|53/100
|move|p2b: Milotic|Scald|p1b: Swampert
|-damage|p1b: Swampert|74/100
|
|-weather|Sandstorm|[upkeep]
|-damage|p1a: Farigiraf|87/100|[from] Sandstorm
|-damage|p2a: Sinistcha|94/100|[from] Sandstorm
|-damage|p2b: Milotic|47/100|[from] Sandstorm
|-enditem|p2b: Milotic|Sitrus Berry|[eat]
|-heal|p2b: Milotic|72/100|[from] item: Sitrus Berry
|upkeep
|turn|3
|inactive|tt/el.glenko has 30 seconds left.
|inactive|NandoProbando has 30 seconds left.
|inactive|tt/el.glenko has 20 seconds left.
|inactive|NandoProbando has 20 seconds left.
|inactive|tt/el.glenko has 15 seconds left.
|
|t:|1784946341
|move|p1a: Farigiraf|Grass Knot|p1b: Swampert
|-ability|p1b: Swampert|Sap Sipper|boost
|-boost|p1b: Swampert|atk|1
|move|p2a: Sinistcha|Matcha Gotcha|p1b: Swampert|[spread] p1a
|-ability|p1b: Swampert|Sap Sipper|boost
|-boost|p1b: Swampert|atk|1
|-damage|p1a: Farigiraf|65/100
|-heal|p2a: Sinistcha|100/100|[from] drain|[of] p1a: Farigiraf
|move|p1b: Swampert|Ice Punch|p2a: Sinistcha
|-supereffective|p2a: Sinistcha|1
|-damage|p2a: Sinistcha|4/100
|move|p2b: Milotic|Scald|p1b: Swampert
|-crit|p1b: Swampert
|-damage|p1b: Swampert|36/100
|
|-weather|Sandstorm|[upkeep]
|-damage|p1a: Farigiraf|59/100|[from] Sandstorm
|-damage|p2a: Sinistcha|0 fnt|[from] Sandstorm
|-damage|p2b: Milotic|66/100|[from] Sandstorm
|faint|p2a: Sinistcha
|upkeep
|
|t:|1784946364
|switch|p2a: Tyranitar|Tyranitar, L50, F|100/100
|turn|4
|inactive|tt/el.glenko has 30 seconds left.
|
|t:|1784946398
|move|p1a: Farigiraf|Grass Knot|p2a: Tyranitar
|-supereffective|p2a: Tyranitar|1
|-damage|p2a: Tyranitar|60/100
|move|p1b: Swampert|Stomping Tantrum|p2b: Milotic
|-damage|p2b: Milotic|0 fnt
|faint|p2b: Milotic
|move|p2a: Tyranitar|Knock Off|p1a: Farigiraf
|-supereffective|p1a: Farigiraf|1
|-enditem|p1a: Farigiraf|Colbur Berry|[eat]
|-enditem|p1a: Farigiraf|Colbur Berry|[weaken]
|-damage|p1a: Farigiraf|18/100
|
|-weather|Sandstorm|[upkeep]
|-damage|p1a: Farigiraf|12/100|[from] Sandstorm
|upkeep
|
|t:|1784946412
|switch|p2b: Gholdengo|Gholdengo, L50|100/100
|turn|5
|inactive|tt/el.glenko has 30 seconds left.
|inactive|tt/el.glenko has 20 seconds left.
|inactive|tt/el.glenko has 15 seconds left.
|
|t:|1784946452
|move|p2b: Gholdengo|Protect|p2b: Gholdengo
|-singleturn|p2b: Gholdengo|Protect
|move|p2a: Tyranitar|Protect|p2a: Tyranitar
|-singleturn|p2a: Tyranitar|Protect
|move|p1a: Farigiraf|Skill Swap|p1b: Swampert
|-activate|p1a: Farigiraf|Skill Swap|||[of] p1b: Swampert
|move|p1b: Swampert|Stomping Tantrum|p2b: Gholdengo
|-activate|p2b: Gholdengo|move: Protect
|
|-weather|none
|-fieldend|move: Trick Room
|upkeep
|turn|6
|inactive|tt/el.glenko has 30 seconds left.
|inactive|tt/el.glenko has 20 seconds left.
|inactive|tt/el.glenko has 15 seconds left.
|inactive|tt/el.glenko has 10 seconds left.
|inactive|tt/el.glenko has 5 seconds left.
|
|t:|1784946506
|switch|p1a: Pelipper|Pelipper, L50, M|100/100
|-weather|RainDance|[from] ability: Drizzle|[of] p1a: Pelipper
|move|p1b: Swampert|Stomping Tantrum|p2b: Gholdengo
|-supereffective|p2b: Gholdengo|1
|-damage|p2b: Gholdengo|0 fnt
|faint|p2b: Gholdengo
|move|p2a: Tyranitar|Rock Slide|p1b: Swampert|[spread] p1a,p1b
|-supereffective|p1a: Pelipper|1
|-resisted|p1b: Swampert|1
|-damage|p1a: Pelipper|29/100
|-damage|p1b: Swampert|25/100
|
|-weather|RainDance|[upkeep]
|upkeep
|turn|7
|inactive|tt/el.glenko has 30 seconds left.
|
|t:|1784946541
|switch|p1a: Archaludon|Archaludon, L50, M, shiny|100/100
|detailschange|p2a: Tyranitar|Tyranitar-Mega, L50, F
|-mega|p2a: Tyranitar|Tyranitar|Tyranitarite
|-weather|Sandstorm|[from] ability: Sand Stream|[of] p2a: Tyranitar
|move|p2a: Tyranitar|High Horsepower|p1b: Swampert
|-damage|p1b: Swampert|0 fnt
|faint|p1b: Swampert
|
|-weather|Sandstorm|[upkeep]
|upkeep
|
|t:|1784946551
|switch|p1b: Pelipper|Pelipper, L50, M|29/100
|-weather|RainDance|[from] ability: Drizzle|[of] p1b: Pelipper
|turn|8
|
|t:|1784946567
|move|p2a: Tyranitar|Rock Slide|p1a: Archaludon|[spread] p1a,p1b
|-resisted|p1a: Archaludon|1
|-supereffective|p1b: Pelipper|1
|-damage|p1a: Archaludon|87/100
|-damage|p1b: Pelipper|0 fnt
|-ability|p1a: Archaludon|Stamina|boost
|-boost|p1a: Archaludon|def|1
|faint|p1b: Pelipper
|move|p1a: Archaludon|Flash Cannon|p2a: Tyranitar
|-supereffective|p2a: Tyranitar|1
|-damage|p2a: Tyranitar|7/100
|
|-weather|RainDance|[upkeep]
|-heal|p1a: Archaludon|93/100|[from] item: Leftovers
|upkeep
|
|t:|1784946577
|switch|p1b: Farigiraf|Farigiraf, L50, M|12/100
|turn|9
|
|t:|1784946590
|move|p2a: Tyranitar|Knock Off|p1b: Farigiraf
|-supereffective|p1b: Farigiraf|1
|-damage|p1b: Farigiraf|0 fnt
|faint|p1b: Farigiraf
|move|p1a: Archaludon|Flash Cannon|p2a: Tyranitar
|-supereffective|p2a: Tyranitar|1
|-damage|p2a: Tyranitar|0 fnt
|faint|p2a: Tyranitar
|
|win|tt/el.glenko
||NandoProbando is ready for game 2.
