|j|☆Der_Satz
|j|☆Pixelites
|html|Der_SatzPixelites    
|uhtml|bestof|Game 2 of a best-of-3
|t:|1757170640
|gametype|doubles
|player|p1|Der_Satz|unknown|
|player|p2|Pixelites|ghetsis|
|gen|9
|tier|[Gen 9] VGC 2025 Reg H (Bo3)
|rule|Species Clause: Limit one of each Pokémon
|rule|Item Clause: Limit 1 of each item
|clearpoke
|poke|p1|Sneasler, L50, F|
|poke|p1|Kingambit, L50, M|
|poke|p1|Amoonguss, L50, F|
|poke|p1|Hydreigon, L50, F|
|poke|p1|Basculegion, L50, M|
|poke|p1|Ninetales-Alola, L50, F|
|poke|p2|Primarina, L50, F|
|poke|p2|Rillaboom, L50, F|
|poke|p2|Incineroar, L50, M|
|poke|p2|Porygon2, L50|
|poke|p2|Talonflame, L50, F|
|poke|p2|Sneasler, L50, F|
|teampreview|4
|showteam|p1|Sneasler||FocusSash|Unburden|FakeOut,CloseCombat,DireClaw,Protect|||F|||50|,,,,,Stellar]Kingambit||BlackGlasses|Defiant|KowtowCleave,SuckerPunch,SwordsDance,Protect|||M|||50|,,,,,Dark]Amoonguss||SitrusBerry|Regenerator|Spore,RagePowder,PollenPuff,Protect|||F|||50|,,,,,Water]Hydreigon||ChoiceSpecs|Levitate|DarkPulse,Snarl,DracoMeteor,HeatWave|||F|||50|,,,,,Fire]Basculegion||ChoiceScarf|Adaptability|WaveCrash,FlipTurn,AquaJet,LastRespects|||M|||50|,,,,,Water]Ninetales-Alola||LifeOrb|SnowWarning|Blizzard,FreezeDry,AuroraVeil,Protect|||F|||50|,,,,,Ice
|showteam|p2|Primarina||GrassySeed|LiquidVoice|Protect,CalmMind,HyperVoice,Moonblast|||F|||50|,,,,,Poison]Rillaboom||AssaultVest|GrassySurge|FakeOut,WoodHammer,DrumBeating,Uturn|||F|||50|,,,,,Fire]Incineroar||SitrusBerry|Intimidate|FakeOut,FlareBlitz,KnockOff,PartingShot|||M|||50|,,,,,Ghost]Porygon2||Eviolite|Download|TrickRoom,Recover,TeraBlast,Thunderbolt||||||50|,,,,,Fighting]Talonflame||SharpBeak|GaleWings|Protect,Tailwind,Taunt,BraveBird|||F|||50|,,,,,Ghost]Sneasler||FocusSash|Unburden|Protect,CloseCombat,DireClaw,ThroatChop|||F|||50|,,,,,Ghost
|inactive|Battle timer is ON: inactive players will automatically lose when time's up. (requested by Der_Satz)
|
|t:|1757170665
|teamsize|p1|4
|teamsize|p2|4
|start
|switch|p1a: Basculegion|Basculegion, L50, M|100/100
|switch|p1b: Amoonguss|Amoonguss, L50, F|100/100
|switch|p2a: Incineroar|Incineroar, L50, M|100/100
|switch|p2b: Rillaboom|Rillaboom, L50, F|100/100
|-fieldstart|move: Grassy Terrain|[from] ability: Grassy Surge|[of] p2b: Rillaboom
|-ability|p2a: Incineroar|Intimidate|boost
|-unboost|p1a: Basculegion|atk|1
|-unboost|p1b: Amoonguss|atk|1
|turn|1
|inactive|Pixelites has 30 seconds left.
|inactive|Pixelites has 20 seconds left.
|inactive|Pixelites has 15 seconds left.
|inactive|Pixelites has 10 seconds left.
|inactive|Pixelites has 5 seconds left.
|
|t:|1757170720
|move|p2b: Rillaboom|Fake Out|p1a: Basculegion
|-immune|p1a: Basculegion
|move|p2a: Incineroar|Fake Out|p1b: Amoonguss
|-damage|p1b: Amoonguss|92/100
|move|p1a: Basculegion|Flip Turn|p2a: Incineroar
|-supereffective|p2a: Incineroar
|-damage|p2a: Incineroar|61/100
|
|t:|1757170732
|switch|p1a: Ninetales|Ninetales-Alola, L50, F|100/100|[from] Flip Turn
|-weather|Snowscape|[from] ability: Snow Warning|[of] p1a: Ninetales
|cant|p1b: Amoonguss|flinch
|
|-weather|Snowscape|[upkeep]
|-heal|p2a: Incineroar|67/100|[from] Grassy Terrain
|-heal|p1b: Amoonguss|98/100|[from] Grassy Terrain
|upkeep
|turn|2
|inactive|Pixelites has 30 seconds left.
|inactive|Pixelites has 20 seconds left.
|
|t:|1757170767
|-terastallize|p2b: Rillaboom|Fire
|move|p1a: Ninetales|Blizzard|p2a: Incineroar|[spread] p2a,p2b
|-resisted|p2a: Incineroar
|-resisted|p2b: Rillaboom
|-damage|p2a: Incineroar|48/100
|-damage|p2b: Rillaboom|87/100
|-enditem|p2a: Incineroar|Sitrus Berry|[eat]
|-heal|p2a: Incineroar|72/100|[from] item: Sitrus Berry
|-damage|p1a: Ninetales|91/100|[from] item: Life Orb
|move|p2b: Rillaboom|Wood Hammer|p1a: Ninetales
|-damage|p1a: Ninetales|19/100
|-damage|p2b: Rillaboom|69/100|[from] Recoil
|move|p2a: Incineroar|Flare Blitz|p1a: Ninetales
|-supereffective|p1a: Ninetales
|-damage|p1a: Ninetales|0 fnt
|faint|p1a: Ninetales
|-damage|p2a: Incineroar|68/100|[from] Recoil
|move|p1b: Amoonguss|Spore|p2a: Incineroar
|-status|p2a: Incineroar|slp|[from] move: Spore
|
|-weather|Snowscape|[upkeep]
|-heal|p2b: Rillaboom|75/100|[from] Grassy Terrain
|-heal|p2a: Incineroar|74/100 slp|[from] Grassy Terrain
|-heal|p1b: Amoonguss|100/100|[from] Grassy Terrain
|upkeep
|
|t:|1757170787
|switch|p1a: Basculegion|Basculegion, L50, M|100/100
|turn|3
|
|t:|1757170796
|switch|p2b: Primarina|Primarina, L50, F|100/100
|-enditem|p2b: Primarina|Grassy Seed
|-boost|p2b: Primarina|def|1|[from] item: Grassy Seed
|move|p1b: Amoonguss|Rage Powder|p1b: Amoonguss
|-singleturn|p1b: Amoonguss|move: Rage Powder
|move|p1a: Basculegion|Wave Crash|p2b: Primarina
|-resisted|p2b: Primarina
|-damage|p2b: Primarina|70/100
|-damage|p1a: Basculegion|92/100|[from] Recoil
|cant|p2a: Incineroar|slp
|
|-weather|Snowscape|[upkeep]
|-heal|p1a: Basculegion|98/100|[from] Grassy Terrain
|-heal|p2b: Primarina|75/100|[from] Grassy Terrain
|-heal|p2a: Incineroar|80/100 slp|[from] Grassy Terrain
|upkeep
|turn|4
|
|t:|1757170808
|switch|p2a: Rillaboom|Rillaboom, L50, F, tera:Fire|75/100
|move|p1a: Basculegion|Wave Crash|p2a: Rillaboom
|-supereffective|p2a: Rillaboom
|-damage|p2a: Rillaboom|0 fnt
|faint|p2a: Rillaboom
|-damage|p1a: Basculegion|73/100|[from] Recoil
|move|p2b: Primarina|Moonblast|p1a: Basculegion
|-damage|p1a: Basculegion|10/100
|-unboost|p1a: Basculegion|spa|1
|move|p1b: Amoonguss|Spore|p2b: Primarina
|-status|p2b: Primarina|slp|[from] move: Spore
|
|-weather|Snowscape|[upkeep]
|-heal|p1a: Basculegion|16/100|[from] Grassy Terrain
|-heal|p2b: Primarina|81/100 slp|[from] Grassy Terrain
|upkeep
|
|t:|1757170815
|switch|p2a: Talonflame|Talonflame, L50, F|100/100
|turn|5
|inactive|Der_Satz has 30 seconds left.
|
|t:|1757170846
|move|p2a: Talonflame|Brave Bird|p1a: Basculegion
|-damage|p1a: Basculegion|0 fnt
|faint|p1a: Basculegion
|-damage|p2a: Talonflame|94/100|[from] Recoil
|cant|p2b: Primarina|slp
|move|p1b: Amoonguss|Spore|p2a: Talonflame
|-status|p2a: Talonflame|slp|[from] move: Spore
|
|-weather|none
|-heal|p2b: Primarina|87/100 slp|[from] Grassy Terrain
|-fieldend|move: Grassy Terrain
|upkeep
|
|t:|1757170849
|switch|p1a: Sneasler|Sneasler, L50, F|100/100
|turn|6
|
|t:|1757170860
|switch|p2a: Incineroar|Incineroar, L50, M|80/100 slp
|-ability|p2a: Incineroar|Intimidate|boost
|-unboost|p1a: Sneasler|atk|1
|-unboost|p1b: Amoonguss|atk|1
|-terastallize|p1a: Sneasler|Stellar
|move|p1a: Sneasler|Dire Claw|p2b: Primarina
|-supereffective|p2b: Primarina
|-damage|p2b: Primarina|19/100 slp
|cant|p2b: Primarina|slp
|move|p1b: Amoonguss|Pollen Puff|p1a: Sneasler
|
|upkeep
|turn|7
|
|t:|1757170882
|-curestatus|p2a: Incineroar|slp|[msg]
|move|p2a: Incineroar|Fake Out|p1a: Sneasler
|-damage|p1a: Sneasler|81/100
|cant|p1a: Sneasler|flinch
|cant|p2b: Primarina|slp
|move|p1b: Amoonguss|Pollen Puff|p1a: Sneasler
|-heal|p1a: Sneasler|100/100
|
|upkeep
|turn|8
|
|t:|1757170904
|-curestatus|p2b: Primarina|slp|[msg]
|move|p2b: Primarina|Protect|p2b: Primarina
|-singleturn|p2b: Primarina|Protect
|move|p1a: Sneasler|Dire Claw|p2b: Primarina
|-activate|p2b: Primarina|move: Protect
|move|p2a: Incineroar|Flare Blitz|p1b: Amoonguss
|-supereffective|p1b: Amoonguss
|-damage|p1b: Amoonguss|30/100
|-enditem|p1b: Amoonguss|Sitrus Berry|[eat]
|-heal|p1b: Amoonguss|55/100|[from] item: Sitrus Berry
|-damage|p2a: Incineroar|54/100|[from] Recoil
|move|p1b: Amoonguss|Spore|p2a: Incineroar
|-status|p2a: Incineroar|slp|[from] move: Spore
|
|upkeep
|turn|9
|inactive|Der_Satz has 30 seconds left.
|
|t:|1757170933
|switch|p2a: Talonflame|Talonflame, L50, F|94/100 slp
|move|p1a: Sneasler|Dire Claw|p2b: Primarina
|-supereffective|p2b: Primarina
|-damage|p2b: Primarina|0 fnt
|faint|p2b: Primarina
|move|p1b: Amoonguss|Pollen Puff|p2a: Talonflame
|-resisted|p2a: Talonflame
|-damage|p2a: Talonflame|87/100 slp
|
|upkeep
|
|t:|1757170938
|switch|p2b: Incineroar|Incineroar, L50, M|54/100 slp
|-ability|p2b: Incineroar|Intimidate|boost
|-unboost|p1a: Sneasler|atk|1
|-unboost|p1b: Amoonguss|atk|1
|turn|10
|
|t:|1757170949
|cant|p2b: Incineroar|slp
|cant|p2a: Talonflame|slp
|move|p1a: Sneasler|Close Combat|p2b: Incineroar
|-supereffective|p2b: Incineroar
|-damage|p2b: Incineroar|0 fnt
|-unboost|p1a: Sneasler|def|1
|-unboost|p1a: Sneasler|spd|1
|faint|p2b: Incineroar
|move|p1b: Amoonguss|Pollen Puff|p2a: Talonflame
|-resisted|p2a: Talonflame
|-damage|p2a: Talonflame|81/100 slp
|
|upkeep
|turn|11
|c|☆Pixelites|gg
|
|t:|1757170964
|cant|p2a: Talonflame|slp
|move|p1a: Sneasler|Dire Claw|p2a: Talonflame
|-damage|p2a: Talonflame|49/100 slp
|move|p1b: Amoonguss|Spore|p2a: Talonflame
|-fail|p2a: Talonflame|slp
|
|upkeep
|turn|12
|
|t:|1757170975
|cant|p2a: Talonflame|slp
|move|p1a: Sneasler|Dire Claw|p2a: Talonflame
|-damage|p2a: Talonflame|13/100 slp
|move|p1b: Amoonguss|Pollen Puff|p2a: Talonflame
|-resisted|p2a: Talonflame
|-damage|p2a: Talonflame|6/100 slp
|
|upkeep
|turn|13
|
|t:|1757170979
|-curestatus|p2a: Talonflame|slp|[msg]
|move|p2a: Talonflame|Brave Bird|p1b: Amoonguss
|-supereffective|p1b: Amoonguss
|-damage|p1b: Amoonguss|0 fnt
|faint|p1b: Amoonguss
|-damage|p2a: Talonflame|0 fnt|[from] Recoil
|faint|p2a: Talonflame
|
|win|Der_Satz
|l|☆Pixelites
|player|p2|
|c|☆Der_Satz|gg
