|j|☆dragonitemega149
|j|☆aaaaaaaaaabcdefg
|html|dragonitemega149aaaaaaaaaabcdefg    
|uhtml|bestof|Game 2 of a best-of-3
|t:|1782491830
|gametype|doubles
|player|p1|dragonitemega149|1|1057
|player|p2|aaaaaaaaaabcdefg|2|1000
|gen|9
|tier|[Gen 9 Champions] VGC 2026 Reg M-B (Bo3)
|rated|
|rule|Species Clause: Limit one of each Pokémon
|rule|Item Clause: Limit 1 of each item
|clearpoke
|poke|p1|Floette-Eternal, L50, F|
|poke|p1|Incineroar, L50, M|
|poke|p1|Sinistcha, L50|
|poke|p1|Sneasler, L50, M|
|poke|p1|Delphox, L50, F|
|poke|p1|Kingambit, L50, F|
|poke|p2|Garchomp, L50, F, shiny|
|poke|p2|Tyranitar, L50, F|
|poke|p2|Excadrill, L50, F|
|poke|p2|Whimsicott, L50, F|
|poke|p2|Incineroar, L50, F|
|poke|p2|Meowscarada, L50, F|
|teampreview|4
|showteam|p1|Floette-Eternal||Floettite|FlowerVeil|Moonblast,DazzlingGleam,CalmMind,Protect|Modest||F|||50|]Incineroar||SitrusBerry|Intimidate|FakeOut,FlareBlitz,ThroatChop,PartingShot|Impish||M|||50|]Sinistcha||KasibBerry|Hospitality|MatchaGotcha,TrickRoom,RagePowder,Protect|Bold|||||50|]Sneasler||FocusSash|Unburden|FakeOut,CloseCombat,DireClaw,QuickGuard|Jolly||M|||50|]Delphox||Delphoxite|Blaze|NastyPlot,Psyshock,HeatWave,Protect|Timid||F|||50|]Kingambit||BlackGlasses|Defiant|KowtowCleave,SuckerPunch,SwordsDance,Protect|Brave||F|||50|
|showteam|p2|Garchomp||Garchompite|SandVeil|DragonClaw,Earthquake,PoisonJab,SwordsDance|Jolly||F|||50|]Tyranitar||ChopleBerry|SandStream|Crunch,DragonDance,Protect,RockSlide|Adamant||F|||50|]Excadrill||LifeOrb|SandRush|DrillRun,IronHead,SwordsDance,RockSlide|Adamant||F|||50|]Whimsicott||FocusSash|Prankster|Tailwind,Taunt,Moonblast,Endeavor|Timid||F|||50|]Incineroar||Leftovers|Intimidate|FlareBlitz,Protect,FakeOut,PartingShot|Careful||F|||50|]Meowscarada||BlackGlasses|Protean|FlowerTrick,SuckerPunch,ThroatChop,Protect|Adamant||F|||50|
|
|t:|1782491849
|teamsize|p1|4
|teamsize|p2|4
|start
|switch|p1a: Kingambit|Kingambit, L50, F|100/100
|switch|p1b: Incineroar|Incineroar, L50, M|100/100
|switch|p2a: Excadrill|Excadrill, L50, F|100/100
|switch|p2b: Tyranitar|Tyranitar, L50, F|100/100
|-weather|Sandstorm|[from] ability: Sand Stream|[of] p2b: Tyranitar
|-ability|p1b: Incineroar|Intimidate|boost
|-unboost|p2a: Excadrill|atk|1
|-unboost|p2b: Tyranitar|atk|1
|turn|1
|
|t:|1782491867
|move|p1b: Incineroar|Fake Out|p2a: Excadrill
|-resisted|p2a: Excadrill|1
|-damage|p2a: Excadrill|93/100
|cant|p2a: Excadrill|flinch
|move|p2b: Tyranitar|Dragon Dance|p2b: Tyranitar
|-boost|p2b: Tyranitar|atk|1
|-boost|p2b: Tyranitar|spe|1
|move|p1a: Kingambit|Swords Dance|p1a: Kingambit
|-boost|p1a: Kingambit|atk|2
|
|-weather|Sandstorm|[upkeep]
|-damage|p1b: Incineroar|94/100|[from] Sandstorm
|upkeep
|turn|2
|
|t:|1782491885
|move|p1a: Kingambit|Sucker Punch||[still]
|-fail|p1a: Kingambit
|move|p2a: Excadrill|Swords Dance|p2a: Excadrill
|-boost|p2a: Excadrill|atk|2
|move|p2b: Tyranitar|Dragon Dance|p2b: Tyranitar
|-boost|p2b: Tyranitar|atk|1
|-boost|p2b: Tyranitar|spe|1
|move|p1b: Incineroar|Parting Shot|p2b: Tyranitar
|-unboost|p2b: Tyranitar|atk|1
|-unboost|p2b: Tyranitar|spa|1
|
|t:|1782491891
|switch|p1b: Sinistcha|Sinistcha, L50|100/100|[from] Parting Shot
|
|-weather|Sandstorm|[upkeep]
|-damage|p1b: Sinistcha|93/100|[from] Sandstorm
|upkeep
|turn|3
|
|t:|1782491915
|switch|p1b: Incineroar|Incineroar, L50, M|94/100
|-ability|p1b: Incineroar|Intimidate|boost
|-unboost|p2a: Excadrill|atk|1
|-unboost|p2b: Tyranitar|atk|1
|move|p2b: Tyranitar|Protect|p2b: Tyranitar
|-singleturn|p2b: Tyranitar|Protect
|move|p1a: Kingambit|Sucker Punch|p2a: Excadrill
|-damage|p2a: Excadrill|0 fnt
|faint|p2a: Excadrill
|
|-weather|Sandstorm|[upkeep]
|-damage|p1b: Incineroar|88/100|[from] Sandstorm
|upkeep
|
|t:|1782491929
|switch|p2a: Garchomp|Garchomp, L50, F, shiny|100/100
|turn|4
|
|t:|1782491940
|move|p1b: Incineroar|Fake Out|p2a: Garchomp
|-damage|p2a: Garchomp|88/100
|move|p2b: Tyranitar|Rock Slide|p1b: Incineroar|[spread] p1a
|-miss|p2b: Tyranitar|p1b: Incineroar
|-resisted|p1a: Kingambit|1
|-damage|p1a: Kingambit|92/100
|cant|p2a: Garchomp|flinch
|cant|p1a: Kingambit|flinch
|
|-weather|Sandstorm|[upkeep]
|-damage|p1b: Incineroar|82/100|[from] Sandstorm
|upkeep
|turn|5
|
|t:|1782491961
|move|p1a: Kingambit|Sucker Punch||[still]
|-fail|p1a: Kingambit
|move|p2b: Tyranitar|Rock Slide|p1a: Kingambit|[spread] p1b
|-miss|p2b: Tyranitar|p1a: Kingambit
|-supereffective|p1b: Incineroar|1
|-damage|p1b: Incineroar|52/100
|move|p2a: Garchomp|Swords Dance|p2a: Garchomp
|-boost|p2a: Garchomp|atk|2
|move|p1b: Incineroar|Parting Shot|p2b: Tyranitar
|-unboost|p2b: Tyranitar|atk|1
|-unboost|p2b: Tyranitar|spa|1
|
|t:|1782491967
|switch|p1b: Sinistcha|Sinistcha, L50|93/100|[from] Parting Shot
|-heal|p1a: Kingambit|100/100|[from] ability: Hospitality|[of] p1b: Sinistcha
|
|-weather|none
|upkeep
|turn|6
|
|t:|1782491987
|switch|p2b: Whimsicott|Whimsicott, L50, F|100/100
|move|p1a: Kingambit|Sucker Punch||[still]
|-fail|p1a: Kingambit
|move|p2a: Garchomp|Swords Dance|p2a: Garchomp
|-boost|p2a: Garchomp|atk|2
|move|p1b: Sinistcha|Trick Room|p1b: Sinistcha
|-fieldstart|move: Trick Room|[of] p1b: Sinistcha
|
|upkeep
|turn|7
|
|t:|1782492017
|switch|p1b: Incineroar|Incineroar, L50, M|52/100
|-ability|p1b: Incineroar|Intimidate|boost
|-unboost|p2a: Garchomp|atk|1
|-unboost|p2b: Whimsicott|atk|1
|detailschange|p2a: Garchomp|Garchomp-Mega, L50, F, shiny
|-mega|p2a: Garchomp|Garchomp|Garchompite
|move|p2b: Whimsicott|Taunt|p1b: Incineroar
|-hint|Since gen 7, Dark is immune to Prankster moves.
|-immune|p1b: Incineroar
|move|p1a: Kingambit|Kowtow Cleave|p2a: Garchomp
|-damage|p2a: Garchomp|0 fnt
|faint|p2a: Garchomp
|
|upkeep
|
|t:|1782492031
|switch|p2a: Tyranitar|Tyranitar, L50, F|100/100
|-weather|Sandstorm|[from] ability: Sand Stream|[of] p2a: Tyranitar
|turn|8
|
|t:|1782492047
|move|p1b: Incineroar|Fake Out|p2b: Whimsicott
|-damage|p2b: Whimsicott|86/100
|move|p1a: Kingambit|Kowtow Cleave|p2b: Whimsicott
|-resisted|p2b: Whimsicott|1
|-damage|p2b: Whimsicott|14/100
|move|p2a: Tyranitar|Rock Slide|p1b: Incineroar|[spread] p1a,p1b
|-resisted|p1a: Kingambit|1
|-supereffective|p1b: Incineroar|1
|-damage|p1a: Kingambit|88/100
|-damage|p1b: Incineroar|9/100
|-enditem|p1b: Incineroar|Sitrus Berry|[eat]
|-heal|p1b: Incineroar|34/100|[from] item: Sitrus Berry
|cant|p2b: Whimsicott|flinch
|
|-weather|Sandstorm|[upkeep]
|-damage|p1b: Incineroar|28/100|[from] Sandstorm
|-damage|p2b: Whimsicott|8/100|[from] Sandstorm
|upkeep
|turn|9
|
|t:|1782492076
|move|p1a: Kingambit|Kowtow Cleave|p2b: Whimsicott
|-resisted|p2b: Whimsicott|1
|-crit|p2b: Whimsicott
|-damage|p2b: Whimsicott|0 fnt
|faint|p2b: Whimsicott
|move|p1b: Incineroar|Parting Shot|p2a: Tyranitar
|-unboost|p2a: Tyranitar|atk|1
|-unboost|p2a: Tyranitar|spa|1
|
|t:|1782492079
|switch|p1b: Sinistcha|Sinistcha, L50|93/100|[from] Parting Shot
|-heal|p1a: Kingambit|100/100|[from] ability: Hospitality|[of] p1b: Sinistcha
|move|p2a: Tyranitar|Rock Slide|p1a: Kingambit|[spread] p1a,p1b
|-resisted|p1a: Kingambit|1
|-damage|p1a: Kingambit|92/100
|-damage|p1b: Sinistcha|78/100
|
|-weather|Sandstorm|[upkeep]
|-damage|p1b: Sinistcha|72/100|[from] Sandstorm
|upkeep
|turn|10
|
|t:|1782492102
|switch|p1b: Incineroar|Incineroar, L50, M|28/100
|-ability|p1b: Incineroar|Intimidate|boost
|-unboost|p2a: Tyranitar|atk|1
|move|p2a: Tyranitar|Protect|p2a: Tyranitar
|-singleturn|p2a: Tyranitar|Protect
|move|p1a: Kingambit|Kowtow Cleave|p2a: Tyranitar
|-activate|p2a: Tyranitar|move: Protect
|
|-weather|Sandstorm|[upkeep]
|-damage|p1b: Incineroar|22/100|[from] Sandstorm
|-fieldend|move: Trick Room
|upkeep
|turn|11
|-message|aaaaaaaaaabcdefg forfeited.
|raw|dragonitemega149's rating: 1057 → 1083(+26 for winning)
|raw|aaaaaaaaaabcdefg's rating: 1000 → 1000(+0 for losing)
|
|win|dragonitemega149
|l|☆aaaaaaaaaabcdefg
|player|p2|
