|j|☆lolgz
|j|☆Joe870502
|html|lolgzJoe870502    
|uhtml|bestof|Game 1 of a best-of-3
|t:|1782274988
|gametype|doubles
|player|p1|lolgz|dawn|1224
|player|p2|Joe870502|dawn|1193
|gen|9
|tier|[Gen 9 Champions] VGC 2026 Reg M-B (Bo3)
|rated|
|rule|Species Clause: Limit one of each Pokémon
|rule|Item Clause: Limit 1 of each item
|clearpoke
|poke|p1|Torkoal, L50, M|
|poke|p1|Vileplume, L50, F|
|poke|p1|Farigiraf, L50, M|
|poke|p1|Scrafty, L50, F|
|poke|p1|Gallade, L50, M|
|poke|p1|Mawile, L50, F|
|poke|p2|Mawile, L50, M|
|poke|p2|Charizard, L50, F|
|poke|p2|Farigiraf, L50, F|
|poke|p2|Whimsicott, L50, F|
|poke|p2|Basculegion, L50, M|
|poke|p2|Garchomp, L50, M|
|teampreview|4
|showteam|p1|Torkoal||Charcoal|Drought|Eruption,WeatherBall,EarthPower,Protect|Quiet||M|||50|]Vileplume||FocusSash|Chlorophyll|EnergyBall,SludgeBomb,SleepPowder,AfterYou|Timid||F|||50|]Farigiraf||SitrusBerry|ArmorTail|TrickRoom,Protect,Psychic,HelpingHand|Bold||M|||50|]Scrafty||Scraftinite|Intimidate|CloseCombat,KnockOff,FakeOut,RockSlide|Brave||F|||50|]Gallade||IronBall|Sharpness|SacredSword,PsychoCut,WideGuard,TrickRoom|Brave||M|||50|]Mawile||Mawilite|Intimidate|SuckerPunch,PlayRough,SwordsDance,Protect|Brave||F|||50|
|showteam|p2|Mawile||Mawilite|HyperCutter|BrickBreak,SuckerPunch,PlayRough,Protect|Adamant||M|||50|]Charizard||CharizarditeY|Blaze|HeatWave,WeatherBall,SolarBeam,Protect|Modest||F|||50|]Farigiraf||SitrusBerry|ArmorTail|TwinBeam,TrickRoom,Thunderbolt,HelpingHand|Bold||F|||50|]Whimsicott||FocusSash|Prankster|Moonblast,Tailwind,Encore,Protect|Timid||F|||50|]Basculegion||MysticWater|Adaptability|WaveCrash,AquaJet,LastRespects,Protect|Adamant||M|||50|]Garchomp||LifeOrb|RoughSkin|Earthquake,DragonClaw,RockSlide,Protect|Jolly||M|||50|
|inactive|Battle timer is ON: inactive players will automatically lose when time's up. (requested by Joe870502)
|inactive|lolgz also wants the timer to be on.
|inactive|lolgz has 60 seconds left.
|inactive|Joe870502 has 60 seconds left.
|
|t:|1782275048
|teamsize|p1|4
|teamsize|p2|4
|start
|switch|p1a: Farigiraf|Farigiraf, L50, M|100/100
|switch|p1b: Gallade|Gallade, L50, M|100/100
|switch|p2a: Charizard|Charizard, L50, F|100/100
|switch|p2b: Whimsicott|Whimsicott, L50, F|100/100
|turn|1
|
|t:|1782275072
|detailschange|p2a: Charizard|Charizard-Mega-Y, L50, F
|-mega|p2a: Charizard|Charizard|Charizardite Y
|-weather|SunnyDay|[from] ability: Drought|[of] p2a: Charizard
|move|p1a: Farigiraf|Protect|p1a: Farigiraf
|-singleturn|p1a: Farigiraf|Protect
|move|p2b: Whimsicott|Moonblast|p1a: Farigiraf
|-activate|p1a: Farigiraf|move: Protect
|move|p2a: Charizard|Weather Ball|p1a: Farigiraf
|-activate|p1a: Farigiraf|move: Protect
|move|p1b: Gallade|Trick Room|p1b: Gallade
|-fieldstart|move: Trick Room|[of] p1b: Gallade
|
|-weather|SunnyDay|[upkeep]
|upkeep
|turn|2
|
|t:|1782275084
|move|p2b: Whimsicott|Protect|p2b: Whimsicott
|-singleturn|p2b: Whimsicott|Protect
|move|p2a: Charizard|Protect|p2a: Charizard
|-singleturn|p2a: Charizard|Protect
|move|p1b: Gallade|Psycho Cut|p2b: Whimsicott
|-activate|p2b: Whimsicott|move: Protect
|move|p1a: Farigiraf|Psychic|p2b: Whimsicott
|-activate|p2b: Whimsicott|move: Protect
|
|-weather|SunnyDay|[upkeep]
|upkeep
|turn|3
|
|t:|1782275094
|move|p1b: Gallade|Psycho Cut|p2a: Charizard
|-damage|p2a: Charizard|35/100
|move|p1a: Farigiraf|Psychic|p2a: Charizard
|-damage|p2a: Charizard|4/100
|move|p2a: Charizard|Heat Wave|p1a: Farigiraf|[spread] p1a,p1b
|-damage|p1a: Farigiraf|36/100
|-damage|p1b: Gallade|46/100
|-enditem|p1a: Farigiraf|Sitrus Berry|[eat]
|-heal|p1a: Farigiraf|60/100|[from] item: Sitrus Berry
|move|p2b: Whimsicott|Moonblast|p1a: Farigiraf
|-damage|p1a: Farigiraf|35/100
|
|-weather|SunnyDay|[upkeep]
|upkeep
|turn|4
|
|t:|1782275104
|move|p2a: Charizard|Protect|p2a: Charizard
|-singleturn|p2a: Charizard|Protect
|move|p1b: Gallade|Psycho Cut|p2b: Whimsicott
|-damage|p2b: Whimsicott|30/100
|move|p1a: Farigiraf|Psychic|p2b: Whimsicott
|-damage|p2b: Whimsicott|0 fnt
|faint|p2b: Whimsicott
|
|-weather|SunnyDay|[upkeep]
|upkeep
|
|t:|1782275114
|switch|p2b: Garchomp|Garchomp, L50, M|100/100
|turn|5
|
|t:|1782275119
|switch|p2a: Basculegion|Basculegion, L50, M|100/100
|move|p1b: Gallade|Sacred Sword|p2b: Garchomp
|-damage|p2b: Garchomp|29/100
|-damage|p1b: Gallade|34/100|[from] ability: Rough Skin|[of] p2b: Garchomp
|move|p1a: Farigiraf|Psychic|p2a: Basculegion
|-damage|p2a: Basculegion|58/100
|move|p2b: Garchomp|Dragon Claw|p1b: Gallade
|-damage|p1b: Gallade|0 fnt
|faint|p1b: Gallade
|-damage|p2b: Garchomp|19/100|[from] item: Life Orb
|
|-weather|none
|-fieldend|move: Trick Room
|upkeep
|
|t:|1782275128
|switch|p1b: Mawile|Mawile, L50, F|100/100
|-ability|p1b: Mawile|Intimidate|boost
|-unboost|p2a: Basculegion|atk|1
|-unboost|p2b: Garchomp|atk|1
|turn|6
|
|t:|1782275139
|switch|p2a: Charizard|Charizard-Mega-Y, L50, F|4/100
|-weather|SunnyDay|[from] ability: Drought|[of] p2a: Charizard
|detailschange|p1b: Mawile|Mawile-Mega, L50, F
|-mega|p1b: Mawile|Mawile|Mawilite
|move|p1b: Mawile|Sucker Punch||[still]
|-fail|p1b: Mawile
|move|p2b: Garchomp|Earthquake|p1b: Mawile|[spread] p1a,p1b
|-immune|p2a: Charizard
|-supereffective|p1b: Mawile|1
|-crit|p1b: Mawile
|-damage|p1a: Farigiraf|14/100
|-damage|p1b: Mawile|0 fnt
|faint|p1b: Mawile
|-damage|p2b: Garchomp|9/100|[from] item: Life Orb
|move|p1a: Farigiraf|Trick Room|p1a: Farigiraf
|-fieldstart|move: Trick Room|[of] p1a: Farigiraf
|
|-weather|SunnyDay|[upkeep]
|upkeep
|
|t:|1782275142
|switch|p1b: Torkoal|Torkoal, L50, M|100/100
|turn|7
|-message|Joe870502 forfeited.
|
|win|lolgz
