|j|☆RillaZardCJM
|j|☆HumanPlaysVGC
|html|RillaZardCJMHumanPlaysVGC    
|uhtml|bestof|Game 3 of a best-of-3
|t:|1756556008
|gametype|doubles
|player|p1|RillaZardCJM|byron|
|player|p2|HumanPlaysVGC|n-masters3|
|gen|9
|tier|[Gen 9] VGC 2025 Reg H (Bo3)
|rule|Species Clause: Limit one of each Pokémon
|rule|Item Clause: Limit 1 of each item
|clearpoke
|poke|p1|Incineroar, L50, F|
|poke|p1|Sneasler, L50, F|
|poke|p1|Ursaluna-Bloodmoon, L50, M|
|poke|p1|Rillaboom, L50, M|
|poke|p1|Gholdengo, L50|
|poke|p1|Indeedee, L50, M|
|poke|p2|Weezing-Galar, L50, F|
|poke|p2|Toedscruel, L50, M|
|poke|p2|Corviknight, L50, F|
|poke|p2|Incineroar, L50, F|
|poke|p2|Garchomp, L50, F|
|poke|p2|Indeedee, L50, M|
|teampreview|4
|showteam|p1|Incineroar||SafetyGoggles|Intimidate|KnockOff,FakeOut,FlareBlitz,PartingShot|||F|||50|,,,,,Ghost]Sneasler||GrassySeed|Unburden|Acrobatics,DireClaw,Protect,CloseCombat|||F|||50|,,,,,Flying]Ursaluna-Bloodmoon||RoomService|MindsEye|BloodMoon,HyperVoice,EarthPower,Protect|||M|||50|,,,,,Normal]Rillaboom||AssaultVest|GrassySurge|FakeOut,WoodHammer,GrassyGlide,Uturn|||M|||50|,,,,,Fire]Gholdengo||LifeOrb|GoodasGold|ShadowBall,MakeItRain,NastyPlot,TeraBlast||||||50|,,,,,Water]Indeedee||FocusSash|PsychicSurge|Imprison,ExpandingForce,Protect,TrickRoom|||M|||50|,,,,,Psychic
|showteam|p2|Weezing-Galar||SitrusBerry|NeutralizingGas|DazzlingGleam,SludgeBomb,Protect,Taunt|||F|||50|,,,,,Grass]Toedscruel||CovertCloak|MyceliumMight|Spore,RagePowder,EarthPower,AcidSpray|||M|||50|,,,,,Water]Corviknight||RockyHelmet|MirrorArmor|Tailwind,BraveBird,Protect,Roost|||F|||50|,,,,,Dragon]Incineroar||AbilityShield|Intimidate|FakeOut,KnockOff,PartingShot,Taunt|||F|||50|,,,,,Ghost]Garchomp||LifeOrb|RoughSkin|DragonClaw,Earthquake,Protect,StompingTantrum|||F|||50|,,,,,Ground]Indeedee||FocusSash|PsychicSurge|ExpandingForce,DazzlingGleam,Protect,TrickRoom|||M|||50|,,,,,Psychic
|
|t:|1756556157
|teamsize|p1|4
|teamsize|p2|4
|start
|switch|p1a: Incineroar|Incineroar, L50, F|100/100
|switch|p1b: Rillaboom|Rillaboom, L50, M|100/100
|switch|p2a: Weezing|Weezing-Galar, L50, F|100/100
|switch|p2b: Corviknight|Corviknight, L50, F|100/100
|-ability|p2a: Weezing|Neutralizing Gas
|turn|1
|
|t:|1756556188
|-end|p2a: Weezing|ability: Neutralizing Gas
|-fieldstart|move: Grassy Terrain|[from] ability: Grassy Surge|[of] p1b: Rillaboom
|-ability|p1a: Incineroar|Intimidate|boost
|-unboost|p2a: Weezing|atk|1
|-ability|p2b: Corviknight|Mirror Armor
|-unboost|p1a: Incineroar|atk|1
|switch|p2a: Garchomp|Garchomp, L50, F|100/100
|move|p1b: Rillaboom|Fake Out|p2b: Corviknight
|-resisted|p2b: Corviknight
|-damage|p2b: Corviknight|95/100
|-damage|p1b: Rillaboom|84/100|[from] item: Rocky Helmet|[of] p2b: Corviknight
|cant|p2b: Corviknight|flinch
|move|p1a: Incineroar|Flare Blitz|p2a: Garchomp
|-resisted|p2a: Garchomp
|-damage|p2a: Garchomp|83/100
|-status|p2a: Garchomp|brn
|-damage|p1a: Incineroar|88/100|[from] ability: Rough Skin|[of] p2a: Garchomp
|-damage|p1a: Incineroar|83/100|[from] Recoil
|
|-heal|p2a: Garchomp|89/100 brn|[from] Grassy Terrain
|-heal|p1b: Rillaboom|90/100|[from] Grassy Terrain
|-heal|p1a: Incineroar|89/100|[from] Grassy Terrain
|-damage|p2a: Garchomp|83/100 brn|[from] brn
|upkeep
|turn|2
|
|t:|1756556239
|move|p2a: Garchomp|Earthquake|p1b: Rillaboom|[spread] p1a,p1b
|-immune|p2b: Corviknight
|-supereffective|p1a: Incineroar
|-resisted|p1b: Rillaboom
|-damage|p1a: Incineroar|64/100
|-damage|p1b: Rillaboom|83/100
|-damage|p2a: Garchomp|74/100 brn|[from] item: Life Orb
|move|p1b: Rillaboom|Wood Hammer|p2a: Garchomp
|-damage|p2a: Garchomp|0 fnt
|-damage|p1b: Rillaboom|71/100|[from] ability: Rough Skin|[of] p2a: Garchomp
|faint|p2a: Garchomp
|-damage|p1b: Rillaboom|44/100|[from] Recoil
|move|p2b: Corviknight|Brave Bird|p1a: Incineroar
|-damage|p1a: Incineroar|27/100
|-damage|p2b: Corviknight|83/100|[from] Recoil
|move|p1a: Incineroar|Parting Shot|p2b: Corviknight
|-ability|p2b: Corviknight|Mirror Armor
|-unboost|p1a: Incineroar|atk|1
|-ability|p2b: Corviknight|Mirror Armor
|-unboost|p1a: Incineroar|spa|1
|
|t:|1756556268
|switch|p1a: Gholdengo|Gholdengo, L50|100/100|[from] Parting Shot
|
|-heal|p1b: Rillaboom|50/100|[from] Grassy Terrain
|upkeep
|
|t:|1756556281
|switch|p2a: Incineroar|Incineroar, L50, F|100/100
|-ability|p2a: Incineroar|Intimidate|boost
|-unboost|p1a: Gholdengo|atk|1
|-unboost|p1b: Rillaboom|atk|1
|turn|3
|
|t:|1756556298
|switch|p1a: Incineroar|Incineroar, L50, F|27/100
|-ability|p1a: Incineroar|Intimidate|boost
|-unboost|p2a: Incineroar|atk|1
|-ability|p2b: Corviknight|Mirror Armor
|-unboost|p1a: Incineroar|atk|1
|move|p1b: Rillaboom|U-turn|p2a: Incineroar
|-damage|p2a: Incineroar|88/100
|
|t:|1756556309
|switch|p1b: Gholdengo|Gholdengo, L50|100/100|[from] U-turn
|move|p2b: Corviknight|Brave Bird|p1b: Gholdengo
|-resisted|p1b: Gholdengo
|-damage|p1b: Gholdengo|76/100
|-damage|p2b: Corviknight|76/100|[from] Recoil
|move|p2a: Incineroar|Knock Off|p1a: Incineroar
|-resisted|p1a: Incineroar
|-damage|p1a: Incineroar|15/100
|-enditem|p1a: Incineroar|Safety Goggles|[from] move: Knock Off|[of] p2a: Incineroar
|
|-heal|p1b: Gholdengo|82/100|[from] Grassy Terrain
|-heal|p1a: Incineroar|22/100|[from] Grassy Terrain
|-heal|p2a: Incineroar|94/100|[from] Grassy Terrain
|upkeep
|turn|4
|
|t:|1756556336
|switch|p2a: Weezing|Weezing-Galar, L50, F|100/100
|-ability|p2a: Weezing|Neutralizing Gas
|move|p1a: Incineroar|Fake Out|p2a: Weezing
|-damage|p2a: Weezing|94/100
|move|p1b: Gholdengo|Nasty Plot|p1b: Gholdengo
|-boost|p1b: Gholdengo|spa|2
|move|p2b: Corviknight|Brave Bird|p1a: Incineroar
|-damage|p1a: Incineroar|0 fnt
|faint|p1a: Incineroar
|-damage|p2b: Corviknight|69/100|[from] Recoil
|
|-heal|p1b: Gholdengo|88/100|[from] Grassy Terrain
|-heal|p2a: Weezing|99/100|[from] Grassy Terrain
|upkeep
|
|t:|1756556350
|switch|p1a: Ursaluna|Ursaluna-Bloodmoon, L50, M|100/100
|turn|5
|
|t:|1756556372
|switch|p2b: Incineroar|Incineroar, L50, F|94/100
|-ability|p2b: Incineroar|Intimidate|boost
|-unboost|p1a: Ursaluna|atk|1
|-unboost|p1b: Gholdengo|atk|1
|move|p2a: Weezing|Protect|p2a: Weezing
|-singleturn|p2a: Weezing|Protect
|move|p1b: Gholdengo|Nasty Plot|p1b: Gholdengo
|-boost|p1b: Gholdengo|spa|2
|move|p1a: Ursaluna|Blood Moon|p2b: Incineroar
|-damage|p2b: Incineroar|29/100
|
|-heal|p1b: Gholdengo|93/100|[from] Grassy Terrain
|-heal|p2a: Weezing|100/100|[from] Grassy Terrain
|-heal|p2b: Incineroar|35/100|[from] Grassy Terrain
|-fieldend|move: Grassy Terrain
|upkeep
|turn|6
|
|t:|1756556412
|-end|p2a: Weezing|ability: Neutralizing Gas
|switch|p2a: Corviknight|Corviknight, L50, F|69/100
|-terastallize|p1a: Ursaluna|Normal
|move|p1b: Gholdengo|Make It Rain|p2a: Corviknight|[spread] p2a,p2b
|-resisted|p2a: Corviknight
|-resisted|p2b: Incineroar
|-damage|p2a: Corviknight|0 fnt
|-damage|p2b: Incineroar|0 fnt
|-unboost|p1b: Gholdengo|spa|1
|faint|p2a: Corviknight
|faint|p2b: Incineroar
|-damage|p1b: Gholdengo|83/100|[from] item: Life Orb
|move|p1a: Ursaluna|Hyper Voice|p2: Corviknight|[notarget]
|-fail|p1a: Ursaluna
|
|upkeep
|
|t:|1756556424
|switch|p2b: Weezing|Weezing-Galar, L50, F|100/100
|-ability|p2b: Weezing|Neutralizing Gas
|turn|7
|
|t:|1756556471
|move|p1b: Gholdengo|Make It Rain|p2b: Weezing
|-supereffective|p2b: Weezing
|-damage|p2b: Weezing|0 fnt
|-unboost|p1b: Gholdengo|spa|1
|faint|p2b: Weezing
|-end|p2b: Weezing|ability: Neutralizing Gas
|-damage|p1b: Gholdengo|73/100|[from] item: Life Orb
|
|win|RillaZardCJM
