|j|☆TetheredAvian74
|j|☆Rugss
|html|TetheredAvian74Rugss    
|uhtml|bestof|Game 1 of a best-of-3
|t:|1784158351
|gametype|doubles
|player|p1|TetheredAvian74|101|1096
|player|p2|Rugss|lucas|1000
|gen|9
|tier|[Gen 9 Champions] VGC 2026 Reg M-B (Bo3)
|rated|
|rule|Species Clause: Limit one of each Pokémon
|rule|Item Clause: Limit 1 of each item
|clearpoke
|poke|p1|Pelipper, L50, F|
|poke|p1|Grimmsnarl, L50, M|
|poke|p1|Sinistcha, L50|
|poke|p1|Blastoise, L50, M|
|poke|p1|Archaludon, L50, M|
|poke|p1|Raichu, L50, M|
|poke|p2|Toxapex, L50, F|
|poke|p2|Charizard, L50, F, shiny|
|poke|p2|Gliscor, L50, M|
|poke|p2|Incineroar, L50, F|
|poke|p2|Mamoswine, L50, M|
|poke|p2|Raichu, L50, M|
|teampreview|4
|showteam|p1|Pelipper||DampRock|Drizzle|Tailwind,Uturn,Hurricane,WeatherBall|Modest||F|||50|]Grimmsnarl||LightClay|Prankster|Reflect,LightScreen,PartingShot,SuckerPunch|Impish||M|||50|]Sinistcha||SitrusBerry|Hospitality|RagePowder,LifeDew,MatchaGotcha,StrengthSap|Calm|||||50|]Blastoise||Blastoisinite|RainDish|ShellSmash,WaterSpout,DarkPulse,Protect|Modest||M|||50|]Archaludon||Leftovers|Stamina|ElectroShot,DragonPulse,FlashCannon,Protect|Calm||M|||50|]Raichu||RaichuniteX|LightningRod|FakeOut,VoltTackle,VoltSwitch,BrickBreak|Jolly||M|||50|
|showteam|p2|Toxapex||Leftovers|Regenerator|Infestation,Toxic,WideGuard,BanefulBunker|Bold||F|||50|]Charizard||CharizarditeY|Blaze|HeatWave,Protect,SolarBeam,WeatherBall|Timid||F|||50|]Gliscor||YacheBerry|HyperCutter|StealthRock,RockSlide,Protect,DualWingbeat|Jolly||M|||50|]Incineroar||SitrusBerry|Intimidate|FakeOut,PartingShot,FlareBlitz,ThroatChop|Impish||F|||50|]Mamoswine||FocusSash|Oblivious|Earthquake,IceShard,IcicleCrash,Protect|Adamant||M|||50|]Raichu||RaichuniteY|Static|FakeOut,Protect,ZapCannon,FocusBlast|Timid||M|||50|
|inactive|Battle timer is ON: inactive players will automatically lose when time's up. (requested by TetheredAvian74)
|
|t:|1784158380
|teamsize|p1|4
|teamsize|p2|4
|start
|switch|p1a: Raichu|Raichu, L50, M|100/100
|switch|p1b: Pelipper|Pelipper, L50, F|100/100
|switch|p2a: Raichu|Raichu, L50, M|100/100
|switch|p2b: Mamoswine|Mamoswine, L50, M|100/100
|-weather|RainDance|[from] ability: Drizzle|[of] p1b: Pelipper
|turn|1
|inactive|Rugss has 30 seconds left.
|inactive|Rugss has 20 seconds left.
|
|t:|1784158419
|switch|p2a: Toxapex|Toxapex, L50, F|100/100
|move|p2b: Mamoswine|Protect|p2b: Mamoswine
|-singleturn|p2b: Mamoswine|Protect
|move|p1a: Raichu|Fake Out|p2b: Mamoswine
|-activate|p2b: Mamoswine|move: Protect
|move|p1b: Pelipper|Tailwind|p1b: Pelipper
|-sidestart|p1: TetheredAvian74|move: Tailwind
|
|-weather|RainDance|[upkeep]
|upkeep
|turn|2
|inactive|Rugss has 30 seconds left.
|
|t:|1784158448
|switch|p2b: Raichu|Raichu, L50, M|100/100
|move|p1a: Raichu|Volt Switch|p2a: Toxapex
|-supereffective|p2a: Toxapex|1
|-damage|p2a: Toxapex|69/100
|
|t:|1784158454
|switch|p1a: Archaludon|Archaludon, L50, M|100/100|[from] Volt Switch
|move|p1b: Pelipper|Weather Ball|p2b: Raichu
|-damage|p2b: Raichu|18/100
|move|p2a: Toxapex|Infestation|p1b: Pelipper
|-resisted|p1b: Pelipper|1
|-damage|p1b: Pelipper|98/100
|-activate|p1b: Pelipper|move: Infestation|[of] p2a: Toxapex
|
|-weather|RainDance|[upkeep]
|-heal|p2a: Toxapex|75/100|[from] item: Leftovers
|-damage|p1b: Pelipper|86/100|[from] move: Infestation|[partiallytrapped]
|upkeep
|turn|3
|inactive|Rugss has 30 seconds left.
|inactive|Rugss has 20 seconds left.
|
|t:|1784158489
|move|p2a: Toxapex|Baneful Bunker|p2a: Toxapex
|-singleturn|p2a: Toxapex|move: Protect
|move|p1a: Archaludon|Electro Shot||[still]
|-prepare|p1a: Archaludon|Electro Shot
|-boost|p1a: Archaludon|spa|1
|-anim|p1a: Archaludon|Electro Shot|p2a: Toxapex
|-activate|p2a: Toxapex|move: Protect
|move|p1b: Pelipper|U-turn|p2b: Raichu
|-damage|p2b: Raichu|3/100
|
|t:|1784158497
|switch|p1b: Raichu|Raichu, L50, M|100/100|[from] U-turn
|move|p2b: Raichu|Zap Cannon|p1b: Raichu
|-ability|p1b: Raichu|Lightning Rod|boost
|-boost|p1b: Raichu|spa|1
|
|-weather|RainDance|[upkeep]
|-heal|p2a: Toxapex|80/100|[from] item: Leftovers
|upkeep
|turn|4
|
|t:|1784158517
|-heal|p2a: Toxapex|100/100|[from] ability: Regenerator|[silent]
|switch|p2a: Mamoswine|Mamoswine, L50, M|100/100
|move|p1b: Raichu|Fake Out|p2b: Raichu
|-damage|p2b: Raichu|0 fnt
|faint|p2b: Raichu
|move|p1a: Archaludon|Electro Shot||[still]
|-activate|p1b: Raichu|ability: Lightning Rod
|-prepare|p1a: Archaludon|Electro Shot
|-boost|p1a: Archaludon|spa|1
|-anim|p1a: Archaludon|Electro Shot|p1b: Raichu
|-ability|p1b: Raichu|Lightning Rod|boost
|-boost|p1b: Raichu|spa|1
|
|-weather|RainDance|[upkeep]
|-sideend|p1: TetheredAvian74|move: Tailwind
|upkeep
|
|t:|1784158532
|switch|p2b: Charizard|Charizard, L50, F, shiny|100/100
|turn|5
|inactive|Rugss has 30 seconds left.
|
|t:|1784158565
|detailschange|p1b: Raichu|Raichu-Mega-X, L50, M
|-mega|p1b: Raichu|Raichu|Raichunite X
|-fieldstart|move: Electric Terrain|[from] ability: Electric Surge|[of] p1b: Raichu
|detailschange|p2b: Charizard|Charizard-Mega-Y, L50, F, shiny
|-mega|p2b: Charizard|Charizard|Charizardite Y
|-weather|SunnyDay|[from] ability: Drought|[of] p2b: Charizard
|move|p1a: Archaludon|Protect|p1a: Archaludon
|-singleturn|p1a: Archaludon|Protect
|move|p1b: Raichu|Volt Switch|p2b: Charizard
|-supereffective|p2b: Charizard|1
|-damage|p2b: Charizard|2/100
|
|t:|1784158575
|switch|p1b: Pelipper|Pelipper, L50, F|86/100|[from] Volt Switch
|-weather|RainDance|[from] ability: Drizzle|[of] p1b: Pelipper
|move|p2b: Charizard|Solar Beam||[still]
|-prepare|p2b: Charizard|Solar Beam
|move|p2a: Mamoswine|Earthquake|p1a: Archaludon|[spread] 
|-activate|p1a: Archaludon|move: Protect
|-immune|p2b: Charizard
|-immune|p1b: Pelipper
|
|-weather|RainDance|[upkeep]
|upkeep
|turn|6
|
|t:|1784158596
|move|p2b: Charizard|Solar Beam|p1b: Pelipper|[from] lockedmove
|-damage|p1b: Pelipper|61/100
|move|p2a: Mamoswine|Icicle Crash|p1b: Pelipper
|-damage|p1b: Pelipper|10/100
|move|p1a: Archaludon|Electro Shot||[still]
|-prepare|p1a: Archaludon|Electro Shot
|-boost|p1a: Archaludon|spa|1
|-anim|p1a: Archaludon|Electro Shot|p2b: Charizard
|-supereffective|p2b: Charizard|1
|-damage|p2b: Charizard|0 fnt
|faint|p2b: Charizard
|cant|p1b: Pelipper|flinch
|
|-weather|RainDance|[upkeep]
|upkeep
|
|t:|1784158608
|switch|p2b: Toxapex|Toxapex, L50, F|100/100
|turn|7
|inactive|TetheredAvian74 has 30 seconds left.
|
|t:|1784158638
|switch|p1b: Sinistcha|Sinistcha, L50|100/100
|move|p2a: Mamoswine|Icicle Crash|p1b: Sinistcha
|-supereffective|p1b: Sinistcha|1
|-damage|p1b: Sinistcha|1/100
|-enditem|p1b: Sinistcha|Sitrus Berry|[eat]
|-heal|p1b: Sinistcha|25/100|[from] item: Sitrus Berry
|move|p1a: Archaludon|Flash Cannon|p2a: Mamoswine
|-supereffective|p2a: Mamoswine|1
|-enditem|p2a: Mamoswine|Focus Sash
|-damage|p2a: Mamoswine|1/100
|move|p2b: Toxapex|Infestation|p1a: Archaludon
|-resisted|p1a: Archaludon|1
|-damage|p1a: Archaludon|98/100
|-activate|p1a: Archaludon|move: Infestation|[of] p2b: Toxapex
|-ability|p1a: Archaludon|Stamina|boost
|-boost|p1a: Archaludon|def|1
|
|-weather|RainDance|[upkeep]
|-heal|p1a: Archaludon|100/100|[from] item: Leftovers
|-damage|p1a: Archaludon|87/100|[from] move: Infestation|[partiallytrapped]
|upkeep
|turn|8
|inactive|TetheredAvian74 has 30 seconds left.
|inactive|TetheredAvian74 has 20 seconds left.
|
|t:|1784158677
|move|p2b: Toxapex|Wide Guard|p2b: Toxapex
|-singleturn|p2b: Toxapex|Wide Guard
|move|p1b: Sinistcha|Rage Powder|p1b: Sinistcha
|-singleturn|p1b: Sinistcha|move: Rage Powder
|move|p2a: Mamoswine|Earthquake|p1b: Sinistcha|[spread] p1a,p1b
|-activate|p2b: Toxapex|move: Wide Guard
|-supereffective|p1a: Archaludon|1
|-resisted|p1b: Sinistcha|1
|-damage|p1a: Archaludon|45/100
|-damage|p1b: Sinistcha|3/100
|-ability|p1a: Archaludon|Stamina|boost
|-boost|p1a: Archaludon|def|1
|move|p1a: Archaludon|Flash Cannon|p2a: Mamoswine
|-supereffective|p2a: Mamoswine|1
|-damage|p2a: Mamoswine|0 fnt
|faint|p2a: Mamoswine
|
|-weather|RainDance|[upkeep]
|-heal|p1a: Archaludon|51/100|[from] item: Leftovers
|-damage|p1a: Archaludon|39/100|[from] move: Infestation|[partiallytrapped]
|upkeep
|turn|9
|
|t:|1784158697
|move|p1a: Archaludon|Electro Shot||[still]
|-prepare|p1a: Archaludon|Electro Shot
|-boost|p1a: Archaludon|spa|1
|-anim|p1a: Archaludon|Electro Shot|p2b: Toxapex
|-supereffective|p2b: Toxapex|1
|-crit|p2b: Toxapex
|-damage|p2b: Toxapex|0 fnt
|faint|p2b: Toxapex
|
|win|TetheredAvian74
||Rugss is ready for game 2.
||TetheredAvian74 is ready for game 2.
|uhtml|next|Next: Game 2 of 3
|l|☆TetheredAvian74
|player|p1|
