|j|☆Alecat
|j|☆wfp3000
|html|Alecatwfp3000    
|uhtml|bestof|Game 1 of a best-of-3
|t:|1757720363
|gametype|doubles
|player|p1|Alecat|scientistf|1076
|player|p2|wfp3000|169|1000
|gen|9
|tier|[Gen 9] VGC 2025 Reg H (Bo3)
|rated|
|rule|Species Clause: Limit one of each Pokémon
|rule|Item Clause: Limit 1 of each item
|clearpoke
|poke|p1|Sneasler, L50, M|
|poke|p1|Magmar, L50, M|
|poke|p1|Rillaboom, L50, M|
|poke|p1|Espathra, L50, M|
|poke|p1|Kingambit, L50, M|
|poke|p1|Arcanine-Hisui, L50, M|
|poke|p2|Weezing-Galar, L50, M|
|poke|p2|Dragonite, L50, M|
|poke|p2|Rabsca, L50, M|
|poke|p2|Ursaluna, L50, M|
|poke|p2|Espeon, L50, F|
|poke|p2|Palafin, L50, M|
|teampreview|4
|showteam|p1|Sneasler||FocusSash|Unburden|FakeOut,CloseCombat,DireClaw,Coaching|||M|||50|,,,,,Ghost]Magmar||Eviolite|VitalSpirit|FollowMe,HeatWave,Taunt,Protect|||M|||50|,,,,,Dragon]Rillaboom||AssaultVest|GrassySurge|FakeOut,WoodHammer,GrassyGlide,HighHorsepower|||M|||50|,,,,,Fire]Espathra||GrassySeed|SpeedBoost|StoredPower,TeraBlast,CalmMind,Protect|||M|||50|,,,,,Fighting]Kingambit||SafetyGoggles|Defiant|KowtowCleave,SuckerPunch,SwordsDance,Protect|||M|||50|,,,,,Dark]Arcanine-Hisui||LoadedDice|Intimidate|FlareBlitz,RockBlast,ExtremeSpeed,Protect|||M|||50|,,,,,Ghost
|showteam|p2|Weezing-Galar||FairyFeather|MistySurge|Thunder,MistyExplosion,RainDance,StrangeSteam|||M|||50|,,,,,Fairy]Dragonite||ChoiceBand|InnerFocus|LowKick,Earthquake,ExtremeSpeed,ScaleShot|||M|||50|,,,,,Ground]Rabsca||QuickClaw|Telepathy|BugBuzz,RevivalBlessing,Protect,TrickRoom|||M|||50|,,,,,Flying]Ursaluna||FlameOrb|Guts|HeadlongRush,Facade,Protect,FocusPunch|||M|||50|,,,,,Ghost]Espeon||FocusSash|MagicBounce|Psychic,TrickRoom,ShadowBall,DazzlingGleam|||F|||50|,,,,,Fairy]Palafin||EjectButton|ZerotoHero|IceBeam,AuraSphere,Protect,HydroPump|||M|||50|,,,,,Ice
|inactive|Battle timer is ON: inactive players will automatically lose when time's up. (requested by Alecat)
|inactive|Alecat has 60 seconds left.
|
|t:|1757720396
|teamsize|p1|4
|teamsize|p2|4
|start
|switch|p1a: Sneasler|Sneasler, L50, M|100/100
|switch|p1b: Magmar|Magmar, L50, M|100/100
|switch|p2a: Weezing|Weezing-Galar, L50, M, shiny|100/100
|switch|p2b: Palafin|Palafin, L50, M|100/100
|-fieldstart|move: Misty Terrain|[from] ability: Misty Surge|[of] p2a: Weezing
|turn|1
|inactive|Alecat has 30 seconds left.
|inactive|Alecat has 20 seconds left.
|
|t:|1757720432
|switch|p1a: Espathra|Espathra, L50, M, shiny|100/100
|switch|p1b: Rillaboom|Rillaboom, L50, M|100/100
|-fieldstart|move: Grassy Terrain|[from] ability: Grassy Surge|[of] p1b: Rillaboom
|-enditem|p1a: Espathra|Grassy Seed
|-boost|p1a: Espathra|def|1|[from] item: Grassy Seed
|move|p2b: Palafin|Hydro Pump|p1b: Rillaboom
|-resisted|p1b: Rillaboom
|-damage|p1b: Rillaboom|87/100
|move|p2a: Weezing|Rain Dance|p2a: Weezing
|-weather|RainDance
|
|-weather|RainDance|[upkeep]
|-heal|p1b: Rillaboom|93/100|[from] Grassy Terrain
|upkeep
|turn|2
|inactive|Alecat has 30 seconds left.
|inactive|wfp3000 has 30 seconds left.
|inactive|wfp3000 has 20 seconds left.
|inactive|wfp3000 has 15 seconds left.
|
|t:|1757720472
|detailschange|p2b: Palafin|Palafin-Hero, L50, M
|switch|p2b: Espeon|Espeon, L50, F, shiny|100/100
|move|p1b: Rillaboom|Fake Out|p2a: Weezing
|-damage|p2a: Weezing|85/100
|move|p1a: Espathra|Calm Mind|p1a: Espathra
|-boost|p1a: Espathra|spa|1
|-boost|p1a: Espathra|spd|1
|cant|p2a: Weezing|flinch
|
|-weather|RainDance|[upkeep]
|-heal|p1b: Rillaboom|99/100|[from] Grassy Terrain
|-heal|p2a: Weezing|91/100|[from] Grassy Terrain
|-ability|p1a: Espathra|Speed Boost|boost
|-boost|p1a: Espathra|spe|1
|upkeep
|turn|3
|inactive|wfp3000 has 30 seconds left.
|
|t:|1757720499
|move|p1a: Espathra|Protect|p1a: Espathra
|-singleturn|p1a: Espathra|Protect
|move|p2b: Espeon|Shadow Ball|p1a: Espathra
|-activate|p1a: Espathra|move: Protect
|move|p1b: Rillaboom|Wood Hammer|p2b: Espeon
|-enditem|p2b: Espeon|Focus Sash
|-damage|p2b: Espeon|1/100
|-damage|p1b: Rillaboom|75/100|[from] Recoil
|move|p2a: Weezing|Thunder|p1a: Espathra
|-activate|p1a: Espathra|move: Protect
|
|-weather|RainDance|[upkeep]
|-heal|p2b: Espeon|7/100|[from] Grassy Terrain
|-heal|p1b: Rillaboom|81/100|[from] Grassy Terrain
|-heal|p2a: Weezing|97/100|[from] Grassy Terrain
|-ability|p1a: Espathra|Speed Boost|boost
|-boost|p1a: Espathra|spe|1
|upkeep
|turn|4
|
|t:|1757720522
|move|p1b: Rillaboom|Grassy Glide|p2b: Espeon
|-damage|p2b: Espeon|0 fnt
|faint|p2b: Espeon
|move|p1a: Espathra|Stored Power|p2a: Weezing
|-supereffective|p2a: Weezing
|-damage|p2a: Weezing|0 fnt
|faint|p2a: Weezing
|
|-weather|RainDance|[upkeep]
|-heal|p1b: Rillaboom|86/100|[from] Grassy Terrain
|-ability|p1a: Espathra|Speed Boost|boost
|-boost|p1a: Espathra|spe|1
|upkeep
|
|t:|1757720530
|switch|p2b: Dragonite|Dragonite, L50, M, shiny|100/100
|switch|p2a: Palafin|Palafin-Hero, L50, M|100/100
|-activate|p2a: Palafin|ability: Zero to Hero
|turn|5
|
|t:|1757720544
|-terastallize|p2b: Dragonite|Ground
|move|p1a: Espathra|Protect|p1a: Espathra
|-singleturn|p1a: Espathra|Protect
|move|p2b: Dragonite|Extreme Speed|p1a: Espathra
|-activate|p1a: Espathra|move: Protect
|move|p1b: Rillaboom|Grassy Glide|p2a: Palafin
|-supereffective|p2a: Palafin
|-damage|p2a: Palafin|29/100
|move|p2a: Palafin|Aura Sphere|p1b: Rillaboom
|-damage|p1b: Rillaboom|65/100
|
|-weather|none
|-heal|p2a: Palafin|35/100|[from] Grassy Terrain
|-heal|p1b: Rillaboom|71/100|[from] Grassy Terrain
|-fieldend|move: Grassy Terrain
|-ability|p1a: Espathra|Speed Boost|boost
|-boost|p1a: Espathra|spe|1
|upkeep
|turn|6
|inactive|Alecat has 30 seconds left.
|
|t:|1757720575
|move|p2a: Palafin|Protect|p2a: Palafin
|-singleturn|p2a: Palafin|Protect
|move|p2b: Dragonite|Extreme Speed|p1b: Rillaboom
|-damage|p1b: Rillaboom|26/100
|move|p1a: Espathra|Stored Power|p2b: Dragonite
|-damage|p2b: Dragonite|0 fnt
|faint|p2b: Dragonite
|move|p1b: Rillaboom|Wood Hammer|p2a: Palafin
|-activate|p2a: Palafin|move: Protect
|
|-ability|p1a: Espathra|Speed Boost|boost
|-boost|p1a: Espathra|spe|1
|upkeep
|turn|7
|
|t:|1757720590
|move|p1a: Espathra|Stored Power|p2a: Palafin
|-damage|p2a: Palafin|0 fnt
|faint|p2a: Palafin
|
|win|Alecat
||Alecat is ready for game 2.
|inactive|wfp3000 has 30 seconds to confirm battle start!
|inactive|wfp3000 has 20 seconds to confirm battle start!
|inactive|wfp3000 has 10 seconds to confirm battle start!
|uhtml|next|Next: Game 2 of 3
|l|☆wfp3000
|player|p2|
