|j|☆Lamburrito
|j|☆theberrybandit
|html|Lamburritotheberrybandit    
|uhtml|bestof|Game 2 of a best-of-3
|t:|1782273059
|gametype|doubles
|player|p1|Lamburrito|marlon|1107
|player|p2|theberrybandit|hiker-gen4|1180
|gen|9
|tier|[Gen 9 Champions] VGC 2026 Reg M-B (Bo3)
|rated|
|rule|Species Clause: Limit one of each Pokémon
|rule|Item Clause: Limit 1 of each item
|clearpoke
|poke|p1|Scrafty, L50, M, shiny|
|poke|p1|Trevenant, L50, M, shiny|
|poke|p1|Reuniclus, L50, M, shiny|
|poke|p1|Blastoise, L50, M, shiny|
|poke|p1|Staraptor, L50, F, shiny|
|poke|p1|Scizor, L50, M|
|poke|p2|Metagross, L50|
|poke|p2|Maushold, L50|
|poke|p2|Annihilape, L50, F|
|poke|p2|Hydreigon, L50, F|
|poke|p2|Ninetales-Alola, L50, M|
|poke|p2|Aerodactyl, L50, M|
|teampreview|4
|showteam|p1|Scrafty||Scraftinite|Intimidate|Crunch,DrainPunch,Coaching,Protect|Brave||M|||50|]Trevenant||KasibBerry|NaturalCure|Poltergeist,DrainPunch,TrickRoom,Protect|Adamant||M|||50|]Reuniclus||LifeOrb|MagicGuard|Psychic,Superpower,RainDance,TrickRoom|Quiet||M|||50|]Blastoise||Blastoisinite|Torrent|WaterSpout,DarkPulse,Protect,ShellSmash|Modest||M|||50|]Staraptor||ChoiceScarf|Intimidate|FinalGambit,DualWingbeat,CloseCombat,Tailwind|Jolly||F|||50|]Scizor||SitrusBerry|Technician|BulletPunch,BugBite,QuickGuard,Protect|Adamant||M|||50|
|showteam|p2|Metagross||Metagrossite|ClearBody|Protect,HardPress,PsychicFangs,BulletPunch|Adamant|||||50|]Maushold||ChopleBerry|FriendGuard|Protect,FollowMe,BeatUp,Taunt|Bold|||||50|]Annihilape||Leftovers|Defiant|Protect,RageFist,DrainPunch,BulkUp|Adamant||F|||50|]Hydreigon||LifeOrb|Levitate|Protect,DarkPulse,DracoMeteor,Snarl|Modest||F|||50|]Ninetales-Alola||NeverMeltIce|SnowWarning|Protect,Blizzard,FreezeDry,AuroraVeil|Timid||M|||50|]Aerodactyl||Aerodactylite|RockHead|RockSlide,DualWingbeat,Tailwind,Protect|Jolly||M|||50|
|
|t:|1782273130
|teamsize|p1|4
|teamsize|p2|4
|start
|switch|p1a: Bob The Blob|Reuniclus, L50, M, shiny|100/100
|switch|p1b: Blake|Blastoise, L50, M, shiny|100/100
|switch|p2a: Hydreigon|Hydreigon, L50, F|100/100
|switch|p2b: Maushold|Maushold, L50|100/100
|turn|1
|
|t:|1782273151
|detailschange|p1b: Blake|Blastoise-Mega, L50, M, shiny
|-mega|p1b: Blake|Blastoise|Blastoisinite
|move|p1b: Blake|Protect|p1b: Blake
|-singleturn|p1b: Blake|Protect
|move|p2a: Hydreigon|Snarl|p1a: Bob The Blob|[spread] p1a
|-activate|p1b: Blake|move: Protect
|-supereffective|p1a: Bob The Blob|1
|-damage|p1a: Bob The Blob|38/100
|-unboost|p1a: Bob The Blob|spa|1
|-damage|p2a: Hydreigon|90/100|[from] item: Life Orb
|move|p2b: Maushold|Taunt|p1a: Bob The Blob
|-start|p1a: Bob The Blob|move: Taunt
|cant|p1a: Bob The Blob|move: Taunt|Trick Room
|
|upkeep
|turn|2
|
|t:|1782273171
|move|p2a: Hydreigon|Snarl|p1a: Bob The Blob|[spread] p1a,p1b
|-supereffective|p1a: Bob The Blob|1
|-crit|p1a: Bob The Blob
|-crit|p1b: Blake
|-damage|p1a: Bob The Blob|0 fnt
|-damage|p1b: Blake|60/100
|-unboost|p1b: Blake|spa|1
|faint|p1a: Bob The Blob
|-damage|p2a: Hydreigon|80/100|[from] item: Life Orb
|move|p2b: Maushold|Taunt|p1b: Blake
|-start|p1b: Blake|move: Taunt
|cant|p1b: Blake|move: Taunt|Shell Smash
|
|upkeep
|
|t:|1782273184
|switch|p1a: Scizor|Scizor, L50, M|100/100
|turn|3
|
|t:|1782273195
|switch|p1b: Prof.Rowan|Trevenant, L50, M, shiny|100/100
|move|p2b: Maushold|Follow Me|p2b: Maushold
|-singleturn|p2b: Maushold|move: Follow Me
|move|p2a: Hydreigon|Dark Pulse|p1b: Prof.Rowan
|-supereffective|p1b: Prof.Rowan|1
|-damage|p1b: Prof.Rowan|1/100
|-damage|p2a: Hydreigon|70/100|[from] item: Life Orb
|move|p1a: Scizor|Bug Bite|p2b: Maushold
|-damage|p2b: Maushold|53/100
|-enditem|p2b: Maushold|Chople Berry|[from] stealeat|[move] Bug Bite|[of] p1a: Scizor
|
|upkeep
|turn|4
|
|t:|1782273213
|move|p2b: Maushold|Follow Me|p2b: Maushold
|-singleturn|p2b: Maushold|move: Follow Me
|move|p2a: Hydreigon|Snarl|p1a: Scizor|[spread] p1a,p1b
|-supereffective|p1b: Prof.Rowan|1
|-damage|p1a: Scizor|65/100
|-damage|p1b: Prof.Rowan|0 fnt
|-unboost|p1a: Scizor|spa|1
|faint|p1b: Prof.Rowan
|-damage|p2a: Hydreigon|61/100|[from] item: Life Orb
|move|p1a: Scizor|Bug Bite|p2b: Maushold
|-damage|p2b: Maushold|1/100
|
|upkeep
|
|t:|1782273219
|switch|p1b: Blake|Blastoise-Mega, L50, M, shiny|60/100
|turn|5
|
|t:|1782273227
|move|p2b: Maushold|Follow Me|p2b: Maushold
|-singleturn|p2b: Maushold|move: Follow Me
|move|p1a: Scizor|Bullet Punch|p2b: Maushold
|-damage|p2b: Maushold|0 fnt
|faint|p2b: Maushold
|move|p2a: Hydreigon|Snarl|p1a: Scizor|[spread] p1a,p1b
|-damage|p1a: Scizor|33/100
|-damage|p1b: Blake|35/100
|-unboost|p1a: Scizor|spa|1
|-unboost|p1b: Blake|spa|1
|-enditem|p1a: Scizor|Sitrus Berry|[eat]
|-heal|p1a: Scizor|57/100|[from] item: Sitrus Berry
|-damage|p2a: Hydreigon|51/100|[from] item: Life Orb
|move|p1b: Blake|Shell Smash|p1b: Blake
|-unboost|p1b: Blake|def|1
|-unboost|p1b: Blake|spd|1
|-boost|p1b: Blake|atk|2
|-boost|p1b: Blake|spa|2
|-boost|p1b: Blake|spe|2
|
|upkeep
|
|t:|1782273253
|switch|p2b: Metagross|Metagross, L50|100/100
|turn|6
|
|t:|1782273269
|move|p2b: Metagross|Protect|p2b: Metagross
|-singleturn|p2b: Metagross|Protect
|move|p1b: Blake|Dark Pulse|p2b: Metagross
|-activate|p2b: Metagross|move: Protect
|move|p2a: Hydreigon|Dark Pulse|p1b: Blake
|-crit|p1b: Blake
|-damage|p1b: Blake|0 fnt
|faint|p1b: Blake
|-damage|p2a: Hydreigon|41/100|[from] item: Life Orb
|move|p1a: Scizor|Bug Bite|p2a: Hydreigon
|-supereffective|p2a: Hydreigon|1
|-damage|p2a: Hydreigon|0 fnt
|faint|p2a: Hydreigon
|
|upkeep
|
|t:|1782273280
|switch|p2a: Annihilape|Annihilape, L50, F|100/100
|turn|7
|
|t:|1782273288
|detailschange|p2b: Metagross|Metagross-Mega, L50
|-mega|p2b: Metagross|Metagross|Metagrossite
|move|p2b: Metagross|Psychic Fangs|p1a: Scizor
|-resisted|p1a: Scizor|1
|-crit|p1a: Scizor
|-damage|p1a: Scizor|2/100
|move|p2a: Annihilape|Bulk Up|p2a: Annihilape
|-boost|p2a: Annihilape|atk|1
|-boost|p2a: Annihilape|def|1
|move|p1a: Scizor|Bug Bite|p2b: Metagross
|-damage|p2b: Metagross|61/100
|
|upkeep
|turn|8
|
|t:|1782273296
|move|p2b: Metagross|Bullet Punch|p1a: Scizor
|-resisted|p1a: Scizor|1
|-crit|p1a: Scizor
|-damage|p1a: Scizor|0 fnt
|faint|p1a: Scizor
|
|win|theberrybandit
||theberrybandit is ready for game 3.
||Lamburrito is ready for game 3.
|uhtml|next|Next: Game 3 of 3
|l|☆theberrybandit
|player|p2|
