|j|☆masterhax3
|j|☆speedracer1
|html|masterhax3speedracer1    
|uhtml|bestof|Game 2 of a best-of-3
|t:|1756855062
|gametype|doubles
|player|p1|masterhax3|scientist-gen4dp|1085
|player|p2|speedracer1|169|1154
|gen|9
|tier|[Gen 9] VGC 2025 Reg H (Bo3)
|rated|
|rule|Species Clause: Limit one of each Pokémon
|rule|Item Clause: Limit 1 of each item
|clearpoke
|poke|p1|Vivillon-Pokeball, L50, M|
|poke|p1|Garganacl, L50, M|
|poke|p1|Garchomp, L50, M|
|poke|p1|Gardevoir, L50, F|
|poke|p1|Dondozo, L50, M|
|poke|p1|Ninetales-Alola, L50, F|
|poke|p2|Charizard, L50, M|
|poke|p2|Torkoal, L50, M|
|poke|p2|Porygon2, L50|
|poke|p2|Incineroar, L50, F|
|poke|p2|Jumpluff, L50, M|
|poke|p2|Ursaluna, L50, M|
|teampreview|4
|showteam|p1|Vivillon-Pokeball||FocusSash|CompoundEyes|SleepPowder,Tailwind,PollenPuff,Hurricane|||M|||50|,,,,,Ghost]Garganacl||MarangaBerry|PurifyingSalt|SaltCure,StealthRock,Protect,Recover|||M|||50|,,,,,Flying]Garchomp||LifeOrb|RoughSkin|Earthquake,DragonClaw,RockSlide,Protect|||M|||50|,,,,,Ground]Gardevoir||ChoiceScarf|Telepathy|Trick,Moonblast,Psychic,IcyWind|||F|||50|,,,,,Steel]Dondozo||Leftovers|Unaware|Liquidation,Yawn,Fissure,Protect|||M|||50|,,,,,Poison]Ninetales-Alola||NeverMeltIce|SnowWarning|Blizzard,FreezeDry,Protect,AuroraVeil|||F|||50|,,,,,Ice
|showteam|p2|Charizard||ChoiceSpecs|SolarPower|HeatWave,Overheat,WeatherBall,AirSlash|||M|||50|,,,,,Ghost]Torkoal||EjectPack|Drought|Eruption,Overheat,HelpingHand,Protect|||M|||50|,,,,,Fire]Porygon2||Eviolite|Download|TeraBlast,IceBeam,Recover,TrickRoom||||||50|,,,,,Fighting]Incineroar||SitrusBerry|Intimidate|FlareBlitz,KnockOff,FakeOut,PartingShot|||F|||50|,,,,,Ghost]Jumpluff||CovertCloak|Chlorophyll|SleepPowder,SunnyDay,RagePowder,Tailwind|||M|||50|,,,,,Water]Ursaluna||FlameOrb|Guts|HeadlongRush,Facade,Earthquake,Protect|||M|||50|,,,,,Ghost
|inactive|Battle timer is ON: inactive players will automatically lose when time's up. (requested by speedracer1)
|inactive|speedracer1 has 60 seconds left.
|
|t:|1756855112
|teamsize|p1|4
|teamsize|p2|4
|start
|switch|p1a: Garganacl|Garganacl, L50, M|100/100
|switch|p1b: Garchomp|Garchomp, L50, M|100/100
|switch|p2a: Jumpluff|Jumpluff, L50, M|100/100
|switch|p2b: Ursaluna|Ursaluna, L50, M|100/100
|turn|1
|inactive|speedracer1 has 30 seconds left.
|inactive|speedracer1 has 20 seconds left.
|inactive|speedracer1 has 15 seconds left.
|
|t:|1756855153
|move|p2a: Jumpluff|Sleep Powder|p1b: Garchomp
|-status|p1b: Garchomp|slp|[from] move: Sleep Powder
|cant|p1b: Garchomp|slp
|move|p2b: Ursaluna|Earthquake|p1a: Garganacl|[spread] p1a,p1b
|-immune|p2a: Jumpluff
|-supereffective|p1a: Garganacl
|-damage|p1a: Garganacl|42/100
|-damage|p1b: Garchomp|55/100 slp
|move|p1a: Garganacl|Stealth Rock|p2a: Jumpluff
|-sidestart|p2: speedracer1|move: Stealth Rock
|
|-status|p2b: Ursaluna|brn|[from] item: Flame Orb
|upkeep
|turn|2
|
|t:|1756855171
|switch|p1b: Ninetales|Ninetales-Alola, L50, F|100/100
|-weather|Snowscape|[from] ability: Snow Warning|[of] p1b: Ninetales
|move|p1a: Garganacl|Protect|p1a: Garganacl
|-singleturn|p1a: Garganacl|Protect
|move|p2a: Jumpluff|Tailwind|p2a: Jumpluff
|-sidestart|p2: speedracer1|move: Tailwind
|move|p2b: Ursaluna|Earthquake|p1a: Garganacl|[spread] p1b
|-activate|p1a: Garganacl|move: Protect
|-immune|p2a: Jumpluff
|-damage|p1b: Ninetales|35/100
|
|-weather|Snowscape|[upkeep]
|-damage|p2b: Ursaluna|95/100 brn|[from] brn
|upkeep
|turn|3
|inactive|speedracer1 has 30 seconds left.
|
|t:|1756855201
|switch|p1a: Garchomp|Garchomp, L50, M|55/100 slp
|-terastallize|p2b: Ursaluna|Ghost
|move|p2a: Jumpluff|Sunny Day|p2a: Jumpluff
|-weather|SunnyDay
|move|p1b: Ninetales|Aurora Veil||[still]
|-fail|p1b: Ninetales
|move|p2b: Ursaluna|Earthquake|p1b: Ninetales|[spread] p1a,p1b
|-immune|p2a: Jumpluff
|-damage|p1a: Garchomp|0 fnt
|-damage|p1b: Ninetales|0 fnt
|faint|p1a: Garchomp
|faint|p1b: Ninetales
|
|-weather|SunnyDay|[upkeep]
|-damage|p2b: Ursaluna|89/100 brn|[from] brn
|upkeep
|
|t:|1756855210
|switch|p1b: Garganacl|Garganacl, L50, M|42/100
|switch|p1a: Dondozo|Dondozo, L50, M|100/100
|turn|4
|
|t:|1756855225
|move|p2a: Jumpluff|Sleep Powder|p1a: Dondozo
|-status|p1a: Dondozo|slp|[from] move: Sleep Powder
|move|p2b: Ursaluna|Facade|p1b: Garganacl
|-resisted|p1b: Garganacl
|-damage|p1b: Garganacl|0 fnt
|faint|p1b: Garganacl
|cant|p1a: Dondozo|slp
|
|-weather|SunnyDay|[upkeep]
|-damage|p2b: Ursaluna|83/100 brn|[from] brn
|upkeep
|turn|5
|
|t:|1756855241
|move|p2a: Jumpluff|Rage Powder|p2a: Jumpluff
|-singleturn|p2a: Jumpluff|move: Rage Powder
|move|p2b: Ursaluna|Facade|p1a: Dondozo
|-damage|p1a: Dondozo|25/100 slp
|cant|p1a: Dondozo|slp
|
|-weather|SunnyDay|[upkeep]
|-heal|p1a: Dondozo|32/100 slp|[from] item: Leftovers
|-damage|p2b: Ursaluna|77/100 brn|[from] brn
|-sideend|p2: speedracer1|move: Tailwind
|upkeep
|turn|6
|
|t:|1756855248
|move|p2a: Jumpluff|Rage Powder|p2a: Jumpluff
|-singleturn|p2a: Jumpluff|move: Rage Powder
|move|p2b: Ursaluna|Facade|p1a: Dondozo
|-damage|p1a: Dondozo|0 fnt
|faint|p1a: Dondozo
|
|win|speedracer1
||speedracer1 is ready for game 3.
||masterhax3 is ready for game 3.
|uhtml|next|Next: Game 3 of 3
