|j|☆to invisivel
|j|☆LeMaitreCroissant
|html|to invisivelLeMaitreCroissant    
|uhtml|bestof|Game 1 of a best-of-3
|t:|1757116892
|gametype|doubles
|player|p1|to invisivel|hilbert-wonderlauncher|1079
|player|p2|LeMaitreCroissant|265|1182
|gen|9
|tier|[Gen 9] VGC 2025 Reg H (Bo3)
|rated|
|rule|Species Clause: Limit one of each Pokémon
|rule|Item Clause: Limit 1 of each item
|clearpoke
|poke|p1|Charizard, L50, M|
|poke|p1|Torkoal, L50, F|
|poke|p1|Porygon2, L50|
|poke|p1|Incineroar, L50, M|
|poke|p1|Jumpluff, L50, F|
|poke|p1|Ursaluna, L50, M|
|poke|p2|Basculegion, L50, M|
|poke|p2|Amoonguss, L50, M|
|poke|p2|Gholdengo, L50|
|poke|p2|Archaludon, L50, M|
|poke|p2|Incineroar, L50, M|
|poke|p2|Pelipper, L50, M|
|teampreview|4
|showteam|p1|Charizard||ChoiceSpecs|SolarPower|HeatWave,Overheat,WeatherBall,AirSlash|||M|||50|,,,,,Ghost]Torkoal||EjectPack|Drought|Eruption,Overheat,HelpingHand,Protect|||F|||50|,,,,,Fire]Porygon2||Eviolite|Download|TeraBlast,IceBeam,Recover,TrickRoom||||||50|,,,,,Fighting]Incineroar||SitrusBerry|Intimidate|FlareBlitz,KnockOff,FakeOut,PartingShot|||M|||50|,,,,,Ghost]Jumpluff||CovertCloak|Chlorophyll|SleepPowder,SunnyDay,RagePowder,Tailwind|||F|||50|,,,,,Water]Ursaluna||FlameOrb|Guts|HeadlongRush,Facade,Earthquake,Protect|||M|||50|,,,,,Ghost
|showteam|p2|Basculegion||ChoiceScarf|Adaptability|WaveCrash,LastRespects,FlipTurn,AquaJet|||M|||50|,,,,,Water]Amoonguss||SitrusBerry|Regenerator|PollenPuff,Spore,RagePowder,Protect|||M|||50|,,,,,Fairy]Gholdengo||LifeOrb|GoodasGold|MakeItRain,ShadowBall,NastyPlot,Protect||||||50|,,,,,Dragon]Archaludon||AssaultVest|Stamina|ElectroShot,DragonPulse,FlashCannon,BodyPress|||M|||50|,,,,,Grass]Incineroar||SafetyGoggles|Intimidate|FlareBlitz,KnockOff,FakeOut,PartingShot|||M|||50|,,,,,Ghost]Pelipper||FocusSash|Drizzle|Hurricane,WeatherBall,Tailwind,Protect|||M|||50|,,,,,Ghost
|inactive|Battle timer is ON: inactive players will automatically lose when time's up. (requested by to invisivel)
|inactive|to invisivel has 60 seconds left.
|inactive|LeMaitreCroissant has 60 seconds left.
|
|t:|1757116937
|teamsize|p1|4
|teamsize|p2|4
|start
|switch|p1a: Jumpluff|Jumpluff, L50, F|100/100
|switch|p1b: Porygon2|Porygon2, L50|100/100
|switch|p2a: Archaludon|Archaludon, L50, M, shiny|100/100
|switch|p2b: Basculegion|Basculegion, L50, M|100/100
|-ability|p1b: Porygon2|Download|boost
|-boost|p1b: Porygon2|spa|1
|turn|1
|inactive|to invisivel has 30 seconds left.
|
|t:|1757116965
|move|p2b: Basculegion|Flip Turn|p1b: Porygon2
|-damage|p1b: Porygon2|73/100
|
|t:|1757116970
|switch|p2b: Pelipper|Pelipper, L50, M|100/100|[from] Flip Turn
|-weather|RainDance|[from] ability: Drizzle|[of] p2b: Pelipper
|move|p1a: Jumpluff|Sleep Powder|p2b: Pelipper
|-status|p2b: Pelipper|slp|[from] move: Sleep Powder
|move|p2a: Archaludon|Electro Shot||[still]
|-prepare|p2a: Archaludon|Electro Shot
|-boost|p2a: Archaludon|spa|1
|-anim|p2a: Archaludon|Electro Shot|p1b: Porygon2
|-damage|p1b: Porygon2|35/100
|move|p1b: Porygon2|Ice Beam|p2a: Archaludon
|-damage|p2a: Archaludon|69/100
|-ability|p2a: Archaludon|Stamina|boost
|-boost|p2a: Archaludon|def|1
|
|-weather|RainDance|[upkeep]
|upkeep
|turn|2
|inactive|to invisivel has 30 seconds left.
|
|t:|1757116997
|switch|p2b: Incineroar|Incineroar, L50, M|100/100
|-ability|p2b: Incineroar|Intimidate|boost
|-unboost|p1a: Jumpluff|atk|1
|-unboost|p1b: Porygon2|atk|1
|move|p1a: Jumpluff|Sunny Day|p1a: Jumpluff
|-weather|SunnyDay
|move|p2a: Archaludon|Electro Shot||[still]
|-prepare|p2a: Archaludon|Electro Shot
|-boost|p2a: Archaludon|spa|1
|move|p1b: Porygon2|Tera Blast|p2b: Incineroar
|-crit|p2b: Incineroar
|-damage|p2b: Incineroar|25/100
|
|-weather|SunnyDay|[upkeep]
|upkeep
|turn|3
|inactive|to invisivel has 30 seconds left.
|
|t:|1757117032
|move|p2b: Incineroar|Fake Out|p1b: Porygon2
|-damage|p1b: Porygon2|29/100
|move|p1a: Jumpluff|Sleep Powder|p2a: Archaludon
|-status|p2a: Archaludon|slp|[from] move: Sleep Powder
|cant|p2a: Archaludon|slp
|cant|p1b: Porygon2|flinch
|
|-weather|SunnyDay|[upkeep]
|upkeep
|turn|4
|
|t:|1757117048
|switch|p1b: Charizard|Charizard, L50, M|100/100
|move|p1a: Jumpluff|Tailwind|p1a: Jumpluff
|-sidestart|p1: to invisivel|move: Tailwind
|move|p2b: Incineroar|Flare Blitz|p1a: Jumpluff
|-supereffective|p1a: Jumpluff
|-damage|p1a: Jumpluff|0 fnt
|faint|p1a: Jumpluff
|-damage|p2b: Incineroar|0 fnt|[from] Recoil
|faint|p2b: Incineroar
|-curestatus|p2a: Archaludon|slp|[msg]
|move|p2a: Archaludon|Electro Shot||[still]
|-prepare|p2a: Archaludon|Electro Shot
|-boost|p2a: Archaludon|spa|1
|
|-weather|SunnyDay|[upkeep]
|-damage|p1b: Charizard|88/100|[from] ability: Solar Power|[of] p1b: Charizard
|upkeep
|
|t:|1757117072
|switch|p1a: Porygon2|Porygon2, L50|29/100
|switch|p2b: Basculegion|Basculegion, L50, M|100/100
|-ability|p1a: Porygon2|Download|boost
|-boost|p1a: Porygon2|spa|1
|turn|5
|inactive|to invisivel has 30 seconds left.
|inactive|to invisivel has 20 seconds left.
|
|t:|1757117110
|switch|p2b: Pelipper|Pelipper, L50, M|100/100 slp
|-weather|RainDance|[from] ability: Drizzle|[of] p2b: Pelipper
|switch|p1a: Torkoal|Torkoal, L50, F|100/100
|-weather|SunnyDay|[from] ability: Drought|[of] p1a: Torkoal
|-terastallize|p1b: Charizard|Ghost
|move|p1b: Charizard|Air Slash|p2a: Archaludon
|-resisted|p2a: Archaludon
|-damage|p2a: Archaludon|42/100
|-ability|p2a: Archaludon|Stamina|boost
|-boost|p2a: Archaludon|def|1
|cant|p2a: Archaludon|flinch
|
|-weather|SunnyDay|[upkeep]
|-damage|p1b: Charizard|76/100|[from] ability: Solar Power|[of] p1b: Charizard
|upkeep
|turn|6
|inactive|to invisivel has 30 seconds left.
|inactive|LeMaitreCroissant has 30 seconds left.
|inactive|to invisivel has 20 seconds left.
|inactive|LeMaitreCroissant has 20 seconds left.
|inactive|to invisivel has 15 seconds left.
|
|t:|1757117151
|switch|p2b: Basculegion|Basculegion, L50, M|100/100
|move|p1b: Charizard|Air Slash|p2b: Basculegion
|-damage|p2b: Basculegion|11/100
|move|p2a: Archaludon|Dragon Pulse|p1a: Torkoal
|-damage|p1a: Torkoal|0 fnt
|faint|p1a: Torkoal
|
|-weather|SunnyDay|[upkeep]
|-damage|p1b: Charizard|63/100|[from] ability: Solar Power|[of] p1b: Charizard
|upkeep
|
|t:|1757117158
|switch|p1a: Porygon2|Porygon2, L50|29/100
|-ability|p1a: Porygon2|Download|boost
|-boost|p1a: Porygon2|spa|1
|turn|7
|inactive|LeMaitreCroissant has 30 seconds left.
|
|t:|1757117183
|switch|p2a: Pelipper|Pelipper, L50, M|100/100 slp
|-weather|RainDance|[from] ability: Drizzle|[of] p2a: Pelipper
|move|p1b: Charizard|Air Slash|p2b: Basculegion
|-damage|p2b: Basculegion|0 fnt
|faint|p2b: Basculegion
|move|p1a: Porygon2|Ice Beam|p2a: Pelipper
|-damage|p2a: Pelipper|22/100 slp
|
|-weather|RainDance|[upkeep]
|-sideend|p1: to invisivel|move: Tailwind
|upkeep
|
|t:|1757117196
|switch|p2b: Archaludon|Archaludon, L50, M, shiny|42/100
|turn|8
|
|t:|1757117204
|move|p1b: Charizard|Air Slash|p2b: Archaludon
|-resisted|p2b: Archaludon
|-damage|p2b: Archaludon|22/100
|-ability|p2b: Archaludon|Stamina|boost
|-boost|p2b: Archaludon|def|1
|cant|p2a: Pelipper|slp
|move|p2b: Archaludon|Electro Shot||[still]
|-prepare|p2b: Archaludon|Electro Shot
|-boost|p2b: Archaludon|spa|1
|-anim|p2b: Archaludon|Electro Shot|p1b: Charizard
|-damage|p1b: Charizard|0 fnt
|faint|p1b: Charizard
|move|p1a: Porygon2|Ice Beam|p2b: Archaludon
|-damage|p2b: Archaludon|0 fnt
|faint|p2b: Archaludon
|
|-weather|RainDance|[upkeep]
|upkeep
|turn|9
|
|t:|1757117220
|cant|p2a: Pelipper|slp
|move|p1a: Porygon2|Tera Blast|p2a: Pelipper
|-damage|p2a: Pelipper|0 fnt
|faint|p2a: Pelipper
|
|win|to invisivel
||LeMaitreCroissant is ready for game 2.
|inactive|to invisivel has 30 seconds to confirm battle start!
||to invisivel is ready for game 2.
|uhtml|next|Next: Game 2 of 3
|l|☆LeMaitreCroissant
|player|p2|
