|j|☆Bolsa_25
|j|☆Sincubii
|html|Bolsa_25Sincubii    
|uhtml|bestof|Game 2 of a best-of-3
|t:|1757109359
|gametype|doubles
|player|p1|Bolsa_25|265|1124
|player|p2|Sincubii|palmer|1113
|gen|9
|tier|[Gen 9] VGC 2025 Reg H (Bo3)
|rated|
|rule|Species Clause: Limit one of each Pokémon
|rule|Item Clause: Limit 1 of each item
|clearpoke
|poke|p1|Gholdengo, L50|
|poke|p1|Magmar, L50, F|
|poke|p1|Dragonite, L50, M|
|poke|p1|Rillaboom, L50, F|
|poke|p1|Annihilape, L50, M|
|poke|p1|Sylveon, L50, F|
|poke|p2|Weavile, L50, F|
|poke|p2|Weezing-Galar, L50, M|
|poke|p2|Tyranitar, L50, F|
|poke|p2|Dragapult, L50, F|
|poke|p2|Excadrill, L50, M|
|poke|p2|Rotom-Heat, L50|
|teampreview|4
|showteam|p1|Gholdengo||LifeOrb|GoodasGold|Protect,NastyPlot,MakeItRain,ShadowBall||||||50|,,,,,Water]Magmar||Eviolite|VitalSpirit|Taunt,WillOWisp,FollowMe,BurningJealousy|||F|||50|,,,,,Ghost]Dragonite||LoadedDice|Multiscale|Protect,Haze,Tailwind,ScaleShot|||M|||50|,,,,,Fairy]Rillaboom||AssaultVest|GrassySurge|FakeOut,GrassyGlide,WoodHammer,HighHorsepower|||F|||50|,,,,,Fire]Annihilape||SafetyGoggles|Defiant|Protect,BulkUp,RageFist,DrainPunch|||M|||50|,,,,,Steel]Sylveon||ThroatSpray|Pixilate|TeraBlast,HyperVoice,Protect,BabyDollEyes|||F|||50|,,,,,Water
|showteam|p2|Weavile||FocusSash|Pressure|FakeOut,IceSpinner,KnockOff,LowKick|||F|||50|,,,,,Ghost]Weezing-Galar||Leftovers|NeutralizingGas|StrangeSteam,WillOWisp,Taunt,Protect|||M|||50|,,,,,Fire]Tyranitar||AssaultVest|SandStream|KnockOff,RockSlide,TeraBlast,LowKick|||F|||50|,,,,,Flying]Dragapult||ChoiceBand|ClearBody|DragonDarts,PhantomForce,Outrage,Uturn|||F|||50|,,,,,Dragon]Excadrill||LifeOrb|SandRush|Earthquake,IronHead,RockSlide,Protect|||M|||50|,,,,,Ground]Rotom-Heat||ChoiceScarf|Levitate|Thunderbolt,Electroweb,Overheat,VoltSwitch||||||50|,,,,,Electric
|inactive|Battle timer is ON: inactive players will automatically lose when time's up. (requested by Bolsa_25)
|
|t:|1757109388
|teamsize|p1|4
|teamsize|p2|4
|start
|switch|p1a: Magmar|Magmar, L50, F|100/100
|switch|p1b: Dragonite|Dragonite, L50, M|100/100
|switch|p2a: Tyranitar|Tyranitar, L50, F|100/100
|switch|p2b: Excadrill|Excadrill, L50, M|100/100
|-weather|Sandstorm|[from] ability: Sand Stream|[of] p2a: Tyranitar
|turn|1
|inactive|Bolsa_25 has 30 seconds left.
|
|t:|1757109423
|-terastallize|p1b: Dragonite|Fairy
|-terastallize|p2a: Tyranitar|Flying
|move|p2b: Excadrill|Earthquake|p1a: Magmar|[spread] p1a,p1b
|-immune|p2a: Tyranitar
|-supereffective|p1a: Magmar
|-crit|p1a: Magmar
|-damage|p1a: Magmar|0 fnt
|-damage|p1b: Dragonite|69/100
|faint|p1a: Magmar
|-damage|p2b: Excadrill|91/100|[from] item: Life Orb
|move|p1b: Dragonite|Tailwind|p1b: Dragonite
|-sidestart|p1: Bolsa_25|move: Tailwind
|move|p2a: Tyranitar|Rock Slide|p1b: Dragonite
|-damage|p1b: Dragonite|25/100
|
|-weather|Sandstorm|[upkeep]
|-damage|p1b: Dragonite|19/100|[from] Sandstorm
|-damage|p2a: Tyranitar|94/100|[from] Sandstorm
|upkeep
|
|t:|1757109431
|switch|p1a: Annihilape|Annihilape, L50, M|100/100
|turn|2
|
|t:|1757109449
|move|p1b: Dragonite|Protect|p1b: Dragonite
|-singleturn|p1b: Dragonite|Protect
|move|p1a: Annihilape|Drain Punch|p2b: Excadrill
|-supereffective|p2b: Excadrill
|-damage|p2b: Excadrill|0 fnt
|faint|p2b: Excadrill
|move|p2a: Tyranitar|Tera Blast|p1a: Annihilape|[anim] Tera Blast Flying
|-supereffective|p1a: Annihilape
|-damage|p1a: Annihilape|15/100
|
|-weather|Sandstorm|[upkeep]
|-damage|p1b: Dragonite|12/100|[from] Sandstorm
|-damage|p2a: Tyranitar|88/100|[from] Sandstorm
|upkeep
|
|t:|1757109465
|switch|p2b: Weavile|Weavile, L50, F|100/100
|-ability|p2b: Weavile|Pressure
|turn|3
|
|t:|1757109478
|move|p2b: Weavile|Fake Out|p1b: Dragonite
|-damage|p1b: Dragonite|0 fnt
|faint|p1b: Dragonite
|move|p1a: Annihilape|Drain Punch|p2b: Weavile
|-supereffective|p2b: Weavile
|-enditem|p2b: Weavile|Focus Sash
|-damage|p2b: Weavile|1/100
|-heal|p1a: Annihilape|53/100|[from] drain|[of] p2b: Weavile
|move|p2a: Tyranitar|Rock Slide|p1a: Annihilape
|-resisted|p1a: Annihilape
|-damage|p1a: Annihilape|33/100
|
|-weather|Sandstorm|[upkeep]
|-damage|p2b: Weavile|0 fnt|[from] Sandstorm
|-damage|p2a: Tyranitar|82/100|[from] Sandstorm
|faint|p2b: Weavile
|upkeep
|
|t:|1757109485
|switch|p2b: Dragapult|Dragapult, L50, F|100/100
|switch|p1b: Gholdengo|Gholdengo, L50|100/100
|turn|4
|
|t:|1757109499
|move|p1b: Gholdengo|Make It Rain|p2b: Dragapult|[spread] p2a,p2b
|-damage|p2a: Tyranitar|48/100
|-damage|p2b: Dragapult|21/100
|-unboost|p1b: Gholdengo|spa|1
|-damage|p1b: Gholdengo|91/100|[from] item: Life Orb
|move|p1a: Annihilape|Rage Fist|p2a: Tyranitar
|-crit|p2a: Tyranitar
|-damage|p2a: Tyranitar|0 fnt
|faint|p2a: Tyranitar
|move|p2b: Dragapult|Phantom Force||[still]
|-prepare|p2b: Dragapult|Phantom Force
|
|-weather|Sandstorm|[upkeep]
|-damage|p2b: Dragapult|15/100|[from] Sandstorm
|-sideend|p1: Bolsa_25|move: Tailwind
|upkeep
|turn|5
|
|t:|1757109511
|move|p2b: Dragapult|Phantom Force|p1b: Gholdengo|[from] lockedmove
|-supereffective|p1b: Gholdengo
|-damage|p1b: Gholdengo|0 fnt
|faint|p1b: Gholdengo
|move|p1a: Annihilape|Rage Fist|p2b: Dragapult
|-supereffective|p2b: Dragapult
|-damage|p2b: Dragapult|0 fnt
|faint|p2b: Dragapult
|
|win|Bolsa_25
||Bolsa_25 is ready for game 3.
||Sincubii is ready for game 3.
|uhtml|next|Next: Game 3 of 3
