|j|☆SunshineandPoisons
|j|☆waLooG
|html|SunshineandPoisonswaLooG    
|uhtml|bestof|Game 2 of a best-of-3
|t:|1784588605
|gametype|doubles
|player|p1|SunshineandPoisons|volkner|1187
|player|p2|waLooG|brycenman|1143
|gen|9
|tier|[Gen 9 Champions] VGC 2026 Reg M-B (Bo3)
|rated|
|rule|Species Clause: Limit one of each Pokémon
|rule|Item Clause: Limit 1 of each item
|clearpoke
|poke|p1|Garchomp, L50, M|
|poke|p1|Venusaur, L50, M|
|poke|p1|Incineroar, L50, F|
|poke|p1|Charizard, L50, M|
|poke|p1|Toxapex, L50, F|
|poke|p1|Hydreigon, L50, F|
|poke|p2|Hydrapple, L50, F|
|poke|p2|Farigiraf, L50, M|
|poke|p2|Incineroar, L50, M|
|poke|p2|Araquanid, L50, F|
|poke|p2|Mawile, L50, M|
|poke|p2|Sableye, L50, M|
|teampreview|4
|showteam|p1|Garchomp||ChoiceScarf|RoughSkin|Earthquake,RockSlide,DragonClaw,StompingTantrum|Adamant||M|||50|]Venusaur||LifeOrb|Chlorophyll|SludgeBomb,SolarBeam,EarthPower,Protect|Modest||M|||50|]Incineroar||SitrusBerry|Intimidate|ThroatChop,FlareBlitz,PartingShot,FakeOut|Impish||F|||50|]Charizard||CharizarditeY|Blaze|HeatWave,WeatherBall,Protect,HelpingHand|Modest||M|||50|]Toxapex||Leftovers|Regenerator|Toxic,Infestation,WideGuard,BanefulBunker|Calm||F|||50|]Hydreigon||HabanBerry|Levitate|DarkPulse,DracoMeteor,Snarl,Tailwind|Timid||F|||50|
|showteam|p2|Hydrapple||LifeOrb|Regenerator|Protect,EnergyBall,EarthPower,FickleBeam|Quiet||F|||50|]Farigiraf||SitrusBerry|ArmorTail|Protect,TwinBeam,Thunderbolt,TrickRoom|Bold||M|||50|]Incineroar||ChopleBerry|Intimidate|FakeOut,FlareBlitz,PartingShot,HelpingHand|Careful||M|||50|]Araquanid||MysticWater|WaterBubble|Protect,Liquidation,Lunge,WideGuard|Brave||F|||50|]Mawile||Mawilite|HyperCutter|Protect,IronHead,PlayRough,SuckerPunch|Brave||M|||50|]Sableye||RoseliBerry|Prankster|WillOWisp,Encore,RainDance,Reflect|Careful||M|||50|
|inactive|Battle timer is ON: inactive players will automatically lose when time's up. (requested by SunshineandPoisons)
|inactive|SunshineandPoisons has 60 seconds left.
|inactive|waLooG has 60 seconds left.
|
|t:|1784588647
|teamsize|p1|4
|teamsize|p2|4
|start
|switch|p1a: Charizard|Charizard, L50, M|100/100
|switch|p1b: Toxapex|Toxapex, L50, F|100/100
|switch|p2a: Farigiraf|Farigiraf, L50, M|100/100
|switch|p2b: Hydrapple|Hydrapple, L50, F|100/100
|turn|1
|
|t:|1784588658
|switch|p2b: Sableye|Sableye, L50, M|100/100
|detailschange|p1a: Charizard|Charizard-Mega-Y, L50, M
|-mega|p1a: Charizard|Charizard|Charizardite Y
|-weather|SunnyDay|[from] ability: Drought|[of] p1a: Charizard
|move|p1a: Charizard|Heat Wave|p2b: Sableye|[spread] p2a,p2b
|-damage|p2a: Farigiraf|40/100
|-damage|p2b: Sableye|24/100
|-status|p2b: Sableye|brn
|-enditem|p2a: Farigiraf|Sitrus Berry|[eat]
|-heal|p2a: Farigiraf|64/100|[from] item: Sitrus Berry
|move|p1b: Toxapex|Infestation|p2b: Sableye
|-damage|p2b: Sableye|21/100 brn
|-activate|p2b: Sableye|move: Infestation|[of] p1b: Toxapex
|move|p2a: Farigiraf|Trick Room|p2a: Farigiraf
|-fieldstart|move: Trick Room|[of] p2a: Farigiraf
|
|-weather|SunnyDay|[upkeep]
|-damage|p2b: Sableye|15/100 brn|[from] brn
|-damage|p2b: Sableye|3/100 brn|[from] move: Infestation|[partiallytrapped]
|upkeep
|turn|2
|
|t:|1784588673
|move|p2b: Sableye|Rain Dance|p2b: Sableye
|-weather|RainDance
|move|p1b: Toxapex|Infestation|p2a: Farigiraf
|-supereffective|p2a: Farigiraf|1
|-damage|p2a: Farigiraf|59/100
|-activate|p2a: Farigiraf|move: Infestation|[of] p1b: Toxapex
|move|p2a: Farigiraf|Thunderbolt|p1b: Toxapex
|-supereffective|p1b: Toxapex|1
|-damage|p1b: Toxapex|70/100
|move|p1a: Charizard|Weather Ball|p2a: Farigiraf
|-damage|p2a: Farigiraf|0 fnt
|faint|p2a: Farigiraf
|
|-weather|RainDance|[upkeep]
|-heal|p1b: Toxapex|76/100|[from] item: Leftovers
|-damage|p2b: Sableye|0 fnt|[from] brn
|faint|p2b: Sableye
|upkeep
|
|t:|1784588676
|switch|p2b: Hydrapple|Hydrapple, L50, F|100/100
|switch|p2a: Mawile|Mawile, L50, M|100/100
|turn|3
|inactive|SunshineandPoisons has 30 seconds left.
|
|t:|1784588702
|detailschange|p2a: Mawile|Mawile-Mega, L50, M
|-mega|p2a: Mawile|Mawile|Mawilite
|move|p1a: Charizard|Protect|p1a: Charizard
|-singleturn|p1a: Charizard|Protect
|move|p1b: Toxapex|Toxic|p2b: Hydrapple
|-status|p2b: Hydrapple|tox
|move|p2b: Hydrapple|Fickle Beam|p1a: Charizard
|-activate|p1a: Charizard|move: Protect
|move|p2a: Mawile|Play Rough|p1b: Toxapex
|-resisted|p1b: Toxapex|1
|-damage|p1b: Toxapex|45/100
|-unboost|p1b: Toxapex|atk|1
|
|-weather|RainDance|[upkeep]
|-heal|p1b: Toxapex|51/100|[from] item: Leftovers
|-damage|p2b: Hydrapple|93/100 tox|[from] psn
|upkeep
|turn|4
|
|t:|1784588714
|switch|p1a: Incineroar|Incineroar, L50, F|100/100
|-ability|p1a: Incineroar|Intimidate|boost
|-unboost|p2a: Mawile|atk|1
|-unboost|p2b: Hydrapple|atk|1
|move|p1b: Toxapex|Baneful Bunker|p1b: Toxapex
|-singleturn|p1b: Toxapex|move: Protect
|move|p2a: Mawile|Sucker Punch||[still]
|-fail|p2a: Mawile
|move|p2b: Hydrapple|Fickle Beam|p1b: Toxapex
|-activate|p1b: Toxapex|move: Protect
|
|-weather|RainDance|[upkeep]
|-heal|p1b: Toxapex|57/100|[from] item: Leftovers
|-damage|p2b: Hydrapple|81/100 tox|[from] psn
|upkeep
|turn|5
|
|t:|1784588725
|move|p1a: Incineroar|Fake Out|p2b: Hydrapple
|-damage|p2b: Hydrapple|73/100 tox
|move|p1b: Toxapex|Infestation|p2b: Hydrapple
|-supereffective|p2b: Hydrapple|1
|-damage|p2b: Hydrapple|66/100 tox
|-activate|p2b: Hydrapple|move: Infestation|[of] p1b: Toxapex
|cant|p2b: Hydrapple|flinch
|move|p2a: Mawile|Play Rough|p1a: Incineroar|[miss]
|-miss|p2a: Mawile|p1a: Incineroar
|
|-weather|RainDance|[upkeep]
|-heal|p1b: Toxapex|63/100|[from] item: Leftovers
|-damage|p2b: Hydrapple|48/100 tox|[from] psn
|-damage|p2b: Hydrapple|36/100 tox|[from] move: Infestation|[partiallytrapped]
|-fieldend|move: Trick Room
|upkeep
|turn|6
|
|t:|1784588735
|move|p1b: Toxapex|Baneful Bunker|p1b: Toxapex
|-singleturn|p1b: Toxapex|move: Protect
|move|p1a: Incineroar|Parting Shot|p2a: Mawile
|-unboost|p2a: Mawile|atk|1
|-unboost|p2a: Mawile|spa|1
|
|t:|1784588739
|switch|p1a: Charizard|Charizard-Mega-Y, L50, M|100/100|[from] Parting Shot
|-weather|SunnyDay|[from] ability: Drought|[of] p1a: Charizard
|move|p2a: Mawile|Play Rough|p1a: Charizard
|-resisted|p1a: Charizard|1
|-damage|p1a: Charizard|73/100
|-unboost|p1a: Charizard|atk|1
|move|p2b: Hydrapple|Earth Power|p1a: Charizard
|-immune|p1a: Charizard
|
|-weather|SunnyDay|[upkeep]
|-heal|p1b: Toxapex|68/100|[from] item: Leftovers
|-damage|p2b: Hydrapple|11/100 tox|[from] psn
|-damage|p2b: Hydrapple|0 fnt|[from] move: Infestation|[partiallytrapped]
|faint|p2b: Hydrapple
|upkeep
|turn|7
|
|t:|1784588751
|-heal|p1b: Toxapex|100/100|[from] ability: Regenerator|[silent]
|switch|p1b: Incineroar|Incineroar, L50, F|100/100
|-ability|p1b: Incineroar|Intimidate|boost
|-unboost|p2a: Mawile|atk|1
|move|p1a: Charizard|Weather Ball|p2a: Mawile
|-supereffective|p2a: Mawile|1
|-damage|p2a: Mawile|0 fnt
|faint|p2a: Mawile
|
|win|SunshineandPoisons
|raw|SunshineandPoisons's rating: 1187 → 1209(+22 for winning)
|raw|waLooG's rating: 1143 → 1121(-22 for losing)
|l|☆SunshineandPoisons
|player|p1|
