|j|☆Data.log V.S!
|j|☆Perhaps Perish?
|html|Data.log V.S!Perhaps Perish?    
|uhtml|bestof|Game 2 of a best-of-3
|t:|1756602586
|gametype|doubles
|player|p1|Data.log V.S!|nurse|
|player|p2|Perhaps Perish?|steven|
|gen|9
|tier|[Gen 9] VGC 2025 Reg H (Bo3)
|rule|Species Clause: Limit one of each Pokémon
|rule|Item Clause: Limit 1 of each item
|clearpoke
|poke|p1|Dragonite, L50, M|
|poke|p1|Rillaboom, L50, M|
|poke|p1|Sneasler, L50, F|
|poke|p1|Volcarona, L50, M|
|poke|p1|Electabuzz, L50, M|
|poke|p1|Kingambit, L50, M|
|poke|p2|Grimmsnarl, L50, M|
|poke|p2|Greninja-*, L50, F|
|poke|p2|Archaludon, L50, M|
|poke|p2|Sinistcha, L50|
|poke|p2|Pelipper, L50, M|
|poke|p2|Annihilape, L50, M|
|teampreview|4
|showteam|p1|Dragonite||LoadedDice|Multiscale|ScaleShot,ExtremeSpeed,Haze,Protect|||M|||50|,,,,,Fairy]Rillaboom||AssaultVest|GrassySurge|WoodHammer,GrassyGlide,FakeOut,Uturn|||M|||50|,,,,,Fire]Sneasler||FocusSash|Unburden|CloseCombat,Coaching,DireClaw,FakeOut|||F|||50|,,,,,Stellar]Volcarona||GrassySeed|FlameBody|HeatWave,QuiverDance,GigaDrain,Protect|||M|||50|,,,,,Grass]Electabuzz||Eviolite|VitalSpirit|Thunderbolt,Taunt,FollowMe,Protect|||M|||50|,,,,,Ghost]Kingambit||SafetyGoggles|Defiant|KowtowCleave,SuckerPunch,SwordsDance,Protect|||M|||50|,,,,,Dark
|showteam|p2|Grimmsnarl||LightClay|Prankster|Reflect,LightScreen,SpiritBreak,MistyTerrain|||M|||50|,,,,,Ghost]Greninja||LoadedDice|Torrent|WaterShuriken,DarkPulse,Haze,Taunt|||F|||50|,,,,,Ghost]Archaludon||AssaultVest|Stamina|ElectroShot,DragonPulse,Snarl,BodyPress|||M|||50|,,,,,Grass]Sinistcha||SitrusBerry|Hospitality|LifeDew,TrickRoom,RagePowder,MatchaGotcha||||||50|,,,,,Water]Pelipper||CovertCloak|Drizzle|WeatherBall,Hurricane,WideGuard,Protect|||M|||50|,,,,,Grass]Annihilape||ChoiceScarf|Defiant|FinalGambit,CloseCombat,RageFist,Uturn|||M|||50|,,,,,Grass
|
|t:|1756602622
|teamsize|p1|4
|teamsize|p2|4
|start
|switch|p1a: Harambe|Rillaboom, L50, M|100/100
|switch|p1b: Noxia|Sneasler, L50, F|100/100
|switch|p2a: good pokemon|Greninja, L50, F, shiny|100/100
|switch|p2b: Bridge/Stapeler?|Archaludon, L50, M, shiny|100/100
|-fieldstart|move: Grassy Terrain|[from] ability: Grassy Surge|[of] p1a: Harambe
|turn|1
|
|t:|1756602650
|-terastallize|p2a: good pokemon|Ghost
|move|p2a: good pokemon|Water Shuriken|p2b: Bridge/Stapeler?
|-resisted|p2b: Bridge/Stapeler?
|-damage|p2b: Bridge/Stapeler?|98/100
|-ability|p2b: Bridge/Stapeler?|Stamina|boost
|-boost|p2b: Bridge/Stapeler?|def|1
|-resisted|p2b: Bridge/Stapeler?
|-damage|p2b: Bridge/Stapeler?|96/100
|-ability|p2b: Bridge/Stapeler?|Stamina|boost
|-boost|p2b: Bridge/Stapeler?|def|1
|-resisted|p2b: Bridge/Stapeler?
|-damage|p2b: Bridge/Stapeler?|94/100
|-ability|p2b: Bridge/Stapeler?|Stamina|boost
|-boost|p2b: Bridge/Stapeler?|def|1
|-resisted|p2b: Bridge/Stapeler?
|-damage|p2b: Bridge/Stapeler?|92/100
|-ability|p2b: Bridge/Stapeler?|Stamina|boost
|-boost|p2b: Bridge/Stapeler?|def|1
|-resisted|p2b: Bridge/Stapeler?
|-damage|p2b: Bridge/Stapeler?|90/100
|-ability|p2b: Bridge/Stapeler?|Stamina|boost
|-boost|p2b: Bridge/Stapeler?|def|1
|-hitcount|p2b: Bridge/Stapeler?|5
|move|p1a: Harambe|Grassy Glide|p2a: good pokemon
|-damage|p2a: good pokemon|35/100
|move|p1b: Noxia|Coaching|p1a: Harambe
|-boost|p1a: Harambe|atk|1
|-boost|p1a: Harambe|def|1
|move|p2b: Bridge/Stapeler?|Body Press|p1b: Noxia
|-resisted|p1b: Noxia
|-damage|p1b: Noxia|29/100
|
|-heal|p2a: good pokemon|41/100|[from] Grassy Terrain
|-heal|p1b: Noxia|34/100|[from] Grassy Terrain
|-heal|p2b: Bridge/Stapeler?|96/100|[from] Grassy Terrain
|upkeep
|turn|2
|
|t:|1756602707
|switch|p1b: Douglass|Dragonite, L50, M|100/100
|move|p2a: good pokemon|Water Shuriken|p1b: Douglass
|-resisted|p1b: Douglass
|-damage|p1b: Douglass|99/100
|-resisted|p1b: Douglass
|-damage|p1b: Douglass|95/100
|-resisted|p1b: Douglass
|-damage|p1b: Douglass|92/100
|-resisted|p1b: Douglass
|-damage|p1b: Douglass|88/100
|-hitcount|p1b: Douglass|4
|move|p1a: Harambe|Grassy Glide|p2a: good pokemon
|-damage|p2a: good pokemon|0 fnt
|faint|p2a: good pokemon
|move|p2b: Bridge/Stapeler?|Body Press|p1b: Douglass
|-resisted|p1b: Douglass
|-damage|p1b: Douglass|40/100
|
|-heal|p2b: Bridge/Stapeler?|100/100|[from] Grassy Terrain
|upkeep
|
|t:|1756602723
|switch|p2a: cupa|Sinistcha, L50|100/100
|turn|3
|
|t:|1756602736
|move|p1b: Douglass|Protect|p1b: Douglass
|-singleturn|p1b: Douglass|Protect
|move|p1a: Harambe|U-turn|p2a: cupa
|-crit|p2a: cupa
|-damage|p2a: cupa|48/100
|-enditem|p2a: cupa|Sitrus Berry|[eat]
|-heal|p2a: cupa|73/100|[from] item: Sitrus Berry
|
|t:|1756602744
|switch|p1a: Noxia|Sneasler, L50, F|34/100|[from] U-turn
|move|p2b: Bridge/Stapeler?|Dragon Pulse|p1b: Douglass
|-activate|p1b: Douglass|move: Protect
|move|p2a: cupa|Trick Room|p2a: cupa
|-fieldstart|move: Trick Room|[of] p2a: cupa
|
|-heal|p2a: cupa|79/100|[from] Grassy Terrain
|-heal|p1a: Noxia|40/100|[from] Grassy Terrain
|upkeep
|turn|4
|
|t:|1756602772
|switch|p2a: Inflated Toucan|Pelipper, L50, M, shiny|100/100
|-weather|RainDance|[from] ability: Drizzle|[of] p2a: Inflated Toucan
|move|p2b: Bridge/Stapeler?|Body Press|p1b: Douglass
|-resisted|p1b: Douglass
|-damage|p1b: Douglass|0 fnt
|faint|p1b: Douglass
|move|p1a: Noxia|Close Combat|p2b: Bridge/Stapeler?
|-supereffective|p2b: Bridge/Stapeler?
|-damage|p2b: Bridge/Stapeler?|72/100
|-unboost|p1a: Noxia|def|1
|-unboost|p1a: Noxia|spd|1
|-ability|p2b: Bridge/Stapeler?|Stamina|boost
|-boost|p2b: Bridge/Stapeler?|def|1
|
|-weather|RainDance|[upkeep]
|-heal|p2b: Bridge/Stapeler?|78/100|[from] Grassy Terrain
|-heal|p1a: Noxia|46/100|[from] Grassy Terrain
|upkeep
|
|t:|1756602780
|switch|p1b: Harambe|Rillaboom, L50, M|100/100
|turn|5
|-message|Data.log V.S! forfeited.
|
|win|Perhaps Perish?
|c|☆Perhaps Perish?|gg
