|j|☆LastHorzion
|j|☆HolgerD
|html|LastHorzionHolgerD    
|uhtml|bestof|Game 2 of a best-of-3
|t:|1757001163
|gametype|doubles
|player|p1|LastHorzion|steven|1293
|player|p2|HolgerD|170|1393
|gen|9
|tier|[Gen 9] VGC 2025 Reg H (Bo3)
|rated|
|rule|Species Clause: Limit one of each Pokémon
|rule|Item Clause: Limit 1 of each item
|clearpoke
|poke|p1|Sneasler, L50, M|
|poke|p1|Indeedee, L50, M|
|poke|p1|Ursaluna-Bloodmoon, L50, M|
|poke|p1|Electabuzz, L50, F|
|poke|p1|Tyranitar, L50, F|
|poke|p1|Talonflame, L50, F|
|poke|p2|Maushold, L50|
|poke|p2|Pelipper, L50, F|
|poke|p2|Archaludon, L50, M|
|poke|p2|Ursaluna, L50, M|
|poke|p2|Sinistcha, L50|
|poke|p2|Basculegion, L50, M|
|teampreview|4
|showteam|p1|Sneasler||PsychicSeed|Unburden|CloseCombat,DireClaw,ThroatChop,Protect|||M|||50|,,,,,Dark]Indeedee||FocusSash|PsychicSurge|ExpandingForce,TrickRoom,Imprison,Protect|||M|||50|,,,,,Psychic]Ursaluna-Bloodmoon||LifeOrb|MindsEye|BloodMoon,HyperVoice,EarthPower,Protect|||M|||50|,,,,,Normal]Electabuzz||Eviolite|VitalSpirit|Electroweb,FollowMe,Taunt,Protect|||F|||50|,,,,,Dragon]Tyranitar||AssaultVest|SandStream|KnockOff,TeraBlast,RockSlide,LowKick|||F|||50|,,,,,Flying]Talonflame||CovertCloak|GaleWings|FlareBlitz,DualWingbeat,WillOWisp,Tailwind|||F|||50|,,,,,Fairy
|showteam|p2|Maushold||WideLens|Technician|PopulationBomb,FollowMe,Taunt,Protect||||||50|,,,,,Ghost]Pelipper||FocusSash|Drizzle|Hurricane,MuddyWater,Tailwind,Protect|||F|||50|,,,,,Ghost]Archaludon||AssaultVest|Stamina|DragonPulse,ElectroShot,BodyPress,FlashCannon|||M|||50|,,,,,Bug]Ursaluna||FlameOrb|Guts|Facade,HeadlongRush,Earthquake,Protect|||M|||50|,,,,,Ghost]Sinistcha||SitrusBerry|Hospitality|MatchaGotcha,LifeDew,RagePowder,TrickRoom||||||50|,,,,,Dark]Basculegion||ChoiceBand|SwiftSwim|AquaJet,FlipTurn,LastRespects,WaveCrash|||M|||50|,,,,,Water
|inactive|Battle timer is ON: inactive players will automatically lose when time's up. (requested by LastHorzion)
|
|t:|1757001185
|teamsize|p1|4
|teamsize|p2|4
|start
|switch|p1a: Ursaluna|Ursaluna-Bloodmoon, L50, M|100/100
|switch|p1b: Electabuzz|Electabuzz, L50, F|100/100
|switch|p2a: Sinistcha|Sinistcha, L50|100/100
|switch|p2b: Basculegion|Basculegion, L50, M|100/100
|turn|1
|
|t:|1757001208
|switch|p2a: Pelipper|Pelipper, L50, F|100/100
|-weather|RainDance|[from] ability: Drizzle|[of] p2a: Pelipper
|-terastallize|p1b: Electabuzz|Dragon
|move|p1a: Ursaluna|Protect|p1a: Ursaluna
|-singleturn|p1a: Ursaluna|Protect
|move|p2b: Basculegion|Wave Crash|p1b: Electabuzz
|-resisted|p1b: Electabuzz
|-damage|p1b: Electabuzz|28/100
|-damage|p2b: Basculegion|82/100|[from] Recoil
|move|p1b: Electabuzz|Taunt|p2a: Pelipper
|-start|p2a: Pelipper|move: Taunt
|
|-weather|RainDance|[upkeep]
|upkeep
|turn|2
|inactive|LastHorzion has 30 seconds left.
|inactive|LastHorzion has 20 seconds left.
|inactive|HolgerD has 30 seconds left.
|
|t:|1757001247
|switch|p1a: Sneasler|Sneasler, L50, M|100/100
|move|p1b: Electabuzz|Follow Me|p1b: Electabuzz
|-singleturn|p1b: Electabuzz|move: Follow Me
|move|p2b: Basculegion|Wave Crash|p1b: Electabuzz
|-resisted|p1b: Electabuzz
|-damage|p1b: Electabuzz|0 fnt
|faint|p1b: Electabuzz
|-damage|p2b: Basculegion|76/100|[from] Recoil
|move|p2a: Pelipper|Muddy Water|p1a: Sneasler|[miss]
|-miss|p2a: Pelipper|p1a: Sneasler
|
|-weather|RainDance|[upkeep]
|upkeep
|
|t:|1757001260
|switch|p1b: Indeedee|Indeedee, L50, M|100/100
|-fieldstart|move: Psychic Terrain|[from] ability: Psychic Surge|[of] p1b: Indeedee
|-enditem|p1a: Sneasler|Psychic Seed
|-boost|p1a: Sneasler|spd|1|[from] item: Psychic Seed
|turn|3
|inactive|HolgerD has 30 seconds left.
|
|t:|1757001292
|move|p1a: Sneasler|Dire Claw|p2a: Pelipper
|-damage|p2a: Pelipper|47/100
|move|p2b: Basculegion|Wave Crash|p1b: Indeedee
|-enditem|p1b: Indeedee|Focus Sash
|-damage|p1b: Indeedee|1/100
|-damage|p2b: Basculegion|54/100|[from] Recoil
|move|p1b: Indeedee|Expanding Force|p2a: Pelipper|[spread] p2a,p2b
|-damage|p2a: Pelipper|0 fnt
|-damage|p2b: Basculegion|0 fnt
|faint|p2a: Pelipper
|faint|p2b: Basculegion
|
|-weather|RainDance|[upkeep]
|upkeep
|
|t:|1757001303
|switch|p2a: Sinistcha|Sinistcha, L50|100/100
|switch|p2b: Ursaluna|Ursaluna, L50, M|100/100
|turn|4
|inactive|LastHorzion has 30 seconds left.
|inactive|HolgerD has 30 seconds left.
|inactive|HolgerD has 20 seconds left.
|inactive|HolgerD has 15 seconds left.
|inactive|HolgerD has 10 seconds left.
|inactive|HolgerD has 5 seconds left.
|
|t:|1757001356
|move|p1a: Sneasler|Protect|p1a: Sneasler
|-singleturn|p1a: Sneasler|Protect
|move|p2b: Ursaluna|Protect|p2b: Ursaluna
|-singleturn|p2b: Ursaluna|Protect
|move|p1b: Indeedee|Imprison|p1b: Indeedee
|-start|p1b: Indeedee|move: Imprison
|move|p2a: Sinistcha|Matcha Gotcha|p1b: Indeedee|[spread] 
|-activate|p1a: Sneasler|move: Protect
|-miss|p2a: Sinistcha|p1b: Indeedee
|
|-weather|RainDance|[upkeep]
|-status|p2b: Ursaluna|brn|[from] item: Flame Orb
|upkeep
|turn|5
|inactive|HolgerD has 30 seconds left.
|
|t:|1757001388
|move|p2a: Sinistcha|Rage Powder|p2a: Sinistcha
|-singleturn|p2a: Sinistcha|move: Rage Powder
|move|p1a: Sneasler|Throat Chop|p2a: Sinistcha
|-supereffective|p2a: Sinistcha
|-damage|p2a: Sinistcha|47/100
|-start|p2a: Sinistcha|Throat Chop|[silent]
|-enditem|p2a: Sinistcha|Sitrus Berry|[eat]
|-heal|p2a: Sinistcha|71/100|[from] item: Sitrus Berry
|move|p1b: Indeedee|Expanding Force|p2b: Ursaluna|[spread] p2a,p2b
|-damage|p2a: Sinistcha|27/100
|-damage|p2b: Ursaluna|55/100 brn
|move|p2b: Ursaluna|Earthquake|p1b: Indeedee|[spread] p2a,p1a,p1b
|-resisted|p2a: Sinistcha
|-supereffective|p1a: Sneasler
|-damage|p2a: Sinistcha|2/100
|-damage|p1a: Sneasler|0 fnt
|-damage|p1b: Indeedee|0 fnt
|faint|p1a: Sneasler
|faint|p1b: Indeedee
|
|-weather|none
|-damage|p2b: Ursaluna|49/100 brn|[from] brn
|upkeep
|
|t:|1757001398
|switch|p1b: Ursaluna|Ursaluna-Bloodmoon, L50, M|100/100
|turn|6
|
|t:|1757001411
|move|p1b: Ursaluna|Hyper Voice|p2b: Ursaluna|[spread] p2a,p2b
|-damage|p2a: Sinistcha|0 fnt
|-damage|p2b: Ursaluna|6/100 brn
|faint|p2a: Sinistcha
|-damage|p1b: Ursaluna|91/100|[from] item: Life Orb
|move|p2b: Ursaluna|Facade|p1b: Ursaluna
|-damage|p1b: Ursaluna|0 fnt
|faint|p1b: Ursaluna
|
|win|HolgerD
|inactive|LastHorzion has 30 seconds to confirm battle start!
|inactive|HolgerD has 30 seconds to confirm battle start!
||HolgerD is ready for game 3.
||LastHorzion is ready for game 3.
|uhtml|next|Next: Game 3 of 3
|l|☆LastHorzion
|player|p1|
|j|☆LastHorzion
|player|p1|LastHorzion|steven|
|l|☆HolgerD
|player|p2|
