|j|☆jeanryupr
|j|☆Deseret Gaming
|html|jeanryuprDeseret Gaming    
|uhtml|bestof|Game 1 of a best-of-3
|t:|1785771234
|gametype|doubles
|player|p1|jeanryupr|170|1237
|player|p2|Deseret Gaming|cilan|1147
|gen|9
|tier|[Gen 9 Champions] VGC 2026 Reg M-B (Bo3)
|rated|
|rule|Species Clause: Limit one of each Pokémon
|rule|Item Clause: Limit 1 of each item
|clearpoke
|poke|p1|Raichu, L50, M|
|poke|p1|Aerodactyl, L50, M|
|poke|p1|Floette-Eternal, L50, F|
|poke|p1|Kingambit, L50, F|
|poke|p1|Farigiraf, L50, F|
|poke|p1|Garchomp, L50, M|
|poke|p2|Hawlucha, L50, M, shiny|
|poke|p2|Tyranitar, L50, F, shiny|
|poke|p2|Excadrill, L50, M, shiny|
|poke|p2|Krookodile, L50, M, shiny|
|poke|p2|Farigiraf, L50, F|
|poke|p2|Zoroark-Hisui, L50, F, shiny|
|teampreview|4
|showteam|p1|Raichu||RaichuniteY|LightningRod|ZapCannon,FocusBlast,FakeOut,Protect|Timid||M|||50|]Aerodactyl||FocusSash|Unnerve|WideGuard,DualWingbeat,RockSlide,Tailwind|Jolly||M|||50|]Floette-Eternal||Floettite|FlowerVeil|CalmMind,DazzlingGleam,DrainingKiss,Protect|Timid||F|||50|]Kingambit||BlackGlasses|Defiant|KowtowCleave,Protect,SuckerPunch,IronHead|Adamant||F|||50|]Farigiraf||SitrusBerry|ArmorTail|TrickRoom,HelpingHand,Thunderbolt,Psychic|Bold||F|||50|]Garchomp||LifeOrb|RoughSkin|Protect,Earthquake,DragonClaw,RockSlide|Jolly||M|||50|
|showteam|p2|Hawlucha||Hawluchanite|MoldBreaker|FlyingPress,Entrainment,Coaching,Feint|Jolly||M|||50|]Tyranitar||Tyranitarite|SandStream|Earthquake,RockSlide,DragonDance,StoneEdge|Adamant||F|||50|]Excadrill||FocusSash|SandRush|HornDrill,RockSlide,IronHead,Protect|Adamant||M|||50|]Krookodile||ChoiceScarf|Intimidate|CloseCombat,Fissure,SmackDown,Crunch|Jolly||M|||50|]Farigiraf||MentalHerb|ArmorTail|TwinBeam,Thunderbolt,AllySwitch,TrickRoom|Quiet||F|||50|]Zoroark-Hisui||WideLens|Illusion|Snarl,IcyWind,WillOWisp,Taunt|Timid||F|||50|
|
|t:|1785771296
|teamsize|p1|4
|teamsize|p2|4
|start
|switch|p1a: Raichu|Raichu, L50, M|100/100
|switch|p1b: Garchomp|Garchomp, L50, M|100/100
|switch|p2a: Helaman 5:12|Tyranitar, L50, F, shiny|100/100
|switch|p2b: Moroni10:3-5|Hawlucha, L50, M, shiny|100/100
|-weather|Sandstorm|[from] ability: Sand Stream|[of] p2a: Helaman 5:12
|turn|1
|inactive|Battle timer is ON: inactive players will automatically lose when time's up. (requested by Deseret Gaming)
|
|t:|1785771323
|switch|p1a: Farigiraf|Farigiraf, L50, F|100/100
|detailschange|p2a: Helaman 5:12|Tyranitar-Mega, L50, F, shiny
|-mega|p2a: Helaman 5:12|Tyranitar|Tyranitarite
|move|p2b: Moroni10:3-5|Will-O-Wisp|p1b: Garchomp
|-status|p1b: Garchomp|brn
|move|p1b: Garchomp|Rock Slide|p2b: Moroni10:3-5|[spread] p2a,p2b
|-damage|p2a: Helaman 5:12|92/100
|-damage|p2b: Moroni10:3-5|77/100
|replace|p2b: Moroni 10:27|Zoroark-Hisui, L50, F, shiny
|-end|p2b: Moroni 10:27|Illusion
|-damage|p1b: Garchomp|90/100 brn|[from] item: Life Orb
|move|p2a: Helaman 5:12|Dragon Dance|p2a: Helaman 5:12
|-boost|p2a: Helaman 5:12|atk|1
|-boost|p2a: Helaman 5:12|spe|1
|
|-weather|Sandstorm|[upkeep]
|-damage|p2b: Moroni 10:27|71/100|[from] Sandstorm
|-damage|p1a: Farigiraf|93/100|[from] Sandstorm
|-damage|p1b: Garchomp|84/100 brn|[from] brn
|upkeep
|turn|2
|
|t:|1785771343
|move|p1a: Farigiraf|Helping Hand|p1b: Garchomp
|-singleturn|p1b: Garchomp|Helping Hand|[of] p1a: Farigiraf
|move|p2a: Helaman 5:12|Stone Edge|p1a: Farigiraf|[miss]
|-miss|p2a: Helaman 5:12|p1a: Farigiraf
|move|p2b: Moroni 10:27|Icy Wind|p1a: Farigiraf|[spread] p1a,p1b
|-supereffective|p1b: Garchomp|2
|-damage|p1a: Farigiraf|81/100
|-damage|p1b: Garchomp|22/100 brn
|-unboost|p1a: Farigiraf|spe|1
|-unboost|p1b: Garchomp|spe|1
|move|p1b: Garchomp|Earthquake|p2a: Helaman 5:12|[spread] p1a,p2a,p2b
|-supereffective|p2a: Helaman 5:12|1
|-damage|p1a: Farigiraf|50/100g
|-damage|p2a: Helaman 5:12|36/100
|-damage|p2b: Moroni 10:27|0 fnt
|faint|p2b: Moroni 10:27
|-damage|p1b: Garchomp|13/100 brn|[from] item: Life Orb
|
|-weather|Sandstorm|[upkeep]
|-damage|p1a: Farigiraf|44/100|[from] Sandstorm
|-enditem|p1a: Farigiraf|Sitrus Berry|[eat]
|-heal|p1a: Farigiraf|69/100|[from] item: Sitrus Berry
|-damage|p1b: Garchomp|7/100 brn|[from] brn
|upkeep
|inactive|Deseret Gaming has 30 seconds left.
|
|t:|1785771368
|switch|p2b: Moroni10:3-5|Hawlucha, L50, M, shiny|100/100
|-ability|p2b: Moroni10:3-5|Mold Breaker
|turn|3
|
|t:|1785771374
|move|p2b: Moroni10:3-5|Coaching|p2a: Helaman 5:12
|-boost|p2a: Helaman 5:12|atk|1
|-boost|p2a: Helaman 5:12|def|1
|move|p2a: Helaman 5:12|Rock Slide|p1b: Garchomp|[spread] p1a,p1b
|-resisted|p1b: Garchomp|1
|-crit|p1b: Garchomp
|-damage|p1a: Farigiraf|13/100
|-damage|p1b: Garchomp|0 fnt
|faint|p1b: Garchomp
|cant|p1a: Farigiraf|flinch
|
|-weather|Sandstorm|[upkeep]
|-damage|p2b: Moroni10:3-5|94/100|[from] Sandstorm
|-damage|p1a: Farigiraf|7/100|[from] Sandstorm
|upkeep
|
|t:|1785771387
|switch|p1b: Raichu|Raichu, L50, M|100/100
|turn|4
|
|t:|1785771410
|detailschange|p1b: Raichu|Raichu-Mega-Y, L50, M
|-mega|p1b: Raichu|Raichu|Raichunite Y
|move|p1b: Raichu|Focus Blast|p2a: Helaman 5:12
|-supereffective|p2a: Helaman 5:12|2
|-damage|p2a: Helaman 5:12|0 fnt
|faint|p2a: Helaman 5:12
|move|p2b: Moroni10:3-5|Coaching|p2: Helaman 5:12|[notarget]
|-fail|p2b: Moroni10:3-5
|move|p1a: Farigiraf|Thunderbolt|p2b: Moroni10:3-5
|-supereffective|p2b: Moroni10:3-5|1
|-damage|p2b: Moroni10:3-5|27/100
|
|-weather|Sandstorm|[upkeep]
|-damage|p1b: Raichu|94/100|[from] Sandstorm
|-damage|p2b: Moroni10:3-5|21/100|[from] Sandstorm
|-damage|p1a: Farigiraf|1/100|[from] Sandstorm
|upkeep
|
|t:|1785771422
|switch|p2a: Is. 29:11-12|Excadrill, L50, M, shiny|100/100
|turn|5
|
|t:|1785771440
|move|p2b: Moroni10:3-5|Feint|p1a: Farigiraf
|-damage|p1a: Farigiraf|0 fnt
|faint|p1a: Farigiraf
|move|p2a: Is. 29:11-12|Horn Drill|p1b: Raichu
|-damage|p1b: Raichu|0 fnt
|faint|p1b: Raichu
|-ohko
|
|-weather|none
|upkeep
|
|t:|1785771448
|switch|p1b: Floette|Floette-Eternal, L50, F|100/100
|turn|6
|
|t:|1785771456
|move|p2b: Moroni10:3-5|Entrainment|p1b: Floette
|-ability|p1b: Floette|Mold Breaker|Flower Veil|[from] move: Entrainment|[of] p2b: Moroni10:3-5
|-ability|p1b: Floette|Mold Breaker
|move|p1b: Floette|Dazzling Gleam|p2a: Is. 29:11-12|[spread] p2a,p2b
|-resisted|p2a: Is. 29:11-12|1
|-supereffective|p2b: Moroni10:3-5|1
|-damage|p2a: Is. 29:11-12|80/100
|-damage|p2b: Moroni10:3-5|0 fnt
|faint|p2b: Moroni10:3-5
|move|p2a: Is. 29:11-12|Iron Head|p1b: Floette
|-supereffective|p1b: Floette|1
|-damage|p1b: Floette|0 fnt
|faint|p1b: Floette
|
|win|Deseret Gaming
