|j|☆messiahhezekiah
|j|☆Alecat
|html|messiahhezekiahAlecat    
|uhtml|bestof|Game 1 of a best-of-3
|t:|1757062758
|gametype|doubles
|player|p1|messiahhezekiah|cynthia|1158
|player|p2|Alecat|scientistf|1043
|gen|9
|tier|[Gen 9] VGC 2025 Reg H (Bo3)
|rated|
|rule|Species Clause: Limit one of each Pokémon
|rule|Item Clause: Limit 1 of each item
|clearpoke
|poke|p1|Dragonite, L50, M|
|poke|p1|Gholdengo, L50|
|poke|p1|Rillaboom, L50, M|
|poke|p1|Ursaluna-Bloodmoon, L50, M|
|poke|p1|Maushold-Four, L50|
|poke|p1|Annihilape, L50, M|
|poke|p2|Pawmot, L50, F|
|poke|p2|Gyarados, L50, M|
|poke|p2|Volcarona, L50, M|
|poke|p2|Murkrow, L50, F|
|poke|p2|Incineroar, L50, F|
|poke|p2|Archaludon, L50, M|
|teampreview|4
|showteam|p1|Dragonite||LoadedDice|Multiscale|ScaleShot,Haze,Tailwind,Protect|||M|||50|,,,,,Fairy]Gholdengo||LifeOrb|GoodasGold|MakeItRain,ShadowBall,NastyPlot,Protect||||||50|,,,,,Water]Rillaboom||MiracleSeed|GrassySurge|GrassyGlide,WoodHammer,HighHorsepower,FakeOut|||M|||50|,,,,,Fire]Ursaluna-Bloodmoon||AssaultVest|MindsEye|BloodMoon,EarthPower,HyperVoice,VacuumWave|||M|||50|,,,,,Water]Maushold-Four||FocusSash|FriendGuard|BeatUp,SuperFang,FollowMe,Protect||||||50|,,,,,Ghost]Annihilape||SitrusBerry|Defiant|RageFist,DrainPunch,BulkUp,Protect|||M|||50|,,,,,Fire
|showteam|p2|Pawmot||FocusSash|VoltAbsorb|DoubleShock,Coaching,CloseCombat,Protect|||F|||50|,,,,,Electric]Gyarados||ClearAmulet|Moxie|Waterfall,DragonDance,Earthquake,Protect|||M|||50|,,,,,Ground]Volcarona||SitrusBerry|FlameBody|Overheat,StruggleBug,RagePowder,Tailwind|||M|||50|,,,,,Grass]Murkrow||Eviolite|Prankster|FoulPlay,RainDance,Tailwind,SunnyDay|||F|||50|,,,,,Dark]Incineroar||SafetyGoggles|Intimidate|FlareBlitz,FakeOut,Bulldoze,Taunt|||F|||50|,,,,,Ghost]Archaludon||PowerHerb|Stalwart|DragonTail,FlashCannon,ElectroShot,Protect|||M|||50|,,,,,Grass
|inactive|Battle timer is ON: inactive players will automatically lose when time's up. (requested by Alecat)
|inactive|messiahhezekiah has 60 seconds left.
|
|t:|1757062817
|teamsize|p1|4
|teamsize|p2|4
|start
|switch|p1a: Maushold|Maushold-Four, L50|100/100
|switch|p1b: Annihilape|Annihilape, L50, M|100/100
|switch|p2a: Archaludon|Archaludon, L50, M|100/100
|switch|p2b: Volcarona|Volcarona, L50, M|100/100
|turn|1
|inactive|messiahhezekiah has 30 seconds left.
|inactive|messiahhezekiah has 20 seconds left.
|inactive|messiahhezekiah has 15 seconds left.
|inactive|messiahhezekiah has 10 seconds left.
|
|t:|1757062864
|move|p1a: Maushold|Follow Me|p1a: Maushold
|-singleturn|p1a: Maushold|move: Follow Me
|move|p2b: Volcarona|Rage Powder|p2b: Volcarona
|-singleturn|p2b: Volcarona|move: Rage Powder
|move|p1b: Annihilape|Bulk Up|p1b: Annihilape
|-boost|p1b: Annihilape|atk|1
|-boost|p1b: Annihilape|def|1
|move|p2a: Archaludon|Electro Shot||[still]
|-prepare|p2a: Archaludon|Electro Shot
|-boost|p2a: Archaludon|spa|1
|-enditem|p2a: Archaludon|Power Herb
|-anim|p2a: Archaludon|Electro Shot|p1b: Annihilape
|-damage|p1b: Annihilape|57/100
|
|upkeep
|turn|2
|inactive|messiahhezekiah has 30 seconds left.
|inactive|messiahhezekiah has 20 seconds left.
|
|t:|1757062901
|move|p1b: Annihilape|Protect|p1b: Annihilape
|-singleturn|p1b: Annihilape|Protect
|move|p2b: Volcarona|Rage Powder|p2b: Volcarona
|-singleturn|p2b: Volcarona|move: Rage Powder
|move|p1a: Maushold|Super Fang|p2b: Volcarona
|-damage|p2b: Volcarona|50/100
|-enditem|p2b: Volcarona|Sitrus Berry|[eat]
|-heal|p2b: Volcarona|75/100|[from] item: Sitrus Berry
|move|p2a: Archaludon|Dragon Tail|p1b: Annihilape
|-activate|p1b: Annihilape|move: Protect
|
|upkeep
|turn|3
|inactive|messiahhezekiah has 30 seconds left.
|
|t:|1757062933
|move|p2b: Volcarona|Rage Powder|p2b: Volcarona
|-singleturn|p2b: Volcarona|move: Rage Powder
|move|p1a: Maushold|Super Fang|p2b: Volcarona|[miss]
|-miss|p1a: Maushold|p2b: Volcarona
|move|p1b: Annihilape|Drain Punch|p2b: Volcarona
|-resisted|p2b: Volcarona
|-damage|p2b: Volcarona|48/100
|-heal|p1b: Annihilape|69/100|[from] drain|[of] p2b: Volcarona
|move|p2a: Archaludon|Dragon Tail|p1b: Annihilape|[miss]
|-miss|p2a: Archaludon|p1b: Annihilape
|
|upkeep
|turn|4
|
|t:|1757062962
|move|p1b: Annihilape|Protect|p1b: Annihilape
|-singleturn|p1b: Annihilape|Protect
|move|p2b: Volcarona|Rage Powder|p2b: Volcarona
|-singleturn|p2b: Volcarona|move: Rage Powder
|move|p1a: Maushold|Super Fang|p2b: Volcarona|[miss]
|-miss|p1a: Maushold|p2b: Volcarona
|move|p2a: Archaludon|Dragon Tail|p1b: Annihilape
|-activate|p1b: Annihilape|move: Protect
|
|upkeep
|turn|5
|
|t:|1757062975
|move|p1a: Maushold|Super Fang|p2b: Volcarona
|-damage|p2b: Volcarona|24/100
|move|p2b: Volcarona|Struggle Bug|p1b: Annihilape|[spread] p1a,p1b
|-resisted|p1b: Annihilape
|-damage|p1a: Maushold|76/100
|-damage|p1b: Annihilape|66/100
|-unboost|p1a: Maushold|spa|1
|-unboost|p1b: Annihilape|spa|1
|-ability|p1b: Annihilape|Defiant|boost
|-boost|p1b: Annihilape|atk|2
|move|p1b: Annihilape|Drain Punch|p2b: Volcarona
|-resisted|p2b: Volcarona
|-damage|p2b: Volcarona|0 fnt
|-heal|p1b: Annihilape|76/100|[from] drain|[of] p2b: Volcarona
|faint|p2b: Volcarona
|move|p2a: Archaludon|Dragon Tail|p1b: Annihilape|[miss]
|-miss|p2a: Archaludon|p1b: Annihilape
|
|upkeep
|
|t:|1757062994
|switch|p2b: Murkrow|Murkrow, L50, F|100/100
|turn|6
|
|t:|1757063006
|move|p1a: Maushold|Follow Me|p1a: Maushold
|-singleturn|p1a: Maushold|move: Follow Me
|move|p2b: Murkrow|Rain Dance|p2b: Murkrow
|-weather|RainDance
|move|p1b: Annihilape|Drain Punch|p2a: Archaludon
|-supereffective|p2a: Archaludon
|-damage|p2a: Archaludon|0 fnt
|-heal|p1b: Annihilape|100/100|[from] drain|[of] p2a: Archaludon
|faint|p2a: Archaludon
|
|-weather|RainDance|[upkeep]
|upkeep
|
|t:|1757063014
|switch|p2a: Gyarados|Gyarados, L50, M|100/100
|turn|7
|
|t:|1757063024
|move|p1a: Maushold|Follow Me|p1a: Maushold
|-singleturn|p1a: Maushold|move: Follow Me
|move|p1b: Annihilape|Rage Fist|p2a: Gyarados
|-damage|p2a: Gyarados|0 fnt
|faint|p2a: Gyarados
|move|p2b: Murkrow|Foul Play|p1a: Maushold
|-crit|p1a: Maushold
|-damage|p1a: Maushold|29/100
|
|-weather|RainDance|[upkeep]
|upkeep
|turn|8
|-message|Alecat forfeited.
|
|win|messiahhezekiah
