|j|☆AyushXD
|j|☆Stereofloveeee
|html|AyushXDStereofloveeee    
|uhtml|bestof|Game 3 of a best-of-3
|t:|1785748682
|gametype|doubles
|player|p1|AyushXD|lucas|1266
|player|p2|Stereofloveeee|2|1214
|gen|9
|tier|[Gen 9 Champions] VGC 2026 Reg M-B (Bo3)
|rated|
|rule|Species Clause: Limit one of each Pokémon
|rule|Item Clause: Limit 1 of each item
|clearpoke
|poke|p1|Gengar, L50, M, shiny|
|poke|p1|Archaludon, L50, M|
|poke|p1|Politoed, L50, F|
|poke|p1|Swampert, L50, F|
|poke|p1|Vivillon, L50, F|
|poke|p1|Incineroar, L50, F|
|poke|p2|Excadrill, L50, F|
|poke|p2|Tyranitar, L50, F, shiny|
|poke|p2|Sinistcha, L50|
|poke|p2|Milotic, L50, F, shiny|
|poke|p2|Gholdengo, L50|
|poke|p2|Staraptor, L50, F, shiny|
|teampreview|4
|showteam|p1|Gengar||Gengarite|CursedBody|ShadowBall,SludgeBomb,PerishSong,Protect|Modest||M|||50|]Archaludon||Leftovers|Stamina|ElectroShot,DragonPulse,FlashCannon,Protect|Bold||M|||50|]Politoed||SitrusBerry|Drizzle|WeatherBall,Hypnosis,PerishSong,Protect|Calm||F|||50|]Swampert||Swampertite|Torrent|WaveCrash,Earthquake,IcePunch,Protect|Adamant||F|||50|]Vivillon||FocusSash|CompoundEyes|Hurricane,SleepPowder,RagePowder,Protect|Timid||F|||50|]Incineroar||PasshoBerry|Intimidate|ThroatChop,FakeOut,PartingShot,Protect|Impish||F|||50|
|showteam|p2|Excadrill||FocusSash|SandRush|HighHorsepower,Protect,RockSlide,IronHead|Adamant||F|||50|]Tyranitar||Tyranitarite|SandStream|RockSlide,KnockOff,Protect,LowKick|Adamant||F|||50|]Sinistcha||SitrusBerry|Hospitality|MatchaGotcha,LifeDew,RagePowder,ShadowBall|Modest|||||50|]Milotic||Leftovers|Competitive|Scald,IceBeam,IcyWind,Protect|Quiet||F|||50|]Gholdengo||LifeOrb|GoodasGold|MakeItRain,NastyPlot,ShadowBall,Protect|Timid|||||50|]Staraptor||Staraptite|Intimidate|BraveBird,CloseCombat,Tailwind,Protect|Jolly||F|||50|
|inactive|Battle timer is ON: inactive players will automatically lose when time's up. (requested by Stereofloveeee)
|
|t:|1785748774
|teamsize|p1|4
|teamsize|p2|4
|start
|switch|p1a: Swampert|Swampert, L50, F|100/100
|switch|p1b: Incineroar|Incineroar, L50, F|100/100
|switch|p2a: Gholdengo|Gholdengo, L50|100/100
|switch|p2b: Staraptor|Staraptor, L50, F, shiny|100/100
|-ability|p2b: Staraptor|Intimidate|boost
|-unboost|p1a: Swampert|atk|1
|-unboost|p1b: Incineroar|atk|1
|-ability|p1b: Incineroar|Intimidate|boost
|-unboost|p2a: Gholdengo|atk|1
|-unboost|p2b: Staraptor|atk|1
|turn|1
|inactive|AyushXD has 30 seconds left.
|
|t:|1785748799
|switch|p1a: Politoed|Politoed, L50, F|100/100
|-weather|RainDance|[from] ability: Drizzle|[of] p1a: Politoed
|detailschange|p2b: Staraptor|Staraptor-Mega, L50, F, shiny
|-mega|p2b: Staraptor|Staraptor|Staraptite
|move|p2a: Gholdengo|Protect|p2a: Gholdengo
|-singleturn|p2a: Gholdengo|Protect
|move|p1b: Incineroar|Fake Out|p2b: Staraptor
|-damage|p2b: Staraptor|93/100
|cant|p2b: Staraptor|flinch
|
|-weather|RainDance|[upkeep]
|upkeep
|turn|2
|inactive|Stereofloveeee has 30 seconds left.
|inactive|Stereofloveeee has 20 seconds left.
|inactive|Stereofloveeee has 15 seconds left.
|inactive|Stereofloveeee has 10 seconds left.
|
|t:|1785748848
|switch|p2a: Excadrill|Excadrill, L50, F|100/100
|move|p2b: Staraptor|Brave Bird|p1b: Incineroar
|-damage|p1b: Incineroar|66/100
|-damage|p2b: Staraptor|81/100|[from] Recoil
|move|p1a: Politoed|Hypnosis|p2b: Staraptor
|-status|p2b: Staraptor|slp|[from] move: Hypnosis
|move|p1b: Incineroar|Throat Chop|p2a: Excadrill
|-damage|p2a: Excadrill|70/100
|-start|p2a: Excadrill|Throat Chop|[silent]
|
|-weather|RainDance|[upkeep]
|upkeep
|turn|3
|
|t:|1785748872
|switch|p2b: Sinistcha|Sinistcha, L50|100/100
|-heal|p2a: Excadrill|95/100|[from] ability: Hospitality|[of] p2b: Sinistcha
|switch|p1b: Vivillon|Vivillon, L50, F|100/100
|move|p2a: Excadrill|High Horsepower|p1b: Vivillon
|-immune|p1b: Vivillon
|move|p1a: Politoed|Hypnosis|p2a: Excadrill
|-status|p2a: Excadrill|slp|[from] move: Hypnosis
|
|-weather|RainDance|[upkeep]
|-end|p2a: Excadrill|Throat Chop|[silent]
|upkeep
|turn|4
|inactive|Stereofloveeee has 30 seconds left.
|inactive|Stereofloveeee has 20 seconds left.
|inactive|Stereofloveeee has 15 seconds left.
|
|t:|1785748916
|switch|p2a: Gholdengo|Gholdengo, L50|100/100
|move|p1b: Vivillon|Hurricane|p2b: Sinistcha
|-supereffective|p2b: Sinistcha|1
|-damage|p2b: Sinistcha|14/100
|-enditem|p2b: Sinistcha|Sitrus Berry|[eat]
|-heal|p2b: Sinistcha|39/100|[from] item: Sitrus Berry
|move|p2b: Sinistcha|Matcha Gotcha|p1a: Politoed|[spread] p1a,p1b
|-supereffective|p1a: Politoed|1
|-resisted|p1b: Vivillon|2
|-damage|p1a: Politoed|54/100
|-heal|p2b: Sinistcha|67/100|[from] drain|[of] p1a: Politoed
|-damage|p1b: Vivillon|85/100
|-heal|p2b: Sinistcha|74/100|[from] drain|[of] p1b: Vivillon
|-status|p1b: Vivillon|brn
|move|p1a: Politoed|Weather Ball|p2a: Gholdengo
|-damage|p2a: Gholdengo|41/100
|
|-weather|RainDance|[upkeep]
|-damage|p1b: Vivillon|80/100 brn|[from] brn
|upkeep
|turn|5
|inactive|Stereofloveeee has 30 seconds left.
|inactive|Stereofloveeee has 20 seconds left.
|inactive|Stereofloveeee has 15 seconds left.
|inactive|Stereofloveeee has 10 seconds left.
|
|t:|1785748963
|switch|p2a: Staraptor|Staraptor-Mega, L50, F, shiny|81/100 slp
|switch|p2b: Excadrill|Excadrill, L50, F|95/100 slp
|move|p1b: Vivillon|Hurricane|p2b: Excadrill
|-resisted|p2b: Excadrill|1
|-damage|p2b: Excadrill|65/100 slp
|-start|p2b: Excadrill|confusion
|move|p1a: Politoed|Weather Ball|p2a: Staraptor
|-damage|p2a: Staraptor|31/100 slp
|
|-weather|none
|-damage|p1b: Vivillon|74/100 brn|[from] brn
|upkeep
|turn|6
|
|t:|1785748988
|switch|p1a: Swampert|Swampert, L50, F|100/100
|cant|p2a: Staraptor|slp
|move|p1b: Vivillon|Hurricane|p2a: Staraptor
|-supereffective|p2a: Staraptor|1
|-damage|p2a: Staraptor|0 fnt
|faint|p2a: Staraptor
|cant|p2b: Excadrill|slp
|
|-damage|p1b: Vivillon|68/100 brn|[from] brn
|upkeep
|
|t:|1785749006
|switch|p2a: Gholdengo|Gholdengo, L50|41/100
|turn|7
|
|t:|1785749024
|switch|p1b: Politoed|Politoed, L50, F|54/100
|-weather|RainDance|[from] ability: Drizzle|[of] p1b: Politoed
|detailschange|p1a: Swampert|Swampert-Mega, L50, F
|-mega|p1a: Swampert|Swampert|Swampertite
|move|p1a: Swampert|Earthquake|p2a: Gholdengo|[spread] p1b,p2a,p2b
|-supereffective|p2a: Gholdengo|1
|-supereffective|p2b: Excadrill|1
|-damage|p1b: Politoed|10/100
|-damage|p2a: Gholdengo|0 fnt
|-damage|p2b: Excadrill|0 fnt
|-enditem|p1b: Politoed|Sitrus Berry|[eat]
|-heal|p1b: Politoed|35/100|[from] item: Sitrus Berry
|faint|p2a: Gholdengo
|faint|p2b: Excadrill
|
|-weather|RainDance|[upkeep]
|upkeep
|
|t:|1785749035
|switch|p2b: Sinistcha|Sinistcha, L50|74/100
|turn|8
|-message|Stereofloveeee forfeited.
|raw|AyushXD's rating: 1266 → 1287(+21 for winning)
|raw|Stereofloveeee's rating: 1214 → 1193(-21 for losing)
|
|win|AyushXD
|l|☆Stereofloveeee
|player|p2|
