|j|☆LastHorzion
|j|☆PikaTROD
|html|LastHorzionPikaTROD    
|uhtml|bestof|Game 3 of a best-of-3
|t:|1755202228
|gametype|doubles
|player|p1|LastHorzion|steven|1256
|player|p2|PikaTROD|169|1260
|gen|9
|tier|[Gen 9] VGC 2025 Reg H (Bo3)
|rated|
|rule|Species Clause: Limit one of each Pokémon
|rule|Item Clause: Limit 1 of each item
|clearpoke
|poke|p1|Sneasler, L50, M|
|poke|p1|Indeedee, L50, M|
|poke|p1|Ursaluna-Bloodmoon, L50, M|
|poke|p1|Whimsicott, L50, M|
|poke|p1|Typhlosion-Hisui, L50, M|
|poke|p1|Dragonite, L50, F|
|poke|p2|Kingambit, L50, F|
|poke|p2|Primarina, L50, M|
|poke|p2|Sneasler, L50, F|
|poke|p2|Magmar, L50, M|
|poke|p2|Rillaboom, L50, F|
|poke|p2|Dragapult, L50, F|
|teampreview|4
|showteam|p1|Sneasler||PsychicSeed|Unburden|CloseCombat,DireClaw,ThroatChop,Protect|||M|||50|,,,,,Dark]Indeedee||FocusSash|PsychicSurge|ExpandingForce,TeraBlast,Imprison,TrickRoom|||M|||50|,,,,,Ground]Ursaluna-Bloodmoon||LifeOrb|MindsEye|BloodMoon,EarthPower,HyperVoice,Protect|||M|||50|,,,,,Normal]Whimsicott||CovertCloak|Prankster|Tailwind,Moonblast,Encore,SunnyDay|||M|||50|,,,,,Water]Typhlosion-Hisui||ChoiceScarf|Blaze|Eruption,Curse,HeatWave,ShadowBall|||M|||50|,,,,,Fire]Dragonite||LoadedDice|Multiscale|ScaleShot,StompingTantrum,Haze,Protect|||F|||50|,,,,,Fairy
|showteam|p2|Kingambit||BlackGlasses|Defiant|KowtowCleave,SuckerPunch,SwordsDance,Protect|||F|||50|,,,,,Dark]Primarina||SitrusBerry|LiquidVoice|HyperVoice,Moonblast,Haze,Protect|||M|||50|,,,,,Poison]Sneasler||FocusSash|PoisonTouch|CloseCombat,DireClaw,FakeOut,Protect|||F|||50|,,,,,Ghost]Magmar||Eviolite|VitalSpirit|Overheat,WillOWisp,FollowMe,Protect|||M|||50|,,,,,Ghost]Rillaboom||AssaultVest|GrassySurge|WoodHammer,GrassyGlide,HighHorsepower,FakeOut|||F|||50|,,,,,Fire]Dragapult||ChoiceBand|ClearBody|DragonDarts,PhantomForce,Outrage,Uturn|||F|||50|,,,,,Dragon
|inactive|Battle timer is ON: inactive players will automatically lose when time's up. (requested by LastHorzion)
|inactive|PikaTROD has 60 seconds left.
|inactive|PikaTROD has 30 seconds left.
|
|t:|1755202298
|teamsize|p1|4
|teamsize|p2|4
|start
|switch|p1a: Sneasler|Sneasler, L50, M|100/100
|switch|p1b: Indeedee|Indeedee, L50, M, shiny|100/100
|switch|p2a: Magmar|Magmar, L50, M|100/100
|switch|p2b: Sneasler|Sneasler, L50, F|100/100
|-fieldstart|move: Psychic Terrain|[from] ability: Psychic Surge|[of] p1b: Indeedee
|-enditem|p1a: Sneasler|Psychic Seed
|-boost|p1a: Sneasler|spd|1|[from] item: Psychic Seed
|turn|1
|inactive|PikaTROD has 30 seconds left.
|
|t:|1755202333
|switch|p2a: Rillaboom|Rillaboom, L50, F|100/100
|-fieldstart|move: Grassy Terrain|[from] ability: Grassy Surge|[of] p2a: Rillaboom
|move|p2b: Sneasler|Fake Out|p1b: Indeedee
|-damage|p1b: Indeedee|70/100
|move|p1a: Sneasler|Dire Claw|p2a: Rillaboom
|-supereffective|p2a: Rillaboom
|-damage|p2a: Rillaboom|9/100
|-status|p2a: Rillaboom|par
|cant|p1b: Indeedee|flinch
|
|-heal|p1b: Indeedee|76/100|[from] Grassy Terrain
|-heal|p2a: Rillaboom|15/100 par|[from] Grassy Terrain
|upkeep
|turn|2
|
|t:|1755202358
|switch|p1b: Whimsicott|Whimsicott, L50, M|100/100
|move|p2a: Rillaboom|Fake Out|p1a: Sneasler
|-damage|p1a: Sneasler|79/100
|cant|p1a: Sneasler|flinch
|move|p2b: Sneasler|Close Combat|p1b: Whimsicott
|-resisted|p1b: Whimsicott
|-damage|p1b: Whimsicott|64/100
|-unboost|p2b: Sneasler|def|1
|-unboost|p2b: Sneasler|spd|1
|
|-heal|p1a: Sneasler|85/100|[from] Grassy Terrain
|-heal|p1b: Whimsicott|70/100|[from] Grassy Terrain
|-heal|p2a: Rillaboom|20/100 par|[from] Grassy Terrain
|upkeep
|turn|3
|inactive|LastHorzion has 30 seconds left.
|inactive|PikaTROD has 30 seconds left.
|inactive|LastHorzion has 20 seconds left.
|inactive|LastHorzion has 15 seconds left.
|
|t:|1755202399
|-terastallize|p1a: Sneasler|Dark
|move|p2b: Sneasler|Protect|p2b: Sneasler
|-singleturn|p2b: Sneasler|Protect
|move|p1b: Whimsicott|Tailwind|p1b: Whimsicott
|-sidestart|p1: LastHorzion|move: Tailwind
|move|p1a: Sneasler|Dire Claw|p2b: Sneasler
|-activate|p2b: Sneasler|move: Protect
|move|p2a: Rillaboom|High Horsepower|p1a: Sneasler|[miss]
|-miss|p2a: Rillaboom|p1a: Sneasler
|
|-heal|p1a: Sneasler|91/100|[from] Grassy Terrain
|-heal|p1b: Whimsicott|76/100|[from] Grassy Terrain
|-heal|p2a: Rillaboom|26/100 par|[from] Grassy Terrain
|upkeep
|turn|4
|
|t:|1755202423
|switch|p2b: Magmar|Magmar, L50, M|100/100
|move|p1b: Whimsicott|Encore||[still]
|-fail|p1b: Whimsicott
|move|p1a: Sneasler|Dire Claw|p2a: Rillaboom
|-supereffective|p2a: Rillaboom
|-damage|p2a: Rillaboom|0 fnt
|faint|p2a: Rillaboom
|
|-heal|p1a: Sneasler|97/100|[from] Grassy Terrain
|-heal|p1b: Whimsicott|82/100|[from] Grassy Terrain
|upkeep
|
|t:|1755202431
|switch|p2a: Sneasler|Sneasler, L50, F|100/100
|turn|5
|inactive|LastHorzion has 30 seconds left.
|inactive|LastHorzion has 20 seconds left.
|inactive|LastHorzion has 15 seconds left.
|inactive|LastHorzion has 10 seconds left.
|
|t:|1755202481
|move|p1a: Sneasler|Protect|p1a: Sneasler
|-singleturn|p1a: Sneasler|Protect
|move|p2b: Magmar|Follow Me|p2b: Magmar
|-singleturn|p2b: Magmar|move: Follow Me
|move|p1b: Whimsicott|Moonblast|p2b: Magmar
|-resisted|p2b: Magmar
|-damage|p2b: Magmar|91/100
|-unboost|p2b: Magmar|spa|1
|move|p2a: Sneasler|Dire Claw|p1b: Whimsicott
|-supereffective|p1b: Whimsicott
|-damage|p1b: Whimsicott|0 fnt
|faint|p1b: Whimsicott
|
|-heal|p1a: Sneasler|100/100|[from] Grassy Terrain
|-heal|p2b: Magmar|97/100|[from] Grassy Terrain
|-fieldend|move: Grassy Terrain
|upkeep
|
|t:|1755202497
|switch|p1b: Indeedee|Indeedee, L50, M, shiny|76/100
|-fieldstart|move: Psychic Terrain|[from] ability: Psychic Surge|[of] p1b: Indeedee
|turn|6
|inactive|LastHorzion has 30 seconds left.
|inactive|PikaTROD has 30 seconds left.
|inactive|LastHorzion has 20 seconds left.
|inactive|PikaTROD has 20 seconds left.
|inactive|PikaTROD has 15 seconds left.
|inactive|PikaTROD has 10 seconds left.
|
|t:|1755202542
|move|p2b: Magmar|Follow Me|p2b: Magmar
|-singleturn|p2b: Magmar|move: Follow Me
|move|p1a: Sneasler|Dire Claw|p2b: Magmar
|-damage|p2b: Magmar|62/100
|move|p1b: Indeedee|Expanding Force|p2b: Magmar|[spread] p2a,p2b
|-supereffective|p2a: Sneasler
|-enditem|p2a: Sneasler|Focus Sash
|-damage|p2a: Sneasler|1/100
|-damage|p2b: Magmar|21/100
|move|p2a: Sneasler|Close Combat|p1a: Sneasler
|-supereffective|p1a: Sneasler
|-damage|p1a: Sneasler|0 fnt
|-unboost|p2a: Sneasler|def|1
|-unboost|p2a: Sneasler|spd|1
|faint|p1a: Sneasler
|
|-sideend|p1: LastHorzion|move: Tailwind
|upkeep
|
|t:|1755202554
|switch|p1a: Ursaluna|Ursaluna-Bloodmoon, L50, M|100/100
|turn|7
|inactive|PikaTROD has 30 seconds left.
|
|t:|1755202588
|move|p2b: Magmar|Protect|p2b: Magmar
|-singleturn|p2b: Magmar|Protect
|move|p2a: Sneasler|Close Combat|p1b: Indeedee
|-damage|p1b: Indeedee|0 fnt
|-unboost|p2a: Sneasler|def|1
|-unboost|p2a: Sneasler|spd|1
|faint|p1b: Indeedee
|move|p1a: Ursaluna|Hyper Voice|p2a: Sneasler|[spread] p2a
|-activate|p2b: Magmar|move: Protect
|-damage|p2a: Sneasler|0 fnt
|faint|p2a: Sneasler
|-damage|p1a: Ursaluna|91/100|[from] item: Life Orb
|
|upkeep
|
|t:|1755202594
|switch|p2a: Kingambit|Kingambit, L50, F|100/100
|turn|8
|inactive|LastHorzion has 30 seconds left.
|inactive|PikaTROD has 30 seconds left.
|inactive|PikaTROD has 20 seconds left.
|inactive|PikaTROD has 15 seconds left.
|inactive|PikaTROD has 10 seconds left.
|
|t:|1755202643
|-terastallize|p2a: Kingambit|Dark
|move|p2b: Magmar|Follow Me|p2b: Magmar
|-singleturn|p2b: Magmar|move: Follow Me
|move|p1a: Ursaluna|Hyper Voice|p2a: Kingambit|[spread] p2a,p2b
|-damage|p2a: Kingambit|54/100
|-damage|p2b: Magmar|0 fnt
|faint|p2b: Magmar
|-damage|p1a: Ursaluna|81/100|[from] item: Life Orb
|move|p2a: Kingambit|Kowtow Cleave|p1a: Ursaluna
|-damage|p1a: Ursaluna|17/100
|
|upkeep
|turn|9
|
|t:|1755202667
|move|p2a: Kingambit|Protect|p2a: Kingambit
|-singleturn|p2a: Kingambit|Protect
|move|p1a: Ursaluna|Earth Power|p2a: Kingambit
|-activate|p2a: Kingambit|move: Protect
|
|upkeep
|turn|10
|
|t:|1755202672
|move|p2a: Kingambit|Protect||[still]
|-fail|p2a: Kingambit
|move|p1a: Ursaluna|Blood Moon|p2a: Kingambit
|-damage|p2a: Kingambit|0 fnt
|faint|p2a: Kingambit
|-damage|p1a: Ursaluna|7/100|[from] item: Life Orb
|
|win|LastHorzion
|raw|LastHorzion's rating: 1256 → 1281(+25 for winning)
|raw|PikaTROD's rating: 1260 → 1235(-25 for losing)
|c|☆PikaTROD|gg
|c|☆LastHorzion|ggs
|l|☆PikaTROD
|player|p2|
