|j|☆lald3n
|j|☆CharmanditoABM
|html|lald3nCharmanditoABM    
|uhtml|bestof|Game 1 of a best-of-3
|t:|1784908309
|gametype|doubles
|player|p1|lald3n|iris-gen5bw2|1113
|player|p2|CharmanditoABM|wallace|1162
|gen|9
|tier|[Gen 9 Champions] VGC 2026 Reg M-B (Bo3)
|rated|
|rule|Species Clause: Limit one of each Pokémon
|rule|Item Clause: Limit 1 of each item
|clearpoke
|poke|p1|Ceruledge, L50, M|
|poke|p1|Incineroar, L50, F|
|poke|p1|Froslass, L50, F|
|poke|p1|Overqwil, L50, F|
|poke|p1|Sylveon, L50, F, shiny|
|poke|p1|Kommo-o, L50, F|
|poke|p2|Tyranitar, L50, F|
|poke|p2|Excadrill, L50, F|
|poke|p2|Basculegion, L50, M|
|poke|p2|Sinistcha, L50|
|poke|p2|Incineroar, L50, M|
|poke|p2|Floette-Eternal, L50, F|
|teampreview|4
|showteam|p1|Ceruledge||BigRoot|FlashFire|PsychUp,BulkUp,BitterBlade,ShadowSneak|Jolly||M|||50|]Incineroar||SitrusBerry|Intimidate|FakeOut,PartingShot,WillOWisp,FlareBlitz|Careful||F|||50|]Froslass||Froslassite|CursedBody|AuroraVeil,Blizzard,PsychUp,Protect|Timid||F|||50|]Overqwil||Leftovers|Intimidate|Minimize,Substitute,BarbBarrage,Spite|Jolly||F|||50|]Sylveon||FairyFeather|Pixilate|CalmMind,HyperBeam,HyperVoice,Yawn|Modest||F|||50|]Kommo-o|||Soundproof|BodyPress,IronDefense,AuraSphere,ClangingScales|Timid||F|||50|
|showteam|p2|Tyranitar||Tyranitarite|SandStream|RockSlide,KnockOff,IcePunch,Protect|Adamant||F|||50|]Excadrill||FocusSash|SandRush|SwordsDance,HighHorsepower,IronHead,RockSlide|Adamant||F|||50|]Basculegion||ChoiceScarf|Adaptability|FlipTurn,WaveCrash,LastRespects,AquaJet|Jolly||M|||50|]Sinistcha||Leftovers|Hospitality|RagePowder,LifeDew,MatchaGotcha,TrickRoom|Bold|||||50|]Incineroar||SitrusBerry|Intimidate|FakeOut,PartingShot,FlareBlitz,ThroatChop|Careful||M|||50|]Floette-Eternal||Floettite|FlowerVeil|CalmMind,Moonblast,DazzlingGleam,Protect|Modest||F|||50|
|inactive|Battle timer is ON: inactive players will automatically lose when time's up. (requested by CharmanditoABM)
|
|t:|1784908329
|teamsize|p1|4
|teamsize|p2|4
|start
|switch|p1a: Froslass|Froslass, L50, F|100/100
|switch|p1b: trans rights|Sylveon, L50, F, shiny|100/100
|switch|p2a: Tyranitar|Tyranitar, L50, F|100/100
|switch|p2b: Excadrill|Excadrill, L50, F|100/100
|-weather|Sandstorm|[from] ability: Sand Stream|[of] p2a: Tyranitar
|turn|1
|inactive|CharmanditoABM has 30 seconds left.
|
|t:|1784908360
|switch|p1b: Incineroar|Incineroar, L50, F|100/100
|-ability|p1b: Incineroar|Intimidate|boost
|-unboost|p2a: Tyranitar|atk|1
|-unboost|p2b: Excadrill|atk|1
|detailschange|p2a: Tyranitar|Tyranitar-Mega, L50, F
|-mega|p2a: Tyranitar|Tyranitar|Tyranitarite
|move|p1a: Froslass|Protect|p1a: Froslass
|-singleturn|p1a: Froslass|Protect
|move|p2b: Excadrill|Iron Head|p1b: Incineroar
|-resisted|p1b: Incineroar|1
|-damage|p1b: Incineroar|85/100
|move|p2a: Tyranitar|Rock Slide|p1b: Incineroar|[spread] p1b
|-activate|p1a: Froslass|move: Protect
|-supereffective|p1b: Incineroar|1
|-damage|p1b: Incineroar|40/100
|-enditem|p1b: Incineroar|Sitrus Berry|[eat]
|-heal|p1b: Incineroar|65/100|[from] item: Sitrus Berry
|
|-weather|Sandstorm|[upkeep]
|-damage|p1a: Froslass|93/100|[from] Sandstorm
|-damage|p1b: Incineroar|59/100|[from] Sandstorm
|upkeep
|turn|2
|
|t:|1784908367
|switch|p2b: Basculegion|Basculegion, L50, M|100/100
|switch|p2a: Sinistcha|Sinistcha, L50|100/100
|detailschange|p1a: Froslass|Froslass-Mega, L50, F
|-mega|p1a: Froslass|Froslass|Froslassite
|-weather|Snowscape|[from] ability: Snow Warning|[of] p1a: Froslass
|move|p1a: Froslass|Aurora Veil|p1a: Froslass
|-sidestart|p1: lald3n|move: Aurora Veil
|move|p1b: Incineroar|Will-O-Wisp|p2b: Basculegion
|-status|p2b: Basculegion|brn
|
|-weather|Snowscape|[upkeep]
|-damage|p2b: Basculegion|93/100 brn|[from] brn
|upkeep
|turn|3
|
|t:|1784908380
|move|p2b: Basculegion|Flip Turn|p1b: Incineroar
|-supereffective|p1b: Incineroar|1
|-damage|p1b: Incineroar|34/100
|
|t:|1784908384
|switch|p2b: Tyranitar|Tyranitar-Mega, L50, F|100/100|[from] Flip Turn
|-weather|Sandstorm|[from] ability: Sand Stream|[of] p2b: Tyranitar
|move|p1a: Froslass|Blizzard|p2b: Tyranitar|[spread] p2a,p2b
|-supereffective|p2a: Sinistcha|1
|-damage|p2a: Sinistcha|17/100
|-damage|p2b: Tyranitar|83/100
|move|p2a: Sinistcha|Matcha Gotcha|p1b: Incineroar|[spread] p1a,p1b
|-resisted|p1b: Incineroar|1
|-damage|p1a: Froslass|78/100
|-heal|p2a: Sinistcha|25/100|[from] drain|[of] p1a: Froslass
|-damage|p1b: Incineroar|28/100
|-heal|p2a: Sinistcha|29/100|[from] drain|[of] p1b: Incineroar
|move|p1b: Incineroar|Parting Shot|p2a: Sinistcha
|-unboost|p2a: Sinistcha|atk|1
|-unboost|p2a: Sinistcha|spa|1
|
|t:|1784908393
|switch|p1b: trans rights|Sylveon, L50, F, shiny|100/100|[from] Parting Shot
|
|-weather|Sandstorm|[upkeep]
|-damage|p1a: Froslass|72/100|[from] Sandstorm
|-damage|p2a: Sinistcha|23/100|[from] Sandstorm
|-damage|p1b: trans rights|94/100|[from] Sandstorm
|-heal|p2a: Sinistcha|29/100|[from] item: Leftovers
|upkeep
|turn|4
|
|t:|1784908404
|switch|p1a: Incineroar|Incineroar, L50, F|28/100
|-ability|p1a: Incineroar|Intimidate|boost
|-unboost|p2a: Sinistcha|atk|1
|-unboost|p2b: Tyranitar|atk|1
|move|p2a: Sinistcha|Rage Powder|p2a: Sinistcha
|-singleturn|p2a: Sinistcha|move: Rage Powder
|move|p2b: Tyranitar|Rock Slide|p1b: trans rights|[spread] 
|-miss|p2b: Tyranitar|p1a: Incineroar
|-miss|p2b: Tyranitar|p1b: trans rights
|move|p1b: trans rights|Hyper Voice|p2a: Sinistcha|[spread] p2a,p2b
|-supereffective|p2b: Tyranitar|1
|-damage|p2a: Sinistcha|0 fnt
|-damage|p2b: Tyranitar|39/100
|faint|p2a: Sinistcha
|
|-weather|Sandstorm|[upkeep]
|-damage|p1a: Incineroar|22/100|[from] Sandstorm
|-damage|p1b: trans rights|88/100|[from] Sandstorm
|upkeep
|
|t:|1784908415
|switch|p2a: Excadrill|Excadrill, L50, F|100/100
|turn|5
|
|t:|1784908421
|move|p2a: Excadrill|Iron Head|p1b: trans rights
|-supereffective|p1b: trans rights|1
|-damage|p1b: trans rights|6/100
|move|p2b: Tyranitar|Rock Slide|p1a: Incineroar|[spread] p1b
|-miss|p2b: Tyranitar|p1a: Incineroar
|-damage|p1b: trans rights|0 fnt
|faint|p1b: trans rights
|move|p1a: Incineroar|Will-O-Wisp|p2a: Excadrill
|-status|p2a: Excadrill|brn
|
|-weather|Sandstorm|[upkeep]
|-damage|p1a: Incineroar|16/100|[from] Sandstorm
|-damage|p2a: Excadrill|94/100 brn|[from] brn
|upkeep
|
|t:|1784908427
|switch|p1b: Froslass|Froslass-Mega, L50, F|72/100
|-weather|Snowscape|[from] ability: Snow Warning|[of] p1b: Froslass
|turn|6
|
|t:|1784908434
|switch|p2b: Basculegion|Basculegion, L50, M|93/100 brn
|move|p1b: Froslass|Blizzard|p2b: Basculegion|[spread] p2a,p2b
|-resisted|p2b: Basculegion|1
|-damage|p2a: Excadrill|43/100 brn
|-damage|p2b: Basculegion|72/100 brn
|move|p2a: Excadrill|Swords Dance|p2a: Excadrill
|-boost|p2a: Excadrill|atk|2
|move|p1a: Incineroar|Will-O-Wisp|p2b: Basculegion
|-fail|p2b: Basculegion|brn
|
|-weather|Snowscape|[upkeep]
|-damage|p2b: Basculegion|65/100 brn|[from] brn
|-damage|p2a: Excadrill|37/100 brn|[from] brn
|-sideend|p1: lald3n|move: Aurora Veil
|upkeep
|turn|7
|
|t:|1784908446
|switch|p2b: Tyranitar|Tyranitar-Mega, L50, F|39/100
|-weather|Sandstorm|[from] ability: Sand Stream|[of] p2b: Tyranitar
|switch|p1b: Overqwil|Overqwil, L50, F|100/100
|-ability|p1b: Overqwil|Intimidate|boost
|-unboost|p2a: Excadrill|atk|1
|-unboost|p2b: Tyranitar|atk|1
|move|p2a: Excadrill|Iron Head|p1b: Overqwil
|-damage|p1b: Overqwil|68/100
|move|p1a: Incineroar|Parting Shot|p2a: Excadrill
|-unboost|p2a: Excadrill|atk|1
|-unboost|p2a: Excadrill|spa|1
|
|t:|1784908451
|switch|p1a: Froslass|Froslass-Mega, L50, F|72/100|[from] Parting Shot
|-weather|Snowscape|[from] ability: Snow Warning|[of] p1a: Froslass
|
|-weather|Snowscape|[upkeep]
|-heal|p1b: Overqwil|74/100|[from] item: Leftovers
|-damage|p2a: Excadrill|32/100 brn|[from] brn
|upkeep
|turn|8
|
|t:|1784908467
|switch|p2b: Basculegion|Basculegion, L50, M|65/100 brn
|move|p1a: Froslass|Blizzard|p2b: Basculegion|[spread] p2a,p2b
|-resisted|p2b: Basculegion|1
|-damage|p2a: Excadrill|0 fnt
|-damage|p2b: Basculegion|43/100 brn
|faint|p2a: Excadrill
|move|p1b: Overqwil|Minimize|p1b: Overqwil
|-boost|p1b: Overqwil|evasion|2
|
|-weather|Snowscape|[upkeep]
|-heal|p1b: Overqwil|80/100|[from] item: Leftovers
|-damage|p2b: Basculegion|37/100 brn|[from] brn
|upkeep
|
|t:|1784908472
|switch|p2a: Tyranitar|Tyranitar-Mega, L50, F|39/100
|-weather|Sandstorm|[from] ability: Sand Stream|[of] p2a: Tyranitar
|turn|9
|
|t:|1784908480
|switch|p1a: Incineroar|Incineroar, L50, F|16/100
|-ability|p1a: Incineroar|Intimidate|boost
|-unboost|p2a: Tyranitar|atk|1
|-unboost|p2b: Basculegion|atk|1
|move|p2b: Basculegion|Wave Crash|p1b: Overqwil
|-damage|p1b: Overqwil|56/100
|-damage|p2b: Basculegion|29/100 brn|[from] Recoil
|move|p1b: Overqwil|Minimize|p1b: Overqwil
|-boost|p1b: Overqwil|evasion|2
|move|p2a: Tyranitar|Knock Off|p1a: Incineroar
|-resisted|p1a: Incineroar|1
|-damage|p1a: Incineroar|3/100
|
|-weather|Sandstorm|[upkeep]
|-damage|p2b: Basculegion|23/100 brn|[from] Sandstorm
|-damage|p1b: Overqwil|50/100g|[from] Sandstorm
|-damage|p1a: Incineroar|0 fnt|[from] Sandstorm
|faint|p1a: Incineroar
|-heal|p1b: Overqwil|56/100|[from] item: Leftovers
|-damage|p2b: Basculegion|17/100 brn|[from] brn
|upkeep
|
|t:|1784908482
|switch|p1a: Froslass|Froslass-Mega, L50, F|72/100
|-weather|Snowscape|[from] ability: Snow Warning|[of] p1a: Froslass
|turn|10
|
|t:|1784908492
|move|p2b: Basculegion|Wave Crash|p1a: Froslass
|-damage|p1a: Froslass|49/100
|-damage|p2b: Basculegion|10/100 brn|[from] Recoil
|move|p1a: Froslass|Blizzard|p2a: Tyranitar|[spread] p2a,p2b
|-resisted|p2b: Basculegion|1
|-damage|p2a: Tyranitar|11/100
|-damage|p2b: Basculegion|0 fnt
|faint|p2b: Basculegion
|move|p1b: Overqwil|Minimize|p1b: Overqwil
|-boost|p1b: Overqwil|evasion|2
|move|p2a: Tyranitar|Knock Off|p1a: Froslass
|-supereffective|p1a: Froslass|1
|-damage|p1a: Froslass|0 fnt
|faint|p1a: Froslass
|
|-weather|Snowscape|[upkeep]
|-heal|p1b: Overqwil|61/100|[from] item: Leftovers
|upkeep
|turn|11
|
|t:|1784908500
|move|p1b: Overqwil|Substitute|p1b: Overqwil
|-start|p1b: Overqwil|Substitute
|-damage|p1b: Overqwil|37/100
|move|p2a: Tyranitar|Rock Slide|p1b: Overqwil|[miss]
|-miss|p2a: Tyranitar|p1b: Overqwil
|
|-weather|Snowscape|[upkeep]
|-heal|p1b: Overqwil|42/100|[from] item: Leftovers
|upkeep
|turn|12
|
|t:|1784908504
|move|p1b: Overqwil|Spite|p2a: Tyranitar
|-activate|p2a: Tyranitar|move: Spite|Rock Slide|4
|move|p2a: Tyranitar|Rock Slide|p1b: Overqwil|[miss]
|-miss|p2a: Tyranitar|p1b: Overqwil
|
|-weather|Snowscape|[upkeep]
|-heal|p1b: Overqwil|48/100|[from] item: Leftovers
|upkeep
|turn|13
|
|t:|1784908511
|move|p1b: Overqwil|Spite|p2a: Tyranitar
|-activate|p2a: Tyranitar|move: Spite|Rock Slide|3
|move|p2a: Tyranitar|Ice Punch|p1b: Overqwil
|-activate|p1b: Overqwil|move: Substitute|[damage]
|
|-weather|Snowscape|[upkeep]
|-heal|p1b: Overqwil|54/100|[from] item: Leftovers
|upkeep
|turn|14
|
|t:|1784908520
|move|p1b: Overqwil|Spite|p2a: Tyranitar
|-activate|p2a: Tyranitar|move: Spite|Ice Punch|4
|move|p2a: Tyranitar|Ice Punch|p1b: Overqwil
|-end|p1b: Overqwil|Substitute
|
|-weather|none
|-heal|p1b: Overqwil|60/100|[from] item: Leftovers
|upkeep
|turn|15
|
|t:|1784908534
|move|p1b: Overqwil|Substitute|p1b: Overqwil
|-start|p1b: Overqwil|Substitute
|-damage|p1b: Overqwil|35/100
|move|p2a: Tyranitar|Ice Punch|p1b: Overqwil
|-activate|p1b: Overqwil|move: Substitute|[damage]
|
|-heal|p1b: Overqwil|41/100|[from] item: Leftovers
|upkeep
|turn|16
|c|☆CharmanditoABM|just click barb barrage
|c|☆lald3n|yes sir
|
|t:|1784908554
|move|p1b: Overqwil|Barb Barrage|p2a: Tyranitar
|-resisted|p2a: Tyranitar|1
|-damage|p2a: Tyranitar|4/100
|move|p2a: Tyranitar|Knock Off|p1b: Overqwil|[miss]
|-miss|p2a: Tyranitar|p1b: Overqwil
|
|-heal|p1b: Overqwil|47/100|[from] item: Leftovers
|upkeep
|turn|17
|
|t:|1784908566
|move|p1b: Overqwil|Barb Barrage|p2a: Tyranitar
|-resisted|p2a: Tyranitar|1
|-damage|p2a: Tyranitar|0 fnt
|faint|p2a: Tyranitar
|
|win|lald3n
||lald3n is ready for game 2.
||CharmanditoABM is ready for game 2.
|uhtml|next|Next: Game 2 of 3
|l|☆lald3n
|player|p1|
