|j|☆FrancoilCieco777
|j|☆psychic system
|html|FrancoilCieco777psychic system    
|uhtml|bestof|Game 2 of a best-of-3
|t:|1757005043
|gametype|doubles
|player|p1|FrancoilCieco777|baker|1138
|player|p2|psychic system|lucas|1120
|gen|9
|tier|[Gen 9] VGC 2025 Reg H (Bo3)
|rated|
|rule|Species Clause: Limit one of each Pokémon
|rule|Item Clause: Limit 1 of each item
|clearpoke
|poke|p1|Volcarona, L50, F|
|poke|p1|Electabuzz, L50, M|
|poke|p1|Sneasler, L50, M|
|poke|p1|Kingambit, L50, M|
|poke|p1|Dragonite, L50, M|
|poke|p1|Rillaboom, L50, M|
|poke|p2|Rillaboom, L50, F|
|poke|p2|Florges, L50, F|
|poke|p2|Amoonguss, L50, M|
|poke|p2|Kingambit, L50, F|
|poke|p2|Incineroar, L50, F|
|poke|p2|Pelipper, L50, M|
|teampreview|4
|showteam|p1|Volcarona||CovertCloak|FlameBody|HeatWave,TeraBlast,QuiverDance,Protect|||F|||50|,,,,,Fairy]Electabuzz||Eviolite|VitalSpirit|Thunderbolt,FollowMe,Taunt,Protect|||M|||50|,,,,,Ghost]Sneasler||FocusSash|Unburden|FakeOut,CloseCombat,DireClaw,Coaching|||M|||50|,,,,,Stellar]Kingambit||BlackGlasses|Defiant|KowtowCleave,SuckerPunch,SwordsDance,Protect|||M|||50|,,,,,Dark]Dragonite||LoadedDice|Multiscale|ScaleShot,ExtremeSpeed,Haze,Protect|||M|||50|,,,,,Normal]Rillaboom||AssaultVest|GrassySurge|WoodHammer,GrassyGlide,HighHorsepower,FakeOut|||M|||50|,,,,,Fire
|showteam|p2|Rillaboom||AssaultVest|GrassySurge|FakeOut,GrassyGlide,DrumBeating,Uturn|||F|||50|,,,,,Fire]Florges||Leftovers|FlowerVeil|Moonblast,DazzlingGleam,CalmMind,Protect|||F|||50|,,,,,Grass]Amoonguss||SitrusBerry|Regenerator|ClearSmog,Spore,PollenPuff,RagePowder|||M|||50|,,,,,Water]Kingambit||BlackGlasses|Defiant|Protect,KowtowCleave,SuckerPunch,SwordsDance|||F|||50|,,,,,Ghost]Incineroar||SafetyGoggles|Intimidate|FakeOut,KnockOff,FlareBlitz,PartingShot|||F|||50|,,,,,Ghost]Pelipper||ChoiceScarf|Drizzle|MuddyWater,Hurricane,IcyWind,WeatherBall|||M|||50|,,,,,Water
|inactive|Battle timer is ON: inactive players will automatically lose when time's up. (requested by FrancoilCieco777)
|inactive|FrancoilCieco777 has 60 seconds left.
|inactive|FrancoilCieco777 has 30 seconds left.
|inactive|FrancoilCieco777 has 20 seconds left.
|inactive|FrancoilCieco777 has 15 seconds left.
|inactive|FrancoilCieco777 has 10 seconds left.
|inactive|FrancoilCieco777 has 5 seconds left.
|
|t:|1757005134
|teamsize|p1|4
|teamsize|p2|4
|start
|switch|p1a: Volcarona|Volcarona, L50, F|100/100
|switch|p1b: Electabuzz|Electabuzz, L50, M|100/100
|switch|p2a: Florges|Florges, L50, F|100/100
|switch|p2b: Amoonguss|Amoonguss, L50, M|100/100
|turn|1
|inactive|FrancoilCieco777 has 30 seconds left.
|inactive|psychic system has 30 seconds left.
|inactive|FrancoilCieco777 has 20 seconds left.
|inactive|FrancoilCieco777 has 15 seconds left.
|inactive|FrancoilCieco777 has 10 seconds left.
|inactive|FrancoilCieco777 has 5 seconds left.
|
|t:|1757005189
|move|p1a: Volcarona|Heat Wave|p2a: Florges|[spread] p2a,p2b
|-supereffective|p2b: Amoonguss
|-damage|p2a: Florges|74/100
|-damage|p2b: Amoonguss|30/100
|-enditem|p2b: Amoonguss|Sitrus Berry|[eat]
|-heal|p2b: Amoonguss|54/100|[from] item: Sitrus Berry
|move|p1b: Electabuzz|Thunderbolt|p2a: Florges
|-damage|p2a: Florges|52/100
|move|p2a: Florges|Calm Mind|p2a: Florges
|-boost|p2a: Florges|spa|1
|-boost|p2a: Florges|spd|1
|move|p2b: Amoonguss|Spore|p1a: Volcarona
|-status|p1a: Volcarona|slp|[from] move: Spore
|
|-heal|p2a: Florges|58/100|[from] item: Leftovers
|upkeep
|turn|2
|inactive|FrancoilCieco777 has 30 seconds left.
|inactive|FrancoilCieco777 has 20 seconds left.
|inactive|FrancoilCieco777 has 15 seconds left.
|inactive|FrancoilCieco777 has 10 seconds left.
|inactive|FrancoilCieco777 has 5 seconds left.
|
|t:|1757005244
|switch|p2b: Incineroar|Incineroar, L50, F|100/100
|-ability|p2b: Incineroar|Intimidate|boost
|-unboost|p1a: Volcarona|atk|1
|-unboost|p1b: Electabuzz|atk|1
|cant|p1a: Volcarona|slp
|move|p1b: Electabuzz|Thunderbolt|p2a: Florges
|-damage|p2a: Florges|45/100
|move|p2a: Florges|Calm Mind|p2a: Florges
|-boost|p2a: Florges|spa|1
|-boost|p2a: Florges|spd|1
|
|-heal|p2a: Florges|51/100|[from] item: Leftovers
|upkeep
|turn|3
|inactive|FrancoilCieco777 has 30 seconds left.
|inactive|psychic system has 30 seconds left.
|inactive|FrancoilCieco777 has 20 seconds left.
|inactive|FrancoilCieco777 has 15 seconds left.
|inactive|FrancoilCieco777 has 10 seconds left.
|inactive|FrancoilCieco777 has 5 seconds left.
|
|t:|1757005299
|cant|p1a: Volcarona|slp
|move|p1b: Electabuzz|Thunderbolt|p2a: Florges
|-damage|p2a: Florges|39/100
|move|p2a: Florges|Dazzling Gleam|p1b: Electabuzz|[spread] p1a,p1b
|-resisted|p1a: Volcarona
|-damage|p1a: Volcarona|78/100 slp
|-damage|p1b: Electabuzz|63/100
|move|p2b: Incineroar|Flare Blitz|p1a: Volcarona
|-damage|p1a: Volcarona|24/100 slp
|-damage|p2b: Incineroar|84/100|[from] Recoil
|
|-heal|p2a: Florges|45/100|[from] item: Leftovers
|upkeep
|turn|4
|inactive|FrancoilCieco777 has 30 seconds left.
|inactive|psychic system has 30 seconds left.
|inactive|FrancoilCieco777 has 20 seconds left.
|inactive|FrancoilCieco777 has 15 seconds left.
|inactive|FrancoilCieco777 has 10 seconds left.
|inactive|FrancoilCieco777 has 5 seconds left.
|
|t:|1757005354
|-curestatus|p1a: Volcarona|slp|[msg]
|move|p1a: Volcarona|Heat Wave|p2a: Florges|[spread] p2a,p2b
|-resisted|p2b: Incineroar
|-damage|p2a: Florges|33/100
|-damage|p2b: Incineroar|68/100
|move|p1b: Electabuzz|Thunderbolt|p2b: Incineroar
|-damage|p2b: Incineroar|42/100
|move|p2a: Florges|Calm Mind|p2a: Florges
|-boost|p2a: Florges|spa|1
|-boost|p2a: Florges|spd|1
|move|p2b: Incineroar|Knock Off|p1a: Volcarona
|-damage|p1a: Volcarona|0 fnt
|-enditem|p1a: Volcarona|Covert Cloak|[from] move: Knock Off|[of] p2b: Incineroar
|faint|p1a: Volcarona
|
|-heal|p2a: Florges|40/100|[from] item: Leftovers
|upkeep
|inactive|FrancoilCieco777 has 30 seconds left.
|inactive|FrancoilCieco777 has 20 seconds left.
|inactive|FrancoilCieco777 has 15 seconds left.
|inactive|FrancoilCieco777 has 10 seconds left.
|inactive|FrancoilCieco777 has 5 seconds left.
|
|t:|1757005409
|switch|p1a: Sneasler|Sneasler, L50, M|100/100
|turn|5
|inactive|FrancoilCieco777 has 30 seconds left.
|inactive|FrancoilCieco777 has 20 seconds left.
|inactive|FrancoilCieco777 has 15 seconds left.
|inactive|FrancoilCieco777 has 10 seconds left.
|inactive|FrancoilCieco777 has 5 seconds left.
|
|t:|1757005464
|switch|p2b: Amoonguss|Amoonguss, L50, M|87/100
|move|p2a: Florges|Protect|p2a: Florges
|-singleturn|p2a: Florges|Protect
|move|p1a: Sneasler|Fake Out|p2b: Amoonguss
|-damage|p2b: Amoonguss|77/100
|move|p1b: Electabuzz|Thunderbolt|p2a: Florges
|-activate|p2a: Florges|move: Protect
|
|-heal|p2a: Florges|46/100|[from] item: Leftovers
|upkeep
|turn|6
|inactive|FrancoilCieco777 has 30 seconds left.
|inactive|FrancoilCieco777 has 20 seconds left.
|
|t:|1757005503
|move|p2b: Amoonguss|Rage Powder|p2b: Amoonguss
|-singleturn|p2b: Amoonguss|move: Rage Powder
|move|p1a: Sneasler|Dire Claw|p2b: Amoonguss
|-damage|p2b: Amoonguss|46/100
|move|p1b: Electabuzz|Taunt|p2b: Amoonguss
|-start|p2b: Amoonguss|move: Taunt
|move|p2a: Florges|Dazzling Gleam|p1b: Electabuzz|[spread] p1a,p1b
|-damage|p1a: Sneasler|19/100
|-damage|p1b: Electabuzz|12/100
|
|-heal|p2a: Florges|52/100|[from] item: Leftovers
|upkeep
|turn|7
|
|t:|1757005520
|switch|p2b: Incineroar|Incineroar, L50, F|42/100
|-ability|p2b: Incineroar|Intimidate|boost
|-unboost|p1a: Sneasler|atk|1
|-unboost|p1b: Electabuzz|atk|1
|move|p2a: Florges|Protect|p2a: Florges
|-singleturn|p2a: Florges|Protect
|move|p1a: Sneasler|Dire Claw|p2a: Florges
|-activate|p2a: Florges|move: Protect
|move|p1b: Electabuzz|Thunderbolt|p2b: Incineroar
|-damage|p2b: Incineroar|12/100
|
|-heal|p2a: Florges|58/100|[from] item: Leftovers
|upkeep
|turn|8
|inactive|FrancoilCieco777 has 30 seconds left.
|
|t:|1757005538
|switch|p1a: Kingambit|Kingambit, L50, M, shiny|100/100
|move|p1b: Electabuzz|Protect|p1b: Electabuzz
|-singleturn|p1b: Electabuzz|Protect
|move|p2b: Incineroar|Fake Out|p1a: Kingambit
|-resisted|p1a: Kingambit
|-damage|p1a: Kingambit|96/100
|move|p2a: Florges|Dazzling Gleam|p1b: Electabuzz|[spread] p1a
|-activate|p1b: Electabuzz|move: Protect
|-damage|p1a: Kingambit|37/100
|
|-heal|p2a: Florges|65/100|[from] item: Leftovers
|upkeep
|turn|9
|inactive|FrancoilCieco777 has 30 seconds left this turn.
|inactive|FrancoilCieco777 has 20 seconds left.
|inactive|FrancoilCieco777 has 15 seconds left.
|
|t:|1757005554
|switch|p2b: Amoonguss|Amoonguss, L50, M|79/100
|move|p2a: Florges|Protect|p2a: Florges
|-singleturn|p2a: Florges|Protect
|move|p1b: Electabuzz|Thunderbolt|p2a: Florges
|-activate|p2a: Florges|move: Protect
|move|p1a: Kingambit|Kowtow Cleave|p2b: Amoonguss
|-damage|p2b: Amoonguss|32/100
|
|-heal|p2a: Florges|71/100|[from] item: Leftovers
|upkeep
|turn|10
|inactive|FrancoilCieco777 has 15 seconds left this turn.
|inactive|FrancoilCieco777 has 10 seconds left.
|inactive|FrancoilCieco777 has 5 seconds left.
|
|t:|1757005567
|move|p2b: Amoonguss|Rage Powder|p2b: Amoonguss
|-singleturn|p2b: Amoonguss|move: Rage Powder
|move|p1b: Electabuzz|Taunt|p2b: Amoonguss
|-start|p2b: Amoonguss|move: Taunt
|move|p2a: Florges|Dazzling Gleam|p1b: Electabuzz|[spread] p1a,p1b
|-damage|p1a: Kingambit|0 fnt
|-damage|p1b: Electabuzz|0 fnt
|faint|p1a: Kingambit
|faint|p1b: Electabuzz
|
|-heal|p2a: Florges|77/100|[from] item: Leftovers
|upkeep
|inactive|FrancoilCieco777 has 5 seconds left this turn.
|
|t:|1757005571
|switch|p1b: Sneasler|Sneasler, L50, M|19/100
|turn|11
|inactive|FrancoilCieco777 has 5 seconds left this turn.
|
|t:|1757005591
|switch|p2b: Incineroar|Incineroar, L50, F|12/100
|-ability|p2b: Incineroar|Intimidate|boost
|-unboost|p1b: Sneasler|atk|1
|move|p2a: Florges|Protect|p2a: Florges
|-singleturn|p2a: Florges|Protect
|move|p1b: Sneasler|Close Combat|p2b: Incineroar
|-supereffective|p2b: Incineroar
|-damage|p2b: Incineroar|0 fnt
|-unboost|p1b: Sneasler|def|1
|-unboost|p1b: Sneasler|spd|1
|faint|p2b: Incineroar
|
|-heal|p2a: Florges|83/100|[from] item: Leftovers
|upkeep
|
|t:|1757005600
|switch|p2b: Amoonguss|Amoonguss, L50, M|65/100
|turn|12
|inactive|FrancoilCieco777 has 5 seconds left this turn.
|-message|FrancoilCieco777 lost due to inactivity.
|
|win|psychic system
