|j|☆robby w
|j|☆Bass pro stan
|html|robby wBass pro stan    
|uhtml|bestof|Game 2 of a best-of-3
|t:|1756561563
|gametype|doubles
|player|p1|robby w|pokekid|1279
|player|p2|Bass pro stan|fisherman-gen4|1249
|gen|9
|tier|[Gen 9] VGC 2025 Reg H (Bo3)
|rated|
|rule|Species Clause: Limit one of each Pokémon
|rule|Item Clause: Limit 1 of each item
|clearpoke
|poke|p1|Dondozo, L50, M|
|poke|p1|Tatsugiri, L50, F|
|poke|p1|Sneasler, L50, F|
|poke|p1|Indeedee, L50, M|
|poke|p1|Ursaluna-Bloodmoon, L50, M|
|poke|p1|Electabuzz, L50, F|
|poke|p2|Grimmsnarl, L50, M|
|poke|p2|Politoed, L50, F|
|poke|p2|Archaludon, L50, M|
|poke|p2|Basculegion, L50, M|
|poke|p2|Volcarona, L50, F|
|poke|p2|Flamigo, L50, M|
|teampreview|4
|showteam|p1|Dondozo||Leftovers|Unaware|Protect,WaveCrash,Earthquake,OrderUp|||M|||50|,,,,,Grass]Tatsugiri||ChoiceScarf|Commander|DragonPulse,IcyWind,DracoMeteor,MuddyWater|||F|||50|,,,,,Stellar]Sneasler||PsychicSeed|Unburden|DireClaw,CloseCombat,Protect,ThroatChop|||F|||50|,,,,,Dark]Indeedee||FocusSash|PsychicSurge|DazzlingGleam,TrickRoom,ExpandingForce,Protect|||M|||50|,,,,,Fairy]Ursaluna-Bloodmoon||LifeOrb|MindsEye|BloodMoon,Protect,HyperVoice,EarthPower|||M|||50|,,,,,Normal]Electabuzz||Eviolite|VitalSpirit|Electroweb,Protect,FollowMe,Taunt|||F|||50|,,,,,Ghost
|showteam|p2|Grimmsnarl||LightClay|Prankster|Reflect,LightScreen,SpiritBreak,MistyTerrain|||M|||50|,,,,,Ghost]Politoed||DampRock|Drizzle|RainDance,WeatherBall,Encore,Protect|||F|||50|,,,,,Grass]Archaludon||PowerHerb|Stalwart|ElectroShot,AuraSphere,FlashCannon,Protect|||M|||50|,,,,,Electric]Basculegion||AssaultVest|SwiftSwim|FlipTurn,AquaJet,LastRespects,Waterfall|||M|||50|,,,,,Grass]Volcarona||SitrusBerry|FlameBody|RagePowder,StruggleBug,WillOWisp,Tailwind|||F|||50|,,,,,Flying]Flamigo||CovertCloak|Scrappy|BraveBird,WideGuard,CloseCombat,Protect|||M|||50|,,,,,Steel
|inactive|Battle timer is ON: inactive players will automatically lose when time's up. (requested by Bass pro stan)
|inactive|Bass pro stan has 60 seconds left.
|
|t:|1756561616
|teamsize|p1|4
|teamsize|p2|4
|start
|switch|p1a: Dondozo|Dondozo, L50, M, shiny|100/100
|switch|p1b: Sneasler|Sneasler, L50, F|100/100
|switch|p2a: Grimmsnarl|Grimmsnarl, L50, M|100/100
|switch|p2b: Volcarona|Volcarona, L50, F|100/100
|turn|1
|inactive|Bass pro stan has 30 seconds left.
|
|t:|1756561659
|switch|p1b: Tatsugiri|Tatsugiri, L50, F|100/100
|-activate|p1b: Tatsugiri|ability: Commander|[of] p1a: Dondozo
|-boost|p1a: Dondozo|atk|2
|-boost|p1a: Dondozo|spa|2
|-boost|p1a: Dondozo|spe|2
|-boost|p1a: Dondozo|def|2
|-boost|p1a: Dondozo|spd|2
|-terastallize|p2b: Volcarona|Flying
|move|p2a: Grimmsnarl|Reflect|p2a: Grimmsnarl
|-sidestart|p2: Bass pro stan|Reflect
|move|p1a: Dondozo|Wave Crash|p2b: Volcarona
|-damage|p2b: Volcarona|4/100
|-status|p1a: Dondozo|brn|[from] ability: Flame Body|[of] p2b: Volcarona
|-enditem|p2b: Volcarona|Sitrus Berry|[eat]
|-heal|p2b: Volcarona|29/100|[from] item: Sitrus Berry
|-damage|p1a: Dondozo|74/100 brn|[from] Recoil
|move|p2b: Volcarona|Tailwind|p2b: Volcarona
|-sidestart|p2: Bass pro stan|move: Tailwind
|
|-heal|p1a: Dondozo|80/100 brn|[from] item: Leftovers
|-damage|p1a: Dondozo|74/100 brn|[from] brn
|upkeep
|turn|2
|
|t:|1756561683
|switch|p2b: Basculegion|Basculegion, L50, M|100/100
|move|p2a: Grimmsnarl|Misty Terrain|p2a: Grimmsnarl
|-fieldstart|move: Misty Terrain
|move|p1a: Dondozo|Order Up|p2b: Basculegion
|-damage|p2b: Basculegion|90/100
|-boost|p1a: Dondozo|atk|1
|
|-heal|p1a: Dondozo|80/100 brn|[from] item: Leftovers
|-damage|p1a: Dondozo|74/100 brn|[from] brn
|upkeep
|turn|3
|
|t:|1756561703
|move|p2b: Basculegion|Flip Turn|p1a: Dondozo
|-resisted|p1a: Dondozo
|-damage|p1a: Dondozo|68/100 brn
|
|t:|1756561716
|switch|p2b: Archaludon|Archaludon, L50, M|100/100|[from] Flip Turn
|move|p1a: Dondozo|Order Up|p2b: Archaludon
|-damage|p2b: Archaludon|92/100
|-boost|p1a: Dondozo|atk|1
|move|p2a: Grimmsnarl|Spirit Break|p1a: Dondozo
|-damage|p1a: Dondozo|56/100 brn
|-unboost|p1a: Dondozo|spa|1
|
|-heal|p1a: Dondozo|62/100 brn|[from] item: Leftovers
|-damage|p1a: Dondozo|56/100 brn|[from] brn
|upkeep
|turn|4
|inactive|Bass pro stan has 30 seconds left.
|inactive|Bass pro stan has 20 seconds left.
|
|t:|1756561755
|switch|p2a: Volcarona|Volcarona, L50, F, tera:Flying|29/100
|move|p2b: Archaludon|Protect|p2b: Archaludon
|-singleturn|p2b: Archaludon|Protect
|move|p1a: Dondozo|Protect||[still]
|-fail|p1a: Dondozo
|
|-heal|p1a: Dondozo|62/100 brn|[from] item: Leftovers
|-damage|p1a: Dondozo|56/100 brn|[from] brn
|-sideend|p2: Bass pro stan|move: Tailwind
|upkeep
|turn|5
|inactive|robby w has 30 seconds left.
|
|t:|1756561780
|move|p1a: Dondozo|Wave Crash|p2a: Volcarona
|-damage|p2a: Volcarona|0 fnt
|faint|p2a: Volcarona
|-damage|p1a: Dondozo|48/100 brn|[from] Recoil
|move|p2b: Archaludon|Electro Shot||[still]
|-prepare|p2b: Archaludon|Electro Shot
|-boost|p2b: Archaludon|spa|1
|-enditem|p2b: Archaludon|Power Herb
|-anim|p2b: Archaludon|Electro Shot|p1a: Dondozo
|-supereffective|p1a: Dondozo
|-damage|p1a: Dondozo|0 fnt
|faint|p1a: Dondozo
|
|upkeep
|
|t:|1756561799
|switch|p2a: Grimmsnarl|Grimmsnarl, L50, M|100/100
|switch|p1a: Sneasler|Sneasler, L50, F|100/100
|turn|6
|inactive|robby w has 30 seconds left.
|inactive|Bass pro stan has 30 seconds left.
|inactive|robby w has 20 seconds left.
|inactive|robby w has 15 seconds left.
|
|t:|1756561840
|move|p2a: Grimmsnarl|Light Screen|p2a: Grimmsnarl
|-sidestart|p2: Bass pro stan|move: Light Screen
|move|p1b: Tatsugiri|Icy Wind|p2a: Grimmsnarl|[spread] p2a,p2b
|-damage|p2a: Grimmsnarl|91/100
|-damage|p2b: Archaludon|80/100
|-unboost|p2a: Grimmsnarl|spe|1
|-unboost|p2b: Archaludon|spe|1
|move|p1a: Sneasler|Dire Claw|p2a: Grimmsnarl
|-supereffective|p2a: Grimmsnarl
|-crit|p2a: Grimmsnarl
|-damage|p2a: Grimmsnarl|0 fnt
|faint|p2a: Grimmsnarl
|move|p2b: Archaludon|Flash Cannon|p1a: Sneasler
|-damage|p1a: Sneasler|13/100
|
|-fieldend|Misty Terrain
|upkeep
|
|t:|1756561854
|switch|p2a: Basculegion|Basculegion, L50, M|90/100
|turn|7
|
|t:|1756561871
|move|p1a: Sneasler|Protect|p1a: Sneasler
|-singleturn|p1a: Sneasler|Protect
|move|p2b: Archaludon|Protect|p2b: Archaludon
|-singleturn|p2b: Archaludon|Protect
|move|p1b: Tatsugiri|Icy Wind|p2b: Archaludon|[spread] p2a
|-activate|p2b: Archaludon|move: Protect
|-resisted|p2a: Basculegion
|-damage|p2a: Basculegion|88/100
|-unboost|p2a: Basculegion|spe|1
|move|p2a: Basculegion|Waterfall|p1a: Sneasler
|-activate|p1a: Sneasler|move: Protect
|
|upkeep
|turn|8
|inactive|robby w has 30 seconds left.
|
|t:|1756561898
|switch|p1b: Indeedee|Indeedee, L50, M|100/100
|-fieldstart|move: Psychic Terrain|[from] ability: Psychic Surge|[of] p1b: Indeedee
|-enditem|p1a: Sneasler|Psychic Seed
|-boost|p1a: Sneasler|spd|1|[from] item: Psychic Seed
|move|p2a: Basculegion|Aqua Jet|p1a: Sneasler
|-activate|p1a: Sneasler|move: Psychic Terrain
|move|p1a: Sneasler|Close Combat|p2b: Archaludon
|-supereffective|p2b: Archaludon
|-damage|p2b: Archaludon|10/100
|-unboost|p1a: Sneasler|def|1
|-unboost|p1a: Sneasler|spd|1
|move|p2b: Archaludon|Aura Sphere|p1a: Sneasler
|-resisted|p1a: Sneasler
|-damage|p1a: Sneasler|0 fnt
|faint|p1a: Sneasler
|
|-sideend|p2: Bass pro stan|Reflect
|upkeep
|
|t:|1756561915
|switch|p1a: Tatsugiri|Tatsugiri, L50, F|100/100
|turn|9
|
|t:|1756561939
|-terastallize|p1a: Tatsugiri|Stellar
|move|p1a: Tatsugiri|Draco Meteor|p2a: Basculegion
|-damage|p2a: Basculegion|54/100
|-unboost|p1a: Tatsugiri|spa|2
|move|p1b: Indeedee|Expanding Force|p2b: Archaludon|[spread] p2a,p2b
|-resisted|p2b: Archaludon
|-damage|p2a: Basculegion|34/100
|-damage|p2b: Archaludon|0 fnt
|faint|p2b: Archaludon
|move|p2a: Basculegion|Last Respects|p1a: Tatsugiri
|-damage|p1a: Tatsugiri|0 fnt
|faint|p1a: Tatsugiri
|
|upkeep
|turn|10
|
|t:|1756561953
|move|p1b: Indeedee|Expanding Force|p2a: Basculegion
|-damage|p2a: Basculegion|8/100
|move|p2a: Basculegion|Waterfall|p1b: Indeedee
|-damage|p1b: Indeedee|16/100
|
|upkeep
|turn|11
|c|☆Bass pro stan|ggwp
|-message|Bass pro stan forfeited.
|
|win|robby w
|raw|robby w's rating: 1279 → 1302(+23 for winning)
|raw|Bass pro stan's rating: 1249 → 1226(-23 for losing)
|l|☆Bass pro stan
|player|p2|
|c|☆robby w|gg wp
