|j|☆Cwisbt
|j|☆tidal otter
|html|Cwisbttidal otter    
|uhtml|bestof|Game 1 of a best-of-3
|t:|1784513755
|gametype|doubles
|player|p1|Cwisbt|1|
|player|p2|tidal otter|siebold|
|gen|9
|tier|[Gen 9 Champions] VGC 2026 Reg M-B (Bo3)
|rule|Species Clause: Limit one of each Pokémon
|rule|Item Clause: Limit 1 of each item
|clearpoke
|poke|p1|Raichu, L50, F|
|poke|p1|Mamoswine, L50, M|
|poke|p1|Gholdengo, L50|
|poke|p1|Sylveon, L50, M|
|poke|p1|Talonflame, L50, F|
|poke|p1|Froslass, L50, F|
|poke|p2|Charizard, L50, M|
|poke|p2|Venusaur, L50, F|
|poke|p2|Annihilape, L50, M|
|poke|p2|Maushold, L50|
|poke|p2|Grimmsnarl, L50, M|
|poke|p2|Glimmora, L50, M|
|teampreview|4
|showteam|p1|Raichu||RaichuniteY|LightningRod|Protect,ZapCannon,FocusBlast,Encore|Timid||F|||50|]Mamoswine||FocusSash|Oblivious|Protect,IcicleCrash,IceShard,HighHorsepower|Adamant||M|||50|]Gholdengo||LifeOrb|GoodasGold|Protect,MakeItRain,ShadowBall,PowerGem|Modest|||||50|]Sylveon||FairyFeather|Pixilate|Protect,HyperVoice,HyperBeam,QuickAttack|Modest||M|||50|]Talonflame||SharpBeak|GaleWings|QuickGuard,DualWingbeat,SunnyDay,Tailwind|Jolly||F|||50|]Froslass||Froslassite|CursedBody|Protect,Blizzard,ShadowBall,Taunt|Timid||F|||50|
|showteam|p2|Charizard||CharizarditeY|Blaze|HeatWave,SolarBeam,WeatherBall,Protect|Timid||M|||50|]Venusaur||LifeOrb|Chlorophyll|EarthPower,GigaDrain,SleepPowder,Protect|Modest||F|||50|]Annihilape||Leftovers|Defiant|RageFist,DrainPunch,BulkUp,Protect|Adamant||M|||50|]Maushold||ChopleBerry|FriendGuard|BeatUp,SuperFang,FollowMe,Protect|Jolly|||||50|]Grimmsnarl||LightClay|Prankster|FakeOut,LightScreen,Reflect,SpiritBreak|Adamant||M|||50|]Glimmora||FocusSash|ToxicDebris|PowerGem,SludgeBomb,DazzlingGleam,SpikyShield|Timid||M|||50|
|inactive|Battle timer is ON: inactive players will automatically lose when time's up. (requested by Cwisbt)
|inactiveoff|Battle timer is now OFF.
|c|☆Cwisbt|Glhf!
|j| Hariyamamomma
|c|☆tidal otter|i probably should've spent all this time actually looking over your team first huh
|
|t:|1784513857
|teamsize|p1|4
|teamsize|p2|4
|start
|switch|p1a: Raichu|Raichu, L50, F|100/100
|switch|p1b: Talonflame|Talonflame, L50, F|100/100
|switch|p2a: Skiadrum|Annihilape, L50, M|100/100
|switch|p2b: Elefseria|Maushold, L50|100/100
|turn|1
|
|t:|1784513886
|detailschange|p1a: Raichu|Raichu-Mega-Y, L50, F
|-mega|p1a: Raichu|Raichu|Raichunite Y
|move|p2b: Elefseria|Follow Me|p2b: Elefseria
|-singleturn|p2b: Elefseria|move: Follow Me
|move|p1b: Talonflame|Dual Wingbeat|p2b: Elefseria
|-damage|p2b: Elefseria|74/100
|-damage|p2b: Elefseria|49/100
|-hitcount|p2b: Elefseria|2
|move|p1a: Raichu|Zap Cannon|p2b: Elefseria
|-damage|p2b: Elefseria|0 fnt
|faint|p2b: Elefseria
|move|p2a: Skiadrum|Bulk Up|p2a: Skiadrum
|-boost|p2a: Skiadrum|atk|1
|-boost|p2a: Skiadrum|def|1
|
|upkeep
|
|t:|1784513896
|switch|p2b: Igneel|Charizard, L50, M|100/100
|turn|2
|
|t:|1784513910
|move|p2b: Igneel|Protect|p2b: Igneel
|-singleturn|p2b: Igneel|Protect
|move|p1b: Talonflame|Tailwind|p1b: Talonflame
|-sidestart|p1: Cwisbt|move: Tailwind
|move|p1a: Raichu|Zap Cannon|p2b: Igneel
|-activate|p2b: Igneel|move: Protect
|move|p2a: Skiadrum|Drain Punch|p1a: Raichu
|-damage|p1a: Raichu|0 fnt
|faint|p1a: Raichu
|
|upkeep
|
|t:|1784513916
|switch|p1a: Sylveon|Sylveon, L50, M|100/100
|turn|3
|
|t:|1784513931
|detailschange|p2b: Igneel|Charizard-Mega-Y, L50, M
|-mega|p2b: Igneel|Charizard|Charizardite Y
|-weather|SunnyDay|[from] ability: Drought|[of] p2b: Igneel
|move|p1b: Talonflame|Dual Wingbeat|p2b: Igneel
|-damage|p2b: Igneel|72/100
|-damage|p2b: Igneel|45/100
|-hitcount|p2b: Igneel|2
|move|p1a: Sylveon|Hyper Voice|p2b: Igneel|[spread] p2a,p2b
|-supereffective|p2a: Skiadrum|1
|-resisted|p2b: Igneel|1
|-damage|p2a: Skiadrum|13/100
|-damage|p2b: Igneel|20/100y
|move|p2b: Igneel|Heat Wave|p1b: Talonflame|[spread] p1a,p1b
|-resisted|p1b: Talonflame|1
|-crit|p1b: Talonflame
|-damage|p1a: Sylveon|52/100
|-damage|p1b: Talonflame|26/100
|move|p2a: Skiadrum|Rage Fist|p1a: Sylveon
|-damage|p1a: Sylveon|0 fnt
|faint|p1a: Sylveon
|
|-weather|SunnyDay|[upkeep]
|-heal|p2a: Skiadrum|19/100|[from] item: Leftovers
|upkeep
|
|t:|1784513942
|switch|p1a: Gholdengo|Gholdengo, L50|100/100
|turn|4
|
|t:|1784513955
|move|p2b: Igneel|Protect|p2b: Igneel
|-singleturn|p2b: Igneel|Protect
|move|p2a: Skiadrum|Protect|p2a: Skiadrum
|-singleturn|p2a: Skiadrum|Protect
|move|p1b: Talonflame|Dual Wingbeat|p2b: Igneel
|-activate|p2b: Igneel|move: Protect
|move|p1a: Gholdengo|Shadow Ball|p2a: Skiadrum
|-activate|p2a: Skiadrum|move: Protect
|
|-weather|SunnyDay|[upkeep]
|-heal|p2a: Skiadrum|25/100|[from] item: Leftovers
|upkeep
|turn|5
|
|t:|1784513971
|move|p1b: Talonflame|Dual Wingbeat|p2b: Igneel
|-damage|p2b: Igneel|0 fnt
|faint|p2b: Igneel
|-hitcount|p2: Igneel|1
|move|p1a: Gholdengo|Shadow Ball|p2a: Skiadrum
|-supereffective|p2a: Skiadrum|1
|-damage|p2a: Skiadrum|0 fnt
|faint|p2a: Skiadrum
|-damage|p1a: Gholdengo|90/100|[from] item: Life Orb
|
|-weather|SunnyDay|[upkeep]
|-sideend|p1: Cwisbt|move: Tailwind
|upkeep
|
|t:|1784513975
|switch|p2b: Aldoron|Venusaur, L50, F|100/100
|turn|6
|
|t:|1784513999
|move|p2b: Aldoron|Giga Drain|p1b: Talonflame
|-resisted|p1b: Talonflame|2
|-damage|p1b: Talonflame|7/100
|-damage|p2b: Aldoron|90/100|[from] item: Life Orb
|move|p1b: Talonflame|Tailwind|p1b: Talonflame
|-sidestart|p1: Cwisbt|move: Tailwind
|move|p1a: Gholdengo|Make It Rain|p2b: Aldoron
|-damage|p2b: Aldoron|0 fnt
|-unboost|p1a: Gholdengo|spa|2
|faint|p2b: Aldoron
|-damage|p1a: Gholdengo|80/100|[from] item: Life Orb
|
|win|Cwisbt
|c|☆tidal otter|gg
||tidal otter is ready for game 2.
|inactive|Cwisbt has 30 seconds to confirm battle start!
|c|☆Cwisbt|Gg
||Cwisbt is ready for game 2.
|uhtml|next|Next: Game 2 of 3
|l|☆tidal otter
|player|p2|
|l| Hariyamamomma
