|j|☆bdger
|j|☆Fell Blue
|html|bdgerFell Blue    
|uhtml|bestof|Game 1 of a best-of-3
|t:|1784395792
|gametype|doubles
|player|p1|bdger|backpackerf|1234
|player|p2|Fell Blue|fantina|1177
|gen|9
|tier|[Gen 9 Champions] VGC 2026 Reg M-B (Bo3)
|rated|
|rule|Species Clause: Limit one of each Pokémon
|rule|Item Clause: Limit 1 of each item
|clearpoke
|poke|p1|Gengar, L50, M|
|poke|p1|Incineroar, L50, M|
|poke|p1|Kingambit, L50, M|
|poke|p1|Vivillon-Pokeball, L50, M|
|poke|p1|Sneasler, L50, F|
|poke|p1|Ninetales-Alola, L50, M|
|poke|p2|Mawile, L50, F|
|poke|p2|Hydreigon, L50, M|
|poke|p2|Delphox, L50, M|
|poke|p2|Sneasler, L50, M|
|poke|p2|Sinistcha, L50|
|poke|p2|Incineroar, L50, F|
|teampreview|4
|showteam|p1|Gengar||Gengarite|CursedBody|NastyPlot,ShadowBall,SludgeBomb,Protect|Timid||M|||50|]Incineroar||SitrusBerry|Intimidate|FakeOut,PartingShot,FlareBlitz,ThroatChop|Careful||M|||50|]Kingambit||BlackGlasses|Defiant|SwordsDance,SuckerPunch,Protect,KowtowCleave|Adamant||M|||50|]Vivillon-Pokeball||ChoiceScarf|CompoundEyes|SleepPowder,Hurricane,RagePowder,Tailwind|Timid||M|||50|]Sneasler||FocusSash|PoisonTouch|FakeOut,PoisonJab,CloseCombat,QuickGuard|Jolly||F|||50|]Ninetales-Alola||NeverMeltIce|SnowWarning|Blizzard,FreezeDry,AuroraVeil,Encore|Timid||M|||50|
|showteam|p2|Mawile||Mawilite|HyperCutter|SuckerPunch,PlayRough,SwordsDance,Protect|Brave||F|||50|]Hydreigon||ChoiceScarf|Levitate|DarkPulse,DracoMeteor,EarthPower,Snarl|Modest||M|||50|]Delphox||Delphoxite|Blaze|HeatWave,Psychic,NastyPlot,Protect|Timid||M|||50|]Sneasler||FocusSash|PoisonTouch|DireClaw,CloseCombat,QuickGuard,FakeOut|Adamant||M|||50|]Sinistcha||KasibBerry|Hospitality|Protect,TrickRoom,MatchaGotcha,RagePowder|Bold|||||50|]Incineroar||SitrusBerry|Intimidate|FlareBlitz,ThroatChop,PartingShot,FakeOut|Impish||F|||50|
|inactive|Battle timer is ON: inactive players will automatically lose when time's up. (requested by Fell Blue)
|
|t:|1784395836
|teamsize|p1|4
|teamsize|p2|4
|start
|switch|p1a: Vivillon|Vivillon-Pokeball, L50, M|100/100
|switch|p1b: Kingambit|Kingambit, L50, M|100/100
|switch|p2a: Hydreigon|Hydreigon, L50, M|100/100
|switch|p2b: Sneasler|Sneasler, L50, M|100/100
|turn|1
|inactive|bdger has 30 seconds left.
|inactive|Fell Blue has 30 seconds left.
|
|t:|1784395862
|switch|p1a: Incineroar|Incineroar, L50, M|100/100
|-ability|p1a: Incineroar|Intimidate|boost
|-unboost|p2a: Hydreigon|atk|1
|-unboost|p2b: Sneasler|atk|1
|move|p1b: Kingambit|Protect|p1b: Kingambit
|-singleturn|p1b: Kingambit|Protect
|move|p2a: Hydreigon|Draco Meteor|p1a: Incineroar
|-damage|p1a: Incineroar|38/100
|-unboost|p2a: Hydreigon|spa|2
|-enditem|p1a: Incineroar|Sitrus Berry|[eat]
|-heal|p1a: Incineroar|63/100|[from] item: Sitrus Berry
|move|p2b: Sneasler|Close Combat|p1b: Kingambit
|-activate|p1b: Kingambit|move: Protect
|
|upkeep
|turn|2
|
|t:|1784395885
|switch|p1b: Gengar|Gengar, L50, M|100/100
|move|p2b: Sneasler|Quick Guard|p2b: Sneasler
|-singleturn|p2b: Sneasler|Quick Guard
|move|p1a: Incineroar|Fake Out|p2b: Sneasler
|-activate|p2b: Sneasler|move: Quick Guard
|move|p2a: Hydreigon|Draco Meteor|p1a: Incineroar
|-damage|p1a: Incineroar|34/100
|-unboost|p2a: Hydreigon|spa|2
|
|upkeep
|turn|3
|
|t:|1784395906
|switch|p2a: Mawile|Mawile, L50, F|100/100
|switch|p1a: Vivillon|Vivillon-Pokeball, L50, M|100/100
|detailschange|p1b: Gengar|Gengar-Mega, L50, M
|-mega|p1b: Gengar|Gengar|Gengarite
|move|p1b: Gengar|Nasty Plot|p1b: Gengar
|-boost|p1b: Gengar|spa|2
|move|p2b: Sneasler|Close Combat|p1a: Vivillon
|-resisted|p1a: Vivillon|2
|-damage|p1a: Vivillon|83/100
|-unboost|p2b: Sneasler|def|1
|-unboost|p2b: Sneasler|spd|1
|
|upkeep
|turn|4
|
|t:|1784395927
|detailschange|p2a: Mawile|Mawile-Mega, L50, F
|-mega|p2a: Mawile|Mawile|Mawilite
|move|p2a: Mawile|Sucker Punch|p1b: Gengar
|-supereffective|p1b: Gengar|1
|-damage|p1b: Gengar|0 fnt
|faint|p1b: Gengar
|move|p1a: Vivillon|Sleep Powder|p2a: Mawile
|-status|p2a: Mawile|slp|[from] move: Sleep Powder
|move|p2b: Sneasler|Dire Claw|p1a: Vivillon
|-damage|p1a: Vivillon|37/100
|
|upkeep
|c|☆bdger|misclick
|
|t:|1784395939
|switch|p1b: Kingambit|Kingambit, L50, M|100/100
|turn|5
|inactive|Fell Blue has 30 seconds left.
|
|t:|1784395969
|switch|p2b: Sinistcha|Sinistcha, L50|100/100
|move|p1a: Vivillon|Sleep Powder|p2b: Sinistcha
|-immune|p2b: Sinistcha
|move|p1b: Kingambit|Swords Dance|p1b: Kingambit
|-boost|p1b: Kingambit|atk|2
|cant|p2a: Mawile|slp
|
|upkeep
|turn|6
|
|t:|1784395984
|switch|p1a: Incineroar|Incineroar, L50, M|34/100
|-ability|p1a: Incineroar|Intimidate|boost
|-unboost|p2a: Mawile|atk|1
|-unboost|p2b: Sinistcha|atk|1
|move|p2b: Sinistcha|Rage Powder|p2b: Sinistcha
|-singleturn|p2b: Sinistcha|move: Rage Powder
|move|p1b: Kingambit|Kowtow Cleave|p2b: Sinistcha
|-supereffective|p2b: Sinistcha|1
|-damage|p2b: Sinistcha|0 fnt
|faint|p2b: Sinistcha
|-curestatus|p2a: Mawile|slp|[msg]
|move|p2a: Mawile|Play Rough|p1b: Kingambit
|-damage|p1b: Kingambit|59/100
|
|upkeep
|
|t:|1784395988
|switch|p2b: Sneasler|Sneasler, L50, M|100/100
|turn|7
|
|t:|1784395996
|move|p1b: Kingambit|Protect|p1b: Kingambit
|-singleturn|p1b: Kingambit|Protect
|move|p2b: Sneasler|Fake Out|p1a: Incineroar
|-damage|p1a: Incineroar|19/100
|-status|p1a: Incineroar|psn|[from] ability: Poison Touch|[of] p2b: Sneasler
|cant|p1a: Incineroar|flinch
|move|p2a: Mawile|Swords Dance|p2a: Mawile
|-boost|p2a: Mawile|atk|2
|
|-damage|p1a: Incineroar|6/100 psn|[from] psn
|upkeep
|turn|8
|-message|bdger forfeited.
|
|win|Fell Blue
|l|☆bdger
|player|p1|
||bdger is ready for game 2.
