|j|☆Autin Mago
|j|☆infernape gigamax
|html|Autin Magoinfernape gigamax    
|uhtml|bestof|Game 2 of a best-of-3
|t:|1783749877
|gametype|doubles
|player|p1|Autin Mago|arezu|1047
|player|p2|infernape gigamax|102|1000
|gen|9
|tier|[Gen 9 Champions] VGC 2026 Reg M-B (Bo3)
|rated|
|rule|Species Clause: Limit one of each Pokémon
|rule|Item Clause: Limit 1 of each item
|clearpoke
|poke|p1|Staraptor, L50, M|
|poke|p1|Charizard, L50, M|
|poke|p1|Glimmora, L50, M|
|poke|p1|Whimsicott, L50, F|
|poke|p1|Basculegion, L50, M|
|poke|p1|Garchomp, L50, M|
|poke|p2|Delphox, L50, F|
|poke|p2|Blastoise, L50, F|
|poke|p2|Incineroar, L50, F|
|poke|p2|Sneasler, L50, F|
|poke|p2|Sinistcha, L50|
|poke|p2|Maushold, L50|
|teampreview|4
|showteam|p1|Staraptor||Staraptite|Intimidate|DualWingbeat,CloseCombat,Roost,Protect|Jolly||M|||50|]Charizard||CharizarditeY|Blaze|HeatWave,SolarBeam,WeatherBall,Protect|Modest||M|||50|]Glimmora||FocusSash|ToxicDebris|PowerGem,SludgeBomb,EarthPower,SpikyShield|Modest||M|||50|]Whimsicott||LifeOrb|Prankster|Protect,Tailwind,Moonblast,Encore|Modest||F|||50|]Basculegion||ChoiceScarf|Adaptability|WaveCrash,LastRespects,AquaJet,FlipTurn|Jolly||M|||50|]Garchomp||SitrusBerry|RoughSkin|Earthquake,RockSlide,PoisonJab,DragonTail|Adamant||M|||50|
|showteam|p2|Delphox||Delphoxite|Blaze|HeatWave,Psychic,NastyPlot,Protect|Timid||F|||50|]Blastoise||Blastoisinite|RainDish|WaterSpout,DarkPulse,ShellSmash,Protect|Modest||F|||50|]Incineroar||SitrusBerry|Intimidate|FakeOut,FlareBlitz,ThroatChop,PartingShot|Impish||F|||50|]Sneasler||FocusSash|PoisonTouch|FakeOut,CloseCombat,PoisonJab,QuickGuard|Jolly||F|||50|]Sinistcha||OccaBerry|Hospitality|MatchaGotcha,LifeDew,RagePowder,Protect|Bold|||||50|]Maushold||ChopleBerry|FriendGuard|SuperFang,Feint,FollowMe,Protect|Impish|||||50|
|inactive|Battle timer is ON: inactive players will automatically lose when time's up. (requested by infernape gigamax)
|
|t:|1783749914
|teamsize|p1|4
|teamsize|p2|4
|start
|switch|p1a: Glimmora|Glimmora, L50, M|100/100
|switch|p1b: Basculegion|Basculegion, L50, M|100/100
|switch|p2a: Blastoise|Blastoise, L50, F|100/100
|switch|p2b: Maushold|Maushold, L50|100/100
|turn|1
|inactive|infernape gigamax has 30 seconds left.
|
|t:|1783749941
|detailschange|p2a: Blastoise|Blastoise-Mega, L50, F
|-mega|p2a: Blastoise|Blastoise|Blastoisinite
|move|p2b: Maushold|Feint|p1a: Glimmora
|-resisted|p1a: Glimmora|1
|-damage|p1a: Glimmora|94/100
|-activate|p1a: Glimmora|ability: Toxic Debris
|-sidestart|p2: infernape gigamax|move: Toxic Spikes
|move|p1b: Basculegion|Flip Turn|p2a: Blastoise
|-resisted|p2a: Blastoise|1
|-damage|p2a: Blastoise|85/100
|
|t:|1783749949
|switch|p1b: Garchomp|Garchomp, L50, M|100/100|[from] Flip Turn
|move|p1a: Glimmora|Power Gem|p2a: Blastoise
|-damage|p2a: Blastoise|52/100
|move|p2a: Blastoise|Water Spout|p1b: Garchomp|[spread] p1a,p1b
|-supereffective|p1a: Glimmora|1
|-damage|p1a: Glimmora|6/100
|-damage|p1b: Garchomp|69/100
|
|upkeep
|turn|2
|
|t:|1783749968
|switch|p2b: Sinistcha|Sinistcha, L50|100/100
|-status|p2b: Sinistcha|psn
|-heal|p2a: Blastoise|76/100|[from] ability: Hospitality|[of] p2b: Sinistcha
|move|p2a: Blastoise|Protect|p2a: Blastoise
|-singleturn|p2a: Blastoise|Protect
|move|p1a: Glimmora|Power Gem|p2a: Blastoise
|-activate|p2a: Blastoise|move: Protect
|move|p1b: Garchomp|Rock Slide|p2b: Sinistcha|[spread] p2b
|-activate|p2a: Blastoise|move: Protect
|-damage|p2b: Sinistcha|84/100 psn
|
|-damage|p2b: Sinistcha|72/100 psn|[from] psn
|upkeep
|turn|3
|inactive|Autin Mago has 30 seconds left.
|
|t:|1783749994
|move|p2b: Sinistcha|Rage Powder|p2b: Sinistcha
|-singleturn|p2b: Sinistcha|move: Rage Powder
|move|p1a: Glimmora|Sludge Bomb|p2b: Sinistcha
|-damage|p2b: Sinistcha|23/100 psn
|move|p1b: Garchomp|Rock Slide|p2b: Sinistcha|[spread] p2a,p2b
|-damage|p2a: Blastoise|58/100
|-damage|p2b: Sinistcha|8/100 psn
|move|p2a: Blastoise|Shell Smash|p2a: Blastoise
|-unboost|p2a: Blastoise|def|1
|-unboost|p2a: Blastoise|spd|1
|-boost|p2a: Blastoise|atk|2
|-boost|p2a: Blastoise|spa|2
|-boost|p2a: Blastoise|spe|2
|
|-damage|p2b: Sinistcha|0 fnt|[from] psn
|faint|p2b: Sinistcha
|upkeep
|inactive|infernape gigamax has 30 seconds left.
|
|t:|1783750029
|switch|p2b: Maushold|Maushold, L50|100/100
|-status|p2b: Maushold|psn
|turn|4
|
|t:|1783750036
|move|p1a: Glimmora|Spiky Shield|p1a: Glimmora
|-singleturn|p1a: Glimmora|move: Protect
|move|p2b: Maushold|Feint|p1b: Garchomp
|-damage|p1b: Garchomp|62/100
|move|p2a: Blastoise|Water Spout|p1b: Garchomp|[spread] p1b
|-activate|p1a: Glimmora|move: Protect
|-damage|p1b: Garchomp|0 fnt
|faint|p1b: Garchomp
|
|-damage|p2b: Maushold|87/100 psn|[from] psn
|upkeep
|
|t:|1783750046
|switch|p1b: Charizard|Charizard, L50, M|100/100
|turn|5
|
|t:|1783750062
|detailschange|p1b: Charizard|Charizard-Mega-Y, L50, M
|-mega|p1b: Charizard|Charizard|Charizardite Y
|-weather|SunnyDay|[from] ability: Drought|[of] p1b: Charizard
|move|p2a: Blastoise|Protect|p2a: Blastoise
|-singleturn|p2a: Blastoise|Protect
|move|p1b: Charizard|Solar Beam||[still]
|-prepare|p1b: Charizard|Solar Beam
|-anim|p1b: Charizard|Solar Beam|p2a: Blastoise
|-activate|p2a: Blastoise|move: Protect
|move|p1a: Glimmora|Sludge Bomb|p2a: Blastoise
|-activate|p2a: Blastoise|move: Protect
|move|p2b: Maushold|Super Fang|p1b: Charizard
|-damage|p1b: Charizard|50/100g
|
|-weather|SunnyDay|[upkeep]
|-damage|p2b: Maushold|75/100 psn|[from] psn
|upkeep
|turn|6
|
|t:|1783750080
|move|p2b: Maushold|Feint|p1b: Charizard
|-damage|p1b: Charizard|40/100
|move|p2a: Blastoise|Water Spout|p1b: Charizard|[spread] p1a,p1b
|-supereffective|p1a: Glimmora|1
|-supereffective|p1b: Charizard|1
|-damage|p1a: Glimmora|0 fnt
|-damage|p1b: Charizard|0 fnt
|faint|p1a: Glimmora
|faint|p1b: Charizard
|
|-weather|SunnyDay|[upkeep]
|-damage|p2b: Maushold|63/100 psn|[from] psn
|upkeep
|
|t:|1783750086
|switch|p1b: Basculegion|Basculegion, L50, M|100/100
|turn|7
|
|t:|1783750093
|move|p2b: Maushold|Follow Me|p2b: Maushold
|-singleturn|p2b: Maushold|move: Follow Me
|move|p2a: Blastoise|Dark Pulse|p1b: Basculegion
|-supereffective|p1b: Basculegion|1
|-damage|p1b: Basculegion|0 fnt
|faint|p1b: Basculegion
|
|win|infernape gigamax
||Autin Mago is ready for game 3.
||infernape gigamax is ready for game 3.
|uhtml|next|Next: Game 3 of 3
|l|☆infernape gigamax
|player|p2|
