|j|☆Onir the magician
|j|☆AN555GEL
|html|Onir the magicianAN555GEL    
|uhtml|bestof|Game 2 of a best-of-3
|t:|1757105702
|gametype|doubles
|player|p1|Onir the magician|brycenman|1341
|player|p2|AN555GEL|169|1429
|gen|9
|tier|[Gen 9] VGC 2025 Reg H (Bo3)
|rated|
|rule|Species Clause: Limit one of each Pokémon
|rule|Item Clause: Limit 1 of each item
|clearpoke
|poke|p1|Gholdengo, L50|
|poke|p1|Ursaluna-Bloodmoon, L50, M|
|poke|p1|Dragonite, L50, M|
|poke|p1|Annihilape, L50, F|
|poke|p1|Rillaboom, L50, M|
|poke|p1|Maushold-Four, L50|
|poke|p2|Dragonite, L50, M|
|poke|p2|Ursaluna, L50, F|
|poke|p2|Archaludon, L50, M|
|poke|p2|Sinistcha-Masterpiece, L50|
|poke|p2|Pelipper, L50, M|
|poke|p2|Gholdengo, L50|
|teampreview|4
|showteam|p1|Gholdengo||LifeOrb|GoodasGold|MakeItRain,ShadowBall,NastyPlot,Protect||||||50|,,,,,Water]Ursaluna-Bloodmoon||AssaultVest|MindsEye|BloodMoon,EarthPower,HyperVoice,VacuumWave|||M|||50|,,,,,Water]Dragonite||LoadedDice|Multiscale|ScaleShot,Tailwind,Haze,Protect|||M|||50|,,,,,Fairy]Annihilape||SitrusBerry|Defiant|DrainPunch,RageFist,BulkUp,Protect|||F|||50|,,,,,Fire]Rillaboom||MiracleSeed|GrassySurge|WoodHammer,GrassyGlide,HighHorsepower,FakeOut|||M|||50|,,,,,Fire]Maushold-Four||FocusSash|FriendGuard|SuperFang,BeatUp,FollowMe,Protect||||||50|,,,,,Ghost
|showteam|p2|Dragonite||LoadedDice|Multiscale|ScaleShot,Protect,Tailwind,Haze|||M|||50|,,,,,Fairy]Ursaluna||FlameOrb|Guts|Facade,HeadlongRush,Earthquake,Protect|||F|||50|,,,,,Ghost]Archaludon||AssaultVest|Stamina|BodyPress,Snarl,ElectroShot,FlashCannon|||M|||50|,,,,,Fighting]Sinistcha-Masterpiece||SitrusBerry|Hospitality|MatchaGotcha,RagePowder,TrickRoom,LifeDew||||||50|,,,,,Dark]Pelipper||FocusSash|Drizzle|MuddyWater,Hurricane,Tailwind,Protect|||M|||50|,,,,,Ghost]Gholdengo||ChoiceScarf|GoodasGold|MakeItRain,TeraBlast,ShadowBall,Trick||||||50|,,,,,Water
|inactive|Battle timer is ON: inactive players will automatically lose when time's up. (requested by Onir the magician)
|
|t:|1757105725
|teamsize|p1|4
|teamsize|p2|4
|start
|switch|p1a: Annihilape|Annihilape, L50, F|100/100
|switch|p1b: Maushold|Maushold-Four, L50|100/100
|switch|p2a: Dragonite|Dragonite, L50, M|100/100
|switch|p2b: Ursaluna|Ursaluna, L50, F, shiny|100/100
|turn|1
|inactive|Onir the magician has 30 seconds left.
|inactive|AN555GEL has 30 seconds left.
|
|t:|1757105758
|move|p1b: Maushold|Protect|p1b: Maushold
|-singleturn|p1b: Maushold|Protect
|move|p1a: Annihilape|Bulk Up|p1a: Annihilape
|-boost|p1a: Annihilape|atk|1
|-boost|p1a: Annihilape|def|1
|move|p2a: Dragonite|Scale Shot|p1b: Maushold
|-activate|p1b: Maushold|move: Protect
|move|p2b: Ursaluna|Earthquake|p1b: Maushold|[spread] p1a
|-activate|p1b: Maushold|move: Protect
|-immune|p2a: Dragonite
|-damage|p1a: Annihilape|75/100
|
|-status|p2b: Ursaluna|brn|[from] item: Flame Orb
|upkeep
|turn|2
|inactive|Onir the magician has 30 seconds left.
|inactive|AN555GEL has 30 seconds left.
|inactive|AN555GEL has 20 seconds left.
|inactive|Onir the magician has 20 seconds left.
|
|t:|1757105800
|move|p2a: Dragonite|Protect|p2a: Dragonite
|-singleturn|p2a: Dragonite|Protect
|move|p1b: Maushold|Follow Me|p1b: Maushold
|-singleturn|p1b: Maushold|move: Follow Me
|move|p1a: Annihilape|Rage Fist|p2b: Ursaluna
|-immune|p2b: Ursaluna
|move|p2b: Ursaluna|Earthquake|p1b: Maushold|[spread] p1a,p1b
|-activate|p2a: Dragonite|move: Protect
|-damage|p1a: Annihilape|40/100
|-damage|p1b: Maushold|25/100
|-enditem|p1a: Annihilape|Sitrus Berry|[eat]
|-heal|p1a: Annihilape|65/100|[from] item: Sitrus Berry
|
|-damage|p2b: Ursaluna|95/100 brn|[from] brn
|upkeep
|turn|3
|inactive|AN555GEL has 30 seconds left.
|
|t:|1757105827
|move|p1b: Maushold|Protect|p1b: Maushold
|-singleturn|p1b: Maushold|Protect
|move|p1a: Annihilape|Rage Fist|p2b: Ursaluna
|-immune|p2b: Ursaluna
|move|p2a: Dragonite|Scale Shot|p1a: Annihilape
|-damage|p1a: Annihilape|58/100
|-damage|p1a: Annihilape|50/100
|-damage|p1a: Annihilape|42/100
|-damage|p1a: Annihilape|35/100
|-crit|p1a: Annihilape
|-damage|p1a: Annihilape|17/100
|-hitcount|p1a: Annihilape|5
|-unboost|p2a: Dragonite|def|1
|-boost|p2a: Dragonite|spe|1
|move|p2b: Ursaluna|Headlong Rush|p1a: Annihilape
|-damage|p1a: Annihilape|0 fnt
|-unboost|p2b: Ursaluna|def|1
|-unboost|p2b: Ursaluna|spd|1
|faint|p1a: Annihilape
|
|-damage|p2b: Ursaluna|89/100 brn|[from] brn
|upkeep
|
|t:|1757105835
|switch|p1a: Dragonite|Dragonite, L50, M|100/100
|turn|4
|inactive|Onir the magician has 30 seconds left.
|inactive|AN555GEL has 30 seconds left.
|inactive|Onir the magician has 20 seconds left.
|
|t:|1757105871
|-terastallize|p2a: Dragonite|Fairy
|-terastallize|p1a: Dragonite|Fairy
|move|p2a: Dragonite|Tailwind|p2a: Dragonite
|-sidestart|p2: AN555GEL|move: Tailwind
|move|p2b: Ursaluna|Headlong Rush|p1b: Maushold
|-damage|p1b: Maushold|0 fnt
|-unboost|p2b: Ursaluna|def|1
|-unboost|p2b: Ursaluna|spd|1
|faint|p1b: Maushold
|move|p1a: Dragonite|Scale Shot|p2b: Ursaluna
|-damage|p2b: Ursaluna|66/100 brn
|-damage|p2b: Ursaluna|41/100 brn
|-damage|p2b: Ursaluna|18/100 brn
|-damage|p2b: Ursaluna|0 fnt
|faint|p2b: Ursaluna
|-hitcount|p2: Ursaluna|4
|-unboost|p1a: Dragonite|def|1
|-boost|p1a: Dragonite|spe|1
|
|upkeep
|inactive|AN555GEL has 30 seconds left.
|
|t:|1757105902
|switch|p1b: Ursaluna|Ursaluna-Bloodmoon, L50, M|100/100
|switch|p2b: Archaludon|Archaludon, L50, M|100/100
|turn|5
|
|t:|1757105921
|move|p2a: Dragonite|Scale Shot|p2b: Archaludon
|-damage|p2b: Archaludon|91/100
|-ability|p2b: Archaludon|Stamina|boost
|-boost|p2b: Archaludon|def|1
|-damage|p2b: Archaludon|85/100
|-ability|p2b: Archaludon|Stamina|boost
|-boost|p2b: Archaludon|def|1
|-damage|p2b: Archaludon|80/100
|-ability|p2b: Archaludon|Stamina|boost
|-boost|p2b: Archaludon|def|1
|-damage|p2b: Archaludon|75/100
|-ability|p2b: Archaludon|Stamina|boost
|-boost|p2b: Archaludon|def|1
|-hitcount|p2b: Archaludon|4
|-unboost|p2a: Dragonite|def|1
|-boost|p2a: Dragonite|spe|1
|move|p2b: Archaludon|Body Press|p1b: Ursaluna
|-supereffective|p1b: Ursaluna
|-damage|p1b: Ursaluna|0 fnt
|faint|p1b: Ursaluna
|move|p1a: Dragonite|Haze|p1a: Dragonite
|-clearallboost
|
|upkeep
|turn|6
|c|☆AN555GEL|gg
|-message|Onir the magician forfeited.
|
|win|AN555GEL
|raw|Onir the magician's rating: 1341 → 1326(-15 for losing)
|raw|AN555GEL's rating: 1429 → 1444(+15 for winning)
|l|☆Onir the magician
|player|p1|
