|j|☆TheGamerVGC0023
|j|☆lukashz
|html|TheGamerVGC0023lukashz    
|uhtml|bestof|Game 2 of a best-of-3
|t:|1784237674
|gametype|doubles
|player|p1|TheGamerVGC0023|boarder|1361
|player|p2|lukashz|elesa|1426
|gen|9
|tier|[Gen 9 Champions] VGC 2026 Reg M-B (Bo3)
|rated|
|rule|Species Clause: Limit one of each Pokémon
|rule|Item Clause: Limit 1 of each item
|clearpoke
|poke|p1|Charizard, L50, M|
|poke|p1|Venusaur, L50, F|
|poke|p1|Grimmsnarl, L50, M|
|poke|p1|Pelipper, L50, M|
|poke|p1|Archaludon, L50, F|
|poke|p1|Basculegion, L50, M|
|poke|p2|Chandelure, L50, M|
|poke|p2|Kangaskhan, L50, F|
|poke|p2|Basculegion, L50, M|
|poke|p2|Sylveon, L50, M|
|poke|p2|Kingambit, L50, F|
|poke|p2|Hatterene, L50, F|
|teampreview|4
|showteam|p1|Charizard||CharizarditeY|Blaze|HeatWave,WeatherBall,SolarBeam,Protect|Modest||M|||50|]Venusaur||Venusaurite|Chlorophyll|SludgeBomb,EarthPower,SleepPowder,Protect|Modest||F|||50|]Grimmsnarl||LightClay|Prankster|SpiritBreak,Reflect,LightScreen,PartingShot|Careful||M|||50|]Pelipper||SitrusBerry|Drizzle|WeatherBall,Hurricane,Tailwind,WideGuard|Modest||M|||50|]Archaludon||Leftovers|Stamina|ElectroShot,DragonPulse,FlashCannon,Protect|Modest||F|||50|]Basculegion||ChoiceScarf|Adaptability|WaveCrash,FlipTurn,LastRespects,AquaJet|Jolly||M|||50|
|showteam|p2|Chandelure||FocusSash|FlashFire|HeatWave,ShadowBall,TrickRoom,Taunt|Quiet||M|||50|]Kangaskhan||Kangaskhanite|InnerFocus|FakeOut,DoubleEdge,SuckerPunch,SunnyDay|Brave||F|||50|]Basculegion||MysticWater|Adaptability|WaveCrash,FlipTurn,AquaJet,Protect|Brave||M|||50|]Sylveon||FairyFeather|Pixilate|HyperVoice,Protect,HyperBeam,HelpingHand|Quiet||M|||50|]Kingambit||BlackGlasses|Defiant|KowtowCleave,SuckerPunch,IronHead,Protect|Brave||F|||50|]Hatterene||SitrusBerry|MagicBounce|TrickRoom,Psychic,MistyTerrain,MagicRoom|Sassy||F|||50|
|
|t:|1784237692
|teamsize|p1|4
|teamsize|p2|4
|start
|switch|p1a: Grimmsnarl|Grimmsnarl, L50, M|100/100
|switch|p1b: Archaludon|Archaludon, L50, F|100/100
|switch|p2a: Kangaskhan|Kangaskhan, L50, F|100/100
|switch|p2b: Chandelure|Chandelure, L50, M|100/100
|turn|1
|inactive|Battle timer is ON: inactive players will automatically lose when time's up. (requested by TheGamerVGC0023)
|
|t:|1784237705
|move|p2a: Kangaskhan|Fake Out|p1b: Archaludon
|-resisted|p1b: Archaludon|1
|-damage|p1b: Archaludon|93/100
|-ability|p1b: Archaludon|Stamina|boost
|-boost|p1b: Archaludon|def|1
|move|p1a: Grimmsnarl|Light Screen|p1a: Grimmsnarl
|-sidestart|p1: TheGamerVGC0023|move: Light Screen
|cant|p1b: Archaludon|flinch
|move|p2b: Chandelure|Trick Room|p2b: Chandelure
|-fieldstart|move: Trick Room|[of] p2b: Chandelure
|
|-heal|p1b: Archaludon|100/100|[from] item: Leftovers
|upkeep
|turn|2
|l|☆TheGamerVGC0023
|inactive|TheGamerVGC0023 disconnected and has a minute to reconnect!
|player|p1|
|
|t:|1784237723
|detailschange|p2a: Kangaskhan|Kangaskhan-Mega, L50, F
|-mega|p2a: Kangaskhan|Kangaskhan|Kangaskhanite
|move|p1b: Archaludon|Protect|p1b: Archaludon
|-singleturn|p1b: Archaludon|Protect
|move|p1a: Grimmsnarl|Spirit Break|p2b: Chandelure
|-resisted|p2b: Chandelure|1
|-damage|p2b: Chandelure|80/100
|-unboost|p2b: Chandelure|spa|1
|move|p2b: Chandelure|Shadow Ball|p1a: Grimmsnarl
|-resisted|p1a: Grimmsnarl|1
|-damage|p1a: Grimmsnarl|90/100
|move|p2a: Kangaskhan|Double-Edge|p1a: Grimmsnarl
|-crit|p1a: Grimmsnarl
|-damage|p1a: Grimmsnarl|0 fnt
|faint|p1a: Grimmsnarl
|-damage|p2a: Kangaskhan|71/100|[from] Recoil
|
|upkeep
|j|☆TheGamerVGC0023
|inactive|TheGamerVGC0023 reconnected and has 55 seconds left.
|player|p1|TheGamerVGC0023|boarder|
|
|t:|1784237735
|switch|p1a: Venusaur|Venusaur, L50, F|100/100
|turn|3
|
|t:|1784237756
|detailschange|p1a: Venusaur|Venusaur-Mega, L50, F
|-mega|p1a: Venusaur|Venusaur|Venusaurite
|move|p2b: Chandelure|Heat Wave|p1b: Archaludon|[spread] 
|-miss|p2b: Chandelure|p1a: Venusaur
|-miss|p2b: Chandelure|p1b: Archaludon
|move|p2a: Kangaskhan|Sunny Day|p2a: Kangaskhan
|-weather|SunnyDay
|move|p1b: Archaludon|Dragon Pulse|p2b: Chandelure
|-damage|p2b: Chandelure|35/100
|move|p1a: Venusaur|Sleep Powder|p2a: Kangaskhan
|-status|p2a: Kangaskhan|slp|[from] move: Sleep Powder
|
|-weather|SunnyDay|[upkeep]
|upkeep
|turn|4
|
|t:|1784237772
|switch|p2b: Kingambit|Kingambit, L50, F|100/100
|switch|p2a: Sylveon|Sylveon, L50, M|100/100
|switch|p1a: Pelipper|Pelipper, L50, M|100/100
|-weather|RainDance|[from] ability: Drizzle|[of] p1a: Pelipper
|move|p1b: Archaludon|Electro Shot||[still]
|-prepare|p1b: Archaludon|Electro Shot
|-boost|p1b: Archaludon|spa|1
|-anim|p1b: Archaludon|Electro Shot|p2b: Kingambit
|-damage|p2b: Kingambit|46/100
|
|-weather|RainDance|[upkeep]
|upkeep
|turn|5
|
|t:|1784237788
|switch|p1a: Venusaur|Venusaur-Mega, L50, F|100/100
|move|p2a: Sylveon|Helping Hand|p2b: Kingambit
|-singleturn|p2b: Kingambit|Helping Hand|[of] p2a: Sylveon
|move|p1b: Archaludon|Protect|p1b: Archaludon
|-singleturn|p1b: Archaludon|Protect
|move|p2b: Kingambit|Kowtow Cleave|p1a: Venusaur
|-damage|p1a: Venusaur|30/100
|
|-weather|RainDance|[upkeep]
|-fieldend|move: Trick Room
|upkeep
|turn|6
|
|t:|1784237808
|move|p2b: Kingambit|Sucker Punch||[still]
|-fail|p2b: Kingambit
|move|p1a: Venusaur|Sleep Powder|p2a: Sylveon
|-status|p2a: Sylveon|slp|[from] move: Sleep Powder
|move|p1b: Archaludon|Electro Shot||[still]
|-prepare|p1b: Archaludon|Electro Shot
|-boost|p1b: Archaludon|spa|1
|-anim|p1b: Archaludon|Electro Shot|p2b: Kingambit
|-damage|p2b: Kingambit|0 fnt
|faint|p2b: Kingambit
|cant|p2a: Sylveon|slp
|
|-weather|RainDance|[upkeep]
|upkeep
|
|t:|1784237817
|switch|p2b: Kangaskhan|Kangaskhan-Mega, L50, F|71/100 slp
|turn|7
|
|t:|1784237828
|switch|p2a: Chandelure|Chandelure, L50, M|35/100
|move|p1a: Venusaur|Sludge Bomb|p2a: Chandelure
|-resisted|p2a: Chandelure|1
|-damage|p2a: Chandelure|10/100
|move|p1b: Archaludon|Electro Shot||[still]
|-prepare|p1b: Archaludon|Electro Shot
|-boost|p1b: Archaludon|spa|1
|-anim|p1b: Archaludon|Electro Shot|p2b: Kangaskhan
|-damage|p2b: Kangaskhan|0 fnt
|faint|p2b: Kangaskhan
|
|-weather|RainDance|[upkeep]
|upkeep
|
|t:|1784237832
|switch|p2b: Sylveon|Sylveon, L50, M|100/100 slp
|turn|8
|
|t:|1784237837
|move|p1a: Venusaur|Earth Power|p2a: Chandelure
|-supereffective|p2a: Chandelure|1
|-damage|p2a: Chandelure|0 fnt
|faint|p2a: Chandelure
|move|p1b: Archaludon|Flash Cannon|p2b: Sylveon
|-supereffective|p2b: Sylveon|1
|-damage|p2b: Sylveon|0 fnt
|faint|p2b: Sylveon
|
|win|TheGamerVGC0023
|raw|TheGamerVGC0023's rating: 1361 → 1385(+24 for winning)
|raw|lukashz's rating: 1426 → 1402(-24 for losing)
|l|☆TheGamerVGC0023
|player|p1|
