|j|‽EDJPP
|j|☆Snivii
|html|EDJPPSnivii    
|uhtml|bestof|Game 1 of a best-of-3
|t:|1785874502
|gametype|doubles
|player|p1|EDJPP|volkner|1150
|player|p2|Snivii|170|1212
|gen|9
|tier|[Gen 9 Champions] VGC 2026 Reg M-B (Bo3)
|rated|
|rule|Species Clause: Limit one of each Pokémon
|rule|Item Clause: Limit 1 of each item
|clearpoke
|poke|p1|Froslass, L50, F|
|poke|p1|Lycanroc-Dusk, L50, F|
|poke|p1|Sneasler, L50, F|
|poke|p1|Corviknight, L50, F|
|poke|p1|Garchomp, L50, M|
|poke|p1|Tsareena, L50, F|
|poke|p2|Serperior, L50, M|
|poke|p2|Grimmsnarl, L50, M|
|poke|p2|Staraptor, L50, F|
|poke|p2|Whimsicott, L50, M|
|poke|p2|Blastoise, L50, F|
|poke|p2|Skeledirge, L50, F|
|teampreview|4
|showteam|p1|Froslass||Froslassite|SnowCloak|Blizzard,Protect,ShadowBall,AuroraVeil|Timid||F|||50|]Lycanroc-Dusk||ExpertBelt|ToughClaws|Accelerock,CloseCombat,RockSlide,SuckerPunch|Adamant||F|||50|]Sneasler||WhiteHerb|Unburden|CloseCombat,FakeOut,DireClaw,Protect|Jolly||F|||50|]Corviknight||Leftovers|MirrorArmor|BraveBird,Tailwind,IronHead,Roost|Adamant||F|||50|]Garchomp||ChoiceScarf|RoughSkin|StompingTantrum,DragonClaw,RockTomb,IronHead|Jolly||M|||50|]Tsareena||WideLens|QueenlyMajesty|Taunt,HighJumpKick,PowerWhip,Protect|Jolly||F|||50|
|showteam|p2|Serperior||WideLens|Contrary|LeafStorm,Glare,Protect,GastroAcid|Timid||M|||50|]Grimmsnarl||LightClay|Prankster|SpiritBreak,LightScreen,Reflect,PartingShot|Careful||M|||50|]Staraptor||Staraptite|Intimidate|BraveBird,CloseCombat,Roost,Protect|Jolly||F|||50|]Whimsicott||FocusSash|Prankster|Moonblast,Charm,Encore,Tailwind|Timid||M|||50|]Blastoise||Blastoisinite|Torrent|WaterSpout,AuraSphere,WaterPulse,Protect|Modest||F|||50|]Skeledirge||Leftovers|Unaware|TorchSong,ShadowBall,Yawn,Snarl|Quiet||F|||50|
|inactive|Battle timer is ON: inactive players will automatically lose when time's up. (requested by EDJPP)
|inactive|EDJPP has 60 seconds left.
|inactive|EDJPP has 30 seconds left.
|inactive|EDJPP has 20 seconds left.
|
|t:|1785874573
|teamsize|p1|4
|teamsize|p2|4
|start
|switch|p1a: Garchomp|Garchomp, L50, M|100/100
|switch|p1b: Corviknight|Corviknight, L50, F|100/100
|switch|p2a: Grimmsnarl|Grimmsnarl, L50, M|100/100
|switch|p2b: Whimsicott|Whimsicott, L50, M|100/100
|turn|1
|
|t:|1785874596
|move|p2b: Whimsicott|Tailwind|p2b: Whimsicott
|-sidestart|p2: Snivii|move: Tailwind
|move|p2a: Grimmsnarl|Reflect|p2a: Grimmsnarl
|-sidestart|p2: Snivii|Reflect
|move|p1a: Garchomp|Iron Head|p2a: Grimmsnarl
|-supereffective|p2a: Grimmsnarl|1
|-damage|p2a: Grimmsnarl|64/100
|move|p1b: Corviknight|Iron Head|p2a: Grimmsnarl
|-supereffective|p2a: Grimmsnarl|1
|-damage|p2a: Grimmsnarl|19/100
|
|upkeep
|turn|2
|
|t:|1785874608
|move|p2a: Grimmsnarl|Parting Shot|p1a: Garchomp
|-unboost|p1a: Garchomp|atk|1
|-unboost|p1a: Garchomp|spa|1
|
|t:|1785874610
|switch|p2a: Skeledirge|Skeledirge, L50, F|100/100|[from] Parting Shot
|move|p2b: Whimsicott|Moonblast|p1a: Garchomp
|-supereffective|p1a: Garchomp|1
|-damage|p1a: Garchomp|18/100
|move|p1a: Garchomp|Iron Head|p2b: Whimsicott
|-supereffective|p2b: Whimsicott|1
|-damage|p2b: Whimsicott|59/100
|move|p1b: Corviknight|Brave Bird|p2a: Skeledirge
|-damage|p2a: Skeledirge|74/100
|-damage|p1b: Corviknight|91/100|[from] Recoil
|
|-heal|p2a: Skeledirge|80/100|[from] item: Leftovers
|-heal|p1b: Corviknight|97/100|[from] item: Leftovers
|upkeep
|turn|3
|inactive|EDJPP has 30 seconds left.
|
|t:|1785874643
|switch|p1a: Sneasler|Sneasler, L50, F|100/100
|move|p2b: Whimsicott|Encore|p1b: Corviknight
|-start|p1b: Corviknight|Encore
|move|p2a: Skeledirge|Torch Song|p1a: Sneasler
|-damage|p1a: Sneasler|46/100
|-boost|p2a: Skeledirge|spa|1
|move|p1b: Corviknight|Brave Bird|p2b: Whimsicott
|-supereffective|p2b: Whimsicott|1
|-damage|p2b: Whimsicott|0 fnt
|faint|p2b: Whimsicott
|-damage|p1b: Corviknight|84/100|[from] Recoil
|
|-heal|p2a: Skeledirge|86/100|[from] item: Leftovers
|-heal|p1b: Corviknight|90/100|[from] item: Leftovers
|upkeep
|
|t:|1785874657
|switch|p2b: Staraptor|Staraptor, L50, F|100/100
|-ability|p2b: Staraptor|Intimidate|boost
|-unboost|p1a: Sneasler|atk|1
|-ability|p1b: Corviknight|Mirror Armor
|-unboost|p2b: Staraptor|atk|1
|-enditem|p1a: Sneasler|White Herb
|-clearnegativeboost|p1a: Sneasler|[silent]
|turn|4
|
|t:|1785874677
|detailschange|p2b: Staraptor|Staraptor-Mega, L50, F
|-mega|p2b: Staraptor|Staraptor|Staraptite
|move|p1a: Sneasler|Fake Out|p2b: Staraptor
|-damage|p2b: Staraptor|91/100
|cant|p2b: Staraptor|flinch
|move|p2a: Skeledirge|Torch Song|p1b: Corviknight
|-supereffective|p1b: Corviknight|1
|-damage|p1b: Corviknight|0 fnt
|-boost|p2a: Skeledirge|spa|1
|faint|p1b: Corviknight
|
|-heal|p2a: Skeledirge|92/100|[from] item: Leftovers
|-sideend|p2: Snivii|move: Tailwind
|upkeep
|
|t:|1785874691
|switch|p1b: Froslass|Froslass, L50, F|100/100
|turn|5
|
|t:|1785874697
|switch|p2b: Grimmsnarl|Grimmsnarl, L50, M|19/100
|detailschange|p1b: Froslass|Froslass-Mega, L50, F
|-mega|p1b: Froslass|Froslass|Froslassite
|-weather|Snowscape|[from] ability: Snow Warning|[of] p1b: Froslass
|move|p1a: Sneasler|Dire Claw|p2a: Skeledirge
|-resisted|p2a: Skeledirge|1
|-damage|p2a: Skeledirge|78/100
|move|p1b: Froslass|Blizzard|p2b: Grimmsnarl|[spread] p2a,p2b
|-resisted|p2a: Skeledirge|1
|-damage|p2a: Skeledirge|57/100
|-damage|p2b: Grimmsnarl|0 fnt
|faint|p2b: Grimmsnarl
|move|p2a: Skeledirge|Torch Song|p1a: Sneasler
|-damage|p1a: Sneasler|0 fnt
|-boost|p2a: Skeledirge|spa|1
|faint|p1a: Sneasler
|
|-weather|Snowscape|[upkeep]
|-heal|p2a: Skeledirge|63/100|[from] item: Leftovers
|upkeep
|
|t:|1785874714
|switch|p1a: Garchomp|Garchomp, L50, M|18/100
|switch|p2b: Staraptor|Staraptor-Mega, L50, F|91/100
|turn|6
|
|t:|1785874731
|move|p1a: Garchomp|Stomping Tantrum|p2a: Skeledirge
|-supereffective|p2a: Skeledirge|1
|-damage|p2a: Skeledirge|17/100
|move|p1b: Froslass|Blizzard|p2a: Skeledirge|[spread] p2a,p2b
|-resisted|p2a: Skeledirge|1
|-supereffective|p2b: Staraptor|1
|-damage|p2a: Skeledirge|0 fnt
|-damage|p2b: Staraptor|0 fnt
|faint|p2a: Skeledirge
|faint|p2b: Staraptor
|
|win|EDJPP
||Snivii is ready for game 2.
|inactive|EDJPP has 30 seconds to confirm battle start!
