|j|☆gbaromsenjoyer
|j|☆Mr. Johnny Test
|html|gbaromsenjoyerMr. Johnny Test    
|uhtml|bestof|Game 1 of a best-of-3
|t:|1784123499
|gametype|doubles
|player|p1|gbaromsenjoyer|1|1176
|player|p2|Mr. Johnny Test|265|1146
|gen|9
|tier|[Gen 9 Champions] VGC 2026 Reg M-B (Bo3)
|rated|
|rule|Species Clause: Limit one of each Pokémon
|rule|Item Clause: Limit 1 of each item
|clearpoke
|poke|p1|Blastoise, L50, F|
|poke|p1|Annihilape, L50, F|
|poke|p1|Gallade, L50, M|
|poke|p1|Farigiraf, L50, M|
|poke|p1|Mawile, L50, M|
|poke|p1|Maushold-Four, L50|
|poke|p2|Mawile, L50, F, shiny|
|poke|p2|Charizard, L50, M|
|poke|p2|Sinistcha-Masterpiece, L50, shiny|
|poke|p2|Milotic, L50, F, shiny|
|poke|p2|Whimsicott, L50, F, shiny|
|poke|p2|Garchomp, L50, M|
|teampreview|4
|showteam|p1|Blastoise||Blastoisinite|RainDish|MuddyWater,DarkPulse,ShellSmash,Protect|Modest||F|||50|]Annihilape||SitrusBerry|Defiant|BulkUp,DrainPunch,Protect,RageFist|Adamant||F|||50|]Gallade||IronBall|Sharpness|SacredSword,PsychoCut,LeafBlade,TrickRoom|Brave||M|||50|]Farigiraf||ColburBerry|ArmorTail|Psychic,Thunderbolt,HelpingHand,TrickRoom|Quiet||M|||50|]Mawile||Mawilite|HyperCutter|RockSlide,PlayRough,KnockOff,Protect|Brave||M|||50|]Maushold-Four||WideLens|Technician|PopulationBomb,Protect,FollowMe,BeatUp|Jolly|||||50|
|showteam|p2|Mawile||Mawilite|Intimidate|SuckerPunch,IronHead,PlayRough,Protect|Adamant||F|||50|]Charizard||CharizarditeX|Blaze|Protect,FlameCharge,DragonClaw,BellyDrum|Adamant||M|||50|]Sinistcha-Masterpiece||SitrusBerry|Hospitality|LifeDew,RagePowder,TrickRoom,MatchaGotcha|Calm|||||50|]Milotic||Leftovers|Competitive|IcyWind,MuddyWater,Coil,Hypnosis|Bold||F|||50|]Whimsicott||FocusSash|Prankster|Tailwind,GrassyTerrain,Moonblast,Protect|Timid||F|||50|]Garchomp||LifeOrb|RoughSkin|DragonClaw,StompingTantrum,RockSlide,Protect|Jolly||M|||50|
|c|☆gbaromsenjoyer|gl bf
|c|☆gbaromsenjoyer|hf*
|
|t:|1784123552
|teamsize|p1|4
|teamsize|p2|4
|start
|switch|p1a: Farigiraf|Farigiraf, L50, M|100/100
|switch|p1b: Maushold|Maushold-Four, L50|100/100
|switch|p2a: Boa Hancock|Milotic, L50, F, shiny|100/100
|switch|p2b: Southern|Sinistcha-Masterpiece, L50, shiny|100/100
|turn|1
|inactive|Battle timer is ON: inactive players will automatically lose when time's up. (requested by Mr. Johnny Test)
|
|t:|1784123578
|move|p2b: Southern|Rage Powder|p2b: Southern
|-singleturn|p2b: Southern|move: Rage Powder
|move|p1b: Maushold|Population Bomb|p2b: Southern
|-immune|p2b: Southern
|move|p2a: Boa Hancock|Coil|p2a: Boa Hancock
|-boost|p2a: Boa Hancock|atk|1
|-boost|p2a: Boa Hancock|def|1
|-boost|p2a: Boa Hancock|accuracy|1
|move|p1a: Farigiraf|Trick Room|p1a: Farigiraf
|-fieldstart|move: Trick Room|[of] p1a: Farigiraf
|
|upkeep
|turn|2
|inactive|gbaromsenjoyer has 30 seconds left.
|
|t:|1784123612
|move|p1a: Farigiraf|Thunderbolt|p2a: Boa Hancock
|-supereffective|p2a: Boa Hancock|1
|-damage|p2a: Boa Hancock|64/100
|move|p2b: Southern|Matcha Gotcha|p1a: Farigiraf|[spread] p1a,p1b
|-damage|p1a: Farigiraf|75/100
|-damage|p1b: Maushold|66/100
|-status|p1b: Maushold|brn
|move|p2a: Boa Hancock|Muddy Water|p1a: Farigiraf|[spread] p1a,p1b
|-damage|p1a: Farigiraf|51/100
|-damage|p1b: Maushold|31/100 brn
|move|p1b: Maushold|Population Bomb|p2a: Boa Hancock
|-damage|p2a: Boa Hancock|61/100
|-damage|p2a: Boa Hancock|58/100
|-damage|p2a: Boa Hancock|55/100
|-damage|p2a: Boa Hancock|52/100
|-crit|p2a: Boa Hancock
|-damage|p2a: Boa Hancock|45/100
|-damage|p2a: Boa Hancock|42/100
|-crit|p2a: Boa Hancock
|-damage|p2a: Boa Hancock|34/100
|-damage|p2a: Boa Hancock|31/100
|-damage|p2a: Boa Hancock|28/100
|-damage|p2a: Boa Hancock|25/100
|-hitcount|p2a: Boa Hancock|10
|
|-heal|p2a: Boa Hancock|31/100|[from] item: Leftovers
|-damage|p1b: Maushold|25/100 brn|[from] brn
|upkeep
|turn|3
|inactive|gbaromsenjoyer has 30 seconds left.
|inactive|Mr. Johnny Test has 30 seconds left.
|inactive|gbaromsenjoyer has 20 seconds left.
|inactive|gbaromsenjoyer has 15 seconds left.
|inactive|gbaromsenjoyer has 10 seconds left.
|
|t:|1784123660
|move|p2b: Southern|Rage Powder|p2b: Southern
|-singleturn|p2b: Southern|move: Rage Powder
|move|p1a: Farigiraf|Thunderbolt|p2b: Southern
|-resisted|p2b: Southern|1
|-damage|p2b: Southern|87/100
|move|p2a: Boa Hancock|Muddy Water|p1b: Maushold|[spread] p1a,p1b
|-damage|p1a: Farigiraf|27/100
|-damage|p1b: Maushold|0 fnt
|faint|p1b: Maushold
|
|-heal|p2a: Boa Hancock|37/100|[from] item: Leftovers
|upkeep
|
|t:|1784123671
|switch|p1b: Mawile|Mawile, L50, M|100/100
|turn|4
|
|t:|1784123685
|switch|p1a: Gallade|Gallade, L50, M|100/100
|detailschange|p1b: Mawile|Mawile-Mega, L50, M
|-mega|p1b: Mawile|Mawile|Mawilite
|move|p2b: Southern|Rage Powder|p2b: Southern
|-singleturn|p2b: Southern|move: Rage Powder
|move|p1b: Mawile|Knock Off|p2b: Southern
|-supereffective|p2b: Southern|1
|-damage|p2b: Southern|0 fnt
|-enditem|p2b: Southern|Sitrus Berry|[from] move: Knock Off|[of] p1b: Mawile
|faint|p2b: Southern
|move|p2a: Boa Hancock|Hypnosis|p1b: Mawile|[miss]
|-miss|p2a: Boa Hancock|p1b: Mawile
|
|-heal|p2a: Boa Hancock|43/100|[from] item: Leftovers
|upkeep
|
|t:|1784123701
|switch|p2b: Daenerys|Mawile, L50, F, shiny|100/100
|-ability|p2b: Daenerys|Intimidate|boost
|-unboost|p1a: Gallade|atk|1
|-unboost|p1b: Mawile|atk|1
|turn|5
|inactive|gbaromsenjoyer has 30 seconds left.
|inactive|gbaromsenjoyer has 20 seconds left.
|inactive|gbaromsenjoyer has 15 seconds left.
|
|t:|1784123741
|detailschange|p2b: Daenerys|Mawile-Mega, L50, F, shiny
|-mega|p2b: Daenerys|Mawile|Mawilite
|move|p1a: Gallade|Leaf Blade|p2a: Boa Hancock
|-supereffective|p2a: Boa Hancock|1
|-damage|p2a: Boa Hancock|7/100
|move|p1b: Mawile|Play Rough|p2b: Daenerys
|-resisted|p2b: Daenerys|1
|-damage|p2b: Daenerys|73/100
|move|p2b: Daenerys|Play Rough|p1a: Gallade|[miss]
|-miss|p2b: Daenerys|p1a: Gallade
|move|p2a: Boa Hancock|Coil|p2a: Boa Hancock
|-boost|p2a: Boa Hancock|atk|1
|-boost|p2a: Boa Hancock|def|1
|-boost|p2a: Boa Hancock|accuracy|1
|
|-heal|p2a: Boa Hancock|13/100|[from] item: Leftovers
|-fieldend|move: Trick Room
|upkeep
|turn|6
|inactive|gbaromsenjoyer has 30 seconds left.
|
|t:|1784123771
|move|p2a: Boa Hancock|Hypnosis|p1b: Mawile
|-status|p1b: Mawile|slp|[from] move: Hypnosis
|move|p2b: Daenerys|Play Rough|p1a: Gallade
|-supereffective|p1a: Gallade|1
|-damage|p1a: Gallade|0 fnt
|faint|p1a: Gallade
|cant|p1b: Mawile|slp
|
|-heal|p2a: Boa Hancock|19/100|[from] item: Leftovers
|upkeep
|
|t:|1784123780
|switch|p1a: Farigiraf|Farigiraf, L50, M|27/100
|turn|7
|c|☆gbaromsenjoyer|cool u cooked
|
|t:|1784123801
|move|p2a: Boa Hancock|Hypnosis|p1a: Farigiraf
|-status|p1a: Farigiraf|slp|[from] move: Hypnosis
|cant|p1a: Farigiraf|slp
|move|p2b: Daenerys|Iron Head|p1b: Mawile
|-damage|p1b: Mawile|21/100 slp
|cant|p1b: Mawile|slp
|
|-heal|p2a: Boa Hancock|25/100|[from] item: Leftovers
|upkeep
|turn|8
|
|t:|1784123807
|move|p2a: Boa Hancock|Muddy Water|p1b: Mawile|[spread] p1a,p1b
|-damage|p1a: Farigiraf|4/100 slp
|-damage|p1b: Mawile|0 fnt
|-unboost|p1a: Farigiraf|accuracy|1
|faint|p1b: Mawile
|-curestatus|p1a: Farigiraf|slp|[msg]
|move|p1a: Farigiraf|Psychic|p2a: Boa Hancock
|-damage|p2a: Boa Hancock|0 fnt
|faint|p2a: Boa Hancock
|move|p2b: Daenerys|Iron Head|p1a: Farigiraf
|-damage|p1a: Farigiraf|0 fnt
|faint|p1a: Farigiraf
|
|win|Mr. Johnny Test
||Mr. Johnny Test is ready for game 2.
||gbaromsenjoyer is ready for game 2.
|uhtml|next|Next: Game 2 of 3
|l|☆Mr. Johnny Test
|player|p2|
