|j|ŌśåRiotJuice
|j|Ōśåmunchie2ff
|html|RiotJuicemunchie2ff    
|uhtml|bestof|Game 1 of a best-of-3
|t:|1783961401
|gametype|doubles
|player|p1|RiotJuice|janitor|
|player|p2|munchie2ff|colress|
|gen|9
|tier|[Gen 9 Champions] VGC 2026 Reg M-B (Bo3)
|rule|Species Clause: Limit one of each Pok├®mon
|rule|Item Clause: Limit 1 of each item
|clearpoke
|poke|p1|Delphox, L50, F|
|poke|p1|Incineroar, L50, F|
|poke|p1|Sinistcha, L50|
|poke|p1|Sneasler, L50, M|
|poke|p1|Blastoise, L50, M|
|poke|p1|Kingambit, L50, F|
|poke|p2|Charizard, L50, F|
|poke|p2|Floette-Eternal, L50, F|
|poke|p2|Whimsicott, L50, M|
|poke|p2|Kingambit, L50, F|
|poke|p2|Garchomp, L50, F|
|poke|p2|Basculegion, L50, M|
|teampreview|4
|showteam|p1|Delphox||Delphoxite|Blaze|HeatWave,Psyshock,NastyPlot,Protect|Timid||F|||50|]Incineroar||SitrusBerry|Intimidate|FakeOut,PartingShot,FlareBlitz,HelpingHand|Impish||F|||50|]Sinistcha||KasibBerry|Hospitality|Protect,MatchaGotcha,LifeDew,RagePowder|Bold|||||50|]Sneasler||FocusSash|PoisonTouch|CloseCombat,DireClaw,QuickGuard,FakeOut|Adamant||M|||50|]Blastoise||Blastoisinite|RainDish|Protect,WaterSpout,DarkPulse,ShellSmash|Modest||M|||50|]Kingambit||BlackGlasses|Defiant|KowtowCleave,SwordsDance,SuckerPunch,Protect|Adamant||F|||50|
|showteam|p2|Charizard||CharizarditeY|Blaze|HeatWave,WeatherBall,SolarBeam,Protect|Modest||F|||50|]Floette-Eternal||Floettite|FlowerVeil|DazzlingGleam,Protect,Moonblast,LightofRuin|Modest||F|||50|]Whimsicott||FocusSash|Prankster|Moonblast,Protect,Tailwind,Encore|Timid||M|||50|]Kingambit||ChopleBerry|Defiant|KowtowCleave,SuckerPunch,IronHead,Protect|Adamant||F|||50|]Garchomp||RoseliBerry|RoughSkin|DragonClaw,Earthquake,RockSlide,PoisonJab|Jolly||F|||50|]Basculegion||LifeOrb|Adaptability|WaveCrash,LastRespects,AquaJet,Protect|Adamant||M|||50|
|
|t:|1783961426
|teamsize|p1|4
|teamsize|p2|4
|start
|switch|p1a: Incineroar|Incineroar, L50, F|100/100
|switch|p1b: Kingambit|Kingambit, L50, F|100/100
|switch|p2a: Outkast|Floette-Eternal, L50, F|100/100
|switch|p2b: Whimbanyama|Whimsicott, L50, M|100/100
|-ability|p1a: Incineroar|Intimidate|boost
|-unboost|p2a: Outkast|atk|1
|-block|p2b: Whimbanyama|ability: Flower Veil|[of] p2a: Outkast
|turn|1
|
|t:|1783961449
|detailschange|p2a: Outkast|Floette-Mega, L50, F
|-mega|p2a: Outkast|Floette|Floettite
|-ability|p2a: Outkast|Fairy Aura
|move|p1a: Incineroar|Fake Out|p2a: Outkast
|-damage|p2a: Outkast|85/100
|move|p2b: Whimbanyama|Moonblast|p1b: Kingambit
|-damage|p1b: Kingambit|56/100
|cant|p2a: Outkast|flinch
|move|p1b: Kingambit|Swords Dance|p1b: Kingambit
|-boost|p1b: Kingambit|atk|2
|
|upkeep
|turn|2
|
|t:|1783961483
|move|p1a: Incineroar|Helping Hand|p1b: Kingambit
|-singleturn|p1b: Kingambit|Helping Hand|[of] p1a: Incineroar
|move|p1b: Kingambit|Sucker Punch|p2a: Outkast
|-resisted|p2a: Outkast|1
|-damage|p2a: Outkast|0 fnt
|faint|p2a: Outkast
|move|p2b: Whimbanyama|Moonblast|p1b: Kingambit
|-damage|p1b: Kingambit|22/100
|
|upkeep
|
|t:|1783961501
|switch|p2a: Jaws 4D|Garchomp, L50, F|100/100
|turn|3
|
|t:|1783961516
|switch|p2a: Bascline Junkie|Basculegion, L50, M|100/100
|move|p1b: Kingambit|Protect|p1b: Kingambit
|-singleturn|p1b: Kingambit|Protect
|move|p2b: Whimbanyama|Moonblast|p1b: Kingambit
|-activate|p1b: Kingambit|move: Protect
|move|p1a: Incineroar|Parting Shot|p2a: Bascline Junkie
|-unboost|p2a: Bascline Junkie|atk|1
|-unboost|p2a: Bascline Junkie|spa|1
|
|t:|1783961531
|switch|p1a: Sneasler|Sneasler, L50, M|100/100|[from] Parting Shot
|
|upkeep
|turn|4
|
|t:|1783961567
|move|p1b: Kingambit|Sucker Punch|p2a: Bascline Junkie
|-supereffective|p2a: Bascline Junkie|1
|-damage|p2a: Bascline Junkie|0 fnt
|faint|p2a: Bascline Junkie
|move|p2b: Whimbanyama|Moonblast|p1b: Kingambit
|-damage|p1b: Kingambit|0 fnt
|faint|p1b: Kingambit
|move|p1a: Sneasler|Dire Claw|p2b: Whimbanyama
|-supereffective|p2b: Whimbanyama|2
|-enditem|p2b: Whimbanyama|Focus Sash
|-damage|p2b: Whimbanyama|1/100
|-status|p2b: Whimbanyama|psn|[from] ability: Poison Touch|[of] p1a: Sneasler
|
|-damage|p2b: Whimbanyama|0 fnt|[from] psn
|faint|p2b: Whimbanyama
|upkeep
|
|t:|1783961577
|switch|p2b: Jaws 4D|Garchomp, L50, F|100/100
|switch|p1b: Delphox|Delphox, L50, F|100/100
|turn|5
|c|Ōśåmunchie2ff|ggs
|
|t:|1783961587
|detailschange|p1b: Delphox|Delphox-Mega, L50, F
|-mega|p1b: Delphox|Delphox|Delphoxite
|move|p1b: Delphox|Nasty Plot|p1b: Delphox
|-boost|p1b: Delphox|spa|2
|move|p1a: Sneasler|Dire Claw|p2b: Jaws 4D
|-resisted|p2b: Jaws 4D|1
|-damage|p2b: Jaws 4D|76/100
|-damage|p1a: Sneasler|87/100|[from] ability: Rough Skin|[of] p2b: Jaws 4D
|move|p2b: Jaws 4D|Rock Slide|p1a: Sneasler|[spread] p1a,p1b
|-resisted|p1a: Sneasler|1
|-supereffective|p1b: Delphox|1
|-damage|p1a: Sneasler|71/100
|-damage|p1b: Delphox|60/100
|
|upkeep
|turn|6
|c|ŌśåRiotJuice|gg
|c|Ōśåmunchie2ff|ok so hh incin really throws that lead somewhat askew
|c|ŌśåRiotJuice|what bulk are you running on floette
|c|ŌśåRiotJuice|it might've been a roll
|
|t:|1783961637
|move|p1b: Delphox|Psyshock|p2b: Jaws 4D
|-damage|p2b: Jaws 4D|0 fnt
|faint|p2b: Jaws 4D
|
|win|RiotJuice
|c|Ōśåmunchie2ff|no bulk
|inactive|RiotJuice has 30 seconds to confirm battle start!
|inactive|munchie2ff has 30 seconds to confirm battle start!
|c|Ōśåmunchie2ff|probs not a roll
|inactive|RiotJuice has 20 seconds to confirm battle start!
|inactive|munchie2ff has 20 seconds to confirm battle start!
||munchie2ff is ready for game 2.
|inactive|RiotJuice has 10 seconds to confirm battle start!
||RiotJuice is ready for game 2.
|uhtml|next|Next: Game 2 of 3
