|j|☆Rockslap
|j|☆louffytarau
|html|Rockslaplouffytarau    
|uhtml|bestof|Game 2 of a best-of-3
|t:|1756357604
|gametype|doubles
|player|p1|Rockslap|hiker-gen4|1194
|player|p2|louffytarau|2|1171
|gen|9
|tier|[Gen 9] VGC 2025 Reg H (Bo3)
|rated|
|rule|Species Clause: Limit one of each Pokémon
|rule|Item Clause: Limit 1 of each item
|clearpoke
|poke|p1|Kommo-o, L50, M|
|poke|p1|Golduck, L50, F|
|poke|p1|Incineroar, L50, F|
|poke|p1|Rillaboom, L50, F|
|poke|p1|Volcarona, L50, F|
|poke|p1|Amoonguss, L50, M|
|poke|p2|Incineroar, L50, M|
|poke|p2|Gholdengo, L50|
|poke|p2|Amoonguss, L50, F|
|poke|p2|Hydreigon, L50, F|
|poke|p2|Porygon2, L50|
|poke|p2|Ursaluna, L50, F|
|teampreview|4
|showteam|p1|Kommo-o||ThroatSpray|Soundproof|ClangingScales,FlashCannon,ClangorousSoul,Protect|||M|||50|,,,,,Steel]Golduck||CovertCloak|CloudNine|Encore,IcyWind,Taunt,SimpleBeam|||F|||50|,,,,,Ghost]Incineroar||SafetyGoggles|Intimidate|FakeOut,KnockOff,PartingShot,FlareBlitz|||F|||50|,,,,,Bug]Rillaboom||AssaultVest|GrassySurge|FakeOut,WoodHammer,GrassyGlide,HighHorsepower|||F|||50|,,,,,Water]Volcarona||SitrusBerry|FlameBody|QuiverDance,HeatWave,GigaDrain,Protect|||F|||50|,,,,,Grass]Amoonguss||RockyHelmet|Regenerator|PollenPuff,RagePowder,ClearSmog,Spore|||M|||50|,,,,,Water
|showteam|p2|Incineroar||SitrusBerry|Intimidate|KnockOff,FakeOut,FlareBlitz,PartingShot|||M|||50|,,,,,Ghost]Gholdengo||MetalCoat|GoodasGold|Protect,NastyPlot,MakeItRain,ShadowBall||||||50|,,,,,Water]Amoonguss||RockyHelmet|Regenerator|Spore,RagePowder,PollenPuff,Protect|||F|||50|,,,,,Fairy]Hydreigon||SafetyGoggles|Levitate|DracoMeteor,Snarl,Tailwind,Protect|||F|||50|,,,,,Ghost]Porygon2||Eviolite|Download|Recover,IceBeam,TeraBlast,TrickRoom||||||50|,,,,,Fighting]Ursaluna||FlameOrb|Guts|Earthquake,Facade,HeadlongRush,Protect|||F|||50|,,,,,Ghost
|
|t:|1756357640
|teamsize|p1|4
|teamsize|p2|4
|start
|switch|p1a: Golduck|Golduck, L50, F|100/100
|switch|p1b: Volcarona|Volcarona, L50, F|100/100
|switch|p2a: Porygon2|Porygon2, L50|100/100
|switch|p2b: Amoonguss|Amoonguss, L50, F|100/100
|-ability|p1a: Golduck|Cloud Nine
|-ability|p2a: Porygon2|Download|boost
|-boost|p2a: Porygon2|atk|1
|turn|1
|inactive|Battle timer is ON: inactive players will automatically lose when time's up. (requested by louffytarau)
|
|t:|1756357672
|-terastallize|p1b: Volcarona|Grass
|move|p2b: Amoonguss|Rage Powder|p2b: Amoonguss
|-singleturn|p2b: Amoonguss|move: Rage Powder
|move|p1a: Golduck|Taunt|p2b: Amoonguss
|-start|p2b: Amoonguss|move: Taunt
|move|p1b: Volcarona|Quiver Dance|p1b: Volcarona
|-boost|p1b: Volcarona|spa|1
|-boost|p1b: Volcarona|spd|1
|-boost|p1b: Volcarona|spe|1
|move|p2a: Porygon2|Trick Room|p2a: Porygon2
|-fieldstart|move: Trick Room|[of] p2a: Porygon2
|
|upkeep
|turn|2
|inactive|Rockslap has 30 seconds left.
|inactive|louffytarau has 30 seconds left.
|inactive|louffytarau has 20 seconds left.
|
|t:|1756357709
|switch|p2a: Ursaluna|Ursaluna, L50, F|100/100
|switch|p1a: Incineroar|Incineroar, L50, F|100/100
|-ability|p1a: Incineroar|Intimidate|boost
|-unboost|p2a: Ursaluna|atk|1
|-unboost|p2b: Amoonguss|atk|1
|move|p2b: Amoonguss|Pollen Puff|p1b: Volcarona
|-supereffective|p1b: Volcarona
|-crit|p1b: Volcarona
|-damage|p1b: Volcarona|51/100
|move|p1b: Volcarona|Heat Wave|p2a: Ursaluna|[spread] p2a,p2b
|-supereffective|p2b: Amoonguss
|-crit|p2b: Amoonguss
|-damage|p2a: Ursaluna|50/100
|-damage|p2b: Amoonguss|0 fnt
|faint|p2b: Amoonguss
|
|-status|p2a: Ursaluna|brn|[from] item: Flame Orb
|upkeep
|
|t:|1756357730
|switch|p2b: Porygon2|Porygon2, L50|100/100
|-ability|p2b: Porygon2|Download|boost
|-boost|p2b: Porygon2|atk|1
|turn|3
|
|t:|1756357753
|-terastallize|p2b: Porygon2|Fighting
|move|p2a: Ursaluna|Protect|p2a: Ursaluna
|-singleturn|p2a: Ursaluna|Protect
|move|p2b: Porygon2|Tera Blast|p1a: Incineroar|[anim] Tera Blast Fighting
|-supereffective|p1a: Incineroar
|-damage|p1a: Incineroar|35/100
|move|p1a: Incineroar|Knock Off|p2a: Ursaluna
|-activate|p2a: Ursaluna|move: Protect
|move|p1b: Volcarona|Heat Wave|p2b: Porygon2|[spread] p2b
|-activate|p2a: Ursaluna|move: Protect
|-damage|p2b: Porygon2|67/100
|
|-damage|p2a: Ursaluna|43/100 brn|[from] brn
|upkeep
|turn|4
|
|t:|1756357768
|switch|p1a: Golduck|Golduck, L50, F|100/100
|-ability|p1a: Golduck|Cloud Nine
|move|p1b: Volcarona|Protect|p1b: Volcarona
|-singleturn|p1b: Volcarona|Protect
|move|p2b: Porygon2|Tera Blast|p1a: Golduck|[anim] Tera Blast Fighting
|-damage|p1a: Golduck|55/100
|move|p2a: Ursaluna|Facade|p1b: Volcarona
|-activate|p1b: Volcarona|move: Protect
|
|-damage|p2a: Ursaluna|37/100 brn|[from] brn
|upkeep
|turn|5
|inactive|louffytarau has 30 seconds left.
|inactive|louffytarau has 20 seconds left.
|inactive|louffytarau has 15 seconds left.
|inactive|louffytarau has 10 seconds left.
|
|t:|1756357817
|switch|p2b: Gholdengo|Gholdengo, L50|100/100
|switch|p1a: Incineroar|Incineroar, L50, F|35/100
|-ability|p1a: Incineroar|Intimidate|boost
|-unboost|p2a: Ursaluna|atk|1
|-unboost|p2b: Gholdengo|atk|1
|move|p2a: Ursaluna|Facade|p1b: Volcarona
|-damage|p1b: Volcarona|0 fnt
|faint|p1b: Volcarona
|
|-damage|p2a: Ursaluna|31/100 brn|[from] brn
|-fieldend|move: Trick Room
|upkeep
|
|t:|1756357832
|switch|p1b: Kommo-o|Kommo-o, L50, M, shiny|100/100
|turn|6
|inactive|louffytarau has 30 seconds left.
|
|t:|1756357862
|switch|p2a: Porygon2|Porygon2, L50, tera:Fighting|67/100
|-ability|p2a: Porygon2|Download|boost
|-boost|p2a: Porygon2|spa|1
|move|p1b: Kommo-o|Clanging Scales|p2b: Gholdengo|[spread] p2a,p2b
|-resisted|p2b: Gholdengo
|-damage|p2a: Porygon2|42/100
|-damage|p2b: Gholdengo|82/100
|-unboost|p1b: Kommo-o|def|1
|-enditem|p1b: Kommo-o|Throat Spray
|-boost|p1b: Kommo-o|spa|1|[from] item: Throat Spray
|move|p2b: Gholdengo|Shadow Ball|p1b: Kommo-o
|-damage|p1b: Kommo-o|57/100
|-unboost|p1b: Kommo-o|spd|1
|move|p1a: Incineroar|Knock Off|p2b: Gholdengo
|-supereffective|p2b: Gholdengo
|-crit|p2b: Gholdengo
|-damage|p2b: Gholdengo|0 fnt
|-enditem|p2b: Gholdengo|Metal Coat|[from] move: Knock Off|[of] p1a: Incineroar
|faint|p2b: Gholdengo
|
|upkeep
|
|t:|1756357878
|switch|p2b: Ursaluna|Ursaluna, L50, F|31/100 brn
|turn|7
|inactive|louffytarau has 30 seconds left.
|inactive|louffytarau has 20 seconds left.
|inactive|louffytarau has 15 seconds left.
|inactive|louffytarau has 10 seconds left.
|inactive|louffytarau has 5 seconds left.
|
|t:|1756357933
|move|p1b: Kommo-o|Clanging Scales|p2b: Ursaluna|[spread] p2a,p2b
|-damage|p2a: Porygon2|10/100
|-damage|p2b: Ursaluna|0 fnt
|faint|p2b: Ursaluna
|-unboost|p1b: Kommo-o|def|1
|move|p2a: Porygon2|Recover|p2a: Porygon2
|-heal|p2a: Porygon2|60/100
|move|p1a: Incineroar|Flare Blitz|p2a: Porygon2
|-damage|p2a: Porygon2|23/100
|-damage|p1a: Incineroar|23/100|[from] Recoil
|
|upkeep
|turn|8
|
|t:|1756357949
|move|p1b: Kommo-o|Clanging Scales|p2a: Porygon2
|-damage|p2a: Porygon2|0 fnt
|faint|p2a: Porygon2
|
|win|Rockslap
|raw|Rockslap's rating: 1194 → 1217(+23 for winning)
|raw|louffytarau's rating: 1171 → 1148(-23 for losing)
