|j|☆xareu
|j|☆Harry Koekenpan
|html|xareuHarry Koekenpan    
|uhtml|bestof|Game 1 of a best-of-3
|t:|1756554755
|gametype|doubles
|player|p1|xareu|clay|1132
|player|p2|Harry Koekenpan|101|1132
|gen|9
|tier|[Gen 9] VGC 2025 Reg H (Bo3)
|rated|
|rule|Species Clause: Limit one of each Pokémon
|rule|Item Clause: Limit 1 of each item
|clearpoke
|poke|p1|Volcarona, L50, M|
|poke|p1|Rillaboom, L50, F|
|poke|p1|Electabuzz, L50, M|
|poke|p1|Dragonite, L50, F|
|poke|p1|Kingambit, L50, M|
|poke|p1|Sneasler, L50, M|
|poke|p2|Archaludon, L50, M|
|poke|p2|Rillaboom, L50, M|
|poke|p2|Basculegion, L50, M|
|poke|p2|Kingambit, L50, M|
|poke|p2|Pelipper, L50, M|
|poke|p2|Electabuzz, L50, M|
|teampreview|4
|showteam|p1|Volcarona||Leftovers|FlameBody|HeatWave,TeraBlast,QuiverDance,Protect|||M|||50|,,,,,Fairy]Rillaboom||AssaultVest|GrassySurge|WoodHammer,GrassyGlide,HighHorsepower,FakeOut|||F|||50|,,,,,Fire]Electabuzz||Eviolite|VitalSpirit|Thunderbolt,FollowMe,Taunt,Protect|||M|||50|,,,,,Ghost]Dragonite||LoadedDice|Multiscale|ScaleShot,ExtremeSpeed,Haze,Protect|||F|||50|,,,,,Steel]Kingambit||BlackGlasses|Defiant|KowtowCleave,SuckerPunch,SwordsDance,Protect|||M|||50|,,,,,Dark]Sneasler||FocusSash|Unburden|CloseCombat,DireClaw,Coaching,Protect|||M|||50|,,,,,Stellar
|showteam|p2|Archaludon||AssaultVest|Stamina|ElectroShot,DracoMeteor,FlashCannon,BodyPress|||M|||50|,,,,,Bug]Rillaboom||LoadedDice|GrassySurge|BulletSeed,GrassyGlide,FakeOut,HighHorsepower|||M|||50|,,,,,Fire]Basculegion||ChoiceBand|SwiftSwim|WaveCrash,LastRespects,FlipTurn,AquaJet|||M|||50|,,,,,Grass]Kingambit||BlackGlasses|Defiant|KowtowCleave,SuckerPunch,SwordsDance,Protect|||M|||50|,,,,,Dark]Pelipper||FocusSash|Drizzle|WeatherBall,Hurricane,Tailwind,Protect|||M|||50|,,,,,Ghost]Electabuzz||Eviolite|VitalSpirit|Electroweb,Taunt,FollowMe,Protect|||M|||50|,,,,,Ghost
|inactive|Battle timer is ON: inactive players will automatically lose when time's up. (requested by Harry Koekenpan)
|inactive|Harry Koekenpan has 60 seconds left.
|
|t:|1756554799
|teamsize|p1|4
|teamsize|p2|4
|start
|switch|p1a: Volcarona|Volcarona, L50, M|100/100
|switch|p1b: Electabuzz|Electabuzz, L50, M|100/100
|switch|p2a: Archaludon|Archaludon, L50, M|100/100
|switch|p2b: Rillaboom|Rillaboom, L50, M|100/100
|-fieldstart|move: Grassy Terrain|[from] ability: Grassy Surge|[of] p2b: Rillaboom
|turn|1
|inactive|Harry Koekenpan has 30 seconds left.
|inactive|xareu has 30 seconds left.
|inactive|xareu has 20 seconds left.
|inactive|xareu has 15 seconds left.
|
|t:|1756554845
|move|p1b: Electabuzz|Follow Me|p1b: Electabuzz
|-singleturn|p1b: Electabuzz|move: Follow Me
|move|p1a: Volcarona|Quiver Dance|p1a: Volcarona
|-boost|p1a: Volcarona|spa|1
|-boost|p1a: Volcarona|spd|1
|-boost|p1a: Volcarona|spe|1
|move|p2b: Rillaboom|Bullet Seed|p1b: Electabuzz
|-crit|p1b: Electabuzz
|-damage|p1b: Electabuzz|79/100
|-damage|p1b: Electabuzz|65/100
|-damage|p1b: Electabuzz|52/100
|-damage|p1b: Electabuzz|38/100
|-damage|p1b: Electabuzz|23/100
|-hitcount|p1b: Electabuzz|5
|move|p2a: Archaludon|Body Press|p1b: Electabuzz
|-damage|p1b: Electabuzz|3/100
|
|-heal|p1b: Electabuzz|9/100|[from] Grassy Terrain
|upkeep
|turn|2
|inactive|xareu has 30 seconds left.
|inactive|Harry Koekenpan has 30 seconds left.
|inactive|Harry Koekenpan has 20 seconds left.
|inactive|Harry Koekenpan has 15 seconds left.
|inactive|Harry Koekenpan has 10 seconds left.
|
|t:|1756554891
|-terastallize|p2b: Rillaboom|Fire
|move|p1b: Electabuzz|Protect|p1b: Electabuzz
|-singleturn|p1b: Electabuzz|Protect
|move|p2b: Rillaboom|Grassy Glide|p1b: Electabuzz
|-activate|p1b: Electabuzz|move: Protect
|move|p1a: Volcarona|Quiver Dance|p1a: Volcarona
|-boost|p1a: Volcarona|spa|1
|-boost|p1a: Volcarona|spd|1
|-boost|p1a: Volcarona|spe|1
|move|p2a: Archaludon|Flash Cannon|p1a: Volcarona
|-resisted|p1a: Volcarona
|-damage|p1a: Volcarona|91/100
|
|-heal|p1a: Volcarona|98/100|[from] Grassy Terrain
|-heal|p1a: Volcarona|100/100|[from] item: Leftovers
|-heal|p1b: Electabuzz|14/100|[from] Grassy Terrain
|upkeep
|turn|3
|inactive|Harry Koekenpan has 30 seconds left.
|
|t:|1756554917
|switch|p2a: Pelipper|Pelipper, L50, M|100/100
|-weather|RainDance|[from] ability: Drizzle|[of] p2a: Pelipper
|move|p2b: Rillaboom|Grassy Glide|p1b: Electabuzz
|-damage|p1b: Electabuzz|0 fnt
|faint|p1b: Electabuzz
|move|p1a: Volcarona|Quiver Dance|p1a: Volcarona
|-boost|p1a: Volcarona|spa|1
|-boost|p1a: Volcarona|spd|1
|-boost|p1a: Volcarona|spe|1
|
|-weather|RainDance|[upkeep]
|upkeep
|
|t:|1756554941
|switch|p1b: Dragonite|Dragonite, L50, F|100/100
|turn|4
|inactive|xareu has 30 seconds left.
|inactive|Harry Koekenpan has 30 seconds left.
|inactive|xareu has 20 seconds left.
|inactive|xareu has 15 seconds left.
|inactive|xareu has 10 seconds left.
|inactive|xareu has 5 seconds left.
|
|t:|1756554992
|switch|p2b: Archaludon|Archaludon, L50, M|100/100
|move|p1a: Volcarona|Tera Blast|p2a: Pelipper
|-enditem|p2a: Pelipper|Focus Sash
|-damage|p2a: Pelipper|1/100
|move|p1b: Dragonite|Scale Shot|p2a: Pelipper
|-damage|p2a: Pelipper|0 fnt
|faint|p2a: Pelipper
|-hitcount|p2: Pelipper|1
|-unboost|p1b: Dragonite|def|1
|-boost|p1b: Dragonite|spe|1
|
|-weather|RainDance|[upkeep]
|upkeep
|
|t:|1756555014
|switch|p2a: Rillaboom|Rillaboom, L50, M, tera:Fire|100/100
|turn|5
|
|t:|1756555037
|-terastallize|p1a: Volcarona|Fairy
|move|p2a: Rillaboom|Fake Out|p1a: Volcarona
|-damage|p1a: Volcarona|86/100
|cant|p1a: Volcarona|flinch
|move|p1b: Dragonite|Scale Shot|p2a: Rillaboom|[miss]
|-miss|p1b: Dragonite|p2a: Rillaboom
|move|p2b: Archaludon|Electro Shot||[still]
|-prepare|p2b: Archaludon|Electro Shot
|-boost|p2b: Archaludon|spa|1
|-anim|p2b: Archaludon|Electro Shot|p1b: Dragonite
|-damage|p1b: Dragonite|71/100
|
|-weather|RainDance|[upkeep]
|-heal|p1a: Volcarona|93/100|[from] Grassy Terrain
|-heal|p1a: Volcarona|99/100|[from] item: Leftovers
|-fieldend|move: Grassy Terrain
|upkeep
|turn|6
|inactive|Harry Koekenpan has 30 seconds left.
|inactive|Harry Koekenpan has 20 seconds left.
|
|t:|1756555073
|move|p1a: Volcarona|Tera Blast|p2b: Archaludon|[anim] Tera Blast Fairy
|-damage|p2b: Archaludon|28/100
|-ability|p2b: Archaludon|Stamina|boost
|-boost|p2b: Archaludon|def|1
|move|p1b: Dragonite|Scale Shot|p2a: Rillaboom
|-damage|p2a: Rillaboom|86/100
|-damage|p2a: Rillaboom|71/100
|-damage|p2a: Rillaboom|56/100
|-damage|p2a: Rillaboom|40/100
|-damage|p2a: Rillaboom|26/100
|-hitcount|p2a: Rillaboom|5
|-unboost|p1b: Dragonite|def|1
|-boost|p1b: Dragonite|spe|1
|move|p2a: Rillaboom|Bullet Seed|p2b: Archaludon
|-resisted|p2b: Archaludon
|-damage|p2b: Archaludon|27/100
|-ability|p2b: Archaludon|Stamina|boost
|-boost|p2b: Archaludon|def|1
|-resisted|p2b: Archaludon
|-damage|p2b: Archaludon|26/100
|-ability|p2b: Archaludon|Stamina|boost
|-boost|p2b: Archaludon|def|1
|-resisted|p2b: Archaludon
|-damage|p2b: Archaludon|26/100
|-ability|p2b: Archaludon|Stamina|boost
|-boost|p2b: Archaludon|def|1
|-resisted|p2b: Archaludon
|-damage|p2b: Archaludon|25/100
|-ability|p2b: Archaludon|Stamina|boost
|-boost|p2b: Archaludon|def|1
|-hitcount|p2b: Archaludon|4
|move|p2b: Archaludon|Body Press|p1a: Volcarona
|-resisted|p1a: Volcarona
|-damage|p1a: Volcarona|52/100
|-status|p2b: Archaludon|brn|[from] ability: Flame Body|[of] p1a: Volcarona
|
|-weather|RainDance|[upkeep]
|-heal|p1a: Volcarona|59/100|[from] item: Leftovers
|-damage|p2b: Archaludon|19/100 brn|[from] brn
|upkeep
|turn|7
|inactive|Harry Koekenpan has 30 seconds left.
|inactive|Harry Koekenpan has 20 seconds left.
|inactive|Harry Koekenpan has 15 seconds left.
|inactive|Harry Koekenpan has 10 seconds left.
|inactive|Harry Koekenpan has 5 seconds left.
|
|t:|1756555127
|move|p1a: Volcarona|Tera Blast|p2b: Archaludon|[anim] Tera Blast Fairy
|-damage|p2b: Archaludon|0 fnt
|faint|p2b: Archaludon
|move|p1b: Dragonite|Scale Shot|p2a: Rillaboom
|-damage|p2a: Rillaboom|12/100
|-damage|p2a: Rillaboom|0 fnt
|faint|p2a: Rillaboom
|-hitcount|p2: Rillaboom|2
|-unboost|p1b: Dragonite|def|1
|-boost|p1b: Dragonite|spe|1
|
|-weather|none
|-heal|p1a: Volcarona|65/100|[from] item: Leftovers
|upkeep
|
|t:|1756555134
|switch|p2b: Basculegion|Basculegion, L50, M|100/100
|turn|8
|
|t:|1756555141
|move|p1a: Volcarona|Tera Blast|p2b: Basculegion|[anim] Tera Blast Fairy
|-damage|p2b: Basculegion|0 fnt
|faint|p2b: Basculegion
|
|win|xareu
||xareu is ready for game 2.
||Harry Koekenpan is ready for game 2.
|uhtml|next|Next: Game 2 of 3
|l|☆xareu
|player|p1|
