|j|☆dingle bong
|j|☆x-demon18
|html|dingle bongx-demon18    
|uhtml|bestof|Game 1 of a best-of-3
|t:|1783968705
|gametype|doubles
|player|p1|dingle bong|2|1286
|player|p2|x-demon18|lucas|1258
|gen|9
|tier|[Gen 9 Champions] VGC 2026 Reg M-B (Bo3)
|rated|
|rule|Species Clause: Limit one of each Pokémon
|rule|Item Clause: Limit 1 of each item
|clearpoke
|poke|p1|Blaziken, L50, F, shiny|
|poke|p1|Venusaur, L50, M, shiny|
|poke|p1|Ninetales-Alola, L50, M, shiny|
|poke|p1|Lycanroc-Dusk, L50, M|
|poke|p1|Kingambit, L50, M, shiny|
|poke|p1|Basculegion, L50, M|
|poke|p2|Incineroar, L50, M|
|poke|p2|Rotom-Wash, L50|
|poke|p2|Venusaur, L50, M|
|poke|p2|Garchomp, L50, M|
|poke|p2|Sylveon, L50, F|
|poke|p2|Corviknight, L50, M|
|teampreview|4
|showteam|p1|Blaziken||Blazikenite|SpeedBoost|CloseCombat,FlareBlitz,RockSlide,Detect|Adamant||F|||50|]Venusaur||Venusaurite|Chlorophyll|SludgeBomb,EarthPower,GigaDrain,Protect|Modest||M|||50|]Ninetales-Alola||NeverMeltIce|SnowWarning|Blizzard,FreezeDry,Encore,Protect|Timid||M|||50|]Lycanroc-Dusk||FocusSash|ToughClaws|Accelerock,PsychicFangs,CloseCombat,Protect|Adamant||M|||50|]Kingambit||LifeOrb|Defiant|KowtowCleave,Protect,IronHead,SuckerPunch|Adamant||M|||50|]Basculegion||ChoiceScarf|Adaptability|WaveCrash,LastRespects,FlipTurn,AquaJet|Jolly||M|||50|
|showteam|p2|Incineroar||ExpertBelt|Intimidate|FakeOut,TemperFlare,ThroatChop,PartingShot|Adamant||M|||50|]Rotom-Wash||SitrusBerry|Levitate|HydroPump,Electroweb,WillOWisp,VoltSwitch|Modest|||||50|]Venusaur||Venusaurite|Chlorophyll|GigaDrain,SludgeBomb,EarthPower,Protect|Modest||M|||50|]Garchomp||LifeOrb|RoughSkin|RockSlide,DragonClaw,StompingTantrum,Protect|Jolly||M|||50|]Sylveon||FairyFeather|Pixilate|HyperVoice,QuickAttack,Yawn,Detect|Modest||F|||50|]Corviknight||OccaBerry|MirrorArmor|Tailwind,BraveBird,IronHead,BodyPress|Careful||M|||50|
|
|t:|1783968749
|teamsize|p1|4
|teamsize|p2|4
|start
|switch|p1a: Lycanroc|Lycanroc-Dusk, L50, M|100/100
|switch|p1b: Kingambit|Kingambit, L50, M, shiny|100/100
|switch|p2a: Griffith|Corviknight, L50, M|100/100
|switch|p2b: HydroVolt|Rotom-Wash, L50|100/100
|turn|1
|
|t:|1783968773
|move|p1a: Lycanroc|Close Combat|p2b: HydroVolt
|-damage|p2b: HydroVolt|44/100
|-unboost|p1a: Lycanroc|def|1
|-unboost|p1a: Lycanroc|spd|1
|-enditem|p2b: HydroVolt|Sitrus Berry|[eat]
|-heal|p2b: HydroVolt|69/100|[from] item: Sitrus Berry
|move|p2b: HydroVolt|Will-O-Wisp|p1b: Kingambit
|-status|p1b: Kingambit|brn
|move|p2a: Griffith|Tailwind|p2a: Griffith
|-sidestart|p2: x-demon18|move: Tailwind
|move|p1b: Kingambit|Kowtow Cleave|p2b: HydroVolt
|-damage|p2b: HydroVolt|36/100
|-damage|p1b: Kingambit|90/100 brn|[from] item: Life Orb
|
|-damage|p1b: Kingambit|84/100 brn|[from] brn
|upkeep
|turn|2
|
|t:|1783968798
|switch|p2b: Yggdrasil|Venusaur, L50, M|100/100
|move|p1a: Lycanroc|Accelerock|p2b: Yggdrasil
|-damage|p2b: Yggdrasil|68/100
|move|p2a: Griffith|Iron Head|p1a: Lycanroc
|-supereffective|p1a: Lycanroc|1
|-enditem|p1a: Lycanroc|Focus Sash
|-damage|p1a: Lycanroc|1/100
|move|p1b: Kingambit|Kowtow Cleave|p2b: Yggdrasil
|-damage|p2b: Yggdrasil|30/100
|-damage|p1b: Kingambit|74/100 brn|[from] item: Life Orb
|
|-damage|p1b: Kingambit|68/100 brn|[from] brn
|upkeep
|turn|3
|
|t:|1783968821
|detailschange|p2b: Yggdrasil|Venusaur-Mega, L50, M
|-mega|p2b: Yggdrasil|Venusaur|Venusaurite
|move|p2b: Yggdrasil|Protect|p2b: Yggdrasil
|-singleturn|p2b: Yggdrasil|Protect
|move|p1a: Lycanroc|Accelerock|p2b: Yggdrasil
|-activate|p2b: Yggdrasil|move: Protect
|move|p2a: Griffith|Body Press|p1a: Lycanroc
|-supereffective|p1a: Lycanroc|1
|-damage|p1a: Lycanroc|0 fnt
|faint|p1a: Lycanroc
|move|p1b: Kingambit|Iron Head|p2b: Yggdrasil
|-activate|p2b: Yggdrasil|move: Protect
|
|-damage|p1b: Kingambit|62/100 brn|[from] brn
|upkeep
|
|t:|1783968829
|switch|p1a: Blaziken|Blaziken, L50, F, shiny|100/100
|turn|4
|
|t:|1783968849
|detailschange|p1a: Blaziken|Blaziken-Mega, L50, F, shiny
|-mega|p1a: Blaziken|Blaziken|Blazikenite
|move|p1a: Blaziken|Detect|p1a: Blaziken
|-singleturn|p1a: Blaziken|Protect
|move|p2b: Yggdrasil|Earth Power|p1b: Kingambit
|-supereffective|p1b: Kingambit|1
|-damage|p1b: Kingambit|1/100 brn
|move|p2a: Griffith|Brave Bird|p1a: Blaziken
|-activate|p1a: Blaziken|move: Protect
|move|p1b: Kingambit|Kowtow Cleave|p2b: Yggdrasil
|-damage|p2b: Yggdrasil|7/100
|-damage|p1b: Kingambit|0 fnt|[from] item: Life Orb
|faint|p1b: Kingambit
|
|-sideend|p2: x-demon18|move: Tailwind
|-ability|p1a: Blaziken|Speed Boost|boost
|-boost|p1a: Blaziken|spe|1
|upkeep
|
|t:|1783968864
|switch|p1b: Ninetales|Ninetales-Alola, L50, M, shiny|100/100
|-weather|Snowscape|[from] ability: Snow Warning|[of] p1b: Ninetales
|turn|5
|
|t:|1783968884
|move|p1a: Blaziken|Flare Blitz|p2a: Griffith
|-supereffective|p2a: Griffith|1
|-enditem|p2a: Griffith|Occa Berry|[eat]
|-enditem|p2a: Griffith|Occa Berry|[weaken]
|-damage|p2a: Griffith|35/100
|-damage|p1a: Blaziken|73/100|[from] Recoil
|move|p1b: Ninetales|Blizzard|p2b: Yggdrasil|[spread] p2a,p2b
|-supereffective|p2b: Yggdrasil|1
|-damage|p2a: Griffith|5/100
|-damage|p2b: Yggdrasil|0 fnt
|faint|p2b: Yggdrasil
|move|p2a: Griffith|Brave Bird|p1a: Blaziken
|-supereffective|p1a: Blaziken|1
|-damage|p1a: Blaziken|0 fnt
|faint|p1a: Blaziken
|-damage|p2a: Griffith|0 fnt|[from] Recoil
|faint|p2a: Griffith
|
|-weather|Snowscape|[upkeep]
|upkeep
|
|t:|1783968903
|switch|p2b: Wolverine|Incineroar, L50, M|100/100
|switch|p2a: HydroVolt|Rotom-Wash, L50|36/100
|-ability|p2b: Wolverine|Intimidate|boost
|-unboost|p1b: Ninetales|atk|1
|turn|6
|-message|dingle bong forfeited.
|
|win|x-demon18
||dingle bong is ready for game 2.
