|j|☆KingDom1992
|j|☆robby w
|html|KingDom1992robby w    
|uhtml|bestof|Game 3 of a best-of-3
|t:|1756655384
|gametype|doubles
|player|p1|KingDom1992|brock|1222
|player|p2|robby w|pokefan-gen4|1303
|gen|9
|tier|[Gen 9] VGC 2025 Reg H (Bo3)
|rated|
|rule|Species Clause: Limit one of each Pokémon
|rule|Item Clause: Limit 1 of each item
|clearpoke
|poke|p1|Gholdengo, L50|
|poke|p1|Sneasler, L50, F|
|poke|p1|Incineroar, L50, F|
|poke|p1|Amoonguss, L50, F|
|poke|p1|Dragonite, L50, F|
|poke|p1|Ursaluna-Bloodmoon, L50, M|
|poke|p2|Dondozo, L50, F|
|poke|p2|Tatsugiri, L50, M|
|poke|p2|Sneasler, L50, F|
|poke|p2|Indeedee, L50, M|
|poke|p2|Whimsicott, L50, F|
|poke|p2|Hydreigon, L50, M|
|teampreview|4
|showteam|p1|Gholdengo||LifeOrb|GoodasGold|MakeItRain,ShadowBall,NastyPlot,Protect||||||50|,,,,,Water]Sneasler||FocusSash|PoisonTouch|FakeOut,CloseCombat,DireClaw,Protect|||F|||50|,,,,,Stellar]Incineroar||SafetyGoggles|Intimidate|FakeOut,FlareBlitz,KnockOff,PartingShot|||F|||50|,,,,,Ghost]Amoonguss||SitrusBerry|Regenerator|Spore,RagePowder,PollenPuff,Protect|||F|||50|,,,,,Water]Dragonite||LoadedDice|Multiscale|ScaleShot,Haze,Tailwind,ExtremeSpeed|||F|||50|,,,,,Fairy]Ursaluna-Bloodmoon||AssaultVest|MindsEye|HyperVoice,BloodMoon,EarthPower,VacuumWave|||M|||50|,,,,,Normal
|showteam|p2|Dondozo||Leftovers|Unaware|Protect,WaveCrash,Earthquake,OrderUp|||F|||50|,,,,,Grass]Tatsugiri||ChoiceScarf|Commander|DragonPulse,IcyWind,DracoMeteor,MuddyWater|||M|||50|,,,,,Stellar]Sneasler||PsychicSeed|Unburden|DireClaw,CloseCombat,Protect,ThroatChop|||F|||50|,,,,,Dark]Indeedee||FocusSash|PsychicSurge|DazzlingGleam,HelpingHand,ExpandingForce,Protect|||M|||50|,,,,,Fairy]Whimsicott||CovertCloak|Prankster|Tailwind,Moonblast,Encore,SunnyDay|||F|||50|,,,,,Dark]Hydreigon||ChoiceSpecs|Levitate|HeatWave,Snarl,DarkPulse,DracoMeteor|||M|||50|,,,,,Steel
|inactive|Battle timer is ON: inactive players will automatically lose when time's up. (requested by KingDom1992)
|
|t:|1756655397
|teamsize|p1|4
|teamsize|p2|4
|start
|switch|p1a: Sneasler|Sneasler, L50, F, shiny|100/100
|switch|p1b: Dragonite|Dragonite, L50, F|100/100
|switch|p2a: Whimsicott|Whimsicott, L50, F|100/100
|switch|p2b: Hydreigon|Hydreigon, L50, M|100/100
|turn|1
|inactive|robby w has 30 seconds left.
|inactive|robby w has 20 seconds left.
|
|t:|1756655434
|switch|p1b: Incineroar|Incineroar, L50, F, shiny|100/100
|-ability|p1b: Incineroar|Intimidate|boost
|-unboost|p2a: Whimsicott|atk|1
|-unboost|p2b: Hydreigon|atk|1
|-terastallize|p2b: Hydreigon|Steel
|move|p1a: Sneasler|Fake Out|p2b: Hydreigon
|-resisted|p2b: Hydreigon
|-damage|p2b: Hydreigon|92/100
|move|p2a: Whimsicott|Tailwind|p2a: Whimsicott
|-sidestart|p2: robby w|move: Tailwind
|cant|p2b: Hydreigon|flinch
|
|upkeep
|turn|2
|inactive|robby w has 30 seconds left.
|inactive|KingDom1992 has 30 seconds left.
|inactive|KingDom1992 has 20 seconds left.
|inactive|KingDom1992 has 15 seconds left.
|
|t:|1756655482
|move|p1a: Sneasler|Protect|p1a: Sneasler
|-singleturn|p1a: Sneasler|Protect
|move|p2a: Whimsicott|Encore|p1a: Sneasler
|-activate|p1a: Sneasler|move: Protect
|move|p2b: Hydreigon|Draco Meteor|p1b: Incineroar
|-damage|p1b: Incineroar|31/100
|-unboost|p2b: Hydreigon|spa|2
|move|p1b: Incineroar|Parting Shot|p2b: Hydreigon
|-unboost|p2b: Hydreigon|atk|1
|-unboost|p2b: Hydreigon|spa|1
|
|t:|1756655492
|switch|p1b: Gholdengo|Gholdengo, L50|100/100|[from] Parting Shot
|
|upkeep
|turn|3
|
|t:|1756655506
|switch|p2b: Dondozo|Dondozo, L50, F, shiny|100/100
|switch|p1a: Incineroar|Incineroar, L50, F, shiny|31/100
|-ability|p1a: Incineroar|Intimidate|boost
|-unboost|p2a: Whimsicott|atk|1
|-unboost|p2b: Dondozo|atk|1
|move|p2a: Whimsicott|Moonblast|p1a: Incineroar
|-damage|p1a: Incineroar|4/100
|move|p1b: Gholdengo|Nasty Plot|p1b: Gholdengo
|-boost|p1b: Gholdengo|spa|2
|
|upkeep
|turn|4
|
|t:|1756655527
|switch|p2b: Hydreigon|Hydreigon, L50, M, tera:Steel|92/100
|move|p1a: Incineroar|Fake Out|p2b: Hydreigon
|-resisted|p2b: Hydreigon
|-damage|p2b: Hydreigon|86/100
|move|p2a: Whimsicott|Moonblast|p1a: Incineroar
|-damage|p1a: Incineroar|0 fnt
|faint|p1a: Incineroar
|move|p1b: Gholdengo|Make It Rain|p2a: Whimsicott|[spread] p2a,p2b
|-supereffective|p2a: Whimsicott
|-resisted|p2b: Hydreigon
|-damage|p2a: Whimsicott|0 fnt
|-damage|p2b: Hydreigon|21/100
|-unboost|p1b: Gholdengo|spa|1
|faint|p2a: Whimsicott
|-damage|p1b: Gholdengo|91/100|[from] item: Life Orb
|
|-sideend|p2: robby w|move: Tailwind
|upkeep
|
|t:|1756655544
|switch|p2a: Dondozo|Dondozo, L50, F, shiny|100/100
|switch|p1a: Sneasler|Sneasler, L50, F, shiny|100/100
|turn|5
|inactive|KingDom1992 has 30 seconds left.
|
|t:|1756655573
|move|p1a: Sneasler|Fake Out|p2a: Dondozo
|-damage|p2a: Dondozo|91/100
|-status|p2a: Dondozo|psn|[from] ability: Poison Touch|[of] p1a: Sneasler
|move|p2b: Hydreigon|Heat Wave|p1a: Sneasler|[spread] p1a,p1b
|-supereffective|p1b: Gholdengo
|-damage|p1a: Sneasler|53/100
|-damage|p1b: Gholdengo|21/100
|move|p1b: Gholdengo|Shadow Ball|p2a: Dondozo
|-damage|p2a: Dondozo|37/100 psn
|-damage|p1b: Gholdengo|11/100|[from] item: Life Orb
|cant|p2a: Dondozo|flinch
|
|-heal|p2a: Dondozo|43/100 psn|[from] item: Leftovers
|-damage|p2a: Dondozo|31/100 psn|[from] psn
|upkeep
|turn|6
|
|t:|1756655594
|switch|p2b: Tatsugiri|Tatsugiri, L50, M|100/100
|-activate|p2b: Tatsugiri|ability: Commander|[of] p2a: Dondozo
|-boost|p2a: Dondozo|atk|2
|-boost|p2a: Dondozo|spa|2
|-boost|p2a: Dondozo|spe|2
|-boost|p2a: Dondozo|def|2
|-boost|p2a: Dondozo|spd|2
|move|p1a: Sneasler|Protect|p1a: Sneasler
|-singleturn|p1a: Sneasler|Protect
|move|p2a: Dondozo|Earthquake|p1a: Sneasler|[spread] p1b
|-miss|p2a: Dondozo|p2b: Tatsugiri
|-activate|p1a: Sneasler|move: Protect
|-supereffective|p1b: Gholdengo
|-damage|p1b: Gholdengo|0 fnt
|faint|p1b: Gholdengo
|
|-heal|p2a: Dondozo|37/100 psn|[from] item: Leftovers
|-damage|p2a: Dondozo|25/100 psn|[from] psn
|upkeep
|
|t:|1756655597
|switch|p1b: Dragonite|Dragonite, L50, F|100/100
|turn|7
|inactive|KingDom1992 has 30 seconds left.
|
|t:|1756655631
|-terastallize|p1a: Sneasler|Stellar
|move|p1a: Sneasler|Dire Claw|p2a: Dondozo
|-damage|p2a: Dondozo|4/100 psn
|move|p2a: Dondozo|Earthquake|p1b: Dragonite|[spread] p1a
|-miss|p2a: Dondozo|p2b: Tatsugiri
|-immune|p1b: Dragonite
|-supereffective|p1a: Sneasler
|-damage|p1a: Sneasler|0 fnt
|faint|p1a: Sneasler
|move|p1b: Dragonite|Tailwind|p1b: Dragonite
|-sidestart|p1: KingDom1992|move: Tailwind
|
|-heal|p2a: Dondozo|10/100 psn|[from] item: Leftovers
|-damage|p2a: Dondozo|0 fnt|[from] psn
|faint|p2a: Dondozo
|upkeep
|
|t:|1756655646
|switch|p2a: Hydreigon|Hydreigon, L50, M, tera:Steel|21/100
|turn|8
|
|t:|1756655658
|move|p1b: Dragonite|Scale Shot|p2b: Tatsugiri
|-supereffective|p2b: Tatsugiri
|-damage|p2b: Tatsugiri|45/100
|-supereffective|p2b: Tatsugiri
|-damage|p2b: Tatsugiri|0 fnt
|faint|p2b: Tatsugiri
|-hitcount|p2: Tatsugiri|2
|-unboost|p1b: Dragonite|def|1
|-boost|p1b: Dragonite|spe|1
|move|p2a: Hydreigon|Draco Meteor|p1b: Dragonite
|-supereffective|p1b: Dragonite
|-damage|p1b: Dragonite|0 fnt
|-unboost|p2a: Hydreigon|spa|2
|faint|p1b: Dragonite
|
|win|robby w
|raw|KingDom1992's rating: 1222 → 1203(-19 for losing)
|raw|robby w's rating: 1303 → 1318(+15 for winning)
|l|☆KingDom1992
|player|p1|
