|j|☆TeyOnTheRox
|j|☆stanhoff
|html|TeyOnTheRoxstanhoff    
|uhtml|bestof|Game 1 of a best-of-3
|t:|1757739909
|gametype|doubles
|player|p1|TeyOnTheRox|benga|1149
|player|p2|stanhoff|falkner|1119
|gen|9
|tier|[Gen 9] VGC 2025 Reg H (Bo3)
|rated|
|rule|Species Clause: Limit one of each Pokémon
|rule|Item Clause: Limit 1 of each item
|clearpoke
|poke|p1|Tyranitar, L50, F|
|poke|p1|Excadrill, L50, F|
|poke|p1|Sneasler, L50, M|
|poke|p1|Indeedee, L50, M|
|poke|p1|Corviknight, L50, M|
|poke|p1|Annihilape, L50, F|
|poke|p2|Hatterene, L50, F|
|poke|p2|Indeedee-F, L50, F|
|poke|p2|Sneasler, L50, M|
|poke|p2|Excadrill, L50, M|
|poke|p2|Tyranitar, L50, M|
|poke|p2|Amoonguss, L50, F|
|teampreview|4
|showteam|p1|Tyranitar||AssaultVest|SandStream|RockSlide,KnockOff,TeraBlast,LowKick|||F|||50|,,,,,Flying]Excadrill||FocusSash|SandRush|IronHead,HighHorsepower,Earthquake,Protect|||F|||50|,,,,,Stellar]Sneasler||PsychicSeed|Unburden|DireClaw,CloseCombat,ThroatChop,Protect|||M|||50|,,,,,Dark]Indeedee||ChoiceScarf|PsychicSurge|ExpandingForce,TeraBlast,Protect,Trick|||M|||50|,,,,,Psychic]Corviknight||Leftovers|MirrorArmor|BraveBird,BulkUp,Roost,Tailwind|||M|||50|,,,,,Dragon]Annihilape||SafetyGoggles|Defiant|CloseCombat,FinalGambit,RageFist,Taunt|||F|||50|,,,,,Water
|showteam|p2|Hatterene||LifeOrb|MagicBounce|Protect,TrickRoom,ExpandingForce,DazzlingGleam|||F|||50|,,,,,Psychic]Indeedee-F||SafetyGoggles|PsychicSurge|FollowMe,HelpingHand,Psychic,TrickRoom|||F|||50|,,,,,Fairy]Sneasler||PsychicSeed|Unburden|DireClaw,CloseCombat,ThroatChop,Protect|||M|||50|,,,,,Dark]Excadrill||FocusSash|SandRush|Earthquake,IronHead,HighHorsepower,Protect|||M|||50|,,,,,Ground]Tyranitar||AirBalloon|SandStream|RockSlide,LowKick,KnockOff,Protect|||M|||50|,,,,,Flying]Amoonguss||RockyHelmet|Regenerator|Spore,RagePowder,SludgeBomb,ClearSmog|||F|||50|,,,,,Water
|inactive|Battle timer is ON: inactive players will automatically lose when time's up. (requested by stanhoff)
|c|☆stanhoff|same hat
|inactive|stanhoff has 60 seconds left.
|
|t:|1757739951
|teamsize|p1|4
|teamsize|p2|4
|start
|switch|p1a: Cars I|Indeedee, L50, M, shiny|100/100
|switch|p1b: Cachiiga|Annihilape, L50, F|100/100
|switch|p2a: Sneasler|Sneasler, L50, M|100/100
|switch|p2b: Indeedee|Indeedee-F, L50, F|100/100
|-fieldstart|move: Psychic Terrain|[from] ability: Psychic Surge|[of] p1a: Cars I
|-enditem|p2a: Sneasler|Psychic Seed
|-boost|p2a: Sneasler|spd|1|[from] item: Psychic Seed
|turn|1
|inactive|TeyOnTheRox has 30 seconds left.
|inactive|TeyOnTheRox has 20 seconds left.
|inactive|TeyOnTheRox has 15 seconds left.
|inactive|TeyOnTheRox has 10 seconds left.
|inactive|TeyOnTheRox has 5 seconds left.
|
|t:|1757740006
|move|p2a: Sneasler|Throat Chop|p1b: Cachiiga
|-damage|p1b: Cachiiga|70/100
|-start|p1b: Cachiiga|Throat Chop|[silent]
|move|p1a: Cars I|Expanding Force|p2b: Indeedee|[spread] p2a,p2b
|-supereffective|p2a: Sneasler
|-resisted|p2b: Indeedee
|-damage|p2a: Sneasler|0 fnt
|-damage|p2b: Indeedee|72/100
|faint|p2a: Sneasler
|move|p1b: Cachiiga|Close Combat|p2b: Indeedee
|-damage|p2b: Indeedee|29/100
|-unboost|p1b: Cachiiga|def|1
|-unboost|p1b: Cachiiga|spd|1
|move|p2b: Indeedee|Trick Room|p2b: Indeedee
|-fieldstart|move: Trick Room|[of] p2b: Indeedee
|
|upkeep
|
|t:|1757740017
|switch|p2a: Hatterene|Hatterene, L50, F|100/100
|turn|2
|
|t:|1757740039
|switch|p1b: Doc Hudson|Tyranitar, L50, F, shiny|100/100
|-weather|Sandstorm|[from] ability: Sand Stream|[of] p1b: Doc Hudson
|-terastallize|p2a: Hatterene|Psychic
|move|p2b: Indeedee|Helping Hand|p2a: Hatterene
|-singleturn|p2a: Hatterene|Helping Hand|[of] p2b: Indeedee
|move|p2a: Hatterene|Expanding Force|p1a: Cars I|[spread] p1a
|-immune|p1b: Doc Hudson
|-resisted|p1a: Cars I
|-damage|p1a: Cars I|0 fnt
|faint|p1a: Cars I
|-damage|p2a: Hatterene|91/100|[from] item: Life Orb
|
|-weather|Sandstorm|[upkeep]
|-damage|p2a: Hatterene|85/100|[from] Sandstorm
|upkeep
|
|t:|1757740059
|switch|p1a: Toe Mater|Excadrill, L50, F|100/100
|turn|3
|
|t:|1757740077
|move|p1a: Toe Mater|Protect|p1a: Toe Mater
|-singleturn|p1a: Toe Mater|Protect
|move|p2a: Hatterene|Dazzling Gleam|p1b: Doc Hudson|[spread] p1b
|-activate|p1a: Toe Mater|move: Protect
|-supereffective|p1b: Doc Hudson
|-damage|p1b: Doc Hudson|58/100
|-damage|p2a: Hatterene|75/100|[from] item: Life Orb
|move|p2b: Indeedee|Psychic|p1a: Toe Mater
|-activate|p1a: Toe Mater|move: Protect
|move|p1b: Doc Hudson|Knock Off|p2a: Hatterene
|-supereffective|p2a: Hatterene
|-damage|p2a: Hatterene|0 fnt
|-enditem|p2a: Hatterene|Life Orb|[from] move: Knock Off|[of] p1b: Doc Hudson
|faint|p2a: Hatterene
|
|-weather|Sandstorm|[upkeep]
|upkeep
|
|t:|1757740080
|switch|p2a: Amoonguss|Amoonguss, L50, F|100/100
|turn|4
|inactive|TeyOnTheRox has 30 seconds left.
|inactive|stanhoff has 30 seconds left.
|inactive|TeyOnTheRox has 20 seconds left.
|inactive|TeyOnTheRox has 15 seconds left.
|inactive|TeyOnTheRox has 10 seconds left.
|
|t:|1757740126
|move|p2a: Amoonguss|Spore|p1a: Toe Mater
|-status|p1a: Toe Mater|slp|[from] move: Spore
|move|p2b: Indeedee|Psychic|p1a: Toe Mater
|-resisted|p1a: Toe Mater
|-damage|p1a: Toe Mater|75/100 slp
|-unboost|p1a: Toe Mater|spd|1
|move|p1b: Doc Hudson|Knock Off|p2b: Indeedee
|-supereffective|p2b: Indeedee
|-damage|p2b: Indeedee|0 fnt
|-enditem|p2b: Indeedee|Safety Goggles|[from] move: Knock Off|[of] p1b: Doc Hudson
|faint|p2b: Indeedee
|cant|p1a: Toe Mater|slp
|
|-weather|Sandstorm|[upkeep]
|-damage|p2a: Amoonguss|95/100|[from] Sandstorm
|upkeep
|turn|5
|
|t:|1757740139
|-terastallize|p1b: Doc Hudson|Flying
|move|p2a: Amoonguss|Sludge Bomb|p1b: Doc Hudson
|-crit|p1b: Doc Hudson
|-damage|p1b: Doc Hudson|31/100
|move|p1b: Doc Hudson|Tera Blast|p2a: Amoonguss|[anim] Tera Blast Flying
|-supereffective|p2a: Amoonguss
|-damage|p2a: Amoonguss|21/100
|cant|p1a: Toe Mater|slp
|
|-weather|Sandstorm|[upkeep]
|-damage|p2a: Amoonguss|15/100|[from] Sandstorm
|-damage|p1b: Doc Hudson|25/100|[from] Sandstorm
|-fieldend|move: Trick Room
|-fieldend|move: Psychic Terrain
|upkeep
|turn|6
|
|t:|1757740147
|cant|p1a: Toe Mater|slp
|move|p1b: Doc Hudson|Tera Blast|p2a: Amoonguss|[anim] Tera Blast Flying
|-supereffective|p2a: Amoonguss
|-damage|p2a: Amoonguss|0 fnt
|faint|p2a: Amoonguss
|
|win|TeyOnTheRox
