|j|☆isthis6thgood
|j|☆Anazawa Nizimi
|html|isthis6thgoodAnazawa Nizimi    
|uhtml|bestof|Game 1 of a best-of-3
|t:|1785680398
|gametype|doubles
|player|p1|isthis6thgood|170|1230
|player|p2|Anazawa Nizimi|102|1271
|gen|9
|tier|[Gen 9 Champions] VGC 2026 Reg M-B (Bo3)
|rated|
|rule|Species Clause: Limit one of each Pokémon
|rule|Item Clause: Limit 1 of each item
|clearpoke
|poke|p1|Swampert, L50, F|
|poke|p1|Mawile, L50, F|
|poke|p1|Pelipper, L50, F|
|poke|p1|Archaludon, L50, M|
|poke|p1|Sableye, L50, M, shiny|
|poke|p1|Farigiraf, L50, F, shiny|
|poke|p2|Staraptor, L50, M|
|poke|p2|Delphox, L50, M|
|poke|p2|Sinistcha, L50|
|poke|p2|Excadrill, L50, F|
|poke|p2|Tyranitar, L50, M|
|poke|p2|Sneasler, L50, M|
|teampreview|4
|showteam|p1|Swampert||Swampertite|Damp|Protect,IcePunch,WaveCrash,Earthquake|Adamant||F|||50|]Mawile||Mawilite|Intimidate|Protect,RockSlide,SuckerPunch,PlayRough|Adamant||F|||50|]Pelipper||FocusSash|Drizzle|Tailwind,WideGuard,WeatherBall,Hurricane|Modest||F|||50|]Archaludon||Leftovers|Stamina|Protect,ElectroShot,FlashCannon,DragonPulse|Modest||M|||50|]Sableye||RoseliBerry|Prankster|LightScreen,FoulPlay,RainDance,Reflect|Sassy||M|||50|]Farigiraf||SitrusBerry|ArmorTail|Roar,TrickRoom,Psychic,Thunderbolt|Relaxed||F|||50|
|showteam|p2|Staraptor||Staraptite|Intimidate|BraveBird,CloseCombat,Tailwind,Protect|Jolly||M|||50|]Delphox||Delphoxite|Blaze|HeatWave,Psychic,NastyPlot,Protect|Timid||M|||50|]Sinistcha||SitrusBerry|Hospitality|LifeDew,MatchaGotcha,RagePowder,Protect|Bold|||||50|]Excadrill||FocusSash|SandRush|Earthquake,IronHead,RockSlide,Protect|Adamant||F|||50|]Tyranitar||ChoiceScarf|SandStream|KnockOff,LowKick,IcePunch,RockSlide|Jolly||M|||50|]Sneasler||WhiteHerb|Unburden|CloseCombat,GunkShot,FakeOut,QuickGuard|Jolly||M|||50|
|inactive|Battle timer is ON: inactive players will automatically lose when time's up. (requested by isthis6thgood)
|inactive|Anazawa Nizimi has 60 seconds left.
|
|t:|1785680477
|teamsize|p1|4
|teamsize|p2|4
|start
|switch|p1a: Swampert|Swampert, L50, F|100/100
|switch|p1b: Pelipper|Pelipper, L50, F|100/100
|switch|p2a: Staraptor|Staraptor, L50, M|100/100
|switch|p2b: Sneasler|Sneasler, L50, M|100/100
|-ability|p2a: Staraptor|Intimidate|boost
|-unboost|p1a: Swampert|atk|1
|-unboost|p1b: Pelipper|atk|1
|-weather|RainDance|[from] ability: Drizzle|[of] p1b: Pelipper
|turn|1
|inactive|isthis6thgood has 30 seconds left.
|inactive|isthis6thgood has 20 seconds left.
|
|t:|1785680517
|switch|p2b: Tyranitar|Tyranitar, L50, M|100/100
|-weather|Sandstorm|[from] ability: Sand Stream|[of] p2b: Tyranitar
|detailschange|p2a: Staraptor|Staraptor-Mega, L50, M
|-mega|p2a: Staraptor|Staraptor|Staraptite
|detailschange|p1a: Swampert|Swampert-Mega, L50, F
|-mega|p1a: Swampert|Swampert|Swampertite
|move|p2a: Staraptor|Close Combat|p1a: Swampert
|-damage|p1a: Swampert|50/100g
|-boost|p2a: Staraptor|def|1
|-boost|p2a: Staraptor|spd|1
|move|p1b: Pelipper|Tailwind|p1b: Pelipper
|-sidestart|p1: isthis6thgood|move: Tailwind
|move|p1a: Swampert|Earthquake|p2b: Tyranitar|[spread] p2b
|-immune|p1b: Pelipper
|-immune|p2a: Staraptor
|-supereffective|p2b: Tyranitar|1
|-damage|p2b: Tyranitar|37/100
|
|-weather|Sandstorm|[upkeep]
|-damage|p1b: Pelipper|94/100|[from] Sandstorm
|-damage|p2a: Staraptor|94/100|[from] Sandstorm
|upkeep
|turn|2
|inactive|Anazawa Nizimi has 30 seconds left.
|inactive|isthis6thgood has 30 seconds left.
|inactive|Anazawa Nizimi has 20 seconds left.
|inactive|isthis6thgood has 20 seconds left.
|inactive|Anazawa Nizimi has 15 seconds left.
|inactive|isthis6thgood has 15 seconds left.
|
|t:|1785680562
|switch|p1b: Archaludon|Archaludon, L50, M|100/100
|switch|p2b: Sinistcha|Sinistcha, L50|100/100
|-heal|p2a: Staraptor|100/100|[from] ability: Hospitality|[of] p2b: Sinistcha
|move|p1a: Swampert|Protect|p1a: Swampert
|-singleturn|p1a: Swampert|Protect
|move|p2a: Staraptor|Close Combat|p1a: Swampert
|-activate|p1a: Swampert|move: Protect
|
|-weather|Sandstorm|[upkeep]
|-damage|p2a: Staraptor|94/100|[from] Sandstorm
|-damage|p2b: Sinistcha|93/100|[from] Sandstorm
|upkeep
|turn|3
|inactive|Anazawa Nizimi has 30 seconds left.
|
|t:|1785680588
|switch|p1a: Pelipper|Pelipper, L50, F|94/100
|-weather|RainDance|[from] ability: Drizzle|[of] p1a: Pelipper
|switch|p2b: Tyranitar|Tyranitar, L50, M|37/100
|-weather|Sandstorm|[from] ability: Sand Stream|[of] p2b: Tyranitar
|move|p1b: Archaludon|Electro Shot||[still]
|-prepare|p1b: Archaludon|Electro Shot
|-boost|p1b: Archaludon|spa|1
|move|p2a: Staraptor|Close Combat|p1b: Archaludon
|-supereffective|p1b: Archaludon|1
|-damage|p1b: Archaludon|8/100
|-boost|p2a: Staraptor|def|1
|-boost|p2a: Staraptor|spd|1
|-ability|p1b: Archaludon|Stamina|boost
|-boost|p1b: Archaludon|def|1
|
|-weather|Sandstorm|[upkeep]
|-damage|p1a: Pelipper|88/100|[from] Sandstorm
|-damage|p2a: Staraptor|88/100|[from] Sandstorm
|-heal|p1b: Archaludon|14/100|[from] item: Leftovers
|upkeep
|turn|4
|inactive|Anazawa Nizimi has 30 seconds left.
|inactive|Anazawa Nizimi has 20 seconds left.
|
|t:|1785680624
|switch|p1a: Swampert|Swampert-Mega, L50, F|50/100g
|move|p2a: Staraptor|Protect|p2a: Staraptor
|-singleturn|p2a: Staraptor|Protect
|move|p1b: Archaludon|Electro Shot|p2a: Staraptor|[from] lockedmove
|-activate|p2a: Staraptor|move: Protect
|move|p2b: Tyranitar|Knock Off|p1a: Swampert
|-damage|p1a: Swampert|20/100y
|
|-weather|Sandstorm|[upkeep]
|-damage|p2a: Staraptor|82/100|[from] Sandstorm
|-heal|p1b: Archaludon|20/100y|[from] item: Leftovers
|-sideend|p1: isthis6thgood|move: Tailwind
|upkeep
|turn|5
|
|t:|1785680644
|switch|p2b: Sinistcha|Sinistcha, L50|93/100
|-heal|p2a: Staraptor|100/100|[from] ability: Hospitality|[of] p2b: Sinistcha
|move|p2a: Staraptor|Close Combat|p1b: Archaludon
|-supereffective|p1b: Archaludon|1
|-damage|p1b: Archaludon|0 fnt
|-boost|p2a: Staraptor|def|1
|-boost|p2a: Staraptor|spd|1
|faint|p1b: Archaludon
|move|p1a: Swampert|Wave Crash|p2b: Sinistcha
|-resisted|p2b: Sinistcha|1
|-damage|p2b: Sinistcha|64/100
|-damage|p1a: Swampert|11/100|[from] Recoil
|
|-weather|Sandstorm|[upkeep]
|-damage|p2a: Staraptor|94/100|[from] Sandstorm
|-damage|p2b: Sinistcha|58/100|[from] Sandstorm
|upkeep
|-message|isthis6thgood forfeited.
|
|win|Anazawa Nizimi
||isthis6thgood is ready for game 2.
