|j|☆FatherPenguin
|j|☆paillion
|html|FatherPenguinpaillion    
|uhtml|bestof|Game 1 of a best-of-3
|t:|1786112363
|gametype|doubles
|player|p1|FatherPenguin|acetrainersnow|1172
|player|p2|paillion|2|1170
|gen|9
|tier|[Gen 9 Champions] VGC 2026 Reg M-B (Bo3)
|rated|
|rule|Species Clause: Limit one of each Pokémon
|rule|Item Clause: Limit 1 of each item
|clearpoke
|poke|p1|Froslass, L50, F|
|poke|p1|Scovillain, L50, M|
|poke|p1|Lycanroc-Dusk, L50, M|
|poke|p1|Sneasler, L50, F|
|poke|p1|Basculegion, L50, M|
|poke|p1|Kingambit, L50, M|
|poke|p2|Basculegion, L50, M|
|poke|p2|Sneasler, L50, M|
|poke|p2|Raichu, L50, M|
|poke|p2|Mr. Rime, L50, M|
|poke|p2|Farigiraf, L50, F|
|poke|p2|Glalie, L50, M|
|teampreview|4
|showteam|p1|Froslass||Froslassite|CursedBody|Blizzard,ShadowBall,AuroraVeil,Protect|Timid||F|||50|]Scovillain||Scovillainite|Moody|Overheat,GigaDrain,RagePowder,Protect|Bold||M|||50|]Lycanroc-Dusk||FocusSash|ToughClaws|RockSlide,CloseCombat,Accelerock,Protect|Adamant||M|||50|]Sneasler||WhiteHerb|Unburden|DireClaw,CloseCombat,FakeOut,Protect|Jolly||F|||50|]Basculegion||SitrusBerry|Adaptability|WaveCrash,LastRespects,AquaJet,Protect|Adamant||M|||50|]Kingambit||BlackGlasses|Defiant|KowtowCleave,SuckerPunch,SwordsDance,Protect|Adamant||M|||50|
|showteam|p2|Basculegion||ChoiceScarf|Adaptability|WaveCrash,FlipTurn,AquaJet,LastRespects|Jolly||M|||50|]Sneasler||FocusSash|Unburden|FakeOut,CloseCombat,DireClaw,Protect|Adamant||M|||50|]Raichu||RaichuniteY|Static|FakeOut,ZapCannon,FocusBlast,Protect|Timid||M|||50|]Mr. Rime||SitrusBerry|IceBody|SheerCold,IceBeam,RolePlay,Protect|Bold||M|||50|]Farigiraf||ColburBerry|ArmorTail|TwinBeam,Imprison,TrickRoom,Protect|Bold||F|||50|]Glalie||Glalitite|InnerFocus|Explosion,BodySlam,Taunt,Protect|Jolly||M|||50|
|inactive|Battle timer is ON: inactive players will automatically lose when time's up. (requested by paillion)
|inactive|FatherPenguin has 60 seconds left.
|inactive|FatherPenguin has 30 seconds left.
|inactive|FatherPenguin has 20 seconds left.
|
|t:|1786112443
|teamsize|p1|4
|teamsize|p2|4
|start
|switch|p1a: Kingambit|Kingambit, L50, M|100/100
|switch|p1b: Lycanroc|Lycanroc-Dusk, L50, M|100/100
|switch|p2a: Mr. Rime|Mr. Rime, L50, M|100/100
|switch|p2b: Raichu|Raichu, L50, M|100/100
|turn|1
|
|t:|1786112457
|detailschange|p2b: Raichu|Raichu-Mega-Y, L50, M
|-mega|p2b: Raichu|Raichu|Raichunite Y
|move|p2b: Raichu|Fake Out|p1b: Lycanroc
|-resisted|p1b: Lycanroc|1
|-damage|p1b: Lycanroc|93/100
|cant|p1b: Lycanroc|flinch
|move|p2a: Mr. Rime|Role Play|p2b: Raichu
|-ability|p2a: Mr. Rime|No Guard|Ice Body|[from] move: Role Play|[of] p2b: Raichu
|move|p1a: Kingambit|Kowtow Cleave|p2a: Mr. Rime
|-supereffective|p2a: Mr. Rime|1
|-damage|p2a: Mr. Rime|0 fnt
|faint|p2a: Mr. Rime
|
|upkeep
|
|t:|1786112469
|switch|p2a: Sneasler|Sneasler, L50, M|100/100
|turn|2
|
|t:|1786112482
|move|p1b: Lycanroc|Protect|p1b: Lycanroc
|-singleturn|p1b: Lycanroc|Protect
|move|p1a: Kingambit|Protect|p1a: Kingambit
|-singleturn|p1a: Kingambit|Protect
|move|p2a: Sneasler|Fake Out|p1b: Lycanroc
|-activate|p1b: Lycanroc|move: Protect
|move|p2b: Raichu|Focus Blast|p1b: Lycanroc
|-activate|p1b: Lycanroc|move: Protect
|
|upkeep
|turn|3
|
|t:|1786112506
|switch|p2b: Basculegion|Basculegion, L50, M|100/100
|switch|p1b: Froslass|Froslass, L50, F|100/100
|move|p1a: Kingambit|Sucker Punch||[still]
|-fail|p1a: Kingambit
|move|p2a: Sneasler|Close Combat|p1a: Kingambit
|-supereffective|p1a: Kingambit|2
|-crit|p1a: Kingambit
|-damage|p1a: Kingambit|0 fnt
|-unboost|p2a: Sneasler|def|1
|-unboost|p2a: Sneasler|spd|1
|faint|p1a: Kingambit
|
|upkeep
|
|t:|1786112521
|switch|p1a: Sneasler|Sneasler, L50, F|100/100
|turn|4
|inactive|FatherPenguin has 30 seconds left.
|
|t:|1786112551
|detailschange|p1b: Froslass|Froslass-Mega, L50, F
|-mega|p1b: Froslass|Froslass|Froslassite
|-weather|Snowscape|[from] ability: Snow Warning|[of] p1b: Froslass
|move|p2a: Sneasler|Protect|p2a: Sneasler
|-singleturn|p2a: Sneasler|Protect
|move|p2b: Basculegion|Last Respects|p1b: Froslass
|-supereffective|p1b: Froslass|1
|-damage|p1b: Froslass|0 fnt
|faint|p1b: Froslass
|move|p1a: Sneasler|Dire Claw|p2b: Basculegion
|-resisted|p2b: Basculegion|1
|-damage|p2b: Basculegion|76/100
|
|-weather|Snowscape|[upkeep]
|upkeep
|
|t:|1786112564
|switch|p1b: Lycanroc|Lycanroc-Dusk, L50, M|93/100
|turn|5
|
|t:|1786112581
|move|p1b: Lycanroc|Accelerock|p2b: Basculegion
|-damage|p2b: Basculegion|42/100
|move|p2b: Basculegion|Last Respects|p1a: Sneasler
|-damage|p1a: Sneasler|18/100
|move|p1a: Sneasler|Dire Claw|p2b: Basculegion
|-resisted|p2b: Basculegion|1
|-damage|p2b: Basculegion|20/100y
|-status|p2b: Basculegion|slp
|move|p2a: Sneasler|Close Combat|p1b: Lycanroc
|-supereffective|p1b: Lycanroc|1
|-damage|p1b: Lycanroc|0 fnt
|-unboost|p2a: Sneasler|def|1
|-unboost|p2a: Sneasler|spd|1
|faint|p1b: Lycanroc
|
|-weather|Snowscape|[upkeep]
|upkeep
|turn|6
|
|t:|1786112598
|cant|p2b: Basculegion|slp
|move|p1a: Sneasler|Close Combat|p2a: Sneasler
|-resisted|p2a: Sneasler|1
|-damage|p2a: Sneasler|16/100
|-unboost|p1a: Sneasler|def|1
|-unboost|p1a: Sneasler|spd|1
|-enditem|p1a: Sneasler|White Herb
|-clearnegativeboost|p1a: Sneasler|[silent]
|move|p2a: Sneasler|Close Combat|p1a: Sneasler
|-resisted|p1a: Sneasler|1
|-damage|p1a: Sneasler|0 fnt
|-unboost|p2a: Sneasler|def|1
|-unboost|p2a: Sneasler|spd|1
|faint|p1a: Sneasler
|
|win|paillion
|inactive|FatherPenguin has 30 seconds to confirm battle start!
|inactive|paillion has 30 seconds to confirm battle start!
|l|☆paillion
|player|p2|
