|j|☆guligliugug
|j|☆asefito
|html|guligliugugasefito    
|uhtml|bestof|Game 2 of a best-of-3
|t:|1783451864
|gametype|doubles
|player|p1|guligliugug|266|1082
|player|p2|asefito|169|1090
|gen|9
|tier|[Gen 9 Champions] VGC 2026 Reg M-B (Bo3)
|rated|
|rule|Species Clause: Limit one of each Pokémon
|rule|Item Clause: Limit 1 of each item
|clearpoke
|poke|p1|Incineroar, L50, M|
|poke|p1|Torkoal, L50, M|
|poke|p1|Sinistcha, L50|
|poke|p1|Staraptor, L50, F|
|poke|p1|Raichu, L50, F|
|poke|p1|Oranguru, L50, M|
|poke|p2|Incineroar, L50, F|
|poke|p2|Basculegion, L50, M|
|poke|p2|Tinkaton, L50, F|
|poke|p2|Floette-Eternal, L50, F|
|poke|p2|Kingambit, L50, M|
|poke|p2|Sneasler, L50, F|
|teampreview|4
|showteam|p1|Incineroar||SitrusBerry|Intimidate|FakeOut,FlareBlitz,DarkestLariat,PartingShot|Careful||M|||50|]Torkoal||FocusSash|Drought|Eruption,WeatherBall,SolarBeam,ShellSmash|Quiet||M|||50|]Sinistcha||KasibBerry|Hospitality|LifeDew,ShadowBall,StrengthSap,RagePowder|Bold|||||50|]Staraptor||Staraptite|Intimidate|CloseCombat,Roost,DualWingbeat,Swagger|Jolly||F|||50|]Raichu||RaichuniteY|LightningRod|FakeTears,ZapCannon,SweetKiss,Thunderbolt|Timid||F|||50|]Oranguru||Leftovers|Telepathy|Instruct,Protect,StoredPower,PsychUp|Calm||M|||50|
|showteam|p2|Incineroar||SitrusBerry|Intimidate|FlareBlitz,DarkestLariat,PartingShot,FakeOut|Careful||F|||50|]Basculegion||ChoiceScarf|Adaptability|WaveCrash,LastRespects,FlipTurn,AquaJet|Jolly||M|||50|]Tinkaton||Leftovers|MoldBreaker|GigatonHammer,PlayRough,BrickBreak,FakeOut|Adamant||F|||50|]Floette-Eternal||Floettite|FlowerVeil|Moonblast,DazzlingGleam,CalmMind,Protect|Modest||F|||50|]Kingambit||LifeOrb|Defiant|KowtowCleave,SuckerPunch,SwordsDance,Protect|Adamant||M|||50|]Sneasler||FocusSash|PoisonTouch|CloseCombat,DireClaw,Feint,FakeOut|Jolly||F|||50|
|inactive|Battle timer is ON: inactive players will automatically lose when time's up. (requested by asefito)
|inactive|asefito has 60 seconds left.
|inactive|asefito has 30 seconds left.
|
|t:|1783451928
|teamsize|p1|4
|teamsize|p2|4
|start
|switch|p1a: Raichu|Raichu, L50, F|100/100
|switch|p1b: Torkoal|Torkoal, L50, M|100/100
|switch|p2a: Floette|Floette-Eternal, L50, F|100/100
|switch|p2b: Incineroar|Incineroar, L50, F|100/100
|-ability|p2b: Incineroar|Intimidate|boost
|-unboost|p1a: Raichu|atk|1
|-unboost|p1b: Torkoal|atk|1
|-weather|SunnyDay|[from] ability: Drought|[of] p1b: Torkoal
|turn|1
|
|t:|1783451951
|detailschange|p1a: Raichu|Raichu-Mega-Y, L50, F
|-mega|p1a: Raichu|Raichu|Raichunite Y
|detailschange|p2a: Floette|Floette-Mega, L50, F
|-mega|p2a: Floette|Floette|Floettite
|-ability|p2a: Floette|Fairy Aura
|move|p2b: Incineroar|Fake Out|p1b: Torkoal
|-damage|p1b: Torkoal|92/100
|move|p1a: Raichu|Zap Cannon|p2a: Floette
|-damage|p2a: Floette|49/100
|-status|p2a: Floette|par
|cant|p2a: Floette|par
|cant|p1b: Torkoal|flinch
|
|-weather|SunnyDay|[upkeep]
|upkeep
|turn|2
|inactive|guligliugug has 30 seconds left.
|
|t:|1783451980
|move|p2a: Floette|Protect|p2a: Floette
|-singleturn|p2a: Floette|Protect
|move|p1a: Raichu|Zap Cannon|p2b: Incineroar
|-damage|p2b: Incineroar|43/100
|-status|p2b: Incineroar|par
|-enditem|p2b: Incineroar|Sitrus Berry|[eat]
|-heal|p2b: Incineroar|67/100 par|[from] item: Sitrus Berry
|move|p2b: Incineroar|Parting Shot|p1a: Raichu
|-unboost|p1a: Raichu|atk|1
|-unboost|p1a: Raichu|spa|1
|
|t:|1783451992
|switch|p2b: Tinkaton|Tinkaton, L50, F|100/100|[from] Parting Shot
|-ability|p2b: Tinkaton|Mold Breaker
|move|p1b: Torkoal|Eruption|p2b: Tinkaton|[spread] p2b
|-activate|p2a: Floette|move: Protect
|-supereffective|p2b: Tinkaton|1
|-damage|p2b: Tinkaton|0 fnt
|faint|p2b: Tinkaton
|
|-weather|SunnyDay|[upkeep]
|upkeep
|
|t:|1783452001
|switch|p2b: Basculegion|Basculegion, L50, M|100/100
|turn|3
|
|t:|1783452015
|switch|p1a: Sinistcha|Sinistcha, L50|100/100
|-heal|p1b: Torkoal|100/100|[from] ability: Hospitality|[of] p1a: Sinistcha
|move|p2b: Basculegion|Last Respects|p1b: Torkoal
|-damage|p1b: Torkoal|54/100
|move|p2a: Floette|Moonblast|p1a: Sinistcha
|-damage|p1a: Sinistcha|24/100
|move|p1b: Torkoal|Solar Beam||[still]
|-prepare|p1b: Torkoal|Solar Beam
|-anim|p1b: Torkoal|Solar Beam|p2b: Basculegion
|-supereffective|p2b: Basculegion|1
|-damage|p2b: Basculegion|22/100
|
|-weather|SunnyDay|[upkeep]
|upkeep
|turn|4
|
|t:|1783452038
|move|p1a: Sinistcha|Rage Powder|p1a: Sinistcha
|-singleturn|p1a: Sinistcha|move: Rage Powder
|move|p2b: Basculegion|Last Respects|p1a: Sinistcha
|-supereffective|p1a: Sinistcha|1
|-enditem|p1a: Sinistcha|Kasib Berry|[eat]
|-enditem|p1a: Sinistcha|Kasib Berry|[weaken]
|-damage|p1a: Sinistcha|0 fnt
|faint|p1a: Sinistcha
|cant|p2a: Floette|par
|move|p1b: Torkoal|Weather Ball|p2a: Floette
|-damage|p2a: Floette|0 fnt
|faint|p2a: Floette
|
|-weather|SunnyDay|[upkeep]
|upkeep
|
|t:|1783452052
|switch|p2a: Incineroar|Incineroar, L50, F|67/100 par
|switch|p1a: Raichu|Raichu-Mega-Y, L50, F|100/100
|-ability|p2a: Incineroar|Intimidate|boost
|-unboost|p1a: Raichu|atk|1
|-unboost|p1b: Torkoal|atk|1
|turn|5
|
|t:|1783452070
|move|p2a: Incineroar|Fake Out|p1a: Raichu
|-damage|p1a: Raichu|76/100
|move|p2b: Basculegion|Last Respects|p1b: Torkoal
|-damage|p1b: Torkoal|0 fnt
|faint|p1b: Torkoal
|cant|p1a: Raichu|flinch
|
|-weather|none
|upkeep
|
|t:|1783452078
|switch|p1b: Incineroar|Incineroar, L50, M|100/100
|-ability|p1b: Incineroar|Intimidate|boost
|-unboost|p2a: Incineroar|atk|1
|-unboost|p2b: Basculegion|atk|1
|turn|6
|
|t:|1783452086
|move|p1b: Incineroar|Fake Out|p2a: Incineroar
|-damage|p2a: Incineroar|59/100 par
|move|p2b: Basculegion|Last Respects|p1a: Raichu
|-crit|p1a: Raichu
|-damage|p1a: Raichu|0 fnt
|faint|p1a: Raichu
|cant|p2a: Incineroar|flinch
|
|upkeep
|turn|7
|
|t:|1783452098
|move|p2b: Basculegion|Last Respects|p1b: Incineroar
|-resisted|p1b: Incineroar|1
|-damage|p1b: Incineroar|74/100
|move|p1b: Incineroar|Flare Blitz|p2b: Basculegion
|-resisted|p2b: Basculegion|1
|-damage|p2b: Basculegion|0 fnt
|faint|p2b: Basculegion
|-damage|p1b: Incineroar|66/100|[from] Recoil
|move|p2a: Incineroar|Parting Shot|p1b: Incineroar
|-unboost|p1b: Incineroar|atk|1
|-unboost|p1b: Incineroar|spa|1
|
|upkeep
|turn|8
|
|t:|1783452119
|move|p1b: Incineroar|Darkest Lariat|p2a: Incineroar
|-resisted|p2a: Incineroar|1
|-damage|p2a: Incineroar|49/100 par
|move|p2a: Incineroar|Flare Blitz|p1b: Incineroar
|-resisted|p1b: Incineroar|1
|-damage|p1b: Incineroar|52/100
|-damage|p2a: Incineroar|44/100 par|[from] Recoil
|
|upkeep
|turn|9
|
|t:|1783452130
|move|p1b: Incineroar|Darkest Lariat|p2a: Incineroar
|-resisted|p2a: Incineroar|1
|-damage|p2a: Incineroar|35/100 par
|move|p2a: Incineroar|Parting Shot|p1b: Incineroar
|-unboost|p1b: Incineroar|atk|1
|-unboost|p1b: Incineroar|spa|1
|
|upkeep
|turn|10
|
|t:|1783452139
|move|p1b: Incineroar|Flare Blitz|p2a: Incineroar
|-resisted|p2a: Incineroar|1
|-damage|p2a: Incineroar|24/100 par
|-damage|p1b: Incineroar|49/100|[from] Recoil
|-enditem|p1b: Incineroar|Sitrus Berry|[eat]
|-heal|p1b: Incineroar|73/100|[from] item: Sitrus Berry
|move|p2a: Incineroar|Flare Blitz|p1b: Incineroar
|-resisted|p1b: Incineroar|1
|-damage|p1b: Incineroar|61/100
|-damage|p2a: Incineroar|20/100y par|[from] Recoil
|
|upkeep
|turn|11
|
|t:|1783452150
|move|p1b: Incineroar|Flare Blitz|p2a: Incineroar
|-resisted|p2a: Incineroar|1
|-damage|p2a: Incineroar|10/100 par
|-damage|p1b: Incineroar|57/100|[from] Recoil
|move|p2a: Incineroar|Flare Blitz|p1b: Incineroar
|-resisted|p1b: Incineroar|1
|-damage|p1b: Incineroar|45/100
|-damage|p2a: Incineroar|6/100 par|[from] Recoil
|
|upkeep
|turn|12
|
|t:|1783452159
|move|p1b: Incineroar|Flare Blitz|p2a: Incineroar
|-resisted|p2a: Incineroar|1
|-damage|p2a: Incineroar|0 fnt
|faint|p2a: Incineroar
|-damage|p1b: Incineroar|43/100|[from] Recoil
|
|win|guligliugug
||asefito is ready for game 3.
||guligliugug is ready for game 3.
|uhtml|next|Next: Game 3 of 3
|l|☆guligliugug
|player|p1|
