|j|☆Shortslover69
|j|☆irluke
|html|Shortslover69irluke    
|uhtml|bestof|Game 1 of a best-of-3
|t:|1757855249
|gametype|doubles
|player|p1|Shortslover69|youngster-gen4dp|1054
|player|p2|irluke|n|1133
|gen|9
|tier|[Gen 9] VGC 2025 Reg H (Bo3)
|rated|
|rule|Species Clause: Limit one of each Pokémon
|rule|Item Clause: Limit 1 of each item
|clearpoke
|poke|p1|Indeedee-F, L50, F|
|poke|p1|Amoonguss, L50, M|
|poke|p1|Hatterene, L50, F|
|poke|p1|Vikavolt, L50, M|
|poke|p1|Araquanid, L50, F|
|poke|p1|Porygon2, L50|
|poke|p2|Torkoal, L50, M|
|poke|p2|Typhlosion-Hisui, L50, F|
|poke|p2|Venusaur, L50, M|
|poke|p2|Garganacl, L50, M|
|poke|p2|Farigiraf, L50, M|
|poke|p2|Kingambit, L50, F|
|teampreview|4
|showteam|p1|Indeedee-F||SafetyGoggles|PsychicSurge|Psychic,FollowMe,TrickRoom,Protect|||F|||50|,,,,,Poison]Amoonguss||RockyHelmet|Regenerator|RagePowder,PollenPuff,Spore,Protect|||M|||50|,,,,,Ghost]Hatterene||LifeOrb|MagicBounce|DazzlingGleam,ExpandingForce,TrickRoom,Protect|||F|||50|,,,,,Psychic]Vikavolt||ChoiceSpecs|Levitate|VoltSwitch,BugBuzz,Thunderbolt,TeraBlast|||M|||50|,,,,,Ground]Araquanid||ClearAmulet|WaterBubble|Liquidation,WideGuard,LeechLife,Protect|||F|||50|,,,,,Water]Porygon2||Eviolite|Download|TeraBlast,IceBeam,Recover,TrickRoom||||||50|,,,,,Fighting
|showteam|p2|Torkoal||EjectPack|Drought|Eruption,HelpingHand,Protect,Overheat|||M|||50|,,,,,Fire]Typhlosion-Hisui||ChoiceScarf|Blaze|Eruption,HeatWave,ShadowBall,SolarBeam|||F|||50|,,,,,Fire]Venusaur||CovertCloak|Chlorophyll|SleepPowder,SludgeBomb,Protect,EnergyBall|||M|||50|,,,,,Water]Garganacl||Leftovers|PurifyingSalt|Recover,IronDefense,SaltCure,Protect|||M|||50|,,,,,Water]Farigiraf||SafetyGoggles|ArmorTail|TrickRoom,HelpingHand,HyperVoice,TwinBeam|||M|||50|,,,,,Fairy]Kingambit||BlackGlasses|Defiant|KowtowCleave,SuckerPunch,SwordsDance,Protect|||F|||50|,,,,,Ghost
|inactive|Battle timer is ON: inactive players will automatically lose when time's up. (requested by irluke)
|inactive|Shortslover69 also wants the timer to be on.
|inactive|Shortslover69 has 60 seconds left.
|inactive|irluke has 60 seconds left.
|
|t:|1757855301
|teamsize|p1|4
|teamsize|p2|4
|start
|switch|p1a: Tricking my Room|Indeedee-F, L50, F|100/100
|switch|p1b: Araquanid|Araquanid, L50, F|100/100
|switch|p2a: Torkoal|Torkoal, L50, M|100/100
|switch|p2b: Venusaur|Venusaur, L50, M|100/100
|-fieldstart|move: Psychic Terrain|[from] ability: Psychic Surge|[of] p1a: Tricking my Room
|-weather|SunnyDay|[from] ability: Drought|[of] p2a: Torkoal
|turn|1
|inactive|irluke has 30 seconds left.
|inactive|irluke has 20 seconds left.
|
|t:|1757855336
|-terastallize|p1b: Araquanid|Water
|move|p1a: Tricking my Room|Protect|p1a: Tricking my Room
|-singleturn|p1a: Tricking my Room|Protect
|move|p2b: Venusaur|Sludge Bomb|p1a: Tricking my Room
|-activate|p1a: Tricking my Room|move: Protect
|move|p1b: Araquanid|Liquidation|p2a: Torkoal
|-supereffective|p2a: Torkoal
|-damage|p2a: Torkoal|39/100
|move|p2a: Torkoal|Overheat|p1a: Tricking my Room
|-activate|p1a: Tricking my Room|move: Protect
|
|-weather|SunnyDay|[upkeep]
|upkeep
|turn|2
|
|t:|1757855360
|move|p2a: Torkoal|Helping Hand|p2b: Venusaur
|-singleturn|p2b: Venusaur|Helping Hand|[of] p2a: Torkoal
|move|p2b: Venusaur|Energy Ball|p1b: Araquanid
|-supereffective|p1b: Araquanid
|-crit|p1b: Araquanid
|-damage|p1b: Araquanid|0 fnt
|faint|p1b: Araquanid
|move|p1a: Tricking my Room|Trick Room|p1a: Tricking my Room
|-fieldstart|move: Trick Room|[of] p1a: Tricking my Room
|
|-weather|SunnyDay|[upkeep]
|upkeep
|
|t:|1757855371
|switch|p1b: Lumpy Space Prin|Hatterene, L50, F|100/100
|turn|3
|
|t:|1757855393
|switch|p1a: Trans Rights|Amoonguss, L50, M|100/100
|-terastallize|p2b: Venusaur|Water
|move|p2a: Torkoal|Helping Hand|p2b: Venusaur
|-singleturn|p2b: Venusaur|Helping Hand|[of] p2a: Torkoal
|move|p1b: Lumpy Space Prin|Expanding Force|p2a: Torkoal|[spread] p2a,p2b
|-damage|p2a: Torkoal|0 fnt
|-damage|p2b: Venusaur|9/100
|faint|p2a: Torkoal
|-damage|p1b: Lumpy Space Prin|91/100|[from] item: Life Orb
|move|p2b: Venusaur|Sludge Bomb|p1b: Lumpy Space Prin
|-supereffective|p1b: Lumpy Space Prin
|-damage|p1b: Lumpy Space Prin|0 fnt
|faint|p1b: Lumpy Space Prin
|
|-weather|SunnyDay|[upkeep]
|upkeep
|
|t:|1757855409
|switch|p2a: Kingambit|Kingambit, L50, F|100/100
|switch|p1b: Tricking my Room|Indeedee-F, L50, F|100/100
|turn|4
|
|t:|1757855433
|move|p2a: Kingambit|Protect|p2a: Kingambit
|-singleturn|p2a: Kingambit|Protect
|move|p2b: Venusaur|Protect|p2b: Venusaur
|-singleturn|p2b: Venusaur|Protect
|move|p1a: Trans Rights|Spore|p2a: Kingambit
|-activate|p2a: Kingambit|move: Protect
|move|p1b: Tricking my Room|Psychic|p2b: Venusaur
|-activate|p2b: Venusaur|move: Protect
|
|-weather|SunnyDay|[upkeep]
|upkeep
|turn|5
|
|t:|1757855451
|move|p1a: Trans Rights|Spore|p2a: Kingambit
|-status|p2a: Kingambit|slp|[from] move: Spore
|cant|p2a: Kingambit|slp
|move|p1b: Tricking my Room|Psychic|p2b: Venusaur
|-damage|p2b: Venusaur|0 fnt
|faint|p2b: Venusaur
|
|-weather|none
|-fieldend|move: Psychic Terrain
|upkeep
|
|t:|1757855454
|switch|p2b: Typhlosion|Typhlosion-Hisui, L50, F|100/100
|turn|6
|
|t:|1757855463
|cant|p2a: Kingambit|slp
|move|p1a: Trans Rights|Spore|p2b: Typhlosion
|-status|p2b: Typhlosion|slp|[from] move: Spore
|move|p1b: Tricking my Room|Psychic|p2b: Typhlosion
|-damage|p2b: Typhlosion|58/100 slp
|-unboost|p2b: Typhlosion|spd|1
|cant|p2b: Typhlosion|slp
|
|-fieldend|move: Trick Room
|upkeep
|turn|7
|
|t:|1757855469
|cant|p2b: Typhlosion|slp
|move|p1b: Tricking my Room|Psychic|p2b: Typhlosion
|-damage|p2b: Typhlosion|0 fnt
|faint|p2b: Typhlosion
|cant|p2a: Kingambit|slp
|move|p1a: Trans Rights|Pollen Puff|p2a: Kingambit
|-damage|p2a: Kingambit|85/100 slp
|
|upkeep
|turn|8
|
|t:|1757855487
|move|p1b: Tricking my Room|Protect|p1b: Tricking my Room
|-singleturn|p1b: Tricking my Room|Protect
|-curestatus|p2a: Kingambit|slp|[msg]
|move|p2a: Kingambit|Kowtow Cleave|p1a: Trans Rights
|-damage|p1a: Trans Rights|62/100
|-damage|p2a: Kingambit|68/100|[from] item: Rocky Helmet|[of] p1a: Trans Rights
|move|p1a: Trans Rights|Pollen Puff|p2a: Kingambit
|-damage|p2a: Kingambit|53/100
|
|upkeep
|turn|9
|
|t:|1757855499
|move|p1b: Tricking my Room|Follow Me|p1b: Tricking my Room
|-singleturn|p1b: Tricking my Room|move: Follow Me
|move|p2a: Kingambit|Kowtow Cleave|p1b: Tricking my Room
|-supereffective|p1b: Tricking my Room
|-damage|p1b: Tricking my Room|2/100
|move|p1a: Trans Rights|Pollen Puff|p2a: Kingambit
|-damage|p2a: Kingambit|38/100
|
|upkeep
|turn|10
|
|t:|1757855509
|move|p1b: Tricking my Room|Follow Me|p1b: Tricking my Room
|-singleturn|p1b: Tricking my Room|move: Follow Me
|move|p2a: Kingambit|Kowtow Cleave|p1b: Tricking my Room
|-supereffective|p1b: Tricking my Room
|-crit|p1b: Tricking my Room
|-damage|p1b: Tricking my Room|0 fnt
|faint|p1b: Tricking my Room
|move|p1a: Trans Rights|Pollen Puff|p2a: Kingambit
|-damage|p2a: Kingambit|23/100
|
|upkeep
|turn|11
|
|t:|1757855520
|move|p2a: Kingambit|Swords Dance|p2a: Kingambit
|-boost|p2a: Kingambit|atk|2
|move|p1a: Trans Rights|Pollen Puff|p2a: Kingambit
|-damage|p2a: Kingambit|7/100
|
|upkeep
|turn|12
|
|t:|1757855523
|move|p2a: Kingambit|Kowtow Cleave|p1a: Trans Rights
|-damage|p1a: Trans Rights|0 fnt
|-damage|p2a: Kingambit|0 fnt|[from] item: Rocky Helmet|[of] p1a: Trans Rights
|faint|p1a: Trans Rights
|faint|p2a: Kingambit
|
|win|irluke
||Shortslover69 is ready for game 2.
||irluke is ready for game 2.
|uhtml|next|Next: Game 2 of 3
