|j|☆dialghite
|j|☆Slackermaru
|html|dialghiteSlackermaru    
|uhtml|bestof|Game 1 of a best-of-3
|t:|1756730865
|gametype|doubles
|player|p1|dialghite|volkner|1435
|player|p2|Slackermaru|workerice|1423
|gen|9
|tier|[Gen 9] VGC 2025 Reg H (Bo3)
|rated|
|rule|Species Clause: Limit one of each Pokémon
|rule|Item Clause: Limit 1 of each item
|clearpoke
|poke|p1|Whimsicott, L50, M|
|poke|p1|Corviknight, L50, F|
|poke|p1|Indeedee, L50, M|
|poke|p1|Sneasler, L50, F|
|poke|p1|Ursaluna-Bloodmoon, L50, M|
|poke|p1|Archaludon, L50, F|
|poke|p2|Rillaboom, L50, F|
|poke|p2|Dragonite, L50, M|
|poke|p2|Sneasler, L50, F|
|poke|p2|Kingambit, L50, F|
|poke|p2|Electabuzz, L50, M|
|poke|p2|Volcarona, L50, F|
|teampreview|4
|showteam|p1|Whimsicott||CovertCloak|Prankster|Moonblast,Taunt,Tailwind,FakeTears|||M|||50|,,,,,Water]Corviknight||Leftovers|MirrorArmor|BraveBird,Tailwind,BulkUp,Roost|||F|||50|,,,,,Dragon]Indeedee||FocusSash|PsychicSurge|ExpandingForce,TeraBlast,Imprison,TrickRoom|||M|||50|,,,,,Psychic]Sneasler||PsychicSeed|Unburden|CloseCombat,DireClaw,ThroatChop,Protect|||F|||50|,,,,,Dark]Ursaluna-Bloodmoon||LifeOrb|MindsEye|HyperVoice,BloodMoon,EarthPower,Protect|||M|||50|,,,,,Normal]Archaludon||PowerHerb|Stalwart|ElectroShot,DragonPulse,Thunderbolt,Protect|||F|||50|,,,,,Electric
|showteam|p2|Rillaboom||AssaultVest|GrassySurge|FakeOut,HighHorsepower,WoodHammer,GrassyGlide|||F|||50|,,,,,Fire]Dragonite||LoadedDice|Multiscale|ExtremeSpeed,ScaleShot,Protect,Haze|||M|||50|,,,,,Steel]Sneasler||FocusSash|Unburden|DireClaw,CloseCombat,FakeOut,Protect|||F|||50|,,,,,Stellar]Kingambit||SafetyGoggles|Defiant|KowtowCleave,SuckerPunch,SwordsDance,Protect|||F|||50|,,,,,Dark]Electabuzz||Eviolite|VitalSpirit|Thunderbolt,Taunt,FollowMe,Protect|||M|||50|,,,,,Ghost]Volcarona||Leftovers|FlameBody|HeatWave,TeraBlast,QuiverDance,Protect|||F|||50|,,,,,Fairy
|inactive|Battle timer is ON: inactive players will automatically lose when time's up. (requested by dialghite)
|
|t:|1756730899
|teamsize|p1|4
|teamsize|p2|4
|start
|switch|p1a: Whimsicott|Whimsicott, L50, M|100/100
|switch|p1b: Ursaluna|Ursaluna-Bloodmoon, L50, M|100/100
|switch|p2a: Rillaboom|Rillaboom, L50, F|100/100
|switch|p2b: Electabuzz|Electabuzz, L50, M|100/100
|-fieldstart|move: Grassy Terrain|[from] ability: Grassy Surge|[of] p2a: Rillaboom
|turn|1
|
|t:|1756730914
|move|p1b: Ursaluna|Protect|p1b: Ursaluna
|-singleturn|p1b: Ursaluna|Protect
|move|p2b: Electabuzz|Follow Me|p2b: Electabuzz
|-singleturn|p2b: Electabuzz|move: Follow Me
|move|p1a: Whimsicott|Taunt|p2b: Electabuzz
|-start|p2b: Electabuzz|move: Taunt
|move|p2a: Rillaboom|Wood Hammer|p1b: Ursaluna
|-activate|p1b: Ursaluna|move: Protect
|
|upkeep
|turn|2
|
|t:|1756730931
|-terastallize|p1b: Ursaluna|Normal
|move|p1a: Whimsicott|Tailwind|p1a: Whimsicott
|-sidestart|p1: dialghite|move: Tailwind
|move|p2a: Rillaboom|Grassy Glide|p1b: Ursaluna
|-damage|p1b: Ursaluna|73/100
|move|p1b: Ursaluna|Blood Moon|p2a: Rillaboom
|-damage|p2a: Rillaboom|6/100
|-damage|p1b: Ursaluna|63/100|[from] item: Life Orb
|move|p2b: Electabuzz|Thunderbolt|p1b: Ursaluna
|-damage|p1b: Ursaluna|22/100
|
|-heal|p1b: Ursaluna|28/100|[from] Grassy Terrain
|-heal|p2a: Rillaboom|12/100|[from] Grassy Terrain
|upkeep
|turn|3
|inactive|Slackermaru has 30 seconds left.
|
|t:|1756730965
|move|p1b: Ursaluna|Protect|p1b: Ursaluna
|-singleturn|p1b: Ursaluna|Protect
|move|p2a: Rillaboom|Grassy Glide|p1b: Ursaluna
|-activate|p1b: Ursaluna|move: Protect
|move|p1a: Whimsicott|Moonblast|p2a: Rillaboom
|-damage|p2a: Rillaboom|0 fnt
|faint|p2a: Rillaboom
|move|p2b: Electabuzz|Thunderbolt|p1a: Whimsicott
|-resisted|p1a: Whimsicott
|-damage|p1a: Whimsicott|82/100
|
|-heal|p1a: Whimsicott|88/100|[from] Grassy Terrain
|-heal|p1b: Ursaluna|34/100|[from] Grassy Terrain
|upkeep
|
|t:|1756730977
|switch|p2a: Dragonite|Dragonite, L50, M|100/100
|turn|4
|inactive|dialghite has 30 seconds left.
|
|t:|1756731006
|switch|p2b: Sneasler|Sneasler, L50, F|100/100
|-terastallize|p2a: Dragonite|Steel
|move|p1a: Whimsicott|Moonblast|p2a: Dragonite
|-resisted|p2a: Dragonite
|-damage|p2a: Dragonite|93/100
|move|p1b: Ursaluna|Earth Power|p2b: Sneasler
|-supereffective|p2b: Sneasler
|-enditem|p2b: Sneasler|Focus Sash
|-damage|p2b: Sneasler|1/100
|-damage|p1b: Ursaluna|24/100|[from] item: Life Orb
|move|p2a: Dragonite|Scale Shot|p1b: Ursaluna
|-damage|p1b: Ursaluna|11/100
|-damage|p1b: Ursaluna|0 fnt
|faint|p1b: Ursaluna
|-hitcount|p1: Ursaluna|2
|-unboost|p2a: Dragonite|def|1
|-boost|p2a: Dragonite|spe|1
|
|-heal|p2b: Sneasler|7/100|[from] Grassy Terrain
|-heal|p1a: Whimsicott|94/100|[from] Grassy Terrain
|-heal|p2a: Dragonite|99/100|[from] Grassy Terrain
|upkeep
|inactive|dialghite has 30 seconds left.
|
|t:|1756731037
|switch|p1b: Sneasler|Sneasler, L50, F|100/100
|turn|5
|inactive|dialghite has 30 seconds left.
|
|t:|1756731069
|switch|p1a: Indeedee|Indeedee, L50, M|100/100
|-fieldstart|move: Psychic Terrain|[from] ability: Psychic Surge|[of] p1a: Indeedee
|-enditem|p1b: Sneasler|Psychic Seed
|-boost|p1b: Sneasler|spd|1|[from] item: Psychic Seed
|move|p2a: Dragonite|Protect|p2a: Dragonite
|-singleturn|p2a: Dragonite|Protect
|move|p1b: Sneasler|Close Combat|p2a: Dragonite
|-activate|p2a: Dragonite|move: Protect
|move|p2b: Sneasler|Dire Claw|p1a: Indeedee
|-damage|p1a: Indeedee|8/100
|
|-sideend|p1: dialghite|move: Tailwind
|upkeep
|turn|6
|
|t:|1756731090
|switch|p2a: Electabuzz|Electabuzz, L50, M|100/100
|move|p2b: Sneasler|Dire Claw|p1a: Indeedee
|-damage|p1a: Indeedee|0 fnt
|faint|p1a: Indeedee
|move|p1b: Sneasler|Close Combat|p2a: Electabuzz
|-damage|p2a: Electabuzz|50/100
|-unboost|p1b: Sneasler|def|1
|-unboost|p1b: Sneasler|spd|1
|
|upkeep
|
|t:|1756731092
|switch|p1a: Whimsicott|Whimsicott, L50, M|94/100
|turn|7
|
|t:|1756731107
|move|p2a: Electabuzz|Follow Me|p2a: Electabuzz
|-singleturn|p2a: Electabuzz|move: Follow Me
|move|p1a: Whimsicott|Tailwind|p1a: Whimsicott
|-sidestart|p1: dialghite|move: Tailwind
|move|p1b: Sneasler|Dire Claw|p2a: Electabuzz
|-damage|p2a: Electabuzz|16/100
|move|p2b: Sneasler|Dire Claw|p1a: Whimsicott
|-supereffective|p1a: Whimsicott
|-damage|p1a: Whimsicott|0 fnt
|faint|p1a: Whimsicott
|
|upkeep
|turn|8
|
|t:|1756731119
|move|p2a: Electabuzz|Follow Me|p2a: Electabuzz
|-singleturn|p2a: Electabuzz|move: Follow Me
|move|p1b: Sneasler|Dire Claw|p2a: Electabuzz
|-damage|p2a: Electabuzz|0 fnt
|faint|p2a: Electabuzz
|move|p2b: Sneasler|Close Combat|p1b: Sneasler
|-resisted|p1b: Sneasler
|-damage|p1b: Sneasler|25/100
|-unboost|p2b: Sneasler|def|1
|-unboost|p2b: Sneasler|spd|1
|
|upkeep
|
|t:|1756731129
|switch|p2a: Dragonite|Dragonite, L50, M, tera:Steel|99/100
|turn|9
|
|t:|1756731134
|move|p2b: Sneasler|Protect|p2b: Sneasler
|-singleturn|p2b: Sneasler|Protect
|move|p2a: Dragonite|Protect|p2a: Dragonite
|-singleturn|p2a: Dragonite|Protect
|move|p1b: Sneasler|Close Combat|p2a: Dragonite
|-activate|p2a: Dragonite|move: Protect
|
|-fieldend|move: Psychic Terrain
|upkeep
|turn|10
|
|t:|1756731146
|move|p2a: Dragonite|Extreme Speed|p1b: Sneasler
|-damage|p1b: Sneasler|0 fnt
|faint|p1b: Sneasler
|
|win|Slackermaru
||dialghite is ready for game 2.
||Slackermaru is ready for game 2.
|uhtml|next|Next: Game 2 of 3
|l|☆dialghite
|player|p1|
