|j|☆PewPewMewMew
|j|☆r00mservice7
|html|PewPewMewMewr00mservice7    
|uhtml|bestof|Game 2 of a best-of-3
|t:|1785238643
|gametype|doubles
|player|p1|PewPewMewMew|1|1354
|player|p2|r00mservice7|266|1316
|gen|9
|tier|[Gen 9 Champions] VGC 2026 Reg M-B (Bo3)
|rated|
|rule|Species Clause: Limit one of each Pokémon
|rule|Item Clause: Limit 1 of each item
|clearpoke
|poke|p1|Charizard, L50, F|
|poke|p1|Venusaur, L50, F|
|poke|p1|Grimmsnarl, L50, M|
|poke|p1|Basculegion, L50, M|
|poke|p1|Pelipper, L50, F|
|poke|p1|Archaludon, L50, F|
|poke|p2|Staraptor, L50, M|
|poke|p2|Tyranitar, L50, M|
|poke|p2|Excadrill, L50, F|
|poke|p2|Gholdengo, L50|
|poke|p2|Milotic, L50, M|
|poke|p2|Tsareena, L50, F|
|teampreview|4
|showteam|p1|Charizard||CharizarditeY|Blaze|HeatWave,SolarBeam,WeatherBall,Protect|Timid||F|||50|]Venusaur||LifeOrb|Chlorophyll|EarthPower,LeafStorm,SleepPowder,Protect|Modest||F|||50|]Grimmsnarl||LightClay|Prankster|SpiritBreak,PartingShot,LightScreen,Reflect|Sassy||M|||50|]Basculegion||ChoiceScarf|Adaptability|WaveCrash,LastRespects,FlipTurn,AquaJet|Jolly||M|||50|]Pelipper||SitrusBerry|Drizzle|WeatherBall,Hurricane,Tailwind,WideGuard|Modest||F|||50|]Archaludon||Leftovers|Stamina|ElectroShot,DragonPulse,FlashCannon,Protect|Calm||F|||50|
|showteam|p2|Staraptor||Staraptite|Intimidate|BraveBird,CloseCombat,Tailwind,Protect|Jolly||M|||50|]Tyranitar||Tyranitarite|SandStream|RockSlide,KnockOff,DragonDance,Protect|Jolly||M|||50|]Excadrill||FocusSash|SandRush|HighHorsepower,IronHead,RockSlide,Protect|Adamant||F|||50|]Gholdengo||LifeOrb|GoodasGold|MakeItRain,ShadowBall,NastyPlot,Protect|Modest|||||50|]Milotic||SitrusBerry|Competitive|Scald,IcyWind,IceBeam,Protect|Calm||M|||50|]Tsareena||ExpertBelt|QueenlyMajesty|TropKick,LowKick,Taunt,Protect|Adamant||F|||50|
|
|t:|1785238657
|teamsize|p1|4
|teamsize|p2|4
|start
|switch|p1a: Grimmsnarl|Grimmsnarl, L50, M|100/100
|switch|p1b: Archaludon|Archaludon, L50, F|100/100
|switch|p2a: Tyranitar|Tyranitar, L50, M|100/100
|switch|p2b: Excadrill|Excadrill, L50, F|100/100
|-weather|Sandstorm|[from] ability: Sand Stream|[of] p2a: Tyranitar
|turn|1
|inactive|Battle timer is ON: inactive players will automatically lose when time's up. (requested by r00mservice7)
|
|t:|1785238679
|move|p2b: Excadrill|High Horsepower|p1b: Archaludon
|-supereffective|p1b: Archaludon|1
|-damage|p1b: Archaludon|18/100
|-ability|p1b: Archaludon|Stamina|boost
|-boost|p1b: Archaludon|def|1
|move|p2a: Tyranitar|Knock Off|p1b: Archaludon
|-damage|p1b: Archaludon|0 fnt
|-enditem|p1b: Archaludon|Leftovers|[from] move: Knock Off|[of] p2a: Tyranitar
|faint|p1b: Archaludon
|move|p1a: Grimmsnarl|Spirit Break|p2a: Tyranitar
|-supereffective|p2a: Tyranitar|1
|-damage|p2a: Tyranitar|45/100
|-unboost|p2a: Tyranitar|spa|1
|
|-weather|Sandstorm|[upkeep]
|-damage|p1a: Grimmsnarl|94/100|[from] Sandstorm
|upkeep
|
|t:|1785238688
|switch|p1b: Charizard|Charizard, L50, F|100/100
|turn|2
|
|t:|1785238702
|detailschange|p1b: Charizard|Charizard-Mega-Y, L50, F
|-mega|p1b: Charizard|Charizard|Charizardite Y
|-weather|SunnyDay|[from] ability: Drought|[of] p1b: Charizard
|move|p2b: Excadrill|Protect|p2b: Excadrill
|-singleturn|p2b: Excadrill|Protect
|move|p2a: Tyranitar|Protect|p2a: Tyranitar
|-singleturn|p2a: Tyranitar|Protect
|move|p1a: Grimmsnarl|Parting Shot|p2b: Excadrill
|-activate|p2b: Excadrill|move: Protect
|move|p1b: Charizard|Weather Ball|p2a: Tyranitar
|-activate|p2a: Tyranitar|move: Protect
|
|-weather|SunnyDay|[upkeep]
|upkeep
|turn|3
|
|t:|1785238722
|switch|p2a: Gholdengo|Gholdengo, L50|100/100
|move|p1a: Grimmsnarl|Parting Shot|p2b: Excadrill
|-unboost|p2b: Excadrill|atk|1
|-unboost|p2b: Excadrill|spa|1
|
|t:|1785238725
|switch|p1a: Pelipper|Pelipper, L50, F|100/100|[from] Parting Shot
|-weather|RainDance|[from] ability: Drizzle|[of] p1a: Pelipper
|move|p1b: Charizard|Weather Ball|p2a: Gholdengo
|-damage|p2a: Gholdengo|53/100
|move|p2b: Excadrill|Rock Slide|p1b: Charizard|[spread] p1a
|-miss|p2b: Excadrill|p1b: Charizard
|-supereffective|p1a: Pelipper|1
|-damage|p1a: Pelipper|65/100
|
|-weather|RainDance|[upkeep]
|upkeep
|turn|4
|
|t:|1785238748
|switch|p2a: Tyranitar|Tyranitar, L50, M|45/100
|-weather|Sandstorm|[from] ability: Sand Stream|[of] p2a: Tyranitar
|move|p1a: Pelipper|Wide Guard|p1a: Pelipper
|-singleturn|p1a: Pelipper|Wide Guard
|move|p2b: Excadrill|Rock Slide|p1b: Charizard|[spread] 
|-activate|p1a: Pelipper|move: Wide Guard
|-activate|p1b: Charizard|move: Wide Guard
|move|p1b: Charizard|Heat Wave|p2b: Excadrill|[spread] p2a,p2b
|-resisted|p2a: Tyranitar|1
|-supereffective|p2b: Excadrill|1
|-damage|p2a: Tyranitar|33/100
|-damage|p2b: Excadrill|3/100
|
|-weather|Sandstorm|[upkeep]
|-damage|p1b: Charizard|94/100|[from] Sandstorm
|-damage|p1a: Pelipper|59/100|[from] Sandstorm
|upkeep
|turn|5
|inactive|r00mservice7 has 30 seconds left.
|
|t:|1785238779
|switch|p1b: Grimmsnarl|Grimmsnarl, L50, M|94/100
|move|p2b: Excadrill|Rock Slide|p1b: Grimmsnarl|[spread] p1a,p1b
|-supereffective|p1a: Pelipper|1
|-damage|p1a: Pelipper|28/100
|-damage|p1b: Grimmsnarl|79/100
|-enditem|p1a: Pelipper|Sitrus Berry|[eat]
|-heal|p1a: Pelipper|53/100|[from] item: Sitrus Berry
|move|p2a: Tyranitar|Knock Off|p1a: Pelipper
|-crit|p1a: Pelipper
|-damage|p1a: Pelipper|0 fnt
|faint|p1a: Pelipper
|
|-weather|Sandstorm|[upkeep]
|-damage|p1b: Grimmsnarl|73/100|[from] Sandstorm
|upkeep
|
|t:|1785238786
|switch|p1a: Charizard|Charizard-Mega-Y, L50, F|94/100
|-weather|SunnyDay|[from] ability: Drought|[of] p1a: Charizard
|turn|6
|
|t:|1785238803
|switch|p2b: Staraptor|Staraptor, L50, M|100/100
|-ability|p2b: Staraptor|Intimidate|boost
|-unboost|p1a: Charizard|atk|1
|-unboost|p1b: Grimmsnarl|atk|1
|move|p2a: Tyranitar|Protect|p2a: Tyranitar
|-singleturn|p2a: Tyranitar|Protect
|move|p1b: Grimmsnarl|Reflect|p1b: Grimmsnarl
|-sidestart|p1: PewPewMewMew|Reflect
|move|p1a: Charizard|Weather Ball|p2a: Tyranitar
|-activate|p2a: Tyranitar|move: Protect
|
|-weather|SunnyDay|[upkeep]
|upkeep
|turn|7
|
|t:|1785238818
|detailschange|p2a: Tyranitar|Tyranitar-Mega, L50, M
|-mega|p2a: Tyranitar|Tyranitar|Tyranitarite
|-weather|Sandstorm|[from] ability: Sand Stream|[of] p2a: Tyranitar
|move|p1a: Charizard|Protect|p1a: Charizard
|-singleturn|p1a: Charizard|Protect
|move|p2b: Staraptor|Tailwind|p2b: Staraptor
|-sidestart|p2: r00mservice7|move: Tailwind
|move|p2a: Tyranitar|Rock Slide|p1a: Charizard|[spread] p1b
|-activate|p1a: Charizard|move: Protect
|-damage|p1b: Grimmsnarl|50/100g
|cant|p1b: Grimmsnarl|flinch
|
|-weather|Sandstorm|[upkeep]
|-damage|p2b: Staraptor|94/100|[from] Sandstorm
|-damage|p1a: Charizard|88/100|[from] Sandstorm
|-damage|p1b: Grimmsnarl|45/100|[from] Sandstorm
|upkeep
|turn|8
|
|t:|1785238843
|move|p2b: Staraptor|Brave Bird|p1b: Grimmsnarl
|-damage|p1b: Grimmsnarl|14/100
|-damage|p2b: Staraptor|83/100|[from] Recoil
|move|p2a: Tyranitar|Rock Slide|p1a: Charizard|[spread] p1a,p1b
|-supereffective|p1a: Charizard|2
|-damage|p1a: Charizard|0 fnt
|-damage|p1b: Grimmsnarl|0 fnt
|faint|p1a: Charizard
|faint|p1b: Grimmsnarl
|
|win|r00mservice7
||PewPewMewMew is ready for game 3.
||r00mservice7 is ready for game 3.
|uhtml|next|Next: Game 3 of 3
|l|☆PewPewMewMew
|player|p1|
