|j|☆Sonja Hilmer
|j|☆jacre22
|html|Sonja Hilmerjacre22    
|uhtml|bestof|Game 3 of a best-of-3
|t:|1757022669
|gametype|doubles
|player|p1|Sonja Hilmer|lady|1356
|player|p2|jacre22|iris-gen5bw2|1409
|gen|9
|tier|[Gen 9] VGC 2025 Reg H (Bo3)
|rated|
|rule|Species Clause: Limit one of each Pokémon
|rule|Item Clause: Limit 1 of each item
|clearpoke
|poke|p1|Dachsbun, L50, F|
|poke|p1|Typhlosion-Hisui, L50, F|
|poke|p1|Kingambit, L50, F|
|poke|p1|Jumpluff, L50, M|
|poke|p1|Rillaboom, L50, F|
|poke|p1|Torkoal, L50, F|
|poke|p2|Whimsicott, L50, F|
|poke|p2|Garchomp, L50, F|
|poke|p2|Gholdengo, L50|
|poke|p2|Incineroar, L50, F|
|poke|p2|Sneasler, L50, F|
|poke|p2|Dragonite, L50, F|
|teampreview|4
|showteam|p1|Dachsbun||Leftovers|WellBakedBody|BodyPress,Snarl,HelpingHand,Protect|||F|||50|,,,,,Steel]Typhlosion-Hisui||ChoiceSpecs|Blaze|Eruption,LavaPlume,Overheat,ShadowBall|||F|||50|,,,,,Fire]Kingambit||AssaultVest|Defiant|KowtowCleave,SuckerPunch,LowKick,TeraBlast|||F|||50|,,,,,Fairy]Jumpluff||CovertCloak|Chlorophyll|SleepPowder,SunnyDay,RagePowder,Tailwind|||M|||50|,,,,,Water]Rillaboom||LifeOrb|GrassySurge|WoodHammer,GrassyGlide,HighHorsepower,FakeOut|||F|||50|,,,,,Ground]Torkoal||SitrusBerry|Drought|HeatWave,LavaPlume,ClearSmog,Protect|||F|||50|,,,,,Fairy
|showteam|p2|Whimsicott||FocusSash|Prankster|Moonblast,Tailwind,Encore,Protect|||F|||50|,,,,,Ghost]Garchomp||LifeOrb|RoughSkin|Earthquake,DragonClaw,StompingTantrum,Protect|||F|||50|,,,,,Ground]Gholdengo||ChoiceSpecs|GoodasGold|MakeItRain,ShadowBall,Trick,PowerGem||||||50|,,,,,Steel]Incineroar||AssaultVest|Intimidate|FakeOut,FlareBlitz,KnockOff,Uturn|||F|||50|,,,,,Grass]Sneasler||WhiteHerb|Unburden|FakeOut,DireClaw,CloseCombat,Protect|||F|||50|,,,,,Stellar]Dragonite||ChoiceBand|InnerFocus|ExtremeSpeed,Outrage,IceSpinner,StompingTantrum|||F|||50|,,,,,Normal
|inactive|Battle timer is ON: inactive players will automatically lose when time's up. (requested by Sonja Hilmer)
|
|t:|1757022687
|teamsize|p1|4
|teamsize|p2|4
|start
|switch|p1a: Typhlosion|Typhlosion-Hisui, L50, F|100/100
|switch|p1b: Rillaboom|Rillaboom, L50, F|100/100
|switch|p2a: Whimsicott|Whimsicott, L50, F|100/100
|switch|p2b: Gholdengo|Gholdengo, L50|100/100
|-fieldstart|move: Grassy Terrain|[from] ability: Grassy Surge|[of] p1b: Rillaboom
|turn|1
|
|t:|1757022708
|switch|p1b: Kingambit|Kingambit, L50, F|100/100
|-terastallize|p2a: Whimsicott|Ghost
|move|p2a: Whimsicott|Tailwind|p2a: Whimsicott
|-sidestart|p2: jacre22|move: Tailwind
|move|p2b: Gholdengo|Shadow Ball|p1a: Typhlosion
|-supereffective|p1a: Typhlosion
|-damage|p1a: Typhlosion|0 fnt
|faint|p1a: Typhlosion
|
|upkeep
|
|t:|1757022722
|switch|p1a: Jumpluff|Jumpluff, L50, M|100/100
|turn|2
|
|t:|1757022738
|move|p2a: Whimsicott|Moonblast|p1a: Jumpluff
|-damage|p1a: Jumpluff|63/100
|move|p2b: Gholdengo|Shadow Ball|p1a: Jumpluff
|-damage|p1a: Jumpluff|0 fnt
|faint|p1a: Jumpluff
|move|p1b: Kingambit|Kowtow Cleave|p2b: Gholdengo
|-supereffective|p2b: Gholdengo
|-damage|p2b: Gholdengo|0 fnt
|faint|p2b: Gholdengo
|
|upkeep
|inactive|jacre22 has 30 seconds left.
|inactive|jacre22 has 20 seconds left.
|inactive|jacre22 has 15 seconds left.
|
|t:|1757022783
|switch|p1a: Rillaboom|Rillaboom, L50, F|100/100
|switch|p2b: Garchomp|Garchomp, L50, F|100/100
|turn|3
|
|t:|1757022801
|-terastallize|p1a: Rillaboom|Ground
|move|p2a: Whimsicott|Protect|p2a: Whimsicott
|-singleturn|p2a: Whimsicott|Protect
|move|p2b: Garchomp|Protect|p2b: Garchomp
|-singleturn|p2b: Garchomp|Protect
|move|p1a: Rillaboom|Grassy Glide|p2a: Whimsicott
|-activate|p2a: Whimsicott|move: Protect
|move|p1b: Kingambit|Sucker Punch||[still]
|-fail|p1b: Kingambit
|
|upkeep
|turn|4
|
|t:|1757022826
|move|p2a: Whimsicott|Encore|p1a: Rillaboom
|-start|p1a: Rillaboom|Encore
|move|p1b: Kingambit|Sucker Punch|p2b: Garchomp
|-damage|p2b: Garchomp|59/100
|-damage|p1b: Kingambit|88/100|[from] ability: Rough Skin|[of] p2b: Garchomp
|move|p2b: Garchomp|Stomping Tantrum|p1b: Kingambit
|-supereffective|p1b: Kingambit
|-damage|p1b: Kingambit|0 fnt
|faint|p1b: Kingambit
|-damage|p2b: Garchomp|49/100|[from] item: Life Orb
|move|p1a: Rillaboom|Grassy Glide|p2b: Garchomp
|-damage|p2b: Garchomp|0 fnt
|-damage|p1a: Rillaboom|88/100|[from] ability: Rough Skin|[of] p2b: Garchomp
|faint|p2b: Garchomp
|-damage|p1a: Rillaboom|79/100|[from] item: Life Orb
|
|-heal|p1a: Rillaboom|85/100|[from] Grassy Terrain
|-sideend|p2: jacre22|move: Tailwind
|upkeep
|
|t:|1757022843
|switch|p2b: Sneasler|Sneasler, L50, F|100/100
|turn|5
|
|t:|1757022852
|move|p2b: Sneasler|Fake Out|p1a: Rillaboom
|-damage|p1a: Rillaboom|70/100
|cant|p1a: Rillaboom|flinch
|move|p2a: Whimsicott|Moonblast|p1a: Rillaboom
|-damage|p1a: Rillaboom|29/100
|-unboost|p1a: Rillaboom|spa|1
|
|-heal|p1a: Rillaboom|35/100|[from] Grassy Terrain
|-fieldend|move: Grassy Terrain
|upkeep
|turn|6
|-message|Sonja Hilmer forfeited.
|
|win|jacre22
|raw|Sonja Hilmer's rating: 1356 → 1339(-17 for losing)
|raw|jacre22's rating: 1409 → 1426(+17 for winning)
|l|☆Sonja Hilmer
|player|p1|
|c|☆jacre22|ggs
