|j|☆bunbun04
|j|☆Gamingdragon123
|html|bunbun04Gamingdragon123    
|uhtml|bestof|Game 2 of a best-of-3
|t:|1784316502
|gametype|doubles
|player|p1|bunbun04|miku-water|
|player|p2|Gamingdragon123|102|
|gen|9
|tier|[Gen 9 Champions] VGC 2026 Reg M-B (Bo3)
|rule|Species Clause: Limit one of each Pokémon
|rule|Item Clause: Limit 1 of each item
|clearpoke
|poke|p1|Sableye, L50, F|
|poke|p1|Dragalge, L50, M|
|poke|p1|Basculegion, L50, M, shiny|
|poke|p1|Swampert, L50, F, shiny|
|poke|p1|Gardevoir, L50, M, shiny|
|poke|p1|Krookodile, L50, M|
|poke|p2|Kangaskhan, L50, F|
|poke|p2|Venusaur, L50, F|
|poke|p2|Heliolisk, L50, M|
|poke|p2|Charizard, L50, M|
|poke|p2|Dragonite, L50, M|
|poke|p2|Drampa, L50, F|
|teampreview|4
|showteam|p1|Sableye||DampRock|Prankster|RainDance,Quash,FakeOut,ThunderWave|Impish||F|||50|]Dragalge||Dragalgite|Adaptability|Protect,DracoMeteor,HydroPump,Thunder|Modest||M|||50|]Basculegion||LifeOrb|SwiftSwim|LastRespects,Protect,WaveCrash,FlipTurn|Adamant||M|||50|]Swampert||Swampertite|Torrent|FlipTurn,WaveCrash,SmackDown,Protect|Careful||F|||50|]Gardevoir||ChoiceScarf|Synchronize|RainDance,Encore,DestinyBond,ThunderWave|Timid||M|||50|]Krookodile||Leftovers|Intimidate|StealthRock,Bulldoze,DragonTail,KnockOff|Careful||M|||50|
|showteam|p2|Kangaskhan||Kangaskhanite|Scrappy|Crunch,FakeOut,Protect,DrainPunch|Adamant||F|||50|]Venusaur||Leftovers|Chlorophyll|EarthPower,EnergyBall,SludgeBomb,Protect|Naive||F|||50|]Heliolisk||ChoiceScarf|DrySkin|RockSlide,Protect,Discharge,DarkPulse|Mild||M|||50|]Charizard||CharizarditeY|Blaze|AncientPower,DragonPulse,Flamethrower,Protect|Naive||M|||50|]Dragonite||ExpertBelt|InnerFocus|Protect,Waterfall,IceSpinner,ThunderPunch|Adamant||M|||50|]Drampa||ChopleBerry|CloudNine|Protect,Thunderbolt,Roost,LightScreen|Sassy||F|||50|
|
|t:|1784316562
|teamsize|p1|4
|teamsize|p2|4
|start
|switch|p1a: trans rights|Gardevoir, L50, M, shiny|100/100
|switch|p1b: Sora|Swampert, L50, F, shiny|100/100
|switch|p2a: Drampa|Drampa, L50, F|100/100
|switch|p2b: Venusaur|Venusaur, L50, F|100/100
|-ability|p2a: Drampa|Cloud Nine
|turn|1
|
|t:|1784316615
|move|p1b: Sora|Protect|p1b: Sora
|-singleturn|p1b: Sora|Protect
|move|p1a: trans rights|Thunder Wave|p2b: Venusaur
|-status|p2b: Venusaur|par
|move|p2b: Venusaur|Energy Ball|p1b: Sora
|-activate|p1b: Sora|move: Protect
|move|p2a: Drampa|Light Screen|p2a: Drampa
|-sidestart|p2: Gamingdragon123|move: Light Screen
|
|upkeep
|turn|2
|
|t:|1784316653
|switch|p1b: Caiman|Krookodile, L50, M|100/100
|-ability|p1b: Caiman|Intimidate|boost
|-unboost|p2a: Drampa|atk|1
|-unboost|p2b: Venusaur|atk|1
|move|p1a: trans rights|Thunder Wave|p2a: Drampa
|-status|p2a: Drampa|par
|cant|p2b: Venusaur|par
|move|p2a: Drampa|Thunderbolt|p1a: trans rights
|-damage|p1a: trans rights|76/100
|
|upkeep
|turn|3
|
|t:|1784316674
|switch|p1a: Sora|Swampert, L50, F, shiny|100/100
|move|p2b: Venusaur|Protect|p2b: Venusaur
|-singleturn|p2b: Venusaur|Protect
|move|p2a: Drampa|Thunderbolt|p1a: Sora
|-immune|p1a: Sora
|move|p1b: Caiman|Dragon Tail|p2a: Drampa
|-supereffective|p2a: Drampa|1
|-damage|p2a: Drampa|72/100 par
|drag|p2a: Dragonite|Dragonite, L50, M|100/100
|
|upkeep
|turn|4
|
|t:|1784316717
|detailschange|p1a: Sora|Swampert-Mega, L50, F, shiny
|-mega|p1a: Sora|Swampert|Swampertite
|move|p1a: Sora|Protect|p1a: Sora
|-singleturn|p1a: Sora|Protect
|move|p2a: Dragonite|Waterfall|p1b: Caiman
|-supereffective|p1b: Caiman|1
|-damage|p1b: Caiman|18/100
|move|p1b: Caiman|Knock Off|p2b: Venusaur
|-damage|p2b: Venusaur|53/100 par
|-enditem|p2b: Venusaur|Leftovers|[from] move: Knock Off|[of] p1b: Caiman
|move|p2b: Venusaur|Energy Ball|p1b: Caiman
|-supereffective|p1b: Caiman|1
|-damage|p1b: Caiman|0 fnt
|faint|p1b: Caiman
|
|upkeep
|
|t:|1784316731
|switch|p1b: wragh|Sableye, L50, F|100/100
|turn|5
|
|t:|1784316760
|move|p2b: Venusaur|Protect|p2b: Venusaur
|-singleturn|p2b: Venusaur|Protect
|move|p1b: wragh|Fake Out|p2b: Venusaur
|-activate|p2b: Venusaur|move: Protect
|move|p2a: Dragonite|Waterfall|p1a: Sora
|-damage|p1a: Sora|75/100
|move|p1a: Sora|Wave Crash|p2b: Venusaur
|-activate|p2b: Venusaur|move: Protect
|
|-sideend|p2: Gamingdragon123|move: Light Screen
|upkeep
|turn|6
|
|t:|1784316785
|move|p1b: wragh|Quash|p2b: Venusaur
|-activate|p2b: Venusaur|move: Quash
|move|p2a: Dragonite|Waterfall|p1a: Sora
|-damage|p1a: Sora|49/100
|move|p1a: Sora|Wave Crash|p2b: Venusaur
|-resisted|p2b: Venusaur|1
|-damage|p2b: Venusaur|15/100 par
|-damage|p1a: Sora|40/100|[from] Recoil
|move|p2b: Venusaur|Energy Ball|p1a: Sora
|-supereffective|p1a: Sora|2
|-damage|p1a: Sora|0 fnt
|faint|p1a: Sora
|
|upkeep
|
|t:|1784316794
|switch|p1a: trans rights|Gardevoir, L50, M, shiny|76/100
|turn|7
|
|t:|1784316840
|move|p1b: wragh|Thunder Wave|p2a: Dragonite
|-status|p2a: Dragonite|par
|move|p1a: trans rights|Destiny Bond|p1a: trans rights
|-singlemove|p1a: trans rights|Destiny Bond
|move|p2b: Venusaur|Sludge Bomb||[still]
|-supereffective|p1a: trans rights|1
|-damage|p1a: trans rights|1/100
|-status|p1a: trans rights|psn
|-activate|p1a: trans rights|ability: Synchronize
|-fail|p1a: trans rights
|move|p2a: Dragonite|Waterfall|p1a: trans rights
|-damage|p1a: trans rights|0 fnt
|faint|p1a: trans rights
|-activate|p1a: trans rights|move: Destiny Bond
|faint|p2a: Dragonite
|
|upkeep
|
|t:|1784316857
|switch|p2a: Kangaskhan|Kangaskhan, L50, F|100/100
|turn|8
|
|t:|1784316865
|detailschange|p2a: Kangaskhan|Kangaskhan-Mega, L50, F
|-mega|p2a: Kangaskhan|Kangaskhan|Kangaskhanite
|move|p2a: Kangaskhan|Fake Out|p1b: wragh
|-immune|p1b: wragh
|move|p1b: wragh|Rain Dance|p1b: wragh
|-weather|RainDance
|move|p2b: Venusaur|Energy Ball|p1b: wragh
|-damage|p1b: wragh|50/100g
|
|-weather|RainDance|[upkeep]
|upkeep
|turn|9
|
|t:|1784316885
|move|p1b: wragh|Thunder Wave|p2b: Venusaur
|-fail|p2b: Venusaur|par
|move|p2a: Kangaskhan|Crunch|p1b: wragh
|-damage|p1b: wragh|9/100
|-damage|p1b: wragh|1/100
|-hitcount|p1b: wragh|2
|move|p2b: Venusaur|Energy Ball|p1b: wragh
|-damage|p1b: wragh|0 fnt
|faint|p1b: wragh
|
|win|Gamingdragon123
