|j|☆Frakub
|j|☆Tomo05
|html|FrakubTomo05    
|uhtml|bestof|Game 3 of a best-of-3
|t:|1755540543
|gametype|doubles
|player|p1|Frakub|acetrainer-gen4dp|1312
|player|p2|Tomo05|169|1290
|gen|9
|tier|[Gen 9] VGC 2025 Reg H (Bo3)
|rated|
|rule|Species Clause: Limit one of each Pokémon
|rule|Item Clause: Limit 1 of each item
|clearpoke
|poke|p1|Kingambit, L50, F|
|poke|p1|Rillaboom, L50, M|
|poke|p1|Ninetales-Alola, L50, F|
|poke|p1|Dragonite, L50, F|
|poke|p1|Magmar, L50, M|
|poke|p1|Sneasler, L50, M|
|poke|p2|Volcarona, L50, M|
|poke|p2|Rillaboom, L50, M|
|poke|p2|Archaludon, L50, M|
|poke|p2|Basculegion, L50, M|
|poke|p2|Politoed, L50, M|
|poke|p2|Comfey, L50, M|
|teampreview|4
|showteam|p1|Kingambit||BlackGlasses|Defiant|KowtowCleave,SuckerPunch,SwordsDance,Protect|||F|||50|,,,,,Dark]Rillaboom||AssaultVest|GrassySurge|WoodHammer,GrassyGlide,HighHorsepower,FakeOut|||M|||50|,,,,,Fire]Ninetales-Alola||LightClay|SnowWarning|Blizzard,FreezeDry,Protect,AuroraVeil|||F|||50|,,,,,Ghost]Dragonite||LoadedDice|Multiscale|ScaleShot,ExtremeSpeed,Haze,Protect|||F|||50|,,,,,Steel]Magmar||Eviolite|VitalSpirit|Taunt,Overheat,FollowMe,Protect|||M|||50|,,,,,Ghost]Sneasler||FocusSash|PoisonTouch|FakeOut,DireClaw,CloseCombat,Protect|||M|||50|,,,,,Ghost
|showteam|p2|Volcarona||SafetyGoggles|FlameBody|QuiverDance,HeatWave,GigaDrain,Protect|||M|||50|,,,,,Water]Rillaboom||LoadedDice|GrassySurge|FakeOut,GrassyGlide,BulletSeed,Uturn|||M|||50|,,,,,Water]Archaludon||AssaultVest|Stamina|ElectroShot,FlashCannon,DragonPulse,BodyPress|||M|||50|,,,,,Grass]Basculegion||ChoiceBand|SwiftSwim|WaveCrash,LastRespects,FlipTurn,AquaJet|||M|||50|,,,,,Water]Politoed||CovertCloak|Drizzle|Protect,PerishSong,HelpingHand,MuddyWater|||M|||50|,,,,,Poison]Comfey||WikiBerry|Triage|Protect,FloralHealing,Taunt,DrainingKiss|||M|||50|,,,,,Steel
|inactive|Battle timer is ON: inactive players will automatically lose when time's up. (requested by Frakub)
|inactive|Tomo05 has 60 seconds left.
|
|t:|1755540586
|teamsize|p1|4
|teamsize|p2|4
|start
|switch|p1a: Kingambit|Kingambit, L50, F|100/100
|switch|p1b: Sneasler|Sneasler, L50, M|100/100
|switch|p2a: Comfey|Comfey, L50, M|100/100
|switch|p2b: Archaludon|Archaludon, L50, M|100/100
|turn|1
|
|t:|1755540602
|switch|p1a: Magmar|Magmar, L50, M|100/100
|move|p2a: Comfey|Draining Kiss|p2b: Archaludon
|-damage|p2b: Archaludon|90/100
|-ability|p2b: Archaludon|Stamina|boost
|-boost|p2b: Archaludon|def|1
|move|p1b: Sneasler|Dire Claw|p2a: Comfey
|-supereffective|p2a: Comfey
|-damage|p2a: Comfey|17/100
|-status|p2a: Comfey|psn|[from] ability: Poison Touch|[of] p1b: Sneasler
|-enditem|p2a: Comfey|Wiki Berry|[eat]
|-heal|p2a: Comfey|50/100 psn|[from] item: Wiki Berry
|move|p2b: Archaludon|Body Press|p1a: Magmar
|-damage|p1a: Magmar|69/100
|
|-damage|p2a: Comfey|38/100 psn|[from] psn
|upkeep
|turn|2
|
|t:|1755540614
|switch|p2a: Rillaboom|Rillaboom, L50, M|100/100
|-fieldstart|move: Grassy Terrain|[from] ability: Grassy Surge|[of] p2a: Rillaboom
|move|p1b: Sneasler|Close Combat|p2b: Archaludon
|-supereffective|p2b: Archaludon
|-damage|p2b: Archaludon|29/100
|-unboost|p1b: Sneasler|def|1
|-unboost|p1b: Sneasler|spd|1
|-ability|p2b: Archaludon|Stamina|boost
|-boost|p2b: Archaludon|def|1
|move|p1a: Magmar|Taunt|p2a: Rillaboom
|-start|p2a: Rillaboom|move: Taunt
|move|p2b: Archaludon|Body Press|p1a: Magmar
|-damage|p1a: Magmar|30/100
|
|-heal|p1a: Magmar|36/100|[from] Grassy Terrain
|-heal|p2b: Archaludon|35/100|[from] Grassy Terrain
|upkeep
|turn|3
|inactive|Tomo05 has 30 seconds left.
|
|t:|1755540640
|move|p1b: Sneasler|Protect|p1b: Sneasler
|-singleturn|p1b: Sneasler|Protect
|move|p1a: Magmar|Protect|p1a: Magmar
|-singleturn|p1a: Magmar|Protect
|move|p2a: Rillaboom|Fake Out|p1b: Sneasler
|-activate|p1b: Sneasler|move: Protect
|move|p2b: Archaludon|Body Press|p1a: Magmar
|-activate|p1a: Magmar|move: Protect
|
|-heal|p1a: Magmar|42/100|[from] Grassy Terrain
|-heal|p2b: Archaludon|41/100|[from] Grassy Terrain
|upkeep
|turn|4
|inactive|Tomo05 has 30 seconds left.
|
|t:|1755540674
|-terastallize|p2b: Archaludon|Grass
|move|p1b: Sneasler|Close Combat|p2b: Archaludon
|-damage|p2b: Archaludon|19/100
|-unboost|p1b: Sneasler|def|1
|-unboost|p1b: Sneasler|spd|1
|-ability|p2b: Archaludon|Stamina|boost
|-boost|p2b: Archaludon|def|1
|-status|p2b: Archaludon|psn|[from] ability: Poison Touch|[of] p1b: Sneasler
|move|p1a: Magmar|Overheat|p2b: Archaludon
|-supereffective|p2b: Archaludon
|-damage|p2b: Archaludon|0 fnt
|-unboost|p1a: Magmar|spa|2
|faint|p2b: Archaludon
|move|p2a: Rillaboom|U-turn|p1b: Sneasler
|-resisted|p1b: Sneasler
|-damage|p1b: Sneasler|80/100
|
|t:|1755540685
|switch|p2a: Volcarona|Volcarona, L50, M|100/100|[from] U-turn
|
|-heal|p1b: Sneasler|86/100|[from] Grassy Terrain
|-heal|p1a: Magmar|48/100|[from] Grassy Terrain
|upkeep
|
|t:|1755540686
|switch|p2b: Rillaboom|Rillaboom, L50, M|100/100
|turn|5
|
|t:|1755540705
|move|p1b: Sneasler|Protect|p1b: Sneasler
|-singleturn|p1b: Sneasler|Protect
|move|p2b: Rillaboom|Fake Out|p1a: Magmar
|-damage|p1a: Magmar|36/100
|move|p2a: Volcarona|Quiver Dance|p2a: Volcarona
|-boost|p2a: Volcarona|spa|1
|-boost|p2a: Volcarona|spd|1
|-boost|p2a: Volcarona|spe|1
|cant|p1a: Magmar|flinch
|
|-heal|p1b: Sneasler|91/100|[from] Grassy Terrain
|-heal|p1a: Magmar|42/100|[from] Grassy Terrain
|upkeep
|turn|6
|inactive|Frakub has 30 seconds left.
|
|t:|1755540744
|move|p2a: Volcarona|Heat Wave|p1b: Sneasler|[spread] p1a,p1b
|-resisted|p1a: Magmar
|-damage|p1a: Magmar|21/100
|-damage|p1b: Sneasler|0 fnt
|faint|p1b: Sneasler
|move|p1a: Magmar|Taunt|p2a: Volcarona
|-start|p2a: Volcarona|move: Taunt
|move|p2b: Rillaboom|U-turn|p1a: Magmar
|-resisted|p1a: Magmar
|-damage|p1a: Magmar|12/100
|
|t:|1755540747
|switch|p2b: Comfey|Comfey, L50, M|38/100 psn|[from] U-turn
|
|-heal|p2b: Comfey|44/100 psn|[from] Grassy Terrain
|-heal|p1a: Magmar|17/100|[from] Grassy Terrain
|-damage|p2b: Comfey|32/100 psn|[from] psn
|-fieldend|move: Grassy Terrain
|upkeep
|
|t:|1755540771
|switch|p1b: Ninetales|Ninetales-Alola, L50, F|100/100
|-weather|Snowscape|[from] ability: Snow Warning|[of] p1b: Ninetales
|turn|7
|
|t:|1755540783
|switch|p1a: Kingambit|Kingambit, L50, F|100/100
|-terastallize|p1b: Ninetales|Ghost
|move|p2b: Comfey|Draining Kiss|p1b: Ninetales
|-damage|p1b: Ninetales|80/100
|-heal|p2b: Comfey|46/100 psn|[from] drain|[of] p1b: Ninetales
|move|p2a: Volcarona|Heat Wave|p1b: Ninetales|[spread] p1a,p1b
|-supereffective|p1a: Kingambit
|-damage|p1a: Kingambit|0 fnt
|-damage|p1b: Ninetales|21/100
|faint|p1a: Kingambit
|move|p1b: Ninetales|Aurora Veil|p1b: Ninetales
|-sidestart|p1: Frakub|move: Aurora Veil
|
|-weather|Snowscape|[upkeep]
|-damage|p2b: Comfey|34/100 psn|[from] psn
|upkeep
|
|t:|1755540793
|switch|p1a: Magmar|Magmar, L50, M|17/100
|turn|8
|
|t:|1755540801
|move|p2b: Comfey|Draining Kiss|p1b: Ninetales
|-damage|p1b: Ninetales|8/100
|-heal|p2b: Comfey|44/100 psn|[from] drain|[of] p1b: Ninetales
|move|p2a: Volcarona|Giga Drain|p1a: Magmar
|-resisted|p1a: Magmar
|-damage|p1a: Magmar|7/100
|move|p1b: Ninetales|Blizzard|p2a: Volcarona|[spread] p2a,p2b
|-resisted|p2a: Volcarona
|-damage|p2a: Volcarona|91/100
|-damage|p2b: Comfey|16/100 psn
|move|p1a: Magmar|Overheat|p2a: Volcarona
|-damage|p2a: Volcarona|62/100
|-unboost|p1a: Magmar|spa|2
|
|-weather|Snowscape|[upkeep]
|-damage|p2b: Comfey|4/100 psn|[from] psn
|upkeep
|turn|9
|
|t:|1755540809
|move|p1b: Ninetales|Protect|p1b: Ninetales
|-singleturn|p1b: Ninetales|Protect
|move|p1a: Magmar|Protect|p1a: Magmar
|-singleturn|p1a: Magmar|Protect
|move|p2b: Comfey|Draining Kiss|p1b: Ninetales
|-activate|p1b: Ninetales|move: Protect
|move|p2a: Volcarona|Giga Drain|p1a: Magmar
|-activate|p1a: Magmar|move: Protect
|
|-weather|Snowscape|[upkeep]
|-damage|p2b: Comfey|0 fnt|[from] psn
|faint|p2b: Comfey
|-end|p2a: Volcarona|move: Taunt
|upkeep
|
|t:|1755540811
|switch|p2b: Rillaboom|Rillaboom, L50, M|100/100
|-fieldstart|move: Grassy Terrain|[from] ability: Grassy Surge|[of] p2b: Rillaboom
|turn|10
|
|t:|1755540820
|move|p2b: Rillaboom|Grassy Glide|p1a: Magmar
|-resisted|p1a: Magmar
|-damage|p1a: Magmar|0 fnt
|faint|p1a: Magmar
|move|p2a: Volcarona|Giga Drain|p1b: Ninetales
|-damage|p1b: Ninetales|0 fnt
|-heal|p2a: Volcarona|65/100|[from] drain|[of] p1b: Ninetales
|faint|p1b: Ninetales
|
|win|Tomo05
|raw|Frakub's rating: 1312 → 1291(-21 for losing)
|raw|Tomo05's rating: 1290 → 1317(+27 for winning)
|c|☆Frakub|gg
|c|☆Tomo05|gg
|l|☆Tomo05
|player|p2|
