|j|☆AbadanRiyi92
|j|☆hiyallshhh
|html|AbadanRiyi92hiyallshhh    
|uhtml|bestof|Game 1 of a best-of-3
|t:|1783568771
|gametype|doubles
|player|p1|AbadanRiyi92|colress|1264
|player|p2|hiyallshhh|265|1153
|gen|9
|tier|[Gen 9 Champions] VGC 2026 Reg M-B (Bo3)
|rated|
|rule|Species Clause: Limit one of each Pokémon
|rule|Item Clause: Limit 1 of each item
|clearpoke
|poke|p1|Froslass, L50, F|
|poke|p1|Scovillain, L50, F, shiny|
|poke|p1|Basculegion, L50, M|
|poke|p1|Kingambit, L50, M|
|poke|p1|Sneasler, L50, M|
|poke|p1|Lycanroc-Dusk, L50, M|
|poke|p2|Metagross, L50, shiny|
|poke|p2|Swampert, L50, M|
|poke|p2|Archaludon, L50, F|
|poke|p2|Pelipper, L50, F|
|poke|p2|Sinistcha, L50|
|poke|p2|Grimmsnarl, L50, M|
|teampreview|4
|showteam|p1|Froslass||Froslassite|CursedBody|Blizzard,ShadowBall,AuroraVeil,Protect|Modest||F|||50|]Scovillain||Scovillainite|Moody|GigaDrain,Overheat,RagePowder,Protect|Bold||F|||50|]Basculegion||SitrusBerry|Adaptability|WaveCrash,LastRespects,AquaJet,Protect|Adamant||M|||50|]Kingambit||BlackGlasses|Defiant|KowtowCleave,SuckerPunch,SwordsDance,Protect|Adamant||M|||50|]Sneasler||WhiteHerb|Unburden|CloseCombat,GunkShot,Protect,FakeOut|Adamant||M|||50|]Lycanroc-Dusk||FocusSash|ToughClaws|CloseCombat,Accelerock,RockSlide,Protect|Adamant||M|||50|
|showteam|p2|Metagross||Metagrossite|ClearBody|IronHead,PsychicFangs,BodyPress,Protect|Jolly|||||50|]Swampert||Swampertite|Damp|WaveCrash,Earthquake,IcePunch,Protect|Adamant||M|||50|]Archaludon||Leftovers|Stamina|ElectroShot,DragonPulse,FlashCannon,Protect|Serious||F|||50|]Pelipper||SitrusBerry|Drizzle|Hurricane,WeatherBall,Tailwind,WideGuard|Modest||F|||50|]Sinistcha||CobaBerry|Hospitality|MatchaGotcha,RagePowder,TrickRoom,Protect|Relaxed|||||50|]Grimmsnarl||ExpertBelt|Prankster|FoulPlay,PartingShot,Reflect,LightScreen|Calm||M|||50|
|inactive|Battle timer is ON: inactive players will automatically lose when time's up. (requested by hiyallshhh)
|
|t:|1783568803
|teamsize|p1|4
|teamsize|p2|4
|start
|switch|p1a: Scovillain|Scovillain, L50, F, shiny|100/100
|switch|p1b: Sneasler|Sneasler, L50, M|100/100
|switch|p2a: Pelipper|Pelipper, L50, F|100/100
|switch|p2b: Archaludon|Archaludon, L50, F|100/100
|-weather|RainDance|[from] ability: Drizzle|[of] p2a: Pelipper
|turn|1
|
|t:|1783568828
|move|p1a: Scovillain|Protect|p1a: Scovillain
|-singleturn|p1a: Scovillain|Protect
|move|p1b: Sneasler|Fake Out|p2a: Pelipper
|-damage|p2a: Pelipper|85/100
|move|p2b: Archaludon|Electro Shot||[still]
|-prepare|p2b: Archaludon|Electro Shot
|-boost|p2b: Archaludon|spa|1
|-anim|p2b: Archaludon|Electro Shot|p1b: Sneasler
|-crit|p1b: Sneasler
|-damage|p1b: Sneasler|4/100
|cant|p2a: Pelipper|flinch
|
|-weather|RainDance|[upkeep]
|-ability|p1a: Scovillain|Moody|boost
|-boost|p1a: Scovillain|def|2
|-unboost|p1a: Scovillain|atk|1
|upkeep
|turn|2
|inactive|AbadanRiyi92 has 30 seconds left.
|inactive|hiyallshhh has 30 seconds left.
|
|t:|1783568858
|detailschange|p1a: Scovillain|Scovillain-Mega, L50, F, shiny
|-mega|p1a: Scovillain|Scovillain|Scovillainite
|move|p1b: Sneasler|Close Combat|p2b: Archaludon
|-supereffective|p2b: Archaludon|1
|-damage|p2b: Archaludon|17/100
|-unboost|p1b: Sneasler|def|1
|-unboost|p1b: Sneasler|spd|1
|-ability|p2b: Archaludon|Stamina|boost
|-boost|p2b: Archaludon|def|1
|-enditem|p1b: Sneasler|White Herb
|-clearnegativeboost|p1b: Sneasler|[silent]
|move|p2b: Archaludon|Electro Shot||[still]
|-prepare|p2b: Archaludon|Electro Shot
|-boost|p2b: Archaludon|spa|1
|-anim|p2b: Archaludon|Electro Shot|p1a: Scovillain
|-resisted|p1a: Scovillain|1
|-crit|p1a: Scovillain
|-damage|p1a: Scovillain|46/100
|-status|p2b: Archaludon|brn|[from] ability: Spicy Spray|[of] p1a: Scovillain
|move|p1a: Scovillain|Giga Drain|p2a: Pelipper
|-damage|p2a: Pelipper|41/100
|-heal|p1a: Scovillain|68/100|[from] drain|[of] p2a: Pelipper
|-enditem|p2a: Pelipper|Sitrus Berry|[eat]
|-heal|p2a: Pelipper|65/100|[from] item: Sitrus Berry
|move|p2a: Pelipper|Hurricane|p1b: Sneasler
|-supereffective|p1b: Sneasler|1
|-damage|p1b: Sneasler|0 fnt
|faint|p1b: Sneasler
|
|-weather|RainDance|[upkeep]
|-heal|p2b: Archaludon|23/100 brn|[from] item: Leftovers
|-damage|p2b: Archaludon|17/100 brn|[from] brn
|upkeep
|inactive|AbadanRiyi92 has 30 seconds left.
|
|t:|1783568885
|switch|p1b: Kingambit|Kingambit, L50, M|100/100
|turn|3
|inactive|AbadanRiyi92 has 30 seconds left.
|
|t:|1783568916
|move|p2b: Archaludon|Electro Shot||[still]
|-prepare|p2b: Archaludon|Electro Shot
|-boost|p2b: Archaludon|spa|1
|-anim|p2b: Archaludon|Electro Shot|p1b: Kingambit
|-damage|p1b: Kingambit|13/100
|move|p1a: Scovillain|Overheat|p2b: Archaludon
|-damage|p2b: Archaludon|0 fnt
|-unboost|p1a: Scovillain|spa|2
|faint|p2b: Archaludon
|move|p2a: Pelipper|Tailwind|p2a: Pelipper
|-sidestart|p2: hiyallshhh|move: Tailwind
|move|p1b: Kingambit|Swords Dance|p1b: Kingambit
|-boost|p1b: Kingambit|atk|2
|
|-weather|RainDance|[upkeep]
|upkeep
|
|t:|1783568929
|switch|p2b: Swampert|Swampert, L50, M|100/100
|turn|4
|
|t:|1783568952
|detailschange|p2b: Swampert|Swampert-Mega, L50, M
|-mega|p2b: Swampert|Swampert|Swampertite
|move|p1b: Kingambit|Sucker Punch|p2b: Swampert
|-damage|p2b: Swampert|14/100
|move|p2b: Swampert|Earthquake|p1a: Scovillain|[spread] p1a,p1b
|-immune|p2a: Pelipper
|-supereffective|p1b: Kingambit|1
|-damage|p1a: Scovillain|46/100
|-damage|p1b: Kingambit|0 fnt
|-status|p2b: Swampert|brn|[from] ability: Spicy Spray|[of] p1a: Scovillain
|faint|p1b: Kingambit
|move|p2a: Pelipper|Weather Ball|p1a: Scovillain
|-damage|p1a: Scovillain|0 fnt
|-status|p2a: Pelipper|brn|[from] ability: Spicy Spray|[of] p1a: Scovillain
|faint|p1a: Scovillain
|
|-weather|RainDance|[upkeep]
|-damage|p2b: Swampert|8/100 brn|[from] brn
|-damage|p2a: Pelipper|59/100 brn|[from] brn
|upkeep
|inactive|AbadanRiyi92 has 30 seconds left.
|
|t:|1783568977
|switch|p1a: Basculegion|Basculegion, L50, M|100/100
|turn|5
|inactive|hiyallshhh has 30 seconds left.
|
|t:|1783569011
|switch|p2b: Grimmsnarl|Grimmsnarl, L50, M|100/100
|move|p1a: Basculegion|Protect|p1a: Basculegion
|-singleturn|p1a: Basculegion|Protect
|move|p2a: Pelipper|Wide Guard||[still]
|-fail|p2a: Pelipper
|
|-weather|none
|-damage|p2a: Pelipper|53/100 brn|[from] brn
|upkeep
|turn|6
|inactive|AbadanRiyi92 has 30 seconds left.
|inactive|hiyallshhh has 30 seconds left.
|
|t:|1783569044
|switch|p2a: Swampert|Swampert-Mega, L50, M|8/100 brn
|move|p2b: Grimmsnarl|Parting Shot|p1a: Basculegion
|-unboost|p1a: Basculegion|atk|1
|-unboost|p1a: Basculegion|spa|1
|
|t:|1783569051
|switch|p2b: Pelipper|Pelipper, L50, F|53/100 brn|[from] Parting Shot
|-weather|RainDance|[from] ability: Drizzle|[of] p2b: Pelipper
|move|p1a: Basculegion|Wave Crash|p2b: Pelipper
|-resisted|p2b: Pelipper|1
|-damage|p2b: Pelipper|13/100 brn
|-damage|p1a: Basculegion|89/100|[from] Recoil
|
|-weather|RainDance|[upkeep]
|-damage|p2a: Swampert|2/100 brn|[from] brn
|-damage|p2b: Pelipper|7/100 brn|[from] brn
|-sideend|p2: hiyallshhh|move: Tailwind
|upkeep
|turn|7
|
|t:|1783569067
|move|p1a: Basculegion|Protect|p1a: Basculegion
|-singleturn|p1a: Basculegion|Protect
|move|p2a: Swampert|Wave Crash|p1a: Basculegion
|-activate|p1a: Basculegion|move: Protect
|move|p2b: Pelipper|Hurricane|p1a: Basculegion
|-activate|p1a: Basculegion|move: Protect
|
|-weather|RainDance|[upkeep]
|-damage|p2a: Swampert|0 fnt|[from] brn
|faint|p2a: Swampert
|-damage|p2b: Pelipper|1/100 brn|[from] brn
|upkeep
|
|t:|1783569071
|switch|p2a: Grimmsnarl|Grimmsnarl, L50, M|100/100
|turn|8
|inactive|AbadanRiyi92 has 30 seconds left.
|inactive|AbadanRiyi92 has 20 seconds left.
|
|t:|1783569111
|move|p1a: Basculegion|Protect||[still]
|-fail|p1a: Basculegion
|move|p2b: Pelipper|Hurricane|p1a: Basculegion
|-damage|p1a: Basculegion|52/100
|move|p2a: Grimmsnarl|Foul Play|p1a: Basculegion
|-supereffective|p1a: Basculegion|1
|-damage|p1a: Basculegion|0 fnt
|faint|p1a: Basculegion
|
|win|hiyallshhh
|l|☆hiyallshhh
|player|p2|
|inactive|AbadanRiyi92 has 30 seconds to confirm battle start!
|inactive|hiyallshhh has 30 seconds to confirm battle start!
||hiyallshhh is ready for game 2.
||AbadanRiyi92 is ready for game 2.
|uhtml|next|Next: Game 2 of 3
