|j|☆AbadanRiyi92
|j|☆kharnvgc
|html|AbadanRiyi92kharnvgc    
|uhtml|bestof|Game 2 of a best-of-3
|t:|1785093317
|gametype|doubles
|player|p1|AbadanRiyi92|colress|1114
|player|p2|kharnvgc|veteran|1043
|gen|9
|tier|[Gen 9 Champions] VGC 2026 Reg M-B (Bo3)
|rated|
|rule|Species Clause: Limit one of each Pokémon
|rule|Item Clause: Limit 1 of each item
|clearpoke
|poke|p1|Gengar, L50, M, shiny|
|poke|p1|Maushold-Four, L50|
|poke|p1|Annihilape, L50, F|
|poke|p1|Incineroar, L50, F|
|poke|p1|Politoed, L50, F, shiny|
|poke|p1|Archaludon, L50, M|
|poke|p2|Excadrill, L50, M|
|poke|p2|Garchomp, L50, M|
|poke|p2|Tyranitar, L50, F|
|poke|p2|Houndstone, L50, M|
|poke|p2|Sylveon, L50, F|
|poke|p2|Milotic, L50, F|
|teampreview|4
|showteam|p1|Gengar||Gengarite|CursedBody|ShadowBall,Disable,PerishSong,Protect|Timid||M|||50|]Maushold-Four||FocusSash|FriendGuard|FollowMe,Encore,BeatUp,Protect|Jolly|||||50|]Annihilape||RoseliBerry|Defiant|RageFist,DrainPunch,BulkUp,Protect|Adamant||F|||50|]Incineroar||PasshoBerry|Intimidate|PartingShot,ThroatChop,Protect,FakeOut|Sassy||F|||50|]Politoed||SitrusBerry|Drizzle|WeatherBall,Encore,PerishSong,Protect|Calm||F|||50|]Archaludon||Leftovers|Stamina|DragonPulse,FlashCannon,ElectroShot,Protect|Bold||M|||50|
|showteam|p2|Excadrill||Excadrite|SandRush|Protect,IronHead,RockSlide,HighHorsepower|Serious||M|||50|]Garchomp||LifeOrb|SandVeil|Protect,RockSlide,DragonClaw,StompingTantrum|Jolly||M|||50|]Tyranitar||Tyranitarite|SandStream|Protect,RockSlide,BrickBreak,KnockOff|Adamant||F|||50|]Houndstone||SitrusBerry|SandRush|Snarl,WillOWisp,Poltergeist,LastRespects|Impish||M|||50|]Sylveon||FairyFeather|Pixilate|Protect,BabyDollEyes,HyperBeam,HyperVoice|Modest||F|||50|]Milotic||Leftovers|Competitive|Protect,Coil,Hypnosis,MuddyWater|Bold||F|||50|
|inactive|Battle timer is ON: inactive players will automatically lose when time's up. (requested by AbadanRiyi92)
|
|t:|1785093368
|teamsize|p1|4
|teamsize|p2|4
|start
|switch|p1a: Archaludon|Archaludon, L50, M|100/100
|switch|p1b: Politoed|Politoed, L50, F, shiny|100/100
|switch|p2a: Tyranitar|Tyranitar, L50, F|100/100
|switch|p2b: Excadrill|Excadrill, L50, M|100/100
|-weather|Sandstorm|[from] ability: Sand Stream|[of] p2a: Tyranitar
|-weather|RainDance|[from] ability: Drizzle|[of] p1b: Politoed
|turn|1
|
|t:|1785093392
|switch|p1b: Gengar|Gengar, L50, M, shiny|100/100
|detailschange|p2a: Tyranitar|Tyranitar-Mega, L50, F
|-mega|p2a: Tyranitar|Tyranitar|Tyranitarite
|-weather|Sandstorm|[from] ability: Sand Stream|[of] p2a: Tyranitar
|move|p1a: Archaludon|Protect|p1a: Archaludon
|-singleturn|p1a: Archaludon|Protect
|move|p2b: Excadrill|High Horsepower|p1a: Archaludon
|-activate|p1a: Archaludon|move: Protect
|move|p2a: Tyranitar|Brick Break|p1a: Archaludon
|-activate|p1a: Archaludon|move: Protect
|
|-weather|Sandstorm|[upkeep]
|-damage|p1b: Gengar|93/100|[from] Sandstorm
|upkeep
|turn|2
|inactive|AbadanRiyi92 has 30 seconds left.
|inactive|AbadanRiyi92 has 20 seconds left.
|inactive|AbadanRiyi92 has 15 seconds left.
|
|t:|1785093433
|switch|p1a: Politoed|Politoed, L50, F, shiny|100/100
|-weather|RainDance|[from] ability: Drizzle|[of] p1a: Politoed
|detailschange|p1b: Gengar|Gengar-Mega, L50, M, shiny
|-mega|p1b: Gengar|Gengar|Gengarite
|move|p1b: Gengar|Protect|p1b: Gengar
|-singleturn|p1b: Gengar|Protect
|move|p2b: Excadrill|High Horsepower|p1a: Politoed
|-damage|p1a: Politoed|61/100
|move|p2a: Tyranitar|Knock Off|p1b: Gengar
|-activate|p1b: Gengar|move: Protect
|
|-weather|RainDance|[upkeep]
|upkeep
|turn|3
|
|t:|1785093454
|switch|p1b: Archaludon|Archaludon, L50, M|100/100
|move|p2a: Tyranitar|Protect|p2a: Tyranitar
|-singleturn|p2a: Tyranitar|Protect
|move|p2b: Excadrill|High Horsepower|p1b: Archaludon
|-supereffective|p1b: Archaludon|1
|-damage|p1b: Archaludon|48/100
|-ability|p1b: Archaludon|Stamina|boost
|-boost|p1b: Archaludon|def|1
|move|p1a: Politoed|Weather Ball|p2b: Excadrill
|-supereffective|p2b: Excadrill|1
|-damage|p2b: Excadrill|0 fnt
|faint|p2b: Excadrill
|
|-weather|RainDance|[upkeep]
|-heal|p1b: Archaludon|54/100|[from] item: Leftovers
|upkeep
|
|t:|1785093469
|switch|p2b: Sylveon|Sylveon, L50, F|100/100
|turn|4
|
|t:|1785093484
|switch|p1a: Gengar|Gengar-Mega, L50, M, shiny|93/100
|move|p1b: Archaludon|Protect|p1b: Archaludon
|-singleturn|p1b: Archaludon|Protect
|move|p2a: Tyranitar|Knock Off|p1a: Gengar
|-supereffective|p1a: Gengar|1
|-damage|p1a: Gengar|5/100
|move|p2b: Sylveon|Hyper Beam|p1b: Archaludon
|-activate|p1b: Archaludon|move: Protect
|
|-weather|RainDance|[upkeep]
|-heal|p1b: Archaludon|60/100|[from] item: Leftovers
|upkeep
|turn|5
|inactive|kharnvgc has 30 seconds left.
|inactive|kharnvgc has 20 seconds left.
|inactive|kharnvgc has 15 seconds left.
|
|t:|1785093525
|move|p1a: Gengar|Disable|p2b: Sylveon
|-start|p2b: Sylveon|Disable|Hyper Beam
|move|p2a: Tyranitar|Rock Slide|p1b: Archaludon|[spread] p1a,p1b
|-resisted|p1b: Archaludon|1
|-damage|p1a: Gengar|0 fnt
|-damage|p1b: Archaludon|52/100
|-ability|p1b: Archaludon|Stamina|boost
|-boost|p1b: Archaludon|def|1
|faint|p1a: Gengar
|cant|p1b: Archaludon|flinch
|move|p2b: Sylveon|Hyper Voice|p1b: Archaludon
|-damage|p1b: Archaludon|0 fnt
|faint|p1b: Archaludon
|
|-weather|RainDance|[upkeep]
|upkeep
|
|t:|1785093543
|switch|p1a: Annihilape|Annihilape, L50, F|100/100
|switch|p1b: Politoed|Politoed, L50, F, shiny|61/100
|turn|6
|
|t:|1785093556
|move|p2a: Tyranitar|Knock Off|p1a: Annihilape
|-damage|p1a: Annihilape|39/100
|-enditem|p1a: Annihilape|Roseli Berry|[from] move: Knock Off|[of] p2a: Tyranitar
|move|p1a: Annihilape|Bulk Up|p1a: Annihilape
|-boost|p1a: Annihilape|atk|1
|-boost|p1a: Annihilape|def|1
|move|p2b: Sylveon|Hyper Voice|p1b: Politoed|[spread] p1a,p1b
|-supereffective|p1a: Annihilape|1
|-damage|p1a: Annihilape|0 fnt
|-damage|p1b: Politoed|29/100
|-enditem|p1b: Politoed|Sitrus Berry|[eat]
|-heal|p1b: Politoed|54/100|[from] item: Sitrus Berry
|faint|p1a: Annihilape
|move|p1b: Politoed|Weather Ball|p2a: Tyranitar
|-supereffective|p2a: Tyranitar|1
|-damage|p2a: Tyranitar|23/100
|
|-weather|none
|upkeep
|turn|7
|c|☆AbadanRiyi92|freking flinch
|-message|AbadanRiyi92 forfeited.
|
|win|kharnvgc
|raw|AbadanRiyi92's rating: 1114 → 1084(-30 for losing)
|raw|kharnvgc's rating: 1043 → 1083(+40 for winning)
|l|☆AbadanRiyi92
|player|p1|
