|j|☆mmmspicy69
|j|☆NorthsideNahshon
|html|mmmspicy69NorthsideNahshon    
|uhtml|bestof|Game 2 of a best-of-3
|t:|1785429783
|gametype|doubles
|player|p1|mmmspicy69|cynthia|1116
|player|p2|NorthsideNahshon|266|1225
|gen|9
|tier|[Gen 9 Champions] VGC 2026 Reg M-B (Bo3)
|rated|
|rule|Species Clause: Limit one of each Pokémon
|rule|Item Clause: Limit 1 of each item
|clearpoke
|poke|p1|Farigiraf, L50, F, shiny|
|poke|p1|Gardevoir, L50, F, shiny|
|poke|p1|Whimsicott, L50, F, shiny|
|poke|p1|Gallade, L50, M, shiny|
|poke|p1|Sinistcha-Masterpiece, L50|
|poke|p1|Mawile, L50, F, shiny|
|poke|p2|Gholdengo, L50|
|poke|p2|Sinistcha, L50|
|poke|p2|Incineroar, L50, M|
|poke|p2|Floette-Eternal, L50, F|
|poke|p2|Garchomp, L50, F|
|poke|p2|Aerodactyl, L50, M|
|teampreview|4
|showteam|p1|Farigiraf||SitrusBerry|ArmorTail|PsychicTerrain,TrickRoom,HelpingHand,ExpandingForce|Relaxed||F|||50|]Gardevoir||Gardevoirite|Trace|HyperVoice,ExpandingForce,Protect,TrickRoom|Quiet||F|||50|]Whimsicott||FocusSash|Prankster|Moonblast,EnergyBall,Tailwind,Encore|Timid||F|||50|]Gallade||LifeOrb|Sharpness|PsychoCut,NightSlash,SacredSword,Protect|Adamant||M|||50|]Sinistcha-Masterpiece||OccaBerry|Hospitality|RagePowder,LifeDew,ShadowBall,MatchaGotcha|Modest|||||50|]Mawile||Mawilite|HyperCutter|IronHead,PlayRough,Crunch,Protect|Jolly||F|||50|
|showteam|p2|Gholdengo||ChoiceScarf|GoodasGold|Trick,Thunderbolt,MakeItRain,ShadowBall|Timid|||||50|]Sinistcha||KasibBerry|Hospitality|MatchaGotcha,RagePowder,TrickRoom,Protect|Bold|||||50|]Incineroar||SitrusBerry|Intimidate|FlareBlitz,ThroatChop,PartingShot,FakeOut|Careful||M|||50|]Floette-Eternal||Floettite|FlowerVeil|DazzlingGleam,DrainingKiss,CalmMind,Protect|Modest||F|||50|]Garchomp||LifeOrb|RoughSkin|EarthPower,DracoMeteor,PowerGem,Protect|Modest||F|||50|]Aerodactyl||FocusSash|Unnerve|RockSlide,DualWingbeat,Tailwind,Protect|Jolly||M|||50|
|
|t:|1785429815
|teamsize|p1|4
|teamsize|p2|4
|start
|switch|p1a: Boss Girl|Mawile, L50, F, shiny|100/100
|switch|p1b: Baddie|Farigiraf, L50, F, shiny|100/100
|switch|p2a: Floette|Floette-Eternal, L50, F|100/100
|switch|p2b: Incineroar|Incineroar, L50, M|100/100
|-ability|p2b: Incineroar|Intimidate|boost
|-fail|p1a: Boss Girl|unboost|Attack|[from] ability: Hyper Cutter|[of] p1a: Boss Girl
|-unboost|p1b: Baddie|atk|1
|turn|1
|
|t:|1785429846
|detailschange|p2a: Floette|Floette-Mega, L50, F
|-mega|p2a: Floette|Floette|Floettite
|-ability|p2a: Floette|Fairy Aura
|detailschange|p1a: Boss Girl|Mawile-Mega, L50, F, shiny
|-mega|p1a: Boss Girl|Mawile|Mawilite
|move|p2a: Floette|Dazzling Gleam|p1b: Baddie|[spread] p1a,p1b
|-resisted|p1a: Boss Girl|1
|-crit|p1a: Boss Girl
|-damage|p1a: Boss Girl|47/100
|-damage|p1b: Baddie|50/100g
|move|p1a: Boss Girl|Iron Head|p2a: Floette
|-supereffective|p2a: Floette|1
|-damage|p2a: Floette|0 fnt
|faint|p2a: Floette
|move|p2b: Incineroar|Flare Blitz|p1a: Boss Girl
|-supereffective|p1a: Boss Girl|1
|-damage|p1a: Boss Girl|0 fnt
|faint|p1a: Boss Girl
|-damage|p2b: Incineroar|90/100|[from] Recoil
|move|p1b: Baddie|Trick Room|p1b: Baddie
|-fieldstart|move: Trick Room|[of] p1b: Baddie
|
|upkeep
|
|t:|1785429864
|switch|p1a: Girlypop|Gallade, L50, M, shiny|100/100
|switch|p2a: WeCanMakeItBetter|Sinistcha, L50|100/100
|-heal|p2b: Incineroar|100/100|[from] ability: Hospitality|[of] p2a: WeCanMakeItBetter
|turn|2
|
|t:|1785429886
|move|p1a: Girlypop|Protect|p1a: Girlypop
|-singleturn|p1a: Girlypop|Protect
|move|p2b: Incineroar|Flare Blitz|p1a: Girlypop
|-activate|p1a: Girlypop|move: Protect
|move|p2a: WeCanMakeItBetter|Matcha Gotcha|p1b: Baddie|[spread] p1b
|-activate|p1a: Girlypop|move: Protect
|-damage|p1b: Baddie|23/100
|-enditem|p1b: Baddie|Sitrus Berry|[eat]
|-heal|p1b: Baddie|48/100|[from] item: Sitrus Berry
|move|p1b: Baddie|Trick Room|p1b: Baddie
|-fieldend|move: Trick Room
|
|upkeep
|turn|3
|
|t:|1785429906
|move|p1b: Baddie|Helping Hand|p1a: Girlypop
|-singleturn|p1a: Girlypop|Helping Hand|[of] p1b: Baddie
|move|p2a: WeCanMakeItBetter|Rage Powder|p2a: WeCanMakeItBetter
|-singleturn|p2a: WeCanMakeItBetter|move: Rage Powder
|move|p1a: Girlypop|Sacred Sword|p2a: WeCanMakeItBetter
|-immune|p2a: WeCanMakeItBetter
|move|p2b: Incineroar|Flare Blitz|p1a: Girlypop
|-damage|p1a: Girlypop|15/100
|-damage|p2b: Incineroar|79/100|[from] Recoil
|
|upkeep
|turn|4
|
|t:|1785429928
|move|p1b: Baddie|Helping Hand|p1a: Girlypop
|-singleturn|p1a: Girlypop|Helping Hand|[of] p1b: Baddie
|move|p2a: WeCanMakeItBetter|Rage Powder|p2a: WeCanMakeItBetter
|-singleturn|p2a: WeCanMakeItBetter|move: Rage Powder
|move|p1a: Girlypop|Night Slash|p2a: WeCanMakeItBetter
|-supereffective|p2a: WeCanMakeItBetter|1
|-damage|p2a: WeCanMakeItBetter|0 fnt
|faint|p2a: WeCanMakeItBetter
|-damage|p1a: Girlypop|5/100|[from] item: Life Orb
|move|p2b: Incineroar|Flare Blitz|p1a: Girlypop
|-crit|p1a: Girlypop
|-damage|p1a: Girlypop|0 fnt
|faint|p1a: Girlypop
|-damage|p2b: Incineroar|77/100|[from] Recoil
|
|upkeep
|
|t:|1785429935
|switch|p1a: Diva|Whimsicott, L50, F, shiny|100/100
|switch|p2a: Garchomp|Garchomp, L50, F|100/100
|turn|5
|
|t:|1785429939
|move|p1b: Baddie|Helping Hand|p1a: Diva
|-singleturn|p1a: Diva|Helping Hand|[of] p1b: Baddie
|move|p2a: Garchomp|Protect|p2a: Garchomp
|-singleturn|p2a: Garchomp|Protect
|move|p1a: Diva|Moonblast|p2b: Incineroar
|-damage|p2b: Incineroar|38/100
|-enditem|p2b: Incineroar|Sitrus Berry|[eat]
|-heal|p2b: Incineroar|63/100|[from] item: Sitrus Berry
|move|p2b: Incineroar|Throat Chop|p1b: Baddie
|-supereffective|p1b: Baddie|1
|-damage|p1b: Baddie|7/100
|-start|p1b: Baddie|Throat Chop|[silent]
|
|upkeep
|turn|6
|
|t:|1785429962
|move|p1a: Diva|Encore|p2a: Garchomp
|-start|p2a: Garchomp|Encore
|move|p2a: Garchomp|Protect||[still]
|-fail|p2a: Garchomp
|move|p2b: Incineroar|Throat Chop|p1b: Baddie
|-supereffective|p1b: Baddie|1
|-damage|p1b: Baddie|0 fnt
|faint|p1b: Baddie
|
|upkeep
|turn|7
|
|t:|1785429972
|move|p2a: Garchomp|Protect|p2a: Garchomp
|-singleturn|p2a: Garchomp|Protect
|move|p1a: Diva|Moonblast|p2b: Incineroar
|-damage|p2b: Incineroar|36/100
|move|p2b: Incineroar|Flare Blitz|p1a: Diva
|-supereffective|p1a: Diva|1
|-enditem|p1a: Diva|Focus Sash
|-damage|p1a: Diva|1/100
|-damage|p2b: Incineroar|14/100|[from] Recoil
|
|upkeep
|turn|8
|
|t:|1785429980
|move|p2a: Garchomp|Protect||[still]
|-fail|p2a: Garchomp
|move|p1a: Diva|Moonblast|p2b: Incineroar
|-damage|p2b: Incineroar|0 fnt
|faint|p2b: Incineroar
|
|-end|p2a: Garchomp|Encore
|upkeep
|turn|9
|
|t:|1785429988
|move|p1a: Diva|Encore|p2a: Garchomp
|-start|p2a: Garchomp|Encore
|move|p2a: Garchomp|Protect||[still]
|-fail|p2a: Garchomp
|
|upkeep
|turn|10
|
|t:|1785429992
|move|p2a: Garchomp|Protect|p2a: Garchomp
|-singleturn|p2a: Garchomp|Protect
|move|p1a: Diva|Tailwind|p1a: Diva
|-sidestart|p1: mmmspicy69|move: Tailwind
|
|upkeep
|turn|11
|
|t:|1785429994
|move|p2a: Garchomp|Protect|p2a: Garchomp
|-singleturn|p2a: Garchomp|Protect
|move|p1a: Diva|Moonblast|p2a: Garchomp
|-activate|p2a: Garchomp|move: Protect
|
|-end|p2a: Garchomp|Encore
|upkeep
|turn|12
|
|t:|1785430003
|move|p1a: Diva|Encore|p2a: Garchomp
|-start|p2a: Garchomp|Encore
|move|p2a: Garchomp|Protect||[still]
|-fail|p2a: Garchomp
|
|-end|p2a: Garchomp|Encore
|upkeep
|turn|13
|c|☆mmmspicy69|what?
|
|t:|1785430024
|move|p1a: Diva|Encore||[still]
|-fail|p1a: Diva
|move|p2a: Garchomp|Earth Power|p1a: Diva
|-resisted|p1a: Diva|1
|-damage|p1a: Diva|0 fnt
|faint|p1a: Diva
|-damage|p2a: Garchomp|90/100|[from] item: Life Orb
|
|win|NorthsideNahshon
||NorthsideNahshon is ready for game 3.
|inactive|mmmspicy69 has 30 seconds to confirm battle start!
|inactive|mmmspicy69 has 20 seconds to confirm battle start!
