|j|☆thodor
|j|‽CaratroncoSun
|html|thodorCaratroncoSun    
|uhtml|bestof|Game 1 of a best-of-3
|t:|1784027854
|gametype|doubles
|player|p1|thodor|2|1110
|player|p2|CaratroncoSun|juan|1276
|gen|9
|tier|[Gen 9 Champions] VGC 2026 Reg M-B (Bo3)
|rated|
|rule|Species Clause: Limit one of each Pokémon
|rule|Item Clause: Limit 1 of each item
|clearpoke
|poke|p1|Hippowdon, L50, F, shiny|
|poke|p1|Barbaracle, L50, F, shiny|
|poke|p1|Incineroar, L50, F, shiny|
|poke|p1|Gholdengo, L50, shiny|
|poke|p1|Aerodactyl, L50, F, shiny|
|poke|p1|Meowscarada, L50, F, shiny|
|poke|p2|Charizard, L50, M, shiny|
|poke|p2|Venusaur, L50, M, shiny|
|poke|p2|Whimsicott, L50, M, shiny|
|poke|p2|Basculegion, L50, M|
|poke|p2|Garchomp, L50, F, shiny|
|poke|p2|Tyranitar, L50, M|
|teampreview|4
|showteam|p1|Hippowdon||Leftovers|SandStream|Yawn,Earthquake,Whirlwind,Protect|Adamant||F|||50|]Barbaracle||Barbaracite|ToughClaws|ShellSmash,RockSlide,CloseCombat,Protect|Jolly||F|||50|]Incineroar||SitrusBerry|Intimidate|FakeOut,FlareBlitz,PartingShot,DarkestLariat|Adamant||F|||50|]Gholdengo||LifeOrb|GoodasGold|NastyPlot,MakeItRain,ShadowBall,Protect|Timid|||||50|]Aerodactyl||FocusSash|Unnerve|WideGuard,Tailwind,RockSlide,DualWingbeat|Jolly||F|||50|]Meowscarada||ChoiceScarf|Protean|FlowerTrick,LowKick,TripleAxel,KnockOff|Adamant||F|||50|
|showteam|p2|Charizard||CharizarditeY|Blaze|Protect,SolarBeam,HeatWave,AirSlash|Modest||M|||50|]Venusaur||WideLens|Chlorophyll|Protect,GigaDrain,EarthPower,SleepPowder|Modest||M|||50|]Whimsicott||FocusSash|Prankster|Protect,Moonblast,Tailwind,Encore|Timid||M|||50|]Basculegion||MysticWater|Adaptability|Protect,AquaJet,WaveCrash,LastRespects|Adamant||M|||50|]Garchomp||RoseliBerry|RoughSkin|Protect,PoisonJab,StompingTantrum,StoneEdge|Jolly||F|||50|]Tyranitar||Tyranitarite|SandStream|Protect,RockSlide,KnockOff,LowKick|Adamant||M|||50|
|inactive|Battle timer is ON: inactive players will automatically lose when time's up. (requested by thodor)
|inactive|thodor has 60 seconds left.
|
|t:|1784027927
|teamsize|p1|4
|teamsize|p2|4
|start
|switch|p1a: The Milf Cat|Meowscarada, L50, F, shiny|100/100
|switch|p1b: The Big MIAOU|Incineroar, L50, F, shiny|100/100
|switch|p2a: Charizard|Charizard, L50, M, shiny|100/100
|switch|p2b: Venusaur|Venusaur, L50, M, shiny|100/100
|-ability|p1b: The Big MIAOU|Intimidate|boost
|-unboost|p2a: Charizard|atk|1
|-unboost|p2b: Venusaur|atk|1
|turn|1
|inactive|thodor has 30 seconds left.
|inactive|thodor has 20 seconds left.
|inactive|thodor has 15 seconds left.
|
|t:|1784027968
|move|p2a: Charizard|Protect|p2a: Charizard
|-singleturn|p2a: Charizard|Protect
|move|p2b: Venusaur|Protect|p2b: Venusaur
|-singleturn|p2b: Venusaur|Protect
|move|p1b: The Big MIAOU|Fake Out|p2a: Charizard
|-activate|p2a: Charizard|move: Protect
|move|p1a: The Milf Cat|Triple Axel|p2b: Venusaur
|-start|p1a: The Milf Cat|typechange|Ice|[from] ability: Protean
|-activate|p2b: Venusaur|move: Protect
|
|upkeep
|turn|2
|inactive|thodor has 30 seconds left.
|
|t:|1784027996
|switch|p1a: The Woman|Hippowdon, L50, F, shiny|100/100
|-weather|Sandstorm|[from] ability: Sand Stream|[of] p1a: The Woman
|switch|p2b: Basculegion|Basculegion, L50, M|100/100
|detailschange|p2a: Charizard|Charizard-Mega-Y, L50, M, shiny
|-mega|p2a: Charizard|Charizard|Charizardite Y
|-weather|SunnyDay|[from] ability: Drought|[of] p2a: Charizard
|move|p2a: Charizard|Heat Wave|p1a: The Woman|[spread] p1b
|-miss|p2a: Charizard|p1a: The Woman
|-resisted|p1b: The Big MIAOU|1
|-damage|p1b: The Big MIAOU|70/100
|move|p1b: The Big MIAOU|Parting Shot|p2a: Charizard
|-unboost|p2a: Charizard|atk|1
|-unboost|p2a: Charizard|spa|1
|
|t:|1784028010
|switch|p1b: The Milf Cat|Meowscarada, L50, F, shiny|100/100|[from] Parting Shot
|
|-weather|SunnyDay|[upkeep]
|upkeep
|turn|3
|
|t:|1784028032
|switch|p1b: The Hand-Man|Barbaracle, L50, F, shiny|100/100
|switch|p2b: Venusaur|Venusaur, L50, M, shiny|100/100
|switch|p1a: The Big MIAOU|Incineroar, L50, F, shiny|70/100
|-ability|p1a: The Big MIAOU|Intimidate|boost
|-unboost|p2a: Charizard|atk|1
|-unboost|p2b: Venusaur|atk|1
|move|p2a: Charizard|Heat Wave|p1a: The Big MIAOU|[spread] p1a,p1b
|-resisted|p1a: The Big MIAOU|1
|-resisted|p1b: The Hand-Man|2
|-damage|p1a: The Big MIAOU|51/100
|-damage|p1b: The Hand-Man|86/100
|
|-weather|SunnyDay|[upkeep]
|upkeep
|turn|4
|inactive|thodor has 30 seconds left.
|inactive|CaratroncoSun has 30 seconds left.
|inactive|thodor has 20 seconds left.
|
|t:|1784028067
|detailschange|p1b: The Hand-Man|Barbaracle-Mega, L50, F, shiny
|-mega|p1b: The Hand-Man|Barbaracle|Barbaracite
|move|p1a: The Big MIAOU|Fake Out|p2b: Venusaur
|-damage|p2b: Venusaur|83/100
|cant|p2b: Venusaur|flinch
|move|p1b: The Hand-Man|Shell Smash|p1b: The Hand-Man
|-unboost|p1b: The Hand-Man|def|1
|-unboost|p1b: The Hand-Man|spd|1
|-boost|p1b: The Hand-Man|atk|2
|-boost|p1b: The Hand-Man|spa|2
|-boost|p1b: The Hand-Man|spe|2
|move|p2a: Charizard|Solar Beam||[still]
|-prepare|p2a: Charizard|Solar Beam
|-anim|p2a: Charizard|Solar Beam|p1b: The Hand-Man
|-supereffective|p1b: The Hand-Man|1
|-damage|p1b: The Hand-Man|0 fnt
|faint|p1b: The Hand-Man
|
|-weather|SunnyDay|[upkeep]
|upkeep
|
|t:|1784028087
|switch|p1b: The Milf Cat|Meowscarada, L50, F, shiny|100/100
|turn|5
|
|t:|1784028099
|switch|p2a: Basculegion|Basculegion, L50, M|100/100
|switch|p1a: The Woman|Hippowdon, L50, F, shiny|100/100
|-weather|Sandstorm|[from] ability: Sand Stream|[of] p1a: The Woman
|move|p2b: Venusaur|Protect|p2b: Venusaur
|-singleturn|p2b: Venusaur|Protect
|move|p1b: The Milf Cat|Knock Off|p2b: Venusaur
|-start|p1b: The Milf Cat|typechange|Dark|[from] ability: Protean
|-activate|p2b: Venusaur|move: Protect
|
|-weather|Sandstorm|[upkeep]
|-damage|p1b: The Milf Cat|94/100|[from] Sandstorm
|-damage|p2b: Venusaur|77/100|[from] Sandstorm
|-damage|p2a: Basculegion|93/100|[from] Sandstorm
|upkeep
|turn|6
|inactive|CaratroncoSun has 30 seconds left.
|
|t:|1784028131
|switch|p2a: Charizard|Charizard-Mega-Y, L50, M, shiny|100/100
|-weather|SunnyDay|[from] ability: Drought|[of] p2a: Charizard
|move|p1b: The Milf Cat|Knock Off|p2a: Charizard
|-damage|p2a: Charizard|60/100
|move|p2b: Venusaur|Sleep Powder|p1b: The Milf Cat
|-status|p1b: The Milf Cat|slp|[from] move: Sleep Powder
|move|p1a: The Woman|Yawn|p2b: Venusaur
|-start|p2b: Venusaur|move: Yawn|[of] p1a: The Woman
|
|-weather|SunnyDay|[upkeep]
|upkeep
|turn|7
|inactive|CaratroncoSun has 30 seconds left.
|
|t:|1784028158
|switch|p1a: The Big MIAOU|Incineroar, L50, F, shiny|51/100
|-ability|p1a: The Big MIAOU|Intimidate|boost
|-unboost|p2a: Charizard|atk|1
|-unboost|p2b: Venusaur|atk|1
|cant|p1b: The Milf Cat|slp
|move|p2b: Venusaur|Giga Drain|p1b: The Milf Cat
|-damage|p1b: The Milf Cat|40/100 slp
|-heal|p2b: Venusaur|100/100|[from] drain|[of] p1b: The Milf Cat
|move|p2a: Charizard|Heat Wave|p1b: The Milf Cat|[spread] p1a,p1b
|-resisted|p1a: The Big MIAOU|1
|-damage|p1a: The Big MIAOU|23/100
|-damage|p1b: The Milf Cat|0 fnt
|-enditem|p1a: The Big MIAOU|Sitrus Berry|[eat]
|-heal|p1a: The Big MIAOU|48/100|[from] item: Sitrus Berry
|faint|p1b: The Milf Cat
|
|-weather|SunnyDay|[upkeep]
|-end|p2b: Venusaur|move: Yawn|[silent]
|-status|p2b: Venusaur|slp
|upkeep
|
|t:|1784028166
|switch|p1b: The Woman|Hippowdon, L50, F, shiny|100/100
|-weather|Sandstorm|[from] ability: Sand Stream|[of] p1b: The Woman
|turn|8
|inactive|thodor has 30 seconds left.
|
|t:|1784028192
|switch|p2a: Basculegion|Basculegion, L50, M|93/100
|cant|p2b: Venusaur|slp
|move|p1a: The Big MIAOU|Darkest Lariat|p2a: Basculegion
|-supereffective|p2a: Basculegion|1
|-damage|p2a: Basculegion|0 fnt
|faint|p2a: Basculegion
|move|p1b: The Woman|Yawn||[still]
|-fail|p1b: The Woman
|
|-weather|Sandstorm|[upkeep]
|-damage|p2b: Venusaur|93/100 slp|[from] Sandstorm
|-damage|p1a: The Big MIAOU|42/100|[from] Sandstorm
|upkeep
|
|t:|1784028205
|switch|p2a: Garchomp|Garchomp, L50, F, shiny|100/100
|turn|9
|-message|thodor forfeited.
|
|win|CaratroncoSun
