|j|â˜†pikatrod
|j|â˜†sille rovert
|html|pikatrodsille rovert    
|uhtml|bestof|Game 2 of a best-of-3
|t:|1782247922
|gametype|doubles
|player|p1|pikatrod|170|1339
|player|p2|sille rovert|trevor|1293
|gen|9
|tier|[Gen 9 Champions] VGC 2026 Reg M-B (Bo3)
|rated|
|rule|Species Clause: Limit one of each PokÃ©mon
|rule|Item Clause: Limit 1 of each item
|clearpoke
|poke|p1|Whimsicott, L50, F|
|poke|p1|Torkoal, L50, F|
|poke|p1|Pyroar, L50, F|
|poke|p1|Farigiraf, L50, M|
|poke|p1|Scrafty, L50, M|
|poke|p1|Basculegion, L50, M|
|poke|p2|Ceruledge, L50, M|
|poke|p2|Staraptor, L50, M|
|poke|p2|Froslass, L50, F|
|poke|p2|Toxapex, L50, F|
|poke|p2|Incineroar, L50, F|
|poke|p2|Garchomp, L50, F|
|teampreview|4
|showteam|p1|Whimsicott||FairyFeather|Prankster|Tailwind,Moonblast,Protect,SunnyDay|Timid||F|||50|]Torkoal||Charcoal|Drought|Eruption,WeatherBall,HelpingHand,Protect|Quiet||F|||50|]Pyroar||Pyroarite|Unnerve|HeatWave,Overheat,SolarBeam,Protect|Timid||F|||50|]Farigiraf||SitrusBerry|ArmorTail|TrickRoom,Protect,HelpingHand,Psychic|Quiet||M|||50|]Scrafty||Scraftinite|Intimidate|FakeOut,IcePunch,KnockOff,CloseCombat|Brave||M|||50|]Basculegion||FocusSash|Adaptability|LastRespects,Liquidation,AquaJet,Protect|Adamant||M|||50|
|showteam|p2|Ceruledge||ColburBerry|FlashFire|BitterBlade,ShadowSneak,SwordsDance,Protect|Adamant||M|||50|]Staraptor||Staraptite|Intimidate|CloseCombat,BraveBird,Roost,Protect|Adamant||M|||50|]Froslass||Froslassite|SnowCloak|Blizzard,ShadowBall,AuroraVeil,Protect|Modest||F|||50|]Toxapex||Leftovers|Regenerator|Toxic,Infestation,BanefulBunker,WideGuard|Impish||F|||50|]Incineroar||SitrusBerry|Intimidate|FlareBlitz,ThroatChop,PartingShot,FakeOut|Careful||F|||50|]Garchomp||LifeOrb|RoughSkin|Earthquake,DragonClaw,RockSlide,Protect|Jolly||F|||50|
|c|â˜†sille rovert|heres to another crit
|c|â˜†pikatrod|cheers
|
|t:|1782247977
|teamsize|p1|4
|teamsize|p2|4
|start
|switch|p1a: Scrafty|Scrafty, L50, M|100/100
|switch|p1b: Farigiraf|Farigiraf, L50, M|100/100
|switch|p2a: Toxapex|Toxapex, L50, F|100/100
|switch|p2b: Ceruledge|Ceruledge, L50, M|100/100
|-ability|p1a: Scrafty|Intimidate|boost
|-unboost|p2a: Toxapex|atk|1
|-unboost|p2b: Ceruledge|atk|1
|turn|1
|
|t:|1782247997
|switch|p2b: Staraptor|Staraptor, L50, M|100/100
|-ability|p2b: Staraptor|Intimidate|boost
|-unboost|p1a: Scrafty|atk|1
|-unboost|p1b: Farigiraf|atk|1
|move|p2a: Toxapex|Baneful Bunker|p2a: Toxapex
|-singleturn|p2a: Toxapex|move: Protect
|move|p1b: Farigiraf|Psychic|p2a: Toxapex
|-activate|p2a: Toxapex|move: Protect
|move|p1a: Scrafty|Knock Off|p2b: Staraptor
|-damage|p2b: Staraptor|74/100
|
|upkeep
|turn|2
|
|t:|1782248027
|detailschange|p2b: Staraptor|Staraptor-Mega, L50, M
|-mega|p2b: Staraptor|Staraptor|Staraptite
|move|p2b: Staraptor|Close Combat|p1b: Farigiraf
|-damage|p1b: Farigiraf|42/100
|-boost|p2b: Staraptor|def|1
|-boost|p2b: Staraptor|spd|1
|-enditem|p1b: Farigiraf|Sitrus Berry|[eat]
|-heal|p1b: Farigiraf|67/100|[from] item: Sitrus Berry
|move|p1b: Farigiraf|Psychic|p2b: Staraptor
|-supereffective|p2b: Staraptor|1
|-damage|p2b: Staraptor|21/100
|move|p1a: Scrafty|Ice Punch|p2b: Staraptor
|-supereffective|p2b: Staraptor|1
|-damage|p2b: Staraptor|1/100
|move|p2a: Toxapex|Toxic|p1b: Farigiraf
|-status|p1b: Farigiraf|tox
|
|-damage|p1b: Farigiraf|61/100 tox|[from] psn
|upkeep
|turn|3
|
|t:|1782248062
|switch|p1a: Whimsicott|Whimsicott, L50, F|100/100
|move|p2b: Staraptor|Close Combat|p1a: Whimsicott
|-resisted|p1a: Whimsicott|1
|-damage|p1a: Whimsicott|63/100
|-boost|p2b: Staraptor|def|1
|-boost|p2b: Staraptor|spd|1
|move|p1b: Farigiraf|Psychic|p2b: Staraptor
|-supereffective|p2b: Staraptor|1
|-damage|p2b: Staraptor|0 fnt
|faint|p2b: Staraptor
|move|p2a: Toxapex|Infestation|p1b: Farigiraf
|-supereffective|p1b: Farigiraf|1
|-damage|p1b: Farigiraf|55/100 tox
|-activate|p1b: Farigiraf|move: Infestation|[of] p2a: Toxapex
|
|-damage|p1b: Farigiraf|42/100 tox|[from] psn
|-damage|p1b: Farigiraf|30/100 tox|[from] move: Infestation|[partiallytrapped]
|upkeep
|
|t:|1782248069
|switch|p2b: Ceruledge|Ceruledge, L50, M|100/100
|turn|4
|
|t:|1782248092
|move|p1a: Whimsicott|Moonblast|p2b: Ceruledge
|-resisted|p2b: Ceruledge|1
|-damage|p2b: Ceruledge|80/100
|move|p2b: Ceruledge|Swords Dance|p2b: Ceruledge
|-boost|p2b: Ceruledge|atk|2
|move|p2a: Toxapex|Infestation|p1b: Farigiraf
|-supereffective|p1b: Farigiraf|1
|-damage|p1b: Farigiraf|25/100 tox
|move|p1b: Farigiraf|Trick Room|p1b: Farigiraf
|-fieldstart|move: Trick Room|[of] p1b: Farigiraf
|
|-damage|p1b: Farigiraf|6/100 tox|[from] psn
|-damage|p1b: Farigiraf|0 fnt|[from] move: Infestation|[partiallytrapped]
|faint|p1b: Farigiraf
|upkeep
|
|t:|1782248105
|switch|p1b: Scrafty|Scrafty, L50, M|100/100
|-ability|p1b: Scrafty|Intimidate|boost
|-unboost|p2a: Toxapex|atk|1
|-unboost|p2b: Ceruledge|atk|1
|turn|5
|
|t:|1782248126
|switch|p1a: Basculegion|Basculegion, L50, M|100/100
|move|p2b: Ceruledge|Protect|p2b: Ceruledge
|-singleturn|p2b: Ceruledge|Protect
|move|p1b: Scrafty|Fake Out|p2a: Toxapex
|-damage|p2a: Toxapex|92/100
|cant|p2a: Toxapex|flinch
|
|-heal|p2a: Toxapex|98/100|[from] item: Leftovers
|upkeep
|turn|6
|
|t:|1782248144
|switch|p1a: Whimsicott|Whimsicott, L50, F|63/100
|switch|p2b: Garchomp|Garchomp, L50, F|100/100
|detailschange|p1b: Scrafty|Scrafty-Mega, L50, M
|-mega|p1b: Scrafty|Scrafty|Scraftinite
|-ability|p1b: Scrafty|Intimidate|boost
|-unboost|p2a: Toxapex|atk|1
|-unboost|p2b: Garchomp|atk|1
|move|p2a: Toxapex|Toxic|p1b: Scrafty
|-status|p1b: Scrafty|tox
|move|p1b: Scrafty|Knock Off|p2b: Garchomp
|-damage|p2b: Garchomp|41/100
|-damage|p1b: Scrafty|87/100 tox|[from] ability: Rough Skin|[of] p2b: Garchomp
|-enditem|p2b: Garchomp|Life Orb|[from] move: Knock Off|[of] p1b: Scrafty
|
|-heal|p2a: Toxapex|100/100|[from] item: Leftovers
|-damage|p1b: Scrafty|81/100 tox|[from] psn
|upkeep
|turn|7
|
|t:|1782248173
|switch|p1b: Basculegion|Basculegion, L50, M|100/100
|move|p2b: Garchomp|Protect|p2b: Garchomp
|-singleturn|p2b: Garchomp|Protect
|move|p2a: Toxapex|Infestation|p1b: Basculegion
|-resisted|p1b: Basculegion|1
|-damage|p1b: Basculegion|98/100
|-activate|p1b: Basculegion|move: Infestation|[of] p2a: Toxapex
|move|p1a: Whimsicott|Moonblast|p2b: Garchomp
|-activate|p2b: Garchomp|move: Protect
|
|-damage|p1b: Basculegion|86/100|[from] move: Infestation|[partiallytrapped]
|upkeep
|turn|8
|
|t:|1782248192
|switch|p2a: Ceruledge|Ceruledge, L50, M|80/100
|move|p1b: Basculegion|Protect|p1b: Basculegion
|-singleturn|p1b: Basculegion|Protect
|move|p2b: Garchomp|Rock Slide|p1b: Basculegion|[spread] p1a
|-activate|p1b: Basculegion|move: Protect
|-damage|p1a: Whimsicott|46/100
|move|p1a: Whimsicott|Moonblast|p2b: Garchomp
|-supereffective|p2b: Garchomp|1
|-damage|p2b: Garchomp|0 fnt
|faint|p2b: Garchomp
|
|-end|p1b: Basculegion|Infestation|[partiallytrapped]|[silent]
|-fieldend|move: Trick Room
|upkeep
|
|t:|1782248198
|switch|p2b: Toxapex|Toxapex, L50, F|100/100
|turn|9
|
|t:|1782248224
|switch|p1a: Scrafty|Scrafty-Mega, L50, M|81/100 tox
|-ability|p1a: Scrafty|Intimidate|boost
|-unboost|p2a: Ceruledge|atk|1
|-unboost|p2b: Toxapex|atk|1
|move|p2a: Ceruledge|Protect|p2a: Ceruledge
|-singleturn|p2a: Ceruledge|Protect
|move|p1b: Basculegion|Last Respects|p2a: Ceruledge
|-activate|p2a: Ceruledge|move: Protect
|move|p2b: Toxapex|Infestation|p1b: Basculegion
|-resisted|p1b: Basculegion|1
|-damage|p1b: Basculegion|84/100
|-activate|p1b: Basculegion|move: Infestation|[of] p2b: Toxapex
|
|-damage|p1a: Scrafty|76/100 tox|[from] psn
|-damage|p1b: Basculegion|72/100|[from] move: Infestation|[partiallytrapped]
|upkeep
|turn|10
|
|t:|1782248254
|switch|p1b: Whimsicott|Whimsicott, L50, F|46/100
|move|p2a: Ceruledge|Shadow Sneak|p1b: Whimsicott
|-damage|p1b: Whimsicott|29/100
|move|p1a: Scrafty|Knock Off|p2a: Ceruledge
|-supereffective|p2a: Ceruledge|1
|-enditem|p2a: Ceruledge|Colbur Berry|[eat]
|-enditem|p2a: Ceruledge|Colbur Berry|[weaken]
|-damage|p2a: Ceruledge|10/100
|move|p2b: Toxapex|Infestation|p1a: Scrafty
|-damage|p1a: Scrafty|73/100 tox
|-activate|p1a: Scrafty|move: Infestation|[of] p2b: Toxapex
|
|-damage|p1a: Scrafty|62/100 tox|[from] psn
|-damage|p1a: Scrafty|50/100y tox|[from] move: Infestation|[partiallytrapped]
|upkeep
|turn|11
|
|t:|1782248279
|move|p2a: Ceruledge|Protect|p2a: Ceruledge
|-singleturn|p2a: Ceruledge|Protect
|move|p1b: Whimsicott|Moonblast|p2a: Ceruledge
|-activate|p2a: Ceruledge|move: Protect
|move|p1a: Scrafty|Knock Off|p2b: Toxapex
|-damage|p2b: Toxapex|61/100
|-enditem|p2b: Toxapex|Leftovers|[from] move: Knock Off|[of] p1a: Scrafty
|move|p2b: Toxapex|Infestation|p1b: Whimsicott
|-damage|p1b: Whimsicott|25/100
|-activate|p1b: Whimsicott|move: Infestation|[of] p2b: Toxapex
|
|-damage|p1a: Scrafty|32/100 tox|[from] psn
|-damage|p1b: Whimsicott|13/100|[from] move: Infestation|[partiallytrapped]
|-damage|p1a: Scrafty|20/100y tox|[from] move: Infestation|[partiallytrapped]
|upkeep
|turn|12
|
|t:|1782248297
|move|p2a: Ceruledge|Protect||[still]
|-fail|p2a: Ceruledge
|move|p2b: Toxapex|Baneful Bunker|p2b: Toxapex
|-singleturn|p2b: Toxapex|move: Protect
|move|p1b: Whimsicott|Tailwind|p1b: Whimsicott
|-sidestart|p1: pikatrod|move: Tailwind
|move|p1a: Scrafty|Knock Off|p2a: Ceruledge
|-supereffective|p2a: Ceruledge|1
|-damage|p2a: Ceruledge|0 fnt
|faint|p2a: Ceruledge
|
|-damage|p1a: Scrafty|0 fnt|[from] psn
|faint|p1a: Scrafty
|-damage|p1b: Whimsicott|1/100|[from] move: Infestation|[partiallytrapped]
|upkeep
|
|t:|1782248304
|switch|p1a: Basculegion|Basculegion, L50, M|72/100
|turn|13
|-message|sille rovert forfeited.
|
|win|pikatrod
|raw|pikatrod's rating: 1339 → 1356(+17 for winning)
|raw|sille rovert's rating: 1293 → 1271(-22 for losing)
|l|â˜†sille rovert
|player|p2|
|c|â˜†pikatrod|ggs
|c|â˜†pikatrod|cool team
