|j|☆Mrpizzaofoz
|j|☆Dipankar_tai-ahom
|html|MrpizzaofozDipankar_tai-ahom    
|uhtml|bestof|Game 3 of a best-of-3
|t:|1784992270
|gametype|doubles
|player|p1|Mrpizzaofoz|corbeau|
|player|p2|Dipankar_tai-ahom|steven|
|gen|9
|tier|[Gen 9 Champions] VGC 2026 Reg M-B (Bo3)
|rule|Species Clause: Limit one of each Pokémon
|rule|Item Clause: Limit 1 of each item
|clearpoke
|poke|p1|Swampert, L50, F|
|poke|p1|Pelipper, L50, F|
|poke|p1|Archaludon, L50, M|
|poke|p1|Grimmsnarl, L50, M|
|poke|p1|Kingambit, L50, F|
|poke|p1|Venusaur, L50, M|
|poke|p2|Gengar, L50, M, shiny|
|poke|p2|Ninetales-Alola, L50, F|
|poke|p2|Incineroar, L50, M|
|poke|p2|Sneasler, L50, F|
|poke|p2|Kingambit, L50, M|
|poke|p2|Toxapex, L50, F|
|teampreview|4
|showteam|p1|Swampert||Swampertite|Torrent|WaveCrash,HighHorsepower,FlipTurn,Protect|Adamant||F|||50|]Pelipper||LifeOrb|Drizzle|WeatherBall,Hurricane,WideGuard,Protect|Quiet||F|||50|]Archaludon||Leftovers|Stamina|FlashCannon,DragonPulse,ElectroShot,Protect|Calm||M|||50|]Grimmsnarl||LightClay|Prankster|Reflect,LightScreen,SpiritBreak,PartingShot|Impish||M|||50|]Kingambit||FocusSash|Defiant|KowtowCleave,SuckerPunch,IronHead,LowKick|Adamant||F|||50|]Venusaur||Venusaurite|Chlorophyll|SludgeWave,GigaDrain,WeatherBall,Protect|Calm||M|||50|
|showteam|p2|Gengar||Gengarite|CursedBody|ShadowBall,Protect,SludgeBomb,PerishSong|Timid||M|||50|]Ninetales-Alola||NeverMeltIce|SnowWarning|Blizzard,Protect,FreezeDry,Encore|Timid||F|||50|]Incineroar||SitrusBerry|Intimidate|FakeOut,PartingShot,Protect,DarkestLariat|Careful||M|||50|]Sneasler||FocusSash|Unburden|Protect,DireClaw,FakeOut,CloseCombat|Hasty||F|||50|]Kingambit||ChopleBerry|Defiant|SuckerPunch,IronHead,Protect,KowtowCleave|Sassy||M|||50|]Toxapex||LifeOrb|Regenerator|BanefulBunker,IceBeam,Surf,Protect|Sassy||F|||50|
|inactive|Battle timer is ON: inactive players will automatically lose when time's up. (requested by Dipankar_tai-ahom)
|
|t:|1784992353
|teamsize|p1|4
|teamsize|p2|4
|start
|switch|p1a: Prachand|Archaludon, L50, M|100/100
|switch|p1b: Piku|Pelipper, L50, F|100/100
|switch|p2a: Gengar|Gengar, L50, M, shiny|100/100
|switch|p2b: Incineroar|Incineroar, L50, M|100/100
|-ability|p2b: Incineroar|Intimidate|boost
|-unboost|p1a: Prachand|atk|1
|-unboost|p1b: Piku|atk|1
|-weather|RainDance|[from] ability: Drizzle|[of] p1b: Piku
|turn|1
|inactive|Dipankar_tai-ahom has 30 seconds left.
|inactive|Dipankar_tai-ahom has 20 seconds left.
|
|t:|1784992388
|switch|p1a: Dharmender|Swampert, L50, F|100/100
|switch|p1b: Shaitaan|Grimmsnarl, L50, M|100/100
|detailschange|p2a: Gengar|Gengar-Mega, L50, M, shiny
|-mega|p2a: Gengar|Gengar|Gengarite
|move|p2b: Incineroar|Fake Out|p1a: Dharmender
|-damage|p1a: Dharmender|89/100
|move|p2a: Gengar|Shadow Ball|p1b: Shaitaan
|-resisted|p1b: Shaitaan|1
|-damage|p1b: Shaitaan|78/100
|
|-weather|RainDance|[upkeep]
|upkeep
|turn|2
|inactive|Mrpizzaofoz has 30 seconds left.
|inactive|Mrpizzaofoz has 20 seconds left.
|inactive|Dipankar_tai-ahom has 30 seconds left.
|inactive|Dipankar_tai-ahom has 20 seconds left.
|inactive|Dipankar_tai-ahom has 15 seconds left.
|inactive|Dipankar_tai-ahom has 10 seconds left.
|inactive|Dipankar_tai-ahom has 5 seconds left.
|
|t:|1784992451
|detailschange|p1a: Dharmender|Swampert-Mega, L50, F
|-mega|p1a: Dharmender|Swampert|Swampertite
|move|p2a: Gengar|Protect|p2a: Gengar
|-singleturn|p2a: Gengar|Protect
|move|p1b: Shaitaan|Light Screen|p1b: Shaitaan
|-sidestart|p1: Mrpizzaofoz|move: Light Screen
|move|p1a: Dharmender|High Horsepower|p2a: Gengar
|-activate|p2a: Gengar|move: Protect
|move|p2b: Incineroar|Parting Shot|p1a: Dharmender
|-unboost|p1a: Dharmender|atk|1
|-unboost|p1a: Dharmender|spa|1
|
|t:|1784992462
|switch|p2b: Ninetales|Ninetales-Alola, L50, F|100/100|[from] Parting Shot
|-weather|Snowscape|[from] ability: Snow Warning|[of] p2b: Ninetales
|
|-weather|Snowscape|[upkeep]
|upkeep
|turn|3
|
|t:|1784992482
|move|p1a: Dharmender|Protect|p1a: Dharmender
|-singleturn|p1a: Dharmender|Protect
|move|p1b: Shaitaan|Reflect|p1b: Shaitaan
|-sidestart|p1: Mrpizzaofoz|Reflect
|move|p2a: Gengar|Sludge Bomb|p1b: Shaitaan
|-supereffective|p1b: Shaitaan|1
|-damage|p1b: Shaitaan|20/100y
|move|p2b: Ninetales|Freeze-Dry|p1a: Dharmender
|-activate|p1a: Dharmender|move: Protect
|
|-weather|Snowscape|[upkeep]
|upkeep
|turn|4
|inactive|Mrpizzaofoz has 30 seconds left.
|
|t:|1784992514
|move|p1b: Shaitaan|Parting Shot|p1a: Dharmender
|-unboost|p1a: Dharmender|atk|1
|-unboost|p1a: Dharmender|spa|1
|
|t:|1784992519
|switch|p1b: Piku|Pelipper, L50, F|100/100|[from] Parting Shot
|-weather|RainDance|[from] ability: Drizzle|[of] p1b: Piku
|move|p1a: Dharmender|Flip Turn|p1b: Piku
|-resisted|p1b: Piku|1
|-damage|p1b: Piku|89/100
|
|t:|1784992524
|switch|p1a: Prachand|Archaludon, L50, M|100/100|[from] Flip Turn
|move|p2a: Gengar|Shadow Ball|p1a: Prachand
|-damage|p1a: Prachand|72/100
|-ability|p1a: Prachand|Stamina|boost
|-boost|p1a: Prachand|def|1
|move|p2b: Ninetales|Freeze-Dry|p1a: Prachand
|-damage|p1a: Prachand|52/100
|-ability|p1a: Prachand|Stamina|boost
|-boost|p1a: Prachand|def|1
|
|-weather|RainDance|[upkeep]
|-heal|p1a: Prachand|58/100|[from] item: Leftovers
|upkeep
|turn|5
|inactive|Dipankar_tai-ahom has 30 seconds left.
|
|t:|1784992553
|switch|p2b: Incineroar|Incineroar, L50, M|100/100
|-ability|p2b: Incineroar|Intimidate|boost
|-unboost|p1a: Prachand|atk|1
|-unboost|p1b: Piku|atk|1
|move|p2a: Gengar|Protect|p2a: Gengar
|-singleturn|p2a: Gengar|Protect
|move|p1a: Prachand|Electro Shot||[still]
|-prepare|p1a: Prachand|Electro Shot
|-boost|p1a: Prachand|spa|1
|-anim|p1a: Prachand|Electro Shot|p2a: Gengar
|-activate|p2a: Gengar|move: Protect
|move|p1b: Piku|Hurricane|p2a: Gengar
|-activate|p2a: Gengar|move: Protect
|
|-weather|RainDance|[upkeep]
|-heal|p1a: Prachand|64/100|[from] item: Leftovers
|upkeep
|turn|6
|inactive|Dipankar_tai-ahom has 30 seconds left.
|inactive|Dipankar_tai-ahom has 20 seconds left.
|inactive|Mrpizzaofoz has 30 seconds left.
|inactive|Dipankar_tai-ahom has 15 seconds left.
|inactive|Dipankar_tai-ahom has 10 seconds left.
|inactive|Mrpizzaofoz has 20 seconds left.
|inactive|Dipankar_tai-ahom has 5 seconds left.
|
|t:|1784992608
|move|p2b: Incineroar|Fake Out|p1a: Prachand
|-resisted|p1a: Prachand|1
|-damage|p1a: Prachand|63/100
|-ability|p1a: Prachand|Stamina|boost
|-boost|p1a: Prachand|def|1
|move|p2a: Gengar|Shadow Ball|p1a: Prachand
|-damage|p1a: Prachand|37/100
|-ability|p1a: Prachand|Stamina|boost
|-boost|p1a: Prachand|def|1
|cant|p1a: Prachand|flinch
|move|p1b: Piku|Weather Ball|p2b: Incineroar
|-supereffective|p2b: Incineroar|1
|-damage|p2b: Incineroar|0 fnt
|faint|p2b: Incineroar
|-damage|p1b: Piku|80/100|[from] item: Life Orb
|
|-weather|RainDance|[upkeep]
|-heal|p1a: Prachand|43/100|[from] item: Leftovers
|upkeep
|inactiveoff|Battle timer is now OFF.
|inactive|Battle timer is ON: inactive players will automatically lose when time's up. (requested by Mrpizzaofoz)
|
|t:|1784992628
|switch|p2b: Ninetales|Ninetales-Alola, L50, F|100/100
|-weather|Snowscape|[from] ability: Snow Warning|[of] p2b: Ninetales
|turn|7
|
|t:|1784992653
|move|p2a: Gengar|Protect|p2a: Gengar
|-singleturn|p2a: Gengar|Protect
|move|p1b: Piku|Protect|p1b: Piku
|-singleturn|p1b: Piku|Protect
|move|p2b: Ninetales|Freeze-Dry|p1b: Piku
|-activate|p1b: Piku|move: Protect
|move|p1a: Prachand|Flash Cannon|p2b: Ninetales
|-supereffective|p2b: Ninetales|2
|-damage|p2b: Ninetales|0 fnt
|faint|p2b: Ninetales
|
|-weather|Snowscape|[upkeep]
|-heal|p1a: Prachand|49/100|[from] item: Leftovers
|upkeep
|
|t:|1784992658
|switch|p2b: Sneasler|Sneasler, L50, F|100/100
|turn|8
|
|t:|1784992676
|move|p2a: Gengar|Sludge Bomb|p1b: Piku
|-damage|p1b: Piku|44/100
|-status|p1b: Piku|psn
|move|p2b: Sneasler|Close Combat|p1a: Prachand
|-supereffective|p1a: Prachand|1
|-damage|p1a: Prachand|28/100
|-unboost|p2b: Sneasler|def|1
|-unboost|p2b: Sneasler|spd|1
|-ability|p1a: Prachand|Stamina|boost
|-boost|p1a: Prachand|def|1
|move|p1a: Prachand|Dragon Pulse|p2a: Gengar
|-damage|p2a: Gengar|40/100
|move|p1b: Piku|Weather Ball|p2a: Gengar
|-damage|p2a: Gengar|1/100
|-damage|p1b: Piku|35/100 psn|[from] item: Life Orb
|
|-weather|Snowscape|[upkeep]
|-heal|p1a: Prachand|35/100|[from] item: Leftovers
|-damage|p1b: Piku|23/100 psn|[from] psn
|upkeep
|turn|9
|inactive|Mrpizzaofoz has 30 seconds left.
|inactive|Dipankar_tai-ahom has 30 seconds left.
|
|t:|1784992708
|move|p2a: Gengar|Shadow Ball|p1a: Prachand
|-damage|p1a: Prachand|10/100
|-ability|p1a: Prachand|Stamina|boost
|-boost|p1a: Prachand|def|1
|move|p2b: Sneasler|Close Combat|p1a: Prachand
|-supereffective|p1a: Prachand|1
|-damage|p1a: Prachand|0 fnt
|-unboost|p2b: Sneasler|def|1
|-unboost|p2b: Sneasler|spd|1
|faint|p1a: Prachand
|move|p1b: Piku|Weather Ball|p2a: Gengar
|-damage|p2a: Gengar|0 fnt
|faint|p2a: Gengar
|-damage|p1b: Piku|13/100 psn|[from] item: Life Orb
|
|-weather|Snowscape|[upkeep]
|-damage|p1b: Piku|1/100 psn|[from] psn
|-sideend|p1: Mrpizzaofoz|move: Light Screen
|upkeep
|
|t:|1784992718
|switch|p1a: Shaitaan|Grimmsnarl, L50, M|20/100y
|turn|10
|inactive|Dipankar_tai-ahom has 30 seconds left.
|inactive|Dipankar_tai-ahom has 20 seconds left.
|inactive|Dipankar_tai-ahom has 15 seconds left.
|
|t:|1784992763
|switch|p1b: Dharmender|Swampert-Mega, L50, F|89/100
|move|p2b: Sneasler|Protect|p2b: Sneasler
|-singleturn|p2b: Sneasler|Protect
|move|p1a: Shaitaan|Spirit Break|p2b: Sneasler
|-activate|p2b: Sneasler|move: Protect
|
|-weather|Snowscape|[upkeep]
|-sideend|p1: Mrpizzaofoz|Reflect
|upkeep
|turn|11
|
|t:|1784992777
|move|p2b: Sneasler|Close Combat|p1b: Dharmender
|-damage|p1b: Dharmender|34/100
|-unboost|p2b: Sneasler|def|1
|-unboost|p2b: Sneasler|spd|1
|move|p1b: Dharmender|High Horsepower|p2b: Sneasler
|-supereffective|p2b: Sneasler|1
|-enditem|p2b: Sneasler|Focus Sash
|-damage|p2b: Sneasler|1/100
|move|p1a: Shaitaan|Spirit Break|p2b: Sneasler
|-damage|p2b: Sneasler|0 fnt
|faint|p2b: Sneasler
|
|win|Mrpizzaofoz
|c|☆Mrpizzaofoz|gg
|l|☆Dipankar_tai-ahom
|player|p2|
