|j|☆idkvgc19
|j|☆ansufati7
|html|idkvgc19ansufati7    
|uhtml|bestof|Game 2 of a best-of-3
|t:|1756921694
|gametype|doubles
|player|p1|idkvgc19|ethan|1064
|player|p2|ansufati7|ethan|1023
|gen|9
|tier|[Gen 9] VGC 2025 Reg H (Bo3)
|rated|
|rule|Species Clause: Limit one of each Pokémon
|rule|Item Clause: Limit 1 of each item
|clearpoke
|poke|p1|Indeedee, L50, M|
|poke|p1|Sneasler, L50, F|
|poke|p1|Excadrill, L50, M|
|poke|p1|Tyranitar, L50, F|
|poke|p1|Annihilape, L50, F|
|poke|p1|Corviknight, L50, F|
|poke|p2|Kommo-o, L50, M|
|poke|p2|Ursaluna-Bloodmoon, L50, M|
|poke|p2|Rillaboom, L50, M|
|poke|p2|Gholdengo, L50|
|poke|p2|Incineroar, L50, M|
|poke|p2|Whimsicott, L50, M|
|teampreview|4
|showteam|p1|Indeedee||ChoiceScarf|PsychicSurge|ExpandingForce,Trick,Protect,TeraBlast|||M|||50|,,,,,Psychic]Sneasler||WhiteHerb|Unburden|DireClaw,CloseCombat,Coaching,FakeOut|||F|||50|,,,,,Flying]Excadrill||FocusSash|SandRush|HighHorsepower,Earthquake,IronHead,Protect|||M|||50|,,,,,Stellar]Tyranitar||AssaultVest|SandStream|RockSlide,LowKick,KnockOff,TeraBlast|||F|||50|,,,,,Flying]Annihilape||SafetyGoggles|Defiant|CloseCombat,RageFist,FinalGambit,Taunt|||F|||50|,,,,,Water]Corviknight||PsychicSeed|MirrorArmor|BraveBird,Roost,PowerTrip,BulkUp|||F|||50|,,,,,Dragon
|showteam|p2|Kommo-o||ThroatSpray|Soundproof|ClangingScales,ClangorousSoul,FlashCannon,Protect|||M|||50|,,,,,Steel]Ursaluna-Bloodmoon||AssaultVest|MindsEye|BloodMoon,VacuumWave,EarthPower,HyperVoice|||M|||50|,,,,,Ghost]Rillaboom||MiracleSeed|GrassySurge|FakeOut,GrassyGlide,Uturn,WoodHammer|||M|||50|,,,,,Fire]Gholdengo||ChoiceScarf|GoodasGold|MakeItRain,ShadowBall,Trick,NastyPlot||||||50|,,,,,Water]Incineroar||SafetyGoggles|Intimidate|FakeOut,KnockOff,PartingShot,WillOWisp|||M|||50|,,,,,Ghost]Whimsicott||CovertCloak|Prankster|Moonblast,Tailwind,SunnyDay,Encore|||M|||50|,,,,,Poison
|
|t:|1756921726
|teamsize|p1|4
|teamsize|p2|4
|start
|switch|p1a: Sneasler|Sneasler, L50, F|100/100
|switch|p1b: Annihilape|Annihilape, L50, F|100/100
|switch|p2a: Whimsicott|Whimsicott, L50, M, shiny|100/100
|switch|p2b: Ursaluna|Ursaluna-Bloodmoon, L50, M|100/100
|turn|1
|
|t:|1756921791
|-terastallize|p1b: Annihilape|Water
|move|p2a: Whimsicott|Tailwind|p2a: Whimsicott
|-sidestart|p2: ansufati7|move: Tailwind
|move|p1a: Sneasler|Dire Claw|p2a: Whimsicott
|-supereffective|p2a: Whimsicott
|-damage|p2a: Whimsicott|0 fnt
|faint|p2a: Whimsicott
|move|p2b: Ursaluna|Earth Power|p1a: Sneasler
|-supereffective|p1a: Sneasler
|-damage|p1a: Sneasler|0 fnt
|faint|p1a: Sneasler
|move|p1b: Annihilape|Close Combat|p2b: Ursaluna
|-supereffective|p2b: Ursaluna
|-damage|p2b: Ursaluna|27/100
|-unboost|p1b: Annihilape|def|1
|-unboost|p1b: Annihilape|spd|1
|
|upkeep
|
|t:|1756921814
|switch|p1a: Indeedee|Indeedee, L50, M|100/100
|switch|p2a: Rillaboom|Rillaboom, L50, M|100/100
|-fieldstart|move: Grassy Terrain|[from] ability: Grassy Surge|[of] p2a: Rillaboom
|-fieldstart|move: Psychic Terrain|[from] ability: Psychic Surge|[of] p1a: Indeedee
|turn|2
|
|t:|1756921844
|move|p2a: Rillaboom|Wood Hammer|p1b: Annihilape
|-supereffective|p1b: Annihilape
|-damage|p1b: Annihilape|0 fnt
|faint|p1b: Annihilape
|-damage|p2a: Rillaboom|67/100|[from] Recoil
|move|p1a: Indeedee|Expanding Force|p2b: Ursaluna|[spread] p2a,p2b
|-damage|p2a: Rillaboom|6/100
|-damage|p2b: Ursaluna|0 fnt
|faint|p2b: Ursaluna
|
|upkeep
|
|t:|1756921854
|switch|p1b: Corviknight|Corviknight, L50, F|100/100
|switch|p2b: Gholdengo|Gholdengo, L50|100/100
|-enditem|p1b: Corviknight|Psychic Seed
|-boost|p1b: Corviknight|spd|1|[from] item: Psychic Seed
|turn|3
|
|t:|1756921898
|move|p2b: Gholdengo|Shadow Ball|p1b: Corviknight
|-damage|p1b: Corviknight|72/100
|move|p2a: Rillaboom|U-turn|p1a: Indeedee
|-supereffective|p1a: Indeedee
|-damage|p1a: Indeedee|0 fnt
|faint|p1a: Indeedee
|move|p1b: Corviknight|Bulk Up|p1b: Corviknight
|-boost|p1b: Corviknight|atk|1
|-boost|p1b: Corviknight|def|1
|
|upkeep
|turn|4
|
|t:|1756921924
|move|p2b: Gholdengo|Shadow Ball|p1b: Corviknight
|-damage|p1b: Corviknight|43/100
|move|p2a: Rillaboom|U-turn|p1b: Corviknight
|-resisted|p1b: Corviknight
|-damage|p1b: Corviknight|40/100
|move|p1b: Corviknight|Bulk Up|p1b: Corviknight
|-boost|p1b: Corviknight|atk|1
|-boost|p1b: Corviknight|def|1
|
|-sideend|p2: ansufati7|move: Tailwind
|upkeep
|turn|5
|
|t:|1756921940
|move|p2b: Gholdengo|Shadow Ball|p1b: Corviknight
|-damage|p1b: Corviknight|13/100
|move|p2a: Rillaboom|U-turn|p1b: Corviknight
|-resisted|p1b: Corviknight
|-damage|p1b: Corviknight|11/100
|move|p1b: Corviknight|Roost|p1b: Corviknight
|-heal|p1b: Corviknight|61/100
|-singleturn|p1b: Corviknight|move: Roost
|
|upkeep
|turn|6
|inactive|Battle timer is ON: inactive players will automatically lose when time's up. (requested by idkvgc19)
|
|t:|1756921955
|move|p2b: Gholdengo|Shadow Ball|p1b: Corviknight
|-damage|p1b: Corviknight|33/100
|move|p2a: Rillaboom|Grassy Glide|p1b: Corviknight
|-resisted|p1b: Corviknight
|-damage|p1b: Corviknight|30/100
|move|p1b: Corviknight|Power Trip|p2b: Gholdengo
|-supereffective|p2b: Gholdengo
|-damage|p2b: Gholdengo|0 fnt
|faint|p2b: Gholdengo
|
|-fieldend|move: Psychic Terrain
|upkeep
|turn|7
|
|t:|1756921972
|move|p2a: Rillaboom|Wood Hammer|p1b: Corviknight
|-resisted|p1b: Corviknight
|-damage|p1b: Corviknight|22/100
|-damage|p2a: Rillaboom|4/100|[from] Recoil
|move|p1b: Corviknight|Roost|p1b: Corviknight
|-heal|p1b: Corviknight|72/100
|-singleturn|p1b: Corviknight|move: Roost
|
|upkeep
|turn|8
|-message|ansufati7 forfeited.
|
|win|idkvgc19
|raw|idkvgc19's rating: 1064 → 1091(+27 for winning)
|raw|ansufati7's rating: 1023 → 1011(-12 for losing)
|l|☆ansufati7
|player|p2|
