|j|☆The median voter
|j|☆Awesome Person III
|html|The median voterAwesome Person III    
|uhtml|bestof|Game 2 of a best-of-3
|t:|1755104087
|gametype|doubles
|player|p1|The median voter|scientist-gen4dp|1310
|player|p2|Awesome Person III|fisherman-gen4|1360
|gen|9
|tier|[Gen 9] VGC 2025 Reg H (Bo3)
|rated|
|rule|Species Clause: Limit one of each Pokémon
|rule|Item Clause: Limit 1 of each item
|clearpoke
|poke|p1|Kommo-o, L50, F|
|poke|p1|Volcarona, L50, M|
|poke|p1|Rillaboom, L50, M|
|poke|p1|Kingambit, L50, M|
|poke|p1|Ninetales-Alola, L50, F|
|poke|p1|Arcanine-Hisui, L50, F|
|poke|p2|Magmar, L50, M|
|poke|p2|Primarina, L50, F|
|poke|p2|Rillaboom, L50, M|
|poke|p2|Dragapult, L50, M|
|poke|p2|Sneasler, L50, F|
|poke|p2|Kingambit, L50, M|
|teampreview|4
|showteam|p1|Kommo-o||GrassySeed|Overcoat|BodyPress,Taunt,Protect,Flamethrower|||F|||50|,,,,,Steel]Volcarona||SitrusBerry|FlameBody|HeatWave,TeraBlast,QuiverDance,Protect|||M|||50|,,,,,Water]Rillaboom||AssaultVest|GrassySurge|FakeOut,GrassyGlide,WoodHammer,HighHorsepower|||M|||50|,,,,,Fire]Kingambit||BlackGlasses|Defiant|KowtowCleave,SuckerPunch,SwordsDance,Protect|||M|||50|,,,,,Dark]Ninetales-Alola||LifeOrb|SnowWarning|Blizzard,Protect,Encore,FreezeDry|||F|||50|,,,,,Ghost]Arcanine-Hisui||FocusSash|Intimidate|RockSlide,FlareBlitz,ExtremeSpeed,Protect|||F|||50|,,,,,Ghost
|showteam|p2|Magmar||Eviolite|VitalSpirit|HeatWave,Protect,FollowMe,Taunt|||M|||50|,,,,,Ghost]Primarina||SitrusBerry|LiquidVoice|Moonblast,HyperVoice,Protect,Haze|||F|||50|,,,,,Water]Rillaboom||AssaultVest|GrassySurge|WoodHammer,GrassyGlide,HighHorsepower,FakeOut|||M|||50|,,,,,Fire]Dragapult||ChoiceBand|ClearBody|DragonDarts,PhantomForce,TeraBlast,Uturn|||M|||50|,,,,,Ghost]Sneasler||FocusSash|Unburden|CloseCombat,DireClaw,FakeOut,Coaching|||F|||50|,,,,,Stellar]Kingambit||BlackGlasses|Defiant|KowtowCleave,SuckerPunch,Protect,SwordsDance|||M|||50|,,,,,Dark
|inactive|Battle timer is ON: inactive players will automatically lose when time's up. (requested by Awesome Person III)
|
|t:|1755104107
|teamsize|p1|4
|teamsize|p2|4
|start
|switch|p1a: Kommo-o|Kommo-o, L50, F|100/100
|switch|p1b: Kingambit|Kingambit, L50, M|100/100
|switch|p2a: Primarina|Primarina, L50, F|100/100
|switch|p2b: Sneasler|Sneasler, L50, F|100/100
|turn|1
|inactive|The median voter has 30 seconds left.
|inactive|Awesome Person III has 30 seconds left.
|
|t:|1755104139
|switch|p1b: Rillaboom|Rillaboom, L50, M|100/100
|-fieldstart|move: Grassy Terrain|[from] ability: Grassy Surge|[of] p1b: Rillaboom
|-enditem|p1a: Kommo-o|Grassy Seed
|-boost|p1a: Kommo-o|def|1|[from] item: Grassy Seed
|-terastallize|p1a: Kommo-o|Steel
|move|p2b: Sneasler|Close Combat|p1b: Rillaboom
|-crit|p1b: Rillaboom
|-damage|p1b: Rillaboom|18/100
|-unboost|p2b: Sneasler|def|1
|-unboost|p2b: Sneasler|spd|1
|move|p1a: Kommo-o|Body Press|p2b: Sneasler
|-resisted|p2b: Sneasler
|-damage|p2b: Sneasler|17/100
|move|p2a: Primarina|Moonblast|p1a: Kommo-o
|-resisted|p1a: Kommo-o
|-damage|p1a: Kommo-o|77/100
|-unboost|p1a: Kommo-o|spa|1
|
|-heal|p2b: Sneasler|22/100|[from] Grassy Terrain
|-heal|p1a: Kommo-o|83/100|[from] Grassy Terrain
|-heal|p1b: Rillaboom|24/100|[from] Grassy Terrain
|upkeep
|turn|2
|
|t:|1755104161
|switch|p2b: Magmar|Magmar, L50, M|100/100
|move|p2a: Primarina|Protect|p2a: Primarina
|-singleturn|p2a: Primarina|Protect
|move|p1b: Rillaboom|Fake Out|p2a: Primarina
|-activate|p2a: Primarina|move: Protect
|move|p1a: Kommo-o|Body Press|p2b: Magmar
|-damage|p2b: Magmar|53/100
|
|-heal|p1a: Kommo-o|89/100|[from] Grassy Terrain
|-heal|p2b: Magmar|59/100|[from] Grassy Terrain
|-heal|p1b: Rillaboom|29/100|[from] Grassy Terrain
|upkeep
|turn|3
|
|t:|1755104178
|move|p1a: Kommo-o|Protect|p1a: Kommo-o
|-singleturn|p1a: Kommo-o|Protect
|move|p2b: Magmar|Follow Me|p2b: Magmar
|-singleturn|p2b: Magmar|move: Follow Me
|move|p1b: Rillaboom|Wood Hammer|p2b: Magmar
|-resisted|p2b: Magmar
|-crit|p2b: Magmar
|-damage|p2b: Magmar|7/100
|-damage|p1b: Rillaboom|15/100|[from] Recoil
|move|p2a: Primarina|Moonblast|p1b: Rillaboom
|-damage|p1b: Rillaboom|0 fnt
|faint|p1b: Rillaboom
|
|-heal|p1a: Kommo-o|95/100|[from] Grassy Terrain
|-heal|p2b: Magmar|13/100|[from] Grassy Terrain
|upkeep
|
|t:|1755104183
|switch|p1b: Ninetales|Ninetales-Alola, L50, F|100/100
|-weather|Snowscape|[from] ability: Snow Warning|[of] p1b: Ninetales
|turn|4
|inactive|Awesome Person III has 30 seconds left.
|inactive|Awesome Person III has 20 seconds left.
|inactive|Awesome Person III has 15 seconds left.
|inactive|Awesome Person III has 10 seconds left.
|
|t:|1755104228
|move|p1b: Ninetales|Blizzard|p2a: Primarina|[spread] p2a,p2b
|-resisted|p2a: Primarina
|-resisted|p2b: Magmar
|-damage|p2a: Primarina|84/100
|-damage|p2b: Magmar|0 fnt
|faint|p2b: Magmar
|-damage|p1b: Ninetales|91/100|[from] item: Life Orb
|move|p1a: Kommo-o|Body Press|p2a: Primarina
|-resisted|p2a: Primarina
|-damage|p2a: Primarina|52/100
|move|p2a: Primarina|Hyper Voice|p1b: Ninetales|[spread] p1a,p1b
|-damage|p1a: Kommo-o|57/100
|-damage|p1b: Ninetales|55/100
|
|-weather|Snowscape|[upkeep]
|-heal|p1b: Ninetales|61/100|[from] Grassy Terrain
|-heal|p1a: Kommo-o|63/100|[from] Grassy Terrain
|-heal|p2a: Primarina|58/100|[from] Grassy Terrain
|upkeep
|
|t:|1755104235
|switch|p2b: Sneasler|Sneasler, L50, F|22/100
|turn|5
|inactive|Awesome Person III has 30 seconds left.
|inactive|Awesome Person III has 20 seconds left.
|inactive|Awesome Person III has 15 seconds left.
|inactive|Awesome Person III has 10 seconds left.
|inactive|Awesome Person III has 5 seconds left.
|
|t:|1755104291
|move|p1b: Ninetales|Protect|p1b: Ninetales
|-singleturn|p1b: Ninetales|Protect
|move|p2b: Sneasler|Dire Claw|p1b: Ninetales
|-activate|p1b: Ninetales|move: Protect
|move|p1a: Kommo-o|Body Press|p2b: Sneasler
|-resisted|p2b: Sneasler
|-damage|p2b: Sneasler|0 fnt
|faint|p2b: Sneasler
|move|p2a: Primarina|Hyper Voice|p1b: Ninetales|[spread] p1a
|-activate|p1b: Ninetales|move: Protect
|-damage|p1a: Kommo-o|25/100
|
|-weather|Snowscape|[upkeep]
|-heal|p1b: Ninetales|67/100|[from] Grassy Terrain
|-heal|p1a: Kommo-o|31/100|[from] Grassy Terrain
|-heal|p2a: Primarina|64/100|[from] Grassy Terrain
|-fieldend|move: Grassy Terrain
|upkeep
|
|t:|1755104295
|switch|p2b: Kingambit|Kingambit, L50, M|100/100
|turn|6
|inactive|The median voter has 30 seconds left.
|
|t:|1755104326
|-terastallize|p2b: Kingambit|Dark
|move|p2b: Kingambit|Sucker Punch|p1a: Kommo-o
|-damage|p1a: Kommo-o|0 fnt
|faint|p1a: Kommo-o
|move|p1b: Ninetales|Freeze-Dry|p2a: Primarina
|-supereffective|p2a: Primarina
|-damage|p2a: Primarina|9/100
|-enditem|p2a: Primarina|Sitrus Berry|[eat]
|-heal|p2a: Primarina|34/100|[from] item: Sitrus Berry
|-damage|p1b: Ninetales|58/100|[from] item: Life Orb
|move|p2a: Primarina|Moonblast|p1b: Ninetales
|-damage|p1b: Ninetales|5/100
|-unboost|p1b: Ninetales|spa|1
|
|-weather|Snowscape|[upkeep]
|upkeep
|
|t:|1755104330
|switch|p1a: Kingambit|Kingambit, L50, M|100/100
|turn|7
|inactive|The median voter has 30 seconds left.
|
|t:|1755104359
|move|p2b: Kingambit|Sucker Punch||[still]
|-fail|p2b: Kingambit
|move|p1b: Ninetales|Encore|p2b: Kingambit
|-start|p2b: Kingambit|Encore
|move|p2a: Primarina|Hyper Voice|p1a: Kingambit|[spread] p1a,p1b
|-damage|p1a: Kingambit|66/100
|-damage|p1b: Ninetales|0 fnt
|faint|p1b: Ninetales
|move|p1a: Kingambit|Swords Dance|p1a: Kingambit
|-boost|p1a: Kingambit|atk|2
|
|-weather|Snowscape|[upkeep]
|upkeep
|turn|8
|
|t:|1755104368
|move|p2b: Kingambit|Sucker Punch|p1a: Kingambit
|-resisted|p1a: Kingambit
|-damage|p1a: Kingambit|43/100
|move|p2a: Primarina|Haze|p2a: Primarina
|-clearallboost
|move|p1a: Kingambit|Kowtow Cleave|p2a: Primarina
|-resisted|p2a: Primarina
|-damage|p2a: Primarina|2/100
|
|-weather|none
|upkeep
|turn|9
|
|t:|1755104373
|move|p2b: Kingambit|Sucker Punch|p1a: Kingambit
|-resisted|p1a: Kingambit
|-damage|p1a: Kingambit|18/100
|move|p1a: Kingambit|Sucker Punch|p2a: Primarina
|-resisted|p2a: Primarina
|-damage|p2a: Primarina|0 fnt
|faint|p2a: Primarina
|
|upkeep
|turn|10
|
|t:|1755104376
|move|p2b: Kingambit|Sucker Punch||[still]
|-fail|p2b: Kingambit
|move|p1a: Kingambit|Swords Dance|p1a: Kingambit
|-boost|p1a: Kingambit|atk|2
|
|-end|p2b: Kingambit|Encore
|upkeep
|turn|11
|
|t:|1755104381
|move|p1a: Kingambit|Sucker Punch|p2b: Kingambit
|-resisted|p2b: Kingambit
|-damage|p2b: Kingambit|63/100
|move|p2b: Kingambit|Kowtow Cleave|p1a: Kingambit
|-resisted|p1a: Kingambit
|-damage|p1a: Kingambit|0 fnt
|faint|p1a: Kingambit
|
|win|Awesome Person III
|raw|The median voter's rating: 1310 → 1293(-17 for losing)
|raw|Awesome Person III's rating: 1360 → 1377(+17 for winning)
