|j|☆ZaxbysSauce
|j|☆Flaharty4
|html|ZaxbysSauceFlaharty4    
|uhtml|bestof|Game 2 of a best-of-3
|t:|1756245145
|gametype|doubles
|player|p1|ZaxbysSauce|burgh|1060
|player|p2|Flaharty4|169|1000
|gen|9
|tier|[Gen 9] VGC 2025 Reg H (Bo3)
|rated|
|rule|Species Clause: Limit one of each Pokémon
|rule|Item Clause: Limit 1 of each item
|clearpoke
|poke|p1|Pelipper, L50, M|
|poke|p1|Basculegion, L50, M|
|poke|p1|Archaludon, L50, F|
|poke|p1|Dragonite, L50, F|
|poke|p1|Farigiraf, L50, F|
|poke|p1|Magmortar, L50, F|
|poke|p2|Porygon2, L50|
|poke|p2|Sneasler, L50, M|
|poke|p2|Gholdengo, L50|
|poke|p2|Amoonguss, L50, F|
|poke|p2|Garchomp, L50, M|
|poke|p2|Incineroar, L50, M|
|teampreview|4
|showteam|p1|Pelipper||FocusSash|Drizzle|Hurricane,WeatherBall,Tailwind,Protect|||M|||50|,,,,,Ghost]Basculegion||MysticWater|SwiftSwim|Protect,WaveCrash,AquaJet,LastRespects|||M|||50|,,,,,Water]Archaludon||AssaultVest|Stamina|ElectroShot,DragonPulse,FlashCannon,BodyPress|||F|||50|,,,,,Grass]Dragonite||ChoiceBand|InnerFocus|ExtremeSpeed,DragonClaw,AquaJet,AirSlash|||F|||50|,,,,,Normal]Farigiraf||SitrusBerry|ArmorTail|FoulPlay,TrickRoom,HelpingHand,PsychicNoise|||F|||50|,,,,,Fairy]Magmortar||Charcoal|VitalSpirit|Flamethrower,ScorchingSands,FollowMe,Protect|||F|||50|,,,,,Ground
|showteam|p2|Porygon2||Eviolite|Download|TeraBlast,IceBeam,Recover,TrickRoom||||||50|,,,,,Ground]Sneasler||FocusSash|PoisonTouch|CloseCombat,DireClaw,Coaching,Protect|||M|||50|,,,,,Flying]Gholdengo||LifeOrb|GoodasGold|MakeItRain,ShadowBall,NastyPlot,Protect||||||50|,,,,,Water]Amoonguss||SitrusBerry|Regenerator|PollenPuff,Spore,RagePowder,Protect|||F|||50|,,,,,Fairy]Garchomp||ClearAmulet|RoughSkin|Earthquake,StompingTantrum,DragonClaw,Protect|||M|||50|,,,,,Fire]Incineroar||SafetyGoggles|Intimidate|FlareBlitz,KnockOff,FakeOut,PartingShot|||M|||50|,,,,,Ghost
|inactive|Battle timer is ON: inactive players will automatically lose when time's up. (requested by ZaxbysSauce)
|
|t:|1756245176
|teamsize|p1|4
|teamsize|p2|4
|start
|switch|p1a: Pelipper|Pelipper, L50, M|100/100
|switch|p1b: Basculegion|Basculegion, L50, M|100/100
|switch|p2a: Incineroar|Incineroar, L50, M|100/100
|switch|p2b: Porygon2|Porygon2, L50|100/100
|-weather|RainDance|[from] ability: Drizzle|[of] p1a: Pelipper
|-ability|p2b: Porygon2|Download|boost
|-boost|p2b: Porygon2|spa|1
|-ability|p2a: Incineroar|Intimidate|boost
|-unboost|p1a: Pelipper|atk|1
|-unboost|p1b: Basculegion|atk|1
|turn|1
|inactive|ZaxbysSauce has 30 seconds left.
|
|t:|1756245202
|switch|p2a: Amoonguss|Amoonguss, L50, F|100/100
|move|p1b: Basculegion|Wave Crash|p2b: Porygon2
|-damage|p2b: Porygon2|55/100
|-damage|p1b: Basculegion|86/100|[from] Recoil
|move|p1a: Pelipper|Hurricane|p2b: Porygon2
|-damage|p2b: Porygon2|20/100
|-start|p2b: Porygon2|confusion
|-activate|p2b: Porygon2|confusion
|move|p2b: Porygon2|Trick Room|p2b: Porygon2
|-fieldstart|move: Trick Room|[of] p2b: Porygon2
|
|-weather|RainDance|[upkeep]
|upkeep
|turn|2
|inactive|ZaxbysSauce has 30 seconds left.
|
|t:|1756245237
|move|p1b: Basculegion|Aqua Jet|p2b: Porygon2
|-damage|p2b: Porygon2|5/100
|move|p2a: Amoonguss|Spore|p1b: Basculegion
|-status|p1b: Basculegion|slp|[from] move: Spore
|-activate|p2b: Porygon2|confusion
|-damage|p2b: Porygon2|0 fnt|[from] confusion
|faint|p2b: Porygon2
|move|p1a: Pelipper|Hurricane|p2a: Amoonguss
|-supereffective|p2a: Amoonguss
|-damage|p2a: Amoonguss|12/100
|-enditem|p2a: Amoonguss|Sitrus Berry|[eat]
|-heal|p2a: Amoonguss|37/100|[from] item: Sitrus Berry
|
|-weather|RainDance|[upkeep]
|upkeep
|
|t:|1756245253
|switch|p2b: Gholdengo|Gholdengo, L50|100/100
|turn|3
|
|t:|1756245264
|switch|p1b: Archaludon|Archaludon, L50, F|100/100
|move|p1a: Pelipper|Protect|p1a: Pelipper
|-singleturn|p1a: Pelipper|Protect
|move|p2a: Amoonguss|Spore|p1a: Pelipper
|-activate|p1a: Pelipper|move: Protect
|move|p2b: Gholdengo|Nasty Plot|p2b: Gholdengo
|-boost|p2b: Gholdengo|spa|2
|
|-weather|RainDance|[upkeep]
|upkeep
|turn|4
|inactive|ZaxbysSauce has 30 seconds left.
|inactive|Flaharty4 has 30 seconds left.
|inactive|Flaharty4 has 20 seconds left.
|inactive|Flaharty4 has 15 seconds left.
|
|t:|1756245306
|-terastallize|p1b: Archaludon|Grass
|move|p2a: Amoonguss|Rage Powder|p2a: Amoonguss
|-singleturn|p2a: Amoonguss|move: Rage Powder
|move|p2b: Gholdengo|Shadow Ball|p1b: Archaludon
|-damage|p1b: Archaludon|33/100
|-ability|p1b: Archaludon|Stamina|boost
|-boost|p1b: Archaludon|def|1
|-damage|p2b: Gholdengo|91/100|[from] item: Life Orb
|move|p1b: Archaludon|Dragon Pulse|p2a: Amoonguss
|-damage|p2a: Amoonguss|0 fnt
|faint|p2a: Amoonguss
|move|p1a: Pelipper|Weather Ball|p2b: Gholdengo
|-damage|p2b: Gholdengo|18/100
|
|-weather|RainDance|[upkeep]
|upkeep
|
|t:|1756245323
|switch|p2a: Incineroar|Incineroar, L50, M|100/100
|-ability|p2a: Incineroar|Intimidate|boost
|-unboost|p1a: Pelipper|atk|1
|-unboost|p1b: Archaludon|atk|1
|turn|5
|
|t:|1756245344
|switch|p1b: Magmortar|Magmortar, L50, F|100/100
|switch|p1a: Basculegion|Basculegion, L50, M|86/100 slp
|move|p2a: Incineroar|Fake Out|p1a: Basculegion
|-immune|p1a: Basculegion
|move|p2b: Gholdengo|Make It Rain|p1a: Basculegion|[spread] p1a,p1b
|-resisted|p1a: Basculegion
|-resisted|p1b: Magmortar
|-damage|p1a: Basculegion|14/100 slp
|-damage|p1b: Magmortar|22/100
|-unboost|p2b: Gholdengo|spa|1
|-damage|p2b: Gholdengo|8/100|[from] item: Life Orb
|
|-weather|none
|-fieldend|move: Trick Room
|upkeep
|turn|6
|inactive|ZaxbysSauce has 30 seconds left.
|inactive|Flaharty4 has 30 seconds left.
|inactive|Flaharty4 has 20 seconds left.
|inactive|Flaharty4 has 15 seconds left.
|inactive|Flaharty4 has 10 seconds left.
|inactive|Flaharty4 has 5 seconds left.
|
|t:|1756245394
|move|p1b: Magmortar|Flamethrower|p2b: Gholdengo
|-supereffective|p2b: Gholdengo
|-damage|p2b: Gholdengo|0 fnt
|faint|p2b: Gholdengo
|cant|p1a: Basculegion|slp
|move|p2a: Incineroar|Knock Off|p1b: Magmortar
|-damage|p1b: Magmortar|0 fnt
|-enditem|p1b: Magmortar|Charcoal|[from] move: Knock Off|[of] p2a: Incineroar
|faint|p1b: Magmortar
|
|upkeep
|
|t:|1756245405
|switch|p1b: Pelipper|Pelipper, L50, M|100/100
|-weather|RainDance|[from] ability: Drizzle|[of] p1b: Pelipper
|turn|7
|
|t:|1756245416
|-terastallize|p2a: Incineroar|Ghost
|cant|p1a: Basculegion|slp
|move|p1b: Pelipper|Weather Ball|p2a: Incineroar
|-damage|p2a: Incineroar|41/100
|move|p2a: Incineroar|Knock Off|p1a: Basculegion
|-supereffective|p1a: Basculegion
|-damage|p1a: Basculegion|0 fnt
|-enditem|p1a: Basculegion|Mystic Water|[from] move: Knock Off|[of] p2a: Incineroar
|faint|p1a: Basculegion
|
|-weather|RainDance|[upkeep]
|upkeep
|
|t:|1756245430
|switch|p1a: Archaludon|Archaludon, L50, F, tera:Grass|33/100
|turn|8
|
|t:|1756245436
|move|p1b: Pelipper|Protect|p1b: Pelipper
|-singleturn|p1b: Pelipper|Protect
|move|p1a: Archaludon|Electro Shot||[still]
|-prepare|p1a: Archaludon|Electro Shot
|-boost|p1a: Archaludon|spa|1
|-anim|p1a: Archaludon|Electro Shot|p2a: Incineroar
|-damage|p2a: Incineroar|0 fnt
|faint|p2a: Incineroar
|
|win|ZaxbysSauce
|raw|ZaxbysSauce's rating: 1060 → 1086(+26 for winning)
|raw|Flaharty4's rating: 1000 → 1000(+0 for losing)
