|j|☆Not Rain
|j|☆Nacos
|html|Not RainNacos    
|uhtml|bestof|Game 1 of a best-of-3
|t:|1756558911
|gametype|doubles
|player|p1|Not Rain|2|1120
|player|p2|Nacos|1|1022
|gen|9
|tier|[Gen 9] VGC 2025 Reg H (Bo3)
|rated|
|rule|Species Clause: Limit one of each Pokémon
|rule|Item Clause: Limit 1 of each item
|clearpoke
|poke|p1|Metagross, L50|
|poke|p1|Sneasler, L50, F|
|poke|p1|Incineroar, L50, F|
|poke|p1|Amoonguss, L50, F|
|poke|p1|Zoroark-Hisui, L50, M|
|poke|p1|Ninetales-Alola, L50, M|
|poke|p2|Pelipper, L50, F|
|poke|p2|Archaludon, L50, F|
|poke|p2|Basculegion, L50, M|
|poke|p2|Gholdengo, L50|
|poke|p2|Incineroar, L50, M|
|poke|p2|Rillaboom, L50, M|
|teampreview|4
|showteam|p1|Metagross||AssaultVest|ClearBody|BulletPunch,MeteorMash,PsychicFangs,StompingTantrum||||||50|,,,,,Ground]Sneasler||FocusSash|PoisonTouch|FakeOut,Coaching,DireClaw,CloseCombat|||F|||50|,,,,,Grass]Incineroar||SafetyGoggles|Intimidate|FakeOut,FlareBlitz,PartingShot,Taunt|||F|||50|,,,,,Ghost]Amoonguss||RockyHelmet|Regenerator|RagePowder,Spore,PollenPuff,Protect|||F|||50|,,,,,Water]Zoroark-Hisui||ChoiceSpecs|Illusion|WillOWisp,BitterMalice,FocusBlast,HyperVoice|||M|||50|,,,,,Fighting]Ninetales-Alola||LightClay|SnowWarning|AuroraVeil,FreezeDry,DazzlingGleam,Protect|||M|||50|,,,,,Ghost
|showteam|p2|Pelipper||FocusSash|Drizzle|Tailwind,Protect,WeatherBall,Hurricane|||F|||50|,,,,,Steel]Archaludon||AssaultVest|Stamina|ElectroShot,DracoMeteor,FlashCannon,BodyPress|||F|||50|,,,,,Grass]Basculegion||ChoiceBand|SwiftSwim|WaveCrash,LastRespects,FlipTurn,AquaJet|||M|||50|,,,,,Water]Gholdengo||LifeOrb|GoodasGold|MakeItRain,ShadowBall,Protect,NastyPlot||||||50|,,,,,Dragon]Incineroar||SafetyGoggles|Intimidate|FakeOut,PartingShot,KnockOff,Taunt|||M|||50|,,,,,Water]Rillaboom||MiracleSeed|GrassySurge|FakeOut,GrassyGlide,WoodHammer,Uturn|||M|||50|,,,,,Fire
|inactive|Battle timer is ON: inactive players will automatically lose when time's up. (requested by Nacos)
|
|t:|1756558936
|teamsize|p1|4
|teamsize|p2|4
|start
|switch|p1a: Ninetales|Ninetales-Alola, L50, M|100/100
|switch|p1b: Metagross|Metagross, L50|100/100
|switch|p2a: Rillaboom|Rillaboom, L50, M|100/100
|switch|p2b: Basculegion|Basculegion, L50, M|100/100
|-weather|Snowscape|[from] ability: Snow Warning|[of] p1a: Ninetales
|-fieldstart|move: Grassy Terrain|[from] ability: Grassy Surge|[of] p2a: Rillaboom
|turn|1
|
|t:|1756558962
|switch|p2a: Pelipper|Pelipper, L50, F|100/100
|-weather|RainDance|[from] ability: Drizzle|[of] p2a: Pelipper
|switch|p1b: Incineroar|Incineroar, L50, F|100/100
|-ability|p1b: Incineroar|Intimidate|boost
|-unboost|p2a: Pelipper|atk|1
|-unboost|p2b: Basculegion|atk|1
|-terastallize|p2b: Basculegion|Water
|move|p2b: Basculegion|Flip Turn|p1a: Ninetales
|-damage|p1a: Ninetales|37/100
|
|t:|1756558974
|switch|p2b: Gholdengo|Gholdengo, L50|100/100|[from] Flip Turn
|move|p1a: Ninetales|Freeze-Dry|p2b: Gholdengo
|-resisted|p2b: Gholdengo
|-damage|p2b: Gholdengo|88/100
|
|-weather|RainDance|[upkeep]
|-heal|p2b: Gholdengo|94/100|[from] Grassy Terrain
|-heal|p1a: Ninetales|43/100|[from] Grassy Terrain
|upkeep
|turn|2
|
|t:|1756558990
|switch|p1a: Metagross|Metagross, L50|100/100
|switch|p2a: Basculegion|Basculegion, L50, M, tera:Water|100/100
|-terastallize|p1b: Incineroar|Ghost
|move|p2b: Gholdengo|Make It Rain|p1a: Metagross|[spread] p1a,p1b
|-resisted|p1a: Metagross
|-damage|p1a: Metagross|79/100
|-damage|p1b: Incineroar|57/100
|-unboost|p2b: Gholdengo|spa|1
|-damage|p2b: Gholdengo|85/100|[from] item: Life Orb
|move|p1b: Incineroar|Flare Blitz|p2b: Gholdengo
|-supereffective|p2b: Gholdengo
|-damage|p2b: Gholdengo|33/100
|-damage|p1b: Incineroar|44/100|[from] Recoil
|
|-weather|RainDance|[upkeep]
|-heal|p2b: Gholdengo|39/100|[from] Grassy Terrain
|-heal|p1a: Metagross|85/100|[from] Grassy Terrain
|-heal|p1b: Incineroar|50/100|[from] Grassy Terrain
|upkeep
|turn|3
|inactive|Not Rain has 30 seconds left.
|
|t:|1756559017
|switch|p2b: Rillaboom|Rillaboom, L50, M|100/100
|switch|p1b: Ninetales|Ninetales-Alola, L50, M|43/100
|-weather|Snowscape|[from] ability: Snow Warning|[of] p1b: Ninetales
|move|p2a: Basculegion|Flip Turn|p1b: Ninetales
|-damage|p1b: Ninetales|2/100
|
|t:|1756559027
|switch|p2a: Gholdengo|Gholdengo, L50|39/100|[from] Flip Turn
|move|p1a: Metagross|Meteor Mash|p2b: Rillaboom
|-damage|p2b: Rillaboom|48/100
|-boost|p1a: Metagross|atk|1
|
|-weather|Snowscape|[upkeep]
|-heal|p2a: Gholdengo|45/100|[from] Grassy Terrain
|-heal|p1b: Ninetales|8/100|[from] Grassy Terrain
|-heal|p2b: Rillaboom|54/100|[from] Grassy Terrain
|-heal|p1a: Metagross|91/100|[from] Grassy Terrain
|upkeep
|turn|4
|
|t:|1756559048
|move|p2b: Rillaboom|Fake Out|p1b: Ninetales
|-damage|p1b: Ninetales|0 fnt
|faint|p1b: Ninetales
|move|p2a: Gholdengo|Shadow Ball|p1a: Metagross
|-supereffective|p1a: Metagross
|-damage|p1a: Metagross|10/100
|-damage|p2a: Gholdengo|35/100|[from] item: Life Orb
|move|p1a: Metagross|Stomping Tantrum|p2a: Gholdengo
|-supereffective|p2a: Gholdengo
|-damage|p2a: Gholdengo|0 fnt
|faint|p2a: Gholdengo
|
|-weather|Snowscape|[upkeep]
|-heal|p2b: Rillaboom|60/100|[from] Grassy Terrain
|-heal|p1a: Metagross|16/100|[from] Grassy Terrain
|upkeep
|
|t:|1756559062
|switch|p2a: Basculegion|Basculegion, L50, M, tera:Water|100/100
|switch|p1b: Sneasler|Sneasler, L50, F|100/100
|turn|5
|
|t:|1756559077
|switch|p2b: Pelipper|Pelipper, L50, F|100/100
|-weather|RainDance|[from] ability: Drizzle|[of] p2b: Pelipper
|move|p1b: Sneasler|Fake Out|p2a: Basculegion
|-damage|p2a: Basculegion|81/100
|cant|p2a: Basculegion|flinch
|move|p1a: Metagross|Psychic Fangs|p2a: Basculegion
|-damage|p2a: Basculegion|0 fnt
|faint|p2a: Basculegion
|
|-weather|RainDance|[upkeep]
|-heal|p1a: Metagross|22/100|[from] Grassy Terrain
|-fieldend|move: Grassy Terrain
|upkeep
|
|t:|1756559080
|switch|p2a: Rillaboom|Rillaboom, L50, M|60/100
|-fieldstart|move: Grassy Terrain|[from] ability: Grassy Surge|[of] p2a: Rillaboom
|turn|6
|
|t:|1756559104
|switch|p1a: Incineroar|Incineroar, L50, F, tera:Ghost|50/100
|-ability|p1a: Incineroar|Intimidate|boost
|-unboost|p2a: Rillaboom|atk|1
|-unboost|p2b: Pelipper|atk|1
|move|p2a: Rillaboom|Grassy Glide|p1a: Incineroar
|-damage|p1a: Incineroar|19/100
|move|p1b: Sneasler|Dire Claw|p2a: Rillaboom
|-supereffective|p2a: Rillaboom
|-damage|p2a: Rillaboom|0 fnt
|faint|p2a: Rillaboom
|move|p2b: Pelipper|Hurricane|p1b: Sneasler
|-supereffective|p1b: Sneasler
|-enditem|p1b: Sneasler|Focus Sash
|-damage|p1b: Sneasler|1/100
|
|-weather|RainDance|[upkeep]
|-heal|p1b: Sneasler|7/100|[from] Grassy Terrain
|-heal|p1a: Incineroar|25/100|[from] Grassy Terrain
|upkeep
|turn|7
|
|t:|1756559124
|move|p2b: Pelipper|Protect|p2b: Pelipper
|-singleturn|p2b: Pelipper|Protect
|move|p1a: Incineroar|Fake Out|p2b: Pelipper
|-activate|p2b: Pelipper|move: Protect
|move|p1b: Sneasler|Dire Claw|p2b: Pelipper
|-activate|p2b: Pelipper|move: Protect
|
|-weather|RainDance|[upkeep]
|-heal|p1b: Sneasler|13/100|[from] Grassy Terrain
|-heal|p1a: Incineroar|31/100|[from] Grassy Terrain
|upkeep
|turn|8
|
|t:|1756559134
|switch|p1a: Metagross|Metagross, L50|22/100
|move|p1b: Sneasler|Dire Claw|p2b: Pelipper
|-damage|p2b: Pelipper|45/100
|move|p2b: Pelipper|Weather Ball|p1b: Sneasler
|-crit|p1b: Sneasler
|-damage|p1b: Sneasler|0 fnt
|faint|p1b: Sneasler
|
|-weather|RainDance|[upkeep]
|-heal|p1a: Metagross|28/100|[from] Grassy Terrain
|upkeep
|
|t:|1756559141
|switch|p1b: Incineroar|Incineroar, L50, F, tera:Ghost|31/100
|-ability|p1b: Incineroar|Intimidate|boost
|-unboost|p2b: Pelipper|atk|1
|turn|9
|
|t:|1756559152
|move|p2b: Pelipper|Protect|p2b: Pelipper
|-singleturn|p2b: Pelipper|Protect
|move|p1b: Incineroar|Fake Out|p2b: Pelipper
|-activate|p2b: Pelipper|move: Protect
|move|p1a: Metagross|Psychic Fangs|p2b: Pelipper
|-activate|p2b: Pelipper|move: Protect
|
|-weather|none
|-heal|p1a: Metagross|34/100|[from] Grassy Terrain
|-heal|p1b: Incineroar|37/100|[from] Grassy Terrain
|upkeep
|turn|10
|
|t:|1756559159
|move|p2b: Pelipper|Hurricane|p1a: Metagross
|-resisted|p1a: Metagross
|-damage|p1a: Metagross|19/100
|-start|p1a: Metagross|confusion
|-activate|p1a: Metagross|confusion
|-damage|p1a: Metagross|6/100|[from] confusion
|move|p1b: Incineroar|Flare Blitz|p2b: Pelipper
|-resisted|p2b: Pelipper
|-damage|p2b: Pelipper|14/100
|-damage|p1b: Incineroar|30/100|[from] Recoil
|
|-heal|p1a: Metagross|12/100|[from] Grassy Terrain
|-heal|p1b: Incineroar|36/100|[from] Grassy Terrain
|-fieldend|move: Grassy Terrain
|upkeep
|turn|11
|
|t:|1756559174
|-activate|p1a: Metagross|confusion
|move|p1a: Metagross|Bullet Punch|p2b: Pelipper
|-resisted|p2b: Pelipper
|-damage|p2b: Pelipper|0 fnt
|faint|p2b: Pelipper
|
|win|Not Rain
||Nacos is ready for game 2.
||Not Rain is ready for game 2.
|uhtml|next|Next: Game 2 of 3
|l|☆Nacos
|player|p2|
