|j|☆Leyonoy3wxy4
|j|☆lauriachad
|html|Leyonoy3wxy4lauriachad    
|uhtml|bestof|Game 1 of a best-of-3
|t:|1782480770
|gametype|doubles
|player|p1|Leyonoy3wxy4|cynthia|1000
|player|p2|lauriachad|169|1045
|gen|9
|tier|[Gen 9 Champions] VGC 2026 Reg M-B (Bo3)
|rated|
|rule|Species Clause: Limit one of each Pokémon
|rule|Item Clause: Limit 1 of each item
|clearpoke
|poke|p1|Goodra-Hisui, L50, F|
|poke|p1|Staraptor, L50, F|
|poke|p1|Incineroar, L50, M|
|poke|p1|Zoroark-Hisui, L50, F|
|poke|p1|Meowscarada, L50, F|
|poke|p1|Sneasler, L50, F|
|poke|p2|Aggron, L50, M|
|poke|p2|Farigiraf, L50, F|
|poke|p2|Torkoal, L50, F|
|poke|p2|Sinistcha, L50|
|poke|p2|Basculegion, L50, M|
|poke|p2|Sneasler, L50, M|
|teampreview|4
|showteam|p1|Goodra-Hisui||Leftovers|Gooey|BreakingSwipe,SludgeWave,LifeDew,Protect|Relaxed||F|||50|]Staraptor||Staraptite|Intimidate|BraveBird,CloseCombat,Protect,Roost|Jolly||F|||50|]Incineroar||SitrusBerry|Intimidate|DarkestLariat,FakeOut,FlareBlitz,PartingShot|Impish||M|||50|]Zoroark-Hisui||LifeOrb|Illusion|BitterMalice,IcyWind,FoulPlay,HyperVoice|Serious||F|||50|]Meowscarada||FocusSash|Protean|FlowerTrick,PlayRough,Uturn,KnockOff|Adamant||F|||50|]Sneasler||WhiteHerb|Unburden|CloseCombat,DireClaw,Protect,FakeOut|Adamant||F|||50|
|showteam|p2|Aggron||Aggronite|Sturdy|IronDefense,IronHead,Protect,BodySlam|Brave||M|||50|]Farigiraf||SitrusBerry|ArmorTail|TrickRoom,Psychic,HelpingHand,Protect|Bold||F|||50|]Torkoal||Charcoal|Drought|Protect,HeatWave,WeatherBall,Eruption|Quiet||F|||50|]Sinistcha||KasibBerry|Hospitality|MatchaGotcha,LifeDew,TrickRoom,RagePowder|Bold|||||50|]Basculegion||MysticWater|Adaptability|FlipTurn,WaveCrash,LastRespects,Protect|Naive||M|||50|]Sneasler||WhiteHerb|Unburden|CloseCombat,Protect,DireClaw,FakeOut|Jolly||M|||50|
|
|t:|1782480808
|teamsize|p1|4
|teamsize|p2|4
|start
|switch|p1a: Incineroar|Incineroar, L50, M|100/100
|switch|p1b: Goodra|Goodra-Hisui, L50, F|100/100
|switch|p2a: Farigiraf|Farigiraf, L50, F|100/100
|switch|p2b: Torkoal|Torkoal, L50, F|100/100
|-ability|p1a: Incineroar|Intimidate|boost
|-unboost|p2a: Farigiraf|atk|1
|-unboost|p2b: Torkoal|atk|1
|-weather|SunnyDay|[from] ability: Drought|[of] p2b: Torkoal
|turn|1
|
|t:|1782480825
|move|p2b: Torkoal|Protect|p2b: Torkoal
|-singleturn|p2b: Torkoal|Protect
|move|p1a: Incineroar|Darkest Lariat|p2a: Farigiraf
|-supereffective|p2a: Farigiraf|1
|-damage|p2a: Farigiraf|56/100
|move|p1b: Goodra|Breaking Swipe|p2b: Torkoal|[spread] p2a
|-activate|p2b: Torkoal|move: Protect
|-damage|p2a: Farigiraf|45/100
|-unboost|p2a: Farigiraf|atk|1
|-enditem|p2a: Farigiraf|Sitrus Berry|[eat]
|-heal|p2a: Farigiraf|70/100|[from] item: Sitrus Berry
|move|p2a: Farigiraf|Trick Room|p2a: Farigiraf
|-fieldstart|move: Trick Room|[of] p2a: Farigiraf
|
|-weather|SunnyDay|[upkeep]
|upkeep
|turn|2
|
|t:|1782480848
|move|p2a: Farigiraf|Helping Hand|p2b: Torkoal
|-singleturn|p2b: Torkoal|Helping Hand|[of] p2a: Farigiraf
|move|p2b: Torkoal|Eruption|p1a: Incineroar|[spread] p1a,p1b
|-resisted|p1a: Incineroar|1
|-damage|p1a: Incineroar|32/100
|-damage|p1b: Goodra|19/100
|-enditem|p1a: Incineroar|Sitrus Berry|[eat]
|-heal|p1a: Incineroar|57/100|[from] item: Sitrus Berry
|move|p1b: Goodra|Sludge Wave|p2b: Torkoal|[spread] p1a,p2a,p2b
|-damage|p1a: Incineroar|40/100
|-damage|p2a: Farigiraf|52/100
|-damage|p2b: Torkoal|70/100
|move|p1a: Incineroar|Parting Shot|p2b: Torkoal
|-unboost|p2b: Torkoal|atk|1
|-unboost|p2b: Torkoal|spa|1
|
|t:|1782480868
|switch|p1a: Staraptor|Staraptor, L50, F|100/100|[from] Parting Shot
|-ability|p1a: Staraptor|Intimidate|boost
|-unboost|p2a: Farigiraf|atk|1
|-unboost|p2b: Torkoal|atk|1
|
|-weather|SunnyDay|[upkeep]
|-heal|p1b: Goodra|25/100|[from] item: Leftovers
|upkeep
|turn|3
|
|t:|1782480885
|move|p2a: Farigiraf|Helping Hand|p2b: Torkoal
|-singleturn|p2b: Torkoal|Helping Hand|[of] p2a: Farigiraf
|move|p1a: Staraptor|Protect|p1a: Staraptor
|-singleturn|p1a: Staraptor|Protect
|move|p2b: Torkoal|Heat Wave|p1b: Goodra|[spread] p1b
|-activate|p1a: Staraptor|move: Protect
|-damage|p1b: Goodra|0 fnt
|faint|p1b: Goodra
|
|-weather|SunnyDay|[upkeep]
|upkeep
|
|t:|1782480897
|switch|p1b: Meowscarada|Meowscarada, L50, F|100/100
|turn|4
|
|t:|1782480924
|switch|p2a: Sinistcha|Sinistcha, L50|100/100
|-heal|p2b: Torkoal|95/100|[from] ability: Hospitality|[of] p2a: Sinistcha
|detailschange|p1a: Staraptor|Staraptor-Mega, L50, F
|-mega|p1a: Staraptor|Staraptor|Staraptite
|move|p2b: Torkoal|Eruption|p1b: Meowscarada|[spread] p1a,p1b
|-supereffective|p1b: Meowscarada|1
|-damage|p1a: Staraptor|31/100
|-enditem|p1b: Meowscarada|Focus Sash
|-damage|p1b: Meowscarada|1/100
|move|p1b: Meowscarada|U-turn|p2b: Torkoal
|-start|p1b: Meowscarada|typechange|Bug|[from] ability: Protean
|-resisted|p2b: Torkoal|1
|-damage|p2b: Torkoal|80/100
|
|t:|1782480941
|switch|p1b: Incineroar|Incineroar, L50, M|40/100|[from] U-turn
|-ability|p1b: Incineroar|Intimidate|boost
|-unboost|p2a: Sinistcha|atk|1
|-unboost|p2b: Torkoal|atk|1
|move|p1a: Staraptor|Close Combat|p2a: Sinistcha
|-immune|p2a: Sinistcha
|
|-weather|SunnyDay|[upkeep]
|upkeep
|turn|5
|
|t:|1782480958
|move|p1b: Incineroar|Fake Out|p2a: Sinistcha
|-immune|p2a: Sinistcha
|move|p2b: Torkoal|Eruption|p1b: Incineroar|[spread] p1a,p1b
|-resisted|p1b: Incineroar|1
|-damage|p1a: Staraptor|0 fnt
|-damage|p1b: Incineroar|18/100
|faint|p1a: Staraptor
|move|p2a: Sinistcha|Life Dew||[still]|[spread] p2a,p2b
|-fail|p2a: Sinistcha|heal
|-heal|p2b: Torkoal|100/100
|
|-weather|none
|-fieldend|move: Trick Room
|upkeep
|inactive|Battle timer is ON: inactive players will automatically lose when time's up. (requested by lauriachad)
|l|☆Leyonoy3wxy4
|inactive|Leyonoy3wxy4 disconnected and has a minute to reconnect!
|player|p1|
|inactive|Leyonoy3wxy4 has 30 seconds to reconnect!
|inactive|Leyonoy3wxy4 has 20 seconds to reconnect!
|c|☆lauriachad|Bora
|inactive|Leyonoy3wxy4 has 15 seconds to reconnect!
|inactive|Leyonoy3wxy4 has 10 seconds to reconnect!
|inactive|Leyonoy3wxy4 has 5 seconds to reconnect!
|-message|Leyonoy3wxy4 lost due to inactivity.
|
|win|lauriachad
|raw|Leyonoy3wxy4's rating: 1000 → 1000(+0 for losing)
|raw|lauriachad's rating: 1045 → 1074(+29 for winning)
