|j|☆gluttorn
|j|☆Mihihusuzu
|html|gluttornMihihusuzu    
|uhtml|bestof|Game 1 of a best-of-3
|t:|1782461607
|gametype|doubles
|player|p1|gluttorn|266|1099
|player|p2|Mihihusuzu|dawn|1143
|gen|9
|tier|[Gen 9 Champions] VGC 2026 Reg M-B (Bo3)
|rated|
|rule|Species Clause: Limit one of each Pokémon
|rule|Item Clause: Limit 1 of each item
|clearpoke
|poke|p1|Scrafty, L50, M|
|poke|p1|Torkoal, L50, M|
|poke|p1|Farigiraf, L50, F|
|poke|p1|Hatterene, L50, F|
|poke|p1|Vileplume, L50, M|
|poke|p1|Archaludon, L50, M|
|poke|p2|Whimsicott, L50, F, shiny|
|poke|p2|Typhlosion-Hisui, L50, F|
|poke|p2|Incineroar, L50, M, shiny|
|poke|p2|Primarina, L50, F, shiny|
|poke|p2|Farigiraf, L50, M|
|poke|p2|Crabominable, L50, M|
|teampreview|4
|showteam|p1|Scrafty||Scraftinite|Intimidate|FakeOut,KnockOff,DrainPunch,RockSlide|Brave||M|||50|]Torkoal||Charcoal|Drought|EarthPower,HeatWave,Eruption,Protect|Quiet||M|||50|]Farigiraf||MentalHerb|ArmorTail|Protect,HelpingHand,TrickRoom,Psychic|Calm||F|||50|]Hatterene||LifeOrb|MagicBounce|DazzlingGleam,Psychic,TrickRoom,Protect|Modest||F|||50|]Vileplume||FocusSash|Chlorophyll|AfterYou,Protect,EnergyBall,SludgeBomb|Timid||M|||50|]Archaludon||ChoiceScarf|Sturdy|Thunderbolt,DragonPulse,FlashCannon,SolarBeam|Timid||M|||50|
|showteam|p2|Whimsicott||FocusSash|Prankster|SunnyDay,Encore,TrickRoom,FakeTears|Timid||F|||50|]Typhlosion-Hisui||Charcoal|Blaze|Eruption,ShadowBall,HeatWave,Protect|Modest||F|||50|]Incineroar||PasshoBerry|Intimidate|PartingShot,FakeOut,Protect,FlareBlitz|Careful||M|||50|]Primarina||MysticWater|LiquidVoice|HyperVoice,Moonblast,Protect,CalmMind|Modest||F|||50|]Farigiraf||SitrusBerry|ArmorTail|TrickRoom,Psychic,Protect,HelpingHand|Sassy||M|||50|]Crabominable||Crabominite|HyperCutter|Crabhammer,IceHammer,DrainPunch,Protect|Adamant||M|||50|
|
|t:|1782461657
|teamsize|p1|4
|teamsize|p2|4
|start
|switch|p1a: Scrafty|Scrafty, L50, M|100/100
|switch|p1b: Farigiraf|Farigiraf, L50, F|100/100
|switch|p2a: Typhlosion|Typhlosion-Hisui, L50, F|100/100
|switch|p2b: Primarina|Primarina, L50, F, shiny|100/100
|-ability|p1a: Scrafty|Intimidate|boost
|-unboost|p2a: Typhlosion|atk|1
|-unboost|p2b: Primarina|atk|1
|turn|1
|
|t:|1782461702
|switch|p2b: Farigiraf|Farigiraf, L50, M|100/100
|move|p1a: Scrafty|Fake Out||[still]
|cant|p2b: Farigiraf|ability: Armor Tail|Fake Out|[of] p1a: Scrafty
|move|p2a: Typhlosion|Eruption|p1a: Scrafty|[spread] p1a,p1b
|-damage|p1a: Scrafty|40/100
|-damage|p1b: Farigiraf|45/100
|move|p1b: Farigiraf|Trick Room|p1b: Farigiraf
|-fieldstart|move: Trick Room|[of] p1b: Farigiraf
|
|upkeep
|turn|2
|
|t:|1782461742
|detailschange|p1a: Scrafty|Scrafty-Mega, L50, M
|-mega|p1a: Scrafty|Scrafty|Scraftinite
|-ability|p1a: Scrafty|Intimidate|boost
|-unboost|p2a: Typhlosion|atk|1
|-unboost|p2b: Farigiraf|atk|1
|move|p1b: Farigiraf|Protect|p1b: Farigiraf
|-singleturn|p1b: Farigiraf|Protect
|move|p2a: Typhlosion|Protect|p2a: Typhlosion
|-singleturn|p2a: Typhlosion|Protect
|move|p1a: Scrafty|Knock Off|p2b: Farigiraf
|-supereffective|p2b: Farigiraf|1
|-damage|p2b: Farigiraf|1/100
|-enditem|p2b: Farigiraf|Sitrus Berry|[from] move: Knock Off|[of] p1a: Scrafty
|move|p2b: Farigiraf|Trick Room|p2b: Farigiraf
|-fieldend|move: Trick Room
|
|upkeep
|turn|3
|
|t:|1782461775
|move|p1b: Farigiraf|Helping Hand|p1a: Scrafty
|-singleturn|p1a: Scrafty|Helping Hand|[of] p1b: Farigiraf
|move|p2b: Farigiraf|Helping Hand|p2a: Typhlosion
|-singleturn|p2a: Typhlosion|Helping Hand|[of] p2b: Farigiraf
|move|p2a: Typhlosion|Eruption|p1a: Scrafty|[spread] p1a,p1b
|-damage|p1a: Scrafty|0 fnt
|-damage|p1b: Farigiraf|0 fnt
|faint|p1a: Scrafty
|faint|p1b: Farigiraf
|
|upkeep
|
|t:|1782461787
|switch|p1b: Torkoal|Torkoal, L50, M|100/100
|switch|p1a: Vileplume|Vileplume, L50, M|100/100
|-weather|SunnyDay|[from] ability: Drought|[of] p1b: Torkoal
|turn|4
|inactive|Battle timer is ON: inactive players will automatically lose when time's up. (requested by gluttorn)
|
|t:|1782461883
|move|p2b: Farigiraf|Helping Hand|p2a: Typhlosion
|-singleturn|p2a: Typhlosion|Helping Hand|[of] p2b: Farigiraf
|move|p1a: Vileplume|After You|p1b: Torkoal
|-activate|p1b: Torkoal|move: After You
|move|p1b: Torkoal|Eruption|p2a: Typhlosion|[spread] p2a,p2b
|-resisted|p2a: Typhlosion|1
|-damage|p2a: Typhlosion|38/100
|-damage|p2b: Farigiraf|0 fnt
|faint|p2b: Farigiraf
|move|p2a: Typhlosion|Shadow Ball|p1b: Torkoal
|-damage|p1b: Torkoal|19/100
|
|-weather|SunnyDay|[upkeep]
|upkeep
|
|t:|1782461897
|switch|p2b: Crabominable|Crabominable, L50, M|100/100
|turn|5
|inactive|Mihihusuzu has 30 seconds left.
|inactive|Mihihusuzu has 20 seconds left.
|inactive|Mihihusuzu has 15 seconds left.
|inactive|Mihihusuzu has 10 seconds left.
|inactive|Mihihusuzu has 5 seconds left.
|
|t:|1782461951
|detailschange|p2b: Crabominable|Crabominable-Mega, L50, M
|-mega|p2b: Crabominable|Crabominable|Crabominite
|move|p2b: Crabominable|Protect|p2b: Crabominable
|-singleturn|p2b: Crabominable|Protect
|move|p1a: Vileplume|Sludge Bomb|p2a: Typhlosion
|-resisted|p2a: Typhlosion|1
|-damage|p2a: Typhlosion|12/100
|-status|p2a: Typhlosion|psn
|move|p2a: Typhlosion|Heat Wave|p1b: Torkoal|[spread] p1a,p1b
|-supereffective|p1a: Vileplume|1
|-resisted|p1b: Torkoal|1
|-enditem|p1a: Vileplume|Focus Sash
|-damage|p1a: Vileplume|1/100
|-damage|p1b: Torkoal|0 fnt
|faint|p1b: Torkoal
|
|-weather|SunnyDay|[upkeep]
|-damage|p2a: Typhlosion|0 fnt|[from] psn
|faint|p2a: Typhlosion
|upkeep
|
|t:|1782461965
|switch|p2a: Primarina|Primarina, L50, F, shiny|100/100
|turn|6
|
|t:|1782461972
|move|p1a: Vileplume|Energy Ball|p2a: Primarina
|-supereffective|p2a: Primarina|1
|-damage|p2a: Primarina|34/100
|move|p2a: Primarina|Hyper Voice|p1a: Vileplume
|-resisted|p1a: Vileplume|1
|-damage|p1a: Vileplume|0 fnt
|faint|p1a: Vileplume
|
|win|Mihihusuzu
||Mihihusuzu is ready for game 2.
|l|☆Mihihusuzu
|player|p2|
|inactive|gluttorn has 30 seconds to confirm battle start!
