|j|☆imonx6pace!
|j|☆C.blaze
|html|imonx6pace!C.blaze    
|uhtml|bestof|Game 3 of a best-of-3
|t:|1784603536
|gametype|doubles
|player|p1|imonx6pace!|rocketgrunt|1099
|player|p2|C.blaze|102|1211
|gen|9
|tier|[Gen 9 Champions] VGC 2026 Reg M-B (Bo3)
|rated|
|rule|Species Clause: Limit one of each Pokémon
|rule|Item Clause: Limit 1 of each item
|clearpoke
|poke|p1|Delphox, L50, F|
|poke|p1|Sinistcha, L50|
|poke|p1|Incineroar, L50, M|
|poke|p1|Basculegion, L50, M|
|poke|p1|Kingambit, L50, M|
|poke|p1|Maushold-Four, L50|
|poke|p2|Malamar, L50, F|
|poke|p2|Garchomp, L50, F|
|poke|p2|Charizard, L50, M|
|poke|p2|Incineroar, L50, F|
|poke|p2|Primarina, L50, M|
|poke|p2|Glimmora, L50, M|
|teampreview|4
|showteam|p1|Delphox||Delphoxite|Blaze|NastyPlot,HeatWave,Psyshock,Protect|Timid||F|||50|]Sinistcha||SitrusBerry|Hospitality|MatchaGotcha,RagePowder,LifeDew,TrickRoom|Calm|||||50|]Incineroar||ShucaBerry|Intimidate|FakeOut,FlareBlitz,ThroatChop,PartingShot|Careful||M|||50|]Basculegion||ChoiceScarf|Adaptability|FlipTurn,WaveCrash,AquaJet,LastRespects|Jolly||M|||50|]Kingambit||BlackGlasses|Defiant|KowtowCleave,SuckerPunch,LowKick,Protect|Adamant||M|||50|]Maushold-Four||FocusSash|FriendGuard|FollowMe,Taunt,SuperFang,Protect|Timid|||||50|
|showteam|p2|Malamar||Malamarite|Contrary|Superpower,KnockOff,Protect,TrickRoom|Adamant||F|||50|]Garchomp||LifeOrb|SandVeil|StompingTantrum,DragonClaw,Protect,RockSlide|Jolly||F|||50|]Charizard||CharizarditeY|Blaze|HeatWave,WeatherBall,Protect,SolarBeam|Timid||M|||50|]Incineroar||ChopleBerry|Intimidate|FlareBlitz,ThroatChop,PartingShot,FakeOut|Brave||F|||50|]Primarina||Leftovers|LiquidVoice|HyperVoice,Moonblast,Protect,Haze|Modest||M|||50|]Glimmora||FocusSash|ToxicDebris|SludgeBomb,PowerGem,SpikyShield,EarthPower|Timid||M|||50|
|inactive|Battle timer is ON: inactive players will automatically lose when time's up. (requested by imonx6pace!)
|inactive|C.blaze has 60 seconds left.
|inactive|C.blaze has 30 seconds left.
|
|t:|1784603611
|teamsize|p1|4
|teamsize|p2|4
|start
|switch|p1a: Kingambit|Kingambit, L50, M|100/100
|switch|p1b: Maushold|Maushold-Four, L50|100/100
|switch|p2a: Malamar|Malamar, L50, F|100/100
|switch|p2b: Charizard|Charizard, L50, M|100/100
|turn|1
|
|t:|1784603632
|detailschange|p2a: Malamar|Malamar-Mega, L50, F
|-mega|p2a: Malamar|Malamar|Malamarite
|move|p1a: Kingambit|Protect|p1a: Kingambit
|-singleturn|p1a: Kingambit|Protect
|move|p1b: Maushold|Taunt|p2a: Malamar
|-start|p2a: Malamar|move: Taunt
|move|p2b: Charizard|Heat Wave|p1b: Maushold|[spread] p1b
|-activate|p1a: Kingambit|move: Protect
|-damage|p1b: Maushold|59/100
|cant|p2a: Malamar|move: Taunt|Trick Room
|
|upkeep
|turn|2
|inactive|imonx6pace! has 30 seconds left.
|
|t:|1784603657
|switch|p1a: Incineroar|Incineroar, L50, M|100/100
|-ability|p1a: Incineroar|Intimidate|boost
|-boost|p2a: Malamar|atk|1
|-unboost|p2b: Charizard|atk|1
|move|p1b: Maushold|Super Fang|p2b: Charizard
|-damage|p2b: Charizard|50/100g
|move|p2b: Charizard|Heat Wave|p1b: Maushold|[spread] p1a,p1b
|-resisted|p1a: Incineroar|1
|-damage|p1a: Incineroar|90/100
|-damage|p1b: Maushold|17/100
|move|p2a: Malamar|Superpower|p1a: Incineroar
|-supereffective|p1a: Incineroar|1
|-damage|p1a: Incineroar|24/100
|-boost|p2a: Malamar|atk|1
|-boost|p2a: Malamar|def|1
|
|upkeep
|turn|3
|
|t:|1784603678
|move|p1b: Maushold|Super Fang|p2a: Malamar
|-damage|p2a: Malamar|50/100g
|move|p2b: Charizard|Heat Wave|p1b: Maushold|[spread] p1a,p1b
|-resisted|p1a: Incineroar|1
|-damage|p1a: Incineroar|14/100
|-damage|p1b: Maushold|0 fnt
|faint|p1b: Maushold
|move|p2a: Malamar|Superpower|p1a: Incineroar
|-supereffective|p1a: Incineroar|1
|-damage|p1a: Incineroar|0 fnt
|-boost|p2a: Malamar|atk|1
|-boost|p2a: Malamar|def|1
|faint|p1a: Incineroar
|
|-end|p2a: Malamar|move: Taunt
|upkeep
|
|t:|1784603687
|switch|p1b: Kingambit|Kingambit, L50, M|100/100
|switch|p1a: Delphox|Delphox, L50, F|100/100
|turn|4
|inactive|C.blaze has 30 seconds left.
|inactive|C.blaze has 20 seconds left.
|inactive|C.blaze has 15 seconds left.
|inactive|C.blaze has 10 seconds left.
|
|t:|1784603733
|detailschange|p1a: Delphox|Delphox-Mega, L50, F
|-mega|p1a: Delphox|Delphox|Delphoxite
|move|p1b: Kingambit|Sucker Punch|p2b: Charizard
|-damage|p2b: Charizard|0 fnt
|faint|p2b: Charizard
|move|p1a: Delphox|Heat Wave|p2a: Malamar
|-damage|p2a: Malamar|2/100
|move|p2a: Malamar|Trick Room|p2a: Malamar
|-fieldstart|move: Trick Room|[of] p2a: Malamar
|
|upkeep
|
|t:|1784603744
|switch|p2b: Primarina|Primarina, L50, M|100/100
|turn|5
|inactive|C.blaze has 30 seconds left.
|
|t:|1784603777
|move|p1b: Kingambit|Sucker Punch|p2a: Malamar
|-damage|p2a: Malamar|0 fnt
|faint|p2a: Malamar
|move|p2b: Primarina|Hyper Voice|p1b: Kingambit|[spread] p1a,p1b
|-supereffective|p1a: Delphox|1
|-damage|p1a: Delphox|26/100
|-damage|p1b: Kingambit|64/100
|move|p1a: Delphox|Psyshock|p2b: Primarina
|-damage|p2b: Primarina|41/100
|
|-heal|p2b: Primarina|47/100|[from] item: Leftovers
|upkeep
|
|t:|1784603784
|switch|p2a: Glimmora|Glimmora, L50, M|100/100
|turn|6
|
|t:|1784603802
|move|p1a: Delphox|Protect|p1a: Delphox
|-singleturn|p1a: Delphox|Protect
|move|p1b: Kingambit|Low Kick|p2a: Glimmora
|-damage|p2a: Glimmora|71/100
|-activate|p2a: Glimmora|ability: Toxic Debris
|-sidestart|p1: imonx6pace!|move: Toxic Spikes
|move|p2b: Primarina|Hyper Voice|p1a: Delphox|[spread] p1b
|-activate|p1a: Delphox|move: Protect
|-damage|p1b: Kingambit|30/100
|move|p2a: Glimmora|Earth Power|p1b: Kingambit
|-supereffective|p1b: Kingambit|1
|-damage|p1b: Kingambit|0 fnt
|faint|p1b: Kingambit
|
|-heal|p2b: Primarina|53/100|[from] item: Leftovers
|upkeep
|turn|7
|-message|imonx6pace! forfeited.
|
|win|C.blaze
|raw|imonx6pace!'s rating: 1099 → 1082(-17 for losing)
|raw|C.blaze's rating: 1211 → 1228(+17 for winning)
