|j|☆hugoantelo
|j|☆Refanner
|html|hugoanteloRefanner    
|uhtml|bestof|Game 1 of a best-of-3
|t:|1782739717
|gametype|doubles
|player|p1|hugoantelo|karen|1071
|player|p2|Refanner|102|1102
|gen|9
|tier|[Gen 9 Champions] VGC 2026 Reg M-B (Bo3)
|rated|
|rule|Species Clause: Limit one of each Pokémon
|rule|Item Clause: Limit 1 of each item
|clearpoke
|poke|p1|Pyroar, L50, M|
|poke|p1|Floette-Eternal, L50, F|
|poke|p1|Ninetales, L50, F, shiny|
|poke|p1|Farigiraf, L50, M|
|poke|p1|Basculegion, L50, M|
|poke|p1|Whimsicott, L50, F, shiny|
|poke|p2|Staraptor, L50, F|
|poke|p2|Raichu, L50, F|
|poke|p2|Sinistcha-Masterpiece, L50|
|poke|p2|Incineroar, L50, F|
|poke|p2|Metagross, L50|
|poke|p2|Hydreigon, L50, F|
|teampreview|4
|showteam|p1|Pyroar||Pyroarite|Unnerve|Protect,Overheat,SolarBeam,HeatWave|Modest||M|||50|]Floette-Eternal||Floettite|FlowerVeil|LightofRuin,DazzlingGleam,Moonblast,Protect|Modest||F|||50|]Ninetales||ChoiceScarf|Drought|FakeTears,Overheat,HeatWave,SolarBeam|Modest||F|||50|]Farigiraf||SitrusBerry|ArmorTail|TwinBeam,HelpingHand,TrickRoom,Thunderbolt|Bold||M|||50|]Basculegion||LifeOrb|Adaptability|AquaJet,LastRespects,WaveCrash,Protect|Adamant||M|||50|]Whimsicott||FocusSash|Prankster|SunnyDay,Moonblast,Protect,Tailwind|Modest||F|||50|
|showteam|p2|Staraptor||Staraptite|Intimidate|CloseCombat,BraveBird,Roost,Protect|Adamant||F|||50|]Raichu||RaichuniteX|LightningRod|VoltTackle,VoltSwitch,PlayRough,FakeOut|Hasty||F|||50|]Sinistcha-Masterpiece||KasibBerry|Hospitality|MatchaGotcha,RagePowder,TrickRoom,Protect|Bold|||||50|]Incineroar||SitrusBerry|Intimidate|FlareBlitz,FakeOut,DarkestLariat,PartingShot|Adamant||F|||50|]Metagross||MetalCoat|ClearBody|IronHead,PsychicFangs,StompingTantrum,Protect|Adamant|||||50|]Hydreigon||ChoiceScarf|Levitate|DarkPulse,Snarl,DracoMeteor,EarthPower|Timid||F|||50|
|inactive|Battle timer is ON: inactive players will automatically lose when time's up. (requested by hugoantelo)
|inactive|Refanner has 60 seconds left.
|
|t:|1782739774
|teamsize|p1|4
|teamsize|p2|4
|start
|switch|p1a: Floette|Floette-Eternal, L50, F|100/100
|switch|p1b: Whimsicott|Whimsicott, L50, F, shiny|100/100
|switch|p2a: Metagross|Metagross, L50|100/100
|switch|p2b: Incineroar|Incineroar, L50, F|100/100
|-ability|p2b: Incineroar|Intimidate|boost
|-unboost|p1a: Floette|atk|1
|-block|p1b: Whimsicott|ability: Flower Veil|[of] p1a: Floette
|turn|1
|inactive|Refanner has 30 seconds left.
|inactive|Refanner has 20 seconds left.
|inactive|Refanner has 15 seconds left.
|inactive|Refanner has 10 seconds left.
|
|t:|1782739823
|switch|p1a: Ninetales|Ninetales, L50, F, shiny|100/100
|-weather|SunnyDay|[from] ability: Drought|[of] p1a: Ninetales
|move|p2b: Incineroar|Fake Out|p1a: Ninetales
|-damage|p1a: Ninetales|80/100
|move|p1b: Whimsicott|Tailwind|p1b: Whimsicott
|-sidestart|p1: hugoantelo|move: Tailwind
|move|p2a: Metagross|Iron Head|p1a: Ninetales
|-resisted|p1a: Ninetales|1
|-damage|p1a: Ninetales|35/100
|
|-weather|SunnyDay|[upkeep]
|upkeep
|turn|2
|inactive|Refanner has 30 seconds left.
|inactive|Refanner has 20 seconds left.
|
|t:|1782739862
|switch|p2a: Staraptor|Staraptor, L50, F|100/100
|-ability|p2a: Staraptor|Intimidate|boost
|-unboost|p1a: Ninetales|atk|1
|-unboost|p1b: Whimsicott|atk|1
|move|p1a: Ninetales|Overheat|p2a: Staraptor
|-crit|p2a: Staraptor
|-damage|p2a: Staraptor|0 fnt
|-unboost|p1a: Ninetales|spa|2
|faint|p2a: Staraptor
|move|p1b: Whimsicott|Moonblast|p2b: Incineroar
|-damage|p2b: Incineroar|70/100
|move|p2b: Incineroar|Parting Shot|p1a: Ninetales
|-unboost|p1a: Ninetales|atk|1
|-unboost|p1a: Ninetales|spa|1
|
|t:|1782739882
|switch|p2b: Metagross|Metagross, L50|100/100|[from] Parting Shot
|
|-weather|SunnyDay|[upkeep]
|upkeep
|
|t:|1782739888
|switch|p2a: Incineroar|Incineroar, L50, F|70/100
|-ability|p2a: Incineroar|Intimidate|boost
|-unboost|p1a: Ninetales|atk|1
|-unboost|p1b: Whimsicott|atk|1
|turn|3
|
|t:|1782739912
|switch|p1a: Basculegion|Basculegion, L50, M|100/100
|move|p2a: Incineroar|Fake Out|p1b: Whimsicott
|-damage|p1b: Whimsicott|78/100
|cant|p1b: Whimsicott|flinch
|move|p2b: Metagross|Iron Head|p1a: Basculegion
|-resisted|p1a: Basculegion|1
|-damage|p1a: Basculegion|63/100
|
|-weather|SunnyDay|[upkeep]
|upkeep
|turn|4
|inactive|Refanner has 30 seconds left.
|inactive|Refanner has 20 seconds left.
|inactive|Refanner has 15 seconds left.
|
|t:|1782739952
|switch|p2a: Sinistcha|Sinistcha-Masterpiece, L50|100/100
|move|p1a: Basculegion|Protect|p1a: Basculegion
|-singleturn|p1a: Basculegion|Protect
|move|p1b: Whimsicott|Moonblast|p2a: Sinistcha
|-damage|p2a: Sinistcha|64/100
|move|p2b: Metagross|Psychic Fangs|p1a: Basculegion
|-activate|p1a: Basculegion|move: Protect
|
|-weather|SunnyDay|[upkeep]
|-sideend|p1: hugoantelo|move: Tailwind
|upkeep
|turn|5
|
|t:|1782739970
|move|p2b: Metagross|Protect|p2b: Metagross
|-singleturn|p2b: Metagross|Protect
|move|p1b: Whimsicott|Moonblast|p2a: Sinistcha
|-damage|p2a: Sinistcha|28/100
|move|p1a: Basculegion|Last Respects|p2a: Sinistcha
|-supereffective|p2a: Sinistcha|1
|-enditem|p2a: Sinistcha|Kasib Berry|[eat]
|-enditem|p2a: Sinistcha|Kasib Berry|[weaken]
|-damage|p2a: Sinistcha|0 fnt
|faint|p2a: Sinistcha
|-damage|p1a: Basculegion|54/100|[from] item: Life Orb
|
|-weather|none
|upkeep
|
|t:|1782739977
|switch|p2a: Incineroar|Incineroar, L50, F|70/100
|-ability|p2a: Incineroar|Intimidate|boost
|-unboost|p1a: Basculegion|atk|1
|-unboost|p1b: Whimsicott|atk|1
|turn|6
|
|t:|1782739998
|move|p2a: Incineroar|Fake Out|p1b: Whimsicott
|-damage|p1b: Whimsicott|58/100
|cant|p1b: Whimsicott|flinch
|move|p1a: Basculegion|Wave Crash|p2a: Incineroar
|-supereffective|p2a: Incineroar|1
|-damage|p2a: Incineroar|0 fnt
|faint|p2a: Incineroar
|-damage|p1a: Basculegion|30/100|[from] Recoil
|-damage|p1a: Basculegion|20/100y|[from] item: Life Orb
|move|p2b: Metagross|Psychic Fangs|p1a: Basculegion
|-damage|p1a: Basculegion|0 fnt
|faint|p1a: Basculegion
|
|upkeep
|
|t:|1782740006
|switch|p1a: Ninetales|Ninetales, L50, F, shiny|35/100
|-weather|SunnyDay|[from] ability: Drought|[of] p1a: Ninetales
|turn|7
|-message|Refanner forfeited.
|
|win|hugoantelo
||Refanner is ready for game 2.
||hugoantelo is ready for game 2.
|uhtml|next|Next: Game 2 of 3
