|j|☆homerj71
|j|☆natty dice
|html|homerj71natty dice    
|uhtml|bestof|Game 1 of a best-of-3
|t:|1783188075
|gametype|doubles
|player|p1|homerj71|170|1190
|player|p2|natty dice|bugcatcher-gen4dp|1180
|gen|9
|tier|[Gen 9 Champions] VGC 2026 Reg M-B (Bo3)
|rated|
|rule|Species Clause: Limit one of each Pokémon
|rule|Item Clause: Limit 1 of each item
|clearpoke
|poke|p1|Delphox, L50, F|
|poke|p1|Sneasler, L50, F|
|poke|p1|Floette-Eternal, L50, F|
|poke|p1|Incineroar, L50, F|
|poke|p1|Kingambit, L50, F|
|poke|p1|Sinistcha, L50|
|poke|p2|Pyroar, L50, M|
|poke|p2|Whimsicott, L50, F|
|poke|p2|Annihilape, L50, M|
|poke|p2|Samurott-Hisui, L50, F|
|poke|p2|Dragonite, L50, F|
|poke|p2|Maushold, L50|
|teampreview|4
|showteam|p1|Delphox||Delphoxite|Blaze|Protect,Psyshock,HeatWave,NastyPlot|Timid||F|||50|]Sneasler||FocusSash|PoisonTouch|QuickGuard,CloseCombat,FakeOut,DireClaw|Jolly||F|||50|]Floette-Eternal||Floettite|FlowerVeil|Protect,DazzlingGleam,CalmMind,Moonblast|Timid||F|||50|]Incineroar||SitrusBerry|Intimidate|ThroatChop,FlareBlitz,PartingShot,FakeOut|Impish||F|||50|]Kingambit||BlackGlasses|Defiant|Protect,KowtowCleave,SuckerPunch,SwordsDance|Adamant||F|||50|]Sinistcha||KasibBerry|Hospitality|Protect,TrickRoom,MatchaGotcha,RagePowder|Relaxed|||||50|
|showteam|p2|Pyroar||Pyroarite|Unnerve|HeatWave,Protect,ScorchingSands,HyperVoice|Timid||M|||50|]Whimsicott||FocusSash|Prankster|SunnyDay,LeechSeed,LightScreen,DazzlingGleam|Timid||F|||50|]Annihilape||LifeOrb|InnerFocus|DrainPunch,BulkUp,RageFist,BrickBreak|Adamant||M|||50|]Samurott-Hisui||ChoiceScarf|Sharpness|CeaselessEdge,RazorShell,FlipTurn,KnockOff|Adamant||F|||50|]Dragonite||Leftovers|Multiscale|Earthquake,DragonDance,ExtremeSpeed,DragonClaw|Adamant||F|||50|]Maushold||SilkScarf|FriendGuard|TidyUp,PopulationBomb,HelpingHand,Taunt|Jolly|||||50|
|inactive|Battle timer is ON: inactive players will automatically lose when time's up. (requested by homerj71)
|inactive|homerj71 has 60 seconds left.
|
|t:|1783188109
|teamsize|p1|4
|teamsize|p2|4
|start
|switch|p1a: Floette|Floette-Eternal, L50, F|100/100
|switch|p1b: Incineroar|Incineroar, L50, F|100/100
|switch|p2a: Annihilape|Annihilape, L50, M|100/100
|switch|p2b: Dragonite|Dragonite, L50, F|100/100
|-ability|p1b: Incineroar|Intimidate|boost
|-fail|p2a: Annihilape|unboost|Attack|[from] ability: Inner Focus|[of] p2a: Annihilape
|-unboost|p2b: Dragonite|atk|1
|turn|1
|inactive|natty dice has 30 seconds left.
|inactive|natty dice has 20 seconds left.
|inactive|natty dice has 15 seconds left.
|inactive|natty dice has 10 seconds left.
|inactive|natty dice has 5 seconds left.
|
|t:|1783188164
|detailschange|p1a: Floette|Floette-Mega, L50, F
|-mega|p1a: Floette|Floette|Floettite
|-ability|p1a: Floette|Fairy Aura
|move|p1b: Incineroar|Fake Out|p2b: Dragonite
|-damage|p2b: Dragonite|94/100
|move|p1a: Floette|Moonblast|p2a: Annihilape
|-supereffective|p2a: Annihilape|1
|-damage|p2a: Annihilape|0 fnt
|faint|p2a: Annihilape
|cant|p2b: Dragonite|flinch
|
|-heal|p2b: Dragonite|100/100|[from] item: Leftovers
|upkeep
|
|t:|1783188169
|switch|p2a: Whimsicott|Whimsicott, L50, F|100/100
|turn|2
|
|t:|1783188189
|move|p2a: Whimsicott|Sunny Day|p2a: Whimsicott
|-weather|SunnyDay
|move|p1a: Floette|Dazzling Gleam|p2a: Whimsicott|[spread] p2a,p2b
|-supereffective|p2b: Dragonite|1
|-damage|p2a: Whimsicott|29/100
|-damage|p2b: Dragonite|54/100
|move|p2b: Dragonite|Dragon Dance|p2b: Dragonite
|-boost|p2b: Dragonite|atk|1
|-boost|p2b: Dragonite|spe|1
|move|p1b: Incineroar|Parting Shot|p2b: Dragonite
|-unboost|p2b: Dragonite|atk|1
|-unboost|p2b: Dragonite|spa|1
|
|t:|1783188199
|switch|p1b: Sinistcha|Sinistcha, L50|100/100|[from] Parting Shot
|
|-weather|SunnyDay|[upkeep]
|-heal|p2b: Dragonite|60/100|[from] item: Leftovers
|upkeep
|turn|3
|
|t:|1783188209
|switch|p1b: Incineroar|Incineroar, L50, F|100/100
|-ability|p1b: Incineroar|Intimidate|boost
|-unboost|p2a: Whimsicott|atk|1
|-unboost|p2b: Dragonite|atk|1
|move|p2a: Whimsicott|Light Screen|p2a: Whimsicott
|-sidestart|p2: natty dice|move: Light Screen
|move|p2b: Dragonite|Dragon Claw|p1b: Incineroar
|-damage|p1b: Incineroar|80/100
|move|p1a: Floette|Dazzling Gleam|p2a: Whimsicott|[spread] p2a,p2b
|-supereffective|p2b: Dragonite|1
|-damage|p2a: Whimsicott|0 fnt
|-damage|p2b: Dragonite|2/100
|faint|p2a: Whimsicott
|
|-weather|SunnyDay|[upkeep]
|-heal|p2b: Dragonite|8/100|[from] item: Leftovers
|upkeep
|
|t:|1783188222
|switch|p2a: Pyroar|Pyroar, L50, M|100/100
|-ability|p2a: Pyroar|Unnerve
|turn|4
|
|t:|1783188230
|detailschange|p2a: Pyroar|Pyroar-Mega, L50, M
|-mega|p2a: Pyroar|Pyroar|Pyroarite
|move|p1b: Incineroar|Fake Out|p2a: Pyroar
|-damage|p2a: Pyroar|88/100
|move|p2b: Dragonite|Extreme Speed|p1b: Incineroar
|-damage|p1b: Incineroar|69/100
|cant|p2a: Pyroar|flinch
|move|p1a: Floette|Dazzling Gleam|p2b: Dragonite|[spread] p2a,p2b
|-resisted|p2a: Pyroar|1
|-supereffective|p2b: Dragonite|1
|-damage|p2a: Pyroar|73/100
|-damage|p2b: Dragonite|0 fnt
|faint|p2b: Dragonite
|
|-weather|SunnyDay|[upkeep]
|upkeep
|turn|5
|
|t:|1783188240
|move|p2a: Pyroar|Heat Wave|p1b: Incineroar|[spread] p1a,p1b
|-resisted|p1b: Incineroar|1
|-damage|p1a: Floette|29/100
|-damage|p1b: Incineroar|35/100
|-enditem|p1b: Incineroar|Sitrus Berry|[eat]
|-heal|p1b: Incineroar|59/100|[from] item: Sitrus Berry
|move|p1a: Floette|Moonblast|p2a: Pyroar
|-resisted|p2a: Pyroar|1
|-crit|p2a: Pyroar
|-damage|p2a: Pyroar|11/100
|move|p1b: Incineroar|Parting Shot|p2a: Pyroar
|-unboost|p2a: Pyroar|atk|1
|-unboost|p2a: Pyroar|spa|1
|-message|natty dice forfeited.
|
|win|homerj71
