|j|☆CavaliereIsSoPeak
|j|☆glubglobs
|html|CavaliereIsSoPeakglubglobs    
|uhtml|bestof|Game 1 of a best-of-3
|t:|1756385582
|gametype|doubles
|player|p1|CavaliereIsSoPeak|gambler|1248
|player|p2|glubglobs|cynthia|1193
|gen|9
|tier|[Gen 9] VGC 2025 Reg H (Bo3)
|rated|
|rule|Species Clause: Limit one of each Pokémon
|rule|Item Clause: Limit 1 of each item
|clearpoke
|poke|p1|Charizard, L50, M|
|poke|p1|Dragapult, L50, M|
|poke|p1|Sneasler, L50, F|
|poke|p1|Incineroar, L50, M|
|poke|p1|Ursaluna-Bloodmoon, L50, M|
|poke|p1|Whimsicott, L50, F|
|poke|p2|Primarina, L50, F|
|poke|p2|Sneasler, L50, F|
|poke|p2|Electabuzz, L50, M|
|poke|p2|Kingambit, L50, M|
|poke|p2|Dragapult, L50, M|
|poke|p2|Rillaboom, L50, F|
|teampreview|4
|showteam|p1|Charizard||ChoiceSpecs|SolarPower|HeatWave,Overheat,WeatherBall,SolarBeam|||M|||50|,,,,,Ghost]Dragapult||ChoiceBand|ClearBody|DragonDarts,Outrage,PhantomForce,Uturn|||M|||50|,,,,,Dragon]Sneasler||FocusSash|Unburden|DireClaw,CloseCombat,ThroatChop,Protect|||F|||50|,,,,,Dark]Incineroar||SafetyGoggles|Intimidate|FakeOut,KnockOff,FlareBlitz,PartingShot|||M|||50|,,,,,Ghost]Ursaluna-Bloodmoon||LifeOrb|MindsEye|BloodMoon,HyperVoice,EarthPower,Protect|||M|||50|,,,,,Normal]Whimsicott||CovertCloak|Prankster|Moonblast,Tailwind,Encore,SunnyDay|||F|||50|,,,,,Poison
|showteam|p2|Primarina||ThroatSpray|LiquidVoice|Protect,Haze,HyperVoice,Moonblast|||F|||50|,,,,,Poison]Sneasler||FocusSash|PoisonTouch|Protect,NightSlash,DireClaw,CloseCombat|||F|||50|,,,,,Stellar]Electabuzz||Eviolite|VitalSpirit|Protect,FollowMe,Taunt,Electroweb|||M|||50|,,,,,Fairy]Kingambit||BlackGlasses|Defiant|Protect,SwordsDance,SuckerPunch,KowtowCleave|||M|||50|,,,,,Dark]Dragapult||ChoiceBand|ClearBody|Uturn,DragonDarts,PhantomForce,Outrage|||M|||50|,,,,,Dragon]Rillaboom||AssaultVest|GrassySurge|FakeOut,Uturn,GrassyGlide,WoodHammer|||F|||50|,,,,,Fire
|inactive|Battle timer is ON: inactive players will automatically lose when time's up. (requested by glubglobs)
|inactive|glubglobs has 60 seconds left.
|inactive|glubglobs has 30 seconds left.
|inactive|glubglobs has 20 seconds left.
|inactive|glubglobs has 15 seconds left.
|
|t:|1756385659
|teamsize|p1|4
|teamsize|p2|4
|start
|switch|p1a: Agni|Charizard, L50, M|100/100
|switch|p1b: Mary|Whimsicott, L50, F|100/100
|switch|p2a: Sneasler|Sneasler, L50, F|100/100
|switch|p2b: Electabuzz|Electabuzz, L50, M|100/100
|turn|1
|
|t:|1756385681
|-terastallize|p1b: Mary|Poison
|move|p2a: Sneasler|Protect|p2a: Sneasler
|-singleturn|p2a: Sneasler|Protect
|move|p1b: Mary|Sunny Day|p1b: Mary
|-weather|SunnyDay
|move|p1a: Agni|Heat Wave|p2a: Sneasler|[spread] p2b
|-activate|p2a: Sneasler|move: Protect
|-damage|p2b: Electabuzz|27/100
|move|p2b: Electabuzz|Electroweb|p1a: Agni|[spread] p1a,p1b
|-supereffective|p1a: Agni
|-damage|p1a: Agni|65/100
|-damage|p1b: Mary|81/100
|-unboost|p1a: Agni|spe|1
|
|-weather|SunnyDay|[upkeep]
|-damage|p1a: Agni|53/100|[from] ability: Solar Power|[of] p1a: Agni
|upkeep
|turn|2
|inactive|glubglobs has 30 seconds left.
|
|t:|1756385714
|move|p2b: Electabuzz|Protect|p2b: Electabuzz
|-singleturn|p2b: Electabuzz|Protect
|move|p1b: Mary|Tailwind|p1b: Mary
|-sidestart|p1: CavaliereIsSoPeak|move: Tailwind
|move|p1a: Agni|Heat Wave|p2a: Sneasler|[spread] p2a
|-activate|p2b: Electabuzz|move: Protect
|-enditem|p2a: Sneasler|Focus Sash
|-damage|p2a: Sneasler|1/100
|move|p2a: Sneasler|Dire Claw|p1a: Agni
|-damage|p1a: Agni|0 fnt
|faint|p1a: Agni
|
|-weather|SunnyDay|[upkeep]
|upkeep
|
|t:|1756385721
|switch|p1a: Shāhmat|Ursaluna-Bloodmoon, L50, M|100/100
|turn|3
|
|t:|1756385739
|move|p1b: Mary|Moonblast|p2b: Electabuzz
|-damage|p2b: Electabuzz|6/100
|move|p1a: Shāhmat|Hyper Voice|p2a: Sneasler|[spread] p2a,p2b
|-damage|p2a: Sneasler|0 fnt
|-damage|p2b: Electabuzz|0 fnt
|faint|p2a: Sneasler
|faint|p2b: Electabuzz
|-damage|p1a: Shāhmat|91/100|[from] item: Life Orb
|
|-weather|SunnyDay|[upkeep]
|upkeep
|
|t:|1756385750
|switch|p2a: Primarina|Primarina, L50, F|100/100
|switch|p2b: Dragapult|Dragapult, L50, M|100/100
|turn|4
|inactive|CavaliereIsSoPeak has 30 seconds left.
|inactive|glubglobs has 30 seconds left.
|
|t:|1756385781
|-terastallize|p2b: Dragapult|Dragon
|move|p1a: Shāhmat|Protect|p1a: Shāhmat
|-singleturn|p1a: Shāhmat|Protect
|move|p1b: Mary|Moonblast|p2b: Dragapult
|-supereffective|p2b: Dragapult
|-damage|p2b: Dragapult|25/100
|move|p2b: Dragapult|Outrage|p1a: Shāhmat
|-activate|p1a: Shāhmat|move: Protect
|move|p2a: Primarina|Hyper Voice|p1b: Mary|[spread] p1b
|-activate|p1a: Shāhmat|move: Protect
|-damage|p1b: Mary|58/100
|-enditem|p2a: Primarina|Throat Spray
|-boost|p2a: Primarina|spa|1|[from] item: Throat Spray
|
|-weather|SunnyDay|[upkeep]
|upkeep
|turn|5
|
|t:|1756385803
|move|p1b: Mary|Moonblast|p2b: Dragapult
|-supereffective|p2b: Dragapult
|-damage|p2b: Dragapult|0 fnt
|faint|p2b: Dragapult
|move|p1a: Shāhmat|Blood Moon|p2a: Primarina
|-damage|p2a: Primarina|19/100
|-damage|p1a: Shāhmat|81/100|[from] item: Life Orb
|move|p2a: Primarina|Moonblast|p1a: Shāhmat
|-damage|p1a: Shāhmat|0 fnt
|faint|p1a: Shāhmat
|
|-weather|none
|-sideend|p1: CavaliereIsSoPeak|move: Tailwind
|upkeep
|
|t:|1756385808
|switch|p1a: D'oro|Sneasler, L50, F|100/100
|turn|6
|
|t:|1756385818
|move|p1b: Mary|Moonblast|p2a: Primarina
|-damage|p2a: Primarina|0 fnt
|faint|p2a: Primarina
|
|win|CavaliereIsSoPeak
||glubglobs is ready for game 2.
||CavaliereIsSoPeak is ready for game 2.
|uhtml|next|Next: Game 2 of 3
|l|☆CavaliereIsSoPeak
|player|p1|
