|j|☆chatgptdraftduel
|j|☆rager88
|html|chatgptdraftduelrager88    
|uhtml|bestof|Game 1 of a best-of-3
|t:|1785515332
|gametype|doubles
|player|p1|chatgptdraftduel|1|
|player|p2|rager88|170|
|gen|9
|tier|[Gen 9 Champions] VGC 2026 Reg M-B (Bo3)
|rule|Species Clause: Limit one of each Pokémon
|rule|Item Clause: Limit 1 of each item
|clearpoke
|poke|p1|Kingambit, L50, F|
|poke|p1|Primarina, L50, F|
|poke|p1|Talonflame, L50, M|
|poke|p1|Excadrill, L50, M|
|poke|p1|Hydreigon, L50, M|
|poke|p1|Clefable, L50, F|
|poke|p2|Venusaur, L50, F|
|poke|p2|Torkoal, L50, M|
|poke|p2|Grimmsnarl, L50, M|
|poke|p2|Farigiraf, L50, M|
|poke|p2|Tyranitar, L50, M|
|poke|p2|Garchomp, L50, M|
|teampreview|4
|showteam|p1|Kingambit||BlackGlasses|SupremeOverlord|KowtowCleave,IronHead,SuckerPunch,Protect|Adamant||F|||50|]Primarina||MysticWater|Torrent|HyperVoice,Moonblast,EnergyBall,Protect|Modest||F|||50|]Talonflame||SharpBeak|GaleWings|Tailwind,BraveBird,FlareBlitz,Protect|Adamant||M|||50|]Excadrill||Excadrite|MoldBreaker|Earthquake,IronHead,RockSlide,Protect|Adamant||M|||50|]Hydreigon||ChoiceScarf|Levitate|DracoMeteor,DarkPulse,HeatWave,FlashCannon|Timid||M|||50|]Clefable||Leftovers|Unaware|Moonblast,FollowMe,Protect,HelpingHand|Bold||F|||50|
|showteam|p2|Venusaur||Venusaurite|Chlorophyll|SleepPowder,SludgeBomb,Growth,GigaDrain|Modest||F|||50|]Torkoal||Charcoal|Drought|Eruption,SolarBeam,Flamethrower,Protect|Quiet||M|||50|]Grimmsnarl||LightClay|Prankster|FakeOut,Reflect,LightScreen,PartingShot|Impish||M|||50|]Farigiraf||SitrusBerry|ArmorTail|TrickRoom,HelpingHand,HyperVoice,Protect|Relaxed||M|||50|]Tyranitar||BabiriBerry|SandStream|RockSlide,LowKick,Protect,KnockOff|Brave||M|||50|]Garchomp||Garchompite|SandVeil|StompingTantrum,PoisonJab,ScaleShot,Protect|Adamant||M|||50|
|
|t:|1785515493
|teamsize|p1|4
|teamsize|p2|4
|start
|switch|p1a: Talonflame|Talonflame, L50, M|100/100
|switch|p1b: Primarina|Primarina, L50, F|100/100
|switch|p2a: Garchomp|Garchomp, L50, M|100/100
|switch|p2b: Grimmsnarl|Grimmsnarl, L50, M|100/100
|turn|1
|
|t:|1785515561
|detailschange|p2a: Garchomp|Garchomp-Mega, L50, M
|-mega|p2a: Garchomp|Garchomp|Garchompite
|move|p1b: Primarina|Protect|p1b: Primarina
|-singleturn|p1b: Primarina|Protect
|move|p2b: Grimmsnarl|Fake Out|p1b: Primarina
|-activate|p1b: Primarina|move: Protect
|move|p1a: Talonflame|Tailwind|p1a: Talonflame
|-sidestart|p1: chatgptdraftduel|move: Tailwind
|move|p2a: Garchomp|Scale Shot|p1a: Talonflame
|-damage|p1a: Talonflame|78/100
|-damage|p1a: Talonflame|57/100
|-hitcount|p1a: Talonflame|2
|-unboost|p2a: Garchomp|def|1
|-boost|p2a: Garchomp|spe|1
|
|upkeep
|turn|2
|
|t:|1785515639
|move|p2a: Garchomp|Protect|p2a: Garchomp
|-singleturn|p2a: Garchomp|Protect
|move|p2b: Grimmsnarl|Light Screen|p2b: Grimmsnarl
|-sidestart|p2: rager88|move: Light Screen
|move|p1a: Talonflame|Brave Bird|p2a: Garchomp
|-activate|p2a: Garchomp|move: Protect
|move|p1b: Primarina|Moonblast|p2a: Garchomp
|-activate|p2a: Garchomp|move: Protect
|
|upkeep
|turn|3
|
|t:|1785515713
|move|p1b: Primarina|Protect|p1b: Primarina
|-singleturn|p1b: Primarina|Protect
|move|p2b: Grimmsnarl|Parting Shot|p1b: Primarina
|-activate|p1b: Primarina|move: Protect
|move|p1a: Talonflame|Brave Bird|p2b: Grimmsnarl
|-damage|p2b: Grimmsnarl|52/100
|-damage|p1a: Talonflame|40/100|[from] Recoil
|move|p2a: Garchomp|Poison Jab|p1b: Primarina
|-activate|p1b: Primarina|move: Protect
|
|upkeep
|turn|4
|
|t:|1785515813
|move|p2a: Garchomp|Protect|p2a: Garchomp
|-singleturn|p2a: Garchomp|Protect
|move|p2b: Grimmsnarl|Reflect|p2b: Grimmsnarl
|-sidestart|p2: rager88|Reflect
|move|p1a: Talonflame|Brave Bird|p2b: Grimmsnarl
|-damage|p2b: Grimmsnarl|16/100
|-damage|p1a: Talonflame|27/100|[from] Recoil
|move|p1b: Primarina|Moonblast|p2a: Garchomp
|-activate|p2a: Garchomp|move: Protect
|
|-sideend|p1: chatgptdraftduel|move: Tailwind
|upkeep
|turn|5
|
|t:|1785515883
|switch|p1a: Excadrill|Excadrill, L50, M|100/100
|-ability|p1a: Excadrill|Mold Breaker
|move|p1b: Primarina|Protect|p1b: Primarina
|-singleturn|p1b: Primarina|Protect
|move|p2b: Grimmsnarl|Parting Shot|p1a: Excadrill
|-unboost|p1a: Excadrill|atk|1
|-unboost|p1a: Excadrill|spa|1
|j| tedidn
|
|t:|1785515916
|switch|p2b: Farigiraf|Farigiraf, L50, M|100/100|[from] Parting Shot
|move|p2a: Garchomp|Poison Jab|p1b: Primarina
|-activate|p1b: Primarina|move: Protect
|
|upkeep
|turn|6
|
|t:|1785516008
|switch|p1a: Hydreigon|Hydreigon, L50, M|100/100
|move|p2b: Farigiraf|Helping Hand|p2a: Garchomp
|-singleturn|p2a: Garchomp|Helping Hand|[of] p2b: Farigiraf
|move|p2a: Garchomp|Poison Jab|p1b: Primarina
|-supereffective|p1b: Primarina|1
|-damage|p1b: Primarina|0 fnt
|faint|p1b: Primarina
|
|upkeep
|
|t:|1785516070
|switch|p1b: Talonflame|Talonflame, L50, M|27/100
|turn|7
|
|t:|1785516125
|move|p2a: Garchomp|Protect|p2a: Garchomp
|-singleturn|p2a: Garchomp|Protect
|move|p1a: Hydreigon|Draco Meteor|p2a: Garchomp
|-activate|p2a: Garchomp|move: Protect
|move|p1b: Talonflame|Brave Bird|p2a: Garchomp
|-activate|p2a: Garchomp|move: Protect
|move|p2b: Farigiraf|Trick Room|p2b: Farigiraf
|-fieldstart|move: Trick Room|[of] p2b: Farigiraf
|
|upkeep
|turn|8
|
|t:|1785516351
|switch|p2b: Tyranitar|Tyranitar, L50, M|100/100
|-weather|Sandstorm|[from] ability: Sand Stream|[of] p2b: Tyranitar
|switch|p1b: Excadrill|Excadrill, L50, M|100/100
|-ability|p1b: Excadrill|Mold Breaker
|move|p2a: Garchomp|Poison Jab|p1a: Hydreigon
|-damage|p1a: Hydreigon|62/100
|move|p1a: Hydreigon|Draco Meteor|p2a: Garchomp
|-supereffective|p2a: Garchomp|1
|-damage|p2a: Garchomp|21/100
|-unboost|p1a: Hydreigon|spa|2
|
|-weather|Sandstorm|[upkeep]
|-damage|p1a: Hydreigon|56/100|[from] Sandstorm
|upkeep
|turn|9
|
|t:|1785516533
|detailschange|p1b: Excadrill|Excadrill-Mega, L50, M
|-mega|p1b: Excadrill|Excadrill|Excadrite
|move|p2a: Garchomp|Protect|p2a: Garchomp
|-singleturn|p2a: Garchomp|Protect
|move|p2b: Tyranitar|Low Kick|p1b: Excadrill
|-supereffective|p1b: Excadrill|1
|-damage|p1b: Excadrill|43/100
|move|p1b: Excadrill|Iron Head|p2a: Garchomp
|-crit|p2a: Garchomp
|-ability|p1b: Excadrill|Piercing Drill
|-zbroken|p2a: Garchomp
|-damage|p2a: Garchomp|0 fnt
|faint|p2a: Garchomp
|move|p1a: Hydreigon|Draco Meteor|p2b: Tyranitar
|-damage|p2b: Tyranitar|85/100
|-unboost|p1a: Hydreigon|spa|2
|
|-weather|Sandstorm|[upkeep]
|-damage|p1a: Hydreigon|50/100g|[from] Sandstorm
|-sideend|p2: rager88|move: Light Screen
|upkeep
|
|t:|1785516592
|switch|p2a: Farigiraf|Farigiraf, L50, M|100/100
|turn|10
|
|t:|1785516670
|switch|p1a: Talonflame|Talonflame, L50, M|27/100
|move|p2b: Tyranitar|Low Kick|p1b: Excadrill
|-supereffective|p1b: Excadrill|1
|-damage|p1b: Excadrill|0 fnt
|faint|p1b: Excadrill
|move|p2a: Farigiraf|Hyper Voice|p1a: Talonflame
|-damage|p1a: Talonflame|0 fnt
|faint|p1a: Talonflame
|
|-weather|Sandstorm|[upkeep]
|-damage|p2a: Farigiraf|93/100|[from] Sandstorm
|upkeep
|
|t:|1785516717
|switch|p1b: Hydreigon|Hydreigon, L50, M|50/100g
|turn|11
|
|t:|1785516777
|move|p2a: Farigiraf|Helping Hand|p2b: Tyranitar
|-singleturn|p2b: Tyranitar|Helping Hand|[of] p2a: Farigiraf
|move|p2b: Tyranitar|Low Kick|p1b: Hydreigon
|-supereffective|p1b: Hydreigon|1
|-damage|p1b: Hydreigon|0 fnt
|faint|p1b: Hydreigon
|
|win|rager88
