|j|☆eviovulpix
|j|☆exessvgc
|html|eviovulpixexessvgc    
|uhtml|bestof|Game 2 of a best-of-3
|t:|1783356313
|gametype|doubles
|player|p1|eviovulpix|101|
|player|p2|exessvgc|102|
|gen|9
|tier|[Gen 9 Champions] VGC 2026 Reg M-B (Bo3)
|rule|Species Clause: Limit one of each Pokémon
|rule|Item Clause: Limit 1 of each item
|clearpoke
|poke|p1|Politoed, L50, M, shiny|
|poke|p1|Incineroar, L50, M, shiny|
|poke|p1|Gengar, L50, F, shiny|
|poke|p1|Archaludon, L50, M, shiny|
|poke|p1|Vivillon-Pokeball, L50, M, shiny|
|poke|p1|Swampert, L50, F, shiny|
|poke|p2|Charizard, L50, F|
|poke|p2|Sneasler, L50, F|
|poke|p2|Farigiraf, L50, M|
|poke|p2|Aerodactyl, L50, M|
|poke|p2|Sylveon, L50, F|
|poke|p2|Venusaur, L50, M|
|teampreview|4
|showteam|p1|Politoed||SitrusBerry|Drizzle|Encore,Protect,PerishSong,MuddyWater|Calm||M|||50|]Incineroar||PasshoBerry|Intimidate|PartingShot,Protect,FakeOut,ThroatChop|Jolly||M|||50|]Gengar||Gengarite|CursedBody|PerishSong,Disable,Protect,ShadowBall|Modest||F|||50|]Archaludon||Leftovers|Stamina|ElectroShot,FlashCannon,DragonPulse,Protect|Modest||M|||50|]Vivillon-Pokeball||ChoiceScarf|CompoundEyes|SleepPowder,Hurricane,GigaDrain,BugBuzz|Timid||M|||50|]Swampert||Swampertite|Torrent|WaveCrash,HighHorsepower,IcePunch,Protect|Adamant||F|||50|
|showteam|p2|Charizard||CharizarditeX|Blaze|DragonDance,DragonClaw,FlareBlitz,Protect|Jolly||F|||50|]Sneasler||WhiteHerb|Unburden|FakeOut,Protect,CloseCombat,DireClaw|Jolly||F|||50|]Farigiraf||SitrusBerry|ArmorTail|TrickRoom,PsychicNoise,HelpingHand,Thunderbolt|Bold||M|||50|]Aerodactyl||FocusSash|Unnerve|RockSlide,Tailwind,SunnyDay,Taunt|Jolly||M|||50|]Sylveon||FairyFeather|Pixilate|HyperVoice,HyperBeam,Protect,ShadowBall|Modest||F|||50|]Venusaur||WideLens|Chlorophyll|SludgeBomb,EarthPower,SleepPowder,Protect|Modest||M|||50|
|
|t:|1783356344
|teamsize|p1|4
|teamsize|p2|4
|start
|switch|p1a: Vivillon|Vivillon-Pokeball, L50, M, shiny|100/100
|switch|p1b: Gengar|Gengar, L50, F, shiny|100/100
|switch|p2a: DINOSAUVO|Aerodactyl, L50, M|100/100
|switch|p2b: IL COACH|Sneasler, L50, F|100/100
|-ability|p2a: DINOSAUVO|Unnerve
|turn|1
|
|t:|1783356372
|detailschange|p1b: Gengar|Gengar-Mega, L50, F, shiny
|-mega|p1b: Gengar|Gengar|Gengarite
|move|p2b: IL COACH|Fake Out|p1a: Vivillon
|-damage|p1a: Vivillon|74/100
|cant|p1a: Vivillon|flinch
|move|p2a: DINOSAUVO|Tailwind|p2a: DINOSAUVO
|-sidestart|p2: exessvgc|move: Tailwind
|move|p1b: Gengar|Disable|p2a: DINOSAUVO
|-start|p2a: DINOSAUVO|Disable|Tailwind
|
|upkeep
|turn|2
|
|t:|1783356394
|switch|p1a: Archaludon|Archaludon, L50, M, shiny|100/100
|move|p1b: Gengar|Protect|p1b: Gengar
|-singleturn|p1b: Gengar|Protect
|move|p2a: DINOSAUVO|Rock Slide|p1b: Gengar|[spread] 
|-activate|p1b: Gengar|move: Protect
|-miss|p2a: DINOSAUVO|p1a: Archaludon
|move|p2b: IL COACH|Close Combat|p1a: Archaludon
|-supereffective|p1a: Archaludon|1
|-damage|p1a: Archaludon|4/100
|-unboost|p2b: IL COACH|def|1
|-unboost|p2b: IL COACH|spd|1
|-ability|p1a: Archaludon|Stamina|boost
|-boost|p1a: Archaludon|def|1
|-enditem|p2b: IL COACH|White Herb
|-clearnegativeboost|p2b: IL COACH|[silent]
|
|-heal|p1a: Archaludon|10/100|[from] item: Leftovers
|upkeep
|turn|3
|
|t:|1783356416
|switch|p1a: Incineroar|Incineroar, L50, M, shiny|100/100
|-ability|p1a: Incineroar|Intimidate|boost
|-unboost|p2a: DINOSAUVO|atk|1
|-unboost|p2b: IL COACH|atk|1
|move|p2b: IL COACH|Close Combat|p1a: Incineroar
|-supereffective|p1a: Incineroar|1
|-damage|p1a: Incineroar|12/100
|-unboost|p2b: IL COACH|def|1
|-unboost|p2b: IL COACH|spd|1
|move|p2a: DINOSAUVO|Taunt|p1b: Gengar
|-start|p1b: Gengar|move: Taunt
|move|p1b: Gengar|Shadow Ball|p2a: DINOSAUVO
|-damage|p2a: DINOSAUVO|36/100
|
|upkeep
|turn|4
|
|t:|1783356437
|move|p1a: Incineroar|Fake Out|p2a: DINOSAUVO
|-resisted|p2a: DINOSAUVO|1
|-damage|p2a: DINOSAUVO|27/100
|move|p2b: IL COACH|Dire Claw|p1b: Gengar
|-resisted|p1b: Gengar|2
|-damage|p1b: Gengar|92/100
|cant|p2a: DINOSAUVO|flinch
|move|p1b: Gengar|Shadow Ball|p2a: DINOSAUVO
|-damage|p2a: DINOSAUVO|0 fnt
|faint|p2a: DINOSAUVO
|
|-sideend|p2: exessvgc|move: Tailwind
|upkeep
|
|t:|1783356453
|switch|p2a: Frank|Venusaur, L50, M|100/100
|turn|5
|
|t:|1783356466
|move|p1a: Incineroar|Protect|p1a: Incineroar
|-singleturn|p1a: Incineroar|Protect
|move|p2b: IL COACH|Dire Claw|p1b: Gengar
|-resisted|p1b: Gengar|2
|-damage|p1b: Gengar|84/100
|move|p1b: Gengar|Shadow Ball|p2b: IL COACH
|-damage|p2b: IL COACH|0 fnt
|faint|p2b: IL COACH
|move|p2a: Frank|Sleep Powder|p1a: Incineroar
|-activate|p1a: Incineroar|move: Protect
|
|-end|p1b: Gengar|move: Taunt
|upkeep
|
|t:|1783356480
|switch|p2b: Marianela|Sylveon, L50, F|100/100
|turn|6
|
|t:|1783356511
|switch|p1a: Archaludon|Archaludon, L50, M, shiny|10/100
|move|p1b: Gengar|Perish Song|p1b: Gengar
|-start|p1a: Archaludon|perish3|[silent]
|-start|p1b: Gengar|perish3|[silent]
|-start|p2a: Frank|perish3|[silent]
|-start|p2b: Marianela|perish3|[silent]
|-fieldactivate|move: Perish Song
|move|p2a: Frank|Sleep Powder|p1b: Gengar
|-status|p1b: Gengar|slp|[from] move: Sleep Powder
|move|p2b: Marianela|Hyper Voice|p1b: Gengar|[spread] p1a,p1b
|-resisted|p1b: Gengar|1
|-damage|p1a: Archaludon|0 fnt
|-damage|p1b: Gengar|59/100 slp
|faint|p1a: Archaludon
|
|-start|p1b: Gengar|perish3
|-start|p2a: Frank|perish3
|-start|p2b: Marianela|perish3
|upkeep
|
|t:|1783356526
|switch|p1a: Vivillon|Vivillon-Pokeball, L50, M, shiny|74/100
|turn|7
|
|t:|1783356549
|move|p1a: Vivillon|Sleep Powder|p2b: Marianela
|-status|p2b: Marianela|slp|[from] move: Sleep Powder
|cant|p1b: Gengar|slp
|move|p2a: Frank|Sleep Powder|p1a: Vivillon|[miss]
|-miss|p2a: Frank|p1a: Vivillon
|cant|p2b: Marianela|slp
|
|-start|p1b: Gengar|perish2
|-start|p2a: Frank|perish2
|-start|p2b: Marianela|perish2
|upkeep
|turn|8
|-message|exessvgc forfeited.
|
|win|eviovulpix
|l|☆exessvgc
|player|p2|
||exessvgc is ready for game 3.
||eviovulpix is ready for game 3.
|uhtml|next|Next: Game 3 of 3
|j|☆exessvgc
|player|p2|exessvgc|102|
