|j|☆new mental
|j|☆cooledoregon
|html|new mentalcooledoregon    
|uhtml|bestof|Game 1 of a best-of-3
|t:|1783597652
|gametype|doubles
|player|p1|new mental|volkner|1300
|player|p2|cooledoregon|1|1188
|gen|9
|tier|[Gen 9 Champions] VGC 2026 Reg M-B (Bo3)
|rated|
|rule|Species Clause: Limit one of each Pokémon
|rule|Item Clause: Limit 1 of each item
|clearpoke
|poke|p1|Charizard, L50, M|
|poke|p1|Kingambit, L50, F|
|poke|p1|Sylveon, L50, M|
|poke|p1|Garchomp, L50, F|
|poke|p1|Aerodactyl, L50, M|
|poke|p1|Farigiraf, L50, M|
|poke|p2|Excadrill, L50, F, shiny|
|poke|p2|Tyranitar, L50, M, shiny|
|poke|p2|Sinistcha, L50|
|poke|p2|Houndstone, L50, M, shiny|
|poke|p2|Hydreigon, L50, F, shiny|
|poke|p2|Meganium, L50, M|
|teampreview|4
|showteam|p1|Charizard||CharizarditeY|SolarPower|Protect,HeatWave,SolarBeam,WeatherBall|Modest||M|||50|]Kingambit||FocusSash|Defiant|IronHead,SuckerPunch,KowtowCleave,LowKick|Adamant||F|||50|]Sylveon||FairyFeather|Pixilate|Detect,HyperVoice,HyperBeam,QuickAttack|Modest||M|||50|]Garchomp||LifeOrb|RoughSkin|Protect,DragonClaw,Earthquake,RockSlide|Jolly||F|||50|]Aerodactyl||Aerodactylite|Unnerve|IceFang,RockSlide,Tailwind,DualWingbeat|Jolly||M|||50|]Farigiraf||SitrusBerry|ArmorTail|TrickRoom,Psychic,Thunderbolt,Roar|Bold||M|||50|
|showteam|p2|Excadrill||FocusSash|SandRush|Earthquake,IronHead,RockSlide,Protect|Adamant||F|||50|]Tyranitar||Tyranitarite|SandStream|RockSlide,KnockOff,LowKick,Protect|Adamant||M|||50|]Sinistcha||ColburBerry|Hospitality|MatchaGotcha,RagePowder,Protect,TrickRoom|Calm|||||50|]Houndstone||SitrusBerry|SandRush|LastRespects,WillOWisp,BodyPress,Protect|Adamant||M|||50|]Hydreigon||ChoiceScarf|Levitate|DracoMeteor,DarkPulse,HeatWave,Snarl|Modest||F|||50|]Meganium||Meganiumite|Overgrow|SolarBeam,WeatherBall,DazzlingGleam,Protect|Modest||M|||50|
|inactive|Battle timer is ON: inactive players will automatically lose when time's up. (requested by cooledoregon)
|inactive|cooledoregon has 60 seconds left.
|
|t:|1783597694
|teamsize|p1|4
|teamsize|p2|4
|start
|switch|p1a: Charizard|Charizard, L50, M|100/100
|switch|p1b: Kingambit|Kingambit, L50, F|100/100
|switch|p2a: Borer|Excadrill, L50, F, shiny|100/100
|switch|p2b: Tormentilla|Tyranitar, L50, M, shiny|100/100
|-weather|Sandstorm|[from] ability: Sand Stream|[of] p2b: Tormentilla
|turn|1
|inactive|cooledoregon has 30 seconds left.
|
|t:|1783597719
|switch|p2b: Trinacria|Hydreigon, L50, F, shiny|100/100
|detailschange|p1a: Charizard|Charizard-Mega-Y, L50, M
|-mega|p1a: Charizard|Charizard|Charizardite Y
|-weather|SunnyDay|[from] ability: Drought|[of] p1a: Charizard
|move|p1a: Charizard|Protect|p1a: Charizard
|-singleturn|p1a: Charizard|Protect
|move|p2a: Borer|Earthquake|p1a: Charizard|[spread] p1b
|-activate|p1a: Charizard|move: Protect
|-immune|p2b: Trinacria|[from] ability: Levitate
|-supereffective|p1b: Kingambit|1
|-damage|p1b: Kingambit|20/100y
|move|p1b: Kingambit|Low Kick|p2b: Trinacria
|-supereffective|p2b: Trinacria|1
|-damage|p2b: Trinacria|18/100
|
|-weather|SunnyDay|[upkeep]
|upkeep
|turn|2
|inactive|new mental has 30 seconds left.
|inactive|cooledoregon has 30 seconds left.
|inactive|cooledoregon has 20 seconds left.
|inactive|new mental has 20 seconds left.
|inactive|cooledoregon has 15 seconds left.
|
|t:|1783597764
|switch|p1a: Sylveon|Sylveon, L50, M|100/100
|move|p2a: Borer|Protect|p2a: Borer
|-singleturn|p2a: Borer|Protect
|move|p1b: Kingambit|Sucker Punch||[still]
|-fail|p1b: Kingambit
|move|p2b: Trinacria|Heat Wave|p1a: Sylveon|[spread] p1b
|-miss|p2b: Trinacria|p1a: Sylveon
|-supereffective|p1b: Kingambit|1
|-damage|p1b: Kingambit|0 fnt
|faint|p1b: Kingambit
|
|-weather|SunnyDay|[upkeep]
|upkeep
|
|t:|1783597773
|switch|p1b: Garchomp|Garchomp, L50, F|100/100
|turn|3
|inactive|cooledoregon has 30 seconds left.
|
|t:|1783597799
|move|p1a: Sylveon|Detect|p1a: Sylveon
|-singleturn|p1a: Sylveon|Protect
|move|p2b: Trinacria|Heat Wave|p1a: Sylveon|[spread] p1b
|-activate|p1a: Sylveon|move: Protect
|-resisted|p1b: Garchomp|1
|-damage|p1b: Garchomp|78/100
|move|p1b: Garchomp|Earthquake|p2a: Borer|[spread] p2a
|-activate|p1a: Sylveon|move: Protect
|-immune|p2b: Trinacria|[from] ability: Levitate
|-supereffective|p2a: Borer|1
|-enditem|p2a: Borer|Focus Sash
|-damage|p2a: Borer|1/100
|-damage|p1b: Garchomp|68/100|[from] item: Life Orb
|move|p2a: Borer|Earthquake|p1a: Sylveon|[spread] p1b
|-activate|p1a: Sylveon|move: Protect
|-immune|p2b: Trinacria|[from] ability: Levitate
|-damage|p1b: Garchomp|28/100
|
|-weather|SunnyDay|[upkeep]
|upkeep
|turn|4
|inactive|cooledoregon has 30 seconds left.
|inactive|cooledoregon has 20 seconds left.
|inactive|cooledoregon has 15 seconds left.
|inactive|cooledoregon has 10 seconds left.
|inactive|cooledoregon has 5 seconds left.
|
|t:|1783597850
|move|p2a: Borer|Protect|p2a: Borer
|-singleturn|p2a: Borer|Protect
|move|p1a: Sylveon|Quick Attack|p2b: Trinacria
|-supereffective|p2b: Trinacria|2
|-damage|p2b: Trinacria|0 fnt
|faint|p2b: Trinacria
|move|p1b: Garchomp|Dragon Claw|p2a: Borer
|-activate|p2a: Borer|move: Protect
|
|-weather|SunnyDay|[upkeep]
|upkeep
|
|t:|1783597861
|switch|p2b: o7|Houndstone, L50, M, shiny|100/100
|turn|5
|inactive|new mental has 30 seconds left.
|inactive|new mental has 20 seconds left.
|inactive|new mental has 15 seconds left.
|
|t:|1783597902
|switch|p2b: Tormentilla|Tyranitar, L50, M, shiny|100/100
|-weather|Sandstorm|[from] ability: Sand Stream|[of] p2b: Tormentilla
|move|p1a: Sylveon|Quick Attack|p2a: Borer
|-resisted|p2a: Borer|1
|-damage|p2a: Borer|0 fnt
|faint|p2a: Borer
|move|p1b: Garchomp|Dragon Claw|p2b: Tormentilla
|-damage|p2b: Tormentilla|59/100
|-damage|p1b: Garchomp|19/100|[from] item: Life Orb
|
|-weather|Sandstorm|[upkeep]
|-damage|p1a: Sylveon|93/100|[from] Sandstorm
|upkeep
|
|t:|1783597908
|switch|p2a: o7|Houndstone, L50, M, shiny|100/100
|turn|6
|
|t:|1783597919
|switch|p1a: Charizard|Charizard-Mega-Y, L50, M|100/100
|-weather|SunnyDay|[from] ability: Drought|[of] p1a: Charizard
|move|p2b: Tormentilla|Protect|p2b: Tormentilla
|-singleturn|p2b: Tormentilla|Protect
|move|p1b: Garchomp|Earthquake|p2b: Tormentilla|[spread] p2a
|-activate|p2b: Tormentilla|move: Protect
|-immune|p1a: Charizard
|-damage|p2a: o7|54/100
|-damage|p1b: Garchomp|9/100|[from] item: Life Orb
|move|p2a: o7|Last Respects|p1a: Charizard
|-damage|p1a: Charizard|45/100
|
|-weather|SunnyDay|[upkeep]
|upkeep
|turn|7
|inactive|cooledoregon has 30 seconds left.
|
|t:|1783597950
|switch|p1a: Sylveon|Sylveon, L50, M|93/100
|move|p1b: Garchomp|Protect|p1b: Garchomp
|-singleturn|p1b: Garchomp|Protect
|move|p2a: o7|Protect|p2a: o7
|-singleturn|p2a: o7|Protect
|move|p2b: Tormentilla|Protect||[still]
|-fail|p2b: Tormentilla
|
|-weather|SunnyDay|[upkeep]
|upkeep
|turn|8
|inactive|new mental has 30 seconds left.
|inactive|cooledoregon has 30 seconds left.
|inactive|new mental has 20 seconds left.
|inactive|cooledoregon has 20 seconds left.
|inactive|new mental has 15 seconds left.
|inactive|cooledoregon has 15 seconds left.
|inactive|new mental has 10 seconds left.
|
|t:|1783597997
|detailschange|p2b: Tormentilla|Tyranitar-Mega, L50, M, shiny
|-mega|p2b: Tormentilla|Tyranitar|Tyranitarite
|-weather|Sandstorm|[from] ability: Sand Stream|[of] p2b: Tormentilla
|move|p1b: Garchomp|Protect|p1b: Garchomp
|-singleturn|p1b: Garchomp|Protect
|move|p1a: Sylveon|Detect|p1a: Sylveon
|-singleturn|p1a: Sylveon|Protect
|move|p2a: o7|Last Respects|p1b: Garchomp
|-activate|p1b: Garchomp|move: Protect
|move|p2b: Tormentilla|Knock Off|p1a: Sylveon
|-activate|p1a: Sylveon|move: Protect
|
|-weather|Sandstorm|[upkeep]
|-damage|p1a: Sylveon|87/100|[from] Sandstorm
|upkeep
|turn|9
|-message|cooledoregon forfeited.
|
|win|new mental
||cooledoregon is ready for game 2.
||new mental is ready for game 2.
|uhtml|next|Next: Game 2 of 3
|l|☆cooledoregon
|player|p2|
