|j|☆Oldcow
|j|☆jowemama
|html|Oldcowjowemama    
|uhtml|bestof|Game 2 of a best-of-3
|t:|1756650891
|gametype|doubles
|player|p1|Oldcow|cyrus|
|player|p2|jowemama|scientistf|
|gen|9
|tier|[Gen 9] VGC 2025 Reg H (Bo3)
|rule|Species Clause: Limit one of each Pokémon
|rule|Item Clause: Limit 1 of each item
|clearpoke
|poke|p1|Garchomp, L50, M|
|poke|p1|Tyranitar, L50, M|
|poke|p1|Salamence, L50, M|
|poke|p1|Magmar, L50, F|
|poke|p1|Rillaboom, L50, M|
|poke|p1|Primarina, L50, F|
|poke|p2|Pelipper, L50, M|
|poke|p2|Archaludon, L50, F|
|poke|p2|Dragonite, L50, F|
|poke|p2|Incineroar, L50, M|
|poke|p2|Ursaluna, L50, M|
|poke|p2|Sinistcha, L50|
|teampreview|4
|showteam|p1|Garchomp||LifeOrb|SandVeil|DragonClaw,StompingTantrum,RockSlide,Protect|||M|||50|,,,,,Steel]Tyranitar||AssaultVest|SandStream|KnockOff,RockSlide,TeraBlast,IcePunch|||M|||50|,,,,,Flying]Salamence||CovertCloak|Intimidate|DracoMeteor,AirSlash,Protect,Tailwind|||M|||50|,,,,,Steel]Magmar||Eviolite|FlameBody|Overheat,FollowMe,Protect,Taunt|||F|||50|,,,,,Dark]Rillaboom||MeadowPlate|GrassySurge|GrassyGlide,WoodHammer,FakeOut,Uturn|||M|||50|,,,,,Grass]Primarina||SitrusBerry|LiquidVoice|HyperVoice,Moonblast,Protect,Haze|||F|||50|,,,,,Ghost
|showteam|p2|Pelipper||FocusSash|Drizzle|WeatherBall,Hurricane,Tailwind,Protect|||M|||50|,,,,,Ghost]Archaludon||AssaultVest|Stamina|FlashCannon,ElectroShot,BodyPress,Snarl|||F|||50|,,,,,Bug]Dragonite||LoadedDice|Multiscale|ScaleShot,Tailwind,Haze,Protect|||F|||50|,,,,,Fairy]Incineroar||SafetyGoggles|Intimidate|KnockOff,WillOWisp,PartingShot,FakeOut|||M|||50|,,,,,Bug]Ursaluna||FlameOrb|Guts|Facade,HeadlongRush,Earthquake,Protect|||M|||50|,,,,,Ghost]Sinistcha||SitrusBerry|Hospitality|MatchaGotcha,LifeDew,RagePowder,TrickRoom||||||50|,,,,,Dark
|inactive|Battle timer is ON: inactive players will automatically lose when time's up. (requested by jowemama)
|j| KyleTampy
|inactive|Oldcow has 60 seconds left.
|
|t:|1756650930
|teamsize|p1|4
|teamsize|p2|4
|start
|switch|p1a: Garchomp|Garchomp, L50, M|100/100
|switch|p1b: Primarina|Primarina, L50, F|100/100
|switch|p2a: Dragonite|Dragonite, L50, F|100/100
|switch|p2b: Incineroar|Incineroar, L50, M|100/100
|-ability|p2b: Incineroar|Intimidate|boost
|-unboost|p1a: Garchomp|atk|1
|-unboost|p1b: Primarina|atk|1
|turn|1
|inactive|jowemama has 30 seconds left.
|inactive|Oldcow has 30 seconds left.
|inactive|jowemama has 20 seconds left.
|
|t:|1756650974
|switch|p1a: Salamence|Salamence, L50, M|100/100
|-ability|p1a: Salamence|Intimidate|boost
|-unboost|p2a: Dragonite|atk|1
|-unboost|p2b: Incineroar|atk|1
|move|p2a: Dragonite|Protect|p2a: Dragonite
|-singleturn|p2a: Dragonite|Protect
|move|p2b: Incineroar|Parting Shot|p1b: Primarina
|-unboost|p1b: Primarina|atk|1
|-unboost|p1b: Primarina|spa|1
|
|t:|1756650985
|switch|p2b: Ursaluna|Ursaluna, L50, M|100/100|[from] Parting Shot
|move|p1b: Primarina|Hyper Voice|p2b: Ursaluna|[spread] p2b
|-activate|p2a: Dragonite|move: Protect
|-supereffective|p2b: Ursaluna
|-damage|p2b: Ursaluna|53/100
|
|-status|p2b: Ursaluna|brn|[from] item: Flame Orb
|upkeep
|turn|2
|inactive|jowemama has 30 seconds left.
|
|t:|1756651018
|switch|p2b: Sinistcha|Sinistcha, L50|100/100
|move|p1a: Salamence|Draco Meteor|p2b: Sinistcha
|-damage|p2b: Sinistcha|55/100
|-unboost|p1a: Salamence|spa|2
|move|p2a: Dragonite|Scale Shot|p1a: Salamence
|-supereffective|p1a: Salamence
|-damage|p1a: Salamence|79/100
|-supereffective|p1a: Salamence
|-damage|p1a: Salamence|58/100
|-supereffective|p1a: Salamence
|-crit|p1a: Salamence
|-damage|p1a: Salamence|15/100
|-supereffective|p1a: Salamence
|-damage|p1a: Salamence|0 fnt
|faint|p1a: Salamence
|-hitcount|p1: Salamence|4
|-unboost|p2a: Dragonite|def|1
|-boost|p2a: Dragonite|spe|1
|move|p1b: Primarina|Moonblast|p2a: Dragonite
|-supereffective|p2a: Dragonite
|-damage|p2a: Dragonite|68/100
|
|upkeep
|
|t:|1756651040
|switch|p1a: Tyranitar|Tyranitar, L50, M|100/100
|-weather|Sandstorm|[from] ability: Sand Stream|[of] p1a: Tyranitar
|turn|3
|
|t:|1756651057
|switch|p2b: Incineroar|Incineroar, L50, M|100/100
|-ability|p2b: Incineroar|Intimidate|boost
|-unboost|p1a: Tyranitar|atk|1
|-unboost|p1b: Primarina|atk|1
|-terastallize|p1a: Tyranitar|Flying
|move|p2a: Dragonite|Tailwind|p2a: Dragonite
|-sidestart|p2: jowemama|move: Tailwind
|move|p1b: Primarina|Moonblast|p2a: Dragonite
|-supereffective|p2a: Dragonite
|-damage|p2a: Dragonite|0 fnt
|faint|p2a: Dragonite
|move|p1a: Tyranitar|Rock Slide|p2b: Incineroar
|-supereffective|p2b: Incineroar
|-damage|p2b: Incineroar|38/100
|
|-weather|Sandstorm|[upkeep]
|-damage|p1b: Primarina|95/100|[from] Sandstorm
|-damage|p1a: Tyranitar|95/100|[from] Sandstorm
|upkeep
|
|t:|1756651068
|switch|p2a: Ursaluna|Ursaluna, L50, M|53/100 brn
|turn|4
|inactive|Oldcow has 30 seconds left.
|
|t:|1756651096
|switch|p1a: Garchomp|Garchomp, L50, M|100/100
|move|p2b: Incineroar|Fake Out|p1a: Garchomp
|-damage|p1a: Garchomp|90/100
|move|p2a: Ursaluna|Headlong Rush|p1b: Primarina
|-damage|p1b: Primarina|0 fnt
|-unboost|p2a: Ursaluna|def|1
|-unboost|p2a: Ursaluna|spd|1
|faint|p1b: Primarina
|
|-weather|Sandstorm|[upkeep]
|-damage|p2a: Ursaluna|47/100 brn|[from] brn
|upkeep
|
|t:|1756651107
|switch|p1b: Tyranitar|Tyranitar, L50, M, tera:Flying|95/100
|turn|5
|
|t:|1756651121
|switch|p2a: Sinistcha|Sinistcha, L50|55/100
|-heal|p2b: Incineroar|63/100|[from] ability: Hospitality|[of] p2a: Sinistcha
|move|p1a: Garchomp|Protect|p1a: Garchomp
|-singleturn|p1a: Garchomp|Protect
|move|p2b: Incineroar|Will-O-Wisp|p1b: Tyranitar
|-status|p1b: Tyranitar|brn
|move|p1b: Tyranitar|Rock Slide|p2b: Incineroar|[spread] p2a,p2b
|-supereffective|p2b: Incineroar
|-damage|p2a: Sinistcha|40/100
|-damage|p2b: Incineroar|34/100
|-enditem|p2a: Sinistcha|Sitrus Berry|[eat]
|-heal|p2a: Sinistcha|65/100|[from] item: Sitrus Berry
|
|-weather|Sandstorm|[upkeep]
|-damage|p2a: Sinistcha|58/100|[from] Sandstorm
|-damage|p1b: Tyranitar|89/100 brn|[from] Sandstorm
|-damage|p1b: Tyranitar|83/100 brn|[from] brn
|upkeep
|turn|6
|
|t:|1756651142
|move|p2b: Incineroar|Will-O-Wisp|p1a: Garchomp|[miss]
|-miss|p2b: Incineroar|p1a: Garchomp
|move|p1a: Garchomp|Stomping Tantrum|p2b: Incineroar
|-supereffective|p2b: Incineroar
|-damage|p2b: Incineroar|0 fnt
|faint|p2b: Incineroar
|-damage|p1a: Garchomp|80/100|[from] item: Life Orb
|move|p1b: Tyranitar|Knock Off|p2a: Sinistcha
|-supereffective|p2a: Sinistcha
|-damage|p2a: Sinistcha|21/100
|move|p2a: Sinistcha|Trick Room|p2a: Sinistcha
|-fieldstart|move: Trick Room|[of] p2a: Sinistcha
|
|-weather|Sandstorm|[upkeep]
|-damage|p1b: Tyranitar|77/100 brn|[from] Sandstorm
|-damage|p2a: Sinistcha|15/100|[from] Sandstorm
|-damage|p1b: Tyranitar|72/100 brn|[from] brn
|-sideend|p2: jowemama|move: Tailwind
|upkeep
|
|t:|1756651145
|switch|p2b: Ursaluna|Ursaluna, L50, M|47/100 brn
|turn|7
|inactive|jowemama has 30 seconds left.
|
|t:|1756651172
|move|p1b: Tyranitar|Knock Off|p2b: Ursaluna
|-damage|p2b: Ursaluna|25/100 brn
|-enditem|p2b: Ursaluna|Flame Orb|[from] move: Knock Off|[of] p1b: Tyranitar
|move|p2a: Sinistcha|Life Dew|p2a: Sinistcha|[spread] p2a,p2b
|-heal|p2a: Sinistcha|40/100
|-heal|p2b: Ursaluna|50/100 brn
|move|p2b: Ursaluna|Facade|p1a: Garchomp|[miss]
|-miss|p2b: Ursaluna|p1a: Garchomp
|move|p1a: Garchomp|Rock Slide|p2b: Ursaluna|[spread] p2a,p2b
|-resisted|p2b: Ursaluna
|-damage|p2a: Sinistcha|13/100
|-damage|p2b: Ursaluna|38/100 brn
|-damage|p1a: Garchomp|70/100|[from] item: Life Orb
|
|-weather|none
|-damage|p1b: Tyranitar|66/100 brn|[from] brn
|-damage|p2b: Ursaluna|32/100 brn|[from] brn
|upkeep
|turn|8
|c|☆Oldcow|sand veil clutch hahaha
|c|☆jowemama|yeah haha
|inactive|Oldcow has 30 seconds left.
|inactive|Oldcow has 20 seconds left.
|inactive|Oldcow has 15 seconds left.
|inactive|jowemama has 30 seconds left.
|inactive|jowemama has 20 seconds left.
|
|t:|1756651226
|-terastallize|p2a: Sinistcha|Dark
|move|p1b: Tyranitar|Tera Blast|p2b: Ursaluna|[anim] Tera Blast Flying
|-damage|p2b: Ursaluna|14/100 brn
|move|p2a: Sinistcha|Life Dew|p2a: Sinistcha|[spread] p2a,p2b
|-heal|p2a: Sinistcha|38/100
|-heal|p2b: Ursaluna|39/100 brn
|move|p2b: Ursaluna|Facade|p1a: Garchomp
|-damage|p1a: Garchomp|0 fnt
|faint|p1a: Garchomp
|
|-damage|p1b: Tyranitar|60/100 brn|[from] brn
|-damage|p2b: Ursaluna|33/100 brn|[from] brn
|upkeep
|turn|9
|
|t:|1756651241
|move|p1b: Tyranitar|Rock Slide|p2a: Sinistcha|[spread] p2a,p2b
|-resisted|p2b: Ursaluna
|-damage|p2a: Sinistcha|22/100
|-damage|p2b: Ursaluna|27/100 brn
|cant|p2a: Sinistcha|flinch
|cant|p2b: Ursaluna|flinch
|
|-damage|p1b: Tyranitar|54/100 brn|[from] brn
|-damage|p2b: Ursaluna|21/100 brn|[from] brn
|upkeep
|turn|10
|
|t:|1756651255
|move|p1b: Tyranitar|Rock Slide|p2a: Sinistcha|[spread] p2a,p2b
|-resisted|p2b: Ursaluna
|-damage|p2a: Sinistcha|7/100
|-damage|p2b: Ursaluna|15/100 brn
|move|p2a: Sinistcha|Life Dew|p2a: Sinistcha|[spread] p2a,p2b
|-heal|p2a: Sinistcha|33/100
|-heal|p2b: Ursaluna|40/100 brn
|move|p2b: Ursaluna|Facade|p1b: Tyranitar
|-damage|p1b: Tyranitar|0 fnt
|faint|p1b: Tyranitar
|
|win|jowemama
||jowemama is ready for game 3.
|c|☆Oldcow|close game
|inactive|Oldcow has 30 seconds to confirm battle start!
||Oldcow is ready for game 3.
|uhtml|next|Next: Game 3 of 3
