|j|☆XXX_AMONGUS_XXX69
|j|☆Rugss
|html|XXX_AMONGUS_XXX69Rugss    
|uhtml|bestof|Game 2 of a best-of-3
|t:|1784160838
|gametype|doubles
|player|p1|XXX_AMONGUS_XXX69|roxie|1101
|player|p2|Rugss|lucas|1053
|gen|9
|tier|[Gen 9 Champions] VGC 2026 Reg M-B (Bo3)
|rated|
|rule|Species Clause: Limit one of each Pokémon
|rule|Item Clause: Limit 1 of each item
|clearpoke
|poke|p1|Froslass, L50, F|
|poke|p1|Dragonite, L50, M|
|poke|p1|Toxapex, L50, F|
|poke|p1|Sneasler, L50, F|
|poke|p1|Kingambit, L50, M|
|poke|p1|Blaziken, L50, M|
|poke|p2|Toxapex, L50, M|
|poke|p2|Charizard, L50, F, shiny|
|poke|p2|Gliscor, L50, F|
|poke|p2|Incineroar, L50, F|
|poke|p2|Mamoswine, L50, M|
|poke|p2|Raichu, L50, M|
|teampreview|4
|showteam|p1|Froslass||Froslassite|CursedBody|Blizzard,ShadowBall,AuroraVeil,Protect|Timid||F|||50|]Dragonite||LifeOrb|InnerFocus|DragonClaw,ExtremeSpeed,LowKick,Protect|Adamant||M|||50|]Toxapex||Leftovers|Regenerator|Infestation,Toxic,WideGuard,BanefulBunker|Bold||F|||50|]Sneasler||FocusSash|PoisonTouch|CloseCombat,PoisonJab,FakeOut,Protect|Jolly||F|||50|]Kingambit||BlackGlasses|Defiant|KowtowCleave,IronHead,SuckerPunch,Protect|Adamant||M|||50|]Blaziken||Blazikenite|SpeedBoost|CloseCombat,FlareBlitz,RockSlide,Protect|Adamant||M|||50|
|showteam|p2|Toxapex||Leftovers|Regenerator|Infestation,Toxic,WideGuard,BanefulBunker|Bold||M|||50|]Charizard||CharizarditeY|Blaze|HeatWave,Protect,SolarBeam,WeatherBall|Timid||F|||50|]Gliscor||YacheBerry|HyperCutter|StealthRock,RockSlide,Protect,DualWingbeat|Jolly||F|||50|]Incineroar||SitrusBerry|Intimidate|FakeOut,PartingShot,FlareBlitz,ThroatChop|Impish||F|||50|]Mamoswine||FocusSash|Oblivious|Earthquake,IceShard,IcicleCrash,Protect|Adamant||M|||50|]Raichu||RaichuniteY|Static|FakeOut,Protect,ZapCannon,FocusBlast|Timid||M|||50|
|
|t:|1784160878
|teamsize|p1|4
|teamsize|p2|4
|start
|switch|p1a: Kingambit|Kingambit, L50, M|100/100
|switch|p1b: Sneasler|Sneasler, L50, F|100/100
|switch|p2a: Charizard|Charizard, L50, F, shiny|100/100
|switch|p2b: Mamoswine|Mamoswine, L50, M|100/100
|turn|1
|
|t:|1784160904
|detailschange|p2a: Charizard|Charizard-Mega-Y, L50, F, shiny
|-mega|p2a: Charizard|Charizard|Charizardite Y
|-weather|SunnyDay|[from] ability: Drought|[of] p2a: Charizard
|move|p1b: Sneasler|Fake Out|p2a: Charizard
|-damage|p2a: Charizard|83/100
|move|p1a: Kingambit|Sucker Punch|p2b: Mamoswine
|-damage|p2b: Mamoswine|41/100
|cant|p2a: Charizard|flinch
|move|p2b: Mamoswine|Earthquake|p1a: Kingambit|[spread] p1a,p1b
|-immune|p2a: Charizard
|-supereffective|p1a: Kingambit|1
|-supereffective|p1b: Sneasler|1
|-damage|p1a: Kingambit|42/100
|-enditem|p1b: Sneasler|Focus Sash
|-damage|p1b: Sneasler|1/100
|
|-weather|SunnyDay|[upkeep]
|upkeep
|turn|2
|
|t:|1784160941
|switch|p2b: Toxapex|Toxapex, L50, M|100/100
|move|p1a: Kingambit|Sucker Punch|p2a: Charizard
|-damage|p2a: Charizard|27/100
|move|p1b: Sneasler|Poison Jab|p2b: Toxapex
|-resisted|p2b: Toxapex|1
|-damage|p2b: Toxapex|85/100
|move|p2a: Charizard|Heat Wave|p1a: Kingambit|[spread] p1a,p1b
|-supereffective|p1a: Kingambit|1
|-damage|p1a: Kingambit|0 fnt
|-damage|p1b: Sneasler|0 fnt
|faint|p1a: Kingambit
|faint|p1b: Sneasler
|
|-weather|SunnyDay|[upkeep]
|-heal|p2b: Toxapex|91/100|[from] item: Leftovers
|upkeep
|
|t:|1784160952
|switch|p1b: Froslass|Froslass, L50, F|100/100
|switch|p1a: Toxapex|Toxapex, L50, F|100/100
|turn|3
|
|t:|1784160978
|switch|p2a: Incineroar|Incineroar, L50, F|100/100
|-ability|p2a: Incineroar|Intimidate|boost
|-unboost|p1a: Toxapex|atk|1
|-unboost|p1b: Froslass|atk|1
|detailschange|p1b: Froslass|Froslass-Mega, L50, F
|-mega|p1b: Froslass|Froslass|Froslassite
|-weather|Snowscape|[from] ability: Snow Warning|[of] p1b: Froslass
|move|p1b: Froslass|Aurora Veil|p1b: Froslass
|-sidestart|p1: XXX_AMONGUS_XXX69|move: Aurora Veil
|move|p2b: Toxapex|Toxic|p1b: Froslass
|-status|p1b: Froslass|tox
|move|p1a: Toxapex|Infestation|p2b: Toxapex
|-resisted|p2b: Toxapex|1
|-damage|p2b: Toxapex|90/100
|-activate|p2b: Toxapex|move: Infestation|[of] p1a: Toxapex
|
|-weather|Snowscape|[upkeep]
|-heal|p2b: Toxapex|96/100|[from] item: Leftovers
|-damage|p1b: Froslass|94/100 tox|[from] psn
|-damage|p2b: Toxapex|84/100|[from] move: Infestation|[partiallytrapped]
|upkeep
|turn|4
|
|t:|1784161031
|move|p1b: Froslass|Shadow Ball|p2b: Toxapex
|-damage|p2b: Toxapex|55/100
|-unboost|p2b: Toxapex|spd|1
|move|p2a: Incineroar|Parting Shot|p1b: Froslass
|-unboost|p1b: Froslass|atk|1
|-unboost|p1b: Froslass|spa|1
|
|t:|1784161043
|switch|p2a: Charizard|Charizard-Mega-Y, L50, F, shiny|27/100|[from] Parting Shot
|-weather|SunnyDay|[from] ability: Drought|[of] p2a: Charizard
|move|p2b: Toxapex|Infestation|p1a: Toxapex
|-resisted|p1a: Toxapex|1
|-damage|p1a: Toxapex|99/100
|-activate|p1a: Toxapex|move: Infestation|[of] p2b: Toxapex
|move|p1a: Toxapex|Toxic|p2a: Charizard
|-status|p2a: Charizard|tox
|
|-weather|SunnyDay|[upkeep]
|-heal|p2b: Toxapex|61/100|[from] item: Leftovers
|-heal|p1a: Toxapex|100/100|[from] item: Leftovers
|-damage|p1b: Froslass|82/100 tox|[from] psn
|-damage|p2a: Charizard|21/100 tox|[from] psn
|-damage|p2b: Toxapex|49/100|[from] move: Infestation|[partiallytrapped]
|-damage|p1a: Toxapex|87/100|[from] move: Infestation|[partiallytrapped]
|upkeep
|turn|5
|c|☆XXX_AMONGUS_XXX69|Yeah I know I'm using it but
|c|☆XXX_AMONGUS_XXX69|This toxapex thing
|c|☆XXX_AMONGUS_XXX69|Is something.
|-message|XXX_AMONGUS_XXX69 forfeited.
|
|win|Rugss
|raw|XXX_AMONGUS_XXX69's rating: 1101 → 1073(-28 for losing)
|raw|Rugss's rating: 1053 → 1089(+36 for winning)
|l|☆XXX_AMONGUS_XXX69
|player|p1|
