|j|☆That1Morpecko
|j|☆Fell Blue
|html|That1MorpeckoFell Blue    
|uhtml|bestof|Game 3 of a best-of-3
|t:|1783378024
|gametype|doubles
|player|p1|That1Morpecko|hiker-gen4|1158
|player|p2|Fell Blue|fantina|1307
|gen|9
|tier|[Gen 9 Champions] VGC 2026 Reg M-B (Bo3)
|rated|
|rule|Species Clause: Limit one of each Pokémon
|rule|Item Clause: Limit 1 of each item
|clearpoke
|poke|p1|Archaludon, L50, M|
|poke|p1|Pelipper, L50, M|
|poke|p1|Grimmsnarl, L50, M|
|poke|p1|Metagross, L50|
|poke|p1|Sinistcha, L50|
|poke|p1|Swampert, L50, M|
|poke|p2|Mawile, L50, F|
|poke|p2|Farigiraf, L50, F|
|poke|p2|Drampa, L50, M|
|poke|p2|Kleavor, L50, M|
|poke|p2|Araquanid, L50, M|
|poke|p2|Incineroar, L50, F|
|teampreview|4
|showteam|p1|Archaludon||Leftovers|Stamina|Protect,ElectroShot,FlashCannon,DragonPulse|Modest||M|||50|]Pelipper||WacanBerry|Drizzle|WideGuard,Tailwind,WeatherBall,Hurricane|Modest||M|||50|]Grimmsnarl||LightClay|Prankster|FoulPlay,PartingShot,LightScreen,Reflect|Calm||M|||50|]Metagross||Metagrossite|ClearBody|IronHead,Protect,BodyPress,PsychicFangs|Jolly|||||50|]Sinistcha||CobaBerry|Hospitality|Protect,TrickRoom,MatchaGotcha,RagePowder|Relaxed|||||50|]Swampert||Swampertite|Damp|Protect,IcePunch,WaveCrash,Earthquake|Adamant||M|||50|
|showteam|p2|Mawile||Mawilite|HyperCutter|RockSlide,PlayRough,SuckerPunch,BrickBreak|Brave||F|||50|]Farigiraf||SitrusBerry|ArmorTail|Thunderbolt,HelpingHand,Psychic,TrickRoom|Modest||F|||50|]Drampa||Drampanite|CloudNine|EarthPower,EnergyBall,Thunderbolt,Protect|Quiet||M|||50|]Kleavor||FocusSash|Sharpness|Feint,XScissor,StoneAxe,CloseCombat|Brave||M|||50|]Araquanid||MysticWater|WaterBubble|Surf,HydroPump,MirrorCoat,Endeavor|Quiet||M|||50|]Incineroar||LifeOrb|Intimidate|CloseCombat,FlareBlitz,FakeOut,ThroatChop|Brave||F|||50|
|inactive|Battle timer is ON: inactive players will automatically lose when time's up. (requested by That1Morpecko)
|
|t:|1783378045
|teamsize|p1|4
|teamsize|p2|4
|start
|switch|p1a: Swampert|Swampert, L50, M|100/100
|switch|p1b: Grimmsnarl|Grimmsnarl, L50, M|100/100
|switch|p2a: Farigiraf|Farigiraf, L50, F|100/100
|switch|p2b: Araquanid|Araquanid, L50, M|100/100
|turn|1
|inactive|That1Morpecko has 30 seconds left.
|
|t:|1783378071
|switch|p1b: Pelipper|Pelipper, L50, M|100/100
|-weather|RainDance|[from] ability: Drizzle|[of] p1b: Pelipper
|detailschange|p1a: Swampert|Swampert-Mega, L50, M
|-mega|p1a: Swampert|Swampert|Swampertite
|move|p1a: Swampert|Wave Crash|p2b: Araquanid
|-resisted|p2b: Araquanid|1
|-damage|p2b: Araquanid|37/100
|-damage|p1a: Swampert|80/100|[from] Recoil
|move|p2b: Araquanid|Hydro Pump|p1b: Pelipper|[miss]
|-miss|p2b: Araquanid|p1b: Pelipper
|move|p2a: Farigiraf|Trick Room|p2a: Farigiraf
|-fieldstart|move: Trick Room|[of] p2a: Farigiraf
|
|-weather|RainDance|[upkeep]
|upkeep
|turn|2
|
|t:|1783378089
|move|p2a: Farigiraf|Helping Hand|p2b: Araquanid
|-singleturn|p2b: Araquanid|Helping Hand|[of] p2a: Farigiraf
|move|p1a: Swampert|Protect|p1a: Swampert
|-singleturn|p1a: Swampert|Protect
|move|p2b: Araquanid|Hydro Pump|p1a: Swampert
|-activate|p1a: Swampert|move: Protect
|move|p1b: Pelipper|Hurricane|p2b: Araquanid
|-supereffective|p2b: Araquanid|1
|-damage|p2b: Araquanid|0 fnt
|faint|p2b: Araquanid
|
|-weather|RainDance|[upkeep]
|upkeep
|
|t:|1783378094
|switch|p2b: Drampa|Drampa, L50, M|100/100
|-ability|p2b: Drampa|Cloud Nine
|turn|3
|inactive|That1Morpecko has 30 seconds left.
|
|t:|1783378124
|switch|p1a: Archaludon|Archaludon, L50, M|100/100
|move|p2b: Drampa|Thunderbolt|p1b: Pelipper
|-supereffective|p1b: Pelipper|2
|-enditem|p1b: Pelipper|Wacan Berry|[eat]
|-enditem|p1b: Pelipper|Wacan Berry|[weaken]
|-damage|p1b: Pelipper|25/100
|move|p2a: Farigiraf|Thunderbolt|p1b: Pelipper
|-supereffective|p1b: Pelipper|2
|-damage|p1b: Pelipper|0 fnt
|faint|p1b: Pelipper
|
|-weather|RainDance|[upkeep]
|upkeep
|
|t:|1783378135
|switch|p1b: Grimmsnarl|Grimmsnarl, L50, M|100/100
|turn|4
|
|t:|1783378143
|move|p2b: Drampa|Thunderbolt|p1b: Grimmsnarl
|-damage|p1b: Grimmsnarl|69/100
|-status|p1b: Grimmsnarl|par
|move|p1b: Grimmsnarl|Foul Play|p2b: Drampa
|-crit|p2b: Drampa
|-damage|p2b: Drampa|67/100
|move|p2a: Farigiraf|Thunderbolt|p1b: Grimmsnarl
|-damage|p1b: Grimmsnarl|49/100 par
|move|p1a: Archaludon|Dragon Pulse|p2b: Drampa
|-supereffective|p2b: Drampa|1
|-damage|p2b: Drampa|4/100
|
|-weather|RainDance|[upkeep]
|upkeep
|turn|5
|inactive|That1Morpecko has 30 seconds left.
|inactive|Fell Blue has 30 seconds left.
|
|t:|1783378170
|move|p2b: Drampa|Protect|p2b: Drampa
|-singleturn|p2b: Drampa|Protect
|move|p1b: Grimmsnarl|Foul Play|p2b: Drampa
|-activate|p2b: Drampa|move: Protect
|move|p2a: Farigiraf|Thunderbolt|p1b: Grimmsnarl
|-damage|p1b: Grimmsnarl|28/100 par
|move|p1a: Archaludon|Dragon Pulse|p2b: Drampa
|-activate|p2b: Drampa|move: Protect
|
|-weather|none
|-fieldend|move: Trick Room
|upkeep
|turn|6
|
|t:|1783378181
|move|p1a: Archaludon|Dragon Pulse|p2a: Farigiraf
|-damage|p2a: Farigiraf|65/100
|move|p2b: Drampa|Earth Power|p1a: Archaludon
|-supereffective|p1a: Archaludon|1
|-damage|p1a: Archaludon|38/100
|-unboost|p1a: Archaludon|spd|1
|-ability|p1a: Archaludon|Stamina|boost
|-boost|p1a: Archaludon|def|1
|move|p1b: Grimmsnarl|Foul Play|p2a: Farigiraf
|-supereffective|p2a: Farigiraf|1
|-damage|p2a: Farigiraf|17/100
|-enditem|p2a: Farigiraf|Sitrus Berry|[eat]
|-heal|p2a: Farigiraf|42/100|[from] item: Sitrus Berry
|move|p2a: Farigiraf|Trick Room|p2a: Farigiraf
|-fieldstart|move: Trick Room|[of] p2a: Farigiraf
|
|-heal|p1a: Archaludon|44/100|[from] item: Leftovers
|upkeep
|turn|7
|
|t:|1783378194
|move|p1a: Archaludon|Protect|p1a: Archaludon
|-singleturn|p1a: Archaludon|Protect
|move|p1b: Grimmsnarl|Foul Play|p2b: Drampa
|-damage|p2b: Drampa|0 fnt
|faint|p2b: Drampa
|move|p2a: Farigiraf|Thunderbolt|p1b: Grimmsnarl
|-damage|p1b: Grimmsnarl|7/100 par
|
|-heal|p1a: Archaludon|50/100g|[from] item: Leftovers
|upkeep
|
|t:|1783378196
|switch|p2b: Mawile|Mawile, L50, F|100/100
|turn|8
|
|t:|1783378208
|detailschange|p2b: Mawile|Mawile-Mega, L50, F
|-mega|p2b: Mawile|Mawile|Mawilite
|move|p2a: Farigiraf|Helping Hand|p2b: Mawile
|-singleturn|p2b: Mawile|Helping Hand|[of] p2a: Farigiraf
|cant|p1b: Grimmsnarl|par
|move|p2b: Mawile|Brick Break|p1a: Archaludon
|-supereffective|p1a: Archaludon|1
|-damage|p1a: Archaludon|0 fnt
|faint|p1a: Archaludon
|
|upkeep
|
|t:|1783378215
|switch|p1a: Swampert|Swampert-Mega, L50, M|80/100
|turn|9
|
|t:|1783378236
|move|p2a: Farigiraf|Helping Hand|p2b: Mawile
|-singleturn|p2b: Mawile|Helping Hand|[of] p2a: Farigiraf
|cant|p1b: Grimmsnarl|par
|move|p2b: Mawile|Play Rough|p1a: Swampert
|-damage|p1a: Swampert|0 fnt
|faint|p1a: Swampert
|
|upkeep
|turn|10
|
|t:|1783378248
|move|p2b: Mawile|Sucker Punch|p1b: Grimmsnarl
|-resisted|p1b: Grimmsnarl|2
|-damage|p1b: Grimmsnarl|0 fnt
|faint|p1b: Grimmsnarl
|
|win|Fell Blue
|raw|That1Morpecko's rating: 1158 → 1143(-15 for losing)
|raw|Fell Blue's rating: 1307 → 1319(+12 for winning)
|l|☆That1Morpecko
|player|p1|
