|j|☆Giraldo567
|j|☆dracozard9
|html|Giraldo567dracozard9    
|uhtml|bestof|Game 2 of a best-of-3
|t:|1757746402
|gametype|doubles
|player|p1|Giraldo567|265|1140
|player|p2|dracozard9|nate|1028
|gen|9
|tier|[Gen 9] VGC 2025 Reg H (Bo3)
|rated|
|rule|Species Clause: Limit one of each Pokémon
|rule|Item Clause: Limit 1 of each item
|clearpoke
|poke|p1|Archaludon, L50, M|
|poke|p1|Pelipper, L50, F|
|poke|p1|Electabuzz, L50, M|
|poke|p1|Incineroar, L50, F|
|poke|p1|Gholdengo, L50|
|poke|p2|Dondozo, L50, F|
|poke|p2|Tatsugiri, L50, F|
|poke|p2|Dragonite, L50, M|
|poke|p2|Pawmot, L50, F|
|poke|p2|Gholdengo, L50|
|poke|p2|Talonflame, L50, F|
|teampreview|4
|showteam|p1|Archaludon||PowerHerb|Stalwart|Protect,ElectroShot,FlashCannon,DracoMeteor|||M|||50|,,,,,Electric]Pelipper||DampRock|Drizzle|Tailwind,Protect,WeatherBall,Hurricane|||F|||50|,,,,,Dragon]Electabuzz||Eviolite|VitalSpirit|Electroweb,Thunderbolt,KnockOff,FollowMe|||M|||50|,,,,,Ghost]Incineroar||SafetyGoggles|Intimidate|FakeOut,PartingShot,KnockOff,FlareBlitz|||F|||50|,,,,,Bug]Gholdengo||LifeOrb|GoodasGold|Protect,NastyPlot,ShadowBall,MakeItRain||||||50|,,,,,Water
|showteam|p2|Dondozo||Leftovers|Unaware|WaveCrash,OrderUp,Earthquake,Protect|||F|||50|,,,,,Grass]Tatsugiri||ChoiceScarf|Commander|DracoMeteor,MuddyWater,IcyWind,DragonPulse|||F|||50|,,,,,Steel]Dragonite||ChoiceBand|InnerFocus|ExtremeSpeed,StompingTantrum,BrickBreak,Outrage|||M|||50|,,,,,Normal]Pawmot||FocusSash|NaturalCure|DoubleShock,FakeOut,CloseCombat,RevivalBlessing|||F|||50|,,,,,Electric]Gholdengo||ChoiceSpecs|GoodasGold|MakeItRain,ShadowBall,Thunderbolt,Trick||||||50|,,,,,Steel]Talonflame||CovertCloak|GaleWings|Tailwind,BraveBird,FlareBlitz,WillOWisp|||F|||50|,,,,,Flying
|inactive|Battle timer is ON: inactive players will automatically lose when time's up. (requested by dracozard9)
|inactive|dracozard9 has 60 seconds left.
|
|t:|1757746455
|teamsize|p1|4
|teamsize|p2|4
|start
|switch|p1a: Pelipper|Pelipper, L50, F|100/100
|switch|p1b: Electabuzz|Electabuzz, L50, M|100/100
|switch|p2a: Dragonite|Dragonite, L50, M|100/100
|switch|p2b: Pawmot|Pawmot, L50, F|100/100
|-weather|RainDance|[from] ability: Drizzle|[of] p1a: Pelipper
|turn|1
|
|t:|1757746479
|-terastallize|p1a: Pelipper|Dragon
|move|p2b: Pawmot|Fake Out|p1a: Pelipper
|-damage|p1a: Pelipper|89/100
|move|p1b: Electabuzz|Electroweb|p2b: Pawmot|[spread] p2a,p2b
|-resisted|p2b: Pawmot
|-damage|p2a: Dragonite|86/100
|-damage|p2b: Pawmot|85/100
|-unboost|p2a: Dragonite|spe|1
|-unboost|p2b: Pawmot|spe|1
|cant|p1a: Pelipper|flinch
|move|p2a: Dragonite|Stomping Tantrum|p1b: Electabuzz
|-supereffective|p1b: Electabuzz
|-damage|p1b: Electabuzz|30/100
|
|-weather|RainDance|[upkeep]
|upkeep
|turn|2
|inactive|dracozard9 has 30 seconds left.
|inactive|dracozard9 has 20 seconds left.
|inactive|dracozard9 has 15 seconds left.
|
|t:|1757746519
|switch|p1b: Archaludon|Archaludon, L50, M|100/100
|switch|p2b: Dondozo|Dondozo, L50, F|100/100
|move|p1a: Pelipper|Hurricane|p2b: Dondozo
|-damage|p2b: Dondozo|61/100
|move|p2a: Dragonite|Stomping Tantrum|p1b: Archaludon
|-supereffective|p1b: Archaludon
|-damage|p1b: Archaludon|20/100
|
|-weather|RainDance|[upkeep]
|-heal|p2b: Dondozo|67/100|[from] item: Leftovers
|upkeep
|turn|3
|
|t:|1757746538
|move|p1b: Archaludon|Electro Shot||[still]
|-prepare|p1b: Archaludon|Electro Shot
|-boost|p1b: Archaludon|spa|1
|-anim|p1b: Archaludon|Electro Shot|p2a: Dragonite
|-damage|p2a: Dragonite|25/100
|move|p2b: Dondozo|Earthquake|p1b: Archaludon|[spread] p1a,p1b
|-immune|p2a: Dragonite
|-supereffective|p1b: Archaludon
|-damage|p1a: Pelipper|70/100
|-damage|p1b: Archaludon|0 fnt
|faint|p1b: Archaludon
|move|p1a: Pelipper|Tailwind|p1a: Pelipper
|-sidestart|p1: Giraldo567|move: Tailwind
|move|p2a: Dragonite|Stomping Tantrum|p1a: Pelipper
|-damage|p1a: Pelipper|30/100
|
|-weather|RainDance|[upkeep]
|-heal|p2b: Dondozo|73/100|[from] item: Leftovers
|upkeep
|
|t:|1757746545
|switch|p1b: Gholdengo|Gholdengo, L50|100/100
|turn|4
|
|t:|1757746556
|move|p1b: Gholdengo|Make It Rain|p2a: Dragonite|[spread] p2a,p2b
|-resisted|p2b: Dondozo
|-damage|p2a: Dragonite|0 fnt
|-damage|p2b: Dondozo|41/100
|-unboost|p1b: Gholdengo|spa|1
|faint|p2a: Dragonite
|-damage|p1b: Gholdengo|91/100|[from] item: Life Orb
|move|p1a: Pelipper|Hurricane|p2b: Dondozo
|-damage|p2b: Dondozo|2/100
|move|p2b: Dondozo|Earthquake|p1a: Pelipper|[spread] p1a,p1b
|-supereffective|p1b: Gholdengo
|-damage|p1a: Pelipper|11/100
|-damage|p1b: Gholdengo|46/100
|
|-weather|RainDance|[upkeep]
|-heal|p2b: Dondozo|8/100|[from] item: Leftovers
|upkeep
|
|t:|1757746560
|switch|p2a: Pawmot|Pawmot, L50, F|85/100
|turn|5
|inactive|dracozard9 has 30 seconds left.
|
|t:|1757746595
|move|p2b: Dondozo|Protect|p2b: Dondozo
|-singleturn|p2b: Dondozo|Protect
|move|p2a: Pawmot|Fake Out|p1a: Pelipper
|-damage|p1a: Pelipper|0 fnt
|faint|p1a: Pelipper
|move|p1b: Gholdengo|Make It Rain|p2b: Dondozo|[spread] p2a
|-activate|p2b: Dondozo|move: Protect
|-resisted|p2a: Pawmot
|-damage|p2a: Pawmot|50/100
|-unboost|p1b: Gholdengo|spa|1
|-damage|p1b: Gholdengo|36/100|[from] item: Life Orb
|
|-weather|RainDance|[upkeep]
|-heal|p2b: Dondozo|14/100|[from] item: Leftovers
|upkeep
|
|t:|1757746598
|switch|p1a: Electabuzz|Electabuzz, L50, M|30/100
|turn|6
|
|t:|1757746610
|move|p1a: Electabuzz|Electroweb|p2b: Dondozo|[spread] p2a,p2b
|-resisted|p2a: Pawmot
|-supereffective|p2b: Dondozo
|-damage|p2a: Pawmot|37/100
|-damage|p2b: Dondozo|0 fnt
|-unboost|p2a: Pawmot|spe|1
|faint|p2b: Dondozo
|move|p1b: Gholdengo|Nasty Plot|p1b: Gholdengo
|-boost|p1b: Gholdengo|spa|2
|move|p2a: Pawmot|Revival Blessing|p2a: Pawmot
|
|t:|1757746616
|-heal|p2: Dragonite|50/100|[from] move: Revival Blessing
|
|-weather|RainDance|[upkeep]
|-sideend|p1: Giraldo567|move: Tailwind
|upkeep
|
|t:|1757746622
|switch|p2b: Dragonite|Dragonite, L50, M|50/100
|turn|7
|
|t:|1757746631
|move|p1a: Electabuzz|Follow Me|p1a: Electabuzz
|-singleturn|p1a: Electabuzz|move: Follow Me
|move|p1b: Gholdengo|Make It Rain|p2a: Pawmot|[spread] p2a,p2b
|-resisted|p2a: Pawmot
|-crit|p2a: Pawmot
|-damage|p2a: Pawmot|0 fnt
|-damage|p2b: Dragonite|0 fnt
|-unboost|p1b: Gholdengo|spa|1
|faint|p2a: Pawmot
|faint|p2b: Dragonite
|-damage|p1b: Gholdengo|26/100|[from] item: Life Orb
|
|-weather|RainDance|[upkeep]
|upkeep
|
|t:|1757746636
|switch|p2b: Gholdengo|Gholdengo, L50|100/100
|turn|8
|
|t:|1757746642
|-terastallize|p2b: Gholdengo|Steel
|move|p1b: Gholdengo|Protect|p1b: Gholdengo
|-singleturn|p1b: Gholdengo|Protect
|move|p2b: Gholdengo|Make It Rain|p1b: Gholdengo|[spread] p1a
|-activate|p1b: Gholdengo|move: Protect
|-resisted|p1a: Electabuzz
|-damage|p1a: Electabuzz|0 fnt
|-unboost|p2b: Gholdengo|spa|1
|faint|p1a: Electabuzz
|
|-weather|none
|upkeep
|turn|9
|
|t:|1757746655
|move|p2b: Gholdengo|Make It Rain|p1b: Gholdengo
|-resisted|p1b: Gholdengo
|-damage|p1b: Gholdengo|0 fnt
|-unboost|p2b: Gholdengo|spa|1
|faint|p1b: Gholdengo
|
|win|dracozard9
||Giraldo567 is ready for game 3.
||dracozard9 is ready for game 3.
|uhtml|next|Next: Game 3 of 3
|l|☆Giraldo567
|player|p1|
|l|☆dracozard9
|player|p2|
