|j|‽Mr James Freak
|j|☆25th_mang
|html|Mr James Freak25th_mang    
|uhtml|bestof|Game 2 of a best-of-3
|t:|1782278770
|gametype|doubles
|player|p1|Mr James Freak|scientist|1188
|player|p2|25th_mang|ballguy|1165
|gen|9
|tier|[Gen 9 Champions] VGC 2026 Reg M-B (Bo3)
|rated|
|rule|Species Clause: Limit one of each Pokémon
|rule|Item Clause: Limit 1 of each item
|clearpoke
|poke|p1|Tyranitar, L50, M, shiny|
|poke|p1|Metagross, L50, shiny|
|poke|p1|Sinistcha-Masterpiece, L50|
|poke|p1|Rotom-Wash, L50, shiny|
|poke|p1|Garchomp, L50, F, shiny|
|poke|p1|Incineroar, L50, F, shiny|
|poke|p2|Crabominable, L50, F|
|poke|p2|Farigiraf, L50, M|
|poke|p2|Incineroar, L50, M|
|poke|p2|Archaludon, L50, F|
|poke|p2|Pelipper, L50, F|
|poke|p2|Sinistcha, L50|
|teampreview|4
|showteam|p1|Tyranitar||Tyranitarite|SandStream|RockSlide,KnockOff,DragonDance,Protect|Adamant||M|||50|]Metagross||Metagrossite|ClearBody|IronHead,PsychicFangs,BodyPress,Protect|Jolly|||||50|]Sinistcha-Masterpiece||SitrusBerry|Hospitality|MatchaGotcha,RagePowder,LifeDew,Protect|Bold|||||50|]Rotom-Wash||Leftovers|Levitate|Electroweb,HydroPump,WillOWisp,Protect|Calm|||||50|]Garchomp||LifeOrb|RoughSkin|Earthquake,RockSlide,ScaleShot,Protect|Jolly||F|||50|]Incineroar||PasshoBerry|Intimidate|FakeOut,PartingShot,FlareBlitz,ThroatChop|Adamant||F|||50|
|showteam|p2|Crabominable||Crabominite|HyperCutter|IceHammer,DrainPunch,Protect,ThunderPunch|Brave||F|||50|]Farigiraf||MentalHerb|ArmorTail|TrickRoom,Psychic,HyperVoice,HelpingHand|Relaxed||M|||50|]Incineroar||Charcoal|Intimidate|FakeOut,FlareBlitz,Assurance,Snarl|Adamant||M|||50|]Archaludon||Magnet|Stalwart|ElectroShot,AuraSphere,DracoMeteor,Protect|Quiet||F|||50|]Pelipper||SharpBeak|Drizzle|Hurricane,WeatherBall,WideGuard,Protect|Modest||F|||50|]Sinistcha||SitrusBerry|Hospitality|MatchaGotcha,RagePowder,LifeDew,TrickRoom|Relaxed|||||50|
|inactive|Battle timer is ON: inactive players will automatically lose when time's up. (requested by 25th_mang)
|inactive|25th_mang has 60 seconds left.
|
|t:|1782278808
|teamsize|p1|4
|teamsize|p2|4
|start
|switch|p1a: Tyranitar|Tyranitar, L50, M, shiny|100/100
|switch|p1b: Rotom|Rotom-Wash, L50, shiny|100/100
|switch|p2a: My1stFlip|Farigiraf, L50, M|100/100
|switch|p2b: My1stRoar|Incineroar, L50, M|100/100
|-weather|Sandstorm|[from] ability: Sand Stream|[of] p1a: Tyranitar
|-ability|p2b: My1stRoar|Intimidate|boost
|-unboost|p1a: Tyranitar|atk|1
|-unboost|p1b: Rotom|atk|1
|turn|1
|
|t:|1782278824
|move|p2b: My1stRoar|Fake Out|p1a: Tyranitar
|-resisted|p1a: Tyranitar|1
|-damage|p1a: Tyranitar|93/100
|move|p1b: Rotom|Hydro Pump|p2b: My1stRoar
|-supereffective|p2b: My1stRoar|1
|-damage|p2b: My1stRoar|24/100
|cant|p1a: Tyranitar|flinch
|move|p2a: My1stFlip|Trick Room|p2a: My1stFlip
|-fieldstart|move: Trick Room|[of] p2a: My1stFlip
|
|-weather|Sandstorm|[upkeep]
|-damage|p2a: My1stFlip|94/100|[from] Sandstorm
|-damage|p2b: My1stRoar|18/100|[from] Sandstorm
|-damage|p1b: Rotom|93/100|[from] Sandstorm
|-heal|p1b: Rotom|100/100|[from] item: Leftovers
|upkeep
|turn|2
|
|t:|1782278842
|move|p2a: My1stFlip|Psychic|p1b: Rotom
|-damage|p1b: Rotom|70/100
|move|p2b: My1stRoar|Assurance|p1b: Rotom
|-damage|p1b: Rotom|11/100
|move|p1a: Tyranitar|Rock Slide|p2b: My1stRoar|[spread] p2a,p2b
|-supereffective|p2b: My1stRoar|1
|-damage|p2a: My1stFlip|74/100
|-damage|p2b: My1stRoar|0 fnt
|faint|p2b: My1stRoar
|move|p1b: Rotom|Hydro Pump|p2a: My1stFlip
|-damage|p2a: My1stFlip|42/100
|
|-weather|Sandstorm|[upkeep]
|-damage|p2a: My1stFlip|36/100|[from] Sandstorm
|-damage|p1b: Rotom|5/100|[from] Sandstorm
|-heal|p1b: Rotom|11/100|[from] item: Leftovers
|upkeep
|
|t:|1782278855
|switch|p2b: Hockey Rivalry|Crabominable, L50, F|100/100
|turn|3
|
|t:|1782278863
|switch|p1a: Sinistcha|Sinistcha-Masterpiece, L50|100/100
|-heal|p1b: Rotom|36/100|[from] ability: Hospitality|[of] p1a: Sinistcha
|move|p1b: Rotom|Protect|p1b: Rotom
|-singleturn|p1b: Rotom|Protect
|move|p2b: Hockey Rivalry|Drain Punch|p1a: Sinistcha
|-immune|p1a: Sinistcha
|move|p2a: My1stFlip|Psychic|p1b: Rotom
|-activate|p1b: Rotom|move: Protect
|
|-weather|Sandstorm|[upkeep]
|-damage|p2b: Hockey Rivalry|94/100|[from] Sandstorm
|-damage|p2a: My1stFlip|30/100|[from] Sandstorm
|-damage|p1a: Sinistcha|94/100|[from] Sandstorm
|-damage|p1b: Rotom|30/100|[from] Sandstorm
|-heal|p1b: Rotom|36/100|[from] item: Leftovers
|upkeep
|turn|4
|
|t:|1782278885
|switch|p1b: Metagross|Metagross, L50, shiny|100/100
|detailschange|p2b: Hockey Rivalry|Crabominable-Mega, L50, F
|-mega|p2b: Hockey Rivalry|Crabominable|Crabominite
|move|p1a: Sinistcha|Protect|p1a: Sinistcha
|-singleturn|p1a: Sinistcha|Protect
|move|p2b: Hockey Rivalry|Ice Hammer|p1a: Sinistcha
|-activate|p1a: Sinistcha|move: Protect
|move|p2a: My1stFlip|Psychic|p1b: Metagross
|-resisted|p1b: Metagross|2
|-damage|p1b: Metagross|91/100
|
|-weather|Sandstorm|[upkeep]
|-damage|p2b: Hockey Rivalry|88/100|[from] Sandstorm
|-damage|p2a: My1stFlip|24/100|[from] Sandstorm
|-damage|p1a: Sinistcha|88/100|[from] Sandstorm
|upkeep
|turn|5
|inactive|25th_mang has 30 seconds left.
|
|t:|1782278918
|switch|p1a: Rotom|Rotom-Wash, L50, shiny|36/100
|move|p1b: Metagross|Protect|p1b: Metagross
|-singleturn|p1b: Metagross|Protect
|move|p2b: Hockey Rivalry|Ice Hammer|p1a: Rotom
|-resisted|p1a: Rotom|1
|-damage|p1a: Rotom|0 fnt
|-unboost|p2b: Hockey Rivalry|spe|1
|faint|p1a: Rotom
|move|p2a: My1stFlip|Hyper Voice|p1b: Metagross
|-activate|p1b: Metagross|move: Protect
|
|-weather|none
|-fieldend|move: Trick Room
|upkeep
|
|t:|1782278935
|switch|p1a: Tyranitar|Tyranitar, L50, M, shiny|93/100
|-weather|Sandstorm|[from] ability: Sand Stream|[of] p1a: Tyranitar
|turn|6
|inactive|25th_mang has 30 seconds left.
|
|t:|1782278969
|switch|p2b: My Direction|Sinistcha, L50|100/100
|-heal|p2a: My1stFlip|49/100|[from] ability: Hospitality|[of] p2b: My Direction
|detailschange|p1b: Metagross|Metagross-Mega, L50, shiny
|-mega|p1b: Metagross|Metagross|Metagrossite
|move|p1b: Metagross|Iron Head|p2b: My Direction
|-damage|p2b: My Direction|60/100
|move|p1a: Tyranitar|Knock Off|p2a: My1stFlip
|-supereffective|p2a: My1stFlip|1
|-damage|p2a: My1stFlip|0 fnt
|-enditem|p2a: My1stFlip|Mental Herb|[from] move: Knock Off|[of] p1a: Tyranitar
|faint|p2a: My1stFlip
|
|-weather|Sandstorm|[upkeep]
|-damage|p2b: My Direction|54/100|[from] Sandstorm
|upkeep
|
|t:|1782278980
|switch|p2a: Hockey Rivalry|Crabominable-Mega, L50, F|88/100
|turn|7
|
|t:|1782278996
|move|p2b: My Direction|Rage Powder|p2b: My Direction
|-singleturn|p2b: My Direction|move: Rage Powder
|move|p1b: Metagross|Psychic Fangs|p2b: My Direction
|-damage|p2b: My Direction|7/100
|-enditem|p2b: My Direction|Sitrus Berry|[eat]
|-heal|p2b: My Direction|32/100|[from] item: Sitrus Berry
|move|p1a: Tyranitar|Rock Slide|p2a: Hockey Rivalry|[spread] p2a,p2b
|-damage|p2a: Hockey Rivalry|63/100
|-damage|p2b: My Direction|4/100
|move|p2a: Hockey Rivalry|Drain Punch|p1a: Tyranitar
|-supereffective|p1a: Tyranitar|2
|-damage|p1a: Tyranitar|0 fnt
|-heal|p2a: Hockey Rivalry|100/100|[from] drain|[of] p1a: Tyranitar
|faint|p1a: Tyranitar
|
|-weather|Sandstorm|[upkeep]
|-damage|p2b: My Direction|0 fnt|[from] Sandstorm
|-damage|p2a: Hockey Rivalry|94/100|[from] Sandstorm
|faint|p2b: My Direction
|upkeep
|
|t:|1782279007
|switch|p1a: Sinistcha|Sinistcha-Masterpiece, L50|88/100
|-heal|p1b: Metagross|100/100|[from] ability: Hospitality|[of] p1a: Sinistcha
|turn|8
|
|t:|1782279018
|move|p1b: Metagross|Psychic Fangs|p2a: Hockey Rivalry
|-supereffective|p2a: Hockey Rivalry|1
|-damage|p2a: Hockey Rivalry|7/100
|move|p1a: Sinistcha|Matcha Gotcha|p2a: Hockey Rivalry
|-damage|p2a: Hockey Rivalry|0 fnt
|-heal|p1a: Sinistcha|92/100|[from] drain|[of] p2a: Hockey Rivalry
|faint|p2a: Hockey Rivalry
|
|win|Mr James Freak
||Mr James Freak is ready for game 3.
|l|☆25th_mang
|player|p2|
|inactive|25th_mang has 30 seconds to confirm battle start!
||25th_mang is ready for game 3.
|uhtml|next|Next: Game 3 of 3
|j|☆25th_mang
|player|p2|25th_mang|ballguy|
