|j|☆fedezepp89
|j|☆pinkey569
|html|fedezepp89pinkey569    
|uhtml|bestof|Game 1 of a best-of-3
|t:|1756597000
|gametype|doubles
|player|p1|fedezepp89|hiker-gen4|1073
|player|p2|pinkey569|102|1045
|gen|9
|tier|[Gen 9] VGC 2025 Reg H (Bo3)
|rated|
|rule|Species Clause: Limit one of each Pokémon
|rule|Item Clause: Limit 1 of each item
|clearpoke
|poke|p1|Politoed, L50, F|
|poke|p1|Archaludon, L50, F|
|poke|p1|Kingdra, L50, F|
|poke|p1|Incineroar, L50, M|
|poke|p1|Amoonguss, L50, M|
|poke|p1|Gothitelle, L50, F|
|poke|p2|Tyranitar, L50, M|
|poke|p2|Dragonite, L50, F|
|poke|p2|Excadrill, L50, M|
|poke|p2|Volcarona, L50, M|
|poke|p2|Kilowattrel, L50, F|
|poke|p2|Indeedee, L50, M|
|teampreview|4
|showteam|p1|Politoed||Leftovers|Drizzle|Protect,WeatherBall,PerishSong,Encore|||F|||50|,,,,,Grass]Archaludon||PowerHerb|Sturdy|Protect,ElectroShot,FlashCannon,DragonPulse|||F|||50|,,,,,Electric]Kingdra||LifeOrb|SwiftSwim|Protect,DracoMeteor,WeatherBall,MuddyWater|||F|||50|,,,,,Stellar]Incineroar||SafetyGoggles|Intimidate|FakeOut,KnockOff,PartingShot,Protect|||M|||50|,,,,,Ghost]Amoonguss||EjectButton|Regenerator|Protect,RagePowder,Spore,PollenPuff|||M|||50|,,,,,Fairy]Gothitelle||SitrusBerry|ShadowTag|Protect,Psychic,FakeOut,TrickRoom|||F|||50|,,,,,Dark
|showteam|p2|Tyranitar||AssaultVest|SandStream|RockSlide,KnockOff,TeraBlast,LowKick|||M|||50|,,,,,Flying]Dragonite||LoadedDice|Multiscale|Protect,ThunderWave,Roar,ScaleShot|||F|||50|,,,,,Fairy]Excadrill||LifeOrb|SandRush|Protect,Earthquake,IronHead,TeraBlast|||M|||50|,,,,,Fairy]Volcarona||SitrusBerry|FlameBody|Tailwind,RagePowder,Overheat,StruggleBug|||M|||50|,,,,,Grass]Kilowattrel||ChoiceSpecs|Competitive|Thunderbolt,Discharge,AirSlash,WeatherBall|||F|||50|,,,,,Ghost]Indeedee||FocusSash|PsychicSurge|TrickRoom,HelpingHand,ExpandingForce,TeraBlast|||M|||50|,,,,,Psychic
|inactive|Battle timer is ON: inactive players will automatically lose when time's up. (requested by fedezepp89)
|inactive|fedezepp89 has 60 seconds left.
|inactive|fedezepp89 has 30 seconds left.
|inactive|fedezepp89 has 20 seconds left.
|inactive|fedezepp89 has 15 seconds left.
|inactive|fedezepp89 has 10 seconds left.
|
|t:|1756597162
|teamsize|p1|4
|teamsize|p2|4
|start
|switch|p1a: Incineroar|Incineroar, L50, M|100/100
|switch|p1b: Politoed|Politoed, L50, F|100/100
|switch|p2a: Indeedee|Indeedee, L50, M|100/100
|switch|p2b: Dragonite|Dragonite, L50, F|100/100
|-fieldstart|move: Psychic Terrain|[from] ability: Psychic Surge|[of] p2a: Indeedee
|-weather|RainDance|[from] ability: Drizzle|[of] p1b: Politoed
|-ability|p1a: Incineroar|Intimidate|boost
|-unboost|p2a: Indeedee|atk|1
|-unboost|p2b: Dragonite|atk|1
|turn|1
|inactive|fedezepp89 has 30 seconds left.
|inactive|pinkey569 has 30 seconds left.
|inactive|fedezepp89 has 20 seconds left.
|inactive|pinkey569 has 20 seconds left.
|inactive|fedezepp89 has 15 seconds left.
|
|t:|1756597202
|move|p1b: Politoed|Protect|p1b: Politoed
|-singleturn|p1b: Politoed|Protect
|move|p2a: Indeedee|Expanding Force|p1a: Incineroar|[spread] 
|-activate|p1b: Politoed|move: Protect
|-immune|p1a: Incineroar
|move|p2b: Dragonite|Scale Shot|p1b: Politoed
|-activate|p1b: Politoed|move: Protect
|move|p1a: Incineroar|Knock Off|p2b: Dragonite
|-damage|p2b: Dragonite|80/100
|-enditem|p2b: Dragonite|Loaded Dice|[from] move: Knock Off|[of] p1a: Incineroar
|
|-weather|RainDance|[upkeep]
|upkeep
|turn|2
|
|t:|1756597226
|switch|p1b: Gothitelle|Gothitelle, L50, F|100/100
|move|p2a: Indeedee|Expanding Force|p1b: Gothitelle|[spread] p1b
|-immune|p1a: Incineroar
|-resisted|p1b: Gothitelle
|-damage|p1b: Gothitelle|80/100
|move|p2b: Dragonite|Scale Shot|p1b: Gothitelle|[miss]
|-miss|p2b: Dragonite|p1b: Gothitelle
|move|p1a: Incineroar|Knock Off|p2a: Indeedee
|-supereffective|p2a: Indeedee
|-enditem|p2a: Indeedee|Focus Sash
|-damage|p2a: Indeedee|1/100
|
|-weather|RainDance|[upkeep]
|upkeep
|turn|3
|inactive|fedezepp89 has 30 seconds left.
|inactive|pinkey569 has 30 seconds left.
|
|t:|1756597260
|move|p2a: Indeedee|Tera Blast|p1b: Gothitelle
|-damage|p1b: Gothitelle|48/100
|-enditem|p1b: Gothitelle|Sitrus Berry|[eat]
|-heal|p1b: Gothitelle|73/100|[from] item: Sitrus Berry
|move|p2b: Dragonite|Scale Shot|p1b: Gothitelle|[miss]
|-miss|p2b: Dragonite|p1b: Gothitelle
|move|p1b: Gothitelle|Psychic|p2a: Indeedee
|-resisted|p2a: Indeedee
|-damage|p2a: Indeedee|0 fnt
|faint|p2a: Indeedee
|move|p1a: Incineroar|Parting Shot|p2b: Dragonite
|-unboost|p2b: Dragonite|atk|1
|-unboost|p2b: Dragonite|spa|1
|
|t:|1756597275
|switch|p1a: Politoed|Politoed, L50, F|100/100|[from] Parting Shot
|
|-weather|RainDance|[upkeep]
|upkeep
|
|t:|1756597290
|switch|p2a: Tyranitar|Tyranitar, L50, M|100/100
|-weather|Sandstorm|[from] ability: Sand Stream|[of] p2a: Tyranitar
|turn|4
|inactive|fedezepp89 has 30 seconds left.
|inactive|fedezepp89 has 20 seconds left.
|
|t:|1756597326
|move|p1b: Gothitelle|Protect|p1b: Gothitelle
|-singleturn|p1b: Gothitelle|Protect
|move|p2b: Dragonite|Thunder Wave|p1a: Politoed
|-status|p1a: Politoed|par
|move|p2a: Tyranitar|Rock Slide|p1a: Politoed|[spread] p1a
|-activate|p1b: Gothitelle|move: Protect
|-damage|p1a: Politoed|63/100 par
|move|p1a: Politoed|Perish Song|p1a: Politoed
|-start|p1a: Politoed|perish3|[silent]
|-start|p1b: Gothitelle|perish3|[silent]
|-start|p2a: Tyranitar|perish3|[silent]
|-start|p2b: Dragonite|perish3|[silent]
|-fieldactivate|move: Perish Song
|
|-weather|Sandstorm|[upkeep]
|-damage|p2b: Dragonite|74/100|[from] Sandstorm
|-damage|p1b: Gothitelle|67/100|[from] Sandstorm
|-damage|p1a: Politoed|57/100 par|[from] Sandstorm
|-heal|p1a: Politoed|63/100 par|[from] item: Leftovers
|-start|p2b: Dragonite|perish3
|-start|p2a: Tyranitar|perish3
|-start|p1b: Gothitelle|perish3
|-start|p1a: Politoed|perish3
|upkeep
|turn|5
|inactive|fedezepp89 has 30 seconds left.
|inactive|pinkey569 has 30 seconds left.
|inactive|fedezepp89 has 20 seconds left.
|inactive|pinkey569 has 20 seconds left.
|inactive|fedezepp89 has 15 seconds left.
|inactive|pinkey569 has 15 seconds left.
|inactive|fedezepp89 has 10 seconds left.
|inactive|fedezepp89 has 5 seconds left.
|
|t:|1756597381
|move|p1b: Gothitelle|Protect|p1b: Gothitelle
|-singleturn|p1b: Gothitelle|Protect
|move|p1a: Politoed|Protect|p1a: Politoed
|-singleturn|p1a: Politoed|Protect
|move|p2b: Dragonite|Thunder Wave|p1b: Gothitelle
|-activate|p1b: Gothitelle|move: Protect
|move|p2a: Tyranitar|Knock Off|p1b: Gothitelle
|-activate|p1b: Gothitelle|move: Protect
|
|-weather|Sandstorm|[upkeep]
|-damage|p2b: Dragonite|68/100|[from] Sandstorm
|-damage|p1b: Gothitelle|60/100|[from] Sandstorm
|-damage|p1a: Politoed|57/100 par|[from] Sandstorm
|-heal|p1a: Politoed|63/100 par|[from] item: Leftovers
|-start|p2b: Dragonite|perish2
|-start|p2a: Tyranitar|perish2
|-start|p1b: Gothitelle|perish2
|-start|p1a: Politoed|perish2
|-fieldend|move: Psychic Terrain
|upkeep
|turn|6
|inactive|fedezepp89 has 30 seconds left.
|inactive|fedezepp89 has 20 seconds left.
|inactive|fedezepp89 has 15 seconds left.
|inactive|fedezepp89 has 10 seconds left.
|
|t:|1756597430
|-terastallize|p1b: Gothitelle|Dark
|move|p2b: Dragonite|Scale Shot|p1b: Gothitelle
|-damage|p1b: Gothitelle|53/100
|-damage|p1b: Gothitelle|46/100
|-damage|p1b: Gothitelle|39/100
|-hitcount|p1b: Gothitelle|3
|-unboost|p2b: Dragonite|def|1
|-boost|p2b: Dragonite|spe|1
|move|p2a: Tyranitar|Knock Off|p1b: Gothitelle
|-resisted|p1b: Gothitelle
|-damage|p1b: Gothitelle|20/100
|move|p1b: Gothitelle|Psychic|p2b: Dragonite
|-damage|p2b: Dragonite|41/100
|-unboost|p2b: Dragonite|spd|1
|move|p1a: Politoed|Encore|p2b: Dragonite
|-start|p2b: Dragonite|Encore
|
|-weather|Sandstorm|[upkeep]
|-damage|p2b: Dragonite|35/100|[from] Sandstorm
|-damage|p1b: Gothitelle|14/100|[from] Sandstorm
|-damage|p1a: Politoed|57/100 par|[from] Sandstorm
|-heal|p1a: Politoed|63/100 par|[from] item: Leftovers
|-start|p2b: Dragonite|perish1
|-start|p2a: Tyranitar|perish1
|-start|p1b: Gothitelle|perish1
|-start|p1a: Politoed|perish1
|upkeep
|turn|7
|-message|pinkey569 forfeited.
|
|win|fedezepp89
||pinkey569 is ready for game 2.
|inactive|fedezepp89 has 30 seconds to confirm battle start!
||fedezepp89 is ready for game 2.
|uhtml|next|Next: Game 2 of 3
