|j|☆dapmagikarp
|j|☆lucasmalt
|html|dapmagikarplucasmalt    
|uhtml|bestof|Game 2 of a best-of-3
|t:|1784999669
|gametype|doubles
|player|p1|dapmagikarp|sada-ai|1397
|player|p2|lucasmalt|2|1363
|gen|9
|tier|[Gen 9 Champions] VGC 2026 Reg M-B (Bo3)
|rated|
|rule|Species Clause: Limit one of each Pokémon
|rule|Item Clause: Limit 1 of each item
|clearpoke
|poke|p1|Gengar, L50, M, shiny|
|poke|p1|Archaludon, L50, F|
|poke|p1|Politoed, L50, F|
|poke|p1|Swampert, L50, F, shiny|
|poke|p1|Vivillon, L50, M, shiny|
|poke|p1|Incineroar, L50, M|
|poke|p2|Blaziken, L50, F, shiny|
|poke|p2|Incineroar, L50, M, shiny|
|poke|p2|Sinistcha, L50|
|poke|p2|Milotic, L50, F, shiny|
|poke|p2|Hydreigon, L50, F|
|poke|p2|Gardevoir, L50, F, shiny|
|teampreview|4
|showteam|p1|Gengar||Gengarite|CursedBody|ShadowBall,SludgeBomb,PerishSong,Protect|Modest||M|||50|]Archaludon||Leftovers|Stamina|ElectroShot,DragonPulse,FlashCannon,Protect|Bold||F|||50|]Politoed||SitrusBerry|Drizzle|WeatherBall,Hypnosis,PerishSong,Protect|Calm||F|||50|]Swampert||Swampertite|Torrent|WaveCrash,Earthquake,IcePunch,Protect|Adamant||F|||50|]Vivillon||FocusSash|CompoundEyes|Hurricane,SleepPowder,RagePowder,Protect|Timid||M|||50|]Incineroar||PasshoBerry|Intimidate|ThroatChop,FakeOut,PartingShot,Protect|Impish||M|||50|
|showteam|p2|Blaziken||Blazikenite|SpeedBoost|FlareBlitz,CloseCombat,RockSlide,Detect|Adamant||F|||50|]Incineroar||SitrusBerry|Intimidate|FakeOut,FlareBlitz,DarkestLariat,PartingShot|Careful||M|||50|]Sinistcha||KasibBerry|Hospitality|MatchaGotcha,RagePowder,TrickRoom,Protect|Bold|||||50|]Milotic||Leftovers|Competitive|MuddyWater,Coil,Hypnosis,Recover|Calm||F|||50|]Hydreigon||ChoiceScarf|Levitate|Snarl,DracoMeteor,DarkPulse,EarthPower|Modest||F|||50|]Gardevoir||Gardevoirite|Trace|HyperVoice,Psyshock,TrickRoom,Protect|Modest||F|||50|
|inactive|Battle timer is ON: inactive players will automatically lose when time's up. (requested by dapmagikarp)
|inactive|lucasmalt has 60 seconds left.
|
|t:|1784999703
|teamsize|p1|4
|teamsize|p2|4
|start
|switch|p1a: Vivillon|Vivillon, L50, M, shiny|100/100
|switch|p1b: Gengar|Gengar, L50, M, shiny|100/100
|switch|p2a: Hydreigon|Hydreigon, L50, F|100/100
|switch|p2b: Sinistcha|Sinistcha, L50|100/100
|turn|1
|
|t:|1784999725
|detailschange|p1b: Gengar|Gengar-Mega, L50, M, shiny
|-mega|p1b: Gengar|Gengar|Gengarite
|move|p1b: Gengar|Protect|p1b: Gengar
|-singleturn|p1b: Gengar|Protect
|move|p2a: Hydreigon|Snarl|p1b: Gengar|[spread] p1a
|-activate|p1b: Gengar|move: Protect
|-damage|p1a: Vivillon|55/100
|-unboost|p1a: Vivillon|spa|1
|move|p1a: Vivillon|Sleep Powder|p2a: Hydreigon
|-status|p2a: Hydreigon|slp|[from] move: Sleep Powder
|move|p2b: Sinistcha|Matcha Gotcha|p1a: Vivillon|[spread] p1a
|-activate|p1b: Gengar|move: Protect
|-resisted|p1a: Vivillon|2
|-damage|p1a: Vivillon|44/100
|-status|p1a: Vivillon|brn
|
|-damage|p1a: Vivillon|38/100 brn|[from] brn
|upkeep
|turn|2
|
|t:|1784999749
|cant|p2a: Hydreigon|slp
|move|p1b: Gengar|Perish Song|p1b: Gengar
|-start|p1a: Vivillon|perish3|[silent]
|-start|p1b: Gengar|perish3|[silent]
|-start|p2a: Hydreigon|perish3|[silent]
|-start|p2b: Sinistcha|perish3|[silent]
|-fieldactivate|move: Perish Song
|move|p1a: Vivillon|Hurricane|p2b: Sinistcha
|-supereffective|p2b: Sinistcha|1
|-damage|p2b: Sinistcha|35/100
|-start|p2b: Sinistcha|confusion
|-activate|p2b: Sinistcha|confusion
|move|p2b: Sinistcha|Matcha Gotcha|p1b: Gengar|[spread] p1a,p1b
|-resisted|p1a: Vivillon|2
|-resisted|p1b: Gengar|1
|-damage|p1a: Vivillon|27/100 brn
|-heal|p2b: Sinistcha|41/100|[from] drain|[of] p1a: Vivillon
|-damage|p1b: Gengar|89/100
|-heal|p2b: Sinistcha|46/100|[from] drain|[of] p1b: Gengar
|-status|p1b: Gengar|brn
|
|-damage|p1b: Gengar|83/100 brn|[from] brn
|-damage|p1a: Vivillon|21/100 brn|[from] brn
|-start|p2a: Hydreigon|perish3
|-start|p1b: Gengar|perish3
|-start|p1a: Vivillon|perish3
|-start|p2b: Sinistcha|perish3
|upkeep
|turn|3
|inactive|lucasmalt has 30 seconds left.
|
|t:|1784999775
|switch|p2b: Milotic|Milotic, L50, F, shiny|100/100
|cant|p2a: Hydreigon|slp
|move|p1b: Gengar|Sludge Bomb|p2a: Hydreigon
|-damage|p2a: Hydreigon|39/100 slp
|move|p1a: Vivillon|Hurricane|p2b: Milotic
|-damage|p2b: Milotic|79/100
|
|-heal|p2b: Milotic|85/100|[from] item: Leftovers
|-damage|p1b: Gengar|76/100 brn|[from] brn
|-damage|p1a: Vivillon|15/100 brn|[from] brn
|-start|p2a: Hydreigon|perish2
|-start|p1b: Gengar|perish2
|-start|p1a: Vivillon|perish2
|upkeep
|turn|4
|inactive|dapmagikarp has 30 seconds left.
|
|t:|1784999801
|-curestatus|p2a: Hydreigon|slp|[msg]
|move|p2a: Hydreigon|Snarl|p1a: Vivillon|[spread] p1a,p1b
|-supereffective|p1b: Gengar|1
|-damage|p1a: Vivillon|0 fnt
|-damage|p1b: Gengar|35/100 brn
|-unboost|p1b: Gengar|spa|1
|faint|p1a: Vivillon
|move|p1b: Gengar|Sludge Bomb|p2a: Hydreigon
|-damage|p2a: Hydreigon|0 fnt
|faint|p2a: Hydreigon
|move|p2b: Milotic|Muddy Water|p1b: Gengar
|-damage|p1b: Gengar|8/100 brn
|
|-heal|p2b: Milotic|91/100|[from] item: Leftovers
|-damage|p1b: Gengar|2/100 brn|[from] brn
|-start|p1b: Gengar|perish1
|upkeep
|
|t:|1784999819
|switch|p1a: Archaludon|Archaludon, L50, F|100/100
|switch|p2a: Gardevoir|Gardevoir, L50, F, shiny|100/100
|-ability|p2a: Gardevoir|Stamina|Trace|[from] ability: Trace|[of] p1a: Archaludon
|turn|5
|
|t:|1784999838
|detailschange|p2a: Gardevoir|Gardevoir-Mega, L50, F, shiny
|-mega|p2a: Gardevoir|Gardevoir|Gardevoirite
|move|p1b: Gengar|Sludge Bomb|p2a: Gardevoir
|-supereffective|p2a: Gardevoir|1
|-damage|p2a: Gardevoir|45/100
|move|p2a: Gardevoir|Hyper Voice|p1b: Gengar|[spread] p1a,p1b
|-resisted|p1b: Gengar|1
|-crit|p1b: Gengar
|-damage|p1a: Archaludon|55/100
|-damage|p1b: Gengar|0 fnt
|-ability|p1a: Archaludon|Stamina|boost
|-boost|p1a: Archaludon|def|1
|faint|p1b: Gengar
|move|p1a: Archaludon|Dragon Pulse|p2b: Milotic
|-damage|p2b: Milotic|68/100
|move|p2b: Milotic|Hypnosis|p1a: Archaludon|[miss]
|-miss|p2b: Milotic|p1a: Archaludon
|
|-heal|p1a: Archaludon|61/100|[from] item: Leftovers
|-heal|p2b: Milotic|74/100|[from] item: Leftovers
|upkeep
|
|t:|1784999848
|switch|p1b: Politoed|Politoed, L50, F|100/100
|-weather|RainDance|[from] ability: Drizzle|[of] p1b: Politoed
|turn|6
|
|t:|1784999860
|switch|p2b: Sinistcha|Sinistcha, L50|46/100
|-heal|p2a: Gardevoir|69/100|[from] ability: Hospitality|[of] p2b: Sinistcha
|move|p2a: Gardevoir|Hyper Voice|p1a: Archaludon|[spread] p1a,p1b
|-damage|p1a: Archaludon|14/100
|-damage|p1b: Politoed|64/100
|-ability|p1a: Archaludon|Stamina|boost
|-boost|p1a: Archaludon|def|1
|move|p1a: Archaludon|Electro Shot||[still]
|-prepare|p1a: Archaludon|Electro Shot
|-boost|p1a: Archaludon|spa|1
|-anim|p1a: Archaludon|Electro Shot|p2b: Sinistcha
|-resisted|p2b: Sinistcha|1
|-damage|p2b: Sinistcha|20/100y
|move|p1b: Politoed|Hypnosis|p2a: Gardevoir|[miss]
|-miss|p1b: Politoed|p2a: Gardevoir
|
|-weather|RainDance|[upkeep]
|-heal|p1a: Archaludon|20/100y|[from] item: Leftovers
|upkeep
|turn|7
|
|t:|1784999877
|move|p1a: Archaludon|Protect|p1a: Archaludon
|-singleturn|p1a: Archaludon|Protect
|move|p2b: Sinistcha|Rage Powder|p2b: Sinistcha
|-singleturn|p2b: Sinistcha|move: Rage Powder
|move|p2a: Gardevoir|Hyper Voice|p1b: Politoed|[spread] p1b
|-activate|p1a: Archaludon|move: Protect
|-damage|p1b: Politoed|29/100
|-enditem|p1b: Politoed|Sitrus Berry|[eat]
|-heal|p1b: Politoed|54/100|[from] item: Sitrus Berry
|move|p1b: Politoed|Hypnosis|p2b: Sinistcha|[miss]
|-miss|p1b: Politoed|p2b: Sinistcha
|
|-weather|RainDance|[upkeep]
|-heal|p1a: Archaludon|26/100|[from] item: Leftovers
|upkeep
|turn|8
|-message|dapmagikarp forfeited.
|
|win|lucasmalt
|raw|dapmagikarp's rating: 1397 → 1375(-22 for losing)
|raw|lucasmalt's rating: 1363 → 1385(+22 for winning)
|l|☆dapmagikarp
|player|p1|
