|j|☆A_TerroneVGC
|j|☆The median voter
|html|A_TerroneVGCThe median voter    
|uhtml|bestof|Game 1 of a best-of-3
|t:|1756582247
|gametype|doubles
|player|p1|A_TerroneVGC|169|1092
|player|p2|The median voter|scientist-gen4dp|1192
|gen|9
|tier|[Gen 9] VGC 2025 Reg H (Bo3)
|rated|
|rule|Species Clause: Limit one of each Pokémon
|rule|Item Clause: Limit 1 of each item
|clearpoke
|poke|p1|Basculegion, L50, M|
|poke|p1|Gholdengo, L50|
|poke|p1|Archaludon, L50, M|
|poke|p1|Pelipper, L50, M|
|poke|p1|Incineroar, L50, M|
|poke|p1|Amoonguss, L50, M|
|poke|p2|Sneasler, L50, F|
|poke|p2|Indeedee, L50, M|
|poke|p2|Volcarona, L50, F|
|poke|p2|Annihilape, L50, F|
|poke|p2|Tyranitar, L50, M|
|poke|p2|Excadrill, L50, M|
|teampreview|4
|showteam|p1|Basculegion||ChoiceBand|SwiftSwim|WaveCrash,LastRespects,FlipTurn,AquaJet|||M|||50|,,,,,Water]Gholdengo||LifeOrb|GoodasGold|MakeItRain,ShadowBall,NastyPlot,Protect||||||50|,,,,,Water]Archaludon||AssaultVest|Stamina|FlashCannon,DracoMeteor,ElectroShot,BodyPress|||M|||50|,,,,,Bug]Pelipper||FocusSash|Drizzle|WeatherBall,Hurricane,Tailwind,Protect|||M|||50|,,,,,Ground]Incineroar||SafetyGoggles|Intimidate|FlareBlitz,KnockOff,FakeOut,PartingShot|||M|||50|,,,,,Ghost]Amoonguss||SitrusBerry|Regenerator|PollenPuff,Spore,RagePowder,Protect|||M|||50|,,,,,Dark
|showteam|p2|Sneasler||PsychicSeed|Unburden|CloseCombat,DireClaw,ThroatChop,Protect|||F|||50|,,,,,Dark]Indeedee||ChoiceScarf|PsychicSurge|ExpandingForce,TeraBlast,Trick,SkillSwap|||M|||50|,,,,,Psychic]Volcarona||SitrusBerry|FlameBody|Overheat,StruggleBug,RagePowder,Tailwind|||F|||50|,,,,,Grass]Annihilape||SafetyGoggles|Defiant|CloseCombat,RageFist,Taunt,FinalGambit|||F|||50|,,,,,Fire]Tyranitar||AssaultVest|SandStream|RockSlide,KnockOff,TeraBlast,LowKick|||M|||50|,,,,,Flying]Excadrill||FocusSash|SandRush|IronHead,Protect,Earthquake,HighHorsepower|||M|||50|,,,,,Ground
|inactive|Battle timer is ON: inactive players will automatically lose when time's up. (requested by The median voter)
|inactive|A_TerroneVGC has 60 seconds left.
|
|t:|1756582327
|teamsize|p1|4
|teamsize|p2|4
|start
|switch|p1a: Amoonguss|Amoonguss, L50, M|100/100
|switch|p1b: Basculegion|Basculegion, L50, M|100/100
|switch|p2a: Tyranitar|Tyranitar, L50, M|100/100
|switch|p2b: Excadrill|Excadrill, L50, M|100/100
|-weather|Sandstorm|[from] ability: Sand Stream|[of] p2a: Tyranitar
|turn|1
|
|t:|1756582345
|switch|p2b: Annihilape|Annihilape, L50, F|100/100
|switch|p1a: Pelipper|Pelipper, L50, M|100/100
|-weather|RainDance|[from] ability: Drizzle|[of] p1a: Pelipper
|-terastallize|p2a: Tyranitar|Flying
|move|p1b: Basculegion|Flip Turn|p2a: Tyranitar
|-damage|p2a: Tyranitar|42/100
|
|t:|1756582359
|switch|p1b: Amoonguss|Amoonguss, L50, M|100/100|[from] Flip Turn
|move|p2a: Tyranitar|Rock Slide|p1b: Amoonguss|[spread] p1a
|-miss|p2a: Tyranitar|p1b: Amoonguss
|-supereffective|p1a: Pelipper
|-damage|p1a: Pelipper|15/100
|
|-weather|RainDance|[upkeep]
|upkeep
|turn|2
|inactive|A_TerroneVGC has 30 seconds left.
|inactive|A_TerroneVGC has 20 seconds left.
|
|t:|1756582395
|switch|p1a: Gholdengo|Gholdengo, L50|100/100
|-terastallize|p1b: Amoonguss|Dark
|move|p2b: Annihilape|Taunt|p1b: Amoonguss
|-start|p1b: Amoonguss|move: Taunt
|move|p2a: Tyranitar|Rock Slide|p1a: Gholdengo|[spread] p1b
|-miss|p2a: Tyranitar|p1a: Gholdengo
|-damage|p1b: Amoonguss|77/100
|cant|p1b: Amoonguss|move: Taunt|Spore
|
|-weather|RainDance|[upkeep]
|upkeep
|turn|3
|
|t:|1756582415
|switch|p2a: Excadrill|Excadrill, L50, M|100/100
|switch|p1b: Basculegion|Basculegion, L50, M|100/100
|move|p2b: Annihilape|Rage Fist|p1a: Gholdengo
|-supereffective|p1a: Gholdengo
|-damage|p1a: Gholdengo|51/100
|move|p1a: Gholdengo|Make It Rain|p2a: Excadrill|[spread] p2a,p2b
|-resisted|p2a: Excadrill
|-damage|p2a: Excadrill|58/100
|-damage|p2b: Annihilape|48/100
|-unboost|p1a: Gholdengo|spa|1
|-damage|p1a: Gholdengo|41/100|[from] item: Life Orb
|
|-weather|RainDance|[upkeep]
|upkeep
|turn|4
|inactive|A_TerroneVGC has 30 seconds left.
|inactive|The median voter has 30 seconds left.
|
|t:|1756582443
|switch|p1a: Amoonguss|Amoonguss, L50, M, tera:Dark|100/100
|switch|p2a: Tyranitar|Tyranitar, L50, M, tera:Flying|42/100
|-weather|Sandstorm|[from] ability: Sand Stream|[of] p2a: Tyranitar
|move|p2b: Annihilape|Rage Fist|p1b: Basculegion
|-supereffective|p1b: Basculegion
|-damage|p1b: Basculegion|0 fnt
|faint|p1b: Basculegion
|
|-weather|Sandstorm|[upkeep]
|-damage|p2a: Tyranitar|36/100|[from] Sandstorm
|-damage|p1a: Amoonguss|95/100|[from] Sandstorm
|upkeep
|inactive|A_TerroneVGC has 30 seconds left.
|
|t:|1756582475
|switch|p1b: Gholdengo|Gholdengo, L50|41/100
|turn|5
|
|t:|1756582491
|move|p2b: Annihilape|Taunt|p1a: Amoonguss
|-start|p1a: Amoonguss|move: Taunt
|move|p1b: Gholdengo|Make It Rain|p2a: Tyranitar|[spread] p2a,p2b
|-damage|p2a: Tyranitar|0 fnt
|-damage|p2b: Annihilape|0 fnt
|-unboost|p1b: Gholdengo|spa|1
|faint|p2a: Tyranitar
|faint|p2b: Annihilape
|-damage|p1b: Gholdengo|32/100|[from] item: Life Orb
|cant|p1a: Amoonguss|move: Taunt|Spore
|
|-weather|Sandstorm|[upkeep]
|-damage|p1a: Amoonguss|89/100|[from] Sandstorm
|upkeep
|
|t:|1756582498
|switch|p2b: Excadrill|Excadrill, L50, M|58/100
|switch|p2a: Indeedee|Indeedee, L50, M|100/100
|-fieldstart|move: Psychic Terrain|[from] ability: Psychic Surge|[of] p2a: Indeedee
|turn|6
|inactive|A_TerroneVGC has 30 seconds left.
|
|t:|1756582526
|switch|p1b: Pelipper|Pelipper, L50, M|15/100
|-weather|RainDance|[from] ability: Drizzle|[of] p1b: Pelipper
|move|p2a: Indeedee|Expanding Force|p1a: Amoonguss|[spread] p1b
|-immune|p1a: Amoonguss
|-damage|p1b: Pelipper|0 fnt
|faint|p1b: Pelipper
|move|p2b: Excadrill|Iron Head|p1a: Amoonguss
|-damage|p1a: Amoonguss|53/100
|cant|p1a: Amoonguss|flinch
|
|-weather|RainDance|[upkeep]
|upkeep
|
|t:|1756582536
|switch|p1b: Gholdengo|Gholdengo, L50|32/100
|turn|7
|
|t:|1756582544
|move|p1b: Gholdengo|Protect|p1b: Gholdengo
|-singleturn|p1b: Gholdengo|Protect
|move|p2a: Indeedee|Expanding Force|p1a: Amoonguss|[spread] 
|-activate|p1b: Gholdengo|move: Protect
|-immune|p1a: Amoonguss
|move|p2b: Excadrill|Earthquake|p1b: Gholdengo|[spread] p2a,p1a
|-activate|p1b: Gholdengo|move: Protect
|-damage|p2a: Indeedee|12/100
|-damage|p1a: Amoonguss|17/100
|-enditem|p1a: Amoonguss|Sitrus Berry|[eat]
|-heal|p1a: Amoonguss|42/100|[from] item: Sitrus Berry
|move|p1a: Amoonguss|Pollen Puff|p2b: Excadrill
|-resisted|p2b: Excadrill
|-damage|p2b: Excadrill|46/100
|
|-weather|RainDance|[upkeep]
|-end|p1a: Amoonguss|move: Taunt
|upkeep
|turn|8
|
|t:|1756582568
|move|p2a: Indeedee|Expanding Force|p1a: Amoonguss|[spread] p1b
|-immune|p1a: Amoonguss
|-resisted|p1b: Gholdengo
|-damage|p1b: Gholdengo|0 fnt
|faint|p1b: Gholdengo
|move|p2b: Excadrill|Iron Head|p1a: Amoonguss
|-damage|p1a: Amoonguss|7/100
|move|p1a: Amoonguss|Spore|p2b: Excadrill
|-status|p2b: Excadrill|slp|[from] move: Spore
|
|-weather|RainDance|[upkeep]
|upkeep
|turn|9
|
|t:|1756582577
|cant|p2b: Excadrill|slp
|move|p2a: Indeedee|Expanding Force|p1a: Amoonguss
|-immune|p1a: Amoonguss
|move|p1a: Amoonguss|Pollen Puff|p2b: Excadrill
|-resisted|p2b: Excadrill
|-damage|p2b: Excadrill|33/100 slp
|
|-weather|RainDance|[upkeep]
|upkeep
|turn|10
|l|☆The median voter
|inactive|The median voter disconnected and has a minute to reconnect!
|player|p2|
|inactive|The median voter has 30 seconds left.
|inactive|The median voter has 20 seconds left.
|inactive|The median voter has 15 seconds left.
|j|☆The median voter
|inactive|The median voter reconnected and has 15 seconds left.
|player|p2|The median voter|scientist-gen4dp|
|inactive|The median voter has 10 seconds left.
|
|t:|1756582623
|move|p2a: Indeedee|Expanding Force|p1a: Amoonguss
|-immune|p1a: Amoonguss
|-curestatus|p2b: Excadrill|slp|[msg]
|move|p2b: Excadrill|High Horsepower|p1a: Amoonguss|[miss]
|-miss|p2b: Excadrill|p1a: Amoonguss
|move|p1a: Amoonguss|Pollen Puff|p2b: Excadrill
|-resisted|p2b: Excadrill
|-damage|p2b: Excadrill|21/100
|
|-weather|none
|-fieldend|move: Psychic Terrain
|upkeep
|turn|11
|
|t:|1756582632
|move|p2a: Indeedee|Expanding Force|p1a: Amoonguss
|-immune|p1a: Amoonguss
|move|p2b: Excadrill|High Horsepower|p1a: Amoonguss
|-damage|p1a: Amoonguss|0 fnt
|faint|p1a: Amoonguss
|
|win|The median voter
