|j|☆Olvidonaaaa
|j|☆BlackAshura
|html|OlvidonaaaaBlackAshura    
|uhtml|bestof|Game 1 of a best-of-3
|t:|1783450328
|gametype|doubles
|player|p1|Olvidonaaaa|101|1108
|player|p2|BlackAshura|samsonoak|1080
|gen|9
|tier|[Gen 9 Champions] VGC 2026 Reg M-B (Bo3)
|rated|
|rule|Species Clause: Limit one of each Pokémon
|rule|Item Clause: Limit 1 of each item
|clearpoke
|poke|p1|Sinistcha, L50|
|poke|p1|Incineroar, L50, M|
|poke|p1|Delphox, L50, M, shiny|
|poke|p1|Kingambit, L50, M|
|poke|p1|Basculegion, L50, M|
|poke|p1|Sneasler, L50, M|
|poke|p2|Metagross, L50, shiny|
|poke|p2|Kleavor, L50, F|
|poke|p2|Hydreigon, L50, F|
|poke|p2|Venusaur, L50, M, shiny|
|poke|p2|Simipour, L50, F, shiny|
|poke|p2|Talonflame, L50, M, shiny|
|teampreview|4
|showteam|p1|Sinistcha||ColburBerry|Hospitality|MatchaGotcha,RagePowder,TrickRoom,LifeDew|Relaxed|||||50|]Incineroar||PasshoBerry|Intimidate|ThroatChop,FlareBlitz,PartingShot,FakeOut|Adamant||M|||50|]Delphox||Delphoxite|Blaze|NastyPlot,HeatWave,Psychic,Protect|Timid||M|||50|]Kingambit||FocusSash|Defiant|SuckerPunch,IronHead,KowtowCleave,LowKick|Adamant||M|||50|]Basculegion||LifeOrb|Adaptability|Protect,AquaJet,LastRespects,WaveCrash|Adamant||M|||50|]Sneasler||HardStone|PoisonTouch|DireClaw,FakeOut,CloseCombat,RockSlide|Jolly||M|||50|
|showteam|p2|Metagross||Metagrossite|ClearBody|IronHead,PsychicFangs,IcePunch,Protect|Jolly|||||50|]Kleavor||ChoiceScarf|Sharpness|StoneAxe,CloseCombat,NightSlash,XScissor|Jolly||F|||50|]Hydreigon||LifeOrb|Levitate|DracoMeteor,DarkPulse,EarthPower,Protect|Timid||F|||50|]Venusaur||Venusaurite|Overgrow|GigaDrain,SludgeBomb,EarthPower,Protect|Modest||M|||50|]Simipour||FocusSash|Torrent|FakeOut,Scald,IceBeam,Protect|Timid||F|||50|]Talonflame||Charcoal|GaleWings|Overheat,Taunt,QuickGuard,Tailwind|Timid||M|||50|
|
|t:|1783450373
|teamsize|p1|4
|teamsize|p2|4
|start
|switch|p1a: Sneasler|Sneasler, L50, M|100/100
|switch|p1b: Kingambit|Kingambit, L50, M|100/100
|switch|p2a: Simipour|Simipour, L50, F, shiny|100/100
|switch|p2b: Talonflame|Talonflame, L50, M, shiny|100/100
|turn|1
|
|t:|1783450407
|switch|p1b: Basculegion|Basculegion, L50, M|100/100
|move|p2b: Talonflame|Quick Guard|p2b: Talonflame
|-singleturn|p2b: Talonflame|Quick Guard
|move|p1a: Sneasler|Rock Slide|p2b: Talonflame|[spread] p2a,p2b
|-supereffective|p2b: Talonflame|2
|-damage|p2a: Simipour|56/100
|-damage|p2b: Talonflame|0 fnt
|faint|p2b: Talonflame
|move|p2a: Simipour|Scald|p1a: Sneasler
|-damage|p1a: Sneasler|56/100
|-status|p1a: Sneasler|brn
|
|-damage|p1a: Sneasler|50/100g brn|[from] brn
|upkeep
|
|t:|1783450431
|switch|p2b: Kleavor|Kleavor, L50, F|100/100
|turn|2
|
|t:|1783450458
|move|p1b: Basculegion|Aqua Jet|p2b: Kleavor
|-supereffective|p2b: Kleavor|1
|-damage|p2b: Kleavor|11/100
|-damage|p1b: Basculegion|90/100|[from] item: Life Orb
|move|p2b: Kleavor|Night Slash|p1b: Basculegion
|-supereffective|p1b: Basculegion|1
|-damage|p1b: Basculegion|0 fnt
|faint|p1b: Basculegion
|move|p1a: Sneasler|Dire Claw|p2a: Simipour
|-damage|p2a: Simipour|19/100
|-status|p2a: Simipour|slp
|cant|p2a: Simipour|slp
|
|-damage|p1a: Sneasler|44/100 brn|[from] brn
|upkeep
|
|t:|1783450473
|switch|p1b: Kingambit|Kingambit, L50, M|100/100
|turn|3
|
|t:|1783450495
|switch|p2b: Hydreigon|Hydreigon, L50, F|100/100
|-curestatus|p2a: Simipour|slp|[msg]
|move|p2a: Simipour|Protect|p2a: Simipour
|-singleturn|p2a: Simipour|Protect
|move|p1a: Sneasler|Close Combat|p2b: Hydreigon
|-supereffective|p2b: Hydreigon|1
|-damage|p2b: Hydreigon|28/100
|-unboost|p1a: Sneasler|def|1
|-unboost|p1a: Sneasler|spd|1
|move|p1b: Kingambit|Low Kick|p2a: Simipour
|-activate|p2a: Simipour|move: Protect
|
|-damage|p1a: Sneasler|38/100 brn|[from] brn
|upkeep
|turn|4
|
|t:|1783450523
|switch|p2a: Kleavor|Kleavor, L50, F|11/100
|move|p2b: Hydreigon|Protect|p2b: Hydreigon
|-singleturn|p2b: Hydreigon|Protect
|move|p1b: Kingambit|Sucker Punch||[still]
|-fail|p1b: Kingambit
|move|p1a: Sneasler|Rock Slide|p2a: Kleavor|[spread] p2a
|-activate|p2b: Hydreigon|move: Protect
|-supereffective|p2a: Kleavor|1
|-damage|p2a: Kleavor|0 fnt
|faint|p2a: Kleavor
|
|-damage|p1a: Sneasler|33/100 brn|[from] brn
|upkeep
|
|t:|1783450542
|switch|p2a: Simipour|Simipour, L50, F, shiny|19/100
|turn|5
|
|t:|1783450555
|move|p2a: Simipour|Fake Out|p1a: Sneasler
|-damage|p1a: Sneasler|9/100 brn
|move|p1b: Kingambit|Sucker Punch|p2b: Hydreigon
|-resisted|p2b: Hydreigon|1
|-damage|p2b: Hydreigon|6/100
|cant|p1a: Sneasler|flinch
|move|p2b: Hydreigon|Earth Power|p1b: Kingambit
|-supereffective|p1b: Kingambit|1
|-damage|p1b: Kingambit|7/100
|-damage|p2b: Hydreigon|0 fnt|[from] item: Life Orb
|faint|p2b: Hydreigon
|
|-damage|p1a: Sneasler|3/100 brn|[from] brn
|upkeep
|turn|6
|
|t:|1783450571
|move|p1b: Kingambit|Sucker Punch|p2a: Simipour
|-damage|p2a: Simipour|0 fnt
|faint|p2a: Simipour
|
|win|Olvidonaaaa
||BlackAshura is ready for game 2.
||Olvidonaaaa is ready for game 2.
|uhtml|next|Next: Game 2 of 3
|l|☆Olvidonaaaa
|player|p1|
