|j|‽battle sim trainer
|j|☆EBnilla
|html|battle sim trainerEBnilla    
|uhtml|bestof|Game 2 of a best-of-3
|t:|1783625069
|gametype|doubles
|player|p1|battle sim trainer|turo|1157
|player|p2|EBnilla|backpacker|1186
|gen|9
|tier|[Gen 9 Champions] VGC 2026 Reg M-B (Bo3)
|rated|
|rule|Species Clause: Limit one of each Pokémon
|rule|Item Clause: Limit 1 of each item
|clearpoke
|poke|p1|Swampert, L50, F|
|poke|p1|Pelipper, L50, M|
|poke|p1|Archaludon, L50, F|
|poke|p1|Grimmsnarl, L50, M|
|poke|p1|Annihilape, L50, F|
|poke|p1|Greninja, L50, M|
|poke|p2|Grimmsnarl, L50, M|
|poke|p2|Annihilape, L50, M|
|poke|p2|Raichu, L50, M|
|poke|p2|Sinistcha, L50|
|poke|p2|Drampa, L50, F|
|poke|p2|Incineroar, L50, M|
|teampreview|4
|showteam|p1|Swampert||Swampertite|Damp|WaveCrash,Earthquake,IcePunch,Protect|Adamant||F|||50|]Pelipper||SitrusBerry|Drizzle|Hurricane,WeatherBall,Tailwind,Protect|Modest||M|||50|]Archaludon||Leftovers|Stamina|ElectroShot,DragonPulse,FlashCannon,Protect|Modest||F|||50|]Grimmsnarl||LightClay|Prankster|SpiritBreak,Reflect,LightScreen,PartingShot|Careful||M|||50|]Annihilape||ChoiceScarf|Defiant|RageFist,CloseCombat,Uturn,Coaching|Adamant||F|||50|]Greninja||Greninjite|Protean|WaterShuriken,DarkPulse,LowKick,WeatherBall|Modest||M|||50|
|showteam|p2|Grimmsnarl||LightClay|Prankster|SpiritBreak,Reflect,LightScreen,PartingShot|Relaxed||M|||50|]Annihilape||Leftovers|Defiant|RageFist,DrainPunch,BulkUp,Protect|Careful||M|||50|]Raichu||RaichuniteY|Static|ZapCannon,FocusBlast,FakeOut,Protect|Timid||M|||50|]Sinistcha||SitrusBerry|Hospitality|MatchaGotcha,RagePowder,LifeDew,Protect|Calm|||||50|]Drampa||Drampanite|SapSipper|HyperVoice,DragonPulse,Snarl,Protect|Quiet||F|||50|]Incineroar||BlackGlasses|Intimidate|FlareBlitz,DarkestLariat,FakeOut,PartingShot|Adamant||M|||50|
|
|t:|1783625116
|teamsize|p1|4
|teamsize|p2|4
|start
|switch|p1a: Annihilape|Annihilape, L50, F|100/100
|switch|p1b: Swampert|Swampert, L50, F|100/100
|switch|p2a: Grimmsnarl|Grimmsnarl, L50, M|100/100
|switch|p2b: Annihilape|Annihilape, L50, M|100/100
|turn|1
|
|t:|1783625134
|detailschange|p1b: Swampert|Swampert-Mega, L50, F
|-mega|p1b: Swampert|Swampert|Swampertite
|move|p2a: Grimmsnarl|Reflect|p2a: Grimmsnarl
|-sidestart|p2: EBnilla|Reflect
|move|p1a: Annihilape|Coaching|p1b: Swampert
|-boost|p1b: Swampert|atk|1
|-boost|p1b: Swampert|def|1
|move|p1b: Swampert|Wave Crash|p2b: Annihilape
|-damage|p2b: Annihilape|25/100
|-damage|p1b: Swampert|70/100|[from] Recoil
|move|p2b: Annihilape|Bulk Up|p2b: Annihilape
|-boost|p2b: Annihilape|atk|1
|-boost|p2b: Annihilape|def|1
|
|-heal|p2b: Annihilape|31/100|[from] item: Leftovers
|upkeep
|turn|2
|
|t:|1783625147
|switch|p1a: Pelipper|Pelipper, L50, M|100/100
|-weather|RainDance|[from] ability: Drizzle|[of] p1a: Pelipper
|move|p2b: Annihilape|Protect|p2b: Annihilape
|-singleturn|p2b: Annihilape|Protect
|move|p2a: Grimmsnarl|Parting Shot|p1b: Swampert
|-unboost|p1b: Swampert|atk|1
|-unboost|p1b: Swampert|spa|1
|
|t:|1783625153
|switch|p2a: Drampa|Drampa, L50, F|100/100|[from] Parting Shot
|move|p1b: Swampert|Earthquake|p2a: Drampa|[spread] p2a
|-activate|p2b: Annihilape|move: Protect
|-immune|p1a: Pelipper
|-damage|p2a: Drampa|67/100
|
|-weather|RainDance|[upkeep]
|-heal|p2b: Annihilape|37/100|[from] item: Leftovers
|upkeep
|turn|3
|inactive|Battle timer is ON: inactive players will automatically lose when time's up. (requested by EBnilla)
|
|t:|1783625178
|move|p1b: Swampert|Earthquake|p2a: Drampa|[spread] p2a,p2b
|-immune|p1a: Pelipper
|-damage|p2a: Drampa|35/100
|-damage|p2b: Annihilape|15/100
|move|p2b: Annihilape|Rage Fist|p1a: Pelipper
|-crit|p1a: Pelipper
|-damage|p1a: Pelipper|0 fnt
|faint|p1a: Pelipper
|move|p2a: Drampa|Hyper Voice|p1b: Swampert
|-damage|p1b: Swampert|16/100
|
|-weather|RainDance|[upkeep]
|-heal|p2b: Annihilape|21/100|[from] item: Leftovers
|upkeep
|
|t:|1783625202
|switch|p1a: Annihilape|Annihilape, L50, F|100/100
|turn|4
|
|t:|1783625212
|move|p2b: Annihilape|Protect|p2b: Annihilape
|-singleturn|p2b: Annihilape|Protect
|move|p1b: Swampert|Wave Crash|p2a: Drampa
|-resisted|p2a: Drampa|1
|-damage|p2a: Drampa|0 fnt
|faint|p2a: Drampa
|-damage|p1b: Swampert|6/100|[from] Recoil
|move|p1a: Annihilape|Rage Fist|p2b: Annihilape
|-activate|p2b: Annihilape|move: Protect
|
|-weather|RainDance|[upkeep]
|-heal|p2b: Annihilape|27/100|[from] item: Leftovers
|upkeep
|
|t:|1783625218
|switch|p2a: Raichu|Raichu, L50, M|100/100
|turn|5
|
|t:|1783625237
|switch|p2b: Grimmsnarl|Grimmsnarl, L50, M|100/100
|detailschange|p2a: Raichu|Raichu-Mega-Y, L50, M
|-mega|p2a: Raichu|Raichu|Raichunite Y
|move|p1b: Swampert|Earthquake|p2a: Raichu|[spread] p1a,p2a,p2b
|-supereffective|p2a: Raichu|1
|-crit|p2b: Grimmsnarl
|-damage|p1a: Annihilape|43/100
|-damage|p2a: Raichu|0 fnt
|-damage|p2b: Grimmsnarl|31/100
|faint|p2a: Raichu
|move|p1a: Annihilape|Rage Fist|p2b: Grimmsnarl
|-resisted|p2b: Grimmsnarl|1
|-damage|p2b: Grimmsnarl|15/100
|
|-weather|RainDance|[upkeep]
|upkeep
|-message|EBnilla forfeited.
|
|win|battle sim trainer
|raw|battle sim trainer's rating: 1157 → 1184(+27 for winning)
|raw|EBnilla's rating: 1186 → 1159(-27 for losing)
|l|☆EBnilla
|player|p2|
