|j|☆siamocucinatidoc
|j|☆1234moe
|html|siamocucinatidoc1234moe    
|uhtml|bestof|Game 1 of a best-of-3
|t:|1783847290
|gametype|doubles
|player|p1|siamocucinatidoc|2|1104
|player|p2|1234moe|1|1065
|gen|9
|tier|[Gen 9 Champions] VGC 2026 Reg M-B (Bo3)
|rated|
|rule|Species Clause: Limit one of each Pokémon
|rule|Item Clause: Limit 1 of each item
|clearpoke
|poke|p1|Gholdengo, L50|
|poke|p1|Aerodactyl, L50, M|
|poke|p1|Incineroar, L50, M|
|poke|p1|Sinistcha-Masterpiece, L50|
|poke|p1|Kommo-o, L50, M|
|poke|p1|Charizard, L50, F|
|poke|p2|Sneasler, L50, M|
|poke|p2|Blastoise, L50, M|
|poke|p2|Kingambit, L50, M|
|poke|p2|Incineroar, L50, M|
|poke|p2|Delphox, L50, F|
|poke|p2|Sinistcha, L50|
|teampreview|4
|showteam|p1|Gholdengo||ColburBerry|GoodasGold|MakeItRain,ShadowBall,NastyPlot,Protect|Modest|||||50|]Aerodactyl||Aerodactylite|Unnerve|Tailwind,RockSlide,DualWingbeat,WideGuard|Jolly||M|||50|]Incineroar||SitrusBerry|Intimidate|FakeOut,FlareBlitz,ThroatChop,PartingShot|Careful||M|||50|]Sinistcha-Masterpiece||KasibBerry|Hospitality|MatchaGotcha,RagePowder,TrickRoom,LifeDew|Bold|||||50|]Kommo-o||Leftovers|Soundproof|ClangingScales,AuraSphere,ClangorousSoul,Protect|Timid||M|||50|]Charizard||CharizarditeY|SolarPower|HeatWave,WeatherBall,SolarBeam,Protect|Modest||F|||50|
|showteam|p2|Sneasler||FocusSash|PoisonTouch|PoisonJab,CloseCombat,FakeOut,QuickGuard|Jolly||M|||50|]Blastoise||Blastoisinite|RainDish|DarkPulse,WaterSpout,ShellSmash,Protect|Modest||M|||50|]Kingambit||BlackGlasses|Defiant|KowtowCleave,SuckerPunch,SwordsDance,Protect|Adamant||M|||50|]Incineroar||SitrusBerry|Intimidate|FlareBlitz,HelpingHand,PartingShot,FakeOut|Careful||M|||50|]Delphox||Delphoxite|Blaze|HeatWave,NastyPlot,Psyshock,Protect|Modest||F|||50|]Sinistcha||KasibBerry|Hospitality|MatchaGotcha,RagePowder,TrickRoom,Protect|Bold|||||50|
|inactive|Battle timer is ON: inactive players will automatically lose when time's up. (requested by 1234moe)
|inactive|siamocucinatidoc has 60 seconds left.
|inactive|1234moe has 60 seconds left.
|inactive|1234moe has 30 seconds left.
|
|t:|1783847357
|teamsize|p1|4
|teamsize|p2|4
|start
|switch|p1a: Kommo-o|Kommo-o, L50, M|100/100
|switch|p1b: Charizard|Charizard, L50, F|100/100
|switch|p2a: Blastoise|Blastoise, L50, M|100/100
|switch|p2b: Incineroar|Incineroar, L50, M|100/100
|-ability|p2b: Incineroar|Intimidate|boost
|-unboost|p1a: Kommo-o|atk|1
|-unboost|p1b: Charizard|atk|1
|turn|1
|inactive|siamocucinatidoc has 30 seconds left.
|l|☆siamocucinatidoc
|inactive|siamocucinatidoc disconnected and has a minute to reconnect!
|player|p1|
|j|☆siamocucinatidoc
|inactive|siamocucinatidoc reconnected and has 25 seconds left.
|player|p1|siamocucinatidoc|2|
|inactive|siamocucinatidoc has 20 seconds left.
|
|t:|1783847393
|detailschange|p1b: Charizard|Charizard-Mega-Y, L50, F
|-mega|p1b: Charizard|Charizard|Charizardite Y
|-weather|SunnyDay|[from] ability: Drought|[of] p1b: Charizard
|detailschange|p2a: Blastoise|Blastoise-Mega, L50, M
|-mega|p2a: Blastoise|Blastoise|Blastoisinite
|move|p2b: Incineroar|Fake Out|p1b: Charizard
|-damage|p1b: Charizard|88/100
|cant|p1b: Charizard|flinch
|move|p1a: Kommo-o|Clangorous Soul|p1a: Kommo-o
|-boost|p1a: Kommo-o|atk|1
|-boost|p1a: Kommo-o|def|1
|-boost|p1a: Kommo-o|spa|1
|-boost|p1a: Kommo-o|spd|1
|-boost|p1a: Kommo-o|spe|1
|-damage|p1a: Kommo-o|67/100
|move|p2a: Blastoise|Shell Smash|p2a: Blastoise
|-unboost|p2a: Blastoise|def|1
|-unboost|p2a: Blastoise|spd|1
|-boost|p2a: Blastoise|atk|2
|-boost|p2a: Blastoise|spa|2
|-boost|p2a: Blastoise|spe|2
|
|-weather|SunnyDay|[upkeep]
|-heal|p1a: Kommo-o|73/100|[from] item: Leftovers
|upkeep
|turn|2
|inactive|siamocucinatidoc has 30 seconds left.
|inactive|1234moe has 30 seconds left.
|inactive|1234moe has 20 seconds left.
|
|t:|1783847430
|switch|p1b: Sinistcha|Sinistcha-Masterpiece, L50|100/100
|-heal|p1a: Kommo-o|98/100|[from] ability: Hospitality|[of] p1b: Sinistcha
|move|p2a: Blastoise|Protect|p2a: Blastoise
|-singleturn|p2a: Blastoise|Protect
|move|p1a: Kommo-o|Clanging Scales|p2b: Incineroar|[spread] p2b
|-activate|p2a: Blastoise|move: Protect
|-damage|p2b: Incineroar|64/100
|-unboost|p1a: Kommo-o|def|1
|move|p2b: Incineroar|Parting Shot|p1a: Kommo-o
|-immune|p1a: Kommo-o|[from] ability: Soundproof
|
|-weather|SunnyDay|[upkeep]
|-heal|p1a: Kommo-o|100/100|[from] item: Leftovers
|upkeep
|turn|3
|inactive|siamocucinatidoc has 30 seconds left.
|inactive|1234moe has 30 seconds left.
|inactive|1234moe has 20 seconds left.
|inactive|1234moe has 15 seconds left.
|inactive|1234moe has 10 seconds left.
|
|t:|1783847480
|switch|p1b: Incineroar|Incineroar, L50, M|100/100
|-ability|p1b: Incineroar|Intimidate|boost
|-unboost|p2a: Blastoise|atk|1
|-unboost|p2b: Incineroar|atk|1
|move|p2a: Blastoise|Dark Pulse|p1b: Incineroar
|-resisted|p1b: Incineroar|1
|-damage|p1b: Incineroar|58/100
|move|p1a: Kommo-o|Clanging Scales|p2a: Blastoise|[spread] p2a,p2b
|-damage|p2a: Blastoise|29/100
|-damage|p2b: Incineroar|29/100
|-enditem|p2b: Incineroar|Sitrus Berry|[eat]
|-heal|p2b: Incineroar|54/100|[from] item: Sitrus Berry
|-unboost|p1a: Kommo-o|def|1
|move|p2b: Incineroar|Flare Blitz|p1b: Incineroar
|-resisted|p1b: Incineroar|1
|-damage|p1b: Incineroar|35/100
|-enditem|p1b: Incineroar|Sitrus Berry|[eat]
|-heal|p1b: Incineroar|60/100|[from] item: Sitrus Berry
|-damage|p2b: Incineroar|47/100|[from] Recoil
|
|-weather|SunnyDay|[upkeep]
|upkeep
|turn|4
|inactive|siamocucinatidoc has 30 seconds left.
|inactive|1234moe has 30 seconds left.
|inactive|1234moe has 20 seconds left.
|
|t:|1783847519
|switch|p2b: Sinistcha|Sinistcha, L50|100/100
|-heal|p2a: Blastoise|54/100|[from] ability: Hospitality|[of] p2b: Sinistcha
|move|p1b: Incineroar|Fake Out|p2b: Sinistcha
|-immune|p2b: Sinistcha
|move|p2a: Blastoise|Water Spout|p1b: Incineroar|[spread] p1a,p1b
|-resisted|p1a: Kommo-o|1
|-supereffective|p1b: Incineroar|1
|-damage|p1a: Kommo-o|88/100
|-damage|p1b: Incineroar|3/100
|move|p1a: Kommo-o|Clangorous Soul|p1a: Kommo-o
|-boost|p1a: Kommo-o|atk|1
|-boost|p1a: Kommo-o|def|1
|-boost|p1a: Kommo-o|spa|1
|-boost|p1a: Kommo-o|spd|1
|-boost|p1a: Kommo-o|spe|1
|-damage|p1a: Kommo-o|56/100
|
|-weather|SunnyDay|[upkeep]
|-heal|p1a: Kommo-o|62/100|[from] item: Leftovers
|upkeep
|turn|5
|
|t:|1783847543
|switch|p1b: Sinistcha|Sinistcha-Masterpiece, L50|100/100
|-heal|p1a: Kommo-o|87/100|[from] ability: Hospitality|[of] p1b: Sinistcha
|switch|p2b: Incineroar|Incineroar, L50, M|47/100
|-ability|p2b: Incineroar|Intimidate|boost
|-unboost|p1a: Kommo-o|atk|1
|-unboost|p1b: Sinistcha|atk|1
|move|p2a: Blastoise|Protect|p2a: Blastoise
|-singleturn|p2a: Blastoise|Protect
|move|p1a: Kommo-o|Clanging Scales|p2b: Incineroar|[spread] p2b
|-activate|p2a: Blastoise|move: Protect
|-damage|p2b: Incineroar|0 fnt
|faint|p2b: Incineroar
|-unboost|p1a: Kommo-o|def|1
|
|-weather|none
|-heal|p1a: Kommo-o|93/100|[from] item: Leftovers
|upkeep
|
|t:|1783847556
|switch|p2b: Sinistcha|Sinistcha, L50|100/100
|-heal|p2a: Blastoise|78/100|[from] ability: Hospitality|[of] p2b: Sinistcha
|turn|6
|
|t:|1783847574
|switch|p1b: Charizard|Charizard-Mega-Y, L50, F|88/100
|-weather|SunnyDay|[from] ability: Drought|[of] p1b: Charizard
|move|p2b: Sinistcha|Protect|p2b: Sinistcha
|-singleturn|p2b: Sinistcha|Protect
|move|p1a: Kommo-o|Clanging Scales|p2a: Blastoise|[spread] p2a
|-activate|p2b: Sinistcha|move: Protect
|-damage|p2a: Blastoise|0 fnt
|faint|p2a: Blastoise
|-unboost|p1a: Kommo-o|def|1
|
|-weather|SunnyDay|[upkeep]
|-heal|p1a: Kommo-o|100/100|[from] item: Leftovers
|upkeep
|
|t:|1783847583
|switch|p2a: Sneasler|Sneasler, L50, M|100/100
|turn|7
|-message|1234moe forfeited.
|
|win|siamocucinatidoc
||1234moe is ready for game 2.
||siamocucinatidoc is ready for game 2.
|uhtml|next|Next: Game 2 of 3
|l|☆1234moe
|player|p2|
