|j|☆adalberto lopez
|j|☆LorenzoLLY
|html|adalberto lopezLorenzoLLY    
|uhtml|bestof|Game 3 of a best-of-3
|t:|1784254708
|gametype|doubles
|player|p1|adalberto lopez|candice|
|player|p2|LorenzoLLY|richboy|
|gen|9
|tier|[Gen 9 Champions] VGC 2026 Reg M-B (Bo3)
|rule|Species Clause: Limit one of each Pokémon
|rule|Item Clause: Limit 1 of each item
|clearpoke
|poke|p1|Meowscarada, L50, F|
|poke|p1|Raichu, L50, F|
|poke|p1|Incineroar, L50, F|
|poke|p1|Medicham, L50, M|
|poke|p1|Sylveon, L50, M|
|poke|p1|Sableye, L50, M|
|poke|p2|Staraptor, L50, M|
|poke|p2|Whimsicott, L50, F|
|poke|p2|Sinistcha, L50, shiny|
|poke|p2|Toxapex, L50, F|
|poke|p2|Gardevoir, L50, M|
|poke|p2|Meowscarada, L50, F|
|teampreview|4
|showteam|p1|Meowscarada||ChoiceScarf|Protean|FlowerTrick,FoulPlay,PlayRough,Uturn|Jolly||F|||50|]Raichu||RaichuniteY|Static|ZapCannon,FocusBlast,FakeOut,Protect|Hasty||F|||50|]Incineroar||SitrusBerry|Intimidate|FakeOut,FlareBlitz,PartingShot,WillOWisp|Careful||F|||50|]Medicham||Medichamite|PurePower|FakeOut,DrainPunch,ZenHeadbutt,Protect|Jolly||M|||50|]Sylveon||FairyFeather|Pixilate|HyperBeam,HyperVoice,ShadowBall,Protect|Modest||M|||50|]Sableye||RoseliBerry|Prankster|Quash,Encore,Taunt,FakeOut|Impish||M|||50|
|showteam|p2|Staraptor||Staraptite|Intimidate|DualWingbeat,CloseCombat,Protect,Rest|Adamant||M|||50|]Whimsicott||FocusSash|Prankster|Protect,Tailwind,Charm,GigaDrain|Modest||F|||50|]Sinistcha||BlackGlasses|Hospitality|RagePowder,MatchaGotcha,ShadowBall,LifeDew|Modest|||||50|]Toxapex||Leftovers|Regenerator|BanefulBunker,Toxic,ToxicSpikes,Infestation|Sassy||F|||50|]Gardevoir||FairyFeather|Trace|Psychic,DazzlingGleam,Protect,TrickRoom|Quiet||M|||50|]Meowscarada||ExpertBelt|Protean|PlayRough,SuckerPunch,FlowerTrick,Uturn|Jolly||F|||50|
|inactive|Battle timer is ON: inactive players will automatically lose when time's up. (requested by adalberto lopez)
|
|t:|1784254736
|teamsize|p1|4
|teamsize|p2|4
|start
|switch|p1a: Sylveon|Sylveon, L50, M|100/100
|switch|p1b: Sableye|Sableye, L50, M|100/100
|switch|p2a: Staraptor|Staraptor, L50, M|100/100
|switch|p2b: Whimsicott|Whimsicott, L50, F|100/100
|-ability|p2a: Staraptor|Intimidate|boost
|-unboost|p1a: Sylveon|atk|1
|-unboost|p1b: Sableye|atk|1
|turn|1
|inactive|LorenzoLLY has 30 seconds left.
|
|t:|1784254764
|move|p2a: Staraptor|Protect|p2a: Staraptor
|-singleturn|p2a: Staraptor|Protect
|move|p1b: Sableye|Fake Out|p2b: Whimsicott
|-damage|p2b: Whimsicott|92/100
|cant|p2b: Whimsicott|flinch
|move|p1a: Sylveon|Hyper Voice|p2a: Staraptor|[spread] p2b
|-activate|p2a: Staraptor|move: Protect
|-damage|p2b: Whimsicott|3/100
|
|upkeep
|turn|2
|
|t:|1784254786
|detailschange|p2a: Staraptor|Staraptor-Mega, L50, M
|-mega|p2a: Staraptor|Staraptor|Staraptite
|move|p2b: Whimsicott|Tailwind|p2b: Whimsicott
|-sidestart|p2: LorenzoLLY|move: Tailwind
|move|p1b: Sableye|Quash||[still]
|-fail|p1b: Sableye
|move|p2a: Staraptor|Dual Wingbeat|p1a: Sylveon
|-damage|p1a: Sylveon|62/100
|-damage|p1a: Sylveon|29/100
|-hitcount|p1a: Sylveon|2
|move|p1a: Sylveon|Hyper Voice|p2a: Staraptor|[spread] p2a,p2b
|-supereffective|p2a: Staraptor|1
|-damage|p2a: Staraptor|0 fnt
|-damage|p2b: Whimsicott|0 fnt
|faint|p2a: Staraptor
|faint|p2b: Whimsicott
|
|upkeep
|
|t:|1784254803
|switch|p2b: Sinistcha|Sinistcha, L50, shiny|100/100
|switch|p2a: Gardevoir|Gardevoir, L50, M|100/100
|-ability|p2a: Gardevoir|Pixilate|Trace|[from] ability: Trace|[of] p1a: Sylveon
|turn|3
|
|t:|1784254826
|move|p1a: Sylveon|Protect|p1a: Sylveon
|-singleturn|p1a: Sylveon|Protect
|move|p2b: Sinistcha|Rage Powder|p2b: Sinistcha
|-singleturn|p2b: Sinistcha|move: Rage Powder
|move|p1b: Sableye|Taunt|p2b: Sinistcha
|-start|p2b: Sinistcha|move: Taunt
|move|p2a: Gardevoir|Dazzling Gleam|p1a: Sylveon|[spread] p1b
|-activate|p1a: Sylveon|move: Protect
|-supereffective|p1b: Sableye|1
|-crit|p1b: Sableye
|-enditem|p1b: Sableye|Roseli Berry|[eat]
|-enditem|p1b: Sableye|Roseli Berry|[weaken]
|-damage|p1b: Sableye|4/100
|
|upkeep
|turn|4
|
|t:|1784254848
|move|p1b: Sableye|Quash|p2a: Gardevoir
|-activate|p2a: Gardevoir|move: Quash
|move|p2b: Sinistcha|Matcha Gotcha|p1b: Sableye|[spread] p1b
|-miss|p2b: Sinistcha|p1a: Sylveon
|-damage|p1b: Sableye|0 fnt
|faint|p1b: Sableye
|move|p1a: Sylveon|Hyper Beam|p2a: Gardevoir
|-damage|p2a: Gardevoir|2/100
|-mustrecharge|p1a: Sylveon
|move|p2a: Gardevoir|Dazzling Gleam|p1a: Sylveon
|-damage|p1a: Sylveon|0 fnt
|faint|p1a: Sylveon
|
|upkeep
|
|t:|1784254866
|switch|p1a: Raichu|Raichu, L50, F|100/100
|switch|p1b: Meowscarada|Meowscarada, L50, F|100/100
|turn|5
|
|t:|1784254878
|detailschange|p1a: Raichu|Raichu-Mega-Y, L50, F
|-mega|p1a: Raichu|Raichu|Raichunite Y
|move|p2a: Gardevoir|Protect|p2a: Gardevoir
|-singleturn|p2a: Gardevoir|Protect
|move|p1a: Raichu|Fake Out|p2a: Gardevoir
|-activate|p2a: Gardevoir|move: Protect
|move|p1b: Meowscarada|U-turn|p2b: Sinistcha
|-start|p1b: Meowscarada|typechange|Bug|[from] ability: Protean
|-damage|p2b: Sinistcha|70/100
|move|p2b: Sinistcha|Matcha Gotcha|p1b: Meowscarada|[spread] p1a,p1b
|-resisted|p1b: Meowscarada|1
|-damage|p1a: Raichu|51/100
|-heal|p2b: Sinistcha|90/100|[from] drain|[of] p1a: Raichu
|-damage|p1b: Meowscarada|79/100
|-heal|p2b: Sinistcha|100/100|[from] drain|[of] p1b: Meowscarada
|
|-sideend|p2: LorenzoLLY|move: Tailwind
|upkeep
|turn|6
|inactive|LorenzoLLY has 30 seconds left.
|
|t:|1784254907
|move|p1b: Meowscarada|U-turn|p2a: Gardevoir
|-damage|p2a: Gardevoir|0 fnt
|faint|p2a: Gardevoir
|move|p1a: Raichu|Zap Cannon|p2b: Sinistcha
|-resisted|p2b: Sinistcha|1
|-damage|p2b: Sinistcha|54/100
|-status|p2b: Sinistcha|par
|move|p2b: Sinistcha|Matcha Gotcha|p1b: Meowscarada|[spread] p1a,p1b
|-crit|p1a: Raichu
|-resisted|p1b: Meowscarada|1
|-crit|p1b: Meowscarada
|-damage|p1a: Raichu|0 fnt
|-heal|p2b: Sinistcha|75/100 par|[from] drain|[of] p1a: Raichu
|-damage|p1b: Meowscarada|46/100
|-heal|p2b: Sinistcha|90/100 par|[from] drain|[of] p1b: Meowscarada
|-status|p1b: Meowscarada|brn
|faint|p1a: Raichu
|
|-damage|p1b: Meowscarada|40/100 brn|[from] brn
|-end|p2b: Sinistcha|move: Taunt
|upkeep
|turn|7
|inactive|LorenzoLLY has 30 seconds left.
|
|t:|1784254935
|move|p1b: Meowscarada|U-turn|p2b: Sinistcha
|-damage|p2b: Sinistcha|77/100 par
|move|p2b: Sinistcha|Matcha Gotcha|p1b: Meowscarada|[miss]
|-miss|p2b: Sinistcha|p1b: Meowscarada
|
|-damage|p1b: Meowscarada|34/100 brn|[from] brn
|upkeep
|turn|8
|inactive|adalberto lopez has 30 seconds left.
|inactive|adalberto lopez has 20 seconds left.
|inactive|adalberto lopez has 15 seconds left.
|inactive|adalberto lopez has 10 seconds left.
|inactive|adalberto lopez has 5 seconds left.
|
|t:|1784254990
|move|p1b: Meowscarada|U-turn|p2b: Sinistcha
|-damage|p2b: Sinistcha|64/100 par
|move|p2b: Sinistcha|Matcha Gotcha|p1b: Meowscarada
|-resisted|p1b: Meowscarada|1
|-damage|p1b: Meowscarada|3/100 brn
|-heal|p2b: Sinistcha|78/100 par|[from] drain|[of] p1b: Meowscarada
|
|-damage|p1b: Meowscarada|0 fnt|[from] brn
|faint|p1b: Meowscarada
|
|win|LorenzoLLY
|l|☆LorenzoLLY
|player|p2|
|l|☆adalberto lopez
|player|p1|
|j|☆LorenzoLLY
|player|p2|LorenzoLLY|richboy|
