|j|☆x5414
|j|☆lolgz
|html|x5414lolgz    
|uhtml|bestof|Game 2 of a best-of-3
|t:|1782454944
|gametype|doubles
|player|p1|x5414|102|1301
|player|p2|lolgz|dawn|1281
|gen|9
|tier|[Gen 9 Champions] VGC 2026 Reg M-B (Bo3)
|rated|
|rule|Species Clause: Limit one of each Pokémon
|rule|Item Clause: Limit 1 of each item
|clearpoke
|poke|p1|Pelipper, L50, F|
|poke|p1|Basculegion, L50, M|
|poke|p1|Incineroar, L50, M|
|poke|p1|Raichu, L50, F|
|poke|p1|Scizor, L50, M|
|poke|p1|Sinistcha, L50|
|poke|p2|Mawile, L50, M|
|poke|p2|Sneasler, L50, M|
|poke|p2|Farigiraf, L50, M|
|poke|p2|Ampharos, L50, M|
|poke|p2|Vileplume, L50, F|
|poke|p2|Torkoal, L50, F|
|teampreview|4
|showteam|p1|Pelipper||FocusSash|Drizzle|Hurricane,Tailwind,WeatherBall,Protect|Timid||F|||50|]Basculegion||ChoiceScarf|Adaptability|FlipTurn,LastRespects,WaveCrash,AquaJet|Jolly||M|||50|]Incineroar||SitrusBerry|Intimidate|FlareBlitz,PartingShot,FakeOut,DarkestLariat|Relaxed||M|||50|]Raichu||RaichuniteY|LightningRod|Encore,FocusBlast,ZapCannon,Protect|Timid||F|||50|]Scizor||Leftovers|Technician|Curse,Protect,BugBite,BulletPunch|Adamant||M|||50|]Sinistcha||OccaBerry|Hospitality|MatchaGotcha,RagePowder,TrickRoom,LifeDew|Sassy|||||50|
|showteam|p2|Mawile||Mawilite|HyperCutter|PlayRough,SuckerPunch,SwordsDance,Protect|Serious||M|||50|]Sneasler||IronBall|PoisonTouch|FakeOut,DireClaw,CloseCombat,RockTomb|Brave||M|||50|]Farigiraf||SitrusBerry|ArmorTail|TrickRoom,Thunderbolt,Psychic,HelpingHand|Relaxed||M|||50|]Ampharos||Ampharosite|Static|Thunderbolt,DragonPulse,Protect,FocusBlast|Brave||M|||50|]Vileplume||FocusSash|Chlorophyll|SleepPowder,SludgeBomb,EnergyBall,AfterYou|Timid||F|||50|]Torkoal||Charcoal|Drought|Eruption,WeatherBall,EarthPower,Protect|Quiet||F|||50|
|inactive|Battle timer is ON: inactive players will automatically lose when time's up. (requested by lolgz)
|
|t:|1782454954
|teamsize|p1|4
|teamsize|p2|4
|start
|switch|p1a: Scizor|Scizor, L50, M|100/100
|switch|p1b: Incineroar|Incineroar, L50, M|100/100
|switch|p2a: Farigiraf|Farigiraf, L50, M|100/100
|switch|p2b: Sneasler|Sneasler, L50, M|100/100
|-ability|p1b: Incineroar|Intimidate|boost
|-unboost|p2a: Farigiraf|atk|1
|-unboost|p2b: Sneasler|atk|1
|turn|1
|inactive|x5414 has 30 seconds left.
|
|t:|1782454980
|move|p1a: Scizor|Curse|p1a: Scizor
|-unboost|p1a: Scizor|spe|1
|-boost|p1a: Scizor|atk|1
|-boost|p1a: Scizor|def|1
|move|p1b: Incineroar|Darkest Lariat|p2a: Farigiraf
|-supereffective|p2a: Farigiraf|1
|-damage|p2a: Farigiraf|52/100
|move|p2b: Sneasler|Close Combat|p1b: Incineroar
|-supereffective|p1b: Incineroar|1
|-damage|p1b: Incineroar|30/100
|-unboost|p2b: Sneasler|def|1
|-unboost|p2b: Sneasler|spd|1
|-enditem|p1b: Incineroar|Sitrus Berry|[eat]
|-heal|p1b: Incineroar|55/100|[from] item: Sitrus Berry
|move|p2a: Farigiraf|Trick Room|p2a: Farigiraf
|-fieldstart|move: Trick Room|[of] p2a: Farigiraf
|
|upkeep
|turn|2
|
|t:|1782454991
|move|p2a: Farigiraf|Helping Hand|p2b: Sneasler
|-singleturn|p2b: Sneasler|Helping Hand|[of] p2a: Farigiraf
|move|p1a: Scizor|Bug Bite|p2a: Farigiraf
|-supereffective|p2a: Farigiraf|1
|-damage|p2a: Farigiraf|0 fnt
|-enditem|p2a: Farigiraf|Sitrus Berry|[from] stealeat|[move] Bug Bite|[of] p1a: Scizor
|faint|p2a: Farigiraf
|move|p2b: Sneasler|Close Combat|p1a: Scizor
|-damage|p1a: Scizor|51/100
|-unboost|p2b: Sneasler|def|1
|-unboost|p2b: Sneasler|spd|1
|move|p1b: Incineroar|Parting Shot|p2b: Sneasler
|-unboost|p2b: Sneasler|atk|1
|-unboost|p2b: Sneasler|spa|1
|
|t:|1782455003
|switch|p1b: Raichu|Raichu, L50, F|100/100|[from] Parting Shot
|
|-heal|p1a: Scizor|58/100|[from] item: Leftovers
|upkeep
|
|t:|1782455005
|switch|p2a: Mawile|Mawile, L50, M|100/100
|turn|3
|inactive|x5414 has 30 seconds left.
|
|t:|1782455033
|detailschange|p2a: Mawile|Mawile-Mega, L50, M
|-mega|p2a: Mawile|Mawile|Mawilite
|detailschange|p1b: Raichu|Raichu-Mega-Y, L50, F
|-mega|p1b: Raichu|Raichu|Raichunite Y
|move|p1a: Scizor|Bullet Punch|p2a: Mawile
|-damage|p2a: Mawile|48/100
|move|p2a: Mawile|Sucker Punch||[still]
|-fail|p2a: Mawile
|move|p2b: Sneasler|Close Combat|p1a: Scizor
|-damage|p1a: Scizor|36/100
|-unboost|p2b: Sneasler|def|1
|-unboost|p2b: Sneasler|spd|1
|move|p1b: Raichu|Zap Cannon|p2a: Mawile
|-damage|p2a: Mawile|0 fnt
|faint|p2a: Mawile
|
|-heal|p1a: Scizor|42/100|[from] item: Leftovers
|upkeep
|
|t:|1782455038
|switch|p2a: Torkoal|Torkoal, L50, F|100/100
|-weather|SunnyDay|[from] ability: Drought|[of] p2a: Torkoal
|turn|4
|
|t:|1782455052
|switch|p1b: Incineroar|Incineroar, L50, M|55/100
|-ability|p1b: Incineroar|Intimidate|boost
|-unboost|p2a: Torkoal|atk|1
|-unboost|p2b: Sneasler|atk|1
|move|p1a: Scizor|Protect|p1a: Scizor
|-singleturn|p1a: Scizor|Protect
|move|p2a: Torkoal|Eruption|p1a: Scizor|[spread] p1b
|-activate|p1a: Scizor|move: Protect
|-resisted|p1b: Incineroar|1
|-damage|p1b: Incineroar|19/100
|move|p2b: Sneasler|Dire Claw|p1b: Incineroar
|-damage|p1b: Incineroar|4/100
|-status|p1b: Incineroar|psn
|
|-weather|SunnyDay|[upkeep]
|-heal|p1a: Scizor|48/100|[from] item: Leftovers
|-damage|p1b: Incineroar|0 fnt|[from] psn
|faint|p1b: Incineroar
|upkeep
|
|t:|1782455061
|switch|p1b: Pelipper|Pelipper, L50, F|100/100
|-weather|RainDance|[from] ability: Drizzle|[of] p1b: Pelipper
|turn|5
|
|t:|1782455072
|move|p1a: Scizor|Bullet Punch|p2b: Sneasler
|-damage|p2b: Sneasler|0 fnt
|faint|p2b: Sneasler
|move|p2a: Torkoal|Eruption|p1b: Pelipper|[spread] p1a,p1b
|-supereffective|p1a: Scizor|2
|-resisted|p1b: Pelipper|1
|-damage|p1a: Scizor|0 fnt
|-damage|p1b: Pelipper|74/100
|faint|p1a: Scizor
|move|p1b: Pelipper|Weather Ball|p2a: Torkoal
|-supereffective|p2a: Torkoal|1
|-damage|p2a: Torkoal|0 fnt
|faint|p2a: Torkoal
|
|win|x5414
|raw|x5414's rating: 1301 → 1320(+19 for winning)
|raw|lolgz's rating: 1281 → 1257(-24 for losing)
