|j|☆Spasio
|j|☆gokturkxd
|html|Spasiogokturkxd    
|uhtml|bestof|Game 1 of a best-of-3
|t:|1756572282
|gametype|doubles
|player|p1|Spasio|n|1196
|player|p2|gokturkxd|n-masters3|1146
|gen|9
|tier|[Gen 9] VGC 2025 Reg H (Bo3)
|rated|
|rule|Species Clause: Limit one of each Pokémon
|rule|Item Clause: Limit 1 of each item
|clearpoke
|poke|p1|Gholdengo, L50|
|poke|p1|Sneasler, L50, M|
|poke|p1|Rillaboom, L50, F|
|poke|p1|Dragonite, L50, M|
|poke|p1|Ninetales-Alola, L50, F|
|poke|p1|Arcanine-Hisui, L50, F|
|poke|p2|Kommo-o, L50, M|
|poke|p2|Drifblim, L50, M|
|poke|p2|Hydreigon, L50, M|
|poke|p2|Toxtricity, L50, F|
|poke|p2|Volcarona, L50, M|
|poke|p2|Indeedee, L50, M|
|teampreview|4
|showteam|p1|Gholdengo||GrassySeed|GoodasGold|NastyPlot,MakeItRain,ShadowBall,Protect||||||50|,,,,,Water]Sneasler||WhiteHerb|Unburden|CloseCombat,DireClaw,Coaching,Protect|||M|||50|,,,,,Ghost]Rillaboom||AssaultVest|GrassySurge|FakeOut,GrassyGlide,DrumBeating,HighHorsepower|||F|||50|,,,,,Fire]Dragonite||LoadedDice|Multiscale|ScaleShot,StompingTantrum,Tailwind,Protect|||M|||50|,,,,,Ground]Ninetales-Alola||FocusSash|SnowWarning|Blizzard,IcyWind,Encore,AuroraVeil|||F|||50|,,,,,Ghost]Arcanine-Hisui||ClearAmulet|Intimidate|RockSlide,FlareBlitz,ExtremeSpeed,Protect|||F|||50|,,,,,Water
|showteam|p2|Kommo-o||Leftovers|Soundproof|BodyPress,Flamethrower,IronDefense,Protect|||M|||50|,,,,,Fire]Drifblim||PsychicSeed|Unburden|Acrobatics,WillOWisp,StrengthSap,Tailwind|||M|||50|,,,,,Grass]Hydreigon||AssaultVest|Levitate|DarkPulse,DracoMeteor,EarthPower,Snarl|||M|||50|,,,,,Ghost]Toxtricity||ChoiceSpecs|PunkRock|VoltSwitch,SludgeBomb,Boomburst,Overdrive|||F|||50|,,,,,Normal]Volcarona||CovertCloak|FlameBody|QuiverDance,HeatWave,TeraBlast,Protect|||M|||50|,,,,,Fairy]Indeedee||FocusSash|PsychicSurge|ExpandingForce,TeraBlast,Imprison,TrickRoom|||M|||50|,,,,,Fighting
|inactive|Battle timer is ON: inactive players will automatically lose when time's up. (requested by Spasio)
|inactive|gokturkxd has 60 seconds left.
|inactive|gokturkxd has 30 seconds left.
|inactive|gokturkxd has 20 seconds left.
|inactive|gokturkxd has 15 seconds left.
|inactive|gokturkxd has 10 seconds left.
|
|t:|1756572364
|teamsize|p1|4
|teamsize|p2|4
|start
|switch|p1a: Sneasler|Sneasler, L50, M|100/100
|switch|p1b: Dragonite|Dragonite, L50, M|100/100
|switch|p2a: Drifblim|Drifblim, L50, M|100/100
|switch|p2b: Indeedee|Indeedee, L50, M|100/100
|-fieldstart|move: Psychic Terrain|[from] ability: Psychic Surge|[of] p2b: Indeedee
|-enditem|p2a: Drifblim|Psychic Seed
|-boost|p2a: Drifblim|spd|1|[from] item: Psychic Seed
|turn|1
|
|t:|1756572380
|switch|p1a: Rillaboom|Rillaboom, L50, F|100/100
|-fieldstart|move: Grassy Terrain|[from] ability: Grassy Surge|[of] p1a: Rillaboom
|move|p2a: Drifblim|Will-O-Wisp|p1b: Dragonite
|-status|p1b: Dragonite|brn
|move|p2b: Indeedee|Expanding Force|p1a: Rillaboom
|-crit|p1a: Rillaboom
|-damage|p1a: Rillaboom|59/100
|move|p1b: Dragonite|Scale Shot|p2a: Drifblim
|-damage|p2a: Drifblim|92/100
|-damage|p2a: Drifblim|85/100
|-damage|p2a: Drifblim|77/100
|-damage|p2a: Drifblim|69/100
|-hitcount|p2a: Drifblim|4
|-unboost|p1b: Dragonite|def|1
|-boost|p1b: Dragonite|spe|1
|
|-heal|p1a: Rillaboom|65/100|[from] Grassy Terrain
|-damage|p1b: Dragonite|95/100 brn|[from] brn
|upkeep
|turn|2
|inactive|Spasio has 30 seconds left.
|
|t:|1756572407
|switch|p2b: Volcarona|Volcarona, L50, M|100/100
|move|p2a: Drifblim|Strength Sap|p1b: Dragonite
|-unboost|p1b: Dragonite|atk|1
|-heal|p2a: Drifblim|100/100
|move|p1b: Dragonite|Tailwind|p1b: Dragonite
|-sidestart|p1: Spasio|move: Tailwind
|move|p1a: Rillaboom|Drum Beating|p2b: Volcarona
|-resisted|p2b: Volcarona
|-damage|p2b: Volcarona|86/100
|
|-heal|p1a: Rillaboom|71/100|[from] Grassy Terrain
|-heal|p2b: Volcarona|92/100|[from] Grassy Terrain
|-damage|p1b: Dragonite|89/100 brn|[from] brn
|upkeep
|turn|3
|inactive|Spasio has 30 seconds left.
|inactive|gokturkxd has 30 seconds left.
|
|t:|1756572441
|switch|p1a: Ninetales|Ninetales-Alola, L50, F|100/100
|-weather|Snowscape|[from] ability: Snow Warning|[of] p1a: Ninetales
|move|p1b: Dragonite|Scale Shot|p2b: Volcarona
|-damage|p2b: Volcarona|86/100
|-damage|p2b: Volcarona|80/100
|-damage|p2b: Volcarona|75/100
|-damage|p2b: Volcarona|69/100
|-hitcount|p2b: Volcarona|4
|-unboost|p1b: Dragonite|def|1
|-boost|p1b: Dragonite|spe|1
|move|p2a: Drifblim|Will-O-Wisp|p1a: Ninetales|[miss]
|-miss|p2a: Drifblim|p1a: Ninetales
|move|p2b: Volcarona|Quiver Dance|p2b: Volcarona
|-boost|p2b: Volcarona|spa|1
|-boost|p2b: Volcarona|spd|1
|-boost|p2b: Volcarona|spe|1
|
|-weather|Snowscape|[upkeep]
|-heal|p2b: Volcarona|75/100|[from] Grassy Terrain
|-damage|p1b: Dragonite|83/100 brn|[from] brn
|upkeep
|turn|4
|inactive|gokturkxd has 30 seconds left.
|
|t:|1756572474
|move|p2b: Volcarona|Protect|p2b: Volcarona
|-singleturn|p2b: Volcarona|Protect
|move|p1b: Dragonite|Scale Shot|p2b: Volcarona
|-activate|p2b: Volcarona|move: Protect
|move|p1a: Ninetales|Encore|p2b: Volcarona
|-activate|p2b: Volcarona|move: Protect
|move|p2a: Drifblim|Tailwind|p2a: Drifblim
|-sidestart|p2: gokturkxd|move: Tailwind
|
|-weather|Snowscape|[upkeep]
|-heal|p2b: Volcarona|80/100|[from] Grassy Terrain
|-damage|p1b: Dragonite|77/100 brn|[from] brn
|upkeep
|turn|5
|
|t:|1756572495
|-terastallize|p2b: Volcarona|Fairy
|move|p1b: Dragonite|Scale Shot|p2b: Volcarona
|-immune|p2b: Volcarona
|move|p2a: Drifblim|Acrobatics|p1a: Ninetales
|-damage|p1a: Ninetales|66/100
|move|p2b: Volcarona|Heat Wave|p1b: Dragonite|[spread] p1a,p1b
|-supereffective|p1a: Ninetales
|-resisted|p1b: Dragonite
|-damage|p1a: Ninetales|0 fnt
|-damage|p1b: Dragonite|47/100 brn
|faint|p1a: Ninetales
|
|-weather|Snowscape|[upkeep]
|-heal|p2b: Volcarona|86/100|[from] Grassy Terrain
|-damage|p1b: Dragonite|41/100 brn|[from] brn
|-sideend|p1: Spasio|move: Tailwind
|-fieldend|move: Grassy Terrain
|upkeep
|
|t:|1756572505
|switch|p1a: Sneasler|Sneasler, L50, M|100/100
|turn|6
|
|t:|1756572522
|move|p2a: Drifblim|Acrobatics|p1a: Sneasler
|-supereffective|p1a: Sneasler
|-damage|p1a: Sneasler|19/100
|move|p2b: Volcarona|Tera Blast|p1a: Sneasler|[anim] Tera Blast Fairy
|-damage|p1a: Sneasler|0 fnt
|faint|p1a: Sneasler
|move|p1b: Dragonite|Tailwind|p1b: Dragonite
|-sidestart|p1: Spasio|move: Tailwind
|
|-weather|Snowscape|[upkeep]
|-damage|p1b: Dragonite|35/100 brn|[from] brn
|upkeep
|-message|Spasio forfeited.
|
|win|gokturkxd
||Spasio is ready for game 2.
||gokturkxd is ready for game 2.
|uhtml|next|Next: Game 2 of 3
