|j|☆Dball_Games
|j|☆Shminki
|html|Dball_GamesShminki    
|uhtml|bestof|Game 1 of a best-of-3
|t:|1756929640
|gametype|doubles
|player|p1|Dball_Games|102|1166
|player|p2|Shminki|ethan|1199
|gen|9
|tier|[Gen 9] VGC 2025 Reg H (Bo3)
|rated|
|rule|Species Clause: Limit one of each Pokémon
|rule|Item Clause: Limit 1 of each item
|clearpoke
|poke|p1|Dragonite, L50, M|
|poke|p1|Ursaluna, L50, F|
|poke|p1|Gholdengo, L50|
|poke|p1|Porygon2, L50|
|poke|p1|Torkoal, L50, M|
|poke|p1|Typhlosion-Hisui, L50, M|
|poke|p2|Gholdengo, L50|
|poke|p2|Sneasler, L50, M|
|poke|p2|Rillaboom, L50, F|
|poke|p2|Dragonite, L50, F|
|poke|p2|Ninetales-Alola, L50, M|
|poke|p2|Arcanine-Hisui, L50, M|
|teampreview|4
|showteam|p1|Dragonite||LoadedDice|InnerFocus|Tailwind,ScaleShot,Haze,Protect|||M|||50|,,,,,Steel]Ursaluna||FlameOrb|Guts|Facade,Earthquake,HeadlongRush,Protect|||F|||50|,,,,,Ghost]Gholdengo||LifeOrb|GoodasGold|ShadowBall,MakeItRain,NastyPlot,Protect||||||50|,,,,,Flying]Porygon2||Eviolite|Download|TrickRoom,IceBeam,ThunderWave,TriAttack||||||50|,,,,,Grass]Torkoal||EjectPack|Drought|Eruption,HeatWave,Protect,EarthPower|||M|||50|,,,,,Fire]Typhlosion-Hisui||ChoiceScarf|Blaze|Eruption,HeatWave,ShadowBall,Overheat|||M|||50|,,,,,Fire
|showteam|p2|Gholdengo||GrassySeed|GoodasGold|NastyPlot,MakeItRain,ShadowBall,Protect||||||50|,,,,,Water]Sneasler||WhiteHerb|Unburden|CloseCombat,DireClaw,Coaching,Protect|||M|||50|,,,,,Ghost]Rillaboom||AssaultVest|GrassySurge|FakeOut,GrassyGlide,DrumBeating,HighHorsepower|||F|||50|,,,,,Fire]Dragonite||LoadedDice|Multiscale|ScaleShot,StompingTantrum,Tailwind,Protect|||F|||50|,,,,,Ground]Ninetales-Alola||FocusSash|SnowWarning|Blizzard,IcyWind,Encore,AuroraVeil|||M|||50|,,,,,Ghost]Arcanine-Hisui||ClearAmulet|Intimidate|RockSlide,FlareBlitz,ExtremeSpeed,Protect|||M|||50|,,,,,Water
|inactive|Battle timer is ON: inactive players will automatically lose when time's up. (requested by Shminki)
|inactive|Dball_Games has 60 seconds left.
|inactive|Shminki has 60 seconds left.
|
|t:|1756929693
|teamsize|p1|4
|teamsize|p2|4
|start
|switch|p1a: Dragonite|Dragonite, L50, M|100/100
|switch|p1b: Porygon2|Porygon2, L50|100/100
|switch|p2a: Dragonite|Dragonite, L50, F|100/100
|switch|p2b: Sneasler|Sneasler, L50, M|100/100
|-ability|p1b: Porygon2|Download|boost
|-boost|p1b: Porygon2|atk|1
|turn|1
|inactive|Shminki has 30 seconds left.
|
|t:|1756929719
|-terastallize|p1a: Dragonite|Steel
|move|p2b: Sneasler|Close Combat|p1b: Porygon2
|-supereffective|p1b: Porygon2
|-damage|p1b: Porygon2|22/100
|-unboost|p2b: Sneasler|def|1
|-unboost|p2b: Sneasler|spd|1
|-enditem|p2b: Sneasler|White Herb
|-clearnegativeboost|p2b: Sneasler|[silent]
|move|p2a: Dragonite|Scale Shot|p1b: Porygon2|[miss]
|-miss|p2a: Dragonite|p1b: Porygon2
|move|p1a: Dragonite|Scale Shot|p2b: Sneasler
|-damage|p2b: Sneasler|83/100
|-damage|p2b: Sneasler|65/100
|-damage|p2b: Sneasler|45/100
|-damage|p2b: Sneasler|26/100
|-damage|p2b: Sneasler|8/100
|-hitcount|p2b: Sneasler|5
|-unboost|p1a: Dragonite|def|1
|-boost|p1a: Dragonite|spe|1
|move|p1b: Porygon2|Ice Beam|p2a: Dragonite
|-supereffective|p2a: Dragonite
|-damage|p2a: Dragonite|53/100
|
|upkeep
|turn|2
|inactive|Dball_Games has 30 seconds left.
|inactive|Shminki has 30 seconds left.
|inactive|Dball_Games has 20 seconds left.
|inactive|Shminki has 20 seconds left.
|inactive|Dball_Games has 15 seconds left.
|inactive|Dball_Games has 10 seconds left.
|inactive|Dball_Games has 5 seconds left.
|
|t:|1756929772
|move|p1a: Dragonite|Protect|p1a: Dragonite
|-singleturn|p1a: Dragonite|Protect
|move|p2b: Sneasler|Close Combat|p1a: Dragonite
|-activate|p1a: Dragonite|move: Protect
|move|p2a: Dragonite|Scale Shot|p1b: Porygon2
|-damage|p1b: Porygon2|13/100
|-damage|p1b: Porygon2|3/100
|-damage|p1b: Porygon2|0 fnt
|faint|p1b: Porygon2
|-hitcount|p1: Porygon2|3
|-unboost|p2a: Dragonite|def|1
|-boost|p2a: Dragonite|spe|1
|
|upkeep
|
|t:|1756929785
|switch|p1b: Ursaluna|Ursaluna, L50, F|100/100
|turn|3
|
|t:|1756929796
|switch|p1a: Torkoal|Torkoal, L50, M|100/100
|-weather|SunnyDay|[from] ability: Drought|[of] p1a: Torkoal
|move|p2b: Sneasler|Close Combat|p1a: Torkoal
|-damage|p1a: Torkoal|58/100
|-unboost|p2b: Sneasler|def|1
|-unboost|p2b: Sneasler|spd|1
|move|p2a: Dragonite|Tailwind|p2a: Dragonite
|-sidestart|p2: Shminki|move: Tailwind
|move|p1b: Ursaluna|Facade|p2b: Sneasler
|-damage|p2b: Sneasler|0 fnt
|faint|p2b: Sneasler
|
|-weather|SunnyDay|[upkeep]
|-status|p1b: Ursaluna|brn|[from] item: Flame Orb
|upkeep
|
|t:|1756929804
|switch|p2b: Ninetales|Ninetales-Alola, L50, M|100/100
|-weather|Snowscape|[from] ability: Snow Warning|[of] p2b: Ninetales
|turn|4
|
|t:|1756929825
|switch|p1b: Dragonite|Dragonite, L50, M, tera:Steel|100/100
|move|p2a: Dragonite|Stomping Tantrum|p1a: Torkoal
|-supereffective|p1a: Torkoal
|-damage|p1a: Torkoal|11/100
|move|p2b: Ninetales|Blizzard|p1b: Dragonite|[spread] p1a,p1b
|-resisted|p1a: Torkoal
|-resisted|p1b: Dragonite
|-damage|p1a: Torkoal|0 fnt
|-damage|p1b: Dragonite|84/100
|faint|p1a: Torkoal
|
|-weather|Snowscape|[upkeep]
|upkeep
|
|t:|1756929833
|switch|p1a: Ursaluna|Ursaluna, L50, F|100/100 brn
|turn|5
|
|t:|1756929840
|-terastallize|p2a: Dragonite|Ground
|move|p1a: Ursaluna|Protect|p1a: Ursaluna
|-singleturn|p1a: Ursaluna|Protect
|move|p2a: Dragonite|Stomping Tantrum|p1b: Dragonite
|-supereffective|p1b: Dragonite
|-damage|p1b: Dragonite|0 fnt
|faint|p1b: Dragonite
|move|p2b: Ninetales|Blizzard|p1a: Ursaluna
|-activate|p1a: Ursaluna|move: Protect
|
|-weather|Snowscape|[upkeep]
|-damage|p1a: Ursaluna|95/100 brn|[from] brn
|upkeep
|turn|6
|
|t:|1756929849
|move|p2a: Dragonite|Stomping Tantrum|p1a: Ursaluna
|-damage|p1a: Ursaluna|59/100 brn
|move|p2b: Ninetales|Blizzard|p1a: Ursaluna
|-supereffective|p1a: Ursaluna
|-damage|p1a: Ursaluna|0 fnt
|faint|p1a: Ursaluna
|
|win|Shminki
||Dball_Games is ready for game 2.
||Shminki is ready for game 2.
|uhtml|next|Next: Game 2 of 3
|l|☆Dball_Games
|player|p1|
