|j|☆minccino fan
|j|☆jugui0801
|html|minccino fanjugui0801    
|uhtml|bestof|Game 3 of a best-of-3
|t:|1756276100
|gametype|doubles
|player|p1|minccino fan|170|1138
|player|p2|jugui0801|riley|1093
|gen|9
|tier|[Gen 9] VGC 2025 Reg H (Bo3)
|rated|
|rule|Species Clause: Limit one of each Pokémon
|rule|Item Clause: Limit 1 of each item
|clearpoke
|poke|p1|Charizard, L50, F|
|poke|p1|Torkoal, L50, F|
|poke|p1|Porygon2, L50|
|poke|p1|Incineroar, L50, F|
|poke|p1|Jumpluff, L50, M|
|poke|p1|Ursaluna, L50, M|
|poke|p2|Typhlosion-Hisui, L50, M|
|poke|p2|Ursaluna-Bloodmoon, L50, M|
|poke|p2|Whimsicott, L50, F|
|poke|p2|Torkoal, L50, F|
|poke|p2|Sneasler, L50, F|
|poke|p2|Maushold, L50|
|teampreview|4
|showteam|p1|Charizard||ChoiceSpecs|SolarPower|HeatWave,Overheat,WeatherBall,AirSlash|||F|||50|,,,,,Ghost]Torkoal||EjectPack|Drought|Eruption,Overheat,HelpingHand,Protect|||F|||50|,,,,,Fire]Porygon2||Eviolite|Download|TeraBlast,IceBeam,Recover,TrickRoom||||||50|,,,,,Fighting]Incineroar||SitrusBerry|Intimidate|FlareBlitz,KnockOff,FakeOut,PartingShot|||F|||50|,,,,,Ghost]Jumpluff||CovertCloak|Chlorophyll|SleepPowder,SunnyDay,RagePowder,Tailwind|||M|||50|,,,,,Water]Ursaluna||FlameOrb|Guts|HeadlongRush,Facade,Earthquake,Protect|||M|||50|,,,,,Ghost
|showteam|p2|Typhlosion-Hisui||ChoiceSpecs|Blaze|Eruption,ShadowBall,HeatWave,Flamethrower|||M|||50|,,,,,Fire]Ursaluna-Bloodmoon||LifeOrb|MindsEye|BloodMoon,EarthPower,Protect,HyperVoice|||M|||50|,,,,,Normal]Whimsicott||CovertCloak|Prankster|Moonblast,Tailwind,Encore,SunnyDay|||F|||50|,,,,,Dark]Torkoal||EjectPack|Drought|Overheat,HelpingHand,Eruption,Protect|||F|||50|,,,,,Fire]Sneasler||ClearAmulet|PoisonTouch|DireClaw,CloseCombat,ThroatChop,Protect|||F|||50|,,,,,Ghost]Maushold||FocusSash|FriendGuard|PopulationBomb,FollowMe,Protect,Taunt||||||50|,,,,,Ghost
|inactive|Battle timer is ON: inactive players will automatically lose when time's up. (requested by minccino fan)
|inactive|minccino fan has 60 seconds left.
|inactive|jugui0801 has 60 seconds left.
|
|t:|1756276152
|teamsize|p1|4
|teamsize|p2|4
|start
|switch|p1a: Porygon2|Porygon2, L50|100/100
|switch|p1b: Jumpluff|Jumpluff, L50, M|100/100
|switch|p2a: Whimsicott|Whimsicott, L50, F|100/100
|switch|p2b: Typhlosion|Typhlosion-Hisui, L50, M|100/100
|-ability|p1a: Porygon2|Download|boost
|-boost|p1a: Porygon2|spa|1
|turn|1
|inactive|minccino fan has 30 seconds left.
|inactive|jugui0801 has 30 seconds left.
|inactive|minccino fan has 20 seconds left.
|inactive|minccino fan has 15 seconds left.
|
|t:|1756276196
|-terastallize|p1b: Jumpluff|Water
|-terastallize|p2b: Typhlosion|Fire
|move|p2a: Whimsicott|Tailwind|p2a: Whimsicott
|-sidestart|p2: jugui0801|move: Tailwind
|move|p2b: Typhlosion|Eruption|p1b: Jumpluff|[spread] p1a,p1b
|-resisted|p1b: Jumpluff
|-damage|p1a: Porygon2|34/100
|-damage|p1b: Jumpluff|42/100
|move|p1b: Jumpluff|Sleep Powder|p2b: Typhlosion
|-status|p2b: Typhlosion|slp|[from] move: Sleep Powder
|move|p1a: Porygon2|Trick Room|p1a: Porygon2
|-fieldstart|move: Trick Room|[of] p1a: Porygon2
|
|upkeep
|turn|2
|inactive|minccino fan has 30 seconds left.
|inactive|jugui0801 has 30 seconds left.
|
|t:|1756276229
|switch|p1a: Ursaluna|Ursaluna, L50, M|100/100
|switch|p1b: Charizard|Charizard, L50, F|100/100
|switch|p2b: Sneasler|Sneasler, L50, F|100/100
|move|p2a: Whimsicott|Encore||[still]
|-fail|p2a: Whimsicott
|
|-status|p1a: Ursaluna|brn|[from] item: Flame Orb
|upkeep
|turn|3
|
|t:|1756276254
|move|p2b: Sneasler|Protect|p2b: Sneasler
|-singleturn|p2b: Sneasler|Protect
|move|p1a: Ursaluna|Earthquake|p2b: Sneasler|[spread] p2a
|-activate|p2b: Sneasler|move: Protect
|-immune|p1b: Charizard
|-resisted|p2a: Whimsicott
|-damage|p2a: Whimsicott|52/100
|move|p1b: Charizard|Heat Wave|p2a: Whimsicott|[spread] p2a
|-activate|p2b: Sneasler|move: Protect
|-supereffective|p2a: Whimsicott
|-damage|p2a: Whimsicott|0 fnt
|faint|p2a: Whimsicott
|
|-damage|p1a: Ursaluna|95/100 brn|[from] brn
|upkeep
|
|t:|1756276271
|switch|p2a: Ursaluna|Ursaluna-Bloodmoon, L50, M|100/100
|turn|4
|
|t:|1756276282
|move|p2a: Ursaluna|Protect|p2a: Ursaluna
|-singleturn|p2a: Ursaluna|Protect
|move|p2b: Sneasler|Protect|p2b: Sneasler
|-singleturn|p2b: Sneasler|Protect
|move|p1a: Ursaluna|Earthquake|p2b: Sneasler|[spread] 
|-activate|p2a: Ursaluna|move: Protect
|-activate|p2b: Sneasler|move: Protect
|-immune|p1b: Charizard
|move|p1b: Charizard|Heat Wave|p2b: Sneasler|[spread] 
|-activate|p2a: Ursaluna|move: Protect
|-activate|p2b: Sneasler|move: Protect
|
|-damage|p1a: Ursaluna|89/100 brn|[from] brn
|-sideend|p2: jugui0801|move: Tailwind
|upkeep
|turn|5
|
|t:|1756276305
|switch|p2b: Typhlosion|Typhlosion-Hisui, L50, M, tera:Fire|100/100 slp
|move|p1a: Ursaluna|Earthquake|p2b: Typhlosion|[spread] p2a,p2b
|-immune|p1b: Charizard
|-supereffective|p2b: Typhlosion
|-damage|p2a: Ursaluna|42/100
|-damage|p2b: Typhlosion|0 fnt
|faint|p2b: Typhlosion
|move|p2a: Ursaluna|Blood Moon|p1a: Ursaluna
|-damage|p1a: Ursaluna|0 fnt
|faint|p1a: Ursaluna
|-damage|p2a: Ursaluna|32/100|[from] item: Life Orb
|move|p1b: Charizard|Heat Wave|p2a: Ursaluna
|-damage|p2a: Ursaluna|0 fnt
|faint|p2a: Ursaluna
|
|-fieldend|move: Trick Room
|upkeep
|
|t:|1756276326
|switch|p2b: Sneasler|Sneasler, L50, F|100/100
|switch|p1a: Jumpluff|Jumpluff, L50, M, tera:Water|42/100
|turn|6
|
|t:|1756276335
|move|p1a: Jumpluff|Rage Powder|p1a: Jumpluff
|-singleturn|p1a: Jumpluff|move: Rage Powder
|move|p2b: Sneasler|Dire Claw|p1a: Jumpluff
|-damage|p1a: Jumpluff|0 fnt
|faint|p1a: Jumpluff
|move|p1b: Charizard|Heat Wave|p2b: Sneasler
|-damage|p2b: Sneasler|6/100
|
|upkeep
|
|t:|1756276339
|switch|p1a: Porygon2|Porygon2, L50|34/100
|-ability|p1a: Porygon2|Download|boost
|-boost|p1a: Porygon2|atk|1
|turn|7
|
|t:|1756276361
|move|p2b: Sneasler|Close Combat|p1a: Porygon2
|-supereffective|p1a: Porygon2
|-damage|p1a: Porygon2|0 fnt
|-unboost|p2b: Sneasler|def|1
|-unboost|p2b: Sneasler|spd|1
|faint|p1a: Porygon2
|move|p1b: Charizard|Heat Wave|p2b: Sneasler
|-damage|p2b: Sneasler|0 fnt
|faint|p2b: Sneasler
|
|win|minccino fan
|raw|minccino fan's rating: 1138 → 1160(+22 for winning)
|raw|jugui0801's rating: 1093 → 1072(-21 for losing)
