|j|☆KD35Splash
|j|☆Beep-boop12345
|html|KD35SplashBeep-boop12345    
|uhtml|bestof|Game 1 of a best-of-3
|t:|1756404300
|gametype|doubles
|player|p1|KD35Splash|dancer|1086
|player|p2|Beep-boop12345|hilbert-wonderlauncher|1122
|gen|9
|tier|[Gen 9] VGC 2025 Reg H (Bo3)
|rated|
|rule|Species Clause: Limit one of each Pokémon
|rule|Item Clause: Limit 1 of each item
|clearpoke
|poke|p1|Archaludon, L50, M|
|poke|p1|Pelipper, L50, M|
|poke|p1|Rillaboom, L50, F|
|poke|p1|Basculegion, L50, M|
|poke|p1|Volcarona, L50, M|
|poke|p1|Electabuzz, L50, M|
|poke|p2|Ninetales-Alola, L50, F|
|poke|p2|Rillaboom, L50, F|
|poke|p2|Magmar, L50, F|
|poke|p2|Sneasler, L50, M|
|poke|p2|Kingambit, L50, M|
|poke|p2|Basculegion, L50, M|
|teampreview|4
|showteam|p1|Archaludon||AssaultVest|Stamina|BodyPress,DracoMeteor,FlashCannon,ElectroShot|||M|||50|,,,,,Grass]Pelipper||FocusSash|Drizzle|Hurricane,MuddyWater,Tailwind,Protect|||M|||50|,,,,,Ghost]Rillaboom||LoadedDice|GrassySurge|BulletSeed,GrassyGlide,Uturn,FakeOut|||F|||50|,,,,,Fire]Basculegion||LifeOrb|SwiftSwim|WaveCrash,LastRespects,AquaJet,FlipTurn|||M|||50|,,,,,Water]Volcarona||GrassySeed|FlameBody|GigaDrain,Flamethrower,QuiverDance,Protect|||M|||50|,,,,,Grass]Electabuzz||Eviolite|VitalSpirit|Electroweb,FollowMe,Taunt,HelpingHand|||M|||50|,,,,,Ghost
|showteam|p2|Ninetales-Alola||NeverMeltIce|SnowWarning|Blizzard,FreezeDry,Encore,Protect|||F|||50|,,,,,Ghost]Rillaboom||AssaultVest|GrassySurge|WoodHammer,FakeOut,Uturn,GrassyGlide|||F|||50|,,,,,Ghost]Magmar||Eviolite|VitalSpirit|Protect,HeatWave,WillOWisp,FollowMe|||F|||50|,,,,,Ghost]Sneasler||FocusSash|PoisonTouch|FakeOut,DireClaw,CloseCombat,Protect|||M|||50|,,,,,Ghost]Kingambit||BlackGlasses|Defiant|KowtowCleave,SwordsDance,SuckerPunch,Protect|||M|||50|,,,,,Fire]Basculegion||ChoiceScarf|Adaptability|WaveCrash,FlipTurn,TeraBlast,LastRespects|||M|||50|,,,,,Fighting
|
|t:|1756404357
|teamsize|p1|4
|teamsize|p2|4
|start
|switch|p1a: Pelipper|Pelipper, L50, M, shiny|100/100
|switch|p1b: Basculegion|Basculegion, L50, M, shiny|100/100
|switch|p2a: Sneasler|Sneasler, L50, M|100/100
|switch|p2b: Basculegion|Basculegion, L50, M|100/100
|-weather|RainDance|[from] ability: Drizzle|[of] p1a: Pelipper
|turn|1
|
|t:|1756404386
|move|p2a: Sneasler|Fake Out|p1a: Pelipper
|-damage|p1a: Pelipper|81/100
|-status|p1a: Pelipper|psn|[from] ability: Poison Touch|[of] p2a: Sneasler
|move|p1b: Basculegion|Flip Turn|p2a: Sneasler
|-enditem|p2a: Sneasler|Focus Sash
|-damage|p2a: Sneasler|1/100
|-damage|p1b: Basculegion|91/100|[from] item: Life Orb
|
|t:|1756404394
|switch|p1b: Rillaboom|Rillaboom, L50, F, shiny|100/100|[from] Flip Turn
|-fieldstart|move: Grassy Terrain|[from] ability: Grassy Surge|[of] p1b: Rillaboom
|move|p2b: Basculegion|Last Respects|p1b: Rillaboom
|-crit|p1b: Rillaboom
|-damage|p1b: Rillaboom|48/100
|cant|p1a: Pelipper|flinch
|
|-weather|RainDance|[upkeep]
|-heal|p2a: Sneasler|7/100|[from] Grassy Terrain
|-heal|p1b: Rillaboom|54/100|[from] Grassy Terrain
|-damage|p1a: Pelipper|69/100 psn|[from] psn
|upkeep
|turn|2
|
|t:|1756404441
|switch|p2a: Ninetales|Ninetales-Alola, L50, F|100/100
|-weather|Snowscape|[from] ability: Snow Warning|[of] p2a: Ninetales
|switch|p1a: Archaludon|Archaludon, L50, M, shiny|100/100
|move|p1b: Rillaboom|Grassy Glide|p2a: Ninetales
|-damage|p2a: Ninetales|66/100
|move|p2b: Basculegion|Last Respects|p1b: Rillaboom
|-damage|p1b: Rillaboom|21/100
|
|-weather|Snowscape|[upkeep]
|-heal|p2a: Ninetales|72/100|[from] Grassy Terrain
|-heal|p1b: Rillaboom|27/100|[from] Grassy Terrain
|upkeep
|turn|3
|inactive|Battle timer is ON: inactive players will automatically lose when time's up. (requested by Beep-boop12345)
|
|t:|1756404467
|switch|p2b: Kingambit|Kingambit, L50, M|100/100
|switch|p1b: Pelipper|Pelipper, L50, M, shiny|69/100 psn
|-weather|RainDance|[from] ability: Drizzle|[of] p1b: Pelipper
|move|p2a: Ninetales|Blizzard|p1a: Archaludon|[spread] p1a,p1b
|-damage|p1a: Archaludon|71/100
|-damage|p1b: Pelipper|0 fnt
|-ability|p1a: Archaludon|Stamina|boost
|-boost|p1a: Archaludon|def|1
|faint|p1b: Pelipper
|move|p1a: Archaludon|Electro Shot||[still]
|-prepare|p1a: Archaludon|Electro Shot
|-boost|p1a: Archaludon|spa|1
|-anim|p1a: Archaludon|Electro Shot|p2b: Kingambit
|-damage|p2b: Kingambit|29/100
|
|-weather|RainDance|[upkeep]
|-heal|p2a: Ninetales|78/100|[from] Grassy Terrain
|-heal|p1a: Archaludon|77/100|[from] Grassy Terrain
|-heal|p2b: Kingambit|35/100|[from] Grassy Terrain
|upkeep
|
|t:|1756404489
|switch|p1b: Basculegion|Basculegion, L50, M, shiny|91/100
|turn|4
|
|t:|1756404506
|-terastallize|p1b: Basculegion|Water
|move|p2a: Ninetales|Protect|p2a: Ninetales
|-singleturn|p2a: Ninetales|Protect
|move|p2b: Kingambit|Sucker Punch|p1b: Basculegion
|-damage|p1b: Basculegion|25/100
|move|p1b: Basculegion|Wave Crash|p2b: Kingambit
|-crit|p2b: Kingambit
|-damage|p2b: Kingambit|0 fnt
|faint|p2b: Kingambit
|-damage|p1b: Basculegion|14/100|[from] Recoil
|-damage|p1b: Basculegion|5/100|[from] item: Life Orb
|move|p1a: Archaludon|Electro Shot||[still]
|-prepare|p1a: Archaludon|Electro Shot
|-boost|p1a: Archaludon|spa|1
|-anim|p1a: Archaludon|Electro Shot|p2a: Ninetales
|-activate|p2a: Ninetales|move: Protect
|
|-weather|RainDance|[upkeep]
|-heal|p1b: Basculegion|11/100|[from] Grassy Terrain
|-heal|p2a: Ninetales|84/100|[from] Grassy Terrain
|-heal|p1a: Archaludon|83/100|[from] Grassy Terrain
|upkeep
|inactive|Beep-boop12345 has 30 seconds left.
|inactive|Beep-boop12345 has 20 seconds left.
|inactive|Beep-boop12345 has 15 seconds left.
|
|t:|1756404548
|switch|p2b: Basculegion|Basculegion, L50, M|100/100
|turn|5
|inactive|Beep-boop12345 has 30 seconds left.
|
|t:|1756404578
|switch|p2a: Sneasler|Sneasler, L50, M|7/100
|-terastallize|p2b: Basculegion|Fighting
|move|p1b: Basculegion|Aqua Jet|p2a: Sneasler
|-damage|p2a: Sneasler|0 fnt
|faint|p2a: Sneasler
|-damage|p1b: Basculegion|1/100|[from] item: Life Orb
|move|p2b: Basculegion|Last Respects|p1a: Archaludon
|-damage|p1a: Archaludon|48/100
|-ability|p1a: Archaludon|Stamina|boost
|-boost|p1a: Archaludon|def|1
|move|p1a: Archaludon|Electro Shot||[still]
|-prepare|p1a: Archaludon|Electro Shot
|-boost|p1a: Archaludon|spa|1
|-anim|p1a: Archaludon|Electro Shot|p2b: Basculegion
|-damage|p2b: Basculegion|0 fnt
|faint|p2b: Basculegion
|
|-weather|RainDance|[upkeep]
|-heal|p1b: Basculegion|7/100|[from] Grassy Terrain
|-heal|p1a: Archaludon|55/100|[from] Grassy Terrain
|-fieldend|move: Grassy Terrain
|upkeep
|inactive|Beep-boop12345 has 30 seconds left.
|
|t:|1756404604
|switch|p2a: Ninetales|Ninetales-Alola, L50, F|84/100
|-weather|Snowscape|[from] ability: Snow Warning|[of] p2a: Ninetales
|turn|6
|
|t:|1756404620
|move|p1b: Basculegion|Aqua Jet|p2a: Ninetales
|-damage|p2a: Ninetales|49/100
|-damage|p1b: Basculegion|0 fnt|[from] item: Life Orb
|faint|p1b: Basculegion
|move|p2a: Ninetales|Blizzard|p1a: Archaludon
|-damage|p1a: Archaludon|16/100
|-ability|p1a: Archaludon|Stamina|boost
|-boost|p1a: Archaludon|def|1
|move|p1a: Archaludon|Flash Cannon|p2a: Ninetales
|-supereffective|p2a: Ninetales
|-damage|p2a: Ninetales|0 fnt
|faint|p2a: Ninetales
|
|win|KD35Splash
|inactive|KD35Splash has 30 seconds to confirm battle start!
|inactive|Beep-boop12345 has 30 seconds to confirm battle start!
||KD35Splash is ready for game 2.
|l|☆Beep-boop12345
|player|p2|
||Beep-boop12345 is ready for game 2.
|uhtml|next|Next: Game 2 of 3
