|j|☆teyvgc
|j|☆Larchete
|html|teyvgcLarchete    
|uhtml|bestof|Game 1 of a best-of-3
|t:|1782588337
|gametype|doubles
|player|p1|teyvgc|1|1114
|player|p2|Larchete|102|1227
|gen|9
|tier|[Gen 9 Champions] VGC 2026 Reg M-B (Bo3)
|rated|
|rule|Species Clause: Limit one of each Pokémon
|rule|Item Clause: Limit 1 of each item
|clearpoke
|poke|p1|Houndstone, L50, F|
|poke|p1|Tyranitar, L50, F|
|poke|p1|Incineroar, L50, F|
|poke|p1|Farigiraf, L50, F, shiny|
|poke|p1|Garchomp, L50, F, shiny|
|poke|p1|Corviknight, L50, F|
|poke|p2|Sableye, L50, F|
|poke|p2|Steelix, L50, F|
|poke|p2|Tyranitar, L50, F|
|poke|p2|Sneasler, L50, M|
|poke|p2|Corviknight, L50, F|
|poke|p2|Volcarona, L50, M|
|teampreview|4
|showteam|p1|Houndstone||LifeOrb|SandRush|PsychicFangs,StompingTantrum,LastRespects,Protect|Adamant||F|||50|]Tyranitar||Tyranitarite|SandStream|RockSlide,KnockOff,LowKick,Protect|Adamant||F|||50|]Incineroar||PasshoBerry|Intimidate|FlareBlitz,DarkestLariat,FakeOut,PartingShot|Adamant||F|||50|]Farigiraf||TwistedSpoon|ArmorTail|HyperVoice,TwinBeam,TrickRoom,HelpingHand|Quiet||F|||50|]Garchomp||Garchompite|RoughSkin|StompingTantrum,DragonClaw,RockSlide,Protect|Adamant||F|||50|]Corviknight||Leftovers|MirrorArmor|BraveBird,BodyPress,BulkUp,Roost|Careful||F|||50|
|showteam|p2|Sableye||Leftovers|Prankster|Protect,WillOWisp,Encore,Disable|Bold||F|||50|]Steelix||Steelixite|Sturdy|Protect,HighHorsepower,GyroBall,StoneEdge|Adamant||F|||50|]Tyranitar||Tyranitarite|SandStream|Protect,DragonDance,RockSlide,KnockOff|Adamant||F|||50|]Sneasler||FocusSash|PoisonTouch|CloseCombat,DireClaw,FakeOut,Protect|Adamant||M|||50|]Corviknight||SitrusBerry|MirrorArmor|BulkUp,Protect,DrillPeck,Roost|Impish||F|||50|]Volcarona||BrightPowder|FlameBody|Protect,HeatWave,QuiverDance,BugBuzz|Bold||M|||50|
|inactive|Battle timer is ON: inactive players will automatically lose when time's up. (requested by Larchete)
|inactive|teyvgc has 60 seconds left.
|inactive|teyvgc has 30 seconds left.
|
|t:|1782588448
|teamsize|p1|4
|teamsize|p2|4
|start
|switch|p1a: ShePartingOnMyShot|Incineroar, L50, F|100/100
|switch|p1b: Ursalunaa|Garchomp, L50, F, shiny|100/100
|switch|p2a: Sneasler|Sneasler, L50, M|100/100
|switch|p2b: Sableye|Sableye, L50, F|100/100
|-ability|p1a: ShePartingOnMyShot|Intimidate|boost
|-unboost|p2a: Sneasler|atk|1
|-unboost|p2b: Sableye|atk|1
|turn|1
|
|t:|1782588467
|switch|p2a: Corviknight|Corviknight, L50, F|100/100
|move|p1b: Ursalunaa|Protect|p1b: Ursalunaa
|-singleturn|p1b: Ursalunaa|Protect
|move|p2b: Sableye|Will-O-Wisp|p1b: Ursalunaa
|-activate|p1b: Ursalunaa|move: Protect
|move|p1a: ShePartingOnMyShot|Parting Shot|p2a: Corviknight
|-ability|p2a: Corviknight|Mirror Armor
|-unboost|p1a: ShePartingOnMyShot|atk|1
|-ability|p2a: Corviknight|Mirror Armor
|-unboost|p1a: ShePartingOnMyShot|spa|1
|
|t:|1782588480
|switch|p1a: Corviknight|Corviknight, L50, F|100/100|[from] Parting Shot
|
|upkeep
|turn|2
|
|t:|1782588495
|detailschange|p1b: Ursalunaa|Garchomp-Mega, L50, F, shiny
|-mega|p1b: Ursalunaa|Garchomp|Garchompite
|move|p2b: Sableye|Will-O-Wisp|p1a: Corviknight
|-status|p1a: Corviknight|brn
|move|p1b: Ursalunaa|Dragon Claw|p2b: Sableye
|-damage|p2b: Sableye|33/100
|move|p1a: Corviknight|Bulk Up|p1a: Corviknight
|-boost|p1a: Corviknight|atk|1
|-boost|p1a: Corviknight|def|1
|move|p2a: Corviknight|Bulk Up|p2a: Corviknight
|-boost|p2a: Corviknight|atk|1
|-boost|p2a: Corviknight|def|1
|
|-heal|p2b: Sableye|38/100|[from] item: Leftovers
|-damage|p1a: Corviknight|94/100 brn|[from] brn
|upkeep
|turn|3
|
|t:|1782588508
|switch|p1b: ShePartingOnMyShot|Incineroar, L50, F|100/100
|-ability|p1b: ShePartingOnMyShot|Intimidate|boost
|-ability|p2a: Corviknight|Mirror Armor
|-unboost|p1b: ShePartingOnMyShot|atk|1
|-unboost|p2b: Sableye|atk|1
|move|p2b: Sableye|Protect|p2b: Sableye
|-singleturn|p2b: Sableye|Protect
|move|p1a: Corviknight|Bulk Up|p1a: Corviknight
|-boost|p1a: Corviknight|atk|1
|-boost|p1a: Corviknight|def|1
|move|p2a: Corviknight|Bulk Up|p2a: Corviknight
|-boost|p2a: Corviknight|atk|1
|-boost|p2a: Corviknight|def|1
|
|-heal|p1a: Corviknight|100/100 brn|[from] item: Leftovers
|-heal|p2b: Sableye|44/100|[from] item: Leftovers
|-damage|p1a: Corviknight|94/100 brn|[from] brn
|upkeep
|turn|4
|
|t:|1782588530
|move|p2b: Sableye|Encore|p1a: Corviknight
|-start|p1a: Corviknight|Encore
|move|p1a: Corviknight|Bulk Up|p1a: Corviknight
|-boost|p1a: Corviknight|atk|1
|-boost|p1a: Corviknight|def|1
|move|p1b: ShePartingOnMyShot|Darkest Lariat|p2b: Sableye
|-damage|p2b: Sableye|12/100
|move|p2a: Corviknight|Bulk Up|p2a: Corviknight
|-boost|p2a: Corviknight|atk|1
|-boost|p2a: Corviknight|def|1
|
|-heal|p1a: Corviknight|100/100 brn|[from] item: Leftovers
|-heal|p2b: Sableye|17/100|[from] item: Leftovers
|-damage|p1a: Corviknight|94/100 brn|[from] brn
|upkeep
|turn|5
|
|t:|1782588543
|move|p2b: Sableye|Protect|p2b: Sableye
|-singleturn|p2b: Sableye|Protect
|move|p1a: Corviknight|Bulk Up|p1a: Corviknight
|-boost|p1a: Corviknight|atk|1
|-boost|p1a: Corviknight|def|1
|move|p1b: ShePartingOnMyShot|Flare Blitz|p2b: Sableye
|-activate|p2b: Sableye|move: Protect
|move|p2a: Corviknight|Bulk Up|p2a: Corviknight
|-boost|p2a: Corviknight|atk|1
|-boost|p2a: Corviknight|def|1
|
|-heal|p1a: Corviknight|100/100 brn|[from] item: Leftovers
|-heal|p2b: Sableye|23/100|[from] item: Leftovers
|-damage|p1a: Corviknight|94/100 brn|[from] brn
|upkeep
|turn|6
|inactive|teyvgc has 30 seconds left.
|inactive|teyvgc has 20 seconds left.
|inactive|teyvgc has 15 seconds left.
|inactive|teyvgc has 10 seconds left.
|
|t:|1782588591
|move|p2b: Sableye|Disable|p1a: Corviknight
|-start|p1a: Corviknight|Disable|Bulk Up
|cant|p1a: Corviknight|Disable|Bulk Up
|move|p1b: ShePartingOnMyShot|Flare Blitz|p2b: Sableye
|-damage|p2b: Sableye|0 fnt
|faint|p2b: Sableye
|-damage|p1b: ShePartingOnMyShot|94/100|[from] Recoil
|move|p2a: Corviknight|Bulk Up|p2a: Corviknight
|-boost|p2a: Corviknight|atk|1
|-boost|p2a: Corviknight|def|1
|
|-heal|p1a: Corviknight|100/100 brn|[from] item: Leftovers
|-damage|p1a: Corviknight|94/100 brn|[from] brn
|-end|p1a: Corviknight|Encore
|upkeep
|
|t:|1782588596
|switch|p2b: Sneasler|Sneasler, L50, M|100/100
|turn|7
|
|t:|1782588616
|move|p2b: Sneasler|Close Combat|p1b: ShePartingOnMyShot
|-supereffective|p1b: ShePartingOnMyShot|1
|-damage|p1b: ShePartingOnMyShot|0 fnt
|-unboost|p2b: Sneasler|def|1
|-unboost|p2b: Sneasler|spd|1
|faint|p1b: ShePartingOnMyShot
|move|p1a: Corviknight|Body Press|p2a: Corviknight
|-damage|p2a: Corviknight|93/100
|move|p2a: Corviknight|Bulk Up|p2a: Corviknight
|-boost|p2a: Corviknight|atk|1
|-boost|p2a: Corviknight|def|1
|
|-heal|p1a: Corviknight|100/100 brn|[from] item: Leftovers
|-damage|p1a: Corviknight|94/100 brn|[from] brn
|upkeep
|
|t:|1782588632
|switch|p1b: SpookyZoomies|Houndstone, L50, F|100/100
|turn|8
|inactive|teyvgc has 30 seconds left.
|
|t:|1782588662
|move|p2b: Sneasler|Protect|p2b: Sneasler
|-singleturn|p2b: Sneasler|Protect
|move|p1a: Corviknight|Brave Bird|p2b: Sneasler
|-activate|p2b: Sneasler|move: Protect
|move|p1b: SpookyZoomies|Psychic Fangs|p2b: Sneasler
|-activate|p2b: Sneasler|move: Protect
|move|p2a: Corviknight|Drill Peck|p1b: SpookyZoomies
|-damage|p1b: SpookyZoomies|0 fnt
|faint|p1b: SpookyZoomies
|
|-heal|p1a: Corviknight|100/100 brn|[from] item: Leftovers
|-damage|p1a: Corviknight|94/100 brn|[from] brn
|upkeep
|
|t:|1782588665
|switch|p1b: Ursalunaa|Garchomp-Mega, L50, F, shiny|100/100
|turn|9
|-message|teyvgc forfeited.
|
|win|Larchete
