|j|☆raichew2
|j|☆p3ds
|html|raichew2p3ds    
|uhtml|bestof|Game 1 of a best-of-3
|t:|1784923194
|gametype|doubles
|player|p1|raichew2|169|
|player|p2|p3ds|alec-anime|
|gen|9
|tier|[Gen 9 Champions] VGC 2026 Reg M-B (Bo3)
|rule|Species Clause: Limit one of each Pokémon
|rule|Item Clause: Limit 1 of each item
|clearpoke
|poke|p1|Gardevoir, L50, M|
|poke|p1|Maushold-Four, L50|
|poke|p1|Kingambit, L50, F|
|poke|p1|Garchomp, L50, F|
|poke|p1|Talonflame, L50, F|
|poke|p1|Basculegion, L50, M|
|poke|p2|Gengar, L50, M|
|poke|p2|Archaludon, L50, F|
|poke|p2|Politoed, L50, M, shiny|
|poke|p2|Swampert, L50, F|
|poke|p2|Vivillon-Continental, L50, F|
|poke|p2|Incineroar, L50, M|
|teampreview|4
|showteam|p1|Gardevoir||Gardevoirite|Trace|HyperVoice,Psyshock,VacuumWave,Protect|Modest||M|||50|]Maushold-Four||FocusSash|FriendGuard|SuperFang,Taunt,FollowMe,Protect|Timid|||||50|]Kingambit||BlackGlasses|Defiant|KowtowCleave,Protect,SuckerPunch,IronHead|Adamant||F|||50|]Garchomp||LifeOrb|RoughSkin|DragonClaw,Earthquake,RockSlide,Protect|Jolly||F|||50|]Talonflame||SharpBeak|GaleWings|QuickGuard,Protect,Tailwind,BraveBird|Jolly||F|||50|]Basculegion||ChoiceScarf|Adaptability|WaveCrash,AquaJet,FlipTurn,LastRespects|Jolly||M|||50|
|showteam|p2|Gengar||Gengarite|CursedBody|ShadowBall,SludgeBomb,PerishSong,Protect|Modest||M|||50|]Archaludon||Leftovers|Stamina|ElectroShot,DragonPulse,FlashCannon,Protect|Bold||F|||50|]Politoed||SitrusBerry|Drizzle|WeatherBall,Hypnosis,PerishSong,Protect|Calm||M|||50|]Swampert||Swampertite|Torrent|WaveCrash,Earthquake,IcePunch,Protect|Adamant||F|||50|]Vivillon-Continental||FocusSash|CompoundEyes|Hurricane,SleepPowder,RagePowder,Protect|Timid||F|||50|]Incineroar||PasshoBerry|Intimidate|ThroatChop,FakeOut,PartingShot,Protect|Impish||M|||50|
|j| Arkanine4
|j| splash2ndcousin
|j| JackWhiteVGC
|c|☆p3ds|GL&HF!
|c|☆raichew2|you too!
|j| monsoonisbest
|j| runeking6573
|j| JonoDisneyPlus
|
|t:|1784923333
|teamsize|p1|4
|teamsize|p2|4
|start
|switch|p1a: Talonflame|Talonflame, L50, F|100/100
|switch|p1b: Gardevoir|Gardevoir, L50, M|100/100
|switch|p2a: Aqua|Politoed, L50, M, shiny|100/100
|switch|p2b: Blue|Swampert, L50, F|100/100
|-ability|p1b: Gardevoir|Torrent|Trace|[from] ability: Trace|[of] p2b: Blue
|-weather|RainDance|[from] ability: Drizzle|[of] p2a: Aqua
|turn|1
|j| RadiantSteelix
|
|t:|1784923362
|detailschange|p1b: Gardevoir|Gardevoir-Mega, L50, M
|-mega|p1b: Gardevoir|Gardevoir|Gardevoirite
|detailschange|p2b: Blue|Swampert-Mega, L50, F
|-mega|p2b: Blue|Swampert|Swampertite
|move|p1a: Talonflame|Tailwind|p1a: Talonflame
|-sidestart|p1: raichew2|move: Tailwind
|move|p1b: Gardevoir|Hyper Voice|p2b: Blue|[spread] p2a,p2b
|-damage|p2a: Aqua|59/100
|-damage|p2b: Blue|45/100
|move|p2b: Blue|Wave Crash|p1b: Gardevoir
|-damage|p1b: Gardevoir|0 fnt
|faint|p1b: Gardevoir
|-damage|p2b: Blue|18/100|[from] Recoil
|move|p2a: Aqua|Weather Ball|p1a: Talonflame
|-supereffective|p1a: Talonflame|1
|-damage|p1a: Talonflame|0 fnt
|faint|p1a: Talonflame
|
|-weather|RainDance|[upkeep]
|upkeep
|
|t:|1784923377
|switch|p1a: Garchomp|Garchomp, L50, F|100/100
|switch|p1b: Basculegion|Basculegion, L50, M|100/100
|turn|2
|
|t:|1784923412
|move|p2a: Aqua|Protect|p2a: Aqua
|-singleturn|p2a: Aqua|Protect
|move|p1b: Basculegion|Last Respects|p2a: Aqua
|-activate|p2a: Aqua|move: Protect
|move|p1a: Garchomp|Dragon Claw|p2b: Blue
|-damage|p2b: Blue|0 fnt
|faint|p2b: Blue
|-damage|p1a: Garchomp|90/100|[from] item: Life Orb
|
|-weather|RainDance|[upkeep]
|upkeep
|j| Autumnal Rein
|
|t:|1784923427
|switch|p2b: Yellow|Vivillon-Continental, L50, F|100/100
|turn|3
|
|t:|1784923441
|move|p2b: Yellow|Rage Powder|p2b: Yellow
|-singleturn|p2b: Yellow|move: Rage Powder
|move|p1b: Basculegion|Last Respects|p2b: Yellow
|-enditem|p2b: Yellow|Focus Sash
|-damage|p2b: Yellow|1/100
|move|p1a: Garchomp|Rock Slide|p2a: Aqua|[spread] p2a
|-miss|p1a: Garchomp|p2b: Yellow
|-damage|p2a: Aqua|34/100
|-enditem|p2a: Aqua|Sitrus Berry|[eat]
|-heal|p2a: Aqua|59/100|[from] item: Sitrus Berry
|-damage|p1a: Garchomp|80/100|[from] item: Life Orb
|move|p2a: Aqua|Perish Song|p2a: Aqua
|-start|p1a: Garchomp|perish3|[silent]
|-start|p1b: Basculegion|perish3|[silent]
|-start|p2a: Aqua|perish3|[silent]
|-start|p2b: Yellow|perish3|[silent]
|-fieldactivate|move: Perish Song
|
|-weather|RainDance|[upkeep]
|-start|p1b: Basculegion|perish3
|-start|p1a: Garchomp|perish3
|-start|p2b: Yellow|perish3
|-start|p2a: Aqua|perish3
|upkeep
|turn|4
|
|t:|1784923463
|move|p2b: Yellow|Protect|p2b: Yellow
|-singleturn|p2b: Yellow|Protect
|move|p2a: Aqua|Protect|p2a: Aqua
|-singleturn|p2a: Aqua|Protect
|move|p1b: Basculegion|Last Respects|p2a: Aqua
|-activate|p2a: Aqua|move: Protect
|move|p1a: Garchomp|Rock Slide|p2b: Yellow|[spread] 
|-activate|p2a: Aqua|move: Protect
|-activate|p2b: Yellow|move: Protect
|
|-weather|RainDance|[upkeep]
|-start|p1b: Basculegion|perish2
|-start|p1a: Garchomp|perish2
|-start|p2b: Yellow|perish2
|-start|p2a: Aqua|perish2
|-sideend|p1: raichew2|move: Tailwind
|upkeep
|turn|5
|j| jpievgc
|
|t:|1784923481
|move|p1b: Basculegion|Last Respects|p2a: Aqua
|-damage|p2a: Aqua|0 fnt
|faint|p2a: Aqua
|move|p1a: Garchomp|Rock Slide|p2b: Yellow
|-supereffective|p2b: Yellow|2
|-damage|p2b: Yellow|0 fnt
|faint|p2b: Yellow
|-damage|p1a: Garchomp|70/100|[from] item: Life Orb
|
|-weather|none
|-start|p1b: Basculegion|perish1
|-start|p1a: Garchomp|perish1
|upkeep
|
|t:|1784923493
|switch|p2b: Flowery|Archaludon, L50, F|100/100
|turn|6
|
|t:|1784923502
|move|p2b: Flowery|Protect|p2b: Flowery
|-singleturn|p2b: Flowery|Protect
|move|p1b: Basculegion|Last Respects|p2b: Flowery
|-activate|p2b: Flowery|move: Protect
|move|p1a: Garchomp|Earthquake|p2b: Flowery|[spread] p1b
|-activate|p2b: Flowery|move: Protect
|-damage|p1b: Basculegion|31/100
|-damage|p1a: Garchomp|61/100|[from] item: Life Orb
|
|-start|p1b: Basculegion|perish0
|-start|p1a: Garchomp|perish0
|faint|p1b: Basculegion
|faint|p1a: Garchomp
|
|win|p3ds
|l|☆raichew2
|player|p1|
||raichew2 is ready for game 2.
||p3ds is ready for game 2.
|uhtml|next|Next: Game 2 of 3
|l| jpievgc
|l| Arkanine4
|j| 2cake
|j| jpievgc
|j| Therazer456
|j| teslobo
|j| MrGardnHose
|l| Therazer456
|l| 2cake
|l| JackWhiteVGC
|l| MrGardnHose
|l| runeking6573
|j|☆raichew2
|player|p1|raichew2|169|
