|j|☆pgoiko
|j|☆Gozante
|html|pgoikoGozante    
|uhtml|bestof|Game 2 of a best-of-3
|t:|1755951983
|gametype|doubles
|player|p1|pgoiko|1|1379
|player|p2|Gozante|265|1392
|gen|9
|tier|[Gen 9] VGC 2025 Reg H (Bo3)
|rated|
|rule|Species Clause: Limit one of each Pokémon
|rule|Item Clause: Limit 1 of each item
|clearpoke
|poke|p1|Indeedee-F, L50, F|
|poke|p1|Armarouge, L50, M|
|poke|p1|Torkoal, L50, F|
|poke|p1|Ursaluna, L50, F|
|poke|p1|Hatterene, L50, F|
|poke|p1|Lilligant-Hisui, L50, F|
|poke|p2|Dragonite, L50, M|
|poke|p2|Kingambit, L50, M|
|poke|p2|Volcarona, L50, F|
|poke|p2|Sneasler, L50, F|
|poke|p2|Rillaboom, L50, M|
|poke|p2|Electabuzz, L50, F|
|teampreview|4
|showteam|p1|Indeedee-F||RockyHelmet|PsychicSurge|Psychic,HelpingHand,FollowMe,TrickRoom|||F|||50|,,,,,Grass]Armarouge||PowerHerb|FlashFire|ExpandingForce,ArmorCannon,MeteorBeam,TrickRoom|||M|||50|,,,,,Grass]Torkoal||Charcoal|Drought|Eruption,WeatherBall,HeatWave,Protect|||F|||50|,,,,,Fire]Ursaluna||FlameOrb|Guts|Facade,HeadlongRush,Substitute,Protect|||F|||50|,,,,,Ghost]Hatterene||LifeOrb|MagicBounce|ExpandingForce,DazzlingGleam,TrickRoom,Protect|||F|||50|,,,,,Psychic]Lilligant-Hisui||FocusSash|Chlorophyll|SolarBlade,CloseCombat,SleepPowder,AfterYou|||F|||50|,,,,,Ghost
|showteam|p2|Dragonite||LoadedDice|Multiscale|ScaleShot,ExtremeSpeed,Haze,Protect|||M|||50|,,,,,Steel]Kingambit||BlackGlasses|Defiant|KowtowCleave,SwordsDance,Protect,SuckerPunch|||M|||50|,,,,,Dark]Volcarona||CovertCloak|FlameBody|QuiverDance,TeraBlast,HeatWave,Protect|||F|||50|,,,,,Fairy]Sneasler||FocusSash|Unburden|Coaching,CloseCombat,DireClaw,Protect|||F|||50|,,,,,Stellar]Rillaboom||AssaultVest|GrassySurge|FakeOut,WoodHammer,GrassyGlide,HighHorsepower|||M|||50|,,,,,Fire]Electabuzz||Eviolite|VitalSpirit|Taunt,FollowMe,Protect,Electroweb|||F|||50|,,,,,Dragon
|
|t:|1755952016
|teamsize|p1|4
|teamsize|p2|4
|start
|switch|p1a: Indeedee|Indeedee-F, L50, F|100/100
|switch|p1b: Hatterene|Hatterene, L50, F|100/100
|switch|p2a: Sneasler|Sneasler, L50, F|100/100
|switch|p2b: Dragonite|Dragonite, L50, M|100/100
|-fieldstart|move: Psychic Terrain|[from] ability: Psychic Surge|[of] p1a: Indeedee
|turn|1
|
|t:|1755952034
|move|p1a: Indeedee|Follow Me|p1a: Indeedee
|-singleturn|p1a: Indeedee|move: Follow Me
|move|p2a: Sneasler|Coaching|p2b: Dragonite
|-boost|p2b: Dragonite|atk|1
|-boost|p2b: Dragonite|def|1
|move|p2b: Dragonite|Scale Shot|p1a: Indeedee
|-damage|p1a: Indeedee|80/100
|-damage|p1a: Indeedee|60/100
|-damage|p1a: Indeedee|39/100
|-damage|p1a: Indeedee|17/100
|-damage|p1a: Indeedee|0 fnt
|faint|p1a: Indeedee
|-hitcount|p1: Indeedee|5
|-unboost|p2b: Dragonite|def|1
|-boost|p2b: Dragonite|spe|1
|move|p1b: Hatterene|Trick Room|p1b: Hatterene
|-fieldstart|move: Trick Room|[of] p1b: Hatterene
|
|upkeep
|
|t:|1755952056
|switch|p1a: Armarouge|Armarouge, L50, M|100/100
|turn|2
|
|t:|1755952072
|-terastallize|p1b: Hatterene|Psychic
|move|p2b: Dragonite|Protect|p2b: Dragonite
|-singleturn|p2b: Dragonite|Protect
|move|p1b: Hatterene|Expanding Force|p2a: Sneasler|[spread] p2a
|-activate|p2b: Dragonite|move: Protect
|-supereffective|p2a: Sneasler
|-enditem|p2a: Sneasler|Focus Sash
|-damage|p2a: Sneasler|1/100
|-damage|p1b: Hatterene|91/100|[from] item: Life Orb
|move|p1a: Armarouge|Meteor Beam||[still]
|-prepare|p1a: Armarouge|Meteor Beam
|-boost|p1a: Armarouge|spa|1
|-enditem|p1a: Armarouge|Power Herb
|-anim|p1a: Armarouge|Meteor Beam|p2b: Dragonite
|-activate|p2b: Dragonite|move: Protect
|move|p2a: Sneasler|Dire Claw|p1b: Hatterene
|-damage|p1b: Hatterene|48/100
|-status|p1b: Hatterene|par
|
|upkeep
|turn|3
|
|t:|1755952122
|switch|p2a: Rillaboom|Rillaboom, L50, M|100/100
|-fieldstart|move: Grassy Terrain|[from] ability: Grassy Surge|[of] p2a: Rillaboom
|cant|p1b: Hatterene|par
|move|p1a: Armarouge|Expanding Force|p2b: Dragonite
|-damage|p2b: Dragonite|63/100
|move|p2b: Dragonite|Scale Shot|p1a: Armarouge
|-damage|p1a: Armarouge|79/100
|-damage|p1a: Armarouge|59/100
|-damage|p1a: Armarouge|39/100
|-damage|p1a: Armarouge|17/100
|-hitcount|p1a: Armarouge|4
|-unboost|p2b: Dragonite|def|1
|-boost|p2b: Dragonite|spe|1
|
|-heal|p1b: Hatterene|53/100 par|[from] Grassy Terrain
|-heal|p1a: Armarouge|23/100|[from] Grassy Terrain
|upkeep
|turn|4
|
|t:|1755952159
|move|p2a: Rillaboom|Fake Out|p1b: Hatterene
|-damage|p1b: Hatterene|38/100 par
|move|p2b: Dragonite|Extreme Speed|p1a: Armarouge
|-damage|p1a: Armarouge|0 fnt
|faint|p1a: Armarouge
|cant|p1b: Hatterene|flinch
|
|-heal|p1b: Hatterene|43/100 par|[from] Grassy Terrain
|upkeep
|
|t:|1755952169
|switch|p1a: Ursaluna|Ursaluna, L50, F|100/100
|turn|5
|
|t:|1755952182
|move|p1a: Ursaluna|Protect|p1a: Ursaluna
|-singleturn|p1a: Ursaluna|Protect
|move|p2b: Dragonite|Extreme Speed|p1b: Hatterene
|-damage|p1b: Hatterene|0 fnt
|faint|p1b: Hatterene
|move|p2a: Rillaboom|Wood Hammer|p1a: Ursaluna
|-activate|p1a: Ursaluna|move: Protect
|
|-fieldend|move: Trick Room
|-status|p1a: Ursaluna|brn|[from] item: Flame Orb
|upkeep
|turn|6
|-message|pgoiko forfeited.
|
|win|Gozante
|raw|pgoiko's rating: 1379 → 1360(-19 for losing)
|raw|Gozante's rating: 1392 → 1411(+19 for winning)
|l|☆pgoiko
|player|p1|
