|j|☆zampe96
|j|☆chefbenboyrd
|html|zampe96chefbenboyrd    
|uhtml|bestof|Game 2 of a best-of-3
|t:|1757700621
|gametype|doubles
|player|p1|zampe96|101|1084
|player|p2|chefbenboyrd|brawly|1163
|gen|9
|tier|[Gen 9] VGC 2025 Reg H (Bo3)
|rated|
|rule|Species Clause: Limit one of each Pokémon
|rule|Item Clause: Limit 1 of each item
|clearpoke
|poke|p1|Dragapult, L50, F|
|poke|p1|Kingambit, L50, F|
|poke|p1|Gholdengo, L50|
|poke|p1|Talonflame, L50, M|
|poke|p1|Ursaluna-Bloodmoon, L50, M|
|poke|p1|Sneasler, L50, M|
|poke|p2|Whimsicott, L50, M|
|poke|p2|Indeedee, L50, M|
|poke|p2|Ursaluna-Bloodmoon, L50, M|
|poke|p2|Incineroar, L50, F|
|poke|p2|Sneasler, L50, M|
|poke|p2|Garchomp, L50, M|
|teampreview|4
|showteam|p1|Dragapult||ChoiceBand|ClearBody|Outrage,Uturn,DragonDarts,PhantomForce|||F|||50|,,,,,Dragon]Kingambit||AssaultVest|Defiant|Snarl,SuckerPunch,IronHead,KowtowCleave|||F|||50|,,,,,Fairy]Gholdengo||MetalCoat|GoodasGold|NastyPlot,Protect,MakeItRain,ShadowBall||||||50|,,,,,Steel]Talonflame||CovertCloak|GaleWings|Tailwind,DualWingbeat,Protect,FlareBlitz|||M|||50|,,,,,Dark]Ursaluna-Bloodmoon||LifeOrb|MindsEye|BloodMoon,HyperVoice,EarthPower,VacuumWave|||M|||50|,,,,,Normal]Sneasler||FocusSash|Unburden|ThroatChop,Protect,CloseCombat,DireClaw|||M|||50|,,,,,Stellar
|showteam|p2|Whimsicott||CovertCloak|Prankster|SunnyDay,Encore,Tailwind,Moonblast|||M|||50|,,,,,Ghost]Indeedee||FocusSash|PsychicSurge|ExpandingForce,TrickRoom,HelpingHand,Protect|||M|||50|,,,,,Psychic]Ursaluna-Bloodmoon||LifeOrb|MindsEye|BloodMoon,HyperVoice,EarthPower,Protect|||M|||50|,,,,,Normal]Incineroar||SafetyGoggles|Intimidate|FlareBlitz,KnockOff,PartingShot,FakeOut|||F|||50|,,,,,Ghost]Sneasler||PsychicSeed|Unburden|DireClaw,CloseCombat,ThroatChop,Protect|||M|||50|,,,,,Dark]Garchomp||ClearAmulet|RoughSkin|StompingTantrum,Earthquake,Protect,DragonClaw|||M|||50|,,,,,Steel
|inactive|Battle timer is ON: inactive players will automatically lose when time's up. (requested by chefbenboyrd)
|
|t:|1757700649
|teamsize|p1|4
|teamsize|p2|4
|start
|switch|p1a: Sneasler|Sneasler, L50, M|100/100
|switch|p1b: Talonflame|Talonflame, L50, M|100/100
|switch|p2a: Whimsicott|Whimsicott, L50, M|100/100
|switch|p2b: Ursaluna|Ursaluna-Bloodmoon, L50, M|100/100
|turn|1
|inactive|zampe96 has 30 seconds left.
|
|t:|1757700681
|-terastallize|p2a: Whimsicott|Ghost
|move|p2b: Ursaluna|Protect|p2b: Ursaluna
|-singleturn|p2b: Ursaluna|Protect
|move|p1b: Talonflame|Tailwind|p1b: Talonflame
|-sidestart|p1: zampe96|move: Tailwind
|move|p1a: Sneasler|Dire Claw|p2a: Whimsicott
|-resisted|p2a: Whimsicott
|-damage|p2a: Whimsicott|66/100
|move|p2a: Whimsicott|Moonblast|p1a: Sneasler
|-damage|p1a: Sneasler|48/100
|
|upkeep
|turn|2
|inactive|zampe96 has 30 seconds left.
|
|t:|1757700712
|switch|p2b: Incineroar|Incineroar, L50, F|100/100
|-ability|p2b: Incineroar|Intimidate|boost
|-unboost|p1a: Sneasler|atk|1
|-unboost|p1b: Talonflame|atk|1
|move|p1b: Talonflame|Dual Wingbeat|p2a: Whimsicott
|-damage|p2a: Whimsicott|50/100
|-damage|p2a: Whimsicott|34/100
|-hitcount|p2a: Whimsicott|2
|move|p2a: Whimsicott|Encore|p1b: Talonflame
|-start|p1b: Talonflame|Encore
|move|p1a: Sneasler|Close Combat|p2b: Incineroar
|-supereffective|p2b: Incineroar
|-damage|p2b: Incineroar|14/100
|-unboost|p1a: Sneasler|def|1
|-unboost|p1a: Sneasler|spd|1
|
|upkeep
|turn|3
|inactive|chefbenboyrd has 30 seconds left.
|inactive|chefbenboyrd has 20 seconds left.
|
|t:|1757700749
|switch|p1a: Gholdengo|Gholdengo, L50|100/100
|move|p2b: Incineroar|Fake Out|p1b: Talonflame
|-damage|p1b: Talonflame|81/100
|move|p2a: Whimsicott|Tailwind|p2a: Whimsicott
|-sidestart|p2: chefbenboyrd|move: Tailwind
|move|p1b: Talonflame|Dual Wingbeat|p2b: Incineroar
|-damage|p2b: Incineroar|3/100
|-damage|p2b: Incineroar|0 fnt
|faint|p2b: Incineroar
|-hitcount|p2: Incineroar|2
|
|upkeep
|
|t:|1757700761
|switch|p2b: Ursaluna|Ursaluna-Bloodmoon, L50, M|100/100
|turn|4
|
|t:|1757700777
|move|p2b: Ursaluna|Protect|p2b: Ursaluna
|-singleturn|p2b: Ursaluna|Protect
|move|p1b: Talonflame|Dual Wingbeat|p2b: Ursaluna
|-activate|p2b: Ursaluna|move: Protect
|move|p2a: Whimsicott|Moonblast|p1b: Talonflame
|-resisted|p1b: Talonflame
|-damage|p1b: Talonflame|55/100
|move|p1a: Gholdengo|Make It Rain|p2a: Whimsicott|[spread] p2a
|-activate|p2b: Ursaluna|move: Protect
|-damage|p2a: Whimsicott|0 fnt
|-unboost|p1a: Gholdengo|spa|1
|faint|p2a: Whimsicott
|
|-sideend|p1: zampe96|move: Tailwind
|upkeep
|
|t:|1757700787
|switch|p2a: Garchomp|Garchomp, L50, M|100/100
|turn|5
|
|t:|1757700807
|switch|p1b: Sneasler|Sneasler, L50, M|48/100
|move|p1a: Gholdengo|Protect|p1a: Gholdengo
|-singleturn|p1a: Gholdengo|Protect
|move|p2a: Garchomp|Dragon Claw|p1b: Sneasler
|-damage|p1b: Sneasler|0 fnt
|faint|p1b: Sneasler
|move|p2b: Ursaluna|Earth Power|p1a: Gholdengo
|-activate|p1a: Gholdengo|move: Protect
|
|upkeep
|
|t:|1757700820
|switch|p1b: Talonflame|Talonflame, L50, M|55/100
|turn|6
|
|t:|1757700827
|move|p1b: Talonflame|Protect|p1b: Talonflame
|-singleturn|p1b: Talonflame|Protect
|move|p2a: Garchomp|Dragon Claw|p1b: Talonflame
|-activate|p1b: Talonflame|move: Protect
|move|p2b: Ursaluna|Earth Power|p1a: Gholdengo
|-supereffective|p1a: Gholdengo
|-damage|p1a: Gholdengo|0 fnt
|faint|p1a: Gholdengo
|-damage|p2b: Ursaluna|91/100|[from] item: Life Orb
|
|-sideend|p2: chefbenboyrd|move: Tailwind
|upkeep
|
|t:|1757700846
|switch|p1a: Dragapult|Dragapult, L50, F|100/100
|turn|7
|
|t:|1757700856
|-terastallize|p1a: Dragapult|Dragon
|move|p2a: Garchomp|Protect|p2a: Garchomp
|-singleturn|p2a: Garchomp|Protect
|move|p1b: Talonflame|Dual Wingbeat|p2b: Ursaluna
|-damage|p2b: Ursaluna|79/100
|-crit|p2b: Ursaluna
|-damage|p2b: Ursaluna|60/100
|-hitcount|p2b: Ursaluna|2
|move|p1a: Dragapult|Dragon Darts|p2b: Ursaluna
|-damage|p2b: Ursaluna|15/100
|-anim|p1a: Dragapult|Dragon Darts|p2b: Ursaluna
|-damage|p2b: Ursaluna|0 fnt
|faint|p2b: Ursaluna
|
|upkeep
|turn|8
|inactive|zampe96 has 30 seconds left.
|inactive|zampe96 has 20 seconds left.
|
|t:|1757700894
|move|p1b: Talonflame|Flare Blitz|p2a: Garchomp
|-resisted|p2a: Garchomp
|-damage|p2a: Garchomp|76/100
|-damage|p1b: Talonflame|42/100|[from] ability: Rough Skin|[of] p2a: Garchomp
|-damage|p1b: Talonflame|33/100|[from] Recoil
|move|p1a: Dragapult|Dragon Darts|p2a: Garchomp
|-supereffective|p2a: Garchomp
|-crit|p2a: Garchomp
|-damage|p2a: Garchomp|0 fnt
|faint|p2a: Garchomp
|
|win|zampe96
