|j|☆spernerslemma
|j|☆ultraclaw1
|html|spernerslemmaultraclaw1    
|uhtml|bestof|Game 3 of a best-of-3
|t:|1784212124
|gametype|doubles
|player|p1|spernerslemma|pokekid|1382
|player|p2|ultraclaw1|brycenman|1363
|gen|9
|tier|[Gen 9 Champions] VGC 2026 Reg M-B (Bo3)
|rated|
|rule|Species Clause: Limit one of each Pokémon
|rule|Item Clause: Limit 1 of each item
|clearpoke
|poke|p1|Swampert, L50, M|
|poke|p1|Grimmsnarl, L50, M|
|poke|p1|Archaludon, L50, M|
|poke|p1|Pelipper, L50, F|
|poke|p1|Venusaur, L50, F|
|poke|p1|Sneasler, L50, F|
|poke|p2|Maushold, L50|
|poke|p2|Kingambit, L50, M|
|poke|p2|Garchomp, L50, F|
|poke|p2|Basculegion, L50, M|
|poke|p2|Talonflame, L50, F|
|poke|p2|Floette-Eternal, L50, F|
|teampreview|4
|showteam|p1|Swampert||Swampertite|Torrent|WaveCrash,Protect,HighHorsepower,IcePunch|Adamant||M|||50|]Grimmsnarl||LightClay|Prankster|SpiritBreak,Reflect,LightScreen,PartingShot|Careful||M|||50|]Archaludon||Leftovers|Stamina|ElectroShot,DragonPulse,FlashCannon,Protect|Modest||M|||50|]Pelipper||SitrusBerry|Drizzle|WeatherBall,Hurricane,Tailwind,Protect|Modest||F|||50|]Venusaur||Venusaurite|Chlorophyll|SludgeBomb,Protect,GigaDrain,EarthPower|Modest||F|||50|]Sneasler||FocusSash|PoisonTouch|FakeOut,PoisonJab,CloseCombat,Protect|Jolly||F|||50|
|showteam|p2|Maushold||FocusSash|FriendGuard|SuperFang,Taunt,FollowMe,Protect|Timid|||||50|]Kingambit||ChopleBerry|Defiant|KowtowCleave,SuckerPunch,LowKick,IronHead|Adamant||M|||50|]Garchomp||LifeOrb|RoughSkin|RockSlide,Earthquake,DragonClaw,Protect|Jolly||F|||50|]Basculegion||MysticWater|Adaptability|WaveCrash,LastRespects,AquaJet,Protect|Adamant||M|||50|]Talonflame||SharpBeak|GaleWings|QuickGuard,DualWingbeat,Tailwind,Protect|Jolly||F|||50|]Floette-Eternal||Floettite|FlowerVeil|LightofRuin,Protect,Moonblast,DazzlingGleam|Modest||F|||50|
|inactive|Battle timer is ON: inactive players will automatically lose when time's up. (requested by ultraclaw1)
|inactive|spernerslemma has 60 seconds left.
|
|t:|1784212173
|teamsize|p1|4
|teamsize|p2|4
|start
|switch|p1a: Grimmsnarl|Grimmsnarl, L50, M|100/100
|switch|p1b: Venusaur|Venusaur, L50, F|100/100
|switch|p2a: Floette|Floette-Eternal, L50, F|100/100
|switch|p2b: Talonflame|Talonflame, L50, F|100/100
|turn|1
|inactive|spernerslemma has 30 seconds left.
|
|t:|1784212207
|detailschange|p2a: Floette|Floette-Mega, L50, F
|-mega|p2a: Floette|Floette|Floettite
|-ability|p2a: Floette|Fairy Aura
|detailschange|p1b: Venusaur|Venusaur-Mega, L50, F
|-mega|p1b: Venusaur|Venusaur|Venusaurite
|move|p2b: Talonflame|Dual Wingbeat|p1b: Venusaur
|-supereffective|p1b: Venusaur|1
|-damage|p1b: Venusaur|69/100
|-supereffective|p1b: Venusaur|1
|-damage|p1b: Venusaur|37/100
|-hitcount|p1b: Venusaur|2
|move|p1a: Grimmsnarl|Light Screen|p1a: Grimmsnarl
|-sidestart|p1: spernerslemma|move: Light Screen
|move|p2a: Floette|Light of Ruin|p1a: Grimmsnarl
|-supereffective|p1a: Grimmsnarl|1
|-crit|p1a: Grimmsnarl
|-damage|p1a: Grimmsnarl|0 fnt
|faint|p1a: Grimmsnarl
|-damage|p2a: Floette|33/100|[from] Recoil
|move|p1b: Venusaur|Sludge Bomb|p2a: Floette
|-supereffective|p2a: Floette|1
|-damage|p2a: Floette|0 fnt
|faint|p2a: Floette
|
|upkeep
|inactive|ultraclaw1 has 30 seconds left.
|
|t:|1784212235
|switch|p2a: Garchomp|Garchomp, L50, F|100/100
|switch|p1a: Pelipper|Pelipper, L50, F|100/100
|-weather|RainDance|[from] ability: Drizzle|[of] p1a: Pelipper
|turn|2
|inactive|spernerslemma has 30 seconds left.
|inactive|spernerslemma has 20 seconds left.
|inactive|spernerslemma has 15 seconds left.
|inactive|spernerslemma has 10 seconds left.
|inactive|spernerslemma has 5 seconds left.
|
|t:|1784212289
|move|p2b: Talonflame|Dual Wingbeat|p1a: Pelipper
|-damage|p1a: Pelipper|78/100
|-damage|p1a: Pelipper|56/100
|-hitcount|p1a: Pelipper|2
|move|p2a: Garchomp|Earthquake|p1a: Pelipper|[spread] p1b
|-immune|p2b: Talonflame
|-immune|p1a: Pelipper
|-damage|p1b: Venusaur|0 fnt
|faint|p1b: Venusaur
|-damage|p2a: Garchomp|90/100|[from] item: Life Orb
|move|p1a: Pelipper|Weather Ball|p2a: Garchomp
|-damage|p2a: Garchomp|23/100
|
|-weather|RainDance|[upkeep]
|upkeep
|
|t:|1784212302
|switch|p1b: Archaludon|Archaludon, L50, M|100/100
|turn|3
|inactive|spernerslemma has 30 seconds left.
|inactive|spernerslemma has 20 seconds left.
|
|t:|1784212339
|move|p2b: Talonflame|Protect|p2b: Talonflame
|-singleturn|p2b: Talonflame|Protect
|move|p2a: Garchomp|Earthquake|p1a: Pelipper|[spread] p1b
|-activate|p2b: Talonflame|move: Protect
|-immune|p1a: Pelipper
|-supereffective|p1b: Archaludon|1
|-damage|p1b: Archaludon|21/100
|-ability|p1b: Archaludon|Stamina|boost
|-boost|p1b: Archaludon|def|1
|-damage|p2a: Garchomp|14/100|[from] item: Life Orb
|move|p1b: Archaludon|Electro Shot||[still]
|-prepare|p1b: Archaludon|Electro Shot
|-boost|p1b: Archaludon|spa|1
|-anim|p1b: Archaludon|Electro Shot|p2b: Talonflame
|-activate|p2b: Talonflame|move: Protect
|move|p1a: Pelipper|Tailwind|p1a: Pelipper
|-sidestart|p1: spernerslemma|move: Tailwind
|
|-weather|RainDance|[upkeep]
|-heal|p1b: Archaludon|27/100|[from] item: Leftovers
|upkeep
|turn|4
|inactive|spernerslemma has 30 seconds left.
|inactive|spernerslemma has 20 seconds left.
|inactive|spernerslemma has 15 seconds left.
|inactive|spernerslemma has 10 seconds left.
|
|t:|1784212384
|move|p1a: Pelipper|Protect|p1a: Pelipper
|-singleturn|p1a: Pelipper|Protect
|move|p2b: Talonflame|Tailwind|p2b: Talonflame
|-sidestart|p2: ultraclaw1|move: Tailwind
|move|p2a: Garchomp|Earthquake|p1a: Pelipper|[spread] p1b
|-activate|p1a: Pelipper|move: Protect
|-immune|p2b: Talonflame
|-supereffective|p1b: Archaludon|1
|-damage|p1b: Archaludon|0 fnt
|faint|p1b: Archaludon
|-damage|p2a: Garchomp|4/100|[from] item: Life Orb
|
|-weather|RainDance|[upkeep]
|upkeep
|turn|5
|-message|spernerslemma forfeited.
|
|win|ultraclaw1
|raw|spernerslemma's rating: 1382 → 1361(-21 for losing)
|raw|ultraclaw1's rating: 1363 → 1384(+21 for winning)
|l|☆ultraclaw1
|player|p2|
