|j|☆new mental
|j|☆greater basilisk
|html|new mentalgreater basilisk    
|uhtml|bestof|Game 2 of a best-of-3
|t:|1783447828
|gametype|doubles
|player|p1|new mental|volkner|1215
|player|p2|greater basilisk|bianca|1299
|gen|9
|tier|[Gen 9 Champions] VGC 2026 Reg M-B (Bo3)
|rated|
|rule|Species Clause: Limit one of each Pokémon
|rule|Item Clause: Limit 1 of each item
|clearpoke
|poke|p1|Aerodactyl, L50, F|
|poke|p1|Garchomp, L50, M|
|poke|p1|Kingambit, L50, M|
|poke|p1|Charizard, L50, F|
|poke|p1|Sylveon, L50, F|
|poke|p1|Farigiraf, L50, M|
|poke|p2|Sneasler, L50, F|
|poke|p2|Incineroar, L50, M|
|poke|p2|Delphox, L50, F|
|poke|p2|Sinistcha, L50|
|poke|p2|Floette-Eternal, L50, F|
|poke|p2|Palafin, L50, F|
|teampreview|4
|showteam|p1|Aerodactyl||Aerodactylite|Unnerve|IceFang,RockSlide,Tailwind,DualWingbeat|Jolly||F|||50|]Garchomp||LifeOrb|RoughSkin|DragonClaw,StompingTantrum,Earthquake,Protect|Jolly||M|||50|]Kingambit||FocusSash|Defiant|SuckerPunch,KowtowCleave,IronHead,LowKick|Adamant||M|||50|]Charizard||CharizarditeY|SolarPower|Protect,HeatWave,SolarBeam,WeatherBall|Timid||F|||50|]Sylveon||FairyFeather|Pixilate|Protect,HyperVoice,HyperBeam,QuickAttack|Modest||F|||50|]Farigiraf||SitrusBerry|ArmorTail|TrickRoom,Thunderbolt,Psychic,Roar|Bold||M|||50|
|showteam|p2|Sneasler||FocusSash|PoisonTouch|Protect,FakeOut,DireClaw,CloseCombat|Jolly||F|||50|]Incineroar||SitrusBerry|Intimidate|FakeOut,PartingShot,FlareBlitz,DarkestLariat|Impish||M|||50|]Delphox||Delphoxite|Blaze|Protect,NastyPlot,HeatWave,Psyshock|Timid||F|||50|]Sinistcha||KasibBerry|Hospitality|Protect,TrickRoom,MatchaGotcha,RagePowder|Sassy|||||50|]Floette-Eternal||Floettite|FlowerVeil|Protect,DazzlingGleam,CalmMind,Moonblast|Timid||F|||50|]Palafin||Leftovers|ZerotoHero|Protect,JetPunch,BulkUp,ThroatChop|Adamant||F|||50|
|inactive|Battle timer is ON: inactive players will automatically lose when time's up. (requested by greater basilisk)
|inactive|greater basilisk has 60 seconds left.
|
|t:|1783447859
|teamsize|p1|4
|teamsize|p2|4
|start
|switch|p1a: Aerodactyl|Aerodactyl, L50, F|100/100
|switch|p1b: Kingambit|Kingambit, L50, M|100/100
|switch|p2a: Sneasler|Sneasler, L50, F|100/100
|switch|p2b: Palafin|Palafin, L50, F|100/100
|-ability|p1a: Aerodactyl|Unnerve
|turn|1
|inactive|greater basilisk has 30 seconds left.
|
|t:|1783447889
|switch|p1b: Farigiraf|Farigiraf, L50, M|100/100
|detailschange|p1a: Aerodactyl|Aerodactyl-Mega, L50, F
|-mega|p1a: Aerodactyl|Aerodactyl|Aerodactylite
|move|p2a: Sneasler|Fake Out||[still]
|cant|p1b: Farigiraf|ability: Armor Tail|Fake Out|[of] p2a: Sneasler
|move|p2b: Palafin|Jet Punch||[still]
|cant|p1b: Farigiraf|ability: Armor Tail|Jet Punch|[of] p2b: Palafin
|move|p1a: Aerodactyl|Dual Wingbeat|p2b: Palafin
|-damage|p2b: Palafin|70/100
|-damage|p2b: Palafin|44/100
|-hitcount|p2b: Palafin|2
|
|-heal|p2b: Palafin|50/100g|[from] item: Leftovers
|upkeep
|turn|2
|
|t:|1783447913
|detailschange|p2b: Palafin|Palafin-Hero, L50, F
|switch|p2b: Sinistcha|Sinistcha, L50|100/100
|move|p2a: Sneasler|Protect|p2a: Sneasler
|-singleturn|p2a: Sneasler|Protect
|move|p1a: Aerodactyl|Dual Wingbeat|p2a: Sneasler
|-activate|p2a: Sneasler|move: Protect
|move|p1b: Farigiraf|Thunderbolt|p2b: Sinistcha
|-resisted|p2b: Sinistcha|1
|-damage|p2b: Sinistcha|89/100
|
|upkeep
|turn|3
|inactive|greater basilisk has 30 seconds left.
|
|t:|1783447939
|move|p1a: Aerodactyl|Dual Wingbeat|p2a: Sneasler
|-supereffective|p2a: Sneasler|1
|-damage|p2a: Sneasler|18/100
|-supereffective|p2a: Sneasler|1
|-damage|p2a: Sneasler|0 fnt
|faint|p2a: Sneasler
|-hitcount|p2: Sneasler|2
|move|p1b: Farigiraf|Psychic|p2b: Sinistcha
|-damage|p2b: Sinistcha|60/100
|-unboost|p2b: Sinistcha|spd|1
|move|p2b: Sinistcha|Trick Room|p2b: Sinistcha
|-fieldstart|move: Trick Room|[of] p2b: Sinistcha
|
|upkeep
|
|t:|1783447945
|switch|p2a: Floette|Floette-Eternal, L50, F|100/100
|turn|4
|
|t:|1783447961
|detailschange|p2a: Floette|Floette-Mega, L50, F
|-mega|p2a: Floette|Floette|Floettite
|-ability|p2a: Floette|Fairy Aura
|move|p2b: Sinistcha|Matcha Gotcha|p1b: Farigiraf|[spread] p1a
|-miss|p2b: Sinistcha|p1b: Farigiraf
|-damage|p1a: Aerodactyl|69/100
|-heal|p2b: Sinistcha|75/100|[from] drain|[of] p1a: Aerodactyl
|move|p2a: Floette|Moonblast|p1a: Aerodactyl
|-damage|p1a: Aerodactyl|5/100
|move|p1a: Aerodactyl|Dual Wingbeat|p2b: Sinistcha
|-supereffective|p2b: Sinistcha|1
|-damage|p2b: Sinistcha|21/100
|-supereffective|p2b: Sinistcha|1
|-damage|p2b: Sinistcha|0 fnt
|faint|p2b: Sinistcha
|-hitcount|p2: Sinistcha|2
|move|p1b: Farigiraf|Roar|p2a: Floette
|drag|p2a: Palafin|Palafin-Hero, L50, F|50/100g
|-activate|p2a: Palafin|ability: Zero to Hero
|
|-heal|p2a: Palafin|56/100|[from] item: Leftovers
|upkeep
|
|t:|1783447972
|switch|p2b: Floette|Floette-Mega, L50, F|100/100
|-ability|p2b: Floette|Fairy Aura
|turn|5
|
|t:|1783447981
|move|p2a: Palafin|Protect|p2a: Palafin
|-singleturn|p2a: Palafin|Protect
|move|p1b: Farigiraf|Thunderbolt|p2a: Palafin
|-activate|p2a: Palafin|move: Protect
|move|p2b: Floette|Dazzling Gleam|p1b: Farigiraf|[spread] p1a,p1b
|-damage|p1a: Aerodactyl|0 fnt
|-damage|p1b: Farigiraf|61/100
|faint|p1a: Aerodactyl
|
|-heal|p2a: Palafin|61/100|[from] item: Leftovers
|upkeep
|
|t:|1783447984
|switch|p1a: Sylveon|Sylveon, L50, F|100/100
|turn|6
|
|t:|1783447996
|move|p1b: Farigiraf|Thunderbolt|p2a: Palafin
|-supereffective|p2a: Palafin|1
|-damage|p2a: Palafin|15/100
|move|p1a: Sylveon|Hyper Voice|p2a: Palafin|[spread] p2a,p2b
|-damage|p2a: Palafin|0 fnt
|-damage|p2b: Floette|53/100
|faint|p2a: Palafin
|move|p2b: Floette|Moonblast|p1b: Farigiraf
|-damage|p1b: Farigiraf|6/100
|-enditem|p1b: Farigiraf|Sitrus Berry|[eat]
|-heal|p1b: Farigiraf|31/100|[from] item: Sitrus Berry
|
|upkeep
|turn|7
|
|t:|1783448002
|move|p2b: Floette|Protect|p2b: Floette
|-singleturn|p2b: Floette|Protect
|move|p1b: Farigiraf|Psychic|p2b: Floette
|-activate|p2b: Floette|move: Protect
|move|p1a: Sylveon|Hyper Voice|p2b: Floette
|-activate|p2b: Floette|move: Protect
|
|-fieldend|move: Trick Room
|upkeep
|turn|8
|
|t:|1783448010
|move|p2b: Floette|Dazzling Gleam|p1a: Sylveon|[spread] p1a,p1b
|-damage|p1a: Sylveon|69/100
|-damage|p1b: Farigiraf|0 fnt
|faint|p1b: Farigiraf
|move|p1a: Sylveon|Hyper Voice|p2b: Floette
|-damage|p2b: Floette|0 fnt
|faint|p2b: Floette
|
|win|new mental
|raw|new mental's rating: 1215 → 1246(+31 for winning)
|raw|greater basilisk's rating: 1299 → 1268(-31 for losing)
