|j|☆b1kope
|j|☆zubrowka
|html|b1kopezubrowka    
|uhtml|bestof|Game 1 of a best-of-3
|t:|1786101400
|gametype|doubles
|player|p1|b1kope|170|1288
|player|p2|zubrowka|265|1277
|gen|9
|tier|[Gen 9 Champions] VGC 2026 Reg M-B (Bo3)
|rated|
|rule|Species Clause: Limit one of each Pokémon
|rule|Item Clause: Limit 1 of each item
|clearpoke
|poke|p1|Charizard, L50, F|
|poke|p1|Annihilape, L50, M|
|poke|p1|Sinistcha-Masterpiece, L50|
|poke|p1|Excadrill, L50, M|
|poke|p1|Tyranitar, L50, M|
|poke|p1|Incineroar, L50, M|
|poke|p2|Floette-Eternal, L50, F|
|poke|p2|Sinistcha, L50|
|poke|p2|Incineroar, L50, M|
|poke|p2|Basculegion, L50, M|
|poke|p2|Glimmora, L50, F|
|poke|p2|Staraptor, L50, F|
|teampreview|4
|showteam|p1|Charizard||CharizarditeX|Blaze|FlareBlitz,DragonClaw,DragonDance,Protect|Careful||F|||50|]Annihilape||Leftovers|Defiant|DrainPunch,RageFist,BulkUp,Protect|Adamant||M|||50|]Sinistcha-Masterpiece||ColburBerry|Hospitality|MatchaGotcha,TrickRoom,RagePowder,Protect|Calm|||||50|]Excadrill||FocusSash|SandRush|IronHead,HighHorsepower,Protect,Earthquake|Adamant||M|||50|]Tyranitar||Tyranitarite|SandStream|DragonDance,RockSlide,KnockOff,LowKick|Adamant||M|||50|]Incineroar||SitrusBerry|Intimidate|FlareBlitz,DarkestLariat,FakeOut,PartingShot|Impish||M|||50|
|showteam|p2|Floette-Eternal||Floettite|FlowerVeil|DazzlingGleam,DrainingKiss,CalmMind,Protect|Modest||F|||50|]Sinistcha||ColburBerry|Hospitality|MatchaGotcha,LifeDew,RagePowder,Protect|Calm|||||50|]Incineroar||SitrusBerry|Intimidate|FlareBlitz,ThroatChop,PartingShot,FakeOut|Careful||M|||50|]Basculegion||ChoiceScarf|Adaptability|WaveCrash,FlipTurn,AquaJet,LastRespects|Jolly||M|||50|]Glimmora||FocusSash|ToxicDebris|PowerGem,SludgeBomb,EarthPower,SpikyShield|Modest||F|||50|]Staraptor||Staraptite|Intimidate|DualWingbeat,CloseCombat,Tailwind,Protect|Jolly||F|||50|
|l|☆zubrowka
|player|p2|
|j|☆zubrowka
|player|p2|zubrowka|265|
|inactive|Battle timer is ON: inactive players will automatically lose when time's up. (requested by zubrowka)
|
|t:|1786101440
|teamsize|p1|4
|teamsize|p2|4
|start
|switch|p1a: Charizard|Charizard, L50, F|100/100
|switch|p1b: Annihilape|Annihilape, L50, M|100/100
|switch|p2a: Basculegion|Basculegion, L50, M|100/100
|switch|p2b: Incineroar|Incineroar, L50, M|100/100
|-ability|p2b: Incineroar|Intimidate|boost
|-unboost|p1a: Charizard|atk|1
|-unboost|p1b: Annihilape|atk|1
|-ability|p1b: Annihilape|Defiant|boost
|-boost|p1b: Annihilape|atk|2
|turn|1
|
|t:|1786101455
|move|p1a: Charizard|Protect|p1a: Charizard
|-singleturn|p1a: Charizard|Protect
|move|p2a: Basculegion|Wave Crash|p1b: Annihilape
|-damage|p1b: Annihilape|32/100
|-damage|p2a: Basculegion|75/100|[from] Recoil
|move|p1b: Annihilape|Bulk Up|p1b: Annihilape
|-boost|p1b: Annihilape|atk|1
|-boost|p1b: Annihilape|def|1
|move|p2b: Incineroar|Parting Shot|p1a: Charizard
|-activate|p1a: Charizard|move: Protect
|
|-heal|p1b: Annihilape|38/100|[from] item: Leftovers
|upkeep
|turn|2
|inactive|b1kope has 30 seconds left.
|inactive|b1kope has 20 seconds left.
|inactive|b1kope has 15 seconds left.
|
|t:|1786101496
|switch|p1a: Incineroar|Incineroar, L50, M|100/100
|-ability|p1a: Incineroar|Intimidate|boost
|-unboost|p2a: Basculegion|atk|1
|-unboost|p2b: Incineroar|atk|1
|switch|p2b: Sinistcha|Sinistcha, L50|100/100
|-heal|p2a: Basculegion|100/100|[from] ability: Hospitality|[of] p2b: Sinistcha
|move|p2a: Basculegion|Wave Crash|p1b: Annihilape
|-damage|p1b: Annihilape|12/100
|-damage|p2a: Basculegion|90/100|[from] Recoil
|move|p1b: Annihilape|Drain Punch|p2b: Sinistcha
|-immune|p2b: Sinistcha
|
|-heal|p1b: Annihilape|18/100|[from] item: Leftovers
|upkeep
|turn|3
|inactive|zubrowka has 30 seconds left.
|
|t:|1786101525
|switch|p2b: Staraptor|Staraptor, L50, F|100/100
|-ability|p2b: Staraptor|Intimidate|boost
|-unboost|p1a: Incineroar|atk|1
|-unboost|p1b: Annihilape|atk|1
|-ability|p1b: Annihilape|Defiant|boost
|-boost|p1b: Annihilape|atk|2
|move|p1b: Annihilape|Protect|p1b: Annihilape
|-singleturn|p1b: Annihilape|Protect
|move|p2a: Basculegion|Wave Crash|p1b: Annihilape
|-activate|p1b: Annihilape|move: Protect
|move|p1a: Incineroar|Parting Shot|p2a: Basculegion
|-unboost|p2a: Basculegion|atk|1
|-unboost|p2a: Basculegion|spa|1
|
|t:|1786101548
|switch|p1a: Sinistcha|Sinistcha-Masterpiece, L50|100/100|[from] Parting Shot
|-heal|p1b: Annihilape|43/100|[from] ability: Hospitality|[of] p1a: Sinistcha
|
|-heal|p1b: Annihilape|49/100|[from] item: Leftovers
|upkeep
|turn|4
|inactive|zubrowka has 30 seconds left.
|
|t:|1786101576
|switch|p2a: Incineroar|Incineroar, L50, M|100/100
|-ability|p2a: Incineroar|Intimidate|boost
|-unboost|p1a: Sinistcha|atk|1
|-unboost|p1b: Annihilape|atk|1
|-ability|p1b: Annihilape|Defiant|boost
|-boost|p1b: Annihilape|atk|2
|detailschange|p2b: Staraptor|Staraptor-Mega, L50, F
|-mega|p2b: Staraptor|Staraptor|Staraptite
|move|p1a: Sinistcha|Rage Powder|p1a: Sinistcha
|-singleturn|p1a: Sinistcha|move: Rage Powder
|move|p2b: Staraptor|Dual Wingbeat|p1a: Sinistcha
|-supereffective|p1a: Sinistcha|1
|-damage|p1a: Sinistcha|62/100
|-supereffective|p1a: Sinistcha|1
|-damage|p1a: Sinistcha|29/100
|-hitcount|p1a: Sinistcha|2
|move|p1b: Annihilape|Drain Punch|p2b: Staraptor
|-resisted|p2b: Staraptor|1
|-damage|p2b: Staraptor|49/100
|-heal|p1b: Annihilape|71/100|[from] drain|[of] p2b: Staraptor
|
|-heal|p1b: Annihilape|77/100|[from] item: Leftovers
|upkeep
|turn|5
|inactive|b1kope has 30 seconds left.
|inactive|zubrowka has 30 seconds left.
|inactive|b1kope has 20 seconds left.
|
|t:|1786101614
|switch|p2a: Sinistcha|Sinistcha, L50|100/100
|-heal|p2b: Staraptor|74/100|[from] ability: Hospitality|[of] p2a: Sinistcha
|move|p1a: Sinistcha|Protect|p1a: Sinistcha
|-singleturn|p1a: Sinistcha|Protect
|move|p2b: Staraptor|Dual Wingbeat|p1a: Sinistcha
|-activate|p1a: Sinistcha|move: Protect
|move|p1b: Annihilape|Drain Punch|p2a: Sinistcha
|-immune|p2a: Sinistcha
|
|-heal|p1b: Annihilape|83/100|[from] item: Leftovers
|upkeep
|turn|6
|
|t:|1786101633
|move|p2a: Sinistcha|Rage Powder|p2a: Sinistcha
|-singleturn|p2a: Sinistcha|move: Rage Powder
|move|p2b: Staraptor|Dual Wingbeat|p1a: Sinistcha
|-supereffective|p1a: Sinistcha|1
|-crit|p1a: Sinistcha
|-damage|p1a: Sinistcha|0 fnt
|faint|p1a: Sinistcha
|-hitcount|p1: Sinistcha|1
|move|p1b: Annihilape|Rage Fist|p2a: Sinistcha
|-supereffective|p2a: Sinistcha|1
|-damage|p2a: Sinistcha|0 fnt
|faint|p2a: Sinistcha
|
|-heal|p1b: Annihilape|89/100|[from] item: Leftovers
|upkeep
|
|t:|1786101649
|switch|p1a: Charizard|Charizard, L50, F|100/100
|switch|p2a: Incineroar|Incineroar, L50, M|100/100
|-ability|p2a: Incineroar|Intimidate|boost
|-unboost|p1a: Charizard|atk|1
|-unboost|p1b: Annihilape|atk|1
|-ability|p1b: Annihilape|Defiant|boost
|-boost|p1b: Annihilape|atk|2
|turn|7
|inactive|b1kope has 30 seconds left.
|inactive|zubrowka has 30 seconds left.
|
|t:|1786101685
|detailschange|p1a: Charizard|Charizard-Mega-X, L50, F
|-mega|p1a: Charizard|Charizard|Charizardite X
|move|p2b: Staraptor|Protect|p2b: Staraptor
|-singleturn|p2b: Staraptor|Protect
|move|p2a: Incineroar|Fake Out|p1a: Charizard
|-damage|p1a: Charizard|90/100
|cant|p1a: Charizard|flinch
|move|p1b: Annihilape|Drain Punch|p2b: Staraptor
|-activate|p2b: Staraptor|move: Protect
|
|-heal|p1b: Annihilape|95/100|[from] item: Leftovers
|upkeep
|turn|8
|inactive|zubrowka has 30 seconds left.
|
|t:|1786101714
|move|p2b: Staraptor|Close Combat|p1a: Charizard
|-damage|p1a: Charizard|40/100
|-boost|p2b: Staraptor|def|1
|-boost|p2b: Staraptor|spd|1
|move|p1a: Charizard|Dragon Dance|p1a: Charizard
|-boost|p1a: Charizard|atk|1
|-boost|p1a: Charizard|spe|1
|move|p1b: Annihilape|Drain Punch|p2a: Incineroar
|-supereffective|p2a: Incineroar|1
|-crit|p2a: Incineroar
|-damage|p2a: Incineroar|0 fnt
|-heal|p1b: Annihilape|100/100|[from] drain|[of] p2a: Incineroar
|faint|p2a: Incineroar
|
|upkeep
|
|t:|1786101728
|switch|p2a: Basculegion|Basculegion, L50, M|90/100
|turn|9
|
|t:|1786101738
|move|p2a: Basculegion|Last Respects|p1b: Annihilape
|-supereffective|p1b: Annihilape|1
|-damage|p1b: Annihilape|0 fnt
|faint|p1b: Annihilape
|move|p1a: Charizard|Flare Blitz|p2b: Staraptor
|-damage|p2b: Staraptor|30/100
|-damage|p1a: Charizard|25/100|[from] Recoil
|move|p2b: Staraptor|Close Combat|p1a: Charizard
|-damage|p1a: Charizard|0 fnt
|-boost|p2b: Staraptor|def|1
|-boost|p2b: Staraptor|spd|1
|faint|p1a: Charizard
|
|upkeep
|-message|b1kope forfeited.
|
|win|zubrowka
||b1kope is ready for game 2.
||zubrowka is ready for game 2.
|uhtml|next|Next: Game 2 of 3
|l|☆b1kope
|player|p1|
