|j|☆Tango2089
|j|☆P!nkbearz07
|html|Tango2089P!nkbearz07    
|uhtml|bestof|Game 1 of a best-of-3
|t:|1757076316
|gametype|doubles
|player|p1|Tango2089|marshal|1032
|player|p2|P!nkbearz07|marlon|1084
|gen|9
|tier|[Gen 9] VGC 2025 Reg H (Bo3)
|rated|
|rule|Species Clause: Limit one of each Pokémon
|rule|Item Clause: Limit 1 of each item
|clearpoke
|poke|p1|Basculegion, L50, M|
|poke|p1|Salamence, L50, F|
|poke|p1|Arcanine-Hisui, L50, F|
|poke|p1|Rotom-Wash, L50|
|poke|p1|Amoonguss, L50, F|
|poke|p1|Hitmontop, L50, M|
|poke|p2|Empoleon, L50, M|
|poke|p2|Tyranitar, L50, F|
|poke|p2|Excadrill, L50, M|
|poke|p2|Annihilape, L50, M|
|poke|p2|Gholdengo, L50|
|poke|p2|Hydreigon, L50, F|
|teampreview|4
|showteam|p1|Basculegion||ChoiceScarf|Adaptability|WaveCrash,LastRespects,PsychicFangs,PhantomForce|||M|||50|,,,,,Water]Salamence||LifeOrb|Intimidate|DragonClaw,Tailwind,DualWingbeat,Protect|||F|||50|,,,,,Steel]Arcanine-Hisui||AirBalloon|RockHead|TeraBlast,FlareBlitz,Protect,HeadSmash|||F|||50|,,,,,Fairy]Rotom-Wash||SitrusBerry|Levitate|Discharge,HydroPump,WillOWisp,Protect||||||50|,,,,,Electric]Amoonguss||Leftovers|Regenerator|PollenPuff,RagePowder,ClearSmog,Spore|||F|||50|,,,,,Water]Hitmontop||RockyHelmet|Intimidate|CloseCombat,FakeOut,WideGuard,IceSpinner|||M|||50|,,,,,Flying
|showteam|p2|Empoleon||CovertCloak|Competitive|HydroPump,FlashCannon,IcyWind,Protect|||M|||50|,,,,,Grass]Tyranitar||AssaultVest|SandStream|RockSlide,KnockOff,TeraBlast,LowKick|||F|||50|,,,,,Flying]Excadrill||FocusSash|SandRush|Earthquake,HighHorsepower,IronHead,Protect|||M|||50|,,,,,Ground]Annihilape||ChoiceScarf|Defiant|RageFist,CloseCombat,FinalGambit,Coaching|||M|||50|,,,,,Grass]Gholdengo||LifeOrb|GoodasGold|Protect,NastyPlot,ShadowBall,MakeItRain||||||50|,,,,,Steel]Hydreigon||ChoiceSpecs|Levitate|HeatWave,Snarl,DarkPulse,DracoMeteor|||F|||50|,,,,,Fire
|inactive|Battle timer is ON: inactive players will automatically lose when time's up. (requested by P!nkbearz07)
|c|☆P!nkbearz07|glhf
|c|☆Tango2089|glhf
|inactive|P!nkbearz07 has 60 seconds left.
|
|t:|1757076349
|teamsize|p1|4
|teamsize|p2|4
|start
|switch|p1a: Arcanine|Arcanine-Hisui, L50, F|100/100
|switch|p1b: Hitmontop|Hitmontop, L50, M|100/100
|switch|p2a: DK|Annihilape, L50, M|100/100
|switch|p2b: Atlantis|Empoleon, L50, M, shiny|100/100
|-item|p1a: Arcanine|Air Balloon
|-ability|p1b: Hitmontop|Intimidate|boost
|-unboost|p2a: DK|atk|1
|-ability|p2a: DK|Defiant|boost
|-boost|p2a: DK|atk|2
|-unboost|p2b: Atlantis|atk|1
|-ability|p2b: Atlantis|Competitive|boost
|-boost|p2b: Atlantis|spa|2
|turn|1
|inactive|Tango2089 has 30 seconds left.
|inactive|P!nkbearz07 has 30 seconds left.
|inactive|Tango2089 has 20 seconds left.
|inactive|P!nkbearz07 has 20 seconds left.
|inactive|Tango2089 has 15 seconds left.
|inactive|P!nkbearz07 has 15 seconds left.
|inactive|Tango2089 has 10 seconds left.
|inactive|P!nkbearz07 has 10 seconds left.
|inactive|Tango2089 has 5 seconds left.
|
|t:|1757076401
|-terastallize|p1a: Arcanine|Fairy
|move|p1b: Hitmontop|Fake Out|p2b: Atlantis
|-resisted|p2b: Atlantis
|-damage|p2b: Atlantis|95/100
|move|p2a: DK|Close Combat|p1b: Hitmontop
|-damage|p1b: Hitmontop|11/100
|-unboost|p2a: DK|def|1
|-unboost|p2a: DK|spd|1
|-damage|p2a: DK|84/100|[from] item: Rocky Helmet|[of] p1b: Hitmontop
|move|p1a: Arcanine|Tera Blast|p2a: DK|[anim] Tera Blast Fairy
|-supereffective|p2a: DK
|-damage|p2a: DK|0 fnt
|faint|p2a: DK
|move|p2b: Atlantis|Flash Cannon|p1a: Arcanine
|-supereffective|p1a: Arcanine
|-damage|p1a: Arcanine|0 fnt
|-enditem|p1a: Arcanine|Air Balloon
|faint|p1a: Arcanine
|
|upkeep
|inactive|P!nkbearz07 has 30 seconds left.
|
|t:|1757076428
|switch|p2a: Oil Rig|Excadrill, L50, M|100/100
|switch|p1a: Amoonguss|Amoonguss, L50, F|100/100
|turn|2
|
|t:|1757076446
|-terastallize|p2b: Atlantis|Grass
|move|p2a: Oil Rig|Iron Head|p1b: Hitmontop
|-damage|p1b: Hitmontop|0 fnt
|-damage|p2a: Oil Rig|84/100|[from] item: Rocky Helmet|[of] p1b: Hitmontop
|faint|p1b: Hitmontop
|move|p2b: Atlantis|Icy Wind|p1a: Amoonguss
|-supereffective|p1a: Amoonguss
|-damage|p1a: Amoonguss|62/100
|-unboost|p1a: Amoonguss|spe|1
|move|p1a: Amoonguss|Spore|p2b: Atlantis
|-immune|p2b: Atlantis
|
|-heal|p1a: Amoonguss|67/100|[from] item: Leftovers
|upkeep
|
|t:|1757076460
|switch|p1b: Salamence|Salamence, L50, F|100/100
|-ability|p1b: Salamence|Intimidate|boost
|-unboost|p2a: Oil Rig|atk|1
|-unboost|p2b: Atlantis|atk|1
|-ability|p2b: Atlantis|Competitive|boost
|-boost|p2b: Atlantis|spa|2
|turn|3
|
|t:|1757076484
|move|p1b: Salamence|Dual Wingbeat|p2b: Atlantis
|-supereffective|p2b: Atlantis
|-crit|p2b: Atlantis
|-damage|p2b: Atlantis|19/100
|-supereffective|p2b: Atlantis
|-damage|p2b: Atlantis|0 fnt
|faint|p2b: Atlantis
|-hitcount|p2: Atlantis|2
|-damage|p1b: Salamence|90/100|[from] item: Life Orb
|move|p2a: Oil Rig|Iron Head|p1b: Salamence
|-damage|p1b: Salamence|55/100
|move|p1a: Amoonguss|Spore|p2a: Oil Rig
|-status|p2a: Oil Rig|slp|[from] move: Spore
|
|-heal|p1a: Amoonguss|73/100|[from] item: Leftovers
|upkeep
|
|t:|1757076494
|switch|p2b: Yama no Orichi|Hydreigon, L50, F|100/100
|turn|4
|
|t:|1757076514
|move|p1b: Salamence|Protect|p1b: Salamence
|-singleturn|p1b: Salamence|Protect
|cant|p2a: Oil Rig|slp
|move|p2b: Yama no Orichi|Draco Meteor|p1a: Amoonguss
|-damage|p1a: Amoonguss|0 fnt
|-unboost|p2b: Yama no Orichi|spa|2
|faint|p1a: Amoonguss
|
|upkeep
|turn|5
|
|t:|1757076526
|move|p1b: Salamence|Dragon Claw|p2b: Yama no Orichi
|-supereffective|p2b: Yama no Orichi
|-damage|p2b: Yama no Orichi|0 fnt
|faint|p2b: Yama no Orichi
|-damage|p1b: Salamence|45/100|[from] item: Life Orb
|cant|p2a: Oil Rig|slp
|
|upkeep
|turn|6
|
|t:|1757076537
|cant|p2a: Oil Rig|slp
|move|p1b: Salamence|Dragon Claw|p2a: Oil Rig
|-resisted|p2a: Oil Rig
|-damage|p2a: Oil Rig|44/100 slp
|-damage|p1b: Salamence|35/100|[from] item: Life Orb
|
|upkeep
|turn|7
|
|t:|1757076545
|move|p1b: Salamence|Dragon Claw|p2a: Oil Rig
|-resisted|p2a: Oil Rig
|-damage|p2a: Oil Rig|6/100 slp
|-damage|p1b: Salamence|25/100|[from] item: Life Orb
|-curestatus|p2a: Oil Rig|slp|[msg]
|move|p2a: Oil Rig|Iron Head|p1b: Salamence
|-damage|p1b: Salamence|0 fnt
|faint|p1b: Salamence
|
|win|P!nkbearz07
