|j|☆dambro222
|j|☆tessa scarlet
|html|dambro222tessa scarlet    
|uhtml|bestof|Game 1 of a best-of-3
|t:|1756240440
|gametype|doubles
|player|p1|dambro222|ethan|1194
|player|p2|tessa scarlet|102|1271
|gen|9
|tier|[Gen 9] VGC 2025 Reg H (Bo3)
|rated|
|rule|Species Clause: Limit one of each Pokémon
|rule|Item Clause: Limit 1 of each item
|clearpoke
|poke|p1|Dragonite, L50, M|
|poke|p1|Volcarona, L50, F|
|poke|p1|Sneasler, L50, M|
|poke|p1|Rillaboom, L50, M|
|poke|p1|Electabuzz, L50, M|
|poke|p1|Kingambit, L50, M|
|poke|p2|Gholdengo, L50|
|poke|p2|Dragonite, L50, F|
|poke|p2|Volcarona, L50, M|
|poke|p2|Annihilape, L50, F|
|poke|p2|Dondozo, L50, F|
|poke|p2|Ursaluna-Bloodmoon, L50, M|
|teampreview|4
|showteam|p1|Dragonite||LoadedDice|Multiscale|ScaleShot,ExtremeSpeed,Haze,Protect|||M|||50|,,,,,Fairy]Volcarona||CovertCloak|FlameBody|HeatWave,TeraBlast,QuiverDance,Protect|||F|||50|,,,,,Fairy]Sneasler||FocusSash|Unburden|CloseCombat,DireClaw,Coaching,Protect|||M|||50|,,,,,Stellar]Rillaboom||AssaultVest|GrassySurge|WoodHammer,GrassyGlide,HighHorsepower,FakeOut|||M|||50|,,,,,Water]Electabuzz||Eviolite|VitalSpirit|Electroweb,FollowMe,Taunt,Protect|||M|||50|,,,,,Ghost]Kingambit||BlackGlasses|Defiant|KowtowCleave,SuckerPunch,SwordsDance,Protect|||M|||50|,,,,,Dark
|showteam|p2|Gholdengo||ChoiceScarf|GoodasGold|MakeItRain,ShadowBall,Trick,Protect||||||50|,,,,,Steel]Dragonite||LoadedDice|Multiscale|ScaleShot,ExtremeSpeed,Haze,Protect|||F|||50|,,,,,Fairy]Volcarona||CovertCloak|FlameBody|StruggleBug,HeatWave,RagePowder,Tailwind|||M|||50|,,,,,Dragon]Annihilape||FocusSash|Defiant|CloseCombat,RageFist,Coaching,FinalGambit|||F|||50|,,,,,Stellar]Dondozo||Leftovers|Unaware|WaveCrash,Yawn,Fissure,Protect|||F|||50|,,,,,Poison]Ursaluna-Bloodmoon||AssaultVest|MindsEye|BloodMoon,EarthPower,HyperVoice,VacuumWave|||M|||50|,,,,,Normal
|inactive|Battle timer is ON: inactive players will automatically lose when time's up. (requested by dambro222)
|inactive|dambro222 has 60 seconds left.
|inactive|tessa scarlet has 60 seconds left.
|inactive|dambro222 has 30 seconds left.
|inactive|dambro222 has 20 seconds left.
|
|t:|1756240513
|teamsize|p1|4
|teamsize|p2|4
|start
|switch|p1a: Electabuzz|Electabuzz, L50, M|100/100
|switch|p1b: Kingambit|Kingambit, L50, M, shiny|100/100
|switch|p2a: Volcarona|Volcarona, L50, M|100/100
|switch|p2b: Dondozo|Dondozo, L50, F|100/100
|turn|1
|
|t:|1756240530
|-terastallize|p1b: Kingambit|Dark
|move|p2a: Volcarona|Heat Wave|p1b: Kingambit|[spread] p1a,p1b
|-damage|p1a: Electabuzz|78/100
|-damage|p1b: Kingambit|71/100
|move|p1a: Electabuzz|Electroweb|p2b: Dondozo|[spread] p2a,p2b
|-supereffective|p2b: Dondozo
|-damage|p2a: Volcarona|87/100
|-damage|p2b: Dondozo|80/100
|-unboost|p2b: Dondozo|spe|1
|move|p1b: Kingambit|Swords Dance|p1b: Kingambit
|-boost|p1b: Kingambit|atk|2
|move|p2b: Dondozo|Wave Crash|p1a: Electabuzz
|-damage|p1a: Electabuzz|43/100
|-damage|p2b: Dondozo|71/100|[from] Recoil
|
|-heal|p2b: Dondozo|78/100|[from] item: Leftovers
|upkeep
|turn|2
|inactive|dambro222 has 30 seconds left.
|inactive|tessa scarlet has 30 seconds left.
|inactive|dambro222 has 20 seconds left.
|inactive|tessa scarlet has 20 seconds left.
|inactive|dambro222 has 15 seconds left.
|inactive|tessa scarlet has 15 seconds left.
|inactive|tessa scarlet has 10 seconds left.
|inactive|tessa scarlet has 5 seconds left.
|
|t:|1756240583
|move|p2a: Volcarona|Tailwind|p2a: Volcarona
|-sidestart|p2: tessa scarlet|move: Tailwind
|move|p1a: Electabuzz|Taunt|p2a: Volcarona
|-start|p2a: Volcarona|move: Taunt
|move|p2b: Dondozo|Wave Crash|p1b: Kingambit
|-damage|p1b: Kingambit|40/100
|-damage|p2b: Dondozo|69/100|[from] Recoil
|move|p1b: Kingambit|Kowtow Cleave|p2b: Dondozo
|-damage|p2b: Dondozo|22/100
|
|-heal|p2b: Dondozo|29/100|[from] item: Leftovers
|upkeep
|turn|3
|
|t:|1756240604
|switch|p2a: Dragonite|Dragonite, L50, F|100/100
|move|p1b: Kingambit|Protect|p1b: Kingambit
|-singleturn|p1b: Kingambit|Protect
|move|p2b: Dondozo|Protect|p2b: Dondozo
|-singleturn|p2b: Dondozo|Protect
|move|p1a: Electabuzz|Electroweb|p2b: Dondozo|[spread] 
|-activate|p2b: Dondozo|move: Protect
|-miss|p1a: Electabuzz|p2a: Dragonite
|
|-heal|p2b: Dondozo|35/100|[from] item: Leftovers
|upkeep
|turn|4
|
|t:|1756240623
|move|p1b: Kingambit|Sucker Punch|p2b: Dondozo
|-damage|p2b: Dondozo|0 fnt
|faint|p2b: Dondozo
|move|p2a: Dragonite|Scale Shot|p1b: Kingambit
|-damage|p1b: Kingambit|29/100
|-crit|p1b: Kingambit
|-damage|p1b: Kingambit|15/100
|-damage|p1b: Kingambit|4/100
|-damage|p1b: Kingambit|0 fnt
|faint|p1b: Kingambit
|-hitcount|p1: Kingambit|4
|-unboost|p2a: Dragonite|def|1
|-boost|p2a: Dragonite|spe|1
|move|p1a: Electabuzz|Electroweb|p2a: Dragonite
|-crit|p2a: Dragonite
|-damage|p2a: Dragonite|84/100
|-unboost|p2a: Dragonite|spe|1
|
|upkeep
|
|t:|1756240635
|switch|p1b: Sneasler|Sneasler, L50, M|100/100
|switch|p2b: Volcarona|Volcarona, L50, M|87/100
|turn|5
|inactive|dambro222 has 30 seconds left.
|
|t:|1756240664
|switch|p2a: Gholdengo|Gholdengo, L50|100/100
|move|p1b: Sneasler|Protect|p1b: Sneasler
|-singleturn|p1b: Sneasler|Protect
|move|p2b: Volcarona|Heat Wave|p1b: Sneasler|[spread] p1a
|-activate|p1b: Sneasler|move: Protect
|-damage|p1a: Electabuzz|20/100
|move|p1a: Electabuzz|Taunt|p2b: Volcarona
|-start|p2b: Volcarona|move: Taunt
|
|-sideend|p2: tessa scarlet|move: Tailwind
|upkeep
|turn|6
|
|t:|1756240685
|move|p2a: Gholdengo|Make It Rain|p1b: Sneasler|[spread] p1a,p1b
|-resisted|p1a: Electabuzz
|-damage|p1a: Electabuzz|0 fnt
|-damage|p1b: Sneasler|29/100
|-unboost|p2a: Gholdengo|spa|1
|faint|p1a: Electabuzz
|move|p1b: Sneasler|Dire Claw|p2b: Volcarona
|-damage|p2b: Volcarona|35/100
|move|p2b: Volcarona|Heat Wave|p1b: Sneasler
|-damage|p1b: Sneasler|0 fnt
|faint|p1b: Sneasler
|
|upkeep
|-message|dambro222 forfeited.
|
|win|tessa scarlet
|l|☆dambro222
|player|p1|
||dambro222 is ready for game 2.
||tessa scarlet is ready for game 2.
|uhtml|next|Next: Game 2 of 3
|j|☆dambro222
|player|p1|dambro222|ethan|
