|j|☆nillythekid
|j|☆SoundsGoodra
|html|nillythekidSoundsGoodra    
|uhtml|bestof|Game 1 of a best-of-3
|t:|1785176965
|gametype|doubles
|player|p1|nillythekid|hiker-gen4|1187
|player|p2|SoundsGoodra|dragontamer|1205
|gen|9
|tier|[Gen 9 Champions] VGC 2026 Reg M-B (Bo3)
|rated|
|rule|Species Clause: Limit one of each Pokémon
|rule|Item Clause: Limit 1 of each item
|clearpoke
|poke|p1|Kingambit, L50, M|
|poke|p1|Charizard, L50, M|
|poke|p1|Aerodactyl, L50, M|
|poke|p1|Farigiraf, L50, M|
|poke|p1|Garchomp, L50, M|
|poke|p1|Sylveon, L50, F|
|poke|p2|Raichu, L50, F, shiny|
|poke|p2|Sinistcha, L50, shiny|
|poke|p2|Incineroar, L50, M, shiny|
|poke|p2|Sylveon, L50, F, shiny|
|poke|p2|Metagross, L50, shiny|
|poke|p2|Hydreigon, L50, F, shiny|
|teampreview|4
|showteam|p1|Kingambit||FocusSash|Defiant|KowtowCleave,IronHead,SuckerPunch,LowKick|Adamant||M|||50|]Charizard||CharizarditeY|Blaze|HeatWave,SolarBeam,WeatherBall,Protect|Modest||M|||50|]Aerodactyl||Aerodactylite|Unnerve|RockSlide,DualWingbeat,IceFang,Tailwind|Jolly||M|||50|]Farigiraf||SitrusBerry|ArmorTail|Psychic,Thunderbolt,TrickRoom,Protect|Bold||M|||50|]Garchomp||LifeOrb|RoughSkin|Earthquake,DragonClaw,StompingTantrum,Protect|Jolly||M|||50|]Sylveon||FairyFeather|Pixilate|HyperVoice,HyperBeam,QuickAttack,Protect|Modest||F|||50|
|showteam|p2|Raichu||RaichuniteY|LightningRod|ZapCannon,FocusBlast,FakeOut,Protect|Timid||F|||50|]Sinistcha||SitrusBerry|Hospitality|MatchaGotcha,RagePowder,TrickRoom,Protect|Bold|||||50|]Incineroar||ShucaBerry|Intimidate|FlareBlitz,DarkestLariat,PartingShot,FakeOut|Careful||M|||50|]Sylveon||FairyFeather|Pixilate|HyperVoice,Moonblast,CalmMind,Protect|Modest||F|||50|]Metagross||Metagrossite|ClearBody|HardPress,PsychicFangs,BodyPress,Protect|Adamant|||||50|]Hydreigon||ChoiceScarf|Levitate|DracoMeteor,DarkPulse,EarthPower,Snarl|Modest||F|||50|
|
|t:|1785176994
|teamsize|p1|4
|teamsize|p2|4
|start
|switch|p1a: Farigiraf|Farigiraf, L50, M|100/100
|switch|p1b: Garchomp|Garchomp, L50, M|100/100
|switch|p2a: Raichu|Raichu, L50, F, shiny|100/100
|switch|p2b: Sylveon|Sylveon, L50, F, shiny|100/100
|turn|1
|
|t:|1785177014
|switch|p2a: Incineroar|Incineroar, L50, M, shiny|100/100
|-ability|p2a: Incineroar|Intimidate|boost
|-unboost|p1a: Farigiraf|atk|1
|-unboost|p1b: Garchomp|atk|1
|move|p1b: Garchomp|Earthquake|p2b: Sylveon|[spread] p1a,p2a,p2b
|-supereffective|p2a: Incineroar|1
|-enditem|p2a: Incineroar|Shuca Berry|[eat]
|-enditem|p2a: Incineroar|Shuca Berry|[weaken]
|-damage|p1a: Farigiraf|71/100
|-damage|p2a: Incineroar|71/100
|-damage|p2b: Sylveon|59/100
|-damage|p1b: Garchomp|90/100|[from] item: Life Orb
|move|p2b: Sylveon|Hyper Voice|p1a: Farigiraf|[spread] p1a,p1b
|-supereffective|p1b: Garchomp|1
|-damage|p1a: Farigiraf|31/100
|-damage|p1b: Garchomp|0 fnt
|-enditem|p1a: Farigiraf|Sitrus Berry|[eat]
|-heal|p1a: Farigiraf|56/100|[from] item: Sitrus Berry
|faint|p1b: Garchomp
|move|p1a: Farigiraf|Trick Room|p1a: Farigiraf
|-fieldstart|move: Trick Room|[of] p1a: Farigiraf
|
|upkeep
|
|t:|1785177032
|switch|p1b: Sylveon|Sylveon, L50, F|100/100
|turn|2
|
|t:|1785177040
|switch|p2b: Sinistcha|Sinistcha, L50, shiny|100/100
|-heal|p2a: Incineroar|96/100|[from] ability: Hospitality|[of] p2b: Sinistcha
|move|p2a: Incineroar|Parting Shot|p1b: Sylveon
|-unboost|p1b: Sylveon|atk|1
|-unboost|p1b: Sylveon|spa|1
|
|t:|1785177048
|switch|p2a: Sylveon|Sylveon, L50, F, shiny|59/100|[from] Parting Shot
|move|p1a: Farigiraf|Psychic|p2b: Sinistcha
|-damage|p2b: Sinistcha|67/100
|move|p1b: Sylveon|Hyper Voice|p2a: Sylveon|[spread] p2a,p2b
|-damage|p2a: Sylveon|35/100
|-damage|p2b: Sinistcha|37/100
|-enditem|p2b: Sinistcha|Sitrus Berry|[eat]
|-heal|p2b: Sinistcha|61/100|[from] item: Sitrus Berry
|
|upkeep
|turn|3
|
|t:|1785177064
|switch|p1b: Charizard|Charizard, L50, M|100/100
|switch|p2b: Incineroar|Incineroar, L50, M, shiny|96/100
|-ability|p2b: Incineroar|Intimidate|boost
|-unboost|p1a: Farigiraf|atk|1
|-unboost|p1b: Charizard|atk|1
|move|p2a: Sylveon|Protect|p2a: Sylveon
|-singleturn|p2a: Sylveon|Protect
|move|p1a: Farigiraf|Psychic|p2a: Sylveon
|-activate|p2a: Sylveon|move: Protect
|
|upkeep
|turn|4
|
|t:|1785177089
|switch|p2b: Sinistcha|Sinistcha, L50, shiny|61/100
|-heal|p2a: Sylveon|60/100|[from] ability: Hospitality|[of] p2b: Sinistcha
|detailschange|p1b: Charizard|Charizard-Mega-Y, L50, M
|-mega|p1b: Charizard|Charizard|Charizardite Y
|-weather|SunnyDay|[from] ability: Drought|[of] p1b: Charizard
|move|p1a: Farigiraf|Thunderbolt|p2b: Sinistcha
|-resisted|p2b: Sinistcha|1
|-damage|p2b: Sinistcha|51/100
|move|p2a: Sylveon|Calm Mind|p2a: Sylveon
|-boost|p2a: Sylveon|spa|1
|-boost|p2a: Sylveon|spd|1
|move|p1b: Charizard|Weather Ball|p2a: Sylveon
|-damage|p2a: Sylveon|19/100
|
|-weather|SunnyDay|[upkeep]
|upkeep
|turn|5
|
|t:|1785177113
|switch|p2b: Incineroar|Incineroar, L50, M, shiny|96/100
|-ability|p2b: Incineroar|Intimidate|boost
|-unboost|p1a: Farigiraf|atk|1
|-unboost|p1b: Charizard|atk|1
|move|p1a: Farigiraf|Psychic|p2b: Incineroar
|-immune|p2b: Incineroar
|move|p2a: Sylveon|Hyper Voice|p1a: Farigiraf|[spread] p1a,p1b
|-resisted|p1b: Charizard|1
|-damage|p1a: Farigiraf|0 fnt
|-damage|p1b: Charizard|68/100
|faint|p1a: Farigiraf
|move|p1b: Charizard|Heat Wave|p2a: Sylveon|[spread] p2a,p2b
|-resisted|p2b: Incineroar|1
|-damage|p2a: Sylveon|0 fnt
|-damage|p2b: Incineroar|73/100
|faint|p2a: Sylveon
|
|-weather|SunnyDay|[upkeep]
|-fieldend|move: Trick Room
|upkeep
|
|t:|1785177127
|switch|p2a: Raichu|Raichu, L50, F, shiny|100/100
|switch|p1a: Sylveon|Sylveon, L50, F|100/100
|turn|6
|
|t:|1785177135
|detailschange|p2a: Raichu|Raichu-Mega-Y, L50, F, shiny
|-mega|p2a: Raichu|Raichu|Raichunite Y
|move|p1b: Charizard|Protect|p1b: Charizard
|-singleturn|p1b: Charizard|Protect
|move|p2b: Incineroar|Fake Out|p1a: Sylveon
|-damage|p1a: Sylveon|88/100
|move|p2a: Raichu|Zap Cannon|p1b: Charizard
|-activate|p1b: Charizard|move: Protect
|cant|p1a: Sylveon|flinch
|
|-weather|SunnyDay|[upkeep]
|upkeep
|turn|7
|
|t:|1785177151
|move|p2a: Raichu|Zap Cannon|p1b: Charizard
|-supereffective|p1b: Charizard|1
|-damage|p1b: Charizard|0 fnt
|faint|p1b: Charizard
|move|p1a: Sylveon|Hyper Beam|p2b: Incineroar
|-damage|p2b: Incineroar|0 fnt
|-mustrecharge|p1a: Sylveon
|faint|p2b: Incineroar
|
|-weather|SunnyDay|[upkeep]
|upkeep
|
|t:|1785177156
|switch|p2b: Sinistcha|Sinistcha, L50, shiny|51/100
|turn|8
|
|t:|1785177159
|move|p2a: Raichu|Zap Cannon|p1a: Sylveon
|-damage|p1a: Sylveon|32/100
|-status|p1a: Sylveon|par
|move|p2b: Sinistcha|Matcha Gotcha|p1a: Sylveon
|-damage|p1a: Sylveon|5/100 par
|-heal|p2b: Sinistcha|65/100|[from] drain|[of] p1a: Sylveon
|cant|p1a: Sylveon|recharge
|
|-weather|none
|upkeep
|turn|9
|-message|nillythekid forfeited.
|
|win|SoundsGoodra
