|j|☆grumblegoober
|j|☆cheesbuga
|html|grumblegoobercheesbuga    
|uhtml|bestof|Game 2 of a best-of-3
|t:|1757742133
|gametype|doubles
|player|p1|grumblegoober|barry|1094
|player|p2|cheesbuga|pokemaniac|1040
|gen|9
|tier|[Gen 9] VGC 2025 Reg H (Bo3)
|rated|
|rule|Species Clause: Limit one of each Pokémon
|rule|Item Clause: Limit 1 of each item
|clearpoke
|poke|p1|Vivillon-Archipelago, L50, F|
|poke|p1|Garchomp, L50, F|
|poke|p1|Primarina, L50, M|
|poke|p1|Porygon2, L50|
|poke|p1|Incineroar, L50, M|
|poke|p1|Gholdengo, L50|
|poke|p2|Ursaluna-Bloodmoon, L50, M|
|poke|p2|Incineroar, L50, M|
|poke|p2|Rillaboom, L50, F|
|poke|p2|Farigiraf, L50, F|
|poke|p2|Sneasler, L50, F|
|poke|p2|Volcarona, L50, M|
|teampreview|4
|showteam|p1|Vivillon-Archipelago||FocusSash|CompoundEyes|Hurricane,SleepPowder,RagePowder,Protect|||F|||50|,,,,,Ghost]Garchomp||LifeOrb|RoughSkin|DragonClaw,Earthquake,StompingTantrum,Protect|||F|||50|,,,,,Steel]Primarina||SitrusBerry|LiquidVoice|HyperVoice,Moonblast,Haze,Protect|||M|||50|,,,,,Poison]Porygon2||Eviolite|Download|TeraBlast,IceBeam,TrickRoom,Recover||||||50|,,,,,Ground]Incineroar||SafetyGoggles|Intimidate|FakeOut,FlareBlitz,KnockOff,PartingShot|||M|||50|,,,,,Ghost]Gholdengo||Leftovers|GoodasGold|MakeItRain,ShadowBall,NastyPlot,Protect||||||50|,,,,,Flying
|showteam|p2|Ursaluna-Bloodmoon||LifeOrb|MindsEye|HyperVoice,BloodMoon,EarthPower,Protect|||M|||50|,,,,,Normal]Incineroar||SafetyGoggles|Intimidate|FakeOut,FlareBlitz,KnockOff,PartingShot|||M|||50|,,,,,Ghost]Rillaboom||AssaultVest|GrassySurge|Uturn,WoodHammer,GrassyGlide,FakeOut|||F|||50|,,,,,Fire]Farigiraf||ThroatSpray|ArmorTail|HyperVoice,Protect,Psychic,TrickRoom|||F|||50|,,,,,Fairy]Sneasler||FocusSash|Unburden|CloseCombat,Protect,FakeOut,ThroatChop|||F|||50|,,,,,Dark]Volcarona||CovertCloak|FlameBody|HeatWave,Protect,StruggleBug,QuiverDance|||M|||50|,,,,,Water
|inactive|Battle timer is ON: inactive players will automatically lose when time's up. (requested by grumblegoober)
|
|t:|1757742186
|teamsize|p1|4
|teamsize|p2|4
|start
|switch|p1a: Vivillon|Vivillon-Archipelago, L50, F|100/100
|switch|p1b: Garchomp|Garchomp, L50, F|100/100
|switch|p2a: Incineroar|Incineroar, L50, M|100/100
|switch|p2b: Volcarona|Volcarona, L50, M|100/100
|-ability|p2a: Incineroar|Intimidate|boost
|-unboost|p1a: Vivillon|atk|1
|-unboost|p1b: Garchomp|atk|1
|turn|1
|
|t:|1757742202
|move|p2a: Incineroar|Fake Out|p1a: Vivillon
|-damage|p1a: Vivillon|80/100
|move|p1b: Garchomp|Earthquake|p2b: Volcarona|[spread] p2a,p2b
|-immune|p1a: Vivillon
|-supereffective|p2a: Incineroar
|-damage|p2a: Incineroar|50/100
|-damage|p2b: Volcarona|53/100
|-damage|p1b: Garchomp|91/100|[from] item: Life Orb
|move|p2b: Volcarona|Quiver Dance|p2b: Volcarona
|-boost|p2b: Volcarona|spa|1
|-boost|p2b: Volcarona|spd|1
|-boost|p2b: Volcarona|spe|1
|cant|p1a: Vivillon|flinch
|
|upkeep
|turn|2
|inactive|grumblegoober has 30 seconds left.
|
|t:|1757742230
|move|p2b: Volcarona|Protect|p2b: Volcarona
|-singleturn|p2b: Volcarona|Protect
|move|p1a: Vivillon|Protect|p1a: Vivillon
|-singleturn|p1a: Vivillon|Protect
|move|p1b: Garchomp|Earthquake|p2a: Incineroar|[spread] p2a
|-activate|p1a: Vivillon|move: Protect
|-activate|p2b: Volcarona|move: Protect
|-supereffective|p2a: Incineroar
|-damage|p2a: Incineroar|2/100
|-damage|p1b: Garchomp|81/100|[from] item: Life Orb
|move|p2a: Incineroar|Flare Blitz|p1a: Vivillon
|-activate|p1a: Vivillon|move: Protect
|
|upkeep
|turn|3
|inactive|cheesbuga has 30 seconds left.
|
|t:|1757742260
|switch|p2a: Rillaboom|Rillaboom, L50, F|100/100
|-fieldstart|move: Grassy Terrain|[from] ability: Grassy Surge|[of] p2a: Rillaboom
|move|p2b: Volcarona|Heat Wave|p1a: Vivillon|[spread] p1a,p1b
|-supereffective|p1a: Vivillon
|-resisted|p1b: Garchomp
|-damage|p1a: Vivillon|0 fnt
|-damage|p1b: Garchomp|53/100
|faint|p1a: Vivillon
|move|p1b: Garchomp|Earthquake|p2b: Volcarona|[spread] p2a,p2b
|-resisted|p2a: Rillaboom
|-damage|p2a: Rillaboom|92/100
|-damage|p2b: Volcarona|25/100
|-damage|p1b: Garchomp|43/100|[from] item: Life Orb
|
|-heal|p2b: Volcarona|31/100|[from] Grassy Terrain
|-heal|p1b: Garchomp|49/100|[from] Grassy Terrain
|-heal|p2a: Rillaboom|98/100|[from] Grassy Terrain
|upkeep
|
|t:|1757742275
|switch|p1a: Incineroar|Incineroar, L50, M|100/100
|-ability|p1a: Incineroar|Intimidate|boost
|-unboost|p2a: Rillaboom|atk|1
|-unboost|p2b: Volcarona|atk|1
|turn|4
|
|t:|1757742290
|move|p2b: Volcarona|Protect|p2b: Volcarona
|-singleturn|p2b: Volcarona|Protect
|move|p1a: Incineroar|Fake Out|p2b: Volcarona
|-activate|p2b: Volcarona|move: Protect
|move|p1b: Garchomp|Dragon Claw|p2b: Volcarona
|-activate|p2b: Volcarona|move: Protect
|move|p2a: Rillaboom|U-turn|p1a: Incineroar
|-damage|p1a: Incineroar|89/100
|
|t:|1757742299
|switch|p2a: Incineroar|Incineroar, L50, M|2/100|[from] U-turn
|-ability|p2a: Incineroar|Intimidate|boost
|-unboost|p1a: Incineroar|atk|1
|-unboost|p1b: Garchomp|atk|1
|
|-heal|p2b: Volcarona|37/100|[from] Grassy Terrain
|-heal|p1b: Garchomp|55/100|[from] Grassy Terrain
|-heal|p2a: Incineroar|8/100|[from] Grassy Terrain
|-heal|p1a: Incineroar|95/100|[from] Grassy Terrain
|upkeep
|turn|5
|inactive|cheesbuga has 30 seconds left.
|
|t:|1757742328
|switch|p1b: Primarina|Primarina, L50, M|100/100
|move|p2a: Incineroar|Fake Out|p1b: Primarina
|-damage|p1b: Primarina|87/100
|move|p2b: Volcarona|Heat Wave|p1b: Primarina|[spread] p1a,p1b
|-resisted|p1a: Incineroar
|-resisted|p1b: Primarina
|-damage|p1a: Incineroar|72/100
|-damage|p1b: Primarina|64/100
|move|p1a: Incineroar|Parting Shot|p2b: Volcarona
|-unboost|p2b: Volcarona|atk|1
|-unboost|p2b: Volcarona|spa|1
|
|t:|1757742339
|switch|p1a: Garchomp|Garchomp, L50, F|55/100|[from] Parting Shot
|
|-heal|p2b: Volcarona|43/100|[from] Grassy Terrain
|-heal|p1a: Garchomp|61/100|[from] Grassy Terrain
|-heal|p1b: Primarina|70/100|[from] Grassy Terrain
|-heal|p2a: Incineroar|14/100|[from] Grassy Terrain
|upkeep
|turn|6
|
|t:|1757742352
|switch|p2a: Rillaboom|Rillaboom, L50, F|98/100
|move|p1b: Primarina|Protect|p1b: Primarina
|-singleturn|p1b: Primarina|Protect
|move|p2b: Volcarona|Struggle Bug|p1a: Garchomp|[spread] p1a
|-activate|p1b: Primarina|move: Protect
|-damage|p1a: Garchomp|39/100
|-unboost|p1a: Garchomp|spa|1
|move|p1a: Garchomp|Earthquake|p2b: Volcarona|[spread] p2a,p2b
|-activate|p1b: Primarina|move: Protect
|-resisted|p2a: Rillaboom
|-damage|p2a: Rillaboom|87/100
|-damage|p2b: Volcarona|7/100
|-damage|p1a: Garchomp|29/100|[from] item: Life Orb
|
|-heal|p2b: Volcarona|13/100|[from] Grassy Terrain
|-heal|p1a: Garchomp|35/100|[from] Grassy Terrain
|-heal|p2a: Rillaboom|93/100|[from] Grassy Terrain
|-heal|p1b: Primarina|76/100|[from] Grassy Terrain
|upkeep
|turn|7
|inactive|grumblegoober has 30 seconds left.
|
|t:|1757742380
|switch|p1a: Incineroar|Incineroar, L50, M|72/100
|-ability|p1a: Incineroar|Intimidate|boost
|-unboost|p2a: Rillaboom|atk|1
|-unboost|p2b: Volcarona|atk|1
|move|p1b: Primarina|Protect|p1b: Primarina
|-singleturn|p1b: Primarina|Protect
|move|p2a: Rillaboom|Fake Out|p1b: Primarina
|-activate|p1b: Primarina|move: Protect
|move|p2b: Volcarona|Struggle Bug|p1a: Incineroar|[spread] p1a
|-activate|p1b: Primarina|move: Protect
|-damage|p1a: Incineroar|55/100
|-unboost|p1a: Incineroar|spa|1
|
|-heal|p2b: Volcarona|18/100|[from] Grassy Terrain
|-heal|p2a: Rillaboom|99/100|[from] Grassy Terrain
|-heal|p1b: Primarina|82/100|[from] Grassy Terrain
|-heal|p1a: Incineroar|61/100|[from] Grassy Terrain
|-fieldend|move: Grassy Terrain
|upkeep
|turn|8
|inactive|cheesbuga has 30 seconds left.
|
|t:|1757742412
|switch|p2a: Farigiraf|Farigiraf, L50, F|100/100
|move|p1a: Incineroar|Fake Out||[still]
|cant|p2a: Farigiraf|ability: Armor Tail|Fake Out|[of] p1a: Incineroar
|move|p2b: Volcarona|Struggle Bug|p1a: Incineroar|[spread] p1a,p1b
|-resisted|p1b: Primarina
|-damage|p1a: Incineroar|44/100
|-damage|p1b: Primarina|74/100
|-unboost|p1a: Incineroar|spa|1
|-unboost|p1b: Primarina|spa|1
|move|p1b: Primarina|Hyper Voice|p2b: Volcarona|[spread] p2a,p2b
|-supereffective|p2b: Volcarona
|-damage|p2a: Farigiraf|79/100
|-damage|p2b: Volcarona|0 fnt
|faint|p2b: Volcarona
|
|upkeep
|
|t:|1757742426
|switch|p2b: Rillaboom|Rillaboom, L50, F|99/100
|-fieldstart|move: Grassy Terrain|[from] ability: Grassy Surge|[of] p2b: Rillaboom
|turn|9
|inactive|grumblegoober has 30 seconds left.
|
|t:|1757742453
|switch|p1b: Garchomp|Garchomp, L50, F|35/100
|-terastallize|p2a: Farigiraf|Fairy
|move|p2b: Rillaboom|Fake Out|p1b: Garchomp
|-damage|p1b: Garchomp|22/100
|-damage|p2b: Rillaboom|86/100|[from] ability: Rough Skin|[of] p1b: Garchomp
|move|p1a: Incineroar|Knock Off|p2a: Farigiraf
|-resisted|p2a: Farigiraf
|-damage|p2a: Farigiraf|59/100
|-enditem|p2a: Farigiraf|Throat Spray|[from] move: Knock Off|[of] p1a: Incineroar
|move|p2a: Farigiraf|Trick Room|p2a: Farigiraf
|-fieldstart|move: Trick Room|[of] p2a: Farigiraf
|
|-heal|p2a: Farigiraf|65/100|[from] Grassy Terrain
|-heal|p1a: Incineroar|50/100|[from] Grassy Terrain
|-heal|p2b: Rillaboom|92/100|[from] Grassy Terrain
|-heal|p1b: Garchomp|28/100|[from] Grassy Terrain
|upkeep
|turn|10
|inactive|grumblegoober has 30 seconds left.
|inactive|grumblegoober has 20 seconds left.
|inactive|grumblegoober has 15 seconds left.
|
|t:|1757742495
|switch|p2b: Incineroar|Incineroar, L50, M|14/100
|-ability|p2b: Incineroar|Intimidate|boost
|-unboost|p1a: Incineroar|atk|1
|-unboost|p1b: Garchomp|atk|1
|move|p2a: Farigiraf|Hyper Voice|p1b: Garchomp|[spread] p1a,p1b
|-damage|p1a: Incineroar|24/100
|-damage|p1b: Garchomp|0 fnt
|faint|p1b: Garchomp
|move|p1a: Incineroar|Flare Blitz|p2b: Incineroar
|-resisted|p2b: Incineroar
|-damage|p2b: Incineroar|1/100
|-damage|p1a: Incineroar|20/100|[from] Recoil
|
|-heal|p2a: Farigiraf|71/100|[from] Grassy Terrain
|-heal|p1a: Incineroar|26/100|[from] Grassy Terrain
|-heal|p2b: Incineroar|7/100|[from] Grassy Terrain
|upkeep
|
|t:|1757742503
|switch|p1b: Primarina|Primarina, L50, M|74/100
|turn|11
|
|t:|1757742521
|-terastallize|p1b: Primarina|Poison
|move|p2b: Incineroar|Fake Out|p1b: Primarina
|-damage|p1b: Primarina|63/100
|move|p2a: Farigiraf|Hyper Voice|p1a: Incineroar|[spread] p1a,p1b
|-damage|p1a: Incineroar|0 fnt
|-damage|p1b: Primarina|34/100
|-enditem|p1b: Primarina|Sitrus Berry|[eat]
|-heal|p1b: Primarina|59/100|[from] item: Sitrus Berry
|faint|p1a: Incineroar
|cant|p1b: Primarina|flinch
|
|-heal|p2a: Farigiraf|77/100|[from] Grassy Terrain
|-heal|p2b: Incineroar|13/100|[from] Grassy Terrain
|-heal|p1b: Primarina|65/100|[from] Grassy Terrain
|upkeep
|turn|12
|
|t:|1757742540
|move|p2a: Farigiraf|Psychic|p1b: Primarina
|-supereffective|p1b: Primarina
|-damage|p1b: Primarina|0 fnt
|faint|p1b: Primarina
|
|win|cheesbuga
||grumblegoober is ready for game 3.
||cheesbuga is ready for game 3.
|uhtml|next|Next: Game 3 of 3
|l|☆grumblegoober
|player|p1|
