|j|☆Jakobtc
|j|☆AlexTrebekVGC
|html|JakobtcAlexTrebekVGC    
|uhtml|bestof|Game 2 of a best-of-3
|t:|1756699569
|gametype|doubles
|player|p1|Jakobtc|riley|1182
|player|p2|AlexTrebekVGC|266|1123
|gen|9
|tier|[Gen 9] VGC 2025 Reg H (Bo3)
|rated|
|rule|Species Clause: Limit one of each Pokémon
|rule|Item Clause: Limit 1 of each item
|clearpoke
|poke|p1|Archaludon, L50, M|
|poke|p1|Incineroar, L50, M|
|poke|p1|Porygon2, L50|
|poke|p1|Ursaluna, L50, F|
|poke|p1|Sneasler, L50, F|
|poke|p1|Kilowattrel, L50, M|
|poke|p2|Pelipper, L50, M|
|poke|p2|Basculegion, L50, M|
|poke|p2|Amoonguss, L50, F|
|poke|p2|Archaludon, L50, F|
|poke|p2|Greninja-*, L50, F|
|poke|p2|Annihilape, L50, M|
|teampreview|4
|showteam|p1|Archaludon||PowerHerb|Stalwart|ElectroShot,DragonPulse,Thunderbolt,Protect|||M|||50|,,,,,Electric]Incineroar||SafetyGoggles|Intimidate|FakeOut,FlareBlitz,KnockOff,PartingShot|||M|||50|,,,,,Bug]Porygon2||Eviolite|Download|TeraBlast,IceBeam,Recover,TrickRoom||||||50|,,,,,Flying]Ursaluna||FlameOrb|Guts|Facade,HeadlongRush,Earthquake,Protect|||F|||50|,,,,,Ghost]Sneasler||WhiteHerb|Unburden|DireClaw,CloseCombat,Taunt,Protect|||F|||50|,,,,,Stellar]Kilowattrel||FocusSash|Competitive|Thunderbolt,AirSlash,Tailwind,Protect|||M|||50|,,,,,Ghost
|showteam|p2|Pelipper||FocusSash|Drizzle|WeatherBall,Hurricane,Tailwind,WideGuard|||M|||50|,,,,,Stellar]Basculegion||ChoiceBand|SwiftSwim|WaveCrash,FlipTurn,LastRespects,AquaJet|||M|||50|,,,,,Grass]Amoonguss||SitrusBerry|Regenerator|Spore,RagePowder,PollenPuff,ClearSmog|||F|||50|,,,,,Dark]Archaludon||AssaultVest|Stamina|DragonPulse,FlashCannon,ElectroShot,BodyPress|||F|||50|,,,,,Grass]Greninja||LoadedDice|Torrent|WaterShuriken,Protect,Taunt,RainDance|||F|||50|,,,,,Ghost]Annihilape||ChoiceScarf|Defiant|CloseCombat,RageFist,Uturn,FinalGambit|||M|||50|,,,,,Grass
|inactive|Battle timer is ON: inactive players will automatically lose when time's up. (requested by Jakobtc)
|
|t:|1756699617
|teamsize|p1|4
|teamsize|p2|4
|start
|switch|p1a: Kilowattrel|Kilowattrel, L50, M|100/100
|switch|p1b: Archaludon|Archaludon, L50, M, shiny|100/100
|switch|p2a: Greninja|Greninja, L50, F|100/100
|switch|p2b: Archaludon|Archaludon, L50, F|100/100
|turn|1
|
|t:|1756699632
|move|p1a: Kilowattrel|Tailwind|p1a: Kilowattrel
|-sidestart|p1: Jakobtc|move: Tailwind
|move|p1b: Archaludon|Electro Shot||[still]
|-prepare|p1b: Archaludon|Electro Shot
|-boost|p1b: Archaludon|spa|1
|-enditem|p1b: Archaludon|Power Herb
|-anim|p1b: Archaludon|Electro Shot|p2a: Greninja
|-supereffective|p2a: Greninja
|-damage|p2a: Greninja|0 fnt
|faint|p2a: Greninja
|move|p2b: Archaludon|Body Press|p1b: Archaludon
|-supereffective|p1b: Archaludon
|-damage|p1b: Archaludon|66/100
|
|upkeep
|
|t:|1756699649
|switch|p2a: Amoonguss|Amoonguss, L50, F, shiny|100/100
|turn|2
|inactive|AlexTrebekVGC has 30 seconds left.
|
|t:|1756699675
|-terastallize|p2a: Amoonguss|Dark
|move|p1a: Kilowattrel|Air Slash|p2a: Amoonguss
|-damage|p2a: Amoonguss|73/100
|move|p1b: Archaludon|Dragon Pulse|p2a: Amoonguss
|-damage|p2a: Amoonguss|15/100
|-enditem|p2a: Amoonguss|Sitrus Berry|[eat]
|-heal|p2a: Amoonguss|39/100|[from] item: Sitrus Berry
|move|p2b: Archaludon|Body Press|p1b: Archaludon
|-supereffective|p1b: Archaludon
|-damage|p1b: Archaludon|33/100
|move|p2a: Amoonguss|Spore|p1a: Kilowattrel
|-status|p1a: Kilowattrel|slp|[from] move: Spore
|
|upkeep
|turn|3
|
|t:|1756699699
|switch|p2a: Pelipper|Pelipper, L50, M|100/100
|-weather|RainDance|[from] ability: Drizzle|[of] p2a: Pelipper
|cant|p1a: Kilowattrel|slp
|move|p1b: Archaludon|Protect|p1b: Archaludon
|-singleturn|p1b: Archaludon|Protect
|move|p2b: Archaludon|Electro Shot||[still]
|-prepare|p2b: Archaludon|Electro Shot
|-boost|p2b: Archaludon|spa|1
|-anim|p2b: Archaludon|Electro Shot|p1b: Archaludon
|-activate|p1b: Archaludon|move: Protect
|
|-weather|RainDance|[upkeep]
|upkeep
|turn|4
|inactive|Jakobtc has 30 seconds left.
|
|t:|1756699725
|switch|p2a: Amoonguss|Amoonguss, L50, F, shiny, tera:Dark|72/100
|-curestatus|p1a: Kilowattrel|slp|[msg]
|move|p1a: Kilowattrel|Thunderbolt|p2a: Amoonguss
|-damage|p2a: Amoonguss|40/100
|-status|p2a: Amoonguss|par
|move|p1b: Archaludon|Dragon Pulse|p2b: Archaludon
|-damage|p2b: Archaludon|57/100
|-ability|p2b: Archaludon|Stamina|boost
|-boost|p2b: Archaludon|def|1
|move|p2b: Archaludon|Dragon Pulse|p1b: Archaludon
|-damage|p1b: Archaludon|0 fnt
|faint|p1b: Archaludon
|
|-weather|RainDance|[upkeep]
|-sideend|p1: Jakobtc|move: Tailwind
|upkeep
|
|t:|1756699739
|switch|p1b: Sneasler|Sneasler, L50, F|100/100
|turn|5
|inactive|AlexTrebekVGC has 30 seconds left.
|inactive|Jakobtc has 30 seconds left.
|inactive|Jakobtc has 20 seconds left.
|inactive|Jakobtc has 15 seconds left.
|inactive|Jakobtc has 10 seconds left.
|inactive|Jakobtc has 5 seconds left.
|
|t:|1756699796
|move|p1a: Kilowattrel|Protect|p1a: Kilowattrel
|-singleturn|p1a: Kilowattrel|Protect
|move|p2a: Amoonguss|Rage Powder|p2a: Amoonguss
|-singleturn|p2a: Amoonguss|move: Rage Powder
|move|p1b: Sneasler|Taunt|p2a: Amoonguss
|-start|p2a: Amoonguss|move: Taunt
|move|p2b: Archaludon|Electro Shot||[still]
|-prepare|p2b: Archaludon|Electro Shot
|-boost|p2b: Archaludon|spa|1
|-anim|p2b: Archaludon|Electro Shot|p1b: Sneasler
|-damage|p1b: Sneasler|2/100
|
|-weather|RainDance|[upkeep]
|upkeep
|turn|6
|
|t:|1756699818
|-terastallize|p1b: Sneasler|Stellar
|move|p1a: Kilowattrel|Thunderbolt|p2b: Archaludon
|-resisted|p2b: Archaludon
|-damage|p2b: Archaludon|43/100
|-ability|p2b: Archaludon|Stamina|boost
|-boost|p2b: Archaludon|def|1
|move|p1b: Sneasler|Close Combat|p2b: Archaludon
|-supereffective|p2b: Archaludon
|-damage|p2b: Archaludon|0 fnt
|-unboost|p1b: Sneasler|def|1
|-unboost|p1b: Sneasler|spd|1
|faint|p2b: Archaludon
|-enditem|p1b: Sneasler|White Herb
|-clearnegativeboost|p1b: Sneasler|[silent]
|move|p2a: Amoonguss|Pollen Puff|p2: Archaludon|[notarget]
|-fail|p2a: Amoonguss
|
|-weather|RainDance|[upkeep]
|upkeep
|
|t:|1756699836
|switch|p2b: Pelipper|Pelipper, L50, M|100/100
|turn|7
|
|t:|1756699851
|move|p1b: Sneasler|Close Combat|p2a: Amoonguss
|-supereffective|p2a: Amoonguss
|-damage|p2a: Amoonguss|0 fnt
|-unboost|p1b: Sneasler|def|1
|-unboost|p1b: Sneasler|spd|1
|faint|p2a: Amoonguss
|move|p1a: Kilowattrel|Thunderbolt|p2b: Pelipper
|-supereffective|p2b: Pelipper
|-enditem|p2b: Pelipper|Focus Sash
|-damage|p2b: Pelipper|1/100
|move|p2b: Pelipper|Weather Ball|p1a: Kilowattrel
|-enditem|p1a: Kilowattrel|Focus Sash
|-damage|p1a: Kilowattrel|1/100
|
|-weather|none
|upkeep
|turn|8
|c|☆AlexTrebekVGC|Ggs
|c|☆Jakobtc|gg
|inactive|AlexTrebekVGC has 30 seconds left.
|inactive|AlexTrebekVGC has 20 seconds left.
|c|☆AlexTrebekVGC|water shuriken is priority
|c|☆Jakobtc|how did you move faster in tailwind in game 1?
|inactive|AlexTrebekVGC has 15 seconds left.
|c|☆Jakobtc|ohhhhhhhhhh
|inactive|AlexTrebekVGC has 10 seconds left.
|inactive|AlexTrebekVGC has 5 seconds left.
|
|t:|1756699906
|move|p1b: Sneasler|Dire Claw|p2b: Pelipper
|-damage|p2b: Pelipper|0 fnt
|faint|p2b: Pelipper
|
|win|Jakobtc
|raw|Jakobtc's rating: 1182 → 1203(+21 for winning)
|raw|AlexTrebekVGC's rating: 1123 → 1102(-21 for losing)
|l|☆AlexTrebekVGC
|player|p2|
|c|☆Jakobtc|i see i didn't know that huh
