|j|☆secureabag
|j|☆jowemama
|html|secureabagjowemama    
|uhtml|bestof|Game 2 of a best-of-3
|t:|1756655171
|gametype|doubles
|player|p1|secureabag|2|1061
|player|p2|jowemama|scientistf|1154
|gen|9
|tier|[Gen 9] VGC 2025 Reg H (Bo3)
|rated|
|rule|Species Clause: Limit one of each Pokémon
|rule|Item Clause: Limit 1 of each item
|clearpoke
|poke|p1|Politoed, L50, M|
|poke|p1|Gothitelle, L50, M|
|poke|p1|Incineroar, L50, F|
|poke|p1|Amoonguss, L50, F|
|poke|p1|Kingdra, L50, M|
|poke|p1|Archaludon, L50, M|
|poke|p2|Pelipper, L50, M|
|poke|p2|Archaludon, L50, M|
|poke|p2|Dragonite, L50, F|
|poke|p2|Incineroar, L50, M|
|poke|p2|Ursaluna, L50, F|
|poke|p2|Sinistcha, L50|
|teampreview|4
|showteam|p1|Politoed||Leftovers|Drizzle|Protect,WeatherBall,PerishSong,Encore|||M|||50|,,,,,Grass]Gothitelle||SitrusBerry|ShadowTag|Protect,Psychic,FakeOut,TrickRoom|||M|||50|,,,,,Dark]Incineroar||SafetyGoggles|Intimidate|Protect,KnockOff,FakeOut,PartingShot|||F|||50|,,,,,Ghost]Amoonguss||EjectButton|Regenerator|Protect,RagePowder,PollenPuff,Spore|||F|||50|,,,,,Fairy]Kingdra||LifeOrb|SwiftSwim|Protect,WeatherBall,DracoMeteor,MuddyWater|||M|||50|,,,,,Stellar]Archaludon||PowerHerb|Sturdy|Protect,ElectroShot,DragonPulse,FlashCannon|||M|||50|,,,,,Electric
|showteam|p2|Pelipper||FocusSash|Drizzle|WeatherBall,Hurricane,Tailwind,Protect|||M|||50|,,,,,Ghost]Archaludon||AssaultVest|Stamina|FlashCannon,ElectroShot,BodyPress,Snarl|||M|||50|,,,,,Bug]Dragonite||LoadedDice|Multiscale|ScaleShot,Tailwind,Haze,Protect|||F|||50|,,,,,Fairy]Incineroar||SafetyGoggles|Intimidate|KnockOff,WillOWisp,PartingShot,FakeOut|||M|||50|,,,,,Bug]Ursaluna||FlameOrb|Guts|Facade,HeadlongRush,Earthquake,Protect|||F|||50|,,,,,Ghost]Sinistcha||SitrusBerry|Hospitality|MatchaGotcha,LifeDew,RagePowder,TrickRoom||||||50|,,,,,Dark
|inactive|Battle timer is ON: inactive players will automatically lose when time's up. (requested by jowemama)
|
|t:|1756655199
|teamsize|p1|4
|teamsize|p2|4
|start
|switch|p1a: Politoed|Politoed, L50, M|100/100
|switch|p1b: Kingdra|Kingdra, L50, M|100/100
|switch|p2a: Incineroar|Incineroar, L50, M|100/100
|switch|p2b: Ursaluna|Ursaluna, L50, F|100/100
|-ability|p2a: Incineroar|Intimidate|boost
|-unboost|p1a: Politoed|atk|1
|-unboost|p1b: Kingdra|atk|1
|-weather|RainDance|[from] ability: Drizzle|[of] p1a: Politoed
|turn|1
|inactive|jowemama has 30 seconds left.
|
|t:|1756655229
|-terastallize|p2b: Ursaluna|Ghost
|move|p2a: Incineroar|Fake Out|p1b: Kingdra
|-damage|p1b: Kingdra|87/100
|cant|p1b: Kingdra|flinch
|move|p1a: Politoed|Weather Ball|p2a: Incineroar
|-supereffective|p2a: Incineroar
|-damage|p2a: Incineroar|4/100
|move|p2b: Ursaluna|Headlong Rush|p1a: Politoed
|-damage|p1a: Politoed|20/100
|-unboost|p2b: Ursaluna|def|1
|-unboost|p2b: Ursaluna|spd|1
|
|-weather|RainDance|[upkeep]
|-heal|p1a: Politoed|26/100|[from] item: Leftovers
|-status|p2b: Ursaluna|brn|[from] item: Flame Orb
|upkeep
|turn|2
|
|t:|1756655254
|switch|p2a: Sinistcha|Sinistcha, L50|100/100
|move|p1a: Politoed|Protect|p1a: Politoed
|-singleturn|p1a: Politoed|Protect
|move|p2b: Ursaluna|Protect|p2b: Ursaluna
|-singleturn|p2b: Ursaluna|Protect
|move|p1b: Kingdra|Muddy Water|p2a: Sinistcha|[spread] p2a
|-activate|p2b: Ursaluna|move: Protect
|-resisted|p2a: Sinistcha
|-damage|p2a: Sinistcha|74/100
|-damage|p1b: Kingdra|77/100|[from] item: Life Orb
|
|-weather|RainDance|[upkeep]
|-heal|p1a: Politoed|32/100|[from] item: Leftovers
|-damage|p2b: Ursaluna|95/100 brn|[from] brn
|upkeep
|turn|3
|inactive|secureabag has 30 seconds left.
|inactive|jowemama has 30 seconds left.
|
|t:|1756655287
|switch|p1a: Archaludon|Archaludon, L50, M|100/100
|switch|p2b: Incineroar|Incineroar, L50, M|4/100
|-ability|p2b: Incineroar|Intimidate|boost
|-unboost|p1a: Archaludon|atk|1
|-unboost|p1b: Kingdra|atk|1
|-terastallize|p1b: Kingdra|Stellar
|move|p1b: Kingdra|Weather Ball|p2b: Incineroar
|-supereffective|p2b: Incineroar
|-damage|p2b: Incineroar|0 fnt
|faint|p2b: Incineroar
|-damage|p1b: Kingdra|67/100|[from] item: Life Orb
|move|p2a: Sinistcha|Trick Room|p2a: Sinistcha
|-fieldstart|move: Trick Room|[of] p2a: Sinistcha
|
|-weather|RainDance|[upkeep]
|upkeep
|
|t:|1756655301
|switch|p2b: Ursaluna|Ursaluna, L50, F, tera:Ghost|95/100 brn
|turn|4
|
|t:|1756655320
|move|p1a: Archaludon|Protect|p1a: Archaludon
|-singleturn|p1a: Archaludon|Protect
|move|p2a: Sinistcha|Rage Powder|p2a: Sinistcha
|-singleturn|p2a: Sinistcha|move: Rage Powder
|move|p2b: Ursaluna|Earthquake|p1b: Kingdra|[spread] p2a,p1b
|-activate|p1a: Archaludon|move: Protect
|-resisted|p2a: Sinistcha
|-damage|p2a: Sinistcha|42/100
|-damage|p1b: Kingdra|0 fnt
|-enditem|p2a: Sinistcha|Sitrus Berry|[eat]
|-heal|p2a: Sinistcha|66/100|[from] item: Sitrus Berry
|faint|p1b: Kingdra
|
|-weather|RainDance|[upkeep]
|-damage|p2b: Ursaluna|89/100 brn|[from] brn
|upkeep
|
|t:|1756655335
|switch|p1b: Gothitelle|Gothitelle, L50, M|100/100
|turn|5
|
|t:|1756655348
|switch|p2a: Dragonite|Dragonite, L50, F|100/100
|move|p2b: Ursaluna|Earthquake|p1b: Gothitelle|[spread] p1a,p1b
|-immune|p2a: Dragonite
|-supereffective|p1a: Archaludon
|-ability|p1a: Archaludon|Sturdy
|-damage|p1a: Archaludon|1/100
|-damage|p1b: Gothitelle|37/100
|-enditem|p1b: Gothitelle|Sitrus Berry|[eat]
|-heal|p1b: Gothitelle|62/100|[from] item: Sitrus Berry
|move|p1a: Archaludon|Dragon Pulse|p2b: Ursaluna
|-damage|p2b: Ursaluna|46/100 brn
|move|p1b: Gothitelle|Trick Room|p1b: Gothitelle
|-fieldend|move: Trick Room
|
|-weather|none
|-damage|p2b: Ursaluna|41/100 brn|[from] brn
|upkeep
|turn|6
|inactive|secureabag has 30 seconds left.
|
|t:|1756655374
|switch|p1b: Politoed|Politoed, L50, M|32/100
|-weather|RainDance|[from] ability: Drizzle|[of] p1b: Politoed
|move|p2b: Ursaluna|Protect|p2b: Ursaluna
|-singleturn|p2b: Ursaluna|Protect
|move|p1a: Archaludon|Dragon Pulse|p2a: Dragonite
|-supereffective|p2a: Dragonite
|-damage|p2a: Dragonite|55/100
|move|p2a: Dragonite|Tailwind|p2a: Dragonite
|-sidestart|p2: jowemama|move: Tailwind
|
|-weather|RainDance|[upkeep]
|-heal|p1b: Politoed|38/100|[from] item: Leftovers
|-damage|p2b: Ursaluna|35/100 brn|[from] brn
|upkeep
|turn|7
|
|t:|1756655389
|move|p2a: Dragonite|Scale Shot|p1b: Politoed
|-damage|p1b: Politoed|23/100
|-damage|p1b: Politoed|7/100
|-damage|p1b: Politoed|0 fnt
|faint|p1b: Politoed
|-hitcount|p1: Politoed|3
|-unboost|p2a: Dragonite|def|1
|-boost|p2a: Dragonite|spe|1
|move|p2b: Ursaluna|Earthquake|p1a: Archaludon|[spread] p1a
|-immune|p2a: Dragonite
|-supereffective|p1a: Archaludon
|-damage|p1a: Archaludon|0 fnt
|faint|p1a: Archaludon
|
|-weather|RainDance|[upkeep]
|-damage|p2b: Ursaluna|29/100 brn|[from] brn
|upkeep
|
|t:|1756655393
|switch|p1b: Gothitelle|Gothitelle, L50, M|62/100
|turn|8
|-message|secureabag forfeited.
|
|win|jowemama
|l|☆secureabag
|player|p1|
||secureabag is ready for game 3.
||jowemama is ready for game 3.
|uhtml|next|Next: Game 3 of 3
