|j|☆SHyperdestroyerVGC
|j|☆annoptan
|html|SHyperdestroyerVGCannoptan    
|uhtml|bestof|Game 2 of a best-of-3
|t:|1785052794
|gametype|doubles
|player|p1|SHyperdestroyerVGC|lady|1184
|player|p2|annoptan|1|1140
|gen|9
|tier|[Gen 9 Champions] VGC 2026 Reg M-B (Bo3)
|rated|
|rule|Species Clause: Limit one of each Pokémon
|rule|Item Clause: Limit 1 of each item
|clearpoke
|poke|p1|Froslass, L50, F|
|poke|p1|Kingambit, L50, F|
|poke|p1|Sneasler, L50, F|
|poke|p1|Talonflame, L50, M|
|poke|p1|Garchomp, L50, M|
|poke|p1|Sinistcha, L50|
|poke|p2|Gengar, L50, M|
|poke|p2|Archaludon, L50, M|
|poke|p2|Politoed, L50, F|
|poke|p2|Swampert, L50, F|
|poke|p2|Vivillon-Fancy, L50, M|
|poke|p2|Incineroar, L50, F|
|teampreview|4
|showteam|p1|Froslass||Froslassite|SnowCloak|Blizzard,AuroraVeil,ShadowBall,Protect|Timid||F|||50|]Kingambit||BlackGlasses|Defiant|KowtowCleave,SuckerPunch,LowKick,Protect|Adamant||F|||50|]Sneasler||WhiteHerb|Unburden|FakeOut,CloseCombat,DireClaw,Protect|Adamant||F|||50|]Talonflame||FocusSash|GaleWings|DualWingbeat,FlareBlitz,Tailwind,Protect|Jolly||M|||50|]Garchomp||LifeOrb|RoughSkin|DragonClaw,Earthquake,RockSlide,Protect|Jolly||M|||50|]Sinistcha||CobaBerry|Hospitality|MatchaGotcha,TrickRoom,RagePowder,Protect|Calm|||||50|
|showteam|p2|Gengar||Gengarite|CursedBody|ShadowBall,SludgeBomb,PerishSong,Protect|Modest||M|||50|]Archaludon||Leftovers|Stamina|ElectroShot,DragonPulse,FlashCannon,Protect|Bold||M|||50|]Politoed||SitrusBerry|Drizzle|WeatherBall,Hypnosis,PerishSong,Protect|Calm||F|||50|]Swampert||Swampertite|Torrent|Earthquake,WaveCrash,IcePunch,Protect|Adamant||F|||50|]Vivillon-Fancy||FocusSash|CompoundEyes|Hurricane,SleepPowder,RagePowder,Protect|Timid||M|||50|]Incineroar||PasshoBerry|Intimidate|ThroatChop,FakeOut,PartingShot,Protect|Impish||F|||50|
|inactive|Battle timer is ON: inactive players will automatically lose when time's up. (requested by annoptan)
|
|t:|1785052811
|teamsize|p1|4
|teamsize|p2|4
|start
|switch|p1a: Froslass|Froslass, L50, F|100/100
|switch|p1b: Sinistcha|Sinistcha, L50|100/100
|switch|p2a: Swampert|Swampert, L50, F|100/100
|switch|p2b: Vivillon|Vivillon-Fancy, L50, M|100/100
|turn|1
|
|t:|1785052831
|detailschange|p1a: Froslass|Froslass-Mega, L50, F
|-mega|p1a: Froslass|Froslass|Froslassite
|-weather|Snowscape|[from] ability: Snow Warning|[of] p1a: Froslass
|detailschange|p2a: Swampert|Swampert-Mega, L50, F
|-mega|p2a: Swampert|Swampert|Swampertite
|move|p2b: Vivillon|Protect|p2b: Vivillon
|-singleturn|p2b: Vivillon|Protect
|move|p2a: Swampert|Protect|p2a: Swampert
|-singleturn|p2a: Swampert|Protect
|move|p1b: Sinistcha|Rage Powder|p1b: Sinistcha
|-singleturn|p1b: Sinistcha|move: Rage Powder
|move|p1a: Froslass|Blizzard|p2a: Swampert|[spread] 
|-activate|p2a: Swampert|move: Protect
|-activate|p2b: Vivillon|move: Protect
|
|-weather|Snowscape|[upkeep]
|upkeep
|turn|2
|
|t:|1785052848
|switch|p2a: Politoed|Politoed, L50, F|100/100
|-weather|RainDance|[from] ability: Drizzle|[of] p2a: Politoed
|move|p1a: Froslass|Protect|p1a: Froslass
|-singleturn|p1a: Froslass|Protect
|move|p2b: Vivillon|Hurricane|p1b: Sinistcha
|-supereffective|p1b: Sinistcha|1
|-enditem|p1b: Sinistcha|Coba Berry|[eat]
|-enditem|p1b: Sinistcha|Coba Berry|[weaken]
|-damage|p1b: Sinistcha|61/100
|move|p1b: Sinistcha|Matcha Gotcha|p2b: Vivillon|[spread] p2a,p2b
|-supereffective|p2a: Politoed|1
|-resisted|p2b: Vivillon|2
|-damage|p2a: Politoed|66/100
|-heal|p1b: Sinistcha|79/100|[from] drain|[of] p2a: Politoed
|-damage|p2b: Vivillon|87/100
|-heal|p1b: Sinistcha|85/100|[from] drain|[of] p2b: Vivillon
|
|-weather|RainDance|[upkeep]
|upkeep
|turn|3
|inactive|annoptan has 30 seconds left.
|
|t:|1785052876
|switch|p1a: Garchomp|Garchomp, L50, M|100/100
|switch|p2a: Archaludon|Archaludon, L50, M|100/100
|move|p1b: Sinistcha|Protect|p1b: Sinistcha
|-singleturn|p1b: Sinistcha|Protect
|move|p2b: Vivillon|Hurricane|p1b: Sinistcha
|-activate|p1b: Sinistcha|move: Protect
|
|-weather|RainDance|[upkeep]
|upkeep
|turn|4
|
|t:|1785052897
|switch|p1a: Sneasler|Sneasler, L50, F|100/100
|switch|p1b: Froslass|Froslass-Mega, L50, F|100/100
|-weather|Snowscape|[from] ability: Snow Warning|[of] p1b: Froslass
|move|p2b: Vivillon|Protect|p2b: Vivillon
|-singleturn|p2b: Vivillon|Protect
|move|p2a: Archaludon|Dragon Pulse|p1a: Sneasler
|-damage|p1a: Sneasler|54/100
|
|-weather|Snowscape|[upkeep]
|upkeep
|turn|5
|inactive|annoptan has 30 seconds left.
|
|t:|1785052924
|switch|p1b: Sinistcha|Sinistcha, L50|85/100
|-heal|p1a: Sneasler|78/100|[from] ability: Hospitality|[of] p1b: Sinistcha
|move|p2a: Archaludon|Protect|p2a: Archaludon
|-singleturn|p2a: Archaludon|Protect
|move|p1a: Sneasler|Close Combat|p2a: Archaludon
|-activate|p2a: Archaludon|move: Protect
|move|p2b: Vivillon|Hurricane|p1a: Sneasler
|-supereffective|p1a: Sneasler|1
|-damage|p1a: Sneasler|0 fnt
|faint|p1a: Sneasler
|
|-weather|Snowscape|[upkeep]
|upkeep
|
|t:|1785052935
|switch|p1a: Froslass|Froslass-Mega, L50, F|100/100
|turn|6
|
|t:|1785052947
|switch|p2b: Politoed|Politoed, L50, F|66/100
|-weather|RainDance|[from] ability: Drizzle|[of] p2b: Politoed
|switch|p1b: Garchomp|Garchomp, L50, M|100/100
|move|p1a: Froslass|Blizzard|p2a: Archaludon|[spread] p2a,p2b
|-resisted|p2b: Politoed|1
|-damage|p2a: Archaludon|57/100
|-damage|p2b: Politoed|51/100
|-ability|p2a: Archaludon|Stamina|boost
|-boost|p2a: Archaludon|def|1
|move|p2a: Archaludon|Electro Shot||[still]
|-prepare|p2a: Archaludon|Electro Shot
|-boost|p2a: Archaludon|spa|1
|-anim|p2a: Archaludon|Electro Shot|p1a: Froslass
|-damage|p1a: Froslass|37/100
|
|-weather|RainDance|[upkeep]
|-heal|p2a: Archaludon|63/100|[from] item: Leftovers
|upkeep
|turn|7
|inactive|annoptan has 30 seconds left.
|inactive|annoptan has 20 seconds left.
|
|t:|1785052985
|switch|p1a: Sinistcha|Sinistcha, L50|85/100
|switch|p2b: Swampert|Swampert-Mega, L50, F|100/100
|move|p2a: Archaludon|Protect|p2a: Archaludon
|-singleturn|p2a: Archaludon|Protect
|move|p1b: Garchomp|Earthquake|p2b: Swampert|[spread] p1a,p2b
|-activate|p2a: Archaludon|move: Protect
|-resisted|p1a: Sinistcha|1
|-damage|p1a: Sinistcha|65/100
|-damage|p2b: Swampert|53/100
|-damage|p1b: Garchomp|90/100|[from] item: Life Orb
|
|-weather|RainDance|[upkeep]
|-heal|p2a: Archaludon|69/100|[from] item: Leftovers
|upkeep
|turn|8
|
|t:|1785053005
|switch|p2b: Vivillon|Vivillon-Fancy, L50, M|87/100
|move|p1b: Garchomp|Protect|p1b: Garchomp
|-singleturn|p1b: Garchomp|Protect
|move|p2a: Archaludon|Dragon Pulse|p1b: Garchomp
|-activate|p1b: Garchomp|move: Protect
|move|p1a: Sinistcha|Matcha Gotcha|p2b: Vivillon|[spread] p2a,p2b
|-resisted|p2a: Archaludon|2
|-resisted|p2b: Vivillon|2
|-damage|p2a: Archaludon|63/100
|-heal|p1a: Sinistcha|68/100|[from] drain|[of] p2a: Archaludon
|-damage|p2b: Vivillon|76/100
|-heal|p1a: Sinistcha|73/100|[from] drain|[of] p2b: Vivillon
|-ability|p2a: Archaludon|Stamina|boost
|-boost|p2a: Archaludon|def|1
|
|-weather|RainDance|[upkeep]
|-heal|p2a: Archaludon|70/100|[from] item: Leftovers
|upkeep
|turn|9
|c|☆SHyperdestroyerVGC|gg
|c|☆SHyperdestroyerVGC|I'm so bad
|-message|SHyperdestroyerVGC forfeited.
|
|win|annoptan
|raw|SHyperdestroyerVGC's rating: 1184 → 1156(-28 for losing)
|raw|annoptan's rating: 1140 → 1168(+28 for winning)
|l|☆annoptan
|player|p2|
