|j|☆ULYSSEMAGERANGS
|j|☆Not_Paint
|html|ULYSSEMAGERANGSNot_Paint    
|uhtml|bestof|Game 2 of a best-of-3
|t:|1785270553
|gametype|doubles
|player|p1|ULYSSEMAGERANGS|cynthia-gen4|1112
|player|p2|Not_Paint|yellow|1182
|gen|9
|tier|[Gen 9 Champions] VGC 2026 Reg M-B (Bo3)
|rated|
|rule|Species Clause: Limit one of each Pokémon
|rule|Item Clause: Limit 1 of each item
|clearpoke
|poke|p1|Grimmsnarl, L50, M, shiny|
|poke|p1|Garchomp, L50, M, shiny|
|poke|p1|Metagross, L50, shiny|
|poke|p1|Incineroar, L50, M, shiny|
|poke|p1|Charizard, L50, M, shiny|
|poke|p1|Sylveon, L50, F, shiny|
|poke|p2|Raichu, L50, F|
|poke|p2|Vivillon, L50, M|
|poke|p2|Typhlosion-Hisui, L50, M|
|poke|p2|Torkoal, L50, M|
|poke|p2|Blaziken, L50, F|
|poke|p2|Venusaur, L50, M|
|teampreview|4
|showteam|p1|Grimmsnarl||LightClay|Prankster|LightScreen,Reflect,SpiritBreak,FoulPlay|Careful||M|||50|]Garchomp||Garchompite|RoughSkin|DragonClaw,Earthquake,StompingTantrum,RockSlide|Adamant||M|||50|]Metagross||Metagrossite|ClearBody|BodyPress,IcePunch,IronHead,PsychicFangs|Jolly|||||50|]Incineroar||PasshoBerry|Intimidate|FakeOut,FlareBlitz,DarkestLariat,CloseCombat|Adamant||M|||50|]Charizard||CharizarditeY|Blaze|Flamethrower,HeatWave,Hurricane,SolarBeam|Modest||M|||50|]Sylveon||LifeOrb|Pixilate|HyperVoice,Moonblast,HyperBeam,Protect|Modest||F|||50|
|showteam|p2|Raichu||RaichuniteY|LightningRod|ZapCannon,FocusBlast,FakeOut,Protect|Timid||F|||50|]Vivillon||FocusSash|CompoundEyes|Hurricane,RagePowder,Tailwind,Protect|Timid||M|||50|]Typhlosion-Hisui||ChoiceScarf|Blaze|Eruption,HeatWave,InfernalParade,Extrasensory|Timid||M|||50|]Torkoal||Charcoal|Drought|Eruption,WeatherBall,EarthPower,Protect|Modest||M|||50|]Blaziken||Blazikenite|SpeedBoost|CloseCombat,FlareBlitz,RockSlide,Protect|Adamant||F|||50|]Venusaur||LifeOrb|Chlorophyll|EnergyBall,SludgeBomb,SleepPowder,Protect|Modest||M|||50|
|inactive|Battle timer is ON: inactive players will automatically lose when time's up. (requested by ULYSSEMAGERANGS)
|inactive|Not_Paint has 60 seconds left.
|
|t:|1785270594
|teamsize|p1|4
|teamsize|p2|4
|start
|switch|p1a: Grimmsnarl|Grimmsnarl, L50, M, shiny|100/100
|switch|p1b: Sylveon|Sylveon, L50, F, shiny|100/100
|switch|p2a: Raichu|Raichu, L50, F|100/100
|switch|p2b: Typhlosion|Typhlosion-Hisui, L50, M|100/100
|turn|1
|
|t:|1785270605
|detailschange|p2a: Raichu|Raichu-Mega-Y, L50, F
|-mega|p2a: Raichu|Raichu|Raichunite Y
|move|p1b: Sylveon|Protect|p1b: Sylveon
|-singleturn|p1b: Sylveon|Protect
|move|p2a: Raichu|Fake Out|p1a: Grimmsnarl
|-damage|p1a: Grimmsnarl|89/100
|cant|p1a: Grimmsnarl|flinch
|move|p2b: Typhlosion|Eruption|p1a: Grimmsnarl|[spread] p1a
|-activate|p1b: Sylveon|move: Protect
|-damage|p1a: Grimmsnarl|47/100
|
|upkeep
|turn|2
|
|t:|1785270617
|move|p1a: Grimmsnarl|Light Screen|p1a: Grimmsnarl
|-sidestart|p1: ULYSSEMAGERANGS|move: Light Screen
|move|p2b: Typhlosion|Eruption|p1b: Sylveon|[spread] p1a,p1b
|-damage|p1a: Grimmsnarl|20/100y
|-damage|p1b: Sylveon|75/100
|move|p2a: Raichu|Zap Cannon|p1b: Sylveon
|-damage|p1b: Sylveon|44/100
|-status|p1b: Sylveon|par
|move|p1b: Sylveon|Moonblast|p2a: Raichu
|-damage|p2a: Raichu|2/100
|-damage|p1b: Sylveon|34/100 par|[from] item: Life Orb
|
|upkeep
|turn|3
|
|t:|1785270634
|move|p2a: Raichu|Protect|p2a: Raichu
|-singleturn|p2a: Raichu|Protect
|move|p1b: Sylveon|Protect|p1b: Sylveon
|-singleturn|p1b: Sylveon|Protect
|move|p1a: Grimmsnarl|Reflect|p1a: Grimmsnarl
|-sidestart|p1: ULYSSEMAGERANGS|Reflect
|move|p2b: Typhlosion|Eruption|p1b: Sylveon|[spread] p1a
|-activate|p1b: Sylveon|move: Protect
|-damage|p1a: Grimmsnarl|0 fnt
|faint|p1a: Grimmsnarl
|
|upkeep
|
|t:|1785270642
|switch|p1a: Incineroar|Incineroar, L50, M, shiny|100/100
|-ability|p1a: Incineroar|Intimidate|boost
|-unboost|p2a: Raichu|atk|1
|-unboost|p2b: Typhlosion|atk|1
|turn|4
|
|t:|1785270648
|switch|p2a: Blaziken|Blaziken, L50, F|100/100
|move|p2b: Typhlosion|Eruption|p1b: Sylveon|[spread] p1a,p1b
|-resisted|p1a: Incineroar|1
|-damage|p1a: Incineroar|83/100
|-damage|p1b: Sylveon|6/100 par
|move|p1a: Incineroar|Darkest Lariat|p2b: Typhlosion
|-supereffective|p2b: Typhlosion|1
|-damage|p2b: Typhlosion|0 fnt
|faint|p2b: Typhlosion
|move|p1b: Sylveon|Moonblast|p2a: Blaziken
|-damage|p2a: Blaziken|10/100
|-damage|p1b: Sylveon|0 fnt|[from] item: Life Orb
|faint|p1b: Sylveon
|
|upkeep
|j| soulmoonvgc
|
|t:|1785270669
|switch|p2b: Raichu|Raichu-Mega-Y, L50, F|2/100
|switch|p1b: Garchomp|Garchomp, L50, M, shiny|100/100
|turn|5
|
|t:|1785270685
|detailschange|p1b: Garchomp|Garchomp-Mega, L50, M, shiny
|-mega|p1b: Garchomp|Garchomp|Garchompite
|move|p2b: Raichu|Focus Blast|p1b: Garchomp
|-damage|p1b: Garchomp|64/100
|move|p1b: Garchomp|Stomping Tantrum|p2a: Blaziken
|-supereffective|p2a: Blaziken|1
|-crit|p2a: Blaziken
|-damage|p2a: Blaziken|0 fnt
|faint|p2a: Blaziken
|move|p1a: Incineroar|Darkest Lariat|p2b: Raichu
|-damage|p2b: Raichu|0 fnt
|faint|p2b: Raichu
|
|upkeep
|
|t:|1785270687
|switch|p2b: Torkoal|Torkoal, L50, M|100/100
|-weather|SunnyDay|[from] ability: Drought|[of] p2b: Torkoal
|turn|6
|-message|Not_Paint forfeited.
|
|win|ULYSSEMAGERANGS
|raw|ULYSSEMAGERANGS's rating: 1112 → 1142(+30 for winning)
|raw|Not_Paint's rating: 1182 → 1152(-30 for losing)
