|j|☆Lewis Hamilton Fan
|j|☆myshirtisdirty
|html|Lewis Hamilton Fanmyshirtisdirty    
|uhtml|bestof|Game 2 of a best-of-3
|t:|1783388497
|gametype|doubles
|player|p1|Lewis Hamilton Fan|benga|1154
|player|p2|myshirtisdirty|102|1244
|gen|9
|tier|[Gen 9 Champions] VGC 2026 Reg M-B (Bo3)
|rated|
|rule|Species Clause: Limit one of each Pokémon
|rule|Item Clause: Limit 1 of each item
|clearpoke
|poke|p1|Kingambit, L50, F|
|poke|p1|Incineroar, L50, F|
|poke|p1|Basculegion, L50, M|
|poke|p1|Garchomp, L50, F|
|poke|p1|Venusaur, L50, F|
|poke|p1|Floette-Eternal, L50, F|
|poke|p2|Aerodactyl, L50, M|
|poke|p2|Kingambit, L50, F, shiny|
|poke|p2|Milotic, L50, M|
|poke|p2|Garchomp, L50, M|
|poke|p2|Meganium, L50, M|
|poke|p2|Delphox, L50, M|
|teampreview|4
|showteam|p1|Kingambit||BlackGlasses|Defiant|KowtowCleave,SuckerPunch,IronHead,Protect|Adamant||F|||50|]Incineroar||SitrusBerry|Intimidate|FakeOut,PartingShot,FlareBlitz,ThroatChop|Careful||F|||50|]Basculegion||ChoiceScarf|Adaptability|LastRespects,AquaJet,WaveCrash,FlipTurn|Jolly||M|||50|]Garchomp||LifeOrb|RoughSkin|DragonClaw,Protect,StompingTantrum,RockSlide|Jolly||F|||50|]Venusaur||Venusaurite|Overgrow|Protect,SludgeBomb,EarthPower,GigaDrain|Modest||F|||50|]Floette-Eternal||Floettite|FlowerVeil|Protect,DazzlingGleam,Moonblast,CalmMind|Modest||F|||50|
|showteam|p2|Aerodactyl||FocusSash|Unnerve|PsychicFangs,RockSlide,Tailwind,Taunt|Jolly||M|||50|]Kingambit||BlackGlasses|Defiant|LowKick,SuckerPunch,KowtowCleave,IronHead|Adamant||F|||50|]Milotic||Leftovers|Competitive|MuddyWater,IceBeam,Scald,Protect|Modest||M|||50|]Garchomp||LifeOrb|RoughSkin|RockSlide,Earthquake,DragonClaw,Protect|Adamant||M|||50|]Meganium||Meganiumite|Overgrow|SolarBeam,DazzlingGleam,WeatherBall,Protect|Modest||M|||50|]Delphox||Delphoxite|Blaze|HeatWave,Psychic,NastyPlot,Protect|Timid||M|||50|
|inactive|Battle timer is ON: inactive players will automatically lose when time's up. (requested by Lewis Hamilton Fan)
|
|t:|1783388531
|teamsize|p1|4
|teamsize|p2|4
|start
|switch|p1a: Basculegion|Basculegion, L50, M|100/100
|switch|p1b: Incineroar|Incineroar, L50, F|100/100
|switch|p2a: Milotic|Milotic, L50, M|100/100
|switch|p2b: Aerodactyl|Aerodactyl, L50, M|100/100
|-ability|p2b: Aerodactyl|Unnerve
|-ability|p1b: Incineroar|Intimidate|boost
|-unboost|p2a: Milotic|atk|1
|-ability|p2a: Milotic|Competitive|boost
|-boost|p2a: Milotic|spa|2
|-unboost|p2b: Aerodactyl|atk|1
|turn|1
|
|t:|1783388553
|move|p1b: Incineroar|Fake Out|p2b: Aerodactyl
|-resisted|p2b: Aerodactyl|1
|-damage|p2b: Aerodactyl|91/100
|move|p1a: Basculegion|Wave Crash|p2b: Aerodactyl
|-supereffective|p2b: Aerodactyl|1
|-damage|p2b: Aerodactyl|0 fnt
|faint|p2b: Aerodactyl
|-damage|p1a: Basculegion|76/100|[from] Recoil
|move|p2a: Milotic|Muddy Water|p1a: Basculegion|[spread] p1a,p1b
|-resisted|p1a: Basculegion|1
|-supereffective|p1b: Incineroar|1
|-damage|p1a: Basculegion|45/100
|-damage|p1b: Incineroar|16/100
|-unboost|p1b: Incineroar|accuracy|1
|-enditem|p1b: Incineroar|Sitrus Berry|[eat]
|-heal|p1b: Incineroar|41/100|[from] item: Sitrus Berry
|
|upkeep
|
|t:|1783388574
|switch|p2b: Meganium|Meganium, L50, M|100/100
|turn|2
|
|t:|1783388591
|switch|p1a: Kingambit|Kingambit, L50, F|100/100
|detailschange|p2b: Meganium|Meganium-Mega, L50, M
|-mega|p2b: Meganium|Meganium|Meganiumite
|move|p2b: Meganium|Dazzling Gleam|p1a: Kingambit|[spread] p1a,p1b
|-damage|p1a: Kingambit|71/100
|-damage|p1b: Incineroar|14/100
|move|p2a: Milotic|Muddy Water|p1a: Kingambit|[spread] p1a,p1b
|-supereffective|p1b: Incineroar|1
|-damage|p1a: Kingambit|21/100
|-damage|p1b: Incineroar|0 fnt
|faint|p1b: Incineroar
|
|upkeep
|
|t:|1783388603
|switch|p1b: Floette|Floette-Eternal, L50, F|100/100
|turn|3
|
|t:|1783388622
|detailschange|p1b: Floette|Floette-Mega, L50, F
|-mega|p1b: Floette|Floette|Floettite
|-ability|p1b: Floette|Fairy Aura
|move|p1a: Kingambit|Protect|p1a: Kingambit
|-singleturn|p1a: Kingambit|Protect
|move|p1b: Floette|Dazzling Gleam|p2b: Meganium|[spread] p2a,p2b
|-damage|p2a: Milotic|65/100
|-damage|p2b: Meganium|57/100
|move|p2b: Meganium|Dazzling Gleam|p1b: Floette|[spread] p1b
|-activate|p1a: Kingambit|move: Protect
|-damage|p1b: Floette|63/100
|move|p2a: Milotic|Muddy Water|p1b: Floette|[spread] p1b
|-activate|p1a: Kingambit|move: Protect
|-damage|p1b: Floette|16/100
|
|-heal|p2a: Milotic|71/100|[from] item: Leftovers
|upkeep
|turn|4
|inactive|myshirtisdirty has 30 seconds left.
|
|t:|1783388648
|move|p2b: Meganium|Protect|p2b: Meganium
|-singleturn|p2b: Meganium|Protect
|move|p2a: Milotic|Protect|p2a: Milotic
|-singleturn|p2a: Milotic|Protect
|move|p1a: Kingambit|Sucker Punch||[still]
|-fail|p1a: Kingambit
|move|p1b: Floette|Dazzling Gleam|p2b: Meganium|[spread] 
|-activate|p2a: Milotic|move: Protect
|-activate|p2b: Meganium|move: Protect
|
|-heal|p2a: Milotic|77/100|[from] item: Leftovers
|upkeep
|turn|5
|
|t:|1783388664
|move|p1a: Kingambit|Sucker Punch|p2a: Milotic
|-damage|p2a: Milotic|38/100
|move|p1b: Floette|Dazzling Gleam|p2a: Milotic|[spread] p2a,p2b
|-damage|p2a: Milotic|2/100
|-damage|p2b: Meganium|16/100
|move|p2b: Meganium|Dazzling Gleam|p1b: Floette|[spread] p1a,p1b
|-damage|p1a: Kingambit|0 fnt
|-damage|p1b: Floette|0 fnt
|faint|p1a: Kingambit
|faint|p1b: Floette
|move|p2a: Milotic|Muddy Water|p1: Kingambit|[notarget]
|-fail|p2a: Milotic
|
|-heal|p2a: Milotic|8/100|[from] item: Leftovers
|upkeep
|
|t:|1783388673
|switch|p1a: Basculegion|Basculegion, L50, M|45/100
|turn|6
|
|t:|1783388682
|move|p1a: Basculegion|Last Respects|p2b: Meganium
|-damage|p2b: Meganium|0 fnt
|faint|p2b: Meganium
|move|p2a: Milotic|Scald|p1a: Basculegion
|-resisted|p1a: Basculegion|1
|-damage|p1a: Basculegion|9/100
|
|-heal|p2a: Milotic|14/100|[from] item: Leftovers
|upkeep
|
|t:|1783388690
|switch|p2b: Kingambit|Kingambit, L50, F, shiny|100/100
|turn|7
|
|t:|1783388701
|move|p2a: Milotic|Protect|p2a: Milotic
|-singleturn|p2a: Milotic|Protect
|move|p1a: Basculegion|Last Respects|p2a: Milotic
|-activate|p2a: Milotic|move: Protect
|move|p2b: Kingambit|Kowtow Cleave|p1a: Basculegion
|-supereffective|p1a: Basculegion|1
|-damage|p1a: Basculegion|0 fnt
|faint|p1a: Basculegion
|
|win|myshirtisdirty
|raw|Lewis Hamilton Fan's rating: 1154 → 1135(-19 for losing)
|raw|myshirtisdirty's rating: 1244 → 1263(+19 for winning)
