|j|☆regHater
|j|☆eres_un_cracki2
|html|regHatereres_un_cracki2    
|uhtml|bestof|Game 1 of a best-of-3
|t:|1756985418
|gametype|doubles
|player|p1|regHater|2|1322
|player|p2|eres_un_cracki2|giovanni|1222
|gen|9
|tier|[Gen 9] VGC 2025 Reg H (Bo3)
|rated|
|rule|Species Clause: Limit one of each Pokémon
|rule|Item Clause: Limit 1 of each item
|clearpoke
|poke|p1|Dragonite, L50, F|
|poke|p1|Gholdengo, L50|
|poke|p1|Rillaboom, L50, F|
|poke|p1|Arcanine-Hisui, L50, F|
|poke|p1|Annihilape, L50, M|
|poke|p1|Murkrow, L50, M|
|poke|p2|Charizard, L50, M|
|poke|p2|Torkoal, L50, M|
|poke|p2|Incineroar, L50, M|
|poke|p2|Jumpluff, L50, F|
|poke|p2|Ursaluna, L50, M|
|poke|p2|Dusclops, L50, F|
|teampreview|4
|showteam|p1|Dragonite||LoadedDice|Multiscale|Protect,ScaleShot,LowKick,ExtremeSpeed|||F|||50|,,,,,Fairy]Gholdengo||ChoiceSpecs|GoodasGold|Thunderbolt,PowerGem,MakeItRain,ShadowBall||||||50|,,,,,Steel]Rillaboom||AssaultVest|GrassySurge|FakeOut,HighHorsepower,WoodHammer,GrassyGlide|||F|||50|,,,,,Fire]Arcanine-Hisui||ClearAmulet|Intimidate|Protect,FlareBlitz,RockSlide,ExtremeSpeed|||F|||50|,,,,,Water]Annihilape||FocusSash|Defiant|Coaching,CloseCombat,RageFist,FinalGambit|||M|||50|,,,,,Stellar]Murkrow||Eviolite|Prankster|Haze,Tailwind,FoulPlay,Taunt|||M|||50|,,,,,Ghost
|showteam|p2|Charizard||ChoiceSpecs|SolarPower|HeatWave,Overheat,WeatherBall,AirSlash|||M|||50|,,,,,Ghost]Torkoal||EjectPack|Drought|Eruption,Overheat,HelpingHand,Protect|||M|||50|,,,,,Fire]Incineroar||SafetyGoggles|Intimidate|FlareBlitz,KnockOff,FakeOut,PartingShot|||M|||50|,,,,,Ghost]Jumpluff||CovertCloak|Chlorophyll|SleepPowder,SunnyDay,RagePowder,Tailwind|||F|||50|,,,,,Water]Ursaluna||FlameOrb|Guts|HeadlongRush,Facade,Earthquake,Protect|||M|||50|,,,,,Ghost]Dusclops||Eviolite|Pressure|PainSplit,Haze,WillOWisp,TrickRoom|||F|||50|,,,,,Grass
|inactive|Battle timer is ON: inactive players will automatically lose when time's up. (requested by regHater)
|inactive|eres_un_cracki2 has 60 seconds left.
|
|t:|1756985458
|teamsize|p1|4
|teamsize|p2|4
|start
|switch|p1a: Murkrow|Murkrow, L50, M, shiny|100/100
|switch|p1b: Arcanine|Arcanine-Hisui, L50, F|100/100
|switch|p2a: Jumpluff|Jumpluff, L50, F|100/100
|switch|p2b: Torkoal|Torkoal, L50, M|100/100
|-ability|p1b: Arcanine|Intimidate|boost
|-unboost|p2a: Jumpluff|atk|1
|-unboost|p2b: Torkoal|atk|1
|-weather|SunnyDay|[from] ability: Drought|[of] p2b: Torkoal
|-enditem|p2b: Torkoal|Eject Pack
|
|t:|1756985465
|switch|p2b: Incineroar|Incineroar, L50, M|100/100
|-ability|p2b: Incineroar|Intimidate|boost
|-unboost|p1a: Murkrow|atk|1
|-fail|p1b: Arcanine|unboost|[from] item: Clear Amulet|[of] p1b: Arcanine
|turn|1
|inactive|eres_un_cracki2 has 30 seconds left.
|
|t:|1756985498
|move|p1b: Arcanine|Protect|p1b: Arcanine
|-singleturn|p1b: Arcanine|Protect
|move|p2b: Incineroar|Fake Out|p1a: Murkrow
|-damage|p1a: Murkrow|87/100
|cant|p1a: Murkrow|flinch
|move|p2a: Jumpluff|Tailwind|p2a: Jumpluff
|-sidestart|p2: eres_un_cracki2|move: Tailwind
|
|-weather|SunnyDay|[upkeep]
|upkeep
|turn|2
|
|t:|1756985515
|-terastallize|p2b: Incineroar|Ghost
|move|p1a: Murkrow|Taunt|p2a: Jumpluff
|-start|p2a: Jumpluff|move: Taunt
|cant|p2a: Jumpluff|move: Taunt|Sleep Powder
|move|p2b: Incineroar|Knock Off|p1b: Arcanine
|-damage|p1b: Arcanine|54/100
|-enditem|p1b: Arcanine|Clear Amulet|[from] move: Knock Off|[of] p2b: Incineroar
|move|p1b: Arcanine|Rock Slide|p2a: Jumpluff|[spread] p2a,p2b
|-supereffective|p2a: Jumpluff
|-damage|p2a: Jumpluff|34/100
|-damage|p2b: Incineroar|78/100
|
|-weather|SunnyDay|[upkeep]
|upkeep
|turn|3
|
|t:|1756985532
|move|p1a: Murkrow|Tailwind|p1a: Murkrow
|-sidestart|p1: regHater|move: Tailwind
|-activate|p2a: Jumpluff|move: Struggle
|move|p2a: Jumpluff|Struggle|p1b: Arcanine
|-damage|p1b: Arcanine|50/100
|-damage|p2a: Jumpluff|9/100|[from] recoil
|move|p1b: Arcanine|Flare Blitz|p2b: Incineroar
|-damage|p2b: Incineroar|11/100
|-damage|p1b: Arcanine|25/100|[from] Recoil
|move|p2b: Incineroar|Parting Shot|p1b: Arcanine
|-unboost|p1b: Arcanine|atk|1
|-unboost|p1b: Arcanine|spa|1
|
|t:|1756985542
|switch|p2b: Charizard|Charizard, L50, M|100/100|[from] Parting Shot
|
|-weather|SunnyDay|[upkeep]
|-damage|p2b: Charizard|88/100|[from] ability: Solar Power|[of] p2b: Charizard
|upkeep
|turn|4
|
|t:|1756985565
|switch|p2a: Incineroar|Incineroar, L50, M, tera:Ghost|11/100
|-ability|p2a: Incineroar|Intimidate|boost
|-unboost|p1a: Murkrow|atk|1
|-unboost|p1b: Arcanine|atk|1
|move|p1b: Arcanine|Protect|p1b: Arcanine
|-singleturn|p1b: Arcanine|Protect
|move|p2b: Charizard|Heat Wave|p1b: Arcanine|[spread] p1a
|-activate|p1b: Arcanine|move: Protect
|-damage|p1a: Murkrow|0 fnt
|faint|p1a: Murkrow
|
|-weather|SunnyDay|[upkeep]
|-damage|p2b: Charizard|76/100|[from] ability: Solar Power|[of] p2b: Charizard
|-sideend|p2: eres_un_cracki2|move: Tailwind
|upkeep
|
|t:|1756985581
|switch|p1a: Annihilape|Annihilape, L50, M|100/100
|turn|5
|
|t:|1756985600
|move|p2a: Incineroar|Fake Out|p1b: Arcanine
|-resisted|p1b: Arcanine
|-damage|p1b: Arcanine|17/100
|move|p1a: Annihilape|Final Gambit|p2b: Charizard
|-damage|p2b: Charizard|0 fnt
|faint|p1a: Annihilape
|faint|p2b: Charizard
|cant|p1b: Arcanine|flinch
|
|-weather|none
|upkeep
|
|t:|1756985615
|switch|p2b: Jumpluff|Jumpluff, L50, F|9/100
|switch|p1a: Dragonite|Dragonite, L50, F|100/100
|turn|6
|
|t:|1756985644
|switch|p2a: Torkoal|Torkoal, L50, M|100/100
|-weather|SunnyDay|[from] ability: Drought|[of] p2a: Torkoal
|move|p1a: Dragonite|Extreme Speed|p2b: Jumpluff
|-damage|p2b: Jumpluff|0 fnt
|faint|p2b: Jumpluff
|move|p1b: Arcanine|Flare Blitz|p2a: Torkoal
|-resisted|p2a: Torkoal
|-damage|p2a: Torkoal|85/100
|-damage|p1b: Arcanine|12/100|[from] Recoil
|
|-weather|SunnyDay|[upkeep]
|-sideend|p1: regHater|move: Tailwind
|upkeep
|
|t:|1756985651
|switch|p2b: Incineroar|Incineroar, L50, M, tera:Ghost|11/100
|-ability|p2b: Incineroar|Intimidate|boost
|-unboost|p1a: Dragonite|atk|1
|-unboost|p1b: Arcanine|atk|1
|turn|7
|
|t:|1756985673
|move|p1b: Arcanine|Protect|p1b: Arcanine
|-singleturn|p1b: Arcanine|Protect
|move|p1a: Dragonite|Protect|p1a: Dragonite
|-singleturn|p1a: Dragonite|Protect
|move|p2b: Incineroar|Fake Out|p1b: Arcanine
|-activate|p1b: Arcanine|move: Protect
|move|p2a: Torkoal|Eruption|p1a: Dragonite|[spread] 
|-activate|p1a: Dragonite|move: Protect
|-activate|p1b: Arcanine|move: Protect
|
|-weather|SunnyDay|[upkeep]
|upkeep
|turn|8
|
|t:|1756985686
|move|p1b: Arcanine|Rock Slide|p2b: Incineroar|[spread] p2a,p2b
|-supereffective|p2a: Torkoal
|-damage|p2a: Torkoal|72/100
|-damage|p2b: Incineroar|3/100
|move|p1a: Dragonite|Scale Shot|p2a: Torkoal
|-damage|p2a: Torkoal|64/100
|-damage|p2a: Torkoal|56/100
|-damage|p2a: Torkoal|47/100
|-damage|p2a: Torkoal|40/100
|-hitcount|p2a: Torkoal|4
|-unboost|p1a: Dragonite|def|1
|-boost|p1a: Dragonite|spe|1
|move|p2b: Incineroar|Knock Off|p1a: Dragonite
|-damage|p1a: Dragonite|63/100
|-enditem|p1a: Dragonite|Loaded Dice|[from] move: Knock Off|[of] p2b: Incineroar
|move|p2a: Torkoal|Eruption|p1a: Dragonite|[spread] p1a,p1b
|-resisted|p1a: Dragonite
|-resisted|p1b: Arcanine
|-damage|p1a: Dragonite|46/100
|-damage|p1b: Arcanine|4/100
|
|-weather|SunnyDay|[upkeep]
|upkeep
|turn|9
|inactive|regHater has 30 seconds left.
|
|t:|1756985714
|move|p1a: Dragonite|Protect|p1a: Dragonite
|-singleturn|p1a: Dragonite|Protect
|move|p1b: Arcanine|Protect|p1b: Arcanine
|-singleturn|p1b: Arcanine|Protect
|move|p2b: Incineroar|Knock Off|p1b: Arcanine
|-activate|p1b: Arcanine|move: Protect
|move|p2a: Torkoal|Overheat|p1a: Dragonite
|-activate|p1a: Dragonite|move: Protect
|
|-weather|SunnyDay|[upkeep]
|upkeep
|turn|10
|
|t:|1756985729
|move|p1a: Dragonite|Scale Shot|p2a: Torkoal
|-damage|p2a: Torkoal|33/100
|-damage|p2a: Torkoal|25/100
|-hitcount|p2a: Torkoal|2
|-unboost|p1a: Dragonite|def|1
|-boost|p1a: Dragonite|spe|1
|move|p1b: Arcanine|Rock Slide|p2b: Incineroar|[spread] p2a,p2b
|-supereffective|p2a: Torkoal
|-damage|p2a: Torkoal|11/100
|-damage|p2b: Incineroar|0 fnt
|faint|p2b: Incineroar
|move|p2a: Torkoal|Overheat|p1a: Dragonite
|-resisted|p1a: Dragonite
|-damage|p1a: Dragonite|2/100
|-unboost|p2a: Torkoal|spa|2
|
|-weather|none
|upkeep
|turn|11
|
|t:|1756985745
|move|p1a: Dragonite|Extreme Speed|p2a: Torkoal
|-damage|p2a: Torkoal|0 fnt
|faint|p2a: Torkoal
|
|win|regHater
||eres_un_cracki2 is ready for game 2.
|inactive|regHater has 30 seconds to confirm battle start!
||regHater is ready for game 2.
|uhtml|next|Next: Game 2 of 3
|l|☆eres_un_cracki2
|player|p2|
