|j|☆ShookTV
|j|☆playrornds
|html|ShookTVplayrornds    
|uhtml|bestof|Game 2 of a best-of-3
|t:|1756595669
|gametype|doubles
|player|p1|ShookTV|clerk|1000
|player|p2|playrornds|giovanni-gen1rb|1118
|gen|9
|tier|[Gen 9] VGC 2025 Reg H (Bo3)
|rated|
|rule|Species Clause: Limit one of each Pokémon
|rule|Item Clause: Limit 1 of each item
|clearpoke
|poke|p1|Tyranitar, L50, F|
|poke|p1|Excadrill, L50, F|
|poke|p1|Magmar, L50, M|
|poke|p1|Sneasler, L50, M|
|poke|p1|Indeedee, L50, M|
|poke|p1|Corviknight, L50, F|
|poke|p2|Gholdengo, L50|
|poke|p2|Kilowattrel, L50, F|
|poke|p2|Ursaluna, L50, F|
|poke|p2|Porygon2, L50|
|poke|p2|Incineroar, L50, M|
|poke|p2|Amoonguss, L50, F|
|teampreview|4
|showteam|p1|Tyranitar||AssaultVest|SandStream|RockSlide,KnockOff,TeraBlast,LowKick|||F|||50|,,,,,Flying]Excadrill||FocusSash|SandRush|IronHead,SwordsDance,Protect,Earthquake|||F|||50|,,,,,Stellar]Magmar||Eviolite|VitalSpirit|HeatWave,HelpingHand,FollowMe,Protect|||M|||50|,,,,,Flying]Sneasler||WhiteHerb|Unburden|FakeOut,CloseCombat,Coaching,DireClaw|||M|||50|,,,,,Flying]Indeedee||ChoiceScarf|PsychicSurge|ExpandingForce,Protect,Trick,TeraBlast|||M|||50|,,,,,Psychic]Corviknight||PsychicSeed|MirrorArmor|BraveBird,PowerTrip,BulkUp,Roost|||F|||50|,,,,,Water
|showteam|p2|Gholdengo||LifeOrb|GoodasGold|MakeItRain,ShadowBall,NastyPlot,Protect||||||50|,,,,,Water]Kilowattrel||FocusSash|Competitive|Thunderbolt,AirSlash,Tailwind,Protect|||F|||50|,,,,,Ghost]Ursaluna||FlameOrb|Guts|Facade,HeadlongRush,Earthquake,Protect|||F|||50|,,,,,Fairy]Porygon2||Eviolite|Download|TeraBlast,IceBeam,Recover,TrickRoom||||||50|,,,,,Fighting]Incineroar||AssaultVest|Intimidate|FakeOut,FlareBlitz,KnockOff,Uturn|||M|||50|,,,,,Grass]Amoonguss||SitrusBerry|Regenerator|SludgeBomb,Spore,RagePowder,Protect|||F|||50|,,,,,Water
|inactive|Battle timer is ON: inactive players will automatically lose when time's up. (requested by playrornds)
|
|t:|1756595724
|teamsize|p1|4
|teamsize|p2|4
|start
|switch|p1a: Sneasler|Sneasler, L50, M|100/100
|switch|p1b: Tyranitar|Tyranitar, L50, F|100/100
|switch|p2a: Incineroar|Incineroar, L50, M|100/100
|switch|p2b: Porygon2|Porygon2, L50|100/100
|-ability|p2a: Incineroar|Intimidate|boost
|-unboost|p1a: Sneasler|atk|1
|-unboost|p1b: Tyranitar|atk|1
|-weather|Sandstorm|[from] ability: Sand Stream|[of] p1b: Tyranitar
|-ability|p2b: Porygon2|Download|boost
|-boost|p2b: Porygon2|atk|1
|-enditem|p1a: Sneasler|White Herb
|-clearnegativeboost|p1a: Sneasler|[silent]
|turn|1
|
|t:|1756595747
|move|p1a: Sneasler|Fake Out|p2a: Incineroar
|-damage|p2a: Incineroar|84/100
|cant|p2a: Incineroar|flinch
|move|p1b: Tyranitar|Rock Slide|p2b: Porygon2|[spread] p2a
|-miss|p1b: Tyranitar|p2b: Porygon2
|-supereffective|p2a: Incineroar
|-damage|p2a: Incineroar|40/100
|move|p2b: Porygon2|Trick Room|p2b: Porygon2
|-fieldstart|move: Trick Room|[of] p2b: Porygon2
|
|-weather|Sandstorm|[upkeep]
|-damage|p2b: Porygon2|94/100|[from] Sandstorm
|-damage|p2a: Incineroar|34/100|[from] Sandstorm
|-damage|p1a: Sneasler|95/100|[from] Sandstorm
|upkeep
|turn|2
|inactive|playrornds has 30 seconds left.
|inactive|playrornds has 20 seconds left.
|
|t:|1756595787
|switch|p2a: Ursaluna|Ursaluna, L50, F|100/100
|-terastallize|p1b: Tyranitar|Flying
|move|p2b: Porygon2|Recover|p2b: Porygon2
|-heal|p2b: Porygon2|100/100
|move|p1b: Tyranitar|Rock Slide|p2a: Ursaluna|[spread] p2b
|-miss|p1b: Tyranitar|p2a: Ursaluna
|-damage|p2b: Porygon2|88/100
|move|p1a: Sneasler|Coaching|p1b: Tyranitar
|-boost|p1b: Tyranitar|atk|1
|-boost|p1b: Tyranitar|def|1
|
|-weather|Sandstorm|[upkeep]
|-damage|p2b: Porygon2|82/100|[from] Sandstorm
|-damage|p1b: Tyranitar|95/100|[from] Sandstorm
|-damage|p1a: Sneasler|89/100|[from] Sandstorm
|-status|p2a: Ursaluna|brn|[from] item: Flame Orb
|upkeep
|turn|3
|
|t:|1756595812
|move|p2b: Porygon2|Ice Beam|p1b: Tyranitar
|-supereffective|p1b: Tyranitar
|-damage|p1b: Tyranitar|66/100
|move|p1b: Tyranitar|Low Kick|p2a: Ursaluna
|-supereffective|p2a: Ursaluna
|-damage|p2a: Ursaluna|27/100 brn
|move|p2a: Ursaluna|Facade|p1b: Tyranitar
|-damage|p1b: Tyranitar|0 fnt
|faint|p1b: Tyranitar
|move|p1a: Sneasler|Coaching|p1: Tyranitar|[notarget]
|-fail|p1a: Sneasler
|
|-weather|Sandstorm|[upkeep]
|-damage|p2b: Porygon2|75/100|[from] Sandstorm
|-damage|p1a: Sneasler|83/100|[from] Sandstorm
|-damage|p2a: Ursaluna|21/100 brn|[from] brn
|upkeep
|c|☆ShookTV|How fast is your ursaluna???
|
|t:|1756595828
|switch|p1b: Excadrill|Excadrill, L50, F|100/100
|turn|4
|
|t:|1756595852
|switch|p2b: Kilowattrel|Kilowattrel, L50, F|100/100
|move|p1b: Excadrill|Protect|p1b: Excadrill
|-singleturn|p1b: Excadrill|Protect
|move|p2a: Ursaluna|Earthquake|p1a: Sneasler|[spread] p1a
|-activate|p1b: Excadrill|move: Protect
|-immune|p2b: Kilowattrel
|-supereffective|p1a: Sneasler
|-damage|p1a: Sneasler|0 fnt
|faint|p1a: Sneasler
|
|-weather|Sandstorm|[upkeep]
|-damage|p2b: Kilowattrel|94/100|[from] Sandstorm
|-damage|p2a: Ursaluna|15/100 brn|[from] brn
|upkeep
|
|t:|1756595860
|switch|p1a: Indeedee|Indeedee, L50, M|100/100
|-fieldstart|move: Psychic Terrain|[from] ability: Psychic Surge|[of] p1a: Indeedee
|turn|5
|inactive|playrornds has 30 seconds left.
|
|t:|1756595889
|move|p2a: Ursaluna|Earthquake|p1b: Excadrill|[spread] p1a,p1b
|-immune|p2b: Kilowattrel
|-supereffective|p1b: Excadrill
|-damage|p1a: Indeedee|0 fnt
|-enditem|p1b: Excadrill|Focus Sash
|-damage|p1b: Excadrill|1/100
|faint|p1a: Indeedee
|move|p2b: Kilowattrel|Tailwind|p2b: Kilowattrel
|-sidestart|p2: playrornds|move: Tailwind
|move|p1b: Excadrill|Iron Head|p2b: Kilowattrel
|-resisted|p2b: Kilowattrel
|-damage|p2b: Kilowattrel|52/100
|
|-weather|none
|-damage|p2a: Ursaluna|10/100 brn|[from] brn
|-fieldend|move: Trick Room
|upkeep
|turn|6
|
|t:|1756595900
|move|p1b: Excadrill|Protect|p1b: Excadrill
|-singleturn|p1b: Excadrill|Protect
|move|p2b: Kilowattrel|Air Slash|p1b: Excadrill
|-activate|p1b: Excadrill|move: Protect
|move|p2a: Ursaluna|Facade|p1b: Excadrill
|-activate|p1b: Excadrill|move: Protect
|
|-damage|p2a: Ursaluna|4/100 brn|[from] brn
|upkeep
|turn|7
|
|t:|1756595906
|move|p2b: Kilowattrel|Air Slash|p1b: Excadrill
|-resisted|p1b: Excadrill
|-damage|p1b: Excadrill|0 fnt
|faint|p1b: Excadrill
|
|win|playrornds
||ShookTV is ready for game 3.
