|j|☆RouletteRegional
|j|☆Water_Spout09
|html|RouletteRegionalWater_Spout09    
|uhtml|bestof|Game 1 of a best-of-3
|t:|1783275831
|gametype|doubles
|player|p1|RouletteRegional|lance|1344
|player|p2|Water_Spout09|blackbelt|1428
|gen|9
|tier|[Gen 9 Champions] VGC 2026 Reg M-B (Bo3)
|rated|
|rule|Species Clause: Limit one of each Pokémon
|rule|Item Clause: Limit 1 of each item
|clearpoke
|poke|p1|Sneasler, L50, F|
|poke|p1|Incineroar, L50, M|
|poke|p1|Sinistcha, L50|
|poke|p1|Blastoise, L50, M|
|poke|p1|Delphox, L50, M|
|poke|p1|Maushold, L50|
|poke|p2|Froslass, L50, F|
|poke|p2|Sneasler, L50, F|
|poke|p2|Rotom-Wash, L50|
|poke|p2|Garchomp, L50, M|
|poke|p2|Talonflame, L50, M|
|poke|p2|Kingambit, L50, F|
|teampreview|4
|showteam|p1|Sneasler||FocusSash|PoisonTouch|DireClaw,CloseCombat,FakeOut,QuickGuard|Jolly||F|||50|]Incineroar||SitrusBerry|Intimidate|FlareBlitz,HelpingHand,PartingShot,FakeOut|Impish||M|||50|]Sinistcha||KasibBerry|Hospitality|MatchaGotcha,RagePowder,LifeDew,Protect|Relaxed|||||50|]Blastoise||Blastoisinite|RainDish|WaterSpout,DarkPulse,ShellSmash,Protect|Modest||M|||50|]Delphox||Delphoxite|Blaze|HeatWave,Psyshock,NastyPlot,Protect|Timid||M|||50|]Maushold||ChopleBerry|FriendGuard|SuperFang,Feint,FollowMe,Protect|Impish|||||50|
|showteam|p2|Froslass||Froslassite|CursedBody|Blizzard,ShadowBall,AuroraVeil,Protect|Modest||F|||50|]Sneasler||WhiteHerb|Unburden|CloseCombat,GunkShot,FakeOut,Protect|Jolly||F|||50|]Rotom-Wash||SitrusBerry|Levitate|Thunderbolt,HydroPump,NastyPlot,Protect|Modest|||||50|]Garchomp||SoftSand|RoughSkin|Earthquake,StompingTantrum,RockSlide,Protect|Adamant||M|||50|]Talonflame||LifeOrb|GaleWings|BraveBird,WillOWisp,Tailwind,Protect|Jolly||M|||50|]Kingambit||BlackGlasses|Defiant|KowtowCleave,SuckerPunch,SwordsDance,Protect|Adamant||F|||50|
|
|t:|1783275871
|teamsize|p1|4
|teamsize|p2|4
|start
|switch|p1a: Blastoise|Blastoise, L50, M|100/100
|switch|p1b: Sneasler|Sneasler, L50, F|100/100
|switch|p2a: Sneasler|Sneasler, L50, F|100/100
|switch|p2b: Froslass|Froslass, L50, F|100/100
|turn|1
|
|t:|1783275881
|detailschange|p2b: Froslass|Froslass-Mega, L50, F
|-mega|p2b: Froslass|Froslass|Froslassite
|-weather|Snowscape|[from] ability: Snow Warning|[of] p2b: Froslass
|detailschange|p1a: Blastoise|Blastoise-Mega, L50, M
|-mega|p1a: Blastoise|Blastoise|Blastoisinite
|move|p1b: Sneasler|Fake Out|p2a: Sneasler
|-crit|p2a: Sneasler
|-damage|p2a: Sneasler|64/100
|cant|p2a: Sneasler|flinch
|move|p2b: Froslass|Blizzard|p1a: Blastoise|[spread] p1a,p1b
|-resisted|p1a: Blastoise|1
|-damage|p1a: Blastoise|75/100
|-damage|p1b: Sneasler|29/100
|move|p1a: Blastoise|Shell Smash|p1a: Blastoise
|-unboost|p1a: Blastoise|def|1
|-unboost|p1a: Blastoise|spd|1
|-boost|p1a: Blastoise|atk|2
|-boost|p1a: Blastoise|spa|2
|-boost|p1a: Blastoise|spe|2
|
|-weather|Snowscape|[upkeep]
|upkeep
|turn|2
|inactive|Battle timer is ON: inactive players will automatically lose when time's up. (requested by RouletteRegional)
|
|t:|1783275926
|switch|p1b: Sinistcha|Sinistcha, L50|100/100
|-heal|p1a: Blastoise|100/100|[from] ability: Hospitality|[of] p1b: Sinistcha
|move|p2b: Froslass|Protect|p2b: Froslass
|-singleturn|p2b: Froslass|Protect
|move|p1a: Blastoise|Water Spout|p2a: Sneasler|[spread] p2a
|-activate|p2b: Froslass|move: Protect
|-damage|p2a: Sneasler|0 fnt
|faint|p2a: Sneasler
|
|-weather|Snowscape|[upkeep]
|upkeep
|
|t:|1783275934
|switch|p2a: Talonflame|Talonflame, L50, M|100/100
|turn|3
|
|t:|1783275945
|move|p1b: Sinistcha|Rage Powder|p1b: Sinistcha
|-singleturn|p1b: Sinistcha|move: Rage Powder
|move|p2a: Talonflame|Tailwind|p2a: Talonflame
|-sidestart|p2: Water_Spout09|move: Tailwind
|move|p2b: Froslass|Blizzard|p1b: Sinistcha|[spread] p1a,p1b
|-resisted|p1a: Blastoise|1
|-supereffective|p1b: Sinistcha|1
|-damage|p1a: Blastoise|66/100
|-damage|p1b: Sinistcha|5/100
|move|p1a: Blastoise|Dark Pulse|p2b: Froslass
|-supereffective|p2b: Froslass|1
|-damage|p2b: Froslass|0 fnt
|faint|p2b: Froslass
|
|-weather|Snowscape|[upkeep]
|upkeep
|
|t:|1783275953
|switch|p2b: Kingambit|Kingambit, L50, F|100/100
|turn|4
|
|t:|1783275976
|switch|p1b: Maushold|Maushold, L50|100/100
|move|p1a: Blastoise|Protect|p1a: Blastoise
|-singleturn|p1a: Blastoise|Protect
|move|p2a: Talonflame|Brave Bird|p1b: Maushold
|-damage|p1b: Maushold|39/100
|-damage|p2a: Talonflame|76/100|[from] Recoil
|-damage|p2a: Talonflame|66/100|[from] item: Life Orb
|move|p2b: Kingambit|Sucker Punch||[still]
|-fail|p2b: Kingambit
|
|-weather|Snowscape|[upkeep]
|upkeep
|turn|5
|inactive|Water_Spout09 has 30 seconds left.
|
|t:|1783276004
|move|p2a: Talonflame|Protect|p2a: Talonflame
|-singleturn|p2a: Talonflame|Protect
|move|p1b: Maushold|Follow Me|p1b: Maushold
|-singleturn|p1b: Maushold|move: Follow Me
|move|p1a: Blastoise|Water Spout|p2b: Kingambit|[spread] p2b
|-activate|p2a: Talonflame|move: Protect
|-damage|p2b: Kingambit|22/100
|move|p2b: Kingambit|Kowtow Cleave|p1b: Maushold
|-damage|p1b: Maushold|0 fnt
|faint|p1b: Maushold
|
|-weather|none
|upkeep
|
|t:|1783276013
|switch|p1b: Sinistcha|Sinistcha, L50|5/100
|-heal|p1a: Blastoise|91/100|[from] ability: Hospitality|[of] p1b: Sinistcha
|turn|6
|
|t:|1783276028
|move|p2b: Kingambit|Protect|p2b: Kingambit
|-singleturn|p2b: Kingambit|Protect
|move|p1b: Sinistcha|Rage Powder|p1b: Sinistcha
|-singleturn|p1b: Sinistcha|move: Rage Powder
|move|p2a: Talonflame|Brave Bird|p1b: Sinistcha
|-supereffective|p1b: Sinistcha|1
|-damage|p1b: Sinistcha|0 fnt
|faint|p1b: Sinistcha
|-damage|p2a: Talonflame|64/100|[from] Recoil
|-damage|p2a: Talonflame|54/100|[from] item: Life Orb
|move|p1a: Blastoise|Water Spout|p2a: Talonflame|[spread] p2a
|-activate|p2b: Kingambit|move: Protect
|-supereffective|p2a: Talonflame|1
|-damage|p2a: Talonflame|0 fnt
|faint|p2a: Talonflame
|
|-sideend|p2: Water_Spout09|move: Tailwind
|upkeep
|
|t:|1783276033
|switch|p1b: Sneasler|Sneasler, L50, F|29/100
|turn|7
|
|t:|1783276037
|move|p2b: Kingambit|Sucker Punch|p1a: Blastoise
|-damage|p1a: Blastoise|19/100
|move|p1a: Blastoise|Water Spout|p2b: Kingambit
|-damage|p2b: Kingambit|0 fnt
|faint|p2b: Kingambit
|
|win|RouletteRegional
