|j|☆trinton07
|j|☆Kevin-V8
|html|trinton07Kevin-V8    
|uhtml|bestof|Game 1 of a best-of-3
|t:|1784165435
|gametype|doubles
|player|p1|trinton07|102|1084
|player|p2|Kevin-V8|ethan|1189
|gen|9
|tier|[Gen 9 Champions] VGC 2026 Reg M-B (Bo3)
|rated|
|rule|Species Clause: Limit one of each Pokémon
|rule|Item Clause: Limit 1 of each item
|clearpoke
|poke|p1|Grimmsnarl, L50, M|
|poke|p1|Basculegion, L50, M|
|poke|p1|Charizard, L50, M|
|poke|p1|Pelipper, L50, M|
|poke|p1|Venusaur, L50, M|
|poke|p1|Archaludon, L50, M|
|poke|p2|Metagross, L50|
|poke|p2|Incineroar, L50, F|
|poke|p2|Sinistcha, L50|
|poke|p2|Tyranitar, L50, F|
|poke|p2|Excadrill, L50, M, shiny|
|poke|p2|Dragonite, L50, M|
|teampreview|4
|showteam|p1|Grimmsnarl||LightClay|Prankster|SpiritBreak,PartingShot,Reflect,LightScreen|Sassy||M|||50|]Basculegion||ChoiceScarf|Adaptability|LastRespects,WaveCrash,AquaJet,FlipTurn|Jolly||M|||50|]Charizard||CharizarditeY|Blaze|Protect,HeatWave,WeatherBall,SolarBeam|Modest||M|||50|]Pelipper||SitrusBerry|Drizzle|Hurricane,WeatherBall,Tailwind,WideGuard|Modest||M|||50|]Venusaur||FocusSash|Chlorophyll|SludgeBomb,SleepPowder,EarthPower,Protect|Modest||M|||50|]Archaludon||Leftovers|Stamina|ElectroShot,DragonPulse,FlashCannon,Protect|Calm||M|||50|
|showteam|p2|Metagross||Metagrossite|ClearBody|PsychicFangs,BodyPress,CosmicPower,Protect|Impish|||||50|]Incineroar||SitrusBerry|Intimidate|FlareBlitz,DarkestLariat,FakeOut,PartingShot|Careful||F|||50|]Sinistcha||KasibBerry|Hospitality|MatchaGotcha,RagePowder,LifeDew,Protect|Bold|||||50|]Tyranitar||ChoiceScarf|SandStream|RockSlide,KnockOff,IcePunch,LowKick|Jolly||F|||50|]Excadrill||FocusSash|SandRush|Earthquake,IronHead,RockSlide,Protect|Adamant||M|||50|]Dragonite||Dragoninite|Multiscale|DragonPulse,HeatWave,Tailwind,Protect|Modest||M|||50|
|inactive|Battle timer is ON: inactive players will automatically lose when time's up. (requested by Kevin-V8)
|inactive|Kevin-V8 has 60 seconds left.
|inactive|Kevin-V8 has 30 seconds left.
|inactive|Kevin-V8 has 20 seconds left.
|inactive|Kevin-V8 has 15 seconds left.
|inactive|Kevin-V8 has 10 seconds left.
|
|t:|1784165520
|teamsize|p1|4
|teamsize|p2|4
|start
|switch|p1a: Charizard|Charizard, L50, M|100/100
|switch|p1b: Grimmsnarl|Grimmsnarl, L50, M|100/100
|switch|p2a: Excadrill|Excadrill, L50, M, shiny|100/100
|switch|p2b: Metagross|Metagross, L50|100/100
|turn|1
|inactive|trinton07 has 30 seconds left.
|inactive|Kevin-V8 has 30 seconds left.
|inactive|Kevin-V8 has 20 seconds left.
|inactive|Kevin-V8 has 15 seconds left.
|
|t:|1784165561
|detailschange|p1a: Charizard|Charizard-Mega-Y, L50, M
|-mega|p1a: Charizard|Charizard|Charizardite Y
|-weather|SunnyDay|[from] ability: Drought|[of] p1a: Charizard
|move|p2b: Metagross|Protect|p2b: Metagross
|-singleturn|p2b: Metagross|Protect
|move|p1b: Grimmsnarl|Reflect|p1b: Grimmsnarl
|-sidestart|p1: trinton07|Reflect
|move|p2a: Excadrill|Rock Slide|p1a: Charizard|[spread] p1a,p1b
|-supereffective|p1a: Charizard|2
|-damage|p1a: Charizard|45/100
|-damage|p1b: Grimmsnarl|85/100
|cant|p1a: Charizard|flinch
|
|-weather|SunnyDay|[upkeep]
|upkeep
|turn|2
|inactive|trinton07 has 30 seconds left.
|inactive|trinton07 has 20 seconds left.
|
|t:|1784165599
|switch|p2b: Tyranitar|Tyranitar, L50, F|100/100
|-weather|Sandstorm|[from] ability: Sand Stream|[of] p2b: Tyranitar
|move|p1b: Grimmsnarl|Parting Shot|p2a: Excadrill
|-unboost|p2a: Excadrill|atk|1
|-unboost|p2a: Excadrill|spa|1
|
|t:|1784165609
|switch|p1b: Venusaur|Venusaur, L50, M|100/100|[from] Parting Shot
|move|p2a: Excadrill|Rock Slide|p1a: Charizard|[spread] p1b
|-miss|p2a: Excadrill|p1a: Charizard
|-damage|p1b: Venusaur|86/100
|move|p1a: Charizard|Heat Wave|p2a: Excadrill|[spread] p2a,p2b
|-supereffective|p2a: Excadrill|1
|-resisted|p2b: Tyranitar|1
|-enditem|p2a: Excadrill|Focus Sash
|-damage|p2a: Excadrill|1/100
|-damage|p2b: Tyranitar|85/100
|
|-weather|Sandstorm|[upkeep]
|-damage|p1a: Charizard|39/100|[from] Sandstorm
|-damage|p1b: Venusaur|80/100|[from] Sandstorm
|upkeep
|turn|3
|inactive|Kevin-V8 has 30 seconds left.
|inactive|Kevin-V8 has 20 seconds left.
|
|t:|1784165648
|move|p1a: Charizard|Protect|p1a: Charizard
|-singleturn|p1a: Charizard|Protect
|move|p2a: Excadrill|Rock Slide|p1a: Charizard|[spread] p1b
|-activate|p1a: Charizard|move: Protect
|-damage|p1b: Venusaur|68/100
|move|p2b: Tyranitar|Ice Punch|p1b: Venusaur
|-supereffective|p1b: Venusaur|1
|-damage|p1b: Venusaur|17/100
|move|p1b: Venusaur|Earth Power|p2b: Tyranitar
|-supereffective|p2b: Tyranitar|1
|-damage|p2b: Tyranitar|46/100
|
|-weather|Sandstorm|[upkeep]
|-damage|p1a: Charizard|33/100|[from] Sandstorm
|-damage|p1b: Venusaur|11/100|[from] Sandstorm
|upkeep
|turn|4
|
|t:|1784165671
|switch|p2b: Sinistcha|Sinistcha, L50|100/100
|-heal|p2a: Excadrill|25/100|[from] ability: Hospitality|[of] p2b: Sinistcha
|switch|p1a: Grimmsnarl|Grimmsnarl, L50, M|85/100
|move|p1b: Venusaur|Protect|p1b: Venusaur
|-singleturn|p1b: Venusaur|Protect
|move|p2a: Excadrill|Rock Slide|p1a: Grimmsnarl|[spread] p1a
|-activate|p1b: Venusaur|move: Protect
|-damage|p1a: Grimmsnarl|75/100
|
|-weather|Sandstorm|[upkeep]
|-damage|p1b: Venusaur|5/100|[from] Sandstorm
|-damage|p2b: Sinistcha|93/100|[from] Sandstorm
|-damage|p1a: Grimmsnarl|69/100|[from] Sandstorm
|upkeep
|turn|5
|inactive|trinton07 has 30 seconds left.
|inactive|Kevin-V8 has 30 seconds left.
|inactive|trinton07 has 20 seconds left.
|inactive|Kevin-V8 has 20 seconds left.
|inactive|trinton07 has 15 seconds left.
|inactive|Kevin-V8 has 15 seconds left.
|inactive|trinton07 has 10 seconds left.
|inactive|trinton07 has 5 seconds left.
|inactive|Kevin-V8 has 10 seconds left.
|
|t:|1784165725
|move|p2a: Excadrill|Protect|p2a: Excadrill
|-singleturn|p2a: Excadrill|Protect
|move|p1a: Grimmsnarl|Parting Shot|p2a: Excadrill
|-activate|p2a: Excadrill|move: Protect
|move|p1b: Venusaur|Earth Power|p2b: Sinistcha
|-resisted|p2b: Sinistcha|1
|-damage|p2b: Sinistcha|80/100
|move|p2b: Sinistcha|Life Dew|p2b: Sinistcha|[spread] p2a,p2b
|-heal|p2a: Excadrill|50/100g
|-heal|p2b: Sinistcha|100/100
|
|-weather|Sandstorm|[upkeep]
|-damage|p1b: Venusaur|0 fnt|[from] Sandstorm
|-damage|p2b: Sinistcha|93/100|[from] Sandstorm
|-damage|p1a: Grimmsnarl|63/100|[from] Sandstorm
|faint|p1b: Venusaur
|upkeep
|
|t:|1784165741
|switch|p1b: Charizard|Charizard-Mega-Y, L50, M|33/100
|-weather|SunnyDay|[from] ability: Drought|[of] p1b: Charizard
|turn|6
|
|t:|1784165755
|switch|p2b: Tyranitar|Tyranitar, L50, F|46/100
|-weather|Sandstorm|[from] ability: Sand Stream|[of] p2b: Tyranitar
|move|p1b: Charizard|Protect|p1b: Charizard
|-singleturn|p1b: Charizard|Protect
|move|p1a: Grimmsnarl|Light Screen|p1a: Grimmsnarl
|-sidestart|p1: trinton07|move: Light Screen
|move|p2a: Excadrill|Rock Slide|p1a: Grimmsnarl|[spread] p1a
|-activate|p1b: Charizard|move: Protect
|-damage|p1a: Grimmsnarl|53/100
|
|-weather|Sandstorm|[upkeep]
|-damage|p1b: Charizard|28/100|[from] Sandstorm
|-damage|p1a: Grimmsnarl|47/100|[from] Sandstorm
|upkeep
|turn|7
|
|t:|1784165773
|switch|p2a: Sinistcha|Sinistcha, L50|93/100
|-heal|p2b: Tyranitar|71/100|[from] ability: Hospitality|[of] p2a: Sinistcha
|switch|p1b: Pelipper|Pelipper, L50, M|100/100
|-weather|RainDance|[from] ability: Drizzle|[of] p1b: Pelipper
|move|p1a: Grimmsnarl|Parting Shot|p2a: Sinistcha
|-unboost|p2a: Sinistcha|atk|1
|-unboost|p2a: Sinistcha|spa|1
|
|t:|1784165788
|switch|p1a: Charizard|Charizard-Mega-Y, L50, M|28/100|[from] Parting Shot
|-weather|SunnyDay|[from] ability: Drought|[of] p1a: Charizard
|move|p2b: Tyranitar|Rock Slide|p1a: Charizard|[spread] p1a,p1b
|-supereffective|p1a: Charizard|2
|-supereffective|p1b: Pelipper|1
|-damage|p1a: Charizard|0 fnt
|-damage|p1b: Pelipper|63/100
|faint|p1a: Charizard
|
|-weather|SunnyDay|[upkeep]
|upkeep
|
|t:|1784165798
|switch|p1a: Grimmsnarl|Grimmsnarl, L50, M|47/100
|turn|8
|
|t:|1784165810
|move|p2b: Tyranitar|Rock Slide|p1a: Grimmsnarl|[spread] p1a,p1b
|-supereffective|p1b: Pelipper|1
|-damage|p1a: Grimmsnarl|26/100
|-damage|p1b: Pelipper|24/100
|-enditem|p1b: Pelipper|Sitrus Berry|[eat]
|-heal|p1b: Pelipper|49/100|[from] item: Sitrus Berry
|move|p1b: Pelipper|Weather Ball|p2a: Sinistcha
|-supereffective|p2a: Sinistcha|1
|-damage|p2a: Sinistcha|14/100
|move|p2a: Sinistcha|Matcha Gotcha|p1a: Grimmsnarl|[spread] p1a,p1b
|-damage|p1a: Grimmsnarl|16/100
|-heal|p2a: Sinistcha|19/100|[from] drain|[of] p1a: Grimmsnarl
|-damage|p1b: Pelipper|33/100
|-heal|p2a: Sinistcha|26/100|[from] drain|[of] p1b: Pelipper
|-status|p1a: Grimmsnarl|brn
|move|p1a: Grimmsnarl|Spirit Break|p2b: Tyranitar
|-supereffective|p2b: Tyranitar|1
|-damage|p2b: Tyranitar|42/100
|-unboost|p2b: Tyranitar|spa|1
|
|-weather|SunnyDay|[upkeep]
|-damage|p1a: Grimmsnarl|10/100 brn|[from] brn
|-sideend|p1: trinton07|Reflect
|upkeep
|turn|9
|inactive|trinton07 has 30 seconds left.
|inactive|Kevin-V8 has 30 seconds left.
|inactive|trinton07 has 20 seconds left.
|inactive|trinton07 has 15 seconds left.
|inactive|trinton07 has 10 seconds left.
|inactive|trinton07 has 5 seconds left.
|
|t:|1784165865
|move|p2b: Tyranitar|Rock Slide|p1b: Pelipper|[spread] p1a,p1b
|-supereffective|p1b: Pelipper|1
|-damage|p1a: Grimmsnarl|0 fnt
|-damage|p1b: Pelipper|0 fnt
|faint|p1a: Grimmsnarl
|faint|p1b: Pelipper
|
|win|Kevin-V8
|inactive|trinton07 has 30 seconds to confirm battle start!
|inactive|Kevin-V8 has 30 seconds to confirm battle start!
|inactive|trinton07 has 20 seconds to confirm battle start!
|inactive|Kevin-V8 has 20 seconds to confirm battle start!
|inactive|trinton07 has 10 seconds to confirm battle start!
|inactive|Kevin-V8 has 10 seconds to confirm battle start!
||Kevin-V8 is ready for game 2.
|uhtml|next|Next: Game 2 of 3
