|j|☆Ronansting
|j|☆iiFWM
|html|RonanstingiiFWM    
|uhtml|bestof|Game 3 of a best-of-3
|t:|1755013704
|gametype|doubles
|player|p1|Ronansting|baker|1455
|player|p2|iiFWM|cyrus|1338
|gen|9
|tier|[Gen 9] VGC 2025 Reg H (Bo3)
|rated|
|rule|Species Clause: Limit one of each Pokémon
|rule|Item Clause: Limit 1 of each item
|clearpoke
|poke|p1|Archaludon, L50, F|
|poke|p1|Pelipper, L50, F|
|poke|p1|Indeedee, L50, M|
|poke|p1|Amoonguss, L50, F|
|poke|p1|Basculegion, L50, M|
|poke|p1|Hydreigon, L50, F|
|poke|p2|Sneasler, L50, F|
|poke|p2|Dragapult, L50, M|
|poke|p2|Primarina, L50, M|
|poke|p2|Rillaboom, L50, M|
|poke|p2|Kingambit, L50, M|
|poke|p2|Magmar, L50, F|
|teampreview|4
|showteam|p1|Archaludon||AssaultVest|Stamina|ElectroShot,DracoMeteor,BodyPress,FlashCannon|||F|||50|,,,,,Grass]Pelipper||FocusSash|Drizzle|WeatherBall,Hurricane,Tailwind,Protect|||F|||50|,,,,,Ghost]Indeedee||ChoiceScarf|PsychicSurge|ExpandingForce,TeraBlast,Trick,DazzlingGleam|||M|||50|,,,,,Ground]Amoonguss||SitrusBerry|Regenerator|Spore,SludgeBomb,Protect,RagePowder|||F|||50|,,,,,Water]Basculegion||ChoiceBand|SwiftSwim|FlipTurn,WaveCrash,LastRespects,AquaJet|||M|||50|,,,,,Poison]Hydreigon||CovertCloak|Levitate|Taunt,Snarl,DracoMeteor,EarthPower|||F|||50|,,,,,Fairy
|showteam|p2|Sneasler||FocusSash|PoisonTouch|CloseCombat,DireClaw,FakeOut,Protect|||F|||50|,,,,,Stellar]Dragapult||ChoiceBand|ClearBody|DragonDarts,TeraBlast,PhantomForce,Uturn|||M|||50|,,,,,Ghost]Primarina||SitrusBerry|LiquidVoice|HyperVoice,Moonblast,Haze,Protect|||M|||50|,,,,,Water]Rillaboom||AssaultVest|GrassySurge|WoodHammer,GrassyGlide,HighHorsepower,FakeOut|||M|||50|,,,,,Fire]Kingambit||DreadPlate|Defiant|KowtowCleave,SuckerPunch,SwordsDance,Protect|||M|||50|,,,,,Ghost]Magmar||Eviolite|VitalSpirit|Overheat,WillOWisp,FollowMe,Protect|||F|||50|,,,,,Ghost
|inactive|Battle timer is ON: inactive players will automatically lose when time's up. (requested by iiFWM)
|inactive|iiFWM has 60 seconds left.
|
|t:|1755013746
|teamsize|p1|4
|teamsize|p2|4
|start
|switch|p1a: Smellypper|Pelipper, L50, F|100/100
|switch|p1b: Empire|Basculegion, L50, M|100/100
|switch|p2a: Rillaboom|Rillaboom, L50, M|100/100
|switch|p2b: Kingambit|Kingambit, L50, M, shiny|100/100
|-fieldstart|move: Grassy Terrain|[from] ability: Grassy Surge|[of] p2a: Rillaboom
|-weather|RainDance|[from] ability: Drizzle|[of] p1a: Smellypper
|turn|1
|inactive|iiFWM has 30 seconds left.
|
|t:|1755013773
|-terastallize|p1b: Empire|Poison
|move|p2b: Kingambit|Protect|p2b: Kingambit
|-singleturn|p2b: Kingambit|Protect
|move|p2a: Rillaboom|Grassy Glide|p1a: Smellypper
|-damage|p1a: Smellypper|52/100
|move|p1b: Empire|Wave Crash|p2b: Kingambit
|-activate|p2b: Kingambit|move: Protect
|move|p1a: Smellypper|Weather Ball|p2b: Kingambit
|-activate|p2b: Kingambit|move: Protect
|
|-weather|RainDance|[upkeep]
|upkeep
|turn|2
|inactive|iiFWM has 30 seconds left.
|
|t:|1755013802
|switch|p1a: Arching|Archaludon, L50, F|100/100
|move|p2b: Kingambit|Sucker Punch|p1b: Empire
|-damage|p1b: Empire|46/100
|move|p1b: Empire|Wave Crash|p2b: Kingambit
|-damage|p2b: Kingambit|0 fnt
|faint|p2b: Kingambit
|-damage|p1b: Empire|13/100|[from] Recoil
|move|p2a: Rillaboom|High Horsepower|p1b: Empire
|-supereffective|p1b: Empire
|-damage|p1b: Empire|0 fnt
|faint|p1b: Empire
|
|-weather|RainDance|[upkeep]
|upkeep
|
|t:|1755013817
|switch|p1b: Goodee|Indeedee, L50, M|100/100
|switch|p2b: Sneasler|Sneasler, L50, F, shiny|100/100
|-fieldstart|move: Psychic Terrain|[from] ability: Psychic Surge|[of] p1b: Goodee
|turn|3
|
|t:|1755013835
|switch|p2a: Magmar|Magmar, L50, F, shiny|100/100
|switch|p1a: Smellypper|Pelipper, L50, F|52/100
|move|p2b: Sneasler|Protect|p2b: Sneasler
|-singleturn|p2b: Sneasler|Protect
|move|p1b: Goodee|Expanding Force|p2a: Magmar|[spread] p2a
|-activate|p2b: Sneasler|move: Protect
|-damage|p2a: Magmar|60/100
|
|-weather|RainDance|[upkeep]
|upkeep
|turn|4
|
|t:|1755013857
|switch|p2b: Rillaboom|Rillaboom, L50, M|100/100
|-fieldstart|move: Grassy Terrain|[from] ability: Grassy Surge|[of] p2b: Rillaboom
|switch|p1a: Arching|Archaludon, L50, F|100/100
|move|p2a: Magmar|Protect|p2a: Magmar
|-singleturn|p2a: Magmar|Protect
|move|p1b: Goodee|Expanding Force|p2b: Rillaboom
|-damage|p2b: Rillaboom|73/100
|
|-weather|RainDance|[upkeep]
|-heal|p2a: Magmar|66/100|[from] Grassy Terrain
|-heal|p2b: Rillaboom|79/100|[from] Grassy Terrain
|upkeep
|turn|5
|
|t:|1755013880
|switch|p1b: Smellypper|Pelipper, L50, F|52/100
|move|p2a: Magmar|Follow Me|p2a: Magmar
|-singleturn|p2a: Magmar|move: Follow Me
|move|p2b: Rillaboom|Wood Hammer|p1b: Smellypper
|-damage|p1b: Smellypper|0 fnt
|faint|p1b: Smellypper
|-damage|p2b: Rillaboom|67/100|[from] Recoil
|move|p1a: Arching|Electro Shot||[still]
|-prepare|p1a: Arching|Electro Shot
|-boost|p1a: Arching|spa|1
|-anim|p1a: Arching|Electro Shot|p2a: Magmar
|-damage|p2a: Magmar|23/100
|
|-weather|none
|-heal|p2a: Magmar|28/100|[from] Grassy Terrain
|-heal|p2b: Rillaboom|73/100|[from] Grassy Terrain
|upkeep
|
|t:|1755013893
|switch|p1b: Goodee|Indeedee, L50, M|100/100
|-fieldstart|move: Psychic Terrain|[from] ability: Psychic Surge|[of] p1b: Goodee
|turn|6
|
|t:|1755013914
|move|p2a: Magmar|Protect|p2a: Magmar
|-singleturn|p2a: Magmar|Protect
|move|p1b: Goodee|Expanding Force|p2b: Rillaboom|[spread] p2b
|-activate|p2a: Magmar|move: Protect
|-damage|p2b: Rillaboom|31/100
|move|p2b: Rillaboom|Wood Hammer|p1b: Goodee
|-damage|p1b: Goodee|0 fnt
|faint|p1b: Goodee
|-damage|p2b: Rillaboom|7/100|[from] Recoil
|move|p1a: Arching|Draco Meteor|p2b: Rillaboom
|-damage|p2b: Rillaboom|0 fnt
|-unboost|p1a: Arching|spa|2
|faint|p2b: Rillaboom
|
|upkeep
|
|t:|1755013925
|switch|p2b: Sneasler|Sneasler, L50, F, shiny|100/100
|turn|7
|
|t:|1755013928
|-terastallize|p2b: Sneasler|Stellar
|move|p2a: Magmar|Follow Me|p2a: Magmar
|-singleturn|p2a: Magmar|move: Follow Me
|move|p2b: Sneasler|Close Combat|p1a: Arching
|-supereffective|p1a: Arching
|-damage|p1a: Arching|0 fnt
|-unboost|p2b: Sneasler|def|1
|-unboost|p2b: Sneasler|spd|1
|faint|p1a: Arching
|
|win|iiFWM
|raw|Ronansting's rating: 1455 → 1429(-26 for losing)
|raw|iiFWM's rating: 1338 → 1364(+26 for winning)
|l|☆Ronansting
|player|p1|
