|j|☆gianlucone
|j|☆chill3d1
|html|gianluconechill3d1    
|uhtml|bestof|Game 2 of a best-of-3
|t:|1757666898
|gametype|doubles
|player|p1|gianlucone|1|1110
|player|p2|chill3d1|1|1128
|gen|9
|tier|[Gen 9] VGC 2025 Reg H (Bo3)
|rated|
|rule|Species Clause: Limit one of each Pokémon
|rule|Item Clause: Limit 1 of each item
|clearpoke
|poke|p1|Torkoal, L50, M|
|poke|p1|Jumpluff, L50, F|
|poke|p1|Typhlosion-Hisui, L50, M|
|poke|p1|Krookodile, L50, M|
|poke|p1|Indeedee-F, L50, F|
|poke|p1|Sneasler, L50, F|
|poke|p2|Indeedee-F, L50, F|
|poke|p2|Hatterene, L50, F|
|poke|p2|Torkoal, L50, F|
|poke|p2|Gallade, L50, M|
|poke|p2|Exeggutor, L50, M|
|poke|p2|Cacturne, L50, M|
|teampreview|4
|showteam|p1|Torkoal||EjectPack|Drought|Overheat,ClearSmog,SolarBeam,Protect|||M|||50|,,,,,Fairy]Jumpluff||CovertCloak|Chlorophyll|Tailwind,Encore,SleepPowder,PollenPuff|||F|||50|,,,,,Dark]Typhlosion-Hisui||ChoiceSpecs|Blaze|Eruption,ShadowBall,Overheat,InfernalParade|||M|||50|,,,,,Fire]Krookodile||AssaultVest|Intimidate|Earthquake,StompingTantrum,Crunch,LowKick|||M|||50|,,,,,Poison]Indeedee-F||SafetyGoggles|PsychicSurge|FollowMe,TrickRoom,Psychic,HelpingHand|||F|||50|,,,,,Water]Sneasler||PsychicSeed|Unburden|CloseCombat,DireClaw,ThroatChop,Protect|||F|||50|,,,,,Dark
|showteam|p2|Indeedee-F||RockyHelmet|PsychicSurge|Psychic,HelpingHand,FollowMe,TrickRoom|||F|||50|,,,,,Grass]Hatterene||LifeOrb|MagicBounce|ExpandingForce,DazzlingGleam,MysticalFire,TrickRoom|||F|||50|,,,,,Fire]Torkoal||Charcoal|Drought|Eruption,WeatherBall,HeatWave,Protect|||F|||50|,,,,,Fire]Gallade||ClearAmulet|Sharpness|SacredSword,PsychoCut,TrickRoom,Protect|||M|||50|,,,,,Grass]Exeggutor||FocusSash|Chlorophyll|ExpandingForce,LeafStorm,SleepPowder,TrickRoom|||M|||50|,,,,,Psychic]Cacturne||BlackGlasses|WaterAbsorb|KnockOff,SuckerPunch,SeedBomb,SwordsDance|||M|||50|,,,,,Fire
|inactive|Battle timer is ON: inactive players will automatically lose when time's up. (requested by gianlucone)
|inactive|gianlucone has 60 seconds left.
|
|t:|1757666957
|teamsize|p1|4
|teamsize|p2|4
|start
|switch|p1a: Typhlosion|Typhlosion-Hisui, L50, M|100/100
|switch|p1b: Jumpluff|Jumpluff, L50, F|100/100
|switch|p2a: Exeggutor|Exeggutor, L50, M, shiny|100/100
|switch|p2b: Indeedee|Indeedee-F, L50, F|100/100
|-fieldstart|move: Psychic Terrain|[from] ability: Psychic Surge|[of] p2b: Indeedee
|turn|1
|inactive|gianlucone has 30 seconds left.
|inactive|chill3d1 has 30 seconds left.
|
|t:|1757666990
|move|p2b: Indeedee|Follow Me|p2b: Indeedee
|-singleturn|p2b: Indeedee|move: Follow Me
|move|p1b: Jumpluff|Sleep Powder|p2b: Indeedee|[miss]
|-miss|p1b: Jumpluff|p2b: Indeedee
|move|p1a: Typhlosion|Eruption|p2a: Exeggutor|[spread] p2a,p2b
|-supereffective|p2a: Exeggutor
|-enditem|p2a: Exeggutor|Focus Sash
|-damage|p2a: Exeggutor|1/100
|-damage|p2b: Indeedee|20/100
|move|p2a: Exeggutor|Trick Room|p2a: Exeggutor
|-fieldstart|move: Trick Room|[of] p2a: Exeggutor
|
|upkeep
|turn|2
|
|t:|1757667010
|switch|p1a: Krookodile|Krookodile, L50, M|100/100
|-ability|p1a: Krookodile|Intimidate|boost
|-unboost|p2a: Exeggutor|atk|1
|-unboost|p2b: Indeedee|atk|1
|-terastallize|p2a: Exeggutor|Psychic
|-terastallize|p1b: Jumpluff|Dark
|move|p2b: Indeedee|Follow Me|p2b: Indeedee
|-singleturn|p2b: Indeedee|move: Follow Me
|move|p2a: Exeggutor|Expanding Force|p1b: Jumpluff|[spread] 
|-immune|p1a: Krookodile
|-immune|p1b: Jumpluff
|move|p1b: Jumpluff|Sleep Powder|p2b: Indeedee
|-status|p2b: Indeedee|slp|[from] move: Sleep Powder
|
|upkeep
|turn|3
|
|t:|1757667033
|switch|p2b: Hatterene|Hatterene, L50, F|100/100
|switch|p1a: Torkoal|Torkoal, L50, M|100/100
|-weather|SunnyDay|[from] ability: Drought|[of] p1a: Torkoal
|move|p2a: Exeggutor|Leaf Storm|p1a: Torkoal
|-resisted|p1a: Torkoal
|-damage|p1a: Torkoal|65/100
|-unboost|p2a: Exeggutor|spa|2
|move|p1b: Jumpluff|Sleep Powder|p2a: Exeggutor
|-status|p2a: Exeggutor|slp|[from] move: Sleep Powder
|
|-weather|SunnyDay|[upkeep]
|upkeep
|turn|4
|
|t:|1757667058
|switch|p2a: Torkoal|Torkoal, L50, F|100/100
|move|p1a: Torkoal|Overheat|p2b: Hatterene
|-damage|p2b: Hatterene|25/100
|-unboost|p1a: Torkoal|spa|2
|-enditem|p1a: Torkoal|Eject Pack
|
|t:|1757667070
|switch|p1a: Krookodile|Krookodile, L50, M|100/100
|-ability|p1a: Krookodile|Intimidate|boost
|-unboost|p2a: Torkoal|atk|1
|-unboost|p2b: Hatterene|atk|1
|move|p2b: Hatterene|Expanding Force|p1a: Krookodile|[spread] 
|-immune|p1a: Krookodile
|-immune|p1b: Jumpluff
|move|p1b: Jumpluff|Pollen Puff|p1a: Krookodile
|
|-weather|SunnyDay|[upkeep]
|upkeep
|turn|5
|
|t:|1757667093
|switch|p1a: Torkoal|Torkoal, L50, M|65/100
|move|p2a: Torkoal|Eruption|p1a: Torkoal|[spread] p1a,p1b
|-resisted|p1a: Torkoal
|-damage|p1a: Torkoal|23/100
|-damage|p1b: Jumpluff|15/100
|move|p2b: Hatterene|Dazzling Gleam|p1b: Jumpluff|[spread] p1a,p1b
|-resisted|p1a: Torkoal
|-supereffective|p1b: Jumpluff
|-damage|p1a: Torkoal|0 fnt
|-damage|p1b: Jumpluff|0 fnt
|faint|p1a: Torkoal
|faint|p1b: Jumpluff
|-damage|p2b: Hatterene|16/100|[from] item: Life Orb
|
|-weather|SunnyDay|[upkeep]
|-fieldend|move: Trick Room
|-fieldend|move: Psychic Terrain
|upkeep
|
|t:|1757667103
|switch|p1b: Typhlosion|Typhlosion-Hisui, L50, M|100/100
|switch|p1a: Krookodile|Krookodile, L50, M|100/100
|-ability|p1a: Krookodile|Intimidate|boost
|-unboost|p2a: Torkoal|atk|1
|-unboost|p2b: Hatterene|atk|1
|turn|6
|-message|chill3d1 forfeited.
|
|win|gianlucone
|l|☆chill3d1
|player|p2|
||chill3d1 is ready for game 3.
||gianlucone is ready for game 3.
|uhtml|next|Next: Game 3 of 3
