|j|☆BlackStag52
|j|☆Federaci
|html|BlackStag52Federaci    
|uhtml|bestof|Game 3 of a best-of-3
|t:|1782183765
|gametype|doubles
|player|p1|BlackStag52|lebanne|1000
|player|p2|Federaci|102|1052
|gen|9
|tier|[Gen 9 Champions] VGC 2026 Reg M-B (Bo3)
|rated|
|rule|Species Clause: Limit one of each Pokémon
|rule|Item Clause: Limit 1 of each item
|clearpoke
|poke|p1|Garchomp, L50, F|
|poke|p1|Eelektross, L50, M|
|poke|p1|Sinistcha, L50|
|poke|p1|Primarina, L50, M|
|poke|p1|Vivillon-High Plains, L50, F|
|poke|p1|Sneasler, L50, M|
|poke|p2|Swampert, L50, M|
|poke|p2|Archaludon, L50, F|
|poke|p2|Sableye, L50, F|
|poke|p2|Palafin, L50, M|
|poke|p2|Kangaskhan, L50, F|
|poke|p2|Garchomp, L50, M|
|teampreview|4
|showteam|p1|Garchomp||LifeOrb|RoughSkin|DragonClaw,Earthquake,Protect,RockSlide|Impish||F|||50|]Eelektross||Eelektrossite|Levitate|GrassKnot,Thunderbolt,Protect,Flamethrower|Modest||M|||50|]Sinistcha||KasibBerry|Hospitality|MatchaGotcha,RagePowder,TrickRoom,LifeDew|Bold|||||50|]Primarina||FairyFeather|Torrent|DazzlingGleam,EnergyBall,HyperVoice,Protect|Modest||M|||50|]Vivillon-High Plains||FocusSash|FriendGuard|Tailwind,AirSlash,PollenPuff,Protect|Timid||F|||50|]Sneasler||WhiteHerb|Unburden|FakeOut,CloseCombat,DireClaw,Protect|Adamant||M|||50|
|showteam|p2|Swampert||Swampertite|Torrent|WaveCrash,HighHorsepower,Protect,PoisonJab|Adamant||M|||50|]Archaludon||SitrusBerry|Stamina|ElectroShot,DracoMeteor,FlashCannon,Protect|Calm||F|||50|]Sableye||RoseliBerry|Prankster|FakeOut,RainDance,FoulPlay,WonderRoom|Calm||F|||50|]Palafin||ChoiceScarf|ZerotoHero|FlipTurn,WaveCrash,DrainPunch,Encore|Jolly||M|||50|]Kangaskhan||Kangaskhanite|InnerFocus|FakeOut,IcePunch,DrainPunch,SuckerPunch|Adamant||F|||50|]Garchomp||LifeOrb|RoughSkin|RockSlide,DragonClaw,StompingTantrum,Protect|Jolly||M|||50|
|
|t:|1782183802
|teamsize|p1|4
|teamsize|p2|4
|start
|switch|p1a: Primarina|Primarina, L50, M|100/100
|switch|p1b: Vivillon|Vivillon-High Plains, L50, F|100/100
|switch|p2a: Kangaskhan|Kangaskhan, L50, F|100/100
|switch|p2b: Garchomp|Garchomp, L50, M|100/100
|turn|1
|inactive|Battle timer is ON: inactive players will automatically lose when time's up. (requested by BlackStag52)
|
|t:|1782183831
|detailschange|p2a: Kangaskhan|Kangaskhan-Mega, L50, F
|-mega|p2a: Kangaskhan|Kangaskhan|Kangaskhanite
|move|p1b: Vivillon|Protect|p1b: Vivillon
|-singleturn|p1b: Vivillon|Protect
|move|p1a: Primarina|Protect|p1a: Primarina
|-singleturn|p1a: Primarina|Protect
|move|p2a: Kangaskhan|Fake Out|p1b: Vivillon
|-activate|p1b: Vivillon|move: Protect
|move|p2b: Garchomp|Rock Slide|p1a: Primarina|[spread] 
|-activate|p1a: Primarina|move: Protect
|-activate|p1b: Vivillon|move: Protect
|
|upkeep
|turn|2
|
|t:|1782183846
|move|p2b: Garchomp|Protect|p2b: Garchomp
|-singleturn|p2b: Garchomp|Protect
|move|p1b: Vivillon|Tailwind|p1b: Vivillon
|-sidestart|p1: BlackStag52|move: Tailwind
|move|p1a: Primarina|Dazzling Gleam|p2b: Garchomp|[spread] p2a
|-activate|p2b: Garchomp|move: Protect
|-damage|p2a: Kangaskhan|66/100
|move|p2a: Kangaskhan|Ice Punch|p1b: Vivillon
|-supereffective|p1b: Vivillon|1
|-enditem|p1b: Vivillon|Focus Sash
|-damage|p1b: Vivillon|1/100
|-supereffective|p1b: Vivillon|1
|-damage|p1b: Vivillon|0 fnt
|faint|p1b: Vivillon
|-hitcount|p1: Vivillon|2
|
|upkeep
|
|t:|1782183860
|switch|p1b: Eelektross|Eelektross, L50, M|100/100
|turn|3
|inactive|Federaci has 30 seconds left.
|
|t:|1782183889
|detailschange|p1b: Eelektross|Eelektross-Mega, L50, M
|-mega|p1b: Eelektross|Eelektross|Eelektrossite
|move|p1b: Eelektross|Grass Knot|p2b: Garchomp
|-damage|p2b: Garchomp|69/100
|-damage|p1b: Eelektross|87/100|[from] ability: Rough Skin|[of] p2b: Garchomp
|move|p2b: Garchomp|Dragon Claw|p1b: Eelektross
|-damage|p1b: Eelektross|32/100
|-damage|p2b: Garchomp|59/100|[from] item: Life Orb
|move|p1a: Primarina|Dazzling Gleam|p2b: Garchomp|[spread] p2a,p2b
|-supereffective|p2b: Garchomp|1
|-damage|p2a: Kangaskhan|35/100
|-damage|p2b: Garchomp|0 fnt
|faint|p2b: Garchomp
|move|p2a: Kangaskhan|Drain Punch|p1b: Eelektross
|-damage|p1b: Eelektross|3/100
|-heal|p2a: Kangaskhan|49/100|[from] drain|[of] p1b: Eelektross
|-damage|p1b: Eelektross|0 fnt
|-heal|p2a: Kangaskhan|50/100g|[from] drain|[of] p1b: Eelektross
|faint|p1b: Eelektross
|-hitcount|p1: Eelektross|2
|
|upkeep
|
|t:|1782183909
|switch|p2b: Sableye|Sableye, L50, F|100/100
|switch|p1b: Sneasler|Sneasler, L50, M|100/100
|turn|4
|
|t:|1782183921
|switch|p2a: Archaludon|Archaludon, L50, F|100/100
|move|p1b: Sneasler|Protect|p1b: Sneasler
|-singleturn|p1b: Sneasler|Protect
|move|p1a: Primarina|Protect|p1a: Primarina
|-singleturn|p1a: Primarina|Protect
|move|p2b: Sableye|Fake Out|p1a: Primarina
|-activate|p1a: Primarina|move: Protect
|
|upkeep
|turn|5
|
|t:|1782183938
|move|p2b: Sableye|Rain Dance|p2b: Sableye
|-weather|RainDance
|move|p1b: Sneasler|Close Combat|p2a: Archaludon
|-supereffective|p2a: Archaludon|1
|-damage|p2a: Archaludon|0 fnt
|-unboost|p1b: Sneasler|def|1
|-unboost|p1b: Sneasler|spd|1
|faint|p2a: Archaludon
|-enditem|p1b: Sneasler|White Herb
|-clearnegativeboost|p1b: Sneasler|[silent]
|move|p1a: Primarina|Dazzling Gleam|p2b: Sableye
|-supereffective|p2b: Sableye|1
|-enditem|p2b: Sableye|Roseli Berry|[eat]
|-enditem|p2b: Sableye|Roseli Berry|[weaken]
|-damage|p2b: Sableye|40/100
|
|-weather|RainDance|[upkeep]
|-sideend|p1: BlackStag52|move: Tailwind
|upkeep
|
|t:|1782183951
|switch|p2a: Kangaskhan|Kangaskhan-Mega, L50, F|50/100g
|turn|6
|
|t:|1782183960
|move|p1b: Sneasler|Protect|p1b: Sneasler
|-singleturn|p1b: Sneasler|Protect
|move|p1a: Primarina|Protect|p1a: Primarina
|-singleturn|p1a: Primarina|Protect
|move|p2a: Kangaskhan|Fake Out|p1b: Sneasler
|-activate|p1b: Sneasler|move: Protect
|move|p2b: Sableye|Foul Play|p1b: Sneasler
|-activate|p1b: Sneasler|move: Protect
|
|-weather|RainDance|[upkeep]
|upkeep
|turn|7
|
|t:|1782183984
|move|p1b: Sneasler|Close Combat|p2a: Kangaskhan
|-supereffective|p2a: Kangaskhan|1
|-damage|p2a: Kangaskhan|0 fnt
|-unboost|p1b: Sneasler|def|1
|-unboost|p1b: Sneasler|spd|1
|faint|p2a: Kangaskhan
|move|p1a: Primarina|Dazzling Gleam|p2b: Sableye
|-supereffective|p2b: Sableye|1
|-damage|p2b: Sableye|0 fnt
|faint|p2b: Sableye
|
|win|BlackStag52
|raw|BlackStag52's rating: 1000 → 1046(+46 for winning)
|raw|Federaci's rating: 1052 → 1032(-20 for losing)
