|j|☆EnigmaEUW
|j|☆Rainnold_25
|html|EnigmaEUWRainnold_25    
|uhtml|bestof|Game 3 of a best-of-3
|t:|1757709640
|gametype|doubles
|player|p1|EnigmaEUW|ingo|1150
|player|p2|Rainnold_25|1|1042
|gen|9
|tier|[Gen 9] VGC 2025 Reg H (Bo3)
|rated|
|rule|Species Clause: Limit one of each Pokémon
|rule|Item Clause: Limit 1 of each item
|clearpoke
|poke|p1|Pelipper, L50, M|
|poke|p1|Archaludon, L50, F|
|poke|p1|Incineroar, L50, M|
|poke|p1|Hydreigon, L50, M|
|poke|p1|Ursaluna, L50, M|
|poke|p1|Amoonguss, L50, F|
|poke|p2|Ursaluna, L50, F|
|poke|p2|Sinistcha, L50|
|poke|p2|Dragonite, L50, F|
|poke|p2|Archaludon, L50, M|
|poke|p2|Pelipper, L50, F|
|poke|p2|Basculegion, L50, M|
|teampreview|4
|showteam|p1|Pelipper||CovertCloak|Drizzle|WeatherBall,Hurricane,Tailwind,Protect|||M|||50|,,,,,Grass]Archaludon||AssaultVest|Stamina|ElectroShot,BodyPress,DracoMeteor,FlashCannon|||F|||50|,,,,,Bug]Incineroar||RockyHelmet|Intimidate|FlareBlitz,KnockOff,FakeOut,PartingShot|||M|||50|,,,,,Grass]Hydreigon||SafetyGoggles|Levitate|Snarl,DracoMeteor,Tailwind,Protect|||M|||50|,,,,,Poison]Ursaluna||FlameOrb|Guts|Facade,Earthquake,HeadlongRush,Protect|||M|||50|,,,,,Ghost]Amoonguss||SitrusBerry|Regenerator|Spore,RagePowder,PollenPuff,Protect|||F|||50|,,,,,Water
|showteam|p2|Ursaluna||FlameOrb|Guts|Protect,Earthquake,HeadlongRush,Facade|||F|||50|,,,,,Ghost]Sinistcha||SitrusBerry|Hospitality|RagePowder,LifeDew,TrickRoom,MatchaGotcha||||||50|,,,,,Water]Dragonite||LoadedDice|InnerFocus|Protect,Haze,Tailwind,ScaleShot|||F|||50|,,,,,Fairy]Archaludon||AssaultVest|Stamina|FlashCannon,ElectroShot,Snarl,BodyPress|||M|||50|,,,,,Fighting]Pelipper||FocusSash|Drizzle|Protect,Hurricane,WeatherBall,Tailwind|||F|||50|,,,,,Ghost]Basculegion||LifeOrb|SwiftSwim|Protect,AquaJet,WaveCrash,LastRespects|||M|||50|,,,,,Water
|inactive|Battle timer is ON: inactive players will automatically lose when time's up. (requested by EnigmaEUW)
|inactive|Rainnold_25 has 60 seconds left.
|inactive|EnigmaEUW has 60 seconds left.
|inactive|Rainnold_25 has 30 seconds left.
|inactive|Rainnold_25 has 20 seconds left.
|inactive|Rainnold_25 has 15 seconds left.
|
|t:|1757709717
|teamsize|p1|4
|teamsize|p2|4
|start
|switch|p1a: Amoonguss|Amoonguss, L50, F|100/100
|switch|p1b: Hydreigon|Hydreigon, L50, M|100/100
|switch|p2a: Sinistcha|Sinistcha, L50|100/100
|switch|p2b: Archaludon|Archaludon, L50, M|100/100
|turn|1
|inactive|EnigmaEUW has 30 seconds left.
|
|t:|1757709750
|move|p1b: Hydreigon|Protect|p1b: Hydreigon
|-singleturn|p1b: Hydreigon|Protect
|move|p2a: Sinistcha|Rage Powder|p2a: Sinistcha
|-singleturn|p2a: Sinistcha|move: Rage Powder
|move|p2b: Archaludon|Body Press|p1b: Hydreigon
|-activate|p1b: Hydreigon|move: Protect
|move|p1a: Amoonguss|Spore|p2b: Archaludon
|-status|p2b: Archaludon|slp|[from] move: Spore
|
|upkeep
|turn|2
|inactive|Rainnold_25 has 30 seconds left.
|
|t:|1757709780
|switch|p1a: Ursaluna|Ursaluna, L50, M|100/100
|move|p1b: Hydreigon|Draco Meteor|p2a: Sinistcha
|-damage|p2a: Sinistcha|31/100
|-unboost|p1b: Hydreigon|spa|2
|-enditem|p2a: Sinistcha|Sitrus Berry|[eat]
|-heal|p2a: Sinistcha|56/100|[from] item: Sitrus Berry
|cant|p2b: Archaludon|slp
|move|p2a: Sinistcha|Matcha Gotcha|p1a: Ursaluna|[spread] p1a,p1b
|-supereffective|p1a: Ursaluna
|-resisted|p1b: Hydreigon
|-damage|p1a: Ursaluna|52/100
|-heal|p2a: Sinistcha|85/100|[from] drain|[of] p1a: Ursaluna
|-damage|p1b: Hydreigon|88/100
|-heal|p2a: Sinistcha|92/100|[from] drain|[of] p1b: Hydreigon
|
|-status|p1a: Ursaluna|brn|[from] item: Flame Orb
|upkeep
|turn|3
|inactive|EnigmaEUW has 30 seconds left.
|inactive|Rainnold_25 has 30 seconds left.
|inactive|Rainnold_25 has 20 seconds left.
|inactive|Rainnold_25 has 15 seconds left.
|inactive|Rainnold_25 has 10 seconds left.
|inactive|Rainnold_25 has 5 seconds left.
|
|t:|1757709834
|switch|p1b: Amoonguss|Amoonguss, L50, F|100/100
|switch|p2b: Pelipper|Pelipper, L50, F|100/100
|-weather|RainDance|[from] ability: Drizzle|[of] p2b: Pelipper
|move|p1a: Ursaluna|Protect|p1a: Ursaluna
|-singleturn|p1a: Ursaluna|Protect
|move|p2a: Sinistcha|Matcha Gotcha|p1a: Ursaluna|[spread] p1b
|-activate|p1a: Ursaluna|move: Protect
|-resisted|p1b: Amoonguss
|-crit|p1b: Amoonguss
|-damage|p1b: Amoonguss|92/100
|-heal|p2a: Sinistcha|97/100|[from] drain|[of] p1b: Amoonguss
|
|-weather|RainDance|[upkeep]
|-damage|p1a: Ursaluna|46/100 brn|[from] brn
|upkeep
|turn|4
|inactive|Rainnold_25 has 30 seconds left.
|
|t:|1757709864
|switch|p1a: Hydreigon|Hydreigon, L50, M|88/100
|move|p2b: Pelipper|Hurricane|p1b: Amoonguss
|-supereffective|p1b: Amoonguss
|-damage|p1b: Amoonguss|2/100
|-enditem|p1b: Amoonguss|Sitrus Berry|[eat]
|-heal|p1b: Amoonguss|27/100|[from] item: Sitrus Berry
|move|p2a: Sinistcha|Matcha Gotcha|p1a: Hydreigon|[spread] p1b
|-miss|p2a: Sinistcha|p1a: Hydreigon
|-resisted|p1b: Amoonguss
|-damage|p1b: Amoonguss|22/100
|-heal|p2a: Sinistcha|99/100|[from] drain|[of] p1b: Amoonguss
|move|p1b: Amoonguss|Pollen Puff|p1a: Hydreigon
|-heal|p1a: Hydreigon|100/100
|
|-weather|RainDance|[upkeep]
|upkeep
|turn|5
|inactive|Rainnold_25 has 30 seconds left.
|inactive|Rainnold_25 has 20 seconds left.
|inactive|Rainnold_25 has 15 seconds left.
|
|t:|1757709908
|switch|p1b: Incineroar|Incineroar, L50, M|100/100
|-ability|p1b: Incineroar|Intimidate|boost
|-unboost|p2a: Sinistcha|atk|1
|-unboost|p2b: Pelipper|atk|1
|move|p1a: Hydreigon|Snarl|p2a: Sinistcha|[spread] p2a,p2b
|-supereffective|p2a: Sinistcha
|-damage|p2a: Sinistcha|55/100
|-damage|p2b: Pelipper|63/100
|-unboost|p2a: Sinistcha|spa|1
|-unboost|p2b: Pelipper|spa|1
|move|p2b: Pelipper|Weather Ball|p1b: Incineroar
|-supereffective|p1b: Incineroar
|-damage|p1b: Incineroar|33/100
|move|p2a: Sinistcha|Matcha Gotcha|p1b: Incineroar|[spread] p1a,p1b
|-resisted|p1a: Hydreigon
|-resisted|p1b: Incineroar
|-damage|p1a: Hydreigon|92/100
|-heal|p2a: Sinistcha|59/100|[from] drain|[of] p1a: Hydreigon
|-damage|p1b: Incineroar|28/100
|-heal|p2a: Sinistcha|63/100|[from] drain|[of] p1b: Incineroar
|
|-weather|RainDance|[upkeep]
|upkeep
|turn|6
|inactive|EnigmaEUW has 30 seconds left.
|inactive|Rainnold_25 has 30 seconds left.
|inactive|EnigmaEUW has 20 seconds left.
|inactive|Rainnold_25 has 20 seconds left.
|inactive|Rainnold_25 has 15 seconds left.
|inactive|EnigmaEUW has 15 seconds left.
|inactive|Rainnold_25 has 10 seconds left.
|inactive|EnigmaEUW has 10 seconds left.
|
|t:|1757709958
|switch|p2b: Archaludon|Archaludon, L50, M|100/100 slp
|-terastallize|p2a: Sinistcha|Water
|move|p1b: Incineroar|Fake Out|p2b: Archaludon
|-resisted|p2b: Archaludon
|-damage|p2b: Archaludon|97/100 slp
|-ability|p2b: Archaludon|Stamina|boost
|-boost|p2b: Archaludon|def|1
|move|p1a: Hydreigon|Draco Meteor|p2b: Archaludon|[miss]
|-miss|p1a: Hydreigon|p2b: Archaludon
|move|p2a: Sinistcha|Life Dew|p2a: Sinistcha|[spread] p2a,p2b
|-heal|p2a: Sinistcha|88/100
|-heal|p2b: Archaludon|100/100 slp
|
|-weather|RainDance|[upkeep]
|upkeep
|turn|7
|inactive|Rainnold_25 has 30 seconds left.
|inactive|EnigmaEUW has 30 seconds left.
|inactive|EnigmaEUW has 20 seconds left.
|
|t:|1757710003
|switch|p1b: Amoonguss|Amoonguss, L50, F|55/100
|move|p1a: Hydreigon|Draco Meteor|p2a: Sinistcha
|-damage|p2a: Sinistcha|11/100
|-unboost|p1a: Hydreigon|spa|2
|-curestatus|p2b: Archaludon|slp|[msg]
|move|p2b: Archaludon|Body Press|p1a: Hydreigon
|-supereffective|p1a: Hydreigon
|-damage|p1a: Hydreigon|6/100
|move|p2a: Sinistcha|Matcha Gotcha|p1a: Hydreigon|[spread] p1a,p1b
|-resisted|p1a: Hydreigon
|-resisted|p1b: Amoonguss
|-damage|p1a: Hydreigon|0 fnt
|-heal|p2a: Sinistcha|13/100|[from] drain|[of] p1a: Hydreigon
|-damage|p1b: Amoonguss|52/100
|-heal|p2a: Sinistcha|16/100|[from] drain|[of] p1b: Amoonguss
|faint|p1a: Hydreigon
|
|-weather|none
|upkeep
|
|t:|1757710026
|switch|p1a: Ursaluna|Ursaluna, L50, M|46/100 brn
|turn|8
|inactive|Rainnold_25 has 30 seconds left.
|
|t:|1757710060
|-terastallize|p1a: Ursaluna|Ghost
|move|p2b: Archaludon|Body Press|p1b: Amoonguss
|-resisted|p1b: Amoonguss
|-damage|p1b: Amoonguss|39/100
|move|p1a: Ursaluna|Facade|p2a: Sinistcha
|-damage|p2a: Sinistcha|0 fnt
|faint|p2a: Sinistcha
|move|p1b: Amoonguss|Pollen Puff|p1a: Ursaluna
|-heal|p1a: Ursaluna|95/100 brn
|
|-damage|p1a: Ursaluna|89/100 brn|[from] brn
|upkeep
|
|t:|1757710079
|switch|p2a: Pelipper|Pelipper, L50, F|63/100
|-weather|RainDance|[from] ability: Drizzle|[of] p2a: Pelipper
|turn|9
|
|t:|1757710090
|move|p2a: Pelipper|Hurricane|p1b: Amoonguss
|-supereffective|p1b: Amoonguss
|-damage|p1b: Amoonguss|0 fnt
|faint|p1b: Amoonguss
|move|p2b: Archaludon|Electro Shot||[still]
|-prepare|p2b: Archaludon|Electro Shot
|-boost|p2b: Archaludon|spa|1
|-anim|p2b: Archaludon|Electro Shot|p1a: Ursaluna
|-damage|p1a: Ursaluna|36/100 brn
|move|p1a: Ursaluna|Facade|p2a: Pelipper
|-damage|p2a: Pelipper|0 fnt
|faint|p2a: Pelipper
|
|-weather|RainDance|[upkeep]
|-damage|p1a: Ursaluna|30/100 brn|[from] brn
|upkeep
|
|t:|1757710105
|switch|p2a: Basculegion|Basculegion, L50, M|100/100
|switch|p1b: Incineroar|Incineroar, L50, M|28/100
|-ability|p1b: Incineroar|Intimidate|boost
|-unboost|p2a: Basculegion|atk|1
|-unboost|p2b: Archaludon|atk|1
|turn|10
|inactive|Rainnold_25 has 30 seconds left.
|inactive|Rainnold_25 has 20 seconds left.
|
|t:|1757710144
|move|p1a: Ursaluna|Protect|p1a: Ursaluna
|-singleturn|p1a: Ursaluna|Protect
|move|p2a: Basculegion|Wave Crash|p1b: Incineroar
|-supereffective|p1b: Incineroar
|-damage|p1b: Incineroar|0 fnt
|-damage|p2a: Basculegion|84/100|[from] item: Rocky Helmet|[of] p1b: Incineroar
|faint|p1b: Incineroar
|-damage|p2a: Basculegion|75/100|[from] Recoil
|-damage|p2a: Basculegion|65/100|[from] item: Life Orb
|move|p2b: Archaludon|Body Press|p1a: Ursaluna
|-activate|p1a: Ursaluna|move: Protect
|
|-weather|RainDance|[upkeep]
|-damage|p1a: Ursaluna|24/100 brn|[from] brn
|upkeep
|turn|11
|inactive|Rainnold_25 has 30 seconds left.
|inactive|Rainnold_25 has 20 seconds left.
|
|t:|1757710180
|move|p2a: Basculegion|Wave Crash|p1a: Ursaluna
|-damage|p1a: Ursaluna|0 fnt
|faint|p1a: Ursaluna
|-damage|p2a: Basculegion|57/100|[from] Recoil
|-damage|p2a: Basculegion|47/100|[from] item: Life Orb
|
|win|Rainnold_25
|raw|EnigmaEUW's rating: 1150 → 1117(-33 for losing)
|raw|Rainnold_25's rating: 1042 → 1086(+44 for winning)
