|j|☆LeonardPlayz
|j|☆sturmkitten69
|html|LeonardPlayzsturmkitten69    
|uhtml|bestof|Game 3 of a best-of-3
|t:|1783665146
|gametype|doubles
|player|p1|LeonardPlayz|hilbert-wonderlauncher|1138
|player|p2|sturmkitten69|fisherman-gen4|1051
|gen|9
|tier|[Gen 9 Champions] VGC 2026 Reg M-B (Bo3)
|rated|
|rule|Species Clause: Limit one of each Pokémon
|rule|Item Clause: Limit 1 of each item
|clearpoke
|poke|p1|Froslass, L50, F|
|poke|p1|Excadrill, L50, M|
|poke|p1|Kleavor, L50, F|
|poke|p1|Vivillon, L50, M|
|poke|p1|Incineroar, L50, F|
|poke|p1|Maushold-Four, L50|
|poke|p2|Gengar, L50, M|
|poke|p2|Aerodactyl, L50, F|
|poke|p2|Meganium, L50, F|
|poke|p2|Politoed, L50, F|
|poke|p2|Archaludon, L50, F|
|poke|p2|Sableye, L50, F|
|teampreview|4
|showteam|p1|Froslass||Froslassite|CursedBody|NastyPlot,Blizzard,ShadowBall,Protect|Timid||F|||50|]Excadrill||Excadrite|MoldBreaker|IronHead,HighHorsepower,RockSlide,Protect|Jolly||M|||50|]Kleavor||WhiteHerb|Sharpness|StoneAxe,XScissor,CloseCombat,Protect|Adamant||F|||50|]Vivillon||FocusSash|CompoundEyes|Tailwind,Hurricane,SleepPowder,Protect|Timid||M|||50|]Incineroar||SitrusBerry|Intimidate|FakeOut,ThroatChop,FlareBlitz,PartingShot|Careful||F|||50|]Maushold-Four||WideLens|Technician|FollowMe,PopulationBomb,Taunt,Protect|Jolly|||||50|
|showteam|p2|Gengar||Gengarite|CursedBody|ShadowBall,PerishSong,Taunt,Protect|Timid||M|||50|]Aerodactyl||FocusSash|Unnerve|Tailwind,Protect,RockSlide,IceFang|Jolly||F|||50|]Meganium||Meganiumite|LeafGuard|WeatherBall,SolarBeam,DazzlingGleam,Protect|Modest||F|||50|]Politoed||SitrusBerry|Drizzle|Protect,WeatherBall,PerishSong,Surf|Bold||F|||50|]Archaludon||Leftovers|Stamina|ElectroShot,DragonPulse,AuraSphere,Protect|Calm||F|||50|]Sableye||LightClay|Prankster|LightScreen,Reflect,RainDance,Encore|Calm||F|||50|
|inactive|Battle timer is ON: inactive players will automatically lose when time's up. (requested by LeonardPlayz)
|
|t:|1783665165
|teamsize|p1|4
|teamsize|p2|4
|start
|switch|p1a: Vivillon|Vivillon, L50, M|100/100
|switch|p1b: Tom|Incineroar, L50, F|100/100
|switch|p2a: Gengar|Gengar, L50, M|100/100
|switch|p2b: Aerodactyl|Aerodactyl, L50, F|100/100
|-ability|p2b: Aerodactyl|Unnerve
|-ability|p1b: Tom|Intimidate|boost
|-unboost|p2a: Gengar|atk|1
|-unboost|p2b: Aerodactyl|atk|1
|turn|1
|
|t:|1783665179
|detailschange|p2a: Gengar|Gengar-Mega, L50, M
|-mega|p2a: Gengar|Gengar|Gengarite
|move|p1b: Tom|Fake Out|p2b: Aerodactyl
|-resisted|p2b: Aerodactyl|1
|-damage|p2b: Aerodactyl|90/100
|move|p2a: Gengar|Taunt|p1a: Vivillon
|-start|p1a: Vivillon|move: Taunt
|cant|p2b: Aerodactyl|flinch
|cant|p1a: Vivillon|move: Taunt|Tailwind
|
|upkeep
|turn|2
|
|t:|1783665203
|move|p2a: Gengar|Protect|p2a: Gengar
|-singleturn|p2a: Gengar|Protect
|move|p2b: Aerodactyl|Rock Slide|p1b: Tom|[spread] p1a,p1b
|-supereffective|p1a: Vivillon|2
|-supereffective|p1b: Tom|1
|-enditem|p1a: Vivillon|Focus Sash
|-damage|p1a: Vivillon|1/100
|-damage|p1b: Tom|70/100
|move|p1a: Vivillon|Hurricane|p2a: Gengar
|-activate|p2a: Gengar|move: Protect
|cant|p1b: Tom|flinch
|
|upkeep
|turn|3
|
|t:|1783665220
|move|p2b: Aerodactyl|Rock Slide|p1b: Tom|[spread] p1a,p1b
|-supereffective|p1a: Vivillon|2
|-supereffective|p1b: Tom|1
|-damage|p1a: Vivillon|0 fnt
|-damage|p1b: Tom|39/100
|faint|p1a: Vivillon
|move|p2a: Gengar|Taunt|p1b: Tom
|-start|p1b: Tom|move: Taunt
|cant|p1b: Tom|move: Taunt|Parting Shot
|
|upkeep
|
|t:|1783665228
|switch|p1a: Excadrill|Excadrill, L50, M|100/100
|-ability|p1a: Excadrill|Mold Breaker
|turn|4
|
|t:|1783665238
|detailschange|p1a: Excadrill|Excadrill-Mega, L50, M
|-mega|p1a: Excadrill|Excadrill|Excadrite
|move|p2b: Aerodactyl|Tailwind|p2b: Aerodactyl
|-sidestart|p2: sturmkitten69|move: Tailwind
|move|p2a: Gengar|Perish Song|p2a: Gengar
|-start|p1a: Excadrill|perish3|[silent]
|-start|p1b: Tom|perish3|[silent]
|-start|p2a: Gengar|perish3|[silent]
|-start|p2b: Aerodactyl|perish3|[silent]
|-fieldactivate|move: Perish Song
|move|p1a: Excadrill|High Horsepower|p2a: Gengar
|-supereffective|p2a: Gengar|1
|-damage|p2a: Gengar|0 fnt
|faint|p2a: Gengar
|move|p1b: Tom|Throat Chop|p2b: Aerodactyl
|-damage|p2b: Aerodactyl|40/100
|-start|p2b: Aerodactyl|Throat Chop|[silent]
|
|-start|p2b: Aerodactyl|perish3
|-start|p1a: Excadrill|perish3
|-start|p1b: Tom|perish3
|upkeep
|
|t:|1783665252
|switch|p2a: Politoed|Politoed, L50, F|100/100
|-weather|RainDance|[from] ability: Drizzle|[of] p2a: Politoed
|turn|5
|
|t:|1783665265
|switch|p1b: Froslass|Froslass, L50, F|100/100
|move|p1a: Excadrill|Protect|p1a: Excadrill
|-singleturn|p1a: Excadrill|Protect
|move|p2b: Aerodactyl|Rock Slide|p1b: Froslass|[spread] p1b
|-activate|p1a: Excadrill|move: Protect
|-supereffective|p1b: Froslass|1
|-damage|p1b: Froslass|40/100
|move|p2a: Politoed|Weather Ball|p1a: Excadrill
|-activate|p1a: Excadrill|move: Protect
|
|-weather|RainDance|[upkeep]
|-end|p2b: Aerodactyl|Throat Chop|[silent]
|-start|p2b: Aerodactyl|perish2
|-start|p1a: Excadrill|perish2
|upkeep
|turn|6
|
|t:|1783665288
|switch|p1a: Tom|Incineroar, L50, F|39/100
|-ability|p1a: Tom|Intimidate|boost
|-unboost|p2a: Politoed|atk|1
|-unboost|p2b: Aerodactyl|atk|1
|move|p1b: Froslass|Protect|p1b: Froslass
|-singleturn|p1b: Froslass|Protect
|move|p2b: Aerodactyl|Rock Slide|p1a: Tom|[spread] p1a
|-activate|p1b: Froslass|move: Protect
|-supereffective|p1a: Tom|1
|-damage|p1a: Tom|17/100
|move|p2a: Politoed|Surf|p1b: Froslass|[spread] p2b,p1a
|-activate|p1b: Froslass|move: Protect
|-supereffective|p2b: Aerodactyl|1
|-supereffective|p1a: Tom|1
|-damage|p2b: Aerodactyl|0 fnt
|-damage|p1a: Tom|0 fnt
|faint|p2b: Aerodactyl
|faint|p1a: Tom
|
|-weather|RainDance|[upkeep]
|upkeep
|
|t:|1783665304
|switch|p2b: Archaludon|Archaludon, L50, F|100/100
|switch|p1a: Excadrill|Excadrill-Mega, L50, M|100/100
|turn|7
|
|t:|1783665333
|move|p1b: Froslass|Protect||[still]
|-fail|p1b: Froslass
|move|p1a: Excadrill|Protect|p1a: Excadrill
|-singleturn|p1a: Excadrill|Protect
|move|p2b: Archaludon|Aura Sphere|p1a: Excadrill
|-activate|p1a: Excadrill|move: Protect
|move|p2a: Politoed|Perish Song|p2a: Politoed
|-start|p1a: Excadrill|perish3|[silent]
|-start|p1b: Froslass|perish3|[silent]
|-start|p2a: Politoed|perish3|[silent]
|-start|p2b: Archaludon|perish3|[silent]
|-fieldactivate|move: Perish Song
|
|-weather|RainDance|[upkeep]
|-start|p2b: Archaludon|perish3
|-start|p2a: Politoed|perish3
|-start|p1b: Froslass|perish3
|-start|p1a: Excadrill|perish3
|-sideend|p2: sturmkitten69|move: Tailwind
|upkeep
|turn|8
|
|t:|1783665355
|move|p2a: Politoed|Protect|p2a: Politoed
|-singleturn|p2a: Politoed|Protect
|move|p1b: Froslass|Shadow Ball|p2a: Politoed
|-activate|p2a: Politoed|move: Protect
|move|p1a: Excadrill|High Horsepower|p2a: Politoed
|-ability|p1a: Excadrill|Piercing Drill
|-zbroken|p2a: Politoed
|-damage|p2a: Politoed|85/100
|move|p2b: Archaludon|Aura Sphere|p1a: Excadrill
|-supereffective|p1a: Excadrill|1
|-damage|p1a: Excadrill|40/100
|
|-weather|RainDance|[upkeep]
|-start|p1b: Froslass|perish2
|-start|p1a: Excadrill|perish2
|-start|p2b: Archaludon|perish2
|-start|p2a: Politoed|perish2
|upkeep
|turn|9
|
|t:|1783665375
|move|p2b: Archaludon|Protect|p2b: Archaludon
|-singleturn|p2b: Archaludon|Protect
|move|p1b: Froslass|Shadow Ball|p2a: Politoed
|-damage|p2a: Politoed|56/100
|-unboost|p2a: Politoed|spd|1
|move|p1a: Excadrill|High Horsepower|p2a: Politoed
|-damage|p2a: Politoed|0 fnt
|faint|p2a: Politoed
|
|-weather|none
|-start|p1b: Froslass|perish1
|-start|p1a: Excadrill|perish1
|-start|p2b: Archaludon|perish1
|upkeep
|turn|10
|
|t:|1783665395
|move|p1b: Froslass|Nasty Plot|p1b: Froslass
|-boost|p1b: Froslass|spa|2
|move|p1a: Excadrill|High Horsepower|p2b: Archaludon
|-supereffective|p2b: Archaludon|1
|-damage|p2b: Archaludon|14/100
|-ability|p2b: Archaludon|Stamina|boost
|-boost|p2b: Archaludon|def|1
|move|p2b: Archaludon|Aura Sphere|p1a: Excadrill
|-supereffective|p1a: Excadrill|1
|-damage|p1a: Excadrill|0 fnt
|faint|p1a: Excadrill
|
|-heal|p2b: Archaludon|20/100y|[from] item: Leftovers
|-start|p1b: Froslass|perish0
|-start|p2b: Archaludon|perish0
|upkeep
|faint|p1b: Froslass
|faint|p2b: Archaludon
|
|win|sturmkitten69
|raw|LeonardPlayz's rating: 1138 → 1107(-31 for losing)
|raw|sturmkitten69's rating: 1051 → 1091(+40 for winning)
|c|☆LeonardPlayz|gg
|c|☆sturmkitten69|gg
