|j|☆vonhemmoltz
|j|☆WASHINGTONGARGACHA
|html|vonhemmoltzWASHINGTONGARGACHA    
|uhtml|bestof|Game 2 of a best-of-3
|t:|1756608186
|gametype|doubles
|player|p1|vonhemmoltz|102|1358
|player|p2|WASHINGTONGARGACHA|170|1170
|gen|9
|tier|[Gen 9] VGC 2025 Reg H (Bo3)
|rated|
|rule|Species Clause: Limit one of each Pokémon
|rule|Item Clause: Limit 1 of each item
|clearpoke
|poke|p1|Baxcalibur, L50, M|
|poke|p1|Primarina, L50, F|
|poke|p1|Incineroar, L50, M|
|poke|p1|Blaziken, L50, F|
|poke|p1|Ursaluna, L50, F|
|poke|p1|Porygon2, L50|
|poke|p2|Gholdengo, L50|
|poke|p2|Ursaluna, L50, M|
|poke|p2|Archaludon, L50, M|
|poke|p2|Murkrow, L50, F|
|poke|p2|Farigiraf, L50, M|
|poke|p2|Basculegion, L50, M|
|teampreview|4
|showteam|p1|Baxcalibur||LoadedDice|ThermalExchange|IcicleSpear,ScaleShot,IceShard,Protect|||M|||50|,,,,,Water]Primarina||ThroatSpray|LiquidVoice|HyperVoice,Moonblast,Haze,Protect|||F|||50|,,,,,Steel]Incineroar||SafetyGoggles|Intimidate|FlareBlitz,KnockOff,PartingShot,FakeOut|||M|||50|,,,,,Ghost]Blaziken||FocusSash|SpeedBoost|HeatWave,AuraSphere,Coaching,Detect|||F|||50|,,,,,Ghost]Ursaluna||FlameOrb|Guts|Facade,HeadlongRush,Earthquake,Protect|||F|||50|,,,,,Ghost]Porygon2||Eviolite|Download|TrickRoom,Recover,TeraBlast,IceBeam||||||50|,,,,,Fighting
|showteam|p2|Gholdengo||LifeOrb|GoodasGold|ShadowBall,MakeItRain,NastyPlot,Protect||||||50|,,,,,Water]Ursaluna||FlameOrb|Guts|Facade,Earthquake,Protect,HeadlongRush|||M|||50|,,,,,Ghost]Archaludon||PowerHerb|Stamina|ElectroShot,FlashCannon,DracoMeteor,Protect|||M|||50|,,,,,Grass]Murkrow||Eviolite|Prankster|Tailwind,RainDance,FoulPlay,Haze|||F|||50|,,,,,Dark]Farigiraf||ThroatSpray|ArmorTail|HyperVoice,TrickRoom,Psychic,Protect|||M|||50|,,,,,Fairy]Basculegion||MysticWater|SwiftSwim|Protect,AquaJet,WaveCrash,LastRespects|||M|||50|,,,,,Water
|inactive|Battle timer is ON: inactive players will automatically lose when time's up. (requested by vonhemmoltz)
|
|t:|1756608232
|teamsize|p1|4
|teamsize|p2|4
|start
|switch|p1a: Blaziken|Blaziken, L50, F|100/100
|switch|p1b: Baxcalibur|Baxcalibur, L50, M|100/100
|switch|p2a: Murkrow|Murkrow, L50, F|100/100
|switch|p2b: Basculegion|Basculegion, L50, M|100/100
|turn|1
|inactive|WASHINGTONGARGACHA has 30 seconds left.
|
|t:|1756608260
|switch|p2a: Ursaluna|Ursaluna, L50, M|100/100
|move|p1a: Blaziken|Detect|p1a: Blaziken
|-singleturn|p1a: Blaziken|Protect
|move|p1b: Baxcalibur|Scale Shot|p2b: Basculegion
|-damage|p2b: Basculegion|82/100
|-damage|p2b: Basculegion|63/100
|-damage|p2b: Basculegion|44/100
|-damage|p2b: Basculegion|25/100
|-hitcount|p2b: Basculegion|4
|-unboost|p1b: Baxcalibur|def|1
|-boost|p1b: Baxcalibur|spe|1
|move|p2b: Basculegion|Wave Crash|p1a: Blaziken
|-activate|p1a: Blaziken|move: Protect
|
|-ability|p1a: Blaziken|Speed Boost|boost
|-boost|p1a: Blaziken|spe|1
|-status|p2a: Ursaluna|brn|[from] item: Flame Orb
|upkeep
|turn|2
|inactive|vonhemmoltz has 30 seconds left.
|inactive|WASHINGTONGARGACHA has 30 seconds left.
|
|t:|1756608292
|-terastallize|p2b: Basculegion|Water
|move|p2b: Basculegion|Aqua Jet|p1a: Blaziken
|-supereffective|p1a: Blaziken
|-enditem|p1a: Blaziken|Focus Sash
|-damage|p1a: Blaziken|1/100
|move|p1a: Blaziken|Coaching|p1b: Baxcalibur
|-boost|p1b: Baxcalibur|atk|1
|-boost|p1b: Baxcalibur|def|1
|move|p1b: Baxcalibur|Icicle Spear|p2a: Ursaluna
|-supereffective|p2a: Ursaluna
|-damage|p2a: Ursaluna|69/100 brn
|-supereffective|p2a: Ursaluna
|-damage|p2a: Ursaluna|35/100 brn
|-supereffective|p2a: Ursaluna
|-damage|p2a: Ursaluna|0 fnt
|faint|p2a: Ursaluna
|-hitcount|p2: Ursaluna|3
|
|-ability|p1a: Blaziken|Speed Boost|boost
|-boost|p1a: Blaziken|spe|1
|upkeep
|
|t:|1756608308
|switch|p2a: Murkrow|Murkrow, L50, F|100/100
|turn|3
|l|☆vonhemmoltz
|inactive|vonhemmoltz disconnected and has a minute to reconnect!
|player|p1|
|j|☆vonhemmoltz
|inactive|vonhemmoltz reconnected and has 50 seconds left.
|player|p1|vonhemmoltz|102|
|
|t:|1756608330
|move|p1a: Blaziken|Detect|p1a: Blaziken
|-singleturn|p1a: Blaziken|Protect
|move|p2b: Basculegion|Aqua Jet|p1a: Blaziken
|-activate|p1a: Blaziken|move: Protect
|move|p2a: Murkrow|Haze|p2a: Murkrow
|-clearallboost
|move|p1b: Baxcalibur|Scale Shot|p2b: Basculegion
|-damage|p2b: Basculegion|4/100
|-damage|p2b: Basculegion|0 fnt
|faint|p2b: Basculegion
|-hitcount|p2: Basculegion|2
|-unboost|p1b: Baxcalibur|def|1
|-boost|p1b: Baxcalibur|spe|1
|
|-ability|p1a: Blaziken|Speed Boost|boost
|-boost|p1a: Blaziken|spe|1
|upkeep
|
|t:|1756608346
|switch|p2b: Archaludon|Archaludon, L50, M|100/100
|turn|4
|
|t:|1756608363
|move|p2b: Archaludon|Protect|p2b: Archaludon
|-singleturn|p2b: Archaludon|Protect
|move|p2a: Murkrow|Rain Dance|p2a: Murkrow
|-weather|RainDance
|move|p1a: Blaziken|Aura Sphere|p2b: Archaludon
|-activate|p2b: Archaludon|move: Protect
|move|p1b: Baxcalibur|Icicle Spear|p2a: Murkrow
|-supereffective|p2a: Murkrow
|-damage|p2a: Murkrow|54/100
|-supereffective|p2a: Murkrow
|-damage|p2a: Murkrow|13/100
|-supereffective|p2a: Murkrow
|-crit|p2a: Murkrow
|-damage|p2a: Murkrow|0 fnt
|faint|p2a: Murkrow
|-hitcount|p2: Murkrow|3
|
|-weather|RainDance|[upkeep]
|-ability|p1a: Blaziken|Speed Boost|boost
|-boost|p1a: Blaziken|spe|1
|upkeep
|turn|5
|-message|WASHINGTONGARGACHA forfeited.
|raw|vonhemmoltz's rating: 1358 → 1368(+10 for winning)
|raw|WASHINGTONGARGACHA's rating: 1170 → 1157(-13 for losing)
|
|win|vonhemmoltz
