|j|☆ming0mang0
|j|☆luckstat10
|html|ming0mang0luckstat10    
|uhtml|bestof|Game 2 of a best-of-3
|t:|1756832579
|gametype|doubles
|player|p1|ming0mang0|harlequin|1028
|player|p2|luckstat10|265|1114
|gen|9
|tier|[Gen 9] VGC 2025 Reg H (Bo3)
|rated|
|rule|Species Clause: Limit one of each Pokémon
|rule|Item Clause: Limit 1 of each item
|clearpoke
|poke|p1|Sneasler, L50, F|
|poke|p1|Indeedee, L50, M|
|poke|p1|Ursaluna-Bloodmoon, L50, M|
|poke|p1|Electabuzz, L50, M|
|poke|p1|Incineroar, L50, F|
|poke|p1|Talonflame, L50, M|
|poke|p2|Rillaboom, L50, M|
|poke|p2|Sneasler, L50, F|
|poke|p2|Gholdengo, L50|
|poke|p2|Volcarona, L50, F|
|poke|p2|Ninetales-Alola, L50, M|
|poke|p2|Incineroar, L50, M|
|teampreview|4
|showteam|p1|Sneasler||PsychicSeed|Unburden|CloseCombat,DireClaw,ThroatChop,Protect|||F|||50|,,,,,Dark]Indeedee||FocusSash|PsychicSurge|ExpandingForce,TrickRoom,HelpingHand,Protect|||M|||50|,,,,,Psychic]Ursaluna-Bloodmoon||LifeOrb|MindsEye|BloodMoon,HyperVoice,EarthPower,Protect|||M|||50|,,,,,Normal]Electabuzz||Eviolite|VitalSpirit|Electroweb,FollowMe,Taunt,Protect|||M|||50|,,,,,Dragon]Incineroar||SafetyGoggles|Intimidate|FlareBlitz,KnockOff,PartingShot,FakeOut|||F|||50|,,,,,Ghost]Talonflame||CovertCloak|GaleWings|FlareBlitz,DualWingbeat,WillOWisp,Tailwind|||M|||50|,,,,,Fairy
|showteam|p2|Rillaboom||AssaultVest|GrassySurge|FakeOut,WoodHammer,GrassyGlide,HighHorsepower|||M|||50|,,,,,Fire]Sneasler||FocusSash|PoisonTouch|FakeOut,CloseCombat,DireClaw,Protect|||F|||50|,,,,,Stellar]Gholdengo||LifeOrb|GoodasGold|NastyPlot,MakeItRain,ShadowBall,Protect||||||50|,,,,,Water]Volcarona||SitrusBerry|FlameBody|QuiverDance,HeatWave,GigaDrain,Protect|||F|||50|,,,,,Grass]Ninetales-Alola||CovertCloak|SnowWarning|Blizzard,IcyWind,Moonblast,Protect|||M|||50|,,,,,Poison]Incineroar||SafetyGoggles|Intimidate|FakeOut,KnockOff,FlareBlitz,Taunt|||M|||50|,,,,,Ghost
|
|t:|1756832708
|teamsize|p1|4
|teamsize|p2|4
|start
|switch|p1a: Ursaluna|Ursaluna-Bloodmoon, L50, M|100/100
|switch|p1b: Electabuzz|Electabuzz, L50, M|100/100
|switch|p2a: Mothers|Volcarona, L50, F, shiny|100/100
|switch|p2b: Incineroar|Incineroar, L50, M, shiny|100/100
|-ability|p2b: Incineroar|Intimidate|boost
|-unboost|p1a: Ursaluna|atk|1
|-unboost|p1b: Electabuzz|atk|1
|turn|1
|
|t:|1756832743
|move|p1a: Ursaluna|Protect|p1a: Ursaluna
|-singleturn|p1a: Ursaluna|Protect
|move|p2b: Incineroar|Fake Out|p1b: Electabuzz
|-damage|p1b: Electabuzz|90/100
|cant|p1b: Electabuzz|flinch
|move|p2a: Mothers|Quiver Dance|p2a: Mothers
|-boost|p2a: Mothers|spa|1
|-boost|p2a: Mothers|spd|1
|-boost|p2a: Mothers|spe|1
|
|upkeep
|turn|2
|inactive|Battle timer is ON: inactive players will automatically lose when time's up. (requested by luckstat10)
|
|t:|1756832887
|switch|p2b: Koba|Rillaboom, L50, M, shiny|100/100
|-fieldstart|move: Grassy Terrain|[from] ability: Grassy Surge|[of] p2b: Koba
|move|p2a: Mothers|Heat Wave|p1a: Ursaluna|[spread] p1a,p1b
|-damage|p1a: Ursaluna|31/100
|-damage|p1b: Electabuzz|39/100
|-status|p1b: Electabuzz|brn
|move|p1b: Electabuzz|Electroweb|p2b: Koba|[spread] p2a,p2b
|-crit|p2a: Mothers
|-resisted|p2b: Koba
|-damage|p2a: Mothers|81/100
|-damage|p2b: Koba|96/100
|-unboost|p2a: Mothers|spe|1
|-unboost|p2b: Koba|spe|1
|move|p1a: Ursaluna|Blood Moon|p2a: Mothers
|-damage|p2a: Mothers|13/100
|-enditem|p2a: Mothers|Sitrus Berry|[eat]
|-heal|p2a: Mothers|38/100|[from] item: Sitrus Berry
|-damage|p1a: Ursaluna|21/100|[from] item: Life Orb
|
|-heal|p1b: Electabuzz|45/100 brn|[from] Grassy Terrain
|-heal|p2a: Mothers|44/100|[from] Grassy Terrain
|-heal|p1a: Ursaluna|27/100|[from] Grassy Terrain
|-heal|p2b: Koba|100/100|[from] Grassy Terrain
|-damage|p1b: Electabuzz|39/100 brn|[from] brn
|upkeep
|turn|3
|inactive|ming0mang0 has 30 seconds left.
|inactive|ming0mang0 has 20 seconds left.
|
|t:|1756832923
|switch|p1a: Indeedee|Indeedee, L50, M|100/100
|-fieldstart|move: Psychic Terrain|[from] ability: Psychic Surge|[of] p1a: Indeedee
|move|p2b: Koba|Fake Out|p1a: Indeedee
|-activate|p1a: Indeedee|move: Psychic Terrain
|move|p1b: Electabuzz|Electroweb|p2a: Mothers|[spread] p2a,p2b
|-resisted|p2b: Koba
|-damage|p2a: Mothers|35/100
|-damage|p2b: Koba|95/100
|-unboost|p2a: Mothers|spe|1
|-unboost|p2b: Koba|spe|1
|move|p2a: Mothers|Quiver Dance|p2a: Mothers
|-boost|p2a: Mothers|spa|1
|-boost|p2a: Mothers|spd|1
|-boost|p2a: Mothers|spe|1
|
|-damage|p1b: Electabuzz|33/100 brn|[from] brn
|upkeep
|turn|4
|inactive|ming0mang0 has 30 seconds left.
|
|t:|1756832953
|switch|p2b: Incineroar|Incineroar, L50, M, shiny|100/100
|-ability|p2b: Incineroar|Intimidate|boost
|-unboost|p1a: Indeedee|atk|1
|-unboost|p1b: Electabuzz|atk|1
|move|p1b: Electabuzz|Electroweb|p2a: Mothers|[spread] p2a,p2b
|-damage|p2a: Mothers|28/100
|-damage|p2b: Incineroar|89/100
|-unboost|p2a: Mothers|spe|1
|-unboost|p2b: Incineroar|spe|1
|move|p1a: Indeedee|Expanding Force|p2b: Incineroar|[spread] p2a
|-immune|p2b: Incineroar
|-damage|p2a: Mothers|2/100
|move|p2a: Mothers|Heat Wave|p1a: Indeedee|[spread] p1a,p1b
|-enditem|p1a: Indeedee|Focus Sash
|-damage|p1a: Indeedee|1/100
|-damage|p1b: Electabuzz|0 fnt
|faint|p1b: Electabuzz
|
|upkeep
|
|t:|1756832976
|switch|p1b: Ursaluna|Ursaluna-Bloodmoon, L50, M|27/100
|turn|5
|
|t:|1756832988
|switch|p2a: Koba|Rillaboom, L50, M, shiny|95/100
|-fieldstart|move: Grassy Terrain|[from] ability: Grassy Surge|[of] p2a: Koba
|move|p2b: Incineroar|Fake Out|p1a: Indeedee
|-damage|p1a: Indeedee|0 fnt
|faint|p1a: Indeedee
|move|p1b: Ursaluna|Hyper Voice|p2a: Koba|[spread] p2a,p2b
|-damage|p2a: Koba|62/100
|-damage|p2b: Incineroar|50/100
|-damage|p1b: Ursaluna|17/100|[from] item: Life Orb
|
|-heal|p2a: Koba|68/100|[from] Grassy Terrain
|-heal|p1b: Ursaluna|23/100|[from] Grassy Terrain
|-heal|p2b: Incineroar|56/100|[from] Grassy Terrain
|upkeep
|
|t:|1756833000
|switch|p1a: Sneasler|Sneasler, L50, F|100/100
|turn|6
|inactive|ming0mang0 has 30 seconds left.
|
|t:|1756833030
|switch|p2b: Midas|Gholdengo, L50|100/100
|-terastallize|p1a: Sneasler|Dark
|move|p1b: Ursaluna|Protect|p1b: Ursaluna
|-singleturn|p1b: Ursaluna|Protect
|move|p2a: Koba|Fake Out|p1a: Sneasler
|-damage|p1a: Sneasler|75/100
|cant|p1a: Sneasler|flinch
|
|-heal|p1a: Sneasler|81/100|[from] Grassy Terrain
|-heal|p2a: Koba|74/100|[from] Grassy Terrain
|-heal|p1b: Ursaluna|29/100|[from] Grassy Terrain
|upkeep
|turn|7
|inactive|ming0mang0 has 30 seconds left.
|
|t:|1756833055
|switch|p2a: Incineroar|Incineroar, L50, M, shiny|56/100
|-ability|p2a: Incineroar|Intimidate|boost
|-unboost|p1a: Sneasler|atk|1
|-unboost|p1b: Ursaluna|atk|1
|-terastallize|p2b: Midas|Water
|move|p1a: Sneasler|Dire Claw|p2a: Incineroar
|-damage|p2a: Incineroar|30/100
|move|p2b: Midas|Make It Rain|p1b: Ursaluna|[spread] p1a,p1b
|-damage|p1a: Sneasler|0 fnt
|-damage|p1b: Ursaluna|0 fnt
|-unboost|p2b: Midas|spa|1
|faint|p1a: Sneasler
|faint|p1b: Ursaluna
|-damage|p2b: Midas|91/100|[from] item: Life Orb
|
|win|luckstat10
|inactive|ming0mang0 has 30 seconds to confirm battle start!
|inactive|luckstat10 has 30 seconds to confirm battle start!
||ming0mang0 is ready for game 3.
||luckstat10 is ready for game 3.
|uhtml|next|Next: Game 3 of 3
|l|☆luckstat10
|player|p2|
|l|☆ming0mang0
|player|p1|
|j|☆ming0mang0
|player|p1|ming0mang0|harlequin|
