|j|☆edhen
|j|☆salada cesar
|html|edhensalada cesar    
|uhtml|bestof|Game 2 of a best-of-3
|t:|1757698906
|gametype|doubles
|player|p1|edhen|clair|1248
|player|p2|salada cesar|169|1187
|gen|9
|tier|[Gen 9] VGC 2025 Reg H (Bo3)
|rated|
|rule|Species Clause: Limit one of each Pokémon
|rule|Item Clause: Limit 1 of each item
|clearpoke
|poke|p1|Politoed, L50, M|
|poke|p1|Archaludon, L50, F|
|poke|p1|Comfey, L50, M|
|poke|p1|Rillaboom, L50, F|
|poke|p1|Basculegion, L50, M|
|poke|p1|Talonflame, L50, M|
|poke|p2|Tauros-Paldea-Aqua, L50, M|
|poke|p2|Pelipper, L50, F|
|poke|p2|Whimsicott, L50, F|
|poke|p2|Incineroar, L50, M|
|poke|p2|Sinistcha-Masterpiece, L50|
|poke|p2|Archaludon, L50, M|
|teampreview|4
|showteam|p1|Politoed||Leftovers|Drizzle|Protect,MuddyWater,Haze,Hypnosis|||M|||50|,,,,,Grass]Archaludon||AssaultVest|Stamina|ElectroShot,BodyPress,FlashCannon,DragonPulse|||F|||50|,,,,,Grass]Comfey||WikiBerry|Triage|Protect,FloralHealing,DrainingKiss,Taunt|||M|||50|,,,,,Steel]Rillaboom||LoadedDice|GrassySurge|BulletSeed,GrassyGlide,FakeOut,HighHorsepower|||F|||50|,,,,,Fire]Basculegion||ChoiceBand|SwiftSwim|LastRespects,WaveCrash,AquaJet,FlipTurn|||M|||50|,,,,,Water]Talonflame||CovertCloak|GaleWings|Tailwind,WillOWisp,DualWingbeat,FlareBlitz|||M|||50|,,,,,Ghost
|showteam|p2|Tauros-Paldea-Aqua||MirrorHerb|Intimidate|WaveCrash,CloseCombat,AquaJet,Protect|||M|||50|,,,,,Steel]Pelipper||FocusSash|Drizzle|MuddyWater,Hurricane,Tailwind,Protect|||F|||50|,,,,,Stellar]Whimsicott||CovertCloak|Prankster|Tailwind,Moonblast,BeatUp,Taunt|||F|||50|,,,,,Water]Incineroar||SafetyGoggles|Intimidate|FakeOut,FlareBlitz,KnockOff,PartingShot|||M|||50|,,,,,Ghost]Sinistcha-Masterpiece||SitrusBerry|Hospitality|RagePowder,TrickRoom,LifeDew,MatchaGotcha||||||50|,,,,,Water]Archaludon||AssaultVest|Stamina|FlashCannon,ElectroShot,BodyPress,DracoMeteor|||M|||50|,,,,,Grass
|
|t:|1757698951
|teamsize|p1|4
|teamsize|p2|4
|start
|switch|p1a: Talonflame|Talonflame, L50, M|100/100
|switch|p1b: Archaludon|Archaludon, L50, F|100/100
|switch|p2a: Whimsicott|Whimsicott, L50, F|100/100
|switch|p2b: Archaludon|Archaludon, L50, M|100/100
|turn|1
|
|t:|1757698961
|-terastallize|p2a: Whimsicott|Water
|move|p1a: Talonflame|Tailwind|p1a: Talonflame
|-sidestart|p1: edhen|move: Tailwind
|move|p1b: Archaludon|Flash Cannon|p2a: Whimsicott
|-resisted|p2a: Whimsicott
|-damage|p2a: Whimsicott|77/100
|move|p2a: Whimsicott|Beat Up|p2b: Archaludon
|-damage|p2b: Archaludon|99/100
|-ability|p2b: Archaludon|Stamina|boost
|-boost|p2b: Archaludon|def|1
|-crit|p2b: Archaludon
|-damage|p2b: Archaludon|96/100
|-ability|p2b: Archaludon|Stamina|boost
|-boost|p2b: Archaludon|def|1
|-damage|p2b: Archaludon|95/100
|-ability|p2b: Archaludon|Stamina|boost
|-boost|p2b: Archaludon|def|1
|-damage|p2b: Archaludon|94/100
|-ability|p2b: Archaludon|Stamina|boost
|-boost|p2b: Archaludon|def|1
|-hitcount|p2b: Archaludon|4
|move|p2b: Archaludon|Body Press|p1b: Archaludon
|-supereffective|p1b: Archaludon
|-damage|p1b: Archaludon|13/100
|-ability|p1b: Archaludon|Stamina|boost
|-boost|p1b: Archaludon|def|1
|
|upkeep
|turn|2
|
|t:|1757698994
|move|p1a: Talonflame|Dual Wingbeat|p2a: Whimsicott
|-damage|p2a: Whimsicott|56/100
|-damage|p2a: Whimsicott|35/100
|-hitcount|p2a: Whimsicott|2
|move|p2a: Whimsicott|Taunt|p1a: Talonflame
|-start|p1a: Talonflame|move: Taunt
|move|p1b: Archaludon|Dragon Pulse|p2a: Whimsicott
|-damage|p2a: Whimsicott|0 fnt
|faint|p2a: Whimsicott
|move|p2b: Archaludon|Body Press|p1b: Archaludon
|-supereffective|p1b: Archaludon
|-damage|p1b: Archaludon|0 fnt
|faint|p1b: Archaludon
|
|upkeep
|
|t:|1757699005
|switch|p2a: Pelipper|Pelipper, L50, F|100/100
|switch|p1b: Politoed|Politoed, L50, M|100/100
|-weather|RainDance|[from] ability: Drizzle|[of] p1b: Politoed
|turn|3
|
|t:|1757699016
|move|p1a: Talonflame|Dual Wingbeat|p2a: Pelipper
|-damage|p2a: Pelipper|78/100
|-damage|p2a: Pelipper|59/100
|-hitcount|p2a: Pelipper|2
|move|p1b: Politoed|Hypnosis|p2b: Archaludon
|-status|p2b: Archaludon|slp|[from] move: Hypnosis
|cant|p2b: Archaludon|slp
|move|p2a: Pelipper|Tailwind|p2a: Pelipper
|-sidestart|p2: salada cesar|move: Tailwind
|
|-weather|RainDance|[upkeep]
|upkeep
|turn|4
|
|t:|1757699059
|move|p1a: Talonflame|Dual Wingbeat|p2a: Pelipper
|-damage|p2a: Pelipper|38/100
|-damage|p2a: Pelipper|18/100
|-hitcount|p2a: Pelipper|2
|cant|p2b: Archaludon|slp
|move|p2a: Pelipper|Muddy Water|p1b: Politoed|[spread] p1a,p1b
|-supereffective|p1a: Talonflame
|-resisted|p1b: Politoed
|-damage|p1a: Talonflame|0 fnt
|-damage|p1b: Politoed|81/100
|faint|p1a: Talonflame
|move|p1b: Politoed|Haze|p1b: Politoed
|-clearallboost
|
|-weather|RainDance|[upkeep]
|-heal|p1b: Politoed|87/100|[from] item: Leftovers
|-sideend|p1: edhen|move: Tailwind
|upkeep
|
|t:|1757699067
|switch|p1a: Comfey|Comfey, L50, M|100/100
|turn|5
|
|t:|1757699078
|move|p1a: Comfey|Draining Kiss|p2a: Pelipper
|-damage|p2a: Pelipper|0 fnt
|faint|p2a: Pelipper
|-curestatus|p2b: Archaludon|slp|[msg]
|move|p2b: Archaludon|Electro Shot||[still]
|-prepare|p2b: Archaludon|Electro Shot
|-boost|p2b: Archaludon|spa|1
|-anim|p2b: Archaludon|Electro Shot|p1b: Politoed
|-supereffective|p1b: Politoed
|-damage|p1b: Politoed|0 fnt
|faint|p1b: Politoed
|
|-weather|RainDance|[upkeep]
|upkeep
|
|t:|1757699082
|switch|p2a: Incineroar|Incineroar, L50, M|100/100
|-ability|p2a: Incineroar|Intimidate|boost
|-unboost|p1a: Comfey|atk|1
|turn|6
|-message|edhen forfeited.
|
|win|salada cesar
||salada cesar is ready for game 3.
||edhen is ready for game 3.
|uhtml|next|Next: Game 3 of 3
|l|☆edhen
|player|p1|
