|j|☆Moose32
|j|☆ropplebees
|html|Moose32ropplebees    
|uhtml|bestof|Game 1 of a best-of-3
|t:|1784516482
|gametype|doubles
|player|p1|Moose32|tateandliza-gen6|
|player|p2|ropplebees|n|
|gen|9
|tier|[Gen 9 Champions] VGC 2026 Reg M-B (Bo3)
|rule|Species Clause: Limit one of each Pokémon
|rule|Item Clause: Limit 1 of each item
|clearpoke
|poke|p1|Pelipper, L50, M|
|poke|p1|Oranguru, L50, M|
|poke|p1|Beartic, L50, M|
|poke|p1|Quaquaval, L50, M|
|poke|p1|Incineroar, L50, M|
|poke|p1|Archaludon, L50, M|
|poke|p2|Runerigus, L50, F, shiny|
|poke|p2|Blastoise, L50, F, shiny|
|poke|p2|Scizor, L50, F, shiny|
|poke|p2|Rotom-Wash, L50, shiny|
|poke|p2|Glimmora, L50, F, shiny|
|poke|p2|Aerodactyl, L50, F, shiny|
|teampreview|4
|showteam|p1|Pelipper||FocusSash|Drizzle|WeatherBall,Hurricane,Tailwind,WideGuard|Modest||M|||50|]Oranguru||MentalHerb|InnerFocus|Psychic,Encore,RainDance,TrickRoom|Calm||M|||50|]Beartic||LifeOrb|SwiftSwim|AquaJet,IcePunch,RockSlide,Protect|Adamant||M|||50|]Quaquaval||RindoBerry|Moxie|AquaStep,CloseCombat,SwordsDance,Protect|Jolly||M|||50|]Incineroar||SitrusBerry|Intimidate|FakeOut,FlareBlitz,DarkestLariat,PartingShot|Adamant||M|||50|]Archaludon||ShucaBerry|Stamina|ElectroShot,DracoMeteor,SolarBeam,Protect|Timid||M|||50|
|showteam|p2|Runerigus||Leftovers|WanderingSpirit|DestinyBond,TrickRoom,AllySwitch,Poltergeist|Sassy||F|||50|]Blastoise||Blastoisinite|RainDish|AuraSphere,FakeOut,WaterSpout,DarkPulse|Quiet||F|||50|]Scizor||ExpertBelt|Technician|BulletPunch,CloseCombat,KnockOff,QuickGuard|Adamant||F|||50|]Rotom-Wash||SitrusBerry|Levitate|LightScreen,Thunderbolt,WillOWisp,HydroPump|Timid|||||50|]Glimmora||Glimmoranite|ToxicDebris|EarthPower,PowerGem,SpikyShield,SludgeBomb|Timid||F|||50|]Aerodactyl||FocusSash|Unnerve|DualWingbeat,Tailwind,Protect,RockSlide|Jolly||F|||50|
|j| MikuFan1287
|
|t:|1784516638
|teamsize|p1|4
|teamsize|p2|4
|start
|switch|p1a: KING BOB-OMB|Pelipper, L50, M|100/100
|switch|p1b: BIG BULLY|Incineroar, L50, M|100/100
|switch|p2a: Glug|Glimmora, L50, F, shiny|100/100
|switch|p2b: Swallow|Aerodactyl, L50, F, shiny|100/100
|-ability|p2b: Swallow|Unnerve
|-weather|RainDance|[from] ability: Drizzle|[of] p1a: KING BOB-OMB
|-ability|p1b: BIG BULLY|Intimidate|boost
|-unboost|p2a: Glug|atk|1
|-unboost|p2b: Swallow|atk|1
|turn|1
|
|t:|1784516907
|detailschange|p2a: Glug|Glimmora-Mega, L50, F, shiny
|-mega|p2a: Glug|Glimmora|Glimmoranite
|move|p2b: Swallow|Protect|p2b: Swallow
|-singleturn|p2b: Swallow|Protect
|move|p1b: BIG BULLY|Fake Out|p2b: Swallow
|-activate|p2b: Swallow|move: Protect
|move|p2a: Glug|Power Gem|p1b: BIG BULLY
|-supereffective|p1b: BIG BULLY|1
|-damage|p1b: BIG BULLY|0 fnt
|faint|p1b: BIG BULLY
|move|p1a: KING BOB-OMB|Tailwind|p1a: KING BOB-OMB
|-sidestart|p1: Moose32|move: Tailwind
|
|-weather|RainDance|[upkeep]
|upkeep
|
|t:|1784517012
|switch|p1b: EYEROK|Archaludon, L50, M|100/100
|turn|2
|
|t:|1784517256
|move|p1b: EYEROK|Electro Shot||[still]
|-prepare|p1b: EYEROK|Electro Shot
|-boost|p1b: EYEROK|spa|1
|-anim|p1b: EYEROK|Electro Shot|p2b: Swallow
|-supereffective|p2b: Swallow|1
|-enditem|p2b: Swallow|Focus Sash
|-damage|p2b: Swallow|1/100
|move|p1a: KING BOB-OMB|Weather Ball|p2b: Swallow
|-supereffective|p2b: Swallow|1
|-damage|p2b: Swallow|0 fnt
|faint|p2b: Swallow
|move|p2a: Glug|Power Gem|p1a: KING BOB-OMB
|-supereffective|p1a: KING BOB-OMB|1
|-enditem|p1a: KING BOB-OMB|Focus Sash
|-damage|p1a: KING BOB-OMB|1/100
|
|-weather|RainDance|[upkeep]
|upkeep
|
|t:|1784517275
|switch|p2b: Gulp|Scizor, L50, F, shiny|100/100
|turn|3
|
|t:|1784517563
|move|p2b: Gulp|Bullet Punch|p1a: KING BOB-OMB
|-resisted|p1a: KING BOB-OMB|1
|-damage|p1a: KING BOB-OMB|0 fnt
|faint|p1a: KING BOB-OMB
|move|p1b: EYEROK|Electro Shot||[still]
|-prepare|p1b: EYEROK|Electro Shot
|-boost|p1b: EYEROK|spa|1
|-anim|p1b: EYEROK|Electro Shot|p2b: Gulp
|-damage|p2b: Gulp|1/100
|move|p2a: Glug|Earth Power|p1b: EYEROK
|-supereffective|p1b: EYEROK|1
|-enditem|p1b: EYEROK|Shuca Berry|[eat]
|-enditem|p1b: EYEROK|Shuca Berry|[weaken]
|-damage|p1b: EYEROK|48/100
|-ability|p1b: EYEROK|Stamina|boost
|-boost|p1b: EYEROK|def|1
|
|-weather|RainDance|[upkeep]
|upkeep
|
|t:|1784517589
|switch|p1a: GOOMBOSS|Quaquaval, L50, M|100/100
|turn|4
|
|t:|1784517678
|switch|p2b: Drink|Rotom-Wash, L50, shiny|100/100
|move|p2a: Glug|Spiky Shield|p2a: Glug
|-singleturn|p2a: Glug|move: Protect
|move|p1a: GOOMBOSS|Aqua Step|p2b: Drink
|-resisted|p2b: Drink|1
|-damage|p2b: Drink|63/100
|-boost|p1a: GOOMBOSS|spe|1
|move|p1b: EYEROK|Electro Shot||[still]
|-prepare|p1b: EYEROK|Electro Shot
|-boost|p1b: EYEROK|spa|1
|-anim|p1b: EYEROK|Electro Shot|p2a: Glug
|-activate|p2a: Glug|move: Protect
|
|-weather|RainDance|[upkeep]
|-sideend|p1: Moose32|move: Tailwind
|upkeep
|turn|5
|
|t:|1784518025
|move|p2a: Glug|Spiky Shield|p2a: Glug
|-singleturn|p2a: Glug|move: Protect
|move|p1a: GOOMBOSS|Aqua Step|p2a: Glug
|-activate|p2a: Glug|move: Protect
|-damage|p1a: GOOMBOSS|87/100|[from] Spiky Shield|[of] p2a: Glug
|move|p2b: Drink|Hydro Pump|p1b: EYEROK
|-resisted|p1b: EYEROK|1
|-damage|p1b: EYEROK|0 fnt
|faint|p1b: EYEROK
|
|-weather|none
|upkeep
|turn|6
|c|☆Moose32|yea ok
|c|☆Moose32|welp
|c|☆ropplebees|zoo wee mama
|c|☆Moose32|gg
|
|t:|1784518130
|move|p1a: GOOMBOSS|Aqua Step|p2a: Glug
|-supereffective|p2a: Glug|1
|-damage|p2a: Glug|16/100
|-boost|p1a: GOOMBOSS|spe|1
|move|p2a: Glug|Sludge Bomb|p1a: GOOMBOSS
|-damage|p1a: GOOMBOSS|0 fnt
|faint|p1a: GOOMBOSS
|
|win|ropplebees
|c|☆ropplebees|ggs
|inactive|Moose32 has 30 seconds to confirm battle start!
|inactive|ropplebees has 30 seconds to confirm battle start!
|c|☆ropplebees|now it says game two
|c| MikuFan1287|ggs!
|c|☆ropplebees|what an asshole showdown
|inactive|Moose32 has 20 seconds to confirm battle start!
|inactive|ropplebees has 20 seconds to confirm battle start!
