|j|☆Mamoswinefanboi
|j|☆EpiclyEpicGamerW
|html|MamoswinefanboiEpiclyEpicGamerW    
|uhtml|bestof|Game 3 of a best-of-3
|t:|1754888089
|gametype|doubles
|player|p1|Mamoswinefanboi|1|1224
|player|p2|EpiclyEpicGamerW|red-masters|1175
|gen|9
|tier|[Gen 9] VGC 2025 Reg H (Bo3)
|rated|
|rule|Species Clause: Limit one of each Pokémon
|rule|Item Clause: Limit 1 of each item
|clearpoke
|poke|p1|Ursaluna, L50, F|
|poke|p1|Gholdengo, L50|
|poke|p1|Porygon2, L50|
|poke|p1|Amoonguss, L50, M|
|poke|p1|Incineroar, L50, F|
|poke|p1|Hydreigon, L50, M|
|poke|p2|Sneasler, L50, M|
|poke|p2|Indeedee, L50, M|
|poke|p2|Ursaluna-Bloodmoon, L50, M|
|poke|p2|Annihilape, L50, M|
|poke|p2|Electabuzz, L50, M|
|poke|p2|Talonflame, L50, M|
|teampreview|4
|showteam|p1|Ursaluna||FlameOrb|Guts|Facade,Earthquake,HeadlongRush,Protect|||F|||50|,,,,,Ghost]Gholdengo||LifeOrb|GoodasGold|MakeItRain,ShadowBall,NastyPlot,Protect||||||50|,,,,,Steel]Porygon2||Eviolite|Download|TeraBlast,IceBeam,TrickRoom,Recover||||||50|,,,,,Fighting]Amoonguss||CovertCloak|Regenerator|Spore,RagePowder,PollenPuff,Protect|||M|||50|,,,,,Water]Incineroar||SitrusBerry|Intimidate|FakeOut,FlareBlitz,KnockOff,PartingShot|||F|||50|,,,,,Ghost]Hydreigon||SafetyGoggles|Levitate|DragonPulse,Snarl,Tailwind,Protect|||M|||50|,,,,,Rock
|showteam|p2|Sneasler||PsychicSeed|Unburden|DireClaw,CloseCombat,ThroatChop,Protect|||M|||50|,,,,,Dark]Indeedee||FocusSash|PsychicSurge|ExpandingForce,TeraBlast,Imprison,TrickRoom|||M|||50|,,,,,Fighting]Ursaluna-Bloodmoon||LifeOrb|MindsEye|BloodMoon,EarthPower,HyperVoice,Protect|||M|||50|,,,,,Normal]Annihilape||AssaultVest|Defiant|FinalGambit,RageFist,DrainPunch,Endeavor|||M|||50|,,,,,Grass]Electabuzz||Eviolite|VitalSpirit|FollowMe,Electroweb,Taunt,Protect|||M|||50|,,,,,Fairy]Talonflame||CovertCloak|GaleWings|BraveBird,WillOWisp,Tailwind,Taunt|||M|||50|,,,,,Flying
|inactive|Battle timer is ON: inactive players will automatically lose when time's up. (requested by EpiclyEpicGamerW)
|inactive|EpiclyEpicGamerW has 60 seconds left.
|
|t:|1754888130
|teamsize|p1|4
|teamsize|p2|4
|start
|switch|p1a: Hydreigon|Hydreigon, L50, M|100/100
|switch|p1b: Gholdengo|Gholdengo, L50|100/100
|switch|p2a: Sneasler|Sneasler, L50, M|100/100
|switch|p2b: Indeedee|Indeedee, L50, M|100/100
|-fieldstart|move: Psychic Terrain|[from] ability: Psychic Surge|[of] p2b: Indeedee
|-enditem|p2a: Sneasler|Psychic Seed
|-boost|p2a: Sneasler|spd|1|[from] item: Psychic Seed
|turn|1
|inactive|EpiclyEpicGamerW has 30 seconds left.
|
|t:|1754888161
|switch|p2b: Electabuzz|Electabuzz, L50, M|100/100
|switch|p1b: Incineroar|Incineroar, L50, F|100/100
|-ability|p1b: Incineroar|Intimidate|boost
|-unboost|p2a: Sneasler|atk|1
|-unboost|p2b: Electabuzz|atk|1
|move|p2a: Sneasler|Protect|p2a: Sneasler
|-singleturn|p2a: Sneasler|Protect
|move|p1a: Hydreigon|Tailwind|p1a: Hydreigon
|-sidestart|p1: Mamoswinefanboi|move: Tailwind
|
|upkeep
|turn|2
|
|t:|1754888190
|move|p2a: Sneasler|Close Combat|p1b: Incineroar
|-supereffective|p1b: Incineroar
|-damage|p1b: Incineroar|28/100
|-unboost|p2a: Sneasler|def|1
|-unboost|p2a: Sneasler|spd|1
|-enditem|p1b: Incineroar|Sitrus Berry|[eat]
|-heal|p1b: Incineroar|53/100|[from] item: Sitrus Berry
|move|p1a: Hydreigon|Dragon Pulse|p2a: Sneasler
|-damage|p2a: Sneasler|46/100
|move|p1b: Incineroar|Flare Blitz|p2a: Sneasler
|-damage|p2a: Sneasler|0 fnt
|faint|p2a: Sneasler
|-damage|p1b: Incineroar|41/100|[from] Recoil
|move|p2b: Electabuzz|Electroweb|p1b: Incineroar|[spread] p1a,p1b
|-resisted|p1a: Hydreigon
|-crit|p1b: Incineroar
|-damage|p1a: Hydreigon|93/100
|-damage|p1b: Incineroar|24/100
|-unboost|p1a: Hydreigon|spe|1
|-unboost|p1b: Incineroar|spe|1
|
|upkeep
|
|t:|1754888194
|switch|p2a: Ursaluna|Ursaluna-Bloodmoon, L50, M|100/100
|turn|3
|
|t:|1754888212
|-terastallize|p2a: Ursaluna|Normal
|move|p2b: Electabuzz|Follow Me|p2b: Electabuzz
|-singleturn|p2b: Electabuzz|move: Follow Me
|move|p1a: Hydreigon|Snarl|p2b: Electabuzz|[spread] p2a
|-miss|p1a: Hydreigon|p2b: Electabuzz
|-damage|p2a: Ursaluna|73/100
|-unboost|p2a: Ursaluna|spa|1
|move|p1b: Incineroar|Parting Shot|p2b: Electabuzz
|-unboost|p2b: Electabuzz|atk|1
|-unboost|p2b: Electabuzz|spa|1
|
|t:|1754888219
|switch|p1b: Gholdengo|Gholdengo, L50|100/100|[from] Parting Shot
|move|p2a: Ursaluna|Hyper Voice|p1a: Hydreigon|[spread] p1a,p1b
|-resisted|p1b: Gholdengo
|-damage|p1a: Hydreigon|50/100
|-damage|p1b: Gholdengo|80/100
|-damage|p2a: Ursaluna|63/100|[from] item: Life Orb
|
|upkeep
|turn|4
|
|t:|1754888232
|switch|p1b: Ursaluna|Ursaluna, L50, F|100/100
|move|p2a: Ursaluna|Protect|p2a: Ursaluna
|-singleturn|p2a: Ursaluna|Protect
|move|p1a: Hydreigon|Snarl|p2b: Electabuzz|[spread] p2b
|-activate|p2a: Ursaluna|move: Protect
|-damage|p2b: Electabuzz|84/100
|-unboost|p2b: Electabuzz|spa|1
|move|p2b: Electabuzz|Electroweb|p1a: Hydreigon|[spread] p1a
|-immune|p1b: Ursaluna
|-resisted|p1a: Hydreigon
|-damage|p1a: Hydreigon|46/100
|-unboost|p1a: Hydreigon|spe|1
|
|-sideend|p1: Mamoswinefanboi|move: Tailwind
|-status|p1b: Ursaluna|brn|[from] item: Flame Orb
|upkeep
|turn|5
|
|t:|1754888254
|switch|p2a: Indeedee|Indeedee, L50, M|100/100
|move|p2b: Electabuzz|Taunt|p1a: Hydreigon
|-start|p1a: Hydreigon|move: Taunt
|cant|p1a: Hydreigon|move: Taunt|Tailwind
|move|p1b: Ursaluna|Earthquake|p2a: Indeedee|[spread] p2a,p2b
|-immune|p1a: Hydreigon|[from] ability: Levitate
|-supereffective|p2b: Electabuzz
|-enditem|p2a: Indeedee|Focus Sash
|-damage|p2a: Indeedee|1/100
|-damage|p2b: Electabuzz|0 fnt
|faint|p2b: Electabuzz
|
|-damage|p1b: Ursaluna|95/100 brn|[from] brn
|-fieldend|move: Psychic Terrain
|upkeep
|
|t:|1754888256
|switch|p2b: Ursaluna|Ursaluna-Bloodmoon, L50, M, tera:Normal|63/100
|turn|6
|
|t:|1754888265
|switch|p1a: Incineroar|Incineroar, L50, F|24/100
|-ability|p1a: Incineroar|Intimidate|boost
|-unboost|p2a: Indeedee|atk|1
|-unboost|p2b: Ursaluna|atk|1
|move|p1b: Ursaluna|Protect|p1b: Ursaluna
|-singleturn|p1b: Ursaluna|Protect
|move|p2a: Indeedee|Expanding Force|p1b: Ursaluna
|-activate|p1b: Ursaluna|move: Protect
|move|p2b: Ursaluna|Hyper Voice|p1a: Incineroar|[spread] p1a
|-activate|p1b: Ursaluna|move: Protect
|-damage|p1a: Incineroar|0 fnt
|faint|p1a: Incineroar
|-damage|p2b: Ursaluna|54/100|[from] item: Life Orb
|
|-damage|p1b: Ursaluna|89/100 brn|[from] brn
|upkeep
|
|t:|1754888276
|switch|p1a: Hydreigon|Hydreigon, L50, M|46/100
|turn|7
|
|t:|1754888286
|move|p2b: Ursaluna|Protect|p2b: Ursaluna
|-singleturn|p2b: Ursaluna|Protect
|move|p2a: Indeedee|Tera Blast|p1a: Hydreigon
|-damage|p1a: Hydreigon|8/100
|move|p1a: Hydreigon|Tailwind|p1a: Hydreigon
|-sidestart|p1: Mamoswinefanboi|move: Tailwind
|move|p1b: Ursaluna|Earthquake|p2a: Indeedee|[spread] p2a
|-activate|p2b: Ursaluna|move: Protect
|-immune|p1a: Hydreigon|[from] ability: Levitate
|-damage|p2a: Indeedee|0 fnt
|faint|p2a: Indeedee
|
|-damage|p1b: Ursaluna|83/100 brn|[from] brn
|upkeep
|turn|8
|-message|EpiclyEpicGamerW forfeited.
|
|win|Mamoswinefanboi
|raw|Mamoswinefanboi's rating: 1224 → 1245(+21 for winning)
|raw|EpiclyEpicGamerW's rating: 1175 → 1154(-21 for losing)
|l|☆EpiclyEpicGamerW
|player|p2|
|j|☆EpiclyEpicGamerW
|player|p2|EpiclyEpicGamerW|red-masters|
|l|☆EpiclyEpicGamerW
|player|p2|
|j|☆EpiclyEpicGamerW
|player|p2|EpiclyEpicGamerW|red-masters|
