|j|☆elytsujuw
|j|☆ZeGaboVGC
|html|elytsujuwZeGaboVGC    
|uhtml|bestof|Game 1 of a best-of-3
|t:|1756910501
|gametype|doubles
|player|p1|elytsujuw|101|1228
|player|p2|ZeGaboVGC|benga|1229
|gen|9
|tier|[Gen 9] VGC 2025 Reg H (Bo3)
|rated|
|rule|Species Clause: Limit one of each Pokémon
|rule|Item Clause: Limit 1 of each item
|clearpoke
|poke|p1|Sneasler, L50, M|
|poke|p1|Ursaluna-Bloodmoon, L50, M|
|poke|p1|Dragonite, L50, F|
|poke|p1|Amoonguss, L50, F|
|poke|p1|Incineroar, L50, M|
|poke|p1|Milotic, L50, M|
|poke|p2|Incineroar, L50, F|
|poke|p2|Amoonguss, L50, F|
|poke|p2|Ursaluna-Bloodmoon, L50, M|
|poke|p2|Sneasler, L50, M|
|poke|p2|Gholdengo, L50|
|poke|p2|Dragonite, L50, M|
|teampreview|4
|showteam|p1|Sneasler||FocusSash|Unburden|CloseCombat,DireClaw,ThroatChop,Protect|||M|||50|,,,,,Stellar]Ursaluna-Bloodmoon||AssaultVest|MindsEye|HyperVoice,BloodMoon,EarthPower,VacuumWave|||M|||50|,,,,,Water]Dragonite||LoadedDice|Multiscale|ScaleShot,ExtremeSpeed,Haze,Protect|||F|||50|,,,,,Normal]Amoonguss||SitrusBerry|Regenerator|Spore,RagePowder,PollenPuff,Protect|||F|||50|,,,,,Fairy]Incineroar||SafetyGoggles|Intimidate|FlareBlitz,KnockOff,FakeOut,PartingShot|||M|||50|,,,,,Ghost]Milotic||ChoiceScarf|Competitive|MuddyWater,DrainingKiss,IcyWind,Scald|||M|||50|,,,,,Fairy
|showteam|p2|Incineroar||SafetyGoggles|Intimidate|FlareBlitz,KnockOff,PartingShot,FakeOut|||F|||50|,,,,,Ghost]Amoonguss||SitrusBerry|Regenerator|Spore,RagePowder,PollenPuff,Protect|||F|||50|,,,,,Dark]Ursaluna-Bloodmoon||AssaultVest|MindsEye|HyperVoice,BloodMoon,EarthPower,VacuumWave|||M|||50|,,,,,Water]Sneasler||FocusSash|Unburden|CloseCombat,DireClaw,ThroatChop,Protect|||M|||50|,,,,,Stellar]Gholdengo||LifeOrb|GoodasGold|MakeItRain,ShadowBall,NastyPlot,Protect||||||50|,,,,,Water]Dragonite||LoadedDice|Multiscale|ScaleShot,Tailwind,Haze,Protect|||M|||50|,,,,,Fairy
|inactive|Battle timer is ON: inactive players will automatically lose when time's up. (requested by elytsujuw)
|inactive|ZeGaboVGC also wants the timer to be on.
|inactive|elytsujuw has 60 seconds left.
|inactive|ZeGaboVGC has 60 seconds left.
|inactive|elytsujuw has 30 seconds left.
|inactive|ZeGaboVGC has 30 seconds left.
|inactive|elytsujuw has 20 seconds left.
|inactive|elytsujuw has 15 seconds left.
|inactive|ZeGaboVGC has 20 seconds left.
|inactive|elytsujuw has 10 seconds left.
|
|t:|1756910584
|teamsize|p1|4
|teamsize|p2|4
|start
|switch|p1a: Incineroar|Incineroar, L50, M|100/100
|switch|p1b: Milotic|Milotic, L50, M|100/100
|switch|p2a: Sneasler|Sneasler, L50, M|100/100
|switch|p2b: Dragonite|Dragonite, L50, M|100/100
|-ability|p1a: Incineroar|Intimidate|boost
|-unboost|p2a: Sneasler|atk|1
|-unboost|p2b: Dragonite|atk|1
|turn|1
|inactive|elytsujuw has 30 seconds left.
|inactive|elytsujuw has 20 seconds left.
|inactive|elytsujuw has 15 seconds left.
|
|t:|1756910626
|switch|p2a: Amoonguss|Amoonguss, L50, F|100/100
|move|p2b: Dragonite|Protect|p2b: Dragonite
|-singleturn|p2b: Dragonite|Protect
|move|p1a: Incineroar|Fake Out|p2a: Amoonguss
|-damage|p2a: Amoonguss|89/100
|move|p1b: Milotic|Muddy Water|p2b: Dragonite|[spread] 
|-activate|p2b: Dragonite|move: Protect
|-miss|p1b: Milotic|p2a: Amoonguss
|
|upkeep
|turn|2
|inactive|ZeGaboVGC has 30 seconds left.
|
|t:|1756910652
|switch|p1b: Sneasler|Sneasler, L50, M|100/100
|move|p2b: Dragonite|Scale Shot|p1a: Incineroar
|-damage|p1a: Incineroar|92/100
|-damage|p1a: Incineroar|83/100
|-damage|p1a: Incineroar|75/100
|-damage|p1a: Incineroar|66/100
|-damage|p1a: Incineroar|56/100
|-hitcount|p1a: Incineroar|5
|-unboost|p2b: Dragonite|def|1
|-boost|p2b: Dragonite|spe|1
|move|p1a: Incineroar|Knock Off|p2a: Amoonguss
|-damage|p2a: Amoonguss|46/100
|-enditem|p2a: Amoonguss|Sitrus Berry|[from] move: Knock Off|[of] p1a: Incineroar
|move|p2a: Amoonguss|Spore|p1b: Sneasler
|-status|p1b: Sneasler|slp|[from] move: Spore
|
|upkeep
|turn|3
|
|t:|1756910668
|move|p2b: Dragonite|Scale Shot|p1b: Sneasler
|-damage|p1b: Sneasler|81/100 slp
|-damage|p1b: Sneasler|63/100 slp
|-damage|p1b: Sneasler|45/100 slp
|-damage|p1b: Sneasler|29/100 slp
|-hitcount|p1b: Sneasler|4
|-unboost|p2b: Dragonite|def|1
|-boost|p2b: Dragonite|spe|1
|cant|p1b: Sneasler|slp
|move|p1a: Incineroar|Knock Off|p2b: Dragonite
|-damage|p2b: Dragonite|47/100
|-enditem|p2b: Dragonite|Loaded Dice|[from] move: Knock Off|[of] p1a: Incineroar
|move|p2a: Amoonguss|Spore|p1a: Incineroar
|-activate|p1a: Incineroar|item: Safety Goggles|Spore
|
|upkeep
|turn|4
|
|t:|1756910679
|move|p2a: Amoonguss|Protect|p2a: Amoonguss
|-singleturn|p2a: Amoonguss|Protect
|move|p2b: Dragonite|Scale Shot|p1b: Sneasler
|-damage|p1b: Sneasler|11/100 slp
|-damage|p1b: Sneasler|0 fnt
|faint|p1b: Sneasler
|-hitcount|p1: Sneasler|2
|-unboost|p2b: Dragonite|def|1
|-boost|p2b: Dragonite|spe|1
|move|p1a: Incineroar|Flare Blitz|p2a: Amoonguss
|-activate|p2a: Amoonguss|move: Protect
|
|upkeep
|
|t:|1756910686
|switch|p1b: Milotic|Milotic, L50, M|100/100
|turn|5
|
|t:|1756910700
|-terastallize|p2a: Amoonguss|Dark
|move|p2b: Dragonite|Protect|p2b: Dragonite
|-singleturn|p2b: Dragonite|Protect
|move|p1b: Milotic|Icy Wind|p2b: Dragonite|[spread] p2a
|-activate|p2b: Dragonite|move: Protect
|-damage|p2a: Amoonguss|35/100
|-unboost|p2a: Amoonguss|spe|1
|move|p1a: Incineroar|Flare Blitz|p2a: Amoonguss
|-damage|p2a: Amoonguss|0 fnt
|faint|p2a: Amoonguss
|-damage|p1a: Incineroar|44/100|[from] Recoil
|
|upkeep
|
|t:|1756910705
|switch|p2a: Sneasler|Sneasler, L50, M|100/100
|turn|6
|
|t:|1756910727
|switch|p2b: Incineroar|Incineroar, L50, F|100/100
|-ability|p2b: Incineroar|Intimidate|boost
|-unboost|p1a: Incineroar|atk|1
|-unboost|p1b: Milotic|atk|1
|-ability|p1b: Milotic|Competitive|boost
|-boost|p1b: Milotic|spa|2
|-terastallize|p1a: Incineroar|Ghost
|move|p1b: Milotic|Icy Wind|p2b: Incineroar|[spread] p2a,p2b
|-resisted|p2b: Incineroar
|-damage|p2a: Sneasler|67/100
|-damage|p2b: Incineroar|91/100
|-unboost|p2a: Sneasler|spe|1
|-unboost|p2b: Incineroar|spe|1
|move|p2a: Sneasler|Close Combat|p1a: Incineroar
|-immune|p1a: Incineroar
|move|p1a: Incineroar|Flare Blitz|p2a: Sneasler
|-damage|p2a: Sneasler|5/100
|-damage|p1a: Incineroar|28/100|[from] Recoil
|
|upkeep
|turn|7
|
|t:|1756910751
|switch|p1a: Ursaluna|Ursaluna-Bloodmoon, L50, M|100/100
|move|p2a: Sneasler|Protect|p2a: Sneasler
|-singleturn|p2a: Sneasler|Protect
|move|p1b: Milotic|Icy Wind|p2a: Sneasler|[spread] 
|-activate|p2a: Sneasler|move: Protect
|-miss|p1b: Milotic|p2b: Incineroar
|move|p2b: Incineroar|Knock Off|p1a: Ursaluna
|-crit|p1a: Ursaluna
|-damage|p1a: Ursaluna|59/100
|-enditem|p1a: Ursaluna|Assault Vest|[from] move: Knock Off|[of] p2b: Incineroar
|
|upkeep
|turn|8
|inactive|elytsujuw has 30 seconds left.
|inactive|ZeGaboVGC has 30 seconds left.
|
|t:|1756910787
|switch|p2a: Dragonite|Dragonite, L50, M|47/100
|move|p1b: Milotic|Icy Wind|p2b: Incineroar|[spread] p2b
|-miss|p1b: Milotic|p2a: Dragonite
|-resisted|p2b: Incineroar
|-crit|p2b: Incineroar
|-damage|p2b: Incineroar|74/100
|-unboost|p2b: Incineroar|spe|1
|move|p1a: Ursaluna|Blood Moon|p2b: Incineroar
|-damage|p2b: Incineroar|8/100
|move|p2b: Incineroar|Parting Shot|p1a: Ursaluna
|-unboost|p1a: Ursaluna|atk|1
|-unboost|p1a: Ursaluna|spa|1
|
|t:|1756910801
|switch|p2b: Sneasler|Sneasler, L50, M|5/100|[from] Parting Shot
|
|upkeep
|turn|9
|
|t:|1756910808
|move|p2b: Sneasler|Protect|p2b: Sneasler
|-singleturn|p2b: Sneasler|Protect
|move|p1a: Ursaluna|Vacuum Wave|p2b: Sneasler
|-activate|p2b: Sneasler|move: Protect
|move|p1b: Milotic|Icy Wind|p2a: Dragonite|[spread] 
|-activate|p2b: Sneasler|move: Protect
|-miss|p1b: Milotic|p2a: Dragonite
|move|p2a: Dragonite|Haze|p2a: Dragonite
|-clearallboost
|
|upkeep
|turn|10
|
|t:|1756910827
|move|p1b: Milotic|Icy Wind|p2b: Sneasler|[spread] p2a,p2b
|-supereffective|p2a: Dragonite
|-crit|p2a: Dragonite
|-damage|p2a: Dragonite|0 fnt
|-damage|p2b: Sneasler|0 fnt
|faint|p2a: Dragonite
|faint|p2b: Sneasler
|move|p1a: Ursaluna|Hyper Voice|p2: Dragonite|[notarget]
|-fail|p1a: Ursaluna
|
|upkeep
|
|t:|1756910831
|switch|p2a: Incineroar|Incineroar, L50, F|8/100
|-ability|p2a: Incineroar|Intimidate|boost
|-unboost|p1a: Ursaluna|atk|1
|-unboost|p1b: Milotic|atk|1
|-ability|p1b: Milotic|Competitive|boost
|-boost|p1b: Milotic|spa|2
|turn|11
|-message|ZeGaboVGC forfeited.
|
|win|elytsujuw
|l|☆ZeGaboVGC
|player|p2|
||elytsujuw is ready for game 2.
|j|☆ZeGaboVGC
|player|p2|ZeGaboVGC|benga|
