|j|☆aquileselpoderoso
|j|☆CaratroncoSun
|html|aquileselpoderosoCaratroncoSun    
|uhtml|bestof|Game 2 of a best-of-3
|t:|1782465859
|gametype|doubles
|player|p1|aquileselpoderoso|266|1121
|player|p2|CaratroncoSun|juan|1201
|gen|9
|tier|[Gen 9 Champions] VGC 2026 Reg M-B (Bo3)
|rated|
|rule|Species Clause: Limit one of each Pokémon
|rule|Item Clause: Limit 1 of each item
|clearpoke
|poke|p1|Houndstone, L50, F|
|poke|p1|Tyranitar, L50, F|
|poke|p1|Gardevoir, L50, M|
|poke|p1|Garchomp, L50, M|
|poke|p1|Kingambit, L50, F|
|poke|p1|Talonflame, L50, M|
|poke|p2|Overqwil, L50, F, shiny|
|poke|p2|Swampert, L50, F|
|poke|p2|Pelipper, L50, F|
|poke|p2|Metagross, L50, shiny|
|poke|p2|Sneasler, L50, M|
|poke|p2|Sinistcha-Masterpiece, L50|
|teampreview|4
|showteam|p1|Houndstone||WideLens|SandRush|WillOWisp,LastRespects,Snarl,Disable|Impish||F|||50|]Tyranitar||Tyranitarite|SandStream|Protect,RockSlide,KnockOff,DragonDance|Adamant||F|||50|]Gardevoir||ChoiceScarf|Synchronize|Psychic,DazzlingGleam,AuraSphere,EnergyBall|Modest||M|||50|]Garchomp||BrightPowder|SandVeil|Protect,StompingTantrum,RockSlide,DragonClaw|Adamant||M|||50|]Kingambit||FocusSash|Defiant|SuckerPunch,KowtowCleave,IronHead,LowKick|Adamant||F|||50|]Talonflame||Leftovers|GaleWings|Tailwind,Protect,DualWingbeat,FlareBlitz|Jolly||M|||50|
|showteam|p2|Overqwil||LifeOrb|SwiftSwim|Protect,PoisonJab,ThroatChop,Liquidation|Adamant||F|||50|]Swampert||Swampertite|Damp|Protect,WaveCrash,HighHorsepower,IcePunch|Adamant||F|||50|]Pelipper||FocusSash|Drizzle|RainDance,Tailwind,Hurricane,WeatherBall|Modest||F|||50|]Metagross||Metagrossite|ClearBody|Protect,PsychicFangs,IronHead,IcePunch|Jolly|||||50|]Sneasler||WhiteHerb|Unburden|Coaching,FakeOut,DireClaw,CloseCombat|Jolly||M|||50|]Sinistcha-Masterpiece||SitrusBerry|Hospitality|MatchaGotcha,TrickRoom,LifeDew,RagePowder|Bold|||||50|
|inactive|Battle timer is ON: inactive players will automatically lose when time's up. (requested by CaratroncoSun)
|
|t:|1782465932
|teamsize|p1|4
|teamsize|p2|4
|start
|switch|p1a: Talonflame|Talonflame, L50, M|100/100
|switch|p1b: Garchomp|Garchomp, L50, M|100/100
|switch|p2a: Overqwil|Overqwil, L50, F, shiny|100/100
|switch|p2b: Sneasler|Sneasler, L50, M|100/100
|turn|1
|
|t:|1782465948
|move|p1a: Talonflame|Protect|p1a: Talonflame
|-singleturn|p1a: Talonflame|Protect
|move|p1b: Garchomp|Protect|p1b: Garchomp
|-singleturn|p1b: Garchomp|Protect
|move|p2a: Overqwil|Protect|p2a: Overqwil
|-singleturn|p2a: Overqwil|Protect
|move|p2b: Sneasler|Coaching|p2a: Overqwil
|-boost|p2a: Overqwil|atk|1
|-boost|p2a: Overqwil|def|1
|
|upkeep
|turn|2
|inactive|aquileselpoderoso has 30 seconds left.
|
|t:|1782465973
|switch|p2b: Pelipper|Pelipper, L50, F|100/100
|-weather|RainDance|[from] ability: Drizzle|[of] p2b: Pelipper
|move|p1a: Talonflame|Dual Wingbeat|p2b: Pelipper
|-damage|p2b: Pelipper|78/100
|-damage|p2b: Pelipper|58/100
|-hitcount|p2b: Pelipper|2
|move|p2a: Overqwil|Liquidation|p1b: Garchomp
|-damage|p1b: Garchomp|21/100
|-damage|p2a: Overqwil|90/100|[from] item: Life Orb
|move|p1b: Garchomp|Stomping Tantrum|p2a: Overqwil
|-supereffective|p2a: Overqwil|1
|-damage|p2a: Overqwil|17/100
|
|-weather|RainDance|[upkeep]
|upkeep
|turn|3
|inactive|aquileselpoderoso has 30 seconds left.
|
|t:|1782466003
|move|p2a: Overqwil|Protect|p2a: Overqwil
|-singleturn|p2a: Overqwil|Protect
|move|p1a: Talonflame|Tailwind|p1a: Talonflame
|-sidestart|p1: aquileselpoderoso|move: Tailwind
|move|p1b: Garchomp|Rock Slide|p2a: Overqwil|[spread] p2b
|-activate|p2a: Overqwil|move: Protect
|-supereffective|p2b: Pelipper|1
|-damage|p2b: Pelipper|0 fnt
|faint|p2b: Pelipper
|
|-weather|RainDance|[upkeep]
|upkeep
|
|t:|1782466016
|switch|p2b: Swampert|Swampert, L50, F|100/100
|turn|4
|inactive|CaratroncoSun has 30 seconds left.
|
|t:|1782466048
|switch|p1a: Tyranitar|Tyranitar, L50, F|100/100
|-weather|Sandstorm|[from] ability: Sand Stream|[of] p1a: Tyranitar
|detailschange|p2b: Swampert|Swampert-Mega, L50, F
|-mega|p2b: Swampert|Swampert|Swampertite
|move|p1b: Garchomp|Rock Slide|p2a: Overqwil|[spread] p2a,p2b
|-resisted|p2b: Swampert|1
|-damage|p2a: Overqwil|0 fnt
|-damage|p2b: Swampert|89/100
|faint|p2a: Overqwil
|move|p2b: Swampert|Ice Punch|p1b: Garchomp
|-supereffective|p1b: Garchomp|2
|-damage|p1b: Garchomp|0 fnt
|faint|p1b: Garchomp
|
|-weather|Sandstorm|[upkeep]
|upkeep
|
|t:|1782466069
|switch|p1b: Talonflame|Talonflame, L50, M|100/100
|switch|p2a: Sneasler|Sneasler, L50, M|100/100
|turn|5
|
|t:|1782466089
|move|p1b: Talonflame|Protect|p1b: Talonflame
|-singleturn|p1b: Talonflame|Protect
|move|p1a: Tyranitar|Protect|p1a: Tyranitar
|-singleturn|p1a: Tyranitar|Protect
|move|p2a: Sneasler|Fake Out|p1b: Talonflame
|-activate|p1b: Talonflame|move: Protect
|move|p2b: Swampert|Wave Crash|p1b: Talonflame
|-activate|p1b: Talonflame|move: Protect
|
|-weather|Sandstorm|[upkeep]
|-damage|p1b: Talonflame|94/100|[from] Sandstorm
|-damage|p2a: Sneasler|94/100|[from] Sandstorm
|-heal|p1b: Talonflame|100/100|[from] item: Leftovers
|upkeep
|turn|6
|
|t:|1782466114
|detailschange|p1a: Tyranitar|Tyranitar-Mega, L50, F
|-mega|p1a: Tyranitar|Tyranitar|Tyranitarite
|move|p1b: Talonflame|Dual Wingbeat|p2a: Sneasler|[miss]
|-miss|p1b: Talonflame|p2a: Sneasler
|move|p1a: Tyranitar|Dragon Dance|p1a: Tyranitar
|-boost|p1a: Tyranitar|atk|1
|-boost|p1a: Tyranitar|spe|1
|move|p2a: Sneasler|Coaching|p2b: Swampert
|-boost|p2b: Swampert|atk|1
|-boost|p2b: Swampert|def|1
|move|p2b: Swampert|High Horsepower|p1a: Tyranitar
|-supereffective|p1a: Tyranitar|1
|-damage|p1a: Tyranitar|0 fnt
|faint|p1a: Tyranitar
|
|-weather|Sandstorm|[upkeep]
|-damage|p1b: Talonflame|94/100|[from] Sandstorm
|-damage|p2a: Sneasler|88/100|[from] Sandstorm
|-heal|p1b: Talonflame|100/100|[from] item: Leftovers
|-sideend|p1: aquileselpoderoso|move: Tailwind
|upkeep
|
|t:|1782466131
|switch|p1a: Gardevoir|Gardevoir, L50, M|100/100
|turn|7
|
|t:|1782466148
|move|p1b: Talonflame|Dual Wingbeat|p2a: Sneasler
|-supereffective|p2a: Sneasler|1
|-damage|p2a: Sneasler|41/100
|-supereffective|p2a: Sneasler|1
|-damage|p2a: Sneasler|0 fnt
|faint|p2a: Sneasler
|-hitcount|p2: Sneasler|2
|move|p1a: Gardevoir|Energy Ball|p2b: Swampert
|-supereffective|p2b: Swampert|2
|-damage|p2b: Swampert|0 fnt
|faint|p2b: Swampert
|
|win|aquileselpoderoso
