|j|☆detoxfilms
|j|☆PigsPigsPigsPigs
|html|detoxfilmsPigsPigsPigsPigs    
|uhtml|bestof|Game 1 of a best-of-3
|t:|1757675746
|gametype|doubles
|player|p1|detoxfilms|170|1161
|player|p2|PigsPigsPigsPigs|marley|1189
|gen|9
|tier|[Gen 9] VGC 2025 Reg H (Bo3)
|rated|
|rule|Species Clause: Limit one of each Pokémon
|rule|Item Clause: Limit 1 of each item
|clearpoke
|poke|p1|Gothitelle, L50, M|
|poke|p1|Rillaboom, L50, M|
|poke|p1|Dragapult, L50, F|
|poke|p1|Lapras, L50, F|
|poke|p1|Incineroar, L50, M|
|poke|p1|Sneasler, L50, F|
|poke|p2|Indeedee-F, L50, F|
|poke|p2|Armarouge, L50, F|
|poke|p2|Ursaluna, L50, F|
|poke|p2|Gallade, L50, M|
|poke|p2|Incineroar, L50, F|
|poke|p2|Sneasler, L50, F|
|teampreview|4
|showteam|p1|Gothitelle||SitrusBerry|ShadowTag|FakeOut,Psychic,TrickRoom,Protect|||M|||50|,,,,,Dark]Rillaboom||AssaultVest|GrassySurge|GrassyGlide,WoodHammer,Uturn,FakeOut|||M|||50|,,,,,Fire]Dragapult||ChoiceBand|ClearBody|TeraBlast,DragonDarts,PhantomForce,Uturn|||F|||50|,,,,,Ghost]Lapras||Leftovers|WaterAbsorb|Protect,MuddyWater,HelpingHand,PerishSong|||F|||50|,,,,,Grass]Incineroar||SafetyGoggles|Intimidate|FakeOut,FlareBlitz,PartingShot,Protect|||M|||50|,,,,,Bug]Sneasler||GrassySeed|Unburden|Protect,CloseCombat,DireClaw,ThroatChop|||F|||50|,,,,,Dark
|showteam|p2|Indeedee-F||FocusSash|PsychicSurge|FollowMe,TrickRoom,HelpingHand,Psychic|||F|||50|,,,,,Fairy]Armarouge||LifeOrb|FlashFire|ExpandingForce,ArmorCannon,TrickRoom,Protect|||F|||50|,,,,,Grass]Ursaluna||FlameOrb|Guts|Facade,Earthquake,HeadlongRush,Protect|||F|||50|,,,,,Ghost]Gallade||ClearAmulet|Sharpness|SacredSword,PsychoCut,TrickRoom,WideGuard|||M|||50|,,,,,Steel]Incineroar||SafetyGoggles|Intimidate|FakeOut,FlareBlitz,KnockOff,PartingShot|||F|||50|,,,,,Flying]Sneasler||PsychicSeed|Unburden|DireClaw,CloseCombat,ThroatChop,Protect|||F|||50|,,,,,Stellar
|
|t:|1757675808
|teamsize|p1|4
|teamsize|p2|4
|start
|switch|p1a: Lapras|Lapras, L50, F|100/100
|switch|p1b: Rillaboom|Rillaboom, L50, M|100/100
|switch|p2a: Cain|Incineroar, L50, F|100/100
|switch|p2b: Mildenhall|Ursaluna, L50, F|100/100
|-fieldstart|move: Grassy Terrain|[from] ability: Grassy Surge|[of] p1b: Rillaboom
|-ability|p2a: Cain|Intimidate|boost
|-unboost|p1a: Lapras|atk|1
|-unboost|p1b: Rillaboom|atk|1
|turn|1
|
|t:|1757675821
|switch|p2a: Pomni|Indeedee-F, L50, F|100/100
|-fieldstart|move: Psychic Terrain|[from] ability: Psychic Surge|[of] p2a: Pomni
|-terastallize|p2b: Mildenhall|Ghost
|move|p1b: Rillaboom|U-turn|p2a: Pomni
|-supereffective|p2a: Pomni
|-damage|p2a: Pomni|60/100
|
|t:|1757675830
|switch|p1b: Incineroar|Incineroar, L50, M|100/100|[from] U-turn
|-ability|p1b: Incineroar|Intimidate|boost
|-unboost|p2a: Pomni|atk|1
|-unboost|p2b: Mildenhall|atk|1
|move|p1a: Lapras|Perish Song|p1a: Lapras
|-start|p1a: Lapras|perish3|[silent]
|-start|p1b: Incineroar|perish3|[silent]
|-start|p2a: Pomni|perish3|[silent]
|-start|p2b: Mildenhall|perish3|[silent]
|-fieldactivate|move: Perish Song
|move|p2b: Mildenhall|Facade|p1a: Lapras
|-damage|p1a: Lapras|74/100
|
|-heal|p1a: Lapras|80/100|[from] item: Leftovers
|-start|p2a: Pomni|perish3
|-start|p1b: Incineroar|perish3
|-start|p1a: Lapras|perish3
|-start|p2b: Mildenhall|perish3
|-status|p2b: Mildenhall|brn|[from] item: Flame Orb
|upkeep
|turn|2
|
|t:|1757675849
|switch|p2a: Ragatha|Sneasler, L50, F|100/100
|-enditem|p2a: Ragatha|Psychic Seed
|-boost|p2a: Ragatha|spd|1|[from] item: Psychic Seed
|-terastallize|p1b: Incineroar|Bug
|move|p1a: Lapras|Protect|p1a: Lapras
|-singleturn|p1a: Lapras|Protect
|move|p1b: Incineroar|Parting Shot|p2a: Ragatha
|-unboost|p2a: Ragatha|atk|1
|-unboost|p2a: Ragatha|spa|1
|
|t:|1757675861
|switch|p1b: Rillaboom|Rillaboom, L50, M|100/100|[from] Parting Shot
|-fieldstart|move: Grassy Terrain|[from] ability: Grassy Surge|[of] p1b: Rillaboom
|move|p2b: Mildenhall|Headlong Rush|p1b: Rillaboom
|-resisted|p1b: Rillaboom
|-damage|p1b: Rillaboom|68/100
|-unboost|p2b: Mildenhall|def|1
|-unboost|p2b: Mildenhall|spd|1
|
|-heal|p1b: Rillaboom|74/100|[from] Grassy Terrain
|-heal|p1a: Lapras|86/100|[from] Grassy Terrain
|-heal|p1a: Lapras|92/100|[from] item: Leftovers
|-damage|p2b: Mildenhall|94/100 brn|[from] brn
|-start|p1a: Lapras|perish2
|-start|p2b: Mildenhall|perish2
|upkeep
|turn|3
|
|t:|1757675890
|switch|p1a: Incineroar|Incineroar, L50, M, tera:Bug|100/100
|-ability|p1a: Incineroar|Intimidate|boost
|-unboost|p2a: Ragatha|atk|1
|-unboost|p2b: Mildenhall|atk|1
|switch|p2b: Cain|Incineroar, L50, F|100/100
|-ability|p2b: Cain|Intimidate|boost
|-unboost|p1a: Incineroar|atk|1
|-unboost|p1b: Rillaboom|atk|1
|move|p2a: Ragatha|Close Combat|p1a: Incineroar
|-resisted|p1a: Incineroar
|-damage|p1a: Incineroar|87/100
|-unboost|p2a: Ragatha|def|1
|-unboost|p2a: Ragatha|spd|1
|move|p1b: Rillaboom|Wood Hammer|p2b: Cain
|-resisted|p2b: Cain
|-damage|p2b: Cain|73/100
|-damage|p1b: Rillaboom|65/100|[from] Recoil
|
|-heal|p1b: Rillaboom|72/100|[from] Grassy Terrain
|-heal|p1a: Incineroar|93/100|[from] Grassy Terrain
|-heal|p2b: Cain|79/100|[from] Grassy Terrain
|upkeep
|turn|4
|
|t:|1757675912
|switch|p2a: Pomni|Indeedee-F, L50, F|60/100
|-fieldstart|move: Psychic Terrain|[from] ability: Psychic Surge|[of] p2a: Pomni
|move|p1b: Rillaboom|U-turn|p2a: Pomni
|-supereffective|p2a: Pomni
|-damage|p2a: Pomni|17/100
|
|t:|1757675921
|switch|p1b: Lapras|Lapras, L50, F|92/100|[from] U-turn
|move|p1a: Incineroar|Flare Blitz|p2a: Pomni
|-damage|p2a: Pomni|0 fnt
|faint|p2a: Pomni
|-damage|p1a: Incineroar|88/100|[from] Recoil
|move|p2b: Cain|Flare Blitz|p1b: Lapras
|-crit|p1b: Lapras
|-damage|p1b: Lapras|17/100
|-damage|p2b: Cain|49/100|[from] Recoil
|
|-heal|p1b: Lapras|23/100|[from] item: Leftovers
|upkeep
|
|t:|1757675934
|switch|p2a: Ragatha|Sneasler, L50, F|100/100
|turn|5
|
|t:|1757675946
|move|p1b: Lapras|Protect|p1b: Lapras
|-singleturn|p1b: Lapras|Protect
|move|p2a: Ragatha|Dire Claw|p1a: Incineroar
|-damage|p1a: Incineroar|49/100
|move|p1a: Incineroar|Parting Shot|p2b: Cain
|-unboost|p2b: Cain|atk|1
|-unboost|p2b: Cain|spa|1
|
|t:|1757675959
|switch|p1a: Rillaboom|Rillaboom, L50, M|72/100|[from] Parting Shot
|-fieldstart|move: Grassy Terrain|[from] ability: Grassy Surge|[of] p1a: Rillaboom
|move|p2b: Cain|Flare Blitz|p1a: Rillaboom
|-supereffective|p1a: Rillaboom
|-damage|p1a: Rillaboom|0 fnt
|faint|p1a: Rillaboom
|-damage|p2b: Cain|25/100|[from] Recoil
|
|-heal|p1b: Lapras|29/100|[from] Grassy Terrain
|-heal|p2b: Cain|30/100|[from] Grassy Terrain
|-heal|p1b: Lapras|35/100|[from] item: Leftovers
|upkeep
|
|t:|1757675967
|switch|p1a: Incineroar|Incineroar, L50, M, tera:Bug|49/100
|-ability|p1a: Incineroar|Intimidate|boost
|-unboost|p2a: Ragatha|atk|1
|-unboost|p2b: Cain|atk|1
|turn|6
|
|t:|1757675985
|switch|p1a: Gothitelle|Gothitelle, L50, M|100/100
|move|p2a: Ragatha|Close Combat|p1b: Lapras
|-supereffective|p1b: Lapras
|-damage|p1b: Lapras|0 fnt
|-unboost|p2a: Ragatha|def|1
|-unboost|p2a: Ragatha|spd|1
|faint|p1b: Lapras
|move|p2b: Cain|Flare Blitz|p1a: Gothitelle
|-damage|p1a: Gothitelle|68/100
|-status|p1a: Gothitelle|brn
|-damage|p2b: Cain|20/100|[from] Recoil
|
|-heal|p1a: Gothitelle|74/100 brn|[from] Grassy Terrain
|-heal|p2b: Cain|26/100|[from] Grassy Terrain
|-damage|p1a: Gothitelle|68/100 brn|[from] brn
|upkeep
|
|t:|1757675991
|switch|p1b: Incineroar|Incineroar, L50, M, tera:Bug|49/100
|-ability|p1b: Incineroar|Intimidate|boost
|-unboost|p2a: Ragatha|atk|1
|-unboost|p2b: Cain|atk|1
|turn|7
|
|t:|1757676006
|move|p2a: Ragatha|Throat Chop|p1a: Gothitelle
|-supereffective|p1a: Gothitelle
|-damage|p1a: Gothitelle|39/100 brn
|-start|p1a: Gothitelle|Throat Chop|[silent]
|-enditem|p1a: Gothitelle|Sitrus Berry|[eat]
|-heal|p1a: Gothitelle|64/100 brn|[from] item: Sitrus Berry
|move|p1b: Incineroar|Flare Blitz|p2a: Ragatha
|-damage|p2a: Ragatha|0 fnt
|faint|p2a: Ragatha
|-damage|p1b: Incineroar|23/100|[from] Recoil
|move|p1a: Gothitelle|Psychic|p2b: Cain
|-immune|p2b: Cain
|move|p2b: Cain|Parting Shot|p1b: Incineroar
|-unboost|p1b: Incineroar|atk|1
|-unboost|p1b: Incineroar|spa|1
|
|t:|1757676019
|switch|p2b: Mildenhall|Ursaluna, L50, F, tera:Ghost|94/100 brn|[from] Parting Shot
|
|-heal|p1b: Incineroar|29/100|[from] Grassy Terrain
|-heal|p1a: Gothitelle|71/100 brn|[from] Grassy Terrain
|-heal|p2b: Mildenhall|100/100 brn|[from] Grassy Terrain
|-damage|p1a: Gothitelle|64/100 brn|[from] brn
|-damage|p2b: Mildenhall|94/100 brn|[from] brn
|upkeep
|
|t:|1757676024
|switch|p2a: Cain|Incineroar, L50, F|26/100
|-ability|p2a: Cain|Intimidate|boost
|-unboost|p1a: Gothitelle|atk|1
|-unboost|p1b: Incineroar|atk|1
|turn|8
|
|t:|1757676040
|move|p1b: Incineroar|Protect|p1b: Incineroar
|-singleturn|p1b: Incineroar|Protect
|move|p1a: Gothitelle|Protect|p1a: Gothitelle
|-singleturn|p1a: Gothitelle|Protect
|move|p2a: Cain|Fake Out|p1b: Incineroar
|-activate|p1b: Incineroar|move: Protect
|move|p2b: Mildenhall|Facade|p1a: Gothitelle
|-activate|p1a: Gothitelle|move: Protect
|
|-heal|p1b: Incineroar|35/100|[from] Grassy Terrain
|-heal|p1a: Gothitelle|71/100 brn|[from] Grassy Terrain
|-heal|p2a: Cain|32/100|[from] Grassy Terrain
|-heal|p2b: Mildenhall|100/100 brn|[from] Grassy Terrain
|-damage|p1a: Gothitelle|64/100 brn|[from] brn
|-damage|p2b: Mildenhall|94/100 brn|[from] brn
|-end|p1a: Gothitelle|Throat Chop|[silent]
|upkeep
|turn|9
|
|t:|1757676049
|move|p1b: Incineroar|Flare Blitz|p2b: Mildenhall
|-damage|p2b: Mildenhall|77/100 brn
|-damage|p1b: Incineroar|29/100|[from] Recoil
|move|p1a: Gothitelle|Psychic|p2b: Mildenhall
|-damage|p2b: Mildenhall|53/100 brn
|move|p2a: Cain|Knock Off|p1a: Gothitelle
|-supereffective|p1a: Gothitelle
|-damage|p1a: Gothitelle|0 fnt
|faint|p1a: Gothitelle
|move|p2b: Mildenhall|Facade|p1b: Incineroar
|-damage|p1b: Incineroar|0 fnt
|faint|p1b: Incineroar
|
|win|PigsPigsPigsPigs
|inactive|detoxfilms has 30 seconds to confirm battle start!
|inactive|PigsPigsPigsPigs has 30 seconds to confirm battle start!
||detoxfilms is ready for game 2.
||PigsPigsPigsPigs is ready for game 2.
|uhtml|next|Next: Game 2 of 3
|l|☆detoxfilms
|player|p1|
|l|☆PigsPigsPigsPigs
|player|p2|
