|j|☆RICHARDHAVOC
|j|☆iiFWM
|html|RICHARDHAVOCiiFWM    
|uhtml|bestof|Game 2 of a best-of-3
|t:|1754617418
|gametype|doubles
|player|p1|RICHARDHAVOC|170|1415
|player|p2|iiFWM|cyrus|1326
|gen|9
|tier|[Gen 9] VGC 2025 Reg H (Bo3)
|rated|
|rule|Species Clause: Limit one of each Pokémon
|rule|Item Clause: Limit 1 of each item
|clearpoke
|poke|p1|Whimsicott, L50, F|
|poke|p1|Garchomp, L50, M|
|poke|p1|Gholdengo, L50|
|poke|p1|Incineroar, L50, M|
|poke|p1|Dragonite, L50, M|
|poke|p1|Sneasler, L50, F|
|poke|p2|Sneasler, L50, M|
|poke|p2|Dragapult, L50, F|
|poke|p2|Primarina, L50, M|
|poke|p2|Rillaboom, L50, M|
|poke|p2|Kingambit, L50, F|
|poke|p2|Magmar, L50, F|
|teampreview|4
|showteam|p1|Whimsicott||FocusSash|Prankster|Moonblast,Tailwind,Encore,Protect|||F|||50|,,,,,Ghost]Garchomp||LifeOrb|RoughSkin|Earthquake,DragonClaw,StompingTantrum,Protect|||M|||50|,,,,,Steel]Gholdengo||ChoiceSpecs|GoodasGold|MakeItRain,ShadowBall,Trick,Protect||||||50|,,,,,Steel]Incineroar||AssaultVest|Intimidate|FakeOut,Uturn,KnockOff,FlareBlitz|||M|||50|,,,,,Ghost]Dragonite||ChoiceBand|InnerFocus|ExtremeSpeed,Haze,IceSpinner,Outrage|||M|||50|,,,,,Normal]Sneasler||WhiteHerb|Unburden|FakeOut,DireClaw,CloseCombat,Protect|||F|||50|,,,,,Stellar
|showteam|p2|Sneasler||FocusSash|PoisonTouch|CloseCombat,DireClaw,FakeOut,Protect|||M|||50|,,,,,Stellar]Dragapult||ChoiceBand|ClearBody|DragonDarts,Outrage,PhantomForce,Uturn|||F|||50|,,,,,Dragon]Primarina||SitrusBerry|LiquidVoice|HyperVoice,Moonblast,Haze,Protect|||M|||50|,,,,,Poison]Rillaboom||AssaultVest|GrassySurge|WoodHammer,GrassyGlide,HighHorsepower,FakeOut|||M|||50|,,,,,Fire]Kingambit||DreadPlate|Defiant|KowtowCleave,SuckerPunch,SwordsDance,Protect|||F|||50|,,,,,Ghost]Magmar||Eviolite|VitalSpirit|Overheat,WillOWisp,FollowMe,Protect|||F|||50|,,,,,Ghost
|inactive|Battle timer is ON: inactive players will automatically lose when time's up. (requested by iiFWM)
|inactive|RICHARDHAVOC has 60 seconds left.
|inactive|iiFWM has 60 seconds left.
|
|t:|1754617474
|teamsize|p1|4
|teamsize|p2|4
|start
|switch|p1a: Gholdengo|Gholdengo, L50, shiny|100/100
|switch|p1b: Sneasler|Sneasler, L50, F, shiny|100/100
|switch|p2a: Magmar|Magmar, L50, F, shiny|100/100
|switch|p2b: Dragapult|Dragapult, L50, F|100/100
|turn|1
|inactive|iiFWM has 30 seconds left.
|
|t:|1754617507
|switch|p1a: Dragonite|Dragonite, L50, M, shiny|100/100
|move|p2a: Magmar|Protect|p2a: Magmar
|-singleturn|p2a: Magmar|Protect
|move|p2b: Dragapult|U-turn|p1a: Dragonite
|-resisted|p1a: Dragonite
|-damage|p1a: Dragonite|84/100
|inactive|iiFWM has 30 seconds left.
|
|t:|1754617534
|switch|p2b: Primarina|Primarina, L50, M|100/100|[from] U-turn
|move|p1b: Sneasler|Dire Claw|p2a: Magmar
|-activate|p2a: Magmar|move: Protect
|
|upkeep
|turn|2
|inactive|RICHARDHAVOC has 30 seconds left.
|
|t:|1754617561
|-terastallize|p2b: Primarina|Poison
|move|p1b: Sneasler|Dire Claw|p2b: Primarina
|-resisted|p2b: Primarina
|-damage|p2b: Primarina|78/100
|-status|p2b: Primarina|par
|move|p2a: Magmar|Will-O-Wisp|p1a: Dragonite
|-status|p1a: Dragonite|brn
|move|p1a: Dragonite|Outrage|p2a: Magmar
|-damage|p2a: Magmar|57/100
|move|p2b: Primarina|Moonblast|p1b: Sneasler
|-damage|p1b: Sneasler|38/100
|
|-damage|p1a: Dragonite|78/100 brn|[from] brn
|upkeep
|turn|3
|inactive|iiFWM has 30 seconds left.
|
|t:|1754617587
|switch|p2a: Kingambit|Kingambit, L50, F, shiny|100/100
|move|p1b: Sneasler|Dire Claw|p2a: Kingambit
|-immune|p2a: Kingambit
|move|p1a: Dragonite|Outrage|p2b: Primarina|[from] lockedmove
|-damage|p2b: Primarina|29/100 par
|-enditem|p2b: Primarina|Sitrus Berry|[eat]
|-heal|p2b: Primarina|54/100 par|[from] item: Sitrus Berry
|-start|p1a: Dragonite|confusion|[fatigue]
|move|p2b: Primarina|Moonblast|p1b: Sneasler
|-damage|p1b: Sneasler|0 fnt
|faint|p1b: Sneasler
|
|-damage|p1a: Dragonite|72/100 brn|[from] brn
|upkeep
|
|t:|1754617594
|switch|p1b: Garchomp|Garchomp, L50, M, shiny|100/100
|turn|4
|inactive|iiFWM has 30 seconds left.
|
|t:|1754617628
|move|p2a: Kingambit|Protect|p2a: Kingambit
|-singleturn|p2a: Kingambit|Protect
|move|p1b: Garchomp|Earthquake|p2a: Kingambit|[spread] p2b
|-activate|p2a: Kingambit|move: Protect
|-immune|p1a: Dragonite
|-supereffective|p2b: Primarina
|-damage|p2b: Primarina|0 fnt
|faint|p2b: Primarina
|-damage|p1b: Garchomp|91/100|[from] item: Life Orb
|-activate|p1a: Dragonite|confusion
|move|p1a: Dragonite|Outrage|p2a: Kingambit
|-activate|p2a: Kingambit|move: Protect
|
|-damage|p1a: Dragonite|66/100 brn|[from] brn
|upkeep
|
|t:|1754617640
|switch|p2b: Dragapult|Dragapult, L50, F|100/100
|turn|5
|
|t:|1754617664
|-terastallize|p1b: Garchomp|Steel
|move|p2b: Dragapult|Dragon Darts|p1a: Dragonite
|-supereffective|p1a: Dragonite
|-damage|p1a: Dragonite|0 fnt
|-anim|p2b: Dragapult|Dragon Darts|p1b: Garchomp
|-resisted|p1b: Garchomp
|-damage|p1b: Garchomp|72/100
|faint|p1a: Dragonite
|move|p1b: Garchomp|Dragon Claw|p2b: Dragapult
|-supereffective|p2b: Dragapult
|-damage|p2b: Dragapult|0 fnt
|faint|p2b: Dragapult
|-damage|p1b: Garchomp|62/100|[from] item: Life Orb
|move|p2a: Kingambit|Kowtow Cleave|p1b: Garchomp
|-damage|p1b: Garchomp|8/100
|-damage|p2a: Kingambit|88/100|[from] ability: Rough Skin|[of] p1b: Garchomp
|
|upkeep
|
|t:|1754617679
|switch|p2b: Magmar|Magmar, L50, F, shiny|57/100
|switch|p1a: Gholdengo|Gholdengo, L50, shiny|100/100
|turn|6
|
|t:|1754617702
|move|p1b: Garchomp|Protect|p1b: Garchomp
|-singleturn|p1b: Garchomp|Protect
|move|p2b: Magmar|Protect|p2b: Magmar
|-singleturn|p2b: Magmar|Protect
|move|p2a: Kingambit|Protect|p2a: Kingambit
|-singleturn|p2a: Kingambit|Protect
|move|p1a: Gholdengo|Shadow Ball|p2b: Magmar
|-activate|p2b: Magmar|move: Protect
|
|upkeep
|turn|7
|
|t:|1754617725
|move|p1b: Garchomp|Protect||[still]
|-fail|p1b: Garchomp
|move|p2a: Kingambit|Sucker Punch||[still]
|-fail|p2a: Kingambit
|move|p1a: Gholdengo|Shadow Ball|p2b: Magmar
|-damage|p2b: Magmar|6/100
|move|p2b: Magmar|Overheat|p1b: Garchomp
|-supereffective|p1b: Garchomp
|-damage|p1b: Garchomp|0 fnt
|-unboost|p2b: Magmar|spa|2
|faint|p1b: Garchomp
|
|upkeep
|turn|8
|-message|RICHARDHAVOC forfeited.
|
|win|iiFWM
|raw|RICHARDHAVOC's rating: 1415 → 1390(-25 for losing)
|raw|iiFWM's rating: 1326 → 1351(+25 for winning)
|l|☆RICHARDHAVOC
|player|p1|
