|j|☆gum cuzzler3301
|j|☆Karissel
|html|gum cuzzler3301Karissel    
|uhtml|bestof|Game 2 of a best-of-3
|t:|1783909617
|gametype|doubles
|player|p1|gum cuzzler3301|marshal|
|player|p2|Karissel|miku-ground|
|gen|9
|tier|[Gen 9 Champions] VGC 2026 Reg M-B (Bo3)
|rule|Species Clause: Limit one of each Pokémon
|rule|Item Clause: Limit 1 of each item
|clearpoke
|poke|p1|Blaziken, L50, F|
|poke|p1|Glimmora, L50, F|
|poke|p1|Kingambit, L50, M|
|poke|p1|Ninetales-Alola, L50, F|
|poke|p1|Basculegion, L50, M|
|poke|p1|Whimsicott, L50, M|
|poke|p2|Froslass, L50, F, shiny|
|poke|p2|Scovillain, L50, F, shiny|
|poke|p2|Basculegion, L50, M|
|poke|p2|Kingambit, L50, F, shiny|
|poke|p2|Sneasler, L50, M, shiny|
|poke|p2|Lycanroc-Dusk, L50, M, shiny|
|teampreview|4
|showteam|p1|Blaziken||Blazikenite|SpeedBoost|CloseCombat,FlareBlitz,StoneEdge,Detect|Adamant||F|||50|]Glimmora||Glimmoranite|ToxicDebris|SludgeBomb,PowerGem,EarthPower,SpikyShield|Modest||F|||50|]Kingambit||LifeOrb|Defiant|KowtowCleave,SuckerPunch,LowKick,Protect|Adamant||M|||50|]Ninetales-Alola||NeverMeltIce|SnowWarning|Blizzard,FreezeDry,Snowscape,Protect|Timid||F|||50|]Basculegion||ChoiceScarf|Adaptability|WaveCrash,FlipTurn,LastRespects,AquaJet|Jolly||M|||50|]Whimsicott||FocusSash|Prankster|Moonblast,Tailwind,Encore,Protect|Timid||M|||50|
|showteam|p2|Froslass||Froslassite|CursedBody|Blizzard,ShadowBall,AuroraVeil,Protect|Modest||F|||50|]Scovillain||Scovillainite|Moody|GigaDrain,Overheat,RagePowder,Protect|Bold||F|||50|]Basculegion||SitrusBerry|Adaptability|WaveCrash,LastRespects,AquaJet,Protect|Adamant||M|||50|]Kingambit||BlackGlasses|Defiant|KowtowCleave,SuckerPunch,SwordsDance,Protect|Adamant||F|||50|]Sneasler||WhiteHerb|Unburden|CloseCombat,GunkShot,Protect,FakeOut|Adamant||M|||50|]Lycanroc-Dusk||FocusSash|ToughClaws|CloseCombat,Accelerock,RockSlide,Protect|Adamant||M|||50|
|inactive|Battle timer is ON: inactive players will automatically lose when time's up. (requested by Karissel)
|inactive|gum cuzzler3301 also wants the timer to be on.
|j| 5-3 merchant
|inactive|gum cuzzler3301 has 60 seconds left.
|inactive|Karissel has 60 seconds left.
|
|t:|1783909668
|teamsize|p1|4
|teamsize|p2|4
|start
|switch|p1a: Glimmora|Glimmora, L50, F|100/100
|switch|p1b: Kingambit|Kingambit, L50, M|100/100
|switch|p2a: Scovillain|Scovillain, L50, F, shiny|100/100
|switch|p2b: Sonion ring|Sneasler, L50, M, shiny|100/100
|turn|1
|inactive|Karissel has 30 seconds left.
|
|t:|1783909696
|switch|p2a: Paul|Kingambit, L50, F, shiny|100/100
|switch|p1b: Blaziken|Blaziken, L50, F|100/100
|detailschange|p1a: Glimmora|Glimmora-Mega, L50, F
|-mega|p1a: Glimmora|Glimmora|Glimmoranite
|move|p2b: Sonion ring|Close Combat|p1b: Blaziken
|-damage|p1b: Blaziken|16/100
|-unboost|p2b: Sonion ring|def|1
|-unboost|p2b: Sonion ring|spd|1
|-enditem|p2b: Sonion ring|White Herb
|-clearnegativeboost|p2b: Sonion ring|[silent]
|move|p1a: Glimmora|Power Gem|p2a: Paul
|-resisted|p2a: Paul|1
|-damage|p2a: Paul|71/100
|
|upkeep
|turn|2
|inactive|Karissel has 30 seconds left.
|
|t:|1783909723
|move|p2b: Sonion ring|Close Combat|p1b: Blaziken
|-crit|p1b: Blaziken
|-damage|p1b: Blaziken|0 fnt
|-unboost|p2b: Sonion ring|def|1
|-unboost|p2b: Sonion ring|spd|1
|faint|p1b: Blaziken
|move|p1a: Glimmora|Earth Power|p2a: Paul
|-supereffective|p2a: Paul|1
|-damage|p2a: Paul|5/100
|move|p2a: Paul|Swords Dance|p2a: Paul
|-boost|p2a: Paul|atk|2
|
|upkeep
|
|t:|1783909731
|switch|p1b: Basculegion|Basculegion, L50, M|100/100
|turn|3
|
|t:|1783909744
|switch|p2a: fih is calling|Basculegion, L50, M|100/100
|move|p1b: Basculegion|Aqua Jet|p2a: fih is calling
|-resisted|p2a: fih is calling|1
|-crit|p2a: fih is calling
|-damage|p2a: fih is calling|83/100
|move|p2b: Sonion ring|Close Combat|p1a: Glimmora
|-damage|p1a: Glimmora|40/100
|-unboost|p2b: Sonion ring|def|1
|-unboost|p2b: Sonion ring|spd|1
|move|p1a: Glimmora|Earth Power|p2b: Sonion ring
|-supereffective|p2b: Sonion ring|1
|-damage|p2b: Sonion ring|0 fnt
|faint|p2b: Sonion ring
|
|upkeep
|
|t:|1783909762
|switch|p2b: Scovillain|Scovillain, L50, F, shiny|100/100
|turn|4
|
|t:|1783909770
|switch|p1b: Kingambit|Kingambit, L50, M|100/100
|detailschange|p2b: Scovillain|Scovillain-Mega, L50, F, shiny
|-mega|p2b: Scovillain|Scovillain|Scovillainite
|move|p2a: fih is calling|Aqua Jet|p1a: Glimmora
|-supereffective|p1a: Glimmora|1
|-damage|p1a: Glimmora|0 fnt
|faint|p1a: Glimmora
|move|p2b: Scovillain|Giga Drain|p1b: Kingambit
|-resisted|p1b: Kingambit|1
|-damage|p1b: Kingambit|84/100
|
|upkeep
|
|t:|1783909776
|switch|p1a: Basculegion|Basculegion, L50, M|100/100
|turn|5
|inactive|Karissel has 30 seconds left.
|inactive|Karissel has 20 seconds left.
|inactive|Karissel has 15 seconds left.
|
|t:|1783909818
|move|p2b: Scovillain|Protect|p2b: Scovillain
|-singleturn|p2b: Scovillain|Protect
|move|p2a: fih is calling|Protect|p2a: fih is calling
|-singleturn|p2a: fih is calling|Protect
|move|p1a: Basculegion|Last Respects|p2a: fih is calling
|-activate|p2a: fih is calling|move: Protect
|move|p1b: Kingambit|Kowtow Cleave|p2a: fih is calling
|-activate|p2a: fih is calling|move: Protect
|
|upkeep
|turn|6
|
|t:|1783909841
|move|p1a: Basculegion|Last Respects|p2b: Scovillain
|-damage|p2b: Scovillain|15/100
|-status|p1a: Basculegion|brn|[from] ability: Spicy Spray|[of] p2b: Scovillain
|move|p2b: Scovillain|Overheat|p1b: Kingambit
|-supereffective|p1b: Kingambit|1
|-damage|p1b: Kingambit|0 fnt
|-unboost|p2b: Scovillain|spa|2
|faint|p1b: Kingambit
|move|p2a: fih is calling|Wave Crash|p1a: Basculegion
|-resisted|p1a: Basculegion|1
|-damage|p1a: Basculegion|56/100 brn
|-damage|p2a: fih is calling|70/100|[from] Recoil
|
|-damage|p1a: Basculegion|50/100g brn|[from] brn
|upkeep
|turn|7
|
|t:|1783909853
|move|p2b: Scovillain|Rage Powder|p2b: Scovillain
|-singleturn|p2b: Scovillain|move: Rage Powder
|move|p1a: Basculegion|Last Respects|p2b: Scovillain
|-damage|p2b: Scovillain|0 fnt
|faint|p2b: Scovillain
|move|p2a: fih is calling|Last Respects|p1a: Basculegion
|-supereffective|p1a: Basculegion|1
|-damage|p1a: Basculegion|0 fnt
|faint|p1a: Basculegion
|
|win|Karissel
