|j|☆firedestroyrr
|j|☆itssanctum
|html|firedestroyrritssanctum    
|uhtml|bestof|Game 1 of a best-of-3
|t:|1784670665
|gametype|doubles
|player|p1|firedestroyrr|proton|
|player|p2|itssanctum|barry|
|gen|9
|tier|[Gen 9 Champions] VGC 2026 Reg M-B (Bo3)
|rule|Species Clause: Limit one of each Pokémon
|rule|Item Clause: Limit 1 of each item
|clearpoke
|poke|p1|Snorlax, L50, F|
|poke|p1|Hawlucha, L50, F, shiny|
|poke|p1|Liepard, L50, F, shiny|
|poke|p1|Incineroar, L50, M|
|poke|p1|Slowbro-Galar, L50, F|
|poke|p1|Gengar, L50, F|
|poke|p2|Pelipper, L50, F|
|poke|p2|Kangaskhan, L50, F|
|poke|p2|Swampert, L50, M|
|poke|p2|Hawlucha, L50, M|
|poke|p2|Sableye, L50, M|
|poke|p2|Archaludon, L50, M|
|teampreview|4
|showteam|p1|Snorlax||SitrusBerry|ThickFat|Fissure,ThunderPunch,BodyPress,Stockpile|Impish||F|||50|]Hawlucha||Hawluchanite|MoldBreaker|CrossChop,BraveBird,Entrainment,Protect|Jolly||F|||50|]Liepard||HeatRock|Prankster|Crunch,Encore,SunnyDay,FakeOut|Jolly||F|||50|]Incineroar||PasshoBerry|Intimidate|FlareBlitz,PartingShot,FakeOut,Protect|Jolly||M|||50|]Slowbro-Galar||QuickClaw|QuickDraw|ShellSideArm,GrassKnot,Psychic,Protect|Modest||F|||50|]Gengar||Gengarite|CursedBody|ShadowBall,FocusBlast,PerishSong,Protect|Modest||F|||50|
|showteam|p2|Pelipper||DampRock|Drizzle|Tailwind,Hurricane,Protect,WideGuard|Bold||F|||50|]Kangaskhan||SilkScarf|Scrappy|FakeOut,LastResort|Adamant||F|||50|]Swampert||Swampertite|Torrent|Earthquake,WaveCrash,Protect,FlipTurn|Adamant||M|||50|]Hawlucha||LumBerry|Unburden|Acrobatics,DrainPunch,Protect,RockSlide|Adamant||M|||50|]Sableye||Sablenite|Prankster|Swagger,Reflect,RainDance,Taunt|Calm||M|||50|]Archaludon||ChopleBerry|Stamina|ElectroShot,AuraSphere,DracoMeteor,Protect|Calm||M|||50|
|c|☆itssanctum|gl
|c|☆firedestroyrr|u 2
|c|☆itssanctum|dont look at the sheet
|c|☆itssanctum|!!!
|c|☆firedestroyrr|i havent and wont
|c|☆itssanctum|bet
|
|t:|1784670708
|teamsize|p1|4
|teamsize|p2|4
|start
|switch|p1a: Snorlax|Snorlax, L50, F|100/100
|switch|p1b: Incineroar|Incineroar, L50, M|100/100
|switch|p2a: Joker|Sableye, L50, M|100/100
|switch|p2b: Akechi|Hawlucha, L50, M|100/100
|-ability|p1b: Incineroar|Intimidate|boost
|-unboost|p2a: Joker|atk|1
|-unboost|p2b: Akechi|atk|1
|turn|1
|
|t:|1784670740
|move|p2b: Akechi|Protect|p2b: Akechi
|-singleturn|p2b: Akechi|Protect
|move|p1b: Incineroar|Fake Out|p2b: Akechi
|-activate|p2b: Akechi|move: Protect
|move|p2a: Joker|Reflect|p2a: Joker
|-sidestart|p2: itssanctum|Reflect
|move|p1a: Snorlax|Stockpile|p1a: Snorlax
|-start|p1a: Snorlax|stockpile1
|-boost|p1a: Snorlax|def|1
|-boost|p1a: Snorlax|spd|1
|
|upkeep
|turn|2
|
|t:|1784670772
|move|p2a: Joker|Swagger|p2b: Akechi
|-boost|p2b: Akechi|atk|2
|-start|p2b: Akechi|confusion
|-enditem|p2b: Akechi|Lum Berry|[eat]
|-end|p2b: Akechi|confusion
|move|p2b: Akechi|Drain Punch|p1b: Incineroar
|-supereffective|p1b: Incineroar|1
|-damage|p1b: Incineroar|1/100
|move|p1b: Incineroar|Parting Shot|p2b: Akechi
|-unboost|p2b: Akechi|atk|1
|-unboost|p2b: Akechi|spa|1
|
|t:|1784670784
|switch|p1b: Hawlucha|Hawlucha, L50, F, shiny|100/100|[from] Parting Shot
|-ability|p1b: Hawlucha|Mold Breaker
|move|p1a: Snorlax|Stockpile|p1a: Snorlax
|-start|p1a: Snorlax|stockpile2
|-boost|p1a: Snorlax|def|1
|-boost|p1a: Snorlax|spd|1
|
|upkeep
|turn|3
|
|t:|1784670802
|detailschange|p1b: Hawlucha|Hawlucha-Mega, L50, F, shiny
|-mega|p1b: Hawlucha|Hawlucha|Hawluchanite
|move|p2a: Joker|Taunt|p1b: Hawlucha
|-start|p1b: Hawlucha|move: Taunt
|move|p2b: Akechi|Acrobatics|p1b: Hawlucha
|-supereffective|p1b: Hawlucha|1
|-damage|p1b: Hawlucha|0 fnt
|faint|p1b: Hawlucha
|move|p1a: Snorlax|Fissure|p2a: Joker|[miss]
|-miss|p1a: Snorlax|p2a: Joker
|
|upkeep
|
|t:|1784670813
|switch|p1b: Incineroar|Incineroar, L50, M|1/100
|-ability|p1b: Incineroar|Intimidate|boost
|-unboost|p2a: Joker|atk|1
|-unboost|p2b: Akechi|atk|1
|turn|4
|
|t:|1784670834
|move|p2b: Akechi|Protect|p2b: Akechi
|-singleturn|p2b: Akechi|Protect
|move|p1b: Incineroar|Fake Out|p2b: Akechi
|-activate|p2b: Akechi|move: Protect
|move|p2a: Joker|Rain Dance|p2a: Joker
|-weather|RainDance
|move|p1a: Snorlax|Thunder Punch|p2b: Akechi
|-activate|p2b: Akechi|move: Protect
|
|-weather|RainDance|[upkeep]
|upkeep
|turn|5
|
|t:|1784670847
|move|p2a: Joker|Taunt|p1a: Snorlax
|-start|p1a: Snorlax|move: Taunt
|move|p2b: Akechi|Rock Slide|p1b: Incineroar|[spread] p1a,p1b
|-supereffective|p1b: Incineroar|1
|-damage|p1a: Snorlax|96/100
|-damage|p1b: Incineroar|0 fnt
|faint|p1b: Incineroar
|move|p1a: Snorlax|Thunder Punch|p2b: Akechi
|-supereffective|p2b: Akechi|1
|-damage|p2b: Akechi|59/100
|
|-weather|RainDance|[upkeep]
|-sideend|p2: itssanctum|Reflect
|upkeep
|
|t:|1784670855
|switch|p1b: Liepard|Liepard, L50, F, shiny|100/100
|turn|6
|
|t:|1784670879
|move|p2b: Akechi|Protect|p2b: Akechi
|-singleturn|p2b: Akechi|Protect
|move|p1b: Liepard|Fake Out|p2b: Akechi
|-activate|p2b: Akechi|move: Protect
|move|p2a: Joker|Reflect|p2a: Joker
|-sidestart|p2: itssanctum|Reflect
|move|p1a: Snorlax|Thunder Punch|p2b: Akechi
|-activate|p2b: Akechi|move: Protect
|
|-weather|RainDance|[upkeep]
|upkeep
|turn|7
|
|t:|1784670897
|switch|p2a: Yusuke|Swampert, L50, M|100/100
|move|p1b: Liepard|Encore|p2b: Akechi
|-start|p2b: Akechi|Encore
|move|p2b: Akechi|Protect||[still]
|-fail|p2b: Akechi
|move|p1a: Snorlax|Thunder Punch|p2b: Akechi
|-supereffective|p2b: Akechi|1
|-damage|p2b: Akechi|20/100r
|
|-weather|RainDance|[upkeep]
|-end|p1a: Snorlax|move: Taunt
|upkeep
|turn|8
|
|t:|1784670924
|switch|p2b: Joker|Sableye, L50, M|100/100
|detailschange|p2a: Yusuke|Swampert-Mega, L50, M
|-mega|p2a: Yusuke|Swampert|Swampertite
|move|p1b: Liepard|Sunny Day|p1b: Liepard
|-weather|SunnyDay
|move|p2a: Yusuke|Wave Crash|p1b: Liepard
|-damage|p1b: Liepard|28/100
|-damage|p2a: Yusuke|76/100|[from] Recoil
|move|p1a: Snorlax|Thunder Punch|p2b: Joker
|-damage|p2b: Joker|82/100
|
|-weather|SunnyDay|[upkeep]
|upkeep
|turn|9
|
|t:|1784670949
|move|p1b: Liepard|Encore|p2a: Yusuke
|-start|p2a: Yusuke|Encore
|move|p2b: Joker|Rain Dance|p2b: Joker
|-weather|RainDance
|move|p2a: Yusuke|Wave Crash|p1b: Liepard
|-damage|p1b: Liepard|0 fnt
|faint|p1b: Liepard
|-damage|p2a: Yusuke|67/100|[from] Recoil
|move|p1a: Snorlax|Fissure|p2a: Yusuke|[miss]
|-miss|p1a: Snorlax|p2a: Yusuke
|
|-weather|RainDance|[upkeep]
|upkeep
|turn|10
|
|t:|1784670967
|move|p2b: Joker|Taunt|p1a: Snorlax
|-start|p1a: Snorlax|move: Taunt
|move|p2a: Yusuke|Wave Crash|p1a: Snorlax
|-damage|p1a: Snorlax|58/100
|-damage|p2a: Yusuke|49/100|[from] Recoil
|move|p1a: Snorlax|Fissure|p2a: Yusuke|[miss]
|-miss|p1a: Snorlax|p2a: Yusuke
|
|-weather|RainDance|[upkeep]
|-sideend|p2: itssanctum|Reflect
|upkeep
|turn|11
|
|t:|1784670976
|switch|p2b: Akechi|Hawlucha, L50, M|20/100r
|move|p2a: Yusuke|Wave Crash|p1a: Snorlax
|-damage|p1a: Snorlax|22/100
|-enditem|p1a: Snorlax|Sitrus Berry|[eat]
|-heal|p1a: Snorlax|47/100|[from] item: Sitrus Berry
|-damage|p2a: Yusuke|31/100|[from] Recoil
|move|p1a: Snorlax|Body Press|p2a: Yusuke
|-damage|p2a: Yusuke|0 fnt
|faint|p2a: Yusuke
|
|-weather|RainDance|[upkeep]
|upkeep
|
|t:|1784670981
|switch|p2a: Futaba|Pelipper, L50, F|100/100
|turn|12
|
|t:|1784670989
|move|p2b: Akechi|Drain Punch|p1a: Snorlax
|-supereffective|p1a: Snorlax|1
|-damage|p1a: Snorlax|23/100
|-heal|p2b: Akechi|39/100|[from] drain|[of] p1a: Snorlax
|move|p2a: Futaba|Hurricane|p1a: Snorlax
|-damage|p1a: Snorlax|12/100
|-start|p1a: Snorlax|confusion
|-activate|p1a: Snorlax|confusion
|move|p1a: Snorlax|Thunder Punch|p2a: Futaba
|-supereffective|p2a: Futaba|2
|-damage|p2a: Futaba|32/100
|-status|p2a: Futaba|par
|
|-weather|RainDance|[upkeep]
|-end|p1a: Snorlax|move: Taunt
|upkeep
|turn|13
|
|t:|1784671001
|move|p2a: Futaba|Protect|p2a: Futaba
|-singleturn|p2a: Futaba|Protect
|move|p2b: Akechi|Drain Punch|p1a: Snorlax
|-supereffective|p1a: Snorlax|1
|-damage|p1a: Snorlax|0 fnt
|-heal|p2b: Akechi|50/100g|[from] drain|[of] p1a: Snorlax
|faint|p1a: Snorlax
|
|win|itssanctum
