|j|☆TeyVgc
|j|☆K0deBeast
|html|TeyVgcK0deBeast    
|uhtml|bestof|Game 2 of a best-of-3
|t:|1783137311
|gametype|doubles
|player|p1|TeyVgc|rood|1116
|player|p2|K0deBeast|hiker|1127
|gen|9
|tier|[Gen 9 Champions] VGC 2026 Reg M-B (Bo3)
|rated|
|rule|Species Clause: Limit one of each Pokémon
|rule|Item Clause: Limit 1 of each item
|clearpoke
|poke|p1|Excadrill, L50, F|
|poke|p1|Tyranitar, L50, M|
|poke|p1|Staraptor, L50, M|
|poke|p1|Sinistcha, L50|
|poke|p1|Milotic, L50, F|
|poke|p1|Gholdengo, L50|
|poke|p2|Garchomp, L50, M, shiny|
|poke|p2|Staraptor, L50, M, shiny|
|poke|p2|Whimsicott, L50, M, shiny|
|poke|p2|Rotom-Heat, L50|
|poke|p2|Incineroar, L50, M, shiny|
|poke|p2|Gholdengo, L50|
|teampreview|4
|showteam|p1|Excadrill||FocusSash|SandRush|Earthquake,IronHead,RockSlide,Protect|Adamant||F|||50|]Tyranitar||Tyranitarite|SandStream|RockSlide,KnockOff,DragonDance,Protect|Adamant||M|||50|]Staraptor||Staraptite|Intimidate|BraveBird,CloseCombat,Tailwind,Protect|Jolly||M|||50|]Sinistcha||SitrusBerry|Hospitality|MatchaGotcha,RagePowder,LifeDew,TrickRoom|Calm|||||50|]Milotic||Leftovers|Competitive|Scald,IceBeam,Recover,Protect|Modest||F|||50|]Gholdengo||LifeOrb|GoodasGold|MakeItRain,ShadowBall,NastyPlot,Protect|Modest|||||50|
|showteam|p2|Garchomp||LifeOrb|RoughSkin|Earthquake,Protect,RockSlide,DragonClaw|Adamant||M|||50|]Staraptor||Staraptite|Intimidate|BraveBird,CloseCombat,Roost,Protect|Jolly||M|||50|]Whimsicott||FocusSash|Prankster|Moonblast,Tailwind,Tickle,FakeTears|Timid||M|||50|]Rotom-Heat||ChoiceScarf|Levitate|Discharge,Overheat,ShadowBall,Trick|Modest|||||50|]Incineroar||SitrusBerry|Intimidate|FakeOut,PartingShot,FlareBlitz,DarkestLariat|Impish||M|||50|]Gholdengo||WiseGlasses|GoodasGold|Protect,ShadowBall,MakeItRain,NastyPlot|Modest|||||50|
|inactive|Battle timer is ON: inactive players will automatically lose when time's up. (requested by K0deBeast)
|
|t:|1783137350
|teamsize|p1|4
|teamsize|p2|4
|start
|switch|p1a: Tyranitar|Tyranitar, L50, M|100/100
|switch|p1b: Excadrill|Excadrill, L50, F|100/100
|switch|p2a: Incineroar|Incineroar, L50, M, shiny|100/100
|switch|p2b: Whimsicott|Whimsicott, L50, M, shiny|100/100
|-weather|Sandstorm|[from] ability: Sand Stream|[of] p1a: Tyranitar
|-ability|p2a: Incineroar|Intimidate|boost
|-unboost|p1a: Tyranitar|atk|1
|-unboost|p1b: Excadrill|atk|1
|turn|1
|
|t:|1783137366
|switch|p1b: Staraptor|Staraptor, L50, M|100/100
|-ability|p1b: Staraptor|Intimidate|boost
|-unboost|p2a: Incineroar|atk|1
|-unboost|p2b: Whimsicott|atk|1
|move|p2a: Incineroar|Fake Out|p1b: Staraptor
|-damage|p1b: Staraptor|91/100
|move|p2b: Whimsicott|Tailwind|p2b: Whimsicott
|-sidestart|p2: K0deBeast|move: Tailwind
|move|p1a: Tyranitar|Rock Slide|p2b: Whimsicott|[spread] p2a,p2b
|-supereffective|p2a: Incineroar|1
|-damage|p2a: Incineroar|68/100
|-damage|p2b: Whimsicott|64/100
|
|-weather|Sandstorm|[upkeep]
|-damage|p2b: Whimsicott|59/100|[from] Sandstorm
|-damage|p1b: Staraptor|84/100|[from] Sandstorm
|-damage|p2a: Incineroar|61/100|[from] Sandstorm
|upkeep
|turn|2
|
|t:|1783137388
|detailschange|p1b: Staraptor|Staraptor-Mega, L50, M
|-mega|p1b: Staraptor|Staraptor|Staraptite
|move|p2b: Whimsicott|Moonblast|p1a: Tyranitar
|-supereffective|p1a: Tyranitar|1
|-damage|p1a: Tyranitar|57/100
|move|p1b: Staraptor|Close Combat|p2b: Whimsicott
|-resisted|p2b: Whimsicott|1
|-damage|p2b: Whimsicott|16/100
|-boost|p1b: Staraptor|def|1
|-boost|p1b: Staraptor|spd|1
|move|p2a: Incineroar|Parting Shot|p1a: Tyranitar
|-unboost|p1a: Tyranitar|atk|1
|-unboost|p1a: Tyranitar|spa|1
|
|t:|1783137394
|switch|p2a: Garchomp|Garchomp, L50, M, shiny|100/100|[from] Parting Shot
|move|p1a: Tyranitar|Rock Slide|p2b: Whimsicott|[spread] p2a,p2b
|-resisted|p2a: Garchomp|1
|-damage|p2a: Garchomp|92/100
|-damage|p2b: Whimsicott|0 fnt
|faint|p2b: Whimsicott
|
|-weather|Sandstorm|[upkeep]
|-damage|p1b: Staraptor|78/100|[from] Sandstorm
|upkeep
|
|t:|1783137404
|switch|p2b: Staraptor|Staraptor, L50, M, shiny|100/100
|-ability|p2b: Staraptor|Intimidate|boost
|-unboost|p1a: Tyranitar|atk|1
|-boost|p1b: Staraptor|atk|1
|turn|3
|
|t:|1783137414
|switch|p1a: Milotic|Milotic, L50, F|100/100
|detailschange|p2b: Staraptor|Staraptor-Mega, L50, M, shiny
|-mega|p2b: Staraptor|Staraptor|Staraptite
|move|p2b: Staraptor|Brave Bird|p1b: Staraptor
|-supereffective|p1b: Staraptor|1
|-damage|p1b: Staraptor|0 fnt
|faint|p1b: Staraptor
|-damage|p2b: Staraptor|69/100|[from] Recoil
|move|p2a: Garchomp|Rock Slide|p1a: Milotic
|-damage|p1a: Milotic|67/100
|-damage|p2a: Garchomp|82/100|[from] item: Life Orb
|
|-weather|Sandstorm|[upkeep]
|-damage|p2b: Staraptor|63/100|[from] Sandstorm
|-damage|p1a: Milotic|61/100|[from] Sandstorm
|-heal|p1a: Milotic|67/100|[from] item: Leftovers
|upkeep
|
|t:|1783137438
|switch|p1b: Excadrill|Excadrill, L50, F|100/100
|turn|4
|
|t:|1783137450
|move|p2b: Staraptor|Close Combat|p1a: Milotic
|-damage|p1a: Milotic|5/100
|-boost|p2b: Staraptor|def|1
|-boost|p2b: Staraptor|spd|1
|move|p2a: Garchomp|Earthquake|p1b: Excadrill|[spread] p1a,p1b
|-immune|p2b: Staraptor
|-supereffective|p1b: Excadrill|1
|-damage|p1a: Milotic|0 fnt
|-enditem|p1b: Excadrill|Focus Sash
|-damage|p1b: Excadrill|1/100
|faint|p1a: Milotic
|-damage|p2a: Garchomp|72/100|[from] item: Life Orb
|move|p1b: Excadrill|Rock Slide|p2b: Staraptor|[spread] p2a,p2b
|-resisted|p2a: Garchomp|1
|-damage|p2a: Garchomp|61/100
|-damage|p2b: Staraptor|46/100
|
|-weather|Sandstorm|[upkeep]
|-damage|p2b: Staraptor|40/100|[from] Sandstorm
|-sideend|p2: K0deBeast|move: Tailwind
|upkeep
|
|t:|1783137459
|switch|p1a: Tyranitar|Tyranitar, L50, M|57/100
|turn|5
|-message|TeyVgc forfeited.
|
|win|K0deBeast
