|j|☆bingbongwhoosh
|j|☆new mental
|html|bingbongwhooshnew mental    
|uhtml|bestof|Game 1 of a best-of-3
|t:|1783254351
|gametype|doubles
|player|p1|bingbongwhoosh|170|1146
|player|p2|new mental|volkner|1257
|gen|9
|tier|[Gen 9 Champions] VGC 2026 Reg M-B (Bo3)
|rated|
|rule|Species Clause: Limit one of each Pokémon
|rule|Item Clause: Limit 1 of each item
|clearpoke
|poke|p1|Whimsicott, L50, F|
|poke|p1|Charizard, L50, F|
|poke|p1|Incineroar, L50, F|
|poke|p1|Basculegion, L50, M|
|poke|p1|Mawile, L50, F|
|poke|p1|Farigiraf, L50, M|
|poke|p2|Aerodactyl, L50, M|
|poke|p2|Garchomp, L50, M|
|poke|p2|Kingambit, L50, M|
|poke|p2|Charizard, L50, F|
|poke|p2|Sylveon, L50, F|
|poke|p2|Farigiraf, L50, F|
|teampreview|4
|showteam|p1|Whimsicott||FocusSash|Prankster|Tailwind,Moonblast,Encore,Protect|Timid||F|||50|]Charizard||CharizarditeY|SolarPower|Protect,HeatWave,WeatherBall,SolarBeam|Timid||F|||50|]Incineroar||SitrusBerry|Intimidate|FlareBlitz,ThroatChop,PartingShot,FakeOut|Impish||F|||50|]Basculegion||ChoiceScarf|Adaptability|LastRespects,FlipTurn,WaveCrash,AquaJet|Adamant||M|||50|]Mawile||Mawilite|HyperCutter|PlayRough,IronHead,Protect,SuckerPunch|Adamant||F|||50|]Farigiraf||ColburBerry|ArmorTail|HyperVoice,TrickRoom,HelpingHand,Psychic|Relaxed||M|||50|
|showteam|p2|Aerodactyl||Aerodactylite|Unnerve|IceFang,RockSlide,Tailwind,DualWingbeat|Jolly||M|||50|]Garchomp||LifeOrb|RoughSkin|DragonClaw,StompingTantrum,Earthquake,Protect|Jolly||M|||50|]Kingambit||FocusSash|Defiant|SuckerPunch,KowtowCleave,IronHead,LowKick|Adamant||M|||50|]Charizard||CharizarditeY|SolarPower|Protect,HeatWave,SolarBeam,WeatherBall|Timid||F|||50|]Sylveon||FairyFeather|Pixilate|Protect,HyperVoice,HyperBeam,QuickAttack|Modest||F|||50|]Farigiraf||SitrusBerry|ArmorTail|TrickRoom,Thunderbolt,Psychic,Roar|Bold||F|||50|
|
|t:|1783254377
|teamsize|p1|4
|teamsize|p2|4
|start
|switch|p1a: Basculegion|Basculegion, L50, M|100/100
|switch|p1b: Farigiraf|Farigiraf, L50, M|100/100
|switch|p2a: Charizard|Charizard, L50, F|100/100
|switch|p2b: Sylveon|Sylveon, L50, F|100/100
|turn|1
|
|t:|1783254397
|detailschange|p2a: Charizard|Charizard-Mega-Y, L50, F
|-mega|p2a: Charizard|Charizard|Charizardite Y
|-weather|SunnyDay|[from] ability: Drought|[of] p2a: Charizard
|move|p1b: Farigiraf|Helping Hand|p1a: Basculegion
|-singleturn|p1a: Basculegion|Helping Hand|[of] p1b: Farigiraf
|move|p1a: Basculegion|Wave Crash|p2a: Charizard
|-supereffective|p2a: Charizard|1
|-damage|p2a: Charizard|0 fnt
|faint|p2a: Charizard
|-damage|p1a: Basculegion|69/100|[from] Recoil
|move|p2b: Sylveon|Hyper Voice|p1a: Basculegion|[spread] p1a,p1b
|-damage|p1a: Basculegion|13/100
|-damage|p1b: Farigiraf|58/100
|
|-weather|SunnyDay|[upkeep]
|upkeep
|
|t:|1783254412
|switch|p2a: Kingambit|Kingambit, L50, M|100/100
|turn|2
|
|t:|1783254425
|move|p2b: Sylveon|Protect|p2b: Sylveon
|-singleturn|p2b: Sylveon|Protect
|move|p1a: Basculegion|Wave Crash|p2b: Sylveon
|-activate|p2b: Sylveon|move: Protect
|move|p2a: Kingambit|Kowtow Cleave|p1b: Farigiraf
|-supereffective|p1b: Farigiraf|1
|-enditem|p1b: Farigiraf|Colbur Berry|[eat]
|-enditem|p1b: Farigiraf|Colbur Berry|[weaken]
|-damage|p1b: Farigiraf|17/100
|move|p1b: Farigiraf|Trick Room|p1b: Farigiraf
|-fieldstart|move: Trick Room|[of] p1b: Farigiraf
|
|-weather|SunnyDay|[upkeep]
|upkeep
|turn|3
|
|t:|1783254447
|move|p1b: Farigiraf|Psychic|p2b: Sylveon
|-damage|p2b: Sylveon|74/100
|move|p2b: Sylveon|Hyper Voice|p1a: Basculegion|[spread] p1a,p1b
|-damage|p1a: Basculegion|0 fnt
|-damage|p1b: Farigiraf|0 fnt
|faint|p1a: Basculegion
|faint|p1b: Farigiraf
|move|p2a: Kingambit|Kowtow Cleave|p1: Basculegion|[notarget]
|-fail|p2a: Kingambit
|
|-weather|SunnyDay|[upkeep]
|upkeep
|
|t:|1783254449
|switch|p1b: Incineroar|Incineroar, L50, F|100/100
|switch|p1a: Mawile|Mawile, L50, F|100/100
|-ability|p1b: Incineroar|Intimidate|boost
|-unboost|p2a: Kingambit|atk|1
|-ability|p2a: Kingambit|Defiant|boost
|-boost|p2a: Kingambit|atk|2
|-unboost|p2b: Sylveon|atk|1
|turn|4
|
|t:|1783254465
|switch|p2b: Farigiraf|Farigiraf, L50, F|100/100
|detailschange|p1a: Mawile|Mawile-Mega, L50, F
|-mega|p1a: Mawile|Mawile|Mawilite
|move|p1a: Mawile|Play Rough|p2a: Kingambit
|-crit|p2a: Kingambit
|-enditem|p2a: Kingambit|Focus Sash
|-damage|p2a: Kingambit|1/100
|move|p1b: Incineroar|Flare Blitz|p2a: Kingambit
|-supereffective|p2a: Kingambit|1
|-damage|p2a: Kingambit|0 fnt
|faint|p2a: Kingambit
|-damage|p1b: Incineroar|99/100|[from] Recoil
|
|-weather|SunnyDay|[upkeep]
|upkeep
|
|t:|1783254476
|switch|p2a: Sylveon|Sylveon, L50, F|74/100
|turn|5
|
|t:|1783254486
|move|p2a: Sylveon|Protect|p2a: Sylveon
|-singleturn|p2a: Sylveon|Protect
|move|p1a: Mawile|Iron Head|p2a: Sylveon
|-activate|p2a: Sylveon|move: Protect
|move|p1b: Incineroar|Throat Chop|p2b: Farigiraf
|-supereffective|p2b: Farigiraf|1
|-damage|p2b: Farigiraf|48/100
|-start|p2b: Farigiraf|Throat Chop|[silent]
|-enditem|p2b: Farigiraf|Sitrus Berry|[eat]
|-heal|p2b: Farigiraf|73/100|[from] item: Sitrus Berry
|move|p2b: Farigiraf|Trick Room|p2b: Farigiraf
|-fieldend|move: Trick Room
|
|-weather|none
|upkeep
|turn|6
|
|t:|1783254498
|move|p2a: Sylveon|Hyper Beam|p1a: Mawile
|-resisted|p1a: Mawile|1
|-damage|p1a: Mawile|40/100
|-mustrecharge|p2a: Sylveon
|move|p1b: Incineroar|Throat Chop|p2b: Farigiraf
|-supereffective|p2b: Farigiraf|1
|-damage|p2b: Farigiraf|24/100
|move|p2b: Farigiraf|Thunderbolt|p1b: Incineroar
|-damage|p1b: Incineroar|79/100
|move|p1a: Mawile|Iron Head|p2a: Sylveon
|-supereffective|p2a: Sylveon|1
|-damage|p2a: Sylveon|0 fnt
|faint|p2a: Sylveon
|
|-end|p2b: Farigiraf|Throat Chop|[silent]
|upkeep
|turn|7
|-message|new mental forfeited.
|
|win|bingbongwhoosh
||new mental is ready for game 2.
||bingbongwhoosh is ready for game 2.
|uhtml|next|Next: Game 2 of 3
|l|☆bingbongwhoosh
|player|p1|
