|j|☆Eyko)ooo
|j|☆tiramissudepacoca
|html|Eyko)oootiramissudepacoca    
|uhtml|bestof|Game 1 of a best-of-3
|t:|1785270597
|gametype|doubles
|player|p1|Eyko)ooo|101|1000
|player|p2|tiramissudepacoca|266|1025
|gen|9
|tier|[Gen 9 Champions] VGC 2026 Reg M-B (Bo3)
|rated|
|rule|Species Clause: Limit one of each Pokémon
|rule|Item Clause: Limit 1 of each item
|clearpoke
|poke|p1|Starmie, L50|
|poke|p1|Whimsicott, L50, F|
|poke|p1|Aerodactyl, L50, F|
|poke|p1|Blastoise, L50, F|
|poke|p1|Rotom-Mow, L50|
|poke|p1|Annihilape, L50, M|
|poke|p2|Delphox, L50, M|
|poke|p2|Incineroar, L50, F|
|poke|p2|Basculegion, L50, M|
|poke|p2|Garchomp, L50, M|
|poke|p2|Sinistcha, L50|
|poke|p2|Sneasler, L50, F|
|teampreview|4
|showteam|p1|Starmie||Starminite|Analytic|Minimize,Liquidation,Avalanche,BulkUp|Adamant|||||50|]Whimsicott||ExpertBelt|Prankster|Encore,Tailwind,EnergyBall,PlayRough|Timid||F|||50|]Aerodactyl||SitrusBerry|Unnerve|DualWingbeat,FireFang,AncientPower,Tailwind|Jolly||F|||50|]Blastoise||Leftovers|Torrent|HelpingHand,AquaTail,ShellSmash,BrickBreak|Adamant||F|||50|]Rotom-Mow||MentalHerb|Levitate|Poltergeist,LeafStorm,Thunderbolt,HyperVoice|Rash|||||50|]Annihilape||SpellTag|Defiant|CloseCombat,Uturn,RageFist,BodySlam|Adamant||M|||50|
|showteam|p2|Delphox||Delphoxite|Blaze|HeatWave,Psyshock,Protect,CalmMind|Timid||M|||50|]Incineroar||SitrusBerry|Intimidate|FlareBlitz,WillOWisp,FakeOut,PartingShot|Relaxed||F|||50|]Basculegion||ChoiceScarf|Adaptability|WaveCrash,LastRespects,AquaJet,FlipTurn|Adamant||M|||50|]Garchomp||LifeOrb|RoughSkin|Earthquake,DragonClaw,RockSlide,Protect|Jolly||M|||50|]Sinistcha||KasibBerry|Hospitality|MatchaGotcha,RagePowder,Protect,TrickRoom|Bold|||||50|]Sneasler||FocusSash|PoisonTouch|CloseCombat,PoisonJab,FakeOut,Protect|Jolly||F|||50|
|inactive|Battle timer is ON: inactive players will automatically lose when time's up. (requested by tiramissudepacoca)
|j| soulmoonvgc
|inactive|tiramissudepacoca has 60 seconds left.
|
|t:|1785270653
|teamsize|p1|4
|teamsize|p2|4
|start
|switch|p1a: Starmie|Starmie, L50|100/100
|switch|p1b: Aerodactyl|Aerodactyl, L50, F|100/100
|switch|p2a: Delphox|Delphox, L50, M|100/100
|switch|p2b: Incineroar|Incineroar, L50, F|100/100
|-ability|p1b: Aerodactyl|Unnerve
|-ability|p2b: Incineroar|Intimidate|boost
|-unboost|p1a: Starmie|atk|1
|-unboost|p1b: Aerodactyl|atk|1
|turn|1
|
|t:|1785270673
|switch|p2a: Basculegion|Basculegion, L50, M|100/100
|detailschange|p1a: Starmie|Starmie-Mega, L50
|-mega|p1a: Starmie|Starmie|Starminite
|move|p2b: Incineroar|Fake Out|p1a: Starmie
|-damage|p1a: Starmie|86/100
|move|p1b: Aerodactyl|Tailwind|p1b: Aerodactyl
|-sidestart|p1: Eyko)ooo|move: Tailwind
|cant|p1a: Starmie|flinch
|
|upkeep
|turn|2
|
|t:|1785270690
|move|p1b: Aerodactyl|Ancient Power|p2b: Incineroar
|-supereffective|p2b: Incineroar|1
|-damage|p2b: Incineroar|76/100
|move|p1a: Starmie|Minimize|p1a: Starmie
|-boost|p1a: Starmie|evasion|2
|move|p2a: Basculegion|Last Respects|p1a: Starmie
|-supereffective|p1a: Starmie|1
|-damage|p1a: Starmie|0 fnt
|faint|p1a: Starmie
|move|p2b: Incineroar|Parting Shot|p1b: Aerodactyl
|-unboost|p1b: Aerodactyl|atk|1
|-unboost|p1b: Aerodactyl|spa|1
|
|t:|1785270702
|switch|p2b: Sneasler|Sneasler, L50, F|100/100|[from] Parting Shot
|
|upkeep
|
|t:|1785270708
|switch|p1a: Blastoise|Blastoise, L50, F|100/100
|turn|3
|
|t:|1785270720
|switch|p2a: Incineroar|Incineroar, L50, F|76/100
|-ability|p2a: Incineroar|Intimidate|boost
|-unboost|p1a: Blastoise|atk|1
|-unboost|p1b: Aerodactyl|atk|1
|move|p1b: Aerodactyl|Dual Wingbeat|p2a: Incineroar
|-damage|p2a: Incineroar|70/100
|-damage|p2a: Incineroar|64/100
|-hitcount|p2a: Incineroar|2
|move|p1a: Blastoise|Shell Smash|p1a: Blastoise
|-unboost|p1a: Blastoise|def|1
|-unboost|p1a: Blastoise|spd|1
|-boost|p1a: Blastoise|atk|2
|-boost|p1a: Blastoise|spa|2
|-boost|p1a: Blastoise|spe|2
|move|p2b: Sneasler|Poison Jab|p1a: Blastoise
|-damage|p1a: Blastoise|38/100
|
|-heal|p1a: Blastoise|44/100|[from] item: Leftovers
|upkeep
|turn|4
|inactive|Eyko)ooo has 30 seconds left.
|inactive|Eyko)ooo has 20 seconds left.
|inactive|Eyko)ooo has 15 seconds left.
|
|t:|1785270763
|move|p2a: Incineroar|Fake Out|p1b: Aerodactyl
|-resisted|p1b: Aerodactyl|1
|-damage|p1b: Aerodactyl|92/100
|move|p1a: Blastoise|Aqua Tail|p2a: Incineroar
|-supereffective|p2a: Incineroar|1
|-damage|p2a: Incineroar|0 fnt
|faint|p2a: Incineroar
|cant|p1b: Aerodactyl|flinch
|move|p2b: Sneasler|Poison Jab|p1a: Blastoise
|-damage|p1a: Blastoise|0 fnt
|faint|p1a: Blastoise
|
|-sideend|p1: Eyko)ooo|move: Tailwind
|upkeep
|
|t:|1785270778
|switch|p1a: Annihilape|Annihilape, L50, M|100/100
|switch|p2a: Basculegion|Basculegion, L50, M|100/100
|turn|5
|
|t:|1785270787
|move|p1b: Aerodactyl|Tailwind|p1b: Aerodactyl
|-sidestart|p1: Eyko)ooo|move: Tailwind
|move|p1a: Annihilape|Rage Fist|p2a: Basculegion
|-supereffective|p2a: Basculegion|1
|-damage|p2a: Basculegion|19/100
|move|p2a: Basculegion|Wave Crash|p1b: Aerodactyl
|-supereffective|p1b: Aerodactyl|1
|-damage|p1b: Aerodactyl|0 fnt
|faint|p1b: Aerodactyl
|-damage|p2a: Basculegion|0 fnt|[from] Recoil
|faint|p2a: Basculegion
|move|p2b: Sneasler|Poison Jab|p1a: Annihilape
|-resisted|p1a: Annihilape|1
|-damage|p1a: Annihilape|78/100
|
|upkeep
|
|t:|1785270792
|switch|p2a: Delphox|Delphox, L50, M|100/100
|turn|6
|
|t:|1785270811
|detailschange|p2a: Delphox|Delphox-Mega, L50, M
|-mega|p2a: Delphox|Delphox|Delphoxite
|move|p2a: Delphox|Protect|p2a: Delphox
|-singleturn|p2a: Delphox|Protect
|move|p1a: Annihilape|Body Slam|p2a: Delphox
|-activate|p2a: Delphox|move: Protect
|move|p2b: Sneasler|Poison Jab|p1a: Annihilape
|-resisted|p1a: Annihilape|1
|-damage|p1a: Annihilape|58/100
|-status|p1a: Annihilape|psn
|
|-damage|p1a: Annihilape|46/100 psn|[from] psn
|upkeep
|turn|7
|-message|Eyko)ooo forfeited.
|raw|Eyko)ooo's rating: 1000 → 1000(+0 for losing)
|raw|tiramissudepacoca's rating: 1025 → 1059(+34 for winning)
|
|win|tiramissudepacoca
