|j|☆Round fell
|j|☆Atlanta Rat
|html|Round fellAtlanta Rat    
|uhtml|bestof|Game 1 of a best-of-3
|t:|1784995387
|gametype|doubles
|player|p1|Round fell|266|1081
|player|p2|Atlanta Rat|rood|1177
|gen|9
|tier|[Gen 9 Champions] VGC 2026 Reg M-B (Bo3)
|rated|
|rule|Species Clause: Limit one of each Pokémon
|rule|Item Clause: Limit 1 of each item
|clearpoke
|poke|p1|Dragapult, L50, M|
|poke|p1|Kommo-o, L50, M|
|poke|p1|Volcarona, L50, F|
|poke|p1|Metagross, L50|
|poke|p1|Toxicroak, L50, M|
|poke|p1|Chesnaught, L50, M|
|poke|p2|Raichu, L50, F|
|poke|p2|Sinistcha, L50|
|poke|p2|Incineroar, L50, M|
|poke|p2|Sylveon, L50, F|
|poke|p2|Metagross, L50|
|poke|p2|Hydreigon, L50, M|
|teampreview|4
|showteam|p1|Dragapult||FocusSash|ClearBody|DragonCheer,DragonDarts,PsychicFangs,Uturn|Jolly||M|||50|]Kommo-o||ScopeLens|Overcoat|Protect,ClangingScales,AuraSphere,ClangorousSoul|Modest||M|||50|]Volcarona||SitrusBerry|FlameBody|RagePowder,Tailwind,FieryDance,WillOWisp|Bold||F|||50|]Metagross||Metagrossite|ClearBody|IronHead,PsychicFangs,Protect,BulletPunch|Adamant|||||50|]Toxicroak||LifeOrb|DrySkin|FakeOut,PoisonJab,CloseCombat,ThunderPunch|Adamant||M|||50|]Chesnaught||Chesnaughtite|Bulletproof|WideGuard,BodyPress,IronDefense,WoodHammer|Impish||M|||50|
|showteam|p2|Raichu||RaichuniteY|LightningRod|ZapCannon,FocusBlast,FakeOut,Protect|Timid||F|||50|]Sinistcha||SitrusBerry|Hospitality|MatchaGotcha,RagePowder,LifeDew,Protect|Bold|||||50|]Incineroar||LumBerry|Intimidate|FlareBlitz,DarkestLariat,PartingShot,FakeOut|Impish||M|||50|]Sylveon||FairyFeather|Pixilate|HyperVoice,Moonblast,CalmMind,Protect|Modest||F|||50|]Metagross||Metagrossite|ClearBody|BulletPunch,PsychicFangs,BodyPress,Protect|Adamant|||||50|]Hydreigon||ChoiceScarf|Levitate|DracoMeteor,DarkPulse,EarthPower,Snarl|Modest||M|||50|
|inactive|Battle timer is ON: inactive players will automatically lose when time's up. (requested by Round fell)
|
|t:|1784995432
|teamsize|p1|4
|teamsize|p2|4
|start
|switch|p1a: Dragapult|Dragapult, L50, M|100/100
|switch|p1b: Kommo-o|Kommo-o, L50, M|100/100
|switch|p2a: Gen 1 Rat|Raichu, L50, F|100/100
|switch|p2b: 3 headed Rat|Hydreigon, L50, M|100/100
|turn|1
|
|t:|1784995448
|detailschange|p2a: Gen 1 Rat|Raichu-Mega-Y, L50, F
|-mega|p2a: Gen 1 Rat|Raichu|Raichunite Y
|move|p1b: Kommo-o|Protect|p1b: Kommo-o
|-singleturn|p1b: Kommo-o|Protect
|move|p2a: Gen 1 Rat|Fake Out|p1b: Kommo-o
|-activate|p1b: Kommo-o|move: Protect
|move|p2b: 3 headed Rat|Dark Pulse|p1a: Dragapult
|-supereffective|p1a: Dragapult|1
|-enditem|p1a: Dragapult|Focus Sash
|-damage|p1a: Dragapult|1/100
|cant|p1a: Dragapult|flinch
|
|upkeep
|turn|2
|
|t:|1784995462
|switch|p1a: Toxicroak|Toxicroak, L50, M|100/100
|switch|p2a: Fairy Kitty Rat|Sylveon, L50, F|100/100
|move|p2b: 3 headed Rat|Dark Pulse|p1a: Toxicroak
|-resisted|p1a: Toxicroak|1
|-damage|p1a: Toxicroak|62/100
|move|p1b: Kommo-o|Clanging Scales|p2a: Fairy Kitty Rat|[spread] p2b
|-immune|p2a: Fairy Kitty Rat
|-supereffective|p2b: 3 headed Rat|1
|-damage|p2b: 3 headed Rat|18/100
|-unboost|p1b: Kommo-o|def|1
|
|upkeep
|turn|3
|
|t:|1784995484
|switch|p2b: Kitty Rat|Incineroar, L50, M|100/100
|-ability|p2b: Kitty Rat|Intimidate|boost
|-unboost|p1a: Toxicroak|atk|1
|-unboost|p1b: Kommo-o|atk|1
|move|p2a: Fairy Kitty Rat|Protect|p2a: Fairy Kitty Rat
|-singleturn|p2a: Fairy Kitty Rat|Protect
|move|p1a: Toxicroak|Poison Jab|p2a: Fairy Kitty Rat
|-activate|p2a: Fairy Kitty Rat|move: Protect
|move|p1b: Kommo-o|Clangorous Soul|p1b: Kommo-o
|-boost|p1b: Kommo-o|atk|1
|-boost|p1b: Kommo-o|def|1
|-boost|p1b: Kommo-o|spa|1
|-boost|p1b: Kommo-o|spd|1
|-boost|p1b: Kommo-o|spe|1
|-damage|p1b: Kommo-o|67/100
|
|upkeep
|turn|4
|
|t:|1784995497
|switch|p1a: Dragapult|Dragapult, L50, M|1/100
|move|p1b: Kommo-o|Protect|p1b: Kommo-o
|-singleturn|p1b: Kommo-o|Protect
|move|p2b: Kitty Rat|Fake Out|p1a: Dragapult
|-immune|p1a: Dragapult
|move|p2a: Fairy Kitty Rat|Calm Mind|p2a: Fairy Kitty Rat
|-boost|p2a: Fairy Kitty Rat|spa|1
|-boost|p2a: Fairy Kitty Rat|spd|1
|
|upkeep
|turn|5
|
|t:|1784995513
|switch|p2b: 3 headed Rat|Hydreigon, L50, M|18/100
|move|p1a: Dragapult|Dragon Cheer|p1b: Kommo-o
|-start|p1b: Kommo-o|move: Dragon Cheer
|move|p1b: Kommo-o|Clanging Scales|p2a: Fairy Kitty Rat|[spread] p2b
|-immune|p2a: Fairy Kitty Rat
|-supereffective|p2b: 3 headed Rat|1
|-crit|p2b: 3 headed Rat
|-damage|p2b: 3 headed Rat|0 fnt
|faint|p2b: 3 headed Rat
|-unboost|p1b: Kommo-o|def|1
|move|p2a: Fairy Kitty Rat|Hyper Voice|p1b: Kommo-o|[spread] p1a,p1b
|-supereffective|p1a: Dragapult|1
|-supereffective|p1b: Kommo-o|2
|-damage|p1a: Dragapult|0 fnt
|-damage|p1b: Kommo-o|0 fnt
|faint|p1a: Dragapult
|faint|p1b: Kommo-o
|
|upkeep
|
|t:|1784995521
|switch|p1a: Toxicroak|Toxicroak, L50, M|62/100
|switch|p2b: Gen 1 Rat|Raichu-Mega-Y, L50, F|100/100
|switch|p1b: Metagross|Metagross, L50|100/100
|turn|6
|inactive|Atlanta Rat has 30 seconds left.
|
|t:|1784995552
|detailschange|p1b: Metagross|Metagross-Mega, L50
|-mega|p1b: Metagross|Metagross|Metagrossite
|move|p2a: Fairy Kitty Rat|Protect|p2a: Fairy Kitty Rat
|-singleturn|p2a: Fairy Kitty Rat|Protect
|move|p1a: Toxicroak|Fake Out|p2a: Fairy Kitty Rat
|-activate|p2a: Fairy Kitty Rat|move: Protect
|move|p2b: Gen 1 Rat|Zap Cannon|p1a: Toxicroak
|-damage|p1a: Toxicroak|0 fnt
|faint|p1a: Toxicroak
|move|p1b: Metagross|Psychic Fangs|p2b: Gen 1 Rat
|-damage|p2b: Gen 1 Rat|4/100
|
|upkeep
|turn|7
|
|t:|1784995568
|switch|p2b: Kitty Rat|Incineroar, L50, M|100/100
|-ability|p2b: Kitty Rat|Intimidate|boost
|-unboost|p1b: Metagross|atk|1
|move|p1b: Metagross|Iron Head|p2b: Kitty Rat
|-resisted|p2b: Kitty Rat|1
|-damage|p2b: Kitty Rat|84/100
|move|p2a: Fairy Kitty Rat|Moonblast|p1b: Metagross
|-resisted|p1b: Metagross|1
|-damage|p1b: Metagross|62/100
|
|upkeep
|turn|8
|-message|Round fell forfeited.
|
|win|Atlanta Rat
|l|☆Round fell
|player|p1|
|raw|Round fell's rating: 1081 → 1065(-16 for losing)
|raw|Atlanta Rat's rating: 1177 → 1195(+18 for winning)
|j|☆Round fell
|player|p1|Round fell|266|
|l|☆Round fell
|player|p1|
