|j|☆kdbc73
|j|☆buf91 Lupita
|html|kdbc73buf91 Lupita    
|uhtml|bestof|Game 3 of a best-of-3
|t:|1756230754
|gametype|doubles
|player|p1|kdbc73|lucas|1284
|player|p2|buf91 Lupita|lucas|1302
|gen|9
|tier|[Gen 9] VGC 2025 Reg H (Bo3)
|rated|
|rule|Species Clause: Limit one of each Pokémon
|rule|Item Clause: Limit 1 of each item
|clearpoke
|poke|p1|Sneasler, L50, F|
|poke|p1|Indeedee, L50, M|
|poke|p1|Ursaluna-Bloodmoon, L50, M|
|poke|p1|Electabuzz, L50, F|
|poke|p1|Incineroar, L50, M|
|poke|p1|Talonflame, L50, F|
|poke|p2|Typhlosion-Hisui, L50, M|
|poke|p2|Whimsicott, L50, M|
|poke|p2|Kingambit, L50, F|
|poke|p2|Farigiraf, L50, M|
|poke|p2|Ursaluna-Bloodmoon, L50, M|
|poke|p2|Annihilape, L50, F|
|teampreview|4
|showteam|p1|Sneasler||PsychicSeed|Unburden|CloseCombat,DireClaw,ThroatChop,Protect|||F|||50|,,,,,Dark]Indeedee||FocusSash|PsychicSurge|ExpandingForce,TrickRoom,HelpingHand,Protect|||M|||50|,,,,,Psychic]Ursaluna-Bloodmoon||LifeOrb|MindsEye|BloodMoon,HyperVoice,EarthPower,Protect|||M|||50|,,,,,Normal]Electabuzz||Eviolite|VitalSpirit|Electroweb,FollowMe,Taunt,Protect|||F|||50|,,,,,Dragon]Incineroar||SafetyGoggles|Intimidate|FlareBlitz,KnockOff,PartingShot,FakeOut|||M|||50|,,,,,Ghost]Talonflame||CovertCloak|GaleWings|FlareBlitz,DualWingbeat,WillOWisp,Tailwind|||F|||50|,,,,,Fairy
|showteam|p2|Typhlosion-Hisui||ChoiceSpecs|Blaze|HeatWave,Eruption,ShadowBall,Flamethrower|||M|||50|,,,,,Fire]Whimsicott||CovertCloak|Prankster|SunnyDay,Tailwind,Moonblast,Encore|||M|||50|,,,,,Ghost]Kingambit||AssaultVest|Defiant|KowtowCleave,LowKick,IronHead,SuckerPunch|||F|||50|,,,,,Fairy]Farigiraf||SitrusBerry|ArmorTail|TrickRoom,HelpingHand,Psychic,FoulPlay|||M|||50|,,,,,Fairy]Ursaluna-Bloodmoon||LifeOrb|MindsEye|Protect,BloodMoon,HyperVoice,EarthPower|||M|||50|,,,,,Normal]Annihilape||Leftovers|Defiant|Protect,BulkUp,DrainPunch,RageFist|||F|||50|,,,,,Fire
|inactive|Battle timer is ON: inactive players will automatically lose when time's up. (requested by kdbc73)
|inactive|buf91 Lupita has 60 seconds left.
|
|t:|1756230880
|teamsize|p1|4
|teamsize|p2|4
|start
|switch|p1a: Ursaluna|Ursaluna-Bloodmoon, L50, M|100/100
|switch|p1b: Electabuzz|Electabuzz, L50, F|100/100
|switch|p2a: Farigiraf|Farigiraf, L50, M|100/100
|switch|p2b: Ursaluna|Ursaluna-Bloodmoon, L50, M|100/100
|turn|1
|inactive|kdbc73 has 30 seconds left.
|inactive|buf91 Lupita has 30 seconds left.
|inactive|buf91 Lupita has 20 seconds left.
|inactive|buf91 Lupita has 15 seconds left.
|
|t:|1756230925
|-terastallize|p1a: Ursaluna|Normal
|move|p2b: Ursaluna|Protect|p2b: Ursaluna
|-singleturn|p2b: Ursaluna|Protect
|move|p1b: Electabuzz|Taunt|p2a: Farigiraf
|-start|p2a: Farigiraf|move: Taunt
|move|p1a: Ursaluna|Hyper Voice|p2b: Ursaluna|[spread] p2a
|-activate|p2b: Ursaluna|move: Protect
|-damage|p2a: Farigiraf|41/100
|-enditem|p2a: Farigiraf|Sitrus Berry|[eat]
|-heal|p2a: Farigiraf|66/100|[from] item: Sitrus Berry
|-damage|p1a: Ursaluna|91/100|[from] item: Life Orb
|cant|p2a: Farigiraf|move: Taunt|Trick Room
|
|upkeep
|turn|2
|inactive|buf91 Lupita has 30 seconds left.
|j| buf51 Golden Era
|inactive|buf91 Lupita has 20 seconds left.
|
|t:|1756230965
|switch|p2b: Kingambit|Kingambit, L50, F|100/100
|move|p1b: Electabuzz|Taunt||[still]
|-fail|p1b: Electabuzz
|move|p1a: Ursaluna|Blood Moon|p2b: Kingambit
|-resisted|p2b: Kingambit
|-damage|p2b: Kingambit|55/100
|-damage|p1a: Ursaluna|81/100|[from] item: Life Orb
|move|p2a: Farigiraf|Psychic|p1a: Ursaluna
|-damage|p1a: Ursaluna|35/100
|
|upkeep
|turn|3
|inactive|kdbc73 has 30 seconds left.
|inactive|buf91 Lupita has 30 seconds left.
|inactive|kdbc73 has 20 seconds left.
|inactive|buf91 Lupita has 20 seconds left.
|inactive|kdbc73 has 15 seconds left.
|inactive|buf91 Lupita has 15 seconds left.
|inactive|kdbc73 has 10 seconds left.
|inactive|buf91 Lupita has 10 seconds left.
|inactive|buf91 Lupita has 5 seconds left.
|
|t:|1756231018
|move|p1a: Ursaluna|Protect|p1a: Ursaluna
|-singleturn|p1a: Ursaluna|Protect
|move|p1b: Electabuzz|Taunt|p2b: Kingambit
|-start|p2b: Kingambit|move: Taunt
|move|p2a: Farigiraf|Psychic|p1a: Ursaluna
|-activate|p1a: Ursaluna|move: Protect
|move|p2b: Kingambit|Kowtow Cleave|p1b: Electabuzz
|-damage|p1b: Electabuzz|53/100
|
|-end|p2a: Farigiraf|move: Taunt
|upkeep
|turn|4
|inactive|kdbc73 has 30 seconds left.
|inactive|buf91 Lupita has 30 seconds left.
|inactive|buf91 Lupita has 20 seconds left.
|
|t:|1756231057
|move|p2b: Kingambit|Sucker Punch|p1a: Ursaluna
|-damage|p1a: Ursaluna|3/100
|move|p1b: Electabuzz|Taunt|p2a: Farigiraf
|-start|p2a: Farigiraf|move: Taunt
|move|p1a: Ursaluna|Blood Moon|p2b: Kingambit
|-resisted|p2b: Kingambit
|-damage|p2b: Kingambit|6/100
|-damage|p1a: Ursaluna|0 fnt|[from] item: Life Orb
|faint|p1a: Ursaluna
|cant|p2a: Farigiraf|move: Taunt|Trick Room
|
|upkeep
|
|t:|1756231072
|switch|p1a: Sneasler|Sneasler, L50, F|100/100
|turn|5
|inactive|buf91 Lupita has 30 seconds left.
|
|t:|1756231100
|move|p1b: Electabuzz|Electroweb|p2a: Farigiraf|[spread] p2a,p2b
|-damage|p2a: Farigiraf|53/100
|-damage|p2b: Kingambit|0 fnt
|-unboost|p2a: Farigiraf|spe|1
|faint|p2b: Kingambit
|move|p1a: Sneasler|Throat Chop|p2a: Farigiraf
|-supereffective|p2a: Farigiraf
|-damage|p2a: Farigiraf|4/100
|-start|p2a: Farigiraf|Throat Chop|[silent]
|move|p2a: Farigiraf|Psychic|p1a: Sneasler
|-supereffective|p1a: Sneasler
|-damage|p1a: Sneasler|0 fnt
|faint|p1a: Sneasler
|
|upkeep
|inactive|buf91 Lupita has 30 seconds left.
|
|t:|1756231135
|switch|p1a: Indeedee|Indeedee, L50, M|100/100
|switch|p2b: Ursaluna|Ursaluna-Bloodmoon, L50, M|100/100
|-fieldstart|move: Psychic Terrain|[from] ability: Psychic Surge|[of] p1a: Indeedee
|turn|6
|
|t:|1756231157
|move|p1b: Electabuzz|Protect|p1b: Electabuzz
|-singleturn|p1b: Electabuzz|Protect
|move|p1a: Indeedee|Expanding Force|p2a: Farigiraf|[spread] p2a,p2b
|-resisted|p2a: Farigiraf
|-damage|p2a: Farigiraf|0 fnt
|-damage|p2b: Ursaluna|53/100
|faint|p2a: Farigiraf
|move|p2b: Ursaluna|Hyper Voice|p1a: Indeedee|[spread] p1a
|-activate|p1b: Electabuzz|move: Protect
|-damage|p1a: Indeedee|31/100
|-damage|p2b: Ursaluna|43/100|[from] item: Life Orb
|
|upkeep
|
|t:|1756231167
|switch|p2a: Annihilape|Annihilape, L50, F|100/100
|turn|7
|inactive|buf91 Lupita has 30 seconds left.
|
|t:|1756231200
|-terastallize|p2a: Annihilape|Fire
|move|p1b: Electabuzz|Protect||[still]
|-fail|p1b: Electabuzz
|move|p1a: Indeedee|Protect|p1a: Indeedee
|-singleturn|p1a: Indeedee|Protect
|move|p2b: Ursaluna|Protect|p2b: Ursaluna
|-singleturn|p2b: Ursaluna|Protect
|move|p2a: Annihilape|Drain Punch|p1a: Indeedee
|-activate|p1a: Indeedee|move: Protect
|
|upkeep
|turn|8
|inactive|buf91 Lupita has 30 seconds left.
|inactive|buf91 Lupita has 20 seconds left.
|
|t:|1756231238
|move|p2b: Ursaluna|Protect||[still]
|-fail|p2b: Ursaluna
|move|p1b: Electabuzz|Follow Me|p1b: Electabuzz
|-singleturn|p1b: Electabuzz|move: Follow Me
|move|p1a: Indeedee|Expanding Force|p2b: Ursaluna|[spread] p2a,p2b
|-damage|p2a: Annihilape|58/100
|-damage|p2b: Ursaluna|0 fnt
|faint|p2b: Ursaluna
|move|p2a: Annihilape|Rage Fist|p1b: Electabuzz
|-damage|p1b: Electabuzz|11/100
|
|-heal|p2a: Annihilape|64/100|[from] item: Leftovers
|upkeep
|turn|9
|
|t:|1756231260
|move|p2a: Annihilape|Protect|p2a: Annihilape
|-singleturn|p2a: Annihilape|Protect
|move|p1b: Electabuzz|Follow Me|p1b: Electabuzz
|-singleturn|p1b: Electabuzz|move: Follow Me
|move|p1a: Indeedee|Expanding Force|p2a: Annihilape
|-activate|p2a: Annihilape|move: Protect
|
|-heal|p2a: Annihilape|70/100|[from] item: Leftovers
|upkeep
|turn|10
|inactive|kdbc73 has 30 seconds left.
|
|t:|1756231285
|move|p2a: Annihilape|Protect||[still]
|-fail|p2a: Annihilape
|move|p1b: Electabuzz|Taunt|p2a: Annihilape
|-start|p2a: Annihilape|move: Taunt
|move|p1a: Indeedee|Expanding Force|p2a: Annihilape
|-damage|p2a: Annihilape|5/100
|
|-heal|p2a: Annihilape|11/100|[from] item: Leftovers
|-fieldend|move: Psychic Terrain
|upkeep
|turn|11
|inactive|buf91 Lupita has 30 seconds left.
|
|t:|1756231319
|move|p1b: Electabuzz|Electroweb|p2a: Annihilape
|-damage|p2a: Annihilape|0 fnt
|faint|p2a: Annihilape
|
|win|kdbc73
|raw|kdbc73's rating: 1284 → 1310(+26 for winning)
|raw|buf91 Lupita's rating: 1302 → 1281(-21 for losing)
