|j|☆phuc_lamvgc
|j|☆Liney stiney
|html|phuc_lamvgcLiney stiney    
|uhtml|bestof|Game 1 of a best-of-3
|t:|1783342823
|gametype|doubles
|player|p1|phuc_lamvgc|miku-ghost|1045
|player|p2|Liney stiney|266|1056
|gen|9
|tier|[Gen 9 Champions] VGC 2026 Reg M-B (Bo3)
|rated|
|rule|Species Clause: Limit one of each Pokémon
|rule|Item Clause: Limit 1 of each item
|clearpoke
|poke|p1|Pyroar, L50, M, shiny|
|poke|p1|Floette-Eternal, L50, F, shiny|
|poke|p1|Farigiraf, L50, M, shiny|
|poke|p1|Vileplume, L50, M, shiny|
|poke|p1|Torkoal, L50, M, shiny|
|poke|p1|Incineroar, L50, M, shiny|
|poke|p2|Altaria, L50, F, shiny|
|poke|p2|Aromatisse, L50, F, shiny|
|poke|p2|Heliolisk, L50, M|
|poke|p2|Swampert, L50, F|
|poke|p2|Arcanine-Hisui, L50, F, shiny|
|poke|p2|Slowking-Galar, L50, F|
|teampreview|4
|showteam|p1|Pyroar||Pyroarite|Unnerve|Overheat,SolarBeam,HeatWave,Protect|Timid||M|||50|]Floette-Eternal||Floettite|FlowerVeil|Moonblast,DrainingKiss,CalmMind,Protect|Modest||F|||50|]Farigiraf||SitrusBerry|ArmorTail|HelpingHand,TrickRoom,Psychic,Thunderbolt|Relaxed||M|||50|]Vileplume||FocusSash|Chlorophyll|SolarBeam,SleepPowder,SludgeBomb,AfterYou|Timid||M|||50|]Torkoal||Charcoal|Drought|WeatherBall,Eruption,HelpingHand,Protect|Quiet||M|||50|]Incineroar||WhiteHerb|Intimidate|FakeOut,FlareBlitz,DarkestLariat,CloseCombat|Brave||M|||50|
|showteam|p2|Altaria||Altarianite|CloudNine|Protect,CottonGuard,HyperVoice,FireBlast|Calm||F|||50|]Aromatisse||BabiriBerry|AromaVeil|TrickRoom,Protect,SweetScent,Hypnosis|Relaxed||F|||50|]Heliolisk||FocusSash|DrySkin|Protect,Thunder,Electrify,RainDance|Mild||M|||50|]Swampert||Swampertite|Damp|WaveCrash,IcePunch,Protect,HighHorsepower|Brave||F|||50|]Arcanine-Hisui||LifeOrb|RockHead|HeadSmash,FlareBlitz,Protect,StoneEdge|Lonely||F|||50|]Slowking-Galar||TwistedSpoon|Regenerator|PsychicTerrain,TrickRoom,ExpandingForce,CalmMind|Quiet||F|||50|
|
|t:|1783342870
|teamsize|p1|4
|teamsize|p2|4
|start
|switch|p1a: Vileplume|Vileplume, L50, M, shiny|100/100
|switch|p1b: Torkoal|Torkoal, L50, M, shiny|100/100
|switch|p2a: Aromatisse|Aromatisse, L50, F, shiny|100/100
|switch|p2b: Arcanine|Arcanine-Hisui, L50, F, shiny|100/100
|-weather|SunnyDay|[from] ability: Drought|[of] p1b: Torkoal
|turn|1
|
|t:|1783342894
|move|p1b: Torkoal|Protect|p1b: Torkoal
|-singleturn|p1b: Torkoal|Protect
|move|p1a: Vileplume|Sludge Bomb|p2a: Aromatisse
|-supereffective|p2a: Aromatisse|1
|-damage|p2a: Aromatisse|24/100
|-status|p2a: Aromatisse|psn
|move|p2b: Arcanine|Head Smash|p1b: Torkoal
|-activate|p1b: Torkoal|move: Protect
|move|p2a: Aromatisse|Trick Room|p2a: Aromatisse
|-fieldstart|move: Trick Room|[of] p2a: Aromatisse
|
|-weather|SunnyDay|[upkeep]
|-damage|p2a: Aromatisse|12/100 psn|[from] psn
|upkeep
|turn|2
|c|☆phuc_lamvgc|thank]
|
|t:|1783342927
|switch|p1b: Incineroar|Incineroar, L50, M, shiny|100/100
|-ability|p1b: Incineroar|Intimidate|boost
|-unboost|p2a: Aromatisse|atk|1
|-unboost|p2b: Arcanine|atk|1
|move|p2a: Aromatisse|Hypnosis|p1b: Incineroar|[miss]
|-miss|p2a: Aromatisse|p1b: Incineroar
|move|p2b: Arcanine|Flare Blitz|p1a: Vileplume
|-supereffective|p1a: Vileplume|1
|-enditem|p1a: Vileplume|Focus Sash
|-damage|p1a: Vileplume|1/100
|-damage|p2b: Arcanine|90/100|[from] item: Life Orb
|move|p1a: Vileplume|Sleep Powder|p2b: Arcanine
|-status|p2b: Arcanine|slp|[from] move: Sleep Powder
|
|-weather|SunnyDay|[upkeep]
|-damage|p2a: Aromatisse|0 fnt|[from] psn
|faint|p2a: Aromatisse
|upkeep
|
|t:|1783342947
|switch|p2a: Swampert|Swampert, L50, F|100/100
|turn|3
|
|t:|1783342966
|detailschange|p2a: Swampert|Swampert-Mega, L50, F
|-mega|p2a: Swampert|Swampert|Swampertite
|cant|p2b: Arcanine|slp
|move|p1b: Incineroar|Close Combat|p2b: Arcanine
|-supereffective|p2b: Arcanine|1
|-damage|p2b: Arcanine|0 fnt
|-unboost|p1b: Incineroar|def|1
|-unboost|p1b: Incineroar|spd|1
|faint|p2b: Arcanine
|-enditem|p1b: Incineroar|White Herb
|-clearnegativeboost|p1b: Incineroar|[silent]
|move|p2a: Swampert|High Horsepower|p1b: Incineroar
|-supereffective|p1b: Incineroar|1
|-damage|p1b: Incineroar|0 fnt
|faint|p1b: Incineroar
|move|p1a: Vileplume|Solar Beam||[still]
|-prepare|p1a: Vileplume|Solar Beam
|-anim|p1a: Vileplume|Solar Beam|p2a: Swampert
|-supereffective|p2a: Swampert|2
|-damage|p2a: Swampert|0 fnt
|faint|p2a: Swampert
|
|-weather|SunnyDay|[upkeep]
|upkeep
|
|t:|1783342989
|switch|p1b: Torkoal|Torkoal, L50, M, shiny|100/100
|switch|p2b: Heliolisk|Heliolisk, L50, M|100/100
|turn|4
|
|t:|1783342999
|move|p2b: Heliolisk|Protect|p2b: Heliolisk
|-singleturn|p2b: Heliolisk|Protect
|move|p1b: Torkoal|Eruption|p2b: Heliolisk
|-activate|p2b: Heliolisk|move: Protect
|move|p1a: Vileplume|Sleep Powder|p2b: Heliolisk
|-activate|p2b: Heliolisk|move: Protect
|
|-weather|SunnyDay|[upkeep]
|-damage|p2b: Heliolisk|87/100|[from] ability: Dry Skin|[of] p2b: Heliolisk
|upkeep
|turn|5
|
|t:|1783343012
|move|p2b: Heliolisk|Protect|p2b: Heliolisk
|-singleturn|p2b: Heliolisk|Protect
|move|p1b: Torkoal|Eruption|p2b: Heliolisk
|-activate|p2b: Heliolisk|move: Protect
|move|p1a: Vileplume|Sleep Powder|p2b: Heliolisk
|-activate|p2b: Heliolisk|move: Protect
|
|-weather|none
|-fieldend|move: Trick Room
|upkeep
|turn|6
|
|t:|1783343026
|switch|p1b: Pyroar|Pyroar, L50, M, shiny|100/100
|-ability|p1b: Pyroar|Unnerve
|move|p2b: Heliolisk|Thunder|p1a: Vileplume
|-resisted|p1a: Vileplume|1
|-damage|p1a: Vileplume|0 fnt
|faint|p1a: Vileplume
|
|upkeep
|
|t:|1783343031
|switch|p1a: Torkoal|Torkoal, L50, M, shiny|100/100
|-weather|SunnyDay|[from] ability: Drought|[of] p1a: Torkoal
|turn|7
|
|t:|1783343038
|detailschange|p1b: Pyroar|Pyroar-Mega, L50, M, shiny
|-mega|p1b: Pyroar|Pyroar|Pyroarite
|move|p1a: Torkoal|Helping Hand|p1b: Pyroar
|-singleturn|p1b: Pyroar|Helping Hand|[of] p1a: Torkoal
|move|p1b: Pyroar|Overheat|p2b: Heliolisk
|-damage|p2b: Heliolisk|0 fnt
|-unboost|p1b: Pyroar|spa|2
|faint|p2b: Heliolisk
|
|win|phuc_lamvgc
||phuc_lamvgc is ready for game 2.
|inactive|Liney stiney has 30 seconds to confirm battle start!
