|j|☆lanagram
|j|☆KarinaOnTsCoh
|html|lanagramKarinaOnTsCoh    
|uhtml|bestof|Game 1 of a best-of-3
|t:|1785112304
|gametype|doubles
|player|p1|lanagram|266|1149
|player|p2|KarinaOnTsCoh|iris-gen5bw2|1247
|gen|9
|tier|[Gen 9 Champions] VGC 2026 Reg M-B (Bo3)
|rated|
|rule|Species Clause: Limit one of each Pokémon
|rule|Item Clause: Limit 1 of each item
|clearpoke
|poke|p1|Gengar, L50, F|
|poke|p1|Incineroar, L50, F|
|poke|p1|Kommo-o, L50, M|
|poke|p1|Ninetales-Alola, L50, F|
|poke|p1|Whimsicott, L50, F|
|poke|p1|Staraptor, L50, M|
|poke|p2|Froslass, L50, F|
|poke|p2|Scovillain, L50, F|
|poke|p2|Basculegion, L50, M|
|poke|p2|Kingambit, L50, F|
|poke|p2|Sneasler, L50, M|
|poke|p2|Lycanroc-Dusk, L50, F|
|teampreview|4
|showteam|p1|Gengar||Gengarite|CursedBody|ShadowBall,Disable,PerishSong,Protect|Timid||F|||50|]Incineroar||PasshoBerry|Intimidate|FakeOut,ThroatChop,Taunt,PartingShot|Jolly||F|||50|]Kommo-o||LifeOrb|Soundproof|ClangingScales,AuraSphere,ClangorousSoul,Protect|Timid||M|||50|]Ninetales-Alola||NeverMeltIce|SnowWarning|Blizzard,Disable,Encore,Protect|Timid||F|||50|]Whimsicott||FocusSash|Prankster|Tailwind,FakeTears,Memento,Moonblast|Timid||F|||50|]Staraptor||Staraptite|Intimidate|CloseCombat,DualWingbeat,Tailwind,Roost|Jolly||M|||50|
|showteam|p2|Froslass||Froslassite|SnowCloak|Blizzard,ShadowBall,AuroraVeil,Protect|Timid||F|||50|]Scovillain||Scovillainite|Moody|Overheat,SuperFang,RagePowder,Protect|Bold||F|||50|]Basculegion||SitrusBerry|Adaptability|WaveCrash,LastRespects,AquaJet,Protect|Adamant||M|||50|]Kingambit||LifeOrb|Defiant|KowtowCleave,SuckerPunch,SwordsDance,Protect|Adamant||F|||50|]Sneasler||WhiteHerb|Unburden|CloseCombat,GunkShot,FakeOut,Protect|Adamant||M|||50|]Lycanroc-Dusk||FocusSash|ToughClaws|RockSlide,CloseCombat,Accelerock,Protect|Adamant||F|||50|
|inactive|Battle timer is ON: inactive players will automatically lose when time's up. (requested by lanagram)
|
|t:|1785112367
|teamsize|p1|4
|teamsize|p2|4
|start
|switch|p1a: Whimsicott|Whimsicott, L50, F|100/100
|switch|p1b: Staraptor|Staraptor, L50, M|100/100
|switch|p2a: Sneasler|Sneasler, L50, M|100/100
|switch|p2b: Kingambit|Kingambit, L50, F|100/100
|-ability|p1b: Staraptor|Intimidate|boost
|-unboost|p2a: Sneasler|atk|1
|-unboost|p2b: Kingambit|atk|1
|-ability|p2b: Kingambit|Defiant|boost
|-boost|p2b: Kingambit|atk|2
|-enditem|p2a: Sneasler|White Herb
|-clearnegativeboost|p2a: Sneasler|[silent]
|turn|1
|inactive|KarinaOnTsCoh has 30 seconds left.
|inactive|KarinaOnTsCoh has 20 seconds left.
|
|t:|1785112403
|detailschange|p1b: Staraptor|Staraptor-Mega, L50, M
|-mega|p1b: Staraptor|Staraptor|Staraptite
|move|p2a: Sneasler|Fake Out|p1b: Staraptor
|-damage|p1b: Staraptor|85/100
|move|p1a: Whimsicott|Tailwind|p1a: Whimsicott
|-sidestart|p1: lanagram|move: Tailwind
|cant|p1b: Staraptor|flinch
|move|p2b: Kingambit|Kowtow Cleave|p1a: Whimsicott
|-resisted|p1a: Whimsicott|1
|-damage|p1a: Whimsicott|30/100
|-damage|p2b: Kingambit|90/100|[from] item: Life Orb
|
|upkeep
|turn|2
|inactive|lanagram has 30 seconds left.
|inactive|KarinaOnTsCoh has 30 seconds left.
|inactive|KarinaOnTsCoh has 20 seconds left.
|
|t:|1785112438
|switch|p2b: Froslass|Froslass, L50, F|100/100
|move|p2a: Sneasler|Protect|p2a: Sneasler
|-singleturn|p2a: Sneasler|Protect
|move|p1a: Whimsicott|Memento|p2a: Sneasler
|-activate|p2a: Sneasler|move: Protect
|move|p1b: Staraptor|Close Combat|p2b: Froslass
|-immune|p2b: Froslass
|
|upkeep
|turn|3
|
|t:|1785112458
|switch|p2a: Kingambit|Kingambit, L50, F|90/100
|detailschange|p2b: Froslass|Froslass-Mega, L50, F
|-mega|p2b: Froslass|Froslass|Froslassite
|-weather|Snowscape|[from] ability: Snow Warning|[of] p2b: Froslass
|move|p1a: Whimsicott|Fake Tears|p1b: Staraptor
|-boost|p1b: Staraptor|spd|2
|move|p1b: Staraptor|Roost|p1b: Staraptor
|-heal|p1b: Staraptor|100/100
|-singleturn|p1b: Staraptor|move: Roost
|move|p2b: Froslass|Blizzard|p1b: Staraptor|[spread] p1a,p1b
|-supereffective|p1a: Whimsicott|1
|-damage|p1a: Whimsicott|0 fnt
|-damage|p1b: Staraptor|72/100
|-status|p1b: Staraptor|frz
|faint|p1a: Whimsicott
|
|-weather|Snowscape|[upkeep]
|upkeep
|
|t:|1785112469
|switch|p1a: Ninetales|Ninetales-Alola, L50, F|100/100
|turn|4
|inactive|KarinaOnTsCoh has 30 seconds left.
|
|t:|1785112497
|switch|p2a: Basculegion|Basculegion, L50, M|100/100
|move|p2b: Froslass|Protect|p2b: Froslass
|-singleturn|p2b: Froslass|Protect
|-curestatus|p1b: Staraptor|frz|[msg]
|move|p1b: Staraptor|Close Combat|p2a: Basculegion
|-immune|p2a: Basculegion
|move|p1a: Ninetales|Disable|p2b: Froslass
|-activate|p2b: Froslass|move: Protect
|
|-weather|Snowscape|[upkeep]
|-sideend|p1: lanagram|move: Tailwind
|upkeep
|turn|5
|inactive|lanagram has 30 seconds left.
|inactive|KarinaOnTsCoh has 30 seconds left.
|
|t:|1785112540
|switch|p1a: Incineroar|Incineroar, L50, F|100/100
|-ability|p1a: Incineroar|Intimidate|boost
|-unboost|p2a: Basculegion|atk|1
|-unboost|p2b: Froslass|atk|1
|move|p2b: Froslass|Aurora Veil|p2b: Froslass
|-sidestart|p2: KarinaOnTsCoh|move: Aurora Veil
|move|p1b: Staraptor|Roost|p1b: Staraptor
|-heal|p1b: Staraptor|100/100
|-singleturn|p1b: Staraptor|move: Roost
|move|p2a: Basculegion|Wave Crash|p1a: Incineroar
|-supereffective|p1a: Incineroar|1
|-enditem|p1a: Incineroar|Passho Berry|[eat]
|-enditem|p1a: Incineroar|Passho Berry|[weaken]
|-damage|p1a: Incineroar|51/100
|-damage|p2a: Basculegion|84/100|[from] Recoil
|
|-weather|Snowscape|[upkeep]
|upkeep
|turn|6
|
|t:|1785112561
|switch|p1a: Ninetales|Ninetales-Alola, L50, F|100/100
|move|p2b: Froslass|Blizzard|p1b: Staraptor|[spread] p1a,p1b
|-resisted|p1a: Ninetales|1
|-supereffective|p1b: Staraptor|1
|-damage|p1a: Ninetales|75/100
|-damage|p1b: Staraptor|51/100
|move|p1b: Staraptor|Close Combat|p1a: Ninetales
|-damage|p1a: Ninetales|7/100
|-boost|p1b: Staraptor|def|1
|-boost|p1b: Staraptor|spd|1
|move|p2a: Basculegion|Wave Crash|p1a: Ninetales
|-damage|p1a: Ninetales|0 fnt
|faint|p1a: Ninetales
|-damage|p2a: Basculegion|82/100|[from] Recoil
|
|-weather|Snowscape|[upkeep]
|upkeep
|
|t:|1785112567
|switch|p1a: Incineroar|Incineroar, L50, F|51/100
|-ability|p1a: Incineroar|Intimidate|boost
|-unboost|p2a: Basculegion|atk|1
|-unboost|p2b: Froslass|atk|1
|turn|7
|
|t:|1785112589
|move|p2b: Froslass|Blizzard|p1b: Staraptor|[spread] p1a,p1b
|-resisted|p1a: Incineroar|1
|-supereffective|p1b: Staraptor|1
|-damage|p1a: Incineroar|31/100
|-damage|p1b: Staraptor|13/100
|-status|p1b: Staraptor|frz
|-curestatus|p1b: Staraptor|frz|[msg]
|move|p1b: Staraptor|Roost|p1b: Staraptor
|-heal|p1b: Staraptor|63/100
|-singleturn|p1b: Staraptor|move: Roost
|move|p1a: Incineroar|Throat Chop|p2b: Froslass
|-supereffective|p2b: Froslass|1
|-damage|p2b: Froslass|56/100
|-start|p2b: Froslass|Throat Chop|[silent]
|move|p2a: Basculegion|Wave Crash|p1a: Incineroar
|-supereffective|p1a: Incineroar|1
|-crit|p1a: Incineroar
|-damage|p1a: Incineroar|0 fnt
|faint|p1a: Incineroar
|-damage|p2a: Basculegion|71/100|[from] Recoil
|
|-weather|none
|upkeep
|turn|8
|inactive|KarinaOnTsCoh has 30 seconds left.
|
|t:|1785112617
|switch|p2b: Sneasler|Sneasler, L50, M|100/100
|switch|p2a: Kingambit|Kingambit, L50, F|90/100
|move|p1b: Staraptor|Close Combat|p2b: Sneasler
|-resisted|p2b: Sneasler|1
|-damage|p2b: Sneasler|67/100
|-boost|p1b: Staraptor|def|1
|-boost|p1b: Staraptor|spd|1
|
|upkeep
|turn|9
|
|t:|1785112629
|switch|p2a: Froslass|Froslass-Mega, L50, F|56/100
|-weather|Snowscape|[from] ability: Snow Warning|[of] p2a: Froslass
|move|p2b: Sneasler|Fake Out|p1b: Staraptor
|-damage|p1b: Staraptor|56/100
|cant|p1b: Staraptor|flinch
|
|-weather|Snowscape|[upkeep]
|-sideend|p2: KarinaOnTsCoh|move: Aurora Veil
|upkeep
|turn|10
|
|t:|1785112638
|move|p2a: Froslass|Blizzard|p1b: Staraptor
|-supereffective|p1b: Staraptor|1
|-damage|p1b: Staraptor|14/100
|move|p1b: Staraptor|Roost|p1b: Staraptor
|-heal|p1b: Staraptor|64/100
|-singleturn|p1b: Staraptor|move: Roost
|move|p2b: Sneasler|Gunk Shot|p1b: Staraptor
|-damage|p1b: Staraptor|28/100
|
|-weather|Snowscape|[upkeep]
|upkeep
|turn|11
|-message|lanagram forfeited.
|
|win|KarinaOnTsCoh
|l|☆lanagram
|player|p1|
||lanagram is ready for game 2.
||KarinaOnTsCoh is ready for game 2.
|uhtml|next|Next: Game 2 of 3
