|j|☆Mebbyaids
|j|☆Luks1220
|html|MebbyaidsLuks1220    
|uhtml|bestof|Game 2 of a best-of-3
|t:|1783788532
|gametype|doubles
|player|p1|Mebbyaids|102|
|player|p2|Luks1220|volkner|
|gen|9
|tier|[Gen 9 Champions] VGC 2026 Reg M-B (Bo3)
|rule|Species Clause: Limit one of each Pokémon
|rule|Item Clause: Limit 1 of each item
|clearpoke
|poke|p1|Starmie, L50|
|poke|p1|Pelipper, L50, F|
|poke|p1|Archaludon, L50, M|
|poke|p1|Meowscarada, L50, M|
|poke|p1|Annihilape, L50, F|
|poke|p1|Raichu, L50, F|
|poke|p2|Falinks, L50|
|poke|p2|Sinistcha, L50|
|poke|p2|Incineroar, L50, M|
|poke|p2|Rotom-Wash, L50|
|poke|p2|Dragalge, L50, M|
|poke|p2|Glimmora, L50, F|
|teampreview|4
|showteam|p1|Starmie||Starminite|Illuminate|RapidSpin,IceSpinner,Liquidation,ZenHeadbutt|Jolly|||||50|]Pelipper||MysticWater|Drizzle|Hurricane,Surf,Protect,Tailwind|Bold||F|||50|]Archaludon||LifeOrb|Stamina|ElectroShot,DragonPulse,FlashCannon,MirrorCoat|Timid||M|||50|]Meowscarada||ChoiceScarf|Protean|FlowerTrick,KnockOff,PlayRough,Uturn|Jolly||M|||50|]Annihilape||ExpertBelt|Defiant|DrainPunch,RageFist,Earthquake,SeedBomb|Jolly||F|||50|]Raichu||RaichuniteY|Static|FocusBlast,ZapCannon,Surf,AlluringVoice|Timid||F|||50|
|showteam|p2|Falinks||Falinksite|Defiant|NoRetreat,CloseCombat,IronHead,Protect|Adamant|||||50|]Sinistcha||KasibBerry|Hospitality|MatchaGotcha,Protect,RagePowder,StrengthSap|Bold|||||50|]Incineroar||ChopleBerry|Intimidate|FakeOut,PartingShot,DarkestLariat,FlareBlitz|Impish||M|||50|]Rotom-Wash||SitrusBerry|Levitate|Thunderbolt,WillOWisp,HydroPump,LightScreen|Bold|||||50|]Dragalge||Dragalgite|Adaptability|SludgeBomb,FlipTurn,Protect,DracoMeteor|Serious||M|||50|]Glimmora||FocusSash|ToxicDebris|SpikyShield,EarthPower,PowerGem,SludgeBomb|Timid||F|||50|
|
|t:|1783788581
|teamsize|p1|4
|teamsize|p2|4
|start
|switch|p1a: Starmie|Starmie, L50|100/100
|switch|p1b: Meowscarada|Meowscarada, L50, M|100/100
|switch|p2a: PredictableCreatur|Falinks, L50|100/100
|switch|p2b: Jarona!|Incineroar, L50, M|100/100
|-ability|p2b: Jarona!|Intimidate|boost
|-unboost|p1a: Starmie|atk|1
|-unboost|p1b: Meowscarada|atk|1
|turn|1
|
|t:|1783788593
|detailschange|p1a: Starmie|Starmie-Mega, L50
|-mega|p1a: Starmie|Starmie|Starminite
|detailschange|p2a: PredictableCreatur|Falinks-Mega, L50
|-mega|p2a: PredictableCreatur|Falinks|Falinksite
|move|p2b: Jarona!|Fake Out|p1a: Starmie
|-damage|p1a: Starmie|81/100
|move|p1b: Meowscarada|Play Rough|p2a: PredictableCreatur|[miss]
|-start|p1b: Meowscarada|typechange|Fairy|[from] ability: Protean
|-miss|p1b: Meowscarada|p2a: PredictableCreatur
|cant|p1a: Starmie|flinch
|move|p2a: PredictableCreatur|Close Combat|p1b: Meowscarada
|-resisted|p1b: Meowscarada|1
|-damage|p1b: Meowscarada|45/100
|-unboost|p2a: PredictableCreatur|def|1
|-unboost|p2a: PredictableCreatur|spd|1
|
|upkeep
|turn|2
|
|t:|1783788620
|switch|p2b: It's me Flowery!|Sinistcha, L50|100/100
|move|p2a: PredictableCreatur|Protect|p2a: PredictableCreatur
|-singleturn|p2a: PredictableCreatur|Protect
|move|p1b: Meowscarada|Play Rough|p2a: PredictableCreatur
|-activate|p2a: PredictableCreatur|move: Protect
|move|p1a: Starmie|Zen Headbutt|p2a: PredictableCreatur
|-activate|p2a: PredictableCreatur|move: Protect
|
|upkeep
|turn|3
|
|t:|1783788644
|move|p2b: It's me Flowery!|Rage Powder|p2b: It's me Flowery!
|-singleturn|p2b: It's me Flowery!|move: Rage Powder
|move|p1b: Meowscarada|Play Rough|p2b: It's me Flowery!
|-crit|p2b: It's me Flowery!
|-damage|p2b: It's me Flowery!|56/100
|move|p1a: Starmie|Ice Spinner|p2b: It's me Flowery!
|-supereffective|p2b: It's me Flowery!|1
|-damage|p2b: It's me Flowery!|14/100
|move|p2a: PredictableCreatur|Close Combat|p1b: Meowscarada
|-resisted|p1b: Meowscarada|1
|-damage|p1b: Meowscarada|0 fnt
|-unboost|p2a: PredictableCreatur|def|1
|-unboost|p2a: PredictableCreatur|spd|1
|faint|p1b: Meowscarada
|
|upkeep
|
|t:|1783788652
|switch|p1b: Pelipper|Pelipper, L50, F|100/100
|-weather|RainDance|[from] ability: Drizzle|[of] p1b: Pelipper
|turn|4
|
|t:|1783788668
|move|p2a: PredictableCreatur|Protect|p2a: PredictableCreatur
|-singleturn|p2a: PredictableCreatur|Protect
|move|p2b: It's me Flowery!|Protect|p2b: It's me Flowery!
|-singleturn|p2b: It's me Flowery!|Protect
|move|p1a: Starmie|Ice Spinner|p2b: It's me Flowery!
|-activate|p2b: It's me Flowery!|move: Protect
|move|p1b: Pelipper|Hurricane|p2a: PredictableCreatur
|-activate|p2a: PredictableCreatur|move: Protect
|
|-weather|RainDance|[upkeep]
|upkeep
|turn|5
|
|t:|1783788687
|switch|p2a: Jarona!|Incineroar, L50, M|100/100
|-ability|p2a: Jarona!|Intimidate|boost
|-unboost|p1a: Starmie|atk|1
|-unboost|p1b: Pelipper|atk|1
|move|p1a: Starmie|Ice Spinner|p2b: It's me Flowery!
|-supereffective|p2b: It's me Flowery!|1
|-damage|p2b: It's me Flowery!|0 fnt
|faint|p2b: It's me Flowery!
|move|p1b: Pelipper|Hurricane|p2a: Jarona!
|-damage|p2a: Jarona!|58/100
|
|-weather|RainDance|[upkeep]
|upkeep
|
|t:|1783788700
|switch|p2b: Sastingus|Glimmora, L50, F|100/100
|turn|6
|
|t:|1783788707
|switch|p1a: Annihilape|Annihilape, L50, F|100/100
|move|p2a: Jarona!|Fake Out|p1a: Annihilape
|-immune|p1a: Annihilape
|move|p2b: Sastingus|Power Gem|p1b: Pelipper
|-supereffective|p1b: Pelipper|1
|-damage|p1b: Pelipper|0 fnt
|faint|p1b: Pelipper
|
|-weather|RainDance|[upkeep]
|upkeep
|
|t:|1783788709
|switch|p1b: Starmie|Starmie-Mega, L50|81/100
|turn|7
|
|t:|1783788729
|move|p2b: Sastingus|Spiky Shield|p2b: Sastingus
|-singleturn|p2b: Sastingus|move: Protect
|move|p1b: Starmie|Liquidation|p2b: Sastingus
|-activate|p2b: Sastingus|move: Protect
|-damage|p1b: Starmie|69/100|[from] Spiky Shield|[of] p2b: Sastingus
|move|p1a: Annihilape|Drain Punch|p2a: Jarona!
|-supereffective|p2a: Jarona!|1
|-enditem|p2a: Jarona!|Chople Berry|[eat]
|-enditem|p2a: Jarona!|Chople Berry|[weaken]
|-damage|p2a: Jarona!|23/100
|move|p2a: Jarona!|Darkest Lariat|p1b: Starmie
|-supereffective|p1b: Starmie|1
|-damage|p1b: Starmie|0 fnt
|faint|p1b: Starmie
|
|-weather|RainDance|[upkeep]
|upkeep
|turn|8
|
|t:|1783788750
|move|p1a: Annihilape|Drain Punch|p2a: Jarona!
|-supereffective|p2a: Jarona!|1
|-damage|p2a: Jarona!|0 fnt
|faint|p2a: Jarona!
|move|p2b: Sastingus|Earth Power|p1a: Annihilape
|-damage|p1a: Annihilape|68/100
|
|-weather|none
|upkeep
|
|t:|1783788757
|switch|p2a: PredictableCreatur|Falinks-Mega, L50|100/100
|turn|9
|
|t:|1783788767
|move|p2b: Sastingus|Spiky Shield|p2b: Sastingus
|-singleturn|p2b: Sastingus|move: Protect
|move|p1a: Annihilape|Drain Punch|p2b: Sastingus
|-activate|p2b: Sastingus|move: Protect
|-damage|p1a: Annihilape|56/100|[from] Spiky Shield|[of] p2b: Sastingus
|move|p2a: PredictableCreatur|Iron Head|p1a: Annihilape
|-damage|p1a: Annihilape|19/100
|
|upkeep
|turn|10
|
|t:|1783788778
|move|p1a: Annihilape|Drain Punch|p2b: Sastingus
|-damage|p2b: Sastingus|53/100
|-heal|p1a: Annihilape|39/100|[from] drain|[of] p2b: Sastingus
|-activate|p2b: Sastingus|ability: Toxic Debris
|-sidestart|p1: Mebbyaids|move: Toxic Spikes
|move|p2b: Sastingus|Power Gem|p1a: Annihilape
|-resisted|p1a: Annihilape|1
|-damage|p1a: Annihilape|17/100
|move|p2a: PredictableCreatur|Iron Head|p1a: Annihilape
|-crit|p1a: Annihilape
|-damage|p1a: Annihilape|0 fnt
|faint|p1a: Annihilape
|
|win|Luks1220
||Mebbyaids is ready for game 3.
|inactive|Luks1220 has 30 seconds to confirm battle start!
||Luks1220 is ready for game 3.
|uhtml|next|Next: Game 3 of 3
