|j|☆Harridino
|j|☆jfwarriors
|html|Harridinojfwarriors    
|uhtml|bestof|Game 1 of a best-of-3
|t:|1757030092
|gametype|doubles
|player|p1|Harridino|pokemaniac|
|player|p2|jfwarriors|fisherman-gen4|
|gen|9
|tier|[Gen 9] VGC 2025 Reg H (Bo3)
|rule|Tera Type Preview: Tera Types are shown at Team Preview
|rule|Species Clause: Limit one of each Pokémon
|rule|Item Clause: Limit 1 of each item
|raw|2 custom rules: Tera Type Preview, !Force Open Team Sheets
|clearpoke
|poke|p1|Torkoal, L50, F|
|poke|p1|Jumpluff, L50, M|
|poke|p1|Charizard, L50, F|
|poke|p1|Reuniclus, L50, F|
|poke|p1|Ursaluna, L50, F|
|poke|p1|Indeedee-F, L50, F|
|poke|p2|Annihilape, L50, M|
|poke|p2|Goodra-Hisui, L50, F|
|poke|p2|Volcarona, L50, M|
|poke|p2|Ambipom, L50, F|
|poke|p2|Florges, L50, F|
|poke|p2|Rotom-Wash, L50|
|raw|Harridino's Tera Types: /  /  /  /  / 
|raw|jfwarriors's Tera Types: /  /  /  /  / 
|teampreview|4
|c|☆Harridino|glhf
|j| qwhat123
|j| Criee
|j| zuiyyy
|c|☆jfwarriors|No u
|c|☆Harridino|r?
|c|☆jfwarriors|ye
|inactive|Battle timer is ON: inactive players will automatically lose when time's up. (requested by Harridino)
|inactive|jfwarriors has 60 seconds left.
|
|t:|1757030175
|teamsize|p1|4
|teamsize|p2|4
|start
|switch|p1a: Mr. Cupcake|Jumpluff, L50, M|100/100
|switch|p1b: Chica|Torkoal, L50, F, shiny|100/100
|switch|p2a: Fleur|Florges, L50, F, shiny|100/100
|switch|p2b: Rage Monke|Annihilape, L50, M, shiny|100/100
|-weather|SunnyDay|[from] ability: Drought|[of] p1b: Chica
|turn|1
|
|t:|1757030196
|move|p1a: Mr. Cupcake|Tailwind|p1a: Mr. Cupcake
|-sidestart|p1: Harridino|move: Tailwind
|move|p2b: Rage Monke|Final Gambit|p1b: Chica
|-damage|p1b: Chica|0 fnt
|faint|p2b: Rage Monke
|faint|p1b: Chica
|move|p2a: Fleur|Misty Terrain|p2a: Fleur
|-fieldstart|move: Misty Terrain
|
|-weather|SunnyDay|[upkeep]
|upkeep
|
|t:|1757030207
|switch|p2b: SLUGGY 0.0|Goodra-Hisui, L50, F, shiny|100/100
|switch|p1b: Foxy|Charizard, L50, F, shiny|100/100
|turn|2
|j| hunterdrago
|inactive|Harridino has 30 seconds left.
|inactive|jfwarriors has 30 seconds left.
|
|t:|1757030237
|switch|p2b: Washer|Rotom-Wash, L50, shiny|100/100
|-terastallize|p1b: Foxy|Ghost
|move|p1a: Mr. Cupcake|Encore|p2a: Fleur
|-start|p2a: Fleur|Encore
|move|p1b: Foxy|Heat Wave|p2a: Fleur|[spread] p2a,p2b
|-resisted|p2b: Washer
|-damage|p2a: Fleur|17/100
|-damage|p2b: Washer|36/100
|-status|p2b: Washer|brn
|move|p2a: Fleur|Misty Terrain||[still]
|-fail|p2a: Fleur
|
|-weather|SunnyDay|[upkeep]
|-damage|p1b: Foxy|88/100|[from] ability: Solar Power|[of] p1b: Foxy
|-heal|p2a: Fleur|23/100|[from] item: Leftovers
|-damage|p2b: Washer|30/100 brn|[from] brn
|upkeep
|turn|3
|
|t:|1757030261
|switch|p2a: SLUGGY 0.0|Goodra-Hisui, L50, F, shiny|100/100
|move|p1a: Mr. Cupcake|Pollen Puff|p1b: Foxy
|-heal|p1b: Foxy|100/100
|move|p1b: Foxy|Heat Wave|p2b: Washer|[spread] p2a,p2b
|-resisted|p2b: Washer
|-damage|p2a: SLUGGY 0.0|25/100
|-damage|p2b: Washer|0 fnt
|-enditem|p2a: SLUGGY 0.0|Sitrus Berry|[eat]
|-heal|p2a: SLUGGY 0.0|50/100|[from] item: Sitrus Berry
|faint|p2b: Washer
|
|-weather|SunnyDay|[upkeep]
|-damage|p1b: Foxy|88/100|[from] ability: Solar Power|[of] p1b: Foxy
|upkeep
|
|t:|1757030269
|switch|p2b: Fleur|Florges, L50, F, shiny|23/100
|turn|4
|c| hunterdrago|CHARIZARD GOAT?
|
|t:|1757030282
|-terastallize|p2a: SLUGGY 0.0|Water
|move|p1a: Mr. Cupcake|Pollen Puff|p1b: Foxy
|-heal|p1b: Foxy|100/100
|move|p1b: Foxy|Heat Wave|p2a: SLUGGY 0.0|[spread] p2b
|-miss|p1b: Foxy|p2a: SLUGGY 0.0
|-damage|p2b: Fleur|0 fnt
|faint|p2b: Fleur
|move|p2a: SLUGGY 0.0|Knock Off|p1b: Foxy
|-supereffective|p1b: Foxy
|-damage|p1b: Foxy|26/100
|-enditem|p1b: Foxy|Choice Specs|[from] move: Knock Off|[of] p2a: SLUGGY 0.0
|
|-weather|SunnyDay|[upkeep]
|-damage|p1b: Foxy|14/100|[from] ability: Solar Power|[of] p1b: Foxy
|-sideend|p1: Harridino|move: Tailwind
|upkeep
|turn|5
|
|t:|1757030299
|move|p1a: Mr. Cupcake|Tailwind|p1a: Mr. Cupcake
|-sidestart|p1: Harridino|move: Tailwind
|move|p1b: Foxy|Heat Wave|p2a: SLUGGY 0.0
|-resisted|p2a: SLUGGY 0.0
|-damage|p2a: SLUGGY 0.0|13/100
|move|p2a: SLUGGY 0.0|Knock Off|p1b: Foxy
|-supereffective|p1b: Foxy
|-damage|p1b: Foxy|0 fnt
|faint|p1b: Foxy
|
|-weather|none
|-fieldend|Misty Terrain
|upkeep
|
|t:|1757030303
|switch|p1b: Freddy|Ursaluna, L50, F, shiny|100/100
|turn|6
|
|t:|1757030310
|move|p1a: Mr. Cupcake|Rage Powder|p1a: Mr. Cupcake
|-singleturn|p1a: Mr. Cupcake|move: Rage Powder
|move|p1b: Freddy|Facade|p2a: SLUGGY 0.0
|-damage|p2a: SLUGGY 0.0|0 fnt
|faint|p2a: SLUGGY 0.0
|
|win|Harridino
||jfwarriors is ready for game 2.
||Harridino is ready for game 2.
|uhtml|next|Next: Game 2 of 3
|l|☆jfwarriors
|player|p2|
|l| zuiyyy
