|j|☆EchoHevy5555
|j|☆Marcored87
|html|EchoHevy5555Marcored87    
|uhtml|bestof|Game 1 of a best-of-3
|t:|1757706262
|gametype|doubles
|player|p1|EchoHevy5555|170|1107
|player|p2|Marcored87|2|1114
|gen|9
|tier|[Gen 9] VGC 2025 Reg H (Bo3)
|rated|
|rule|Species Clause: Limit one of each Pokémon
|rule|Item Clause: Limit 1 of each item
|clearpoke
|poke|p1|Noivern, L50, M|
|poke|p1|Toxtricity, L50, M|
|poke|p1|Zoroark-Hisui, L50, F|
|poke|p1|Malamar, L50, M|
|poke|p1|Incineroar, L50, F|
|poke|p1|Gastrodon, L50, M|
|poke|p2|Indeedee-F, L50, F|
|poke|p2|Hatterene, L50, F|
|poke|p2|Torkoal, L50, F|
|poke|p2|Gallade, L50, M|
|poke|p2|Lilligant-Hisui, L50, F|
|poke|p2|Ursaluna, L50, F|
|teampreview|4
|showteam|p1|Noivern||CovertCloak|Telepathy|Tailwind,SuperFang,DracoMeteor,Taunt|||M|||50|,,,,,Steel]Toxtricity||LifeOrb|PunkRock|Boomburst,Overdrive,SludgeBomb,Protect|||M|||50|,,,,,Normal]Zoroark-Hisui||FocusSash|Illusion|BitterMalice,Protect,FakeTears,TeraBlast|||F|||50|,,,,,Fighting]Malamar||SafetyGoggles|Contrary|KnockOff,Superpower,TopsyTurvy,TrickRoom|||M|||50|,,,,,Fire]Incineroar||SitrusBerry|Intimidate|KnockOff,FlareBlitz,Protect,FakeOut|||F|||50|,,,,,Ghost]Gastrodon||Leftovers|StormDrain|EarthPower,IceBeam,Protect,Yawn|||M|||50|,,,,,Fire
|showteam|p2|Indeedee-F||PsychicSeed|PsychicSurge|FollowMe,HelpingHand,Psychic,TrickRoom|||F|||50|,,,,,Grass]Hatterene||LifeOrb|MagicBounce|ExpandingForce,DazzlingGleam,TrickRoom,MysticalFire|||F|||50|,,,,,Fire]Torkoal||ChoiceSpecs|Drought|Eruption,HeatWave,EarthPower,WeatherBall|||F|||50|,,,,,Fire]Gallade||ClearAmulet|Sharpness|WideGuard,SacredSword,PsychoCut,TrickRoom|||M|||50|,,,,,Grass]Lilligant-Hisui||FocusSash|Chlorophyll|AfterYou,SolarBlade,CloseCombat,SleepPowder|||F|||50|,,,,,Ghost]Ursaluna||FlameOrb|Guts|Facade,HeadlongRush,Earthquake,Protect|||F|||50|,,,,,Ghost
|inactive|Battle timer is ON: inactive players will automatically lose when time's up. (requested by Marcored87)
|inactive|EchoHevy5555 has 60 seconds left.
|
|t:|1757706314
|teamsize|p1|4
|teamsize|p2|4
|start
|switch|p1a: Noivern|Noivern, L50, M|100/100
|switch|p1b: Malamar|Malamar, L50, M|100/100
|switch|p2a: Indeedee|Indeedee-F, L50, F|100/100
|switch|p2b: Hatterene|Hatterene, L50, F|100/100
|-fieldstart|move: Psychic Terrain|[from] ability: Psychic Surge|[of] p2a: Indeedee
|-enditem|p2a: Indeedee|Psychic Seed
|-boost|p2a: Indeedee|spd|1|[from] item: Psychic Seed
|turn|1
|inactive|EchoHevy5555 has 30 seconds left.
|
|t:|1757706341
|move|p2a: Indeedee|Follow Me|p2a: Indeedee
|-singleturn|p2a: Indeedee|move: Follow Me
|move|p1a: Noivern|Taunt|p2a: Indeedee
|-start|p2a: Indeedee|move: Taunt
|move|p1b: Malamar|Trick Room|p1b: Malamar
|-fieldstart|move: Trick Room|[of] p1b: Malamar
|move|p2b: Hatterene|Trick Room|p2b: Hatterene
|-fieldend|move: Trick Room
|
|upkeep
|turn|2
|
|t:|1757706358
|move|p1a: Noivern|Taunt|p2b: Hatterene
|move|p2b: Hatterene|Taunt|p1a: Noivern|[from] ability: Magic Bounce
|-start|p1a: Noivern|move: Taunt
|move|p1b: Malamar|Knock Off|p2b: Hatterene
|-damage|p2b: Hatterene|58/100
|-enditem|p2b: Hatterene|Life Orb|[from] move: Knock Off|[of] p1b: Malamar
|move|p2a: Indeedee|Psychic|p1a: Noivern
|-damage|p1a: Noivern|53/100
|move|p2b: Hatterene|Dazzling Gleam|p1b: Malamar|[spread] p1a,p1b
|-supereffective|p1a: Noivern
|-supereffective|p1b: Malamar
|-damage|p1a: Noivern|0 fnt
|-damage|p1b: Malamar|26/100
|faint|p1a: Noivern
|
|upkeep
|
|t:|1757706371
|switch|p1a: Toxtricity|Toxtricity, L50, M|100/100
|turn|3
|inactive|Marcored87 has 30 seconds left.
|
|t:|1757706398
|-terastallize|p1a: Toxtricity|Normal
|-terastallize|p2b: Hatterene|Fire
|move|p1a: Toxtricity|Sludge Bomb|p2b: Hatterene
|-damage|p2b: Hatterene|0 fnt
|faint|p2b: Hatterene
|-damage|p1a: Toxtricity|91/100|[from] item: Life Orb
|move|p1b: Malamar|Superpower|p2a: Indeedee
|-damage|p2a: Indeedee|74/100
|-boost|p1b: Malamar|atk|1
|-boost|p1b: Malamar|def|1
|move|p2a: Indeedee|Psychic|p1a: Toxtricity
|-damage|p1a: Toxtricity|35/100
|
|upkeep
|
|t:|1757706413
|switch|p2b: Ursaluna|Ursaluna, L50, F|100/100
|turn|4
|inactive|EchoHevy5555 has 30 seconds left.
|inactive|EchoHevy5555 has 20 seconds left.
|
|t:|1757706449
|move|p2b: Ursaluna|Protect|p2b: Ursaluna
|-singleturn|p2b: Ursaluna|Protect
|move|p1a: Toxtricity|Overdrive|p2a: Indeedee|[spread] p2a
|-activate|p2b: Ursaluna|move: Protect
|-damage|p2a: Indeedee|42/100
|-damage|p1a: Toxtricity|25/100|[from] item: Life Orb
|move|p1b: Malamar|Superpower|p2a: Indeedee
|-damage|p2a: Indeedee|0 fnt
|-boost|p1b: Malamar|atk|1
|-boost|p1b: Malamar|def|1
|faint|p2a: Indeedee
|
|-status|p2b: Ursaluna|brn|[from] item: Flame Orb
|upkeep
|
|t:|1757706459
|switch|p2a: Torkoal|Torkoal, L50, F|100/100
|-weather|SunnyDay|[from] ability: Drought|[of] p2a: Torkoal
|turn|5
|
|t:|1757706473
|move|p1a: Toxtricity|Protect|p1a: Toxtricity
|-singleturn|p1a: Toxtricity|Protect
|move|p1b: Malamar|Superpower|p2b: Ursaluna
|-supereffective|p2b: Ursaluna
|-damage|p2b: Ursaluna|17/100 brn
|-boost|p1b: Malamar|atk|1
|-boost|p1b: Malamar|def|1
|move|p2b: Ursaluna|Facade|p1b: Malamar
|-damage|p1b: Malamar|0 fnt
|faint|p1b: Malamar
|move|p2a: Torkoal|Heat Wave|p1a: Toxtricity
|-activate|p1a: Toxtricity|move: Protect
|
|-weather|SunnyDay|[upkeep]
|-damage|p2b: Ursaluna|11/100 brn|[from] brn
|-fieldend|move: Psychic Terrain
|upkeep
|
|t:|1757706478
|switch|p1b: Incineroar|Incineroar, L50, F|100/100
|-ability|p1b: Incineroar|Intimidate|boost
|-unboost|p2a: Torkoal|atk|1
|-unboost|p2b: Ursaluna|atk|1
|turn|6
|
|t:|1757706492
|move|p1b: Incineroar|Protect|p1b: Incineroar
|-singleturn|p1b: Incineroar|Protect
|move|p1a: Toxtricity|Boomburst|p2a: Torkoal|[spread] p2a,p2b
|-activate|p1b: Incineroar|move: Protect
|-damage|p2a: Torkoal|0 fnt
|-damage|p2b: Ursaluna|0 fnt
|faint|p2a: Torkoal
|faint|p2b: Ursaluna
|-damage|p1a: Toxtricity|16/100|[from] item: Life Orb
|
|win|EchoHevy5555
||Marcored87 is ready for game 2.
||EchoHevy5555 is ready for game 2.
|uhtml|next|Next: Game 2 of 3
