|j|☆FlashoGoing
|j|☆ardere potest
|html|FlashoGoingardere potest    
|uhtml|bestof|Game 2 of a best-of-3
|t:|1785963661
|gametype|doubles
|player|p1|FlashoGoing|pokemaniac|1254
|player|p2|ardere potest|102|1314
|gen|9
|tier|[Gen 9 Champions] VGC 2026 Reg M-B (Bo3)
|rated|
|rule|Species Clause: Limit one of each Pokémon
|rule|Item Clause: Limit 1 of each item
|clearpoke
|poke|p1|Whimsicott, L50, F|
|poke|p1|Ninetales-Alola, L50, M|
|poke|p1|Glimmora, L50, F|
|poke|p1|Rotom-Wash, L50|
|poke|p1|Blastoise, L50, F|
|poke|p1|Sylveon, L50, F|
|poke|p2|Blaziken, L50, F|
|poke|p2|Gengar, L50, F, shiny|
|poke|p2|Kingambit, L50, M|
|poke|p2|Basculegion, L50, M|
|poke|p2|Incineroar, L50, F, shiny|
|poke|p2|Ninetales-Alola, L50, M|
|teampreview|4
|showteam|p1|Whimsicott||FocusSash|Prankster|Tailwind,Moonblast,Encore,Protect|Timid||F|||50|]Ninetales-Alola||NeverMeltIce|SnowWarning|Blizzard,FreezeDry,AuroraVeil,Protect|Timid||M|||50|]Glimmora||Glimmoranite|ToxicDebris|PowerGem,SludgeBomb,EarthPower,SpikyShield|Timid||F|||50|]Rotom-Wash||SitrusBerry|Levitate|Thunderbolt,HydroPump,WillOWisp,LightScreen|Modest|||||50|]Blastoise||Blastoisinite|Torrent|WaterSpout,WaterPulse,AuraSphere,Protect|Modest||F|||50|]Sylveon||FairyFeather|Pixilate|HyperVoice,QuickAttack,Yawn,Protect|Modest||F|||50|
|showteam|p2|Blaziken||Blazikenite|SpeedBoost|FlareBlitz,CloseCombat,Protect,RockSlide|Adamant||F|||50|]Gengar||Gengarite|CursedBody|ShadowBall,PerishSong,Disable,Protect|Timid||F|||50|]Kingambit||LifeOrb|Defiant|KowtowCleave,Protect,IronHead,SuckerPunch|Adamant||M|||50|]Basculegion||FocusSash|Adaptability|Liquidation,Protect,LastRespects,AquaJet|Adamant||M|||50|]Incineroar||ChopleBerry|Intimidate|FlareBlitz,DarkestLariat,PartingShot,FakeOut|Adamant||F|||50|]Ninetales-Alola||NeverMeltIce|SnowWarning|Blizzard,AuroraVeil,Encore,Protect|Timid||M|||50|
|inactive|Battle timer is ON: inactive players will automatically lose when time's up. (requested by FlashoGoing)
|
|t:|1785963681
|teamsize|p1|4
|teamsize|p2|4
|start
|switch|p1a: Whimsicott|Whimsicott, L50, F|100/100
|switch|p1b: Rotom|Rotom-Wash, L50|100/100
|switch|p2a: Blockbuster|Gengar, L50, F, shiny|100/100
|switch|p2b: Clavicular|Incineroar, L50, F, shiny|100/100
|-ability|p2b: Clavicular|Intimidate|boost
|-unboost|p1a: Whimsicott|atk|1
|-unboost|p1b: Rotom|atk|1
|turn|1
|inactive|FlashoGoing has 30 seconds left.
|
|t:|1785963713
|switch|p1b: Glimmora|Glimmora, L50, F|100/100
|detailschange|p2a: Blockbuster|Gengar-Mega, L50, F, shiny
|-mega|p2a: Blockbuster|Gengar|Gengarite
|move|p1a: Whimsicott|Protect|p1a: Whimsicott
|-singleturn|p1a: Whimsicott|Protect
|move|p2a: Blockbuster|Perish Song|p2a: Blockbuster
|-start|p1a: Whimsicott|perish3|[silent]
|-start|p1b: Glimmora|perish3|[silent]
|-start|p2a: Blockbuster|perish3|[silent]
|-start|p2b: Clavicular|perish3|[silent]
|-fieldactivate|move: Perish Song
|move|p2b: Clavicular|Parting Shot|p1a: Whimsicott
|-activate|p1a: Whimsicott|move: Protect
|
|-start|p1a: Whimsicott|perish3
|-start|p2a: Blockbuster|perish3
|-start|p1b: Glimmora|perish3
|-start|p2b: Clavicular|perish3
|upkeep
|turn|2
|inactive|FlashoGoing has 30 seconds left.
|
|t:|1785963739
|switch|p2b: T1 Fakr|Kingambit, L50, M|100/100
|move|p2a: Blockbuster|Protect|p2a: Blockbuster
|-singleturn|p2a: Blockbuster|Protect
|move|p1a: Whimsicott|Encore|p2a: Blockbuster
|-activate|p2a: Blockbuster|move: Protect
|move|p1b: Glimmora|Earth Power|p2a: Blockbuster
|-activate|p2a: Blockbuster|move: Protect
|
|-start|p1a: Whimsicott|perish2
|-start|p2a: Blockbuster|perish2
|-start|p1b: Glimmora|perish2
|upkeep
|turn|3
|
|t:|1785963758
|switch|p2a: Clavicular|Incineroar, L50, F, shiny|100/100
|-ability|p2a: Clavicular|Intimidate|boost
|-unboost|p1a: Whimsicott|atk|1
|-unboost|p1b: Glimmora|atk|1
|move|p1a: Whimsicott|Moonblast|p2a: Clavicular
|-damage|p2a: Clavicular|66/100
|move|p1b: Glimmora|Earth Power|p2a: Clavicular
|-supereffective|p2a: Clavicular|1
|-damage|p2a: Clavicular|11/100
|move|p2b: T1 Fakr|Iron Head|p1b: Glimmora
|-supereffective|p1b: Glimmora|1
|-damage|p1b: Glimmora|0 fnt
|-activate|p1b: Glimmora|ability: Toxic Debris
|-sidestart|p2: ardere potest|move: Toxic Spikes
|faint|p1b: Glimmora
|-damage|p2b: T1 Fakr|90/100|[from] item: Life Orb
|
|-start|p1a: Whimsicott|perish1
|upkeep
|
|t:|1785963778
|switch|p1b: Blastoise|Blastoise, L50, F|100/100
|turn|4
|
|t:|1785963786
|switch|p1a: Rotom|Rotom-Wash, L50|100/100
|move|p1b: Blastoise|Protect|p1b: Blastoise
|-singleturn|p1b: Blastoise|Protect
|move|p2a: Clavicular|Fake Out|p1a: Rotom
|-damage|p1a: Rotom|84/100
|move|p2b: T1 Fakr|Sucker Punch||[still]
|-fail|p2b: T1 Fakr
|
|upkeep
|turn|5
|
|t:|1785963804
|detailschange|p1b: Blastoise|Blastoise-Mega, L50, F
|-mega|p1b: Blastoise|Blastoise|Blastoisinite
|move|p2b: T1 Fakr|Sucker Punch|p1b: Blastoise
|-crit|p1b: Blastoise
|-damage|p1b: Blastoise|19/100
|-damage|p2b: T1 Fakr|80/100|[from] item: Life Orb
|move|p1b: Blastoise|Water Spout|p2a: Clavicular|[spread] p2a,p2b
|-supereffective|p2a: Clavicular|1
|-damage|p2a: Clavicular|0 fnt
|-damage|p2b: T1 Fakr|67/100
|faint|p2a: Clavicular
|move|p1a: Rotom|Thunderbolt|p2b: T1 Fakr
|-damage|p2b: T1 Fakr|19/100
|
|upkeep
|
|t:|1785963814
|switch|p2a: Blockbuster|Gengar-Mega, L50, F, shiny|100/100
|-sideend|p2: ardere potest|move: Toxic Spikes|[of] p2a: Blockbuster
|turn|6
|
|t:|1785963826
|move|p2b: T1 Fakr|Sucker Punch|p1b: Blastoise
|-damage|p1b: Blastoise|0 fnt
|faint|p1b: Blastoise
|-damage|p2b: T1 Fakr|9/100|[from] item: Life Orb
|move|p2a: Blockbuster|Shadow Ball|p1a: Rotom
|-damage|p1a: Rotom|16/100
|-enditem|p1a: Rotom|Sitrus Berry|[eat]
|-heal|p1a: Rotom|41/100|[from] item: Sitrus Berry
|move|p1a: Rotom|Thunderbolt|p2a: Blockbuster
|-damage|p2a: Blockbuster|50/100g
|
|upkeep
|
|t:|1785963839
|switch|p1b: Whimsicott|Whimsicott, L50, F|100/100
|turn|7
|
|t:|1785963850
|move|p1b: Whimsicott|Tailwind|p1b: Whimsicott
|-sidestart|p1: FlashoGoing|move: Tailwind
|move|p2b: T1 Fakr|Sucker Punch|p1a: Rotom
|-damage|p1a: Rotom|0 fnt
|faint|p1a: Rotom
|-damage|p2b: T1 Fakr|0 fnt|[from] item: Life Orb
|faint|p2b: T1 Fakr
|move|p2a: Blockbuster|Shadow Ball|p1b: Whimsicott
|-damage|p1b: Whimsicott|29/100
|
|upkeep
|
|t:|1785963853
|switch|p2b: Tislash|Basculegion, L50, M|100/100
|turn|8
|-message|FlashoGoing forfeited.
|
|win|ardere potest
|raw|FlashoGoing's rating: 1254 → 1233(-21 for losing)
|raw|ardere potest's rating: 1314 → 1331(+17 for winning)
