|j|☆The doctor wins
|j|☆Oreo97531
|html|The doctor winsOreo97531    
|uhtml|bestof|Game 1 of a best-of-3
|t:|1757781090
|gametype|doubles
|player|p1|The doctor wins|101|1040
|player|p2|Oreo97531|policeman-gen4|1052
|gen|9
|tier|[Gen 9] VGC 2025 Reg H (Bo3)
|rated|
|rule|Species Clause: Limit one of each Pokémon
|rule|Item Clause: Limit 1 of each item
|clearpoke
|poke|p1|Raichu, L50, M|
|poke|p1|Volcarona, L50, M|
|poke|p1|Milotic, L50, F|
|poke|p1|Baxcalibur, L50, M|
|poke|p1|Rillaboom, L50, F|
|poke|p1|Ursaluna-Bloodmoon, L50, M|
|poke|p2|Palafin, L50, F|
|poke|p2|Skeledirge, L50, F|
|poke|p2|Amoonguss, L50, F|
|poke|p2|Baxcalibur, L50, F|
|poke|p2|Hatterene, L50, F|
|poke|p2|Indeedee-F, L50, F|
|teampreview|4
|showteam|p1|Raichu||FocusSash|LightningRod|FakeOut,Nuzzle,VoltSwitch,EerieImpulse|||M|||50|,,,,,Ghost]Volcarona||Leftovers|FlameBody|QuiverDance,GigaDrain,FieryDance,Protect|||M|||50|,,,,,Grass]Milotic||RockyHelmet|Competitive|Scald,IceBeam,LifeDew,Protect|||F|||50|,,,,,Grass]Baxcalibur||LoadedDice|ThermalExchange|IcicleSpear,GlaiveRush,DragonDance,Protect|||M|||50|,,,,,Fairy]Rillaboom||AssaultVest|GrassySurge|FakeOut,WoodHammer,GrassyGlide,Uturn|||F|||50|,,,,,Grass]Ursaluna-Bloodmoon||LifeOrb|MindsEye|BloodMoon,HyperVoice,EarthPower,Protect|||M|||50|,,,,,Normal
|showteam|p2|Palafin||CovertCloak|ZerotoHero|JetPunch,CloseCombat,Protect,WaveCrash|||F|||50|,,,,,Water]Skeledirge||Leftovers|Unaware|TorchSong,ShadowBall,Rest,TeraBlast|||F|||50|,,,,,Fairy]Amoonguss||SitrusBerry|Regenerator|PollenPuff,RagePowder,Spore,SeedBomb|||F|||50|,,,,,Water]Baxcalibur||LoadedDice|ThermalExchange|SwordsDance,ScaleShot,IcicleSpear,Earthquake|||F|||50|,,,,,Poison]Hatterene||LifeOrb|Healer|ExpandingForce,DazzlingGleam,TrickRoom,CalmMind|||F|||50|,,,,,Psychic]Indeedee-F||RockyHelmet|PsychicSurge|TrickRoom,FollowMe,HealPulse,Protect|||F|||50|,,,,,Psychic
|
|t:|1757781128
|teamsize|p1|4
|teamsize|p2|4
|start
|switch|p1a: Ursaluna|Ursaluna-Bloodmoon, L50, M|100/100
|switch|p1b: Raichu|Raichu, L50, M|100/100
|switch|p2a: Palafin|Palafin, L50, F, shiny|100/100
|switch|p2b: Indeedee|Indeedee-F, L50, F, shiny|100/100
|-fieldstart|move: Psychic Terrain|[from] ability: Psychic Surge|[of] p2b: Indeedee
|turn|1
|
|t:|1757781150
|detailschange|p2a: Palafin|Palafin-Hero, L50, F, shiny
|switch|p2a: Amoonguss|Amoonguss, L50, F, shiny|100/100
|move|p2b: Indeedee|Protect|p2b: Indeedee
|-singleturn|p2b: Indeedee|Protect
|move|p1b: Raichu|Nuzzle|p2a: Amoonguss
|-resisted|p2a: Amoonguss
|-damage|p2a: Amoonguss|98/100
|-status|p2a: Amoonguss|par
|move|p1a: Ursaluna|Hyper Voice|p2a: Amoonguss|[spread] p2a
|-activate|p2b: Indeedee|move: Protect
|-damage|p2a: Amoonguss|56/100 par
|-damage|p1a: Ursaluna|90/100|[from] item: Life Orb
|
|upkeep
|turn|2
|
|t:|1757781172
|move|p1b: Raichu|Volt Switch|p2b: Indeedee
|-damage|p2b: Indeedee|70/100
|
|t:|1757781175
|switch|p1b: Rillaboom|Rillaboom, L50, F|100/100|[from] Volt Switch
|-fieldstart|move: Grassy Terrain|[from] ability: Grassy Surge|[of] p1b: Rillaboom
|move|p1a: Ursaluna|Blood Moon|p2a: Amoonguss
|-damage|p2a: Amoonguss|0 fnt
|faint|p2a: Amoonguss
|-damage|p1a: Ursaluna|80/100|[from] item: Life Orb
|move|p2b: Indeedee|Trick Room|p2b: Indeedee
|-fieldstart|move: Trick Room|[of] p2b: Indeedee
|
|-heal|p1a: Ursaluna|86/100|[from] Grassy Terrain
|-heal|p2b: Indeedee|77/100|[from] Grassy Terrain
|upkeep
|
|t:|1757781192
|switch|p2a: Hatterene|Hatterene, L50, F, shiny|100/100
|turn|3
|
|t:|1757781202
|switch|p2b: Palafin|Palafin-Hero, L50, F, shiny|100/100
|-activate|p2b: Palafin|ability: Zero to Hero
|move|p1b: Rillaboom|Fake Out|p2a: Hatterene
|-damage|p2a: Hatterene|84/100
|cant|p2a: Hatterene|flinch
|move|p1a: Ursaluna|Hyper Voice|p2b: Palafin|[spread] p2a,p2b
|-damage|p2a: Hatterene|24/100
|-damage|p2b: Palafin|42/100
|-damage|p1a: Ursaluna|76/100|[from] item: Life Orb
|
|-heal|p2a: Hatterene|30/100|[from] Grassy Terrain
|-heal|p1a: Ursaluna|82/100|[from] Grassy Terrain
|-heal|p2b: Palafin|48/100|[from] Grassy Terrain
|upkeep
|turn|4
|
|t:|1757781222
|switch|p2a: Indeedee|Indeedee-F, L50, F, shiny|77/100
|-fieldstart|move: Psychic Terrain|[from] ability: Psychic Surge|[of] p2a: Indeedee
|-terastallize|p2b: Palafin|Water
|move|p1a: Ursaluna|Protect|p1a: Ursaluna
|-singleturn|p1a: Ursaluna|Protect
|move|p2b: Palafin|Jet Punch|p1a: Ursaluna
|-activate|p1a: Ursaluna|move: Psychic Terrain
|move|p1b: Rillaboom|U-turn|p2a: Indeedee
|-supereffective|p2a: Indeedee
|-damage|p2a: Indeedee|10/100
|-damage|p1b: Rillaboom|84/100|[from] item: Rocky Helmet|[of] p2a: Indeedee
|
|t:|1757781237
|switch|p1b: Raichu|Raichu, L50, M|100/100|[from] U-turn
|
|upkeep
|turn|5
|
|t:|1757781251
|move|p1a: Ursaluna|Hyper Voice|p2a: Indeedee|[spread] p2a,p2b
|-damage|p2a: Indeedee|0 fnt
|-damage|p2b: Palafin|0 fnt
|faint|p2a: Indeedee
|faint|p2b: Palafin
|-damage|p1a: Ursaluna|72/100|[from] item: Life Orb
|move|p1b: Raichu|Volt Switch|p2: Indeedee|[notarget]
|-fail|p1b: Raichu
|
|upkeep
|-message|Oreo97531 forfeited.
|raw|The doctor wins's rating: 1040 → 1075(+35 for winning)
|raw|Oreo97531's rating: 1052 → 1034(-18 for losing)
|
|win|The doctor wins
|l|☆Oreo97531
|player|p2|
