|j|☆PaquitoelBollito
|j|☆von_raven
|html|PaquitoelBollitovon_raven    
|uhtml|bestof|Game 1 of a best-of-3
|t:|1786126085
|gametype|doubles
|player|p1|PaquitoelBollito|102|1123
|player|p2|von_raven|1|1000
|gen|9
|tier|[Gen 9 Champions] VGC 2026 Reg M-B (Bo3)
|rated|
|rule|Species Clause: Limit one of each Pokémon
|rule|Item Clause: Limit 1 of each item
|clearpoke
|poke|p1|Froslass, L50, F|
|poke|p1|Scovillain, L50, M|
|poke|p1|Kingambit, L50, F|
|poke|p1|Sneasler, L50, M|
|poke|p1|Basculegion, L50, M|
|poke|p1|Lycanroc-Dusk, L50, F|
|poke|p2|Farigiraf, L50, F|
|poke|p2|Greninja, L50, M|
|poke|p2|Staraptor, L50, M|
|poke|p2|Gholdengo, L50|
|poke|p2|Incineroar, L50, F|
|poke|p2|Maushold-Four, L50|
|teampreview|4
|showteam|p1|Froslass||Froslassite|CursedBody|Protect,Blizzard,AuroraVeil,ShadowBall|Modest||F|||50|]Scovillain||Scovillainite|Moody|Protect,Overheat,GigaDrain,RagePowder|Modest||M|||50|]Kingambit||BlackGlasses|Defiant|Protect,KowtowCleave,SwordsDance,SuckerPunch|Adamant||F|||50|]Sneasler||WhiteHerb|Unburden|FakeOut,GunkShot,CloseCombat,Protect|Adamant||M|||50|]Basculegion||SitrusBerry|Adaptability|Protect,LastRespects,WaveCrash,AquaJet|Adamant||M|||50|]Lycanroc-Dusk||FocusSash|ToughClaws|Protect,Accelerock,RockSlide,CloseCombat|Adamant||F|||50|
|showteam|p2|Farigiraf||ColburBerry|ArmorTail|TrickRoom,Psychic,Protect,HelpingHand|Bold||F|||50|]Greninja||Greninjite|Protean|Protect,IceBeam,DarkPulse,HydroPump|Timid||M|||50|]Staraptor||Staraptite|Intimidate|Protect,CloseCombat,BraveBird,Tailwind|Jolly||M|||50|]Gholdengo||ChoiceScarf|GoodasGold|MakeItRain,Protect,PowerGem,ShadowBall|Modest|||||50|]Incineroar||SitrusBerry|Intimidate|FakeOut,FlareBlitz,DarkestLariat,Taunt|Careful||F|||50|]Maushold-Four||WideLens|FriendGuard|PopulationBomb,FollowMe,Taunt,Encore|Impish|||||50|
|inactive|Battle timer is ON: inactive players will automatically lose when time's up. (requested by PaquitoelBollito)
|inactive|von_raven has 60 seconds left.
|
|t:|1786126145
|teamsize|p1|4
|teamsize|p2|4
|start
|switch|p1a: Scovillain|Scovillain, L50, M|100/100
|switch|p1b: Kingambit|Kingambit, L50, F|100/100
|switch|p2a: Farigiraf|Farigiraf, L50, F|100/100
|switch|p2b: Staraptor|Staraptor, L50, M|100/100
|-ability|p2b: Staraptor|Intimidate|boost
|-unboost|p1a: Scovillain|atk|1
|-unboost|p1b: Kingambit|atk|1
|-ability|p1b: Kingambit|Defiant|boost
|-boost|p1b: Kingambit|atk|2
|turn|1
|inactive|von_raven has 30 seconds left.
|inactive|PaquitoelBollito has 30 seconds left.
|inactive|von_raven has 20 seconds left.
|inactive|von_raven has 15 seconds left.
|
|t:|1786126189
|detailschange|p1a: Scovillain|Scovillain-Mega, L50, M
|-mega|p1a: Scovillain|Scovillain|Scovillainite
|move|p2a: Farigiraf|Helping Hand|p2b: Staraptor
|-singleturn|p2b: Staraptor|Helping Hand|[of] p2a: Farigiraf
|move|p1a: Scovillain|Rage Powder|p1a: Scovillain
|-singleturn|p1a: Scovillain|move: Rage Powder
|move|p2b: Staraptor|Brave Bird|p1a: Scovillain
|-supereffective|p1a: Scovillain|1
|-crit|p1a: Scovillain
|-damage|p1a: Scovillain|0 fnt
|-status|p2b: Staraptor|brn|[from] ability: Spicy Spray|[of] p1a: Scovillain
|faint|p1a: Scovillain
|-damage|p2b: Staraptor|70/100 brn|[from] Recoil
|move|p1b: Kingambit|Swords Dance|p1b: Kingambit
|-boost|p1b: Kingambit|atk|2
|
|-damage|p2b: Staraptor|64/100 brn|[from] brn
|upkeep
|
|t:|1786126208
|switch|p1a: Basculegion|Basculegion, L50, M|100/100
|turn|2
|inactive|von_raven has 30 seconds left.
|inactive|von_raven has 20 seconds left.
|inactive|von_raven has 15 seconds left.
|
|t:|1786126249
|move|p1b: Kingambit|Protect|p1b: Kingambit
|-singleturn|p1b: Kingambit|Protect
|move|p2a: Farigiraf|Protect|p2a: Farigiraf
|-singleturn|p2a: Farigiraf|Protect
|move|p2b: Staraptor|Tailwind|p2b: Staraptor
|-sidestart|p2: von_raven|move: Tailwind
|move|p1a: Basculegion|Wave Crash|p2a: Farigiraf
|-activate|p2a: Farigiraf|move: Protect
|
|-damage|p2b: Staraptor|58/100 brn|[from] brn
|upkeep
|turn|3
|
|t:|1786126270
|switch|p2a: Gholdengo|Gholdengo, L50|100/100
|move|p2b: Staraptor|Protect|p2b: Staraptor
|-singleturn|p2b: Staraptor|Protect
|move|p1a: Basculegion|Wave Crash|p2b: Staraptor
|-activate|p2b: Staraptor|move: Protect
|move|p1b: Kingambit|Kowtow Cleave|p2a: Gholdengo
|-supereffective|p2a: Gholdengo|1
|-damage|p2a: Gholdengo|0 fnt
|faint|p2a: Gholdengo
|
|-damage|p2b: Staraptor|52/100 brn|[from] brn
|upkeep
|
|t:|1786126284
|switch|p2a: Greninja|Greninja, L50, M|100/100
|turn|4
|
|t:|1786126307
|switch|p1a: Sneasler|Sneasler, L50, M|100/100
|detailschange|p2a: Greninja|Greninja-Mega, L50, M
|-mega|p2a: Greninja|Greninja|Greninjite
|move|p1b: Kingambit|Sucker Punch|p2b: Staraptor
|-damage|p2b: Staraptor|0 fnt
|faint|p2b: Staraptor
|move|p2a: Greninja|Dark Pulse|p1a: Sneasler
|-start|p2a: Greninja|typechange|Dark|[from] ability: Protean
|-resisted|p1a: Sneasler|1
|-damage|p1a: Sneasler|72/100
|
|upkeep
|
|t:|1786126320
|switch|p2b: Farigiraf|Farigiraf, L50, F|100/100
|turn|5
|
|t:|1786126333
|move|p2b: Farigiraf|Helping Hand|p2a: Greninja
|-singleturn|p2a: Greninja|Helping Hand|[of] p2b: Farigiraf
|move|p2a: Greninja|Hydro Pump|p1b: Kingambit
|-damage|p1b: Kingambit|37/100
|move|p1a: Sneasler|Close Combat|p2a: Greninja
|-supereffective|p2a: Greninja|1
|-damage|p2a: Greninja|0 fnt
|-unboost|p1a: Sneasler|def|1
|-unboost|p1a: Sneasler|spd|1
|faint|p2a: Greninja
|-enditem|p1a: Sneasler|White Herb
|-clearnegativeboost|p1a: Sneasler|[silent]
|move|p1b: Kingambit|Kowtow Cleave|p2b: Farigiraf
|-supereffective|p2b: Farigiraf|1
|-enditem|p2b: Farigiraf|Colbur Berry|[eat]
|-enditem|p2b: Farigiraf|Colbur Berry|[weaken]
|-damage|p2b: Farigiraf|3/100
|
|-sideend|p2: von_raven|move: Tailwind
|upkeep
|turn|6
|inactive|von_raven has 30 seconds left.
|-message|von_raven forfeited.
|
|win|PaquitoelBollito
