|j|☆IronStandsEternal
|j|☆danicruz.music
|html|IronStandsEternaldanicruz.music    
|uhtml|bestof|Game 3 of a best-of-3
|t:|1757082131
|gametype|doubles
|player|p1|IronStandsEternal|flint|1131
|player|p2|danicruz.music|whitney|1197
|gen|9
|tier|[Gen 9] VGC 2025 Reg H (Bo3)
|rated|
|rule|Species Clause: Limit one of each Pokémon
|rule|Item Clause: Limit 1 of each item
|clearpoke
|poke|p1|Rillaboom, L50, M|
|poke|p1|Dragonite, L50, M|
|poke|p1|Sneasler, L50, M|
|poke|p1|Ninetales-Alola, L50, F|
|poke|p1|Kingambit, L50, M|
|poke|p1|Volcarona, L50, M|
|poke|p2|Dondozo, L50, M|
|poke|p2|Tatsugiri-Stretchy, L50, F|
|poke|p2|Pelipper, L50, F|
|poke|p2|Archaludon, L50, F|
|poke|p2|Weezing-Galar, L50, M|
|poke|p2|Dragapult, L50, F|
|teampreview|4
|showteam|p1|Rillaboom||AssaultVest|GrassySurge|WoodHammer,GrassyGlide,HighHorsepower,FakeOut|||M|||50|,,,,,Fire]Dragonite||LoadedDice|Multiscale|Protect,ScaleShot,LowKick,Haze|||M|||50|,,,,,Fairy]Sneasler||WhiteHerb|Unburden|Protect,DireClaw,CloseCombat,Coaching|||M|||50|,,,,,Ghost]Ninetales-Alola||ChoiceSpecs|SnowWarning|Blizzard,IcyWind,Moonblast,FreezeDry|||F|||50|,,,,,Ghost]Kingambit||SafetyGoggles|Defiant|Protect,KowtowCleave,SuckerPunch,SwordsDance|||M|||50|,,,,,Dark]Volcarona||CovertCloak|FlameBody|StruggleBug,RagePowder,Overheat,WillOWisp|||M|||50|,,,,,Fairy
|showteam|p2|Dondozo||Leftovers|Unaware|WaveCrash,Earthquake,OrderUp,Protect|||M|||50|,,,,,Ground]Tatsugiri-Stretchy||FocusSash|Commander|DragonPulse,DracoMeteor,MuddyWater,IcyWind|||F|||50|,,,,,Fairy]Pelipper||CovertCloak|Drizzle|Hurricane,WeatherBall,WideGuard,Tailwind|||F|||50|,,,,,Fire]Archaludon||PowerHerb|Stalwart|ElectroShot,FlashCannon,DracoMeteor,Protect|||F|||50|,,,,,Electric]Weezing-Galar||RockyHelmet|NeutralizingGas|DazzlingGleam,StrangeSteam,SludgeBomb,Protect|||M|||50|,,,,,Poison]Dragapult||ChoiceBand|ClearBody|DragonDarts,Uturn,PhantomForce,DoubleEdge|||F|||50|,,,,,Normal
|inactive|Battle timer is ON: inactive players will automatically lose when time's up. (requested by danicruz.music)
|
|t:|1757082157
|teamsize|p1|4
|teamsize|p2|4
|start
|switch|p1a: Volcarona|Volcarona, L50, M|100/100
|switch|p1b: Dragonite|Dragonite, L50, M|100/100
|switch|p2a: Weezing|Weezing-Galar, L50, M|100/100
|switch|p2b: Dragapult|Dragapult, L50, F|100/100
|-ability|p2a: Weezing|Neutralizing Gas
|turn|1
|inactive|IronStandsEternal has 30 seconds left.
|inactive|danicruz.music has 30 seconds left.
|inactive|IronStandsEternal has 20 seconds left.
|inactive|danicruz.music has 20 seconds left.
|inactive|danicruz.music has 15 seconds left.
|
|t:|1757082199
|-terastallize|p1b: Dragonite|Fairy
|move|p2b: Dragapult|Phantom Force||[still]
|-prepare|p2b: Dragapult|Phantom Force
|move|p1a: Volcarona|Struggle Bug|p2b: Dragapult|[spread] p2a
|-miss|p1a: Volcarona|p2b: Dragapult
|-resisted|p2a: Weezing
|-damage|p2a: Weezing|95/100
|-unboost|p2a: Weezing|spa|1
|move|p1b: Dragonite|Scale Shot|p2b: Dragapult|[miss]
|-miss|p1b: Dragonite|p2b: Dragapult
|move|p2a: Weezing|Dazzling Gleam|p1a: Volcarona|[spread] p1a,p1b
|-resisted|p1a: Volcarona
|-damage|p1a: Volcarona|93/100
|-damage|p1b: Dragonite|81/100
|
|upkeep
|turn|2
|
|t:|1757082215
|move|p1a: Volcarona|Rage Powder|p1a: Volcarona
|-singleturn|p1a: Volcarona|move: Rage Powder
|move|p2b: Dragapult|Phantom Force|p1a: Volcarona|[from] lockedmove
|-damage|p1a: Volcarona|23/100
|move|p1b: Dragonite|Scale Shot|p2b: Dragapult
|-supereffective|p2b: Dragapult
|-damage|p2b: Dragapult|56/100
|-supereffective|p2b: Dragapult
|-damage|p2b: Dragapult|18/100
|-supereffective|p2b: Dragapult
|-damage|p2b: Dragapult|0 fnt
|faint|p2b: Dragapult
|-hitcount|p2: Dragapult|3
|-unboost|p1b: Dragonite|def|1
|-boost|p1b: Dragonite|spe|1
|move|p2a: Weezing|Sludge Bomb|p1a: Volcarona
|-damage|p1a: Volcarona|0 fnt
|faint|p1a: Volcarona
|
|upkeep
|inactive|IronStandsEternal has 30 seconds left.
|inactive|IronStandsEternal has 20 seconds left.
|inactive|IronStandsEternal has 15 seconds left.
|
|t:|1757082258
|switch|p2b: Dondozo|Dondozo, L50, M|100/100
|switch|p1a: Ninetales|Ninetales-Alola, L50, F|100/100
|turn|3
|inactive|IronStandsEternal has 30 seconds left.
|
|t:|1757082292
|move|p2b: Dondozo|Protect|p2b: Dondozo
|-singleturn|p2b: Dondozo|Protect
|move|p1b: Dragonite|Scale Shot|p2b: Dondozo
|-activate|p2b: Dondozo|move: Protect
|move|p1a: Ninetales|Freeze-Dry|p2b: Dondozo
|-activate|p2b: Dondozo|move: Protect
|move|p2a: Weezing|Sludge Bomb|p1b: Dragonite
|-supereffective|p1b: Dragonite
|-damage|p1b: Dragonite|22/100
|
|upkeep
|turn|4
|
|t:|1757082312
|-end|p2a: Weezing|ability: Neutralizing Gas
|-weather|Snowscape|[from] ability: Snow Warning|[of] p1a: Ninetales
|switch|p2a: Tatsugiri|Tatsugiri-Stretchy, L50, F|100/100
|-activate|p2a: Tatsugiri|ability: Commander|[of] p2b: Dondozo
|-boost|p2b: Dondozo|atk|2
|-boost|p2b: Dondozo|spa|2
|-boost|p2b: Dondozo|spe|2
|-boost|p2b: Dondozo|def|2
|-boost|p2b: Dondozo|spd|2
|-terastallize|p2b: Dondozo|Ground
|move|p1b: Dragonite|Protect|p1b: Dragonite
|-singleturn|p1b: Dragonite|Protect
|move|p1a: Ninetales|Freeze-Dry|p2b: Dondozo
|-supereffective|p2b: Dondozo
|-damage|p2b: Dondozo|60/100
|move|p2b: Dondozo|Earthquake|p1b: Dragonite|[spread] p1a
|-miss|p2b: Dondozo|p2a: Tatsugiri
|-activate|p1b: Dragonite|move: Protect
|-damage|p1a: Ninetales|36/100
|
|-weather|Snowscape|[upkeep]
|-heal|p2b: Dondozo|66/100|[from] item: Leftovers
|upkeep
|turn|5
|
|t:|1757082334
|move|p1b: Dragonite|Haze|p1b: Dragonite
|-clearallboost
|move|p1a: Ninetales|Freeze-Dry|p2b: Dondozo
|-supereffective|p2b: Dondozo
|-damage|p2b: Dondozo|0 fnt
|faint|p2b: Dondozo
|
|-weather|Snowscape|[upkeep]
|upkeep
|
|t:|1757082340
|switch|p2b: Weezing|Weezing-Galar, L50, M|95/100
|-ability|p2b: Weezing|Neutralizing Gas
|turn|6
|inactive|IronStandsEternal has 30 seconds left.
|inactive|IronStandsEternal has 20 seconds left.
|
|t:|1757082376
|move|p1a: Ninetales|Freeze-Dry|p2a: Tatsugiri
|-supereffective|p2a: Tatsugiri
|-enditem|p2a: Tatsugiri|Focus Sash
|-damage|p2a: Tatsugiri|1/100
|move|p2a: Tatsugiri|Muddy Water|p1b: Dragonite|[spread] p1a,p1b
|-damage|p1a: Ninetales|0 fnt
|-damage|p1b: Dragonite|0 fnt
|faint|p1a: Ninetales
|faint|p1b: Dragonite
|move|p2b: Weezing|Dazzling Gleam|p1: Ninetales|[notarget]
|-fail|p2b: Weezing
|
|-weather|Snowscape|[upkeep]
|upkeep
|
|t:|1757082383
|switch|p1b: Sneasler|Sneasler, L50, M|100/100
|turn|7
|
|t:|1757082401
|move|p1b: Sneasler|Dire Claw|p2a: Tatsugiri
|-damage|p2a: Tatsugiri|0 fnt
|faint|p2a: Tatsugiri
|move|p2b: Weezing|Dazzling Gleam|p1b: Sneasler
|-damage|p1b: Sneasler|57/100
|
|-weather|Snowscape|[upkeep]
|upkeep
|turn|8
|
|t:|1757082419
|move|p1b: Sneasler|Dire Claw|p2b: Weezing
|-damage|p2b: Weezing|63/100
|-status|p2b: Weezing|slp
|-damage|p1b: Sneasler|41/100|[from] item: Rocky Helmet|[of] p2b: Weezing
|cant|p2b: Weezing|slp
|
|-weather|none
|upkeep
|turn|9
|
|t:|1757082424
|cant|p2b: Weezing|slp
|move|p1b: Sneasler|Dire Claw|p2b: Weezing
|-damage|p2b: Weezing|26/100 slp
|-damage|p1b: Sneasler|24/100|[from] item: Rocky Helmet|[of] p2b: Weezing
|
|upkeep
|turn|10
|
|t:|1757082430
|move|p1b: Sneasler|Dire Claw|p2b: Weezing
|-damage|p2b: Weezing|0 fnt
|-damage|p1b: Sneasler|8/100|[from] item: Rocky Helmet|[of] p2b: Weezing
|faint|p2b: Weezing
|-end|p2b: Weezing|ability: Neutralizing Gas
|
|win|IronStandsEternal
|raw|IronStandsEternal's rating: 1131 → 1161(+30 for winning)
|raw|danicruz.music's rating: 1197 → 1167(-30 for losing)
|l|☆danicruz.music
|player|p2|
