|j|☆beanybag
|j|☆NightshadeAI
|html|beanybagNightshadeAI    
|uhtml|bestof|Game 2 of a best-of-3
|t:|1783514566
|gametype|doubles
|player|p1|beanybag|169|1148
|player|p2|NightshadeAI|265|1173
|gen|9
|tier|[Gen 9 Champions] VGC 2026 Reg M-B (Bo3)
|rated|
|rule|Species Clause: Limit one of each Pokémon
|rule|Item Clause: Limit 1 of each item
|clearpoke
|poke|p1|Bellibolt, L50, M|
|poke|p1|Ampharos, L50, F, shiny|
|poke|p1|Araquanid, L50, F, shiny|
|poke|p1|Sinistcha, L50|
|poke|p1|Scovillain, L50, M|
|poke|p1|Grimmsnarl, L50, M, shiny|
|poke|p2|Whimsicott, L50, M|
|poke|p2|Charizard, L50, F|
|poke|p2|Basculegion, L50, M|
|poke|p2|Garchomp, L50, M|
|poke|p2|Floette-Eternal, L50, F|
|poke|p2|Kingambit, L50, F|
|teampreview|4
|showteam|p1|Bellibolt||SitrusBerry|Electromorphosis|Soak,VoltSwitch,ParabolicCharge,Protect|Calm||M|||50|]Ampharos||Ampharosite|Static|ParabolicCharge,Charge,CottonGuard,Protect|Calm||F|||50|]Araquanid||Leftovers|WaterBubble|Soak,Stockpile,Infestation,Protect|Relaxed||F|||50|]Sinistcha||WideLens|Hospitality|MatchaGotcha,LifeDew,TrickRoom,Protect|Sassy|||||50|]Scovillain||Scovillainite|Moody|GigaDrain,LeechSeed,RagePowder,Protect|Sassy||M|||50|]Grimmsnarl||RoseliBerry|Prankster|FakeOut,SpiritBreak,PartingShot,Taunt|Adamant||M|||50|
|showteam|p2|Whimsicott||FocusSash|Prankster|Moonblast,Tailwind,Encore,Protect|Timid||M|||50|]Charizard||CharizarditeY|Blaze|WeatherBall,SolarBeam,HeatWave,Protect|Modest||F|||50|]Basculegion||MysticWater|Adaptability|LastRespects,WaveCrash,AquaJet,Protect|Adamant||M|||50|]Garchomp||LifeOrb|RoughSkin|DragonClaw,Earthquake,RockSlide,Protect|Adamant||M|||50|]Floette-Eternal||Floettite|FlowerVeil|DazzlingGleam,LightofRuin,Moonblast,Protect|Modest||F|||50|]Kingambit||ChopleBerry|Defiant|KowtowCleave,SuckerPunch,IronHead,LowKick|Adamant||F|||50|
|inactive|Battle timer is ON: inactive players will automatically lose when time's up. (requested by NightshadeAI)
|
|t:|1783514582
|teamsize|p1|4
|teamsize|p2|4
|start
|switch|p1a: SUPA SOOKA|Araquanid, L50, F, shiny|100/100
|switch|p1b: SQRTTTT|Bellibolt, L50, M|100/100
|switch|p2a: Whimsicott|Whimsicott, L50, M|100/100
|switch|p2b: Charizard|Charizard, L50, F|100/100
|turn|1
|
|t:|1783514601
|detailschange|p2b: Charizard|Charizard-Mega-Y, L50, F
|-mega|p2b: Charizard|Charizard|Charizardite Y
|-weather|SunnyDay|[from] ability: Drought|[of] p2b: Charizard
|move|p2a: Whimsicott|Tailwind|p2a: Whimsicott
|-sidestart|p2: NightshadeAI|move: Tailwind
|move|p2b: Charizard|Heat Wave|p1b: SQRTTTT|[spread] p1a,p1b
|-damage|p1a: SUPA SOOKA|70/100
|-damage|p1b: SQRTTTT|50/100g
|-start|p1b: SQRTTTT|Charge|Heat Wave|[from] ability: Electromorphosis
|move|p1b: SQRTTTT|Volt Switch|p2b: Charizard
|-supereffective|p2b: Charizard|1
|-damage|p2b: Charizard|0 fnt
|faint|p2b: Charizard
|-end|p1b: SQRTTTT|Charge|[silent]
|
|t:|1783514607
|switch|p1b: NONO SPOT|Scovillain, L50, M|100/100|[from] Volt Switch
|move|p1a: SUPA SOOKA|Stockpile|p1a: SUPA SOOKA
|-start|p1a: SUPA SOOKA|stockpile1
|-boost|p1a: SUPA SOOKA|def|1
|-boost|p1a: SUPA SOOKA|spd|1
|
|-weather|SunnyDay|[upkeep]
|-heal|p1a: SUPA SOOKA|76/100|[from] item: Leftovers
|-ability|p1b: NONO SPOT|Moody|boost
|-boost|p1b: NONO SPOT|spa|2
|-unboost|p1b: NONO SPOT|atk|1
|upkeep
|
|t:|1783514607
|switch|p2b: Garchomp|Garchomp, L50, M|100/100
|turn|2
|
|t:|1783514626
|detailschange|p1b: NONO SPOT|Scovillain-Mega, L50, M
|-mega|p1b: NONO SPOT|Scovillain|Scovillainite
|move|p2a: Whimsicott|Protect|p2a: Whimsicott
|-singleturn|p2a: Whimsicott|Protect
|move|p2b: Garchomp|Earthquake|p1b: NONO SPOT|[spread] p1a,p1b
|-activate|p2a: Whimsicott|move: Protect
|-resisted|p1a: SUPA SOOKA|1
|-damage|p1a: SUPA SOOKA|63/100
|-damage|p1b: NONO SPOT|37/100
|-status|p2b: Garchomp|brn|[from] ability: Spicy Spray|[of] p1b: NONO SPOT
|-damage|p2b: Garchomp|90/100 brn|[from] item: Life Orb
|move|p1b: NONO SPOT|Giga Drain|p2b: Garchomp
|-damage|p2b: Garchomp|12/100 brn
|-heal|p1b: NONO SPOT|82/100|[from] drain|[of] p2b: Garchomp
|move|p1a: SUPA SOOKA|Soak|p2a: Whimsicott
|-activate|p2a: Whimsicott|move: Protect
|
|-weather|SunnyDay|[upkeep]
|-heal|p1a: SUPA SOOKA|69/100|[from] item: Leftovers
|-damage|p2b: Garchomp|6/100 brn|[from] brn
|upkeep
|turn|3
|inactive|beanybag has 30 seconds left.
|
|t:|1783514652
|move|p2a: Whimsicott|Protect||[still]
|-fail|p2a: Whimsicott
|move|p1b: NONO SPOT|Protect|p1b: NONO SPOT
|-singleturn|p1b: NONO SPOT|Protect
|move|p2b: Garchomp|Earthquake|p1b: NONO SPOT|[spread] p2a,p1a
|-activate|p1b: NONO SPOT|move: Protect
|-resisted|p2a: Whimsicott|1
|-resisted|p1a: SUPA SOOKA|1
|-damage|p2a: Whimsicott|83/100
|-damage|p1a: SUPA SOOKA|62/100
|-damage|p2b: Garchomp|0 fnt|[from] item: Life Orb
|faint|p2b: Garchomp
|move|p1a: SUPA SOOKA|Stockpile|p1a: SUPA SOOKA
|-start|p1a: SUPA SOOKA|stockpile2
|-boost|p1a: SUPA SOOKA|def|1
|-boost|p1a: SUPA SOOKA|spd|1
|
|-weather|SunnyDay|[upkeep]
|-heal|p1a: SUPA SOOKA|68/100|[from] item: Leftovers
|upkeep
|
|t:|1783514652
|switch|p2b: Basculegion|Basculegion, L50, M|100/100
|turn|4
|
|t:|1783514667
|move|p2a: Whimsicott|Protect|p2a: Whimsicott
|-singleturn|p2a: Whimsicott|Protect
|move|p2b: Basculegion|Protect|p2b: Basculegion
|-singleturn|p2b: Basculegion|Protect
|move|p1b: NONO SPOT|Giga Drain|p2b: Basculegion
|-activate|p2b: Basculegion|move: Protect
|move|p1a: SUPA SOOKA|Soak|p2a: Whimsicott
|-activate|p2a: Whimsicott|move: Protect
|
|-weather|SunnyDay|[upkeep]
|-heal|p1a: SUPA SOOKA|73/100|[from] item: Leftovers
|-sideend|p2: NightshadeAI|move: Tailwind
|upkeep
|turn|5
|
|t:|1783514680
|move|p2b: Basculegion|Protect||[still]
|-fail|p2b: Basculegion
|move|p2a: Whimsicott|Tailwind|p2a: Whimsicott
|-sidestart|p2: NightshadeAI|move: Tailwind
|move|p1b: NONO SPOT|Giga Drain|p2b: Basculegion
|-supereffective|p2b: Basculegion|1
|-damage|p2b: Basculegion|0 fnt
|-heal|p1b: NONO SPOT|100/100|[from] drain|[of] p2b: Basculegion
|faint|p2b: Basculegion
|move|p1a: SUPA SOOKA|Soak|p2a: Whimsicott
|-start|p2a: Whimsicott|typechange|Water
|
|-weather|none
|-heal|p1a: SUPA SOOKA|79/100|[from] item: Leftovers
|upkeep
|turn|6
|
|t:|1783514687
|move|p2a: Whimsicott|Moonblast|p1b: NONO SPOT
|-resisted|p1b: NONO SPOT|1
|-damage|p1b: NONO SPOT|92/100
|-status|p2a: Whimsicott|brn|[from] ability: Spicy Spray|[of] p1b: NONO SPOT
|move|p1b: NONO SPOT|Leech Seed|p2a: Whimsicott
|-start|p2a: Whimsicott|move: Leech Seed
|move|p1a: SUPA SOOKA|Infestation|p2a: Whimsicott
|-damage|p2a: Whimsicott|77/100 brn
|-activate|p2a: Whimsicott|move: Infestation|[of] p1a: SUPA SOOKA
|
|-heal|p1a: SUPA SOOKA|85/100|[from] item: Leftovers
|-damage|p2a: Whimsicott|65/100 brn|[from] Leech Seed|[of] p1b: NONO SPOT
|-heal|p1b: NONO SPOT|100/100|[silent]
|-damage|p2a: Whimsicott|59/100 brn|[from] brn
|-damage|p2a: Whimsicott|47/100 brn|[from] move: Infestation|[partiallytrapped]
|upkeep
|turn|7
|
|t:|1783514691
|move|p1b: NONO SPOT|Protect|p1b: NONO SPOT
|-singleturn|p1b: NONO SPOT|Protect
|move|p1a: SUPA SOOKA|Protect|p1a: SUPA SOOKA
|-singleturn|p1a: SUPA SOOKA|Protect
|move|p2a: Whimsicott|Moonblast|p1b: NONO SPOT
|-activate|p1b: NONO SPOT|move: Protect
|
|-heal|p1a: SUPA SOOKA|90/100|[from] item: Leftovers
|-damage|p2a: Whimsicott|35/100 brn|[from] Leech Seed|[of] p1b: NONO SPOT
|-damage|p2a: Whimsicott|29/100 brn|[from] brn
|-damage|p2a: Whimsicott|17/100 brn|[from] move: Infestation|[partiallytrapped]
|upkeep
|turn|8
|
|t:|1783514697
|move|p2a: Whimsicott|Moonblast|p1b: NONO SPOT
|-resisted|p1b: NONO SPOT|1
|-damage|p1b: NONO SPOT|92/100
|move|p1b: NONO SPOT|Giga Drain|p2a: Whimsicott
|-supereffective|p2a: Whimsicott|1
|-damage|p2a: Whimsicott|0 fnt
|-heal|p1b: NONO SPOT|100/100|[from] drain|[of] p2a: Whimsicott
|faint|p2a: Whimsicott
|
|win|beanybag
|raw|beanybag's rating: 1148 → 1175(+27 for winning)
|raw|NightshadeAI's rating: 1173 → 1146(-27 for losing)
|l|☆NightshadeAI
|player|p2|
