|j|☆idkvgc45
|j|☆capspungo
|html|idkvgc45capspungo    
|uhtml|bestof|Game 2 of a best-of-3
|t:|1756847186
|gametype|doubles
|player|p1|idkvgc45|ethan|1040
|player|p2|capspungo|101|1112
|gen|9
|tier|[Gen 9] VGC 2025 Reg H (Bo3)
|rated|
|rule|Species Clause: Limit one of each Pokémon
|rule|Item Clause: Limit 1 of each item
|clearpoke
|poke|p1|Indeedee, L50, M|
|poke|p1|Sneasler, L50, M|
|poke|p1|Excadrill, L50, M|
|poke|p1|Tyranitar, L50, M|
|poke|p1|Annihilape, L50, F|
|poke|p1|Corviknight, L50, M|
|poke|p2|Toedscruel, L50, M|
|poke|p2|Weezing-Galar, L50, M|
|poke|p2|Pawmot, L50, M|
|poke|p2|Typhlosion-Hisui, L50, M|
|poke|p2|Corviknight, L50, F|
|poke|p2|Garchomp, L50, F|
|teampreview|4
|showteam|p1|Indeedee||ChoiceScarf|PsychicSurge|ExpandingForce,Trick,Protect,TeraBlast|||M|||50|,,,,,Psychic]Sneasler||PsychicSeed|Unburden|DireClaw,CloseCombat,ThroatChop,Protect|||M|||50|,,,,,Dark]Excadrill||FocusSash|SandRush|HighHorsepower,Earthquake,IronHead,Protect|||M|||50|,,,,,Stellar]Tyranitar||AssaultVest|SandStream|RockSlide,LowKick,KnockOff,TeraBlast|||M|||50|,,,,,Flying]Annihilape||SafetyGoggles|Defiant|CloseCombat,RageFist,FinalGambit,Taunt|||F|||50|,,,,,Water]Corviknight||SitrusBerry|MirrorArmor|BraveBird,Roost,Tailwind,BulkUp|||M|||50|,,,,,Dragon
|showteam|p2|Toedscruel||CovertCloak|MyceliumMight|RagePowder,Spore,EarthPower,AcidSpray|||M|||50|,,,,,Water]Weezing-Galar||ChoiceSpecs|NeutralizingGas|DazzlingGleam,SludgeBomb,StrangeSteam,Flamethrower|||M|||50|,,,,,Fire]Pawmot||FocusSash|NaturalCure|FakeOut,CloseCombat,DoubleShock,Protect|||M|||50|,,,,,Electric]Typhlosion-Hisui||ChoiceScarf|Blaze|Eruption,ShadowBall,HeatWave,SleepTalk|||M|||50|,,,,,Fire]Corviknight||SitrusBerry|MirrorArmor|BraveBird,Tailwind,Protect,Roost|||F|||50|,,,,,Dragon]Garchomp||LifeOrb|RoughSkin|Earthquake,StompingTantrum,DragonClaw,Protect|||F|||50|,,,,,Ground
|inactive|Battle timer is ON: inactive players will automatically lose when time's up. (requested by capspungo)
|inactive|idkvgc45 has 60 seconds left.
|
|t:|1756847250
|teamsize|p1|4
|teamsize|p2|4
|start
|switch|p1a: Excadrill|Excadrill, L50, M|100/100
|switch|p1b: Tyranitar|Tyranitar, L50, M|100/100
|switch|p2a: Corviknight|Corviknight, L50, F|100/100
|switch|p2b: Garchomp|Garchomp, L50, F|100/100
|-weather|Sandstorm|[from] ability: Sand Stream|[of] p1b: Tyranitar
|turn|1
|inactive|capspungo has 30 seconds left.
|inactive|capspungo has 20 seconds left.
|inactive|capspungo has 15 seconds left.
|inactive|capspungo has 10 seconds left.
|
|t:|1756847299
|-terastallize|p1b: Tyranitar|Flying
|move|p1a: Excadrill|Iron Head|p2a: Corviknight
|-resisted|p2a: Corviknight
|-damage|p2a: Corviknight|83/100
|move|p2b: Garchomp|Dragon Claw|p1b: Tyranitar
|-damage|p1b: Tyranitar|53/100
|-damage|p2b: Garchomp|91/100|[from] item: Life Orb
|move|p1b: Tyranitar|Knock Off|p2a: Corviknight
|-damage|p2a: Corviknight|33/100
|-enditem|p2a: Corviknight|Sitrus Berry|[from] move: Knock Off|[of] p1b: Tyranitar
|cant|p2a: Corviknight|flinch
|
|-weather|Sandstorm|[upkeep]
|-damage|p1b: Tyranitar|47/100|[from] Sandstorm
|upkeep
|turn|2
|inactive|idkvgc45 has 30 seconds left.
|inactive|capspungo has 30 seconds left.
|
|t:|1756847332
|move|p1a: Excadrill|High Horsepower|p2b: Garchomp
|-damage|p2b: Garchomp|35/100
|-damage|p1a: Excadrill|88/100|[from] ability: Rough Skin|[of] p2b: Garchomp
|move|p2b: Garchomp|Dragon Claw|p1b: Tyranitar
|-damage|p1b: Tyranitar|2/100
|-damage|p2b: Garchomp|25/100|[from] item: Life Orb
|move|p1b: Tyranitar|Rock Slide|p2b: Garchomp|[spread] p2a,p2b
|-crit|p2a: Corviknight
|-resisted|p2b: Garchomp
|-damage|p2a: Corviknight|0 fnt
|-damage|p2b: Garchomp|11/100
|faint|p2a: Corviknight
|
|-weather|Sandstorm|[upkeep]
|-damage|p1b: Tyranitar|0 fnt|[from] Sandstorm
|faint|p1b: Tyranitar
|upkeep
|
|t:|1756847355
|switch|p1b: Indeedee|Indeedee, L50, M|100/100
|switch|p2a: Typhlosion|Typhlosion-Hisui, L50, M|100/100
|-fieldstart|move: Psychic Terrain|[from] ability: Psychic Surge|[of] p1b: Indeedee
|turn|3
|inactive|idkvgc45 has 30 seconds left.
|inactive|idkvgc45 has 20 seconds left.
|inactive|idkvgc45 has 15 seconds left.
|inactive|idkvgc45 has 10 seconds left.
|
|t:|1756847404
|-terastallize|p2a: Typhlosion|Fire
|move|p2b: Garchomp|Protect|p2b: Garchomp
|-singleturn|p2b: Garchomp|Protect
|move|p1a: Excadrill|Earthquake|p2b: Garchomp|[spread] p1b,p2a
|-activate|p2b: Garchomp|move: Protect
|-supereffective|p2a: Typhlosion
|-damage|p1b: Indeedee|14/100
|-damage|p2a: Typhlosion|0 fnt
|faint|p2a: Typhlosion
|move|p1b: Indeedee|Expanding Force|p2b: Garchomp
|-activate|p2b: Garchomp|move: Protect
|
|-weather|Sandstorm|[upkeep]
|-damage|p1b: Indeedee|9/100|[from] Sandstorm
|upkeep
|
|t:|1756847415
|switch|p2a: Pawmot|Pawmot, L50, M|100/100
|turn|4
|
|t:|1756847435
|move|p2a: Pawmot|Protect|p2a: Pawmot
|-singleturn|p2a: Pawmot|Protect
|move|p2b: Garchomp|Protect|p2b: Garchomp
|-singleturn|p2b: Garchomp|Protect
|move|p1a: Excadrill|Earthquake|p2b: Garchomp|[spread] p1b
|-activate|p2a: Pawmot|move: Protect
|-activate|p2b: Garchomp|move: Protect
|-damage|p1b: Indeedee|0 fnt
|faint|p1b: Indeedee
|
|-weather|Sandstorm|[upkeep]
|-damage|p2a: Pawmot|94/100|[from] Sandstorm
|upkeep
|
|t:|1756847439
|switch|p1b: Sneasler|Sneasler, L50, M|100/100
|-enditem|p1b: Sneasler|Psychic Seed
|-boost|p1b: Sneasler|spd|1|[from] item: Psychic Seed
|turn|5
|
|t:|1756847456
|move|p1b: Sneasler|Protect|p1b: Sneasler
|-singleturn|p1b: Sneasler|Protect
|move|p1a: Excadrill|Earthquake|p2b: Garchomp|[spread] p2a,p2b
|-activate|p1b: Sneasler|move: Protect
|-supereffective|p2a: Pawmot
|-damage|p2a: Pawmot|0 fnt
|-damage|p2b: Garchomp|0 fnt
|faint|p2a: Pawmot
|faint|p2b: Garchomp
|
|win|idkvgc45
||capspungo is ready for game 3.
||idkvgc45 is ready for game 3.
|uhtml|next|Next: Game 3 of 3
|l|☆capspungo
|player|p2|
