|j|☆root2iris
|j|☆MidoMidori
|html|root2irisMidoMidori    
|uhtml|bestof|Game 1 of a best-of-3
|t:|1756220580
|gametype|doubles
|player|p1|root2iris|guitarist|1250
|player|p2|MidoMidori|roxanne-gen6|1281
|gen|9
|tier|[Gen 9] VGC 2025 Reg H (Bo3)
|rated|
|rule|Species Clause: Limit one of each Pokémon
|rule|Item Clause: Limit 1 of each item
|clearpoke
|poke|p1|Archaludon, L50, M|
|poke|p1|Pelipper, L50, M|
|poke|p1|Amoonguss, L50, F|
|poke|p1|Incineroar, L50, M|
|poke|p1|Baxcalibur, L50, M|
|poke|p1|Annihilape, L50, F|
|poke|p2|Sneasler, L50, F|
|poke|p2|Indeedee, L50, M|
|poke|p2|Volcarona, L50, F|
|poke|p2|Ursaluna-Bloodmoon, L50, M|
|poke|p2|Annihilape, L50, M|
|poke|p2|Tyranitar, L50, M|
|teampreview|4
|showteam|p1|Archaludon||AssaultVest|Stamina|DragonPulse,ElectroShot,BodyPress,Thunderbolt|||M|||50|,,,,,Bug]Pelipper||FocusSash|Drizzle|MuddyWater,Hurricane,Tailwind,Protect|||M|||50|,,,,,Ghost]Amoonguss||CovertCloak|Regenerator|PollenPuff,RagePowder,Spore,Protect|||F|||50|,,,,,Fairy]Incineroar||SafetyGoggles|Intimidate|KnockOff,BurningJealousy,PartingShot,FakeOut|||M|||50|,,,,,Ghost]Baxcalibur||LoadedDice|ThermalExchange|IcicleSpear,ScaleShot,HighHorsepower,Protect|||M|||50|,,,,,Ghost]Annihilape||SitrusBerry|Defiant|RageFist,FinalGambit,Coaching,Taunt|||F|||50|,,,,,Fire
|showteam|p2|Sneasler||PsychicSeed|Unburden|CloseCombat,DireClaw,ThroatChop,Protect|||F|||50|,,,,,Dark]Indeedee||ChoiceScarf|PsychicSurge|ExpandingForce,TeraBlast,Trick,Protect|||M|||50|,,,,,Psychic]Volcarona||SitrusBerry|FlameBody|Overheat,StruggleBug,RagePowder,Tailwind|||F|||50|,,,,,Grass]Ursaluna-Bloodmoon||LifeOrb|MindsEye|BloodMoon,HyperVoice,EarthPower,Protect|||M|||50|,,,,,Normal]Annihilape||SafetyGoggles|Defiant|CloseCombat,RageFist,Taunt,FinalGambit|||M|||50|,,,,,Fairy]Tyranitar||AssaultVest|SandStream|RockSlide,KnockOff,TeraBlast,LowKick|||M|||50|,,,,,Flying
|inactive|Battle timer is ON: inactive players will automatically lose when time's up. (requested by root2iris)
|inactive|root2iris has 60 seconds left.
|inactive|MidoMidori has 60 seconds left.
|inactive|MidoMidori has 30 seconds left.
|
|t:|1756220644
|teamsize|p1|4
|teamsize|p2|4
|start
|switch|p1a: RC|Incineroar, L50, M|100/100
|switch|p1b: Air Combo++|Baxcalibur, L50, M|100/100
|switch|p2a: Volcarona|Volcarona, L50, F|100/100
|switch|p2b: Annihilape|Annihilape, L50, M|100/100
|-ability|p1a: RC|Intimidate|boost
|-unboost|p2a: Volcarona|atk|1
|-unboost|p2b: Annihilape|atk|1
|-ability|p2b: Annihilape|Defiant|boost
|-boost|p2b: Annihilape|atk|2
|turn|1
|inactive|root2iris has 30 seconds left.
|inactive|MidoMidori has 30 seconds left.
|inactive|MidoMidori has 20 seconds left.
|inactive|root2iris has 20 seconds left.
|inactive|root2iris has 15 seconds left.
|
|t:|1756220699
|move|p2a: Volcarona|Tailwind|p2a: Volcarona
|-sidestart|p2: MidoMidori|move: Tailwind
|move|p2b: Annihilape|Rage Fist|p1b: Air Combo++
|-damage|p1b: Air Combo++|71/100
|move|p1b: Air Combo++|Scale Shot|p2a: Volcarona
|-damage|p2a: Volcarona|84/100
|-damage|p2a: Volcarona|65/100
|-damage|p2a: Volcarona|46/100
|-enditem|p2a: Volcarona|Sitrus Berry|[eat]
|-heal|p2a: Volcarona|71/100|[from] item: Sitrus Berry
|-damage|p2a: Volcarona|53/100
|-hitcount|p2a: Volcarona|4
|-unboost|p1b: Air Combo++|def|1
|-boost|p1b: Air Combo++|spe|1
|move|p1a: RC|Burning Jealousy|p2a: Volcarona|[spread] p2a,p2b
|-damage|p2a: Volcarona|39/100
|-damage|p2b: Annihilape|89/100
|-status|p2b: Annihilape|brn
|
|-damage|p2b: Annihilape|83/100 brn|[from] brn
|upkeep
|turn|2
|inactive|root2iris has 30 seconds left.
|
|t:|1756220733
|move|p1b: Air Combo++|Protect|p1b: Air Combo++
|-singleturn|p1b: Air Combo++|Protect
|move|p2a: Volcarona|Rage Powder|p2a: Volcarona
|-singleturn|p2a: Volcarona|move: Rage Powder
|move|p2b: Annihilape|Close Combat|p1a: RC
|-supereffective|p1a: RC
|-damage|p1a: RC|30/100
|-unboost|p2b: Annihilape|def|1
|-unboost|p2b: Annihilape|spd|1
|move|p1a: RC|Parting Shot|p2a: Volcarona
|-unboost|p2a: Volcarona|atk|1
|-unboost|p2a: Volcarona|spa|1
|inactive|root2iris has 30 seconds left.
|
|t:|1756220764
|switch|p1a: Oathkeeper|Pelipper, L50, M, shiny|100/100|[from] Parting Shot
|-weather|RainDance|[from] ability: Drizzle|[of] p1a: Oathkeeper
|
|-weather|RainDance|[upkeep]
|-damage|p2b: Annihilape|77/100 brn|[from] brn
|upkeep
|turn|3
|
|t:|1756220777
|switch|p1b: Roxas|Archaludon, L50, M|100/100
|move|p2a: Volcarona|Struggle Bug|p1a: Oathkeeper|[spread] p1a,p1b
|-resisted|p1a: Oathkeeper
|-resisted|p1b: Roxas
|-damage|p1a: Oathkeeper|90/100
|-damage|p1b: Roxas|96/100
|-unboost|p1a: Oathkeeper|spa|1
|-unboost|p1b: Roxas|spa|1
|-ability|p1b: Roxas|Stamina|boost
|-boost|p1b: Roxas|def|1
|move|p2b: Annihilape|Rage Fist|p1b: Roxas
|-damage|p1b: Roxas|82/100
|-ability|p1b: Roxas|Stamina|boost
|-boost|p1b: Roxas|def|1
|move|p1a: Oathkeeper|Hurricane|p2a: Volcarona
|-supereffective|p2a: Volcarona
|-damage|p2a: Volcarona|0 fnt
|faint|p2a: Volcarona
|
|-weather|RainDance|[upkeep]
|-damage|p2b: Annihilape|70/100 brn|[from] brn
|upkeep
|
|t:|1756220789
|switch|p2a: Ursaluna|Ursaluna-Bloodmoon, L50, M|100/100
|turn|4
|
|t:|1756220811
|-terastallize|p2a: Ursaluna|Normal
|-terastallize|p1b: Roxas|Bug
|move|p2b: Annihilape|Final Gambit|p1b: Roxas
|-damage|p1b: Roxas|8/100
|-ability|p1b: Roxas|Stamina|boost
|-boost|p1b: Roxas|def|1
|faint|p2b: Annihilape
|move|p2a: Ursaluna|Hyper Voice|p1b: Roxas|[spread] p1a,p1b
|-damage|p1a: Oathkeeper|0 fnt
|-damage|p1b: Roxas|0 fnt
|faint|p1a: Oathkeeper
|faint|p1b: Roxas
|-damage|p2a: Ursaluna|91/100|[from] item: Life Orb
|
|-weather|RainDance|[upkeep]
|-sideend|p2: MidoMidori|move: Tailwind
|upkeep
|
|t:|1756220820
|switch|p2b: Sneasler|Sneasler, L50, F|100/100
|switch|p1b: RC|Incineroar, L50, M|30/100
|switch|p1a: Air Combo++|Baxcalibur, L50, M|71/100
|-ability|p1b: RC|Intimidate|boost
|-unboost|p2a: Ursaluna|atk|1
|-unboost|p2b: Sneasler|atk|1
|turn|5
|inactive|root2iris has 30 seconds left.
|
|t:|1756220850
|move|p2b: Sneasler|Protect|p2b: Sneasler
|-singleturn|p2b: Sneasler|Protect
|move|p2a: Ursaluna|Protect|p2a: Ursaluna
|-singleturn|p2a: Ursaluna|Protect
|move|p1b: RC|Fake Out|p2a: Ursaluna
|-activate|p2a: Ursaluna|move: Protect
|move|p1a: Air Combo++|Icicle Spear|p2b: Sneasler
|-activate|p2b: Sneasler|move: Protect
|
|-weather|RainDance|[upkeep]
|upkeep
|turn|6
|
|t:|1756220860
|move|p2b: Sneasler|Close Combat|p1a: Air Combo++
|-supereffective|p1a: Air Combo++
|-damage|p1a: Air Combo++|0 fnt
|-unboost|p2b: Sneasler|def|1
|-unboost|p2b: Sneasler|spd|1
|faint|p1a: Air Combo++
|move|p1b: RC|Knock Off|p2a: Ursaluna
|-damage|p2a: Ursaluna|62/100
|-enditem|p2a: Ursaluna|Life Orb|[from] move: Knock Off|[of] p1b: RC
|move|p2a: Ursaluna|Hyper Voice|p1b: RC
|-damage|p1b: RC|0 fnt
|faint|p1b: RC
|
|win|MidoMidori
||root2iris is ready for game 2.
||MidoMidori is ready for game 2.
|uhtml|next|Next: Game 2 of 3
|l|☆MidoMidori
|player|p2|
