|j|☆LorGhez
|j|☆piktocat
|html|LorGhezpiktocat    
|uhtml|bestof|Game 1 of a best-of-3
|t:|1782757810
|gametype|doubles
|player|p1|LorGhez|169|1146
|player|p2|piktocat|caitlin|1153
|gen|9
|tier|[Gen 9 Champions] VGC 2026 Reg M-B (Bo3)
|rated|
|rule|Species Clause: Limit one of each Pokémon
|rule|Item Clause: Limit 1 of each item
|clearpoke
|poke|p1|Sceptile, L50, M|
|poke|p1|Sylveon, L50, F|
|poke|p1|Rotom-Wash, L50|
|poke|p1|Aerodactyl, L50, M|
|poke|p1|Incineroar, L50, M|
|poke|p1|Kingambit, L50, F|
|poke|p2|Mawile, L50, M|
|poke|p2|Farigiraf, L50, F|
|poke|p2|Incineroar, L50, M|
|poke|p2|Basculegion, L50, M|
|poke|p2|Staraptor, L50, F|
|poke|p2|Maushold, L50|
|teampreview|4
|showteam|p1|Sceptile||Sceptilite|Overgrow|Protect,LeafStorm,DragonPulse,EarthPower|Timid||M|||50|]Sylveon||FairyFeather|Pixilate|Protect,HyperBeam,HyperVoice,QuickAttack|Modest||F|||50|]Rotom-Wash||Leftovers|Levitate|WillOWisp,Discharge,HydroPump,LightScreen|Modest|||||50|]Aerodactyl||Aerodactylite|Unnerve|Protect,Tailwind,RockSlide,IceFang|Jolly||M|||50|]Incineroar||SitrusBerry|Intimidate|FakeOut,PartingShot,ThroatChop,FlareBlitz|Careful||M|||50|]Kingambit||BlackGlasses|Defiant|Protect,SuckerPunch,KowtowCleave,IronHead|Adamant||F|||50|
|showteam|p2|Mawile||Mawilite|HyperCutter|IronHead,PlayRough,SuckerPunch,Protect|Adamant||M|||50|]Farigiraf||SitrusBerry|ArmorTail|HyperVoice,TwinBeam,TrickRoom,HelpingHand|Bold||F|||50|]Incineroar||PasshoBerry|Intimidate|FlareBlitz,ThroatChop,FakeOut,PartingShot|Adamant||M|||50|]Basculegion||MysticWater|Adaptability|WaveCrash,AquaJet,LastRespects,Protect|Adamant||M|||50|]Staraptor||Staraptite|Reckless|CloseCombat,BraveBird,Tailwind,Protect|Adamant||F|||50|]Maushold||WideLens|Technician|PopulationBomb,FollowMe,Charm,Protect|Jolly|||||50|
|inactive|Battle timer is ON: inactive players will automatically lose when time's up. (requested by piktocat)
|inactive|LorGhez has 60 seconds left.
|inactive|piktocat has 60 seconds left.
|inactive|LorGhez has 30 seconds left.
|inactive|LorGhez has 20 seconds left.
|inactive|LorGhez has 15 seconds left.
|inactive|LorGhez has 10 seconds left.
|inactive|LorGhez has 5 seconds left.
|
|t:|1782757897
|teamsize|p1|4
|teamsize|p2|4
|start
|switch|p1a: Incineroar|Incineroar, L50, M|100/100
|switch|p1b: Kingambit|Kingambit, L50, F|100/100
|switch|p2a: Staraptor|Staraptor, L50, F|100/100
|switch|p2b: Maushold|Maushold, L50|100/100
|-ability|p1a: Incineroar|Intimidate|boost
|-unboost|p2a: Staraptor|atk|1
|-unboost|p2b: Maushold|atk|1
|turn|1
|inactive|LorGhez has 30 seconds left.
|
|t:|1782757930
|switch|p1b: Rotom|Rotom-Wash, L50|100/100
|detailschange|p2a: Staraptor|Staraptor-Mega, L50, F
|-mega|p2a: Staraptor|Staraptor|Staraptite
|move|p1a: Incineroar|Fake Out|p2a: Staraptor
|-damage|p2a: Staraptor|90/100
|move|p2b: Maushold|Charm|p2a: Staraptor
|-boost|p2a: Staraptor|atk|2
|cant|p2a: Staraptor|flinch
|
|upkeep
|turn|2
|inactive|LorGhez has 30 seconds left.
|inactive|LorGhez has 20 seconds left.
|inactive|LorGhez has 15 seconds left.
|inactive|LorGhez has 10 seconds left.
|
|t:|1782757978
|move|p2b: Maushold|Follow Me|p2b: Maushold
|-singleturn|p2b: Maushold|move: Follow Me
|move|p2a: Staraptor|Close Combat|p1a: Incineroar
|-supereffective|p1a: Incineroar|1
|-crit|p1a: Incineroar
|-damage|p1a: Incineroar|0 fnt
|-boost|p2a: Staraptor|def|1
|-boost|p2a: Staraptor|spd|1
|faint|p1a: Incineroar
|move|p1b: Rotom|Discharge|p2a: Staraptor|[spread] p2a,p2b
|-supereffective|p2a: Staraptor|1
|-damage|p2a: Staraptor|56/100
|-damage|p2b: Maushold|60/100
|-status|p2b: Maushold|par
|
|upkeep
|
|t:|1782757990
|switch|p1a: Kingambit|Kingambit, L50, F|100/100
|turn|3
|
|t:|1782758001
|move|p2a: Staraptor|Protect|p2a: Staraptor
|-singleturn|p2a: Staraptor|Protect
|move|p1a: Kingambit|Protect|p1a: Kingambit
|-singleturn|p1a: Kingambit|Protect
|move|p1b: Rotom|Will-O-Wisp|p2a: Staraptor
|-activate|p2a: Staraptor|move: Protect
|move|p2b: Maushold|Population Bomb|p1b: Rotom
|-damage|p1b: Rotom|91/100
|-damage|p1b: Rotom|83/100
|-damage|p1b: Rotom|75/100
|-damage|p1b: Rotom|67/100
|-damage|p1b: Rotom|59/100
|-damage|p1b: Rotom|51/100
|-damage|p1b: Rotom|43/100
|-damage|p1b: Rotom|35/100
|-damage|p1b: Rotom|27/100
|-damage|p1b: Rotom|19/100
|-hitcount|p1b: Rotom|10
|
|-heal|p1b: Rotom|24/100|[from] item: Leftovers
|upkeep
|turn|4
|
|t:|1782758025
|move|p1a: Kingambit|Sucker Punch|p2a: Staraptor
|-resisted|p2a: Staraptor|1
|-damage|p2a: Staraptor|40/100
|move|p2a: Staraptor|Close Combat|p1b: Rotom
|-damage|p1b: Rotom|0 fnt
|-boost|p2a: Staraptor|def|1
|-boost|p2a: Staraptor|spd|1
|faint|p1b: Rotom
|cant|p2b: Maushold|par
|
|upkeep
|inactive|LorGhez has 30 seconds left.
|inactive|LorGhez has 20 seconds left.
|
|t:|1782758061
|switch|p1b: Sylveon|Sylveon, L50, F|100/100
|turn|5
|
|t:|1782758070
|move|p2a: Staraptor|Protect|p2a: Staraptor
|-singleturn|p2a: Staraptor|Protect
|move|p2b: Maushold|Population Bomb|p1b: Sylveon
|-damage|p1b: Sylveon|91/100
|-damage|p1b: Sylveon|83/100
|-damage|p1b: Sylveon|75/100
|-damage|p1b: Sylveon|67/100
|-damage|p1b: Sylveon|59/100
|-damage|p1b: Sylveon|50/100g
|-damage|p1b: Sylveon|42/100
|-damage|p1b: Sylveon|34/100
|-damage|p1b: Sylveon|26/100
|-damage|p1b: Sylveon|17/100
|-hitcount|p1b: Sylveon|10
|move|p1b: Sylveon|Hyper Voice|p2a: Staraptor|[spread] p2b
|-activate|p2a: Staraptor|move: Protect
|-damage|p2b: Maushold|0 fnt
|faint|p2b: Maushold
|move|p1a: Kingambit|Kowtow Cleave|p2a: Staraptor
|-activate|p2a: Staraptor|move: Protect
|
|upkeep
|
|t:|1782758089
|switch|p2b: Farigiraf|Farigiraf, L50, F|100/100
|turn|6
|
|t:|1782758098
|move|p2a: Staraptor|Close Combat|p1a: Kingambit
|-supereffective|p1a: Kingambit|2
|-damage|p1a: Kingambit|0 fnt
|-boost|p2a: Staraptor|def|1
|-boost|p2a: Staraptor|spd|1
|faint|p1a: Kingambit
|move|p1b: Sylveon|Hyper Voice|p2b: Farigiraf|[spread] p2a,p2b
|-supereffective|p2a: Staraptor|1
|-crit|p2a: Staraptor
|-damage|p2a: Staraptor|0 fnt
|-damage|p2b: Farigiraf|57/100
|faint|p2a: Staraptor
|move|p2b: Farigiraf|Hyper Voice|p1b: Sylveon
|-damage|p1b: Sylveon|0 fnt
|faint|p1b: Sylveon
|
|win|piktocat
||piktocat is ready for game 2.
|inactive|LorGhez has 30 seconds to confirm battle start!
|inactive|LorGhez has 20 seconds to confirm battle start!
||LorGhez is ready for game 2.
|uhtml|next|Next: Game 2 of 3
|l|☆piktocat
|player|p2|
