|j|☆dhairyasethia
|j|☆geardox
|html|dhairyasethiageardox    
|uhtml|bestof|Game 1 of a best-of-3
|t:|1756567516
|gametype|doubles
|player|p1|dhairyasethia|101|1072
|player|p2|geardox|cyclist|1127
|gen|9
|tier|[Gen 9] VGC 2025 Reg H (Bo3)
|rated|
|rule|Species Clause: Limit one of each Pokémon
|rule|Item Clause: Limit 1 of each item
|clearpoke
|poke|p1|Weezing-Galar, L50, F|
|poke|p1|Toedscruel, L50, M|
|poke|p1|Pawmot, L50, M|
|poke|p1|Typhlosion-Hisui, L50, F|
|poke|p1|Garchomp, L50, F|
|poke|p1|Corviknight, L50, M|
|poke|p2|Sneasler, L50, M|
|poke|p2|Garchomp, L50, M|
|poke|p2|Corviknight, L50, F|
|poke|p2|Archaludon, L50, M|
|poke|p2|Amoonguss, L50, F|
|poke|p2|Incineroar, L50, M|
|teampreview|4
|showteam|p1|Weezing-Galar||ChoiceSpecs|NeutralizingGas|DazzlingGleam,StrangeSteam,SludgeBomb,ShadowBall|||F|||50|,,,,,Fire]Toedscruel||CovertCloak|MyceliumMight|Spore,AcidSpray,LightScreen,Protect|||M|||50|,,,,,Water]Pawmot||FocusSash|VoltAbsorb|DoubleShock,Protect,CloseCombat,FakeOut|||M|||50|,,,,,Electric]Typhlosion-Hisui||ChoiceScarf|Frisk|Eruption,SleepTalk,ShadowBall,Overheat|||F|||50|,,,,,Water]Garchomp||LifeOrb|RoughSkin|Protect,Earthquake,StompingTantrum,DragonClaw|||F|||50|,,,,,Ground]Corviknight||ClearAmulet|MirrorArmor|Tailwind,Protect,BraveBird,BulkUp|||M|||50|,,,,,Dragon
|showteam|p2|Sneasler||FocusSash|Unburden|DireClaw,CloseCombat,ThroatChop,Coaching|||M|||50|,,,,,Ghost]Garchomp||LifeOrb|RoughSkin|Protect,Earthquake,DragonClaw,StompingTantrum|||M|||50|,,,,,Ground]Corviknight||SitrusBerry|MirrorArmor|BraveBird,Tailwind,Roost,Taunt|||F|||50|,,,,,Fire]Archaludon||PowerHerb|Stamina|Protect,DracoMeteor,FlashCannon,ElectroShot|||M|||50|,,,,,Dragon]Amoonguss||RockyHelmet|Regenerator|ClearSmog,RagePowder,Spore,PollenPuff|||F|||50|,,,,,Water]Incineroar||AssaultVest|Intimidate|KnockOff,FlareBlitz,FakeOut,Uturn|||M|||50|,,,,,Ghost
|inactive|Battle timer is ON: inactive players will automatically lose when time's up. (requested by geardox)
|inactive|dhairyasethia has 60 seconds left.
|
|t:|1756567574
|teamsize|p1|4
|teamsize|p2|4
|start
|switch|p1a: Weezing|Weezing-Galar, L50, F|100/100
|switch|p1b: Toedscruel|Toedscruel, L50, M|100/100
|switch|p2a: Chica|Corviknight, L50, F|100/100
|switch|p2b: Riku|Sneasler, L50, M|100/100
|-ability|p1a: Weezing|Neutralizing Gas
|turn|1
|inactive|dhairyasethia has 30 seconds left.
|inactive|geardox has 30 seconds left.
|inactive|dhairyasethia has 20 seconds left.
|inactive|geardox has 20 seconds left.
|
|t:|1756567613
|move|p2b: Riku|Dire Claw|p1b: Toedscruel
|-damage|p1b: Toedscruel|52/100
|move|p1b: Toedscruel|Spore|p2b: Riku
|-status|p2b: Riku|slp|[from] move: Spore
|move|p2a: Chica|Tailwind|p2a: Chica
|-sidestart|p2: geardox|move: Tailwind
|move|p1a: Weezing|Sludge Bomb|p2a: Chica
|-immune|p2a: Chica
|
|upkeep
|turn|2
|
|t:|1756567636
|cant|p2b: Riku|slp
|move|p2a: Chica|Taunt|p1b: Toedscruel
|-start|p1b: Toedscruel|move: Taunt
|move|p1b: Toedscruel|Acid Spray|p2a: Chica
|-immune|p2a: Chica
|move|p1a: Weezing|Sludge Bomb|p2b: Riku
|-resisted|p2b: Riku
|-damage|p2b: Riku|68/100 slp
|
|upkeep
|turn|3
|
|t:|1756567653
|cant|p2b: Riku|slp
|move|p2a: Chica|Brave Bird|p1b: Toedscruel
|-supereffective|p1b: Toedscruel
|-damage|p1b: Toedscruel|0 fnt
|faint|p1b: Toedscruel
|-damage|p2a: Chica|86/100|[from] Recoil
|move|p1a: Weezing|Sludge Bomb|p2b: Riku
|-resisted|p2b: Riku
|-damage|p2b: Riku|37/100 slp
|
|upkeep
|
|t:|1756567670
|switch|p1b: Typhlosion|Typhlosion-Hisui, L50, F|100/100
|turn|4
|inactive|dhairyasethia has 30 seconds left.
|
|t:|1756567696
|-terastallize|p2a: Chica|Fire
|cant|p2b: Riku|slp
|move|p2a: Chica|Brave Bird|p1b: Typhlosion
|-damage|p1b: Typhlosion|53/100
|-damage|p2a: Chica|73/100|[from] Recoil
|move|p1b: Typhlosion|Eruption|p2b: Riku|[spread] p2a,p2b
|-resisted|p2a: Chica
|-damage|p2a: Chica|61/100
|-damage|p2b: Riku|0 fnt
|faint|p2b: Riku
|move|p1a: Weezing|Sludge Bomb|p2a: Chica
|-damage|p2a: Chica|25/100
|-enditem|p2a: Chica|Sitrus Berry|[eat]
|-heal|p2a: Chica|50/100|[from] item: Sitrus Berry
|
|-sideend|p2: geardox|move: Tailwind
|upkeep
|
|t:|1756567713
|switch|p2b: Stinky Pete|Garchomp, L50, M|100/100
|turn|5
|
|t:|1756567729
|-terastallize|p1b: Typhlosion|Water
|move|p2b: Stinky Pete|Protect|p2b: Stinky Pete
|-singleturn|p2b: Stinky Pete|Protect
|move|p1b: Typhlosion|Eruption|p2b: Stinky Pete|[spread] p2a
|-activate|p2b: Stinky Pete|move: Protect
|-resisted|p2a: Chica
|-damage|p2a: Chica|40/100
|move|p2a: Chica|Tailwind|p2a: Chica
|-sidestart|p2: geardox|move: Tailwind
|move|p1a: Weezing|Sludge Bomb|p2a: Chica
|-damage|p2a: Chica|6/100
|-status|p2a: Chica|psn
|
|-damage|p2a: Chica|0 fnt|[from] psn
|faint|p2a: Chica
|upkeep
|
|t:|1756567744
|switch|p2a: Incineroar|Incineroar, L50, M|100/100
|turn|6
|
|t:|1756567767
|move|p2a: Incineroar|Fake Out|p1b: Typhlosion
|-damage|p1b: Typhlosion|38/100
|move|p2b: Stinky Pete|Stomping Tantrum|p1a: Weezing
|-supereffective|p1a: Weezing
|-damage|p1a: Weezing|13/100
|-damage|p2b: Stinky Pete|91/100|[from] item: Life Orb
|cant|p1b: Typhlosion|flinch
|move|p1a: Weezing|Sludge Bomb|p2a: Incineroar
|-damage|p2a: Incineroar|73/100
|-status|p2a: Incineroar|psn
|
|-damage|p2a: Incineroar|61/100 psn|[from] psn
|upkeep
|turn|7
|
|t:|1756567788
|move|p2b: Stinky Pete|Earthquake|p1b: Typhlosion|[spread] p2a,p1a,p1b
|-supereffective|p2a: Incineroar
|-supereffective|p1a: Weezing
|-damage|p2a: Incineroar|0 fnt
|-damage|p1a: Weezing|0 fnt
|-damage|p1b: Typhlosion|0 fnt
|faint|p2a: Incineroar
|faint|p1a: Weezing
|-end|p1a: Weezing|ability: Neutralizing Gas
|-item|p2b: Stinky Pete|Life Orb|[from] ability: Frisk|[of] p1b: Typhlosion
|faint|p1b: Typhlosion
|-damage|p2b: Stinky Pete|81/100|[from] item: Life Orb
|
|upkeep
|
|t:|1756567801
|switch|p1b: Corviknight|Corviknight, L50, M|100/100
|turn|8
|
|t:|1756567808
|move|p1b: Corviknight|Protect|p1b: Corviknight
|-singleturn|p1b: Corviknight|Protect
|move|p2b: Stinky Pete|Dragon Claw|p1b: Corviknight
|-activate|p1b: Corviknight|move: Protect
|
|-sideend|p2: geardox|move: Tailwind
|upkeep
|turn|9
|
|t:|1756567825
|move|p2b: Stinky Pete|Dragon Claw|p1b: Corviknight
|-resisted|p1b: Corviknight
|-damage|p1b: Corviknight|74/100
|-damage|p2b: Stinky Pete|71/100|[from] item: Life Orb
|move|p1b: Corviknight|Brave Bird|p2b: Stinky Pete
|-damage|p2b: Stinky Pete|34/100
|-damage|p1b: Corviknight|62/100|[from] ability: Rough Skin|[of] p2b: Stinky Pete
|-damage|p1b: Corviknight|50/100|[from] Recoil
|
|upkeep
|turn|10
|
|t:|1756567839
|move|p2b: Stinky Pete|Dragon Claw|p1b: Corviknight
|-resisted|p1b: Corviknight
|-damage|p1b: Corviknight|25/100
|-damage|p2b: Stinky Pete|25/100|[from] item: Life Orb
|move|p1b: Corviknight|Brave Bird|p2b: Stinky Pete
|-damage|p2b: Stinky Pete|0 fnt
|-damage|p1b: Corviknight|13/100|[from] ability: Rough Skin|[of] p2b: Stinky Pete
|faint|p2b: Stinky Pete
|-damage|p1b: Corviknight|4/100|[from] Recoil
|
|win|dhairyasethia
||geardox is ready for game 2.
||dhairyasethia is ready for game 2.
|uhtml|next|Next: Game 2 of 3
