|j|☆ladderingwithcalys
|j|☆Pkmntrnrsteph
|html|ladderingwithcalysPkmntrnrsteph    
|uhtml|bestof|Game 1 of a best-of-3
|t:|1756844734
|gametype|doubles
|player|p1|ladderingwithcalys|101|1249
|player|p2|Pkmntrnrsteph|1|1215
|gen|9
|tier|[Gen 9] VGC 2025 Reg H (Bo3)
|rated|
|rule|Species Clause: Limit one of each Pokémon
|rule|Item Clause: Limit 1 of each item
|clearpoke
|poke|p1|Archaludon, L50, M|
|poke|p1|Pelipper, L50, M|
|poke|p1|Kingdra, L50, F|
|poke|p1|Toedscruel, L50, F|
|poke|p1|Comfey, L50, M|
|poke|p1|Weezing-Galar, L50, M|
|poke|p2|Rillaboom, L50, F|
|poke|p2|Electabuzz, L50, M|
|poke|p2|Volcarona, L50, M|
|poke|p2|Sneasler, L50, F|
|poke|p2|Incineroar, L50, F|
|poke|p2|Dragapult, L50, F|
|teampreview|4
|showteam|p1|Archaludon||AssaultVest|Stamina|ElectroShot,BodyPress,FlashCannon,Snarl|||M|||50|,,,,,Grass]Pelipper||ChoiceScarf|Drizzle|Tailwind,Hurricane,WeatherBall,Uturn|||M|||50|,,,,,Ghost]Kingdra||LifeOrb|SwiftSwim|Protect,WeatherBall,DracoMeteor,Surf|||F|||50|,,,,,Stellar]Toedscruel||CovertCloak|MyceliumMight|Spore,EarthPower,BulletSeed,RagePowder|||F|||50|,,,,,Water]Comfey||SafetyGoggles|Triage|DrainingKiss,FloralHealing,LightScreen,Protect|||M|||50|,,,,,Steel]Weezing-Galar||ChoiceSpecs|NeutralizingGas|AromaticMist,SludgeBomb,ClearSmog,DazzlingGleam|||M|||50|,,,,,Ghost
|showteam|p2|Rillaboom||AssaultVest|GrassySurge|WoodHammer,GrassyGlide,HighHorsepower,FakeOut|||F|||50|,,,,,Fire]Electabuzz||Eviolite|VitalSpirit|Protect,Electroweb,HelpingHand,FollowMe|||M|||50|,,,,,Ghost]Volcarona||CovertCloak|FlameBody|Protect,HeatWave,TeraBlast,QuiverDance|||M|||50|,,,,,Fairy]Sneasler||FocusSash|Unburden|CloseCombat,DireClaw,Protect,Coaching|||F|||50|,,,,,Dark]Incineroar||SafetyGoggles|Intimidate|Protect,KnockOff,FakeOut,PartingShot|||F|||50|,,,,,Bug]Dragapult||ChoiceBand|ClearBody|DragonDarts,PhantomForce,PsychicFangs,Uturn|||F|||50|,,,,,Steel
|inactive|Battle timer is ON: inactive players will automatically lose when time's up. (requested by Pkmntrnrsteph)
|inactive|ladderingwithcalys has 60 seconds left.
|
|t:|1756844818
|teamsize|p1|4
|teamsize|p2|4
|start
|switch|p1a: Pelipper|Pelipper, L50, M|100/100
|switch|p1b: Kingdra|Kingdra, L50, F, shiny|100/100
|switch|p2a: Electabuzz|Electabuzz, L50, M|100/100
|switch|p2b: Sneasler|Sneasler, L50, F, shiny|100/100
|-weather|RainDance|[from] ability: Drizzle|[of] p1a: Pelipper
|turn|1
|
|t:|1756844839
|switch|p1a: Archaludon|Archaludon, L50, M|100/100
|move|p1b: Kingdra|Surf|p2a: Electabuzz|[spread] p1a,p2a,p2b
|-resisted|p1a: Archaludon
|-damage|p1a: Archaludon|83/100
|-damage|p2a: Electabuzz|56/100
|-damage|p2b: Sneasler|13/100
|-ability|p1a: Archaludon|Stamina|boost
|-boost|p1a: Archaludon|def|1
|-damage|p1b: Kingdra|91/100|[from] item: Life Orb
|move|p2b: Sneasler|Dire Claw|p1b: Kingdra
|-damage|p1b: Kingdra|45/100
|move|p2a: Electabuzz|Electroweb|p1b: Kingdra|[spread] p1a,p1b
|-resisted|p1a: Archaludon
|-damage|p1a: Archaludon|78/100
|-damage|p1b: Kingdra|30/100
|-unboost|p1a: Archaludon|spe|1
|-unboost|p1b: Kingdra|spe|1
|-ability|p1a: Archaludon|Stamina|boost
|-boost|p1a: Archaludon|def|1
|
|-weather|RainDance|[upkeep]
|upkeep
|turn|2
|
|t:|1756844861
|move|p2b: Sneasler|Protect|p2b: Sneasler
|-singleturn|p2b: Sneasler|Protect
|move|p1b: Kingdra|Protect|p1b: Kingdra
|-singleturn|p1b: Kingdra|Protect
|move|p2a: Electabuzz|Electroweb|p1a: Archaludon|[spread] p1a
|-activate|p1b: Kingdra|move: Protect
|-resisted|p1a: Archaludon
|-damage|p1a: Archaludon|73/100
|-unboost|p1a: Archaludon|spe|1
|-ability|p1a: Archaludon|Stamina|boost
|-boost|p1a: Archaludon|def|1
|move|p1a: Archaludon|Electro Shot||[still]
|-prepare|p1a: Archaludon|Electro Shot
|-boost|p1a: Archaludon|spa|1
|-anim|p1a: Archaludon|Electro Shot|p2b: Sneasler
|-activate|p2b: Sneasler|move: Protect
|
|-weather|RainDance|[upkeep]
|upkeep
|turn|3
|
|t:|1756844885
|switch|p2b: Rillaboom|Rillaboom, L50, F|100/100
|-fieldstart|move: Grassy Terrain|[from] ability: Grassy Surge|[of] p2b: Rillaboom
|switch|p1b: Pelipper|Pelipper, L50, M|100/100
|move|p2a: Electabuzz|Electroweb|p1b: Pelipper|[spread] p1a,p1b
|-resisted|p1a: Archaludon
|-supereffective|p1b: Pelipper
|-damage|p1a: Archaludon|69/100
|-damage|p1b: Pelipper|0 fnt
|-unboost|p1a: Archaludon|spe|1
|-ability|p1a: Archaludon|Stamina|boost
|-boost|p1a: Archaludon|def|1
|faint|p1b: Pelipper
|move|p1a: Archaludon|Snarl|p2a: Electabuzz|[spread] p2a,p2b
|-damage|p2a: Electabuzz|42/100
|-damage|p2b: Rillaboom|87/100
|-unboost|p2a: Electabuzz|spa|1
|-unboost|p2b: Rillaboom|spa|1
|
|-weather|RainDance|[upkeep]
|-heal|p2a: Electabuzz|48/100|[from] Grassy Terrain
|-heal|p2b: Rillaboom|93/100|[from] Grassy Terrain
|-heal|p1a: Archaludon|75/100|[from] Grassy Terrain
|upkeep
|
|t:|1756844899
|switch|p1b: Comfey|Comfey, L50, M|100/100
|turn|4
|inactive|Pkmntrnrsteph has 30 seconds left.
|inactive|Pkmntrnrsteph has 20 seconds left.
|
|t:|1756844935
|move|p2a: Electabuzz|Helping Hand|p2b: Rillaboom
|-singleturn|p2b: Rillaboom|Helping Hand|[of] p2a: Electabuzz
|move|p1b: Comfey|Protect|p1b: Comfey
|-singleturn|p1b: Comfey|Protect
|move|p2b: Rillaboom|High Horsepower|p1a: Archaludon
|-supereffective|p1a: Archaludon
|-damage|p1a: Archaludon|51/100
|-ability|p1a: Archaludon|Stamina|boost
|-boost|p1a: Archaludon|def|1
|move|p1a: Archaludon|Electro Shot||[still]
|-prepare|p1a: Archaludon|Electro Shot
|-boost|p1a: Archaludon|spa|1
|-anim|p1a: Archaludon|Electro Shot|p2b: Rillaboom
|-resisted|p2b: Rillaboom
|-damage|p2b: Rillaboom|65/100
|
|-weather|RainDance|[upkeep]
|-heal|p2a: Electabuzz|54/100|[from] Grassy Terrain
|-heal|p2b: Rillaboom|71/100|[from] Grassy Terrain
|-heal|p1a: Archaludon|57/100|[from] Grassy Terrain
|upkeep
|turn|5
|inactive|ladderingwithcalys has 30 seconds left.
|inactive|ladderingwithcalys has 20 seconds left.
|inactive|ladderingwithcalys has 15 seconds left.
|inactive|ladderingwithcalys has 10 seconds left.
|
|t:|1756844982
|switch|p1b: Kingdra|Kingdra, L50, F, shiny|30/100
|move|p2a: Electabuzz|Helping Hand|p2b: Rillaboom
|-singleturn|p2b: Rillaboom|Helping Hand|[of] p2a: Electabuzz
|move|p2b: Rillaboom|Wood Hammer|p1b: Kingdra
|-damage|p1b: Kingdra|0 fnt
|faint|p1b: Kingdra
|-damage|p2b: Rillaboom|62/100|[from] Recoil
|move|p1a: Archaludon|Electro Shot||[still]
|-prepare|p1a: Archaludon|Electro Shot
|-boost|p1a: Archaludon|spa|1
|-anim|p1a: Archaludon|Electro Shot|p2b: Rillaboom
|-resisted|p2b: Rillaboom
|-damage|p2b: Rillaboom|32/100
|
|-weather|none
|-heal|p2a: Electabuzz|60/100|[from] Grassy Terrain
|-heal|p2b: Rillaboom|38/100|[from] Grassy Terrain
|-heal|p1a: Archaludon|63/100|[from] Grassy Terrain
|upkeep
|
|t:|1756844990
|switch|p1b: Comfey|Comfey, L50, M|100/100
|turn|6
|
|t:|1756845006
|switch|p2b: Sneasler|Sneasler, L50, F, shiny|13/100
|move|p1b: Comfey|Protect|p1b: Comfey
|-singleturn|p1b: Comfey|Protect
|move|p2a: Electabuzz|Electroweb|p1b: Comfey|[spread] p1a
|-activate|p1b: Comfey|move: Protect
|-resisted|p1a: Archaludon
|-damage|p1a: Archaludon|60/100
|-unboost|p1a: Archaludon|spe|1
|-ability|p1a: Archaludon|Stamina|boost
|-boost|p1a: Archaludon|def|1
|move|p1a: Archaludon|Flash Cannon|p2b: Sneasler
|-damage|p2b: Sneasler|0 fnt
|faint|p2b: Sneasler
|
|-heal|p2a: Electabuzz|66/100|[from] Grassy Terrain
|-heal|p1a: Archaludon|66/100|[from] Grassy Terrain
|upkeep
|inactive|Pkmntrnrsteph has 30 seconds left.
|
|t:|1756845035
|switch|p2b: Dragapult|Dragapult, L50, F, shiny|100/100
|turn|7
|inactive|Pkmntrnrsteph has 30 seconds left.
|
|t:|1756845062
|-terastallize|p2b: Dragapult|Steel
|move|p2a: Electabuzz|Helping Hand|p2b: Dragapult
|-singleturn|p2b: Dragapult|Helping Hand|[of] p2a: Electabuzz
|move|p1b: Comfey|Floral Healing|p1a: Archaludon
|-heal|p1a: Archaludon|100/100
|move|p2b: Dragapult|Dragon Darts|p1a: Archaludon
|-damage|p1a: Archaludon|91/100
|-anim|p2b: Dragapult|Dragon Darts|p1a: Archaludon
|-damage|p1a: Archaludon|81/100
|move|p1a: Archaludon|Body Press|p2a: Electabuzz
|-damage|p2a: Electabuzz|0 fnt
|faint|p2a: Electabuzz
|
|-heal|p1a: Archaludon|87/100|[from] Grassy Terrain
|-fieldend|move: Grassy Terrain
|upkeep
|
|t:|1756845077
|switch|p2a: Rillaboom|Rillaboom, L50, F|38/100
|-fieldstart|move: Grassy Terrain|[from] ability: Grassy Surge|[of] p2a: Rillaboom
|turn|8
|
|t:|1756845084
|move|p1b: Comfey|Protect|p1b: Comfey
|-singleturn|p1b: Comfey|Protect
|move|p2a: Rillaboom|Fake Out|p1a: Archaludon
|-resisted|p1a: Archaludon
|-damage|p1a: Archaludon|86/100
|move|p2b: Dragapult|Dragon Darts|p1a: Archaludon
|-crit|p1a: Archaludon
|-damage|p1a: Archaludon|45/100
|-anim|p2b: Dragapult|Dragon Darts|p1a: Archaludon
|-crit|p1a: Archaludon
|-damage|p1a: Archaludon|6/100
|cant|p1a: Archaludon|flinch
|
|-heal|p2a: Rillaboom|43/100|[from] Grassy Terrain
|-heal|p1a: Archaludon|12/100|[from] Grassy Terrain
|upkeep
|turn|9
|c|☆ladderingwithcalys|Lmaoo
|c|☆ladderingwithcalys|That would've been dastardly
|inactive|ladderingwithcalys has 30 seconds left.
|
|t:|1756845114
|move|p1b: Comfey|Floral Healing|p1a: Archaludon
|-heal|p1a: Archaludon|79/100
|move|p2b: Dragapult|Dragon Darts|p1a: Archaludon
|-damage|p1a: Archaludon|71/100
|-anim|p2b: Dragapult|Dragon Darts|p1a: Archaludon
|-damage|p1a: Archaludon|63/100
|move|p2a: Rillaboom|Wood Hammer|p1b: Comfey
|-damage|p1b: Comfey|20/100
|-damage|p2a: Rillaboom|23/100|[from] Recoil
|move|p1a: Archaludon|Body Press|p2b: Dragapult
|-supereffective|p2b: Dragapult
|-damage|p2b: Dragapult|0 fnt
|faint|p2b: Dragapult
|
|-heal|p1b: Comfey|26/100|[from] Grassy Terrain
|-heal|p2a: Rillaboom|29/100|[from] Grassy Terrain
|-heal|p1a: Archaludon|69/100|[from] Grassy Terrain
|upkeep
|turn|10
|inactive|ladderingwithcalys has 30 seconds left.
|
|t:|1756845139
|move|p1b: Comfey|Draining Kiss|p2a: Rillaboom
|-damage|p2a: Rillaboom|18/100
|-heal|p1b: Comfey|37/100|[from] drain|[of] p2a: Rillaboom
|move|p2a: Rillaboom|High Horsepower|p1a: Archaludon
|-supereffective|p1a: Archaludon
|-damage|p1a: Archaludon|57/100
|move|p1a: Archaludon|Body Press|p2a: Rillaboom
|-damage|p2a: Rillaboom|0 fnt
|faint|p2a: Rillaboom
|
|win|ladderingwithcalys
