|j|☆new mental
|j|☆imsochove
|html|new mentalimsochove    
|uhtml|bestof|Game 2 of a best-of-3
|t:|1786125563
|gametype|doubles
|player|p1|new mental|volkner|1254
|player|p2|imsochove|102|1267
|gen|9
|tier|[Gen 9 Champions] VGC 2026 Reg M-B (Bo3)
|rated|
|rule|Species Clause: Limit one of each Pokémon
|rule|Item Clause: Limit 1 of each item
|clearpoke
|poke|p1|Charizard, L50, M|
|poke|p1|Garchomp, L50, F|
|poke|p1|Incineroar, L50, F|
|poke|p1|Venusaur, L50, M|
|poke|p1|Toxapex, L50, M|
|poke|p1|Sylveon, L50, M|
|poke|p2|Bellibolt, L50, M|
|poke|p2|Grimmsnarl, L50, M|
|poke|p2|Staraptor, L50, F|
|poke|p2|Hippowdon, L50, F|
|poke|p2|Sinistcha-Masterpiece, L50|
|poke|p2|Raichu, L50, F|
|teampreview|4
|showteam|p1|Charizard||CharizarditeY|Blaze|WeatherBall,HeatWave,AncientPower,Protect|Modest||M|||50|]Garchomp||ChoiceScarf|RoughSkin|RockSlide,DragonClaw,Earthquake,StompingTantrum|Adamant||F|||50|]Incineroar||SitrusBerry|Intimidate|FlareBlitz,FakeOut,DarkestLariat,PartingShot|Impish||F|||50|]Venusaur||LifeOrb|Chlorophyll|SludgeBomb,LeafStorm,EarthPower,Protect|Modest||M|||50|]Toxapex||Leftovers|Regenerator|Infestation,Toxic,WideGuard,BanefulBunker|Bold||M|||50|]Sylveon||FairyFeather|Pixilate|HyperVoice,QuickAttack,Yawn,Detect|Modest||M|||50|
|showteam|p2|Bellibolt||SitrusBerry|Electromorphosis|ParabolicCharge,Thunderbolt,Soak,Protect|Modest||M|||50|]Grimmsnarl||LightClay|Prankster|LightScreen,FoulPlay,Reflect,PartingShot|Sassy||M|||50|]Staraptor||Staraptite|Intimidate|BraveBird,CloseCombat,Roost,Protect|Jolly||F|||50|]Hippowdon||IronBall|SandStream|HighHorsepower,IceFang,HeavySlam,Protect|Brave||F|||50|]Sinistcha-Masterpiece||ColburBerry|Hospitality|MatchaGotcha,RagePowder,TrickRoom,Protect|Bold|||||50|]Raichu||RaichuniteX|LightningRod|VoltTackle,VoltSwitch,FakeOut,Protect|Jolly||F|||50|
|inactive|Battle timer is ON: inactive players will automatically lose when time's up. (requested by new mental)
|
|t:|1786125591
|teamsize|p1|4
|teamsize|p2|4
|start
|switch|p1a: Charizard|Charizard, L50, M|100/100
|switch|p1b: Garchomp|Garchomp, L50, F|100/100
|switch|p2a: Staraptor|Staraptor, L50, F|100/100
|switch|p2b: Grimmsnarl|Grimmsnarl, L50, M|100/100
|-ability|p2a: Staraptor|Intimidate|boost
|-unboost|p1a: Charizard|atk|1
|-unboost|p1b: Garchomp|atk|1
|turn|1
|
|t:|1786125613
|switch|p1b: Sylveon|Sylveon, L50, M|100/100
|detailschange|p2a: Staraptor|Staraptor-Mega, L50, F
|-mega|p2a: Staraptor|Staraptor|Staraptite
|detailschange|p1a: Charizard|Charizard-Mega-Y, L50, M
|-mega|p1a: Charizard|Charizard|Charizardite Y
|-weather|SunnyDay|[from] ability: Drought|[of] p1a: Charizard
|move|p2b: Grimmsnarl|Parting Shot|p1a: Charizard
|-unboost|p1a: Charizard|atk|1
|-unboost|p1a: Charizard|spa|1
|
|t:|1786125623
|switch|p2b: Hippowdon|Hippowdon, L50, F|100/100|[from] Parting Shot
|-weather|Sandstorm|[from] ability: Sand Stream|[of] p2b: Hippowdon
|move|p2a: Staraptor|Close Combat|p1b: Sylveon
|-resisted|p1b: Sylveon|1
|-damage|p1b: Sylveon|74/100
|-boost|p2a: Staraptor|def|1
|-boost|p2a: Staraptor|spd|1
|move|p1a: Charizard|Heat Wave|p2a: Staraptor|[spread] p2b
|-miss|p1a: Charizard|p2a: Staraptor
|-damage|p2b: Hippowdon|72/100
|
|-weather|Sandstorm|[upkeep]
|-damage|p2a: Staraptor|94/100|[from] Sandstorm
|-damage|p1a: Charizard|94/100|[from] Sandstorm
|-damage|p1b: Sylveon|68/100|[from] Sandstorm
|upkeep
|turn|2
|inactive|imsochove has 30 seconds left.
|
|t:|1786125654
|move|p1a: Charizard|Protect|p1a: Charizard
|-singleturn|p1a: Charizard|Protect
|move|p2a: Staraptor|Close Combat|p1a: Charizard
|-activate|p1a: Charizard|move: Protect
|move|p1b: Sylveon|Hyper Voice|p2a: Staraptor|[spread] p2a,p2b
|-supereffective|p2a: Staraptor|1
|-damage|p2a: Staraptor|32/100
|-damage|p2b: Hippowdon|28/100
|move|p2b: Hippowdon|Heavy Slam|p1b: Sylveon
|-supereffective|p1b: Sylveon|1
|-damage|p1b: Sylveon|0 fnt
|faint|p1b: Sylveon
|
|-weather|Sandstorm|[upkeep]
|-damage|p2a: Staraptor|26/100|[from] Sandstorm
|-damage|p1a: Charizard|88/100|[from] Sandstorm
|upkeep
|
|t:|1786125661
|switch|p1b: Garchomp|Garchomp, L50, F|100/100
|turn|3
|
|t:|1786125683
|switch|p2b: Sinistcha|Sinistcha-Masterpiece, L50|100/100
|-heal|p2a: Staraptor|51/100|[from] ability: Hospitality|[of] p2b: Sinistcha
|move|p1b: Garchomp|Dragon Claw|p2a: Staraptor
|-damage|p2a: Staraptor|24/100
|move|p2a: Staraptor|Roost|p2a: Staraptor
|-heal|p2a: Staraptor|74/100
|-singleturn|p2a: Staraptor|move: Roost
|move|p1a: Charizard|Heat Wave|p2a: Staraptor|[spread] p2a,p2b
|-supereffective|p2b: Sinistcha|1
|-damage|p2a: Staraptor|57/100
|-damage|p2b: Sinistcha|41/100
|
|-weather|Sandstorm|[upkeep]
|-damage|p2a: Staraptor|51/100|[from] Sandstorm
|-damage|p1a: Charizard|82/100|[from] Sandstorm
|-damage|p2b: Sinistcha|35/100|[from] Sandstorm
|upkeep
|turn|4
|
|t:|1786125698
|switch|p2b: Grimmsnarl|Grimmsnarl, L50, M|100/100
|move|p2a: Staraptor|Protect|p2a: Staraptor
|-singleturn|p2a: Staraptor|Protect
|move|p1b: Garchomp|Dragon Claw|p2a: Staraptor
|-activate|p2a: Staraptor|move: Protect
|move|p1a: Charizard|Heat Wave|p2b: Grimmsnarl|[spread] p2b
|-activate|p2a: Staraptor|move: Protect
|-damage|p2b: Grimmsnarl|74/100
|
|-weather|Sandstorm|[upkeep]
|-damage|p2a: Staraptor|45/100|[from] Sandstorm
|-damage|p1a: Charizard|76/100|[from] Sandstorm
|-damage|p2b: Grimmsnarl|68/100|[from] Sandstorm
|upkeep
|turn|5
|
|t:|1786125715
|switch|p1b: Venusaur|Venusaur, L50, M|100/100
|move|p2b: Grimmsnarl|Reflect|p2b: Grimmsnarl
|-sidestart|p2: imsochove|Reflect
|move|p2a: Staraptor|Roost|p2a: Staraptor
|-heal|p2a: Staraptor|95/100
|-singleturn|p2a: Staraptor|move: Roost
|move|p1a: Charizard|Heat Wave|p2b: Grimmsnarl|[spread] p2a,p2b
|-damage|p2a: Staraptor|76/100
|-damage|p2b: Grimmsnarl|39/100
|-status|p2b: Grimmsnarl|brn
|
|-weather|none
|-damage|p2b: Grimmsnarl|33/100 brn|[from] brn
|upkeep
|turn|6
|
|t:|1786125738
|switch|p1a: Garchomp|Garchomp, L50, F|100/100
|move|p1b: Venusaur|Protect|p1b: Venusaur
|-singleturn|p1b: Venusaur|Protect
|move|p2b: Grimmsnarl|Light Screen|p2b: Grimmsnarl
|-sidestart|p2: imsochove|move: Light Screen
|move|p2a: Staraptor|Brave Bird|p1b: Venusaur
|-activate|p1b: Venusaur|move: Protect
|
|-damage|p2b: Grimmsnarl|27/100 brn|[from] brn
|upkeep
|turn|7
|
|t:|1786125749
|switch|p1a: Charizard|Charizard-Mega-Y, L50, M|76/100
|-weather|SunnyDay|[from] ability: Drought|[of] p1a: Charizard
|move|p2b: Grimmsnarl|Parting Shot|p1a: Charizard
|-unboost|p1a: Charizard|atk|1
|-unboost|p1a: Charizard|spa|1
|
|t:|1786125756
|switch|p2b: Hippowdon|Hippowdon, L50, F|28/100|[from] Parting Shot
|-weather|Sandstorm|[from] ability: Sand Stream|[of] p2b: Hippowdon
|move|p2a: Staraptor|Brave Bird|p1b: Venusaur
|-supereffective|p1b: Venusaur|1
|-damage|p1b: Venusaur|0 fnt
|faint|p1b: Venusaur
|-damage|p2a: Staraptor|48/100|[from] Recoil
|
|-weather|Sandstorm|[upkeep]
|-damage|p2a: Staraptor|42/100|[from] Sandstorm
|-damage|p1a: Charizard|70/100|[from] Sandstorm
|upkeep
|
|t:|1786125758
|switch|p1b: Garchomp|Garchomp, L50, F|100/100
|turn|8
|
|t:|1786125772
|move|p2a: Staraptor|Protect|p2a: Staraptor
|-singleturn|p2a: Staraptor|Protect
|move|p1b: Garchomp|Dragon Claw|p2b: Hippowdon
|-damage|p2b: Hippowdon|4/100
|move|p1a: Charizard|Heat Wave|p2a: Staraptor|[spread] p2b
|-activate|p2a: Staraptor|move: Protect
|-damage|p2b: Hippowdon|0 fnt
|faint|p2b: Hippowdon
|
|-weather|Sandstorm|[upkeep]
|-damage|p2a: Staraptor|37/100|[from] Sandstorm
|-damage|p1a: Charizard|64/100|[from] Sandstorm
|upkeep
|
|t:|1786125780
|switch|p2b: Grimmsnarl|Grimmsnarl, L50, M|27/100 brn
|turn|9
|
|t:|1786125789
|move|p2b: Grimmsnarl|Parting Shot|p1b: Garchomp
|-unboost|p1b: Garchomp|atk|1
|-unboost|p1b: Garchomp|spa|1
|
|t:|1786125792
|switch|p2b: Sinistcha|Sinistcha-Masterpiece, L50|35/100|[from] Parting Shot
|-heal|p2a: Staraptor|61/100|[from] ability: Hospitality|[of] p2b: Sinistcha
|move|p1b: Garchomp|Dragon Claw|p2a: Staraptor
|-damage|p2a: Staraptor|50/100g
|move|p2a: Staraptor|Roost|p2a: Staraptor
|-heal|p2a: Staraptor|100/100
|-singleturn|p2a: Staraptor|move: Roost
|move|p1a: Charizard|Heat Wave|p2a: Staraptor|[spread] p2b
|-miss|p1a: Charizard|p2a: Staraptor
|-supereffective|p2b: Sinistcha|1
|-damage|p2b: Sinistcha|0 fnt
|faint|p2b: Sinistcha
|
|-weather|Sandstorm|[upkeep]
|-damage|p2a: Staraptor|94/100|[from] Sandstorm
|-damage|p1a: Charizard|58/100|[from] Sandstorm
|upkeep
|
|t:|1786125794
|switch|p2b: Grimmsnarl|Grimmsnarl, L50, M|27/100 brn
|turn|10
|
|t:|1786125815
|move|p2b: Grimmsnarl|Parting Shot|p1b: Garchomp
|-unboost|p1b: Garchomp|atk|1
|-unboost|p1b: Garchomp|spa|1
|move|p1b: Garchomp|Dragon Claw|p2a: Staraptor
|-damage|p2a: Staraptor|83/100
|move|p2a: Staraptor|Close Combat|p1b: Garchomp
|-damage|p1b: Garchomp|49/100
|-boost|p2a: Staraptor|def|1
|-boost|p2a: Staraptor|spd|1
|-damage|p2a: Staraptor|70/100|[from] ability: Rough Skin|[of] p1b: Garchomp
|move|p1a: Charizard|Heat Wave|p2b: Grimmsnarl|[spread] p2a,p2b
|-crit|p2b: Grimmsnarl
|-damage|p2a: Staraptor|61/100
|-damage|p2b: Grimmsnarl|0 fnt
|faint|p2b: Grimmsnarl
|
|-weather|Sandstorm|[upkeep]
|-damage|p2a: Staraptor|56/100|[from] Sandstorm
|-damage|p1a: Charizard|52/100|[from] Sandstorm
|upkeep
|turn|11
|
|t:|1786125828
|move|p1b: Garchomp|Dragon Claw|p2a: Staraptor
|-damage|p2a: Staraptor|48/100
|move|p2a: Staraptor|Close Combat|p1b: Garchomp
|-damage|p1b: Garchomp|0 fnt
|-boost|p2a: Staraptor|def|1
|-boost|p2a: Staraptor|spd|1
|-damage|p2a: Staraptor|36/100|[from] ability: Rough Skin|[of] p1b: Garchomp
|faint|p1b: Garchomp
|move|p1a: Charizard|Heat Wave|p2a: Staraptor
|-damage|p2a: Staraptor|25/100
|
|-weather|none
|upkeep
|turn|12
|
|t:|1786125834
|move|p2a: Staraptor|Brave Bird|p1a: Charizard
|-damage|p1a: Charizard|0 fnt
|faint|p1a: Charizard
|-damage|p2a: Staraptor|10/100|[from] Recoil
|
|win|imsochove
|raw|new mental's rating: 1254 → 1230(-24 for losing)
|raw|imsochove's rating: 1267 → 1291(+24 for winning)
