|j|☆Jaime Huertas
|j|☆new mental
|html|Jaime Huertasnew mental    
|uhtml|bestof|Game 1 of a best-of-3
|t:|1783507340
|gametype|doubles
|player|p1|Jaime Huertas|ghetsis|1214
|player|p2|new mental|volkner|1261
|gen|9
|tier|[Gen 9 Champions] VGC 2026 Reg M-B (Bo3)
|rated|
|rule|Species Clause: Limit one of each Pokémon
|rule|Item Clause: Limit 1 of each item
|clearpoke
|poke|p1|Blastoise, L50, F|
|poke|p1|Sinistcha, L50|
|poke|p1|Sneasler, L50, M|
|poke|p1|Incineroar, L50, M|
|poke|p1|Delphox, L50, F|
|poke|p1|Maushold, L50|
|poke|p2|Aerodactyl, L50, M|
|poke|p2|Garchomp, L50, M|
|poke|p2|Kingambit, L50, M|
|poke|p2|Charizard, L50, F|
|poke|p2|Sylveon, L50, M|
|poke|p2|Farigiraf, L50, M|
|teampreview|4
|showteam|p1|Blastoise||Blastoisinite|Torrent|WaterSpout,Protect,ShellSmash,DarkPulse|Modest||F|||50|]Sinistcha||OccaBerry|Hospitality|TrickRoom,Protect,MatchaGotcha,RagePowder|Bold|||||50|]Sneasler||FocusSash|PoisonTouch|FakeOut,QuickGuard,DireClaw,CloseCombat|Adamant||M|||50|]Incineroar||SitrusBerry|Intimidate|FakeOut,PartingShot,HelpingHand,FlareBlitz|Careful||M|||50|]Delphox||Delphoxite|Blaze|HeatWave,Psyshock,Protect,NastyPlot|Modest||F|||50|]Maushold||ChopleBerry|FriendGuard|Feint,Protect,SuperFang,FollowMe|Impish|||||50|
|showteam|p2|Aerodactyl||Aerodactylite|Unnerve|IceFang,RockSlide,Tailwind,DualWingbeat|Jolly||M|||50|]Garchomp||LifeOrb|RoughSkin|DragonClaw,StompingTantrum,Earthquake,Protect|Jolly||M|||50|]Kingambit||FocusSash|Defiant|SuckerPunch,KowtowCleave,IronHead,LowKick|Adamant||M|||50|]Charizard||CharizarditeY|SolarPower|Protect,HeatWave,SolarBeam,WeatherBall|Modest||F|||50|]Sylveon||FairyFeather|Pixilate|Protect,HyperVoice,HyperBeam,QuickAttack|Modest||M|||50|]Farigiraf||SitrusBerry|ArmorTail|TrickRoom,Thunderbolt,Psychic,Roar|Bold||M|||50|
|
|t:|1783507366
|teamsize|p1|4
|teamsize|p2|4
|start
|switch|p1a: Maushold|Maushold, L50|100/100
|switch|p1b: Blastoise|Blastoise, L50, F|100/100
|switch|p2a: Charizard|Charizard, L50, F|100/100
|switch|p2b: Kingambit|Kingambit, L50, M|100/100
|turn|1
|inactive|Battle timer is ON: inactive players will automatically lose when time's up. (requested by new mental)
|
|t:|1783507414
|detailschange|p2a: Charizard|Charizard-Mega-Y, L50, F
|-mega|p2a: Charizard|Charizard|Charizardite Y
|-weather|SunnyDay|[from] ability: Drought|[of] p2a: Charizard
|detailschange|p1b: Blastoise|Blastoise-Mega, L50, F
|-mega|p1b: Blastoise|Blastoise|Blastoisinite
|move|p1a: Maushold|Follow Me|p1a: Maushold
|-singleturn|p1a: Maushold|move: Follow Me
|move|p2a: Charizard|Heat Wave|p1a: Maushold|[spread] p1a,p1b
|-resisted|p1b: Blastoise|1
|-damage|p1a: Maushold|35/100
|-damage|p1b: Blastoise|78/100
|-status|p1b: Blastoise|brn
|move|p1b: Blastoise|Water Spout|p2b: Kingambit|[spread] p2a,p2b
|-supereffective|p2a: Charizard|1
|-damage|p2a: Charizard|59/100
|-damage|p2b: Kingambit|71/100
|move|p2b: Kingambit|Kowtow Cleave|p1a: Maushold
|-damage|p1a: Maushold|0 fnt
|faint|p1a: Maushold
|
|-weather|SunnyDay|[upkeep]
|-damage|p1b: Blastoise|72/100 brn|[from] brn
|upkeep
|
|t:|1783507433
|switch|p1a: Sinistcha|Sinistcha, L50|100/100
|-heal|p1b: Blastoise|97/100 brn|[from] ability: Hospitality|[of] p1a: Sinistcha
|turn|2
|
|t:|1783507440
|move|p1a: Sinistcha|Rage Powder|p1a: Sinistcha
|-singleturn|p1a: Sinistcha|move: Rage Powder
|move|p2a: Charizard|Heat Wave|p1b: Blastoise|[spread] p1a,p1b
|-supereffective|p1a: Sinistcha|1
|-enditem|p1a: Sinistcha|Occa Berry|[eat]
|-enditem|p1a: Sinistcha|Occa Berry|[weaken]
|-resisted|p1b: Blastoise|1
|-damage|p1a: Sinistcha|46/100
|-damage|p1b: Blastoise|64/100 brn
|move|p1b: Blastoise|Shell Smash|p1b: Blastoise
|-unboost|p1b: Blastoise|def|1
|-unboost|p1b: Blastoise|spd|1
|-boost|p1b: Blastoise|atk|2
|-boost|p1b: Blastoise|spa|2
|-boost|p1b: Blastoise|spe|2
|move|p2b: Kingambit|Kowtow Cleave|p1a: Sinistcha
|-supereffective|p1a: Sinistcha|1
|-damage|p1a: Sinistcha|0 fnt
|faint|p1a: Sinistcha
|
|-weather|SunnyDay|[upkeep]
|-damage|p1b: Blastoise|58/100 brn|[from] brn
|upkeep
|
|t:|1783507453
|switch|p1a: Sneasler|Sneasler, L50, M|100/100
|turn|3
|
|t:|1783507460
|switch|p2a: Farigiraf|Farigiraf, L50, M|100/100
|move|p1a: Sneasler|Quick Guard|p1a: Sneasler
|-singleturn|p1a: Sneasler|Quick Guard
|move|p2b: Kingambit|Sucker Punch|p1b: Blastoise
|-activate|p1b: Blastoise|move: Quick Guard
|move|p1b: Blastoise|Water Spout|p2a: Farigiraf|[spread] p2a,p2b
|-damage|p2a: Farigiraf|64/100
|-damage|p2b: Kingambit|26/100
|
|-weather|SunnyDay|[upkeep]
|-damage|p1b: Blastoise|52/100 brn|[from] brn
|upkeep
|turn|4
|inactive|new mental has 30 seconds left.
|
|t:|1783507487
|move|p1b: Blastoise|Protect|p1b: Blastoise
|-singleturn|p1b: Blastoise|Protect
|move|p1a: Sneasler|Close Combat|p2b: Kingambit
|-supereffective|p2b: Kingambit|2
|-damage|p2b: Kingambit|0 fnt
|-unboost|p1a: Sneasler|def|1
|-unboost|p1a: Sneasler|spd|1
|faint|p2b: Kingambit
|move|p2a: Farigiraf|Trick Room|p2a: Farigiraf
|-fieldstart|move: Trick Room|[of] p2a: Farigiraf
|
|-weather|SunnyDay|[upkeep]
|-damage|p1b: Blastoise|47/100 brn|[from] brn
|upkeep
|
|t:|1783507491
|switch|p2b: Charizard|Charizard-Mega-Y, L50, F|59/100
|turn|5
|
|t:|1783507501
|move|p1b: Blastoise|Protect||[still]
|-fail|p1b: Blastoise
|move|p2a: Farigiraf|Psychic|p1a: Sneasler
|-supereffective|p1a: Sneasler|2
|-enditem|p1a: Sneasler|Focus Sash
|-damage|p1a: Sneasler|1/100
|move|p2b: Charizard|Heat Wave|p1b: Blastoise|[spread] p1a,p1b
|-resisted|p1b: Blastoise|1
|-damage|p1a: Sneasler|0 fnt
|-damage|p1b: Blastoise|4/100 brn
|faint|p1a: Sneasler
|
|-weather|none
|-damage|p1b: Blastoise|0 fnt|[from] brn
|faint|p1b: Blastoise
|
|win|new mental
||Jaime Huertas is ready for game 2.
||new mental is ready for game 2.
|uhtml|next|Next: Game 2 of 3
