|j|☆HunterOnShowdown
|j|☆Pelistorming
|html|HunterOnShowdownPelistorming    
|uhtml|bestof|Game 3 of a best-of-3
|t:|1755189647
|gametype|doubles
|player|p1|HunterOnShowdown|hilbert-masters2|1288
|player|p2|Pelistorming|winona|1317
|gen|9
|tier|[Gen 9] VGC 2025 Reg H (Bo3)
|rated|
|rule|Species Clause: Limit one of each Pokémon
|rule|Item Clause: Limit 1 of each item
|clearpoke
|poke|p1|Volcarona, L50, F|
|poke|p1|Sneasler, L50, M|
|poke|p1|Dragapult, L50, F|
|poke|p1|Rillaboom, L50, F|
|poke|p1|Archaludon, L50, M|
|poke|p1|Clefable, L50, M|
|poke|p2|Kingambit, L50, F|
|poke|p2|Sneasler, L50, F|
|poke|p2|Magmar, L50, M|
|poke|p2|Rillaboom, L50, M|
|poke|p2|Dragapult, L50, M|
|poke|p2|Pelipper, L50, M|
|teampreview|4
|showteam|p1|Volcarona||Leftovers|FlameBody|FieryDance,QuiverDance,TeraBlast,Protect|||F|||50|,,,,,Dragon]Sneasler||FocusSash|Unburden|Coaching,CloseCombat,DireClaw,FakeOut|||M|||50|,,,,,Ghost]Dragapult||ChoiceBand|ClearBody|Outrage,DragonDarts,PhantomForce,Uturn|||F|||50|,,,,,Fairy]Rillaboom||AssaultVest|GrassySurge|KnockOff,GrassyGlide,WoodHammer,FakeOut|||F|||50|,,,,,Fire]Archaludon||PowerHerb|Sturdy|DragonPulse,FlashCannon,ElectroShot,Protect|||M|||50|,,,,,Stellar]Clefable||SafetyGoggles|Unaware|Moonblast,HelpingHand,FollowMe,Protect|||M|||50|,,,,,Water
|showteam|p2|Kingambit||BlackGlasses|Defiant|KowtowCleave,SuckerPunch,SwordsDance,Protect|||F|||50|,,,,,Ghost]Sneasler||FocusSash|PoisonTouch|CloseCombat,DireClaw,FakeOut,Protect|||F|||50|,,,,,Stellar]Magmar||Eviolite|VitalSpirit|Overheat,WillOWisp,FollowMe,Protect|||M|||50|,,,,,Ghost]Rillaboom||AssaultVest|GrassySurge|WoodHammer,GrassyGlide,HighHorsepower,FakeOut|||M|||50|,,,,,Fire]Dragapult||ChoiceBand|ClearBody|DragonDarts,PhantomForce,Outrage,Uturn|||M|||50|,,,,,Dragon]Pelipper||LifeOrb|Drizzle|WeatherBall,Hurricane,Protect,WideGuard|||M|||50|,,,,,Stellar
|inactive|Battle timer is ON: inactive players will automatically lose when time's up. (requested by HunterOnShowdown)
|
|t:|1755189677
|teamsize|p1|4
|teamsize|p2|4
|start
|switch|p1a: Volcarona|Volcarona, L50, F|100/100
|switch|p1b: Rillaboom|Rillaboom, L50, F|100/100
|switch|p2a: Dragapult|Dragapult, L50, M|100/100
|switch|p2b: Sneasler|Sneasler, L50, F|100/100
|-fieldstart|move: Grassy Terrain|[from] ability: Grassy Surge|[of] p1b: Rillaboom
|turn|1
|inactive|Pelistorming has 30 seconds left.
|
|t:|1755189709
|-terastallize|p2a: Dragapult|Dragon
|move|p2a: Dragapult|Outrage|p1a: Volcarona
|-damage|p1a: Volcarona|0 fnt
|faint|p1a: Volcarona
|move|p2b: Sneasler|Dire Claw|p1b: Rillaboom
|-supereffective|p1b: Rillaboom
|-damage|p1b: Rillaboom|15/100
|-status|p1b: Rillaboom|par
|move|p1b: Rillaboom|Knock Off|p2a: Dragapult
|-damage|p2a: Dragapult|62/100
|-enditem|p2a: Dragapult|Choice Band|[from] move: Knock Off|[of] p1b: Rillaboom
|
|-heal|p2a: Dragapult|68/100|[from] Grassy Terrain
|-heal|p1b: Rillaboom|22/100 par|[from] Grassy Terrain
|upkeep
|
|t:|1755189717
|switch|p1a: Dragapult|Dragapult, L50, F|100/100
|turn|2
|
|t:|1755189725
|move|p1b: Rillaboom|Grassy Glide|p2b: Sneasler
|-resisted|p2b: Sneasler
|-damage|p2b: Sneasler|73/100
|move|p1a: Dragapult|Dragon Darts|p2a: Dragapult
|-supereffective|p2a: Dragapult
|-crit|p2a: Dragapult
|-damage|p2a: Dragapult|0 fnt
|-anim|p1a: Dragapult|Dragon Darts|p2b: Sneasler
|-damage|p2b: Sneasler|9/100
|faint|p2a: Dragapult
|move|p2b: Sneasler|Dire Claw|p1a: Dragapult
|-resisted|p1a: Dragapult
|-damage|p1a: Dragapult|71/100
|-status|p1a: Dragapult|slp
|
|-heal|p1a: Dragapult|77/100 slp|[from] Grassy Terrain
|-heal|p2b: Sneasler|15/100|[from] Grassy Terrain
|-heal|p1b: Rillaboom|28/100 par|[from] Grassy Terrain
|upkeep
|
|t:|1755189736
|switch|p2a: Magmar|Magmar, L50, M|100/100
|turn|3
|
|t:|1755189744
|switch|p2b: Kingambit|Kingambit, L50, F|100/100
|cant|p1a: Dragapult|slp
|move|p2a: Magmar|Overheat|p1b: Rillaboom
|-supereffective|p1b: Rillaboom
|-damage|p1b: Rillaboom|0 fnt
|-unboost|p2a: Magmar|spa|2
|faint|p1b: Rillaboom
|
|-heal|p1a: Dragapult|83/100 slp|[from] Grassy Terrain
|upkeep
|
|t:|1755189751
|switch|p1b: Sneasler|Sneasler, L50, M|100/100
|turn|4
|
|t:|1755189757
|-terastallize|p1a: Dragapult|Fairy
|move|p2b: Kingambit|Protect|p2b: Kingambit
|-singleturn|p2b: Kingambit|Protect
|cant|p1a: Dragapult|slp
|move|p1b: Sneasler|Coaching|p1a: Dragapult
|-boost|p1a: Dragapult|atk|1
|-boost|p1a: Dragapult|def|1
|move|p2a: Magmar|Will-O-Wisp|p1b: Sneasler
|-status|p1b: Sneasler|brn
|
|-heal|p1a: Dragapult|89/100 slp|[from] Grassy Terrain
|-damage|p1b: Sneasler|95/100 brn|[from] brn
|upkeep
|turn|5
|
|t:|1755189775
|move|p2a: Magmar|Follow Me|p2a: Magmar
|-singleturn|p2a: Magmar|move: Follow Me
|-curestatus|p1a: Dragapult|slp|[msg]
|move|p1a: Dragapult|Dragon Darts|p2a: Magmar
|-damage|p2a: Magmar|56/100
|-anim|p1a: Dragapult|Dragon Darts|p2a: Magmar
|-crit|p2a: Magmar
|-damage|p2a: Magmar|0 fnt
|faint|p2a: Magmar
|move|p1b: Sneasler|Close Combat|p2b: Kingambit
|-supereffective|p2b: Kingambit
|-damage|p2b: Kingambit|7/100
|-unboost|p1b: Sneasler|def|1
|-unboost|p1b: Sneasler|spd|1
|move|p2b: Kingambit|Swords Dance|p2b: Kingambit
|-boost|p2b: Kingambit|atk|2
|
|-heal|p1a: Dragapult|96/100|[from] Grassy Terrain
|-heal|p1b: Sneasler|100/100 brn|[from] Grassy Terrain
|-heal|p2b: Kingambit|13/100|[from] Grassy Terrain
|-damage|p1b: Sneasler|95/100 brn|[from] brn
|-fieldend|move: Grassy Terrain
|upkeep
|c|☆Pelistorming|man isnt this format super good and not rng based
|
|t:|1755189798
|switch|p2a: Sneasler|Sneasler, L50, F|15/100
|turn|6
|
|t:|1755189815
|move|p2a: Sneasler|Fake Out|p1a: Dragapult
|-damage|p1a: Dragapult|82/100
|move|p2b: Kingambit|Sucker Punch||[still]
|-fail|p2b: Kingambit
|cant|p1a: Dragapult|flinch
|move|p1b: Sneasler|Coaching|p1a: Dragapult
|-boost|p1a: Dragapult|atk|1
|-boost|p1a: Dragapult|def|1
|
|-damage|p1b: Sneasler|89/100 brn|[from] brn
|upkeep
|turn|7
|c|☆HunterOnShowdown|not in the slightest
|
|t:|1755189829
|move|p2b: Kingambit|Sucker Punch|p1a: Dragapult
|-resisted|p1a: Dragapult
|-damage|p1a: Dragapult|45/100
|move|p1a: Dragapult|Dragon Darts|p2a: Sneasler
|-damage|p2a: Sneasler|0 fnt
|-anim|p1a: Dragapult|Dragon Darts|p2b: Kingambit
|-resisted|p2b: Kingambit
|-damage|p2b: Kingambit|0 fnt
|faint|p2a: Sneasler
|faint|p2b: Kingambit
|
|win|HunterOnShowdown
|raw|HunterOnShowdown's rating: 1288 → 1315(+27 for winning)
|raw|Pelistorming's rating: 1317 → 1295(-22 for losing)
