|j|☆HADES055
|j|☆Uncreative7452
|html|HADES055Uncreative7452    
|uhtml|bestof|Game 2 of a best-of-3
|t:|1756353623
|gametype|doubles
|player|p1|HADES055|pokemaniac|1048
|player|p2|Uncreative7452|266|1094
|gen|9
|tier|[Gen 9] VGC 2025 Reg H (Bo3)
|rated|
|rule|Species Clause: Limit one of each Pokémon
|rule|Item Clause: Limit 1 of each item
|clearpoke
|poke|p1|Dragapult, L50, F|
|poke|p1|Decidueye-Hisui, L50, M|
|poke|p1|Samurott-Hisui, L50, M|
|poke|p1|Arcanine-Hisui, L50, F|
|poke|p1|Gholdengo, L50|
|poke|p1|Whimsicott, L50, M|
|poke|p2|Porygon2, L50|
|poke|p2|Reuniclus, L50, F|
|poke|p2|Alcremie, L50, F|
|poke|p2|Chesnaught, L50, M|
|poke|p2|Pincurchin, L50, M|
|poke|p2|Kingambit, L50, M|
|teampreview|4
|showteam|p1|Dragapult||ChoiceBand|ClearBody|DragonDarts,DragonClaw,Uturn,GigaImpact|||F|||50|,,,,,Dragon]Decidueye-Hisui||ChoiceScarf|Scrappy|CloseCombat,TripleArrows,LeafBlade,BraveBird|||M|||50|,,,,,Ghost]Samurott-Hisui||AssaultVest|Sharpness|CeaselessEdge,RazorShell,SacredSword,SuckerPunch|||M|||50|,,,,,Dark]Arcanine-Hisui||FocusSash|RockHead|FlareBlitz,RockSlide,ExtremeSpeed,CloseCombat|||F|||50|,,,,,Grass]Gholdengo||ChoiceSpecs|GoodasGold|MakeItRain,ShadowBall,Thunderbolt,Trick||||||50|,,,,,Steel]Whimsicott||CovertCloak|Prankster|Tailwind,Moonblast,Tickle,LightScreen|||M|||50|,,,,,Water
|showteam|p2|Porygon2||Eviolite|Download|IceBeam,TeraBlast,TrickRoom,Recover||||||50|,,,,,Fighting]Reuniclus||CovertCloak|Overcoat|ExpandingForce,ShadowBall,TrickRoom,Protect|||F|||50|,,,,,Dark]Alcremie||RoomService|AromaVeil|AlluringVoice,Decorate,Protect,HelpingHand|||F|||50|,,,,,Steel]Chesnaught||ElectricSeed|Bulletproof|LeechSeed,WideGuard,BodyPress,SpikyShield|||M|||50|,,,,,Steel]Pincurchin||FocusSash|ElectricSurge|SupercellSlam,ZingZap,PainSplit,Protect|||M|||50|,,,,,Electric]Kingambit||AssaultVest|Defiant|IronHead,SuckerPunch,TeraBlast,KowtowCleave|||M|||50|,,,,,Flying
|inactive|Battle timer is ON: inactive players will automatically lose when time's up. (requested by HADES055)
|
|t:|1756353644
|teamsize|p1|4
|teamsize|p2|4
|start
|switch|p1a: Samurott|Samurott-Hisui, L50, M|100/100
|switch|p1b: Whimsicott|Whimsicott, L50, M|100/100
|switch|p2a: Kingambit|Kingambit, L50, M|100/100
|switch|p2b: Porygon2|Porygon2, L50|100/100
|-ability|p2b: Porygon2|Download|boost
|-boost|p2b: Porygon2|spa|1
|turn|1
|
|t:|1756353657
|move|p1b: Whimsicott|Tickle|p2b: Porygon2
|-unboost|p2b: Porygon2|atk|1
|-unboost|p2b: Porygon2|def|1
|move|p1a: Samurott|Sacred Sword|p2b: Porygon2
|-supereffective|p2b: Porygon2
|-damage|p2b: Porygon2|54/100
|move|p2a: Kingambit|Iron Head|p1b: Whimsicott
|-supereffective|p1b: Whimsicott
|-crit|p1b: Whimsicott
|-damage|p1b: Whimsicott|0 fnt
|faint|p1b: Whimsicott
|move|p2b: Porygon2|Trick Room|p2b: Porygon2
|-fieldstart|move: Trick Room|[of] p2b: Porygon2
|
|upkeep
|
|t:|1756353670
|switch|p1b: Arcanine|Arcanine-Hisui, L50, F|100/100
|turn|2
|
|t:|1756353690
|move|p2a: Kingambit|Kowtow Cleave|p1b: Arcanine
|-damage|p1b: Arcanine|39/100
|move|p2b: Porygon2|Tera Blast|p1b: Arcanine
|-resisted|p1b: Arcanine
|-damage|p1b: Arcanine|9/100
|move|p1a: Samurott|Sacred Sword|p2a: Kingambit
|-supereffective|p2a: Kingambit
|-damage|p2a: Kingambit|0 fnt
|faint|p2a: Kingambit
|move|p1b: Arcanine|Close Combat|p2b: Porygon2
|-supereffective|p2b: Porygon2
|-damage|p2b: Porygon2|0 fnt
|-unboost|p1b: Arcanine|def|1
|-unboost|p1b: Arcanine|spd|1
|faint|p2b: Porygon2
|
|upkeep
|
|t:|1756353698
|switch|p2a: Chesnaught|Chesnaught, L50, M|100/100
|switch|p2b: Alcremie|Alcremie, L50, F|100/100
|-enditem|p2b: Alcremie|Room Service
|-unboost|p2b: Alcremie|spe|1|[from] item: Room Service
|turn|3
|
|t:|1756353716
|move|p1b: Arcanine|Extreme Speed|p2a: Chesnaught
|-crit|p2a: Chesnaught
|-damage|p2a: Chesnaught|79/100
|move|p1a: Samurott|Sucker Punch|p2a: Chesnaught
|-resisted|p2a: Chesnaught
|-damage|p2a: Chesnaught|70/100
|move|p2b: Alcremie|Alluring Voice|p1b: Arcanine
|-resisted|p1b: Arcanine
|-damage|p1b: Arcanine|0 fnt
|faint|p1b: Arcanine
|move|p2a: Chesnaught|Body Press|p1a: Samurott
|-supereffective|p1a: Samurott
|-damage|p1a: Samurott|0 fnt
|faint|p1a: Samurott
|
|upkeep
|
|t:|1756353722
|switch|p1a: Gholdengo|Gholdengo, L50|100/100
|turn|4
|
|t:|1756353746
|-terastallize|p1a: Gholdengo|Steel
|move|p2b: Alcremie|Protect|p2b: Alcremie
|-singleturn|p2b: Alcremie|Protect
|move|p2a: Chesnaught|Spiky Shield|p2a: Chesnaught
|-singleturn|p2a: Chesnaught|move: Protect
|move|p1a: Gholdengo|Make It Rain|p2a: Chesnaught|[spread] 
|-activate|p2a: Chesnaught|move: Protect
|-activate|p2b: Alcremie|move: Protect
|
|upkeep
|turn|5
|
|t:|1756353759
|move|p2a: Chesnaught|Wide Guard|p2a: Chesnaught
|-singleturn|p2a: Chesnaught|Wide Guard
|move|p2b: Alcremie|Alluring Voice|p1a: Gholdengo
|-resisted|p1a: Gholdengo
|-damage|p1a: Gholdengo|85/100
|move|p1a: Gholdengo|Make It Rain|p2b: Alcremie|[spread] 
|-activate|p2a: Chesnaught|move: Wide Guard
|-activate|p2b: Alcremie|move: Wide Guard
|
|-fieldend|move: Trick Room
|upkeep
|turn|6
|
|t:|1756353768
|move|p2a: Chesnaught|Wide Guard|p2a: Chesnaught
|-singleturn|p2a: Chesnaught|Wide Guard
|move|p1a: Gholdengo|Make It Rain|p2b: Alcremie|[spread] 
|-activate|p2a: Chesnaught|move: Wide Guard
|-activate|p2b: Alcremie|move: Wide Guard
|move|p2b: Alcremie|Alluring Voice|p1a: Gholdengo
|-resisted|p1a: Gholdengo
|-damage|p1a: Gholdengo|69/100
|
|upkeep
|turn|7
|-message|HADES055 forfeited.
|
|win|Uncreative7452
||Uncreative7452 is ready for game 3.
||HADES055 is ready for game 3.
|uhtml|next|Next: Game 3 of 3
|l|☆HADES055
|player|p1|
