|j|☆EW 3232122
|j|☆toxiccroc12
|html|EW 3232122toxiccroc12    
|uhtml|bestof|Game 1 of a best-of-3
|t:|1784335025
|gametype|doubles
|player|p1|EW 3232122|jasmine|1116
|player|p2|toxiccroc12|101|1087
|gen|9
|tier|[Gen 9 Champions] VGC 2026 Reg M-B (Bo3)
|rated|
|rule|Species Clause: Limit one of each Pokémon
|rule|Item Clause: Limit 1 of each item
|clearpoke
|poke|p1|Raichu, L50, M|
|poke|p1|Whimsicott, L50, F|
|poke|p1|Kingambit, L50, F|
|poke|p1|Basculegion, L50, M|
|poke|p1|Charizard, L50, F|
|poke|p1|Farigiraf, L50, M|
|poke|p2|Floette-Eternal, L50, F|
|poke|p2|Incineroar, L50, M|
|poke|p2|Sinistcha, L50|
|poke|p2|Delphox, L50, M|
|poke|p2|Sneasler, L50, F|
|poke|p2|Kingambit, L50, M|
|teampreview|4
|showteam|p1|Raichu||RaichuniteY|LightningRod|FakeOut,FocusBlast,Protect,ZapCannon|Timid||M|||50|]Whimsicott||LifeOrb|Prankster|Moonblast,Protect,Encore,Tailwind|Timid||F|||50|]Kingambit||FocusSash|Defiant|KowtowCleave,LowKick,IronHead,SuckerPunch|Adamant||F|||50|]Basculegion||ChoiceScarf|Adaptability|LastRespects,AquaJet,WaveCrash,FlipTurn|Jolly||M|||50|]Charizard||CharizarditeY|Blaze|HeatWave,WeatherBall,SolarBeam,Protect|Modest||F|||50|]Farigiraf||SitrusBerry|ArmorTail|Thunderbolt,Psychic,Protect,TrickRoom|Relaxed||M|||50|
|showteam|p2|Floette-Eternal||Floettite|FlowerVeil|DazzlingGleam,DrainingKiss,CalmMind,Protect|Modest||F|||50|]Incineroar||SitrusBerry|Intimidate|FlareBlitz,FakeOut,PartingShot,HelpingHand|Impish||M|||50|]Sinistcha||OccaBerry|Hospitality|MatchaGotcha,RagePowder,TrickRoom,Protect|Relaxed|||||50|]Delphox||Delphoxite|Blaze|HeatWave,Psyshock,NastyPlot,Protect|Timid||M|||50|]Sneasler||FocusSash|PoisonTouch|PoisonJab,CloseCombat,FakeOut,QuickGuard|Jolly||F|||50|]Kingambit||BlackGlasses|Defiant|KowtowCleave,SuckerPunch,SwordsDance,Protect|Adamant||M|||50|
|inactive|Battle timer is ON: inactive players will automatically lose when time's up. (requested by EW 3232122)
|inactive|EW 3232122 has 60 seconds left.
|inactive|toxiccroc12 has 60 seconds left.
|
|t:|1784335079
|teamsize|p1|4
|teamsize|p2|4
|start
|switch|p1a: Raichu|Raichu, L50, M|100/100
|switch|p1b: Kingambit|Kingambit, L50, F|100/100
|switch|p2a: Delphox|Delphox, L50, M|100/100
|switch|p2b: Sneasler|Sneasler, L50, F|100/100
|turn|1
|inactive|toxiccroc12 has 30 seconds left.
|inactive|toxiccroc12 has 20 seconds left.
|inactive|toxiccroc12 has 15 seconds left.
|
|t:|1784335121
|switch|p2a: Kingambit|Kingambit, L50, M|100/100
|switch|p1b: Farigiraf|Farigiraf, L50, M|100/100
|detailschange|p1a: Raichu|Raichu-Mega-Y, L50, M
|-mega|p1a: Raichu|Raichu|Raichunite Y
|move|p2b: Sneasler|Close Combat|p1b: Farigiraf
|-damage|p1b: Farigiraf|46/100
|-unboost|p2b: Sneasler|def|1
|-unboost|p2b: Sneasler|spd|1
|-enditem|p1b: Farigiraf|Sitrus Berry|[eat]
|-heal|p1b: Farigiraf|71/100|[from] item: Sitrus Berry
|move|p1a: Raichu|Zap Cannon|p2a: Kingambit
|-damage|p2a: Kingambit|39/100
|-status|p2a: Kingambit|par
|
|upkeep
|turn|2
|inactive|EW 3232122 has 30 seconds left.
|inactive|toxiccroc12 has 30 seconds left.
|inactive|EW 3232122 has 20 seconds left.
|inactive|toxiccroc12 has 20 seconds left.
|inactive|EW 3232122 has 15 seconds left.
|inactive|toxiccroc12 has 15 seconds left.
|inactive|EW 3232122 has 10 seconds left.
|inactive|toxiccroc12 has 10 seconds left.
|inactive|toxiccroc12 has 5 seconds left.
|
|t:|1784335173
|switch|p2b: Delphox|Delphox, L50, M|100/100
|move|p2a: Kingambit|Protect|p2a: Kingambit
|-singleturn|p2a: Kingambit|Protect
|move|p1a: Raichu|Zap Cannon|p2b: Delphox
|-crit|p2b: Delphox
|-damage|p2b: Delphox|0 fnt
|faint|p2b: Delphox
|move|p1b: Farigiraf|Psychic|p2a: Kingambit
|-activate|p2a: Kingambit|move: Protect
|
|upkeep
|
|t:|1784335180
|switch|p2b: Sinistcha|Sinistcha, L50|100/100
|-heal|p2a: Kingambit|64/100 par|[from] ability: Hospitality|[of] p2b: Sinistcha
|turn|3
|inactive|EW 3232122 has 30 seconds left.
|
|t:|1784335206
|switch|p1a: Whimsicott|Whimsicott, L50, F|100/100
|move|p2b: Sinistcha|Rage Powder|p2b: Sinistcha
|-singleturn|p2b: Sinistcha|move: Rage Powder
|move|p1b: Farigiraf|Psychic|p2b: Sinistcha
|-damage|p2b: Sinistcha|65/100
|-unboost|p2b: Sinistcha|spd|1
|move|p2a: Kingambit|Swords Dance|p2a: Kingambit
|-boost|p2a: Kingambit|atk|2
|
|upkeep
|turn|4
|
|t:|1784335227
|move|p1b: Farigiraf|Protect|p1b: Farigiraf
|-singleturn|p1b: Farigiraf|Protect
|move|p2b: Sinistcha|Rage Powder|p2b: Sinistcha
|-singleturn|p2b: Sinistcha|move: Rage Powder
|move|p1a: Whimsicott|Moonblast|p2b: Sinistcha
|-crit|p2b: Sinistcha
|-damage|p2b: Sinistcha|0 fnt
|faint|p2b: Sinistcha
|-damage|p1a: Whimsicott|90/100|[from] item: Life Orb
|cant|p2a: Kingambit|par
|
|upkeep
|
|t:|1784335236
|switch|p2b: Sneasler|Sneasler, L50, F|100/100
|turn|5
|
|t:|1784335257
|switch|p1b: Kingambit|Kingambit, L50, F|100/100
|move|p1a: Whimsicott|Protect|p1a: Whimsicott
|-singleturn|p1a: Whimsicott|Protect
|move|p2b: Sneasler|Poison Jab|p1a: Whimsicott
|-activate|p1a: Whimsicott|move: Protect
|move|p2a: Kingambit|Kowtow Cleave|p1b: Kingambit
|-resisted|p1b: Kingambit|1
|-damage|p1b: Kingambit|50/100g
|
|upkeep
|turn|6
|inactive|toxiccroc12 has 30 seconds left.
|inactive|toxiccroc12 has 20 seconds left.
|
|t:|1784335296
|move|p1a: Whimsicott|Tailwind|p1a: Whimsicott
|-sidestart|p1: EW 3232122|move: Tailwind
|move|p1b: Kingambit|Low Kick|p2a: Kingambit
|-supereffective|p2a: Kingambit|2
|-damage|p2a: Kingambit|0 fnt
|faint|p2a: Kingambit
|move|p2b: Sneasler|Poison Jab|p1a: Whimsicott
|-supereffective|p1a: Whimsicott|2
|-damage|p1a: Whimsicott|0 fnt
|faint|p1a: Whimsicott
|
|upkeep
|
|t:|1784335311
|switch|p1a: Farigiraf|Farigiraf, L50, M|71/100
|turn|7
|inactive|toxiccroc12 has 30 seconds left.
|inactive|toxiccroc12 has 20 seconds left.
|inactive|toxiccroc12 has 15 seconds left.
|inactive|toxiccroc12 has 10 seconds left.
|inactive|toxiccroc12 has 5 seconds left.
|
|t:|1784335365
|move|p1b: Kingambit|Iron Head|p2b: Sneasler
|-damage|p2b: Sneasler|24/100
|move|p2b: Sneasler|Close Combat|p1b: Kingambit
|-supereffective|p1b: Kingambit|2
|-damage|p1b: Kingambit|0 fnt
|-unboost|p2b: Sneasler|def|1
|-unboost|p2b: Sneasler|spd|1
|faint|p1b: Kingambit
|move|p1a: Farigiraf|Psychic|p2b: Sneasler
|-supereffective|p2b: Sneasler|2
|-damage|p2b: Sneasler|0 fnt
|faint|p2b: Sneasler
|
|win|EW 3232122
|c|☆toxiccroc12|gg
