|j|☆squigulousq
|j|☆Lemonade Insurance
|html|squigulousqLemonade Insurance    
|uhtml|bestof|Game 3 of a best-of-3
|t:|1756604523
|gametype|doubles
|player|p1|squigulousq|clown|1199
|player|p2|Lemonade Insurance|169|1258
|gen|9
|tier|[Gen 9] VGC 2025 Reg H (Bo3)
|rated|
|rule|Species Clause: Limit one of each Pokémon
|rule|Item Clause: Limit 1 of each item
|clearpoke
|poke|p1|Gholdengo, L50|
|poke|p1|Basculegion, L50, M|
|poke|p1|Pelipper, L50, F|
|poke|p1|Incineroar, L50, M|
|poke|p1|Amoonguss, L50, M|
|poke|p1|Archaludon, L50, F|
|poke|p2|Jumpluff, L50, M|
|poke|p2|Charizard, L50, M|
|poke|p2|Incineroar, L50, M|
|poke|p2|Porygon2, L50|
|poke|p2|Torkoal, L50, M|
|poke|p2|Ursaluna-Bloodmoon, L50, M|
|teampreview|4
|showteam|p1|Gholdengo||LifeOrb|GoodasGold|MakeItRain,ShadowBall,NastyPlot,Protect||||||50|,,,,,Water]Basculegion||ChoiceBand|SwiftSwim|WaveCrash,LastRespects,FlipTurn,AquaJet|||M|||50|,,,,,Water]Pelipper||FocusSash|Drizzle|WeatherBall,Hurricane,Tailwind,Protect|||F|||50|,,,,,Ground]Incineroar||SafetyGoggles|Intimidate|Taunt,KnockOff,PartingShot,FakeOut|||M|||50|,,,,,Ghost]Amoonguss||SitrusBerry|Regenerator|PollenPuff,Spore,RagePowder,Protect|||M|||50|,,,,,Dark]Archaludon||AssaultVest|Stamina|DragonPulse,FlashCannon,ElectroShot,BodyPress|||F|||50|,,,,,Bug
|showteam|p2|Jumpluff||CovertCloak|Chlorophyll|LeafStorm,SleepPowder,SunnyDay,Tailwind|||M|||50|,,,,,Water]Charizard||ChoiceSpecs|SolarPower|HeatWave,Overheat,WeatherBall,AirSlash|||M|||50|,,,,,Ghost]Incineroar||SitrusBerry|Intimidate|FlareBlitz,KnockOff,FakeOut,PartingShot|||M|||50|,,,,,Grass]Porygon2||Eviolite|Download|TeraBlast,IceBeam,Recover,TrickRoom||||||50|,,,,,Fighting]Torkoal||EjectPack|Drought|Eruption,Overheat,HelpingHand,Protect|||M|||50|,,,,,Fire]Ursaluna-Bloodmoon||LifeOrb|MindsEye|BloodMoon,HyperVoice,EarthPower,Protect|||M|||50|,,,,,Ghost
|inactive|Battle timer is ON: inactive players will automatically lose when time's up. (requested by Lemonade Insurance)
|inactive|Lemonade Insurance has 60 seconds left.
|
|t:|1756604583
|teamsize|p1|4
|teamsize|p2|4
|start
|switch|p1a: Gholdengo|Gholdengo, L50|100/100
|switch|p1b: Incineroar|Incineroar, L50, M|100/100
|switch|p2a: Starbreaker|Porygon2, L50|100/100
|switch|p2b: Raven|Charizard, L50, M, shiny|100/100
|-ability|p1b: Incineroar|Intimidate|boost
|-unboost|p2a: Starbreaker|atk|1
|-unboost|p2b: Raven|atk|1
|-ability|p2a: Starbreaker|Download|boost
|-boost|p2a: Starbreaker|spa|1
|turn|1
|
|t:|1756604607
|switch|p2b: Ursaluna|Ursaluna-Bloodmoon, L50, M|100/100
|move|p1b: Incineroar|Fake Out|p2b: Ursaluna
|-damage|p2b: Ursaluna|92/100
|move|p1a: Gholdengo|Shadow Ball|p2b: Ursaluna
|-immune|p2b: Ursaluna
|move|p2a: Starbreaker|Trick Room|p2a: Starbreaker
|-fieldstart|move: Trick Room|[of] p2a: Starbreaker
|
|upkeep
|turn|2
|
|t:|1756604631
|switch|p1a: Pelipper|Pelipper, L50, F|100/100
|-weather|RainDance|[from] ability: Drizzle|[of] p1a: Pelipper
|-terastallize|p2a: Starbreaker|Fighting
|move|p2a: Starbreaker|Tera Blast|p1b: Incineroar|[anim] Tera Blast Fighting
|-supereffective|p1b: Incineroar
|-damage|p1b: Incineroar|0 fnt
|faint|p1b: Incineroar
|move|p2b: Ursaluna|Earth Power|p1a: Pelipper
|-immune|p1a: Pelipper
|
|-weather|RainDance|[upkeep]
|upkeep
|
|t:|1756604650
|switch|p1b: Basculegion|Basculegion, L50, M|100/100
|turn|3
|
|t:|1756604662
|switch|p2a: Turtle|Torkoal, L50, M|100/100
|-weather|SunnyDay|[from] ability: Drought|[of] p2a: Turtle
|move|p2b: Ursaluna|Hyper Voice|p1b: Basculegion|[spread] p1a,p1b
|-damage|p1a: Pelipper|2/100
|-damage|p1b: Basculegion|38/100
|-damage|p2b: Ursaluna|82/100|[from] item: Life Orb
|move|p1a: Pelipper|Hurricane|p2a: Turtle
|-damage|p2a: Turtle|28/100
|move|p1b: Basculegion|Flip Turn|p2b: Ursaluna
|-supereffective|p2b: Ursaluna
|-damage|p2b: Ursaluna|47/100
|
|t:|1756604674
|switch|p1b: Gholdengo|Gholdengo, L50|100/100|[from] Flip Turn
|
|-weather|SunnyDay|[upkeep]
|upkeep
|turn|4
|
|t:|1756604698
|switch|p2a: Starbreaker|Porygon2, L50, tera:Fighting|100/100
|-ability|p2a: Starbreaker|Download|boost
|-boost|p2a: Starbreaker|spa|1
|-terastallize|p1b: Gholdengo|Water
|move|p1a: Pelipper|Protect|p1a: Pelipper
|-singleturn|p1a: Pelipper|Protect
|move|p2b: Ursaluna|Hyper Voice|p1a: Pelipper|[spread] p1b
|-activate|p1a: Pelipper|move: Protect
|-damage|p1b: Gholdengo|45/100
|-damage|p2b: Ursaluna|37/100|[from] item: Life Orb
|move|p1b: Gholdengo|Make It Rain|p2b: Ursaluna|[spread] p2a,p2b
|-damage|p2a: Starbreaker|62/100
|-damage|p2b: Ursaluna|0 fnt
|-unboost|p1b: Gholdengo|spa|1
|faint|p2b: Ursaluna
|-damage|p1b: Gholdengo|35/100|[from] item: Life Orb
|
|-weather|SunnyDay|[upkeep]
|upkeep
|inactive|Lemonade Insurance has 30 seconds left.
|
|t:|1756604724
|switch|p2b: Raven|Charizard, L50, M, shiny|100/100
|turn|5
|
|t:|1756604746
|switch|p1a: Basculegion|Basculegion, L50, M|38/100
|move|p1b: Gholdengo|Protect|p1b: Gholdengo
|-singleturn|p1b: Gholdengo|Protect
|move|p2a: Starbreaker|Ice Beam|p1a: Basculegion
|-resisted|p1a: Basculegion
|-damage|p1a: Basculegion|12/100
|move|p2b: Raven|Air Slash|p1b: Gholdengo
|-activate|p1b: Gholdengo|move: Protect
|
|-weather|SunnyDay|[upkeep]
|-damage|p2b: Raven|88/100|[from] ability: Solar Power|[of] p2b: Raven
|-fieldend|move: Trick Room
|upkeep
|turn|6
|inactive|Lemonade Insurance has 30 seconds left.
|
|t:|1756604773
|switch|p2a: Turtle|Torkoal, L50, M|28/100
|move|p2b: Raven|Air Slash|p1a: Basculegion
|-damage|p1a: Basculegion|0 fnt
|faint|p1a: Basculegion
|move|p1b: Gholdengo|Shadow Ball|p2b: Raven
|-damage|p2b: Raven|40/100
|-damage|p1b: Gholdengo|26/100|[from] item: Life Orb
|
|-weather|SunnyDay|[upkeep]
|-damage|p2b: Raven|27/100|[from] ability: Solar Power|[of] p2b: Raven
|upkeep
|
|t:|1756604784
|switch|p1a: Pelipper|Pelipper, L50, F|2/100
|-weather|RainDance|[from] ability: Drizzle|[of] p1a: Pelipper
|turn|7
|
|t:|1756604794
|switch|p2a: Starbreaker|Porygon2, L50, tera:Fighting|62/100
|-ability|p2a: Starbreaker|Download|boost
|-boost|p2a: Starbreaker|spa|1
|move|p1b: Gholdengo|Protect|p1b: Gholdengo
|-singleturn|p1b: Gholdengo|Protect
|move|p2b: Raven|Air Slash|p1a: Pelipper
|-damage|p1a: Pelipper|0 fnt
|faint|p1a: Pelipper
|
|-weather|RainDance|[upkeep]
|upkeep
|turn|8
|l|☆squigulousq
|inactive|squigulousq disconnected and has a minute to reconnect!
|player|p1|
|inactive|squigulousq has 30 seconds left.
|inactive|squigulousq has 20 seconds left.
|inactive|squigulousq has 15 seconds left.
|inactive|squigulousq has 10 seconds left.
|inactive|squigulousq has 5 seconds left.
|-message|squigulousq lost due to inactivity.
|
|win|Lemonade Insurance
|raw|squigulousq's rating: 1199 → 1178(-21 for losing)
|raw|Lemonade Insurance's rating: 1258 → 1279(+21 for winning)
