|j|☆dominicex
|j|☆TheDoomDraogn
|html|dominicexTheDoomDraogn    
|uhtml|bestof|Game 3 of a best-of-3
|t:|1785216636
|gametype|doubles
|player|p1|dominicex|#smogonxnpa2026draftee|1410
|player|p2|TheDoomDraogn|gentleman-gen4|1322
|gen|9
|tier|[Gen 9 Champions] VGC 2026 Reg M-B (Bo3)
|rated|
|rule|Species Clause: Limit one of each Pokémon
|rule|Item Clause: Limit 1 of each item
|clearpoke
|poke|p1|Charizard, L50, F|
|poke|p1|Incineroar, L50, M|
|poke|p1|Gholdengo, L50|
|poke|p1|Whimsicott, L50, M|
|poke|p1|Garchomp, L50, M|
|poke|p1|Toxapex, L50, F, shiny|
|poke|p2|Staraptor, L50, F|
|poke|p2|Sinistcha, L50|
|poke|p2|Arcanine-Hisui, L50, M|
|poke|p2|Ninetales-Alola, L50, M|
|poke|p2|Glaceon, L50, M|
|poke|p2|Milotic, L50, F|
|teampreview|4
|showteam|p1|Charizard||CharizarditeY|Blaze|HeatWave,WeatherBall,SolarBeam,Protect|Modest||F|||50|]Incineroar||SitrusBerry|Intimidate|FakeOut,FlareBlitz,ThroatChop,PartingShot|Impish||M|||50|]Gholdengo||SpellTag|GoodasGold|MakeItRain,ShadowBall,NastyPlot,Protect|Modest|||||50|]Whimsicott||FocusSash|Prankster|Moonblast,Tailwind,Encore,Protect|Timid||M|||50|]Garchomp||LifeOrb|RoughSkin|DragonClaw,RockSlide,Earthquake,Protect|Jolly||M|||50|]Toxapex||Leftovers|Regenerator|Infestation,Toxic,WideGuard,BanefulBunker|Bold||F|||50|
|showteam|p2|Staraptor||Staraptite|Intimidate|CloseCombat,DualWingbeat,Tailwind,Protect|Jolly||F|||50|]Sinistcha||ColburBerry|Hospitality|MatchaGotcha,RagePowder,TrickRoom,StrengthSap|Calm|||||50|]Arcanine-Hisui||FocusSash|RockHead|FlareBlitz,HeadSmash,ExtremeSpeed,Protect|Jolly||M|||50|]Ninetales-Alola||LightClay|SnowWarning|IcyWind,Moonblast,FakeTears,AuroraVeil|Timid||M|||50|]Glaceon||NeverMeltIce|SnowCloak|Blizzard,FreezeDry,Wish,Protect|Modest||M|||50|]Milotic||Leftovers|Competitive|Scald,IcyWind,LifeDew,Protect|Modest||F|||50|
|
|t:|1785216677
|teamsize|p1|4
|teamsize|p2|4
|start
|switch|p1a: Garchomp|Garchomp, L50, M|100/100
|switch|p1b: Toxapex|Toxapex, L50, F, shiny|100/100
|switch|p2a: Glaceon|Glaceon, L50, M|100/100
|switch|p2b: Arcanine|Arcanine-Hisui, L50, M|100/100
|turn|1
|
|t:|1785216699
|switch|p2b: Ninetales|Ninetales-Alola, L50, M|100/100
|-weather|Snowscape|[from] ability: Snow Warning|[of] p2b: Ninetales
|move|p1a: Garchomp|Protect|p1a: Garchomp
|-singleturn|p1a: Garchomp|Protect
|move|p2a: Glaceon|Freeze-Dry|p1b: Toxapex
|-supereffective|p1b: Toxapex|1
|-damage|p1b: Toxapex|31/100
|move|p1b: Toxapex|Infestation|p2a: Glaceon
|-damage|p2a: Glaceon|96/100
|-activate|p2a: Glaceon|move: Infestation|[of] p1b: Toxapex
|
|-weather|Snowscape|[upkeep]
|-heal|p1b: Toxapex|36/100|[from] item: Leftovers
|-damage|p2a: Glaceon|84/100|[from] move: Infestation|[partiallytrapped]
|upkeep
|turn|2
|
|t:|1785216715
|switch|p1a: Gholdengo|Gholdengo, L50|100/100
|move|p1b: Toxapex|Baneful Bunker|p1b: Toxapex
|-singleturn|p1b: Toxapex|move: Protect
|move|p2b: Ninetales|Aurora Veil|p2b: Ninetales
|-sidestart|p2: TheDoomDraogn|move: Aurora Veil
|move|p2a: Glaceon|Wish|p2a: Glaceon
|
|-weather|Snowscape|[upkeep]
|-heal|p1b: Toxapex|42/100|[from] item: Leftovers
|-damage|p2a: Glaceon|72/100|[from] move: Infestation|[partiallytrapped]
|upkeep
|turn|3
|
|t:|1785216740
|switch|p2b: Arcanine|Arcanine-Hisui, L50, M|100/100
|-heal|p1b: Toxapex|75/100|[from] ability: Regenerator|[silent]
|switch|p1b: Charizard|Charizard, L50, F|100/100
|move|p1a: Gholdengo|Nasty Plot|p1a: Gholdengo
|-boost|p1a: Gholdengo|spa|2
|move|p2a: Glaceon|Freeze-Dry|p1b: Charizard
|-damage|p1b: Charizard|39/100
|
|-weather|Snowscape|[upkeep]
|-heal|p2a: Glaceon|100/100|[from] move: Wish|[wisher] Glaceon
|-end|p2a: Glaceon|Infestation|[partiallytrapped]|[silent]
|upkeep
|turn|4
|
|t:|1785216761
|switch|p2a: Staraptor|Staraptor, L50, F|100/100
|-ability|p2a: Staraptor|Intimidate|boost
|-unboost|p1a: Gholdengo|atk|1
|-unboost|p1b: Charizard|atk|1
|detailschange|p1b: Charizard|Charizard-Mega-Y, L50, F
|-mega|p1b: Charizard|Charizard|Charizardite Y
|-weather|SunnyDay|[from] ability: Drought|[of] p1b: Charizard
|move|p1a: Gholdengo|Protect|p1a: Gholdengo
|-singleturn|p1a: Gholdengo|Protect
|move|p2b: Arcanine|Flare Blitz|p1a: Gholdengo
|-activate|p1a: Gholdengo|move: Protect
|move|p1b: Charizard|Heat Wave|p2b: Arcanine|[spread] p2a,p2b
|-resisted|p2b: Arcanine|2
|-crit|p2b: Arcanine
|-damage|p2a: Staraptor|40/100
|-damage|p2b: Arcanine|70/100
|
|-weather|SunnyDay|[upkeep]
|upkeep
|turn|5
|
|t:|1785216787
|switch|p1a: Toxapex|Toxapex, L50, F, shiny|75/100
|detailschange|p2a: Staraptor|Staraptor-Mega, L50, F
|-mega|p2a: Staraptor|Staraptor|Staraptite
|move|p2a: Staraptor|Dual Wingbeat|p1b: Charizard
|-damage|p1b: Charizard|19/100
|-damage|p1b: Charizard|0 fnt
|faint|p1b: Charizard
|-hitcount|p1: Charizard|2
|move|p2b: Arcanine|Flare Blitz|p1a: Toxapex
|-resisted|p1a: Toxapex|1
|-damage|p1a: Toxapex|46/100
|
|-weather|SunnyDay|[upkeep]
|-heal|p1a: Toxapex|52/100|[from] item: Leftovers
|upkeep
|
|t:|1785216801
|switch|p1b: Garchomp|Garchomp, L50, M|100/100
|turn|6
|
|t:|1785216822
|switch|p2b: Glaceon|Glaceon, L50, M|100/100
|move|p1a: Toxapex|Baneful Bunker|p1a: Toxapex
|-singleturn|p1a: Toxapex|move: Protect
|move|p2a: Staraptor|Tailwind|p2a: Staraptor
|-sidestart|p2: TheDoomDraogn|move: Tailwind
|move|p1b: Garchomp|Earthquake|p2b: Glaceon|[spread] p2b
|-activate|p1a: Toxapex|move: Protect
|-immune|p2a: Staraptor
|-damage|p2b: Glaceon|69/100
|-damage|p1b: Garchomp|90/100|[from] item: Life Orb
|
|-weather|SunnyDay|[upkeep]
|-heal|p1a: Toxapex|57/100|[from] item: Leftovers
|upkeep
|turn|7
|
|t:|1785216846
|switch|p2a: Ninetales|Ninetales-Alola, L50, M|100/100
|-weather|Snowscape|[from] ability: Snow Warning|[of] p2a: Ninetales
|-heal|p1a: Toxapex|91/100|[from] ability: Regenerator|[silent]
|switch|p1a: Gholdengo|Gholdengo, L50|100/100
|move|p1b: Garchomp|Protect|p1b: Garchomp
|-singleturn|p1b: Garchomp|Protect
|move|p2b: Glaceon|Freeze-Dry|p1a: Gholdengo
|-resisted|p1a: Gholdengo|1
|-damage|p1a: Gholdengo|72/100
|
|-weather|Snowscape|[upkeep]
|upkeep
|turn|8
|
|t:|1785216870
|switch|p2a: Arcanine|Arcanine-Hisui, L50, M|70/100
|switch|p1b: Toxapex|Toxapex, L50, F, shiny|91/100
|move|p2b: Glaceon|Freeze-Dry|p1b: Toxapex
|-supereffective|p1b: Toxapex|1
|-damage|p1b: Toxapex|18/100
|move|p1a: Gholdengo|Make It Rain|p2a: Arcanine|[spread] p2a,p2b
|-supereffective|p2b: Glaceon|1
|-damage|p2a: Arcanine|30/100
|-damage|p2b: Glaceon|4/100
|-unboost|p1a: Gholdengo|spa|2
|
|-weather|Snowscape|[upkeep]
|-heal|p1b: Toxapex|24/100|[from] item: Leftovers
|upkeep
|turn|9
|l|☆dominicex
|player|p1|
|inactive|Battle timer is ON: inactive players will automatically lose when time's up. (requested by TheDoomDraogn)
|j|☆dominicex
|inactive|dominicex reconnected and has 90 seconds left.
|player|p1|dominicex|#smogonxnpa2026draftee|
|
|t:|1785217063
|switch|p1a: Garchomp|Garchomp, L50, M|90/100
|move|p1b: Toxapex|Baneful Bunker|p1b: Toxapex
|-singleturn|p1b: Toxapex|move: Protect
|move|p2a: Arcanine|Flare Blitz|p1a: Garchomp
|-resisted|p1a: Garchomp|1
|-damage|p1a: Garchomp|61/100
|-damage|p2a: Arcanine|18/100|[from] ability: Rough Skin|[of] p1a: Garchomp
|move|p2b: Glaceon|Freeze-Dry|p1a: Garchomp
|-supereffective|p1a: Garchomp|2
|-damage|p1a: Garchomp|0 fnt
|faint|p1a: Garchomp
|
|-weather|Snowscape|[upkeep]
|-heal|p1b: Toxapex|29/100|[from] item: Leftovers
|-sideend|p2: TheDoomDraogn|move: Tailwind
|-sideend|p2: TheDoomDraogn|move: Aurora Veil
|upkeep
|
|t:|1785217078
|switch|p1a: Gholdengo|Gholdengo, L50|72/100
|turn|10
|-message|dominicex forfeited.
|
|win|TheDoomDraogn
|raw|dominicex's rating: 1410 → 1385(-25 for losing)
|raw|TheDoomDraogn's rating: 1322 → 1347(+25 for winning)
|l|☆dominicex
|player|p1|
