|j|☆ronansting
|j|☆fortree21utube
|html|ronanstingfortree21utube    
|uhtml|bestof|Game 3 of a best-of-3
|t:|1756230213
|gametype|doubles
|player|p1|ronansting|baker|1370
|player|p2|fortree21utube|101|1372
|gen|9
|tier|[Gen 9] VGC 2025 Reg H (Bo3)
|rated|
|rule|Species Clause: Limit one of each Pokémon
|rule|Item Clause: Limit 1 of each item
|clearpoke
|poke|p1|Archaludon, L50, F|
|poke|p1|Pelipper, L50, M|
|poke|p1|Indeedee, L50, M|
|poke|p1|Amoonguss, L50, F|
|poke|p1|Basculegion, L50, M|
|poke|p1|Hydreigon, L50, F|
|poke|p2|Typhlosion-Hisui, L50, F|
|poke|p2|Weezing-Galar, L50, M|
|poke|p2|Toedscruel, L50, F|
|poke|p2|Corviknight, L50, M|
|poke|p2|Garchomp, L50, M|
|poke|p2|Dragonite, L50, M|
|teampreview|4
|showteam|p1|Archaludon||AssaultVest|Stamina|ElectroShot,DracoMeteor,BodyPress,FlashCannon|||F|||50|,,,,,Grass]Pelipper||FocusSash|Drizzle|WeatherBall,Hurricane,Tailwind,Protect|||M|||50|,,,,,Ghost]Indeedee||ChoiceScarf|PsychicSurge|ExpandingForce,TeraBlast,Trick,DazzlingGleam|||M|||50|,,,,,Ground]Amoonguss||SitrusBerry|Regenerator|Spore,SludgeBomb,Protect,RagePowder|||F|||50|,,,,,Water]Basculegion||ChoiceBand|SwiftSwim|FlipTurn,WaveCrash,LastRespects,AquaJet|||M|||50|,,,,,Poison]Hydreigon||CovertCloak|Levitate|Taunt,Snarl,DracoMeteor,EarthPower|||F|||50|,,,,,Fairy
|showteam|p2|Typhlosion-Hisui||ChoiceScarf|Frisk|Eruption,HeatWave,ShadowBall,SleepTalk|||F|||50|,,,,,Fire]Weezing-Galar||ChoiceSpecs|NeutralizingGas|StrangeSteam,DazzlingGleam,SludgeBomb,Flamethrower|||M|||50|,,,,,Flying]Toedscruel||CovertCloak|MyceliumMight|EarthPower,AcidSpray,Spore,RagePowder|||F|||50|,,,,,Water]Corviknight||SitrusBerry|MirrorArmor|BraveBird,Tailwind,Roost,Protect|||M|||50|,,,,,Dragon]Garchomp||LifeOrb|RoughSkin|Earthquake,StompingTantrum,DragonClaw,Protect|||M|||50|,,,,,Ground]Dragonite||LoadedDice|Multiscale|ScaleShot,ExtremeSpeed,Haze,Protect|||M|||50|,,,,,Fairy
|
|t:|1756230248
|teamsize|p1|4
|teamsize|p2|4
|start
|switch|p1a: Goodee|Indeedee, L50, M|100/100
|switch|p1b: Empire|Basculegion, L50, M|100/100
|switch|p2a: Weezing|Weezing-Galar, L50, M|100/100
|switch|p2b: Toedscruel|Toedscruel, L50, F|100/100
|-ability|p2a: Weezing|Neutralizing Gas
|turn|1
|
|t:|1756230267
|-terastallize|p2a: Weezing|Flying
|move|p1a: Goodee|Trick|p2a: Weezing
|-activate|p1a: Goodee|move: Trick|[of] p2a: Weezing
|-item|p2a: Weezing|Choice Scarf|[from] move: Trick
|-item|p1a: Goodee|Choice Specs|[from] move: Trick
|move|p2b: Toedscruel|Spore|p1b: Empire
|-status|p1b: Empire|slp|[from] move: Spore
|cant|p1b: Empire|slp
|move|p2a: Weezing|Dazzling Gleam|p1a: Goodee|[spread] p1a,p1b
|-damage|p1a: Goodee|71/100
|-damage|p1b: Empire|69/100 slp
|
|upkeep
|turn|2
|
|t:|1756230292
|move|p2b: Toedscruel|Acid Spray|p1b: Empire
|-resisted|p1b: Empire
|-damage|p1b: Empire|65/100 slp
|-unboost|p1b: Empire|spd|2
|move|p1a: Goodee|Expanding Force|p2b: Toedscruel
|-damage|p2b: Toedscruel|57/100
|-curestatus|p1b: Empire|slp|[msg]
|move|p1b: Empire|Wave Crash|p2b: Toedscruel
|-damage|p2b: Toedscruel|0 fnt
|faint|p2b: Toedscruel
|-damage|p1b: Empire|47/100|[from] Recoil
|move|p2a: Weezing|Dazzling Gleam|p1b: Empire|[spread] p1a,p1b
|-damage|p1a: Goodee|35/100
|-damage|p1b: Empire|0 fnt
|faint|p1b: Empire
|
|upkeep
|
|t:|1756230308
|switch|p2b: Garchomp|Garchomp, L50, M|100/100
|switch|p1b: Smellypper|Pelipper, L50, M|100/100
|turn|3
|
|t:|1756230318
|move|p1b: Smellypper|Protect|p1b: Smellypper
|-singleturn|p1b: Smellypper|Protect
|move|p2b: Garchomp|Dragon Claw|p1b: Smellypper
|-activate|p1b: Smellypper|move: Protect
|move|p1a: Goodee|Expanding Force|p2a: Weezing
|-damage|p2a: Weezing|33/100
|move|p2a: Weezing|Dazzling Gleam|p1b: Smellypper|[spread] p1a
|-activate|p1b: Smellypper|move: Protect
|-damage|p1a: Goodee|4/100
|
|upkeep
|turn|4
|
|t:|1756230350
|move|p2b: Garchomp|Dragon Claw|p1a: Goodee
|-damage|p1a: Goodee|0 fnt
|faint|p1a: Goodee
|-damage|p2b: Garchomp|91/100|[from] item: Life Orb
|move|p2a: Weezing|Dazzling Gleam|p1b: Smellypper
|-damage|p1b: Smellypper|38/100
|move|p1b: Smellypper|Tailwind|p1b: Smellypper
|-sidestart|p1: ronansting|move: Tailwind
|
|upkeep
|
|t:|1756230359
|switch|p1a: Arching|Archaludon, L50, F|100/100
|turn|5
|
|t:|1756230378
|-terastallize|p1a: Arching|Grass
|move|p1b: Smellypper|Protect|p1b: Smellypper
|-singleturn|p1b: Smellypper|Protect
|move|p1a: Arching|Flash Cannon|p2a: Weezing
|-damage|p2a: Weezing|0 fnt
|faint|p2a: Weezing
|-end|p2a: Weezing|ability: Neutralizing Gas
|-weather|RainDance|[from] ability: Drizzle|[of] p1b: Smellypper
|move|p2b: Garchomp|Dragon Claw|p1b: Smellypper
|-activate|p1b: Smellypper|move: Protect
|
|-weather|RainDance|[upkeep]
|upkeep
|
|t:|1756230390
|switch|p2a: Dragonite|Dragonite, L50, M|100/100
|turn|6
|
|t:|1756230404
|move|p1b: Smellypper|Hurricane|p2a: Dragonite
|-damage|p2a: Dragonite|75/100
|move|p1a: Arching|Draco Meteor|p2b: Garchomp
|-supereffective|p2b: Garchomp
|-damage|p2b: Garchomp|0 fnt
|-unboost|p1a: Arching|spa|2
|faint|p2b: Garchomp
|move|p2a: Dragonite|Scale Shot|p1b: Smellypper
|-crit|p1b: Smellypper
|-damage|p1b: Smellypper|9/100
|-damage|p1b: Smellypper|0 fnt
|faint|p1b: Smellypper
|-hitcount|p1: Smellypper|2
|-unboost|p2a: Dragonite|def|1
|-boost|p2a: Dragonite|spe|1
|
|-weather|RainDance|[upkeep]
|upkeep
|turn|7
|
|t:|1756230423
|move|p2a: Dragonite|Protect|p2a: Dragonite
|-singleturn|p2a: Dragonite|Protect
|move|p1a: Arching|Electro Shot||[still]
|-prepare|p1a: Arching|Electro Shot
|-boost|p1a: Arching|spa|1
|-anim|p1a: Arching|Electro Shot|p2a: Dragonite
|-activate|p2a: Dragonite|move: Protect
|
|-weather|RainDance|[upkeep]
|-sideend|p1: ronansting|move: Tailwind
|upkeep
|turn|8
|
|t:|1756230434
|move|p2a: Dragonite|Scale Shot|p1a: Arching
|-damage|p1a: Arching|90/100
|-ability|p1a: Arching|Stamina|boost
|-boost|p1a: Arching|def|1
|-damage|p1a: Arching|82/100
|-ability|p1a: Arching|Stamina|boost
|-boost|p1a: Arching|def|1
|-damage|p1a: Arching|75/100
|-ability|p1a: Arching|Stamina|boost
|-boost|p1a: Arching|def|1
|-damage|p1a: Arching|71/100
|-ability|p1a: Arching|Stamina|boost
|-boost|p1a: Arching|def|1
|-damage|p1a: Arching|67/100
|-ability|p1a: Arching|Stamina|boost
|-boost|p1a: Arching|def|1
|-hitcount|p1a: Arching|5
|-unboost|p2a: Dragonite|def|1
|-boost|p2a: Dragonite|spe|1
|move|p1a: Arching|Draco Meteor|p2a: Dragonite
|-supereffective|p2a: Dragonite
|-damage|p2a: Dragonite|0 fnt
|-unboost|p1a: Arching|spa|2
|faint|p2a: Dragonite
|
|win|ronansting
|raw|ronansting's rating: 1370 → 1390(+20 for winning)
|raw|fortree21utube's rating: 1372 → 1352(-20 for losing)
|l|☆fortree21utube
|player|p2|
|j|☆fortree21utube
|player|p2|fortree21utube|101|
