|j|☆Mythic's Shadow
|j|☆jeffthebum
|html|Mythic's Shadowjeffthebum    
|uhtml|bestof|Game 1 of a best-of-3
|t:|1756918214
|gametype|doubles
|player|p1|Mythic's Shadow|swimmer-gen4|
|player|p2|jeffthebum|102|
|gen|9
|tier|[Gen 9] VGC 2025 Reg H (Bo3)
|rule|Species Clause: Limit one of each Pokémon
|rule|Item Clause: Limit 1 of each item
|clearpoke
|poke|p1|Gothitelle, L50, F|
|poke|p1|Rillaboom, L50, F|
|poke|p1|Azumarill, L50, F|
|poke|p1|Flamigo, L50, F|
|poke|p1|Dondozo, L50, M|
|poke|p1|Tatsugiri, L50, M|
|poke|p2|Breloom, L50, F|
|poke|p2|Slowbro-Galar, L50, M|
|poke|p2|Gardevoir, L50, F|
|poke|p2|Kilowattrel, L50, M|
|poke|p2|Indeedee-F, L50, F|
|poke|p2|Incineroar, L50, M|
|teampreview|4
|showteam|p1|Gothitelle||SitrusBerry|ShadowTag|Protect,Imprison,TrickRoom,Psyshock|||F|||50|,,,,,Dark]Rillaboom||AssaultVest|GrassySurge|FakeOut,GrassyGlide,KnockOff,Uturn|||F|||50|,,,,,Water]Azumarill||LifeOrb|HugePower|Protect,PerishSong,AquaJet,Liquidation|||F|||50|,,,,,Water]Flamigo||FocusSash|Costar|Protect,Tailwind,DualWingbeat,CloseCombat|||F|||50|,,,,,Stellar]Dondozo||Leftovers|Oblivious|Protect,WaveCrash,OrderUp,HeavySlam|||M|||50|,,,,,Steel]Tatsugiri||PsychicSeed|Commander|Protect,IcyWind,Taunt,HydroPump|||M|||50|,,,,,Ghost
|showteam|p2|Breloom||LoadedDice|Technician|CloseCombat,BulletSeed,Spore,Protect|||F|||50|,,,,,Grass]Slowbro-Galar||SitrusBerry|Regenerator|Haze,ShellSideArm,ExpandingForce,MuddyWater|||M|||50|,,,,,Dragon]Gardevoir||ChoiceScarf|Trace|Trick,ExpandingForce,DazzlingGleam,Thunderbolt|||F|||50|,,,,,Psychic]Kilowattrel||CovertCloak|WindPower|Tailwind,VoltSwitch,Thunderbolt,AirSlash|||M|||50|,,,,,Electric]Indeedee-F||RedCard|PsychicSurge|FollowMe,HealPulse,HelpingHand,HealingWish|||F|||50|,,,,,Fairy]Incineroar||PasshoBerry|Intimidate|FlareBlitz,KnockOff,Protect,WillOWisp|||M|||50|,,,,,Water
|inactive|Battle timer is ON: inactive players will automatically lose when time's up. (requested by Mythic's Shadow)
|inactive|Mythic's Shadow has 60 seconds left.
|inactive|jeffthebum has 60 seconds left.
|
|t:|1756918269
|teamsize|p1|4
|teamsize|p2|4
|start
|switch|p1a: Gothitelle|Gothitelle, L50, F|100/100
|switch|p1b: Azumarill|Azumarill, L50, F|100/100
|switch|p2a: Kilowattrel|Kilowattrel, L50, M|100/100
|switch|p2b: Gardevoir|Gardevoir, L50, F|100/100
|-ability|p2b: Gardevoir|Shadow Tag|Trace|[from] ability: Trace|[of] p1a: Gothitelle
|turn|1
|inactive|jeffthebum has 30 seconds left.
|inactive|jeffthebum has 20 seconds left.
|inactive|jeffthebum has 15 seconds left.
|inactive|Mythic's Shadow has 30 seconds left.
|inactive|jeffthebum has 10 seconds left.
|
|t:|1756918321
|move|p2b: Gardevoir|Trick|p1a: Gothitelle
|-activate|p2b: Gardevoir|move: Trick|[of] p1a: Gothitelle
|-item|p1a: Gothitelle|Choice Scarf|[from] move: Trick
|-item|p2b: Gardevoir|Sitrus Berry|[from] move: Trick
|move|p2a: Kilowattrel|Volt Switch|p1a: Gothitelle
|-damage|p1a: Gothitelle|76/100
|
|t:|1756918327
|switch|p2a: Indeedee|Indeedee-F, L50, F|100/100|[from] Volt Switch
|-fieldstart|move: Psychic Terrain|[from] ability: Psychic Surge|[of] p2a: Indeedee
|move|p1b: Azumarill|Perish Song|p1b: Azumarill
|-start|p1a: Gothitelle|perish3|[silent]
|-start|p1b: Azumarill|perish3|[silent]
|-start|p2a: Indeedee|perish3|[silent]
|-start|p2b: Gardevoir|perish3|[silent]
|-fieldactivate|move: Perish Song
|move|p1a: Gothitelle|Trick Room|p1a: Gothitelle
|-fieldstart|move: Trick Room|[of] p1a: Gothitelle
|
|-start|p1b: Azumarill|perish3
|-start|p2a: Indeedee|perish3
|-start|p1a: Gothitelle|perish3
|-start|p2b: Gardevoir|perish3
|upkeep
|turn|2
|inactive|Mythic's Shadow has 30 seconds left.
|inactive|jeffthebum has 30 seconds left.
|
|t:|1756918355
|switch|p1a: Rillaboom|Rillaboom, L50, F|100/100
|-fieldstart|move: Grassy Terrain|[from] ability: Grassy Surge|[of] p1a: Rillaboom
|move|p2a: Indeedee|Helping Hand|p2b: Gardevoir
|-singleturn|p2b: Gardevoir|Helping Hand|[of] p2a: Indeedee
|move|p1b: Azumarill|Liquidation|p2b: Gardevoir
|-damage|p2b: Gardevoir|0 fnt
|faint|p2b: Gardevoir
|-damage|p1b: Azumarill|91/100|[from] item: Life Orb
|
|-heal|p1b: Azumarill|97/100|[from] Grassy Terrain
|-start|p1b: Azumarill|perish2
|-start|p2a: Indeedee|perish2
|upkeep
|
|t:|1756918372
|switch|p2b: Kilowattrel|Kilowattrel, L50, M|100/100
|turn|3
|
|t:|1756918394
|switch|p1b: Gothitelle|Gothitelle, L50, F|76/100
|switch|p2a: Breloom|Breloom, L50, F|100/100
|move|p1a: Rillaboom|Fake Out|p2b: Kilowattrel
|-damage|p2b: Kilowattrel|74/100
|move|p2b: Kilowattrel|Thunderbolt|p1b: Gothitelle
|-damage|p1b: Gothitelle|50/100
|
|-heal|p1b: Gothitelle|56/100|[from] Grassy Terrain
|upkeep
|turn|4
|inactive|Mythic's Shadow has 30 seconds left.
|inactive|jeffthebum has 30 seconds left.
|inactive|jeffthebum has 20 seconds left.
|
|t:|1756918430
|move|p1a: Rillaboom|Knock Off|p2b: Kilowattrel
|-damage|p2b: Kilowattrel|3/100
|-enditem|p2b: Kilowattrel|Covert Cloak|[from] move: Knock Off|[of] p1a: Rillaboom
|move|p1b: Gothitelle|Psyshock|p2a: Breloom
|-supereffective|p2a: Breloom
|-damage|p2a: Breloom|12/100
|move|p2a: Breloom|Bullet Seed|p1b: Gothitelle
|-damage|p1b: Gothitelle|29/100
|-damage|p1b: Gothitelle|0 fnt
|faint|p1b: Gothitelle
|-hitcount|p1: Gothitelle|2
|move|p2b: Kilowattrel|Air Slash|p1a: Rillaboom
|-supereffective|p1a: Rillaboom
|-damage|p1a: Rillaboom|49/100
|
|-heal|p1a: Rillaboom|55/100|[from] Grassy Terrain
|-heal|p2a: Breloom|18/100|[from] Grassy Terrain
|upkeep
|
|t:|1756918442
|switch|p1b: Azumarill|Azumarill, L50, F|97/100
|turn|5
|
|t:|1756918453
|move|p2a: Breloom|Protect|p2a: Breloom
|-singleturn|p2a: Breloom|Protect
|move|p1b: Azumarill|Aqua Jet|p2b: Kilowattrel
|-damage|p2b: Kilowattrel|0 fnt
|faint|p2b: Kilowattrel
|-damage|p1b: Azumarill|87/100|[from] item: Life Orb
|move|p1a: Rillaboom|U-turn|p2a: Breloom
|-activate|p2a: Breloom|move: Protect
|
|-heal|p1b: Azumarill|93/100|[from] Grassy Terrain
|-heal|p1a: Rillaboom|60/100|[from] Grassy Terrain
|-heal|p2a: Breloom|23/100|[from] Grassy Terrain
|-fieldend|move: Trick Room
|upkeep
|
|t:|1756918458
|switch|p2b: Indeedee|Indeedee-F, L50, F|100/100
|-fieldstart|move: Psychic Terrain|[from] ability: Psychic Surge|[of] p2b: Indeedee
|turn|6
|inactive|jeffthebum has 30 seconds left.
|inactive|jeffthebum has 20 seconds left.
|inactive|jeffthebum has 15 seconds left.
|l|☆jeffthebum
|inactive|jeffthebum disconnected and has 300 seconds to reconnect!
|player|p2|
|j|☆jeffthebum
|inactive|jeffthebum reconnected and has 15 seconds left.
|player|p2|jeffthebum|102|
|inactiveoff|Battle timer is now OFF.
|
|t:|1756918526
|move|p1b: Azumarill|Protect|p1b: Azumarill
|-singleturn|p1b: Azumarill|Protect
|move|p2a: Breloom|Bullet Seed|p1b: Azumarill
|-activate|p1b: Azumarill|move: Protect
|move|p1a: Rillaboom|Knock Off|p2b: Indeedee
|-supereffective|p2b: Indeedee
|-damage|p2b: Indeedee|35/100
|-enditem|p2b: Indeedee|Red Card|[from] move: Knock Off|[of] p1a: Rillaboom
|move|p2b: Indeedee|Heal Pulse|p2a: Breloom
|-heal|p2a: Breloom|74/100
|
|upkeep
|turn|7
|
|t:|1756918559
|switch|p1b: Flamigo|Flamigo, L50, F|100/100
|-copyboost|p1b: Flamigo|p1a: Rillaboom|[from] ability: Costar
|move|p2b: Indeedee|Follow Me|p2b: Indeedee
|-singleturn|p2b: Indeedee|move: Follow Me
|move|p2a: Breloom|Bullet Seed|p1b: Flamigo
|-resisted|p1b: Flamigo
|-damage|p1b: Flamigo|86/100
|-resisted|p1b: Flamigo
|-damage|p1b: Flamigo|71/100
|-resisted|p1b: Flamigo
|-damage|p1b: Flamigo|57/100
|-resisted|p1b: Flamigo
|-damage|p1b: Flamigo|44/100
|-resisted|p1b: Flamigo
|-damage|p1b: Flamigo|30/100
|-hitcount|p1b: Flamigo|5
|move|p1a: Rillaboom|U-turn|p2b: Indeedee
|-supereffective|p2b: Indeedee
|-damage|p2b: Indeedee|0 fnt
|faint|p2b: Indeedee
|
|t:|1756918573
|switch|p1a: Azumarill|Azumarill, L50, F|93/100|[from] U-turn
|
|upkeep
|turn|8
|
|t:|1756918595
|move|p1a: Azumarill|Aqua Jet|p2a: Breloom
|-activate|p2a: Breloom|move: Psychic Terrain
|move|p1b: Flamigo|Dual Wingbeat|p2a: Breloom|[miss]
|-miss|p1b: Flamigo|p2a: Breloom
|move|p2a: Breloom|Bullet Seed|p1a: Azumarill
|-supereffective|p1a: Azumarill
|-damage|p1a: Azumarill|51/100
|-supereffective|p1a: Azumarill
|-damage|p1a: Azumarill|10/100
|-supereffective|p1a: Azumarill
|-damage|p1a: Azumarill|0 fnt
|faint|p1a: Azumarill
|-hitcount|p1: Azumarill|3
|
|upkeep
|
|t:|1756918603
|switch|p1a: Rillaboom|Rillaboom, L50, F|60/100
|-fieldstart|move: Grassy Terrain|[from] ability: Grassy Surge|[of] p1a: Rillaboom
|turn|9
|
|t:|1756918612
|-terastallize|p2a: Breloom|Grass
|move|p2a: Breloom|Protect|p2a: Breloom
|-singleturn|p2a: Breloom|Protect
|move|p1a: Rillaboom|Fake Out|p2a: Breloom
|-activate|p2a: Breloom|move: Protect
|move|p1b: Flamigo|Dual Wingbeat|p2a: Breloom
|-activate|p2a: Breloom|move: Protect
|
|-heal|p2a: Breloom|80/100|[from] Grassy Terrain
|-heal|p1a: Rillaboom|66/100|[from] Grassy Terrain
|upkeep
|turn|10
|
|t:|1756918620
|move|p1b: Flamigo|Protect|p1b: Flamigo
|-singleturn|p1b: Flamigo|Protect
|move|p2a: Breloom|Bullet Seed|p1b: Flamigo
|-activate|p1b: Flamigo|move: Protect
|move|p1a: Rillaboom|Knock Off|p2a: Breloom
|-damage|p2a: Breloom|19/100
|-enditem|p2a: Breloom|Loaded Dice|[from] move: Knock Off|[of] p1a: Rillaboom
|
|-heal|p2a: Breloom|25/100|[from] Grassy Terrain
|-heal|p1a: Rillaboom|72/100|[from] Grassy Terrain
|upkeep
|turn|11
|
|t:|1756918639
|move|p1b: Flamigo|Close Combat|p2a: Breloom
|-damage|p2a: Breloom|0 fnt
|-unboost|p1b: Flamigo|def|1
|-unboost|p1b: Flamigo|spd|1
|faint|p2a: Breloom
|
|win|Mythic's Shadow
||Mythic's Shadow is ready for game 2.
|inactive|jeffthebum has 30 seconds to confirm battle start!
|inactive|jeffthebum has 20 seconds to confirm battle start!
|inactive|jeffthebum has 10 seconds to confirm battle start!
|uhtml|next|Next: Game 2 of 3
