|j|☆WarlogFV
|j|☆starlight74
|html|WarlogFVstarlight74    
|uhtml|bestof|Game 1 of a best-of-3
|t:|1784051079
|gametype|doubles
|player|p1|WarlogFV|erika|1331
|player|p2|starlight74|anabel-gen7|1314
|gen|9
|tier|[Gen 9 Champions] VGC 2026 Reg M-B (Bo3)
|rated|
|rule|Species Clause: Limit one of each Pokémon
|rule|Item Clause: Limit 1 of each item
|clearpoke
|poke|p1|Swampert, L50, M|
|poke|p1|Pelipper, L50, F|
|poke|p1|Archaludon, L50, F|
|poke|p1|Grimmsnarl, L50, M|
|poke|p1|Metagross, L50|
|poke|p1|Sneasler, L50, F|
|poke|p2|Charizard, L50, F, shiny|
|poke|p2|Garchomp, L50, M|
|poke|p2|Sylveon, L50, F, shiny|
|poke|p2|Incineroar, L50, F|
|poke|p2|Aerodactyl, L50, M|
|poke|p2|Kingambit, L50, M|
|teampreview|4
|showteam|p1|Swampert||Swampertite|Torrent|WaveCrash,Earthquake,IcePunch,Protect|Adamant||M|||50|]Pelipper||SitrusBerry|Drizzle|WeatherBall,Hurricane,Tailwind,WideGuard|Bold||F|||50|]Archaludon||Leftovers|Stamina|ElectroShot,DragonPulse,FlashCannon,Protect|Modest||F|||50|]Grimmsnarl||LightClay|Prankster|LightScreen,Reflect,FoulPlay,PartingShot|Careful||M|||50|]Metagross||Metagrossite|ClearBody|MeteorMash,PsychicFangs,StompingTantrum,Protect|Adamant|||||50|]Sneasler||FocusSash|Unburden|FakeOut,CloseCombat,Coaching,DireClaw|Naive||F|||50|
|showteam|p2|Charizard||CharizarditeY|Blaze|HeatWave,WeatherBall,SolarBeam,Protect|Modest||F|||50|]Garchomp||LifeOrb|RoughSkin|Earthquake,DragonClaw,StompingTantrum,Protect|Jolly||M|||50|]Sylveon||FairyFeather|Pixilate|HyperVoice,QuickAttack,HyperBeam,Detect|Modest||F|||50|]Incineroar||SitrusBerry|Intimidate|FlareBlitz,ThroatChop,PartingShot,FakeOut|Impish||F|||50|]Aerodactyl||FocusSash|Unnerve|RockSlide,DualWingbeat,Tailwind,WideGuard|Jolly||M|||50|]Kingambit||BlackGlasses|Defiant|KowtowCleave,SuckerPunch,IronHead,Protect|Adamant||M|||50|
|inactive|Battle timer is ON: inactive players will automatically lose when time's up. (requested by starlight74)
|
|t:|1784051102
|teamsize|p1|4
|teamsize|p2|4
|start
|switch|p1a: Teenage Dream|Sneasler, L50, F|100/100
|switch|p1b: Dark Horse|Metagross, L50|100/100
|switch|p2a: Sylveon|Sylveon, L50, F, shiny|100/100
|switch|p2b: Charizard|Charizard, L50, F, shiny|100/100
|turn|1
|
|t:|1784051120
|switch|p2b: Incineroar|Incineroar, L50, F|100/100
|-ability|p2b: Incineroar|Intimidate|boost
|-unboost|p1a: Teenage Dream|atk|1
|-fail|p1b: Dark Horse|unboost|[from] ability: Clear Body|[of] p1b: Dark Horse
|move|p1b: Dark Horse|Protect|p1b: Dark Horse
|-singleturn|p1b: Dark Horse|Protect
|move|p1a: Teenage Dream|Coaching|p1b: Dark Horse
|-boost|p1b: Dark Horse|atk|1
|-boost|p1b: Dark Horse|def|1
|move|p2a: Sylveon|Hyper Voice|p1b: Dark Horse|[spread] p1a
|-activate|p1b: Dark Horse|move: Protect
|-damage|p1a: Teenage Dream|23/100
|
|upkeep
|turn|2
|
|t:|1784051144
|move|p2b: Incineroar|Fake Out|p1b: Dark Horse
|-resisted|p1b: Dark Horse|1
|-damage|p1b: Dark Horse|97/100
|move|p1a: Teenage Dream|Coaching|p1b: Dark Horse
|-boost|p1b: Dark Horse|atk|1
|-boost|p1b: Dark Horse|def|1
|cant|p1b: Dark Horse|flinch
|move|p2a: Sylveon|Hyper Voice|p1a: Teenage Dream|[spread] p1a,p1b
|-resisted|p1b: Dark Horse|1
|-damage|p1a: Teenage Dream|0 fnt
|-damage|p1b: Dark Horse|69/100
|faint|p1a: Teenage Dream
|
|upkeep
|
|t:|1784051153
|switch|p1a: T.G.I.F.|Archaludon, L50, F|100/100
|turn|3
|
|t:|1784051176
|switch|p2b: Charizard|Charizard, L50, F, shiny|100/100
|move|p2a: Sylveon|Detect|p2a: Sylveon
|-singleturn|p2a: Sylveon|Protect
|move|p1b: Dark Horse|Meteor Mash|p2a: Sylveon
|-activate|p2a: Sylveon|move: Protect
|move|p1a: T.G.I.F.|Dragon Pulse|p2b: Charizard
|-damage|p2b: Charizard|52/100
|
|upkeep
|turn|4
|
|t:|1784051189
|move|p2b: Charizard|Protect|p2b: Charizard
|-singleturn|p2b: Charizard|Protect
|move|p1b: Dark Horse|Protect|p1b: Dark Horse
|-singleturn|p1b: Dark Horse|Protect
|move|p1a: T.G.I.F.|Flash Cannon|p2a: Sylveon
|-supereffective|p2a: Sylveon|1
|-damage|p2a: Sylveon|43/100
|move|p2a: Sylveon|Hyper Voice|p1b: Dark Horse|[spread] p1a
|-activate|p1b: Dark Horse|move: Protect
|-damage|p1a: T.G.I.F.|49/100
|-ability|p1a: T.G.I.F.|Stamina|boost
|-boost|p1a: T.G.I.F.|def|1
|
|-heal|p1a: T.G.I.F.|55/100|[from] item: Leftovers
|upkeep
|turn|5
|inactive|WarlogFV has 30 seconds left.
|inactive|starlight74 has 30 seconds left.
|
|t:|1784051216
|switch|p2b: Incineroar|Incineroar, L50, F|100/100
|-ability|p2b: Incineroar|Intimidate|boost
|-unboost|p1a: T.G.I.F.|atk|1
|-fail|p1b: Dark Horse|unboost|[from] ability: Clear Body|[of] p1b: Dark Horse
|detailschange|p1b: Dark Horse|Metagross-Mega, L50
|-mega|p1b: Dark Horse|Metagross|Metagrossite
|move|p2a: Sylveon|Detect|p2a: Sylveon
|-singleturn|p2a: Sylveon|Protect
|move|p1b: Dark Horse|Psychic Fangs|p2b: Incineroar
|-immune|p2b: Incineroar
|move|p1a: T.G.I.F.|Flash Cannon|p2a: Sylveon
|-activate|p2a: Sylveon|move: Protect
|
|-heal|p1a: T.G.I.F.|61/100|[from] item: Leftovers
|upkeep
|turn|6
|
|t:|1784051235
|switch|p2a: Charizard|Charizard, L50, F, shiny|52/100
|move|p1b: Dark Horse|Meteor Mash|p2a: Charizard
|-resisted|p2a: Charizard|1
|-damage|p2a: Charizard|0 fnt
|faint|p2a: Charizard
|move|p1a: T.G.I.F.|Flash Cannon|p2b: Incineroar
|-resisted|p2b: Incineroar|1
|-damage|p2b: Incineroar|81/100
|move|p2b: Incineroar|Parting Shot|p1a: T.G.I.F.
|-unboost|p1a: T.G.I.F.|atk|1
|-unboost|p1a: T.G.I.F.|spa|1
|
|t:|1784051240
|switch|p2b: Garchomp|Garchomp, L50, M|100/100|[from] Parting Shot
|
|-heal|p1a: T.G.I.F.|67/100|[from] item: Leftovers
|upkeep
|
|t:|1784051243
|switch|p2a: Incineroar|Incineroar, L50, F|81/100
|-ability|p2a: Incineroar|Intimidate|boost
|-unboost|p1a: T.G.I.F.|atk|1
|-unboost|p1b: Dark Horse|atk|1
|turn|7
|
|t:|1784051253
|switch|p1a: Lifetimes|Pelipper, L50, F|100/100
|-weather|RainDance|[from] ability: Drizzle|[of] p1a: Lifetimes
|switch|p2a: Sylveon|Sylveon, L50, F, shiny|43/100
|move|p2b: Garchomp|Protect|p2b: Garchomp
|-singleturn|p2b: Garchomp|Protect
|move|p1b: Dark Horse|Protect||[still]
|-fail|p1b: Dark Horse
|
|-weather|RainDance|[upkeep]
|upkeep
|turn|8
|
|t:|1784051265
|switch|p2b: Incineroar|Incineroar, L50, F|81/100
|-ability|p2b: Incineroar|Intimidate|boost
|-unboost|p1a: Lifetimes|atk|1
|-unboost|p1b: Dark Horse|atk|1
|move|p1b: Dark Horse|Meteor Mash|p2a: Sylveon
|-supereffective|p2a: Sylveon|1
|-crit|p2a: Sylveon
|-damage|p2a: Sylveon|0 fnt
|faint|p2a: Sylveon
|move|p1a: Lifetimes|Tailwind|p1a: Lifetimes
|-sidestart|p1: WarlogFV|move: Tailwind
|
|-weather|RainDance|[upkeep]
|upkeep
|
|t:|1784051272
|switch|p2a: Garchomp|Garchomp, L50, M|100/100
|turn|9
|
|t:|1784051282
|move|p2b: Incineroar|Fake Out|p1a: Lifetimes
|-damage|p1a: Lifetimes|89/100
|move|p1b: Dark Horse|Stomping Tantrum|p2b: Incineroar
|-supereffective|p2b: Incineroar|1
|-damage|p2b: Incineroar|27/100
|-enditem|p2b: Incineroar|Sitrus Berry|[eat]
|-heal|p2b: Incineroar|52/100|[from] item: Sitrus Berry
|cant|p1a: Lifetimes|flinch
|move|p2a: Garchomp|Stomping Tantrum|p1b: Dark Horse
|-supereffective|p1b: Dark Horse|1
|-damage|p1b: Dark Horse|34/100
|-damage|p2a: Garchomp|90/100|[from] item: Life Orb
|
|-weather|RainDance|[upkeep]
|upkeep
|turn|10
|
|t:|1784051299
|move|p1b: Dark Horse|Stomping Tantrum|p2b: Incineroar
|-supereffective|p2b: Incineroar|1
|-damage|p2b: Incineroar|0 fnt
|faint|p2b: Incineroar
|move|p1a: Lifetimes|Weather Ball|p2a: Garchomp
|-damage|p2a: Garchomp|39/100
|move|p2a: Garchomp|Stomping Tantrum|p1b: Dark Horse
|-supereffective|p1b: Dark Horse|1
|-damage|p1b: Dark Horse|0 fnt
|faint|p1b: Dark Horse
|-damage|p2a: Garchomp|29/100|[from] item: Life Orb
|
|-weather|RainDance|[upkeep]
|upkeep
|
|t:|1784051307
|switch|p1b: T.G.I.F.|Archaludon, L50, F|67/100
|turn|11
|
|t:|1784051314
|move|p2a: Garchomp|Protect|p2a: Garchomp
|-singleturn|p2a: Garchomp|Protect
|move|p1b: T.G.I.F.|Dragon Pulse|p2a: Garchomp
|-activate|p2a: Garchomp|move: Protect
|move|p1a: Lifetimes|Weather Ball|p2a: Garchomp
|-activate|p2a: Garchomp|move: Protect
|
|-weather|none
|-heal|p1b: T.G.I.F.|73/100|[from] item: Leftovers
|-sideend|p1: WarlogFV|move: Tailwind
|upkeep
|turn|12
|
|t:|1784051319
|move|p1b: T.G.I.F.|Protect|p1b: T.G.I.F.
|-singleturn|p1b: T.G.I.F.|Protect
|move|p2a: Garchomp|Earthquake|p1a: Lifetimes|[spread] 
|-activate|p1b: T.G.I.F.|move: Protect
|-immune|p1a: Lifetimes
|move|p1a: Lifetimes|Tailwind|p1a: Lifetimes
|-sidestart|p1: WarlogFV|move: Tailwind
|
|-heal|p1b: T.G.I.F.|79/100|[from] item: Leftovers
|upkeep
|turn|13
|
|t:|1784051327
|move|p1b: T.G.I.F.|Dragon Pulse|p2a: Garchomp
|-supereffective|p2a: Garchomp|1
|-damage|p2a: Garchomp|0 fnt
|faint|p2a: Garchomp
|
|win|WarlogFV
