|j|☆powerstar7
|j|☆bobsparents
|html|powerstar7bobsparents    
|uhtml|bestof|Game 1 of a best-of-3
|t:|1784331343
|gametype|doubles
|player|p1|powerstar7|1|1126
|player|p2|bobsparents|cynthia|1134
|gen|9
|tier|[Gen 9 Champions] VGC 2026 Reg M-B (Bo3)
|rated|
|rule|Species Clause: Limit one of each Pokémon
|rule|Item Clause: Limit 1 of each item
|clearpoke
|poke|p1|Delphox, L50, F|
|poke|p1|Floette-Eternal, L50, F|
|poke|p1|Maushold, L50|
|poke|p1|Sinistcha, L50|
|poke|p1|Incineroar, L50, M|
|poke|p1|Sneasler, L50, M|
|poke|p2|Kangaskhan, L50, F|
|poke|p2|Farigiraf, L50, M|
|poke|p2|Chandelure, L50, F|
|poke|p2|Avalugg-Hisui, L50, M|
|poke|p2|Decidueye-Hisui, L50, M|
|poke|p2|Kingambit, L50, M|
|teampreview|4
|showteam|p1|Delphox||Delphoxite|Blaze|NastyPlot,Psyshock,HeatWave,Protect|Modest||F|||50|]Floette-Eternal||Floettite|FlowerVeil|CalmMind,Moonblast,DazzlingGleam,Protect|Modest||F|||50|]Maushold||ChopleBerry|FriendGuard|FollowMe,SuperFang,Feint,Protect|Jolly|||||50|]Sinistcha||KasibBerry|Hospitality|MatchaGotcha,RagePowder,LifeDew,Protect|Bold|||||50|]Incineroar||PasshoBerry|Intimidate|FlareBlitz,ThroatChop,FakeOut,PartingShot|Impish||M|||50|]Sneasler||FocusSash|PoisonTouch|CloseCombat,DireClaw,FakeOut,QuickGuard|Jolly||M|||50|
|showteam|p2|Kangaskhan||Kangaskhanite|Scrappy|DoubleEdge,HammerArm,IcePunch,FakeOut|Brave||F|||50|]Farigiraf||SitrusBerry|ArmorTail|PsychicNoise,Thunderbolt,TrickRoom,Protect|Quiet||M|||50|]Chandelure||FocusSash|FlashFire|HeatWave,ShadowBall,TrickRoom,Protect|Quiet||F|||50|]Avalugg-Hisui||WideLens|Sturdy|RockSlide,MountainGale,BodyPress,WideGuard|Brave||M|||50|]Decidueye-Hisui||LifeOrb|Scrappy|CloseCombat,LeafBlade,BraveBird,Protect|Brave||M|||50|]Kingambit||BlackGlasses|Defiant|KowtowCleave,IronHead,SuckerPunch,SwordsDance|Brave||M|||50|
|inactive|Battle timer is ON: inactive players will automatically lose when time's up. (requested by bobsparents)
|
|t:|1784331429
|teamsize|p1|4
|teamsize|p2|4
|start
|switch|p1a: Sneasler|Sneasler, L50, M|100/100
|switch|p1b: Delphox|Delphox, L50, F|100/100
|switch|p2a: Kangaskhan|Kangaskhan, L50, F|100/100
|switch|p2b: Farigiraf|Farigiraf, L50, M|100/100
|turn|1
|inactive|bobsparents has 30 seconds left.
|
|t:|1784331457
|detailschange|p1b: Delphox|Delphox-Mega, L50, F
|-mega|p1b: Delphox|Delphox|Delphoxite
|detailschange|p2a: Kangaskhan|Kangaskhan-Mega, L50, F
|-mega|p2a: Kangaskhan|Kangaskhan|Kangaskhanite
|move|p1a: Sneasler|Quick Guard|p1a: Sneasler
|-singleturn|p1a: Sneasler|Quick Guard
|move|p1b: Delphox|Nasty Plot|p1b: Delphox
|-boost|p1b: Delphox|spa|2
|move|p2a: Kangaskhan|Double-Edge|p1b: Delphox
|-damage|p1b: Delphox|5/100
|-damage|p1b: Delphox|0 fnt
|faint|p1b: Delphox
|-hitcount|p1: Delphox|2
|-damage|p2a: Kangaskhan|76/100|[from] Recoil
|move|p2b: Farigiraf|Trick Room|p2b: Farigiraf
|-fieldstart|move: Trick Room|[of] p2b: Farigiraf
|
|upkeep
|
|t:|1784331470
|switch|p1b: Sinistcha|Sinistcha, L50|100/100
|turn|2
|
|t:|1784331497
|move|p1b: Sinistcha|Rage Powder|p1b: Sinistcha
|-singleturn|p1b: Sinistcha|move: Rage Powder
|move|p2b: Farigiraf|Psychic Noise|p1b: Sinistcha
|-damage|p1b: Sinistcha|67/100
|-start|p1b: Sinistcha|move: Heal Block
|move|p2a: Kangaskhan|Ice Punch|p1b: Sinistcha
|-supereffective|p1b: Sinistcha|1
|-damage|p1b: Sinistcha|20/100y
|-supereffective|p1b: Sinistcha|1
|-damage|p1b: Sinistcha|11/100
|-hitcount|p1b: Sinistcha|2
|move|p1a: Sneasler|Dire Claw|p2b: Farigiraf
|-damage|p2b: Farigiraf|59/100
|-status|p2b: Farigiraf|psn
|
|-damage|p2b: Farigiraf|47/100 psn|[from] psn
|upkeep
|-enditem|p2b: Farigiraf|Sitrus Berry|[eat]
|-heal|p2b: Farigiraf|72/100 psn|[from] item: Sitrus Berry
|turn|3
|
|t:|1784331522
|move|p1b: Sinistcha|Rage Powder|p1b: Sinistcha
|-singleturn|p1b: Sinistcha|move: Rage Powder
|move|p2b: Farigiraf|Psychic Noise|p1b: Sinistcha
|-damage|p1b: Sinistcha|0 fnt
|faint|p1b: Sinistcha
|move|p2a: Kangaskhan|Double-Edge|p1a: Sneasler
|-enditem|p1a: Sneasler|Focus Sash
|-damage|p1a: Sneasler|1/100
|-damage|p1a: Sneasler|0 fnt
|faint|p1a: Sneasler
|-hitcount|p1: Sneasler|2
|-damage|p2a: Kangaskhan|51/100|[from] Recoil
|
|-damage|p2b: Farigiraf|59/100 psn|[from] psn
|upkeep
|
|t:|1784331533
|switch|p1b: Incineroar|Incineroar, L50, M|100/100
|-ability|p1b: Incineroar|Intimidate|boost
|-unboost|p2a: Kangaskhan|atk|1
|-unboost|p2b: Farigiraf|atk|1
|turn|4
|
|t:|1784331558
|switch|p2a: Chandelure|Chandelure, L50, F|100/100
|move|p2b: Farigiraf|Thunderbolt|p1b: Incineroar
|-crit|p1b: Incineroar
|-damage|p1b: Incineroar|70/100
|move|p1b: Incineroar|Throat Chop|p2b: Farigiraf
|-supereffective|p2b: Farigiraf|1
|-damage|p2b: Farigiraf|0 fnt
|faint|p2b: Farigiraf
|
|upkeep
|
|t:|1784331567
|switch|p2b: Decidueye|Decidueye-Hisui, L50, M|100/100
|turn|5
|-message|powerstar7 forfeited.
|
|win|bobsparents
