|j|ŌśåCoban7
|j|Ōśågundnub
|html|Coban7gundnub    
|uhtml|bestof|Game 3 of a best-of-3
|t:|1783362919
|gametype|doubles
|player|p1|Coban7|1|
|player|p2|gundnub|pokemonranger-gen4|
|gen|9
|tier|[Gen 9 Champions] VGC 2026 Reg M-B (Bo3)
|rule|Species Clause: Limit one of each Pok├®mon
|rule|Item Clause: Limit 1 of each item
|clearpoke
|poke|p1|Umbreon, L50, M, shiny|
|poke|p1|Hippowdon, L50, M|
|poke|p1|Lucario, L50, M|
|poke|p1|Ariados, L50, M|
|poke|p1|Lycanroc, L50, F, shiny|
|poke|p1|Houndstone, L50, M|
|poke|p2|Pidgeot, L50, M|
|poke|p2|Krookodile, L50, F|
|poke|p2|Floette-Eternal, L50, F|
|poke|p2|Toxicroak, L50, M|
|poke|p2|Chandelure, L50, F|
|poke|p2|Goodra-Hisui, L50, F|
|teampreview|4
|showteam|p1|Umbreon||Leftovers|InnerFocus|FoulPlay,Wish,Toxic,Protect|Bold||M|||50|]Hippowdon||SitrusBerry|SandStream|Earthquake,SandTomb,SlackOff,Protect|Brave||M|||50|]Lucario||Lucarionite|InnerFocus|AuraSphere,VacuumWave,Protect,FlashCannon|Timid||M|||50|]Ariados||OccaBerry|Insomnia|Infestation,KnockOff,RagePowder,Protect|Impish||M|||50|]Lycanroc||FocusSash|SandRush|RockSlide,Endeavor,Accelerock,Protect|Adamant||F|||50|]Houndstone||ColburBerry|SandRush|LastRespects,ShadowSneak,BodyPress,Protect|Adamant||M|||50|
|showteam|p2|Pidgeot||Pidgeotite|BigPecks|Protect,Hurricane,HeatWave,Tailwind|Timid||M|||50|]Krookodile||RoseliBerry|Intimidate|IronHead,HighHorsepower,LashOut,Earthquake|Adamant||F|||50|]Floette-Eternal||LifeOrb|FlowerVeil|Protect,Moonblast,DazzlingGleam,LightofRuin|Modest||F|||50|]Toxicroak||FocusSash|DrySkin|Protect,PoisonJab,CloseCombat,FakeOut|Jolly||M|||50|]Chandelure||Chandelurite|FlashFire|Protect,HeatWave,ShadowBall,TrickRoom|Modest||F|||50|]Goodra-Hisui||ExpertBelt|ShellArmor|BodyPress,DragonPulse,HeavySlam,Thunderbolt|Sassy||F|||50|
|inactive|Battle timer is ON: inactive players will automatically lose when time's up. (requested by gundnub)
|inactiveoff|Battle timer is now OFF.
|
|t:|1783362983
|teamsize|p1|4
|teamsize|p2|4
|start
|switch|p1a: Hippowdon|Hippowdon, L50, M|100/100
|switch|p1b: Lycanroc|Lycanroc, L50, F, shiny|100/100
|switch|p2a: Pidgeot|Pidgeot, L50, M|100/100
|switch|p2b: Floette|Floette-Eternal, L50, F|100/100
|-weather|Sandstorm|[from] ability: Sand Stream|[of] p1a: Hippowdon
|turn|1
|
|t:|1783363006
|detailschange|p2a: Pidgeot|Pidgeot-Mega, L50, M
|-mega|p2a: Pidgeot|Pidgeot|Pidgeotite
|move|p1b: Lycanroc|Rock Slide|p2a: Pidgeot|[spread] p2a,p2b
|-supereffective|p2a: Pidgeot|1
|-damage|p2a: Pidgeot|36/100
|-damage|p2b: Floette|54/100
|cant|p2a: Pidgeot|flinch
|cant|p2b: Floette|flinch
|move|p1a: Hippowdon|Sand Tomb|p2b: Floette
|-damage|p2b: Floette|32/100
|-activate|p2b: Floette|move: Sand Tomb|[of] p1a: Hippowdon
|
|-weather|Sandstorm|[upkeep]
|-damage|p2a: Pidgeot|30/100|[from] Sandstorm
|-damage|p2b: Floette|27/100|[from] Sandstorm
|-damage|p2b: Floette|15/100|[from] move: Sand Tomb|[partiallytrapped]
|upkeep
|turn|2
|c|Ōśågundnub|ggwp
|c|ŌśåCoban7|Damn double rockslide flinch
|c|ŌśåCoban7|welcome back aerodactyle
|
|t:|1783363051
|switch|p2a: Krookodile|Krookodile, L50, F|100/100
|-ability|p2a: Krookodile|Intimidate|boost
|-unboost|p1a: Hippowdon|atk|1
|-unboost|p1b: Lycanroc|atk|1
|move|p2b: Floette|Protect|p2b: Floette
|-singleturn|p2b: Floette|Protect
|move|p1b: Lycanroc|Rock Slide|p2b: Floette|[spread] 
|-activate|p2b: Floette|move: Protect
|-miss|p1b: Lycanroc|p2a: Krookodile
|move|p1a: Hippowdon|Sand Tomb|p2a: Krookodile
|-crit|p2a: Krookodile
|-damage|p2a: Krookodile|73/100
|-activate|p2a: Krookodile|move: Sand Tomb|[of] p1a: Hippowdon
|
|-weather|Sandstorm|[upkeep]
|-damage|p2b: Floette|9/100|[from] Sandstorm
|-damage|p2b: Floette|0 fnt|[from] move: Sand Tomb|[partiallytrapped]
|faint|p2b: Floette
|-damage|p2a: Krookodile|61/100|[from] move: Sand Tomb|[partiallytrapped]
|upkeep
|
|t:|1783363060
|switch|p2b: Toxicroak|Toxicroak, L50, M|100/100
|turn|3
|
|t:|1783363082
|move|p1b: Lycanroc|Protect|p1b: Lycanroc
|-singleturn|p1b: Lycanroc|Protect
|move|p1a: Hippowdon|Protect|p1a: Hippowdon
|-singleturn|p1a: Hippowdon|Protect
|move|p2b: Toxicroak|Fake Out|p1b: Lycanroc
|-activate|p1b: Lycanroc|move: Protect
|move|p2a: Krookodile|High Horsepower|p1b: Lycanroc
|-activate|p1b: Lycanroc|move: Protect
|
|-weather|Sandstorm|[upkeep]
|-damage|p2b: Toxicroak|93/100|[from] Sandstorm
|-damage|p2a: Krookodile|48/100|[from] move: Sand Tomb|[partiallytrapped]
|upkeep
|turn|4
|
|t:|1783363113
|switch|p1b: Umbreon|Umbreon, L50, M, shiny|100/100
|move|p2b: Toxicroak|Poison Jab|p1b: Umbreon
|-damage|p1b: Umbreon|75/100
|-status|p1b: Umbreon|psn
|move|p2a: Krookodile|High Horsepower|p1b: Umbreon
|-damage|p1b: Umbreon|36/100 psn
|move|p1a: Hippowdon|Sand Tomb|p2b: Toxicroak|[miss]
|-miss|p1a: Hippowdon|p2b: Toxicroak
|
|-weather|Sandstorm|[upkeep]
|-damage|p2b: Toxicroak|87/100|[from] Sandstorm
|-damage|p1b: Umbreon|30/100 psn|[from] Sandstorm
|-heal|p1b: Umbreon|36/100 psn|[from] item: Leftovers
|-damage|p1b: Umbreon|24/100 psn|[from] psn
|-damage|p2a: Krookodile|36/100|[from] move: Sand Tomb|[partiallytrapped]
|upkeep
|turn|5
|-message|gundnub forfeited.
|
|win|Coban7
