|j|☆noka47
|j|☆sogreenitslime
|html|noka47sogreenitslime    
|uhtml|bestof|Game 3 of a best-of-3
|t:|1785076028
|gametype|doubles
|player|p1|noka47|102|1231
|player|p2|sogreenitslime|pokemaniac|1297
|gen|9
|tier|[Gen 9 Champions] VGC 2026 Reg M-B (Bo3)
|rated|
|rule|Species Clause: Limit one of each Pokémon
|rule|Item Clause: Limit 1 of each item
|clearpoke
|poke|p1|Gengar, L50, M|
|poke|p1|Altaria, L50, M|
|poke|p1|Maushold, L50|
|poke|p1|Incineroar, L50, M|
|poke|p1|Tinkaton, L50, F|
|poke|p1|Kingambit, L50, F|
|poke|p2|Tyranitar, L50, M|
|poke|p2|Excadrill, L50, M|
|poke|p2|Milotic, L50, M|
|poke|p2|Sinistcha, L50|
|poke|p2|Staraptor, L50, F|
|poke|p2|Gholdengo, L50|
|teampreview|4
|showteam|p1|Gengar||Gengarite|CursedBody|ShadowBall,PerishSong,Disable,Protect|Timid||M|||50|]Altaria||Leftovers|CloudNine|FireSpin,PerishSong,WillOWisp,Protect|Calm||M|||50|]Maushold||ChopleBerry|FriendGuard|Uturn,Encore,FollowMe,Protect|Jolly|||||50|]Incineroar||PasshoBerry|Intimidate|ThroatChop,PartingShot,FakeOut,Protect|Careful||M|||50|]Tinkaton||ShucaBerry|MoldBreaker|GigatonHammer,Encore,FakeOut,Protect|Jolly||F|||50|]Kingambit||BlackGlasses|Defiant|KowtowCleave,SuckerPunch,SwordsDance,Protect|Adamant||F|||50|
|showteam|p2|Tyranitar||Tyranitarite|SandStream|KnockOff,RockSlide,HighHorsepower,Protect|Jolly||M|||50|]Excadrill||FocusSash|SandRush|Earthquake,IronHead,RockSlide,Protect|Adamant||M|||50|]Milotic||SitrusBerry|Competitive|Scald,IcyWind,Haze,Protect|Calm||M|||50|]Sinistcha||ColburBerry|Hospitality|MatchaGotcha,ShadowBall,Protect,RagePowder|Bold|||||50|]Staraptor||Staraptite|Intimidate|CloseCombat,BraveBird,Tailwind,Protect|Jolly||F|||50|]Gholdengo||LifeOrb|GoodasGold|MakeItRain,ShadowBall,NastyPlot,Protect|Modest|||||50|
|
|t:|1785076065
|teamsize|p1|4
|teamsize|p2|4
|start
|switch|p1a: Gengar|Gengar, L50, M|100/100
|switch|p1b: Maushold|Maushold, L50|100/100
|switch|p2a: Milotic|Milotic, L50, M|100/100
|switch|p2b: Gholdengo|Gholdengo, L50|100/100
|turn|1
|inactive|Battle timer is ON: inactive players will automatically lose when time's up. (requested by noka47)
|
|t:|1785076089
|detailschange|p1a: Gengar|Gengar-Mega, L50, M
|-mega|p1a: Gengar|Gengar|Gengarite
|move|p1b: Maushold|Follow Me|p1b: Maushold
|-singleturn|p1b: Maushold|move: Follow Me
|move|p1a: Gengar|Shadow Ball|p2b: Gholdengo
|-supereffective|p2b: Gholdengo|1
|-damage|p2b: Gholdengo|10/100
|move|p2a: Milotic|Icy Wind|p1b: Maushold|[spread] p1b
|-miss|p2a: Milotic|p1a: Gengar
|-damage|p1b: Maushold|88/100
|-unboost|p1b: Maushold|spe|1
|move|p2b: Gholdengo|Nasty Plot|p2b: Gholdengo
|-boost|p2b: Gholdengo|spa|2
|
|upkeep
|turn|2
|
|t:|1785076112
|move|p1a: Gengar|Protect|p1a: Gengar
|-singleturn|p1a: Gengar|Protect
|move|p2b: Gholdengo|Protect|p2b: Gholdengo
|-singleturn|p2b: Gholdengo|Protect
|move|p1b: Maushold|Protect|p1b: Maushold
|-singleturn|p1b: Maushold|Protect
|move|p2a: Milotic|Icy Wind|p1b: Maushold|[spread] 
|-activate|p1a: Gengar|move: Protect
|-activate|p1b: Maushold|move: Protect
|
|upkeep
|turn|3
|
|t:|1785076128
|switch|p2b: Tyranitar|Tyranitar, L50, M|100/100
|-weather|Sandstorm|[from] ability: Sand Stream|[of] p2b: Tyranitar
|move|p1b: Maushold|Follow Me|p1b: Maushold
|-singleturn|p1b: Maushold|move: Follow Me
|move|p1a: Gengar|Shadow Ball|p2b: Tyranitar
|-resisted|p2b: Tyranitar|1
|-damage|p2b: Tyranitar|82/100
|move|p2a: Milotic|Icy Wind|p1b: Maushold|[spread] p1a,p1b
|-damage|p1a: Gengar|90/100
|-damage|p1b: Maushold|75/100
|-unboost|p1a: Gengar|spe|1
|-unboost|p1b: Maushold|spe|1
|
|-weather|Sandstorm|[upkeep]
|-damage|p1a: Gengar|84/100|[from] Sandstorm
|-damage|p2a: Milotic|94/100|[from] Sandstorm
|-damage|p1b: Maushold|69/100|[from] Sandstorm
|upkeep
|turn|4
|
|t:|1785076147
|detailschange|p2b: Tyranitar|Tyranitar-Mega, L50, M
|-mega|p2b: Tyranitar|Tyranitar|Tyranitarite
|move|p1b: Maushold|Follow Me|p1b: Maushold
|-singleturn|p1b: Maushold|move: Follow Me
|move|p2b: Tyranitar|Rock Slide|p1b: Maushold|[spread] p1a,p1b
|-damage|p1a: Gengar|48/100
|-damage|p1b: Maushold|35/100
|cant|p1a: Gengar|flinch
|move|p2a: Milotic|Icy Wind|p1b: Maushold|[spread] p1a,p1b
|-damage|p1a: Gengar|37/100
|-damage|p1b: Maushold|24/100
|-unboost|p1a: Gengar|spe|1
|-unboost|p1b: Maushold|spe|1
|
|-weather|Sandstorm|[upkeep]
|-damage|p2a: Milotic|88/100|[from] Sandstorm
|-damage|p1a: Gengar|32/100|[from] Sandstorm
|-damage|p1b: Maushold|18/100|[from] Sandstorm
|upkeep
|turn|5
|
|t:|1785076167
|move|p1b: Maushold|Follow Me|p1b: Maushold
|-singleturn|p1b: Maushold|move: Follow Me
|move|p2b: Tyranitar|Rock Slide|p1a: Gengar|[spread] p1a,p1b
|-damage|p1a: Gengar|0 fnt
|-damage|p1b: Maushold|0 fnt
|faint|p1a: Gengar
|faint|p1b: Maushold
|move|p2a: Milotic|Icy Wind|p1: Gengar|[notarget]
|-fail|p2a: Milotic
|
|-weather|Sandstorm|[upkeep]
|-damage|p2a: Milotic|82/100|[from] Sandstorm
|upkeep
|-message|noka47 forfeited.
|
|win|sogreenitslime
|raw|noka47's rating: 1231 → 1211(-20 for losing)
|raw|sogreenitslime's rating: 1297 → 1317(+20 for winning)
|l|☆noka47
|player|p1|
