|j|☆sbhaga34
|j|☆policho98
|html|sbhaga34policho98    
|uhtml|bestof|Game 1 of a best-of-3
|t:|1784817321
|gametype|doubles
|player|p1|sbhaga34|hugh|1347
|player|p2|policho98|170|1250
|gen|9
|tier|[Gen 9 Champions] VGC 2026 Reg M-B (Bo3)
|rated|
|rule|Species Clause: Limit one of each Pokémon
|rule|Item Clause: Limit 1 of each item
|clearpoke
|poke|p1|Excadrill, L50, M|
|poke|p1|Tyranitar, L50, F|
|poke|p1|Corviknight, L50, F|
|poke|p1|Rotom-Wash, L50|
|poke|p1|Chandelure, L50, M|
|poke|p1|Scovillain, L50, M|
|poke|p2|Aerodactyl, L50, M|
|poke|p2|Kingambit, L50, M|
|poke|p2|Sylveon, L50, F|
|poke|p2|Garchomp, L50, F|
|poke|p2|Charizard, L50, F|
|poke|p2|Incineroar, L50, F|
|teampreview|4
|showteam|p1|Excadrill||FocusSash|SandRush|Earthquake,IronHead,SwordsDance,Protect|Adamant||M|||50|]Tyranitar||Tyranitarite|SandStream|RockSlide,KnockOff,LowKick,Protect|Adamant||F|||50|]Corviknight||SharpBeak|MirrorArmor|BraveBird,Tailwind,BulkUp,Roost|Careful||F|||50|]Rotom-Wash||ChoiceScarf|Levitate|VoltSwitch,Thunderbolt,Electroweb,HydroPump|Timid|||||50|]Chandelure||ShucaBerry|FlashFire|HeatWave,ShadowBall,TrickRoom,Protect|Modest||M|||50|]Scovillain||Scovillainite|Chlorophyll|RagePowder,Overheat,GigaDrain,Protect|Calm||M|||50|
|showteam|p2|Aerodactyl||Aerodactylite|Unnerve|RockSlide,IceFang,Tailwind,WideGuard|Jolly||M|||50|]Kingambit||FocusSash|Defiant|KowtowCleave,SuckerPunch,IronHead,Protect|Adamant||M|||50|]Sylveon||FairyFeather|Pixilate|Detect,HyperVoice,HyperBeam,QuickAttack|Modest||F|||50|]Garchomp||LifeOrb|RoughSkin|Earthquake,DragonClaw,StompingTantrum,Protect|Jolly||F|||50|]Charizard||CharizarditeY|Blaze|Protect,HeatWave,SolarBeam,WeatherBall|Modest||F|||50|]Incineroar||SitrusBerry|Intimidate|DarkestLariat,FlareBlitz,FakeOut,PartingShot|Impish||F|||50|
|inactive|Battle timer is ON: inactive players will automatically lose when time's up. (requested by sbhaga34)
|inactive|sbhaga34 has 60 seconds left.
|
|t:|1784817385
|teamsize|p1|4
|teamsize|p2|4
|start
|switch|p1a: Corviknight|Corviknight, L50, F|100/100
|switch|p1b: Chandelure|Chandelure, L50, M|100/100
|switch|p2a: Aerodactyl|Aerodactyl, L50, M|100/100
|switch|p2b: Incineroar|Incineroar, L50, F|100/100
|-ability|p2a: Aerodactyl|Unnerve
|-ability|p2b: Incineroar|Intimidate|boost
|-ability|p1a: Corviknight|Mirror Armor
|-unboost|p2b: Incineroar|atk|1
|-unboost|p1b: Chandelure|atk|1
|turn|1
|
|t:|1784817405
|move|p1b: Chandelure|Protect|p1b: Chandelure
|-singleturn|p1b: Chandelure|Protect
|move|p2a: Aerodactyl|Tailwind|p2a: Aerodactyl
|-sidestart|p2: policho98|move: Tailwind
|move|p2b: Incineroar|Darkest Lariat|p1b: Chandelure
|-activate|p1b: Chandelure|move: Protect
|move|p1a: Corviknight|Tailwind|p1a: Corviknight
|-sidestart|p1: sbhaga34|move: Tailwind
|
|upkeep
|turn|2
|
|t:|1784817423
|switch|p1b: Rotom|Rotom-Wash, L50|100/100
|move|p2a: Aerodactyl|Rock Slide|p1b: Rotom|[spread] p1b
|-miss|p2a: Aerodactyl|p1a: Corviknight
|-damage|p1b: Rotom|76/100
|move|p1a: Corviknight|Bulk Up|p1a: Corviknight
|-boost|p1a: Corviknight|atk|1
|-boost|p1a: Corviknight|def|1
|move|p2b: Incineroar|Darkest Lariat|p1b: Rotom
|-damage|p1b: Rotom|51/100
|
|upkeep
|turn|3
|
|t:|1784817443
|switch|p2a: Garchomp|Garchomp, L50, F|100/100
|move|p1b: Rotom|Thunderbolt|p2a: Garchomp
|-immune|p2a: Garchomp
|move|p1a: Corviknight|Brave Bird|p2a: Garchomp
|-crit|p2a: Garchomp
|-damage|p2a: Garchomp|0 fnt
|-damage|p1a: Corviknight|87/100|[from] ability: Rough Skin|[of] p2a: Garchomp
|faint|p2a: Garchomp
|-damage|p1a: Corviknight|57/100|[from] Recoil
|move|p2b: Incineroar|Parting Shot|p1b: Rotom
|-unboost|p1b: Rotom|atk|1
|-unboost|p1b: Rotom|spa|1
|
|t:|1784817463
|switch|p2b: Charizard|Charizard, L50, F|100/100|[from] Parting Shot
|
|upkeep
|
|t:|1784817467
|switch|p2a: Aerodactyl|Aerodactyl, L50, M|100/100
|-ability|p2a: Aerodactyl|Unnerve
|turn|4
|
|t:|1784817490
|switch|p1a: Chandelure|Chandelure, L50, M|100/100
|detailschange|p2b: Charizard|Charizard-Mega-Y, L50, F
|-mega|p2b: Charizard|Charizard|Charizardite Y
|-weather|SunnyDay|[from] ability: Drought|[of] p2b: Charizard
|move|p1b: Rotom|Thunderbolt|p2a: Aerodactyl
|-supereffective|p2a: Aerodactyl|1
|-damage|p2a: Aerodactyl|37/100
|move|p2a: Aerodactyl|Rock Slide|p1b: Rotom|[spread] p1a,p1b
|-supereffective|p1a: Chandelure|1
|-damage|p1a: Chandelure|53/100
|-damage|p1b: Rotom|26/100
|move|p2b: Charizard|Heat Wave|p1b: Rotom|[spread] p1b
|-start|p1a: Chandelure|ability: Flash Fire
|-resisted|p1b: Rotom|1
|-damage|p1b: Rotom|0 fnt
|faint|p1b: Rotom
|
|-weather|SunnyDay|[upkeep]
|-sideend|p1: sbhaga34|move: Tailwind
|-sideend|p2: policho98|move: Tailwind
|upkeep
|
|t:|1784817511
|switch|p1b: Tyranitar|Tyranitar, L50, F|100/100
|-weather|Sandstorm|[from] ability: Sand Stream|[of] p1b: Tyranitar
|turn|5
|
|t:|1784817517
|switch|p2b: Incineroar|Incineroar, L50, F|100/100
|-ability|p2b: Incineroar|Intimidate|boost
|-unboost|p1a: Chandelure|atk|1
|-unboost|p1b: Tyranitar|atk|1
|move|p1a: Chandelure|Protect|p1a: Chandelure
|-singleturn|p1a: Chandelure|Protect
|move|p2a: Aerodactyl|Rock Slide|p1a: Chandelure|[spread] p1b
|-activate|p1a: Chandelure|move: Protect
|-damage|p1b: Tyranitar|81/100
|move|p1b: Tyranitar|Rock Slide|p2b: Incineroar|[spread] p2b
|-miss|p1b: Tyranitar|p2a: Aerodactyl
|-supereffective|p2b: Incineroar|1
|-damage|p2b: Incineroar|75/100
|
|-weather|Sandstorm|[upkeep]
|-damage|p1a: Chandelure|47/100|[from] Sandstorm
|-damage|p2b: Incineroar|69/100|[from] Sandstorm
|upkeep
|turn|6
|
|t:|1784817541
|-end|p1a: Chandelure|ability: Flash Fire|[silent]
|switch|p1a: Corviknight|Corviknight, L50, F|57/100
|move|p2a: Aerodactyl|Rock Slide|p1a: Corviknight|[spread] p1b
|-miss|p2a: Aerodactyl|p1a: Corviknight
|-damage|p1b: Tyranitar|63/100
|move|p1b: Tyranitar|Rock Slide|p2b: Incineroar|[spread] p2a,p2b
|-supereffective|p2a: Aerodactyl|1
|-supereffective|p2b: Incineroar|1
|-damage|p2a: Aerodactyl|0 fnt
|-damage|p2b: Incineroar|42/100
|-enditem|p2b: Incineroar|Sitrus Berry|[eat]
|-heal|p2b: Incineroar|67/100|[from] item: Sitrus Berry
|faint|p2a: Aerodactyl
|move|p2b: Incineroar|Parting Shot|p1b: Tyranitar
|-unboost|p1b: Tyranitar|atk|1
|-unboost|p1b: Tyranitar|spa|1
|
|t:|1784817556
|switch|p2b: Charizard|Charizard-Mega-Y, L50, F|100/100|[from] Parting Shot
|-weather|SunnyDay|[from] ability: Drought|[of] p2b: Charizard
|
|-weather|SunnyDay|[upkeep]
|upkeep
|
|t:|1784817564
|switch|p2a: Incineroar|Incineroar, L50, F|67/100
|-ability|p2a: Incineroar|Intimidate|boost
|-ability|p1a: Corviknight|Mirror Armor
|-unboost|p2a: Incineroar|atk|1
|-unboost|p1b: Tyranitar|atk|1
|turn|7
|inactive|sbhaga34 has 30 seconds left.
|inactive|sbhaga34 has 20 seconds left.
|
|t:|1784817609
|switch|p1a: Chandelure|Chandelure, L50, M|47/100
|detailschange|p1b: Tyranitar|Tyranitar-Mega, L50, F
|-mega|p1b: Tyranitar|Tyranitar|Tyranitarite
|-weather|Sandstorm|[from] ability: Sand Stream|[of] p1b: Tyranitar
|move|p2b: Charizard|Solar Beam||[still]
|-prepare|p2b: Charizard|Solar Beam
|move|p1b: Tyranitar|Rock Slide|p2a: Incineroar|[spread] p2a,p2b
|-supereffective|p2a: Incineroar|1
|-supereffective|p2b: Charizard|2
|-damage|p2a: Incineroar|49/100
|-damage|p2b: Charizard|43/100
|move|p2a: Incineroar|Darkest Lariat|p1a: Chandelure
|-supereffective|p1a: Chandelure|1
|-damage|p1a: Chandelure|0 fnt
|faint|p1a: Chandelure
|
|-weather|Sandstorm|[upkeep]
|-damage|p2b: Charizard|37/100|[from] Sandstorm
|-damage|p2a: Incineroar|43/100|[from] Sandstorm
|upkeep
|
|t:|1784817622
|switch|p1a: Corviknight|Corviknight, L50, F|57/100
|turn|8
|
|t:|1784817634
|move|p1b: Tyranitar|Protect|p1b: Tyranitar
|-singleturn|p1b: Tyranitar|Protect
|move|p2b: Charizard|Solar Beam|p1b: Tyranitar|[from] lockedmove
|-activate|p1b: Tyranitar|move: Protect
|move|p1a: Corviknight|Tailwind|p1a: Corviknight
|-sidestart|p1: sbhaga34|move: Tailwind
|move|p2a: Incineroar|Flare Blitz|p1a: Corviknight
|-supereffective|p1a: Corviknight|1
|-damage|p1a: Corviknight|6/100
|-status|p1a: Corviknight|brn
|-damage|p2a: Incineroar|26/100|[from] Recoil
|
|-weather|Sandstorm|[upkeep]
|-damage|p2b: Charizard|31/100|[from] Sandstorm
|-damage|p2a: Incineroar|20/100y|[from] Sandstorm
|-damage|p1a: Corviknight|1/100 brn|[from] brn
|upkeep
|turn|9
|
|t:|1784817656
|move|p2b: Charizard|Protect|p2b: Charizard
|-singleturn|p2b: Charizard|Protect
|move|p1b: Tyranitar|Rock Slide|p2b: Charizard|[spread] p2a
|-activate|p2b: Charizard|move: Protect
|-supereffective|p2a: Incineroar|1
|-damage|p2a: Incineroar|1/100
|move|p1a: Corviknight|Brave Bird|p2a: Incineroar
|-damage|p2a: Incineroar|0 fnt
|faint|p2a: Incineroar
|-damage|p1a: Corviknight|0 fnt|[from] Recoil
|faint|p1a: Corviknight
|
|-weather|Sandstorm|[upkeep]
|-damage|p2b: Charizard|24/100|[from] Sandstorm
|upkeep
|turn|10
|
|t:|1784817670
|move|p1b: Tyranitar|Rock Slide|p2b: Charizard
|-supereffective|p2b: Charizard|2
|-damage|p2b: Charizard|0 fnt
|faint|p2b: Charizard
|
|win|sbhaga34
