|j|☆lettitripppp
|j|☆Kosluger
|html|lettitrippppKosluger    
|uhtml|bestof|Game 1 of a best-of-3
|t:|1785185173
|gametype|doubles
|player|p1|lettitripppp|lucas|1191
|player|p2|Kosluger|266|1277
|gen|9
|tier|[Gen 9 Champions] VGC 2026 Reg M-B (Bo3)
|rated|
|rule|Species Clause: Limit one of each Pokémon
|rule|Item Clause: Limit 1 of each item
|clearpoke
|poke|p1|Charizard, L50, M|
|poke|p1|Floette-Eternal, L50, F|
|poke|p1|Basculegion, L50, M|
|poke|p1|Whimsicott, L50, M, shiny|
|poke|p1|Garchomp, L50, F|
|poke|p1|Kingambit, L50, F, shiny|
|poke|p2|Farigiraf, L50, F|
|poke|p2|Incineroar, L50, F|
|poke|p2|Camerupt, L50, M|
|poke|p2|Kingambit, L50, M|
|poke|p2|Ninetales-Alola, L50, F|
|poke|p2|Raichu, L50, F|
|teampreview|4
|showteam|p1|Charizard||CharizarditeY|Blaze|AncientPower,WeatherBall,HeatWave,Protect|Modest||M|||50|]Floette-Eternal||Floettite|Symbiosis|DazzlingGleam,LightofRuin,Moonblast,Protect|Timid||F|||50|]Basculegion||LifeOrb|Adaptability|LastRespects,WaveCrash,AquaJet,Protect|Adamant||M|||50|]Whimsicott||FocusSash|Prankster|Moonblast,Tailwind,Encore,Protect|Timid||M|||50|]Garchomp||RoseliBerry|RoughSkin|DragonClaw,Earthquake,PoisonJab,RockSlide|Jolly||F|||50|]Kingambit||OccaBerry|Defiant|KowtowCleave,SuckerPunch,IronHead,Protect|Adamant||F|||50|
|showteam|p2|Farigiraf||ColburBerry|ArmorTail|HelpingHand,AllySwitch,TrickRoom,Psychic|Sassy||F|||50|]Incineroar||Charcoal|Intimidate|FakeOut,PartingShot,Taunt,FlareBlitz|Brave||F|||50|]Camerupt||Cameruptite|SolidRock|Protect,HeatWave,AncientPower,EarthPower|Quiet||M|||50|]Kingambit||LifeOrb|Defiant|SuckerPunch,KowtowCleave,Protect,IronHead|Brave||M|||50|]Ninetales-Alola||ChoiceScarf|SnowWarning|Blizzard,FreezeDry,IcyWind,DazzlingGleam|Modest||F|||50|]Raichu||RaichuniteY|LightningRod|FakeOut,Protect,ZapCannon,FocusBlast|Modest||F|||50|
|inactive|Battle timer is ON: inactive players will automatically lose when time's up. (requested by lettitripppp)
|inactive|lettitripppp has 60 seconds left.
|
|t:|1785185217
|teamsize|p1|4
|teamsize|p2|4
|start
|switch|p1a: GENERAL BLADUS|Kingambit, L50, F, shiny|100/100
|switch|p1b: GHOSTWAVE|Basculegion, L50, M|100/100
|switch|p2a: Farigiraf|Farigiraf, L50, F|100/100
|switch|p2b: Incineroar|Incineroar, L50, F|100/100
|-ability|p2b: Incineroar|Intimidate|boost
|-unboost|p1a: GENERAL BLADUS|atk|1
|-ability|p1a: GENERAL BLADUS|Defiant|boost
|-boost|p1a: GENERAL BLADUS|atk|2
|-unboost|p1b: GHOSTWAVE|atk|1
|turn|1
|
|t:|1785185231
|move|p2b: Incineroar|Fake Out|p1a: GENERAL BLADUS
|-resisted|p1a: GENERAL BLADUS|1
|-crit|p1a: GENERAL BLADUS
|-damage|p1a: GENERAL BLADUS|91/100
|move|p1b: GHOSTWAVE|Wave Crash|p2b: Incineroar
|-supereffective|p2b: Incineroar|1
|-damage|p2b: Incineroar|0 fnt
|faint|p2b: Incineroar
|-damage|p1b: GHOSTWAVE|67/100|[from] Recoil
|-damage|p1b: GHOSTWAVE|57/100|[from] item: Life Orb
|cant|p1a: GENERAL BLADUS|flinch
|move|p2a: Farigiraf|Trick Room|p2a: Farigiraf
|-fieldstart|move: Trick Room|[of] p2a: Farigiraf
|
|upkeep
|
|t:|1785185234
|switch|p2b: Camerupt|Camerupt, L50, M|100/100
|turn|2
|
|t:|1785185251
|switch|p2a: Kingambit|Kingambit, L50, M|100/100
|detailschange|p2b: Camerupt|Camerupt-Mega, L50, M
|-mega|p2b: Camerupt|Camerupt|Cameruptite
|move|p1a: GENERAL BLADUS|Protect|p1a: GENERAL BLADUS
|-singleturn|p1a: GENERAL BLADUS|Protect
|move|p2b: Camerupt|Earth Power|p1b: GHOSTWAVE
|-damage|p1b: GHOSTWAVE|0 fnt
|faint|p1b: GHOSTWAVE
|
|upkeep
|
|t:|1785185260
|switch|p1b: CRUSH SHARK|Garchomp, L50, F|100/100
|turn|3
|
|t:|1785185274
|move|p2b: Camerupt|Earth Power|p1b: CRUSH SHARK
|-damage|p1b: CRUSH SHARK|25/100
|move|p2a: Kingambit|Kowtow Cleave|p1b: CRUSH SHARK
|-damage|p1b: CRUSH SHARK|0 fnt
|-damage|p2a: Kingambit|87/100|[from] ability: Rough Skin|[of] p1b: CRUSH SHARK
|faint|p1b: CRUSH SHARK
|-damage|p2a: Kingambit|78/100|[from] item: Life Orb
|move|p1a: GENERAL BLADUS|Kowtow Cleave|p2b: Camerupt
|-damage|p2b: Camerupt|33/100
|
|upkeep
|
|t:|1785185282
|switch|p1b: AGNI|Charizard, L50, M|100/100
|turn|4
|
|t:|1785185296
|detailschange|p1b: AGNI|Charizard-Mega-Y, L50, M
|-mega|p1b: AGNI|Charizard|Charizardite Y
|-weather|SunnyDay|[from] ability: Drought|[of] p1b: AGNI
|move|p2b: Camerupt|Protect|p2b: Camerupt
|-singleturn|p2b: Camerupt|Protect
|move|p1a: GENERAL BLADUS|Sucker Punch||[still]
|-fail|p1a: GENERAL BLADUS
|move|p2a: Kingambit|Kowtow Cleave|p1b: AGNI
|-damage|p1b: AGNI|34/100
|-damage|p2a: Kingambit|68/100|[from] item: Life Orb
|move|p1b: AGNI|Weather Ball|p2a: Kingambit
|-supereffective|p2a: Kingambit|1
|-damage|p2a: Kingambit|0 fnt
|faint|p2a: Kingambit
|
|-weather|SunnyDay|[upkeep]
|upkeep
|
|t:|1785185308
|switch|p2a: Farigiraf|Farigiraf, L50, F|100/100
|turn|5
|
|t:|1785185325
|move|p1a: GENERAL BLADUS|Protect|p1a: GENERAL BLADUS
|-singleturn|p1a: GENERAL BLADUS|Protect
|move|p1b: AGNI|Protect|p1b: AGNI
|-singleturn|p1b: AGNI|Protect
|move|p2b: Camerupt|Earth Power|p1a: GENERAL BLADUS
|-activate|p1a: GENERAL BLADUS|move: Protect
|move|p2a: Farigiraf|Psychic|p1b: AGNI
|-activate|p1b: AGNI|move: Protect
|
|-weather|SunnyDay|[upkeep]
|-fieldend|move: Trick Room
|upkeep
|turn|6
|
|t:|1785185343
|move|p1b: AGNI|Weather Ball|p2b: Camerupt
|-resisted|p2b: Camerupt|1
|-damage|p2b: Camerupt|0 fnt
|faint|p2b: Camerupt
|move|p1a: GENERAL BLADUS|Kowtow Cleave|p2a: Farigiraf
|-supereffective|p2a: Farigiraf|1
|-enditem|p2a: Farigiraf|Colbur Berry|[eat]
|-enditem|p2a: Farigiraf|Colbur Berry|[weaken]
|-damage|p2a: Farigiraf|37/100
|move|p2a: Farigiraf|Trick Room|p2a: Farigiraf
|-fieldstart|move: Trick Room|[of] p2a: Farigiraf
|
|-weather|SunnyDay|[upkeep]
|upkeep
|turn|7
|
|t:|1785185358
|move|p2a: Farigiraf|Psychic|p1b: AGNI
|-damage|p1b: AGNI|2/100
|move|p1a: GENERAL BLADUS|Kowtow Cleave|p2a: Farigiraf
|-supereffective|p2a: Farigiraf|1
|-damage|p2a: Farigiraf|0 fnt
|faint|p2a: Farigiraf
|
|win|lettitripppp
||Kosluger is ready for game 2.
