|j|☆exessvgc
|j|☆jassius22
|html|exessvgcjassius22    
|uhtml|bestof|Game 3 of a best-of-3
|t:|1783775647
|gametype|doubles
|player|p1|exessvgc|lucas|1145
|player|p2|jassius22|265|1070
|gen|9
|tier|[Gen 9 Champions] VGC 2026 Reg M-B (Bo3)
|rated|
|rule|Species Clause: Limit one of each Pokémon
|rule|Item Clause: Limit 1 of each item
|clearpoke
|poke|p1|Charizard, L50, F|
|poke|p1|Sneasler, L50, M|
|poke|p1|Farigiraf, L50, F|
|poke|p1|Aerodactyl, L50, M|
|poke|p1|Floette-Eternal, L50, F|
|poke|p1|Whimsicott, L50, F|
|poke|p2|Toxapex, L50, M|
|poke|p2|Charizard, L50, M|
|poke|p2|Incineroar, L50, M|
|poke|p2|Metagross, L50|
|poke|p2|Rotom-Wash, L50|
|poke|p2|Hydreigon, L50, M|
|teampreview|4
|showteam|p1|Charizard||CharizarditeX|Blaze|FlareBlitz,DragonClaw,Protect,DragonDance|Jolly||F|||50|]Sneasler||WhiteHerb|Unburden|FakeOut,Protect,CloseCombat,DireClaw|Jolly||M|||50|]Farigiraf||SitrusBerry|ArmorTail|TrickRoom,TwinBeam,HelpingHand,Thunderbolt|Bold||F|||50|]Aerodactyl||FocusSash|Unnerve|RockSlide,Tailwind,SunnyDay,Taunt|Jolly||M|||50|]Floette-Eternal||Floettite|FlowerVeil|Moonblast,DazzlingGleam,LightofRuin,Protect|Modest||F|||50|]Whimsicott||BrightPowder|Prankster|Charm,LightScreen,Moonblast,Tailwind|Timid||F|||50|
|showteam|p2|Toxapex||Leftovers|Regenerator|BanefulBunker,Infestation,Toxic,WideGuard|Bold||M|||50|]Charizard||CharizarditeY|Blaze|Protect,HeatWave,SolarBeam,WeatherBall|Timid||M|||50|]Incineroar||SitrusBerry|Intimidate|FakeOut,PartingShot,FlareBlitz,ThroatChop|Impish||M|||50|]Metagross||Metagrossite|ClearBody|Protect,IronHead,BodyPress,PsychicFangs|Jolly|||||50|]Rotom-Wash||ExpertBelt|Levitate|WillOWisp,Protect,HydroPump,VoltSwitch|Modest|||||50|]Hydreigon||ChoiceScarf|Levitate|DracoMeteor,DarkPulse,Snarl,EarthPower|Modest||M|||50|
|inactive|Battle timer is ON: inactive players will automatically lose when time's up. (requested by exessvgc)
|
|t:|1783775683
|teamsize|p1|4
|teamsize|p2|4
|start
|switch|p1a: DINOSAUVO|Aerodactyl, L50, M|100/100
|switch|p1b: IL COACH|Sneasler, L50, M|100/100
|switch|p2a: Hydreigon|Hydreigon, L50, M|100/100
|switch|p2b: Incineroar|Incineroar, L50, M|100/100
|-ability|p1a: DINOSAUVO|Unnerve
|-ability|p2b: Incineroar|Intimidate|boost
|-unboost|p1a: DINOSAUVO|atk|1
|-unboost|p1b: IL COACH|atk|1
|-enditem|p1b: IL COACH|White Herb
|-clearnegativeboost|p1b: IL COACH|[silent]
|turn|1
|inactive|jassius22 has 30 seconds left.
|
|t:|1783775714
|switch|p1a: LA GIRAFFA|Farigiraf, L50, F|100/100
|move|p1b: IL COACH|Close Combat|p2b: Incineroar
|-supereffective|p2b: Incineroar|1
|-damage|p2b: Incineroar|12/100
|-unboost|p1b: IL COACH|def|1
|-unboost|p1b: IL COACH|spd|1
|-enditem|p2b: Incineroar|Sitrus Berry|[eat]
|-heal|p2b: Incineroar|37/100|[from] item: Sitrus Berry
|move|p2a: Hydreigon|Earth Power|p1b: IL COACH
|-supereffective|p1b: IL COACH|1
|-damage|p1b: IL COACH|0 fnt
|faint|p1b: IL COACH
|move|p2b: Incineroar|Parting Shot|p1a: LA GIRAFFA
|-unboost|p1a: LA GIRAFFA|atk|1
|-unboost|p1a: LA GIRAFFA|spa|1
|
|t:|1783775732
|switch|p2b: Rotom|Rotom-Wash, L50|100/100|[from] Parting Shot
|
|upkeep
|
|t:|1783775740
|switch|p1b: DINOSAUVO|Aerodactyl, L50, M|100/100
|-ability|p1b: DINOSAUVO|Unnerve
|turn|2
|
|t:|1783775762
|switch|p2a: Incineroar|Incineroar, L50, M|37/100
|-ability|p2a: Incineroar|Intimidate|boost
|-unboost|p1a: LA GIRAFFA|atk|1
|-unboost|p1b: DINOSAUVO|atk|1
|move|p1b: DINOSAUVO|Taunt|p2b: Rotom
|-start|p2b: Rotom|move: Taunt
|move|p2b: Rotom|Hydro Pump|p1b: DINOSAUVO
|-supereffective|p1b: DINOSAUVO|1
|-enditem|p1b: DINOSAUVO|Focus Sash
|-damage|p1b: DINOSAUVO|1/100
|move|p1a: LA GIRAFFA|Thunderbolt|p2b: Rotom
|-damage|p2b: Rotom|82/100
|
|upkeep
|turn|3
|inactive|jassius22 has 30 seconds left.
|
|t:|1783775794
|move|p1a: LA GIRAFFA|Helping Hand|p1b: DINOSAUVO
|-singleturn|p1b: DINOSAUVO|Helping Hand|[of] p1a: LA GIRAFFA
|move|p2a: Incineroar|Fake Out||[still]
|cant|p1a: LA GIRAFFA|ability: Armor Tail|Fake Out|[of] p2a: Incineroar
|move|p1b: DINOSAUVO|Rock Slide|p2a: Incineroar|[spread] p2a,p2b
|-supereffective|p2a: Incineroar|1
|-damage|p2a: Incineroar|0 fnt
|-damage|p2b: Rotom|57/100
|faint|p2a: Incineroar
|move|p2b: Rotom|Volt Switch|p1a: LA GIRAFFA
|-damage|p1a: LA GIRAFFA|73/100
|
|t:|1783775806
|switch|p2b: Hydreigon|Hydreigon, L50, M|100/100|[from] Volt Switch
|
|upkeep
|
|t:|1783775813
|switch|p2a: Rotom|Rotom-Wash, L50|57/100
|turn|4
|l|☆exessvgc
|inactive|exessvgc disconnected and has a minute to reconnect!
|player|p1|
|j|☆exessvgc
|inactive|exessvgc reconnected and has 35 seconds left.
|player|p1|exessvgc|lucas|
|inactive|exessvgc has 30 seconds left.
|inactive|exessvgc has 20 seconds left.
|inactive|exessvgc has 15 seconds left.
|inactive|exessvgc has 10 seconds left.
|
|t:|1783775862
|move|p2b: Hydreigon|Snarl|p1b: DINOSAUVO|[spread] p1a,p1b
|-supereffective|p1a: LA GIRAFFA|1
|-damage|p1a: LA GIRAFFA|30/100
|-damage|p1b: DINOSAUVO|0 fnt
|-unboost|p1a: LA GIRAFFA|spa|1
|-enditem|p1a: LA GIRAFFA|Sitrus Berry|[eat]
|-heal|p1a: LA GIRAFFA|55/100|[from] item: Sitrus Berry
|faint|p1b: DINOSAUVO
|move|p2a: Rotom|Will-O-Wisp|p1a: LA GIRAFFA|[miss]
|-miss|p2a: Rotom|p1a: LA GIRAFFA
|move|p1a: LA GIRAFFA|Thunderbolt|p2b: Hydreigon
|-resisted|p2b: Hydreigon|1
|-damage|p2b: Hydreigon|93/100
|
|upkeep
|
|t:|1783775876
|switch|p1b: Charizard|Charizard, L50, F|100/100
|turn|5
|inactive|exessvgc has 30 seconds left.
|inactive|jassius22 has 30 seconds left.
|
|t:|1783775902
|detailschange|p1b: Charizard|Charizard-Mega-X, L50, F
|-mega|p1b: Charizard|Charizard|Charizardite X
|move|p2b: Hydreigon|Snarl|p1a: LA GIRAFFA|[spread] p1a,p1b
|-supereffective|p1a: LA GIRAFFA|1
|-damage|p1a: LA GIRAFFA|14/100
|-damage|p1b: Charizard|75/100
|-unboost|p1a: LA GIRAFFA|spa|1
|-unboost|p1b: Charizard|spa|1
|move|p1b: Charizard|Dragon Claw|p2a: Rotom
|-crit|p2a: Rotom
|-damage|p2a: Rotom|0 fnt
|faint|p2a: Rotom
|move|p1a: LA GIRAFFA|Trick Room|p1a: LA GIRAFFA
|-fieldstart|move: Trick Room|[of] p1a: LA GIRAFFA
|
|upkeep
|
|t:|1783775911
|switch|p2a: Metagross|Metagross, L50|100/100
|turn|6
|
|t:|1783775924
|detailschange|p2a: Metagross|Metagross-Mega, L50
|-mega|p2a: Metagross|Metagross|Metagrossite
|move|p2a: Metagross|Protect|p2a: Metagross
|-singleturn|p2a: Metagross|Protect
|move|p1a: LA GIRAFFA|Thunderbolt|p2a: Metagross
|-activate|p2a: Metagross|move: Protect
|move|p1b: Charizard|Dragon Claw|p2b: Hydreigon
|-supereffective|p2b: Hydreigon|1
|-damage|p2b: Hydreigon|0 fnt
|faint|p2b: Hydreigon
|
|upkeep
|turn|7
|
|t:|1783775936
|move|p1a: LA GIRAFFA|Helping Hand|p1b: Charizard
|-singleturn|p1b: Charizard|Helping Hand|[of] p1a: LA GIRAFFA
|move|p1b: Charizard|Flare Blitz|p2a: Metagross
|-supereffective|p2a: Metagross|1
|-damage|p2a: Metagross|0 fnt
|faint|p2a: Metagross
|-damage|p1b: Charizard|43/100|[from] Recoil
|
|win|exessvgc
|raw|exessvgc's rating: 1145 → 1165(+20 for winning)
|raw|jassius22's rating: 1070 → 1054(-16 for losing)
|l|☆jassius22
|player|p2|
