|j|☆aletito
|j|☆Esper Yuusha
|html|aletitoEsper Yuusha    
|uhtml|bestof|Game 1 of a best-of-3
|t:|1757708489
|gametype|doubles
|player|p1|aletito|drayden|1041
|player|p2|Esper Yuusha|burglar|1032
|gen|9
|tier|[Gen 9] VGC 2025 Reg H (Bo3)
|rated|
|rule|Species Clause: Limit one of each Pokémon
|rule|Item Clause: Limit 1 of each item
|clearpoke
|poke|p1|Pelipper, L50, F|
|poke|p1|Basculegion, L50, M|
|poke|p1|Archaludon, L50, F|
|poke|p1|Sneasler, L50, M|
|poke|p1|Amoonguss, L50, F|
|poke|p1|Dragonite, L50, M|
|poke|p2|Umbreon, L50, M|
|poke|p2|Sylveon, L50, M|
|poke|p2|Espeon, L50, M|
|poke|p2|Flareon, L50, M|
|poke|p2|Indeedee-F, L50, F|
|poke|p2|Mimikyu, L50, M|
|teampreview|4
|showteam|p1|Pelipper||FocusSash|Drizzle|WeatherBall,Hurricane,Tailwind,Protect|||F|||50|,,,,,Grass]Basculegion||LifeOrb|SwiftSwim|Liquidation,LastRespects,AquaJet,Protect|||M|||50|,,,,,Fighting]Archaludon||AssaultVest|Stamina|ElectroShot,FlashCannon,DracoMeteor,BodyPress|||F|||50|,,,,,Bug]Sneasler||WhiteHerb|PoisonTouch|CloseCombat,DireClaw,ThroatChop,Protect|||M|||50|,,,,,Dark]Amoonguss||SitrusBerry|Regenerator|RagePowder,Spore,SludgeBomb,Protect|||F|||50|,,,,,Dark]Dragonite||LoadedDice|Multiscale|TeraBlast,ScaleShot,Haze,Protect|||M|||50|,,,,,Fairy
|showteam|p2|Umbreon||Leftovers|InnerFocus|Snarl,FoulPlay,Moonlight,Protect|||M|||50|,,,,,Fairy]Sylveon||ThroatSpray|Pixilate|HyperVoice,QuickAttack,Moonblast,Protect|||M|||50|,,,,,Steel]Espeon||FocusSash|MagicBounce|ExpandingForce,QuickAttack,ShadowBall,Detect|||M|||50|,,,,,Psychic]Flareon||AssaultVest|FlashFire|FlareBlitz,QuickAttack,WeatherBall,BodySlam|||M|||50|,,,,,Water]Indeedee-F||PsychicSeed|PsychicSurge|FakeOut,TrickRoom,FollowMe,Protect|||F|||50|,,,,,Fairy]Mimikyu||ChoiceScarf|Disguise|Curse,ShadowSneak,Substitute,Protect|||M|||50|,,,,,Ghost
|inactive|Battle timer is ON: inactive players will automatically lose when time's up. (requested by Esper Yuusha)
|inactive|aletito has 60 seconds left.
|inactive|Esper Yuusha has 60 seconds left.
|
|t:|1757708549
|teamsize|p1|4
|teamsize|p2|4
|start
|switch|p1a: Dragonite|Dragonite, L50, M|100/100
|switch|p1b: Pelipper|Pelipper, L50, F|100/100
|switch|p2a: Mimikyu|Mimikyu, L50, M|100/100
|switch|p2b: Indeedee|Indeedee-F, L50, F|100/100
|-weather|RainDance|[from] ability: Drizzle|[of] p1b: Pelipper
|-fieldstart|move: Psychic Terrain|[from] ability: Psychic Surge|[of] p2b: Indeedee
|-enditem|p2b: Indeedee|Psychic Seed
|-boost|p2b: Indeedee|spd|1|[from] item: Psychic Seed
|turn|1
|inactive|Esper Yuusha has 30 seconds left.
|
|t:|1757708575
|switch|p1a: Archaludon|Archaludon, L50, F|100/100
|move|p2a: Mimikyu|Substitute|p2a: Mimikyu
|-start|p2a: Mimikyu|Substitute
|-damage|p2a: Mimikyu|76/100
|move|p1b: Pelipper|Hurricane|p2a: Mimikyu
|-end|p2a: Mimikyu|Substitute
|move|p2b: Indeedee|Trick Room|p2b: Indeedee
|-fieldstart|move: Trick Room|[of] p2b: Indeedee
|
|-weather|RainDance|[upkeep]
|upkeep
|turn|2
|inactive|Esper Yuusha has 30 seconds left.
|
|t:|1757708602
|switch|p2a: Sylveon|Sylveon, L50, M|100/100
|move|p2b: Indeedee|Follow Me|p2b: Indeedee
|-singleturn|p2b: Indeedee|move: Follow Me
|move|p1a: Archaludon|Electro Shot||[still]
|-prepare|p1a: Archaludon|Electro Shot
|-boost|p1a: Archaludon|spa|1
|-anim|p1a: Archaludon|Electro Shot|p2b: Indeedee
|-damage|p2b: Indeedee|71/100
|move|p1b: Pelipper|Hurricane|p2b: Indeedee
|-damage|p2b: Indeedee|47/100
|-start|p2b: Indeedee|confusion
|
|-weather|RainDance|[upkeep]
|upkeep
|turn|3
|inactive|aletito has 30 seconds left.
|inactive|aletito has 20 seconds left.
|
|t:|1757708640
|-activate|p2b: Indeedee|confusion
|move|p2b: Indeedee|Follow Me|p2b: Indeedee
|-singleturn|p2b: Indeedee|move: Follow Me
|move|p2a: Sylveon|Hyper Voice|p1a: Archaludon|[spread] p1a,p1b
|-damage|p1a: Archaludon|72/100
|-damage|p1b: Pelipper|25/100
|-ability|p1a: Archaludon|Stamina|boost
|-boost|p1a: Archaludon|def|1
|-enditem|p2a: Sylveon|Throat Spray
|-boost|p2a: Sylveon|spa|1|[from] item: Throat Spray
|move|p1a: Archaludon|Flash Cannon|p2b: Indeedee
|-damage|p2b: Indeedee|18/100
|move|p1b: Pelipper|Hurricane|p2b: Indeedee
|-damage|p2b: Indeedee|0 fnt
|faint|p2b: Indeedee
|
|-weather|RainDance|[upkeep]
|upkeep
|
|t:|1757708655
|switch|p2b: Espeon|Espeon, L50, M|100/100
|turn|4
|
|t:|1757708671
|move|p1b: Pelipper|Protect|p1b: Pelipper
|-singleturn|p1b: Pelipper|Protect
|move|p2a: Sylveon|Hyper Voice|p1b: Pelipper|[spread] p1a
|-activate|p1b: Pelipper|move: Protect
|-damage|p1a: Archaludon|27/100
|-ability|p1a: Archaludon|Stamina|boost
|-boost|p1a: Archaludon|def|1
|move|p1a: Archaludon|Electro Shot||[still]
|-prepare|p1a: Archaludon|Electro Shot
|-boost|p1a: Archaludon|spa|1
|-anim|p1a: Archaludon|Electro Shot|p2b: Espeon
|-enditem|p2b: Espeon|Focus Sash
|-damage|p2b: Espeon|1/100
|move|p2b: Espeon|Expanding Force|p1a: Archaludon|[spread] p1a
|-activate|p1b: Pelipper|move: Protect
|-resisted|p1a: Archaludon
|-damage|p1a: Archaludon|7/100
|-ability|p1a: Archaludon|Stamina|boost
|-boost|p1a: Archaludon|def|1
|
|-weather|RainDance|[upkeep]
|upkeep
|turn|5
|
|t:|1757708695
|switch|p2b: Mimikyu|Mimikyu, L50, M|76/100
|move|p1b: Pelipper|Protect||[still]
|-fail|p1b: Pelipper
|move|p2a: Sylveon|Hyper Voice|p1b: Pelipper|[spread] p1a,p1b
|-damage|p1a: Archaludon|0 fnt
|-damage|p1b: Pelipper|0 fnt
|faint|p1a: Archaludon
|faint|p1b: Pelipper
|
|-weather|none
|-fieldend|move: Trick Room
|-fieldend|move: Psychic Terrain
|upkeep
|
|t:|1757708701
|switch|p1b: Basculegion|Basculegion, L50, M|100/100
|switch|p1a: Dragonite|Dragonite, L50, M|100/100
|turn|6
|inactive|aletito has 30 seconds left.
|inactive|aletito has 20 seconds left.
|inactive|aletito has 15 seconds left.
|
|t:|1757708744
|-terastallize|p1b: Basculegion|Fighting
|-terastallize|p2a: Sylveon|Steel
|move|p1a: Dragonite|Protect|p1a: Dragonite
|-singleturn|p1a: Dragonite|Protect
|move|p2b: Mimikyu|Shadow Sneak|p1b: Basculegion
|-damage|p1b: Basculegion|80/100
|move|p1b: Basculegion|Last Respects|p2a: Sylveon
|-damage|p2a: Sylveon|0 fnt
|faint|p2a: Sylveon
|-damage|p1b: Basculegion|70/100|[from] item: Life Orb
|
|upkeep
|
|t:|1757708755
|switch|p2a: Espeon|Espeon, L50, M|1/100
|turn|7
|
|t:|1757708770
|move|p2b: Mimikyu|Shadow Sneak|p1a: Dragonite
|-damage|p1a: Dragonite|91/100
|move|p2a: Espeon|Expanding Force|p1b: Basculegion
|-supereffective|p1b: Basculegion
|-damage|p1b: Basculegion|0 fnt
|faint|p1b: Basculegion
|move|p1a: Dragonite|Scale Shot|p2a: Espeon
|-damage|p2a: Espeon|0 fnt
|faint|p2a: Espeon
|-hitcount|p2: Espeon|1
|-unboost|p1a: Dragonite|def|1
|-boost|p1a: Dragonite|spe|1
|
|upkeep
|turn|8
|
|t:|1757708786
|move|p2b: Mimikyu|Shadow Sneak|p1a: Dragonite
|-damage|p1a: Dragonite|62/100
|move|p1a: Dragonite|Tera Blast|p2b: Mimikyu
|-immune|p2b: Mimikyu
|
|upkeep
|turn|9
|-message|aletito forfeited.
|
|win|Esper Yuusha
|l|☆aletito
|player|p1|
||aletito is ready for game 2.
||Esper Yuusha is ready for game 2.
|uhtml|next|Next: Game 2 of 3
