|j|â˜†Gancelot
|j|â˜†GetaJobApplication
|html|GancelotGetaJobApplication    
|uhtml|bestof|Game 1 of a best-of-3
|t:|1784152557
|gametype|doubles
|player|p1|Gancelot|morty|1334
|player|p2|GetaJobApplication|cynthia|1304
|gen|9
|tier|[Gen 9 Champions] VGC 2026 Reg M-B (Bo3)
|rated|
|rule|Species Clause: Limit one of each PokÃ©mon
|rule|Item Clause: Limit 1 of each item
|clearpoke
|poke|p1|Garchomp, L50, F|
|poke|p1|Venusaur, L50, M|
|poke|p1|Incineroar, L50, M|
|poke|p1|Charizard, L50, M|
|poke|p1|Toxapex, L50, F|
|poke|p1|Annihilape, L50, F|
|poke|p2|Garchomp, L50, M|
|poke|p2|Orthworm, L50, F|
|poke|p2|Annihilape, L50, M|
|poke|p2|Sinistcha-Masterpiece, L50|
|poke|p2|Toxapex, L50, F|
|poke|p2|Tyranitar, L50, M|
|teampreview|4
|showteam|p1|Garchomp||ChoiceScarf|RoughSkin|Earthquake,RockSlide,DragonClaw,StompingTantrum|Adamant||F|||50|]Venusaur||LifeOrb|Chlorophyll|SludgeBomb,SolarBeam,EarthPower,Protect|Modest||M|||50|]Incineroar||SitrusBerry|Intimidate|FakeOut,FlareBlitz,ThroatChop,PartingShot|Impish||M|||50|]Charizard||CharizarditeY|Blaze|HeatWave,WeatherBall,Protect,HelpingHand|Modest||M|||50|]Toxapex||Leftovers|Regenerator|Infestation,Toxic,WideGuard,BanefulBunker|Impish||F|||50|]Annihilape||FocusSash|Defiant|CloseCombat,PhantomForce,RockTomb,Protect|Jolly||F|||50|
|showteam|p2|Garchomp||Garchompite|RoughSkin|Earthquake,DragonClaw,RockSlide,Protect|Adamant||M|||50|]Orthworm||SitrusBerry|EarthEater|BodyPress,IronHead,ShedTail,Protect|Relaxed||F|||50|]Annihilape||FocusSash|Defiant|Coaching,PhantomForce,CloseCombat,Taunt|Adamant||M|||50|]Sinistcha-Masterpiece||KasibBerry|Hospitality|MatchaGotcha,RagePowder,TrickRoom,Protect|Bold|||||50|]Toxapex||Leftovers|Regenerator|Toxic,WideGuard,Infestation,Protect|Bold||F|||50|]Tyranitar||Tyranitarite|SandStream|RockSlide,KnockOff,Protect,LowKick|Adamant||M|||50|
|inactive|Battle timer is ON: inactive players will automatically lose when time's up. (requested by Gancelot)
|inactive|Gancelot has 60 seconds left.
|inactive|GetaJobApplication has 60 seconds left.
|
|t:|1784152601
|teamsize|p1|4
|teamsize|p2|4
|start
|switch|p1a: Toxapex|Toxapex, L50, F|100/100
|switch|p1b: Charizard|Charizard, L50, M|100/100
|switch|p2a: Annihilape|Annihilape, L50, M|100/100
|switch|p2b: Tyranitar|Tyranitar, L50, M|100/100
|-weather|Sandstorm|[from] ability: Sand Stream|[of] p2b: Tyranitar
|turn|1
|
|t:|1784152625
|switch|p1b: Garchomp|Garchomp, L50, F|100/100
|move|p2a: Annihilape|Taunt|p1a: Toxapex
|-start|p1a: Toxapex|move: Taunt
|move|p2b: Tyranitar|Knock Off|p1b: Garchomp
|-damage|p1b: Garchomp|46/100
|-damage|p2b: Tyranitar|87/100|[from] ability: Rough Skin|[of] p1b: Garchomp
|-enditem|p1b: Garchomp|Choice Scarf|[from] move: Knock Off|[of] p2b: Tyranitar
|cant|p1a: Toxapex|move: Taunt|Toxic
|
|-weather|Sandstorm|[upkeep]
|-damage|p2a: Annihilape|94/100|[from] Sandstorm
|-damage|p1a: Toxapex|94/100|[from] Sandstorm
|-heal|p1a: Toxapex|100/100|[from] item: Leftovers
|upkeep
|turn|2
|inactive|Gancelot has 30 seconds left.
|inactive|Gancelot has 20 seconds left.
|inactive|GetaJobApplication has 30 seconds left.
|
|t:|1784152671
|switch|p1a: Charizard|Charizard, L50, M|100/100
|move|p2b: Tyranitar|Protect|p2b: Tyranitar
|-singleturn|p2b: Tyranitar|Protect
|move|p1b: Garchomp|Earthquake|p2b: Tyranitar|[spread] p2a
|-activate|p2b: Tyranitar|move: Protect
|-immune|p1a: Charizard
|-damage|p2a: Annihilape|47/100
|move|p2a: Annihilape|Coaching|p2b: Tyranitar
|-boost|p2b: Tyranitar|atk|1
|-boost|p2b: Tyranitar|def|1
|
|-weather|Sandstorm|[upkeep]
|-damage|p2a: Annihilape|41/100|[from] Sandstorm
|-damage|p1a: Charizard|93/100|[from] Sandstorm
|upkeep
|turn|3
|
|t:|1784152690
|switch|p2a: Orthworm|Orthworm, L50, F|100/100
|detailschange|p2b: Tyranitar|Tyranitar-Mega, L50, M
|-mega|p2b: Tyranitar|Tyranitar|Tyranitarite
|move|p1a: Charizard|Protect|p1a: Charizard
|-singleturn|p1a: Charizard|Protect
|move|p1b: Garchomp|Earthquake|p2b: Tyranitar|[spread] p2b
|-activate|p1a: Charizard|move: Protect
|-immune|p2a: Orthworm|[from] ability: Earth Eater
|-supereffective|p2b: Tyranitar|1
|-damage|p2b: Tyranitar|54/100
|move|p2b: Tyranitar|Rock Slide|p1b: Garchomp|[spread] p1b
|-activate|p1a: Charizard|move: Protect
|-resisted|p1b: Garchomp|1
|-damage|p1b: Garchomp|19/100
|
|-weather|Sandstorm|[upkeep]
|-damage|p1a: Charizard|87/100|[from] Sandstorm
|upkeep
|turn|4
|
|t:|1784152720
|switch|p1b: Venusaur|Venusaur, L50, M|100/100
|switch|p2b: Garchomp|Garchomp, L50, M|100/100
|detailschange|p1a: Charizard|Charizard-Mega-Y, L50, M
|-mega|p1a: Charizard|Charizard|Charizardite Y
|-weather|SunnyDay|[from] ability: Drought|[of] p1a: Charizard
|move|p2a: Orthworm|Protect|p2a: Orthworm
|-singleturn|p2a: Orthworm|Protect
|move|p1a: Charizard|Weather Ball|p2b: Garchomp
|-resisted|p2b: Garchomp|1
|-damage|p2b: Garchomp|65/100
|
|-weather|SunnyDay|[upkeep]
|upkeep
|turn|5
|inactive|Gancelot has 30 seconds left.
|
|t:|1784152747
|switch|p1a: Garchomp|Garchomp, L50, F|19/100
|move|p2b: Garchomp|Protect|p2b: Garchomp
|-singleturn|p2b: Garchomp|Protect
|move|p1b: Venusaur|Solar Beam||[still]
|-prepare|p1b: Venusaur|Solar Beam
|-anim|p1b: Venusaur|Solar Beam|p2b: Garchomp
|-activate|p2b: Garchomp|move: Protect
|move|p2a: Orthworm|Shed Tail|p2a: Orthworm
|-start|p2a: Orthworm|Substitute|[from] move: Shed Tail
|-damage|p2a: Orthworm|50/100y
|-enditem|p2a: Orthworm|Sitrus Berry|[eat]
|-heal|p2a: Orthworm|75/100|[from] item: Sitrus Berry
|
|t:|1784152756
|switch|p2a: Tyranitar|Tyranitar-Mega, L50, M|54/100|[from] Shed Tail
|-weather|Sandstorm|[from] ability: Sand Stream|[of] p2a: Tyranitar
|
|-weather|Sandstorm|[upkeep]
|-damage|p1b: Venusaur|94/100|[from] Sandstorm
|upkeep
|turn|6
|inactive|Gancelot has 30 seconds left.
|inactive|Gancelot has 20 seconds left.
|
|t:|1784152794
|switch|p2b: Orthworm|Orthworm, L50, F|75/100
|move|p1b: Venusaur|Protect|p1b: Venusaur
|-singleturn|p1b: Venusaur|Protect
|move|p1a: Garchomp|Earthquake|p2a: Tyranitar|[spread] p2a
|-activate|p1b: Venusaur|move: Protect
|-heal|p2b: Orthworm|100/100|[from] ability: Earth Eater|[of] p1a: Garchomp
|-supereffective|p2a: Tyranitar|1
|-end|p2a: Tyranitar|Substitute
|move|p2a: Tyranitar|Knock Off|p1b: Venusaur
|-activate|p1b: Venusaur|move: Protect
|
|-weather|Sandstorm|[upkeep]
|-damage|p1b: Venusaur|88/100|[from] Sandstorm
|upkeep
|turn|7
|inactive|Gancelot has 30 seconds left.
|
|t:|1784152822
|move|p2a: Tyranitar|Protect|p2a: Tyranitar
|-singleturn|p2a: Tyranitar|Protect
|move|p1a: Garchomp|Dragon Claw|p2a: Tyranitar
|-activate|p2a: Tyranitar|move: Protect
|move|p1b: Venusaur|Earth Power|p2a: Tyranitar
|-activate|p2a: Tyranitar|move: Protect
|move|p2b: Orthworm|Shed Tail|p2b: Orthworm
|-start|p2b: Orthworm|Substitute|[from] move: Shed Tail
|-damage|p2b: Orthworm|50/100y
|
|t:|1784152833
|switch|p2b: Garchomp|Garchomp, L50, M|65/100|[from] Shed Tail
|
|-weather|Sandstorm|[upkeep]
|-damage|p1b: Venusaur|83/100|[from] Sandstorm
|upkeep
|turn|8
|
|t:|1784152846
|switch|p1b: Charizard|Charizard-Mega-Y, L50, M|87/100
|-weather|SunnyDay|[from] ability: Drought|[of] p1b: Charizard
|switch|p2a: Orthworm|Orthworm, L50, F|50/100y
|move|p1a: Garchomp|Earthquake|p2a: Orthworm|[spread] p2b
|-heal|p2a: Orthworm|75/100|[from] ability: Earth Eater|[of] p1a: Garchomp
|-immune|p1b: Charizard
|-end|p2b: Garchomp|Substitute
|move|p2b: Garchomp|Earthquake|p1b: Charizard|[spread] p1a
|-heal|p2a: Orthworm|100/100|[from] ability: Earth Eater|[of] p2b: Garchomp
|-immune|p1b: Charizard
|-damage|p1a: Garchomp|0 fnt
|faint|p1a: Garchomp
|
|-weather|SunnyDay|[upkeep]
|upkeep
|-message|Gancelot forfeited.
|
|win|GetaJobApplication
