|j|☆CrazyyBoi
|j|☆CommunistGuy293
|html|CrazyyBoiCommunistGuy293    
|uhtml|bestof|Game 1 of a best-of-3
|t:|1757755833
|gametype|doubles
|player|p1|CrazyyBoi|266|1121
|player|p2|CommunistGuy293|scientist-gen4|1192
|gen|9
|tier|[Gen 9] VGC 2025 Reg H (Bo3)
|rated|
|rule|Species Clause: Limit one of each Pokémon
|rule|Item Clause: Limit 1 of each item
|clearpoke
|poke|p1|Meowscarada, L50, F|
|poke|p1|Sableye, L50, M|
|poke|p1|Gothitelle, L50, F|
|poke|p1|Kommo-o, L50, F|
|poke|p1|Incineroar, L50, M|
|poke|p1|Primarina, L50, M|
|poke|p2|Archaludon, L50, F|
|poke|p2|Maushold-Four, L50|
|poke|p2|Annihilape, L50, F|
|poke|p2|Primarina, L50, M|
|poke|p2|Pelipper, L50, F|
|poke|p2|Amoonguss, L50, F|
|teampreview|4
|showteam|p1|Meowscarada||ClearAmulet|Overgrow|FlowerTrick,SuckerPunch,ThroatChop,Protect|||F|||50|,,,,,Fire]Sableye||MentalHerb|Prankster|WillOWisp,Quash,Disable,Encore|||M|||50|,,,,,Grass]Gothitelle||SitrusBerry|ShadowTag|FakeOut,Psychic,TrickRoom,Protect|||F|||50|,,,,,Steel]Kommo-o||ThroatSpray|Overcoat|ClangorousSoul,ClangingScales,Protect,AuraSphere|||F|||50|,,,,,Steel]Incineroar||SafetyGoggles|Intimidate|FakeOut,PartingShot,KnockOff,Taunt|||M|||50|,,,,,Ghost]Primarina||LifeOrb|LiquidVoice|HyperVoice,Moonblast,PerishSong,Protect|||M|||50|,,,,,Dragon
|showteam|p2|Archaludon||AssaultVest|Stamina|ElectroShot,FlashCannon,DragonPulse,BodyPress|||F|||50|,,,,,Electric]Maushold-Four||CovertCloak|FriendGuard|BeatUp,FollowMe,Taunt,Protect||||||50|,,,,,Ghost]Annihilape||SafetyGoggles|Defiant|RageFist,DrainPunch,BulkUp,Protect|||F|||50|,,,,,Steel]Primarina||LifeOrb|LiquidVoice|HyperVoice,Moonblast,Haze,Protect|||M|||50|,,,,,Steel]Pelipper||FocusSash|Drizzle|Hurricane,WeatherBall,Tailwind,Protect|||F|||50|,,,,,Grass]Amoonguss||MentalHerb|Regenerator|Spore,PollenPuff,RagePowder,Protect|||F|||50|,,,,,Water
|inactive|Battle timer is ON: inactive players will automatically lose when time's up. (requested by CommunistGuy293)
|inactive|CrazyyBoi has 60 seconds left.
|inactive|CommunistGuy293 has 60 seconds left.
|inactive|CommunistGuy293 has 30 seconds left.
|inactive|CommunistGuy293 has 20 seconds left.
|inactive|CommunistGuy293 has 15 seconds left.
|
|t:|1757755909
|teamsize|p1|4
|teamsize|p2|4
|start
|switch|p1a: Sableye|Sableye, L50, M|100/100
|switch|p1b: Primarina|Primarina, L50, M|100/100
|switch|p2a: Maushold|Maushold-Four, L50|100/100
|switch|p2b: Annihilape|Annihilape, L50, F|100/100
|turn|1
|inactive|CommunistGuy293 has 30 seconds left.
|inactive|CommunistGuy293 has 20 seconds left.
|inactive|CommunistGuy293 has 15 seconds left.
|inactive|CommunistGuy293 has 10 seconds left.
|
|t:|1757755956
|-terastallize|p2b: Annihilape|Steel
|move|p1a: Sableye|Will-O-Wisp|p2b: Annihilape
|-status|p2b: Annihilape|brn
|move|p2a: Maushold|Beat Up|p2b: Annihilape
|-damage|p2b: Annihilape|98/100 brn
|-damage|p2b: Annihilape|96/100 brn
|-damage|p2b: Annihilape|94/100 brn
|-hitcount|p2b: Annihilape|3
|move|p2b: Annihilape|Rage Fist|p1a: Sableye
|-damage|p1a: Sableye|37/100
|move|p1b: Primarina|Moonblast|p2a: Maushold
|-damage|p2a: Maushold|20/100
|-damage|p1b: Primarina|91/100|[from] item: Life Orb
|
|-damage|p2b: Annihilape|88/100 brn|[from] brn
|upkeep
|turn|2
|inactive|CommunistGuy293 has 30 seconds left.
|inactive|CommunistGuy293 has 20 seconds left.
|
|t:|1757755993
|move|p1b: Primarina|Protect|p1b: Primarina
|-singleturn|p1b: Primarina|Protect
|move|p2a: Maushold|Follow Me|p2a: Maushold
|-singleturn|p2a: Maushold|move: Follow Me
|move|p1a: Sableye|Disable|p2a: Maushold
|-start|p2a: Maushold|Disable|Follow Me
|move|p2b: Annihilape|Rage Fist|p1a: Sableye
|-damage|p1a: Sableye|0 fnt
|faint|p1a: Sableye
|
|-damage|p2b: Annihilape|82/100 brn|[from] brn
|upkeep
|
|t:|1757756010
|switch|p1a: Kommo-o|Kommo-o, L50, F|100/100
|turn|3
|inactive|CrazyyBoi has 30 seconds left.
|
|t:|1757756036
|move|p2a: Maushold|Taunt|p1a: Kommo-o
|-start|p1a: Kommo-o|move: Taunt
|move|p2b: Annihilape|Bulk Up|p2b: Annihilape
|-boost|p2b: Annihilape|atk|1
|-boost|p2b: Annihilape|def|1
|move|p1a: Kommo-o|Aura Sphere|p2b: Annihilape
|-supereffective|p2b: Annihilape
|-damage|p2b: Annihilape|19/100 brn
|move|p1b: Primarina|Hyper Voice|p2a: Maushold|[spread] p2a,p2b
|-crit|p2a: Maushold
|-damage|p2a: Maushold|0 fnt
|-damage|p2b: Annihilape|0 fnt
|faint|p2a: Maushold
|faint|p2b: Annihilape
|-damage|p1b: Primarina|81/100|[from] item: Life Orb
|
|upkeep
|
|t:|1757756047
|switch|p2a: Archaludon|Archaludon, L50, F|100/100
|switch|p2b: Pelipper|Pelipper, L50, F|100/100
|-weather|RainDance|[from] ability: Drizzle|[of] p2b: Pelipper
|turn|4
|inactive|CrazyyBoi has 30 seconds left.
|inactive|CommunistGuy293 has 30 seconds left.
|
|t:|1757756080
|-terastallize|p1a: Kommo-o|Steel
|move|p1b: Primarina|Protect|p1b: Primarina
|-singleturn|p1b: Primarina|Protect
|move|p2a: Archaludon|Electro Shot||[still]
|-prepare|p2a: Archaludon|Electro Shot
|-boost|p2a: Archaludon|spa|1
|-anim|p2a: Archaludon|Electro Shot|p1b: Primarina
|-activate|p1b: Primarina|move: Protect
|move|p1a: Kommo-o|Aura Sphere|p2a: Archaludon
|-supereffective|p2a: Archaludon
|-damage|p2a: Archaludon|29/100
|-ability|p2a: Archaludon|Stamina|boost
|-boost|p2a: Archaludon|def|1
|move|p2b: Pelipper|Hurricane|p1b: Primarina
|-activate|p1b: Primarina|move: Protect
|
|-weather|RainDance|[upkeep]
|upkeep
|turn|5
|inactive|CrazyyBoi has 30 seconds left.
|
|t:|1757756108
|move|p2a: Archaludon|Electro Shot||[still]
|-prepare|p2a: Archaludon|Electro Shot
|-boost|p2a: Archaludon|spa|1
|-anim|p2a: Archaludon|Electro Shot|p1b: Primarina
|-supereffective|p1b: Primarina
|-damage|p1b: Primarina|0 fnt
|faint|p1b: Primarina
|move|p1a: Kommo-o|Clanging Scales|p2a: Archaludon|[spread] p2a,p2b
|-damage|p2a: Archaludon|0 fnt
|-damage|p2b: Pelipper|37/100
|faint|p2a: Archaludon
|-unboost|p1a: Kommo-o|def|1
|-enditem|p1a: Kommo-o|Throat Spray
|-boost|p1a: Kommo-o|spa|1|[from] item: Throat Spray
|move|p2b: Pelipper|Tailwind|p2b: Pelipper
|-sidestart|p2: CommunistGuy293|move: Tailwind
|
|-weather|RainDance|[upkeep]
|-end|p1a: Kommo-o|move: Taunt
|upkeep
|-message|CommunistGuy293 forfeited.
|
|win|CrazyyBoi
|l|☆CommunistGuy293
|player|p2|
||CommunistGuy293 is ready for game 2.
||CrazyyBoi is ready for game 2.
|uhtml|next|Next: Game 2 of 3
