|j|☆WASHINGTONGARGACHA
|j|☆rdw39
|html|WASHINGTONGARGACHArdw39    
|uhtml|bestof|Game 3 of a best-of-3
|t:|1756676964
|gametype|doubles
|player|p1|WASHINGTONGARGACHA|2|1092
|player|p2|rdw39|102|1078
|gen|9
|tier|[Gen 9] VGC 2025 Reg H (Bo3)
|rated|
|rule|Species Clause: Limit one of each Pokémon
|rule|Item Clause: Limit 1 of each item
|clearpoke
|poke|p1|Gholdengo, L50|
|poke|p1|Ursaluna, L50, F|
|poke|p1|Archaludon, L50, M|
|poke|p1|Murkrow, L50, F|
|poke|p1|Farigiraf, L50, M|
|poke|p1|Sneasler, L50, F|
|poke|p2|Sneasler, L50, M|
|poke|p2|Indeedee, L50, M|
|poke|p2|Ursaluna-Bloodmoon, L50, M|
|poke|p2|Electabuzz, L50, F|
|poke|p2|Incineroar, L50, F|
|poke|p2|Talonflame, L50, M|
|teampreview|4
|showteam|p1|Gholdengo||LifeOrb|GoodasGold|ShadowBall,MakeItRain,NastyPlot,Protect||||||50|,,,,,Water]Ursaluna||FlameOrb|Guts|Facade,Earthquake,Protect,HeadlongRush|||F|||50|,,,,,Ghost]Archaludon||PowerHerb|Sturdy|ElectroShot,FlashCannon,DracoMeteor,Protect|||M|||50|,,,,,Grass]Murkrow||Eviolite|Prankster|Tailwind,RainDance,FoulPlay,Haze|||F|||50|,,,,,Dark]Farigiraf||ThroatSpray|ArmorTail|HyperVoice,TrickRoom,Psychic,Protect|||M|||50|,,,,,Fairy]Sneasler||WhiteHerb|Unburden|DireClaw,CloseCombat,Protect,Acrobatics|||F|||50|,,,,,Flying
|showteam|p2|Sneasler||PsychicSeed|Unburden|CloseCombat,DireClaw,ThroatChop,Protect|||M|||50|,,,,,Dark]Indeedee||FocusSash|PsychicSurge|ExpandingForce,TrickRoom,HelpingHand,Protect|||M|||50|,,,,,Psychic]Ursaluna-Bloodmoon||LifeOrb|MindsEye|BloodMoon,HyperVoice,EarthPower,Protect|||M|||50|,,,,,Normal]Electabuzz||Eviolite|VitalSpirit|Electroweb,FollowMe,Taunt,Protect|||F|||50|,,,,,Dragon]Incineroar||SafetyGoggles|Intimidate|FlareBlitz,KnockOff,PartingShot,FakeOut|||F|||50|,,,,,Ghost]Talonflame||CovertCloak|GaleWings|FlareBlitz,DualWingbeat,WillOWisp,Tailwind|||M|||50|,,,,,Fairy
|inactive|Battle timer is ON: inactive players will automatically lose when time's up. (requested by rdw39)
|
|t:|1756676982
|teamsize|p1|4
|teamsize|p2|4
|start
|switch|p1a: Farigiraf|Farigiraf, L50, M|100/100
|switch|p1b: Sneasler|Sneasler, L50, F|100/100
|switch|p2a: Talonflame|Talonflame, L50, M|100/100
|switch|p2b: Ursaluna|Ursaluna-Bloodmoon, L50, M|100/100
|turn|1
|inactive|WASHINGTONGARGACHA has 30 seconds left.
|inactive|rdw39 has 30 seconds left.
|inactive|rdw39 has 20 seconds left.
|
|t:|1756677022
|switch|p1b: Ursaluna|Ursaluna, L50, F|100/100
|-terastallize|p2b: Ursaluna|Normal
|move|p2a: Talonflame|Will-O-Wisp|p1b: Ursaluna
|-status|p1b: Ursaluna|brn
|move|p2b: Ursaluna|Blood Moon|p1a: Farigiraf
|-damage|p1a: Farigiraf|0 fnt
|faint|p1a: Farigiraf
|-damage|p2b: Ursaluna|91/100|[from] item: Life Orb
|
|-damage|p1b: Ursaluna|94/100 brn|[from] brn
|upkeep
|
|t:|1756677035
|switch|p1a: Sneasler|Sneasler, L50, F|100/100
|turn|2
|inactive|WASHINGTONGARGACHA has 30 seconds left.
|
|t:|1756677066
|move|p2b: Ursaluna|Protect|p2b: Ursaluna
|-singleturn|p2b: Ursaluna|Protect
|move|p2a: Talonflame|Tailwind|p2a: Talonflame
|-sidestart|p2: rdw39|move: Tailwind
|move|p1a: Sneasler|Close Combat|p2b: Ursaluna
|-activate|p2b: Ursaluna|move: Protect
|move|p1b: Ursaluna|Facade|p2a: Talonflame
|-damage|p2a: Talonflame|0 fnt
|faint|p2a: Talonflame
|
|-damage|p1b: Ursaluna|88/100 brn|[from] brn
|upkeep
|
|t:|1756677089
|switch|p2a: Sneasler|Sneasler, L50, M|100/100
|turn|3
|inactive|WASHINGTONGARGACHA has 30 seconds left.
|
|t:|1756677119
|switch|p1b: Gholdengo|Gholdengo, L50|100/100
|move|p2a: Sneasler|Close Combat|p1b: Gholdengo
|-immune|p1b: Gholdengo
|move|p2b: Ursaluna|Blood Moon|p1a: Sneasler
|-damage|p1a: Sneasler|0 fnt
|faint|p1a: Sneasler
|-damage|p2b: Ursaluna|81/100|[from] item: Life Orb
|
|upkeep
|
|t:|1756677129
|switch|p1a: Ursaluna|Ursaluna, L50, F|88/100 brn
|turn|4
|inactive|WASHINGTONGARGACHA has 30 seconds left.
|inactive|rdw39 has 30 seconds left.
|inactive|WASHINGTONGARGACHA has 20 seconds left.
|inactive|rdw39 has 20 seconds left.
|inactive|rdw39 has 15 seconds left.
|inactive|WASHINGTONGARGACHA has 15 seconds left.
|
|t:|1756677177
|-terastallize|p1a: Ursaluna|Ghost
|move|p1b: Gholdengo|Protect|p1b: Gholdengo
|-singleturn|p1b: Gholdengo|Protect
|move|p2a: Sneasler|Throat Chop|p1b: Gholdengo
|-activate|p1b: Gholdengo|move: Protect
|move|p2b: Ursaluna|Hyper Voice|p1b: Gholdengo|[spread] p1a
|-activate|p1b: Gholdengo|move: Protect
|-damage|p1a: Ursaluna|23/100 brn
|-damage|p2b: Ursaluna|72/100|[from] item: Life Orb
|move|p1a: Ursaluna|Facade|p2b: Ursaluna
|-damage|p2b: Ursaluna|0 fnt
|faint|p2b: Ursaluna
|
|-damage|p1a: Ursaluna|17/100 brn|[from] brn
|upkeep
|
|t:|1756677192
|switch|p2b: Indeedee|Indeedee, L50, M|100/100
|-fieldstart|move: Psychic Terrain|[from] ability: Psychic Surge|[of] p2b: Indeedee
|-enditem|p2a: Sneasler|Psychic Seed
|-boost|p2a: Sneasler|spd|1|[from] item: Psychic Seed
|turn|5
|inactive|WASHINGTONGARGACHA has 30 seconds left.
|inactive|rdw39 has 30 seconds left.
|
|t:|1756677228
|move|p2b: Indeedee|Helping Hand|p2a: Sneasler
|-singleturn|p2a: Sneasler|Helping Hand|[of] p2b: Indeedee
|move|p2a: Sneasler|Throat Chop|p1b: Gholdengo
|-supereffective|p1b: Gholdengo
|-damage|p1b: Gholdengo|0 fnt
|faint|p1b: Gholdengo
|move|p1a: Ursaluna|Facade|p2a: Sneasler
|-crit|p2a: Sneasler
|-damage|p2a: Sneasler|0 fnt
|faint|p2a: Sneasler
|
|-damage|p1a: Ursaluna|11/100 brn|[from] brn
|-sideend|p2: rdw39|move: Tailwind
|upkeep
|turn|6
|
|t:|1756677246
|move|p2b: Indeedee|Protect|p2b: Indeedee
|-singleturn|p2b: Indeedee|Protect
|move|p1a: Ursaluna|Facade|p2b: Indeedee
|-activate|p2b: Indeedee|move: Protect
|
|-damage|p1a: Ursaluna|4/100 brn|[from] brn
|upkeep
|turn|7
|
|t:|1756677257
|move|p2b: Indeedee|Expanding Force|p1a: Ursaluna
|-damage|p1a: Ursaluna|0 fnt
|faint|p1a: Ursaluna
|
|win|rdw39
|raw|WASHINGTONGARGACHA's rating: 1092 → 1067(-25 for losing)
|raw|rdw39's rating: 1078 → 1107(+29 for winning)
