|j|ŌśåIsam_26011
|j|ŌśåLuckyross
|html|Isam_26011Luckyross    
|uhtml|bestof|Game 1 of a best-of-3
|t:|1756686256
|gametype|doubles
|player|p1|Isam_26011|n|1045
|player|p2|Luckyross|1|1151
|gen|9
|tier|[Gen 9] VGC 2025 Reg H (Bo3)
|rated|
|rule|Species Clause: Limit one of each Pok├®mon
|rule|Item Clause: Limit 1 of each item
|clearpoke
|poke|p1|Indeedee-F, L50, F|
|poke|p1|Hatterene, L50, F|
|poke|p1|Gallade, L50, M|
|poke|p1|Ursaluna, L50, M|
|poke|p1|Sunflora, L50, F|
|poke|p1|Torkoal, L50, M|
|poke|p2|Tyranitar, L50, F|
|poke|p2|Indeedee, L50, M|
|poke|p2|Sneasler, L50, F|
|poke|p2|Excadrill, L50, M|
|poke|p2|Corviknight, L50, M|
|poke|p2|Dragapult, L50, M|
|teampreview|4
|showteam|p1|Indeedee-F||PsychicSeed|PsychicSurge|TrickRoom,FollowMe,HelpingHand,DazzlingGleam|||F|||50|,,,,,Fire]Hatterene||LifeOrb|MagicBounce|ExpandingForce,TrickRoom,DazzlingGleam,Protect|||F|||50|,,,,,Psychic]Gallade||ClearAmulet|Sharpness|PsychoCut,TrickRoom,SacredSword,WideGuard|||M|||50|,,,,,Grass]Ursaluna||FlameOrb|Guts|HeadlongRush,Facade,SwordsDance,Protect|||M|||50|,,,,,Ghost]Sunflora||AssaultVest|SolarPower|EnergyBall,WeatherBall,SludgeBomb,EarthPower|||F|||50|,,,,,Fire]Torkoal||ChoiceSpecs|Drought|Eruption,HeatWave,WeatherBall,EarthPower|||M|||50|,,,,,Fire
|showteam|p2|Tyranitar||AssaultVest|SandStream|KnockOff,RockSlide,TeraBlast,LowKick|||F|||50|,,,,,Flying]Indeedee||ChoiceScarf|PsychicSurge|ExpandingForce,TeraBlast,Trick,DazzlingGleam|||M|||50|,,,,,Psychic]Sneasler||WhiteHerb|Unburden|DireClaw,CloseCombat,Coaching,FakeOut|||F|||50|,,,,,Flying]Excadrill||FocusSash|SandRush|Earthquake,IronHead,SwordsDance,Protect|||M|||50|,,,,,Ground]Corviknight||PsychicSeed|MirrorArmor|BraveBird,PowerTrip,BulkUp,Roost|||M|||50|,,,,,Water]Dragapult||ChoiceBand|ClearBody|DragonDarts,PhantomForce,Uturn,Outrage|||M|||50|,,,,,Dragon
|c|ŌśåIsam_26011|gl hf
|
|t:|1756686343
|teamsize|p1|4
|teamsize|p2|4
|start
|switch|p1a: Paty|Indeedee-F, L50, F, shiny|100/100
|switch|p1b: Acelga|Hatterene, L50, F, shiny|100/100
|switch|p2a: Go to sleep|Sneasler, L50, F|100/100
|switch|p2b: Dragapult|Dragapult, L50, M|100/100
|-fieldstart|move: Psychic Terrain|[from] ability: Psychic Surge|[of] p1a: Paty
|-enditem|p1a: Paty|Psychic Seed
|-boost|p1a: Paty|spd|1|[from] item: Psychic Seed
|turn|1
|
|t:|1756686374
|move|p1a: Paty|Follow Me|p1a: Paty
|-singleturn|p1a: Paty|move: Follow Me
|move|p2b: Dragapult|Dragon Darts|p1a: Paty
|-damage|p1a: Paty|63/100
|-anim|p2b: Dragapult|Dragon Darts|p1a: Paty
|-damage|p1a: Paty|24/100
|move|p2a: Go to sleep|Dire Claw|p1a: Paty
|-damage|p1a: Paty|0 fnt
|faint|p1a: Paty
|move|p1b: Acelga|Trick Room|p1b: Acelga
|-fieldstart|move: Trick Room|[of] p1b: Acelga
|
|upkeep
|
|t:|1756686405
|switch|p1a: Shura|Gallade, L50, M, shiny|100/100
|turn|2
|
|t:|1756686433
|switch|p2a: Tyranitar|Tyranitar, L50, F|100/100
|-weather|Sandstorm|[from] ability: Sand Stream|[of] p2a: Tyranitar
|move|p1b: Acelga|Expanding Force|p2b: Dragapult|[spread] p2b
|-immune|p2a: Tyranitar
|-crit|p2b: Dragapult
|-damage|p2b: Dragapult|0 fnt
|faint|p2b: Dragapult
|-damage|p1b: Acelga|91/100|[from] item: Life Orb
|move|p1a: Shura|Psycho Cut|p2a: Tyranitar
|-immune|p2a: Tyranitar
|
|-weather|Sandstorm|[upkeep]
|-damage|p1b: Acelga|85/100|[from] Sandstorm
|-damage|p1a: Shura|95/100|[from] Sandstorm
|upkeep
|c|ŌśåIsam_26011|fuck
|c|ŌśåIsam_26011|fuck
|c|ŌśåIsam_26011|fuck
|c|ŌśåIsam_26011|fuck
|
|t:|1756686456
|switch|p2b: Corviknight|Corviknight, L50, M|100/100
|-enditem|p2b: Corviknight|Psychic Seed
|-boost|p2b: Corviknight|spd|1|[from] item: Psychic Seed
|turn|3
|
|t:|1756686502
|-terastallize|p2a: Tyranitar|Flying
|move|p1b: Acelga|Expanding Force|p2b: Corviknight|[spread] p2a,p2b
|-resisted|p2b: Corviknight
|-damage|p2a: Tyranitar|41/100
|-damage|p2b: Corviknight|74/100
|-damage|p1b: Acelga|76/100|[from] item: Life Orb
|move|p1a: Shura|Sacred Sword|p2a: Tyranitar
|-resisted|p2a: Tyranitar
|-damage|p2a: Tyranitar|6/100
|move|p2a: Tyranitar|Rock Slide|p1b: Acelga|[spread] p1a,p1b
|-resisted|p1a: Shura
|-damage|p1a: Shura|72/100
|-damage|p1b: Acelga|44/100
|move|p2b: Corviknight|Brave Bird|p1b: Acelga
|-damage|p1b: Acelga|0 fnt
|faint|p1b: Acelga
|-damage|p2b: Corviknight|63/100|[from] Recoil
|
|-weather|Sandstorm|[upkeep]
|-damage|p1a: Shura|67/100|[from] Sandstorm
|-damage|p2a: Tyranitar|0 fnt|[from] Sandstorm
|faint|p2a: Tyranitar
|upkeep
|
|t:|1756686519
|switch|p1b: Pratto|Ursaluna, L50, M, shiny|100/100
|switch|p2a: Go to sleep|Sneasler, L50, F|100/100
|turn|4
|
|t:|1756686544
|-terastallize|p1b: Pratto|Ghost
|move|p1b: Pratto|Facade|p2a: Go to sleep
|-damage|p2a: Go to sleep|28/100
|move|p1a: Shura|Sacred Sword|p2b: Corviknight
|-damage|p2b: Corviknight|5/100
|move|p2b: Corviknight|Brave Bird|p1a: Shura
|-supereffective|p1a: Shura
|-damage|p1a: Shura|0 fnt
|faint|p1a: Shura
|-damage|p2b: Corviknight|0 fnt|[from] Recoil
|faint|p2b: Corviknight
|move|p2a: Go to sleep|Coaching|p2: Corviknight|[notarget]
|-fail|p2a: Go to sleep
|
|-weather|Sandstorm|[upkeep]
|-damage|p1b: Pratto|95/100|[from] Sandstorm
|-damage|p2a: Go to sleep|22/100|[from] Sandstorm
|-status|p1b: Pratto|brn|[from] item: Flame Orb
|upkeep
|turn|5
|
|t:|1756686560
|move|p1b: Pratto|Facade|p2a: Go to sleep
|-damage|p2a: Go to sleep|0 fnt
|faint|p2a: Go to sleep
|
|win|Isam_26011
||Luckyross is ready for game 2.
|inactive|Isam_26011 has 30 seconds to confirm battle start!
|inactive|Isam_26011 has 20 seconds to confirm battle start!
||Isam_26011 is ready for game 2.
|uhtml|next|Next: Game 2 of 3
|l|ŌśåLuckyross
|player|p2|
