|j|☆lovelyngojira
|j|☆Divine Monkey King
|html|lovelyngojiraDivine Monkey King    
|uhtml|bestof|Game 2 of a best-of-3
|t:|1785592890
|gametype|doubles
|player|p1|lovelyngojira|170|1064
|player|p2|Divine Monkey King|silver|1174
|gen|9
|tier|[Gen 9 Champions] VGC 2026 Reg M-B (Bo3)
|rated|
|rule|Species Clause: Limit one of each Pokémon
|rule|Item Clause: Limit 1 of each item
|clearpoke
|poke|p1|Dragalge, L50, F|
|poke|p1|Clawitzer, L50, F|
|poke|p1|Scrafty, L50, F|
|poke|p1|Grimmsnarl, L50, M|
|poke|p1|Sinistcha, L50|
|poke|p1|Rotom-Wash, L50|
|poke|p2|Tyranitar, L50, M, shiny|
|poke|p2|Aerodactyl, L50, M, shiny|
|poke|p2|Pelipper, L50, M, shiny|
|poke|p2|Basculegion, L50, M, shiny|
|poke|p2|Beedrill, L50, M, shiny|
|poke|p2|Annihilape, L50, M, shiny|
|teampreview|4
|showteam|p1|Dragalge||Dragalgite|Adaptability|Thunderbolt,Protect,SludgeBomb,DragonPulse|Quiet||F|||50|]Clawitzer||ExpertBelt|MegaLauncher|AuraSphere,DarkPulse,WaterPulse,Protect|Modest||F|||50|]Scrafty||Scraftinite|Intimidate|FakeOut,CloseCombat,KnockOff,Detect|Adamant||F|||50|]Grimmsnarl||LightClay|Prankster|SuckerPunch,PartingShot,LightScreen,Reflect|Impish||M|||50|]Sinistcha||KasibBerry|Hospitality|MatchaGotcha,RagePowder,TrickRoom,Protect|Modest|||||50|]Rotom-Wash||ChoiceScarf|Levitate|VoltSwitch,HydroPump,Electroweb,WillOWisp|Timid|||||50|
|showteam|p2|Tyranitar||Tyranitarite|SandStream|BrickBreak,KnockOff,Protect,RockSlide|Adamant||M|||50|]Aerodactyl||FocusSash|Unnerve|DualWingbeat,IronHead,Protect,Tailwind|Jolly||M|||50|]Pelipper||WacanBerry|Drizzle|Hurricane,IceBeam,Protect,WeatherBall|Calm||M|||50|]Basculegion||MysticWater|SwiftSwim|AquaJet,FlipTurn,LastRespects,Protect|Adamant||M|||50|]Beedrill||Beedrillite|Sniper|PoisonJab,Protect,Uturn,FellStinger|Jolly||M|||50|]Annihilape||Leftovers|Defiant|BulkUp,DrainPunch,Protect,ThunderPunch|Adamant||M|||50|
|
|t:|1785592932
|teamsize|p1|4
|teamsize|p2|4
|start
|switch|p1a: Rotom|Rotom-Wash, L50|100/100
|switch|p1b: Grimmsnarl|Grimmsnarl, L50, M|100/100
|switch|p2a: Beedrill|Beedrill, L50, M, shiny|100/100
|switch|p2b: Annihilape|Annihilape, L50, M, shiny|100/100
|turn|1
|
|t:|1785592956
|detailschange|p2a: Beedrill|Beedrill-Mega, L50, M, shiny
|-mega|p2a: Beedrill|Beedrill|Beedrillite
|move|p1b: Grimmsnarl|Reflect|p1b: Grimmsnarl
|-sidestart|p1: lovelyngojira|Reflect
|move|p1a: Rotom|Will-O-Wisp|p2b: Annihilape
|-status|p2b: Annihilape|brn
|move|p2a: Beedrill|Poison Jab|p1b: Grimmsnarl
|-supereffective|p1b: Grimmsnarl|1
|-damage|p1b: Grimmsnarl|22/100
|move|p2b: Annihilape|Bulk Up|p2b: Annihilape
|-boost|p2b: Annihilape|atk|1
|-boost|p2b: Annihilape|def|1
|
|-damage|p2b: Annihilape|94/100 brn|[from] brn
|upkeep
|turn|2
|
|t:|1785592977
|move|p1b: Grimmsnarl|Parting Shot|p2a: Beedrill
|-unboost|p2a: Beedrill|atk|1
|-unboost|p2a: Beedrill|spa|1
|
|t:|1785592981
|switch|p1b: Clawitzer|Clawitzer, L50, F|100/100|[from] Parting Shot
|move|p1a: Rotom|Will-O-Wisp|p2a: Beedrill|[miss]
|-miss|p1a: Rotom|p2a: Beedrill
|move|p2a: Beedrill|Fell Stinger|p1b: Clawitzer
|-damage|p1b: Clawitzer|81/100
|move|p2b: Annihilape|Drain Punch|p1a: Rotom
|-damage|p1a: Rotom|74/100
|-heal|p2b: Annihilape|100/100 brn|[from] drain|[of] p1a: Rotom
|
|-damage|p2b: Annihilape|94/100 brn|[from] brn
|upkeep
|turn|3
|
|t:|1785593004
|move|p1a: Rotom|Will-O-Wisp|p2a: Beedrill
|-status|p2a: Beedrill|brn
|move|p2a: Beedrill|U-turn|p1a: Rotom
|-damage|p1a: Rotom|59/100
|
|t:|1785593014
|switch|p2a: Pelipper|Pelipper, L50, M, shiny|100/100|[from] U-turn
|-weather|RainDance|[from] ability: Drizzle|[of] p2a: Pelipper
|move|p2b: Annihilape|Thunder Punch|p1b: Clawitzer
|-supereffective|p1b: Clawitzer|1
|-damage|p1b: Clawitzer|51/100
|move|p1b: Clawitzer|Dark Pulse|p2a: Pelipper
|-damage|p2a: Pelipper|49/100
|
|-weather|RainDance|[upkeep]
|-heal|p2b: Annihilape|100/100 brn|[from] item: Leftovers
|-damage|p2b: Annihilape|94/100 brn|[from] brn
|upkeep
|turn|4
|
|t:|1785593037
|switch|p1a: Grimmsnarl|Grimmsnarl, L50, M|22/100
|move|p2b: Annihilape|Drain Punch|p1a: Grimmsnarl
|-damage|p1a: Grimmsnarl|5/100
|-heal|p2b: Annihilape|100/100 brn|[from] drain|[of] p1a: Grimmsnarl
|move|p2a: Pelipper|Hurricane|p1b: Clawitzer
|-damage|p1b: Clawitzer|5/100
|-start|p1b: Clawitzer|confusion
|-activate|p1b: Clawitzer|confusion
|move|p1b: Clawitzer|Dark Pulse|p2a: Pelipper
|-damage|p2a: Pelipper|0 fnt
|faint|p2a: Pelipper
|
|-weather|RainDance|[upkeep]
|-damage|p2b: Annihilape|94/100 brn|[from] brn
|upkeep
|
|t:|1785593054
|switch|p2a: Beedrill|Beedrill-Mega, L50, M, shiny|100/100 brn
|turn|5
|
|t:|1785593065
|move|p1a: Grimmsnarl|Parting Shot|p2a: Beedrill
|-unboost|p2a: Beedrill|atk|1
|-unboost|p2a: Beedrill|spa|1
|
|t:|1785593069
|switch|p1a: Rotom|Rotom-Wash, L50|59/100|[from] Parting Shot
|move|p2a: Beedrill|Fell Stinger|p1a: Rotom
|-damage|p1a: Rotom|48/100
|move|p2b: Annihilape|Drain Punch|p1b: Clawitzer
|-damage|p1b: Clawitzer|0 fnt
|-heal|p2b: Annihilape|96/100 brn|[from] drain|[of] p1b: Clawitzer
|faint|p1b: Clawitzer
|
|-weather|RainDance|[upkeep]
|-heal|p2b: Annihilape|100/100 brn|[from] item: Leftovers
|-damage|p2a: Beedrill|94/100 brn|[from] brn
|-damage|p2b: Annihilape|94/100 brn|[from] brn
|upkeep
|
|t:|1785593082
|switch|p1b: Scrafty|Scrafty, L50, F|100/100
|-ability|p1b: Scrafty|Intimidate|boost
|-unboost|p2a: Beedrill|atk|1
|-unboost|p2b: Annihilape|atk|1
|-ability|p2b: Annihilape|Defiant|boost
|-boost|p2b: Annihilape|atk|2
|turn|6
|
|t:|1785593095
|switch|p2a: Tyranitar|Tyranitar, L50, M, shiny|100/100
|-weather|Sandstorm|[from] ability: Sand Stream|[of] p2a: Tyranitar
|detailschange|p1b: Scrafty|Scrafty-Mega, L50, F
|-mega|p1b: Scrafty|Scrafty|Scraftinite
|-ability|p1b: Scrafty|Intimidate|boost
|-unboost|p2a: Tyranitar|atk|1
|-unboost|p2b: Annihilape|atk|1
|-ability|p2b: Annihilape|Defiant|boost
|-boost|p2b: Annihilape|atk|2
|move|p1a: Rotom|Electroweb|p2b: Annihilape|[spread] p2a
|-miss|p1a: Rotom|p2b: Annihilape
|-damage|p2a: Tyranitar|89/100
|-unboost|p2a: Tyranitar|spe|1
|move|p2b: Annihilape|Drain Punch|p1b: Scrafty
|-supereffective|p1b: Scrafty|1
|-damage|p1b: Scrafty|45/100
|-heal|p2b: Annihilape|100/100 brn|[from] drain|[of] p1b: Scrafty
|move|p1b: Scrafty|Knock Off|p2b: Annihilape
|-damage|p2b: Annihilape|63/100 brn
|-enditem|p2b: Annihilape|Leftovers|[from] move: Knock Off|[of] p1b: Scrafty
|
|-weather|Sandstorm|[upkeep]
|-damage|p1a: Rotom|42/100|[from] Sandstorm
|-damage|p2b: Annihilape|57/100 brn|[from] Sandstorm
|-damage|p1b: Scrafty|39/100|[from] Sandstorm
|-damage|p2b: Annihilape|51/100 brn|[from] brn
|upkeep
|turn|7
|
|t:|1785593120
|switch|p2a: Beedrill|Beedrill-Mega, L50, M, shiny|94/100 brn
|move|p1a: Rotom|Electroweb|p2b: Annihilape|[spread] p2a,p2b
|-damage|p2a: Beedrill|65/100 brn
|-damage|p2b: Annihilape|35/100 brn
|-unboost|p2a: Beedrill|spe|1
|-unboost|p2b: Annihilape|spe|1
|-ability|p2b: Annihilape|Defiant|boost
|-boost|p2b: Annihilape|atk|2
|move|p1b: Scrafty|Knock Off|p2b: Annihilape
|-damage|p2b: Annihilape|9/100 brn
|move|p2b: Annihilape|Drain Punch|p1b: Scrafty
|-supereffective|p1b: Scrafty|1
|-damage|p1b: Scrafty|0 fnt
|-heal|p2b: Annihilape|25/100 brn|[from] drain|[of] p1b: Scrafty
|faint|p1b: Scrafty
|
|-weather|Sandstorm|[upkeep]
|-damage|p1a: Rotom|37/100|[from] Sandstorm
|-damage|p2a: Beedrill|60/100 brn|[from] Sandstorm
|-damage|p2b: Annihilape|19/100 brn|[from] Sandstorm
|-damage|p2a: Beedrill|54/100 brn|[from] brn
|-damage|p2b: Annihilape|13/100 brn|[from] brn
|upkeep
|-message|lovelyngojira forfeited.
|
|win|Divine Monkey King
|raw|lovelyngojira's rating: 1064 → 1050(-14 for losing)
|raw|Divine Monkey King's rating: 1174 → 1191(+17 for winning)
|l|☆lovelyngojira
|player|p1|
