|j|☆Ninjacoox
|j|☆spiritnekovgc
|html|Ninjacooxspiritnekovgc    
|uhtml|bestof|Game 2 of a best-of-3
|t:|1757205041
|gametype|doubles
|player|p1|Ninjacoox|brock|
|player|p2|spiritnekovgc|psychic-gen4|
|gen|9
|tier|[Gen 9] VGC 2025 Reg H (Bo3)
|rule|Species Clause: Limit one of each Pokémon
|rule|Item Clause: Limit 1 of each item
|clearpoke
|poke|p1|Ursaluna-Bloodmoon, L50, M|
|poke|p1|Smeargle, L50, M|
|poke|p1|Incineroar, L50, M|
|poke|p1|Farigiraf, L50, M|
|poke|p1|Inteleon, L50, F|
|poke|p1|Torkoal, L50, F|
|poke|p2|Sneasler, L50, F|
|poke|p2|Indeedee, L50, M|
|poke|p2|Talonflame, L50, M|
|poke|p2|Ursaluna-Bloodmoon, L50, M|
|poke|p2|Incineroar, L50, F|
|poke|p2|Primarina, L50, F|
|teampreview|4
|showteam|p1|Ursaluna-Bloodmoon||LifeOrb|MindsEye|BloodMoon,HyperVoice,EarthPower,Protect|||M|||50|,,,,,Ghost]Smeargle||FocusSash|Moody|SpikyShield,Spore,Decorate,ClearSmog|||M|||50|,,,,,Ghost]Incineroar||SafetyGoggles|Intimidate|FakeOut,FlareBlitz,KnockOff,PartingShot|||M|||50|,,,,,Ghost]Farigiraf||ThroatSpray|ArmorTail|HyperVoice,TrickRoom,Psychic,TeraBlast|||M|||50|,,,,,Fairy]Inteleon||ChoiceSpecs|Sniper|IceBeam,WeatherBall,SnipeShot,AirSlash|||F|||50|,,,,,Fairy]Torkoal||Charcoal|Drought|Eruption,HeatWave,ScorchingSands,WeatherBall|||F|||50|,,,,,Water
|showteam|p2|Sneasler||PsychicSeed|Unburden|CloseCombat,DireClaw,ThroatChop,Protect|||F|||50|,,,,,Dark]Indeedee||FocusSash|PsychicSurge|ExpandingForce,TrickRoom,HelpingHand,Protect|||M|||50|,,,,,Psychic]Talonflame||CovertCloak|GaleWings|FlareBlitz,DualWingbeat,WillOWisp,Tailwind|||M|||50|,,,,,Flying]Ursaluna-Bloodmoon||LifeOrb|MindsEye|BloodMoon,HyperVoice,EarthPower,Protect|||M|||50|,,,,,Normal]Incineroar||SafetyGoggles|Intimidate|FlareBlitz,KnockOff,PartingShot,FakeOut|||F|||50|,,,,,Ghost]Primarina||SitrusBerry|LiquidVoice|HyperVoice,Moonblast,Haze,Protect|||F|||50|,,,,,Poison
|inactive|Battle timer is ON: inactive players will automatically lose when time's up. (requested by spiritnekovgc)
|inactive|Ninjacoox also wants the timer to be on.
|j| Red Fang X
|c|☆Ninjacoox|this team is evil
|j| Trestkon
|
|t:|1757205067
|teamsize|p1|4
|teamsize|p2|4
|start
|switch|p1a: Ankle breaker|Incineroar, L50, M|100/100
|switch|p1b: Farigiraf|Farigiraf, L50, M|100/100
|switch|p2a: Primarina|Primarina, L50, F|100/100
|switch|p2b: Alfred|Indeedee, L50, M|100/100
|-fieldstart|move: Psychic Terrain|[from] ability: Psychic Surge|[of] p2b: Alfred
|-ability|p1a: Ankle breaker|Intimidate|boost
|-unboost|p2a: Primarina|atk|1
|-unboost|p2b: Alfred|atk|1
|turn|1
|
|t:|1757205091
|move|p2b: Alfred|Expanding Force|p1a: Ankle breaker|[spread] p1b
|-immune|p1a: Ankle breaker
|-resisted|p1b: Farigiraf
|-damage|p1b: Farigiraf|75/100
|move|p1a: Ankle breaker|Parting Shot|p2b: Alfred
|-unboost|p2b: Alfred|atk|1
|-unboost|p2b: Alfred|spa|1
|
|t:|1757205098
|switch|p1a: Inteleon|Inteleon, L50, F|100/100|[from] Parting Shot
|move|p2a: Primarina|Hyper Voice|p1a: Inteleon|[spread] p1a,p1b
|-resisted|p1a: Inteleon
|-damage|p1a: Inteleon|69/100
|-damage|p1b: Farigiraf|38/100
|move|p1b: Farigiraf|Trick Room|p1b: Farigiraf
|-fieldstart|move: Trick Room|[of] p1b: Farigiraf
|
|upkeep
|turn|2
|
|t:|1757205119
|move|p1b: Farigiraf|Hyper Voice|p2b: Alfred|[spread] p2a,p2b
|-damage|p2a: Primarina|73/100
|-damage|p2b: Alfred|49/100
|-enditem|p1b: Farigiraf|Throat Spray
|-boost|p1b: Farigiraf|spa|1|[from] item: Throat Spray
|move|p2a: Primarina|Hyper Voice|p1a: Inteleon|[spread] p1a,p1b
|-resisted|p1a: Inteleon
|-damage|p1a: Inteleon|35/100
|-damage|p1b: Farigiraf|0 fnt
|faint|p1b: Farigiraf
|move|p1a: Inteleon|Air Slash|p2a: Primarina|[miss]
|-miss|p1a: Inteleon|p2a: Primarina
|move|p2b: Alfred|Trick Room|p2b: Alfred
|-fieldend|move: Trick Room
|
|upkeep
|
|t:|1757205122
|switch|p1b: Torkoal|Torkoal, L50, F|100/100
|-weather|SunnyDay|[from] ability: Drought|[of] p1b: Torkoal
|turn|3
|inactive|spiritnekovgc has 30 seconds left.
|c|☆spiritnekovgc|ok why air slash
|c|☆Ninjacoox|idk
|c|☆Ninjacoox|for grass types
|inactive|spiritnekovgc has 20 seconds left.
|c|☆spiritnekovgc|you got ice beam
|inactive|spiritnekovgc has 15 seconds left.
|inactive|spiritnekovgc has 10 seconds left.
|c|☆Ninjacoox|and?
|c|☆Ninjacoox|it does less
|
|t:|1757205172
|-terastallize|p1b: Torkoal|Water
|move|p2b: Alfred|Helping Hand|p2a: Primarina
|-singleturn|p2a: Primarina|Helping Hand|[of] p2b: Alfred
|move|p1a: Inteleon|Air Slash|p2a: Primarina
|-damage|p2a: Primarina|40/100
|-enditem|p2a: Primarina|Sitrus Berry|[eat]
|-heal|p2a: Primarina|64/100|[from] item: Sitrus Berry
|move|p2a: Primarina|Hyper Voice|p1b: Torkoal|[spread] p1a,p1b
|-resisted|p1a: Inteleon
|-resisted|p1b: Torkoal
|-damage|p1a: Inteleon|11/100
|-damage|p1b: Torkoal|84/100
|move|p1b: Torkoal|Heat Wave|p2a: Primarina|[spread] p2a
|-miss|p1b: Torkoal|p2b: Alfred
|-resisted|p2a: Primarina
|-damage|p2a: Primarina|41/100
|
|-weather|SunnyDay|[upkeep]
|upkeep
|turn|4
|c|☆spiritnekovgc|doestn air slash do 75 or something
|
|t:|1757205192
|switch|p1b: Ankle breaker|Incineroar, L50, M|100/100
|-ability|p1b: Ankle breaker|Intimidate|boost
|-unboost|p2a: Primarina|atk|1
|-unboost|p2b: Alfred|atk|1
|move|p1a: Inteleon|Air Slash|p2a: Primarina
|-damage|p2a: Primarina|7/100
|move|p2b: Alfred|Expanding Force|p1a: Inteleon|[spread] p1a
|-immune|p1b: Ankle breaker
|-damage|p1a: Inteleon|0 fnt
|faint|p1a: Inteleon
|move|p2a: Primarina|Moonblast|p1b: Ankle breaker
|-damage|p1b: Ankle breaker|63/100
|-unboost|p1b: Ankle breaker|spa|1
|
|-weather|SunnyDay|[upkeep]
|upkeep
|c|☆Ninjacoox|yeah
|
|t:|1757205200
|switch|p1a: Torkoal|Torkoal, L50, F, tera:Water|84/100
|turn|5
|c|☆spiritnekovgc|and ice beam also hits grass types
|
|t:|1757205216
|move|p2b: Alfred|Expanding Force|p1a: Torkoal|[spread] p1a
|-immune|p1b: Ankle breaker
|-damage|p1a: Torkoal|38/100
|move|p1b: Ankle breaker|Parting Shot|p2a: Primarina
|-unboost|p2a: Primarina|atk|1
|-unboost|p2a: Primarina|spa|1
|move|p2a: Primarina|Moonblast|p1a: Torkoal
|-damage|p1a: Torkoal|0 fnt
|faint|p1a: Torkoal
|
|-weather|SunnyDay|[upkeep]
|-fieldend|move: Psychic Terrain
|upkeep
|turn|6
|l| Trestkon
|c|☆spiritnekovgc|whats air slash covering
|c|☆Ninjacoox|rillaboom
|c|☆spiritnekovgc|ice beam
|inactive|Ninjacoox has 30 seconds left.
|
|t:|1757205241
|move|p2b: Alfred|Helping Hand|p2a: Primarina
|-singleturn|p2a: Primarina|Helping Hand|[of] p2b: Alfred
|move|p1b: Ankle breaker|Knock Off|p2a: Primarina
|-resisted|p2a: Primarina
|-damage|p2a: Primarina|0 fnt
|faint|p2a: Primarina
|
|-weather|SunnyDay|[upkeep]
|upkeep
|c|☆spiritnekovgc|you got ice beam and weather ball
|
|t:|1757205247
|switch|p2a: Maple|Ursaluna-Bloodmoon, L50, M|100/100
|turn|7
|c|☆Ninjacoox|wait
|c|☆Ninjacoox|uh
|c|☆Ninjacoox|idk
|c|☆spiritnekovgc|!dt air slash
|raw|Air Slash  Power75 Accuracy95% PP24 30% chance to make the target flinch. 
|raw|Priority: 0 |  Gen: 4 |  ✓ Boosted by Sheer Force |  ✓ Slicing move |  Z-Power: 140 |  Target: Any Pokémon

|
|t:|1757205266
|move|p2b: Alfred|Helping Hand|p2a: Maple
|-singleturn|p2a: Maple|Helping Hand|[of] p2b: Alfred
|move|p2a: Maple|Earth Power|p1b: Ankle breaker
|-supereffective|p1b: Ankle breaker
|-damage|p1b: Ankle breaker|0 fnt
|faint|p1b: Ankle breaker
|-damage|p2a: Maple|91/100|[from] item: Life Orb
|
|win|spiritnekovgc
|c|☆spiritnekovgc|it can miss
|c|☆Ninjacoox|lol
|c|☆Ninjacoox|i forgot
|inactive|Ninjacoox has 30 seconds to confirm battle start!
|inactive|spiritnekovgc has 30 seconds to confirm battle start!
||Ninjacoox is ready for game 3.
|c|☆spiritnekovgc|its only benifit is flinch
||spiritnekovgc is ready for game 3.
|uhtml|next|Next: Game 3 of 3
