|j|☆vilan333
|j|☆Bass pro stan
|html|vilan333Bass pro stan    
|uhtml|bestof|Game 1 of a best-of-3
|t:|1786116233
|gametype|doubles
|player|p1|vilan333|marshal|1297
|player|p2|Bass pro stan|fisherman-gen4|1261
|gen|9
|tier|[Gen 9 Champions] VGC 2026 Reg M-B (Bo3)
|rated|
|rule|Species Clause: Limit one of each Pokémon
|rule|Item Clause: Limit 1 of each item
|clearpoke
|poke|p1|Tyranitar, L50, F, shiny|
|poke|p1|Excadrill, L50, F, shiny|
|poke|p1|Floette-Eternal, L50, F|
|poke|p1|Whimsicott, L50, M|
|poke|p1|Incineroar, L50, M|
|poke|p1|Sinistcha, L50|
|poke|p2|Vaporeon, L50, F|
|poke|p2|Heliolisk, L50, M|
|poke|p2|Politoed, L50, M|
|poke|p2|Dragonite, L50, F|
|poke|p2|Scovillain, L50, M|
|poke|p2|Toxicroak, L50, M|
|teampreview|4
|showteam|p1|Tyranitar||FocusSash|SandStream|Protect,RockSlide,KnockOff,LowKick|Adamant||F|||50|]Excadrill||LifeOrb|SandRush|RockTomb,Protect,IronHead,HighHorsepower|Adamant||F|||50|]Floette-Eternal||Floettite|FlowerVeil|Protect,Moonblast,DazzlingGleam,CalmMind|Modest||F|||50|]Whimsicott||OccaBerry|Prankster|Moonblast,Encore,Tailwind,Protect|Calm||M|||50|]Incineroar||SitrusBerry|Intimidate|PartingShot,FakeOut,FlareBlitz,HelpingHand|Adamant||M|||50|]Sinistcha||Leftovers|Hospitality|ShadowBall,RagePowder,TrickRoom,Protect|Calm|||||50|
|showteam|p2|Vaporeon||Leftovers|WaterAbsorb|CalmMind,Protect,Surf,IceBeam|Modest||F|||50|]Heliolisk||ChoiceScarf|DrySkin|Surf,ShedTail,Thunderbolt,HyperVoice|Timid||M|||50|]Politoed||LifeOrb|Drizzle|Surf,EarthPower,IceBeam,Protect|Modest||M|||50|]Dragonite||Dragoninite|Multiscale|Protect,DragonPulse,Surf,Hurricane|Modest||F|||50|]Scovillain||Scovillainite|Moody|Protect,RagePowder,Overheat,LeechSeed|Calm||M|||50|]Toxicroak||ShucaBerry|DrySkin|FakeOut,CloseCombat,GunkShot,Protect|Adamant||M|||50|
|inactive|Battle timer is ON: inactive players will automatically lose when time's up. (requested by Bass pro stan)
|inactive|vilan333 has 60 seconds left.
|
|t:|1786116272
|teamsize|p1|4
|teamsize|p2|4
|start
|switch|p1a: Floette|Floette-Eternal, L50, F|100/100
|switch|p1b: Tyranitar|Tyranitar, L50, F, shiny|100/100
|switch|p2a: Scovillain|Scovillain, L50, M|100/100
|switch|p2b: Vaporeon|Vaporeon, L50, F|100/100
|-weather|Sandstorm|[from] ability: Sand Stream|[of] p1b: Tyranitar
|turn|1
|
|t:|1786116290
|switch|p1b: Incineroar|Incineroar, L50, M|100/100
|-ability|p1b: Incineroar|Intimidate|boost
|-unboost|p2a: Scovillain|atk|1
|-unboost|p2b: Vaporeon|atk|1
|detailschange|p1a: Floette|Floette-Mega, L50, F
|-mega|p1a: Floette|Floette|Floettite
|-ability|p1a: Floette|Fairy Aura
|detailschange|p2a: Scovillain|Scovillain-Mega, L50, M
|-mega|p2a: Scovillain|Scovillain|Scovillainite
|move|p1a: Floette|Calm Mind|p1a: Floette
|-boost|p1a: Floette|spa|1
|-boost|p1a: Floette|spd|1
|move|p2a: Scovillain|Leech Seed|p1a: Floette|[miss]
|-miss|p2a: Scovillain|p1a: Floette
|move|p2b: Vaporeon|Calm Mind|p2b: Vaporeon
|-boost|p2b: Vaporeon|spa|1
|-boost|p2b: Vaporeon|spd|1
|
|-weather|Sandstorm|[upkeep]
|-damage|p1a: Floette|94/100|[from] Sandstorm
|-damage|p2a: Scovillain|94/100|[from] Sandstorm
|-damage|p2b: Vaporeon|93/100|[from] Sandstorm
|-damage|p1b: Incineroar|94/100|[from] Sandstorm
|-heal|p2b: Vaporeon|100/100|[from] item: Leftovers
|upkeep
|turn|2
|inactive|vilan333 has 30 seconds left.
|
|t:|1786116315
|move|p1b: Incineroar|Fake Out|p2a: Scovillain
|-damage|p2a: Scovillain|80/100
|-immune|p1b: Incineroar
|move|p1a: Floette|Calm Mind|p1a: Floette
|-boost|p1a: Floette|spa|1
|-boost|p1a: Floette|spd|1
|cant|p2a: Scovillain|flinch
|move|p2b: Vaporeon|Calm Mind|p2b: Vaporeon
|-boost|p2b: Vaporeon|spa|1
|-boost|p2b: Vaporeon|spd|1
|
|-weather|Sandstorm|[upkeep]
|-damage|p1a: Floette|88/100|[from] Sandstorm
|-damage|p2a: Scovillain|75/100|[from] Sandstorm
|-damage|p2b: Vaporeon|93/100|[from] Sandstorm
|-damage|p1b: Incineroar|88/100|[from] Sandstorm
|-heal|p2b: Vaporeon|100/100|[from] item: Leftovers
|upkeep
|turn|3
|
|t:|1786116335
|move|p1b: Incineroar|Helping Hand|p1a: Floette
|-singleturn|p1a: Floette|Helping Hand|[of] p1b: Incineroar
|move|p1a: Floette|Dazzling Gleam|p2b: Vaporeon|[spread] p2a,p2b
|-resisted|p2a: Scovillain|1
|-damage|p2a: Scovillain|7/100
|-damage|p2b: Vaporeon|47/100
|-status|p1a: Floette|brn|[from] ability: Spicy Spray|[of] p2a: Scovillain
|move|p2a: Scovillain|Leech Seed|p1a: Floette
|-start|p1a: Floette|move: Leech Seed
|move|p2b: Vaporeon|Calm Mind|p2b: Vaporeon
|-boost|p2b: Vaporeon|spa|1
|-boost|p2b: Vaporeon|spd|1
|
|-weather|Sandstorm|[upkeep]
|-damage|p1a: Floette|82/100 brn|[from] Sandstorm
|-damage|p2a: Scovillain|1/100|[from] Sandstorm
|-damage|p2b: Vaporeon|41/100|[from] Sandstorm
|-damage|p1b: Incineroar|82/100|[from] Sandstorm
|-heal|p2b: Vaporeon|47/100|[from] item: Leftovers
|-damage|p1a: Floette|70/100 brn|[from] Leech Seed|[of] p2a: Scovillain
|-heal|p2a: Scovillain|13/100|[silent]
|-damage|p1a: Floette|65/100 brn|[from] brn
|upkeep
|turn|4
|
|t:|1786116356
|switch|p1b: Sinistcha|Sinistcha, L50|100/100
|-heal|p1a: Floette|89/100 brn|[from] ability: Hospitality|[of] p1b: Sinistcha
|move|p2a: Scovillain|Protect|p2a: Scovillain
|-singleturn|p2a: Scovillain|Protect
|move|p1a: Floette|Dazzling Gleam|p2a: Scovillain|[spread] p2b
|-activate|p2a: Scovillain|move: Protect
|-damage|p2b: Vaporeon|20/100y
|move|p2b: Vaporeon|Surf|p1a: Floette|[spread] p1a,p1b
|-activate|p2a: Scovillain|move: Protect
|-resisted|p1b: Sinistcha|1
|-damage|p1a: Floette|60/100 brn
|-damage|p1b: Sinistcha|70/100
|
|-weather|Sandstorm|[upkeep]
|-damage|p1a: Floette|54/100 brn|[from] Sandstorm
|-damage|p2a: Scovillain|8/100|[from] Sandstorm
|-damage|p2b: Vaporeon|14/100|[from] Sandstorm
|-damage|p1b: Sinistcha|64/100|[from] Sandstorm
|-heal|p2b: Vaporeon|20/100y|[from] item: Leftovers
|-heal|p1b: Sinistcha|70/100|[from] item: Leftovers
|-damage|p1a: Floette|42/100 brn|[from] Leech Seed|[of] p2a: Scovillain
|-heal|p2a: Scovillain|20/100y|[silent]
|-damage|p1a: Floette|37/100 brn|[from] brn
|upkeep
|turn|5
|
|t:|1786116380
|switch|p1b: Incineroar|Incineroar, L50, M|82/100
|-ability|p1b: Incineroar|Intimidate|boost
|-unboost|p2a: Scovillain|atk|1
|-unboost|p2b: Vaporeon|atk|1
|move|p2a: Scovillain|Protect||[still]
|-fail|p2a: Scovillain
|move|p2b: Vaporeon|Protect|p2b: Vaporeon
|-singleturn|p2b: Vaporeon|Protect
|move|p1a: Floette|Dazzling Gleam|p2a: Scovillain|[spread] p2a
|-activate|p2b: Vaporeon|move: Protect
|-resisted|p2a: Scovillain|1
|-damage|p2a: Scovillain|0 fnt
|faint|p2a: Scovillain
|
|-weather|none
|-heal|p2b: Vaporeon|26/100|[from] item: Leftovers
|-damage|p1a: Floette|31/100 brn|[from] brn
|upkeep
|
|t:|1786116390
|switch|p2a: Toxicroak|Toxicroak, L50, M|100/100
|turn|6
|
|t:|1786116401
|switch|p1b: Sinistcha|Sinistcha, L50|70/100
|-heal|p1a: Floette|56/100 brn|[from] ability: Hospitality|[of] p1b: Sinistcha
|move|p1a: Floette|Protect|p1a: Floette
|-singleturn|p1a: Floette|Protect
|move|p2a: Toxicroak|Fake Out|p1a: Floette
|-activate|p1a: Floette|move: Protect
|move|p2b: Vaporeon|Surf|p1b: Sinistcha|[spread] p1b
|-activate|p1a: Floette|move: Protect
|-immune|p2a: Toxicroak|[from] ability: Dry Skin
|-resisted|p1b: Sinistcha|1
|-damage|p1b: Sinistcha|40/100
|
|-heal|p2b: Vaporeon|33/100|[from] item: Leftovers
|-heal|p1b: Sinistcha|46/100|[from] item: Leftovers
|-damage|p1a: Floette|44/100 brn|[from] Leech Seed|[of] p2a: Toxicroak
|-damage|p1a: Floette|38/100 brn|[from] brn
|upkeep
|turn|7
|
|t:|1786116423
|move|p2a: Toxicroak|Protect|p2a: Toxicroak
|-singleturn|p2a: Toxicroak|Protect
|move|p1b: Sinistcha|Rage Powder|p1b: Sinistcha
|-singleturn|p1b: Sinistcha|move: Rage Powder
|move|p1a: Floette|Dazzling Gleam|p2b: Vaporeon|[spread] p2b
|-activate|p2a: Toxicroak|move: Protect
|-damage|p2b: Vaporeon|1/100
|move|p2b: Vaporeon|Surf|p1a: Floette|[spread] p1a,p1b
|-activate|p2a: Toxicroak|move: Protect
|-resisted|p1b: Sinistcha|1
|-damage|p1a: Floette|12/100 brn
|-damage|p1b: Sinistcha|17/100
|
|-heal|p2b: Vaporeon|8/100|[from] item: Leftovers
|-heal|p1b: Sinistcha|23/100|[from] item: Leftovers
|-damage|p1a: Floette|1/100 brn|[from] Leech Seed|[of] p2a: Toxicroak
|-damage|p1a: Floette|0 fnt|[from] brn
|faint|p1a: Floette
|upkeep
|
|t:|1786116442
|switch|p1a: Tyranitar|Tyranitar, L50, F, shiny|100/100
|-weather|Sandstorm|[from] ability: Sand Stream|[of] p1a: Tyranitar
|turn|8
|inactive|Bass pro stan has 30 seconds left.
|
|t:|1786116471
|move|p2b: Vaporeon|Protect|p2b: Vaporeon
|-singleturn|p2b: Vaporeon|Protect
|move|p1b: Sinistcha|Rage Powder|p1b: Sinistcha
|-singleturn|p1b: Sinistcha|move: Rage Powder
|move|p2a: Toxicroak|Gunk Shot|p1b: Sinistcha
|-crit|p1b: Sinistcha
|-damage|p1b: Sinistcha|0 fnt
|faint|p1b: Sinistcha
|move|p1a: Tyranitar|Rock Slide|p2a: Toxicroak|[spread] p2a
|-activate|p2b: Vaporeon|move: Protect
|-resisted|p2a: Toxicroak|1
|-crit|p2a: Toxicroak
|-damage|p2a: Toxicroak|63/100
|
|-weather|Sandstorm|[upkeep]
|-damage|p2a: Toxicroak|57/100|[from] Sandstorm
|-damage|p2b: Vaporeon|1/100|[from] Sandstorm
|-heal|p2b: Vaporeon|8/100|[from] item: Leftovers
|upkeep
|
|t:|1786116487
|switch|p1b: Incineroar|Incineroar, L50, M|82/100
|-ability|p1b: Incineroar|Intimidate|boost
|-unboost|p2a: Toxicroak|atk|1
|-unboost|p2b: Vaporeon|atk|1
|turn|9
|
|t:|1786116500
|switch|p2a: Politoed|Politoed, L50, M|100/100
|-weather|RainDance|[from] ability: Drizzle|[of] p2a: Politoed
|move|p1b: Incineroar|Fake Out|p2a: Politoed
|-damage|p2a: Politoed|86/100
|move|p1a: Tyranitar|Rock Slide|p2b: Vaporeon|[spread] p2a,p2b
|-damage|p2a: Politoed|43/100
|-damage|p2b: Vaporeon|0 fnt
|faint|p2b: Vaporeon
|
|-weather|RainDance|[upkeep]
|upkeep
|
|t:|1786116504
|switch|p2b: Toxicroak|Toxicroak, L50, M|57/100
|turn|10
|
|t:|1786116526
|move|p1b: Incineroar|Helping Hand|p1a: Tyranitar
|-singleturn|p1a: Tyranitar|Helping Hand|[of] p1b: Incineroar
|move|p2b: Toxicroak|Fake Out|p1a: Tyranitar
|-resisted|p1a: Tyranitar|1
|-crit|p1a: Tyranitar
|-damage|p1a: Tyranitar|90/100
|move|p2a: Politoed|Surf|p1a: Tyranitar|[spread] p1a,p1b
|-heal|p2b: Toxicroak|82/100|[from] ability: Dry Skin|[of] p2a: Politoed
|-supereffective|p1a: Tyranitar|1
|-supereffective|p1b: Incineroar|1
|-damage|p1a: Tyranitar|0 fnt
|-damage|p1b: Incineroar|0 fnt
|faint|p1a: Tyranitar
|faint|p1b: Incineroar
|-damage|p2a: Politoed|34/100|[from] item: Life Orb
|
|win|Bass pro stan
||Bass pro stan is ready for game 2.
|inactive|vilan333 has 30 seconds to confirm battle start!
||vilan333 is ready for game 2.
|uhtml|next|Next: Game 2 of 3
|l|☆vilan333
|player|p1|
|j|☆vilan333
|player|p1|vilan333|marshal|
