|j|☆Recadeco
|j|☆dialghite
|html|Recadecodialghite    
|uhtml|bestof|Game 2 of a best-of-3
|t:|1755856078
|gametype|doubles
|player|p1|Recadeco|lucas|1389
|player|p2|dialghite|volkner|1369
|gen|9
|tier|[Gen 9] VGC 2025 Reg H (Bo3)
|rated|
|rule|Species Clause: Limit one of each Pokémon
|rule|Item Clause: Limit 1 of each item
|clearpoke
|poke|p1|Kingambit, L50, M|
|poke|p1|Maushold-Four, L50|
|poke|p1|Talonflame, L50, M|
|poke|p1|Primarina, L50, F|
|poke|p1|Rillaboom, L50, F|
|poke|p1|Gholdengo, L50|
|poke|p2|Whimsicott, L50, F|
|poke|p2|Arcanine-Hisui, L50, M|
|poke|p2|Indeedee, L50, M|
|poke|p2|Sneasler, L50, F|
|poke|p2|Ursaluna-Bloodmoon, L50, M|
|poke|p2|Archaludon, L50, F|
|teampreview|4
|showteam|p1|Kingambit||BlackGlasses|Defiant|KowtowCleave,SuckerPunch,SwordsDance,Protect|||M|||50|,,,,,Dark]Maushold-Four||SafetyGoggles|FriendGuard|SuperFang,HelpingHand,FollowMe,Taunt||||||50|,,,,,Ghost]Talonflame||CovertCloak|GaleWings|BraveBird,FlareBlitz,WillOWisp,Tailwind|||M|||50|,,,,,Stellar]Primarina||LifeOrb|LiquidVoice|HyperVoice,Moonblast,Haze,Protect|||F|||50|,,,,,Poison]Rillaboom||AssaultVest|GrassySurge|WoodHammer,HighHorsepower,Uturn,FakeOut|||F|||50|,,,,,Fire]Gholdengo||ChoiceSpecs|GoodasGold|MakeItRain,ShadowBall,Thunderbolt,PowerGem||||||50|,,,,,Steel
|showteam|p2|Whimsicott||CovertCloak|Prankster|Moonblast,Taunt,Tailwind,FakeTears|||F|||50|,,,,,Water]Arcanine-Hisui||ClearAmulet|Intimidate|FlareBlitz,RockSlide,HeadSmash,Protect|||M|||50|,,,,,Ghost]Indeedee||FocusSash|PsychicSurge|ExpandingForce,TeraBlast,Imprison,TrickRoom|||M|||50|,,,,,Psychic]Sneasler||PsychicSeed|Unburden|CloseCombat,DireClaw,ThroatChop,Protect|||F|||50|,,,,,Dark]Ursaluna-Bloodmoon||LifeOrb|MindsEye|HyperVoice,BloodMoon,EarthPower,Protect|||M|||50|,,,,,Normal]Archaludon||PowerHerb|Stalwart|ElectroShot,DragonPulse,Thunderbolt,Protect|||F|||50|,,,,,Electric
|inactive|Battle timer is ON: inactive players will automatically lose when time's up. (requested by dialghite)
|inactive|Recadeco also wants the timer to be on.
|inactive|Recadeco has 60 seconds left.
|
|t:|1755856120
|teamsize|p1|4
|teamsize|p2|4
|start
|switch|p1a: Ariel|Primarina, L50, F|100/100
|switch|p1b: Shreder|Kingambit, L50, M, shiny|100/100
|switch|p2a: Whimsicott|Whimsicott, L50, F|100/100
|switch|p2b: Ursaluna|Ursaluna-Bloodmoon, L50, M|100/100
|turn|1
|
|t:|1755856140
|-terastallize|p2b: Ursaluna|Normal
|move|p2a: Whimsicott|Moonblast|p1b: Shreder
|-damage|p1b: Shreder|74/100
|move|p2b: Ursaluna|Earth Power|p1b: Shreder
|-supereffective|p1b: Shreder
|-damage|p1b: Shreder|0 fnt
|faint|p1b: Shreder
|-damage|p2b: Ursaluna|91/100|[from] item: Life Orb
|move|p1a: Ariel|Hyper Voice|p2b: Ursaluna|[spread] p2a,p2b
|-resisted|p2a: Whimsicott
|-damage|p2a: Whimsicott|72/100
|-damage|p2b: Ursaluna|31/100
|-damage|p1a: Ariel|91/100|[from] item: Life Orb
|
|upkeep
|
|t:|1755856153
|switch|p1b: Slifer|Talonflame, L50, M, shiny|100/100
|turn|2
|
|t:|1755856166
|switch|p1a: Flying Gorilla|Rillaboom, L50, F|100/100
|-fieldstart|move: Grassy Terrain|[from] ability: Grassy Surge|[of] p1a: Flying Gorilla
|move|p1b: Slifer|Brave Bird|p2b: Ursaluna
|-damage|p2b: Ursaluna|0 fnt
|faint|p2b: Ursaluna
|-damage|p1b: Slifer|88/100|[from] Recoil
|move|p2a: Whimsicott|Tailwind|p2a: Whimsicott
|-sidestart|p2: dialghite|move: Tailwind
|
|-heal|p2a: Whimsicott|78/100|[from] Grassy Terrain
|upkeep
|
|t:|1755856173
|switch|p2b: Indeedee|Indeedee, L50, M|100/100
|-fieldstart|move: Psychic Terrain|[from] ability: Psychic Surge|[of] p2b: Indeedee
|turn|3
|
|t:|1755856193
|switch|p1b: Ariel|Primarina, L50, F|91/100
|move|p2a: Whimsicott|Moonblast|p1a: Flying Gorilla
|-damage|p1a: Flying Gorilla|79/100
|-unboost|p1a: Flying Gorilla|spa|1
|move|p2b: Indeedee|Expanding Force|p1a: Flying Gorilla|[spread] p1a,p1b
|-damage|p1a: Flying Gorilla|40/100
|-damage|p1b: Ariel|50/100
|move|p1a: Flying Gorilla|U-turn|p2b: Indeedee
|-supereffective|p2b: Indeedee
|-enditem|p2b: Indeedee|Focus Sash
|-damage|p2b: Indeedee|1/100
|
|t:|1755856206
|switch|p1a: Slifer|Talonflame, L50, M, shiny|88/100|[from] U-turn
|
|upkeep
|turn|4
|inactive|Recadeco has 30 seconds left.
|
|t:|1755856232
|switch|p1b: Flying Gorilla|Rillaboom, L50, F|40/100
|-fieldstart|move: Grassy Terrain|[from] ability: Grassy Surge|[of] p1b: Flying Gorilla
|move|p2a: Whimsicott|Fake Tears|p1a: Slifer
|-unboost|p1a: Slifer|spd|2
|move|p2b: Indeedee|Expanding Force|p1a: Slifer
|-damage|p1a: Slifer|0 fnt
|faint|p1a: Slifer
|
|-heal|p2a: Whimsicott|84/100|[from] Grassy Terrain
|-heal|p2b: Indeedee|7/100|[from] Grassy Terrain
|-heal|p1b: Flying Gorilla|46/100|[from] Grassy Terrain
|upkeep
|
|t:|1755856245
|switch|p1a: Ariel|Primarina, L50, F|50/100
|turn|5
|
|t:|1755856265
|move|p1b: Flying Gorilla|Fake Out|p2b: Indeedee
|-damage|p2b: Indeedee|0 fnt
|faint|p2b: Indeedee
|move|p2a: Whimsicott|Moonblast|p1a: Ariel
|-damage|p1a: Ariel|25/100
|-unboost|p1a: Ariel|spa|1
|move|p1a: Ariel|Moonblast|p2a: Whimsicott
|-damage|p2a: Whimsicott|29/100
|-damage|p1a: Ariel|16/100|[from] item: Life Orb
|
|-heal|p2a: Whimsicott|35/100|[from] Grassy Terrain
|-heal|p1b: Flying Gorilla|53/100|[from] Grassy Terrain
|-heal|p1a: Ariel|22/100|[from] Grassy Terrain
|-sideend|p2: dialghite|move: Tailwind
|upkeep
|
|t:|1755856267
|switch|p2b: Sneasler|Sneasler, L50, F|100/100
|turn|6
|
|t:|1755856281
|-terastallize|p1a: Ariel|Poison
|move|p2a: Whimsicott|Moonblast|p1b: Flying Gorilla
|-damage|p1b: Flying Gorilla|30/100
|-unboost|p1b: Flying Gorilla|spa|1
|move|p2b: Sneasler|Close Combat|p1b: Flying Gorilla
|-damage|p1b: Flying Gorilla|0 fnt
|-unboost|p2b: Sneasler|def|1
|-unboost|p2b: Sneasler|spd|1
|faint|p1b: Flying Gorilla
|move|p1a: Ariel|Moonblast|p2b: Sneasler
|-damage|p2b: Sneasler|18/100
|-damage|p1a: Ariel|12/100|[from] item: Life Orb
|
|-heal|p2a: Whimsicott|41/100|[from] Grassy Terrain
|-heal|p2b: Sneasler|24/100|[from] Grassy Terrain
|-heal|p1a: Ariel|19/100|[from] Grassy Terrain
|upkeep
|turn|7
|c|☆Recadeco|That sp att drop was very unfortunate
|inactive|Recadeco has 30 seconds left.
|
|t:|1755856312
|move|p1a: Ariel|Protect|p1a: Ariel
|-singleturn|p1a: Ariel|Protect
|move|p2a: Whimsicott|Moonblast|p1a: Ariel
|-activate|p1a: Ariel|move: Protect
|move|p2b: Sneasler|Close Combat|p1a: Ariel
|-activate|p1a: Ariel|move: Protect
|
|-heal|p2a: Whimsicott|47/100|[from] Grassy Terrain
|-heal|p2b: Sneasler|29/100|[from] Grassy Terrain
|-heal|p1a: Ariel|25/100|[from] Grassy Terrain
|upkeep
|turn|8
|
|t:|1755856317
|move|p2a: Whimsicott|Moonblast|p1a: Ariel
|-resisted|p1a: Ariel
|-damage|p1a: Ariel|14/100
|move|p2b: Sneasler|Close Combat|p1a: Ariel
|-resisted|p1a: Ariel
|-damage|p1a: Ariel|0 fnt
|-unboost|p2b: Sneasler|def|1
|-unboost|p2b: Sneasler|spd|1
|faint|p1a: Ariel
|
|win|dialghite
|raw|Recadeco's rating: 1389 → 1368(-21 for losing)
|raw|dialghite's rating: 1369 → 1390(+21 for winning)
