|j|☆DaveyShwavey
|j|☆satandagiii2005
|html|DaveyShwaveysatandagiii2005    
|uhtml|bestof|Game 1 of a best-of-3
|t:|1785961431
|gametype|doubles
|player|p1|DaveyShwavey|harlequin|1125
|player|p2|satandagiii2005|byron|1184
|gen|9
|tier|[Gen 9 Champions] VGC 2026 Reg M-B (Bo3)
|rated|
|rule|Species Clause: Limit one of each Pokémon
|rule|Item Clause: Limit 1 of each item
|clearpoke
|poke|p1|Sneasler, L50, F, shiny|
|poke|p1|Garchomp, L50, M, shiny|
|poke|p1|Whimsicott, L50, F, shiny|
|poke|p1|Basculegion, L50, M, shiny|
|poke|p1|Kingambit, L50, F, shiny|
|poke|p1|Charizard, L50, M, shiny|
|poke|p2|Raichu, L50, F|
|poke|p2|Staraptor, L50, F|
|poke|p2|Arcanine-Hisui, L50, M|
|poke|p2|Farigiraf, L50, M|
|poke|p2|Sylveon, L50, F|
|poke|p2|Kingambit, L50, M|
|teampreview|4
|showteam|p1|Sneasler||WhiteHerb|Unburden|FakeOut,DireClaw,CloseCombat,Protect|Adamant||F|||50|]Garchomp||LifeOrb|RoughSkin|Earthquake,Protect,DragonClaw,RockSlide|Jolly||M|||50|]Whimsicott||FocusSash|Prankster|Tailwind,Taunt,Moonblast,Encore|Timid||F|||50|]Basculegion||ChoiceScarf|Adaptability|AquaJet,WaveCrash,LastRespects,FlipTurn|Adamant||M|||50|]Kingambit||BlackGlasses|Defiant|KowtowCleave,IronHead,SuckerPunch,Protect|Adamant||F|||50|]Charizard||CharizarditeY|Blaze|HeatWave,WeatherBall,Protect,SolarBeam|Modest||M|||50|
|showteam|p2|Raichu||RaichuniteY|LightningRod|ZapCannon,FocusBlast,FakeOut,Protect|Timid||F|||50|]Staraptor||Staraptite|Intimidate|CloseCombat,DualWingbeat,Tailwind,Protect|Jolly||F|||50|]Arcanine-Hisui||FocusSash|RockHead|FlareBlitz,HeadSmash,ExtremeSpeed,Protect|Jolly||M|||50|]Farigiraf||SitrusBerry|ArmorTail|Psychic,HelpingHand,TrickRoom,Protect|Calm||M|||50|]Sylveon||FairyFeather|Pixilate|HyperVoice,QuickAttack,HyperBeam,Detect|Modest||F|||50|]Kingambit||LifeOrb|Defiant|KowtowCleave,SuckerPunch,SwordsDance,Protect|Adamant||M|||50|
|inactive|Battle timer is ON: inactive players will automatically lose when time's up. (requested by satandagiii2005)
|
|t:|1785961485
|teamsize|p1|4
|teamsize|p2|4
|start
|switch|p1a: Garchomp|Garchomp, L50, M, shiny|100/100
|switch|p1b: Charizard|Charizard, L50, M, shiny|100/100
|switch|p2a: Raichu|Raichu, L50, F|100/100
|switch|p2b: Arcanine|Arcanine-Hisui, L50, M|100/100
|turn|1
|
|t:|1785961502
|detailschange|p2a: Raichu|Raichu-Mega-Y, L50, F
|-mega|p2a: Raichu|Raichu|Raichunite Y
|detailschange|p1b: Charizard|Charizard-Mega-Y, L50, M, shiny
|-mega|p1b: Charizard|Charizard|Charizardite Y
|-weather|SunnyDay|[from] ability: Drought|[of] p1b: Charizard
|move|p1b: Charizard|Protect|p1b: Charizard
|-singleturn|p1b: Charizard|Protect
|move|p2a: Raichu|Fake Out|p1a: Garchomp
|-damage|p1a: Garchomp|91/100
|-damage|p2a: Raichu|88/100|[from] ability: Rough Skin|[of] p1a: Garchomp
|cant|p1a: Garchomp|flinch
|move|p2b: Arcanine|Head Smash|p1a: Garchomp|[miss]
|-miss|p2b: Arcanine|p1a: Garchomp
|
|-weather|SunnyDay|[upkeep]
|upkeep
|turn|2
|
|t:|1785961526
|switch|p1b: Basculegion|Basculegion, L50, M, shiny|100/100
|move|p2a: Raichu|Zap Cannon|p1b: Basculegion
|-supereffective|p1b: Basculegion|1
|-damage|p1b: Basculegion|0 fnt
|faint|p1b: Basculegion
|move|p1a: Garchomp|Earthquake|p2a: Raichu|[spread] p2a,p2b
|-supereffective|p2a: Raichu|1
|-supereffective|p2b: Arcanine|2
|-damage|p2a: Raichu|0 fnt
|-enditem|p2b: Arcanine|Focus Sash
|-damage|p2b: Arcanine|1/100
|faint|p2a: Raichu
|-damage|p1a: Garchomp|82/100|[from] item: Life Orb
|move|p2b: Arcanine|Flare Blitz|p1a: Garchomp
|-resisted|p1a: Garchomp|1
|-damage|p1a: Garchomp|40/100
|-damage|p2b: Arcanine|0 fnt|[from] ability: Rough Skin|[of] p1a: Garchomp
|faint|p2b: Arcanine
|
|-weather|SunnyDay|[upkeep]
|upkeep
|
|t:|1785961544
|switch|p2a: Farigiraf|Farigiraf, L50, M|100/100
|switch|p2b: Sylveon|Sylveon, L50, F|100/100
|switch|p1b: Charizard|Charizard-Mega-Y, L50, M, shiny|100/100
|turn|3
|
|t:|1785961557
|move|p2a: Farigiraf|Protect|p2a: Farigiraf
|-singleturn|p2a: Farigiraf|Protect
|move|p1a: Garchomp|Earthquake|p2a: Farigiraf|[spread] p2b
|-activate|p2a: Farigiraf|move: Protect
|-immune|p1b: Charizard
|-damage|p2b: Sylveon|48/100
|-damage|p1a: Garchomp|30/100|[from] item: Life Orb
|move|p1b: Charizard|Weather Ball|p2a: Farigiraf
|-activate|p2a: Farigiraf|move: Protect
|move|p2b: Sylveon|Hyper Voice|p1b: Charizard|[spread] p1a,p1b
|-supereffective|p1a: Garchomp|1
|-resisted|p1b: Charizard|1
|-damage|p1a: Garchomp|0 fnt
|-damage|p1b: Charizard|76/100
|faint|p1a: Garchomp
|
|-weather|SunnyDay|[upkeep]
|upkeep
|
|t:|1785961565
|switch|p1a: Kingambit|Kingambit, L50, F, shiny|100/100
|turn|4
|inactive|DaveyShwavey has 30 seconds left.
|inactive|satandagiii2005 has 30 seconds left.
|
|t:|1785961602
|move|p2b: Sylveon|Detect|p2b: Sylveon
|-singleturn|p2b: Sylveon|Protect
|move|p1b: Charizard|Heat Wave|p2b: Sylveon|[spread] 
|-activate|p2b: Sylveon|move: Protect
|-miss|p1b: Charizard|p2a: Farigiraf
|move|p1a: Kingambit|Kowtow Cleave|p2a: Farigiraf
|-supereffective|p2a: Farigiraf|1
|-damage|p2a: Farigiraf|3/100
|-enditem|p2a: Farigiraf|Sitrus Berry|[eat]
|-heal|p2a: Farigiraf|28/100|[from] item: Sitrus Berry
|move|p2a: Farigiraf|Trick Room|p2a: Farigiraf
|-fieldstart|move: Trick Room|[of] p2a: Farigiraf
|
|-weather|SunnyDay|[upkeep]
|upkeep
|turn|5
|
|t:|1785961622
|move|p2a: Farigiraf|Helping Hand|p2b: Sylveon
|-singleturn|p2b: Sylveon|Helping Hand|[of] p2a: Farigiraf
|move|p1a: Kingambit|Iron Head|p2b: Sylveon
|-supereffective|p2b: Sylveon|1
|-damage|p2b: Sylveon|0 fnt
|faint|p2b: Sylveon
|move|p1b: Charizard|Heat Wave|p2a: Farigiraf
|-damage|p2a: Farigiraf|0 fnt
|faint|p2a: Farigiraf
|
|win|DaveyShwavey
||satandagiii2005 is ready for game 2.
|inactive|DaveyShwavey has 30 seconds to confirm battle start!
||DaveyShwavey is ready for game 2.
|uhtml|next|Next: Game 2 of 3
|l|☆DaveyShwavey
|player|p1|
