|j|☆platinumflare
|j|☆AbadanRiyi92
|html|platinumflareAbadanRiyi92    
|uhtml|bestof|Game 1 of a best-of-3
|t:|1785612531
|gametype|doubles
|player|p1|platinumflare|lance|1243
|player|p2|AbadanRiyi92|colress|1217
|gen|9
|tier|[Gen 9 Champions] VGC 2026 Reg M-B (Bo3)
|rated|
|rule|Species Clause: Limit one of each Pokémon
|rule|Item Clause: Limit 1 of each item
|clearpoke
|poke|p1|Raichu, L50, F|
|poke|p1|Farigiraf, L50, M|
|poke|p1|Meowscarada, L50, F|
|poke|p1|Sneasler, L50, M|
|poke|p1|Talonflame, L50, F|
|poke|p1|Basculegion, L50, M|
|poke|p2|Tyranitar, L50, M|
|poke|p2|Excadrill, L50, M|
|poke|p2|Milotic, L50, M|
|poke|p2|Sinistcha, L50|
|poke|p2|Staraptor, L50, M|
|poke|p2|Gholdengo, L50|
|teampreview|4
|showteam|p1|Raichu||RaichuniteY|LightningRod|ZapCannon,FocusBlast,Protect,GrassKnot|Timid||F|||50|]Farigiraf||SitrusBerry|ArmorTail|Psychic,Roar,HyperVoice,Protect|Modest||M|||50|]Meowscarada||ChoiceScarf|Protean|FlowerTrick,ThroatChop,TripleAxel,Uturn|Jolly||F|||50|]Sneasler||WhiteHerb|Unburden|GunkShot,CloseCombat,Protect,FakeOut|Jolly||M|||50|]Talonflame||SharpBeak|GaleWings|Tailwind,DualWingbeat,Protect,FlareBlitz|Jolly||F|||50|]Basculegion||LifeOrb|Adaptability|WaveCrash,AquaJet,LastRespects,Protect|Adamant||M|||50|
|showteam|p2|Tyranitar||Tyranitarite|SandStream|KnockOff,RockSlide,HighHorsepower,Protect|Jolly||M|||50|]Excadrill||FocusSash|SandRush|Earthquake,IronHead,RockSlide,Protect|Adamant||M|||50|]Milotic||SitrusBerry|Competitive|Scald,IcyWind,Haze,Protect|Calm||M|||50|]Sinistcha||ColburBerry|Hospitality|MatchaGotcha,ShadowBall,Protect,RagePowder|Bold|||||50|]Staraptor||Staraptite|Intimidate|CloseCombat,BraveBird,Tailwind,Protect|Jolly||M|||50|]Gholdengo||LifeOrb|GoodasGold|MakeItRain,ShadowBall,NastyPlot,Protect|Modest|||||50|
|inactive|Battle timer is ON: inactive players will automatically lose when time's up. (requested by platinumflare)
|inactive|platinumflare has 60 seconds left.
|inactive|AbadanRiyi92 has 60 seconds left.
|
|t:|1785612590
|teamsize|p1|4
|teamsize|p2|4
|start
|switch|p1a: Meowscarada|Meowscarada, L50, F|100/100
|switch|p1b: Basculegion|Basculegion, L50, M|100/100
|switch|p2a: Tyranitar|Tyranitar, L50, M|100/100
|switch|p2b: Excadrill|Excadrill, L50, M|100/100
|-weather|Sandstorm|[from] ability: Sand Stream|[of] p2a: Tyranitar
|turn|1
|inactive|AbadanRiyi92 has 30 seconds left.
|
|t:|1785612622
|move|p2a: Tyranitar|Protect|p2a: Tyranitar
|-singleturn|p2a: Tyranitar|Protect
|move|p1b: Basculegion|Aqua Jet|p2b: Excadrill
|-supereffective|p2b: Excadrill|1
|-enditem|p2b: Excadrill|Focus Sash
|-damage|p2b: Excadrill|1/100
|-damage|p1b: Basculegion|90/100|[from] item: Life Orb
|move|p1a: Meowscarada|U-turn|p2b: Excadrill
|-start|p1a: Meowscarada|typechange|Bug|[from] ability: Protean
|-resisted|p2b: Excadrill|1
|-damage|p2b: Excadrill|0 fnt
|faint|p2b: Excadrill
|inactive|platinumflare has 30 seconds left.
|l|☆platinumflare
|inactive|platinumflare disconnected and has a minute to reconnect!
|player|p1|
|inactive|platinumflare has 20 seconds left.
|j|☆platinumflare
|inactive|platinumflare reconnected and has 20 seconds left.
|player|p1|platinumflare|lance|
|inactive|platinumflare has 15 seconds left.
|
|t:|1785612666
|switch|p1a: Raichu|Raichu, L50, F|100/100|[from] U-turn
|
|-weather|Sandstorm|[upkeep]
|-damage|p1a: Raichu|94/100|[from] Sandstorm
|-damage|p1b: Basculegion|84/100|[from] Sandstorm
|upkeep
|
|t:|1785612675
|switch|p2b: Sinistcha|Sinistcha, L50|100/100
|turn|2
|
|t:|1785612698
|switch|p1b: Meowscarada|Meowscarada, L50, F|100/100
|detailschange|p1a: Raichu|Raichu-Mega-Y, L50, F
|-mega|p1a: Raichu|Raichu|Raichunite Y
|detailschange|p2a: Tyranitar|Tyranitar-Mega, L50, M
|-mega|p2a: Tyranitar|Tyranitar|Tyranitarite
|move|p1a: Raichu|Protect|p1a: Raichu
|-singleturn|p1a: Raichu|Protect
|move|p2b: Sinistcha|Rage Powder|p2b: Sinistcha
|-singleturn|p2b: Sinistcha|move: Rage Powder
|move|p2a: Tyranitar|Knock Off|p1b: Meowscarada
|-resisted|p1b: Meowscarada|1
|-crit|p1b: Meowscarada
|-damage|p1b: Meowscarada|31/100
|-enditem|p1b: Meowscarada|Choice Scarf|[from] move: Knock Off|[of] p2a: Tyranitar
|
|-weather|Sandstorm|[upkeep]
|-damage|p1b: Meowscarada|25/100|[from] Sandstorm
|-damage|p1a: Raichu|88/100|[from] Sandstorm
|-damage|p2b: Sinistcha|94/100|[from] Sandstorm
|upkeep
|turn|3
|inactive|platinumflare has 30 seconds left.
|inactive|platinumflare has 20 seconds left.
|inactive|platinumflare has 15 seconds left.
|
|t:|1785612739
|move|p2b: Sinistcha|Rage Powder|p2b: Sinistcha
|-singleturn|p2b: Sinistcha|move: Rage Powder
|move|p1b: Meowscarada|Triple Axel|p2b: Sinistcha
|-start|p1b: Meowscarada|typechange|Ice|[from] ability: Protean
|-supereffective|p2b: Sinistcha|1
|-damage|p2b: Sinistcha|77/100
|-supereffective|p2b: Sinistcha|1
|-damage|p2b: Sinistcha|48/100
|-supereffective|p2b: Sinistcha|1
|-damage|p2b: Sinistcha|1/100
|-hitcount|p2b: Sinistcha|3
|move|p1a: Raichu|Zap Cannon|p2b: Sinistcha
|-resisted|p2b: Sinistcha|1
|-damage|p2b: Sinistcha|0 fnt
|faint|p2b: Sinistcha
|move|p2a: Tyranitar|Knock Off|p1a: Raichu
|-damage|p1a: Raichu|35/100
|
|-weather|Sandstorm|[upkeep]
|-damage|p1b: Meowscarada|19/100|[from] Sandstorm
|-damage|p1a: Raichu|29/100|[from] Sandstorm
|upkeep
|
|t:|1785612756
|switch|p2b: Gholdengo|Gholdengo, L50|100/100
|turn|4
|inactive|AbadanRiyi92 has 30 seconds left.
|
|t:|1785612785
|move|p1b: Meowscarada|Throat Chop|p2b: Gholdengo
|-supereffective|p2b: Gholdengo|1
|-damage|p2b: Gholdengo|57/100
|-start|p2b: Gholdengo|Throat Chop|[silent]
|move|p1a: Raichu|Zap Cannon|p2b: Gholdengo
|-damage|p2b: Gholdengo|2/100
|-status|p2b: Gholdengo|par
|move|p2a: Tyranitar|Rock Slide|p1a: Raichu|[spread] p1a,p1b
|-supereffective|p1b: Meowscarada|1
|-damage|p1a: Raichu|0 fnt
|-damage|p1b: Meowscarada|0 fnt
|faint|p1a: Raichu
|faint|p1b: Meowscarada
|move|p2b: Gholdengo|Nasty Plot|p2b: Gholdengo
|-boost|p2b: Gholdengo|spa|2
|
|-weather|Sandstorm|[upkeep]
|upkeep
|
|t:|1785612795
|switch|p1b: Talonflame|Talonflame, L50, F|100/100
|switch|p1a: Basculegion|Basculegion, L50, M|84/100
|turn|5
|
|t:|1785612817
|move|p2b: Gholdengo|Protect|p2b: Gholdengo
|-singleturn|p2b: Gholdengo|Protect
|move|p1b: Talonflame|Flare Blitz|p2b: Gholdengo
|-activate|p2b: Gholdengo|move: Protect
|move|p2a: Tyranitar|Knock Off|p1a: Basculegion
|-supereffective|p1a: Basculegion|1
|-damage|p1a: Basculegion|0 fnt
|-enditem|p1a: Basculegion|Life Orb|[from] move: Knock Off|[of] p2a: Tyranitar
|faint|p1a: Basculegion
|
|-weather|none
|-end|p2b: Gholdengo|Throat Chop|[silent]
|upkeep
|turn|6
|
|t:|1785612833
|move|p1b: Talonflame|Flare Blitz|p2b: Gholdengo
|-supereffective|p2b: Gholdengo|1
|-damage|p2b: Gholdengo|0 fnt
|faint|p2b: Gholdengo
|-damage|p1b: Talonflame|99/100|[from] Recoil
|move|p2a: Tyranitar|Rock Slide|p1b: Talonflame
|-supereffective|p1b: Talonflame|2
|-damage|p1b: Talonflame|0 fnt
|faint|p1b: Talonflame
|
|win|AbadanRiyi92
||platinumflare is ready for game 2.
