|j|☆eriksp
|j|☆bman3111
|html|erikspbman3111    
|uhtml|bestof|Game 2 of a best-of-3
|t:|1783135672
|gametype|doubles
|player|p1|eriksp|cynthia-masters4|
|player|p2|bman3111|elesa-masters|
|gen|9
|tier|[Gen 9 Champions] VGC 2026 Reg M-B (Bo3)
|rule|Species Clause: Limit one of each Pokémon
|rule|Item Clause: Limit 1 of each item
|clearpoke
|poke|p1|Floette-Eternal, L50, F|
|poke|p1|Charizard, L50, F|
|poke|p1|Whimsicott, L50, M|
|poke|p1|Garchomp, L50, F|
|poke|p1|Basculegion, L50, M|
|poke|p1|Kingambit, L50, F|
|poke|p2|Incineroar, L50, M|
|poke|p2|Politoed, L50, M|
|poke|p2|Sinistcha, L50|
|poke|p2|Archaludon, L50, M|
|poke|p2|Sableye, L50, F|
|poke|p2|Gengar, L50, M|
|teampreview|4
|showteam|p1|Floette-Eternal||Floettite|FlowerVeil|Moonblast,DazzlingGleam,LightofRuin,Protect|Modest||F|||50|]Charizard||CharizarditeY|Blaze|HeatWave,WeatherBall,SolarBeam,Protect|Timid||F|||50|]Whimsicott||FocusSash|Prankster|Moonblast,Tailwind,Encore,Protect|Timid||M|||50|]Garchomp||LifeOrb|RoughSkin|DragonClaw,Earthquake,Protect,RockSlide|Jolly||F|||50|]Basculegion||MysticWater|Adaptability|WaveCrash,LastRespects,AquaJet,Protect|Adamant||M|||50|]Kingambit||ChopleBerry|Defiant|KowtowCleave,IronHead,SuckerPunch,LowKick|Adamant||F|||50|
|showteam|p2|Incineroar||ShucaBerry|Intimidate|FakeOut,ThroatChop,PartingShot,Protect|Careful||M|||50|]Politoed||SitrusBerry|Drizzle|MuddyWater,WeatherBall,IcyWind,Protect|Bold||M|||50|]Sinistcha||KasibBerry|Hospitality|MatchaGotcha,RagePowder,LifeDew,Protect|Calm|||||50|]Archaludon||Leftovers|Stamina|ElectroShot,DragonPulse,FlashCannon,Protect|Calm||M|||50|]Sableye||LightClay|Prankster|Reflect,LightScreen,RainDance,Encore|Calm||F|||50|]Gengar||Gengarite|CursedBody|ShadowBall,PerishSong,Disable,Protect|Timid||M|||50|
|inactive|Battle timer is ON: inactive players will automatically lose when time's up. (requested by bman3111)
|c|☆bman3111|btw i think the perish mode of the team is not a threat at all for u
|inactive|bman3111 has 60 seconds left.
|
|t:|1783135723
|teamsize|p1|4
|teamsize|p2|4
|start
|switch|p1a: Charizard|Charizard, L50, F|100/100
|switch|p1b: Garchomp|Garchomp, L50, F|100/100
|switch|p2a: Sableye|Sableye, L50, F|100/100
|switch|p2b: Incineroar|Incineroar, L50, M|100/100
|-ability|p2b: Incineroar|Intimidate|boost
|-unboost|p1a: Charizard|atk|1
|-unboost|p1b: Garchomp|atk|1
|turn|1
|c|☆eriksp|you're not talking at all and it scares me
|c|☆bman3111|i just said smth
|c|☆eriksp|is everything okay did i do something
|c|☆bman3111|am i muted?
|inactive|eriksp has 30 seconds left.
|c|☆bman3111|hello?
|
|t:|1783135753
|switch|p1a: Basculegion|Basculegion, L50, M|100/100
|move|p2b: Incineroar|Fake Out|p1a: Basculegion
|-immune|p1a: Basculegion
|move|p2a: Sableye|Reflect|p2a: Sableye
|-sidestart|p2: bman3111|Reflect
|move|p1b: Garchomp|Rock Slide|p2a: Sableye|[spread] p2a,p2b
|-supereffective|p2b: Incineroar|1
|-damage|p2a: Sableye|85/100
|-damage|p2b: Incineroar|82/100
|-damage|p1b: Garchomp|90/100|[from] item: Life Orb
|
|upkeep
|turn|2
|
|t:|1783135772
|switch|p1b: Kingambit|Kingambit, L50, F|100/100
|switch|p2b: Archaludon|Archaludon, L50, M|100/100
|move|p2a: Sableye|Encore|p1b: Kingambit
|-hint|Since gen 7, Dark is immune to Prankster moves.
|-immune|p1b: Kingambit
|move|p1a: Basculegion|Wave Crash|p2b: Archaludon
|-resisted|p2b: Archaludon|1
|-damage|p2b: Archaludon|75/100
|-ability|p2b: Archaludon|Stamina|boost
|-boost|p2b: Archaludon|def|1
|-damage|p1a: Basculegion|91/100|[from] Recoil
|
|-heal|p2b: Archaludon|81/100|[from] item: Leftovers
|upkeep
|turn|3
|inactive|bman3111 has 30 seconds left.
|inactive|bman3111 has 20 seconds left.
|
|t:|1783135808
|switch|p2a: Politoed|Politoed, L50, M|100/100
|-weather|RainDance|[from] ability: Drizzle|[of] p2a: Politoed
|move|p2b: Archaludon|Protect|p2b: Archaludon
|-singleturn|p2b: Archaludon|Protect
|move|p1a: Basculegion|Wave Crash|p2a: Politoed
|-resisted|p2a: Politoed|1
|-damage|p2a: Politoed|58/100
|-damage|p1a: Basculegion|77/100|[from] Recoil
|move|p1b: Kingambit|Kowtow Cleave|p2a: Politoed
|-crit|p2a: Politoed
|-damage|p2a: Politoed|0 fnt
|faint|p2a: Politoed
|
|-weather|RainDance|[upkeep]
|-heal|p2b: Archaludon|88/100|[from] item: Leftovers
|upkeep
|
|t:|1783135816
|switch|p2a: Sableye|Sableye, L50, F|85/100
|turn|4
|c|☆bman3111|o ok am i back
|inactive|eriksp has 30 seconds left.
|
|t:|1783135850
|move|p2a: Sableye|Light Screen|p2a: Sableye
|-sidestart|p2: bman3111|move: Light Screen
|move|p1a: Basculegion|Wave Crash|p2a: Sableye
|-damage|p2a: Sableye|0 fnt
|faint|p2a: Sableye
|-damage|p1a: Basculegion|55/100|[from] Recoil
|move|p2b: Archaludon|Electro Shot||[still]
|-prepare|p2b: Archaludon|Electro Shot
|-boost|p2b: Archaludon|spa|1
|-anim|p2b: Archaludon|Electro Shot|p1a: Basculegion
|-supereffective|p1a: Basculegion|1
|-crit|p1a: Basculegion
|-damage|p1a: Basculegion|0 fnt
|faint|p1a: Basculegion
|move|p1b: Kingambit|Low Kick|p2b: Archaludon
|-supereffective|p2b: Archaludon|1
|-damage|p2b: Archaludon|67/100
|-ability|p2b: Archaludon|Stamina|boost
|-boost|p2b: Archaludon|def|1
|
|-weather|RainDance|[upkeep]
|-heal|p2b: Archaludon|73/100|[from] item: Leftovers
|upkeep
|c|☆bman3111|wait can u c my messages from b4?
|
|t:|1783135868
|switch|p1a: Charizard|Charizard, L50, F|100/100
|switch|p2a: Incineroar|Incineroar, L50, M|82/100
|-ability|p2a: Incineroar|Intimidate|boost
|-unboost|p1a: Charizard|atk|1
|-unboost|p1b: Kingambit|atk|1
|-ability|p1b: Kingambit|Defiant|boost
|-boost|p1b: Kingambit|atk|2
|turn|5
|c|☆bman3111|i trolled this match so hard
|
|t:|1783135882
|move|p1a: Charizard|Protect|p1a: Charizard
|-singleturn|p1a: Charizard|Protect
|move|p2a: Incineroar|Fake Out|p1b: Kingambit
|-resisted|p1b: Kingambit|1
|-damage|p1b: Kingambit|96/100
|move|p2b: Archaludon|Dragon Pulse|p1a: Charizard
|-activate|p1a: Charizard|move: Protect
|cant|p1b: Kingambit|flinch
|
|-weather|RainDance|[upkeep]
|-heal|p2b: Archaludon|79/100|[from] item: Leftovers
|upkeep
|turn|6
|
|t:|1783135895
|switch|p1a: Garchomp|Garchomp, L50, F|90/100
|move|p2b: Archaludon|Protect|p2b: Archaludon
|-singleturn|p2b: Archaludon|Protect
|move|p2a: Incineroar|Parting Shot|p1a: Garchomp
|-unboost|p1a: Garchomp|atk|1
|-unboost|p1a: Garchomp|spa|1
|move|p1b: Kingambit|Low Kick|p2a: Incineroar
|-supereffective|p2a: Incineroar|1
|-crit|p2a: Incineroar
|-damage|p2a: Incineroar|0 fnt
|faint|p2a: Incineroar
|
|-weather|RainDance|[upkeep]
|-heal|p2b: Archaludon|85/100|[from] item: Leftovers
|upkeep
|turn|7
|c|☆bman3111|bruh
|
|t:|1783135909
|move|p1a: Garchomp|Dragon Claw|p2b: Archaludon
|-crit|p2b: Archaludon
|-damage|p2b: Archaludon|24/100
|-ability|p2b: Archaludon|Stamina|boost
|-boost|p2b: Archaludon|def|1
|-damage|p1a: Garchomp|80/100|[from] item: Life Orb
|move|p2b: Archaludon|Electro Shot||[still]
|-prepare|p2b: Archaludon|Electro Shot
|-boost|p2b: Archaludon|spa|1
|-anim|p2b: Archaludon|Electro Shot|p1b: Kingambit
|-damage|p1b: Kingambit|24/100
|move|p1b: Kingambit|Low Kick|p2b: Archaludon
|-supereffective|p2b: Archaludon|1
|-damage|p2b: Archaludon|7/100
|-ability|p2b: Archaludon|Stamina|boost
|-boost|p2b: Archaludon|def|1
|
|-weather|none
|-heal|p2b: Archaludon|13/100|[from] item: Leftovers
|upkeep
|turn|8
|c|☆bman3111|BRUH
|c|☆eriksp|FUCK YOUR SCREENS
|-message|bman3111 forfeited.
|
|win|eriksp
