|j|☆gostzin
|j|☆chefbenboyrd
|html|gostzinchefbenboyrd    
|uhtml|bestof|Game 1 of a best-of-3
|t:|1757021667
|gametype|doubles
|player|p1|gostzin|1|1138
|player|p2|chefbenboyrd|brawly|1131
|gen|9
|tier|[Gen 9] VGC 2025 Reg H (Bo3)
|rated|
|rule|Species Clause: Limit one of each Pokémon
|rule|Item Clause: Limit 1 of each item
|clearpoke
|poke|p1|Incineroar, L50, F|
|poke|p1|Volcarona, L50, F|
|poke|p1|Amoonguss, L50, F|
|poke|p1|Ninetales-Alola, L50, F|
|poke|p1|Ursaluna-Bloodmoon, L50, M|
|poke|p1|Dondozo, L50, F|
|poke|p2|Whimsicott, L50, M|
|poke|p2|Hydreigon, L50, F|
|poke|p2|Incineroar, L50, M|
|poke|p2|Gholdengo, L50|
|poke|p2|Annihilape, L50, F|
|poke|p2|Basculegion, L50, M|
|teampreview|4
|showteam|p1|Incineroar||SafetyGoggles|Intimidate|WillOWisp,FakeOut,Taunt,KnockOff|||F|||50|,,,,,Ghost]Volcarona||CovertCloak|FlameBody|QuiverDance,FieryDance,GigaDrain,Protect|||F|||50|,,,,,Fairy]Amoonguss||RockyHelmet|Regenerator|Spore,ClearSmog,PollenPuff,RagePowder|||F|||50|,,,,,Water]Ninetales-Alola||FocusSash|SnowWarning|Blizzard,Encore,IcyWind,AuroraVeil|||F|||50|,,,,,Ghost]Ursaluna-Bloodmoon||AssaultVest|MindsEye|BloodMoon,EarthPower,HyperVoice,VacuumWave|||M|||50|,,,,,Ghost]Dondozo||Leftovers|Unaware|Yawn,Protect,Liquidation,Curse|||F|||50|,,,,,Fire
|showteam|p2|Whimsicott||FocusSash|Prankster|SunnyDay,Encore,Tailwind,Moonblast|||M|||50|,,,,,Ghost]Hydreigon||ChoiceSpecs|Levitate|HeatWave,DracoMeteor,Snarl,DarkPulse|||F|||50|,,,,,Fire]Incineroar||SafetyGoggles|Intimidate|KnockOff,FakeOut,PartingShot,FlareBlitz|||M|||50|,,,,,Ghost]Gholdengo||LifeOrb|GoodasGold|Protect,MakeItRain,ShadowBall,NastyPlot||||||50|,,,,,Water]Annihilape||SitrusBerry|Defiant|Protect,Taunt,RageFist,DrainPunch|||F|||50|,,,,,Fire]Basculegion||ChoiceScarf|Adaptability|LastRespects,WaveCrash,AquaJet,FlipTurn|||M|||50|,,,,,Water
|inactive|Battle timer is ON: inactive players will automatically lose when time's up. (requested by gostzin)
|inactive|chefbenboyrd has 60 seconds left.
|
|t:|1757021718
|teamsize|p1|4
|teamsize|p2|4
|start
|switch|p1a: Dondozo|Dondozo, L50, F|100/100
|switch|p1b: Ursaluna|Ursaluna-Bloodmoon, L50, M|100/100
|switch|p2a: Annihilape|Annihilape, L50, F|100/100
|switch|p2b: Basculegion|Basculegion, L50, M|100/100
|turn|1
|
|t:|1757021742
|switch|p1b: Amoonguss|Amoonguss, L50, F|100/100
|-terastallize|p2b: Basculegion|Water
|move|p2b: Basculegion|Flip Turn|p1b: Amoonguss
|-resisted|p1b: Amoonguss
|-damage|p1b: Amoonguss|78/100
|-damage|p2b: Basculegion|84/100|[from] item: Rocky Helmet|[of] p1b: Amoonguss
|
|t:|1757021749
|switch|p2b: Hydreigon|Hydreigon, L50, F|100/100|[from] Flip Turn
|move|p2a: Annihilape|Taunt|p1a: Dondozo
|-start|p1a: Dondozo|move: Taunt
|cant|p1a: Dondozo|move: Taunt|Yawn
|
|upkeep
|turn|2
|
|t:|1757021767
|switch|p1a: Volcarona|Volcarona, L50, F, shiny|100/100
|move|p2a: Annihilape|Taunt|p1b: Amoonguss
|-start|p1b: Amoonguss|move: Taunt
|move|p2b: Hydreigon|Heat Wave|p1b: Amoonguss|[spread] p1a,p1b
|-supereffective|p1b: Amoonguss
|-damage|p1a: Volcarona|65/100
|-damage|p1b: Amoonguss|23/100
|move|p1b: Amoonguss|Pollen Puff|p1a: Volcarona
|-heal|p1a: Volcarona|100/100
|
|upkeep
|turn|3
|
|t:|1757021783
|switch|p1b: Dondozo|Dondozo, L50, F|100/100
|move|p1a: Volcarona|Fiery Dance|p2a: Annihilape
|-damage|p2a: Annihilape|69/100
|move|p2a: Annihilape|Taunt|p1a: Volcarona
|-start|p1a: Volcarona|move: Taunt
|move|p2b: Hydreigon|Heat Wave|p1b: Dondozo|[spread] p1a,p1b
|-resisted|p1b: Dondozo
|-damage|p1a: Volcarona|66/100
|-damage|p1b: Dondozo|86/100
|
|-heal|p1b: Dondozo|93/100|[from] item: Leftovers
|upkeep
|turn|4
|
|t:|1757021800
|move|p1a: Volcarona|Fiery Dance|p2a: Annihilape
|-damage|p2a: Annihilape|34/100
|-enditem|p2a: Annihilape|Sitrus Berry|[eat]
|-heal|p2a: Annihilape|59/100|[from] item: Sitrus Berry
|move|p2a: Annihilape|Taunt|p1b: Dondozo
|-start|p1b: Dondozo|move: Taunt
|move|p2b: Hydreigon|Heat Wave|p1a: Volcarona|[spread] p1a,p1b
|-resisted|p1b: Dondozo
|-damage|p1a: Volcarona|34/100
|-damage|p1b: Dondozo|77/100
|move|p1b: Dondozo|Liquidation|p2a: Annihilape
|-damage|p2a: Annihilape|28/100
|
|-heal|p1b: Dondozo|83/100|[from] item: Leftovers
|upkeep
|turn|5
|
|t:|1757021821
|move|p2a: Annihilape|Protect|p2a: Annihilape
|-singleturn|p2a: Annihilape|Protect
|move|p1a: Volcarona|Fiery Dance|p2a: Annihilape
|-activate|p2a: Annihilape|move: Protect
|move|p2b: Hydreigon|Heat Wave|p1a: Volcarona|[spread] p1a,p1b
|-resisted|p1b: Dondozo
|-damage|p1a: Volcarona|0 fnt
|-damage|p1b: Dondozo|69/100
|faint|p1a: Volcarona
|move|p1b: Dondozo|Liquidation|p2b: Hydreigon
|-resisted|p2b: Hydreigon
|-damage|p2b: Hydreigon|84/100
|
|-heal|p1b: Dondozo|75/100|[from] item: Leftovers
|upkeep
|
|t:|1757021834
|switch|p1a: Ursaluna|Ursaluna-Bloodmoon, L50, M|100/100
|turn|6
|
|t:|1757021847
|-terastallize|p1a: Ursaluna|Ghost
|move|p2a: Annihilape|Rage Fist|p1b: Dondozo
|-damage|p1b: Dondozo|33/100
|move|p2b: Hydreigon|Heat Wave|p1b: Dondozo|[spread] p1a,p1b
|-resisted|p1b: Dondozo
|-damage|p1a: Ursaluna|70/100
|-damage|p1b: Dondozo|17/100
|move|p1a: Ursaluna|Hyper Voice|p2b: Hydreigon|[spread] p2a,p2b
|-damage|p2a: Annihilape|0 fnt
|-damage|p2b: Hydreigon|40/100
|faint|p2a: Annihilape
|move|p1b: Dondozo|Liquidation|p2b: Hydreigon
|-resisted|p2b: Hydreigon
|-damage|p2b: Hydreigon|24/100
|
|-heal|p1b: Dondozo|23/100|[from] item: Leftovers
|-end|p1b: Dondozo|move: Taunt
|upkeep
|
|t:|1757021865
|switch|p2a: Basculegion|Basculegion, L50, M, tera:Water|84/100
|turn|7
|
|t:|1757021878
|switch|p2b: Gholdengo|Gholdengo, L50|100/100
|move|p1a: Ursaluna|Vacuum Wave|p2b: Gholdengo
|-supereffective|p2b: Gholdengo
|-damage|p2b: Gholdengo|65/100
|move|p2a: Basculegion|Last Respects|p1a: Ursaluna
|-supereffective|p1a: Ursaluna
|-damage|p1a: Ursaluna|0 fnt
|faint|p1a: Ursaluna
|move|p1b: Dondozo|Curse|p1b: Dondozo
|-unboost|p1b: Dondozo|spe|1
|-boost|p1b: Dondozo|atk|1
|-boost|p1b: Dondozo|def|1
|
|-heal|p1b: Dondozo|29/100|[from] item: Leftovers
|upkeep
|
|t:|1757021890
|switch|p1a: Amoonguss|Amoonguss, L50, F|57/100
|turn|8
|
|t:|1757021899
|move|p1a: Amoonguss|Rage Powder|p1a: Amoonguss
|-singleturn|p1a: Amoonguss|move: Rage Powder
|move|p2a: Basculegion|Last Respects|p1a: Amoonguss
|-damage|p1a: Amoonguss|12/100
|move|p2b: Gholdengo|Shadow Ball|p1a: Amoonguss
|-damage|p1a: Amoonguss|0 fnt
|faint|p1a: Amoonguss
|-damage|p2b: Gholdengo|55/100|[from] item: Life Orb
|move|p1b: Dondozo|Liquidation|p2b: Gholdengo
|-damage|p2b: Gholdengo|13/100
|
|-heal|p1b: Dondozo|35/100|[from] item: Leftovers
|upkeep
|turn|9
|
|t:|1757021913
|move|p1b: Dondozo|Protect|p1b: Dondozo
|-singleturn|p1b: Dondozo|Protect
|move|p2a: Basculegion|Last Respects|p1b: Dondozo
|-activate|p1b: Dondozo|move: Protect
|move|p2b: Gholdengo|Shadow Ball|p1b: Dondozo
|-activate|p1b: Dondozo|move: Protect
|
|-heal|p1b: Dondozo|42/100|[from] item: Leftovers
|upkeep
|turn|10
|
|t:|1757021924
|move|p2a: Basculegion|Last Respects|p1b: Dondozo
|-damage|p1b: Dondozo|25/100
|move|p2b: Gholdengo|Shadow Ball|p1b: Dondozo
|-damage|p1b: Dondozo|0 fnt
|faint|p1b: Dondozo
|-damage|p2b: Gholdengo|3/100|[from] item: Life Orb
|
|win|chefbenboyrd
||gostzin is ready for game 2.
