|j|☆notagamblingaddict
|j|☆sggsikgsklgnsklg
|html|notagamblingaddictsggsikgsklgnsklg    
|uhtml|bestof|Game 1 of a best-of-3
|t:|1784996231
|gametype|doubles
|player|p1|notagamblingaddict|drayton|
|player|p2|sggsikgsklgnsklg|2|
|gen|9
|tier|[Gen 9 Champions] VGC 2026 Reg M-B (Bo3)
|rule|Species Clause: Limit one of each Pokémon
|rule|Item Clause: Limit 1 of each item
|clearpoke
|poke|p1|Delphox, L50, F|
|poke|p1|Meowstic, L50, M|
|poke|p1|Garchomp, L50, M, shiny|
|poke|p1|Milotic, L50, F|
|poke|p1|Toxicroak, L50, F|
|poke|p1|Zoroark, L50, M|
|poke|p2|Incineroar, L50, F|
|poke|p2|Aerodactyl, L50, F|
|poke|p2|Rotom-Mow, L50|
|poke|p2|Goodra-Hisui, L50, M|
|poke|p2|Meowstic, L50, M|
|poke|p2|Zoroark, L50, M|
|teampreview|4
|showteam|p1|Delphox||Delphoxite|Blaze|HeatWave,ScorchingSands,Protect,NastyPlot|Timid||F|||50|]Meowstic||SitrusBerry|Prankster|Gravity,FakeOut,PsychicTerrain,ThunderWave|Careful||M|||50|]Garchomp||ChoiceScarf|RoughSkin|Earthquake,DragonClaw,BrickBreak,RockSlide|Adamant||M|||50|]Milotic||Leftovers|Competitive|MuddyWater,IceBeam,Coil,Recover|Modest||F|||50|]Toxicroak||FocusSash|PoisonTouch|CloseCombat,PoisonJab,FakeOut,Taunt|Adamant||F|||50|]Zoroark||LifeOrb|Illusion|Snarl,Taunt,FocusBlast,Encore|Timid||M|||50|
|showteam|p2|Incineroar||SitrusBerry|Intimidate|FakeOut,FlareBlitz,PartingShot,DarkestLariat|Adamant||F|||50|]Aerodactyl||FocusSash|Unnerve|RockSlide,DualWingbeat,Protect,Tailwind|Jolly||F|||50|]Rotom-Mow||ChoiceScarf|Levitate|VoltSwitch,Thunderbolt,LeafStorm,Electroweb|Timid|||||50|]Goodra-Hisui||Leftovers|ShellArmor|Shelter,BodyPress,HeavySlam,Protect|Bold||M|||50|]Meowstic||ExpertBelt|Prankster|Gravity,FakeOut,PsychicTerrain,ThunderWave|Careful||M|||50|]Zoroark||LifeOrb|Illusion|Snarl,Taunt,FocusBlast,Encore|Timid||M|||50|
|inactive|Battle timer is ON: inactive players will automatically lose when time's up. (requested by notagamblingaddict)
|
|t:|1784996237
|teamsize|p1|4
|teamsize|p2|4
|start
|switch|p1a: Delphox|Delphox, L50, F|100/100
|switch|p1b: Meowstic|Meowstic, L50, M|100/100
|switch|p2a: Aerodactyl|Aerodactyl, L50, F|100/100
|switch|p2b: Rotom|Rotom-Mow, L50|100/100
|-ability|p2a: Aerodactyl|Unnerve
|turn|1
|
|t:|1784996249
|switch|p2b: Incineroar|Incineroar, L50, F|100/100
|-ability|p2b: Incineroar|Intimidate|boost
|-unboost|p1a: Delphox|atk|1
|-unboost|p1b: Meowstic|atk|1
|detailschange|p1a: Delphox|Delphox-Mega, L50, F
|-mega|p1a: Delphox|Delphox|Delphoxite
|move|p1b: Meowstic|Fake Out|p2a: Aerodactyl
|-resisted|p2a: Aerodactyl|1
|-damage|p2a: Aerodactyl|97/100
|move|p1a: Delphox|Heat Wave|p2b: Incineroar|[spread] p2a,p2b
|-resisted|p2a: Aerodactyl|1
|-crit|p2a: Aerodactyl
|-resisted|p2b: Incineroar|1
|-damage|p2a: Aerodactyl|51/100
|-damage|p2b: Incineroar|81/100
|cant|p2a: Aerodactyl|flinch
|
|upkeep
|turn|2
|
|t:|1784996263
|switch|p1a: Milotic|Milotic, L50, F|100/100
|move|p2b: Incineroar|Fake Out|p1a: Milotic
|-damage|p1a: Milotic|83/100
|move|p1b: Meowstic|Thunder Wave|p2a: Aerodactyl
|-status|p2a: Aerodactyl|par
|move|p2a: Aerodactyl|Tailwind|p2a: Aerodactyl
|-sidestart|p2: sggsikgsklgnsklg|move: Tailwind
|
|-heal|p1a: Milotic|89/100|[from] item: Leftovers
|upkeep
|turn|3
|inactive|notagamblingaddict has 30 seconds left.
|inactive|sggsikgsklgnsklg has 30 seconds left.
|inactive|notagamblingaddict has 20 seconds left.
|inactive|sggsikgsklgnsklg has 20 seconds left.
|inactive|notagamblingaddict has 15 seconds left.
|inactive|sggsikgsklgnsklg has 15 seconds left.
|inactive|notagamblingaddict has 10 seconds left.
|inactive|sggsikgsklgnsklg has 10 seconds left.
|inactive|sggsikgsklgnsklg has 5 seconds left.
|inactiveoff|Battle timer is now OFF.
|
|t:|1784996319
|move|p1b: Meowstic|Psychic Terrain|p1b: Meowstic
|-fieldstart|move: Psychic Terrain
|move|p2a: Aerodactyl|Rock Slide|p1b: Meowstic|[spread] p1a,p1b
|-damage|p1a: Milotic|64/100
|-damage|p1b: Meowstic|70/100
|move|p2b: Incineroar|Darkest Lariat|p1a: Milotic
|-damage|p1a: Milotic|19/100
|move|p1a: Milotic|Muddy Water|p2b: Incineroar|[spread] p2a,p2b
|-supereffective|p2a: Aerodactyl|1
|-supereffective|p2b: Incineroar|1
|-damage|p2a: Aerodactyl|0 fnt
|-damage|p2b: Incineroar|24/100
|-unboost|p2b: Incineroar|accuracy|1
|-enditem|p2b: Incineroar|Sitrus Berry|[eat]
|-heal|p2b: Incineroar|49/100|[from] item: Sitrus Berry
|faint|p2a: Aerodactyl
|
|-heal|p1a: Milotic|25/100|[from] item: Leftovers
|upkeep
|
|t:|1784996364
|switch|p2a: Rotom|Rotom-Mow, L50|100/100
|turn|4
|
|t:|1784996379
|switch|p1a: Garchomp|Garchomp, L50, M, shiny|100/100
|move|p1b: Meowstic|Gravity|p1b: Meowstic
|-fieldstart|move: Gravity
|move|p2a: Rotom|Volt Switch|p1b: Meowstic
|-damage|p1b: Meowstic|43/100
|-enditem|p1b: Meowstic|Sitrus Berry|[eat]
|-heal|p1b: Meowstic|67/100|[from] item: Sitrus Berry
|
|t:|1784996387
|switch|p2a: Goodra|Goodra-Hisui, L50, M|100/100|[from] Volt Switch
|move|p2b: Incineroar|Darkest Lariat|p1a: Garchomp
|-damage|p1a: Garchomp|57/100
|-damage|p2b: Incineroar|37/100|[from] ability: Rough Skin|[of] p1a: Garchomp
|
|upkeep
|turn|5
|
|t:|1784996408
|switch|p1a: Milotic|Milotic, L50, F|25/100
|move|p1b: Meowstic|Thunder Wave|p2a: Goodra
|-activate|p2a: Goodra|move: Psychic Terrain
|move|p2a: Goodra|Body Press|p1a: Milotic
|-damage|p1a: Milotic|0 fnt
|faint|p1a: Milotic
|move|p2b: Incineroar|Darkest Lariat|p1b: Meowstic
|-supereffective|p1b: Meowstic|1
|-damage|p1b: Meowstic|0 fnt
|faint|p1b: Meowstic
|
|-sideend|p2: sggsikgsklgnsklg|move: Tailwind
|upkeep
|
|t:|1784996417
|switch|p1b: Delphox|Delphox-Mega, L50, F|100/100
|switch|p1a: Garchomp|Garchomp, L50, M, shiny|57/100
|turn|6
|
|t:|1784996443
|move|p1a: Garchomp|Dragon Claw|p2b: Incineroar
|-damage|p2b: Incineroar|0 fnt
|faint|p2b: Incineroar
|move|p1b: Delphox|Nasty Plot|p1b: Delphox
|-boost|p1b: Delphox|spa|2
|move|p2a: Goodra|Body Press|p1a: Garchomp
|-damage|p1a: Garchomp|33/100
|-damage|p2a: Goodra|87/100|[from] ability: Rough Skin|[of] p1a: Garchomp
|
|-heal|p2a: Goodra|93/100|[from] item: Leftovers
|upkeep
|
|t:|1784996454
|switch|p2b: Rotom|Rotom-Mow, L50|100/100
|turn|7
|
|t:|1784996471
|move|p1a: Garchomp|Dragon Claw|p2a: Goodra
|-damage|p2a: Goodra|61/100
|move|p2b: Rotom|Thunderbolt|p1b: Delphox
|-damage|p1b: Delphox|60/100
|move|p1b: Delphox|Heat Wave|p2b: Rotom|[spread] p2a,p2b
|-supereffective|p2b: Rotom|1
|-damage|p2a: Goodra|8/100
|-damage|p2b: Rotom|0 fnt
|-status|p2a: Goodra|brn
|faint|p2b: Rotom
|move|p2a: Goodra|Heavy Slam|p1b: Delphox
|-resisted|p1b: Delphox|1
|-damage|p1b: Delphox|46/100
|
|-heal|p2a: Goodra|13/100 brn|[from] item: Leftovers
|-damage|p2a: Goodra|8/100 brn|[from] brn
|-fieldend|move: Psychic Terrain
|upkeep
|turn|8
|
|t:|1784996484
|move|p1a: Garchomp|Dragon Claw|p2a: Goodra
|-damage|p2a: Goodra|0 fnt
|faint|p2a: Goodra
|
|win|notagamblingaddict
