|j|☆PandaMXL
|j|☆1208wither
|html|PandaMXL1208wither    
|uhtml|bestof|Game 1 of a best-of-3
|t:|1784688850
|gametype|doubles
|player|p1|PandaMXL|chuck|1034
|player|p2|1208wither|2|1045
|gen|9
|tier|[Gen 9 Champions] VGC 2026 Reg M-B (Bo3)
|rated|
|rule|Species Clause: Limit one of each Pokémon
|rule|Item Clause: Limit 1 of each item
|clearpoke
|poke|p1|Grimmsnarl, L50, M, shiny|
|poke|p1|Sneasler, L50, F, shiny|
|poke|p1|Staraptor, L50, M, shiny|
|poke|p1|Whimsicott, L50, M, shiny|
|poke|p1|Klefki, L50, F, shiny|
|poke|p1|Incineroar, L50, M, shiny|
|poke|p2|Archaludon, L50, M|
|poke|p2|Pelipper, L50, F|
|poke|p2|Sinistcha, L50|
|poke|p2|Basculegion, L50, M|
|poke|p2|Swampert, L50, F|
|poke|p2|Wyrdeer, L50, M|
|teampreview|4
|showteam|p1|Grimmsnarl||LightClay|Prankster|PlayRough,Reflect,LightScreen,PartingShot|Impish||M|||50|]Sneasler||WhiteHerb|PoisonTouch|FakeOut,CloseCombat,DireClaw,Protect|Jolly||F|||50|]Staraptor||Staraptite|Intimidate|BraveBird,CloseCombat,Roost,Protect|Impish||M|||50|]Whimsicott||FocusSash|Prankster|Moonblast,SunnyDay,TrickRoom,EnergyBall|Modest||M|||50|]Klefki||Leftovers|Prankster|RainDance,DrainingKiss,CalmMind,FairyLock|Bold||F|||50|]Incineroar||SitrusBerry|Intimidate|FakeOut,CloseCombat,FlareBlitz,ThroatChop|Careful||M|||50|
|showteam|p2|Archaludon||Leftovers|Stamina|ElectroShot,DragonPulse,FlashCannon,Protect|Timid||M|||50|]Pelipper||FocusSash|Drizzle|Hurricane,Uturn,IceBeam,WideGuard|Modest||F|||50|]Sinistcha||SitrusBerry|Hospitality|MatchaGotcha,RagePowder,Protect,ShadowBall|Bold|||||50|]Basculegion||MentalHerb|SwiftSwim|LastRespects,AquaJet,WaveCrash,PsychicFangs|Adamant||M|||50|]Swampert||Swampertite|Torrent|WaveCrash,Earthquake,IcePunch,Protect|Adamant||F|||50|]Wyrdeer||ColburBerry|SapSipper|SkillSwap,Protect,ThroatChop,DoubleEdge|Careful||M|||50|
|inactive|Battle timer is ON: inactive players will automatically lose when time's up. (requested by PandaMXL)
|inactive|PandaMXL has 60 seconds left.
|inactive|PandaMXL has 30 seconds left.
|
|t:|1784688912
|teamsize|p1|4
|teamsize|p2|4
|start
|switch|p1a: Incineroar|Incineroar, L50, M, shiny|100/100
|switch|p1b: Sneasler|Sneasler, L50, F, shiny|100/100
|switch|p2a: Swampert|Swampert, L50, F|100/100
|switch|p2b: Wyrdeer|Wyrdeer, L50, M|100/100
|-ability|p1a: Incineroar|Intimidate|boost
|-unboost|p2a: Swampert|atk|1
|-unboost|p2b: Wyrdeer|atk|1
|turn|1
|inactive|PandaMXL has 30 seconds left.
|inactive|PandaMXL has 20 seconds left.
|inactive|PandaMXL has 15 seconds left.
|
|t:|1784688954
|detailschange|p2a: Swampert|Swampert-Mega, L50, F
|-mega|p2a: Swampert|Swampert|Swampertite
|move|p2a: Swampert|Protect|p2a: Swampert
|-singleturn|p2a: Swampert|Protect
|move|p2b: Wyrdeer|Protect|p2b: Wyrdeer
|-singleturn|p2b: Wyrdeer|Protect
|move|p1b: Sneasler|Fake Out|p2b: Wyrdeer
|-activate|p2b: Wyrdeer|move: Protect
|move|p1a: Incineroar|Fake Out|p2a: Swampert
|-activate|p2a: Swampert|move: Protect
|
|upkeep
|turn|2
|
|t:|1784688977
|switch|p1b: Staraptor|Staraptor, L50, M, shiny|100/100
|-ability|p1b: Staraptor|Intimidate|boost
|-unboost|p2a: Swampert|atk|1
|-unboost|p2b: Wyrdeer|atk|1
|switch|p1a: Whimsicott|Whimsicott, L50, M, shiny|100/100
|move|p2a: Swampert|Earthquake|p1a: Whimsicott|[spread] p2b,p1a
|-immune|p1b: Staraptor
|-resisted|p1a: Whimsicott|1
|-damage|p2b: Wyrdeer|70/100
|-damage|p1a: Whimsicott|81/100
|move|p2b: Wyrdeer|Skill Swap|p2a: Swampert
|-activate|p2b: Wyrdeer|Skill Swap|||[of] p2a: Swampert
|
|upkeep
|turn|3
|inactive|PandaMXL has 30 seconds left.
|
|t:|1784689008
|detailschange|p1b: Staraptor|Staraptor-Mega, L50, M, shiny
|-mega|p1b: Staraptor|Staraptor|Staraptite
|move|p1a: Whimsicott|Energy Ball|p2a: Swampert
|-ability|p2a: Swampert|Sap Sipper|boost
|-boost|p2a: Swampert|atk|1
|move|p1b: Staraptor|Close Combat|p2b: Wyrdeer
|-damage|p2b: Wyrdeer|10/100
|-boost|p1b: Staraptor|def|1
|-boost|p1b: Staraptor|spd|1
|move|p2a: Swampert|Ice Punch|p1b: Staraptor
|-supereffective|p1b: Staraptor|1
|-damage|p1b: Staraptor|77/100
|move|p2b: Wyrdeer|Skill Swap|p1b: Staraptor
|-activate|p2b: Wyrdeer|Skill Swap|Contrary|Swift Swim|[of] p1b: Staraptor
|
|upkeep
|turn|4
|
|t:|1784689033
|move|p1a: Whimsicott|Moonblast|p2a: Swampert
|-damage|p2a: Swampert|66/100
|move|p1b: Staraptor|Close Combat|p2b: Wyrdeer
|-damage|p2b: Wyrdeer|0 fnt
|-unboost|p1b: Staraptor|def|1
|-unboost|p1b: Staraptor|spd|1
|faint|p2b: Wyrdeer
|move|p2a: Swampert|Ice Punch|p1b: Staraptor
|-supereffective|p1b: Staraptor|1
|-damage|p1b: Staraptor|42/100
|
|upkeep
|
|t:|1784689044
|switch|p2b: Sinistcha|Sinistcha, L50|100/100
|-heal|p2a: Swampert|90/100|[from] ability: Hospitality|[of] p2b: Sinistcha
|turn|5
|inactive|PandaMXL has 30 seconds left.
|
|t:|1784689072
|switch|p1a: Incineroar|Incineroar, L50, M, shiny|100/100
|-ability|p1a: Incineroar|Intimidate|boost
|-unboost|p2a: Swampert|atk|1
|-unboost|p2b: Sinistcha|atk|1
|move|p1b: Staraptor|Protect|p1b: Staraptor
|-singleturn|p1b: Staraptor|Protect
|move|p2b: Sinistcha|Protect|p2b: Sinistcha
|-singleturn|p2b: Sinistcha|Protect
|move|p2a: Swampert|Ice Punch|p1b: Staraptor
|-activate|p1b: Staraptor|move: Protect
|
|upkeep
|turn|6
|inactive|PandaMXL has 30 seconds left.
|inactive|PandaMXL has 20 seconds left.
|
|t:|1784689108
|switch|p1b: Sneasler|Sneasler, L50, F, shiny|100/100
|switch|p2b: Pelipper|Pelipper, L50, F|100/100
|-weather|RainDance|[from] ability: Drizzle|[of] p2b: Pelipper
|move|p2a: Swampert|Wave Crash|p1a: Incineroar
|-supereffective|p1a: Incineroar|1
|-damage|p1a: Incineroar|0 fnt
|faint|p1a: Incineroar
|-damage|p2a: Swampert|57/100|[from] Recoil
|
|-weather|RainDance|[upkeep]
|upkeep
|
|t:|1784689121
|switch|p1a: Whimsicott|Whimsicott, L50, M, shiny|81/100
|turn|7
|
|t:|1784689139
|switch|p2a: Sinistcha|Sinistcha, L50|100/100
|move|p1a: Whimsicott|Sunny Day|p1a: Whimsicott
|-weather|SunnyDay
|move|p1b: Sneasler|Close Combat|p2a: Sinistcha
|-immune|p2a: Sinistcha
|move|p2b: Pelipper|Hurricane|p1a: Whimsicott
|-supereffective|p1a: Whimsicott|1
|-damage|p1a: Whimsicott|0 fnt
|faint|p1a: Whimsicott
|
|-weather|SunnyDay|[upkeep]
|upkeep
|
|t:|1784689150
|switch|p1a: Staraptor|Staraptor-Mega, L50, M, shiny|42/100
|turn|8
|
|t:|1784689161
|move|p2a: Sinistcha|Protect|p2a: Sinistcha
|-singleturn|p2a: Sinistcha|Protect
|move|p1b: Sneasler|Dire Claw|p2a: Sinistcha
|-activate|p2a: Sinistcha|move: Protect
|move|p1a: Staraptor|Roost|p1a: Staraptor
|-heal|p1a: Staraptor|92/100
|-singleturn|p1a: Staraptor|move: Roost
|move|p2b: Pelipper|U-turn|p1a: Staraptor
|-resisted|p1a: Staraptor|1
|-damage|p1a: Staraptor|89/100
|
|t:|1784689172
|switch|p2b: Swampert|Swampert-Mega, L50, F|57/100|[from] U-turn
|
|-weather|SunnyDay|[upkeep]
|upkeep
|turn|9
|
|t:|1784689191
|switch|p2a: Pelipper|Pelipper, L50, F|100/100
|-weather|RainDance|[from] ability: Drizzle|[of] p2a: Pelipper
|move|p2b: Swampert|Protect|p2b: Swampert
|-singleturn|p2b: Swampert|Protect
|move|p1b: Sneasler|Close Combat|p2b: Swampert
|-activate|p2b: Swampert|move: Protect
|move|p1a: Staraptor|Brave Bird|p2b: Swampert
|-activate|p2b: Swampert|move: Protect
|
|-weather|RainDance|[upkeep]
|upkeep
|turn|10
|
|t:|1784689209
|switch|p2a: Sinistcha|Sinistcha, L50|100/100
|-heal|p2b: Swampert|82/100|[from] ability: Hospitality|[of] p2a: Sinistcha
|move|p1b: Sneasler|Close Combat|p2b: Swampert
|-damage|p2b: Swampert|24/100
|-unboost|p1b: Sneasler|def|1
|-unboost|p1b: Sneasler|spd|1
|-enditem|p1b: Sneasler|White Herb
|-clearnegativeboost|p1b: Sneasler|[silent]
|move|p2b: Swampert|Earthquake|p1b: Sneasler|[spread] p2a,p1b
|-immune|p1a: Staraptor
|-resisted|p2a: Sinistcha|1
|-supereffective|p1b: Sneasler|1
|-damage|p2a: Sinistcha|84/100
|-damage|p1b: Sneasler|0 fnt
|faint|p1b: Sneasler
|move|p1a: Staraptor|Brave Bird|p2b: Swampert
|-damage|p2b: Swampert|0 fnt
|faint|p2b: Swampert
|-damage|p1a: Staraptor|80/100|[from] Recoil
|
|-weather|RainDance|[upkeep]
|upkeep
|
|t:|1784689228
|switch|p2b: Pelipper|Pelipper, L50, F|100/100
|turn|11
|
|t:|1784689246
|move|p1a: Staraptor|Close Combat|p2b: Pelipper
|-resisted|p2b: Pelipper|1
|-damage|p2b: Pelipper|68/100
|-boost|p1a: Staraptor|def|1
|-boost|p1a: Staraptor|spd|1
|move|p2a: Sinistcha|Shadow Ball|p1a: Staraptor
|-damage|p1a: Staraptor|61/100
|move|p2b: Pelipper|Ice Beam|p1a: Staraptor
|-supereffective|p1a: Staraptor|1
|-damage|p1a: Staraptor|28/100
|
|-weather|RainDance|[upkeep]
|upkeep
|turn|12
|
|t:|1784689266
|move|p1a: Staraptor|Roost|p1a: Staraptor
|-heal|p1a: Staraptor|78/100
|-singleturn|p1a: Staraptor|move: Roost
|move|p2a: Sinistcha|Shadow Ball|p1a: Staraptor
|-damage|p1a: Staraptor|57/100
|move|p2b: Pelipper|Hurricane|p1a: Staraptor
|-supereffective|p1a: Staraptor|1
|-damage|p1a: Staraptor|1/100
|
|-weather|RainDance|[upkeep]
|upkeep
|turn|13
|
|t:|1784689289
|move|p1a: Staraptor|Roost|p1a: Staraptor
|-heal|p1a: Staraptor|50/100g
|-singleturn|p1a: Staraptor|move: Roost
|move|p2a: Sinistcha|Shadow Ball|p1a: Staraptor
|-damage|p1a: Staraptor|30/100
|-boost|p1a: Staraptor|spd|1
|move|p2b: Pelipper|Hurricane|p1a: Staraptor
|-supereffective|p1a: Staraptor|1
|-damage|p1a: Staraptor|0 fnt
|faint|p1a: Staraptor
|
|win|1208wither
|l|☆PandaMXL
|player|p1|
|raw|PandaMXL's rating: 1034 → 1019(-15 for losing)
|raw|1208wither's rating: 1045 → 1077(+32 for winning)
