|j|☆shrithegreat
|j|☆fly butterfly fly
|html|shrithegreatfly butterfly fly    
|uhtml|bestof|Game 3 of a best-of-3
|t:|1782359615
|gametype|doubles
|player|p1|shrithegreat|102|1076
|player|p2|fly butterfly fly|101|1140
|gen|9
|tier|[Gen 9 Champions] VGC 2026 Reg M-B (Bo3)
|rated|
|rule|Species Clause: Limit one of each Pokémon
|rule|Item Clause: Limit 1 of each item
|clearpoke
|poke|p1|Gengar, L50, F|
|poke|p1|Incineroar, L50, M|
|poke|p1|Whimsicott, L50, F|
|poke|p1|Politoed, L50, M|
|poke|p1|Floette-Eternal, L50, F|
|poke|p1|Archaludon, L50, M|
|poke|p2|Kangaskhan, L50, F|
|poke|p2|Farigiraf, L50, M|
|poke|p2|Torkoal, L50, M|
|poke|p2|Vileplume, L50, M|
|poke|p2|Kommo-o, L50, M|
|poke|p2|Pyroar, L50, F|
|teampreview|4
|showteam|p1|Gengar||Gengarite|CursedBody|Protect,SludgeBomb,ShadowBall,PerishSong|Modest||F|||50|]Incineroar||Leftovers|Intimidate|FakeOut,Protect,PartingShot,DarkestLariat|Sassy||M|||50|]Whimsicott||FocusSash|Prankster|Protect,Tailwind,Moonblast,Encore|Timid||F|||50|]Politoed||SitrusBerry|Drizzle|Protect,PerishSong,WeatherBall,HelpingHand|Calm||M|||50|]Floette-Eternal||Floettite|Symbiosis|Protect,Moonblast,DazzlingGleam,LightofRuin|Timid||F|||50|]Archaludon||Magnet|Sturdy|Protect,ElectroShot,FlashCannon,DragonPulse|Timid||M|||50|
|showteam|p2|Kangaskhan||SilkScarf|Scrappy|FakeOut,LastResort|Adamant||F|||50|]Farigiraf||ColburBerry|ArmorTail|Psychic,Thunderbolt,Protect,TrickRoom|Bold||M|||50|]Torkoal||Charcoal|Drought|Eruption,WeatherBall,HelpingHand,Protect|Quiet||M|||50|]Vileplume||FocusSash|Chlorophyll|SleepPowder,EnergyBall,SludgeBomb,AfterYou|Timid||M|||50|]Kommo-o||HabanBerry|Overcoat|ClangingScales,AuraSphere,ClangorousSoul,Protect|Modest||M|||50|]Pyroar||Pyroarite|Unnerve|HeatWave,Overheat,ScorchingSands,Protect|Timid||F|||50|
|inactive|Battle timer is ON: inactive players will automatically lose when time's up. (requested by shrithegreat)
|
|t:|1782359645
|teamsize|p1|4
|teamsize|p2|4
|start
|switch|p1a: Gengar|Gengar, L50, F|100/100
|switch|p1b: Politoed|Politoed, L50, M|100/100
|switch|p2a: Kangaskhan|Kangaskhan, L50, F|100/100
|switch|p2b: Farigiraf|Farigiraf, L50, M|100/100
|-weather|RainDance|[from] ability: Drizzle|[of] p1b: Politoed
|turn|1
|
|t:|1782359663
|detailschange|p1a: Gengar|Gengar-Mega, L50, F
|-mega|p1a: Gengar|Gengar|Gengarite
|move|p2a: Kangaskhan|Fake Out|p1a: Gengar
|-damage|p1a: Gengar|62/100
|cant|p1a: Gengar|flinch
|move|p1b: Politoed|Perish Song|p1b: Politoed
|-start|p1a: Gengar|perish3|[silent]
|-start|p1b: Politoed|perish3|[silent]
|-start|p2a: Kangaskhan|perish3|[silent]
|-start|p2b: Farigiraf|perish3|[silent]
|-fieldactivate|move: Perish Song
|move|p2b: Farigiraf|Trick Room|p2b: Farigiraf
|-fieldstart|move: Trick Room|[of] p2b: Farigiraf
|
|-weather|RainDance|[upkeep]
|-start|p2b: Farigiraf|perish3
|-start|p1b: Politoed|perish3
|-start|p2a: Kangaskhan|perish3
|-start|p1a: Gengar|perish3
|upkeep
|turn|2
|
|t:|1782359677
|switch|p1b: Incineroar|Incineroar, L50, M|100/100
|-ability|p1b: Incineroar|Intimidate|boost
|-fail|p2a: Kangaskhan|unboost|Attack|[from] ability: Scrappy|[of] p2a: Kangaskhan
|-unboost|p2b: Farigiraf|atk|1
|move|p1a: Gengar|Protect|p1a: Gengar
|-singleturn|p1a: Gengar|Protect
|move|p2b: Farigiraf|Psychic|p1a: Gengar
|-activate|p1a: Gengar|move: Protect
|move|p2a: Kangaskhan|Last Resort|p1b: Incineroar
|-damage|p1b: Incineroar|34/100
|
|-weather|RainDance|[upkeep]
|-heal|p1b: Incineroar|40/100|[from] item: Leftovers
|-start|p2b: Farigiraf|perish2
|-start|p2a: Kangaskhan|perish2
|-start|p1a: Gengar|perish2
|upkeep
|turn|3
|
|t:|1782359698
|switch|p1a: Politoed|Politoed, L50, M|100/100
|move|p1b: Incineroar|Parting Shot|p2a: Kangaskhan
|-unboost|p2a: Kangaskhan|atk|1
|-unboost|p2a: Kangaskhan|spa|1
|
|t:|1782359707
|switch|p1b: Archaludon|Archaludon, L50, M|100/100|[from] Parting Shot
|move|p2b: Farigiraf|Psychic|p1a: Politoed
|-damage|p1a: Politoed|74/100
|move|p2a: Kangaskhan|Last Resort|p1b: Archaludon
|-resisted|p1b: Archaludon|1
|-damage|p1b: Archaludon|77/100
|
|-weather|RainDance|[upkeep]
|-start|p2b: Farigiraf|perish1
|-start|p2a: Kangaskhan|perish1
|upkeep
|turn|4
|
|t:|1782359723
|switch|p1a: Gengar|Gengar-Mega, L50, F|62/100
|move|p2b: Farigiraf|Thunderbolt|p1a: Gengar
|-damage|p1a: Gengar|29/100
|move|p2a: Kangaskhan|Last Resort|p1a: Gengar
|-damage|p1a: Gengar|0 fnt
|faint|p1a: Gengar
|move|p1b: Archaludon|Dragon Pulse|p2a: Kangaskhan
|-damage|p2a: Kangaskhan|54/100
|
|-weather|RainDance|[upkeep]
|-start|p2b: Farigiraf|perish0
|-start|p2a: Kangaskhan|perish0
|faint|p2b: Farigiraf
|faint|p2a: Kangaskhan
|upkeep
|
|t:|1782359737
|switch|p2b: Kommo-o|Kommo-o, L50, M|100/100
|switch|p2a: Torkoal|Torkoal, L50, M|100/100
|switch|p1a: Politoed|Politoed, L50, M|74/100
|-weather|SunnyDay|[from] ability: Drought|[of] p2a: Torkoal
|-weather|RainDance|[from] ability: Drizzle|[of] p1a: Politoed
|turn|5
|inactive|fly butterfly fly has 30 seconds left.
|inactive|fly butterfly fly has 20 seconds left.
|
|t:|1782359772
|move|p2a: Torkoal|Weather Ball|p1a: Politoed
|-resisted|p1a: Politoed|1
|-damage|p1a: Politoed|58/100
|move|p1a: Politoed|Perish Song|p1a: Politoed
|-start|p1a: Politoed|perish3|[silent]
|-start|p1b: Archaludon|perish3|[silent]
|-start|p2a: Torkoal|perish3|[silent]
|-start|p2b: Kommo-o|perish3|[silent]
|-fieldactivate|move: Perish Song
|move|p2b: Kommo-o|Aura Sphere|p1b: Archaludon
|-supereffective|p1b: Archaludon|1
|-damage|p1b: Archaludon|0 fnt
|faint|p1b: Archaludon
|
|-weather|RainDance|[upkeep]
|-start|p2a: Torkoal|perish3
|-start|p1a: Politoed|perish3
|-start|p2b: Kommo-o|perish3
|-fieldend|move: Trick Room
|upkeep
|
|t:|1782359785
|switch|p1b: Incineroar|Incineroar, L50, M|40/100
|-ability|p1b: Incineroar|Intimidate|boost
|-unboost|p2a: Torkoal|atk|1
|-unboost|p2b: Kommo-o|atk|1
|turn|6
|
|t:|1782359796
|move|p1b: Incineroar|Fake Out|p2b: Kommo-o
|-damage|p2b: Kommo-o|92/100
|cant|p2b: Kommo-o|flinch
|move|p1a: Politoed|Weather Ball|p2a: Torkoal
|-supereffective|p2a: Torkoal|1
|-damage|p2a: Torkoal|0 fnt
|faint|p2a: Torkoal
|
|-weather|RainDance|[upkeep]
|-heal|p1b: Incineroar|46/100|[from] item: Leftovers
|-start|p2b: Kommo-o|perish2
|-start|p1a: Politoed|perish2
|upkeep
|turn|7
|
|t:|1782359818
|move|p1a: Politoed|Protect|p1a: Politoed
|-singleturn|p1a: Politoed|Protect
|move|p2b: Kommo-o|Clangorous Soul|p2b: Kommo-o
|-boost|p2b: Kommo-o|atk|1
|-boost|p2b: Kommo-o|def|1
|-boost|p2b: Kommo-o|spa|1
|-boost|p2b: Kommo-o|spd|1
|-boost|p2b: Kommo-o|spe|1
|-damage|p2b: Kommo-o|59/100
|move|p1b: Incineroar|Parting Shot|p2b: Kommo-o
|-unboost|p2b: Kommo-o|atk|1
|-unboost|p2b: Kommo-o|spa|1
|
|-weather|RainDance|[upkeep]
|-heal|p1b: Incineroar|51/100|[from] item: Leftovers
|-start|p2b: Kommo-o|perish1
|-start|p1a: Politoed|perish1
|upkeep
|turn|8
|
|t:|1782359834
|move|p1b: Incineroar|Protect|p1b: Incineroar
|-singleturn|p1b: Incineroar|Protect
|move|p2b: Kommo-o|Clanging Scales|p1a: Politoed|[spread] p1a
|-activate|p1b: Incineroar|move: Protect
|-damage|p1a: Politoed|33/100
|-enditem|p1a: Politoed|Sitrus Berry|[eat]
|-heal|p1a: Politoed|58/100|[from] item: Sitrus Berry
|-unboost|p2b: Kommo-o|def|1
|move|p1a: Politoed|Weather Ball|p2b: Kommo-o
|-resisted|p2b: Kommo-o|1
|-damage|p2b: Kommo-o|41/100
|
|-weather|RainDance|[upkeep]
|-heal|p1b: Incineroar|57/100|[from] item: Leftovers
|-start|p2b: Kommo-o|perish0
|-start|p1a: Politoed|perish0
|faint|p2b: Kommo-o
|faint|p1a: Politoed
|
|win|shrithegreat
|raw|shrithegreat's rating: 1076 → 1110(+34 for winning)
|raw|fly butterfly fly's rating: 1140 → 1110(-30 for losing)
