|j|‽Sawadaburner
|j|☆Pranag140
|html|SawadaburnerPranag140    
|uhtml|bestof|Game 2 of a best-of-3
|t:|1756715736
|gametype|doubles
|player|p1|Sawadaburner|266|1215
|player|p2|Pranag140|2|1167
|gen|9
|tier|[Gen 9] VGC 2025 Reg H (Bo3)
|rated|
|rule|Species Clause: Limit one of each Pokémon
|rule|Item Clause: Limit 1 of each item
|clearpoke
|poke|p1|Porygon2, L50|
|poke|p1|Incineroar, L50, F|
|poke|p1|Ursaluna, L50, M|
|poke|p1|Jumpluff, L50, F|
|poke|p1|Charizard, L50, F|
|poke|p1|Torkoal, L50, M|
|poke|p2|Archaludon, L50, M|
|poke|p2|Kingdra, L50, F|
|poke|p2|Politoed, L50, M|
|poke|p2|Gothitelle, L50, M|
|poke|p2|Amoonguss, L50, F|
|poke|p2|Incineroar, L50, M|
|teampreview|4
|showteam|p1|Porygon2||Eviolite|Download|TeraBlast,IceBeam,TrickRoom,Recover||||||50|,,,,,Fighting]Incineroar||SitrusBerry|Intimidate|FakeOut,KnockOff,FlareBlitz,PartingShot|||F|||50|,,,,,Ghost]Ursaluna||FlameOrb|Guts|HeadlongRush,Facade,Earthquake,Protect|||M|||50|,,,,,Ghost]Jumpluff||CovertCloak|Chlorophyll|RagePowder,SunnyDay,Tailwind,SleepPowder|||F|||50|,,,,,Water]Charizard||ChoiceSpecs|SolarPower|HeatWave,Overheat,WeatherBall,AirSlash|||F|||50|,,,,,Ghost]Torkoal||EjectPack|Drought|Overheat,Eruption,HelpingHand,Protect|||M|||50|,,,,,Fire
|showteam|p2|Archaludon||PowerHerb|Sturdy|Protect,ElectroShot,FlashCannon,DragonPulse|||M|||50|,,,,,Electric]Kingdra||LifeOrb|SwiftSwim|Protect,DracoMeteor,WeatherBall,MuddyWater|||F|||50|,,,,,Stellar]Politoed||Leftovers|Drizzle|Protect,WeatherBall,PerishSong,Encore|||M|||50|,,,,,Grass]Gothitelle||SitrusBerry|ShadowTag|FakeOut,Protect,Psychic,TrickRoom|||M|||50|,,,,,Dark]Amoonguss||EjectButton|Regenerator|Protect,Spore,RagePowder,PollenPuff|||F|||50|,,,,,Fairy]Incineroar||SafetyGoggles|Intimidate|FakeOut,KnockOff,PartingShot,Protect|||M|||50|,,,,,Ghost
|
|t:|1756715748
|teamsize|p1|4
|teamsize|p2|4
|start
|switch|p1a: Porygon2|Porygon2, L50|100/100
|switch|p1b: Incineroar|Incineroar, L50, F|100/100
|switch|p2a: Kingdra|Kingdra, L50, F|100/100
|switch|p2b: Gothitelle|Gothitelle, L50, M|100/100
|-ability|p1b: Incineroar|Intimidate|boost
|-unboost|p2a: Kingdra|atk|1
|-unboost|p2b: Gothitelle|atk|1
|-ability|p1a: Porygon2|Download|boost
|-boost|p1a: Porygon2|atk|1
|turn|1
|
|t:|1756715782
|move|p2a: Kingdra|Protect|p2a: Kingdra
|-singleturn|p2a: Kingdra|Protect
|move|p1b: Incineroar|Fake Out|p2a: Kingdra
|-activate|p2a: Kingdra|move: Protect
|move|p2b: Gothitelle|Fake Out|p1b: Incineroar
|-damage|p1b: Incineroar|97/100
|move|p1a: Porygon2|Tera Blast|p2a: Kingdra
|-activate|p2a: Kingdra|move: Protect
|
|upkeep
|turn|2
|
|t:|1756715800
|switch|p2b: Politoed|Politoed, L50, M|100/100
|-weather|RainDance|[from] ability: Drizzle|[of] p2b: Politoed
|move|p2a: Kingdra|Weather Ball|p1b: Incineroar
|-supereffective|p1b: Incineroar
|-damage|p1b: Incineroar|0 fnt
|faint|p1b: Incineroar
|-damage|p2a: Kingdra|91/100|[from] item: Life Orb
|move|p1a: Porygon2|Trick Room|p1a: Porygon2
|-fieldstart|move: Trick Room|[of] p1a: Porygon2
|
|-weather|RainDance|[upkeep]
|upkeep
|
|t:|1756715808
|switch|p1b: Torkoal|Torkoal, L50, M|100/100
|-weather|SunnyDay|[from] ability: Drought|[of] p1b: Torkoal
|turn|3
|
|t:|1756715820
|switch|p2b: Incineroar|Incineroar, L50, M|100/100
|-ability|p2b: Incineroar|Intimidate|boost
|-unboost|p1a: Porygon2|atk|1
|-unboost|p1b: Torkoal|atk|1
|-enditem|p1b: Torkoal|Eject Pack
|
|t:|1756715822
|switch|p1b: Ursaluna|Ursaluna, L50, M|100/100
|move|p2a: Kingdra|Protect|p2a: Kingdra
|-singleturn|p2a: Kingdra|Protect
|move|p1a: Porygon2|Tera Blast|p2a: Kingdra
|-activate|p2a: Kingdra|move: Protect
|
|-weather|SunnyDay|[upkeep]
|-status|p1b: Ursaluna|brn|[from] item: Flame Orb
|upkeep
|turn|4
|
|t:|1756715849
|-terastallize|p1b: Ursaluna|Ghost
|move|p2b: Incineroar|Parting Shot|p1b: Ursaluna
|-unboost|p1b: Ursaluna|atk|1
|-unboost|p1b: Ursaluna|spa|1
|
|t:|1756715860
|switch|p2b: Gothitelle|Gothitelle, L50, M|100/100|[from] Parting Shot
|move|p1a: Porygon2|Tera Blast|p2b: Gothitelle
|-damage|p2b: Gothitelle|70/100
|move|p1b: Ursaluna|Earthquake|p2b: Gothitelle|[spread] p1a,p2a,p2b
|-damage|p1a: Porygon2|71/100
|-damage|p2a: Kingdra|31/100
|-damage|p2b: Gothitelle|29/100
|-enditem|p2b: Gothitelle|Sitrus Berry|[eat]
|-heal|p2b: Gothitelle|54/100|[from] item: Sitrus Berry
|move|p2a: Kingdra|Muddy Water|p1a: Porygon2|[spread] p1a,p1b
|-damage|p1a: Porygon2|58/100
|-damage|p1b: Ursaluna|81/100 brn
|-unboost|p1a: Porygon2|accuracy|1
|-damage|p2a: Kingdra|21/100|[from] item: Life Orb
|
|-weather|SunnyDay|[upkeep]
|-damage|p1b: Ursaluna|75/100 brn|[from] brn
|upkeep
|turn|5
|
|t:|1756715903
|switch|p2a: Incineroar|Incineroar, L50, M|100/100
|-ability|p2a: Incineroar|Intimidate|boost
|-unboost|p1a: Porygon2|atk|1
|-unboost|p1b: Ursaluna|atk|1
|move|p2b: Gothitelle|Fake Out|p1a: Porygon2
|-damage|p1a: Porygon2|54/100
|cant|p1a: Porygon2|flinch
|move|p1b: Ursaluna|Facade|p2b: Gothitelle
|-damage|p2b: Gothitelle|0 fnt
|faint|p2b: Gothitelle
|
|-weather|SunnyDay|[upkeep]
|-damage|p1b: Ursaluna|69/100 brn|[from] brn
|upkeep
|
|t:|1756715916
|switch|p2b: Kingdra|Kingdra, L50, F|21/100
|turn|6
|j| cippino3
|
|t:|1756715924
|move|p2a: Incineroar|Protect|p2a: Incineroar
|-singleturn|p2a: Incineroar|Protect
|move|p2b: Kingdra|Protect|p2b: Kingdra
|-singleturn|p2b: Kingdra|Protect
|move|p1a: Porygon2|Recover|p1a: Porygon2
|-heal|p1a: Porygon2|100/100
|move|p1b: Ursaluna|Headlong Rush|p2a: Incineroar
|-activate|p2a: Incineroar|move: Protect
|
|-weather|SunnyDay|[upkeep]
|-damage|p1b: Ursaluna|63/100 brn|[from] brn
|-fieldend|move: Trick Room
|upkeep
|turn|7
|l|☆Pranag140
|player|p2|
|j|☆Pranag140
|player|p2|Pranag140|2|
|
|t:|1756715997
|switch|p2a: Politoed|Politoed, L50, M|100/100
|-weather|RainDance|[from] ability: Drizzle|[of] p2a: Politoed
|move|p1b: Ursaluna|Protect|p1b: Ursaluna
|-singleturn|p1b: Ursaluna|Protect
|move|p2b: Kingdra|Muddy Water|p1a: Porygon2|[spread] 
|-activate|p1b: Ursaluna|move: Protect
|-miss|p2b: Kingdra|p1a: Porygon2
|move|p1a: Porygon2|Tera Blast|p2b: Kingdra
|-damage|p2b: Kingdra|0 fnt
|faint|p2b: Kingdra
|
|-weather|RainDance|[upkeep]
|-damage|p1b: Ursaluna|57/100 brn|[from] brn
|upkeep
|
|t:|1756716011
|switch|p2b: Incineroar|Incineroar, L50, M|100/100
|-ability|p2b: Incineroar|Intimidate|boost
|-unboost|p1a: Porygon2|atk|1
|-unboost|p1b: Ursaluna|atk|1
|turn|8
|l|☆Pranag140
|player|p2|
|j|☆Pranag140
|player|p2|Pranag140|2|
|
|t:|1756716048
|switch|p1b: Torkoal|Torkoal, L50, M|100/100
|-weather|SunnyDay|[from] ability: Drought|[of] p1b: Torkoal
|move|p2b: Incineroar|Fake Out|p1a: Porygon2
|-damage|p1a: Porygon2|93/100
|move|p2a: Politoed|Encore||[still]
|-fail|p2a: Politoed
|cant|p1a: Porygon2|flinch
|
|-weather|SunnyDay|[upkeep]
|upkeep
|turn|9
|
|t:|1756716072
|move|p1b: Torkoal|Helping Hand|p1a: Porygon2
|-singleturn|p1a: Porygon2|Helping Hand|[of] p1b: Torkoal
|move|p2a: Politoed|Encore|p1a: Porygon2
|-start|p1a: Porygon2|Encore
|move|p1a: Porygon2|Tera Blast|p2a: Politoed
|-damage|p2a: Politoed|58/100
|move|p2b: Incineroar|Knock Off|p1b: Torkoal
|-damage|p1b: Torkoal|80/100
|
|-weather|SunnyDay|[upkeep]
|-heal|p2a: Politoed|64/100|[from] item: Leftovers
|upkeep
|turn|10
|
|t:|1756716094
|move|p1b: Torkoal|Helping Hand|p1a: Porygon2
|-singleturn|p1a: Porygon2|Helping Hand|[of] p1b: Torkoal
|move|p2a: Politoed|Weather Ball|p1a: Porygon2
|-damage|p1a: Porygon2|72/100
|move|p1a: Porygon2|Tera Blast|p2b: Incineroar|[miss]
|-miss|p1a: Porygon2|p2b: Incineroar
|move|p2b: Incineroar|Knock Off|p1a: Porygon2
|-damage|p1a: Porygon2|49/100
|-enditem|p1a: Porygon2|Eviolite|[from] move: Knock Off|[of] p2b: Incineroar
|
|-weather|SunnyDay|[upkeep]
|-heal|p2a: Politoed|70/100|[from] item: Leftovers
|upkeep
|turn|11
|
|t:|1756716110
|move|p2a: Politoed|Weather Ball|p1a: Porygon2
|-damage|p1a: Porygon2|18/100
|move|p1a: Porygon2|Tera Blast|p2b: Incineroar|[miss]
|-miss|p1a: Porygon2|p2b: Incineroar
|move|p2b: Incineroar|Knock Off|p1a: Porygon2
|-damage|p1a: Porygon2|0 fnt
|faint|p1a: Porygon2
|move|p1b: Torkoal|Eruption|p2b: Incineroar|[spread] p2a,p2b
|-resisted|p2a: Politoed
|-resisted|p2b: Incineroar
|-damage|p2a: Politoed|49/100
|-damage|p2b: Incineroar|79/100
|
|-weather|SunnyDay|[upkeep]
|-heal|p2a: Politoed|55/100|[from] item: Leftovers
|upkeep
|
|t:|1756716120
|switch|p1a: Ursaluna|Ursaluna, L50, M, tera:Ghost|57/100 brn
|turn|12
|
|t:|1756716130
|move|p1a: Ursaluna|Protect|p1a: Ursaluna
|-singleturn|p1a: Ursaluna|Protect
|move|p2a: Politoed|Weather Ball|p1a: Ursaluna
|-activate|p1a: Ursaluna|move: Protect
|move|p2b: Incineroar|Knock Off|p1a: Ursaluna
|-activate|p1a: Ursaluna|move: Protect
|move|p1b: Torkoal|Eruption|p2b: Incineroar|[spread] p2a,p2b
|-resisted|p2a: Politoed
|-resisted|p2b: Incineroar
|-damage|p2a: Politoed|34/100
|-damage|p2b: Incineroar|60/100
|
|-weather|none
|-heal|p2a: Politoed|40/100|[from] item: Leftovers
|-damage|p1a: Ursaluna|51/100 brn|[from] brn
|upkeep
|turn|13
|
|t:|1756716148
|move|p1b: Torkoal|Helping Hand|p1a: Ursaluna
|-singleturn|p1a: Ursaluna|Helping Hand|[of] p1b: Torkoal
|move|p2a: Politoed|Encore|p1a: Ursaluna
|-start|p1a: Ursaluna|Encore
|move|p1a: Ursaluna|Protect||[still]
|-fail|p1a: Ursaluna
|move|p2b: Incineroar|Knock Off|p1a: Ursaluna
|-supereffective|p1a: Ursaluna
|-damage|p1a: Ursaluna|0 fnt
|-enditem|p1a: Ursaluna|Flame Orb|[from] move: Knock Off|[of] p2b: Incineroar
|faint|p1a: Ursaluna
|
|-heal|p2a: Politoed|46/100|[from] item: Leftovers
|upkeep
|turn|14
|l| cippino3
|
|t:|1756716170
|move|p2a: Politoed|Weather Ball|p1b: Torkoal
|-damage|p1b: Torkoal|67/100
|move|p2b: Incineroar|Knock Off|p1b: Torkoal
|-damage|p1b: Torkoal|47/100
|move|p1b: Torkoal|Eruption|p2a: Politoed|[spread] p2a,p2b
|-resisted|p2a: Politoed
|-resisted|p2b: Incineroar
|-damage|p2a: Politoed|37/100
|-damage|p2b: Incineroar|52/100
|
|-heal|p2a: Politoed|43/100|[from] item: Leftovers
|upkeep
|turn|15
|
|t:|1756716184
|move|p2a: Politoed|Weather Ball|p1b: Torkoal
|-crit|p1b: Torkoal
|-damage|p1b: Torkoal|25/100
|move|p2b: Incineroar|Knock Off|p1b: Torkoal
|-damage|p1b: Torkoal|6/100
|move|p1b: Torkoal|Eruption|p2a: Politoed|[spread] p2a,p2b
|-resisted|p2a: Politoed
|-resisted|p2b: Incineroar
|-damage|p2a: Politoed|42/100
|-damage|p2b: Incineroar|51/100
|
|-heal|p2a: Politoed|48/100|[from] item: Leftovers
|upkeep
|turn|16
|-message|Sawadaburner forfeited.
|
|win|Pranag140
|raw|Sawadaburner's rating: 1215 → 1187(-28 for losing)
|raw|Pranag140's rating: 1167 → 1195(+28 for winning)
|l|‽Sawadaburner
|player|p1|
