|j|☆PaquitoelBollito
|j|☆9mel
|html|PaquitoelBollito9mel    
|uhtml|bestof|Game 3 of a best-of-3
|t:|1786028269
|gametype|doubles
|player|p1|PaquitoelBollito|265|1136
|player|p2|9mel|2|1032
|gen|9
|tier|[Gen 9 Champions] VGC 2026 Reg M-B (Bo3)
|rated|
|rule|Species Clause: Limit one of each Pokémon
|rule|Item Clause: Limit 1 of each item
|clearpoke
|poke|p1|Aerodactyl, L50, M|
|poke|p1|Kingambit, L50, M|
|poke|p1|Garchomp, L50, M|
|poke|p1|Farigiraf, L50, M|
|poke|p1|Charizard, L50, F|
|poke|p1|Sylveon, L50, M|
|poke|p2|Annihilape, L50, F|
|poke|p2|Garchomp, L50, F, shiny|
|poke|p2|Staraptor, L50, M, shiny|
|poke|p2|Ceruledge, L50, M|
|poke|p2|Incineroar, L50, M|
|poke|p2|Torkoal, L50, F|
|teampreview|4
|showteam|p1|Aerodactyl||Aerodactylite|Unnerve|Tailwind,DualWingbeat,IceFang,RockSlide|Jolly||M|||50|]Kingambit||BlackGlasses|Defiant|SuckerPunch,KowtowCleave,IronHead,LowKick|Adamant||M|||50|]Garchomp||LifeOrb|RoughSkin|Protect,DragonClaw,RockSlide,StompingTantrum|Jolly||M|||50|]Farigiraf||SitrusBerry|ArmorTail|PsychicFangs,Thunderbolt,TrickRoom,SunnyDay|Relaxed||M|||50|]Charizard||CharizarditeY|Blaze|Protect,HeatWave,WeatherBall,SolarBeam|Modest||F|||50|]Sylveon||FairyFeather|Pixilate|HyperVoice,Protect,QuickAttack,HyperBeam|Modest||M|||50|
|showteam|p2|Annihilape||ChestoBerry|Defiant|RageFist,DrainPunch,BulkUp,Rest|Careful||F|||50|]Garchomp||LifeOrb|RoughSkin|RockSlide,Earthquake,SunnyDay,Protect|Jolly||F|||50|]Staraptor||Staraptite|Intimidate|CloseCombat,BraveBird,Roost,Protect|Adamant||M|||50|]Ceruledge||ColburBerry|FlashFire|BitterBlade,ShadowSneak,BulkUp,Protect|Adamant||M|||50|]Incineroar||SitrusBerry|Intimidate|FakeOut,DarkestLariat,PartingShot,Protect|Impish||M|||50|]Torkoal||HeatRock|Drought|Eruption,BodyPress,SunnyDay,ClearSmog|Modest||F|||50|
|inactive|Battle timer is ON: inactive players will automatically lose when time's up. (requested by PaquitoelBollito)
|inactive|PaquitoelBollito has 60 seconds left.
|inactive|9mel has 60 seconds left.
|
|t:|1786028308
|teamsize|p1|4
|teamsize|p2|4
|start
|switch|p1a: Aerodactyl|Aerodactyl, L50, M|100/100
|switch|p1b: Garchomp|Garchomp, L50, M|100/100
|switch|p2a: Staraptor|Staraptor, L50, M, shiny|100/100
|switch|p2b: Incineroar|Incineroar, L50, M|100/100
|-ability|p1a: Aerodactyl|Unnerve
|-ability|p2a: Staraptor|Intimidate|boost
|-unboost|p1a: Aerodactyl|atk|1
|-unboost|p1b: Garchomp|atk|1
|-ability|p2b: Incineroar|Intimidate|boost
|-unboost|p1a: Aerodactyl|atk|1
|-unboost|p1b: Garchomp|atk|1
|turn|1
|inactive|9mel has 30 seconds left.
|inactive|PaquitoelBollito has 30 seconds left.
|
|t:|1786028343
|detailschange|p1a: Aerodactyl|Aerodactyl-Mega, L50, M
|-mega|p1a: Aerodactyl|Aerodactyl|Aerodactylite
|detailschange|p2a: Staraptor|Staraptor-Mega, L50, M, shiny
|-mega|p2a: Staraptor|Staraptor|Staraptite
|move|p2b: Incineroar|Fake Out|p1b: Garchomp
|-damage|p1b: Garchomp|89/100
|-damage|p2b: Incineroar|87/100|[from] ability: Rough Skin|[of] p1b: Garchomp
|move|p1a: Aerodactyl|Tailwind|p1a: Aerodactyl
|-sidestart|p1: PaquitoelBollito|move: Tailwind
|cant|p1b: Garchomp|flinch
|move|p2a: Staraptor|Close Combat|p1a: Aerodactyl
|-damage|p1a: Aerodactyl|31/100
|-boost|p2a: Staraptor|def|1
|-boost|p2a: Staraptor|spd|1
|
|upkeep
|turn|2
|inactive|PaquitoelBollito has 30 seconds left.
|inactive|9mel has 30 seconds left.
|
|t:|1786028373
|move|p1a: Aerodactyl|Dual Wingbeat|p2a: Staraptor
|-supereffective|p2a: Staraptor|1
|-damage|p2a: Staraptor|80/100
|-supereffective|p2a: Staraptor|1
|-damage|p2a: Staraptor|63/100
|-hitcount|p2a: Staraptor|2
|move|p1b: Garchomp|Rock Slide|p2b: Incineroar|[spread] p2a,p2b
|-supereffective|p2b: Incineroar|1
|-damage|p2a: Staraptor|55/100
|-damage|p2b: Incineroar|68/100
|-damage|p1b: Garchomp|79/100|[from] item: Life Orb
|move|p2a: Staraptor|Close Combat|p1a: Aerodactyl
|-damage|p1a: Aerodactyl|0 fnt
|-boost|p2a: Staraptor|def|1
|-boost|p2a: Staraptor|spd|1
|faint|p1a: Aerodactyl
|cant|p2b: Incineroar|flinch
|
|upkeep
|
|t:|1786028391
|switch|p1a: Sylveon|Sylveon, L50, M|100/100
|turn|3
|
|t:|1786028401
|move|p2a: Staraptor|Protect|p2a: Staraptor
|-singleturn|p2a: Staraptor|Protect
|move|p1b: Garchomp|Stomping Tantrum|p2b: Incineroar
|-supereffective|p2b: Incineroar|1
|-damage|p2b: Incineroar|29/100
|-enditem|p2b: Incineroar|Sitrus Berry|[eat]
|-heal|p2b: Incineroar|54/100|[from] item: Sitrus Berry
|-damage|p1b: Garchomp|70/100|[from] item: Life Orb
|move|p1a: Sylveon|Hyper Voice|p2a: Staraptor|[spread] p2b
|-activate|p2a: Staraptor|move: Protect
|-damage|p2b: Incineroar|12/100
|move|p2b: Incineroar|Darkest Lariat|p1a: Sylveon
|-resisted|p1a: Sylveon|1
|-damage|p1a: Sylveon|79/100
|
|upkeep
|turn|4
|inactive|PaquitoelBollito has 30 seconds left.
|inactive|9mel has 30 seconds left.
|inactive|9mel has 20 seconds left.
|inactive|9mel has 15 seconds left.
|
|t:|1786028444
|move|p1b: Garchomp|Dragon Claw|p2a: Staraptor
|-damage|p2a: Staraptor|42/100
|-damage|p1b: Garchomp|60/100|[from] item: Life Orb
|move|p1a: Sylveon|Hyper Voice|p2b: Incineroar|[spread] p2a,p2b
|-supereffective|p2a: Staraptor|1
|-damage|p2a: Staraptor|0 fnt
|-damage|p2b: Incineroar|0 fnt
|faint|p2a: Staraptor
|faint|p2b: Incineroar
|
|-sideend|p1: PaquitoelBollito|move: Tailwind
|upkeep
|
|t:|1786028454
|switch|p2a: Ceruledge|Ceruledge, L50, M|100/100
|switch|p2b: Torkoal|Torkoal, L50, F|100/100
|-weather|SunnyDay|[from] ability: Drought|[of] p2b: Torkoal
|turn|5
|
|t:|1786028471
|move|p1b: Garchomp|Rock Slide|p2b: Torkoal|[spread] p2a,p2b
|-supereffective|p2a: Ceruledge|1
|-supereffective|p2b: Torkoal|1
|-damage|p2a: Ceruledge|69/100
|-damage|p2b: Torkoal|79/100
|-damage|p1b: Garchomp|51/100|[from] item: Life Orb
|cant|p2a: Ceruledge|flinch
|move|p1a: Sylveon|Hyper Beam|p2b: Torkoal
|-resisted|p2b: Torkoal|1
|-damage|p2b: Torkoal|11/100
|-mustrecharge|p1a: Sylveon
|move|p2b: Torkoal|Eruption|p1a: Sylveon|[spread] p1a,p1b
|-resisted|p1b: Garchomp|1
|-damage|p1a: Sylveon|72/100
|-damage|p1b: Garchomp|46/100
|
|-weather|SunnyDay|[upkeep]
|upkeep
|turn|6
|
|t:|1786028494
|move|p1b: Garchomp|Rock Slide|p2a: Ceruledge|[spread] p2a,p2b
|-supereffective|p2a: Ceruledge|1
|-supereffective|p2b: Torkoal|1
|-damage|p2a: Ceruledge|38/100
|-damage|p2b: Torkoal|0 fnt
|faint|p2b: Torkoal
|-damage|p1b: Garchomp|37/100|[from] item: Life Orb
|move|p2a: Ceruledge|Bitter Blade|p1a: Sylveon
|-damage|p1a: Sylveon|0 fnt
|-heal|p2a: Ceruledge|74/100|[from] drain|[of] p1a: Sylveon
|faint|p1a: Sylveon
|
|-weather|SunnyDay|[upkeep]
|upkeep
|
|t:|1786028502
|switch|p1a: Kingambit|Kingambit, L50, M|100/100
|turn|7
|
|t:|1786028514
|move|p2a: Ceruledge|Protect|p2a: Ceruledge
|-singleturn|p2a: Ceruledge|Protect
|move|p1a: Kingambit|Sucker Punch||[still]
|-fail|p1a: Kingambit
|move|p1b: Garchomp|Stomping Tantrum|p2a: Ceruledge
|-activate|p2a: Ceruledge|move: Protect
|
|-weather|SunnyDay|[upkeep]
|upkeep
|turn|8
|
|t:|1786028523
|move|p1a: Kingambit|Sucker Punch|p2a: Ceruledge
|-supereffective|p2a: Ceruledge|1
|-enditem|p2a: Ceruledge|Colbur Berry|[eat]
|-enditem|p2a: Ceruledge|Colbur Berry|[weaken]
|-damage|p2a: Ceruledge|23/100
|move|p1b: Garchomp|Stomping Tantrum|p2a: Ceruledge
|-supereffective|p2a: Ceruledge|1
|-damage|p2a: Ceruledge|0 fnt
|faint|p2a: Ceruledge
|-damage|p1b: Garchomp|27/100|[from] item: Life Orb
|
|win|PaquitoelBollito
|raw|PaquitoelBollito's rating: 1136 → 1154(+18 for winning)
|raw|9mel's rating: 1032 → 1022(-10 for losing)
