|j|☆gggguuuu
|j|☆lancerh
|html|gggguuuulancerh    
|uhtml|bestof|Game 2 of a best-of-3
|t:|1757719609
|gametype|doubles
|player|p1|gggguuuu|lucas|1041
|player|p2|lancerh|169|1127
|gen|9
|tier|[Gen 9] VGC 2025 Reg H (Bo3)
|rated|
|rule|Species Clause: Limit one of each Pokémon
|rule|Item Clause: Limit 1 of each item
|clearpoke
|poke|p1|Volcarona, L50, M|
|poke|p1|Rillaboom, L50, M|
|poke|p1|Incineroar, L50, F|
|poke|p1|Sneasler, L50, M|
|poke|p1|Dragapult, L50, F|
|poke|p1|Kingambit, L50, F|
|poke|p2|Indeedee, L50, M|
|poke|p2|Dondozo, L50, F|
|poke|p2|Tatsugiri, L50, F|
|poke|p2|Ninetales-Alola, L50, F|
|poke|p2|Armarouge, L50, M|
|poke|p2|Sneasler, L50, F|
|teampreview|4
|showteam|p1|Volcarona||RockyHelmet|FlameBody|HeatWave,TeraBlast,QuiverDance,Protect|||M|||50|,,,,,Fairy]Rillaboom||AssaultVest|GrassySurge|WoodHammer,GrassyGlide,Uturn,FakeOut|||M|||50|,,,,,Fire]Incineroar||SafetyGoggles|Intimidate|WillOWisp,KnockOff,PartingShot,FakeOut|||F|||50|,,,,,Grass]Sneasler||SitrusBerry|PoisonTouch|DireClaw,CloseCombat,Coaching,FakeOut|||M|||50|,,,,,Ghost]Dragapult||FocusSash|ClearBody|DragonDarts,PhantomForce,Uturn,Protect|||F|||50|,,,,,Steel]Kingambit||BlackGlasses|Defiant|KowtowCleave,SuckerPunch,IronHead,Protect|||F|||50|,,,,,Flying
|showteam|p2|Indeedee||FocusSash|PsychicSurge|TrickRoom,ExpandingForce,TeraBlast,Protect|||M|||50|,,,,,Fighting]Dondozo||Leftovers|Unaware|OrderUp,Protect,Yawn,WaveCrash|||F|||50|,,,,,Steel]Tatsugiri||ChoiceScarf|Commander|MuddyWater,IcyWind,DracoMeteor,DragonPulse|||F|||50|,,,,,Stellar]Ninetales-Alola||IciclePlate|SnowWarning|Blizzard,AuroraVeil,FreezeDry,Moonblast|||F|||50|,,,,,Water]Armarouge||PowerHerb|FlashFire|ExpandingForce,HeatWave,MeteorBeam,Protect|||M|||50|,,,,,Grass]Sneasler||PsychicSeed|Unburden|DireClaw,CloseCombat,ThroatChop,Protect|||F|||50|,,,,,Dark
|inactive|Battle timer is ON: inactive players will automatically lose when time's up. (requested by gggguuuu)
|inactive|lancerh has 60 seconds left.
|
|t:|1757719647
|teamsize|p1|4
|teamsize|p2|4
|start
|switch|p1a: Kingambit|Kingambit, L50, F|100/100
|switch|p1b: Incineroar|Incineroar, L50, F|100/100
|switch|p2a: Armarouge|Armarouge, L50, M|100/100
|switch|p2b: Sneasler|Sneasler, L50, F, shiny|100/100
|-ability|p1b: Incineroar|Intimidate|boost
|-unboost|p2a: Armarouge|atk|1
|-unboost|p2b: Sneasler|atk|1
|turn|1
|
|t:|1757719666
|move|p1a: Kingambit|Protect|p1a: Kingambit
|-singleturn|p1a: Kingambit|Protect
|move|p2b: Sneasler|Close Combat|p1a: Kingambit
|-activate|p1a: Kingambit|move: Protect
|move|p2a: Armarouge|Meteor Beam||[still]
|-prepare|p2a: Armarouge|Meteor Beam
|-boost|p2a: Armarouge|spa|1
|-enditem|p2a: Armarouge|Power Herb
|-anim|p2a: Armarouge|Meteor Beam|p1b: Incineroar
|-supereffective|p1b: Incineroar
|-damage|p1b: Incineroar|0 fnt
|faint|p1b: Incineroar
|
|upkeep
|
|t:|1757719678
|switch|p1b: Dragapult|Dragapult, L50, F|100/100
|turn|2
|
|t:|1757719689
|switch|p2b: Indeedee|Indeedee, L50, M|100/100
|-fieldstart|move: Psychic Terrain|[from] ability: Psychic Surge|[of] p2b: Indeedee
|-terastallize|p1a: Kingambit|Flying
|move|p1b: Dragapult|Dragon Darts|p2b: Indeedee
|-damage|p2b: Indeedee|45/100
|-anim|p1b: Dragapult|Dragon Darts|p2a: Armarouge
|-damage|p2a: Armarouge|72/100
|move|p2a: Armarouge|Heat Wave|p1a: Kingambit|[spread] p1a,p1b
|-resisted|p1b: Dragapult
|-damage|p1a: Kingambit|50/100
|-damage|p1b: Dragapult|64/100
|move|p1a: Kingambit|Kowtow Cleave|p2a: Armarouge
|-supereffective|p2a: Armarouge
|-damage|p2a: Armarouge|0 fnt
|faint|p2a: Armarouge
|
|upkeep
|
|t:|1757719707
|switch|p2a: Sneasler|Sneasler, L50, F, shiny|100/100
|-enditem|p2a: Sneasler|Psychic Seed
|-boost|p2a: Sneasler|spd|1|[from] item: Psychic Seed
|turn|3
|
|t:|1757719716
|switch|p1a: Rillaboom|Rillaboom, L50, M|100/100
|-fieldstart|move: Grassy Terrain|[from] ability: Grassy Surge|[of] p1a: Rillaboom
|move|p1b: Dragapult|Protect|p1b: Dragapult
|-singleturn|p1b: Dragapult|Protect
|move|p2a: Sneasler|Throat Chop|p1b: Dragapult
|-activate|p1b: Dragapult|move: Protect
|move|p2b: Indeedee|Expanding Force|p1a: Rillaboom
|-damage|p1a: Rillaboom|76/100
|
|-heal|p1b: Dragapult|70/100|[from] Grassy Terrain
|-heal|p2b: Indeedee|51/100|[from] Grassy Terrain
|-heal|p1a: Rillaboom|82/100|[from] Grassy Terrain
|upkeep
|turn|4
|
|t:|1757719724
|switch|p2b: Dondozo|Dondozo, L50, F|100/100
|move|p2a: Sneasler|Protect|p2a: Sneasler
|-singleturn|p2a: Sneasler|Protect
|move|p1a: Rillaboom|Fake Out|p2a: Sneasler
|-activate|p2a: Sneasler|move: Protect
|move|p1b: Dragapult|Dragon Darts|p2b: Dondozo
|-damage|p2b: Dondozo|82/100
|-anim|p1b: Dragapult|Dragon Darts|p2b: Dondozo
|-damage|p2b: Dondozo|67/100
|
|-heal|p1b: Dragapult|76/100|[from] Grassy Terrain
|-heal|p1a: Rillaboom|87/100|[from] Grassy Terrain
|-heal|p2b: Dondozo|73/100|[from] Grassy Terrain
|-heal|p2b: Dondozo|79/100|[from] item: Leftovers
|upkeep
|turn|5
|
|t:|1757719743
|-terastallize|p2a: Sneasler|Dark
|move|p2b: Dondozo|Protect|p2b: Dondozo
|-singleturn|p2b: Dondozo|Protect
|move|p2a: Sneasler|Throat Chop|p1b: Dragapult
|-supereffective|p1b: Dragapult
|-damage|p1b: Dragapult|0 fnt
|faint|p1b: Dragapult
|move|p1a: Rillaboom|Wood Hammer|p2b: Dondozo
|-activate|p2b: Dondozo|move: Protect
|
|-heal|p1a: Rillaboom|93/100|[from] Grassy Terrain
|-heal|p2b: Dondozo|85/100|[from] Grassy Terrain
|-heal|p2b: Dondozo|91/100|[from] item: Leftovers
|upkeep
|
|t:|1757719747
|switch|p1b: Kingambit|Kingambit, L50, F, tera:Flying|50/100
|turn|6
|
|t:|1757719769
|move|p2a: Sneasler|Dire Claw|p1b: Kingambit
|-damage|p1b: Kingambit|16/100
|-status|p1b: Kingambit|slp
|move|p1a: Rillaboom|Wood Hammer|p2b: Dondozo
|-supereffective|p2b: Dondozo
|-damage|p2b: Dondozo|0 fnt
|faint|p2b: Dondozo
|-damage|p1a: Rillaboom|60/100|[from] Recoil
|cant|p1b: Kingambit|slp
|
|-heal|p1a: Rillaboom|66/100|[from] Grassy Terrain
|upkeep
|
|t:|1757719776
|switch|p2b: Indeedee|Indeedee, L50, M|51/100
|-fieldstart|move: Psychic Terrain|[from] ability: Psychic Surge|[of] p2b: Indeedee
|turn|7
|
|t:|1757719784
|move|p2a: Sneasler|Dire Claw|p1a: Rillaboom
|-supereffective|p1a: Rillaboom
|-damage|p1a: Rillaboom|0 fnt
|faint|p1a: Rillaboom
|move|p2b: Indeedee|Expanding Force|p1b: Kingambit
|-damage|p1b: Kingambit|0 fnt
|faint|p1b: Kingambit
|
|win|lancerh
|raw|gggguuuu's rating: 1041 → 1029(-12 for losing)
|raw|lancerh's rating: 1127 → 1146(+19 for winning)
|l|☆gggguuuu
|player|p1|
