|j|â˜†banana_guy526
|j|â˜†MarzipanTheFirst
|html|banana_guy526MarzipanTheFirst    
|uhtml|bestof|Game 2 of a best-of-3
|t:|1783270538
|gametype|doubles
|player|p1|banana_guy526|colress|1132
|player|p2|MarzipanTheFirst|265|1096
|gen|9
|tier|[Gen 9 Champions] VGC 2026 Reg M-B (Bo3)
|rated|
|rule|Species Clause: Limit one of each PokÃ©mon
|rule|Item Clause: Limit 1 of each item
|clearpoke
|poke|p1|Froslass, L50, F, shiny|
|poke|p1|Whimsicott, L50, F, shiny|
|poke|p1|Blastoise, L50, M|
|poke|p1|Farigiraf, L50, M|
|poke|p1|Arcanine-Hisui, L50, F|
|poke|p1|Hatterene, L50, F, shiny|
|poke|p2|Sinistcha, L50|
|poke|p2|Garchomp, L50, F|
|poke|p2|Dragapult, L50, F|
|poke|p2|Clawitzer, L50, F|
|poke|p2|Scizor, L50, M|
|poke|p2|Incineroar, L50, M|
|teampreview|4
|showteam|p1|Froslass||Froslassite|SnowCloak|Blizzard,ShadowBall,AuroraVeil,Protect|Modest||F|||50|]Whimsicott||FairyFeather|Prankster|Encore,Moonblast,Tailwind,EnergyBall|Bold||F|||50|]Blastoise||Blastoisinite|Torrent|WaterSpout,DarkPulse,AuraSphere,FakeOut|Quiet||M|||50|]Farigiraf||ColburBerry|ArmorTail|PsychicNoise,HelpingHand,RainDance,TrickRoom|Relaxed||M|||50|]Arcanine-Hisui||FocusSash|RockHead|FlareBlitz,HeadSmash,ExtremeSpeed,Protect|Jolly||F|||50|]Hatterene||LifeOrb|MagicBounce|Psychic,DazzlingGleam,TrickRoom,Protect|Quiet||F|||50|
|showteam|p2|Sinistcha||Leftovers|Hospitality|StrengthSap,MatchaGotcha,Protect,RagePowder|Bold|||||50|]Garchomp||LifeOrb|RoughSkin|StompingTantrum,RockSlide,DragonClaw,Protect|Adamant||F|||50|]Dragapult||FocusSash|ClearBody|WillOWisp,Disable,Flamethrower,ShadowBall|Timid||F|||50|]Clawitzer||SitrusBerry|MegaLauncher|WaterPulse,AuraSphere,HealPulse,DragonPulse|Timid||F|||50|]Scizor||Scizorite|Technician|Tailwind,BulletPunch,BugBite,SwordsDance|Adamant||M|||50|]Incineroar||PasshoBerry|Intimidate|FakeOut,FlareBlitz,ThroatChop,Protect|Careful||M|||50|
|c|â˜†banana_guy526|thanks you too
|inactive|Battle timer is ON: inactive players will automatically lose when time's up. (requested by banana_guy526)
|
|t:|1783270567
|teamsize|p1|4
|teamsize|p2|4
|start
|switch|p1a: Farigiraf|Farigiraf, L50, M|100/100
|switch|p1b: Arcanine|Arcanine-Hisui, L50, F|100/100
|switch|p2a: Scizor|Scizor, L50, M|100/100
|switch|p2b: Incineroar|Incineroar, L50, M|100/100
|-ability|p2b: Incineroar|Intimidate|boost
|-unboost|p1a: Farigiraf|atk|1
|-unboost|p1b: Arcanine|atk|1
|turn|1
|
|t:|1783270586
|switch|p2a: Clawitzer|Clawitzer, L50, F|100/100
|move|p1b: Arcanine|Flare Blitz|p2a: Clawitzer
|-resisted|p2a: Clawitzer|1
|-damage|p2a: Clawitzer|75/100
|move|p2b: Incineroar|Throat Chop|p1a: Farigiraf
|-supereffective|p1a: Farigiraf|1
|-enditem|p1a: Farigiraf|Colbur Berry|[eat]
|-enditem|p1a: Farigiraf|Colbur Berry|[weaken]
|-damage|p1a: Farigiraf|75/100
|-start|p1a: Farigiraf|Throat Chop|[silent]
|move|p1a: Farigiraf|Trick Room|p1a: Farigiraf
|-fieldstart|move: Trick Room|[of] p1a: Farigiraf
|
|upkeep
|turn|2
|
|t:|1783270602
|move|p1a: Farigiraf|Helping Hand|p1b: Arcanine
|-singleturn|p1b: Arcanine|Helping Hand|[of] p1a: Farigiraf
|move|p2b: Incineroar|Throat Chop|p1a: Farigiraf
|-supereffective|p1a: Farigiraf|1
|-damage|p1a: Farigiraf|25/100
|move|p2a: Clawitzer|Water Pulse|p1b: Arcanine
|-supereffective|p1b: Arcanine|2
|-enditem|p1b: Arcanine|Focus Sash
|-damage|p1b: Arcanine|1/100
|move|p1b: Arcanine|Head Smash|p2a: Clawitzer|[miss]
|-miss|p1b: Arcanine|p2a: Clawitzer
|
|-end|p1a: Farigiraf|Throat Chop|[silent]
|upkeep
|turn|3
|inactive|MarzipanTheFirst has 30 seconds left.
|
|t:|1783270636
|move|p1a: Farigiraf|Helping Hand|p1b: Arcanine
|-singleturn|p1b: Arcanine|Helping Hand|[of] p1a: Farigiraf
|move|p1b: Arcanine|Extreme Speed|p2a: Clawitzer
|-damage|p2a: Clawitzer|42/100
|-enditem|p2a: Clawitzer|Sitrus Berry|[eat]
|-heal|p2a: Clawitzer|67/100|[from] item: Sitrus Berry
|move|p2b: Incineroar|Flare Blitz|p1b: Arcanine
|-resisted|p1b: Arcanine|2
|-damage|p1b: Arcanine|0 fnt
|faint|p1b: Arcanine
|-damage|p2b: Incineroar|99/100|[from] Recoil
|move|p2a: Clawitzer|Water Pulse|p1a: Farigiraf
|-damage|p1a: Farigiraf|0 fnt
|faint|p1a: Farigiraf
|
|upkeep
|
|t:|1783270647
|switch|p1a: Hatterene|Hatterene, L50, F, shiny|100/100
|switch|p1b: Blastoise|Blastoise, L50, M|100/100
|turn|4
|
|t:|1783270665
|detailschange|p1b: Blastoise|Blastoise-Mega, L50, M
|-mega|p1b: Blastoise|Blastoise|Blastoisinite
|move|p2b: Incineroar|Protect|p2b: Incineroar
|-singleturn|p2b: Incineroar|Protect
|move|p1a: Hatterene|Dazzling Gleam|p2a: Clawitzer|[spread] p2a
|-activate|p2b: Incineroar|move: Protect
|-damage|p2a: Clawitzer|11/100
|-damage|p1a: Hatterene|90/100|[from] item: Life Orb
|move|p1b: Blastoise|Water Spout|p2a: Clawitzer|[spread] p2a
|-activate|p2b: Incineroar|move: Protect
|-resisted|p2a: Clawitzer|1
|-damage|p2a: Clawitzer|0 fnt
|faint|p2a: Clawitzer
|
|upkeep
|
|t:|1783270678
|switch|p2a: Sinistcha|Sinistcha, L50|100/100
|-heal|p2b: Incineroar|100/100|[from] ability: Hospitality|[of] p2a: Sinistcha
|turn|5
|
|t:|1783270701
|move|p1a: Hatterene|Dazzling Gleam|p2b: Incineroar|[spread] p2a,p2b
|-damage|p2a: Sinistcha|41/100
|-damage|p2b: Incineroar|67/100
|-damage|p1a: Hatterene|80/100|[from] item: Life Orb
|move|p2b: Incineroar|Flare Blitz|p1a: Hatterene
|-damage|p1a: Hatterene|23/100
|-damage|p2b: Incineroar|51/100|[from] Recoil
|move|p1b: Blastoise|Dark Pulse|p2a: Sinistcha
|-supereffective|p2a: Sinistcha|1
|-damage|p2a: Sinistcha|0 fnt
|faint|p2a: Sinistcha
|
|-fieldend|move: Trick Room
|upkeep
|
|t:|1783270711
|switch|p2a: Scizor|Scizor, L50, M|100/100
|turn|6
|
|t:|1783270732
|detailschange|p2a: Scizor|Scizor-Mega, L50, M
|-mega|p2a: Scizor|Scizor|Scizorite
|move|p1a: Hatterene|Protect|p1a: Hatterene
|-singleturn|p1a: Hatterene|Protect
|move|p2a: Scizor|Bullet Punch|p1a: Hatterene
|-activate|p1a: Hatterene|move: Protect
|move|p1b: Blastoise|Water Spout|p2a: Scizor|[spread] p2a,p2b
|-supereffective|p2b: Incineroar|1
|-enditem|p2b: Incineroar|Passho Berry|[eat]
|-enditem|p2b: Incineroar|Passho Berry|[weaken]
|-damage|p2a: Scizor|25/100
|-damage|p2b: Incineroar|4/100
|move|p2b: Incineroar|Throat Chop|p1b: Blastoise
|-damage|p1b: Blastoise|76/100
|-start|p1b: Blastoise|Throat Chop|[silent]
|
|upkeep
|turn|7
|inactive|MarzipanTheFirst has 30 seconds left.
|
|t:|1783270760
|move|p2a: Scizor|Bug Bite|p1b: Blastoise
|-damage|p1b: Blastoise|29/100
|move|p1b: Blastoise|Water Spout|p2b: Incineroar|[spread] p2a,p2b
|-supereffective|p2b: Incineroar|1
|-damage|p2a: Scizor|4/100
|-damage|p2b: Incineroar|0 fnt
|faint|p2b: Incineroar
|move|p1a: Hatterene|Dazzling Gleam|p2a: Scizor
|-resisted|p2a: Scizor|1
|-damage|p2a: Scizor|0 fnt
|faint|p2a: Scizor
|-damage|p1a: Hatterene|13/100|[from] item: Life Orb
|
|win|banana_guy526
|raw|banana_guy526's rating: 1132 → 1154(+22 for winning)
|raw|MarzipanTheFirst's rating: 1096 → 1074(-22 for losing)
|c|â˜†MarzipanTheFirst|Ggs wp
