|j|☆keahi
|j|☆Pietplezier7
|html|keahiPietplezier7    
|uhtml|bestof|Game 2 of a best-of-3
|t:|1784740349
|gametype|doubles
|player|p1|keahi|willow|
|player|p2|Pietplezier7|265|
|gen|9
|tier|[Gen 9 Champions] VGC 2026 Reg M-B (Bo3)
|rule|Species Clause: Limit one of each Pokémon
|rule|Item Clause: Limit 1 of each item
|clearpoke
|poke|p1|Mamoswine, L50, M|
|poke|p1|Sinistcha, L50|
|poke|p1|Raichu, L50, F|
|poke|p1|Kingambit, L50, M, shiny|
|poke|p1|Blaziken, L50, F, shiny|
|poke|p1|Araquanid, L50, M, shiny|
|poke|p2|Aerodactyl, L50, M|
|poke|p2|Charizard, L50, M|
|poke|p2|Incineroar, L50, M|
|poke|p2|Kingambit, L50, F|
|poke|p2|Sylveon, L50, M|
|poke|p2|Garchomp, L50, M|
|teampreview|4
|showteam|p1|Mamoswine||LifeOrb|Oblivious|HighHorsepower,Protect,IceShard,RockSlide|Jolly||M|||50|]Sinistcha||Leftovers|Hospitality|MatchaGotcha,ShadowBall,TrickRoom,RagePowder|Bold|||||50|]Raichu||RaichuniteY|LightningRod|ZapCannon,FakeOut,FocusBlast,Protect|Timid||F|||50|]Kingambit||ChopleBerry|Defiant|SwordsDance,IronHead,KowtowCleave,SuckerPunch|Adamant||M|||50|]Blaziken||Blazikenite|SpeedBoost|Detect,Coaching,CloseCombat,FlareBlitz|Adamant||F|||50|]Araquanid||MysticWater|WaterBubble|Liquidation,LeechLife,WideGuard,MirrorCoat|Sassy||M|||50|
|showteam|p2|Aerodactyl||Aerodactylite|Unnerve|RockSlide,DualWingbeat,WideGuard,Tailwind|Jolly||M|||50|]Charizard||CharizarditeY|Blaze|HeatWave,WeatherBall,SolarBeam,Protect|Modest||M|||50|]Incineroar||SitrusBerry|Intimidate|FlareBlitz,DarkestLariat,FakeOut,PartingShot|Impish||M|||50|]Kingambit||FocusSash|Defiant|KowtowCleave,IronHead,SuckerPunch,LowKick|Adamant||F|||50|]Sylveon||FairyFeather|Pixilate|HyperVoice,HyperBeam,QuickAttack,Detect|Modest||M|||50|]Garchomp||LifeOrb|RoughSkin|Earthquake,DragonClaw,RockSlide,Protect|Jolly||M|||50|
|inactive|Battle timer is ON: inactive players will automatically lose when time's up. (requested by Pietplezier7)
|inactive|Pietplezier7 has 60 seconds left.
|inactive|Pietplezier7 has 30 seconds left.
|
|t:|1784740415
|teamsize|p1|4
|teamsize|p2|4
|start
|switch|p1a: Mamoswine|Mamoswine, L50, M|100/100
|switch|p1b: Blaziken|Blaziken, L50, F, shiny|100/100
|switch|p2a: Aerodactyl|Aerodactyl, L50, M|100/100
|switch|p2b: Sylveon|Sylveon, L50, M|100/100
|-ability|p2a: Aerodactyl|Unnerve
|turn|1
|inactive|keahi has 30 seconds left.
|inactive|Pietplezier7 has 30 seconds left.
|inactive|keahi has 20 seconds left.
|inactive|keahi has 15 seconds left.
|inactive|keahi has 10 seconds left.
|inactive|keahi has 5 seconds left.
|
|t:|1784740465
|detailschange|p2a: Aerodactyl|Aerodactyl-Mega, L50, M
|-mega|p2a: Aerodactyl|Aerodactyl|Aerodactylite
|detailschange|p1b: Blaziken|Blaziken-Mega, L50, F, shiny
|-mega|p1b: Blaziken|Blaziken|Blazikenite
|move|p2a: Aerodactyl|Tailwind|p2a: Aerodactyl
|-sidestart|p2: Pietplezier7|move: Tailwind
|move|p2b: Sylveon|Hyper Voice|p1b: Blaziken|[spread] p1a,p1b
|-damage|p1a: Mamoswine|32/100
|-damage|p1b: Blaziken|32/100
|move|p1b: Blaziken|Coaching|p1a: Mamoswine
|-boost|p1a: Mamoswine|atk|1
|-boost|p1a: Mamoswine|def|1
|move|p1a: Mamoswine|Rock Slide|p2b: Sylveon|[spread] p2a,p2b
|-supereffective|p2a: Aerodactyl|1
|-damage|p2a: Aerodactyl|16/100
|-damage|p2b: Sylveon|55/100
|-damage|p1a: Mamoswine|22/100|[from] item: Life Orb
|
|-ability|p1b: Blaziken|Speed Boost|boost
|-boost|p1b: Blaziken|spe|1
|upkeep
|turn|2
|
|t:|1784740489
|switch|p2a: Incineroar|Incineroar, L50, M|100/100
|-ability|p2a: Incineroar|Intimidate|boost
|-fail|p1a: Mamoswine|unboost|Attack|[from] ability: Oblivious|[of] p1a: Mamoswine
|-unboost|p1b: Blaziken|atk|1
|move|p1b: Blaziken|Detect|p1b: Blaziken
|-singleturn|p1b: Blaziken|Protect
|move|p1a: Mamoswine|Protect|p1a: Mamoswine
|-singleturn|p1a: Mamoswine|Protect
|move|p2b: Sylveon|Hyper Voice|p1b: Blaziken|[spread] 
|-activate|p1a: Mamoswine|move: Protect
|-activate|p1b: Blaziken|move: Protect
|
|-ability|p1b: Blaziken|Speed Boost|boost
|-boost|p1b: Blaziken|spe|1
|upkeep
|turn|3
|
|t:|1784740506
|move|p2a: Incineroar|Fake Out|p1b: Blaziken
|-damage|p1b: Blaziken|16/100
|cant|p1b: Blaziken|flinch
|move|p2b: Sylveon|Hyper Voice|p1b: Blaziken|[spread] p1a,p1b
|-damage|p1a: Mamoswine|0 fnt
|-damage|p1b: Blaziken|0 fnt
|faint|p1a: Mamoswine
|faint|p1b: Blaziken
|
|upkeep
|
|t:|1784740511
|switch|p1b: Araquanid|Araquanid, L50, M, shiny|100/100
|switch|p1a: Kingambit|Kingambit, L50, M, shiny|100/100
|turn|4
|
|t:|1784740529
|move|p2b: Sylveon|Hyper Beam|p1a: Kingambit
|-damage|p1a: Kingambit|0 fnt
|-mustrecharge|p2b: Sylveon
|faint|p1a: Kingambit
|move|p2a: Incineroar|Flare Blitz|p1b: Araquanid
|-damage|p1b: Araquanid|77/100
|-damage|p2a: Incineroar|93/100|[from] Recoil
|move|p1b: Araquanid|Liquidation|p2a: Incineroar
|-supereffective|p2a: Incineroar|1
|-damage|p2a: Incineroar|1/100
|-unboost|p2a: Incineroar|def|1
|-enditem|p2a: Incineroar|Sitrus Berry|[eat]
|-heal|p2a: Incineroar|25/100|[from] item: Sitrus Berry
|
|-sideend|p2: Pietplezier7|move: Tailwind
|upkeep
|turn|5
|
|t:|1784740546
|switch|p2a: Garchomp|Garchomp, L50, M|100/100
|cant|p2b: Sylveon|recharge
|move|p1b: Araquanid|Leech Life|p2a: Garchomp
|-damage|p2a: Garchomp|74/100
|-heal|p1b: Araquanid|90/100|[from] drain|[of] p2a: Garchomp
|-damage|p1b: Araquanid|78/100|[from] ability: Rough Skin|[of] p2a: Garchomp
|
|upkeep
|turn|6
|
|t:|1784740558
|move|p2a: Garchomp|Dragon Claw|p1b: Araquanid
|-damage|p1b: Araquanid|26/100
|-damage|p2a: Garchomp|64/100|[from] item: Life Orb
|move|p2b: Sylveon|Hyper Voice|p1b: Araquanid
|-damage|p1b: Araquanid|0 fnt
|faint|p1b: Araquanid
|
|win|Pietplezier7
|c|☆Pietplezier7|ggs
|l|☆keahi
|player|p1|
