|j|☆Otterz
|j|☆lolgz
|html|Otterzlolgz    
|uhtml|bestof|Game 2 of a best-of-3
|t:|1782517166
|gametype|doubles
|player|p1|Otterz|wattson|1196
|player|p2|lolgz|dawn|1322
|gen|9
|tier|[Gen 9 Champions] VGC 2026 Reg M-B (Bo3)
|rated|
|rule|Species Clause: Limit one of each Pokémon
|rule|Item Clause: Limit 1 of each item
|clearpoke
|poke|p1|Garchomp, L50, M|
|poke|p1|Charizard, L50, M|
|poke|p1|Snorlax, L50, M|
|poke|p1|Whimsicott, L50, M|
|poke|p1|Scizor, L50, M|
|poke|p1|Staraptor, L50, F|
|poke|p2|Torkoal, L50, F|
|poke|p2|Vileplume, L50, M|
|poke|p2|Farigiraf, L50, M|
|poke|p2|Scrafty, L50, F|
|poke|p2|Gallade, L50, M|
|poke|p2|Mawile, L50, M|
|teampreview|4
|showteam|p1|Garchomp||LifeOrb|RoughSkin|Earthquake,DragonClaw,RockSlide,Protect|Jolly||M|||50|]Charizard||CharizarditeY|SolarPower|HeatWave,SolarBeam,WeatherBall,Protect|Timid||M|||50|]Snorlax||Leftovers|ThickFat|Yawn,DoubleEdge,Fissure,Protect|Relaxed||M|||50|]Whimsicott||FocusSash|Prankster|Moonblast,Tailwind,Charm,Protect|Timid||M|||50|]Scizor||MetalCoat|Technician|BulletPunch,BugBite,SwordsDance,Protect|Adamant||M|||50|]Staraptor||Staraptite|Intimidate|CloseCombat,DualWingbeat,Roost,Protect|Jolly||F|||50|
|showteam|p2|Torkoal||Charcoal|Drought|Eruption,WeatherBall,EarthPower,Protect|Quiet||F|||50|]Vileplume||FocusSash|Chlorophyll|EnergyBall,SludgeBomb,SleepPowder,AfterYou|Timid||M|||50|]Farigiraf||SitrusBerry|ArmorTail|TrickRoom,Thunderbolt,Psychic,HelpingHand|Relaxed||M|||50|]Scrafty||Scraftinite|Intimidate|FakeOut,CloseCombat,KnockOff,RockTomb|Brave||F|||50|]Gallade||IronBall|Sharpness|SacredSword,PsychoCut,WideGuard,TrickRoom|Brave||M|||50|]Mawile||Mawilite|HyperCutter|SuckerPunch,PlayRough,SwordsDance,Protect|Brave||M|||50|
|inactive|Battle timer is ON: inactive players will automatically lose when time's up. (requested by lolgz)
|
|t:|1782517193
|teamsize|p1|4
|teamsize|p2|4
|start
|switch|p1a: Whimsicott|Whimsicott, L50, M|100/100
|switch|p1b: Staraptor|Staraptor, L50, F|100/100
|switch|p2a: Farigiraf|Farigiraf, L50, M|100/100
|switch|p2b: Scrafty|Scrafty, L50, F|100/100
|-ability|p1b: Staraptor|Intimidate|boost
|-unboost|p2a: Farigiraf|atk|1
|-unboost|p2b: Scrafty|atk|1
|-ability|p2b: Scrafty|Intimidate|boost
|-unboost|p1a: Whimsicott|atk|1
|-unboost|p1b: Staraptor|atk|1
|turn|1
|
|t:|1782517201
|switch|p1b: Snorlax|Snorlax, L50, M|100/100
|detailschange|p2b: Scrafty|Scrafty-Mega, L50, F
|-mega|p2b: Scrafty|Scrafty|Scraftinite
|-ability|p2b: Scrafty|Intimidate|boost
|-unboost|p1a: Whimsicott|atk|1
|-unboost|p1b: Snorlax|atk|1
|move|p2b: Scrafty|Fake Out|p1a: Whimsicott
|-damage|p1a: Whimsicott|84/100
|cant|p1a: Whimsicott|flinch
|move|p2a: Farigiraf|Trick Room|p2a: Farigiraf
|-fieldstart|move: Trick Room|[of] p2a: Farigiraf
|
|upkeep
|turn|2
|
|t:|1782517220
|switch|p1b: Staraptor|Staraptor, L50, F|100/100
|-ability|p1b: Staraptor|Intimidate|boost
|-unboost|p2a: Farigiraf|atk|1
|-unboost|p2b: Scrafty|atk|1
|move|p1a: Whimsicott|Protect|p1a: Whimsicott
|-singleturn|p1a: Whimsicott|Protect
|move|p2a: Farigiraf|Psychic|p1a: Whimsicott
|-activate|p1a: Whimsicott|move: Protect
|move|p2b: Scrafty|Knock Off|p1a: Whimsicott
|-activate|p1a: Whimsicott|move: Protect
|
|upkeep
|turn|3
|
|t:|1782517242
|switch|p2b: Torkoal|Torkoal, L50, F|100/100
|-weather|SunnyDay|[from] ability: Drought|[of] p2b: Torkoal
|detailschange|p1b: Staraptor|Staraptor-Mega, L50, F
|-mega|p1b: Staraptor|Staraptor|Staraptite
|move|p1a: Whimsicott|Charm|p1b: Staraptor
|-boost|p1b: Staraptor|atk|2
|move|p2a: Farigiraf|Psychic|p1b: Staraptor
|-supereffective|p1b: Staraptor|1
|-damage|p1b: Staraptor|22/100
|move|p1b: Staraptor|Close Combat|p2a: Farigiraf
|-damage|p2a: Farigiraf|0 fnt
|-boost|p1b: Staraptor|def|1
|-boost|p1b: Staraptor|spd|1
|faint|p2a: Farigiraf
|
|-weather|SunnyDay|[upkeep]
|upkeep
|
|t:|1782517251
|switch|p2a: Gallade|Gallade, L50, M|100/100
|turn|4
|
|t:|1782517263
|move|p1a: Whimsicott|Protect|p1a: Whimsicott
|-singleturn|p1a: Whimsicott|Protect
|move|p1b: Staraptor|Protect|p1b: Staraptor
|-singleturn|p1b: Staraptor|Protect
|move|p2b: Torkoal|Eruption|p1b: Staraptor|[spread] 
|-activate|p1a: Whimsicott|move: Protect
|-activate|p1b: Staraptor|move: Protect
|move|p2a: Gallade|Sacred Sword|p1a: Whimsicott
|-activate|p1a: Whimsicott|move: Protect
|
|-weather|SunnyDay|[upkeep]
|upkeep
|turn|5
|
|t:|1782517278
|move|p1a: Whimsicott|Protect|p1a: Whimsicott
|-singleturn|p1a: Whimsicott|Protect
|move|p1b: Staraptor|Protect|p1b: Staraptor
|-singleturn|p1b: Staraptor|Protect
|move|p2b: Torkoal|Eruption|p1b: Staraptor|[spread] 
|-activate|p1a: Whimsicott|move: Protect
|-activate|p1b: Staraptor|move: Protect
|move|p2a: Gallade|Sacred Sword|p1a: Whimsicott
|-activate|p1a: Whimsicott|move: Protect
|
|-weather|SunnyDay|[upkeep]
|-fieldend|move: Trick Room
|upkeep
|turn|6
|inactive|Otterz has 30 seconds left.
|
|t:|1782517304
|switch|p2a: Scrafty|Scrafty-Mega, L50, F|100/100
|-ability|p2a: Scrafty|Intimidate|boost
|-unboost|p1a: Whimsicott|atk|1
|-boost|p1b: Staraptor|atk|1
|move|p1a: Whimsicott|Moonblast|p2b: Torkoal
|-resisted|p2b: Torkoal|1
|-damage|p2b: Torkoal|79/100
|move|p1b: Staraptor|Dual Wingbeat|p2a: Scrafty
|-supereffective|p2a: Scrafty|1
|-crit|p2a: Scrafty
|-damage|p2a: Scrafty|0 fnt
|faint|p2a: Scrafty
|-hitcount|p2: Scrafty|1
|move|p2b: Torkoal|Weather Ball|p1b: Staraptor
|-damage|p1b: Staraptor|0 fnt
|faint|p1b: Staraptor
|
|-weather|SunnyDay|[upkeep]
|upkeep
|
|t:|1782517322
|switch|p1b: Garchomp|Garchomp, L50, M|100/100
|switch|p2a: Gallade|Gallade, L50, M|100/100
|turn|7
|
|t:|1782517331
|move|p1a: Whimsicott|Moonblast|p2a: Gallade
|-supereffective|p2a: Gallade|1
|-damage|p2a: Gallade|34/100
|-unboost|p2a: Gallade|spa|1
|move|p1b: Garchomp|Dragon Claw|p2a: Gallade
|-damage|p2a: Gallade|0 fnt
|faint|p2a: Gallade
|-damage|p1b: Garchomp|90/100|[from] item: Life Orb
|move|p2b: Torkoal|Weather Ball|p1a: Whimsicott
|-supereffective|p1a: Whimsicott|1
|-damage|p1a: Whimsicott|0 fnt
|faint|p1a: Whimsicott
|
|-weather|none
|upkeep
|-message|lolgz forfeited.
|
|win|Otterz
