|j|☆RouletteRegional
|j|☆marcosdeltasena31
|html|RouletteRegionalmarcosdeltasena31    
|uhtml|bestof|Game 2 of a best-of-3
|t:|1784398602
|gametype|doubles
|player|p1|RouletteRegional|lance|1492
|player|p2|marcosdeltasena31|hilbert|1354
|gen|9
|tier|[Gen 9 Champions] VGC 2026 Reg M-B (Bo3)
|rated|
|rule|Species Clause: Limit one of each Pokémon
|rule|Item Clause: Limit 1 of each item
|clearpoke
|poke|p1|Froslass, L50, F|
|poke|p1|Blaziken, L50, M|
|poke|p1|Dragonite, L50, F|
|poke|p1|Toxapex, L50, M|
|poke|p1|Sneasler, L50, M|
|poke|p1|Kingambit, L50, F|
|poke|p2|Charizard, L50, M, shiny|
|poke|p2|Venusaur, L50, M|
|poke|p2|Garchomp, L50, M|
|poke|p2|Incineroar, L50, F|
|poke|p2|Toxapex, L50, F|
|poke|p2|Annihilape, L50, F|
|teampreview|4
|showteam|p1|Froslass||Froslassite|CursedBody|Blizzard,ShadowBall,AuroraVeil,Protect|Timid||F|||50|]Blaziken||Blazikenite|SpeedBoost|CloseCombat,FlareBlitz,RockSlide,Protect|Adamant||M|||50|]Dragonite||LifeOrb|InnerFocus|DragonClaw,ExtremeSpeed,LowKick,Protect|Adamant||F|||50|]Toxapex||Leftovers|Regenerator|Infestation,Toxic,WideGuard,BanefulBunker|Bold||M|||50|]Sneasler||FocusSash|PoisonTouch|CloseCombat,PoisonJab,FakeOut,Protect|Jolly||M|||50|]Kingambit||BlackGlasses|Defiant|KowtowCleave,SuckerPunch,IronHead,Protect|Adamant||F|||50|
|showteam|p2|Charizard||CharizarditeY|Blaze|HeatWave,WeatherBall,Protect,HelpingHand|Modest||M|||50|]Venusaur||LifeOrb|Chlorophyll|SludgeBomb,SolarBeam,EarthPower,Protect|Modest||M|||50|]Garchomp||ChoiceScarf|RoughSkin|Earthquake,RockSlide,DragonClaw,StompingTantrum|Adamant||M|||50|]Incineroar||SitrusBerry|Intimidate|FakeOut,FlareBlitz,ThroatChop,PartingShot|Impish||F|||50|]Toxapex||Leftovers|Regenerator|Infestation,Toxic,WideGuard,BanefulBunker|Impish||F|||50|]Annihilape||FocusSash|Defiant|CloseCombat,PhantomForce,RockTomb,Protect|Jolly||F|||50|
|
|t:|1784398679
|teamsize|p1|4
|teamsize|p2|4
|start
|switch|p1a: Blaziken|Blaziken, L50, M|100/100
|switch|p1b: Kingambit|Kingambit, L50, F|100/100
|switch|p2a: Toxapex|Toxapex, L50, F|100/100
|switch|p2b: Incineroar|Incineroar, L50, F|100/100
|-ability|p2b: Incineroar|Intimidate|boost
|-unboost|p1a: Blaziken|atk|1
|-unboost|p1b: Kingambit|atk|1
|-ability|p1b: Kingambit|Defiant|boost
|-boost|p1b: Kingambit|atk|2
|turn|1
|
|t:|1784398694
|detailschange|p1a: Blaziken|Blaziken-Mega, L50, M
|-mega|p1a: Blaziken|Blaziken|Blazikenite
|move|p1a: Blaziken|Close Combat|p2b: Incineroar
|-supereffective|p2b: Incineroar|1
|-damage|p2b: Incineroar|18/100
|-unboost|p1a: Blaziken|def|1
|-unboost|p1a: Blaziken|spd|1
|-enditem|p2b: Incineroar|Sitrus Berry|[eat]
|-heal|p2b: Incineroar|43/100|[from] item: Sitrus Berry
|move|p2b: Incineroar|Flare Blitz|p1b: Kingambit
|-supereffective|p1b: Kingambit|1
|-damage|p1b: Kingambit|27/100
|-status|p1b: Kingambit|brn
|-damage|p2b: Incineroar|18/100|[from] Recoil
|move|p1b: Kingambit|Kowtow Cleave|p2a: Toxapex
|-damage|p2a: Toxapex|74/100
|move|p2a: Toxapex|Toxic|p1a: Blaziken
|-status|p1a: Blaziken|tox
|
|-heal|p2a: Toxapex|80/100|[from] item: Leftovers
|-damage|p1a: Blaziken|94/100 tox|[from] psn
|-damage|p1b: Kingambit|21/100 brn|[from] brn
|-ability|p1a: Blaziken|Speed Boost|boost
|-boost|p1a: Blaziken|spe|1
|upkeep
|turn|2
|inactive|Battle timer is ON: inactive players will automatically lose when time's up. (requested by RouletteRegional)
|
|t:|1784398720
|switch|p1a: Toxapex|Toxapex, L50, M|100/100
|move|p1b: Kingambit|Sucker Punch||[still]
|-fail|p1b: Kingambit
|move|p2b: Incineroar|Parting Shot|p1a: Toxapex
|-unboost|p1a: Toxapex|atk|1
|-unboost|p1a: Toxapex|spa|1
|
|t:|1784398729
|switch|p2b: Venusaur|Venusaur, L50, M|100/100|[from] Parting Shot
|move|p2a: Toxapex|Infestation|p1a: Toxapex
|-resisted|p1a: Toxapex|1
|-damage|p1a: Toxapex|98/100
|-activate|p1a: Toxapex|move: Infestation|[of] p2a: Toxapex
|
|-heal|p1a: Toxapex|100/100|[from] item: Leftovers
|-heal|p2a: Toxapex|85/100|[from] item: Leftovers
|-damage|p1b: Kingambit|15/100 brn|[from] brn
|-damage|p1a: Toxapex|87/100|[from] move: Infestation|[partiallytrapped]
|upkeep
|turn|3
|
|t:|1784398747
|move|p2a: Toxapex|Baneful Bunker|p2a: Toxapex
|-singleturn|p2a: Toxapex|move: Protect
|move|p1b: Kingambit|Sucker Punch|p2b: Venusaur
|-damage|p2b: Venusaur|57/100
|move|p2b: Venusaur|Earth Power|p1a: Toxapex
|-supereffective|p1a: Toxapex|1
|-damage|p1a: Toxapex|31/100
|-damage|p2b: Venusaur|47/100|[from] item: Life Orb
|move|p1a: Toxapex|Infestation|p2b: Venusaur
|-damage|p2b: Venusaur|45/100
|-activate|p2b: Venusaur|move: Infestation|[of] p1a: Toxapex
|
|-heal|p2a: Toxapex|91/100|[from] item: Leftovers
|-heal|p1a: Toxapex|37/100|[from] item: Leftovers
|-damage|p1b: Kingambit|9/100 brn|[from] brn
|-damage|p2b: Venusaur|33/100|[from] move: Infestation|[partiallytrapped]
|-damage|p1a: Toxapex|25/100|[from] move: Infestation|[partiallytrapped]
|upkeep
|turn|4
|
|t:|1784398766
|move|p2b: Venusaur|Protect|p2b: Venusaur
|-singleturn|p2b: Venusaur|Protect
|move|p1b: Kingambit|Sucker Punch||[still]
|-fail|p1b: Kingambit
|move|p2a: Toxapex|Infestation|p1b: Kingambit
|-damage|p1b: Kingambit|6/100 brn
|-activate|p1b: Kingambit|move: Infestation|[of] p2a: Toxapex
|move|p1a: Toxapex|Infestation|p2a: Toxapex
|-resisted|p2a: Toxapex|1
|-damage|p2a: Toxapex|91/100
|-activate|p2a: Toxapex|move: Infestation|[of] p1a: Toxapex
|
|-heal|p1a: Toxapex|31/100|[from] item: Leftovers
|-heal|p2a: Toxapex|96/100|[from] item: Leftovers
|-damage|p1b: Kingambit|1/100 brn|[from] brn
|-damage|p2b: Venusaur|21/100|[from] move: Infestation|[partiallytrapped]
|-damage|p1b: Kingambit|0 fnt|[from] move: Infestation|[partiallytrapped]
|faint|p1b: Kingambit
|-damage|p2a: Toxapex|84/100|[from] move: Infestation|[partiallytrapped]
|-damage|p1a: Toxapex|19/100|[from] move: Infestation|[partiallytrapped]
|upkeep
|
|t:|1784398781
|switch|p1b: Dragonite|Dragonite, L50, F|100/100
|turn|5
|
|t:|1784398788
|move|p1b: Dragonite|Extreme Speed|p2b: Venusaur
|-damage|p2b: Venusaur|0 fnt
|faint|p2b: Venusaur
|-damage|p1b: Dragonite|90/100|[from] item: Life Orb
|move|p1a: Toxapex|Infestation|p2a: Toxapex
|-resisted|p2a: Toxapex|1
|-damage|p2a: Toxapex|84/100
|move|p2a: Toxapex|Toxic|p1b: Dragonite
|-status|p1b: Dragonite|tox
|
|-heal|p1a: Toxapex|24/100|[from] item: Leftovers
|-heal|p2a: Toxapex|89/100|[from] item: Leftovers
|-damage|p1b: Dragonite|84/100 tox|[from] psn
|-damage|p1a: Toxapex|12/100|[from] move: Infestation|[partiallytrapped]
|-damage|p2a: Toxapex|77/100|[from] move: Infestation|[partiallytrapped]
|upkeep
|
|t:|1784398803
|switch|p2b: Charizard|Charizard, L50, M, shiny|100/100
|turn|6
|inactive|RouletteRegional has 30 seconds left.
|
|t:|1784398829
|detailschange|p2b: Charizard|Charizard-Mega-Y, L50, M, shiny
|-mega|p2b: Charizard|Charizard|Charizardite Y
|-weather|SunnyDay|[from] ability: Drought|[of] p2b: Charizard
|move|p1a: Toxapex|Baneful Bunker|p1a: Toxapex
|-singleturn|p1a: Toxapex|move: Protect
|move|p2b: Charizard|Heat Wave|p1b: Dragonite|[spread] p1b
|-activate|p1a: Toxapex|move: Protect
|-resisted|p1b: Dragonite|1
|-damage|p1b: Dragonite|54/100 tox
|move|p1b: Dragonite|Dragon Claw|p2a: Toxapex
|-damage|p2a: Toxapex|33/100
|-damage|p1b: Dragonite|45/100 tox|[from] item: Life Orb
|move|p2a: Toxapex|Infestation|p1b: Dragonite
|-resisted|p1b: Dragonite|1
|-damage|p1b: Dragonite|43/100 tox
|-activate|p1b: Dragonite|move: Infestation|[of] p2a: Toxapex
|
|-weather|SunnyDay|[upkeep]
|-heal|p1a: Toxapex|18/100|[from] item: Leftovers
|-heal|p2a: Toxapex|38/100|[from] item: Leftovers
|-damage|p1b: Dragonite|31/100 tox|[from] psn
|-damage|p1b: Dragonite|19/100 tox|[from] move: Infestation|[partiallytrapped]
|-damage|p2a: Toxapex|26/100|[from] move: Infestation|[partiallytrapped]
|-damage|p1a: Toxapex|6/100|[from] move: Infestation|[partiallytrapped]
|upkeep
|turn|7
|
|t:|1784398843
|move|p2a: Toxapex|Baneful Bunker|p2a: Toxapex
|-singleturn|p2a: Toxapex|move: Protect
|move|p1a: Toxapex|Wide Guard|p1a: Toxapex
|-singleturn|p1a: Toxapex|Wide Guard
|move|p2b: Charizard|Heat Wave|p1a: Toxapex|[spread] 
|-activate|p1a: Toxapex|move: Wide Guard
|-activate|p1b: Dragonite|move: Wide Guard
|move|p1b: Dragonite|Dragon Claw|p2b: Charizard
|-damage|p2b: Charizard|45/100
|-damage|p1b: Dragonite|9/100 tox|[from] item: Life Orb
|
|-weather|SunnyDay|[upkeep]
|-heal|p1a: Toxapex|12/100|[from] item: Leftovers
|-heal|p2a: Toxapex|32/100|[from] item: Leftovers
|-damage|p1b: Dragonite|0 fnt|[from] psn
|faint|p1b: Dragonite
|-end|p1a: Toxapex|Infestation|[partiallytrapped]
|-damage|p2a: Toxapex|20/100y|[from] move: Infestation|[partiallytrapped]
|upkeep
|
|t:|1784398863
|switch|p1b: Blaziken|Blaziken-Mega, L50, M|94/100 tox
|turn|8
|
|t:|1784398878
|move|p1a: Toxapex|Baneful Bunker||[still]
|-fail|p1a: Toxapex
|move|p2a: Toxapex|Wide Guard|p2a: Toxapex
|-singleturn|p2a: Toxapex|Wide Guard
|move|p1b: Blaziken|Flare Blitz|p2b: Charizard
|-resisted|p2b: Charizard|1
|-damage|p2b: Charizard|0 fnt
|faint|p2b: Charizard
|-damage|p1b: Blaziken|77/100 tox|[from] Recoil
|
|-weather|SunnyDay|[upkeep]
|-heal|p2a: Toxapex|26/100|[from] item: Leftovers
|-heal|p1a: Toxapex|17/100|[from] item: Leftovers
|-damage|p1b: Blaziken|71/100 tox|[from] psn
|-end|p2a: Toxapex|Infestation|[partiallytrapped]
|-ability|p1b: Blaziken|Speed Boost|boost
|-boost|p1b: Blaziken|spe|1
|upkeep
|
|t:|1784398889
|switch|p2b: Incineroar|Incineroar, L50, F|18/100
|-ability|p2b: Incineroar|Intimidate|boost
|-unboost|p1a: Toxapex|atk|1
|-unboost|p1b: Blaziken|atk|1
|turn|9
|
|t:|1784398900
|move|p2a: Toxapex|Baneful Bunker||[still]
|-fail|p2a: Toxapex
|move|p1b: Blaziken|Close Combat|p2b: Incineroar
|-supereffective|p2b: Incineroar|1
|-damage|p2b: Incineroar|0 fnt
|-unboost|p1b: Blaziken|def|1
|-unboost|p1b: Blaziken|spd|1
|faint|p2b: Incineroar
|move|p1a: Toxapex|Infestation|p2a: Toxapex
|-resisted|p2a: Toxapex|1
|-damage|p2a: Toxapex|25/100
|-activate|p2a: Toxapex|move: Infestation|[of] p1a: Toxapex
|
|-weather|SunnyDay|[upkeep]
|-heal|p1a: Toxapex|23/100|[from] item: Leftovers
|-heal|p2a: Toxapex|31/100|[from] item: Leftovers
|-damage|p1b: Blaziken|59/100 tox|[from] psn
|-damage|p2a: Toxapex|19/100|[from] move: Infestation|[partiallytrapped]
|-ability|p1b: Blaziken|Speed Boost|boost
|-boost|p1b: Blaziken|spe|1
|upkeep
|turn|10
|
|t:|1784398907
|move|p2a: Toxapex|Baneful Bunker|p2a: Toxapex
|-singleturn|p2a: Toxapex|move: Protect
|move|p1b: Blaziken|Flare Blitz|p2a: Toxapex
|-activate|p2a: Toxapex|move: Protect
|move|p1a: Toxapex|Infestation|p2a: Toxapex
|-activate|p2a: Toxapex|move: Protect
|
|-weather|none
|-heal|p1a: Toxapex|29/100|[from] item: Leftovers
|-heal|p2a: Toxapex|24/100|[from] item: Leftovers
|-damage|p1b: Blaziken|42/100 tox|[from] psn
|-damage|p2a: Toxapex|12/100|[from] move: Infestation|[partiallytrapped]
|-ability|p1b: Blaziken|Speed Boost|boost
|-boost|p1b: Blaziken|spe|1
|upkeep
|turn|11
|
|t:|1784398919
|move|p2a: Toxapex|Baneful Bunker||[still]
|-fail|p2a: Toxapex
|move|p1b: Blaziken|Close Combat|p2a: Toxapex
|-resisted|p2a: Toxapex|1
|-damage|p2a: Toxapex|0 fnt
|-unboost|p1b: Blaziken|def|1
|-unboost|p1b: Blaziken|spd|1
|faint|p2a: Toxapex
|
|win|RouletteRegional
