|j|☆seeyouatthetip
|j|☆Schroombert
|html|seeyouatthetipSchroombert    
|uhtml|bestof|Game 1 of a best-of-3
|t:|1756491463
|gametype|doubles
|player|p1|seeyouatthetip|hiker-gen4|1309
|player|p2|Schroombert|rancher|1313
|gen|9
|tier|[Gen 9] VGC 2025 Reg H (Bo3)
|rated|
|rule|Species Clause: Limit one of each Pokémon
|rule|Item Clause: Limit 1 of each item
|clearpoke
|poke|p1|Amoonguss, L50, M|
|poke|p1|Incineroar, L50, M|
|poke|p1|Gholdengo, L50|
|poke|p1|Annihilape, L50, M|
|poke|p1|Kingambit, L50, F|
|poke|p1|Dragonite, L50, F|
|poke|p2|Whimsicott, L50, M|
|poke|p2|Garchomp, L50, F|
|poke|p2|Gholdengo, L50|
|poke|p2|Incineroar, L50, M|
|poke|p2|Annihilape, L50, F|
|poke|p2|Dragonite, L50, F|
|teampreview|4
|showteam|p1|Amoonguss||SitrusBerry|Regenerator|Spore,RagePowder,SludgeBomb,Protect|||M|||50|,,,,,Fire]Incineroar||SafetyGoggles|Intimidate|FlareBlitz,FakeOut,PartingShot,KnockOff|||M|||50|,,,,,Ghost]Gholdengo||LifeOrb|GoodasGold|MakeItRain,ShadowBall,NastyPlot,Protect||||||50|,,,,,Steel]Annihilape||FocusSash|Defiant|CloseCombat,RageFist,Coaching,FinalGambit|||M|||50|,,,,,Grass]Kingambit||AssaultVest|Defiant|KowtowCleave,SuckerPunch,IronHead,LowKick|||F|||50|,,,,,Dark]Dragonite||LoadedDice|Multiscale|ScaleShot,ExtremeSpeed,Haze,Protect|||F|||50|,,,,,Fairy
|showteam|p2|Whimsicott||FocusSash|Prankster|Moonblast,Tailwind,Encore,Protect|||M|||50|,,,,,Ghost]Garchomp||LifeOrb|RoughSkin|Earthquake,DragonClaw,StompingTantrum,Protect|||F|||50|,,,,,Steel]Gholdengo||ChoiceSpecs|GoodasGold|MakeItRain,ShadowBall,Trick,Protect||||||50|,,,,,Steel]Incineroar||AssaultVest|Intimidate|FakeOut,FlareBlitz,KnockOff,Uturn|||M|||50|,,,,,Grass]Annihilape||PowerHerb|Defiant|CloseCombat,PhantomForce,Coaching,Protect|||F|||50|,,,,,Stellar]Dragonite||LoadedDice|InnerFocus|ScaleShot,Tailwind,Haze,Protect|||F|||50|,,,,,Fairy
|inactive|Battle timer is ON: inactive players will automatically lose when time's up. (requested by Schroombert)
|inactive|seeyouatthetip has 60 seconds left.
|inactive|Schroombert has 60 seconds left.
|inactive|seeyouatthetip has 30 seconds left.
|
|t:|1756491529
|teamsize|p1|4
|teamsize|p2|4
|start
|switch|p1a: Incineroar|Incineroar, L50, M|100/100
|switch|p1b: Amoonguss|Amoonguss, L50, M|100/100
|switch|p2a: Annihilape|Annihilape, L50, F, shiny|100/100
|switch|p2b: Incineroar|Incineroar, L50, M, shiny|100/100
|-ability|p1a: Incineroar|Intimidate|boost
|-unboost|p2a: Annihilape|atk|1
|-ability|p2a: Annihilape|Defiant|boost
|-boost|p2a: Annihilape|atk|2
|-unboost|p2b: Incineroar|atk|1
|-ability|p2b: Incineroar|Intimidate|boost
|-unboost|p1a: Incineroar|atk|1
|-unboost|p1b: Amoonguss|atk|1
|turn|1
|
|t:|1756491550
|switch|p2b: Gholdengo|Gholdengo, L50|100/100
|move|p2a: Annihilape|Protect|p2a: Annihilape
|-singleturn|p2a: Annihilape|Protect
|move|p1a: Incineroar|Fake Out|p2b: Gholdengo
|-immune|p2b: Gholdengo
|move|p1b: Amoonguss|Spore|p2a: Annihilape
|-activate|p2a: Annihilape|move: Protect
|
|upkeep
|turn|2
|inactive|seeyouatthetip has 30 seconds left.
|
|t:|1756491582
|move|p1b: Amoonguss|Rage Powder|p1b: Amoonguss
|-singleturn|p1b: Amoonguss|move: Rage Powder
|move|p2a: Annihilape|Phantom Force||[still]
|-prepare|p2a: Annihilape|Phantom Force
|-enditem|p2a: Annihilape|Power Herb
|-anim|p2a: Annihilape|Phantom Force|p1b: Amoonguss
|-damage|p1b: Amoonguss|50/100
|-enditem|p1b: Amoonguss|Sitrus Berry|[eat]
|-heal|p1b: Amoonguss|74/100|[from] item: Sitrus Berry
|move|p2b: Gholdengo|Shadow Ball|p1b: Amoonguss
|-damage|p1b: Amoonguss|29/100
|move|p1a: Incineroar|Flare Blitz|p2a: Annihilape
|-damage|p2a: Annihilape|63/100
|-status|p2a: Annihilape|brn
|-damage|p1a: Incineroar|89/100|[from] Recoil
|
|-damage|p2a: Annihilape|57/100 brn|[from] brn
|upkeep
|turn|3
|inactive|seeyouatthetip has 30 seconds left.
|inactive|Schroombert has 30 seconds left.
|inactive|seeyouatthetip has 20 seconds left.
|inactive|Schroombert has 20 seconds left.
|inactive|Schroombert has 15 seconds left.
|inactive|Schroombert has 10 seconds left.
|
|t:|1756491630
|switch|p2b: Garchomp|Garchomp, L50, F, shiny|100/100
|switch|p1b: Kingambit|Kingambit, L50, F, shiny|100/100
|move|p2a: Annihilape|Coaching|p2b: Garchomp
|-boost|p2b: Garchomp|atk|1
|-boost|p2b: Garchomp|def|1
|move|p1a: Incineroar|Flare Blitz|p2b: Garchomp
|-resisted|p2b: Garchomp
|-damage|p2b: Garchomp|87/100
|-status|p2b: Garchomp|brn
|-damage|p1a: Incineroar|77/100|[from] ability: Rough Skin|[of] p2b: Garchomp
|-damage|p1a: Incineroar|73/100|[from] Recoil
|
|-damage|p2b: Garchomp|81/100 brn|[from] brn
|-damage|p2a: Annihilape|51/100 brn|[from] brn
|upkeep
|turn|4
|c|☆Schroombert|Haha
|c|☆seeyouatthetip|oops
|inactive|seeyouatthetip has 30 seconds left.
|inactive|seeyouatthetip has 20 seconds left.
|inactive|seeyouatthetip has 15 seconds left.
|
|t:|1756491670
|-terastallize|p1b: Kingambit|Dark
|move|p1b: Kingambit|Sucker Punch|p2a: Annihilape
|-damage|p2a: Annihilape|0 fnt
|faint|p2a: Annihilape
|move|p2b: Garchomp|Stomping Tantrum|p1b: Kingambit
|-damage|p1b: Kingambit|68/100
|-damage|p2b: Garchomp|72/100 brn|[from] item: Life Orb
|move|p1a: Incineroar|Parting Shot|p2b: Garchomp
|-unboost|p2b: Garchomp|atk|1
|-unboost|p2b: Garchomp|spa|1
|
|t:|1756491681
|switch|p1a: Amoonguss|Amoonguss, L50, M|63/100|[from] Parting Shot
|
|-damage|p2b: Garchomp|66/100 brn|[from] brn
|upkeep
|
|t:|1756491684
|switch|p2a: Gholdengo|Gholdengo, L50|100/100
|turn|5
|
|t:|1756491699
|switch|p1a: Incineroar|Incineroar, L50, M|73/100
|-ability|p1a: Incineroar|Intimidate|boost
|-unboost|p2a: Gholdengo|atk|1
|-unboost|p2b: Garchomp|atk|1
|-terastallize|p2a: Gholdengo|Steel
|move|p2b: Garchomp|Stomping Tantrum|p1b: Kingambit
|-damage|p1b: Kingambit|54/100
|-damage|p2b: Garchomp|56/100 brn|[from] item: Life Orb
|move|p2a: Gholdengo|Make It Rain|p1a: Incineroar|[spread] p1a,p1b
|-resisted|p1a: Incineroar
|-damage|p1a: Incineroar|28/100
|-damage|p1b: Kingambit|0 fnt
|-unboost|p2a: Gholdengo|spa|1
|faint|p1b: Kingambit
|
|-damage|p2b: Garchomp|50/100 brn|[from] brn
|upkeep
|
|t:|1756491711
|switch|p1b: Dragonite|Dragonite, L50, F|100/100
|turn|6
|inactive|seeyouatthetip has 30 seconds left.
|
|t:|1756491736
|switch|p2b: Incineroar|Incineroar, L50, M, shiny|100/100
|-ability|p2b: Incineroar|Intimidate|boost
|-unboost|p1a: Incineroar|atk|1
|-unboost|p1b: Dragonite|atk|1
|move|p1a: Incineroar|Fake Out|p2b: Incineroar
|-damage|p2b: Incineroar|92/100
|move|p2a: Gholdengo|Make It Rain|p1b: Dragonite|[spread] p1a,p1b
|-resisted|p1a: Incineroar
|-damage|p1a: Incineroar|3/100
|-damage|p1b: Dragonite|69/100
|-unboost|p2a: Gholdengo|spa|1
|move|p1b: Dragonite|Scale Shot|p2a: Gholdengo
|-resisted|p2a: Gholdengo
|-crit|p2a: Gholdengo
|-damage|p2a: Gholdengo|89/100
|-resisted|p2a: Gholdengo
|-damage|p2a: Gholdengo|84/100
|-resisted|p2a: Gholdengo
|-damage|p2a: Gholdengo|79/100
|-resisted|p2a: Gholdengo
|-damage|p2a: Gholdengo|73/100
|-resisted|p2a: Gholdengo
|-damage|p2a: Gholdengo|68/100
|-hitcount|p2a: Gholdengo|5
|-unboost|p1b: Dragonite|def|1
|-boost|p1b: Dragonite|spe|1
|
|upkeep
|turn|7
|inactive|seeyouatthetip has 30 seconds left.
|inactive|seeyouatthetip has 20 seconds left.
|
|t:|1756491773
|switch|p2a: Garchomp|Garchomp, L50, F, shiny|50/100 brn
|move|p1b: Dragonite|Protect|p1b: Dragonite
|-singleturn|p1b: Dragonite|Protect
|move|p1a: Incineroar|Flare Blitz|p2a: Garchomp
|-resisted|p2a: Garchomp
|-damage|p2a: Garchomp|31/100 brn
|-damage|p1a: Incineroar|0 fnt|[from] ability: Rough Skin|[of] p2a: Garchomp
|faint|p1a: Incineroar
|move|p2b: Incineroar|U-turn|p1b: Dragonite
|-activate|p1b: Dragonite|move: Protect
|
|-damage|p2a: Garchomp|25/100 brn|[from] brn
|upkeep
|
|t:|1756491786
|switch|p1a: Amoonguss|Amoonguss, L50, M|96/100
|turn|8
|
|t:|1756491803
|move|p2a: Garchomp|Protect|p2a: Garchomp
|-singleturn|p2a: Garchomp|Protect
|move|p1b: Dragonite|Scale Shot|p2b: Incineroar|[miss]
|-miss|p1b: Dragonite|p2b: Incineroar
|move|p2b: Incineroar|U-turn|p1a: Amoonguss
|-damage|p1a: Amoonguss|76/100
|
|t:|1756491811
|switch|p2b: Gholdengo|Gholdengo, L50, tera:Steel|68/100|[from] U-turn
|move|p1a: Amoonguss|Spore|p2a: Garchomp
|-activate|p2a: Garchomp|move: Protect
|
|-damage|p2a: Garchomp|19/100 brn|[from] brn
|upkeep
|turn|9
|
|t:|1756491829
|move|p1b: Dragonite|Protect|p1b: Dragonite
|-singleturn|p1b: Dragonite|Protect
|move|p2a: Garchomp|Dragon Claw|p1b: Dragonite
|-activate|p1b: Dragonite|move: Protect
|move|p2b: Gholdengo|Make It Rain|p1a: Amoonguss|[spread] p1a
|-activate|p1b: Dragonite|move: Protect
|-damage|p1a: Amoonguss|0 fnt
|-unboost|p2b: Gholdengo|spa|1
|faint|p1a: Amoonguss
|
|-damage|p2a: Garchomp|13/100 brn|[from] brn
|upkeep
|turn|10
|
|t:|1756491840
|switch|p2a: Incineroar|Incineroar, L50, M, shiny|92/100
|-ability|p2a: Incineroar|Intimidate|boost
|-unboost|p1b: Dragonite|atk|1
|move|p1b: Dragonite|Scale Shot|p2a: Incineroar
|-damage|p2a: Incineroar|84/100
|-damage|p2a: Incineroar|76/100
|-damage|p2a: Incineroar|68/100
|-damage|p2a: Incineroar|59/100
|-hitcount|p2a: Incineroar|4
|-unboost|p1b: Dragonite|def|1
|-boost|p1b: Dragonite|spe|1
|move|p2b: Gholdengo|Make It Rain|p1b: Dragonite
|-damage|p1b: Dragonite|0 fnt
|-unboost|p2b: Gholdengo|spa|1
|faint|p1b: Dragonite
|
|win|Schroombert
||seeyouatthetip is ready for game 2.
|inactive|Schroombert has 30 seconds to confirm battle start!
|inactive|Schroombert has 20 seconds to confirm battle start!
||Schroombert is ready for game 2.
|uhtml|next|Next: Game 2 of 3
