|j|☆poke7eanz
|j|☆Luna_walking
|html|poke7eanzLuna_walking    
|uhtml|bestof|Game 1 of a best-of-3
|t:|1786109170
|gametype|doubles
|player|p1|poke7eanz|clown|1092
|player|p2|Luna_walking|265|1165
|gen|9
|tier|[Gen 9 Champions] VGC 2026 Reg M-B (Bo3)
|rated|
|rule|Species Clause: Limit one of each Pokémon
|rule|Item Clause: Limit 1 of each item
|clearpoke
|poke|p1|Raichu, L50, M|
|poke|p1|Staraptor, L50, F|
|poke|p1|Sylveon, L50, M|
|poke|p1|Farigiraf, L50, M|
|poke|p1|Kingambit, L50, F|
|poke|p1|Arcanine-Hisui, L50, F|
|poke|p2|Charizard, L50, F|
|poke|p2|Floette-Eternal, L50, F|
|poke|p2|Whimsicott, L50, M|
|poke|p2|Incineroar, L50, M|
|poke|p2|Basculegion, L50, M|
|poke|p2|Garchomp, L50, M|
|teampreview|4
|showteam|p1|Raichu||RaichuniteY|LightningRod|ZapCannon,FocusBlast,FakeOut,Protect|Timid||M|||50|]Staraptor||Staraptite|Intimidate|CloseCombat,BraveBird,Tailwind,Protect|Adamant||F|||50|]Sylveon||FairyFeather|Pixilate|Moonblast,HyperVoice,QuickAttack,Detect|Modest||M|||50|]Farigiraf||SitrusBerry|ArmorTail|Psychic,Thunderbolt,TrickRoom,Protect|Modest||M|||50|]Kingambit||LifeOrb|Defiant|KowtowCleave,IronHead,SuckerPunch,Protect|Adamant||F|||50|]Arcanine-Hisui||FocusSash|RockHead|FlareBlitz,HeadSmash,ExtremeSpeed,Protect|Adamant||F|||50|
|showteam|p2|Charizard||CharizarditeY|Blaze|HeatWave,WeatherBall,SolarBeam,Protect|Modest||F|||50|]Floette-Eternal||Floettite|FlowerVeil|Moonblast,DazzlingGleam,LightofRuin,Protect|Modest||F|||50|]Whimsicott||FocusSash|Prankster|Moonblast,Encore,Tailwind,Protect|Timid||M|||50|]Incineroar||SitrusBerry|Intimidate|FlareBlitz,DarkestLariat,PartingShot,FakeOut|Adamant||M|||50|]Basculegion||MysticWater|Adaptability|WaveCrash,LastRespects,AquaJet,Protect|Adamant||M|||50|]Garchomp||LifeOrb|RoughSkin|DragonClaw,Earthquake,Protect,RockSlide|Jolly||M|||50|
|inactive|Battle timer is ON: inactive players will automatically lose when time's up. (requested by poke7eanz)
|inactive|poke7eanz has 60 seconds left.
|
|t:|1786109226
|teamsize|p1|4
|teamsize|p2|4
|start
|switch|p1a: Raichu|Raichu, L50, M|100/100
|switch|p1b: Arcanine|Arcanine-Hisui, L50, F|100/100
|switch|p2a: Garchomp|Garchomp, L50, M|100/100
|switch|p2b: Whimsicott|Whimsicott, L50, M|100/100
|turn|1
|
|t:|1786109245
|switch|p1b: Sylveon|Sylveon, L50, M|100/100
|detailschange|p1a: Raichu|Raichu-Mega-Y, L50, M
|-mega|p1a: Raichu|Raichu|Raichunite Y
|move|p1a: Raichu|Fake Out|p2a: Garchomp
|-damage|p2a: Garchomp|91/100
|-damage|p1a: Raichu|88/100|[from] ability: Rough Skin|[of] p2a: Garchomp
|move|p2b: Whimsicott|Tailwind|p2b: Whimsicott
|-sidestart|p2: Luna_walking|move: Tailwind
|cant|p2a: Garchomp|flinch
|
|upkeep
|turn|2
|
|t:|1786109265
|switch|p2a: Charizard|Charizard, L50, F|100/100
|switch|p1a: Farigiraf|Farigiraf, L50, M|100/100
|move|p2b: Whimsicott|Moonblast|p1b: Sylveon
|-damage|p1b: Sylveon|73/100
|-unboost|p1b: Sylveon|spa|1
|move|p1b: Sylveon|Hyper Voice|p2a: Charizard|[spread] p2a,p2b
|-resisted|p2a: Charizard|1
|-damage|p2a: Charizard|80/100
|-damage|p2b: Whimsicott|40/100
|
|upkeep
|turn|3
|
|t:|1786109290
|switch|p1b: Arcanine|Arcanine-Hisui, L50, F|100/100
|detailschange|p2a: Charizard|Charizard-Mega-Y, L50, F
|-mega|p2a: Charizard|Charizard|Charizardite Y
|-weather|SunnyDay|[from] ability: Drought|[of] p2a: Charizard
|move|p2b: Whimsicott|Moonblast|p1a: Farigiraf
|-damage|p1a: Farigiraf|63/100
|move|p2a: Charizard|Weather Ball|p1a: Farigiraf
|-damage|p1a: Farigiraf|0 fnt
|faint|p1a: Farigiraf
|
|-weather|SunnyDay|[upkeep]
|upkeep
|
|t:|1786109305
|switch|p1a: Sylveon|Sylveon, L50, M|73/100
|turn|4
|inactive|poke7eanz has 30 seconds left.
|
|t:|1786109332
|move|p2b: Whimsicott|Moonblast|p1a: Sylveon
|-damage|p1a: Sylveon|44/100
|move|p2a: Charizard|Heat Wave|p1b: Arcanine|[spread] p1a,p1b
|-resisted|p1b: Arcanine|2
|-damage|p1a: Sylveon|0 fnt
|-damage|p1b: Arcanine|80/100
|faint|p1a: Sylveon
|move|p1b: Arcanine|Head Smash|p2a: Charizard
|-supereffective|p2a: Charizard|2
|-damage|p2a: Charizard|0 fnt
|faint|p2a: Charizard
|
|-weather|SunnyDay|[upkeep]
|-sideend|p2: Luna_walking|move: Tailwind
|upkeep
|
|t:|1786109343
|switch|p2a: Garchomp|Garchomp, L50, M|91/100
|switch|p1a: Raichu|Raichu-Mega-Y, L50, M|88/100
|turn|5
|
|t:|1786109361
|move|p2b: Whimsicott|Protect|p2b: Whimsicott
|-singleturn|p2b: Whimsicott|Protect
|move|p2a: Garchomp|Protect|p2a: Garchomp
|-singleturn|p2a: Garchomp|Protect
|move|p1a: Raichu|Focus Blast|p2a: Garchomp
|-activate|p2a: Garchomp|move: Protect
|move|p1b: Arcanine|Flare Blitz|p2a: Garchomp
|-activate|p2a: Garchomp|move: Protect
|
|-weather|SunnyDay|[upkeep]
|upkeep
|turn|6
|
|t:|1786109373
|move|p2b: Whimsicott|Tailwind|p2b: Whimsicott
|-sidestart|p2: Luna_walking|move: Tailwind
|move|p2a: Garchomp|Earthquake|p1b: Arcanine|[spread] p2b,p1a,p1b
|-resisted|p2b: Whimsicott|1
|-supereffective|p1a: Raichu|1
|-supereffective|p1b: Arcanine|2
|-damage|p2b: Whimsicott|2/100
|-damage|p1a: Raichu|0 fnt
|-damage|p1b: Arcanine|0 fnt
|faint|p1a: Raichu
|faint|p1b: Arcanine
|-damage|p2a: Garchomp|81/100|[from] item: Life Orb
|
|win|Luna_walking
