|j|☆Neckjustdidthat
|j|☆SRareFox
|html|NeckjustdidthatSRareFox    
|uhtml|bestof|Game 2 of a best-of-3
|t:|1757774212
|gametype|doubles
|player|p1|Neckjustdidthat|lass-gen4|1057
|player|p2|SRareFox|169|1165
|gen|9
|tier|[Gen 9] VGC 2025 Reg H (Bo3)
|rated|
|rule|Species Clause: Limit one of each Pokémon
|rule|Item Clause: Limit 1 of each item
|clearpoke
|poke|p1|Excadrill, L50, F|
|poke|p1|Tyranitar, L50, M|
|poke|p1|Sneasler, L50, F|
|poke|p1|Indeedee, L50, M|
|poke|p1|Corviknight, L50, F|
|poke|p1|Annihilape, L50, M|
|poke|p2|Indeedee-F, L50, F|
|poke|p2|Gallade, L50, M|
|poke|p2|Hatterene, L50, F|
|poke|p2|Ursaluna, L50, M|
|poke|p2|Torkoal, L50, F|
|poke|p2|Porygon2, L50|
|teampreview|4
|showteam|p1|Excadrill||FocusSash|SandRush|IronHead,HighHorsepower,Earthquake,Protect|||F|||50|,,,,,Stellar]Tyranitar||AssaultVest|SandStream|RockSlide,KnockOff,TeraBlast,LowKick|||M|||50|,,,,,Flying]Sneasler||PsychicSeed|Unburden|DireClaw,CloseCombat,ThroatChop,Protect|||F|||50|,,,,,Dark]Indeedee||ChoiceScarf|PsychicSurge|ExpandingForce,TeraBlast,Protect,Trick|||M|||50|,,,,,Psychic]Corviknight||Leftovers|MirrorArmor|BraveBird,BulkUp,Tailwind,Roost|||F|||50|,,,,,Dragon]Annihilape||SafetyGoggles|Defiant|CloseCombat,FinalGambit,RageFist,Taunt|||M|||50|,,,,,Water
|showteam|p2|Indeedee-F||SafetyGoggles|PsychicSurge|Psychic,FollowMe,TrickRoom,HelpingHand|||F|||50|,,,,,Water]Gallade||ClearAmulet|Sharpness|PsychoCut,SacredSword,TrickRoom,WideGuard|||M|||50|,,,,,Grass]Hatterene||LifeOrb|MagicBounce|ExpandingForce,DazzlingGleam,TrickRoom,MysticalFire|||F|||50|,,,,,Fire]Ursaluna||FlameOrb|Guts|Facade,HeadlongRush,Earthquake,Protect|||M|||50|,,,,,Ghost]Torkoal||Charcoal|Drought|Eruption,WeatherBall,ClearSmog,Protect|||F|||50|,,,,,Fire]Porygon2||Eviolite|Download|IceBeam,TeraBlast,TrickRoom,Recover||||||50|,,,,,Flying
|inactive|Battle timer is ON: inactive players will automatically lose when time's up. (requested by SRareFox)
|
|t:|1757774228
|teamsize|p1|4
|teamsize|p2|4
|start
|switch|p1a: Tyranitar|Tyranitar, L50, M, shiny|100/100
|switch|p1b: Excadrill|Excadrill, L50, F, shiny|100/100
|switch|p2a: Indeedee|Indeedee-F, L50, F|100/100
|switch|p2b: Gallade|Gallade, L50, M|100/100
|-weather|Sandstorm|[from] ability: Sand Stream|[of] p1a: Tyranitar
|-fieldstart|move: Psychic Terrain|[from] ability: Psychic Surge|[of] p2a: Indeedee
|turn|1
|inactive|Neckjustdidthat has 30 seconds left.
|
|t:|1757774253
|-terastallize|p1a: Tyranitar|Flying
|move|p2a: Indeedee|Follow Me|p2a: Indeedee
|-singleturn|p2a: Indeedee|move: Follow Me
|move|p1b: Excadrill|Earthquake|p2b: Gallade|[spread] p2a,p2b
|-immune|p1a: Tyranitar
|-damage|p2a: Indeedee|58/100
|-damage|p2b: Gallade|36/100
|move|p1a: Tyranitar|Rock Slide|p2a: Indeedee|[spread] p2a,p2b
|-resisted|p2b: Gallade
|-damage|p2a: Indeedee|25/100
|-damage|p2b: Gallade|15/100
|move|p2b: Gallade|Trick Room|p2b: Gallade
|-fieldstart|move: Trick Room|[of] p2b: Gallade
|
|-weather|Sandstorm|[upkeep]
|-damage|p2b: Gallade|10/100|[from] Sandstorm
|-damage|p1a: Tyranitar|94/100|[from] Sandstorm
|upkeep
|turn|2
|inactive|SRareFox has 30 seconds left.
|inactive|Neckjustdidthat has 30 seconds left.
|inactive|SRareFox has 20 seconds left.
|inactive|Neckjustdidthat has 20 seconds left.
|inactive|Neckjustdidthat has 15 seconds left.
|
|t:|1757774302
|move|p1b: Excadrill|Protect|p1b: Excadrill
|-singleturn|p1b: Excadrill|Protect
|move|p2b: Gallade|Wide Guard|p2b: Gallade
|-singleturn|p2b: Gallade|Wide Guard
|move|p2a: Indeedee|Psychic|p1a: Tyranitar
|-damage|p1a: Tyranitar|72/100
|move|p1a: Tyranitar|Rock Slide|p2a: Indeedee|[spread] 
|-activate|p2a: Indeedee|move: Wide Guard
|-activate|p2b: Gallade|move: Wide Guard
|
|-weather|Sandstorm|[upkeep]
|-damage|p2b: Gallade|4/100|[from] Sandstorm
|-damage|p1a: Tyranitar|66/100|[from] Sandstorm
|upkeep
|turn|3
|inactive|SRareFox has 30 seconds left.
|
|t:|1757774330
|switch|p1b: Annihilape|Annihilape, L50, M|100/100
|move|p2b: Gallade|Sacred Sword|p1b: Annihilape
|-immune|p1b: Annihilape
|move|p2a: Indeedee|Psychic|p1b: Annihilape
|-supereffective|p1b: Annihilape
|-damage|p1b: Annihilape|32/100
|move|p1a: Tyranitar|Rock Slide|p2a: Indeedee|[spread] p2a,p2b
|-resisted|p2b: Gallade
|-damage|p2a: Indeedee|0 fnt
|-damage|p2b: Gallade|0 fnt
|faint|p2a: Indeedee
|faint|p2b: Gallade
|
|-weather|Sandstorm|[upkeep]
|-damage|p1a: Tyranitar|60/100|[from] Sandstorm
|upkeep
|
|t:|1757774335
|switch|p2b: Torkoal|Torkoal, L50, F|100/100
|switch|p2a: Hatterene|Hatterene, L50, F|100/100
|-weather|SunnyDay|[from] ability: Drought|[of] p2b: Torkoal
|turn|4
|
|t:|1757774357
|switch|p1a: Corviknight|Corviknight, L50, F|100/100
|-terastallize|p2b: Torkoal|Fire
|move|p2b: Torkoal|Eruption|p1b: Annihilape|[spread] p1a,p1b
|-supereffective|p1a: Corviknight
|-damage|p1a: Corviknight|0 fnt
|-damage|p1b: Annihilape|0 fnt
|faint|p1a: Corviknight
|faint|p1b: Annihilape
|move|p2a: Hatterene|Expanding Force|p1: Corviknight|[notarget]
|-fail|p2a: Hatterene
|
|-weather|SunnyDay|[upkeep]
|upkeep
|
|t:|1757774364
|switch|p1a: Tyranitar|Tyranitar, L50, M, shiny, tera:Flying|60/100
|switch|p1b: Excadrill|Excadrill, L50, F, shiny|100/100
|-weather|Sandstorm|[from] ability: Sand Stream|[of] p1a: Tyranitar
|turn|5
|
|t:|1757774383
|move|p1b: Excadrill|Protect|p1b: Excadrill
|-singleturn|p1b: Excadrill|Protect
|move|p2b: Torkoal|Eruption|p1a: Tyranitar|[spread] p1a
|-activate|p1b: Excadrill|move: Protect
|-damage|p1a: Tyranitar|19/100
|move|p2a: Hatterene|Expanding Force|p1b: Excadrill|[spread] p1a
|-activate|p1b: Excadrill|move: Protect
|-damage|p1a: Tyranitar|0 fnt
|faint|p1a: Tyranitar
|-damage|p2a: Hatterene|91/100|[from] item: Life Orb
|
|-weather|Sandstorm|[upkeep]
|-damage|p2b: Torkoal|94/100|[from] Sandstorm
|-damage|p2a: Hatterene|85/100|[from] Sandstorm
|-fieldend|move: Trick Room
|-fieldend|move: Psychic Terrain
|upkeep
|turn|6
|inactive|Neckjustdidthat has 30 seconds left.
|inactive|SRareFox has 30 seconds left.
|
|t:|1757774413
|move|p1b: Excadrill|Iron Head|p2a: Hatterene
|-supereffective|p2a: Hatterene
|-damage|p2a: Hatterene|0 fnt
|faint|p2a: Hatterene
|move|p2b: Torkoal|Weather Ball|p1b: Excadrill
|-resisted|p1b: Excadrill
|-damage|p1b: Excadrill|90/100
|
|-weather|Sandstorm|[upkeep]
|-damage|p2b: Torkoal|88/100|[from] Sandstorm
|upkeep
|turn|7
|
|t:|1757774430
|move|p1b: Excadrill|Protect|p1b: Excadrill
|-singleturn|p1b: Excadrill|Protect
|move|p2b: Torkoal|Eruption|p1b: Excadrill
|-activate|p1b: Excadrill|move: Protect
|
|-weather|Sandstorm|[upkeep]
|-damage|p2b: Torkoal|82/100|[from] Sandstorm
|upkeep
|turn|8
|
|t:|1757774440
|move|p1b: Excadrill|Earthquake|p2b: Torkoal
|-supereffective|p2b: Torkoal
|-crit|p2b: Torkoal
|-damage|p2b: Torkoal|0 fnt
|faint|p2b: Torkoal
|
|win|Neckjustdidthat
||Neckjustdidthat is ready for game 3.
