|j|☆SHOMA_WIN
|j|☆ThePrinceofNT
|html|SHOMA_WINThePrinceofNT    
|uhtml|bestof|Game 1 of a best-of-3
|t:|1782305374
|gametype|doubles
|player|p1|SHOMA_WIN|scientist|1422
|player|p2|ThePrinceofNT|2|1238
|gen|9
|tier|[Gen 9 Champions] VGC 2026 Reg M-B (Bo3)
|rated|
|rule|Species Clause: Limit one of each Pokémon
|rule|Item Clause: Limit 1 of each item
|clearpoke
|poke|p1|Aerodactyl, L50, F|
|poke|p1|Garchomp, L50, F|
|poke|p1|Kingambit, L50, F|
|poke|p1|Charizard, L50, F|
|poke|p1|Sylveon, L50, F|
|poke|p1|Farigiraf, L50, F|
|poke|p2|Pyroar, L50, F|
|poke|p2|Whimsicott, L50, M|
|poke|p2|Farigiraf, L50, F|
|poke|p2|Torkoal, L50, M|
|poke|p2|Sneasler, L50, F|
|poke|p2|Mawile, L50, F|
|teampreview|4
|showteam|p1|Aerodactyl||Aerodactylite|Unnerve|IceFang,RockSlide,Tailwind,DualWingbeat|Jolly||F|||50|]Garchomp||LifeOrb|RoughSkin|DragonClaw,StompingTantrum,Earthquake,Protect|Jolly||F|||50|]Kingambit||FocusSash|Defiant|SuckerPunch,KowtowCleave,IronHead,LowKick|Adamant||F|||50|]Charizard||CharizarditeY|Blaze|Protect,WeatherBall,HeatWave,SolarBeam|Modest||F|||50|]Sylveon||FairyFeather|Pixilate|Protect,HyperVoice,HyperBeam,QuickAttack|Modest||F|||50|]Farigiraf||SitrusBerry|ArmorTail|TrickRoom,Thunderbolt,Roar,TwinBeam|Bold||F|||50|
|showteam|p2|Pyroar||Pyroarite|Rivalry|HeatWave,Overheat,SolarBeam,Protect|Modest||F|||50|]Whimsicott||FocusSash|Prankster|SunnyDay,Tailwind,Moonblast,FakeTears|Modest||M|||50|]Farigiraf||SitrusBerry|ArmorTail|HelpingHand,TrickRoom,TwinBeam,Thunderbolt|Bold||F|||50|]Torkoal||Charcoal|Drought|HeatWave,HelpingHand,Protect,Eruption|Quiet||M|||50|]Sneasler||WhiteHerb|Unburden|CloseCombat,GunkShot,Protect,FakeOut|Adamant||F|||50|]Mawile||Mawilite|Intimidate|SwordsDance,PlayRough,SuckerPunch,Protect|Brave||F|||50|
|inactive|Battle timer is ON: inactive players will automatically lose when time's up. (requested by ThePrinceofNT)
|c|☆ThePrinceofNT|Shoma hinami?
|c|☆ThePrinceofNT|Honami
|inactive|SHOMA_WIN has 60 seconds left.
|inactive|ThePrinceofNT has 60 seconds left.
|
|t:|1782305419
|teamsize|p1|4
|teamsize|p2|4
|start
|switch|p1a: Charizard|Charizard, L50, F|100/100
|switch|p1b: Garchomp|Garchomp, L50, F|100/100
|switch|p2a: Pyroar|Pyroar, L50, F|100/100
|switch|p2b: Whimsicott|Whimsicott, L50, M|100/100
|turn|1
|
|t:|1782305433
|detailschange|p1a: Charizard|Charizard-Mega-Y, L50, F
|-mega|p1a: Charizard|Charizard|Charizardite Y
|-weather|SunnyDay|[from] ability: Drought|[of] p1a: Charizard
|move|p2a: Pyroar|Protect|p2a: Pyroar
|-singleturn|p2a: Pyroar|Protect
|move|p1b: Garchomp|Earthquake|p2a: Pyroar|[spread] p2b
|-activate|p2a: Pyroar|move: Protect
|-immune|p1a: Charizard
|-resisted|p2b: Whimsicott|1
|-damage|p2b: Whimsicott|67/100
|-damage|p1b: Garchomp|90/100|[from] item: Life Orb
|move|p2b: Whimsicott|Moonblast|p1b: Garchomp
|-supereffective|p1b: Garchomp|1
|-damage|p1b: Garchomp|3/100
|move|p1a: Charizard|Heat Wave|p2b: Whimsicott|[spread] p2b
|-activate|p2a: Pyroar|move: Protect
|-supereffective|p2b: Whimsicott|1
|-damage|p2b: Whimsicott|0 fnt
|faint|p2b: Whimsicott
|
|-weather|SunnyDay|[upkeep]
|upkeep
|
|t:|1782305450
|switch|p2b: Sneasler|Sneasler, L50, F|100/100
|turn|2
|
|t:|1782305463
|detailschange|p2a: Pyroar|Pyroar-Mega, L50, F
|-mega|p2a: Pyroar|Pyroar|Pyroarite
|move|p1b: Garchomp|Protect|p1b: Garchomp
|-singleturn|p1b: Garchomp|Protect
|move|p1a: Charizard|Protect|p1a: Charizard
|-singleturn|p1a: Charizard|Protect
|move|p2b: Sneasler|Fake Out|p1a: Charizard
|-activate|p1a: Charizard|move: Protect
|move|p2a: Pyroar|Heat Wave|p1b: Garchomp|[spread] 
|-activate|p1a: Charizard|move: Protect
|-activate|p1b: Garchomp|move: Protect
|
|-weather|SunnyDay|[upkeep]
|upkeep
|turn|3
|
|t:|1782305478
|move|p2a: Pyroar|Heat Wave|p1b: Garchomp|[spread] p1b
|-miss|p2a: Pyroar|p1a: Charizard
|-resisted|p1b: Garchomp|1
|-crit|p1b: Garchomp
|-damage|p1b: Garchomp|0 fnt
|faint|p1b: Garchomp
|move|p2b: Sneasler|Gunk Shot|p1a: Charizard
|-damage|p1a: Charizard|35/100
|move|p1a: Charizard|Heat Wave|p2a: Pyroar|[spread] p2a,p2b
|-resisted|p2a: Pyroar|1
|-damage|p2a: Pyroar|66/100
|-damage|p2b: Sneasler|14/100
|
|-weather|SunnyDay|[upkeep]
|upkeep
|
|t:|1782305483
|switch|p1b: Aerodactyl|Aerodactyl, L50, F|100/100
|-ability|p1b: Aerodactyl|Unnerve
|turn|4
|
|t:|1782305505
|move|p1a: Charizard|Protect|p1a: Charizard
|-singleturn|p1a: Charizard|Protect
|move|p1b: Aerodactyl|Rock Slide|p2b: Sneasler|[spread] p2a,p2b
|-supereffective|p2a: Pyroar|1
|-resisted|p2b: Sneasler|1
|-damage|p2a: Pyroar|21/100
|-damage|p2b: Sneasler|0 fnt
|faint|p2b: Sneasler
|cant|p2a: Pyroar|flinch
|
|-weather|SunnyDay|[upkeep]
|upkeep
|
|t:|1782305511
|switch|p2b: Torkoal|Torkoal, L50, M|100/100
|turn|5
|
|t:|1782305523
|move|p2a: Pyroar|Protect|p2a: Pyroar
|-singleturn|p2a: Pyroar|Protect
|move|p1b: Aerodactyl|Tailwind|p1b: Aerodactyl
|-sidestart|p1: SHOMA_WIN|move: Tailwind
|move|p1a: Charizard|Weather Ball|p2a: Pyroar
|-activate|p2a: Pyroar|move: Protect
|move|p2b: Torkoal|Heat Wave|p1a: Charizard|[spread] p1a,p1b
|-resisted|p1a: Charizard|1
|-resisted|p1b: Aerodactyl|1
|-damage|p1a: Charizard|10/100
|-damage|p1b: Aerodactyl|68/100
|
|-weather|none
|upkeep
|turn|6
|
|t:|1782305543
|move|p2a: Pyroar|Protect||[still]
|-fail|p2a: Pyroar
|move|p1b: Aerodactyl|Rock Slide|p2a: Pyroar|[spread] p2a,p2b
|-supereffective|p2a: Pyroar|1
|-supereffective|p2b: Torkoal|1
|-damage|p2a: Pyroar|0 fnt
|-damage|p2b: Torkoal|66/100
|faint|p2a: Pyroar
|move|p1a: Charizard|Heat Wave|p2b: Torkoal
|-resisted|p2b: Torkoal|1
|-damage|p2b: Torkoal|28/100
|move|p2b: Torkoal|Heat Wave|p1b: Aerodactyl|[spread] p1a,p1b
|-resisted|p1a: Charizard|1
|-resisted|p1b: Aerodactyl|1
|-damage|p1a: Charizard|0 fnt
|-damage|p1b: Aerodactyl|45/100
|faint|p1a: Charizard
|
|upkeep
|
|t:|1782305546
|switch|p1a: Farigiraf|Farigiraf, L50, F|100/100
|turn|7
|
|t:|1782305554
|move|p1b: Aerodactyl|Rock Slide|p2b: Torkoal
|-supereffective|p2b: Torkoal|1
|-damage|p2b: Torkoal|0 fnt
|faint|p2b: Torkoal
|
|win|SHOMA_WIN
