|j|☆Scobie
|j|☆MrTedno
|html|ScobieMrTedno    
|uhtml|bestof|Game 2 of a best-of-3
|t:|1756384615
|gametype|doubles
|player|p1|Scobie|veteran-gen4|1171
|player|p2|MrTedno|2|1208
|gen|9
|tier|[Gen 9] VGC 2025 Reg H (Bo3)
|rated|
|rule|Species Clause: Limit one of each Pokémon
|rule|Item Clause: Limit 1 of each item
|clearpoke
|poke|p1|Raichu, L50, F|
|poke|p1|Pelipper, L50, M|
|poke|p1|Archaludon, L50, F|
|poke|p1|Incineroar, L50, M|
|poke|p1|Dragonite, L50, M|
|poke|p1|Sneasler, L50, M|
|poke|p2|Dondozo, L50, F|
|poke|p2|Tatsugiri, L50, M|
|poke|p2|Politoed, L50, M|
|poke|p2|Archaludon, L50, F|
|poke|p2|Amoonguss, L50, M|
|poke|p2|Overqwil, L50, F|
|teampreview|4
|showteam|p1|Raichu||FocusSash|LightningRod|FakeOut,Electroweb,Thunderbolt,ElectricTerrain|||F|||50|,,,,,Electric]Pelipper||RockyHelmet|Drizzle|Hurricane,Tailwind,Protect,MuddyWater|||M|||50|,,,,,Steel]Archaludon||AssaultVest|Stamina|ElectroShot,BodyPress,FlashCannon,DracoMeteor|||F|||50|,,,,,Grass]Incineroar||SafetyGoggles|Intimidate|FakeOut,KnockOff,FlareBlitz,PartingShot|||M|||50|,,,,,Ghost]Dragonite||LoadedDice|Multiscale|Protect,ScaleShot,Waterfall,Haze|||M|||50|,,,,,Fairy]Sneasler||WhiteHerb|Unburden|DireClaw,CloseCombat,FakeOut,Protect|||M|||50|,,,,,Stellar
|showteam|p2|Dondozo||LifeOrb|Unaware|Surf,Protect,SleepTalk|||F|||50|,,,,,Water]Tatsugiri||FocusSash|Commander|DracoMeteor,Protect,MuddyWater,Taunt|||M|||50|,,,,,Stellar]Politoed||SitrusBerry|Drizzle|WeatherBall,IceBeam,Haze,Protect|||M|||50|,,,,,Steel]Archaludon||AssaultVest|Stamina|BodyPress,ElectroShot,DragonPulse,FlashCannon|||F|||50|,,,,,Grass]Amoonguss||RockyHelmet|Regenerator|Spore,RagePowder,PollenPuff,Protect|||M|||50|,,,,,Fairy]Overqwil||ChoiceBand|SwiftSwim|PoisonJab,ThroatChop,Liquidation,PinMissile|||F|||50|,,,,,Ghost
|inactive|Battle timer is ON: inactive players will automatically lose when time's up. (requested by MrTedno)
|
|t:|1756384639
|teamsize|p1|4
|teamsize|p2|4
|start
|switch|p1a: Dragonite|Dragonite, L50, M|100/100
|switch|p1b: Sneasler|Sneasler, L50, M|100/100
|switch|p2a: Barnacles|Archaludon, L50, F|100/100
|switch|p2b: Turnip|Amoonguss, L50, M|100/100
|turn|1
|inactive|Scobie has 30 seconds left.
|inactive|MrTedno has 30 seconds left.
|inactive|MrTedno has 20 seconds left.
|inactive|MrTedno has 15 seconds left.
|inactive|MrTedno has 10 seconds left.
|inactive|MrTedno has 5 seconds left.
|
|t:|1756384689
|-terastallize|p2b: Turnip|Fairy
|move|p2b: Turnip|Rage Powder|p2b: Turnip
|-singleturn|p2b: Turnip|move: Rage Powder
|move|p1b: Sneasler|Close Combat|p2b: Turnip
|-resisted|p2b: Turnip
|-damage|p2b: Turnip|76/100
|-unboost|p1b: Sneasler|def|1
|-unboost|p1b: Sneasler|spd|1
|-damage|p1b: Sneasler|84/100|[from] item: Rocky Helmet|[of] p2b: Turnip
|-enditem|p1b: Sneasler|White Herb
|-clearnegativeboost|p1b: Sneasler|[silent]
|move|p2a: Barnacles|Dragon Pulse|p1b: Sneasler
|-damage|p1b: Sneasler|25/100
|move|p1a: Dragonite|Scale Shot|p2b: Turnip
|-immune|p2b: Turnip
|
|upkeep
|turn|2
|inactive|MrTedno has 30 seconds left.
|
|t:|1756384718
|move|p2b: Turnip|Protect|p2b: Turnip
|-singleturn|p2b: Turnip|Protect
|move|p1b: Sneasler|Dire Claw|p2b: Turnip
|-activate|p2b: Turnip|move: Protect
|move|p2a: Barnacles|Dragon Pulse|p1b: Sneasler
|-damage|p1b: Sneasler|0 fnt
|faint|p1b: Sneasler
|move|p1a: Dragonite|Waterfall|p2b: Turnip
|-activate|p2b: Turnip|move: Protect
|
|upkeep
|
|t:|1756384731
|switch|p1b: Archaludon|Archaludon, L50, F|100/100
|turn|3
|inactive|Scobie has 30 seconds left.
|inactive|MrTedno has 30 seconds left.
|
|t:|1756384760
|-terastallize|p1b: Archaludon|Grass
|move|p2a: Barnacles|Flash Cannon|p1a: Dragonite
|-damage|p1a: Dragonite|82/100
|move|p1b: Archaludon|Draco Meteor|p2a: Barnacles
|-damage|p2a: Barnacles|54/100
|-unboost|p1b: Archaludon|spa|2
|-ability|p2a: Barnacles|Stamina|boost
|-boost|p2a: Barnacles|def|1
|move|p1a: Dragonite|Waterfall|p2b: Turnip
|-damage|p2b: Turnip|53/100
|-damage|p1a: Dragonite|65/100|[from] item: Rocky Helmet|[of] p2b: Turnip
|move|p2b: Turnip|Spore|p1b: Archaludon
|-immune|p1b: Archaludon
|
|upkeep
|turn|4
|inactive|Scobie has 30 seconds left.
|inactive|MrTedno has 30 seconds left.
|inactive|Scobie has 20 seconds left.
|inactive|Scobie has 15 seconds left.
|
|t:|1756384801
|move|p2b: Turnip|Rage Powder|p2b: Turnip
|-singleturn|p2b: Turnip|move: Rage Powder
|move|p2a: Barnacles|Dragon Pulse|p1a: Dragonite
|-supereffective|p1a: Dragonite
|-damage|p1a: Dragonite|0 fnt
|faint|p1a: Dragonite
|move|p1b: Archaludon|Flash Cannon|p2b: Turnip
|-supereffective|p2b: Turnip
|-damage|p2b: Turnip|22/100
|-unboost|p2b: Turnip|spd|1
|
|upkeep
|
|t:|1756384810
|switch|p1a: Pelipper|Pelipper, L50, M|100/100
|-weather|RainDance|[from] ability: Drizzle|[of] p1a: Pelipper
|turn|5
|
|t:|1756384833
|move|p1a: Pelipper|Protect|p1a: Pelipper
|-singleturn|p1a: Pelipper|Protect
|move|p2a: Barnacles|Electro Shot||[still]
|-prepare|p2a: Barnacles|Electro Shot
|-boost|p2a: Barnacles|spa|1
|-anim|p2a: Barnacles|Electro Shot|p1a: Pelipper
|-activate|p1a: Pelipper|move: Protect
|move|p1b: Archaludon|Electro Shot||[still]
|-prepare|p1b: Archaludon|Electro Shot
|-boost|p1b: Archaludon|spa|1
|-anim|p1b: Archaludon|Electro Shot|p2b: Turnip
|-damage|p2b: Turnip|0 fnt
|faint|p2b: Turnip
|
|-weather|RainDance|[upkeep]
|upkeep
|
|t:|1756384841
|switch|p2b: Shellington|Overqwil, L50, F|100/100
|turn|6
|
|t:|1756384852
|move|p2b: Shellington|Poison Jab|p1b: Archaludon
|-supereffective|p1b: Archaludon
|-damage|p1b: Archaludon|21/100
|-ability|p1b: Archaludon|Stamina|boost
|-boost|p1b: Archaludon|def|1
|move|p2a: Barnacles|Electro Shot||[still]
|-prepare|p2a: Barnacles|Electro Shot
|-boost|p2a: Barnacles|spa|1
|-anim|p2a: Barnacles|Electro Shot|p1a: Pelipper
|-supereffective|p1a: Pelipper
|-damage|p1a: Pelipper|0 fnt
|faint|p1a: Pelipper
|move|p1b: Archaludon|Body Press|p2a: Barnacles
|-supereffective|p2a: Barnacles
|-damage|p2a: Barnacles|21/100
|-ability|p2a: Barnacles|Stamina|boost
|-boost|p2a: Barnacles|def|1
|
|-weather|RainDance|[upkeep]
|upkeep
|turn|7
|-message|Scobie forfeited.
|
|win|MrTedno
|l|☆Scobie
|player|p1|
||Scobie is ready for game 3.
||MrTedno is ready for game 3.
|uhtml|next|Next: Game 3 of 3
