|j|☆flitrxy
|j|☆grfynnvgc
|html|flitrxygrfynnvgc    
|uhtml|bestof|Game 2 of a best-of-3
|t:|1785471889
|gametype|doubles
|player|p1|flitrxy|hilbert|1040
|player|p2|grfynnvgc|101|1198
|gen|9
|tier|[Gen 9 Champions] VGC 2026 Reg M-B (Bo3)
|rated|
|rule|Species Clause: Limit one of each Pokémon
|rule|Item Clause: Limit 1 of each item
|clearpoke
|poke|p1|Sceptile, L50, F|
|poke|p1|Aegislash, L50, F|
|poke|p1|Jolteon, L50, F, shiny|
|poke|p1|Politoed, L50, F, shiny|
|poke|p1|Overqwil, L50, F|
|poke|p1|Sneasler, L50, F, shiny|
|poke|p2|Gengar, L50, M|
|poke|p2|Kommo-o, L50, F|
|poke|p2|Ninetales-Alola, L50, F|
|poke|p2|Primarina, L50, F|
|poke|p2|Incineroar, L50, M|
|poke|p2|Vivillon, L50, M|
|teampreview|4
|showteam|p1|Sceptile||Sceptilite|Overgrow|DragonPulse,LeafStorm,EarthPower,Protect|Modest||F|||50|]Aegislash||Leftovers|StanceChange|IronHead,ShadowSneak,KingsShield,SacredSword|Adamant||F|||50|]Jolteon||LifeOrb|VoltAbsorb|Discharge,VoltSwitch,AlluringVoice,Protect|Timid||F|||50|]Politoed||MysticWater|WaterAbsorb|MuddyWater,WeatherBall,IceBeam,Protect|Timid||F|||50|]Overqwil||ChoiceScarf|SwiftSwim|BarbBarrage,DestinyBond,ThroatChop,AquaJet|Jolly||F|||50|]Sneasler||FocusSash|Unburden|DireClaw,FakeOut,CloseCombat,Protect|Adamant||F|||50|
|showteam|p2|Gengar||Gengarite|CursedBody|ShadowBall,SludgeBomb,PerishSong,Protect|Modest||M|||50|]Kommo-o||Leftovers|Soundproof|ClangingScales,AuraSphere,ClangorousSoul,Protect|Modest||F|||50|]Ninetales-Alola||NeverMeltIce|SnowWarning|Blizzard,FreezeDry,Disable,Protect|Timid||F|||50|]Primarina||LifeOrb|LiquidVoice|HyperVoice,Moonblast,PerishSong,Protect|Modest||F|||50|]Incineroar||SitrusBerry|Intimidate|FakeOut,ThroatChop,PartingShot,Protect|Impish||M|||50|]Vivillon||FocusSash|CompoundEyes|Hurricane,SleepPowder,RagePowder,Protect|Timid||M|||50|
|
|t:|1785471925
|teamsize|p1|4
|teamsize|p2|4
|start
|switch|p1a: Aegislash|Aegislash, L50, F|100/100
|switch|p1b: Overqwil|Overqwil, L50, F|100/100
|switch|p2a: Ninetales|Ninetales-Alola, L50, F|100/100
|switch|p2b: Gengar|Gengar, L50, M|100/100
|-weather|Snowscape|[from] ability: Snow Warning|[of] p2a: Ninetales
|turn|1
|
|t:|1785471957
|detailschange|p2b: Gengar|Gengar-Mega, L50, M
|-mega|p2b: Gengar|Gengar|Gengarite
|move|p2a: Ninetales|Protect|p2a: Ninetales
|-singleturn|p2a: Ninetales|Protect
|move|p2b: Gengar|Protect|p2b: Gengar
|-singleturn|p2b: Gengar|Protect
|move|p1b: Overqwil|Throat Chop|p2b: Gengar
|-activate|p2b: Gengar|move: Protect
|-formechange|p1a: Aegislash|Aegislash-Blade|
|move|p1a: Aegislash|Iron Head|p2a: Ninetales
|-activate|p2a: Ninetales|move: Protect
|
|-weather|Snowscape|[upkeep]
|upkeep
|turn|2
|
|t:|1785471992
|switch|p2a: Kommo-o|Kommo-o, L50, F|100/100
|switch|p2b: Primarina|Primarina, L50, F|100/100
|-formechange|p1a: Aegislash|Aegislash|
|move|p1a: Aegislash|King's Shield|p1a: Aegislash
|-singleturn|p1a: Aegislash|Protect
|move|p1b: Overqwil|Throat Chop|p2b: Primarina
|-resisted|p2b: Primarina|1
|-damage|p2b: Primarina|77/100
|-start|p2b: Primarina|Throat Chop|[silent]
|
|-weather|Snowscape|[upkeep]
|upkeep
|turn|3
|
|t:|1785472013
|switch|p1b: Jolteon|Jolteon, L50, F, shiny|100/100
|switch|p2b: Gengar|Gengar-Mega, L50, M|100/100
|move|p2a: Kommo-o|Clangorous Soul|p2a: Kommo-o
|-boost|p2a: Kommo-o|atk|1
|-boost|p2a: Kommo-o|def|1
|-boost|p2a: Kommo-o|spa|1
|-boost|p2a: Kommo-o|spd|1
|-boost|p2a: Kommo-o|spe|1
|-damage|p2a: Kommo-o|67/100
|-formechange|p1a: Aegislash|Aegislash-Blade|
|move|p1a: Aegislash|Iron Head|p2b: Gengar
|-damage|p2b: Gengar|47/100
|
|-weather|Snowscape|[upkeep]
|-heal|p2a: Kommo-o|73/100|[from] item: Leftovers
|upkeep
|turn|4
|
|t:|1785472039
|move|p1a: Aegislash|Shadow Sneak|p2b: Gengar
|-supereffective|p2b: Gengar|1
|-damage|p2b: Gengar|0 fnt
|faint|p2b: Gengar
|move|p2a: Kommo-o|Aura Sphere|p1b: Jolteon
|-damage|p1b: Jolteon|25/100
|move|p1b: Jolteon|Volt Switch|p2a: Kommo-o
|-resisted|p2a: Kommo-o|1
|-crit|p2a: Kommo-o
|-damage|p2a: Kommo-o|37/100
|-damage|p1b: Jolteon|16/100|[from] item: Life Orb
|
|t:|1785472049
|switch|p1b: Sneasler|Sneasler, L50, F, shiny|100/100|[from] Volt Switch
|
|-weather|Snowscape|[upkeep]
|-heal|p2a: Kommo-o|43/100|[from] item: Leftovers
|upkeep
|
|t:|1785472054
|switch|p2b: Ninetales|Ninetales-Alola, L50, F|100/100
|turn|5
|
|t:|1785472073
|move|p2a: Kommo-o|Protect|p2a: Kommo-o
|-singleturn|p2a: Kommo-o|Protect
|move|p2b: Ninetales|Protect|p2b: Ninetales
|-singleturn|p2b: Ninetales|Protect
|move|p1a: Aegislash|Shadow Sneak|p2a: Kommo-o
|-activate|p2a: Kommo-o|move: Protect
|move|p1b: Sneasler|Dire Claw|p2b: Ninetales
|-activate|p2b: Ninetales|move: Protect
|
|-weather|none
|-heal|p2a: Kommo-o|49/100|[from] item: Leftovers
|upkeep
|turn|6
|
|t:|1785472094
|switch|p2b: Primarina|Primarina, L50, F|77/100
|move|p1a: Aegislash|Shadow Sneak|p2a: Kommo-o
|-damage|p2a: Kommo-o|33/100
|move|p2a: Kommo-o|Clanging Scales|p1b: Sneasler|[spread] p1a,p1b
|-resisted|p1a: Aegislash|1
|-damage|p1a: Aegislash|48/100
|-damage|p1b: Sneasler|28/100
|-unboost|p2a: Kommo-o|def|1
|move|p1b: Sneasler|Dire Claw|p2b: Primarina
|-supereffective|p2b: Primarina|1
|-damage|p2b: Primarina|0 fnt
|faint|p2b: Primarina
|
|-heal|p2a: Kommo-o|39/100|[from] item: Leftovers
|-heal|p1a: Aegislash|54/100|[from] item: Leftovers
|upkeep
|
|t:|1785472108
|switch|p2b: Ninetales|Ninetales-Alola, L50, F|100/100
|-weather|Snowscape|[from] ability: Snow Warning|[of] p2b: Ninetales
|turn|7
|
|t:|1785472123
|-formechange|p1a: Aegislash|Aegislash|
|move|p1a: Aegislash|King's Shield|p1a: Aegislash
|-singleturn|p1a: Aegislash|Protect
|move|p2a: Kommo-o|Clanging Scales|p1b: Sneasler|[spread] p1b
|-activate|p1a: Aegislash|move: Protect
|-damage|p1b: Sneasler|0 fnt
|faint|p1b: Sneasler
|-unboost|p2a: Kommo-o|def|1
|move|p2b: Ninetales|Blizzard|p1a: Aegislash
|-activate|p1a: Aegislash|move: Protect
|
|-weather|Snowscape|[upkeep]
|-heal|p2a: Kommo-o|45/100|[from] item: Leftovers
|-heal|p1a: Aegislash|60/100|[from] item: Leftovers
|upkeep
|
|t:|1785472131
|switch|p1b: Overqwil|Overqwil, L50, F|100/100
|turn|8
|
|t:|1785472140
|-formechange|p1a: Aegislash|Aegislash-Blade|
|move|p1a: Aegislash|Shadow Sneak|p2a: Kommo-o
|-damage|p2a: Kommo-o|12/100
|move|p1b: Overqwil|Barb Barrage|p2a: Kommo-o
|-damage|p2a: Kommo-o|0 fnt
|faint|p2a: Kommo-o
|move|p2b: Ninetales|Blizzard|p1a: Aegislash|[spread] p1a,p1b
|-resisted|p1a: Aegislash|1
|-damage|p1a: Aegislash|28/100
|-damage|p1b: Overqwil|42/100
|
|-weather|Snowscape|[upkeep]
|-heal|p1a: Aegislash|34/100|[from] item: Leftovers
|upkeep
|turn|9
|
|t:|1785472152
|switch|p1b: Jolteon|Jolteon, L50, F, shiny|16/100
|-formechange|p1a: Aegislash|Aegislash|
|move|p1a: Aegislash|King's Shield|p1a: Aegislash
|-singleturn|p1a: Aegislash|Protect
|move|p2b: Ninetales|Blizzard|p1a: Aegislash|[spread] p1b
|-activate|p1a: Aegislash|move: Protect
|-damage|p1b: Jolteon|0 fnt
|faint|p1b: Jolteon
|
|-weather|Snowscape|[upkeep]
|-heal|p1a: Aegislash|40/100|[from] item: Leftovers
|upkeep
|
|t:|1785472159
|switch|p1b: Overqwil|Overqwil, L50, F|42/100
|turn|10
|
|t:|1785472165
|-formechange|p1a: Aegislash|Aegislash-Blade|
|move|p1a: Aegislash|Shadow Sneak|p2b: Ninetales
|-damage|p2b: Ninetales|75/100
|move|p1b: Overqwil|Destiny Bond|p1b: Overqwil
|-singlemove|p1b: Overqwil|Destiny Bond
|move|p2b: Ninetales|Blizzard|p1a: Aegislash|[spread] p1a,p1b
|-resisted|p1a: Aegislash|1
|-damage|p1a: Aegislash|5/100
|-damage|p1b: Overqwil|0 fnt
|faint|p1b: Overqwil
|-activate|p1b: Overqwil|move: Destiny Bond
|faint|p2b: Ninetales
|
|win|flitrxy
