|j|☆hicksmctaggart
|j|☆mikelpoyarzabal
|html|hicksmctaggartmikelpoyarzabal    
|uhtml|bestof|Game 3 of a best-of-3
|t:|1785076578
|gametype|doubles
|player|p1|hicksmctaggart|giovanni|1238
|player|p2|mikelpoyarzabal|arven-s|1325
|gen|9
|tier|[Gen 9 Champions] VGC 2026 Reg M-B (Bo3)
|rated|
|rule|Species Clause: Limit one of each Pokémon
|rule|Item Clause: Limit 1 of each item
|clearpoke
|poke|p1|Delphox, L50, F|
|poke|p1|Floette-Eternal, L50, F|
|poke|p1|Kingambit, L50, F|
|poke|p1|Incineroar, L50, F|
|poke|p1|Sinistcha, L50|
|poke|p1|Sneasler, L50, M|
|poke|p2|Tyranitar, L50, F|
|poke|p2|Excadrill, L50, M|
|poke|p2|Gholdengo, L50|
|poke|p2|Milotic, L50, F|
|poke|p2|Sinistcha, L50|
|poke|p2|Staraptor, L50, M|
|teampreview|4
|showteam|p1|Delphox||Delphoxite|Blaze|HeatWave,Psyshock,NastyPlot,Protect|Timid||F|||50|]Floette-Eternal||Floettite|FlowerVeil|DazzlingGleam,Moonblast,LightofRuin,Protect|Timid||F|||50|]Kingambit||BlackGlasses|Defiant|KowtowCleave,SuckerPunch,SwordsDance,Protect|Adamant||F|||50|]Incineroar||SitrusBerry|Intimidate|FlareBlitz,DarkestLariat,FakeOut,PartingShot|Impish||F|||50|]Sinistcha||OccaBerry|Hospitality|MatchaGotcha,RagePowder,TrickRoom,Protect|Relaxed|||||50|]Sneasler||FocusSash|PoisonTouch|PoisonJab,CloseCombat,FakeOut,QuickGuard|Jolly||M|||50|
|showteam|p2|Tyranitar||Tyranitarite|SandStream|RockSlide,KnockOff,LowKick,Protect|Jolly||F|||50|]Excadrill||FocusSash|SandRush|HighHorsepower,IronHead,RockSlide,Protect|Adamant||M|||50|]Gholdengo||LifeOrb|GoodasGold|ShadowBall,MakeItRain,NastyPlot,Protect|Modest|||||50|]Milotic||SitrusBerry|Competitive|Scald,IceBeam,IcyWind,Protect|Calm||F|||50|]Sinistcha||ColburBerry|Hospitality|MatchaGotcha,ShadowBall,RagePowder,Protect|Bold|||||50|]Staraptor||Staraptite|Intimidate|BraveBird,CloseCombat,Tailwind,Protect|Jolly||M|||50|
|inactive|Battle timer is ON: inactive players will automatically lose when time's up. (requested by hicksmctaggart)
|inactive|mikelpoyarzabal also wants the timer to be on.
|
|t:|1785076593
|teamsize|p1|4
|teamsize|p2|4
|start
|switch|p1a: Incineroar|Incineroar, L50, F|100/100
|switch|p1b: Sneasler|Sneasler, L50, M|100/100
|switch|p2a: Staraptor|Staraptor, L50, M|100/100
|switch|p2b: Gholdengo|Gholdengo, L50|100/100
|-ability|p2a: Staraptor|Intimidate|boost
|-unboost|p1a: Incineroar|atk|1
|-unboost|p1b: Sneasler|atk|1
|-ability|p1a: Incineroar|Intimidate|boost
|-unboost|p2a: Staraptor|atk|1
|-unboost|p2b: Gholdengo|atk|1
|turn|1
|inactive|hicksmctaggart has 30 seconds left.
|inactive|mikelpoyarzabal has 30 seconds left.
|
|t:|1785076629
|detailschange|p2a: Staraptor|Staraptor-Mega, L50, M
|-mega|p2a: Staraptor|Staraptor|Staraptite
|move|p1b: Sneasler|Fake Out|p2a: Staraptor
|-damage|p2a: Staraptor|91/100
|cant|p2a: Staraptor|flinch
|move|p2b: Gholdengo|Nasty Plot|p2b: Gholdengo
|-boost|p2b: Gholdengo|spa|2
|move|p1a: Incineroar|Flare Blitz|p2b: Gholdengo
|-supereffective|p2b: Gholdengo|1
|-damage|p2b: Gholdengo|31/100
|-damage|p1a: Incineroar|80/100|[from] Recoil
|
|upkeep
|turn|2
|inactive|hicksmctaggart has 30 seconds left.
|
|t:|1785076659
|switch|p1b: Kingambit|Kingambit, L50, F|100/100
|move|p2a: Staraptor|Close Combat|p1a: Incineroar
|-supereffective|p1a: Incineroar|1
|-damage|p1a: Incineroar|23/100
|-boost|p2a: Staraptor|def|1
|-boost|p2a: Staraptor|spd|1
|-enditem|p1a: Incineroar|Sitrus Berry|[eat]
|-heal|p1a: Incineroar|48/100|[from] item: Sitrus Berry
|move|p2b: Gholdengo|Make It Rain|p1a: Incineroar|[spread] p1a,p1b
|-resisted|p1a: Incineroar|1
|-resisted|p1b: Kingambit|1
|-damage|p1a: Incineroar|0 fnt
|-damage|p1b: Kingambit|39/100
|-unboost|p2b: Gholdengo|spa|2
|faint|p1a: Incineroar
|-damage|p2b: Gholdengo|22/100|[from] item: Life Orb
|
|upkeep
|
|t:|1785076674
|switch|p1a: Floette|Floette-Eternal, L50, F|100/100
|turn|3
|inactive|hicksmctaggart has 30 seconds left.
|
|t:|1785076703
|switch|p2b: Excadrill|Excadrill, L50, M|100/100
|detailschange|p1a: Floette|Floette-Mega, L50, F
|-mega|p1a: Floette|Floette|Floettite
|-ability|p1a: Floette|Fairy Aura
|move|p1b: Kingambit|Sucker Punch||[still]
|-fail|p1b: Kingambit
|move|p2a: Staraptor|Brave Bird|p1a: Floette
|-damage|p1a: Floette|48/100
|-damage|p2a: Staraptor|77/100|[from] Recoil
|move|p1a: Floette|Light of Ruin|p2a: Staraptor
|-supereffective|p2a: Staraptor|1
|-damage|p2a: Staraptor|0 fnt
|faint|p2a: Staraptor
|-damage|p1a: Floette|0 fnt|[from] Recoil
|faint|p1a: Floette
|
|upkeep
|
|t:|1785076718
|switch|p2a: Tyranitar|Tyranitar, L50, F|100/100
|switch|p1a: Sneasler|Sneasler, L50, M|100/100
|-weather|Sandstorm|[from] ability: Sand Stream|[of] p2a: Tyranitar
|turn|4
|
|t:|1785076736
|move|p1a: Sneasler|Fake Out|p2b: Excadrill
|-resisted|p2b: Excadrill|1
|-damage|p2b: Excadrill|89/100
|move|p1b: Kingambit|Sucker Punch|p2b: Excadrill
|-damage|p2b: Excadrill|15/100
|cant|p2b: Excadrill|flinch
|move|p2a: Tyranitar|Low Kick|p1b: Kingambit
|-supereffective|p1b: Kingambit|2
|-damage|p1b: Kingambit|0 fnt
|faint|p1b: Kingambit
|
|-weather|Sandstorm|[upkeep]
|-damage|p1a: Sneasler|94/100|[from] Sandstorm
|upkeep
|turn|5
|
|t:|1785076748
|move|p2b: Excadrill|Iron Head|p1a: Sneasler
|-damage|p1a: Sneasler|15/100
|cant|p1a: Sneasler|flinch
|move|p2a: Tyranitar|Knock Off|p1a: Sneasler
|-resisted|p1a: Sneasler|1
|-damage|p1a: Sneasler|0 fnt
|-enditem|p1a: Sneasler|Focus Sash|[from] move: Knock Off|[of] p2a: Tyranitar
|faint|p1a: Sneasler
|
|win|mikelpoyarzabal
|raw|hicksmctaggart's rating: 1238 → 1219(-19 for losing)
|raw|mikelpoyarzabal's rating: 1325 → 1340(+15 for winning)
