|j|☆yeet58
|j|☆GubGubFan
|html|yeet58GubGubFan    
|uhtml|bestof|Game 1 of a best-of-3
|t:|1757191189
|gametype|doubles
|player|p1|yeet58|iris-gen5bw2|1219
|player|p2|GubGubFan|gladion-stance|1175
|gen|9
|tier|[Gen 9] VGC 2025 Reg H (Bo3)
|rated|
|rule|Species Clause: Limit one of each Pokémon
|rule|Item Clause: Limit 1 of each item
|clearpoke
|poke|p1|Kommo-o, L50, M|
|poke|p1|Sneasler, L50, M|
|poke|p1|Rillaboom, L50, F|
|poke|p1|Kingambit, L50, M|
|poke|p1|Ursaluna-Bloodmoon, L50, M|
|poke|p1|Sableye, L50, F|
|poke|p2|Tyranitar, L50, F|
|poke|p2|Excadrill, L50, M|
|poke|p2|Basculegion, L50, M|
|poke|p2|Volcarona, L50, F|
|poke|p2|Dragonite, L50, F|
|poke|p2|Magmar, L50, F|
|teampreview|4
|showteam|p1|Kommo-o||SitrusBerry|Overcoat|Coaching,BreakingSwipe,Protect,BodyPress|||M|||50|,,,,,Steel]Sneasler||GrassySeed|Unburden|CloseCombat,DireClaw,Protect,ThroatChop|||M|||50|,,,,,Stellar]Rillaboom||AssaultVest|GrassySurge|Uturn,WoodHammer,FakeOut,GrassyGlide|||F|||50|,,,,,Fire]Kingambit||BlackGlasses|Defiant|SuckerPunch,KowtowCleave,SwordsDance,Protect|||M|||50|,,,,,Dark]Ursaluna-Bloodmoon||LifeOrb|MindsEye|BloodMoon,HyperVoice,EarthPower,Protect|||M|||50|,,,,,Normal]Sableye||SafetyGoggles|Prankster|Taunt,Quash,FoulPlay,WillOWisp|||F|||50|,,,,,Dragon
|showteam|p2|Tyranitar||AssaultVest|SandStream|RockSlide,KnockOff,LowKick,TeraBlast|||F|||50|,,,,,Flying]Excadrill||FocusSash|SandRush|Earthquake,HighHorsepower,IronHead,Protect|||M|||50|,,,,,Ground]Basculegion||ChoiceScarf|Adaptability|WaveCrash,FlipTurn,AquaJet,LastRespects|||M|||50|,,,,,Grass]Volcarona||Leftovers|FlameBody|HeatWave,QuiverDance,TeraBlast,Protect|||F|||50|,,,,,Fairy]Dragonite||LoadedDice|Multiscale|Protect,Tailwind,ScaleShot,Haze|||F|||50|,,,,,Fairy]Magmar||Eviolite|VitalSpirit|FollowMe,Taunt,HeatWave,WillOWisp|||F|||50|,,,,,Grass
|inactive|Battle timer is ON: inactive players will automatically lose when time's up. (requested by yeet58)
|inactive|GubGubFan has 60 seconds left.
|inactive|GubGubFan has 30 seconds left.
|
|t:|1757191254
|teamsize|p1|4
|teamsize|p2|4
|start
|switch|p1a: Sableye|Sableye, L50, F|100/100
|switch|p1b: Ursaluna|Ursaluna-Bloodmoon, L50, M|100/100
|switch|p2a: Basculegion|Basculegion, L50, M|100/100
|switch|p2b: Excadrill|Excadrill, L50, M|100/100
|turn|1
|inactive|GubGubFan has 30 seconds left.
|inactive|GubGubFan has 20 seconds left.
|inactive|GubGubFan has 15 seconds left.
|
|t:|1757191298
|move|p1a: Sableye|Quash|p2a: Basculegion
|-activate|p2a: Basculegion|move: Quash
|move|p2b: Excadrill|Iron Head|p1a: Sableye
|-damage|p1a: Sableye|37/100
|move|p1b: Ursaluna|Blood Moon|p2a: Basculegion
|-damage|p2a: Basculegion|0 fnt
|faint|p2a: Basculegion
|-damage|p1b: Ursaluna|90/100|[from] item: Life Orb
|
|upkeep
|
|t:|1757191306
|switch|p2a: Volcarona|Volcarona, L50, F|100/100
|turn|2
|
|t:|1757191316
|move|p2b: Excadrill|Protect|p2b: Excadrill
|-singleturn|p2b: Excadrill|Protect
|move|p1a: Sableye|Will-O-Wisp|p2b: Excadrill
|-activate|p2b: Excadrill|move: Protect
|move|p2a: Volcarona|Heat Wave|p1a: Sableye|[spread] p1a,p1b
|-damage|p1a: Sableye|0 fnt
|-damage|p1b: Ursaluna|48/100
|faint|p1a: Sableye
|move|p1b: Ursaluna|Earth Power|p2b: Excadrill
|-activate|p2b: Excadrill|move: Protect
|
|upkeep
|
|t:|1757191321
|switch|p1a: Rillaboom|Rillaboom, L50, F|100/100
|-fieldstart|move: Grassy Terrain|[from] ability: Grassy Surge|[of] p1a: Rillaboom
|turn|3
|inactive|GubGubFan has 30 seconds left.
|
|t:|1757191349
|switch|p2b: Tyranitar|Tyranitar, L50, F|100/100
|-weather|Sandstorm|[from] ability: Sand Stream|[of] p2b: Tyranitar
|move|p2a: Volcarona|Protect|p2a: Volcarona
|-singleturn|p2a: Volcarona|Protect
|move|p1a: Rillaboom|Fake Out|p2a: Volcarona
|-activate|p2a: Volcarona|move: Protect
|move|p1b: Ursaluna|Earth Power|p2b: Tyranitar
|-supereffective|p2b: Tyranitar
|-damage|p2b: Tyranitar|44/100
|-damage|p1b: Ursaluna|38/100|[from] item: Life Orb
|
|-weather|Sandstorm|[upkeep]
|-damage|p2a: Volcarona|94/100|[from] Sandstorm
|-damage|p1a: Rillaboom|94/100|[from] Sandstorm
|-heal|p2a: Volcarona|100/100|[from] Grassy Terrain
|-heal|p1a: Rillaboom|100/100|[from] Grassy Terrain
|-heal|p2b: Tyranitar|50/100|[from] Grassy Terrain
|-heal|p1b: Ursaluna|44/100|[from] Grassy Terrain
|upkeep
|turn|4
|
|t:|1757191378
|-terastallize|p1a: Rillaboom|Fire
|-terastallize|p2b: Tyranitar|Flying
|move|p1a: Rillaboom|Grassy Glide|p2b: Tyranitar
|-resisted|p2b: Tyranitar
|-damage|p2b: Tyranitar|33/100
|move|p2a: Volcarona|Heat Wave|p1b: Ursaluna|[spread] p1a,p1b
|-resisted|p1a: Rillaboom
|-damage|p1a: Rillaboom|88/100
|-damage|p1b: Ursaluna|1/100
|move|p2b: Tyranitar|Knock Off|p1b: Ursaluna
|-damage|p1b: Ursaluna|0 fnt
|-enditem|p1b: Ursaluna|Life Orb|[from] move: Knock Off|[of] p2b: Tyranitar
|faint|p1b: Ursaluna
|
|-weather|Sandstorm|[upkeep]
|-damage|p2a: Volcarona|94/100|[from] Sandstorm
|-damage|p1a: Rillaboom|82/100|[from] Sandstorm
|-damage|p2b: Tyranitar|28/100|[from] Sandstorm
|-heal|p2a: Volcarona|100/100|[from] Grassy Terrain
|-heal|p1a: Rillaboom|88/100|[from] Grassy Terrain
|upkeep
|
|t:|1757191383
|switch|p1b: Sneasler|Sneasler, L50, M|100/100
|-enditem|p1b: Sneasler|Grassy Seed
|-boost|p1b: Sneasler|def|1|[from] item: Grassy Seed
|turn|5
|
|t:|1757191408
|move|p1b: Sneasler|Dire Claw|p2a: Volcarona
|-damage|p2a: Volcarona|46/100
|-status|p1b: Sneasler|brn|[from] ability: Flame Body|[of] p2a: Volcarona
|move|p2a: Volcarona|Heat Wave|p1a: Rillaboom|[spread] p1a,p1b
|-resisted|p1a: Rillaboom
|-damage|p1a: Rillaboom|76/100
|-damage|p1b: Sneasler|50/100 brn
|move|p1a: Rillaboom|Wood Hammer|p2b: Tyranitar
|-resisted|p2b: Tyranitar
|-damage|p2b: Tyranitar|0 fnt
|faint|p2b: Tyranitar
|-damage|p1a: Rillaboom|66/100|[from] Recoil
|
|-weather|Sandstorm|[upkeep]
|-damage|p1b: Sneasler|44/100 brn|[from] Sandstorm
|-damage|p2a: Volcarona|40/100|[from] Sandstorm
|-damage|p1a: Rillaboom|60/100|[from] Sandstorm
|-heal|p1b: Sneasler|50/100 brn|[from] Grassy Terrain
|-heal|p2a: Volcarona|46/100|[from] Grassy Terrain
|-heal|p2a: Volcarona|52/100|[from] item: Leftovers
|-heal|p1a: Rillaboom|66/100|[from] Grassy Terrain
|-damage|p1b: Sneasler|44/100 brn|[from] brn
|upkeep
|
|t:|1757191418
|switch|p2b: Excadrill|Excadrill, L50, M|100/100
|turn|6
|
|t:|1757191428
|move|p1a: Rillaboom|Grassy Glide|p2b: Excadrill
|-damage|p2b: Excadrill|39/100
|move|p1b: Sneasler|Dire Claw|p2a: Volcarona
|-damage|p2a: Volcarona|25/100
|-status|p2a: Volcarona|slp
|move|p2b: Excadrill|High Horsepower|p1a: Rillaboom
|-supereffective|p1a: Rillaboom
|-crit|p1a: Rillaboom
|-damage|p1a: Rillaboom|0 fnt
|faint|p1a: Rillaboom
|cant|p2a: Volcarona|slp
|
|-weather|Sandstorm|[upkeep]
|-damage|p1b: Sneasler|39/100 brn|[from] Sandstorm
|-damage|p2a: Volcarona|19/100 slp|[from] Sandstorm
|-heal|p1b: Sneasler|44/100 brn|[from] Grassy Terrain
|-heal|p2b: Excadrill|45/100|[from] Grassy Terrain
|-heal|p2a: Volcarona|25/100 slp|[from] Grassy Terrain
|-heal|p2a: Volcarona|31/100 slp|[from] item: Leftovers
|-damage|p1b: Sneasler|39/100 brn|[from] brn
|upkeep
|turn|7
|
|t:|1757191446
|move|p2b: Excadrill|Protect|p2b: Excadrill
|-singleturn|p2b: Excadrill|Protect
|move|p1b: Sneasler|Close Combat|p2b: Excadrill
|-activate|p2b: Excadrill|move: Protect
|cant|p2a: Volcarona|slp
|
|-weather|none
|-heal|p1b: Sneasler|44/100 brn|[from] Grassy Terrain
|-heal|p2b: Excadrill|51/100|[from] Grassy Terrain
|-heal|p2a: Volcarona|37/100 slp|[from] Grassy Terrain
|-heal|p2a: Volcarona|44/100 slp|[from] item: Leftovers
|-damage|p1b: Sneasler|39/100 brn|[from] brn
|-fieldend|move: Grassy Terrain
|upkeep
|turn|8
|
|t:|1757191463
|move|p1b: Sneasler|Close Combat|p2b: Excadrill
|-supereffective|p2b: Excadrill
|-damage|p2b: Excadrill|0 fnt
|-unboost|p1b: Sneasler|def|1
|-unboost|p1b: Sneasler|spd|1
|faint|p2b: Excadrill
|cant|p2a: Volcarona|slp
|
|-heal|p2a: Volcarona|50/100 slp|[from] item: Leftovers
|-damage|p1b: Sneasler|33/100 brn|[from] brn
|upkeep
|turn|9
|
|t:|1757191471
|move|p1b: Sneasler|Protect|p1b: Sneasler
|-singleturn|p1b: Sneasler|Protect
|-curestatus|p2a: Volcarona|slp|[msg]
|move|p2a: Volcarona|Protect||[still]
|-fail|p2a: Volcarona
|
|-heal|p2a: Volcarona|56/100|[from] item: Leftovers
|-damage|p1b: Sneasler|27/100 brn|[from] brn
|upkeep
|turn|10
|
|t:|1757191479
|move|p1b: Sneasler|Dire Claw|p2a: Volcarona
|-damage|p2a: Volcarona|31/100
|-status|p2a: Volcarona|psn
|move|p2a: Volcarona|Tera Blast|p1b: Sneasler
|-damage|p1b: Sneasler|0 fnt
|faint|p1b: Sneasler
|
|win|GubGubFan
||yeet58 is ready for game 2.
||GubGubFan is ready for game 2.
|uhtml|next|Next: Game 2 of 3
|l|☆yeet58
|player|p1|
