|j|☆Shaymin frohawk
|j|☆Digao19
|html|Shaymin frohawkDigao19    
|uhtml|bestof|Game 1 of a best-of-3
|t:|1786113788
|gametype|doubles
|player|p1|Shaymin frohawk|101|1078
|player|p2|Digao19|266|1212
|gen|9
|tier|[Gen 9 Champions] VGC 2026 Reg M-B (Bo3)
|rated|
|rule|Species Clause: Limit one of each Pokémon
|rule|Item Clause: Limit 1 of each item
|clearpoke
|poke|p1|Raichu, L50, M|
|poke|p1|Staraptor, L50, M|
|poke|p1|Arcanine-Hisui, L50, F|
|poke|p1|Sylveon, L50, M|
|poke|p1|Farigiraf, L50, F|
|poke|p1|Kingambit, L50, F|
|poke|p2|Charizard, L50, M, shiny|
|poke|p2|Venusaur, L50, F|
|poke|p2|Grimmsnarl, L50, M|
|poke|p2|Archaludon, L50, F|
|poke|p2|Pelipper, L50, F|
|poke|p2|Swampert, L50, M|
|teampreview|4
|showteam|p1|Raichu||RaichuniteY|LightningRod|ZapCannon,FocusBlast,FakeOut,Protect|Hasty||M|||50|]Staraptor||Staraptite|Intimidate|DualWingbeat,CloseCombat,Tailwind,Protect|Jolly||M|||50|]Arcanine-Hisui||FocusSash|RockHead|FlareBlitz,HeadSmash,ExtremeSpeed,Protect|Jolly||F|||50|]Sylveon||FairyFeather|Pixilate|HyperBeam,HyperVoice,QuickAttack,Detect|Modest||M|||50|]Farigiraf||SitrusBerry|ArmorTail|TrickRoom,Protect,Psychic,HelpingHand|Calm||F|||50|]Kingambit||LifeOrb|Defiant|KowtowCleave,SuckerPunch,Protect,SwordsDance|Adamant||F|||50|
|showteam|p2|Charizard||CharizarditeY|Blaze|HeatWave,Hurricane,WeatherBall,Protect|Modest||M|||50|]Venusaur||FocusSash|Chlorophyll|LeafStorm,SludgeBomb,SleepPowder,Protect|Timid||F|||50|]Grimmsnarl||LightClay|Prankster|SpiritBreak,PartingShot,LightScreen,Reflect|Careful||M|||50|]Archaludon||Leftovers|Stamina|ElectroShot,DragonPulse,FlashCannon,Protect|Bold||F|||50|]Pelipper||SitrusBerry|Drizzle|WeatherBall,Hurricane,Tailwind,WideGuard|Modest||F|||50|]Swampert||Swampertite|Damp|WaveCrash,Earthquake,IcePunch,Protect|Adamant||M|||50|
|inactive|Battle timer is ON: inactive players will automatically lose when time's up. (requested by Shaymin frohawk)
|
|t:|1786113906
|teamsize|p1|4
|teamsize|p2|4
|start
|switch|p1a: Staraptor|Staraptor, L50, M|100/100
|switch|p1b: Arcanine|Arcanine-Hisui, L50, F|100/100
|switch|p2a: Archaludon|Archaludon, L50, F|100/100
|switch|p2b: Pelipper|Pelipper, L50, F|100/100
|-ability|p1a: Staraptor|Intimidate|boost
|-unboost|p2a: Archaludon|atk|1
|-unboost|p2b: Pelipper|atk|1
|-weather|RainDance|[from] ability: Drizzle|[of] p2b: Pelipper
|turn|1
|inactive|Digao19 has 30 seconds left.
|inactive|Digao19 has 20 seconds left.
|inactive|Digao19 has 15 seconds left.
|inactive|Digao19 has 10 seconds left.
|inactive|Digao19 has 5 seconds left.
|
|t:|1786113958
|switch|p2b: Swampert|Swampert, L50, M|100/100
|move|p2a: Archaludon|Protect|p2a: Archaludon
|-singleturn|p2a: Archaludon|Protect
|move|p1a: Staraptor|Tailwind|p1a: Staraptor
|-sidestart|p1: Shaymin frohawk|move: Tailwind
|move|p1b: Arcanine|Head Smash|p2b: Swampert
|-resisted|p2b: Swampert|1
|-damage|p2b: Swampert|60/100
|
|-weather|RainDance|[upkeep]
|upkeep
|turn|2
|inactive|Shaymin frohawk has 30 seconds left.
|inactive|Digao19 has 30 seconds left.
|inactive|Digao19 has 20 seconds left.
|inactive|Digao19 has 15 seconds left.
|inactive|Digao19 has 10 seconds left.
|inactive|Digao19 has 5 seconds left.
|
|t:|1786114013
|detailschange|p1a: Staraptor|Staraptor-Mega, L50, M
|-mega|p1a: Staraptor|Staraptor|Staraptite
|move|p1a: Staraptor|Close Combat|p2b: Swampert
|-damage|p2b: Swampert|0 fnt
|-boost|p1a: Staraptor|def|1
|-boost|p1a: Staraptor|spd|1
|faint|p2b: Swampert
|move|p1b: Arcanine|Head Smash|p2a: Archaludon
|-resisted|p2a: Archaludon|1
|-damage|p2a: Archaludon|78/100
|-ability|p2a: Archaludon|Stamina|boost
|-boost|p2a: Archaludon|def|1
|move|p2a: Archaludon|Electro Shot||[still]
|-prepare|p2a: Archaludon|Electro Shot
|-boost|p2a: Archaludon|spa|1
|-anim|p2a: Archaludon|Electro Shot|p1a: Staraptor
|-supereffective|p1a: Staraptor|1
|-damage|p1a: Staraptor|17/100
|
|-weather|RainDance|[upkeep]
|-heal|p2a: Archaludon|84/100|[from] item: Leftovers
|upkeep
|inactive|Digao19 has 30 seconds left.
|inactive|Digao19 has 20 seconds left.
|inactive|Digao19 has 15 seconds left.
|
|t:|1786114056
|switch|p2b: Pelipper|Pelipper, L50, F|100/100
|turn|3
|inactive|Digao19 has 30 seconds left.
|inactive|Digao19 has 20 seconds left.
|inactive|Digao19 has 15 seconds left.
|inactive|Digao19 has 10 seconds left.
|inactive|Digao19 has 5 seconds left.
|
|t:|1786114111
|move|p1a: Staraptor|Protect|p1a: Staraptor
|-singleturn|p1a: Staraptor|Protect
|move|p1b: Arcanine|Head Smash|p2b: Pelipper
|-supereffective|p2b: Pelipper|1
|-damage|p2b: Pelipper|0 fnt
|faint|p2b: Pelipper
|move|p2a: Archaludon|Electro Shot||[still]
|-prepare|p2a: Archaludon|Electro Shot
|-boost|p2a: Archaludon|spa|1
|-anim|p2a: Archaludon|Electro Shot|p1b: Arcanine
|-damage|p1b: Arcanine|12/100
|
|-weather|RainDance|[upkeep]
|-heal|p2a: Archaludon|90/100|[from] item: Leftovers
|upkeep
|
|t:|1786114115
|switch|p2b: Venusaur|Venusaur, L50, F|100/100
|turn|4
|inactive|Digao19 has 30 seconds left.
|inactive|Digao19 has 20 seconds left.
|inactive|Digao19 has 15 seconds left.
|inactive|Digao19 has 10 seconds left.
|inactive|Digao19 has 5 seconds left.
|
|t:|1786114166
|switch|p1b: Raichu|Raichu, L50, M|100/100
|move|p2b: Venusaur|Protect|p2b: Venusaur
|-singleturn|p2b: Venusaur|Protect
|move|p1a: Staraptor|Dual Wingbeat|p2b: Venusaur
|-activate|p2b: Venusaur|move: Protect
|move|p2a: Archaludon|Flash Cannon|p1a: Staraptor
|-damage|p1a: Staraptor|0 fnt
|faint|p1a: Staraptor
|
|-weather|RainDance|[upkeep]
|-heal|p2a: Archaludon|96/100|[from] item: Leftovers
|-sideend|p1: Shaymin frohawk|move: Tailwind
|upkeep
|
|t:|1786114185
|switch|p1a: Arcanine|Arcanine-Hisui, L50, F|12/100
|turn|5
|inactive|Digao19 has 30 seconds left.
|inactive|Digao19 has 20 seconds left.
|inactive|Digao19 has 15 seconds left.
|
|t:|1786114235
|move|p1b: Raichu|Fake Out|p2b: Venusaur
|-damage|p2b: Venusaur|87/100
|move|p1a: Arcanine|Flare Blitz|p2b: Venusaur
|-supereffective|p2b: Venusaur|1
|-damage|p2b: Venusaur|9/100
|cant|p2b: Venusaur|flinch
|move|p2a: Archaludon|Dragon Pulse|p1b: Raichu
|-damage|p1b: Raichu|1/100
|
|-weather|none
|-heal|p2a: Archaludon|100/100|[from] item: Leftovers
|upkeep
|turn|6
|inactive|Digao19 has 30 seconds left.
|
|t:|1786114262
|move|p2b: Venusaur|Protect|p2b: Venusaur
|-singleturn|p2b: Venusaur|Protect
|move|p1a: Arcanine|Extreme Speed|p2b: Venusaur
|-activate|p2b: Venusaur|move: Protect
|move|p1b: Raichu|Focus Blast|p2a: Archaludon
|-supereffective|p2a: Archaludon|1
|-damage|p2a: Archaludon|47/100
|-unboost|p2a: Archaludon|spd|1
|-ability|p2a: Archaludon|Stamina|boost
|-boost|p2a: Archaludon|def|1
|move|p2a: Archaludon|Flash Cannon|p1b: Raichu
|-resisted|p1b: Raichu|1
|-damage|p1b: Raichu|0 fnt
|faint|p1b: Raichu
|
|-heal|p2a: Archaludon|53/100|[from] item: Leftovers
|upkeep
|
|t:|1786114266
|switch|p1b: Sylveon|Sylveon, L50, M|100/100
|turn|7
|inactive|Digao19 has 30 seconds left.
|inactive|Digao19 has 20 seconds left.
|inactive|Digao19 has 15 seconds left.
|inactive|Digao19 has 10 seconds left.
|inactive|Digao19 has 5 seconds left.
|
|t:|1786114317
|move|p1a: Arcanine|Extreme Speed|p2b: Venusaur
|-damage|p2b: Venusaur|0 fnt
|faint|p2b: Venusaur
|move|p2a: Archaludon|Flash Cannon|p1b: Sylveon
|-supereffective|p1b: Sylveon|1
|-damage|p1b: Sylveon|0 fnt
|faint|p1b: Sylveon
|
|-heal|p2a: Archaludon|60/100|[from] item: Leftovers
|upkeep
|turn|8
|
|t:|1786114338
|move|p1a: Arcanine|Flare Blitz|p2a: Archaludon
|-damage|p2a: Archaludon|40/100
|-ability|p2a: Archaludon|Stamina|boost
|-boost|p2a: Archaludon|def|1
|move|p2a: Archaludon|Flash Cannon|p1a: Arcanine
|-damage|p1a: Arcanine|0 fnt
|faint|p1a: Arcanine
|
|win|Digao19
