|j|☆DDyarados29
|j|☆LastHorzion
|html|DDyarados29LastHorzion    
|uhtml|bestof|Game 3 of a best-of-3
|t:|1755216921
|gametype|doubles
|player|p1|DDyarados29|skier|1250
|player|p2|LastHorzion|steven|1330
|gen|9
|tier|[Gen 9] VGC 2025 Reg H (Bo3)
|rated|
|rule|Species Clause: Limit one of each Pokémon
|rule|Item Clause: Limit 1 of each item
|clearpoke
|poke|p1|Rillaboom, L50, F|
|poke|p1|Sneasler, L50, F|
|poke|p1|Basculegion, L50, M|
|poke|p1|Ursaluna-Bloodmoon, L50, M|
|poke|p1|Electabuzz, L50, M|
|poke|p1|Kingambit, L50, F|
|poke|p2|Sneasler, L50, M|
|poke|p2|Indeedee, L50, M|
|poke|p2|Ursaluna-Bloodmoon, L50, M|
|poke|p2|Whimsicott, L50, M|
|poke|p2|Typhlosion-Hisui, L50, M|
|poke|p2|Dragonite, L50, F|
|teampreview|4
|showteam|p1|Rillaboom||MiracleSeed|GrassySurge|GrassyGlide,WoodHammer,Protect,FakeOut|||F|||50|,,,,,Grass]Sneasler||GrassySeed|Unburden|DireClaw,CloseCombat,Coaching,FakeOut|||F|||50|,,,,,Stellar]Basculegion||ChoiceScarf|Adaptability|WaveCrash,LastRespects,AquaJet,FlipTurn|||M|||50|,,,,,Fairy]Ursaluna-Bloodmoon||LifeOrb|MindsEye|HyperVoice,BloodMoon,EarthPower,Protect|||M|||50|,,,,,Normal]Electabuzz||Eviolite|VitalSpirit|Electroweb,FollowMe,Taunt,Protect|||M|||50|,,,,,Ghost]Kingambit||AssaultVest|Defiant|KowtowCleave,TeraBlast,SuckerPunch,IronHead|||F|||50|,,,,,Flying
|showteam|p2|Sneasler||PsychicSeed|Unburden|CloseCombat,DireClaw,ThroatChop,Protect|||M|||50|,,,,,Dark]Indeedee||FocusSash|PsychicSurge|ExpandingForce,TeraBlast,Imprison,TrickRoom|||M|||50|,,,,,Ground]Ursaluna-Bloodmoon||LifeOrb|MindsEye|BloodMoon,EarthPower,HyperVoice,Protect|||M|||50|,,,,,Normal]Whimsicott||CovertCloak|Prankster|Tailwind,Moonblast,Encore,SunnyDay|||M|||50|,,,,,Water]Typhlosion-Hisui||ChoiceScarf|Blaze|Eruption,Curse,HeatWave,ShadowBall|||M|||50|,,,,,Fire]Dragonite||LoadedDice|Multiscale|ScaleShot,StompingTantrum,Haze,Protect|||F|||50|,,,,,Fairy
|inactive|Battle timer is ON: inactive players will automatically lose when time's up. (requested by DDyarados29)
|inactive|LastHorzion also wants the timer to be on.
|
|t:|1755216947
|teamsize|p1|4
|teamsize|p2|4
|start
|switch|p1a: Rillaboom|Rillaboom, L50, F, shiny|100/100
|switch|p1b: Sneasler|Sneasler, L50, F|100/100
|switch|p2a: Whimsicott|Whimsicott, L50, M|100/100
|switch|p2b: Typhlosion|Typhlosion-Hisui, L50, M|100/100
|-fieldstart|move: Grassy Terrain|[from] ability: Grassy Surge|[of] p1a: Rillaboom
|-enditem|p1b: Sneasler|Grassy Seed
|-boost|p1b: Sneasler|def|1|[from] item: Grassy Seed
|turn|1
|inactive|DDyarados29 has 30 seconds left.
|inactive|LastHorzion has 30 seconds left.
|
|t:|1755216977
|switch|p1a: Basculegion|Basculegion, L50, M|100/100
|-terastallize|p2b: Typhlosion|Fire
|move|p2a: Whimsicott|Tailwind|p2a: Whimsicott
|-sidestart|p2: LastHorzion|move: Tailwind
|move|p2b: Typhlosion|Eruption|p1b: Sneasler|[spread] p1a,p1b
|-resisted|p1a: Basculegion
|-damage|p1a: Basculegion|51/100
|-damage|p1b: Sneasler|3/100
|move|p1b: Sneasler|Dire Claw|p2b: Typhlosion
|-damage|p2b: Typhlosion|37/100
|
|-heal|p2b: Typhlosion|43/100|[from] Grassy Terrain
|-heal|p1b: Sneasler|9/100|[from] Grassy Terrain
|-heal|p1a: Basculegion|57/100|[from] Grassy Terrain
|upkeep
|turn|2
|inactive|DDyarados29 has 30 seconds left.
|inactive|LastHorzion has 30 seconds left.
|
|t:|1755217009
|switch|p2a: Indeedee|Indeedee, L50, M, shiny|100/100
|-fieldstart|move: Psychic Terrain|[from] ability: Psychic Surge|[of] p2a: Indeedee
|move|p2b: Typhlosion|Eruption|p1a: Basculegion|[spread] p1a,p1b
|-resisted|p1a: Basculegion
|-damage|p1a: Basculegion|38/100
|-damage|p1b: Sneasler|0 fnt
|faint|p1b: Sneasler
|move|p1a: Basculegion|Flip Turn|p2b: Typhlosion
|-supereffective|p2b: Typhlosion
|-damage|p2b: Typhlosion|0 fnt
|faint|p2b: Typhlosion
|
|t:|1755217023
|switch|p1a: Kingambit|Kingambit, L50, F|100/100|[from] Flip Turn
|
|upkeep
|
|t:|1755217033
|switch|p1b: Rillaboom|Rillaboom, L50, F, shiny|100/100
|switch|p2b: Whimsicott|Whimsicott, L50, M|100/100
|-fieldstart|move: Grassy Terrain|[from] ability: Grassy Surge|[of] p1b: Rillaboom
|turn|3
|inactive|LastHorzion has 30 seconds left.
|
|t:|1755217060
|switch|p2a: Sneasler|Sneasler, L50, M|100/100
|move|p2b: Whimsicott|Moonblast|p1b: Rillaboom
|-damage|p1b: Rillaboom|66/100
|move|p1b: Rillaboom|Wood Hammer|p2a: Sneasler
|-resisted|p2a: Sneasler
|-damage|p2a: Sneasler|18/100
|-damage|p1b: Rillaboom|41/100|[from] Recoil
|move|p1a: Kingambit|Iron Head|p2b: Whimsicott
|-supereffective|p2b: Whimsicott
|-damage|p2b: Whimsicott|0 fnt
|faint|p2b: Whimsicott
|
|-heal|p2a: Sneasler|24/100|[from] Grassy Terrain
|-heal|p1b: Rillaboom|47/100|[from] Grassy Terrain
|upkeep
|
|t:|1755217071
|switch|p2b: Indeedee|Indeedee, L50, M, shiny|100/100
|-fieldstart|move: Psychic Terrain|[from] ability: Psychic Surge|[of] p2b: Indeedee
|-enditem|p2a: Sneasler|Psychic Seed
|-boost|p2a: Sneasler|spd|1|[from] item: Psychic Seed
|turn|4
|inactive|DDyarados29 has 30 seconds left.
|inactive|LastHorzion has 30 seconds left.
|inactive|DDyarados29 has 20 seconds left.
|inactive|LastHorzion has 20 seconds left.
|inactive|DDyarados29 has 15 seconds left.
|inactive|LastHorzion has 15 seconds left.
|inactive|LastHorzion has 10 seconds left.
|
|t:|1755217118
|switch|p1b: Basculegion|Basculegion, L50, M|38/100
|-terastallize|p1a: Kingambit|Flying
|move|p2a: Sneasler|Throat Chop|p1a: Kingambit
|-damage|p1a: Kingambit|77/100
|-start|p1a: Kingambit|Throat Chop|[silent]
|move|p2b: Indeedee|Expanding Force|p1a: Kingambit|[spread] p1a,p1b
|-damage|p1a: Kingambit|44/100
|-damage|p1b: Basculegion|0 fnt
|faint|p1b: Basculegion
|move|p1a: Kingambit|Tera Blast|p2a: Sneasler|[anim] Tera Blast Flying
|-supereffective|p2a: Sneasler
|-damage|p2a: Sneasler|0 fnt
|faint|p2a: Sneasler
|
|-sideend|p2: LastHorzion|move: Tailwind
|upkeep
|
|t:|1755217127
|switch|p1b: Rillaboom|Rillaboom, L50, F, shiny|47/100
|-fieldstart|move: Grassy Terrain|[from] ability: Grassy Surge|[of] p1b: Rillaboom
|turn|5
|
|t:|1755217134
|move|p1b: Rillaboom|Fake Out|p2b: Indeedee
|-damage|p2b: Indeedee|70/100
|cant|p2b: Indeedee|flinch
|move|p1a: Kingambit|Kowtow Cleave|p2b: Indeedee
|-supereffective|p2b: Indeedee
|-damage|p2b: Indeedee|0 fnt
|faint|p2b: Indeedee
|
|win|DDyarados29
|raw|DDyarados29's rating: 1250 → 1281(+31 for winning)
|raw|LastHorzion's rating: 1330 → 1305(-25 for losing)
|l|☆DDyarados29
|player|p1|
