|j|☆Astonished25
|j|☆TheGayOneVGC
|html|Astonished25TheGayOneVGC    
|uhtml|bestof|Game 2 of a best-of-3
|t:|1786082105
|gametype|doubles
|player|p1|Astonished25|unknown|1163
|player|p2|TheGayOneVGC|102|1063
|gen|9
|tier|[Gen 9 Champions] VGC 2026 Reg M-B (Bo3)
|rated|
|rule|Species Clause: Limit one of each Pokémon
|rule|Item Clause: Limit 1 of each item
|clearpoke
|poke|p1|Sinistcha, L50|
|poke|p1|Incineroar, L50, M|
|poke|p1|Floette-Eternal, L50, F|
|poke|p1|Staraptor, L50, F|
|poke|p1|Kingambit, L50, M|
|poke|p1|Maushold, L50|
|poke|p2|Sinistcha, L50|
|poke|p2|Staraptor, L50, M|
|poke|p2|Talonflame, L50, F|
|poke|p2|Incineroar, L50, M|
|poke|p2|Garchomp, L50, M|
|poke|p2|Blastoise, L50, F|
|teampreview|4
|showteam|p1|Sinistcha||ColburBerry|Hospitality|MatchaGotcha,RagePowder,TrickRoom,LifeDew|Relaxed|||||50|]Incineroar||PasshoBerry|Intimidate|ThroatChop,FlareBlitz,PartingShot,FakeOut|Adamant||M|||50|]Floette-Eternal||Floettite|FlowerVeil|Protect,CalmMind,Moonblast,DazzlingGleam|Modest||F|||50|]Staraptor||Staraptite|Intimidate|CloseCombat,DualWingbeat,Roost,Protect|Jolly||F|||50|]Kingambit||LifeOrb|Defiant|SuckerPunch,IronHead,KowtowCleave,Protect|Brave||M|||50|]Maushold||ChopleBerry|FriendGuard|Feint,FollowMe,Protect,BabyDollEyes|Careful|||||50|
|showteam|p2|Sinistcha||OccaBerry|Hospitality|ShadowBall,MatchaGotcha,LifeDew,RagePowder|Modest|||||50|]Staraptor||Staraptite|Intimidate|CloseCombat,Roost,Protect,BraveBird|Jolly||M|||50|]Talonflame||FocusSash|GaleWings|DualWingbeat,FeatherDance,Protect,Tailwind|Adamant||F|||50|]Incineroar||SitrusBerry|Intimidate|FakeOut,FlareBlitz,PartingShot,DarkestLariat|Adamant||M|||50|]Garchomp||WideLens|SandVeil|RockSlide,DragonRush,Protect,Earthquake|Jolly||M|||50|]Blastoise||Blastoisinite|Torrent|WaterSpout,DarkPulse,Protect,AuraSphere|Modest||F|||50|
|inactive|Battle timer is ON: inactive players will automatically lose when time's up. (requested by Astonished25)
|inactive|TheGayOneVGC has 60 seconds left.
|
|t:|1786082137
|teamsize|p1|4
|teamsize|p2|4
|start
|switch|p1a: Incineroar|Incineroar, L50, M|100/100
|switch|p1b: Floette|Floette-Eternal, L50, F|100/100
|switch|p2a: Blastoise|Blastoise, L50, F|100/100
|switch|p2b: Talonflame|Talonflame, L50, F|100/100
|-ability|p1a: Incineroar|Intimidate|boost
|-unboost|p2a: Blastoise|atk|1
|-unboost|p2b: Talonflame|atk|1
|turn|1
|
|t:|1786082153
|detailschange|p1b: Floette|Floette-Mega, L50, F
|-mega|p1b: Floette|Floette|Floettite
|-ability|p1b: Floette|Fairy Aura
|detailschange|p2a: Blastoise|Blastoise-Mega, L50, F
|-mega|p2a: Blastoise|Blastoise|Blastoisinite
|move|p2b: Talonflame|Protect|p2b: Talonflame
|-singleturn|p2b: Talonflame|Protect
|move|p2a: Blastoise|Protect|p2a: Blastoise
|-singleturn|p2a: Blastoise|Protect
|move|p1a: Incineroar|Fake Out|p2a: Blastoise
|-activate|p2a: Blastoise|move: Protect
|move|p1b: Floette|Calm Mind|p1b: Floette
|-boost|p1b: Floette|spa|1
|-boost|p1b: Floette|spd|1
|
|upkeep
|turn|2
|
|t:|1786082169
|move|p2b: Talonflame|Tailwind|p2b: Talonflame
|-sidestart|p2: TheGayOneVGC|move: Tailwind
|move|p2a: Blastoise|Water Spout|p1a: Incineroar|[spread] p1a,p1b
|-supereffective|p1a: Incineroar|1
|-enditem|p1a: Incineroar|Passho Berry|[eat]
|-enditem|p1a: Incineroar|Passho Berry|[weaken]
|-damage|p1a: Incineroar|37/100
|-damage|p1b: Floette|67/100
|move|p1b: Floette|Dazzling Gleam|p2a: Blastoise|[spread] p2a,p2b
|-resisted|p2b: Talonflame|1
|-damage|p2a: Blastoise|35/100
|-damage|p2b: Talonflame|41/100
|move|p1a: Incineroar|Parting Shot|p2b: Talonflame
|-unboost|p2b: Talonflame|atk|1
|-unboost|p2b: Talonflame|spa|1
|
|t:|1786082175
|switch|p1a: Sinistcha|Sinistcha, L50|100/100|[from] Parting Shot
|-heal|p1b: Floette|92/100|[from] ability: Hospitality|[of] p1a: Sinistcha
|
|upkeep
|turn|3
|
|t:|1786082193
|move|p2b: Talonflame|Dual Wingbeat|p1b: Floette
|-damage|p1b: Floette|84/100
|-damage|p1b: Floette|75/100
|-hitcount|p1b: Floette|2
|move|p2a: Blastoise|Dark Pulse|p1a: Sinistcha
|-supereffective|p1a: Sinistcha|1
|-enditem|p1a: Sinistcha|Colbur Berry|[eat]
|-enditem|p1a: Sinistcha|Colbur Berry|[weaken]
|-damage|p1a: Sinistcha|53/100
|move|p1b: Floette|Dazzling Gleam|p2b: Talonflame|[spread] p2a,p2b
|-resisted|p2b: Talonflame|1
|-damage|p2a: Blastoise|0 fnt
|-damage|p2b: Talonflame|0 fnt
|faint|p2a: Blastoise
|faint|p2b: Talonflame
|move|p1a: Sinistcha|Trick Room|p1a: Sinistcha
|-fieldstart|move: Trick Room|[of] p1a: Sinistcha
|
|upkeep
|
|t:|1786082207
|switch|p2a: Incineroar|Incineroar, L50, M|100/100
|switch|p2b: Sinistcha|Sinistcha, L50|100/100
|-ability|p2a: Incineroar|Intimidate|boost
|-unboost|p1a: Sinistcha|atk|1
|-unboost|p1b: Floette|atk|1
|turn|4
|
|t:|1786082216
|switch|p1a: Incineroar|Incineroar, L50, M|37/100
|-ability|p1a: Incineroar|Intimidate|boost
|-unboost|p2a: Incineroar|atk|1
|-unboost|p2b: Sinistcha|atk|1
|move|p2a: Incineroar|Fake Out|p1b: Floette
|-damage|p1b: Floette|67/100
|cant|p1b: Floette|flinch
|move|p2b: Sinistcha|Matcha Gotcha|p1a: Incineroar|[spread] p1a,p1b
|-resisted|p1a: Incineroar|1
|-damage|p1a: Incineroar|24/100
|-damage|p1b: Floette|49/100
|
|upkeep
|turn|5
|
|t:|1786082235
|move|p2b: Sinistcha|Rage Powder|p2b: Sinistcha
|-singleturn|p2b: Sinistcha|move: Rage Powder
|move|p1a: Incineroar|Parting Shot|p2b: Sinistcha
|-unboost|p2b: Sinistcha|atk|1
|-unboost|p2b: Sinistcha|spa|1
|
|t:|1786082238
|switch|p1a: Sinistcha|Sinistcha, L50|53/100|[from] Parting Shot
|-heal|p1b: Floette|74/100|[from] ability: Hospitality|[of] p1a: Sinistcha
|move|p1b: Floette|Dazzling Gleam|p2b: Sinistcha|[spread] p2a,p2b
|-damage|p2a: Incineroar|35/100
|-damage|p2b: Sinistcha|17/100
|-enditem|p2a: Incineroar|Sitrus Berry|[eat]
|-heal|p2a: Incineroar|60/100|[from] item: Sitrus Berry
|move|p2a: Incineroar|Flare Blitz|p1b: Floette
|-damage|p1b: Floette|40/100
|-damage|p2a: Incineroar|50/100g|[from] Recoil
|
|-sideend|p2: TheGayOneVGC|move: Tailwind
|upkeep
|turn|6
|inactive|TheGayOneVGC has 30 seconds left.
|inactive|TheGayOneVGC has 20 seconds left.
|inactive|TheGayOneVGC has 15 seconds left.
|
|t:|1786082282
|switch|p1a: Incineroar|Incineroar, L50, M|24/100
|-ability|p1a: Incineroar|Intimidate|boost
|-unboost|p2a: Incineroar|atk|1
|-unboost|p2b: Sinistcha|atk|1
|move|p1b: Floette|Protect|p1b: Floette
|-singleturn|p1b: Floette|Protect
|move|p2a: Incineroar|Parting Shot|p1a: Incineroar
|-unboost|p1a: Incineroar|atk|1
|-unboost|p1a: Incineroar|spa|1
|move|p2b: Sinistcha|Matcha Gotcha|p1b: Floette|[spread] p1a
|-activate|p1b: Floette|move: Protect
|-resisted|p1a: Incineroar|1
|-damage|p1a: Incineroar|15/100
|-heal|p2b: Sinistcha|23/100|[from] drain|[of] p1a: Incineroar
|
|upkeep
|turn|7
|
|t:|1786082299
|move|p1a: Incineroar|Fake Out|p2a: Incineroar
|-damage|p2a: Incineroar|43/100
|cant|p2a: Incineroar|flinch
|move|p2b: Sinistcha|Matcha Gotcha|p1b: Floette|[spread] p1a,p1b
|-resisted|p1a: Incineroar|1
|-damage|p1a: Incineroar|4/100
|-heal|p2b: Sinistcha|29/100|[from] drain|[of] p1a: Incineroar
|-damage|p1b: Floette|28/100
|-heal|p2b: Sinistcha|35/100|[from] drain|[of] p1b: Floette
|move|p1b: Floette|Dazzling Gleam|p2a: Incineroar|[spread] p2a,p2b
|-damage|p2a: Incineroar|0 fnt
|-damage|p2b: Sinistcha|0 fnt
|faint|p2a: Incineroar
|faint|p2b: Sinistcha
|
|win|Astonished25
|raw|Astonished25's rating: 1177 → 1194(+17 for winning)
|raw|TheGayOneVGC's rating: 1063 → 1050(-13 for losing)
