|j|☆Uchiha_Gary
|j|☆TVegas
|html|Uchiha_GaryTVegas    
|uhtml|bestof|Game 1 of a best-of-3
|t:|1783637946
|gametype|doubles
|player|p1|Uchiha_Gary|blue|
|player|p2|TVegas|102|
|gen|9
|tier|[Gen 9 Champions] VGC 2026 Reg M-B (Bo3)
|rule|Species Clause: Limit one of each Pokémon
|rule|Item Clause: Limit 1 of each item
|clearpoke
|poke|p1|Gengar, L50, M, shiny|
|poke|p1|Scizor, L50, M|
|poke|p1|Sylveon, L50, F, shiny|
|poke|p1|Kangaskhan, L50, F|
|poke|p1|Arcanine-Hisui, L50, M|
|poke|p1|Vivillon-Fancy, L50, F|
|poke|p2|Samurott-Hisui, L50, F|
|poke|p2|Ninetales-Alola, L50, F, shiny|
|poke|p2|Crabominable, L50, M|
|poke|p2|Meowstic, L50, M|
|poke|p2|Corviknight, L50, F|
|poke|p2|Floette-Eternal, L50, F|
|teampreview|4
|showteam|p1|Gengar||Gengarite|CursedBody|SludgeBomb,ShadowBall,SludgeWave,Protect|Timid||M|||50|]Scizor||MetalCoat|Technician|Feint,BugBite,BulletPunch,BrickBreak|Adamant||M|||50|]Sylveon||SitrusBerry|Pixilate|HyperVoice,Yawn,QuickAttack,Protect|Sassy||F|||50|]Kangaskhan||SilkScarf|Scrappy|FakeOut,IcyWind,DoubleEdge,Protect|Adamant||F|||50|]Arcanine-Hisui||HardStone|RockHead|FlareBlitz,HeadSmash,PsychicFangs,Protect|Jolly||M|||50|]Vivillon-Fancy||FocusSash|FriendGuard|Tailwind,RagePowder,SleepPowder,PollenPuff|Timid||F|||50|
|showteam|p2|Samurott-Hisui||RoseliBerry|Sharpness|Protect,CeaselessEdge,AquaCutter,FlipTurn|Brave||F|||50|]Ninetales-Alola||LightClay|SnowWarning|Protect,AuroraVeil,Blizzard,DazzlingGleam|Timid||F|||50|]Crabominable||Crabominite|IronFist|Protect,MachPunch,DrainPunch,IcePunch|Brave||M|||50|]Meowstic||FocusSash|Prankster|TrickRoom,LightScreen,Reflect,Psychic|Sassy||M|||50|]Corviknight||Leftovers|MirrorArmor|Protect,BodyPress,IronDefense,Roost|Impish||F|||50|]Floette-Eternal||Floettite|FlowerVeil|Protect,CalmMind,DazzlingGleam,DrainingKiss|Modest||F|||50|
|j| Jslosh
|c|☆Uchiha_Gary|glhf
|c|☆TVegas|gl
|
|t:|1783638033
|teamsize|p1|4
|teamsize|p2|4
|start
|switch|p1a: Kangaskhan|Kangaskhan, L50, F|100/100
|switch|p1b: Gengar|Gengar, L50, M, shiny|100/100
|switch|p2a: Elsa|Ninetales-Alola, L50, F, shiny|100/100
|switch|p2b: Poe|Meowstic, L50, M|100/100
|-weather|Snowscape|[from] ability: Snow Warning|[of] p2a: Elsa
|turn|1
|
|t:|1783638060
|detailschange|p1b: Gengar|Gengar-Mega, L50, M, shiny
|-mega|p1b: Gengar|Gengar|Gengarite
|move|p1a: Kangaskhan|Fake Out|p2b: Poe
|-damage|p2b: Poe|73/100
|move|p1b: Gengar|Sludge Bomb|p2a: Elsa
|-supereffective|p2a: Elsa|1
|-damage|p2a: Elsa|0 fnt
|faint|p2a: Elsa
|cant|p2b: Poe|flinch
|
|-weather|Snowscape|[upkeep]
|upkeep
|
|t:|1783638089
|switch|p2a: Maliketh|Samurott-Hisui, L50, F|100/100
|turn|2
|
|t:|1783638126
|move|p1b: Gengar|Protect|p1b: Gengar
|-singleturn|p1b: Gengar|Protect
|move|p1a: Kangaskhan|Double-Edge|p2b: Poe
|-damage|p2b: Poe|0 fnt
|faint|p2b: Poe
|-damage|p1a: Kangaskhan|79/100|[from] Recoil
|move|p2a: Maliketh|Ceaseless Edge|p1a: Kangaskhan
|-damage|p1a: Kangaskhan|33/100
|-sidestart|p1: Uchiha_Gary|Spikes
|
|-weather|Snowscape|[upkeep]
|upkeep
|
|t:|1783638137
|switch|p2b: Eugene|Crabominable, L50, M|100/100
|turn|3
|
|t:|1783638168
|switch|p1b: Scizor|Scizor, L50, M|100/100
|-damage|p1b: Scizor|87/100|[from] Spikes
|detailschange|p2b: Eugene|Crabominable-Mega, L50, M
|-mega|p2b: Eugene|Crabominable|Crabominite
|move|p2b: Eugene|Mach Punch|p1a: Kangaskhan
|-supereffective|p1a: Kangaskhan|1
|-damage|p1a: Kangaskhan|0 fnt
|faint|p1a: Kangaskhan
|move|p2a: Maliketh|Ceaseless Edge|p1b: Scizor
|-damage|p1b: Scizor|38/100
|-sidestart|p1: Uchiha_Gary|Spikes
|
|-weather|Snowscape|[upkeep]
|upkeep
|
|t:|1783638187
|switch|p1a: Gengar|Gengar-Mega, L50, M, shiny|100/100
|-damage|p1a: Gengar|83/100|[from] Spikes
|turn|4
|
|t:|1783638206
|move|p2b: Eugene|Protect|p2b: Eugene
|-singleturn|p2b: Eugene|Protect
|move|p1b: Scizor|Bullet Punch|p2b: Eugene
|-activate|p2b: Eugene|move: Protect
|move|p1a: Gengar|Sludge Wave|p2b: Eugene|[spread] p2a
|-activate|p2b: Eugene|move: Protect
|-immune|p1b: Scizor
|-damage|p2a: Maliketh|40/100
|move|p2a: Maliketh|Aqua Cutter|p1b: Scizor
|-damage|p1b: Scizor|0 fnt
|faint|p1b: Scizor
|
|-weather|Snowscape|[upkeep]
|upkeep
|
|t:|1783638219
|switch|p1b: Arcanine|Arcanine-Hisui, L50, M|100/100
|-damage|p1b: Arcanine|83/100|[from] Spikes
|turn|5
|
|t:|1783638245
|move|p1a: Gengar|Sludge Bomb|p2a: Maliketh
|-damage|p2a: Maliketh|0 fnt
|faint|p2a: Maliketh
|move|p1b: Arcanine|Head Smash|p2b: Eugene
|-damage|p2b: Eugene|60/100
|move|p2b: Eugene|Ice Punch|p1a: Gengar
|-damage|p1a: Gengar|0 fnt
|faint|p1a: Gengar
|
|-weather|none
|upkeep
|turn|6
|
|t:|1783638272
|move|p2b: Eugene|Mach Punch|p1b: Arcanine
|-supereffective|p1b: Arcanine|1
|-damage|p1b: Arcanine|5/100
|move|p1b: Arcanine|Flare Blitz|p2b: Eugene
|-supereffective|p2b: Eugene|1
|-damage|p2b: Eugene|0 fnt
|faint|p2b: Eugene
|
|win|Uchiha_Gary
|c|☆Uchiha_Gary|gg
