|j|☆justaguestiguess
|j|☆AndrewKommoo
|html|justaguestiguessAndrewKommoo    
|uhtml|bestof|Game 2 of a best-of-3
|t:|1756247414
|gametype|doubles
|player|p1|justaguestiguess|1|1173
|player|p2|AndrewKommoo|buck|1052
|gen|9
|tier|[Gen 9] VGC 2025 Reg H (Bo3)
|rated|
|rule|Species Clause: Limit one of each Pokémon
|rule|Item Clause: Limit 1 of each item
|clearpoke
|poke|p1|Ursaluna, L50, F|
|poke|p1|Gholdengo, L50|
|poke|p1|Porygon2, L50|
|poke|p1|Amoonguss, L50, F|
|poke|p1|Incineroar, L50, F|
|poke|p1|Hydreigon, L50, M|
|poke|p2|Pelipper, L50, F|
|poke|p2|Basculegion, L50, M|
|poke|p2|Bronzong, L50|
|poke|p2|Archaludon, L50, M|
|poke|p2|Amoonguss, L50, M|
|poke|p2|Ursaluna, L50, M|
|teampreview|4
|showteam|p1|Ursaluna||FlameOrb|Guts|Facade,Earthquake,HeadlongRush,Protect|||F|||50|,,,,,Ghost]Gholdengo||LifeOrb|GoodasGold|MakeItRain,ShadowBall,NastyPlot,Protect||||||50|,,,,,Water]Porygon2||Eviolite|Download|TeraBlast,IceBeam,TrickRoom,Recover||||||50|,,,,,Fighting]Amoonguss||CovertCloak|Regenerator|Spore,RagePowder,PollenPuff,Protect|||F|||50|,,,,,Water]Incineroar||SitrusBerry|Intimidate|FlareBlitz,KnockOff,FakeOut,PartingShot|||F|||50|,,,,,Ghost]Hydreigon||SafetyGoggles|Levitate|DracoMeteor,Snarl,Tailwind,Protect|||M|||50|,,,,,Ghost
|showteam|p2|Pelipper||ChoiceSpecs|Drizzle|MuddyWater,IceBeam,Hurricane,WeatherBall|||F|||50|,,,,,Flying]Basculegion||ChoiceBand|SwiftSwim|WaveCrash,LastRespects,AquaJet,FlipTurn|||M|||50|,,,,,Water]Bronzong||Leftovers|Levitate|BodyPress,GyroBall,IronDefense,TrickRoom||||||50|,,,,,Fighting]Archaludon||AssaultVest|Stamina|ElectroShot,BodyPress,FlashCannon,DracoMeteor|||M|||50|,,,,,Grass]Amoonguss||RockyHelmet|Regenerator|RagePowder,Spore,PollenPuff,ClearSmog|||M|||50|,,,,,Water]Ursaluna||FlameOrb|Guts|Facade,Earthquake,ShadowClaw,Protect|||M|||50|,,,,,Ghost
|
|t:|1756247467
|teamsize|p1|4
|teamsize|p2|4
|start
|switch|p1a: Hydreigon|Hydreigon, L50, M|100/100
|switch|p1b: Incineroar|Incineroar, L50, F|100/100
|switch|p2a: Amoonguss|Amoonguss, L50, M|100/100
|switch|p2b: Bronzong|Bronzong, L50|100/100
|-ability|p1b: Incineroar|Intimidate|boost
|-unboost|p2a: Amoonguss|atk|1
|-unboost|p2b: Bronzong|atk|1
|turn|1
|
|t:|1756247491
|-terastallize|p2b: Bronzong|Fighting
|move|p1a: Hydreigon|Snarl|p2a: Amoonguss|[spread] p2a,p2b
|-resisted|p2b: Bronzong
|-damage|p2a: Amoonguss|86/100
|-damage|p2b: Bronzong|91/100
|-unboost|p2a: Amoonguss|spa|1
|-unboost|p2b: Bronzong|spa|1
|move|p1b: Incineroar|Parting Shot|p2a: Amoonguss
|-unboost|p2a: Amoonguss|atk|1
|-unboost|p2a: Amoonguss|spa|1
|
|t:|1756247499
|switch|p1b: Gholdengo|Gholdengo, L50|100/100|[from] Parting Shot
|move|p2a: Amoonguss|Spore|p1b: Gholdengo
|-immune|p1b: Gholdengo|[from] ability: Good as Gold
|move|p2b: Bronzong|Iron Defense|p2b: Bronzong
|-boost|p2b: Bronzong|def|2
|
|-heal|p2b: Bronzong|96/100|[from] item: Leftovers
|upkeep
|turn|2
|j| mattf315
|
|t:|1756247510
|switch|p2a: Ursaluna|Ursaluna, L50, M|100/100
|move|p1a: Hydreigon|Draco Meteor|p2b: Bronzong
|-damage|p2b: Bronzong|34/100
|-unboost|p1a: Hydreigon|spa|2
|move|p1b: Gholdengo|Nasty Plot|p1b: Gholdengo
|-boost|p1b: Gholdengo|spa|2
|move|p2b: Bronzong|Trick Room|p2b: Bronzong
|-fieldstart|move: Trick Room|[of] p2b: Bronzong
|
|-heal|p2b: Bronzong|40/100|[from] item: Leftovers
|-status|p2a: Ursaluna|brn|[from] item: Flame Orb
|upkeep
|turn|3
|
|t:|1756247532
|switch|p1a: Incineroar|Incineroar, L50, F|100/100
|-ability|p1a: Incineroar|Intimidate|boost
|-unboost|p2a: Ursaluna|atk|1
|-unboost|p2b: Bronzong|atk|1
|move|p1b: Gholdengo|Protect|p1b: Gholdengo
|-singleturn|p1b: Gholdengo|Protect
|move|p2b: Bronzong|Body Press|p1b: Gholdengo
|-activate|p1b: Gholdengo|move: Protect
|move|p2a: Ursaluna|Earthquake|p1a: Incineroar|[spread] p1a
|-activate|p1b: Gholdengo|move: Protect
|-immune|p2b: Bronzong|[from] ability: Levitate
|-supereffective|p1a: Incineroar
|-damage|p1a: Incineroar|22/100
|-enditem|p1a: Incineroar|Sitrus Berry|[eat]
|-heal|p1a: Incineroar|47/100|[from] item: Sitrus Berry
|
|-heal|p2b: Bronzong|46/100|[from] item: Leftovers
|-damage|p2a: Ursaluna|95/100 brn|[from] brn
|upkeep
|turn|4
|
|t:|1756247563
|move|p2a: Ursaluna|Protect|p2a: Ursaluna
|-singleturn|p2a: Ursaluna|Protect
|move|p1a: Incineroar|Fake Out|p2a: Ursaluna
|-activate|p2a: Ursaluna|move: Protect
|move|p2b: Bronzong|Body Press|p1a: Incineroar
|-supereffective|p1a: Incineroar
|-damage|p1a: Incineroar|0 fnt
|faint|p1a: Incineroar
|move|p1b: Gholdengo|Make It Rain|p2b: Bronzong|[spread] p2b
|-activate|p2a: Ursaluna|move: Protect
|-damage|p2b: Bronzong|0 fnt
|-unboost|p1b: Gholdengo|spa|1
|faint|p2b: Bronzong
|-damage|p1b: Gholdengo|91/100|[from] item: Life Orb
|
|-damage|p2a: Ursaluna|89/100 brn|[from] brn
|upkeep
|inactive|Battle timer is ON: inactive players will automatically lose when time's up. (requested by justaguestiguess)
|
|t:|1756247581
|switch|p2b: Pelipper|Pelipper, L50, F|100/100
|switch|p1a: Amoonguss|Amoonguss, L50, F|100/100
|-weather|RainDance|[from] ability: Drizzle|[of] p2b: Pelipper
|turn|5
|
|t:|1756247596
|-terastallize|p1b: Gholdengo|Water
|move|p1a: Amoonguss|Spore|p2b: Pelipper
|-status|p2b: Pelipper|slp|[from] move: Spore
|move|p2a: Ursaluna|Earthquake|p1a: Amoonguss|[spread] p1a,p1b
|-immune|p2b: Pelipper
|-damage|p1a: Amoonguss|66/100
|-damage|p1b: Gholdengo|53/100
|cant|p2b: Pelipper|slp
|move|p1b: Gholdengo|Make It Rain|p2b: Pelipper|[spread] p2a,p2b
|-resisted|p2b: Pelipper
|-damage|p2a: Ursaluna|3/100 brn
|-damage|p2b: Pelipper|31/100 slp
|-unboost|p1b: Gholdengo|spa|1
|-damage|p1b: Gholdengo|43/100|[from] item: Life Orb
|
|-weather|RainDance|[upkeep]
|-damage|p2a: Ursaluna|0 fnt|[from] brn
|faint|p2a: Ursaluna
|upkeep
|
|t:|1756247614
|switch|p2a: Amoonguss|Amoonguss, L50, M|100/100
|turn|6
|
|t:|1756247621
|move|p1a: Amoonguss|Pollen Puff|p2b: Pelipper
|-resisted|p2b: Pelipper
|-damage|p2b: Pelipper|17/100 slp
|move|p2a: Amoonguss|Pollen Puff|p2b: Pelipper
|-heal|p2b: Pelipper|67/100 slp
|cant|p2b: Pelipper|slp
|move|p1b: Gholdengo|Make It Rain|p2b: Pelipper|[spread] p2a,p2b
|-resisted|p2b: Pelipper
|-damage|p2a: Amoonguss|53/100
|-damage|p2b: Pelipper|23/100 slp
|-unboost|p1b: Gholdengo|spa|1
|-damage|p1b: Gholdengo|34/100|[from] item: Life Orb
|
|-weather|RainDance|[upkeep]
|-fieldend|move: Trick Room
|upkeep
|turn|7
|
|t:|1756247645
|move|p1b: Gholdengo|Make It Rain|p2b: Pelipper|[spread] p2a,p2b
|-resisted|p2b: Pelipper
|-damage|p2a: Amoonguss|22/100
|-damage|p2b: Pelipper|0 fnt
|-unboost|p1b: Gholdengo|spa|1
|faint|p2b: Pelipper
|-damage|p1b: Gholdengo|24/100|[from] item: Life Orb
|move|p2a: Amoonguss|Pollen Puff|p2: Pelipper|[notarget]
|-fail|p2a: Amoonguss
|move|p1a: Amoonguss|Spore|p2a: Amoonguss
|-immune|p2a: Amoonguss
|
|-weather|RainDance|[upkeep]
|upkeep
|turn|8
|-message|AndrewKommoo forfeited.
|
|win|justaguestiguess
|raw|justaguestiguess's rating: 1173 → 1190(+17 for winning)
|raw|AndrewKommoo's rating: 1052 → 1040(-12 for losing)
