|j|☆Ethan's Bleakmiss
|j|☆M0Oku
|html|Ethan's BleakmissM0Oku    
|uhtml|bestof|Game 1 of a best-of-3
|t:|1784566189
|gametype|doubles
|player|p1|Ethan's Bleakmiss|unknown|1099
|player|p2|M0Oku|2|1000
|gen|9
|tier|[Gen 9 Champions] VGC 2026 Reg M-B (Bo3)
|rated|
|rule|Species Clause: Limit one of each Pokémon
|rule|Item Clause: Limit 1 of each item
|clearpoke
|poke|p1|Blaziken, L50, M|
|poke|p1|Ninetales-Alola, L50, F, shiny|
|poke|p1|Kingambit, L50, F, shiny|
|poke|p1|Basculegion, L50, M|
|poke|p1|Farigiraf, L50, F|
|poke|p1|Mawile, L50, M|
|poke|p2|Politoed, L50, M|
|poke|p2|Sableye, L50, M|
|poke|p2|Gardevoir, L50, F|
|poke|p2|Glimmora, L50, M|
|poke|p2|Rotom-Wash, L50|
|poke|p2|Swampert, L50, M|
|teampreview|4
|showteam|p1|Blaziken||Blazikenite|SpeedBoost|CloseCombat,FlareBlitz,StoneEdge,Detect|Adamant||M|||50|]Ninetales-Alola||NeverMeltIce|SnowWarning|Blizzard,FreezeDry,Encore,Protect|Timid||F|||50|]Kingambit||LifeOrb|Defiant|SuckerPunch,KowtowCleave,IronHead,Protect|Adamant||F|||50|]Basculegion||ChoiceScarf|Adaptability|WaveCrash,LastRespects,FlipTurn,AquaJet|Jolly||M|||50|]Farigiraf||SitrusBerry|ArmorTail|HyperVoice,Psychic,TrickRoom,HelpingHand|Relaxed||F|||50|]Mawile||Mawilite|HyperCutter|PlayRough,IronHead,RockSlide,SuckerPunch|Adamant||M|||50|
|showteam|p2|Politoed||DampRock|Drizzle|Surf,IceBeam,WeatherBall,Protect|Calm||M|||50|]Sableye||LightClay|Prankster|LightScreen,Reflect,Encore,WillOWisp|Calm||M|||50|]Gardevoir||FocusSash|Telepathy|Psychic,Moonblast,DazzlingGleam,Protect|Timid||F|||50|]Glimmora||LifeOrb|ToxicDebris|SludgeWave,PowerGem,EnergyBall,SpikyShield|Timid||M|||50|]Rotom-Wash||Leftovers|Levitate|HydroPump,Discharge,ShadowBall,Protect|Timid|||||50|]Swampert||Swampertite|Torrent|WaveCrash,Earthquake,IcePunch,Protect|Adamant||M|||50|
|inactive|Battle timer is ON: inactive players will automatically lose when time's up. (requested by Ethan's Bleakmiss)
|inactive|Ethan's Bleakmiss has 60 seconds left.
|
|t:|1784566238
|teamsize|p1|4
|teamsize|p2|4
|start
|switch|p1a: Kingambit|Kingambit, L50, F, shiny|100/100
|switch|p1b: Farigiraf|Farigiraf, L50, F|100/100
|switch|p2a: Politoed|Politoed, L50, M|100/100
|switch|p2b: Swampert|Swampert, L50, M|100/100
|-weather|RainDance|[from] ability: Drizzle|[of] p2a: Politoed
|turn|1
|inactive|M0Oku has 30 seconds left.
|
|t:|1784566271
|switch|p2a: Gardevoir|Gardevoir, L50, F|100/100
|detailschange|p2b: Swampert|Swampert-Mega, L50, M
|-mega|p2b: Swampert|Swampert|Swampertite
|move|p1a: Kingambit|Protect|p1a: Kingambit
|-singleturn|p1a: Kingambit|Protect
|move|p2b: Swampert|Earthquake|p1b: Farigiraf|[spread] p1b
|-activate|p1a: Kingambit|move: Protect
|-activate|p2a: Gardevoir|ability: Telepathy
|-damage|p1b: Farigiraf|64/100
|move|p1b: Farigiraf|Trick Room|p1b: Farigiraf
|-fieldstart|move: Trick Room|[of] p1b: Farigiraf
|
|-weather|RainDance|[upkeep]
|upkeep
|turn|2
|inactive|M0Oku has 30 seconds left.
|
|t:|1784566298
|switch|p2a: Rotom|Rotom-Wash, L50|100/100
|move|p1b: Farigiraf|Helping Hand|p1a: Kingambit
|-singleturn|p1a: Kingambit|Helping Hand|[of] p1b: Farigiraf
|move|p2b: Swampert|Protect|p2b: Swampert
|-singleturn|p2b: Swampert|Protect
|move|p1a: Kingambit|Kowtow Cleave|p2b: Swampert
|-activate|p2b: Swampert|move: Protect
|
|-weather|RainDance|[upkeep]
|upkeep
|turn|3
|inactive|M0Oku has 30 seconds left.
|inactive|M0Oku has 20 seconds left.
|inactive|M0Oku has 15 seconds left.
|inactive|M0Oku has 10 seconds left.
|
|t:|1784566344
|switch|p2b: Politoed|Politoed, L50, M|100/100
|move|p1b: Farigiraf|Helping Hand|p1a: Kingambit
|-singleturn|p1a: Kingambit|Helping Hand|[of] p1b: Farigiraf
|move|p1a: Kingambit|Kowtow Cleave|p2b: Politoed
|-damage|p2b: Politoed|18/100
|-damage|p1a: Kingambit|90/100|[from] item: Life Orb
|move|p2a: Rotom|Discharge|p1b: Farigiraf|[spread] p2b,p1a,p1b
|-supereffective|p2b: Politoed|1
|-damage|p2b: Politoed|0 fnt
|-damage|p1a: Kingambit|62/100
|-damage|p1b: Farigiraf|38/100
|-status|p1a: Kingambit|par
|-enditem|p1b: Farigiraf|Sitrus Berry|[eat]
|-heal|p1b: Farigiraf|63/100|[from] item: Sitrus Berry
|faint|p2b: Politoed
|
|-weather|RainDance|[upkeep]
|upkeep
|
|t:|1784566362
|switch|p2b: Swampert|Swampert-Mega, L50, M|100/100
|turn|4
|
|t:|1784566370
|move|p1b: Farigiraf|Helping Hand|p1a: Kingambit
|-singleturn|p1a: Kingambit|Helping Hand|[of] p1b: Farigiraf
|move|p1a: Kingambit|Kowtow Cleave|p2b: Swampert
|-damage|p2b: Swampert|18/100
|-damage|p1a: Kingambit|53/100 par|[from] item: Life Orb
|move|p2a: Rotom|Discharge|p1a: Kingambit|[spread] p1a,p1b
|-immune|p2b: Swampert
|-damage|p1a: Kingambit|25/100 par
|-damage|p1b: Farigiraf|38/100
|move|p2b: Swampert|Earthquake|p1b: Farigiraf|[spread] p1a,p1b
|-immune|p2a: Rotom|[from] ability: Levitate
|-supereffective|p1a: Kingambit|1
|-damage|p1a: Kingambit|0 fnt
|-damage|p1b: Farigiraf|1/100
|faint|p1a: Kingambit
|
|-weather|RainDance|[upkeep]
|upkeep
|
|t:|1784566386
|switch|p1a: Mawile|Mawile, L50, M|100/100
|turn|5
|
|t:|1784566395
|detailschange|p1a: Mawile|Mawile-Mega, L50, M
|-mega|p1a: Mawile|Mawile|Mawilite
|move|p1b: Farigiraf|Helping Hand|p1a: Mawile
|-singleturn|p1a: Mawile|Helping Hand|[of] p1b: Farigiraf
|move|p2b: Swampert|Protect|p2b: Swampert
|-singleturn|p2b: Swampert|Protect
|move|p1a: Mawile|Rock Slide|p2b: Swampert|[spread] p2a
|-activate|p2b: Swampert|move: Protect
|-damage|p2a: Rotom|25/100
|move|p2a: Rotom|Discharge|p1b: Farigiraf|[spread] p1a,p1b
|-activate|p2b: Swampert|move: Protect
|-damage|p1a: Mawile|71/100
|-damage|p1b: Farigiraf|0 fnt
|-status|p1a: Mawile|par
|faint|p1b: Farigiraf
|
|-weather|RainDance|[upkeep]
|-heal|p2a: Rotom|30/100|[from] item: Leftovers
|-fieldend|move: Trick Room
|upkeep
|
|t:|1784566412
|switch|p1b: Basculegion|Basculegion, L50, M|100/100
|turn|6
|
|t:|1784566430
|move|p1b: Basculegion|Aqua Jet|p2b: Swampert
|-damage|p2b: Swampert|0 fnt
|faint|p2b: Swampert
|move|p1a: Mawile|Sucker Punch|p2a: Rotom
|-damage|p2a: Rotom|0 fnt
|faint|p2a: Rotom
|
|-weather|RainDance|[upkeep]
|upkeep
|
|t:|1784566440
|switch|p2b: Gardevoir|Gardevoir, L50, F|100/100
|turn|7
|
|t:|1784566456
|move|p1b: Basculegion|Aqua Jet|p2b: Gardevoir
|-damage|p2b: Gardevoir|31/100
|move|p2b: Gardevoir|Dazzling Gleam|p1b: Basculegion|[spread] p1a,p1b
|-resisted|p1a: Mawile|1
|-damage|p1a: Mawile|55/100 par
|-damage|p1b: Basculegion|67/100
|move|p1a: Mawile|Iron Head|p2b: Gardevoir
|-supereffective|p2b: Gardevoir|1
|-damage|p2b: Gardevoir|0 fnt
|faint|p2b: Gardevoir
|
|win|Ethan's Bleakmiss
