|j|☆Monkeydes
|j|☆archaludon_enjoyer
|html|Monkeydesarchaludon_enjoyer    
|uhtml|bestof|Game 3 of a best-of-3
|t:|1756494214
|gametype|doubles
|player|p1|Monkeydes|1|1022
|player|p2|archaludon_enjoyer|170|1091
|gen|9
|tier|[Gen 9] VGC 2025 Reg H (Bo3)
|rated|
|rule|Species Clause: Limit one of each Pokémon
|rule|Item Clause: Limit 1 of each item
|clearpoke
|poke|p1|Sneasler, L50, M|
|poke|p1|Dragapult, L50, F|
|poke|p1|Primarina, L50, M|
|poke|p1|Rillaboom, L50, F|
|poke|p1|Kingambit, L50, F|
|poke|p1|Magmar, L50, F|
|poke|p2|Electabuzz, L50, M|
|poke|p2|Basculegion, L50, M|
|poke|p2|Rillaboom, L50, M|
|poke|p2|Kingambit, L50, M|
|poke|p2|Archaludon, L50, M|
|poke|p2|Pelipper, L50, M|
|teampreview|4
|showteam|p1|Sneasler||FocusSash|PoisonTouch|CloseCombat,DireClaw,FakeOut,Protect|||M|||50|,,,,,Stellar]Dragapult||ChoiceBand|ClearBody|DragonDarts,TeraBlast,PhantomForce,Uturn|||F|||50|,,,,,Ghost]Primarina||SitrusBerry|LiquidVoice|HyperVoice,Moonblast,Haze,Protect|||M|||50|,,,,,Water]Rillaboom||AssaultVest|GrassySurge|WoodHammer,GrassyGlide,HighHorsepower,FakeOut|||F|||50|,,,,,Fire]Kingambit||BlackGlasses|Defiant|KowtowCleave,SuckerPunch,SwordsDance,Protect|||F|||50|,,,,,Ghost]Magmar||Eviolite|VitalSpirit|Overheat,WillOWisp,FollowMe,Protect|||F|||50|,,,,,Ghost
|showteam|p2|Electabuzz||Eviolite|VitalSpirit|Electroweb,FollowMe,Protect,Taunt|||M|||50|,,,,,Ghost]Basculegion||ChoiceBand|SwiftSwim|WaveCrash,FlipTurn,AquaJet,LastRespects|||M|||50|,,,,,Grass]Rillaboom||LoadedDice|GrassySurge|BulletSeed,HighHorsepower,GrassyGlide,FakeOut|||M|||50|,,,,,Fire]Kingambit||BlackGlasses|Defiant|Protect,KowtowCleave,SwordsDance,SuckerPunch|||M|||50|,,,,,Dark]Archaludon||AssaultVest|Stamina|ElectroShot,BodyPress,FlashCannon,DracoMeteor|||M|||50|,,,,,Bug]Pelipper||FocusSash|Drizzle|WeatherBall,Hurricane,Protect,Tailwind|||M|||50|,,,,,Ghost
|j| SvenV2
|l| SvenV2
|
|t:|1756494232
|teamsize|p1|4
|teamsize|p2|4
|start
|switch|p1a: Sneasler|Sneasler, L50, M|100/100
|switch|p1b: Rillaboom|Rillaboom, L50, F|100/100
|switch|p2a: Basculegion|Basculegion, L50, M, shiny|100/100
|switch|p2b: Pelipper|Pelipper, L50, M|100/100
|-fieldstart|move: Grassy Terrain|[from] ability: Grassy Surge|[of] p1b: Rillaboom
|-weather|RainDance|[from] ability: Drizzle|[of] p2b: Pelipper
|turn|1
|inactive|Battle timer is ON: inactive players will automatically lose when time's up. (requested by archaludon_enjoyer)
|
|t:|1756494251
|switch|p2a: Archaludon|Archaludon, L50, M, shiny|100/100
|move|p1b: Rillaboom|Grassy Glide|p2a: Archaludon
|-resisted|p2a: Archaludon
|-damage|p2a: Archaludon|94/100
|-ability|p2a: Archaludon|Stamina|boost
|-boost|p2a: Archaludon|def|1
|move|p1a: Sneasler|Dire Claw|p2a: Archaludon
|-immune|p2a: Archaludon
|move|p2b: Pelipper|Tailwind|p2b: Pelipper
|-sidestart|p2: archaludon_enjoyer|move: Tailwind
|
|-weather|RainDance|[upkeep]
|-heal|p2a: Archaludon|100/100|[from] Grassy Terrain
|upkeep
|turn|2
|
|t:|1756494271
|move|p1b: Rillaboom|Grassy Glide|p2b: Pelipper
|-damage|p2b: Pelipper|45/100
|move|p2a: Archaludon|Electro Shot||[still]
|-prepare|p2a: Archaludon|Electro Shot
|-boost|p2a: Archaludon|spa|1
|-anim|p2a: Archaludon|Electro Shot|p1a: Sneasler
|-damage|p1a: Sneasler|17/100
|move|p2b: Pelipper|Hurricane|p1b: Rillaboom
|-supereffective|p1b: Rillaboom
|-damage|p1b: Rillaboom|23/100
|-start|p1b: Rillaboom|confusion
|move|p1a: Sneasler|Dire Claw|p2b: Pelipper
|-damage|p2b: Pelipper|0 fnt
|faint|p2b: Pelipper
|
|-weather|RainDance|[upkeep]
|-heal|p1a: Sneasler|23/100|[from] Grassy Terrain
|-heal|p1b: Rillaboom|29/100|[from] Grassy Terrain
|upkeep
|
|t:|1756494285
|switch|p2b: Rillaboom|Rillaboom, L50, M, shiny|100/100
|turn|3
|
|t:|1756494302
|-terastallize|p2a: Archaludon|Bug
|move|p1a: Sneasler|Protect|p1a: Sneasler
|-singleturn|p1a: Sneasler|Protect
|move|p2b: Rillaboom|Bullet Seed|p2a: Archaludon
|-resisted|p2a: Archaludon
|-damage|p2a: Archaludon|96/100
|-ability|p2a: Archaludon|Stamina|boost
|-boost|p2a: Archaludon|def|1
|-resisted|p2a: Archaludon
|-damage|p2a: Archaludon|93/100
|-ability|p2a: Archaludon|Stamina|boost
|-boost|p2a: Archaludon|def|1
|-resisted|p2a: Archaludon
|-damage|p2a: Archaludon|91/100
|-ability|p2a: Archaludon|Stamina|boost
|-boost|p2a: Archaludon|def|1
|-resisted|p2a: Archaludon
|-crit|p2a: Archaludon
|-damage|p2a: Archaludon|81/100
|-ability|p2a: Archaludon|Stamina|boost
|-boost|p2a: Archaludon|def|1
|-resisted|p2a: Archaludon
|-damage|p2a: Archaludon|80/100
|-ability|p2a: Archaludon|Stamina|boost
|-boost|p2a: Archaludon|def|1
|-hitcount|p2a: Archaludon|5
|move|p2a: Archaludon|Electro Shot||[still]
|-prepare|p2a: Archaludon|Electro Shot
|-boost|p2a: Archaludon|spa|1
|-anim|p2a: Archaludon|Electro Shot|p1a: Sneasler
|-activate|p1a: Sneasler|move: Protect
|-activate|p1b: Rillaboom|confusion
|move|p1b: Rillaboom|Wood Hammer|p2b: Rillaboom
|-resisted|p2b: Rillaboom
|-damage|p2b: Rillaboom|57/100
|-damage|p1b: Rillaboom|15/100|[from] Recoil
|
|-weather|RainDance|[upkeep]
|-heal|p2b: Rillaboom|63/100|[from] Grassy Terrain
|-heal|p2a: Archaludon|86/100|[from] Grassy Terrain
|-heal|p1a: Sneasler|29/100|[from] Grassy Terrain
|-heal|p1b: Rillaboom|21/100|[from] Grassy Terrain
|upkeep
|turn|4
|inactive|archaludon_enjoyer has 30 seconds left.
|
|t:|1756494334
|-activate|p1b: Rillaboom|confusion
|move|p1b: Rillaboom|Grassy Glide|p2b: Rillaboom
|-resisted|p2b: Rillaboom
|-damage|p2b: Rillaboom|46/100
|move|p2b: Rillaboom|Bullet Seed|p1a: Sneasler
|-resisted|p1a: Sneasler
|-damage|p1a: Sneasler|15/100
|-resisted|p1a: Sneasler
|-damage|p1a: Sneasler|0 fnt
|faint|p1a: Sneasler
|-hitcount|p1: Sneasler|2
|move|p2a: Archaludon|Electro Shot||[still]
|-prepare|p2a: Archaludon|Electro Shot
|-boost|p2a: Archaludon|spa|1
|-anim|p2a: Archaludon|Electro Shot|p1b: Rillaboom
|-resisted|p1b: Rillaboom
|-damage|p1b: Rillaboom|0 fnt
|faint|p1b: Rillaboom
|
|-weather|RainDance|[upkeep]
|-heal|p2b: Rillaboom|52/100|[from] Grassy Terrain
|-heal|p2a: Archaludon|92/100|[from] Grassy Terrain
|-sideend|p2: archaludon_enjoyer|move: Tailwind
|upkeep
|
|t:|1756494342
|switch|p1a: Primarina|Primarina, L50, M|100/100
|switch|p1b: Kingambit|Kingambit, L50, F|100/100
|turn|5
|inactive|Monkeydes has 30 seconds left.
|inactive|archaludon_enjoyer has 30 seconds left.
|
|t:|1756494372
|-terastallize|p1b: Kingambit|Ghost
|move|p2b: Rillaboom|Bullet Seed|p1a: Primarina
|-supereffective|p1a: Primarina
|-damage|p1a: Primarina|65/100
|-supereffective|p1a: Primarina
|-damage|p1a: Primarina|31/100
|-enditem|p1a: Primarina|Sitrus Berry|[eat]
|-heal|p1a: Primarina|56/100|[from] item: Sitrus Berry
|-supereffective|p1a: Primarina
|-damage|p1a: Primarina|22/100
|-supereffective|p1a: Primarina
|-damage|p1a: Primarina|0 fnt
|faint|p1a: Primarina
|-hitcount|p1: Primarina|4
|move|p2a: Archaludon|Electro Shot||[still]
|-prepare|p2a: Archaludon|Electro Shot
|-boost|p2a: Archaludon|spa|1
|-anim|p2a: Archaludon|Electro Shot|p1b: Kingambit
|-crit|p1b: Kingambit
|-damage|p1b: Kingambit|0 fnt
|faint|p1b: Kingambit
|
|win|archaludon_enjoyer
|raw|Monkeydes's rating: 1022 → 1011(-11 for losing)
|raw|archaludon_enjoyer's rating: 1091 → 1112(+21 for winning)
|l|☆Monkeydes
|player|p1|
