|j|☆homerj71
|j|☆sassylime
|html|homerj71sassylime    
|uhtml|bestof|Game 1 of a best-of-3
|t:|1785826331
|gametype|doubles
|player|p1|homerj71|266|1157
|player|p2|sassylime|pokemonbreeder|1037
|gen|9
|tier|[Gen 9 Champions] VGC 2026 Reg M-B (Bo3)
|rated|
|rule|Species Clause: Limit one of each Pokémon
|rule|Item Clause: Limit 1 of each item
|clearpoke
|poke|p1|Tyranitar, L50, M|
|poke|p1|Staraptor, L50, M|
|poke|p1|Gholdengo, L50|
|poke|p1|Excadrill, L50, M|
|poke|p1|Sinistcha, L50|
|poke|p1|Milotic, L50, M|
|poke|p2|Garchomp, L50, M|
|poke|p2|Rotom-Wash, L50|
|poke|p2|Froslass, L50, F|
|poke|p2|Incineroar, L50, F|
|poke|p2|Metagross, L50|
|poke|p2|Sneasler, L50, M|
|teampreview|4
|showteam|p1|Tyranitar||Tyranitarite|SandStream|KnockOff,RockSlide,Protect,LowKick|Jolly||M|||50|]Staraptor||Staraptite|Intimidate|DualWingbeat,CloseCombat,Protect,Tailwind|Jolly||M|||50|]Gholdengo||LifeOrb|GoodasGold|MakeItRain,NastyPlot,Protect,ShadowBall|Timid|||||50|]Excadrill||FocusSash|SandRush|HighHorsepower,IronHead,RockSlide,Protect|Adamant||M|||50|]Sinistcha||SitrusBerry|Hospitality|MatchaGotcha,RagePowder,ShadowBall,Protect|Calm|||||50|]Milotic||Leftovers|Competitive|Scald,IcyWind,Protect,IceBeam|Modest||M|||50|
|showteam|p2|Garchomp||FocusSash|RoughSkin|Earthquake,Protect,RockSlide,DragonClaw|Jolly||M|||50|]Rotom-Wash||Magnet|Levitate|EerieImpulse,HydroPump,VoltSwitch,WillOWisp|Timid|||||50|]Froslass||Froslassite|SnowCloak|ShadowBall,IceShard,Blizzard,Protect|Hasty||F|||50|]Incineroar||ChopleBerry|Intimidate|FlareBlitz,PartingShot,FakeOut,Protect|Careful||F|||50|]Metagross||Metagrossite|ClearBody|BulletPunch,HammerArm,PsychicFangs,Protect|Jolly|||||50|]Sneasler||WhiteHerb|Unburden|CloseCombat,Protect,DireClaw,FakeOut|Jolly||M|||50|
|inactive|Battle timer is ON: inactive players will automatically lose when time's up. (requested by homerj71)
|inactive|homerj71 has 60 seconds left.
|inactive|sassylime has 60 seconds left.
|
|t:|1785826371
|teamsize|p1|4
|teamsize|p2|4
|start
|switch|p1a: Staraptor|Staraptor, L50, M|100/100
|switch|p1b: Sinistcha|Sinistcha, L50|100/100
|switch|p2a: Garchomp|Garchomp, L50, M|100/100
|switch|p2b: Incineroar|Incineroar, L50, F|100/100
|-ability|p1a: Staraptor|Intimidate|boost
|-unboost|p2a: Garchomp|atk|1
|-unboost|p2b: Incineroar|atk|1
|-ability|p2b: Incineroar|Intimidate|boost
|-unboost|p1a: Staraptor|atk|1
|-unboost|p1b: Sinistcha|atk|1
|turn|1
|
|t:|1785826390
|switch|p1a: Gholdengo|Gholdengo, L50|100/100
|move|p2a: Garchomp|Rock Slide|p1b: Sinistcha|[spread] p1a,p1b
|-resisted|p1a: Gholdengo|1
|-damage|p1a: Gholdengo|93/100
|-damage|p1b: Sinistcha|89/100
|cant|p1b: Sinistcha|flinch
|move|p2b: Incineroar|Flare Blitz|p1b: Sinistcha
|-supereffective|p1b: Sinistcha|1
|-damage|p1b: Sinistcha|30/100
|-enditem|p1b: Sinistcha|Sitrus Berry|[eat]
|-heal|p1b: Sinistcha|55/100|[from] item: Sitrus Berry
|-damage|p2b: Incineroar|82/100|[from] Recoil
|
|upkeep
|turn|2
|
|t:|1785826411
|switch|p1a: Staraptor|Staraptor, L50, M|100/100
|-ability|p1a: Staraptor|Intimidate|boost
|-unboost|p2a: Garchomp|atk|1
|-unboost|p2b: Incineroar|atk|1
|switch|p2b: Rotom|Rotom-Wash, L50|100/100
|move|p2a: Garchomp|Earthquake|p1a: Staraptor|[spread] p1b
|-immune|p2b: Rotom|[from] ability: Levitate
|-immune|p1a: Staraptor
|-resisted|p1b: Sinistcha|1
|-damage|p1b: Sinistcha|46/100
|move|p1b: Sinistcha|Matcha Gotcha|p2b: Rotom|[spread] p2a
|-miss|p1b: Sinistcha|p2b: Rotom
|-damage|p2a: Garchomp|72/100
|-heal|p1b: Sinistcha|61/100|[from] drain|[of] p2a: Garchomp
|
|upkeep
|turn|3
|inactive|sassylime has 30 seconds left.
|
|t:|1785826440
|switch|p2a: Incineroar|Incineroar, L50, F|82/100
|-ability|p2a: Incineroar|Intimidate|boost
|-unboost|p1a: Staraptor|atk|1
|-unboost|p1b: Sinistcha|atk|1
|detailschange|p1a: Staraptor|Staraptor-Mega, L50, M
|-mega|p1a: Staraptor|Staraptor|Staraptite
|move|p1b: Sinistcha|Rage Powder|p1b: Sinistcha
|-singleturn|p1b: Sinistcha|move: Rage Powder
|move|p1a: Staraptor|Close Combat|p2a: Incineroar
|-supereffective|p2a: Incineroar|1
|-enditem|p2a: Incineroar|Chople Berry|[eat]
|-enditem|p2a: Incineroar|Chople Berry|[weaken]
|-damage|p2a: Incineroar|44/100
|-boost|p1a: Staraptor|def|1
|-boost|p1a: Staraptor|spd|1
|move|p2b: Rotom|Volt Switch|p1b: Sinistcha
|-resisted|p1b: Sinistcha|1
|-damage|p1b: Sinistcha|45/100
|
|t:|1785826458
|switch|p2b: Froslass|Froslass, L50, F|100/100|[from] Volt Switch
|
|upkeep
|turn|4
|
|t:|1785826468
|detailschange|p2b: Froslass|Froslass-Mega, L50, F
|-mega|p2b: Froslass|Froslass|Froslassite
|-weather|Snowscape|[from] ability: Snow Warning|[of] p2b: Froslass
|move|p1a: Staraptor|Protect|p1a: Staraptor
|-singleturn|p1a: Staraptor|Protect
|move|p1b: Sinistcha|Protect|p1b: Sinistcha
|-singleturn|p1b: Sinistcha|Protect
|move|p2a: Incineroar|Fake Out|p1a: Staraptor
|-activate|p1a: Staraptor|move: Protect
|move|p2b: Froslass|Blizzard|p1b: Sinistcha|[spread] 
|-activate|p1a: Staraptor|move: Protect
|-activate|p1b: Sinistcha|move: Protect
|
|-weather|Snowscape|[upkeep]
|upkeep
|turn|5
|
|t:|1785826489
|move|p2b: Froslass|Blizzard|p1b: Sinistcha|[spread] p1a,p1b
|-supereffective|p1a: Staraptor|1
|-supereffective|p1b: Sinistcha|1
|-damage|p1a: Staraptor|32/100
|-damage|p1b: Sinistcha|0 fnt
|faint|p1b: Sinistcha
|move|p1a: Staraptor|Tailwind|p1a: Staraptor
|-sidestart|p1: homerj71|move: Tailwind
|move|p2a: Incineroar|Flare Blitz|p1a: Staraptor
|-damage|p1a: Staraptor|0 fnt
|faint|p1a: Staraptor
|-damage|p2a: Incineroar|34/100|[from] Recoil
|
|-weather|Snowscape|[upkeep]
|upkeep
|
|t:|1785826495
|switch|p1a: Gholdengo|Gholdengo, L50|93/100
|switch|p1b: Tyranitar|Tyranitar, L50, M|100/100
|-weather|Sandstorm|[from] ability: Sand Stream|[of] p1b: Tyranitar
|turn|6
|
|t:|1785826515
|move|p2b: Froslass|Protect|p2b: Froslass
|-singleturn|p2b: Froslass|Protect
|move|p1a: Gholdengo|Shadow Ball|p2b: Froslass
|-activate|p2b: Froslass|move: Protect
|move|p1b: Tyranitar|Rock Slide|p2b: Froslass|[spread] p2a
|-activate|p2b: Froslass|move: Protect
|-supereffective|p2a: Incineroar|1
|-damage|p2a: Incineroar|0 fnt
|faint|p2a: Incineroar
|
|-weather|Sandstorm|[upkeep]
|-damage|p2b: Froslass|93/100|[from] Sandstorm
|upkeep
|
|t:|1785826519
|switch|p2a: Garchomp|Garchomp, L50, M|72/100
|turn|7
|
|t:|1785826543
|switch|p2b: Rotom|Rotom-Wash, L50|100/100
|move|p1a: Gholdengo|Make It Rain|p2a: Garchomp|[spread] p2b
|-miss|p1a: Gholdengo|p2a: Garchomp
|-resisted|p2b: Rotom|2
|-damage|p2b: Rotom|80/100
|-unboost|p1a: Gholdengo|spa|2
|-damage|p1a: Gholdengo|83/100|[from] item: Life Orb
|move|p1b: Tyranitar|Rock Slide|p2a: Garchomp|[spread] p2a,p2b
|-resisted|p2a: Garchomp|1
|-damage|p2a: Garchomp|57/100
|-damage|p2b: Rotom|48/100
|move|p2a: Garchomp|Earthquake|p1a: Gholdengo|[spread] p1a,p1b
|-immune|p2b: Rotom|[from] ability: Levitate
|-supereffective|p1a: Gholdengo|1
|-supereffective|p1b: Tyranitar|1
|-damage|p1a: Gholdengo|4/100
|-damage|p1b: Tyranitar|28/100
|
|-weather|Sandstorm|[upkeep]
|-damage|p2b: Rotom|42/100|[from] Sandstorm
|upkeep
|turn|8
|-message|homerj71 forfeited.
|
|win|sassylime
