|j|☆mrsuaaaaj
|j|☆UsurperASCND
|html|mrsuaaaajUsurperASCND    
|uhtml|bestof|Game 2 of a best-of-3
|t:|1782669973
|gametype|doubles
|player|p1|mrsuaaaaj|170|1142
|player|p2|UsurperASCND|lucas|1000
|gen|9
|tier|[Gen 9 Champions] VGC 2026 Reg M-B (Bo3)
|rated|
|rule|Species Clause: Limit one of each Pokémon
|rule|Item Clause: Limit 1 of each item
|clearpoke
|poke|p1|Charizard, L50, M|
|poke|p1|Incineroar, L50, F|
|poke|p1|Farigiraf, L50, M|
|poke|p1|Sylveon, L50, F|
|poke|p1|Aerodactyl, L50, F|
|poke|p1|Venusaur, L50, F|
|poke|p2|Archaludon, L50, M, shiny|
|poke|p2|Raichu, L50, M, shiny|
|poke|p2|Pelipper, L50, M, shiny|
|poke|p2|Maushold, L50, shiny|
|poke|p2|Grimmsnarl, L50, M|
|poke|p2|Palafin, L50, M, shiny|
|teampreview|4
|showteam|p1|Charizard||CharizarditeY|Blaze|Protect,HeatWave,SolarBeam,WeatherBall|Timid||M|||50|]Incineroar||PasshoBerry|Intimidate|FakeOut,FlareBlitz,DarkestLariat,PartingShot|Careful||F|||50|]Farigiraf||SitrusBerry|ArmorTail|PsychicFangs,Thunderbolt,Roar,TrickRoom|Relaxed||M|||50|]Sylveon||FairyFeather|Pixilate|Detect,HyperVoice,HyperBeam,QuickAttack|Modest||F|||50|]Aerodactyl||FocusSash|Unnerve|Protect,RockSlide,IceFang,Tailwind|Jolly||F|||50|]Venusaur||LifeOrb|Chlorophyll|Protect,GigaDrain,SludgeBomb,EarthPower|Modest||F|||50|
|showteam|p2|Archaludon||Magnet|Stamina|FlashCannon,DracoMeteor,ElectroShot,Protect|Modest||M|||50|]Raichu||RaichuniteX|Static|VoltTackle,Nuzzle,FakeOut,Encore|Jolly||M|||50|]Pelipper||DampRock|Drizzle|WeatherBall,Soak,WideGuard,Tailwind|Timid||M|||50|]Maushold||WideLens|FriendGuard|PopulationBomb,SuperFang,FollowMe,Protect|Jolly|||||50|]Grimmsnarl||LightClay|Prankster|SuckerPunch,DrainPunch,LightScreen,FakeOut|Adamant||M|||50|]Palafin||ChoiceScarf|ZerotoHero|WaveCrash,JetPunch,FlipTurn,IcePunch|Adamant||M|||50|
|inactive|Battle timer is ON: inactive players will automatically lose when time's up. (requested by mrsuaaaaj)
|
|t:|1782669991
|teamsize|p1|4
|teamsize|p2|4
|start
|switch|p1a: Farigiraf|Farigiraf, L50, M|100/100
|switch|p1b: Incineroar|Incineroar, L50, F|100/100
|switch|p2a: Archaludon|Archaludon, L50, M, shiny|100/100
|switch|p2b: Pelipper|Pelipper, L50, M, shiny|100/100
|-weather|RainDance|[from] ability: Drizzle|[of] p2b: Pelipper
|-ability|p1b: Incineroar|Intimidate|boost
|-unboost|p2a: Archaludon|atk|1
|-unboost|p2b: Pelipper|atk|1
|turn|1
|
|t:|1782670018
|switch|p2b: Palafin|Palafin, L50, M, shiny|100/100
|move|p2a: Archaludon|Protect|p2a: Archaludon
|-singleturn|p2a: Archaludon|Protect
|move|p1b: Incineroar|Parting Shot|p2a: Archaludon
|-activate|p2a: Archaludon|move: Protect
|move|p1a: Farigiraf|Thunderbolt|p2b: Palafin
|-supereffective|p2b: Palafin|1
|-damage|p2b: Palafin|29/100
|
|-weather|RainDance|[upkeep]
|upkeep
|turn|2
|
|t:|1782670041
|move|p2b: Palafin|Flip Turn|p1b: Incineroar
|-supereffective|p1b: Incineroar|1
|-enditem|p1b: Incineroar|Passho Berry|[eat]
|-enditem|p1b: Incineroar|Passho Berry|[weaken]
|-damage|p1b: Incineroar|71/100
|
|t:|1782670048
|detailschange|p2b: Palafin|Palafin-Hero, L50, M, shiny
|switch|p2b: Raichu|Raichu, L50, M, shiny|100/100|[from] Flip Turn
|move|p2a: Archaludon|Electro Shot||[still]
|-prepare|p2a: Archaludon|Electro Shot
|-boost|p2a: Archaludon|spa|1
|-anim|p2a: Archaludon|Electro Shot|p1b: Incineroar
|-damage|p1b: Incineroar|0 fnt
|faint|p1b: Incineroar
|move|p1a: Farigiraf|Thunderbolt|p2b: Raichu
|-resisted|p2b: Raichu|1
|-damage|p2b: Raichu|82/100
|
|-weather|RainDance|[upkeep]
|upkeep
|
|t:|1782670061
|switch|p1b: Venusaur|Venusaur, L50, F|100/100
|turn|3
|
|t:|1782670078
|detailschange|p2b: Raichu|Raichu-Mega-X, L50, M, shiny
|-mega|p2b: Raichu|Raichu|Raichunite X
|-fieldstart|move: Electric Terrain|[from] ability: Electric Surge|[of] p2b: Raichu
|move|p2b: Raichu|Fake Out||[still]
|cant|p1a: Farigiraf|ability: Armor Tail|Fake Out|[of] p2b: Raichu
|move|p1b: Venusaur|Earth Power|p2b: Raichu
|-supereffective|p2b: Raichu|1
|-damage|p2b: Raichu|0 fnt
|faint|p2b: Raichu
|-damage|p1b: Venusaur|90/100|[from] item: Life Orb
|move|p2a: Archaludon|Electro Shot||[still]
|-prepare|p2a: Archaludon|Electro Shot
|-boost|p2a: Archaludon|spa|1
|-anim|p2a: Archaludon|Electro Shot|p1a: Farigiraf
|-damage|p1a: Farigiraf|0 fnt
|faint|p1a: Farigiraf
|
|-weather|RainDance|[upkeep]
|upkeep
|
|t:|1782670099
|switch|p2b: Pelipper|Pelipper, L50, M, shiny|100/100
|switch|p1a: Charizard|Charizard, L50, M|100/100
|turn|4
|inactive|mrsuaaaaj has 30 seconds left.
|
|t:|1782670131
|switch|p2b: Palafin|Palafin-Hero, L50, M, shiny|29/100
|-activate|p2b: Palafin|ability: Zero to Hero
|detailschange|p1a: Charizard|Charizard-Mega-Y, L50, M
|-mega|p1a: Charizard|Charizard|Charizardite Y
|-weather|SunnyDay|[from] ability: Drought|[of] p1a: Charizard
|move|p2a: Archaludon|Protect|p2a: Archaludon
|-singleturn|p2a: Archaludon|Protect
|move|p1b: Venusaur|Giga Drain|p2b: Palafin
|-supereffective|p2b: Palafin|1
|-damage|p2b: Palafin|0 fnt
|-heal|p1b: Venusaur|100/100|[from] drain|[of] p2b: Palafin
|faint|p2b: Palafin
|-damage|p1b: Venusaur|90/100|[from] item: Life Orb
|move|p1a: Charizard|Weather Ball|p2a: Archaludon
|-activate|p2a: Archaludon|move: Protect
|
|-weather|SunnyDay|[upkeep]
|upkeep
|
|t:|1782670148
|switch|p2b: Pelipper|Pelipper, L50, M, shiny|100/100
|-weather|RainDance|[from] ability: Drizzle|[of] p2b: Pelipper
|turn|5
|
|t:|1782670169
|move|p1a: Charizard|Weather Ball|p2b: Pelipper
|-resisted|p2b: Pelipper|1
|-crit|p2b: Pelipper
|-damage|p2b: Pelipper|36/100
|move|p2b: Pelipper|Soak|p1b: Venusaur
|-start|p1b: Venusaur|typechange|Water
|move|p1b: Venusaur|Giga Drain|p2b: Pelipper
|-damage|p2b: Pelipper|0 fnt
|-heal|p1b: Venusaur|100/100|[from] drain|[of] p2b: Pelipper
|faint|p2b: Pelipper
|-damage|p1b: Venusaur|90/100|[from] item: Life Orb
|move|p2a: Archaludon|Electro Shot||[still]
|-prepare|p2a: Archaludon|Electro Shot
|-boost|p2a: Archaludon|spa|1
|-anim|p2a: Archaludon|Electro Shot|p1b: Venusaur
|-supereffective|p1b: Venusaur|1
|-damage|p1b: Venusaur|0 fnt
|faint|p1b: Venusaur
|
|-weather|RainDance|[upkeep]
|upkeep
|turn|6
|
|t:|1782670193
|move|p1a: Charizard|Heat Wave|p2a: Archaludon
|-damage|p2a: Archaludon|62/100
|-ability|p2a: Archaludon|Stamina|boost
|-boost|p2a: Archaludon|def|1
|move|p2a: Archaludon|Electro Shot||[still]
|-prepare|p2a: Archaludon|Electro Shot
|-boost|p2a: Archaludon|spa|1
|-anim|p2a: Archaludon|Electro Shot|p1a: Charizard
|-supereffective|p1a: Charizard|1
|-crit|p1a: Charizard
|-damage|p1a: Charizard|0 fnt
|faint|p1a: Charizard
|
|win|UsurperASCND
|inactive|mrsuaaaaj has 30 seconds to confirm battle start!
|inactive|UsurperASCND has 30 seconds to confirm battle start!
||UsurperASCND is ready for game 3.
||mrsuaaaaj is ready for game 3.
|uhtml|next|Next: Game 3 of 3
|l|☆UsurperASCND
|player|p2|
