|j|â˜†Nosejugarbalance
|j|â˜†Autin Mago
|html|NosejugarbalanceAutin Mago    
|uhtml|bestof|Game 1 of a best-of-3
|t:|1785716470
|gametype|doubles
|player|p1|Nosejugarbalance|266|1246
|player|p2|Autin Mago|arezu|1146
|gen|9
|tier|[Gen 9 Champions] VGC 2026 Reg M-B (Bo3)
|rated|
|rule|Species Clause: Limit one of each PokÃ©mon
|rule|Item Clause: Limit 1 of each item
|clearpoke
|poke|p1|Starmie, L50|
|poke|p1|Pelipper, L50, F|
|poke|p1|Meowscarada, L50, F|
|poke|p1|Gholdengo, L50|
|poke|p1|Raichu, L50, M|
|poke|p1|Sneasler, L50, M|
|poke|p2|Milotic, L50, F|
|poke|p2|Staraptor, L50, F|
|poke|p2|Tyranitar, L50, M|
|poke|p2|Gholdengo, L50|
|poke|p2|Excadrill, L50, M|
|poke|p2|Sinistcha, L50|
|teampreview|4
|showteam|p1|Starmie||Starminite|NaturalCure|Liquidation,ZenHeadbutt,AquaJet,Protect|Jolly|||||50|]Pelipper||SitrusBerry|Drizzle|Hurricane,WeatherBall,Tailwind,Protect|Modest||F|||50|]Meowscarada||ChoiceScarf|Protean|FlowerTrick,Uturn,TripleAxel,ThroatChop|Adamant||F|||50|]Gholdengo||LifeOrb|GoodasGold|MakeItRain,ShadowBall,NastyPlot,Protect|Modest|||||50|]Raichu||RaichuniteY|LightningRod|ZapCannon,FocusBlast,FakeOut,Protect|Timid||M|||50|]Sneasler||WhiteHerb|Unburden|FakeOut,Coaching,DireClaw,CloseCombat|Jolly||M|||50|
|showteam|p2|Milotic||SitrusBerry|Competitive|Protect,Haze,Scald,IcyWind|Calm||F|||50|]Staraptor||Staraptite|Intimidate|Protect,BraveBird,CloseCombat,Tailwind|Jolly||F|||50|]Tyranitar||Tyranitarite|SandStream|Protect,KnockOff,RockSlide,LowKick|Jolly||M|||50|]Gholdengo||LifeOrb|GoodasGold|Protect,ShadowBall,NastyPlot,MakeItRain|Modest|||||50|]Excadrill||FocusSash|SandRush|Protect,IronHead,RockSlide,HighHorsepower|Jolly||M|||50|]Sinistcha||ColburBerry|Hospitality|Protect,ShadowBall,RagePowder,MatchaGotcha|Bold|||||50|
|c|â˜†Autin Mago|Glhf!
|c|â˜†Nosejugarbalance|glhf!
|
|t:|1785716500
|teamsize|p1|4
|teamsize|p2|4
|start
|switch|p1a: Meowscarada|Meowscarada, L50, F|100/100
|switch|p1b: Sneasler|Sneasler, L50, M|100/100
|switch|p2a: Gholdengo|Gholdengo, L50|100/100
|switch|p2b: Staraptor|Staraptor, L50, F|100/100
|-ability|p2b: Staraptor|Intimidate|boost
|-unboost|p1a: Meowscarada|atk|1
|-unboost|p1b: Sneasler|atk|1
|-enditem|p1b: Sneasler|White Herb
|-clearnegativeboost|p1b: Sneasler|[silent]
|turn|1
|
|t:|1785716528
|move|p2a: Gholdengo|Protect|p2a: Gholdengo
|-singleturn|p2a: Gholdengo|Protect
|move|p1b: Sneasler|Fake Out|p2b: Staraptor
|-damage|p2b: Staraptor|83/100
|move|p1a: Meowscarada|Throat Chop|p2a: Gholdengo
|-start|p1a: Meowscarada|typechange|Dark|[from] ability: Protean
|-activate|p2a: Gholdengo|move: Protect
|cant|p2b: Staraptor|flinch
|
|upkeep
|turn|2
|
|t:|1785716544
|switch|p1a: Starmie|Starmie, L50|100/100
|switch|p2a: Excadrill|Excadrill, L50, M|100/100
|detailschange|p2b: Staraptor|Staraptor-Mega, L50, F
|-mega|p2b: Staraptor|Staraptor|Staraptite
|move|p1b: Sneasler|Coaching|p1a: Starmie
|-boost|p1a: Starmie|atk|1
|-boost|p1a: Starmie|def|1
|move|p2b: Staraptor|Close Combat|p1a: Starmie
|-resisted|p1a: Starmie|1
|-damage|p1a: Starmie|76/100
|-boost|p2b: Staraptor|def|1
|-boost|p2b: Staraptor|spd|1
|
|upkeep
|turn|3
|
|t:|1785716573
|detailschange|p1a: Starmie|Starmie-Mega, L50
|-mega|p1a: Starmie|Starmie|Starminite
|move|p1b: Sneasler|Coaching|p1a: Starmie
|-boost|p1a: Starmie|atk|1
|-boost|p1a: Starmie|def|1
|move|p1a: Starmie|Zen Headbutt|p2b: Staraptor
|-supereffective|p2b: Staraptor|1
|-damage|p2b: Staraptor|0 fnt
|faint|p2b: Staraptor
|move|p2a: Excadrill|High Horsepower|p1a: Starmie
|-damage|p1a: Starmie|45/100
|
|upkeep
|
|t:|1785716584
|switch|p2b: Tyranitar|Tyranitar, L50, M|100/100
|-weather|Sandstorm|[from] ability: Sand Stream|[of] p2b: Tyranitar
|turn|4
|
|t:|1785716600
|move|p1a: Starmie|Protect|p1a: Starmie
|-singleturn|p1a: Starmie|Protect
|move|p1b: Sneasler|Close Combat|p2a: Excadrill
|-supereffective|p2a: Excadrill|1
|-enditem|p2a: Excadrill|Focus Sash
|-damage|p2a: Excadrill|1/100
|-unboost|p1b: Sneasler|def|1
|-unboost|p1b: Sneasler|spd|1
|move|p2a: Excadrill|High Horsepower|p1b: Sneasler|[miss]
|-miss|p2a: Excadrill|p1b: Sneasler
|move|p2b: Tyranitar|Knock Off|p1a: Starmie
|-activate|p1a: Starmie|move: Protect
|
|-weather|Sandstorm|[upkeep]
|-damage|p1b: Sneasler|93/100|[from] Sandstorm
|-damage|p1a: Starmie|39/100|[from] Sandstorm
|upkeep
|turn|5
|
|t:|1785716620
|switch|p2a: Gholdengo|Gholdengo, L50|100/100
|move|p1b: Sneasler|Close Combat|p2a: Gholdengo
|-immune|p2a: Gholdengo
|move|p1a: Starmie|Liquidation|p2b: Tyranitar
|-supereffective|p2b: Tyranitar|1
|-damage|p2b: Tyranitar|0 fnt
|faint|p2b: Tyranitar
|
|-weather|Sandstorm|[upkeep]
|-damage|p1b: Sneasler|87/100|[from] Sandstorm
|-damage|p1a: Starmie|32/100|[from] Sandstorm
|upkeep
|-message|Autin Mago forfeited.
|
|win|Nosejugarbalance
||Nosejugarbalance is ready for game 2.
||Autin Mago is ready for game 2.
|uhtml|next|Next: Game 2 of 3
