|j|☆Lenk h
|j|☆porygon-epilepz
|html|Lenk hporygon-epilepz    
|uhtml|bestof|Game 3 of a best-of-3
|t:|1757775605
|gametype|doubles
|player|p1|Lenk h|266|1099
|player|p2|porygon-epilepz|ghetsis-gen5bw|1152
|gen|9
|tier|[Gen 9] VGC 2025 Reg H (Bo3)
|rated|
|rule|Species Clause: Limit one of each Pokémon
|rule|Item Clause: Limit 1 of each item
|clearpoke
|poke|p1|Farigiraf, L50, M|
|poke|p1|Ursaluna-Bloodmoon, L50, M|
|poke|p1|Incineroar, L50, M|
|poke|p1|Kingdra, L50, F|
|poke|p1|Whimsicott, L50, F|
|poke|p1|Annihilape, L50, M|
|poke|p2|Porygon2, L50|
|poke|p2|Ursaluna, L50, M|
|poke|p2|Talonflame, L50, F|
|poke|p2|Torkoal, L50, F|
|poke|p2|Porygon-Z, L50|
|poke|p2|Lilligant-Hisui, L50, F|
|teampreview|4
|showteam|p1|Farigiraf||ThroatSpray|ArmorTail|HyperVoice,Protect,Psychic,TrickRoom|||M|||50|,,,,,Fairy]Ursaluna-Bloodmoon||LifeOrb|MindsEye|Protect,BloodMoon,HyperVoice,EarthPower|||M|||50|,,,,,Normal]Incineroar||AssaultVest|Intimidate|FakeOut,Uturn,KnockOff,FlareBlitz|||M|||50|,,,,,Bug]Kingdra||ScopeLens|Sniper|Scald,DracoMeteor,FocusEnergy,Protect|||F|||50|,,,,,Steel]Whimsicott||FocusSash|Prankster|Moonblast,BeatUp,Taunt,Tailwind|||F|||50|,,,,,Ghost]Annihilape||SafetyGoggles|Defiant|RageFist,CloseCombat,FinalGambit,Protect|||M|||50|,,,,,Water
|showteam|p2|Porygon2||Eviolite|Download|TeraBlast,IceBeam,Protect,TrickRoom||||||50|,,,,,Fairy]Ursaluna||FlameOrb|Guts|Earthquake,Protect,Facade,HeadlongRush|||M|||50|,,,,,Poison]Talonflame||CovertCloak|GaleWings|Tailwind,BraveBird,WillOWisp,Protect|||F|||50|,,,,,Ground]Torkoal||FlamePlate|Drought|Eruption,EarthPower,HeatWave,Protect|||F|||50|,,,,,Grass]Porygon-Z||ChoiceScarf|Adaptability|TeraBlast,Thunderbolt,ShadowBall,HyperBeam||||||50|,,,,,Fairy]Lilligant-Hisui||FocusSash|Chlorophyll|CloseCombat,SleepPowder,LeafBlade,AfterYou|||F|||50|,,,,,Ghost
|
|t:|1757775659
|teamsize|p1|4
|teamsize|p2|4
|start
|switch|p1a: Incineroar|Incineroar, L50, M|100/100
|switch|p1b: Farigiraf|Farigiraf, L50, M|100/100
|switch|p2a: Ursaluna|Ursaluna, L50, M|100/100
|switch|p2b: Lilligant|Lilligant-Hisui, L50, F|100/100
|-ability|p1a: Incineroar|Intimidate|boost
|-unboost|p2a: Ursaluna|atk|1
|-unboost|p2b: Lilligant|atk|1
|turn|1
|
|t:|1757775705
|switch|p2a: Torkoal|Torkoal, L50, F|100/100
|-weather|SunnyDay|[from] ability: Drought|[of] p2a: Torkoal
|switch|p1b: Annihilape|Annihilape, L50, M|100/100
|move|p2b: Lilligant|Sleep Powder|p1a: Incineroar
|-status|p1a: Incineroar|slp|[from] move: Sleep Powder
|cant|p1a: Incineroar|slp
|
|-weather|SunnyDay|[upkeep]
|upkeep
|turn|2
|
|t:|1757775748
|move|p1b: Annihilape|Protect|p1b: Annihilape
|-singleturn|p1b: Annihilape|Protect
|move|p2b: Lilligant|After You|p2a: Torkoal
|-activate|p2a: Torkoal|move: After You
|move|p2a: Torkoal|Eruption|p1b: Annihilape|[spread] p1a
|-activate|p1b: Annihilape|move: Protect
|-resisted|p1a: Incineroar
|-damage|p1a: Incineroar|79/100 slp
|cant|p1a: Incineroar|slp
|
|-weather|SunnyDay|[upkeep]
|upkeep
|turn|3
|
|t:|1757775780
|-terastallize|p1b: Annihilape|Water
|move|p2b: Lilligant|Close Combat|p1a: Incineroar
|-supereffective|p1a: Incineroar
|-damage|p1a: Incineroar|14/100 slp
|-unboost|p2b: Lilligant|def|1
|-unboost|p2b: Lilligant|spd|1
|move|p1b: Annihilape|Rage Fist|p2a: Torkoal
|-damage|p2a: Torkoal|84/100
|cant|p1a: Incineroar|slp
|move|p2a: Torkoal|Heat Wave|p1b: Annihilape|[spread] p1a,p1b
|-resisted|p1a: Incineroar
|-resisted|p1b: Annihilape
|-crit|p1b: Annihilape
|-damage|p1a: Incineroar|0 fnt
|-damage|p1b: Annihilape|63/100
|faint|p1a: Incineroar
|
|-weather|SunnyDay|[upkeep]
|upkeep
|
|t:|1757775800
|switch|p1a: Farigiraf|Farigiraf, L50, M|100/100
|turn|4
|
|t:|1757775825
|move|p1b: Annihilape|Protect|p1b: Annihilape
|-singleturn|p1b: Annihilape|Protect
|move|p2b: Lilligant|Leaf Blade|p1b: Annihilape
|-activate|p1b: Annihilape|move: Protect
|move|p1a: Farigiraf|Hyper Voice|p2a: Torkoal|[spread] p2a,p2b
|-damage|p2a: Torkoal|39/100
|-damage|p2b: Lilligant|24/100
|-enditem|p1a: Farigiraf|Throat Spray
|-boost|p1a: Farigiraf|spa|1|[from] item: Throat Spray
|move|p2a: Torkoal|Heat Wave|p1a: Farigiraf|[spread] p1a
|-activate|p1b: Annihilape|move: Protect
|-damage|p1a: Farigiraf|48/100
|
|-weather|SunnyDay|[upkeep]
|upkeep
|turn|5
|
|t:|1757775879
|move|p2b: Lilligant|Leaf Blade|p1b: Annihilape
|-supereffective|p1b: Annihilape
|-damage|p1b: Annihilape|5/100
|move|p1b: Annihilape|Close Combat|p2a: Torkoal
|-damage|p2a: Torkoal|0 fnt
|-unboost|p1b: Annihilape|def|1
|-unboost|p1b: Annihilape|spd|1
|faint|p2a: Torkoal
|move|p1a: Farigiraf|Trick Room|p1a: Farigiraf
|-fieldstart|move: Trick Room|[of] p1a: Farigiraf
|
|-weather|none
|upkeep
|
|t:|1757775887
|switch|p2a: Ursaluna|Ursaluna, L50, M|100/100
|turn|6
|
|t:|1757775948
|switch|p2b: Talonflame|Talonflame, L50, F|100/100
|move|p1a: Farigiraf|Protect|p1a: Farigiraf
|-singleturn|p1a: Farigiraf|Protect
|move|p2a: Ursaluna|Earthquake|p1a: Farigiraf|[spread] p1b
|-activate|p1a: Farigiraf|move: Protect
|-immune|p2b: Talonflame
|-damage|p1b: Annihilape|0 fnt
|faint|p1b: Annihilape
|
|-status|p2a: Ursaluna|brn|[from] item: Flame Orb
|upkeep
|
|t:|1757775959
|switch|p1b: Ursaluna|Ursaluna-Bloodmoon, L50, M|100/100
|turn|7
|
|t:|1757775986
|move|p1a: Farigiraf|Hyper Voice|p2b: Talonflame|[spread] p2a,p2b
|-damage|p2a: Ursaluna|56/100 brn
|-damage|p2b: Talonflame|28/100
|move|p2a: Ursaluna|Earthquake|p1a: Farigiraf|[spread] p1a,p1b
|-immune|p2b: Talonflame
|-damage|p1a: Farigiraf|0 fnt
|-damage|p1b: Ursaluna|46/100
|faint|p1a: Farigiraf
|move|p1b: Ursaluna|Hyper Voice|p2a: Ursaluna|[spread] p2a,p2b
|-damage|p2a: Ursaluna|10/100 brn
|-damage|p2b: Talonflame|0 fnt
|faint|p2b: Talonflame
|-damage|p1b: Ursaluna|37/100|[from] item: Life Orb
|
|-damage|p2a: Ursaluna|4/100 brn|[from] brn
|upkeep
|
|t:|1757775994
|switch|p2b: Lilligant|Lilligant-Hisui, L50, F|24/100
|turn|8
|
|t:|1757776035
|move|p1b: Ursaluna|Protect|p1b: Ursaluna
|-singleturn|p1b: Ursaluna|Protect
|move|p2a: Ursaluna|Facade|p1b: Ursaluna
|-activate|p1b: Ursaluna|move: Protect
|move|p2b: Lilligant|Leaf Blade|p1b: Ursaluna
|-activate|p1b: Ursaluna|move: Protect
|
|-damage|p2a: Ursaluna|0 fnt|[from] brn
|faint|p2a: Ursaluna
|upkeep
|turn|9
|
|t:|1757776050
|-terastallize|p2b: Lilligant|Ghost
|move|p1b: Ursaluna|Blood Moon|p2b: Lilligant
|-damage|p2b: Lilligant|0 fnt
|faint|p2b: Lilligant
|-damage|p1b: Ursaluna|27/100|[from] item: Life Orb
|
|win|Lenk h
|raw|Lenk h's rating: 1099 → 1128(+29 for winning)
|raw|porygon-epilepz's rating: 1152 → 1123(-29 for losing)
