|j|☆B South
|j|☆InTheTemple
|html|B SouthInTheTemple    
|uhtml|bestof|Game 1 of a best-of-3
|t:|1757793324
|gametype|doubles
|player|p1|B South|101|1185
|player|p2|InTheTemple|pokemonranger-gen4|1254
|gen|9
|tier|[Gen 9] VGC 2025 Reg H (Bo3)
|rated|
|rule|Species Clause: Limit one of each Pokémon
|rule|Item Clause: Limit 1 of each item
|clearpoke
|poke|p1|Pelipper, L50, F|
|poke|p1|Archaludon, L50, M|
|poke|p1|Basculegion, L50, M|
|poke|p1|Barraskewda, L50, F|
|poke|p1|Maushold, L50|
|poke|p1|Annihilape, L50, M|
|poke|p2|Amoonguss, L50, F|
|poke|p2|Incineroar, L50, F|
|poke|p2|Porygon2, L50|
|poke|p2|Ursaluna, L50, M|
|poke|p2|Hydreigon, L50, F|
|poke|p2|Annihilape, L50, F|
|teampreview|4
|showteam|p1|Pelipper||ChoiceScarf|Drizzle|Tailwind,WeatherBall,Hurricane,WideGuard|||F|||50|,,,,,Stellar]Archaludon||AssaultVest|Stamina|ElectroShot,BodyPress,DracoMeteor,FlashCannon|||M|||50|,,,,,Bug]Basculegion||MysticWater|SwiftSwim|AquaJet,FlipTurn,WaveCrash,LastRespects|||M|||50|,,,,,Water]Barraskewda||ChoiceBand|PropellerTail|FlipTurn,Liquidation,CloseCombat,AquaJet|||F|||50|,,,,,Fighting]Maushold||SafetyGoggles|FriendGuard|BeatUp,FollowMe,Taunt,Protect||||||50|,,,,,Ghost]Annihilape||Leftovers|Defiant|BulkUp,RageFist,DrainPunch,Protect|||M|||50|,,,,,Grass
|showteam|p2|Amoonguss||SitrusBerry|Regenerator|ClearSmog,PollenPuff,Spore,RagePowder|||F|||50|,,,,,Water]Incineroar||AssaultVest|Intimidate|FakeOut,KnockOff,FlareBlitz,Uturn|||F|||50|,,,,,Grass]Porygon2||Eviolite|Download|TeraBlast,IceBeam,Recover,TrickRoom||||||50|,,,,,Fighting]Ursaluna||FlameOrb|Guts|Facade,HeadlongRush,Earthquake,Protect|||M|||50|,,,,,Fairy]Hydreigon||SafetyGoggles|Levitate|DracoMeteor,Snarl,Taunt,Protect|||F|||50|,,,,,Ghost]Annihilape||FocusSash|Defiant|CloseCombat,RageFist,BrickBreak,Coaching|||F|||50|,,,,,Fire
|inactive|Battle timer is ON: inactive players will automatically lose when time's up. (requested by InTheTemple)
|
|t:|1757793387
|teamsize|p1|4
|teamsize|p2|4
|start
|switch|p1a: Barraskewda|Barraskewda, L50, F|100/100
|switch|p1b: Maushold|Maushold, L50|100/100
|switch|p2a: Incineroar|Incineroar, L50, F|100/100
|switch|p2b: Porygon2|Porygon2, L50|100/100
|-ability|p2a: Incineroar|Intimidate|boost
|-unboost|p1a: Barraskewda|atk|1
|-unboost|p1b: Maushold|atk|1
|-ability|p2b: Porygon2|Download|boost
|-boost|p2b: Porygon2|spa|1
|turn|1
|
|t:|1757793405
|switch|p2b: Amoonguss|Amoonguss, L50, F|100/100
|-terastallize|p1a: Barraskewda|Fighting
|move|p1a: Barraskewda|Close Combat|p2b: Amoonguss
|-resisted|p2b: Amoonguss
|-damage|p2b: Amoonguss|72/100
|-unboost|p1a: Barraskewda|def|1
|-unboost|p1a: Barraskewda|spd|1
|move|p1b: Maushold|Taunt|p2b: Amoonguss
|-start|p2b: Amoonguss|move: Taunt
|move|p2a: Incineroar|Knock Off|p1b: Maushold
|-damage|p1b: Maushold|45/100
|-enditem|p1b: Maushold|Safety Goggles|[from] move: Knock Off|[of] p2a: Incineroar
|
|upkeep
|turn|2
|inactive|B South has 30 seconds left.
|inactive|InTheTemple has 30 seconds left.
|
|t:|1757793436
|switch|p1a: Peeko|Pelipper, L50, F, shiny|100/100
|-weather|RainDance|[from] ability: Drizzle|[of] p1a: Peeko
|switch|p1b: Basculegion|Basculegion, L50, M|100/100
|move|p2a: Incineroar|U-turn|p1b: Basculegion
|-resisted|p1b: Basculegion
|-damage|p1b: Basculegion|88/100
|
|t:|1757793445
|switch|p2a: Porygon2|Porygon2, L50|100/100|[from] U-turn
|-ability|p2a: Porygon2|Download|boost
|-boost|p2a: Porygon2|spa|1
|move|p2b: Amoonguss|Pollen Puff|p2a: Porygon2
|
|-weather|RainDance|[upkeep]
|upkeep
|turn|3
|
|t:|1757793461
|switch|p2b: Incineroar|Incineroar, L50, F|100/100
|-ability|p2b: Incineroar|Intimidate|boost
|-unboost|p1a: Peeko|atk|1
|-unboost|p1b: Basculegion|atk|1
|move|p1b: Basculegion|Wave Crash|p2a: Porygon2
|-damage|p2a: Porygon2|58/100
|-damage|p1b: Basculegion|75/100|[from] Recoil
|move|p1a: Peeko|Hurricane|p2b: Incineroar
|-damage|p2b: Incineroar|73/100
|move|p2a: Porygon2|Trick Room|p2a: Porygon2
|-fieldstart|move: Trick Room|[of] p2a: Porygon2
|
|-weather|RainDance|[upkeep]
|upkeep
|turn|4
|
|t:|1757793481
|move|p2a: Porygon2|Ice Beam|p1a: Peeko
|-damage|p1a: Peeko|33/100
|move|p2b: Incineroar|Knock Off|p1a: Peeko
|-damage|p1a: Peeko|0 fnt
|-enditem|p1a: Peeko|Choice Scarf|[from] move: Knock Off|[of] p2b: Incineroar
|faint|p1a: Peeko
|move|p1b: Basculegion|Wave Crash|p2b: Incineroar
|-supereffective|p2b: Incineroar
|-damage|p2b: Incineroar|0 fnt
|faint|p2b: Incineroar
|-damage|p1b: Basculegion|53/100|[from] Recoil
|
|-weather|RainDance|[upkeep]
|upkeep
|
|t:|1757793495
|switch|p2b: Amoonguss|Amoonguss, L50, F|100/100
|switch|p1a: Maushold|Maushold, L50|45/100
|turn|5
|
|t:|1757793515
|move|p1a: Maushold|Follow Me|p1a: Maushold
|-singleturn|p1a: Maushold|move: Follow Me
|move|p2b: Amoonguss|Spore|p1a: Maushold
|-status|p1a: Maushold|slp|[from] move: Spore
|move|p2a: Porygon2|Recover|p2a: Porygon2
|-heal|p2a: Porygon2|100/100
|move|p1b: Basculegion|Wave Crash|p2a: Porygon2
|-damage|p2a: Porygon2|58/100
|-damage|p1b: Basculegion|40/100|[from] Recoil
|
|-weather|RainDance|[upkeep]
|upkeep
|turn|6
|
|t:|1757793534
|move|p2b: Amoonguss|Spore|p1b: Basculegion
|-status|p1b: Basculegion|slp|[from] move: Spore
|move|p2a: Porygon2|Tera Blast|p1a: Maushold
|-damage|p1a: Maushold|0 fnt
|faint|p1a: Maushold
|cant|p1b: Basculegion|slp
|
|-weather|none
|upkeep
|
|t:|1757793550
|switch|p1a: Barraskewda|Barraskewda, L50, F, tera:Fighting|100/100
|turn|7
|-message|B South forfeited.
|
|win|InTheTemple
|l|☆B South
|player|p1|
||InTheTemple is ready for game 2.
||B South is ready for game 2.
|uhtml|next|Next: Game 2 of 3
|j|☆B South
|player|p1|B South|101|
