|j|☆myshirtisdirty
|j|☆atahualpamaia
|html|myshirtisdirtyatahualpamaia    
|uhtml|bestof|Game 1 of a best-of-3
|t:|1756237843
|gametype|doubles
|player|p1|myshirtisdirty|102|1021
|player|p2|atahualpamaia|jogger|1129
|gen|9
|tier|[Gen 9] VGC 2025 Reg H (Bo3)
|rated|
|rule|Species Clause: Limit one of each Pokémon
|rule|Item Clause: Limit 1 of each item
|clearpoke
|poke|p1|Porygon2, L50|
|poke|p1|Ursaluna, L50, M|
|poke|p1|Incineroar, L50, F|
|poke|p1|Volcarona, L50, F|
|poke|p1|Dragonite, L50, M|
|poke|p1|Kingambit, L50, M|
|poke|p2|Goodra-Hisui, L50, M|
|poke|p2|Sneasler, L50, M|
|poke|p2|Ursaluna-Bloodmoon, L50, M|
|poke|p2|Sinistcha, L50|
|poke|p2|Whimsicott, L50, M|
|poke|p2|Farigiraf, L50, M|
|teampreview|4
|showteam|p1|Porygon2||Eviolite|Download|IceBeam,TeraBlast,Recover,TrickRoom||||||50|,,,,,Fighting]Ursaluna||FlameOrb|Guts|Facade,Earthquake,HeadlongRush,Protect|||M|||50|,,,,,Ghost]Incineroar||SafetyGoggles|Intimidate|FakeOut,KnockOff,FlareBlitz,PartingShot|||F|||50|,,,,,Ghost]Volcarona||SitrusBerry|FlameBody|FieryDance,StruggleBug,QuiverDance,Protect|||F|||50|,,,,,Grass]Dragonite||LoadedDice|Multiscale|Protect,ScaleShot,StompingTantrum,ExtremeSpeed|||M|||50|,,,,,Steel]Kingambit||AssaultVest|Defiant|SuckerPunch,KowtowCleave,IronHead,LowKick|||M|||50|,,,,,Fire
|showteam|p2|Goodra-Hisui||LifeOrb|Gooey|DragonPulse,Flamethrower,MuddyWater,Protect|||M|||50|,,,,,Ghost]Sneasler||WhiteHerb|Unburden|CloseCombat,DireClaw,ThroatChop,Protect|||M|||50|,,,,,Flying]Ursaluna-Bloodmoon||SitrusBerry|MindsEye|BloodMoon,EarthPower,HyperVoice,Protect|||M|||50|,,,,,Ghost]Sinistcha||Leftovers|Hospitality|MatchaGotcha,ShadowBall,RagePowder,Protect||||||50|,,,,,Water]Whimsicott||FocusSash|Prankster|Moonblast,Encore,Tailwind,Protect|||M|||50|,,,,,Ghost]Farigiraf||ThroatSpray|ArmorTail|HyperVoice,HelpingHand,TrickRoom,Protect|||M|||50|,,,,,Water
|inactive|Battle timer is ON: inactive players will automatically lose when time's up. (requested by atahualpamaia)
|inactive|atahualpamaia has 60 seconds left.
|inactive|atahualpamaia has 30 seconds left.
|inactive|atahualpamaia has 20 seconds left.
|
|t:|1756237918
|teamsize|p1|4
|teamsize|p2|4
|start
|switch|p1a: Dragonite|Dragonite, L50, M|100/100
|switch|p1b: Volcarona|Volcarona, L50, F|100/100
|switch|p2a: Sneasler|Sneasler, L50, M|100/100
|switch|p2b: Goodra|Goodra-Hisui, L50, M|100/100
|turn|1
|inactive|myshirtisdirty has 30 seconds left.
|inactive|atahualpamaia has 30 seconds left.
|inactive|myshirtisdirty has 20 seconds left.
|inactive|atahualpamaia has 20 seconds left.
|inactive|myshirtisdirty has 15 seconds left.
|inactive|atahualpamaia has 15 seconds left.
|inactive|myshirtisdirty has 10 seconds left.
|
|t:|1756237966
|move|p2a: Sneasler|Protect|p2a: Sneasler
|-singleturn|p2a: Sneasler|Protect
|move|p1b: Volcarona|Protect|p1b: Volcarona
|-singleturn|p1b: Volcarona|Protect
|move|p1a: Dragonite|Scale Shot|p2a: Sneasler
|-activate|p2a: Sneasler|move: Protect
|move|p2b: Goodra|Muddy Water|p1a: Dragonite|[spread] p1a
|-activate|p1b: Volcarona|move: Protect
|-resisted|p1a: Dragonite
|-damage|p1a: Dragonite|94/100
|-unboost|p1a: Dragonite|accuracy|1
|-damage|p2b: Goodra|91/100|[from] item: Life Orb
|
|upkeep
|turn|2
|inactive|atahualpamaia has 30 seconds left.
|inactive|atahualpamaia has 20 seconds left.
|inactive|atahualpamaia has 15 seconds left.
|
|t:|1756238009
|move|p2b: Goodra|Protect|p2b: Goodra
|-singleturn|p2b: Goodra|Protect
|move|p2a: Sneasler|Dire Claw|p1b: Volcarona
|-damage|p1b: Volcarona|47/100
|-enditem|p1b: Volcarona|Sitrus Berry|[eat]
|-heal|p1b: Volcarona|72/100|[from] item: Sitrus Berry
|move|p1b: Volcarona|Quiver Dance|p1b: Volcarona
|-boost|p1b: Volcarona|spa|1
|-boost|p1b: Volcarona|spd|1
|-boost|p1b: Volcarona|spe|1
|move|p1a: Dragonite|Scale Shot|p2a: Sneasler|[miss]
|-miss|p1a: Dragonite|p2a: Sneasler
|
|upkeep
|turn|3
|inactive|myshirtisdirty has 30 seconds left.
|inactive|atahualpamaia has 30 seconds left.
|
|t:|1756238040
|switch|p1a: Porygon2|Porygon2, L50|100/100
|-ability|p1a: Porygon2|Download|boost
|-boost|p1a: Porygon2|atk|1
|-terastallize|p2b: Goodra|Ghost
|move|p1b: Volcarona|Fiery Dance|p2a: Sneasler
|-damage|p2a: Sneasler|25/100
|-boost|p1b: Volcarona|spa|1
|move|p2a: Sneasler|Dire Claw|p1b: Volcarona
|-damage|p1b: Volcarona|15/100
|move|p2b: Goodra|Dragon Pulse|p1a: Porygon2
|-damage|p1a: Porygon2|64/100
|-damage|p2b: Goodra|81/100|[from] item: Life Orb
|
|upkeep
|turn|4
|inactive|myshirtisdirty has 30 seconds left.
|inactive|atahualpamaia has 30 seconds left.
|inactive|myshirtisdirty has 20 seconds left.
|inactive|atahualpamaia has 20 seconds left.
|inactive|atahualpamaia has 15 seconds left.
|
|t:|1756238081
|move|p2a: Sneasler|Protect|p2a: Sneasler
|-singleturn|p2a: Sneasler|Protect
|move|p1b: Volcarona|Struggle Bug|p2a: Sneasler|[spread] p2b
|-activate|p2a: Sneasler|move: Protect
|-resisted|p2b: Goodra
|-damage|p2b: Goodra|71/100
|-unboost|p2b: Goodra|spa|1
|move|p1a: Porygon2|Ice Beam|p2b: Goodra
|-damage|p2b: Goodra|52/100
|-status|p2b: Goodra|frz
|cant|p2b: Goodra|frz
|
|upkeep
|turn|5
|
|t:|1756238098
|switch|p2a: Sinistcha|Sinistcha, L50|100/100
|-heal|p2b: Goodra|76/100 frz|[from] ability: Hospitality|[of] p2a: Sinistcha
|cant|p2b: Goodra|frz
|move|p1b: Volcarona|Fiery Dance|p2a: Sinistcha
|-supereffective|p2a: Sinistcha
|-damage|p2a: Sinistcha|0 fnt
|faint|p2a: Sinistcha
|move|p1a: Porygon2|Ice Beam|p2b: Goodra
|-damage|p2b: Goodra|60/100 frz
|
|upkeep
|
|t:|1756238109
|switch|p2a: Ursaluna|Ursaluna-Bloodmoon, L50, M|100/100
|turn|6
|
|t:|1756238126
|move|p1b: Volcarona|Fiery Dance|p2b: Goodra
|-damage|p2b: Goodra|13/100 frz
|-boost|p1b: Volcarona|spa|1
|-curestatus|p2b: Goodra|frz|[msg]
|move|p1a: Porygon2|Ice Beam|p2b: Goodra
|-damage|p2b: Goodra|0 fnt
|faint|p2b: Goodra
|move|p2a: Ursaluna|Hyper Voice|p1a: Porygon2|[spread] p1a,p1b
|-damage|p1a: Porygon2|38/100
|-damage|p1b: Volcarona|0 fnt
|faint|p1b: Volcarona
|
|upkeep
|
|t:|1756238137
|switch|p1b: Dragonite|Dragonite, L50, M|94/100
|switch|p2b: Sneasler|Sneasler, L50, M|25/100
|turn|7
|
|t:|1756238150
|-terastallize|p1a: Porygon2|Fighting
|move|p2b: Sneasler|Close Combat|p1a: Porygon2
|-damage|p1a: Porygon2|0 fnt
|-unboost|p2b: Sneasler|def|1
|-unboost|p2b: Sneasler|spd|1
|faint|p1a: Porygon2
|-enditem|p2b: Sneasler|White Herb
|-clearnegativeboost|p2b: Sneasler|[silent]
|move|p1b: Dragonite|Scale Shot|p2b: Sneasler
|-crit|p2b: Sneasler
|-damage|p2b: Sneasler|0 fnt
|faint|p2b: Sneasler
|-hitcount|p2: Sneasler|1
|-unboost|p1b: Dragonite|def|1
|-boost|p1b: Dragonite|spe|1
|move|p2a: Ursaluna|Blood Moon|p1b: Dragonite
|-damage|p1b: Dragonite|23/100
|
|upkeep
|
|t:|1756238161
|switch|p1a: Ursaluna|Ursaluna, L50, M|100/100
|turn|8
|
|t:|1756238184
|move|p1a: Ursaluna|Protect|p1a: Ursaluna
|-singleturn|p1a: Ursaluna|Protect
|move|p1b: Dragonite|Scale Shot|p2a: Ursaluna
|-damage|p2a: Ursaluna|89/100
|-damage|p2a: Ursaluna|78/100
|-damage|p2a: Ursaluna|67/100
|-damage|p2a: Ursaluna|57/100
|-damage|p2a: Ursaluna|47/100
|-enditem|p2a: Ursaluna|Sitrus Berry|[eat]
|-heal|p2a: Ursaluna|72/100|[from] item: Sitrus Berry
|-hitcount|p2a: Ursaluna|5
|-unboost|p1b: Dragonite|def|1
|-boost|p1b: Dragonite|spe|1
|move|p2a: Ursaluna|Hyper Voice|p1b: Dragonite|[spread] p1b
|-activate|p1a: Ursaluna|move: Protect
|-damage|p1b: Dragonite|0 fnt
|faint|p1b: Dragonite
|
|-status|p1a: Ursaluna|brn|[from] item: Flame Orb
|upkeep
|turn|9
|
|t:|1756238205
|move|p1a: Ursaluna|Facade|p2a: Ursaluna
|-damage|p2a: Ursaluna|0 fnt
|faint|p2a: Ursaluna
|
|win|myshirtisdirty
||atahualpamaia is ready for game 2.
||myshirtisdirty is ready for game 2.
|uhtml|next|Next: Game 2 of 3
