|j|☆Sneasler on Crack
|j|☆x-demon18
|html|Sneasler on Crackx-demon18    
|uhtml|bestof|Game 2 of a best-of-3
|t:|1784919398
|gametype|doubles
|player|p1|Sneasler on Crack|giovanni|1140
|player|p2|x-demon18|pokefan-gen4|1040
|gen|9
|tier|[Gen 9 Champions] VGC 2026 Reg M-B (Bo3)
|rated|
|rule|Species Clause: Limit one of each Pokémon
|rule|Item Clause: Limit 1 of each item
|clearpoke
|poke|p1|Raichu, L50, M|
|poke|p1|Mamoswine, L50, M|
|poke|p1|Farigiraf, L50, F|
|poke|p1|Scovillain, L50, M|
|poke|p1|Basculegion, L50, M|
|poke|p1|Lycanroc-Dusk, L50, M|
|poke|p2|Incineroar, L50, M|
|poke|p2|Rotom-Wash, L50|
|poke|p2|Venusaur, L50, F|
|poke|p2|Corviknight, L50, F|
|poke|p2|Sylveon, L50, F|
|poke|p2|Garchomp, L50, M|
|teampreview|4
|showteam|p1|Raichu||RaichuniteY|LightningRod|ZapCannon,FocusBlast,FakeOut,Protect|Timid||M|||50|]Mamoswine||LifeOrb|Oblivious|HighHorsepower,IcicleCrash,IceShard,Protect|Adamant||M|||50|]Farigiraf||ColburBerry|ArmorTail|TwinBeam,Thunderbolt,HelpingHand,TrickRoom|Calm||F|||50|]Scovillain||Scovillainite|Insomnia|Flamethrower,LeechSeed,RagePowder,Protect|Bold||M|||50|]Basculegion||ChoiceScarf|Adaptability|WaveCrash,LastRespects,FlipTurn,AquaJet|Jolly||M|||50|]Lycanroc-Dusk||FocusSash|ToughClaws|CloseCombat,RockSlide,Accelerock,Protect|Adamant||M|||50|
|showteam|p2|Incineroar||ExpertBelt|Intimidate|FakeOut,TemperFlare,ThroatChop,PartingShot|Adamant||M|||50|]Rotom-Wash||RindoBerry|Levitate|HydroPump,Electroweb,WillOWisp,VoltSwitch|Modest|||||50|]Venusaur||Venusaurite|Chlorophyll|GigaDrain,SludgeBomb,EarthPower,Protect|Modest||F|||50|]Corviknight||OccaBerry|MirrorArmor|Tailwind,DualWingbeat,IronHead,BodyPress|Adamant||F|||50|]Sylveon||FairyFeather|Pixilate|HyperVoice,QuickAttack,Yawn,Detect|Modest||F|||50|]Garchomp||LifeOrb|RoughSkin|RockSlide,DragonClaw,StompingTantrum,Protect|Jolly||M|||50|
|
|t:|1784919430
|teamsize|p1|4
|teamsize|p2|4
|start
|switch|p1a: Farigiraf|Farigiraf, L50, F|100/100
|switch|p1b: Lycanroc|Lycanroc-Dusk, L50, M|100/100
|switch|p2a: Wolverine|Incineroar, L50, M|100/100
|switch|p2b: Yggdrasil|Venusaur, L50, F|100/100
|-ability|p2a: Wolverine|Intimidate|boost
|-unboost|p1a: Farigiraf|atk|1
|-unboost|p1b: Lycanroc|atk|1
|turn|1
|
|t:|1784919445
|detailschange|p2b: Yggdrasil|Venusaur-Mega, L50, F
|-mega|p2b: Yggdrasil|Venusaur|Venusaurite
|move|p2a: Wolverine|Fake Out||[still]
|cant|p1a: Farigiraf|ability: Armor Tail|Fake Out|[of] p2a: Wolverine
|move|p1b: Lycanroc|Rock Slide|p2b: Yggdrasil|[spread] p2a,p2b
|-supereffective|p2a: Wolverine|1
|-damage|p2a: Wolverine|63/100
|-damage|p2b: Yggdrasil|83/100
|move|p2b: Yggdrasil|Giga Drain|p1b: Lycanroc
|-supereffective|p1b: Lycanroc|1
|-enditem|p1b: Lycanroc|Focus Sash
|-damage|p1b: Lycanroc|1/100
|-heal|p2b: Yggdrasil|100/100|[from] drain|[of] p1b: Lycanroc
|move|p1a: Farigiraf|Twin Beam|p2b: Yggdrasil
|-supereffective|p2b: Yggdrasil|1
|-damage|p2b: Yggdrasil|74/100
|-supereffective|p2b: Yggdrasil|1
|-damage|p2b: Yggdrasil|44/100
|-hitcount|p2b: Yggdrasil|2
|
|upkeep
|turn|2
|
|t:|1784919478
|switch|p2b: Berserk|Garchomp, L50, M|100/100
|move|p1b: Lycanroc|Close Combat|p2a: Wolverine
|-supereffective|p2a: Wolverine|1
|-damage|p2a: Wolverine|0 fnt
|-unboost|p1b: Lycanroc|def|1
|-unboost|p1b: Lycanroc|spd|1
|faint|p2a: Wolverine
|move|p1a: Farigiraf|Twin Beam|p2b: Berserk
|-damage|p2b: Berserk|84/100
|-damage|p2b: Berserk|68/100
|-hitcount|p2b: Berserk|2
|
|upkeep
|
|t:|1784919492
|switch|p2a: Frieren|Sylveon, L50, F|100/100
|turn|3
|
|t:|1784919526
|move|p1b: Lycanroc|Accelerock|p2a: Frieren
|-damage|p2a: Frieren|82/100
|move|p2b: Berserk|Dragon Claw|p1a: Farigiraf
|-damage|p1a: Farigiraf|47/100
|-damage|p2b: Berserk|58/100|[from] item: Life Orb
|move|p1a: Farigiraf|Twin Beam|p2a: Frieren
|-damage|p2a: Frieren|69/100
|-damage|p2a: Frieren|58/100
|-hitcount|p2a: Frieren|2
|move|p2a: Frieren|Hyper Voice|p1a: Farigiraf|[spread] p1a,p1b
|-damage|p1a: Farigiraf|14/100
|-damage|p1b: Lycanroc|0 fnt
|faint|p1b: Lycanroc
|
|upkeep
|
|t:|1784919542
|switch|p1b: Basculegion|Basculegion, L50, M|100/100
|turn|4
|
|t:|1784919580
|move|p2b: Berserk|Protect|p2b: Berserk
|-singleturn|p2b: Berserk|Protect
|move|p1b: Basculegion|Last Respects|p2a: Frieren
|-damage|p2a: Frieren|0 fnt
|faint|p2a: Frieren
|move|p1a: Farigiraf|Twin Beam|p2b: Berserk
|-activate|p2b: Berserk|move: Protect
|
|upkeep
|
|t:|1784919589
|switch|p2a: Yggdrasil|Venusaur-Mega, L50, F|44/100
|turn|5
|
|t:|1784919597
|move|p1b: Basculegion|Last Respects|p2b: Berserk
|-damage|p2b: Berserk|0 fnt
|faint|p2b: Berserk
|move|p2a: Yggdrasil|Giga Drain|p1b: Basculegion
|-supereffective|p1b: Basculegion|1
|-damage|p1b: Basculegion|9/100
|-heal|p2a: Yggdrasil|94/100|[from] drain|[of] p1b: Basculegion
|move|p1a: Farigiraf|Twin Beam|p2a: Yggdrasil
|-supereffective|p2a: Yggdrasil|1
|-damage|p2a: Yggdrasil|70/100
|-supereffective|p2a: Yggdrasil|1
|-damage|p2a: Yggdrasil|43/100
|-hitcount|p2a: Yggdrasil|2
|
|upkeep
|turn|6
|
|t:|1784919621
|move|p1a: Farigiraf|Helping Hand|p1b: Basculegion
|-singleturn|p1b: Basculegion|Helping Hand|[of] p1a: Farigiraf
|move|p1b: Basculegion|Last Respects|p2a: Yggdrasil
|-damage|p2a: Yggdrasil|0 fnt
|faint|p2a: Yggdrasil
|
|win|Sneasler on Crack
||Sneasler on Crack is ready for game 3.
