|j|☆satandagiii2005
|j|☆mesochob0
|html|satandagiii2005mesochob0    
|uhtml|bestof|Game 1 of a best-of-3
|t:|1783193054
|gametype|doubles
|player|p1|satandagiii2005|byron|1109
|player|p2|mesochob0|1|1159
|gen|9
|tier|[Gen 9 Champions] VGC 2026 Reg M-B (Bo3)
|rated|
|rule|Species Clause: Limit one of each Pokémon
|rule|Item Clause: Limit 1 of each item
|clearpoke
|poke|p1|Venusaur, L50, M|
|poke|p1|Swampert, L50, M|
|poke|p1|Pelipper, L50, F|
|poke|p1|Archaludon, L50, F|
|poke|p1|Maushold, L50|
|poke|p1|Gholdengo, L50|
|poke|p2|Pelipper, L50, M|
|poke|p2|Archaludon, L50, F|
|poke|p2|Farigiraf, L50, M|
|poke|p2|Mawile, L50, F|
|poke|p2|Sneasler, L50, F|
|poke|p2|Swampert, L50, F|
|teampreview|4
|showteam|p1|Venusaur||Venusaurite|Overgrow|SludgeBomb,EarthPower,GigaDrain,Protect|Modest||M|||50|]Swampert||Swampertite|Torrent|WaveCrash,Earthquake,IcePunch,Protect|Adamant||M|||50|]Pelipper||SitrusBerry|Drizzle|Hurricane,WeatherBall,Tailwind,WideGuard|Modest||F|||50|]Archaludon||Leftovers|Stamina|ElectroShot,DragonPulse,FlashCannon,Protect|Modest||F|||50|]Maushold||FocusSash|FriendGuard|FollowMe,SuperFang,RainDance,Protect|Jolly|||||50|]Gholdengo||LifeOrb|GoodasGold|MakeItRain,ShadowBall,PowerGem,Protect|Timid|||||50|
|showteam|p2|Pelipper||LifeOrb|Drizzle|WeatherBall,Hurricane,Tailwind,WideGuard|Modest||M|||50|]Archaludon||Leftovers|Stamina|DragonPulse,FlashCannon,ElectroShot,Protect|Modest||F|||50|]Farigiraf||SitrusBerry|ArmorTail|Psychic,Thunderbolt,HelpingHand,TrickRoom|Bold||M|||50|]Mawile||Mawilite|HyperCutter|PlayRough,BrickBreak,SuckerPunch,Protect|Adamant||F|||50|]Sneasler||FocusSash|Unburden|CloseCombat,DireClaw,FakeOut,Protect|Jolly||F|||50|]Swampert||Swampertite|Damp|WaveCrash,HighHorsepower,RockTomb,Protect|Adamant||F|||50|
|inactive|Battle timer is ON: inactive players will automatically lose when time's up. (requested by satandagiii2005)
|
|t:|1783193101
|teamsize|p1|4
|teamsize|p2|4
|start
|switch|p1a: Venusaur|Venusaur, L50, M|100/100
|switch|p1b: Maushold|Maushold, L50|100/100
|switch|p2a: Swampert|Swampert, L50, F|100/100
|switch|p2b: Pelipper|Pelipper, L50, M|100/100
|-weather|RainDance|[from] ability: Drizzle|[of] p2b: Pelipper
|turn|1
|inactive|satandagiii2005 has 30 seconds left.
|inactive|satandagiii2005 has 20 seconds left.
|
|t:|1783193137
|switch|p2a: Archaludon|Archaludon, L50, F|100/100
|detailschange|p1a: Venusaur|Venusaur-Mega, L50, M
|-mega|p1a: Venusaur|Venusaur|Venusaurite
|move|p1b: Maushold|Super Fang|p2a: Archaludon
|-damage|p2a: Archaludon|50/100g
|-ability|p2a: Archaludon|Stamina|boost
|-boost|p2a: Archaludon|def|1
|move|p1a: Venusaur|Earth Power|p2a: Archaludon
|-supereffective|p2a: Archaludon|1
|-damage|p2a: Archaludon|0 fnt
|faint|p2a: Archaludon
|move|p2b: Pelipper|Tailwind|p2b: Pelipper
|-sidestart|p2: mesochob0|move: Tailwind
|
|-weather|RainDance|[upkeep]
|upkeep
|
|t:|1783193160
|switch|p2a: Sneasler|Sneasler, L50, F|100/100
|turn|2
|
|t:|1783193167
|move|p1b: Maushold|Protect|p1b: Maushold
|-singleturn|p1b: Maushold|Protect
|move|p1a: Venusaur|Protect|p1a: Venusaur
|-singleturn|p1a: Venusaur|Protect
|move|p2a: Sneasler|Fake Out|p1b: Maushold
|-activate|p1b: Maushold|move: Protect
|move|p2b: Pelipper|Hurricane|p1a: Venusaur
|-activate|p1a: Venusaur|move: Protect
|
|-weather|RainDance|[upkeep]
|upkeep
|turn|3
|inactive|satandagiii2005 has 30 seconds left.
|inactive|mesochob0 has 30 seconds left.
|
|t:|1783193201
|move|p1b: Maushold|Follow Me|p1b: Maushold
|-singleturn|p1b: Maushold|move: Follow Me
|move|p2a: Sneasler|Close Combat|p1b: Maushold
|-supereffective|p1b: Maushold|1
|-enditem|p1b: Maushold|Focus Sash
|-damage|p1b: Maushold|1/100
|-unboost|p2a: Sneasler|def|1
|-unboost|p2a: Sneasler|spd|1
|move|p2b: Pelipper|Hurricane|p1b: Maushold
|-damage|p1b: Maushold|0 fnt
|faint|p1b: Maushold
|-damage|p2b: Pelipper|90/100|[from] item: Life Orb
|move|p1a: Venusaur|Earth Power|p2a: Sneasler
|-supereffective|p2a: Sneasler|1
|-enditem|p2a: Sneasler|Focus Sash
|-damage|p2a: Sneasler|1/100
|
|-weather|RainDance|[upkeep]
|upkeep
|
|t:|1783193217
|switch|p1b: Archaludon|Archaludon, L50, F|100/100
|turn|4
|
|t:|1783193234
|switch|p2b: Swampert|Swampert, L50, F|100/100
|move|p2a: Sneasler|Protect|p2a: Sneasler
|-singleturn|p2a: Sneasler|Protect
|move|p1a: Venusaur|Protect|p1a: Venusaur
|-singleturn|p1a: Venusaur|Protect
|move|p1b: Archaludon|Protect||[still]
|-fail|p1b: Archaludon
|
|-weather|RainDance|[upkeep]
|-sideend|p2: mesochob0|move: Tailwind
|upkeep
|turn|5
|inactive|mesochob0 has 30 seconds left.
|
|t:|1783193263
|detailschange|p2b: Swampert|Swampert-Mega, L50, F
|-mega|p2b: Swampert|Swampert|Swampertite
|move|p2a: Sneasler|Dire Claw|p1a: Venusaur
|-damage|p1a: Venusaur|63/100
|move|p2b: Swampert|High Horsepower|p1b: Archaludon
|-supereffective|p1b: Archaludon|1
|-damage|p1b: Archaludon|13/100
|-ability|p1b: Archaludon|Stamina|boost
|-boost|p1b: Archaludon|def|1
|move|p1a: Venusaur|Giga Drain|p2b: Swampert
|-supereffective|p2b: Swampert|2
|-damage|p2b: Swampert|0 fnt
|-heal|p1a: Venusaur|100/100|[from] drain|[of] p2b: Swampert
|faint|p2b: Swampert
|move|p1b: Archaludon|Electro Shot||[still]
|-prepare|p1b: Archaludon|Electro Shot
|-boost|p1b: Archaludon|spa|1
|-anim|p1b: Archaludon|Electro Shot|p2a: Sneasler
|-damage|p2a: Sneasler|0 fnt
|faint|p2a: Sneasler
|
|-weather|none
|-heal|p1b: Archaludon|19/100|[from] item: Leftovers
|upkeep
|-message|mesochob0 forfeited.
|
|win|satandagiii2005
|l|☆mesochob0
|player|p2|
||satandagiii2005 is ready for game 2.
||mesochob0 is ready for game 2.
|uhtml|next|Next: Game 2 of 3
