|j|☆tacchino98
|j|☆bancomat 2
|html|tacchino98bancomat 2    
|uhtml|bestof|Game 2 of a best-of-3
|t:|1783342979
|gametype|doubles
|player|p1|tacchino98|2|1030
|player|p2|bancomat 2|volkner|1099
|gen|9
|tier|[Gen 9 Champions] VGC 2026 Reg M-B (Bo3)
|rated|
|rule|Species Clause: Limit one of each Pokémon
|rule|Item Clause: Limit 1 of each item
|clearpoke
|poke|p1|Raichu, L50, F|
|poke|p1|Milotic, L50, F|
|poke|p1|Sinistcha, L50|
|poke|p1|Tyranitar, L50, F|
|poke|p1|Corviknight, L50, F|
|poke|p1|Incineroar, L50, M|
|poke|p2|Charizard, L50, M, shiny|
|poke|p2|Aerodactyl, L50, M|
|poke|p2|Garchomp, L50, M|
|poke|p2|Sylveon, L50, M|
|poke|p2|Kingambit, L50, M|
|poke|p2|Basculegion, L50, M|
|teampreview|4
|showteam|p1|Raichu||RaichuniteY|LightningRod|ZapCannon,FocusBlast,FakeOut,Protect|Timid||F|||50|]Milotic||Leftovers|Competitive|MuddyWater,Coil,Hypnosis,Protect|Calm||F|||50|]Sinistcha||OccaBerry|Hospitality|ShadowBall,RagePowder,TrickRoom,Protect|Relaxed|||||50|]Tyranitar||Tyranitarite|SandStream|RockSlide,KnockOff,LowKick,Protect|Adamant||F|||50|]Corviknight||SitrusBerry|MirrorArmor|DrillPeck,IronHead,BulkUp,Roost|Adamant||F|||50|]Incineroar||PasshoBerry|Intimidate|FakeOut,FlareBlitz,DarkestLariat,PartingShot|Relaxed||M|||50|
|showteam|p2|Charizard||CharizarditeY|Blaze|HeatWave,WeatherBall,SolarBeam,Protect|Modest||M|||50|]Aerodactyl||Aerodactylite|Unnerve|RockSlide,DualWingbeat,Tailwind,IceFang|Jolly||M|||50|]Garchomp||LifeOrb|RoughSkin|DragonClaw,Earthquake,RockTomb,Protect|Jolly||M|||50|]Sylveon||FairyFeather|Pixilate|HyperVoice,HyperBeam,QuickAttack,Detect|Modest||M|||50|]Kingambit||FocusSash|Defiant|KowtowCleave,SuckerPunch,IronHead,LowKick|Adamant||M|||50|]Basculegion||ChoiceScarf|Adaptability|WaveCrash,AquaJet,LastRespects,FlipTurn|Jolly||M|||50|
|
|t:|1783343026
|teamsize|p1|4
|teamsize|p2|4
|start
|switch|p1a: Raichu|Raichu, L50, F|100/100
|switch|p1b: Milotic|Milotic, L50, F|100/100
|switch|p2a: Kingambit|Kingambit, L50, M|100/100
|switch|p2b: Aerodactyl|Aerodactyl, L50, M|100/100
|-ability|p2b: Aerodactyl|Unnerve
|turn|1
|
|t:|1783343062
|switch|p2a: Garchomp|Garchomp, L50, M|100/100
|detailschange|p2b: Aerodactyl|Aerodactyl-Mega, L50, M
|-mega|p2b: Aerodactyl|Aerodactyl|Aerodactylite
|move|p1a: Raichu|Fake Out|p2a: Garchomp
|-damage|p2a: Garchomp|92/100
|-damage|p1a: Raichu|88/100|[from] ability: Rough Skin|[of] p2a: Garchomp
|move|p2b: Aerodactyl|Rock Slide|p1b: Milotic|[spread] p1a,p1b
|-damage|p1a: Raichu|55/100
|-damage|p1b: Milotic|74/100
|move|p1b: Milotic|Coil|p1b: Milotic
|-boost|p1b: Milotic|atk|1
|-boost|p1b: Milotic|def|1
|-boost|p1b: Milotic|accuracy|1
|
|-heal|p1b: Milotic|80/100|[from] item: Leftovers
|upkeep
|turn|2
|
|t:|1783343092
|detailschange|p1a: Raichu|Raichu-Mega-Y, L50, F
|-mega|p1a: Raichu|Raichu|Raichunite Y
|move|p2b: Aerodactyl|Tailwind|p2b: Aerodactyl
|-sidestart|p2: bancomat 2|move: Tailwind
|move|p2a: Garchomp|Earthquake|p1b: Milotic|[spread] p1a,p1b
|-immune|p2b: Aerodactyl
|-supereffective|p1a: Raichu|1
|-damage|p1a: Raichu|0 fnt
|-damage|p1b: Milotic|52/100
|faint|p1a: Raichu
|-damage|p2a: Garchomp|82/100|[from] item: Life Orb
|move|p1b: Milotic|Coil|p1b: Milotic
|-boost|p1b: Milotic|atk|1
|-boost|p1b: Milotic|def|1
|-boost|p1b: Milotic|accuracy|1
|
|-heal|p1b: Milotic|58/100|[from] item: Leftovers
|upkeep
|
|t:|1783343104
|switch|p1a: Sinistcha|Sinistcha, L50|100/100
|-heal|p1b: Milotic|83/100|[from] ability: Hospitality|[of] p1a: Sinistcha
|turn|3
|
|t:|1783343113
|move|p1a: Sinistcha|Protect|p1a: Sinistcha
|-singleturn|p1a: Sinistcha|Protect
|move|p2b: Aerodactyl|Rock Slide|p1b: Milotic|[spread] p1b
|-activate|p1a: Sinistcha|move: Protect
|-damage|p1b: Milotic|71/100
|move|p2a: Garchomp|Earthquake|p1b: Milotic|[spread] p1b
|-activate|p1a: Sinistcha|move: Protect
|-immune|p2b: Aerodactyl
|-damage|p1b: Milotic|51/100
|-damage|p2a: Garchomp|72/100|[from] item: Life Orb
|move|p1b: Milotic|Hypnosis|p2b: Aerodactyl
|-status|p2b: Aerodactyl|slp|[from] move: Hypnosis
|
|-heal|p1b: Milotic|57/100|[from] item: Leftovers
|upkeep
|turn|4
|
|t:|1783343139
|switch|p2b: Sylveon|Sylveon, L50, M|100/100
|move|p2a: Garchomp|Protect|p2a: Garchomp
|-singleturn|p2a: Garchomp|Protect
|move|p1b: Milotic|Muddy Water|p2a: Garchomp|[spread] p2b
|-activate|p2a: Garchomp|move: Protect
|-damage|p2b: Sylveon|82/100
|move|p1a: Sinistcha|Trick Room|p1a: Sinistcha
|-fieldstart|move: Trick Room|[of] p1a: Sinistcha
|
|-heal|p1b: Milotic|63/100|[from] item: Leftovers
|upkeep
|turn|5
|
|t:|1783343159
|switch|p2a: Kingambit|Kingambit, L50, M|100/100
|move|p1a: Sinistcha|Shadow Ball|p2a: Kingambit
|-resisted|p2a: Kingambit|1
|-damage|p2a: Kingambit|79/100
|move|p1b: Milotic|Hypnosis|p2b: Sylveon
|-status|p2b: Sylveon|slp|[from] move: Hypnosis
|cant|p2b: Sylveon|slp
|
|-heal|p1b: Milotic|69/100|[from] item: Leftovers
|-sideend|p2: bancomat 2|move: Tailwind
|upkeep
|turn|6
|
|t:|1783343178
|switch|p1a: Tyranitar|Tyranitar, L50, F|100/100
|-weather|Sandstorm|[from] ability: Sand Stream|[of] p1a: Tyranitar
|cant|p2b: Sylveon|slp
|move|p2a: Kingambit|Kowtow Cleave|p1a: Tyranitar
|-resisted|p1a: Tyranitar|1
|-damage|p1a: Tyranitar|79/100
|move|p1b: Milotic|Muddy Water|p2a: Kingambit|[spread] p2a,p2b
|-damage|p2a: Kingambit|53/100
|-damage|p2b: Sylveon|63/100 slp
|-unboost|p2a: Kingambit|accuracy|1
|-ability|p2a: Kingambit|Defiant|boost
|-boost|p2a: Kingambit|atk|2
|
|-weather|Sandstorm|[upkeep]
|-damage|p2b: Sylveon|57/100 slp|[from] Sandstorm
|-damage|p1b: Milotic|63/100|[from] Sandstorm
|-heal|p1b: Milotic|69/100|[from] item: Leftovers
|upkeep
|turn|7
|
|t:|1783343208
|move|p1a: Tyranitar|Low Kick|p2a: Kingambit
|-supereffective|p2a: Kingambit|2
|-damage|p2a: Kingambit|0 fnt
|faint|p2a: Kingambit
|-curestatus|p2b: Sylveon|slp|[msg]
|move|p2b: Sylveon|Hyper Voice|p1a: Tyranitar|[spread] p1a,p1b
|-supereffective|p1a: Tyranitar|1
|-damage|p1a: Tyranitar|27/100
|-damage|p1b: Milotic|36/100
|move|p1b: Milotic|Muddy Water|p2b: Sylveon
|-crit|p2b: Sylveon
|-damage|p2b: Sylveon|20/100r
|
|-weather|Sandstorm|[upkeep]
|-damage|p2b: Sylveon|14/100|[from] Sandstorm
|-damage|p1b: Milotic|30/100|[from] Sandstorm
|-heal|p1b: Milotic|36/100|[from] item: Leftovers
|upkeep
|
|t:|1783343222
|switch|p2a: Garchomp|Garchomp, L50, M|72/100
|turn|8
|
|t:|1783343262
|move|p2b: Sylveon|Detect|p2b: Sylveon
|-singleturn|p2b: Sylveon|Protect
|move|p2a: Garchomp|Protect|p2a: Garchomp
|-singleturn|p2a: Garchomp|Protect
|move|p1a: Tyranitar|Knock Off|p2b: Sylveon
|-activate|p2b: Sylveon|move: Protect
|move|p1b: Milotic|Hypnosis|p2a: Garchomp
|-activate|p2a: Garchomp|move: Protect
|
|-weather|Sandstorm|[upkeep]
|-damage|p2b: Sylveon|8/100|[from] Sandstorm
|-damage|p1b: Milotic|30/100|[from] Sandstorm
|-heal|p1b: Milotic|36/100|[from] item: Leftovers
|-fieldend|move: Trick Room
|upkeep
|turn|9
|
|t:|1783343269
|switch|p2b: Aerodactyl|Aerodactyl-Mega, L50, M|100/100 slp
|switch|p1a: Sinistcha|Sinistcha, L50|100/100
|-heal|p1b: Milotic|61/100|[from] ability: Hospitality|[of] p1a: Sinistcha
|move|p2a: Garchomp|Earthquake|p1a: Sinistcha|[spread] p1a,p1b
|-immune|p2b: Aerodactyl
|-resisted|p1a: Sinistcha|1
|-damage|p1a: Sinistcha|82/100
|-damage|p1b: Milotic|40/100
|-damage|p2a: Garchomp|63/100|[from] item: Life Orb
|move|p1b: Milotic|Muddy Water|p2a: Garchomp|[spread] p2a,p2b
|-supereffective|p2b: Aerodactyl|1
|-damage|p2a: Garchomp|39/100
|-damage|p2b: Aerodactyl|70/100 slp
|-unboost|p2a: Garchomp|accuracy|1
|
|-weather|Sandstorm|[upkeep]
|-damage|p1b: Milotic|34/100|[from] Sandstorm
|-damage|p1a: Sinistcha|76/100|[from] Sandstorm
|-heal|p1b: Milotic|40/100|[from] item: Leftovers
|upkeep
|turn|10
|
|t:|1783343296
|cant|p2b: Aerodactyl|slp
|move|p2a: Garchomp|Earthquake|p1a: Sinistcha|[spread] p1a,p1b
|-immune|p2b: Aerodactyl
|-resisted|p1a: Sinistcha|1
|-damage|p1a: Sinistcha|56/100
|-damage|p1b: Milotic|18/100
|-damage|p2a: Garchomp|30/100|[from] item: Life Orb
|move|p1b: Milotic|Muddy Water|p2b: Aerodactyl|[spread] p2a,p2b
|-supereffective|p2b: Aerodactyl|1
|-damage|p2a: Garchomp|7/100
|-damage|p2b: Aerodactyl|39/100 slp
|-unboost|p2a: Garchomp|accuracy|1
|move|p1a: Sinistcha|Shadow Ball|p2a: Garchomp
|-damage|p2a: Garchomp|0 fnt
|faint|p2a: Garchomp
|
|-weather|none
|-heal|p1b: Milotic|24/100|[from] item: Leftovers
|upkeep
|
|t:|1783343311
|switch|p2a: Sylveon|Sylveon, L50, M|8/100
|turn|11
|
|t:|1783343326
|cant|p2b: Aerodactyl|slp
|move|p1b: Milotic|Muddy Water|p2a: Sylveon|[spread] p2a,p2b
|-supereffective|p2b: Aerodactyl|1
|-damage|p2a: Sylveon|0 fnt
|-damage|p2b: Aerodactyl|0 fnt
|faint|p2a: Sylveon
|faint|p2b: Aerodactyl
|
|win|tacchino98
|raw|tacchino98's rating: 1030 → 1072(+42 for winning)
|raw|bancomat 2's rating: 1099 → 1069(-30 for losing)
