|j|☆h4ckrmans
|j|☆RosieAndJim
|html|h4ckrmansRosieAndJim    
|uhtml|bestof|Game 1 of a best-of-3
|t:|1756691591
|gametype|doubles
|player|p1|h4ckrmans|101|1101
|player|p2|RosieAndJim|1|1144
|gen|9
|tier|[Gen 9] VGC 2025 Reg H (Bo3)
|rated|
|rule|Species Clause: Limit one of each Pokémon
|rule|Item Clause: Limit 1 of each item
|clearpoke
|poke|p1|Porygon2, L50|
|poke|p1|Ursaluna, L50, M|
|poke|p1|Incineroar, L50, M|
|poke|p1|Yanmega, L50, F|
|poke|p1|Sneasler, L50, M|
|poke|p1|Archaludon, L50, M|
|poke|p2|Archaludon, L50, M|
|poke|p2|Garchomp, L50, F|
|poke|p2|Incineroar, L50, F|
|poke|p2|Pelipper, L50, F|
|poke|p2|Talonflame, L50, M|
|poke|p2|Hydreigon, L50, M|
|teampreview|4
|showteam|p1|Porygon2||Eviolite|Download|TrickRoom,IceBeam,Recover,TeraBlast||||||50|,,,,,Flying]Ursaluna||FlameOrb|Guts|Protect,Facade,HeadlongRush,Earthquake|||M|||50|,,,,,Ghost]Incineroar||SafetyGoggles|Intimidate|FakeOut,PartingShot,KnockOff,FlareBlitz|||M|||50|,,,,,Ghost]Yanmega||FocusSash|SpeedBoost|AirSlash,BugBuzz,Tailwind,Detect|||F|||50|,,,,,Ghost]Sneasler||WhiteHerb|Unburden|Protect,CloseCombat,DireClaw,ThroatChop|||M|||50|,,,,,Stellar]Archaludon||PowerHerb|Stalwart|DragonPulse,ElectroShot,Protect,Thunderbolt|||M|||50|,,,,,Electric
|showteam|p2|Archaludon||AssaultVest|Stamina|ElectroShot,DragonPulse,BodyPress,Snarl|||M|||50|,,,,,Grass]Garchomp||LifeOrb|RoughSkin|Earthquake,DragonClaw,StompingTantrum,Protect|||F|||50|,,,,,Ground]Incineroar||SafetyGoggles|Intimidate|FlareBlitz,KnockOff,PartingShot,FakeOut|||F|||50|,,,,,Ghost]Pelipper||FocusSash|Drizzle|WeatherBall,Hurricane,Tailwind,Protect|||F|||50|,,,,,Stellar]Talonflame||CovertCloak|GaleWings|BraveBird,Tailwind,Taunt,RainDance|||M|||50|,,,,,Flying]Hydreigon||ChoiceScarf|Levitate|DracoMeteor,DarkPulse,HeatWave,Snarl|||M|||50|,,,,,Fire
|inactive|Battle timer is ON: inactive players will automatically lose when time's up. (requested by RosieAndJim)
|
|t:|1756691643
|teamsize|p1|4
|teamsize|p2|4
|start
|switch|p1a: Porygon2|Porygon2, L50|100/100
|switch|p1b: Incineroar|Incineroar, L50, M|100/100
|switch|p2a: Talonflame|Talonflame, L50, M|100/100
|switch|p2b: Incineroar|Incineroar, L50, F|100/100
|-ability|p1b: Incineroar|Intimidate|boost
|-unboost|p2a: Talonflame|atk|1
|-unboost|p2b: Incineroar|atk|1
|-ability|p1a: Porygon2|Download|boost
|-boost|p1a: Porygon2|atk|1
|-ability|p2b: Incineroar|Intimidate|boost
|-unboost|p1a: Porygon2|atk|1
|-unboost|p1b: Incineroar|atk|1
|turn|1
|inactive|h4ckrmans has 30 seconds left.
|inactive|h4ckrmans has 20 seconds left.
|inactive|h4ckrmans has 15 seconds left.
|
|t:|1756691687
|move|p2a: Talonflame|Taunt|p1a: Porygon2
|-start|p1a: Porygon2|move: Taunt
|move|p1b: Incineroar|Knock Off|p2a: Talonflame
|-damage|p2a: Talonflame|66/100
|-enditem|p2a: Talonflame|Covert Cloak|[from] move: Knock Off|[of] p1b: Incineroar
|move|p2b: Incineroar|Knock Off|p1a: Porygon2
|-damage|p1a: Porygon2|84/100
|-enditem|p1a: Porygon2|Eviolite|[from] move: Knock Off|[of] p2b: Incineroar
|cant|p1a: Porygon2|move: Taunt|Trick Room
|
|upkeep
|turn|2
|inactive|h4ckrmans has 30 seconds left.
|inactive|h4ckrmans has 20 seconds left.
|inactive|h4ckrmans has 15 seconds left.
|
|t:|1756691728
|move|p2a: Talonflame|Taunt|p1b: Incineroar
|-start|p1b: Incineroar|move: Taunt
|cant|p1b: Incineroar|move: Taunt|Parting Shot
|move|p1a: Porygon2|Tera Blast|p2a: Talonflame
|-damage|p2a: Talonflame|25/100
|move|p2b: Incineroar|Parting Shot|p1a: Porygon2
|-unboost|p1a: Porygon2|atk|1
|-unboost|p1a: Porygon2|spa|1
|
|t:|1756691746
|switch|p2b: Garchomp|Garchomp, L50, F|100/100|[from] Parting Shot
|
|upkeep
|turn|3
|inactive|h4ckrmans has 30 seconds left.
|inactive|h4ckrmans has 20 seconds left.
|
|t:|1756691783
|switch|p2a: Hydreigon|Hydreigon, L50, M|100/100
|-terastallize|p1a: Porygon2|Flying
|move|p2b: Garchomp|Dragon Claw|p1a: Porygon2
|-damage|p1a: Porygon2|35/100
|-damage|p2b: Garchomp|91/100|[from] item: Life Orb
|move|p1b: Incineroar|Knock Off|p2a: Hydreigon
|-resisted|p2a: Hydreigon
|-damage|p2a: Hydreigon|86/100
|-enditem|p2a: Hydreigon|Choice Scarf|[from] move: Knock Off|[of] p1b: Incineroar
|move|p1a: Porygon2|Ice Beam|p2b: Garchomp
|-supereffective|p2b: Garchomp
|-damage|p2b: Garchomp|23/100
|
|-end|p1a: Porygon2|move: Taunt
|upkeep
|turn|4
|inactive|h4ckrmans has 30 seconds left.
|inactive|RosieAndJim has 30 seconds left.
|inactive|h4ckrmans has 20 seconds left.
|inactive|RosieAndJim has 20 seconds left.
|inactive|h4ckrmans has 15 seconds left.
|inactive|RosieAndJim has 15 seconds left.
|inactive|h4ckrmans has 10 seconds left.
|
|t:|1756691831
|move|p2b: Garchomp|Stomping Tantrum|p1b: Incineroar
|-supereffective|p1b: Incineroar
|-damage|p1b: Incineroar|0 fnt
|faint|p1b: Incineroar
|-damage|p2b: Garchomp|14/100|[from] item: Life Orb
|move|p2a: Hydreigon|Draco Meteor|p1a: Porygon2
|-damage|p1a: Porygon2|0 fnt
|-unboost|p2a: Hydreigon|spa|2
|faint|p1a: Porygon2
|
|upkeep
|
|t:|1756691835
|switch|p1b: Archaludon|Archaludon, L50, M|100/100
|switch|p1a: Ursaluna|Ursaluna, L50, M|100/100
|turn|5
|
|t:|1756691855
|switch|p2a: Incineroar|Incineroar, L50, F|100/100
|-ability|p2a: Incineroar|Intimidate|boost
|-unboost|p1a: Ursaluna|atk|1
|-unboost|p1b: Archaludon|atk|1
|move|p2b: Garchomp|Protect|p2b: Garchomp
|-singleturn|p2b: Garchomp|Protect
|move|p1b: Archaludon|Protect|p1b: Archaludon
|-singleturn|p1b: Archaludon|Protect
|move|p1a: Ursaluna|Facade|p2b: Garchomp
|-activate|p2b: Garchomp|move: Protect
|
|-status|p1a: Ursaluna|brn|[from] item: Flame Orb
|upkeep
|turn|6
|inactive|h4ckrmans has 30 seconds left.
|inactive|h4ckrmans has 20 seconds left.
|inactive|h4ckrmans has 15 seconds left.
|inactive|h4ckrmans has 10 seconds left.
|
|t:|1756691910
|-terastallize|p2b: Garchomp|Ground
|move|p2a: Incineroar|Fake Out|p1a: Ursaluna
|-damage|p1a: Ursaluna|93/100 brn
|move|p2b: Garchomp|Stomping Tantrum|p1b: Archaludon
|-supereffective|p1b: Archaludon
|-damage|p1b: Archaludon|11/100
|-damage|p2b: Garchomp|4/100|[from] item: Life Orb
|move|p1b: Archaludon|Thunderbolt|p2b: Garchomp
|-immune|p2b: Garchomp
|cant|p1a: Ursaluna|flinch
|
|-damage|p1a: Ursaluna|87/100 brn|[from] brn
|upkeep
|turn|7
|
|t:|1756691932
|move|p1b: Archaludon|Protect|p1b: Archaludon
|-singleturn|p1b: Archaludon|Protect
|move|p2b: Garchomp|Stomping Tantrum|p1b: Archaludon
|-activate|p1b: Archaludon|move: Protect
|move|p2a: Incineroar|Parting Shot|p1a: Ursaluna
|-unboost|p1a: Ursaluna|atk|1
|-unboost|p1a: Ursaluna|spa|1
|
|t:|1756691940
|switch|p2a: Hydreigon|Hydreigon, L50, M|86/100|[from] Parting Shot
|move|p1a: Ursaluna|Earthquake|p2b: Garchomp|[spread] p2b
|-activate|p1b: Archaludon|move: Protect
|-immune|p2a: Hydreigon|[from] ability: Levitate
|-damage|p2b: Garchomp|0 fnt
|faint|p2b: Garchomp
|
|-damage|p1a: Ursaluna|81/100 brn|[from] brn
|upkeep
|
|t:|1756691952
|switch|p2b: Incineroar|Incineroar, L50, F|100/100
|-ability|p2b: Incineroar|Intimidate|boost
|-unboost|p1a: Ursaluna|atk|1
|-unboost|p1b: Archaludon|atk|1
|turn|8
|
|t:|1756691971
|move|p2a: Hydreigon|Dark Pulse|p1a: Ursaluna
|-damage|p1a: Ursaluna|45/100 brn
|move|p1b: Archaludon|Electro Shot||[still]
|-prepare|p1b: Archaludon|Electro Shot
|-boost|p1b: Archaludon|spa|1
|-enditem|p1b: Archaludon|Power Herb
|-anim|p1b: Archaludon|Electro Shot|p2a: Hydreigon
|-resisted|p2a: Hydreigon
|-damage|p2a: Hydreigon|45/100
|move|p2b: Incineroar|Knock Off|p1a: Ursaluna
|-damage|p1a: Ursaluna|18/100 brn
|-enditem|p1a: Ursaluna|Flame Orb|[from] move: Knock Off|[of] p2b: Incineroar
|move|p1a: Ursaluna|Headlong Rush|p2b: Incineroar
|-supereffective|p2b: Incineroar
|-damage|p2b: Incineroar|25/100
|-unboost|p1a: Ursaluna|def|1
|-unboost|p1a: Ursaluna|spd|1
|
|-damage|p1a: Ursaluna|12/100 brn|[from] brn
|upkeep
|turn|9
|-message|h4ckrmans forfeited.
|
|win|RosieAndJim
