|j|☆Heliosan
|j|☆boncuss
|html|Heliosanboncuss    
|uhtml|bestof|Game 3 of a best-of-3
|t:|1757826525
|gametype|doubles
|player|p1|Heliosan|266|1117
|player|p2|boncuss|wattson|1188
|gen|9
|tier|[Gen 9] VGC 2025 Reg H (Bo3)
|rated|
|rule|Species Clause: Limit one of each Pokémon
|rule|Item Clause: Limit 1 of each item
|clearpoke
|poke|p1|Incineroar, L50, F|
|poke|p1|Gholdengo, L50|
|poke|p1|Amoonguss, L50, M|
|poke|p1|Porygon2, L50|
|poke|p1|Ursaluna, L50, F|
|poke|p1|Ribombee, L50, M|
|poke|p2|Garganacl, L50, F|
|poke|p2|Tyranitar, L50, M|
|poke|p2|Glimmora, L50, F|
|poke|p2|Talonflame, L50, M|
|poke|p2|Excadrill, L50, M|
|poke|p2|Gastrodon, L50, M|
|teampreview|4
|showteam|p1|Incineroar||AssaultVest|Intimidate|KnockOff,FakeOut,FlareBlitz,Uturn|||F|||50|,,,,,Ghost]Gholdengo||LifeOrb|GoodasGold|Protect,NastyPlot,MakeItRain,ShadowBall||||||50|,,,,,Water]Amoonguss||SitrusBerry|Regenerator|Spore,RagePowder,PollenPuff,Protect|||M|||50|,,,,,Fairy]Porygon2||Eviolite|Download|Recover,IceBeam,TeraBlast,TrickRoom||||||50|,,,,,Fighting]Ursaluna||FlameOrb|Guts|Earthquake,Facade,HeadlongRush,Protect|||F|||50|,,,,,Ghost]Ribombee||FocusSash|ShieldDust|StruggleBug,Moonblast,Tailwind,Protect|||M|||50|,,,,,Flying
|showteam|p2|Garganacl||Leftovers|PurifyingSalt|SaltCure,Avalanche,WideGuard,Protect|||F|||50|,,,,,Grass]Tyranitar||AssaultVest|SandStream|RockSlide,KnockOff,LashOut,IcePunch|||M|||50|,,,,,Flying]Glimmora||PowerHerb|ToxicDebris|MeteorBeam,SpikyShield,SludgeBomb,EarthPower|||F|||50|,,,,,Grass]Talonflame||CovertCloak|GaleWings|DualWingbeat,FlareBlitz,Tailwind,WillOWisp|||M|||50|,,,,,Flying]Excadrill||SitrusBerry|SandRush|IronHead,Earthquake,SwordsDance,Protect|||M|||50|,,,,,Ghost]Gastrodon||LifeOrb|StormDrain|EarthPower,MuddyWater,IceBeam,Protect|||M|||50|,,,,,Fire
|inactive|Battle timer is ON: inactive players will automatically lose when time's up. (requested by boncuss)
|inactive|Heliosan has 60 seconds left.
|
|t:|1757826561
|teamsize|p1|4
|teamsize|p2|4
|start
|switch|p1a: Incineroar|Incineroar, L50, F|100/100
|switch|p1b: Porygon2|Porygon2, L50|100/100
|switch|p2a: Talonflame|Talonflame, L50, M|100/100
|switch|p2b: Glimmora|Glimmora, L50, F|100/100
|-ability|p1a: Incineroar|Intimidate|boost
|-unboost|p2a: Talonflame|atk|1
|-unboost|p2b: Glimmora|atk|1
|-ability|p1b: Porygon2|Download|boost
|-boost|p1b: Porygon2|spa|1
|turn|1
|
|t:|1757826578
|move|p1a: Incineroar|Fake Out|p2b: Glimmora
|-resisted|p2b: Glimmora
|-damage|p2b: Glimmora|94/100
|-activate|p2b: Glimmora|ability: Toxic Debris
|-sidestart|p1: Heliosan|move: Toxic Spikes
|move|p2a: Talonflame|Dual Wingbeat|p2b: Glimmora
|-resisted|p2b: Glimmora
|-damage|p2b: Glimmora|87/100
|-activate|p2b: Glimmora|ability: Toxic Debris
|-sidestart|p1: Heliosan|move: Toxic Spikes
|-resisted|p2b: Glimmora
|-damage|p2b: Glimmora|81/100
|-hitcount|p2b: Glimmora|2
|cant|p2b: Glimmora|flinch
|move|p1b: Porygon2|Trick Room|p1b: Porygon2
|-fieldstart|move: Trick Room|[of] p1b: Porygon2
|
|upkeep
|turn|2
|inactive|Heliosan has 30 seconds left.
|inactive|boncuss has 30 seconds left.
|inactive|Heliosan has 20 seconds left.
|
|t:|1757826619
|switch|p2a: Garganacl|Garganacl, L50, F|100/100
|move|p2b: Glimmora|Spiky Shield|p2b: Glimmora
|-singleturn|p2b: Glimmora|move: Protect
|move|p1b: Porygon2|Ice Beam|p2b: Glimmora
|-activate|p2b: Glimmora|move: Protect
|move|p1a: Incineroar|Knock Off|p2b: Glimmora
|-activate|p2b: Glimmora|move: Protect
|-damage|p1a: Incineroar|88/100|[from] Spiky Shield|[of] p2b: Glimmora
|
|upkeep
|turn|3
|inactive|Heliosan has 30 seconds left.
|inactive|boncuss has 30 seconds left.
|
|t:|1757826649
|switch|p1b: Amoonguss|Amoonguss, L50, M|100/100
|-sideend|p1: Heliosan|move: Toxic Spikes|[of] p1b: Amoonguss
|switch|p2b: Talonflame|Talonflame, L50, M|100/100
|move|p2a: Garganacl|Salt Cure|p1a: Incineroar
|-supereffective|p1a: Incineroar
|-damage|p1a: Incineroar|66/100
|-start|p1a: Incineroar|Salt Cure
|move|p1a: Incineroar|U-turn|p2a: Garganacl
|-damage|p2a: Garganacl|88/100
|
|t:|1757826660
|switch|p1a: Ursaluna|Ursaluna, L50, F|100/100|[from] U-turn
|
|-heal|p2a: Garganacl|94/100|[from] item: Leftovers
|-status|p1a: Ursaluna|brn|[from] item: Flame Orb
|upkeep
|turn|4
|inactive|Heliosan has 30 seconds left.
|inactive|boncuss has 30 seconds left.
|inactive|Heliosan has 20 seconds left.
|inactive|Heliosan has 15 seconds left.
|inactive|Heliosan has 10 seconds left.
|inactive|Heliosan has 5 seconds left.
|
|t:|1757826713
|-terastallize|p2a: Garganacl|Grass
|move|p1b: Amoonguss|Rage Powder|p1b: Amoonguss
|-singleturn|p1b: Amoonguss|move: Rage Powder
|move|p2b: Talonflame|Dual Wingbeat|p1b: Amoonguss|[miss]
|-miss|p2b: Talonflame|p1b: Amoonguss
|move|p1a: Ursaluna|Facade|p2b: Talonflame
|-damage|p2b: Talonflame|0 fnt
|faint|p2b: Talonflame
|move|p2a: Garganacl|Avalanche|p1a: Ursaluna
|-supereffective|p1a: Ursaluna
|-crit|p1a: Ursaluna
|-damage|p1a: Ursaluna|66/100 brn
|
|-heal|p2a: Garganacl|99/100|[from] item: Leftovers
|-damage|p1a: Ursaluna|61/100 brn|[from] brn
|upkeep
|
|t:|1757826729
|switch|p2b: Gastrodon|Gastrodon, L50, M|100/100
|turn|5
|
|t:|1757826736
|move|p2b: Gastrodon|Protect|p2b: Gastrodon
|-singleturn|p2b: Gastrodon|Protect
|move|p1a: Ursaluna|Protect|p1a: Ursaluna
|-singleturn|p1a: Ursaluna|Protect
|move|p2a: Garganacl|Salt Cure|p1b: Amoonguss
|-damage|p1b: Amoonguss|89/100
|-start|p1b: Amoonguss|Salt Cure
|move|p1b: Amoonguss|Spore|p2b: Gastrodon
|-activate|p2b: Gastrodon|move: Protect
|
|-heal|p2a: Garganacl|100/100|[from] item: Leftovers
|-damage|p1a: Ursaluna|55/100 brn|[from] brn
|-damage|p1b: Amoonguss|77/100|[from] Salt Cure
|-fieldend|move: Trick Room
|upkeep
|turn|6
|inactive|boncuss has 30 seconds left.
|
|t:|1757826765
|move|p1a: Ursaluna|Facade|p2b: Gastrodon
|-damage|p2b: Gastrodon|0 fnt
|faint|p2b: Gastrodon
|move|p1b: Amoonguss|Pollen Puff|p1a: Ursaluna
|-heal|p1a: Ursaluna|100/100 brn
|move|p2a: Garganacl|Avalanche|p1a: Ursaluna
|-supereffective|p1a: Ursaluna
|-damage|p1a: Ursaluna|78/100 brn
|
|-damage|p1a: Ursaluna|72/100 brn|[from] brn
|-damage|p1b: Amoonguss|64/100|[from] Salt Cure
|upkeep
|
|t:|1757826784
|switch|p2b: Glimmora|Glimmora, L50, F|81/100
|turn|7
|
|t:|1757826808
|move|p2b: Glimmora|Spiky Shield|p2b: Glimmora
|-singleturn|p2b: Glimmora|move: Protect
|move|p1b: Amoonguss|Rage Powder|p1b: Amoonguss
|-singleturn|p1b: Amoonguss|move: Rage Powder
|move|p1a: Ursaluna|Facade|p2a: Garganacl
|-damage|p2a: Garganacl|16/100
|move|p2a: Garganacl|Avalanche|p1a: Ursaluna
|-supereffective|p1a: Ursaluna
|-damage|p1a: Ursaluna|28/100 brn
|
|-heal|p2a: Garganacl|22/100|[from] item: Leftovers
|-damage|p1a: Ursaluna|22/100 brn|[from] brn
|-damage|p1b: Amoonguss|52/100|[from] Salt Cure
|upkeep
|turn|8
|
|t:|1757826830
|move|p2a: Garganacl|Wide Guard|p2a: Garganacl
|-singleturn|p2a: Garganacl|Wide Guard
|move|p1b: Amoonguss|Rage Powder|p1b: Amoonguss
|-singleturn|p1b: Amoonguss|move: Rage Powder
|move|p2b: Glimmora|Meteor Beam||[still]
|-prepare|p2b: Glimmora|Meteor Beam
|-boost|p2b: Glimmora|spa|1
|-enditem|p2b: Glimmora|Power Herb
|-anim|p2b: Glimmora|Meteor Beam|p1b: Amoonguss
|-damage|p1b: Amoonguss|0 fnt
|faint|p1b: Amoonguss
|move|p1a: Ursaluna|Earthquake|p2a: Garganacl|[spread] 
|-activate|p2a: Garganacl|move: Wide Guard
|-activate|p2b: Glimmora|move: Wide Guard
|
|-heal|p2a: Garganacl|28/100|[from] item: Leftovers
|-damage|p1a: Ursaluna|17/100 brn|[from] brn
|upkeep
|
|t:|1757826835
|switch|p1b: Porygon2|Porygon2, L50|100/100
|-ability|p1b: Porygon2|Download|boost
|-boost|p1b: Porygon2|spa|1
|turn|9
|inactive|boncuss has 30 seconds left.
|
|t:|1757826861
|move|p1a: Ursaluna|Protect|p1a: Ursaluna
|-singleturn|p1a: Ursaluna|Protect
|move|p2b: Glimmora|Sludge Bomb|p1b: Porygon2
|-damage|p1b: Porygon2|55/100
|move|p2a: Garganacl|Salt Cure|p1b: Porygon2
|-damage|p1b: Porygon2|47/100
|-start|p1b: Porygon2|Salt Cure
|move|p1b: Porygon2|Trick Room|p1b: Porygon2
|-fieldstart|move: Trick Room|[of] p1b: Porygon2
|
|-heal|p2a: Garganacl|33/100|[from] item: Leftovers
|-damage|p1a: Ursaluna|11/100 brn|[from] brn
|-damage|p1b: Porygon2|34/100|[from] Salt Cure
|upkeep
|turn|10
|inactive|Heliosan has 30 seconds left.
|inactive|Heliosan has 20 seconds left.
|
|t:|1757826899
|move|p2a: Garganacl|Wide Guard|p2a: Garganacl
|-singleturn|p2a: Garganacl|Wide Guard
|move|p1b: Porygon2|Ice Beam|p2a: Garganacl
|-supereffective|p2a: Garganacl
|-damage|p2a: Garganacl|0 fnt
|faint|p2a: Garganacl
|move|p1a: Ursaluna|Headlong Rush|p2b: Glimmora
|-supereffective|p2b: Glimmora
|-damage|p2b: Glimmora|0 fnt
|-unboost|p1a: Ursaluna|def|1
|-unboost|p1a: Ursaluna|spd|1
|-activate|p2b: Glimmora|ability: Toxic Debris
|-sidestart|p1: Heliosan|move: Toxic Spikes
|faint|p2b: Glimmora
|
|win|Heliosan
|raw|Heliosan's rating: 1117 → 1147(+30 for winning)
|raw|boncuss's rating: 1188 → 1158(-30 for losing)
|l|☆boncuss
|player|p2|
