|j|☆shronkk
|j|☆starunbroken
|html|shronkkstarunbroken    
|uhtml|bestof|Game 2 of a best-of-3
|t:|1785108641
|gametype|doubles
|player|p1|shronkk|ghetsis|
|player|p2|starunbroken|steven|
|gen|9
|tier|[Gen 9 Champions] VGC 2026 Reg M-B (Bo3)
|rule|Species Clause: Limit one of each Pokémon
|rule|Item Clause: Limit 1 of each item
|clearpoke
|poke|p1|Tyranitar, L50, F|
|poke|p1|Excadrill, L50, M|
|poke|p1|Aerodactyl, L50, M|
|poke|p1|Gholdengo, L50|
|poke|p1|Rotom-Heat, L50|
|poke|p1|Raichu, L50, M|
|poke|p2|Tinkaton, L50, F|
|poke|p2|Gengar, L50, F|
|poke|p2|Arcanine, L50, F|
|poke|p2|Gallade, L50, M, shiny|
|poke|p2|Kingambit, L50, F|
|poke|p2|Farigiraf, L50, F|
|teampreview|4
|showteam|p1|Tyranitar||Tyranitarite|SandStream|KnockOff,LowKick,Protect,RockSlide|Adamant||F|||50|]Excadrill||ExpertBelt|SandRush|Earthquake,RockSlide,IronHead,Protect|Adamant||M|||50|]Aerodactyl||FocusSash|Unnerve|RockSlide,Tailwind,Protect,WideGuard|Jolly||M|||50|]Gholdengo||LifeOrb|GoodasGold|NastyPlot,MakeItRain,Protect,ShadowBall|Modest|||||50|]Rotom-Heat||PasshoBerry|Levitate|Discharge,WillOWisp,VoltSwitch,Overheat|Calm|||||50|]Raichu||RaichuniteY|LightningRod|ZapCannon,FakeOut,FocusBlast,GrassKnot|Modest||M|||50|
|showteam|p2|Tinkaton||ShucaBerry|MoldBreaker|GigatonHammer,FakeOut,PlayRough,Protect|Jolly||F|||50|]Gengar||FocusSash|CursedBody|IcyWind,SludgeBomb,Protect,WillOWisp|Timid||F|||50|]Arcanine||Leftovers|Intimidate|Howl,Protect,WillOWisp,FlareBlitz|Impish||F|||50|]Gallade||Galladite|Justified|CloseCombat,Protect,KnockOff,RockSlide|Jolly||M|||50|]Kingambit||BlackGlasses|Defiant|KowtowCleave,SuckerPunch,LowKick,SwordsDance|Brave||F|||50|]Farigiraf||SitrusBerry|ArmorTail|HyperVoice,Psychic,TrickRoom,AllySwitch|Bold||F|||50|
|
|t:|1785108664
|teamsize|p1|4
|teamsize|p2|4
|start
|switch|p1a: Tyranitar|Tyranitar, L50, F|100/100
|switch|p1b: Excadrill|Excadrill, L50, M|100/100
|switch|p2a: Tinkaton|Tinkaton, L50, F|100/100
|switch|p2b: Kingambit|Kingambit, L50, F|100/100
|-ability|p2a: Tinkaton|Mold Breaker
|-weather|Sandstorm|[from] ability: Sand Stream|[of] p1a: Tyranitar
|turn|1
|inactive|Battle timer is ON: inactive players will automatically lose when time's up. (requested by starunbroken)
|
|t:|1785108682
|move|p1a: Tyranitar|Protect|p1a: Tyranitar
|-singleturn|p1a: Tyranitar|Protect
|move|p2a: Tinkaton|Fake Out|p1b: Excadrill
|-resisted|p1b: Excadrill|1
|-damage|p1b: Excadrill|94/100
|cant|p1b: Excadrill|flinch
|move|p2b: Kingambit|Low Kick|p1a: Tyranitar
|-activate|p1a: Tyranitar|move: Protect
|
|-weather|Sandstorm|[upkeep]
|upkeep
|turn|2
|
|t:|1785108699
|switch|p1a: Aerodactyl|Aerodactyl, L50, M|100/100
|-ability|p1a: Aerodactyl|Unnerve
|move|p1b: Excadrill|Earthquake|p2a: Tinkaton|[spread] p2a,p2b
|-immune|p1a: Aerodactyl
|-supereffective|p2a: Tinkaton|1
|-supereffective|p2b: Kingambit|1
|-damage|p2a: Tinkaton|1/100
|-damage|p2b: Kingambit|22/100
|move|p2a: Tinkaton|Play Rough|p1b: Excadrill
|-resisted|p1b: Excadrill|1
|-damage|p1b: Excadrill|76/100
|move|p2b: Kingambit|Low Kick|p1b: Excadrill
|-supereffective|p1b: Excadrill|1
|-damage|p1b: Excadrill|11/100
|
|-weather|Sandstorm|[upkeep]
|upkeep
|turn|3
|
|t:|1785108723
|move|p2b: Kingambit|Sucker Punch|p1b: Excadrill
|-damage|p1b: Excadrill|0 fnt
|faint|p1b: Excadrill
|move|p1a: Aerodactyl|Rock Slide|p2a: Tinkaton|[spread] p2a,p2b
|-resisted|p2a: Tinkaton|1
|-resisted|p2b: Kingambit|1
|-damage|p2a: Tinkaton|0 fnt
|-damage|p2b: Kingambit|13/100
|faint|p2a: Tinkaton
|
|-weather|Sandstorm|[upkeep]
|upkeep
|
|t:|1785108740
|switch|p1b: Tyranitar|Tyranitar, L50, F|100/100
|switch|p2a: Gengar|Gengar, L50, F|100/100
|turn|4
|inactive|starunbroken has 30 seconds left.
|
|t:|1785108772
|detailschange|p1b: Tyranitar|Tyranitar-Mega, L50, F
|-mega|p1b: Tyranitar|Tyranitar|Tyranitarite
|move|p1a: Aerodactyl|Rock Slide|p2a: Gengar|[spread] p2a,p2b
|-resisted|p2b: Kingambit|1
|-damage|p2a: Gengar|53/100
|-damage|p2b: Kingambit|5/100
|move|p2a: Gengar|Icy Wind|p1a: Aerodactyl|[spread] p1a,p1b
|-supereffective|p1a: Aerodactyl|1
|-damage|p1a: Aerodactyl|72/100
|-damage|p1b: Tyranitar|92/100
|-unboost|p1a: Aerodactyl|spe|1
|-unboost|p1b: Tyranitar|spe|1
|move|p1b: Tyranitar|Rock Slide|p2a: Gengar|[spread] p2a,p2b
|-resisted|p2b: Kingambit|1
|-damage|p2a: Gengar|0 fnt
|-damage|p2b: Kingambit|0 fnt
|-start|p1b: Tyranitar|Disable|Rock Slide|[from] ability: Cursed Body|[of] p2a: Gengar
|faint|p2a: Gengar
|faint|p2b: Kingambit
|
|-weather|Sandstorm|[upkeep]
|upkeep
|
|t:|1785108776
|switch|p2a: Gallade|Gallade, L50, M, shiny|100/100
|turn|5
|
|t:|1785108794
|detailschange|p2a: Gallade|Gallade-Mega, L50, M, shiny
|-mega|p2a: Gallade|Gallade|Galladite
|move|p2a: Gallade|Close Combat|p1b: Tyranitar
|-supereffective|p1b: Tyranitar|2
|-damage|p1b: Tyranitar|0 fnt
|-unboost|p2a: Gallade|def|1
|-unboost|p2a: Gallade|spd|1
|faint|p1b: Tyranitar
|move|p1a: Aerodactyl|Rock Slide|p2a: Gallade
|-resisted|p2a: Gallade|1
|-damage|p2a: Gallade|64/100
|
|-weather|none
|upkeep
|
|t:|1785108804
|switch|p1b: Gholdengo|Gholdengo, L50|100/100
|turn|6
|
|t:|1785108811
|move|p2a: Gallade|Rock Slide|p1a: Aerodactyl|[spread] p1a,p1b
|-supereffective|p1a: Aerodactyl|1
|-resisted|p1b: Gholdengo|1
|-damage|p1a: Aerodactyl|0 fnt
|-damage|p1b: Gholdengo|88/100
|faint|p1a: Aerodactyl
|cant|p1b: Gholdengo|flinch
|
|upkeep
|turn|7
|
|t:|1785108819
|move|p2a: Gallade|Knock Off|p1b: Gholdengo
|-supereffective|p1b: Gholdengo|1
|-damage|p1b: Gholdengo|9/100
|-enditem|p1b: Gholdengo|Life Orb|[from] move: Knock Off|[of] p2a: Gallade
|move|p1b: Gholdengo|Shadow Ball|p2a: Gallade
|-supereffective|p2a: Gallade|1
|-crit|p2a: Gallade
|-damage|p2a: Gallade|0 fnt
|faint|p2a: Gallade
|
|win|shronkk
|c|☆starunbroken|brtuhh
|c|☆starunbroken|ggs
|c|☆shronkk|gg
