|j|☆teddy2gloves
|j|☆onxlaughtvgc
|html|teddy2glovesonxlaughtvgc    
|uhtml|bestof|Game 1 of a best-of-3
|t:|1757827404
|gametype|doubles
|player|p1|teddy2gloves|102|1018
|player|p2|onxlaughtvgc|veteran|1132
|gen|9
|tier|[Gen 9] VGC 2025 Reg H (Bo3)
|rated|
|rule|Species Clause: Limit one of each Pokémon
|rule|Item Clause: Limit 1 of each item
|clearpoke
|poke|p1|Ninetales-Alola, L50, M|
|poke|p1|Sneasler, L50, M|
|poke|p1|Incineroar, L50, M|
|poke|p1|Gholdengo, L50|
|poke|p1|Amoonguss, L50, F|
|poke|p1|Volcarona, L50, M|
|poke|p2|Kleavor, L50, F|
|poke|p2|Tyranitar, L50, M|
|poke|p2|Excadrill, L50, F|
|poke|p2|Garchomp, L50, F|
|poke|p2|Klefki, L50, F|
|poke|p2|Clodsire, L50, M|
|teampreview|4
|showteam|p1|Ninetales-Alola||FocusSash|SnowWarning|IcyWind,AuroraVeil,Encore,Blizzard|||M|||50|,,,,,Ghost]Sneasler||WhiteHerb|Unburden|CloseCombat,DireClaw,Protect,Coaching|||M|||50|,,,,,Dark]Incineroar||SafetyGoggles|Intimidate|WillOWisp,KnockOff,PartingShot,FakeOut|||M|||50|,,,,,Fairy]Gholdengo||Leftovers|GoodasGold|NastyPlot,MakeItRain,ShadowBall,Protect||||||50|,,,,,Water]Amoonguss||RockyHelmet|Regenerator|ClearSmog,Spore,RagePowder,PollenPuff|||F|||50|,,,,,Water]Volcarona||CovertCloak|FlameBody|QuiverDance,Protect,HeatWave,GigaDrain|||M|||50|,,,,,Grass
|showteam|p2|Kleavor||ChoiceBand|Sharpness|StoneAxe,AerialAce,NightSlash,CloseCombat|||F|||50|,,,,,Ghost]Tyranitar||AssaultVest|SandStream|RockSlide,KnockOff,LowKick,TeraBlast|||M|||50|,,,,,Flying]Excadrill||FocusSash|SandRush|Earthquake,RockSlide,IronHead,Protect|||F|||50|,,,,,Ground]Garchomp||BrightPowder|SandVeil|StompingTantrum,RockSlide,SwordsDance,Protect|||F|||50|,,,,,Fire]Klefki||LightClay|Prankster|Reflect,ThunderWave,DrainingKiss,LightScreen|||F|||50|,,,,,Water]Clodsire||Leftovers|WaterAbsorb|Curse,Protect,StompingTantrum,GunkShot|||M|||50|,,,,,Fire
|inactive|Battle timer is ON: inactive players will automatically lose when time's up. (requested by onxlaughtvgc)
|
|t:|1757827429
|teamsize|p1|4
|teamsize|p2|4
|start
|switch|p1a: Incineroar|Incineroar, L50, M|100/100
|switch|p1b: Sneasler|Sneasler, L50, M|100/100
|switch|p2a: Kleavor|Kleavor, L50, F|100/100
|switch|p2b: Clodsire|Clodsire, L50, M|100/100
|-ability|p1a: Incineroar|Intimidate|boost
|-unboost|p2a: Kleavor|atk|1
|-unboost|p2b: Clodsire|atk|1
|turn|1
|inactive|onxlaughtvgc has 30 seconds left.
|
|t:|1757827456
|-terastallize|p2a: Kleavor|Ghost
|move|p1a: Incineroar|Fake Out|p2b: Clodsire
|-damage|p2b: Clodsire|92/100
|move|p1b: Sneasler|Dire Claw|p2a: Kleavor
|-resisted|p2a: Kleavor
|-damage|p2a: Kleavor|72/100
|move|p2a: Kleavor|Stone Axe|p1a: Incineroar
|-supereffective|p1a: Incineroar
|-damage|p1a: Incineroar|8/100
|-sidestart|p1: teddy2gloves|move: Stealth Rock
|cant|p2b: Clodsire|flinch
|
|-heal|p2b: Clodsire|98/100|[from] item: Leftovers
|upkeep
|turn|2
|
|t:|1757827474
|switch|p1a: Amoonguss|Amoonguss, L50, F|100/100
|-damage|p1a: Amoonguss|88/100|[from] Stealth Rock
|move|p1b: Sneasler|Dire Claw|p2a: Kleavor
|-resisted|p2a: Kleavor
|-damage|p2a: Kleavor|46/100
|-status|p2a: Kleavor|par
|cant|p2a: Kleavor|par
|move|p2b: Clodsire|Stomping Tantrum|p1a: Amoonguss
|-damage|p1a: Amoonguss|65/100
|-damage|p2b: Clodsire|81/100|[from] item: Rocky Helmet|[of] p1a: Amoonguss
|
|-heal|p2b: Clodsire|88/100|[from] item: Leftovers
|upkeep
|turn|3
|
|t:|1757827497
|move|p1b: Sneasler|Close Combat|p2b: Clodsire
|-resisted|p2b: Clodsire
|-damage|p2b: Clodsire|61/100
|-unboost|p1b: Sneasler|def|1
|-unboost|p1b: Sneasler|spd|1
|-enditem|p1b: Sneasler|White Herb
|-clearnegativeboost|p1b: Sneasler|[silent]
|cant|p2a: Kleavor|par
|move|p1a: Amoonguss|Spore|p2b: Clodsire
|-status|p2b: Clodsire|slp|[from] move: Spore
|cant|p2b: Clodsire|slp
|
|-heal|p2b: Clodsire|67/100 slp|[from] item: Leftovers
|upkeep
|turn|4
|
|t:|1757827515
|move|p1b: Sneasler|Coaching|p1a: Amoonguss
|-boost|p1a: Amoonguss|atk|1
|-boost|p1a: Amoonguss|def|1
|cant|p2a: Kleavor|par
|move|p1a: Amoonguss|Pollen Puff|p2a: Kleavor
|-resisted|p2a: Kleavor
|-damage|p2a: Kleavor|31/100 par
|cant|p2b: Clodsire|slp
|
|-heal|p2b: Clodsire|74/100 slp|[from] item: Leftovers
|upkeep
|turn|5
|
|t:|1757827532
|move|p1b: Sneasler|Dire Claw|p2a: Kleavor
|-resisted|p2a: Kleavor
|-damage|p2a: Kleavor|5/100 par
|move|p2a: Kleavor|Stone Axe|p1a: Amoonguss
|-damage|p1a: Amoonguss|38/100
|-damage|p2a: Kleavor|0 fnt|[from] item: Rocky Helmet|[of] p1a: Amoonguss
|faint|p2a: Kleavor
|move|p1a: Amoonguss|Pollen Puff|p2b: Clodsire
|-resisted|p2b: Clodsire
|-damage|p2b: Clodsire|67/100 slp
|cant|p2b: Clodsire|slp
|
|-heal|p2b: Clodsire|73/100 slp|[from] item: Leftovers
|upkeep
|
|t:|1757827550
|switch|p2a: Tyranitar|Tyranitar, L50, M|100/100
|-weather|Sandstorm|[from] ability: Sand Stream|[of] p2a: Tyranitar
|turn|6
|
|t:|1757827573
|move|p1b: Sneasler|Protect|p1b: Sneasler
|-singleturn|p1b: Sneasler|Protect
|move|p2a: Tyranitar|Knock Off|p1a: Amoonguss
|-crit|p1a: Amoonguss
|-damage|p1a: Amoonguss|0 fnt
|-damage|p2a: Tyranitar|84/100|[from] item: Rocky Helmet|[of] p1a: Amoonguss
|-enditem|p1a: Amoonguss|Rocky Helmet|[from] move: Knock Off|[of] p2a: Tyranitar
|faint|p1a: Amoonguss
|-curestatus|p2b: Clodsire|slp|[msg]
|move|p2b: Clodsire|Curse|p2b: Clodsire
|-unboost|p2b: Clodsire|spe|1
|-boost|p2b: Clodsire|atk|1
|-boost|p2b: Clodsire|def|1
|
|-weather|Sandstorm|[upkeep]
|-damage|p1b: Sneasler|95/100|[from] Sandstorm
|-heal|p2b: Clodsire|80/100|[from] item: Leftovers
|upkeep
|
|t:|1757827579
|switch|p1a: Incineroar|Incineroar, L50, M|8/100
|-damage|p1a: Incineroar|0 fnt|[from] Stealth Rock
|faint|p1a: Incineroar
|
|t:|1757827582
|switch|p1a: Ninetales|Ninetales-Alola, L50, M|100/100
|-damage|p1a: Ninetales|76/100|[from] Stealth Rock
|-weather|Snowscape|[from] ability: Snow Warning|[of] p1a: Ninetales
|turn|7
|inactive|onxlaughtvgc has 30 seconds left.
|
|t:|1757827615
|switch|p2a: Excadrill|Excadrill, L50, F|100/100
|move|p1b: Sneasler|Close Combat|p2a: Excadrill
|-supereffective|p2a: Excadrill
|-enditem|p2a: Excadrill|Focus Sash
|-damage|p2a: Excadrill|1/100
|-unboost|p1b: Sneasler|def|1
|-unboost|p1b: Sneasler|spd|1
|move|p1a: Ninetales|Aurora Veil|p1a: Ninetales
|-sidestart|p1: teddy2gloves|move: Aurora Veil
|move|p2b: Clodsire|Stomping Tantrum|p1b: Sneasler
|-supereffective|p1b: Sneasler
|-damage|p1b: Sneasler|22/100
|
|-weather|Snowscape|[upkeep]
|-heal|p2b: Clodsire|86/100|[from] item: Leftovers
|upkeep
|turn|8
|inactive|onxlaughtvgc has 30 seconds left.
|
|t:|1757827643
|move|p2a: Excadrill|Protect|p2a: Excadrill
|-singleturn|p2a: Excadrill|Protect
|move|p1b: Sneasler|Close Combat|p2a: Excadrill
|-activate|p2a: Excadrill|move: Protect
|move|p1a: Ninetales|Blizzard|p2a: Excadrill|[spread] p2b
|-activate|p2a: Excadrill|move: Protect
|-supereffective|p2b: Clodsire
|-damage|p2b: Clodsire|40/100
|move|p2b: Clodsire|Gunk Shot|p1a: Ninetales|[miss]
|-miss|p2b: Clodsire|p1a: Ninetales
|
|-weather|Snowscape|[upkeep]
|-heal|p2b: Clodsire|46/100|[from] item: Leftovers
|upkeep
|turn|9
|
|t:|1757827664
|move|p1b: Sneasler|Close Combat|p2a: Excadrill
|-supereffective|p2a: Excadrill
|-damage|p2a: Excadrill|0 fnt
|-unboost|p1b: Sneasler|def|1
|-unboost|p1b: Sneasler|spd|1
|faint|p2a: Excadrill
|move|p1a: Ninetales|Blizzard|p2b: Clodsire
|-supereffective|p2b: Clodsire
|-damage|p2b: Clodsire|0 fnt
|faint|p2b: Clodsire
|
|-weather|Snowscape|[upkeep]
|upkeep
|
|t:|1757827680
|switch|p2b: Tyranitar|Tyranitar, L50, M|84/100
|-weather|Sandstorm|[from] ability: Sand Stream|[of] p2b: Tyranitar
|turn|10
|
|t:|1757827694
|-terastallize|p1a: Ninetales|Ghost
|move|p1b: Sneasler|Close Combat|p2b: Tyranitar
|-supereffective|p2b: Tyranitar
|-crit|p2b: Tyranitar
|-damage|p2b: Tyranitar|0 fnt
|-unboost|p1b: Sneasler|def|1
|-unboost|p1b: Sneasler|spd|1
|faint|p2b: Tyranitar
|
|win|teddy2gloves
||teddy2gloves is ready for game 2.
||onxlaughtvgc is ready for game 2.
|uhtml|next|Next: Game 2 of 3
