|j|☆shakyturtle
|j|☆Siegfried_TV
|html|shakyturtleSiegfried_TV    
|uhtml|bestof|Game 1 of a best-of-3
|t:|1757192937
|gametype|doubles
|player|p1|shakyturtle|blaine|1104
|player|p2|Siegfried_TV|lance|1089
|gen|9
|tier|[Gen 9] VGC 2025 Reg H (Bo3)
|rated|
|rule|Species Clause: Limit one of each Pokémon
|rule|Item Clause: Limit 1 of each item
|clearpoke
|poke|p1|Persian-Alola, L50, M|
|poke|p1|Annihilape, L50, F|
|poke|p1|Klefki, L50, F|
|poke|p1|Farigiraf, L50, F|
|poke|p1|Volcarona, L50, M|
|poke|p1|Clawitzer, L50, M|
|poke|p2|Indeedee-F, L50, F|
|poke|p2|Hatterene, L50, F|
|poke|p2|Gallade, L50, M|
|poke|p2|Ursaluna, L50, M|
|poke|p2|Lilligant-Hisui, L50, F|
|poke|p2|Torkoal, L50, M|
|teampreview|4
|showteam|p1|Persian-Alola||AssaultVest|FurCoat|FoulPlay,Snarl,FakeOut,IcyWind|||M|||50|,,,,,Ghost]Annihilape||Leftovers|Defiant|Protect,BulkUp,DrainPunch,RageFist|||F|||50|,,,,,Fire]Klefki||LightClay|Prankster|DazzlingGleam,LightScreen,Reflect,ThunderWave|||F|||50|,,,,,Ghost]Farigiraf||ThroatSpray|ArmorTail|Protect,TrickRoom,HyperVoice,PsychicNoise|||F|||50|,,,,,Fairy]Volcarona||SafetyGoggles|FlameBody|FieryDance,StruggleBug,GigaDrain,QuiverDance|||M|||50|,,,,,Grass]Clawitzer||LifeOrb|MegaLauncher|Protect,DragonPulse,DarkPulse,WaterPulse|||M|||50|,,,,,Dragon
|showteam|p2|Indeedee-F||PsychicSeed|PsychicSurge|TrickRoom,FollowMe,HelpingHand,DazzlingGleam|||F|||50|,,,,,Fire]Hatterene||LifeOrb|MagicBounce|ExpandingForce,TrickRoom,DazzlingGleam,Protect|||F|||50|,,,,,Psychic]Gallade||ClearAmulet|Sharpness|PsychoCut,TrickRoom,SacredSword,WideGuard|||M|||50|,,,,,Grass]Ursaluna||FlameOrb|Guts|HeadlongRush,Facade,SwordsDance,Protect|||M|||50|,,,,,Ghost]Lilligant-Hisui||FocusSash|Chlorophyll|SolarBlade,SleepPowder,CloseCombat,AfterYou|||F|||50|,,,,,Ghost]Torkoal||ChoiceSpecs|Drought|Eruption,HeatWave,WeatherBall,EarthPower|||M|||50|,,,,,Fire
|inactive|Battle timer is ON: inactive players will automatically lose when time's up. (requested by shakyturtle)
|inactive|shakyturtle has 60 seconds left.
|inactive|shakyturtle has 30 seconds left.
|inactive|shakyturtle has 20 seconds left.
|inactive|shakyturtle has 15 seconds left.
|inactive|shakyturtle has 10 seconds left.
|
|t:|1757193021
|teamsize|p1|4
|teamsize|p2|4
|start
|switch|p1a: Annihilape|Annihilape, L50, F|100/100
|switch|p1b: Klefki|Klefki, L50, F|100/100
|switch|p2a: MOIN|Indeedee-F, L50, F, shiny|100/100
|switch|p2b: Meister|Hatterene, L50, F, shiny|100/100
|-fieldstart|move: Psychic Terrain|[from] ability: Psychic Surge|[of] p2a: MOIN
|-enditem|p2a: MOIN|Psychic Seed
|-boost|p2a: MOIN|spd|1|[from] item: Psychic Seed
|turn|1
|inactive|shakyturtle has 30 seconds left.
|inactive|Siegfried_TV has 30 seconds left.
|inactive|Siegfried_TV has 20 seconds left.
|
|t:|1757193058
|switch|p1a: Volcarona|Volcarona, L50, M|100/100
|move|p1b: Klefki|Light Screen|p1b: Klefki
|-sidestart|p1: shakyturtle|move: Light Screen
|move|p2b: Meister|Expanding Force|p1a: Volcarona|[spread] p1a,p1b
|-resisted|p1b: Klefki
|-damage|p1a: Volcarona|44/100
|-damage|p1b: Klefki|71/100
|-damage|p2b: Meister|91/100|[from] item: Life Orb
|move|p2a: MOIN|Trick Room|p2a: MOIN
|-fieldstart|move: Trick Room|[of] p2a: MOIN
|
|upkeep
|turn|2
|
|t:|1757193081
|move|p2a: MOIN|Helping Hand|p2b: Meister
|-singleturn|p2b: Meister|Helping Hand|[of] p2a: MOIN
|move|p2b: Meister|Expanding Force|p1b: Klefki|[spread] p1a,p1b
|-resisted|p1b: Klefki
|-damage|p1a: Volcarona|0 fnt
|-damage|p1b: Klefki|28/100
|faint|p1a: Volcarona
|-damage|p2b: Meister|82/100|[from] item: Life Orb
|move|p1b: Klefki|Dazzling Gleam|p2a: MOIN|[spread] p2a,p2b
|-damage|p2a: MOIN|88/100
|-damage|p2b: Meister|63/100
|
|upkeep
|
|t:|1757193087
|switch|p1a: Clawitzer|Clawitzer, L50, M|100/100
|turn|3
|
|t:|1757193101
|move|p2a: MOIN|Helping Hand|p2b: Meister
|-singleturn|p2b: Meister|Helping Hand|[of] p2a: MOIN
|move|p2b: Meister|Expanding Force|p1b: Klefki|[spread] p1a,p1b
|-resisted|p1b: Klefki
|-damage|p1a: Clawitzer|5/100
|-damage|p1b: Klefki|0 fnt
|faint|p1b: Klefki
|-damage|p2b: Meister|53/100|[from] item: Life Orb
|move|p1a: Clawitzer|Dark Pulse|p2b: Meister
|-damage|p2b: Meister|0 fnt
|faint|p2b: Meister
|-damage|p1a: Clawitzer|0 fnt|[from] item: Life Orb
|faint|p1a: Clawitzer
|
|upkeep
|
|t:|1757193116
|switch|p2b: ist|Ursaluna, L50, M, shiny|100/100
|switch|p1b: Annihilape|Annihilape, L50, F|100/100
|turn|4
|
|t:|1757193132
|move|p2a: MOIN|Follow Me|p2a: MOIN
|-singleturn|p2a: MOIN|move: Follow Me
|move|p2b: ist|Headlong Rush|p1b: Annihilape
|-damage|p1b: Annihilape|21/100
|-unboost|p2b: ist|def|1
|-unboost|p2b: ist|spd|1
|move|p1b: Annihilape|Bulk Up|p1b: Annihilape
|-boost|p1b: Annihilape|atk|1
|-boost|p1b: Annihilape|def|1
|
|-heal|p1b: Annihilape|27/100|[from] item: Leftovers
|-status|p2b: ist|brn|[from] item: Flame Orb
|upkeep
|turn|5
|inactive|Siegfried_TV has 30 seconds left.
|inactive|Siegfried_TV has 20 seconds left.
|
|t:|1757193169
|switch|p2a: Bruder?|Torkoal, L50, M, shiny|100/100
|-weather|SunnyDay|[from] ability: Drought|[of] p2a: Bruder?
|move|p2b: ist|Protect|p2b: ist
|-singleturn|p2b: ist|Protect
|move|p1b: Annihilape|Protect||[still]
|-fail|p1b: Annihilape
|
|-weather|SunnyDay|[upkeep]
|-heal|p1b: Annihilape|34/100|[from] item: Leftovers
|-damage|p2b: ist|95/100 brn|[from] brn
|-fieldend|move: Trick Room
|-fieldend|move: Psychic Terrain
|upkeep
|turn|6
|
|t:|1757193187
|-terastallize|p1b: Annihilape|Fire
|-terastallize|p2a: Bruder?|Fire
|move|p1b: Annihilape|Drain Punch|p2a: Bruder?
|-damage|p2a: Bruder?|56/100
|-heal|p1b: Annihilape|54/100|[from] drain|[of] p2a: Bruder?
|move|p2b: ist|Headlong Rush|p1b: Annihilape
|-supereffective|p1b: Annihilape
|-damage|p1b: Annihilape|0 fnt
|-unboost|p2b: ist|def|1
|-unboost|p2b: ist|spd|1
|faint|p1b: Annihilape
|
|win|Siegfried_TV
|l|☆shakyturtle
|player|p1|
||shakyturtle is ready for game 2.
|inactive|Siegfried_TV has 30 seconds to confirm battle start!
||Siegfried_TV is ready for game 2.
|uhtml|next|Next: Game 2 of 3
