|j|☆RegiSIXSEVEN
|j|☆Kavolstag
|html|RegiSIXSEVENKavolstag    
|uhtml|bestof|Game 1 of a best-of-3
|t:|1782369356
|gametype|doubles
|player|p1|RegiSIXSEVEN|steven|1117
|player|p2|Kavolstag|170|1038
|gen|9
|tier|[Gen 9 Champions] VGC 2026 Reg M-B (Bo3)
|rated|
|rule|Species Clause: Limit one of each Pokémon
|rule|Item Clause: Limit 1 of each item
|clearpoke
|poke|p1|Blaziken, L50, F, shiny|
|poke|p1|Kingambit, L50, F, shiny|
|poke|p1|Froslass, L50, F, shiny|
|poke|p1|Aerodactyl, L50, F, shiny|
|poke|p1|Sinistcha, L50, shiny|
|poke|p1|Garchomp, L50, M, shiny|
|poke|p2|Tyranitar, L50, F, shiny|
|poke|p2|Scovillain, L50, F, shiny|
|poke|p2|Excadrill, L50, M, shiny|
|poke|p2|Hydreigon, L50, F, shiny|
|poke|p2|Corviknight, L50, F, shiny|
|poke|p2|Houndstone, L50, M|
|teampreview|4
|showteam|p1|Blaziken||FocusSash|SpeedBoost|HeatWave,AuraSphere,Coaching,Protect|Jolly||F|||50|]Kingambit||ChopleBerry|Defiant|SuckerPunch,KowtowCleave,IronHead,Protect|Adamant||F|||50|]Froslass||Froslassite|SnowCloak|Blizzard,ShadowBall,AuroraVeil,Protect|Timid||F|||50|]Aerodactyl||Aerodactylite|RockHead|RockSlide,DualWingbeat,Tailwind,WideGuard|Jolly||F|||50|]Sinistcha||KasibBerry|Hospitality|MatchaGotcha,RagePowder,TrickRoom,Protect|Bold|||||50|]Garchomp||LifeOrb|RoughSkin|DragonClaw,StompingTantrum,RockSlide,Protect|Jolly||M|||50|
|showteam|p2|Tyranitar||Tyranitarite|SandStream|RockSlide,LowKick,KnockOff,Protect|Adamant||F|||50|]Scovillain||Scovillainite|Moody|Overheat,GigaDrain,RagePowder,Protect|Calm||F|||50|]Excadrill||FocusSash|SandRush|Earthquake,RockSlide,Protect,IronHead|Adamant||M|||50|]Hydreigon||ChoiceScarf|Levitate|DracoMeteor,DarkPulse,HeatWave,Snarl|Modest||F|||50|]Corviknight||Leftovers|MirrorArmor|BraveBird,BulkUp,Tailwind,Protect|Careful||F|||50|]Houndstone||SitrusBerry|SandRush|LastRespects,WillOWisp,Protect,BodyPress|Adamant||M|||50|
|inactive|Battle timer is ON: inactive players will automatically lose when time's up. (requested by RegiSIXSEVEN)
|inactive|RegiSIXSEVEN has 60 seconds left.
|inactive|Kavolstag has 60 seconds left.
|
|t:|1782369407
|teamsize|p1|4
|teamsize|p2|4
|start
|switch|p1a: Froslass|Froslass, L50, F, shiny|100/100
|switch|p1b: Kingambit|Kingambit, L50, F, shiny|100/100
|switch|p2a: Excadrill|Excadrill, L50, M, shiny|100/100
|switch|p2b: Tyranitar|Tyranitar, L50, F, shiny|100/100
|-weather|Sandstorm|[from] ability: Sand Stream|[of] p2b: Tyranitar
|turn|1
|inactive|Kavolstag has 30 seconds left.
|
|t:|1782369437
|detailschange|p1a: Froslass|Froslass-Mega, L50, F, shiny
|-mega|p1a: Froslass|Froslass|Froslassite
|-weather|Snowscape|[from] ability: Snow Warning|[of] p1a: Froslass
|move|p2b: Tyranitar|Protect|p2b: Tyranitar
|-singleturn|p2b: Tyranitar|Protect
|move|p1a: Froslass|Blizzard|p2b: Tyranitar|[spread] p2a
|-activate|p2b: Tyranitar|move: Protect
|-damage|p2a: Excadrill|43/100
|move|p2a: Excadrill|Earthquake|p1b: Kingambit|[spread] p1a,p1b
|-activate|p2b: Tyranitar|move: Protect
|-supereffective|p1b: Kingambit|1
|-damage|p1a: Froslass|62/100
|-damage|p1b: Kingambit|39/100
|move|p1b: Kingambit|Iron Head|p2b: Tyranitar
|-activate|p2b: Tyranitar|move: Protect
|
|-weather|Snowscape|[upkeep]
|upkeep
|turn|2
|inactive|Kavolstag has 30 seconds left.
|inactive|Kavolstag has 20 seconds left.
|
|t:|1782369475
|switch|p1a: Blaziken|Blaziken, L50, F, shiny|100/100
|detailschange|p2b: Tyranitar|Tyranitar-Mega, L50, F, shiny
|-mega|p2b: Tyranitar|Tyranitar|Tyranitarite
|-weather|Sandstorm|[from] ability: Sand Stream|[of] p2b: Tyranitar
|move|p1b: Kingambit|Sucker Punch|p2a: Excadrill
|-damage|p2a: Excadrill|0 fnt
|faint|p2a: Excadrill
|move|p2b: Tyranitar|Rock Slide|p1a: Blaziken|[spread] p1b
|-miss|p2b: Tyranitar|p1a: Blaziken
|-resisted|p1b: Kingambit|1
|-damage|p1b: Kingambit|26/100
|
|-weather|Sandstorm|[upkeep]
|-damage|p1a: Blaziken|94/100|[from] Sandstorm
|upkeep
|
|t:|1782369492
|switch|p2a: Hydreigon|Hydreigon, L50, F, shiny|100/100
|turn|3
|
|t:|1782369516
|move|p1a: Blaziken|Protect|p1a: Blaziken
|-singleturn|p1a: Blaziken|Protect
|move|p1b: Kingambit|Protect|p1b: Kingambit
|-singleturn|p1b: Kingambit|Protect
|move|p2a: Hydreigon|Draco Meteor|p1a: Blaziken
|-activate|p1a: Blaziken|move: Protect
|move|p2b: Tyranitar|Low Kick|p1b: Kingambit
|-activate|p1b: Kingambit|move: Protect
|
|-weather|Sandstorm|[upkeep]
|-damage|p2a: Hydreigon|94/100|[from] Sandstorm
|-damage|p1a: Blaziken|88/100|[from] Sandstorm
|-ability|p1a: Blaziken|Speed Boost|boost
|-boost|p1a: Blaziken|spe|1
|upkeep
|turn|4
|
|t:|1782369536
|switch|p1b: Froslass|Froslass-Mega, L50, F, shiny|62/100
|-weather|Snowscape|[from] ability: Snow Warning|[of] p1b: Froslass
|move|p1a: Blaziken|Aura Sphere|p2a: Hydreigon
|-supereffective|p2a: Hydreigon|1
|-damage|p2a: Hydreigon|32/100
|move|p2a: Hydreigon|Draco Meteor|p1a: Blaziken
|-damage|p1a: Blaziken|0 fnt
|-unboost|p2a: Hydreigon|spa|2
|faint|p1a: Blaziken
|move|p2b: Tyranitar|Low Kick|p1b: Froslass
|-immune|p1b: Froslass
|
|-weather|Snowscape|[upkeep]
|upkeep
|
|t:|1782369551
|switch|p1a: Kingambit|Kingambit, L50, F, shiny|26/100
|turn|5
|
|t:|1782369566
|move|p2a: Hydreigon|Draco Meteor|p1b: Froslass
|-damage|p1b: Froslass|27/100
|-unboost|p2a: Hydreigon|spa|2
|move|p1b: Froslass|Blizzard|p2b: Tyranitar|[spread] p2a,p2b
|-supereffective|p2a: Hydreigon|1
|-damage|p2a: Hydreigon|0 fnt
|-damage|p2b: Tyranitar|70/100
|faint|p2a: Hydreigon
|move|p2b: Tyranitar|Knock Off|p1b: Froslass
|-supereffective|p1b: Froslass|1
|-damage|p1b: Froslass|0 fnt
|faint|p1b: Froslass
|move|p1a: Kingambit|Iron Head|p2b: Tyranitar
|-supereffective|p2b: Tyranitar|1
|-damage|p2b: Tyranitar|15/100
|
|-weather|Snowscape|[upkeep]
|upkeep
|
|t:|1782369575
|switch|p1b: Garchomp|Garchomp, L50, M, shiny|100/100
|switch|p2a: Houndstone|Houndstone, L50, M|100/100
|turn|6
|
|t:|1782369586
|move|p2b: Tyranitar|Protect|p2b: Tyranitar
|-singleturn|p2b: Tyranitar|Protect
|move|p1a: Kingambit|Sucker Punch|p2a: Houndstone
|-supereffective|p2a: Houndstone|1
|-damage|p2a: Houndstone|31/100
|-enditem|p2a: Houndstone|Sitrus Berry|[eat]
|-heal|p2a: Houndstone|56/100|[from] item: Sitrus Berry
|move|p1b: Garchomp|Stomping Tantrum|p2b: Tyranitar
|-activate|p2b: Tyranitar|move: Protect
|move|p2a: Houndstone|Body Press|p1a: Kingambit
|-supereffective|p1a: Kingambit|2
|-enditem|p1a: Kingambit|Chople Berry|[eat]
|-enditem|p1a: Kingambit|Chople Berry|[weaken]
|-damage|p1a: Kingambit|0 fnt
|faint|p1a: Kingambit
|
|-weather|Snowscape|[upkeep]
|upkeep
|turn|7
|
|t:|1782369609
|move|p1b: Garchomp|Stomping Tantrum|p2b: Tyranitar
|-supereffective|p2b: Tyranitar|1
|-damage|p2b: Tyranitar|0 fnt
|faint|p2b: Tyranitar
|-damage|p1b: Garchomp|90/100|[from] item: Life Orb
|move|p2a: Houndstone|Last Respects|p1b: Garchomp
|-damage|p1b: Garchomp|20/100y
|
|-weather|Snowscape|[upkeep]
|upkeep
|turn|8
|
|t:|1782369626
|move|p2a: Houndstone|Protect|p2a: Houndstone
|-singleturn|p2a: Houndstone|Protect
|move|p1b: Garchomp|Dragon Claw|p2a: Houndstone
|-activate|p2a: Houndstone|move: Protect
|
|-weather|none
|upkeep
|turn|9
|
|t:|1782369635
|move|p1b: Garchomp|Dragon Claw|p2a: Houndstone
|-damage|p2a: Houndstone|8/100
|-damage|p1b: Garchomp|10/100|[from] item: Life Orb
|move|p2a: Houndstone|Last Respects|p1b: Garchomp
|-damage|p1b: Garchomp|0 fnt
|faint|p1b: Garchomp
|
|win|Kavolstag
||Kavolstag is ready for game 2.
