|j|☆sille rovert
|j|☆MrPhoenixGC
|html|sille rovertMrPhoenixGC    
|uhtml|bestof|Game 2 of a best-of-3
|t:|1756521532
|gametype|doubles
|player|p1|sille rovert|trevor|1134
|player|p2|MrPhoenixGC|steven|1119
|gen|9
|tier|[Gen 9] VGC 2025 Reg H (Bo3)
|rated|
|rule|Species Clause: Limit one of each Pokémon
|rule|Item Clause: Limit 1 of each item
|clearpoke
|poke|p1|Smeargle, L50, M|
|poke|p1|Gholdengo, L50|
|poke|p1|Hydreigon, L50, F|
|poke|p1|Rillaboom, L50, M|
|poke|p1|Porygon2, L50|
|poke|p1|Sneasler, L50, M|
|poke|p2|Gholdengo, L50|
|poke|p2|Pelipper, L50, M|
|poke|p2|Archaludon, L50, F|
|poke|p2|Ursaluna, L50, F|
|poke|p2|Dragonite, L50, F|
|poke|p2|Sinistcha, L50|
|teampreview|4
|showteam|p1|Smeargle||FocusSash|Moody|Spore,SpikyShield,Ruination,FollowMe|||M|||50|,,,,,Ghost]Gholdengo||Leftovers|GoodasGold|MakeItRain,ShadowBall,NastyPlot,Protect||||||50|,,,,,Water]Hydreigon||LifeOrb|Levitate|HeatWave,DarkPulse,Protect,DracoMeteor|||F|||50|,,,,,Fire]Rillaboom||AssaultVest|GrassySurge|WoodHammer,GrassyGlide,FakeOut,HighHorsepower|||M|||50|,,,,,Fire]Porygon2||Eviolite|Download|IceBeam,TeraBlast,Recover,TrickRoom||||||50|,,,,,Ground]Sneasler||GrassySeed|Unburden|FakeOut,CloseCombat,DireClaw,Protect|||M|||50|,,,,,Stellar
|showteam|p2|Gholdengo||ChoiceScarf|GoodasGold|MakeItRain,ShadowBall,Trick,Protect||||||50|,,,,,Steel]Pelipper||FocusSash|Drizzle|Protect,MuddyWater,Hurricane,WideGuard|||M|||50|,,,,,Ghost]Archaludon||AssaultVest|Stamina|BodyPress,Snarl,ElectroShot,FlashCannon|||F|||50|,,,,,Bug]Ursaluna||FlameOrb|Guts|Protect,Facade,Earthquake,HeadlongRush|||F|||50|,,,,,Ghost]Dragonite||LoadedDice|Multiscale|ScaleShot,Haze,Tailwind,Protect|||F|||50|,,,,,Fairy]Sinistcha||SitrusBerry|Hospitality|TrickRoom,MatchaGotcha,LifeDew,RagePowder||||||50|,,,,,Dark
|
|t:|1756521596
|teamsize|p1|4
|teamsize|p2|4
|start
|switch|p1a: Rillaboom|Rillaboom, L50, M|100/100
|switch|p1b: Porygon2|Porygon2, L50|100/100
|switch|p2a: Gholdengo|Gholdengo, L50|100/100
|switch|p2b: Dragonite|Dragonite, L50, F|100/100
|-fieldstart|move: Grassy Terrain|[from] ability: Grassy Surge|[of] p1a: Rillaboom
|-ability|p1b: Porygon2|Download|boost
|-boost|p1b: Porygon2|atk|1
|turn|1
|
|t:|1756521615
|switch|p1b: Hydreigon|Hydreigon, L50, F|100/100
|-terastallize|p2a: Gholdengo|Steel
|move|p2b: Dragonite|Protect|p2b: Dragonite
|-singleturn|p2b: Dragonite|Protect
|move|p2a: Gholdengo|Make It Rain|p1a: Rillaboom|[spread] p1a,p1b
|-damage|p1a: Rillaboom|49/100
|-damage|p1b: Hydreigon|20/100
|-unboost|p2a: Gholdengo|spa|1
|move|p1a: Rillaboom|High Horsepower|p2a: Gholdengo
|-supereffective|p2a: Gholdengo
|-damage|p2a: Gholdengo|23/100
|
|-heal|p2a: Gholdengo|29/100|[from] Grassy Terrain
|-heal|p1a: Rillaboom|54/100|[from] Grassy Terrain
|upkeep
|turn|2
|
|t:|1756521637
|move|p1a: Rillaboom|Grassy Glide|p2b: Dragonite
|-resisted|p2b: Dragonite
|-damage|p2b: Dragonite|95/100
|move|p2a: Gholdengo|Make It Rain|p1a: Rillaboom|[spread] p1a,p1b
|-damage|p1a: Rillaboom|20/100
|-damage|p1b: Hydreigon|0 fnt
|-unboost|p2a: Gholdengo|spa|1
|faint|p1b: Hydreigon
|move|p2b: Dragonite|Scale Shot|p1a: Rillaboom
|-damage|p1a: Rillaboom|5/100
|-damage|p1a: Rillaboom|0 fnt
|faint|p1a: Rillaboom
|-hitcount|p1: Rillaboom|2
|-unboost|p2b: Dragonite|def|1
|-boost|p2b: Dragonite|spe|1
|
|-heal|p2a: Gholdengo|35/100|[from] Grassy Terrain
|upkeep
|
|t:|1756521694
|switch|p1b: Gholdengo|Gholdengo, L50|100/100
|switch|p1a: Porygon2|Porygon2, L50|100/100
|-ability|p1a: Porygon2|Download|boost
|-boost|p1a: Porygon2|atk|1
|turn|3
|
|t:|1756521716
|switch|p2a: Sinistcha|Sinistcha, L50|100/100
|-heal|p2b: Dragonite|100/100|[from] ability: Hospitality|[of] p2a: Sinistcha
|move|p2b: Dragonite|Protect|p2b: Dragonite
|-singleturn|p2b: Dragonite|Protect
|move|p1b: Gholdengo|Nasty Plot|p1b: Gholdengo
|-boost|p1b: Gholdengo|spa|2
|move|p1a: Porygon2|Ice Beam|p2b: Dragonite
|-activate|p2b: Dragonite|move: Protect
|
|upkeep
|turn|4
|
|t:|1756521751
|move|p2b: Dragonite|Haze|p2b: Dragonite
|-clearallboost
|move|p1b: Gholdengo|Nasty Plot|p1b: Gholdengo
|-boost|p1b: Gholdengo|spa|2
|move|p2a: Sinistcha|Matcha Gotcha|p1a: Porygon2|[spread] p1a,p1b
|-resisted|p1b: Gholdengo
|-damage|p1a: Porygon2|81/100
|-damage|p1b: Gholdengo|85/100
|move|p1a: Porygon2|Ice Beam|p2b: Dragonite
|-supereffective|p2b: Dragonite
|-damage|p2b: Dragonite|46/100
|
|-heal|p1b: Gholdengo|91/100|[from] Grassy Terrain
|-heal|p1b: Gholdengo|97/100|[from] item: Leftovers
|-heal|p1a: Porygon2|87/100|[from] Grassy Terrain
|upkeep
|turn|5
|
|t:|1756521772
|move|p2a: Sinistcha|Rage Powder|p2a: Sinistcha
|-singleturn|p2a: Sinistcha|move: Rage Powder
|move|p2b: Dragonite|Haze|p2b: Dragonite
|-clearallboost
|move|p1b: Gholdengo|Make It Rain|p2b: Dragonite|[spread] p2a,p2b
|-damage|p2a: Sinistcha|61/100
|-damage|p2b: Dragonite|0 fnt
|-unboost|p1b: Gholdengo|spa|1
|faint|p2b: Dragonite
|move|p1a: Porygon2|Ice Beam|p2a: Sinistcha
|-supereffective|p2a: Sinistcha
|-damage|p2a: Sinistcha|20/100
|-enditem|p2a: Sinistcha|Sitrus Berry|[eat]
|-heal|p2a: Sinistcha|44/100|[from] item: Sitrus Berry
|
|-heal|p1b: Gholdengo|100/100|[from] Grassy Terrain
|-heal|p2a: Sinistcha|50/100|[from] Grassy Terrain
|-heal|p1a: Porygon2|93/100|[from] Grassy Terrain
|-fieldend|move: Grassy Terrain
|upkeep
|
|t:|1756521787
|switch|p2b: Gholdengo|Gholdengo, L50, tera:Steel|35/100
|turn|6
|
|t:|1756521822
|-terastallize|p1a: Porygon2|Ground
|move|p1b: Gholdengo|Protect|p1b: Gholdengo
|-singleturn|p1b: Gholdengo|Protect
|move|p2a: Sinistcha|Rage Powder|p2a: Sinistcha
|-singleturn|p2a: Sinistcha|move: Rage Powder
|move|p2b: Gholdengo|Shadow Ball|p1b: Gholdengo
|-activate|p1b: Gholdengo|move: Protect
|move|p1a: Porygon2|Tera Blast|p2a: Sinistcha|[anim] Tera Blast Ground
|-resisted|p2a: Sinistcha
|-damage|p2a: Sinistcha|37/100
|
|upkeep
|turn|7
|
|t:|1756521837
|move|p2a: Sinistcha|Rage Powder|p2a: Sinistcha
|-singleturn|p2a: Sinistcha|move: Rage Powder
|move|p2b: Gholdengo|Shadow Ball|p1b: Gholdengo
|-supereffective|p1b: Gholdengo
|-damage|p1b: Gholdengo|15/100
|move|p1b: Gholdengo|Make It Rain|p2b: Gholdengo|[spread] p2a,p2b
|-resisted|p2b: Gholdengo
|-damage|p2a: Sinistcha|13/100
|-damage|p2b: Gholdengo|16/100
|-unboost|p1b: Gholdengo|spa|1
|move|p1a: Porygon2|Ice Beam|p2a: Sinistcha
|-supereffective|p2a: Sinistcha
|-damage|p2a: Sinistcha|0 fnt
|faint|p2a: Sinistcha
|
|-heal|p1b: Gholdengo|21/100|[from] item: Leftovers
|upkeep
|
|t:|1756521851
|switch|p2a: Archaludon|Archaludon, L50, F|100/100
|turn|8
|
|t:|1756521907
|move|p1b: Gholdengo|Protect|p1b: Gholdengo
|-singleturn|p1b: Gholdengo|Protect
|move|p2b: Gholdengo|Shadow Ball|p1a: Porygon2
|-damage|p1a: Porygon2|64/100
|move|p2a: Archaludon|Body Press|p1a: Porygon2
|-damage|p1a: Porygon2|48/100
|move|p1a: Porygon2|Tera Blast|p2a: Archaludon|[anim] Tera Blast Ground
|-supereffective|p2a: Archaludon
|-damage|p2a: Archaludon|50/100
|-ability|p2a: Archaludon|Stamina|boost
|-boost|p2a: Archaludon|def|1
|
|-heal|p1b: Gholdengo|28/100|[from] item: Leftovers
|upkeep
|turn|9
|
|t:|1756521925
|move|p2b: Gholdengo|Shadow Ball|p1a: Porygon2
|-damage|p1a: Porygon2|20/100
|move|p1b: Gholdengo|Shadow Ball|p2b: Gholdengo
|-damage|p2b: Gholdengo|0 fnt
|faint|p2b: Gholdengo
|move|p2a: Archaludon|Body Press|p1a: Porygon2
|-damage|p1a: Porygon2|0 fnt
|faint|p1a: Porygon2
|
|-heal|p1b: Gholdengo|34/100|[from] item: Leftovers
|upkeep
|turn|10
|
|t:|1756521946
|move|p1b: Gholdengo|Nasty Plot|p1b: Gholdengo
|-boost|p1b: Gholdengo|spa|2
|move|p2a: Archaludon|Flash Cannon|p1b: Gholdengo
|-resisted|p1b: Gholdengo
|-damage|p1b: Gholdengo|17/100
|
|-heal|p1b: Gholdengo|23/100|[from] item: Leftovers
|upkeep
|turn|11
|
|t:|1756521961
|move|p1b: Gholdengo|Nasty Plot|p1b: Gholdengo
|-boost|p1b: Gholdengo|spa|2
|move|p2a: Archaludon|Flash Cannon|p1b: Gholdengo
|-resisted|p1b: Gholdengo
|-damage|p1b: Gholdengo|7/100
|
|-heal|p1b: Gholdengo|14/100|[from] item: Leftovers
|upkeep
|turn|12
|
|t:|1756521969
|move|p1b: Gholdengo|Shadow Ball|p2a: Archaludon
|-damage|p2a: Archaludon|0 fnt
|faint|p2a: Archaludon
|
|win|sille rovert
|raw|sille rovert's rating: 1157 → 1179(+22 for winning)
|raw|MrPhoenixGC's rating: 1119 → 1097(-22 for losing)
