|j|☆ZacianBot
|j|☆AbadanRiyi92
|html|ZacianBotAbadanRiyi92    
|uhtml|bestof|Game 2 of a best-of-3
|t:|1785179800
|gametype|doubles
|player|p1|ZacianBot|koga|1000
|player|p2|AbadanRiyi92|colress|1103
|gen|9
|tier|[Gen 9 Champions] VGC 2026 Reg M-B (Bo3)
|rated|
|rule|Species Clause: Limit one of each Pokémon
|rule|Item Clause: Limit 1 of each item
|clearpoke
|poke|p1|Blaziken, L50, F|
|poke|p1|Venusaur, L50, F|
|poke|p1|Ninetales-Alola, L50, F|
|poke|p1|Dragonite, L50, M|
|poke|p1|Kingambit, L50, F|
|poke|p1|Basculegion, L50, M|
|poke|p2|Gengar, L50, F, shiny|
|poke|p2|Maushold-Four, L50|
|poke|p2|Annihilape, L50, F|
|poke|p2|Incineroar, L50, M|
|poke|p2|Politoed, L50, F, shiny|
|poke|p2|Archaludon, L50, M|
|teampreview|4
|showteam|p1|Blaziken||Blazikenite|SpeedBoost|Protect,FlareBlitz,CloseCombat,RockSlide|Adamant||F|||50|]Venusaur||Venusaurite|Chlorophyll|Protect,EarthPower,SludgeBomb,GigaDrain|Modest||F|||50|]Ninetales-Alola||NeverMeltIce|SnowWarning|Protect,Blizzard,FreezeDry,Encore|Timid||F|||50|]Dragonite||LifeOrb|InnerFocus|Protect,ExtremeSpeed,DragonClaw,LowKick|Adamant||M|||50|]Kingambit||BlackGlasses|Defiant|Protect,KowtowCleave,SuckerPunch,IronHead|Adamant||F|||50|]Basculegion||ChoiceScarf|Adaptability|WaveCrash,FlipTurn,AquaJet,LastRespects|Jolly||M|||50|
|showteam|p2|Gengar||Gengarite|CursedBody|ShadowBall,Disable,PerishSong,Protect|Timid||F|||50|]Maushold-Four||FocusSash|FriendGuard|FollowMe,Encore,BeatUp,Protect|Jolly|||||50|]Annihilape||RoseliBerry|Defiant|RageFist,DrainPunch,BulkUp,Protect|Adamant||F|||50|]Incineroar||PasshoBerry|Intimidate|PartingShot,ThroatChop,Protect,FakeOut|Sassy||M|||50|]Politoed||SitrusBerry|Drizzle|WeatherBall,Encore,PerishSong,Protect|Calm||F|||50|]Archaludon||Leftovers|Stamina|DragonPulse,FlashCannon,ElectroShot,Protect|Bold||M|||50|
|inactive|Battle timer is ON: inactive players will automatically lose when time's up. (requested by ZacianBot)
|inactive|ZacianBot has 60 seconds left.
|inactive|AbadanRiyi92 has 60 seconds left.
|inactive|ZacianBot has 30 seconds left.
|inactive|ZacianBot has 20 seconds left.
|inactive|ZacianBot has 15 seconds left.
|inactive|ZacianBot has 10 seconds left.
|inactive|ZacianBot has 5 seconds left.
|
|t:|1785179891
|teamsize|p1|4
|teamsize|p2|4
|start
|switch|p1a: Basculegion|Basculegion, L50, M|100/100
|switch|p1b: Ninetales|Ninetales-Alola, L50, F|100/100
|switch|p2a: Maushold|Maushold-Four, L50|100/100
|switch|p2b: Annihilape|Annihilape, L50, F|100/100
|-weather|Snowscape|[from] ability: Snow Warning|[of] p1b: Ninetales
|turn|1
|inactive|AbadanRiyi92 has 30 seconds left.
|inactive|AbadanRiyi92 has 20 seconds left.
|
|t:|1785179929
|move|p2a: Maushold|Follow Me|p2a: Maushold
|-singleturn|p2a: Maushold|move: Follow Me
|move|p1a: Basculegion|Flip Turn|p2a: Maushold
|-damage|p2a: Maushold|46/100
|
|t:|1785179934
|switch|p1a: Kingambit|Kingambit, L50, F|100/100|[from] Flip Turn
|move|p1b: Ninetales|Blizzard|p2a: Maushold|[spread] p2a,p2b
|-damage|p2a: Maushold|8/100
|-damage|p2b: Annihilape|80/100
|move|p2b: Annihilape|Drain Punch|p1b: Ninetales
|-damage|p1b: Ninetales|66/100
|-heal|p2b: Annihilape|93/100|[from] drain|[of] p1b: Ninetales
|
|-weather|Snowscape|[upkeep]
|upkeep
|turn|2
|inactive|AbadanRiyi92 has 30 seconds left.
|
|t:|1785179963
|move|p2a: Maushold|Protect|p2a: Maushold
|-singleturn|p2a: Maushold|Protect
|move|p2b: Annihilape|Protect|p2b: Annihilape
|-singleturn|p2b: Annihilape|Protect
|move|p1b: Ninetales|Blizzard|p2a: Maushold|[spread] 
|-activate|p2a: Maushold|move: Protect
|-activate|p2b: Annihilape|move: Protect
|move|p1a: Kingambit|Kowtow Cleave|p2b: Annihilape
|-activate|p2b: Annihilape|move: Protect
|
|-weather|Snowscape|[upkeep]
|upkeep
|turn|3
|
|t:|1785179980
|switch|p1a: Basculegion|Basculegion, L50, M|100/100
|move|p2a: Maushold|Follow Me|p2a: Maushold
|-singleturn|p2a: Maushold|move: Follow Me
|move|p1b: Ninetales|Encore|p2a: Maushold
|-start|p2a: Maushold|Encore
|move|p2b: Annihilape|Drain Punch|p1a: Basculegion
|-immune|p1a: Basculegion
|
|-weather|Snowscape|[upkeep]
|upkeep
|turn|4
|
|t:|1785180002
|switch|p1a: Blaziken|Blaziken, L50, F|100/100
|move|p2a: Maushold|Follow Me|p2a: Maushold
|-singleturn|p2a: Maushold|move: Follow Me
|move|p1b: Ninetales|Blizzard|p2b: Annihilape|[spread] p2a,p2b
|-damage|p2a: Maushold|0 fnt
|-damage|p2b: Annihilape|71/100
|faint|p2a: Maushold
|move|p2b: Annihilape|Drain Punch|p1a: Blaziken
|-damage|p1a: Blaziken|46/100
|-heal|p2b: Annihilape|91/100|[from] drain|[of] p1a: Blaziken
|
|-weather|Snowscape|[upkeep]
|upkeep
|
|t:|1785180015
|switch|p2a: Incineroar|Incineroar, L50, M|100/100
|-ability|p2a: Incineroar|Intimidate|boost
|-unboost|p1a: Blaziken|atk|1
|-unboost|p1b: Ninetales|atk|1
|turn|5
|inactive|AbadanRiyi92 has 30 seconds left.
|inactive|AbadanRiyi92 has 20 seconds left.
|inactive|AbadanRiyi92 has 15 seconds left.
|
|t:|1785180057
|move|p1b: Ninetales|Protect|p1b: Ninetales
|-singleturn|p1b: Ninetales|Protect
|move|p1a: Blaziken|Protect|p1a: Blaziken
|-singleturn|p1a: Blaziken|Protect
|move|p2a: Incineroar|Fake Out|p1a: Blaziken
|-activate|p1a: Blaziken|move: Protect
|move|p2b: Annihilape|Rage Fist|p1b: Ninetales
|-activate|p1b: Ninetales|move: Protect
|
|-weather|none
|-ability|p1a: Blaziken|Speed Boost|boost
|-boost|p1a: Blaziken|spe|1
|upkeep
|turn|6
|inactive|AbadanRiyi92 has 30 seconds left.
|inactive|AbadanRiyi92 has 20 seconds left.
|inactive|AbadanRiyi92 has 15 seconds left.
|inactive|AbadanRiyi92 has 10 seconds left.
|
|t:|1785180104
|detailschange|p1a: Blaziken|Blaziken-Mega, L50, F
|-mega|p1a: Blaziken|Blaziken|Blazikenite
|move|p2b: Annihilape|Protect|p2b: Annihilape
|-singleturn|p2b: Annihilape|Protect
|move|p1a: Blaziken|Flare Blitz|p2b: Annihilape
|-activate|p2b: Annihilape|move: Protect
|move|p1b: Ninetales|Encore|p2a: Incineroar
|-start|p2a: Incineroar|Encore
|move|p2a: Incineroar|Fake Out||[still]
|-hint|Fake Out only works on your first turn out.
|-fail|p2a: Incineroar
|
|-ability|p1a: Blaziken|Speed Boost|boost
|-boost|p1a: Blaziken|spe|1
|upkeep
|turn|7
|
|t:|1785180128
|switch|p1a: Basculegion|Basculegion, L50, M|100/100
|switch|p2a: Gengar|Gengar, L50, F, shiny|100/100
|move|p1b: Ninetales|Encore|p2b: Annihilape
|-start|p2b: Annihilape|Encore
|move|p2b: Annihilape|Protect||[still]
|-fail|p2b: Annihilape
|
|upkeep
|turn|8
|inactive|ZacianBot has 30 seconds left.
|inactive|AbadanRiyi92 has 30 seconds left.
|inactive|AbadanRiyi92 has 20 seconds left.
|inactive|AbadanRiyi92 has 15 seconds left.
|
|t:|1785180172
|switch|p1b: Kingambit|Kingambit, L50, F|100/100
|detailschange|p2a: Gengar|Gengar-Mega, L50, F, shiny
|-mega|p2a: Gengar|Gengar|Gengarite
|move|p2b: Annihilape|Protect|p2b: Annihilape
|-singleturn|p2b: Annihilape|Protect
|move|p1a: Basculegion|Flip Turn|p2b: Annihilape
|-activate|p2b: Annihilape|move: Protect
|move|p2a: Gengar|Shadow Ball|p1b: Kingambit
|-resisted|p1b: Kingambit|1
|-damage|p1b: Kingambit|79/100
|
|upkeep
|turn|9
|inactive|AbadanRiyi92 has 30 seconds left.
|
|t:|1785180200
|move|p2a: Gengar|Protect|p2a: Gengar
|-singleturn|p2a: Gengar|Protect
|move|p2b: Annihilape|Protect|p2b: Annihilape
|-singleturn|p2b: Annihilape|Protect
|move|p1a: Basculegion|Flip Turn|p2b: Annihilape
|-activate|p2b: Annihilape|move: Protect
|move|p1b: Kingambit|Kowtow Cleave|p2a: Gengar
|-activate|p2a: Gengar|move: Protect
|
|-end|p2b: Annihilape|Encore
|upkeep
|turn|10
|inactive|AbadanRiyi92 has 30 seconds left.
|inactive|ZacianBot has 30 seconds left.
|
|t:|1785180235
|switch|p2a: Incineroar|Incineroar, L50, M|100/100
|-ability|p2a: Incineroar|Intimidate|boost
|-unboost|p1a: Basculegion|atk|1
|-unboost|p1b: Kingambit|atk|1
|-ability|p1b: Kingambit|Defiant|boost
|-boost|p1b: Kingambit|atk|2
|move|p1b: Kingambit|Sucker Punch|p2b: Annihilape
|-damage|p2b: Annihilape|23/100
|move|p1a: Basculegion|Flip Turn|p2b: Annihilape
|-damage|p2b: Annihilape|0 fnt
|faint|p2b: Annihilape
|
|t:|1785180249
|switch|p1a: Blaziken|Blaziken-Mega, L50, F|46/100|[from] Flip Turn
|
|upkeep
|
|t:|1785180253
|switch|p2b: Gengar|Gengar-Mega, L50, F, shiny|100/100
|turn|11
|
|t:|1785180263
|move|p1a: Blaziken|Protect|p1a: Blaziken
|-singleturn|p1a: Blaziken|Protect
|move|p1b: Kingambit|Protect|p1b: Kingambit
|-singleturn|p1b: Kingambit|Protect
|move|p2a: Incineroar|Fake Out|p1a: Blaziken
|-activate|p1a: Blaziken|move: Protect
|move|p2b: Gengar|Disable|p1b: Kingambit
|-activate|p1b: Kingambit|move: Protect
|
|-ability|p1a: Blaziken|Speed Boost|boost
|-boost|p1a: Blaziken|spe|1
|upkeep
|turn|12
|-message|AbadanRiyi92 forfeited.
|
|win|ZacianBot
|raw|ZacianBot's rating: 1000 → 1052(+52 for winning)
|raw|AbadanRiyi92's rating: 1103 → 1071(-32 for losing)
|l|☆AbadanRiyi92
|player|p2|
|c|☆ZacianBot|free
