|j|‽Juaner95
|j|☆Sparky393891393
|html|Juaner95Sparky393891393    
|uhtml|bestof|Game 1 of a best-of-3
|t:|1784247454
|gametype|doubles
|player|p1|Juaner95|ash-hoenn|1122
|player|p2|Sparky393891393|2|1017
|gen|9
|tier|[Gen 9 Champions] VGC 2026 Reg M-B (Bo3)
|rated|
|rule|Species Clause: Limit one of each Pokémon
|rule|Item Clause: Limit 1 of each item
|clearpoke
|poke|p1|Eelektross, L50, F|
|poke|p1|Ninetales-Alola, L50, F, shiny|
|poke|p1|Talonflame, L50, F|
|poke|p1|Garchomp, L50, M|
|poke|p1|Incineroar, L50, M, shiny|
|poke|p1|Kingambit, L50, M|
|poke|p2|Rotom-Mow, L50|
|poke|p2|Excadrill, L50, M|
|poke|p2|Wyrdeer, L50, F|
|poke|p2|Sneasler, L50, M|
|poke|p2|Noivern, L50, M|
|poke|p2|Tyranitar, L50, F|
|teampreview|4
|showteam|p1|Eelektross||Eelektrossite|Levitate|SupercellSlam,DrainPunch,Coil,Protect|Adamant||F|||50|]Ninetales-Alola||ChoiceScarf|SnowWarning|Blizzard,FreezeDry,IcyWind,Moonblast|Modest||F|||50|]Talonflame||SharpBeak|GaleWings|BraveBird,FlareBlitz,Tailwind,Protect|Jolly||F|||50|]Garchomp||LifeOrb|RoughSkin|RockSlide,Earthquake,DragonClaw,Protect|Jolly||M|||50|]Incineroar||SitrusBerry|Intimidate|FlareBlitz,ThroatChop,PartingShot,FakeOut|Careful||M|||50|]Kingambit||FocusSash|Defiant|KowtowCleave,SuckerPunch,LowKick,Protect|Adamant||M|||50|
|showteam|p2|Rotom-Mow||SitrusBerry|Levitate|Protect,VoltSwitch,Electroweb,LeafStorm|Modest|||||50|]Excadrill||FocusSash|SandForce|Protect,IronHead,Earthquake,RockSlide|Adamant||M|||50|]Wyrdeer||ColburBerry|Intimidate|Protect,PsyshieldBash,TrickRoom,Lunge|Adamant||F|||50|]Sneasler||WhiteHerb|Unburden|FakeOut,Acrobatics,CloseCombat,RockSlide|Jolly||M|||50|]Noivern||ExpertBelt|Infiltrator|Protect,Tailwind,AirSlash,WaterPulse|Timid||M|||50|]Tyranitar||Tyranitarite|SandStream|RockSlide,BrickBreak,KnockOff,Protect|Adamant||F|||50|
|inactive|Battle timer is ON: inactive players will automatically lose when time's up. (requested by Sparky393891393)
|inactive|Juaner95 has 60 seconds left.
|inactive|Juaner95 has 30 seconds left.
|inactive|Juaner95 has 20 seconds left.
|inactive|Juaner95 has 15 seconds left.
|inactive|Juaner95 has 10 seconds left.
|
|t:|1784247643
|teamsize|p1|4
|teamsize|p2|4
|start
|switch|p1a: Incineroar|Incineroar, L50, M, shiny|100/100
|switch|p1b: Kingambit|Kingambit, L50, M|100/100
|switch|p2a: Sneasler|Sneasler, L50, M|100/100
|switch|p2b: Tyranitar|Tyranitar, L50, F|100/100
|-ability|p1a: Incineroar|Intimidate|boost
|-unboost|p2a: Sneasler|atk|1
|-unboost|p2b: Tyranitar|atk|1
|-weather|Sandstorm|[from] ability: Sand Stream|[of] p2b: Tyranitar
|-enditem|p2a: Sneasler|White Herb
|-clearnegativeboost|p2a: Sneasler|[silent]
|turn|1
|inactive|Juaner95 has 30 seconds left.
|inactive|Juaner95 has 20 seconds left.
|
|t:|1784247681
|move|p2a: Sneasler|Fake Out|p1a: Incineroar
|-damage|p1a: Incineroar|87/100
|cant|p1a: Incineroar|flinch
|move|p2b: Tyranitar|Brick Break|p1b: Kingambit
|-supereffective|p1b: Kingambit|2
|-damage|p1b: Kingambit|45/100
|move|p1b: Kingambit|Low Kick|p2b: Tyranitar
|-supereffective|p2b: Tyranitar|2
|-damage|p2b: Tyranitar|0 fnt
|faint|p2b: Tyranitar
|
|-weather|Sandstorm|[upkeep]
|-damage|p2a: Sneasler|94/100|[from] Sandstorm
|-damage|p1a: Incineroar|81/100|[from] Sandstorm
|upkeep
|
|t:|1784247690
|switch|p2b: Excadrill|Excadrill, L50, M|100/100
|turn|2
|
|t:|1784247710
|switch|p2a: Rotom|Rotom-Mow, L50|100/100
|move|p1b: Kingambit|Sucker Punch|p2b: Excadrill
|-crit|p2b: Excadrill
|-damage|p2b: Excadrill|4/100
|move|p2b: Excadrill|Earthquake|p1a: Incineroar|[spread] p1a,p1b
|-immune|p2a: Rotom|[from] ability: Levitate
|-supereffective|p1a: Incineroar|1
|-supereffective|p1b: Kingambit|1
|-damage|p1a: Incineroar|0 fnt
|-damage|p1b: Kingambit|0 fnt
|faint|p1a: Incineroar
|faint|p1b: Kingambit
|
|-weather|Sandstorm|[upkeep]
|-damage|p2a: Rotom|94/100|[from] Sandstorm
|upkeep
|
|t:|1784247723
|switch|p1a: Talonflame|Talonflame, L50, F|100/100
|switch|p1b: Eelektross|Eelektross, L50, F|100/100
|turn|3
|
|t:|1784247735
|detailschange|p1b: Eelektross|Eelektross-Mega, L50, F
|-mega|p1b: Eelektross|Eelektross|Eelektrossite
|move|p2b: Excadrill|Protect|p2b: Excadrill
|-singleturn|p2b: Excadrill|Protect
|move|p1a: Talonflame|Tailwind|p1a: Talonflame
|-sidestart|p1: Juaner95|move: Tailwind
|move|p1b: Eelektross|Coil|p1b: Eelektross
|-boost|p1b: Eelektross|atk|1
|-boost|p1b: Eelektross|def|1
|-boost|p1b: Eelektross|accuracy|1
|move|p2a: Rotom|Electroweb|p1b: Eelektross|[spread] p1a,p1b
|-supereffective|p1a: Talonflame|1
|-resisted|p1b: Eelektross|1
|-damage|p1a: Talonflame|40/100
|-damage|p1b: Eelektross|90/100
|-unboost|p1a: Talonflame|spe|1
|-unboost|p1b: Eelektross|spe|1
|
|-weather|Sandstorm|[upkeep]
|-damage|p1a: Talonflame|34/100|[from] Sandstorm
|-damage|p1b: Eelektross|84/100|[from] Sandstorm
|-damage|p2a: Rotom|88/100|[from] Sandstorm
|upkeep
|turn|4
|
|t:|1784247760
|move|p1a: Talonflame|Flare Blitz|p2a: Rotom
|-supereffective|p2a: Rotom|1
|-damage|p2a: Rotom|0 fnt
|faint|p2a: Rotom
|-damage|p1a: Talonflame|10/100|[from] Recoil
|move|p1b: Eelektross|Drain Punch|p2b: Excadrill
|-supereffective|p2b: Excadrill|1
|-damage|p2b: Excadrill|0 fnt
|-heal|p1b: Eelektross|86/100|[from] drain|[of] p2b: Excadrill
|faint|p2b: Excadrill
|-ability|p1b: Eelektross|Eelevate|boost
|-boost|p1b: Eelektross|atk|1
|
|-weather|Sandstorm|[upkeep]
|-damage|p1a: Talonflame|4/100|[from] Sandstorm
|-damage|p1b: Eelektross|81/100|[from] Sandstorm
|upkeep
|
|t:|1784247767
|switch|p2b: Sneasler|Sneasler, L50, M|94/100
|turn|5
|
|t:|1784247775
|move|p1a: Talonflame|Protect|p1a: Talonflame
|-singleturn|p1a: Talonflame|Protect
|move|p1b: Eelektross|Protect|p1b: Eelektross
|-singleturn|p1b: Eelektross|Protect
|move|p2b: Sneasler|Rock Slide|p1b: Eelektross|[spread] 
|-activate|p1a: Talonflame|move: Protect
|-activate|p1b: Eelektross|move: Protect
|
|-weather|none
|upkeep
|turn|6
|-message|Sparky393891393 forfeited.
|raw|Juaner95's rating: 1122 → 1140(+18 for winning)
|raw|Sparky393891393's rating: 1017 → 1008(-9 for losing)
|
|win|Juaner95
