|j|☆imonx6pace!
|j|☆bananapanner
|html|imonx6pace!bananapanner    
|uhtml|bestof|Game 1 of a best-of-3
|t:|1784601997
|gametype|doubles
|player|p1|imonx6pace!|rocketgrunt|1100
|player|p2|bananapanner|wattson|1085
|gen|9
|tier|[Gen 9 Champions] VGC 2026 Reg M-B (Bo3)
|rated|
|rule|Species Clause: Limit one of each Pokémon
|rule|Item Clause: Limit 1 of each item
|clearpoke
|poke|p1|Sinistcha, L50|
|poke|p1|Aerodactyl, L50, M|
|poke|p1|Sneasler, L50, F|
|poke|p1|Incineroar, L50, F|
|poke|p1|Garchomp, L50, F|
|poke|p1|Delphox, L50, M|
|poke|p2|Pelipper, L50, F|
|poke|p2|Archaludon, L50, F, shiny|
|poke|p2|Sinistcha-Masterpiece, L50|
|poke|p2|Grimmsnarl, L50, M, shiny|
|poke|p2|Swampert, L50, M|
|poke|p2|Gholdengo, L50|
|teampreview|4
|showteam|p1|Sinistcha||SitrusBerry|Hospitality|MatchaGotcha,RagePowder,LifeDew,TrickRoom|Calm|||||50|]Aerodactyl||FocusSash|Unnerve|Tailwind,RockSlide,DualWingbeat,Protect|Jolly||M|||50|]Sneasler||WhiteHerb|Unburden|FakeOut,DireClaw,CloseCombat,Protect|Jolly||F|||50|]Incineroar||ChopleBerry|Intimidate|FakeOut,PartingShot,FlareBlitz,ThroatChop|Careful||F|||50|]Garchomp||LifeOrb|RoughSkin|Earthquake,RockSlide,Protect,DragonClaw|Jolly||F|||50|]Delphox||Delphoxite|Blaze|NastyPlot,HeatWave,Psychic,Protect|Timid||M|||50|
|showteam|p2|Pelipper||SitrusBerry|Drizzle|WeatherBall,Hurricane,Tailwind,WideGuard|Modest||F|||50|]Archaludon||Leftovers|Stamina|ElectroShot,DragonPulse,FlashCannon,Protect|Modest||F|||50|]Sinistcha-Masterpiece||ColburBerry|Hospitality|MatchaGotcha,LifeDew,RagePowder,Protect|Bold|||||50|]Grimmsnarl||LightClay|Prankster|LightScreen,Taunt,PartingShot,FoulPlay|Careful||M|||50|]Swampert||Swampertite|Torrent|Earthquake,WaveCrash,IcePunch,Protect|Adamant||M|||50|]Gholdengo||LifeOrb|GoodasGold|NastyPlot,MakeItRain,ShadowBall,Protect|Modest|||||50|
|
|t:|1784602027
|teamsize|p1|4
|teamsize|p2|4
|start
|switch|p1a: Sneasler|Sneasler, L50, F|100/100
|switch|p1b: Aerodactyl|Aerodactyl, L50, M|100/100
|switch|p2a: Sinkmouth|Pelipper, L50, F|100/100
|switch|p2b: BollockBuster|Swampert, L50, M|100/100
|-ability|p1b: Aerodactyl|Unnerve
|-weather|RainDance|[from] ability: Drizzle|[of] p2a: Sinkmouth
|turn|1
|inactive|Battle timer is ON: inactive players will automatically lose when time's up. (requested by imonx6pace!)
|
|t:|1784602058
|detailschange|p2b: BollockBuster|Swampert-Mega, L50, M
|-mega|p2b: BollockBuster|Swampert|Swampertite
|move|p1a: Sneasler|Fake Out|p2b: BollockBuster
|-damage|p2b: BollockBuster|88/100
|move|p2a: Sinkmouth|Wide Guard|p2a: Sinkmouth
|-singleturn|p2a: Sinkmouth|Wide Guard
|cant|p2b: BollockBuster|flinch
|move|p1b: Aerodactyl|Tailwind|p1b: Aerodactyl
|-sidestart|p1: imonx6pace!|move: Tailwind
|
|-weather|RainDance|[upkeep]
|upkeep
|turn|2
|c|☆bananapanner|FAAAAAAAAAAck
|inactive|bananapanner has 30 seconds left.
|
|t:|1784602085
|switch|p2a: Grimmsnarl|Grimmsnarl, L50, M, shiny|100/100
|move|p1b: Aerodactyl|Rock Slide|p2a: Grimmsnarl|[spread] p2a
|-miss|p1b: Aerodactyl|p2b: BollockBuster
|-damage|p2a: Grimmsnarl|74/100
|move|p1a: Sneasler|Dire Claw|p2a: Grimmsnarl
|-supereffective|p2a: Grimmsnarl|1
|-damage|p2a: Grimmsnarl|0 fnt
|faint|p2a: Grimmsnarl
|move|p2b: BollockBuster|Wave Crash|p1b: Aerodactyl
|-supereffective|p1b: Aerodactyl|1
|-enditem|p1b: Aerodactyl|Focus Sash
|-damage|p1b: Aerodactyl|1/100
|-damage|p2b: BollockBuster|61/100|[from] Recoil
|
|-weather|RainDance|[upkeep]
|upkeep
|
|t:|1784602096
|switch|p2a: Sinistcha|Sinistcha-Masterpiece, L50|100/100
|-heal|p2b: BollockBuster|86/100|[from] ability: Hospitality|[of] p2a: Sinistcha
|turn|3
|
|t:|1784602114
|move|p1b: Aerodactyl|Dual Wingbeat|p2a: Sinistcha
|-supereffective|p2a: Sinistcha|1
|-damage|p2a: Sinistcha|66/100
|-supereffective|p2a: Sinistcha|1
|-crit|p2a: Sinistcha
|-damage|p2a: Sinistcha|15/100
|-hitcount|p2a: Sinistcha|2
|move|p1a: Sneasler|Dire Claw|p2a: Sinistcha
|-damage|p2a: Sinistcha|0 fnt
|faint|p2a: Sinistcha
|move|p2b: BollockBuster|Wave Crash|p1a: Sneasler
|-damage|p1a: Sneasler|0 fnt
|faint|p1a: Sneasler
|-damage|p2b: BollockBuster|59/100|[from] Recoil
|
|-weather|RainDance|[upkeep]
|upkeep
|
|t:|1784602126
|switch|p1a: Garchomp|Garchomp, L50, F|100/100
|switch|p2a: Sinkmouth|Pelipper, L50, F|100/100
|turn|4
|
|t:|1784602140
|move|p1b: Aerodactyl|Dual Wingbeat|p2a: Sinkmouth
|-damage|p2a: Sinkmouth|81/100
|-damage|p2a: Sinkmouth|61/100
|-hitcount|p2a: Sinkmouth|2
|move|p1a: Garchomp|Dragon Claw|p2a: Sinkmouth
|-damage|p2a: Sinkmouth|4/100
|-damage|p1a: Garchomp|90/100|[from] item: Life Orb
|move|p2b: BollockBuster|Ice Punch|p1a: Garchomp
|-supereffective|p1a: Garchomp|2
|-damage|p1a: Garchomp|0 fnt
|-damage|p2b: BollockBuster|47/100|[from] ability: Rough Skin|[of] p1a: Garchomp
|faint|p1a: Garchomp
|move|p2a: Sinkmouth|Tailwind|p2a: Sinkmouth
|-sidestart|p2: bananapanner|move: Tailwind
|
|-weather|RainDance|[upkeep]
|-sideend|p1: imonx6pace!|move: Tailwind
|upkeep
|
|t:|1784602147
|switch|p1a: Delphox|Delphox, L50, M|100/100
|turn|5
|
|t:|1784602162
|move|p1a: Delphox|Protect|p1a: Delphox
|-singleturn|p1a: Delphox|Protect
|move|p2b: BollockBuster|Wave Crash|p1b: Aerodactyl
|-supereffective|p1b: Aerodactyl|1
|-damage|p1b: Aerodactyl|0 fnt
|-enditem|p2a: Sinkmouth|Sitrus Berry|[eat]
|-heal|p2a: Sinkmouth|28/100|[from] item: Sitrus Berry
|faint|p1b: Aerodactyl
|-damage|p2b: BollockBuster|46/100|[from] Recoil
|move|p2a: Sinkmouth|Weather Ball|p1a: Delphox
|-activate|p1a: Delphox|move: Protect
|
|-weather|none
|upkeep
|turn|6
|
|t:|1784602172
|detailschange|p1a: Delphox|Delphox-Mega, L50, M
|-mega|p1a: Delphox|Delphox|Delphoxite
|move|p2b: BollockBuster|Wave Crash|p1a: Delphox
|-supereffective|p1a: Delphox|1
|-damage|p1a: Delphox|0 fnt
|faint|p1a: Delphox
|-damage|p2b: BollockBuster|20/100y|[from] Recoil
|
|win|bananapanner
