|j|☆marcosdeltasena31
|j|☆nontelo
|html|marcosdeltasena31nontelo    
|uhtml|bestof|Game 3 of a best-of-3
|t:|1754433831
|gametype|doubles
|player|p1|marcosdeltasena31|hilbert|1287
|player|p2|nontelo|cress|1277
|gen|9
|tier|[Gen 9] VGC 2025 Reg H (Bo3)
|rated|
|rule|Species Clause: Limit one of each Pokémon
|rule|Item Clause: Limit 1 of each item
|clearpoke
|poke|p1|Dragonite, L50, F|
|poke|p1|Sneasler, L50, F|
|poke|p1|Volcarona, L50, F|
|poke|p1|Rillaboom, L50, M|
|poke|p1|Kingambit, L50, F|
|poke|p1|Electabuzz, L50, F|
|poke|p2|Typhlosion-Hisui, L50, F|
|poke|p2|Weezing-Galar, L50, M|
|poke|p2|Toedscruel, L50, M|
|poke|p2|Indeedee, L50, M|
|poke|p2|Sneasler, L50, M|
|poke|p2|Dragapult, L50, M|
|teampreview|4
|showteam|p1|Dragonite||LoadedDice|Multiscale|ScaleShot,ExtremeSpeed,Haze,Protect|||F|||50|,,,,,Fairy]Sneasler||FocusSash|PoisonTouch|DireClaw,CloseCombat,FakeOut,Coaching|||F|||50|,,,,,Ghost]Volcarona||CovertCloak|FlameBody|HeatWave,TeraBlast,QuiverDance,Protect|||F|||50|,,,,,Fairy]Rillaboom||AssaultVest|GrassySurge|WoodHammer,FakeOut,GrassyGlide,HighHorsepower|||M|||50|,,,,,Fire]Kingambit||BlackGlasses|Defiant|KowtowCleave,SwordsDance,SuckerPunch,Protect|||F|||50|,,,,,Dark]Electabuzz||Eviolite|VitalSpirit|Electroweb,FollowMe,Taunt,Protect|||F|||50|,,,,,Ghost
|showteam|p2|Typhlosion-Hisui||ChoiceScarf|Blaze|Eruption,ShadowBall,Overheat,HeatWave|||F|||50|,,,,,Fire]Weezing-Galar||ChoiceSpecs|NeutralizingGas|DazzlingGleam,SludgeBomb,Flamethrower,StrangeSteam|||M|||50|,,,,,Ghost]Toedscruel||CovertCloak|MyceliumMight|Spore,EarthPower,EnergyBall,RagePowder|||M|||50|,,,,,Fire]Indeedee||FocusSash|PsychicSurge|ExpandingForce,Imprison,TrickRoom,TeraBlast|||M|||50|,,,,,Fighting]Sneasler||PsychicSeed|Unburden|CloseCombat,DireClaw,ThroatChop,Protect|||M|||50|,,,,,Dark]Dragapult||ChoiceBand|ClearBody|DragonDarts,PhantomForce,Uturn,Outrage|||M|||50|,,,,,Dragon
|inactive|Battle timer is ON: inactive players will automatically lose when time's up. (requested by nontelo)
|
|t:|1754433855
|teamsize|p1|4
|teamsize|p2|4
|start
|switch|p1a: Dragonite|Dragonite, L50, F|100/100
|switch|p1b: Electabuzz|Electabuzz, L50, F|100/100
|switch|p2a: Weezing|Weezing-Galar, L50, M|100/100
|switch|p2b: Toedscruel|Toedscruel, L50, M|100/100
|-ability|p2a: Weezing|Neutralizing Gas
|turn|1
|
|t:|1754433874
|-terastallize|p1a: Dragonite|Fairy
|move|p1b: Electabuzz|Follow Me|p1b: Electabuzz
|-singleturn|p1b: Electabuzz|move: Follow Me
|move|p2b: Toedscruel|Spore|p1b: Electabuzz
|-status|p1b: Electabuzz|slp|[from] move: Spore
|move|p1a: Dragonite|Scale Shot|p2b: Toedscruel|[miss]
|-miss|p1a: Dragonite|p2b: Toedscruel
|move|p2a: Weezing|Dazzling Gleam|p1b: Electabuzz|[spread] p1a,p1b
|-damage|p1a: Dragonite|60/100
|-damage|p1b: Electabuzz|71/100 slp
|
|upkeep
|turn|2
|
|t:|1754433892
|switch|p1a: Rillaboom|Rillaboom, L50, M|100/100
|move|p2b: Toedscruel|Spore|p1a: Rillaboom
|-immune|p1a: Rillaboom
|cant|p1b: Electabuzz|slp
|move|p2a: Weezing|Dazzling Gleam|p1b: Electabuzz|[spread] p1a,p1b
|-damage|p1a: Rillaboom|74/100
|-damage|p1b: Electabuzz|44/100 slp
|
|upkeep
|turn|3
|inactive|nontelo has 30 seconds left.
|
|t:|1754433927
|move|p2b: Toedscruel|Earth Power|p1b: Electabuzz
|-supereffective|p1b: Electabuzz
|-damage|p1b: Electabuzz|0 fnt
|faint|p1b: Electabuzz
|move|p1a: Rillaboom|Wood Hammer|p2b: Toedscruel
|-crit|p2b: Toedscruel
|-damage|p2b: Toedscruel|0 fnt
|faint|p2b: Toedscruel
|-damage|p1a: Rillaboom|50/100|[from] Recoil
|move|p2a: Weezing|Dazzling Gleam|p1a: Rillaboom
|-damage|p1a: Rillaboom|16/100
|
|upkeep
|
|t:|1754433940
|switch|p2b: Sneasler|Sneasler, L50, M|100/100
|switch|p1b: Kingambit|Kingambit, L50, F|100/100
|turn|4
|
|t:|1754433958
|switch|p1a: Dragonite|Dragonite, L50, F, tera:Fairy|60/100
|move|p2b: Sneasler|Protect|p2b: Sneasler
|-singleturn|p2b: Sneasler|Protect
|move|p1b: Kingambit|Protect|p1b: Kingambit
|-singleturn|p1b: Kingambit|Protect
|move|p2a: Weezing|Dazzling Gleam|p1a: Dragonite|[spread] p1a
|-activate|p1b: Kingambit|move: Protect
|-damage|p1a: Dragonite|15/100
|
|upkeep
|turn|5
|
|t:|1754433982
|move|p1a: Dragonite|Extreme Speed|p2b: Sneasler
|-crit|p2b: Sneasler
|-damage|p2b: Sneasler|22/100
|move|p1b: Kingambit|Sucker Punch|p2b: Sneasler
|-resisted|p2b: Sneasler
|-damage|p2b: Sneasler|0 fnt
|faint|p2b: Sneasler
|move|p2a: Weezing|Dazzling Gleam|p1a: Dragonite|[spread] p1a,p1b
|-damage|p1a: Dragonite|0 fnt
|-damage|p1b: Kingambit|64/100
|faint|p1a: Dragonite
|
|upkeep
|c|☆nontelo|bruh
|
|t:|1754433995
|switch|p2b: Indeedee|Indeedee, L50, M|100/100
|switch|p1a: Rillaboom|Rillaboom, L50, M|16/100
|turn|6
|
|t:|1754434012
|-terastallize|p2a: Weezing|Ghost
|move|p1a: Rillaboom|Fake Out|p2b: Indeedee
|-damage|p2b: Indeedee|73/100
|cant|p2b: Indeedee|flinch
|move|p2a: Weezing|Dazzling Gleam|p1b: Kingambit|[spread] p1a,p1b
|-damage|p1a: Rillaboom|0 fnt
|-damage|p1b: Kingambit|28/100
|faint|p1a: Rillaboom
|move|p1b: Kingambit|Kowtow Cleave|p2b: Indeedee
|-supereffective|p2b: Indeedee
|-damage|p2b: Indeedee|0 fnt
|faint|p2b: Indeedee
|
|upkeep
|turn|7
|
|t:|1754434023
|move|p1b: Kingambit|Sucker Punch|p2a: Weezing
|-supereffective|p2a: Weezing
|-damage|p2a: Weezing|12/100
|move|p2a: Weezing|Dazzling Gleam|p1b: Kingambit
|-damage|p1b: Kingambit|0 fnt
|faint|p1b: Kingambit
|
|win|nontelo
|raw|marcosdeltasena31's rating: 1287 → 1261(-26 for losing)
|raw|nontelo's rating: 1277 → 1303(+26 for winning)
|l|☆nontelo
|player|p2|
