|j|☆incartamene2etti
|j|☆an attack child
|html|incartamene2ettian attack child    
|uhtml|bestof|Game 2 of a best-of-3
|t:|1754596476
|gametype|doubles
|player|p1|incartamene2etti|plasmagrunt|1256
|player|p2|an attack child|musician|1229
|gen|9
|tier|[Gen 9] VGC 2025 Reg H (Bo3)
|rated|
|rule|Species Clause: Limit one of each Pokémon
|rule|Item Clause: Limit 1 of each item
|clearpoke
|poke|p1|Pelipper, L50, M|
|poke|p1|Archaludon, L50, F|
|poke|p1|Basculegion, L50, M|
|poke|p1|Amoonguss, L50, M|
|poke|p1|Incineroar, L50, M|
|poke|p1|Gholdengo, L50|
|poke|p2|Annihilape, L50, F|
|poke|p2|Sinistcha, L50|
|poke|p2|Maushold-Four, L50|
|poke|p2|Klefki, L50, M|
|poke|p2|Ursaluna-Bloodmoon, L50, M|
|poke|p2|Ninetales-Alola, L50, F|
|teampreview|4
|showteam|p1|Pelipper||FocusSash|Drizzle|WeatherBall,Hurricane,Tailwind,Protect|||M|||50|,,,,,Ghost]Archaludon||AssaultVest|Stamina|ElectroShot,DragonPulse,BodyPress,FlashCannon|||F|||50|,,,,,Grass]Basculegion||ChoiceBand|SwiftSwim|WaveCrash,AquaJet,LastRespects,FlipTurn|||M|||50|,,,,,Water]Amoonguss||SitrusBerry|Regenerator|Spore,Protect,RagePowder,PollenPuff|||M|||50|,,,,,Fairy]Incineroar||SafetyGoggles|Intimidate|FakeOut,HelpingHand,PartingShot,KnockOff|||M|||50|,,,,,Ghost]Gholdengo||LifeOrb|GoodasGold|MakeItRain,ShadowBall,NastyPlot,Protect||||||50|,,,,,Water
|showteam|p2|Annihilape||Leftovers|Defiant|Protect,BulkUp,DrainPunch,RageFist|||F|||50|,,,,,Fire]Sinistcha||SitrusBerry|Hospitality|MatchaGotcha,TrickRoom,LifeDew,RagePowder||||||50|,,,,,Water]Maushold-Four||SafetyGoggles|FriendGuard|FollowMe,Taunt,BeatUp,Protect||||||50|,,,,,Ghost]Klefki||LightClay|Prankster|Reflect,LightScreen,MistyTerrain,DazzlingGleam|||M|||50|,,,,,Ghost]Ursaluna-Bloodmoon||AssaultVest|MindsEye|BloodMoon,HyperVoice,EarthPower,VacuumWave|||M|||50|,,,,,Water]Ninetales-Alola||FocusSash|SnowWarning|Protect,Encore,FreezeDry,Blizzard|||F|||50|,,,,,Ghost
|inactive|Battle timer is ON: inactive players will automatically lose when time's up. (requested by incartamene2etti)
|
|t:|1754596540
|teamsize|p1|4
|teamsize|p2|4
|start
|switch|p1a: Basculegion|Basculegion, L50, M|100/100
|switch|p1b: Incineroar|Incineroar, L50, M|100/100
|switch|p2a: Klefki|Klefki, L50, M|100/100
|switch|p2b: Ursaluna|Ursaluna-Bloodmoon, L50, M|100/100
|-ability|p1b: Incineroar|Intimidate|boost
|-unboost|p2a: Klefki|atk|1
|-unboost|p2b: Ursaluna|atk|1
|turn|1
|
|t:|1754596564
|switch|p2b: Ninetales|Ninetales-Alola, L50, F, shiny|100/100
|-weather|Snowscape|[from] ability: Snow Warning|[of] p2b: Ninetales
|move|p1b: Incineroar|Fake Out|p2a: Klefki
|-resisted|p2a: Klefki
|-damage|p2a: Klefki|94/100
|cant|p2a: Klefki|flinch
|move|p1a: Basculegion|Flip Turn|p2b: Ninetales
|-damage|p2b: Ninetales|54/100
|
|t:|1754596580
|switch|p1a: Pelipper|Pelipper, L50, M|100/100|[from] Flip Turn
|-weather|RainDance|[from] ability: Drizzle|[of] p1a: Pelipper
|
|-weather|RainDance|[upkeep]
|upkeep
|turn|2
|
|t:|1754596593
|switch|p1a: Archaludon|Archaludon, L50, F|100/100
|move|p2a: Klefki|Light Screen|p2a: Klefki
|-sidestart|p2: an attack child|move: Light Screen
|move|p2b: Ninetales|Freeze-Dry|p1a: Archaludon
|-damage|p1a: Archaludon|82/100
|-ability|p1a: Archaludon|Stamina|boost
|-boost|p1a: Archaludon|def|1
|move|p1b: Incineroar|Parting Shot|p2b: Ninetales
|-unboost|p2b: Ninetales|atk|1
|-unboost|p2b: Ninetales|spa|1
|
|t:|1754596602
|switch|p1b: Basculegion|Basculegion, L50, M|100/100|[from] Parting Shot
|
|-weather|RainDance|[upkeep]
|upkeep
|turn|3
|
|t:|1754596623
|switch|p2b: Sinistcha|Sinistcha, L50|100/100
|-heal|p2a: Klefki|100/100|[from] ability: Hospitality|[of] p2b: Sinistcha
|move|p2a: Klefki|Reflect|p2a: Klefki
|-sidestart|p2: an attack child|Reflect
|move|p1b: Basculegion|Wave Crash|p2b: Sinistcha
|-resisted|p2b: Sinistcha
|-damage|p2b: Sinistcha|66/100
|-damage|p1b: Basculegion|90/100|[from] Recoil
|move|p1a: Archaludon|Electro Shot||[still]
|-prepare|p1a: Archaludon|Electro Shot
|-boost|p1a: Archaludon|spa|1
|-anim|p1a: Archaludon|Electro Shot|p2a: Klefki
|-damage|p2a: Klefki|65/100
|
|-weather|RainDance|[upkeep]
|upkeep
|turn|4
|
|t:|1754596645
|switch|p1b: Incineroar|Incineroar, L50, M|100/100
|-ability|p1b: Incineroar|Intimidate|boost
|-unboost|p2a: Klefki|atk|1
|-unboost|p2b: Sinistcha|atk|1
|move|p1a: Archaludon|Electro Shot||[still]
|-prepare|p1a: Archaludon|Electro Shot
|-boost|p1a: Archaludon|spa|1
|-anim|p1a: Archaludon|Electro Shot|p2a: Klefki
|-damage|p2a: Klefki|11/100
|move|p2a: Klefki|Dazzling Gleam|p1a: Archaludon|[spread] p1a,p1b
|-damage|p1a: Archaludon|69/100
|-damage|p1b: Incineroar|85/100
|-ability|p1a: Archaludon|Stamina|boost
|-boost|p1a: Archaludon|def|1
|move|p2b: Sinistcha|Matcha Gotcha|p1b: Incineroar|[spread] p1a,p1b
|-resisted|p1a: Archaludon
|-resisted|p1b: Incineroar
|-damage|p1a: Archaludon|65/100
|-heal|p2b: Sinistcha|68/100|[from] drain|[of] p1a: Archaludon
|-damage|p1b: Incineroar|74/100
|-heal|p2b: Sinistcha|74/100|[from] drain|[of] p1b: Incineroar
|-status|p1a: Archaludon|brn
|-ability|p1a: Archaludon|Stamina|boost
|-boost|p1a: Archaludon|def|1
|
|-weather|RainDance|[upkeep]
|-damage|p1a: Archaludon|59/100 brn|[from] brn
|upkeep
|turn|5
|inactive|incartamene2etti has 30 seconds left.
|inactive|an attack child has 30 seconds left.
|inactive|incartamene2etti has 20 seconds left.
|
|t:|1754596682
|switch|p2a: Ninetales|Ninetales-Alola, L50, F, shiny|54/100
|-weather|Snowscape|[from] ability: Snow Warning|[of] p2a: Ninetales
|switch|p2b: Ursaluna|Ursaluna-Bloodmoon, L50, M|100/100
|move|p1b: Incineroar|Helping Hand|p1a: Archaludon
|-singleturn|p1a: Archaludon|Helping Hand|[of] p1b: Incineroar
|move|p1a: Archaludon|Flash Cannon|p2b: Ursaluna
|-damage|p2b: Ursaluna|56/100
|
|-weather|Snowscape|[upkeep]
|-damage|p1a: Archaludon|53/100 brn|[from] brn
|upkeep
|turn|6
|inactive|incartamene2etti has 30 seconds left.
|inactive|incartamene2etti has 20 seconds left.
|inactive|incartamene2etti has 15 seconds left.
|inactive|incartamene2etti has 10 seconds left.
|
|t:|1754596729
|switch|p2a: Sinistcha|Sinistcha, L50|74/100
|-heal|p2b: Ursaluna|81/100|[from] ability: Hospitality|[of] p2a: Sinistcha
|move|p1a: Archaludon|Flash Cannon|p2a: Sinistcha
|-damage|p2a: Sinistcha|20/100
|-enditem|p2a: Sinistcha|Sitrus Berry|[eat]
|-heal|p2a: Sinistcha|44/100|[from] item: Sitrus Berry
|move|p1b: Incineroar|Parting Shot|p2b: Ursaluna
|-unboost|p2b: Ursaluna|atk|1
|-unboost|p2b: Ursaluna|spa|1
|
|t:|1754596740
|switch|p1b: Basculegion|Basculegion, L50, M|90/100|[from] Parting Shot
|move|p2b: Ursaluna|Earth Power|p1a: Archaludon
|-supereffective|p1a: Archaludon
|-damage|p1a: Archaludon|8/100 brn
|-ability|p1a: Archaludon|Stamina|boost
|-boost|p1a: Archaludon|def|1
|
|-weather|Snowscape|[upkeep]
|-damage|p1a: Archaludon|2/100 brn|[from] brn
|upkeep
|turn|7
|inactive|incartamene2etti has 30 seconds left.
|inactive|incartamene2etti has 20 seconds left.
|inactive|incartamene2etti has 15 seconds left.
|inactive|incartamene2etti has 10 seconds left.
|inactive|incartamene2etti has 5 seconds left.
|
|t:|1754596795
|switch|p2a: Klefki|Klefki, L50, M|11/100
|move|p2b: Ursaluna|Vacuum Wave|p1a: Archaludon
|-supereffective|p1a: Archaludon
|-damage|p1a: Archaludon|0 fnt
|faint|p1a: Archaludon
|move|p1b: Basculegion|Wave Crash|p2b: Ursaluna
|-supereffective|p2b: Ursaluna
|-damage|p2b: Ursaluna|0 fnt
|faint|p2b: Ursaluna
|-damage|p1b: Basculegion|60/100|[from] Recoil
|
|-weather|Snowscape|[upkeep]
|upkeep
|
|t:|1754596815
|switch|p1a: Incineroar|Incineroar, L50, M|74/100
|switch|p2b: Sinistcha|Sinistcha, L50|44/100
|-ability|p1a: Incineroar|Intimidate|boost
|-unboost|p2a: Klefki|atk|1
|-unboost|p2b: Sinistcha|atk|1
|-heal|p2a: Klefki|36/100|[from] ability: Hospitality|[of] p2b: Sinistcha
|turn|8
|
|t:|1754596837
|switch|p1b: Pelipper|Pelipper, L50, M|100/100
|-weather|RainDance|[from] ability: Drizzle|[of] p1b: Pelipper
|-terastallize|p2b: Sinistcha|Water
|move|p2a: Klefki|Dazzling Gleam|p1b: Pelipper|[spread] p1a,p1b
|-damage|p1a: Incineroar|58/100
|-damage|p1b: Pelipper|72/100
|move|p2b: Sinistcha|Matcha Gotcha|p1a: Incineroar|[spread] p1a,p1b
|-resisted|p1a: Incineroar
|-damage|p1a: Incineroar|46/100
|-heal|p2b: Sinistcha|51/100|[from] drain|[of] p1a: Incineroar
|-damage|p1b: Pelipper|27/100
|-heal|p2b: Sinistcha|68/100|[from] drain|[of] p1b: Pelipper
|move|p1a: Incineroar|Knock Off|p2b: Sinistcha
|-damage|p2b: Sinistcha|54/100
|
|-weather|RainDance|[upkeep]
|upkeep
|turn|9
|
|t:|1754596857
|switch|p2a: Ninetales|Ninetales-Alola, L50, F, shiny|54/100
|-weather|Snowscape|[from] ability: Snow Warning|[of] p2a: Ninetales
|move|p1b: Pelipper|Protect|p1b: Pelipper
|-singleturn|p1b: Pelipper|Protect
|move|p2b: Sinistcha|Life Dew|p2b: Sinistcha|[spread] p2a,p2b
|-heal|p2a: Ninetales|78/100
|-heal|p2b: Sinistcha|80/100
|move|p1a: Incineroar|Parting Shot|p2b: Sinistcha
|-unboost|p2b: Sinistcha|atk|1
|-unboost|p2b: Sinistcha|spa|1
|
|t:|1754596869
|switch|p1a: Basculegion|Basculegion, L50, M|60/100|[from] Parting Shot
|
|-weather|Snowscape|[upkeep]
|-sideend|p2: an attack child|move: Light Screen
|upkeep
|turn|10
|inactive|incartamene2etti has 30 seconds left.
|
|t:|1754596902
|switch|p1a: Incineroar|Incineroar, L50, M|46/100
|-ability|p1a: Incineroar|Intimidate|boost
|-unboost|p2a: Ninetales|atk|1
|-unboost|p2b: Sinistcha|atk|1
|move|p2a: Ninetales|Freeze-Dry|p1a: Incineroar
|-resisted|p1a: Incineroar
|-damage|p1a: Incineroar|36/100
|-status|p1a: Incineroar|frz
|move|p1b: Pelipper|Tailwind|p1b: Pelipper
|-sidestart|p1: incartamene2etti|move: Tailwind
|move|p2b: Sinistcha|Matcha Gotcha|p1b: Pelipper|[spread] p1a
|-miss|p2b: Sinistcha|p1b: Pelipper
|-resisted|p1a: Incineroar
|-damage|p1a: Incineroar|28/100 frz
|-heal|p2b: Sinistcha|84/100|[from] drain|[of] p1a: Incineroar
|-curestatus|p1a: Incineroar|frz|[msg]
|
|-weather|Snowscape|[upkeep]
|-sideend|p2: an attack child|Reflect
|upkeep
|turn|11
|inactive|incartamene2etti has 30 seconds left.
|inactive|incartamene2etti has 20 seconds left.
|inactive|incartamene2etti has 15 seconds left.
|
|t:|1754596945
|switch|p2a: Klefki|Klefki, L50, M|36/100
|move|p1a: Incineroar|Helping Hand|p1b: Pelipper
|-singleturn|p1b: Pelipper|Helping Hand|[of] p1a: Incineroar
|move|p1b: Pelipper|Hurricane|p2a: Klefki|[miss]
|-miss|p1b: Pelipper|p2a: Klefki
|move|p2b: Sinistcha|Trick Room|p2b: Sinistcha
|-fieldstart|move: Trick Room|[of] p2b: Sinistcha
|
|-weather|Snowscape|[upkeep]
|upkeep
|turn|12
|
|t:|1754596963
|move|p2b: Sinistcha|Matcha Gotcha|p1a: Incineroar|[spread] p1a,p1b
|-resisted|p1a: Incineroar
|-damage|p1a: Incineroar|21/100
|-heal|p2b: Sinistcha|89/100|[from] drain|[of] p1a: Incineroar
|-damage|p1b: Pelipper|0 fnt
|-heal|p2b: Sinistcha|99/100|[from] drain|[of] p1b: Pelipper
|faint|p1b: Pelipper
|move|p2a: Klefki|Dazzling Gleam|p1a: Incineroar
|-damage|p1a: Incineroar|0 fnt
|faint|p1a: Incineroar
|
|-weather|Snowscape|[upkeep]
|upkeep
|
|t:|1754596970
|switch|p1b: Basculegion|Basculegion, L50, M|60/100
|turn|13
|-message|incartamene2etti forfeited.
|
|win|an attack child
|raw|incartamene2etti's rating: 1256 → 1229(-27 for losing)
|raw|an attack child's rating: 1229 → 1256(+27 for winning)
|l|☆an attack child
|player|p2|
