|j|☆kiznaivers
|j|☆ronansting
|html|kiznaiversronansting    
|uhtml|bestof|Game 3 of a best-of-3
|t:|1754561342
|gametype|doubles
|player|p1|kiznaivers|266|1312
|player|p2|ronansting|baker|1294
|gen|9
|tier|[Gen 9] VGC 2025 Reg H (Bo3)
|rated|
|rule|Species Clause: Limit one of each Pokémon
|rule|Item Clause: Limit 1 of each item
|clearpoke
|poke|p1|Gholdengo, L50|
|poke|p1|Incineroar, L50, M|
|poke|p1|Porygon2, L50|
|poke|p1|Ursaluna, L50, M|
|poke|p1|Primarina, L50, F|
|poke|p1|Vivillon, L50, F|
|poke|p2|Archaludon, L50, M|
|poke|p2|Pelipper, L50, M|
|poke|p2|Indeedee, L50, M|
|poke|p2|Amoonguss, L50, M|
|poke|p2|Basculegion, L50, M|
|poke|p2|Hydreigon, L50, M|
|teampreview|4
|showteam|p1|Gholdengo||MetalCoat|GoodasGold|MakeItRain,ShadowBall,NastyPlot,Protect||||||50|,,,,,Steel]Incineroar||AssaultVest|Intimidate|FlareBlitz,KnockOff,Uturn,FakeOut|||M|||50|,,,,,Grass]Porygon2||Eviolite|Download|TeraBlast,IceBeam,Recover,TrickRoom||||||50|,,,,,Fighting]Ursaluna||FlameOrb|Guts|Facade,Earthquake,HeadlongRush,Protect|||M|||50|,,,,,Poison]Primarina||LifeOrb|LiquidVoice|Protect,HyperVoice,Moonblast,Haze|||F|||50|,,,,,Poison]Vivillon||FocusSash|CompoundEyes|Protect,Tailwind,SleepPowder,Hurricane|||F|||50|,,,,,Ghost
|showteam|p2|Archaludon||AssaultVest|Stamina|ElectroShot,DracoMeteor,BodyPress,FlashCannon|||M|||50|,,,,,Grass]Pelipper||FocusSash|Drizzle|WeatherBall,Hurricane,Tailwind,Protect|||M|||50|,,,,,Ghost]Indeedee||ChoiceScarf|PsychicSurge|ExpandingForce,TeraBlast,Trick,DazzlingGleam|||M|||50|,,,,,Ground]Amoonguss||SitrusBerry|Regenerator|Spore,SludgeBomb,Protect,RagePowder|||M|||50|,,,,,Water]Basculegion||ChoiceBand|SwiftSwim|FlipTurn,WaveCrash,LastRespects,AquaJet|||M|||50|,,,,,Poison]Hydreigon||CovertCloak|Levitate|Taunt,Snarl,DracoMeteor,EarthPower|||M|||50|,,,,,Fairy
|
|t:|1754561413
|teamsize|p1|4
|teamsize|p2|4
|start
|switch|p1a: Gholdengo|Gholdengo, L50|100/100
|switch|p1b: Porygon2|Porygon2, L50|100/100
|switch|p2a: Piedragon|Hydreigon, L50, M|100/100
|switch|p2b: Empire|Basculegion, L50, M|100/100
|-ability|p1b: Porygon2|Download|boost
|-boost|p1b: Porygon2|atk|1
|turn|1
|
|t:|1754561460
|switch|p1a: Vivillon|Vivillon, L50, F|100/100
|-terastallize|p1b: Porygon2|Fighting
|move|p2a: Piedragon|Snarl|p1a: Vivillon|[spread] p1a,p1b
|-resisted|p1b: Porygon2
|-damage|p1a: Vivillon|59/100
|-damage|p1b: Porygon2|94/100
|-unboost|p1a: Vivillon|spa|1
|-unboost|p1b: Porygon2|spa|1
|move|p2b: Empire|Flip Turn|p1b: Porygon2
|-damage|p1b: Porygon2|67/100
|
|t:|1754561470
|switch|p2b: Smellypper|Pelipper, L50, M|100/100|[from] Flip Turn
|-weather|RainDance|[from] ability: Drizzle|[of] p2b: Smellypper
|move|p1b: Porygon2|Tera Blast|p2a: Piedragon|[anim] Tera Blast Fighting
|-supereffective|p2a: Piedragon
|-damage|p2a: Piedragon|23/100
|
|-weather|RainDance|[upkeep]
|upkeep
|turn|2
|
|t:|1754561513
|switch|p2a: Arching|Archaludon, L50, M|100/100
|move|p1a: Vivillon|Sleep Powder|p2b: Smellypper
|-status|p2b: Smellypper|slp|[from] move: Sleep Powder
|cant|p2b: Smellypper|slp
|move|p1b: Porygon2|Ice Beam|p2a: Arching
|-damage|p2a: Arching|90/100
|-ability|p2a: Arching|Stamina|boost
|-boost|p2a: Arching|def|1
|
|-weather|RainDance|[upkeep]
|upkeep
|turn|3
|
|t:|1754561544
|move|p1a: Vivillon|Hurricane|p2a: Arching
|-resisted|p2a: Arching
|-damage|p2a: Arching|79/100
|-start|p2a: Arching|confusion
|-ability|p2a: Arching|Stamina|boost
|-boost|p2a: Arching|def|1
|cant|p2b: Smellypper|slp
|-activate|p2a: Arching|confusion
|-damage|p2a: Arching|76/100|[from] confusion
|move|p1b: Porygon2|Tera Blast|p2a: Arching|[anim] Tera Blast Fighting
|-supereffective|p2a: Arching
|-damage|p2a: Arching|50/100
|-ability|p2a: Arching|Stamina|boost
|-boost|p2a: Arching|def|1
|
|-weather|RainDance|[upkeep]
|upkeep
|turn|4
|
|t:|1754561561
|switch|p1b: Ursaluna|Ursaluna, L50, M|100/100
|-terastallize|p2a: Arching|Grass
|move|p1a: Vivillon|Tailwind|p1a: Vivillon
|-sidestart|p1: kiznaivers|move: Tailwind
|-curestatus|p2b: Smellypper|slp|[msg]
|move|p2b: Smellypper|Hurricane|p1b: Ursaluna
|-crit|p1b: Ursaluna
|-damage|p1b: Ursaluna|32/100
|-activate|p2a: Arching|confusion
|move|p2a: Arching|Electro Shot||[still]
|-prepare|p2a: Arching|Electro Shot
|-boost|p2a: Arching|spa|1
|-anim|p2a: Arching|Electro Shot|p1a: Vivillon
|-supereffective|p1a: Vivillon
|-damage|p1a: Vivillon|0 fnt
|faint|p1a: Vivillon
|
|-weather|RainDance|[upkeep]
|-status|p1b: Ursaluna|brn|[from] item: Flame Orb
|upkeep
|
|t:|1754561578
|switch|p1a: Gholdengo|Gholdengo, L50|100/100
|turn|5
|
|t:|1754561600
|move|p2b: Smellypper|Protect|p2b: Smellypper
|-singleturn|p2b: Smellypper|Protect
|move|p1a: Gholdengo|Make It Rain|p2a: Arching|[spread] p2a
|-activate|p2b: Smellypper|move: Protect
|-crit|p2a: Arching
|-damage|p2a: Arching|0 fnt
|-unboost|p1a: Gholdengo|spa|1
|faint|p2a: Arching
|move|p1b: Ursaluna|Facade|p2b: Smellypper
|-activate|p2b: Smellypper|move: Protect
|
|-weather|none
|-damage|p1b: Ursaluna|26/100 brn|[from] brn
|upkeep
|c|☆ronansting|bruh
|
|t:|1754561615
|switch|p2a: Empire|Basculegion, L50, M|100/100
|turn|6
|
|t:|1754561636
|switch|p2b: Piedragon|Hydreigon, L50, M|23/100
|move|p2a: Empire|Aqua Jet|p1b: Ursaluna
|-supereffective|p1b: Ursaluna
|-damage|p1b: Ursaluna|0 fnt
|faint|p1b: Ursaluna
|move|p1a: Gholdengo|Make It Rain|p2a: Empire|[spread] p2a,p2b
|-resisted|p2a: Empire
|-damage|p2a: Empire|79/100
|-damage|p2b: Piedragon|0 fnt
|-unboost|p1a: Gholdengo|spa|1
|faint|p2b: Piedragon
|
|upkeep
|
|t:|1754561648
|switch|p2b: Smellypper|Pelipper, L50, M|100/100
|switch|p1b: Porygon2|Porygon2, L50, tera:Fighting|67/100
|-ability|p1b: Porygon2|Download|boost
|-boost|p1b: Porygon2|spa|1
|-weather|RainDance|[from] ability: Drizzle|[of] p2b: Smellypper
|turn|7
|
|t:|1754561671
|move|p2a: Empire|Aqua Jet|p1b: Porygon2
|-damage|p1b: Porygon2|43/100
|move|p1a: Gholdengo|Shadow Ball|p2b: Smellypper
|-damage|p2b: Smellypper|63/100
|-unboost|p2b: Smellypper|spd|1
|move|p1b: Porygon2|Ice Beam|p2b: Smellypper
|-damage|p2b: Smellypper|0 fnt
|faint|p2b: Smellypper
|
|-weather|RainDance|[upkeep]
|-sideend|p1: kiznaivers|move: Tailwind
|upkeep
|turn|8
|c|☆ronansting|alright then
|c|☆ronansting|ggs
|c|☆kiznaivers|gg
|
|t:|1754561692
|move|p2a: Empire|Aqua Jet|p1b: Porygon2
|-damage|p1b: Porygon2|15/100
|move|p1a: Gholdengo|Shadow Ball|p2a: Empire
|-supereffective|p2a: Empire
|-damage|p2a: Empire|27/100
|move|p1b: Porygon2|Recover|p1b: Porygon2
|-heal|p1b: Porygon2|65/100
|
|-weather|RainDance|[upkeep]
|upkeep
|turn|9
|
|t:|1754561703
|move|p2a: Empire|Aqua Jet|p1b: Porygon2
|-damage|p1b: Porygon2|41/100
|move|p1a: Gholdengo|Shadow Ball|p2a: Empire
|-supereffective|p2a: Empire
|-damage|p2a: Empire|0 fnt
|faint|p2a: Empire
|
|win|kiznaivers
|raw|kiznaivers's rating: 1312 → 1331(+19 for winning)
|raw|ronansting's rating: 1294 → 1270(-24 for losing)
