|j|☆heatvw
|j|☆jompinhans
|html|heatvwjompinhans    
|uhtml|bestof|Game 1 of a best-of-3
|t:|1756520882
|gametype|doubles
|player|p1|heatvw|170|1043
|player|p2|jompinhans|102|1100
|gen|9
|tier|[Gen 9] VGC 2025 Reg H (Bo3)
|rated|
|rule|Species Clause: Limit one of each Pokémon
|rule|Item Clause: Limit 1 of each item
|clearpoke
|poke|p1|Flamigo, L50, F|
|poke|p1|Ninetales-Alola, L50, M|
|poke|p1|Garchomp, L50, F|
|poke|p1|Incineroar, L50, F|
|poke|p1|Amoonguss, L50, M|
|poke|p1|Kingambit, L50, F|
|poke|p2|Tyranitar, L50, M|
|poke|p2|Orthworm, L50, M|
|poke|p2|Garchomp, L50, M|
|poke|p2|Talonflame, L50, M|
|poke|p2|Sinistcha, L50|
|poke|p2|Indeedee, L50, M|
|teampreview|4
|showteam|p1|Flamigo||ChoiceBand|Scrappy|Uturn,CloseCombat,BraveBird,Facade|||F|||50|,,,,,Stellar]Ninetales-Alola||FocusSash|SnowWarning|Protect,Encore,IcyWind,Blizzard|||M|||50|,,,,,Ghost]Garchomp||LifeOrb|RoughSkin|DragonClaw,StompingTantrum,Earthquake,Protect|||F|||50|,,,,,Ground]Incineroar||SafetyGoggles|Intimidate|FakeOut,FlareBlitz,KnockOff,PartingShot|||F|||50|,,,,,Ghost]Amoonguss||SitrusBerry|Regenerator|Spore,RagePowder,PollenPuff,Protect|||M|||50|,,,,,Water]Kingambit||AssaultVest|Defiant|KowtowCleave,IronHead,LowKick,SuckerPunch|||F|||50|,,,,,Fire
|showteam|p2|Tyranitar||AssaultVest|SandStream|KnockOff,RockSlide,TeraBlast,IcePunch|||M|||50|,,,,,Flying]Orthworm||SitrusBerry|EarthEater|BodyPress,ShedTail,HelpingHand,HeavySlam|||M|||50|,,,,,Ghost]Garchomp||ClearAmulet|SandVeil|SwordsDance,Earthquake,DragonClaw,Protect|||M|||50|,,,,,Fairy]Talonflame||CovertCloak|GaleWings|Tailwind,WillOWisp,DualWingbeat,Taunt|||M|||50|,,,,,Grass]Sinistcha||Leftovers|Hospitality|MatchaGotcha,ShadowBall,Protect,CalmMind||||||50|,,,,,Water]Indeedee||LifeOrb|PsychicSurge|ExpandingForce,TeraBlast,TrickRoom,Protect|||M|||50|,,,,,Fighting
|inactive|Battle timer is ON: inactive players will automatically lose when time's up. (requested by heatvw)
|inactive|heatvw has 60 seconds left.
|inactive|jompinhans has 60 seconds left.
|
|t:|1756520923
|teamsize|p1|4
|teamsize|p2|4
|start
|switch|p1a: Ninetales|Ninetales-Alola, L50, M|100/100
|switch|p1b: Incineroar|Incineroar, L50, F, shiny|100/100
|switch|p2a: Indeedee|Indeedee, L50, M|100/100
|switch|p2b: Talonflame|Talonflame, L50, M|100/100
|-weather|Snowscape|[from] ability: Snow Warning|[of] p1a: Ninetales
|-fieldstart|move: Psychic Terrain|[from] ability: Psychic Surge|[of] p2a: Indeedee
|-ability|p1b: Incineroar|Intimidate|boost
|-unboost|p2a: Indeedee|atk|1
|-unboost|p2b: Talonflame|atk|1
|turn|1
|
|t:|1756520946
|move|p2a: Indeedee|Protect|p2a: Indeedee
|-singleturn|p2a: Indeedee|Protect
|move|p2b: Talonflame|Taunt|p1a: Ninetales
|-start|p1a: Ninetales|move: Taunt
|move|p1a: Ninetales|Icy Wind|p2a: Indeedee|[spread] p2b
|-activate|p2a: Indeedee|move: Protect
|-damage|p2b: Talonflame|79/100
|move|p1b: Incineroar|Knock Off|p2a: Indeedee
|-activate|p2a: Indeedee|move: Protect
|
|-weather|Snowscape|[upkeep]
|upkeep
|turn|2
|
|t:|1756520967
|-terastallize|p2a: Indeedee|Fighting
|move|p2b: Talonflame|Tailwind|p2b: Talonflame
|-sidestart|p2: jompinhans|move: Tailwind
|move|p2a: Indeedee|Tera Blast|p1b: Incineroar|[anim] Tera Blast Fighting
|-supereffective|p1b: Incineroar
|-crit|p1b: Incineroar
|-damage|p1b: Incineroar|0 fnt
|faint|p1b: Incineroar
|-damage|p2a: Indeedee|91/100|[from] item: Life Orb
|move|p1a: Ninetales|Icy Wind|p2a: Indeedee|[spread] p2a,p2b
|-damage|p2a: Indeedee|72/100
|-damage|p2b: Talonflame|58/100
|-unboost|p2a: Indeedee|spe|1
|
|-weather|Snowscape|[upkeep]
|upkeep
|
|t:|1756520980
|switch|p1b: Amoonguss|Amoonguss, L50, M, shiny|100/100
|turn|3
|
|t:|1756520995
|-terastallize|p1b: Amoonguss|Water
|move|p2b: Talonflame|Taunt|p1b: Amoonguss
|-start|p1b: Amoonguss|move: Taunt
|move|p1a: Ninetales|Blizzard|p2a: Indeedee|[spread] p2a,p2b
|-damage|p2a: Indeedee|34/100
|-damage|p2b: Talonflame|18/100
|move|p2a: Indeedee|Expanding Force|p1b: Amoonguss|[spread] p1a,p1b
|-crit|p1b: Amoonguss
|-damage|p1a: Ninetales|3/100
|-damage|p1b: Amoonguss|0 fnt
|faint|p1b: Amoonguss
|-damage|p2a: Indeedee|24/100|[from] item: Life Orb
|
|-weather|Snowscape|[upkeep]
|-end|p1a: Ninetales|move: Taunt
|upkeep
|
|t:|1756521009
|switch|p1b: Flamigo|Flamigo, L50, F, shiny|100/100
|turn|4
|
|t:|1756521029
|switch|p2a: Tyranitar|Tyranitar, L50, M|100/100
|-weather|Sandstorm|[from] ability: Sand Stream|[of] p2a: Tyranitar
|move|p2b: Talonflame|Dual Wingbeat|p1a: Ninetales
|-damage|p1a: Ninetales|0 fnt
|faint|p1a: Ninetales
|-hitcount|p1: Ninetales|1
|move|p1b: Flamigo|Brave Bird|p2b: Talonflame
|-damage|p2b: Talonflame|0 fnt
|faint|p2b: Talonflame
|-damage|p1b: Flamigo|93/100|[from] Recoil
|
|-weather|Sandstorm|[upkeep]
|-damage|p1b: Flamigo|88/100|[from] Sandstorm
|upkeep
|
|t:|1756521046
|switch|p2b: Indeedee|Indeedee, L50, M, tera:Fighting|24/100
|turn|5
|
|t:|1756521058
|move|p2b: Indeedee|Expanding Force|p1b: Flamigo
|-supereffective|p1b: Flamigo
|-damage|p1b: Flamigo|0 fnt
|faint|p1b: Flamigo
|-damage|p2b: Indeedee|15/100|[from] item: Life Orb
|
|win|jompinhans
||heatvw is ready for game 2.
|inactive|jompinhans has 30 seconds to confirm battle start!
||jompinhans is ready for game 2.
|uhtml|next|Next: Game 2 of 3
