|j|☆TMJS01
|j|☆Gancelot
|html|TMJS01Gancelot    
|uhtml|bestof|Game 2 of a best-of-3
|t:|1784056144
|gametype|doubles
|player|p1|TMJS01|265|1332
|player|p2|Gancelot|morty|1380
|gen|9
|tier|[Gen 9 Champions] VGC 2026 Reg M-B (Bo3)
|rated|
|rule|Species Clause: Limit one of each Pokémon
|rule|Item Clause: Limit 1 of each item
|clearpoke
|poke|p1|Sinistcha, L50|
|poke|p1|Incineroar, L50, M|
|poke|p1|Floette-Eternal, L50, F|
|poke|p1|Kingambit, L50, M|
|poke|p1|Camerupt, L50, F|
|poke|p1|Farigiraf, L50, M|
|poke|p2|Garchomp, L50, F|
|poke|p2|Venusaur, L50, M|
|poke|p2|Incineroar, L50, M|
|poke|p2|Charizard, L50, F|
|poke|p2|Toxapex, L50, F|
|poke|p2|Annihilape, L50, F|
|teampreview|4
|showteam|p1|Sinistcha||ColburBerry|Hospitality|MatchaGotcha,RagePowder,TrickRoom,LifeDew|Relaxed|||||50|]Incineroar||PasshoBerry|Intimidate|ThroatChop,FlareBlitz,PartingShot,FakeOut|Adamant||M|||50|]Floette-Eternal||Floettite|FlowerVeil|Protect,CalmMind,Moonblast,DazzlingGleam|Modest||F|||50|]Kingambit||FocusSash|Defiant|SuckerPunch,IronHead,KowtowCleave,LowKick|Brave||M|||50|]Camerupt||Cameruptite|SolidRock|AncientPower,HeatWave,EarthPower,Protect|Quiet||F|||50|]Farigiraf||SitrusBerry|ArmorTail|Thunderbolt,TwinBeam,TrickRoom,HelpingHand|Relaxed||M|||50|
|showteam|p2|Garchomp||ChoiceScarf|RoughSkin|Earthquake,RockSlide,DragonClaw,StompingTantrum|Adamant||F|||50|]Venusaur||LifeOrb|Chlorophyll|SludgeBomb,SolarBeam,EarthPower,Protect|Modest||M|||50|]Incineroar||SitrusBerry|Intimidate|FakeOut,FlareBlitz,ThroatChop,PartingShot|Impish||M|||50|]Charizard||CharizarditeY|Blaze|HeatWave,WeatherBall,Protect,HelpingHand|Modest||F|||50|]Toxapex||Leftovers|Regenerator|Infestation,Toxic,WideGuard,BanefulBunker|Impish||F|||50|]Annihilape||FocusSash|Defiant|CloseCombat,PhantomForce,RockTomb,Protect|Jolly||F|||50|
|inactive|Battle timer is ON: inactive players will automatically lose when time's up. (requested by Gancelot)
|inactive|Gancelot has 60 seconds left.
|
|t:|1784056186
|teamsize|p1|4
|teamsize|p2|4
|start
|switch|p1a: Incineroar|Incineroar, L50, M|100/100
|switch|p1b: Sinistcha|Sinistcha, L50|100/100
|switch|p2a: Garchomp|Garchomp, L50, F|100/100
|switch|p2b: Charizard|Charizard, L50, F|100/100
|-ability|p1a: Incineroar|Intimidate|boost
|-unboost|p2a: Garchomp|atk|1
|-unboost|p2b: Charizard|atk|1
|turn|1
|inactive|Gancelot has 30 seconds left.
|
|t:|1784056214
|detailschange|p2b: Charizard|Charizard-Mega-Y, L50, F
|-mega|p2b: Charizard|Charizard|Charizardite Y
|-weather|SunnyDay|[from] ability: Drought|[of] p2b: Charizard
|move|p2b: Charizard|Helping Hand|p2a: Garchomp
|-singleturn|p2a: Garchomp|Helping Hand|[of] p2b: Charizard
|move|p1a: Incineroar|Fake Out|p2b: Charizard
|-damage|p2b: Charizard|87/100
|move|p2a: Garchomp|Earthquake|p1b: Sinistcha|[spread] p1a,p1b
|-immune|p2b: Charizard
|-supereffective|p1a: Incineroar|1
|-resisted|p1b: Sinistcha|1
|-damage|p1a: Incineroar|27/100
|-damage|p1b: Sinistcha|83/100
|move|p1b: Sinistcha|Trick Room|p1b: Sinistcha
|-fieldstart|move: Trick Room|[of] p1b: Sinistcha
|
|-weather|SunnyDay|[upkeep]
|upkeep
|turn|2
|
|t:|1784056229
|move|p1b: Sinistcha|Matcha Gotcha|p2b: Charizard|[spread] p2a,p2b
|-resisted|p2b: Charizard|2
|-damage|p2a: Garchomp|73/100
|-heal|p1b: Sinistcha|97/100|[from] drain|[of] p2a: Garchomp
|-damage|p2b: Charizard|82/100
|-heal|p1b: Sinistcha|100/100|[from] drain|[of] p2b: Charizard
|move|p1a: Incineroar|Throat Chop|p2b: Charizard
|-damage|p2b: Charizard|49/100
|-start|p2b: Charizard|Throat Chop|[silent]
|move|p2b: Charizard|Heat Wave|p1a: Incineroar|[spread] p1b
|-miss|p2b: Charizard|p1a: Incineroar
|-supereffective|p1b: Sinistcha|1
|-damage|p1b: Sinistcha|0 fnt
|faint|p1b: Sinistcha
|move|p2a: Garchomp|Earthquake|p1a: Incineroar|[spread] p1a
|-immune|p2b: Charizard
|-supereffective|p1a: Incineroar|1
|-damage|p1a: Incineroar|0 fnt
|faint|p1a: Incineroar
|
|-weather|SunnyDay|[upkeep]
|upkeep
|
|t:|1784056230
|switch|p1b: Camerupt|Camerupt, L50, F|100/100
|switch|p1a: Kingambit|Kingambit, L50, M|100/100
|turn|3
|
|t:|1784056252
|detailschange|p1b: Camerupt|Camerupt-Mega, L50, F
|-mega|p1b: Camerupt|Camerupt|Cameruptite
|move|p1b: Camerupt|Earth Power|p2a: Garchomp
|-damage|p2a: Garchomp|1/100
|move|p1a: Kingambit|Kowtow Cleave|p2b: Charizard
|-damage|p2b: Charizard|4/100
|move|p2b: Charizard|Heat Wave|p1b: Camerupt|[spread] p1b
|-miss|p2b: Charizard|p1a: Kingambit
|-resisted|p1b: Camerupt|1
|-damage|p1b: Camerupt|74/100
|move|p2a: Garchomp|Earthquake|p1b: Camerupt|[spread] p1a,p1b
|-immune|p2b: Charizard
|-supereffective|p1a: Kingambit|1
|-supereffective|p1b: Camerupt|1
|-damage|p1a: Kingambit|59/100
|-damage|p1b: Camerupt|23/100
|
|-weather|SunnyDay|[upkeep]
|-end|p2b: Charizard|Throat Chop|[silent]
|upkeep
|turn|4
|
|t:|1784056268
|move|p2b: Charizard|Protect|p2b: Charizard
|-singleturn|p2b: Charizard|Protect
|move|p1b: Camerupt|Heat Wave|p2a: Garchomp|[spread] p2a
|-activate|p2b: Charizard|move: Protect
|-resisted|p2a: Garchomp|1
|-damage|p2a: Garchomp|0 fnt
|faint|p2a: Garchomp
|move|p1a: Kingambit|Kowtow Cleave|p2b: Charizard
|-activate|p2b: Charizard|move: Protect
|
|-weather|SunnyDay|[upkeep]
|upkeep
|
|t:|1784056278
|switch|p2a: Toxapex|Toxapex, L50, F|100/100
|turn|5
|
|t:|1784056290
|move|p2b: Charizard|Protect||[still]
|-fail|p2b: Charizard
|move|p1b: Camerupt|Heat Wave|p2b: Charizard|[spread] p2b
|-miss|p1b: Camerupt|p2a: Toxapex
|-resisted|p2b: Charizard|1
|-damage|p2b: Charizard|0 fnt
|faint|p2b: Charizard
|move|p2a: Toxapex|Toxic|p1b: Camerupt
|-status|p1b: Camerupt|tox
|move|p1a: Kingambit|Kowtow Cleave|p2a: Toxapex
|-damage|p2a: Toxapex|68/100
|
|-weather|none
|-heal|p2a: Toxapex|74/100|[from] item: Leftovers
|-damage|p1b: Camerupt|16/100 tox|[from] psn
|-fieldend|move: Trick Room
|upkeep
|
|t:|1784056294
|switch|p2b: Venusaur|Venusaur, L50, M|100/100
|turn|6
|
|t:|1784056304
|move|p2b: Venusaur|Protect|p2b: Venusaur
|-singleturn|p2b: Venusaur|Protect
|move|p2a: Toxapex|Baneful Bunker|p2a: Toxapex
|-singleturn|p2a: Toxapex|move: Protect
|move|p1a: Kingambit|Kowtow Cleave|p2a: Toxapex
|-activate|p2a: Toxapex|move: Protect
|move|p1b: Camerupt|Earth Power|p2a: Toxapex
|-activate|p2a: Toxapex|move: Protect
|
|-heal|p2a: Toxapex|80/100|[from] item: Leftovers
|-damage|p1b: Camerupt|4/100 tox|[from] psn
|upkeep
|turn|7
|-message|TMJS01 forfeited.
|
|win|Gancelot
