|j|☆AbadanRiyi92
|j|☆thebrickwall285
|html|AbadanRiyi92thebrickwall285    
|uhtml|bestof|Game 2 of a best-of-3
|t:|1785640267
|gametype|doubles
|player|p1|AbadanRiyi92|colress|1226
|player|p2|thebrickwall285|170|1096
|gen|9
|tier|[Gen 9 Champions] VGC 2026 Reg M-B (Bo3)
|rated|
|rule|Species Clause: Limit one of each Pokémon
|rule|Item Clause: Limit 1 of each item
|clearpoke
|poke|p1|Gengar, L50, M|
|poke|p1|Swampert, L50, F|
|poke|p1|Incineroar, L50, M|
|poke|p1|Politoed, L50, F|
|poke|p1|Archaludon, L50, F|
|poke|p1|Vivillon, L50, F|
|poke|p2|Scovillain, L50, F|
|poke|p2|Aerodactyl, L50, F|
|poke|p2|Sylveon, L50, F|
|poke|p2|Salazzle, L50, F|
|poke|p2|Meowstic, L50, M|
|poke|p2|Kingambit, L50, M|
|teampreview|4
|showteam|p1|Gengar||Gengarite|CursedBody|ShadowBall,PerishSong,SludgeBomb,Protect|Timid||M|||50|]Swampert||Swampertite|Torrent|WaveCrash,Earthquake,IcePunch,Protect|Adamant||F|||50|]Incineroar||PasshoBerry|Intimidate|ThroatChop,PartingShot,FakeOut,Protect|Sassy||M|||50|]Politoed||SitrusBerry|Drizzle|WeatherBall,PerishSong,Encore,Protect|Calm||F|||50|]Archaludon||Leftovers|Stamina|DragonPulse,FlashCannon,ElectroShot,Protect|Bold||F|||50|]Vivillon||FocusSash|CompoundEyes|Hurricane,SleepPowder,RagePowder,Protect|Timid||F|||50|
|showteam|p2|Scovillain||Scovillainite|Chlorophyll|Flamethrower,GigaDrain,RagePowder,LeechSeed|Modest||F|||50|]Aerodactyl||Aerodactylite|RockHead|DragonClaw,Tailwind,DualWingbeat,RockSlide|Jolly||F|||50|]Sylveon||SitrusBerry|Pixilate|CalmMind,Protect,HyperVoice,ShadowBall|Modest||F|||50|]Salazzle||ShellBell|Corrosion|FakeOut,Flamethrower,SludgeBomb,Toxic|Hasty||F|||50|]Meowstic||FocusSash|Prankster|FakeOut,TrickRoom,Psychic,SunnyDay|Sassy||M|||50|]Kingambit||Leftovers|Defiant|IronHead,LowKick,SuckerPunch,KowtowCleave|Adamant||M|||50|
|
|t:|1785640278
|teamsize|p1|4
|teamsize|p2|4
|start
|switch|p1a: Gengar|Gengar, L50, M|100/100
|switch|p1b: Incineroar|Incineroar, L50, M|100/100
|switch|p2a: Kingambit|Kingambit, L50, M|100/100
|switch|p2b: Sylveon|Sylveon, L50, F|100/100
|-ability|p1b: Incineroar|Intimidate|boost
|-unboost|p2a: Kingambit|atk|1
|-ability|p2a: Kingambit|Defiant|boost
|-boost|p2a: Kingambit|atk|2
|-unboost|p2b: Sylveon|atk|1
|turn|1
|
|t:|1785640297
|detailschange|p1a: Gengar|Gengar-Mega, L50, M
|-mega|p1a: Gengar|Gengar|Gengarite
|move|p1b: Incineroar|Fake Out|p2a: Kingambit
|-resisted|p2a: Kingambit|1
|-damage|p2a: Kingambit|96/100
|move|p1a: Gengar|Perish Song|p1a: Gengar
|-start|p1a: Gengar|perish3|[silent]
|-start|p1b: Incineroar|perish3|[silent]
|-start|p2a: Kingambit|perish3|[silent]
|-start|p2b: Sylveon|perish3|[silent]
|-fieldactivate|move: Perish Song
|move|p2b: Sylveon|Shadow Ball|p1a: Gengar
|-supereffective|p1a: Gengar|1
|-damage|p1a: Gengar|43/100
|cant|p2a: Kingambit|flinch
|
|-heal|p2a: Kingambit|100/100|[from] item: Leftovers
|-start|p1a: Gengar|perish3
|-start|p2b: Sylveon|perish3
|-start|p1b: Incineroar|perish3
|-start|p2a: Kingambit|perish3
|upkeep
|turn|2
|j| Agent_999_999
|l| Agent_999_999
|j| Agent_999_999
|
|t:|1785640316
|move|p1a: Gengar|Protect|p1a: Gengar
|-singleturn|p1a: Gengar|Protect
|move|p1b: Incineroar|Protect|p1b: Incineroar
|-singleturn|p1b: Incineroar|Protect
|move|p2b: Sylveon|Hyper Voice|p1b: Incineroar|[spread] 
|-activate|p1a: Gengar|move: Protect
|-activate|p1b: Incineroar|move: Protect
|move|p2a: Kingambit|Kowtow Cleave|p1a: Gengar
|-activate|p1a: Gengar|move: Protect
|
|-start|p1a: Gengar|perish2
|-start|p2b: Sylveon|perish2
|-start|p1b: Incineroar|perish2
|-start|p2a: Kingambit|perish2
|upkeep
|turn|3
|l| Agent_999_999
|
|t:|1785640346
|switch|p1a: Politoed|Politoed, L50, F|100/100
|-weather|RainDance|[from] ability: Drizzle|[of] p1a: Politoed
|move|p2b: Sylveon|Shadow Ball|p1a: Politoed
|-damage|p1a: Politoed|78/100
|move|p1b: Incineroar|Parting Shot|p1a: Politoed
|-unboost|p1a: Politoed|atk|1
|-unboost|p1a: Politoed|spa|1
|
|t:|1785640355
|switch|p1b: Gengar|Gengar-Mega, L50, M|43/100|[from] Parting Shot
|move|p2a: Kingambit|Kowtow Cleave|p1b: Gengar
|-supereffective|p1b: Gengar|1
|-damage|p1b: Gengar|0 fnt
|faint|p1b: Gengar
|
|-weather|RainDance|[upkeep]
|-start|p2b: Sylveon|perish1
|-start|p2a: Kingambit|perish1
|upkeep
|
|t:|1785640364
|switch|p1b: Archaludon|Archaludon, L50, F|100/100
|turn|4
|
|t:|1785640380
|switch|p2b: Salazzle|Salazzle, L50, F|100/100
|switch|p2a: Aerodactyl|Aerodactyl, L50, F|100/100
|move|p1b: Archaludon|Electro Shot||[still]
|-prepare|p1b: Archaludon|Electro Shot
|-boost|p1b: Archaludon|spa|1
|-anim|p1b: Archaludon|Electro Shot|p2b: Salazzle
|-damage|p2b: Salazzle|6/100
|move|p1a: Politoed|Weather Ball|p2a: Aerodactyl
|-supereffective|p2a: Aerodactyl|1
|-damage|p2a: Aerodactyl|9/100
|
|-weather|RainDance|[upkeep]
|upkeep
|turn|5
|
|t:|1785640411
|detailschange|p2a: Aerodactyl|Aerodactyl-Mega, L50, F
|-mega|p2a: Aerodactyl|Aerodactyl|Aerodactylite
|move|p1b: Archaludon|Protect|p1b: Archaludon
|-singleturn|p1b: Archaludon|Protect
|move|p2b: Salazzle|Fake Out|p1a: Politoed
|-damage|p1a: Politoed|71/100
|-heal|p2b: Salazzle|6/100|[from] item: Shell Bell|[of] p1a: Politoed
|move|p2a: Aerodactyl|Tailwind|p2a: Aerodactyl
|-sidestart|p2: thebrickwall285|move: Tailwind
|cant|p1a: Politoed|flinch
|
|-weather|RainDance|[upkeep]
|upkeep
|turn|6
|j| aggroat23
|
|t:|1785640432
|switch|p1a: Incineroar|Incineroar, L50, M|100/100
|-ability|p1a: Incineroar|Intimidate|boost
|-unboost|p2a: Aerodactyl|atk|1
|-unboost|p2b: Salazzle|atk|1
|move|p2a: Aerodactyl|Dragon Claw|p1b: Archaludon
|-damage|p1b: Archaludon|84/100
|-ability|p1b: Archaludon|Stamina|boost
|-boost|p1b: Archaludon|def|1
|move|p2b: Salazzle|Toxic|p1b: Archaludon
|-status|p1b: Archaludon|tox
|move|p1b: Archaludon|Electro Shot||[still]
|-prepare|p1b: Archaludon|Electro Shot
|-boost|p1b: Archaludon|spa|1
|-anim|p1b: Archaludon|Electro Shot|p2b: Salazzle
|-damage|p2b: Salazzle|0 fnt
|faint|p2b: Salazzle
|
|-weather|RainDance|[upkeep]
|-heal|p1b: Archaludon|90/100 tox|[from] item: Leftovers
|-damage|p1b: Archaludon|84/100 tox|[from] psn
|upkeep
|
|t:|1785640449
|switch|p2b: Sylveon|Sylveon, L50, F|100/100
|turn|7
|
|t:|1785640463
|move|p1a: Incineroar|Fake Out|p2a: Aerodactyl
|-resisted|p2a: Aerodactyl|1
|-damage|p2a: Aerodactyl|2/100
|cant|p2a: Aerodactyl|flinch
|move|p2b: Sylveon|Calm Mind|p2b: Sylveon
|-boost|p2b: Sylveon|spa|1
|-boost|p2b: Sylveon|spd|1
|move|p1b: Archaludon|Flash Cannon|p2b: Sylveon
|-supereffective|p2b: Sylveon|1
|-damage|p2b: Sylveon|33/100
|-enditem|p2b: Sylveon|Sitrus Berry|[eat]
|-heal|p2b: Sylveon|58/100|[from] item: Sitrus Berry
|
|-weather|none
|-heal|p1b: Archaludon|90/100 tox|[from] item: Leftovers
|-damage|p1b: Archaludon|78/100 tox|[from] psn
|upkeep
|turn|8
|
|t:|1785640485
|move|p2a: Aerodactyl|Rock Slide|p1b: Archaludon|[spread] p1a,p1b
|-supereffective|p1a: Incineroar|1
|-resisted|p1b: Archaludon|1
|-damage|p1a: Incineroar|67/100
|-damage|p1b: Archaludon|73/100 tox
|-ability|p1b: Archaludon|Stamina|boost
|-boost|p1b: Archaludon|def|1
|move|p2b: Sylveon|Hyper Voice|p1a: Incineroar|[spread] p1a,p1b
|-damage|p1a: Incineroar|24/100
|-damage|p1b: Archaludon|18/100 tox
|-ability|p1b: Archaludon|Stamina|boost
|-boost|p1b: Archaludon|def|1
|move|p1b: Archaludon|Flash Cannon|p2b: Sylveon
|-supereffective|p2b: Sylveon|1
|-damage|p2b: Sylveon|0 fnt
|faint|p2b: Sylveon
|move|p1a: Incineroar|Throat Chop|p2a: Aerodactyl
|-damage|p2a: Aerodactyl|0 fnt
|faint|p2a: Aerodactyl
|
|-heal|p1b: Archaludon|24/100 tox|[from] item: Leftovers
|-damage|p1b: Archaludon|6/100 tox|[from] psn
|-sideend|p2: thebrickwall285|move: Tailwind
|upkeep
|
|t:|1785640507
|switch|p2a: Kingambit|Kingambit, L50, M|100/100
|turn|9
|
|t:|1785640514
|switch|p1a: Politoed|Politoed, L50, F|71/100
|-weather|RainDance|[from] ability: Drizzle|[of] p1a: Politoed
|move|p2a: Kingambit|Sucker Punch||[still]
|-fail|p2a: Kingambit
|move|p1b: Archaludon|Electro Shot||[still]
|-prepare|p1b: Archaludon|Electro Shot
|-boost|p1b: Archaludon|spa|1
|-anim|p1b: Archaludon|Electro Shot|p2a: Kingambit
|-damage|p2a: Kingambit|8/100
|
|-weather|RainDance|[upkeep]
|-heal|p1b: Archaludon|12/100 tox|[from] item: Leftovers
|-heal|p2a: Kingambit|14/100|[from] item: Leftovers
|-damage|p1b: Archaludon|0 fnt|[from] psn
|faint|p1b: Archaludon
|upkeep
|
|t:|1785640528
|switch|p1b: Incineroar|Incineroar, L50, M|24/100
|-ability|p1b: Incineroar|Intimidate|boost
|-unboost|p2a: Kingambit|atk|1
|-ability|p2a: Kingambit|Defiant|boost
|-boost|p2a: Kingambit|atk|2
|turn|10
|c|☆AbadanRiyi92|I mean, whwy not sucker the arch there no?
|c|☆AbadanRiyi92|You had the game
|
|t:|1785640549
|move|p1b: Incineroar|Fake Out|p2a: Kingambit
|-resisted|p2a: Kingambit|1
|-damage|p2a: Kingambit|11/100
|cant|p2a: Kingambit|flinch
|move|p1a: Politoed|Weather Ball|p2a: Kingambit
|-damage|p2a: Kingambit|0 fnt
|faint|p2a: Kingambit
|
|win|AbadanRiyi92
|raw|AbadanRiyi92's rating: 1226 → 1242(+16 for winning)
|raw|thebrickwall285's rating: 1096 → 1080(-16 for losing)
