|j|☆CamronVGC
|j|‽TM06ssb
|html|CamronVGCTM06ssb    
|uhtml|bestof|Game 1 of a best-of-3
|t:|1782330371
|gametype|doubles
|player|p1|CamronVGC|koga|1000
|player|p2|TM06ssb|morty|1025
|gen|9
|tier|[Gen 9 Champions] VGC 2026 Reg M-B (Bo3)
|rated|
|rule|Species Clause: Limit one of each Pokémon
|rule|Item Clause: Limit 1 of each item
|clearpoke
|poke|p1|Floette-Eternal, L50, F|
|poke|p1|Aerodactyl, L50, F|
|poke|p1|Garchomp, L50, M|
|poke|p1|Incineroar, L50, M|
|poke|p1|Sinistcha-Masterpiece, L50|
|poke|p1|Gholdengo, L50|
|poke|p2|Gengar, L50, F, shiny|
|poke|p2|Sinistcha, L50|
|poke|p2|Kingambit, L50, F|
|poke|p2|Incineroar, L50, M|
|poke|p2|Ninetales-Alola, L50, M, shiny|
|poke|p2|Sneasler, L50, F|
|teampreview|4
|showteam|p1|Floette-Eternal||Floettite|FlowerVeil|Protect,DrainingKiss,Moonblast,CalmMind|Modest||F|||50|]Aerodactyl||Aerodactylite|Unnerve|Protect,Tailwind,DualWingbeat,RockSlide|Jolly||F|||50|]Garchomp||ChoiceScarf|RoughSkin|RockSlide,DragonClaw,Earthquake,StompingTantrum|Adamant||M|||50|]Incineroar||SitrusBerry|Intimidate|FlareBlitz,PartingShot,ThroatChop,FakeOut|Impish||M|||50|]Sinistcha-Masterpiece||KasibBerry|Hospitality|Protect,RagePowder,MatchaGotcha,LifeDew|Bold|||||50|]Gholdengo||LifeOrb|GoodasGold|Protect,MakeItRain,ShadowBall,NastyPlot|Timid|||||50|
|showteam|p2|Gengar||Gengarite|CursedBody|ShadowBall,SludgeBomb,PerishSong,Protect|Timid||F|||50|]Sinistcha||Leftovers|Hospitality|MatchaGotcha,RagePowder,TrickRoom,LifeDew|Bold|||||50|]Kingambit||ChopleBerry|Defiant|KowtowCleave,SuckerPunch,IronHead,Protect|Adamant||F|||50|]Incineroar||SitrusBerry|Intimidate|FakeOut,PartingShot,FlareBlitz,Protect|Careful||M|||50|]Ninetales-Alola||FocusSash|SnowWarning|AuroraVeil,IcyWind,Blizzard,Encore|Timid||M|||50|]Sneasler||WhiteHerb|Unburden|CloseCombat,DireClaw,FakeOut,Protect|Jolly||F|||50|
|inactive|Battle timer is ON: inactive players will automatically lose when time's up. (requested by CamronVGC)
|inactive|CamronVGC has 60 seconds left.
|inactive|TM06ssb has 60 seconds left.
|
|t:|1782330429
|teamsize|p1|4
|teamsize|p2|4
|start
|switch|p1a: Gholdengo|Gholdengo, L50|100/100
|switch|p1b: Garchomp|Garchomp, L50, M|100/100
|switch|p2a: Gengar|Gengar, L50, F, shiny|100/100
|switch|p2b: Incineroar|Incineroar, L50, M|100/100
|-ability|p2b: Incineroar|Intimidate|boost
|-unboost|p1a: Gholdengo|atk|1
|-unboost|p1b: Garchomp|atk|1
|turn|1
|inactive|CamronVGC has 30 seconds left.
|inactive|TM06ssb has 30 seconds left.
|inactive|TM06ssb has 20 seconds left.
|inactive|CamronVGC has 20 seconds left.
|inactive|TM06ssb has 15 seconds left.
|inactive|CamronVGC has 15 seconds left.
|inactive|TM06ssb has 10 seconds left.
|inactive|TM06ssb has 5 seconds left.
|
|t:|1782330481
|switch|p1b: Incineroar|Incineroar, L50, M|100/100
|-ability|p1b: Incineroar|Intimidate|boost
|-unboost|p2a: Gengar|atk|1
|-unboost|p2b: Incineroar|atk|1
|detailschange|p2a: Gengar|Gengar-Mega, L50, F, shiny
|-mega|p2a: Gengar|Gengar|Gengarite
|move|p2a: Gengar|Protect|p2a: Gengar
|-singleturn|p2a: Gengar|Protect
|move|p1a: Gholdengo|Protect|p1a: Gholdengo
|-singleturn|p1a: Gholdengo|Protect
|move|p2b: Incineroar|Fake Out|p1b: Incineroar
|-damage|p1b: Incineroar|94/100
|
|upkeep
|turn|2
|inactive|CamronVGC has 30 seconds left.
|inactive|TM06ssb has 30 seconds left.
|inactive|CamronVGC has 20 seconds left.
|inactive|TM06ssb has 20 seconds left.
|inactive|CamronVGC has 15 seconds left.
|
|t:|1782330524
|switch|p2a: Kingambit|Kingambit, L50, F|100/100
|move|p1a: Gholdengo|Nasty Plot|p1a: Gholdengo
|-boost|p1a: Gholdengo|spa|2
|move|p1b: Incineroar|Throat Chop|p2a: Kingambit
|-resisted|p2a: Kingambit|1
|-damage|p2a: Kingambit|88/100
|-start|p2a: Kingambit|Throat Chop|[silent]
|move|p2b: Incineroar|Parting Shot|p1a: Gholdengo
|-immune|p1a: Gholdengo|[from] ability: Good as Gold
|
|upkeep
|turn|3
|inactive|CamronVGC has 30 seconds left.
|inactive|TM06ssb has 30 seconds left.
|inactive|TM06ssb has 20 seconds left.
|inactive|TM06ssb has 15 seconds left.
|inactive|CamronVGC has 20 seconds left.
|inactive|CamronVGC has 15 seconds left.
|inactive|CamronVGC has 10 seconds left.
|inactive|CamronVGC has 5 seconds left.
|
|t:|1782330587
|move|p1a: Gholdengo|Protect|p1a: Gholdengo
|-singleturn|p1a: Gholdengo|Protect
|move|p1b: Incineroar|Flare Blitz|p2a: Kingambit
|-supereffective|p2a: Kingambit|1
|-damage|p2a: Kingambit|22/100
|-damage|p1b: Incineroar|71/100|[from] Recoil
|move|p2b: Incineroar|Flare Blitz|p1a: Gholdengo
|-activate|p1a: Gholdengo|move: Protect
|move|p2a: Kingambit|Kowtow Cleave|p1a: Gholdengo
|-activate|p1a: Gholdengo|move: Protect
|
|-end|p2a: Kingambit|Throat Chop|[silent]
|upkeep
|turn|4
|
|t:|1782330611
|switch|p1a: Aerodactyl|Aerodactyl, L50, F|100/100
|-ability|p1a: Aerodactyl|Unnerve
|move|p2a: Kingambit|Sucker Punch||[still]
|-fail|p2a: Kingambit
|move|p1b: Incineroar|Flare Blitz|p2a: Kingambit
|-supereffective|p2a: Kingambit|1
|-damage|p2a: Kingambit|0 fnt
|faint|p2a: Kingambit
|-damage|p1b: Incineroar|63/100|[from] Recoil
|move|p2b: Incineroar|Flare Blitz|p1a: Aerodactyl
|-resisted|p1a: Aerodactyl|1
|-damage|p1a: Aerodactyl|75/100
|-damage|p2b: Incineroar|93/100|[from] Recoil
|
|upkeep
|
|t:|1782330628
|switch|p2a: Gengar|Gengar-Mega, L50, F, shiny|100/100
|turn|5
|inactive|TM06ssb has 30 seconds left.
|
|t:|1782330661
|detailschange|p1a: Aerodactyl|Aerodactyl-Mega, L50, F
|-mega|p1a: Aerodactyl|Aerodactyl|Aerodactylite
|move|p1a: Aerodactyl|Rock Slide|p2b: Incineroar|[spread] 
|-miss|p1a: Aerodactyl|p2a: Gengar
|-miss|p1a: Aerodactyl|p2b: Incineroar
|move|p2a: Gengar|Perish Song|p2a: Gengar
|-start|p1a: Aerodactyl|perish3|[silent]
|-start|p1b: Incineroar|perish3|[silent]
|-start|p2a: Gengar|perish3|[silent]
|-start|p2b: Incineroar|perish3|[silent]
|-fieldactivate|move: Perish Song
|move|p1b: Incineroar|Parting Shot|p2b: Incineroar
|-unboost|p2b: Incineroar|atk|1
|-unboost|p2b: Incineroar|spa|1
|
|t:|1782330671
|switch|p1b: Garchomp|Garchomp, L50, M|100/100|[from] Parting Shot
|move|p2b: Incineroar|Parting Shot|p1a: Aerodactyl
|-unboost|p1a: Aerodactyl|atk|1
|-unboost|p1a: Aerodactyl|spa|1
|
|t:|1782330679
|switch|p2b: Sinistcha|Sinistcha, L50|100/100|[from] Parting Shot
|
|-start|p1a: Aerodactyl|perish3
|-start|p2a: Gengar|perish3
|upkeep
|turn|6
|
|t:|1782330697
|switch|p2b: Incineroar|Incineroar, L50, M|93/100
|-ability|p2b: Incineroar|Intimidate|boost
|-unboost|p1a: Aerodactyl|atk|1
|-unboost|p1b: Garchomp|atk|1
|move|p2a: Gengar|Protect|p2a: Gengar
|-singleturn|p2a: Gengar|Protect
|move|p1b: Garchomp|Earthquake|p2b: Incineroar|[spread] p2b
|-activate|p2a: Gengar|move: Protect
|-immune|p1a: Aerodactyl
|-supereffective|p2b: Incineroar|1
|-damage|p2b: Incineroar|42/100
|-enditem|p2b: Incineroar|Sitrus Berry|[eat]
|-heal|p2b: Incineroar|66/100|[from] item: Sitrus Berry
|move|p1a: Aerodactyl|Dual Wingbeat|p2b: Incineroar
|-damage|p2b: Incineroar|54/100
|-damage|p2b: Incineroar|41/100
|-hitcount|p2b: Incineroar|2
|
|-start|p1a: Aerodactyl|perish2
|-start|p2a: Gengar|perish2
|upkeep
|turn|7
|inactive|CamronVGC has 30 seconds left.
|inactive|TM06ssb has 30 seconds left.
|
|t:|1782330730
|switch|p2a: Sinistcha|Sinistcha, L50|100/100
|-heal|p2b: Incineroar|65/100|[from] ability: Hospitality|[of] p2a: Sinistcha
|move|p2b: Incineroar|Fake Out|p1b: Garchomp
|-damage|p1b: Garchomp|90/100
|-damage|p2b: Incineroar|53/100|[from] ability: Rough Skin|[of] p1b: Garchomp
|cant|p1b: Garchomp|flinch
|move|p1a: Aerodactyl|Rock Slide|p2a: Sinistcha|[spread] p2a,p2b
|-supereffective|p2b: Incineroar|1
|-damage|p2a: Sinistcha|87/100
|-damage|p2b: Incineroar|26/100
|
|-heal|p2a: Sinistcha|93/100|[from] item: Leftovers
|-start|p1a: Aerodactyl|perish1
|upkeep
|turn|8
|inactive|TM06ssb has 30 seconds left.
|inactive|TM06ssb has 20 seconds left.
|inactive|TM06ssb has 15 seconds left.
|inactive|TM06ssb has 10 seconds left.
|
|t:|1782330779
|switch|p1b: Gholdengo|Gholdengo, L50|100/100
|switch|p1a: Incineroar|Incineroar, L50, M|63/100
|-ability|p1a: Incineroar|Intimidate|boost
|-unboost|p2a: Sinistcha|atk|1
|-unboost|p2b: Incineroar|atk|1
|move|p2b: Incineroar|Protect|p2b: Incineroar
|-singleturn|p2b: Incineroar|Protect
|move|p2a: Sinistcha|Matcha Gotcha|p1a: Incineroar|[spread] p1b
|-miss|p2a: Sinistcha|p1a: Incineroar
|-resisted|p1b: Gholdengo|1
|-damage|p1b: Gholdengo|86/100
|-heal|p2a: Sinistcha|100/100|[from] drain|[of] p1b: Gholdengo
|
|upkeep
|turn|9
|inactive|CamronVGC has 30 seconds left.
|inactive|TM06ssb has 30 seconds left.
|inactive|TM06ssb has 20 seconds left.
|inactive|TM06ssb has 15 seconds left.
|inactive|TM06ssb has 10 seconds left.
|inactive|TM06ssb has 5 seconds left.
|
|t:|1782330831
|switch|p2a: Gengar|Gengar-Mega, L50, F, shiny|100/100
|move|p1b: Gholdengo|Make It Rain|p2a: Gengar|[spread] p2a,p2b
|-resisted|p2b: Incineroar|1
|-damage|p2a: Gengar|38/100
|-damage|p2b: Incineroar|5/100
|-unboost|p1b: Gholdengo|spa|2
|-damage|p1b: Gholdengo|77/100|[from] item: Life Orb
|move|p1a: Incineroar|Flare Blitz|p2a: Gengar
|-damage|p2a: Gengar|0 fnt
|faint|p2a: Gengar
|-damage|p1a: Incineroar|53/100|[from] Recoil
|move|p2b: Incineroar|Flare Blitz|p1b: Gholdengo
|-supereffective|p1b: Gholdengo|1
|-damage|p1b: Gholdengo|15/100
|-damage|p2b: Incineroar|0 fnt|[from] Recoil
|faint|p2b: Incineroar
|
|upkeep
|-message|TM06ssb forfeited.
|
|win|CamronVGC
|l|‽TM06ssb
|player|p2|
||CamronVGC is ready for game 2.
||TM06ssb is ready for game 2.
|uhtml|next|Next: Game 2 of 3
