|j|☆Senpai9878
|j|☆lolgz
|html|Senpai9878lolgz    
|uhtml|bestof|Game 1 of a best-of-3
|t:|1784103416
|gametype|doubles
|player|p1|Senpai9878|169|1087
|player|p2|lolgz|dawn|1155
|gen|9
|tier|[Gen 9 Champions] VGC 2026 Reg M-B (Bo3)
|rated|
|rule|Species Clause: Limit one of each Pokémon
|rule|Item Clause: Limit 1 of each item
|clearpoke
|poke|p1|Aerodactyl, L50, M|
|poke|p1|Sylveon, L50, M|
|poke|p1|Charizard, L50, M|
|poke|p1|Kingambit, L50, F|
|poke|p1|Garchomp, L50, M|
|poke|p1|Incineroar, L50, F|
|poke|p2|Delphox, L50, M|
|poke|p2|Incineroar, L50, F|
|poke|p2|Vivillon, L50, M|
|poke|p2|Sinistcha, L50|
|poke|p2|Blastoise, L50, F|
|poke|p2|Maushold, L50|
|teampreview|4
|showteam|p1|Aerodactyl||Aerodactylite|Unnerve|IceFang,RockSlide,Tailwind,WideGuard|Jolly||M|||50|]Sylveon||FairyFeather|Pixilate|Detect,HyperVoice,HyperBeam,QuickAttack|Serious||M|||50|]Charizard||CharizarditeY|Blaze|Protect,HeatWave,WeatherBall,SolarBeam|Modest||M|||50|]Kingambit||FocusSash|Defiant|KowtowCleave,SuckerPunch,IronHead,Protect|Adamant||F|||50|]Garchomp||LifeOrb|RoughSkin|Earthquake,StompingTantrum,Protect,DragonClaw|Adamant||M|||50|]Incineroar||SitrusBerry|Intimidate|FakeOut,FlareBlitz,DarkestLariat,PartingShot|Careful||F|||50|
|showteam|p2|Delphox||Delphoxite|Blaze|HeatWave,Psychic,NastyPlot,Protect|Timid||M|||50|]Incineroar||SitrusBerry|Intimidate|FakeOut,PartingShot,FlareBlitz,ThroatChop|Impish||F|||50|]Vivillon||ChoiceScarf|CompoundEyes|SleepPowder,Hurricane,RagePowder,Tailwind|Timid||M|||50|]Sinistcha||CobaBerry|Hospitality|MatchaGotcha,RagePowder,Protect,TrickRoom|Bold|||||50|]Blastoise||Blastoisinite|RainDish|Protect,WaterSpout,DarkPulse,ShellSmash|Modest||F|||50|]Maushold||FocusSash|FriendGuard|FollowMe,Protect,SuperFang,HelpingHand|Jolly|||||50|
|inactive|Battle timer is ON: inactive players will automatically lose when time's up. (requested by lolgz)
|inactive|Senpai9878 has 60 seconds left.
|
|t:|1784103469
|teamsize|p1|4
|teamsize|p2|4
|start
|switch|p1a: Aerodactyl|Aerodactyl, L50, M|100/100
|switch|p1b: Incineroar|Incineroar, L50, F|100/100
|switch|p2a: Vivillon|Vivillon, L50, M|100/100
|switch|p2b: Delphox|Delphox, L50, M|100/100
|-ability|p1a: Aerodactyl|Unnerve
|-ability|p1b: Incineroar|Intimidate|boost
|-unboost|p2a: Vivillon|atk|1
|-unboost|p2b: Delphox|atk|1
|turn|1
|inactive|Senpai9878 has 30 seconds left.
|
|t:|1784103494
|detailschange|p2b: Delphox|Delphox-Mega, L50, M
|-mega|p2b: Delphox|Delphox|Delphoxite
|move|p1b: Incineroar|Fake Out|p2a: Vivillon
|-damage|p2a: Vivillon|79/100
|cant|p2a: Vivillon|flinch
|move|p2b: Delphox|Nasty Plot|p2b: Delphox
|-boost|p2b: Delphox|spa|2
|move|p1a: Aerodactyl|Ice Fang|p2a: Vivillon
|-supereffective|p2a: Vivillon|1
|-damage|p2a: Vivillon|1/100
|
|upkeep
|turn|2
|inactive|Senpai9878 has 30 seconds left.
|inactive|Senpai9878 has 20 seconds left.
|
|t:|1784103529
|move|p2a: Vivillon|Sleep Powder|p1a: Aerodactyl
|-status|p1a: Aerodactyl|slp|[from] move: Sleep Powder
|move|p2b: Delphox|Heat Wave|p1b: Incineroar|[spread] p1a,p1b
|-resisted|p1a: Aerodactyl|1
|-resisted|p1b: Incineroar|1
|-damage|p1a: Aerodactyl|38/100 slp
|-damage|p1b: Incineroar|61/100
|cant|p1a: Aerodactyl|slp
|move|p1b: Incineroar|Darkest Lariat|p2b: Delphox
|-supereffective|p2b: Delphox|1
|-damage|p2b: Delphox|1/100
|
|upkeep
|turn|3
|
|t:|1784103546
|move|p2a: Vivillon|Sleep Powder|p1b: Incineroar
|-status|p1b: Incineroar|slp|[from] move: Sleep Powder
|move|p2b: Delphox|Heat Wave|p1b: Incineroar|[spread] p1a,p1b
|-resisted|p1a: Aerodactyl|1
|-resisted|p1b: Incineroar|1
|-damage|p1a: Aerodactyl|0 fnt
|-damage|p1b: Incineroar|26/100 slp
|-enditem|p1b: Incineroar|Sitrus Berry|[eat]
|-heal|p1b: Incineroar|51/100 slp|[from] item: Sitrus Berry
|faint|p1a: Aerodactyl
|cant|p1b: Incineroar|slp
|
|upkeep
|
|t:|1784103560
|switch|p1a: Sylveon|Sylveon, L50, M|100/100
|turn|4
|
|t:|1784103573
|switch|p2a: Sinistcha|Sinistcha, L50|100/100
|-heal|p2b: Delphox|25/100|[from] ability: Hospitality|[of] p2a: Sinistcha
|move|p2b: Delphox|Protect|p2b: Delphox
|-singleturn|p2b: Delphox|Protect
|move|p1a: Sylveon|Quick Attack|p2a: Sinistcha
|-damage|p2a: Sinistcha|87/100
|cant|p1b: Incineroar|slp
|
|upkeep
|turn|5
|
|t:|1784103597
|move|p2a: Sinistcha|Rage Powder|p2a: Sinistcha
|-singleturn|p2a: Sinistcha|move: Rage Powder
|move|p2b: Delphox|Psychic|p1a: Sylveon
|-damage|p1a: Sylveon|21/100
|move|p1a: Sylveon|Hyper Voice|p2a: Sinistcha|[spread] p2a,p2b
|-resisted|p2b: Delphox|1
|-crit|p2b: Delphox
|-damage|p2a: Sinistcha|43/100
|-damage|p2b: Delphox|0 fnt
|faint|p2b: Delphox
|-curestatus|p1b: Incineroar|slp|[msg]
|move|p1b: Incineroar|Flare Blitz|p2a: Sinistcha
|-supereffective|p2a: Sinistcha|1
|-damage|p2a: Sinistcha|0 fnt
|faint|p2a: Sinistcha
|-damage|p1b: Incineroar|39/100|[from] Recoil
|
|upkeep
|
|t:|1784103603
|switch|p2b: Maushold|Maushold, L50|100/100
|switch|p2a: Vivillon|Vivillon, L50, M|1/100
|turn|6
|-message|lolgz forfeited.
|raw|Senpai9878's rating: 1087 → 1119(+32 for winning)
|raw|lolgz's rating: 1155 → 1125(-30 for losing)
|
|win|Senpai9878
