|j|☆Victor231
|j|☆mammamiapik
|html|Victor231mammamiapik    
|uhtml|bestof|Game 3 of a best-of-3
|t:|1784143585
|gametype|doubles
|player|p1|Victor231|266|1000
|player|p2|mammamiapik|benga|1089
|gen|9
|tier|[Gen 9 Champions] VGC 2026 Reg M-B (Bo3)
|rated|
|rule|Species Clause: Limit one of each Pokémon
|rule|Item Clause: Limit 1 of each item
|clearpoke
|poke|p1|Floette-Eternal, L50, F|
|poke|p1|Incineroar, L50, M|
|poke|p1|Sinistcha-Masterpiece, L50|
|poke|p1|Rotom-Wash, L50|
|poke|p1|Sneasler, L50, M|
|poke|p1|Metagross, L50|
|poke|p2|Gengar, L50, M|
|poke|p2|Politoed, L50, F|
|poke|p2|Incineroar, L50, M|
|poke|p2|Archaludon, L50, F|
|poke|p2|Meowscarada, L50, M|
|poke|p2|Raichu, L50, M|
|teampreview|4
|showteam|p1|Floette-Eternal||Floettite|FlowerVeil|DazzlingGleam,DrainingKiss,CalmMind,Protect|Modest||F|||50|]Incineroar||SitrusBerry|Intimidate|FakeOut,PartingShot,ThroatChop,FlareBlitz|Careful||M|||50|]Sinistcha-Masterpiece||KasibBerry|Hospitality|MatchaGotcha,LifeDew,TrickRoom,RagePowder|Calm|||||50|]Rotom-Wash||ChoiceScarf|Levitate|VoltSwitch,WillOWisp,HydroPump,Trick|Modest|||||50|]Sneasler||WhiteHerb|Unburden|FakeOut,Coaching,DireClaw,CloseCombat|Jolly||M|||50|]Metagross||Metagrossite|ClearBody|BulletPunch,PsychicFangs,Protect,IcePunch|Jolly|||||50|
|showteam|p2|Gengar||Gengarite|CursedBody|PerishSong,ShadowBall,Substitute,Protect|Timid||M|||50|]Politoed||SitrusBerry|Drizzle|WeatherBall,PerishSong,Encore,Protect|Bold||F|||50|]Incineroar||PasshoBerry|Intimidate|FakeOut,ThroatChop,PartingShot,Protect|Sassy||M|||50|]Archaludon||Leftovers|Stamina|ElectroShot,DragonPulse,FlashCannon,Protect|Modest||F|||50|]Meowscarada||LifeOrb|Protean|FlowerTrick,SuckerPunch,TripleAxel,Protect|Jolly||M|||50|]Raichu||RaichuniteX|Static|FakeOut,RisingVoltage,VoltTackle,Protect|Hasty||M|||50|
|inactive|Battle timer is ON: inactive players will automatically lose when time's up. (requested by mammamiapik)
|
|t:|1784143632
|teamsize|p1|4
|teamsize|p2|4
|start
|switch|p1a: Incineroar|Incineroar, L50, M|100/100
|switch|p1b: Rotom|Rotom-Wash, L50|100/100
|switch|p2a: Gengar|Gengar, L50, M|100/100
|switch|p2b: Incineroar|Incineroar, L50, M|100/100
|-ability|p1a: Incineroar|Intimidate|boost
|-unboost|p2a: Gengar|atk|1
|-unboost|p2b: Incineroar|atk|1
|-ability|p2b: Incineroar|Intimidate|boost
|-unboost|p1a: Incineroar|atk|1
|-unboost|p1b: Rotom|atk|1
|turn|1
|
|t:|1784143653
|detailschange|p2a: Gengar|Gengar-Mega, L50, M
|-mega|p2a: Gengar|Gengar|Gengarite
|move|p1a: Incineroar|Fake Out|p2b: Incineroar
|-damage|p2b: Incineroar|93/100
|cant|p2b: Incineroar|flinch
|move|p2a: Gengar|Perish Song|p2a: Gengar
|-start|p1a: Incineroar|perish3|[silent]
|-start|p1b: Rotom|perish3|[silent]
|-start|p2a: Gengar|perish3|[silent]
|-start|p2b: Incineroar|perish3|[silent]
|-fieldactivate|move: Perish Song
|move|p1b: Rotom|Trick|p2b: Incineroar
|-activate|p1b: Rotom|move: Trick|[of] p2b: Incineroar
|-item|p2b: Incineroar|Choice Scarf|[from] move: Trick
|-item|p1b: Rotom|Passho Berry|[from] move: Trick
|
|-start|p2a: Gengar|perish3
|-start|p1b: Rotom|perish3
|-start|p2b: Incineroar|perish3
|-start|p1a: Incineroar|perish3
|upkeep
|turn|2
|
|t:|1784143674
|move|p2a: Gengar|Protect|p2a: Gengar
|-singleturn|p2a: Gengar|Protect
|move|p1b: Rotom|Hydro Pump|p2b: Incineroar
|-supereffective|p2b: Incineroar|1
|-damage|p2b: Incineroar|25/100
|move|p2b: Incineroar|Throat Chop|p1a: Incineroar
|-resisted|p1a: Incineroar|1
|-damage|p1a: Incineroar|91/100
|-start|p1a: Incineroar|Throat Chop|[silent]
|move|p1a: Incineroar|Flare Blitz|p2a: Gengar
|-activate|p2a: Gengar|move: Protect
|
|-start|p2a: Gengar|perish2
|-start|p1b: Rotom|perish2
|-start|p2b: Incineroar|perish2
|-start|p1a: Incineroar|perish2
|upkeep
|turn|3
|inactive|Victor231 has 30 seconds left.
|inactive|Victor231 has 20 seconds left.
|
|t:|1784143710
|switch|p2a: Politoed|Politoed, L50, F|100/100
|-weather|RainDance|[from] ability: Drizzle|[of] p2a: Politoed
|move|p1b: Rotom|Hydro Pump|p2a: Politoed
|-resisted|p2a: Politoed|1
|-damage|p2a: Politoed|69/100
|move|p2b: Incineroar|Throat Chop|p1b: Rotom
|-crit|p1b: Rotom
|-damage|p1b: Rotom|43/100
|-start|p1b: Rotom|Throat Chop|[silent]
|move|p1a: Incineroar|Throat Chop|p2b: Incineroar
|-resisted|p2b: Incineroar|1
|-damage|p2b: Incineroar|15/100
|-start|p2b: Incineroar|Throat Chop|[silent]
|
|-weather|RainDance|[upkeep]
|-end|p1a: Incineroar|Throat Chop|[silent]
|-start|p1b: Rotom|perish1
|-start|p2b: Incineroar|perish1
|-start|p1a: Incineroar|perish1
|upkeep
|turn|4
|inactive|Victor231 has 30 seconds left.
|inactive|mammamiapik has 30 seconds left.
|
|t:|1784143743
|switch|p2b: Archaludon|Archaludon, L50, F|100/100
|move|p2a: Politoed|Protect|p2a: Politoed
|-singleturn|p2a: Politoed|Protect
|move|p1b: Rotom|Volt Switch|p2b: Archaludon
|-resisted|p2b: Archaludon|1
|-damage|p2b: Archaludon|86/100
|-ability|p2b: Archaludon|Stamina|boost
|-boost|p2b: Archaludon|def|1
|inactive|Victor231 has 30 seconds left.
|inactive|Victor231 has 20 seconds left.
|inactive|Victor231 has 15 seconds left.
|
|t:|1784143785
|switch|p1b: Sinistcha|Sinistcha-Masterpiece, L50|100/100|[from] Volt Switch
|-heal|p1a: Incineroar|100/100|[from] ability: Hospitality|[of] p1b: Sinistcha
|move|p1a: Incineroar|Parting Shot|p2b: Archaludon
|-unboost|p2b: Archaludon|atk|1
|-unboost|p2b: Archaludon|spa|1
|
|t:|1784143796
|switch|p1a: Floette|Floette-Eternal, L50, F|100/100|[from] Parting Shot
|
|-weather|RainDance|[upkeep]
|-heal|p2b: Archaludon|92/100|[from] item: Leftovers
|upkeep
|turn|5
|
|t:|1784143825
|switch|p2b: Incineroar|Incineroar, L50, M|15/100
|-ability|p2b: Incineroar|Intimidate|boost
|-unboost|p1a: Floette|atk|1
|-block|p1b: Sinistcha|ability: Flower Veil|[of] p1a: Floette
|detailschange|p1a: Floette|Floette-Mega, L50, F
|-mega|p1a: Floette|Floette|Floettite
|-ability|p1a: Floette|Fairy Aura
|move|p1b: Sinistcha|Rage Powder|p1b: Sinistcha
|-singleturn|p1b: Sinistcha|move: Rage Powder
|move|p1a: Floette|Calm Mind|p1a: Floette
|-boost|p1a: Floette|spa|1
|-boost|p1a: Floette|spd|1
|move|p2a: Politoed|Perish Song|p2a: Politoed
|-start|p1a: Floette|perish3|[silent]
|-start|p1b: Sinistcha|perish3|[silent]
|-start|p2a: Politoed|perish3|[silent]
|-start|p2b: Incineroar|perish3|[silent]
|-fieldactivate|move: Perish Song
|
|-weather|RainDance|[upkeep]
|-start|p1a: Floette|perish3
|-start|p2b: Incineroar|perish3
|-start|p2a: Politoed|perish3
|-start|p1b: Sinistcha|perish3
|upkeep
|turn|6
|inactive|Victor231 has 30 seconds left.
|inactive|Victor231 has 20 seconds left.
|inactive|Victor231 has 15 seconds left.
|inactive|Victor231 has 10 seconds left.
|
|t:|1784143873
|switch|p1b: Incineroar|Incineroar, L50, M|100/100
|-ability|p1b: Incineroar|Intimidate|boost
|-unboost|p2a: Politoed|atk|1
|-unboost|p2b: Incineroar|atk|1
|move|p2b: Incineroar|Fake Out|p1a: Floette
|-damage|p1a: Floette|92/100
|cant|p1a: Floette|flinch
|move|p2a: Politoed|Encore|p1a: Floette
|-start|p1a: Floette|Encore
|
|-weather|RainDance|[upkeep]
|-start|p1a: Floette|perish2
|-start|p2b: Incineroar|perish2
|-start|p2a: Politoed|perish2
|upkeep
|turn|7
|inactive|Victor231 has 30 seconds left.
|
|t:|1784143899
|switch|p1a: Sinistcha|Sinistcha-Masterpiece, L50|100/100
|switch|p2b: Archaludon|Archaludon, L50, F|92/100
|move|p2a: Politoed|Weather Ball|p1b: Incineroar
|-supereffective|p1b: Incineroar|1
|-damage|p1b: Incineroar|25/100
|-enditem|p1b: Incineroar|Sitrus Berry|[eat]
|-heal|p1b: Incineroar|50/100y|[from] item: Sitrus Berry
|move|p1b: Incineroar|Throat Chop|p2b: Archaludon
|-damage|p2b: Archaludon|69/100
|-start|p2b: Archaludon|Throat Chop|[silent]
|-ability|p2b: Archaludon|Stamina|boost
|-boost|p2b: Archaludon|def|1
|
|-weather|none
|-heal|p2b: Archaludon|75/100|[from] item: Leftovers
|-start|p2a: Politoed|perish1
|upkeep
|turn|8
|inactive|Victor231 has 30 seconds left.
|
|t:|1784143924
|switch|p2a: Incineroar|Incineroar, L50, M|15/100
|-ability|p2a: Incineroar|Intimidate|boost
|-unboost|p1a: Sinistcha|atk|1
|-unboost|p1b: Incineroar|atk|1
|move|p2b: Archaludon|Dragon Pulse|p1b: Incineroar
|-damage|p1b: Incineroar|21/100
|move|p1a: Sinistcha|Matcha Gotcha|p2a: Incineroar|[spread] p2a,p2b
|-resisted|p2a: Incineroar|1
|-resisted|p2b: Archaludon|2
|-crit|p2b: Archaludon
|-damage|p2a: Incineroar|5/100
|-damage|p2b: Archaludon|65/100
|-ability|p2b: Archaludon|Stamina|boost
|-boost|p2b: Archaludon|def|1
|move|p1b: Incineroar|Flare Blitz|p2a: Incineroar
|-resisted|p2a: Incineroar|1
|-damage|p2a: Incineroar|0 fnt
|faint|p2a: Incineroar
|-damage|p1b: Incineroar|19/100|[from] Recoil
|
|-heal|p2b: Archaludon|72/100|[from] item: Leftovers
|-end|p2b: Archaludon|Throat Chop|[silent]
|upkeep
|
|t:|1784143947
|switch|p2a: Gengar|Gengar-Mega, L50, M|100/100
|turn|9
|
|t:|1784143959
|move|p1a: Sinistcha|Rage Powder|p1a: Sinistcha
|-singleturn|p1a: Sinistcha|move: Rage Powder
|move|p2a: Gengar|Shadow Ball|p1a: Sinistcha
|-supereffective|p1a: Sinistcha|1
|-enditem|p1a: Sinistcha|Kasib Berry|[eat]
|-enditem|p1a: Sinistcha|Kasib Berry|[weaken]
|-damage|p1a: Sinistcha|61/100
|-unboost|p1a: Sinistcha|spd|1
|move|p2b: Archaludon|Dragon Pulse|p1a: Sinistcha
|-damage|p1a: Sinistcha|3/100
|move|p1b: Incineroar|Throat Chop|p2a: Gengar
|-supereffective|p2a: Gengar|1
|-damage|p2a: Gengar|54/100
|-start|p2a: Gengar|Throat Chop|[silent]
|
|-heal|p2b: Archaludon|78/100|[from] item: Leftovers
|upkeep
|turn|10
|inactive|Victor231 has 30 seconds left.
|
|t:|1784143988
|switch|p2a: Politoed|Politoed, L50, F|69/100
|-weather|RainDance|[from] ability: Drizzle|[of] p2a: Politoed
|move|p1a: Sinistcha|Rage Powder|p1a: Sinistcha
|-singleturn|p1a: Sinistcha|move: Rage Powder
|move|p2b: Archaludon|Electro Shot||[still]
|-prepare|p2b: Archaludon|Electro Shot
|-boost|p2b: Archaludon|spa|1
|-anim|p2b: Archaludon|Electro Shot|p1a: Sinistcha
|-resisted|p1a: Sinistcha|1
|-damage|p1a: Sinistcha|0 fnt
|faint|p1a: Sinistcha
|move|p1b: Incineroar|Throat Chop|p2a: Politoed
|-damage|p2a: Politoed|48/100
|-start|p2a: Politoed|Throat Chop|[silent]
|-enditem|p2a: Politoed|Sitrus Berry|[eat]
|-heal|p2a: Politoed|73/100|[from] item: Sitrus Berry
|
|-weather|RainDance|[upkeep]
|-heal|p2b: Archaludon|84/100|[from] item: Leftovers
|upkeep
|
|t:|1784144006
|switch|p1a: Floette|Floette-Mega, L50, F|92/100
|-ability|p1a: Floette|Fairy Aura
|turn|11
|
|t:|1784144020
|move|p1a: Floette|Calm Mind|p1a: Floette
|-boost|p1a: Floette|spa|1
|-boost|p1a: Floette|spd|1
|move|p2b: Archaludon|Electro Shot||[still]
|-prepare|p2b: Archaludon|Electro Shot
|-boost|p2b: Archaludon|spa|1
|-anim|p2b: Archaludon|Electro Shot|p1a: Floette
|-damage|p1a: Floette|54/100
|move|p2a: Politoed|Encore|p1b: Incineroar
|-start|p1b: Incineroar|Encore
|move|p1b: Incineroar|Throat Chop|p2b: Archaludon
|-damage|p2b: Archaludon|76/100
|-start|p2b: Archaludon|Throat Chop|[silent]
|-ability|p2b: Archaludon|Stamina|boost
|-boost|p2b: Archaludon|def|1
|
|-weather|RainDance|[upkeep]
|-heal|p2b: Archaludon|82/100|[from] item: Leftovers
|-end|p2a: Politoed|Throat Chop|[silent]
|upkeep
|turn|12
|inactive|mammamiapik has 30 seconds left.
|
|t:|1784144046
|move|p1a: Floette|Draining Kiss|p2b: Archaludon
|-crit|p2b: Archaludon
|-damage|p2b: Archaludon|0 fnt
|-heal|p1a: Floette|100/100|[from] drain|[of] p2b: Archaludon
|faint|p2b: Archaludon
|move|p2a: Politoed|Weather Ball|p1b: Incineroar
|-supereffective|p1b: Incineroar|1
|-damage|p1b: Incineroar|0 fnt
|faint|p1b: Incineroar
|
|-weather|RainDance|[upkeep]
|upkeep
|
|t:|1784144057
|switch|p2b: Gengar|Gengar-Mega, L50, M|54/100
|switch|p1b: Rotom|Rotom-Wash, L50|43/100
|turn|13
|
|t:|1784144073
|move|p2b: Gengar|Shadow Ball|p1b: Rotom
|-damage|p1b: Rotom|0 fnt
|faint|p1b: Rotom
|move|p1a: Floette|Dazzling Gleam|p2b: Gengar|[spread] p2a,p2b
|-resisted|p2b: Gengar|1
|-damage|p2a: Politoed|14/100
|-damage|p2b: Gengar|16/100
|move|p2a: Politoed|Perish Song|p2a: Politoed
|-start|p1a: Floette|perish3|[silent]
|-start|p2a: Politoed|perish3|[silent]
|-start|p2b: Gengar|perish3|[silent]
|-fieldactivate|move: Perish Song
|
|-weather|RainDance|[upkeep]
|-start|p2b: Gengar|perish3
|-start|p1a: Floette|perish3
|-start|p2a: Politoed|perish3
|upkeep
|turn|14
|
|t:|1784144086
|move|p2b: Gengar|Protect|p2b: Gengar
|-singleturn|p2b: Gengar|Protect
|move|p2a: Politoed|Protect|p2a: Politoed
|-singleturn|p2a: Politoed|Protect
|move|p1a: Floette|Dazzling Gleam|p2b: Gengar|[spread] 
|-activate|p2a: Politoed|move: Protect
|-activate|p2b: Gengar|move: Protect
|
|-weather|none
|-start|p2b: Gengar|perish2
|-start|p1a: Floette|perish2
|-start|p2a: Politoed|perish2
|upkeep
|turn|15
|
|t:|1784144105
|move|p2b: Gengar|Shadow Ball|p1a: Floette
|-damage|p1a: Floette|80/100
|-unboost|p1a: Floette|spd|1
|move|p1a: Floette|Dazzling Gleam|p2b: Gengar|[spread] p2a,p2b
|-resisted|p2b: Gengar|1
|-damage|p2a: Politoed|0 fnt
|-damage|p2b: Gengar|0 fnt
|faint|p2a: Politoed
|faint|p2b: Gengar
|
|win|Victor231
|raw|Victor231's rating: 1000 → 1050(+50 for winning)
|raw|mammamiapik's rating: 1089 → 1060(-29 for losing)
