|j|☆agapitodisousa04
|j|☆MrRowanVV
|html|agapitodisousa04MrRowanVV    
|uhtml|bestof|Game 2 of a best-of-3
|t:|1782363192
|gametype|doubles
|player|p1|agapitodisousa04|101|1115
|player|p2|MrRowanVV|169|1048
|gen|9
|tier|[Gen 9 Champions] VGC 2026 Reg M-B (Bo3)
|rated|
|rule|Species Clause: Limit one of each Pokémon
|rule|Item Clause: Limit 1 of each item
|clearpoke
|poke|p1|Staraptor, L50, M|
|poke|p1|Milotic, L50, M|
|poke|p1|Sinistcha, L50|
|poke|p1|Grimmsnarl, L50, M|
|poke|p1|Garchomp, L50, M|
|poke|p1|Sylveon, L50, F|
|poke|p2|Charizard, L50, M|
|poke|p2|Whimsicott, L50, F|
|poke|p2|Sceptile, L50, M|
|poke|p2|Rotom-Wash, L50|
|poke|p2|Farigiraf, L50, M|
|poke|p2|Sneasler, L50, F|
|teampreview|4
|showteam|p1|Staraptor||Staraptite|Intimidate|Roost,CloseCombat,BraveBird,Protect|Jolly||M|||50|]Milotic||Leftovers|Competitive|Recover,Coil,Hypnosis,MuddyWater|Calm||M|||50|]Sinistcha||SitrusBerry|Hospitality|TrickRoom,MatchaGotcha,RagePowder,StrengthSap|Calm|||||50|]Grimmsnarl||LightClay|Prankster|Reflect,LightScreen,PartingShot,FakeOut|Impish||M|||50|]Garchomp||LifeOrb|RoughSkin|StompingTantrum,RockSlide,Protect,DragonClaw|Jolly||M|||50|]Sylveon||FairyFeather|Pixilate|HyperBeam,HyperVoice,QuickAttack,Detect|Modest||F|||50|
|showteam|p2|Charizard||LifeOrb|SolarPower|HeatWave,WeatherBall,SolarBeam,Protect|Modest||M|||50|]Whimsicott||FocusSash|Prankster|Moonblast,Tailwind,SunnyDay,Encore|Timid||F|||50|]Sceptile||Sceptilite|Overgrow|EnergyBall,DragonPulse,EarthPower,Protect|Timid||M|||50|]Rotom-Wash||ChoiceScarf|Levitate|Discharge,Electroweb,VoltSwitch,HydroPump|Timid|||||50|]Farigiraf||SitrusBerry|ArmorTail|Psychic,TrickRoom,Imprison,Protect|Relaxed||M|||50|]Sneasler||WhiteHerb|Unburden|FakeOut,DireClaw,CloseCombat,Protect|Jolly||F|||50|
|
|t:|1782363209
|teamsize|p1|4
|teamsize|p2|4
|start
|switch|p1a: Garchomp|Garchomp, L50, M|100/100
|switch|p1b: Sylveon|Sylveon, L50, F|100/100
|switch|p2a: Sneasler|Sneasler, L50, F|100/100
|switch|p2b: Sceptile|Sceptile, L50, M|100/100
|turn|1
|
|t:|1782363243
|detailschange|p2b: Sceptile|Sceptile-Mega, L50, M
|-mega|p2b: Sceptile|Sceptile|Sceptilite
|move|p1a: Garchomp|Protect|p1a: Garchomp
|-singleturn|p1a: Garchomp|Protect
|move|p1b: Sylveon|Detect|p1b: Sylveon
|-singleturn|p1b: Sylveon|Protect
|move|p2a: Sneasler|Fake Out|p1b: Sylveon
|-activate|p1b: Sylveon|move: Protect
|move|p2b: Sceptile|Dragon Pulse|p1a: Garchomp
|-activate|p1a: Garchomp|move: Protect
|
|upkeep
|turn|2
|
|t:|1782363268
|switch|p1a: Grimmsnarl|Grimmsnarl, L50, M|100/100
|move|p2b: Sceptile|Dragon Pulse|p1a: Grimmsnarl
|-immune|p1a: Grimmsnarl
|move|p2a: Sneasler|Dire Claw|p1b: Sylveon
|-supereffective|p1b: Sylveon|1
|-damage|p1b: Sylveon|9/100
|move|p1b: Sylveon|Hyper Voice|p2b: Sceptile|[spread] p2a,p2b
|-supereffective|p2b: Sceptile|1
|-damage|p2a: Sneasler|31/100
|-damage|p2b: Sceptile|0 fnt
|faint|p2b: Sceptile
|
|upkeep
|
|t:|1782363283
|switch|p2b: Farigiraf|Farigiraf, L50, M|100/100
|turn|3
|
|t:|1782363313
|move|p1a: Grimmsnarl|Fake Out||[still]
|cant|p2b: Farigiraf|ability: Armor Tail|Fake Out|[of] p1a: Grimmsnarl
|move|p2a: Sneasler|Dire Claw|p1a: Grimmsnarl
|-supereffective|p1a: Grimmsnarl|1
|-damage|p1a: Grimmsnarl|16/100
|move|p1b: Sylveon|Hyper Beam|p2b: Farigiraf
|-damage|p2b: Farigiraf|0 fnt
|-mustrecharge|p1b: Sylveon
|faint|p2b: Farigiraf
|
|upkeep
|
|t:|1782363323
|switch|p2b: Rotom|Rotom-Wash, L50|100/100
|turn|4
|
|t:|1782363358
|move|p1a: Grimmsnarl|Parting Shot|p2a: Sneasler
|-unboost|p2a: Sneasler|atk|1
|-unboost|p2a: Sneasler|spa|1
|
|t:|1782363365
|switch|p1a: Garchomp|Garchomp, L50, M|100/100|[from] Parting Shot
|-enditem|p2a: Sneasler|White Herb
|-clearnegativeboost|p2a: Sneasler|[silent]
|move|p2a: Sneasler|Dire Claw|p1a: Garchomp
|-resisted|p1a: Garchomp|1
|-damage|p1a: Garchomp|79/100
|-damage|p2a: Sneasler|19/100|[from] ability: Rough Skin|[of] p1a: Garchomp
|move|p2b: Rotom|Hydro Pump|p1b: Sylveon
|-damage|p1b: Sylveon|0 fnt
|faint|p1b: Sylveon
|
|upkeep
|
|t:|1782363386
|switch|p1b: Grimmsnarl|Grimmsnarl, L50, M|16/100
|turn|5
|
|t:|1782363409
|move|p2a: Sneasler|Protect|p2a: Sneasler
|-singleturn|p2a: Sneasler|Protect
|move|p1b: Grimmsnarl|Fake Out|p2a: Sneasler
|-activate|p2a: Sneasler|move: Protect
|move|p2b: Rotom|Hydro Pump|p1a: Garchomp
|-damage|p1a: Garchomp|24/100
|move|p1a: Garchomp|Dragon Claw|p2b: Rotom
|-damage|p2b: Rotom|20/100y
|-damage|p1a: Garchomp|14/100|[from] item: Life Orb
|
|upkeep
|turn|6
|
|t:|1782363464
|switch|p1a: Staraptor|Staraptor, L50, M|100/100
|-ability|p1a: Staraptor|Intimidate|boost
|-unboost|p2a: Sneasler|atk|1
|-unboost|p2b: Rotom|atk|1
|move|p1b: Grimmsnarl|Parting Shot|p2b: Rotom
|-unboost|p2b: Rotom|atk|1
|-unboost|p2b: Rotom|spa|1
|
|t:|1782363472
|switch|p1b: Garchomp|Garchomp, L50, M|14/100|[from] Parting Shot
|move|p2a: Sneasler|Dire Claw|p1b: Garchomp
|-resisted|p1b: Garchomp|1
|-damage|p1b: Garchomp|1/100
|-damage|p2a: Sneasler|7/100|[from] ability: Rough Skin|[of] p1b: Garchomp
|move|p2b: Rotom|Hydro Pump|p1a: Staraptor
|-damage|p1a: Staraptor|45/100
|
|upkeep
|turn|7
|
|t:|1782363511
|detailschange|p1a: Staraptor|Staraptor-Mega, L50, M
|-mega|p1a: Staraptor|Staraptor|Staraptite
|move|p1a: Staraptor|Protect|p1a: Staraptor
|-singleturn|p1a: Staraptor|Protect
|move|p2a: Sneasler|Dire Claw|p1b: Garchomp
|-resisted|p1b: Garchomp|1
|-damage|p1b: Garchomp|0 fnt
|-damage|p2a: Sneasler|0 fnt|[from] ability: Rough Skin|[of] p1b: Garchomp
|faint|p1b: Garchomp
|faint|p2a: Sneasler
|move|p2b: Rotom|Hydro Pump|p1a: Staraptor
|-activate|p1a: Staraptor|move: Protect
|
|upkeep
|
|t:|1782363523
|switch|p1b: Grimmsnarl|Grimmsnarl, L50, M|16/100
|turn|8
|
|t:|1782363534
|move|p1b: Grimmsnarl|Fake Out|p2b: Rotom
|-damage|p2b: Rotom|7/100
|cant|p2b: Rotom|flinch
|move|p1a: Staraptor|Close Combat|p2b: Rotom
|-damage|p2b: Rotom|0 fnt
|-boost|p1a: Staraptor|def|1
|-boost|p1a: Staraptor|spd|1
|faint|p2b: Rotom
|
|win|agapitodisousa04
