|j|☆Hoanglatao
|j|☆Adriatic Tides
|html|HoanglataoAdriatic Tides    
|uhtml|bestof|Game 1 of a best-of-3
|t:|1784771336
|gametype|doubles
|player|p1|Hoanglatao|169|1178
|player|p2|Adriatic Tides|leon|1213
|gen|9
|tier|[Gen 9 Champions] VGC 2026 Reg M-B (Bo3)
|rated|
|rule|Species Clause: Limit one of each Pokémon
|rule|Item Clause: Limit 1 of each item
|clearpoke
|poke|p1|Floette-Eternal, L50, F|
|poke|p1|Whimsicott, L50, M|
|poke|p1|Basculegion, L50, M|
|poke|p1|Kingambit, L50, M|
|poke|p1|Arcanine-Hisui, L50, F|
|poke|p1|Dragonite, L50, F|
|poke|p2|Tyranitar, L50, M|
|poke|p2|Excadrill, L50, M|
|poke|p2|Delphox, L50, F|
|poke|p2|Sinistcha, L50|
|poke|p2|Rotom-Wash, L50|
|poke|p2|Incineroar, L50, F|
|teampreview|4
|showteam|p1|Floette-Eternal||Floettite|FlowerVeil|Moonblast,DazzlingGleam,LightofRuin,Protect|Timid||F|||50|]Whimsicott||FocusSash|Prankster|Moonblast,Tailwind,Encore,Protect|Timid||M|||50|]Basculegion||ChoiceScarf|Adaptability|LastRespects,WaveCrash,AquaJet,FlipTurn|Jolly||M|||50|]Kingambit||BlackGlasses|Defiant|SuckerPunch,KowtowCleave,IronHead,Protect|Adamant||M|||50|]Arcanine-Hisui||SitrusBerry|RockHead|FlareBlitz,RockSlide,HeadSmash,Protect|Adamant||F|||50|]Dragonite||LifeOrb|InnerFocus|Protect,LowKick,ExtremeSpeed,DragonClaw|Adamant||F|||50|
|showteam|p2|Tyranitar||Tyranitarite|SandStream|KnockOff,RockSlide,Protect,LowKick|Adamant||M|||50|]Excadrill||FocusSash|SandRush|Protect,Earthquake,IronHead,RockSlide|Adamant||M|||50|]Delphox||Delphoxite|Blaze|NastyPlot,HeatWave,Psyshock,Protect|Timid||F|||50|]Sinistcha||ColburBerry|Hospitality|TrickRoom,MatchaGotcha,Protect,RagePowder|Bold|||||50|]Rotom-Wash||Leftovers|Levitate|Electroweb,HydroPump,Protect,Thunderbolt|Modest|||||50|]Incineroar||SitrusBerry|Intimidate|FakeOut,FlareBlitz,PartingShot,ThroatChop|Careful||F|||50|
|c|☆Adriatic Tides|gl hf
|
|t:|1784771375
|teamsize|p1|4
|teamsize|p2|4
|start
|switch|p1a: Whimsicott|Whimsicott, L50, M|100/100
|switch|p1b: Dragonite|Dragonite, L50, F|100/100
|switch|p2a: Delphox|Delphox, L50, F|100/100
|switch|p2b: Sinistcha|Sinistcha, L50|100/100
|turn|1
|
|t:|1784771394
|detailschange|p2a: Delphox|Delphox-Mega, L50, F
|-mega|p2a: Delphox|Delphox|Delphoxite
|move|p2a: Delphox|Heat Wave|p1a: Whimsicott|[spread] p1b
|-miss|p2a: Delphox|p1a: Whimsicott
|-resisted|p1b: Dragonite|1
|-damage|p1b: Dragonite|80/100
|move|p1a: Whimsicott|Moonblast|p2b: Sinistcha
|-damage|p2b: Sinistcha|58/100
|move|p1b: Dragonite|Dragon Claw|p2a: Delphox
|-damage|p2a: Delphox|1/100
|-damage|p1b: Dragonite|70/100|[from] item: Life Orb
|move|p2b: Sinistcha|Matcha Gotcha|p1a: Whimsicott|[spread] p1a,p1b
|-resisted|p1a: Whimsicott|1
|-resisted|p1b: Dragonite|2
|-damage|p1a: Whimsicott|79/100
|-heal|p2b: Sinistcha|66/100|[from] drain|[of] p1a: Whimsicott
|-damage|p1b: Dragonite|65/100
|-heal|p2b: Sinistcha|69/100|[from] drain|[of] p1b: Dragonite
|-status|p1b: Dragonite|brn
|
|-damage|p1b: Dragonite|59/100 brn|[from] brn
|upkeep
|turn|2
|
|t:|1784771428
|move|p1b: Dragonite|Extreme Speed|p2a: Delphox
|-damage|p2a: Delphox|0 fnt
|faint|p2a: Delphox
|-damage|p1b: Dragonite|50/100y brn|[from] item: Life Orb
|move|p2b: Sinistcha|Rage Powder|p2b: Sinistcha
|-singleturn|p2b: Sinistcha|move: Rage Powder
|move|p1a: Whimsicott|Moonblast|p2b: Sinistcha
|-damage|p2b: Sinistcha|34/100
|
|-damage|p1b: Dragonite|43/100 brn|[from] brn
|upkeep
|
|t:|1784771433
|switch|p2a: Rotom|Rotom-Wash, L50|100/100
|turn|3
|
|t:|1784771447
|move|p1a: Whimsicott|Moonblast|p2b: Sinistcha
|-damage|p2b: Sinistcha|0 fnt
|faint|p2b: Sinistcha
|move|p2a: Rotom|Electroweb|p1b: Dragonite|[spread] p1a,p1b
|-resisted|p1a: Whimsicott|1
|-damage|p1a: Whimsicott|64/100
|-damage|p1b: Dragonite|28/100 brn
|-unboost|p1a: Whimsicott|spe|1
|-unboost|p1b: Dragonite|spe|1
|move|p1b: Dragonite|Dragon Claw|p2a: Rotom
|-damage|p2a: Rotom|64/100
|-damage|p1b: Dragonite|19/100 brn|[from] item: Life Orb
|
|-heal|p2a: Rotom|70/100|[from] item: Leftovers
|-damage|p1b: Dragonite|13/100 brn|[from] brn
|upkeep
|
|t:|1784771451
|switch|p2b: Tyranitar|Tyranitar, L50, M|100/100
|-weather|Sandstorm|[from] ability: Sand Stream|[of] p2b: Tyranitar
|turn|4
|
|t:|1784771468
|move|p1a: Whimsicott|Protect|p1a: Whimsicott
|-singleturn|p1a: Whimsicott|Protect
|move|p2b: Tyranitar|Protect|p2b: Tyranitar
|-singleturn|p2b: Tyranitar|Protect
|move|p1b: Dragonite|Extreme Speed|p2a: Rotom
|-damage|p2a: Rotom|50/100g
|-damage|p1b: Dragonite|3/100 brn|[from] item: Life Orb
|move|p2a: Rotom|Thunderbolt|p1a: Whimsicott
|-activate|p1a: Whimsicott|move: Protect
|
|-weather|Sandstorm|[upkeep]
|-damage|p2a: Rotom|45/100|[from] Sandstorm
|-damage|p1a: Whimsicott|58/100|[from] Sandstorm
|-damage|p1b: Dragonite|0 fnt|[from] Sandstorm
|faint|p1b: Dragonite
|-heal|p2a: Rotom|50/100g|[from] item: Leftovers
|upkeep
|
|t:|1784771478
|switch|p1b: Basculegion|Basculegion, L50, M|100/100
|turn|5
|
|t:|1784771501
|move|p1a: Whimsicott|Tailwind|p1a: Whimsicott
|-sidestart|p1: Hoanglatao|move: Tailwind
|move|p1b: Basculegion|Wave Crash|p2b: Tyranitar
|-supereffective|p2b: Tyranitar|1
|-damage|p2b: Tyranitar|0 fnt
|faint|p2b: Tyranitar
|-damage|p1b: Basculegion|65/100|[from] Recoil
|move|p2a: Rotom|Electroweb|p1a: Whimsicott|[spread] p1a,p1b
|-resisted|p1a: Whimsicott|1
|-crit|p1a: Whimsicott
|-supereffective|p1b: Basculegion|1
|-damage|p1a: Whimsicott|38/100
|-damage|p1b: Basculegion|28/100
|-unboost|p1a: Whimsicott|spe|1
|-unboost|p1b: Basculegion|spe|1
|
|-weather|Sandstorm|[upkeep]
|-damage|p1b: Basculegion|22/100|[from] Sandstorm
|-damage|p1a: Whimsicott|32/100|[from] Sandstorm
|-damage|p2a: Rotom|45/100|[from] Sandstorm
|-heal|p2a: Rotom|50/100g|[from] item: Leftovers
|upkeep
|turn|6
|
|t:|1784771509
|move|p1b: Basculegion|Wave Crash|p2a: Rotom
|-resisted|p2a: Rotom|1
|-damage|p2a: Rotom|9/100
|-damage|p1b: Basculegion|12/100|[from] Recoil
|move|p1a: Whimsicott|Moonblast|p2a: Rotom
|-damage|p2a: Rotom|0 fnt
|faint|p2a: Rotom
|
|win|Hoanglatao
|l|☆Hoanglatao
|player|p1|
||Adriatic Tides is ready for game 2.
||Hoanglatao is ready for game 2.
|uhtml|next|Next: Game 2 of 3
