|j|☆MarkTheMarker
|j|☆probandoteammvp
|html|MarkTheMarkerprobandoteammvp    
|uhtml|bestof|Game 1 of a best-of-3
|t:|1786129101
|gametype|doubles
|player|p1|MarkTheMarker|wallace|1284
|player|p2|probandoteammvp|265|1284
|gen|9
|tier|[Gen 9 Champions] VGC 2026 Reg M-B (Bo3)
|rated|
|rule|Species Clause: Limit one of each Pokémon
|rule|Item Clause: Limit 1 of each item
|clearpoke
|poke|p1|Pelipper, L50, M|
|poke|p1|Swampert, L50, M|
|poke|p1|Archaludon, L50, M|
|poke|p1|Grimmsnarl, L50, M|
|poke|p1|Venusaur, L50, M|
|poke|p1|Charizard, L50, M|
|poke|p2|Blastoise, L50, M, shiny|
|poke|p2|Sylveon, L50, F, shiny|
|poke|p2|Vivillon-Fancy, L50, F, shiny|
|poke|p2|Farigiraf, L50, F, shiny|
|poke|p2|Sinistcha, L50, shiny|
|poke|p2|Pelipper, L50, M, shiny|
|teampreview|4
|showteam|p1|Pelipper||SitrusBerry|Drizzle|WeatherBall,Hurricane,WideGuard,Tailwind|Modest||M|||50|]Swampert||Swampertite|Damp|Protect,WaveCrash,Earthquake,IcePunch|Adamant||M|||50|]Archaludon||Leftovers|Stamina|Protect,DragonPulse,FlashCannon,ElectroShot|Modest||M|||50|]Grimmsnarl||LightClay|Prankster|SpiritBreak,PartingShot,Reflect,LightScreen|Sassy||M|||50|]Venusaur||FocusSash|Chlorophyll|SleepPowder,SludgeBomb,EarthPower,Protect|Modest||M|||50|]Charizard||CharizarditeY|Blaze|Protect,HeatWave,WeatherBall,SolarBeam|Modest||M|||50|
|showteam|p2|Blastoise||Blastoisinite|Torrent|WaterSpout,DarkPulse,ShellSmash,Protect|Modest||M|||50|]Sylveon||FairyFeather|Pixilate|HyperVoice,Moonblast,HyperBeam,Detect|Modest||F|||50|]Vivillon-Fancy||ChoiceScarf|CompoundEyes|PollenPuff,Hurricane,SleepPowder,RagePowder|Timid||F|||50|]Farigiraf||SitrusBerry|ArmorTail|TwinBeam,HelpingHand,TrickRoom,Protect|Sassy||F|||50|]Sinistcha||ColburBerry|Hospitality|MatchaGotcha,RagePowder,TrickRoom,Protect|Sassy|||||50|]Pelipper||FocusSash|Drizzle|Hurricane,HelpingHand,Tailwind,Protect|Timid||M|||50|
|inactive|Battle timer is ON: inactive players will automatically lose when time's up. (requested by MarkTheMarker)
|inactive|MarkTheMarker has 60 seconds left.
|
|t:|1786129145
|teamsize|p1|4
|teamsize|p2|4
|start
|switch|p1a: Charizard|Charizard, L50, M|100/100
|switch|p1b: Venusaur|Venusaur, L50, M|100/100
|switch|p2a: Tortugueitor|Blastoise, L50, M, shiny|100/100
|switch|p2b: Butterfly|Vivillon-Fancy, L50, F, shiny|100/100
|turn|1
|inactive|MarkTheMarker has 30 seconds left.
|inactive|probandoteammvp has 30 seconds left.
|inactive|MarkTheMarker has 20 seconds left.
|inactive|MarkTheMarker has 15 seconds left.
|inactive|MarkTheMarker has 10 seconds left.
|
|t:|1786129193
|detailschange|p2a: Tortugueitor|Blastoise-Mega, L50, M, shiny
|-mega|p2a: Tortugueitor|Blastoise|Blastoisinite
|move|p1a: Charizard|Protect|p1a: Charizard
|-singleturn|p1a: Charizard|Protect
|move|p2a: Tortugueitor|Protect|p2a: Tortugueitor
|-singleturn|p2a: Tortugueitor|Protect
|move|p2b: Butterfly|Hurricane|p1b: Venusaur
|-supereffective|p1b: Venusaur|1
|-enditem|p1b: Venusaur|Focus Sash
|-damage|p1b: Venusaur|1/100
|move|p1b: Venusaur|Sludge Bomb|p2b: Butterfly
|-damage|p2b: Butterfly|15/100
|-status|p2b: Butterfly|psn
|
|-damage|p2b: Butterfly|3/100 psn|[from] psn
|upkeep
|turn|2
|inactive|MarkTheMarker has 30 seconds left.
|inactive|probandoteammvp has 30 seconds left.
|
|t:|1786129228
|switch|p2a: Long neck|Farigiraf, L50, F, shiny|100/100
|detailschange|p1a: Charizard|Charizard-Mega-Y, L50, M
|-mega|p1a: Charizard|Charizard|Charizardite Y
|-weather|SunnyDay|[from] ability: Drought|[of] p1a: Charizard
|move|p1b: Venusaur|Sludge Bomb|p2b: Butterfly
|-damage|p2b: Butterfly|0 fnt
|faint|p2b: Butterfly
|move|p1a: Charizard|Solar Beam||[still]
|-prepare|p1a: Charizard|Solar Beam
|-anim|p1a: Charizard|Solar Beam|p2a: Long neck
|-damage|p2a: Long neck|67/100
|
|-weather|SunnyDay|[upkeep]
|upkeep
|
|t:|1786129231
|switch|p2b: mr ribbons|Sylveon, L50, F, shiny|100/100
|turn|3
|
|t:|1786129255
|move|p2b: mr ribbons|Detect|p2b: mr ribbons
|-singleturn|p2b: mr ribbons|Protect
|move|p1b: Venusaur|Sludge Bomb|p2b: mr ribbons
|-activate|p2b: mr ribbons|move: Protect
|move|p1a: Charizard|Weather Ball|p2a: Long neck
|-damage|p2a: Long neck|0 fnt
|faint|p2a: Long neck
|
|-weather|SunnyDay|[upkeep]
|upkeep
|
|t:|1786129264
|switch|p2a: Tortugueitor|Blastoise-Mega, L50, M, shiny|100/100
|turn|4
|
|t:|1786129277
|move|p2a: Tortugueitor|Protect|p2a: Tortugueitor
|-singleturn|p2a: Tortugueitor|Protect
|move|p1b: Venusaur|Sludge Bomb|p2b: mr ribbons
|-supereffective|p2b: mr ribbons|1
|-damage|p2b: mr ribbons|30/100
|-status|p2b: mr ribbons|psn
|move|p1a: Charizard|Heat Wave|p2b: mr ribbons|[spread] p2b
|-activate|p2a: Tortugueitor|move: Protect
|-damage|p2b: mr ribbons|0 fnt
|faint|p2b: mr ribbons
|
|-weather|SunnyDay|[upkeep]
|upkeep
|turn|5
|
|t:|1786129289
|move|p1b: Venusaur|Sleep Powder|p2a: Tortugueitor
|-status|p2a: Tortugueitor|slp|[from] move: Sleep Powder
|move|p1a: Charizard|Solar Beam||[still]
|-prepare|p1a: Charizard|Solar Beam
|-anim|p1a: Charizard|Solar Beam|p2a: Tortugueitor
|-supereffective|p2a: Tortugueitor|1
|-damage|p2a: Tortugueitor|11/100 slp
|cant|p2a: Tortugueitor|slp
|
|-weather|SunnyDay|[upkeep]
|upkeep
|turn|6
|
|t:|1786129294
|move|p1b: Venusaur|Sludge Bomb|p2a: Tortugueitor
|-damage|p2a: Tortugueitor|0 fnt
|faint|p2a: Tortugueitor
|
|win|MarkTheMarker
||MarkTheMarker is ready for game 2.
||probandoteammvp is ready for game 2.
|uhtml|next|Next: Game 2 of 3
