|j|☆Jakobtc
|j|☆Phasmas
|html|JakobtcPhasmas    
|uhtml|bestof|Game 2 of a best-of-3
|t:|1757728301
|gametype|doubles
|player|p1|Jakobtc|riley|1136
|player|p2|Phasmas|drayden|1037
|gen|9
|tier|[Gen 9] VGC 2025 Reg H (Bo3)
|rated|
|rule|Species Clause: Limit one of each Pokémon
|rule|Item Clause: Limit 1 of each item
|clearpoke
|poke|p1|Drifblim, L50, M|
|poke|p1|Indeedee, L50, M|
|poke|p1|Arcanine-Hisui, L50, F|
|poke|p1|Garchomp, L50, M|
|poke|p1|Amoonguss, L50, M|
|poke|p1|Magnezone, L50|
|poke|p2|Kingambit, L50, M|
|poke|p2|Corviknight, L50, F|
|poke|p2|Goodra-Hisui, L50, F|
|poke|p2|Gholdengo, L50|
|poke|p2|Bronzong, L50|
|poke|p2|Archaludon, L50, M|
|teampreview|4
|showteam|p1|Drifblim||PsychicSeed|Unburden|Tailwind,StrengthSap,WillOWisp,Acrobatics|||M|||50|,,,,,Grass]Indeedee||FocusSash|PsychicSurge|ExpandingForce,TeraBlast,SkillSwap,Protect|||M|||50|,,,,,Fighting]Arcanine-Hisui||ChoiceBand|Intimidate|RockSlide,FlareBlitz,ExtremeSpeed,CloseCombat|||F|||50|,,,,,Grass]Garchomp||LifeOrb|RoughSkin|StompingTantrum,DragonClaw,Earthquake,Protect|||M|||50|,,,,,Ground]Amoonguss||SitrusBerry|Regenerator|Spore,LeafStorm,RagePowder,Protect|||M|||50|,,,,,Water]Magnezone||ChoiceSpecs|MagnetPull|Thunderbolt,TeraBlast,FlashCannon,VoltSwitch||||||50|,,,,,Flying
|showteam|p2|Kingambit||BlackGlasses|Defiant|KowtowCleave,SuckerPunch,SwordsDance,Protect|||M|||50|,,,,,Fairy]Corviknight||RockyHelmet|MirrorArmor|BraveBird,RainDance,Tailwind,Protect|||F|||50|,,,,,Flying]Goodra-Hisui||Leftovers|ShellArmor|GyroBall,BodyPress,Curse,Protect|||F|||50|,,,,,Water]Gholdengo||LifeOrb|GoodasGold|MakeItRain,ShadowBall,NastyPlot,Protect||||||50|,,,,,Steel]Bronzong||CovertCloak|Levitate|GyroBall,ZenHeadbutt,TrickRoom,Protect||||||50|,,,,,Dark]Archaludon||AssaultVest|Stamina|FlashCannon,DragonPulse,ElectroShot,BodyPress|||M|||50|,,,,,Electric
|inactive|Battle timer is ON: inactive players will automatically lose when time's up. (requested by Phasmas)
|
|t:|1757728324
|teamsize|p1|4
|teamsize|p2|4
|start
|switch|p1a: Magnezone|Magnezone, L50|100/100
|switch|p1b: Garchomp|Garchomp, L50, M|100/100
|switch|p2a: Bronzong|Bronzong, L50|100/100
|switch|p2b: Goodra|Goodra-Hisui, L50, F|100/100
|turn|1
|
|t:|1757728348
|-terastallize|p2b: Goodra|Water
|move|p1b: Garchomp|Dragon Claw|p2a: Bronzong
|-resisted|p2a: Bronzong
|-damage|p2a: Bronzong|76/100
|-damage|p1b: Garchomp|91/100|[from] item: Life Orb
|move|p1a: Magnezone|Thunderbolt|p2a: Bronzong
|-damage|p2a: Bronzong|32/100
|move|p2b: Goodra|Curse|p2b: Goodra
|-unboost|p2b: Goodra|spe|1
|-boost|p2b: Goodra|atk|1
|-boost|p2b: Goodra|def|1
|move|p2a: Bronzong|Trick Room|p2a: Bronzong
|-fieldstart|move: Trick Room|[of] p2a: Bronzong
|
|upkeep
|turn|2
|
|t:|1757728372
|switch|p1b: Drifblim|Drifblim, L50, M|100/100
|-terastallize|p1a: Magnezone|Flying
|move|p2a: Bronzong|Zen Headbutt|p1b: Drifblim
|-damage|p1b: Drifblim|73/100
|move|p2b: Goodra|Body Press|p1a: Magnezone
|-resisted|p1a: Magnezone
|-damage|p1a: Magnezone|87/100
|move|p1a: Magnezone|Thunderbolt|p2b: Goodra
|-supereffective|p2b: Goodra
|-damage|p2b: Goodra|20/100
|
|-heal|p2b: Goodra|26/100|[from] item: Leftovers
|upkeep
|turn|3
|inactive|Jakobtc has 30 seconds left.
|inactive|Phasmas has 30 seconds left.
|
|t:|1757728407
|move|p2a: Bronzong|Gyro Ball|p1a: Magnezone
|-damage|p1a: Magnezone|68/100
|move|p2b: Goodra|Gyro Ball|p1a: Magnezone
|-damage|p1a: Magnezone|37/100
|move|p1a: Magnezone|Thunderbolt|p2b: Goodra
|-supereffective|p2b: Goodra
|-damage|p2b: Goodra|0 fnt
|faint|p2b: Goodra
|move|p1b: Drifblim|Strength Sap|p2a: Bronzong
|-unboost|p2a: Bronzong|atk|1
|-heal|p1b: Drifblim|100/100
|
|upkeep
|
|t:|1757728414
|switch|p2b: Kingambit|Kingambit, L50, M|100/100
|turn|4
|
|t:|1757728430
|move|p2a: Bronzong|Zen Headbutt|p1b: Drifblim
|-damage|p1b: Drifblim|81/100
|move|p2b: Kingambit|Kowtow Cleave|p1a: Magnezone
|-damage|p1a: Magnezone|0 fnt
|faint|p1a: Magnezone
|move|p1b: Drifblim|Will-O-Wisp|p2b: Kingambit
|-status|p2b: Kingambit|brn
|
|-damage|p2b: Kingambit|95/100 brn|[from] brn
|upkeep
|
|t:|1757728449
|switch|p1a: Garchomp|Garchomp, L50, M|91/100
|turn|5
|
|t:|1757728460
|move|p1a: Garchomp|Protect|p1a: Garchomp
|-singleturn|p1a: Garchomp|Protect
|move|p2a: Bronzong|Gyro Ball|p1a: Garchomp
|-activate|p1a: Garchomp|move: Protect
|move|p2b: Kingambit|Kowtow Cleave|p1b: Drifblim
|-supereffective|p1b: Drifblim
|-damage|p1b: Drifblim|13/100
|move|p1b: Drifblim|Acrobatics|p2a: Bronzong
|-resisted|p2a: Bronzong
|-damage|p2a: Bronzong|24/100
|
|-damage|p2b: Kingambit|89/100 brn|[from] brn
|-fieldend|move: Trick Room
|upkeep
|turn|6
|
|t:|1757728480
|move|p2b: Kingambit|Protect|p2b: Kingambit
|-singleturn|p2b: Kingambit|Protect
|move|p1a: Garchomp|Dragon Claw|p2a: Bronzong
|-resisted|p2a: Bronzong
|-damage|p2a: Bronzong|1/100
|-damage|p1a: Garchomp|81/100|[from] item: Life Orb
|move|p1b: Drifblim|Acrobatics|p2b: Kingambit
|-activate|p2b: Kingambit|move: Protect
|move|p2a: Bronzong|Trick Room|p2a: Bronzong
|-fieldstart|move: Trick Room|[of] p2a: Bronzong
|
|-damage|p2b: Kingambit|83/100 brn|[from] brn
|upkeep
|turn|7
|inactive|Phasmas has 30 seconds left.
|inactive|Phasmas has 20 seconds left.
|inactive|Phasmas has 15 seconds left.
|inactive|Phasmas has 10 seconds left.
|inactive|Phasmas has 5 seconds left.
|
|t:|1757728536
|move|p2a: Bronzong|Gyro Ball|p1b: Drifblim
|-damage|p1b: Drifblim|0 fnt
|faint|p1b: Drifblim
|move|p2b: Kingambit|Kowtow Cleave|p1a: Garchomp
|-damage|p1a: Garchomp|52/100
|-damage|p2b: Kingambit|71/100 brn|[from] ability: Rough Skin|[of] p1a: Garchomp
|move|p1a: Garchomp|Stomping Tantrum|p2b: Kingambit
|-supereffective|p2b: Kingambit
|-damage|p2b: Kingambit|0 fnt
|faint|p2b: Kingambit
|-damage|p1a: Garchomp|42/100|[from] item: Life Orb
|
|upkeep
|
|t:|1757728548
|switch|p2b: Archaludon|Archaludon, L50, M|100/100
|switch|p1b: Indeedee|Indeedee, L50, M|100/100
|-fieldstart|move: Psychic Terrain|[from] ability: Psychic Surge|[of] p1b: Indeedee
|turn|8
|
|t:|1757728557
|move|p1a: Garchomp|Protect|p1a: Garchomp
|-singleturn|p1a: Garchomp|Protect
|move|p2a: Bronzong|Gyro Ball|p1a: Garchomp
|-activate|p1a: Garchomp|move: Protect
|move|p2b: Archaludon|Dragon Pulse|p1a: Garchomp
|-activate|p1a: Garchomp|move: Protect
|move|p1b: Indeedee|Expanding Force|p2a: Bronzong|[spread] p2a,p2b
|-resisted|p2a: Bronzong
|-resisted|p2b: Archaludon
|-damage|p2a: Bronzong|0 fnt
|-damage|p2b: Archaludon|80/100
|-ability|p2b: Archaludon|Stamina|boost
|-boost|p2b: Archaludon|def|1
|faint|p2a: Bronzong
|
|upkeep
|turn|9
|inactive|Jakobtc has 30 seconds left.
|
|t:|1757728585
|move|p2b: Archaludon|Dragon Pulse|p1a: Garchomp
|-supereffective|p1a: Garchomp
|-damage|p1a: Garchomp|0 fnt
|faint|p1a: Garchomp
|move|p1b: Indeedee|Expanding Force|p2b: Archaludon
|-resisted|p2b: Archaludon
|-damage|p2b: Archaludon|55/100
|-ability|p2b: Archaludon|Stamina|boost
|-boost|p2b: Archaludon|def|1
|
|upkeep
|turn|10
|inactive|Phasmas has 30 seconds left.
|inactive|Phasmas has 20 seconds left.
|inactive|Phasmas has 15 seconds left.
|inactive|Phasmas has 10 seconds left.
|inactive|Phasmas has 5 seconds left.
|
|t:|1757728640
|move|p1b: Indeedee|Protect|p1b: Indeedee
|-singleturn|p1b: Indeedee|Protect
|move|p2b: Archaludon|Flash Cannon|p1b: Indeedee
|-activate|p1b: Indeedee|move: Protect
|
|-fieldend|move: Trick Room
|upkeep
|turn|11
|
|t:|1757728652
|move|p1b: Indeedee|Expanding Force|p2b: Archaludon
|-resisted|p2b: Archaludon
|-damage|p2b: Archaludon|28/100
|-ability|p2b: Archaludon|Stamina|boost
|-boost|p2b: Archaludon|def|1
|move|p2b: Archaludon|Body Press|p1b: Indeedee
|-enditem|p1b: Indeedee|Focus Sash
|-damage|p1b: Indeedee|1/100
|
|upkeep
|turn|12
|
|t:|1757728663
|move|p1b: Indeedee|Expanding Force|p2b: Archaludon
|-resisted|p2b: Archaludon
|-damage|p2b: Archaludon|0 fnt
|faint|p2b: Archaludon
|
|win|Jakobtc
|raw|Jakobtc's rating: 1136 → 1154(+18 for winning)
|raw|Phasmas's rating: 1037 → 1026(-11 for losing)
