|j|☆evil squirrel
|j|☆Zamaste
|html|evil squirrelZamaste    
|uhtml|bestof|Game 1 of a best-of-3
|t:|1756269500
|gametype|doubles
|player|p1|evil squirrel|1|1192
|player|p2|Zamaste|lucas|1256
|gen|9
|tier|[Gen 9] VGC 2025 Reg H (Bo3)
|rated|
|rule|Species Clause: Limit one of each Pokémon
|rule|Item Clause: Limit 1 of each item
|clearpoke
|poke|p1|Kingambit, L50, M|
|poke|p1|Pelipper, L50, F|
|poke|p1|Basculegion, L50, M|
|poke|p1|Amoonguss, L50, F|
|poke|p1|Maushold-Four, L50|
|poke|p1|Archaludon, L50, M|
|poke|p2|Annihilape, L50, M|
|poke|p2|Archaludon, L50, M|
|poke|p2|Garchomp, L50, M|
|poke|p2|Gholdengo, L50|
|poke|p2|Talonflame, L50, F|
|poke|p2|Weezing-Galar, L50, M|
|teampreview|4
|showteam|p1|Kingambit||LifeOrb|Defiant|SuckerPunch,IronHead,KowtowCleave,Protect|||M|||50|,,,,,Grass]Pelipper||FocusSash|Drizzle|Hurricane,WeatherBall,Tailwind,Protect|||F|||50|,,,,,Ghost]Basculegion||ClearAmulet|SwiftSwim|Protect,WaveCrash,AquaJet,LastRespects|||M|||50|,,,,,Water]Amoonguss||RockyHelmet|Regenerator|Spore,RagePowder,PollenPuff,ClearSmog|||F|||50|,,,,,Water]Maushold-Four||WideLens|Technician|PopulationBomb,FollowMe,Taunt,Protect||||||50|,,,,,Ghost]Archaludon||AssaultVest|Stamina|ElectroShot,DragonPulse,FlashCannon,BodyPress|||M|||50|,,,,,Grass
|showteam|p2|Annihilape||AssaultVest|Defiant|CloseCombat,RageFist,FinalGambit,IcePunch|||M|||50|,,,,,Grass]Archaludon||PowerHerb|Sturdy|ElectroShot,Thunderbolt,DracoMeteor,Protect|||M|||50|,,,,,Electric]Garchomp||LifeOrb|RoughSkin|DragonClaw,Earthquake,StompingTantrum,Protect|||M|||50|,,,,,Ground]Gholdengo||ChoiceSpecs|GoodasGold|ShadowBall,DazzlingGleam,PowerGem,MakeItRain||||||50|,,,,,Fairy]Talonflame||CovertCloak|GaleWings|Tailwind,DualWingbeat,WillOWisp,FlareBlitz|||F|||50|,,,,,Fairy]Weezing-Galar||FocusSash|NeutralizingGas|Protect,SludgeBomb,Taunt,StrangeSteam|||M|||50|,,,,,Flying
|
|t:|1756269577
|teamsize|p1|4
|teamsize|p2|4
|start
|switch|p1a: Kingambit|Kingambit, L50, M|100/100
|switch|p1b: Amoonguss|Amoonguss, L50, F|100/100
|switch|p2a: Weezing|Weezing-Galar, L50, M|100/100
|switch|p2b: Talonflame|Talonflame, L50, F|100/100
|-ability|p2a: Weezing|Neutralizing Gas
|turn|1
|
|t:|1756269624
|-terastallize|p1b: Amoonguss|Water
|move|p1b: Amoonguss|Rage Powder|p1b: Amoonguss
|-singleturn|p1b: Amoonguss|move: Rage Powder
|move|p2b: Talonflame|Tailwind|p2b: Talonflame
|-sidestart|p2: Zamaste|move: Tailwind
|move|p2a: Weezing|Taunt|p1b: Amoonguss
|-start|p1b: Amoonguss|move: Taunt
|move|p1a: Kingambit|Iron Head|p2a: Weezing
|-supereffective|p2a: Weezing
|-enditem|p2a: Weezing|Focus Sash
|-damage|p2a: Weezing|1/100
|-damage|p1a: Kingambit|91/100|[from] item: Life Orb
|
|upkeep
|turn|2
|
|t:|1756269645
|move|p1a: Kingambit|Protect|p1a: Kingambit
|-singleturn|p1a: Kingambit|Protect
|move|p2b: Talonflame|Will-O-Wisp|p1a: Kingambit
|-activate|p1a: Kingambit|move: Protect
|move|p2a: Weezing|Strange Steam|p1b: Amoonguss
|-damage|p1b: Amoonguss|70/100
|move|p1b: Amoonguss|Clear Smog|p2b: Talonflame
|-damage|p2b: Talonflame|76/100
|-clearboost|p2b: Talonflame
|
|upkeep
|turn|3
|
|t:|1756269666
|switch|p1a: Pelipper|Pelipper, L50, F|100/100
|move|p2b: Talonflame|Will-O-Wisp|p1a: Pelipper
|-status|p1a: Pelipper|brn
|move|p2a: Weezing|Taunt|p1a: Pelipper
|-start|p1a: Pelipper|move: Taunt
|move|p1b: Amoonguss|Clear Smog|p2a: Weezing
|-damage|p2a: Weezing|0 fnt
|-clearboost|p2a: Weezing
|faint|p2a: Weezing
|-end|p2a: Weezing|ability: Neutralizing Gas
|-weather|RainDance|[from] ability: Drizzle|[of] p1a: Pelipper
|
|-weather|RainDance|[upkeep]
|-damage|p1a: Pelipper|95/100 brn|[from] brn
|upkeep
|
|t:|1756269688
|switch|p2a: Gholdengo|Gholdengo, L50|100/100
|turn|4
|
|t:|1756269707
|switch|p1b: Basculegion|Basculegion, L50, M|100/100
|-terastallize|p2a: Gholdengo|Fairy
|move|p2b: Talonflame|Dual Wingbeat|p1a: Pelipper
|-damage|p1a: Pelipper|75/100 brn
|-damage|p1a: Pelipper|54/100 brn
|-hitcount|p1a: Pelipper|2
|move|p2a: Gholdengo|Dazzling Gleam|p1b: Basculegion|[spread] p1a,p1b
|-damage|p1a: Pelipper|0 fnt
|-damage|p1b: Basculegion|46/100
|faint|p1a: Pelipper
|
|-weather|RainDance|[upkeep]
|-sideend|p2: Zamaste|move: Tailwind
|upkeep
|
|t:|1756269722
|switch|p1a: Kingambit|Kingambit, L50, M|91/100
|turn|5
|
|t:|1756269732
|move|p1b: Basculegion|Wave Crash|p2b: Talonflame
|-supereffective|p2b: Talonflame
|-damage|p2b: Talonflame|0 fnt
|faint|p2b: Talonflame
|-damage|p1b: Basculegion|27/100|[from] Recoil
|move|p2a: Gholdengo|Dazzling Gleam|p1a: Kingambit|[spread] p1a,p1b
|-damage|p1a: Kingambit|47/100
|-damage|p1b: Basculegion|0 fnt
|faint|p1b: Basculegion
|move|p1a: Kingambit|Iron Head|p2a: Gholdengo
|-supereffective|p2a: Gholdengo
|-damage|p2a: Gholdengo|0 fnt
|faint|p2a: Gholdengo
|-damage|p1a: Kingambit|38/100|[from] item: Life Orb
|
|-weather|RainDance|[upkeep]
|upkeep
|
|t:|1756269747
|switch|p2a: Annihilape|Annihilape, L50, M|100/100
|switch|p1b: Amoonguss|Amoonguss, L50, F, tera:Water|100/100
|turn|6
|
|t:|1756269757
|move|p1a: Kingambit|Protect|p1a: Kingambit
|-singleturn|p1a: Kingambit|Protect
|move|p2a: Annihilape|Close Combat|p1b: Amoonguss
|-damage|p1b: Amoonguss|48/100
|-unboost|p2a: Annihilape|def|1
|-unboost|p2a: Annihilape|spd|1
|-damage|p2a: Annihilape|84/100|[from] item: Rocky Helmet|[of] p1b: Amoonguss
|move|p1b: Amoonguss|Spore|p2a: Annihilape
|-status|p2a: Annihilape|slp|[from] move: Spore
|
|-weather|RainDance|[upkeep]
|upkeep
|turn|7
|
|t:|1756269775
|cant|p2a: Annihilape|slp
|move|p1a: Kingambit|Kowtow Cleave|p2a: Annihilape
|-damage|p2a: Annihilape|0 fnt
|faint|p2a: Annihilape
|-damage|p1a: Kingambit|28/100|[from] item: Life Orb
|
|win|evil squirrel
||Zamaste is ready for game 2.
||evil squirrel is ready for game 2.
|uhtml|next|Next: Game 2 of 3
|l|☆evil squirrel
|player|p1|
