|j|☆TrainerPoMa
|j|☆lolgz
|html|TrainerPoMalolgz    
|uhtml|bestof|Game 1 of a best-of-3
|t:|1783386938
|gametype|doubles
|player|p1|TrainerPoMa|unknown|1078
|player|p2|lolgz|170|1186
|gen|9
|tier|[Gen 9 Champions] VGC 2026 Reg M-B (Bo3)
|rated|
|rule|Species Clause: Limit one of each Pokémon
|rule|Item Clause: Limit 1 of each item
|clearpoke
|poke|p1|Hydreigon, L50, M|
|poke|p1|Garchomp, L50, M|
|poke|p1|Metagross, L50, shiny|
|poke|p1|Charizard, L50, M, shiny|
|poke|p1|Grimmsnarl, L50, M, shiny|
|poke|p1|Toxapex, L50, M, shiny|
|poke|p2|Scrafty, L50, M|
|poke|p2|Vivillon, L50, M|
|poke|p2|Incineroar, L50, F|
|poke|p2|Sinistcha, L50|
|poke|p2|Kingambit, L50, M|
|poke|p2|Delphox, L50, M|
|teampreview|4
|showteam|p1|Hydreigon||ChoiceScarf|Levitate|HeatWave,DarkPulse,DracoMeteor,Snarl|Modest||M|||50|]Garchomp||SitrusBerry|RoughSkin|Earthquake,RockSlide,DragonClaw,Protect|Adamant||M|||50|]Metagross||Metagrossite|ClearBody|IronHead,HammerArm,BulletPunch,Protect|Adamant|||||50|]Charizard||CharizarditeY|Blaze|Protect,HeatWave,SolarBeam,WeatherBall|Timid||M|||50|]Grimmsnarl||RoseliBerry|Prankster|FakeOut,FoulPlay,Reflect,PartingShot|Sassy||M|||50|]Toxapex||Leftovers|Regenerator|Infestation,Toxic,BanefulBunker,WideGuard|Bold||M|||50|
|showteam|p2|Scrafty||Scraftinite|Intimidate|DrainPunch,KnockOff,Protect,DragonDance|Jolly||M|||50|]Vivillon||ChoiceScarf|CompoundEyes|SleepPowder,Hurricane,RagePowder,Tailwind|Timid||M|||50|]Incineroar||PasshoBerry|Intimidate|PartingShot,FakeOut,ThroatChop,FlareBlitz|Careful||F|||50|]Sinistcha||KasibBerry|Hospitality|MatchaGotcha,RagePowder,TrickRoom,Protect|Serious|||||50|]Kingambit||BlackGlasses|Defiant|SuckerPunch,KowtowCleave,Protect,SwordsDance|Adamant||M|||50|]Delphox||Delphoxite|Blaze|HeatWave,Psychic,Protect,NastyPlot|Timid||M|||50|
|inactive|Battle timer is ON: inactive players will automatically lose when time's up. (requested by TrainerPoMa)
|inactive|lolgz also wants the timer to be on.
|inactive|TrainerPoMa has 60 seconds left.
|
|t:|1783386978
|teamsize|p1|4
|teamsize|p2|4
|start
|switch|p1a: Grimmsnarl|Grimmsnarl, L50, M, shiny|100/100
|switch|p1b: Hydreigon|Hydreigon, L50, M|100/100
|switch|p2a: Vivillon|Vivillon, L50, M|100/100
|switch|p2b: Scrafty|Scrafty, L50, M|100/100
|-ability|p2b: Scrafty|Intimidate|boost
|-unboost|p1a: Grimmsnarl|atk|1
|-unboost|p1b: Hydreigon|atk|1
|turn|1
|
|t:|1783386988
|detailschange|p2b: Scrafty|Scrafty-Mega, L50, M
|-mega|p2b: Scrafty|Scrafty|Scraftinite
|-ability|p2b: Scrafty|Intimidate|boost
|-unboost|p1a: Grimmsnarl|atk|1
|-unboost|p1b: Hydreigon|atk|1
|move|p1a: Grimmsnarl|Fake Out|p2a: Vivillon
|-damage|p2a: Vivillon|91/100
|cant|p2a: Vivillon|flinch
|move|p1b: Hydreigon|Heat Wave|p2b: Scrafty|[spread] p2b
|-miss|p1b: Hydreigon|p2a: Vivillon
|-damage|p2b: Scrafty|76/100
|move|p2b: Scrafty|Dragon Dance|p2b: Scrafty
|-boost|p2b: Scrafty|atk|1
|-boost|p2b: Scrafty|spe|1
|
|upkeep
|turn|2
|inactive|TrainerPoMa has 30 seconds left.
|
|t:|1783387014
|move|p1a: Grimmsnarl|Reflect|p1a: Grimmsnarl
|-sidestart|p1: TrainerPoMa|Reflect
|move|p2a: Vivillon|Sleep Powder|p1a: Grimmsnarl
|-status|p1a: Grimmsnarl|slp|[from] move: Sleep Powder
|move|p1b: Hydreigon|Heat Wave|p2b: Scrafty|[spread] p2a,p2b
|-supereffective|p2a: Vivillon|1
|-damage|p2a: Vivillon|0 fnt
|-damage|p2b: Scrafty|54/100
|faint|p2a: Vivillon
|move|p2b: Scrafty|Dragon Dance|p2b: Scrafty
|-boost|p2b: Scrafty|atk|1
|-boost|p2b: Scrafty|spe|1
|
|upkeep
|
|t:|1783387018
|switch|p2a: Kingambit|Kingambit, L50, M|100/100
|turn|3
|
|t:|1783387026
|move|p2b: Scrafty|Drain Punch|p1b: Hydreigon
|-supereffective|p1b: Hydreigon|1
|-damage|p1b: Hydreigon|0 fnt
|-heal|p2b: Scrafty|100/100|[from] drain|[of] p1b: Hydreigon
|faint|p1b: Hydreigon
|cant|p1a: Grimmsnarl|slp
|move|p2a: Kingambit|Swords Dance|p2a: Kingambit
|-boost|p2a: Kingambit|atk|2
|
|upkeep
|
|t:|1783387036
|switch|p1b: Charizard|Charizard, L50, M, shiny|100/100
|turn|4
|
|t:|1783387043
|switch|p1a: Toxapex|Toxapex, L50, M, shiny|100/100
|detailschange|p1b: Charizard|Charizard-Mega-Y, L50, M, shiny
|-mega|p1b: Charizard|Charizard|Charizardite Y
|-weather|SunnyDay|[from] ability: Drought|[of] p1b: Charizard
|move|p2a: Kingambit|Protect|p2a: Kingambit
|-singleturn|p2a: Kingambit|Protect
|move|p2b: Scrafty|Knock Off|p1b: Charizard
|-damage|p1b: Charizard|60/100
|move|p1b: Charizard|Heat Wave|p2a: Kingambit|[spread] p2b
|-activate|p2a: Kingambit|move: Protect
|-damage|p2b: Scrafty|51/100
|
|-weather|SunnyDay|[upkeep]
|upkeep
|turn|5
|
|t:|1783387068
|move|p1b: Charizard|Protect|p1b: Charizard
|-singleturn|p1b: Charizard|Protect
|move|p2a: Kingambit|Sucker Punch||[still]
|-fail|p2a: Kingambit
|move|p2b: Scrafty|Knock Off|p1a: Toxapex
|-damage|p1a: Toxapex|60/100
|-enditem|p1a: Toxapex|Leftovers|[from] move: Knock Off|[of] p2b: Scrafty
|move|p1a: Toxapex|Infestation|p2b: Scrafty
|-damage|p2b: Scrafty|48/100
|-activate|p2b: Scrafty|move: Infestation|[of] p1a: Toxapex
|
|-weather|SunnyDay|[upkeep]
|-damage|p2b: Scrafty|36/100|[from] move: Infestation|[partiallytrapped]
|upkeep
|turn|6
|
|t:|1783387079
|move|p2a: Kingambit|Sucker Punch|p1b: Charizard
|-damage|p1b: Charizard|0 fnt
|faint|p1b: Charizard
|move|p2b: Scrafty|Drain Punch|p1a: Toxapex
|-resisted|p1a: Toxapex|1
|-crit|p1a: Toxapex
|-damage|p1a: Toxapex|24/100
|-heal|p2b: Scrafty|52/100|[from] drain|[of] p1a: Toxapex
|move|p1a: Toxapex|Infestation|p2a: Kingambit
|-damage|p2a: Kingambit|96/100
|-activate|p2a: Kingambit|move: Infestation|[of] p1a: Toxapex
|
|-weather|SunnyDay|[upkeep]
|-damage|p2b: Scrafty|40/100|[from] move: Infestation|[partiallytrapped]
|-damage|p2a: Kingambit|84/100|[from] move: Infestation|[partiallytrapped]
|-sideend|p1: TrainerPoMa|Reflect
|upkeep
|
|t:|1783387081
|switch|p1b: Grimmsnarl|Grimmsnarl, L50, M, shiny|100/100 slp
|turn|7
|
|t:|1783387087
|move|p1a: Toxapex|Baneful Bunker|p1a: Toxapex
|-singleturn|p1a: Toxapex|move: Protect
|cant|p1b: Grimmsnarl|slp
|move|p2b: Scrafty|Drain Punch|p1b: Grimmsnarl
|-damage|p1b: Grimmsnarl|39/100 slp
|-heal|p2b: Scrafty|76/100|[from] drain|[of] p1b: Grimmsnarl
|move|p2a: Kingambit|Kowtow Cleave|p1a: Toxapex
|-activate|p1a: Toxapex|move: Protect
|
|-weather|SunnyDay|[upkeep]
|-damage|p2b: Scrafty|64/100|[from] move: Infestation|[partiallytrapped]
|-damage|p2a: Kingambit|72/100|[from] move: Infestation|[partiallytrapped]
|upkeep
|turn|8
|
|t:|1783387098
|move|p2b: Scrafty|Drain Punch|p1b: Grimmsnarl
|-damage|p1b: Grimmsnarl|0 fnt
|-heal|p2b: Scrafty|88/100|[from] drain|[of] p1b: Grimmsnarl
|faint|p1b: Grimmsnarl
|move|p2a: Kingambit|Kowtow Cleave|p1a: Toxapex
|-damage|p1a: Toxapex|0 fnt
|faint|p1a: Toxapex
|
|win|lolgz
