|j|☆1OO% Jesus
|j|☆fasfsafaf
|html|1OO% Jesusfasfsafaf    
|uhtml|bestof|Game 1 of a best-of-3
|t:|1783533771
|gametype|doubles
|player|p1|1OO% Jesus|lillie-z|1194
|player|p2|fasfsafaf|102|1000
|gen|9
|tier|[Gen 9 Champions] VGC 2026 Reg M-B (Bo3)
|rated|
|rule|Species Clause: Limit one of each Pokémon
|rule|Item Clause: Limit 1 of each item
|clearpoke
|poke|p1|Delphox, L50, F|
|poke|p1|Sneasler, L50, M|
|poke|p1|Incineroar, L50, F|
|poke|p1|Sinistcha, L50|
|poke|p1|Maushold-Four, L50|
|poke|p1|Blastoise, L50, M|
|poke|p2|Ceruledge, L50, M|
|poke|p2|Scrafty, L50, M|
|poke|p2|Grimmsnarl, L50, M, shiny|
|poke|p2|Toxapex, L50, M, shiny|
|poke|p2|Drampa, L50, M|
|poke|p2|Farigiraf, L50, F|
|teampreview|4
|showteam|p1|Delphox||Delphoxite|Blaze|HeatWave,Psyshock,NastyPlot,Protect|Timid||F|||50|]Sneasler||FocusSash|PoisonTouch|CloseCombat,PoisonJab,FakeOut,QuickGuard|Jolly||M|||50|]Incineroar||SitrusBerry|Intimidate|FlareBlitz,ThroatChop,FakeOut,PartingShot|Impish||F|||50|]Sinistcha||OccaBerry|Hospitality|MatchaGotcha,RagePowder,LifeDew,Protect|Bold|||||50|]Maushold-Four||ChopleBerry|FriendGuard|FollowMe,Feint,SuperFang,Protect|Impish|||||50|]Blastoise||Blastoisinite|RainDish|WaterSpout,DarkPulse,ShellSmash,Protect|Modest||M|||50|
|showteam|p2|Ceruledge||ColburBerry|FlashFire|BitterBlade,ShadowSneak,Protect,BulkUp|Adamant||M|||50|]Scrafty||Scraftinite|Intimidate|FakeOut,CloseCombat,Protect,ThroatChop|Adamant||M|||50|]Grimmsnarl||RoseliBerry|Prankster|FakeOut,FakeTears,PartingShot,SpiritBreak|Careful||M|||50|]Toxapex||Leftovers|Regenerator|Toxic,Infestation,BanefulBunker,WideGuard|Sassy||M|||50|]Drampa||Drampanite|CloudNine|DragonPulse,EnergyBall,Protect,EarthPower|Quiet||M|||50|]Farigiraf||SitrusBerry|CudChew|Thunderbolt,TwinBeam,Protect,TrickRoom|Relaxed||F|||50|
|inactive|Battle timer is ON: inactive players will automatically lose when time's up. (requested by fasfsafaf)
|inactive|1OO% Jesus has 60 seconds left.
|inactive|fasfsafaf has 60 seconds left.
|inactive|1OO% Jesus has 30 seconds left.
|inactive|1OO% Jesus has 20 seconds left.
|inactive|1OO% Jesus has 15 seconds left.
|inactive|1OO% Jesus has 10 seconds left.
|inactive|1OO% Jesus has 5 seconds left.
|
|t:|1783533861
|teamsize|p1|4
|teamsize|p2|4
|start
|switch|p1a: Sneasler|Sneasler, L50, M|100/100
|switch|p1b: Blastoise|Blastoise, L50, M|100/100
|switch|p2a: Farigiraf|Farigiraf, L50, F|100/100
|switch|p2b: Grimmsnarl|Grimmsnarl, L50, M, shiny|100/100
|turn|1
|
|t:|1783533876
|detailschange|p1b: Blastoise|Blastoise-Mega, L50, M
|-mega|p1b: Blastoise|Blastoise|Blastoisinite
|move|p1a: Sneasler|Quick Guard|p1a: Sneasler
|-singleturn|p1a: Sneasler|Quick Guard
|move|p1b: Blastoise|Water Spout|p2a: Farigiraf|[spread] p2a,p2b
|-damage|p2a: Farigiraf|37/100
|-damage|p2b: Grimmsnarl|40/100
|-enditem|p2a: Farigiraf|Sitrus Berry|[eat]
|-heal|p2a: Farigiraf|62/100|[from] item: Sitrus Berry
|move|p2b: Grimmsnarl|Spirit Break|p1a: Sneasler
|-damage|p1a: Sneasler|47/100
|-unboost|p1a: Sneasler|spa|1
|move|p2a: Farigiraf|Trick Room|p2a: Farigiraf
|-fieldstart|move: Trick Room|[of] p2a: Farigiraf
|
|upkeep
|turn|2
|inactive|1OO% Jesus has 30 seconds left.
|
|t:|1783533906
|switch|p1b: Sinistcha|Sinistcha, L50|100/100
|-heal|p1a: Sneasler|72/100|[from] ability: Hospitality|[of] p1b: Sinistcha
|switch|p1a: Incineroar|Incineroar, L50, F|100/100
|-ability|p1a: Incineroar|Intimidate|boost
|-unboost|p2a: Farigiraf|atk|1
|-unboost|p2b: Grimmsnarl|atk|1
|move|p2a: Farigiraf|Thunderbolt|p1b: Sinistcha
|-resisted|p1b: Sinistcha|1
|-damage|p1b: Sinistcha|89/100
|move|p2b: Grimmsnarl|Spirit Break|p1b: Sinistcha
|-damage|p1b: Sinistcha|74/100
|-unboost|p1b: Sinistcha|spa|1
|
|-activate|p2a: Farigiraf|ability: Cud Chew
|-enditem|p2a: Farigiraf|Sitrus Berry|[eat]
|-heal|p2a: Farigiraf|86/100|[from] item: Sitrus Berry
|upkeep
|turn|3
|inactive|1OO% Jesus has 30 seconds left.
|inactive|fasfsafaf has 30 seconds left.
|inactive|fasfsafaf has 20 seconds left.
|inactive|fasfsafaf has 15 seconds left.
|inactive|fasfsafaf has 10 seconds left.
|inactive|fasfsafaf has 5 seconds left.
|
|t:|1783533961
|move|p2b: Grimmsnarl|Fake Tears|p1a: Incineroar
|-hint|Since gen 7, Dark is immune to Prankster moves.
|-immune|p1a: Incineroar
|move|p2a: Farigiraf|Thunderbolt|p1b: Sinistcha
|-resisted|p1b: Sinistcha|1
|-crit|p1b: Sinistcha
|-damage|p1b: Sinistcha|57/100
|-status|p1b: Sinistcha|par
|move|p1b: Sinistcha|Matcha Gotcha|p2b: Grimmsnarl|[spread] p2a,p2b
|-crit|p2b: Grimmsnarl
|-damage|p2a: Farigiraf|70/100
|-heal|p1b: Sinistcha|67/100 par|[from] drain|[of] p2a: Farigiraf
|-damage|p2b: Grimmsnarl|8/100
|-heal|p1b: Sinistcha|85/100 par|[from] drain|[of] p2b: Grimmsnarl
|-status|p2a: Farigiraf|brn
|move|p1a: Incineroar|Throat Chop|p2a: Farigiraf
|-supereffective|p2a: Farigiraf|1
|-damage|p2a: Farigiraf|23/100 brn
|-start|p2a: Farigiraf|Throat Chop|[silent]
|
|-damage|p2a: Farigiraf|17/100 brn|[from] brn
|upkeep
|turn|4
|inactive|1OO% Jesus has 30 seconds left.
|inactive|fasfsafaf has 30 seconds left.
|inactive|1OO% Jesus has 20 seconds left.
|inactive|fasfsafaf has 20 seconds left.
|inactive|fasfsafaf has 15 seconds left.
|inactive|fasfsafaf has 10 seconds left.
|inactive|1OO% Jesus has 15 seconds left.
|inactive|fasfsafaf has 5 seconds left.
|inactive|1OO% Jesus has 10 seconds left.
|
|t:|1783534021
|move|p2b: Grimmsnarl|Fake Tears|p1b: Sinistcha
|-unboost|p1b: Sinistcha|spd|2
|move|p1b: Sinistcha|Matcha Gotcha|p2a: Farigiraf|[spread] p2a,p2b
|-damage|p2a: Farigiraf|2/100 brn
|-heal|p1b: Sinistcha|94/100 par|[from] drain|[of] p2a: Farigiraf
|-damage|p2b: Grimmsnarl|0 fnt
|-heal|p1b: Sinistcha|100/100 par|[from] drain|[of] p2b: Grimmsnarl
|faint|p2b: Grimmsnarl
|move|p2a: Farigiraf|Thunderbolt|p1a: Incineroar
|-damage|p1a: Incineroar|79/100
|move|p1a: Incineroar|Parting Shot|p2a: Farigiraf
|-unboost|p2a: Farigiraf|atk|1
|-unboost|p2a: Farigiraf|spa|1
|
|t:|1783534036
|switch|p1a: Blastoise|Blastoise-Mega, L50, M|100/100|[from] Parting Shot
|
|-damage|p2a: Farigiraf|0 fnt|[from] brn
|faint|p2a: Farigiraf
|upkeep
|inactive|fasfsafaf has 30 seconds left.
|inactive|fasfsafaf has 20 seconds left.
|inactive|fasfsafaf has 15 seconds left.
|inactive|fasfsafaf has 10 seconds left.
|inactive|fasfsafaf has 5 seconds left.
|
|t:|1783534091
|switch|p2a: Scrafty|Scrafty, L50, M|100/100
|switch|p2b: Drampa|Drampa, L50, M|100/100
|-ability|p2b: Drampa|Cloud Nine
|-ability|p2a: Scrafty|Intimidate|boost
|-unboost|p1a: Blastoise|atk|1
|-unboost|p1b: Sinistcha|atk|1
|turn|5
|inactive|fasfsafaf has 30 seconds left.
|inactive|fasfsafaf has 20 seconds left.
|inactive|fasfsafaf has 15 seconds left.
|inactive|fasfsafaf has 10 seconds left.
|inactive|fasfsafaf has 5 seconds left.
|
|t:|1783534146
|cant|p1b: Sinistcha|par
|move|p1a: Blastoise|Protect|p1a: Blastoise
|-singleturn|p1a: Blastoise|Protect
|move|p2a: Scrafty|Fake Out|p1a: Blastoise
|-activate|p1a: Blastoise|move: Protect
|move|p2b: Drampa|Dragon Pulse|p1b: Sinistcha
|-damage|p1b: Sinistcha|2/100 par
|
|-fieldend|move: Trick Room
|upkeep
|turn|6
|inactive|1OO% Jesus has 30 seconds left.
|inactive|fasfsafaf has 30 seconds left.
|inactive|fasfsafaf has 20 seconds left.
|inactive|fasfsafaf has 15 seconds left.
|inactive|fasfsafaf has 10 seconds left.
|inactive|fasfsafaf has 5 seconds left.
|
|t:|1783534201
|move|p1b: Sinistcha|Rage Powder|p1b: Sinistcha
|-singleturn|p1b: Sinistcha|move: Rage Powder
|move|p1a: Blastoise|Water Spout|p2b: Drampa|[spread] p2a,p2b
|-resisted|p2b: Drampa|1
|-damage|p2a: Scrafty|45/100
|-damage|p2b: Drampa|64/100
|move|p2a: Scrafty|Close Combat|p1b: Sinistcha
|-immune|p1b: Sinistcha
|move|p2b: Drampa|Dragon Pulse|p1b: Sinistcha
|-damage|p1b: Sinistcha|0 fnt
|faint|p1b: Sinistcha
|
|upkeep
|
|t:|1783534213
|switch|p1b: Incineroar|Incineroar, L50, F|79/100
|-ability|p1b: Incineroar|Intimidate|boost
|-unboost|p2a: Scrafty|atk|1
|-unboost|p2b: Drampa|atk|1
|turn|7
|inactive|fasfsafaf has 30 seconds left.
|inactive|fasfsafaf has 20 seconds left.
|inactive|fasfsafaf has 15 seconds left.
|inactive|fasfsafaf has 10 seconds left.
|inactive|fasfsafaf has 5 seconds left.
|
|t:|1783534268
|move|p1b: Incineroar|Fake Out|p2b: Drampa
|-damage|p2b: Drampa|52/100
|move|p1a: Blastoise|Water Spout|p2b: Drampa|[spread] p2a,p2b
|-resisted|p2b: Drampa|1
|-damage|p2a: Scrafty|0 fnt
|-damage|p2b: Drampa|16/100
|faint|p2a: Scrafty
|cant|p2b: Drampa|flinch
|
|upkeep
|turn|8
|inactive|fasfsafaf has 30 seconds left.
|inactive|fasfsafaf has 20 seconds left.
|inactive|fasfsafaf has 15 seconds left.
|inactive|fasfsafaf has 10 seconds left.
|inactive|fasfsafaf has 5 seconds left.
|-message|fasfsafaf lost due to inactivity.
|
|win|1OO% Jesus
||1OO% Jesus is ready for game 2.
|inactive|fasfsafaf has 30 seconds to confirm battle start!
|inactive|fasfsafaf has 20 seconds to confirm battle start!
|inactive|fasfsafaf has 10 seconds to confirm battle start!
|uhtml|next|Next: Game 2 of 3
