|j|☆HOPE AND DESIRE
|j|☆TsitOoO
|html|HOPE AND DESIRETsitOoO    
|uhtml|bestof|Game 1 of a best-of-3
|t:|1783856300
|gametype|doubles
|player|p1|HOPE AND DESIRE|gambler|1146
|player|p2|TsitOoO|170|1000
|gen|9
|tier|[Gen 9 Champions] VGC 2026 Reg M-B (Bo3)
|rated|
|rule|Species Clause: Limit one of each Pokémon
|rule|Item Clause: Limit 1 of each item
|clearpoke
|poke|p1|Charizard, L50, F|
|poke|p1|Whimsicott, L50, F|
|poke|p1|Garchomp, L50, M|
|poke|p1|Basculegion, L50, M|
|poke|p1|Glimmora, L50, M|
|poke|p1|Kingambit, L50, M|
|poke|p2|Incineroar, L50, M|
|poke|p2|Torkoal, L50, F|
|poke|p2|Sinistcha, L50|
|poke|p2|Raichu, L50, F|
|poke|p2|Whimsicott, L50, F|
|poke|p2|Staraptor, L50, M|
|teampreview|4
|showteam|p1|Charizard||CharizarditeY|Blaze|WeatherBall,HeatWave,SolarBeam,Protect|Modest||F|||50|]Whimsicott||FairyFeather|Prankster|Moonblast,TrickRoom,Encore,Tailwind|Bold||F|||50|]Garchomp||SitrusBerry|RoughSkin|DragonClaw,Earthquake,RockSlide,Protect|Adamant||M|||50|]Basculegion||MysticWater|Adaptability|WaveCrash,AquaJet,LastRespects,Protect|Adamant||M|||50|]Glimmora||FocusSash|ToxicDebris|PowerGem,SludgeBomb,SpikyShield,EarthPower|Modest||M|||50|]Kingambit||ChopleBerry|Defiant|KowtowCleave,SuckerPunch,IronHead,LowKick|Adamant||M|||50|
|showteam|p2|Incineroar||SitrusBerry|Intimidate|FakeOut,FlareBlitz,DarkestLariat,PartingShot|Careful||M|||50|]Torkoal||Charcoal|Drought|Eruption,AncientPower,Protect,SolarBeam|Quiet||F|||50|]Sinistcha||Leftovers|Hospitality|MatchaGotcha,Protect,TrickRoom,RagePowder|Calm|||||50|]Raichu||RaichuniteY|LightningRod|FocusBlast,FakeOut,ZapCannon,Protect|Modest||F|||50|]Whimsicott||FocusSash|Prankster|Tailwind,Moonblast,Protect,Charm|Modest||F|||50|]Staraptor||Staraptite|Intimidate|CloseCombat,Protect,BraveBird,Roost|Careful||M|||50|
|
|t:|1783856325
|teamsize|p1|4
|teamsize|p2|4
|start
|switch|p1a: Golden Mushroom|Whimsicott, L50, F|100/100
|switch|p1b: SuperStar|Charizard, L50, F|100/100
|switch|p2a: Staraptor|Staraptor, L50, M|100/100
|switch|p2b: Whimsicott|Whimsicott, L50, F|100/100
|-ability|p2a: Staraptor|Intimidate|boost
|-unboost|p1a: Golden Mushroom|atk|1
|-unboost|p1b: SuperStar|atk|1
|turn|1
|
|t:|1783856353
|detailschange|p1b: SuperStar|Charizard-Mega-Y, L50, F
|-mega|p1b: SuperStar|Charizard|Charizardite Y
|-weather|SunnyDay|[from] ability: Drought|[of] p1b: SuperStar
|detailschange|p2a: Staraptor|Staraptor-Mega, L50, M
|-mega|p2a: Staraptor|Staraptor|Staraptite
|move|p2b: Whimsicott|Charm|p2a: Staraptor
|-boost|p2a: Staraptor|atk|2
|move|p1b: SuperStar|Weather Ball|p2a: Staraptor
|-damage|p2a: Staraptor|31/100
|move|p2a: Staraptor|Close Combat|p1b: SuperStar
|-resisted|p1b: SuperStar|1
|-damage|p1b: SuperStar|42/100
|-boost|p2a: Staraptor|def|1
|-boost|p2a: Staraptor|spd|1
|move|p1a: Golden Mushroom|Trick Room|p1a: Golden Mushroom
|-fieldstart|move: Trick Room|[of] p1a: Golden Mushroom
|
|-weather|SunnyDay|[upkeep]
|upkeep
|turn|2
|
|t:|1783856381
|switch|p2b: Sinistcha|Sinistcha, L50|100/100
|-heal|p2a: Staraptor|56/100|[from] ability: Hospitality|[of] p2b: Sinistcha
|move|p2a: Staraptor|Protect|p2a: Staraptor
|-singleturn|p2a: Staraptor|Protect
|move|p1a: Golden Mushroom|Moonblast|p2b: Sinistcha
|-damage|p2b: Sinistcha|74/100
|move|p1b: SuperStar|Heat Wave|p2a: Staraptor|[spread] p2b
|-activate|p2a: Staraptor|move: Protect
|-supereffective|p2b: Sinistcha|1
|-damage|p2b: Sinistcha|0 fnt
|faint|p2b: Sinistcha
|
|-weather|SunnyDay|[upkeep]
|upkeep
|
|t:|1783856396
|switch|p2b: Torkoal|Torkoal, L50, F|100/100
|turn|3
|
|t:|1783856408
|move|p1b: SuperStar|Protect|p1b: SuperStar
|-singleturn|p1b: SuperStar|Protect
|move|p1a: Golden Mushroom|Encore|p2a: Staraptor
|-start|p2a: Staraptor|Encore
|move|p2a: Staraptor|Protect||[still]
|-fail|p2a: Staraptor
|move|p2b: Torkoal|Eruption|p1b: SuperStar|[spread] p1a
|-activate|p1b: SuperStar|move: Protect
|-supereffective|p1a: Golden Mushroom|1
|-crit|p1a: Golden Mushroom
|-damage|p1a: Golden Mushroom|0 fnt
|faint|p1a: Golden Mushroom
|
|-weather|SunnyDay|[upkeep]
|upkeep
|
|t:|1783856421
|switch|p1a: Bascullet Bill|Basculegion, L50, M|100/100
|turn|4
|
|t:|1783856437
|move|p2a: Staraptor|Protect|p2a: Staraptor
|-singleturn|p2a: Staraptor|Protect
|move|p1a: Bascullet Bill|Aqua Jet|p2b: Torkoal
|-supereffective|p2b: Torkoal|1
|-damage|p2b: Torkoal|75/100
|move|p2b: Torkoal|Ancient Power|p1b: SuperStar
|-supereffective|p1b: SuperStar|2
|-damage|p1b: SuperStar|0 fnt
|faint|p1b: SuperStar
|
|-weather|SunnyDay|[upkeep]
|upkeep
|
|t:|1783856446
|switch|p1b: Poison Blooper|Glimmora, L50, M|100/100
|turn|5
|
|t:|1783856456
|move|p2a: Staraptor|Protect||[still]
|-fail|p2a: Staraptor
|move|p2b: Torkoal|Solar Beam||[still]
|-prepare|p2b: Torkoal|Solar Beam
|-anim|p2b: Torkoal|Solar Beam|p1a: Bascullet Bill
|-supereffective|p1a: Bascullet Bill|1
|-damage|p1a: Bascullet Bill|16/100
|move|p1a: Bascullet Bill|Last Respects|p2b: Torkoal
|-damage|p2b: Torkoal|0 fnt
|faint|p2b: Torkoal
|move|p1b: Poison Blooper|Sludge Bomb|p2a: Staraptor
|-damage|p2a: Staraptor|26/100
|
|-weather|none
|-end|p2a: Staraptor|Encore
|-fieldend|move: Trick Room
|upkeep
|
|t:|1783856470
|switch|p2b: Whimsicott|Whimsicott, L50, F|100/100
|turn|6
|
|t:|1783856483
|move|p1a: Bascullet Bill|Protect|p1a: Bascullet Bill
|-singleturn|p1a: Bascullet Bill|Protect
|move|p2b: Whimsicott|Moonblast|p1a: Bascullet Bill
|-activate|p1a: Bascullet Bill|move: Protect
|move|p1b: Poison Blooper|Sludge Bomb|p2a: Staraptor
|-damage|p2a: Staraptor|0 fnt
|faint|p2a: Staraptor
|
|upkeep
|turn|7
|
|t:|1783856494
|move|p2b: Whimsicott|Moonblast|p1a: Bascullet Bill
|-damage|p1a: Bascullet Bill|0 fnt
|faint|p1a: Bascullet Bill
|move|p1b: Poison Blooper|Sludge Bomb|p2b: Whimsicott
|-supereffective|p2b: Whimsicott|2
|-enditem|p2b: Whimsicott|Focus Sash
|-damage|p2b: Whimsicott|1/100
|
|upkeep
|turn|8
|-message|TsitOoO forfeited.
|
|win|HOPE AND DESIRE
|l|☆TsitOoO
|player|p2|
