|j|☆Billie Eiscue
|j|☆bancomat 2
|html|Billie Eiscuebancomat 2    
|uhtml|bestof|Game 1 of a best-of-3
|t:|1783342495
|gametype|doubles
|player|p1|Billie Eiscue|lebanne|1174
|player|p2|bancomat 2|volkner|1120
|gen|9
|tier|[Gen 9 Champions] VGC 2026 Reg M-B (Bo3)
|rated|
|rule|Species Clause: Limit one of each Pokémon
|rule|Item Clause: Limit 1 of each item
|clearpoke
|poke|p1|Tyranitar, L50, M|
|poke|p1|Whimsicott, L50, F|
|poke|p1|Excadrill, L50, F|
|poke|p1|Kommo-o, L50, F|
|poke|p1|Venusaur, L50, F|
|poke|p1|Basculegion, L50, M|
|poke|p2|Charizard, L50, M, shiny|
|poke|p2|Aerodactyl, L50, M|
|poke|p2|Garchomp, L50, M|
|poke|p2|Sylveon, L50, M|
|poke|p2|Kingambit, L50, M|
|poke|p2|Basculegion, L50, M|
|teampreview|4
|showteam|p1|Tyranitar||Tyranitarite|SandStream|RockSlide,KnockOff,IcePunch,Protect|Adamant||M|||50|]Whimsicott||MentalHerb|Prankster|Moonblast,Tailwind,FakeTears,Protect|Bold||F|||50|]Excadrill||FocusSash|SandRush|HighHorsepower,IronHead,RockTomb,Protect|Adamant||F|||50|]Kommo-o||LifeOrb|Overcoat|ClangingScales,AuraSphere,FlashCannon,Protect|Modest||F|||50|]Venusaur||Venusaurite|Chlorophyll|EnergyBall,SludgeBomb,EarthPower,Protect|Modest||F|||50|]Basculegion||ChoiceScarf|Adaptability|WaveCrash,LastRespects,AquaJet,FlipTurn|Adamant||M|||50|
|showteam|p2|Charizard||CharizarditeY|Blaze|HeatWave,WeatherBall,SolarBeam,Protect|Modest||M|||50|]Aerodactyl||Aerodactylite|Unnerve|RockSlide,DualWingbeat,Tailwind,IceFang|Jolly||M|||50|]Garchomp||LifeOrb|RoughSkin|DragonClaw,Earthquake,RockTomb,Protect|Jolly||M|||50|]Sylveon||FairyFeather|Pixilate|HyperVoice,HyperBeam,QuickAttack,Detect|Modest||M|||50|]Kingambit||FocusSash|Defiant|KowtowCleave,SuckerPunch,IronHead,LowKick|Adamant||M|||50|]Basculegion||ChoiceScarf|Adaptability|WaveCrash,AquaJet,LastRespects,FlipTurn|Jolly||M|||50|
|
|t:|1783342534
|teamsize|p1|4
|teamsize|p2|4
|start
|switch|p1a: fishing with you|Basculegion, L50, M|100/100
|switch|p1b: Bounce Man|Whimsicott, L50, F|100/100
|switch|p2a: Basculegion|Basculegion, L50, M|100/100
|switch|p2b: Kingambit|Kingambit, L50, M|100/100
|turn|1
|
|t:|1783342558
|move|p1b: Bounce Man|Tailwind|p1b: Bounce Man
|-sidestart|p1: Billie Eiscue|move: Tailwind
|move|p1a: fishing with you|Wave Crash|p2b: Kingambit
|-damage|p2b: Kingambit|36/100
|-damage|p1a: fishing with you|81/100|[from] Recoil
|move|p2a: Basculegion|Flip Turn|p1a: fishing with you
|-resisted|p1a: fishing with you|1
|-damage|p1a: fishing with you|62/100
|
|t:|1783342569
|switch|p2a: Garchomp|Garchomp, L50, M|100/100|[from] Flip Turn
|move|p2b: Kingambit|Iron Head|p1b: Bounce Man
|-supereffective|p1b: Bounce Man|1
|-damage|p1b: Bounce Man|0 fnt
|faint|p1b: Bounce Man
|
|upkeep
|
|t:|1783342577
|switch|p1b: Boom Clap|Kommo-o, L50, F|100/100
|turn|2
|
|t:|1783342585
|switch|p1a: my way|Tyranitar, L50, M|100/100
|-weather|Sandstorm|[from] ability: Sand Stream|[of] p1a: my way
|switch|p2a: Sylveon|Sylveon, L50, M|100/100
|move|p2b: Kingambit|Sucker Punch||[still]
|-fail|p2b: Kingambit
|move|p1b: Boom Clap|Clanging Scales|p2a: Sylveon|[spread] p2b
|-immune|p2a: Sylveon
|-resisted|p2b: Kingambit|1
|-damage|p2b: Kingambit|7/100
|-unboost|p1b: Boom Clap|def|1
|-damage|p1b: Boom Clap|90/100|[from] item: Life Orb
|
|-weather|Sandstorm|[upkeep]
|-damage|p2a: Sylveon|94/100|[from] Sandstorm
|upkeep
|turn|3
|
|t:|1783342598
|detailschange|p1a: my way|Tyranitar-Mega, L50, M
|-mega|p1a: my way|Tyranitar|Tyranitarite
|move|p1a: my way|Rock Slide|p2b: Kingambit|[spread] p2a,p2b
|-resisted|p2b: Kingambit|1
|-damage|p2a: Sylveon|51/100
|-damage|p2b: Kingambit|0 fnt
|faint|p2b: Kingambit
|move|p1b: Boom Clap|Flash Cannon|p2a: Sylveon
|-supereffective|p2a: Sylveon|1
|-damage|p2a: Sylveon|1/100
|-damage|p1b: Boom Clap|81/100|[from] item: Life Orb
|cant|p2a: Sylveon|flinch
|
|-weather|Sandstorm|[upkeep]
|-damage|p2a: Sylveon|0 fnt|[from] Sandstorm
|faint|p2a: Sylveon
|upkeep
|
|t:|1783342613
|switch|p2b: Basculegion|Basculegion, L50, M|100/100
|switch|p2a: Garchomp|Garchomp, L50, M|100/100
|turn|4
|
|t:|1783342621
|move|p2a: Garchomp|Protect|p2a: Garchomp
|-singleturn|p2a: Garchomp|Protect
|move|p2b: Basculegion|Aqua Jet|p1b: Boom Clap
|-resisted|p1b: Boom Clap|1
|-damage|p1b: Boom Clap|66/100
|move|p1a: my way|Knock Off|p2b: Basculegion
|-supereffective|p2b: Basculegion|1
|-damage|p2b: Basculegion|0 fnt
|-enditem|p2b: Basculegion|Choice Scarf|[from] move: Knock Off|[of] p1a: my way
|faint|p2b: Basculegion
|move|p1b: Boom Clap|Clanging Scales|p2a: Garchomp
|-activate|p2a: Garchomp|move: Protect
|
|-weather|Sandstorm|[upkeep]
|-sideend|p1: Billie Eiscue|move: Tailwind
|upkeep
|turn|5
|
|t:|1783342629
|move|p2a: Garchomp|Earthquake|p1a: my way|[spread] p1a,p1b
|-supereffective|p1a: my way|1
|-damage|p1a: my way|36/100
|-damage|p1b: Boom Clap|5/100
|-damage|p2a: Garchomp|90/100|[from] item: Life Orb
|move|p1a: my way|Ice Punch|p2a: Garchomp
|-supereffective|p2a: Garchomp|2
|-damage|p2a: Garchomp|0 fnt
|-damage|p1a: my way|24/100|[from] ability: Rough Skin|[of] p2a: Garchomp
|faint|p2a: Garchomp
|
|win|Billie Eiscue
