|j|☆magicalarcher57
|j|☆MangoldVGC
|html|magicalarcher57MangoldVGC    
|uhtml|bestof|Game 2 of a best-of-3
|t:|1783340362
|gametype|doubles
|player|p1|magicalarcher57|diantha|1215
|player|p2|MangoldVGC|265|1167
|gen|9
|tier|[Gen 9 Champions] VGC 2026 Reg M-B (Bo3)
|rated|
|rule|Species Clause: Limit one of each Pokémon
|rule|Item Clause: Limit 1 of each item
|clearpoke
|poke|p1|Raichu, L50, M, shiny|
|poke|p1|Garchomp, L50, F, shiny|
|poke|p1|Whimsicott, L50, F, shiny|
|poke|p1|Kingambit, L50, F, shiny|
|poke|p1|Basculegion, L50, M, shiny|
|poke|p1|Charizard, L50, M, shiny|
|poke|p2|Froslass, L50, F|
|poke|p2|Lycanroc-Dusk, L50, M|
|poke|p2|Sneasler, L50, M|
|poke|p2|Basculegion, L50, M|
|poke|p2|Kingambit, L50, F|
|poke|p2|Scovillain, L50, F|
|teampreview|4
|showteam|p1|Raichu||RaichuniteY|LightningRod|FakeOut,FocusBlast,ZapCannon,Protect|Timid||M|||50|]Garchomp||LifeOrb|RoughSkin|DragonClaw,Earthquake,StompingTantrum,Protect|Jolly||F|||50|]Whimsicott||FocusSash|Prankster|Moonblast,Tailwind,SunnyDay,Encore|Timid||F|||50|]Kingambit||BlackGlasses|Defiant|SuckerPunch,KowtowCleave,IronHead,Protect|Adamant||F|||50|]Basculegion||MysticWater|Adaptability|LastRespects,WaveCrash,Protect,AquaJet|Adamant||M|||50|]Charizard||CharizarditeY|Blaze|WeatherBall,SolarBeam,HeatWave,Protect|Modest||M|||50|
|showteam|p2|Froslass||Froslassite|CursedBody|Protect,Blizzard,AuroraVeil,ShadowBall|Timid||F|||50|]Lycanroc-Dusk||FocusSash|ToughClaws|Protect,CloseCombat,Accelerock,RockSlide|Jolly||M|||50|]Sneasler||WhiteHerb|Unburden|Protect,CloseCombat,DireClaw,FakeOut|Jolly||M|||50|]Basculegion||ChoiceScarf|Adaptability|LastRespects,WaveCrash,AquaJet,FlipTurn|Serious||M|||50|]Kingambit||BlackGlasses|Defiant|Protect,KowtowCleave,SuckerPunch,SwordsDance|Adamant||F|||50|]Scovillain||Scovillainite|Moody|Protect,GigaDrain,Overheat,RagePowder|Bold||F|||50|
|inactive|Battle timer is ON: inactive players will automatically lose when time's up. (requested by magicalarcher57)
|
|t:|1783340387
|teamsize|p1|4
|teamsize|p2|4
|start
|switch|p1a: Charizard|Charizard, L50, M, shiny|100/100
|switch|p1b: Whimsicott|Whimsicott, L50, F, shiny|100/100
|switch|p2a: Froslass|Froslass, L50, F|100/100
|switch|p2b: Sneasler|Sneasler, L50, M|100/100
|turn|1
|inactive|magicalarcher57 has 30 seconds left.
|
|t:|1783340413
|detailschange|p1a: Charizard|Charizard-Mega-Y, L50, M, shiny
|-mega|p1a: Charizard|Charizard|Charizardite Y
|-weather|SunnyDay|[from] ability: Drought|[of] p1a: Charizard
|move|p2a: Froslass|Protect|p2a: Froslass
|-singleturn|p2a: Froslass|Protect
|move|p1b: Whimsicott|Tailwind|p1b: Whimsicott
|-sidestart|p1: magicalarcher57|move: Tailwind
|move|p1a: Charizard|Heat Wave|p2b: Sneasler|[spread] p2b
|-activate|p2a: Froslass|move: Protect
|-damage|p2b: Sneasler|3/100
|move|p2b: Sneasler|Dire Claw|p1b: Whimsicott
|-supereffective|p1b: Whimsicott|2
|-enditem|p1b: Whimsicott|Focus Sash
|-damage|p1b: Whimsicott|1/100
|-status|p1b: Whimsicott|par
|
|-weather|SunnyDay|[upkeep]
|upkeep
|turn|2
|inactive|MangoldVGC has 30 seconds left.
|
|t:|1783340448
|detailschange|p2a: Froslass|Froslass-Mega, L50, F
|-mega|p2a: Froslass|Froslass|Froslassite
|-weather|Snowscape|[from] ability: Snow Warning|[of] p2a: Froslass
|move|p1b: Whimsicott|Sunny Day|p1b: Whimsicott
|-weather|SunnyDay
|move|p1a: Charizard|Heat Wave|p2b: Sneasler|[spread] p2a,p2b
|-supereffective|p2a: Froslass|1
|-damage|p2a: Froslass|0 fnt
|-damage|p2b: Sneasler|0 fnt
|faint|p2a: Froslass
|faint|p2b: Sneasler
|
|-weather|SunnyDay|[upkeep]
|upkeep
|
|t:|1783340457
|switch|p2b: Lycanroc|Lycanroc-Dusk, L50, M|100/100
|switch|p2a: Basculegion|Basculegion, L50, M|100/100
|turn|3
|inactive|MangoldVGC has 30 seconds left.
|
|t:|1783340488
|move|p2b: Lycanroc|Accelerock|p1a: Charizard
|-supereffective|p1a: Charizard|2
|-damage|p1a: Charizard|0 fnt
|faint|p1a: Charizard
|move|p2a: Basculegion|Last Respects|p1b: Whimsicott
|-damage|p1b: Whimsicott|0 fnt
|faint|p1b: Whimsicott
|
|-weather|SunnyDay|[upkeep]
|upkeep
|
|t:|1783340499
|switch|p1b: Kingambit|Kingambit, L50, F, shiny|100/100
|switch|p1a: Garchomp|Garchomp, L50, F, shiny|100/100
|turn|4
|
|t:|1783340509
|move|p1b: Kingambit|Sucker Punch|p2a: Basculegion
|-supereffective|p2a: Basculegion|1
|-damage|p2a: Basculegion|0 fnt
|faint|p2a: Basculegion
|move|p1a: Garchomp|Dragon Claw|p2b: Lycanroc
|-damage|p2b: Lycanroc|2/100
|-damage|p1a: Garchomp|90/100|[from] item: Life Orb
|move|p2b: Lycanroc|Close Combat|p1b: Kingambit
|-supereffective|p1b: Kingambit|2
|-damage|p1b: Kingambit|0 fnt
|-unboost|p2b: Lycanroc|def|1
|-unboost|p2b: Lycanroc|spd|1
|faint|p1b: Kingambit
|
|-weather|SunnyDay|[upkeep]
|-sideend|p1: magicalarcher57|move: Tailwind
|upkeep
|turn|5
|
|t:|1783340530
|move|p2b: Lycanroc|Close Combat|p1a: Garchomp
|-damage|p1a: Garchomp|42/100
|-unboost|p2b: Lycanroc|def|1
|-unboost|p2b: Lycanroc|spd|1
|-damage|p2b: Lycanroc|0 fnt|[from] ability: Rough Skin|[of] p1a: Garchomp
|faint|p2b: Lycanroc
|
|win|magicalarcher57
|raw|magicalarcher57's rating: 1215 → 1237(+22 for winning)
|raw|MangoldVGC's rating: 1167 → 1145(-22 for losing)
