|j|☆Sodamario
|j|☆namboyVGC
|html|SodamarionamboyVGC    
|uhtml|bestof|Game 3 of a best-of-3
|t:|1756146240
|gametype|doubles
|player|p1|Sodamario|266|1181
|player|p2|namboyVGC|pokemonranger-gen4|1328
|gen|9
|tier|[Gen 9] VGC 2025 Reg H (Bo3)
|rated|
|rule|Species Clause: Limit one of each Pokémon
|rule|Item Clause: Limit 1 of each item
|clearpoke
|poke|p1|Kingambit, L50, F|
|poke|p1|Rillaboom, L50, F|
|poke|p1|Electabuzz, L50, M|
|poke|p1|Volcarona, L50, M|
|poke|p1|Sneasler, L50, F|
|poke|p1|Dragonite, L50, F|
|poke|p2|Sneasler, L50, F|
|poke|p2|Indeedee, L50, M|
|poke|p2|Annihilape, L50, F|
|poke|p2|Tyranitar, L50, M|
|poke|p2|Excadrill, L50, F|
|poke|p2|Hydreigon, L50, F|
|teampreview|4
|showteam|p1|Kingambit||BlackGlasses|Defiant|Protect,KowtowCleave,SuckerPunch,SwordsDance|||F|||50|,,,,,Dark]Rillaboom||AssaultVest|GrassySurge|WoodHammer,GrassyGlide,HighHorsepower,FakeOut|||F|||50|,,,,,Fire]Electabuzz||Eviolite|VitalSpirit|Protect,Thunderbolt,HelpingHand,FollowMe|||M|||50|,,,,,Ghost]Volcarona||CovertCloak|FlameBody|Protect,HeatWave,TeraBlast,QuiverDance|||M|||50|,,,,,Fairy]Sneasler||FocusSash|Unburden|CloseCombat,DireClaw,Coaching,FakeOut|||F|||50|,,,,,Stellar]Dragonite||LoadedDice|Multiscale|ScaleShot,Haze,ExtremeSpeed,Protect|||F|||50|,,,,,Fairy
|showteam|p2|Sneasler||PsychicSeed|Unburden|CloseCombat,DireClaw,ThroatChop,Protect|||F|||50|,,,,,Dark]Indeedee||ChoiceScarf|PsychicSurge|ExpandingForce,TeraBlast,Trick,DazzlingGleam|||M|||50|,,,,,Fire]Annihilape||SafetyGoggles|Defiant|CloseCombat,RageFist,Taunt,FinalGambit|||F|||50|,,,,,Psychic]Tyranitar||AssaultVest|SandStream|RockSlide,KnockOff,TeraBlast,LowKick|||M|||50|,,,,,Flying]Excadrill||FocusSash|SandRush|HighHorsepower,Earthquake,IronHead,Protect|||F|||50|,,,,,Stellar]Hydreigon||CovertCloak|Levitate|Snarl,DracoMeteor,Tailwind,Roar|||F|||50|,,,,,Poison
|inactive|Battle timer is ON: inactive players will automatically lose when time's up. (requested by namboyVGC)
|inactive|Sodamario has 60 seconds left.
|
|t:|1756146296
|teamsize|p1|4
|teamsize|p2|4
|start
|switch|p1a: Shigaraki|Sneasler, L50, F|100/100
|switch|p1b: WrathofKhan|Kingambit, L50, F, shiny|100/100
|switch|p2a: Tyranitar|Tyranitar, L50, M|100/100
|switch|p2b: Excadrill|Excadrill, L50, F|100/100
|-weather|Sandstorm|[from] ability: Sand Stream|[of] p2a: Tyranitar
|turn|1
|
|t:|1756146314
|-terastallize|p2a: Tyranitar|Flying
|move|p1b: WrathofKhan|Protect|p1b: WrathofKhan
|-singleturn|p1b: WrathofKhan|Protect
|move|p2b: Excadrill|High Horsepower|p1b: WrathofKhan
|-activate|p1b: WrathofKhan|move: Protect
|move|p1a: Shigaraki|Close Combat|p2b: Excadrill
|-supereffective|p2b: Excadrill
|-enditem|p2b: Excadrill|Focus Sash
|-damage|p2b: Excadrill|1/100
|-unboost|p1a: Shigaraki|def|1
|-unboost|p1a: Shigaraki|spd|1
|move|p2a: Tyranitar|Tera Blast|p1a: Shigaraki|[anim] Tera Blast Flying
|-supereffective|p1a: Shigaraki
|-enditem|p1a: Shigaraki|Focus Sash
|-damage|p1a: Shigaraki|1/100
|
|-weather|Sandstorm|[upkeep]
|-damage|p1a: Shigaraki|0 fnt|[from] Sandstorm
|-damage|p2a: Tyranitar|95/100|[from] Sandstorm
|faint|p1a: Shigaraki
|upkeep
|
|t:|1756146322
|switch|p1a: Trunkmeister|Rillaboom, L50, F, shiny|100/100
|-fieldstart|move: Grassy Terrain|[from] ability: Grassy Surge|[of] p1a: Trunkmeister
|turn|2
|
|t:|1756146351
|switch|p1a: Litofsky|Electabuzz, L50, M, shiny|100/100
|switch|p2a: Indeedee|Indeedee, L50, M|100/100
|-fieldstart|move: Psychic Terrain|[from] ability: Psychic Surge|[of] p2a: Indeedee
|-terastallize|p1b: WrathofKhan|Dark
|move|p2b: Excadrill|High Horsepower|p1b: WrathofKhan
|-damage|p1b: WrathofKhan|57/100
|move|p1b: WrathofKhan|Kowtow Cleave|p2a: Indeedee
|-supereffective|p2a: Indeedee
|-damage|p2a: Indeedee|0 fnt
|faint|p2a: Indeedee
|
|-weather|Sandstorm|[upkeep]
|-damage|p1a: Litofsky|95/100|[from] Sandstorm
|-damage|p1b: WrathofKhan|51/100|[from] Sandstorm
|upkeep
|
|t:|1756146370
|switch|p2a: Tyranitar|Tyranitar, L50, M, tera:Flying|95/100
|turn|3
|
|t:|1756146392
|switch|p1a: Trunkmeister|Rillaboom, L50, F, shiny|100/100
|-fieldstart|move: Grassy Terrain|[from] ability: Grassy Surge|[of] p1a: Trunkmeister
|move|p2b: Excadrill|Protect|p2b: Excadrill
|-singleturn|p2b: Excadrill|Protect
|move|p1b: WrathofKhan|Protect|p1b: WrathofKhan
|-singleturn|p1b: WrathofKhan|Protect
|move|p2a: Tyranitar|Knock Off|p1a: Trunkmeister
|-damage|p1a: Trunkmeister|45/100
|-enditem|p1a: Trunkmeister|Assault Vest|[from] move: Knock Off|[of] p2a: Tyranitar
|
|-weather|Sandstorm|[upkeep]
|-damage|p1a: Trunkmeister|39/100|[from] Sandstorm
|-damage|p2a: Tyranitar|89/100|[from] Sandstorm
|-damage|p1b: WrathofKhan|45/100|[from] Sandstorm
|-heal|p2b: Excadrill|7/100|[from] Grassy Terrain
|-heal|p1a: Trunkmeister|45/100|[from] Grassy Terrain
|-heal|p1b: WrathofKhan|51/100|[from] Grassy Terrain
|upkeep
|turn|4
|inactive|namboyVGC has 30 seconds left.
|
|t:|1756146419
|switch|p2b: Sneasler|Sneasler, L50, F|100/100
|move|p1a: Trunkmeister|Fake Out|p2a: Tyranitar
|-damage|p2a: Tyranitar|77/100
|cant|p2a: Tyranitar|flinch
|move|p1b: WrathofKhan|Kowtow Cleave|p2a: Tyranitar
|-crit|p2a: Tyranitar
|-damage|p2a: Tyranitar|0 fnt
|faint|p2a: Tyranitar
|
|-weather|Sandstorm|[upkeep]
|-damage|p2b: Sneasler|95/100|[from] Sandstorm
|-damage|p1a: Trunkmeister|39/100|[from] Sandstorm
|-damage|p1b: WrathofKhan|45/100|[from] Sandstorm
|-heal|p2b: Sneasler|100/100|[from] Grassy Terrain
|-heal|p1a: Trunkmeister|45/100|[from] Grassy Terrain
|-heal|p1b: WrathofKhan|51/100|[from] Grassy Terrain
|upkeep
|
|t:|1756146435
|switch|p2a: Excadrill|Excadrill, L50, F|7/100
|turn|5
|
|t:|1756146452
|switch|p1a: Litofsky|Electabuzz, L50, M, shiny|95/100
|move|p1b: WrathofKhan|Protect|p1b: WrathofKhan
|-singleturn|p1b: WrathofKhan|Protect
|move|p2a: Excadrill|High Horsepower|p1a: Litofsky
|-supereffective|p1a: Litofsky
|-damage|p1a: Litofsky|13/100
|move|p2b: Sneasler|Close Combat|p1b: WrathofKhan
|-activate|p1b: WrathofKhan|move: Protect
|
|-weather|none
|-heal|p2a: Excadrill|13/100|[from] Grassy Terrain
|-heal|p1a: Litofsky|19/100|[from] Grassy Terrain
|-heal|p1b: WrathofKhan|57/100|[from] Grassy Terrain
|upkeep
|turn|6
|inactive|Sodamario has 30 seconds left.
|
|t:|1756146482
|move|p2b: Sneasler|Protect|p2b: Sneasler
|-singleturn|p2b: Sneasler|Protect
|move|p1a: Litofsky|Follow Me|p1a: Litofsky
|-singleturn|p1a: Litofsky|move: Follow Me
|move|p1b: WrathofKhan|Sucker Punch|p2a: Excadrill
|-damage|p2a: Excadrill|0 fnt
|faint|p2a: Excadrill
|
|-heal|p1a: Litofsky|25/100|[from] Grassy Terrain
|-heal|p1b: WrathofKhan|63/100|[from] Grassy Terrain
|upkeep
|turn|7
|
|t:|1756146491
|move|p1a: Litofsky|Follow Me|p1a: Litofsky
|-singleturn|p1a: Litofsky|move: Follow Me
|move|p2b: Sneasler|Dire Claw|p1a: Litofsky
|-damage|p1a: Litofsky|0 fnt
|faint|p1a: Litofsky
|move|p1b: WrathofKhan|Kowtow Cleave|p2b: Sneasler
|-resisted|p2b: Sneasler
|-damage|p2b: Sneasler|40/100
|
|-heal|p2b: Sneasler|46/100|[from] Grassy Terrain
|-heal|p1b: WrathofKhan|69/100|[from] Grassy Terrain
|-fieldend|move: Grassy Terrain
|upkeep
|
|t:|1756146500
|switch|p1a: Trunkmeister|Rillaboom, L50, F, shiny|45/100
|-fieldstart|move: Grassy Terrain|[from] ability: Grassy Surge|[of] p1a: Trunkmeister
|turn|8
|
|t:|1756146504
|move|p2b: Sneasler|Protect|p2b: Sneasler
|-singleturn|p2b: Sneasler|Protect
|move|p1a: Trunkmeister|Fake Out|p2b: Sneasler
|-activate|p2b: Sneasler|move: Protect
|move|p1b: WrathofKhan|Swords Dance|p1b: WrathofKhan
|-boost|p1b: WrathofKhan|atk|2
|
|-heal|p2b: Sneasler|51/100|[from] Grassy Terrain
|-heal|p1a: Trunkmeister|51/100|[from] Grassy Terrain
|-heal|p1b: WrathofKhan|74/100|[from] Grassy Terrain
|upkeep
|turn|9
|
|t:|1756146510
|move|p1a: Trunkmeister|Grassy Glide|p2b: Sneasler
|-resisted|p2b: Sneasler
|-damage|p2b: Sneasler|20/100
|move|p1b: WrathofKhan|Sucker Punch|p2b: Sneasler
|-resisted|p2b: Sneasler
|-damage|p2b: Sneasler|0 fnt
|faint|p2b: Sneasler
|
|win|Sodamario
|raw|Sodamario's rating: 1181 → 1216(+35 for winning)
|raw|namboyVGC's rating: 1328 → 1300(-28 for losing)
