|j|☆bonczy
|j|☆seymour747
|html|bonczyseymour747    
|uhtml|bestof|Game 2 of a best-of-3
|t:|1783613228
|gametype|doubles
|player|p1|bonczy|blue-lgpe|
|player|p2|seymour747|acetrainersnowf|
|gen|9
|tier|[Gen 9 Champions] VGC 2026 Reg M-B (Bo3)
|rule|Species Clause: Limit one of each Pokémon
|rule|Item Clause: Limit 1 of each item
|clearpoke
|poke|p1|Metagross, L50|
|poke|p1|Raichu, L50, F|
|poke|p1|Grimmsnarl, L50, M|
|poke|p1|Sinistcha, L50|
|poke|p1|Basculegion, L50, M|
|poke|p1|Pelipper, L50, M|
|poke|p2|Kommo-o, L50, F|
|poke|p2|Gholdengo, L50|
|poke|p2|Floette-Eternal, L50, F|
|poke|p2|Tsareena, L50, F|
|poke|p2|Incineroar, L50, M|
|poke|p2|Aerodactyl, L50, F, shiny|
|teampreview|4
|showteam|p1|Metagross||Metagrossite|ClearBody|MeteorMash,ZenHeadbutt,BrickBreak,Protect|Adamant|||||50|]Raichu||RaichuniteY|LightningRod|ZapCannon,Electroweb,FocusBlast,Protect|Timid||F|||50|]Grimmsnarl||LightClay|Prankster|SpiritBreak,SuckerPunch,LightScreen,Reflect|Adamant||M|||50|]Sinistcha||ColburBerry|Hospitality|MatchaGotcha,ShadowBall,LifeDew,Protect|Bold|||||50|]Basculegion||ChoiceScarf|Adaptability|LastRespects,WaveCrash,Liquidation,FlipTurn|Jolly||M|||50|]Pelipper||DampRock|Drizzle|Hurricane,WeatherBall,Tailwind,Protect|Calm||M|||50|
|showteam|p2|Kommo-o||DragonFang|Soundproof|ClangingScales,AuraSphere,ClangorousSoul,Protect|Modest||F|||50|]Gholdengo||LifeOrb|GoodasGold|MakeItRain,ShadowBall,NastyPlot,Protect|Modest|||||50|]Floette-Eternal||Floettite|FlowerVeil|LightofRuin,DazzlingGleam,CalmMind,Protect|Modest||F|||50|]Tsareena||WideLens|QueenlyMajesty|PowerWhip,TripleAxel,ZenHeadbutt,Protect|Impish||F|||50|]Incineroar||SitrusBerry|Intimidate|FlareBlitz,ThroatChop,PartingShot,FakeOut|Careful||M|||50|]Aerodactyl||Aerodactylite|Unnerve|RockSlide,DualWingbeat,WideGuard,Tailwind|Jolly||F|||50|
|c|☆bonczy|glhf
|c|☆seymour747|gg, glhf
|
|t:|1783613262
|teamsize|p1|4
|teamsize|p2|4
|start
|switch|p1a: SURPRISE 2|Grimmsnarl, L50, M|100/100
|switch|p1b: Basculegion|Basculegion, L50, M|100/100
|switch|p2a: METHOD_REPLEKIA/.|Aerodactyl, L50, F, shiny|100/100
|switch|p2b: Aurica|Kommo-o, L50, F|100/100
|-ability|p2a: METHOD_REPLEKIA/.|Unnerve
|turn|1
|
|t:|1783613307
|detailschange|p2a: METHOD_REPLEKIA/.|Aerodactyl-Mega, L50, F, shiny
|-mega|p2a: METHOD_REPLEKIA/.|Aerodactyl|Aerodactylite
|move|p1a: SURPRISE 2|Light Screen|p1a: SURPRISE 2
|-sidestart|p1: bonczy|move: Light Screen
|move|p2a: METHOD_REPLEKIA/.|Rock Slide|p1a: SURPRISE 2|[spread] p1a,p1b
|-damage|p1a: SURPRISE 2|62/100
|-damage|p1b: Basculegion|63/100
|move|p1b: Basculegion|Flip Turn|p2a: METHOD_REPLEKIA/.
|-supereffective|p2a: METHOD_REPLEKIA/.|1
|-damage|p2a: METHOD_REPLEKIA/.|3/100
|
|t:|1783613315
|switch|p1b: Rain Summoner|Pelipper, L50, M|100/100|[from] Flip Turn
|-weather|RainDance|[from] ability: Drizzle|[of] p1b: Rain Summoner
|move|p2b: Aurica|Clanging Scales|p1b: Rain Summoner|[spread] p1b
|-immune|p1a: SURPRISE 2
|-damage|p1b: Rain Summoner|71/100
|-unboost|p2b: Aurica|def|1
|
|-weather|RainDance|[upkeep]
|upkeep
|turn|2
|
|t:|1783613372
|move|p2b: Aurica|Protect|p2b: Aurica
|-singleturn|p2b: Aurica|Protect
|move|p2a: METHOD_REPLEKIA/.|Dual Wingbeat|p1b: Rain Summoner
|-damage|p1b: Rain Summoner|43/100
|-damage|p1b: Rain Summoner|15/100
|-hitcount|p1b: Rain Summoner|2
|move|p1b: Rain Summoner|Weather Ball|p2a: METHOD_REPLEKIA/.
|-supereffective|p2a: METHOD_REPLEKIA/.|1
|-damage|p2a: METHOD_REPLEKIA/.|0 fnt
|faint|p2a: METHOD_REPLEKIA/.
|move|p1a: SURPRISE 2|Spirit Break|p2b: Aurica
|-activate|p2b: Aurica|move: Protect
|
|-weather|RainDance|[upkeep]
|upkeep
|
|t:|1783613389
|switch|p2a: Cloche|Tsareena, L50, F|100/100
|turn|3
|
|t:|1783613408
|move|p1a: SURPRISE 2|Reflect|p1a: SURPRISE 2
|-sidestart|p1: bonczy|Reflect
|move|p2b: Aurica|Clangorous Soul|p2b: Aurica
|-boost|p2b: Aurica|atk|1
|-boost|p2b: Aurica|def|1
|-boost|p2b: Aurica|spa|1
|-boost|p2b: Aurica|spd|1
|-boost|p2b: Aurica|spe|1
|-damage|p2b: Aurica|67/100
|move|p2a: Cloche|Power Whip|p1b: Rain Summoner
|-damage|p1b: Rain Summoner|0 fnt
|faint|p1b: Rain Summoner
|
|-weather|RainDance|[upkeep]
|upkeep
|
|t:|1783613440
|switch|p1b: Basculegion|Basculegion, L50, M|63/100
|turn|4
|
|t:|1783613492
|switch|p1a: RTX 8090 Ti|Metagross, L50|100/100
|move|p1b: Basculegion|Flip Turn|p2a: Cloche
|-resisted|p2a: Cloche|1
|-damage|p2a: Cloche|75/100
|
|t:|1783613502
|switch|p1b: SURPRISE 2|Grimmsnarl, L50, M|62/100|[from] Flip Turn
|move|p2b: Aurica|Clanging Scales|p1a: RTX 8090 Ti|[spread] p1a
|-immune|p1b: SURPRISE 2
|-resisted|p1a: RTX 8090 Ti|1
|-damage|p1a: RTX 8090 Ti|77/100
|-unboost|p2b: Aurica|def|1
|move|p2a: Cloche|Power Whip|p1a: RTX 8090 Ti
|-resisted|p1a: RTX 8090 Ti|1
|-damage|p1a: RTX 8090 Ti|64/100
|
|-weather|RainDance|[upkeep]
|upkeep
|turn|5
|
|t:|1783613566
|detailschange|p1a: RTX 8090 Ti|Metagross-Mega, L50
|-mega|p1a: RTX 8090 Ti|Metagross|Metagrossite
|move|p2b: Aurica|Aura Sphere|p1a: RTX 8090 Ti
|-damage|p1a: RTX 8090 Ti|28/100
|move|p1a: RTX 8090 Ti|Meteor Mash|p2a: Cloche|[miss]
|-miss|p1a: RTX 8090 Ti|p2a: Cloche
|move|p2a: Cloche|Power Whip|p1b: SURPRISE 2
|-damage|p1b: SURPRISE 2|23/100
|move|p1b: SURPRISE 2|Spirit Break|p2b: Aurica
|-supereffective|p2b: Aurica|2
|-damage|p2b: Aurica|0 fnt
|faint|p2b: Aurica
|
|-weather|RainDance|[upkeep]
|upkeep
|
|t:|1783613580
|switch|p2b: Gewalt|Gholdengo, L50|100/100
|turn|6
|
|t:|1783613609
|move|p1a: RTX 8090 Ti|Meteor Mash|p2a: Cloche
|-damage|p2a: Cloche|15/100
|move|p2b: Gewalt|Shadow Ball|p1a: RTX 8090 Ti
|-supereffective|p1a: RTX 8090 Ti|1
|-damage|p1a: RTX 8090 Ti|0 fnt
|faint|p1a: RTX 8090 Ti
|-damage|p2b: Gewalt|90/100|[from] item: Life Orb
|move|p2a: Cloche|Power Whip|p1b: SURPRISE 2
|-damage|p1b: SURPRISE 2|0 fnt
|faint|p1b: SURPRISE 2
|
|-weather|RainDance|[upkeep]
|upkeep
|
|t:|1783613620
|switch|p1a: Basculegion|Basculegion, L50, M|63/100
|turn|7
|
|t:|1783613641
|move|p1a: Basculegion|Last Respects|p2a: Cloche
|-damage|p2a: Cloche|0 fnt
|faint|p2a: Cloche
|move|p2b: Gewalt|Shadow Ball|p1a: Basculegion
|-supereffective|p1a: Basculegion|1
|-damage|p1a: Basculegion|0 fnt
|faint|p1a: Basculegion
|-damage|p2b: Gewalt|80/100|[from] item: Life Orb
|
|win|seymour747
|c|☆bonczy|oof
|c|☆bonczy|gg
||bonczy is ready for game 3.
|c|☆seymour747|gg
