|j|☆wenas noches 2
|j|☆lettykings
|html|wenas noches 2lettykings    
|uhtml|bestof|Game 3 of a best-of-3
|t:|1782528825
|gametype|doubles
|player|p1|wenas noches 2|266|1031
|player|p2|lettykings|clair|1114
|gen|9
|tier|[Gen 9 Champions] VGC 2026 Reg M-B (Bo3)
|rated|
|rule|Species Clause: Limit one of each Pokémon
|rule|Item Clause: Limit 1 of each item
|clearpoke
|poke|p1|Scrafty, L50, M|
|poke|p1|Gholdengo, L50|
|poke|p1|Dragalge, L50, M|
|poke|p1|Gallade, L50, M|
|poke|p1|Farigiraf, L50, M|
|poke|p1|Gyarados, L50, M|
|poke|p2|Charizard, L50, F|
|poke|p2|Garchomp, L50, M|
|poke|p2|Basculegion, L50, M|
|poke|p2|Incineroar, L50, F|
|poke|p2|Venusaur, L50, F|
|poke|p2|Whimsicott, L50, F|
|teampreview|4
|showteam|p1|Scrafty||Scraftinite|Intimidate|FakeOut,DrainPunch,Protect,KnockOff|Relaxed||M|||50|]Gholdengo||LifeOrb|GoodasGold|NastyPlot,MakeItRain,ShadowBall,Protect|Modest|||||50|]Dragalge||WhiteHerb|Adaptability|DracoMeteor,SludgeBomb,Protect,Toxic|Quiet||M|||50|]Gallade||ChoiceScarf|Sharpness|SacredSword,RockSlide,PsychoCut,RockTomb|Jolly||M|||50|]Farigiraf||Leftovers|ArmorTail|TwinBeam,TrickRoom,AllySwitch,HelpingHand|Relaxed||M|||50|]Gyarados||SitrusBerry|Intimidate|ThunderWave,Waterfall,IcyWind,Roar|Adamant||M|||50|
|showteam|p2|Charizard||CharizarditeY|Blaze|HeatWave,SolarBeam,WeatherBall,Protect|Modest||F|||50|]Garchomp||LifeOrb|RoughSkin|Earthquake,DragonClaw,RockSlide,Protect|Jolly||M|||50|]Basculegion||MysticWater|Adaptability|WaveCrash,LastRespects,AquaJet,Protect|Adamant||M|||50|]Incineroar||SitrusBerry|Intimidate|ThroatChop,FlareBlitz,PartingShot,FakeOut|Careful||F|||50|]Venusaur||CobaBerry|Chlorophyll|GigaDrain,SludgeBomb,EarthPower,Protect|Modest||F|||50|]Whimsicott||FocusSash|Prankster|Moonblast,Encore,Tailwind,Protect|Timid||F|||50|
|inactive|Battle timer is ON: inactive players will automatically lose when time's up. (requested by wenas noches 2)
|
|t:|1782528874
|teamsize|p1|4
|teamsize|p2|4
|start
|switch|p1a: Gallade|Gallade, L50, M|100/100
|switch|p1b: Scrafty|Scrafty, L50, M|100/100
|switch|p2a: Whimsicott|Whimsicott, L50, F|100/100
|switch|p2b: Incineroar|Incineroar, L50, F|100/100
|-ability|p2b: Incineroar|Intimidate|boost
|-unboost|p1a: Gallade|atk|1
|-unboost|p1b: Scrafty|atk|1
|-ability|p1b: Scrafty|Intimidate|boost
|-unboost|p2a: Whimsicott|atk|1
|-unboost|p2b: Incineroar|atk|1
|turn|1
|
|t:|1782528896
|switch|p1b: Farigiraf|Farigiraf, L50, M|100/100
|move|p2a: Whimsicott|Protect|p2a: Whimsicott
|-singleturn|p2a: Whimsicott|Protect
|move|p2b: Incineroar|Fake Out||[still]
|cant|p1b: Farigiraf|ability: Armor Tail|Fake Out|[of] p2b: Incineroar
|move|p1a: Gallade|Rock Slide|p2b: Incineroar|[spread] p2b
|-activate|p2a: Whimsicott|move: Protect
|-supereffective|p2b: Incineroar|1
|-damage|p2b: Incineroar|78/100
|
|upkeep
|turn|2
|
|t:|1782528916
|move|p1b: Farigiraf|Ally Switch|p1b: Farigiraf
|swap|p1b: Farigiraf|0|[from] move: Ally Switch
|move|p1b: Gallade|Rock Slide|p2a: Whimsicott|[spread] p2a,p2b
|-supereffective|p2b: Incineroar|1
|-damage|p2a: Whimsicott|82/100
|-damage|p2b: Incineroar|52/100
|move|p2a: Whimsicott|Moonblast|p1a: Farigiraf
|-damage|p1a: Farigiraf|60/100
|move|p2b: Incineroar|Parting Shot|p1b: Gallade
|-unboost|p1b: Gallade|atk|1
|-unboost|p1b: Gallade|spa|1
|
|t:|1782528928
|switch|p2b: Charizard|Charizard, L50, F|100/100|[from] Parting Shot
|
|-heal|p1a: Farigiraf|66/100|[from] item: Leftovers
|upkeep
|turn|3
|
|t:|1782528944
|switch|p1b: Gyarados|Gyarados, L50, M|100/100
|-ability|p1b: Gyarados|Intimidate|boost
|-unboost|p2a: Whimsicott|atk|1
|-unboost|p2b: Charizard|atk|1
|detailschange|p2b: Charizard|Charizard-Mega-Y, L50, F
|-mega|p2b: Charizard|Charizard|Charizardite Y
|-weather|SunnyDay|[from] ability: Drought|[of] p2b: Charizard
|move|p2a: Whimsicott|Moonblast|p1a: Farigiraf
|-damage|p1a: Farigiraf|30/100
|move|p2b: Charizard|Weather Ball|p1a: Farigiraf
|-damage|p1a: Farigiraf|0 fnt
|faint|p1a: Farigiraf
|
|-weather|SunnyDay|[upkeep]
|upkeep
|
|t:|1782528957
|switch|p1a: Gallade|Gallade, L50, M|100/100
|turn|4
|
|t:|1782528980
|switch|p2a: Incineroar|Incineroar, L50, F|52/100
|-ability|p2a: Incineroar|Intimidate|boost
|-unboost|p1a: Gallade|atk|1
|-unboost|p1b: Gyarados|atk|1
|switch|p1b: Scrafty|Scrafty, L50, M|100/100
|-ability|p1b: Scrafty|Intimidate|boost
|-unboost|p2a: Incineroar|atk|1
|-unboost|p2b: Charizard|atk|1
|move|p2b: Charizard|Protect|p2b: Charizard
|-singleturn|p2b: Charizard|Protect
|move|p1a: Gallade|Rock Slide|p2b: Charizard|[spread] p2a
|-activate|p2b: Charizard|move: Protect
|-supereffective|p2a: Incineroar|1
|-damage|p2a: Incineroar|30/100
|-enditem|p2a: Incineroar|Sitrus Berry|[eat]
|-heal|p2a: Incineroar|55/100|[from] item: Sitrus Berry
|
|-weather|SunnyDay|[upkeep]
|upkeep
|turn|5
|inactive|wenas noches 2 has 30 seconds left.
|inactive|lettykings has 30 seconds left.
|
|t:|1782529009
|switch|p2b: Whimsicott|Whimsicott, L50, F|82/100
|move|p1b: Scrafty|Fake Out|p2a: Incineroar
|-damage|p2a: Incineroar|44/100
|move|p1a: Gallade|Rock Slide|p2b: Whimsicott|[spread] p2a,p2b
|-supereffective|p2a: Incineroar|1
|-damage|p2a: Incineroar|19/100
|-damage|p2b: Whimsicott|62/100
|cant|p2a: Incineroar|flinch
|
|-weather|SunnyDay|[upkeep]
|upkeep
|turn|6
|
|t:|1782529026
|switch|p1b: Gyarados|Gyarados, L50, M|100/100
|-ability|p1b: Gyarados|Intimidate|boost
|-unboost|p2a: Incineroar|atk|1
|-unboost|p2b: Whimsicott|atk|1
|move|p1a: Gallade|Rock Slide|p2a: Incineroar|[spread] p2a,p2b
|-supereffective|p2a: Incineroar|1
|-damage|p2a: Incineroar|0 fnt
|-damage|p2b: Whimsicott|43/100
|faint|p2a: Incineroar
|move|p2b: Whimsicott|Moonblast|p1b: Gyarados
|-damage|p1b: Gyarados|71/100
|
|-weather|SunnyDay|[upkeep]
|upkeep
|
|t:|1782529035
|switch|p2a: Charizard|Charizard-Mega-Y, L50, F|100/100
|turn|7
|
|t:|1782529042
|move|p2b: Whimsicott|Tailwind|p2b: Whimsicott
|-sidestart|p2: lettykings|move: Tailwind
|move|p2a: Charizard|Weather Ball|p1a: Gallade
|-damage|p1a: Gallade|2/100
|move|p1a: Gallade|Rock Slide|p2b: Whimsicott|[spread] p2a,p2b
|-supereffective|p2a: Charizard|2
|-damage|p2a: Charizard|44/100
|-damage|p2b: Whimsicott|25/100
|move|p1b: Gyarados|Thunder Wave|p2a: Charizard
|-status|p2a: Charizard|par
|
|-weather|none
|upkeep
|turn|8
|
|t:|1782529063
|switch|p2a: Garchomp|Garchomp, L50, M|100/100
|move|p2b: Whimsicott|Moonblast|p1a: Gallade
|-supereffective|p1a: Gallade|1
|-damage|p1a: Gallade|0 fnt
|faint|p1a: Gallade
|move|p1b: Gyarados|Waterfall|p2b: Whimsicott
|-resisted|p2b: Whimsicott|1
|-damage|p2b: Whimsicott|0 fnt
|faint|p2b: Whimsicott
|
|upkeep
|
|t:|1782529074
|switch|p2b: Charizard|Charizard-Mega-Y, L50, F|44/100 par
|switch|p1a: Scrafty|Scrafty, L50, M|100/100
|-weather|SunnyDay|[from] ability: Drought|[of] p2b: Charizard
|-ability|p1a: Scrafty|Intimidate|boost
|-unboost|p2a: Garchomp|atk|1
|-unboost|p2b: Charizard|atk|1
|turn|9
|
|t:|1782529096
|detailschange|p1a: Scrafty|Scrafty-Mega, L50, M
|-mega|p1a: Scrafty|Scrafty|Scraftinite
|-ability|p1a: Scrafty|Intimidate|boost
|-unboost|p2a: Garchomp|atk|1
|-unboost|p2b: Charizard|atk|1
|move|p1a: Scrafty|Fake Out|p2b: Charizard
|-damage|p2b: Charizard|28/100 par
|move|p2a: Garchomp|Rock Slide|p1a: Scrafty|[spread] p1a,p1b
|-resisted|p1a: Scrafty|1
|-supereffective|p1b: Gyarados|1
|-damage|p1a: Scrafty|95/100
|-damage|p1b: Gyarados|45/100
|-enditem|p1b: Gyarados|Sitrus Berry|[eat]
|-heal|p1b: Gyarados|70/100|[from] item: Sitrus Berry
|-damage|p2a: Garchomp|90/100|[from] item: Life Orb
|cant|p2b: Charizard|flinch
|move|p1b: Gyarados|Waterfall|p2b: Charizard
|-supereffective|p2b: Charizard|1
|-damage|p2b: Charizard|0 fnt
|faint|p2b: Charizard
|
|-weather|SunnyDay|[upkeep]
|upkeep
|turn|10
|-message|lettykings forfeited.
|
|win|wenas noches 2
|raw|wenas noches 2's rating: 1031 → 1075(+44 for winning)
|raw|lettykings's rating: 1114 → 1083(-31 for losing)
