|j|☆Gruneis
|j|☆Pinoitaliano
|html|GruneisPinoitaliano    
|uhtml|bestof|Game 3 of a best-of-3
|t:|1757172288
|gametype|doubles
|player|p1|Gruneis|bugcatcher-gen4dp|1110
|player|p2|Pinoitaliano|allister|1036
|gen|9
|tier|[Gen 9] VGC 2025 Reg H (Bo3)
|rated|
|rule|Species Clause: Limit one of each Pokémon
|rule|Item Clause: Limit 1 of each item
|clearpoke
|poke|p1|Archaludon, L50, F|
|poke|p1|Basculegion, L50, M|
|poke|p1|Pelipper, L50, M|
|poke|p1|Amoonguss, L50, F|
|poke|p1|Gholdengo, L50|
|poke|p1|Sneasler, L50, F|
|poke|p2|Incineroar, L50, F|
|poke|p2|Farigiraf, L50, F|
|poke|p2|Araquanid, L50, F|
|poke|p2|Arboliva, L50, F|
|poke|p2|Amoonguss, L50, F|
|poke|p2|Sneasler, L50, M|
|teampreview|4
|showteam|p1|Archaludon||AssaultVest|Stamina|DracoMeteor,FlashCannon,ElectroShot,BodyPress|||F|||50|,,,,,Bug]Basculegion||ChoiceBand|SwiftSwim|WaveCrash,FlipTurn,LastRespects,AquaJet|||M|||50|,,,,,Water]Pelipper||CovertCloak|Drizzle|WeatherBall,Hurricane,Tailwind,Protect|||M|||50|,,,,,Steel]Amoonguss||SitrusBerry|Regenerator|PollenPuff,Spore,RagePowder,Protect|||F|||50|,,,,,Fairy]Gholdengo||LifeOrb|GoodasGold|MakeItRain,ShadowBall,NastyPlot,Protect||||||50|,,,,,Water]Sneasler||FocusSash|PoisonTouch|CloseCombat,DireClaw,FakeOut,Protect|||F|||50|,,,,,Ghost
|showteam|p2|Incineroar||IronBall|Intimidate|FakeOut,DarkestLariat,FlareBlitz,KnockOff|||F|||50|,,,,,Grass]Farigiraf||CovertCloak|ArmorTail|HyperVoice,TrickRoom,HelpingHand,Protect|||F|||50|,,,,,Grass]Araquanid||MysticWater|WaterBubble|Liquidation,LeechLife,Protect,WideGuard|||F|||50|,,,,,Water]Arboliva||SitrusBerry|Harvest|Encore,GigaDrain,PollenPuff,WeatherBall|||F|||50|,,,,,Water]Amoonguss||EjectButton|Regenerator|ClearSmog,PollenPuff,Spore,RagePowder|||F|||50|,,,,,Water]Sneasler||WhiteHerb|Unburden|Acrobatics,CloseCombat,Protect,DireClaw|||M|||50|,,,,,Stellar
|inactive|Battle timer is ON: inactive players will automatically lose when time's up. (requested by Gruneis)
|inactive|Pinoitaliano also wants the timer to be on.
|
|t:|1757172311
|teamsize|p1|4
|teamsize|p2|4
|start
|switch|p1a: Basculegion|Basculegion, L50, M|100/100
|switch|p1b: Pelipper|Pelipper, L50, M|100/100
|switch|p2a: Farigiraf|Farigiraf, L50, F|100/100
|switch|p2b: Arboliva|Arboliva, L50, F|100/100
|-weather|RainDance|[from] ability: Drizzle|[of] p1b: Pelipper
|turn|1
|inactive|Gruneis has 30 seconds left.
|inactive|Pinoitaliano has 30 seconds left.
|
|t:|1757172343
|switch|p2a: Amoonguss|Amoonguss, L50, F|100/100
|-terastallize|p2b: Arboliva|Water
|move|p1a: Basculegion|Flip Turn|p2b: Arboliva
|-resisted|p2b: Arboliva
|-damage|p2b: Arboliva|66/100
|
|t:|1757172348
|switch|p1a: Archaludon|Archaludon, L50, F|100/100|[from] Flip Turn
|move|p1b: Pelipper|Hurricane|p2b: Arboliva
|-damage|p2b: Arboliva|32/100
|-enditem|p2b: Arboliva|Sitrus Berry|[eat]
|-heal|p2b: Arboliva|57/100|[from] item: Sitrus Berry
|move|p2b: Arboliva|Encore|p1b: Pelipper
|-start|p1b: Pelipper|Encore
|
|-weather|RainDance|[upkeep]
|upkeep
|turn|2
|inactive|Pinoitaliano has 30 seconds left.
|inactive|Pinoitaliano has 20 seconds left.
|inactive|Pinoitaliano has 15 seconds left.
|
|t:|1757172389
|move|p1a: Archaludon|Electro Shot||[still]
|-prepare|p1a: Archaludon|Electro Shot
|-boost|p1a: Archaludon|spa|1
|-anim|p1a: Archaludon|Electro Shot|p2b: Arboliva
|-supereffective|p2b: Arboliva
|-damage|p2b: Arboliva|0 fnt
|faint|p2b: Arboliva
|move|p1b: Pelipper|Hurricane|p2a: Amoonguss
|-supereffective|p2a: Amoonguss
|-damage|p2a: Amoonguss|15/100
|-start|p2a: Amoonguss|confusion
|-enditem|p2a: Amoonguss|Eject Button
|
|t:|1757172401
|switch|p2a: Farigiraf|Farigiraf, L50, F|100/100
|
|-weather|RainDance|[upkeep]
|upkeep
|
|t:|1757172409
|switch|p2b: Amoonguss|Amoonguss, L50, F|48/100
|turn|3
|inactive|Gruneis has 30 seconds left.
|inactive|Gruneis has 20 seconds left.
|
|t:|1757172448
|move|p2b: Amoonguss|Rage Powder|p2b: Amoonguss
|-singleturn|p2b: Amoonguss|move: Rage Powder
|move|p1a: Archaludon|Electro Shot||[still]
|-prepare|p1a: Archaludon|Electro Shot
|-boost|p1a: Archaludon|spa|1
|-anim|p1a: Archaludon|Electro Shot|p2b: Amoonguss
|-resisted|p2b: Amoonguss
|-damage|p2b: Amoonguss|12/100
|move|p1b: Pelipper|Hurricane|p2b: Amoonguss
|-supereffective|p2b: Amoonguss
|-damage|p2b: Amoonguss|0 fnt
|faint|p2b: Amoonguss
|move|p2a: Farigiraf|Trick Room|p2a: Farigiraf
|-fieldstart|move: Trick Room|[of] p2a: Farigiraf
|
|-weather|RainDance|[upkeep]
|upkeep
|
|t:|1757172463
|switch|p2b: Araquanid|Araquanid, L50, F|100/100
|turn|4
|
|t:|1757172474
|move|p2a: Farigiraf|Helping Hand|p2b: Araquanid
|-singleturn|p2b: Araquanid|Helping Hand|[of] p2a: Farigiraf
|move|p2b: Araquanid|Liquidation|p1a: Archaludon
|-resisted|p1a: Archaludon
|-damage|p1a: Archaludon|40/100
|-ability|p1a: Archaludon|Stamina|boost
|-boost|p1a: Archaludon|def|1
|move|p1b: Pelipper|Hurricane|p2b: Araquanid
|-supereffective|p2b: Araquanid
|-damage|p2b: Araquanid|35/100
|move|p1a: Archaludon|Electro Shot||[still]
|-prepare|p1a: Archaludon|Electro Shot
|-boost|p1a: Archaludon|spa|1
|-anim|p1a: Archaludon|Electro Shot|p2b: Araquanid
|-supereffective|p2b: Araquanid
|-damage|p2b: Araquanid|0 fnt
|faint|p2b: Araquanid
|
|-weather|RainDance|[upkeep]
|-end|p1b: Pelipper|Encore
|upkeep
|turn|5
|inactive|Gruneis has 30 seconds left.
|
|t:|1757172504
|move|p2a: Farigiraf|Hyper Voice|p1a: Archaludon|[spread] p1a,p1b
|-resisted|p1a: Archaludon
|-damage|p1a: Archaludon|31/100
|-damage|p1b: Pelipper|66/100
|-ability|p1a: Archaludon|Stamina|boost
|-boost|p1a: Archaludon|def|1
|move|p1b: Pelipper|Weather Ball|p2a: Farigiraf
|-damage|p2a: Farigiraf|61/100
|move|p1a: Archaludon|Electro Shot||[still]
|-prepare|p1a: Archaludon|Electro Shot
|-boost|p1a: Archaludon|spa|1
|-anim|p1a: Archaludon|Electro Shot|p2a: Farigiraf
|-damage|p2a: Farigiraf|0 fnt
|faint|p2a: Farigiraf
|
|win|Gruneis
|raw|Gruneis's rating: 1110 → 1130(+20 for winning)
|raw|Pinoitaliano's rating: 1036 → 1024(-12 for losing)
