|j|☆valverdepokemon
|j|☆lagartija suprema
|html|valverdepokemonlagartija suprema    
|uhtml|bestof|Game 2 of a best-of-3
|t:|1785418614
|gametype|doubles
|player|p1|valverdepokemon|169|1027
|player|p2|lagartija suprema|266|1152
|gen|9
|tier|[Gen 9 Champions] VGC 2026 Reg M-B (Bo3)
|rated|
|rule|Species Clause: Limit one of each Pokémon
|rule|Item Clause: Limit 1 of each item
|clearpoke
|poke|p1|Charizard, L50, M, shiny|
|poke|p1|Aerodactyl, L50, F, shiny|
|poke|p1|Sneasler, L50, F, shiny|
|poke|p1|Kingambit, L50, F, shiny|
|poke|p1|Sylveon, L50, M, shiny|
|poke|p1|Garchomp, L50, M, shiny|
|poke|p2|Delphox, L50, M|
|poke|p2|Maushold, L50|
|poke|p2|Sinistcha-Masterpiece, L50|
|poke|p2|Garchomp, L50, F|
|poke|p2|Annihilape, L50, F|
|poke|p2|Mawile, L50, F|
|teampreview|4
|showteam|p1|Charizard||CharizarditeY|Blaze|HeatWave,WeatherBall,SolarBeam,Protect|Serious||M|||50|]Aerodactyl||FocusSash|Unnerve|DualWingbeat,Tailwind,RockSlide,WideGuard|Jolly||F|||50|]Sneasler||WhiteHerb|PoisonTouch|DireClaw,CloseCombat,FakeOut,Acrobatics|Adamant||F|||50|]Kingambit||LifeOrb|Defiant|SuckerPunch,IronHead,SwordsDance,Protect|Adamant||F|||50|]Sylveon||FairyFeather|Pixilate|HyperBeam,HyperVoice,Detect,Yawn|Modest||M|||50|]Garchomp||SoftSand|RoughSkin|Earthquake,StompingTantrum,DragonClaw,RockSlide|Adamant||M|||50|
|showteam|p2|Delphox||Delphoxite|Blaze|HeatWave,NastyPlot,Protect,Psyshock|Timid||M|||50|]Maushold||SitrusBerry|FriendGuard|FollowMe,BeatUp,SunnyDay,Feint|Jolly|||||50|]Sinistcha-Masterpiece||KasibBerry|Hospitality|TrickRoom,MatchaGotcha,RagePowder,Protect|Calm|||||50|]Garchomp||LifeOrb|RoughSkin|Protect,RockSlide,Earthquake,DragonClaw|Jolly||F|||50|]Annihilape||Leftovers|VitalSpirit|BulkUp,RageFist,DrainPunch,Protect|Adamant||F|||50|]Mawile||Mawilite|Intimidate|RockSlide,SuckerPunch,SwordsDance,PlayRough|Adamant||F|||50|
|inactive|Battle timer is ON: inactive players will automatically lose when time's up. (requested by lagartija suprema)
|
|t:|1785418634
|teamsize|p1|4
|teamsize|p2|4
|start
|switch|p1a: Charizard|Charizard, L50, M, shiny|100/100
|switch|p1b: Aerodactyl|Aerodactyl, L50, F, shiny|100/100
|switch|p2a: Delphox|Delphox, L50, M|100/100
|switch|p2b: Maushold|Maushold, L50|100/100
|-ability|p1b: Aerodactyl|Unnerve
|turn|1
|inactive|valverdepokemon has 30 seconds left.
|inactive|valverdepokemon has 20 seconds left.
|inactive|valverdepokemon has 15 seconds left.
|
|t:|1785418678
|detailschange|p2a: Delphox|Delphox-Mega, L50, M
|-mega|p2a: Delphox|Delphox|Delphoxite
|detailschange|p1a: Charizard|Charizard-Mega-Y, L50, M, shiny
|-mega|p1a: Charizard|Charizard|Charizardite Y
|-weather|SunnyDay|[from] ability: Drought|[of] p1a: Charizard
|move|p2b: Maushold|Feint|p1b: Aerodactyl
|-resisted|p1b: Aerodactyl|1
|-damage|p1b: Aerodactyl|91/100
|move|p2a: Delphox|Heat Wave|p1a: Charizard|[spread] p1a,p1b
|-resisted|p1a: Charizard|1
|-resisted|p1b: Aerodactyl|1
|-damage|p1a: Charizard|70/100
|-damage|p1b: Aerodactyl|49/100
|move|p1b: Aerodactyl|Tailwind|p1b: Aerodactyl
|-sidestart|p1: valverdepokemon|move: Tailwind
|move|p1a: Charizard|Weather Ball|p2b: Maushold
|-damage|p2b: Maushold|0 fnt
|faint|p2b: Maushold
|
|-weather|SunnyDay|[upkeep]
|upkeep
|
|t:|1785418692
|switch|p2b: Garchomp|Garchomp, L50, F|100/100
|turn|2
|
|t:|1785418717
|move|p2a: Delphox|Protect|p2a: Delphox
|-singleturn|p2a: Delphox|Protect
|move|p1b: Aerodactyl|Wide Guard|p1b: Aerodactyl
|-singleturn|p1b: Aerodactyl|Wide Guard
|move|p1a: Charizard|Heat Wave|p2a: Delphox|[spread] p2b
|-activate|p2a: Delphox|move: Protect
|-resisted|p2b: Garchomp|1
|-damage|p2b: Garchomp|67/100
|move|p2b: Garchomp|Rock Slide|p1a: Charizard|[spread] 
|-activate|p1a: Charizard|move: Wide Guard
|-activate|p1b: Aerodactyl|move: Wide Guard
|
|-weather|SunnyDay|[upkeep]
|upkeep
|turn|3
|
|t:|1785418737
|move|p1b: Aerodactyl|Wide Guard|p1b: Aerodactyl
|-singleturn|p1b: Aerodactyl|Wide Guard
|move|p1a: Charizard|Weather Ball|p2b: Garchomp
|-resisted|p2b: Garchomp|1
|-damage|p2b: Garchomp|18/100
|move|p2a: Delphox|Psyshock|p1b: Aerodactyl
|-damage|p1b: Aerodactyl|0 fnt
|faint|p1b: Aerodactyl
|move|p2b: Garchomp|Rock Slide|p1a: Charizard
|-activate|p1a: Charizard|move: Wide Guard
|
|-weather|SunnyDay|[upkeep]
|upkeep
|
|t:|1785418753
|switch|p1b: Sylveon|Sylveon, L50, M, shiny|100/100
|turn|4
|
|t:|1785418775
|move|p2a: Delphox|Protect|p2a: Delphox
|-singleturn|p2a: Delphox|Protect
|move|p2b: Garchomp|Protect|p2b: Garchomp
|-singleturn|p2b: Garchomp|Protect
|move|p1a: Charizard|Heat Wave|p2a: Delphox|[spread] 
|-activate|p2a: Delphox|move: Protect
|-activate|p2b: Garchomp|move: Protect
|move|p1b: Sylveon|Hyper Voice|p2b: Garchomp|[spread] 
|-activate|p2a: Delphox|move: Protect
|-activate|p2b: Garchomp|move: Protect
|
|-weather|SunnyDay|[upkeep]
|-sideend|p1: valverdepokemon|move: Tailwind
|upkeep
|turn|5
|inactive|valverdepokemon has 30 seconds left.
|
|t:|1785418801
|move|p2a: Delphox|Heat Wave|p1b: Sylveon|[spread] p1a,p1b
|-resisted|p1a: Charizard|1
|-damage|p1a: Charizard|40/100
|-damage|p1b: Sylveon|56/100
|move|p2b: Garchomp|Rock Slide|p1a: Charizard|[spread] p1b
|-miss|p2b: Garchomp|p1a: Charizard
|-damage|p1b: Sylveon|27/100
|-damage|p2b: Garchomp|9/100|[from] item: Life Orb
|move|p1a: Charizard|Heat Wave|p2b: Garchomp|[spread] p2a,p2b
|-resisted|p2a: Delphox|1
|-resisted|p2b: Garchomp|1
|-damage|p2a: Delphox|73/100
|-damage|p2b: Garchomp|0 fnt
|faint|p2b: Garchomp
|cant|p1b: Sylveon|flinch
|
|-weather|none
|upkeep
|
|t:|1785418810
|switch|p2b: Sinistcha|Sinistcha-Masterpiece, L50|100/100
|-heal|p2a: Delphox|98/100|[from] ability: Hospitality|[of] p2b: Sinistcha
|turn|6
|
|t:|1785418832
|move|p2b: Sinistcha|Protect|p2b: Sinistcha
|-singleturn|p2b: Sinistcha|Protect
|move|p2a: Delphox|Psyshock|p1a: Charizard
|-damage|p1a: Charizard|0 fnt
|faint|p1a: Charizard
|move|p1b: Sylveon|Yawn|p2a: Delphox
|-start|p2a: Delphox|move: Yawn|[of] p1b: Sylveon
|
|upkeep
|
|t:|1785418840
|switch|p1a: Sneasler|Sneasler, L50, F, shiny|100/100
|turn|7
|
|t:|1785418854
|move|p1a: Sneasler|Fake Out|p2a: Delphox
|-damage|p2a: Delphox|75/100
|cant|p2a: Delphox|flinch
|move|p2b: Sinistcha|Matcha Gotcha|p1a: Sneasler|[spread] p1a,p1b
|-resisted|p1a: Sneasler|1
|-damage|p1a: Sneasler|84/100
|-damage|p1b: Sylveon|10/100
|-status|p1a: Sneasler|brn
|move|p1b: Sylveon|Hyper Beam|p2b: Sinistcha
|-damage|p2b: Sinistcha|3/100
|-mustrecharge|p1b: Sylveon
|
|-damage|p1a: Sneasler|78/100 brn|[from] brn
|-end|p2a: Delphox|move: Yawn|[silent]
|-status|p2a: Delphox|slp
|upkeep
|turn|8
|inactive|valverdepokemon has 30 seconds left.
|
|t:|1785418881
|move|p2b: Sinistcha|Protect|p2b: Sinistcha
|-singleturn|p2b: Sinistcha|Protect
|cant|p2a: Delphox|slp
|move|p1a: Sneasler|Dire Claw|p2a: Delphox
|-damage|p2a: Delphox|37/100 slp
|cant|p1b: Sylveon|recharge
|
|-damage|p1a: Sneasler|72/100 brn|[from] brn
|upkeep
|turn|9
|inactive|lagartija suprema has 30 seconds left.
|
|t:|1785418912
|-curestatus|p2a: Delphox|slp|[msg]
|move|p2a: Delphox|Psyshock|p1a: Sneasler
|-supereffective|p1a: Sneasler|2
|-damage|p1a: Sneasler|0 fnt
|faint|p1a: Sneasler
|move|p2b: Sinistcha|Matcha Gotcha|p1b: Sylveon|[miss]
|-miss|p2b: Sinistcha|p1b: Sylveon
|move|p1b: Sylveon|Hyper Voice|p2a: Delphox|[spread] p2a,p2b
|-resisted|p2a: Delphox|1
|-damage|p2a: Delphox|14/100
|-damage|p2b: Sinistcha|0 fnt
|faint|p2b: Sinistcha
|
|upkeep
|turn|10
|inactive|valverdepokemon has 30 seconds left.
|c|☆valverdepokemon|fuck that shit
|inactive|valverdepokemon has 20 seconds left.
|
|t:|1785418952
|move|p2a: Delphox|Psyshock|p1b: Sylveon
|-damage|p1b: Sylveon|0 fnt
|faint|p1b: Sylveon
|
|win|lagartija suprema
