|j|☆liludragonbossetti
|j|☆AndrewsWho
|html|liludragonbossettiAndrewsWho    
|uhtml|bestof|Game 3 of a best-of-3
|t:|1755342834
|gametype|doubles
|player|p1|liludragonbossetti|interviewers|1327
|player|p2|AndrewsWho|infielder|1311
|gen|9
|tier|[Gen 9] VGC 2025 Reg H (Bo3)
|rated|
|rule|Species Clause: Limit one of each Pokémon
|rule|Item Clause: Limit 1 of each item
|clearpoke
|poke|p1|Gholdengo, L50|
|poke|p1|Sneasler, L50, M|
|poke|p1|Rillaboom, L50, M|
|poke|p1|Dragonite, L50, M|
|poke|p1|Ninetales-Alola, L50, M|
|poke|p1|Arcanine-Hisui, L50, F|
|poke|p2|Sneasler, L50, F|
|poke|p2|Indeedee, L50, M|
|poke|p2|Talonflame, L50, M|
|poke|p2|Ursaluna-Bloodmoon, L50, M|
|poke|p2|Electabuzz, L50, F|
|poke|p2|Baxcalibur, L50, F|
|teampreview|4
|showteam|p1|Gholdengo||GrassySeed|GoodasGold|NastyPlot,MakeItRain,ShadowBall,Protect||||||50|,,,,,Water]Sneasler||WhiteHerb|Unburden|CloseCombat,DireClaw,Coaching,Protect|||M|||50|,,,,,Ghost]Rillaboom||AssaultVest|GrassySurge|FakeOut,GrassyGlide,DrumBeating,HighHorsepower|||M|||50|,,,,,Fire]Dragonite||LoadedDice|Multiscale|ScaleShot,Haze,StompingTantrum,Protect|||M|||50|,,,,,Ground]Ninetales-Alola||FocusSash|SnowWarning|Blizzard,IcyWind,Encore,AuroraVeil|||M|||50|,,,,,Ghost]Arcanine-Hisui||ClearAmulet|Intimidate|RockSlide,FlareBlitz,ExtremeSpeed,Protect|||F|||50|,,,,,Water
|showteam|p2|Sneasler||PsychicSeed|Unburden|DireClaw,CloseCombat,Protect,ThroatChop|||F|||50|,,,,,Dark]Indeedee||FocusSash|PsychicSurge|HelpingHand,Protect,ExpandingForce,TrickRoom|||M|||50|,,,,,Psychic]Talonflame||CovertCloak|GaleWings|FlareBlitz,Tailwind,DualWingbeat,WillOWisp|||M|||50|,,,,,Stellar]Ursaluna-Bloodmoon||LifeOrb|MindsEye|BloodMoon,HyperVoice,EarthPower,Protect|||M|||50|,,,,,Normal]Electabuzz||Eviolite|VitalSpirit|Electroweb,Taunt,FollowMe,Protect|||F|||50|,,,,,Ghost]Baxcalibur||LoadedDice|ThermalExchange|ScaleShot,IcicleSpear,IceShard,Protect|||F|||50|,,,,,Poison
|
|t:|1755342845
|teamsize|p1|4
|teamsize|p2|4
|start
|switch|p1a: Rillaboom|Rillaboom, L50, M|100/100
|switch|p1b: Sneasler|Sneasler, L50, M|100/100
|switch|p2a: Talonflame|Talonflame, L50, M|100/100
|switch|p2b: Ursaluna|Ursaluna-Bloodmoon, L50, M|100/100
|-fieldstart|move: Grassy Terrain|[from] ability: Grassy Surge|[of] p1a: Rillaboom
|turn|1
|
|t:|1755342861
|switch|p2b: Indeedee|Indeedee, L50, M|100/100
|-fieldstart|move: Psychic Terrain|[from] ability: Psychic Surge|[of] p2b: Indeedee
|-terastallize|p2a: Talonflame|Stellar
|move|p1a: Rillaboom|Fake Out|p2b: Indeedee
|-activate|p2b: Indeedee|move: Psychic Terrain
|move|p2a: Talonflame|Dual Wingbeat|p1b: Sneasler
|-activate|p1b: Sneasler|move: Psychic Terrain
|move|p1b: Sneasler|Close Combat|p2a: Talonflame
|-resisted|p2a: Talonflame
|-damage|p2a: Talonflame|56/100
|-unboost|p1b: Sneasler|def|1
|-unboost|p1b: Sneasler|spd|1
|-enditem|p1b: Sneasler|White Herb
|-clearnegativeboost|p1b: Sneasler|[silent]
|
|upkeep
|turn|2
|
|t:|1755342888
|switch|p2a: Sneasler|Sneasler, L50, F|100/100
|-enditem|p2a: Sneasler|Psychic Seed
|-boost|p2a: Sneasler|spd|1|[from] item: Psychic Seed
|switch|p1a: Ninetales|Ninetales-Alola, L50, M|100/100
|-weather|Snowscape|[from] ability: Snow Warning|[of] p1a: Ninetales
|move|p1b: Sneasler|Protect|p1b: Sneasler
|-singleturn|p1b: Sneasler|Protect
|move|p2b: Indeedee|Expanding Force|p1b: Sneasler|[spread] p1a
|-activate|p1b: Sneasler|move: Protect
|-damage|p1a: Ninetales|43/100
|
|-weather|Snowscape|[upkeep]
|upkeep
|turn|3
|
|t:|1755342962
|switch|p1a: Rillaboom|Rillaboom, L50, M|100/100
|-fieldstart|move: Grassy Terrain|[from] ability: Grassy Surge|[of] p1a: Rillaboom
|-terastallize|p1b: Sneasler|Ghost
|move|p2a: Sneasler|Dire Claw|p1a: Rillaboom
|-supereffective|p1a: Rillaboom
|-damage|p1a: Rillaboom|5/100
|move|p1b: Sneasler|Dire Claw|p2b: Indeedee
|-damage|p2b: Indeedee|14/100
|-status|p2b: Indeedee|psn
|move|p2b: Indeedee|Expanding Force|p1b: Sneasler
|-damage|p1b: Sneasler|58/100
|
|-weather|Snowscape|[upkeep]
|-heal|p1b: Sneasler|64/100|[from] Grassy Terrain
|-heal|p2b: Indeedee|20/100 psn|[from] Grassy Terrain
|-heal|p1a: Rillaboom|11/100|[from] Grassy Terrain
|-damage|p2b: Indeedee|7/100 psn|[from] psn
|upkeep
|turn|4
|inactive|Battle timer is ON: inactive players will automatically lose when time's up. (requested by AndrewsWho)
|inactive|liludragonbossetti has 60 seconds left.
|
|t:|1755342992
|switch|p2b: Talonflame|Talonflame, L50, M, tera:Stellar|56/100
|move|p2a: Sneasler|Protect|p2a: Sneasler
|-singleturn|p2a: Sneasler|Protect
|move|p1b: Sneasler|Dire Claw|p2b: Talonflame
|-damage|p2b: Talonflame|0 fnt
|faint|p2b: Talonflame
|move|p1a: Rillaboom|High Horsepower|p2a: Sneasler
|-activate|p2a: Sneasler|move: Protect
|
|-weather|Snowscape|[upkeep]
|-heal|p1b: Sneasler|70/100|[from] Grassy Terrain
|-heal|p1a: Rillaboom|17/100|[from] Grassy Terrain
|upkeep
|
|t:|1755343002
|switch|p2b: Indeedee|Indeedee, L50, M|7/100 psn
|-fieldstart|move: Psychic Terrain|[from] ability: Psychic Surge|[of] p2b: Indeedee
|turn|5
|
|t:|1755343015
|switch|p1a: Gholdengo|Gholdengo, L50|100/100
|move|p1b: Sneasler|Protect|p1b: Sneasler
|-singleturn|p1b: Sneasler|Protect
|move|p2a: Sneasler|Throat Chop|p1b: Sneasler
|-activate|p1b: Sneasler|move: Protect
|move|p2b: Indeedee|Expanding Force|p1a: Gholdengo|[spread] p1a
|-activate|p1b: Sneasler|move: Protect
|-resisted|p1a: Gholdengo
|-damage|p1a: Gholdengo|77/100
|
|-weather|Snowscape|[upkeep]
|-damage|p2b: Indeedee|0 fnt|[from] psn
|faint|p2b: Indeedee
|upkeep
|
|t:|1755343036
|switch|p2b: Ursaluna|Ursaluna-Bloodmoon, L50, M|100/100
|turn|6
|
|t:|1755343060
|switch|p1b: Rillaboom|Rillaboom, L50, M|17/100
|-fieldstart|move: Grassy Terrain|[from] ability: Grassy Surge|[of] p1b: Rillaboom
|-enditem|p1a: Gholdengo|Grassy Seed
|-boost|p1a: Gholdengo|def|1|[from] item: Grassy Seed
|move|p1a: Gholdengo|Protect|p1a: Gholdengo
|-singleturn|p1a: Gholdengo|Protect
|move|p2a: Sneasler|Throat Chop|p1b: Rillaboom
|-damage|p1b: Rillaboom|0 fnt
|faint|p1b: Rillaboom
|move|p2b: Ursaluna|Earth Power|p1a: Gholdengo
|-activate|p1a: Gholdengo|move: Protect
|
|-weather|none
|-heal|p1a: Gholdengo|83/100|[from] Grassy Terrain
|upkeep
|
|t:|1755343071
|switch|p1b: Sneasler|Sneasler, L50, M, tera:Ghost|70/100
|turn|7
|inactive|liludragonbossetti has 30 seconds left.
|inactive|liludragonbossetti has 20 seconds left.
|inactive|liludragonbossetti has 15 seconds left.
|
|t:|1755343113
|move|p2b: Ursaluna|Protect|p2b: Ursaluna
|-singleturn|p2b: Ursaluna|Protect
|move|p2a: Sneasler|Throat Chop|p1b: Sneasler
|-supereffective|p1b: Sneasler
|-damage|p1b: Sneasler|0 fnt
|faint|p1b: Sneasler
|move|p1a: Gholdengo|Shadow Ball|p2a: Sneasler
|-damage|p2a: Sneasler|65/100
|
|-heal|p2a: Sneasler|71/100|[from] Grassy Terrain
|-heal|p1a: Gholdengo|89/100|[from] Grassy Terrain
|upkeep
|
|t:|1755343117
|switch|p1b: Ninetales|Ninetales-Alola, L50, M|43/100
|-weather|Snowscape|[from] ability: Snow Warning|[of] p1b: Ninetales
|turn|8
|inactive|liludragonbossetti has 30 seconds left.
|inactive|liludragonbossetti has 20 seconds left.
|inactive|liludragonbossetti has 15 seconds left.
|
|t:|1755343162
|move|p2a: Sneasler|Dire Claw|p1b: Ninetales
|-supereffective|p1b: Ninetales
|-damage|p1b: Ninetales|0 fnt
|faint|p1b: Ninetales
|move|p1a: Gholdengo|Make It Rain|p2a: Sneasler|[spread] p2a,p2b
|-damage|p2a: Sneasler|33/100
|-damage|p2b: Ursaluna|38/100
|-unboost|p1a: Gholdengo|spa|1
|move|p2b: Ursaluna|Earth Power|p1a: Gholdengo
|-supereffective|p1a: Gholdengo
|-damage|p1a: Gholdengo|0 fnt
|faint|p1a: Gholdengo
|-damage|p2b: Ursaluna|29/100|[from] item: Life Orb
|
|win|AndrewsWho
|raw|liludragonbossetti's rating: 1327 → 1306(-21 for losing)
|raw|AndrewsWho's rating: 1311 → 1332(+21 for winning)
