|j|☆egopegolegotego
|j|☆FatherPenguin
|html|egopegolegotegoFatherPenguin    
|uhtml|bestof|Game 2 of a best-of-3
|t:|1786108664
|gametype|doubles
|player|p1|egopegolegotego|hooligans|1248
|player|p2|FatherPenguin|acetrainersnow|1159
|gen|9
|tier|[Gen 9 Champions] VGC 2026 Reg M-B (Bo3)
|rated|
|rule|Species Clause: Limit one of each Pokémon
|rule|Item Clause: Limit 1 of each item
|clearpoke
|poke|p1|Aerodactyl, L50, F|
|poke|p1|Garchomp, L50, F|
|poke|p1|Kingambit, L50, F|
|poke|p1|Charizard, L50, M|
|poke|p1|Sylveon, L50, M|
|poke|p1|Farigiraf, L50, M|
|poke|p2|Froslass, L50, F|
|poke|p2|Scovillain, L50, M|
|poke|p2|Lycanroc-Dusk, L50, F|
|poke|p2|Sneasler, L50, M|
|poke|p2|Basculegion, L50, M|
|poke|p2|Kingambit, L50, F|
|teampreview|4
|showteam|p1|Aerodactyl||Aerodactylite|Unnerve|IceFang,RockSlide,Tailwind,DualWingbeat|Jolly||F|||50|]Garchomp||LifeOrb|RoughSkin|DragonClaw,RockSlide,Earthquake,Protect|Jolly||F|||50|]Kingambit||FocusSash|Defiant|SuckerPunch,KowtowCleave,IronHead,LowKick|Adamant||F|||50|]Charizard||CharizarditeY|SolarPower|SolarBeam,WeatherBall,HeatWave,Protect|Modest||M|||50|]Sylveon||FairyFeather|Pixilate|QuickAttack,HyperVoice,HyperBeam,Detect|Modest||M|||50|]Farigiraf||SitrusBerry|ArmorTail|TrickRoom,Thunderbolt,SunnyDay,TwinBeam|Bold||M|||50|
|showteam|p2|Froslass||Froslassite|CursedBody|Blizzard,ShadowBall,AuroraVeil,Protect|Timid||F|||50|]Scovillain||Scovillainite|Moody|Overheat,GigaDrain,RagePowder,Protect|Bold||M|||50|]Lycanroc-Dusk||FocusSash|ToughClaws|RockSlide,CloseCombat,Accelerock,Protect|Adamant||F|||50|]Sneasler||WhiteHerb|Unburden|DireClaw,CloseCombat,FakeOut,Protect|Jolly||M|||50|]Basculegion||SitrusBerry|Adaptability|WaveCrash,LastRespects,AquaJet,Protect|Adamant||M|||50|]Kingambit||BlackGlasses|Defiant|KowtowCleave,SuckerPunch,SwordsDance,Protect|Adamant||F|||50|
|inactive|Battle timer is ON: inactive players will automatically lose when time's up. (requested by FatherPenguin)
|inactive|egopegolegotego has 60 seconds left.
|inactive|FatherPenguin has 60 seconds left.
|inactive|FatherPenguin has 30 seconds left.
|
|t:|1786108738
|teamsize|p1|4
|teamsize|p2|4
|start
|switch|p1a: Charizard|Charizard, L50, M|100/100
|switch|p1b: Garchomp|Garchomp, L50, F|100/100
|switch|p2a: Froslass|Froslass, L50, F|100/100
|switch|p2b: Basculegion|Basculegion, L50, M|100/100
|turn|1
|inactive|egopegolegotego has 30 seconds left.
|inactive|FatherPenguin has 30 seconds left.
|inactive|egopegolegotego has 20 seconds left.
|inactive|egopegolegotego has 15 seconds left.
|inactive|egopegolegotego has 10 seconds left.
|
|t:|1786108783
|switch|p1b: Kingambit|Kingambit, L50, F|100/100
|detailschange|p1a: Charizard|Charizard-Mega-Y, L50, M
|-mega|p1a: Charizard|Charizard|Charizardite Y
|-weather|SunnyDay|[from] ability: Drought|[of] p1a: Charizard
|move|p2a: Froslass|Protect|p2a: Froslass
|-singleturn|p2a: Froslass|Protect
|move|p1a: Charizard|Solar Beam||[still]
|-prepare|p1a: Charizard|Solar Beam
|-anim|p1a: Charizard|Solar Beam|p2b: Basculegion
|-supereffective|p2b: Basculegion|1
|-damage|p2b: Basculegion|12/100
|-enditem|p2b: Basculegion|Sitrus Berry|[eat]
|-heal|p2b: Basculegion|37/100|[from] item: Sitrus Berry
|move|p2b: Basculegion|Wave Crash|p1b: Kingambit
|-damage|p1b: Kingambit|63/100
|-damage|p2b: Basculegion|28/100|[from] Recoil
|
|-weather|SunnyDay|[upkeep]
|upkeep
|turn|2
|inactive|egopegolegotego has 30 seconds left.
|inactive|FatherPenguin has 30 seconds left.
|inactive|egopegolegotego has 20 seconds left.
|inactive|egopegolegotego has 15 seconds left.
|inactive|egopegolegotego has 10 seconds left.
|inactive|egopegolegotego has 5 seconds left.
|
|t:|1786108836
|detailschange|p2a: Froslass|Froslass-Mega, L50, F
|-mega|p2a: Froslass|Froslass|Froslassite
|-weather|Snowscape|[from] ability: Snow Warning|[of] p2a: Froslass
|move|p2b: Basculegion|Aqua Jet|p1a: Charizard
|-supereffective|p1a: Charizard|1
|-damage|p1a: Charizard|47/100
|move|p1b: Kingambit|Sucker Punch||[still]
|-fail|p1b: Kingambit
|move|p2a: Froslass|Aurora Veil|p2a: Froslass
|-sidestart|p2: FatherPenguin|move: Aurora Veil
|move|p1a: Charizard|Heat Wave|p2a: Froslass|[spread] p2a
|-miss|p1a: Charizard|p2b: Basculegion
|-supereffective|p2a: Froslass|1
|-damage|p2a: Froslass|41/100
|-status|p2a: Froslass|brn
|
|-weather|Snowscape|[upkeep]
|-damage|p2a: Froslass|35/100 brn|[from] brn
|upkeep
|turn|3
|inactive|egopegolegotego has 30 seconds left.
|inactive|FatherPenguin has 30 seconds left.
|inactive|FatherPenguin has 20 seconds left.
|inactive|FatherPenguin has 15 seconds left.
|inactive|FatherPenguin has 10 seconds left.
|
|t:|1786108883
|switch|p2a: Lycanroc|Lycanroc-Dusk, L50, F|100/100
|switch|p1a: Farigiraf|Farigiraf, L50, M|100/100
|move|p2b: Basculegion|Aqua Jet||[still]
|cant|p1a: Farigiraf|ability: Armor Tail|Aqua Jet|[of] p2b: Basculegion
|move|p1b: Kingambit|Kowtow Cleave|p2b: Basculegion
|-supereffective|p2b: Basculegion|1
|-damage|p2b: Basculegion|0 fnt
|faint|p2b: Basculegion
|
|-weather|Snowscape|[upkeep]
|upkeep
|
|t:|1786108895
|switch|p2b: Sneasler|Sneasler, L50, M|100/100
|turn|4
|
|t:|1786108917
|switch|p1b: Garchomp|Garchomp, L50, F|100/100
|move|p2b: Sneasler|Close Combat|p1a: Farigiraf
|-damage|p1a: Farigiraf|59/100
|-unboost|p2b: Sneasler|def|1
|-unboost|p2b: Sneasler|spd|1
|-enditem|p2b: Sneasler|White Herb
|-clearnegativeboost|p2b: Sneasler|[silent]
|move|p2a: Lycanroc|Close Combat|p1a: Farigiraf
|-damage|p1a: Farigiraf|18/100
|-unboost|p2a: Lycanroc|def|1
|-unboost|p2a: Lycanroc|spd|1
|-enditem|p1a: Farigiraf|Sitrus Berry|[eat]
|-heal|p1a: Farigiraf|43/100|[from] item: Sitrus Berry
|move|p1a: Farigiraf|Trick Room|p1a: Farigiraf
|-fieldstart|move: Trick Room|[of] p1a: Farigiraf
|
|-weather|Snowscape|[upkeep]
|upkeep
|turn|5
|inactive|FatherPenguin has 30 seconds left.
|inactive|FatherPenguin has 20 seconds left.
|inactive|FatherPenguin has 15 seconds left.
|
|t:|1786108960
|move|p2b: Sneasler|Protect|p2b: Sneasler
|-singleturn|p2b: Sneasler|Protect
|move|p1a: Farigiraf|Twin Beam|p2b: Sneasler
|-activate|p2b: Sneasler|move: Protect
|move|p1b: Garchomp|Dragon Claw|p2a: Lycanroc
|-damage|p2a: Lycanroc|10/100
|-damage|p1b: Garchomp|90/100|[from] item: Life Orb
|move|p2a: Lycanroc|Rock Slide|p1b: Garchomp|[spread] p1a,p1b
|-resisted|p1b: Garchomp|1
|-damage|p1a: Farigiraf|18/100
|-damage|p1b: Garchomp|76/100
|
|-weather|Snowscape|[upkeep]
|upkeep
|turn|6
|inactive|egopegolegotego has 30 seconds left.
|inactive|FatherPenguin has 30 seconds left.
|inactive|FatherPenguin has 20 seconds left.
|inactive|FatherPenguin has 15 seconds left.
|
|t:|1786109004
|move|p2a: Lycanroc|Protect|p2a: Lycanroc
|-singleturn|p2a: Lycanroc|Protect
|move|p2b: Sneasler|Protect|p2b: Sneasler
|-singleturn|p2b: Sneasler|Protect
|move|p1a: Farigiraf|Twin Beam|p2b: Sneasler
|-activate|p2b: Sneasler|move: Protect
|move|p1b: Garchomp|Dragon Claw|p2a: Lycanroc
|-activate|p2a: Lycanroc|move: Protect
|
|-weather|none
|-sideend|p2: FatherPenguin|move: Aurora Veil
|upkeep
|turn|7
|inactive|egopegolegotego has 30 seconds left.
|inactive|FatherPenguin has 30 seconds left.
|
|t:|1786109037
|switch|p1a: Charizard|Charizard-Mega-Y, L50, M|47/100
|-weather|SunnyDay|[from] ability: Drought|[of] p1a: Charizard
|move|p1b: Garchomp|Earthquake|p2a: Lycanroc|[spread] p2a,p2b
|-immune|p1a: Charizard
|-supereffective|p2a: Lycanroc|1
|-supereffective|p2b: Sneasler|1
|-damage|p2a: Lycanroc|0 fnt
|-damage|p2b: Sneasler|0 fnt
|faint|p2a: Lycanroc
|faint|p2b: Sneasler
|-damage|p1b: Garchomp|66/100|[from] item: Life Orb
|
|-weather|SunnyDay|[upkeep]
|upkeep
|
|t:|1786109050
|switch|p2b: Froslass|Froslass-Mega, L50, F|35/100 brn
|-weather|Snowscape|[from] ability: Snow Warning|[of] p2b: Froslass
|turn|8
|
|t:|1786109069
|move|p2b: Froslass|Protect|p2b: Froslass
|-singleturn|p2b: Froslass|Protect
|move|p1a: Charizard|Heat Wave|p2b: Froslass
|-activate|p2b: Froslass|move: Protect
|move|p1b: Garchomp|Earthquake|p2b: Froslass|[spread] 
|-activate|p2b: Froslass|move: Protect
|-immune|p1a: Charizard
|
|-weather|Snowscape|[upkeep]
|-damage|p2b: Froslass|29/100 brn|[from] brn
|-fieldend|move: Trick Room
|upkeep
|turn|9
|inactive|egopegolegotego has 30 seconds left.
|
|t:|1786109100
|switch|p1a: Farigiraf|Farigiraf, L50, M|18/100
|move|p2b: Froslass|Blizzard|p1b: Garchomp|[spread] p1a,p1b
|-supereffective|p1b: Garchomp|2
|-damage|p1a: Farigiraf|0 fnt
|-damage|p1b: Garchomp|0 fnt
|faint|p1a: Farigiraf
|faint|p1b: Garchomp
|
|-weather|Snowscape|[upkeep]
|-damage|p2b: Froslass|23/100 brn|[from] brn
|upkeep
|
|t:|1786109105
|switch|p1b: Kingambit|Kingambit, L50, F|63/100
|switch|p1a: Charizard|Charizard-Mega-Y, L50, M|47/100
|-weather|SunnyDay|[from] ability: Drought|[of] p1a: Charizard
|turn|10
|
|t:|1786109121
|move|p1b: Kingambit|Sucker Punch|p2b: Froslass
|-supereffective|p2b: Froslass|1
|-damage|p2b: Froslass|0 fnt
|faint|p2b: Froslass
|
|win|egopegolegotego
||egopegolegotego is ready for game 3.
