|j|☆Low Tier Goodra
|j|☆rokesaurio
|html|Low Tier Goodrarokesaurio    
|uhtml|bestof|Game 2 of a best-of-3
|t:|1757789878
|gametype|doubles
|player|p1|Low Tier Goodra|jasmine|1363
|player|p2|rokesaurio|265|1448
|gen|9
|tier|[Gen 9] VGC 2025 Reg H (Bo3)
|rated|
|rule|Species Clause: Limit one of each Pokémon
|rule|Item Clause: Limit 1 of each item
|clearpoke
|poke|p1|Armarouge, L50, F|
|poke|p1|Torkoal, L50, M|
|poke|p1|Sinistcha-Masterpiece, L50|
|poke|p1|Rillaboom, L50, M|
|poke|p1|Ursaluna, L50, M|
|poke|p1|Incineroar, L50, M|
|poke|p2|Dragonite, L50, M|
|poke|p2|Gholdengo, L50|
|poke|p2|Ursaluna-Bloodmoon, L50, M|
|poke|p2|Annihilape, L50, F|
|poke|p2|Maushold-Four, L50|
|poke|p2|Rillaboom, L50, F|
|teampreview|4
|showteam|p1|Armarouge||MentalHerb|FlashFire|ArmorCannon,ExpandingForce,TrickRoom,Protect|||F|||50|,,,,,Grass]Torkoal||Leftovers|Drought|Eruption,WeatherBall,EarthPower,Protect|||M|||50|,,,,,Fire]Sinistcha-Masterpiece||GrassySeed|Heatproof|MatchaGotcha,ShadowBall,CalmMind,TrickRoom||||||50|,,,,,Fairy]Rillaboom||CovertCloak|GrassySurge|WoodHammer,Uturn,Taunt,FakeOut|||M|||50|,,,,,Water]Ursaluna||FlameOrb|Guts|HeadlongRush,Facade,Substitute,Protect|||M|||50|,,,,,Ghost]Incineroar||SafetyGoggles|Intimidate|FlareBlitz,KnockOff,Taunt,FakeOut|||M|||50|,,,,,Ghost
|showteam|p2|Dragonite||LoadedDice|Multiscale|ScaleShot,Tailwind,Haze,Protect|||M|||50|,,,,,Fairy]Gholdengo||LifeOrb|GoodasGold|MakeItRain,ShadowBall,NastyPlot,Protect||||||50|,,,,,Water]Ursaluna-Bloodmoon||AssaultVest|MindsEye|BloodMoon,EarthPower,HyperVoice,VacuumWave|||M|||50|,,,,,Water]Annihilape||SitrusBerry|Defiant|DrainPunch,RageFist,BulkUp,Protect|||F|||50|,,,,,Fire]Maushold-Four||FocusSash|FriendGuard|SuperFang,BeatUp,FollowMe,Protect||||||50|,,,,,Ghost]Rillaboom||MiracleSeed|GrassySurge|WoodHammer,GrassyGlide,HighHorsepower,FakeOut|||F|||50|,,,,,Fire
|inactive|Battle timer is ON: inactive players will automatically lose when time's up. (requested by rokesaurio)
|
|t:|1757789892
|teamsize|p1|4
|teamsize|p2|4
|start
|switch|p1a: Rillaboom|Rillaboom, L50, M|100/100
|switch|p1b: Armarouge|Armarouge, L50, F|100/100
|switch|p2a: Maushold|Maushold-Four, L50|100/100
|switch|p2b: Annihilape|Annihilape, L50, F|100/100
|-fieldstart|move: Grassy Terrain|[from] ability: Grassy Surge|[of] p1a: Rillaboom
|turn|1
|
|t:|1757789913
|-terastallize|p2a: Maushold|Ghost
|-terastallize|p1b: Armarouge|Grass
|move|p1a: Rillaboom|Fake Out|p2a: Maushold
|-immune|p2a: Maushold
|move|p2a: Maushold|Beat Up|p2b: Annihilape
|-crit|p2b: Annihilape
|-damage|p2b: Annihilape|98/100
|-damage|p2b: Annihilape|95/100
|-damage|p2b: Annihilape|93/100
|-damage|p2b: Annihilape|91/100
|-hitcount|p2b: Annihilape|4
|move|p2b: Annihilape|Rage Fist|p1b: Armarouge
|-damage|p1b: Armarouge|0 fnt
|faint|p1b: Armarouge
|
|-heal|p2b: Annihilape|97/100|[from] Grassy Terrain
|upkeep
|
|t:|1757789920
|switch|p1b: Sinistcha|Sinistcha-Masterpiece, L50|100/100
|-enditem|p1b: Sinistcha|Grassy Seed
|-boost|p1b: Sinistcha|def|1|[from] item: Grassy Seed
|turn|2
|inactive|Low Tier Goodra has 30 seconds left.
|
|t:|1757789950
|move|p2a: Maushold|Super Fang|p1a: Rillaboom
|-damage|p1a: Rillaboom|51/100
|move|p2b: Annihilape|Rage Fist|p1b: Sinistcha
|-supereffective|p1b: Sinistcha
|-damage|p1b: Sinistcha|0 fnt
|faint|p1b: Sinistcha
|move|p1a: Rillaboom|Taunt|p2a: Maushold
|-start|p2a: Maushold|move: Taunt
|
|-heal|p2b: Annihilape|100/100|[from] Grassy Terrain
|-heal|p1a: Rillaboom|57/100|[from] Grassy Terrain
|upkeep
|
|t:|1757789956
|switch|p1b: Ursaluna|Ursaluna, L50, M|100/100
|turn|3
|
|t:|1757789965
|move|p2a: Maushold|Super Fang|p1b: Ursaluna
|-damage|p1b: Ursaluna|51/100
|move|p2b: Annihilape|Rage Fist|p1a: Rillaboom
|-damage|p1a: Rillaboom|0 fnt
|faint|p1a: Rillaboom
|move|p1b: Ursaluna|Headlong Rush|p2b: Annihilape
|-damage|p2b: Annihilape|42/100
|-unboost|p1b: Ursaluna|def|1
|-unboost|p1b: Ursaluna|spd|1
|-enditem|p2b: Annihilape|Sitrus Berry|[eat]
|-heal|p2b: Annihilape|67/100|[from] item: Sitrus Berry
|
|-heal|p2b: Annihilape|74/100|[from] Grassy Terrain
|-heal|p1b: Ursaluna|57/100|[from] Grassy Terrain
|-status|p1b: Ursaluna|brn|[from] item: Flame Orb
|upkeep
|turn|4
|
|t:|1757789970
|move|p2b: Annihilape|Protect|p2b: Annihilape
|-singleturn|p2b: Annihilape|Protect
|move|p2a: Maushold|Super Fang|p1b: Ursaluna
|-damage|p1b: Ursaluna|29/100 brn
|move|p1b: Ursaluna|Headlong Rush|p2b: Annihilape
|-activate|p2b: Annihilape|move: Protect
|
|-heal|p2b: Annihilape|80/100|[from] Grassy Terrain
|-heal|p1b: Ursaluna|35/100 brn|[from] Grassy Terrain
|-damage|p1b: Ursaluna|29/100 brn|[from] brn
|upkeep
|turn|5
|
|t:|1757789982
|move|p2a: Maushold|Super Fang|p1b: Ursaluna
|-damage|p1b: Ursaluna|15/100 brn
|move|p2b: Annihilape|Drain Punch|p1b: Ursaluna
|-supereffective|p1b: Ursaluna
|-damage|p1b: Ursaluna|0 fnt
|-heal|p2b: Annihilape|88/100|[from] drain|[of] p1b: Ursaluna
|faint|p1b: Ursaluna
|
|win|rokesaurio
||Low Tier Goodra is ready for game 3.
||rokesaurio is ready for game 3.
|uhtml|next|Next: Game 3 of 3
|l|☆rokesaurio
|player|p2|
|l|☆Low Tier Goodra
|player|p1|
