|j|☆Vienna Vaporeons
|j|☆AndrewsWho
|html|Vienna VaporeonsAndrewsWho    
|uhtml|bestof|Game 1 of a best-of-3
|t:|1757690307
|gametype|doubles
|player|p1|Vienna Vaporeons|265|1191
|player|p2|AndrewsWho|101|1284
|gen|9
|tier|[Gen 9] VGC 2025 Reg H (Bo3)
|rated|
|rule|Species Clause: Limit one of each Pokémon
|rule|Item Clause: Limit 1 of each item
|clearpoke
|poke|p1|Garganacl, L50, F|
|poke|p1|Gholdengo, L50|
|poke|p1|Incineroar, L50, F|
|poke|p1|Amoonguss, L50, F|
|poke|p1|Grimmsnarl, L50, M|
|poke|p1|Annihilape, L50, M|
|poke|p2|Archaludon, L50, M|
|poke|p2|Gholdengo, L50|
|poke|p2|Ursaluna, L50, M|
|poke|p2|Pelipper, L50, F|
|poke|p2|Sinistcha-Masterpiece, L50|
|poke|p2|Dragonite, L50, M|
|teampreview|4
|showteam|p1|Garganacl||MarangaBerry|PurifyingSalt|SaltCure,StealthRock,Recover,Protect|||F|||50|,,,,,Ghost]Gholdengo||Leftovers|GoodasGold|MakeItRain,ShadowBall,NastyPlot,Protect||||||50|,,,,,Dragon]Incineroar||AssaultVest|Intimidate|FakeOut,FlareBlitz,KnockOff,Uturn|||F|||50|,,,,,Ghost]Amoonguss||CovertCloak|Regenerator|Spore,RagePowder,PollenPuff,ClearSmog|||F|||50|,,,,,Water]Grimmsnarl||LightClay|Prankster|SpiritBreak,Reflect,LightScreen,ThunderWave|||M|||50|,,,,,Steel]Annihilape||SafetyGoggles|Defiant|RageFist,DrainPunch,BulkUp,Protect|||M|||50|,,,,,Fire
|showteam|p2|Archaludon||AssaultVest|Stamina|FlashCannon,ElectroShot,BodyPress,Snarl|||M|||50|,,,,,Bug]Gholdengo||ChoiceScarf|GoodasGold|MakeItRain,ShadowBall,PowerGem,Trick||||||50|,,,,,Flying]Ursaluna||FlameOrb|Guts|HeadlongRush,Facade,Earthquake,Protect|||M|||50|,,,,,Ghost]Pelipper||SafetyGoggles|Drizzle|MuddyWater,Hurricane,Tailwind,Protect|||F|||50|,,,,,Ground]Sinistcha-Masterpiece||SitrusBerry|Hospitality|MatchaGotcha,LifeDew,RagePowder,TrickRoom||||||50|,,,,,Dark]Dragonite||LoadedDice|Multiscale|ScaleShot,Tailwind,Haze,Protect|||M|||50|,,,,,Fairy
|inactive|Battle timer is ON: inactive players will automatically lose when time's up. (requested by Vienna Vaporeons)
|inactive|AndrewsWho has 60 seconds left.
|
|t:|1757690403
|teamsize|p1|4
|teamsize|p2|4
|start
|switch|p1a: Garganacl|Garganacl, L50, F, shiny|100/100
|switch|p1b: Grimmsnarl|Grimmsnarl, L50, M, shiny|100/100
|switch|p2a: Gholdengo|Gholdengo, L50|100/100
|switch|p2b: Pelipper|Pelipper, L50, F|100/100
|-weather|RainDance|[from] ability: Drizzle|[of] p2b: Pelipper
|turn|1
|
|t:|1757690412
|-terastallize|p1a: Garganacl|Ghost
|move|p1b: Grimmsnarl|Light Screen|p1b: Grimmsnarl
|-sidestart|p1: Vienna Vaporeons|move: Light Screen
|move|p2a: Gholdengo|Make It Rain|p1b: Grimmsnarl|[spread] p1a,p1b
|-supereffective|p1b: Grimmsnarl
|-damage|p1a: Garganacl|79/100
|-damage|p1b: Grimmsnarl|36/100
|-unboost|p2a: Gholdengo|spa|1
|-enditem|p1a: Garganacl|Maranga Berry|[eat]
|-boost|p1a: Garganacl|spd|1|[from] item: Maranga Berry
|move|p2b: Pelipper|Muddy Water|p1b: Grimmsnarl|[spread] p1a,p1b
|-damage|p1a: Garganacl|66/100
|-damage|p1b: Grimmsnarl|8/100
|move|p1a: Garganacl|Salt Cure|p2a: Gholdengo
|-resisted|p2a: Gholdengo
|-damage|p2a: Gholdengo|93/100
|-start|p2a: Gholdengo|Salt Cure
|
|-weather|RainDance|[upkeep]
|-damage|p2a: Gholdengo|68/100|[from] Salt Cure
|upkeep
|turn|2
|
|t:|1757690431
|switch|p2a: Ursaluna|Ursaluna, L50, M|100/100
|switch|p1b: Gholdengo|Gholdengo, L50, shiny|100/100
|move|p2b: Pelipper|Muddy Water|p1b: Gholdengo|[spread] p1a,p1b
|-damage|p1a: Garganacl|55/100
|-damage|p1b: Gholdengo|75/100
|-unboost|p1a: Garganacl|accuracy|1
|move|p1a: Garganacl|Salt Cure|p2b: Pelipper|[miss]
|-miss|p1a: Garganacl|p2b: Pelipper
|
|-weather|RainDance|[upkeep]
|-heal|p1b: Gholdengo|81/100|[from] item: Leftovers
|-status|p2a: Ursaluna|brn|[from] item: Flame Orb
|upkeep
|turn|3
|
|t:|1757690447
|move|p1b: Gholdengo|Shadow Ball|p2b: Pelipper
|-damage|p2b: Pelipper|37/100
|-unboost|p2b: Pelipper|spd|1
|move|p2b: Pelipper|Tailwind|p2b: Pelipper
|-sidestart|p2: AndrewsWho|move: Tailwind
|move|p2a: Ursaluna|Earthquake|p1a: Garganacl|[spread] p1a,p1b
|-immune|p2b: Pelipper
|-supereffective|p1b: Gholdengo
|-damage|p1a: Garganacl|14/100
|-damage|p1b: Gholdengo|0 fnt
|faint|p1b: Gholdengo
|move|p1a: Garganacl|Recover|p1a: Garganacl
|-heal|p1a: Garganacl|64/100
|
|-weather|RainDance|[upkeep]
|-damage|p2a: Ursaluna|95/100 brn|[from] brn
|upkeep
|
|t:|1757690459
|switch|p1b: Grimmsnarl|Grimmsnarl, L50, M, shiny|8/100
|turn|4
|
|t:|1757690480
|-terastallize|p2b: Pelipper|Ground
|move|p1b: Grimmsnarl|Reflect|p1b: Grimmsnarl
|-sidestart|p1: Vienna Vaporeons|Reflect
|move|p2b: Pelipper|Muddy Water|p1a: Garganacl|[spread] p1a,p1b
|-damage|p1a: Garganacl|53/100
|-damage|p1b: Grimmsnarl|0 fnt
|faint|p1b: Grimmsnarl
|move|p2a: Ursaluna|Headlong Rush|p1a: Garganacl
|-damage|p1a: Garganacl|8/100
|-unboost|p2a: Ursaluna|def|1
|-unboost|p2a: Ursaluna|spd|1
|move|p1a: Garganacl|Recover|p1a: Garganacl
|-heal|p1a: Garganacl|58/100
|
|-weather|RainDance|[upkeep]
|-damage|p2a: Ursaluna|89/100 brn|[from] brn
|upkeep
|
|t:|1757690490
|switch|p1b: Amoonguss|Amoonguss, L50, F, shiny|100/100
|turn|5
|
|t:|1757690504
|move|p2b: Pelipper|Hurricane|p1b: Amoonguss
|-supereffective|p1b: Amoonguss
|-damage|p1b: Amoonguss|51/100
|move|p2a: Ursaluna|Facade|p1b: Amoonguss
|-damage|p1b: Amoonguss|0 fnt
|faint|p1b: Amoonguss
|move|p1a: Garganacl|Salt Cure|p2a: Ursaluna
|-resisted|p2a: Ursaluna
|-damage|p2a: Ursaluna|81/100 brn
|-start|p2a: Ursaluna|Salt Cure
|
|-weather|none
|-damage|p2a: Ursaluna|75/100 brn|[from] brn
|-damage|p2a: Ursaluna|63/100 brn|[from] Salt Cure
|upkeep
|turn|6
|
|t:|1757690519
|switch|p2b: Archaludon|Archaludon, L50, M|100/100
|switch|p2a: Gholdengo|Gholdengo, L50|68/100
|move|p1a: Garganacl|Recover|p1a: Garganacl
|-heal|p1a: Garganacl|100/100
|
|-sideend|p2: AndrewsWho|move: Tailwind
|upkeep
|turn|7
|-message|Vienna Vaporeons forfeited.
|
|win|AndrewsWho
||AndrewsWho is ready for game 2.
||Vienna Vaporeons is ready for game 2.
|uhtml|next|Next: Game 2 of 3
|l|☆Vienna Vaporeons
|player|p1|
|l|☆AndrewsWho
|player|p2|
