|j|☆Como Se Dice Ben
|j|☆SlaymonSays
|html|Como Se Dice BenSlaymonSays    
|uhtml|bestof|Game 2 of a best-of-3
|t:|1757728382
|gametype|doubles
|player|p1|Como Se Dice Ben|benga|1292
|player|p2|SlaymonSays|101|1341
|gen|9
|tier|[Gen 9] VGC 2025 Reg H (Bo3)
|rated|
|rule|Species Clause: Limit one of each Pokémon
|rule|Item Clause: Limit 1 of each item
|clearpoke
|poke|p1|Baxcalibur, L50, M|
|poke|p1|Weezing-Galar, L50, F|
|poke|p1|Corviknight, L50, M|
|poke|p1|Typhlosion-Hisui, L50, M|
|poke|p1|Toedscruel, L50, F|
|poke|p1|Annihilape, L50, F|
|poke|p2|Dragonite, L50, F|
|poke|p2|Ursaluna-Bloodmoon, L50, M|
|poke|p2|Ninetales-Alola, L50, F|
|poke|p2|Rillaboom, L50, F|
|poke|p2|Incineroar, L50, F|
|poke|p2|Gholdengo, L50|
|teampreview|4
|showteam|p1|Baxcalibur||LifeOrb|ThermalExchange|GlaiveRush,IcicleCrash,IceShard,Protect|||M|||50|,,,,,Water]Weezing-Galar||ChoiceSpecs|NeutralizingGas|DazzlingGleam,SludgeBomb,StrangeSteam,Flamethrower|||F|||50|,,,,,Fire]Corviknight||SitrusBerry|MirrorArmor|BraveBird,Tailwind,Roost,Protect|||M|||50|,,,,,Dragon]Typhlosion-Hisui||ChoiceScarf|Blaze|Eruption,HeatWave,SleepTalk,ShadowBall|||M|||50|,,,,,Fire]Toedscruel||CovertCloak|MyceliumMight|Spore,AcidSpray,EarthPower,BulletSeed|||F|||50|,,,,,Poison]Annihilape||SafetyGoggles|Defiant|RageFist,CloseCombat,Coaching,Protect|||F|||50|,,,,,Stellar
|showteam|p2|Dragonite||LoadedDice|InnerFocus|ScaleShot,Haze,Tailwind,Protect|||F|||50|,,,,,Grass]Ursaluna-Bloodmoon||LifeOrb|MindsEye|BloodMoon,HyperVoice,EarthPower,Protect|||M|||50|,,,,,Normal]Ninetales-Alola||CovertCloak|SnowWarning|Blizzard,IcyWind,AuroraVeil,Encore|||F|||50|,,,,,Fire]Rillaboom||AssaultVest|GrassySurge|FakeOut,GrassyGlide,WoodHammer,HighHorsepower|||F|||50|,,,,,Fire]Incineroar||SafetyGoggles|Intimidate|FakeOut,FlareBlitz,KnockOff,WillOWisp|||F|||50|,,,,,Ghost]Gholdengo||Leftovers|GoodasGold|MakeItRain,ShadowBall,NastyPlot,Protect||||||50|,,,,,Water
|
|t:|1757728438
|teamsize|p1|4
|teamsize|p2|4
|start
|switch|p1a: Martin|Corviknight, L50, M|100/100
|switch|p1b: NoEnemies|Annihilape, L50, F|100/100
|switch|p2a: Dragonite|Dragonite, L50, F|100/100
|switch|p2b: Ninetales|Ninetales-Alola, L50, F|100/100
|-weather|Snowscape|[from] ability: Snow Warning|[of] p2b: Ninetales
|turn|1
|inactive|Battle timer is ON: inactive players will automatically lose when time's up. (requested by Como Se Dice Ben)
|
|t:|1757728466
|switch|p1a: SDIYBT|Baxcalibur, L50, M, shiny|100/100
|move|p2b: Ninetales|Blizzard|p1a: SDIYBT|[spread] p1a,p1b
|-damage|p1a: SDIYBT|66/100
|-damage|p1b: NoEnemies|67/100
|-status|p1b: NoEnemies|frz
|cant|p1b: NoEnemies|frz
|move|p2a: Dragonite|Scale Shot|p1b: NoEnemies
|-damage|p1b: NoEnemies|50/100 frz
|-damage|p1b: NoEnemies|35/100 frz
|-damage|p1b: NoEnemies|17/100 frz
|-damage|p1b: NoEnemies|0 fnt
|faint|p1b: NoEnemies
|-hitcount|p1: NoEnemies|4
|-unboost|p2a: Dragonite|def|1
|-boost|p2a: Dragonite|spe|1
|
|-weather|Snowscape|[upkeep]
|upkeep
|inactive|Como Se Dice Ben has 30 seconds left.
|
|t:|1757728499
|switch|p1b: Martin|Corviknight, L50, M|100/100
|turn|2
|inactive|Como Se Dice Ben has 30 seconds left.
|
|t:|1757728526
|move|p1a: SDIYBT|Ice Shard|p2a: Dragonite
|-supereffective|p2a: Dragonite
|-damage|p2a: Dragonite|0 fnt
|faint|p2a: Dragonite
|-damage|p1a: SDIYBT|56/100|[from] item: Life Orb
|move|p2b: Ninetales|Aurora Veil|p2b: Ninetales
|-sidestart|p2: SlaymonSays|move: Aurora Veil
|move|p1b: Martin|Tailwind|p1b: Martin
|-sidestart|p1: Como Se Dice Ben|move: Tailwind
|
|-weather|Snowscape|[upkeep]
|upkeep
|
|t:|1757728537
|switch|p2a: Gholdengo|Gholdengo, L50|100/100
|turn|3
|
|t:|1757728562
|move|p1a: SDIYBT|Icicle Crash|p2a: Gholdengo
|-resisted|p2a: Gholdengo
|-damage|p2a: Gholdengo|78/100
|-damage|p1a: SDIYBT|46/100|[from] item: Life Orb
|move|p1b: Martin|Brave Bird|p2a: Gholdengo
|-resisted|p2a: Gholdengo
|-damage|p2a: Gholdengo|66/100
|-damage|p1b: Martin|97/100|[from] Recoil
|move|p2b: Ninetales|Blizzard|p1a: SDIYBT|[spread] p1a,p1b
|-damage|p1a: SDIYBT|10/100
|-damage|p1b: Martin|64/100
|move|p2a: Gholdengo|Nasty Plot|p2a: Gholdengo
|-boost|p2a: Gholdengo|spa|2
|
|-weather|Snowscape|[upkeep]
|-heal|p2a: Gholdengo|71/100|[from] item: Leftovers
|upkeep
|turn|4
|inactive|Como Se Dice Ben has 30 seconds left.
|inactive|Como Se Dice Ben has 20 seconds left.
|inactive|Como Se Dice Ben has 15 seconds left.
|inactive|Como Se Dice Ben has 10 seconds left.
|
|t:|1757728607
|switch|p1a: Wagwan|Typhlosion-Hisui, L50, M, shiny|100/100
|move|p1b: Martin|Brave Bird|p2b: Ninetales
|-damage|p2b: Ninetales|73/100
|-damage|p1b: Martin|57/100|[from] Recoil
|move|p2b: Ninetales|Blizzard|p1b: Martin|[spread] p1a,p1b
|-resisted|p1a: Wagwan
|-damage|p1a: Wagwan|78/100
|-damage|p1b: Martin|26/100
|-enditem|p1b: Martin|Sitrus Berry|[eat]
|-heal|p1b: Martin|51/100|[from] item: Sitrus Berry
|move|p2a: Gholdengo|Shadow Ball|p1b: Martin
|-damage|p1b: Martin|0 fnt
|faint|p1b: Martin
|
|-weather|Snowscape|[upkeep]
|-heal|p2a: Gholdengo|77/100|[from] item: Leftovers
|upkeep
|
|t:|1757728623
|switch|p1b: SDIYBT|Baxcalibur, L50, M, shiny|10/100
|turn|5
|
|t:|1757728635
|switch|p2b: Incineroar|Incineroar, L50, F|100/100
|-ability|p2b: Incineroar|Intimidate|boost
|-unboost|p1a: Wagwan|atk|1
|-unboost|p1b: SDIYBT|atk|1
|-terastallize|p1a: Wagwan|Fire
|-terastallize|p2a: Gholdengo|Water
|move|p1a: Wagwan|Eruption|p2b: Incineroar|[spread] p2a,p2b
|-resisted|p2a: Gholdengo
|-resisted|p2b: Incineroar
|-damage|p2a: Gholdengo|58/100
|-damage|p2b: Incineroar|84/100
|move|p1b: SDIYBT|Glaive Rush|p2a: Gholdengo
|-damage|p2a: Gholdengo|15/100
|-singlemove|p1b: SDIYBT|Glaive Rush|[silent]
|-damage|p1b: SDIYBT|0 fnt|[from] item: Life Orb
|faint|p1b: SDIYBT
|move|p2a: Gholdengo|Shadow Ball|p1a: Wagwan
|-damage|p1a: Wagwan|0 fnt
|faint|p1a: Wagwan
|
|win|SlaymonSays
||SlaymonSays is ready for game 3.
|inactive|Como Se Dice Ben has 30 seconds to confirm battle start!
||Como Se Dice Ben is ready for game 3.
|uhtml|next|Next: Game 3 of 3
|l|☆SlaymonSays
|player|p2|
