|j|â˜†Xeroxyx
|j|â˜†FruitloopsFL
|html|XeroxyxFruitloopsFL    
|uhtml|bestof|Game 3 of a best-of-3
|t:|1783367474
|gametype|doubles
|player|p1|Xeroxyx|hilbert|
|player|p2|FruitloopsFL|alder|
|gen|9
|tier|[Gen 9 Champions] VGC 2026 Reg M-B (Bo3)
|rule|Species Clause: Limit one of each PokÃ©mon
|rule|Item Clause: Limit 1 of each item
|clearpoke
|poke|p1|Gholdengo, L50|
|poke|p1|Incineroar, L50, F|
|poke|p1|Basculegion, L50, M|
|poke|p1|Garchomp, L50, F|
|poke|p1|Charizard, L50, M|
|poke|p1|Whimsicott, L50, F|
|poke|p2|Toucannon, L50, M|
|poke|p2|Grimmsnarl, L50, M|
|poke|p2|Raichu, L50, F|
|poke|p2|Garchomp, L50, F|
|poke|p2|Annihilape, L50, M|
|poke|p2|Volcarona, L50, F|
|teampreview|4
|showteam|p1|Gholdengo||SpellTag|GoodasGold|MakeItRain,ShadowBall,NastyPlot,Protect|Modest|||||50|]Incineroar||SitrusBerry|Intimidate|PartingShot,FlareBlitz,ThroatChop,FakeOut|Impish||F|||50|]Basculegion||ChoiceScarf|Adaptability|WaveCrash,LastRespects,AquaJet,FlipTurn|Jolly||M|||50|]Garchomp||LifeOrb|RoughSkin|Earthquake,DragonClaw,RockSlide,Protect|Jolly||F|||50|]Charizard||CharizarditeY|Blaze|HeatWave,SolarBeam,WeatherBall,Protect|Modest||M|||50|]Whimsicott||FocusSash|Prankster|Tailwind,Encore,Moonblast,Protect|Timid||F|||50|
|showteam|p2|Toucannon||SilkScarf|SkillLink|Tailwind,BulletSeed,Boomburst,Protect|Impish||M|||50|]Grimmsnarl||LightClay|Prankster|FakeOut,PartingShot,Reflect,LightScreen|Careful||M|||50|]Raichu||RaichuniteY|LightningRod|FakeOut,GrassKnot,FocusBlast,ZapCannon|Hasty||F|||50|]Garchomp||LifeOrb|RoughSkin|RockSlide,Earthquake,DragonClaw,Protect|Jolly||F|||50|]Annihilape||Leftovers|Defiant|IcePunch,RageFist,DrainPunch,Protect|Adamant||M|||50|]Volcarona||ChartiBerry|FlameBody|RagePowder,MorningSun,WillOWisp,HeatWave|Calm||F|||50|
|j| coggs's
|c| coggs's|game 3
|j| electro94
|c|â˜†FruitloopsFL|now its time for the self-sabotage
|c| electro94|Go
|c|â˜†Xeroxyx|i wish
|c| electro94|Gi
|c| coggs's|glhf
|c| electro94|Glhf
|c|â˜†Xeroxyx|let's see how thi sgoes
|inactive|Battle timer is ON: inactive players will automatically lose when time's up. (requested by Xeroxyx)
|
|t:|1783367563
|teamsize|p1|4
|teamsize|p2|4
|start
|switch|p1a: Whimsicott|Whimsicott, L50, F|100/100
|switch|p1b: Gholdengo|Gholdengo, L50|100/100
|switch|p2a: Toucannon|Toucannon, L50, M|100/100
|switch|p2b: Grimmsnarl|Grimmsnarl, L50, M|100/100
|turn|1
|c|â˜†Xeroxyx|no pressure, i say, as i add time pressure
|c|â˜†FruitloopsFL|glhf
|c|â˜†Xeroxyx|glhf
|
|t:|1783367580
|move|p1a: Whimsicott|Tailwind|p1a: Whimsicott
|-sidestart|p1: Xeroxyx|move: Tailwind
|move|p2b: Grimmsnarl|Light Screen|p2b: Grimmsnarl
|-sidestart|p2: FruitloopsFL|move: Light Screen
|move|p1b: Gholdengo|Nasty Plot|p1b: Gholdengo
|-boost|p1b: Gholdengo|spa|2
|move|p2a: Toucannon|Tailwind|p2a: Toucannon
|-sidestart|p2: FruitloopsFL|move: Tailwind
|
|upkeep
|turn|2
|c| electro94|Birb
|inactive|FruitloopsFL has 30 seconds left.
|inactive|FruitloopsFL has 20 seconds left.
|
|t:|1783367615
|switch|p2a: Annihilape|Annihilape, L50, M|100/100
|switch|p2b: Raichu|Raichu, L50, F|100/100
|move|p1a: Whimsicott|Encore||[still]
|-fail|p1a: Whimsicott
|move|p1b: Gholdengo|Nasty Plot|p1b: Gholdengo
|-boost|p1b: Gholdengo|spa|2
|
|upkeep
|turn|3
|c|â˜†Xeroxyx|i love greeding
|c| coggs's|dark type anyway
|inactive|Xeroxyx has 30 seconds left.
|
|t:|1783367642
|detailschange|p2b: Raichu|Raichu-Mega-Y, L50, F
|-mega|p2b: Raichu|Raichu|Raichunite Y
|move|p2a: Annihilape|Protect|p2a: Annihilape
|-singleturn|p2a: Annihilape|Protect
|move|p2b: Raichu|Zap Cannon|p1b: Gholdengo
|-damage|p1b: Gholdengo|15/100
|-status|p1b: Gholdengo|par
|move|p1a: Whimsicott|Moonblast|p2b: Raichu
|-damage|p2b: Raichu|65/100
|move|p1b: Gholdengo|Make It Rain|p2b: Raichu|[spread] p2b
|-activate|p2a: Annihilape|move: Protect
|-resisted|p2b: Raichu|1
|-damage|p2b: Raichu|0 fnt
|-unboost|p1b: Gholdengo|spa|2
|faint|p2b: Raichu
|
|upkeep
|c|â˜†Xeroxyx|stop pralysing me
|
|t:|1783367659
|switch|p2b: Grimmsnarl|Grimmsnarl, L50, M|100/100
|turn|4
|c|â˜†FruitloopsFL|no
|inactive|Xeroxyx has 30 seconds left.
|
|t:|1783367686
|move|p2b: Grimmsnarl|Fake Out|p1a: Whimsicott
|-damage|p1a: Whimsicott|83/100
|cant|p1a: Whimsicott|flinch
|move|p2a: Annihilape|Rage Fist|p1b: Gholdengo
|-supereffective|p1b: Gholdengo|1
|-damage|p1b: Gholdengo|0 fnt
|faint|p1b: Gholdengo
|
|-sideend|p1: Xeroxyx|move: Tailwind
|-sideend|p2: FruitloopsFL|move: Tailwind
|upkeep
|c|â˜†Xeroxyx|wp
|c|â˜†FruitloopsFL|mfw bring a whole ass mega just for the para
|
|t:|1783367701
|switch|p1b: Charizard|Charizard, L50, M|100/100
|turn|5
|inactive|FruitloopsFL has 30 seconds left.
|
|t:|1783367733
|detailschange|p1b: Charizard|Charizard-Mega-Y, L50, M
|-mega|p1b: Charizard|Charizard|Charizardite Y
|-weather|SunnyDay|[from] ability: Drought|[of] p1b: Charizard
|move|p1a: Whimsicott|Tailwind|p1a: Whimsicott
|-sidestart|p1: Xeroxyx|move: Tailwind
|move|p2b: Grimmsnarl|Parting Shot|p1b: Charizard
|-unboost|p1b: Charizard|atk|1
|-unboost|p1b: Charizard|spa|1
|
|t:|1783367741
|switch|p2b: Toucannon|Toucannon, L50, M|100/100|[from] Parting Shot
|move|p1b: Charizard|Heat Wave|p2a: Annihilape|[spread] p2a,p2b
|-damage|p2a: Annihilape|73/100
|-damage|p2b: Toucannon|57/100
|-status|p2a: Annihilape|brn
|move|p2a: Annihilape|Ice Punch|p1a: Whimsicott
|-supereffective|p1a: Whimsicott|1
|-damage|p1a: Whimsicott|45/100
|
|-weather|SunnyDay|[upkeep]
|-heal|p2a: Annihilape|79/100 brn|[from] item: Leftovers
|-damage|p2a: Annihilape|73/100 brn|[from] brn
|upkeep
|turn|6
|c|â˜†Xeroxyx|we're doing this again, huh?
|c|â˜†Xeroxyx|oh, nice
|c| electro94|Imma go have dinner good luck guys
|c|â˜†Xeroxyx|have a good one
|c| coggs's|wow
|inactive|Xeroxyx has 30 seconds left.
|inactive|FruitloopsFL has 30 seconds left.
|
|t:|1783367770
|move|p1a: Whimsicott|Moonblast|p2a: Annihilape
|-supereffective|p2a: Annihilape|1
|-damage|p2a: Annihilape|29/100 brn
|-unboost|p2a: Annihilape|spa|1
|-ability|p2a: Annihilape|Defiant|boost
|-boost|p2a: Annihilape|atk|2
|move|p1b: Charizard|Heat Wave|p2a: Annihilape|[spread] p2a
|-miss|p1b: Charizard|p2b: Toucannon
|-damage|p2a: Annihilape|4/100 brn
|move|p2a: Annihilape|Rage Fist|p1b: Charizard
|-damage|p1b: Charizard|0 fnt
|faint|p1b: Charizard
|move|p2b: Toucannon|Boomburst|p1a: Whimsicott|[spread] p1a
|-immune|p2a: Annihilape
|-damage|p1a: Whimsicott|0 fnt
|faint|p1a: Whimsicott
|
|-weather|SunnyDay|[upkeep]
|-heal|p2a: Annihilape|10/100 brn|[from] item: Leftovers
|-damage|p2a: Annihilape|4/100 brn|[from] brn
|upkeep
|c|â˜†Xeroxyx|ok
|c|â˜†Xeroxyx|what is with my luck
|c| coggs's|unfortunate
|
|t:|1783367793
|switch|p1a: Garchomp|Garchomp, L50, F|100/100
|turn|7
|c|â˜†FruitloopsFL|you are cursed
|
|t:|1783367809
|switch|p2b: Grimmsnarl|Grimmsnarl, L50, M|100/100
|move|p2a: Annihilape|Protect|p2a: Annihilape
|-singleturn|p2a: Annihilape|Protect
|move|p1a: Garchomp|Rock Slide|p2a: Annihilape|[spread] p2b
|-activate|p2a: Annihilape|move: Protect
|-damage|p2b: Grimmsnarl|65/100
|-damage|p1a: Garchomp|90/100|[from] item: Life Orb
|
|-weather|SunnyDay|[upkeep]
|-heal|p2a: Annihilape|10/100 brn|[from] item: Leftovers
|-damage|p2a: Annihilape|4/100 brn|[from] brn
|upkeep
|turn|8
|
|t:|1783367832
|move|p2b: Grimmsnarl|Fake Out|p1a: Garchomp
|-damage|p1a: Garchomp|79/100
|-damage|p2b: Grimmsnarl|52/100|[from] ability: Rough Skin|[of] p1a: Garchomp
|cant|p1a: Garchomp|flinch
|move|p2a: Annihilape|Ice Punch|p1a: Garchomp
|-supereffective|p1a: Garchomp|2
|-damage|p1a: Garchomp|0 fnt
|-damage|p2a: Annihilape|0 fnt|[from] ability: Rough Skin|[of] p1a: Garchomp
|faint|p1a: Garchomp
|faint|p2a: Annihilape
|
|win|FruitloopsFL
|c|â˜†Xeroxyx|that tracks
|c|â˜†Xeroxyx|but i was dead on next turn anyway
|c|â˜†Xeroxyx|ggwp
