|j|☆IngeVGC
|j|☆sebasbd04
|html|IngeVGCsebasbd04    
|uhtml|bestof|Game 1 of a best-of-3
|t:|1784047314
|gametype|doubles
|player|p1|IngeVGC|fisherman-gen4|1076
|player|p2|sebasbd04|ghetsis-gen5bw|1141
|gen|9
|tier|[Gen 9 Champions] VGC 2026 Reg M-B (Bo3)
|rated|
|rule|Species Clause: Limit one of each Pokémon
|rule|Item Clause: Limit 1 of each item
|clearpoke
|poke|p1|Aerodactyl, L50, F|
|poke|p1|Kingambit, L50, F, shiny|
|poke|p1|Farigiraf, L50, F, shiny|
|poke|p1|Charizard, L50, M, shiny|
|poke|p1|Sylveon, L50, F, shiny|
|poke|p1|Garchomp, L50, M, shiny|
|poke|p2|Sneasler, L50, M|
|poke|p2|Blastoise, L50, M|
|poke|p2|Kingambit, L50, M|
|poke|p2|Incineroar, L50, M|
|poke|p2|Delphox, L50, F|
|poke|p2|Sinistcha, L50|
|teampreview|4
|showteam|p1|Aerodactyl||Aerodactylite|Unnerve|IceFang,DualWingbeat,RockSlide,Tailwind|Jolly||F|||50|]Kingambit||FocusSash|Defiant|KowtowCleave,IronHead,SuckerPunch,LowKick|Adamant||F|||50|]Farigiraf||SitrusBerry|ArmorTail|TrickRoom,Psychic,Thunderbolt,Roar|Bold||F|||50|]Charizard||CharizarditeY|SolarPower|HeatWave,WeatherBall,SolarBeam,Protect|Modest||M|||50|]Sylveon||FairyFeather|Pixilate|Detect,HyperVoice,HyperBeam,QuickAttack|Modest||F|||50|]Garchomp||LifeOrb|RoughSkin|Protect,DragonClaw,Earthquake,StompingTantrum|Jolly||M|||50|
|showteam|p2|Sneasler||FocusSash|PoisonTouch|PoisonJab,CloseCombat,FakeOut,QuickGuard|Jolly||M|||50|]Blastoise||Blastoisinite|RainDish|DarkPulse,WaterSpout,ShellSmash,Protect|Modest||M|||50|]Kingambit||BlackGlasses|Defiant|KowtowCleave,SuckerPunch,SwordsDance,Protect|Adamant||M|||50|]Incineroar||SitrusBerry|Intimidate|FlareBlitz,HelpingHand,PartingShot,FakeOut|Careful||M|||50|]Delphox||Delphoxite|Blaze|HeatWave,NastyPlot,Psyshock,Protect|Modest||F|||50|]Sinistcha||KasibBerry|Hospitality|MatchaGotcha,RagePowder,TrickRoom,Protect|Bold|||||50|
|inactive|Battle timer is ON: inactive players will automatically lose when time's up. (requested by sebasbd04)
|inactive|sebasbd04 has 60 seconds left.
|inactive|sebasbd04 has 30 seconds left.
|
|t:|1784047383
|teamsize|p1|4
|teamsize|p2|4
|start
|switch|p1a: Farigiraf|Farigiraf, L50, F, shiny|100/100
|switch|p1b: Sylveon|Sylveon, L50, F, shiny|100/100
|switch|p2a: Sneasler|Sneasler, L50, M|100/100
|switch|p2b: Delphox|Delphox, L50, F|100/100
|turn|1
|
|t:|1784047405
|switch|p1b: Kingambit|Kingambit, L50, F, shiny|100/100
|detailschange|p2b: Delphox|Delphox-Mega, L50, F
|-mega|p2b: Delphox|Delphox|Delphoxite
|move|p2a: Sneasler|Poison Jab|p1b: Kingambit
|-immune|p1b: Kingambit
|move|p2b: Delphox|Heat Wave|p1b: Kingambit|[spread] p1a,p1b
|-crit|p1a: Farigiraf
|-supereffective|p1b: Kingambit|1
|-damage|p1a: Farigiraf|42/100
|-damage|p1b: Kingambit|14/100
|-enditem|p1a: Farigiraf|Sitrus Berry|[eat]
|-heal|p1a: Farigiraf|67/100|[from] item: Sitrus Berry
|move|p1a: Farigiraf|Trick Room|p1a: Farigiraf
|-fieldstart|move: Trick Room|[of] p1a: Farigiraf
|
|upkeep
|turn|2
|inactive|sebasbd04 has 30 seconds left.
|inactive|sebasbd04 has 20 seconds left.
|inactive|sebasbd04 has 15 seconds left.
|inactive|sebasbd04 has 10 seconds left.
|
|t:|1784047453
|move|p2b: Delphox|Protect|p2b: Delphox
|-singleturn|p2b: Delphox|Protect
|move|p1a: Farigiraf|Psychic|p2a: Sneasler
|-supereffective|p2a: Sneasler|2
|-enditem|p2a: Sneasler|Focus Sash
|-damage|p2a: Sneasler|1/100
|move|p1b: Kingambit|Low Kick|p2a: Sneasler
|-resisted|p2a: Sneasler|1
|-damage|p2a: Sneasler|0 fnt
|faint|p2a: Sneasler
|
|upkeep
|
|t:|1784047466
|switch|p2a: Sinistcha|Sinistcha, L50|100/100
|turn|3
|
|t:|1784047476
|move|p2a: Sinistcha|Rage Powder|p2a: Sinistcha
|-singleturn|p2a: Sinistcha|move: Rage Powder
|move|p1a: Farigiraf|Psychic|p2a: Sinistcha
|-damage|p2a: Sinistcha|67/100
|move|p1b: Kingambit|Kowtow Cleave|p2a: Sinistcha
|-supereffective|p2a: Sinistcha|1
|-damage|p2a: Sinistcha|0 fnt
|faint|p2a: Sinistcha
|move|p2b: Delphox|Heat Wave|p1b: Kingambit|[spread] p1a,p1b
|-supereffective|p1b: Kingambit|1
|-damage|p1a: Farigiraf|29/100
|-damage|p1b: Kingambit|0 fnt
|faint|p1b: Kingambit
|
|upkeep
|
|t:|1784047488
|switch|p2a: Incineroar|Incineroar, L50, M|100/100
|switch|p1b: Sylveon|Sylveon, L50, F, shiny|100/100
|-ability|p2a: Incineroar|Intimidate|boost
|-unboost|p1a: Farigiraf|atk|1
|-unboost|p1b: Sylveon|atk|1
|turn|4
|
|t:|1784047506
|move|p2a: Incineroar|Helping Hand|p2b: Delphox
|-singleturn|p2b: Delphox|Helping Hand|[of] p2a: Incineroar
|move|p1b: Sylveon|Hyper Beam|p2a: Incineroar|[miss]
|-miss|p1b: Sylveon|p2a: Incineroar
|move|p2b: Delphox|Heat Wave|p1a: Farigiraf|[spread] p1a,p1b
|-damage|p1a: Farigiraf|0 fnt
|-damage|p1b: Sylveon|51/100
|faint|p1a: Farigiraf
|
|upkeep
|
|t:|1784047510
|switch|p1a: Charizard|Charizard, L50, M, shiny|100/100
|turn|5
|
|t:|1784047528
|detailschange|p1a: Charizard|Charizard-Mega-Y, L50, M, shiny
|-mega|p1a: Charizard|Charizard|Charizardite Y
|-weather|SunnyDay|[from] ability: Drought|[of] p1a: Charizard
|move|p2b: Delphox|Protect|p2b: Delphox
|-singleturn|p2b: Delphox|Protect
|move|p1b: Sylveon|Hyper Beam|p2a: Incineroar
|-damage|p2a: Incineroar|21/100
|-mustrecharge|p1b: Sylveon
|-enditem|p2a: Incineroar|Sitrus Berry|[eat]
|-heal|p2a: Incineroar|46/100|[from] item: Sitrus Berry
|move|p2a: Incineroar|Parting Shot|p1a: Charizard
|-unboost|p1a: Charizard|atk|1
|-unboost|p1a: Charizard|spa|1
|move|p1a: Charizard|Heat Wave|p2b: Delphox|[spread] p2a
|-activate|p2b: Delphox|move: Protect
|-resisted|p2a: Incineroar|1
|-damage|p2a: Incineroar|31/100
|
|-weather|SunnyDay|[upkeep]
|-fieldend|move: Trick Room
|upkeep
|turn|6
|
|t:|1784047547
|move|p2b: Delphox|Heat Wave|p1b: Sylveon|[spread] p1a,p1b
|-resisted|p1a: Charizard|1
|-damage|p1a: Charizard|74/100
|-damage|p1b: Sylveon|5/100
|move|p1a: Charizard|Heat Wave|p2a: Incineroar|[spread] p2a,p2b
|-resisted|p2a: Incineroar|1
|-crit|p2a: Incineroar
|-resisted|p2b: Delphox|1
|-damage|p2a: Incineroar|0 fnt
|-damage|p2b: Delphox|82/100
|faint|p2a: Incineroar
|cant|p1b: Sylveon|recharge
|
|-weather|SunnyDay|[upkeep]
|upkeep
|turn|7
|
|t:|1784047555
|move|p1b: Sylveon|Detect|p1b: Sylveon
|-singleturn|p1b: Sylveon|Protect
|move|p2b: Delphox|Heat Wave|p1a: Charizard|[spread] p1a
|-activate|p1b: Sylveon|move: Protect
|-resisted|p1a: Charizard|1
|-damage|p1a: Charizard|50/100y
|move|p1a: Charizard|Weather Ball|p2b: Delphox
|-resisted|p2b: Delphox|1
|-damage|p2b: Delphox|54/100
|
|-weather|SunnyDay|[upkeep]
|upkeep
|turn|8
|
|t:|1784047568
|move|p1b: Sylveon|Quick Attack|p2b: Delphox
|-resisted|p2b: Delphox|1
|-damage|p2b: Delphox|49/100
|move|p2b: Delphox|Heat Wave|p1b: Sylveon|[spread] p1a
|-miss|p2b: Delphox|p1b: Sylveon
|-resisted|p1a: Charizard|1
|-damage|p1a: Charizard|23/100
|move|p1a: Charizard|Weather Ball|p2b: Delphox
|-resisted|p2b: Delphox|1
|-damage|p2b: Delphox|22/100
|
|-weather|SunnyDay|[upkeep]
|upkeep
|turn|9
|
|t:|1784047582
|move|p2b: Delphox|Heat Wave|p1a: Charizard|[spread] p1a,p1b
|-resisted|p1a: Charizard|1
|-damage|p1a: Charizard|0 fnt
|-damage|p1b: Sylveon|0 fnt
|faint|p1a: Charizard
|faint|p1b: Sylveon
|
|win|sebasbd04
||IngeVGC is ready for game 2.
||sebasbd04 is ready for game 2.
|uhtml|next|Next: Game 2 of 3
