|j|☆pokeopposition
|j|☆AguaDeVaso
|html|pokeoppositionAguaDeVaso    
|uhtml|bestof|Game 2 of a best-of-3
|t:|1783117450
|gametype|doubles
|player|p1|pokeopposition|silver|1116
|player|p2|AguaDeVaso|265|1055
|gen|9
|tier|[Gen 9 Champions] VGC 2026 Reg M-B (Bo3)
|rated|
|rule|Species Clause: Limit one of each Pokémon
|rule|Item Clause: Limit 1 of each item
|clearpoke
|poke|p1|Hatterene, L50, F, shiny|
|poke|p1|Hydrapple, L50, F, shiny|
|poke|p1|Incineroar, L50, F|
|poke|p1|Torkoal, L50, F, shiny|
|poke|p1|Farigiraf, L50, M, shiny|
|poke|p1|Camerupt, L50, M, shiny|
|poke|p2|Swampert, L50, F|
|poke|p2|Pelipper, L50, F|
|poke|p2|Sableye, L50, M|
|poke|p2|Metagross, L50|
|poke|p2|Rotom-Heat, L50|
|poke|p2|Sinistcha, L50|
|teampreview|4
|showteam|p1|Hatterene||LifeOrb|MagicBounce|DazzlingGleam,Psychic,TrickRoom,Protect|Quiet||F|||50|]Hydrapple||YacheBerry|Regenerator|FickleBeam,LeafStorm,EarthPower,Protect|Quiet||F|||50|]Incineroar||SitrusBerry|Intimidate|FakeOut,PartingShot,FlareBlitz,DarkestLariat|Relaxed||F|||50|]Torkoal||Charcoal|Drought|WeatherBall,Eruption,HelpingHand,Protect|Quiet||F|||50|]Farigiraf||MentalHerb|ArmorTail|Psychic,HelpingHand,TrickRoom,Protect|Relaxed||M|||50|]Camerupt||Cameruptite|SolidRock|AncientPower,FireBlast,Eruption,EarthPower|Quiet||M|||50|
|showteam|p2|Swampert||Swampertite|Torrent|WaveCrash,HighHorsepower,Protect,IcePunch|Jolly||F|||50|]Pelipper||FocusSash|Drizzle|Hurricane,Protect,Tailwind,WeatherBall|Serious||F|||50|]Sableye||RoseliBerry|Prankster|RainDance,Quash,Encore,WillOWisp|Careful||M|||50|]Metagross||Metagrossite|ClearBody|PsychicFangs,Protect,BulletPunch,MeteorMash|Jolly|||||50|]Rotom-Heat||ChoiceScarf|Levitate|VoltSwitch,Thunder,Overheat,Trick|Modest|||||50|]Sinistcha||SitrusBerry|Hospitality|TrickRoom,RagePowder,LifeDew,MatchaGotcha|Calm|||||50|
|
|t:|1783117475
|teamsize|p1|4
|teamsize|p2|4
|start
|switch|p1a: Farigiraf|Farigiraf, L50, M, shiny|100/100
|switch|p1b: Incineroar|Incineroar, L50, F|100/100
|switch|p2a: Swampert|Swampert, L50, F|100/100
|switch|p2b: Pelipper|Pelipper, L50, F|100/100
|-weather|RainDance|[from] ability: Drizzle|[of] p2b: Pelipper
|-ability|p1b: Incineroar|Intimidate|boost
|-unboost|p2a: Swampert|atk|1
|-unboost|p2b: Pelipper|atk|1
|turn|1
|inactive|Battle timer is ON: inactive players will automatically lose when time's up. (requested by AguaDeVaso)
|
|t:|1783117489
|switch|p1b: Hydrapple|Hydrapple, L50, F, shiny|100/100
|detailschange|p2a: Swampert|Swampert-Mega, L50, F
|-mega|p2a: Swampert|Swampert|Swampertite
|move|p2a: Swampert|Wave Crash|p1b: Hydrapple
|-resisted|p1b: Hydrapple|2
|-damage|p1b: Hydrapple|86/100
|-damage|p2a: Swampert|94/100|[from] Recoil
|move|p2b: Pelipper|Weather Ball|p1a: Farigiraf
|-damage|p1a: Farigiraf|38/100
|move|p1a: Farigiraf|Trick Room|p1a: Farigiraf
|-fieldstart|move: Trick Room|[of] p1a: Farigiraf
|
|-weather|RainDance|[upkeep]
|upkeep
|turn|2
|
|t:|1783117512
|switch|p2a: Sinistcha|Sinistcha, L50|100/100
|move|p1a: Farigiraf|Helping Hand|p1b: Hydrapple
|-singleturn|p1b: Hydrapple|Helping Hand|[of] p1a: Farigiraf
|move|p1b: Hydrapple|Fickle Beam|p2b: Pelipper|[anim] Fickle Beam All Out
|-activate|p1b: Hydrapple|move: Fickle Beam
|-enditem|p2b: Pelipper|Focus Sash
|-damage|p2b: Pelipper|1/100
|move|p2b: Pelipper|Weather Ball|p1a: Farigiraf
|-crit|p1a: Farigiraf
|-damage|p1a: Farigiraf|0 fnt
|faint|p1a: Farigiraf
|
|-weather|RainDance|[upkeep]
|upkeep
|
|t:|1783117524
|switch|p1a: Hatterene|Hatterene, L50, F, shiny|100/100
|turn|3
|
|t:|1783117532
|move|p2b: Pelipper|Protect|p2b: Pelipper
|-singleturn|p2b: Pelipper|Protect
|move|p1a: Hatterene|Dazzling Gleam|p2a: Sinistcha|[spread] p2a
|-activate|p2b: Pelipper|move: Protect
|-damage|p2a: Sinistcha|55/100
|-damage|p1a: Hatterene|90/100|[from] item: Life Orb
|move|p1b: Hydrapple|Fickle Beam|p2a: Sinistcha
|-damage|p2a: Sinistcha|19/100
|-enditem|p2a: Sinistcha|Sitrus Berry|[eat]
|-heal|p2a: Sinistcha|44/100|[from] item: Sitrus Berry
|move|p2a: Sinistcha|Trick Room|p2a: Sinistcha
|-fieldend|move: Trick Room
|
|-weather|RainDance|[upkeep]
|upkeep
|turn|4
|
|t:|1783117551
|move|p1b: Hydrapple|Protect|p1b: Hydrapple
|-singleturn|p1b: Hydrapple|Protect
|move|p2b: Pelipper|Hurricane|p1b: Hydrapple
|-activate|p1b: Hydrapple|move: Protect
|move|p2a: Sinistcha|Life Dew|p2a: Sinistcha|[spread] p2a,p2b
|-heal|p2a: Sinistcha|69/100
|-heal|p2b: Pelipper|25/100
|move|p1a: Hatterene|Trick Room|p1a: Hatterene
|-fieldstart|move: Trick Room|[of] p1a: Hatterene
|
|-weather|RainDance|[upkeep]
|upkeep
|turn|5
|
|t:|1783117569
|move|p2a: Sinistcha|Rage Powder|p2a: Sinistcha
|-singleturn|p2a: Sinistcha|move: Rage Powder
|move|p1a: Hatterene|Dazzling Gleam|p2b: Pelipper|[spread] p2a,p2b
|-damage|p2a: Sinistcha|30/100
|-damage|p2b: Pelipper|0 fnt
|faint|p2b: Pelipper
|-damage|p1a: Hatterene|80/100|[from] item: Life Orb
|move|p1b: Hydrapple|Fickle Beam|p2a: Sinistcha|[anim] Fickle Beam All Out
|-activate|p1b: Hydrapple|move: Fickle Beam
|-damage|p2a: Sinistcha|0 fnt
|faint|p2a: Sinistcha
|
|-weather|none
|upkeep
|
|t:|1783117580
|switch|p2a: Swampert|Swampert-Mega, L50, F|94/100
|switch|p2b: Rotom|Rotom-Heat, L50|100/100
|turn|6
|
|t:|1783117600
|move|p1b: Hydrapple|Protect|p1b: Hydrapple
|-singleturn|p1b: Hydrapple|Protect
|move|p2a: Swampert|Protect|p2a: Swampert
|-singleturn|p2a: Swampert|Protect
|move|p1a: Hatterene|Psychic|p2b: Rotom
|-damage|p2b: Rotom|4/100
|-damage|p1a: Hatterene|70/100|[from] item: Life Orb
|move|p2b: Rotom|Trick|p1b: Hydrapple
|-activate|p1b: Hydrapple|move: Protect
|
|upkeep
|turn|7
|
|t:|1783117614
|move|p1a: Hatterene|Dazzling Gleam|p2a: Swampert|[spread] p2a,p2b
|-resisted|p2b: Rotom|1
|-damage|p2a: Swampert|54/100
|-damage|p2b: Rotom|0 fnt
|faint|p2b: Rotom
|-damage|p1a: Hatterene|60/100|[from] item: Life Orb
|move|p1b: Hydrapple|Leaf Storm|p2a: Swampert
|-supereffective|p2a: Swampert|2
|-damage|p2a: Swampert|0 fnt
|-unboost|p1b: Hydrapple|spa|2
|faint|p2a: Swampert
|
|win|pokeopposition
||pokeopposition is ready for game 3.
|inactive|AguaDeVaso has 30 seconds to confirm battle start!
