|j|☆7amont
|j|☆BlackStag52
|html|7amontBlackStag52    
|uhtml|bestof|Game 2 of a best-of-3
|t:|1782346079
|gametype|doubles
|player|p1|7amont|burglar|1028
|player|p2|BlackStag52|lorelei-gen3|1124
|gen|9
|tier|[Gen 9 Champions] VGC 2026 Reg M-B (Bo3)
|rated|
|rule|Species Clause: Limit one of each Pokémon
|rule|Item Clause: Limit 1 of each item
|clearpoke
|poke|p1|Dragapult, L50, M|
|poke|p1|Runerigus, L50, M|
|poke|p1|Grimmsnarl, L50, M|
|poke|p1|Staraptor, L50, M|
|poke|p1|Metagross, L50|
|poke|p1|Sinistcha-Masterpiece, L50|
|poke|p2|Garchomp, L50, M|
|poke|p2|Eelektross, L50, F|
|poke|p2|Sinistcha, L50|
|poke|p2|Primarina, L50, M|
|poke|p2|Vivillon-High Plains, L50, M|
|poke|p2|Sneasler, L50, M|
|teampreview|4
|showteam|p1|Dragapult||ChoiceScarf|ClearBody|DragonDarts,PhantomForce,SuckerPunch,Uturn|Adamant||M|||50|]Runerigus||Leftovers|WanderingSpirit|Protect,NightShade,Haze,AllySwitch|Sassy||M|||50|]Grimmsnarl||LightClay|Prankster|Reflect,LightScreen,SuckerPunch,PartingShot|Adamant||M|||50|]Staraptor||Staraptite|Intimidate|Protect,Roost,CloseCombat,BraveBird|Jolly||M|||50|]Metagross||Metagrossite|ClearBody|Protect,IronHead,PsychicFangs,BulletPunch|Jolly|||||50|]Sinistcha-Masterpiece||SitrusBerry|Hospitality|Protect,MatchaGotcha,TrickRoom,RagePowder|Calm|||||50|
|showteam|p2|Garchomp||LifeOrb|RoughSkin|DragonClaw,Earthquake,Protect,RockSlide|Impish||M|||50|]Eelektross||Eelektrossite|Levitate|GrassKnot,Thunderbolt,Protect,Flamethrower|Modest||F|||50|]Sinistcha||KasibBerry|Hospitality|MatchaGotcha,RagePowder,TrickRoom,LifeDew|Bold|||||50|]Primarina||FairyFeather|LiquidVoice|DazzlingGleam,EnergyBall,HyperVoice,Protect|Modest||M|||50|]Vivillon-High Plains||FocusSash|FriendGuard|Tailwind,AirSlash,PollenPuff,Protect|Timid||M|||50|]Sneasler||WhiteHerb|Unburden|FakeOut,CloseCombat,DireClaw,Protect|Adamant||M|||50|
|inactive|Battle timer is ON: inactive players will automatically lose when time's up. (requested by 7amont)
|inactive|7amont has 60 seconds left.
|
|t:|1782346115
|teamsize|p1|4
|teamsize|p2|4
|start
|switch|p1a: Grimmsnarl|Grimmsnarl, L50, M|100/100
|switch|p1b: Metagross|Metagross, L50|100/100
|switch|p2a: Sneasler|Sneasler, L50, M|100/100
|switch|p2b: Vivillon|Vivillon-High Plains, L50, M|100/100
|turn|1
|
|t:|1782346139
|detailschange|p1b: Metagross|Metagross-Mega, L50
|-mega|p1b: Metagross|Metagross|Metagrossite
|move|p2a: Sneasler|Fake Out|p1b: Metagross
|-resisted|p1b: Metagross|1
|-damage|p1b: Metagross|93/100
|move|p1a: Grimmsnarl|Reflect|p1a: Grimmsnarl
|-sidestart|p1: 7amont|Reflect
|cant|p1b: Metagross|flinch
|move|p2b: Vivillon|Tailwind|p2b: Vivillon
|-sidestart|p2: BlackStag52|move: Tailwind
|
|upkeep
|turn|2
|
|t:|1782346164
|switch|p2b: Eelektross|Eelektross, L50, F|100/100
|move|p1a: Grimmsnarl|Parting Shot|p2b: Eelektross
|-unboost|p2b: Eelektross|atk|1
|-unboost|p2b: Eelektross|spa|1
|
|t:|1782346179
|switch|p1a: Dragapult|Dragapult, L50, M|100/100|[from] Parting Shot
|move|p2a: Sneasler|Close Combat|p1b: Metagross
|-damage|p1b: Metagross|59/100
|-unboost|p2a: Sneasler|def|1
|-unboost|p2a: Sneasler|spd|1
|-enditem|p2a: Sneasler|White Herb
|-clearnegativeboost|p2a: Sneasler|[silent]
|move|p1b: Metagross|Psychic Fangs|p2a: Sneasler
|-supereffective|p2a: Sneasler|2
|-damage|p2a: Sneasler|0 fnt
|faint|p2a: Sneasler
|
|upkeep
|
|t:|1782346190
|switch|p2a: Primarina|Primarina, L50, M|100/100
|turn|3
|inactive|7amont has 30 seconds left.
|inactive|7amont has 20 seconds left.
|inactive|7amont has 15 seconds left.
|
|t:|1782346232
|detailschange|p2b: Eelektross|Eelektross-Mega, L50, F
|-mega|p2b: Eelektross|Eelektross|Eelektrossite
|move|p1a: Dragapult|Dragon Darts|p2b: Eelektross
|-damage|p2b: Eelektross|69/100
|-anim|p1a: Dragapult|Dragon Darts|p2b: Eelektross
|-damage|p2b: Eelektross|41/100
|move|p2b: Eelektross|Flamethrower|p1b: Metagross
|-supereffective|p1b: Metagross|1
|-damage|p1b: Metagross|15/100
|-status|p1b: Metagross|brn
|move|p1b: Metagross|Iron Head|p2a: Primarina
|-damage|p2a: Primarina|64/100
|move|p2a: Primarina|Dazzling Gleam|p1a: Dragapult|[spread] p1a,p1b
|-supereffective|p1a: Dragapult|1
|-resisted|p1b: Metagross|1
|-damage|p1a: Dragapult|1/100
|-damage|p1b: Metagross|0 fnt
|faint|p1b: Metagross
|
|upkeep
|
|t:|1782346249
|switch|p1b: Sinistcha|Sinistcha-Masterpiece, L50|100/100
|-heal|p1a: Dragapult|26/100|[from] ability: Hospitality|[of] p1b: Sinistcha
|turn|4
|
|t:|1782346254
|move|p2b: Eelektross|Protect|p2b: Eelektross
|-singleturn|p2b: Eelektross|Protect
|move|p1a: Dragapult|Dragon Darts|p2b: Eelektross
|-immune|p2a: Primarina
|move|p2a: Primarina|Dazzling Gleam|p1b: Sinistcha|[spread] p1a,p1b
|-supereffective|p1a: Dragapult|1
|-damage|p1a: Dragapult|0 fnt
|-damage|p1b: Sinistcha|62/100
|faint|p1a: Dragapult
|move|p1b: Sinistcha|Matcha Gotcha|p2b: Eelektross|[spread] p2a
|-activate|p2b: Eelektross|move: Protect
|-supereffective|p2a: Primarina|1
|-damage|p2a: Primarina|16/100
|-heal|p1b: Sinistcha|88/100|[from] drain|[of] p2a: Primarina
|
|-sideend|p2: BlackStag52|move: Tailwind
|upkeep
|
|t:|1782346273
|switch|p1a: Grimmsnarl|Grimmsnarl, L50, M|100/100
|turn|5
|inactive|7amont has 30 seconds left.
|inactive|7amont has 20 seconds left.
|inactive|7amont has 15 seconds left.
|inactive|7amont has 10 seconds left.
|
|t:|1782346323
|switch|p2a: Vivillon|Vivillon-High Plains, L50, M|100/100
|move|p1a: Grimmsnarl|Parting Shot|p2b: Eelektross
|-unboost|p2b: Eelektross|atk|1
|-unboost|p2b: Eelektross|spa|1
|move|p2b: Eelektross|Flamethrower|p1b: Sinistcha
|-supereffective|p1b: Sinistcha|1
|-damage|p1b: Sinistcha|53/100
|move|p1b: Sinistcha|Matcha Gotcha|p2a: Vivillon|[spread] p2a
|-miss|p1b: Sinistcha|p2b: Eelektross
|-resisted|p2a: Vivillon|2
|-damage|p2a: Vivillon|85/100
|-heal|p1b: Sinistcha|60/100|[from] drain|[of] p2a: Vivillon
|
|upkeep
|turn|6
|
|t:|1782346341
|switch|p2b: Primarina|Primarina, L50, M|16/100
|move|p1a: Grimmsnarl|Light Screen|p1a: Grimmsnarl
|-sidestart|p1: 7amont|move: Light Screen
|move|p2a: Vivillon|Tailwind|p2a: Vivillon
|-sidestart|p2: BlackStag52|move: Tailwind
|move|p1b: Sinistcha|Trick Room|p1b: Sinistcha
|-fieldstart|move: Trick Room|[of] p1b: Sinistcha
|
|upkeep
|turn|7
|
|t:|1782346361
|switch|p2b: Eelektross|Eelektross-Mega, L50, F|41/100
|move|p1a: Grimmsnarl|Sucker Punch|p2a: Vivillon
|-damage|p2a: Vivillon|14/100
|move|p1b: Sinistcha|Matcha Gotcha|p2b: Eelektross|[spread] p2a,p2b
|-resisted|p2a: Vivillon|2
|-damage|p2a: Vivillon|1/100
|-heal|p1b: Sinistcha|66/100|[from] drain|[of] p2a: Vivillon
|-damage|p2b: Eelektross|20/100y
|-heal|p1b: Sinistcha|78/100|[from] drain|[of] p2b: Eelektross
|move|p2a: Vivillon|Pollen Puff|p2b: Eelektross
|-heal|p2b: Eelektross|70/100
|
|upkeep
|turn|8
|
|t:|1782346380
|move|p2a: Vivillon|Protect|p2a: Vivillon
|-singleturn|p2a: Vivillon|Protect
|move|p1a: Grimmsnarl|Sucker Punch|p2b: Eelektross
|-damage|p2b: Eelektross|42/100
|move|p1b: Sinistcha|Matcha Gotcha|p2b: Eelektross|[spread] 
|-activate|p2a: Vivillon|move: Protect
|-miss|p1b: Sinistcha|p2b: Eelektross
|move|p2b: Eelektross|Flamethrower|p1b: Sinistcha
|-supereffective|p1b: Sinistcha|1
|-damage|p1b: Sinistcha|33/100
|-enditem|p1b: Sinistcha|Sitrus Berry|[eat]
|-heal|p1b: Sinistcha|58/100|[from] item: Sitrus Berry
|
|-sideend|p1: 7amont|Reflect
|upkeep
|turn|9
|
|t:|1782346401
|switch|p2a: Primarina|Primarina, L50, M|16/100
|move|p2b: Eelektross|Protect|p2b: Eelektross
|-singleturn|p2b: Eelektross|Protect
|move|p1a: Grimmsnarl|Sucker Punch||[still]
|-fail|p1a: Grimmsnarl
|move|p1b: Sinistcha|Matcha Gotcha|p2b: Eelektross|[spread] p2a
|-activate|p2b: Eelektross|move: Protect
|-supereffective|p2a: Primarina|1
|-damage|p2a: Primarina|0 fnt
|-heal|p1b: Sinistcha|67/100|[from] drain|[of] p2a: Primarina
|faint|p2a: Primarina
|
|-sideend|p2: BlackStag52|move: Tailwind
|upkeep
|
|t:|1782346413
|switch|p2a: Vivillon|Vivillon-High Plains, L50, M|1/100
|turn|10
|
|t:|1782346422
|move|p1a: Grimmsnarl|Sucker Punch|p2b: Eelektross
|-damage|p2b: Eelektross|14/100
|move|p1b: Sinistcha|Matcha Gotcha|p2b: Eelektross|[spread] p2a,p2b
|-resisted|p2a: Vivillon|2
|-damage|p2a: Vivillon|0 fnt
|-heal|p1b: Sinistcha|68/100|[from] drain|[of] p2a: Vivillon
|-damage|p2b: Eelektross|0 fnt
|-heal|p1b: Sinistcha|76/100|[from] drain|[of] p2b: Eelektross
|faint|p2a: Vivillon
|faint|p2b: Eelektross
|
|win|7amont
|raw|7amont's rating: 1028 → 1073(+45 for winning)
|raw|BlackStag52's rating: 1124 → 1092(-32 for losing)
