|j|☆TISS 0'28
|j|‽shiva2099
|html|TISS 0'28shiva2099    
|uhtml|bestof|Game 1 of a best-of-3
|t:|1756480488
|gametype|doubles
|player|p1|TISS 0'28|hilbert|1087
|player|p2|shiva2099|steven|1094
|gen|9
|tier|[Gen 9] VGC 2025 Reg H (Bo3)
|rated|
|rule|Species Clause: Limit one of each Pokémon
|rule|Item Clause: Limit 1 of each item
|clearpoke
|poke|p1|Baxcalibur, L50, F|
|poke|p1|Ursaluna-Bloodmoon, L50, M|
|poke|p1|Farigiraf, L50, F|
|poke|p1|Murkrow, L50, F|
|poke|p1|Arcanine-Hisui, L50, M|
|poke|p1|Amoonguss, L50, F|
|poke|p2|Charizard, L50, M|
|poke|p2|Torkoal, L50, M|
|poke|p2|Porygon2, L50|
|poke|p2|Incineroar, L50, M|
|poke|p2|Volcarona, L50, F|
|poke|p2|Ursaluna, L50, M|
|teampreview|4
|showteam|p1|Baxcalibur||LoadedDice|ThermalExchange|Protect,SwordsDance,ScaleShot,IcicleSpear|||F|||50|,,,,,Poison]Ursaluna-Bloodmoon||LifeOrb|MindsEye|Protect,EarthPower,HyperVoice,BloodMoon|||M|||50|,,,,,Normal]Farigiraf||ThroatSpray|ArmorTail|Protect,TrickRoom,HyperVoice,Psychic|||F|||50|,,,,,Grass]Murkrow||Eviolite|Prankster|Protect,Tailwind,Snarl,Haze|||F|||50|,,,,,Ghost]Arcanine-Hisui||ChoiceBand|Intimidate|FlareBlitz,RockSlide,ExtremeSpeed,WildCharge|||M|||50|,,,,,Grass]Amoonguss||SitrusBerry|Regenerator|Protect,RagePowder,PollenPuff,Spore|||F|||50|,,,,,Water
|showteam|p2|Charizard||ChoiceSpecs|SolarPower|HeatWave,Overheat,WeatherBall,AirSlash|||M|||50|,,,,,Fire]Torkoal||EjectPack|Drought|Overheat,Eruption,HelpingHand,Protect|||M|||50|,,,,,Fire]Porygon2||Eviolite|Download|TeraBlast,TrickRoom,Recover,IceBeam||||||50|,,,,,Fighting]Incineroar||SafetyGoggles|Intimidate|FakeOut,KnockOff,FlareBlitz,PartingShot|||M|||50|,,,,,Ghost]Volcarona||RockyHelmet|FlameBody|RagePowder,Tailwind,FieryDance,StruggleBug|||F|||50|,,,,,Bug]Ursaluna||FlameOrb|Guts|Facade,Protect,HeadlongRush,Earthquake|||M|||50|,,,,,Ground
|inactive|Battle timer is ON: inactive players will automatically lose when time's up. (requested by shiva2099)
|
|t:|1756480532
|teamsize|p1|4
|teamsize|p2|4
|start
|switch|p1a: Murkrow|Murkrow, L50, F|100/100
|switch|p1b: Arcanine|Arcanine-Hisui, L50, M|100/100
|switch|p2a: Porygon2|Porygon2, L50|100/100
|switch|p2b: Volcarona|Volcarona, L50, F|100/100
|-ability|p1b: Arcanine|Intimidate|boost
|-unboost|p2a: Porygon2|atk|1
|-unboost|p2b: Volcarona|atk|1
|-ability|p2a: Porygon2|Download|boost
|-boost|p2a: Porygon2|atk|1
|turn|1
|inactive|TISS 0'28 has 30 seconds left.
|inactive|shiva2099 has 30 seconds left.
|inactive|shiva2099 has 20 seconds left.
|
|t:|1756480572
|move|p1b: Arcanine|Rock Slide|p2b: Volcarona|[spread] p2a,p2b
|-supereffective|p2b: Volcarona
|-damage|p2a: Porygon2|72/100
|-damage|p2b: Volcarona|0 fnt
|faint|p2b: Volcarona
|move|p1a: Murkrow|Snarl|p2a: Porygon2
|-damage|p2a: Porygon2|61/100
|-unboost|p2a: Porygon2|spa|1
|cant|p2a: Porygon2|flinch
|
|upkeep
|
|t:|1756480583
|switch|p2b: Ursaluna|Ursaluna, L50, M|100/100
|turn|2
|
|t:|1756480603
|switch|p1b: Ursaluna|Ursaluna-Bloodmoon, L50, M|100/100
|move|p1a: Murkrow|Snarl|p2b: Ursaluna|[spread] p2a,p2b
|-damage|p2a: Porygon2|53/100
|-damage|p2b: Ursaluna|88/100
|-unboost|p2a: Porygon2|spa|1
|-unboost|p2b: Ursaluna|spa|1
|move|p2b: Ursaluna|Headlong Rush|p1b: Ursaluna
|-damage|p1b: Ursaluna|46/100
|-unboost|p2b: Ursaluna|def|1
|-unboost|p2b: Ursaluna|spd|1
|move|p2a: Porygon2|Trick Room|p2a: Porygon2
|-fieldstart|move: Trick Room|[of] p2a: Porygon2
|
|-status|p2b: Ursaluna|brn|[from] item: Flame Orb
|upkeep
|turn|3
|inactive|shiva2099 has 30 seconds left.
|inactive|shiva2099 has 20 seconds left.
|
|t:|1756480640
|switch|p2a: Torkoal|Torkoal, L50, M|100/100
|-weather|SunnyDay|[from] ability: Drought|[of] p2a: Torkoal
|switch|p1a: Arcanine|Arcanine-Hisui, L50, M|100/100
|-ability|p1a: Arcanine|Intimidate|boost
|-unboost|p2a: Torkoal|atk|1
|-unboost|p2b: Ursaluna|atk|1
|-enditem|p2a: Torkoal|Eject Pack
|
|t:|1756480650
|switch|p2a: Porygon2|Porygon2, L50|53/100
|-ability|p2a: Porygon2|Download|boost
|-boost|p2a: Porygon2|spa|1
|move|p2b: Ursaluna|Protect|p2b: Ursaluna
|-singleturn|p2b: Ursaluna|Protect
|move|p1b: Ursaluna|Protect||[still]
|-fail|p1b: Ursaluna
|
|-weather|SunnyDay|[upkeep]
|-damage|p2b: Ursaluna|82/100 brn|[from] brn
|upkeep
|turn|4
|inactive|TISS 0'28 has 30 seconds left.
|inactive|shiva2099 has 30 seconds left.
|inactive|shiva2099 has 20 seconds left.
|
|t:|1756480686
|switch|p2b: Torkoal|Torkoal, L50, M|100/100
|switch|p1b: Murkrow|Murkrow, L50, F|100/100
|-terastallize|p2a: Porygon2|Fighting
|-terastallize|p1a: Arcanine|Grass
|move|p2a: Porygon2|Tera Blast|p1a: Arcanine|[anim] Tera Blast Fighting
|-crit|p1a: Arcanine
|-damage|p1a: Arcanine|0 fnt
|faint|p1a: Arcanine
|
|-weather|SunnyDay|[upkeep]
|upkeep
|
|t:|1756480702
|switch|p1a: Baxcalibur|Baxcalibur, L50, F|100/100
|turn|5
|
|t:|1756480721
|move|p1a: Baxcalibur|Protect|p1a: Baxcalibur
|-singleturn|p1a: Baxcalibur|Protect
|move|p2b: Torkoal|Eruption|p1b: Murkrow|[spread] p1b
|-activate|p1a: Baxcalibur|move: Protect
|-damage|p1b: Murkrow|24/100
|move|p2a: Porygon2|Tera Blast|p1a: Baxcalibur|[anim] Tera Blast Fighting
|-activate|p1a: Baxcalibur|move: Protect
|move|p1b: Murkrow|Snarl|p2b: Torkoal|[spread] p2a,p2b
|-resisted|p2a: Porygon2
|-crit|p2b: Torkoal
|-damage|p2a: Porygon2|49/100
|-damage|p2b: Torkoal|76/100
|-unboost|p2a: Porygon2|spa|1
|-unboost|p2b: Torkoal|spa|1
|
|-weather|SunnyDay|[upkeep]
|upkeep
|turn|6
|inactive|TISS 0'28 has 30 seconds left.
|
|t:|1756480749
|move|p2b: Torkoal|Eruption|p1a: Baxcalibur|[spread] p1a,p1b
|-damage|p1a: Baxcalibur|67/100
|-damage|p1b: Murkrow|0 fnt
|-ability|p1a: Baxcalibur|Thermal Exchange|boost
|-boost|p1a: Baxcalibur|atk|1
|faint|p1b: Murkrow
|move|p2a: Porygon2|Tera Blast|p1a: Baxcalibur|[anim] Tera Blast Fighting
|-supereffective|p1a: Baxcalibur
|-damage|p1a: Baxcalibur|0 fnt
|faint|p1a: Baxcalibur
|
|-weather|SunnyDay|[upkeep]
|-fieldend|move: Trick Room
|upkeep
|
|t:|1756480759
|switch|p1b: Ursaluna|Ursaluna-Bloodmoon, L50, M|46/100
|turn|7
|
|t:|1756480772
|move|p2a: Porygon2|Tera Blast|p1b: Ursaluna|[anim] Tera Blast Fighting
|-supereffective|p1b: Ursaluna
|-damage|p1b: Ursaluna|0 fnt
|faint|p1b: Ursaluna
|
|win|shiva2099
|l|‽shiva2099
|player|p2|
|inactive|TISS 0'28 has 30 seconds to confirm battle start!
|inactive|shiva2099 has 30 seconds to confirm battle start!
||TISS 0'28 is ready for game 2.
|inactive|shiva2099 has 20 seconds to confirm battle start!
|inactive|shiva2099 has 10 seconds to confirm battle start!
