|j|☆snailboss
|j|☆Mareancm
|html|snailbossMareancm    
|uhtml|bestof|Game 2 of a best-of-3
|t:|1755365055
|gametype|doubles
|player|p1|snailboss|265|1261
|player|p2|Mareancm|caitlin|1366
|gen|9
|tier|[Gen 9] VGC 2025 Reg H (Bo3)
|rated|
|rule|Species Clause: Limit one of each Pokémon
|rule|Item Clause: Limit 1 of each item
|clearpoke
|poke|p1|Kingambit, L50, F|
|poke|p1|Zoroark-Hisui, L50, M|
|poke|p1|Rillaboom, L50, M|
|poke|p1|Volcarona, L50, F|
|poke|p1|Tauros-Paldea-Aqua, L50, M|
|poke|p1|Clefable, L50, F|
|poke|p2|Amoonguss, L50, M|
|poke|p2|Incineroar, L50, M|
|poke|p2|Kingambit, L50, M|
|poke|p2|Ninetales-Alola, L50, F|
|poke|p2|Garchomp, L50, M|
|poke|p2|Dragonite, L50, F|
|teampreview|4
|showteam|p1|Kingambit||BlackGlasses|Defiant|SuckerPunch,KowtowCleave,SwordsDance,Protect|||F|||50|,,,,,Ghost]Zoroark-Hisui||ChoiceSpecs|Illusion|HyperVoice,ShadowBall,HyperBeam,Flamethrower|||M|||50|,,,,,Normal]Rillaboom||AssaultVest|GrassySurge|FakeOut,GrassyGlide,WoodHammer,HighHorsepower|||M|||50|,,,,,Fire]Volcarona||CovertCloak|FlameBody|QuiverDance,HeatWave,GigaDrain,Protect|||F|||50|,,,,,Grass]Tauros-Paldea-Aqua||GrassySeed|Intimidate|WaveCrash,BodyPress,Protect,AquaJet|||M|||50|,,,,,Fire]Clefable||SafetyGoggles|Unaware|Moonblast,FollowMe,Protect,HelpingHand|||F|||50|,,,,,Ghost
|showteam|p2|Amoonguss||SitrusBerry|Regenerator|Protect,PollenPuff,Spore,RagePowder|||M|||50|,,,,,Fairy]Incineroar||SafetyGoggles|Intimidate|FakeOut,FlareBlitz,KnockOff,PartingShot|||M|||50|,,,,,Ghost]Kingambit||AssaultVest|Defiant|KowtowCleave,SuckerPunch,IronHead,TeraBlast|||M|||50|,,,,,Flying]Ninetales-Alola||FocusSash|SnowWarning|Blizzard,Encore,FreezeDry,Protect|||F|||50|,,,,,Ice]Garchomp||LifeOrb|RoughSkin|DragonClaw,Earthquake,StompingTantrum,Protect|||M|||50|,,,,,Steel]Dragonite||LumBerry|Multiscale|TeraBlast,ExtremeSpeed,LowKick,Protect|||F|||50|,,,,,Flying
|inactive|Battle timer is ON: inactive players will automatically lose when time's up. (requested by Mareancm)
|inactive|Mareancm has 60 seconds left.
|inactive|snailboss has 60 seconds left.
|inactive|snailboss has 30 seconds left.
|
|t:|1755365127
|teamsize|p1|4
|teamsize|p2|4
|start
|switch|p1a: Rillaboom|Rillaboom, L50, M|100/100
|switch|p1b: Tauros|Tauros-Paldea-Aqua, L50, M|100/100
|switch|p2a: Garchomp|Garchomp, L50, M, shiny|100/100
|switch|p2b: Dragonite|Dragonite, L50, F|100/100
|-ability|p1b: Tauros|Intimidate|boost
|-unboost|p2a: Garchomp|atk|1
|-unboost|p2b: Dragonite|atk|1
|-fieldstart|move: Grassy Terrain|[from] ability: Grassy Surge|[of] p1a: Rillaboom
|-enditem|p1b: Tauros|Grassy Seed
|-boost|p1b: Tauros|def|1|[from] item: Grassy Seed
|turn|1
|inactive|Mareancm has 30 seconds left.
|
|t:|1755365158
|switch|p2a: Incineroar|Incineroar, L50, M, shiny|100/100
|-ability|p2a: Incineroar|Intimidate|boost
|-unboost|p1a: Rillaboom|atk|1
|-unboost|p1b: Tauros|atk|1
|switch|p1a: Kingambit|Kingambit, L50, F|100/100
|move|p2b: Dragonite|Protect|p2b: Dragonite
|-singleturn|p2b: Dragonite|Protect
|move|p1b: Tauros|Body Press|p2a: Incineroar
|-supereffective|p2a: Incineroar
|-damage|p2a: Incineroar|0 fnt
|faint|p2a: Incineroar
|
|upkeep
|
|t:|1755365169
|switch|p2a: Garchomp|Garchomp, L50, M, shiny|100/100
|turn|2
|
|t:|1755365187
|-terastallize|p2b: Dragonite|Flying
|-terastallize|p1a: Kingambit|Ghost
|move|p2a: Garchomp|Stomping Tantrum|p1a: Kingambit
|-damage|p1a: Kingambit|63/100
|-damage|p2a: Garchomp|91/100|[from] item: Life Orb
|move|p1b: Tauros|Body Press|p2a: Garchomp
|-damage|p2a: Garchomp|31/100
|-damage|p1b: Tauros|88/100|[from] ability: Rough Skin|[of] p2a: Garchomp
|move|p2b: Dragonite|Tera Blast|p1a: Kingambit|[anim] Tera Blast Flying
|-damage|p1a: Kingambit|32/100
|move|p1a: Kingambit|Swords Dance|p1a: Kingambit
|-boost|p1a: Kingambit|atk|2
|
|-heal|p2a: Garchomp|37/100|[from] Grassy Terrain
|-heal|p1b: Tauros|94/100|[from] Grassy Terrain
|-heal|p1a: Kingambit|38/100|[from] Grassy Terrain
|upkeep
|turn|3
|
|t:|1755365207
|switch|p2b: Ninetales|Ninetales-Alola, L50, F, shiny|100/100
|-weather|Snowscape|[from] ability: Snow Warning|[of] p2b: Ninetales
|move|p2a: Garchomp|Protect|p2a: Garchomp
|-singleturn|p2a: Garchomp|Protect
|move|p1b: Tauros|Aqua Jet|p2b: Ninetales
|-damage|p2b: Ninetales|90/100
|move|p1a: Kingambit|Sucker Punch||[still]
|-fail|p1a: Kingambit
|
|-weather|Snowscape|[upkeep]
|-heal|p2b: Ninetales|96/100|[from] Grassy Terrain
|-heal|p2a: Garchomp|43/100|[from] Grassy Terrain
|-heal|p1b: Tauros|99/100|[from] Grassy Terrain
|-heal|p1a: Kingambit|44/100|[from] Grassy Terrain
|upkeep
|turn|4
|
|t:|1755365234
|switch|p2a: Dragonite|Dragonite, L50, F, tera:Flying|100/100
|move|p1a: Kingambit|Protect|p1a: Kingambit
|-singleturn|p1a: Kingambit|Protect
|move|p2b: Ninetales|Blizzard|p1b: Tauros|[spread] p1b
|-activate|p1a: Kingambit|move: Protect
|-resisted|p1b: Tauros
|-damage|p1b: Tauros|77/100
|move|p1b: Tauros|Body Press|p2b: Ninetales
|-damage|p2b: Ninetales|40/100
|
|-weather|Snowscape|[upkeep]
|-heal|p2b: Ninetales|46/100|[from] Grassy Terrain
|-heal|p1b: Tauros|83/100|[from] Grassy Terrain
|-heal|p1a: Kingambit|50/100|[from] Grassy Terrain
|upkeep
|turn|5
|
|t:|1755365252
|move|p1b: Tauros|Protect|p1b: Tauros
|-singleturn|p1b: Tauros|Protect
|move|p2b: Ninetales|Encore|p1a: Kingambit
|-start|p1a: Kingambit|Encore
|move|p2a: Dragonite|Tera Blast|p1b: Tauros|[anim] Tera Blast Flying
|-activate|p1b: Tauros|move: Protect
|move|p1a: Kingambit|Protect||[still]
|-fail|p1a: Kingambit
|
|-weather|Snowscape|[upkeep]
|-heal|p2b: Ninetales|52/100|[from] Grassy Terrain
|-heal|p1b: Tauros|88/100|[from] Grassy Terrain
|-heal|p1a: Kingambit|56/100|[from] Grassy Terrain
|-fieldend|move: Grassy Terrain
|upkeep
|turn|6
|inactive|snailboss has 30 seconds left.
|
|t:|1755365279
|switch|p1a: Volcarona|Volcarona, L50, F|100/100
|move|p1b: Tauros|Aqua Jet|p2a: Dragonite
|-damage|p2a: Dragonite|96/100
|move|p2b: Ninetales|Encore|p1b: Tauros
|-start|p1b: Tauros|Encore
|move|p2a: Dragonite|Tera Blast|p1a: Volcarona|[anim] Tera Blast Flying
|-supereffective|p1a: Volcarona
|-damage|p1a: Volcarona|0 fnt
|faint|p1a: Volcarona
|
|-weather|Snowscape|[upkeep]
|upkeep
|
|t:|1755365289
|switch|p1a: Kingambit|Kingambit, L50, F, tera:Ghost|56/100
|turn|7
|
|t:|1755365302
|switch|p1b: Rillaboom|Rillaboom, L50, M|100/100
|-fieldstart|move: Grassy Terrain|[from] ability: Grassy Surge|[of] p1b: Rillaboom
|move|p2b: Ninetales|Blizzard|p1a: Kingambit|[spread] p1a,p1b
|-supereffective|p1b: Rillaboom
|-crit|p1b: Rillaboom
|-damage|p1a: Kingambit|24/100
|-damage|p1b: Rillaboom|24/100
|move|p2a: Dragonite|Tera Blast|p1b: Rillaboom|[anim] Tera Blast Flying
|-supereffective|p1b: Rillaboom
|-damage|p1b: Rillaboom|0 fnt
|faint|p1b: Rillaboom
|move|p1a: Kingambit|Kowtow Cleave|p2a: Dragonite
|-damage|p2a: Dragonite|40/100
|
|-weather|none
|-heal|p2b: Ninetales|58/100|[from] Grassy Terrain
|-heal|p1a: Kingambit|30/100|[from] Grassy Terrain
|upkeep
|
|t:|1755365313
|switch|p1b: Tauros|Tauros-Paldea-Aqua, L50, M|88/100
|-ability|p1b: Tauros|Intimidate|boost
|-unboost|p2a: Dragonite|atk|1
|-unboost|p2b: Ninetales|atk|1
|turn|8
|
|t:|1755365328
|switch|p2a: Garchomp|Garchomp, L50, M, shiny|43/100
|move|p1a: Kingambit|Sucker Punch||[still]
|-fail|p1a: Kingambit
|move|p2b: Ninetales|Encore|p1a: Kingambit
|-start|p1a: Kingambit|Encore
|move|p1b: Tauros|Body Press|p2b: Ninetales
|-damage|p2b: Ninetales|0 fnt
|faint|p2b: Ninetales
|
|-heal|p2a: Garchomp|49/100|[from] Grassy Terrain
|-heal|p1b: Tauros|94/100|[from] Grassy Terrain
|-heal|p1a: Kingambit|36/100|[from] Grassy Terrain
|upkeep
|
|t:|1755365334
|switch|p2b: Dragonite|Dragonite, L50, F, tera:Flying|40/100
|turn|9
|
|t:|1755365345
|move|p2b: Dragonite|Protect|p2b: Dragonite
|-singleturn|p2b: Dragonite|Protect
|move|p1a: Kingambit|Sucker Punch||[still]
|-fail|p1a: Kingambit
|move|p2a: Garchomp|Stomping Tantrum|p1a: Kingambit
|-damage|p1a: Kingambit|0 fnt
|faint|p1a: Kingambit
|-damage|p2a: Garchomp|40/100|[from] item: Life Orb
|move|p1b: Tauros|Body Press|p2a: Garchomp
|-damage|p2a: Garchomp|0 fnt
|-damage|p1b: Tauros|82/100|[from] ability: Rough Skin|[of] p2a: Garchomp
|faint|p2a: Garchomp
|
|-heal|p1b: Tauros|88/100|[from] Grassy Terrain
|upkeep
|turn|10
|
|t:|1755365357
|move|p1b: Tauros|Protect|p1b: Tauros
|-singleturn|p1b: Tauros|Protect
|move|p2b: Dragonite|Tera Blast|p1b: Tauros|[anim] Tera Blast Flying
|-activate|p1b: Tauros|move: Protect
|
|-heal|p1b: Tauros|93/100|[from] Grassy Terrain
|upkeep
|turn|11
|
|t:|1755365364
|move|p1b: Tauros|Wave Crash|p2b: Dragonite
|-damage|p2b: Dragonite|0 fnt
|faint|p2b: Dragonite
|-damage|p1b: Tauros|78/100|[from] Recoil
|
|win|snailboss
|raw|snailboss's rating: 1261 → 1293(+32 for winning)
|raw|Mareancm's rating: 1366 → 1340(-26 for losing)
