|j|☆iwillbeausername
|j|☆VenuDaAscoInRain
|html|iwillbeausernameVenuDaAscoInRain    
|uhtml|bestof|Game 1 of a best-of-3
|t:|1783114300
|gametype|doubles
|player|p1|iwillbeausername|101|1084
|player|p2|VenuDaAscoInRain|li|1177
|gen|9
|tier|[Gen 9 Champions] VGC 2026 Reg M-B (Bo3)
|rated|
|rule|Species Clause: Limit one of each Pokémon
|rule|Item Clause: Limit 1 of each item
|clearpoke
|poke|p1|Froslass, L50, F|
|poke|p1|Lopunny, L50, M|
|poke|p1|Ceruledge, L50, F|
|poke|p1|Garchomp, L50, M|
|poke|p1|Farigiraf, L50, F|
|poke|p1|Incineroar, L50, M|
|poke|p2|Charizard, L50, M, shiny|
|poke|p2|Farigiraf, L50, M, shiny|
|poke|p2|Kingambit, L50, M, shiny|
|poke|p2|Sylveon, L50, M, shiny|
|poke|p2|Aerodactyl, L50, M, shiny|
|poke|p2|Garchomp, L50, M, shiny|
|teampreview|4
|showteam|p1|Froslass||Froslassite|SnowCloak|Blizzard,ShadowBall,AuroraVeil,Protect|Timid||F|||50|]Lopunny||Lopunnite|CuteCharm|FakeOut,CloseCombat,Encore,TripleAxel|Jolly||M|||50|]Ceruledge||Leftovers|FlashFire|BulkUp,BitterBlade,ShadowSneak,Protect|Jolly||F|||50|]Garchomp||LifeOrb|RoughSkin|Earthquake,StompingTantrum,RockSlide,Protect|Adamant||M|||50|]Farigiraf||SitrusBerry|ArmorTail|TrickRoom,Roar,Psychic,Thunderbolt|Modest||F|||50|]Incineroar||PasshoBerry|Intimidate|FakeOut,PartingShot,FlareBlitz,ThroatChop|Careful||M|||50|
|showteam|p2|Charizard||CharizarditeY|SolarPower|Protect,WeatherBall,HeatWave,SolarBeam|Modest||M|||50|]Farigiraf||ExpertBelt|ArmorTail|HelpingHand,TwinBeam,Thunderbolt,TrickRoom|Bold||M|||50|]Kingambit||FocusSash|Defiant|KowtowCleave,SuckerPunch,IronHead,LowKick|Adamant||M|||50|]Sylveon||FairyFeather|Pixilate|Detect,HyperVoice,HyperBeam,QuickAttack|Modest||M|||50|]Aerodactyl||Aerodactylite|Unnerve|IceFang,RockSlide,DualWingbeat,Tailwind|Jolly||M|||50|]Garchomp||LifeOrb|RoughSkin|Protect,RockSlide,DragonClaw,Earthquake|Adamant||M|||50|
|inactive|Battle timer is ON: inactive players will automatically lose when time's up. (requested by VenuDaAscoInRain)
|inactive|VenuDaAscoInRain has 60 seconds left.
|
|t:|1783114340
|teamsize|p1|4
|teamsize|p2|4
|start
|switch|p1a: Lopunny|Lopunny, L50, M|100/100
|switch|p1b: Garchomp|Garchomp, L50, M|100/100
|switch|p2a: Charizard|Charizard, L50, M, shiny|100/100
|switch|p2b: Kingambit|Kingambit, L50, M, shiny|100/100
|turn|1
|
|t:|1783114365
|switch|p2a: Sylveon|Sylveon, L50, M, shiny|100/100
|detailschange|p1a: Lopunny|Lopunny-Mega, L50, M
|-mega|p1a: Lopunny|Lopunny|Lopunnite
|move|p1a: Lopunny|Fake Out|p2a: Sylveon
|-damage|p2a: Sylveon|74/100
|move|p1b: Garchomp|Stomping Tantrum|p2b: Kingambit
|-supereffective|p2b: Kingambit|1
|-damage|p2b: Kingambit|2/100
|-damage|p1b: Garchomp|90/100|[from] item: Life Orb
|move|p2b: Kingambit|Low Kick|p1a: Lopunny
|-supereffective|p1a: Lopunny|1
|-damage|p1a: Lopunny|30/100
|
|upkeep
|turn|2
|
|t:|1783114392
|switch|p1a: Incineroar|Incineroar, L50, M|100/100
|-ability|p1a: Incineroar|Intimidate|boost
|-unboost|p2a: Sylveon|atk|1
|-unboost|p2b: Kingambit|atk|1
|-ability|p2b: Kingambit|Defiant|boost
|-boost|p2b: Kingambit|atk|2
|move|p2b: Kingambit|Sucker Punch|p1b: Garchomp
|-damage|p1b: Garchomp|23/100
|-damage|p2b: Kingambit|0 fnt|[from] ability: Rough Skin|[of] p1b: Garchomp
|faint|p2b: Kingambit
|move|p2a: Sylveon|Quick Attack|p1a: Incineroar
|-damage|p1a: Incineroar|92/100
|move|p1b: Garchomp|Rock Slide|p2a: Sylveon
|-damage|p2a: Sylveon|34/100
|-damage|p1b: Garchomp|13/100|[from] item: Life Orb
|
|upkeep
|
|t:|1783114398
|switch|p2b: Aerodactyl|Aerodactyl, L50, M, shiny|100/100
|-ability|p2b: Aerodactyl|Unnerve
|turn|3
|inactive|iwillbeausername has 30 seconds left.
|
|t:|1783114431
|detailschange|p2b: Aerodactyl|Aerodactyl-Mega, L50, M, shiny
|-mega|p2b: Aerodactyl|Aerodactyl|Aerodactylite
|move|p2a: Sylveon|Detect|p2a: Sylveon
|-singleturn|p2a: Sylveon|Protect
|move|p2b: Aerodactyl|Rock Slide|p1b: Garchomp|[spread] p1a,p1b
|-supereffective|p1a: Incineroar|1
|-resisted|p1b: Garchomp|1
|-damage|p1a: Incineroar|48/100
|-damage|p1b: Garchomp|0 fnt
|faint|p1b: Garchomp
|move|p1a: Incineroar|Flare Blitz|p2a: Sylveon
|-activate|p2a: Sylveon|move: Protect
|
|upkeep
|
|t:|1783114440
|switch|p1b: Lopunny|Lopunny-Mega, L50, M|30/100
|turn|4
|inactive|iwillbeausername has 30 seconds left.
|inactive|iwillbeausername has 20 seconds left.
|inactive|iwillbeausername has 15 seconds left.
|
|t:|1783114482
|move|p1b: Lopunny|Fake Out|p2b: Aerodactyl
|-resisted|p2b: Aerodactyl|1
|-damage|p2b: Aerodactyl|87/100
|cant|p2b: Aerodactyl|flinch
|move|p2a: Sylveon|Hyper Voice|p1a: Incineroar|[spread] p1a,p1b
|-supereffective|p1b: Lopunny|1
|-damage|p1a: Incineroar|4/100
|-damage|p1b: Lopunny|0 fnt
|faint|p1b: Lopunny
|move|p1a: Incineroar|Flare Blitz|p2a: Sylveon
|-damage|p2a: Sylveon|0 fnt
|faint|p2a: Sylveon
|-damage|p1a: Incineroar|0 fnt|[from] Recoil
|faint|p1a: Incineroar
|
|upkeep
|
|t:|1783114491
|switch|p1b: Ceruledge|Ceruledge, L50, F|100/100
|switch|p2a: Charizard|Charizard, L50, M, shiny|100/100
|turn|5
|
|t:|1783114497
|move|p1b: Ceruledge|Protect|p1b: Ceruledge
|-singleturn|p1b: Ceruledge|Protect
|move|p2b: Aerodactyl|Rock Slide|p1b: Ceruledge
|-activate|p1b: Ceruledge|move: Protect
|move|p2a: Charizard|Solar Beam||[still]
|-prepare|p2a: Charizard|Solar Beam
|
|upkeep
|turn|6
|
|t:|1783114501
|move|p2b: Aerodactyl|Rock Slide|p1b: Ceruledge
|-supereffective|p1b: Ceruledge|1
|-damage|p1b: Ceruledge|12/100
|move|p2a: Charizard|Solar Beam|p1b: Ceruledge|[from] lockedmove
|-resisted|p1b: Ceruledge|1
|-damage|p1b: Ceruledge|0 fnt
|faint|p1b: Ceruledge
|
|win|VenuDaAscoInRain
