|j|☆waveniki
|j|☆ReggioVGC
|html|wavenikiReggioVGC    
|uhtml|bestof|Game 2 of a best-of-3
|t:|1756669158
|gametype|doubles
|player|p1|waveniki|clerk|1175
|player|p2|ReggioVGC|lucas|1054
|gen|9
|tier|[Gen 9] VGC 2025 Reg H (Bo3)
|rated|
|rule|Species Clause: Limit one of each Pokémon
|rule|Item Clause: Limit 1 of each item
|clearpoke
|poke|p1|Incineroar, L50, F|
|poke|p1|Amoonguss, L50, M|
|poke|p1|Ursaluna-Bloodmoon, L50, M|
|poke|p1|Dragonite, L50, F|
|poke|p1|Sneasler, L50, F|
|poke|p1|Gholdengo, L50|
|poke|p2|Ursaluna, L50, M|
|poke|p2|Kilowattrel, L50, F|
|poke|p2|Gholdengo, L50|
|poke|p2|Incineroar, L50, M|
|poke|p2|Amoonguss, L50, F|
|poke|p2|Porygon2, L50|
|teampreview|4
|showteam|p1|Incineroar||SafetyGoggles|Intimidate|FlareBlitz,KnockOff,FakeOut,PartingShot|||F|||50|,,,,,Ghost]Amoonguss||SitrusBerry|Regenerator|PollenPuff,Spore,RagePowder,Protect|||M|||50|,,,,,Psychic]Ursaluna-Bloodmoon||AssaultVest|MindsEye|HyperVoice,BloodMoon,EarthPower,VacuumWave|||M|||50|,,,,,Water]Dragonite||LoadedDice|Multiscale|ScaleShot,Tailwind,Haze,Protect|||F|||50|,,,,,Fairy]Sneasler||FocusSash|Unburden|CloseCombat,DireClaw,ThroatChop,Protect|||F|||50|,,,,,Stellar]Gholdengo||LifeOrb|GoodasGold|MakeItRain,ShadowBall,NastyPlot,Protect||||||50|,,,,,Water
|showteam|p2|Ursaluna||FlameOrb|Guts|Facade,HeadlongRush,Earthquake,Protect|||M|||50|,,,,,Fairy]Kilowattrel||FocusSash|Competitive|Thunderbolt,AirSlash,Tailwind,Protect|||F|||50|,,,,,Ghost]Gholdengo||LifeOrb|GoodasGold|MakeItRain,ShadowBall,NastyPlot,Protect||||||50|,,,,,Flying]Incineroar||AssaultVest|Intimidate|KnockOff,FlareBlitz,Uturn,FakeOut|||M|||50|,,,,,Grass]Amoonguss||SitrusBerry|Regenerator|Spore,RagePowder,SludgeBomb,Protect|||F|||50|,,,,,Water]Porygon2||Eviolite|Download|TeraBlast,IceBeam,Recover,TrickRoom||||||50|,,,,,Fighting
|inactive|Battle timer is ON: inactive players will automatically lose when time's up. (requested by waveniki)
|inactive|waveniki has 60 seconds left.
|inactive|ReggioVGC has 60 seconds left.
|inactive|ReggioVGC has 30 seconds left.
|
|t:|1756669227
|teamsize|p1|4
|teamsize|p2|4
|start
|switch|p1a: Dragonite|Dragonite, L50, F|100/100
|switch|p1b: Amoonguss|Amoonguss, L50, M|100/100
|switch|p2a: Mr Worldwide|Gholdengo, L50|100/100
|switch|p2b: Pumpy the Grumpy|Incineroar, L50, M, shiny|100/100
|-ability|p2b: Pumpy the Grumpy|Intimidate|boost
|-unboost|p1a: Dragonite|atk|1
|-unboost|p1b: Amoonguss|atk|1
|turn|1
|inactive|waveniki has 30 seconds left.
|inactive|ReggioVGC has 30 seconds left.
|inactive|waveniki has 20 seconds left.
|inactive|ReggioVGC has 20 seconds left.
|
|t:|1756669267
|move|p2a: Mr Worldwide|Make It Rain|p1b: Amoonguss|[spread] p1a,p1b
|-damage|p1a: Dragonite|71/100
|-damage|p1b: Amoonguss|51/100
|-unboost|p2a: Mr Worldwide|spa|1
|-damage|p2a: Mr Worldwide|91/100|[from] item: Life Orb
|move|p1a: Dragonite|Tailwind|p1a: Dragonite
|-sidestart|p1: waveniki|move: Tailwind
|move|p1b: Amoonguss|Spore|p2b: Pumpy the Grumpy
|-status|p2b: Pumpy the Grumpy|slp|[from] move: Spore
|cant|p2b: Pumpy the Grumpy|slp
|
|upkeep
|turn|2
|
|t:|1756669281
|move|p2a: Mr Worldwide|Protect|p2a: Mr Worldwide
|-singleturn|p2a: Mr Worldwide|Protect
|move|p1a: Dragonite|Scale Shot|p2a: Mr Worldwide
|-activate|p2a: Mr Worldwide|move: Protect
|move|p1b: Amoonguss|Pollen Puff|p1a: Dragonite
|-heal|p1a: Dragonite|100/100
|cant|p2b: Pumpy the Grumpy|slp
|
|upkeep
|turn|3
|
|t:|1756669297
|switch|p2a: 뽀록나|Amoonguss, L50, F, shiny|100/100
|switch|p1b: Incineroar|Incineroar, L50, F|100/100
|-ability|p1b: Incineroar|Intimidate|boost
|-unboost|p2a: 뽀록나|atk|1
|-unboost|p2b: Pumpy the Grumpy|atk|1
|move|p1a: Dragonite|Scale Shot|p2b: Pumpy the Grumpy
|-damage|p2b: Pumpy the Grumpy|91/100 slp
|-damage|p2b: Pumpy the Grumpy|81/100 slp
|-damage|p2b: Pumpy the Grumpy|70/100 slp
|-damage|p2b: Pumpy the Grumpy|60/100 slp
|-damage|p2b: Pumpy the Grumpy|51/100 slp
|-hitcount|p2b: Pumpy the Grumpy|5
|-unboost|p1a: Dragonite|def|1
|-boost|p1a: Dragonite|spe|1
|-curestatus|p2b: Pumpy the Grumpy|slp|[msg]
|move|p2b: Pumpy the Grumpy|Flare Blitz|p1b: Incineroar
|-resisted|p1b: Incineroar
|-damage|p1b: Incineroar|82/100
|-damage|p2b: Pumpy the Grumpy|45/100|[from] Recoil
|
|upkeep
|turn|4
|inactive|ReggioVGC has 30 seconds left.
|inactive|ReggioVGC has 20 seconds left.
|
|t:|1756669334
|switch|p2b: Dinko|Ursaluna, L50, M|100/100
|-terastallize|p2a: 뽀록나|Water
|move|p1b: Incineroar|Fake Out|p2a: 뽀록나
|-damage|p2a: 뽀록나|89/100
|move|p1a: Dragonite|Scale Shot|p2a: 뽀록나
|-damage|p2a: 뽀록나|81/100
|-damage|p2a: 뽀록나|73/100
|-damage|p2a: 뽀록나|65/100
|-damage|p2a: 뽀록나|56/100
|-damage|p2a: 뽀록나|48/100
|-enditem|p2a: 뽀록나|Sitrus Berry|[eat]
|-heal|p2a: 뽀록나|73/100|[from] item: Sitrus Berry
|-hitcount|p2a: 뽀록나|5
|-unboost|p1a: Dragonite|def|1
|-boost|p1a: Dragonite|spe|1
|cant|p2a: 뽀록나|flinch
|
|-sideend|p1: waveniki|move: Tailwind
|-status|p2b: Dinko|brn|[from] item: Flame Orb
|upkeep
|turn|5
|
|t:|1756669352
|switch|p1a: Amoonguss|Amoonguss, L50, M|84/100
|switch|p2a: Pumpy the Grumpy|Incineroar, L50, M, shiny|45/100
|-ability|p2a: Pumpy the Grumpy|Intimidate|boost
|-unboost|p1a: Amoonguss|atk|1
|-unboost|p1b: Incineroar|atk|1
|move|p1b: Incineroar|Parting Shot|p2b: Dinko
|-unboost|p2b: Dinko|atk|1
|-unboost|p2b: Dinko|spa|1
|
|t:|1756669361
|switch|p1b: Dragonite|Dragonite, L50, F|100/100|[from] Parting Shot
|move|p2b: Dinko|Facade|p1a: Amoonguss
|-damage|p1a: Amoonguss|7/100
|-enditem|p1a: Amoonguss|Sitrus Berry|[eat]
|-heal|p1a: Amoonguss|32/100|[from] item: Sitrus Berry
|
|-damage|p2b: Dinko|95/100 brn|[from] brn
|upkeep
|turn|6
|
|t:|1756669385
|switch|p1a: Incineroar|Incineroar, L50, F|82/100
|-ability|p1a: Incineroar|Intimidate|boost
|-unboost|p2a: Pumpy the Grumpy|atk|1
|-unboost|p2b: Dinko|atk|1
|move|p2a: Pumpy the Grumpy|Fake Out|p1b: Dragonite
|-damage|p1b: Dragonite|95/100
|cant|p1b: Dragonite|flinch
|move|p2b: Dinko|Facade|p1a: Incineroar
|-damage|p1a: Incineroar|14/100
|
|-damage|p2b: Dinko|89/100 brn|[from] brn
|upkeep
|turn|7
|inactive|ReggioVGC has 30 seconds left.
|inactive|ReggioVGC has 20 seconds left.
|
|t:|1756669425
|switch|p2b: 뽀록나|Amoonguss, L50, F, shiny, tera:Water|100/100
|move|p1b: Dragonite|Scale Shot|p2a: Pumpy the Grumpy|[miss]
|-miss|p1b: Dragonite|p2a: Pumpy the Grumpy
|move|p1a: Incineroar|Knock Off|p2a: Pumpy the Grumpy
|-resisted|p2a: Pumpy the Grumpy
|-damage|p2a: Pumpy the Grumpy|25/100
|-enditem|p2a: Pumpy the Grumpy|Assault Vest|[from] move: Knock Off|[of] p1a: Incineroar
|move|p2a: Pumpy the Grumpy|U-turn|p1a: Incineroar
|-damage|p1a: Incineroar|0 fnt
|faint|p1a: Incineroar
|
|t:|1756669439
|switch|p2a: Dinko|Ursaluna, L50, M|89/100 brn|[from] U-turn
|
|-damage|p2a: Dinko|83/100 brn|[from] brn
|upkeep
|
|t:|1756669446
|switch|p1a: Gholdengo|Gholdengo, L50|100/100
|turn|8
|inactive|waveniki has 30 seconds left.
|inactive|ReggioVGC has 30 seconds left.
|inactive|ReggioVGC has 20 seconds left.
|inactive|ReggioVGC has 15 seconds left.
|inactive|ReggioVGC has 10 seconds left.
|
|t:|1756669494
|move|p2a: Dinko|Protect|p2a: Dinko
|-singleturn|p2a: Dinko|Protect
|move|p1a: Gholdengo|Make It Rain|p2a: Dinko|[spread] p2b
|-activate|p2a: Dinko|move: Protect
|-resisted|p2b: 뽀록나
|-damage|p2b: 뽀록나|76/100
|-unboost|p1a: Gholdengo|spa|1
|-damage|p1a: Gholdengo|91/100|[from] item: Life Orb
|move|p1b: Dragonite|Scale Shot|p2a: Dinko
|-activate|p2a: Dinko|move: Protect
|move|p2b: 뽀록나|Spore|p1b: Dragonite
|-status|p1b: Dragonite|slp|[from] move: Spore
|
|-damage|p2a: Dinko|77/100 brn|[from] brn
|upkeep
|turn|9
|-message|waveniki forfeited.
|
|win|ReggioVGC
||waveniki is ready for game 3.
||ReggioVGC is ready for game 3.
|uhtml|next|Next: Game 3 of 3
