|j|☆TylerLiwan5
|j|☆entei enthusiast
|html|TylerLiwan5entei enthusiast    
|uhtml|bestof|Game 1 of a best-of-3
|t:|1783907433
|gametype|doubles
|player|p1|TylerLiwan5|102|1140
|player|p2|entei enthusiast|kamado-armor|1177
|gen|9
|tier|[Gen 9 Champions] VGC 2026 Reg M-B (Bo3)
|rated|
|rule|Species Clause: Limit one of each Pokémon
|rule|Item Clause: Limit 1 of each item
|clearpoke
|poke|p1|Staraptor, L50, M|
|poke|p1|Whimsicott, L50, M, shiny|
|poke|p1|Ceruledge, L50, F|
|poke|p1|Farigiraf, L50, F|
|poke|p1|Garchomp, L50, F|
|poke|p1|Metagross, L50, shiny|
|poke|p2|Floette-Eternal, L50, F|
|poke|p2|Palafin, L50, F, shiny|
|poke|p2|Kingambit, L50, F|
|poke|p2|Sneasler, L50, M|
|poke|p2|Incineroar, L50, F|
|poke|p2|Aerodactyl, L50, M|
|teampreview|4
|showteam|p1|Staraptor||Staraptite|Intimidate|CloseCombat,BraveBird,Protect,Roost|Jolly||M|||50|]Whimsicott||FocusSash|Prankster|Tailwind,Moonblast,Charm,Encore|Timid||M|||50|]Ceruledge||ColburBerry|FlashFire|BitterBlade,ShadowSneak,BulkUp,Protect|Adamant||F|||50|]Farigiraf||SitrusBerry|ArmorTail|HelpingHand,Psychic,Thunderbolt,TrickRoom|Calm||F|||50|]Garchomp||LifeOrb|RoughSkin|DragonClaw,StompingTantrum,RockSlide,Protect|Jolly||F|||50|]Metagross||Metagrossite|ClearBody|IronHead,PsychicFangs,StompingTantrum,Protect|Adamant|||||50|
|showteam|p2|Floette-Eternal||Floettite|FlowerVeil|DazzlingGleam,DrainingKiss,CalmMind,Protect|Modest||F|||50|]Palafin||Leftovers|ZerotoHero|WaveCrash,JetPunch,BulkUp,Protect|Adamant||F|||50|]Kingambit||BlackGlasses|Defiant|KowtowCleave,SuckerPunch,SwordsDance,Protect|Adamant||F|||50|]Sneasler||FocusSash|Unburden|CloseCombat,DireClaw,FakeOut,Coaching|Jolly||M|||50|]Incineroar||SitrusBerry|Intimidate|FlareBlitz,FakeOut,DarkestLariat,PartingShot|Careful||F|||50|]Aerodactyl||Aerodactylite|Unnerve|RockSlide,DualWingbeat,IceFang,Protect|Jolly||M|||50|
|inactive|Battle timer is ON: inactive players will automatically lose when time's up. (requested by entei enthusiast)
|inactive|TylerLiwan5 also wants the timer to be on.
|inactive|TylerLiwan5 has 60 seconds left.
|inactive|entei enthusiast has 60 seconds left.
|inactive|TylerLiwan5 has 30 seconds left.
|inactive|entei enthusiast has 30 seconds left.
|inactive|TylerLiwan5 has 20 seconds left.
|inactive|TylerLiwan5 has 15 seconds left.
|inactive|TylerLiwan5 has 10 seconds left.
|inactive|TylerLiwan5 has 5 seconds left.
|
|t:|1783907522
|teamsize|p1|4
|teamsize|p2|4
|start
|switch|p1a: Farigiraf|Farigiraf, L50, F|100/100
|switch|p1b: Ceruledge|Ceruledge, L50, F|100/100
|switch|p2a: Palafin|Palafin, L50, F, shiny|100/100
|switch|p2b: Floette|Floette-Eternal, L50, F|100/100
|turn|1
|
|t:|1783907532
|detailschange|p2a: Palafin|Palafin-Hero, L50, F, shiny
|switch|p2a: Incineroar|Incineroar, L50, F|100/100
|-ability|p2a: Incineroar|Intimidate|boost
|-unboost|p1a: Farigiraf|atk|1
|-unboost|p1b: Ceruledge|atk|1
|detailschange|p2b: Floette|Floette-Mega, L50, F
|-mega|p2b: Floette|Floette|Floettite
|-ability|p2b: Floette|Fairy Aura
|move|p1b: Ceruledge|Protect|p1b: Ceruledge
|-singleturn|p1b: Ceruledge|Protect
|move|p2b: Floette|Calm Mind|p2b: Floette
|-boost|p2b: Floette|spa|1
|-boost|p2b: Floette|spd|1
|move|p1a: Farigiraf|Trick Room|p1a: Farigiraf
|-fieldstart|move: Trick Room|[of] p1a: Farigiraf
|
|upkeep
|turn|2
|inactive|TylerLiwan5 has 30 seconds left.
|inactive|TylerLiwan5 has 20 seconds left.
|inactive|TylerLiwan5 has 15 seconds left.
|inactive|TylerLiwan5 has 10 seconds left.
|
|t:|1783907580
|move|p1a: Farigiraf|Helping Hand|p1b: Ceruledge
|-singleturn|p1b: Ceruledge|Helping Hand|[of] p1a: Farigiraf
|move|p2a: Incineroar|Parting Shot|p1b: Ceruledge
|-unboost|p1b: Ceruledge|atk|1
|-unboost|p1b: Ceruledge|spa|1
|
|t:|1783907585
|switch|p2a: Palafin|Palafin-Hero, L50, F, shiny|100/100|[from] Parting Shot
|-activate|p2a: Palafin|ability: Zero to Hero
|move|p1b: Ceruledge|Bitter Blade|p2b: Floette
|-damage|p2b: Floette|64/100
|move|p2b: Floette|Dazzling Gleam|p1a: Farigiraf|[spread] p1a,p1b
|-resisted|p1b: Ceruledge|1
|-damage|p1a: Farigiraf|49/100
|-damage|p1b: Ceruledge|68/100
|-enditem|p1a: Farigiraf|Sitrus Berry|[eat]
|-heal|p1a: Farigiraf|74/100|[from] item: Sitrus Berry
|
|upkeep
|turn|3
|
|t:|1783907599
|switch|p1a: Metagross|Metagross, L50, shiny|100/100
|move|p1b: Ceruledge|Protect|p1b: Ceruledge
|-singleturn|p1b: Ceruledge|Protect
|move|p2a: Palafin|Bulk Up|p2a: Palafin
|-boost|p2a: Palafin|atk|1
|-boost|p2a: Palafin|def|1
|move|p2b: Floette|Draining Kiss|p1a: Metagross
|-resisted|p1a: Metagross|1
|-damage|p1a: Metagross|66/100
|-heal|p2b: Floette|89/100|[from] drain|[of] p1a: Metagross
|
|upkeep
|turn|4
|
|t:|1783907617
|switch|p1b: Garchomp|Garchomp, L50, F|100/100
|move|p1a: Metagross|Iron Head|p2b: Floette
|-supereffective|p2b: Floette|1
|-damage|p2b: Floette|0 fnt
|faint|p2b: Floette
|move|p2a: Palafin|Wave Crash|p1a: Metagross
|-damage|p1a: Metagross|0 fnt
|faint|p1a: Metagross
|-damage|p2a: Palafin|81/100|[from] Recoil
|
|-heal|p2a: Palafin|87/100|[from] item: Leftovers
|upkeep
|
|t:|1783907635
|switch|p1a: Farigiraf|Farigiraf, L50, F|74/100
|switch|p2b: Incineroar|Incineroar, L50, F|100/100
|-ability|p2b: Incineroar|Intimidate|boost
|-unboost|p1a: Farigiraf|atk|1
|-unboost|p1b: Garchomp|atk|1
|turn|5
|
|t:|1783907655
|move|p1b: Garchomp|Protect|p1b: Garchomp
|-singleturn|p1b: Garchomp|Protect
|move|p1a: Farigiraf|Thunderbolt|p2a: Palafin
|-supereffective|p2a: Palafin|1
|-damage|p2a: Palafin|40/100
|move|p2b: Incineroar|Parting Shot|p1b: Garchomp
|-activate|p1b: Garchomp|move: Protect
|move|p2a: Palafin|Wave Crash|p1b: Garchomp
|-activate|p1b: Garchomp|move: Protect
|
|-heal|p2a: Palafin|46/100|[from] item: Leftovers
|-fieldend|move: Trick Room
|upkeep
|turn|6
|inactive|TylerLiwan5 has 30 seconds left.
|inactive|TylerLiwan5 has 20 seconds left.
|
|t:|1783907691
|move|p1a: Farigiraf|Helping Hand|p1b: Garchomp
|-singleturn|p1b: Garchomp|Helping Hand|[of] p1a: Farigiraf
|move|p2a: Palafin|Protect|p2a: Palafin
|-singleturn|p2a: Palafin|Protect
|move|p1b: Garchomp|Dragon Claw|p2a: Palafin
|-activate|p2a: Palafin|move: Protect
|move|p2b: Incineroar|Parting Shot|p1b: Garchomp
|-unboost|p1b: Garchomp|atk|1
|-unboost|p1b: Garchomp|spa|1
|
|t:|1783907693
|switch|p2b: Aerodactyl|Aerodactyl, L50, M|100/100|[from] Parting Shot
|-ability|p2b: Aerodactyl|Unnerve
|
|-heal|p2a: Palafin|52/100|[from] item: Leftovers
|upkeep
|turn|7
|inactive|TylerLiwan5 has 30 seconds left.
|inactive|TylerLiwan5 has 20 seconds left.
|
|t:|1783907731
|move|p1b: Garchomp|Protect|p1b: Garchomp
|-singleturn|p1b: Garchomp|Protect
|move|p2b: Aerodactyl|Ice Fang|p1b: Garchomp
|-activate|p1b: Garchomp|move: Protect
|move|p2a: Palafin|Wave Crash|p1a: Farigiraf
|-damage|p1a: Farigiraf|0 fnt
|faint|p1a: Farigiraf
|-damage|p2a: Palafin|26/100|[from] Recoil
|
|-heal|p2a: Palafin|32/100|[from] item: Leftovers
|upkeep
|
|t:|1783907739
|switch|p1a: Ceruledge|Ceruledge, L50, F|68/100
|turn|8
|
|t:|1783907754
|move|p2a: Palafin|Jet Punch|p1b: Garchomp
|-damage|p1b: Garchomp|36/100
|-damage|p2a: Palafin|20/100r|[from] ability: Rough Skin|[of] p1b: Garchomp
|move|p1a: Ceruledge|Shadow Sneak|p2a: Palafin
|-damage|p2a: Palafin|8/100
|move|p2b: Aerodactyl|Ice Fang|p1b: Garchomp
|-supereffective|p1b: Garchomp|2
|-damage|p1b: Garchomp|0 fnt
|-damage|p2b: Aerodactyl|87/100|[from] ability: Rough Skin|[of] p1b: Garchomp
|faint|p1b: Garchomp
|
|-heal|p2a: Palafin|14/100|[from] item: Leftovers
|upkeep
|turn|9
|
|t:|1783907761
|move|p2a: Palafin|Jet Punch|p1a: Ceruledge
|-supereffective|p1a: Ceruledge|1
|-damage|p1a: Ceruledge|0 fnt
|faint|p1a: Ceruledge
|
|win|entei enthusiast
||entei enthusiast is ready for game 2.
||TylerLiwan5 is ready for game 2.
|uhtml|next|Next: Game 2 of 3
|l|☆TylerLiwan5
|player|p1|
