|j|☆Iceman5687
|j|☆JakAttack101
|html|Iceman5687JakAttack101    
|uhtml|bestof|Game 1 of a best-of-3
|t:|1756410945
|gametype|doubles
|player|p1|Iceman5687|265|1064
|player|p2|JakAttack101|blaine|1018
|gen|9
|tier|[Gen 9] VGC 2025 Reg H (Bo3)
|rated|
|rule|Species Clause: Limit one of each Pokémon
|rule|Item Clause: Limit 1 of each item
|clearpoke
|poke|p1|Ursaluna, L50, M|
|poke|p1|Charizard, L50, M|
|poke|p1|Torkoal, L50, F|
|poke|p1|Incineroar, L50, F|
|poke|p1|Porygon2, L50|
|poke|p1|Jumpluff, L50, M|
|poke|p2|Annihilape, L50, M|
|poke|p2|Ninetales-Alola, L50, M|
|poke|p2|Garchomp, L50, F|
|poke|p2|Dragonite, L50, M|
|poke|p2|Sneasler, L50, M|
|poke|p2|Incineroar, L50, F|
|teampreview|4
|showteam|p1|Ursaluna||FlameOrb|Guts|Facade,HeadlongRush,Earthquake,Protect|||M|||50|,,,,,Ghost]Charizard||ChoiceSpecs|SolarPower|Overheat,WeatherBall,HeatWave,AirSlash|||M|||50|,,,,,Ghost]Torkoal||EjectPack|Drought|Eruption,Overheat,HelpingHand,Protect|||F|||50|,,,,,Fire]Incineroar||SitrusBerry|Intimidate|FakeOut,FlareBlitz,KnockOff,PartingShot|||F|||50|,,,,,Ghost]Porygon2||Eviolite|Download|TeraBlast,IceBeam,Recover,TrickRoom||||||50|,,,,,Fighting]Jumpluff||CovertCloak|Chlorophyll|RagePowder,Tailwind,SleepPowder,SunnyDay|||M|||50|,,,,,Water
|showteam|p2|Annihilape||AssaultVest|Defiant|RageFist,DrainPunch,RockTomb,FinalGambit|||M|||50|,,,,,Fire]Ninetales-Alola||ChoiceSpecs|SnowWarning|Blizzard,Moonblast,FreezeDry,IcyWind|||M|||50|,,,,,Ghost]Garchomp||LifeOrb|RoughSkin|Earthquake,StompingTantrum,DragonClaw,Protect|||F|||50|,,,,,Steel]Dragonite||LoadedDice|Multiscale|ScaleShot,Tailwind,Protect,Haze|||M|||50|,,,,,Fairy]Sneasler||FocusSash|Unburden|CloseCombat,DireClaw,FakeOut,Coaching|||M|||50|,,,,,Ghost]Incineroar||SafetyGoggles|Intimidate|KnockOff,Taunt,FakeOut,PartingShot|||F|||50|,,,,,Fairy
|inactive|Battle timer is ON: inactive players will automatically lose when time's up. (requested by JakAttack101)
|
|t:|1756410977
|teamsize|p1|4
|teamsize|p2|4
|start
|switch|p1a: Jumpluff|Jumpluff, L50, M, shiny|100/100
|switch|p1b: Charizard|Charizard, L50, M, shiny|100/100
|switch|p2a: Sneasler|Sneasler, L50, M, shiny|100/100
|switch|p2b: Incineroar|Incineroar, L50, F, shiny|100/100
|-ability|p2b: Incineroar|Intimidate|boost
|-unboost|p1a: Jumpluff|atk|1
|-unboost|p1b: Charizard|atk|1
|turn|1
|
|t:|1756410996
|switch|p1b: Ursaluna|Ursaluna, L50, M, shiny|100/100
|-terastallize|p1a: Jumpluff|Water
|move|p2a: Sneasler|Dire Claw|p1a: Jumpluff
|-damage|p1a: Jumpluff|51/100
|move|p1a: Jumpluff|Tailwind|p1a: Jumpluff
|-sidestart|p1: Iceman5687|move: Tailwind
|move|p2b: Incineroar|Knock Off|p1b: Ursaluna
|-damage|p1b: Ursaluna|69/100
|-enditem|p1b: Ursaluna|Flame Orb|[from] move: Knock Off|[of] p2b: Incineroar
|
|upkeep
|turn|2
|inactive|Iceman5687 has 30 seconds left.
|inactive|JakAttack101 has 30 seconds left.
|inactive|JakAttack101 has 20 seconds left.
|inactive|JakAttack101 has 15 seconds left.
|inactive|JakAttack101 has 10 seconds left.
|
|t:|1756411041
|-terastallize|p2b: Incineroar|Fairy
|move|p1a: Jumpluff|Sleep Powder|p2a: Sneasler
|-status|p2a: Sneasler|slp|[from] move: Sleep Powder
|cant|p2a: Sneasler|slp
|move|p1b: Ursaluna|Headlong Rush|p2b: Incineroar
|-damage|p2b: Incineroar|35/100
|-unboost|p1b: Ursaluna|def|1
|-unboost|p1b: Ursaluna|spd|1
|move|p2b: Incineroar|Taunt|p1a: Jumpluff
|-start|p1a: Jumpluff|move: Taunt
|
|upkeep
|turn|3
|
|t:|1756411064
|switch|p1a: Charizard|Charizard, L50, M, shiny|100/100
|-curestatus|p2a: Sneasler|slp|[msg]
|move|p2a: Sneasler|Dire Claw|p1a: Charizard
|-damage|p1a: Charizard|36/100
|-status|p1a: Charizard|slp
|move|p1b: Ursaluna|Earthquake|p2a: Sneasler|[spread] p2a,p2b
|-immune|p1a: Charizard
|-supereffective|p2a: Sneasler
|-enditem|p2a: Sneasler|Focus Sash
|-damage|p2a: Sneasler|1/100
|-damage|p2b: Incineroar|0 fnt
|faint|p2b: Incineroar
|
|upkeep
|
|t:|1756411077
|switch|p2b: Dragonite|Dragonite, L50, M, shiny|100/100
|turn|4
|
|t:|1756411091
|switch|p1b: Jumpluff|Jumpluff, L50, M, shiny, tera:Water|51/100
|move|p2a: Sneasler|Dire Claw|p1a: Charizard
|-damage|p1a: Charizard|0 fnt
|faint|p1a: Charizard
|move|p2b: Dragonite|Scale Shot|p1b: Jumpluff
|-damage|p1b: Jumpluff|34/100
|-damage|p1b: Jumpluff|13/100
|-damage|p1b: Jumpluff|0 fnt
|faint|p1b: Jumpluff
|-hitcount|p1: Jumpluff|3
|-unboost|p2b: Dragonite|def|1
|-boost|p2b: Dragonite|spe|1
|
|-sideend|p1: Iceman5687|move: Tailwind
|upkeep
|
|t:|1756411096
|switch|p1b: Ursaluna|Ursaluna, L50, M, shiny|69/100
|switch|p1a: Porygon2|Porygon2, L50, shiny|100/100
|-ability|p1a: Porygon2|Download|boost
|-boost|p1a: Porygon2|atk|1
|turn|5
|
|t:|1756411108
|move|p2a: Sneasler|Close Combat|p1a: Porygon2
|-supereffective|p1a: Porygon2
|-damage|p1a: Porygon2|15/100
|-unboost|p2a: Sneasler|def|1
|-unboost|p2a: Sneasler|spd|1
|move|p2b: Dragonite|Scale Shot|p1a: Porygon2
|-damage|p1a: Porygon2|5/100
|-damage|p1a: Porygon2|0 fnt
|faint|p1a: Porygon2
|-hitcount|p1: Porygon2|2
|-unboost|p2b: Dragonite|def|1
|-boost|p2b: Dragonite|spe|1
|move|p1b: Ursaluna|Facade|p2b: Dragonite
|-damage|p2b: Dragonite|53/100
|
|upkeep
|turn|6
|-message|Iceman5687 forfeited.
|
|win|JakAttack101
|l|☆Iceman5687
|player|p1|
||Iceman5687 is ready for game 2.
||JakAttack101 is ready for game 2.
|uhtml|next|Next: Game 2 of 3
