|j|☆bloodnirvana98
|j|☆endk649
|html|bloodnirvana98endk649    
|uhtml|bestof|Game 1 of a best-of-3
|t:|1756240667
|gametype|doubles
|player|p1|bloodnirvana98|giovanni|1103
|player|p2|endk649|gambler|1178
|gen|9
|tier|[Gen 9] VGC 2025 Reg H (Bo3)
|rated|
|rule|Species Clause: Limit one of each Pokémon
|rule|Item Clause: Limit 1 of each item
|clearpoke
|poke|p1|Dragonite, L50, F|
|poke|p1|Charizard, L50, F|
|poke|p1|Incineroar, L50, F|
|poke|p1|Torkoal, L50, M|
|poke|p1|Jumpluff, L50, M|
|poke|p1|Ursaluna-Bloodmoon, L50, M|
|poke|p2|Feraligatr, L50, M|
|poke|p2|Gholdengo, L50|
|poke|p2|Pelipper, L50, F|
|poke|p2|Amoonguss, L50, M|
|poke|p2|Rillaboom, L50, M|
|poke|p2|Incineroar, L50, M|
|teampreview|4
|showteam|p1|Dragonite||ChoiceBand|InnerFocus|ExtremeSpeed,IceSpinner,RockSlide,ThunderPunch|||F|||50|,,,,,Normal]Charizard||QuickClaw|SolarPower|WeatherBall,HeatWave,Flamethrower,Protect|||F|||50|,,,,,Ghost]Incineroar||AssaultVest|Intimidate|FakeOut,KnockOff,FlareBlitz,Uturn|||F|||50|,,,,,Bug]Torkoal||EjectPack|Drought|Overheat,Eruption,HelpingHand,Protect|||M|||50|,,,,,Fire]Jumpluff||CovertCloak|Chlorophyll|RagePowder,SleepPowder,Tailwind,SunnyDay|||M|||50|,,,,,Water]Ursaluna-Bloodmoon||LifeOrb|MindsEye|HyperVoice,BloodMoon,EarthPower,Protect|||M|||50|,,,,,Normal
|showteam|p2|Feraligatr||LifeOrb|SheerForce|Liquidation,Crunch,DragonDance,Protect|||M|||50|,,,,,Dark]Gholdengo||Leftovers|GoodasGold|MakeItRain,ShadowBall,NastyPlot,Protect||||||50|,,,,,Water]Pelipper||FocusSash|Drizzle|WeatherBall,Hurricane,Tailwind,Protect|||F|||50|,,,,,Stellar]Amoonguss||CovertCloak|Regenerator|PollenPuff,Spore,RagePowder,Protect|||M|||50|,,,,,Water]Rillaboom||AssaultVest|GrassySurge|WoodHammer,GrassyGlide,FakeOut,Uturn|||M|||50|,,,,,Fire]Incineroar||SafetyGoggles|Intimidate|KnockOff,FakeOut,Taunt,PartingShot|||M|||50|,,,,,Ghost
|inactive|Battle timer is ON: inactive players will automatically lose when time's up. (requested by bloodnirvana98)
|inactive|endk649 has 60 seconds left.
|
|t:|1756240712
|teamsize|p1|4
|teamsize|p2|4
|start
|switch|p1a: Jumpluff|Jumpluff, L50, M|100/100
|switch|p1b: Torkoal|Torkoal, L50, M|100/100
|switch|p2a: Rillaboom|Rillaboom, L50, M, shiny|100/100
|switch|p2b: Feraligatr|Feraligatr, L50, M, shiny|100/100
|-fieldstart|move: Grassy Terrain|[from] ability: Grassy Surge|[of] p2a: Rillaboom
|-weather|SunnyDay|[from] ability: Drought|[of] p1b: Torkoal
|turn|1
|
|t:|1756240733
|switch|p2a: Pelipper|Pelipper, L50, F, shiny|100/100
|-weather|RainDance|[from] ability: Drizzle|[of] p2a: Pelipper
|move|p1b: Torkoal|Protect|p1b: Torkoal
|-singleturn|p1b: Torkoal|Protect
|move|p1a: Jumpluff|Sleep Powder|p2b: Feraligatr
|-status|p2b: Feraligatr|slp|[from] move: Sleep Powder
|cant|p2b: Feraligatr|slp
|
|-weather|RainDance|[upkeep]
|upkeep
|turn|2
|inactive|bloodnirvana98 has 30 seconds left.
|inactive|endk649 has 30 seconds left.
|inactive|bloodnirvana98 has 20 seconds left.
|inactive|bloodnirvana98 has 15 seconds left.
|
|t:|1756240775
|switch|p2a: Incineroar|Incineroar, L50, M, shiny|100/100
|-ability|p2a: Incineroar|Intimidate|boost
|-unboost|p1a: Jumpluff|atk|1
|-unboost|p1b: Torkoal|atk|1
|-enditem|p1b: Torkoal|Eject Pack
|
|t:|1756240786
|switch|p1b: Charizard|Charizard, L50, F|100/100
|move|p1a: Jumpluff|Sunny Day|p1a: Jumpluff
|-weather|SunnyDay
|cant|p2b: Feraligatr|slp
|
|-weather|SunnyDay|[upkeep]
|-damage|p1b: Charizard|88/100|[from] ability: Solar Power|[of] p1b: Charizard
|upkeep
|turn|3
|-activate|p1b: Charizard|item: Quick Claw
|
|t:|1756240809
|-terastallize|p1b: Charizard|Ghost
|move|p2a: Incineroar|Fake Out|p1b: Charizard
|-immune|p1b: Charizard
|move|p1a: Jumpluff|Rage Powder|p1a: Jumpluff
|-singleturn|p1a: Jumpluff|move: Rage Powder
|move|p1b: Charizard|Heat Wave|p2b: Feraligatr|[spread] p2a,p2b
|-resisted|p2a: Incineroar
|-resisted|p2b: Feraligatr
|-damage|p2a: Incineroar|70/100
|-damage|p2b: Feraligatr|48/100 slp
|cant|p2b: Feraligatr|slp
|
|-weather|SunnyDay|[upkeep]
|-damage|p1b: Charizard|76/100|[from] ability: Solar Power|[of] p1b: Charizard
|-heal|p1b: Charizard|82/100|[from] Grassy Terrain
|-heal|p2b: Feraligatr|54/100 slp|[from] Grassy Terrain
|-heal|p2a: Incineroar|76/100|[from] Grassy Terrain
|upkeep
|turn|4
|
|t:|1756240828
|move|p1a: Jumpluff|Rage Powder|p1a: Jumpluff
|-singleturn|p1a: Jumpluff|move: Rage Powder
|move|p1b: Charizard|Heat Wave|p2a: Incineroar|[spread] p2a,p2b
|-resisted|p2a: Incineroar
|-resisted|p2b: Feraligatr
|-damage|p2a: Incineroar|44/100
|-damage|p2b: Feraligatr|9/100 slp
|-curestatus|p2b: Feraligatr|slp|[msg]
|move|p2b: Feraligatr|Dragon Dance|p2b: Feraligatr
|-boost|p2b: Feraligatr|atk|1
|-boost|p2b: Feraligatr|spe|1
|move|p2a: Incineroar|Knock Off|p1b: Charizard
|-supereffective|p1b: Charizard
|-crit|p1b: Charizard
|-damage|p1b: Charizard|0 fnt
|-enditem|p1b: Charizard|Quick Claw|[from] move: Knock Off|[of] p2a: Incineroar
|faint|p1b: Charizard
|
|-weather|SunnyDay|[upkeep]
|-heal|p2b: Feraligatr|15/100|[from] Grassy Terrain
|-heal|p2a: Incineroar|50/100|[from] Grassy Terrain
|upkeep
|
|t:|1756240835
|switch|p1b: Incineroar|Incineroar, L50, F|100/100
|-ability|p1b: Incineroar|Intimidate|boost
|-unboost|p2a: Incineroar|atk|1
|-unboost|p2b: Feraligatr|atk|1
|turn|5
|
|t:|1756240851
|move|p2b: Feraligatr|Protect|p2b: Feraligatr
|-singleturn|p2b: Feraligatr|Protect
|move|p1b: Incineroar|Fake Out|p2b: Feraligatr
|-activate|p2b: Feraligatr|move: Protect
|move|p1a: Jumpluff|Tailwind|p1a: Jumpluff
|-sidestart|p1: bloodnirvana98|move: Tailwind
|move|p2a: Incineroar|Knock Off|p1a: Jumpluff
|-damage|p1a: Jumpluff|68/100
|-enditem|p1a: Jumpluff|Covert Cloak|[from] move: Knock Off|[of] p2a: Incineroar
|
|-weather|SunnyDay|[upkeep]
|-heal|p2b: Feraligatr|21/100|[from] Grassy Terrain
|-heal|p2a: Incineroar|55/100|[from] Grassy Terrain
|-fieldend|move: Grassy Terrain
|upkeep
|turn|6
|inactive|endk649 has 30 seconds left.
|
|t:|1756240879
|move|p1a: Jumpluff|Sleep Powder|p2b: Feraligatr
|-status|p2b: Feraligatr|slp|[from] move: Sleep Powder
|cant|p2b: Feraligatr|slp
|move|p1b: Incineroar|Knock Off|p2b: Feraligatr
|-damage|p2b: Feraligatr|0 fnt
|-enditem|p2b: Feraligatr|Life Orb|[from] move: Knock Off|[of] p1b: Incineroar
|faint|p2b: Feraligatr
|move|p2a: Incineroar|Parting Shot|p1b: Incineroar
|-unboost|p1b: Incineroar|atk|1
|-unboost|p1b: Incineroar|spa|1
|
|t:|1756240882
|switch|p2a: Pelipper|Pelipper, L50, F, shiny|100/100|[from] Parting Shot
|-weather|RainDance|[from] ability: Drizzle|[of] p2a: Pelipper
|
|-weather|RainDance|[upkeep]
|upkeep
|
|t:|1756240887
|switch|p2b: Rillaboom|Rillaboom, L50, M, shiny|100/100
|-fieldstart|move: Grassy Terrain|[from] ability: Grassy Surge|[of] p2b: Rillaboom
|turn|7
|
|t:|1756240904
|switch|p1b: Torkoal|Torkoal, L50, M|100/100
|-weather|SunnyDay|[from] ability: Drought|[of] p1b: Torkoal
|move|p2b: Rillaboom|Fake Out|p1a: Jumpluff
|-damage|p1a: Jumpluff|50/100
|cant|p1a: Jumpluff|flinch
|move|p2a: Pelipper|Tailwind|p2a: Pelipper
|-sidestart|p2: endk649|move: Tailwind
|
|-weather|SunnyDay|[upkeep]
|upkeep
|turn|8
|
|t:|1756240920
|switch|p2a: Incineroar|Incineroar, L50, M, shiny|55/100
|-ability|p2a: Incineroar|Intimidate|boost
|-unboost|p1a: Jumpluff|atk|1
|-unboost|p1b: Torkoal|atk|1
|-terastallize|p2b: Rillaboom|Fire
|move|p1a: Jumpluff|Sleep Powder|p2a: Incineroar
|-activate|p2a: Incineroar|item: Safety Goggles|Sleep Powder
|move|p2b: Rillaboom|U-turn|p1a: Jumpluff
|-damage|p1a: Jumpluff|17/100
|
|t:|1756240930
|switch|p2b: Pelipper|Pelipper, L50, F, shiny|100/100|[from] U-turn
|-weather|RainDance|[from] ability: Drizzle|[of] p2b: Pelipper
|move|p1b: Torkoal|Overheat|p2b: Pelipper
|-resisted|p2b: Pelipper
|-damage|p2b: Pelipper|83/100
|-unboost|p1b: Torkoal|spa|2
|
|-weather|RainDance|[upkeep]
|-heal|p2a: Incineroar|61/100|[from] Grassy Terrain
|-sideend|p1: bloodnirvana98|move: Tailwind
|upkeep
|turn|9
|
|t:|1756240954
|move|p1b: Torkoal|Protect|p1b: Torkoal
|-singleturn|p1b: Torkoal|Protect
|move|p2b: Pelipper|Weather Ball|p1a: Jumpluff
|-resisted|p1a: Jumpluff
|-damage|p1a: Jumpluff|0 fnt
|faint|p1a: Jumpluff
|move|p2a: Incineroar|Parting Shot|p1b: Torkoal
|-activate|p1b: Torkoal|move: Protect
|
|-weather|RainDance|[upkeep]
|-heal|p2a: Incineroar|67/100|[from] Grassy Terrain
|upkeep
|
|t:|1756240961
|switch|p1a: Incineroar|Incineroar, L50, F|100/100
|-ability|p1a: Incineroar|Intimidate|boost
|-unboost|p2a: Incineroar|atk|1
|-unboost|p2b: Pelipper|atk|1
|turn|10
|
|t:|1756240973
|move|p1b: Torkoal|Helping Hand|p1a: Incineroar
|-singleturn|p1a: Incineroar|Helping Hand|[of] p1b: Torkoal
|move|p2b: Pelipper|Protect|p2b: Pelipper
|-singleturn|p2b: Pelipper|Protect
|move|p1a: Incineroar|Fake Out|p2b: Pelipper
|-activate|p2b: Pelipper|move: Protect
|move|p2a: Incineroar|Parting Shot|p1b: Torkoal
|-unboost|p1b: Torkoal|atk|1
|-unboost|p1b: Torkoal|spa|1
|
|t:|1756240980
|switch|p2a: Rillaboom|Rillaboom, L50, M, shiny, tera:Fire|100/100|[from] Parting Shot
|
|-weather|RainDance|[upkeep]
|-sideend|p2: endk649|move: Tailwind
|upkeep
|turn|11
|
|t:|1756240987
|move|p1b: Torkoal|Helping Hand|p1a: Incineroar
|-singleturn|p1a: Incineroar|Helping Hand|[of] p1b: Torkoal
|move|p2a: Rillaboom|Fake Out|p1a: Incineroar
|-damage|p1a: Incineroar|88/100
|move|p2b: Pelipper|Weather Ball|p1a: Incineroar
|-supereffective|p1a: Incineroar
|-damage|p1a: Incineroar|1/100
|cant|p1a: Incineroar|flinch
|
|-weather|RainDance|[upkeep]
|-heal|p1a: Incineroar|7/100|[from] Grassy Terrain
|-fieldend|move: Grassy Terrain
|upkeep
|turn|12
|
|t:|1756240996
|move|p1b: Torkoal|Helping Hand|p1a: Incineroar
|-singleturn|p1a: Incineroar|Helping Hand|[of] p1b: Torkoal
|move|p2b: Pelipper|Weather Ball|p1b: Torkoal
|-supereffective|p1b: Torkoal
|-damage|p1b: Torkoal|0 fnt
|faint|p1b: Torkoal
|move|p2a: Rillaboom|Grassy Glide|p1a: Incineroar
|-resisted|p1a: Incineroar
|-damage|p1a: Incineroar|0 fnt
|faint|p1a: Incineroar
|
|win|endk649
|l|☆bloodnirvana98
|player|p1|
||endk649 is ready for game 2.
||bloodnirvana98 is ready for game 2.
|uhtml|next|Next: Game 2 of 3
