|j|☆Xto80
|j|☆robotarmadillo
|html|Xto80robotarmadillo    
|uhtml|bestof|Game 3 of a best-of-3
|t:|1783264144
|gametype|doubles
|player|p1|Xto80|lucas|
|player|p2|robotarmadillo|lucas|
|gen|9
|tier|[Gen 9 Champions] VGC 2026 Reg M-B (Bo3)
|rule|Species Clause: Limit one of each Pokémon
|rule|Item Clause: Limit 1 of each item
|clearpoke
|poke|p1|Sableye, L50, F|
|poke|p1|Gengar, L50, M|
|poke|p1|Ninetales-Alola, L50, F|
|poke|p1|Tauros-Paldea-Aqua, L50, M|
|poke|p1|Hawlucha, L50, M|
|poke|p1|Rhyperior, L50, M|
|poke|p2|Kingambit, L50, M|
|poke|p2|Whimsicott, L50, M|
|poke|p2|Charizard, L50, M|
|poke|p2|Sandaconda, L50, F|
|poke|p2|Feraligatr, L50, F|
|poke|p2|Skeledirge, L50, F|
|teampreview|4
|showteam|p1|Sableye||RoseliBerry|Prankster|Taunt,Quash,WillOWisp,FoulPlay|Careful||F|||50|]Gengar||Gengarite|CursedBody|IcyWind,Protect,ShadowBall,SludgeBomb|Timid||M|||50|]Ninetales-Alola||LightClay|SnowWarning|AuroraVeil,FreezeDry,Blizzard,Protect|Timid||F|||50|]Tauros-Paldea-Aqua||MysticWater|Intimidate|AquaJet,CloseCombat,RagingBull,Protect|Jolly||M|||50|]Hawlucha||SitrusBerry|Unburden|CloseCombat,SwordsDance,Protect,Acrobatics|Adamant||M|||50|]Rhyperior||HardStone|SolidRock|HighHorsepower,RockSlide,IcePunch,Protect|Adamant||M|||50|
|showteam|p2|Kingambit||ChopleBerry|Defiant|KowtowCleave,IronHead,SuckerPunch,BrickBreak|Adamant||M|||50|]Whimsicott||FocusSash|Prankster|Tailwind,Moonblast,Encore,Taunt|Bold||M|||50|]Charizard||CharizarditeX|Blaze|FlareBlitz,DragonClaw,Roost,Protect|Adamant||M|||50|]Sandaconda||SitrusBerry|SandSpit|HighHorsepower,Glare,RockSlide,Protect|Impish||F|||50|]Feraligatr||LifeOrb|SheerForce|IcePunch,Crunch,Protect,Liquidation|Jolly||F|||50|]Skeledirge||Leftovers|Unaware|TorchSong,ShadowBall,EarthPower,Protect|Modest||F|||50|
|
|t:|1783264292
|teamsize|p1|4
|teamsize|p2|4
|start
|switch|p1a: Sableye|Sableye, L50, F|100/100
|switch|p1b: Ninetales|Ninetales-Alola, L50, F|100/100
|switch|p2a: Whimsicott|Whimsicott, L50, M|100/100
|switch|p2b: Kingambit|Kingambit, L50, M|100/100
|-weather|Snowscape|[from] ability: Snow Warning|[of] p1b: Ninetales
|turn|1
|
|t:|1783264412
|move|p2a: Whimsicott|Tailwind|p2a: Whimsicott
|-sidestart|p2: robotarmadillo|move: Tailwind
|move|p1a: Sableye|Taunt|p2a: Whimsicott
|-start|p2a: Whimsicott|move: Taunt
|move|p1b: Ninetales|Aurora Veil|p1b: Ninetales
|-sidestart|p1: Xto80|move: Aurora Veil
|move|p2b: Kingambit|Iron Head|p1b: Ninetales
|-supereffective|p1b: Ninetales|2
|-crit|p1b: Ninetales
|-damage|p1b: Ninetales|0 fnt
|faint|p1b: Ninetales
|
|-weather|Snowscape|[upkeep]
|upkeep
|
|t:|1783264468
|switch|p1b: Tauros|Tauros-Paldea-Aqua, L50, M|100/100
|-ability|p1b: Tauros|Intimidate|boost
|-unboost|p2a: Whimsicott|atk|1
|-unboost|p2b: Kingambit|atk|1
|-ability|p2b: Kingambit|Defiant|boost
|-boost|p2b: Kingambit|atk|2
|turn|2
|
|t:|1783264565
|move|p2b: Kingambit|Sucker Punch|p1b: Tauros
|-resisted|p1b: Tauros|1
|-damage|p1b: Tauros|76/100
|move|p2a: Whimsicott|Moonblast|p1b: Tauros
|-supereffective|p1b: Tauros|1
|-damage|p1b: Tauros|23/100
|move|p1b: Tauros|Close Combat|p2b: Kingambit
|-supereffective|p2b: Kingambit|2
|-enditem|p2b: Kingambit|Chople Berry|[eat]
|-enditem|p2b: Kingambit|Chople Berry|[weaken]
|-damage|p2b: Kingambit|12/100
|-unboost|p1b: Tauros|def|1
|-unboost|p1b: Tauros|spd|1
|move|p1a: Sableye|Foul Play|p2b: Kingambit
|-resisted|p2b: Kingambit|1
|-damage|p2b: Kingambit|0 fnt
|faint|p2b: Kingambit
|
|-weather|Snowscape|[upkeep]
|upkeep
|
|t:|1783264628
|switch|p2b: Charizard|Charizard, L50, M|100/100
|turn|3
|
|t:|1783264733
|detailschange|p2b: Charizard|Charizard-Mega-X, L50, M
|-mega|p2b: Charizard|Charizard|Charizardite X
|move|p1b: Tauros|Aqua Jet|p2b: Charizard
|-damage|p2b: Charizard|78/100
|move|p2a: Whimsicott|Moonblast|p1b: Tauros
|-supereffective|p1b: Tauros|1
|-damage|p1b: Tauros|0 fnt
|faint|p1b: Tauros
|move|p2b: Charizard|Dragon Claw|p1a: Sableye
|-damage|p1a: Sableye|40/100
|move|p1a: Sableye|Foul Play|p2b: Charizard
|-crit|p2b: Charizard
|-damage|p2b: Charizard|8/100
|
|-weather|Snowscape|[upkeep]
|upkeep
|
|t:|1783264753
|switch|p1b: Gengar|Gengar, L50, M|100/100
|turn|4
|
|t:|1783264884
|detailschange|p1b: Gengar|Gengar-Mega, L50, M
|-mega|p1b: Gengar|Gengar|Gengarite
|move|p1b: Gengar|Protect|p1b: Gengar
|-singleturn|p1b: Gengar|Protect
|move|p2a: Whimsicott|Moonblast|p1a: Sableye
|-supereffective|p1a: Sableye|1
|-enditem|p1a: Sableye|Roseli Berry|[eat]
|-enditem|p1a: Sableye|Roseli Berry|[weaken]
|-damage|p1a: Sableye|22/100
|move|p2b: Charizard|Dragon Claw|p1b: Gengar
|-activate|p1b: Gengar|move: Protect
|move|p1a: Sableye|Foul Play|p2b: Charizard
|-damage|p2b: Charizard|0 fnt
|faint|p2b: Charizard
|
|-weather|Snowscape|[upkeep]
|-end|p2a: Whimsicott|move: Taunt
|-sideend|p2: robotarmadillo|move: Tailwind
|upkeep
|
|t:|1783264902
|switch|p2b: Skeledirge|Skeledirge, L50, F|100/100
|turn|5
|
|t:|1783264995
|move|p1b: Gengar|Shadow Ball|p2b: Skeledirge
|-supereffective|p2b: Skeledirge|1
|-damage|p2b: Skeledirge|2/100
|move|p2a: Whimsicott|Moonblast|p1a: Sableye
|-supereffective|p1a: Sableye|1
|-damage|p1a: Sableye|0 fnt
|faint|p1a: Sableye
|move|p2b: Skeledirge|Shadow Ball|p1b: Gengar
|-supereffective|p1b: Gengar|1
|-damage|p1b: Gengar|23/100
|
|-weather|none
|-heal|p2b: Skeledirge|8/100|[from] item: Leftovers
|upkeep
|turn|6
|
|t:|1783265176
|move|p1b: Gengar|Shadow Ball|p2b: Skeledirge
|-supereffective|p2b: Skeledirge|1
|-damage|p2b: Skeledirge|0 fnt
|faint|p2b: Skeledirge
|move|p2a: Whimsicott|Moonblast|p1b: Gengar
|-resisted|p1b: Gengar|1
|-damage|p1b: Gengar|10/100
|
|upkeep
|turn|7
|
|t:|1783265242
|move|p1b: Gengar|Sludge Bomb|p2a: Whimsicott
|-supereffective|p2a: Whimsicott|2
|-enditem|p2a: Whimsicott|Focus Sash
|-damage|p2a: Whimsicott|1/100
|move|p2a: Whimsicott|Moonblast|p1b: Gengar
|-resisted|p1b: Gengar|1
|-damage|p1b: Gengar|0 fnt
|faint|p1b: Gengar
|
|win|robotarmadillo
