|j|☆Notaplaceofhonor
|j|☆erporros
|html|Notaplaceofhonorerporros    
|uhtml|bestof|Game 2 of a best-of-3
|t:|1757805723
|gametype|doubles
|player|p1|Notaplaceofhonor|juan-gen3|1145
|player|p2|erporros|blackbelt-gen4dp|1135
|gen|9
|tier|[Gen 9] VGC 2025 Reg H (Bo3)
|rated|
|rule|Species Clause: Limit one of each Pokémon
|rule|Item Clause: Limit 1 of each item
|clearpoke
|poke|p1|Ursaluna, L50, M|
|poke|p1|Incineroar, L50, M|
|poke|p1|Archaludon, L50, M|
|poke|p1|Pelipper, L50, F|
|poke|p1|Basculegion, L50, M|
|poke|p1|Sinistcha, L50|
|poke|p2|Comfey, L50, M|
|poke|p2|Rillaboom, L50, F|
|poke|p2|Magmar, L50, F|
|poke|p2|Gholdengo, L50|
|poke|p2|Tauros-Paldea-Aqua, L50, M|
|poke|p2|Hydreigon, L50, F|
|teampreview|4
|showteam|p1|Ursaluna||FlameOrb|Guts|Protect,Facade,Earthquake,HeadlongRush|||M|||50|,,,,,Ghost]Incineroar||SafetyGoggles|Intimidate|Taunt,FakeOut,KnockOff,PartingShot|||M|||50|,,,,,Ghost]Archaludon||AssaultVest|Stamina|ElectroShot,Snarl,DracoMeteor,BodyPress|||M|||50|,,,,,Grass]Pelipper||FocusSash|Drizzle|Hurricane,WeatherBall,Tailwind,Protect|||F|||50|,,,,,Ghost]Basculegion||ChoiceScarf|Adaptability|WaveCrash,LastRespects,FlipTurn,AquaJet|||M|||50|,,,,,Water]Sinistcha||SitrusBerry|Hospitality|MatchaGotcha,TrickRoom,RagePowder,LifeDew||||||50|,,,,,Water
|showteam|p2|Comfey||GrassySeed|FlowerVeil|DrainingKiss,CalmMind,Protect,TeraBlast|||M|||50|,,,,,Ground]Rillaboom||MiracleSeed|GrassySurge|Uturn,FakeOut,GrassyGlide,WoodHammer|||F|||50|,,,,,Fire]Magmar||Eviolite|FlameBody|FollowMe,WillOWisp,Overheat,Protect|||F|||50|,,,,,Ghost]Gholdengo||MetalCoat|GoodasGold|MakeItRain,NastyPlot,Protect,ShadowBall||||||50|,,,,,Steel]Tauros-Paldea-Aqua||MirrorHerb|Intimidate|WaveCrash,AquaJet,CloseCombat,Protect|||M|||50|,,,,,Water]Hydreigon||RazorClaw|Levitate|DracoMeteor,Snarl,FocusEnergy,Protect|||F|||50|,,,,,Ghost
|
|t:|1757805755
|teamsize|p1|4
|teamsize|p2|4
|start
|switch|p1a: Pelipper|Pelipper, L50, F|100/100
|switch|p1b: Archaludon|Archaludon, L50, M|100/100
|switch|p2a: Rillaboom|Rillaboom, L50, F|100/100
|switch|p2b: Comfey|Comfey, L50, M|100/100
|-fieldstart|move: Grassy Terrain|[from] ability: Grassy Surge|[of] p2a: Rillaboom
|-enditem|p2b: Comfey|Grassy Seed
|-boost|p2b: Comfey|def|1|[from] item: Grassy Seed
|-weather|RainDance|[from] ability: Drizzle|[of] p1a: Pelipper
|turn|1
|
|t:|1757805773
|move|p2a: Rillaboom|Wood Hammer|p1a: Pelipper
|-enditem|p1a: Pelipper|Focus Sash
|-damage|p1a: Pelipper|1/100
|-damage|p2a: Rillaboom|75/100|[from] Recoil
|move|p2b: Comfey|Calm Mind|p2b: Comfey
|-boost|p2b: Comfey|spa|1
|-boost|p2b: Comfey|spd|1
|move|p1a: Pelipper|Hurricane|p2a: Rillaboom
|-supereffective|p2a: Rillaboom
|-damage|p2a: Rillaboom|0 fnt
|faint|p2a: Rillaboom
|move|p1b: Archaludon|Electro Shot||[still]
|-prepare|p1b: Archaludon|Electro Shot
|-boost|p1b: Archaludon|spa|1
|-anim|p1b: Archaludon|Electro Shot|p2b: Comfey
|-damage|p2b: Comfey|53/100
|
|-weather|RainDance|[upkeep]
|-heal|p2b: Comfey|60/100|[from] Grassy Terrain
|upkeep
|
|t:|1757805785
|switch|p2a: Tauros|Tauros-Paldea-Aqua, L50, M|100/100
|-ability|p2a: Tauros|Intimidate|boost
|-unboost|p1a: Pelipper|atk|1
|-unboost|p1b: Archaludon|atk|1
|turn|2
|
|t:|1757805803
|-terastallize|p1b: Archaludon|Grass
|move|p2a: Tauros|Close Combat|p1b: Archaludon
|-damage|p1b: Archaludon|61/100
|-unboost|p2a: Tauros|def|1
|-unboost|p2a: Tauros|spd|1
|-ability|p1b: Archaludon|Stamina|boost
|-boost|p1b: Archaludon|def|1
|-enditem|p2a: Tauros|Mirror Herb
|-boost|p2a: Tauros|def|1|[from] item: Mirror Herb
|move|p2b: Comfey|Draining Kiss|p1a: Pelipper
|-damage|p1a: Pelipper|0 fnt
|-heal|p2b: Comfey|60/100|[from] drain|[of] p1a: Pelipper
|faint|p1a: Pelipper
|move|p1b: Archaludon|Electro Shot||[still]
|-prepare|p1b: Archaludon|Electro Shot
|-boost|p1b: Archaludon|spa|1
|-anim|p1b: Archaludon|Electro Shot|p2a: Tauros
|-supereffective|p2a: Tauros
|-damage|p2a: Tauros|0 fnt
|faint|p2a: Tauros
|
|-weather|RainDance|[upkeep]
|-heal|p2b: Comfey|66/100|[from] Grassy Terrain
|-heal|p1b: Archaludon|67/100|[from] Grassy Terrain
|upkeep
|
|t:|1757805830
|switch|p2a: Magmar|Magmar, L50, F|100/100
|switch|p1a: Ursaluna|Ursaluna, L50, M|100/100
|turn|3
|
|t:|1757805847
|move|p2a: Magmar|Protect|p2a: Magmar
|-singleturn|p2a: Magmar|Protect
|move|p1a: Ursaluna|Protect|p1a: Ursaluna
|-singleturn|p1a: Ursaluna|Protect
|move|p2b: Comfey|Calm Mind|p2b: Comfey
|-boost|p2b: Comfey|spa|1
|-boost|p2b: Comfey|spd|1
|move|p1b: Archaludon|Electro Shot||[still]
|-prepare|p1b: Archaludon|Electro Shot
|-boost|p1b: Archaludon|spa|1
|-anim|p1b: Archaludon|Electro Shot|p2a: Magmar
|-activate|p2a: Magmar|move: Protect
|
|-weather|RainDance|[upkeep]
|-heal|p2b: Comfey|73/100|[from] Grassy Terrain
|-heal|p1b: Archaludon|73/100|[from] Grassy Terrain
|-status|p1a: Ursaluna|brn|[from] item: Flame Orb
|upkeep
|turn|4
|
|t:|1757805869
|-terastallize|p2a: Magmar|Ghost
|move|p2a: Magmar|Follow Me|p2a: Magmar
|-singleturn|p2a: Magmar|move: Follow Me
|move|p2b: Comfey|Draining Kiss|p1a: Ursaluna
|-damage|p1a: Ursaluna|60/100 brn
|-heal|p2b: Comfey|100/100|[from] drain|[of] p1a: Ursaluna
|move|p1b: Archaludon|Electro Shot||[still]
|-prepare|p1b: Archaludon|Electro Shot
|-boost|p1b: Archaludon|spa|1
|-anim|p1b: Archaludon|Electro Shot|p2a: Magmar
|-damage|p2a: Magmar|9/100
|move|p1a: Ursaluna|Facade|p2a: Magmar
|-immune|p2a: Magmar
|
|-weather|RainDance|[upkeep]
|-heal|p2a: Magmar|14/100|[from] Grassy Terrain
|-heal|p1b: Archaludon|79/100|[from] Grassy Terrain
|-heal|p1a: Ursaluna|66/100 brn|[from] Grassy Terrain
|-damage|p1a: Ursaluna|60/100 brn|[from] brn
|upkeep
|turn|5
|
|t:|1757805894
|move|p2b: Comfey|Protect|p2b: Comfey
|-singleturn|p2b: Comfey|Protect
|move|p2a: Magmar|Protect|p2a: Magmar
|-singleturn|p2a: Magmar|Protect
|move|p1a: Ursaluna|Protect|p1a: Ursaluna
|-singleturn|p1a: Ursaluna|Protect
|move|p1b: Archaludon|Electro Shot||[still]
|-prepare|p1b: Archaludon|Electro Shot
|-boost|p1b: Archaludon|spa|1
|-anim|p1b: Archaludon|Electro Shot|p2a: Magmar
|-activate|p2a: Magmar|move: Protect
|
|-weather|none
|-heal|p2a: Magmar|20/100|[from] Grassy Terrain
|-heal|p1b: Archaludon|85/100|[from] Grassy Terrain
|-heal|p1a: Ursaluna|66/100 brn|[from] Grassy Terrain
|-damage|p1a: Ursaluna|60/100 brn|[from] brn
|-fieldend|move: Grassy Terrain
|upkeep
|turn|6
|
|t:|1757805910
|move|p2b: Comfey|Draining Kiss|p1a: Ursaluna
|-damage|p1a: Ursaluna|18/100 brn
|move|p1b: Archaludon|Snarl|p2b: Comfey|[spread] p2a,p2b
|-supereffective|p2a: Magmar
|-resisted|p2b: Comfey
|-damage|p2a: Magmar|0 fnt
|-damage|p2b: Comfey|88/100
|-unboost|p2b: Comfey|spa|1
|faint|p2a: Magmar
|move|p1a: Ursaluna|Facade|p2b: Comfey
|-damage|p2b: Comfey|0 fnt
|faint|p2b: Comfey
|
|win|Notaplaceofhonor
|raw|Notaplaceofhonor's rating: 1145 → 1169(+24 for winning)
|raw|erporros's rating: 1135 → 1111(-24 for losing)
