|j|☆RGAngel
|j|☆hungry hillo
|html|RGAngelhungry hillo    
|uhtml|bestof|Game 2 of a best-of-3
|t:|1757086023
|gametype|doubles
|player|p1|RGAngel|cynthia|1043
|player|p2|hungry hillo|n|1144
|gen|9
|tier|[Gen 9] VGC 2025 Reg H (Bo3)
|rated|
|rule|Species Clause: Limit one of each Pokémon
|rule|Item Clause: Limit 1 of each item
|clearpoke
|poke|p1|Glaceon, L50, M|
|poke|p1|Gallade, L50, M|
|poke|p1|Ninetales-Alola, L50, M|
|poke|p1|Talonflame, L50, F|
|poke|p1|Garchomp, L50, F|
|poke|p1|Incineroar, L50, M|
|poke|p2|Kingambit, L50, F|
|poke|p2|Electabuzz, L50, M|
|poke|p2|Ursaluna-Bloodmoon, L50, M|
|poke|p2|Incineroar, L50, F|
|poke|p2|Whimsicott, L50, M|
|poke|p2|Annihilape, L50, F|
|teampreview|4
|showteam|p1|Glaceon||BrightPowder|SnowCloak|FreezeDry,Blizzard,CalmMind,Protect|||M|||50|,,,,,Steel]Gallade||ClearAmulet|Sharpness|PsychoCut,SacredSword,TrickRoom,WideGuard|||M|||50|,,,,,Fire]Ninetales-Alola||LightClay|SnowWarning|AuroraVeil,Blizzard,FreezeDry,Protect|||M|||50|,,,,,Ghost]Talonflame||SafetyGoggles|GaleWings|DualWingbeat,Tailwind,Taunt,WillOWisp|||F|||50|,,,,,Ghost]Garchomp||LoadedDice|RoughSkin|StompingTantrum,ScaleShot,SwordsDance,Protect|||F|||50|,,,,,Fairy]Incineroar||RockyHelmet|Intimidate|FakeOut,FlareBlitz,PartingShot,KnockOff|||M|||50|,,,,,Grass
|showteam|p2|Kingambit||BlackGlasses|Defiant|SuckerPunch,KowtowCleave,SwordsDance,Protect|||F|||50|,,,,,Flying]Electabuzz||Eviolite|VitalSpirit|Electroweb,FollowMe,Taunt,Protect|||M|||50|,,,,,Ghost]Ursaluna-Bloodmoon||LifeOrb|MindsEye|EarthPower,BloodMoon,HyperVoice,Protect|||M|||50|,,,,,Normal]Incineroar||AssaultVest|Intimidate|KnockOff,FlareBlitz,Uturn,FakeOut|||F|||50|,,,,,Bug]Whimsicott||CovertCloak|Prankster|Tailwind,BeatUp,Moonblast,SunnyDay|||M|||50|,,,,,Dark]Annihilape||Leftovers|Defiant|RageFist,DrainPunch,BulkUp,Protect|||F|||50|,,,,,Fire
|inactive|Battle timer is ON: inactive players will automatically lose when time's up. (requested by RGAngel)
|
|t:|1757086043
|teamsize|p1|4
|teamsize|p2|4
|start
|switch|p1a: Gallade|Gallade, L50, M|100/100
|switch|p1b: Talonflame|Talonflame, L50, F|100/100
|switch|p2a: Whimsicott|Whimsicott, L50, M|100/100
|switch|p2b: Annihilape|Annihilape, L50, F|100/100
|turn|1
|
|t:|1757086057
|-terastallize|p2b: Annihilape|Fire
|move|p1b: Talonflame|Dual Wingbeat|p2a: Whimsicott
|-supereffective|p2a: Whimsicott
|-damage|p2a: Whimsicott|61/100
|-supereffective|p2a: Whimsicott
|-damage|p2a: Whimsicott|22/100
|-hitcount|p2a: Whimsicott|2
|move|p2a: Whimsicott|Beat Up|p2b: Annihilape
|-damage|p2b: Annihilape|99/100
|-damage|p2b: Annihilape|95/100
|-damage|p2b: Annihilape|93/100
|-damage|p2b: Annihilape|90/100
|-hitcount|p2b: Annihilape|4
|move|p2b: Annihilape|Bulk Up|p2b: Annihilape
|-boost|p2b: Annihilape|atk|1
|-boost|p2b: Annihilape|def|1
|move|p1a: Gallade|Trick Room|p1a: Gallade
|-fieldstart|move: Trick Room|[of] p1a: Gallade
|
|-heal|p2b: Annihilape|97/100|[from] item: Leftovers
|upkeep
|turn|2
|inactive|RGAngel has 30 seconds left.
|
|t:|1757086087
|move|p1b: Talonflame|Dual Wingbeat|p2a: Whimsicott
|-supereffective|p2a: Whimsicott
|-damage|p2a: Whimsicott|0 fnt
|faint|p2a: Whimsicott
|-hitcount|p2: Whimsicott|1
|move|p1a: Gallade|Sacred Sword|p2b: Annihilape
|-damage|p2b: Annihilape|16/100
|move|p2b: Annihilape|Rage Fist|p1a: Gallade
|-supereffective|p1a: Gallade
|-damage|p1a: Gallade|0 fnt
|faint|p1a: Gallade
|
|-heal|p2b: Annihilape|22/100|[from] item: Leftovers
|upkeep
|
|t:|1757086100
|switch|p1a: Glaceon|Glaceon, L50, M|100/100
|switch|p2a: lion|Ursaluna-Bloodmoon, L50, M|100/100
|turn|3
|
|t:|1757086107
|switch|p1b: Ninetales|Ninetales-Alola, L50, M|100/100
|-weather|Snowscape|[from] ability: Snow Warning|[of] p1b: Ninetales
|-terastallize|p1a: Glaceon|Steel
|move|p2b: Annihilape|Protect|p2b: Annihilape
|-singleturn|p2b: Annihilape|Protect
|move|p1a: Glaceon|Blizzard|p2a: lion|[spread] p2a
|-activate|p2b: Annihilape|move: Protect
|-supereffective|p2a: lion
|-damage|p2a: lion|0 fnt
|faint|p2a: lion
|
|-weather|Snowscape|[upkeep]
|-heal|p2b: Annihilape|28/100|[from] item: Leftovers
|upkeep
|
|t:|1757086111
|switch|p2a: Bumble bee|Electabuzz, L50, M|100/100
|turn|4
|
|t:|1757086128
|move|p1a: Glaceon|Blizzard|p2b: Annihilape|[spread] p2a,p2b
|-resisted|p2b: Annihilape
|-damage|p2a: Bumble bee|62/100
|-damage|p2b: Annihilape|5/100
|move|p2b: Annihilape|Drain Punch|p1a: Glaceon|[miss]
|-miss|p2b: Annihilape|p1a: Glaceon
|move|p2a: Bumble bee|Electroweb|p1a: Glaceon|[spread] p1b
|-miss|p2a: Bumble bee|p1a: Glaceon
|-damage|p1b: Ninetales|85/100
|-unboost|p1b: Ninetales|spe|1
|move|p1b: Ninetales|Blizzard|p2a: Bumble bee|[spread] p2a,p2b
|-resisted|p2b: Annihilape
|-damage|p2a: Bumble bee|41/100
|-damage|p2b: Annihilape|0 fnt
|faint|p2b: Annihilape
|
|-weather|Snowscape|[upkeep]
|upkeep
|turn|5
|
|t:|1757086145
|move|p1a: Glaceon|Blizzard|p2a: Bumble bee
|-damage|p2a: Bumble bee|0 fnt
|faint|p2a: Bumble bee
|
|win|RGAngel
||RGAngel is ready for game 3.
||hungry hillo is ready for game 3.
|uhtml|next|Next: Game 3 of 3
|l|☆hungry hillo
|player|p2|
