|j|☆Crash0utVGC
|j|☆Capravolante97
|html|Crash0utVGCCapravolante97    
|uhtml|bestof|Game 2 of a best-of-3
|t:|1782295736
|gametype|doubles
|player|p1|Crash0utVGC|colress|1278
|player|p2|Capravolante97|fantina|1290
|gen|9
|tier|[Gen 9 Champions] VGC 2026 Reg M-B (Bo3)
|rated|
|rule|Species Clause: Limit one of each Pokémon
|rule|Item Clause: Limit 1 of each item
|clearpoke
|poke|p1|Pyroar, L50, F|
|poke|p1|Ninetales, L50, F, shiny|
|poke|p1|Whimsicott, L50, F|
|poke|p1|Floette-Eternal, L50, F|
|poke|p1|Basculegion, L50, M|
|poke|p1|Farigiraf, L50, M|
|poke|p2|Gholdengo, L50|
|poke|p2|Scovillain, L50, F|
|poke|p2|Aerodactyl, L50, M|
|poke|p2|Garchomp, L50, M|
|poke|p2|Primarina, L50, M|
|poke|p2|Dragonite, L50, M|
|teampreview|4
|showteam|p1|Pyroar||Pyroarite|Unnerve|HeatWave,Overheat,SolarBeam,Protect|Timid||F|||50|]Ninetales||ChoiceScarf|Drought|HeatWave,Overheat,SolarBeam,FakeTears|Modest||F|||50|]Whimsicott||FocusSash|Prankster|Moonblast,Tailwind,SunnyDay,Protect|Timid||F|||50|]Floette-Eternal||Floettite|FlowerVeil|Moonblast,LightofRuin,DazzlingGleam,Protect|Modest||F|||50|]Basculegion||LifeOrb|Adaptability|WaveCrash,LastRespects,AquaJet,Protect|Adamant||M|||50|]Farigiraf||SitrusBerry|ArmorTail|Psychic,Thunderbolt,TrickRoom,HelpingHand|Bold||M|||50|
|showteam|p2|Gholdengo||LifeOrb|GoodasGold|MakeItRain,ShadowBall,NastyPlot,Protect|Timid|||||50|]Scovillain||Scovillainite|Moody|RagePowder,GigaDrain,Overheat,Protect|Bold||F|||50|]Aerodactyl||FocusSash|Unnerve|Tailwind,RockSlide,Protect,DualWingbeat|Jolly||M|||50|]Garchomp||ExpertBelt|RoughSkin|RockSlide,DragonClaw,Earthquake,Protect|Jolly||M|||50|]Primarina||MysticWater|LiquidVoice|CalmMind,HyperVoice,Moonblast,Protect|Modest||M|||50|]Dragonite||Dragoninite|Multiscale|DragonPulse,Thunderbolt,Flamethrower,Protect|Modest||M|||50|
|inactive|Battle timer is ON: inactive players will automatically lose when time's up. (requested by Capravolante97)
|inactive|Crash0utVGC has 60 seconds left.
|inactive|Crash0utVGC has 30 seconds left.
|
|t:|1782295800
|teamsize|p1|4
|teamsize|p2|4
|start
|switch|p1a: Winnie|Whimsicott, L50, F|100/100
|switch|p1b: Maleficant|Floette-Eternal, L50, F|100/100
|switch|p2a: Aerodactyl|Aerodactyl, L50, M|100/100
|switch|p2b: Garchomp|Garchomp, L50, M|100/100
|-ability|p2a: Aerodactyl|Unnerve
|turn|1
|
|t:|1782295812
|switch|p2b: Gholdengo|Gholdengo, L50|100/100
|detailschange|p1b: Maleficant|Floette-Mega, L50, F
|-mega|p1b: Maleficant|Floette|Floettite
|-ability|p1b: Maleficant|Fairy Aura
|move|p1a: Winnie|Tailwind|p1a: Winnie
|-sidestart|p1: Crash0utVGC|move: Tailwind
|move|p1b: Maleficant|Dazzling Gleam|p2a: Aerodactyl|[spread] p2a,p2b
|-resisted|p2b: Gholdengo|1
|-damage|p2a: Aerodactyl|21/100
|-damage|p2b: Gholdengo|68/100
|move|p2a: Aerodactyl|Tailwind|p2a: Aerodactyl
|-sidestart|p2: Capravolante97|move: Tailwind
|
|upkeep
|turn|2
|
|t:|1782295825
|move|p1b: Maleficant|Protect|p1b: Maleficant
|-singleturn|p1b: Maleficant|Protect
|move|p2a: Aerodactyl|Rock Slide|p1a: Winnie|[spread] p1a
|-activate|p1b: Maleficant|move: Protect
|-damage|p1a: Winnie|62/100
|move|p1a: Winnie|Moonblast|p2b: Gholdengo
|-resisted|p2b: Gholdengo|1
|-damage|p2b: Gholdengo|38/100
|move|p2b: Gholdengo|Make It Rain|p1b: Maleficant|[spread] p1a
|-activate|p1b: Maleficant|move: Protect
|-supereffective|p1a: Winnie|1
|-damage|p1a: Winnie|0 fnt
|-unboost|p2b: Gholdengo|spa|2
|faint|p1a: Winnie
|-damage|p2b: Gholdengo|28/100|[from] item: Life Orb
|
|upkeep
|
|t:|1782295831
|switch|p1a: FairAndBalanced|Basculegion, L50, M|100/100
|turn|3
|
|t:|1782295848
|move|p1a: FairAndBalanced|Aqua Jet|p2a: Aerodactyl
|-supereffective|p2a: Aerodactyl|1
|-damage|p2a: Aerodactyl|0 fnt
|faint|p2a: Aerodactyl
|-damage|p1a: FairAndBalanced|90/100|[from] item: Life Orb
|move|p1b: Maleficant|Dazzling Gleam|p2b: Gholdengo
|-resisted|p2b: Gholdengo|1
|-damage|p2b: Gholdengo|0 fnt
|faint|p2b: Gholdengo
|
|upkeep
|
|t:|1782295856
|switch|p2a: Dragonite|Dragonite, L50, M|100/100
|switch|p2b: Garchomp|Garchomp, L50, M|100/100
|turn|4
|
|t:|1782295864
|detailschange|p2a: Dragonite|Dragonite-Mega, L50, M
|-mega|p2a: Dragonite|Dragonite|Dragoninite
|move|p2b: Garchomp|Earthquake|p1b: Maleficant|[spread] p1a,p1b
|-immune|p2a: Dragonite
|-damage|p1a: FairAndBalanced|44/100
|-damage|p1b: Maleficant|51/100
|move|p1b: Maleficant|Dazzling Gleam|p2a: Dragonite|[spread] p2a,p2b
|-supereffective|p2a: Dragonite|1
|-supereffective|p2b: Garchomp|1
|-damage|p2a: Dragonite|55/100
|-damage|p2b: Garchomp|0 fnt
|faint|p2b: Garchomp
|move|p2a: Dragonite|Thunderbolt|p1a: FairAndBalanced
|-supereffective|p1a: FairAndBalanced|1
|-damage|p1a: FairAndBalanced|0 fnt
|faint|p1a: FairAndBalanced
|
|-sideend|p2: Capravolante97|move: Tailwind
|-sideend|p1: Crash0utVGC|move: Tailwind
|upkeep
|
|t:|1782295873
|switch|p1a: Kyubi|Ninetales, L50, F, shiny|100/100
|-weather|SunnyDay|[from] ability: Drought|[of] p1a: Kyubi
|turn|5
|-message|Capravolante97 forfeited.
|
|win|Crash0utVGC
|raw|Crash0utVGC's rating: 1278 → 1304(+26 for winning)
|raw|Capravolante97's rating: 1290 → 1264(-26 for losing)
