|j|☆yagomg
|j|☆BeckVGC
|html|yagomgBeckVGC    
|uhtml|bestof|Game 2 of a best-of-3
|t:|1782190647
|gametype|doubles
|player|p1|yagomg|169|1091
|player|p2|BeckVGC|roughneck-gen4|1020
|gen|9
|tier|[Gen 9 Champions] VGC 2026 Reg M-B (Bo3)
|rated|
|rule|Species Clause: Limit one of each Pokémon
|rule|Item Clause: Limit 1 of each item
|clearpoke
|poke|p1|Skeledirge, L50, F|
|poke|p1|Farigiraf, L50, M|
|poke|p1|Basculegion, L50, M|
|poke|p1|Gallade, L50, M|
|poke|p1|Mawile, L50, M|
|poke|p1|Sinistcha-Masterpiece, L50|
|poke|p2|Dragalge, L50, M|
|poke|p2|Grimmsnarl, L50, M|
|poke|p2|Incineroar, L50, F|
|poke|p2|Sinistcha, L50|
|poke|p2|Palafin, L50, F|
|poke|p2|Kingambit, L50, M|
|teampreview|4
|showteam|p1|Skeledirge||Metronome|Unaware|TorchSong,WillOWisp,Hex,SlackOff|Quiet||F|||50|]Farigiraf||ColburBerry|ArmorTail|Psychic,HelpingHand,TrickRoom,Protect|Bold||M|||50|]Basculegion||LifeOrb|Adaptability|AquaJet,WaveCrash,LastRespects,Protect|Serious||M|||50|]Gallade||ScopeLens|Sharpness|SacredSword,PsychoCut,LeafBlade,TrickRoom|Brave||M|||50|]Mawile||Mawilite|HyperCutter|PlayRough,IronHead,SuckerPunch,Protect|Brave||M|||50|]Sinistcha-Masterpiece||SitrusBerry|Hospitality|RagePowder,TrickRoom,ShadowBall,MatchaGotcha|Quiet|||||50|
|showteam|p2|Dragalge||Dragalgite|Adaptability|DragonPulse,SludgeBomb,Thunderbolt,Protect|Modest||M|||50|]Grimmsnarl||LightClay|Prankster|SpiritBreak,PartingShot,LightScreen,Reflect|Careful||M|||50|]Incineroar||SitrusBerry|Intimidate|FlareBlitz,ThroatChop,PartingShot,FakeOut|Careful||F|||50|]Sinistcha||CobaBerry|Hospitality|MatchaGotcha,LifeDew,RagePowder,TrickRoom|Sassy|||||50|]Palafin||MysticWater|ZerotoHero|JetPunch,WaveCrash,FlipTurn,Protect|Adamant||F|||50|]Kingambit||BlackGlasses|Defiant|SwordsDance,KowtowCleave,SuckerPunch,Protect|Adamant||M|||50|
|inactive|Battle timer is ON: inactive players will automatically lose when time's up. (requested by BeckVGC)
|
|t:|1782190676
|teamsize|p1|4
|teamsize|p2|4
|start
|switch|p1a: Farigiraf|Farigiraf, L50, M|100/100
|switch|p1b: Gallade|Gallade, L50, M|100/100
|switch|p2a: Grimmsnarl|Grimmsnarl, L50, M|100/100
|switch|p2b: Palafin|Palafin, L50, F|100/100
|turn|1
|
|t:|1782190688
|move|p2b: Palafin|Flip Turn|p1b: Gallade
|-damage|p1b: Gallade|58/100
|
|t:|1782190691
|detailschange|p2b: Palafin|Palafin-Hero, L50, F
|switch|p2b: Incineroar|Incineroar, L50, F|100/100|[from] Flip Turn
|-ability|p2b: Incineroar|Intimidate|boost
|-unboost|p1a: Farigiraf|atk|1
|-unboost|p1b: Gallade|atk|1
|move|p1b: Gallade|Sacred Sword|p2b: Incineroar
|-supereffective|p2b: Incineroar|1
|-damage|p2b: Incineroar|15/100
|-enditem|p2b: Incineroar|Sitrus Berry|[eat]
|-heal|p2b: Incineroar|40/100|[from] item: Sitrus Berry
|move|p2a: Grimmsnarl|Spirit Break|p1b: Gallade
|-supereffective|p1b: Gallade|1
|-damage|p1b: Gallade|0 fnt
|faint|p1b: Gallade
|move|p1a: Farigiraf|Trick Room|p1a: Farigiraf
|-fieldstart|move: Trick Room|[of] p1a: Farigiraf
|
|upkeep
|
|t:|1782190708
|switch|p1b: Mawile|Mawile, L50, M|100/100
|turn|2
|
|t:|1782190726
|switch|p2b: Palafin|Palafin-Hero, L50, F|100/100
|-activate|p2b: Palafin|ability: Zero to Hero
|detailschange|p1b: Mawile|Mawile-Mega, L50, M
|-mega|p1b: Mawile|Mawile|Mawilite
|move|p2a: Grimmsnarl|Reflect|p2a: Grimmsnarl
|-sidestart|p2: BeckVGC|Reflect
|move|p1b: Mawile|Play Rough|p2b: Palafin
|-damage|p2b: Palafin|45/100
|move|p1a: Farigiraf|Psychic|p2b: Palafin
|-damage|p2b: Palafin|10/100
|
|upkeep
|turn|3
|inactive|yagomg has 30 seconds left.
|
|t:|1782190754
|switch|p1a: Skeledirge|Skeledirge, L50, F|100/100
|switch|p2b: Incineroar|Incineroar, L50, F|40/100
|-ability|p2b: Incineroar|Intimidate|boost
|-unboost|p1a: Skeledirge|atk|1
|-unboost|p1b: Mawile|atk|1
|move|p1b: Mawile|Iron Head|p2a: Grimmsnarl
|-supereffective|p2a: Grimmsnarl|1
|-damage|p2a: Grimmsnarl|36/100
|move|p2a: Grimmsnarl|Spirit Break|p1a: Skeledirge
|-resisted|p1a: Skeledirge|1
|-damage|p1a: Skeledirge|87/100
|-unboost|p1a: Skeledirge|spa|1
|
|upkeep
|turn|4
|
|t:|1782190777
|switch|p1b: Farigiraf|Farigiraf, L50, M|100/100
|move|p2a: Grimmsnarl|Parting Shot||[still]
|cant|p1b: Farigiraf|ability: Armor Tail|Parting Shot|[of] p2a: Grimmsnarl
|move|p1a: Skeledirge|Torch Song|p2a: Grimmsnarl
|-damage|p2a: Grimmsnarl|16/100
|-boost|p1a: Skeledirge|spa|1
|move|p2b: Incineroar|Parting Shot|p1b: Farigiraf
|-unboost|p1b: Farigiraf|atk|1
|-unboost|p1b: Farigiraf|spa|1
|
|t:|1782190781
|switch|p2b: Dragalge|Dragalge, L50, M|100/100|[from] Parting Shot
|
|upkeep
|turn|5
|
|t:|1782190802
|move|p2b: Dragalge|Protect|p2b: Dragalge
|-singleturn|p2b: Dragalge|Protect
|move|p2a: Grimmsnarl|Light Screen|p2a: Grimmsnarl
|-sidestart|p2: BeckVGC|move: Light Screen
|move|p1a: Skeledirge|Torch Song|p2a: Grimmsnarl
|-damage|p2a: Grimmsnarl|0 fnt
|-boost|p1a: Skeledirge|spa|1
|faint|p2a: Grimmsnarl
|move|p1b: Farigiraf|Psychic|p2b: Dragalge
|-activate|p2b: Dragalge|move: Protect
|
|-fieldend|move: Trick Room
|upkeep
|
|t:|1782190813
|switch|p2a: Palafin|Palafin-Hero, L50, F|10/100
|turn|6
|
|t:|1782190825
|detailschange|p2b: Dragalge|Dragalge-Mega, L50, M
|-mega|p2b: Dragalge|Dragalge|Dragalgite
|move|p2a: Palafin|Wave Crash|p1a: Skeledirge
|-supereffective|p1a: Skeledirge|1
|-damage|p1a: Skeledirge|0 fnt
|faint|p1a: Skeledirge
|-damage|p2a: Palafin|0 fnt|[from] Recoil
|faint|p2a: Palafin
|move|p2b: Dragalge|Sludge Bomb|p1b: Farigiraf
|-damage|p1b: Farigiraf|51/100
|-status|p1b: Farigiraf|psn
|move|p1b: Farigiraf|Trick Room|p1b: Farigiraf
|-fieldstart|move: Trick Room|[of] p1b: Farigiraf
|
|-damage|p1b: Farigiraf|39/100 psn|[from] psn
|upkeep
|
|t:|1782190840
|switch|p1a: Mawile|Mawile-Mega, L50, M|100/100
|switch|p2a: Incineroar|Incineroar, L50, F|40/100
|-ability|p2a: Incineroar|Intimidate|boost
|-unboost|p1a: Mawile|atk|1
|-unboost|p1b: Farigiraf|atk|1
|turn|7
|
|t:|1782190847
|move|p1a: Mawile|Play Rough|p2a: Incineroar|[miss]
|-miss|p1a: Mawile|p2a: Incineroar
|move|p2b: Dragalge|Sludge Bomb|p1b: Farigiraf
|-damage|p1b: Farigiraf|0 fnt
|faint|p1b: Farigiraf
|move|p2a: Incineroar|Flare Blitz|p1a: Mawile
|-supereffective|p1a: Mawile|1
|-damage|p1a: Mawile|15/100
|-damage|p2a: Incineroar|18/100|[from] Recoil
|
|upkeep
|turn|8
|
|t:|1782190858
|move|p1a: Mawile|Play Rough|p2a: Incineroar|[miss]
|-miss|p1a: Mawile|p2a: Incineroar
|move|p2b: Dragalge|Thunderbolt|p1a: Mawile
|-damage|p1a: Mawile|0 fnt
|faint|p1a: Mawile
|
|win|BeckVGC
|raw|yagomg's rating: 1091 → 1063(-28 for losing)
|raw|BeckVGC's rating: 1020 → 1064(+44 for winning)
|c|☆yagomg|gg
|l|☆BeckVGC
|player|p2|
