|j|☆kommander
|j|☆The JRL
|html|kommanderThe JRL    
|uhtml|bestof|Game 3 of a best-of-3
|t:|1785429648
|gametype|doubles
|player|p1|kommander|#smogonxnpa2025winner|
|player|p2|The JRL|#ssdivserpents|
|gen|9
|tier|[Gen 9 Champions] VGC 2026 Reg M-B (Bo3)
|rule|Species Clause: Limit one of each Pokémon
|rule|Item Clause: Limit 1 of each item
|clearpoke
|poke|p1|Garchomp, L50, F|
|poke|p1|Tyranitar, L50, F|
|poke|p1|Gholdengo, L50|
|poke|p1|Whimsicott, L50, F|
|poke|p1|Incineroar, L50, F|
|poke|p1|Charizard, L50, F|
|poke|p2|Sneasler, L50, M|
|poke|p2|Blastoise, L50, M|
|poke|p2|Kingambit, L50, M|
|poke|p2|Incineroar, L50, M|
|poke|p2|Delphox, L50, M|
|poke|p2|Sinistcha, L50|
|teampreview|4
|showteam|p1|Garchomp||Garchompite|SandVeil|EarthPower,DracoMeteor,PowerGem,Protect|Modest||F|||50|]Tyranitar||ChoiceScarf|SandStream|RockSlide,KnockOff,LowKick,IcyWind|Jolly||F|||50|]Gholdengo||LifeOrb|GoodasGold|MakeItRain,ShadowBall,NastyPlot,Protect|Modest|||||50|]Whimsicott||FocusSash|Prankster|Moonblast,Protect,Tailwind,Encore|Modest||F|||50|]Incineroar||PasshoBerry|Intimidate|FakeOut,FlareBlitz,ThroatChop,PartingShot|Careful||F|||50|]Charizard||CharizarditeY|Blaze|HeatWave,WeatherBall,Protect,SolarBeam|Modest||F|||50|
|showteam|p2|Sneasler||FocusSash|PoisonTouch|FakeOut,CloseCombat,DireClaw,QuickGuard|Jolly||M|||50|]Blastoise||Blastoisinite|RainDish|ShellSmash,WaterSpout,DarkPulse,Protect|Modest||M|||50|]Kingambit||BlackGlasses|Defiant|SwordsDance,KowtowCleave,SuckerPunch,Protect|Adamant||M|||50|]Incineroar||SitrusBerry|Intimidate|FakeOut,FlareBlitz,ThroatChop,PartingShot|Impish||M|||50|]Delphox||Delphoxite|Blaze|NastyPlot,HeatWave,Psyshock,Protect|Modest||M|||50|]Sinistcha||KasibBerry|Hospitality|MatchaGotcha,RagePowder,TrickRoom,Protect|Bold|||||50|
|j| aseqtpie
|j| famus123
|j| Shiritu
|j| newgame123
|l| newgame123
|inactive|Battle timer is ON: inactive players will automatically lose when time's up. (requested by kommander)
|
|t:|1785429725
|teamsize|p1|4
|teamsize|p2|4
|start
|switch|p1a: Garchomp|Garchomp, L50, F|100/100
|switch|p1b: Whimsicott|Whimsicott, L50, F|100/100
|switch|p2a: Delphox|Delphox, L50, M|100/100
|switch|p2b: Incineroar|Incineroar, L50, M|100/100
|-ability|p2b: Incineroar|Intimidate|boost
|-unboost|p1a: Garchomp|atk|1
|-unboost|p1b: Whimsicott|atk|1
|turn|1
|inactive|kommander has 30 seconds left.
|inactive|The JRL has 30 seconds left.
|inactive|kommander has 20 seconds left.
|inactive|kommander has 15 seconds left.
|
|t:|1785429766
|switch|p1b: Tyranitar|Tyranitar, L50, F|100/100
|-weather|Sandstorm|[from] ability: Sand Stream|[of] p1b: Tyranitar
|detailschange|p2a: Delphox|Delphox-Mega, L50, M
|-mega|p2a: Delphox|Delphox|Delphoxite
|move|p1a: Garchomp|Protect|p1a: Garchomp
|-singleturn|p1a: Garchomp|Protect
|move|p2b: Incineroar|Fake Out|p1a: Garchomp
|-activate|p1a: Garchomp|move: Protect
|move|p2a: Delphox|Heat Wave|p1b: Tyranitar|[spread] p1b
|-activate|p1a: Garchomp|move: Protect
|-resisted|p1b: Tyranitar|1
|-damage|p1b: Tyranitar|87/100
|
|-weather|Sandstorm|[upkeep]
|-damage|p2a: Delphox|94/100|[from] Sandstorm
|-damage|p2b: Incineroar|94/100|[from] Sandstorm
|upkeep
|turn|2
|inactive|The JRL has 30 seconds left.
|inactive|The JRL has 20 seconds left.
|inactive|The JRL has 15 seconds left.
|inactive|The JRL has 10 seconds left.
|
|t:|1785429815
|switch|p2a: Kingambit|Kingambit, L50, M|100/100
|detailschange|p1a: Garchomp|Garchomp-Mega, L50, F
|-mega|p1a: Garchomp|Garchomp|Garchompite
|move|p1b: Tyranitar|Rock Slide|p2b: Incineroar|[spread] p2a,p2b
|-resisted|p2a: Kingambit|1
|-supereffective|p2b: Incineroar|1
|-damage|p2a: Kingambit|89/100
|-damage|p2b: Incineroar|51/100
|move|p1a: Garchomp|Earth Power|p2b: Incineroar
|-supereffective|p2b: Incineroar|1
|-damage|p2b: Incineroar|0 fnt
|faint|p2b: Incineroar
|
|-weather|Sandstorm|[upkeep]
|upkeep
|
|t:|1785429829
|switch|p2b: Sneasler|Sneasler, L50, M|100/100
|turn|3
|j| White Atoq
|inactive|kommander has 30 seconds left.
|
|t:|1785429856
|switch|p1b: Whimsicott|Whimsicott, L50, F|100/100
|move|p2b: Sneasler|Fake Out|p1a: Garchomp
|-damage|p1a: Garchomp|87/100
|cant|p1a: Garchomp|flinch
|move|p2a: Kingambit|Swords Dance|p2a: Kingambit
|-boost|p2a: Kingambit|atk|2
|
|-weather|Sandstorm|[upkeep]
|-damage|p2b: Sneasler|94/100|[from] Sandstorm
|-damage|p1b: Whimsicott|94/100|[from] Sandstorm
|upkeep
|turn|4
|inactive|kommander has 30 seconds left.
|inactive|The JRL has 30 seconds left.
|j|+zoyotte
|inactive|The JRL has 20 seconds left.
|inactive|The JRL has 15 seconds left.
|inactive|The JRL has 10 seconds left.
|inactive|The JRL has 5 seconds left.
|
|t:|1785429909
|move|p1b: Whimsicott|Encore|p2b: Sneasler
|-start|p2b: Sneasler|Encore
|move|p2b: Sneasler|Fake Out||[still]
|-hint|Fake Out only works on your first turn out.
|-fail|p2b: Sneasler
|move|p2a: Kingambit|Sucker Punch|p1a: Garchomp
|-damage|p1a: Garchomp|19/100
|move|p1a: Garchomp|Earth Power|p2a: Kingambit
|-supereffective|p2a: Kingambit|1
|-damage|p2a: Kingambit|0 fnt
|faint|p2a: Kingambit
|
|-weather|Sandstorm|[upkeep]
|-damage|p2b: Sneasler|88/100|[from] Sandstorm
|-damage|p1b: Whimsicott|88/100|[from] Sandstorm
|upkeep
|
|t:|1785429921
|switch|p2a: Delphox|Delphox-Mega, L50, M|94/100
|turn|5
|
|t:|1785429941
|move|p1b: Whimsicott|Tailwind|p1b: Whimsicott
|-sidestart|p1: kommander|move: Tailwind
|move|p1a: Garchomp|Power Gem|p2a: Delphox
|-supereffective|p2a: Delphox|1
|-damage|p2a: Delphox|32/100
|-activate|p2b: Sneasler|move: Struggle
|move|p2b: Sneasler|Struggle|p1b: Whimsicott
|-damage|p1b: Whimsicott|62/100
|-status|p1b: Whimsicott|psn|[from] ability: Poison Touch|[of] p2b: Sneasler
|-damage|p2b: Sneasler|63/100|[from] recoil
|move|p2a: Delphox|Heat Wave|p1a: Garchomp|[spread] p1a,p1b
|-resisted|p1a: Garchomp|1
|-supereffective|p1b: Whimsicott|1
|-damage|p1a: Garchomp|1/100
|-damage|p1b: Whimsicott|0 fnt
|faint|p1b: Whimsicott
|
|-weather|none
|upkeep
|
|t:|1785429945
|switch|p1b: Tyranitar|Tyranitar, L50, F|87/100
|-weather|Sandstorm|[from] ability: Sand Stream|[of] p1b: Tyranitar
|turn|6
|
|t:|1785429958
|move|p2a: Delphox|Protect|p2a: Delphox
|-singleturn|p2a: Delphox|Protect
|move|p1b: Tyranitar|Knock Off|p2a: Delphox
|-activate|p2a: Delphox|move: Protect
|move|p1a: Garchomp|Earth Power|p2b: Sneasler
|-supereffective|p2b: Sneasler|1
|-damage|p2b: Sneasler|0 fnt
|faint|p2b: Sneasler
|
|-weather|Sandstorm|[upkeep]
|-damage|p2a: Delphox|27/100|[from] Sandstorm
|upkeep
|turn|7
|
|t:|1785429970
|switch|p1b: Incineroar|Incineroar, L50, F|100/100
|-ability|p1b: Incineroar|Intimidate|boost
|-unboost|p2a: Delphox|atk|1
|move|p1a: Garchomp|Power Gem|p2a: Delphox
|-supereffective|p2a: Delphox|1
|-damage|p2a: Delphox|0 fnt
|faint|p2a: Delphox
|
|win|kommander
|c|☆The JRL|gg
|c|☆kommander|gg
|l|☆The JRL
|player|p2|
