|j|☆Br1_lore
|j|‽Lycanko_
|html|Br1_loreLycanko_    
|uhtml|bestof|Game 3 of a best-of-3
|t:|1784734800
|gametype|doubles
|player|p1|Br1_lore|170|1176
|player|p2|Lycanko_|florian-bb|1134
|gen|9
|tier|[Gen 9 Champions] VGC 2026 Reg M-B (Bo3)
|rated|
|rule|Species Clause: Limit one of each Pokémon
|rule|Item Clause: Limit 1 of each item
|clearpoke
|poke|p1|Metagross, L50|
|poke|p1|Charizard, L50, F|
|poke|p1|Hydreigon, L50, F|
|poke|p1|Sneasler, L50, M|
|poke|p1|Pelipper, L50, F|
|poke|p1|Whimsicott, L50, F|
|poke|p2|Sneasler, L50, F, shiny|
|poke|p2|Blastoise, L50, M|
|poke|p2|Kingambit, L50, M, shiny|
|poke|p2|Incineroar, L50, M, shiny|
|poke|p2|Delphox, L50, M, shiny|
|poke|p2|Sinistcha, L50, shiny|
|teampreview|4
|showteam|p1|Metagross||Metagrossite|ClearBody|IronHead,PsychicFangs,IcePunch,Protect|Jolly|||||50|]Charizard||CharizarditeY|Blaze|HeatWave,Protect,WeatherBall,SolarBeam|Modest||F|||50|]Hydreigon||ChoiceScarf|Levitate|EarthPower,HeatWave,DarkPulse,DracoMeteor|Timid||F|||50|]Sneasler||WhiteHerb|Unburden|CloseCombat,DireClaw,FakeOut,Protect|Adamant||M|||50|]Pelipper||SitrusBerry|Drizzle|Hurricane,WideGuard,Protect,WeatherBall|Modest||F|||50|]Whimsicott||FocusSash|Prankster|Taunt,Encore,Moonblast,Tailwind|Timid||F|||50|
|showteam|p2|Sneasler||FocusSash|PoisonTouch|PoisonJab,CloseCombat,FakeOut,QuickGuard|Jolly||F|||50|]Blastoise||Blastoisinite|RainDish|DarkPulse,WaterSpout,ShellSmash,Protect|Modest||M|||50|]Kingambit||BlackGlasses|Defiant|KowtowCleave,SuckerPunch,SwordsDance,Protect|Adamant||M|||50|]Incineroar||SitrusBerry|Intimidate|FlareBlitz,HelpingHand,PartingShot,FakeOut|Careful||M|||50|]Delphox||Delphoxite|Blaze|HeatWave,NastyPlot,Psyshock,Protect|Modest||M|||50|]Sinistcha||KasibBerry|Hospitality|MatchaGotcha,RagePowder,TrickRoom,Protect|Bold|||||50|
|inactive|Battle timer is ON: inactive players will automatically lose when time's up. (requested by Lycanko_)
|
|t:|1784734817
|teamsize|p1|4
|teamsize|p2|4
|start
|switch|p1a: Whimsicott|Whimsicott, L50, F|100/100
|switch|p1b: Sneasler|Sneasler, L50, M|100/100
|switch|p2a: Incineroar|Incineroar, L50, M, shiny|100/100
|switch|p2b: Kingambit|Kingambit, L50, M, shiny|100/100
|-ability|p2a: Incineroar|Intimidate|boost
|-unboost|p1a: Whimsicott|atk|1
|-unboost|p1b: Sneasler|atk|1
|-enditem|p1b: Sneasler|White Herb
|-clearnegativeboost|p1b: Sneasler|[silent]
|turn|1
|inactive|Lycanko_ has 30 seconds left.
|
|t:|1784734846
|move|p2a: Incineroar|Fake Out|p1b: Sneasler
|-damage|p1b: Sneasler|86/100
|cant|p1b: Sneasler|flinch
|move|p1a: Whimsicott|Moonblast|p2b: Kingambit
|-damage|p2b: Kingambit|71/100
|move|p2b: Kingambit|Swords Dance|p2b: Kingambit
|-boost|p2b: Kingambit|atk|2
|
|upkeep
|turn|2
|inactive|Br1_lore has 30 seconds left.
|
|t:|1784734875
|switch|p1b: Hydreigon|Hydreigon, L50, F|100/100
|move|p2b: Kingambit|Sucker Punch||[still]
|-fail|p2b: Kingambit
|move|p1a: Whimsicott|Moonblast|p2b: Kingambit
|-damage|p2b: Kingambit|43/100
|move|p2a: Incineroar|Flare Blitz|p1a: Whimsicott
|-supereffective|p1a: Whimsicott|1
|-enditem|p1a: Whimsicott|Focus Sash
|-damage|p1a: Whimsicott|1/100
|-damage|p2a: Incineroar|77/100|[from] Recoil
|
|upkeep
|turn|3
|
|t:|1784734900
|move|p1a: Whimsicott|Tailwind|p1a: Whimsicott
|-sidestart|p1: Br1_lore|move: Tailwind
|move|p2b: Kingambit|Sucker Punch|p1b: Hydreigon
|-resisted|p1b: Hydreigon|1
|-damage|p1b: Hydreigon|52/100
|move|p1b: Hydreigon|Heat Wave|p2b: Kingambit|[spread] p2a,p2b
|-resisted|p2a: Incineroar|1
|-supereffective|p2b: Kingambit|1
|-damage|p2a: Incineroar|69/100
|-damage|p2b: Kingambit|9/100
|move|p2a: Incineroar|Flare Blitz|p1b: Hydreigon
|-resisted|p1b: Hydreigon|1
|-damage|p1b: Hydreigon|28/100
|-damage|p2a: Incineroar|62/100|[from] Recoil
|
|upkeep
|turn|4
|
|t:|1784734921
|switch|p1b: Sneasler|Sneasler, L50, M|86/100
|move|p2a: Incineroar|Helping Hand|p2b: Kingambit
|-singleturn|p2b: Kingambit|Helping Hand|[of] p2a: Incineroar
|move|p2b: Kingambit|Sucker Punch||[still]
|-fail|p2b: Kingambit
|move|p1a: Whimsicott|Moonblast|p2a: Incineroar
|-damage|p2a: Incineroar|35/100
|-enditem|p2a: Incineroar|Sitrus Berry|[eat]
|-heal|p2a: Incineroar|59/100|[from] item: Sitrus Berry
|
|upkeep
|turn|5
|
|t:|1784734945
|move|p2b: Kingambit|Protect|p2b: Kingambit
|-singleturn|p2b: Kingambit|Protect
|move|p1b: Sneasler|Fake Out|p2b: Kingambit
|-activate|p2b: Kingambit|move: Protect
|move|p1a: Whimsicott|Moonblast|p2a: Incineroar
|-damage|p2a: Incineroar|31/100
|move|p2a: Incineroar|Flare Blitz|p1b: Sneasler
|-damage|p1b: Sneasler|30/100
|-damage|p2a: Incineroar|16/100|[from] Recoil
|
|upkeep
|turn|6
|
|t:|1784734962
|switch|p1b: Hydreigon|Hydreigon, L50, F|28/100
|move|p2b: Kingambit|Sucker Punch||[still]
|-fail|p2b: Kingambit
|move|p1a: Whimsicott|Moonblast|p2b: Kingambit
|-damage|p2b: Kingambit|0 fnt
|faint|p2b: Kingambit
|move|p2a: Incineroar|Flare Blitz|p1b: Hydreigon
|-resisted|p1b: Hydreigon|1
|-damage|p1b: Hydreigon|3/100
|-damage|p2a: Incineroar|8/100|[from] Recoil
|
|-sideend|p1: Br1_lore|move: Tailwind
|upkeep
|inactive|Lycanko_ has 30 seconds left.
|
|t:|1784734993
|switch|p2b: Delphox|Delphox, L50, M, shiny|100/100
|turn|7
|
|t:|1784735005
|switch|p2a: Sneasler|Sneasler, L50, F, shiny|100/100
|detailschange|p2b: Delphox|Delphox-Mega, L50, M, shiny
|-mega|p2b: Delphox|Delphox|Delphoxite
|move|p2b: Delphox|Protect|p2b: Delphox
|-singleturn|p2b: Delphox|Protect
|move|p1b: Hydreigon|Dark Pulse|p2b: Delphox
|-activate|p2b: Delphox|move: Protect
|move|p1a: Whimsicott|Moonblast|p2a: Sneasler
|-damage|p2a: Sneasler|55/100
|
|upkeep
|turn|8
|
|t:|1784735021
|move|p2a: Sneasler|Fake Out|p1b: Hydreigon
|-damage|p1b: Hydreigon|0 fnt
|faint|p1b: Hydreigon
|move|p1a: Whimsicott|Tailwind|p1a: Whimsicott
|-sidestart|p1: Br1_lore|move: Tailwind
|move|p2b: Delphox|Heat Wave|p1a: Whimsicott
|-supereffective|p1a: Whimsicott|1
|-damage|p1a: Whimsicott|0 fnt
|faint|p1a: Whimsicott
|
|upkeep
|
|t:|1784735030
|switch|p1a: Charizard|Charizard, L50, F|100/100
|switch|p1b: Sneasler|Sneasler, L50, M|30/100
|turn|9
|
|t:|1784735054
|detailschange|p1a: Charizard|Charizard-Mega-Y, L50, F
|-mega|p1a: Charizard|Charizard|Charizardite Y
|-weather|SunnyDay|[from] ability: Drought|[of] p1a: Charizard
|move|p1b: Sneasler|Fake Out|p2b: Delphox
|-damage|p2b: Delphox|84/100
|move|p2a: Sneasler|Quick Guard|p2a: Sneasler
|-singleturn|p2a: Sneasler|Quick Guard
|move|p1a: Charizard|Weather Ball|p2a: Sneasler
|-damage|p2a: Sneasler|0 fnt
|faint|p2a: Sneasler
|cant|p2b: Delphox|flinch
|
|-weather|SunnyDay|[upkeep]
|upkeep
|
|t:|1784735065
|switch|p2a: Incineroar|Incineroar, L50, M, shiny|8/100
|-ability|p2a: Incineroar|Intimidate|boost
|-unboost|p1a: Charizard|atk|1
|-unboost|p1b: Sneasler|atk|1
|turn|10
|
|t:|1784735074
|move|p2a: Incineroar|Fake Out|p1a: Charizard
|-damage|p1a: Charizard|89/100
|move|p1b: Sneasler|Dire Claw|p2b: Delphox
|-damage|p2b: Delphox|52/100
|-status|p2b: Delphox|par
|cant|p1a: Charizard|flinch
|move|p2b: Delphox|Nasty Plot|p2b: Delphox
|-boost|p2b: Delphox|spa|2
|
|-weather|SunnyDay|[upkeep]
|upkeep
|turn|11
|
|t:|1784735097
|move|p1b: Sneasler|Dire Claw|p2b: Delphox
|-damage|p2b: Delphox|20/100y par
|move|p1a: Charizard|Heat Wave|p2b: Delphox|[spread] p2a
|-miss|p1a: Charizard|p2b: Delphox
|-resisted|p2a: Incineroar|1
|-damage|p2a: Incineroar|0 fnt
|faint|p2a: Incineroar
|move|p2b: Delphox|Psyshock|p1a: Charizard
|-crit|p1a: Charizard
|-damage|p1a: Charizard|0 fnt
|faint|p1a: Charizard
|
|-weather|SunnyDay|[upkeep]
|-sideend|p1: Br1_lore|move: Tailwind
|upkeep
|turn|12
|inactive|Lycanko_ has 30 seconds left.
|
|t:|1784735124
|move|p1b: Sneasler|Dire Claw|p2b: Delphox
|-damage|p2b: Delphox|0 fnt
|faint|p2b: Delphox
|
|win|Br1_lore
|raw|Br1_lore's rating: 1176 → 1198(+22 for winning)
|raw|Lycanko_'s rating: 1134 → 1112(-22 for losing)
