|j|☆beeetch
|j|☆enfermera saturada
|html|beeetchenfermera saturada    
|uhtml|bestof|Game 2 of a best-of-3
|t:|1754903125
|gametype|doubles
|player|p1|beeetch|beauty-gen4dp|1245
|player|p2|enfermera saturada|101|1258
|gen|9
|tier|[Gen 9] VGC 2025 Reg H (Bo3)
|rated|
|rule|Species Clause: Limit one of each Pokémon
|rule|Item Clause: Limit 1 of each item
|clearpoke
|poke|p1|Toedscruel, L50, M|
|poke|p1|Weezing-Galar, L50, M|
|poke|p1|Corviknight, L50, M|
|poke|p1|Pawmot, L50, F|
|poke|p1|Garchomp, L50, F|
|poke|p1|Typhlosion-Hisui, L50, M|
|poke|p2|Baxcalibur, L50, F|
|poke|p2|Dondozo, L50, M|
|poke|p2|Kingambit, L50, M|
|poke|p2|Rillaboom, L50, M|
|poke|p2|Sneasler, L50, F|
|poke|p2|Volcarona, L50, M|
|teampreview|4
|showteam|p1|Toedscruel||CovertCloak|MyceliumMight|Spore,EarthPower,AcidSpray,RagePowder|||M|||50|,,,,,Water]Weezing-Galar||ChoiceSpecs|NeutralizingGas|DazzlingGleam,SludgeBomb,StrangeSteam,Flamethrower|||M|||50|,,,,,Fire]Corviknight||SitrusBerry|MirrorArmor|Protect,Tailwind,Roost,BraveBird|||M|||50|,,,,,Dragon]Pawmot||FocusSash|NaturalCure|Protect,CloseCombat,DoubleShock,FakeOut|||F|||50|,,,,,Electric]Garchomp||LifeOrb|RoughSkin|Protect,Earthquake,DragonClaw,StompingTantrum|||F|||50|,,,,,Ground]Typhlosion-Hisui||ChoiceScarf|Blaze|Eruption,SleepTalk,HeatWave,ShadowBall|||M|||50|,,,,,Fire
|showteam|p2|Baxcalibur||LoadedDice|ThermalExchange|Protect,IcicleSpear,ScaleShot,IceShard|||F|||50|,,,,,Ghost]Dondozo||Leftovers|Unaware|Protect,Liquidation,Yawn,Fissure|||M|||50|,,,,,Bug]Kingambit||SafetyGoggles|Defiant|Protect,KowtowCleave,SuckerPunch,SwordsDance|||M|||50|,,,,,Ghost]Rillaboom||AssaultVest|GrassySurge|WoodHammer,GrassyGlide,FakeOut,HighHorsepower|||M|||50|,,,,,Water]Sneasler||FocusSash|Unburden|Protect,CloseCombat,DireClaw,Coaching|||F|||50|,,,,,Stellar]Volcarona||CovertCloak|FlameBody|HeatWave,TeraBlast,QuiverDance,RagePowder|||M|||50|,,,,,Fairy
|
|t:|1754903175
|teamsize|p1|4
|teamsize|p2|4
|start
|switch|p1a: Weezing|Weezing-Galar, L50, M|100/100
|switch|p1b: Toedscruel|Toedscruel, L50, M|100/100
|switch|p2a: Sneasler|Sneasler, L50, F|100/100
|switch|p2b: Rillaboom|Rillaboom, L50, M|100/100
|-ability|p1a: Weezing|Neutralizing Gas
|turn|1
|
|t:|1754903194
|-terastallize|p2a: Sneasler|Stellar
|move|p2b: Rillaboom|Fake Out|p1a: Weezing
|-damage|p1a: Weezing|87/100
|move|p2a: Sneasler|Close Combat|p1b: Toedscruel
|-damage|p1b: Toedscruel|0 fnt
|-unboost|p2a: Sneasler|def|1
|-unboost|p2a: Sneasler|spd|1
|faint|p1b: Toedscruel
|cant|p1a: Weezing|flinch
|
|upkeep
|
|t:|1754903205
|switch|p1b: Corviknight|Corviknight, L50, M|100/100
|turn|2
|
|t:|1754903217
|move|p2a: Sneasler|Dire Claw|p1a: Weezing
|-damage|p1a: Weezing|29/100
|move|p2b: Rillaboom|High Horsepower|p1a: Weezing|[miss]
|-miss|p2b: Rillaboom|p1a: Weezing
|move|p1b: Corviknight|Tailwind|p1b: Corviknight
|-sidestart|p1: beeetch|move: Tailwind
|move|p1a: Weezing|Dazzling Gleam|p2a: Sneasler|[spread] p2a,p2b
|-damage|p2a: Sneasler|24/100
|-damage|p2b: Rillaboom|78/100
|
|upkeep
|turn|3
|
|t:|1754903269
|switch|p2b: Kingambit|Kingambit, L50, M|100/100
|move|p2a: Sneasler|Protect|p2a: Sneasler
|-singleturn|p2a: Sneasler|Protect
|move|p1b: Corviknight|Brave Bird|p2b: Kingambit
|-resisted|p2b: Kingambit
|-damage|p2b: Kingambit|83/100
|-damage|p1b: Corviknight|95/100|[from] Recoil
|move|p1a: Weezing|Dazzling Gleam|p2b: Kingambit|[spread] p2b
|-activate|p2a: Sneasler|move: Protect
|-damage|p2b: Kingambit|44/100
|
|upkeep
|turn|4
|
|t:|1754903300
|-end|p1a: Weezing|ability: Neutralizing Gas
|switch|p1a: Pawmot|Pawmot, L50, F|100/100
|move|p2b: Kingambit|Protect|p2b: Kingambit
|-singleturn|p2b: Kingambit|Protect
|move|p1b: Corviknight|Brave Bird|p2a: Sneasler
|-supereffective|p2a: Sneasler
|-damage|p2a: Sneasler|0 fnt
|faint|p2a: Sneasler
|-damage|p1b: Corviknight|89/100|[from] Recoil
|
|upkeep
|
|t:|1754903319
|switch|p2a: Baxcalibur|Baxcalibur, L50, F|100/100
|turn|5
|
|t:|1754903355
|move|p1a: Pawmot|Close Combat|p2a: Baxcalibur
|-supereffective|p2a: Baxcalibur
|-damage|p2a: Baxcalibur|0 fnt
|-unboost|p1a: Pawmot|def|1
|-unboost|p1a: Pawmot|spd|1
|faint|p2a: Baxcalibur
|move|p1b: Corviknight|Brave Bird|p2b: Kingambit
|-resisted|p2b: Kingambit
|-damage|p2b: Kingambit|27/100
|-damage|p1b: Corviknight|84/100|[from] Recoil
|move|p2b: Kingambit|Swords Dance|p2b: Kingambit
|-boost|p2b: Kingambit|atk|2
|
|-sideend|p1: beeetch|move: Tailwind
|upkeep
|
|t:|1754903369
|switch|p2a: Rillaboom|Rillaboom, L50, M|78/100
|-fieldstart|move: Grassy Terrain|[from] ability: Grassy Surge|[of] p2a: Rillaboom
|turn|6
|
|t:|1754903381
|move|p1a: Pawmot|Protect|p1a: Pawmot
|-singleturn|p1a: Pawmot|Protect
|move|p2a: Rillaboom|Fake Out|p1a: Pawmot
|-activate|p1a: Pawmot|move: Protect
|move|p1b: Corviknight|Brave Bird|p2a: Rillaboom
|-supereffective|p2a: Rillaboom
|-damage|p2a: Rillaboom|0 fnt
|faint|p2a: Rillaboom
|-damage|p1b: Corviknight|59/100|[from] Recoil
|move|p2b: Kingambit|Kowtow Cleave|p1b: Corviknight
|-damage|p1b: Corviknight|0 fnt
|faint|p1b: Corviknight
|
|-heal|p2b: Kingambit|33/100|[from] Grassy Terrain
|upkeep
|-message|enfermera saturada forfeited.
|
|win|beeetch
|raw|beeetch's rating: 1245 → 1271(+26 for winning)
|raw|enfermera saturada's rating: 1258 → 1232(-26 for losing)
