|j|☆Zachkahan
|j|☆Cristante terabug
|html|ZachkahanCristante terabug    
|uhtml|bestof|Game 1 of a best-of-3
|t:|1756241227
|gametype|doubles
|player|p1|Zachkahan|266|1043
|player|p2|Cristante terabug|kieran-champion|1139
|gen|9
|tier|[Gen 9] VGC 2025 Reg H (Bo3)
|rated|
|rule|Species Clause: Limit one of each Pokémon
|rule|Item Clause: Limit 1 of each item
|clearpoke
|poke|p1|Sneasler, L50, F|
|poke|p1|Incineroar, L50, M|
|poke|p1|Gholdengo, L50|
|poke|p1|Dragonite, L50, M|
|poke|p1|Amoonguss, L50, F|
|poke|p1|Ursaluna-Bloodmoon, L50, M|
|poke|p2|Sneasler, L50, M|
|poke|p2|Gholdengo, L50|
|poke|p2|Rillaboom, L50, F|
|poke|p2|Kommo-o, L50, M|
|poke|p2|Ninetales-Alola, L50, F|
|poke|p2|Basculegion, L50, M|
|teampreview|4
|showteam|p1|Sneasler||FocusSash|PoisonTouch|DireClaw,CloseCombat,ThroatChop,Protect|||F|||50|,,,,,Stellar]Incineroar||SafetyGoggles|Intimidate|FakeOut,FlareBlitz,KnockOff,PartingShot|||M|||50|,,,,,Ghost]Gholdengo||LifeOrb|GoodasGold|MakeItRain,ShadowBall,NastyPlot,Protect||||||50|,,,,,Water]Dragonite||LoadedDice|Multiscale|ScaleShot,StompingTantrum,Tailwind,Protect|||M|||50|,,,,,Ground]Amoonguss||MentalHerb|Regenerator|PollenPuff,Spore,RagePowder,Protect|||F|||50|,,,,,Psychic]Ursaluna-Bloodmoon||AssaultVest|MindsEye|BloodMoon,HyperVoice,EarthPower,VacuumWave|||M|||50|,,,,,Normal
|showteam|p2|Sneasler||GrassySeed|Unburden|CloseCombat,DireClaw,Coaching,Protect|||M|||50|,,,,,Stellar]Gholdengo||LifeOrb|GoodasGold|MakeItRain,NastyPlot,Protect,ShadowBall||||||50|,,,,,Water]Rillaboom||AssaultVest|GrassySurge|FakeOut,GrassyGlide,DrumBeating,HighHorsepower|||F|||50|,,,,,Fire]Kommo-o||Leftovers|Overcoat|BodyPress,IronDefense,Flamethrower,Protect|||M|||50|,,,,,Fire]Ninetales-Alola||FocusSash|SnowCloak|Blizzard,AuroraVeil,Encore,Protect|||F|||50|,,,,,Water]Basculegion||ChoiceScarf|Adaptability|WaveCrash,LastRespects,FlipTurn,TeraBlast|||M|||50|,,,,,Fighting
|inactive|Battle timer is ON: inactive players will automatically lose when time's up. (requested by Cristante terabug)
|
|t:|1756241272
|teamsize|p1|4
|teamsize|p2|4
|start
|switch|p1a: Gholdengo|Gholdengo, L50|100/100
|switch|p1b: Incineroar|Incineroar, L50, M|100/100
|switch|p2a: Basculegion|Basculegion, L50, M|100/100
|switch|p2b: Rillaboom|Rillaboom, L50, F|100/100
|-fieldstart|move: Grassy Terrain|[from] ability: Grassy Surge|[of] p2b: Rillaboom
|-ability|p1b: Incineroar|Intimidate|boost
|-unboost|p2a: Basculegion|atk|1
|-unboost|p2b: Rillaboom|atk|1
|turn|1
|inactive|Zachkahan has 30 seconds left.
|inactive|Cristante terabug has 30 seconds left.
|
|t:|1756241307
|switch|p1b: Amoonguss|Amoonguss, L50, F|100/100
|move|p1a: Gholdengo|Protect|p1a: Gholdengo
|-singleturn|p1a: Gholdengo|Protect
|move|p2b: Rillaboom|Fake Out|p1b: Amoonguss
|-damage|p1b: Amoonguss|93/100
|move|p2a: Basculegion|Flip Turn|p1b: Amoonguss
|-resisted|p1b: Amoonguss
|-damage|p1b: Amoonguss|84/100
|
|t:|1756241316
|switch|p2a: Gholdengo|Gholdengo, L50|100/100|[from] Flip Turn
|
|-heal|p1b: Amoonguss|90/100|[from] Grassy Terrain
|upkeep
|turn|2
|
|t:|1756241336
|-terastallize|p2a: Gholdengo|Water
|move|p1b: Amoonguss|Rage Powder|p1b: Amoonguss
|-singleturn|p1b: Amoonguss|move: Rage Powder
|move|p2b: Rillaboom|Drum Beating|p1a: Gholdengo
|-resisted|p1a: Gholdengo
|-damage|p1a: Gholdengo|84/100
|-unboost|p1a: Gholdengo|spe|1
|move|p2a: Gholdengo|Nasty Plot|p2a: Gholdengo
|-boost|p2a: Gholdengo|spa|2
|move|p1a: Gholdengo|Shadow Ball|p2a: Gholdengo
|-damage|p2a: Gholdengo|40/100
|-damage|p1a: Gholdengo|75/100|[from] item: Life Orb
|
|-heal|p2a: Gholdengo|45/100|[from] Grassy Terrain
|-heal|p1a: Gholdengo|80/100|[from] Grassy Terrain
|-heal|p1b: Amoonguss|96/100|[from] Grassy Terrain
|upkeep
|turn|3
|inactive|Zachkahan has 30 seconds left.
|inactive|Zachkahan has 20 seconds left.
|inactive|Zachkahan has 15 seconds left.
|inactive|Zachkahan has 10 seconds left.
|
|t:|1756241384
|move|p2a: Gholdengo|Protect|p2a: Gholdengo
|-singleturn|p2a: Gholdengo|Protect
|move|p1b: Amoonguss|Rage Powder|p1b: Amoonguss
|-singleturn|p1b: Amoonguss|move: Rage Powder
|move|p2b: Rillaboom|High Horsepower|p1a: Gholdengo
|-supereffective|p1a: Gholdengo
|-damage|p1a: Gholdengo|40/100
|move|p1a: Gholdengo|Shadow Ball|p2b: Rillaboom
|-damage|p2b: Rillaboom|55/100
|-damage|p1a: Gholdengo|31/100|[from] item: Life Orb
|
|-heal|p2b: Rillaboom|61/100|[from] Grassy Terrain
|-heal|p2a: Gholdengo|51/100|[from] Grassy Terrain
|-heal|p1a: Gholdengo|36/100|[from] Grassy Terrain
|-heal|p1b: Amoonguss|100/100|[from] Grassy Terrain
|upkeep
|turn|4
|
|t:|1756241405
|switch|p1a: Incineroar|Incineroar, L50, M|100/100
|-ability|p1a: Incineroar|Intimidate|boost
|-unboost|p2a: Gholdengo|atk|1
|-unboost|p2b: Rillaboom|atk|1
|move|p2b: Rillaboom|High Horsepower|p1a: Incineroar
|-supereffective|p1a: Incineroar
|-damage|p1a: Incineroar|80/100
|move|p2a: Gholdengo|Make It Rain|p1a: Incineroar|[spread] p1a,p1b
|-resisted|p1a: Incineroar
|-damage|p1a: Incineroar|30/100
|-damage|p1b: Amoonguss|0 fnt
|-unboost|p2a: Gholdengo|spa|1
|faint|p1b: Amoonguss
|-damage|p2a: Gholdengo|42/100|[from] item: Life Orb
|
|-heal|p2b: Rillaboom|67/100|[from] Grassy Terrain
|-heal|p2a: Gholdengo|48/100|[from] Grassy Terrain
|-heal|p1a: Incineroar|36/100|[from] Grassy Terrain
|upkeep
|
|t:|1756241424
|switch|p1b: Sneasler|Sneasler, L50, F|100/100
|turn|5
|
|t:|1756241435
|move|p1b: Sneasler|Protect|p1b: Sneasler
|-singleturn|p1b: Sneasler|Protect
|move|p2a: Gholdengo|Protect|p2a: Gholdengo
|-singleturn|p2a: Gholdengo|Protect
|move|p2b: Rillaboom|High Horsepower|p1b: Sneasler
|-activate|p1b: Sneasler|move: Protect
|move|p1a: Incineroar|Flare Blitz|p2b: Rillaboom
|-supereffective|p2b: Rillaboom
|-damage|p2b: Rillaboom|0 fnt
|faint|p2b: Rillaboom
|-damage|p1a: Incineroar|16/100|[from] Recoil
|
|-heal|p2a: Gholdengo|54/100|[from] Grassy Terrain
|-heal|p1a: Incineroar|22/100|[from] Grassy Terrain
|-fieldend|move: Grassy Terrain
|upkeep
|
|t:|1756241442
|switch|p2b: Basculegion|Basculegion, L50, M|100/100
|turn|6
|
|t:|1756241453
|-terastallize|p1b: Sneasler|Stellar
|move|p2b: Basculegion|Flip Turn|p1b: Sneasler
|-damage|p1b: Sneasler|37/100
|
|t:|1756241457
|switch|p2b: Sneasler|Sneasler, L50, M|100/100|[from] Flip Turn
|move|p1b: Sneasler|Throat Chop|p2b: Sneasler
|-resisted|p2b: Sneasler
|-damage|p2b: Sneasler|80/100
|-start|p2b: Sneasler|Throat Chop|[silent]
|move|p2a: Gholdengo|Make It Rain|p1a: Incineroar|[spread] p1a,p1b
|-resisted|p1a: Incineroar
|-damage|p1a: Incineroar|0 fnt
|-damage|p1b: Sneasler|0 fnt
|-unboost|p2a: Gholdengo|spa|1
|faint|p1a: Incineroar
|faint|p1b: Sneasler
|-damage|p2a: Gholdengo|44/100|[from] item: Life Orb
|
|upkeep
|-message|Zachkahan forfeited.
|
|win|Cristante terabug
|l|☆Zachkahan
|player|p1|
|j|☆Zachkahan
|player|p1|Zachkahan|266|
