|j|☆prophetcassandra
|j|☆Joey Snowball
|html|prophetcassandraJoey Snowball    
|uhtml|bestof|Game 2 of a best-of-3
|t:|1783793071
|gametype|doubles
|player|p1|prophetcassandra|caitlin|
|player|p2|Joey Snowball|266|
|gen|9
|tier|[Gen 9 Champions] VGC 2026 Reg M-B (Bo3)
|rule|Species Clause: Limit one of each Pokémon
|rule|Item Clause: Limit 1 of each item
|clearpoke
|poke|p1|Maushold-Four, L50|
|poke|p1|Gholdengo, L50|
|poke|p1|Swampert, L50, F|
|poke|p1|Talonflame, L50, F|
|poke|p1|Drampa, L50, M|
|poke|p1|Venusaur, L50, F|
|poke|p2|Basculegion-F, L50, F|
|poke|p2|Sinistcha, L50|
|poke|p2|Wyrdeer, L50, M|
|poke|p2|Gyarados, L50, F|
|poke|p2|Blaziken, L50, M|
|poke|p2|Lycanroc-Dusk, L50, M|
|teampreview|4
|showteam|p1|Maushold-Four||WideLens|FriendGuard|PopulationBomb,TidyUp,Crunch,Protect|Naive|||||50|]Gholdengo||LifeOrb|GoodasGold|MakeItRain,NastyPlot,Protect,DazzlingGleam|Modest|||||50|]Swampert||Swampertite|Torrent|Earthquake,HammerArm,FlipTurn,Waterfall|Lax||F|||50|]Talonflame||FocusSash|GaleWings|BraveBird,Roost,Tailwind,BlazeKick|Naive||F|||50|]Drampa||QuickClaw|CloudNine|HyperVoice,GrassKnot,DracoMeteor,ThunderWave|Quiet||M|||50|]Venusaur||Venusaurite|Overgrow|SludgeBomb,EarthPower,SleepPowder,Protect|Timid||F|||50|
|showteam|p2|Basculegion-F||ChoiceScarf|Adaptability|ShadowBall,MuddyWater,Surf,Blizzard|Mild||F|||50|]Sinistcha||QuickClaw|Hospitality|MatchaGotcha,NastyPlot,TrickRoom,ShadowBall|Modest|||||50|]Wyrdeer||SilkScarf|Frisk|PsyshieldBash,GigaImpact,Thrash,ThroatChop|Adamant||M|||50|]Gyarados||Gyaradosite|Intimidate|Waterfall,StoneEdge,Protect,PowerWhip|Relaxed||F|||50|]Blaziken||Blazikenite|Blaze|CloseCombat,FlareBlitz,KnockOff,Protect|Adamant||M|||50|]Lycanroc-Dusk||FocusSash|ToughClaws|RockSlide,Protect,LastResort,SuckerPunch|Adamant||M|||50|
|j| immmcanadian
|j| PrinceFrerin
|inactive|Battle timer is ON: inactive players will automatically lose when time's up. (requested by Joey Snowball)
|
|t:|1783793126
|teamsize|p1|4
|teamsize|p2|4
|start
|switch|p1a: Talonflame|Talonflame, L50, F|100/100
|switch|p1b: Gholdengo|Gholdengo, L50|100/100
|switch|p2a: Good ol reliable|Basculegion-F, L50, F|100/100
|switch|p2b: matcha at home|Sinistcha, L50|100/100
|turn|1
|inactive|prophetcassandra has 30 seconds left.
|inactive|Joey Snowball has 30 seconds left.
|inactive|prophetcassandra has 20 seconds left.
|inactive|Joey Snowball has 20 seconds left.
|inactive|prophetcassandra has 15 seconds left.
|
|t:|1783793167
|switch|p2b: mega moxie|Gyarados, L50, F|100/100
|-ability|p2b: mega moxie|Intimidate|boost
|-unboost|p1a: Talonflame|atk|1
|-unboost|p1b: Gholdengo|atk|1
|move|p1a: Talonflame|Brave Bird|p2b: mega moxie
|-damage|p2b: mega moxie|73/100
|-damage|p1a: Talonflame|90/100|[from] Recoil
|move|p2a: Good ol reliable|Surf|p1b: Gholdengo|[spread] p2b,p1a,p1b
|-resisted|p2b: mega moxie|1
|-supereffective|p1a: Talonflame|1
|-damage|p2b: mega moxie|52/100
|-damage|p1a: Talonflame|0 fnt
|-damage|p1b: Gholdengo|54/100
|faint|p1a: Talonflame
|move|p1b: Gholdengo|Make It Rain|p2b: mega moxie|[spread] p2a,p2b
|-resisted|p2a: Good ol reliable|1
|-resisted|p2b: mega moxie|1
|-damage|p2a: Good ol reliable|68/100
|-damage|p2b: mega moxie|20/100y
|-unboost|p1b: Gholdengo|spa|2
|-damage|p1b: Gholdengo|44/100|[from] item: Life Orb
|
|upkeep
|
|t:|1783793186
|switch|p1a: Venusaur|Venusaur, L50, F|100/100
|turn|2
|inactive|Joey Snowball has 30 seconds left.
|inactive|Joey Snowball has 20 seconds left.
|
|t:|1783793222
|switch|p1b: Maushold|Maushold-Four, L50|100/100
|switch|p2b: matcha at home|Sinistcha, L50|100/100
|-heal|p2a: Good ol reliable|93/100|[from] ability: Hospitality|[of] p2b: matcha at home
|detailschange|p1a: Venusaur|Venusaur-Mega, L50, F
|-mega|p1a: Venusaur|Venusaur|Venusaurite
|move|p2a: Good ol reliable|Surf|p1b: Maushold|[spread] p2b,p1a,p1b
|-resisted|p2b: matcha at home|1
|-resisted|p1a: Venusaur|1
|-damage|p2b: matcha at home|75/100
|-damage|p1a: Venusaur|85/100
|-damage|p1b: Maushold|28/100
|move|p1a: Venusaur|Sleep Powder|p2a: Good ol reliable
|-status|p2a: Good ol reliable|slp|[from] move: Sleep Powder
|
|upkeep
|turn|3
|inactive|prophetcassandra has 30 seconds left.
|inactive|Joey Snowball has 30 seconds left.
|inactive|Joey Snowball has 20 seconds left.
|inactive|Joey Snowball has 15 seconds left.
|inactive|Joey Snowball has 10 seconds left.
|
|t:|1783793269
|switch|p2b: mega moxie|Gyarados, L50, F|20/100y
|-ability|p2b: mega moxie|Intimidate|boost
|-unboost|p1a: Venusaur|atk|1
|-unboost|p1b: Maushold|atk|1
|move|p1b: Maushold|Crunch|p2b: mega moxie
|-damage|p2b: mega moxie|10/100
|cant|p2a: Good ol reliable|slp
|move|p1a: Venusaur|Sludge Bomb|p2b: mega moxie
|-damage|p2b: mega moxie|0 fnt
|faint|p2b: mega moxie
|
|upkeep
|
|t:|1783793292
|switch|p2b: Not in Uber|Blaziken, L50, M|100/100
|turn|4
|inactive|prophetcassandra has 30 seconds left.
|inactive|prophetcassandra has 20 seconds left.
|inactive|prophetcassandra has 15 seconds left.
|
|t:|1783793335
|detailschange|p2b: Not in Uber|Blaziken-Mega, L50, M
|-mega|p2b: Not in Uber|Blaziken|Blazikenite
|move|p2b: Not in Uber|Protect|p2b: Not in Uber
|-singleturn|p2b: Not in Uber|Protect
|move|p1b: Maushold|Population Bomb|p2b: Not in Uber
|-activate|p2b: Not in Uber|move: Protect
|cant|p2a: Good ol reliable|slp
|move|p1a: Venusaur|Earth Power|p2b: Not in Uber
|-activate|p2b: Not in Uber|move: Protect
|
|-ability|p2b: Not in Uber|Speed Boost|boost
|-boost|p2b: Not in Uber|spe|1
|upkeep
|turn|5
|c|☆prophetcassandra|gg
|inactive|Joey Snowball has 30 seconds left.
|inactive|Joey Snowball has 20 seconds left.
|
|t:|1783793375
|switch|p2b: matcha at home|Sinistcha, L50|75/100
|-heal|p2a: Good ol reliable|100/100 slp|[from] ability: Hospitality|[of] p2b: matcha at home
|move|p1b: Maushold|Protect|p1b: Maushold
|-singleturn|p1b: Maushold|Protect
|-curestatus|p2a: Good ol reliable|slp|[msg]
|move|p2a: Good ol reliable|Surf|p1b: Maushold|[spread] p2b,p1a
|-activate|p1b: Maushold|move: Protect
|-resisted|p2b: matcha at home|1
|-resisted|p1a: Venusaur|1
|-damage|p2b: matcha at home|52/100
|-damage|p1a: Venusaur|69/100
|move|p1a: Venusaur|Sleep Powder|p2a: Good ol reliable
|-status|p2a: Good ol reliable|slp|[from] move: Sleep Powder
|
|upkeep
|turn|6
|l| immmcanadian
|j| immmcanadian
|inactive|Joey Snowball has 30 seconds left.
|
|t:|1783793401
|move|p1b: Maushold|Tidy Up|p1b: Maushold
|-boost|p1b: Maushold|atk|1
|-boost|p1b: Maushold|spe|1
|cant|p2a: Good ol reliable|slp
|move|p1a: Venusaur|Sludge Bomb|p2b: matcha at home
|-damage|p2b: matcha at home|2/100
|-status|p2b: matcha at home|psn
|move|p2b: matcha at home|Shadow Ball|p1a: Venusaur
|-damage|p1a: Venusaur|34/100
|-unboost|p1a: Venusaur|spd|1
|
|-damage|p2b: matcha at home|0 fnt|[from] psn
|faint|p2b: matcha at home
|upkeep
|
|t:|1783793414
|switch|p2b: Not in Uber|Blaziken-Mega, L50, M|100/100
|turn|7
|inactive|prophetcassandra has 30 seconds left.
|
|t:|1783793447
|move|p2b: Not in Uber|Protect|p2b: Not in Uber
|-singleturn|p2b: Not in Uber|Protect
|move|p1b: Maushold|Population Bomb|p2b: Not in Uber
|-activate|p2b: Not in Uber|move: Protect
|cant|p2a: Good ol reliable|slp
|move|p1a: Venusaur|Sleep Powder|p2b: Not in Uber
|-activate|p2b: Not in Uber|move: Protect
|
|-ability|p2b: Not in Uber|Speed Boost|boost
|-boost|p2b: Not in Uber|spe|1
|upkeep
|turn|8
|c|☆prophetcassandra|sigh
|inactive|Joey Snowball has 30 seconds left.
|inactive|Joey Snowball has 20 seconds left.
|inactive|Joey Snowball has 15 seconds left.
|
|t:|1783793491
|move|p1b: Maushold|Protect|p1b: Maushold
|-singleturn|p1b: Maushold|Protect
|move|p1a: Venusaur|Protect|p1a: Venusaur
|-singleturn|p1a: Venusaur|Protect
|move|p2b: Not in Uber|Flare Blitz|p1a: Venusaur
|-activate|p1a: Venusaur|move: Protect
|-curestatus|p2a: Good ol reliable|slp|[msg]
|move|p2a: Good ol reliable|Surf|p1a: Venusaur|[spread] p2b
|-activate|p1a: Venusaur|move: Protect
|-activate|p1b: Maushold|move: Protect
|-supereffective|p2b: Not in Uber|1
|-damage|p2b: Not in Uber|9/100
|
|-ability|p2b: Not in Uber|Speed Boost|boost
|-boost|p2b: Not in Uber|spe|1
|upkeep
|turn|9
|inactive|prophetcassandra has 30 seconds left.
|inactive|Joey Snowball has 30 seconds left.
|inactive|prophetcassandra has 20 seconds left.
|inactive|Joey Snowball has 20 seconds left.
|inactive|prophetcassandra has 15 seconds left.
|inactive|Joey Snowball has 15 seconds left.
|inactive|Joey Snowball has 10 seconds left.
|
|t:|1783793539
|switch|p1a: Gholdengo|Gholdengo, L50|44/100
|move|p1b: Maushold|Crunch|p2a: Good ol reliable
|-supereffective|p2a: Good ol reliable|1
|-damage|p2a: Good ol reliable|42/100
|move|p2b: Not in Uber|Close Combat|p1b: Maushold
|-supereffective|p1b: Maushold|1
|-damage|p1b: Maushold|0 fnt
|-unboost|p2b: Not in Uber|def|1
|-unboost|p2b: Not in Uber|spd|1
|faint|p1b: Maushold
|move|p2a: Good ol reliable|Surf|p1a: Gholdengo|[spread] p2b,p1a
|-supereffective|p2b: Not in Uber|1
|-damage|p2b: Not in Uber|0 fnt
|-damage|p1a: Gholdengo|3/100
|faint|p2b: Not in Uber
|
|upkeep
|
|t:|1783793552
|switch|p1b: Venusaur|Venusaur-Mega, L50, F|34/100
|turn|10
|
|t:|1783793577
|move|p1a: Gholdengo|Protect|p1a: Gholdengo
|-singleturn|p1a: Gholdengo|Protect
|move|p2a: Good ol reliable|Surf|p1b: Venusaur|[spread] p1b
|-activate|p1a: Gholdengo|move: Protect
|-resisted|p1b: Venusaur|1
|-damage|p1b: Venusaur|14/100
|move|p1b: Venusaur|Sleep Powder|p2a: Good ol reliable
|-status|p2a: Good ol reliable|slp|[from] move: Sleep Powder
|
|upkeep
|turn|11
|
|t:|1783793594
|cant|p2a: Good ol reliable|slp
|move|p1b: Venusaur|Earth Power|p2a: Good ol reliable
|-damage|p2a: Good ol reliable|18/100 slp
|move|p1a: Gholdengo|Make It Rain|p2a: Good ol reliable
|-resisted|p2a: Good ol reliable|1
|-damage|p2a: Good ol reliable|0 fnt
|-unboost|p1a: Gholdengo|spa|2
|faint|p2a: Good ol reliable
|-damage|p1a: Gholdengo|0 fnt|[from] item: Life Orb
|faint|p1a: Gholdengo
|
|win|prophetcassandra
||Joey Snowball is ready for game 3.
|c|☆prophetcassandra|holy cinema
|inactive|prophetcassandra has 30 seconds to confirm battle start!
||prophetcassandra is ready for game 3.
|uhtml|next|Next: Game 3 of 3
