|j|☆Glimme
|j|☆syll0gism
|html|Glimmesyll0gism    
|uhtml|bestof|Game 1 of a best-of-3
|t:|1782630565
|gametype|doubles
|player|p1|Glimme|170|1306
|player|p2|syll0gism|170|1202
|gen|9
|tier|[Gen 9 Champions] VGC 2026 Reg M-B (Bo3)
|rated|
|rule|Species Clause: Limit one of each Pokémon
|rule|Item Clause: Limit 1 of each item
|clearpoke
|poke|p1|Charizard, L50, M, shiny|
|poke|p1|Farigiraf, L50, M, shiny|
|poke|p1|Kingambit, L50, M, shiny|
|poke|p1|Sylveon, L50, M, shiny|
|poke|p1|Aerodactyl, L50, M, shiny|
|poke|p1|Garchomp, L50, M, shiny|
|poke|p2|Grimmsnarl, L50, M|
|poke|p2|Annihilape, L50, M|
|poke|p2|Blaziken, L50, M|
|poke|p2|Incineroar, L50, M|
|poke|p2|Milotic, L50, F|
|poke|p2|Floette-Eternal, L50, F|
|teampreview|4
|showteam|p1|Charizard||CharizarditeY|SolarPower|Protect,WeatherBall,HeatWave,SolarBeam|Modest||M|||50|]Farigiraf||ExpertBelt|ArmorTail|HelpingHand,TwinBeam,Thunderbolt,TrickRoom|Bold||M|||50|]Kingambit||FocusSash|Defiant|KowtowCleave,SuckerPunch,IronHead,LowKick|Adamant||M|||50|]Sylveon||FairyFeather|Pixilate|Detect,HyperVoice,HyperBeam,QuickAttack|Modest||M|||50|]Aerodactyl||Aerodactylite|Unnerve|IceFang,RockSlide,DualWingbeat,Tailwind|Jolly||M|||50|]Garchomp||LifeOrb|RoughSkin|Protect,RockSlide,DragonClaw,Earthquake|Adamant||M|||50|
|showteam|p2|Grimmsnarl||BlackGlasses|Prankster|FakeOut,SuckerPunch,SpiritBreak,PartingShot|Adamant||M|||50|]Annihilape||Leftovers|Defiant|RageFist,DrainPunch,BulkUp,Protect|Jolly||M|||50|]Blaziken||Blazikenite|SpeedBoost|CloseCombat,FlareBlitz,RockSlide,Protect|Adamant||M|||50|]Incineroar||SitrusBerry|Intimidate|FakeOut,FlareBlitz,ThroatChop,PartingShot|Jolly||M|||50|]Milotic||LifeOrb|Competitive|Scald,IceBeam,Recover,Protect|Timid||F|||50|]Floette-Eternal||Floettite|FlowerVeil|Moonblast,DrainingKiss,CalmMind,Protect|Modest||F|||50|
|inactive|Battle timer is ON: inactive players will automatically lose when time's up. (requested by Glimme)
|inactive|Glimme has 60 seconds left.
|inactive|syll0gism has 60 seconds left.
|
|t:|1782630622
|teamsize|p1|4
|teamsize|p2|4
|start
|switch|p1a: Farigiraf|Farigiraf, L50, M, shiny|100/100
|switch|p1b: Sylveon|Sylveon, L50, M, shiny|100/100
|switch|p2a: Blaziken|Blaziken, L50, M|100/100
|switch|p2b: Incineroar|Incineroar, L50, M|100/100
|-ability|p2b: Incineroar|Intimidate|boost
|-unboost|p1a: Farigiraf|atk|1
|-unboost|p1b: Sylveon|atk|1
|turn|1
|inactive|Glimme has 30 seconds left.
|inactive|syll0gism has 30 seconds left.
|
|t:|1782630648
|detailschange|p2a: Blaziken|Blaziken-Mega, L50, M
|-mega|p2a: Blaziken|Blaziken|Blazikenite
|move|p2a: Blaziken|Flare Blitz|p1a: Farigiraf
|-damage|p1a: Farigiraf|33/100
|-damage|p2a: Blaziken|68/100|[from] Recoil
|move|p2b: Incineroar|Throat Chop|p1a: Farigiraf
|-supereffective|p1a: Farigiraf|1
|-damage|p1a: Farigiraf|0 fnt
|faint|p1a: Farigiraf
|move|p1b: Sylveon|Hyper Voice|p2b: Incineroar|[spread] p2a,p2b
|-damage|p2a: Blaziken|5/100
|-damage|p2b: Incineroar|55/100
|
|-ability|p2a: Blaziken|Speed Boost|boost
|-boost|p2a: Blaziken|spe|1
|upkeep
|
|t:|1782630660
|switch|p1a: Kingambit|Kingambit, L50, M, shiny|100/100
|turn|2
|
|t:|1782630680
|switch|p2a: Annihilape|Annihilape, L50, M|100/100
|switch|p1a: Charizard|Charizard, L50, M, shiny|100/100
|move|p1b: Sylveon|Quick Attack|p2a: Annihilape
|-supereffective|p2a: Annihilape|1
|-damage|p2a: Annihilape|80/100
|move|p2b: Incineroar|Throat Chop|p1b: Sylveon
|-resisted|p1b: Sylveon|1
|-damage|p1b: Sylveon|83/100
|-start|p1b: Sylveon|Throat Chop|[silent]
|
|-heal|p2a: Annihilape|86/100|[from] item: Leftovers
|upkeep
|turn|3
|
|t:|1782630700
|detailschange|p1a: Charizard|Charizard-Mega-Y, L50, M, shiny
|-mega|p1a: Charizard|Charizard|Charizardite Y
|-weather|SunnyDay|[from] ability: Drought|[of] p1a: Charizard
|move|p2a: Annihilape|Protect|p2a: Annihilape
|-singleturn|p2a: Annihilape|Protect
|move|p1b: Sylveon|Detect|p1b: Sylveon
|-singleturn|p1b: Sylveon|Protect
|move|p1a: Charizard|Heat Wave|p2a: Annihilape|[spread] p2b
|-activate|p2a: Annihilape|move: Protect
|-resisted|p2b: Incineroar|1
|-damage|p2b: Incineroar|25/100
|-enditem|p2b: Incineroar|Sitrus Berry|[eat]
|-heal|p2b: Incineroar|50/100g|[from] item: Sitrus Berry
|move|p2b: Incineroar|Parting Shot|p1a: Charizard
|-unboost|p1a: Charizard|atk|1
|-unboost|p1a: Charizard|spa|1
|
|t:|1782630719
|switch|p2b: Grimmsnarl|Grimmsnarl, L50, M|100/100|[from] Parting Shot
|
|-weather|SunnyDay|[upkeep]
|-heal|p2a: Annihilape|92/100|[from] item: Leftovers
|-end|p1b: Sylveon|Throat Chop|[silent]
|upkeep
|turn|4
|
|t:|1782630737
|move|p2b: Grimmsnarl|Fake Out|p1a: Charizard
|-damage|p1a: Charizard|84/100
|move|p2a: Annihilape|Rage Fist|p1b: Sylveon
|-damage|p1b: Sylveon|41/100
|cant|p1a: Charizard|flinch
|move|p1b: Sylveon|Hyper Voice|p2a: Annihilape|[spread] p2a,p2b
|-supereffective|p2a: Annihilape|1
|-supereffective|p2b: Grimmsnarl|1
|-damage|p2a: Annihilape|12/100
|-damage|p2b: Grimmsnarl|0 fnt
|faint|p2b: Grimmsnarl
|
|-weather|SunnyDay|[upkeep]
|-heal|p2a: Annihilape|18/100|[from] item: Leftovers
|upkeep
|
|t:|1782630759
|switch|p2b: Incineroar|Incineroar, L50, M|50/100g
|-ability|p2b: Incineroar|Intimidate|boost
|-unboost|p1a: Charizard|atk|1
|-unboost|p1b: Sylveon|atk|1
|turn|5
|inactive|syll0gism has 30 seconds left.
|inactive|syll0gism has 20 seconds left.
|inactive|syll0gism has 15 seconds left.
|inactive|syll0gism has 10 seconds left.
|
|t:|1782630804
|switch|p2a: Blaziken|Blaziken-Mega, L50, M|5/100
|switch|p1b: Kingambit|Kingambit, L50, M, shiny|100/100
|move|p1a: Charizard|Protect|p1a: Charizard
|-singleturn|p1a: Charizard|Protect
|move|p2b: Incineroar|Fake Out|p1a: Charizard
|-activate|p1a: Charizard|move: Protect
|
|-weather|SunnyDay|[upkeep]
|upkeep
|turn|6
|
|t:|1782630827
|move|p2a: Blaziken|Protect|p2a: Blaziken
|-singleturn|p2a: Blaziken|Protect
|move|p1a: Charizard|Heat Wave|p2b: Incineroar|[spread] p2b
|-activate|p2a: Blaziken|move: Protect
|-resisted|p2b: Incineroar|1
|-damage|p2b: Incineroar|31/100
|move|p2b: Incineroar|Flare Blitz|p1b: Kingambit
|-supereffective|p1b: Kingambit|1
|-enditem|p1b: Kingambit|Focus Sash
|-damage|p1b: Kingambit|1/100
|-status|p1b: Kingambit|brn
|-damage|p2b: Incineroar|2/100|[from] Recoil
|move|p1b: Kingambit|Low Kick|p2b: Incineroar
|-supereffective|p2b: Incineroar|1
|-damage|p2b: Incineroar|0 fnt
|faint|p2b: Incineroar
|
|-weather|SunnyDay|[upkeep]
|-damage|p1b: Kingambit|0 fnt|[from] brn
|faint|p1b: Kingambit
|-ability|p2a: Blaziken|Speed Boost|boost
|-boost|p2a: Blaziken|spe|1
|upkeep
|
|t:|1782630848
|switch|p2b: Annihilape|Annihilape, L50, M|18/100
|switch|p1b: Sylveon|Sylveon, L50, M, shiny|41/100
|turn|7
|inactive|syll0gism has 30 seconds left.
|
|t:|1782630880
|move|p2a: Blaziken|Protect||[still]
|-fail|p2a: Blaziken
|move|p2b: Annihilape|Protect|p2b: Annihilape
|-singleturn|p2b: Annihilape|Protect
|move|p1b: Sylveon|Quick Attack|p2a: Blaziken
|-damage|p2a: Blaziken|0 fnt
|faint|p2a: Blaziken
|move|p1a: Charizard|Weather Ball|p2b: Annihilape
|-activate|p2b: Annihilape|move: Protect
|
|-weather|none
|-heal|p2b: Annihilape|24/100|[from] item: Leftovers
|upkeep
|turn|8
|inactive|syll0gism has 30 seconds left.
|
|t:|1782630907
|move|p1b: Sylveon|Quick Attack|p2b: Annihilape
|-supereffective|p2b: Annihilape|1
|-damage|p2b: Annihilape|0 fnt
|faint|p2b: Annihilape
|
|win|Glimme
