|j|‽Moitamo
|j|☆viatles
|html|Moitamoviatles    
|uhtml|bestof|Game 3 of a best-of-3
|t:|1756280888
|gametype|doubles
|player|p1|Moitamo|flint|1132
|player|p2|viatles|hiker|1016
|gen|9
|tier|[Gen 9] VGC 2025 Reg H (Bo3)
|rated|
|rule|Species Clause: Limit one of each Pokémon
|rule|Item Clause: Limit 1 of each item
|clearpoke
|poke|p1|Amoonguss, L50, F|
|poke|p1|Metagross, L50|
|poke|p1|Annihilape, L50, M|
|poke|p1|Gothitelle, L50, M|
|poke|p1|Politoed, L50, M|
|poke|p1|Salamence, L50, F|
|poke|p2|Oricorio-Sensu, L50, M|
|poke|p2|Volcarona, L50, F|
|poke|p2|Sylveon, L50, F|
|poke|p2|Murkrow, L50, M|
|poke|p2|Dragapult, L50, F|
|poke|p2|Baxcalibur, L50, M|
|teampreview|4
|showteam|p1|Amoonguss||EjectButton|Regenerator|Spore,PollenPuff,Protect,RagePowder|||F|||50|,,,,,Water]Metagross||WeaknessPolicy|ClearBody|Earthquake,Bulldoze,PsychicFangs,Protect||||||50|,,,,,Water]Annihilape||ChoiceScarf|Defiant|CloseCombat,FinalGambit,PhantomForce,Uturn|||M|||50|,,,,,Grass]Gothitelle||SitrusBerry|ShadowTag|Psychic,Protect,FakeOut,TrickRoom|||M|||50|,,,,,Dark]Politoed||SafetyGoggles|Drizzle|Protect,WeatherBall,PerishSong,Encore|||M|||50|,,,,,Grass]Salamence||CovertCloak|Intimidate|Tailwind,DragonPulse,Bulldoze,Protect|||F|||50|,,,,,Steel
|showteam|p2|Oricorio-Sensu||FocusSash|Dancer|QuiverDance,BatonPass,RevelationDance,Protect|||M|||50|,,,,,Fighting]Volcarona||SitrusBerry|FlameBody|QuiverDance,GigaDrain,FieryDance,Protect|||F|||50|,,,,,Grass]Sylveon||ChoiceScarf|Pixilate|HyperVoice,TeraBlast,StoredPower,SleepTalk|||F|||50|,,,,,Ground]Murkrow||Eviolite|Prankster|Tailwind,FoulPlay,Haze,FeatherDance|||M|||50|,,,,,Dark]Dragapult||CovertCloak|ClearBody|DragonCheer,DragonDarts,Protect,PhantomForce|||F|||50|,,,,,Stellar]Baxcalibur||LoadedDice|ThermalExchange|IcicleSpear,ScaleShot,GlaiveRush,Protect|||M|||50|,,,,,Grass
|inactive|Battle timer is ON: inactive players will automatically lose when time's up. (requested by viatles)
|
|t:|1756280916
|teamsize|p1|4
|teamsize|p2|4
|start
|switch|p1a: Gothitelle|Gothitelle, L50, M|100/100
|switch|p1b: Annihilape|Annihilape, L50, M|100/100
|switch|p2a: Oricorio|Oricorio-Sensu, L50, M|100/100
|switch|p2b: Murkrow|Murkrow, L50, M|100/100
|turn|1
|
|t:|1756280925
|move|p2b: Murkrow|Tailwind|p2b: Murkrow
|-sidestart|p2: viatles|move: Tailwind
|move|p2a: Oricorio|Revelation Dance|p1b: Annihilape
|-supereffective|p1b: Annihilape
|-damage|p1b: Annihilape|34/100
|move|p1b: Annihilape|U-turn|p2a: Oricorio
|-resisted|p2a: Oricorio
|-crit|p2a: Oricorio
|-damage|p2a: Oricorio|91/100
|
|t:|1756280931
|switch|p1b: Politoed|Politoed, L50, M|100/100|[from] U-turn
|-weather|RainDance|[from] ability: Drizzle|[of] p1b: Politoed
|move|p1a: Gothitelle|Trick Room|p1a: Gothitelle
|-fieldstart|move: Trick Room|[of] p1a: Gothitelle
|
|-weather|RainDance|[upkeep]
|upkeep
|turn|2
|
|t:|1756280950
|move|p1a: Gothitelle|Protect|p1a: Gothitelle
|-singleturn|p1a: Gothitelle|Protect
|move|p1b: Politoed|Encore|p2b: Murkrow
|-start|p2b: Murkrow|Encore
|move|p2b: Murkrow|Tailwind||[still]
|-fail|p2b: Murkrow
|move|p2a: Oricorio|Baton Pass|p2a: Oricorio
|
|t:|1756280958
|switch|p2a: Dragapult|Dragapult, L50, F|100/100|[from] Baton Pass
|
|-weather|RainDance|[upkeep]
|upkeep
|turn|3
|
|t:|1756280969
|move|p2b: Murkrow|Tailwind||[still]
|-fail|p2b: Murkrow
|move|p1a: Gothitelle|Psychic|p2a: Dragapult
|-damage|p2a: Dragapult|60/100
|move|p1b: Politoed|Weather Ball|p2a: Dragapult
|-resisted|p2a: Dragapult
|-damage|p2a: Dragapult|28/100
|move|p2a: Dragapult|Dragon Darts|p1a: Gothitelle
|-damage|p1a: Gothitelle|78/100
|-anim|p2a: Dragapult|Dragon Darts|p1b: Politoed
|-damage|p1b: Politoed|75/100
|
|-weather|RainDance|[upkeep]
|upkeep
|turn|4
|
|t:|1756280988
|move|p2a: Dragapult|Protect|p2a: Dragapult
|-singleturn|p2a: Dragapult|Protect
|move|p2b: Murkrow|Tailwind||[still]
|-fail|p2b: Murkrow
|move|p1a: Gothitelle|Psychic|p2a: Dragapult
|-activate|p2a: Dragapult|move: Protect
|move|p1b: Politoed|Weather Ball|p2b: Murkrow
|-damage|p2b: Murkrow|42/100
|
|-weather|RainDance|[upkeep]
|-end|p2b: Murkrow|Encore
|-sideend|p2: viatles|move: Tailwind
|upkeep
|turn|5
|
|t:|1756281005
|move|p1a: Gothitelle|Psychic|p2a: Dragapult
|-damage|p2a: Dragapult|0 fnt
|faint|p2a: Dragapult
|move|p1b: Politoed|Encore|p2b: Murkrow
|-start|p2b: Murkrow|Encore
|move|p2b: Murkrow|Tailwind|p2b: Murkrow
|-sidestart|p2: viatles|move: Tailwind
|
|-weather|none
|-fieldend|move: Trick Room
|upkeep
|
|t:|1756281019
|switch|p2a: Oricorio|Oricorio-Sensu, L50, M|91/100
|turn|6
|
|t:|1756281036
|switch|p1b: Amoonguss|Amoonguss, L50, F|100/100
|move|p1a: Gothitelle|Protect|p1a: Gothitelle
|-singleturn|p1a: Gothitelle|Protect
|move|p2b: Murkrow|Tailwind||[still]
|-fail|p2b: Murkrow
|move|p2a: Oricorio|Revelation Dance|p1a: Gothitelle
|-activate|p1a: Gothitelle|move: Protect
|
|upkeep
|turn|7
|
|t:|1756281053
|move|p2a: Oricorio|Protect|p2a: Oricorio
|-singleturn|p2a: Oricorio|Protect
|move|p1b: Amoonguss|Rage Powder|p1b: Amoonguss
|-singleturn|p1b: Amoonguss|move: Rage Powder
|move|p2b: Murkrow|Tailwind||[still]
|-fail|p2b: Murkrow
|move|p1a: Gothitelle|Trick Room|p1a: Gothitelle
|-fieldstart|move: Trick Room|[of] p1a: Gothitelle
|
|-end|p2b: Murkrow|Encore
|upkeep
|turn|8
|
|t:|1756281065
|move|p1b: Amoonguss|Spore|p2a: Oricorio
|-status|p2a: Oricorio|slp|[from] move: Spore
|move|p1a: Gothitelle|Psychic|p2a: Oricorio
|-damage|p2a: Oricorio|45/100 slp
|move|p2b: Murkrow|Foul Play|p1a: Gothitelle
|-supereffective|p1a: Gothitelle
|-damage|p1a: Gothitelle|39/100
|-enditem|p1a: Gothitelle|Sitrus Berry|[eat]
|-heal|p1a: Gothitelle|64/100|[from] item: Sitrus Berry
|cant|p2a: Oricorio|slp
|
|-sideend|p2: viatles|move: Tailwind
|upkeep
|turn|9
|
|t:|1756281082
|move|p1b: Amoonguss|Rage Powder|p1b: Amoonguss
|-singleturn|p1b: Amoonguss|move: Rage Powder
|move|p1a: Gothitelle|Psychic|p2a: Oricorio
|-damage|p2a: Oricorio|1/100 slp
|-unboost|p2a: Oricorio|spd|1
|move|p2b: Murkrow|Foul Play|p1b: Amoonguss
|-crit|p1b: Amoonguss
|-damage|p1b: Amoonguss|69/100
|-enditem|p1b: Amoonguss|Eject Button
|
|t:|1756281090
|switch|p1b: Politoed|Politoed, L50, M|75/100
|-weather|RainDance|[from] ability: Drizzle|[of] p1b: Politoed
|-curestatus|p2a: Oricorio|slp|[msg]
|move|p2a: Oricorio|Baton Pass|p2a: Oricorio
|
|t:|1756281096
|switch|p2a: Volcarona|Volcarona, L50, F|100/100|[from] Baton Pass
|
|-weather|RainDance|[upkeep]
|upkeep
|turn|10
|
|t:|1756281109
|-terastallize|p2a: Volcarona|Grass
|move|p2b: Murkrow|Haze|p2b: Murkrow
|-clearallboost
|move|p1a: Gothitelle|Psychic|p2a: Volcarona
|-damage|p2a: Volcarona|75/100
|move|p1b: Politoed|Weather Ball|p2b: Murkrow
|-damage|p2b: Murkrow|0 fnt
|faint|p2b: Murkrow
|move|p2a: Volcarona|Giga Drain|p1b: Politoed
|-supereffective|p1b: Politoed
|-damage|p1b: Politoed|17/100
|-heal|p2a: Volcarona|100/100|[from] drain|[of] p1b: Politoed
|
|-weather|RainDance|[upkeep]
|upkeep
|
|t:|1756281123
|switch|p2b: Oricorio|Oricorio-Sensu, L50, M|1/100
|turn|11
|
|t:|1756281135
|-terastallize|p1a: Gothitelle|Dark
|move|p1a: Gothitelle|Psychic|p2b: Oricorio
|-damage|p2b: Oricorio|0 fnt
|faint|p2b: Oricorio
|move|p1b: Politoed|Perish Song|p1b: Politoed
|-start|p1a: Gothitelle|perish3|[silent]
|-start|p1b: Politoed|perish3|[silent]
|-start|p2a: Volcarona|perish3|[silent]
|-fieldactivate|move: Perish Song
|move|p2a: Volcarona|Giga Drain|p1b: Politoed
|-supereffective|p1b: Politoed
|-damage|p1b: Politoed|0 fnt
|faint|p1b: Politoed
|
|-weather|RainDance|[upkeep]
|-start|p1a: Gothitelle|perish3
|-start|p2a: Volcarona|perish3
|-fieldend|move: Trick Room
|upkeep
|
|t:|1756281146
|switch|p1b: Amoonguss|Amoonguss, L50, F|100/100
|turn|12
|
|t:|1756281163
|move|p1a: Gothitelle|Protect|p1a: Gothitelle
|-singleturn|p1a: Gothitelle|Protect
|move|p1b: Amoonguss|Protect|p1b: Amoonguss
|-singleturn|p1b: Amoonguss|Protect
|move|p2a: Volcarona|Fiery Dance|p1b: Amoonguss
|-activate|p1b: Amoonguss|move: Protect
|
|-weather|RainDance|[upkeep]
|-start|p2a: Volcarona|perish2
|-start|p1a: Gothitelle|perish2
|upkeep
|turn|13
|
|t:|1756281176
|move|p2a: Volcarona|Fiery Dance|p1b: Amoonguss
|-supereffective|p1b: Amoonguss
|-damage|p1b: Amoonguss|70/100
|move|p1b: Amoonguss|Pollen Puff|p1a: Gothitelle
|-heal|p1a: Gothitelle|100/100
|move|p1a: Gothitelle|Trick Room|p1a: Gothitelle
|-fieldstart|move: Trick Room|[of] p1a: Gothitelle
|
|-weather|none
|-start|p1a: Gothitelle|perish1
|-start|p2a: Volcarona|perish1
|upkeep
|turn|14
|
|t:|1756281188
|switch|p1a: Annihilape|Annihilape, L50, M|34/100
|move|p1b: Amoonguss|Pollen Puff|p1a: Annihilape
|-heal|p1a: Annihilape|84/100
|move|p2a: Volcarona|Giga Drain|p1a: Annihilape
|-damage|p1a: Annihilape|49/100
|
|-start|p2a: Volcarona|perish0
|faint|p2a: Volcarona
|
|win|Moitamo
|raw|Moitamo's rating: 1132 → 1149(+17 for winning)
|raw|viatles's rating: 1016 → 1008(-8 for losing)
