|j|☆GrimellaStiles
|j|☆HelgitheLean
|html|GrimellaStilesHelgitheLean    
|uhtml|bestof|Game 2 of a best-of-3
|t:|1782353573
|gametype|doubles
|player|p1|GrimellaStiles|unknown|1050
|player|p2|HelgitheLean|brawly|1143
|gen|9
|tier|[Gen 9 Champions] VGC 2026 Reg M-B (Bo3)
|rated|
|rule|Species Clause: Limit one of each Pokémon
|rule|Item Clause: Limit 1 of each item
|clearpoke
|poke|p1|Basculegion, L50, M|
|poke|p1|Charizard, L50, M|
|poke|p1|Kingambit, L50, F|
|poke|p1|Garchomp, L50, M|
|poke|p1|Whimsicott, L50, M|
|poke|p1|Floette-Eternal, L50, F|
|poke|p2|Pelipper, L50, M|
|poke|p2|Swampert, L50, F|
|poke|p2|Metagross, L50|
|poke|p2|Grimmsnarl, L50, M|
|poke|p2|Sinistcha, L50|
|poke|p2|Archaludon, L50, F|
|teampreview|4
|showteam|p1|Basculegion||LifeOrb|Adaptability|WaveCrash,LastRespects,AquaJet,Protect|Adamant||M|||50|]Charizard||CharizarditeY|Blaze|HeatWave,WeatherBall,SolarBeam,Protect|Modest||M|||50|]Kingambit||BlackGlasses|Defiant|KowtowCleave,SuckerPunch,IronHead,Protect|Adamant||F|||50|]Garchomp||RoseliBerry|RoughSkin|Earthquake,RockSlide,DragonClaw,PoisonJab|Jolly||M|||50|]Whimsicott||FocusSash|Prankster|Moonblast,SunnyDay,Tailwind,Encore|Timid||M|||50|]Floette-Eternal||Floettite|FlowerVeil|Moonblast,DazzlingGleam,LightofRuin,Protect|Timid||F|||50|
|showteam|p2|Pelipper||FocusSash|Drizzle|Hurricane,WeatherBall,Tailwind,Protect|Timid||M|||50|]Swampert||Swampertite|Torrent|WaveCrash,IcePunch,Earthquake,Protect|Adamant||F|||50|]Metagross||Metagrossite|ClearBody|PsychicFangs,IronHead,IcePunch,Trailblaze|Jolly|||||50|]Grimmsnarl||LightClay|Prankster|SpiritBreak,PartingShot,LightScreen,Reflect|Careful||M|||50|]Sinistcha||ColburBerry|Hospitality|MatchaGotcha,RagePowder,TrickRoom,Imprison|Bold|||||50|]Archaludon||Leftovers|Stamina|ElectroShot,Snarl,FlashCannon,Protect|Bold||F|||50|
|
|t:|1782353598
|teamsize|p1|4
|teamsize|p2|4
|start
|switch|p1a: Charizard|Charizard, L50, M|100/100
|switch|p1b: Whimsicott|Whimsicott, L50, M|100/100
|switch|p2a: Archaludon|Archaludon, L50, F|100/100
|switch|p2b: Grimmsnarl|Grimmsnarl, L50, M|100/100
|turn|1
|
|t:|1782353641
|detailschange|p1a: Charizard|Charizard-Mega-Y, L50, M
|-mega|p1a: Charizard|Charizard|Charizardite Y
|-weather|SunnyDay|[from] ability: Drought|[of] p1a: Charizard
|move|p1b: Whimsicott|Sunny Day||[still]
|-fail|p1b: Whimsicott
|move|p2b: Grimmsnarl|Light Screen|p2b: Grimmsnarl
|-sidestart|p2: HelgitheLean|move: Light Screen
|move|p1a: Charizard|Heat Wave|p2b: Grimmsnarl|[spread] p2a,p2b
|-damage|p2a: Archaludon|59/100
|-damage|p2b: Grimmsnarl|62/100
|-ability|p2a: Archaludon|Stamina|boost
|-boost|p2a: Archaludon|def|1
|move|p2a: Archaludon|Snarl|p1a: Charizard|[spread] p1a,p1b
|-resisted|p1b: Whimsicott|1
|-damage|p1a: Charizard|88/100
|-damage|p1b: Whimsicott|91/100
|-unboost|p1a: Charizard|spa|1
|-unboost|p1b: Whimsicott|spa|1
|
|-weather|SunnyDay|[upkeep]
|-heal|p2a: Archaludon|65/100|[from] item: Leftovers
|upkeep
|turn|2
|
|t:|1782353687
|switch|p1a: Kingambit|Kingambit, L50, F|100/100
|move|p1b: Whimsicott|Encore|p2a: Archaludon
|-start|p2a: Archaludon|Encore
|move|p2b: Grimmsnarl|Parting Shot|p1a: Kingambit
|-hint|Since gen 7, Dark is immune to Prankster moves.
|-immune|p1a: Kingambit
|move|p2a: Archaludon|Snarl|p1b: Whimsicott|[spread] p1a,p1b
|-resisted|p1a: Kingambit|1
|-resisted|p1b: Whimsicott|1
|-damage|p1a: Kingambit|93/100
|-damage|p1b: Whimsicott|83/100
|-unboost|p1a: Kingambit|spa|1
|-ability|p1a: Kingambit|Defiant|boost
|-boost|p1a: Kingambit|atk|2
|-unboost|p1b: Whimsicott|spa|1
|
|-weather|SunnyDay|[upkeep]
|-heal|p2a: Archaludon|72/100|[from] item: Leftovers
|upkeep
|turn|3
|
|t:|1782353711
|switch|p2a: Swampert|Swampert, L50, F|100/100
|move|p1b: Whimsicott|Tailwind|p1b: Whimsicott
|-sidestart|p1: GrimellaStiles|move: Tailwind
|move|p2b: Grimmsnarl|Reflect|p2b: Grimmsnarl
|-sidestart|p2: HelgitheLean|Reflect
|move|p1a: Kingambit|Iron Head|p2b: Grimmsnarl
|-supereffective|p2b: Grimmsnarl|1
|-damage|p2b: Grimmsnarl|0 fnt
|faint|p2b: Grimmsnarl
|
|-weather|SunnyDay|[upkeep]
|upkeep
|
|t:|1782353716
|switch|p2b: Archaludon|Archaludon, L50, F|72/100
|turn|4
|
|t:|1782353732
|detailschange|p2a: Swampert|Swampert-Mega, L50, F
|-mega|p2a: Swampert|Swampert|Swampertite
|move|p2b: Archaludon|Protect|p2b: Archaludon
|-singleturn|p2b: Archaludon|Protect
|move|p1b: Whimsicott|Sunny Day||[still]
|-fail|p1b: Whimsicott
|move|p1a: Kingambit|Kowtow Cleave|p2a: Swampert
|-damage|p2a: Swampert|25/100
|move|p2a: Swampert|Earthquake|p1b: Whimsicott|[spread] p1a,p1b
|-activate|p2b: Archaludon|move: Protect
|-supereffective|p1a: Kingambit|1
|-resisted|p1b: Whimsicott|1
|-damage|p1a: Kingambit|22/100
|-damage|p1b: Whimsicott|47/100
|
|-weather|SunnyDay|[upkeep]
|-heal|p2b: Archaludon|78/100|[from] item: Leftovers
|upkeep
|turn|5
|
|t:|1782353771
|move|p2a: Swampert|Protect|p2a: Swampert
|-singleturn|p2a: Swampert|Protect
|move|p1b: Whimsicott|Encore|p2b: Archaludon
|-start|p2b: Archaludon|Encore
|move|p2b: Archaludon|Protect||[still]
|-fail|p2b: Archaludon
|move|p1a: Kingambit|Sucker Punch||[still]
|-fail|p1a: Kingambit
|
|-weather|none
|-heal|p2b: Archaludon|84/100|[from] item: Leftovers
|upkeep
|turn|6
|
|t:|1782353783
|switch|p2a: Pelipper|Pelipper, L50, M|100/100
|-weather|RainDance|[from] ability: Drizzle|[of] p2a: Pelipper
|move|p2b: Archaludon|Protect|p2b: Archaludon
|-singleturn|p2b: Archaludon|Protect
|move|p1b: Whimsicott|Sunny Day|p1b: Whimsicott
|-weather|SunnyDay
|move|p1a: Kingambit|Kowtow Cleave|p2a: Pelipper
|-enditem|p2a: Pelipper|Focus Sash
|-damage|p2a: Pelipper|1/100
|
|-weather|SunnyDay|[upkeep]
|-heal|p2b: Archaludon|90/100|[from] item: Leftovers
|-sideend|p1: GrimellaStiles|move: Tailwind
|upkeep
|turn|7
|-message|HelgitheLean forfeited.
|raw|GrimellaStiles's rating: 1050 → 1091(+41 for winning)
|raw|HelgitheLean's rating: 1143 → 1111(-32 for losing)
|
|win|GrimellaStiles
|l|☆HelgitheLean
|player|p2|
