|j|☆pink spoon
|j|☆SunshineTufo
|html|pink spoonSunshineTufo    
|uhtml|bestof|Game 2 of a best-of-3
|t:|1784237521
|gametype|doubles
|player|p1|pink spoon|parasollady|1141
|player|p2|SunshineTufo|li|1174
|gen|9
|tier|[Gen 9 Champions] VGC 2026 Reg M-B (Bo3)
|rated|
|rule|Species Clause: Limit one of each Pokémon
|rule|Item Clause: Limit 1 of each item
|clearpoke
|poke|p1|Lopunny, L50, F|
|poke|p1|Zoroark-Hisui, L50, F|
|poke|p1|Mamoswine, L50, M|
|poke|p1|Incineroar, L50, M|
|poke|p1|Farigiraf, L50, M|
|poke|p1|Mawile, L50, F|
|poke|p2|Toxapex, L50, M|
|poke|p2|Froslass, L50, F, shiny|
|poke|p2|Incineroar, L50, M, shiny|
|poke|p2|Floette-Eternal, L50, F|
|poke|p2|Vivillon-Marine, L50, F|
|poke|p2|Kommo-o, L50, M|
|teampreview|4
|showteam|p1|Lopunny||Lopunnite|CuteCharm|CloseCombat,MegaKick,FakeOut,Protect|Jolly||F|||50|]Zoroark-Hisui||FocusSash|Illusion|HyperVoice,ShadowBall,NastyPlot,Protect|Timid||F|||50|]Mamoswine||LifeOrb|Oblivious|IcicleCrash,HighHorsepower,IceShard,Protect|Adamant||M|||50|]Incineroar||ShucaBerry|Intimidate|FlareBlitz,ThroatChop,FakeOut,PartingShot|Adamant||M|||50|]Farigiraf||SitrusBerry|ArmorTail|NightShade,Psychic,TrickRoom,Protect|Bold||M|||50|]Mawile||Mawilite|HyperCutter|PlayRough,SuckerPunch,SwordsDance,Protect|Adamant||F|||50|
|showteam|p2|Toxapex||Leftovers|Regenerator|Infestation,Toxic,WideGuard,BanefulBunker|Impish||M|||50|]Froslass||Froslassite|SnowCloak|Blizzard,ShadowBall,AuroraVeil,Protect|Modest||F|||50|]Incineroar||SitrusBerry|Intimidate|FlareBlitz,ThroatChop,PartingShot,FakeOut|Impish||M|||50|]Floette-Eternal||Floettite|FlowerVeil|Moonblast,DrainingKiss,CalmMind,Protect|Modest||F|||50|]Vivillon-Marine||FocusSash|CompoundEyes|SleepPowder,Protect,PollenPuff,RagePowder|Timid||F|||50|]Kommo-o||LifeOrb|Soundproof|ClangingScales,Flamethrower,ClangorousSoul,Protect|Timid||M|||50|
|inactive|Battle timer is ON: inactive players will automatically lose when time's up. (requested by SunshineTufo)
|
|t:|1784237547
|teamsize|p1|4
|teamsize|p2|4
|start
|switch|p1a: Lopunny|Lopunny, L50, F|100/100
|switch|p1b: Incineroar|Incineroar, L50, M|100/100
|switch|p2a: Kommo-o|Kommo-o, L50, M|100/100
|switch|p2b: Vivillon|Vivillon-Marine, L50, F|100/100
|turn|1
|inactive|pink spoon has 30 seconds left.
|
|t:|1784237578
|detailschange|p1a: Lopunny|Lopunny-Mega, L50, F
|-mega|p1a: Lopunny|Lopunny|Lopunnite
|move|p1a: Lopunny|Fake Out|p2b: Vivillon
|-damage|p2b: Vivillon|72/100
|move|p1b: Incineroar|Nasty Plot|p1b: Incineroar
|-boost|p1b: Incineroar|spa|2
|cant|p2b: Vivillon|flinch
|move|p2a: Kommo-o|Clangorous Soul|p2a: Kommo-o
|-boost|p2a: Kommo-o|atk|1
|-boost|p2a: Kommo-o|def|1
|-boost|p2a: Kommo-o|spa|1
|-boost|p2a: Kommo-o|spd|1
|-boost|p2a: Kommo-o|spe|1
|-damage|p2a: Kommo-o|67/100
|
|upkeep
|turn|2
|
|t:|1784237596
|move|p2a: Kommo-o|Protect|p2a: Kommo-o
|-singleturn|p2a: Kommo-o|Protect
|move|p1a: Lopunny|Protect|p1a: Lopunny
|-singleturn|p1a: Lopunny|Protect
|move|p1b: Incineroar|Shadow Ball|p2a: Kommo-o
|-activate|p2a: Kommo-o|move: Protect
|move|p2b: Vivillon|Sleep Powder|p1b: Incineroar
|-status|p1b: Incineroar|slp|[from] move: Sleep Powder
|
|upkeep
|turn|3
|
|t:|1784237607
|move|p2a: Kommo-o|Clanging Scales|p1a: Lopunny|[spread] p1a,p1b
|-damage|p1a: Lopunny|9/100
|-enditem|p1b: Incineroar|Focus Sash
|-damage|p1b: Incineroar|1/100 slp
|replace|p1b: Zoroark|Zoroark-Hisui, L50, F
|-end|p1b: Zoroark|Illusion
|-unboost|p2a: Kommo-o|def|1
|-damage|p2a: Kommo-o|57/100|[from] item: Life Orb
|move|p1a: Lopunny|Mega Kick|p2a: Kommo-o
|-damage|p2a: Kommo-o|0 fnt
|faint|p2a: Kommo-o
|cant|p1b: Zoroark|slp
|move|p2b: Vivillon|Pollen Puff|p2: Kommo-o|[notarget]
|-fail|p2b: Vivillon
|
|upkeep
|
|t:|1784237611
|switch|p2a: Froslass|Froslass, L50, F, shiny|100/100
|turn|4
|
|t:|1784237626
|detailschange|p2a: Froslass|Froslass-Mega, L50, F, shiny
|-mega|p2a: Froslass|Froslass|Froslassite
|-weather|Snowscape|[from] ability: Snow Warning|[of] p2a: Froslass
|move|p2b: Vivillon|Rage Powder|p2b: Vivillon
|-singleturn|p2b: Vivillon|move: Rage Powder
|move|p1a: Lopunny|Close Combat|p2b: Vivillon
|-resisted|p2b: Vivillon|2
|-damage|p2b: Vivillon|51/100
|-unboost|p1a: Lopunny|def|1
|-unboost|p1a: Lopunny|spd|1
|cant|p1b: Zoroark|slp
|move|p2a: Froslass|Blizzard|p1a: Lopunny|[spread] p1a,p1b
|-damage|p1a: Lopunny|0 fnt
|-damage|p1b: Zoroark|0 fnt
|faint|p1a: Lopunny
|faint|p1b: Zoroark
|
|-weather|Snowscape|[upkeep]
|upkeep
|
|t:|1784237632
|switch|p1a: Mamoswine|Mamoswine, L50, M|100/100
|switch|p1b: Incineroar|Incineroar, L50, M|100/100
|-ability|p1b: Incineroar|Intimidate|boost
|-unboost|p2a: Froslass|atk|1
|-unboost|p2b: Vivillon|atk|1
|turn|5
|
|t:|1784237648
|move|p2b: Vivillon|Protect|p2b: Vivillon
|-singleturn|p2b: Vivillon|Protect
|move|p1a: Mamoswine|Ice Shard|p2b: Vivillon
|-activate|p2b: Vivillon|move: Protect
|move|p2a: Froslass|Shadow Ball|p1a: Mamoswine
|-damage|p1a: Mamoswine|32/100
|move|p1b: Incineroar|Flare Blitz|p2a: Froslass
|-supereffective|p2a: Froslass|1
|-damage|p2a: Froslass|0 fnt
|faint|p2a: Froslass
|-damage|p1b: Incineroar|75/100|[from] Recoil
|
|-weather|Snowscape|[upkeep]
|upkeep
|
|t:|1784237650
|switch|p2a: Incineroar|Incineroar, L50, M, shiny|100/100
|-ability|p2a: Incineroar|Intimidate|boost
|-fail|p1a: Mamoswine|unboost|Attack|[from] ability: Oblivious|[of] p1a: Mamoswine
|-unboost|p1b: Incineroar|atk|1
|turn|6
|
|t:|1784237665
|move|p1a: Mamoswine|Protect|p1a: Mamoswine
|-singleturn|p1a: Mamoswine|Protect
|move|p2a: Incineroar|Fake Out|p1a: Mamoswine
|-activate|p1a: Mamoswine|move: Protect
|move|p2b: Vivillon|Sleep Powder|p1b: Incineroar
|-status|p1b: Incineroar|slp|[from] move: Sleep Powder
|cant|p1b: Incineroar|slp
|
|-weather|Snowscape|[upkeep]
|upkeep
|turn|7
|
|t:|1784237686
|move|p1a: Mamoswine|Protect|p1a: Mamoswine
|-singleturn|p1a: Mamoswine|Protect
|move|p2b: Vivillon|Rage Powder|p2b: Vivillon
|-singleturn|p2b: Vivillon|move: Rage Powder
|cant|p1b: Incineroar|slp
|move|p2a: Incineroar|Flare Blitz|p1a: Mamoswine
|-activate|p1a: Mamoswine|move: Protect
|
|-weather|Snowscape|[upkeep]
|upkeep
|turn|8
|
|t:|1784237698
|move|p2b: Vivillon|Rage Powder|p2b: Vivillon
|-singleturn|p2b: Vivillon|move: Rage Powder
|move|p1a: Mamoswine|High Horsepower|p2b: Vivillon
|-immune|p2b: Vivillon
|-curestatus|p1b: Incineroar|slp|[msg]
|move|p1b: Incineroar|Flare Blitz|p2b: Vivillon
|-supereffective|p2b: Vivillon|1
|-damage|p2b: Vivillon|0 fnt
|faint|p2b: Vivillon
|-damage|p1b: Incineroar|62/100|[from] Recoil
|move|p2a: Incineroar|Flare Blitz|p1a: Mamoswine
|-supereffective|p1a: Mamoswine|1
|-crit|p1a: Mamoswine
|-damage|p1a: Mamoswine|0 fnt
|faint|p1a: Mamoswine
|-damage|p2a: Incineroar|90/100|[from] Recoil
|
|-weather|none
|upkeep
|turn|9
|
|t:|1784237711
|move|p1b: Incineroar|Parting Shot|p2a: Incineroar
|-unboost|p2a: Incineroar|atk|1
|-unboost|p2a: Incineroar|spa|1
|move|p2a: Incineroar|Throat Chop|p1b: Incineroar
|-resisted|p1b: Incineroar|1
|-damage|p1b: Incineroar|51/100
|-start|p1b: Incineroar|Throat Chop|[silent]
|
|upkeep
|turn|10
|
|t:|1784237717
|move|p1b: Incineroar|Throat Chop|p2a: Incineroar
|-resisted|p2a: Incineroar|1
|-damage|p2a: Incineroar|80/100
|-start|p2a: Incineroar|Throat Chop|[silent]
|move|p2a: Incineroar|Throat Chop|p1b: Incineroar
|-resisted|p1b: Incineroar|1
|-damage|p1b: Incineroar|40/100
|
|-end|p1b: Incineroar|Throat Chop|[silent]
|upkeep
|turn|11
|
|t:|1784237725
|move|p1b: Incineroar|Parting Shot|p2a: Incineroar
|-unboost|p2a: Incineroar|atk|1
|-unboost|p2a: Incineroar|spa|1
|move|p2a: Incineroar|Throat Chop|p1b: Incineroar
|-resisted|p1b: Incineroar|1
|-damage|p1b: Incineroar|33/100
|-start|p1b: Incineroar|Throat Chop|[silent]
|
|-end|p2a: Incineroar|Throat Chop|[silent]
|upkeep
|turn|12
|
|t:|1784237730
|move|p1b: Incineroar|Throat Chop|p2a: Incineroar
|-resisted|p2a: Incineroar|1
|-damage|p2a: Incineroar|70/100
|-start|p2a: Incineroar|Throat Chop|[silent]
|move|p2a: Incineroar|Throat Chop|p1b: Incineroar
|-resisted|p1b: Incineroar|1
|-crit|p1b: Incineroar
|-damage|p1b: Incineroar|12/100
|
|-end|p1b: Incineroar|Throat Chop|[silent]
|upkeep
|turn|13
|
|t:|1784237735
|move|p1b: Incineroar|Throat Chop|p2a: Incineroar
|-resisted|p2a: Incineroar|1
|-damage|p2a: Incineroar|60/100
|move|p2a: Incineroar|Throat Chop|p1b: Incineroar
|-resisted|p1b: Incineroar|1
|-damage|p1b: Incineroar|4/100
|-start|p1b: Incineroar|Throat Chop|[silent]
|
|-end|p2a: Incineroar|Throat Chop|[silent]
|upkeep
|turn|14
|
|t:|1784237740
|move|p1b: Incineroar|Flare Blitz|p2a: Incineroar
|-resisted|p2a: Incineroar|1
|-damage|p2a: Incineroar|46/100
|-enditem|p2a: Incineroar|Sitrus Berry|[eat]
|-heal|p2a: Incineroar|70/100|[from] item: Sitrus Berry
|-damage|p1b: Incineroar|0 fnt|[from] Recoil
|faint|p1b: Incineroar
|
|win|SunshineTufo
