|j|☆znivs
|j|☆sturmkitten69
|html|znivssturmkitten69    
|uhtml|bestof|Game 1 of a best-of-3
|t:|1782180506
|gametype|doubles
|player|p1|znivs|170|
|player|p2|sturmkitten69|fisherman-gen4|
|gen|9
|tier|[Gen 9 Champions] VGC 2026 Reg M-B (Bo3)
|rule|Species Clause: Limit one of each Pokémon
|rule|Item Clause: Limit 1 of each item
|clearpoke
|poke|p1|Eelektross, L50, F|
|poke|p1|Garchomp, L50, M|
|poke|p1|Whimsicott, L50, F|
|poke|p1|Espathra, L50, M|
|poke|p1|Incineroar, L50, F|
|poke|p1|Gholdengo, L50|
|poke|p2|Sceptile, L50, M|
|poke|p2|Rotom-Wash, L50|
|poke|p2|Talonflame, L50, M|
|poke|p2|Garchomp, L50, M|
|poke|p2|Gholdengo, L50|
|poke|p2|Sneasler, L50, F|
|teampreview|4
|showteam|p1|Eelektross||Eelektrossite|Levitate|Thunderbolt,GigaDrain,Flamethrower,Protect|Modest||F|||50|]Garchomp||LifeOrb|RoughSkin|Earthquake,RockSlide,DragonClaw,PoisonJab|Jolly||M|||50|]Whimsicott||FocusSash|Prankster|Moonblast,Tailwind,Encore,Protect|Timid||F|||50|]Espathra||SitrusBerry|SpeedBoost|LuminaCrash,CalmMind,BatonPass,Protect|Bold||M|||50|]Incineroar||PasshoBerry|Intimidate|FakeOut,PartingShot,FlareBlitz,ThroatChop|Careful||F|||50|]Gholdengo||MetalCoat|GoodasGold|MakeItRain,ShadowBall,NastyPlot,Protect|Timid|||||50|
|showteam|p2|Sceptile||Sceptilite|Overgrow|EnergyBall,DragonPulse,EarthPower,Detect|Modest||M|||50|]Rotom-Wash||ChoiceScarf|Levitate|HydroPump,Discharge,Thunderbolt,WillOWisp|Timid|||||50|]Talonflame||LifeOrb|GaleWings|BraveBird,Overheat,Tailwind,Protect|Naive||M|||50|]Garchomp||SoftSand|RoughSkin|DragonClaw,Earthquake,RockSlide,Protect|Jolly||M|||50|]Gholdengo||FocusSash|GoodasGold|MakeItRain,ShadowBall,PowerGem,Protect|Modest|||||50|]Sneasler||WhiteHerb|Unburden|CloseCombat,DireClaw,ThroatChop,Protect|Adamant||F|||50|
|
|t:|1782180547
|teamsize|p1|4
|teamsize|p2|4
|start
|switch|p1a: Espathra|Espathra, L50, M|100/100
|switch|p1b: Incineroar|Incineroar, L50, F|100/100
|switch|p2a: Talonflame|Talonflame, L50, M|100/100
|switch|p2b: Garchomp|Garchomp, L50, M|100/100
|-ability|p1b: Incineroar|Intimidate|boost
|-unboost|p2a: Talonflame|atk|1
|-unboost|p2b: Garchomp|atk|1
|turn|1
|
|t:|1782180598
|move|p1b: Incineroar|Fake Out|p2a: Talonflame
|-damage|p2a: Talonflame|81/100
|cant|p2a: Talonflame|flinch
|move|p2b: Garchomp|Earthquake|p1a: Espathra|[spread] p1a,p1b
|-immune|p2a: Talonflame
|-supereffective|p1b: Incineroar|1
|-damage|p1a: Espathra|68/100
|-damage|p1b: Incineroar|45/100
|move|p1a: Espathra|Calm Mind|p1a: Espathra
|-boost|p1a: Espathra|spa|1
|-boost|p1a: Espathra|spd|1
|
|-ability|p1a: Espathra|Speed Boost|boost
|-boost|p1a: Espathra|spe|1
|upkeep
|turn|2
|
|t:|1782180638
|move|p2a: Talonflame|Protect|p2a: Talonflame
|-singleturn|p2a: Talonflame|Protect
|move|p1a: Espathra|Calm Mind|p1a: Espathra
|-boost|p1a: Espathra|spa|1
|-boost|p1a: Espathra|spd|1
|move|p2b: Garchomp|Earthquake|p1a: Espathra|[spread] p1a,p1b
|-activate|p2a: Talonflame|move: Protect
|-supereffective|p1b: Incineroar|1
|-crit|p1b: Incineroar
|-damage|p1a: Espathra|40/100
|-damage|p1b: Incineroar|0 fnt
|-enditem|p1a: Espathra|Sitrus Berry|[eat]
|-heal|p1a: Espathra|64/100|[from] item: Sitrus Berry
|faint|p1b: Incineroar
|
|-ability|p1a: Espathra|Speed Boost|boost
|-boost|p1a: Espathra|spe|1
|upkeep
|
|t:|1782180647
|switch|p1b: Garchomp|Garchomp, L50, M|100/100
|turn|3
|
|t:|1782180678
|move|p1a: Espathra|Baton Pass|p1a: Espathra
|
|t:|1782180704
|switch|p1a: Eelektross|Eelektross, L50, F|100/100|[from] Baton Pass
|move|p2a: Talonflame|Tailwind|p2a: Talonflame
|-sidestart|p2: sturmkitten69|move: Tailwind
|move|p2b: Garchomp|Dragon Claw|p1b: Garchomp
|-supereffective|p1b: Garchomp|1
|-damage|p1b: Garchomp|51/100
|-damage|p2b: Garchomp|87/100|[from] ability: Rough Skin|[of] p1b: Garchomp
|move|p1b: Garchomp|Dragon Claw|p2b: Garchomp
|-supereffective|p2b: Garchomp|1
|-damage|p2b: Garchomp|0 fnt
|-damage|p1b: Garchomp|39/100|[from] ability: Rough Skin|[of] p2b: Garchomp
|faint|p2b: Garchomp
|-damage|p1b: Garchomp|29/100|[from] item: Life Orb
|
|upkeep
|
|t:|1782180720
|switch|p2b: Sceptile|Sceptile, L50, M|100/100
|turn|4
|
|t:|1782180755
|detailschange|p2b: Sceptile|Sceptile-Mega, L50, M
|-mega|p2b: Sceptile|Sceptile|Sceptilite
|detailschange|p1a: Eelektross|Eelektross-Mega, L50, F
|-mega|p1a: Eelektross|Eelektross|Eelektrossite
|move|p2b: Sceptile|Dragon Pulse|p1a: Eelektross
|-damage|p1a: Eelektross|71/100
|move|p2a: Talonflame|Overheat|p1b: Garchomp
|-resisted|p1b: Garchomp|1
|-damage|p1b: Garchomp|0 fnt
|-unboost|p2a: Talonflame|spa|2
|faint|p1b: Garchomp
|-damage|p2a: Talonflame|71/100|[from] item: Life Orb
|move|p1a: Eelektross|Thunderbolt|p2b: Sceptile
|-activate|p2b: Sceptile|ability: Lightning Rod
|-ability|p2b: Sceptile|Lightning Rod|boost
|-boost|p2b: Sceptile|spa|1
|
|upkeep
|
|t:|1782180765
|switch|p1b: Espathra|Espathra, L50, M|64/100
|turn|5
|
|t:|1782180806
|move|p2b: Sceptile|Dragon Pulse|p1a: Eelektross
|-damage|p1a: Eelektross|30/100
|move|p2a: Talonflame|Overheat|p1b: Espathra
|-damage|p1b: Espathra|25/100
|-unboost|p2a: Talonflame|spa|2
|-damage|p2a: Talonflame|62/100|[from] item: Life Orb
|move|p1a: Eelektross|Flamethrower|p2b: Sceptile
|-damage|p2b: Sceptile|16/100
|move|p1b: Espathra|Calm Mind|p1b: Espathra
|-boost|p1b: Espathra|spa|1
|-boost|p1b: Espathra|spd|1
|
|-ability|p1b: Espathra|Speed Boost|boost
|-boost|p1b: Espathra|spe|1
|upkeep
|turn|6
|
|t:|1782180835
|move|p1b: Espathra|Protect|p1b: Espathra
|-singleturn|p1b: Espathra|Protect
|move|p1a: Eelektross|Protect|p1a: Eelektross
|-singleturn|p1a: Eelektross|Protect
|move|p2b: Sceptile|Energy Ball|p1a: Eelektross
|-activate|p1a: Eelektross|move: Protect
|move|p2a: Talonflame|Brave Bird|p1b: Espathra
|-activate|p1b: Espathra|move: Protect
|
|-sideend|p2: sturmkitten69|move: Tailwind
|-ability|p1b: Espathra|Speed Boost|boost
|-boost|p1b: Espathra|spe|1
|upkeep
|turn|7
|
|t:|1782180892
|move|p2a: Talonflame|Protect|p2a: Talonflame
|-singleturn|p2a: Talonflame|Protect
|move|p1b: Espathra|Lumina Crash|p2b: Sceptile
|-damage|p2b: Sceptile|0 fnt
|faint|p2b: Sceptile
|move|p1a: Eelektross|Flamethrower|p2a: Talonflame
|-activate|p2a: Talonflame|move: Protect
|
|-ability|p1b: Espathra|Speed Boost|boost
|-boost|p1b: Espathra|spe|1
|upkeep
|
|t:|1782180901
|switch|p2b: Sneasler|Sneasler, L50, F|100/100
|turn|8
|
|t:|1782180916
|move|p1b: Espathra|Lumina Crash|p2b: Sneasler
|-supereffective|p2b: Sneasler|2
|-damage|p2b: Sneasler|0 fnt
|faint|p2b: Sneasler
|move|p1a: Eelektross|Thunderbolt|p2a: Talonflame
|-supereffective|p2a: Talonflame|1
|-damage|p2a: Talonflame|0 fnt
|faint|p2a: Talonflame
|
|win|znivs
||znivs is ready for game 2.
|inactive|sturmkitten69 has 30 seconds to confirm battle start!
||sturmkitten69 is ready for game 2.
|uhtml|next|Next: Game 2 of 3
|l|☆sturmkitten69
|player|p2|
