|j|☆ToastedArt
|j|☆Zeuzash
|html|ToastedArtZeuzash    
|uhtml|bestof|Game 2 of a best-of-3
|t:|1785611507
|gametype|doubles
|player|p1|ToastedArt|iris|1058
|player|p2|Zeuzash|170|1126
|gen|9
|tier|[Gen 9 Champions] VGC 2026 Reg M-B (Bo3)
|rated|
|rule|Species Clause: Limit one of each Pokémon
|rule|Item Clause: Limit 1 of each item
|clearpoke
|poke|p1|Froslass, L50, F|
|poke|p1|Scovillain, L50, M|
|poke|p1|Kingambit, L50, F|
|poke|p1|Basculegion, L50, M|
|poke|p1|Sneasler, L50, M|
|poke|p1|Lycanroc-Dusk, L50, F|
|poke|p2|Charizard, L50, M|
|poke|p2|Garchomp, L50, F|
|poke|p2|Sylveon, L50, F|
|poke|p2|Kingambit, L50, M|
|poke|p2|Incineroar, L50, M, shiny|
|poke|p2|Tsareena, L50, F, shiny|
|teampreview|4
|showteam|p1|Froslass||Froslassite|CursedBody|Blizzard,ShadowBall,AuroraVeil,Protect|Timid||F|||50|]Scovillain||Scovillainite|Moody|Overheat,GigaDrain,RagePowder,Protect|Calm||M|||50|]Kingambit||BlackGlasses|Defiant|KowtowCleave,SuckerPunch,SwordsDance,Protect|Adamant||F|||50|]Basculegion||SitrusBerry|Adaptability|WaveCrash,LastRespects,AquaJet,Protect|Adamant||M|||50|]Sneasler||WhiteHerb|Unburden|GunkShot,CloseCombat,FakeOut,Protect|Adamant||M|||50|]Lycanroc-Dusk||FocusSash|ToughClaws|RockSlide,CloseCombat,Accelerock,Protect|Adamant||F|||50|
|showteam|p2|Charizard||CharizarditeY|Blaze|SolarBeam,WeatherBall,HeatWave,Protect|Modest||M|||50|]Garchomp||LifeOrb|RoughSkin|Earthquake,RockSlide,DragonClaw,Protect|Jolly||F|||50|]Sylveon||FairyFeather|Pixilate|QuickAttack,HyperBeam,HyperVoice,Detect|Modest||F|||50|]Kingambit||FocusSash|Defiant|Protect,SwordsDance,SuckerPunch,IronHead|Adamant||M|||50|]Incineroar||SitrusBerry|Intimidate|FlareBlitz,DarkestLariat,FakeOut,PartingShot|Careful||M|||50|]Tsareena|||QueenlyMajesty|PowerWhip,TripleAxel,Taunt,HelpingHand|Impish||F|||50|
|inactive|Battle timer is ON: inactive players will automatically lose when time's up. (requested by ToastedArt)
|
|t:|1785611530
|teamsize|p1|4
|teamsize|p2|4
|start
|switch|p1a: Froslass|Froslass, L50, F|100/100
|switch|p1b: Sneasler|Sneasler, L50, M|100/100
|switch|p2a: Kingambit|Kingambit, L50, M|100/100
|switch|p2b: Sylveon|Sylveon, L50, F|100/100
|turn|1
|
|t:|1785611546
|switch|p2b: Charizard|Charizard, L50, M|100/100
|detailschange|p1a: Froslass|Froslass-Mega, L50, F
|-mega|p1a: Froslass|Froslass|Froslassite
|-weather|Snowscape|[from] ability: Snow Warning|[of] p1a: Froslass
|move|p2a: Kingambit|Protect|p2a: Kingambit
|-singleturn|p2a: Kingambit|Protect
|move|p1a: Froslass|Aurora Veil|p1a: Froslass
|-sidestart|p1: ToastedArt|move: Aurora Veil
|move|p1b: Sneasler|Gunk Shot|p2b: Charizard|[miss]
|-miss|p1b: Sneasler|p2b: Charizard
|
|-weather|Snowscape|[upkeep]
|upkeep
|turn|2
|
|t:|1785611565
|detailschange|p2b: Charizard|Charizard-Mega-Y, L50, M
|-mega|p2b: Charizard|Charizard|Charizardite Y
|-weather|SunnyDay|[from] ability: Drought|[of] p2b: Charizard
|move|p1a: Froslass|Protect|p1a: Froslass
|-singleturn|p1a: Froslass|Protect
|move|p1b: Sneasler|Close Combat|p2a: Kingambit
|-supereffective|p2a: Kingambit|2
|-enditem|p2a: Kingambit|Focus Sash
|-damage|p2a: Kingambit|1/100
|-unboost|p1b: Sneasler|def|1
|-unboost|p1b: Sneasler|spd|1
|-enditem|p1b: Sneasler|White Herb
|-clearnegativeboost|p1b: Sneasler|[silent]
|move|p2b: Charizard|Heat Wave|p1b: Sneasler|[spread] p1b
|-activate|p1a: Froslass|move: Protect
|-damage|p1b: Sneasler|51/100
|-status|p1b: Sneasler|brn
|move|p2a: Kingambit|Swords Dance|p2a: Kingambit
|-boost|p2a: Kingambit|atk|2
|
|-weather|SunnyDay|[upkeep]
|-damage|p1b: Sneasler|45/100 brn|[from] brn
|upkeep
|turn|3
|inactive|ToastedArt has 30 seconds left.
|inactive|ToastedArt has 20 seconds left.
|
|t:|1785611604
|switch|p1a: Basculegion|Basculegion, L50, M|100/100
|move|p2a: Kingambit|Protect|p2a: Kingambit
|-singleturn|p2a: Kingambit|Protect
|move|p1b: Sneasler|Gunk Shot|p2b: Charizard
|-damage|p2b: Charizard|70/100
|-status|p2b: Charizard|psn
|move|p2b: Charizard|Heat Wave|p1a: Basculegion|[spread] p1a,p1b
|-resisted|p1a: Basculegion|1
|-damage|p1a: Basculegion|80/100
|-damage|p1b: Sneasler|1/100 brn
|
|-weather|SunnyDay|[upkeep]
|-damage|p2b: Charizard|58/100 psn|[from] psn
|-damage|p1b: Sneasler|0 fnt|[from] brn
|faint|p1b: Sneasler
|upkeep
|
|t:|1785611612
|switch|p1b: Lycanroc|Lycanroc-Dusk, L50, F|100/100
|turn|4
|inactive|Zeuzash has 30 seconds left.
|inactive|Zeuzash has 20 seconds left.
|inactive|Zeuzash has 15 seconds left.
|inactive|Zeuzash has 10 seconds left.
|
|t:|1785611660
|move|p2b: Charizard|Protect|p2b: Charizard
|-singleturn|p2b: Charizard|Protect
|move|p2a: Kingambit|Protect|p2a: Kingambit
|-singleturn|p2a: Kingambit|Protect
|move|p1a: Basculegion|Aqua Jet|p2a: Kingambit
|-activate|p2a: Kingambit|move: Protect
|move|p1b: Lycanroc|Rock Slide|p2a: Kingambit|[spread] 
|-activate|p2a: Kingambit|move: Protect
|-activate|p2b: Charizard|move: Protect
|
|-weather|SunnyDay|[upkeep]
|-damage|p2b: Charizard|46/100 psn|[from] psn
|upkeep
|turn|5
|
|t:|1785611676
|switch|p2b: Sylveon|Sylveon, L50, F|100/100
|move|p1a: Basculegion|Aqua Jet|p2a: Kingambit
|-damage|p2a: Kingambit|0 fnt
|faint|p2a: Kingambit
|move|p1b: Lycanroc|Rock Slide|p2b: Sylveon|[miss]
|-miss|p1b: Lycanroc|p2b: Sylveon
|
|-weather|SunnyDay|[upkeep]
|-sideend|p1: ToastedArt|move: Aurora Veil
|upkeep
|
|t:|1785611683
|switch|p2a: Garchomp|Garchomp, L50, F|100/100
|turn|6
|
|t:|1785611689
|switch|p1b: Froslass|Froslass-Mega, L50, F|100/100
|-weather|Snowscape|[from] ability: Snow Warning|[of] p1b: Froslass
|move|p1a: Basculegion|Protect|p1a: Basculegion
|-singleturn|p1a: Basculegion|Protect
|move|p2b: Sylveon|Detect|p2b: Sylveon
|-singleturn|p2b: Sylveon|Protect
|move|p2a: Garchomp|Earthquake|p1b: Froslass|[spread] p1b
|-activate|p2b: Sylveon|move: Protect
|-activate|p1a: Basculegion|move: Protect
|-damage|p1b: Froslass|53/100
|-damage|p2a: Garchomp|90/100|[from] item: Life Orb
|
|-weather|Snowscape|[upkeep]
|upkeep
|turn|7
|
|t:|1785611701
|move|p2a: Garchomp|Protect|p2a: Garchomp
|-singleturn|p2a: Garchomp|Protect
|move|p1b: Froslass|Blizzard|p2b: Sylveon|[spread] p2b
|-activate|p2a: Garchomp|move: Protect
|-damage|p2b: Sylveon|69/100
|move|p1a: Basculegion|Last Respects|p2b: Sylveon
|-damage|p2b: Sylveon|0 fnt
|faint|p2b: Sylveon
|
|-weather|Snowscape|[upkeep]
|upkeep
|
|t:|1785611707
|switch|p2b: Charizard|Charizard-Mega-Y, L50, M|46/100 psn
|-weather|SunnyDay|[from] ability: Drought|[of] p2b: Charizard
|turn|8
|
|t:|1785611713
|move|p1b: Froslass|Protect|p1b: Froslass
|-singleturn|p1b: Froslass|Protect
|move|p1a: Basculegion|Protect|p1a: Basculegion
|-singleturn|p1a: Basculegion|Protect
|move|p2a: Garchomp|Rock Slide|p1b: Froslass|[spread] 
|-activate|p1a: Basculegion|move: Protect
|-activate|p1b: Froslass|move: Protect
|move|p2b: Charizard|Heat Wave|p1b: Froslass|[spread] 
|-activate|p1a: Basculegion|move: Protect
|-activate|p1b: Froslass|move: Protect
|
|-weather|SunnyDay|[upkeep]
|-damage|p2b: Charizard|34/100 psn|[from] psn
|upkeep
|turn|9
|
|t:|1785611728
|switch|p1b: Lycanroc|Lycanroc-Dusk, L50, F|100/100
|move|p1a: Basculegion|Aqua Jet|p2b: Charizard
|-supereffective|p2b: Charizard|1
|-damage|p2b: Charizard|8/100 psn
|move|p2a: Garchomp|Earthquake|p1a: Basculegion|[spread] p1a,p1b
|-immune|p2b: Charizard
|-supereffective|p1b: Lycanroc|1
|-damage|p1a: Basculegion|23/100
|-enditem|p1b: Lycanroc|Focus Sash
|-damage|p1b: Lycanroc|1/100
|-enditem|p1a: Basculegion|Sitrus Berry|[eat]
|-heal|p1a: Basculegion|48/100|[from] item: Sitrus Berry
|-damage|p2a: Garchomp|80/100|[from] item: Life Orb
|move|p2b: Charizard|Heat Wave|p1b: Lycanroc|[spread] p1a,p1b
|-resisted|p1a: Basculegion|1
|-resisted|p1b: Lycanroc|1
|-damage|p1a: Basculegion|16/100
|-damage|p1b: Lycanroc|0 fnt
|faint|p1b: Lycanroc
|
|-weather|SunnyDay|[upkeep]
|-damage|p2b: Charizard|0 fnt|[from] psn
|faint|p2b: Charizard
|upkeep
|
|t:|1785611737
|switch|p1b: Froslass|Froslass-Mega, L50, F|53/100
|-weather|Snowscape|[from] ability: Snow Warning|[of] p1b: Froslass
|turn|10
|
|t:|1785611742
|move|p1b: Froslass|Blizzard|p2a: Garchomp
|-supereffective|p2a: Garchomp|2
|-damage|p2a: Garchomp|0 fnt
|faint|p2a: Garchomp
|
|win|ToastedArt
|raw|ToastedArt's rating: 1058 → 1095(+37 for winning)
|raw|Zeuzash's rating: 1126 → 1096(-30 for losing)
