|j|☆luxerna
|j|☆Chelicerate1
|html|luxernaChelicerate1    
|uhtml|bestof|Game 2 of a best-of-3
|t:|1785324290
|gametype|doubles
|player|p1|luxerna|dawn-gen4pt|1412
|player|p2|Chelicerate1|ethan|1418
|gen|9
|tier|[Gen 9 Champions] VGC 2026 Reg M-B (Bo3)
|rated|
|rule|Species Clause: Limit one of each Pokémon
|rule|Item Clause: Limit 1 of each item
|clearpoke
|poke|p1|Tyranitar, L50, M|
|poke|p1|Staraptor, L50, M|
|poke|p1|Excadrill, L50, M|
|poke|p1|Gholdengo, L50|
|poke|p1|Milotic, L50, M|
|poke|p1|Sinistcha, L50|
|poke|p2|Grimmsnarl, L50, M|
|poke|p2|Basculegion, L50, M|
|poke|p2|Charizard, L50, F|
|poke|p2|Pelipper, L50, M|
|poke|p2|Venusaur, L50, M|
|poke|p2|Archaludon, L50, M|
|teampreview|4
|showteam|p1|Tyranitar||Tyranitarite|SandStream|RockSlide,KnockOff,HighHorsepower,Protect|Jolly||M|||50|]Staraptor||Staraptite|Intimidate|BraveBird,CloseCombat,Tailwind,Protect|Jolly||M|||50|]Excadrill||FocusSash|SandRush|HighHorsepower,IronHead,RockSlide,Protect|Adamant||M|||50|]Gholdengo||LifeOrb|GoodasGold|MakeItRain,ShadowBall,NastyPlot,Protect|Timid|||||50|]Milotic||SitrusBerry|Competitive|Protect,Scald,IcyWind,IceBeam|Bold||M|||50|]Sinistcha||ColburBerry|Hospitality|MatchaGotcha,RagePowder,ShadowBall,Protect|Bold|||||50|
|showteam|p2|Grimmsnarl||LightClay|Prankster|SpiritBreak,PartingShot,Reflect,LightScreen|Sassy||M|||50|]Basculegion||ChoiceScarf|Adaptability|LastRespects,WaveCrash,AquaJet,FlipTurn|Jolly||M|||50|]Charizard||CharizarditeY|Blaze|Protect,HeatWave,WeatherBall,SolarBeam|Modest||F|||50|]Pelipper||SitrusBerry|Drizzle|Hurricane,WeatherBall,Tailwind,WideGuard|Modest||M|||50|]Venusaur||FocusSash|Chlorophyll|SludgeBomb,SleepPowder,EarthPower,Protect|Modest||M|||50|]Archaludon||Leftovers|Stamina|ElectroShot,DragonPulse,FlashCannon,Protect|Calm||M|||50|
|inactive|Battle timer is ON: inactive players will automatically lose when time's up. (requested by Chelicerate1)
|
|t:|1785324304
|teamsize|p1|4
|teamsize|p2|4
|start
|switch|p1a: Floppavs|Tyranitar, L50, M|100/100
|switch|p1b: Norris|Excadrill, L50, M|100/100
|switch|p2a: Charizard|Charizard, L50, F|100/100
|switch|p2b: Venusaur|Venusaur, L50, M|100/100
|-weather|Sandstorm|[from] ability: Sand Stream|[of] p1a: Floppavs
|turn|1
|
|t:|1785324318
|detailschange|p2a: Charizard|Charizard-Mega-Y, L50, F
|-mega|p2a: Charizard|Charizard|Charizardite Y
|-weather|SunnyDay|[from] ability: Drought|[of] p2a: Charizard
|move|p1b: Norris|Protect|p1b: Norris
|-singleturn|p1b: Norris|Protect
|move|p1a: Floppavs|Protect|p1a: Floppavs
|-singleturn|p1a: Floppavs|Protect
|move|p2b: Venusaur|Sleep Powder|p1a: Floppavs
|-activate|p1a: Floppavs|move: Protect
|move|p2a: Charizard|Heat Wave|p1b: Norris|[spread] 
|-activate|p1a: Floppavs|move: Protect
|-activate|p1b: Norris|move: Protect
|
|-weather|SunnyDay|[upkeep]
|upkeep
|turn|2
|
|t:|1785324330
|switch|p2a: Archaludon|Archaludon, L50, M|100/100
|detailschange|p1a: Floppavs|Tyranitar-Mega, L50, M
|-mega|p1a: Floppavs|Tyranitar|Tyranitarite
|-weather|Sandstorm|[from] ability: Sand Stream|[of] p1a: Floppavs
|move|p2b: Venusaur|Protect|p2b: Venusaur
|-singleturn|p2b: Venusaur|Protect
|move|p1b: Norris|High Horsepower|p2a: Archaludon
|-supereffective|p2a: Archaludon|1
|-damage|p2a: Archaludon|16/100
|-ability|p2a: Archaludon|Stamina|boost
|-boost|p2a: Archaludon|def|1
|move|p1a: Floppavs|Rock Slide|p2b: Venusaur|[spread] 
|-activate|p2b: Venusaur|move: Protect
|-miss|p1a: Floppavs|p2a: Archaludon
|
|-weather|Sandstorm|[upkeep]
|-damage|p2b: Venusaur|94/100|[from] Sandstorm
|-heal|p2a: Archaludon|22/100|[from] item: Leftovers
|upkeep
|turn|3
|
|t:|1785324345
|switch|p1a: Triple T|Gholdengo, L50|100/100
|switch|p2a: Charizard|Charizard-Mega-Y, L50, F|100/100
|-weather|SunnyDay|[from] ability: Drought|[of] p2a: Charizard
|move|p2b: Venusaur|Sleep Powder|p1b: Norris
|-status|p1b: Norris|slp|[from] move: Sleep Powder
|cant|p1b: Norris|slp
|
|-weather|SunnyDay|[upkeep]
|upkeep
|turn|4
|
|t:|1785324357
|move|p1a: Triple T|Protect|p1a: Triple T
|-singleturn|p1a: Triple T|Protect
|move|p2b: Venusaur|Earth Power|p1a: Triple T
|-activate|p1a: Triple T|move: Protect
|cant|p1b: Norris|slp
|move|p2a: Charizard|Heat Wave|p1b: Norris|[spread] p1b
|-activate|p1a: Triple T|move: Protect
|-supereffective|p1b: Norris|1
|-enditem|p1b: Norris|Focus Sash
|-damage|p1b: Norris|1/100 slp
|
|-weather|SunnyDay|[upkeep]
|upkeep
|turn|5
|
|t:|1785324366
|switch|p1a: Floppavs|Tyranitar-Mega, L50, M|100/100
|-weather|Sandstorm|[from] ability: Sand Stream|[of] p1a: Floppavs
|-curestatus|p1b: Norris|slp|[msg]
|move|p1b: Norris|Rock Slide|p2b: Venusaur|[spread] p2a,p2b
|-supereffective|p2a: Charizard|2
|-damage|p2a: Charizard|8/100
|-damage|p2b: Venusaur|66/100
|move|p2a: Charizard|Weather Ball|p1a: Floppavs
|-damage|p1a: Floppavs|79/100
|move|p2b: Venusaur|Earth Power|p1b: Norris
|-supereffective|p1b: Norris|1
|-damage|p1b: Norris|0 fnt
|faint|p1b: Norris
|
|-weather|Sandstorm|[upkeep]
|-damage|p2a: Charizard|2/100|[from] Sandstorm
|-damage|p2b: Venusaur|61/100|[from] Sandstorm
|upkeep
|
|t:|1785324382
|switch|p1b: Miguel SVC|Staraptor, L50, M|100/100
|-ability|p1b: Miguel SVC|Intimidate|boost
|-unboost|p2a: Charizard|atk|1
|-unboost|p2b: Venusaur|atk|1
|turn|6
|
|t:|1785324397
|switch|p2a: Archaludon|Archaludon, L50, M|22/100
|move|p2b: Venusaur|Protect|p2b: Venusaur
|-singleturn|p2b: Venusaur|Protect
|move|p1b: Miguel SVC|Tailwind|p1b: Miguel SVC
|-sidestart|p1: luxerna|move: Tailwind
|move|p1a: Floppavs|Knock Off|p2b: Venusaur
|-activate|p2b: Venusaur|move: Protect
|
|-weather|Sandstorm|[upkeep]
|-damage|p1b: Miguel SVC|94/100|[from] Sandstorm
|-damage|p2b: Venusaur|55/100|[from] Sandstorm
|-heal|p2a: Archaludon|28/100|[from] item: Leftovers
|upkeep
|turn|7
|inactive|Chelicerate1 has 30 seconds left.
|inactive|Chelicerate1 has 20 seconds left.
|
|t:|1785324434
|move|p2b: Venusaur|Protect|p2b: Venusaur
|-singleturn|p2b: Venusaur|Protect
|move|p2a: Archaludon|Protect|p2a: Archaludon
|-singleturn|p2a: Archaludon|Protect
|move|p1b: Miguel SVC|Brave Bird|p2b: Venusaur
|-activate|p2b: Venusaur|move: Protect
|move|p1a: Floppavs|Knock Off|p2a: Archaludon
|-activate|p2a: Archaludon|move: Protect
|
|-weather|Sandstorm|[upkeep]
|-damage|p1b: Miguel SVC|88/100|[from] Sandstorm
|-damage|p2b: Venusaur|49/100|[from] Sandstorm
|-heal|p2a: Archaludon|34/100|[from] item: Leftovers
|upkeep
|turn|8
|
|t:|1785324448
|switch|p2b: Pelipper|Pelipper, L50, M|100/100
|-weather|RainDance|[from] ability: Drizzle|[of] p2b: Pelipper
|move|p1b: Miguel SVC|Brave Bird|p2b: Pelipper
|-damage|p2b: Pelipper|40/100
|-enditem|p2b: Pelipper|Sitrus Berry|[eat]
|-heal|p2b: Pelipper|65/100|[from] item: Sitrus Berry
|-damage|p1b: Miguel SVC|68/100|[from] Recoil
|move|p1a: Floppavs|Knock Off|p2a: Archaludon
|-damage|p2a: Archaludon|0 fnt
|-enditem|p2a: Archaludon|Leftovers|[from] move: Knock Off|[of] p1a: Floppavs
|faint|p2a: Archaludon
|
|-weather|RainDance|[upkeep]
|upkeep
|
|t:|1785324453
|switch|p2a: Venusaur|Venusaur, L50, M|49/100
|turn|9
|
|t:|1785324459
|move|p2a: Venusaur|Protect|p2a: Venusaur
|-singleturn|p2a: Venusaur|Protect
|move|p1b: Miguel SVC|Brave Bird|p2a: Venusaur
|-activate|p2a: Venusaur|move: Protect
|move|p1a: Floppavs|Rock Slide|p2b: Pelipper|[spread] p2b
|-activate|p2a: Venusaur|move: Protect
|-supereffective|p2b: Pelipper|1
|-damage|p2b: Pelipper|0 fnt
|faint|p2b: Pelipper
|
|-weather|RainDance|[upkeep]
|-sideend|p1: luxerna|move: Tailwind
|upkeep
|
|t:|1785324470
|switch|p2b: Charizard|Charizard-Mega-Y, L50, F|2/100
|-weather|SunnyDay|[from] ability: Drought|[of] p2b: Charizard
|turn|10
|
|t:|1785324476
|switch|p1a: Triple T|Gholdengo, L50|100/100
|move|p1b: Miguel SVC|Protect|p1b: Miguel SVC
|-singleturn|p1b: Miguel SVC|Protect
|move|p2a: Venusaur|Sleep Powder|p1b: Miguel SVC
|-activate|p1b: Miguel SVC|move: Protect
|move|p2b: Charizard|Solar Beam||[still]
|-prepare|p2b: Charizard|Solar Beam
|-anim|p2b: Charizard|Solar Beam|p1a: Triple T
|-resisted|p1a: Triple T|1
|-damage|p1a: Triple T|74/100
|
|-weather|SunnyDay|[upkeep]
|upkeep
|turn|11
|
|t:|1785324487
|switch|p1a: Floppavs|Tyranitar-Mega, L50, M|79/100
|-weather|Sandstorm|[from] ability: Sand Stream|[of] p1a: Floppavs
|move|p1b: Miguel SVC|Tailwind|p1b: Miguel SVC
|-sidestart|p1: luxerna|move: Tailwind
|move|p2b: Charizard|Weather Ball|p1a: Floppavs
|-damage|p1a: Floppavs|58/100
|move|p2a: Venusaur|Sleep Powder|p1b: Miguel SVC
|-status|p1b: Miguel SVC|slp|[from] move: Sleep Powder
|
|-weather|Sandstorm|[upkeep]
|-damage|p1b: Miguel SVC|62/100 slp|[from] Sandstorm
|-damage|p2b: Charizard|0 fnt|[from] Sandstorm
|-damage|p2a: Venusaur|43/100|[from] Sandstorm
|faint|p2b: Charizard
|upkeep
|turn|12
|
|t:|1785324501
|cant|p1b: Miguel SVC|slp
|move|p1a: Floppavs|Knock Off|p2a: Venusaur
|-damage|p2a: Venusaur|0 fnt
|-enditem|p2a: Venusaur|Focus Sash|[from] move: Knock Off|[of] p1a: Floppavs
|faint|p2a: Venusaur
|
|win|luxerna
|raw|luxerna's rating: 1412 → 1432(+20 for winning)
|raw|Chelicerate1's rating: 1418 → 1398(-20 for losing)
