|j|☆regalac3
|j|☆itangood5
|html|regalac3itangood5    
|uhtml|bestof|Game 2 of a best-of-3
|t:|1783058666
|gametype|doubles
|player|p1|regalac3|n|1169
|player|p2|itangood5|nate|1131
|gen|9
|tier|[Gen 9 Champions] VGC 2026 Reg M-B (Bo3)
|rated|
|rule|Species Clause: Limit one of each Pokémon
|rule|Item Clause: Limit 1 of each item
|clearpoke
|poke|p1|Aerodactyl, L50, F|
|poke|p1|Pyroar, L50, M|
|poke|p1|Farigiraf, L50, M|
|poke|p1|Mamoswine, L50, F|
|poke|p1|Venusaur, L50, M|
|poke|p1|Torkoal, L50, M|
|poke|p2|Raichu, L50, F|
|poke|p2|Palafin, L50, F|
|poke|p2|Emolga, L50, M|
|poke|p2|Meowscarada, L50, F|
|poke|p2|Dragonite, L50, F, shiny|
|poke|p2|Gengar, L50, F|
|teampreview|4
|showteam|p1|Aerodactyl||Aerodactylite|Unnerve|RockSlide,DualWingbeat,IceFang,Tailwind|Jolly||F|||50|]Pyroar||Pyroarite|Unnerve|HeatWave,SolarBeam,Overheat,Protect|Timid||M|||50|]Farigiraf||SitrusBerry|ArmorTail|Psychic,Thunderbolt,HelpingHand,TrickRoom|Modest||M|||50|]Mamoswine||LifeOrb|Oblivious|IcicleCrash,HighHorsepower,IceShard,Protect|Adamant||F|||50|]Venusaur||FocusSash|Chlorophyll|LeafStorm,SludgeBomb,SleepPowder,Protect|Modest||M|||50|]Torkoal||Charcoal|Drought|Eruption,WeatherBall,HelpingHand,Protect|Quiet||M|||50|
|showteam|p2|Raichu||RaichuniteY|LightningRod|ZapCannon,Protect,FocusBlast,FakeOut|Timid||F|||50|]Palafin||MysticWater|ZerotoHero|JetPunch,Protect,WaveCrash,CloseCombat|Adamant||F|||50|]Emolga||FocusSash|MotorDrive|Protect,AirSlash,Encore,ThunderWave|Modest||M|||50|]Meowscarada||ChoiceScarf|Protean|FlowerTrick,TripleAxel,KnockOff,Uturn|Adamant||F|||50|]Dragonite||LifeOrb|InnerFocus|Protect,Outrage,RockSlide,ExtremeSpeed|Jolly||F|||50|]Gengar||Gengarite|CursedBody|Protect,SludgeBomb,ShadowBall,WillOWisp|Timid||F|||50|
|inactive|Battle timer is ON: inactive players will automatically lose when time's up. (requested by itangood5)
|
|t:|1783058693
|teamsize|p1|4
|teamsize|p2|4
|start
|switch|p1a: Pyroar|Pyroar, L50, M|100/100
|switch|p1b: Venusaur|Venusaur, L50, M|100/100
|switch|p2a: Izzy|Raichu, L50, F|100/100
|switch|p2b: Owen|Palafin, L50, F|100/100
|-ability|p1a: Pyroar|Unnerve
|turn|1
|
|t:|1783058709
|switch|p1a: Farigiraf|Farigiraf, L50, M|100/100
|detailschange|p2b: Owen|Palafin-Hero, L50, F
|switch|p2b: Oliver|Dragonite, L50, F, shiny|100/100
|detailschange|p2a: Izzy|Raichu-Mega-Y, L50, F
|-mega|p2a: Izzy|Raichu|Raichunite Y
|move|p2a: Izzy|Focus Blast|p1a: Farigiraf
|-crit|p1a: Farigiraf
|-damage|p1a: Farigiraf|42/100
|-enditem|p1a: Farigiraf|Sitrus Berry|[eat]
|-heal|p1a: Farigiraf|67/100|[from] item: Sitrus Berry
|move|p1b: Venusaur|Leaf Storm|p2b: Oliver
|-resisted|p2b: Oliver|2
|-damage|p2b: Oliver|85/100
|-unboost|p1b: Venusaur|spa|2
|
|upkeep
|turn|2
|
|t:|1783058728
|move|p2a: Izzy|Zap Cannon|p1a: Farigiraf
|-damage|p1a: Farigiraf|7/100
|-status|p1a: Farigiraf|par
|move|p1b: Venusaur|Sleep Powder|p2a: Izzy
|-status|p2a: Izzy|slp|[from] move: Sleep Powder
|move|p2b: Oliver|Rock Slide|p1b: Venusaur|[spread] p1a,p1b
|-damage|p1a: Farigiraf|0 fnt
|-damage|p1b: Venusaur|71/100
|faint|p1a: Farigiraf
|-damage|p2b: Oliver|76/100|[from] item: Life Orb
|
|upkeep
|
|t:|1783058737
|switch|p1a: Torkoal|Torkoal, L50, M|100/100
|-weather|SunnyDay|[from] ability: Drought|[of] p1a: Torkoal
|turn|3
|
|t:|1783058748
|cant|p2a: Izzy|slp
|move|p1b: Venusaur|Sleep Powder|p2b: Oliver|[miss]
|-miss|p1b: Venusaur|p2b: Oliver
|move|p2b: Oliver|Rock Slide|p1b: Venusaur|[spread] p1a,p1b
|-supereffective|p1a: Torkoal|1
|-damage|p1a: Torkoal|67/100
|-damage|p1b: Venusaur|40/100
|-damage|p2b: Oliver|66/100|[from] item: Life Orb
|move|p1a: Torkoal|Eruption|p2b: Oliver|[spread] p2a,p2b
|-resisted|p2b: Oliver|1
|-damage|p2a: Izzy|24/100 slp
|-damage|p2b: Oliver|43/100
|
|-weather|SunnyDay|[upkeep]
|upkeep
|turn|4
|
|t:|1783058766
|move|p1b: Venusaur|Sleep Powder|p2b: Oliver
|-status|p2b: Oliver|slp|[from] move: Sleep Powder
|cant|p2a: Izzy|slp
|cant|p2b: Oliver|slp
|move|p1a: Torkoal|Weather Ball|p2a: Izzy
|-damage|p2a: Izzy|0 fnt
|faint|p2a: Izzy
|
|-weather|SunnyDay|[upkeep]
|upkeep
|
|t:|1783058769
|switch|p2a: Owen|Palafin-Hero, L50, F|100/100
|-activate|p2a: Owen|ability: Zero to Hero
|turn|5
|
|t:|1783058783
|switch|p1a: Pyroar|Pyroar, L50, M|100/100
|-ability|p1a: Pyroar|Unnerve
|move|p2a: Owen|Jet Punch|p1a: Pyroar
|-supereffective|p1a: Pyroar|1
|-damage|p1a: Pyroar|25/100
|move|p1b: Venusaur|Leaf Storm|p2a: Owen
|-supereffective|p2a: Owen|1
|-damage|p2a: Owen|28/100
|-unboost|p1b: Venusaur|spa|2
|-curestatus|p2b: Oliver|slp|[msg]
|move|p2b: Oliver|Outrage|p1a: Pyroar
|-damage|p1a: Pyroar|0 fnt
|faint|p1a: Pyroar
|-damage|p2b: Oliver|33/100|[from] item: Life Orb
|
|-weather|SunnyDay|[upkeep]
|upkeep
|-message|regalac3 forfeited.
|
|win|itangood5
