|j|☆parmesanlugubre206
|j|‽Informtech
|html|parmesanlugubre206Informtech    
|uhtml|bestof|Game 1 of a best-of-3
|t:|1783362896
|gametype|doubles
|player|p1|parmesanlugubre206|ethan|1244
|player|p2|Informtech|1|1212
|gen|9
|tier|[Gen 9 Champions] VGC 2026 Reg M-B (Bo3)
|rated|
|rule|Species Clause: Limit one of each Pokémon
|rule|Item Clause: Limit 1 of each item
|clearpoke
|poke|p1|Floette-Eternal, L50, F|
|poke|p1|Kingambit, L50, F|
|poke|p1|Talonflame, L50, F|
|poke|p1|Basculegion, L50, M|
|poke|p1|Sinistcha, L50|
|poke|p1|Garchomp, L50, M|
|poke|p2|Staraptor, L50, M|
|poke|p2|Whimsicott, L50, F|
|poke|p2|Basculegion, L50, M|
|poke|p2|Garchomp, L50, F|
|poke|p2|Charizard, L50, F|
|poke|p2|Kingambit, L50, M|
|teampreview|4
|showteam|p1|Floette-Eternal||Floettite|FlowerVeil|Moonblast,CalmMind,DazzlingGleam,Protect|Modest||F|||50|]Kingambit||ChopleBerry|Defiant|KowtowCleave,SuckerPunch,SwordsDance,Protect|Adamant||F|||50|]Talonflame||FocusSash|GaleWings|BraveBird,FlareBlitz,Tailwind,Protect|Adamant||F|||50|]Basculegion||ChoiceScarf|Adaptability|WaveCrash,LastRespects,FlipTurn,AquaJet|Adamant||M|||50|]Sinistcha||SitrusBerry|Hospitality|MatchaGotcha,RagePowder,TrickRoom,Protect|Modest|||||50|]Garchomp||LifeOrb|SandVeil|RockSlide,Earthquake,DragonClaw,Protect|Jolly||M|||50|
|showteam|p2|Staraptor||Staraptite|Intimidate|CloseCombat,BraveBird,Protect,Roost|Adamant||M|||50|]Whimsicott||FocusSash|Prankster|Tailwind,TrickRoom,Moonblast,Tickle|Quiet||F|||50|]Basculegion||SitrusBerry|Adaptability|LastRespects,Protect,AquaJet,WaveCrash|Jolly||M|||50|]Garchomp||LifeOrb|RoughSkin|DragonClaw,RockSlide,Earthquake,Protect|Adamant||F|||50|]Charizard||CharizarditeY|SolarPower|HeatWave,AirSlash,SolarBeam,Protect|Modest||F|||50|]Kingambit||BlackGlasses|Defiant|KowtowCleave,SuckerPunch,Protect,IronHead|Adamant||M|||50|
|inactive|Battle timer is ON: inactive players will automatically lose when time's up. (requested by parmesanlugubre206)
|inactive|parmesanlugubre206 has 60 seconds left.
|inactive|Informtech has 60 seconds left.
|
|t:|1783362936
|teamsize|p1|4
|teamsize|p2|4
|start
|switch|p1a: Sinistcha|Sinistcha, L50|100/100
|switch|p1b: Garchomp|Garchomp, L50, M|100/100
|switch|p2a: Whimsicott|Whimsicott, L50, F|100/100
|switch|p2b: Garchomp|Garchomp, L50, F|100/100
|turn|1
|
|t:|1783362952
|move|p2b: Garchomp|Protect|p2b: Garchomp
|-singleturn|p2b: Garchomp|Protect
|move|p1a: Sinistcha|Rage Powder|p1a: Sinistcha
|-singleturn|p1a: Sinistcha|move: Rage Powder
|move|p1b: Garchomp|Dragon Claw|p2b: Garchomp
|-activate|p2b: Garchomp|move: Protect
|move|p2a: Whimsicott|Trick Room|p2a: Whimsicott
|-fieldstart|move: Trick Room|[of] p2a: Whimsicott
|
|upkeep
|turn|2
|
|t:|1783362976
|move|p1b: Garchomp|Protect|p1b: Garchomp
|-singleturn|p1b: Garchomp|Protect
|move|p1a: Sinistcha|Matcha Gotcha|p2a: Whimsicott|[spread] p2b
|-miss|p1a: Sinistcha|p2a: Whimsicott
|-damage|p2b: Garchomp|74/100
|-status|p2b: Garchomp|brn
|move|p2a: Whimsicott|Moonblast|p1b: Garchomp
|-activate|p1b: Garchomp|move: Protect
|move|p2b: Garchomp|Rock Slide|p1a: Sinistcha|[spread] p1a
|-activate|p1b: Garchomp|move: Protect
|-damage|p1a: Sinistcha|87/100
|-damage|p2b: Garchomp|64/100 brn|[from] item: Life Orb
|
|-damage|p2b: Garchomp|58/100 brn|[from] brn
|upkeep
|turn|3
|
|t:|1783362992
|move|p1a: Sinistcha|Matcha Gotcha|p2a: Whimsicott|[spread] p2a,p2b
|-resisted|p2a: Whimsicott|1
|-damage|p2a: Whimsicott|81/100
|-heal|p1a: Sinistcha|96/100|[from] drain|[of] p2a: Whimsicott
|-damage|p2b: Garchomp|31/100 brn
|-heal|p1a: Sinistcha|100/100|[from] drain|[of] p2b: Garchomp
|move|p2a: Whimsicott|Moonblast|p1b: Garchomp
|-supereffective|p1b: Garchomp|1
|-damage|p1b: Garchomp|18/100
|move|p2b: Garchomp|Rock Slide|p1b: Garchomp|[spread] p1a,p1b
|-resisted|p1b: Garchomp|1
|-damage|p1a: Sinistcha|87/100
|-damage|p1b: Garchomp|11/100
|-damage|p2b: Garchomp|21/100 brn|[from] item: Life Orb
|cant|p1b: Garchomp|flinch
|
|-damage|p2b: Garchomp|15/100 brn|[from] brn
|upkeep
|turn|4
|inactive|Informtech has 30 seconds left.
|
|t:|1783363019
|move|p2b: Garchomp|Protect|p2b: Garchomp
|-singleturn|p2b: Garchomp|Protect
|move|p1b: Garchomp|Protect|p1b: Garchomp
|-singleturn|p1b: Garchomp|Protect
|move|p1a: Sinistcha|Matcha Gotcha|p2b: Garchomp|[spread] p2a
|-activate|p2b: Garchomp|move: Protect
|-resisted|p2a: Whimsicott|1
|-crit|p2a: Whimsicott
|-damage|p2a: Whimsicott|55/100
|-heal|p1a: Sinistcha|100/100|[from] drain|[of] p2a: Whimsicott
|move|p2a: Whimsicott|Moonblast|p1a: Sinistcha
|-damage|p1a: Sinistcha|65/100
|
|-damage|p2b: Garchomp|9/100 brn|[from] brn
|upkeep
|turn|5
|
|t:|1783363035
|switch|p1b: Floette|Floette-Eternal, L50, F|100/100
|move|p1a: Sinistcha|Matcha Gotcha|p2a: Whimsicott|[spread] p2a,p2b
|-resisted|p2a: Whimsicott|1
|-damage|p2a: Whimsicott|35/100
|-heal|p1a: Sinistcha|75/100|[from] drain|[of] p2a: Whimsicott
|-damage|p2b: Garchomp|0 fnt
|-heal|p1a: Sinistcha|80/100|[from] drain|[of] p2b: Garchomp
|faint|p2b: Garchomp
|move|p2a: Whimsicott|Moonblast|p1b: Floette
|-damage|p1b: Floette|64/100
|
|-fieldend|move: Trick Room
|upkeep
|
|t:|1783363039
|switch|p2b: Kingambit|Kingambit, L50, M|100/100
|turn|6
|
|t:|1783363051
|detailschange|p1b: Floette|Floette-Mega, L50, F
|-mega|p1b: Floette|Floette|Floettite
|-ability|p1b: Floette|Fairy Aura
|move|p1a: Sinistcha|Rage Powder|p1a: Sinistcha
|-singleturn|p1a: Sinistcha|move: Rage Powder
|move|p2a: Whimsicott|Tailwind|p2a: Whimsicott
|-sidestart|p2: Informtech|move: Tailwind
|move|p2b: Kingambit|Kowtow Cleave|p1a: Sinistcha
|-supereffective|p1a: Sinistcha|1
|-damage|p1a: Sinistcha|0 fnt
|faint|p1a: Sinistcha
|move|p1b: Floette|Moonblast|p2b: Kingambit
|-damage|p2b: Kingambit|22/100
|
|upkeep
|
|t:|1783363059
|switch|p1a: Talonflame|Talonflame, L50, F|100/100
|turn|7
|
|t:|1783363077
|move|p2a: Whimsicott|Tickle|p1b: Floette
|-unboost|p1b: Floette|atk|1
|-unboost|p1b: Floette|def|1
|move|p1a: Talonflame|Tailwind|p1a: Talonflame
|-sidestart|p1: parmesanlugubre206|move: Tailwind
|move|p2b: Kingambit|Sucker Punch|p1b: Floette
|-resisted|p1b: Floette|1
|-damage|p1b: Floette|29/100
|move|p1b: Floette|Dazzling Gleam|p2b: Kingambit|[spread] p2a,p2b
|-damage|p2a: Whimsicott|0 fnt
|-damage|p2b: Kingambit|0 fnt
|faint|p2a: Whimsicott
|faint|p2b: Kingambit
|
|upkeep
|
|t:|1783363086
|switch|p2b: Staraptor|Staraptor, L50, M|100/100
|-ability|p2b: Staraptor|Intimidate|boost
|-unboost|p1a: Talonflame|atk|1
|-unboost|p1b: Floette|atk|1
|turn|8
|
|t:|1783363094
|switch|p1a: Garchomp|Garchomp, L50, M|11/100
|detailschange|p2b: Staraptor|Staraptor-Mega, L50, M
|-mega|p2b: Staraptor|Staraptor|Staraptite
|move|p1b: Floette|Protect|p1b: Floette
|-singleturn|p1b: Floette|Protect
|move|p2b: Staraptor|Close Combat|p1b: Floette
|-activate|p1b: Floette|move: Protect
|
|upkeep
|turn|9
|
|t:|1783363101
|move|p1a: Garchomp|Dragon Claw|p2b: Staraptor
|-damage|p2b: Staraptor|52/100
|-damage|p1a: Garchomp|2/100|[from] item: Life Orb
|move|p1b: Floette|Moonblast|p2b: Staraptor
|-supereffective|p2b: Staraptor|1
|-damage|p2b: Staraptor|0 fnt
|faint|p2b: Staraptor
|
|win|parmesanlugubre206
