|j|☆ddunks
|j|☆joshplusone
|html|ddunksjoshplusone    
|uhtml|bestof|Game 2 of a best-of-3
|t:|1783883528
|gametype|doubles
|player|p1|ddunks|1|
|player|p2|joshplusone|1|
|gen|9
|tier|[Gen 9 Champions] VGC 2026 Reg M-B (Bo3)
|rule|Species Clause: Limit one of each Pokémon
|rule|Item Clause: Limit 1 of each item
|clearpoke
|poke|p1|Sneasler, L50, M|
|poke|p1|Blastoise, L50, F|
|poke|p1|Kingambit, L50, M|
|poke|p1|Incineroar, L50, F|
|poke|p1|Delphox, L50, M|
|poke|p1|Sinistcha, L50|
|poke|p2|Pelipper, L50, F|
|poke|p2|Grimmsnarl, L50, M|
|poke|p2|Archaludon, L50, M|
|poke|p2|Venusaur, L50, F|
|poke|p2|Charizard, L50, F|
|poke|p2|Basculegion, L50, M|
|teampreview|4
|showteam|p1|Sneasler||FocusSash|PoisonTouch|PoisonJab,CloseCombat,FakeOut,QuickGuard|Jolly||M|||50|]Blastoise||Blastoisinite|RainDish|DarkPulse,WaterSpout,ShellSmash,Protect|Modest||F|||50|]Kingambit||BlackGlasses|Defiant|KowtowCleave,SuckerPunch,SwordsDance,Protect|Adamant||M|||50|]Incineroar||SitrusBerry|Intimidate|FlareBlitz,HelpingHand,PartingShot,FakeOut|Careful||F|||50|]Delphox||Delphoxite|Blaze|HeatWave,NastyPlot,Psyshock,Protect|Modest||M|||50|]Sinistcha||KasibBerry|Hospitality|MatchaGotcha,RagePowder,TrickRoom,Protect|Bold|||||50|
|showteam|p2|Pelipper||SitrusBerry|Drizzle|Hurricane,WeatherBall,Tailwind,Protect|Modest||F|||50|]Grimmsnarl||LightClay|Prankster|Reflect,LightScreen,PartingShot,SpiritBreak|Careful||M|||50|]Archaludon||Leftovers|Stamina|ElectroShot,DragonPulse,FlashCannon,Protect|Modest||M|||50|]Venusaur||Venusaurite|Chlorophyll|SludgeBomb,EarthPower,GigaDrain,Protect|Modest||F|||50|]Charizard||CharizarditeY|Blaze|HeatWave,WeatherBall,Hurricane,Protect|Modest||F|||50|]Basculegion||ChoiceScarf|SwiftSwim|WaveCrash,LastRespects,FlipTurn,AquaJet|Jolly||M|||50|
|j| RadiantSteelix
|j| FlubberMane
|inactive|Battle timer is ON: inactive players will automatically lose when time's up. (requested by ddunks)
|j| IkeFAR
|inactive|ddunks has 60 seconds left.
|inactive|joshplusone has 60 seconds left.
|inactive|ddunks has 30 seconds left.
|inactive|ddunks has 20 seconds left.
|inactive|ddunks has 15 seconds left.
|j| splash2ndcousin
|inactive|ddunks has 10 seconds left.
|
|t:|1783883620
|teamsize|p1|4
|teamsize|p2|4
|start
|switch|p1a: Incineroar|Incineroar, L50, F|100/100
|switch|p1b: Blastoise|Blastoise, L50, F|100/100
|switch|p2a: Grimmsnarl|Grimmsnarl, L50, M|100/100
|switch|p2b: Archaludon|Archaludon, L50, M|100/100
|-ability|p1a: Incineroar|Intimidate|boost
|-unboost|p2a: Grimmsnarl|atk|1
|-unboost|p2b: Archaludon|atk|1
|turn|1
|inactive|ddunks has 30 seconds left.
|inactive|joshplusone has 30 seconds left.
|inactive|ddunks has 20 seconds left.
|
|t:|1783883657
|switch|p1a: Sneasler|Sneasler, L50, M|100/100
|move|p1b: Blastoise|Protect|p1b: Blastoise
|-singleturn|p1b: Blastoise|Protect
|move|p2b: Archaludon|Dragon Pulse|p1b: Blastoise
|-activate|p1b: Blastoise|move: Protect
|move|p2a: Grimmsnarl|Spirit Break|p1b: Blastoise
|-activate|p1b: Blastoise|move: Protect
|
|upkeep
|turn|2
|inactive|joshplusone has 30 seconds left.
|j| munchie2ff
|inactive|joshplusone has 20 seconds left.
|
|t:|1783883692
|detailschange|p1b: Blastoise|Blastoise-Mega, L50, F
|-mega|p1b: Blastoise|Blastoise|Blastoisinite
|move|p2a: Grimmsnarl|Parting Shot|p1a: Sneasler
|-unboost|p1a: Sneasler|atk|1
|-unboost|p1a: Sneasler|spa|1
|
|t:|1783883696
|switch|p2a: Pelipper|Pelipper, L50, F|100/100|[from] Parting Shot
|-weather|RainDance|[from] ability: Drizzle|[of] p2a: Pelipper
|move|p1a: Sneasler|Close Combat|p2b: Archaludon
|-supereffective|p2b: Archaludon|1
|-damage|p2b: Archaludon|38/100
|-unboost|p1a: Sneasler|def|1
|-unboost|p1a: Sneasler|spd|1
|-ability|p2b: Archaludon|Stamina|boost
|-boost|p2b: Archaludon|def|1
|move|p1b: Blastoise|Dark Pulse|p2b: Archaludon
|-damage|p2b: Archaludon|0 fnt
|faint|p2b: Archaludon
|
|-weather|RainDance|[upkeep]
|upkeep
|
|t:|1783883719
|switch|p2b: Grimmsnarl|Grimmsnarl, L50, M|100/100
|turn|3
|inactive|ddunks has 30 seconds left.
|inactive|joshplusone has 30 seconds left.
|inactive|ddunks has 20 seconds left.
|inactive|ddunks has 15 seconds left.
|inactive|ddunks has 10 seconds left.
|
|t:|1783883767
|switch|p1a: Incineroar|Incineroar, L50, F|100/100
|-ability|p1a: Incineroar|Intimidate|boost
|-unboost|p2a: Pelipper|atk|1
|-unboost|p2b: Grimmsnarl|atk|1
|move|p2b: Grimmsnarl|Light Screen|p2b: Grimmsnarl
|-sidestart|p2: joshplusone|move: Light Screen
|move|p1b: Blastoise|Water Spout|p2a: Pelipper|[spread] p2a,p2b
|-resisted|p2a: Pelipper|1
|-damage|p2a: Pelipper|58/100
|-damage|p2b: Grimmsnarl|41/100
|move|p2a: Pelipper|Tailwind|p2a: Pelipper
|-sidestart|p2: joshplusone|move: Tailwind
|
|-weather|RainDance|[upkeep]
|upkeep
|turn|4
|inactive|ddunks has 30 seconds left.
|
|t:|1783883794
|move|p1a: Incineroar|Fake Out|p2a: Pelipper
|-damage|p2a: Pelipper|47/100
|-enditem|p2a: Pelipper|Sitrus Berry|[eat]
|-heal|p2a: Pelipper|72/100|[from] item: Sitrus Berry
|cant|p2a: Pelipper|flinch
|move|p2b: Grimmsnarl|Spirit Break|p1b: Blastoise
|-damage|p1b: Blastoise|80/100
|-unboost|p1b: Blastoise|spa|1
|move|p1b: Blastoise|Water Spout|p2a: Pelipper|[spread] p2a,p2b
|-resisted|p2a: Pelipper|1
|-damage|p2a: Pelipper|50/100g
|-damage|p2b: Grimmsnarl|11/100
|
|-weather|RainDance|[upkeep]
|upkeep
|turn|5
|inactive|joshplusone has 30 seconds left.
|inactive|joshplusone has 20 seconds left.
|inactive|joshplusone has 15 seconds left.
|inactive|joshplusone has 10 seconds left.
|inactive|joshplusone has 5 seconds left.
|
|t:|1783883844
|move|p1b: Blastoise|Protect|p1b: Blastoise
|-singleturn|p1b: Blastoise|Protect
|move|p2a: Pelipper|Weather Ball|p1a: Incineroar
|-supereffective|p1a: Incineroar|1
|-damage|p1a: Incineroar|10/100
|-enditem|p1a: Incineroar|Sitrus Berry|[eat]
|-heal|p1a: Incineroar|35/100|[from] item: Sitrus Berry
|move|p2b: Grimmsnarl|Spirit Break|p1b: Blastoise
|-activate|p1b: Blastoise|move: Protect
|move|p1a: Incineroar|Parting Shot|p2a: Pelipper
|-unboost|p2a: Pelipper|atk|1
|-unboost|p2a: Pelipper|spa|1
|
|t:|1783883867
|switch|p1a: Sneasler|Sneasler, L50, M|100/100|[from] Parting Shot
|
|-weather|RainDance|[upkeep]
|upkeep
|turn|6
|
|t:|1783883888
|move|p1a: Sneasler|Fake Out|p2b: Grimmsnarl
|-damage|p2b: Grimmsnarl|0 fnt
|faint|p2b: Grimmsnarl
|move|p2a: Pelipper|Hurricane|p1b: Blastoise
|-damage|p1b: Blastoise|53/100
|-start|p1b: Blastoise|confusion
|-activate|p1b: Blastoise|confusion
|move|p1b: Blastoise|Shell Smash|p1b: Blastoise
|-unboost|p1b: Blastoise|def|1
|-unboost|p1b: Blastoise|spd|1
|-boost|p1b: Blastoise|atk|2
|-boost|p1b: Blastoise|spa|2
|-boost|p1b: Blastoise|spe|2
|
|-weather|none
|-sideend|p2: joshplusone|move: Tailwind
|upkeep
|
|t:|1783883900
|switch|p2b: Charizard|Charizard, L50, F|100/100
|turn|7
|inactive|ddunks has 30 seconds left.
|inactive|joshplusone has 30 seconds left.
|
|t:|1783883927
|detailschange|p2b: Charizard|Charizard-Mega-Y, L50, F
|-mega|p2b: Charizard|Charizard|Charizardite Y
|-weather|SunnyDay|[from] ability: Drought|[of] p2b: Charizard
|-activate|p1b: Blastoise|confusion
|move|p1b: Blastoise|Dark Pulse|p2a: Pelipper
|-damage|p2a: Pelipper|0 fnt
|faint|p2a: Pelipper
|move|p1a: Sneasler|Poison Jab|p2b: Charizard
|-damage|p2b: Charizard|54/100
|move|p2b: Charizard|Heat Wave|p1b: Blastoise|[spread] p1a,p1b
|-resisted|p1b: Blastoise|1
|-damage|p1a: Sneasler|9/100
|-damage|p1b: Blastoise|4/100
|
|-weather|SunnyDay|[upkeep]
|upkeep
|turn|8
|
|t:|1783883948
|-end|p1b: Blastoise|confusion
|move|p1b: Blastoise|Dark Pulse|p2b: Charizard
|-damage|p2b: Charizard|14/100
|move|p1a: Sneasler|Poison Jab|p2b: Charizard
|-damage|p2b: Charizard|0 fnt
|faint|p2b: Charizard
|
|win|ddunks
|j| Aox93
|inactive|ddunks has 30 seconds to confirm battle start!
|inactive|joshplusone has 30 seconds to confirm battle start!
||joshplusone is ready for game 3.
||ddunks is ready for game 3.
|uhtml|next|Next: Game 3 of 3
|l| munchie2ff
|l| Aox93
|l| RadiantSteelix
|l| IkeFAR
