|j|☆G3N13
|j|☆i miss my miraidon
|html|G3N13i miss my miraidon    
|uhtml|bestof|Game 2 of a best-of-3
|t:|1784809823
|gametype|doubles
|player|p1|G3N13|n|1217
|player|p2|i miss my miraidon|2|1338
|gen|9
|tier|[Gen 9 Champions] VGC 2026 Reg M-B (Bo3)
|rated|
|rule|Species Clause: Limit one of each Pokémon
|rule|Item Clause: Limit 1 of each item
|clearpoke
|poke|p1|Scovillain, L50, F|
|poke|p1|Primarina, L50, M|
|poke|p1|Raichu, L50, M|
|poke|p1|Corviknight, L50, F|
|poke|p1|Ninetales-Alola, L50, M|
|poke|p1|Garchomp, L50, M|
|poke|p2|Charizard, L50, M|
|poke|p2|Garchomp, L50, F|
|poke|p2|Kingambit, L50, M|
|poke|p2|Basculegion, L50, M|
|poke|p2|Whimsicott, L50, F|
|poke|p2|Floette-Eternal, L50, F|
|teampreview|4
|showteam|p1|Scovillain||Scovillainite|Moody|RagePowder,Overheat,Protect,GigaDrain|Calm||F|||50|]Primarina||Leftovers|LiquidVoice|Moonblast,HyperVoice,Protect,CalmMind|Modest||M|||50|]Raichu||RaichuniteY|LightningRod|ZapCannon,FakeOut,FocusBlast,Protect|Timid||M|||50|]Corviknight||SitrusBerry|MirrorArmor|BraveBird,IronHead,Protect,Tailwind|Adamant||F|||50|]Ninetales-Alola||LightClay|SnowWarning|Blizzard,FreezeDry,Protect,AuroraVeil|Modest||M|||50|]Garchomp||LifeOrb|RoughSkin|Earthquake,RockSlide,DragonClaw,Protect|Jolly||M|||50|
|showteam|p2|Charizard||CharizarditeY|Blaze|HeatWave,SolarBeam,WeatherBall,Protect|Modest||M|||50|]Garchomp||RoseliBerry|RoughSkin|PoisonJab,DragonClaw,Earthquake,RockSlide|Adamant||F|||50|]Kingambit||OccaBerry|Defiant|KowtowCleave,SuckerPunch,LowKick,IronHead|Adamant||M|||50|]Basculegion||LifeOrb|Adaptability|WaveCrash,LastRespects,AquaJet,Protect|Jolly||M|||50|]Whimsicott||FocusSash|Prankster|Moonblast,Tailwind,Encore,Protect|Modest||F|||50|]Floette-Eternal||Floettite|FlowerVeil|DazzlingGleam,Moonblast,LightofRuin,Protect|Timid||F|||50|
|
|t:|1784809858
|teamsize|p1|4
|teamsize|p2|4
|start
|switch|p1a: Garchomp|Garchomp, L50, M|100/100
|switch|p1b: Scovillain|Scovillain, L50, F|100/100
|switch|p2a: Basculegion|Basculegion, L50, M|100/100
|switch|p2b: Whimsicott|Whimsicott, L50, F|100/100
|turn|1
|
|t:|1784809872
|switch|p1a: Primarina|Primarina, L50, M|100/100
|detailschange|p1b: Scovillain|Scovillain-Mega, L50, F
|-mega|p1b: Scovillain|Scovillain|Scovillainite
|move|p2b: Whimsicott|Moonblast|p1a: Primarina
|-damage|p1a: Primarina|65/100
|-unboost|p1a: Primarina|spa|1
|move|p2a: Basculegion|Wave Crash|p1b: Scovillain
|-damage|p1b: Scovillain|4/100
|-status|p2a: Basculegion|brn|[from] ability: Spicy Spray|[of] p1b: Scovillain
|-damage|p2a: Basculegion|72/100 brn|[from] Recoil
|-damage|p2a: Basculegion|62/100 brn|[from] item: Life Orb
|move|p1b: Scovillain|Giga Drain|p2a: Basculegion
|-supereffective|p2a: Basculegion|1
|-damage|p2a: Basculegion|0 fnt
|-heal|p1b: Scovillain|40/100|[from] drain|[of] p2a: Basculegion
|faint|p2a: Basculegion
|
|-heal|p1a: Primarina|71/100|[from] item: Leftovers
|upkeep
|
|t:|1784809888
|switch|p2a: Charizard|Charizard, L50, M|100/100
|turn|2
|
|t:|1784809913
|switch|p1b: Garchomp|Garchomp, L50, M|100/100
|detailschange|p2a: Charizard|Charizard-Mega-Y, L50, M
|-mega|p2a: Charizard|Charizard|Charizardite Y
|-weather|SunnyDay|[from] ability: Drought|[of] p2a: Charizard
|move|p2b: Whimsicott|Tailwind|p2b: Whimsicott
|-sidestart|p2: i miss my miraidon|move: Tailwind
|move|p2a: Charizard|Heat Wave|p1a: Primarina|[spread] p1b
|-miss|p2a: Charizard|p1a: Primarina
|-resisted|p1b: Garchomp|1
|-damage|p1b: Garchomp|69/100
|move|p1a: Primarina|Moonblast|p2a: Charizard
|-resisted|p2a: Charizard|1
|-damage|p2a: Charizard|86/100
|
|-weather|SunnyDay|[upkeep]
|-heal|p1a: Primarina|77/100|[from] item: Leftovers
|upkeep
|turn|3
|
|t:|1784809934
|switch|p1a: Ninetales|Ninetales-Alola, L50, M|100/100
|-weather|Snowscape|[from] ability: Snow Warning|[of] p1a: Ninetales
|move|p2b: Whimsicott|Moonblast|p1b: Garchomp
|-supereffective|p1b: Garchomp|1
|-damage|p1b: Garchomp|0 fnt
|faint|p1b: Garchomp
|move|p2a: Charizard|Solar Beam||[still]
|-prepare|p2a: Charizard|Solar Beam
|
|-weather|Snowscape|[upkeep]
|upkeep
|
|t:|1784809940
|switch|p1b: Primarina|Primarina, L50, M|77/100
|turn|4
|
|t:|1784809949
|move|p2b: Whimsicott|Protect|p2b: Whimsicott
|-singleturn|p2b: Whimsicott|Protect
|move|p2a: Charizard|Solar Beam|p1a: Ninetales|[from] lockedmove
|-damage|p1a: Ninetales|76/100
|move|p1a: Ninetales|Blizzard|p2b: Whimsicott|[spread] p2a
|-activate|p2b: Whimsicott|move: Protect
|-damage|p2a: Charizard|60/100
|-status|p2a: Charizard|frz
|move|p1b: Primarina|Hyper Voice|p2a: Charizard|[spread] p2a
|-activate|p2b: Whimsicott|move: Protect
|-supereffective|p2a: Charizard|1
|-damage|p2a: Charizard|0 fnt
|faint|p2a: Charizard
|
|-weather|Snowscape|[upkeep]
|-heal|p1b: Primarina|82/100|[from] item: Leftovers
|upkeep
|
|t:|1784809951
|switch|p2a: Garchomp|Garchomp, L50, F|100/100
|turn|5
|
|t:|1784809969
|move|p2b: Whimsicott|Moonblast|p1a: Ninetales
|-damage|p1a: Ninetales|40/100
|move|p2a: Garchomp|Poison Jab|p1a: Ninetales
|-supereffective|p1a: Ninetales|1
|-damage|p1a: Ninetales|0 fnt
|faint|p1a: Ninetales
|move|p1b: Primarina|Calm Mind|p1b: Primarina
|-boost|p1b: Primarina|spa|1
|-boost|p1b: Primarina|spd|1
|
|-weather|Snowscape|[upkeep]
|-heal|p1b: Primarina|88/100|[from] item: Leftovers
|-sideend|p2: i miss my miraidon|move: Tailwind
|upkeep
|
|t:|1784809975
|switch|p1a: Scovillain|Scovillain-Mega, L50, F|40/100
|turn|6
|
|t:|1784809980
|move|p1a: Scovillain|Rage Powder|p1a: Scovillain
|-singleturn|p1a: Scovillain|move: Rage Powder
|move|p2b: Whimsicott|Encore|p1b: Primarina
|-start|p1b: Primarina|Encore
|move|p2a: Garchomp|Poison Jab|p1a: Scovillain
|-supereffective|p1a: Scovillain|1
|-damage|p1a: Scovillain|0 fnt
|-status|p2a: Garchomp|brn|[from] ability: Spicy Spray|[of] p1a: Scovillain
|faint|p1a: Scovillain
|move|p1b: Primarina|Calm Mind|p1b: Primarina
|-boost|p1b: Primarina|spa|1
|-boost|p1b: Primarina|spd|1
|
|-weather|Snowscape|[upkeep]
|-heal|p1b: Primarina|94/100|[from] item: Leftovers
|-damage|p2a: Garchomp|94/100 brn|[from] brn
|upkeep
|turn|7
|
|t:|1784809985
|move|p2b: Whimsicott|Moonblast|p1b: Primarina
|-damage|p1b: Primarina|78/100
|move|p2a: Garchomp|Poison Jab|p1b: Primarina
|-supereffective|p1b: Primarina|1
|-damage|p1b: Primarina|44/100
|-status|p1b: Primarina|psn
|move|p1b: Primarina|Calm Mind|p1b: Primarina
|-boost|p1b: Primarina|spa|1
|-boost|p1b: Primarina|spd|1
|
|-weather|none
|-heal|p1b: Primarina|49/100 psn|[from] item: Leftovers
|-damage|p1b: Primarina|37/100 psn|[from] psn
|-damage|p2a: Garchomp|88/100 brn|[from] brn
|upkeep
|turn|8
|
|t:|1784809993
|move|p2b: Whimsicott|Moonblast|p1b: Primarina
|-damage|p1b: Primarina|25/100 psn
|move|p2a: Garchomp|Poison Jab|p1b: Primarina
|-supereffective|p1b: Primarina|1
|-damage|p1b: Primarina|0 fnt
|faint|p1b: Primarina
|
|win|i miss my miraidon
|raw|G3N13's rating: 1217 → 1200(-17 for losing)
|raw|i miss my miraidon's rating: 1338 → 1351(+13 for winning)
