|j|☆Clementine1997
|j|☆Swan Mobile
|html|Clementine1997Swan Mobile    
|uhtml|bestof|Game 1 of a best-of-3
|t:|1757652199
|gametype|doubles
|player|p1|Clementine1997|clair|1052
|player|p2|Swan Mobile|roughneck-gen4|1131
|gen|9
|tier|[Gen 9] VGC 2025 Reg H (Bo3)
|rated|
|rule|Species Clause: Limit one of each Pokémon
|rule|Item Clause: Limit 1 of each item
|clearpoke
|poke|p1|Whimsicott, L50, F|
|poke|p1|Ursaluna-Bloodmoon, L50, M|
|poke|p1|Incineroar, L50, F|
|poke|p1|Rillaboom, L50, F|
|poke|p1|Gholdengo, L50|
|poke|p1|Primarina, L50, M|
|poke|p2|Volcarona, L50, F|
|poke|p2|Rillaboom, L50, M|
|poke|p2|Farigiraf, L50, M|
|poke|p2|Ursaluna-Bloodmoon, L50, M|
|poke|p2|Gyarados, L50, F|
|poke|p2|Electabuzz, L50, M|
|teampreview|4
|showteam|p1|Whimsicott||FocusSash|Prankster|Moonblast,Encore,TrickRoom,Tailwind|||F|||50|,,,,,Ghost]Ursaluna-Bloodmoon||LifeOrb|MindsEye|BloodMoon,EarthPower,Moonblast,Protect|||M|||50|,,,,,Fairy]Incineroar||SitrusBerry|Intimidate|KnockOff,PartingShot,FlareBlitz,Taunt|||F|||50|,,,,,Grass]Rillaboom||AssaultVest|GrassySurge|GrassyGlide,HighHorsepower,FakeOut,Uturn|||F|||50|,,,,,Fire]Gholdengo||IronPlate|GoodasGold|MakeItRain,ShadowBall,NastyPlot,Protect||||||50|,,,,,Fairy]Primarina||ThroatSpray|LiquidVoice|HyperVoice,Moonblast,Haze,Protect|||M|||50|,,,,,Steel
|showteam|p2|Volcarona||CovertCloak|FlameBody|QuiverDance,HeatWave,GigaDrain,Protect|||F|||50|,,,,,Grass]Rillaboom||AssaultVest|GrassySurge|WoodHammer,GrassyGlide,FakeOut,Uturn|||M|||50|,,,,,Fire]Farigiraf||ThroatSpray|ArmorTail|HyperVoice,Psychic,TrickRoom,Protect|||M|||50|,,,,,Fairy]Ursaluna-Bloodmoon||LifeOrb|MindsEye|BloodMoon,HyperVoice,EarthPower,Protect|||M|||50|,,,,,Normal]Gyarados||SitrusBerry|Intimidate|Waterfall,ThunderWave,Taunt,Protect|||F|||50|,,,,,Fairy]Electabuzz||Eviolite|VitalSpirit|Electroweb,FollowMe,Taunt,Protect|||M|||50|,,,,,Ghost
|inactive|Battle timer is ON: inactive players will automatically lose when time's up. (requested by Swan Mobile)
|inactive|Clementine1997 has 60 seconds left.
|inactive|Swan Mobile has 60 seconds left.
|inactive|Swan Mobile has 30 seconds left.
|inactive|Swan Mobile has 20 seconds left.
|inactive|Swan Mobile has 15 seconds left.
|inactive|Swan Mobile has 10 seconds left.
|
|t:|1757652282
|teamsize|p1|4
|teamsize|p2|4
|start
|switch|p1a: Incineroar|Incineroar, L50, F, shiny|100/100
|switch|p1b: Primarina|Primarina, L50, M, shiny|100/100
|switch|p2a: Farigiraf|Farigiraf, L50, M|100/100
|switch|p2b: Rillaboom|Rillaboom, L50, M|100/100
|-fieldstart|move: Grassy Terrain|[from] ability: Grassy Surge|[of] p2b: Rillaboom
|-ability|p1a: Incineroar|Intimidate|boost
|-unboost|p2a: Farigiraf|atk|1
|-unboost|p2b: Rillaboom|atk|1
|turn|1
|inactive|Swan Mobile has 30 seconds left.
|
|t:|1757652308
|move|p1b: Primarina|Protect|p1b: Primarina
|-singleturn|p1b: Primarina|Protect
|move|p2b: Rillaboom|Fake Out|p1a: Incineroar
|-damage|p1a: Incineroar|92/100
|cant|p1a: Incineroar|flinch
|move|p2a: Farigiraf|Trick Room|p2a: Farigiraf
|-fieldstart|move: Trick Room|[of] p2a: Farigiraf
|
|-heal|p1a: Incineroar|98/100|[from] Grassy Terrain
|upkeep
|turn|2
|inactive|Swan Mobile has 30 seconds left.
|
|t:|1757652336
|-terastallize|p1b: Primarina|Steel
|move|p2a: Farigiraf|Hyper Voice|p1b: Primarina|[spread] p1a,p1b
|-resisted|p1b: Primarina
|-damage|p1a: Incineroar|64/100
|-damage|p1b: Primarina|85/100
|-enditem|p2a: Farigiraf|Throat Spray
|-boost|p2a: Farigiraf|spa|1|[from] item: Throat Spray
|move|p1a: Incineroar|Flare Blitz|p2b: Rillaboom
|-supereffective|p2b: Rillaboom
|-damage|p2b: Rillaboom|0 fnt
|faint|p2b: Rillaboom
|-damage|p1a: Incineroar|28/100|[from] Recoil
|-enditem|p1a: Incineroar|Sitrus Berry|[eat]
|-heal|p1a: Incineroar|53/100|[from] item: Sitrus Berry
|move|p1b: Primarina|Hyper Voice|p2a: Farigiraf
|-damage|p2a: Farigiraf|57/100
|-enditem|p1b: Primarina|Throat Spray
|-boost|p1b: Primarina|spa|1|[from] item: Throat Spray
|
|-heal|p2a: Farigiraf|64/100|[from] Grassy Terrain
|-heal|p1a: Incineroar|58/100|[from] Grassy Terrain
|-heal|p1b: Primarina|91/100|[from] Grassy Terrain
|upkeep
|
|t:|1757652354
|switch|p2b: Ursaluna|Ursaluna-Bloodmoon, L50, M|100/100
|turn|3
|inactive|Swan Mobile has 30 seconds left.
|
|t:|1757652380
|move|p1b: Primarina|Protect|p1b: Primarina
|-singleturn|p1b: Primarina|Protect
|move|p2a: Farigiraf|Hyper Voice|p1b: Primarina|[spread] p1a
|-activate|p1b: Primarina|move: Protect
|-damage|p1a: Incineroar|7/100
|move|p1a: Incineroar|Parting Shot|p2b: Ursaluna
|-unboost|p2b: Ursaluna|atk|1
|-unboost|p2b: Ursaluna|spa|1
|
|t:|1757652389
|switch|p1a: Whimsicott|Whimsicott, L50, F, shiny|100/100|[from] Parting Shot
|move|p2b: Ursaluna|Earth Power|p1b: Primarina
|-activate|p1b: Primarina|move: Protect
|
|-heal|p2a: Farigiraf|70/100|[from] Grassy Terrain
|-heal|p1b: Primarina|97/100|[from] Grassy Terrain
|upkeep
|turn|4
|inactive|Swan Mobile has 30 seconds left.
|
|t:|1757652416
|switch|p1b: Incineroar|Incineroar, L50, F, shiny|7/100
|-ability|p1b: Incineroar|Intimidate|boost
|-unboost|p2a: Farigiraf|atk|1
|-unboost|p2b: Ursaluna|atk|1
|move|p2b: Ursaluna|Earth Power|p1b: Incineroar
|-supereffective|p1b: Incineroar
|-damage|p1b: Incineroar|0 fnt
|faint|p1b: Incineroar
|-damage|p2b: Ursaluna|91/100|[from] item: Life Orb
|move|p1a: Whimsicott|Trick Room|p1a: Whimsicott
|-fieldend|move: Trick Room
|move|p2a: Farigiraf|Trick Room|p2a: Farigiraf
|-fieldstart|move: Trick Room|[of] p2a: Farigiraf
|
|-heal|p2a: Farigiraf|76/100|[from] Grassy Terrain
|-heal|p2b: Ursaluna|97/100|[from] Grassy Terrain
|upkeep
|
|t:|1757652424
|switch|p1b: Primarina|Primarina, L50, M, shiny, tera:Steel|97/100
|turn|5
|inactive|Swan Mobile has 30 seconds left.
|
|t:|1757652457
|move|p1b: Primarina|Protect|p1b: Primarina
|-singleturn|p1b: Primarina|Protect
|move|p2a: Farigiraf|Hyper Voice|p1b: Primarina|[spread] p1a
|-activate|p1b: Primarina|move: Protect
|-damage|p1a: Whimsicott|27/100
|move|p2b: Ursaluna|Hyper Voice|p1a: Whimsicott|[spread] p1a
|-activate|p1b: Primarina|move: Protect
|-damage|p1a: Whimsicott|0 fnt
|faint|p1a: Whimsicott
|-damage|p2b: Ursaluna|87/100|[from] item: Life Orb
|
|-heal|p2a: Farigiraf|82/100|[from] Grassy Terrain
|-heal|p1b: Primarina|100/100|[from] Grassy Terrain
|-heal|p2b: Ursaluna|93/100|[from] Grassy Terrain
|-fieldend|move: Grassy Terrain
|upkeep
|-message|Clementine1997 forfeited.
|
|win|Swan Mobile
||Clementine1997 is ready for game 2.
||Swan Mobile is ready for game 2.
|uhtml|next|Next: Game 2 of 3
