|j|☆trepanmid
|j|☆endK649
|html|trepanmidendK649    
|uhtml|bestof|Game 1 of a best-of-3
|t:|1756394960
|gametype|doubles
|player|p1|trepanmid|hilbert|1052
|player|p2|endK649|169|1177
|gen|9
|tier|[Gen 9] VGC 2025 Reg H (Bo3)
|rated|
|rule|Species Clause: Limit one of each Pokémon
|rule|Item Clause: Limit 1 of each item
|clearpoke
|poke|p1|Charizard, L50, M|
|poke|p1|Torkoal, L50, M|
|poke|p1|Porygon2, L50|
|poke|p1|Incineroar, L50, M|
|poke|p1|Jumpluff, L50, F|
|poke|p1|Ursaluna, L50, M|
|poke|p2|Feraligatr, L50, M|
|poke|p2|Gholdengo, L50|
|poke|p2|Politoed, L50, M|
|poke|p2|Amoonguss, L50, F|
|poke|p2|Rillaboom, L50, F|
|poke|p2|Incineroar, L50, M|
|teampreview|4
|showteam|p1|Charizard||ChoiceSpecs|SolarPower|HeatWave,Overheat,WeatherBall,AirSlash|||M|||50|,,,,,Ghost]Torkoal||EjectPack|Drought|Eruption,Overheat,HelpingHand,Protect|||M|||50|,,,,,Fire]Porygon2||Eviolite|Download|IceBeam,TeraBlast,TrickRoom,Recover||||||50|,,,,,Fighting]Incineroar||SitrusBerry|Intimidate|FlareBlitz,KnockOff,FakeOut,PartingShot|||M|||50|,,,,,Ghost]Jumpluff||CovertCloak|Chlorophyll|SleepPowder,SunnyDay,RagePowder,Tailwind|||F|||50|,,,,,Water]Ursaluna||FlameOrb|Guts|HeadlongRush,Facade,Earthquake,Protect|||M|||50|,,,,,Ghost
|showteam|p2|Feraligatr||LifeOrb|SheerForce|Liquidation,Crunch,DragonDance,Protect|||M|||50|,,,,,Dark]Gholdengo||Leftovers|GoodasGold|MakeItRain,ShadowBall,NastyPlot,Protect||||||50|,,,,,Dragon]Politoed||SitrusBerry|Drizzle|WeatherBall,IcyWind,Mist,Protect|||M|||50|,,,,,Grass]Amoonguss||CovertCloak|Regenerator|PollenPuff,Spore,RagePowder,Protect|||F|||50|,,,,,Water]Rillaboom||AssaultVest|GrassySurge|WoodHammer,GrassyGlide,FakeOut,Uturn|||F|||50|,,,,,Fire]Incineroar||SafetyGoggles|Intimidate|KnockOff,FakeOut,Taunt,PartingShot|||M|||50|,,,,,Ghost
|inactive|Battle timer is ON: inactive players will automatically lose when time's up. (requested by trepanmid)
|inactive|trepanmid has 60 seconds left.
|inactive|endK649 has 60 seconds left.
|
|t:|1756395018
|teamsize|p1|4
|teamsize|p2|4
|start
|switch|p1a: Porygon2|Porygon2, L50|100/100
|switch|p1b: Ursaluna|Ursaluna, L50, M|100/100
|switch|p2a: Incineroar|Incineroar, L50, M, shiny|100/100
|switch|p2b: Feraligatr|Feraligatr, L50, M, shiny|100/100
|-ability|p2a: Incineroar|Intimidate|boost
|-unboost|p1a: Porygon2|atk|1
|-unboost|p1b: Ursaluna|atk|1
|-ability|p1a: Porygon2|Download|boost
|-boost|p1a: Porygon2|spa|1
|turn|1
|inactive|trepanmid has 30 seconds left.
|inactive|trepanmid has 20 seconds left.
|
|t:|1756395054
|switch|p1b: Incineroar|Incineroar, L50, M|100/100
|-ability|p1b: Incineroar|Intimidate|boost
|-unboost|p2a: Incineroar|atk|1
|-unboost|p2b: Feraligatr|atk|1
|-terastallize|p2a: Incineroar|Ghost
|move|p2b: Feraligatr|Dragon Dance|p2b: Feraligatr
|-boost|p2b: Feraligatr|atk|1
|-boost|p2b: Feraligatr|spe|1
|move|p2a: Incineroar|Taunt|p1a: Porygon2
|-start|p1a: Porygon2|move: Taunt
|move|p1a: Porygon2|Tera Blast|p2b: Feraligatr
|-damage|p2b: Feraligatr|25/100
|
|upkeep
|turn|2
|inactive|trepanmid has 30 seconds left.
|inactive|endK649 has 30 seconds left.
|
|t:|1756395085
|switch|p1a: Torkoal|Torkoal, L50, M|100/100
|-weather|SunnyDay|[from] ability: Drought|[of] p1a: Torkoal
|move|p2b: Feraligatr|Protect|p2b: Feraligatr
|-singleturn|p2b: Feraligatr|Protect
|move|p1b: Incineroar|Knock Off|p2a: Incineroar
|-supereffective|p2a: Incineroar
|-damage|p2a: Incineroar|32/100
|-enditem|p2a: Incineroar|Safety Goggles|[from] move: Knock Off|[of] p1b: Incineroar
|move|p2a: Incineroar|Parting Shot|p1a: Torkoal
|-unboost|p1a: Torkoal|atk|1
|-unboost|p1a: Torkoal|spa|1
|
|t:|1756395096
|switch|p2a: Politoed|Politoed, L50, M|100/100|[from] Parting Shot
|-weather|RainDance|[from] ability: Drizzle|[of] p2a: Politoed
|
|-weather|RainDance|[upkeep]
|upkeep
|turn|3
|inactive|trepanmid has 30 seconds left.
|inactive|trepanmid has 20 seconds left.
|inactive|trepanmid has 15 seconds left.
|inactive|trepanmid has 10 seconds left.
|
|t:|1756395143
|switch|p1a: Porygon2|Porygon2, L50|100/100
|-ability|p1a: Porygon2|Download|boost
|-boost|p1a: Porygon2|atk|1
|move|p2b: Feraligatr|Liquidation|p1a: Porygon2
|-damage|p1a: Porygon2|37/100
|move|p2a: Politoed|Weather Ball|p1b: Incineroar
|-supereffective|p1b: Incineroar
|-damage|p1b: Incineroar|0 fnt
|faint|p1b: Incineroar
|
|-weather|RainDance|[upkeep]
|upkeep
|
|t:|1756395151
|switch|p1b: Torkoal|Torkoal, L50, M|100/100
|-weather|SunnyDay|[from] ability: Drought|[of] p1b: Torkoal
|turn|4
|inactive|endK649 has 30 seconds left.
|
|t:|1756395185
|move|p2b: Feraligatr|Crunch|p1a: Porygon2
|-damage|p1a: Porygon2|10/100
|move|p2a: Politoed|Weather Ball|p1a: Porygon2
|-damage|p1a: Porygon2|0 fnt
|faint|p1a: Porygon2
|move|p1b: Torkoal|Overheat|p2a: Politoed
|-resisted|p2a: Politoed
|-damage|p2a: Politoed|59/100
|-unboost|p1b: Torkoal|spa|2
|-enditem|p1b: Torkoal|Eject Pack
|
|t:|1756395191
|switch|p1b: Ursaluna|Ursaluna, L50, M|100/100
|
|-weather|SunnyDay|[upkeep]
|-status|p1b: Ursaluna|brn|[from] item: Flame Orb
|upkeep
|
|t:|1756395193
|switch|p1a: Torkoal|Torkoal, L50, M|100/100
|turn|5
|
|t:|1756395213
|switch|p2a: Rillaboom|Rillaboom, L50, F, shiny|100/100
|-fieldstart|move: Grassy Terrain|[from] ability: Grassy Surge|[of] p2a: Rillaboom
|move|p2b: Feraligatr|Protect|p2b: Feraligatr
|-singleturn|p2b: Feraligatr|Protect
|move|p1a: Torkoal|Protect|p1a: Torkoal
|-singleturn|p1a: Torkoal|Protect
|move|p1b: Ursaluna|Earthquake|p2b: Feraligatr|[spread] p2a
|-activate|p1a: Torkoal|move: Protect
|-activate|p2b: Feraligatr|move: Protect
|-resisted|p2a: Rillaboom
|-damage|p2a: Rillaboom|86/100
|
|-weather|SunnyDay|[upkeep]
|-heal|p2b: Feraligatr|31/100|[from] Grassy Terrain
|-heal|p2a: Rillaboom|91/100|[from] Grassy Terrain
|-damage|p1b: Ursaluna|95/100 brn|[from] brn
|upkeep
|turn|6
|inactive|trepanmid has 30 seconds left.
|inactive|endK649 has 30 seconds left.
|inactive|endK649 has 20 seconds left.
|
|t:|1756395252
|switch|p2b: Incineroar|Incineroar, L50, M, shiny, tera:Ghost|32/100
|-ability|p2b: Incineroar|Intimidate|boost
|-unboost|p1a: Torkoal|atk|1
|-unboost|p1b: Ursaluna|atk|1
|-terastallize|p1b: Ursaluna|Ghost
|move|p2a: Rillaboom|Fake Out|p1a: Torkoal
|-damage|p1a: Torkoal|90/100
|move|p1b: Ursaluna|Facade|p2b: Incineroar
|-immune|p2b: Incineroar
|cant|p1a: Torkoal|flinch
|
|-weather|SunnyDay|[upkeep]
|-heal|p2a: Rillaboom|97/100|[from] Grassy Terrain
|-heal|p2b: Incineroar|38/100|[from] Grassy Terrain
|-heal|p1b: Ursaluna|100/100 brn|[from] Grassy Terrain
|-heal|p1a: Torkoal|96/100|[from] Grassy Terrain
|-damage|p1b: Ursaluna|95/100 brn|[from] brn
|upkeep
|turn|7
|-message|trepanmid forfeited.
|
|win|endK649
||endK649 is ready for game 2.
|inactive|trepanmid has 30 seconds to confirm battle start!
|inactive|trepanmid has 20 seconds to confirm battle start!
||trepanmid is ready for game 2.
|uhtml|next|Next: Game 2 of 3
|l|☆trepanmid
|player|p1|
