|j|☆breakfast enjoyer
|j|☆digisoul4
|html|breakfast enjoyerdigisoul4    
|uhtml|bestof|Game 1 of a best-of-3
|t:|1785703072
|gametype|doubles
|player|p1|breakfast enjoyer|#rbtt9hoopers|
|player|p2|digisoul4|volkner|
|gen|9
|tier|[Gen 9 Champions] VGC 2026 Reg M-B (Bo3)
|rule|Species Clause: Limit one of each Pokémon
|rule|Item Clause: Limit 1 of each item
|clearpoke
|poke|p1|Gengar, L50, M|
|poke|p1|Tinkaton, L50, F|
|poke|p1|Incineroar, L50, M|
|poke|p1|Kingambit, L50, M|
|poke|p1|Altaria, L50, M|
|poke|p1|Annihilape, L50, F|
|poke|p2|Tyranitar, L50, M|
|poke|p2|Hydreigon, L50, M|
|poke|p2|Mimikyu, L50, M|
|poke|p2|Excadrill, L50, M|
|poke|p2|Corviknight, L50, F|
|poke|p2|Rotom-Wash, L50|
|teampreview|4
|showteam|p1|Gengar||Gengarite|CursedBody|ShadowBall,Disable,PerishSong,Protect|Timid||M|||50|]Tinkaton||ShucaBerry|MoldBreaker|GigatonHammer,FakeOut,Encore,Protect|Jolly||F|||50|]Incineroar||PasshoBerry|Intimidate|FlareBlitz,FakeOut,PartingShot,Protect|Relaxed||M|||50|]Kingambit||BlackGlasses|Defiant|KowtowCleave,SuckerPunch,SwordsDance,Protect|Adamant||M|||50|]Altaria||Leftovers|CloudNine|FireSpin,PerishSong,WillOWisp,Protect|Bold||M|||50|]Annihilape||ChoiceScarf|Defiant|CloseCombat,PhantomForce,IcePunch,Uturn|Adamant||F|||50|
|showteam|p2|Tyranitar||Tyranitarite|SandStream|KnockOff,RockSlide,Protect,LowKick|Adamant||M|||50|]Hydreigon||ChoiceScarf|Levitate|DracoMeteor,DarkPulse,HeatWave,Snarl|Modest||M|||50|]Mimikyu||FairyFeather|Disguise|ShadowSneak,ShadowClaw,PlayRough,Protect|Adamant||M|||50|]Excadrill||FocusSash|SandRush|RockSlide,IronHead,Earthquake,Protect|Adamant||M|||50|]Corviknight||Leftovers|MirrorArmor|BraveBird,BulkUp,Roost,Tailwind|Careful||F|||50|]Rotom-Wash||SitrusBerry|Levitate|Thunderbolt,HydroPump,WillOWisp,Protect|Modest|||||50|
|c|☆digisoul4|glhf
|c|☆breakfast enjoyer|hf
|inactive|Battle timer is ON: inactive players will automatically lose when time's up. (requested by breakfast enjoyer)
|inactive|breakfast enjoyer has 60 seconds left.
|inactive|digisoul4 has 60 seconds left.
|inactive|breakfast enjoyer has 30 seconds left.
|
|t:|1785703141
|teamsize|p1|4
|teamsize|p2|4
|start
|switch|p1a: Gengar|Gengar, L50, M|100/100
|switch|p1b: Tinkaton|Tinkaton, L50, F|100/100
|switch|p2a: Corviknight|Corviknight, L50, F|100/100
|switch|p2b: Hydreigon|Hydreigon, L50, M|100/100
|-ability|p1b: Tinkaton|Mold Breaker
|turn|1
|inactive|digisoul4 has 30 seconds left.
|inactive|digisoul4 has 20 seconds left.
|
|t:|1785703178
|detailschange|p1a: Gengar|Gengar-Mega, L50, M
|-mega|p1a: Gengar|Gengar|Gengarite
|move|p1b: Tinkaton|Fake Out|p2b: Hydreigon
|-damage|p2b: Hydreigon|91/100
|cant|p2b: Hydreigon|flinch
|move|p1a: Gengar|Perish Song|p1a: Gengar
|-start|p1a: Gengar|perish3|[silent]
|-start|p1b: Tinkaton|perish3|[silent]
|-start|p2a: Corviknight|perish3|[silent]
|-start|p2b: Hydreigon|perish3|[silent]
|-fieldactivate|move: Perish Song
|move|p2a: Corviknight|Tailwind|p2a: Corviknight
|-sidestart|p2: digisoul4|move: Tailwind
|
|-start|p2b: Hydreigon|perish3
|-start|p2a: Corviknight|perish3
|-start|p1a: Gengar|perish3
|-start|p1b: Tinkaton|perish3
|upkeep
|turn|2
|inactive|digisoul4 has 30 seconds left.
|
|t:|1785703204
|switch|p1b: Incineroar|Incineroar, L50, M|100/100
|-ability|p1b: Incineroar|Intimidate|boost
|-ability|p2a: Corviknight|Mirror Armor
|-unboost|p1b: Incineroar|atk|1
|-unboost|p2b: Hydreigon|atk|1
|move|p1a: Gengar|Protect|p1a: Gengar
|-singleturn|p1a: Gengar|Protect
|move|p2b: Hydreigon|Heat Wave|p1a: Gengar|[spread] p1b
|-activate|p1a: Gengar|move: Protect
|-resisted|p1b: Incineroar|1
|-crit|p1b: Incineroar
|-damage|p1b: Incineroar|82/100
|move|p2a: Corviknight|Bulk Up|p2a: Corviknight
|-boost|p2a: Corviknight|atk|1
|-boost|p2a: Corviknight|def|1
|
|-start|p2b: Hydreigon|perish2
|-start|p2a: Corviknight|perish2
|-start|p1a: Gengar|perish2
|upkeep
|turn|3
|inactive|breakfast enjoyer has 30 seconds left.
|inactive|breakfast enjoyer has 20 seconds left.
|inactive|breakfast enjoyer has 15 seconds left.
|
|t:|1785703248
|switch|p1a: Tinkaton|Tinkaton, L50, F|100/100
|-ability|p1a: Tinkaton|Mold Breaker
|move|p2b: Hydreigon|Heat Wave|p1b: Incineroar|[spread] p1a,p1b
|-supereffective|p1a: Tinkaton|1
|-resisted|p1b: Incineroar|1
|-crit|p1b: Incineroar
|-damage|p1a: Tinkaton|53/100
|-damage|p1b: Incineroar|64/100
|-status|p1a: Tinkaton|brn
|move|p2a: Corviknight|Brave Bird|p1a: Tinkaton
|-resisted|p1a: Tinkaton|1
|-damage|p1a: Tinkaton|18/100 brn
|-damage|p2a: Corviknight|89/100|[from] Recoil
|move|p1b: Incineroar|Parting Shot|p2b: Hydreigon
|-unboost|p2b: Hydreigon|atk|1
|-unboost|p2b: Hydreigon|spa|1
|
|t:|1785703263
|switch|p1b: Gengar|Gengar-Mega, L50, M|100/100|[from] Parting Shot
|
|-heal|p2a: Corviknight|95/100|[from] item: Leftovers
|-damage|p1a: Tinkaton|13/100 brn|[from] brn
|-start|p2b: Hydreigon|perish1
|-start|p2a: Corviknight|perish1
|upkeep
|turn|4
|
|t:|1785703275
|switch|p1a: Incineroar|Incineroar, L50, M|64/100
|-ability|p1a: Incineroar|Intimidate|boost
|-ability|p2a: Corviknight|Mirror Armor
|-unboost|p1a: Incineroar|atk|1
|-unboost|p2b: Hydreigon|atk|1
|move|p1b: Gengar|Protect|p1b: Gengar
|-singleturn|p1b: Gengar|Protect
|move|p2b: Hydreigon|Heat Wave|p1b: Gengar|[spread] p1a
|-activate|p1b: Gengar|move: Protect
|-resisted|p1a: Incineroar|1
|-damage|p1a: Incineroar|57/100
|move|p2a: Corviknight|Brave Bird|p1b: Gengar
|-activate|p1b: Gengar|move: Protect
|
|-heal|p2a: Corviknight|100/100|[from] item: Leftovers
|-start|p2b: Hydreigon|perish0
|-start|p2a: Corviknight|perish0
|-sideend|p2: digisoul4|move: Tailwind
|faint|p2b: Hydreigon
|faint|p2a: Corviknight
|upkeep
|
|t:|1785703292
|switch|p2b: Mimikyu|Mimikyu, L50, M|100/100
|switch|p2a: Rotom|Rotom-Wash, L50|100/100
|turn|5
|
|t:|1785703308
|move|p1a: Incineroar|Fake Out|p2a: Rotom
|-damage|p2a: Rotom|92/100
|move|p1b: Gengar|Perish Song|p1b: Gengar
|-start|p1a: Incineroar|perish3|[silent]
|-start|p1b: Gengar|perish3|[silent]
|-start|p2a: Rotom|perish3|[silent]
|-start|p2b: Mimikyu|perish3|[silent]
|-fieldactivate|move: Perish Song
|move|p2b: Mimikyu|Play Rough|p1b: Gengar
|-resisted|p1b: Gengar|1
|-damage|p1b: Gengar|71/100
|cant|p2a: Rotom|flinch
|
|-start|p1b: Gengar|perish3
|-start|p2b: Mimikyu|perish3
|-start|p2a: Rotom|perish3
|-start|p1a: Incineroar|perish3
|upkeep
|turn|6
|
|t:|1785703324
|move|p1b: Gengar|Protect|p1b: Gengar
|-singleturn|p1b: Gengar|Protect
|move|p1a: Incineroar|Protect|p1a: Incineroar
|-singleturn|p1a: Incineroar|Protect
|move|p2b: Mimikyu|Play Rough|p1b: Gengar
|-activate|p1b: Gengar|move: Protect
|move|p2a: Rotom|Hydro Pump|p1a: Incineroar
|-activate|p1a: Incineroar|move: Protect
|
|-start|p1b: Gengar|perish2
|-start|p2b: Mimikyu|perish2
|-start|p2a: Rotom|perish2
|-start|p1a: Incineroar|perish2
|upkeep
|turn|7
|
|t:|1785703344
|move|p1b: Gengar|Disable|p2a: Rotom
|-start|p2a: Rotom|Disable|Hydro Pump
|move|p2b: Mimikyu|Shadow Claw|p1b: Gengar
|-supereffective|p1b: Gengar|1
|-damage|p1b: Gengar|5/100
|cant|p2a: Rotom|Disable|Hydro Pump
|move|p1a: Incineroar|Parting Shot|p2b: Mimikyu
|-unboost|p2b: Mimikyu|atk|1
|-unboost|p2b: Mimikyu|spa|1
|
|t:|1785703352
|switch|p1a: Tinkaton|Tinkaton, L50, F|13/100 brn|[from] Parting Shot
|-ability|p1a: Tinkaton|Mold Breaker
|
|-damage|p1a: Tinkaton|7/100 brn|[from] brn
|-start|p1b: Gengar|perish1
|-start|p2b: Mimikyu|perish1
|-start|p2a: Rotom|perish1
|upkeep
|turn|8
|
|t:|1785703364
|move|p1b: Gengar|Protect|p1b: Gengar
|-singleturn|p1b: Gengar|Protect
|move|p1a: Tinkaton|Protect|p1a: Tinkaton
|-singleturn|p1a: Tinkaton|Protect
|move|p2b: Mimikyu|Shadow Sneak|p1b: Gengar
|-activate|p1b: Gengar|move: Protect
|move|p2a: Rotom|Thunderbolt|p1a: Tinkaton
|-activate|p1a: Tinkaton|move: Protect
|
|-damage|p1a: Tinkaton|1/100 brn|[from] brn
|-start|p1b: Gengar|perish0
|-start|p2b: Mimikyu|perish0
|-start|p2a: Rotom|perish0
|faint|p1b: Gengar
|faint|p2b: Mimikyu
|faint|p2a: Rotom
|
|win|breakfast enjoyer
|c|☆digisoul4|ggs
|c|☆breakfast enjoyer|gg
||breakfast enjoyer is ready for game 2.
|inactive|digisoul4 has 30 seconds to confirm battle start!
|inactive|digisoul4 has 20 seconds to confirm battle start!
||digisoul4 is ready for game 2.
|uhtml|next|Next: Game 2 of 3
|l|☆digisoul4
|player|p2|
