|j|☆javitebe
|j|☆1OO% Jesus
|html|javitebe1OO% Jesus    
|uhtml|bestof|Game 1 of a best-of-3
|t:|1782486293
|gametype|doubles
|player|p1|javitebe|brycenman|
|player|p2|1OO% Jesus|lillie-z|
|gen|9
|tier|[Gen 9 Champions] VGC 2026 Reg M-B (Bo3)
|rule|Species Clause: Limit one of each Pokémon
|rule|Item Clause: Limit 1 of each item
|clearpoke
|poke|p1|Hydreigon, L50, M, shiny|
|poke|p1|Tyranitar, L50, F|
|poke|p1|Aegislash, L50, F|
|poke|p1|Aerodactyl, L50, M|
|poke|p1|Metagross, L50, shiny|
|poke|p1|Sneasler, L50, M|
|poke|p2|Charizard, L50, M|
|poke|p2|Whimsicott, L50, M|
|poke|p2|Garchomp, L50, M|
|poke|p2|Basculegion, L50, M|
|poke|p2|Kingambit, L50, M|
|poke|p2|Floette-Eternal, L50, F|
|teampreview|4
|showteam|p1|Hydreigon||LifeOrb|Levitate|DracoMeteor,DarkPulse,HeatWave,Protect|Modest||M|||50|]Tyranitar||Tyranitarite|SandStream|Protect,RockSlide,Superpower,KnockOff|Adamant||F|||50|]Aegislash||MetalCoat|StanceChange|KingsShield,ShadowBall,FlashCannon,SteelBeam|Modest||F|||50|]Aerodactyl||FocusSash|RockHead|Tailwind,Protect,RockSlide,WideGuard|Jolly||M|||50|]Metagross||Metagrossite|ClearBody|Protect,MeteorMash,BulletPunch,PsychicFangs|Jolly|||||50|]Sneasler||WhiteHerb|Unburden|FakeOut,DireClaw,CloseCombat,Coaching|Jolly||M|||50|
|showteam|p2|Charizard||CharizarditeY|Blaze|HeatWave,WeatherBall,SolarBeam,Protect|Modest||M|||50|]Whimsicott||FocusSash|Prankster|Moonblast,Tailwind,Encore,Protect|Timid||M|||50|]Garchomp||LifeOrb|RoughSkin|Earthquake,DragonClaw,RockSlide,Protect|Jolly||M|||50|]Basculegion||MysticWater|Adaptability|WaveCrash,LastRespects,AquaJet,Protect|Adamant||M|||50|]Kingambit||ChopleBerry|Defiant|KowtowCleave,SuckerPunch,IronHead,LowKick|Adamant||M|||50|]Floette-Eternal||Floettite|FlowerVeil|DazzlingGleam,Moonblast,LightofRuin,Protect|Timid||F|||50|
|c|☆javitebe|gl!
|inactive|Battle timer is ON: inactive players will automatically lose when time's up. (requested by javitebe)
|c|☆1OO% Jesus|glhf
|inactive|javitebe has 60 seconds left.
|inactive|1OO% Jesus has 60 seconds left.
|inactive|1OO% Jesus has 30 seconds left.
|inactive|javitebe has 30 seconds left.
|inactive|1OO% Jesus has 20 seconds left.
|inactive|javitebe has 20 seconds left.
|inactive|javitebe has 15 seconds left.
|inactive|javitebe has 10 seconds left.
|inactive|javitebe has 5 seconds left.
|
|t:|1782486398
|teamsize|p1|4
|teamsize|p2|4
|start
|switch|p1a: Metagross|Metagross, L50, shiny|100/100
|switch|p1b: Sneasler|Sneasler, L50, M|100/100
|switch|p2a: Whimsicott|Whimsicott, L50, M|100/100
|switch|p2b: Basculegion|Basculegion, L50, M|100/100
|turn|1
|inactive|javitebe has 30 seconds left.
|inactive|javitebe has 20 seconds left.
|inactive|javitebe has 15 seconds left.
|inactive|javitebe has 10 seconds left.
|
|t:|1782486447
|switch|p2a: Kingambit|Kingambit, L50, M|100/100
|detailschange|p1a: Metagross|Metagross-Mega, L50, shiny
|-mega|p1a: Metagross|Metagross|Metagrossite
|move|p1b: Sneasler|Fake Out|p2a: Kingambit
|-resisted|p2a: Kingambit|1
|-damage|p2a: Kingambit|95/100
|move|p1a: Metagross|Psychic Fangs|p2b: Basculegion
|-damage|p2b: Basculegion|25/100
|move|p2b: Basculegion|Wave Crash|p1b: Sneasler
|-damage|p1b: Sneasler|0 fnt
|faint|p1b: Sneasler
|-damage|p2b: Basculegion|0 fnt|[from] Recoil
|faint|p2b: Basculegion
|
|upkeep
|inactive|1OO% Jesus has 30 seconds left.
|
|t:|1782486477
|switch|p1b: Aerodactyl|Aerodactyl, L50, M|100/100
|switch|p2b: Whimsicott|Whimsicott, L50, M|100/100
|turn|2
|inactive|javitebe has 30 seconds left.
|inactive|javitebe has 20 seconds left.
|inactive|javitebe has 15 seconds left.
|
|t:|1782486520
|move|p2b: Whimsicott|Encore|p1a: Metagross
|-start|p1a: Metagross|Encore
|move|p1b: Aerodactyl|Rock Slide|p2b: Whimsicott|[spread] p2a,p2b
|-resisted|p2a: Kingambit|1
|-crit|p2b: Whimsicott
|-damage|p2a: Kingambit|86/100
|-damage|p2b: Whimsicott|50/100g
|move|p1a: Metagross|Psychic Fangs|p2b: Whimsicott
|-damage|p2b: Whimsicott|0 fnt
|faint|p2b: Whimsicott
|move|p2a: Kingambit|Kowtow Cleave|p1b: Aerodactyl
|-damage|p1b: Aerodactyl|36/100
|
|upkeep
|
|t:|1782486531
|switch|p2b: Charizard|Charizard, L50, M|100/100
|turn|3
|inactive|javitebe has 30 seconds left.
|inactive|1OO% Jesus has 30 seconds left.
|
|t:|1782486561
|move|p2b: Charizard|Protect|p2b: Charizard
|-singleturn|p2b: Charizard|Protect
|move|p2a: Kingambit|Sucker Punch|p1a: Metagross
|-supereffective|p1a: Metagross|1
|-damage|p1a: Metagross|45/100
|move|p1b: Aerodactyl|Tailwind|p1b: Aerodactyl
|-sidestart|p1: javitebe|move: Tailwind
|move|p1a: Metagross|Psychic Fangs|p2b: Charizard
|-activate|p2b: Charizard|move: Protect
|
|upkeep
|turn|4
|inactive|javitebe has 30 seconds left.
|inactive|1OO% Jesus has 30 seconds left.
|inactive|javitebe has 20 seconds left.
|
|t:|1782486601
|detailschange|p2b: Charizard|Charizard-Mega-Y, L50, M
|-mega|p2b: Charizard|Charizard|Charizardite Y
|-weather|SunnyDay|[from] ability: Drought|[of] p2b: Charizard
|move|p2a: Kingambit|Sucker Punch|p1b: Aerodactyl
|-damage|p1b: Aerodactyl|0 fnt
|faint|p1b: Aerodactyl
|move|p1a: Metagross|Psychic Fangs|p2b: Charizard
|-damage|p2b: Charizard|33/100
|move|p2b: Charizard|Weather Ball|p1a: Metagross
|-supereffective|p1a: Metagross|1
|-damage|p1a: Metagross|0 fnt
|faint|p1a: Metagross
|
|-weather|SunnyDay|[upkeep]
|upkeep
|
|t:|1782486612
|switch|p1a: Hydreigon|Hydreigon, L50, M, shiny|100/100
|turn|5
|inactive|1OO% Jesus has 30 seconds left.
|
|t:|1782486645
|move|p1a: Hydreigon|Heat Wave|p2a: Kingambit|[spread] p2a,p2b
|-supereffective|p2a: Kingambit|1
|-resisted|p2b: Charizard|1
|-damage|p2a: Kingambit|0 fnt
|-damage|p2b: Charizard|7/100
|faint|p2a: Kingambit
|-damage|p1a: Hydreigon|90/100|[from] item: Life Orb
|move|p2b: Charizard|Weather Ball|p1a: Hydreigon
|-resisted|p1a: Hydreigon|1
|-damage|p1a: Hydreigon|42/100
|
|-weather|SunnyDay|[upkeep]
|upkeep
|turn|6
|
|t:|1782486659
|move|p2b: Charizard|Protect|p2b: Charizard
|-singleturn|p2b: Charizard|Protect
|move|p1a: Hydreigon|Dark Pulse|p2b: Charizard
|-activate|p2b: Charizard|move: Protect
|
|-weather|SunnyDay|[upkeep]
|-sideend|p1: javitebe|move: Tailwind
|upkeep
|turn|7
|
|t:|1782486679
|move|p1a: Hydreigon|Protect|p1a: Hydreigon
|-singleturn|p1a: Hydreigon|Protect
|move|p2b: Charizard|Weather Ball|p1a: Hydreigon
|-activate|p1a: Hydreigon|move: Protect
|
|-weather|SunnyDay|[upkeep]
|upkeep
|turn|8
|
|t:|1782486692
|move|p2b: Charizard|Weather Ball|p1a: Hydreigon
|-resisted|p1a: Hydreigon|1
|-damage|p1a: Hydreigon|0 fnt
|faint|p1a: Hydreigon
|
|win|1OO% Jesus
||javitebe is ready for game 2.
||1OO% Jesus is ready for game 2.
|uhtml|next|Next: Game 2 of 3
