|j|☆sebrai
|j|☆oscaria
|html|sebraioscaria    
|uhtml|bestof|Game 1 of a best-of-3
|t:|1786183882
|gametype|doubles
|player|p1|sebrai|iris-gen5bw2|
|player|p2|oscaria|steven|
|gen|9
|tier|[Gen 9 Champions] VGC 2026 Reg M-B (Bo3)
|rule|Species Clause: Limit one of each Pokémon
|rule|Item Clause: Limit 1 of each item
|clearpoke
|poke|p1|Annihilape, L50, M|
|poke|p1|Maushold, L50|
|poke|p1|Whimsicott, L50, F|
|poke|p1|Arcanine, L50, F|
|poke|p1|Staraptor, L50, F|
|poke|p1|Slowbro, L50, F|
|poke|p2|Lopunny, L50, M|
|poke|p2|Aerodactyl, L50, F|
|poke|p2|Blaziken, L50, M|
|poke|p2|Scovillain, L50, M|
|poke|p2|Metagross, L50|
|poke|p2|Altaria, L50, M|
|teampreview|4
|showteam|p1|Annihilape||SitrusBerry|InnerFocus|RageFist,DrainPunch,BulkUp,Protect|Adamant||M|||50|]Maushold||BrightPowder|FriendGuard|BeatUp,FollowMe,Taunt,Protect|Jolly|||||50|]Whimsicott||FocusSash|Prankster|Tailwind,Encore,Moonblast,Charm|Bold||F|||50|]Arcanine||ChoiceScarf|Intimidate|FlareBlitz,PsychicFangs,Crunch,IronHead|Adamant||F|||50|]Staraptor||Staraptite|Intimidate|BraveBird,CloseCombat,BlazeKick,Protect|Jolly||F|||50|]Slowbro||Slowbronite|Regenerator|TrickRoom,Scald,CalmMind,Protect|Relaxed||F|||50|
|showteam|p2|Lopunny||MentalHerb|CuteCharm|FakeOut,CloseCombat,Protect,AfterYou|Jolly||M|||50|]Aerodactyl||FocusSash|Unnerve|Tailwind,Roost,RockBlast,DualWingbeat|Jolly||F|||50|]Blaziken||Blazikenite|SpeedBoost|FlareBlitz,CloseCombat,Detect,SwordsDance|Adamant||M|||50|]Scovillain||LifeOrb|Chlorophyll|Overheat,SpicyExtract,WillOWisp,RagePowder|Timid||M|||50|]Metagross||Metagrossite|ClearBody|MeteorMash,PsychicFangs,RockSlide,Agility|Adamant|||||50|]Altaria||Leftovers|CloudNine|Tailwind,DragonDance,BraveBird,BodySlam|Adamant||M|||50|
|inactive|Battle timer is ON: inactive players will automatically lose when time's up. (requested by sebrai)
|inactive|sebrai has 60 seconds left.
|
|t:|1786183939
|teamsize|p1|4
|teamsize|p2|4
|start
|switch|p1a: big dog|Arcanine, L50, F|100/100
|switch|p1b: springtrap|Slowbro, L50, F|100/100
|switch|p2a: Aerodactyl|Aerodactyl, L50, F|100/100
|switch|p2b: Lopunny|Lopunny, L50, M|100/100
|-ability|p2a: Aerodactyl|Unnerve
|-ability|p1a: big dog|Intimidate|boost
|-unboost|p2a: Aerodactyl|atk|1
|-unboost|p2b: Lopunny|atk|1
|turn|1
|inactive|sebrai has 30 seconds left.
|inactive|oscaria has 30 seconds left.
|
|t:|1786183971
|detailschange|p1b: springtrap|Slowbro-Mega, L50, F
|-mega|p1b: springtrap|Slowbro|Slowbronite
|move|p2b: Lopunny|Fake Out|p1b: springtrap
|-damage|p1b: springtrap|95/100
|move|p1a: big dog|Iron Head|p2a: Aerodactyl
|-supereffective|p2a: Aerodactyl|1
|-damage|p2a: Aerodactyl|13/100
|cant|p2a: Aerodactyl|flinch
|cant|p1b: springtrap|flinch
|
|upkeep
|turn|2
|inactive|oscaria has 30 seconds left.
|
|t:|1786184000
|move|p1a: big dog|Iron Head|p2a: Aerodactyl
|-supereffective|p2a: Aerodactyl|1
|-damage|p2a: Aerodactyl|0 fnt
|faint|p2a: Aerodactyl
|move|p2b: Lopunny|Close Combat|p1b: springtrap
|-resisted|p1b: springtrap|1
|-damage|p1b: springtrap|91/100
|-unboost|p2b: Lopunny|def|1
|-unboost|p2b: Lopunny|spd|1
|move|p1b: springtrap|Calm Mind|p1b: springtrap
|-boost|p1b: springtrap|spa|1
|-boost|p1b: springtrap|spd|1
|
|upkeep
|
|t:|1786184005
|switch|p2a: Metagross|Metagross, L50|100/100
|turn|3
|
|t:|1786184018
|detailschange|p2a: Metagross|Metagross-Mega, L50
|-mega|p2a: Metagross|Metagross|Metagrossite
|move|p1a: big dog|Iron Head|p2b: Lopunny
|-damage|p2b: Lopunny|36/100
|move|p2b: Lopunny|After You|p2a: Metagross
|-activate|p2a: Metagross|move: After You
|move|p2a: Metagross|Rock Slide|p1b: springtrap|[spread] p1a,p1b
|-supereffective|p1a: big dog|1
|-damage|p1a: big dog|40/100
|-damage|p1b: springtrap|82/100
|cant|p1b: springtrap|flinch
|
|upkeep
|turn|4
|
|t:|1786184042
|move|p2b: Lopunny|Protect|p2b: Lopunny
|-singleturn|p2b: Lopunny|Protect
|move|p1a: big dog|Iron Head|p2b: Lopunny
|-activate|p2b: Lopunny|move: Protect
|move|p2a: Metagross|Rock Slide|p1b: springtrap|[spread] p1a,p1b
|-supereffective|p1a: big dog|1
|-damage|p1a: big dog|0 fnt
|-damage|p1b: springtrap|71/100
|faint|p1a: big dog
|move|p1b: springtrap|Trick Room|p1b: springtrap
|-fieldstart|move: Trick Room|[of] p1b: springtrap
|
|upkeep
|
|t:|1786184054
|switch|p1a: haaland|Annihilape, L50, M|100/100
|turn|5
|
|t:|1786184067
|switch|p2a: Scovillain|Scovillain, L50, M|100/100
|move|p1a: haaland|Protect|p1a: haaland
|-singleturn|p1a: haaland|Protect
|move|p1b: springtrap|Scald|p2b: Lopunny
|-damage|p2b: Lopunny|0 fnt
|faint|p2b: Lopunny
|
|upkeep
|
|t:|1786184075
|switch|p2b: Metagross|Metagross-Mega, L50|100/100
|turn|6
|inactive|sebrai has 30 seconds left.
|inactive|sebrai has 20 seconds left.
|
|t:|1786184111
|move|p1b: springtrap|Calm Mind|p1b: springtrap
|-boost|p1b: springtrap|spa|1
|-boost|p1b: springtrap|spd|1
|move|p1a: haaland|Drain Punch|p2a: Scovillain
|-damage|p2a: Scovillain|41/100
|move|p2a: Scovillain|Will-O-Wisp|p1a: haaland
|-status|p1a: haaland|brn
|move|p2b: Metagross|Psychic Fangs|p1a: haaland
|-supereffective|p1a: haaland|1
|-damage|p1a: haaland|0 fnt
|faint|p1a: haaland
|
|upkeep
|
|t:|1786184121
|switch|p1a: ratrap|Maushold, L50|100/100
|turn|7
|inactive|oscaria has 30 seconds left.
|
|t:|1786184157
|move|p2a: Scovillain|Rage Powder|p2a: Scovillain
|-singleturn|p2a: Scovillain|move: Rage Powder
|move|p1a: ratrap|Follow Me|p1a: ratrap
|-singleturn|p1a: ratrap|move: Follow Me
|move|p1b: springtrap|Scald|p2a: Scovillain
|-damage|p2a: Scovillain|0 fnt
|faint|p2a: Scovillain
|move|p2b: Metagross|Rock Slide|p1b: springtrap|[spread] p1a,p1b
|-damage|p1a: ratrap|70/100
|-damage|p1b: springtrap|64/100
|
|upkeep
|turn|8
|inactive|sebrai has 30 seconds left.
|
|t:|1786184192
|move|p1a: ratrap|Protect|p1a: ratrap
|-singleturn|p1a: ratrap|Protect
|move|p1b: springtrap|Scald|p2b: Metagross
|-damage|p2b: Metagross|25/100
|-status|p2b: Metagross|brn
|move|p2b: Metagross|Rock Slide|p1a: ratrap|[spread] p1b
|-activate|p1a: ratrap|move: Protect
|-damage|p1b: springtrap|61/100
|
|-damage|p2b: Metagross|19/100 brn|[from] brn
|-fieldend|move: Trick Room
|upkeep
|turn|9
|
|t:|1786184208
|move|p1a: ratrap|Follow Me|p1a: ratrap
|-singleturn|p1a: ratrap|move: Follow Me
|move|p2b: Metagross|Meteor Mash|p1a: ratrap
|-damage|p1a: ratrap|21/100
|-boost|p2b: Metagross|atk|1
|move|p1b: springtrap|Scald|p2b: Metagross
|-damage|p2b: Metagross|0 fnt
|faint|p2b: Metagross
|
|win|sebrai
||oscaria is ready for game 2.
||sebrai is ready for game 2.
|uhtml|next|Next: Game 2 of 3
|l|☆oscaria
|player|p2|
