|j|☆axcoquette
|j|☆breasc11
|html|axcoquettebreasc11    
|uhtml|bestof|Game 2 of a best-of-3
|t:|1784582952
|gametype|doubles
|player|p1|axcoquette|2|1219
|player|p2|breasc11|265|1256
|gen|9
|tier|[Gen 9 Champions] VGC 2026 Reg M-B (Bo3)
|rated|
|rule|Species Clause: Limit one of each Pokémon
|rule|Item Clause: Limit 1 of each item
|clearpoke
|poke|p1|Ceruledge, L50, F|
|poke|p1|Glimmora, L50, M|
|poke|p1|Weavile, L50, M|
|poke|p1|Raichu, L50, M|
|poke|p1|Whimsicott, L50, M|
|poke|p1|Milotic, L50, F|
|poke|p2|Charizard, L50, F|
|poke|p2|Floette-Eternal, L50, F|
|poke|p2|Garchomp, L50, F|
|poke|p2|Basculegion, L50, M|
|poke|p2|Incineroar, L50, F|
|poke|p2|Whimsicott, L50, M|
|teampreview|4
|showteam|p1|Ceruledge||ColburBerry|FlashFire|BitterBlade,ShadowSneak,BulkUp,Protect|Impish||F|||50|]Glimmora||Glimmoranite|ToxicDebris|SpikyShield,PowerGem,EarthPower,SludgeBomb|Timid||M|||50|]Weavile||FocusSash|Pressure|IcePunch,FakeOut,Protect,KnockOff|Jolly||M|||50|]Raichu||RaichuniteY|LightningRod|FakeOut,FocusBlast,ZapCannon,Protect|Timid||M|||50|]Whimsicott||FairyFeather|Prankster|Tailwind,Moonblast,Protect,Encore|Modest||M|||50|]Milotic||Leftovers|Competitive|Coil,Hypnosis,MuddyWater,Recover|Calm||F|||50|
|showteam|p2|Charizard||CharizarditeY|Blaze|HeatWave,WeatherBall,SolarBeam,Protect|Modest||F|||50|]Floette-Eternal||Floettite|FlowerVeil|Moonblast,DazzlingGleam,LightofRuin,Protect|Timid||F|||50|]Garchomp||LifeOrb|RoughSkin|StompingTantrum,DragonClaw,RockSlide,Protect|Jolly||F|||50|]Basculegion||MysticWater|Adaptability|WaveCrash,LastRespects,AquaJet,Protect|Adamant||M|||50|]Incineroar||SitrusBerry|Intimidate|FlareBlitz,ThroatChop,PartingShot,FakeOut|Careful||F|||50|]Whimsicott||FocusSash|Prankster|Moonblast,Tailwind,Encore,Protect|Timid||M|||50|
|inactive|Battle timer is ON: inactive players will automatically lose when time's up. (requested by axcoquette)
|
|t:|1784582973
|teamsize|p1|4
|teamsize|p2|4
|start
|switch|p1a: Whimsicott|Whimsicott, L50, M|100/100
|switch|p1b: Weavile|Weavile, L50, M|100/100
|switch|p2a: Whimsicott|Whimsicott, L50, M|100/100
|switch|p2b: Basculegion|Basculegion, L50, M|100/100
|-ability|p1b: Weavile|Pressure
|turn|1
|inactive|axcoquette has 30 seconds left.
|inactive|breasc11 has 30 seconds left.
|inactive|breasc11 has 20 seconds left.
|inactive|breasc11 has 15 seconds left.
|
|t:|1784583017
|switch|p1b: Ceruledge|Ceruledge, L50, F|100/100
|move|p1a: Whimsicott|Tailwind|p1a: Whimsicott
|-sidestart|p1: axcoquette|move: Tailwind
|move|p2b: Basculegion|Aqua Jet|p1b: Ceruledge
|-supereffective|p1b: Ceruledge|1
|-damage|p1b: Ceruledge|36/100
|move|p2a: Whimsicott|Moonblast|p1b: Ceruledge
|-resisted|p1b: Ceruledge|1
|-damage|p1b: Ceruledge|20/100y
|
|upkeep
|turn|2
|
|t:|1784583041
|move|p1b: Ceruledge|Shadow Sneak|p2b: Basculegion
|-supereffective|p2b: Basculegion|1
|-damage|p2b: Basculegion|58/100
|move|p2a: Whimsicott|Tailwind|p2a: Whimsicott
|-sidestart|p2: breasc11|move: Tailwind
|move|p2b: Basculegion|Aqua Jet|p1b: Ceruledge
|-supereffective|p1b: Ceruledge|1
|-damage|p1b: Ceruledge|0 fnt
|faint|p1b: Ceruledge
|move|p1a: Whimsicott|Moonblast|p2b: Basculegion
|-damage|p2b: Basculegion|15/100
|
|upkeep
|
|t:|1784583052
|switch|p1b: Glimmora|Glimmora, L50, M|100/100
|turn|3
|
|t:|1784583072
|detailschange|p1b: Glimmora|Glimmora-Mega, L50, M
|-mega|p1b: Glimmora|Glimmora|Glimmoranite
|move|p1a: Whimsicott|Encore|p2a: Whimsicott
|-start|p2a: Whimsicott|Encore
|move|p2a: Whimsicott|Tailwind||[still]
|-fail|p2a: Whimsicott
|move|p2b: Basculegion|Aqua Jet|p1b: Glimmora
|-supereffective|p1b: Glimmora|1
|-damage|p1b: Glimmora|40/100
|move|p1b: Glimmora|Power Gem|p2b: Basculegion
|-damage|p2b: Basculegion|0 fnt
|faint|p2b: Basculegion
|
|upkeep
|
|t:|1784583089
|switch|p2b: Garchomp|Garchomp, L50, F|100/100
|turn|4
|
|t:|1784583111
|switch|p2a: Charizard|Charizard, L50, F|100/100
|move|p1b: Glimmora|Spiky Shield|p1b: Glimmora
|-singleturn|p1b: Glimmora|move: Protect
|move|p2b: Garchomp|Stomping Tantrum|p1b: Glimmora
|-activate|p1b: Glimmora|move: Protect
|-damage|p2b: Garchomp|87/100|[from] Spiky Shield|[of] p1b: Glimmora
|move|p1a: Whimsicott|Moonblast|p2b: Garchomp
|-supereffective|p2b: Garchomp|1
|-damage|p2b: Garchomp|0 fnt
|faint|p2b: Garchomp
|
|-sideend|p1: axcoquette|move: Tailwind
|upkeep
|
|t:|1784583116
|switch|p2b: Whimsicott|Whimsicott, L50, M|100/100
|turn|5
|
|t:|1784583140
|switch|p1b: Weavile|Weavile, L50, M|100/100
|-ability|p1b: Weavile|Pressure
|detailschange|p2a: Charizard|Charizard-Mega-Y, L50, F
|-mega|p2a: Charizard|Charizard|Charizardite Y
|-weather|SunnyDay|[from] ability: Drought|[of] p2a: Charizard
|move|p2b: Whimsicott|Encore|p1b: Weavile
|-hint|Since gen 7, Dark is immune to Prankster moves.
|-immune|p1b: Weavile
|move|p1a: Whimsicott|Tailwind|p1a: Whimsicott
|-sidestart|p1: axcoquette|move: Tailwind
|move|p2a: Charizard|Heat Wave|p1b: Weavile|[spread] p1a,p1b
|-supereffective|p1a: Whimsicott|1
|-supereffective|p1b: Weavile|1
|-damage|p1a: Whimsicott|0 fnt
|-enditem|p1b: Weavile|Focus Sash
|-damage|p1b: Weavile|1/100
|faint|p1a: Whimsicott
|
|-weather|SunnyDay|[upkeep]
|-sideend|p2: breasc11|move: Tailwind
|upkeep
|
|t:|1784583157
|switch|p1a: Glimmora|Glimmora-Mega, L50, M|40/100
|turn|6
|
|t:|1784583173
|move|p2a: Charizard|Protect|p2a: Charizard
|-singleturn|p2a: Charizard|Protect
|move|p1b: Weavile|Ice Punch|p2b: Whimsicott
|-supereffective|p2b: Whimsicott|1
|-enditem|p2b: Whimsicott|Focus Sash
|-damage|p2b: Whimsicott|1/100
|move|p1a: Glimmora|Power Gem|p2a: Charizard
|-activate|p2a: Charizard|move: Protect
|move|p2b: Whimsicott|Moonblast|p1a: Glimmora
|-resisted|p1a: Glimmora|1
|-damage|p1a: Glimmora|20/100r
|-unboost|p1a: Glimmora|spa|1
|
|-weather|SunnyDay|[upkeep]
|upkeep
|turn|7
|
|t:|1784583188
|move|p2b: Whimsicott|Protect|p2b: Whimsicott
|-singleturn|p2b: Whimsicott|Protect
|move|p2a: Charizard|Protect||[still]
|-fail|p2a: Charizard
|move|p1b: Weavile|Ice Punch|p2b: Whimsicott
|-activate|p2b: Whimsicott|move: Protect
|move|p1a: Glimmora|Power Gem|p2a: Charizard
|-supereffective|p2a: Charizard|2
|-damage|p2a: Charizard|0 fnt
|faint|p2a: Charizard
|
|-weather|SunnyDay|[upkeep]
|upkeep
|turn|8
|-message|breasc11 forfeited.
|
|win|axcoquette
