|j|‽Sushi Bum
|j|☆14#coder9
|html|Sushi Bum14#coder9    
|uhtml|bestof|Game 1 of a best-of-3
|t:|1785885990
|gametype|doubles
|player|p1|Sushi Bum|beni-ninja|1115
|player|p2|14#coder9|unknown|1193
|gen|9
|tier|[Gen 9 Champions] VGC 2026 Reg M-B (Bo3)
|rated|
|rule|Species Clause: Limit one of each Pokémon
|rule|Item Clause: Limit 1 of each item
|clearpoke
|poke|p1|Talonflame, L50, M|
|poke|p1|Tsareena, L50, F|
|poke|p1|Raichu, L50, M|
|poke|p1|Heliolisk, L50, F, shiny|
|poke|p1|Venusaur, L50, F|
|poke|p1|Mamoswine, L50, M|
|poke|p2|Charizard, L50, M, shiny|
|poke|p2|Whimsicott, L50, F, shiny|
|poke|p2|Incineroar, L50, M|
|poke|p2|Garchomp, L50, F, shiny|
|poke|p2|Rotom-Wash, L50|
|poke|p2|Staraptor, L50, F, shiny|
|teampreview|4
|showteam|p1|Talonflame||SharpBeak|GaleWings|BraveBird,Taunt,Tailwind,UpperHand|Adamant||M|||50|]Tsareena||ChoiceScarf|QueenlyMajesty|TripleAxel,TropKick,KnockOff,LowKick|Jolly||F|||50|]Raichu||RaichuniteY|LightningRod|ZapCannon,GrassKnot,FocusBlast,Protect|Timid||M|||50|]Heliolisk||ExpertBelt|DrySkin|Thunderbolt,HyperVoice,Protect,AllySwitch|Timid||F|||50|]Venusaur||LifeOrb|Chlorophyll|SludgeBomb,SleepPowder,GigaDrain,EarthPower|Timid||F|||50|]Mamoswine||FocusSash|Oblivious|StompingTantrum,IceShard,IcicleCrash,Protect|Jolly||M|||50|
|showteam|p2|Charizard||CharizarditeY|Blaze|HeatWave,Overheat,SolarBeam,Protect|Modest||M|||50|]Whimsicott||FocusSash|Prankster|SunnyDay,Tailwind,Moonblast,Encore|Timid||F|||50|]Incineroar||ChopleBerry|Intimidate|FlareBlitz,PartingShot,FakeOut,ThroatChop|Careful||M|||50|]Garchomp||LifeOrb|RoughSkin|RockSlide,DragonClaw,Earthquake,Protect|Jolly||F|||50|]Rotom-Wash||SitrusBerry|Levitate|HydroPump,VoltSwitch,WillOWisp,Electroweb|Bold|||||50|]Staraptor||Staraptite|Intimidate|Protect,CloseCombat,BraveBird,Roost|Jolly||F|||50|
|inactive|Battle timer is ON: inactive players will automatically lose when time's up. (requested by Sushi Bum)
|
|t:|1785886109
|teamsize|p1|4
|teamsize|p2|4
|start
|switch|p1a: Talonflame|Talonflame, L50, M|100/100
|switch|p1b: Raichu|Raichu, L50, M|100/100
|switch|p2a: Garchomp|Garchomp, L50, F, shiny|100/100
|switch|p2b: Rotom|Rotom-Wash, L50|100/100
|turn|1
|inactive|14#coder9 has 30 seconds left.
|inactive|14#coder9 has 20 seconds left.
|inactive|14#coder9 has 15 seconds left.
|inactive|14#coder9 has 10 seconds left.
|
|t:|1785886156
|detailschange|p1b: Raichu|Raichu-Mega-Y, L50, M
|-mega|p1b: Raichu|Raichu|Raichunite Y
|move|p1a: Talonflame|Brave Bird|p2a: Garchomp
|-damage|p2a: Garchomp|37/100
|-damage|p1a: Talonflame|87/100|[from] ability: Rough Skin|[of] p2a: Garchomp
|-damage|p1a: Talonflame|62/100|[from] Recoil
|move|p1b: Raichu|Focus Blast|p2a: Garchomp
|-damage|p2a: Garchomp|0 fnt
|faint|p2a: Garchomp
|move|p2b: Rotom|Hydro Pump|p1a: Talonflame
|-supereffective|p1a: Talonflame|1
|-damage|p1a: Talonflame|0 fnt
|faint|p1a: Talonflame
|
|upkeep
|
|t:|1785886170
|switch|p1a: Tsareena|Tsareena, L50, F|100/100
|switch|p2a: Whimsicott|Whimsicott, L50, F, shiny|100/100
|turn|2
|inactive|Sushi Bum has 30 seconds left.
|inactive|Sushi Bum has 20 seconds left.
|
|t:|1785886209
|move|p2a: Whimsicott|Tailwind|p2a: Whimsicott
|-sidestart|p2: 14#coder9|move: Tailwind
|move|p2b: Rotom|Will-O-Wisp|p1a: Tsareena|[miss]
|-miss|p2b: Rotom|p1a: Tsareena
|move|p1a: Tsareena|Trop Kick|p2b: Rotom
|-supereffective|p2b: Rotom|1
|-damage|p2b: Rotom|23/100
|-unboost|p2b: Rotom|atk|1
|-enditem|p2b: Rotom|Sitrus Berry|[eat]
|-heal|p2b: Rotom|48/100|[from] item: Sitrus Berry
|move|p1b: Raichu|Zap Cannon|p2a: Whimsicott
|-resisted|p2a: Whimsicott|1
|-damage|p2a: Whimsicott|60/100
|-status|p2a: Whimsicott|par
|
|upkeep
|turn|3
|
|t:|1785886230
|move|p2b: Rotom|Will-O-Wisp|p1a: Tsareena
|-status|p1a: Tsareena|brn
|move|p1a: Tsareena|Trop Kick|p2b: Rotom
|-supereffective|p2b: Rotom|1
|-damage|p2b: Rotom|9/100
|-unboost|p2b: Rotom|atk|1
|move|p1b: Raichu|Zap Cannon|p2a: Whimsicott
|-resisted|p2a: Whimsicott|1
|-damage|p2a: Whimsicott|19/100 par
|move|p2a: Whimsicott|Moonblast|p1b: Raichu
|-damage|p1b: Raichu|59/100
|
|-damage|p1a: Tsareena|93/100 brn|[from] brn
|upkeep
|turn|4
|inactive|14#coder9 has 30 seconds left.
|
|t:|1785886257
|move|p2b: Rotom|Volt Switch|p1b: Raichu
|-resisted|p1b: Raichu|1
|-damage|p1b: Raichu|39/100
|
|t:|1785886261
|switch|p2b: Charizard|Charizard, L50, M, shiny|100/100|[from] Volt Switch
|move|p1a: Tsareena|Trop Kick|p2b: Charizard
|-resisted|p2b: Charizard|2
|-damage|p2b: Charizard|94/100
|-unboost|p2b: Charizard|atk|1
|move|p1b: Raichu|Zap Cannon|p2a: Whimsicott
|-resisted|p2a: Whimsicott|1
|-damage|p2a: Whimsicott|0 fnt
|faint|p2a: Whimsicott
|
|-damage|p1a: Tsareena|87/100 brn|[from] brn
|upkeep
|
|t:|1785886273
|switch|p2a: Rotom|Rotom-Wash, L50|9/100
|turn|5
|
|t:|1785886291
|detailschange|p2b: Charizard|Charizard-Mega-Y, L50, M, shiny
|-mega|p2b: Charizard|Charizard|Charizardite Y
|-weather|SunnyDay|[from] ability: Drought|[of] p2b: Charizard
|move|p1b: Raichu|Protect|p1b: Raichu
|-singleturn|p1b: Raichu|Protect
|move|p2b: Charizard|Heat Wave|p1a: Tsareena|[spread] p1a
|-activate|p1b: Raichu|move: Protect
|-supereffective|p1a: Tsareena|1
|-damage|p1a: Tsareena|0 fnt
|faint|p1a: Tsareena
|move|p2a: Rotom|Electroweb|p1b: Raichu
|-activate|p1b: Raichu|move: Protect
|
|-weather|SunnyDay|[upkeep]
|-sideend|p2: 14#coder9|move: Tailwind
|upkeep
|
|t:|1785886294
|switch|p1a: Mamoswine|Mamoswine, L50, M|100/100
|turn|6
|
|t:|1785886312
|move|p2b: Charizard|Protect|p2b: Charizard
|-singleturn|p2b: Charizard|Protect
|move|p1b: Raichu|Zap Cannon|p2a: Rotom
|-damage|p2a: Rotom|0 fnt
|faint|p2a: Rotom
|move|p1a: Mamoswine|Icicle Crash|p2b: Charizard
|-activate|p2b: Charizard|move: Protect
|
|-weather|SunnyDay|[upkeep]
|upkeep
|turn|7
|
|t:|1785886321
|move|p1b: Raichu|Zap Cannon|p2b: Charizard
|-supereffective|p2b: Charizard|1
|-crit|p2b: Charizard
|-damage|p2b: Charizard|0 fnt
|faint|p2b: Charizard
|
|win|Sushi Bum
||Sushi Bum is ready for game 2.
|inactive|14#coder9 has 30 seconds to confirm battle start!
|inactive|14#coder9 has 20 seconds to confirm battle start!
||14#coder9 is ready for game 2.
|uhtml|next|Next: Game 2 of 3
|l|‽Sushi Bum
|player|p1|
