|j|☆gabzeraroadtoglory
|j|☆copicentrovgc
|html|gabzeraroadtoglorycopicentrovgc    
|uhtml|bestof|Game 2 of a best-of-3
|t:|1756423991
|gametype|doubles
|player|p1|gabzeraroadtoglory|youngster-gen4dp|
|player|p2|copicentrovgc|ingo|
|gen|9
|tier|[Gen 9] VGC 2025 Reg H (Bo3)
|rule|Species Clause: Limit one of each Pokémon
|rule|Item Clause: Limit 1 of each item
|clearpoke
|poke|p1|Incineroar, L50, M|
|poke|p1|Sneasler, L50, F|
|poke|p1|Rillaboom, L50, M|
|poke|p1|Ursaluna-Bloodmoon, L50, M|
|poke|p1|Dragonite, L50, F|
|poke|p1|Gholdengo, L50|
|poke|p2|Garganacl, L50, F|
|poke|p2|Dondozo, L50, F|
|poke|p2|Sneasler, L50, M|
|poke|p2|Gholdengo, L50|
|poke|p2|Ninetales-Alola, L50, M|
|poke|p2|Incineroar, L50, M|
|teampreview|4
|showteam|p1|Incineroar||SafetyGoggles|Intimidate|FlareBlitz,FakeOut,Uturn,KnockOff|||M|||50|,,,,,Ghost]Sneasler||WhiteHerb|Unburden|CloseCombat,DireClaw,Protect,FakeOut|||F|||50|,,,,,Stellar]Rillaboom||AssaultVest|GrassySurge|WoodHammer,FakeOut,Uturn,GrassyGlide|||M|||50|,,,,,Water]Ursaluna-Bloodmoon||LifeOrb|MindsEye|BloodMoon,HyperVoice,EarthPower,Protect|||M|||50|,,,,,Normal]Dragonite||LoadedDice|Multiscale|ScaleShot,Tailwind,Encore,Protect|||F|||50|,,,,,Fairy]Gholdengo||GrassySeed|GoodasGold|ShadowBall,MakeItRain,NastyPlot,Protect||||||50|,,,,,Water
|showteam|p2|Garganacl||MarangaBerry|PurifyingSalt|SaltCure,StealthRock,Protect,Recover|||F|||50|,,,,,Flying]Dondozo||Leftovers|Unaware|Liquidation,Yawn,Curse,Protect|||F|||50|,,,,,Poison]Sneasler||FocusSash|PoisonTouch|DireClaw,CloseCombat,Coaching,Protect|||M|||50|,,,,,Ghost]Gholdengo||ChoiceScarf|GoodasGold|MakeItRain,ShadowBall,Trick,PowerGem||||||50|,,,,,Steel]Ninetales-Alola||NeverMeltIce|SnowWarning|Blizzard,FreezeDry,Protect,AuroraVeil|||M|||50|,,,,,Ice]Incineroar||AssaultVest|Intimidate|FlareBlitz,KnockOff,FakeOut,DrainPunch|||M|||50|,,,,,Grass
|inactive|Battle timer is ON: inactive players will automatically lose when time's up. (requested by gabzeraroadtoglory)
|inactive|copicentrovgc has 60 seconds left.
|inactive|copicentrovgc has 30 seconds left.
|inactive|copicentrovgc has 20 seconds left.
|inactive|copicentrovgc has 15 seconds left.
|
|t:|1756424068
|teamsize|p1|4
|teamsize|p2|4
|start
|switch|p1a: Ursaluna|Ursaluna-Bloodmoon, L50, M|100/100
|switch|p1b: Dragonite|Dragonite, L50, F|100/100
|switch|p2a: Garganacl|Garganacl, L50, F|100/100
|switch|p2b: Gholdengo|Gholdengo, L50|100/100
|turn|1
|inactive|copicentrovgc has 30 seconds left.
|inactive|copicentrovgc has 20 seconds left.
|inactive|copicentrovgc has 15 seconds left.
|inactive|gabzeraroadtoglory has 30 seconds left.
|inactive|copicentrovgc has 10 seconds left.
|
|t:|1756424118
|move|p1b: Dragonite|Protect|p1b: Dragonite
|-singleturn|p1b: Dragonite|Protect
|move|p1a: Ursaluna|Protect|p1a: Ursaluna
|-singleturn|p1a: Ursaluna|Protect
|move|p2a: Garganacl|Protect|p2a: Garganacl
|-singleturn|p2a: Garganacl|Protect
|move|p2b: Gholdengo|Power Gem|p1b: Dragonite
|-activate|p1b: Dragonite|move: Protect
|
|upkeep
|turn|2
|inactive|gabzeraroadtoglory has 30 seconds left.
|
|t:|1756424151
|switch|p2b: Dondozo|Dondozo, L50, F|100/100
|-terastallize|p1b: Dragonite|Fairy
|-terastallize|p2a: Garganacl|Flying
|move|p1b: Dragonite|Encore|p2a: Garganacl
|-start|p2a: Garganacl|Encore
|move|p1a: Ursaluna|Earth Power|p2b: Dondozo
|-damage|p2b: Dondozo|53/100
|-damage|p1a: Ursaluna|91/100|[from] item: Life Orb
|move|p2a: Garganacl|Protect||[still]
|-fail|p2a: Garganacl
|
|-heal|p2b: Dondozo|59/100|[from] item: Leftovers
|upkeep
|turn|3
|inactive|copicentrovgc has 30 seconds left.
|inactive|copicentrovgc has 20 seconds left.
|inactive|copicentrovgc has 15 seconds left.
|
|t:|1756424194
|switch|p2a: Incineroar|Incineroar, L50, M|100/100
|-ability|p2a: Incineroar|Intimidate|boost
|-unboost|p1a: Ursaluna|atk|1
|-unboost|p1b: Dragonite|atk|1
|move|p1b: Dragonite|Scale Shot|p2b: Dondozo|[miss]
|-miss|p1b: Dragonite|p2b: Dondozo
|move|p1a: Ursaluna|Hyper Voice|p2b: Dondozo|[spread] p2a,p2b
|-damage|p2a: Incineroar|71/100
|-damage|p2b: Dondozo|23/100
|-damage|p1a: Ursaluna|81/100|[from] item: Life Orb
|move|p2b: Dondozo|Yawn|p1b: Dragonite
|-start|p1b: Dragonite|move: Yawn|[of] p2b: Dondozo
|
|-heal|p2b: Dondozo|29/100|[from] item: Leftovers
|upkeep
|turn|4
|inactive|copicentrovgc has 30 seconds left.
|
|t:|1756424227
|switch|p1b: Sneasler|Sneasler, L50, F|100/100
|switch|p2b: Garganacl|Garganacl, L50, F, tera:Flying|100/100
|move|p2a: Incineroar|Fake Out|p1b: Sneasler
|-damage|p1b: Sneasler|84/100
|move|p1a: Ursaluna|Hyper Voice|p2a: Incineroar|[spread] p2a,p2b
|-damage|p2a: Incineroar|38/100
|-damage|p2b: Garganacl|67/100
|-enditem|p2b: Garganacl|Maranga Berry|[eat]
|-boost|p2b: Garganacl|spd|1|[from] item: Maranga Berry
|-damage|p1a: Ursaluna|71/100|[from] item: Life Orb
|
|upkeep
|turn|5
|inactive|copicentrovgc has 30 seconds left.
|inactive|copicentrovgc has 20 seconds left.
|inactive|copicentrovgc has 15 seconds left.
|inactive|copicentrovgc has 10 seconds left.
|
|t:|1756424273
|move|p1b: Sneasler|Fake Out|p2b: Garganacl
|-damage|p2b: Garganacl|57/100
|move|p2a: Incineroar|Drain Punch|p1b: Sneasler
|-resisted|p1b: Sneasler
|-damage|p1b: Sneasler|69/100
|-heal|p2a: Incineroar|45/100|[from] drain|[of] p1b: Sneasler
|move|p1a: Ursaluna|Earth Power|p2a: Incineroar
|-supereffective|p2a: Incineroar
|-damage|p2a: Incineroar|0 fnt
|faint|p2a: Incineroar
|-damage|p1a: Ursaluna|61/100|[from] item: Life Orb
|cant|p2b: Garganacl|flinch
|
|upkeep
|
|t:|1756424287
|switch|p2a: Gholdengo|Gholdengo, L50|100/100
|turn|6
|c|☆gabzeraroadtoglory|Ponele u turn amigo
|c|☆gabzeraroadtoglory|Te va a servir mucho mas
|inactive|copicentrovgc has 30 seconds left.
|c|☆copicentrovgc|todavia estoy tratando de entedner como lo jugaba este brazuca
|inactive|copicentrovgc has 20 seconds left.
|
|t:|1756424326
|switch|p1b: Gholdengo|Gholdengo, L50|100/100
|move|p1a: Ursaluna|Protect|p1a: Ursaluna
|-singleturn|p1a: Ursaluna|Protect
|move|p2a: Gholdengo|Make It Rain|p1b: Gholdengo|[spread] p1b
|-activate|p1a: Ursaluna|move: Protect
|-resisted|p1b: Gholdengo
|-damage|p1b: Gholdengo|78/100
|-unboost|p2a: Gholdengo|spa|1
|move|p2b: Garganacl|Recover|p2b: Garganacl
|-heal|p2b: Garganacl|100/100
|
|upkeep
|turn|7
|c|☆gabzeraroadtoglory|Lo jugaba con drain punch? Alto suicida
|
|t:|1756424344
|switch|p2a: Dondozo|Dondozo, L50, F|29/100
|move|p1b: Gholdengo|Nasty Plot|p1b: Gholdengo
|-boost|p1b: Gholdengo|spa|2
|move|p1a: Ursaluna|Earth Power|p2a: Dondozo
|-damage|p2a: Dondozo|0 fnt
|faint|p2a: Dondozo
|-damage|p1a: Ursaluna|51/100|[from] item: Life Orb
|move|p2b: Garganacl|Salt Cure|p1b: Gholdengo
|-resisted|p1b: Gholdengo
|-damage|p1b: Gholdengo|70/100
|-start|p1b: Gholdengo|Salt Cure
|
|-damage|p1b: Gholdengo|46/100|[from] Salt Cure
|upkeep
|
|t:|1756424358
|switch|p2a: Gholdengo|Gholdengo, L50|100/100
|turn|8
|inactive|copicentrovgc has 30 seconds left.
|inactive|gabzeraroadtoglory has 30 seconds left.
|
|t:|1756424397
|move|p2a: Gholdengo|Shadow Ball|p1b: Gholdengo
|-supereffective|p1b: Gholdengo
|-damage|p1b: Gholdengo|0 fnt
|faint|p1b: Gholdengo
|move|p1a: Ursaluna|Earth Power|p2a: Gholdengo
|-supereffective|p2a: Gholdengo
|-damage|p2a: Gholdengo|0 fnt
|faint|p2a: Gholdengo
|-damage|p1a: Ursaluna|41/100|[from] item: Life Orb
|move|p2b: Garganacl|Stealth Rock|p1a: Ursaluna
|-sidestart|p1: gabzeraroadtoglory|move: Stealth Rock
|
|upkeep
|
|t:|1756424405
|switch|p1b: Sneasler|Sneasler, L50, F|69/100
|-damage|p1b: Sneasler|63/100|[from] Stealth Rock
|turn|9
|
|t:|1756424418
|move|p1b: Sneasler|Fake Out|p2b: Garganacl
|-damage|p2b: Garganacl|91/100
|move|p1a: Ursaluna|Hyper Voice|p2b: Garganacl
|-damage|p2b: Garganacl|61/100
|-damage|p1a: Ursaluna|31/100|[from] item: Life Orb
|cant|p2b: Garganacl|flinch
|
|upkeep
|turn|10
|
|t:|1756424428
|move|p1b: Sneasler|Dire Claw|p2b: Garganacl
|-damage|p2b: Garganacl|33/100
|move|p1a: Ursaluna|Blood Moon|p2b: Garganacl
|-damage|p2b: Garganacl|0 fnt
|faint|p2b: Garganacl
|-damage|p1a: Ursaluna|21/100|[from] item: Life Orb
|
|win|gabzeraroadtoglory
||gabzeraroadtoglory is ready for game 3.
|inactive|copicentrovgc has 30 seconds to confirm battle start!
||copicentrovgc is ready for game 3.
|uhtml|next|Next: Game 3 of 3
