|j|☆castoriceball
|j|☆Inferno prodigy
|html|castoriceballInferno prodigy    
|uhtml|bestof|Game 3 of a best-of-3
|t:|1783815267
|gametype|doubles
|player|p1|castoriceball|miku-flying|1339
|player|p2|Inferno prodigy|169|1338
|gen|9
|tier|[Gen 9 Champions] VGC 2026 Reg M-B (Bo3)
|rated|
|rule|Species Clause: Limit one of each Pokémon
|rule|Item Clause: Limit 1 of each item
|clearpoke
|poke|p1|Garchomp, L50, M|
|poke|p1|Floette-Eternal, L50, F|
|poke|p1|Talonflame, L50, M|
|poke|p1|Rotom-Wash, L50, shiny|
|poke|p1|Sinistcha, L50|
|poke|p1|Kingambit, L50, F|
|poke|p2|Blastoise, L50, F|
|poke|p2|Maushold-Four, L50|
|poke|p2|Sneasler, L50, M|
|poke|p2|Sinistcha, L50|
|poke|p2|Delphox, L50, F|
|poke|p2|Kingambit, L50, M|
|teampreview|4
|showteam|p1|Garchomp||LifeOrb|RoughSkin|DragonClaw,Earthquake,RockSlide,Protect|Adamant||M|||50|]Floette-Eternal||Floettite|FlowerVeil|Moonblast,DazzlingGleam,LightofRuin,Protect|Modest||F|||50|]Talonflame||SharpBeak|GaleWings|Tailwind,DualWingbeat,QuickGuard,Protect|Jolly||M|||50|]Rotom-Wash||Magnet|Levitate|Thunderbolt,HydroPump,Electroweb,Protect|Modest|||||50|]Sinistcha||OccaBerry|Hospitality|TrickRoom,ShadowBall,RagePowder,MatchaGotcha|Calm|||||50|]Kingambit||FocusSash|Defiant|KowtowCleave,SuckerPunch,IronHead,Protect|Adamant||F|||50|
|showteam|p2|Blastoise||Blastoisinite|Torrent|WaterSpout,ShellSmash,DarkPulse,Protect|Modest||F|||50|]Maushold-Four||FocusSash|FriendGuard|SuperFang,FollowMe,Feint,Protect|Jolly|||||50|]Sneasler||WhiteHerb|Unburden|DireClaw,CloseCombat,FakeOut,QuickGuard|Jolly||M|||50|]Sinistcha||SitrusBerry|Hospitality|MatchaGotcha,RagePowder,TrickRoom,LifeDew|Bold|||||50|]Delphox||Delphoxite|Blaze|HeatWave,NastyPlot,Psyshock,Protect|Modest||F|||50|]Kingambit||BlackGlasses|Defiant|KowtowCleave,SuckerPunch,IronHead,Protect|Adamant||M|||50|
|
|t:|1783815291
|teamsize|p1|4
|teamsize|p2|4
|start
|switch|p1a: BIRDD|Talonflame, L50, M|100/100
|switch|p1b: $70 flutter|Floette-Eternal, L50, F|100/100
|switch|p2a: Blastoise|Blastoise, L50, F|100/100
|switch|p2b: Sneasler|Sneasler, L50, M|100/100
|turn|1
|
|t:|1783815299
|detailschange|p1b: $70 flutter|Floette-Mega, L50, F
|-mega|p1b: $70 flutter|Floette|Floettite
|-ability|p1b: $70 flutter|Fairy Aura
|detailschange|p2a: Blastoise|Blastoise-Mega, L50, F
|-mega|p2a: Blastoise|Blastoise|Blastoisinite
|move|p2b: Sneasler|Fake Out|p1b: $70 flutter
|-damage|p1b: $70 flutter|82/100
|move|p1a: BIRDD|Dual Wingbeat|p2b: Sneasler
|-supereffective|p2b: Sneasler|1
|-damage|p2b: Sneasler|29/100
|-supereffective|p2b: Sneasler|1
|-damage|p2b: Sneasler|0 fnt
|faint|p2b: Sneasler
|-hitcount|p2: Sneasler|2
|cant|p1b: $70 flutter|flinch
|move|p2a: Blastoise|Water Spout|p1a: BIRDD|[spread] p1a,p1b
|-supereffective|p1a: BIRDD|1
|-damage|p1a: BIRDD|0 fnt
|-damage|p1b: $70 flutter|29/100
|faint|p1a: BIRDD
|
|upkeep
|
|t:|1783815313
|switch|p1a: Laundry List|Rotom-Wash, L50, shiny|100/100
|switch|p2b: Sinistcha|Sinistcha, L50|100/100
|turn|2
|
|t:|1783815320
|move|p2a: Blastoise|Protect|p2a: Blastoise
|-singleturn|p2a: Blastoise|Protect
|move|p1b: $70 flutter|Light of Ruin|p2b: Sinistcha
|-damage|p2b: Sinistcha|0 fnt
|faint|p2b: Sinistcha
|-damage|p1b: $70 flutter|0 fnt|[from] Recoil
|faint|p1b: $70 flutter
|move|p1a: Laundry List|Thunderbolt|p2a: Blastoise
|-activate|p2a: Blastoise|move: Protect
|
|upkeep
|
|t:|1783815329
|switch|p1b: jarchomp|Garchomp, L50, M|100/100
|switch|p2b: Kingambit|Kingambit, L50, M|100/100
|turn|3
|
|t:|1783815340
|move|p2a: Blastoise|Protect|p2a: Blastoise
|-singleturn|p2a: Blastoise|Protect
|move|p1b: jarchomp|Earthquake|p2a: Blastoise|[spread] p2b
|-activate|p2a: Blastoise|move: Protect
|-immune|p1a: Laundry List|[from] ability: Levitate
|-supereffective|p2b: Kingambit|1
|-damage|p2b: Kingambit|9/100
|-damage|p1b: jarchomp|90/100|[from] item: Life Orb
|move|p1a: Laundry List|Thunderbolt|p2a: Blastoise
|-activate|p2a: Blastoise|move: Protect
|move|p2b: Kingambit|Kowtow Cleave|p1a: Laundry List
|-damage|p1a: Laundry List|42/100
|
|upkeep
|turn|4
|
|t:|1783815367
|move|p2b: Kingambit|Sucker Punch|p1a: Laundry List
|-damage|p1a: Laundry List|0 fnt
|faint|p1a: Laundry List
|move|p1b: jarchomp|Earthquake|p2a: Blastoise|[spread] p2a,p2b
|-supereffective|p2b: Kingambit|1
|-damage|p2a: Blastoise|49/100
|-damage|p2b: Kingambit|0 fnt
|faint|p2b: Kingambit
|-damage|p1b: jarchomp|80/100|[from] item: Life Orb
|move|p2a: Blastoise|Shell Smash|p2a: Blastoise
|-unboost|p2a: Blastoise|def|1
|-unboost|p2a: Blastoise|spd|1
|-boost|p2a: Blastoise|atk|2
|-boost|p2a: Blastoise|spa|2
|-boost|p2a: Blastoise|spe|2
|
|upkeep
|turn|5
|
|t:|1783815376
|move|p2a: Blastoise|Dark Pulse|p1b: jarchomp
|-damage|p1b: jarchomp|0 fnt
|faint|p1b: jarchomp
|
|win|Inferno prodigy
|raw|castoriceball's rating: 1339 → 1319(-20 for losing)
|raw|Inferno prodigy's rating: 1338 → 1358(+20 for winning)
