|j|‽Juaner95
|j|☆ground tera
|html|Juaner95ground tera    
|uhtml|bestof|Game 2 of a best-of-3
|t:|1784312396
|gametype|doubles
|player|p1|Juaner95|ash-hoenn|1140
|player|p2|ground tera|2|1270
|gen|9
|tier|[Gen 9 Champions] VGC 2026 Reg M-B (Bo3)
|rated|
|rule|Species Clause: Limit one of each Pokémon
|rule|Item Clause: Limit 1 of each item
|clearpoke
|poke|p1|Scrafty, L50, M|
|poke|p1|Vileplume, L50, M, shiny|
|poke|p1|Oranguru, L50, M|
|poke|p1|Torkoal, L50, F, shiny|
|poke|p1|Gholdengo, L50, shiny|
|poke|p1|Lucario, L50, M|
|poke|p2|Floette-Eternal, L50, F|
|poke|p2|Gyarados, L50, M|
|poke|p2|Sneasler, L50, F|
|poke|p2|Incineroar, L50, M|
|poke|p2|Sinistcha, L50|
|poke|p2|Garchomp, L50, M|
|teampreview|4
|showteam|p1|Scrafty||Scraftinite|Intimidate|FakeOut,KnockOff,DrainPunch,RockSlide|Brave||M|||50|]Vileplume||FocusSash|Chlorophyll|AfterYou,SludgeBomb,LeafStorm,Protect|Modest||M|||50|]Oranguru||MentalHerb|InnerFocus|Instruct,Encore,TrickRoom,Protect|Bold||M|||50|]Torkoal||Charcoal|Drought|Eruption,EarthPower,HeatWave,Protect|Quiet||F|||50|]Gholdengo||LifeOrb|GoodasGold|ShadowBall,MakeItRain,NastyPlot,Protect|Timid|||||50|]Lucario||ChoiceScarf|InnerFocus|FinalGambit,HelpingHand,SunnyDay,HealPulse|Timid||M|||50|
|showteam|p2|Floette-Eternal||Floettite|FlowerVeil|Protect,CalmMind,Moonblast,DazzlingGleam|Modest||F|||50|]Gyarados||Gyaradosite|Moxie|Protect,DragonDance,Waterfall,Crunch|Adamant||M|||50|]Sneasler||FocusSash|Unburden|FakeOut,DireClaw,CloseCombat,Coaching|Naive||F|||50|]Incineroar||ShucaBerry|Intimidate|FakeOut,PartingShot,FlareBlitz,ThroatChop|Impish||M|||50|]Sinistcha||SitrusBerry|Hospitality|Protect,MatchaGotcha,RagePowder,TrickRoom|Bold|||||50|]Garchomp||LifeOrb|RoughSkin|Protect,StompingTantrum,RockSlide,DragonClaw|Jolly||M|||50|
|inactive|Battle timer is ON: inactive players will automatically lose when time's up. (requested by ground tera)
|inactive|Juaner95 has 60 seconds left.
|inactive|ground tera has 60 seconds left.
|inactive|Juaner95 has 30 seconds left.
|inactive|ground tera has 30 seconds left.
|
|t:|1784312465
|teamsize|p1|4
|teamsize|p2|4
|start
|switch|p1a: Lucario|Lucario, L50, M|100/100
|switch|p1b: Torkoal|Torkoal, L50, F, shiny|100/100
|switch|p2a: Sneasler|Sneasler, L50, F|100/100
|switch|p2b: Incineroar|Incineroar, L50, M|100/100
|-ability|p2b: Incineroar|Intimidate|boost
|-fail|p1a: Lucario|unboost|Attack|[from] ability: Inner Focus|[of] p1a: Lucario
|-unboost|p1b: Torkoal|atk|1
|-weather|SunnyDay|[from] ability: Drought|[of] p1b: Torkoal
|turn|1
|inactive|ground tera has 30 seconds left.
|inactive|ground tera has 20 seconds left.
|
|t:|1784312504
|move|p1b: Torkoal|Protect|p1b: Torkoal
|-singleturn|p1b: Torkoal|Protect
|move|p1a: Lucario|Final Gambit|p2b: Incineroar
|-damage|p2b: Incineroar|12/100
|faint|p1a: Lucario
|move|p2a: Sneasler|Close Combat|p1b: Torkoal
|-activate|p1b: Torkoal|move: Protect
|move|p2b: Incineroar|Parting Shot|p1b: Torkoal
|-activate|p1b: Torkoal|move: Protect
|
|-weather|SunnyDay|[upkeep]
|upkeep
|
|t:|1784312513
|switch|p1a: Vileplume|Vileplume, L50, M, shiny|100/100
|turn|2
|
|t:|1784312521
|switch|p2a: Sinistcha|Sinistcha, L50|100/100
|-heal|p2b: Incineroar|37/100|[from] ability: Hospitality|[of] p2a: Sinistcha
|move|p1a: Vileplume|After You|p1b: Torkoal
|-activate|p1b: Torkoal|move: After You
|move|p1b: Torkoal|Eruption|p2a: Sinistcha|[spread] p2a,p2b
|-supereffective|p2a: Sinistcha|1
|-crit|p2a: Sinistcha
|-resisted|p2b: Incineroar|1
|-damage|p2a: Sinistcha|0 fnt
|-damage|p2b: Incineroar|0 fnt
|faint|p2a: Sinistcha
|faint|p2b: Incineroar
|
|-weather|SunnyDay|[upkeep]
|upkeep
|
|t:|1784312529
|switch|p2b: Sneasler|Sneasler, L50, F|100/100
|switch|p2a: Gyarados|Gyarados, L50, M|100/100
|turn|3
|
|t:|1784312537
|move|p1a: Vileplume|Protect|p1a: Vileplume
|-singleturn|p1a: Vileplume|Protect
|move|p1b: Torkoal|Protect|p1b: Torkoal
|-singleturn|p1b: Torkoal|Protect
|move|p2b: Sneasler|Fake Out|p1a: Vileplume
|-activate|p1a: Vileplume|move: Protect
|move|p2a: Gyarados|Dragon Dance|p2a: Gyarados
|-boost|p2a: Gyarados|atk|1
|-boost|p2a: Gyarados|spe|1
|
|-weather|SunnyDay|[upkeep]
|upkeep
|turn|4
|inactive|ground tera has 30 seconds left.
|
|t:|1784312565
|move|p1a: Vileplume|After You|p1b: Torkoal
|-activate|p1b: Torkoal|move: After You
|move|p1b: Torkoal|Eruption|p2b: Sneasler|[spread] p2a,p2b
|-resisted|p2a: Gyarados|1
|-damage|p2a: Gyarados|62/100
|-enditem|p2b: Sneasler|Focus Sash
|-damage|p2b: Sneasler|1/100
|move|p2b: Sneasler|Coaching|p2a: Gyarados
|-boost|p2a: Gyarados|atk|1
|-boost|p2a: Gyarados|def|1
|move|p2a: Gyarados|Waterfall|p1b: Torkoal
|-supereffective|p1b: Torkoal|1
|-damage|p1b: Torkoal|42/100
|
|-weather|SunnyDay|[upkeep]
|upkeep
|turn|5
|
|t:|1784312580
|move|p2b: Sneasler|Dire Claw|p1a: Vileplume
|-damage|p1a: Vileplume|42/100
|move|p1a: Vileplume|After You|p1b: Torkoal
|-activate|p1b: Torkoal|move: After You
|move|p1b: Torkoal|Heat Wave|p2b: Sneasler|[spread] p2a,p2b
|-resisted|p2a: Gyarados|1
|-damage|p2a: Gyarados|38/100
|-damage|p2b: Sneasler|0 fnt
|faint|p2b: Sneasler
|move|p2a: Gyarados|Crunch|p1a: Vileplume
|-damage|p1a: Vileplume|0 fnt
|faint|p1a: Vileplume
|-ability|p2a: Gyarados|Moxie|boost
|-boost|p2a: Gyarados|atk|1
|
|-weather|none
|upkeep
|
|t:|1784312594
|switch|p1a: Scrafty|Scrafty, L50, M|100/100
|-ability|p1a: Scrafty|Intimidate|boost
|-unboost|p2a: Gyarados|atk|1
|turn|6
|
|t:|1784312604
|detailschange|p1a: Scrafty|Scrafty-Mega, L50, M
|-mega|p1a: Scrafty|Scrafty|Scraftinite
|-ability|p1a: Scrafty|Intimidate|boost
|-unboost|p2a: Gyarados|atk|1
|move|p2a: Gyarados|Protect|p2a: Gyarados
|-singleturn|p2a: Gyarados|Protect
|move|p1a: Scrafty|Fake Out|p2a: Gyarados
|-activate|p2a: Gyarados|move: Protect
|move|p1b: Torkoal|Heat Wave|p2a: Gyarados
|-activate|p2a: Gyarados|move: Protect
|
|upkeep
|turn|7
|
|t:|1784312618
|move|p2a: Gyarados|Waterfall|p1b: Torkoal
|-supereffective|p1b: Torkoal|1
|-damage|p1b: Torkoal|0 fnt
|faint|p1b: Torkoal
|-ability|p2a: Gyarados|Moxie|boost
|-boost|p2a: Gyarados|atk|1
|move|p1a: Scrafty|Rock Slide|p2a: Gyarados
|-supereffective|p2a: Gyarados|1
|-damage|p2a: Gyarados|2/100
|
|upkeep
|turn|8
|inactive|Juaner95 has 30 seconds left.
|inactive|Juaner95 has 20 seconds left.
|
|t:|1784312654
|detailschange|p2a: Gyarados|Gyarados-Mega, L50, M
|-mega|p2a: Gyarados|Gyarados|Gyaradosite
|-ability|p2a: Gyarados|Mold Breaker
|move|p2a: Gyarados|Waterfall|p1a: Scrafty
|-damage|p1a: Scrafty|28/100
|move|p1a: Scrafty|Drain Punch|p2a: Gyarados
|-supereffective|p2a: Gyarados|1
|-damage|p2a: Gyarados|0 fnt
|-heal|p1a: Scrafty|29/100|[from] drain|[of] p2a: Gyarados
|faint|p2a: Gyarados
|
|win|Juaner95
|inactive|Juaner95 has 30 seconds to confirm battle start!
|inactive|ground tera has 30 seconds to confirm battle start!
