|j|☆mikelpoyarzabal
|j|☆HikariRock
|html|mikelpoyarzabalHikariRock    
|uhtml|bestof|Game 1 of a best-of-3
|t:|1783610414
|gametype|doubles
|player|p1|mikelpoyarzabal|arven-s|1316
|player|p2|HikariRock|riley|1254
|gen|9
|tier|[Gen 9 Champions] VGC 2026 Reg M-B (Bo3)
|rated|
|rule|Species Clause: Limit one of each Pokémon
|rule|Item Clause: Limit 1 of each item
|clearpoke
|poke|p1|Incineroar, L50, M|
|poke|p1|Sinistcha, L50|
|poke|p1|Sneasler, L50, F|
|poke|p1|Blastoise, L50, F|
|poke|p1|Delphox, L50, F|
|poke|p1|Kingambit, L50, M|
|poke|p2|Tyranitar, L50, F|
|poke|p2|Excadrill, L50, F|
|poke|p2|Staraptor, L50, F|
|poke|p2|Sylveon, L50, M|
|poke|p2|Sinistcha, L50|
|poke|p2|Rotom-Wash, L50|
|teampreview|4
|showteam|p1|Incineroar||SitrusBerry|Intimidate|FakeOut,FlareBlitz,DarkestLariat,PartingShot|Impish||M|||50|]Sinistcha||OccaBerry|Hospitality|MatchaGotcha,TrickRoom,RagePowder,Protect|Bold|||||50|]Sneasler||FocusSash|PoisonTouch|FakeOut,CloseCombat,PoisonJab,RockTomb|Jolly||F|||50|]Blastoise||Blastoisinite|Torrent|WaterSpout,DarkPulse,ShellSmash,Protect|Modest||F|||50|]Delphox||Delphoxite|Blaze|HeatWave,Psychic,NastyPlot,Protect|Timid||F|||50|]Kingambit||LifeOrb|Defiant|SwordsDance,Protect,KowtowCleave,SuckerPunch|Adamant||M|||50|
|showteam|p2|Tyranitar||Tyranitarite|SandStream|RockSlide,KnockOff,LowKick,Protect|Adamant||F|||50|]Excadrill||FocusSash|SandRush|Earthquake,IronHead,RockSlide,Protect|Adamant||F|||50|]Staraptor||Staraptite|Intimidate|BraveBird,CloseCombat,Tailwind,Protect|Jolly||F|||50|]Sylveon||LifeOrb|Pixilate|HyperBeam,HyperVoice,QuickAttack,Detect|Modest||M|||50|]Sinistcha||KasibBerry|Hospitality|MatchaGotcha,TrickRoom,Protect,RagePowder|Bold|||||50|]Rotom-Wash||SitrusBerry|Levitate|HydroPump,Thunderbolt,WillOWisp,Protect|Modest|||||50|
|inactive|Battle timer is ON: inactive players will automatically lose when time's up. (requested by mikelpoyarzabal)
|
|t:|1783610437
|teamsize|p1|4
|teamsize|p2|4
|start
|switch|p1a: Incineroar|Incineroar, L50, M|100/100
|switch|p1b: Blastoise|Blastoise, L50, F|100/100
|switch|p2a: Rotom|Rotom-Wash, L50|100/100
|switch|p2b: Staraptor|Staraptor, L50, F|100/100
|-ability|p2b: Staraptor|Intimidate|boost
|-unboost|p1a: Incineroar|atk|1
|-unboost|p1b: Blastoise|atk|1
|-ability|p1a: Incineroar|Intimidate|boost
|-unboost|p2a: Rotom|atk|1
|-unboost|p2b: Staraptor|atk|1
|turn|1
|
|t:|1783610447
|detailschange|p2b: Staraptor|Staraptor-Mega, L50, F
|-mega|p2b: Staraptor|Staraptor|Staraptite
|detailschange|p1b: Blastoise|Blastoise-Mega, L50, F
|-mega|p1b: Blastoise|Blastoise|Blastoisinite
|move|p2a: Rotom|Protect|p2a: Rotom
|-singleturn|p2a: Rotom|Protect
|move|p1a: Incineroar|Fake Out|p2a: Rotom
|-activate|p2a: Rotom|move: Protect
|move|p2b: Staraptor|Tailwind|p2b: Staraptor
|-sidestart|p2: HikariRock|move: Tailwind
|move|p1b: Blastoise|Shell Smash|p1b: Blastoise
|-unboost|p1b: Blastoise|def|1
|-unboost|p1b: Blastoise|spd|1
|-boost|p1b: Blastoise|atk|2
|-boost|p1b: Blastoise|spa|2
|-boost|p1b: Blastoise|spe|2
|
|upkeep
|turn|2
|
|t:|1783610463
|switch|p1a: Sinistcha|Sinistcha, L50|100/100
|move|p1b: Blastoise|Protect|p1b: Blastoise
|-singleturn|p1b: Blastoise|Protect
|move|p2b: Staraptor|Close Combat|p1b: Blastoise
|-activate|p1b: Blastoise|move: Protect
|move|p2a: Rotom|Hydro Pump|p1a: Sinistcha
|-resisted|p1a: Sinistcha|1
|-damage|p1a: Sinistcha|77/100
|
|upkeep
|turn|3
|inactive|mikelpoyarzabal has 30 seconds left.
|
|t:|1783610497
|move|p1a: Sinistcha|Rage Powder|p1a: Sinistcha
|-singleturn|p1a: Sinistcha|move: Rage Powder
|move|p2b: Staraptor|Brave Bird|p1a: Sinistcha
|-supereffective|p1a: Sinistcha|1
|-damage|p1a: Sinistcha|5/100
|-damage|p2b: Staraptor|74/100|[from] Recoil
|move|p1b: Blastoise|Water Spout|p2b: Staraptor|[spread] p2a,p2b
|-resisted|p2a: Rotom|1
|-damage|p2a: Rotom|31/100
|-damage|p2b: Staraptor|0 fnt
|-enditem|p2a: Rotom|Sitrus Berry|[eat]
|-heal|p2a: Rotom|56/100|[from] item: Sitrus Berry
|faint|p2b: Staraptor
|move|p2a: Rotom|Thunderbolt|p1a: Sinistcha
|-resisted|p1a: Sinistcha|1
|-damage|p1a: Sinistcha|0 fnt
|faint|p1a: Sinistcha
|
|upkeep
|inactive|mikelpoyarzabal has 30 seconds left.
|
|t:|1783610523
|switch|p2b: Sinistcha|Sinistcha, L50|100/100
|switch|p1a: Incineroar|Incineroar, L50, M|100/100
|-ability|p1a: Incineroar|Intimidate|boost
|-unboost|p2a: Rotom|atk|1
|-unboost|p2b: Sinistcha|atk|1
|-heal|p2a: Rotom|81/100|[from] ability: Hospitality|[of] p2b: Sinistcha
|turn|4
|
|t:|1783610543
|switch|p2b: Tyranitar|Tyranitar, L50, F|100/100
|-weather|Sandstorm|[from] ability: Sand Stream|[of] p2b: Tyranitar
|switch|p1a: Sneasler|Sneasler, L50, F|100/100
|move|p1b: Blastoise|Protect|p1b: Blastoise
|-singleturn|p1b: Blastoise|Protect
|move|p2a: Rotom|Protect||[still]
|-fail|p2a: Rotom
|
|-weather|Sandstorm|[upkeep]
|-damage|p1b: Blastoise|94/100|[from] Sandstorm
|-damage|p2a: Rotom|75/100|[from] Sandstorm
|-damage|p1a: Sneasler|94/100|[from] Sandstorm
|-sideend|p2: HikariRock|move: Tailwind
|upkeep
|turn|5
|
|t:|1783610558
|switch|p2b: Sinistcha|Sinistcha, L50|100/100
|-heal|p2a: Rotom|100/100|[from] ability: Hospitality|[of] p2b: Sinistcha
|move|p1a: Sneasler|Fake Out|p2a: Rotom
|-damage|p2a: Rotom|83/100
|move|p1b: Blastoise|Water Spout|p2a: Rotom|[spread] p2a,p2b
|-resisted|p2a: Rotom|1
|-resisted|p2b: Sinistcha|1
|-damage|p2a: Rotom|19/100
|-damage|p2b: Sinistcha|35/100
|cant|p2a: Rotom|flinch
|
|-weather|Sandstorm|[upkeep]
|-damage|p1b: Blastoise|88/100|[from] Sandstorm
|-damage|p1a: Sneasler|88/100|[from] Sandstorm
|-damage|p2a: Rotom|14/100|[from] Sandstorm
|-damage|p2b: Sinistcha|29/100|[from] Sandstorm
|upkeep
|turn|6
|
|t:|1783610571
|move|p1b: Blastoise|Water Spout|p2b: Sinistcha|[spread] p2a,p2b
|-resisted|p2a: Rotom|1
|-resisted|p2b: Sinistcha|1
|-damage|p2a: Rotom|0 fnt
|-damage|p2b: Sinistcha|0 fnt
|faint|p2a: Rotom
|faint|p2b: Sinistcha
|move|p1a: Sneasler|Poison Jab|p2: Rotom|[notarget]
|-fail|p1a: Sneasler
|
|-weather|Sandstorm|[upkeep]
|-damage|p1b: Blastoise|82/100|[from] Sandstorm
|-damage|p1a: Sneasler|82/100|[from] Sandstorm
|upkeep
|-message|HikariRock forfeited.
|
|win|mikelpoyarzabal
