|j|☆Stagzy
|j|☆lunalotll
|html|Stagzylunalotll    
|uhtml|bestof|Game 2 of a best-of-3
|t:|1783402320
|gametype|doubles
|player|p1|Stagzy|1|1130
|player|p2|lunalotll|lana|1200
|gen|9
|tier|[Gen 9 Champions] VGC 2026 Reg M-B (Bo3)
|rated|
|rule|Species Clause: Limit one of each Pokémon
|rule|Item Clause: Limit 1 of each item
|clearpoke
|poke|p1|Swampert, L50, F|
|poke|p1|Archaludon, L50, F|
|poke|p1|Gallade, L50, M|
|poke|p1|Pelipper, L50, M|
|poke|p1|Vivillon, L50, M|
|poke|p1|Serperior, L50, F|
|poke|p2|Mawile, L50, M|
|poke|p2|Farigiraf, L50, M|
|poke|p2|Primarina, L50, F|
|poke|p2|Sableye, L50, F|
|poke|p2|Pelipper, L50, F|
|poke|p2|Sinistcha, L50|
|teampreview|4
|showteam|p1|Swampert||Swampertite|Torrent|WaveCrash,HighHorsepower,IcePunch,Protect|Adamant||F|||50|]Archaludon||SitrusBerry|Stamina|ElectroShot,FlashCannon,Protect,DragonPulse|Modest||F|||50|]Gallade||ExpertBelt|Sharpness|LeafBlade,SacredSword,PsychoCut,Protect|Adamant||M|||50|]Pelipper||DampRock|Drizzle|Tailwind,WideGuard,Hurricane,WeatherBall|Modest||M|||50|]Vivillon||FocusSash|CompoundEyes|Protect,RagePowder,Hurricane,SleepPowder|Timid||M|||50|]Serperior||WideLens|Contrary|LeafStorm,Protect,DragonPulse,Glare|Timid||F|||50|
|showteam|p2|Mawile||Mawilite|Intimidate|IronHead,SuckerPunch,SwordsDance,Protect|Adamant||M|||50|]Farigiraf||SitrusBerry|ArmorTail|Psychic,HelpingHand,TrickRoom,Protect|Relaxed||M|||50|]Primarina||LifeOrb|LiquidVoice|HyperVoice,Moonblast,EnergyBall,Protect|Modest||F|||50|]Sableye||MentalHerb|Prankster|Encore,RainDance,Reflect,LightScreen|Calm||F|||50|]Pelipper||FocusSash|Drizzle|Hurricane,WeatherBall,Tailwind,WideGuard|Modest||F|||50|]Sinistcha||ColburBerry|Hospitality|MatchaGotcha,RagePowder,LifeDew,Protect|Bold|||||50|
|inactive|Battle timer is ON: inactive players will automatically lose when time's up. (requested by lunalotll)
|inactive|Stagzy has 60 seconds left.
|inactive|lunalotll has 60 seconds left.
|c|☆lunalotll|hey wait didn't i fight you with a different team literally an hour ago
|
|t:|1783402377
|teamsize|p1|4
|teamsize|p2|4
|start
|switch|p1a: Swampert|Swampert, L50, F|100/100
|switch|p1b: Pelipper|Pelipper, L50, M|100/100
|switch|p2a: Primmy|Primarina, L50, F|100/100
|switch|p2b: Farigiraf|Farigiraf, L50, M|100/100
|-weather|RainDance|[from] ability: Drizzle|[of] p1b: Pelipper
|turn|1
|inactive|Stagzy has 30 seconds left.
|
|t:|1783402408
|switch|p1a: Archaludon|Archaludon, L50, F|100/100
|move|p1b: Pelipper|Hurricane|p2b: Farigiraf
|-damage|p2b: Farigiraf|52/100
|move|p2a: Primmy|Energy Ball|p1a: Archaludon
|-resisted|p1a: Archaludon|2
|-damage|p1a: Archaludon|89/100
|-ability|p1a: Archaludon|Stamina|boost
|-boost|p1a: Archaludon|def|1
|-damage|p2a: Primmy|90/100|[from] item: Life Orb
|move|p2b: Farigiraf|Trick Room|p2b: Farigiraf
|-fieldstart|move: Trick Room|[of] p2b: Farigiraf
|
|-weather|RainDance|[upkeep]
|upkeep
|turn|2
|inactive|lunalotll has 30 seconds left.
|
|t:|1783402435
|switch|p2b: Sinistcha|Sinistcha, L50|100/100
|-heal|p2a: Primmy|100/100|[from] ability: Hospitality|[of] p2b: Sinistcha
|move|p2a: Primmy|Protect|p2a: Primmy
|-singleturn|p2a: Primmy|Protect
|move|p1b: Pelipper|Wide Guard|p1b: Pelipper
|-singleturn|p1b: Pelipper|Wide Guard
|move|p1a: Archaludon|Electro Shot||[still]
|-prepare|p1a: Archaludon|Electro Shot
|-boost|p1a: Archaludon|spa|1
|-anim|p1a: Archaludon|Electro Shot|p2a: Primmy
|-activate|p2a: Primmy|move: Protect
|
|-weather|RainDance|[upkeep]
|upkeep
|turn|3
|inactive|Stagzy has 30 seconds left.
|
|t:|1783402466
|switch|p2b: Mawile|Mawile, L50, M|100/100
|-ability|p2b: Mawile|Intimidate|boost
|-unboost|p1a: Archaludon|atk|1
|-unboost|p1b: Pelipper|atk|1
|move|p2a: Primmy|Moonblast|p1a: Archaludon
|-damage|p1a: Archaludon|23/100
|-ability|p1a: Archaludon|Stamina|boost
|-boost|p1a: Archaludon|def|1
|-enditem|p1a: Archaludon|Sitrus Berry|[eat]
|-heal|p1a: Archaludon|48/100|[from] item: Sitrus Berry
|-damage|p2a: Primmy|90/100|[from] item: Life Orb
|move|p1a: Archaludon|Flash Cannon|p2b: Mawile
|-damage|p2b: Mawile|0 fnt
|faint|p2b: Mawile
|move|p1b: Pelipper|Hurricane|p2a: Primmy
|-damage|p2a: Primmy|50/100g
|
|-weather|RainDance|[upkeep]
|upkeep
|inactive|lunalotll has 30 seconds left.
|
|t:|1783402498
|switch|p2b: Sinistcha|Sinistcha, L50|100/100
|-heal|p2a: Primmy|74/100|[from] ability: Hospitality|[of] p2b: Sinistcha
|turn|4
|inactive|Stagzy has 30 seconds left.
|
|t:|1783402529
|move|p1a: Archaludon|Protect|p1a: Archaludon
|-singleturn|p1a: Archaludon|Protect
|move|p2a: Primmy|Moonblast|p1b: Pelipper
|-damage|p1b: Pelipper|0 fnt
|faint|p1b: Pelipper
|-damage|p2a: Primmy|65/100|[from] item: Life Orb
|move|p2b: Sinistcha|Life Dew||[still]|[spread] p2a,p2b
|-heal|p2a: Primmy|90/100
|-fail|p2b: Sinistcha|heal
|
|-weather|RainDance|[upkeep]
|upkeep
|
|t:|1783402540
|switch|p1b: Gallade|Gallade, L50, M|100/100
|turn|5
|inactive|Stagzy has 30 seconds left.
|inactive|Stagzy has 20 seconds left.
|
|t:|1783402576
|switch|p2b: Farigiraf|Farigiraf, L50, M|52/100
|switch|p1a: Swampert|Swampert, L50, F|100/100
|move|p2a: Primmy|Moonblast|p1b: Gallade
|-supereffective|p1b: Gallade|1
|-damage|p1b: Gallade|0 fnt
|faint|p1b: Gallade
|-damage|p2a: Primmy|80/100|[from] item: Life Orb
|
|-weather|RainDance|[upkeep]
|-fieldend|move: Trick Room
|upkeep
|
|t:|1783402582
|switch|p1b: Archaludon|Archaludon, L50, F|48/100
|turn|6
|
|t:|1783402607
|detailschange|p1a: Swampert|Swampert-Mega, L50, F
|-mega|p1a: Swampert|Swampert|Swampertite
|move|p1a: Swampert|Ice Punch|p2b: Farigiraf
|-damage|p2b: Farigiraf|29/100
|-enditem|p2b: Farigiraf|Sitrus Berry|[eat]
|-heal|p2b: Farigiraf|54/100|[from] item: Sitrus Berry
|move|p1b: Archaludon|Electro Shot||[still]
|-prepare|p1b: Archaludon|Electro Shot
|-boost|p1b: Archaludon|spa|1
|-anim|p1b: Archaludon|Electro Shot|p2a: Primmy
|-supereffective|p2a: Primmy|1
|-damage|p2a: Primmy|0 fnt
|faint|p2a: Primmy
|move|p2b: Farigiraf|Trick Room|p2b: Farigiraf
|-fieldstart|move: Trick Room|[of] p2b: Farigiraf
|
|-weather|RainDance|[upkeep]
|upkeep
|
|t:|1783402620
|switch|p2a: Sinistcha|Sinistcha, L50|100/100
|-heal|p2b: Farigiraf|79/100|[from] ability: Hospitality|[of] p2a: Sinistcha
|turn|7
|
|t:|1783402639
|move|p2b: Farigiraf|Psychic|p1b: Archaludon
|-resisted|p1b: Archaludon|1
|-damage|p1b: Archaludon|29/100
|-ability|p1b: Archaludon|Stamina|boost
|-boost|p1b: Archaludon|def|1
|move|p2a: Sinistcha|Matcha Gotcha|p1a: Swampert|[spread] p1a,p1b
|-supereffective|p1a: Swampert|2
|-resisted|p1b: Archaludon|2
|-damage|p1a: Swampert|9/100
|-damage|p1b: Archaludon|23/100
|-status|p1a: Swampert|brn
|-status|p1b: Archaludon|brn
|-ability|p1b: Archaludon|Stamina|boost
|-boost|p1b: Archaludon|def|1
|move|p1b: Archaludon|Flash Cannon|p2a: Sinistcha
|-damage|p2a: Sinistcha|35/100
|move|p1a: Swampert|Ice Punch|p2a: Sinistcha
|-supereffective|p2a: Sinistcha|1
|-damage|p2a: Sinistcha|12/100
|
|-weather|RainDance|[upkeep]
|-damage|p1b: Archaludon|17/100 brn|[from] brn
|-damage|p1a: Swampert|3/100 brn|[from] brn
|upkeep
|turn|8
|c|☆Stagzy|are we serious
|inactive|Stagzy has 30 seconds left.
|inactive|lunalotll has 30 seconds left.
|c|☆lunalotll|tbf
|inactive|lunalotll has 20 seconds left.
|inactive|lunalotll has 15 seconds left.
|c|☆lunalotll|i dont think it matters
|inactive|lunalotll has 10 seconds left.
|
|t:|1783402688
|move|p2b: Farigiraf|Psychic|p1b: Archaludon
|-resisted|p1b: Archaludon|1
|-damage|p1b: Archaludon|2/100 brn
|-unboost|p1b: Archaludon|spd|1
|-ability|p1b: Archaludon|Stamina|boost
|-boost|p1b: Archaludon|def|1
|move|p2a: Sinistcha|Matcha Gotcha|p1a: Swampert|[spread] p1a
|-miss|p2a: Sinistcha|p1b: Archaludon
|-supereffective|p1a: Swampert|2
|-damage|p1a: Swampert|0 fnt
|-heal|p2a: Sinistcha|14/100|[from] drain|[of] p1a: Swampert
|faint|p1a: Swampert
|move|p1b: Archaludon|Flash Cannon|p2a: Sinistcha
|-damage|p2a: Sinistcha|0 fnt
|faint|p2a: Sinistcha
|
|-weather|none
|-damage|p1b: Archaludon|0 fnt|[from] brn
|faint|p1b: Archaludon
|
|win|lunalotll
||Stagzy is ready for game 3.
|inactive|lunalotll has 30 seconds to confirm battle start!
|c|☆lunalotll|sinist goes goes, farig kills swamp next turn and then arach
||lunalotll is ready for game 3.
|uhtml|next|Next: Game 3 of 3
