|j|☆0n0_SERPER_0n0
|j|☆Rojo53
|html|0n0_SERPER_0n0Rojo53    
|uhtml|bestof|Game 3 of a best-of-3
|t:|1782768045
|gametype|doubles
|player|p1|0n0_SERPER_0n0|169|
|player|p2|Rojo53|266|
|gen|9
|tier|[Gen 9 Champions] VGC 2026 Reg M-B (Bo3)
|rule|Species Clause: Limit one of each Pokémon
|rule|Item Clause: Limit 1 of each item
|clearpoke
|poke|p1|Whimsicott, L50, F, shiny|
|poke|p1|Metagross, L50|
|poke|p1|Garchomp, L50, F, shiny|
|poke|p1|Kingambit, L50, F|
|poke|p1|Sylveon, L50, M, shiny|
|poke|p1|Charizard, L50, M|
|poke|p2|Meganium, L50, F|
|poke|p2|Kingambit, L50, M|
|poke|p2|Sneasler, L50, F|
|poke|p2|Hydreigon, L50, M|
|poke|p2|Delphox, L50, M|
|poke|p2|Farigiraf, L50, F|
|teampreview|4
|showteam|p1|Whimsicott||MentalHerb|Prankster|Moonblast,Tailwind,Encore,Protect|Timid||F|||50|]Metagross||Metagrossite|ClearBody|IronHead,PsychicFangs,BodyPress,Protect|Jolly|||||50|]Garchomp||LifeOrb|RoughSkin|DragonClaw,StompingTantrum,RockSlide,Protect|Jolly||F|||50|]Kingambit||FocusSash|Defiant|SuckerPunch,KowtowCleave,IronHead,LowKick|Adamant||F|||50|]Sylveon||FairyFeather|Pixilate|QuickAttack,HyperBeam,HyperVoice,Detect|Modest||M|||50|]Charizard||CharizarditeY|Blaze|HeatWave,WeatherBall,Protect,SolarBeam|Modest||M|||50|
|showteam|p2|Meganium||Meganiumite|Overgrow|WeatherBall,DazzlingGleam,SolarBeam,Protect|Modest||F|||50|]Kingambit||BlackGlasses|Defiant|KowtowCleave,SuckerPunch,IronHead,Protect|Adamant||M|||50|]Sneasler||FocusSash|Unburden|CloseCombat,DireClaw,FakeOut,Protect|Adamant||F|||50|]Hydreigon||DragonFang|Levitate|DracoMeteor,Snarl,Tailwind,Protect|Timid||M|||50|]Delphox||Delphoxite|Blaze|HeatWave,Psychic,DazzlingGleam,Protect|Timid||M|||50|]Farigiraf||SitrusBerry|ArmorTail|TwinBeam,HyperVoice,Protect,TrickRoom|Relaxed||F|||50|
|j| LaBandaDelCampeon
|j| tyho45
|j| Tenzai
|
|t:|1782768061
|teamsize|p1|4
|teamsize|p2|4
|start
|switch|p1a: Charizard|Charizard, L50, M|100/100
|switch|p1b: Chompy|Garchomp, L50, F, shiny|100/100
|switch|p2a: Delphox|Delphox, L50, M|100/100
|switch|p2b: Hydreigon|Hydreigon, L50, M|100/100
|turn|1
|j| qqisback
|j| Shiritu
|
|t:|1782768090
|switch|p1a: Luda4|Whimsicott, L50, F, shiny|100/100
|detailschange|p2a: Delphox|Delphox-Mega, L50, M
|-mega|p2a: Delphox|Delphox|Delphoxite
|move|p2a: Delphox|Dazzling Gleam|p1a: Luda4|[spread] p1a,p1b
|-supereffective|p1b: Chompy|1
|-damage|p1a: Luda4|67/100
|-damage|p1b: Chompy|52/100
|move|p1b: Chompy|Rock Slide|p2a: Delphox|[spread] p2a
|-miss|p1b: Chompy|p2b: Hydreigon
|-supereffective|p2a: Delphox|1
|-damage|p2a: Delphox|21/100
|-damage|p1b: Chompy|42/100|[from] item: Life Orb
|move|p2b: Hydreigon|Tailwind|p2b: Hydreigon
|-sidestart|p2: Rojo53|move: Tailwind
|
|upkeep
|turn|2
|
|t:|1782768122
|switch|p2b: Farigiraf|Farigiraf, L50, F|100/100
|move|p1a: Luda4|Tailwind|p1a: Luda4
|-sidestart|p1: 0n0_SERPER_0n0|move: Tailwind
|move|p2a: Delphox|Dazzling Gleam|p1a: Luda4|[spread] p1a,p1b
|-crit|p1a: Luda4
|-supereffective|p1b: Chompy|1
|-damage|p1a: Luda4|20/100y
|-damage|p1b: Chompy|0 fnt
|faint|p1b: Chompy
|
|upkeep
|
|t:|1782768132
|switch|p1b: Charizard|Charizard, L50, M|100/100
|turn|3
|
|t:|1782768152
|detailschange|p1b: Charizard|Charizard-Mega-Y, L50, M
|-mega|p1b: Charizard|Charizard|Charizardite Y
|-weather|SunnyDay|[from] ability: Drought|[of] p1b: Charizard
|move|p1a: Luda4|Protect|p1a: Luda4
|-singleturn|p1a: Luda4|Protect
|move|p2a: Delphox|Psychic|p1b: Charizard
|-damage|p1b: Charizard|50/100g
|move|p1b: Charizard|Heat Wave|p2b: Farigiraf|[spread] p2a,p2b
|-resisted|p2a: Delphox|1
|-damage|p2a: Delphox|0 fnt
|-damage|p2b: Farigiraf|40/100
|-enditem|p2b: Farigiraf|Sitrus Berry|[eat]
|-heal|p2b: Farigiraf|65/100|[from] item: Sitrus Berry
|faint|p2a: Delphox
|move|p2b: Farigiraf|Hyper Voice|p1b: Charizard|[spread] p1b
|-activate|p1a: Luda4|move: Protect
|-damage|p1b: Charizard|24/100
|
|-weather|SunnyDay|[upkeep]
|upkeep
|
|t:|1782768162
|switch|p2a: Sneasler|Sneasler, L50, F|100/100
|turn|4
|
|t:|1782768187
|move|p1a: Luda4|Protect||[still]
|-fail|p1a: Luda4
|move|p1b: Charizard|Protect|p1b: Charizard
|-singleturn|p1b: Charizard|Protect
|move|p2a: Sneasler|Fake Out|p1b: Charizard
|-activate|p1b: Charizard|move: Protect
|move|p2b: Farigiraf|Hyper Voice|p1a: Luda4|[spread] p1a
|-activate|p1b: Charizard|move: Protect
|-damage|p1a: Luda4|0 fnt
|faint|p1a: Luda4
|
|-weather|SunnyDay|[upkeep]
|-sideend|p2: Rojo53|move: Tailwind
|upkeep
|
|t:|1782768197
|switch|p1a: Kingambit|Kingambit, L50, F|100/100
|turn|5
|
|t:|1782768207
|move|p2a: Sneasler|Protect|p2a: Sneasler
|-singleturn|p2a: Sneasler|Protect
|move|p1a: Kingambit|Sucker Punch||[still]
|cant|p2b: Farigiraf|ability: Armor Tail|Sucker Punch|[of] p1a: Kingambit
|move|p1b: Charizard|Weather Ball|p2a: Sneasler
|-activate|p2a: Sneasler|move: Protect
|move|p2b: Farigiraf|Hyper Voice|p1a: Kingambit|[spread] p1a,p1b
|-resisted|p1a: Kingambit|1
|-damage|p1a: Kingambit|82/100
|-damage|p1b: Charizard|0 fnt
|faint|p1b: Charizard
|
|-weather|SunnyDay|[upkeep]
|-sideend|p1: 0n0_SERPER_0n0|move: Tailwind
|upkeep
|turn|6
|
|t:|1782768215
|move|p2a: Sneasler|Close Combat|p1a: Kingambit
|-supereffective|p1a: Kingambit|2
|-crit|p1a: Kingambit
|-damage|p1a: Kingambit|0 fnt
|-unboost|p2a: Sneasler|def|1
|-unboost|p2a: Sneasler|spd|1
|faint|p1a: Kingambit
|
|win|Rojo53
|c|☆0n0_SERPER_0n0|GG
|c|☆Rojo53|gg
|c|☆Rojo53|buena adapt
|c|☆Rojo53|not bad
|c|☆Rojo53|subelo shiritu
|c| tyho45|Holy thought u had that
|l| LaBandaDelCampeon
|c| Shiritu|Tu Rojo53
|c|☆Rojo53|bruh
|l| qqisback
