|j|☆NathanaelW19
|j|☆SourLeemon
|html|NathanaelW19SourLeemon    
|uhtml|bestof|Game 3 of a best-of-3
|t:|1782587681
|gametype|doubles
|player|p1|NathanaelW19|dragontamer|1122
|player|p2|SourLeemon|benga|1150
|gen|9
|tier|[Gen 9 Champions] VGC 2026 Reg M-B (Bo3)
|rated|
|rule|Species Clause: Limit one of each Pokémon
|rule|Item Clause: Limit 1 of each item
|clearpoke
|poke|p1|Eelektross, L50, M|
|poke|p1|Whimsicott, L50, M|
|poke|p1|Garchomp, L50, F|
|poke|p1|Basculegion, L50, M|
|poke|p1|Charizard, L50, F|
|poke|p1|Overqwil, L50, F|
|poke|p2|Torkoal, L50, F|
|poke|p2|Archaludon, L50, F|
|poke|p2|Blastoise, L50, F|
|poke|p2|Sinistcha, L50|
|poke|p2|Farigiraf, L50, F|
|poke|p2|Sableye, L50, F|
|teampreview|4
|showteam|p1|Eelektross||Eelektrossite|Levitate|Thunderbolt,DragonPulse,Flamethrower,Protect|Modest||M|||50|]Whimsicott||FocusSash|Prankster|Tailwind,Moonblast,Encore,Protect|Timid||M|||50|]Garchomp||LifeOrb|RoughSkin|Earthquake,DragonClaw,RockSlide,Protect|Jolly||F|||50|]Basculegion||ChoiceScarf|Adaptability|LastRespects,AquaJet,WaveCrash,FlipTurn|Jolly||M|||50|]Charizard||CharizarditeY|Blaze|Protect,HeatWave,WeatherBall,SolarBeam|Timid||F|||50|]Overqwil||SitrusBerry|Intimidate|GunkShot,ThroatChop,AcidSpray,Protect|Adamant||F|||50|
|showteam|p2|Torkoal||Charcoal|Drought|Protect,Eruption,BodyPress,WeatherBall|Modest||F|||50|]Archaludon||Leftovers|Stamina|Protect,ElectroShot,DracoMeteor,FlashCannon|Bold||F|||50|]Blastoise||Blastoisinite|Torrent|WaterSpout,DarkPulse,FlashCannon,ShellSmash|Modest||F|||50|]Sinistcha||ShellBell|Hospitality|MatchaGotcha,ShadowBall,RagePowder,TrickRoom|Calm|||||50|]Farigiraf||SitrusBerry|ArmorTail|HyperVoice,Psychic,HelpingHand,TrickRoom|Modest||F|||50|]Sableye||FocusSash|Prankster|FakeOut,Encore,HelpingHand,RainDance|Relaxed||F|||50|
|inactive|Battle timer is ON: inactive players will automatically lose when time's up. (requested by NathanaelW19)
|inactive|SourLeemon also wants the timer to be on.
|
|t:|1782587710
|teamsize|p1|4
|teamsize|p2|4
|start
|switch|p1a: Basculegion|Basculegion, L50, M|100/100
|switch|p1b: Charizard|Charizard, L50, F|100/100
|switch|p2a: Sableye|Sableye, L50, F|100/100
|switch|p2b: Sinistcha|Sinistcha, L50|100/100
|turn|1
|
|t:|1782587724
|detailschange|p1b: Charizard|Charizard-Mega-Y, L50, F
|-mega|p1b: Charizard|Charizard|Charizardite Y
|-weather|SunnyDay|[from] ability: Drought|[of] p1b: Charizard
|move|p2a: Sableye|Fake Out|p1b: Charizard
|-damage|p1b: Charizard|88/100
|move|p1a: Basculegion|Last Respects|p2b: Sinistcha
|-supereffective|p2b: Sinistcha|1
|-damage|p2b: Sinistcha|18/100
|cant|p1b: Charizard|flinch
|move|p2b: Sinistcha|Trick Room|p2b: Sinistcha
|-fieldstart|move: Trick Room|[of] p2b: Sinistcha
|
|-weather|SunnyDay|[upkeep]
|upkeep
|turn|2
|inactive|SourLeemon has 30 seconds left.
|
|t:|1782587754
|switch|p1a: Whimsicott|Whimsicott, L50, M|100/100
|move|p2a: Sableye|Rain Dance|p2a: Sableye
|-weather|RainDance
|move|p2b: Sinistcha|Matcha Gotcha|p1a: Whimsicott|[spread] p1a,p1b
|-resisted|p1a: Whimsicott|1
|-resisted|p1b: Charizard|2
|-damage|p1a: Whimsicott|74/100
|-heal|p2b: Sinistcha|31/100|[from] drain|[of] p1a: Whimsicott
|-damage|p1b: Charizard|80/100
|-heal|p2b: Sinistcha|35/100|[from] drain|[of] p1b: Charizard
|-heal|p2b: Sinistcha|38/100|[from] item: Shell Bell|[of] p1b: Charizard
|move|p1b: Charizard|Weather Ball|p2a: Sableye
|-damage|p2a: Sableye|10/100
|
|-weather|RainDance|[upkeep]
|upkeep
|turn|3
|inactive|SourLeemon has 30 seconds left.
|
|t:|1782587781
|switch|p2a: Archaludon|Archaludon, L50, F|100/100
|move|p1b: Charizard|Protect|p1b: Charizard
|-singleturn|p1b: Charizard|Protect
|move|p2b: Sinistcha|Matcha Gotcha|p1a: Whimsicott|[spread] p1a
|-activate|p1b: Charizard|move: Protect
|-resisted|p1a: Whimsicott|1
|-crit|p1a: Whimsicott
|-damage|p1a: Whimsicott|37/100
|-heal|p2b: Sinistcha|55/100|[from] drain|[of] p1a: Whimsicott
|-heal|p2b: Sinistcha|59/100|[from] item: Shell Bell|[of] p1b: Charizard
|move|p1a: Whimsicott|Moonblast|p2a: Archaludon
|-damage|p2a: Archaludon|63/100
|-unboost|p2a: Archaludon|spa|1
|-ability|p2a: Archaludon|Stamina|boost
|-boost|p2a: Archaludon|def|1
|
|-weather|RainDance|[upkeep]
|-heal|p2a: Archaludon|69/100|[from] item: Leftovers
|upkeep
|turn|4
|inactive|SourLeemon has 30 seconds left.
|
|t:|1782587810
|switch|p2b: Farigiraf|Farigiraf, L50, F|100/100
|switch|p1b: Garchomp|Garchomp, L50, F|100/100
|move|p1a: Whimsicott|Protect|p1a: Whimsicott
|-singleturn|p1a: Whimsicott|Protect
|move|p2a: Archaludon|Electro Shot||[still]
|-prepare|p2a: Archaludon|Electro Shot
|-boost|p2a: Archaludon|spa|1
|-anim|p2a: Archaludon|Electro Shot|p1a: Whimsicott
|-activate|p1a: Whimsicott|move: Protect
|
|-weather|RainDance|[upkeep]
|-heal|p2a: Archaludon|75/100|[from] item: Leftovers
|upkeep
|turn|5
|inactive|SourLeemon has 30 seconds left.
|
|t:|1782587838
|move|p1b: Garchomp|Protect|p1b: Garchomp
|-singleturn|p1b: Garchomp|Protect
|move|p2b: Farigiraf|Psychic|p1b: Garchomp
|-activate|p1b: Garchomp|move: Protect
|move|p2a: Archaludon|Electro Shot||[still]
|-prepare|p2a: Archaludon|Electro Shot
|-boost|p2a: Archaludon|spa|1
|-anim|p2a: Archaludon|Electro Shot|p1a: Whimsicott
|-resisted|p1a: Whimsicott|1
|-damage|p1a: Whimsicott|0 fnt
|faint|p1a: Whimsicott
|
|-weather|RainDance|[upkeep]
|-heal|p2a: Archaludon|81/100|[from] item: Leftovers
|-fieldend|move: Trick Room
|upkeep
|
|t:|1782587846
|switch|p1a: Charizard|Charizard-Mega-Y, L50, F|80/100
|-weather|SunnyDay|[from] ability: Drought|[of] p1a: Charizard
|turn|6
|
|t:|1782587855
|move|p2a: Archaludon|Protect|p2a: Archaludon
|-singleturn|p2a: Archaludon|Protect
|move|p1b: Garchomp|Earthquake|p2b: Farigiraf|[spread] p2b
|-activate|p2a: Archaludon|move: Protect
|-immune|p1a: Charizard
|-damage|p2b: Farigiraf|48/100
|-enditem|p2b: Farigiraf|Sitrus Berry|[eat]
|-heal|p2b: Farigiraf|73/100|[from] item: Sitrus Berry
|-damage|p1b: Garchomp|90/100|[from] item: Life Orb
|move|p1a: Charizard|Heat Wave|p2a: Archaludon|[spread] p2b
|-activate|p2a: Archaludon|move: Protect
|-damage|p2b: Farigiraf|7/100
|-status|p2b: Farigiraf|brn
|move|p2b: Farigiraf|Trick Room|p2b: Farigiraf
|-fieldstart|move: Trick Room|[of] p2b: Farigiraf
|
|-weather|SunnyDay|[upkeep]
|-heal|p2a: Archaludon|87/100|[from] item: Leftovers
|-damage|p2b: Farigiraf|1/100 brn|[from] brn
|upkeep
|turn|7
|inactive|SourLeemon has 30 seconds left.
|inactive|SourLeemon has 20 seconds left.
|inactive|NathanaelW19 has 30 seconds left.
|inactive|SourLeemon has 15 seconds left.
|
|t:|1782587901
|switch|p1b: Basculegion|Basculegion, L50, M|100/100
|move|p2b: Farigiraf|Hyper Voice|p1b: Basculegion|[spread] p1a
|-immune|p1b: Basculegion
|-damage|p1a: Charizard|43/100
|move|p2a: Archaludon|Draco Meteor|p1a: Charizard
|-damage|p1a: Charizard|0 fnt
|-unboost|p2a: Archaludon|spa|2
|faint|p1a: Charizard
|
|-weather|SunnyDay|[upkeep]
|-heal|p2a: Archaludon|93/100|[from] item: Leftovers
|-damage|p2b: Farigiraf|0 fnt|[from] brn
|faint|p2b: Farigiraf
|upkeep
|
|t:|1782587915
|switch|p2b: Sableye|Sableye, L50, F|10/100
|switch|p1a: Garchomp|Garchomp, L50, F|90/100
|turn|8
|
|t:|1782587927
|move|p1a: Garchomp|Protect|p1a: Garchomp
|-singleturn|p1a: Garchomp|Protect
|move|p2b: Sableye|Rain Dance|p2b: Sableye
|-weather|RainDance
|move|p1b: Basculegion|Aqua Jet|p2b: Sableye
|-damage|p2b: Sableye|0 fnt
|faint|p2b: Sableye
|move|p2a: Archaludon|Electro Shot||[still]
|-prepare|p2a: Archaludon|Electro Shot
|-boost|p2a: Archaludon|spa|1
|-anim|p2a: Archaludon|Electro Shot|p1b: Basculegion
|-supereffective|p1b: Basculegion|1
|-damage|p1b: Basculegion|18/100
|
|-weather|RainDance|[upkeep]
|-heal|p2a: Archaludon|99/100|[from] item: Leftovers
|upkeep
|-message|NathanaelW19 forfeited.
|
|win|SourLeemon
|raw|NathanaelW19's rating: 1122 → 1099(-23 for losing)
|raw|SourLeemon's rating: 1150 → 1173(+23 for winning)
