|j|☆Rin Itachi
|j|☆Fairtree
|html|Rin ItachiFairtree    
|uhtml|bestof|Game 3 of a best-of-3
|t:|1754201128
|gametype|doubles
|player|p1|Rin Itachi|lacey|1293
|player|p2|Fairtree|supernerd|1262
|gen|9
|tier|[Gen 9] VGC 2025 Reg H (Bo3)
|rated|
|rule|Species Clause: Limit one of each Pokémon
|rule|Item Clause: Limit 1 of each item
|clearpoke
|poke|p1|Archaludon, L50, M|
|poke|p1|Basculegion, L50, M|
|poke|p1|Pelipper, L50, M|
|poke|p1|Indeedee, L50, M|
|poke|p1|Sneasler, L50, F|
|poke|p1|Garchomp, L50, F|
|poke|p2|Incineroar, L50, M|
|poke|p2|Gholdengo, L50|
|poke|p2|Amoonguss, L50, M|
|poke|p2|Pelipper, L50, M|
|poke|p2|Archaludon, L50, F|
|poke|p2|Primarina, L50, F|
|teampreview|4
|showteam|p1|Archaludon||AssaultVest|Stamina|Snarl,FlashCannon,ElectroShot,BodyPress|||M|||50|,,,,,Fairy]Basculegion||ChoiceBand|SwiftSwim|WaveCrash,LastRespects,FlipTurn,AquaJet|||M|||50|,,,,,Water]Pelipper||CovertCloak|Drizzle|WeatherBall,Hurricane,Protect,Tailwind|||M|||50|,,,,,Grass]Indeedee||FocusSash|PsychicSurge|ExpandingForce,HelpingHand,Protect,TrickRoom|||M|||50|,,,,,Psychic]Sneasler||PsychicSeed|Unburden|DireClaw,CloseCombat,Protect,ThroatChop|||F|||50|,,,,,Dark]Garchomp||LifeOrb|RoughSkin|DragonClaw,StompingTantrum,Protect,Earthquake|||F|||50|,,,,,Ground
|showteam|p2|Incineroar||RockyHelmet|Intimidate|WillOWisp,KnockOff,FakeOut,PartingShot|||M|||50|,,,,,Grass]Gholdengo||LifeOrb|GoodasGold|MakeItRain,NastyPlot,ShadowBall,Protect||||||50|,,,,,Water]Amoonguss||LumBerry|Regenerator|Spore,RagePowder,SludgeBomb,Protect|||M|||50|,,,,,Psychic]Pelipper||FocusSash|Drizzle|WeatherBall,Hurricane,WideGuard,Tailwind|||M|||50|,,,,,Ghost]Archaludon||PowerHerb|Stalwart|ElectroShot,DragonPulse,Thunderbolt,Protect|||F|||50|,,,,,Electric]Primarina||SplashPlate|LiquidVoice|HyperVoice,Moonblast,Haze,Protect|||F|||50|,,,,,Water
|inactive|Battle timer is ON: inactive players will automatically lose when time's up. (requested by Fairtree)
|inactive|Rin Itachi has 60 seconds left.
|
|t:|1754201167
|teamsize|p1|4
|teamsize|p2|4
|start
|switch|p1a: Pelipper|Pelipper, L50, M|100/100
|switch|p1b: Sneasler|Sneasler, L50, F|100/100
|switch|p2a: Amoonguss|Amoonguss, L50, M|100/100
|switch|p2b: Primarina|Primarina, L50, F|100/100
|-weather|RainDance|[from] ability: Drizzle|[of] p1a: Pelipper
|turn|1
|
|t:|1754201180
|-terastallize|p2a: Amoonguss|Psychic
|move|p2a: Amoonguss|Rage Powder|p2a: Amoonguss
|-singleturn|p2a: Amoonguss|move: Rage Powder
|move|p1b: Sneasler|Dire Claw|p2a: Amoonguss
|-damage|p2a: Amoonguss|62/100
|move|p1a: Pelipper|Hurricane|p2a: Amoonguss
|-damage|p2a: Amoonguss|25/100
|move|p2b: Primarina|Hyper Voice|p1a: Pelipper|[spread] p1a,p1b
|-resisted|p1a: Pelipper
|-damage|p1a: Pelipper|54/100
|-damage|p1b: Sneasler|10/100
|
|-weather|RainDance|[upkeep]
|upkeep
|turn|2
|
|t:|1754201194
|move|p1b: Sneasler|Protect|p1b: Sneasler
|-singleturn|p1b: Sneasler|Protect
|move|p2a: Amoonguss|Rage Powder|p2a: Amoonguss
|-singleturn|p2a: Amoonguss|move: Rage Powder
|move|p1a: Pelipper|Weather Ball|p2a: Amoonguss
|-damage|p2a: Amoonguss|0 fnt
|faint|p2a: Amoonguss
|move|p2b: Primarina|Hyper Voice|p1b: Sneasler|[spread] p1a
|-activate|p1b: Sneasler|move: Protect
|-resisted|p1a: Pelipper
|-damage|p1a: Pelipper|3/100
|
|-weather|RainDance|[upkeep]
|upkeep
|
|t:|1754201198
|switch|p2a: Incineroar|Incineroar, L50, M|100/100
|-ability|p2a: Incineroar|Intimidate|boost
|-unboost|p1a: Pelipper|atk|1
|-unboost|p1b: Sneasler|atk|1
|turn|3
|
|t:|1754201213
|switch|p1b: Indeedee|Indeedee, L50, M|100/100
|-fieldstart|move: Psychic Terrain|[from] ability: Psychic Surge|[of] p1b: Indeedee
|-terastallize|p1a: Pelipper|Grass
|move|p2a: Incineroar|Fake Out|p1b: Indeedee
|-activate|p1b: Indeedee|move: Psychic Terrain
|move|p1a: Pelipper|Weather Ball|p2a: Incineroar
|-supereffective|p2a: Incineroar
|-damage|p2a: Incineroar|0 fnt
|faint|p2a: Incineroar
|move|p2b: Primarina|Hyper Voice|p1a: Pelipper|[spread] p1a,p1b
|-resisted|p1a: Pelipper
|-damage|p1a: Pelipper|0 fnt
|-damage|p1b: Indeedee|4/100
|faint|p1a: Pelipper
|
|-weather|RainDance|[upkeep]
|upkeep
|
|t:|1754201226
|switch|p1a: Garchomp|Garchomp, L50, F|100/100
|switch|p2a: Gholdengo|Gholdengo, L50|100/100
|turn|4
|
|t:|1754201239
|move|p1a: Garchomp|Protect|p1a: Garchomp
|-singleturn|p1a: Garchomp|Protect
|move|p2a: Gholdengo|Protect|p2a: Gholdengo
|-singleturn|p2a: Gholdengo|Protect
|move|p2b: Primarina|Protect|p2b: Primarina
|-singleturn|p2b: Primarina|Protect
|move|p1b: Indeedee|Expanding Force|p2b: Primarina|[spread] 
|-activate|p2a: Gholdengo|move: Protect
|-activate|p2b: Primarina|move: Protect
|
|-weather|RainDance|[upkeep]
|upkeep
|turn|5
|
|t:|1754201250
|move|p1b: Indeedee|Helping Hand|p1a: Garchomp
|-singleturn|p1a: Garchomp|Helping Hand|[of] p1b: Indeedee
|move|p1a: Garchomp|Earthquake|p2b: Primarina|[spread] p1b,p2a,p2b
|-supereffective|p2a: Gholdengo
|-damage|p1b: Indeedee|0 fnt
|-damage|p2a: Gholdengo|0 fnt
|-damage|p2b: Primarina|19/100
|faint|p1b: Indeedee
|faint|p2a: Gholdengo
|-damage|p1a: Garchomp|91/100|[from] item: Life Orb
|move|p2b: Primarina|Hyper Voice|p1a: Garchomp
|-damage|p1a: Garchomp|2/100
|
|-weather|none
|upkeep
|
|t:|1754201255
|switch|p1b: Sneasler|Sneasler, L50, F|10/100
|-enditem|p1b: Sneasler|Psychic Seed
|-boost|p1b: Sneasler|spd|1|[from] item: Psychic Seed
|turn|6
|
|t:|1754201262
|move|p1b: Sneasler|Dire Claw|p2b: Primarina
|-supereffective|p2b: Primarina
|-damage|p2b: Primarina|0 fnt
|faint|p2b: Primarina
|
|win|Rin Itachi
|raw|Rin Itachi's rating: 1293 → 1318(+25 for winning)
|raw|Fairtree's rating: 1294 → 1269(-25 for losing)
|l|☆Fairtree
|player|p2|
