|j|☆znivs
|j|☆sparshjha
|html|znivssparshjha    
|uhtml|bestof|Game 2 of a best-of-3
|t:|1784630366
|gametype|doubles
|player|p1|znivs|169|1179
|player|p2|sparshjha|1|1221
|gen|9
|tier|[Gen 9 Champions] VGC 2026 Reg M-B (Bo3)
|rated|
|rule|Species Clause: Limit one of each Pokémon
|rule|Item Clause: Limit 1 of each item
|clearpoke
|poke|p1|Venusaur, L50, M|
|poke|p1|Charizard, L50, F|
|poke|p1|Grimmsnarl, L50, M|
|poke|p1|Archaludon, L50, F|
|poke|p1|Basculegion, L50, M|
|poke|p1|Pelipper, L50, F|
|poke|p2|Charizard, L50, F|
|poke|p2|Aerodactyl, L50, F|
|poke|p2|Incineroar, L50, M|
|poke|p2|Garchomp, L50, M|
|poke|p2|Sylveon, L50, F|
|poke|p2|Kingambit, L50, F|
|teampreview|4
|showteam|p1|Venusaur||FocusSash|Chlorophyll|SludgeBomb,EarthPower,Protect,SleepPowder|Modest||M|||50|]Charizard||CharizarditeY|SolarPower|Protect,HeatWave,SolarBeam,WeatherBall|Modest||F|||50|]Grimmsnarl||LightClay|Prankster|SpiritBreak,Reflect,LightScreen,PartingShot|Sassy||M|||50|]Archaludon||Leftovers|Stamina|ElectroShot,Protect,FlashCannon,DragonPulse|Calm||F|||50|]Basculegion||ChoiceScarf|Adaptability|WaveCrash,LastRespects,AquaJet,FlipTurn|Jolly||M|||50|]Pelipper||SitrusBerry|Drizzle|WeatherBall,Hurricane,Tailwind,WideGuard|Modest||F|||50|
|showteam|p2|Charizard||CharizarditeY|Blaze|HeatWave,SolarBeam,WeatherBall,Protect|Timid||F|||50|]Aerodactyl||Aerodactylite|Unnerve|RockSlide,WideGuard,DualWingbeat,Tailwind|Jolly||F|||50|]Incineroar||SitrusBerry|Intimidate|FakeOut,FlareBlitz,PartingShot,DarkestLariat|Relaxed||M|||50|]Garchomp||LifeOrb|RoughSkin|Earthquake,DragonClaw,StompingTantrum,Protect|Jolly||M|||50|]Sylveon||FairyFeather|Pixilate|HyperVoice,HyperBeam,QuickAttack,Detect|Modest||F|||50|]Kingambit||FocusSash|Defiant|KowtowCleave,IronHead,SuckerPunch,LowKick|Lonely||F|||50|
|inactive|Battle timer is ON: inactive players will automatically lose when time's up. (requested by sparshjha)
|inactive|sparshjha has 60 seconds left.
|inactive|sparshjha has 30 seconds left.
|inactive|sparshjha has 20 seconds left.
|inactive|sparshjha has 15 seconds left.
|
|t:|1784630447
|teamsize|p1|4
|teamsize|p2|4
|start
|switch|p1a: Charizard|Charizard, L50, F|100/100
|switch|p1b: Grimmsnarl|Grimmsnarl, L50, M|100/100
|switch|p2a: Aerodactyl|Aerodactyl, L50, F|100/100
|switch|p2b: Charizard|Charizard, L50, F|100/100
|-ability|p2a: Aerodactyl|Unnerve
|turn|1
|inactive|sparshjha has 30 seconds left.
|inactive|sparshjha has 20 seconds left.
|
|t:|1784630484
|detailschange|p1a: Charizard|Charizard-Mega-Y, L50, F
|-mega|p1a: Charizard|Charizard|Charizardite Y
|-weather|SunnyDay|[from] ability: Drought|[of] p1a: Charizard
|detailschange|p2b: Charizard|Charizard-Mega-Y, L50, F
|-mega|p2b: Charizard|Charizard|Charizardite Y
|move|p1b: Grimmsnarl|Reflect|p1b: Grimmsnarl
|-sidestart|p1: znivs|Reflect
|move|p2a: Aerodactyl|Tailwind|p2a: Aerodactyl
|-sidestart|p2: sparshjha|move: Tailwind
|move|p2b: Charizard|Heat Wave|p1b: Grimmsnarl|[spread] p1a,p1b
|-resisted|p1a: Charizard|1
|-damage|p1a: Charizard|71/100
|-damage|p1b: Grimmsnarl|43/100
|move|p1a: Charizard|Solar Beam||[still]
|-prepare|p1a: Charizard|Solar Beam
|-anim|p1a: Charizard|Solar Beam|p2a: Aerodactyl
|-damage|p2a: Aerodactyl|46/100
|
|-weather|SunnyDay|[upkeep]
|upkeep
|turn|2
|inactive|znivs has 30 seconds left.
|inactive|sparshjha has 30 seconds left.
|inactive|znivs has 20 seconds left.
|
|t:|1784630522
|switch|p2b: Kingambit|Kingambit, L50, F|100/100
|move|p1a: Charizard|Protect|p1a: Charizard
|-singleturn|p1a: Charizard|Protect
|move|p1b: Grimmsnarl|Light Screen|p1b: Grimmsnarl
|-sidestart|p1: znivs|move: Light Screen
|move|p2a: Aerodactyl|Rock Slide|p1a: Charizard|[spread] p1b
|-activate|p1a: Charizard|move: Protect
|-damage|p1b: Grimmsnarl|28/100
|
|-weather|SunnyDay|[upkeep]
|upkeep
|turn|3
|inactive|sparshjha has 30 seconds left.
|inactive|sparshjha has 20 seconds left.
|
|t:|1784630558
|move|p1b: Grimmsnarl|Parting Shot|p2a: Aerodactyl
|-unboost|p2a: Aerodactyl|atk|1
|-unboost|p2a: Aerodactyl|spa|1
|
|t:|1784630566
|switch|p1b: Archaludon|Archaludon, L50, F|100/100|[from] Parting Shot
|move|p2a: Aerodactyl|Rock Slide|p1b: Archaludon|[spread] p1b
|-miss|p2a: Aerodactyl|p1a: Charizard
|-resisted|p1b: Archaludon|1
|-damage|p1b: Archaludon|96/100
|-ability|p1b: Archaludon|Stamina|boost
|-boost|p1b: Archaludon|def|1
|move|p2b: Kingambit|Kowtow Cleave|p1a: Charizard
|-damage|p1a: Charizard|35/100
|move|p1a: Charizard|Heat Wave|p2a: Aerodactyl|[spread] p2a,p2b
|-resisted|p2a: Aerodactyl|1
|-supereffective|p2b: Kingambit|1
|-damage|p2a: Aerodactyl|10/100
|-enditem|p2b: Kingambit|Focus Sash
|-damage|p2b: Kingambit|1/100
|-status|p2a: Aerodactyl|brn
|
|-weather|SunnyDay|[upkeep]
|-heal|p1b: Archaludon|100/100|[from] item: Leftovers
|-damage|p2a: Aerodactyl|4/100 brn|[from] brn
|upkeep
|turn|4
|inactive|znivs has 30 seconds left.
|inactive|sparshjha has 30 seconds left.
|inactive|sparshjha has 20 seconds left.
|inactive|sparshjha has 15 seconds left.
|inactive|sparshjha has 10 seconds left.
|inactive|sparshjha has 5 seconds left.
|
|t:|1784630618
|switch|p2a: Garchomp|Garchomp, L50, M|100/100
|move|p1a: Charizard|Protect|p1a: Charizard
|-singleturn|p1a: Charizard|Protect
|move|p2b: Kingambit|Low Kick|p1b: Archaludon
|-supereffective|p1b: Archaludon|1
|-damage|p1b: Archaludon|81/100
|-ability|p1b: Archaludon|Stamina|boost
|-boost|p1b: Archaludon|def|1
|move|p1b: Archaludon|Dragon Pulse|p2b: Kingambit
|-resisted|p2b: Kingambit|1
|-damage|p2b: Kingambit|0 fnt
|faint|p2b: Kingambit
|
|-weather|SunnyDay|[upkeep]
|-heal|p1b: Archaludon|87/100|[from] item: Leftovers
|-sideend|p2: sparshjha|move: Tailwind
|upkeep
|
|t:|1784630642
|switch|p2b: Charizard|Charizard-Mega-Y, L50, F|100/100
|turn|5
|
|t:|1784630666
|switch|p1a: Pelipper|Pelipper, L50, F|100/100
|-weather|RainDance|[from] ability: Drizzle|[of] p1a: Pelipper
|move|p2a: Garchomp|Protect|p2a: Garchomp
|-singleturn|p2a: Garchomp|Protect
|move|p2b: Charizard|Weather Ball|p1b: Archaludon
|-resisted|p1b: Archaludon|1
|-damage|p1b: Archaludon|70/100
|-ability|p1b: Archaludon|Stamina|boost
|-boost|p1b: Archaludon|def|1
|move|p1b: Archaludon|Electro Shot||[still]
|-prepare|p1b: Archaludon|Electro Shot
|-boost|p1b: Archaludon|spa|1
|-anim|p1b: Archaludon|Electro Shot|p2b: Charizard
|-supereffective|p2b: Charizard|1
|-damage|p2b: Charizard|8/100
|
|-weather|RainDance|[upkeep]
|-heal|p1b: Archaludon|76/100|[from] item: Leftovers
|upkeep
|turn|6
|inactive|sparshjha has 30 seconds left.
|inactive|sparshjha has 20 seconds left.
|
|t:|1784630705
|switch|p2b: Aerodactyl|Aerodactyl, L50, F|4/100 brn
|-ability|p2b: Aerodactyl|Unnerve
|move|p2a: Garchomp|Dragon Claw|p1a: Pelipper
|-damage|p1a: Pelipper|62/100
|-damage|p2a: Garchomp|90/100|[from] item: Life Orb
|move|p1b: Archaludon|Dragon Pulse|p2a: Garchomp
|-supereffective|p2a: Garchomp|1
|-damage|p2a: Garchomp|0 fnt
|faint|p2a: Garchomp
|move|p1a: Pelipper|Tailwind|p1a: Pelipper
|-sidestart|p1: znivs|move: Tailwind
|
|-weather|RainDance|[upkeep]
|-heal|p1b: Archaludon|82/100|[from] item: Leftovers
|-damage|p2b: Aerodactyl|0 fnt|[from] brn
|faint|p2b: Aerodactyl
|upkeep
|
|t:|1784630720
|switch|p2b: Charizard|Charizard-Mega-Y, L50, F|8/100
|-weather|SunnyDay|[from] ability: Drought|[of] p2b: Charizard
|turn|7
|
|t:|1784630725
|move|p1b: Archaludon|Protect|p1b: Archaludon
|-singleturn|p1b: Archaludon|Protect
|move|p1a: Pelipper|Weather Ball|p2b: Charizard
|-resisted|p2b: Charizard|1
|-damage|p2b: Charizard|0 fnt
|faint|p2b: Charizard
|
|win|znivs
||sparshjha is ready for game 3.
||znivs is ready for game 3.
|uhtml|next|Next: Game 3 of 3
