|j|☆markknight05
|j|☆testdigi
|html|markknight05testdigi    
|uhtml|bestof|Game 1 of a best-of-3
|t:|1784218379
|gametype|doubles
|player|p1|markknight05|101|1098
|player|p2|testdigi|1|1076
|gen|9
|tier|[Gen 9 Champions] VGC 2026 Reg M-B (Bo3)
|rated|
|rule|Species Clause: Limit one of each Pokémon
|rule|Item Clause: Limit 1 of each item
|clearpoke
|poke|p1|Raichu, L50, F|
|poke|p1|Ceruledge, L50, M|
|poke|p1|Milotic, L50, F|
|poke|p1|Weavile, L50, M|
|poke|p1|Sinistcha, L50|
|poke|p1|Scolipede, L50, F|
|poke|p2|Sneasler, L50, M|
|poke|p2|Delphox, L50, M, shiny|
|poke|p2|Kingambit, L50, F, shiny|
|poke|p2|Sinistcha, L50|
|poke|p2|Incineroar, L50, M|
|poke|p2|Blastoise, L50, F|
|teampreview|4
|showteam|p1|Raichu||RaichuniteY|LightningRod|ZapCannon,FocusBlast,Protect,FakeOut|Timid||F|||50|]Ceruledge||ColburBerry|FlashFire|BitterBlade,ShadowSneak,BulkUp,Protect|Adamant||M|||50|]Milotic||Leftovers|Competitive|Coil,MuddyWater,Hypnosis,Protect|Calm||F|||50|]Weavile||FocusSash|Pickpocket|TripleAxel,KnockOff,FakeOut,LowKick|Jolly||M|||50|]Sinistcha||KasibBerry|Hospitality|LifeDew,RagePowder,Protect,MatchaGotcha|Relaxed|||||50|]Scolipede||Scolipite|SpeedBoost|SwordsDance,Protect,PoisonJab,LeechLife|Jolly||F|||50|
|showteam|p2|Sneasler||FocusSash|PoisonTouch|PoisonJab,QuickGuard,CloseCombat,FakeOut|Jolly||M|||50|]Delphox||Delphoxite|Blaze|HeatWave,Psychic,NastyPlot,Protect|Timid||M|||50|]Kingambit||LifeOrb|Defiant|KowtowCleave,SuckerPunch,SwordsDance,Protect|Adamant||F|||50|]Sinistcha||ColburBerry|Hospitality|MatchaGotcha,RagePowder,TrickRoom,Protect|Bold|||||50|]Incineroar||SitrusBerry|Intimidate|FlareBlitz,HelpingHand,PartingShot,FakeOut|Impish||M|||50|]Blastoise||Blastoisinite|RainDish|WaterSpout,DarkPulse,ShellSmash,Protect|Modest||F|||50|
|
|t:|1784218419
|teamsize|p1|4
|teamsize|p2|4
|start
|switch|p1a: Raichu|Raichu, L50, F|100/100
|switch|p1b: Weavile|Weavile, L50, M|100/100
|switch|p2a: Sneasler|Sneasler, L50, M|100/100
|switch|p2b: Incineroar|Incineroar, L50, M|100/100
|-ability|p2b: Incineroar|Intimidate|boost
|-unboost|p1a: Raichu|atk|1
|-unboost|p1b: Weavile|atk|1
|turn|1
|inactive|Battle timer is ON: inactive players will automatically lose when time's up. (requested by markknight05)
|inactive|markknight05 has 60 seconds left.
|
|t:|1784218453
|detailschange|p1a: Raichu|Raichu-Mega-Y, L50, F
|-mega|p1a: Raichu|Raichu|Raichunite Y
|move|p1a: Raichu|Protect|p1a: Raichu
|-singleturn|p1a: Raichu|Protect
|move|p2a: Sneasler|Fake Out|p1a: Raichu
|-activate|p1a: Raichu|move: Protect
|move|p1b: Weavile|Low Kick|p2b: Incineroar
|-supereffective|p2b: Incineroar|1
|-damage|p2b: Incineroar|75/100
|move|p2b: Incineroar|Flare Blitz|p1b: Weavile
|-supereffective|p1b: Weavile|1
|-enditem|p1b: Weavile|Focus Sash
|-damage|p1b: Weavile|1/100
|-damage|p2b: Incineroar|50/100g|[from] Recoil
|-enditem|p2b: Incineroar|Sitrus Berry|[silent]|[from] ability: Pickpocket|[of] p2b: Incineroar
|-item|p1b: Weavile|Sitrus Berry|[from] ability: Pickpocket|[of] p2b: Incineroar
|-enditem|p1b: Weavile|Sitrus Berry|[eat]
|-heal|p1b: Weavile|25/100|[from] item: Sitrus Berry
|
|upkeep
|turn|2
|
|t:|1784218477
|switch|p1b: Ceruledge|Ceruledge, L50, M|100/100
|move|p1a: Raichu|Focus Blast|p2b: Incineroar
|-supereffective|p2b: Incineroar|1
|-damage|p2b: Incineroar|0 fnt
|faint|p2b: Incineroar
|move|p2a: Sneasler|Close Combat|p1a: Raichu
|-damage|p1a: Raichu|11/100
|-unboost|p2a: Sneasler|def|1
|-unboost|p2a: Sneasler|spd|1
|
|upkeep
|
|t:|1784218484
|switch|p2b: Kingambit|Kingambit, L50, F, shiny|100/100
|turn|3
|
|t:|1784218508
|move|p1a: Raichu|Protect|p1a: Raichu
|-singleturn|p1a: Raichu|Protect
|move|p2b: Kingambit|Protect|p2b: Kingambit
|-singleturn|p2b: Kingambit|Protect
|move|p2a: Sneasler|Poison Jab|p1a: Raichu
|-activate|p1a: Raichu|move: Protect
|move|p1b: Ceruledge|Bitter Blade|p2b: Kingambit
|-activate|p2b: Kingambit|move: Protect
|
|upkeep
|turn|4
|
|t:|1784218525
|switch|p1a: Milotic|Milotic, L50, F|100/100
|switch|p2b: Delphox|Delphox, L50, M, shiny|100/100
|move|p2a: Sneasler|Poison Jab|p1a: Milotic
|-damage|p1a: Milotic|61/100
|move|p1b: Ceruledge|Bitter Blade|p2b: Delphox
|-resisted|p2b: Delphox|1
|-damage|p2b: Delphox|69/100
|
|-heal|p1a: Milotic|67/100|[from] item: Leftovers
|upkeep
|turn|5
|inactive|testdigi has 30 seconds left.
|
|t:|1784218557
|detailschange|p2b: Delphox|Delphox-Mega, L50, M, shiny
|-mega|p2b: Delphox|Delphox|Delphoxite
|move|p2b: Delphox|Protect|p2b: Delphox
|-singleturn|p2b: Delphox|Protect
|move|p1b: Ceruledge|Shadow Sneak|p2b: Delphox
|-activate|p2b: Delphox|move: Protect
|move|p2a: Sneasler|Poison Jab|p1a: Milotic
|-crit|p1a: Milotic
|-damage|p1a: Milotic|8/100
|-status|p1a: Milotic|psn|[from] ability: Poison Touch|[of] p2a: Sneasler
|move|p1a: Milotic|Coil|p1a: Milotic
|-boost|p1a: Milotic|atk|1
|-boost|p1a: Milotic|def|1
|-boost|p1a: Milotic|accuracy|1
|
|-heal|p1a: Milotic|14/100 psn|[from] item: Leftovers
|-damage|p1a: Milotic|1/100 psn|[from] psn
|upkeep
|turn|6
|inactive|testdigi has 30 seconds left.
|
|t:|1784218592
|move|p2a: Sneasler|Quick Guard|p2a: Sneasler
|-singleturn|p2a: Sneasler|Quick Guard
|move|p1b: Ceruledge|Shadow Sneak|p2b: Delphox
|-activate|p2b: Delphox|move: Quick Guard
|move|p2b: Delphox|Nasty Plot|p2b: Delphox
|-boost|p2b: Delphox|spa|2
|move|p1a: Milotic|Hypnosis|p2b: Delphox
|-status|p2b: Delphox|slp|[from] move: Hypnosis
|
|-heal|p1a: Milotic|7/100 psn|[from] item: Leftovers
|-damage|p1a: Milotic|0 fnt|[from] psn
|faint|p1a: Milotic
|upkeep
|
|t:|1784218609
|switch|p1a: Weavile|Weavile, L50, M|25/100
|turn|7
|
|t:|1784218621
|switch|p2a: Kingambit|Kingambit, L50, F, shiny|100/100
|move|p1a: Weavile|Fake Out|p2a: Kingambit
|-resisted|p2a: Kingambit|1
|-damage|p2a: Kingambit|94/100
|cant|p2b: Delphox|slp
|move|p1b: Ceruledge|Bulk Up|p1b: Ceruledge
|-boost|p1b: Ceruledge|atk|1
|-boost|p1b: Ceruledge|def|1
|
|upkeep
|turn|8
|
|t:|1784218639
|cant|p2b: Delphox|slp
|move|p1a: Weavile|Knock Off|p2b: Delphox
|-supereffective|p2b: Delphox|1
|-damage|p2b: Delphox|0 fnt
|faint|p2b: Delphox
|move|p1b: Ceruledge|Bitter Blade|p2a: Kingambit
|-supereffective|p2a: Kingambit|1
|-crit|p2a: Kingambit
|-damage|p2a: Kingambit|0 fnt
|faint|p2a: Kingambit
|
|upkeep
|-message|testdigi forfeited.
|
|win|markknight05
