|j|☆SleepD2
|j|☆d1mo22
|html|SleepD2d1mo22    
|uhtml|bestof|Game 1 of a best-of-3
|t:|1785259955
|gametype|doubles
|player|p1|SleepD2|265|1349
|player|p2|d1mo22|skier|1326
|gen|9
|tier|[Gen 9 Champions] VGC 2026 Reg M-B (Bo3)
|rated|
|rule|Species Clause: Limit one of each Pokémon
|rule|Item Clause: Limit 1 of each item
|clearpoke
|poke|p1|Kommo-o, L50, F|
|poke|p1|Gardevoir, L50, F|
|poke|p1|Maushold-Four, L50|
|poke|p1|Kingambit, L50, F|
|poke|p1|Talonflame, L50, M|
|poke|p1|Basculegion, L50, M|
|poke|p2|Raichu, L50, F|
|poke|p2|Gyarados, L50, F, shiny|
|poke|p2|Mamoswine, L50, F|
|poke|p2|Ceruledge, L50, M|
|poke|p2|Sinistcha, L50|
|poke|p2|Kingambit, L50, F, shiny|
|teampreview|4
|showteam|p1|Kommo-o||LifeOrb|Soundproof|Protect,VacuumWave,ClangingScales,AuraSphere|Timid||F|||50|]Gardevoir||Gardevoirite|Synchronize|Protect,HyperVoice,Psychic,Thunderbolt|Modest||F|||50|]Maushold-Four||FocusSash|FriendGuard|FollowMe,Protect,SuperFang,HelpingHand|Jolly|||||50|]Kingambit||ExpertBelt|Defiant|SuckerPunch,KowtowCleave,IronHead,Protect|Jolly||F|||50|]Talonflame||SharpBeak|GaleWings|Protect,DualWingbeat,Tailwind,QuickGuard|Jolly||M|||50|]Basculegion||ChoiceScarf|Adaptability|WaveCrash,LastRespects,FlipTurn,AquaJet|Jolly||M|||50|
|showteam|p2|Raichu||RaichuniteY|LightningRod|FakeOut,Encore,ZapCannon,FocusBlast|Timid||F|||50|]Gyarados||Gyaradosite|Intimidate|LashOut,Waterfall,DragonDance,Protect|Adamant||F|||50|]Mamoswine||LifeOrb|Oblivious|Protect,IcicleCrash,IceShard,HighHorsepower|Jolly||F|||50|]Ceruledge||ColburBerry|FlashFire|BitterBlade,ShadowSneak,BulkUp,Protect|Adamant||M|||50|]Sinistcha||SitrusBerry|Hospitality|Protect,RagePowder,MatchaGotcha,LifeDew|Bold|||||50|]Kingambit||FocusSash|Defiant|Protect,SuckerPunch,KowtowCleave,IronHead|Adamant||F|||50|
|inactive|Battle timer is ON: inactive players will automatically lose when time's up. (requested by d1mo22)
|inactive|SleepD2 has 60 seconds left.
|inactive|d1mo22 has 60 seconds left.
|
|t:|1785260005
|teamsize|p1|4
|teamsize|p2|4
|start
|switch|p1a: Kommo-o|Kommo-o, L50, F|100/100
|switch|p1b: Maushold|Maushold-Four, L50|100/100
|switch|p2a: Raichu|Raichu, L50, F|100/100
|switch|p2b: Gyarados|Gyarados, L50, F, shiny|100/100
|-ability|p2b: Gyarados|Intimidate|boost
|-unboost|p1a: Kommo-o|atk|1
|-unboost|p1b: Maushold|atk|1
|turn|1
|
|t:|1785260018
|move|p2a: Raichu|Fake Out|p1a: Kommo-o
|-damage|p1a: Kommo-o|94/100
|move|p1b: Maushold|Super Fang|p2b: Gyarados
|-damage|p2b: Gyarados|50/100y
|cant|p1a: Kommo-o|flinch
|move|p2b: Gyarados|Dragon Dance|p2b: Gyarados
|-boost|p2b: Gyarados|atk|1
|-boost|p2b: Gyarados|spe|1
|
|upkeep
|turn|2
|inactive|d1mo22 has 30 seconds left.
|
|t:|1785260051
|switch|p2a: Sinistcha|Sinistcha, L50|100/100
|-heal|p2b: Gyarados|74/100|[from] ability: Hospitality|[of] p2a: Sinistcha
|move|p1b: Maushold|Helping Hand|p1a: Kommo-o
|-singleturn|p1a: Kommo-o|Helping Hand|[of] p1b: Maushold
|move|p2b: Gyarados|Dragon Dance|p2b: Gyarados
|-boost|p2b: Gyarados|atk|1
|-boost|p2b: Gyarados|spe|1
|move|p1a: Kommo-o|Clanging Scales|p2b: Gyarados|[spread] p2a,p2b
|-damage|p2a: Sinistcha|32/100
|-damage|p2b: Gyarados|14/100
|-enditem|p2a: Sinistcha|Sitrus Berry|[eat]
|-heal|p2a: Sinistcha|57/100|[from] item: Sitrus Berry
|-unboost|p1a: Kommo-o|def|1
|-damage|p1a: Kommo-o|84/100|[from] item: Life Orb
|
|upkeep
|turn|3
|
|t:|1785260070
|move|p1b: Maushold|Helping Hand|p1a: Kommo-o
|-singleturn|p1a: Kommo-o|Helping Hand|[of] p1b: Maushold
|move|p2b: Gyarados|Protect|p2b: Gyarados
|-singleturn|p2b: Gyarados|Protect
|move|p1a: Kommo-o|Clanging Scales|p2b: Gyarados|[spread] p2a
|-activate|p2b: Gyarados|move: Protect
|-damage|p2a: Sinistcha|0 fnt
|faint|p2a: Sinistcha
|-unboost|p1a: Kommo-o|def|1
|-damage|p1a: Kommo-o|74/100|[from] item: Life Orb
|
|upkeep
|
|t:|1785260073
|switch|p2a: Raichu|Raichu, L50, F|100/100
|turn|4
|
|t:|1785260083
|detailschange|p2b: Gyarados|Gyarados-Mega, L50, F, shiny
|-mega|p2b: Gyarados|Gyarados|Gyaradosite
|-ability|p2b: Gyarados|Mold Breaker
|move|p1b: Maushold|Protect|p1b: Maushold
|-singleturn|p1b: Maushold|Protect
|move|p1a: Kommo-o|Protect|p1a: Kommo-o
|-singleturn|p1a: Kommo-o|Protect
|move|p2a: Raichu|Fake Out|p1a: Kommo-o
|-activate|p1a: Kommo-o|move: Protect
|move|p2b: Gyarados|Waterfall|p1b: Maushold
|-activate|p1b: Maushold|move: Protect
|
|upkeep
|turn|5
|
|t:|1785260098
|move|p1a: Kommo-o|Vacuum Wave|p2b: Gyarados
|-supereffective|p2b: Gyarados|1
|-damage|p2b: Gyarados|0 fnt
|faint|p2b: Gyarados
|-damage|p1a: Kommo-o|64/100|[from] item: Life Orb
|move|p1b: Maushold|Super Fang|p2a: Raichu
|-damage|p2a: Raichu|50/100g
|move|p2a: Raichu|Encore|p1a: Kommo-o
|-start|p1a: Kommo-o|Encore
|
|upkeep
|
|t:|1785260099
|switch|p2b: Kingambit|Kingambit, L50, F, shiny|100/100
|turn|6
|
|t:|1785260112
|move|p1a: Kommo-o|Vacuum Wave|p2b: Kingambit
|-supereffective|p2b: Kingambit|2
|-crit|p2b: Kingambit
|-enditem|p2b: Kingambit|Focus Sash
|-damage|p2b: Kingambit|1/100
|-damage|p1a: Kommo-o|54/100|[from] item: Life Orb
|move|p1b: Maushold|Super Fang|p2b: Kingambit
|-damage|p2b: Kingambit|0 fnt
|faint|p2b: Kingambit
|move|p2a: Raichu|Encore||[still]
|-fail|p2a: Raichu
|
|upkeep
|turn|7
|
|t:|1785260122
|move|p1a: Kommo-o|Vacuum Wave|p2a: Raichu
|-damage|p2a: Raichu|21/100
|-damage|p1a: Kommo-o|44/100|[from] item: Life Orb
|move|p1b: Maushold|Super Fang|p2a: Raichu
|-damage|p2a: Raichu|10/100
|move|p2a: Raichu|Focus Blast|p1a: Kommo-o
|-damage|p1a: Kommo-o|21/100
|
|upkeep
|turn|8
|
|t:|1785260127
|move|p1b: Maushold|Helping Hand|p1a: Kommo-o
|-singleturn|p1a: Kommo-o|Helping Hand|[of] p1b: Maushold
|move|p1a: Kommo-o|Vacuum Wave|p2a: Raichu
|-damage|p2a: Raichu|0 fnt
|faint|p2a: Raichu
|-damage|p1a: Kommo-o|11/100|[from] item: Life Orb
|
|win|SleepD2
||SleepD2 is ready for game 2.
|inactive|d1mo22 has 30 seconds to confirm battle start!
||d1mo22 is ready for game 2.
|uhtml|next|Next: Game 2 of 3
