|j|‽Juaner95
|j|☆alkittxn
|html|Juaner95alkittxn    
|uhtml|bestof|Game 1 of a best-of-3
|t:|1784326840
|gametype|doubles
|player|p1|Juaner95|ash-hoenn|1093
|player|p2|alkittxn|aaron|1089
|gen|9
|tier|[Gen 9 Champions] VGC 2026 Reg M-B (Bo3)
|rated|
|rule|Species Clause: Limit one of each Pokémon
|rule|Item Clause: Limit 1 of each item
|clearpoke
|poke|p1|Scrafty, L50, M|
|poke|p1|Vileplume, L50, M, shiny|
|poke|p1|Oranguru, L50, M|
|poke|p1|Torkoal, L50, F, shiny|
|poke|p1|Gholdengo, L50, shiny|
|poke|p1|Lucario, L50, M|
|poke|p2|Gallade, L50, M|
|poke|p2|Camerupt, L50, F|
|poke|p2|Farigiraf, L50, F|
|poke|p2|Talonflame, L50, M|
|poke|p2|Basculegion, L50, M|
|poke|p2|Kingambit, L50, M|
|teampreview|4
|showteam|p1|Scrafty||Scraftinite|Intimidate|FakeOut,KnockOff,DrainPunch,RockSlide|Brave||M|||50|]Vileplume||FocusSash|Chlorophyll|AfterYou,SludgeBomb,LeafStorm,Protect|Modest||M|||50|]Oranguru||MentalHerb|InnerFocus|Instruct,Encore,TrickRoom,Protect|Bold||M|||50|]Torkoal||Charcoal|Drought|Eruption,EarthPower,HeatWave,Protect|Quiet||F|||50|]Gholdengo||LifeOrb|GoodasGold|ShadowBall,MakeItRain,NastyPlot,Protect|Timid|||||50|]Lucario||ChoiceScarf|InnerFocus|FinalGambit,HelpingHand,SunnyDay,HealPulse|Timid||M|||50|
|showteam|p2|Gallade||FocusSash|Sharpness|SacredSword,TripleAxel,WideGuard,TrickRoom|Adamant||M|||50|]Camerupt||Cameruptite|SolidRock|AncientPower,HeatWave,EarthPower,Protect|Quiet||F|||50|]Farigiraf||ColburBerry|ArmorTail|HelpingHand,TrickRoom,Protect,Thunderbolt|Bold||F|||50|]Talonflame||ChartiBerry|GaleWings|DualWingbeat,Tailwind,FlareBlitz,Taunt|Relaxed||M|||50|]Basculegion||MysticWater|Adaptability|AquaJet,WaveCrash,LastRespects,FlipTurn|Adamant||M|||50|]Kingambit||ChopleBerry|Defiant|SuckerPunch,KowtowCleave,IronHead,Protect|Adamant||M|||50|
|inactive|Battle timer is ON: inactive players will automatically lose when time's up. (requested by alkittxn)
|inactive|Juaner95 has 60 seconds left.
|inactive|Juaner95 has 30 seconds left.
|
|t:|1784327160
|teamsize|p1|4
|teamsize|p2|4
|start
|switch|p1a: Lucario|Lucario, L50, M|100/100
|switch|p1b: Oranguru|Oranguru, L50, M|100/100
|switch|p2a: Talonflame|Talonflame, L50, M|100/100
|switch|p2b: Camerupt|Camerupt, L50, F|100/100
|turn|1
|inactive|alkittxn has 30 seconds left.
|
|t:|1784327187
|move|p2b: Camerupt|Protect|p2b: Camerupt
|-singleturn|p2b: Camerupt|Protect
|move|p1a: Lucario|Final Gambit|p2b: Camerupt
|-activate|p2b: Camerupt|move: Protect
|move|p2a: Talonflame|Taunt|p1b: Oranguru
|-start|p1b: Oranguru|move: Taunt
|-enditem|p1b: Oranguru|Mental Herb
|-end|p1b: Oranguru|move: Taunt
|move|p1b: Oranguru|Trick Room|p1b: Oranguru
|-fieldstart|move: Trick Room|[of] p1b: Oranguru
|
|upkeep
|turn|2
|inactive|alkittxn has 30 seconds left.
|
|t:|1784327218
|switch|p1a: Scrafty|Scrafty, L50, M|100/100
|-ability|p1a: Scrafty|Intimidate|boost
|-unboost|p2a: Talonflame|atk|1
|-unboost|p2b: Camerupt|atk|1
|detailschange|p2b: Camerupt|Camerupt-Mega, L50, F
|-mega|p2b: Camerupt|Camerupt|Cameruptite
|move|p2b: Camerupt|Heat Wave|p1a: Scrafty|[spread] p1a,p1b
|-damage|p1a: Scrafty|55/100
|-damage|p1b: Oranguru|60/100
|move|p1b: Oranguru|Encore|p2b: Camerupt
|-start|p2b: Camerupt|Encore
|move|p2a: Talonflame|Taunt|p1b: Oranguru
|-start|p1b: Oranguru|move: Taunt
|
|upkeep
|turn|3
|inactive|alkittxn has 30 seconds left.
|inactive|alkittxn has 20 seconds left.
|
|t:|1784327254
|switch|p2b: Basculegion|Basculegion, L50, M|100/100
|switch|p1b: Torkoal|Torkoal, L50, F, shiny|100/100
|-weather|SunnyDay|[from] ability: Drought|[of] p1b: Torkoal
|detailschange|p1a: Scrafty|Scrafty-Mega, L50, M
|-mega|p1a: Scrafty|Scrafty|Scraftinite
|-ability|p1a: Scrafty|Intimidate|boost
|-unboost|p2a: Talonflame|atk|1
|-unboost|p2b: Basculegion|atk|1
|move|p1a: Scrafty|Fake Out|p2a: Talonflame
|-damage|p2a: Talonflame|83/100
|cant|p2a: Talonflame|flinch
|
|-weather|SunnyDay|[upkeep]
|upkeep
|turn|4
|inactive|alkittxn has 30 seconds left.
|inactive|alkittxn has 20 seconds left.
|inactive|alkittxn has 15 seconds left.
|inactive|alkittxn has 10 seconds left.
|inactive|alkittxn has 5 seconds left.
|
|t:|1784327309
|move|p2b: Basculegion|Aqua Jet|p1b: Torkoal
|-supereffective|p1b: Torkoal|1
|-crit|p1b: Torkoal
|-damage|p1b: Torkoal|59/100
|move|p1b: Torkoal|Eruption|p2b: Basculegion|[spread] p2a,p2b
|-resisted|p2a: Talonflame|1
|-resisted|p2b: Basculegion|1
|-damage|p2a: Talonflame|43/100
|-damage|p2b: Basculegion|78/100
|move|p1a: Scrafty|Rock Slide|p2b: Basculegion|[spread] p2a,p2b
|-supereffective|p2a: Talonflame|2
|-enditem|p2a: Talonflame|Charti Berry|[eat]
|-enditem|p2a: Talonflame|Charti Berry|[weaken]
|-damage|p2a: Talonflame|0 fnt
|-damage|p2b: Basculegion|51/100
|faint|p2a: Talonflame
|
|-weather|SunnyDay|[upkeep]
|upkeep
|
|t:|1784327328
|switch|p2a: Camerupt|Camerupt-Mega, L50, F|100/100
|turn|5
|
|t:|1784327338
|move|p2b: Basculegion|Aqua Jet|p1b: Torkoal
|-supereffective|p1b: Torkoal|1
|-damage|p1b: Torkoal|43/100
|move|p2a: Camerupt|Heat Wave|p1a: Scrafty|[spread] p1a,p1b
|-resisted|p1b: Torkoal|1
|-crit|p1b: Torkoal
|-damage|p1a: Scrafty|0 fnt
|-damage|p1b: Torkoal|0 fnt
|faint|p1a: Scrafty
|faint|p1b: Torkoal
|
|-weather|SunnyDay|[upkeep]
|-fieldend|move: Trick Room
|upkeep
|
|t:|1784327345
|switch|p1a: Lucario|Lucario, L50, M|100/100
|switch|p1b: Oranguru|Oranguru, L50, M|60/100
|turn|6
|inactive|alkittxn has 30 seconds left.
|inactive|alkittxn has 20 seconds left.
|inactive|alkittxn has 15 seconds left.
|inactive|alkittxn has 10 seconds left.
|
|t:|1784327392
|move|p2a: Camerupt|Protect|p2a: Camerupt
|-singleturn|p2a: Camerupt|Protect
|move|p1a: Lucario|Final Gambit|p2a: Camerupt
|-activate|p2a: Camerupt|move: Protect
|move|p2b: Basculegion|Wave Crash|p1a: Lucario
|-damage|p1a: Lucario|55/100
|-damage|p2b: Basculegion|37/100|[from] Recoil
|move|p1b: Oranguru|Trick Room|p1b: Oranguru
|-fieldstart|move: Trick Room|[of] p1b: Oranguru
|
|-weather|SunnyDay|[upkeep]
|upkeep
|turn|7
|inactive|alkittxn has 30 seconds left.
|inactive|alkittxn has 20 seconds left.
|
|t:|1784327428
|switch|p2b: Kingambit|Kingambit, L50, M|100/100
|move|p2a: Camerupt|Heat Wave|p1b: Oranguru|[spread] p1a,p1b
|-supereffective|p1a: Lucario|1
|-damage|p1a: Lucario|0 fnt
|-damage|p1b: Oranguru|0 fnt
|faint|p1a: Lucario
|faint|p1b: Oranguru
|
|win|alkittxn
