|j|☆Arkoos2011
|j|‽Jelloxc
|html|Arkoos2011Jelloxc    
|uhtml|bestof|Game 2 of a best-of-3
|t:|1785486650
|gametype|doubles
|player|p1|Arkoos2011|2|1046
|player|p2|Jelloxc|169|1056
|gen|9
|tier|[Gen 9 Champions] VGC 2026 Reg M-B (Bo3)
|rated|
|rule|Species Clause: Limit one of each Pokémon
|rule|Item Clause: Limit 1 of each item
|clearpoke
|poke|p1|Floette-Eternal, L50, F|
|poke|p1|Sneasler, L50, F|
|poke|p1|Incineroar, L50, F|
|poke|p1|Raichu, L50, F|
|poke|p1|Sinistcha, L50|
|poke|p1|Talonflame, L50, F|
|poke|p2|Greninja, L50, F|
|poke|p2|Meowscarada, L50, M|
|poke|p2|Ninetales-Alola, L50, F|
|poke|p2|Avalugg, L50, M|
|poke|p2|Beartic, L50, M|
|poke|p2|Froslass, L50, F|
|teampreview|4
|showteam|p1|Floette-Eternal||Floettite|FlowerVeil|DazzlingGleam,CalmMind,Protect,DrainingKiss|Modest||F|||50|]Sneasler||FocusSash|Unburden|CloseCombat,RockSlide,FakeOut,DireClaw|Adamant||F|||50|]Incineroar||SitrusBerry|Intimidate|PartingShot,DarkestLariat,FakeOut,HelpingHand|Careful||F|||50|]Raichu||RaichuniteY|LightningRod|ZapCannon,FakeOut,FocusBlast,Protect|Timid||F|||50|]Sinistcha||KasibBerry|Hospitality|LifeDew,ShadowBall,StrengthSap,RagePowder|Bold|||||50|]Talonflame||SharpBeak|GaleWings|DualWingbeat,Tailwind,FlareBlitz,WillOWisp|Jolly||F|||50|
|showteam|p2|Greninja||Greninjite|Protean|Blizzard,HydroPump,Extrasensory,Protect|Timid||F|||50|]Meowscarada||LifeOrb|Protean|FlowerTrick,BrickBreak,TripleAxel,ShadowClaw|Jolly||M|||50|]Ninetales-Alola||FocusSash|SnowWarning|DazzlingGleam,FreezeDry,Blizzard,HelpingHand|Timid||F|||50|]Avalugg||ExpertBelt|Sturdy|BodyPress,Earthquake,WideGuard,HeavySlam|Adamant||M|||50|]Beartic||WhiteHerb|SlushRush|AquaJet,PlayRough,RockSlide,CloseCombat|Adamant||M|||50|]Froslass||Froslassite|CursedBody|ThunderWave,Blizzard,ShadowBall,Protect|Timid||F|||50|
|
|t:|1785486686
|teamsize|p1|4
|teamsize|p2|4
|start
|switch|p1a: Floette|Floette-Eternal, L50, F|100/100
|switch|p1b: Incineroar|Incineroar, L50, F|100/100
|switch|p2a: Beartic|Beartic, L50, M|100/100
|switch|p2b: Froslass|Froslass, L50, F|100/100
|-ability|p1b: Incineroar|Intimidate|boost
|-unboost|p2a: Beartic|atk|1
|-unboost|p2b: Froslass|atk|1
|-enditem|p2a: Beartic|White Herb
|-clearnegativeboost|p2a: Beartic|[silent]
|turn|1
|inactive|Battle timer is ON: inactive players will automatically lose when time's up. (requested by Arkoos2011)
|
|t:|1785486702
|detailschange|p2b: Froslass|Froslass-Mega, L50, F
|-mega|p2b: Froslass|Froslass|Froslassite
|-weather|Snowscape|[from] ability: Snow Warning|[of] p2b: Froslass
|detailschange|p1a: Floette|Floette-Mega, L50, F
|-mega|p1a: Floette|Floette|Floettite
|-ability|p1a: Floette|Fairy Aura
|move|p1b: Incineroar|Fake Out|p2a: Beartic
|-damage|p2a: Beartic|90/100
|cant|p2a: Beartic|flinch
|move|p2b: Froslass|Thunder Wave|p1a: Floette
|-status|p1a: Floette|par
|move|p1a: Floette|Calm Mind|p1a: Floette
|-boost|p1a: Floette|spa|1
|-boost|p1a: Floette|spd|1
|
|-weather|Snowscape|[upkeep]
|upkeep
|turn|2
|
|t:|1785486725
|cant|p1a: Floette|par
|move|p2a: Beartic|Rock Slide|p1a: Floette|[spread] p1a,p1b
|-crit|p1a: Floette
|-supereffective|p1b: Incineroar|1
|-damage|p1a: Floette|70/100 par
|-damage|p1b: Incineroar|60/100
|move|p2b: Froslass|Blizzard|p1b: Incineroar|[spread] p1a,p1b
|-resisted|p1b: Incineroar|1
|-damage|p1a: Floette|50/100g par
|-damage|p1b: Incineroar|41/100
|-enditem|p1b: Incineroar|Sitrus Berry|[eat]
|-heal|p1b: Incineroar|65/100|[from] item: Sitrus Berry
|cant|p1b: Incineroar|flinch
|
|-weather|Snowscape|[upkeep]
|upkeep
|turn|3
|inactive|Arkoos2011 has 30 seconds left.
|
|t:|1785486750
|move|p1a: Floette|Protect|p1a: Floette
|-singleturn|p1a: Floette|Protect
|move|p2a: Beartic|Rock Slide|p1a: Floette|[spread] 
|-activate|p1a: Floette|move: Protect
|-miss|p2a: Beartic|p1b: Incineroar
|move|p2b: Froslass|Thunder Wave|p1b: Incineroar
|-status|p1b: Incineroar|par
|move|p1b: Incineroar|Parting Shot|p2b: Froslass
|-unboost|p2b: Froslass|atk|1
|-unboost|p2b: Froslass|spa|1
|
|t:|1785486762
|switch|p1b: Sneasler|Sneasler, L50, F|100/100|[from] Parting Shot
|
|-weather|Snowscape|[upkeep]
|upkeep
|turn|4
|
|t:|1785486784
|move|p1b: Sneasler|Fake Out|p2a: Beartic
|-damage|p2a: Beartic|77/100
|cant|p2a: Beartic|flinch
|move|p2b: Froslass|Thunder Wave|p1b: Sneasler
|-status|p1b: Sneasler|par
|cant|p1a: Floette|par
|
|-weather|Snowscape|[upkeep]
|upkeep
|turn|5
|
|t:|1785486795
|switch|p1b: Incineroar|Incineroar, L50, F|65/100 par
|-ability|p1b: Incineroar|Intimidate|boost
|-unboost|p2a: Beartic|atk|1
|-unboost|p2b: Froslass|atk|1
|cant|p1a: Floette|par
|move|p2a: Beartic|Rock Slide|p1b: Incineroar|[spread] p1a,p1b
|-supereffective|p1b: Incineroar|1
|-damage|p1a: Floette|37/100 par
|-damage|p1b: Incineroar|40/100 par
|move|p2b: Froslass|Blizzard|p1a: Floette|[spread] p1a,p1b
|-resisted|p1b: Incineroar|1
|-damage|p1a: Floette|23/100 par
|-damage|p1b: Incineroar|27/100 par
|
|-weather|none
|upkeep
|turn|6
|
|t:|1785486817
|switch|p2b: Greninja|Greninja, L50, F|100/100
|switch|p2a: Ninetales|Ninetales-Alola, L50, F|100/100
|-weather|Snowscape|[from] ability: Snow Warning|[of] p2a: Ninetales
|move|p1a: Floette|Draining Kiss|p2a: Ninetales
|-damage|p2a: Ninetales|28/100
|-heal|p1a: Floette|67/100 par|[from] drain|[of] p2a: Ninetales
|move|p1b: Incineroar|Parting Shot|p2b: Greninja
|-unboost|p2b: Greninja|atk|1
|-unboost|p2b: Greninja|spa|1
|
|t:|1785486826
|switch|p1b: Sneasler|Sneasler, L50, F|100/100 par|[from] Parting Shot
|
|-weather|Snowscape|[upkeep]
|upkeep
|turn|7
|
|t:|1785486838
|cant|p1b: Sneasler|par
|move|p2b: Greninja|Blizzard|p1a: Floette|[spread] p1a,p1b
|-start|p2b: Greninja|typechange|Ice|[from] ability: Protean
|-damage|p1a: Floette|56/100 par
|-damage|p1b: Sneasler|65/100 par
|move|p2a: Ninetales|Blizzard|p1b: Sneasler|[spread] p1a,p1b
|-damage|p1a: Floette|43/100 par
|-damage|p1b: Sneasler|18/100 par
|move|p1a: Floette|Calm Mind|p1a: Floette
|-boost|p1a: Floette|spa|1
|-boost|p1a: Floette|spd|1
|
|-weather|Snowscape|[upkeep]
|upkeep
|turn|8
|
|t:|1785486856
|move|p2b: Greninja|Blizzard|p1a: Floette|[spread] p1a,p1b
|-damage|p1a: Floette|34/100 par
|-damage|p1b: Sneasler|0 fnt
|faint|p1b: Sneasler
|move|p2a: Ninetales|Blizzard|p1a: Floette
|-damage|p1a: Floette|17/100 par
|move|p1a: Floette|Draining Kiss|p2b: Greninja
|-damage|p2b: Greninja|0 fnt
|-heal|p1a: Floette|79/100 par|[from] drain|[of] p2b: Greninja
|faint|p2b: Greninja
|
|-weather|Snowscape|[upkeep]
|upkeep
|
|t:|1785486866
|switch|p2b: Beartic|Beartic, L50, M|77/100
|switch|p1b: Talonflame|Talonflame, L50, F|100/100
|turn|9
|
|t:|1785486875
|move|p2a: Ninetales|Helping Hand|p2b: Beartic
|-singleturn|p2b: Beartic|Helping Hand|[of] p2a: Ninetales
|move|p2b: Beartic|Rock Slide|p1a: Floette|[spread] p1a,p1b
|-supereffective|p1b: Talonflame|2
|-damage|p1a: Floette|50/100g par
|-damage|p1b: Talonflame|0 fnt
|faint|p1b: Talonflame
|cant|p1a: Floette|flinch
|
|-weather|Snowscape|[upkeep]
|upkeep
|
|t:|1785486881
|switch|p1b: Incineroar|Incineroar, L50, F|27/100 par
|-ability|p1b: Incineroar|Intimidate|boost
|-unboost|p2a: Ninetales|atk|1
|-unboost|p2b: Beartic|atk|1
|turn|10
|
|t:|1785486897
|move|p1b: Incineroar|Fake Out|p2b: Beartic
|-damage|p2b: Beartic|68/100
|cant|p2b: Beartic|flinch
|move|p2a: Ninetales|Dazzling Gleam|p1a: Floette|[spread] p1a,p1b
|-damage|p1a: Floette|40/100 par
|-damage|p1b: Incineroar|2/100 par
|move|p1a: Floette|Dazzling Gleam|p2b: Beartic|[spread] p2a,p2b
|-damage|p2a: Ninetales|0 fnt
|-damage|p2b: Beartic|0 fnt
|faint|p2a: Ninetales
|faint|p2b: Beartic
|
|-weather|none
|upkeep
|
|t:|1785486906
|switch|p2b: Froslass|Froslass-Mega, L50, F|100/100
|-weather|Snowscape|[from] ability: Snow Warning|[of] p2b: Froslass
|turn|11
|
|t:|1785486921
|move|p1b: Incineroar|Helping Hand|p1a: Floette
|-singleturn|p1a: Floette|Helping Hand|[of] p1b: Incineroar
|move|p2b: Froslass|Blizzard|p1a: Floette|[spread] p1a,p1b
|-resisted|p1b: Incineroar|1
|-damage|p1a: Floette|24/100 par
|-damage|p1b: Incineroar|0 fnt
|faint|p1b: Incineroar
|move|p1a: Floette|Draining Kiss|p2b: Froslass
|-crit|p2b: Froslass
|-damage|p2b: Froslass|0 fnt
|-heal|p1a: Floette|85/100 par|[from] drain|[of] p2b: Froslass
|faint|p2b: Froslass
|
|win|Arkoos2011
||Arkoos2011 is ready for game 3.
||Jelloxc is ready for game 3.
|uhtml|next|Next: Game 3 of 3
