|j|â˜†PaquitoelBollito
|j|â˜†NotAfrogGaming
|html|PaquitoelBollitoNotAfrogGaming    
|uhtml|bestof|Game 3 of a best-of-3
|t:|1786125443
|gametype|doubles
|player|p1|PaquitoelBollito|102|1165
|player|p2|NotAfrogGaming|boarder|1218
|gen|9
|tier|[Gen 9 Champions] VGC 2026 Reg M-B (Bo3)
|rated|
|rule|Species Clause: Limit one of each PokÃ©mon
|rule|Item Clause: Limit 1 of each item
|clearpoke
|poke|p1|Froslass, L50, F|
|poke|p1|Scovillain, L50, F|
|poke|p1|Kingambit, L50, M|
|poke|p1|Sneasler, L50, F|
|poke|p1|Basculegion, L50, M|
|poke|p1|Lycanroc-Dusk, L50, F|
|poke|p2|Tyranitar, L50, M, shiny|
|poke|p2|Excadrill, L50, F, shiny|
|poke|p2|Sinistcha, L50|
|poke|p2|Decidueye-Hisui, L50, F|
|poke|p2|Palafin, L50, M, shiny|
|poke|p2|Arcanine-Hisui, L50, M, shiny|
|teampreview|4
|showteam|p1|Froslass||Froslassite|CursedBody|Protect,Blizzard,AuroraVeil,ShadowBall|Modest||F|||50|]Scovillain||Scovillainite|Moody|Protect,Overheat,GigaDrain,RagePowder|Modest||F|||50|]Kingambit||BlackGlasses|Defiant|Protect,KowtowCleave,SwordsDance,SuckerPunch|Adamant||M|||50|]Sneasler||WhiteHerb|Unburden|FakeOut,GunkShot,CloseCombat,Protect|Adamant||F|||50|]Basculegion||SitrusBerry|Adaptability|Protect,LastRespects,WaveCrash,AquaJet|Adamant||M|||50|]Lycanroc-Dusk||FocusSash|ToughClaws|Protect,Accelerock,RockSlide,CloseCombat|Adamant||F|||50|
|showteam|p2|Tyranitar||Tyranitarite|SandStream|RockSlide,KnockOff,LowKick,Protect|Adamant||M|||50|]Excadrill||FocusSash|SandRush|HighHorsepower,IronHead,RockSlide,Protect|Adamant||F|||50|]Sinistcha||SitrusBerry|Hospitality|MatchaGotcha,RagePowder,TrickRoom,Protect|Bold|||||50|]Decidueye-Hisui||ScopeLens|Scrappy|TripleArrows,LeafBlade,BraveBird,Protect|Adamant||F|||50|]Palafin||LifeOrb|ZerotoHero|WaveCrash,JetPunch,IcePunch,Protect|Jolly||M|||50|]Arcanine-Hisui||ChoiceScarf|Intimidate|FlareBlitz,HeadSmash,WildCharge,RockSlide|Jolly||M|||50|
|inactive|Battle timer is ON: inactive players will automatically lose when time's up. (requested by PaquitoelBollito)
|inactive|PaquitoelBollito has 60 seconds left.
|inactive|NotAfrogGaming has 60 seconds left.
|
|t:|1786125484
|teamsize|p1|4
|teamsize|p2|4
|start
|switch|p1a: Froslass|Froslass, L50, F|100/100
|switch|p1b: Sneasler|Sneasler, L50, F|100/100
|switch|p2a: Sinistcha|Sinistcha, L50|100/100
|switch|p2b: Decidueye|Decidueye-Hisui, L50, F|100/100
|turn|1
|inactive|NotAfrogGaming has 30 seconds left.
|
|t:|1786125513
|detailschange|p1a: Froslass|Froslass-Mega, L50, F
|-mega|p1a: Froslass|Froslass|Froslassite
|-weather|Snowscape|[from] ability: Snow Warning|[of] p1a: Froslass
|move|p2b: Decidueye|Protect|p2b: Decidueye
|-singleturn|p2b: Decidueye|Protect
|move|p1b: Sneasler|Gunk Shot|p2a: Sinistcha
|-damage|p2a: Sinistcha|52/100
|-status|p2a: Sinistcha|psn
|move|p1a: Froslass|Blizzard|p2a: Sinistcha|[spread] p2a
|-activate|p2b: Decidueye|move: Protect
|-supereffective|p2a: Sinistcha|1
|-damage|p2a: Sinistcha|0 fnt
|faint|p2a: Sinistcha
|
|-weather|Snowscape|[upkeep]
|upkeep
|
|t:|1786125528
|switch|p2a: TTAR|Tyranitar, L50, M, shiny|100/100
|-weather|Sandstorm|[from] ability: Sand Stream|[of] p2a: TTAR
|turn|2
|
|t:|1786125538
|switch|p1a: Kingambit|Kingambit, L50, M|100/100
|switch|p2a: Ms Drill Face|Excadrill, L50, F, shiny|100/100
|move|p1b: Sneasler|Protect|p1b: Sneasler
|-singleturn|p1b: Sneasler|Protect
|move|p2b: Decidueye|Triple Arrows|p1a: Kingambit
|-supereffective|p1a: Kingambit|2
|-crit|p1a: Kingambit
|-damage|p1a: Kingambit|0 fnt
|faint|p1a: Kingambit
|
|-weather|Sandstorm|[upkeep]
|-damage|p1b: Sneasler|94/100|[from] Sandstorm
|-damage|p2b: Decidueye|94/100|[from] Sandstorm
|upkeep
|
|t:|1786125550
|switch|p1a: Froslass|Froslass-Mega, L50, F|100/100
|-weather|Snowscape|[from] ability: Snow Warning|[of] p1a: Froslass
|turn|3
|
|t:|1786125566
|switch|p2b: TTAR|Tyranitar, L50, M, shiny|100/100
|-weather|Sandstorm|[from] ability: Sand Stream|[of] p2b: TTAR
|move|p2a: Ms Drill Face|High Horsepower|p1b: Sneasler
|-supereffective|p1b: Sneasler|1
|-damage|p1b: Sneasler|0 fnt
|faint|p1b: Sneasler
|move|p1a: Froslass|Blizzard|p2a: Ms Drill Face|[spread] p2a,p2b
|-damage|p2a: Ms Drill Face|36/100
|-damage|p2b: TTAR|74/100
|
|-weather|Sandstorm|[upkeep]
|-damage|p1a: Froslass|93/100|[from] Sandstorm
|upkeep
|
|t:|1786125575
|switch|p1b: Lycanroc|Lycanroc-Dusk, L50, F|100/100
|turn|4
|inactive|NotAfrogGaming has 30 seconds left.
|
|t:|1786125609
|detailschange|p2b: TTAR|Tyranitar-Mega, L50, M, shiny
|-mega|p2b: TTAR|Tyranitar|Tyranitarite
|move|p2b: TTAR|Protect|p2b: TTAR
|-singleturn|p2b: TTAR|Protect
|move|p2a: Ms Drill Face|Iron Head|p1a: Froslass
|-supereffective|p1a: Froslass|1
|-damage|p1a: Froslass|0 fnt
|faint|p1a: Froslass
|move|p1b: Lycanroc|Close Combat|p2b: TTAR
|-activate|p2b: TTAR|move: Protect
|
|-weather|Sandstorm|[upkeep]
|upkeep
|turn|5
|c|â˜†NotAfrogGaming|bruh how tf did i win this
|inactive|NotAfrogGaming has 30 seconds left.
|inactive|NotAfrogGaming has 20 seconds left.
|
|t:|1786125644
|move|p1b: Lycanroc|Accelerock|p2a: Ms Drill Face
|-resisted|p2a: Ms Drill Face|2
|-damage|p2a: Ms Drill Face|26/100
|move|p2a: Ms Drill Face|Iron Head|p1b: Lycanroc
|-supereffective|p1b: Lycanroc|1
|-enditem|p1b: Lycanroc|Focus Sash
|-damage|p1b: Lycanroc|1/100
|move|p2b: TTAR|Knock Off|p1b: Lycanroc
|-damage|p1b: Lycanroc|0 fnt
|faint|p1b: Lycanroc
|
|win|NotAfrogGaming
|raw|PaquitoelBollito's rating: 1165 → 1144(-21 for losing)
|raw|NotAfrogGaming's rating: 1218 → 1239(+21 for winning)
