|j|☆Daniw9
|j|☆latios66
|html|Daniw9latios66    
|uhtml|bestof|Game 1 of a best-of-3
|t:|1756330689
|gametype|doubles
|player|p1|Daniw9|2|1148
|player|p2|latios66|265|1092
|gen|9
|tier|[Gen 9] VGC 2025 Reg H (Bo3)
|rated|
|rule|Species Clause: Limit one of each Pokémon
|rule|Item Clause: Limit 1 of each item
|clearpoke
|poke|p1|Garchomp, L50, M|
|poke|p1|Tyranitar, L50, F|
|poke|p1|Delphox, L50, F|
|poke|p1|Indeedee-F, L50, F|
|poke|p1|Gallade, L50, M|
|poke|p1|Whimsicott, L50, M|
|poke|p2|Indeedee, L50, M|
|poke|p2|Drifblim, L50, M|
|poke|p2|Gardevoir, L50, M|
|poke|p2|Kommo-o, L50, M|
|poke|p2|Toxtricity, L50, M|
|poke|p2|Hydreigon, L50, M|
|teampreview|4
|showteam|p1|Garchomp||LifeOrb|RoughSkin|Earthquake,StompingTantrum,Protect,DragonClaw|||M|||50|,,,,,Steel]Tyranitar||AssaultVest|SandStream|RockSlide,TeraBlast,KnockOff,LowKick|||F|||50|,,,,,Flying]Delphox||PsychicSeed|Magician|ExpandingForce,HeatWave,TeraBlast,Protect|||F|||50|,,,,,Fairy]Indeedee-F||SafetyGoggles|PsychicSurge|DazzlingGleam,TrickRoom,FollowMe,HelpingHand|||F|||50|,,,,,Water]Gallade||ClearAmulet|Sharpness|SacredSword,PsychoCut,TrickRoom,Protect|||M|||50|,,,,,Grass]Whimsicott||CovertCloak|Prankster|Moonblast,Tailwind,Encore,Protect|||M|||50|,,,,,Ghost
|showteam|p2|Indeedee||FocusSash|PsychicSurge|ExpandingForce,TeraBlast,Imprison,TrickRoom|||M|||50|,,,,,Ground]Drifblim||PsychicSeed|Unburden|ShadowBall,WillOWisp,StrengthSap,Tailwind|||M|||50|,,,,,Grass]Gardevoir||ChoiceScarf|Telepathy|Moonblast,DazzlingGleam,ExpandingForce,Trick|||M|||50|,,,,,Psychic]Kommo-o||Leftovers|Soundproof|BodyPress,Flamethrower,IronDefense,Protect|||M|||50|,,,,,Fire]Toxtricity||ChoiceSpecs|PunkRock|Overdrive,SludgeBomb,Boomburst,VoltSwitch|||M|||50|,,,,,Normal]Hydreigon||AssaultVest|Levitate|DarkPulse,DracoMeteor,EarthPower,Snarl|||M|||50|,,,,,Ghost
|
|t:|1756330726
|teamsize|p1|4
|teamsize|p2|4
|start
|switch|p1a: Gallade|Gallade, L50, M|100/100
|switch|p1b: Whimsicott|Whimsicott, L50, M|100/100
|switch|p2a: Indeedee|Indeedee, L50, M|100/100
|switch|p2b: Drifblim|Drifblim, L50, M|100/100
|-fieldstart|move: Psychic Terrain|[from] ability: Psychic Surge|[of] p2a: Indeedee
|-enditem|p2b: Drifblim|Psychic Seed
|-boost|p2b: Drifblim|spd|1|[from] item: Psychic Seed
|turn|1
|
|t:|1756330755
|move|p1b: Whimsicott|Tailwind|p1b: Whimsicott
|-sidestart|p1: Daniw9|move: Tailwind
|move|p2b: Drifblim|Tailwind|p2b: Drifblim
|-sidestart|p2: latios66|move: Tailwind
|move|p2a: Indeedee|Expanding Force|p1a: Gallade|[spread] p1a,p1b
|-damage|p1a: Gallade|52/100
|-damage|p1b: Whimsicott|25/100
|move|p1a: Gallade|Sacred Sword|p2a: Indeedee
|-enditem|p2a: Indeedee|Focus Sash
|-damage|p2a: Indeedee|1/100
|
|upkeep
|turn|2
|
|t:|1756330773
|switch|p1a: Delphox|Delphox, L50, F|100/100
|-enditem|p1a: Delphox|Psychic Seed
|-boost|p1a: Delphox|spd|1|[from] item: Psychic Seed
|move|p1b: Whimsicott|Encore|p2b: Drifblim
|-start|p2b: Drifblim|Encore
|move|p2b: Drifblim|Tailwind||[still]
|-fail|p2b: Drifblim
|move|p2a: Indeedee|Expanding Force|p1b: Whimsicott|[spread] p1a,p1b
|-resisted|p1a: Delphox
|-damage|p1a: Delphox|81/100
|-damage|p1b: Whimsicott|0 fnt
|faint|p1b: Whimsicott
|
|upkeep
|
|t:|1756330785
|switch|p1b: Indeedee|Indeedee-F, L50, F|100/100
|turn|3
|
|t:|1756330806
|switch|p2b: Kommo-o|Kommo-o, L50, M|100/100
|move|p1b: Indeedee|Helping Hand|p1a: Delphox
|-singleturn|p1a: Delphox|Helping Hand|[of] p1b: Indeedee
|move|p2a: Indeedee|Expanding Force|p1b: Indeedee|[spread] p1a,p1b
|-resisted|p1a: Delphox
|-resisted|p1b: Indeedee
|-damage|p1a: Delphox|62/100
|-damage|p1b: Indeedee|73/100
|move|p1a: Delphox|Expanding Force|p2a: Indeedee|[spread] p2a,p2b
|-resisted|p2a: Indeedee
|-supereffective|p2b: Kommo-o
|-damage|p2a: Indeedee|0 fnt
|-damage|p2b: Kommo-o|0 fnt
|faint|p2a: Indeedee
|faint|p2b: Kommo-o
|-item|p1a: Delphox|Leftovers|[from] ability: Magician|[of] p2: Kommo-o
|
|-heal|p1a: Delphox|68/100|[from] item: Leftovers
|upkeep
|
|t:|1756330814
|switch|p2a: Drifblim|Drifblim, L50, M|100/100
|switch|p2b: Toxtricity|Toxtricity, L50, M|100/100
|turn|4
|
|t:|1756330831
|-terastallize|p2b: Toxtricity|Normal
|move|p1b: Indeedee|Helping Hand|p1a: Delphox
|-singleturn|p1a: Delphox|Helping Hand|[of] p1b: Indeedee
|move|p1a: Delphox|Expanding Force|p2a: Drifblim|[spread] p2a,p2b
|-damage|p2a: Drifblim|16/100
|-damage|p2b: Toxtricity|0 fnt
|faint|p2b: Toxtricity
|move|p2a: Drifblim|Will-O-Wisp|p1b: Indeedee
|-status|p1b: Indeedee|brn
|
|-heal|p1a: Delphox|73/100|[from] item: Leftovers
|-damage|p1b: Indeedee|67/100 brn|[from] brn
|-sideend|p2: latios66|move: Tailwind
|-sideend|p1: Daniw9|move: Tailwind
|upkeep
|turn|5
|
|t:|1756330846
|move|p1a: Delphox|Expanding Force|p2a: Drifblim
|-damage|p2a: Drifblim|0 fnt
|faint|p2a: Drifblim
|
|win|Daniw9
||latios66 is ready for game 2.
||Daniw9 is ready for game 2.
|uhtml|next|Next: Game 2 of 3
