|j|☆Seetrell
|j|☆joekarsw
|html|Seetrelljoekarsw    
|uhtml|bestof|Game 2 of a best-of-3
|t:|1785089658
|gametype|doubles
|player|p1|Seetrell|102|
|player|p2|joekarsw|2|
|gen|9
|tier|[Gen 9 Champions] VGC 2026 Reg M-B (Bo3)
|rule|Species Clause: Limit one of each Pokémon
|rule|Item Clause: Limit 1 of each item
|clearpoke
|poke|p1|Milotic, L50, M|
|poke|p1|Lopunny, L50, M, shiny|
|poke|p1|Sylveon, L50, M|
|poke|p1|Goodra-Hisui, L50, F|
|poke|p1|Camerupt, L50, F|
|poke|p1|Heracross, L50, F|
|poke|p2|Noivern, L50, M|
|poke|p2|Gardevoir, L50, M|
|poke|p2|Kingambit, L50, F|
|poke|p2|Ariados, L50, M|
|poke|p2|Torterra, L50, M|
|poke|p2|Basculegion-F, L50, F|
|teampreview|4
|showteam|p1|Milotic||Leftovers|Competitive|IceBeam,DrainingKiss,Recover,AquaTail|Quiet||M|||50|]Lopunny||Lopunnite|Limber|AfterYou,FakeOut,CloseCombat,Uturn|Adamant||M|||50|]Sylveon||SitrusBerry|Pixilate|DrainingKiss,HyperVoice,Reflect,CalmMind|Modest||M|||50|]Goodra-Hisui||BrightPowder|ShellArmor|Protect,FlashCannon,Shelter,IceBeam|Lax||F|||50|]Camerupt||Cameruptite|SolidRock|AncientPower,EarthPower,HeatWave,Protect|Rash||F|||50|]Heracross||FocusSash|Moxie|CloseCombat,Megahorn,PinMissile,IronDefense|Adamant||F|||50|
|showteam|p2|Noivern||FocusSash|Frisk|Taunt,Tailwind,Protect,Uturn|Jolly||M|||50|]Gardevoir||Gardevoirite|Synchronize|HyperVoice,TrickRoom,CalmMind,MysticalFire|Timid||M|||50|]Kingambit||RoseliBerry|Defiant|SuckerPunch,IronHead,SwordsDance,KowtowCleave|Adamant||F|||50|]Ariados||Leftovers|Insomnia|PoisonJab,Protect,RagePowder,ToxicThread|Serious||M|||50|]Torterra||ChoiceScarf|ShellArmor|SeedBomb,HeadlongRush,HeavySlam,RockSlide|Jolly||M|||50|]Basculegion-F||MysticWater|Adaptability|HydroPump,Hex,Protect,IceBeam|Modest||F|||50|
|inactive|Battle timer is ON: inactive players will automatically lose when time's up. (requested by joekarsw)
|j| Usurper17
|
|t:|1785089699
|teamsize|p1|4
|teamsize|p2|4
|start
|switch|p1a: Sylveon|Sylveon, L50, M|100/100
|switch|p1b: Camerupt|Camerupt, L50, F|100/100
|switch|p2a: Noivern|Noivern, L50, M|100/100
|switch|p2b: Torterra|Torterra, L50, M|100/100
|-item|p1a: Sylveon|Sitrus Berry|[from] ability: Frisk|[of] p2a: Noivern
|-item|p1b: Camerupt|Cameruptite|[from] ability: Frisk|[of] p2a: Noivern
|turn|1
|inactive|Seetrell has 30 seconds left.
|inactive|joekarsw has 30 seconds left.
|
|t:|1785089729
|move|p2a: Noivern|Tailwind|p2a: Noivern
|-sidestart|p2: joekarsw|move: Tailwind
|move|p2b: Torterra|Headlong Rush|p1b: Camerupt
|-supereffective|p1b: Camerupt|1
|-damage|p1b: Camerupt|0 fnt
|-unboost|p2b: Torterra|def|1
|-unboost|p2b: Torterra|spd|1
|faint|p1b: Camerupt
|move|p1a: Sylveon|Hyper Voice|p2a: Noivern|[spread] p2a,p2b
|-supereffective|p2a: Noivern|1
|-damage|p2a: Noivern|4/100
|-damage|p2b: Torterra|33/100
|
|upkeep
|
|t:|1785089743
|switch|p1b: Lopunny|Lopunny, L50, M, shiny|100/100
|turn|2
|
|t:|1785089751
|switch|p2b: Kingambit|Kingambit, L50, F|100/100
|move|p2a: Noivern|Protect|p2a: Noivern
|-singleturn|p2a: Noivern|Protect
|move|p1b: Lopunny|Fake Out|p2b: Kingambit
|-resisted|p2b: Kingambit|1
|-damage|p2b: Kingambit|93/100
|move|p1a: Sylveon|Hyper Voice|p2a: Noivern|[spread] p2b
|-activate|p2a: Noivern|move: Protect
|-damage|p2b: Kingambit|54/100
|
|upkeep
|turn|3
|inactive|joekarsw has 30 seconds left.
|inactive|joekarsw has 20 seconds left.
|
|t:|1785089787
|detailschange|p1b: Lopunny|Lopunny-Mega, L50, M, shiny
|-mega|p1b: Lopunny|Lopunny|Lopunnite
|move|p2a: Noivern|U-turn|p1b: Lopunny
|-resisted|p1b: Lopunny|1
|-damage|p1b: Lopunny|91/100
|
|t:|1785089793
|switch|p2a: Gardevoir|Gardevoir, L50, M|100/100|[from] U-turn
|move|p1b: Lopunny|Close Combat|p2b: Kingambit
|-supereffective|p2b: Kingambit|2
|-damage|p2b: Kingambit|0 fnt
|-unboost|p1b: Lopunny|def|1
|-unboost|p1b: Lopunny|spd|1
|faint|p2b: Kingambit
|move|p1a: Sylveon|Reflect|p1a: Sylveon
|-sidestart|p1: Seetrell|Reflect
|
|upkeep
|
|t:|1785089804
|switch|p2b: Torterra|Torterra, L50, M|33/100
|turn|4
|
|t:|1785089814
|detailschange|p2a: Gardevoir|Gardevoir-Mega, L50, M
|-mega|p2a: Gardevoir|Gardevoir|Gardevoirite
|move|p2a: Gardevoir|Hyper Voice|p1b: Lopunny|[spread] p1a,p1b
|-supereffective|p1b: Lopunny|1
|-damage|p1a: Sylveon|66/100
|-damage|p1b: Lopunny|0 fnt
|faint|p1b: Lopunny
|move|p2b: Torterra|Headlong Rush|p1a: Sylveon
|-damage|p1a: Sylveon|6/100
|-unboost|p2b: Torterra|def|1
|-unboost|p2b: Torterra|spd|1
|-enditem|p1a: Sylveon|Sitrus Berry|[eat]
|-heal|p1a: Sylveon|31/100|[from] item: Sitrus Berry
|move|p1a: Sylveon|Hyper Voice|p2b: Torterra|[spread] p2a,p2b
|-crit|p2a: Gardevoir
|-damage|p2a: Gardevoir|34/100
|-damage|p2b: Torterra|0 fnt
|faint|p2b: Torterra
|
|-sideend|p2: joekarsw|move: Tailwind
|upkeep
|
|t:|1785089830
|switch|p1b: Goodra|Goodra-Hisui, L50, F|100/100
|switch|p2b: Noivern|Noivern, L50, M|4/100
|-item|p1b: Goodra|Bright Powder|[from] ability: Frisk|[of] p2b: Noivern
|turn|5
|
|t:|1785089840
|move|p2b: Noivern|Tailwind|p2b: Noivern
|-sidestart|p2: joekarsw|move: Tailwind
|move|p2a: Gardevoir|Hyper Voice|p1a: Sylveon|[spread] p1a,p1b
|-damage|p1a: Sylveon|0 fnt
|-damage|p1b: Goodra|64/100
|faint|p1a: Sylveon
|move|p1b: Goodra|Flash Cannon|p2a: Gardevoir
|-supereffective|p2a: Gardevoir|1
|-damage|p2a: Gardevoir|0 fnt
|faint|p2a: Gardevoir
|
|upkeep
|turn|6
|
|t:|1785089852
|move|p2b: Noivern|Protect|p2b: Noivern
|-singleturn|p2b: Noivern|Protect
|move|p1b: Goodra|Ice Beam|p2b: Noivern
|-activate|p2b: Noivern|move: Protect
|
|upkeep
|turn|7
|
|t:|1785089862
|move|p1b: Goodra|Protect|p1b: Goodra
|-singleturn|p1b: Goodra|Protect
|move|p2b: Noivern|U-turn|p1b: Goodra
|-activate|p1b: Goodra|move: Protect
|
|-sideend|p1: Seetrell|Reflect
|upkeep
|turn|8
|
|t:|1785089868
|move|p2b: Noivern|U-turn|p1b: Goodra
|-resisted|p1b: Goodra|1
|-damage|p1b: Goodra|59/100
|move|p1b: Goodra|Ice Beam|p2b: Noivern
|-supereffective|p2b: Noivern|2
|-damage|p2b: Noivern|0 fnt
|faint|p2b: Noivern
|
|win|Seetrell
||joekarsw is ready for game 3.
||Seetrell is ready for game 3.
|uhtml|next|Next: Game 3 of 3
|c| Usurper17|GAME 3 BABY
