|j|☆ReshiramVG
|j|☆bexuanmailonto
|html|ReshiramVGbexuanmailonto    
|uhtml|bestof|Game 1 of a best-of-3
|t:|1786101641
|gametype|doubles
|player|p1|ReshiramVG|hilbert|1185
|player|p2|bexuanmailonto|266|1149
|gen|9
|tier|[Gen 9 Champions] VGC 2026 Reg M-B (Bo3)
|rated|
|rule|Species Clause: Limit one of each Pokémon
|rule|Item Clause: Limit 1 of each item
|clearpoke
|poke|p1|Incineroar, L50, M|
|poke|p1|Sinistcha-Masterpiece, L50|
|poke|p1|Ceruledge, L50, F|
|poke|p1|Floette-Eternal, L50, F|
|poke|p1|Rotom-Wash, L50|
|poke|p1|Staraptor, L50, M|
|poke|p2|Charizard, L50, M|
|poke|p2|Garchomp, L50, F|
|poke|p2|Sylveon, L50, F|
|poke|p2|Farigiraf, L50, M|
|poke|p2|Kingambit, L50, M|
|poke|p2|Aerodactyl, L50, M|
|teampreview|4
|showteam|p1|Incineroar||SitrusBerry|Intimidate|FlareBlitz,ThroatChop,PartingShot,FakeOut|Impish||M|||50|]Sinistcha-Masterpiece||OccaBerry|Hospitality|Protect,MatchaGotcha,RagePowder,LifeDew|Bold|||||50|]Ceruledge||ColburBerry|FlashFire|Protect,BitterBlade,ShadowSneak,BulkUp|Adamant||F|||50|]Floette-Eternal||Floettite|FlowerVeil|Protect,DazzlingGleam,DrainingKiss,CalmMind|Serious||F|||50|]Rotom-Wash||ChoiceScarf|Levitate|HydroPump,VoltSwitch,Electroweb,WillOWisp|Timid|||||50|]Staraptor||Staraptite|Intimidate|Protect,CloseCombat,BraveBird,Tailwind|Jolly||M|||50|
|showteam|p2|Charizard||CharizarditeY|SolarPower|Protect,HeatWave,WeatherBall,SolarBeam|Modest||M|||50|]Garchomp||Garchompite|RoughSkin|Protect,DragonClaw,StompingTantrum,Earthquake|Jolly||F|||50|]Sylveon||FairyFeather|Pixilate|Detect,QuickAttack,HyperVoice,HyperBeam|Modest||F|||50|]Farigiraf||SitrusBerry|ArmorTail|TwinBeam,Thunderbolt,Protect,TrickRoom|Bold||M|||50|]Kingambit||BlackGlasses|Defiant|KowtowCleave,Protect,SuckerPunch,IronHead|Adamant||M|||50|]Aerodactyl||FocusSash|Unnerve|RockSlide,DualWingbeat,WideGuard,Tailwind|Jolly||M|||50|
|inactive|Battle timer is ON: inactive players will automatically lose when time's up. (requested by ReshiramVG)
|
|t:|1786101724
|teamsize|p1|4
|teamsize|p2|4
|start
|switch|p1a: Rotom|Rotom-Wash, L50|100/100
|switch|p1b: Ceruledge|Ceruledge, L50, F|100/100
|switch|p2a: Kingambit|Kingambit, L50, M|100/100
|switch|p2b: Aerodactyl|Aerodactyl, L50, M|100/100
|-ability|p2b: Aerodactyl|Unnerve
|turn|1
|
|t:|1786101749
|move|p1a: Rotom|Will-O-Wisp|p2a: Kingambit
|-status|p2a: Kingambit|brn
|move|p2b: Aerodactyl|Tailwind|p2b: Aerodactyl
|-sidestart|p2: bexuanmailonto|move: Tailwind
|move|p2a: Kingambit|Kowtow Cleave|p1b: Ceruledge
|-supereffective|p1b: Ceruledge|1
|-damage|p1b: Ceruledge|31/100
|move|p1b: Ceruledge|Bulk Up|p1b: Ceruledge
|-boost|p1b: Ceruledge|atk|1
|-boost|p1b: Ceruledge|def|1
|
|-damage|p2a: Kingambit|94/100 brn|[from] brn
|upkeep
|turn|2
|inactive|ReshiramVG has 30 seconds left.
|
|t:|1786101784
|switch|p2b: Sylveon|Sylveon, L50, F|100/100
|switch|p1a: Sinistcha|Sinistcha-Masterpiece, L50|100/100
|-heal|p1b: Ceruledge|56/100|[from] ability: Hospitality|[of] p1a: Sinistcha
|move|p1b: Ceruledge|Protect|p1b: Ceruledge
|-singleturn|p1b: Ceruledge|Protect
|move|p2a: Kingambit|Kowtow Cleave|p1b: Ceruledge
|-activate|p1b: Ceruledge|move: Protect
|
|-damage|p2a: Kingambit|88/100 brn|[from] brn
|upkeep
|turn|3
|
|t:|1786101808
|move|p1a: Sinistcha|Rage Powder|p1a: Sinistcha
|-singleturn|p1a: Sinistcha|move: Rage Powder
|move|p2b: Sylveon|Hyper Voice|p1b: Ceruledge|[spread] p1a,p1b
|-resisted|p1b: Ceruledge|1
|-damage|p1a: Sinistcha|52/100
|-damage|p1b: Ceruledge|34/100
|move|p2a: Kingambit|Kowtow Cleave|p1a: Sinistcha
|-supereffective|p1a: Sinistcha|1
|-damage|p1a: Sinistcha|4/100
|move|p1b: Ceruledge|Bitter Blade|p2b: Sylveon
|-damage|p2b: Sylveon|15/100
|-heal|p1b: Ceruledge|78/100|[from] drain|[of] p2b: Sylveon
|
|-damage|p2a: Kingambit|82/100 brn|[from] brn
|upkeep
|turn|4
|
|t:|1786101832
|move|p2b: Sylveon|Quick Attack|p1a: Sinistcha
|-damage|p1a: Sinistcha|0 fnt
|faint|p1a: Sinistcha
|move|p1b: Ceruledge|Shadow Sneak|p2b: Sylveon
|-damage|p2b: Sylveon|0 fnt
|faint|p2b: Sylveon
|move|p2a: Kingambit|Kowtow Cleave|p1b: Ceruledge
|-supereffective|p1b: Ceruledge|1
|-enditem|p1b: Ceruledge|Colbur Berry|[eat]
|-enditem|p1b: Ceruledge|Colbur Berry|[weaken]
|-damage|p1b: Ceruledge|56/100
|
|-damage|p2a: Kingambit|76/100 brn|[from] brn
|-sideend|p2: bexuanmailonto|move: Tailwind
|upkeep
|inactive|ReshiramVG has 30 seconds left.
|inactive|ReshiramVG has 20 seconds left.
|
|t:|1786101871
|switch|p2b: Aerodactyl|Aerodactyl, L50, M|100/100
|switch|p1a: Rotom|Rotom-Wash, L50|100/100
|-ability|p2b: Aerodactyl|Unnerve
|turn|5
|inactive|ReshiramVG has 30 seconds left.
|inactive|bexuanmailonto has 30 seconds left.
|inactive|bexuanmailonto has 20 seconds left.
|
|t:|1786101907
|move|p1b: Ceruledge|Protect|p1b: Ceruledge
|-singleturn|p1b: Ceruledge|Protect
|move|p2a: Kingambit|Protect|p2a: Kingambit
|-singleturn|p2a: Kingambit|Protect
|move|p1a: Rotom|Hydro Pump|p2b: Aerodactyl
|-supereffective|p2b: Aerodactyl|1
|-enditem|p2b: Aerodactyl|Focus Sash
|-damage|p2b: Aerodactyl|1/100
|move|p2b: Aerodactyl|Tailwind|p2b: Aerodactyl
|-sidestart|p2: bexuanmailonto|move: Tailwind
|
|-damage|p2a: Kingambit|70/100 brn|[from] brn
|upkeep
|turn|6
|inactive|ReshiramVG has 30 seconds left.
|
|t:|1786101941
|move|p2b: Aerodactyl|Rock Slide|p1a: Rotom|[spread] p1a
|-miss|p2b: Aerodactyl|p1b: Ceruledge
|-damage|p1a: Rotom|71/100
|move|p1a: Rotom|Hydro Pump|p2b: Aerodactyl
|-supereffective|p2b: Aerodactyl|1
|-damage|p2b: Aerodactyl|0 fnt
|faint|p2b: Aerodactyl
|move|p2a: Kingambit|Kowtow Cleave|p1b: Ceruledge
|-supereffective|p1b: Ceruledge|1
|-damage|p1b: Ceruledge|17/100
|move|p1b: Ceruledge|Bitter Blade|p2a: Kingambit
|-supereffective|p2a: Kingambit|1
|-damage|p2a: Kingambit|0 fnt
|-heal|p1b: Ceruledge|54/100|[from] drain|[of] p2a: Kingambit
|faint|p2a: Kingambit
|
|upkeep
|
|t:|1786101956
|switch|p2b: Garchomp|Garchomp, L50, F|100/100
|turn|7
|inactive|ReshiramVG has 30 seconds left.
|
|t:|1786101985
|detailschange|p2b: Garchomp|Garchomp-Mega, L50, F
|-mega|p2b: Garchomp|Garchomp|Garchompite
|move|p1b: Ceruledge|Shadow Sneak|p2b: Garchomp
|-damage|p2b: Garchomp|72/100
|move|p2b: Garchomp|Dragon Claw|p1a: Rotom
|-damage|p1a: Rotom|19/100
|move|p1a: Rotom|Hydro Pump|p2b: Garchomp|[miss]
|-miss|p1a: Rotom|p2b: Garchomp
|
|upkeep
|turn|8
|
|t:|1786102009
|move|p1b: Ceruledge|Shadow Sneak|p2b: Garchomp
|-damage|p2b: Garchomp|44/100
|move|p2b: Garchomp|Dragon Claw|p1a: Rotom
|-crit|p1a: Rotom
|-damage|p1a: Rotom|0 fnt
|faint|p1a: Rotom
|
|-sideend|p2: bexuanmailonto|move: Tailwind
|upkeep
|
|t:|1786102014
|switch|p1a: Floette|Floette-Eternal, L50, F|100/100
|turn|9
|
|t:|1786102020
|detailschange|p1a: Floette|Floette-Mega, L50, F
|-mega|p1a: Floette|Floette|Floettite
|-ability|p1a: Floette|Fairy Aura
|move|p1b: Ceruledge|Shadow Sneak|p2b: Garchomp
|-damage|p2b: Garchomp|16/100
|move|p2b: Garchomp|Earthquake|p1b: Ceruledge|[spread] p1a,p1b
|-supereffective|p1b: Ceruledge|1
|-damage|p1a: Floette|52/100
|-damage|p1b: Ceruledge|0 fnt
|faint|p1b: Ceruledge
|move|p1a: Floette|Dazzling Gleam|p2b: Garchomp
|-supereffective|p2b: Garchomp|1
|-damage|p2b: Garchomp|0 fnt
|faint|p2b: Garchomp
|
|win|ReshiramVG
|inactive|ReshiramVG has 30 seconds to confirm battle start!
|inactive|bexuanmailonto has 30 seconds to confirm battle start!
||bexuanmailonto is ready for game 2.
||ReshiramVG is ready for game 2.
|uhtml|next|Next: Game 2 of 3
|l|☆bexuanmailonto
|player|p2|
|l|☆ReshiramVG
|player|p1|
|j|☆ReshiramVG
|player|p1|ReshiramVG|hilbert|
