|j|‚òÜKyleTampy
|j|‚òÜOldcow
|html|KyleTampyOldcow    
|uhtml|bestof|Game 2 of a best-of-3
|t:|1784569446
|gametype|doubles
|player|p1|KyleTampy|lucian|
|player|p2|Oldcow|shadowtriad|
|gen|9
|tier|[Gen 9 Champions] VGC 2026 Reg M-B (Bo3)
|rule|Species Clause: Limit one of each Pok√©mon
|rule|Item Clause: Limit 1 of each item
|clearpoke
|poke|p1|Charizard, L50, M|
|poke|p1|Pelipper, L50, F, shiny|
|poke|p1|Basculegion, L50, M|
|poke|p1|Archaludon, L50, M|
|poke|p1|Farigiraf, L50, M|
|poke|p1|Meganium, L50, F, shiny|
|poke|p2|Raichu, L50, M|
|poke|p2|Staraptor, L50, M, shiny|
|poke|p2|Tyranitar, L50, F, shiny|
|poke|p2|Drampa, L50, M|
|poke|p2|Grimmsnarl, L50, M, shiny|
|poke|p2|Sinistcha, L50|
|teampreview|4
|showteam|p1|Charizard||CharizarditeY|Blaze|HeatWave,AncientPower,WeatherBall,Protect|Modest||M|||50|]Pelipper||FocusSash|Drizzle|Hurricane,WeatherBall,Tailwind,Protect|Timid||F|||50|]Basculegion||ChoiceScarf|Adaptability|WaveCrash,AquaJet,LastRespects,FlipTurn|Jolly||M|||50|]Archaludon||Leftovers|Stamina|ElectroShot,DragonPulse,FlashCannon,Protect|Modest||M|||50|]Farigiraf||SitrusBerry|ArmorTail|TrickRoom,Thunderbolt,Psychic,HelpingHand|Relaxed||M|||50|]Meganium||Meganiumite|Overgrow|SolarBeam,DazzlingGleam,Protect,WeatherBall|Modest||F|||50|
|showteam|p2|Raichu||RaichuniteY|LightningRod|ZapCannon,FocusBlast,VoltSwitch,Protect|Timid||M|||50|]Staraptor||Staraptite|Intimidate|BraveBird,CloseCombat,Tailwind,Protect|Jolly||M|||50|]Tyranitar||PasshoBerry|SandStream|RockSlide,KnockOff,HighHorsepower,Protect|Adamant||F|||50|]Drampa||Leftovers|CloudNine|HyperVoice,Flamethrower,EarthPower,Protect|Quiet||M|||50|]Grimmsnarl||LightClay|Prankster|FoulPlay,Reflect,LightScreen,PartingShot|Calm||M|||50|]Sinistcha||CobaBerry|Hospitality|MatchaGotcha,RagePowder,TrickRoom,Imprison|Calm|||||50|
|
|t:|1784569492
|teamsize|p1|4
|teamsize|p2|4
|start
|switch|p1a: Farigiraf|Farigiraf, L50, M|100/100
|switch|p1b: Pink Pony Club|Meganium, L50, F, shiny|100/100
|switch|p2a: Staraptor|Staraptor, L50, M, shiny|100/100
|switch|p2b: Grimmsnarl|Grimmsnarl, L50, M, shiny|100/100
|-ability|p2a: Staraptor|Intimidate|boost
|-unboost|p1a: Farigiraf|atk|1
|-unboost|p1b: Pink Pony Club|atk|1
|turn|1
|
|t:|1784569509
|switch|p2b: Drampa|Drampa, L50, M|100/100
|-ability|p2b: Drampa|Cloud Nine
|detailschange|p2a: Staraptor|Staraptor-Mega, L50, M, shiny
|-mega|p2a: Staraptor|Staraptor|Staraptite
|detailschange|p1b: Pink Pony Club|Meganium-Mega, L50, F, shiny
|-mega|p1b: Pink Pony Club|Meganium|Meganiumite
|move|p1b: Pink Pony Club|Protect|p1b: Pink Pony Club
|-singleturn|p1b: Pink Pony Club|Protect
|move|p2a: Staraptor|Brave Bird|p1b: Pink Pony Club
|-activate|p1b: Pink Pony Club|move: Protect
|move|p1a: Farigiraf|Trick Room|p1a: Farigiraf
|-fieldstart|move: Trick Room|[of] p1a: Farigiraf
|
|upkeep
|turn|2
|
|t:|1784569521
|switch|p2a: Grimmsnarl|Grimmsnarl, L50, M, shiny|100/100
|move|p1a: Farigiraf|Helping Hand|p1b: Pink Pony Club
|-singleturn|p1b: Pink Pony Club|Helping Hand|[of] p1a: Farigiraf
|move|p2b: Drampa|Protect|p2b: Drampa
|-singleturn|p2b: Drampa|Protect
|move|p1b: Pink Pony Club|Dazzling Gleam|p2a: Grimmsnarl|[spread] p2a
|-activate|p2b: Drampa|move: Protect
|-supereffective|p2a: Grimmsnarl|1
|-damage|p2a: Grimmsnarl|3/100
|
|upkeep
|turn|3
|
|t:|1784569530
|move|p2a: Grimmsnarl|Light Screen|p2a: Grimmsnarl
|-sidestart|p2: Oldcow|move: Light Screen
|move|p2b: Drampa|Flamethrower|p1b: Pink Pony Club
|-supereffective|p1b: Pink Pony Club|1
|-damage|p1b: Pink Pony Club|51/100
|move|p1a: Farigiraf|Thunderbolt|p2a: Grimmsnarl
|-damage|p2a: Grimmsnarl|0 fnt
|faint|p2a: Grimmsnarl
|move|p1b: Pink Pony Club|Dazzling Gleam|p2b: Drampa
|-supereffective|p2b: Drampa|1
|-damage|p2b: Drampa|38/100
|
|-heal|p2b: Drampa|44/100|[from] item: Leftovers
|upkeep
|
|t:|1784569545
|switch|p2a: Tyranitar|Tyranitar, L50, F, shiny|100/100
|-weather|Sandstorm|[from] ability: Sand Stream|[of] p2a: Tyranitar
|turn|4
|
|t:|1784569561
|switch|p1a: Archaludon|Archaludon, L50, M|100/100
|switch|p1b: Basculegion|Basculegion, L50, M|100/100
|move|p2a: Tyranitar|Protect|p2a: Tyranitar
|-singleturn|p2a: Tyranitar|Protect
|move|p2b: Drampa|Flamethrower|p1b: Basculegion
|-resisted|p1b: Basculegion|1
|-damage|p1b: Basculegion|84/100
|
|-weather|Sandstorm|[upkeep]
|-heal|p2b: Drampa|50/100g|[from] item: Leftovers
|upkeep
|turn|5
|
|t:|1784569584
|switch|p1b: Pink Pony Club|Meganium-Mega, L50, F, shiny|51/100
|move|p2b: Drampa|Earth Power|p1a: Archaludon
|-supereffective|p1a: Archaludon|1
|-damage|p1a: Archaludon|35/100
|-ability|p1a: Archaludon|Stamina|boost
|-boost|p1a: Archaludon|def|1
|move|p2a: Tyranitar|Knock Off|p1a: Archaludon
|-damage|p1a: Archaludon|8/100
|-ability|p1a: Archaludon|Stamina|boost
|-boost|p1a: Archaludon|def|1
|-enditem|p1a: Archaludon|Leftovers|[from] move: Knock Off|[of] p2a: Tyranitar
|move|p1a: Archaludon|Flash Cannon|p2a: Tyranitar
|-supereffective|p2a: Tyranitar|1
|-damage|p2a: Tyranitar|53/100
|
|-weather|Sandstorm|[upkeep]
|-heal|p2b: Drampa|56/100|[from] item: Leftovers
|-fieldend|move: Trick Room
|upkeep
|turn|6
|
|t:|1784569620
|move|p2a: Tyranitar|Protect|p2a: Tyranitar
|-singleturn|p2a: Tyranitar|Protect
|move|p1a: Archaludon|Flash Cannon|p2a: Tyranitar
|-activate|p2a: Tyranitar|move: Protect
|move|p1b: Pink Pony Club|Dazzling Gleam|p2a: Tyranitar|[spread] p2b
|-activate|p2a: Tyranitar|move: Protect
|-supereffective|p2b: Drampa|1
|-damage|p2b: Drampa|13/100
|move|p2b: Drampa|Earth Power|p1a: Archaludon
|-supereffective|p1a: Archaludon|1
|-damage|p1a: Archaludon|0 fnt
|faint|p1a: Archaludon
|
|-weather|Sandstorm|[upkeep]
|-heal|p2b: Drampa|19/100|[from] item: Leftovers
|upkeep
|
|t:|1784569623
|switch|p1a: Basculegion|Basculegion, L50, M|84/100
|turn|7
|
|t:|1784569678
|switch|p2a: Staraptor|Staraptor-Mega, L50, M, shiny|100/100
|move|p2b: Drampa|Protect|p2b: Drampa
|-singleturn|p2b: Drampa|Protect
|move|p1a: Basculegion|Wave Crash|p2a: Staraptor
|-damage|p2a: Staraptor|32/100
|-damage|p1a: Basculegion|63/100|[from] Recoil
|move|p1b: Pink Pony Club|Dazzling Gleam|p2a: Staraptor|[spread] p2a
|-activate|p2b: Drampa|move: Protect
|-supereffective|p2a: Staraptor|1
|-damage|p2a: Staraptor|0 fnt
|faint|p2a: Staraptor
|
|-weather|Sandstorm|[upkeep]
|-heal|p2b: Drampa|25/100|[from] item: Leftovers
|upkeep
|
|t:|1784569690
|switch|p2a: Tyranitar|Tyranitar, L50, F, shiny|53/100
|turn|8
|c|‚òÜOldcow|ye i think i lose na either way
|c|‚òÜOldcow|too little hp
|c|‚òÜKyleTampy|Yep
|
|t:|1784569733
|move|p1a: Basculegion|Wave Crash|p2a: Tyranitar
|-supereffective|p2a: Tyranitar|1
|-crit|p2a: Tyranitar
|-enditem|p2a: Tyranitar|Passho Berry|[eat]
|-enditem|p2a: Tyranitar|Passho Berry|[weaken]
|-damage|p2a: Tyranitar|0 fnt
|faint|p2a: Tyranitar
|-damage|p1a: Basculegion|46/100|[from] Recoil
|move|p1b: Pink Pony Club|Dazzling Gleam|p2b: Drampa
|-supereffective|p2b: Drampa|1
|-damage|p2b: Drampa|0 fnt
|faint|p2b: Drampa
|
|win|KyleTampy
|c|‚òÜOldcow|crit pa ahahaha
|c|‚òÜOldcow|ggs
|c|‚òÜKyleTampy|Crit pa
|c|‚òÜKyleTampy|Gg pare
|c|‚òÜOldcow|farig is hard
|c|‚òÜKyleTampy|Ywah di ba
|c|‚òÜOldcow|farig megan
|c|‚òÜKyleTampy|Lagot ka sa tr
|c|‚òÜOldcow|parang grimm raptor pa rin best lead
|c|‚òÜKyleTampy|Magandang na switch mo agad si drampa
|c|‚òÜOldcow|drampa naman pinakamabagal
|c|‚òÜKyleTampy|Yep
|c|‚òÜOldcow|pero kulang damage
|c|‚òÜKyleTampy|Yep
|c|‚òÜKyleTampy|Sa tr all you need to do is hold out
|c|‚òÜKyleTampy|Unless makaposition sya na magtw after tr
|c|‚òÜKyleTampy|Kek
|c|‚òÜOldcow|if i killed basc faster before tr ended maybe
|c|‚òÜKyleTampy|Yes
|c|‚òÜKyleTampy|Tho syempre i wouldn't let you
|c|‚òÜOldcow|hahahaha yep
|c|‚òÜOldcow|read heavy ung mega farig lead
|c|‚òÜKyleTampy|Mukha ngang screwed ka pg nagkamali
|c|‚òÜOldcow|yeah
|c|‚òÜOldcow|hmmmmmmmmmmm
|c|‚òÜKyleTampy|Unless
|c|‚òÜOldcow|imprison sini
|c|‚òÜOldcow|jk
|c|‚òÜKyleTampy|Makaparting staraptor
|c|‚òÜOldcow|sakit ng weatherball
|c|‚òÜKyleTampy|One shot crit close combat kay farig zzkek
|c|‚òÜOldcow|lmao
|c|‚òÜKyleTampy|KEK*
|c|‚òÜOldcow|malay mo
|c|‚òÜKyleTampy|Kahit naman hindi,
|c|‚òÜOldcow|kaya ok sana ung ttar raptor lead
|c|‚òÜKyleTampy|Drampa switches in
|c|‚òÜKyleTampy|Takes advantage of tr if tr
|c|‚òÜOldcow|pero fairg likely switch
|c|‚òÜKyleTampy|Yep
|c|‚òÜKyleTampy|To arch
|c|‚òÜKyleTampy|Basc kung matapang sya
|c|‚òÜOldcow|hirap nun ah
|c|‚òÜOldcow|knock off patay agad
|c|‚òÜKyleTampy|Yeah
|c|‚òÜKyleTampy|Kaya kubg matapang sya XD
|c|‚òÜOldcow|sobrang read heavy naiinis ako
|c|‚òÜOldcow|HAHAHAHAHA
|c|‚òÜKyleTampy|Malay naman nya baka mag rock slide close combat ka kek
|c|‚òÜOldcow|baka may flinch ung rock slide malay mo
|c|‚òÜKyleTampy|Exactly
|c|‚òÜKyleTampy|Good luck
|c|‚òÜOldcow|thanks
|c|‚òÜKyleTampy|May your practice pay off
|c|‚òÜOldcow|thanks sa games
|c|‚òÜOldcow|learned a lot
|c|‚òÜKyleTampy|Gusto ko pa sana kaso
|c|‚òÜKyleTampy|May work pa bukas
|c|‚òÜKyleTampy|Gotta be- 2 NA???
