|j|☆The median voter
|j|☆archyx
|html|The median voterarchyx    
|uhtml|bestof|Game 2 of a best-of-3
|t:|1754578263
|gametype|doubles
|player|p1|The median voter|scientist-gen4dp|1335
|player|p2|archyx|ethan|1238
|gen|9
|tier|[Gen 9] VGC 2025 Reg H (Bo3)
|rated|
|rule|Species Clause: Limit one of each Pokémon
|rule|Item Clause: Limit 1 of each item
|clearpoke
|poke|p1|Kommo-o, L50, M|
|poke|p1|Volcarona, L50, M|
|poke|p1|Rillaboom, L50, M|
|poke|p1|Kingambit, L50, F|
|poke|p1|Ninetales-Alola, L50, F|
|poke|p1|Arcanine-Hisui, L50, F|
|poke|p2|Indeedee-F, L50, F|
|poke|p2|Gallade, L50, M|
|poke|p2|Torkoal, L50, M|
|poke|p2|Ursaluna, L50, M|
|poke|p2|Exeggutor, L50, M|
|poke|p2|Zoroark-Hisui, L50, F|
|teampreview|4
|showteam|p1|Kommo-o||GrassySeed|Overcoat|BodyPress,IronDefense,Protect,Flamethrower|||M|||50|,,,,,Fire]Volcarona||SitrusBerry|FlameBody|HeatWave,GigaDrain,QuiverDance,Protect|||M|||50|,,,,,Grass]Rillaboom||AssaultVest|GrassySurge|FakeOut,GrassyGlide,WoodHammer,HighHorsepower|||M|||50|,,,,,Fire]Kingambit||BlackGlasses|Defiant|KowtowCleave,SuckerPunch,Guillotine,Protect|||F|||50|,,,,,Dark]Ninetales-Alola||LifeOrb|SnowWarning|Blizzard,Protect,Encore,FreezeDry|||F|||50|,,,,,Ghost]Arcanine-Hisui||FocusSash|Intimidate|RockSlide,FlareBlitz,ExtremeSpeed,Protect|||F|||50|,,,,,Ghost
|showteam|p2|Indeedee-F||RockyHelmet|PsychicSurge|Psychic,HelpingHand,FollowMe,TrickRoom|||F|||50|,,,,,Fairy]Gallade||ClearAmulet|Sharpness|SacredSword,PsychoCut,WideGuard,TrickRoom|||M|||50|,,,,,Grass]Torkoal||Charcoal|Drought|Eruption,WeatherBall,HeatWave,Protect|||M|||50|,,,,,Fire]Ursaluna||FlameOrb|Guts|Facade,HeadlongRush,Earthquake,Protect|||M|||50|,,,,,Ghost]Exeggutor||FocusSash|Chlorophyll|ExpandingForce,LeafStorm,SleepPowder,TrickRoom|||M|||50|,,,,,Psychic]Zoroark-Hisui||LifeOrb|Illusion|HyperBeam,HyperVoice,ShadowBall,Flamethrower|||F|||50|,,,,,Stellar
|inactive|Battle timer is ON: inactive players will automatically lose when time's up. (requested by archyx)
|
|t:|1754578278
|teamsize|p1|4
|teamsize|p2|4
|start
|switch|p1a: Volcarona|Volcarona, L50, M|100/100
|switch|p1b: Rillaboom|Rillaboom, L50, M|100/100
|switch|p2a: Indeedee|Indeedee-F, L50, F|100/100
|switch|p2b: Exeggutor|Exeggutor, L50, M|100/100
|-fieldstart|move: Grassy Terrain|[from] ability: Grassy Surge|[of] p1b: Rillaboom
|-fieldstart|move: Psychic Terrain|[from] ability: Psychic Surge|[of] p2a: Indeedee
|turn|1
|inactive|archyx has 30 seconds left.
|
|t:|1754578304
|switch|p1b: Kingambit|Kingambit, L50, F|100/100
|switch|p2a: Torkoal|Torkoal, L50, M|100/100
|-weather|SunnyDay|[from] ability: Drought|[of] p2a: Torkoal
|-terastallize|p2b: Exeggutor|Psychic
|move|p2b: Exeggutor|Expanding Force|p1b: Kingambit|[spread] p1a
|-immune|p1b: Kingambit
|-damage|p1a: Volcarona|17/100
|-enditem|p1a: Volcarona|Sitrus Berry|[eat]
|-heal|p1a: Volcarona|42/100|[from] item: Sitrus Berry
|move|p1a: Volcarona|Heat Wave|p2a: Torkoal|[spread] p2a,p2b
|-resisted|p2a: Torkoal
|-damage|p2a: Torkoal|61/100
|-damage|p2b: Exeggutor|32/100
|
|-weather|SunnyDay|[upkeep]
|upkeep
|turn|2
|inactive|archyx has 30 seconds left.
|
|t:|1754578338
|switch|p1a: Rillaboom|Rillaboom, L50, M|100/100
|-fieldstart|move: Grassy Terrain|[from] ability: Grassy Surge|[of] p1a: Rillaboom
|-terastallize|p1b: Kingambit|Dark
|move|p2b: Exeggutor|Sleep Powder|p1b: Kingambit|[miss]
|-miss|p2b: Exeggutor|p1b: Kingambit
|move|p1b: Kingambit|Kowtow Cleave|p2a: Torkoal
|-damage|p2a: Torkoal|0 fnt
|faint|p2a: Torkoal
|
|-weather|SunnyDay|[upkeep]
|-heal|p2b: Exeggutor|38/100|[from] Grassy Terrain
|upkeep
|
|t:|1754578351
|switch|p2a: Indeedee|Indeedee-F, L50, F|100/100
|-fieldstart|move: Psychic Terrain|[from] ability: Psychic Surge|[of] p2a: Indeedee
|turn|3
|inactive|archyx has 30 seconds left.
|
|t:|1754578377
|switch|p1a: Ninetales|Ninetales-Alola, L50, F|100/100
|-weather|Snowscape|[from] ability: Snow Warning|[of] p1a: Ninetales
|move|p2b: Exeggutor|Expanding Force|p1b: Kingambit|[spread] p1a
|-immune|p1b: Kingambit
|-damage|p1a: Ninetales|0 fnt
|faint|p1a: Ninetales
|move|p1b: Kingambit|Kowtow Cleave|p2a: Indeedee
|-supereffective|p2a: Indeedee
|-damage|p2a: Indeedee|0 fnt
|-damage|p1b: Kingambit|84/100|[from] item: Rocky Helmet|[of] p2a: Indeedee
|faint|p2a: Indeedee
|
|-weather|Snowscape|[upkeep]
|upkeep
|
|t:|1754578394
|switch|p1a: Rillaboom|Rillaboom, L50, M|100/100
|switch|p2a: Ursaluna|Ursaluna, L50, M|100/100
|-fieldstart|move: Grassy Terrain|[from] ability: Grassy Surge|[of] p1a: Rillaboom
|turn|4
|
|t:|1754578404
|move|p2a: Ursaluna|Protect|p2a: Ursaluna
|-singleturn|p2a: Ursaluna|Protect
|move|p1a: Rillaboom|Fake Out|p2b: Exeggutor
|-crit|p2b: Exeggutor
|-damage|p2b: Exeggutor|10/100
|move|p1b: Kingambit|Kowtow Cleave|p2a: Ursaluna
|-activate|p2a: Ursaluna|move: Protect
|cant|p2b: Exeggutor|flinch
|
|-weather|Snowscape|[upkeep]
|-heal|p2b: Exeggutor|16/100|[from] Grassy Terrain
|-heal|p1b: Kingambit|90/100|[from] Grassy Terrain
|-status|p2a: Ursaluna|brn|[from] item: Flame Orb
|upkeep
|turn|5
|
|t:|1754578422
|move|p1a: Rillaboom|Grassy Glide|p2b: Exeggutor
|-damage|p2b: Exeggutor|0 fnt
|faint|p2b: Exeggutor
|move|p2a: Ursaluna|Headlong Rush|p1b: Kingambit
|-damage|p1b: Kingambit|6/100
|-unboost|p2a: Ursaluna|def|1
|-unboost|p2a: Ursaluna|spd|1
|move|p1b: Kingambit|Kowtow Cleave|p2a: Ursaluna
|-damage|p2a: Ursaluna|11/100 brn
|
|-weather|Snowscape|[upkeep]
|-heal|p1b: Kingambit|12/100|[from] Grassy Terrain
|-heal|p2a: Ursaluna|17/100 brn|[from] Grassy Terrain
|-damage|p2a: Ursaluna|11/100 brn|[from] brn
|upkeep
|turn|6
|-message|archyx forfeited.
|
|win|The median voter
|raw|The median voter's rating: 1335 → 1350(+15 for winning)
|raw|archyx's rating: 1238 → 1220(-18 for losing)
