|j|☆itsvalkyrie
|j|☆Culley
|html|itsvalkyrieCulley    
|uhtml|bestof|Game 1 of a best-of-3
|t:|1756946175
|gametype|doubles
|player|p1|itsvalkyrie|clerkf|1052
|player|p2|Culley|marnie-masters3|1000
|gen|9
|tier|[Gen 9] VGC 2025 Reg H (Bo3)
|rated|
|rule|Species Clause: Limit one of each Pokémon
|rule|Item Clause: Limit 1 of each item
|clearpoke
|poke|p1|Porygon2, L50|
|poke|p1|Sneasler, L50, M|
|poke|p1|Gholdengo, L50|
|poke|p1|Amoonguss, L50, M|
|poke|p1|Garchomp, L50, F|
|poke|p1|Incineroar, L50, M|
|poke|p2|Dondozo, L50, M|
|poke|p2|Tatsugiri, L50, F|
|poke|p2|Maushold, L50|
|poke|p2|Annihilape, L50, M|
|poke|p2|Whimsicott, L50, F|
|poke|p2|Typhlosion-Hisui, L50, M|
|teampreview|4
|showteam|p1|Porygon2||Eviolite|Download|TeraBlast,IceBeam,Recover,TrickRoom||||||50|,,,,,Ground]Sneasler||FocusSash|PoisonTouch|CloseCombat,DireClaw,Coaching,Protect|||M|||50|,,,,,Flying]Gholdengo||LifeOrb|GoodasGold|MakeItRain,ShadowBall,NastyPlot,Protect||||||50|,,,,,Water]Amoonguss||SitrusBerry|Regenerator|PollenPuff,Spore,RagePowder,Protect|||M|||50|,,,,,Fairy]Garchomp||ClearAmulet|RoughSkin|Earthquake,StompingTantrum,DragonClaw,Protect|||F|||50|,,,,,Fire]Incineroar||SafetyGoggles|Intimidate|FlareBlitz,KnockOff,FakeOut,PartingShot|||M|||50|,,,,,Ghost
|showteam|p2|Dondozo||Leftovers|Unaware|WaveCrash,Earthquake,OrderUp,Protect|||M|||50|,,,,,Dragon]Tatsugiri||SitrusBerry|Commander|DracoMeteor,MuddyWater,HelpingHand,Protect|||F|||50|,,,,,Steel]Maushold||WideLens|Technician|PopulationBomb,BeatUp,FollowMe,Protect||||||50|,,,,,Normal]Annihilape||ChoiceScarf|Defiant|RageFist,CloseCombat,FinalGambit,Uturn|||M|||50|,,,,,Fighting]Whimsicott||CovertCloak|Prankster|Tailwind,SunnyDay,Moonblast,Encore|||F|||50|,,,,,Rock]Typhlosion-Hisui||Charcoal|Blaze|Eruption,HeatWave,ShadowBall,Protect|||M|||50|,,,,,Fairy
|inactive|Battle timer is ON: inactive players will automatically lose when time's up. (requested by itsvalkyrie)
|c|☆Culley|Glhf
|inactive|Culley has 60 seconds left.
|c|☆itsvalkyrie|Not a dondozo tatsu team :(
|
|t:|1756946213
|teamsize|p1|4
|teamsize|p2|4
|start
|switch|p1a: Gholdengo|Gholdengo, L50|100/100
|switch|p1b: Amoonguss|Amoonguss, L50, M|100/100
|switch|p2a: My dinner|Dondozo, L50, M, shiny|100/100
|switch|p2b: Your dinner|Tatsugiri, L50, F, shiny|100/100
|-activate|p2b: Your dinner|ability: Commander|[of] p2a: My dinner
|-boost|p2a: My dinner|atk|2
|-boost|p2a: My dinner|spa|2
|-boost|p2a: My dinner|spe|2
|-boost|p2a: My dinner|def|2
|-boost|p2a: My dinner|spd|2
|turn|1
|c|☆Culley|?
|c|☆itsvalkyrie|I struggle against this matchup
|inactive|itsvalkyrie has 30 seconds left.
|inactive|Culley has 30 seconds left.
|inactive|Culley has 20 seconds left.
|
|t:|1756946248
|-terastallize|p1a: Gholdengo|Water
|move|p2a: My dinner|Order Up|p1a: Gholdengo
|-damage|p1a: Gholdengo|62/100
|-boost|p2a: My dinner|atk|1
|move|p1a: Gholdengo|Nasty Plot|p1a: Gholdengo
|-boost|p1a: Gholdengo|spa|2
|move|p1b: Amoonguss|Spore|p2a: My dinner
|-status|p2a: My dinner|slp|[from] move: Spore
|
|upkeep
|turn|2
|c|☆Culley|Ohhhh ok
|inactive|itsvalkyrie has 30 seconds left.
|inactive|itsvalkyrie has 20 seconds left.
|
|t:|1756946285
|cant|p2a: My dinner|slp
|move|p1a: Gholdengo|Shadow Ball|p2a: My dinner
|-crit|p2a: My dinner
|-damage|p2a: My dinner|20/100 slp
|-damage|p1a: Gholdengo|53/100|[from] item: Life Orb
|move|p1b: Amoonguss|Pollen Puff|p1a: Gholdengo
|-heal|p1a: Gholdengo|100/100
|
|-heal|p2a: My dinner|26/100 slp|[from] item: Leftovers
|upkeep
|turn|3
|inactive|Culley has 30 seconds left.
|
|t:|1756946318
|cant|p2a: My dinner|slp
|move|p1a: Gholdengo|Shadow Ball|p2a: My dinner
|-damage|p2a: My dinner|0 fnt
|faint|p2a: My dinner
|-damage|p1a: Gholdengo|91/100|[from] item: Life Orb
|move|p1b: Amoonguss|Spore|p2b: Your dinner
|-status|p2b: Your dinner|slp|[from] move: Spore
|
|upkeep
|
|t:|1756946324
|switch|p2a: Monkey EDI|Annihilape, L50, M, shiny|100/100
|turn|4
|
|t:|1756946341
|cant|p2b: Your dinner|slp
|move|p1b: Amoonguss|Rage Powder|p1b: Amoonguss
|-singleturn|p1b: Amoonguss|move: Rage Powder
|move|p2a: Monkey EDI|Final Gambit|p1b: Amoonguss
|-damage|p1b: Amoonguss|2/100
|-enditem|p1b: Amoonguss|Sitrus Berry|[eat]
|-heal|p1b: Amoonguss|27/100|[from] item: Sitrus Berry
|faint|p2a: Monkey EDI
|move|p1a: Gholdengo|Make It Rain|p2b: Your dinner
|-resisted|p2b: Your dinner
|-damage|p2b: Your dinner|38/100 slp
|-unboost|p1a: Gholdengo|spa|1
|-enditem|p2b: Your dinner|Sitrus Berry|[eat]
|-heal|p2b: Your dinner|62/100 slp|[from] item: Sitrus Berry
|-damage|p1a: Gholdengo|81/100|[from] item: Life Orb
|
|upkeep
|
|t:|1756946348
|switch|p2a: Just no|Maushold, L50, shiny|100/100
|turn|5
|
|t:|1756946366
|-terastallize|p2a: Just no|Normal
|-curestatus|p2b: Your dinner|slp|[msg]
|move|p2b: Your dinner|Helping Hand|p2a: Just no
|-singleturn|p2a: Just no|Helping Hand|[of] p2b: Your dinner
|move|p2a: Just no|Population Bomb|p1b: Amoonguss
|-damage|p1b: Amoonguss|14/100
|-damage|p1b: Amoonguss|0 fnt
|faint|p1b: Amoonguss
|-hitcount|p1: Amoonguss|2
|move|p1a: Gholdengo|Make It Rain|p2a: Just no|[spread] p2a,p2b
|-resisted|p2b: Your dinner
|-damage|p2a: Just no|0 fnt
|-damage|p2b: Your dinner|25/100
|-unboost|p1a: Gholdengo|spa|1
|faint|p2a: Just no
|-damage|p1a: Gholdengo|72/100|[from] item: Life Orb
|
|upkeep
|
|t:|1756946384
|switch|p1b: Sneasler|Sneasler, L50, M|100/100
|turn|6
|c|☆Culley|Crap Ggs i suck fuckkkkk
|
|t:|1756946406
|move|p1b: Sneasler|Close Combat|p2b: Your dinner
|-damage|p2b: Your dinner|0 fnt
|-unboost|p1b: Sneasler|def|1
|-unboost|p1b: Sneasler|spd|1
|faint|p2b: Your dinner
|
|win|itsvalkyrie
