|j|☆Slo-mmo-o
|j|☆sybe123
|html|Slo-mmo-osybe123    
|uhtml|bestof|Game 1 of a best-of-3
|t:|1756472790
|gametype|doubles
|player|p1|Slo-mmo-o|lance|1080
|player|p2|sybe123|102|1044
|gen|9
|tier|[Gen 9] VGC 2025 Reg H (Bo3)
|rated|
|rule|Species Clause: Limit one of each Pokémon
|rule|Item Clause: Limit 1 of each item
|clearpoke
|poke|p1|Kommo-o, L50, F|
|poke|p1|Ninetales-Alola, L50, F|
|poke|p1|Rillaboom, L50, M|
|poke|p1|Electabuzz, L50, M|
|poke|p1|Annihilape, L50, M|
|poke|p1|Kingambit, L50, F|
|poke|p2|Sneasler, L50, F|
|poke|p2|Dragapult, L50, F|
|poke|p2|Primarina, L50, F|
|poke|p2|Rillaboom, L50, F|
|poke|p2|Kingambit, L50, M|
|poke|p2|Basculegion, L50, M|
|teampreview|4
|showteam|p1|Kommo-o||LifeOrb|Soundproof|ClangingScales,AuraSphere,Flamethrower,Protect|||F|||50|,,,,,Fire]Ninetales-Alola||NeverMeltIce|SnowWarning|Blizzard,FreezeDry,Encore,Protect|||F|||50|,,,,,Ice]Rillaboom||AssaultVest|GrassySurge|WoodHammer,GrassyGlide,HighHorsepower,FakeOut|||M|||50|,,,,,Poison]Electabuzz||Eviolite|VitalSpirit|Electroweb,HelpingHand,FollowMe,Protect|||M|||50|,,,,,Ghost]Annihilape||FocusSash|Defiant|CloseCombat,ShadowClaw,FinalGambit,Taunt|||M|||50|,,,,,Stellar]Kingambit||BlackGlasses|Defiant|KowtowCleave,SuckerPunch,SwordsDance,Protect|||F|||50|,,,,,Dark
|showteam|p2|Sneasler||FocusSash|Unburden|CloseCombat,DireClaw,ThroatChop,Protect|||F|||50|,,,,,Stellar]Dragapult||ChoiceBand|ClearBody|DragonDarts,TeraBlast,PhantomForce,Uturn|||F|||50|,,,,,Ghost]Primarina||SitrusBerry|LiquidVoice|HyperVoice,Moonblast,Haze,Protect|||F|||50|,,,,,Poison]Rillaboom||AssaultVest|GrassySurge|WoodHammer,GrassyGlide,HighHorsepower,FakeOut|||F|||50|,,,,,Fire]Kingambit||SafetyGoggles|Defiant|KowtowCleave,SuckerPunch,SwordsDance,Protect|||M|||50|,,,,,Ghost]Basculegion||ChoiceScarf|Adaptability|FlipTurn,LastRespects,WaveCrash,TeraBlast|||M|||50|,,,,,Fairy
|inactive|Battle timer is ON: inactive players will automatically lose when time's up. (requested by sybe123)
|inactive|sybe123 has 60 seconds left.
|
|t:|1756472841
|teamsize|p1|4
|teamsize|p2|4
|start
|switch|p1a: Buzz Lightyear|Electabuzz, L50, M|100/100
|switch|p1b: Kommodo-Moʻo|Kommo-o, L50, F, shiny|100/100
|switch|p2a: Dragapult|Dragapult, L50, F|100/100
|switch|p2b: Sneasler|Sneasler, L50, F|100/100
|turn|1
|
|t:|1756472865
|move|p1a: Buzz Lightyear|Follow Me|p1a: Buzz Lightyear
|-singleturn|p1a: Buzz Lightyear|move: Follow Me
|move|p2a: Dragapult|Phantom Force||[still]
|-prepare|p2a: Dragapult|Phantom Force
|move|p2b: Sneasler|Dire Claw|p1a: Buzz Lightyear
|-damage|p1a: Buzz Lightyear|64/100
|move|p1b: Kommodo-Moʻo|Clanging Scales|p2a: Dragapult|[spread] p2b
|-miss|p1b: Kommodo-Moʻo|p2a: Dragapult
|-damage|p2b: Sneasler|31/100
|-unboost|p1b: Kommodo-Moʻo|def|1
|-damage|p1b: Kommodo-Moʻo|91/100|[from] item: Life Orb
|
|upkeep
|turn|2
|
|t:|1756472880
|move|p2b: Sneasler|Protect|p2b: Sneasler
|-singleturn|p2b: Sneasler|Protect
|move|p1a: Buzz Lightyear|Follow Me|p1a: Buzz Lightyear
|-singleturn|p1a: Buzz Lightyear|move: Follow Me
|move|p2a: Dragapult|Phantom Force|p1a: Buzz Lightyear|[from] lockedmove
|-damage|p1a: Buzz Lightyear|4/100
|move|p1b: Kommodo-Moʻo|Clanging Scales|p2b: Sneasler|[spread] p2a
|-activate|p2b: Sneasler|move: Protect
|-supereffective|p2a: Dragapult
|-damage|p2a: Dragapult|0 fnt
|faint|p2a: Dragapult
|-unboost|p1b: Kommodo-Moʻo|def|1
|-damage|p1b: Kommodo-Moʻo|82/100|[from] item: Life Orb
|
|upkeep
|
|t:|1756472898
|switch|p2a: Basculegion|Basculegion, L50, M|100/100
|turn|3
|
|t:|1756472910
|move|p1b: Kommodo-Moʻo|Protect|p1b: Kommodo-Moʻo
|-singleturn|p1b: Kommodo-Moʻo|Protect
|move|p2a: Basculegion|Flip Turn|p1a: Buzz Lightyear
|-damage|p1a: Buzz Lightyear|0 fnt
|faint|p1a: Buzz Lightyear
|
|t:|1756472914
|switch|p2a: Primarina|Primarina, L50, F|100/100|[from] Flip Turn
|move|p2b: Sneasler|Close Combat|p1b: Kommodo-Moʻo
|-activate|p1b: Kommodo-Moʻo|move: Protect
|
|upkeep
|
|t:|1756472922
|switch|p1a: Queen Goober|Kingambit, L50, F, shiny|100/100
|turn|4
|inactive|Slo-mmo-o has 30 seconds left.
|inactive|Slo-mmo-o has 20 seconds left.
|inactive|Slo-mmo-o has 15 seconds left.
|inactive|Slo-mmo-o has 10 seconds left.
|
|t:|1756472968
|-terastallize|p1b: Kommodo-Moʻo|Fire
|move|p2b: Sneasler|Protect|p2b: Sneasler
|-singleturn|p2b: Sneasler|Protect
|move|p1a: Queen Goober|Sucker Punch||[still]
|-fail|p1a: Queen Goober
|move|p1b: Kommodo-Moʻo|Flamethrower|p2a: Primarina
|-resisted|p2a: Primarina
|-damage|p2a: Primarina|78/100
|-damage|p1b: Kommodo-Moʻo|72/100|[from] item: Life Orb
|move|p2a: Primarina|Moonblast|p1b: Kommodo-Moʻo
|-resisted|p1b: Kommodo-Moʻo
|-damage|p1b: Kommodo-Moʻo|47/100
|
|upkeep
|turn|5
|
|t:|1756472981
|move|p2b: Sneasler|Protect|p2b: Sneasler
|-singleturn|p2b: Sneasler|Protect
|move|p1a: Queen Goober|Sucker Punch||[still]
|-fail|p1a: Queen Goober
|move|p1b: Kommodo-Moʻo|Flamethrower|p2a: Primarina
|-resisted|p2a: Primarina
|-damage|p2a: Primarina|54/100
|-damage|p1b: Kommodo-Moʻo|37/100|[from] item: Life Orb
|move|p2a: Primarina|Hyper Voice|p1b: Kommodo-Moʻo|[spread] p1a
|-immune|p1b: Kommodo-Moʻo|[from] ability: Soundproof
|-damage|p1a: Queen Goober|68/100
|
|upkeep
|turn|6
|
|t:|1756472999
|move|p2a: Primarina|Protect|p2a: Primarina
|-singleturn|p2a: Primarina|Protect
|move|p1a: Queen Goober|Sucker Punch|p2b: Sneasler
|-resisted|p2b: Sneasler
|-damage|p2b: Sneasler|0 fnt
|faint|p2b: Sneasler
|move|p1b: Kommodo-Moʻo|Flamethrower|p2a: Primarina
|-activate|p2a: Primarina|move: Protect
|
|upkeep
|
|t:|1756473011
|switch|p2b: Basculegion|Basculegion, L50, M|100/100
|turn|7
|
|t:|1756473030
|-terastallize|p2b: Basculegion|Fairy
|move|p1b: Kommodo-Moʻo|Protect|p1b: Kommodo-Moʻo
|-singleturn|p1b: Kommodo-Moʻo|Protect
|move|p2b: Basculegion|Last Respects|p1b: Kommodo-Moʻo
|-activate|p1b: Kommodo-Moʻo|move: Protect
|move|p2a: Primarina|Moonblast|p1a: Queen Goober
|-damage|p1a: Queen Goober|24/100
|-unboost|p1a: Queen Goober|spa|1
|-ability|p1a: Queen Goober|Defiant|boost
|-boost|p1a: Queen Goober|atk|2
|move|p1a: Queen Goober|Kowtow Cleave|p2a: Primarina
|-resisted|p2a: Primarina
|-damage|p2a: Primarina|0 fnt
|faint|p2a: Primarina
|
|upkeep
|turn|8
|
|t:|1756473053
|move|p1a: Queen Goober|Sucker Punch|p2b: Basculegion
|-resisted|p2b: Basculegion
|-damage|p2b: Basculegion|31/100
|move|p2b: Basculegion|Last Respects|p1a: Queen Goober
|-resisted|p1a: Queen Goober
|-damage|p1a: Queen Goober|0 fnt
|faint|p1a: Queen Goober
|move|p1b: Kommodo-Moʻo|Flamethrower|p2b: Basculegion
|-damage|p2b: Basculegion|0 fnt
|faint|p2b: Basculegion
|-damage|p1b: Kommodo-Moʻo|28/100|[from] item: Life Orb
|
|win|Slo-mmo-o
||sybe123 is ready for game 2.
|l|☆sybe123
|player|p2|
|inactive|Slo-mmo-o has 30 seconds to confirm battle start!
||Slo-mmo-o is ready for game 2.
|uhtml|next|Next: Game 2 of 3
