|j|☆daemian_x
|j|☆Mattchu56
|html|daemian_xMattchu56    
|uhtml|bestof|Game 2 of a best-of-3
|t:|1785279012
|gametype|doubles
|player|p1|daemian_x|blue|1144
|player|p2|Mattchu56|pokemonranger|1012
|gen|9
|tier|[Gen 9 Champions] VGC 2026 Reg M-B (Bo3)
|rated|
|rule|Species Clause: Limit one of each Pokémon
|rule|Item Clause: Limit 1 of each item
|clearpoke
|poke|p1|Tyranitar, L50, M|
|poke|p1|Excadrill, L50, F|
|poke|p1|Gholdengo, L50|
|poke|p1|Milotic, L50, F|
|poke|p1|Sinistcha, L50|
|poke|p1|Staraptor, L50, M|
|poke|p2|Blaziken, L50, M|
|poke|p2|Grimmsnarl, L50, M|
|poke|p2|Incineroar, L50, F|
|poke|p2|Raichu, L50, M|
|poke|p2|Farigiraf, L50, M, shiny|
|poke|p2|Dragalge, L50, F|
|teampreview|4
|showteam|p1|Tyranitar||Tyranitarite|SandStream|RockSlide,KnockOff,LowKick,Protect|Adamant||M|||50|]Excadrill||FocusSash|SandRush|RockSlide,HighHorsepower,IronHead,Protect|Adamant||F|||50|]Gholdengo||LifeOrb|GoodasGold|MakeItRain,ShadowBall,NastyPlot,Protect|Modest|||||50|]Milotic||SitrusBerry|Competitive|Scald,IceBeam,Recover,Protect|Modest||F|||50|]Sinistcha||ColburBerry|Hospitality|MatchaGotcha,RagePowder,StrengthSap,Protect|Bold|||||50|]Staraptor||Staraptite|Intimidate|CloseCombat,BraveBird,Tailwind,Protect|Jolly||M|||50|
|showteam|p2|Blaziken||Blazikenite|SpeedBoost|Protect,BlazeKick,CloseCombat,RockSlide|Adamant||M|||50|]Grimmsnarl||SitrusBerry|Prankster|LightScreen,Reflect,FakeOut,SpiritBreak|Impish||M|||50|]Incineroar||Leftovers|Intimidate|FlareBlitz,FakeOut,PartingShot,Protect|Careful||F|||50|]Raichu||RaichuniteY|Static|VoltSwitch,ZapCannon,Protect,Discharge|Modest||M|||50|]Farigiraf||ColburBerry|ArmorTail|TrickRoom,HyperVoice,HelpingHand,Protect|Relaxed||M|||50|]Dragalge||Dragalgite|PoisonPoint|DracoMeteor,FlipTurn,SludgeWave,Protect|Bold||F|||50|
|
|t:|1785279046
|teamsize|p1|4
|teamsize|p2|4
|start
|switch|p1a: Milotic|Milotic, L50, F|100/100
|switch|p1b: Excadrill|Excadrill, L50, F|100/100
|switch|p2a: Zhane|Farigiraf, L50, M, shiny|100/100
|switch|p2b: Pollution|Dragalge, L50, F|100/100
|turn|1
|
|t:|1785279082
|detailschange|p2b: Pollution|Dragalge-Mega, L50, F
|-mega|p2b: Pollution|Dragalge|Dragalgite
|move|p1b: Excadrill|High Horsepower|p2a: Zhane
|-damage|p2a: Zhane|54/100
|move|p1a: Milotic|Ice Beam|p2a: Zhane
|-damage|p2a: Zhane|32/100
|move|p2b: Pollution|Flip Turn|p1b: Excadrill
|-supereffective|p1b: Excadrill|1
|-damage|p1b: Excadrill|65/100
|
|t:|1785279097
|switch|p2b: The Rock|Incineroar, L50, F|100/100|[from] Flip Turn
|-ability|p2b: The Rock|Intimidate|boost
|-unboost|p1a: Milotic|atk|1
|-ability|p1a: Milotic|Competitive|boost
|-boost|p1a: Milotic|spa|2
|-unboost|p1b: Excadrill|atk|1
|move|p2a: Zhane|Trick Room|p2a: Zhane
|-fieldstart|move: Trick Room|[of] p2a: Zhane
|
|upkeep
|turn|2
|
|t:|1785279110
|move|p2a: Zhane|Protect|p2a: Zhane
|-singleturn|p2a: Zhane|Protect
|move|p1a: Milotic|Protect|p1a: Milotic
|-singleturn|p1a: Milotic|Protect
|move|p1b: Excadrill|Protect|p1b: Excadrill
|-singleturn|p1b: Excadrill|Protect
|move|p2b: The Rock|Flare Blitz|p1b: Excadrill
|-activate|p1b: Excadrill|move: Protect
|
|upkeep
|turn|3
|
|t:|1785279131
|switch|p2a: Grim|Grimmsnarl, L50, M|100/100
|switch|p1b: Tyranitar|Tyranitar, L50, M|100/100
|-weather|Sandstorm|[from] ability: Sand Stream|[of] p1b: Tyranitar
|move|p2b: The Rock|Protect|p2b: The Rock
|-singleturn|p2b: The Rock|Protect
|move|p1a: Milotic|Ice Beam|p2a: Grim
|-damage|p2a: Grim|54/100
|
|-weather|Sandstorm|[upkeep]
|-damage|p2b: The Rock|94/100|[from] Sandstorm
|-damage|p2a: Grim|48/100|[from] Sandstorm
|-damage|p1a: Milotic|94/100|[from] Sandstorm
|-enditem|p2a: Grim|Sitrus Berry|[eat]
|-heal|p2a: Grim|72/100|[from] item: Sitrus Berry
|-heal|p2b: The Rock|100/100|[from] item: Leftovers
|upkeep
|turn|4
|
|t:|1785279154
|detailschange|p1b: Tyranitar|Tyranitar-Mega, L50, M
|-mega|p1b: Tyranitar|Tyranitar|Tyranitarite
|move|p2a: Grim|Light Screen|p2a: Grim
|-sidestart|p2: Mattchu56|move: Light Screen
|move|p2b: The Rock|Flare Blitz|p1a: Milotic
|-resisted|p1a: Milotic|1
|-damage|p1a: Milotic|71/100
|-damage|p2b: The Rock|92/100|[from] Recoil
|move|p1a: Milotic|Scald|p2b: The Rock
|-supereffective|p2b: The Rock|1
|-crit|p2b: The Rock
|-damage|p2b: The Rock|0 fnt
|faint|p2b: The Rock
|move|p1b: Tyranitar|Rock Slide|p2a: Grim
|-crit|p2a: Grim
|-damage|p2a: Grim|0 fnt
|faint|p2a: Grim
|
|-weather|Sandstorm|[upkeep]
|-damage|p1a: Milotic|65/100|[from] Sandstorm
|upkeep
|
|t:|1785279170
|switch|p2b: Pollution|Dragalge-Mega, L50, F|100/100
|switch|p2a: Zhane|Farigiraf, L50, M, shiny|32/100
|turn|5
|
|t:|1785279184
|move|p2a: Zhane|Helping Hand|p2b: Pollution
|-singleturn|p2b: Pollution|Helping Hand|[of] p2a: Zhane
|move|p2b: Pollution|Sludge Wave|p1a: Milotic|[spread] p2a,p1a,p1b
|-crit|p2a: Zhane
|-resisted|p1b: Tyranitar|1
|-damage|p2a: Zhane|0 fnt
|-damage|p1a: Milotic|32/100
|-damage|p1b: Tyranitar|87/100
|-enditem|p1a: Milotic|Sitrus Berry|[eat]
|-heal|p1a: Milotic|57/100|[from] item: Sitrus Berry
|faint|p2a: Zhane
|move|p1a: Milotic|Ice Beam|p2b: Pollution
|-supereffective|p2b: Pollution|1
|-damage|p2b: Pollution|58/100
|move|p1b: Tyranitar|Knock Off|p2b: Pollution
|-damage|p2b: Pollution|30/100
|
|-weather|Sandstorm|[upkeep]
|-damage|p2b: Pollution|24/100|[from] Sandstorm
|-damage|p1a: Milotic|51/100|[from] Sandstorm
|-fieldend|move: Trick Room
|upkeep
|turn|6
|
|t:|1785279209
|move|p1b: Tyranitar|Knock Off|p2b: Pollution
|-damage|p2b: Pollution|0 fnt
|faint|p2b: Pollution
|
|win|daemian_x
|raw|daemian_x's rating: 1144 → 1160(+16 for winning)
|raw|Mattchu56's rating: 1012 → 1004(-8 for losing)
|l|☆Mattchu56
|player|p2|
