|j|☆monsoonisbest
|j|☆JvinsVGC
|html|monsoonisbestJvinsVGC    
|uhtml|bestof|Game 2 of a best-of-3
|t:|1782741616
|gametype|doubles
|player|p1|monsoonisbest|169|1221
|player|p2|JvinsVGC|265|1294
|gen|9
|tier|[Gen 9 Champions] VGC 2026 Reg M-B (Bo3)
|rated|
|rule|Species Clause: Limit one of each Pokémon
|rule|Item Clause: Limit 1 of each item
|clearpoke
|poke|p1|Pyroar, L50, F|
|poke|p1|Basculegion, L50, M|
|poke|p1|Mawile, L50, M|
|poke|p1|Torkoal, L50, F|
|poke|p1|Oranguru, L50, M|
|poke|p1|Grimmsnarl, L50, M|
|poke|p2|Staraptor, L50, F|
|poke|p2|Grimmsnarl, L50, M|
|poke|p2|Arcanine-Hisui, L50, M|
|poke|p2|Garchomp, L50, F|
|poke|p2|Gholdengo, L50|
|poke|p2|Maushold-Four, L50|
|teampreview|4
|showteam|p1|Pyroar||Pyroarite|Rivalry|HeatWave,SolarBeam,Overheat,Protect|Timid||F|||50|]Basculegion||ChoiceScarf|Adaptability|WaveCrash,LastRespects,FlipTurn,AquaJet|Jolly||M|||50|]Mawile||Mawilite|HyperCutter|IronHead,PlayRough,SuckerPunch,Protect|Adamant||M|||50|]Torkoal||Charcoal|Drought|Eruption,WeatherBall,HelpingHand,Protect|Quiet||F|||50|]Oranguru||MentalHerb|InnerFocus|Psychic,TrickRoom,Encore,Instruct|Relaxed||M|||50|]Grimmsnarl||SitrusBerry|Prankster|SpiritBreak,FakeOut,LightScreen,PartingShot|Careful||M|||50|
|showteam|p2|Staraptor||Staraptite|Intimidate|CloseCombat,BraveBird,Tailwind,Roost|Adamant||F|||50|]Grimmsnarl||LightClay|Prankster|LightScreen,Reflect,SpiritBreak,PartingShot|Careful||M|||50|]Arcanine-Hisui||HardStone|RockHead|FlareBlitz,RockSlide,HeadSmash,Protect|Adamant||M|||50|]Garchomp||SoftSand|RoughSkin|Earthquake,DragonClaw,SwordsDance,Protect|Adamant||F|||50|]Gholdengo||SitrusBerry|GoodasGold|MakeItRain,ShadowBall,NastyPlot,Protect|Modest|||||50|]Maushold-Four||FocusSash|FriendGuard|FollowMe,SuperFang,Charm,Protect|Timid|||||50|
|
|t:|1782741649
|teamsize|p1|4
|teamsize|p2|4
|start
|switch|p1a: Grimmsnarl|Grimmsnarl, L50, M|100/100
|switch|p1b: Pyroar|Pyroar, L50, F|100/100
|switch|p2a: Arcanine|Arcanine-Hisui, L50, M|100/100
|switch|p2b: Grimmsnarl|Grimmsnarl, L50, M|100/100
|turn|1
|
|t:|1782741673
|detailschange|p1b: Pyroar|Pyroar-Mega, L50, F
|-mega|p1b: Pyroar|Pyroar|Pyroarite
|move|p1a: Grimmsnarl|Parting Shot|p2a: Arcanine
|-unboost|p2a: Arcanine|atk|1
|-unboost|p2a: Arcanine|spa|1
|
|t:|1782741678
|switch|p1a: Torkoal|Torkoal, L50, F|100/100|[from] Parting Shot
|-weather|SunnyDay|[from] ability: Drought|[of] p1a: Torkoal
|move|p2b: Grimmsnarl|Light Screen|p2b: Grimmsnarl
|-sidestart|p2: JvinsVGC|move: Light Screen
|move|p1b: Pyroar|Heat Wave|p2b: Grimmsnarl|[spread] p2a,p2b
|-resisted|p2a: Arcanine|2
|-damage|p2a: Arcanine|85/100
|-damage|p2b: Grimmsnarl|52/100
|move|p2a: Arcanine|Head Smash|p1b: Pyroar
|-supereffective|p1b: Pyroar|1
|-damage|p1b: Pyroar|0 fnt
|faint|p1b: Pyroar
|
|-weather|SunnyDay|[upkeep]
|upkeep
|
|t:|1782741688
|switch|p1b: Basculegion|Basculegion, L50, M|100/100
|turn|2
|
|t:|1782741713
|move|p1a: Torkoal|Helping Hand|p1b: Basculegion
|-singleturn|p1b: Basculegion|Helping Hand|[of] p1a: Torkoal
|move|p2a: Arcanine|Protect|p2a: Arcanine
|-singleturn|p2a: Arcanine|Protect
|move|p2b: Grimmsnarl|Reflect|p2b: Grimmsnarl
|-sidestart|p2: JvinsVGC|Reflect
|move|p1b: Basculegion|Last Respects|p2a: Arcanine
|-activate|p2a: Arcanine|move: Protect
|
|-weather|SunnyDay|[upkeep]
|upkeep
|turn|3
|
|t:|1782741729
|switch|p1b: Grimmsnarl|Grimmsnarl, L50, M|100/100
|switch|p2a: Maushold|Maushold-Four, L50|100/100
|move|p2b: Grimmsnarl|Parting Shot|p1b: Grimmsnarl
|-hint|Since gen 7, Dark is immune to Prankster moves.
|-immune|p1b: Grimmsnarl
|move|p1a: Torkoal|Eruption|p2b: Grimmsnarl|[spread] p2a,p2b
|-damage|p2a: Maushold|32/100
|-damage|p2b: Grimmsnarl|18/100
|
|-weather|SunnyDay|[upkeep]
|upkeep
|turn|4
|
|t:|1782741745
|switch|p2b: Arcanine|Arcanine-Hisui, L50, M|85/100
|move|p2a: Maushold|Protect|p2a: Maushold
|-singleturn|p2a: Maushold|Protect
|move|p1b: Grimmsnarl|Fake Out|p2a: Maushold
|-activate|p2a: Maushold|move: Protect
|move|p1a: Torkoal|Eruption|p2a: Maushold|[spread] p2b
|-activate|p2a: Maushold|move: Protect
|-resisted|p2b: Arcanine|2
|-damage|p2b: Arcanine|74/100
|
|-weather|SunnyDay|[upkeep]
|upkeep
|turn|5
|
|t:|1782741761
|move|p1a: Torkoal|Protect|p1a: Torkoal
|-singleturn|p1a: Torkoal|Protect
|move|p1b: Grimmsnarl|Parting Shot|p2b: Arcanine
|-unboost|p2b: Arcanine|atk|1
|-unboost|p2b: Arcanine|spa|1
|
|t:|1782741764
|switch|p1b: Basculegion|Basculegion, L50, M|100/100|[from] Parting Shot
|move|p2a: Maushold|Super Fang|p1b: Basculegion
|-immune|p1b: Basculegion
|move|p2b: Arcanine|Flare Blitz|p1b: Basculegion
|-resisted|p1b: Basculegion|1
|-damage|p1b: Basculegion|66/100
|
|-weather|none
|upkeep
|turn|6
|
|t:|1782741782
|move|p1a: Torkoal|Helping Hand|p1b: Basculegion
|-singleturn|p1b: Basculegion|Helping Hand|[of] p1a: Torkoal
|move|p2a: Maushold|Follow Me|p2a: Maushold
|-singleturn|p2a: Maushold|move: Follow Me
|move|p1b: Basculegion|Flip Turn|p2a: Maushold
|-damage|p2a: Maushold|0 fnt
|faint|p2a: Maushold
|
|t:|1782741786
|switch|p1b: Grimmsnarl|Grimmsnarl, L50, M|100/100|[from] Flip Turn
|move|p2b: Arcanine|Head Smash|p1a: Torkoal|[miss]
|-miss|p2b: Arcanine|p1a: Torkoal
|
|upkeep
|
|t:|1782741800
|switch|p2a: Garchomp|Garchomp, L50, F|100/100
|turn|7
|
|t:|1782741806
|move|p1a: Torkoal|Helping Hand|p1b: Grimmsnarl
|-singleturn|p1b: Grimmsnarl|Helping Hand|[of] p1a: Torkoal
|move|p2a: Garchomp|Swords Dance|p2a: Garchomp
|-boost|p2a: Garchomp|atk|2
|move|p2b: Arcanine|Head Smash|p1a: Torkoal
|-supereffective|p1a: Torkoal|1
|-damage|p1a: Torkoal|1/100
|move|p1b: Grimmsnarl|Spirit Break|p2a: Garchomp
|-supereffective|p2a: Garchomp|1
|-damage|p2a: Garchomp|50/100g
|-unboost|p2a: Garchomp|spa|1
|-damage|p1b: Grimmsnarl|87/100|[from] ability: Rough Skin|[of] p2a: Garchomp
|
|upkeep
|turn|8
|
|t:|1782741819
|move|p1a: Torkoal|Helping Hand|p1b: Grimmsnarl
|-singleturn|p1b: Grimmsnarl|Helping Hand|[of] p1a: Torkoal
|move|p2b: Arcanine|Protect|p2b: Arcanine
|-singleturn|p2b: Arcanine|Protect
|move|p2a: Garchomp|Earthquake|p1a: Torkoal|[spread] p1a,p1b
|-activate|p2b: Arcanine|move: Protect
|-supereffective|p1a: Torkoal|1
|-damage|p1a: Torkoal|0 fnt
|-damage|p1b: Grimmsnarl|0 fnt
|faint|p1a: Torkoal
|faint|p1b: Grimmsnarl
|
|-sideend|p2: JvinsVGC|move: Light Screen
|upkeep
|
|t:|1782741823
|switch|p1b: Basculegion|Basculegion, L50, M|66/100
|turn|9
|
|t:|1782741836
|move|p2a: Garchomp|Protect|p2a: Garchomp
|-singleturn|p2a: Garchomp|Protect
|move|p1b: Basculegion|Last Respects|p2a: Garchomp
|-activate|p2a: Garchomp|move: Protect
|move|p2b: Arcanine|Head Smash|p1b: Basculegion
|-damage|p1b: Basculegion|0 fnt
|faint|p1b: Basculegion
|
|win|JvinsVGC
|raw|monsoonisbest's rating: 1221 → 1201(-20 for losing)
|raw|JvinsVGC's rating: 1294 → 1314(+20 for winning)
