|j|☆ryoshino19
|j|☆leg pres
|html|ryoshino19leg pres    
|uhtml|bestof|Game 2 of a best-of-3
|t:|1756315018
|gametype|doubles
|player|p1|ryoshino19|101|1287
|player|p2|leg pres|cyclist|1160
|gen|9
|tier|[Gen 9] VGC 2025 Reg H (Bo3)
|rated|
|rule|Species Clause: Limit one of each Pokémon
|rule|Item Clause: Limit 1 of each item
|clearpoke
|poke|p1|Gholdengo, L50|
|poke|p1|Rillaboom, L50, F|
|poke|p1|Incineroar, L50, F|
|poke|p1|Porygon2, L50|
|poke|p1|Garchomp, L50, F|
|poke|p1|Clefable, L50, F|
|poke|p2|Porygon2, L50|
|poke|p2|Hydreigon, L50, F|
|poke|p2|Incineroar, L50, M|
|poke|p2|Ursaluna, L50, M|
|poke|p2|Amoonguss, L50, M|
|poke|p2|Gholdengo, L50|
|teampreview|4
|showteam|p1|Gholdengo||Leftovers|GoodasGold|MakeItRain,ShadowBall,NastyPlot,Protect||||||50|,,,,,Water]Rillaboom||AssaultVest|GrassySurge|DrumBeating,GrassyGlide,Uturn,FakeOut|||F|||50|,,,,,Fire]Incineroar||SafetyGoggles|Intimidate|FlareBlitz,KnockOff,PartingShot,FakeOut|||F|||50|,,,,,Ghost]Porygon2||Eviolite|Download|TeraBlast,IceBeam,Recover,TrickRoom||||||50|,,,,,Fighting]Garchomp||LifeOrb|RoughSkin|StompingTantrum,DragonClaw,RockSlide,Protect|||F|||50|,,,,,Fairy]Clefable||RockyHelmet|Unaware|Moonblast,FollowMe,Encore,Protect|||F|||50|,,,,,Ground
|showteam|p2|Porygon2||Eviolite|Download|TeraBlast,IceBeam,TrickRoom,Recover||||||50|,,,,,Fighting]Hydreigon||SafetyGoggles|Levitate|Snarl,DracoMeteor,Tailwind,Protect|||F|||50|,,,,,Ghost]Incineroar||SitrusBerry|Intimidate|FlareBlitz,KnockOff,PartingShot,FakeOut|||M|||50|,,,,,Grass]Ursaluna||FlameOrb|Guts|Facade,HeadlongRush,Earthquake,Protect|||M|||50|,,,,,Ghost]Amoonguss||CovertCloak|Regenerator|PollenPuff,Spore,RagePowder,Protect|||M|||50|,,,,,Fire]Gholdengo||MetalCoat|GoodasGold|MakeItRain,ShadowBall,NastyPlot,Protect||||||50|,,,,,Flying
|inactive|Battle timer is ON: inactive players will automatically lose when time's up. (requested by ryoshino19)
|
|t:|1756315032
|teamsize|p1|4
|teamsize|p2|4
|start
|switch|p1a: Gholdengo|Gholdengo, L50|100/100
|switch|p1b: Clefable|Clefable, L50, F|100/100
|switch|p2a: Incineroar|Incineroar, L50, M, shiny|100/100
|switch|p2b: Hydreigon|Hydreigon, L50, F, shiny|100/100
|-ability|p2a: Incineroar|Intimidate|boost
|-unboost|p1a: Gholdengo|atk|1
|-unboost|p1b: Clefable|atk|1
|turn|1
|
|t:|1756315041
|move|p1a: Gholdengo|Protect|p1a: Gholdengo
|-singleturn|p1a: Gholdengo|Protect
|move|p1b: Clefable|Protect|p1b: Clefable
|-singleturn|p1b: Clefable|Protect
|move|p2a: Incineroar|Fake Out|p1b: Clefable
|-activate|p1b: Clefable|move: Protect
|move|p2b: Hydreigon|Snarl|p1a: Gholdengo|[spread] 
|-activate|p1a: Gholdengo|move: Protect
|-activate|p1b: Clefable|move: Protect
|
|upkeep
|turn|2
|
|t:|1756315064
|switch|p1a: Incineroar|Incineroar, L50, F, shiny|100/100
|-ability|p1a: Incineroar|Intimidate|boost
|-unboost|p2a: Incineroar|atk|1
|-unboost|p2b: Hydreigon|atk|1
|move|p2b: Hydreigon|Snarl|p1a: Incineroar|[spread] p1a,p1b
|-resisted|p1a: Incineroar
|-resisted|p1b: Clefable
|-damage|p1a: Incineroar|92/100
|-damage|p1b: Clefable|93/100
|-unboost|p1a: Incineroar|spa|1
|-unboost|p1b: Clefable|spa|1
|move|p2a: Incineroar|Knock Off|p1a: Incineroar
|-resisted|p1a: Incineroar
|-damage|p1a: Incineroar|81/100
|-enditem|p1a: Incineroar|Safety Goggles|[from] move: Knock Off|[of] p2a: Incineroar
|move|p1b: Clefable|Moonblast|p2b: Hydreigon
|-supereffective|p2b: Hydreigon
|-damage|p2b: Hydreigon|3/100
|-unboost|p2b: Hydreigon|spa|1
|
|upkeep
|turn|3
|
|t:|1756315077
|switch|p2a: Ursaluna|Ursaluna, L50, M|100/100
|move|p2b: Hydreigon|Protect|p2b: Hydreigon
|-singleturn|p2b: Hydreigon|Protect
|move|p1a: Incineroar|Knock Off|p2a: Ursaluna
|-damage|p2a: Ursaluna|75/100
|-enditem|p2a: Ursaluna|Flame Orb|[from] move: Knock Off|[of] p1a: Incineroar
|move|p1b: Clefable|Moonblast|p2b: Hydreigon
|-activate|p2b: Hydreigon|move: Protect
|
|upkeep
|turn|4
|
|t:|1756315087
|-terastallize|p1a: Incineroar|Ghost
|move|p1b: Clefable|Follow Me|p1b: Clefable
|-singleturn|p1b: Clefable|move: Follow Me
|move|p2b: Hydreigon|Tailwind|p2b: Hydreigon
|-sidestart|p2: leg pres|move: Tailwind
|move|p2a: Ursaluna|Earthquake|p1a: Incineroar|[spread] p1a,p1b
|-immune|p2b: Hydreigon|[from] ability: Levitate
|-damage|p1a: Incineroar|44/100
|-damage|p1b: Clefable|52/100
|move|p1a: Incineroar|Parting Shot|p2a: Ursaluna
|-unboost|p2a: Ursaluna|atk|1
|-unboost|p2a: Ursaluna|spa|1
|
|t:|1756315092
|switch|p1a: Gholdengo|Gholdengo, L50|100/100|[from] Parting Shot
|
|upkeep
|turn|5
|
|t:|1756315102
|switch|p2a: Incineroar|Incineroar, L50, M, shiny|100/100
|-ability|p2a: Incineroar|Intimidate|boost
|-unboost|p1a: Gholdengo|atk|1
|-unboost|p1b: Clefable|atk|1
|switch|p1b: Incineroar|Incineroar, L50, F, shiny, tera:Ghost|44/100
|-ability|p1b: Incineroar|Intimidate|boost
|-unboost|p2a: Incineroar|atk|1
|-unboost|p2b: Hydreigon|atk|1
|move|p1a: Gholdengo|Protect|p1a: Gholdengo
|-singleturn|p1a: Gholdengo|Protect
|move|p2b: Hydreigon|Snarl|p1a: Gholdengo|[spread] p1b
|-activate|p1a: Gholdengo|move: Protect
|-supereffective|p1b: Incineroar
|-damage|p1b: Incineroar|22/100
|-unboost|p1b: Incineroar|spa|1
|
|upkeep
|turn|6
|
|t:|1756315119
|switch|p2b: Porygon2|Porygon2, L50, shiny|100/100
|-ability|p2b: Porygon2|Download|boost
|-boost|p2b: Porygon2|spa|1
|switch|p1a: Clefable|Clefable, L50, F|52/100
|move|p1b: Incineroar|Fake Out|p2b: Porygon2
|-damage|p2b: Porygon2|94/100
|move|p2a: Incineroar|Knock Off|p1a: Clefable
|-resisted|p1a: Clefable
|-damage|p1a: Clefable|32/100
|-damage|p2a: Incineroar|84/100|[from] item: Rocky Helmet|[of] p1a: Clefable
|-enditem|p1a: Clefable|Rocky Helmet|[from] move: Knock Off|[of] p2a: Incineroar
|
|upkeep
|turn|7
|
|t:|1756315136
|move|p1a: Clefable|Follow Me|p1a: Clefable
|-singleturn|p1a: Clefable|move: Follow Me
|move|p2a: Incineroar|Flare Blitz|p1a: Clefable
|-damage|p1a: Clefable|0 fnt
|faint|p1a: Clefable
|-damage|p2a: Incineroar|73/100|[from] Recoil
|move|p2b: Porygon2|Ice Beam|p1b: Incineroar
|-damage|p1b: Incineroar|0 fnt
|faint|p1b: Incineroar
|
|-sideend|p2: leg pres|move: Tailwind
|upkeep
|
|t:|1756315142
|switch|p1b: Gholdengo|Gholdengo, L50|100/100
|switch|p1a: Porygon2|Porygon2, L50|100/100
|-ability|p1a: Porygon2|Download|boost
|-boost|p1a: Porygon2|atk|1
|turn|8
|
|t:|1756315155
|-terastallize|p2b: Porygon2|Fighting
|move|p1b: Gholdengo|Nasty Plot|p1b: Gholdengo
|-boost|p1b: Gholdengo|spa|2
|move|p2a: Incineroar|Knock Off|p1a: Porygon2
|-crit|p1a: Porygon2
|-damage|p1a: Porygon2|65/100
|-enditem|p1a: Porygon2|Eviolite|[from] move: Knock Off|[of] p2a: Incineroar
|move|p2b: Porygon2|Tera Blast|p1a: Porygon2|[anim] Tera Blast Fighting
|-supereffective|p1a: Porygon2
|-crit|p1a: Porygon2
|-damage|p1a: Porygon2|0 fnt
|faint|p1a: Porygon2
|
|upkeep
|turn|9
|
|t:|1756315168
|move|p1b: Gholdengo|Make It Rain|p2b: Porygon2|[spread] p2a,p2b
|-resisted|p2a: Incineroar
|-damage|p2a: Incineroar|28/100
|-damage|p2b: Porygon2|32/100
|-unboost|p1b: Gholdengo|spa|1
|-enditem|p2a: Incineroar|Sitrus Berry|[eat]
|-heal|p2a: Incineroar|53/100|[from] item: Sitrus Berry
|move|p2a: Incineroar|Knock Off|p1b: Gholdengo
|-supereffective|p1b: Gholdengo
|-damage|p1b: Gholdengo|39/100
|-enditem|p1b: Gholdengo|Leftovers|[from] move: Knock Off|[of] p2a: Incineroar
|move|p2b: Porygon2|Trick Room|p2b: Porygon2
|-fieldstart|move: Trick Room|[of] p2b: Porygon2
|
|upkeep
|turn|10
|
|t:|1756315175
|move|p2b: Porygon2|Recover|p2b: Porygon2
|-heal|p2b: Porygon2|82/100
|move|p2a: Incineroar|Knock Off|p1b: Gholdengo
|-supereffective|p1b: Gholdengo
|-damage|p1b: Gholdengo|0 fnt
|faint|p1b: Gholdengo
|
|win|leg pres
|raw|ryoshino19's rating: 1287 → 1253(-34 for losing)
|raw|leg pres's rating: 1160 → 1194(+34 for winning)
|l|☆ryoshino19
|player|p1|
