|j|☆SilkSongClave
|j|☆luckstat10
|html|SilkSongClaveluckstat10    
|uhtml|bestof|Game 1 of a best-of-3
|t:|1757708875
|gametype|doubles
|player|p1|SilkSongClave|artist-gen4|1088
|player|p2|luckstat10|265|1195
|gen|9
|tier|[Gen 9] VGC 2025 Reg H (Bo3)
|rated|
|rule|Species Clause: Limit one of each Pokémon
|rule|Item Clause: Limit 1 of each item
|clearpoke
|poke|p1|Excadrill, L50, M|
|poke|p1|Sneasler, L50, F|
|poke|p1|Indeedee, L50, M|
|poke|p1|Tyranitar, L50, F|
|poke|p1|Corviknight, L50, F|
|poke|p1|Annihilape, L50, M|
|poke|p2|Whimsicott, L50, F|
|poke|p2|Typhlosion-Hisui, L50, M|
|poke|p2|Indeedee, L50, M|
|poke|p2|Sneasler, L50, F|
|poke|p2|Dragapult, L50, F|
|poke|p2|Maushold-Four, L50|
|teampreview|4
|showteam|p1|Excadrill||FocusSash|SandRush|IronHead,HighHorsepower,Earthquake,Protect|||M|||50|,,,,,Stellar]Sneasler||PsychicSeed|Unburden|DireClaw,CloseCombat,ThroatChop,Protect|||F|||50|,,,,,Dark]Indeedee||ChoiceScarf|PsychicSurge|ExpandingForce,TeraBlast,Protect,Trick|||M|||50|,,,,,Psychic]Tyranitar||AssaultVest|SandStream|RockSlide,KnockOff,LowKick,TeraBlast|||F|||50|,,,,,Flying]Corviknight||SitrusBerry|MirrorArmor|BraveBird,Tailwind,Roost,BulkUp|||F|||50|,,,,,Dragon]Annihilape||SafetyGoggles|Defiant|CloseCombat,RageFist,Taunt,FinalGambit|||M|||50|,,,,,Water
|showteam|p2|Whimsicott||CovertCloak|Prankster|Tailwind,SunnyDay,Encore,Moonblast|||F|||50|,,,,,Fire]Typhlosion-Hisui||ChoiceScarf|Blaze|Eruption,HeatWave,ShadowBall,Flamethrower|||M|||50|,,,,,Fire]Indeedee||FocusSash|PsychicSurge|ExpandingForce,Imprison,TrickRoom,Protect|||M|||50|,,,,,Psychic]Sneasler||PsychicSeed|Unburden|DireClaw,CloseCombat,ThroatChop,Protect|||F|||50|,,,,,Dark]Dragapult||ChoiceBand|ClearBody|DragonDarts,PhantomForce,TeraBlast,Uturn|||F|||50|,,,,,Fighting]Maushold-Four||WideLens|Technician|PopulationBomb,Taunt,FollowMe,Protect||||||50|,,,,,Fairy
|
|t:|1757708916
|teamsize|p1|4
|teamsize|p2|4
|start
|switch|p1a: Corviknight|Corviknight, L50, F|100/100
|switch|p1b: Excadrill|Excadrill, L50, M|100/100
|switch|p2a: Whimsicott|Whimsicott, L50, F, shiny|100/100
|switch|p2b: Maushold|Maushold-Four, L50|100/100
|turn|1
|
|t:|1757708945
|move|p2a: Whimsicott|Tailwind|p2a: Whimsicott
|-sidestart|p2: luckstat10|move: Tailwind
|move|p2b: Maushold|Population Bomb|p1b: Excadrill
|-resisted|p1b: Excadrill
|-damage|p1b: Excadrill|93/100
|-resisted|p1b: Excadrill
|-damage|p1b: Excadrill|85/100
|-resisted|p1b: Excadrill
|-damage|p1b: Excadrill|77/100
|-resisted|p1b: Excadrill
|-crit|p1b: Excadrill
|-damage|p1b: Excadrill|65/100
|-resisted|p1b: Excadrill
|-damage|p1b: Excadrill|57/100
|-resisted|p1b: Excadrill
|-damage|p1b: Excadrill|49/100
|-resisted|p1b: Excadrill
|-damage|p1b: Excadrill|41/100
|-resisted|p1b: Excadrill
|-damage|p1b: Excadrill|33/100
|-resisted|p1b: Excadrill
|-damage|p1b: Excadrill|25/100
|-resisted|p1b: Excadrill
|-damage|p1b: Excadrill|18/100
|-hitcount|p1b: Excadrill|10
|move|p1b: Excadrill|Earthquake|p2a: Whimsicott|[spread] p2a,p2b
|-immune|p1a: Corviknight
|-resisted|p2a: Whimsicott
|-damage|p2a: Whimsicott|68/100
|-damage|p2b: Maushold|25/100
|move|p1a: Corviknight|Brave Bird|p2a: Whimsicott
|-supereffective|p2a: Whimsicott
|-damage|p2a: Whimsicott|0 fnt
|faint|p2a: Whimsicott
|-damage|p1a: Corviknight|86/100|[from] Recoil
|
|upkeep
|
|t:|1757708969
|switch|p2a: Typhlosion|Typhlosion-Hisui, L50, M, shiny|100/100
|turn|2
|
|t:|1757708985
|switch|p1a: Tyranitar|Tyranitar, L50, F|100/100
|-weather|Sandstorm|[from] ability: Sand Stream|[of] p1a: Tyranitar
|move|p1b: Excadrill|Protect|p1b: Excadrill
|-singleturn|p1b: Excadrill|Protect
|move|p2a: Typhlosion|Heat Wave|p1b: Excadrill|[spread] p1a
|-activate|p1b: Excadrill|move: Protect
|-resisted|p1a: Tyranitar
|-damage|p1a: Tyranitar|92/100
|-status|p1a: Tyranitar|brn
|move|p2b: Maushold|Population Bomb|p1a: Tyranitar
|-resisted|p1a: Tyranitar
|-damage|p1a: Tyranitar|87/100 brn
|-resisted|p1a: Tyranitar
|-crit|p1a: Tyranitar
|-damage|p1a: Tyranitar|80/100 brn
|-resisted|p1a: Tyranitar
|-damage|p1a: Tyranitar|75/100 brn
|-resisted|p1a: Tyranitar
|-damage|p1a: Tyranitar|71/100 brn
|-resisted|p1a: Tyranitar
|-damage|p1a: Tyranitar|66/100 brn
|-resisted|p1a: Tyranitar
|-damage|p1a: Tyranitar|61/100 brn
|-resisted|p1a: Tyranitar
|-damage|p1a: Tyranitar|56/100 brn
|-resisted|p1a: Tyranitar
|-crit|p1a: Tyranitar
|-damage|p1a: Tyranitar|49/100 brn
|-resisted|p1a: Tyranitar
|-damage|p1a: Tyranitar|45/100 brn
|-resisted|p1a: Tyranitar
|-damage|p1a: Tyranitar|40/100 brn
|-hitcount|p1a: Tyranitar|10
|
|-weather|Sandstorm|[upkeep]
|-damage|p2a: Typhlosion|94/100|[from] Sandstorm
|-damage|p2b: Maushold|19/100|[from] Sandstorm
|-damage|p1a: Tyranitar|34/100 brn|[from] brn
|upkeep
|turn|3
|
|t:|1757709004
|switch|p1b: Corviknight|Corviknight, L50, F|86/100
|move|p2a: Typhlosion|Heat Wave|p1b: Corviknight|[spread] p1a,p1b
|-resisted|p1a: Tyranitar
|-supereffective|p1b: Corviknight
|-damage|p1a: Tyranitar|26/100 brn
|-damage|p1b: Corviknight|20/100
|-enditem|p1b: Corviknight|Sitrus Berry|[eat]
|-heal|p1b: Corviknight|45/100|[from] item: Sitrus Berry
|move|p2b: Maushold|Population Bomb|p1a: Tyranitar
|-resisted|p1a: Tyranitar
|-damage|p1a: Tyranitar|21/100 brn
|-resisted|p1a: Tyranitar
|-damage|p1a: Tyranitar|17/100 brn
|-resisted|p1a: Tyranitar
|-crit|p1a: Tyranitar
|-damage|p1a: Tyranitar|10/100 brn
|-resisted|p1a: Tyranitar
|-damage|p1a: Tyranitar|5/100 brn
|-resisted|p1a: Tyranitar
|-damage|p1a: Tyranitar|0 fnt
|faint|p1a: Tyranitar
|-hitcount|p1: Tyranitar|5
|
|-weather|Sandstorm|[upkeep]
|-damage|p2a: Typhlosion|88/100|[from] Sandstorm
|-damage|p2b: Maushold|13/100|[from] Sandstorm
|upkeep
|
|t:|1757709015
|switch|p1a: Excadrill|Excadrill, L50, M|18/100
|turn|4
|
|t:|1757709025
|move|p1a: Excadrill|Protect|p1a: Excadrill
|-singleturn|p1a: Excadrill|Protect
|move|p2a: Typhlosion|Heat Wave|p1b: Corviknight|[spread] p1b
|-activate|p1a: Excadrill|move: Protect
|-supereffective|p1b: Corviknight
|-damage|p1b: Corviknight|0 fnt
|faint|p1b: Corviknight
|move|p2b: Maushold|Population Bomb|p1a: Excadrill
|-activate|p1a: Excadrill|move: Protect
|
|-weather|Sandstorm|[upkeep]
|-damage|p2a: Typhlosion|82/100|[from] Sandstorm
|-damage|p2b: Maushold|7/100|[from] Sandstorm
|-sideend|p2: luckstat10|move: Tailwind
|upkeep
|
|t:|1757709029
|switch|p1b: Annihilape|Annihilape, L50, M|100/100
|turn|5
|
|t:|1757709045
|move|p2b: Maushold|Follow Me|p2b: Maushold
|-singleturn|p2b: Maushold|move: Follow Me
|move|p1a: Excadrill|Earthquake|p2a: Typhlosion|[spread] p1b,p2a,p2b
|-supereffective|p2a: Typhlosion
|-damage|p1b: Annihilape|55/100
|-damage|p2a: Typhlosion|0 fnt
|-damage|p2b: Maushold|0 fnt
|faint|p2a: Typhlosion
|faint|p2b: Maushold
|move|p1b: Annihilape|Rage Fist|p2: Typhlosion|[notarget]
|-fail|p1b: Annihilape
|
|-weather|Sandstorm|[upkeep]
|upkeep
|
|t:|1757709051
|switch|p2b: Dragapult|Dragapult, L50, F|100/100
|turn|6
|
|t:|1757709069
|-terastallize|p1a: Excadrill|Stellar
|-terastallize|p2b: Dragapult|Fighting
|move|p1a: Excadrill|High Horsepower|p2b: Dragapult
|-damage|p2b: Dragapult|0 fnt
|faint|p2b: Dragapult
|
|win|SilkSongClave
