|j|☆p1ch1pichi
|j|☆SleepySilver07
|html|p1ch1pichiSleepySilver07    
|uhtml|bestof|Game 3 of a best-of-3
|t:|1784648078
|gametype|doubles
|player|p1|p1ch1pichi|n|1150
|player|p2|SleepySilver07|170|1158
|gen|9
|tier|[Gen 9 Champions] VGC 2026 Reg M-B (Bo3)
|rated|
|rule|Species Clause: Limit one of each Pokémon
|rule|Item Clause: Limit 1 of each item
|clearpoke
|poke|p1|Raichu, L50, M, shiny|
|poke|p1|Meowscarada, L50, F|
|poke|p1|Incineroar, L50, M|
|poke|p1|Milotic, L50, M|
|poke|p1|Sylveon, L50, M, shiny|
|poke|p1|Ceruledge, L50, M|
|poke|p2|Scrafty, L50, M|
|poke|p2|Farigiraf, L50, M|
|poke|p2|Torkoal, L50, F|
|poke|p2|Venusaur, L50, M|
|poke|p2|Kleavor, L50, M|
|poke|p2|Clefable, L50, M|
|teampreview|4
|showteam|p1|Raichu||RaichuniteY|LightningRod|ZapCannon,FocusBlast,FakeOut,Protect|Timid||M|||50|]Meowscarada||ChoiceScarf|Protean|FlowerTrick,KnockOff,TripleAxel,Uturn|Adamant||F|||50|]Incineroar||PasshoBerry|Intimidate|PartingShot,FakeOut,FlareBlitz,ThroatChop|Adamant||M|||50|]Milotic||Leftovers|Competitive|Protect,Coil,Hypnosis,MuddyWater|Bold||M|||50|]Sylveon||FairyFeather|Pixilate|HyperVoice,HyperBeam,QuickAttack,Detect|Modest||M|||50|]Ceruledge||ColburBerry|FlashFire|Protect,BulkUp,BitterBlade,ShadowSneak|Jolly||M|||50|
|showteam|p2|Scrafty||Scraftinite|Moxie|DrainPunch,ThroatChop,FakeOut,SwordsDance|Brave||M|||50|]Farigiraf||ColburBerry|ArmorTail|TwinBeam,Thunderbolt,Protect,TrickRoom|Quiet||M|||50|]Torkoal||Charcoal|Drought|HeatWave,Eruption,EarthPower,Protect|Quiet||F|||50|]Venusaur||ExpertBelt|Chlorophyll|GigaDrain,SludgeBomb,EarthPower,SleepPowder|Modest||M|||50|]Kleavor||FocusSash|Sharpness|StoneAxe,XScissor,Feint,Protect|Adamant||M|||50|]Clefable||LifeOrb|MagicGuard|Moonblast,Thunderbolt,Moonlight,FollowMe|Sassy||M|||50|
|inactive|Battle timer is ON: inactive players will automatically lose when time's up. (requested by p1ch1pichi)
|
|t:|1784648100
|teamsize|p1|4
|teamsize|p2|4
|start
|switch|p1a: GRRR|Incineroar, L50, M|100/100
|switch|p1b: Ceruledge|Ceruledge, L50, M|100/100
|switch|p2a: Torkoal|Torkoal, L50, F|100/100
|switch|p2b: Venusaur|Venusaur, L50, M|100/100
|-ability|p1a: GRRR|Intimidate|boost
|-unboost|p2a: Torkoal|atk|1
|-unboost|p2b: Venusaur|atk|1
|-weather|SunnyDay|[from] ability: Drought|[of] p2a: Torkoal
|turn|1
|inactive|SleepySilver07 has 30 seconds left.
|
|t:|1784648130
|switch|p2b: Farigiraf|Farigiraf, L50, M|100/100
|move|p1a: GRRR|Fake Out||[still]
|cant|p2b: Farigiraf|ability: Armor Tail|Fake Out|[of] p1a: GRRR
|move|p1b: Ceruledge|Bitter Blade|p2b: Farigiraf
|-damage|p2b: Farigiraf|24/100
|move|p2a: Torkoal|Earth Power|p1b: Ceruledge
|-supereffective|p1b: Ceruledge|1
|-damage|p1b: Ceruledge|35/100
|
|-weather|SunnyDay|[upkeep]
|upkeep
|turn|2
|
|t:|1784648148
|switch|p1b: QueenOfDrag!|Milotic, L50, M|100/100
|move|p2b: Farigiraf|Protect|p2b: Farigiraf
|-singleturn|p2b: Farigiraf|Protect
|move|p1a: GRRR|Throat Chop|p2b: Farigiraf
|-activate|p2b: Farigiraf|move: Protect
|move|p2a: Torkoal|Earth Power|p1b: QueenOfDrag!
|-damage|p1b: QueenOfDrag!|80/100
|
|-weather|SunnyDay|[upkeep]
|-heal|p1b: QueenOfDrag!|86/100|[from] item: Leftovers
|upkeep
|turn|3
|
|t:|1784648167
|switch|p2b: Scrafty|Scrafty, L50, M|100/100
|move|p1b: QueenOfDrag!|Coil|p1b: QueenOfDrag!
|-boost|p1b: QueenOfDrag!|atk|1
|-boost|p1b: QueenOfDrag!|def|1
|-boost|p1b: QueenOfDrag!|accuracy|1
|move|p1a: GRRR|Parting Shot|p2a: Torkoal
|-unboost|p2a: Torkoal|atk|1
|-unboost|p2a: Torkoal|spa|1
|
|t:|1784648175
|switch|p1a: Ceruledge|Ceruledge, L50, M|35/100|[from] Parting Shot
|move|p2a: Torkoal|Earth Power|p1a: Ceruledge
|-supereffective|p1a: Ceruledge|1
|-damage|p1a: Ceruledge|0 fnt
|faint|p1a: Ceruledge
|
|-weather|SunnyDay|[upkeep]
|-heal|p1b: QueenOfDrag!|92/100|[from] item: Leftovers
|upkeep
|
|t:|1784648186
|switch|p1a: Kaoru|Raichu, L50, M, shiny|100/100
|turn|4
|
|t:|1784648201
|detailschange|p1a: Kaoru|Raichu-Mega-Y, L50, M, shiny
|-mega|p1a: Kaoru|Raichu|Raichunite Y
|move|p1a: Kaoru|Protect|p1a: Kaoru
|-singleturn|p1a: Kaoru|Protect
|move|p1b: QueenOfDrag!|Hypnosis|p2a: Torkoal
|-status|p2a: Torkoal|slp|[from] move: Hypnosis
|move|p2b: Scrafty|Drain Punch|p1a: Kaoru
|-activate|p1a: Kaoru|move: Protect
|cant|p2a: Torkoal|slp
|
|-weather|SunnyDay|[upkeep]
|-heal|p1b: QueenOfDrag!|98/100|[from] item: Leftovers
|upkeep
|turn|5
|
|t:|1784648219
|switch|p2a: Farigiraf|Farigiraf, L50, M|24/100
|move|p1a: Kaoru|Focus Blast|p2b: Scrafty
|-supereffective|p2b: Scrafty|1
|-damage|p2b: Scrafty|24/100
|move|p1b: QueenOfDrag!|Hypnosis|p2b: Scrafty|[miss]
|-miss|p1b: QueenOfDrag!|p2b: Scrafty
|move|p2b: Scrafty|Drain Punch|p1a: Kaoru
|-damage|p1a: Kaoru|52/100
|-heal|p2b: Scrafty|47/100|[from] drain|[of] p1a: Kaoru
|
|-weather|none
|-heal|p1b: QueenOfDrag!|100/100|[from] item: Leftovers
|upkeep
|turn|6
|
|t:|1784648238
|switch|p2b: Venusaur|Venusaur, L50, M|100/100
|move|p1a: Kaoru|Focus Blast|p2b: Venusaur
|-resisted|p2b: Venusaur|1
|-damage|p2b: Venusaur|80/100
|move|p1b: QueenOfDrag!|Hypnosis|p2a: Farigiraf|[miss]
|-miss|p1b: QueenOfDrag!|p2a: Farigiraf
|move|p2a: Farigiraf|Trick Room|p2a: Farigiraf
|-fieldstart|move: Trick Room|[of] p2a: Farigiraf
|
|upkeep
|turn|7
|
|t:|1784648256
|switch|p1a: GRRR|Incineroar, L50, M|100/100
|-ability|p1a: GRRR|Intimidate|boost
|-unboost|p2a: Farigiraf|atk|1
|-unboost|p2b: Venusaur|atk|1
|move|p2a: Farigiraf|Thunderbolt|p1b: QueenOfDrag!
|-supereffective|p1b: QueenOfDrag!|1
|-damage|p1b: QueenOfDrag!|57/100
|move|p1b: QueenOfDrag!|Hypnosis|p2b: Venusaur
|-status|p2b: Venusaur|slp|[from] move: Hypnosis
|cant|p2b: Venusaur|slp
|
|-heal|p1b: QueenOfDrag!|63/100|[from] item: Leftovers
|upkeep
|turn|8
|
|t:|1784648271
|move|p1b: QueenOfDrag!|Protect|p1b: QueenOfDrag!
|-singleturn|p1b: QueenOfDrag!|Protect
|move|p2a: Farigiraf|Thunderbolt|p1b: QueenOfDrag!
|-activate|p1b: QueenOfDrag!|move: Protect
|move|p1a: GRRR|Throat Chop|p2a: Farigiraf
|-supereffective|p2a: Farigiraf|1
|-enditem|p2a: Farigiraf|Colbur Berry|[eat]
|-enditem|p2a: Farigiraf|Colbur Berry|[weaken]
|-damage|p2a: Farigiraf|0 fnt
|faint|p2a: Farigiraf
|cant|p2b: Venusaur|slp
|
|-heal|p1b: QueenOfDrag!|69/100|[from] item: Leftovers
|upkeep
|
|t:|1784648276
|switch|p2a: Scrafty|Scrafty, L50, M|47/100
|turn|9
|
|t:|1784648291
|move|p2a: Scrafty|Fake Out|p1a: GRRR
|-damage|p1a: GRRR|88/100
|cant|p1a: GRRR|flinch
|move|p1b: QueenOfDrag!|Hypnosis|p2a: Scrafty
|-status|p2a: Scrafty|slp|[from] move: Hypnosis
|-curestatus|p2b: Venusaur|slp|[msg]
|move|p2b: Venusaur|Giga Drain|p1b: QueenOfDrag!
|-supereffective|p1b: QueenOfDrag!|1
|-damage|p1b: QueenOfDrag!|10/100
|-heal|p2b: Venusaur|100/100|[from] drain|[of] p1b: QueenOfDrag!
|
|-heal|p1b: QueenOfDrag!|16/100|[from] item: Leftovers
|upkeep
|turn|10
|
|t:|1784648308
|switch|p2b: Torkoal|Torkoal, L50, F|100/100 slp
|-weather|SunnyDay|[from] ability: Drought|[of] p2b: Torkoal
|cant|p2a: Scrafty|slp
|move|p1a: GRRR|Flare Blitz|p2b: Torkoal
|-resisted|p2b: Torkoal|1
|-damage|p2b: Torkoal|67/100 slp
|-damage|p1a: GRRR|77/100|[from] Recoil
|move|p1b: QueenOfDrag!|Muddy Water|p2b: Torkoal|[spread] p2a,p2b
|-supereffective|p2b: Torkoal|1
|-damage|p2a: Scrafty|37/100 slp
|-damage|p2b: Torkoal|37/100 slp
|
|-weather|SunnyDay|[upkeep]
|-heal|p1b: QueenOfDrag!|22/100|[from] item: Leftovers
|-fieldend|move: Trick Room
|upkeep
|turn|11
|
|t:|1784648330
|move|p1b: QueenOfDrag!|Muddy Water|p2b: Torkoal|[spread] p2a,p2b
|-supereffective|p2b: Torkoal|1
|-damage|p2a: Scrafty|26/100 slp
|-damage|p2b: Torkoal|5/100 slp
|move|p1a: GRRR|Flare Blitz|p2a: Scrafty
|-damage|p2a: Scrafty|0 fnt
|faint|p2a: Scrafty
|-damage|p1a: GRRR|69/100|[from] Recoil
|-curestatus|p2b: Torkoal|slp|[msg]
|move|p2b: Torkoal|Earth Power|p1b: QueenOfDrag!
|-damage|p1b: QueenOfDrag!|3/100
|
|-weather|SunnyDay|[upkeep]
|-heal|p1b: QueenOfDrag!|9/100|[from] item: Leftovers
|upkeep
|
|t:|1784648333
|switch|p2a: Venusaur|Venusaur, L50, M|100/100
|turn|12
|
|t:|1784648353
|move|p1b: QueenOfDrag!|Protect|p1b: QueenOfDrag!
|-singleturn|p1b: QueenOfDrag!|Protect
|move|p2a: Venusaur|Earth Power|p1a: GRRR
|-supereffective|p1a: GRRR|1
|-damage|p1a: GRRR|7/100
|move|p1a: GRRR|Parting Shot|p2a: Venusaur
|-unboost|p2a: Venusaur|atk|1
|-unboost|p2a: Venusaur|spa|1
|
|t:|1784648361
|switch|p1a: Kaoru|Raichu-Mega-Y, L50, M, shiny|52/100|[from] Parting Shot
|move|p2b: Torkoal|Earth Power|p1b: QueenOfDrag!
|-activate|p1b: QueenOfDrag!|move: Protect
|
|-weather|SunnyDay|[upkeep]
|-heal|p1b: QueenOfDrag!|15/100|[from] item: Leftovers
|upkeep
|turn|13
|
|t:|1784648374
|move|p2b: Torkoal|Protect|p2b: Torkoal
|-singleturn|p2b: Torkoal|Protect
|move|p1a: Kaoru|Fake Out|p2a: Venusaur
|-damage|p2a: Venusaur|89/100
|cant|p2a: Venusaur|flinch
|move|p1b: QueenOfDrag!|Muddy Water|p2a: Venusaur|[spread] p2a
|-activate|p2b: Torkoal|move: Protect
|-resisted|p2a: Venusaur|1
|-damage|p2a: Venusaur|83/100
|
|-weather|SunnyDay|[upkeep]
|-heal|p1b: QueenOfDrag!|21/100|[from] item: Leftovers
|upkeep
|turn|14
|
|t:|1784648398
|move|p2a: Venusaur|Earth Power|p1a: Kaoru
|-supereffective|p1a: Kaoru|1
|-damage|p1a: Kaoru|0 fnt
|faint|p1a: Kaoru
|move|p1b: QueenOfDrag!|Muddy Water|p2b: Torkoal|[spread] p2a,p2b
|-resisted|p2a: Venusaur|1
|-supereffective|p2b: Torkoal|1
|-damage|p2a: Venusaur|78/100
|-damage|p2b: Torkoal|0 fnt
|-unboost|p2a: Venusaur|accuracy|1
|faint|p2b: Torkoal
|
|-weather|none
|-heal|p1b: QueenOfDrag!|27/100|[from] item: Leftovers
|upkeep
|
|t:|1784648409
|switch|p1a: GRRR|Incineroar, L50, M|7/100
|-ability|p1a: GRRR|Intimidate|boost
|-unboost|p2a: Venusaur|atk|1
|turn|15
|
|t:|1784648418
|move|p1a: GRRR|Fake Out|p2a: Venusaur
|-damage|p2a: Venusaur|63/100
|cant|p2a: Venusaur|flinch
|move|p1b: QueenOfDrag!|Hypnosis|p2a: Venusaur
|-status|p2a: Venusaur|slp|[from] move: Hypnosis
|
|-heal|p1b: QueenOfDrag!|33/100|[from] item: Leftovers
|upkeep
|turn|16
|
|t:|1784648431
|cant|p2a: Venusaur|slp
|move|p1b: QueenOfDrag!|Muddy Water|p2a: Venusaur
|-resisted|p2a: Venusaur|1
|-damage|p2a: Venusaur|46/100 slp
|-unboost|p2a: Venusaur|accuracy|1
|move|p1a: GRRR|Flare Blitz|p2a: Venusaur
|-supereffective|p2a: Venusaur|1
|-damage|p2a: Venusaur|0 fnt
|faint|p2a: Venusaur
|-damage|p1a: GRRR|0 fnt|[from] Recoil
|faint|p1a: GRRR
|
|win|p1ch1pichi
|raw|p1ch1pichi's rating: 1150 → 1176(+26 for winning)
|raw|SleepySilver07's rating: 1158 → 1132(-26 for losing)
|l|☆SleepySilver07
|player|p2|
