|j|☆atackaoakauan
|j|☆3-4 worlds
|html|atackaoakauan3-4 worlds    
|uhtml|bestof|Game 2 of a best-of-3
|t:|1785175305
|gametype|doubles
|player|p1|atackaoakauan|2|1039
|player|p2|3-4 worlds|emma|1143
|gen|9
|tier|[Gen 9 Champions] VGC 2026 Reg M-B (Bo3)
|rated|
|rule|Species Clause: Limit one of each Pokémon
|rule|Item Clause: Limit 1 of each item
|clearpoke
|poke|p1|Greninja, L50, M|
|poke|p1|Vanilluxe, L50, M|
|poke|p1|Torkoal, L50, M|
|poke|p1|Slowking-Galar, L50, F|
|poke|p1|Kingambit, L50, M|
|poke|p1|Aerodactyl, L50, F|
|poke|p2|Charizard, L50, F|
|poke|p2|Glimmora, L50, F|
|poke|p2|Ninetales-Alola, L50, M|
|poke|p2|Sylveon, L50, M|
|poke|p2|Kingambit, L50, M|
|poke|p2|Whimsicott, L50, F|
|teampreview|4
|showteam|p1|Greninja||Greninjite|Protean|Blizzard,WeatherBall,DarkPulse,GrassKnot|Timid||M|||50|]Vanilluxe||ChoiceScarf|SnowWarning|Blizzard,FlashCannon,FreezeDry,WeatherBall|Timid||M|||50|]Torkoal||Charcoal|Drought|Eruption,HeatWave,SolarBeam,Protect|Quiet||M|||50|]Slowking-Galar||SitrusBerry|Regenerator|ChillyReception,TrickRoom,Protect,SludgeWave|Sassy||F|||50|]Kingambit||BlackGlasses|Defiant|Protect,LowKick,SuckerPunch,IronHead|Adamant||M|||50|]Aerodactyl||LifeOrb|RockHead|Tailwind,Protect,RockSlide,DualWingbeat|Jolly||F|||50|
|showteam|p2|Charizard||CharizarditeY|Blaze|HeatWave,WeatherBall,SolarBeam,Protect|Modest||F|||50|]Glimmora||Glimmoranite|ToxicDebris|SludgeBomb,PowerGem,EarthPower,SpikyShield|Modest||F|||50|]Ninetales-Alola||NeverMeltIce|SnowWarning|Blizzard,FreezeDry,Disable,Protect|Timid||M|||50|]Sylveon||FairyFeather|Pixilate|HyperVoice,HyperBeam,QuickAttack,Detect|Modest||M|||50|]Kingambit||BlackGlasses|Defiant|KowtowCleave,IronHead,SuckerPunch,Protect|Adamant||M|||50|]Whimsicott||FocusSash|Prankster|Moonblast,Tailwind,Encore,Protect|Timid||F|||50|
|inactive|Battle timer is ON: inactive players will automatically lose when time's up. (requested by 3-4 worlds)
|inactive|atackaoakauan has 60 seconds left.
|inactive|3-4 worlds has 60 seconds left.
|
|t:|1785175349
|teamsize|p1|4
|teamsize|p2|4
|start
|switch|p1a: Aerodactyl|Aerodactyl, L50, F|100/100
|switch|p1b: Slowking|Slowking-Galar, L50, F|100/100
|switch|p2a: Glimmora|Glimmora, L50, F|100/100
|switch|p2b: Whimsicott|Whimsicott, L50, F|100/100
|turn|1
|
|t:|1785175366
|detailschange|p2a: Glimmora|Glimmora-Mega, L50, F
|-mega|p2a: Glimmora|Glimmora|Glimmoranite
|move|p2b: Whimsicott|Tailwind|p2b: Whimsicott
|-sidestart|p2: 3-4 worlds|move: Tailwind
|move|p2a: Glimmora|Earth Power|p1b: Slowking
|-supereffective|p1b: Slowking|1
|-damage|p1b: Slowking|52/100
|move|p1a: Aerodactyl|Rock Slide|p2b: Whimsicott|[spread] p2a,p2b
|-damage|p2a: Glimmora|69/100
|-damage|p2b: Whimsicott|49/100
|-damage|p1a: Aerodactyl|90/100|[from] item: Life Orb
|-prepare|p1b: Slowking|Chilly Reception|[premajor]
|move|p1b: Slowking|Chilly Reception|p1b: Slowking
|-weather|Snowscape
|
|t:|1785175375
|-heal|p1b: Slowking|85/100|[from] ability: Regenerator|[silent]
|switch|p1b: Greninja|Greninja, L50, M|100/100|[from] Chilly Reception
|
|-weather|Snowscape|[upkeep]
|upkeep
|turn|2
|
|t:|1785175394
|switch|p1b: Slowking|Slowking-Galar, L50, F|85/100
|move|p2a: Glimmora|Spiky Shield|p2a: Glimmora
|-singleturn|p2a: Glimmora|move: Protect
|move|p2b: Whimsicott|Moonblast|p1b: Slowking
|-resisted|p1b: Slowking|1
|-damage|p1b: Slowking|75/100
|move|p1a: Aerodactyl|Tailwind|p1a: Aerodactyl
|-sidestart|p1: atackaoakauan|move: Tailwind
|
|-weather|Snowscape|[upkeep]
|upkeep
|turn|3
|
|t:|1785175416
|-heal|p1b: Slowking|100/100|[from] ability: Regenerator|[silent]
|switch|p1b: Greninja|Greninja, L50, M|100/100
|move|p2b: Whimsicott|Encore|p1a: Aerodactyl
|-start|p1a: Aerodactyl|Encore
|move|p1a: Aerodactyl|Tailwind||[still]
|-fail|p1a: Aerodactyl
|move|p2a: Glimmora|Earth Power|p1b: Greninja
|-crit|p1b: Greninja
|-damage|p1b: Greninja|14/100
|
|-weather|Snowscape|[upkeep]
|upkeep
|turn|4
|
|t:|1785175441
|switch|p1a: Slowking|Slowking-Galar, L50, F|100/100
|detailschange|p1b: Greninja|Greninja-Mega, L50, M
|-mega|p1b: Greninja|Greninja|Greninjite
|move|p1b: Greninja|Dark Pulse|p2a: Glimmora
|-start|p1b: Greninja|typechange|Dark|[from] ability: Protean
|-damage|p2a: Glimmora|20/100y
|move|p2b: Whimsicott|Moonblast|p1b: Greninja
|-supereffective|p1b: Greninja|1
|-damage|p1b: Greninja|0 fnt
|faint|p1b: Greninja
|move|p2a: Glimmora|Power Gem|p1a: Slowking
|-damage|p1a: Slowking|60/100
|
|-weather|Snowscape|[upkeep]
|-sideend|p2: 3-4 worlds|move: Tailwind
|upkeep
|
|t:|1785175453
|switch|p1b: Vanilluxe|Vanilluxe, L50, M|100/100
|turn|5
|
|t:|1785175473
|switch|p2a: Kingambit|Kingambit, L50, M|100/100
|move|p1b: Vanilluxe|Blizzard|p2b: Whimsicott|[spread] p2a,p2b
|-resisted|p2a: Kingambit|1
|-supereffective|p2b: Whimsicott|1
|-damage|p2a: Kingambit|80/100
|-damage|p2b: Whimsicott|0 fnt
|faint|p2b: Whimsicott
|move|p1a: Slowking|Sludge Wave|p2a: Kingambit|[spread] p1b
|-immune|p2a: Kingambit
|-damage|p1b: Vanilluxe|63/100
|
|-weather|none
|-sideend|p1: atackaoakauan|move: Tailwind
|upkeep
|
|t:|1785175476
|switch|p2b: Charizard|Charizard, L50, F|100/100
|turn|6
|
|t:|1785175484
|move|p1b: Vanilluxe|Blizzard|p2b: Charizard|[spread] p2a,p2b
|-resisted|p2a: Kingambit|1
|-damage|p2a: Kingambit|62/100
|-damage|p2b: Charizard|57/100
|move|p2b: Charizard|Heat Wave|p1a: Slowking|[spread] p1a,p1b
|-supereffective|p1b: Vanilluxe|1
|-damage|p1a: Slowking|40/100
|-damage|p1b: Vanilluxe|0 fnt
|-enditem|p1a: Slowking|Sitrus Berry|[eat]
|-heal|p1a: Slowking|65/100|[from] item: Sitrus Berry
|faint|p1b: Vanilluxe
|move|p2a: Kingambit|Kowtow Cleave|p1a: Slowking
|-supereffective|p1a: Slowking|1
|-damage|p1a: Slowking|0 fnt
|faint|p1a: Slowking
|
|upkeep
|
|t:|1785175492
|switch|p1b: Aerodactyl|Aerodactyl, L50, F|90/100
|turn|7
|
|t:|1785175507
|move|p1b: Aerodactyl|Rock Slide|p2a: Kingambit|[spread] p2a,p2b
|-resisted|p2a: Kingambit|1
|-supereffective|p2b: Charizard|2
|-damage|p2a: Kingambit|49/100
|-damage|p2b: Charizard|0 fnt
|faint|p2b: Charizard
|-damage|p1b: Aerodactyl|80/100|[from] item: Life Orb
|cant|p2a: Kingambit|flinch
|
|upkeep
|
|t:|1785175510
|switch|p2b: Glimmora|Glimmora-Mega, L50, F|20/100y
|turn|8
|
|t:|1785175518
|move|p1b: Aerodactyl|Rock Slide|p2b: Glimmora|[spread] p2a,p2b
|-resisted|p2a: Kingambit|1
|-crit|p2a: Kingambit
|-damage|p2a: Kingambit|30/100
|-damage|p2b: Glimmora|0 fnt
|faint|p2b: Glimmora
|-damage|p1b: Aerodactyl|71/100|[from] item: Life Orb
|cant|p2a: Kingambit|flinch
|
|upkeep
|turn|9
|
|t:|1785175530
|move|p1b: Aerodactyl|Rock Slide|p2a: Kingambit
|-resisted|p2a: Kingambit|1
|-damage|p2a: Kingambit|15/100
|-damage|p1b: Aerodactyl|61/100|[from] item: Life Orb
|cant|p2a: Kingambit|flinch
|
|upkeep
|turn|10
|c|☆3-4 worlds|holy shit
|
|t:|1785175542
|move|p1b: Aerodactyl|Dual Wingbeat|p2a: Kingambit
|-resisted|p2a: Kingambit|1
|-damage|p2a: Kingambit|7/100
|-resisted|p2a: Kingambit|1
|-damage|p2a: Kingambit|0 fnt
|faint|p2a: Kingambit
|-hitcount|p2: Kingambit|2
|-damage|p1b: Aerodactyl|52/100|[from] item: Life Orb
|
|win|atackaoakauan
||atackaoakauan is ready for game 3.
|inactive|3-4 worlds has 30 seconds to confirm battle start!
|l|☆atackaoakauan
|player|p1|
||3-4 worlds is ready for game 3.
|uhtml|next|Next: Game 3 of 3
