|j|☆laufey#1fan
|j|☆JNEST
|html|laufey#1fanJNEST    
|uhtml|bestof|Game 1 of a best-of-3
|t:|1756159681
|gametype|doubles
|player|p1|laufey#1fan|lady|1129
|player|p2|JNEST|veteran-gen4|1216
|gen|9
|tier|[Gen 9] VGC 2025 Reg H (Bo3)
|rated|
|rule|Species Clause: Limit one of each Pokémon
|rule|Item Clause: Limit 1 of each item
|clearpoke
|poke|p1|Gholdengo, L50|
|poke|p1|Rillaboom, L50, F|
|poke|p1|Ninetales-Alola, L50, M|
|poke|p1|Annihilape, L50, F|
|poke|p1|Kilowattrel, L50, F|
|poke|p1|Gyarados, L50, F|
|poke|p2|Weezing, L50, M|
|poke|p2|Incineroar, L50, M|
|poke|p2|Annihilape, L50, F|
|poke|p2|Tyranitar, L50, M|
|poke|p2|Toedscruel, L50, F|
|teampreview|4
|showteam|p1|Gholdengo||GrassySeed|GoodasGold|MakeItRain,ShadowBall,NastyPlot,Protect||||||50|,,,,,Water]Rillaboom||AssaultVest|GrassySurge|GrassyGlide,WoodHammer,Uturn,FakeOut|||F|||50|,,,,,Fire]Ninetales-Alola||LightClay|SnowWarning|Blizzard,IcyWind,AuroraVeil,Encore|||M|||50|,,,,,Ghost]Annihilape||SafetyGoggles|Defiant|BulkUp,Protect,RageFist,DrainPunch|||F|||50|,,,,,Fire]Kilowattrel||FocusSash|Competitive|Tailwind,Thunderbolt,AirSlash,Electroweb|||F|||50|,,,,,Ghost]Gyarados||CovertCloak|Intimidate|Waterfall,Protect,HelpingHand,Taunt|||F|||50|,,,,,Ground
|showteam|p2|Weezing||SitrusBerry|NeutralizingGas|Protect,Taunt,WillOWisp,SludgeBomb|||M|||50|,,,,,Ghost]Incineroar||AbilityShield|Intimidate|KnockOff,FlareBlitz,FakeOut,PartingShot|||M|||50|,,,,,Ghost]Annihilape||SafetyGoggles|Defiant|Taunt,RageFist,CloseCombat,FinalGambit|||F|||50|,,,,,Fairy]Tyranitar||AssaultVest|SandStream|RockSlide,KnockOff,TeraBlast,LowKick|||M|||50|,,,,,Flying]Toedscruel||CovertCloak|MyceliumMight|RagePowder,Spore,AcidSpray,EarthPower|||F|||50|,,,,,Ground
|inactive|Battle timer is ON: inactive players will automatically lose when time's up. (requested by JNEST)
|inactive|laufey#1fan has 60 seconds left.
|inactive|JNEST has 60 seconds left.
|
|t:|1756159742
|teamsize|p1|4
|teamsize|p2|4
|start
|switch|p1a: Woodstock|Kilowattrel, L50, F, shiny|100/100
|switch|p1b: Gyarados|Gyarados, L50, F|100/100
|switch|p2a: Weezing|Weezing, L50, M|100/100
|switch|p2b: Toedscruel|Toedscruel, L50, F|100/100
|-ability|p2a: Weezing|Neutralizing Gas
|turn|1
|
|t:|1756159764
|-terastallize|p2b: Toedscruel|Ground
|move|p1a: Woodstock|Tailwind|p1a: Woodstock
|-sidestart|p1: laufey#1fan|move: Tailwind
|move|p1b: Gyarados|Taunt|p2b: Toedscruel
|-start|p2b: Toedscruel|move: Taunt
|cant|p2b: Toedscruel|move: Taunt|Spore
|move|p2a: Weezing|Sludge Bomb|p1a: Woodstock
|-damage|p1a: Woodstock|52/100
|-status|p1a: Woodstock|psn
|
|-damage|p1a: Woodstock|40/100 psn|[from] psn
|upkeep
|turn|2
|
|t:|1756159777
|switch|p2b: Incineroar|Incineroar, L50, M|100/100
|-ability|p2b: Incineroar|Intimidate|boost
|-unboost|p1a: Woodstock|atk|1
|-unboost|p1b: Gyarados|atk|1
|move|p1a: Woodstock|Air Slash|p2b: Incineroar
|-damage|p2b: Incineroar|68/100
|move|p1b: Gyarados|Taunt|p2a: Weezing
|-start|p2a: Weezing|move: Taunt
|move|p2a: Weezing|Sludge Bomb|p1a: Woodstock
|-damage|p1a: Woodstock|0 fnt
|faint|p1a: Woodstock
|
|upkeep
|
|t:|1756159785
|switch|p1a: Gnarly|Annihilape, L50, F|100/100
|turn|3
|
|t:|1756159793
|switch|p2b: Toedscruel|Toedscruel, L50, F, tera:Ground|100/100
|move|p1b: Gyarados|Helping Hand|p1a: Gnarly
|-singleturn|p1a: Gnarly|Helping Hand|[of] p1b: Gyarados
|move|p1a: Gnarly|Drain Punch|p2b: Toedscruel
|-damage|p2b: Toedscruel|28/100
|move|p2a: Weezing|Sludge Bomb|p1b: Gyarados
|-damage|p1b: Gyarados|77/100
|
|upkeep
|turn|4
|
|t:|1756159804
|switch|p2b: Incineroar|Incineroar, L50, M|68/100
|-ability|p2b: Incineroar|Intimidate|boost
|-unboost|p1a: Gnarly|atk|1
|-unboost|p1b: Gyarados|atk|1
|move|p1a: Gnarly|Bulk Up|p1a: Gnarly
|-boost|p1a: Gnarly|atk|1
|-boost|p1a: Gnarly|def|1
|move|p1b: Gyarados|Waterfall|p2b: Incineroar
|-supereffective|p2b: Incineroar
|-damage|p2b: Incineroar|31/100
|move|p2a: Weezing|Sludge Bomb|p1b: Gyarados
|-damage|p1b: Gyarados|52/100
|
|-end|p2a: Weezing|move: Taunt
|-sideend|p1: laufey#1fan|move: Tailwind
|upkeep
|turn|5
|
|t:|1756159816
|move|p2b: Incineroar|Fake Out|p1b: Gyarados
|-damage|p1b: Gyarados|40/100
|move|p1a: Gnarly|Drain Punch|p2b: Incineroar
|-supereffective|p2b: Incineroar
|-damage|p2b: Incineroar|0 fnt
|faint|p2b: Incineroar
|move|p1b: Gyarados|Waterfall|p2a: Weezing
|-crit|p2a: Weezing
|-damage|p2a: Weezing|53/100
|cant|p2a: Weezing|flinch
|
|upkeep
|
|t:|1756159827
|switch|p2b: Toedscruel|Toedscruel, L50, F, tera:Ground|28/100
|turn|6
|
|t:|1756159835
|move|p1b: Gyarados|Protect|p1b: Gyarados
|-singleturn|p1b: Gyarados|Protect
|move|p1a: Gnarly|Drain Punch|p2b: Toedscruel
|-damage|p2b: Toedscruel|0 fnt
|faint|p2b: Toedscruel
|move|p2a: Weezing|Will-O-Wisp|p1a: Gnarly
|-status|p1a: Gnarly|brn
|
|-damage|p1a: Gnarly|94/100 brn|[from] brn
|upkeep
|
|t:|1756159840
|switch|p2b: Tyranitar|Tyranitar, L50, M|100/100
|turn|7
|
|t:|1756159847
|move|p1a: Gnarly|Drain Punch|p2b: Tyranitar
|-supereffective|p2b: Tyranitar
|-damage|p2b: Tyranitar|46/100
|-heal|p1a: Gnarly|100/100 brn|[from] drain|[of] p2b: Tyranitar
|move|p1b: Gyarados|Waterfall|p2b: Tyranitar
|-supereffective|p2b: Tyranitar
|-damage|p2b: Tyranitar|14/100
|move|p2b: Tyranitar|Knock Off|p1a: Gnarly
|-crit|p1a: Gnarly
|-damage|p1a: Gnarly|10/100 brn
|-enditem|p1a: Gnarly|Safety Goggles|[from] move: Knock Off|[of] p2b: Tyranitar
|move|p2a: Weezing|Will-O-Wisp|p1b: Gyarados|[miss]
|-miss|p2a: Weezing|p1b: Gyarados
|
|-damage|p1a: Gnarly|3/100 brn|[from] brn
|upkeep
|turn|8
|-message|JNEST forfeited.
|
|win|laufey#1fan
||laufey#1fan is ready for game 2.
