|j|☆LeonardPlayz
|j|☆NPCMystic
|html|LeonardPlayzNPCMystic    
|uhtml|bestof|Game 3 of a best-of-3
|t:|1783483957
|gametype|doubles
|player|p1|LeonardPlayz|hilbert-wonderlauncher|1048
|player|p2|NPCMystic|cynthia-gen4|1013
|gen|9
|tier|[Gen 9 Champions] VGC 2026 Reg M-B (Bo3)
|rated|
|rule|Species Clause: Limit one of each Pokémon
|rule|Item Clause: Limit 1 of each item
|clearpoke
|poke|p1|Tyranitar, L50, F|
|poke|p1|Mawile, L50, M|
|poke|p1|Excadrill, L50, M|
|poke|p1|Houndstone, L50, F|
|poke|p1|Sinistcha, L50|
|poke|p1|Conkeldurr, L50, M|
|poke|p2|Castform, L50, M|
|poke|p2|Pelipper, L50, F|
|poke|p2|Torkoal, L50, M, shiny|
|poke|p2|Froslass, L50, F|
|poke|p2|Tyranitar, L50, F|
|poke|p2|Garchomp, L50, F|
|teampreview|4
|showteam|p1|Tyranitar||Tyranitarite|SandStream|RockSlide,Crunch,IcePunch,Protect|Brave||F|||50|]Mawile||Mawilite|Intimidate|SuckerPunch,PlayRough,IronHead,Protect|Brave||M|||50|]Excadrill||FocusSash|SandRush|IronHead,RockSlide,Earthquake,Protect|Adamant||M|||50|]Houndstone||ColburBerry|SandRush|LastRespects,Howl,AllySwitch,Protect|Adamant||F|||50|]Sinistcha||SitrusBerry|Hospitality|RagePowder,MatchaGotcha,TrickRoom,Protect|Modest|||||50|]Conkeldurr||LifeOrb|SheerForce|MachPunch,LowSweep,ThunderPunch,WideGuard|Brave||M|||50|
|showteam|p2|Castform||LifeOrb|Forecast|WeatherBall,SolarBeam,Blizzard,Protect|Timid||M|||50|]Pelipper||SitrusBerry|Drizzle|WideGuard,Tailwind,Hurricane,WeatherBall|Modest||F|||50|]Torkoal||QuickClaw|Drought|HeatWave,WeatherBall,EarthPower,Protect|Modest||M|||50|]Froslass||Froslassite|CursedBody|Blizzard,ShadowBall,IceShard,Protect|Hasty||F|||50|]Tyranitar||WhiteHerb|SandStream|KnockOff,Earthquake,Superpower,Protect|Adamant||F|||50|]Garchomp||Garchompite|SandVeil|Earthquake,DragonClaw,RockSlide,Protect|Jolly||F|||50|
|inactive|Battle timer is ON: inactive players will automatically lose when time's up. (requested by LeonardPlayz)
|inactive|LeonardPlayz has 60 seconds left.
|
|t:|1783483990
|teamsize|p1|4
|teamsize|p2|4
|start
|switch|p1a: Hot To Go|Sinistcha, L50|100/100
|switch|p1b: Conkeldurr|Conkeldurr, L50, M|100/100
|switch|p2a: Torkoal|Torkoal, L50, M, shiny|100/100
|switch|p2b: Pelipper|Pelipper, L50, F|100/100
|-weather|RainDance|[from] ability: Drizzle|[of] p2b: Pelipper
|-weather|SunnyDay|[from] ability: Drought|[of] p2a: Torkoal
|turn|1
|c|☆LeonardPlayz|might as well add a klefki with the three weather moves that isn't snow
|inactive|LeonardPlayz has 30 seconds left.
|inactive|NPCMystic has 30 seconds left.
|
|t:|1783484019
|switch|p1a: Tyranitar|Tyranitar, L50, F|100/100
|-weather|Sandstorm|[from] ability: Sand Stream|[of] p1a: Tyranitar
|move|p2b: Pelipper|Hurricane|p1b: Conkeldurr
|-supereffective|p1b: Conkeldurr|1
|-damage|p1b: Conkeldurr|0 fnt
|faint|p1b: Conkeldurr
|move|p2a: Torkoal|Heat Wave|p1a: Tyranitar
|-resisted|p1a: Tyranitar|1
|-damage|p1a: Tyranitar|88/100
|
|-weather|Sandstorm|[upkeep]
|-damage|p2b: Pelipper|94/100|[from] Sandstorm
|-damage|p2a: Torkoal|93/100|[from] Sandstorm
|upkeep
|
|t:|1783484028
|switch|p1b: Mawile|Mawile, L50, M|100/100
|-ability|p1b: Mawile|Intimidate|boost
|-unboost|p2a: Torkoal|atk|1
|-unboost|p2b: Pelipper|atk|1
|turn|2
|
|t:|1783484042
|move|p1b: Mawile|Protect|p1b: Mawile
|-singleturn|p1b: Mawile|Protect
|move|p2b: Pelipper|Wide Guard|p2b: Pelipper
|-singleturn|p2b: Pelipper|Wide Guard
|move|p1a: Tyranitar|Rock Slide|p2a: Torkoal|[spread] 
|-activate|p2a: Torkoal|move: Wide Guard
|-activate|p2b: Pelipper|move: Wide Guard
|move|p2a: Torkoal|Earth Power|p1b: Mawile
|-activate|p1b: Mawile|move: Protect
|
|-weather|Sandstorm|[upkeep]
|-damage|p2b: Pelipper|88/100|[from] Sandstorm
|-damage|p2a: Torkoal|87/100|[from] Sandstorm
|upkeep
|turn|3
|inactive|NPCMystic has 30 seconds left.
|
|t:|1783484068
|detailschange|p1b: Mawile|Mawile-Mega, L50, M
|-mega|p1b: Mawile|Mawile|Mawilite
|move|p1b: Mawile|Sucker Punch|p2a: Torkoal
|-damage|p2a: Torkoal|50/100g
|move|p2b: Pelipper|Tailwind|p2b: Pelipper
|-sidestart|p2: NPCMystic|move: Tailwind
|move|p2a: Torkoal|Earth Power|p1a: Tyranitar
|-supereffective|p1a: Tyranitar|1
|-damage|p1a: Tyranitar|59/100
|move|p1a: Tyranitar|Crunch|p2a: Torkoal
|-damage|p2a: Torkoal|13/100
|
|-weather|Sandstorm|[upkeep]
|-damage|p2b: Pelipper|82/100|[from] Sandstorm
|-damage|p2a: Torkoal|7/100|[from] Sandstorm
|upkeep
|turn|4
|
|t:|1783484087
|switch|p2b: Tyranitar|Tyranitar, L50, F|100/100
|move|p2a: Torkoal|Protect|p2a: Torkoal
|-singleturn|p2a: Torkoal|Protect
|move|p1b: Mawile|Protect|p1b: Mawile
|-singleturn|p1b: Mawile|Protect
|move|p1a: Tyranitar|Rock Slide|p2a: Torkoal|[spread] p2b
|-activate|p2a: Torkoal|move: Protect
|-damage|p2b: Tyranitar|73/100
|
|-weather|Sandstorm|[upkeep]
|-damage|p2a: Torkoal|1/100|[from] Sandstorm
|upkeep
|turn|5
|
|t:|1783484104
|move|p1a: Tyranitar|Protect|p1a: Tyranitar
|-singleturn|p1a: Tyranitar|Protect
|move|p2b: Tyranitar|Superpower|p1a: Tyranitar
|-activate|p1a: Tyranitar|move: Protect
|move|p2a: Torkoal|Heat Wave|p1a: Tyranitar|[spread] p1b
|-activate|p1a: Tyranitar|move: Protect
|-supereffective|p1b: Mawile|1
|-damage|p1b: Mawile|31/100
|move|p1b: Mawile|Play Rough|p2b: Tyranitar
|-supereffective|p2b: Tyranitar|1
|-damage|p2b: Tyranitar|0 fnt
|faint|p2b: Tyranitar
|
|-weather|none
|upkeep
|
|t:|1783484111
|switch|p2b: Pelipper|Pelipper, L50, F|82/100
|-weather|RainDance|[from] ability: Drizzle|[of] p2b: Pelipper
|turn|6
|
|t:|1783484132
|switch|p1a: Hot To Go|Sinistcha, L50|100/100
|-heal|p1b: Mawile|56/100|[from] ability: Hospitality|[of] p1a: Hot To Go
|move|p1b: Mawile|Protect|p1b: Mawile
|-singleturn|p1b: Mawile|Protect
|move|p2b: Pelipper|Weather Ball|p1a: Hot To Go
|-resisted|p1a: Hot To Go|1
|-damage|p1a: Hot To Go|64/100
|move|p2a: Torkoal|Earth Power|p1b: Mawile
|-activate|p1b: Mawile|move: Protect
|
|-weather|RainDance|[upkeep]
|-sideend|p2: NPCMystic|move: Tailwind
|upkeep
|turn|7
|c|☆LeonardPlayz|idk if I'm winning or losing rn
|c|☆NPCMystic|you prob gonna win
|c|☆NPCMystic|imo
|inactive|LeonardPlayz has 30 seconds left.
|
|t:|1783484161
|switch|p1a: Tyranitar|Tyranitar, L50, F|59/100
|-weather|Sandstorm|[from] ability: Sand Stream|[of] p1a: Tyranitar
|move|p2b: Pelipper|Tailwind|p2b: Pelipper
|-sidestart|p2: NPCMystic|move: Tailwind
|move|p2a: Torkoal|Heat Wave|p1b: Mawile|[spread] p1a
|-miss|p2a: Torkoal|p1b: Mawile
|-resisted|p1a: Tyranitar|1
|-damage|p1a: Tyranitar|50/100g
|move|p1b: Mawile|Play Rough|p2b: Pelipper
|-damage|p2b: Pelipper|0 fnt
|faint|p2b: Pelipper
|
|-weather|Sandstorm|[upkeep]
|-damage|p2a: Torkoal|0 fnt|[from] Sandstorm
|faint|p2a: Torkoal
|upkeep
|c|☆NPCMystic|first time out using this
|
|t:|1783484173
|switch|p2b: Castform|Castform, L50, M|100/100
|turn|8
|
|t:|1783484179
|move|p1b: Mawile|Sucker Punch|p2b: Castform
|-damage|p2b: Castform|26/100
|move|p2b: Castform|Solar Beam||[still]
|-prepare|p2b: Castform|Solar Beam
|move|p1a: Tyranitar|Crunch|p2b: Castform
|-damage|p2b: Castform|0 fnt
|faint|p2b: Castform
|
|win|LeonardPlayz
|raw|LeonardPlayz's rating: 1048 → 1078(+30 for winning)
|raw|NPCMystic's rating: 1013 → 1002(-11 for losing)
|c|☆NPCMystic|ggs
|c|☆LeonardPlayz|gg?
|c|☆LeonardPlayz|weirdest match all week
|c|☆NPCMystic|lol
|c|☆NPCMystic|im just tryin weird stuf atp
|c|☆LeonardPlayz|should just get that klefki bro
|c|☆LeonardPlayz|literally has anything but snow
|c|☆NPCMystic|yeah but it needs to be fully built for bulk
|c|☆LeonardPlayz|yeah but not like klefki is doing any damage
|c|☆NPCMystic|and its got lots of weaknesses in meta i've used it before on a team
