|j|☆team1hanlau
|j|☆lightstreem
|html|team1hanlaulightstreem    
|uhtml|bestof|Game 1 of a best-of-3
|t:|1782658902
|gametype|doubles
|player|p1|team1hanlau|102|1074
|player|p2|lightstreem|unknown|1080
|gen|9
|tier|[Gen 9 Champions] VGC 2026 Reg M-B (Bo3)
|rated|
|rule|Species Clause: Limit one of each Pokémon
|rule|Item Clause: Limit 1 of each item
|clearpoke
|poke|p1|Swampert, L50, M|
|poke|p1|Pelipper, L50, M|
|poke|p1|Archaludon, L50, F|
|poke|p1|Sinistcha, L50|
|poke|p1|Maushold, L50|
|poke|p1|Gholdengo, L50|
|poke|p2|Eelektross, L50, M|
|poke|p2|Garchomp, L50, M|
|poke|p2|Basculegion, L50, M|
|poke|p2|Grimmsnarl, L50, M|
|poke|p2|Whimsicott, L50, F|
|poke|p2|Charizard, L50, M|
|teampreview|4
|showteam|p1|Swampert||Swampertite|Torrent|WaveCrash,HighHorsepower,IcePunch,Protect|Adamant||M|||50|]Pelipper||SitrusBerry|Drizzle|WeatherBall,Hurricane,Tailwind,WideGuard|Modest||M|||50|]Archaludon||Leftovers|Stamina|ElectroShot,DragonPulse,FlashCannon,Protect|Calm||F|||50|]Sinistcha||KasibBerry|Hospitality|RagePowder,MatchaGotcha,TrickRoom,Protect|Bold|||||50|]Maushold||FocusSash|FriendGuard|FollowMe,SuperFang,RainDance,Protect|Timid|||||50|]Gholdengo||ChoiceScarf|GoodasGold|MakeItRain,ShadowBall,PowerGem,Trick|Modest|||||50|
|showteam|p2|Eelektross||Eelektrossite|Levitate|Thunderbolt,GigaDrain,Flamethrower,Protect|Timid||M|||50|]Garchomp||LifeOrb|RoughSkin|Earthquake,DragonClaw,RockSlide,Protect|Jolly||M|||50|]Basculegion||MysticWater|Adaptability|AquaJet,LastRespects,Liquidation,Protect|Jolly||M|||50|]Grimmsnarl||LightClay|Prankster|SpiritBreak,LightScreen,Reflect,PartingShot|Careful||M|||50|]Whimsicott||FocusSash|Prankster|Moonblast,Encore,Tailwind,Protect|Bold||F|||50|]Charizard||CharizarditeY|SolarPower|HeatWave,WeatherBall,SolarBeam,Protect|Timid||M|||50|
|
|t:|1782658941
|teamsize|p1|4
|teamsize|p2|4
|start
|switch|p1a: Maushold|Maushold, L50|100/100
|switch|p1b: Swampert|Swampert, L50, M|100/100
|switch|p2a: Garchomp|Garchomp, L50, M|100/100
|switch|p2b: Charizard|Charizard, L50, M|100/100
|turn|1
|
|t:|1782658953
|move|p2b: Charizard|Protect|p2b: Charizard
|-singleturn|p2b: Charizard|Protect
|move|p1a: Maushold|Rain Dance|p1a: Maushold
|-weather|RainDance
|move|p2a: Garchomp|Earthquake|p1b: Swampert|[spread] p1a,p1b
|-activate|p2b: Charizard|move: Protect
|-damage|p1a: Maushold|37/100
|-damage|p1b: Swampert|63/100
|-damage|p2a: Garchomp|90/100|[from] item: Life Orb
|move|p1b: Swampert|Ice Punch|p2a: Garchomp
|-supereffective|p2a: Garchomp|2
|-damage|p2a: Garchomp|0 fnt
|-damage|p1b: Swampert|51/100|[from] ability: Rough Skin|[of] p2a: Garchomp
|faint|p2a: Garchomp
|
|-weather|RainDance|[upkeep]
|upkeep
|
|t:|1782658970
|switch|p2a: Basculegion|Basculegion, L50, M|100/100
|turn|2
|
|t:|1782658979
|detailschange|p1b: Swampert|Swampert-Mega, L50, M
|-mega|p1b: Swampert|Swampert|Swampertite
|move|p2b: Charizard|Protect|p2b: Charizard
|-singleturn|p2b: Charizard|Protect
|move|p1b: Swampert|Wave Crash|p2b: Charizard
|-activate|p2b: Charizard|move: Protect
|move|p1a: Maushold|Rain Dance||[still]
|-fail|p1a: Maushold
|move|p2a: Basculegion|Last Respects|p1b: Swampert
|-damage|p1b: Swampert|8/100
|
|-weather|RainDance|[upkeep]
|upkeep
|turn|3
|
|t:|1782658999
|move|p1a: Maushold|Follow Me|p1a: Maushold
|-singleturn|p1a: Maushold|move: Follow Me
|move|p2a: Basculegion|Aqua Jet|p1a: Maushold
|-crit|p1a: Maushold
|-damage|p1a: Maushold|0 fnt
|faint|p1a: Maushold
|move|p1b: Swampert|Wave Crash|p2b: Charizard
|-supereffective|p2b: Charizard|1
|-damage|p2b: Charizard|0 fnt
|faint|p2b: Charizard
|-damage|p1b: Swampert|0 fnt|[from] Recoil
|faint|p1b: Swampert
|
|-weather|RainDance|[upkeep]
|upkeep
|
|t:|1782659014
|switch|p1a: Archaludon|Archaludon, L50, F|100/100
|switch|p2b: Grimmsnarl|Grimmsnarl, L50, M|100/100
|switch|p1b: Sinistcha|Sinistcha, L50|100/100
|turn|4
|
|t:|1782659023
|move|p2a: Basculegion|Protect|p2a: Basculegion
|-singleturn|p2a: Basculegion|Protect
|move|p1b: Sinistcha|Protect|p1b: Sinistcha
|-singleturn|p1b: Sinistcha|Protect
|move|p2b: Grimmsnarl|Light Screen|p2b: Grimmsnarl
|-sidestart|p2: lightstreem|move: Light Screen
|move|p1a: Archaludon|Electro Shot||[still]
|-prepare|p1a: Archaludon|Electro Shot
|-boost|p1a: Archaludon|spa|1
|-anim|p1a: Archaludon|Electro Shot|p2a: Basculegion
|-activate|p2a: Basculegion|move: Protect
|
|-weather|RainDance|[upkeep]
|upkeep
|turn|5
|
|t:|1782659038
|move|p2b: Grimmsnarl|Parting Shot|p1a: Archaludon
|-unboost|p1a: Archaludon|atk|1
|-unboost|p1a: Archaludon|spa|1
|move|p2a: Basculegion|Last Respects|p1b: Sinistcha
|-supereffective|p1b: Sinistcha|1
|-enditem|p1b: Sinistcha|Kasib Berry|[eat]
|-enditem|p1b: Sinistcha|Kasib Berry|[weaken]
|-damage|p1b: Sinistcha|25/100
|move|p1a: Archaludon|Electro Shot||[still]
|-prepare|p1a: Archaludon|Electro Shot
|-boost|p1a: Archaludon|spa|1
|-anim|p1a: Archaludon|Electro Shot|p2a: Basculegion
|-supereffective|p2a: Basculegion|1
|-damage|p2a: Basculegion|23/100
|move|p1b: Sinistcha|Matcha Gotcha|p2a: Basculegion|[spread] p2a
|-miss|p1b: Sinistcha|p2b: Grimmsnarl
|-supereffective|p2a: Basculegion|1
|-damage|p2a: Basculegion|0 fnt
|-heal|p1b: Sinistcha|38/100|[from] drain|[of] p2a: Basculegion
|faint|p2a: Basculegion
|
|-weather|none
|upkeep
|turn|6
|
|t:|1782659062
|move|p1a: Archaludon|Flash Cannon|p2b: Grimmsnarl
|-supereffective|p2b: Grimmsnarl|1
|-damage|p2b: Grimmsnarl|50/100g
|move|p1b: Sinistcha|Matcha Gotcha|p2b: Grimmsnarl
|-damage|p2b: Grimmsnarl|33/100
|-heal|p1b: Sinistcha|48/100|[from] drain|[of] p2b: Grimmsnarl
|move|p2b: Grimmsnarl|Spirit Break|p1b: Sinistcha
|-damage|p1b: Sinistcha|21/100
|-unboost|p1b: Sinistcha|spa|1
|
|upkeep
|turn|7
|
|t:|1782659076
|move|p1a: Archaludon|Flash Cannon|p2b: Grimmsnarl
|-supereffective|p2b: Grimmsnarl|1
|-damage|p2b: Grimmsnarl|0 fnt
|faint|p2b: Grimmsnarl
|
|win|team1hanlau
||lightstreem is ready for game 2.
||team1hanlau is ready for game 2.
|uhtml|next|Next: Game 2 of 3
|l|☆lightstreem
|player|p2|
