|j|☆vuelve chusooo
|j|☆icanttext
|html|vuelve chusoooicanttext    
|uhtml|bestof|Game 2 of a best-of-3
|t:|1784577986
|gametype|doubles
|player|p1|vuelve chusooo|fisherman-gen4|1211
|player|p2|icanttext|102|1089
|gen|9
|tier|[Gen 9 Champions] VGC 2026 Reg M-B (Bo3)
|rated|
|rule|Species Clause: Limit one of each Pokémon
|rule|Item Clause: Limit 1 of each item
|clearpoke
|poke|p1|Swampert, L50, M|
|poke|p1|Pelipper, L50, M|
|poke|p1|Archaludon, L50, F|
|poke|p1|Floette-Eternal, L50, F|
|poke|p1|Basculegion, L50, M|
|poke|p1|Incineroar, L50, M|
|poke|p2|Grimmsnarl, L50, M|
|poke|p2|Incineroar, L50, F|
|poke|p2|Whimsicott, L50, F|
|poke|p2|Metagross, L50|
|poke|p2|Milotic, L50, M|
|poke|p2|Venusaur, L50, F|
|teampreview|4
|showteam|p1|Swampert||Swampertite|Torrent|WaveCrash,Earthquake,IcePunch,Protect|Adamant||M|||50|]Pelipper||FocusSash|Drizzle|WeatherBall,Hurricane,Tailwind,Protect|Modest||M|||50|]Archaludon||Leftovers|Stamina|DragonPulse,FlashCannon,ElectroShot,Protect|Modest||F|||50|]Floette-Eternal||Floettite|FlowerVeil|Moonblast,DazzlingGleam,LightofRuin,Protect|Modest||F|||50|]Basculegion||ChoiceScarf|Adaptability|WaveCrash,LastRespects,AquaJet,FlipTurn|Adamant||M|||50|]Incineroar||SitrusBerry|Intimidate|FakeOut,PartingShot,FlareBlitz,ThroatChop|Careful||M|||50|
|showteam|p2|Grimmsnarl||LightClay|Prankster|SpiritBreak,PartingShot,Reflect,LightScreen|Impish||M|||50|]Incineroar||SitrusBerry|Intimidate|FakeOut,FlareBlitz,PartingShot,Snarl|Impish||F|||50|]Whimsicott||FocusSash|Prankster|Moonblast,Tailwind,Taunt,Protect|Timid||F|||50|]Metagross||Metagrossite|ClearBody|IronHead,BodyPress,IronDefense,Protect|Careful|||||50|]Milotic||Leftovers|Competitive|Scald,Coil,Hypnosis,Protect|Calm||M|||50|]Venusaur||Venusaurite|Overgrow|GigaDrain,SludgeBomb,EarthPower,Protect|Modest||F|||50|
|inactive|Battle timer is ON: inactive players will automatically lose when time's up. (requested by icanttext)
|inactive|vuelve chusooo has 60 seconds left.
|inactive|icanttext has 60 seconds left.
|inactive|vuelve chusooo has 30 seconds left.
|inactive|icanttext has 30 seconds left.
|inactive|vuelve chusooo has 20 seconds left.
|inactive|icanttext has 20 seconds left.
|inactive|vuelve chusooo has 15 seconds left.
|inactive|icanttext has 15 seconds left.
|inactive|vuelve chusooo has 10 seconds left.
|inactive|icanttext has 10 seconds left.
|inactive|icanttext has 5 seconds left.
|
|t:|1784578076
|teamsize|p1|4
|teamsize|p2|4
|start
|switch|p1a: Floette|Floette-Eternal, L50, F|100/100
|switch|p1b: Incineroar|Incineroar, L50, M|100/100
|switch|p2a: Milotic|Milotic, L50, M|100/100
|switch|p2b: Whimsicott|Whimsicott, L50, F|100/100
|-ability|p1b: Incineroar|Intimidate|boost
|-unboost|p2a: Milotic|atk|1
|-ability|p2a: Milotic|Competitive|boost
|-boost|p2a: Milotic|spa|2
|-unboost|p2b: Whimsicott|atk|1
|turn|1
|inactive|vuelve chusooo has 30 seconds left.
|inactive|icanttext has 30 seconds left.
|inactive|icanttext has 20 seconds left.
|inactive|icanttext has 15 seconds left.
|inactive|icanttext has 10 seconds left.
|
|t:|1784578125
|detailschange|p1a: Floette|Floette-Mega, L50, F
|-mega|p1a: Floette|Floette|Floettite
|-ability|p1a: Floette|Fairy Aura
|move|p1b: Incineroar|Fake Out|p2b: Whimsicott
|-damage|p2b: Whimsicott|85/100
|cant|p2b: Whimsicott|flinch
|move|p1a: Floette|Moonblast|p2b: Whimsicott
|-damage|p2b: Whimsicott|0 fnt
|faint|p2b: Whimsicott
|move|p2a: Milotic|Coil|p2a: Milotic
|-boost|p2a: Milotic|atk|1
|-boost|p2a: Milotic|def|1
|-boost|p2a: Milotic|accuracy|1
|
|upkeep
|
|t:|1784578144
|switch|p2b: Incineroar|Incineroar, L50, F|100/100
|-ability|p2b: Incineroar|Intimidate|boost
|-unboost|p1a: Floette|atk|1
|-unboost|p1b: Incineroar|atk|1
|turn|2
|inactive|vuelve chusooo has 30 seconds left.
|inactive|vuelve chusooo has 20 seconds left.
|inactive|vuelve chusooo has 15 seconds left.
|
|t:|1784578187
|switch|p1b: Pelipper|Pelipper, L50, M|100/100
|-weather|RainDance|[from] ability: Drizzle|[of] p1b: Pelipper
|move|p1a: Floette|Protect|p1a: Floette
|-singleturn|p1a: Floette|Protect
|move|p2b: Incineroar|Fake Out|p1a: Floette
|-activate|p1a: Floette|move: Protect
|move|p2a: Milotic|Scald|p1b: Pelipper
|-resisted|p1b: Pelipper|1
|-damage|p1b: Pelipper|23/100
|
|-weather|RainDance|[upkeep]
|upkeep
|turn|3
|inactive|vuelve chusooo has 30 seconds left.
|inactive|icanttext has 30 seconds left.
|
|t:|1784578221
|switch|p2b: Venusaur|Venusaur, L50, F|100/100
|move|p1a: Floette|Dazzling Gleam|p2a: Milotic|[spread] p2a,p2b
|-crit|p2a: Milotic
|-resisted|p2b: Venusaur|1
|-damage|p2a: Milotic|58/100
|-damage|p2b: Venusaur|79/100
|move|p1b: Pelipper|Tailwind|p1b: Pelipper
|-sidestart|p1: vuelve chusooo|move: Tailwind
|move|p2a: Milotic|Scald|p1a: Floette
|-damage|p1a: Floette|31/100
|
|-weather|RainDance|[upkeep]
|-heal|p2a: Milotic|64/100|[from] item: Leftovers
|upkeep
|turn|4
|inactive|vuelve chusooo has 30 seconds left.
|inactive|icanttext has 30 seconds left.
|inactive|vuelve chusooo has 20 seconds left.
|inactive|icanttext has 20 seconds left.
|inactive|icanttext has 15 seconds left.
|
|t:|1784578262
|switch|p1a: Archaludon|Archaludon, L50, F|100/100
|move|p2b: Venusaur|Protect|p2b: Venusaur
|-singleturn|p2b: Venusaur|Protect
|move|p1b: Pelipper|Hurricane|p2b: Venusaur
|-activate|p2b: Venusaur|move: Protect
|move|p2a: Milotic|Scald|p1a: Archaludon
|-resisted|p1a: Archaludon|1
|-crit|p1a: Archaludon
|-damage|p1a: Archaludon|45/100
|-ability|p1a: Archaludon|Stamina|boost
|-boost|p1a: Archaludon|def|1
|
|-weather|RainDance|[upkeep]
|-heal|p1a: Archaludon|51/100|[from] item: Leftovers
|-heal|p2a: Milotic|70/100|[from] item: Leftovers
|upkeep
|turn|5
|inactive|icanttext has 30 seconds left.
|
|t:|1784578290
|switch|p2b: Incineroar|Incineroar, L50, F|100/100
|-ability|p2b: Incineroar|Intimidate|boost
|-unboost|p1a: Archaludon|atk|1
|-unboost|p1b: Pelipper|atk|1
|move|p2a: Milotic|Protect|p2a: Milotic
|-singleturn|p2a: Milotic|Protect
|move|p1b: Pelipper|Hurricane|p2b: Incineroar
|-damage|p2b: Incineroar|59/100
|move|p1a: Archaludon|Electro Shot||[still]
|-prepare|p1a: Archaludon|Electro Shot
|-boost|p1a: Archaludon|spa|1
|-anim|p1a: Archaludon|Electro Shot|p2a: Milotic
|-activate|p2a: Milotic|move: Protect
|
|-weather|RainDance|[upkeep]
|-heal|p1a: Archaludon|57/100|[from] item: Leftovers
|-heal|p2a: Milotic|76/100|[from] item: Leftovers
|upkeep
|turn|6
|inactive|vuelve chusooo has 30 seconds left.
|inactive|icanttext has 30 seconds left.
|inactive|icanttext has 20 seconds left.
|
|t:|1784578326
|move|p2b: Incineroar|Fake Out|p1a: Archaludon
|-resisted|p1a: Archaludon|1
|-damage|p1a: Archaludon|54/100
|-ability|p1a: Archaludon|Stamina|boost
|-boost|p1a: Archaludon|def|1
|move|p1b: Pelipper|Weather Ball|p2b: Incineroar
|-supereffective|p2b: Incineroar|1
|-damage|p2b: Incineroar|0 fnt
|faint|p2b: Incineroar
|cant|p1a: Archaludon|flinch
|move|p2a: Milotic|Scald|p1b: Pelipper
|-resisted|p1b: Pelipper|1
|-damage|p1b: Pelipper|0 fnt
|faint|p1b: Pelipper
|
|-weather|none
|-heal|p1a: Archaludon|60/100|[from] item: Leftovers
|-heal|p2a: Milotic|82/100|[from] item: Leftovers
|-sideend|p1: vuelve chusooo|move: Tailwind
|upkeep
|
|t:|1784578349
|switch|p1b: Floette|Floette-Mega, L50, F|31/100
|switch|p2b: Venusaur|Venusaur, L50, F|79/100
|-ability|p1b: Floette|Fairy Aura
|turn|7
|inactive|vuelve chusooo has 30 seconds left.
|inactive|icanttext has 30 seconds left.
|inactive|vuelve chusooo has 20 seconds left.
|inactive|icanttext has 20 seconds left.
|inactive|vuelve chusooo has 15 seconds left.
|inactive|vuelve chusooo has 10 seconds left.
|inactive|vuelve chusooo has 5 seconds left.
|
|t:|1784578399
|detailschange|p2b: Venusaur|Venusaur-Mega, L50, F
|-mega|p2b: Venusaur|Venusaur|Venusaurite
|move|p1b: Floette|Light of Ruin|p2a: Milotic
|-damage|p2a: Milotic|22/100
|-damage|p1b: Floette|0 fnt|[from] Recoil
|faint|p1b: Floette
|move|p1a: Archaludon|Dragon Pulse|p2b: Venusaur
|-damage|p2b: Venusaur|32/100
|move|p2a: Milotic|Scald|p1a: Archaludon
|-resisted|p1a: Archaludon|1
|-damage|p1a: Archaludon|37/100
|-ability|p1a: Archaludon|Stamina|boost
|-boost|p1a: Archaludon|def|1
|move|p2b: Venusaur|Earth Power|p1a: Archaludon
|-supereffective|p1a: Archaludon|1
|-damage|p1a: Archaludon|0 fnt
|faint|p1a: Archaludon
|
|-heal|p2a: Milotic|28/100|[from] item: Leftovers
|upkeep
|
|t:|1784578413
|switch|p1b: Incineroar|Incineroar, L50, M|100/100
|-ability|p1b: Incineroar|Intimidate|boost
|-unboost|p2a: Milotic|atk|1
|-ability|p2a: Milotic|Competitive|boost
|-boost|p2a: Milotic|spa|2
|-unboost|p2b: Venusaur|atk|1
|turn|8
|inactive|vuelve chusooo has 30 seconds left.
|
|t:|1784578445
|move|p2a: Milotic|Protect|p2a: Milotic
|-singleturn|p2a: Milotic|Protect
|move|p2b: Venusaur|Protect|p2b: Venusaur
|-singleturn|p2b: Venusaur|Protect
|move|p1b: Incineroar|Fake Out|p2b: Venusaur
|-activate|p2b: Venusaur|move: Protect
|
|-heal|p2a: Milotic|34/100|[from] item: Leftovers
|upkeep
|turn|9
|
|t:|1784578459
|move|p2a: Milotic|Scald|p1b: Incineroar
|-supereffective|p1b: Incineroar|1
|-damage|p1b: Incineroar|0 fnt
|faint|p1b: Incineroar
|
|win|icanttext
|raw|vuelve chusooo's rating: 1211 → 1178(-33 for losing)
|raw|icanttext's rating: 1089 → 1125(+36 for winning)
|l|☆icanttext
|player|p2|
