|j|☆imthebigfork
|j|‽airpersia
|html|imthebigforkairpersia    
|uhtml|bestof|Game 1 of a best-of-3
|t:|1784749572
|gametype|doubles
|player|p1|imthebigfork|clown|1103
|player|p2|airpersia|1|1136
|gen|9
|tier|[Gen 9 Champions] VGC 2026 Reg M-B (Bo3)
|rated|
|rule|Species Clause: Limit one of each Pokémon
|rule|Item Clause: Limit 1 of each item
|clearpoke
|poke|p1|Tyranitar, L50, F|
|poke|p1|Floette-Eternal, L50, F|
|poke|p1|Sinistcha, L50|
|poke|p1|Incineroar, L50, M|
|poke|p1|Sneasler, L50, F|
|poke|p1|Gholdengo, L50|
|poke|p2|Metagross, L50|
|poke|p2|Whimsicott, L50, F, shiny|
|poke|p2|Incineroar, L50, M, shiny|
|poke|p2|Tyranitar, L50, M|
|poke|p2|Sinistcha, L50|
|poke|p2|Infernape, L50, M, shiny|
|teampreview|4
|showteam|p1|Tyranitar||Tyranitarite|SandStream|Protect,RockSlide,KnockOff,DragonDance|Adamant||F|||50|]Floette-Eternal||Floettite|FlowerVeil|Protect,CalmMind,Moonblast,DazzlingGleam|Modest||F|||50|]Sinistcha||Leftovers|Hospitality|RagePowder,Protect,MatchaGotcha,TrickRoom|Bold|||||50|]Incineroar||SitrusBerry|Intimidate|FakeOut,PartingShot,FlareBlitz,ThroatChop|Impish||M|||50|]Sneasler||FocusSash|PoisonTouch|FakeOut,PoisonJab,CloseCombat,Coaching|Jolly||F|||50|]Gholdengo||LifeOrb|GoodasGold|Protect,NastyPlot,ShadowBall,MakeItRain|Modest|||||50|
|showteam|p2|Metagross||Metagrossite|ClearBody|IronHead,PsychicFangs,ThunderPunch,Protect|Jolly|||||50|]Whimsicott||FocusSash|Prankster|Tailwind,Taunt,Moonblast,Encore|Timid||F|||50|]Incineroar||ChopleBerry|Intimidate|CrossChop,DarkestLariat,PartingShot,FakeOut|Impish||M|||50|]Tyranitar||Tyranitarite|SandStream|RockSlide,KnockOff,DragonDance,Protect|Adamant||M|||50|]Sinistcha||SitrusBerry|Hospitality|MatchaGotcha,ShadowBall,RagePowder,LifeDew|Bold|||||50|]Infernape||LifeOrb|Blaze|Flamethrower,AuraSphere,FakeOut,Protect|Modest||M|||50|
|inactive|Battle timer is ON: inactive players will automatically lose when time's up. (requested by airpersia)
|inactive|imthebigfork has 60 seconds left.
|
|t:|1784749627
|teamsize|p1|4
|teamsize|p2|4
|start
|switch|p1a: Tyranitar|Tyranitar, L50, F|100/100
|switch|p1b: Incineroar|Incineroar, L50, M|100/100
|switch|p2a: Infernape|Infernape, L50, M, shiny|100/100
|switch|p2b: Metagross|Metagross, L50|100/100
|-weather|Sandstorm|[from] ability: Sand Stream|[of] p1a: Tyranitar
|-ability|p1b: Incineroar|Intimidate|boost
|-unboost|p2a: Infernape|atk|1
|-fail|p2b: Metagross|unboost|[from] ability: Clear Body|[of] p2b: Metagross
|turn|1
|inactive|imthebigfork has 30 seconds left.
|
|t:|1784749654
|detailschange|p1a: Tyranitar|Tyranitar-Mega, L50, F
|-mega|p1a: Tyranitar|Tyranitar|Tyranitarite
|move|p2a: Infernape|Protect|p2a: Infernape
|-singleturn|p2a: Infernape|Protect
|move|p2b: Metagross|Protect|p2b: Metagross
|-singleturn|p2b: Metagross|Protect
|move|p1b: Incineroar|Fake Out|p2b: Metagross
|-activate|p2b: Metagross|move: Protect
|move|p1a: Tyranitar|Dragon Dance|p1a: Tyranitar
|-boost|p1a: Tyranitar|atk|1
|-boost|p1a: Tyranitar|spe|1
|
|-weather|Sandstorm|[upkeep]
|-damage|p2a: Infernape|94/100|[from] Sandstorm
|-damage|p1b: Incineroar|94/100|[from] Sandstorm
|upkeep
|turn|2
|inactive|imthebigfork has 30 seconds left.
|
|t:|1784749687
|switch|p2a: Incineroar|Incineroar, L50, M, shiny|100/100
|-ability|p2a: Incineroar|Intimidate|boost
|-unboost|p1a: Tyranitar|atk|1
|-unboost|p1b: Incineroar|atk|1
|detailschange|p2b: Metagross|Metagross-Mega, L50
|-mega|p2b: Metagross|Metagross|Metagrossite
|move|p1a: Tyranitar|Protect|p1a: Tyranitar
|-singleturn|p1a: Tyranitar|Protect
|move|p2b: Metagross|Iron Head|p1a: Tyranitar
|-activate|p1a: Tyranitar|move: Protect
|move|p1b: Incineroar|Flare Blitz|p2b: Metagross
|-supereffective|p2b: Metagross|1
|-damage|p2b: Metagross|45/100
|-damage|p1b: Incineroar|80/100|[from] Recoil
|
|-weather|Sandstorm|[upkeep]
|-damage|p1b: Incineroar|74/100|[from] Sandstorm
|-damage|p2a: Incineroar|94/100|[from] Sandstorm
|upkeep
|turn|3
|inactive|imthebigfork has 30 seconds left.
|
|t:|1784749718
|switch|p1a: Gholdengo|Gholdengo, L50|100/100
|move|p2b: Metagross|Protect|p2b: Metagross
|-singleturn|p2b: Metagross|Protect
|move|p1b: Incineroar|Flare Blitz|p2b: Metagross
|-activate|p2b: Metagross|move: Protect
|move|p2a: Incineroar|Parting Shot|p1b: Incineroar
|-unboost|p1b: Incineroar|atk|1
|-unboost|p1b: Incineroar|spa|1
|
|t:|1784749730
|switch|p2a: Infernape|Infernape, L50, M, shiny|94/100|[from] Parting Shot
|
|-weather|Sandstorm|[upkeep]
|-damage|p2a: Infernape|88/100|[from] Sandstorm
|-damage|p1b: Incineroar|68/100|[from] Sandstorm
|upkeep
|turn|4
|inactive|imthebigfork has 30 seconds left.
|inactive|airpersia has 30 seconds left.
|inactive|imthebigfork has 20 seconds left.
|inactive|imthebigfork has 15 seconds left.
|l|☆imthebigfork
|inactive|imthebigfork disconnected and has a minute to reconnect!
|player|p1|
|j|☆imthebigfork
|inactive|imthebigfork reconnected and has 15 seconds left.
|player|p1|imthebigfork|clown|
|inactive|imthebigfork has 10 seconds left.
|inactive|imthebigfork has 5 seconds left.
|
|t:|1784749780
|switch|p2b: Incineroar|Incineroar, L50, M, shiny|94/100
|-ability|p2b: Incineroar|Intimidate|boost
|-unboost|p1a: Gholdengo|atk|1
|-unboost|p1b: Incineroar|atk|1
|move|p1a: Gholdengo|Protect|p1a: Gholdengo
|-singleturn|p1a: Gholdengo|Protect
|move|p2a: Infernape|Flamethrower|p1a: Gholdengo
|-activate|p1a: Gholdengo|move: Protect
|move|p1b: Incineroar|Parting Shot|p2b: Incineroar
|-unboost|p2b: Incineroar|atk|1
|-unboost|p2b: Incineroar|spa|1
|
|t:|1784749802
|switch|p1b: Tyranitar|Tyranitar-Mega, L50, F|100/100|[from] Parting Shot
|
|-weather|Sandstorm|[upkeep]
|-damage|p2a: Infernape|82/100|[from] Sandstorm
|-damage|p2b: Incineroar|88/100|[from] Sandstorm
|upkeep
|turn|5
|
|t:|1784749811
|switch|p1a: Incineroar|Incineroar, L50, M|68/100
|-ability|p1a: Incineroar|Intimidate|boost
|-unboost|p2a: Infernape|atk|1
|-unboost|p2b: Incineroar|atk|1
|move|p2b: Incineroar|Fake Out|p1b: Tyranitar
|-resisted|p1b: Tyranitar|1
|-damage|p1b: Tyranitar|98/100
|move|p2a: Infernape|Aura Sphere|p1a: Incineroar
|-supereffective|p1a: Incineroar|1
|-damage|p1a: Incineroar|0 fnt
|faint|p1a: Incineroar
|-damage|p2a: Infernape|72/100|[from] item: Life Orb
|cant|p1b: Tyranitar|flinch
|
|-weather|none
|upkeep
|
|t:|1784749818
|switch|p1a: Sneasler|Sneasler, L50, F|100/100
|turn|6
|
|t:|1784749839
|move|p2a: Infernape|Protect|p2a: Infernape
|-singleturn|p2a: Infernape|Protect
|move|p1a: Sneasler|Fake Out|p2a: Infernape
|-activate|p2a: Infernape|move: Protect
|move|p1b: Tyranitar|Rock Slide|p2b: Incineroar|[spread] p2b
|-activate|p2a: Infernape|move: Protect
|-supereffective|p2b: Incineroar|1
|-damage|p2b: Incineroar|33/100
|cant|p2b: Incineroar|flinch
|
|upkeep
|turn|7
|
|t:|1784749864
|switch|p2b: Sinistcha|Sinistcha, L50|100/100
|-heal|p2a: Infernape|96/100|[from] ability: Hospitality|[of] p2b: Sinistcha
|move|p1a: Sneasler|Close Combat|p2a: Infernape
|-damage|p2a: Infernape|8/100
|-unboost|p1a: Sneasler|def|1
|-unboost|p1a: Sneasler|spd|1
|-status|p2a: Infernape|psn|[from] ability: Poison Touch|[of] p1a: Sneasler
|move|p2a: Infernape|Flamethrower|p1a: Sneasler
|-enditem|p1a: Sneasler|Focus Sash
|-damage|p1a: Sneasler|1/100
|-status|p1a: Sneasler|brn
|-damage|p2a: Infernape|0 fnt|[from] item: Life Orb
|faint|p2a: Infernape
|move|p1b: Tyranitar|Rock Slide|p2b: Sinistcha
|-damage|p2b: Sinistcha|62/100
|
|-damage|p1a: Sneasler|0 fnt|[from] brn
|faint|p1a: Sneasler
|upkeep
|
|t:|1784749880
|switch|p1a: Gholdengo|Gholdengo, L50|100/100
|switch|p2a: Incineroar|Incineroar, L50, M, shiny|33/100
|-ability|p2a: Incineroar|Intimidate|boost
|-unboost|p1a: Gholdengo|atk|1
|-unboost|p1b: Tyranitar|atk|1
|turn|8
|inactive|airpersia has 30 seconds left.
|
|t:|1784749908
|switch|p2a: Metagross|Metagross-Mega, L50|45/100
|move|p1a: Gholdengo|Shadow Ball|p2b: Sinistcha
|-supereffective|p2b: Sinistcha|1
|-crit|p2b: Sinistcha
|-damage|p2b: Sinistcha|0 fnt
|faint|p2b: Sinistcha
|-damage|p1a: Gholdengo|90/100|[from] item: Life Orb
|move|p1b: Tyranitar|Rock Slide|p2a: Metagross
|-resisted|p2a: Metagross|1
|-damage|p2a: Metagross|30/100
|
|upkeep
|
|t:|1784749910
|switch|p2b: Incineroar|Incineroar, L50, M, shiny|33/100
|-ability|p2b: Incineroar|Intimidate|boost
|-unboost|p1a: Gholdengo|atk|1
|-unboost|p1b: Tyranitar|atk|1
|turn|9
|
|t:|1784749921
|move|p1a: Gholdengo|Protect|p1a: Gholdengo
|-singleturn|p1a: Gholdengo|Protect
|move|p1b: Tyranitar|Protect|p1b: Tyranitar
|-singleturn|p1b: Tyranitar|Protect
|move|p2b: Incineroar|Fake Out|p1b: Tyranitar
|-activate|p1b: Tyranitar|move: Protect
|move|p2a: Metagross|Iron Head|p1b: Tyranitar
|-activate|p1b: Tyranitar|move: Protect
|
|upkeep
|turn|10
|-message|airpersia forfeited.
|
|win|imthebigfork
|l|‽airpersia
|player|p2|
