|j|☆Jon Mateo
|j|☆guyq
|html|Jon Mateoguyq    
|uhtml|bestof|Game 3 of a best-of-3
|t:|1782419408
|gametype|doubles
|player|p1|Jon Mateo|266|1135
|player|p2|guyq|briar|1291
|gen|9
|tier|[Gen 9 Champions] VGC 2026 Reg M-B (Bo3)
|rated|
|rule|Species Clause: Limit one of each Pokémon
|rule|Item Clause: Limit 1 of each item
|clearpoke
|poke|p1|Ninetales-Alola, L50, M|
|poke|p1|Milotic, L50, M|
|poke|p1|Snorlax, L50, M|
|poke|p1|Blaziken, L50, M|
|poke|p1|Aerodactyl, L50, F|
|poke|p1|Aegislash, L50, M|
|poke|p2|Metagross, L50|
|poke|p2|Staraptor, L50, M|
|poke|p2|Garchomp, L50, F|
|poke|p2|Whimsicott, L50, M|
|poke|p2|Rotom-Wash, L50|
|poke|p2|Incineroar, L50, F|
|teampreview|4
|showteam|p1|Ninetales-Alola||ChoiceScarf|SnowWarning|Blizzard,FreezeDry,Psyshock,Moonblast|Modest||M|||50|]Milotic||Leftovers|Competitive|Scald,Blizzard,Protect,Recover|Bold||M|||50|]Snorlax||SitrusBerry|ThickFat|Curse,BodySlam,Yawn,HighHorsepower|Impish||M|||50|]Blaziken||FocusSash|SpeedBoost|Protect,CloseCombat,BlazeKick,Coaching|Adamant||M|||50|]Aerodactyl||Aerodactylite|Unnerve|DualWingbeat,RockSlide,Protect,Tailwind|Jolly||F|||50|]Aegislash||SpellTag|StanceChange|ShadowSneak,Poltergeist,IronHead,KingsShield|Adamant||M|||50|
|showteam|p2|Metagross||Metagrossite|ClearBody|PsychicFangs,IronHead,StompingTantrum,Protect|Jolly|||||50|]Staraptor||Staraptite|Intimidate|BraveBird,CloseCombat,QuickAttack,Protect|Jolly||M|||50|]Garchomp||LifeOrb|RoughSkin|DragonClaw,Earthquake,RockSlide,Protect|Jolly||F|||50|]Whimsicott||FocusSash|Prankster|Moonblast,Tailwind,Charm,Protect|Timid||M|||50|]Rotom-Wash||Leftovers|Levitate|Thunderbolt,HydroPump,WillOWisp,Protect|Modest|||||50|]Incineroar||SitrusBerry|Intimidate|FlareBlitz,ThroatChop,PartingShot,FakeOut|Adamant||F|||50|
|
|t:|1782419465
|teamsize|p1|4
|teamsize|p2|4
|start
|switch|p1a: Blaziken|Blaziken, L50, M|100/100
|switch|p1b: Aegislash|Aegislash, L50, M|100/100
|switch|p2a: Rotom|Rotom-Wash, L50|100/100
|switch|p2b: Whimsicott|Whimsicott, L50, M|100/100
|turn|1
|
|t:|1782419489
|move|p2b: Whimsicott|Moonblast|p1a: Blaziken
|-damage|p1a: Blaziken|45/100
|-unboost|p1a: Blaziken|spa|1
|move|p1a: Blaziken|Coaching|p1b: Aegislash
|-boost|p1b: Aegislash|atk|1
|-boost|p1b: Aegislash|def|1
|move|p2a: Rotom|Will-O-Wisp|p1b: Aegislash
|-status|p1b: Aegislash|brn
|-formechange|p1b: Aegislash|Aegislash-Blade|
|move|p1b: Aegislash|Poltergeist|p2a: Rotom
|-activate|p2a: Rotom|move: Poltergeist|Leftovers
|-damage|p2a: Rotom|43/100
|
|-heal|p2a: Rotom|49/100|[from] item: Leftovers
|-damage|p1b: Aegislash|93/100 brn|[from] brn
|-ability|p1a: Blaziken|Speed Boost|boost
|-boost|p1a: Blaziken|spe|1
|upkeep
|turn|2
|
|t:|1782419510
|-formechange|p1b: Aegislash|Aegislash|
|move|p1b: Aegislash|King's Shield|p1b: Aegislash
|-singleturn|p1b: Aegislash|Protect
|move|p2b: Whimsicott|Charm|p1b: Aegislash
|-unboost|p1b: Aegislash|atk|2
|move|p1a: Blaziken|Coaching|p1b: Aegislash
|-boost|p1b: Aegislash|atk|1
|-boost|p1b: Aegislash|def|1
|move|p2a: Rotom|Thunderbolt|p1a: Blaziken
|-damage|p1a: Blaziken|0 fnt
|faint|p1a: Blaziken
|
|-heal|p2a: Rotom|54/100|[from] item: Leftovers
|-damage|p1b: Aegislash|87/100 brn|[from] brn
|upkeep
|
|t:|1782419534
|switch|p1a: Ninetales|Ninetales-Alola, L50, M|100/100
|-weather|Snowscape|[from] ability: Snow Warning|[of] p1a: Ninetales
|turn|3
|
|t:|1782419549
|switch|p1b: Milotic|Milotic, L50, M|100/100
|move|p2b: Whimsicott|Tailwind|p2b: Whimsicott
|-sidestart|p2: guyq|move: Tailwind
|move|p1a: Ninetales|Freeze-Dry|p2a: Rotom
|-supereffective|p2a: Rotom|1
|-damage|p2a: Rotom|0 fnt
|faint|p2a: Rotom
|
|-weather|Snowscape|[upkeep]
|upkeep
|
|t:|1782419557
|switch|p2a: Metagross|Metagross, L50|100/100
|turn|4
|l|☆Jon Mateo
|player|p1|
|j|☆Jon Mateo
|player|p1|Jon Mateo|266|
|
|t:|1782419610
|switch|p1a: Aegislash|Aegislash, L50, M|87/100 brn
|detailschange|p2a: Metagross|Metagross-Mega, L50
|-mega|p2a: Metagross|Metagross|Metagrossite
|move|p2b: Whimsicott|Protect|p2b: Whimsicott
|-singleturn|p2b: Whimsicott|Protect
|move|p2a: Metagross|Stomping Tantrum|p1a: Aegislash
|-supereffective|p1a: Aegislash|1
|-damage|p1a: Aegislash|28/100 brn
|move|p1b: Milotic|Scald|p2a: Metagross
|-damage|p2a: Metagross|63/100
|
|-weather|Snowscape|[upkeep]
|-damage|p1a: Aegislash|22/100 brn|[from] brn
|upkeep
|turn|5
|
|t:|1782419624
|move|p2b: Whimsicott|Charm|p1a: Aegislash
|-unboost|p1a: Aegislash|atk|2
|-formechange|p1a: Aegislash|Aegislash-Blade|
|move|p1a: Aegislash|Shadow Sneak|p2b: Whimsicott
|-damage|p2b: Whimsicott|88/100
|move|p2a: Metagross|Psychic Fangs|p1b: Milotic
|-damage|p1b: Milotic|43/100
|move|p1b: Milotic|Blizzard|p2b: Whimsicott|[spread] p2a,p2b
|-resisted|p2a: Metagross|1
|-supereffective|p2b: Whimsicott|1
|-damage|p2a: Metagross|49/100
|-damage|p2b: Whimsicott|16/100
|
|-weather|Snowscape|[upkeep]
|-heal|p1b: Milotic|50/100y|[from] item: Leftovers
|-damage|p1a: Aegislash|16/100 brn|[from] brn
|upkeep
|turn|6
|
|t:|1782419645
|move|p2b: Whimsicott|Protect|p2b: Whimsicott
|-singleturn|p2b: Whimsicott|Protect
|move|p1b: Milotic|Protect|p1b: Milotic
|-singleturn|p1b: Milotic|Protect
|move|p2a: Metagross|Psychic Fangs|p1b: Milotic
|-activate|p1b: Milotic|move: Protect
|move|p1a: Aegislash|Poltergeist|p2a: Metagross
|-activate|p2a: Metagross|move: Poltergeist|Metagrossite
|-supereffective|p2a: Metagross|1
|-damage|p2a: Metagross|20/100y
|
|-weather|Snowscape|[upkeep]
|-heal|p1b: Milotic|56/100|[from] item: Leftovers
|-damage|p1a: Aegislash|10/100 brn|[from] brn
|-sideend|p2: guyq|move: Tailwind
|upkeep
|turn|7
|
|t:|1782419665
|switch|p1b: Ninetales|Ninetales-Alola, L50, M|100/100
|move|p2b: Whimsicott|Tailwind|p2b: Whimsicott
|-sidestart|p2: guyq|move: Tailwind
|move|p1a: Aegislash|Shadow Sneak|p2a: Metagross
|-supereffective|p2a: Metagross|1
|-damage|p2a: Metagross|7/100
|move|p2a: Metagross|Psychic Fangs|p1b: Ninetales
|-damage|p1b: Ninetales|38/100
|
|-weather|none
|-damage|p1a: Aegislash|4/100 brn|[from] brn
|upkeep
|turn|8
|
|t:|1782419680
|switch|p1b: Milotic|Milotic, L50, M|56/100
|move|p2b: Whimsicott|Protect|p2b: Whimsicott
|-singleturn|p2b: Whimsicott|Protect
|move|p2a: Metagross|Protect|p2a: Metagross
|-singleturn|p2a: Metagross|Protect
|move|p1a: Aegislash|Shadow Sneak|p2a: Metagross
|-activate|p2a: Metagross|move: Protect
|
|-heal|p1b: Milotic|62/100|[from] item: Leftovers
|-damage|p1a: Aegislash|0 fnt|[from] brn
|faint|p1a: Aegislash
|upkeep
|
|t:|1782419694
|switch|p1a: Ninetales|Ninetales-Alola, L50, M|38/100
|-weather|Snowscape|[from] ability: Snow Warning|[of] p1a: Ninetales
|turn|9
|
|t:|1782419700
|move|p2b: Whimsicott|Moonblast|p1b: Milotic
|-damage|p1b: Milotic|34/100
|move|p2a: Metagross|Iron Head|p1a: Ninetales
|-supereffective|p1a: Ninetales|2
|-damage|p1a: Ninetales|0 fnt
|faint|p1a: Ninetales
|move|p1b: Milotic|Blizzard|p2a: Metagross|[spread] p2a,p2b
|-resisted|p2a: Metagross|1
|-supereffective|p2b: Whimsicott|1
|-damage|p2a: Metagross|0 fnt
|-damage|p2b: Whimsicott|0 fnt
|faint|p2a: Metagross
|faint|p2b: Whimsicott
|
|-weather|Snowscape|[upkeep]
|-heal|p1b: Milotic|40/100|[from] item: Leftovers
|upkeep
|
|t:|1782419709
|switch|p2b: Garchomp|Garchomp, L50, F|100/100
|turn|10
|
|t:|1782419717
|move|p1b: Milotic|Protect|p1b: Milotic
|-singleturn|p1b: Milotic|Protect
|move|p2b: Garchomp|Earthquake|p1b: Milotic
|-activate|p1b: Milotic|move: Protect
|
|-weather|Snowscape|[upkeep]
|-heal|p1b: Milotic|47/100|[from] item: Leftovers
|-sideend|p2: guyq|move: Tailwind
|upkeep
|turn|11
|
|t:|1782419727
|move|p2b: Garchomp|Earthquake|p1b: Milotic
|-damage|p1b: Milotic|0 fnt
|faint|p1b: Milotic
|-damage|p2b: Garchomp|90/100|[from] item: Life Orb
|
|win|guyq
|raw|Jon Mateo's rating: 1135 → 1121(-14 for losing)
|raw|guyq's rating: 1291 → 1305(+14 for winning)
|l|☆Jon Mateo
|player|p1|
