|j|☆MrKiran
|j|☆Alecat
|html|MrKiranAlecat    
|uhtml|bestof|Game 2 of a best-of-3
|t:|1756454370
|gametype|doubles
|player|p1|MrKiran|n|1131
|player|p2|Alecat|scientistf|1041
|gen|9
|tier|[Gen 9] VGC 2025 Reg H (Bo3)
|rated|
|rule|Species Clause: Limit one of each Pokémon
|rule|Item Clause: Limit 1 of each item
|clearpoke
|poke|p1|Charizard, L50, M|
|poke|p1|Torkoal, L50, M|
|poke|p1|Porygon2, L50|
|poke|p1|Incineroar, L50, F|
|poke|p1|Jumpluff, L50, M|
|poke|p1|Ursaluna, L50, M|
|poke|p2|Pawmot, L50, M|
|poke|p2|Gyarados, L50, M|
|poke|p2|Volcarona, L50, M|
|poke|p2|Murkrow, L50, F|
|poke|p2|Incineroar, L50, F|
|poke|p2|Archaludon, L50, F|
|teampreview|4
|showteam|p1|Charizard||ChoiceSpecs|SolarPower|HeatWave,Overheat,WeatherBall,AirSlash|||M|||50|,,,,,Ghost]Torkoal||EjectPack|Drought|Eruption,Overheat,HelpingHand,Protect|||M|||50|,,,,,Fire]Porygon2||Eviolite|Download|TeraBlast,IceBeam,Recover,TrickRoom||||||50|,,,,,Fighting]Incineroar||SitrusBerry|Intimidate|FlareBlitz,KnockOff,FakeOut,PartingShot|||F|||50|,,,,,Ghost]Jumpluff||CovertCloak|Chlorophyll|SleepPowder,SunnyDay,RagePowder,Tailwind|||M|||50|,,,,,Water]Ursaluna||FlameOrb|Guts|HeadlongRush,Facade,Earthquake,Protect|||M|||50|,,,,,Ghost
|showteam|p2|Pawmot||FocusSash|VoltAbsorb|DoubleShock,Coaching,CloseCombat,Protect|||M|||50|,,,,,Electric]Gyarados||ClearAmulet|Moxie|Waterfall,DragonDance,Earthquake,Protect|||M|||50|,,,,,Ground]Volcarona||SitrusBerry|FlameBody|Overheat,StruggleBug,RagePowder,Tailwind|||M|||50|,,,,,Grass]Murkrow||Eviolite|Prankster|FoulPlay,RainDance,Tailwind,SunnyDay|||F|||50|,,,,,Dark]Incineroar||AssaultVest|Intimidate|FlareBlitz,FakeOut,Bulldoze,KnockOff|||F|||50|,,,,,Ghost]Archaludon||PowerHerb|Stalwart|DragonTail,FlashCannon,ElectroShot,Protect|||F|||50|,,,,,Grass
|inactive|Battle timer is ON: inactive players will automatically lose when time's up. (requested by Alecat)
|l|☆MrKiran
|inactive|MrKiran disconnected and has a minute to reconnect!
|player|p1|
|inactive|Alecat has 60 seconds left.
|j|☆MrKiran
|inactive|MrKiran reconnected and has 60 seconds left.
|player|p1|MrKiran|n|
|
|t:|1756454429
|teamsize|p1|4
|teamsize|p2|4
|start
|switch|p1a: Charizard|Charizard, L50, M|100/100
|switch|p1b: Jumpluff|Jumpluff, L50, M|100/100
|switch|p2a: Murkrow|Murkrow, L50, F|100/100
|switch|p2b: Gyarados|Gyarados, L50, M|100/100
|turn|1
|inactive|MrKiran has 30 seconds left.
|
|t:|1756454462
|-terastallize|p1a: Charizard|Ghost
|move|p2a: Murkrow|Tailwind|p2a: Murkrow
|-sidestart|p2: Alecat|move: Tailwind
|move|p2b: Gyarados|Waterfall|p1a: Charizard
|-damage|p1a: Charizard|44/100
|move|p1b: Jumpluff|Sunny Day|p1b: Jumpluff
|-weather|SunnyDay
|move|p1a: Charizard|Overheat|p2a: Murkrow
|-damage|p2a: Murkrow|0 fnt
|-unboost|p1a: Charizard|spa|2
|faint|p2a: Murkrow
|
|-weather|SunnyDay|[upkeep]
|-damage|p1a: Charizard|31/100|[from] ability: Solar Power|[of] p1a: Charizard
|upkeep
|
|t:|1756454482
|switch|p2a: Volcarona|Volcarona, L50, M|100/100
|turn|2
|
|t:|1756454505
|move|p2a: Volcarona|Rage Powder|p2a: Volcarona
|-singleturn|p2a: Volcarona|move: Rage Powder
|move|p1b: Jumpluff|Tailwind|p1b: Jumpluff
|-sidestart|p1: MrKiran|move: Tailwind
|move|p1a: Charizard|Overheat|p2a: Volcarona
|-damage|p2a: Volcarona|0 fnt
|-unboost|p1a: Charizard|spa|2
|faint|p2a: Volcarona
|move|p2b: Gyarados|Dragon Dance|p2b: Gyarados
|-boost|p2b: Gyarados|atk|1
|-boost|p2b: Gyarados|spe|1
|
|-weather|SunnyDay|[upkeep]
|-damage|p1a: Charizard|19/100|[from] ability: Solar Power|[of] p1a: Charizard
|upkeep
|l|☆MrKiran
|inactive|MrKiran disconnected and has a minute to reconnect!
|player|p1|
|
|t:|1756454517
|switch|p2a: Archaludon|Archaludon, L50, F|100/100
|turn|3
|j|☆MrKiran
|inactive|MrKiran reconnected and has 50 seconds left.
|player|p1|MrKiran|n|
|
|t:|1756454538
|move|p2b: Gyarados|Protect|p2b: Gyarados
|-singleturn|p2b: Gyarados|Protect
|move|p1b: Jumpluff|Sleep Powder|p2b: Gyarados
|-activate|p2b: Gyarados|move: Protect
|move|p1a: Charizard|Overheat|p2a: Archaludon
|-damage|p2a: Archaludon|0 fnt
|-unboost|p1a: Charizard|spa|2
|faint|p2a: Archaludon
|
|-weather|SunnyDay|[upkeep]
|-damage|p1a: Charizard|6/100|[from] ability: Solar Power|[of] p1a: Charizard
|upkeep
|turn|4
|
|t:|1756454561
|switch|p1b: Ursaluna|Ursaluna, L50, M|100/100
|move|p2b: Gyarados|Waterfall|p1b: Ursaluna
|-supereffective|p1b: Ursaluna
|-damage|p1b: Ursaluna|52/100
|move|p1a: Charizard|Overheat|p2b: Gyarados
|-resisted|p2b: Gyarados
|-damage|p2b: Gyarados|76/100
|
|-weather|SunnyDay|[upkeep]
|-damage|p1a: Charizard|0 fnt|[from] ability: Solar Power|[of] p1a: Charizard
|faint|p1a: Charizard
|-sideend|p2: Alecat|move: Tailwind
|-status|p1b: Ursaluna|brn|[from] item: Flame Orb
|upkeep
|
|t:|1756454567
|switch|p1a: Jumpluff|Jumpluff, L50, M|100/100
|turn|5
|
|t:|1756454587
|move|p2b: Gyarados|Protect|p2b: Gyarados
|-singleturn|p2b: Gyarados|Protect
|move|p1a: Jumpluff|Rage Powder|p1a: Jumpluff
|-singleturn|p1a: Jumpluff|move: Rage Powder
|move|p1b: Ursaluna|Facade|p2b: Gyarados
|-activate|p2b: Gyarados|move: Protect
|
|-weather|none
|-damage|p1b: Ursaluna|46/100 brn|[from] brn
|-sideend|p1: MrKiran|move: Tailwind
|upkeep
|turn|6
|
|t:|1756454597
|move|p1a: Jumpluff|Rage Powder|p1a: Jumpluff
|-singleturn|p1a: Jumpluff|move: Rage Powder
|move|p2b: Gyarados|Waterfall|p1a: Jumpluff
|-resisted|p1a: Jumpluff
|-damage|p1a: Jumpluff|62/100
|move|p1b: Ursaluna|Facade|p2b: Gyarados
|-damage|p2b: Gyarados|0 fnt
|faint|p2b: Gyarados
|
|win|MrKiran
||MrKiran is ready for game 3.
||Alecat is ready for game 3.
|uhtml|next|Next: Game 3 of 3
