|j|☆edin geco
|j|☆WASHINGTONGARGACHA
|html|edin gecoWASHINGTONGARGACHA    
|uhtml|bestof|Game 3 of a best-of-3
|t:|1756641765
|gametype|doubles
|player|p1|edin geco|lance|1178
|player|p2|WASHINGTONGARGACHA|266|1164
|gen|9
|tier|[Gen 9] VGC 2025 Reg H (Bo3)
|rated|
|rule|Species Clause: Limit one of each Pokémon
|rule|Item Clause: Limit 1 of each item
|clearpoke
|poke|p1|Vivillon, L50, M|
|poke|p1|Primarina, L50, F|
|poke|p1|Incineroar, L50, F|
|poke|p1|Porygon2, L50|
|poke|p1|Gholdengo, L50|
|poke|p1|Garchomp, L50, M|
|poke|p2|Gholdengo, L50|
|poke|p2|Ursaluna, L50, M|
|poke|p2|Archaludon, L50, M|
|poke|p2|Murkrow, L50, M|
|poke|p2|Farigiraf, L50, M|
|poke|p2|Sneasler, L50, M|
|teampreview|4
|showteam|p1|Vivillon||FocusSash|CompoundEyes|Hurricane,SleepPowder,RagePowder,Protect|||M|||50|,,,,,Ghost]Primarina||SitrusBerry|LiquidVoice|HyperVoice,Moonblast,Haze,Protect|||F|||50|,,,,,Poison]Incineroar||SafetyGoggles|Intimidate|FlareBlitz,KnockOff,PartingShot,FakeOut|||F|||50|,,,,,Ghost]Porygon2||Eviolite|Download|TeraBlast,IceBeam,Recover,TrickRoom||||||50|,,,,,Fighting]Gholdengo||MetalCoat|GoodasGold|MakeItRain,ShadowBall,NastyPlot,Protect||||||50|,,,,,Water]Garchomp||LifeOrb|RoughSkin|Earthquake,StompingTantrum,DragonClaw,Protect|||M|||50|,,,,,Fire
|showteam|p2|Gholdengo||LifeOrb|GoodasGold|ShadowBall,MakeItRain,NastyPlot,Protect||||||50|,,,,,Water]Ursaluna||FlameOrb|Guts|Facade,Earthquake,Protect,HeadlongRush|||M|||50|,,,,,Ghost]Archaludon||PowerHerb|Stamina|ElectroShot,FlashCannon,DracoMeteor,Protect|||M|||50|,,,,,Grass]Murkrow||Eviolite|Prankster|Tailwind,RainDance,FoulPlay,Haze|||M|||50|,,,,,Dark]Farigiraf||ThroatSpray|ArmorTail|HyperVoice,TrickRoom,Psychic,Protect|||M|||50|,,,,,Fairy]Sneasler||FocusSash|Unburden|DireClaw,CloseCombat,Protect,ThroatChop|||M|||50|,,,,,Stellar
|inactive|Battle timer is ON: inactive players will automatically lose when time's up. (requested by edin geco)
|
|t:|1756641779
|teamsize|p1|4
|teamsize|p2|4
|start
|switch|p1a: Vivillon|Vivillon, L50, M|100/100
|switch|p1b: Gholdengo|Gholdengo, L50|100/100
|switch|p2a: Gholdengo|Gholdengo, L50|100/100
|switch|p2b: Archaludon|Archaludon, L50, M|100/100
|turn|1
|inactive|WASHINGTONGARGACHA has 30 seconds left.
|
|t:|1756641807
|-terastallize|p2b: Archaludon|Grass
|-terastallize|p1b: Gholdengo|Water
|move|p1a: Vivillon|Sleep Powder|p2b: Archaludon
|-immune|p2b: Archaludon
|move|p2b: Archaludon|Electro Shot||[still]
|-prepare|p2b: Archaludon|Electro Shot
|-boost|p2b: Archaludon|spa|1
|-enditem|p2b: Archaludon|Power Herb
|-anim|p2b: Archaludon|Electro Shot|p1a: Vivillon
|-supereffective|p1a: Vivillon
|-enditem|p1a: Vivillon|Focus Sash
|-damage|p1a: Vivillon|1/100
|move|p1b: Gholdengo|Nasty Plot|p1b: Gholdengo
|-boost|p1b: Gholdengo|spa|2
|move|p2a: Gholdengo|Make It Rain|p1b: Gholdengo|[spread] p1a,p1b
|-resisted|p1b: Gholdengo
|-damage|p1a: Vivillon|0 fnt
|-damage|p1b: Gholdengo|68/100
|-unboost|p2a: Gholdengo|spa|1
|faint|p1a: Vivillon
|-damage|p2a: Gholdengo|91/100|[from] item: Life Orb
|
|upkeep
|
|t:|1756641826
|switch|p1a: Garchomp|Garchomp, L50, M|100/100
|turn|2
|inactive|WASHINGTONGARGACHA has 30 seconds left.
|
|t:|1756641857
|move|p1a: Garchomp|Protect|p1a: Garchomp
|-singleturn|p1a: Garchomp|Protect
|move|p2b: Archaludon|Draco Meteor|p1b: Gholdengo
|-damage|p1b: Gholdengo|0 fnt
|-unboost|p2b: Archaludon|spa|2
|faint|p1b: Gholdengo
|move|p2a: Gholdengo|Make It Rain|p1a: Garchomp
|-activate|p1a: Garchomp|move: Protect
|
|upkeep
|
|t:|1756641866
|switch|p1b: Primarina|Primarina, L50, F|100/100
|turn|3
|
|t:|1756641877
|move|p1a: Garchomp|Stomping Tantrum|p2a: Gholdengo
|-supereffective|p2a: Gholdengo
|-damage|p2a: Gholdengo|0 fnt
|faint|p2a: Gholdengo
|-damage|p1a: Garchomp|91/100|[from] item: Life Orb
|move|p2b: Archaludon|Draco Meteor|p1a: Garchomp
|-supereffective|p1a: Garchomp
|-damage|p1a: Garchomp|1/100
|-unboost|p2b: Archaludon|spa|2
|move|p1b: Primarina|Moonblast|p2b: Archaludon
|-crit|p2b: Archaludon
|-damage|p2b: Archaludon|0 fnt
|faint|p2b: Archaludon
|
|upkeep
|
|t:|1756641891
|switch|p2b: Ursaluna|Ursaluna, L50, M|100/100
|switch|p2a: Sneasler|Sneasler, L50, M|100/100
|turn|4
|
|t:|1756641907
|move|p2a: Sneasler|Protect|p2a: Sneasler
|-singleturn|p2a: Sneasler|Protect
|move|p1a: Garchomp|Protect|p1a: Garchomp
|-singleturn|p1a: Garchomp|Protect
|move|p2b: Ursaluna|Protect|p2b: Ursaluna
|-singleturn|p2b: Ursaluna|Protect
|move|p1b: Primarina|Hyper Voice|p2b: Ursaluna|[spread] 
|-activate|p2a: Sneasler|move: Protect
|-activate|p2b: Ursaluna|move: Protect
|
|-status|p2b: Ursaluna|brn|[from] item: Flame Orb
|upkeep
|turn|5
|
|t:|1756641923
|move|p2a: Sneasler|Dire Claw|p1b: Primarina
|-supereffective|p1b: Primarina
|-damage|p1b: Primarina|4/100
|-status|p1b: Primarina|par
|-enditem|p1b: Primarina|Sitrus Berry|[eat]
|-heal|p1b: Primarina|28/100 par|[from] item: Sitrus Berry
|move|p1a: Garchomp|Earthquake|p2b: Ursaluna|[spread] p1b,p2a,p2b
|-supereffective|p2a: Sneasler
|-damage|p1b: Primarina|0 fnt
|-enditem|p2a: Sneasler|Focus Sash
|-damage|p2a: Sneasler|1/100
|-damage|p2b: Ursaluna|66/100 brn
|faint|p1b: Primarina
|-damage|p1a: Garchomp|0 fnt|[from] item: Life Orb
|faint|p1a: Garchomp
|
|win|WASHINGTONGARGACHA
|raw|edin geco's rating: 1178 → 1152(-26 for losing)
|raw|WASHINGTONGARGACHA's rating: 1164 → 1190(+26 for winning)
