|j|☆airfanzs
|j|☆ttsui234
|html|airfanzsttsui234    
|uhtml|bestof|Game 1 of a best-of-3
|t:|1785228256
|gametype|doubles
|player|p1|airfanzs|backpacker|1018
|player|p2|ttsui234|2|1081
|gen|9
|tier|[Gen 9 Champions] VGC 2026 Reg M-B (Bo3)
|rated|
|rule|Species Clause: Limit one of each Pokémon
|rule|Item Clause: Limit 1 of each item
|clearpoke
|poke|p1|Excadrill, L50, M|
|poke|p1|Sinistcha, L50|
|poke|p1|Tyranitar, L50, M|
|poke|p1|Sneasler, L50, M|
|poke|p1|Milotic, L50, F|
|poke|p1|Staraptor, L50, M|
|poke|p2|Charizard, L50, M|
|poke|p2|Basculegion, L50, M|
|poke|p2|Kingambit, L50, F, shiny|
|poke|p2|Ninetales-Alola, L50, M|
|poke|p2|Kommo-o, L50, F|
|poke|p2|Whimsicott, L50, M|
|teampreview|4
|showteam|p1|Excadrill||FocusSash|SandRush|Protect,RockSlide,IronHead,HighHorsepower|Adamant||M|||50|]Sinistcha||SitrusBerry|Hospitality|LifeDew,MatchaGotcha,TrickRoom,RagePowder|Calm|||||50|]Tyranitar||Tyranitarite|SandStream|KnockOff,RockSlide,BrickBreak,Protect|Adamant||M|||50|]Sneasler||WhiteHerb|Unburden|DireClaw,FakeOut,CloseCombat,Coaching|Adamant||M|||50|]Milotic||Leftovers|Competitive|IcyWind,Scald,Recover,Protect|Modest||F|||50|]Staraptor||Staraptite|Intimidate|CloseCombat,BraveBird,Roost,Protect|Adamant||M|||50|
|showteam|p2|Charizard||CharizarditeY|Blaze|HeatWave,WeatherBall,SolarBeam,Protect|Modest||M|||50|]Basculegion||ChoiceScarf|Adaptability|LastRespects,WaveCrash,AquaJet,FlipTurn|Jolly||M|||50|]Kingambit||ChopleBerry|Defiant|KowtowCleave,IronHead,SuckerPunch,Protect|Adamant||F|||50|]Ninetales-Alola||NeverMeltIce|SnowWarning|Blizzard,FreezeDry,Encore,Protect|Timid||M|||50|]Kommo-o||LifeOrb|Overcoat|AuraSphere,ClangingScales,VacuumWave,Protect|Modest||F|||50|]Whimsicott||FocusSash|Prankster|Tailwind,Moonblast,Encore,Protect|Timid||M|||50|
|inactive|Battle timer is ON: inactive players will automatically lose when time's up. (requested by airfanzs)
|inactive|ttsui234 has 60 seconds left.
|inactive|airfanzs has 30 seconds left.
|inactive|airfanzs has 20 seconds left.
|
|t:|1785228443
|teamsize|p1|4
|teamsize|p2|4
|start
|switch|p1a: Sneasler|Sneasler, L50, M|100/100
|switch|p1b: Excadrill|Excadrill, L50, M|100/100
|switch|p2a: Kommo-o|Kommo-o, L50, F|100/100
|switch|p2b: Basculegion|Basculegion, L50, M|100/100
|turn|1
|inactive|ttsui234 has 30 seconds left.
|inactive|ttsui234 has 20 seconds left.
|inactive|ttsui234 has 15 seconds left.
|inactive|ttsui234 has 10 seconds left.
|
|t:|1785228491
|move|p1b: Excadrill|Protect|p1b: Excadrill
|-singleturn|p1b: Excadrill|Protect
|move|p2a: Kommo-o|Protect|p2a: Kommo-o
|-singleturn|p2a: Kommo-o|Protect
|move|p2b: Basculegion|Flip Turn|p1a: Sneasler
|-damage|p1a: Sneasler|41/100
|
|t:|1785228507
|switch|p2b: Charizard|Charizard, L50, M|100/100|[from] Flip Turn
|move|p1a: Sneasler|Coaching|p1b: Excadrill
|-boost|p1b: Excadrill|atk|1
|-boost|p1b: Excadrill|def|1
|
|upkeep
|turn|2
|inactive|airfanzs has 30 seconds left.
|
|t:|1785228542
|move|p2b: Charizard|Protect|p2b: Charizard
|-singleturn|p2b: Charizard|Protect
|move|p2a: Kommo-o|Vacuum Wave|p1b: Excadrill
|-supereffective|p1b: Excadrill|1
|-damage|p1b: Excadrill|37/100
|-damage|p2a: Kommo-o|90/100|[from] item: Life Orb
|move|p1a: Sneasler|Coaching|p1b: Excadrill
|-boost|p1b: Excadrill|atk|1
|-boost|p1b: Excadrill|def|1
|move|p1b: Excadrill|Rock Slide|p2a: Kommo-o|[spread] p2a
|-activate|p2b: Charizard|move: Protect
|-resisted|p2a: Kommo-o|1
|-crit|p2a: Kommo-o
|-damage|p2a: Kommo-o|59/100
|
|upkeep
|turn|3
|
|t:|1785228559
|switch|p1a: Tyranitar|Tyranitar, L50, M|100/100
|-weather|Sandstorm|[from] ability: Sand Stream|[of] p1a: Tyranitar
|detailschange|p2b: Charizard|Charizard-Mega-Y, L50, M
|-mega|p2b: Charizard|Charizard|Charizardite Y
|-weather|SunnyDay|[from] ability: Drought|[of] p2b: Charizard
|move|p1b: Excadrill|Protect|p1b: Excadrill
|-singleturn|p1b: Excadrill|Protect
|move|p2a: Kommo-o|Vacuum Wave|p1b: Excadrill
|-activate|p1b: Excadrill|move: Protect
|move|p2b: Charizard|Solar Beam||[still]
|-prepare|p2b: Charizard|Solar Beam
|-anim|p2b: Charizard|Solar Beam|p1a: Tyranitar
|-supereffective|p1a: Tyranitar|1
|-damage|p1a: Tyranitar|14/100
|
|-weather|SunnyDay|[upkeep]
|upkeep
|turn|4
|inactive|airfanzs has 30 seconds left.
|inactive|airfanzs has 20 seconds left.
|inactive|airfanzs has 15 seconds left.
|
|t:|1785228600
|detailschange|p1a: Tyranitar|Tyranitar-Mega, L50, M
|-mega|p1a: Tyranitar|Tyranitar|Tyranitarite
|-weather|Sandstorm|[from] ability: Sand Stream|[of] p1a: Tyranitar
|move|p1b: Excadrill|Protect|p1b: Excadrill
|-singleturn|p1b: Excadrill|Protect
|move|p2a: Kommo-o|Vacuum Wave|p1b: Excadrill
|-activate|p1b: Excadrill|move: Protect
|move|p2b: Charizard|Heat Wave|p1b: Excadrill|[spread] p1a
|-activate|p1b: Excadrill|move: Protect
|-resisted|p1a: Tyranitar|1
|-damage|p1a: Tyranitar|4/100
|move|p1a: Tyranitar|Rock Slide|p2a: Kommo-o|[spread] p2a,p2b
|-resisted|p2a: Kommo-o|1
|-crit|p2a: Kommo-o
|-supereffective|p2b: Charizard|2
|-damage|p2a: Kommo-o|32/100
|-damage|p2b: Charizard|0 fnt
|faint|p2b: Charizard
|
|-weather|Sandstorm|[upkeep]
|upkeep
|
|t:|1785228612
|switch|p2b: Ninetales|Ninetales-Alola, L50, M|100/100
|-weather|Snowscape|[from] ability: Snow Warning|[of] p2b: Ninetales
|turn|5
|
|t:|1785228631
|switch|p1a: Sinistcha|Sinistcha, L50|100/100
|-heal|p1b: Excadrill|62/100|[from] ability: Hospitality|[of] p1a: Sinistcha
|move|p2a: Kommo-o|Vacuum Wave|p1b: Excadrill
|-supereffective|p1b: Excadrill|1
|-damage|p1b: Excadrill|0 fnt
|faint|p1b: Excadrill
|-damage|p2a: Kommo-o|22/100|[from] item: Life Orb
|move|p2b: Ninetales|Blizzard|p1a: Sinistcha
|-supereffective|p1a: Sinistcha|1
|-damage|p1a: Sinistcha|11/100
|-enditem|p1a: Sinistcha|Sitrus Berry|[eat]
|-heal|p1a: Sinistcha|35/100|[from] item: Sitrus Berry
|
|-weather|Snowscape|[upkeep]
|upkeep
|-message|airfanzs forfeited.
|
|win|ttsui234
|l|☆airfanzs
|player|p1|
||airfanzs is ready for game 2.
|inactive|ttsui234 has 30 seconds to confirm battle start!
||ttsui234 is ready for game 2.
|uhtml|next|Next: Game 2 of 3
