|j|☆TONKMAN
|j|☆starling01
|html|TONKMANstarling01    
|uhtml|bestof|Game 1 of a best-of-3
|t:|1757631866
|gametype|doubles
|player|p1|TONKMAN|crasherwake|1170
|player|p2|starling01|miku-flying|1205
|gen|9
|tier|[Gen 9] VGC 2025 Reg H (Bo3)
|rated|
|rule|Species Clause: Limit one of each Pokémon
|rule|Item Clause: Limit 1 of each item
|clearpoke
|poke|p1|Vivillon, L50, F|
|poke|p1|Garchomp, L50, M|
|poke|p1|Primarina, L50, F|
|poke|p1|Porygon2, L50|
|poke|p1|Incineroar, L50, F|
|poke|p1|Gholdengo, L50|
|poke|p2|Incineroar, L50, M|
|poke|p2|Rillaboom, L50, M|
|poke|p2|Ursaluna-Bloodmoon, L50, M|
|poke|p2|Sneasler, L50, F|
|poke|p2|Dragonite, L50, F|
|poke|p2|Gholdengo, L50|
|teampreview|4
|showteam|p1|Vivillon||FocusSash|CompoundEyes|Hurricane,SleepPowder,RagePowder,Protect|||F|||50|,,,,,Ghost]Garchomp||LifeOrb|RoughSkin|DragonClaw,Earthquake,StompingTantrum,Protect|||M|||50|,,,,,Steel]Primarina||SitrusBerry|LiquidVoice|HyperVoice,Moonblast,Haze,Protect|||F|||50|,,,,,Poison]Porygon2||Eviolite|Download|TeraBlast,IceBeam,TrickRoom,Recover||||||50|,,,,,Ground]Incineroar||SafetyGoggles|Intimidate|FakeOut,FlareBlitz,KnockOff,PartingShot|||F|||50|,,,,,Ghost]Gholdengo||Leftovers|GoodasGold|MakeItRain,ShadowBall,NastyPlot,Protect||||||50|,,,,,Flying
|showteam|p2|Incineroar||SafetyGoggles|Intimidate|FlareBlitz,KnockOff,FakeOut,PartingShot|||M|||50|,,,,,Ghost]Rillaboom||AssaultVest|GrassySurge|WoodHammer,HighHorsepower,GrassyGlide,FakeOut|||M|||50|,,,,,Fire]Ursaluna-Bloodmoon||Leftovers|MindsEye|BloodMoon,EarthPower,CalmMind,Protect|||M|||50|,,,,,Electric]Sneasler||FocusSash|PoisonTouch|CloseCombat,DireClaw,FakeOut,Coaching|||F|||50|,,,,,Ghost]Dragonite||LoadedDice|Multiscale|ScaleShot,Tailwind,Haze,Protect|||F|||50|,,,,,Steel]Gholdengo||LifeOrb|GoodasGold|MakeItRain,ShadowBall,NastyPlot,Protect||||||50|,,,,,Water
|inactive|Battle timer is ON: inactive players will automatically lose when time's up. (requested by starling01)
|inactive|starling01 has 60 seconds left.
|inactive|starling01 has 30 seconds left.
|inactive|starling01 has 20 seconds left.
|
|t:|1757631937
|teamsize|p1|4
|teamsize|p2|4
|start
|switch|p1a: Vivillon|Vivillon, L50, F|100/100
|switch|p1b: Garchomp|Garchomp, L50, M|100/100
|switch|p2a: Incineroar|Incineroar, L50, M|100/100
|switch|p2b: Gholdengo|Gholdengo, L50|100/100
|-ability|p2a: Incineroar|Intimidate|boost
|-unboost|p1a: Vivillon|atk|1
|-unboost|p1b: Garchomp|atk|1
|turn|1
|inactive|TONKMAN has 30 seconds left.
|inactive|starling01 has 30 seconds left.
|inactive|TONKMAN has 20 seconds left.
|
|t:|1757631972
|move|p2a: Incineroar|Fake Out|p1b: Garchomp
|-damage|p1b: Garchomp|89/100
|-damage|p2a: Incineroar|88/100|[from] ability: Rough Skin|[of] p1b: Garchomp
|cant|p1b: Garchomp|flinch
|move|p1a: Vivillon|Hurricane|p2b: Gholdengo
|-resisted|p2b: Gholdengo
|-damage|p2b: Gholdengo|75/100
|-start|p2b: Gholdengo|confusion
|-activate|p2b: Gholdengo|confusion
|move|p2b: Gholdengo|Nasty Plot|p2b: Gholdengo
|-boost|p2b: Gholdengo|spa|2
|
|upkeep
|turn|2
|
|t:|1757631986
|-activate|p2b: Gholdengo|confusion
|-damage|p2b: Gholdengo|67/100|[from] confusion
|move|p1b: Garchomp|Earthquake|p2b: Gholdengo|[spread] p2a,p2b
|-immune|p1a: Vivillon
|-supereffective|p2a: Incineroar
|-supereffective|p2b: Gholdengo
|-damage|p2a: Incineroar|21/100
|-damage|p2b: Gholdengo|0 fnt
|faint|p2b: Gholdengo
|-damage|p1b: Garchomp|79/100|[from] item: Life Orb
|move|p1a: Vivillon|Hurricane|p2a: Incineroar
|-damage|p2a: Incineroar|0 fnt
|faint|p2a: Incineroar
|
|upkeep
|
|t:|1757631995
|switch|p2b: Sneasler|Sneasler, L50, F|100/100
|switch|p2a: Rillaboom|Rillaboom, L50, M|100/100
|-fieldstart|move: Grassy Terrain|[from] ability: Grassy Surge|[of] p2a: Rillaboom
|turn|3
|
|t:|1757632010
|move|p1b: Garchomp|Protect|p1b: Garchomp
|-singleturn|p1b: Garchomp|Protect
|move|p1a: Vivillon|Protect|p1a: Vivillon
|-singleturn|p1a: Vivillon|Protect
|move|p2b: Sneasler|Dire Claw|p1a: Vivillon
|-activate|p1a: Vivillon|move: Protect
|move|p2a: Rillaboom|Wood Hammer|p1b: Garchomp
|-activate|p1b: Garchomp|move: Protect
|
|-heal|p1b: Garchomp|85/100|[from] Grassy Terrain
|upkeep
|turn|4
|inactive|TONKMAN has 30 seconds left.
|
|t:|1757632039
|move|p2b: Sneasler|Dire Claw|p1a: Vivillon
|-damage|p1a: Vivillon|12/100
|-status|p1a: Vivillon|slp
|move|p1b: Garchomp|Earthquake|p2a: Rillaboom|[spread] p2a,p2b
|-immune|p1a: Vivillon
|-resisted|p2a: Rillaboom
|-supereffective|p2b: Sneasler
|-damage|p2a: Rillaboom|92/100
|-damage|p2b: Sneasler|45/100
|-damage|p1b: Garchomp|75/100|[from] item: Life Orb
|cant|p1a: Vivillon|slp
|move|p2a: Rillaboom|Wood Hammer|p1b: Garchomp
|-damage|p1b: Garchomp|0 fnt
|-damage|p2a: Rillaboom|80/100|[from] ability: Rough Skin|[of] p1b: Garchomp
|faint|p1b: Garchomp
|-damage|p2a: Rillaboom|57/100|[from] Recoil
|
|-heal|p2b: Sneasler|51/100|[from] Grassy Terrain
|-heal|p2a: Rillaboom|63/100|[from] Grassy Terrain
|upkeep
|
|t:|1757632058
|switch|p1b: Porygon2|Porygon2, L50|100/100
|-ability|p1b: Porygon2|Download|boost
|-boost|p1b: Porygon2|atk|1
|turn|5
|
|t:|1757632069
|move|p2b: Sneasler|Dire Claw|p1b: Porygon2
|-damage|p1b: Porygon2|77/100
|-status|p1b: Porygon2|psn
|-curestatus|p1a: Vivillon|slp|[msg]
|move|p1a: Vivillon|Hurricane|p2a: Rillaboom
|-supereffective|p2a: Rillaboom
|-damage|p2a: Rillaboom|0 fnt
|faint|p2a: Rillaboom
|move|p1b: Porygon2|Ice Beam|p2b: Sneasler
|-damage|p2b: Sneasler|17/100
|
|-heal|p2b: Sneasler|22/100|[from] Grassy Terrain
|-heal|p1b: Porygon2|83/100 psn|[from] Grassy Terrain
|-damage|p1b: Porygon2|71/100 psn|[from] psn
|upkeep
|turn|6
|-message|starling01 forfeited.
|
|win|TONKMAN
||starling01 is ready for game 2.
||TONKMAN is ready for game 2.
|uhtml|next|Next: Game 2 of 3
