|j|☆I_LIKE_BREAD7
|j|☆afkahaoai
|html|I_LIKE_BREAD7afkahaoai    
|uhtml|bestof|Game 1 of a best-of-3
|t:|1756347217
|gametype|doubles
|player|p1|I_LIKE_BREAD7|170|1050
|player|p2|afkahaoai|102|1006
|gen|9
|tier|[Gen 9] VGC 2025 Reg H (Bo3)
|rated|
|rule|Species Clause: Limit one of each Pokémon
|rule|Item Clause: Limit 1 of each item
|clearpoke
|poke|p1|Primarina, L50, M|
|poke|p1|Gothitelle, L50, F|
|poke|p1|Ursaluna-Bloodmoon, L50, M|
|poke|p1|Incineroar, L50, M|
|poke|p1|Gholdengo, L50|
|poke|p1|Murkrow, L50, F|
|poke|p2|Annihilape, L50, M|
|poke|p2|Ninetales-Alola, L50, F|
|poke|p2|Talonflame, L50, M|
|poke|p2|Garchomp, L50, M|
|poke|p2|Vivillon-Ocean, L50, F|
|poke|p2|Gholdengo, L50|
|teampreview|4
|showteam|p1|Primarina||ThroatSpray|LiquidVoice|Protect,HyperVoice,Moonblast,PerishSong|||M|||50|,,,,,Dragon]Gothitelle||MentalHerb|ShadowTag|Protect,FakeOut,Psychic,TrickRoom|||F|||50|,,,,,Water]Ursaluna-Bloodmoon||LifeOrb|MindsEye|Protect,HyperVoice,EarthPower,BloodMoon|||M|||50|,,,,,Normal]Incineroar||SitrusBerry|Intimidate|Protect,FakeOut,KnockOff,FlareBlitz|||M|||50|,,,,,Grass]Gholdengo||ChoiceSpecs|GoodasGold|MakeItRain,ShadowBall,Thunderbolt,PowerGem||||||50|,,,,,Steel]Murkrow||FocusSash|Prankster|Protect,Tailwind,PerishSong,FoulPlay|||F|||50|,,,,,Ghost
|showteam|p2|Annihilape||SafetyGoggles|Defiant|RageFist,DrainPunch,BulkUp,Protect|||M|||50|,,,,,Water]Ninetales-Alola||CovertCloak|SnowWarning|Blizzard,FreezeDry,AuroraVeil,Protect|||F|||50|,,,,,Ice]Talonflame||SharpBeak|GaleWings|DualWingbeat,Tailwind,WillOWisp,Protect|||M|||50|,,,,,Ghost]Garchomp||LifeOrb|RoughSkin|Earthquake,StompingTantrum,DragonClaw,Protect|||M|||50|,,,,,Steel]Vivillon-Ocean||FocusSash|CompoundEyes|SleepPowder,Hurricane,RagePowder,Protect|||F|||50|,,,,,Ghost]Gholdengo||IronPlate|GoodasGold|MakeItRain,ShadowBall,NastyPlot,Protect||||||50|,,,,,Steel
|inactive|Battle timer is ON: inactive players will automatically lose when time's up. (requested by afkahaoai)
|inactive|I_LIKE_BREAD7 has 60 seconds left.
|
|t:|1756347277
|teamsize|p1|4
|teamsize|p2|4
|start
|switch|p1a: Primarina|Primarina, L50, M|100/100
|switch|p1b: Incineroar|Incineroar, L50, M|100/100
|switch|p2a: Ninetales|Ninetales-Alola, L50, F, shiny|100/100
|switch|p2b: Gholdengo|Gholdengo, L50|100/100
|-weather|Snowscape|[from] ability: Snow Warning|[of] p2a: Ninetales
|-ability|p1b: Incineroar|Intimidate|boost
|-unboost|p2a: Ninetales|atk|1
|-unboost|p2b: Gholdengo|atk|1
|turn|1
|inactive|I_LIKE_BREAD7 has 30 seconds left.
|inactive|afkahaoai has 30 seconds left.
|
|t:|1756347307
|switch|p1a: Gholdengo|Gholdengo, L50|100/100
|-terastallize|p2b: Gholdengo|Steel
|move|p2a: Ninetales|Blizzard|p1b: Incineroar|[spread] p1a,p1b
|-resisted|p1a: Gholdengo
|-resisted|p1b: Incineroar
|-damage|p1a: Gholdengo|82/100
|-damage|p1b: Incineroar|85/100
|-status|p1b: Incineroar|frz
|move|p2b: Gholdengo|Make It Rain|p1b: Incineroar|[spread] p1a,p1b
|-resisted|p1a: Gholdengo
|-resisted|p1b: Incineroar
|-damage|p1a: Gholdengo|33/100
|-damage|p1b: Incineroar|49/100 frz
|-unboost|p2b: Gholdengo|spa|1
|-enditem|p1b: Incineroar|Sitrus Berry|[eat]
|-heal|p1b: Incineroar|74/100 frz|[from] item: Sitrus Berry
|-curestatus|p1b: Incineroar|frz|[from] move: Flare Blitz
|move|p1b: Incineroar|Flare Blitz|p2b: Gholdengo
|-supereffective|p2b: Gholdengo
|-damage|p2b: Gholdengo|0 fnt
|faint|p2b: Gholdengo
|-damage|p1b: Incineroar|47/100|[from] Recoil
|
|-weather|Snowscape|[upkeep]
|upkeep
|
|t:|1756347325
|switch|p2b: Garchomp|Garchomp, L50, M|100/100
|turn|2
|
|t:|1756347341
|move|p1b: Incineroar|Protect|p1b: Incineroar
|-singleturn|p1b: Incineroar|Protect
|move|p2a: Ninetales|Aurora Veil|p2a: Ninetales
|-sidestart|p2: afkahaoai|move: Aurora Veil
|move|p2b: Garchomp|Stomping Tantrum|p1b: Incineroar
|-activate|p1b: Incineroar|move: Protect
|move|p1a: Gholdengo|Make It Rain|p2a: Ninetales|[spread] p2a,p2b
|-supereffective|p2a: Ninetales
|-damage|p2a: Ninetales|0 fnt
|-damage|p2b: Garchomp|40/100
|-unboost|p1a: Gholdengo|spa|1
|faint|p2a: Ninetales
|
|-weather|Snowscape|[upkeep]
|upkeep
|
|t:|1756347347
|switch|p2a: Annihilape|Annihilape, L50, M, shiny|100/100
|turn|3
|inactive|I_LIKE_BREAD7 has 30 seconds left.
|
|t:|1756347379
|switch|p1a: Murkrow|Murkrow, L50, F|100/100
|move|p1b: Incineroar|Protect||[still]
|-fail|p1b: Incineroar
|move|p2b: Garchomp|Stomping Tantrum|p1a: Murkrow
|-immune|p1a: Murkrow
|move|p2a: Annihilape|Drain Punch|p1b: Incineroar
|-supereffective|p1b: Incineroar
|-damage|p1b: Incineroar|0 fnt
|faint|p1b: Incineroar
|
|-weather|Snowscape|[upkeep]
|upkeep
|
|t:|1756347394
|switch|p1b: Gholdengo|Gholdengo, L50|33/100
|turn|4
|inactive|afkahaoai has 30 seconds left.
|
|t:|1756347419
|-terastallize|p1b: Gholdengo|Steel
|move|p2b: Garchomp|Protect|p2b: Garchomp
|-singleturn|p2b: Garchomp|Protect
|move|p1a: Murkrow|Tailwind|p1a: Murkrow
|-sidestart|p1: I_LIKE_BREAD7|move: Tailwind
|move|p1b: Gholdengo|Make It Rain|p2a: Annihilape|[spread] p2a
|-activate|p2b: Garchomp|move: Protect
|-damage|p2a: Annihilape|35/100
|-unboost|p1b: Gholdengo|spa|1
|move|p2a: Annihilape|Rage Fist|p1b: Gholdengo
|-damage|p1b: Gholdengo|0 fnt
|faint|p1b: Gholdengo
|
|-weather|Snowscape|[upkeep]
|upkeep
|
|t:|1756347434
|switch|p1b: Primarina|Primarina, L50, M|100/100
|turn|5
|
|t:|1756347452
|move|p1a: Murkrow|Foul Play|p2a: Annihilape
|-damage|p2a: Annihilape|8/100
|move|p1b: Primarina|Hyper Voice|p2b: Garchomp|[spread] p2a,p2b
|-damage|p2a: Annihilape|0 fnt
|-damage|p2b: Garchomp|15/100
|faint|p2a: Annihilape
|-enditem|p1b: Primarina|Throat Spray
|-boost|p1b: Primarina|spa|1|[from] item: Throat Spray
|move|p2b: Garchomp|Stomping Tantrum|p1b: Primarina
|-damage|p1b: Primarina|40/100
|-damage|p2b: Garchomp|5/100|[from] item: Life Orb
|
|-weather|none
|upkeep
|turn|6
|
|t:|1756347468
|move|p1a: Murkrow|Foul Play|p2b: Garchomp
|-damage|p2b: Garchomp|0 fnt
|-damage|p1a: Murkrow|89/100|[from] ability: Rough Skin|[of] p2b: Garchomp
|faint|p2b: Garchomp
|
|win|I_LIKE_BREAD7
|l|☆afkahaoai
|player|p2|
||afkahaoai is ready for game 2.
||I_LIKE_BREAD7 is ready for game 2.
|uhtml|next|Next: Game 2 of 3
