|j|☆Miss buss buss
|j|☆jANMxRin
|html|Miss buss bussjANMxRin    
|uhtml|bestof|Game 1 of a best-of-3
|t:|1782996820
|gametype|doubles
|player|p1|Miss buss buss|266|1046
|player|p2|jANMxRin|2|1123
|gen|9
|tier|[Gen 9 Champions] VGC 2026 Reg M-B (Bo3)
|rated|
|rule|Species Clause: Limit one of each Pokémon
|rule|Item Clause: Limit 1 of each item
|clearpoke
|poke|p1|Hatterene, L50, F|
|poke|p1|Dragalge, L50, M|
|poke|p1|Musharna, L50, F|
|poke|p1|Meowstic, L50, M|
|poke|p1|Camerupt, L50, F|
|poke|p1|Tinkaton, L50, F|
|poke|p2|Delphox, L50, F|
|poke|p2|Floette-Eternal, L50, F|
|poke|p2|Sinistcha, L50|
|poke|p2|Kingambit, L50, M|
|poke|p2|Sneasler, L50, F|
|poke|p2|Incineroar, L50, M|
|teampreview|4
|showteam|p1|Hatterene||BabiriBerry|MagicBounce|ShadowBall,DazzlingGleam,TrickRoom,ExpandingForce|Quiet||F|||50|]Dragalge||Dragalgite|Adaptability|FlipTurn,HydroPump,DracoMeteor,SludgeWave|Modest||M|||50|]Musharna||ColburBerry|Telepathy|ExpandingForce,Moonblast,TrickRoom,Protect|Sassy||F|||50|]Meowstic||SitrusBerry|Prankster|PsychicTerrain,DarkPulse,LightScreen,ExpandingForce|Serious||M|||50|]Camerupt||Cameruptite|MagmaArmor|Eruption,EarthPower,FireBlast,Protect|Modest||F|||50|]Tinkaton||OccaBerry|OwnTempo|GigatonHammer,PlayRough,BrickBreak,Protect|Careful||F|||50|
|showteam|p2|Delphox||Delphoxite|Blaze|HeatWave,Psyshock,NastyPlot,Protect|Timid||F|||50|]Floette-Eternal||Floettite|FlowerVeil|Moonblast,DazzlingGleam,CalmMind,Protect|Modest||F|||50|]Sinistcha||KasibBerry|Hospitality|MatchaGotcha,RagePowder,TrickRoom,Protect|Bold|||||50|]Kingambit||BlackGlasses|Defiant|KowtowCleave,SuckerPunch,SwordsDance,Protect|Adamant||M|||50|]Sneasler||FocusSash|PoisonTouch|FakeOut,CloseCombat,DireClaw,QuickGuard|Jolly||F|||50|]Incineroar||SitrusBerry|Intimidate|PartingShot,FlareBlitz,ThroatChop,FakeOut|Impish||M|||50|
|inactive|Battle timer is ON: inactive players will automatically lose when time's up. (requested by Miss buss buss)
|inactive|Miss buss buss has 60 seconds left.
|
|t:|1782996867
|teamsize|p1|4
|teamsize|p2|4
|start
|switch|p1a: Tinkaton|Tinkaton, L50, F|100/100
|switch|p1b: Hatterene|Hatterene, L50, F|100/100
|switch|p2a: Delphox|Delphox, L50, F|100/100
|switch|p2b: Incineroar|Incineroar, L50, M|100/100
|-ability|p2b: Incineroar|Intimidate|boost
|-fail|p1a: Tinkaton|unboost|Attack|[from] ability: Own Tempo|[of] p1a: Tinkaton
|-unboost|p1b: Hatterene|atk|1
|turn|1
|inactive|Miss buss buss has 30 seconds left.
|inactive|jANMxRin has 30 seconds left.
|
|t:|1782996896
|switch|p1a: Camerupt|Camerupt, L50, F|100/100
|detailschange|p2a: Delphox|Delphox-Mega, L50, F
|-mega|p2a: Delphox|Delphox|Delphoxite
|move|p2b: Incineroar|Fake Out|p1b: Hatterene
|-damage|p1b: Hatterene|87/100
|move|p2a: Delphox|Nasty Plot|p2a: Delphox
|-boost|p2a: Delphox|spa|2
|cant|p1b: Hatterene|flinch
|
|upkeep
|turn|2
|inactive|jANMxRin has 30 seconds left.
|
|t:|1782996930
|detailschange|p1a: Camerupt|Camerupt-Mega, L50, F
|-mega|p1a: Camerupt|Camerupt|Cameruptite
|move|p2a: Delphox|Heat Wave|p1b: Hatterene|[spread] p1a
|-miss|p2a: Delphox|p1b: Hatterene
|-resisted|p1a: Camerupt|1
|-damage|p1a: Camerupt|62/100
|move|p2b: Incineroar|Parting Shot|p1a: Camerupt
|-unboost|p1a: Camerupt|atk|1
|-unboost|p1a: Camerupt|spa|1
|
|t:|1782996939
|switch|p2b: Sneasler|Sneasler, L50, F|100/100|[from] Parting Shot
|move|p1a: Camerupt|Earth Power|p2b: Sneasler
|-supereffective|p2b: Sneasler|1
|-enditem|p2b: Sneasler|Focus Sash
|-damage|p2b: Sneasler|1/100
|move|p1b: Hatterene|Trick Room|p1b: Hatterene
|-fieldstart|move: Trick Room|[of] p1b: Hatterene
|
|upkeep
|turn|3
|
|t:|1782996964
|move|p2b: Sneasler|Fake Out|p1b: Hatterene
|-damage|p1b: Hatterene|71/100
|move|p1a: Camerupt|Eruption|p2b: Sneasler|[spread] p2a,p2b
|-resisted|p2a: Delphox|1
|-damage|p2a: Delphox|85/100
|-damage|p2b: Sneasler|0 fnt
|faint|p2b: Sneasler
|cant|p1b: Hatterene|flinch
|move|p2a: Delphox|Heat Wave|p1a: Camerupt|[spread] p1a,p1b
|-resisted|p1a: Camerupt|1
|-damage|p1a: Camerupt|22/100
|-damage|p1b: Hatterene|0 fnt
|faint|p1b: Hatterene
|
|upkeep
|
|t:|1782996980
|switch|p1b: Musharna|Musharna, L50, F|100/100
|switch|p2b: Incineroar|Incineroar, L50, M|100/100
|-ability|p2b: Incineroar|Intimidate|boost
|-unboost|p1a: Camerupt|atk|1
|-unboost|p1b: Musharna|atk|1
|turn|4
|
|t:|1782996996
|move|p2b: Incineroar|Fake Out|p1b: Musharna
|-damage|p1b: Musharna|89/100
|move|p1a: Camerupt|Earth Power|p2b: Incineroar
|-supereffective|p2b: Incineroar|1
|-damage|p2b: Incineroar|15/100
|-enditem|p2b: Incineroar|Sitrus Berry|[eat]
|-heal|p2b: Incineroar|40/100|[from] item: Sitrus Berry
|cant|p1b: Musharna|flinch
|move|p2a: Delphox|Heat Wave|p1b: Musharna|[spread] p1a,p1b
|-resisted|p1a: Camerupt|1
|-damage|p1a: Camerupt|0 fnt
|-damage|p1b: Musharna|37/100
|faint|p1a: Camerupt
|
|upkeep
|
|t:|1782997011
|switch|p1a: Tinkaton|Tinkaton, L50, F|100/100
|turn|5
|
|t:|1782997031
|move|p1b: Musharna|Moonblast|p2b: Incineroar
|-damage|p2b: Incineroar|19/100
|-unboost|p2b: Incineroar|spa|1
|move|p2b: Incineroar|Flare Blitz|p1a: Tinkaton
|-supereffective|p1a: Tinkaton|1
|-crit|p1a: Tinkaton
|-enditem|p1a: Tinkaton|Occa Berry|[eat]
|-enditem|p1a: Tinkaton|Occa Berry|[weaken]
|-damage|p1a: Tinkaton|15/100
|-damage|p2b: Incineroar|0 fnt|[from] Recoil
|faint|p2b: Incineroar
|move|p1a: Tinkaton|Gigaton Hammer|p2a: Delphox
|-resisted|p2a: Delphox|1
|-damage|p2a: Delphox|42/100
|move|p2a: Delphox|Heat Wave|p1a: Tinkaton|[spread] p1a,p1b
|-supereffective|p1a: Tinkaton|1
|-damage|p1a: Tinkaton|0 fnt
|-damage|p1b: Musharna|0 fnt
|faint|p1a: Tinkaton
|faint|p1b: Musharna
|
|win|jANMxRin
