|j|☆Quinten165
|j|☆Natsuharusama
|html|Quinten165Natsuharusama    
|uhtml|bestof|Game 1 of a best-of-3
|t:|1785487128
|gametype|doubles
|player|p1|Quinten165|2|1081
|player|p2|Natsuharusama|pokemaniac|1075
|gen|9
|tier|[Gen 9 Champions] VGC 2026 Reg M-B (Bo3)
|rated|
|rule|Species Clause: Limit one of each Pokémon
|rule|Item Clause: Limit 1 of each item
|clearpoke
|poke|p1|Charizard, L50, F|
|poke|p1|Glimmora, L50, M|
|poke|p1|Whimsicott, L50, F|
|poke|p1|Ninetales-Alola, L50, F|
|poke|p1|Kingambit, L50, F|
|poke|p1|Kommo-o, L50, F|
|poke|p2|Charizard, L50, M, shiny|
|poke|p2|Venusaur, L50, M, shiny|
|poke|p2|Garchomp, L50, M|
|poke|p2|Floette-Eternal, L50, F|
|poke|p2|Whimsicott, L50, F, shiny|
|poke|p2|Sinistcha-Masterpiece, L50, shiny|
|teampreview|4
|showteam|p1|Charizard||CharizarditeY|Blaze|HeatWave,WeatherBall,SolarBeam,Protect|Modest||F|||50|]Glimmora||Glimmoranite|ToxicDebris|SludgeBomb,PowerGem,EarthPower,SpikyShield|Modest||M|||50|]Whimsicott||FocusSash|Prankster|Moonblast,Tailwind,Encore,Protect|Timid||F|||50|]Ninetales-Alola||NeverMeltIce|SnowWarning|Blizzard,FreezeDry,Disable,Protect|Timid||F|||50|]Kingambit||BlackGlasses|Defiant|KowtowCleave,SuckerPunch,IronHead,Protect|Adamant||F|||50|]Kommo-o||LifeOrb|Overcoat|ClangingScales,AuraSphere,VacuumWave,Protect|Modest||F|||50|
|showteam|p2|Charizard||CharizarditeY|Blaze|HeatWave,WeatherBall,SolarBeam,Protect|Timid||M|||50|]Venusaur||Leftovers|Chlorophyll|SleepPowder,GigaDrain,SludgeBomb,Protect|Modest||M|||50|]Garchomp||LifeOrb|RoughSkin|Earthquake,RockTomb,DragonClaw,Protect|Jolly||M|||50|]Floette-Eternal||Floettite|FlowerVeil|CalmMind,DazzlingGleam,LightofRuin,Protect|Modest||F|||50|]Whimsicott||FocusSash|Prankster|Tailwind,Encore,HelpingHand,Moonblast|Bold||F|||50|]Sinistcha-Masterpiece||SitrusBerry|Hospitality|MatchaGotcha,Imprison,RagePowder,ShadowBall|Relaxed|||||50|
|inactive|Battle timer is ON: inactive players will automatically lose when time's up. (requested by Quinten165)
|inactive|Quinten165 has 60 seconds left.
|
|t:|1785487171
|teamsize|p1|4
|teamsize|p2|4
|start
|switch|p1a: Kommo-o|Kommo-o, L50, F|100/100
|switch|p1b: Charizard|Charizard, L50, F|100/100
|switch|p2a: Flower Women 2000|Floette-Eternal, L50, F|100/100
|switch|p2b: PieceOfCotton|Whimsicott, L50, F, shiny|100/100
|turn|1
|
|t:|1785487188
|switch|p1a: Whimsicott|Whimsicott, L50, F|100/100
|detailschange|p1b: Charizard|Charizard-Mega-Y, L50, F
|-mega|p1b: Charizard|Charizard|Charizardite Y
|-weather|SunnyDay|[from] ability: Drought|[of] p1b: Charizard
|detailschange|p2a: Flower Women 2000|Floette-Mega, L50, F
|-mega|p2a: Flower Women 2000|Floette|Floettite
|-ability|p2a: Flower Women 2000|Fairy Aura
|move|p2b: PieceOfCotton|Tailwind|p2b: PieceOfCotton
|-sidestart|p2: Natsuharusama|move: Tailwind
|move|p2a: Flower Women 2000|Dazzling Gleam|p1a: Whimsicott|[spread] p1a,p1b
|-resisted|p1b: Charizard|1
|-damage|p1a: Whimsicott|14/100
|-damage|p1b: Charizard|75/100
|move|p1b: Charizard|Heat Wave|p2b: PieceOfCotton|[spread] p2a,p2b
|-supereffective|p2b: PieceOfCotton|1
|-damage|p2a: Flower Women 2000|56/100
|-enditem|p2b: PieceOfCotton|Focus Sash
|-damage|p2b: PieceOfCotton|1/100
|
|-weather|SunnyDay|[upkeep]
|upkeep
|turn|2
|inactive|Natsuharusama has 30 seconds left.
|inactive|Natsuharusama has 20 seconds left.
|
|t:|1785487228
|move|p1a: Whimsicott|Protect|p1a: Whimsicott
|-singleturn|p1a: Whimsicott|Protect
|move|p2a: Flower Women 2000|Protect|p2a: Flower Women 2000
|-singleturn|p2a: Flower Women 2000|Protect
|move|p1b: Charizard|Protect|p1b: Charizard
|-singleturn|p1b: Charizard|Protect
|move|p2b: PieceOfCotton|Moonblast|p1a: Whimsicott
|-activate|p1a: Whimsicott|move: Protect
|
|-weather|SunnyDay|[upkeep]
|upkeep
|turn|3
|inactive|Natsuharusama has 30 seconds left.
|
|t:|1785487255
|switch|p1b: Glimmora|Glimmora, L50, M|100/100
|move|p2b: PieceOfCotton|Encore||[still]
|-fail|p2b: PieceOfCotton
|move|p1a: Whimsicott|Tailwind|p1a: Whimsicott
|-sidestart|p1: Quinten165|move: Tailwind
|move|p2a: Flower Women 2000|Dazzling Gleam|p1b: Glimmora|[spread] p1a,p1b
|-resisted|p1b: Glimmora|1
|-damage|p1a: Whimsicott|0 fnt
|-damage|p1b: Glimmora|65/100
|faint|p1a: Whimsicott
|
|-weather|SunnyDay|[upkeep]
|upkeep
|
|t:|1785487265
|switch|p1a: Charizard|Charizard-Mega-Y, L50, F|75/100
|turn|4
|
|t:|1785487279
|move|p2a: Flower Women 2000|Protect|p2a: Flower Women 2000
|-singleturn|p2a: Flower Women 2000|Protect
|move|p2b: PieceOfCotton|Encore||[still]
|-fail|p2b: PieceOfCotton
|move|p1b: Glimmora|Sludge Bomb|p2a: Flower Women 2000
|-activate|p2a: Flower Women 2000|move: Protect
|move|p1a: Charizard|Heat Wave|p2b: PieceOfCotton|[spread] p2b
|-activate|p2a: Flower Women 2000|move: Protect
|-supereffective|p2b: PieceOfCotton|1
|-damage|p2b: PieceOfCotton|0 fnt
|faint|p2b: PieceOfCotton
|
|-weather|SunnyDay|[upkeep]
|-sideend|p2: Natsuharusama|move: Tailwind
|upkeep
|
|t:|1785487294
|switch|p2b: Garyamus Prime|Garchomp, L50, M|100/100
|turn|5
|
|t:|1785487303
|move|p1b: Glimmora|Sludge Bomb|p2a: Flower Women 2000
|-supereffective|p2a: Flower Women 2000|1
|-damage|p2a: Flower Women 2000|0 fnt
|faint|p2a: Flower Women 2000
|move|p1a: Charizard|Solar Beam||[still]
|-prepare|p1a: Charizard|Solar Beam
|-anim|p1a: Charizard|Solar Beam|p2b: Garyamus Prime
|-damage|p2b: Garyamus Prime|46/100
|move|p2b: Garyamus Prime|Rock Tomb|p1a: Charizard
|-supereffective|p1a: Charizard|2
|-damage|p1a: Charizard|0 fnt
|faint|p1a: Charizard
|-damage|p2b: Garyamus Prime|37/100|[from] item: Life Orb
|
|-weather|none
|upkeep
|
|t:|1785487318
|switch|p1a: Kommo-o|Kommo-o, L50, F|100/100
|switch|p2a: Chai Tea|Sinistcha-Masterpiece, L50, shiny|100/100
|-heal|p2b: Garyamus Prime|61/100|[from] ability: Hospitality|[of] p2a: Chai Tea
|turn|6
|
|t:|1785487333
|move|p2a: Chai Tea|Rage Powder|p2a: Chai Tea
|-singleturn|p2a: Chai Tea|move: Rage Powder
|move|p1b: Glimmora|Sludge Bomb|p2a: Chai Tea
|-damage|p2a: Chai Tea|35/100
|-enditem|p2a: Chai Tea|Sitrus Berry|[eat]
|-heal|p2a: Chai Tea|60/100|[from] item: Sitrus Berry
|move|p1a: Kommo-o|Clanging Scales|p2b: Garyamus Prime|[spread] p2a,p2b
|-supereffective|p2b: Garyamus Prime|1
|-damage|p2a: Chai Tea|0 fnt
|-damage|p2b: Garyamus Prime|0 fnt
|faint|p2a: Chai Tea
|faint|p2b: Garyamus Prime
|-damage|p1a: Kommo-o|90/100|[from] item: Life Orb
|
|win|Quinten165
