|j|☆axolotlwooper
|j|☆predatorssg
|html|axolotlwooperpredatorssg    
|uhtml|bestof|Game 3 of a best-of-3
|t:|1785763901
|gametype|doubles
|player|p1|axolotlwooper|linebacker|1164
|player|p2|predatorssg|266|1218
|gen|9
|tier|[Gen 9 Champions] VGC 2026 Reg M-B (Bo3)
|rated|
|rule|Species Clause: Limit one of each Pokémon
|rule|Item Clause: Limit 1 of each item
|clearpoke
|poke|p1|Farigiraf, L50, M|
|poke|p1|Absol, L50, F|
|poke|p1|Blastoise, L50, M, shiny|
|poke|p1|Camerupt, L50, F|
|poke|p1|Tinkaton, L50, F|
|poke|p1|Vanilluxe, L50, M|
|poke|p2|Archaludon, L50, M|
|poke|p2|Pelipper, L50, M|
|poke|p2|Grimmsnarl, L50, M|
|poke|p2|Swampert, L50, F|
|poke|p2|Talonflame, L50, M|
|poke|p2|Gardevoir, L50, M|
|teampreview|4
|showteam|p1|Farigiraf||SitrusBerry|ArmorTail|PsychicFangs,HyperVoice,BeatUp,TrickRoom|Relaxed||M|||50|]Absol||LifeOrb|Justified|RockSlide,SuckerPunch,CloseCombat,Protect|Brave||F|||50|]Blastoise||Blastoisinite|RainDish|WaterSpout,DarkPulse,AuraSphere,FakeOut|Quiet||M|||50|]Camerupt||Cameruptite|SolidRock|HeatWave,EarthPower,AncientPower,Protect|Quiet||F|||50|]Tinkaton||MetalCoat|MoldBreaker|GigatonHammer,PlayRough,Feint,FakeOut|Brave||F|||50|]Vanilluxe||NeverMeltIce|SnowWarning|Blizzard,FreezeDry,IceShard,Protect|Quiet||M|||50|
|showteam|p2|Archaludon||Leftovers|Stamina|ElectroShot,AuraSphere,FlashCannon,Protect|Modest||M|||50|]Pelipper||SitrusBerry|Drizzle|HelpingHand,WeatherBall,Hurricane,WideGuard|Modest||M|||50|]Grimmsnarl||LightClay|Prankster|PartingShot,SpiritBreak,Reflect,LightScreen|Calm||M|||50|]Swampert||Swampertite|Torrent|WaveCrash,Earthquake,IcePunch,Protect|Adamant||F|||50|]Talonflame||FocusSash|GaleWings|Protect,Tailwind,RainDance,DualWingbeat|Jolly||M|||50|]Gardevoir||Gardevoirite|Synchronize|Protect,HyperVoice,Psychic,Thunderbolt|Modest||M|||50|
|inactive|Battle timer is ON: inactive players will automatically lose when time's up. (requested by axolotlwooper)
|
|t:|1785763923
|teamsize|p1|4
|teamsize|p2|4
|start
|switch|p1a: Farigiraf|Farigiraf, L50, M|100/100
|switch|p1b: Absol|Absol, L50, F|100/100
|switch|p2a: Grimmsnarl|Grimmsnarl, L50, M|100/100
|switch|p2b: Gardevoir|Gardevoir, L50, M|100/100
|turn|1
|
|t:|1785763941
|detailschange|p2b: Gardevoir|Gardevoir-Mega, L50, M
|-mega|p2b: Gardevoir|Gardevoir|Gardevoirite
|move|p1b: Absol|Protect|p1b: Absol
|-singleturn|p1b: Absol|Protect
|move|p2a: Grimmsnarl|Reflect|p2a: Grimmsnarl
|-sidestart|p2: predatorssg|Reflect
|move|p2b: Gardevoir|Hyper Voice|p1b: Absol|[spread] p1a
|-activate|p1b: Absol|move: Protect
|-damage|p1a: Farigiraf|48/100
|-enditem|p1a: Farigiraf|Sitrus Berry|[eat]
|-heal|p1a: Farigiraf|73/100|[from] item: Sitrus Berry
|move|p1a: Farigiraf|Trick Room|p1a: Farigiraf
|-fieldstart|move: Trick Room|[of] p1a: Farigiraf
|
|upkeep
|turn|2
|
|t:|1785763954
|move|p2b: Gardevoir|Protect|p2b: Gardevoir
|-singleturn|p2b: Gardevoir|Protect
|move|p2a: Grimmsnarl|Light Screen|p2a: Grimmsnarl
|-sidestart|p2: predatorssg|move: Light Screen
|move|p1a: Farigiraf|Beat Up|p1b: Absol
|-resisted|p1b: Absol|1
|-damage|p1b: Absol|97/100
|-ability|p1b: Absol|Justified|boost
|-boost|p1b: Absol|atk|1
|-resisted|p1b: Absol|1
|-damage|p1b: Absol|94/100
|-ability|p1b: Absol|Justified|boost
|-boost|p1b: Absol|atk|1
|-resisted|p1b: Absol|1
|-damage|p1b: Absol|92/100
|-ability|p1b: Absol|Justified|boost
|-boost|p1b: Absol|atk|1
|-resisted|p1b: Absol|1
|-damage|p1b: Absol|89/100
|-ability|p1b: Absol|Justified|boost
|-boost|p1b: Absol|atk|1
|-hitcount|p1b: Absol|4
|move|p1b: Absol|Rock Slide|p2a: Grimmsnarl|[spread] 
|-activate|p2b: Gardevoir|move: Protect
|-miss|p1b: Absol|p2a: Grimmsnarl
|
|upkeep
|turn|3
|
|t:|1785763975
|switch|p2b: Pelipper|Pelipper, L50, M|100/100
|-weather|RainDance|[from] ability: Drizzle|[of] p2b: Pelipper
|move|p1a: Farigiraf|Hyper Voice|p2b: Pelipper|[spread] p2a,p2b
|-damage|p2a: Grimmsnarl|82/100
|-damage|p2b: Pelipper|79/100
|move|p2a: Grimmsnarl|Spirit Break|p1b: Absol
|-supereffective|p1b: Absol|1
|-damage|p1b: Absol|10/100
|-unboost|p1b: Absol|spa|1
|move|p1b: Absol|Rock Slide|p2a: Grimmsnarl|[spread] p2a,p2b
|-supereffective|p2b: Pelipper|1
|-damage|p2a: Grimmsnarl|28/100
|-damage|p2b: Pelipper|0 fnt
|faint|p2b: Pelipper
|-damage|p1b: Absol|1/100|[from] item: Life Orb
|
|-weather|RainDance|[upkeep]
|upkeep
|
|t:|1785763988
|switch|p2b: Gardevoir|Gardevoir-Mega, L50, M|100/100
|turn|4
|
|t:|1785764003
|move|p1b: Absol|Sucker Punch|p2a: Grimmsnarl
|-resisted|p2a: Grimmsnarl|2
|-damage|p2a: Grimmsnarl|2/100
|-damage|p1b: Absol|0 fnt|[from] item: Life Orb
|faint|p1b: Absol
|move|p1a: Farigiraf|Hyper Voice|p2b: Gardevoir|[spread] p2a,p2b
|-damage|p2a: Grimmsnarl|0 fnt
|-damage|p2b: Gardevoir|85/100
|faint|p2a: Grimmsnarl
|move|p2b: Gardevoir|Hyper Voice|p1a: Farigiraf
|-damage|p1a: Farigiraf|9/100
|
|-weather|RainDance|[upkeep]
|upkeep
|
|t:|1785764017
|switch|p2a: Archaludon|Archaludon, L50, M|100/100
|switch|p1b: Blastoise|Blastoise, L50, M, shiny|100/100
|turn|5
|
|t:|1785764028
|detailschange|p1b: Blastoise|Blastoise-Mega, L50, M, shiny
|-mega|p1b: Blastoise|Blastoise|Blastoisinite
|move|p2a: Archaludon|Protect|p2a: Archaludon
|-singleturn|p2a: Archaludon|Protect
|move|p2b: Gardevoir|Protect|p2b: Gardevoir
|-singleturn|p2b: Gardevoir|Protect
|move|p1a: Farigiraf|Psychic Fangs|p2b: Gardevoir
|-activate|p2b: Gardevoir|move: Protect
|move|p1b: Blastoise|Aura Sphere|p2a: Archaludon
|-activate|p2a: Archaludon|move: Protect
|
|-weather|RainDance|[upkeep]
|-fieldend|move: Trick Room
|upkeep
|turn|6
|
|t:|1785764045
|move|p2b: Gardevoir|Hyper Voice|p1b: Blastoise|[spread] p1a,p1b
|-damage|p1a: Farigiraf|0 fnt
|-damage|p1b: Blastoise|54/100
|faint|p1a: Farigiraf
|move|p2a: Archaludon|Electro Shot||[still]
|-prepare|p2a: Archaludon|Electro Shot
|-boost|p2a: Archaludon|spa|1
|-anim|p2a: Archaludon|Electro Shot|p1b: Blastoise
|-supereffective|p1b: Blastoise|1
|-crit|p1b: Blastoise
|-damage|p1b: Blastoise|0 fnt
|faint|p1b: Blastoise
|
|-weather|RainDance|[upkeep]
|upkeep
|
|t:|1785764056
|switch|p1b: Vanilluxe|Vanilluxe, L50, M|100/100
|-weather|Snowscape|[from] ability: Snow Warning|[of] p1b: Vanilluxe
|turn|7
|
|t:|1785764063
|move|p2b: Gardevoir|Psychic|p1b: Vanilluxe
|-damage|p1b: Vanilluxe|40/100
|move|p2a: Archaludon|Flash Cannon|p1b: Vanilluxe
|-supereffective|p1b: Vanilluxe|1
|-damage|p1b: Vanilluxe|0 fnt
|faint|p1b: Vanilluxe
|
|win|predatorssg
|raw|axolotlwooper's rating: 1164 → 1143(-21 for losing)
|raw|predatorssg's rating: 1218 → 1239(+21 for winning)
