|j|☆raksbach
|j|☆Alexmisy
|html|raksbachAlexmisy    
|uhtml|bestof|Game 1 of a best-of-3
|t:|1782310489
|gametype|doubles
|player|p1|raksbach|265|1165
|player|p2|Alexmisy|102|1240
|gen|9
|tier|[Gen 9 Champions] VGC 2026 Reg M-B (Bo3)
|rated|
|rule|Species Clause: Limit one of each Pokémon
|rule|Item Clause: Limit 1 of each item
|clearpoke
|poke|p1|Incineroar, L50, M|
|poke|p1|Charizard, L50, F|
|poke|p1|Venusaur, L50, F|
|poke|p1|Garchomp, L50, M|
|poke|p1|Sylveon, L50, F|
|poke|p1|Aerodactyl, L50, F|
|poke|p2|Scovillain, L50, F|
|poke|p2|Garchomp, L50, F|
|poke|p2|Corviknight, L50, M, shiny|
|poke|p2|Tyranitar, L50, M, shiny|
|poke|p2|Annihilape, L50, F|
|poke|p2|Rotom-Wash, L50|
|teampreview|4
|showteam|p1|Incineroar||SitrusBerry|Intimidate|FakeOut,FlareBlitz,ThroatChop,PartingShot|Careful||M|||50|]Charizard||CharizarditeY|Blaze|HeatWave,WeatherBall,SolarBeam,Protect|Modest||F|||50|]Venusaur||FocusSash|Chlorophyll|LeafStorm,SludgeBomb,SleepPowder,Protect|Modest||F|||50|]Garchomp||LifeOrb|RoughSkin|Earthquake,DragonClaw,RockSlide,Protect|Jolly||M|||50|]Sylveon||FairyFeather|Pixilate|HyperVoice,HyperBeam,QuickAttack,Protect|Modest||F|||50|]Aerodactyl||Aerodactylite|Unnerve|RockSlide,DualWingbeat,Tailwind,Protect|Jolly||F|||50|
|showteam|p2|Scovillain||Scovillainite|Moody|Protect,RagePowder,LeechSeed,Overheat|Bold||F|||50|]Garchomp||LifeOrb|RoughSkin|Protect,DragonClaw,Earthquake,RockSlide|Adamant||F|||50|]Corviknight||Leftovers|MirrorArmor|Tailwind,BulkUp,BraveBird,Roost|Adamant||M|||50|]Tyranitar||Tyranitarite|SandStream|Protect,KnockOff,LowKick,RockSlide|Adamant||M|||50|]Annihilape||SitrusBerry|Defiant|Protect,RageFist,DrainPunch,BulkUp|Jolly||F|||50|]Rotom-Wash||ChoiceScarf|Levitate|HydroPump,WillOWisp,EerieImpulse,VoltSwitch|Modest|||||50|
|inactive|Battle timer is ON: inactive players will automatically lose when time's up. (requested by raksbach)
|inactive|Alexmisy has 60 seconds left.
|
|t:|1782310548
|teamsize|p1|4
|teamsize|p2|4
|start
|switch|p1a: Charizard|Charizard, L50, F|100/100
|switch|p1b: Venusaur|Venusaur, L50, F|100/100
|switch|p2a: Tyranitar|Tyranitar, L50, M, shiny|100/100
|switch|p2b: Corviknight|Corviknight, L50, M, shiny|100/100
|-weather|Sandstorm|[from] ability: Sand Stream|[of] p2a: Tyranitar
|turn|1
|
|t:|1782310569
|detailschange|p2a: Tyranitar|Tyranitar-Mega, L50, M, shiny
|-mega|p2a: Tyranitar|Tyranitar|Tyranitarite
|move|p1a: Charizard|Protect|p1a: Charizard
|-singleturn|p1a: Charizard|Protect
|move|p1b: Venusaur|Leaf Storm|p2a: Tyranitar
|-supereffective|p2a: Tyranitar|1
|-damage|p2a: Tyranitar|43/100
|-unboost|p1b: Venusaur|spa|2
|move|p2a: Tyranitar|Rock Slide|p1b: Venusaur|[spread] p1b
|-activate|p1a: Charizard|move: Protect
|-damage|p1b: Venusaur|51/100
|move|p2b: Corviknight|Tailwind|p2b: Corviknight
|-sidestart|p2: Alexmisy|move: Tailwind
|
|-weather|Sandstorm|[upkeep]
|-damage|p1a: Charizard|94/100|[from] Sandstorm
|-damage|p1b: Venusaur|45/100|[from] Sandstorm
|upkeep
|turn|2
|inactive|raksbach has 30 seconds left.
|
|t:|1782310597
|switch|p1a: Garchomp|Garchomp, L50, M|100/100
|move|p2a: Tyranitar|Protect|p2a: Tyranitar
|-singleturn|p2a: Tyranitar|Protect
|move|p2b: Corviknight|Brave Bird|p1b: Venusaur
|-supereffective|p1b: Venusaur|1
|-damage|p1b: Venusaur|0 fnt
|faint|p1b: Venusaur
|-damage|p2b: Corviknight|88/100|[from] Recoil
|
|-weather|Sandstorm|[upkeep]
|-heal|p2b: Corviknight|94/100|[from] item: Leftovers
|upkeep
|
|t:|1782310603
|switch|p1b: Charizard|Charizard, L50, F|94/100
|turn|3
|
|t:|1782310620
|switch|p2a: Garchomp|Garchomp, L50, F|100/100
|detailschange|p1b: Charizard|Charizard-Mega-Y, L50, F
|-mega|p1b: Charizard|Charizard|Charizardite Y
|-weather|SunnyDay|[from] ability: Drought|[of] p1b: Charizard
|move|p1b: Charizard|Protect|p1b: Charizard
|-singleturn|p1b: Charizard|Protect
|move|p2b: Corviknight|Bulk Up|p2b: Corviknight
|-boost|p2b: Corviknight|atk|1
|-boost|p2b: Corviknight|def|1
|move|p1a: Garchomp|Earthquake|p2a: Garchomp|[spread] p2a
|-activate|p1b: Charizard|move: Protect
|-immune|p2b: Corviknight
|-damage|p2a: Garchomp|48/100
|-damage|p1a: Garchomp|90/100|[from] item: Life Orb
|
|-weather|SunnyDay|[upkeep]
|-heal|p2b: Corviknight|100/100|[from] item: Leftovers
|upkeep
|turn|4
|
|t:|1782310639
|switch|p1b: Incineroar|Incineroar, L50, M|100/100
|-ability|p1b: Incineroar|Intimidate|boost
|-unboost|p2a: Garchomp|atk|1
|-ability|p2b: Corviknight|Mirror Armor
|-unboost|p1b: Incineroar|atk|1
|move|p1a: Garchomp|Protect|p1a: Garchomp
|-singleturn|p1a: Garchomp|Protect
|move|p2a: Garchomp|Rock Slide|p1a: Garchomp|[spread] p1b
|-activate|p1a: Garchomp|move: Protect
|-supereffective|p1b: Incineroar|1
|-damage|p1b: Incineroar|66/100
|-damage|p2a: Garchomp|38/100|[from] item: Life Orb
|move|p2b: Corviknight|Bulk Up|p2b: Corviknight
|-boost|p2b: Corviknight|atk|1
|-boost|p2b: Corviknight|def|1
|
|-weather|SunnyDay|[upkeep]
|-sideend|p2: Alexmisy|move: Tailwind
|upkeep
|turn|5
|
|t:|1782310660
|switch|p2a: Rotom|Rotom-Wash, L50|100/100
|move|p1b: Incineroar|Fake Out|p2b: Corviknight
|-resisted|p2b: Corviknight|1
|-damage|p2b: Corviknight|98/100
|move|p1a: Garchomp|Dragon Claw|p2a: Rotom
|-damage|p2a: Rotom|40/100
|-damage|p1a: Garchomp|80/100|[from] item: Life Orb
|cant|p2b: Corviknight|flinch
|
|-weather|SunnyDay|[upkeep]
|-heal|p2b: Corviknight|100/100|[from] item: Leftovers
|upkeep
|turn|6
|inactive|Alexmisy has 30 seconds left.
|inactive|Alexmisy has 20 seconds left.
|
|t:|1782310697
|switch|p1b: Charizard|Charizard-Mega-Y, L50, F|94/100
|move|p2a: Rotom|Volt Switch|p1b: Charizard
|-supereffective|p1b: Charizard|1
|-damage|p1b: Charizard|38/100
|
|t:|1782310702
|switch|p2a: Tyranitar|Tyranitar-Mega, L50, M, shiny|43/100|[from] Volt Switch
|-weather|Sandstorm|[from] ability: Sand Stream|[of] p2a: Tyranitar
|move|p1a: Garchomp|Dragon Claw|p2a: Tyranitar
|-damage|p2a: Tyranitar|11/100
|-damage|p1a: Garchomp|70/100|[from] item: Life Orb
|move|p2b: Corviknight|Tailwind|p2b: Corviknight
|-sidestart|p2: Alexmisy|move: Tailwind
|
|-weather|Sandstorm|[upkeep]
|-damage|p1b: Charizard|32/100|[from] Sandstorm
|upkeep
|turn|7
|
|t:|1782310716
|switch|p1b: Incineroar|Incineroar, L50, M|66/100
|-ability|p1b: Incineroar|Intimidate|boost
|-unboost|p2a: Tyranitar|atk|1
|-ability|p2b: Corviknight|Mirror Armor
|-unboost|p1b: Incineroar|atk|1
|move|p2a: Tyranitar|Knock Off|p1b: Incineroar
|-resisted|p1b: Incineroar|1
|-damage|p1b: Incineroar|48/100
|-enditem|p1b: Incineroar|Sitrus Berry|[from] move: Knock Off|[of] p2a: Tyranitar
|move|p2b: Corviknight|Brave Bird|p1a: Garchomp
|-damage|p1a: Garchomp|0 fnt
|-damage|p2b: Corviknight|87/100|[from] ability: Rough Skin|[of] p1a: Garchomp
|faint|p1a: Garchomp
|-damage|p2b: Corviknight|66/100|[from] Recoil
|
|-weather|Sandstorm|[upkeep]
|-damage|p1b: Incineroar|42/100|[from] Sandstorm
|-heal|p2b: Corviknight|72/100|[from] item: Leftovers
|upkeep
|
|t:|1782310727
|switch|p1a: Charizard|Charizard-Mega-Y, L50, F|32/100
|-weather|SunnyDay|[from] ability: Drought|[of] p1a: Charizard
|turn|8
|
|t:|1782310740
|move|p2a: Tyranitar|Rock Slide|p1a: Charizard|[spread] p1a,p1b
|-supereffective|p1a: Charizard|2
|-supereffective|p1b: Incineroar|1
|-damage|p1a: Charizard|0 fnt
|-damage|p1b: Incineroar|0 fnt
|faint|p1a: Charizard
|faint|p1b: Incineroar
|
|win|Alexmisy
