|j|☆itssobeak
|j|☆closerthebestop
|html|itssobeakcloserthebestop    
|uhtml|bestof|Game 1 of a best-of-3
|t:|1784699047
|gametype|doubles
|player|p1|itssobeak|birdkeeper|1314
|player|p2|closerthebestop|waiter-gen4dp|1390
|gen|9
|tier|[Gen 9 Champions] VGC 2026 Reg M-B (Bo3)
|rated|
|rule|Species Clause: Limit one of each Pokémon
|rule|Item Clause: Limit 1 of each item
|clearpoke
|poke|p1|Staraptor, L50, F|
|poke|p1|Weavile, L50, F|
|poke|p1|Whimsicott, L50, M|
|poke|p1|Glimmora, L50, M|
|poke|p1|Kingambit, L50, F|
|poke|p1|Sinistcha, L50|
|poke|p2|Charizard, L50, F|
|poke|p2|Floette-Eternal, L50, F|
|poke|p2|Basculegion, L50, M|
|poke|p2|Whimsicott, L50, F|
|poke|p2|Garchomp, L50, M|
|poke|p2|Kingambit, L50, F|
|teampreview|4
|showteam|p1|Staraptor||Staraptite|Intimidate|BraveBird,CloseCombat,Uturn,Protect|Jolly||F|||50|]Weavile||WideLens|Pressure|KnockOff,TripleAxel,Taunt,FakeOut|Jolly||F|||50|]Whimsicott||FocusSash|Prankster|Moonblast,Tailwind,Encore,Tickle|Timid||M|||50|]Glimmora||Glimmoranite|ToxicDebris|PowerGem,SludgeBomb,EarthPower,SpikyShield|Timid||M|||50|]Kingambit||BlackGlasses|Defiant|KowtowCleave,SuckerPunch,SwordsDance,Protect|Adamant||F|||50|]Sinistcha||CobaBerry|Hospitality|MatchaGotcha,RagePowder,LifeDew,Protect|Bold|||||50|
|showteam|p2|Charizard||CharizarditeY|Blaze|HeatWave,SolarBeam,Protect,WeatherBall|Modest||F|||50|]Floette-Eternal||Floettite|FlowerVeil|Moonblast,DazzlingGleam,Protect,LightofRuin|Timid||F|||50|]Basculegion||LifeOrb|Adaptability|WaveCrash,AquaJet,Protect,LastRespects|Adamant||M|||50|]Whimsicott||FocusSash|Prankster|Moonblast,Tailwind,Protect,Encore|Timid||F|||50|]Garchomp||RoseliBerry|RoughSkin|RockTomb,DragonClaw,Protect,Earthquake|Adamant||M|||50|]Kingambit||ChopleBerry|Defiant|KowtowCleave,IronHead,SuckerPunch,LowKick|Adamant||F|||50|
|inactive|Battle timer is ON: inactive players will automatically lose when time's up. (requested by closerthebestop)
|inactive|itssobeak has 60 seconds left.
|inactive|closerthebestop has 60 seconds left.
|
|t:|1784699083
|teamsize|p1|4
|teamsize|p2|4
|start
|switch|p1a: Weavile|Weavile, L50, F|100/100
|switch|p1b: Whimsicott|Whimsicott, L50, M|100/100
|switch|p2a: Whimsicott|Whimsicott, L50, F|100/100
|switch|p2b: Basculegion|Basculegion, L50, M|100/100
|-ability|p1a: Weavile|Pressure
|turn|1
|
|t:|1784699100
|move|p1b: Whimsicott|Tailwind|p1b: Whimsicott
|-sidestart|p1: itssobeak|move: Tailwind
|move|p1a: Weavile|Knock Off|p2b: Basculegion
|-supereffective|p2b: Basculegion|1
|-damage|p2b: Basculegion|0 fnt
|-enditem|p2b: Basculegion|Life Orb|[from] move: Knock Off|[of] p1a: Weavile
|faint|p2b: Basculegion
|move|p2a: Whimsicott|Moonblast|p1a: Weavile
|-supereffective|p1a: Weavile|1
|-damage|p1a: Weavile|0 fnt
|faint|p1a: Weavile
|
|upkeep
|
|t:|1784699117
|switch|p1a: Glimmora|Glimmora, L50, M|100/100
|switch|p2b: Floette|Floette-Eternal, L50, F|100/100
|turn|2
|inactive|itssobeak has 30 seconds left.
|
|t:|1784699147
|switch|p2a: Kingambit|Kingambit, L50, F|100/100
|detailschange|p1a: Glimmora|Glimmora-Mega, L50, M
|-mega|p1a: Glimmora|Glimmora|Glimmoranite
|move|p2b: Floette|Protect|p2b: Floette
|-singleturn|p2b: Floette|Protect
|move|p1b: Whimsicott|Encore|p2a: Kingambit
|-hint|Since gen 7, Dark is immune to Prankster moves.
|-immune|p2a: Kingambit
|move|p1a: Glimmora|Sludge Bomb|p2b: Floette
|-activate|p2b: Floette|move: Protect
|
|upkeep
|turn|3
|inactive|closerthebestop has 30 seconds left.
|
|t:|1784699182
|detailschange|p2b: Floette|Floette-Mega, L50, F
|-mega|p2b: Floette|Floette|Floettite
|-ability|p2b: Floette|Fairy Aura
|move|p2a: Kingambit|Sucker Punch|p1a: Glimmora
|-damage|p1a: Glimmora|53/100
|move|p1b: Whimsicott|Moonblast|p2a: Kingambit
|-damage|p2a: Kingambit|45/100
|move|p1a: Glimmora|Earth Power|p2a: Kingambit
|-supereffective|p2a: Kingambit|1
|-damage|p2a: Kingambit|0 fnt
|faint|p2a: Kingambit
|move|p2b: Floette|Moonblast|p1a: Glimmora
|-resisted|p1a: Glimmora|1
|-damage|p1a: Glimmora|11/100
|
|upkeep
|
|t:|1784699192
|switch|p2a: Whimsicott|Whimsicott, L50, F|100/100
|turn|4
|inactive|itssobeak has 30 seconds left.
|inactive|itssobeak has 20 seconds left.
|
|t:|1784699230
|move|p2a: Whimsicott|Tailwind|p2a: Whimsicott
|-sidestart|p2: closerthebestop|move: Tailwind
|move|p1b: Whimsicott|Moonblast|p2b: Floette
|-damage|p2b: Floette|62/100
|move|p2b: Floette|Dazzling Gleam|p1a: Glimmora|[spread] p1a,p1b
|-resisted|p1a: Glimmora|1
|-crit|p1b: Whimsicott
|-damage|p1a: Glimmora|0 fnt
|-enditem|p1b: Whimsicott|Focus Sash
|-damage|p1b: Whimsicott|1/100
|faint|p1a: Glimmora
|
|-sideend|p1: itssobeak|move: Tailwind
|upkeep
|
|t:|1784699235
|switch|p1a: Staraptor|Staraptor, L50, F|100/100
|-ability|p1a: Staraptor|Intimidate|boost
|-unboost|p2a: Whimsicott|atk|1
|-unboost|p2b: Floette|atk|1
|turn|5
|
|t:|1784699257
|move|p2a: Whimsicott|Encore|p1b: Whimsicott
|-start|p1b: Whimsicott|Encore
|move|p2b: Floette|Dazzling Gleam|p1a: Staraptor|[spread] p1a,p1b
|-crit|p1b: Whimsicott
|-damage|p1a: Staraptor|31/100
|-damage|p1b: Whimsicott|0 fnt
|faint|p1b: Whimsicott
|move|p1a: Staraptor|Brave Bird|p2b: Floette
|-damage|p2b: Floette|0 fnt
|faint|p2b: Floette
|-damage|p1a: Staraptor|14/100|[from] Recoil
|
|upkeep
|turn|6
|
|t:|1784699267
|move|p2a: Whimsicott|Moonblast|p1a: Staraptor
|-damage|p1a: Staraptor|0 fnt
|faint|p1a: Staraptor
|
|win|closerthebestop
