|j|☆lolgz
|j|☆Jamstiffer
|html|lolgzJamstiffer    
|uhtml|bestof|Game 2 of a best-of-3
|t:|1784371964
|gametype|doubles
|player|p1|lolgz|dawn|1088
|player|p2|Jamstiffer|aaron|1054
|gen|9
|tier|[Gen 9 Champions] VGC 2026 Reg M-B (Bo3)
|rated|
|rule|Species Clause: Limit one of each Pokémon
|rule|Item Clause: Limit 1 of each item
|clearpoke
|poke|p1|Blastoise, L50, F|
|poke|p1|Vivillon, L50, M|
|poke|p1|Farigiraf, L50, F|
|poke|p1|Gallade, L50, M|
|poke|p1|Mawile, L50, F|
|poke|p1|Torkoal, L50, M|
|poke|p2|Charizard, L50, M|
|poke|p2|Venusaur, L50, F|
|poke|p2|Ninetales-Alola, L50, M|
|poke|p2|Basculegion, L50, M|
|poke|p2|Kingambit, L50, M|
|poke|p2|Dragonite, L50, M|
|teampreview|4
|showteam|p1|Blastoise||Blastoisinite|Torrent|WaterSpout,DarkPulse,FakeOut,ShellSmash|Modest||F|||50|]Vivillon||ChoiceScarf|CompoundEyes|SleepPowder,RagePowder,Tailwind,Hurricane|Timid||M|||50|]Farigiraf||SitrusBerry|ArmorTail|TrickRoom,Psychic,HelpingHand,Protect|Relaxed||F|||50|]Gallade||IronBall|Sharpness|SacredSword,PsychoCut,LeafBlade,TrickRoom|Brave||M|||50|]Mawile||Mawilite|HyperCutter|SuckerPunch,PlayRough,RockSlide,Protect|Brave||F|||50|]Torkoal||Charcoal|Drought|WeatherBall,Eruption,EarthPower,Protect|Quiet||M|||50|
|showteam|p2|Charizard||CharizarditeX|Blaze|DragonDance,FlareBlitz,DragonClaw,Protect|Adamant||M|||50|]Venusaur||Venusaurite|Overgrow|GigaDrain,SludgeBomb,EarthPower,Protect|Modest||F|||50|]Ninetales-Alola||LightClay|SnowWarning|Blizzard,FreezeDry,AuroraVeil,Protect|Timid||M|||50|]Basculegion||SitrusBerry|Adaptability|WaveCrash,LastRespects,AquaJet,Protect|Adamant||M|||50|]Kingambit||ChopleBerry|Defiant|KowtowCleave,SuckerPunch,IronHead,Protect|Adamant||M|||50|]Dragonite||DragonFang|InnerFocus|DragonClaw,ExtremeSpeed,LowKick,Protect|Adamant||M|||50|
|inactive|Battle timer is ON: inactive players will automatically lose when time's up. (requested by lolgz)
|inactive|Jamstiffer also wants the timer to be on.
|
|t:|1784371992
|teamsize|p1|4
|teamsize|p2|4
|start
|switch|p1a: Farigiraf|Farigiraf, L50, F|100/100
|switch|p1b: Gallade|Gallade, L50, M|100/100
|switch|p2a: Venusaur|Venusaur, L50, F|100/100
|switch|p2b: Kingambit|Kingambit, L50, M|100/100
|turn|1
|
|t:|1784371999
|detailschange|p2a: Venusaur|Venusaur-Mega, L50, F
|-mega|p2a: Venusaur|Venusaur|Venusaurite
|move|p2a: Venusaur|Sludge Bomb|p1b: Gallade
|-damage|p1b: Gallade|63/100
|move|p2b: Kingambit|Kowtow Cleave|p1b: Gallade
|-damage|p1b: Gallade|0 fnt
|faint|p1b: Gallade
|move|p1a: Farigiraf|Trick Room|p1a: Farigiraf
|-fieldstart|move: Trick Room|[of] p1a: Farigiraf
|
|upkeep
|
|t:|1784372003
|switch|p1b: Torkoal|Torkoal, L50, M|100/100
|-weather|SunnyDay|[from] ability: Drought|[of] p1b: Torkoal
|turn|2
|
|t:|1784372012
|move|p1a: Farigiraf|Helping Hand|p1b: Torkoal
|-singleturn|p1b: Torkoal|Helping Hand|[of] p1a: Farigiraf
|move|p2b: Kingambit|Protect|p2b: Kingambit
|-singleturn|p2b: Kingambit|Protect
|move|p1b: Torkoal|Eruption|p2b: Kingambit|[spread] p2a
|-activate|p2b: Kingambit|move: Protect
|-supereffective|p2a: Venusaur|1
|-damage|p2a: Venusaur|1/100
|move|p2a: Venusaur|Earth Power|p1b: Torkoal
|-supereffective|p1b: Torkoal|1
|-damage|p1b: Torkoal|27/100
|
|-weather|SunnyDay|[upkeep]
|upkeep
|turn|3
|
|t:|1784372025
|switch|p2b: Ninetales|Ninetales-Alola, L50, M|100/100
|-weather|Snowscape|[from] ability: Snow Warning|[of] p2b: Ninetales
|move|p1b: Torkoal|Weather Ball|p2b: Ninetales
|-resisted|p2b: Ninetales|1
|-damage|p2b: Ninetales|83/100
|move|p1a: Farigiraf|Psychic|p2a: Venusaur
|-supereffective|p2a: Venusaur|1
|-damage|p2a: Venusaur|0 fnt
|faint|p2a: Venusaur
|
|-weather|Snowscape|[upkeep]
|upkeep
|
|t:|1784372034
|switch|p2a: Kingambit|Kingambit, L50, M|100/100
|turn|4
|
|t:|1784372040
|move|p1a: Farigiraf|Helping Hand|p1b: Torkoal
|-singleturn|p1b: Torkoal|Helping Hand|[of] p1a: Farigiraf
|move|p1b: Torkoal|Eruption|p2a: Kingambit|[spread] p2a,p2b
|-supereffective|p2a: Kingambit|1
|-supereffective|p2b: Ninetales|1
|-damage|p2a: Kingambit|50/100g
|-damage|p2b: Ninetales|30/100
|move|p2a: Kingambit|Kowtow Cleave|p1a: Farigiraf
|-supereffective|p1a: Farigiraf|1
|-damage|p1a: Farigiraf|25/100
|-enditem|p1a: Farigiraf|Sitrus Berry|[eat]
|-heal|p1a: Farigiraf|50/100g|[from] item: Sitrus Berry
|move|p2b: Ninetales|Blizzard|p1b: Torkoal|[spread] p1a,p1b
|-resisted|p1b: Torkoal|1
|-damage|p1a: Farigiraf|22/100
|-damage|p1b: Torkoal|9/100
|
|-weather|Snowscape|[upkeep]
|upkeep
|turn|5
|
|t:|1784372060
|move|p1b: Torkoal|Earth Power|p2a: Kingambit
|-supereffective|p2a: Kingambit|1
|-damage|p2a: Kingambit|3/100
|-unboost|p2a: Kingambit|spd|1
|-ability|p2a: Kingambit|Defiant|boost
|-boost|p2a: Kingambit|atk|2
|move|p2a: Kingambit|Kowtow Cleave|p1b: Torkoal
|-damage|p1b: Torkoal|0 fnt
|faint|p1b: Torkoal
|move|p1a: Farigiraf|Psychic|p2b: Ninetales
|-damage|p2b: Ninetales|0 fnt
|faint|p2b: Ninetales
|
|-weather|Snowscape|[upkeep]
|-fieldend|move: Trick Room
|upkeep
|
|t:|1784372064
|switch|p2b: Basculegion|Basculegion, L50, M|100/100
|switch|p1b: Mawile|Mawile, L50, F|100/100
|turn|6
|
|t:|1784372073
|detailschange|p1b: Mawile|Mawile-Mega, L50, F
|-mega|p1b: Mawile|Mawile|Mawilite
|move|p1a: Farigiraf|Protect|p1a: Farigiraf
|-singleturn|p1a: Farigiraf|Protect
|move|p1b: Mawile|Sucker Punch|p2b: Basculegion
|-supereffective|p2b: Basculegion|1
|-damage|p2b: Basculegion|0 fnt
|faint|p2b: Basculegion
|move|p2a: Kingambit|Kowtow Cleave|p1a: Farigiraf
|-activate|p1a: Farigiraf|move: Protect
|
|-weather|Snowscape|[upkeep]
|upkeep
|turn|7
|
|t:|1784372093
|move|p1b: Mawile|Sucker Punch|p2a: Kingambit
|-resisted|p2a: Kingambit|1
|-damage|p2a: Kingambit|0 fnt
|faint|p2a: Kingambit
|
|win|lolgz
|raw|lolgz's rating: 1088 → 1112(+24 for winning)
|raw|Jamstiffer's rating: 1054 → 1038(-16 for losing)
