|j|☆CEO of Crawdaunt
|j|☆Cristante terabug
|html|CEO of CrawdauntCristante terabug    
|uhtml|bestof|Game 3 of a best-of-3
|t:|1756135594
|gametype|doubles
|player|p1|CEO of Crawdaunt|parasollady|1272
|player|p2|Cristante terabug|kieran-champion|1290
|gen|9
|tier|[Gen 9] VGC 2025 Reg H (Bo3)
|rated|
|rule|Species Clause: Limit one of each Pokémon
|rule|Item Clause: Limit 1 of each item
|clearpoke
|poke|p1|Hydreigon, L50, F|
|poke|p1|Garchomp, L50, F|
|poke|p1|Gholdengo, L50|
|poke|p1|Talonflame, L50, M|
|poke|p1|Amoonguss, L50, M|
|poke|p1|Sneasler, L50, M|
|poke|p2|Sneasler, L50, M|
|poke|p2|Volcarona, L50, M|
|poke|p2|Rillaboom, L50, F|
|poke|p2|Kommo-o, L50, M|
|poke|p2|Kingambit, L50, M|
|poke|p2|Basculegion, L50, M|
|teampreview|4
|showteam|p1|Hydreigon||ChoiceSpecs|Levitate|DracoMeteor,DarkPulse,Snarl,Flamethrower|||F|||50|,,,,,Ghost]Garchomp||LifeOrb|RoughSkin|Earthquake,DragonClaw,StompingTantrum,Protect|||F|||50|,,,,,Ground]Gholdengo||MetalCoat|GoodasGold|MakeItRain,ShadowBall,NastyPlot,Protect||||||50|,,,,,Steel]Talonflame||CovertCloak|GaleWings|DualWingbeat,FlareBlitz,Taunt,Tailwind|||M|||50|,,,,,Ground]Amoonguss||SitrusBerry|Regenerator|SludgeBomb,Spore,RagePowder,Protect|||M|||50|,,,,,Fairy]Sneasler||FocusSash|Unburden|CloseCombat,DireClaw,FakeOut,Protect|||M|||50|,,,,,Flying
|showteam|p2|Sneasler||GrassySeed|Unburden|CloseCombat,DireClaw,Coaching,Protect|||M|||50|,,,,,Stellar]Volcarona||CovertCloak|FlameBody|HeatWave,TeraBlast,QuiverDance,Protect|||M|||50|,,,,,Fairy]Rillaboom||AssaultVest|GrassySurge|FakeOut,GrassyGlide,DrumBeating,HighHorsepower|||F|||50|,,,,,Fire]Kommo-o||Leftovers|Overcoat|BodyPress,IronDefense,Flamethrower,Protect|||M|||50|,,,,,Fire]Kingambit||SafetyGoggles|Defiant|KowtowCleave,SuckerPunch,SwordsDance,Protect|||M|||50|,,,,,Dark]Basculegion||ChoiceScarf|Adaptability|WaveCrash,LastRespects,FlipTurn,TeraBlast|||M|||50|,,,,,Fighting
|inactive|Battle timer is ON: inactive players will automatically lose when time's up. (requested by Cristante terabug)
|
|t:|1756135641
|teamsize|p1|4
|teamsize|p2|4
|start
|switch|p1a: Garchomp|Garchomp, L50, F|100/100
|switch|p1b: Talonflame|Talonflame, L50, M|100/100
|switch|p2a: Basculegion|Basculegion, L50, M|100/100
|switch|p2b: Volcarona|Volcarona, L50, M|100/100
|turn|1
|
|t:|1756135663
|-terastallize|p1a: Garchomp|Ground
|-terastallize|p2b: Volcarona|Fairy
|move|p1b: Talonflame|Tailwind|p1b: Talonflame
|-sidestart|p1: CEO of Crawdaunt|move: Tailwind
|move|p1a: Garchomp|Earthquake|p2b: Volcarona|[spread] p2a,p2b
|-immune|p1b: Talonflame
|-damage|p2a: Basculegion|17/100
|-damage|p2b: Volcarona|27/100
|-damage|p1a: Garchomp|91/100|[from] item: Life Orb
|move|p2a: Basculegion|Flip Turn|p1b: Talonflame
|-supereffective|p1b: Talonflame
|-damage|p1b: Talonflame|0 fnt
|faint|p1b: Talonflame
|
|t:|1756135675
|switch|p2a: Rillaboom|Rillaboom, L50, F|100/100|[from] Flip Turn
|-fieldstart|move: Grassy Terrain|[from] ability: Grassy Surge|[of] p2a: Rillaboom
|move|p2b: Volcarona|Quiver Dance|p2b: Volcarona
|-boost|p2b: Volcarona|spa|1
|-boost|p2b: Volcarona|spd|1
|-boost|p2b: Volcarona|spe|1
|
|-heal|p1a: Garchomp|97/100|[from] Grassy Terrain
|-heal|p2b: Volcarona|33/100|[from] Grassy Terrain
|upkeep
|
|t:|1756135683
|switch|p1b: Gholdengo|Gholdengo, L50|100/100
|turn|2
|
|t:|1756135694
|move|p2b: Volcarona|Protect|p2b: Volcarona
|-singleturn|p2b: Volcarona|Protect
|move|p1a: Garchomp|Dragon Claw|p2a: Rillaboom
|-damage|p2a: Rillaboom|45/100
|-damage|p1a: Garchomp|87/100|[from] item: Life Orb
|move|p1b: Gholdengo|Make It Rain|p2b: Volcarona|[spread] p2a
|-activate|p2b: Volcarona|move: Protect
|-damage|p2a: Rillaboom|0 fnt
|-unboost|p1b: Gholdengo|spa|1
|faint|p2a: Rillaboom
|
|-heal|p1a: Garchomp|93/100|[from] Grassy Terrain
|-heal|p2b: Volcarona|38/100|[from] Grassy Terrain
|upkeep
|
|t:|1756135708
|switch|p2a: Kingambit|Kingambit, L50, M|100/100
|turn|3
|
|t:|1756135727
|switch|p1b: Hydreigon|Hydreigon, L50, F|100/100
|move|p2a: Kingambit|Sucker Punch||[still]
|-fail|p2a: Kingambit
|move|p1a: Garchomp|Stomping Tantrum|p2b: Volcarona
|-damage|p2b: Volcarona|0 fnt
|faint|p2b: Volcarona
|-damage|p1a: Garchomp|83/100|[from] item: Life Orb
|
|-heal|p1a: Garchomp|89/100|[from] Grassy Terrain
|upkeep
|
|t:|1756135735
|switch|p2b: Basculegion|Basculegion, L50, M|17/100
|turn|4
|
|t:|1756135749
|move|p1a: Garchomp|Dragon Claw|p2b: Basculegion
|-crit|p2b: Basculegion
|-damage|p2b: Basculegion|0 fnt
|faint|p2b: Basculegion
|-damage|p1a: Garchomp|79/100|[from] item: Life Orb
|move|p1b: Hydreigon|Flamethrower|p2a: Kingambit
|-supereffective|p2a: Kingambit
|-damage|p2a: Kingambit|8/100
|move|p2a: Kingambit|Swords Dance|p2a: Kingambit
|-boost|p2a: Kingambit|atk|2
|
|-heal|p1a: Garchomp|85/100|[from] Grassy Terrain
|-heal|p2a: Kingambit|14/100|[from] Grassy Terrain
|-sideend|p1: CEO of Crawdaunt|move: Tailwind
|upkeep
|turn|5
|-message|Cristante terabug forfeited.
|
|win|CEO of Crawdaunt
|raw|CEO of Crawdaunt's rating: 1272 → 1298(+26 for winning)
|raw|Cristante terabug's rating: 1290 → 1264(-26 for losing)
|l|☆Cristante terabug
|player|p2|
|j|☆Cristante terabug
|player|p2|Cristante terabug|kieran-champion|
