|j|☆glotis
|j|☆KChiefs7
|html|glotisKChiefs7    
|uhtml|bestof|Game 2 of a best-of-3
|t:|1757797307
|gametype|doubles
|player|p1|glotis|linebacker|1068
|player|p2|KChiefs7|265|1116
|gen|9
|tier|[Gen 9] VGC 2025 Reg H (Bo3)
|rated|
|rule|Species Clause: Limit one of each Pokémon
|rule|Item Clause: Limit 1 of each item
|clearpoke
|poke|p1|Chesnaught, L50, M|
|poke|p1|Blaziken, L50, F|
|poke|p1|Swampert, L50, M|
|poke|p1|Salamence, L50, M|
|poke|p1|Incineroar, L50, M|
|poke|p1|Breloom, L50, M|
|poke|p2|Ursaluna, L50, F|
|poke|p2|Gholdengo, L50|
|poke|p2|Amoonguss, L50, F|
|poke|p2|Porygon2, L50|
|poke|p2|Incineroar, L50, F|
|poke|p2|Flamigo, L50, M|
|teampreview|4
|showteam|p1|Chesnaught||Leftovers|Bulletproof|LeechSeed,KnockOff,Coaching,WideGuard|||M|||50|,,,,,Fire]Blaziken||FocusSash|SpeedBoost|BlazeKick,Coaching,Protect,CloseCombat|||F|||50|,,,,,Dark]Swampert||AssaultVest|Torrent|Waterfall,BodyPress,Earthquake,FlipTurn|||M|||50|,,,,,Water]Salamence||ClearAmulet|Intimidate|Protect,DragonClaw,DualWingbeat,Tailwind|||M|||50|,,,,,Steel]Incineroar||SafetyGoggles|Intimidate|FakeOut,KnockOff,PartingShot,FirePunch|||M|||50|,,,,,Bug]Breloom||SitrusBerry|Technician|BulletSeed,Spore,Protect,SwordsDance|||M|||50|,,,,,Dark
|showteam|p2|Ursaluna||FlameOrb|Guts|Facade,Earthquake,Substitute,Protect|||F|||50|,,,,,Ghost]Gholdengo||ChoiceScarf|GoodasGold|MakeItRain,ShadowBall,DazzlingGleam,FocusBlast||||||50|,,,,,Steel]Amoonguss||SitrusBerry|Regenerator|RagePowder,Spore,PollenPuff,Protect|||F|||50|,,,,,Fairy]Porygon2||Eviolite|Download|Thunderbolt,IceBeam,Recover,TrickRoom||||||50|,,,,,Flying]Incineroar||AssaultVest|Intimidate|FlareBlitz,KnockOff,FakeOut,Uturn|||F|||50|,,,,,Grass]Flamigo||FocusSash|Scrappy|CloseCombat,BraveBird,WideGuard,Detect|||M|||50|,,,,,Stellar
|inactive|Battle timer is ON: inactive players will automatically lose when time's up. (requested by KChiefs7)
|inactive|glotis also wants the timer to be on.
|
|t:|1757797320
|teamsize|p1|4
|teamsize|p2|4
|start
|switch|p1a: Incineroar|Incineroar, L50, M|100/100
|switch|p1b: Blaziken|Blaziken, L50, F|100/100
|switch|p2a: Gholdengo|Gholdengo, L50|100/100
|switch|p2b: Incineroar|Incineroar, L50, F, shiny|100/100
|-ability|p2b: Incineroar|Intimidate|boost
|-unboost|p1a: Incineroar|atk|1
|-unboost|p1b: Blaziken|atk|1
|-ability|p1a: Incineroar|Intimidate|boost
|-unboost|p2a: Gholdengo|atk|1
|-unboost|p2b: Incineroar|atk|1
|turn|1
|
|t:|1757797338
|move|p1b: Blaziken|Protect|p1b: Blaziken
|-singleturn|p1b: Blaziken|Protect
|move|p2b: Incineroar|Fake Out|p1b: Blaziken
|-activate|p1b: Blaziken|move: Protect
|move|p2a: Gholdengo|Focus Blast|p1b: Blaziken
|-activate|p1b: Blaziken|move: Protect
|move|p1a: Incineroar|Parting Shot|p2a: Gholdengo
|-immune|p2a: Gholdengo|[from] ability: Good as Gold
|
|-ability|p1b: Blaziken|Speed Boost|boost
|-boost|p1b: Blaziken|spe|1
|upkeep
|turn|2
|
|t:|1757797365
|switch|p1b: Salamence|Salamence, L50, M|100/100
|-ability|p1b: Salamence|Intimidate|boost
|-unboost|p2a: Gholdengo|atk|1
|-unboost|p2b: Incineroar|atk|1
|move|p2a: Gholdengo|Focus Blast|p1b: Salamence
|-resisted|p1b: Salamence
|-damage|p1b: Salamence|80/100
|move|p2b: Incineroar|Flare Blitz|p1b: Salamence
|-resisted|p1b: Salamence
|-damage|p1b: Salamence|67/100
|-damage|p2b: Incineroar|96/100|[from] Recoil
|move|p1a: Incineroar|Knock Off|p2a: Gholdengo
|-supereffective|p2a: Gholdengo
|-damage|p2a: Gholdengo|54/100
|-enditem|p2a: Gholdengo|Choice Scarf|[from] move: Knock Off|[of] p1a: Incineroar
|
|upkeep
|turn|3
|inactive|KChiefs7 has 30 seconds left.
|inactive|glotis has 30 seconds left.
|inactive|KChiefs7 has 20 seconds left.
|
|t:|1757797404
|switch|p2a: Ursaluna|Ursaluna, L50, F|100/100
|switch|p2b: Porygon2|Porygon2, L50|100/100
|-ability|p2b: Porygon2|Download|boost
|-boost|p2b: Porygon2|atk|1
|move|p1b: Salamence|Dragon Claw|p2b: Porygon2
|-crit|p2b: Porygon2
|-damage|p2b: Porygon2|65/100
|move|p1a: Incineroar|Parting Shot|p2b: Porygon2
|-unboost|p2b: Porygon2|atk|1
|-unboost|p2b: Porygon2|spa|1
|
|t:|1757797418
|switch|p1a: Chesnaught|Chesnaught, L50, M|100/100|[from] Parting Shot
|
|-status|p2a: Ursaluna|brn|[from] item: Flame Orb
|upkeep
|turn|4
|
|t:|1757797440
|switch|p1b: Incineroar|Incineroar, L50, M|100/100
|-ability|p1b: Incineroar|Intimidate|boost
|-unboost|p2a: Ursaluna|atk|1
|-unboost|p2b: Porygon2|atk|1
|move|p1a: Chesnaught|Leech Seed|p2b: Porygon2
|-start|p2b: Porygon2|move: Leech Seed
|move|p2a: Ursaluna|Earthquake|p1b: Incineroar|[spread] p2b,p1a,p1b
|-resisted|p1a: Chesnaught
|-supereffective|p1b: Incineroar
|-damage|p2b: Porygon2|32/100
|-damage|p1a: Chesnaught|89/100
|-damage|p1b: Incineroar|31/100
|move|p2b: Porygon2|Trick Room|p2b: Porygon2
|-fieldstart|move: Trick Room|[of] p2b: Porygon2
|
|-heal|p1a: Chesnaught|95/100|[from] item: Leftovers
|-damage|p2b: Porygon2|19/100|[from] Leech Seed|[of] p1a: Chesnaught
|-heal|p1a: Chesnaught|100/100|[silent]
|-damage|p2a: Ursaluna|95/100 brn|[from] brn
|upkeep
|turn|5
|inactive|glotis has 30 seconds left.
|inactive|KChiefs7 has 30 seconds left.
|
|t:|1757797469
|-terastallize|p2a: Ursaluna|Ghost
|move|p1b: Incineroar|Fake Out|p2b: Porygon2
|-damage|p2b: Porygon2|13/100
|move|p2a: Ursaluna|Facade|p1a: Chesnaught
|-damage|p1a: Chesnaught|50/100
|cant|p2b: Porygon2|flinch
|move|p1a: Chesnaught|Knock Off|p2a: Ursaluna
|-supereffective|p2a: Ursaluna
|-damage|p2a: Ursaluna|59/100 brn
|-enditem|p2a: Ursaluna|Flame Orb|[from] move: Knock Off|[of] p1a: Chesnaught
|
|-heal|p1a: Chesnaught|56/100|[from] item: Leftovers
|-damage|p2b: Porygon2|0 fnt|[from] Leech Seed|[of] p1a: Chesnaught
|-heal|p1a: Chesnaught|68/100|[silent]
|faint|p2b: Porygon2
|-damage|p2a: Ursaluna|53/100 brn|[from] brn
|upkeep
|
|t:|1757797482
|switch|p2b: Incineroar|Incineroar, L50, F, shiny|96/100
|-ability|p2b: Incineroar|Intimidate|boost
|-unboost|p1a: Chesnaught|atk|1
|-unboost|p1b: Incineroar|atk|1
|turn|6
|
|t:|1757797503
|switch|p1a: Salamence|Salamence, L50, M|67/100
|-ability|p1a: Salamence|Intimidate|boost
|-unboost|p2a: Ursaluna|atk|1
|-unboost|p2b: Incineroar|atk|1
|move|p2a: Ursaluna|Facade|p1b: Incineroar
|-damage|p1b: Incineroar|0 fnt
|faint|p1b: Incineroar
|move|p2b: Incineroar|Flare Blitz|p1a: Salamence
|-resisted|p1a: Salamence
|-damage|p1a: Salamence|49/100
|-damage|p2b: Incineroar|90/100|[from] Recoil
|
|-damage|p2a: Ursaluna|47/100 brn|[from] brn
|upkeep
|
|t:|1757797517
|switch|p1b: Chesnaught|Chesnaught, L50, M|68/100
|turn|7
|
|t:|1757797532
|switch|p2a: Gholdengo|Gholdengo, L50|54/100
|-terastallize|p1b: Chesnaught|Fire
|move|p2b: Incineroar|U-turn|p1b: Chesnaught
|-resisted|p1b: Chesnaught
|-damage|p1b: Chesnaught|64/100
|
|t:|1757797538
|switch|p2b: Ursaluna|Ursaluna, L50, F, tera:Ghost|47/100 brn|[from] U-turn
|move|p1b: Chesnaught|Leech Seed|p2b: Ursaluna
|-start|p2b: Ursaluna|move: Leech Seed
|move|p1a: Salamence|Dual Wingbeat|p2a: Gholdengo
|-resisted|p2a: Gholdengo
|-damage|p2a: Gholdengo|47/100
|-resisted|p2a: Gholdengo
|-damage|p2a: Gholdengo|40/100
|-hitcount|p2a: Gholdengo|2
|
|-heal|p1b: Chesnaught|70/100|[from] item: Leftovers
|-damage|p2b: Ursaluna|35/100 brn|[from] Leech Seed|[of] p1b: Chesnaught
|-heal|p1b: Chesnaught|84/100|[silent]
|-damage|p2b: Ursaluna|29/100 brn|[from] brn
|upkeep
|turn|8
|inactive|KChiefs7 has 30 seconds left.
|
|t:|1757797570
|move|p1b: Chesnaught|Wide Guard|p1b: Chesnaught
|-singleturn|p1b: Chesnaught|Wide Guard
|move|p2b: Ursaluna|Facade|p1b: Chesnaught
|-damage|p1b: Chesnaught|8/100
|move|p2a: Gholdengo|Shadow Ball|p1b: Chesnaught
|-immune|p1b: Chesnaught|[from] ability: Bulletproof
|move|p1a: Salamence|Tailwind|p1a: Salamence
|-sidestart|p1: glotis|move: Tailwind
|
|-heal|p1b: Chesnaught|14/100|[from] item: Leftovers
|-damage|p2b: Ursaluna|17/100 brn|[from] Leech Seed|[of] p1b: Chesnaught
|-heal|p1b: Chesnaught|28/100|[silent]
|-damage|p2b: Ursaluna|11/100 brn|[from] brn
|-fieldend|move: Trick Room
|upkeep
|turn|9
|inactive|glotis has 30 seconds left.
|inactive|KChiefs7 has 30 seconds left.
|inactive|glotis has 20 seconds left.
|inactive|KChiefs7 has 20 seconds left.
|inactive|glotis has 15 seconds left.
|l|☆glotis
|inactive|glotis disconnected and has a minute to reconnect!
|player|p1|
|inactive|glotis has 10 seconds left.
|inactive|glotis has 5 seconds left.
|-message|glotis lost due to inactivity.
|
|win|KChiefs7
|raw|glotis's rating: 1068 → 1051(-17 for losing)
|raw|KChiefs7's rating: 1116 → 1138(+22 for winning)
|j|☆glotis
|player|p1|glotis|linebacker|
