|j|☆Nolancarp27
|j|☆rycully
|html|Nolancarp27rycully    
|uhtml|bestof|Game 1 of a best-of-3
|t:|1783476136
|gametype|doubles
|player|p1|Nolancarp27|cyrus|1000
|player|p2|rycully|morty|1000
|gen|9
|tier|[Gen 9 Champions] VGC 2026 Reg M-B (Bo3)
|rated|
|rule|Species Clause: Limit one of each Pokémon
|rule|Item Clause: Limit 1 of each item
|clearpoke
|poke|p1|Floette-Eternal, L50, F|
|poke|p1|Charizard, L50, F, shiny|
|poke|p1|Kingambit, L50, F|
|poke|p1|Whimsicott, L50, M|
|poke|p1|Basculegion, L50, M|
|poke|p1|Garchomp, L50, F|
|poke|p2|Grimmsnarl, L50, M|
|poke|p2|Hydreigon, L50, F|
|poke|p2|Garchomp, L50, F|
|poke|p2|Metagross, L50|
|poke|p2|Charizard, L50, M|
|poke|p2|Toxapex, L50, M|
|teampreview|4
|showteam|p1|Floette-Eternal||Floettite|FlowerVeil|LightofRuin,Moonblast,DazzlingGleam,Protect|Timid||F|||50|]Charizard||CharizarditeY|Blaze|SolarBeam,HeatWave,WeatherBall,Protect|Modest||F|||50|]Kingambit||BlackGlasses|Defiant|IronHead,Protect,KowtowCleave,SuckerPunch|Adamant||F|||50|]Whimsicott||FocusSash|Prankster|Moonblast,Tailwind,Encore,Protect|Timid||M|||50|]Basculegion||MysticWater|Adaptability|WaveCrash,Protect,LastRespects,AquaJet|Adamant||M|||50|]Garchomp||LifeOrb|RoughSkin|Earthquake,RockSlide,Protect,DragonClaw|Jolly||F|||50|
|showteam|p2|Grimmsnarl||RoseliBerry|Prankster|FakeOut,FoulPlay,Reflect,PartingShot|Sassy||M|||50|]Hydreigon||ChoiceScarf|Levitate|DarkPulse,DracoMeteor,Snarl,HeatWave|Modest||F|||50|]Garchomp||SitrusBerry|RoughSkin|Earthquake,DragonClaw,RockSlide,Protect|Adamant||F|||50|]Metagross||Metagrossite|ClearBody|IronHead,BulletPunch,HammerArm,Protect|Adamant|||||50|]Charizard||CharizarditeY|Blaze|HeatWave,SolarBeam,WeatherBall,Protect|Timid||M|||50|]Toxapex||Leftovers|Regenerator|Infestation,Toxic,WideGuard,BanefulBunker|Impish||M|||50|
|inactive|Battle timer is ON: inactive players will automatically lose when time's up. (requested by Nolancarp27)
|c|☆rycully|glhf
|inactive|rycully has 60 seconds left.
|c|☆Nolancarp27|?
|inactive|rycully has 30 seconds left.
|inactive|rycully has 20 seconds left.
|inactive|rycully has 15 seconds left.
|
|t:|1783476232
|teamsize|p1|4
|teamsize|p2|4
|start
|switch|p1a: Garchomp|Garchomp, L50, F|100/100
|switch|p1b: Whimsicott|Whimsicott, L50, M|100/100
|switch|p2a: Grimmsnarl|Grimmsnarl, L50, M|100/100
|switch|p2b: Garchomp|Garchomp, L50, F|100/100
|turn|1
|c|☆rycully|it means good luck have fun haha
|
|t:|1783476253
|move|p2a: Grimmsnarl|Fake Out|p1b: Whimsicott
|-damage|p1b: Whimsicott|83/100
|cant|p1b: Whimsicott|flinch
|move|p1a: Garchomp|Dragon Claw|p2b: Garchomp
|-supereffective|p2b: Garchomp|1
|-damage|p2b: Garchomp|12/100
|-damage|p1a: Garchomp|87/100|[from] ability: Rough Skin|[of] p2b: Garchomp
|-enditem|p2b: Garchomp|Sitrus Berry|[eat]
|-heal|p2b: Garchomp|37/100|[from] item: Sitrus Berry
|-damage|p1a: Garchomp|77/100|[from] item: Life Orb
|move|p2b: Garchomp|Dragon Claw|p1a: Garchomp
|-supereffective|p1a: Garchomp|1
|-damage|p1a: Garchomp|0 fnt
|-damage|p2b: Garchomp|25/100|[from] ability: Rough Skin|[of] p1a: Garchomp
|faint|p1a: Garchomp
|
|upkeep
|
|t:|1783476275
|switch|p1a: Kingambit|Kingambit, L50, F|100/100
|turn|2
|
|t:|1783476288
|move|p2b: Garchomp|Protect|p2b: Garchomp
|-singleturn|p2b: Garchomp|Protect
|move|p1b: Whimsicott|Tailwind|p1b: Whimsicott
|-sidestart|p1: Nolancarp27|move: Tailwind
|move|p1a: Kingambit|Sucker Punch||[still]
|-fail|p1a: Kingambit
|move|p2a: Grimmsnarl|Reflect|p2a: Grimmsnarl
|-sidestart|p2: rycully|Reflect
|
|upkeep
|turn|3
|
|t:|1783476305
|move|p2a: Grimmsnarl|Parting Shot|p1b: Whimsicott
|-unboost|p1b: Whimsicott|atk|1
|-unboost|p1b: Whimsicott|spa|1
|
|t:|1783476309
|switch|p2a: Charizard|Charizard, L50, M|100/100|[from] Parting Shot
|move|p1b: Whimsicott|Moonblast|p2b: Garchomp
|-supereffective|p2b: Garchomp|1
|-damage|p2b: Garchomp|0 fnt
|faint|p2b: Garchomp
|move|p1a: Kingambit|Iron Head|p2a: Charizard
|-resisted|p2a: Charizard|1
|-damage|p2a: Charizard|83/100
|
|upkeep
|
|t:|1783476319
|switch|p2b: Grimmsnarl|Grimmsnarl, L50, M|100/100
|turn|4
|
|t:|1783476337
|detailschange|p2a: Charizard|Charizard-Mega-Y, L50, M
|-mega|p2a: Charizard|Charizard|Charizardite Y
|-weather|SunnyDay|[from] ability: Drought|[of] p2a: Charizard
|move|p1b: Whimsicott|Protect|p1b: Whimsicott
|-singleturn|p1b: Whimsicott|Protect
|move|p1a: Kingambit|Protect|p1a: Kingambit
|-singleturn|p1a: Kingambit|Protect
|move|p2b: Grimmsnarl|Fake Out|p1a: Kingambit
|-activate|p1a: Kingambit|move: Protect
|move|p2a: Charizard|Heat Wave|p1a: Kingambit|[spread] 
|-activate|p1a: Kingambit|move: Protect
|-activate|p1b: Whimsicott|move: Protect
|
|-weather|SunnyDay|[upkeep]
|upkeep
|turn|5
|inactive|Nolancarp27 has 30 seconds left.
|
|t:|1783476370
|switch|p1b: Zuko|Charizard, L50, F, shiny|100/100
|move|p2a: Charizard|Protect|p2a: Charizard
|-singleturn|p2a: Charizard|Protect
|move|p1a: Kingambit|Sucker Punch||[still]
|-fail|p1a: Kingambit
|move|p2b: Grimmsnarl|Foul Play|p1a: Kingambit
|-resisted|p1a: Kingambit|1
|-damage|p1a: Kingambit|79/100
|
|-weather|SunnyDay|[upkeep]
|-sideend|p1: Nolancarp27|move: Tailwind
|upkeep
|turn|6
|inactive|rycully has 30 seconds left.
|inactive|rycully has 20 seconds left.
|inactive|rycully has 15 seconds left.
|
|t:|1783476415
|detailschange|p1b: Zuko|Charizard-Mega-Y, L50, F, shiny
|-mega|p1b: Zuko|Charizard|Charizardite Y
|move|p1a: Kingambit|Protect|p1a: Kingambit
|-singleturn|p1a: Kingambit|Protect
|move|p2a: Charizard|Heat Wave|p1b: Zuko|[spread] p1b
|-activate|p1a: Kingambit|move: Protect
|-resisted|p1b: Zuko|1
|-crit|p1b: Zuko
|-damage|p1b: Zuko|61/100
|move|p1b: Zuko|Heat Wave|p2a: Charizard|[spread] p2a,p2b
|-resisted|p2a: Charizard|1
|-damage|p2a: Charizard|57/100
|-damage|p2b: Grimmsnarl|47/100
|move|p2b: Grimmsnarl|Foul Play|p1b: Zuko
|-damage|p1b: Zuko|29/100
|
|-weather|SunnyDay|[upkeep]
|-sideend|p2: rycully|Reflect
|upkeep
|turn|7
|inactive|rycully has 30 seconds left.
|
|t:|1783476444
|switch|p2b: Toxapex|Toxapex, L50, M|100/100
|move|p1a: Kingambit|Sucker Punch|p2a: Charizard
|-damage|p2a: Charizard|1/100
|move|p2a: Charizard|Heat Wave|p1b: Zuko|[spread] p1a,p1b
|-supereffective|p1a: Kingambit|1
|-resisted|p1b: Zuko|1
|-damage|p1a: Kingambit|0 fnt
|-damage|p1b: Zuko|2/100
|faint|p1a: Kingambit
|move|p1b: Zuko|Heat Wave|p2b: Toxapex|[spread] p2a,p2b
|-resisted|p2a: Charizard|1
|-resisted|p2b: Toxapex|1
|-damage|p2a: Charizard|0 fnt
|-damage|p2b: Toxapex|75/100
|faint|p2a: Charizard
|
|-weather|SunnyDay|[upkeep]
|-heal|p2b: Toxapex|81/100|[from] item: Leftovers
|upkeep
|
|t:|1783476459
|switch|p2a: Grimmsnarl|Grimmsnarl, L50, M|47/100
|switch|p1a: Whimsicott|Whimsicott, L50, M|83/100
|turn|8
|
|t:|1783476476
|move|p1b: Zuko|Protect|p1b: Zuko
|-singleturn|p1b: Zuko|Protect
|move|p2a: Grimmsnarl|Fake Out|p1a: Whimsicott
|-damage|p1a: Whimsicott|67/100
|cant|p1a: Whimsicott|flinch
|move|p2b: Toxapex|Infestation|p1b: Zuko
|-activate|p1b: Zuko|move: Protect
|
|-weather|none
|-heal|p2b: Toxapex|87/100|[from] item: Leftovers
|upkeep
|turn|9
|
|t:|1783476495
|move|p2b: Toxapex|Wide Guard|p2b: Toxapex
|-singleturn|p2b: Toxapex|Wide Guard
|move|p1a: Whimsicott|Tailwind|p1a: Whimsicott
|-sidestart|p1: Nolancarp27|move: Tailwind
|move|p1b: Zuko|Heat Wave|p2b: Toxapex|[spread] 
|-activate|p2a: Grimmsnarl|move: Wide Guard
|-activate|p2b: Toxapex|move: Wide Guard
|move|p2a: Grimmsnarl|Foul Play|p1b: Zuko
|-damage|p1b: Zuko|0 fnt
|faint|p1b: Zuko
|
|-heal|p2b: Toxapex|92/100|[from] item: Leftovers
|upkeep
|turn|10
|inactive|Nolancarp27 has 30 seconds left.
|l|☆Nolancarp27
|inactive|Nolancarp27 disconnected and has a minute to reconnect!
|player|p1|
|inactive|Nolancarp27 has 20 seconds left.
|inactive|Nolancarp27 has 15 seconds left.
|inactive|Nolancarp27 has 10 seconds left.
|inactive|Nolancarp27 has 5 seconds left.
|-message|Nolancarp27 lost due to inactivity.
|
|win|rycully
||rycully is ready for game 2.
|inactive|Nolancarp27 has 25 seconds to reconnect!
|inactive|Nolancarp27 has 15 seconds to reconnect!
|inactive|Nolancarp27 has 5 seconds to reconnect!
|uhtml|next|Next: Game 2 of 3
|j|☆Nolancarp27
|player|p1|Nolancarp27|cyrus|
|l|☆Nolancarp27
|player|p1|
