|j|☆SeymoursLeftToeVGC
|j|☆tdea
|html|SeymoursLeftToeVGCtdea    
|uhtml|bestof|Game 1 of a best-of-3
|t:|1783466386
|gametype|doubles
|player|p1|SeymoursLeftToeVGC|ninjaboy|1153
|player|p2|tdea|veteran|1169
|gen|9
|tier|[Gen 9 Champions] VGC 2026 Reg M-B (Bo3)
|rated|
|rule|Species Clause: Limit one of each Pokémon
|rule|Item Clause: Limit 1 of each item
|clearpoke
|poke|p1|Torkoal, L50, F|
|poke|p1|Venusaur, L50, M|
|poke|p1|Farigiraf, L50, F|
|poke|p1|Scrafty, L50, M|
|poke|p1|Mamoswine, L50, F|
|poke|p1|Pyroar, L50, F|
|poke|p2|Charizard, L50, F|
|poke|p2|Aerodactyl, L50, M|
|poke|p2|Sylveon, L50, M|
|poke|p2|Farigiraf, L50, F|
|poke|p2|Kingambit, L50, F|
|poke|p2|Garchomp, L50, F|
|teampreview|4
|showteam|p1|Torkoal||HeatRock|Drought|Eruption,WeatherBall,HelpingHand,Protect|Quiet||F|||50|]Venusaur||LifeOrb|Chlorophyll|EnergyBall,SludgeBomb,EarthPower,Protect|Modest||M|||50|]Farigiraf||SitrusBerry|ArmorTail|Psychic,Thunderbolt,TrickRoom,Protect|Quiet||F|||50|]Scrafty||Scraftinite|Intimidate|KnockOff,DrainPunch,FakeOut,IcePunch|Adamant||M|||50|]Mamoswine||FocusSash|Oblivious|HighHorsepower,RockSlide,IceShard,Protect|Jolly||F|||50|]Pyroar||Pyroarite|Unnerve|HeatWave,Overheat,HyperVoice,Protect|Timid||F|||50|
|showteam|p2|Charizard||CharizarditeY|Blaze|HeatWave,SolarBeam,Protect,WeatherBall|Timid||F|||50|]Aerodactyl||Aerodactylite|Unnerve|RockSlide,Tailwind,DualWingbeat,WideGuard|Jolly||M|||50|]Sylveon||FairyFeather|Pixilate|HyperVoice,HyperBeam,Detect,QuickAttack|Modest||M|||50|]Farigiraf||SitrusBerry|ArmorTail|TwinBeam,TrickRoom,HelpingHand,Thunderbolt|Bold||F|||50|]Kingambit||FocusSash|Defiant|KowtowCleave,IronHead,LowKick,SuckerPunch|Adamant||F|||50|]Garchomp||LifeOrb|RoughSkin|StompingTantrum,DragonClaw,Protect,Earthquake|Jolly||F|||50|
|inactive|Battle timer is ON: inactive players will automatically lose when time's up. (requested by tdea)
|inactive|SeymoursLeftToeVGC also wants the timer to be on.
|inactive|SeymoursLeftToeVGC has 60 seconds left.
|inactive|tdea has 60 seconds left.
|
|t:|1783466437
|teamsize|p1|4
|teamsize|p2|4
|start
|switch|p1a: Mamoswine|Mamoswine, L50, F|100/100
|switch|p1b: Pyroar|Pyroar, L50, F|100/100
|switch|p2a: Aerodactyl|Aerodactyl, L50, M|100/100
|switch|p2b: Charizard|Charizard, L50, F|100/100
|-ability|p2a: Aerodactyl|Unnerve
|-ability|p1b: Pyroar|Unnerve
|turn|1
|inactive|SeymoursLeftToeVGC has 30 seconds left.
|inactive|tdea has 30 seconds left.
|inactive|SeymoursLeftToeVGC has 20 seconds left.
|inactive|tdea has 20 seconds left.
|inactive|SeymoursLeftToeVGC has 15 seconds left.
|inactive|tdea has 15 seconds left.
|inactive|SeymoursLeftToeVGC has 10 seconds left.
|inactive|tdea has 10 seconds left.
|inactive|SeymoursLeftToeVGC has 5 seconds left.
|inactive|tdea has 5 seconds left.
|
|t:|1783466492
|detailschange|p1b: Pyroar|Pyroar-Mega, L50, F
|-mega|p1b: Pyroar|Pyroar|Pyroarite
|detailschange|p2b: Charizard|Charizard-Mega-Y, L50, F
|-mega|p2b: Charizard|Charizard|Charizardite Y
|-weather|SunnyDay|[from] ability: Drought|[of] p2b: Charizard
|move|p1b: Pyroar|Protect|p1b: Pyroar
|-singleturn|p1b: Pyroar|Protect
|move|p2a: Aerodactyl|Tailwind|p2a: Aerodactyl
|-sidestart|p2: tdea|move: Tailwind
|move|p2b: Charizard|Heat Wave|p1b: Pyroar|[spread] p1a
|-activate|p1b: Pyroar|move: Protect
|-supereffective|p1a: Mamoswine|1
|-enditem|p1a: Mamoswine|Focus Sash
|-damage|p1a: Mamoswine|1/100
|move|p1a: Mamoswine|Rock Slide|p2a: Aerodactyl|[spread] p2a,p2b
|-supereffective|p2a: Aerodactyl|1
|-supereffective|p2b: Charizard|2
|-damage|p2a: Aerodactyl|42/100
|-damage|p2b: Charizard|23/100
|
|-weather|SunnyDay|[upkeep]
|upkeep
|turn|2
|inactive|SeymoursLeftToeVGC has 30 seconds left.
|inactive|tdea has 30 seconds left.
|
|t:|1783466522
|switch|p2b: Farigiraf|Farigiraf, L50, F|100/100
|switch|p1b: Venusaur|Venusaur, L50, M|100/100
|move|p1a: Mamoswine|Ice Shard||[still]
|cant|p2b: Farigiraf|ability: Armor Tail|Ice Shard|[of] p1a: Mamoswine
|move|p2a: Aerodactyl|Rock Slide|p1a: Mamoswine|[spread] p1a,p1b
|-damage|p1a: Mamoswine|0 fnt
|-damage|p1b: Venusaur|71/100
|faint|p1a: Mamoswine
|
|-weather|SunnyDay|[upkeep]
|upkeep
|
|t:|1783466535
|switch|p1a: Torkoal|Torkoal, L50, F|100/100
|turn|3
|
|t:|1783466545
|move|p2a: Aerodactyl|Dual Wingbeat|p1b: Venusaur
|-supereffective|p1b: Venusaur|1
|-damage|p1b: Venusaur|29/100
|-supereffective|p1b: Venusaur|1
|-damage|p1b: Venusaur|0 fnt
|faint|p1b: Venusaur
|-hitcount|p1: Venusaur|2
|move|p2b: Farigiraf|Twin Beam|p1a: Torkoal
|-damage|p1a: Torkoal|79/100
|-damage|p1a: Torkoal|57/100
|-hitcount|p1a: Torkoal|2
|move|p1a: Torkoal|Weather Ball|p2b: Farigiraf
|-damage|p2b: Farigiraf|38/100
|-enditem|p2b: Farigiraf|Sitrus Berry|[eat]
|-heal|p2b: Farigiraf|63/100|[from] item: Sitrus Berry
|
|-weather|SunnyDay|[upkeep]
|upkeep
|
|t:|1783466560
|switch|p1b: Pyroar|Pyroar-Mega, L50, F|100/100
|turn|4
|
|t:|1783466573
|move|p1b: Pyroar|Protect|p1b: Pyroar
|-singleturn|p1b: Pyroar|Protect
|move|p1a: Torkoal|Protect|p1a: Torkoal
|-singleturn|p1a: Torkoal|Protect
|move|p2a: Aerodactyl|Rock Slide|p1b: Pyroar|[spread] 
|-activate|p1a: Torkoal|move: Protect
|-activate|p1b: Pyroar|move: Protect
|move|p2b: Farigiraf|Twin Beam|p1a: Torkoal
|-activate|p1a: Torkoal|move: Protect
|
|-weather|SunnyDay|[upkeep]
|-sideend|p2: tdea|move: Tailwind
|upkeep
|turn|5
|inactive|tdea has 30 seconds left.
|
|t:|1783466601
|move|p1a: Torkoal|Helping Hand|p1b: Pyroar
|-singleturn|p1b: Pyroar|Helping Hand|[of] p1a: Torkoal
|move|p2a: Aerodactyl|Wide Guard|p2a: Aerodactyl
|-singleturn|p2a: Aerodactyl|Wide Guard
|move|p1b: Pyroar|Heat Wave|p2b: Farigiraf|[spread] 
|-activate|p2a: Aerodactyl|move: Wide Guard
|-activate|p2b: Farigiraf|move: Wide Guard
|move|p2b: Farigiraf|Twin Beam|p1a: Torkoal
|-damage|p1a: Torkoal|36/100
|-damage|p1a: Torkoal|17/100
|-hitcount|p1a: Torkoal|2
|
|-weather|none
|upkeep
|turn|6
|
|t:|1783466622
|move|p1a: Torkoal|Helping Hand|p1b: Pyroar
|-singleturn|p1b: Pyroar|Helping Hand|[of] p1a: Torkoal
|move|p2a: Aerodactyl|Rock Slide|p1a: Torkoal|[spread] p1b
|-miss|p2a: Aerodactyl|p1a: Torkoal
|-supereffective|p1b: Pyroar|1
|-damage|p1b: Pyroar|55/100
|move|p1b: Pyroar|Heat Wave|p2a: Aerodactyl|[spread] p2a,p2b
|-resisted|p2a: Aerodactyl|1
|-damage|p2a: Aerodactyl|0 fnt
|-damage|p2b: Farigiraf|0 fnt
|faint|p2a: Aerodactyl
|faint|p2b: Farigiraf
|
|upkeep
|
|t:|1783466632
|switch|p2a: Garchomp|Garchomp, L50, F|100/100
|switch|p2b: Charizard|Charizard-Mega-Y, L50, F|23/100
|-weather|SunnyDay|[from] ability: Drought|[of] p2b: Charizard
|turn|7
|
|t:|1783466652
|move|p1b: Pyroar|Protect|p1b: Pyroar
|-singleturn|p1b: Pyroar|Protect
|move|p1a: Torkoal|Protect|p1a: Torkoal
|-singleturn|p1a: Torkoal|Protect
|move|p2a: Garchomp|Earthquake|p1b: Pyroar|[spread] 
|-activate|p1a: Torkoal|move: Protect
|-activate|p1b: Pyroar|move: Protect
|-immune|p2b: Charizard
|move|p2b: Charizard|Heat Wave|p1a: Torkoal|[spread] 
|-activate|p1a: Torkoal|move: Protect
|-activate|p1b: Pyroar|move: Protect
|
|-weather|SunnyDay|[upkeep]
|upkeep
|turn|8
|
|t:|1783466667
|move|p1a: Torkoal|Helping Hand|p1b: Pyroar
|-singleturn|p1b: Pyroar|Helping Hand|[of] p1a: Torkoal
|move|p1b: Pyroar|Overheat|p2a: Garchomp
|-resisted|p2a: Garchomp|1
|-damage|p2a: Garchomp|0 fnt
|-unboost|p1b: Pyroar|spa|2
|faint|p2a: Garchomp
|move|p2b: Charizard|Heat Wave|p1a: Torkoal|[spread] p1a,p1b
|-resisted|p1a: Torkoal|1
|-resisted|p1b: Pyroar|1
|-damage|p1a: Torkoal|0 fnt
|-damage|p1b: Pyroar|19/100
|faint|p1a: Torkoal
|
|-weather|SunnyDay|[upkeep]
|upkeep
|turn|9
|
|t:|1783466679
|move|p1b: Pyroar|Hyper Voice|p2b: Charizard
|-damage|p2b: Charizard|1/100
|move|p2b: Charizard|Weather Ball|p1b: Pyroar
|-resisted|p1b: Pyroar|1
|-damage|p1b: Pyroar|0 fnt
|faint|p1b: Pyroar
|
|win|tdea
