|j|☆A Regu1ar Guy
|j|☆aseyo
|html|A Regu1ar Guyaseyo    
|uhtml|bestof|Game 2 of a best-of-3
|t:|1756465328
|gametype|doubles
|player|p1|A Regu1ar Guy|elesa|1311
|player|p2|aseyo|101|1299
|gen|9
|tier|[Gen 9] VGC 2025 Reg H (Bo3)
|rated|
|rule|Species Clause: Limit one of each Pokémon
|rule|Item Clause: Limit 1 of each item
|clearpoke
|poke|p1|Volcarona, L50, F|
|poke|p1|Rillaboom, L50, M|
|poke|p1|Electabuzz, L50, M|
|poke|p1|Tauros-Paldea-Aqua, L50, M|
|poke|p1|Dragonite, L50, F|
|poke|p1|Ninetales-Alola, L50, F|
|poke|p2|Archaludon, L50, M|
|poke|p2|Pelipper, L50, F|
|poke|p2|Rillaboom, L50, M|
|poke|p2|Basculegion, L50, M|
|poke|p2|Electabuzz, L50, F|
|poke|p2|Kingambit, L50, M|
|teampreview|4
|showteam|p1|Volcarona||GrassySeed|FlameBody|HeatWave,GigaDrain,QuiverDance,Protect|||F|||50|,,,,,Grass]Rillaboom||AssaultVest|GrassySurge|FakeOut,WoodHammer,GrassyGlide,HighHorsepower|||M|||50|,,,,,Fire]Electabuzz||Eviolite|VitalSpirit|Thunderbolt,FollowMe,Taunt,Protect|||M|||50|,,,,,Ghost]Tauros-Paldea-Aqua||MirrorHerb|Intimidate|WaveCrash,AquaJet,CloseCombat,Protect|||M|||50|,,,,,Water]Dragonite||LoadedDice|Multiscale|ScaleShot,Haze,Tailwind,Protect|||F|||50|,,,,,Fairy]Ninetales-Alola||FocusSash|SnowWarning|Blizzard,Mist,AuroraVeil,Encore|||F|||50|,,,,,Ghost
|showteam|p2|Archaludon||AssaultVest|Stamina|DragonPulse,FlashCannon,ElectroShot,BodyPress|||M|||50|,,,,,Bug]Pelipper||FocusSash|Drizzle|WeatherBall,Hurricane,Tailwind,Protect|||F|||50|,,,,,Ground]Rillaboom||LoadedDice|GrassySurge|BulletSeed,GrassyGlide,HighHorsepower,FakeOut|||M|||50|,,,,,Fire]Basculegion||ChoiceBand|SwiftSwim|WaveCrash,FlipTurn,AquaJet,LastRespects|||M|||50|,,,,,Water]Electabuzz||Eviolite|VitalSpirit|Electroweb,Taunt,Protect,FollowMe|||F|||50|,,,,,Ghost]Kingambit||BlackGlasses|Defiant|KowtowCleave,SwordsDance,SuckerPunch,Protect|||M|||50|,,,,,Dark
|inactive|Battle timer is ON: inactive players will automatically lose when time's up. (requested by aseyo)
|inactive|aseyo has 60 seconds left.
|
|t:|1756465359
|teamsize|p1|4
|teamsize|p2|4
|start
|switch|p1a: Volcarona|Volcarona, L50, F, shiny|100/100
|switch|p1b: Electabuzz|Electabuzz, L50, M|100/100
|switch|p2a: Basculegion|Basculegion, L50, M|100/100
|switch|p2b: Kingambit|Kingambit, L50, M|100/100
|turn|1
|inactive|aseyo has 30 seconds left.
|inactive|aseyo has 20 seconds left.
|inactive|A Regu1ar Guy has 30 seconds left.
|inactive|aseyo has 15 seconds left.
|inactive|aseyo has 10 seconds left.
|
|t:|1756465407
|switch|p1a: Tauros|Tauros-Paldea-Aqua, L50, M|100/100
|-ability|p1a: Tauros|Intimidate|boost
|-unboost|p2a: Basculegion|atk|1
|-unboost|p2b: Kingambit|atk|1
|-ability|p2b: Kingambit|Defiant|boost
|-boost|p2b: Kingambit|atk|2
|-enditem|p1a: Tauros|Mirror Herb
|-boost|p1a: Tauros|atk|2|[from] item: Mirror Herb
|switch|p2b: Pelipper|Pelipper, L50, F|100/100
|-weather|RainDance|[from] ability: Drizzle|[of] p2b: Pelipper
|move|p1b: Electabuzz|Follow Me|p1b: Electabuzz
|-singleturn|p1b: Electabuzz|move: Follow Me
|move|p2a: Basculegion|Wave Crash|p1b: Electabuzz
|-damage|p1b: Electabuzz|29/100
|-damage|p2a: Basculegion|80/100|[from] Recoil
|
|-weather|RainDance|[upkeep]
|upkeep
|turn|2
|
|t:|1756465426
|move|p1b: Electabuzz|Follow Me|p1b: Electabuzz
|-singleturn|p1b: Electabuzz|move: Follow Me
|move|p2a: Basculegion|Wave Crash|p1b: Electabuzz
|-damage|p1b: Electabuzz|0 fnt
|faint|p1b: Electabuzz
|-damage|p2a: Basculegion|72/100|[from] Recoil
|move|p1a: Tauros|Wave Crash|p2b: Pelipper
|-resisted|p2b: Pelipper
|-enditem|p2b: Pelipper|Focus Sash
|-damage|p2b: Pelipper|1/100
|-damage|p1a: Tauros|73/100|[from] Recoil
|move|p2b: Pelipper|Hurricane|p1a: Tauros
|-supereffective|p1a: Tauros
|-damage|p1a: Tauros|0 fnt
|faint|p1a: Tauros
|
|-weather|RainDance|[upkeep]
|upkeep
|
|t:|1756465433
|switch|p1a: Volcarona|Volcarona, L50, F, shiny|100/100
|switch|p1b: Rillaboom|Rillaboom, L50, M|100/100
|-fieldstart|move: Grassy Terrain|[from] ability: Grassy Surge|[of] p1b: Rillaboom
|-enditem|p1a: Volcarona|Grassy Seed
|-boost|p1a: Volcarona|def|1|[from] item: Grassy Seed
|turn|3
|
|t:|1756465456
|switch|p2a: Archaludon|Archaludon, L50, M|100/100
|-terastallize|p1a: Volcarona|Grass
|move|p1b: Rillaboom|Grassy Glide|p2b: Pelipper
|-damage|p2b: Pelipper|0 fnt
|faint|p2b: Pelipper
|move|p1a: Volcarona|Quiver Dance|p1a: Volcarona
|-boost|p1a: Volcarona|spa|1
|-boost|p1a: Volcarona|spd|1
|-boost|p1a: Volcarona|spe|1
|
|-weather|RainDance|[upkeep]
|upkeep
|
|t:|1756465475
|switch|p2b: Kingambit|Kingambit, L50, M|100/100
|turn|4
|
|t:|1756465479
|-terastallize|p2b: Kingambit|Dark
|move|p1a: Volcarona|Quiver Dance|p1a: Volcarona
|-boost|p1a: Volcarona|spa|1
|-boost|p1a: Volcarona|spd|1
|-boost|p1a: Volcarona|spe|1
|move|p2a: Archaludon|Electro Shot||[still]
|-prepare|p2a: Archaludon|Electro Shot
|-boost|p2a: Archaludon|spa|1
|-anim|p2a: Archaludon|Electro Shot|p1a: Volcarona
|-resisted|p1a: Volcarona
|-crit|p1a: Volcarona
|-damage|p1a: Volcarona|56/100
|move|p1b: Rillaboom|High Horsepower|p2b: Kingambit|[miss]
|-miss|p1b: Rillaboom|p2b: Kingambit
|move|p2b: Kingambit|Swords Dance|p2b: Kingambit
|-boost|p2b: Kingambit|atk|2
|
|-weather|RainDance|[upkeep]
|-heal|p1a: Volcarona|62/100|[from] Grassy Terrain
|upkeep
|turn|5
|inactive|aseyo has 30 seconds left.
|
|t:|1756465510
|move|p1a: Volcarona|Quiver Dance|p1a: Volcarona
|-boost|p1a: Volcarona|spa|1
|-boost|p1a: Volcarona|spd|1
|-boost|p1a: Volcarona|spe|1
|move|p2a: Archaludon|Electro Shot||[still]
|-prepare|p2a: Archaludon|Electro Shot
|-boost|p2a: Archaludon|spa|1
|-anim|p2a: Archaludon|Electro Shot|p1a: Volcarona
|-resisted|p1a: Volcarona
|-crit|p1a: Volcarona
|-damage|p1a: Volcarona|9/100
|move|p1b: Rillaboom|Wood Hammer|p2b: Kingambit
|-damage|p2b: Kingambit|43/100
|-damage|p1b: Rillaboom|81/100|[from] Recoil
|move|p2b: Kingambit|Kowtow Cleave|p1b: Rillaboom
|-damage|p1b: Rillaboom|0 fnt
|faint|p1b: Rillaboom
|
|-weather|none
|-heal|p1a: Volcarona|16/100|[from] Grassy Terrain
|-heal|p2b: Kingambit|48/100|[from] Grassy Terrain
|upkeep
|turn|6
|
|t:|1756465527
|move|p2b: Kingambit|Sucker Punch|p1a: Volcarona
|-damage|p1a: Volcarona|0 fnt
|-status|p2b: Kingambit|brn|[from] ability: Flame Body|[of] p1a: Volcarona
|faint|p1a: Volcarona
|
|win|aseyo
||A Regu1ar Guy is ready for game 3.
||aseyo is ready for game 3.
|uhtml|next|Next: Game 3 of 3
|l|☆A Regu1ar Guy
|player|p1|
