|j|☆Frakub
|j|☆godoftoasty
|html|Frakubgodoftoasty    
|uhtml|bestof|Game 1 of a best-of-3
|t:|1784746540
|gametype|doubles
|player|p1|Frakub|acetrainer-gen4dp|1160
|player|p2|godoftoasty|1|1208
|gen|9
|tier|[Gen 9 Champions] VGC 2026 Reg M-B (Bo3)
|rated|
|rule|Species Clause: Limit one of each Pokémon
|rule|Item Clause: Limit 1 of each item
|clearpoke
|poke|p1|Mawile, L50, F|
|poke|p1|Farigiraf, L50, M|
|poke|p1|Torkoal, L50, F|
|poke|p1|Incineroar, L50, F|
|poke|p1|Gallade, L50, M|
|poke|p1|Vivillon, L50, F|
|poke|p2|Gengar, L50, M, shiny|
|poke|p2|Incineroar, L50, M|
|poke|p2|Garchomp, L50, M|
|poke|p2|Ninetales-Alola, L50, F|
|poke|p2|Blaziken, L50, F|
|poke|p2|Rotom-Wash, L50, shiny|
|teampreview|4
|showteam|p1|Mawile||Mawilite|HyperCutter|PlayRough,SuckerPunch,RockSlide,Protect|Brave||F|||50|]Farigiraf||SitrusBerry|ArmorTail|Psychic,Thunderbolt,TrickRoom,Protect|Quiet||M|||50|]Torkoal||Charcoal|Drought|Eruption,WeatherBall,HelpingHand,Protect|Quiet||F|||50|]Incineroar||LifeOrb|Intimidate|FlareBlitz,DarkestLariat,CloseCombat,FakeOut|Brave||F|||50|]Gallade||IronBall|Sharpness|SacredSword,PsychoCut,LeafBlade,TrickRoom|Brave||M|||50|]Vivillon||FocusSash|CompoundEyes|Hurricane,SleepPowder,RagePowder,Protect|Timid||F|||50|
|showteam|p2|Gengar||Gengarite|CursedBody|ShadowBall,SludgeBomb,PerishSong,Protect|Timid||M|||50|]Incineroar||SitrusBerry|Intimidate|FakeOut,PartingShot,Protect,FlareBlitz|Impish||M|||50|]Garchomp||LifeOrb|RoughSkin|DragonClaw,StompingTantrum,RockSlide,Protect|Jolly||M|||50|]Ninetales-Alola||FocusSash|SnowWarning|Blizzard,Encore,Disable,Protect|Timid||F|||50|]Blaziken||Blazikenite|SpeedBoost|FlareBlitz,CloseCombat,KnockOff,Detect|Adamant||F|||50|]Rotom-Wash||Leftovers|Levitate|HydroPump,VoltSwitch,WillOWisp,Protect|Bold|||||50|
|inactive|Battle timer is ON: inactive players will automatically lose when time's up. (requested by Frakub)
|inactive|godoftoasty has 60 seconds left.
|
|t:|1784746581
|teamsize|p1|4
|teamsize|p2|4
|start
|switch|p1a: Farigiraf|Farigiraf, L50, M|100/100
|switch|p1b: Incineroar|Incineroar, L50, F|100/100
|switch|p2a: Garchomp|Garchomp, L50, M|100/100
|switch|p2b: Incineroar|Incineroar, L50, M|100/100
|-ability|p2b: Incineroar|Intimidate|boost
|-unboost|p1a: Farigiraf|atk|1
|-unboost|p1b: Incineroar|atk|1
|-ability|p1b: Incineroar|Intimidate|boost
|-unboost|p2a: Garchomp|atk|1
|-unboost|p2b: Incineroar|atk|1
|turn|1
|inactive|godoftoasty has 30 seconds left.
|
|t:|1784746609
|move|p1b: Incineroar|Fake Out|p2a: Garchomp
|-damage|p2a: Garchomp|86/100
|-damage|p1b: Incineroar|87/100|[from] ability: Rough Skin|[of] p2a: Garchomp
|-damage|p1b: Incineroar|77/100|[from] item: Life Orb
|cant|p2a: Garchomp|flinch
|move|p2b: Incineroar|Parting Shot|p1a: Farigiraf
|-unboost|p1a: Farigiraf|atk|1
|-unboost|p1a: Farigiraf|spa|1
|
|t:|1784746618
|switch|p2b: Rotom|Rotom-Wash, L50, shiny|100/100|[from] Parting Shot
|move|p1a: Farigiraf|Trick Room|p1a: Farigiraf
|-fieldstart|move: Trick Room|[of] p1a: Farigiraf
|
|upkeep
|turn|2
|
|t:|1784746630
|switch|p2b: Incineroar|Incineroar, L50, M|100/100
|-ability|p2b: Incineroar|Intimidate|boost
|-unboost|p1a: Farigiraf|atk|1
|-unboost|p1b: Incineroar|atk|1
|move|p1a: Farigiraf|Psychic|p2a: Garchomp
|-damage|p2a: Garchomp|59/100
|move|p1b: Incineroar|Darkest Lariat|p2a: Garchomp
|-damage|p2a: Garchomp|30/100
|-damage|p1b: Incineroar|65/100|[from] ability: Rough Skin|[of] p2a: Garchomp
|-damage|p1b: Incineroar|55/100|[from] item: Life Orb
|move|p2a: Garchomp|Stomping Tantrum|p1b: Incineroar
|-supereffective|p1b: Incineroar|1
|-damage|p1b: Incineroar|0 fnt
|faint|p1b: Incineroar
|-damage|p2a: Garchomp|20/100y|[from] item: Life Orb
|
|upkeep
|
|t:|1784746638
|switch|p1b: Mawile|Mawile, L50, F|100/100
|turn|3
|
|t:|1784746654
|switch|p2a: Rotom|Rotom-Wash, L50, shiny|100/100
|detailschange|p1b: Mawile|Mawile-Mega, L50, F
|-mega|p1b: Mawile|Mawile|Mawilite
|move|p1b: Mawile|Play Rough|p2b: Incineroar
|-damage|p2b: Incineroar|35/100
|-enditem|p2b: Incineroar|Sitrus Berry|[eat]
|-heal|p2b: Incineroar|60/100|[from] item: Sitrus Berry
|move|p1a: Farigiraf|Psychic|p2a: Rotom
|-crit|p2a: Rotom
|-damage|p2a: Rotom|34/100
|move|p2b: Incineroar|Flare Blitz|p1b: Mawile
|-supereffective|p1b: Mawile|1
|-damage|p1b: Mawile|8/100
|-damage|p2b: Incineroar|36/100|[from] Recoil
|
|-heal|p2a: Rotom|40/100|[from] item: Leftovers
|upkeep
|turn|4
|inactive|Frakub has 30 seconds left.
|
|t:|1784746681
|move|p1b: Mawile|Play Rough|p2b: Incineroar|[miss]
|-miss|p1b: Mawile|p2b: Incineroar
|move|p1a: Farigiraf|Psychic|p2a: Rotom
|-damage|p2a: Rotom|12/100
|move|p2b: Incineroar|Flare Blitz|p1b: Mawile
|-supereffective|p1b: Mawile|1
|-damage|p1b: Mawile|0 fnt
|faint|p1b: Mawile
|-damage|p2b: Incineroar|34/100|[from] Recoil
|move|p2a: Rotom|Volt Switch|p1a: Farigiraf
|-damage|p1a: Farigiraf|76/100
|
|t:|1784746697
|switch|p2a: Garchomp|Garchomp, L50, M|20/100y|[from] Volt Switch
|
|upkeep
|
|t:|1784746700
|switch|p1b: Torkoal|Torkoal, L50, F|100/100
|-weather|SunnyDay|[from] ability: Drought|[of] p1b: Torkoal
|turn|5
|
|t:|1784746705
|move|p2a: Garchomp|Protect|p2a: Garchomp
|-singleturn|p2a: Garchomp|Protect
|move|p1b: Torkoal|Eruption|p2b: Incineroar|[spread] p2b
|-activate|p2a: Garchomp|move: Protect
|-resisted|p2b: Incineroar|1
|-damage|p2b: Incineroar|1/100
|move|p1a: Farigiraf|Thunderbolt|p2b: Incineroar
|-damage|p2b: Incineroar|0 fnt
|faint|p2b: Incineroar
|
|-weather|SunnyDay|[upkeep]
|-fieldend|move: Trick Room
|upkeep
|
|t:|1784746714
|switch|p2b: Gengar|Gengar, L50, M, shiny|100/100
|turn|6
|
|t:|1784746733
|detailschange|p2b: Gengar|Gengar-Mega, L50, M, shiny
|-mega|p2b: Gengar|Gengar|Gengarite
|move|p2b: Gengar|Perish Song|p2b: Gengar
|-start|p1a: Farigiraf|perish3|[silent]
|-start|p1b: Torkoal|perish3|[silent]
|-start|p2a: Garchomp|perish3|[silent]
|-start|p2b: Gengar|perish3|[silent]
|-fieldactivate|move: Perish Song
|move|p2a: Garchomp|Rock Slide|p1b: Torkoal|[spread] p1a,p1b
|-supereffective|p1b: Torkoal|1
|-damage|p1a: Farigiraf|51/100
|-damage|p1b: Torkoal|64/100
|-damage|p2a: Garchomp|10/100|[from] item: Life Orb
|cant|p1a: Farigiraf|flinch
|move|p1b: Torkoal|Eruption|p2b: Gengar|[spread] p2a,p2b
|-resisted|p2a: Garchomp|1
|-damage|p2a: Garchomp|0 fnt
|-damage|p2b: Gengar|36/100
|faint|p2a: Garchomp
|
|-weather|SunnyDay|[upkeep]
|-start|p2b: Gengar|perish3
|-start|p1a: Farigiraf|perish3
|-start|p1b: Torkoal|perish3
|upkeep
|
|t:|1784746737
|switch|p2a: Rotom|Rotom-Wash, L50, shiny|12/100
|turn|7
|
|t:|1784746752
|move|p2a: Rotom|Protect|p2a: Rotom
|-singleturn|p2a: Rotom|Protect
|move|p1a: Farigiraf|Protect|p1a: Farigiraf
|-singleturn|p1a: Farigiraf|Protect
|move|p1b: Torkoal|Protect|p1b: Torkoal
|-singleturn|p1b: Torkoal|Protect
|move|p2b: Gengar|Sludge Bomb|p1b: Torkoal
|-activate|p1b: Torkoal|move: Protect
|
|-weather|SunnyDay|[upkeep]
|-heal|p2a: Rotom|18/100|[from] item: Leftovers
|-start|p2b: Gengar|perish2
|-start|p1a: Farigiraf|perish2
|-start|p1b: Torkoal|perish2
|upkeep
|turn|8
|
|t:|1784746768
|move|p2b: Gengar|Sludge Bomb|p1b: Torkoal
|-damage|p1b: Torkoal|1/100
|-status|p1b: Torkoal|psn
|move|p2a: Rotom|Hydro Pump|p1b: Torkoal
|-supereffective|p1b: Torkoal|1
|-damage|p1b: Torkoal|0 fnt
|faint|p1b: Torkoal
|move|p1a: Farigiraf|Psychic|p2a: Rotom
|-crit|p2a: Rotom
|-damage|p2a: Rotom|0 fnt
|faint|p2a: Rotom
|
|-weather|SunnyDay|[upkeep]
|-start|p2b: Gengar|perish1
|-start|p1a: Farigiraf|perish1
|upkeep
|turn|9
|
|t:|1784746780
|move|p1a: Farigiraf|Protect|p1a: Farigiraf
|-singleturn|p1a: Farigiraf|Protect
|move|p2b: Gengar|Sludge Bomb|p1a: Farigiraf
|-activate|p1a: Farigiraf|move: Protect
|
|-weather|none
|-start|p2b: Gengar|perish0
|-start|p1a: Farigiraf|perish0
|faint|p2b: Gengar
|faint|p1a: Farigiraf
|
|win|Frakub
||godoftoasty is ready for game 2.
||Frakub is ready for game 2.
|uhtml|next|Next: Game 2 of 3
|l|☆godoftoasty
|player|p2|
