|j|☆Mega Chime Time
|j|☆mikewww
|html|Mega Chime Timemikewww    
|uhtml|bestof|Game 2 of a best-of-3
|t:|1783208302
|gametype|doubles
|player|p1|Mega Chime Time|miku-flying|
|player|p2|mikewww|swimmer-gen4dp|
|gen|9
|tier|[Gen 9 Champions] VGC 2026 Reg M-B (Bo3)
|rule|Species Clause: Limit one of each Pokémon
|rule|Item Clause: Limit 1 of each item
|clearpoke
|poke|p1|Chimecho, L50, F|
|poke|p1|Dragalge, L50, M|
|poke|p1|Floette-Eternal, L50, F|
|poke|p1|Chandelure, L50, M|
|poke|p1|Conkeldurr, L50, M|
|poke|p1|Blastoise, L50, M|
|poke|p2|Pidgeot, L50, M|
|poke|p2|Krookodile, L50, F|
|poke|p2|Floette-Eternal, L50, F|
|poke|p2|Feraligatr, L50, F|
|poke|p2|Scovillain, L50, M|
|poke|p2|Orthworm, L50, F|
|teampreview|4
|showteam|p1|Chimecho||Chimechite|Levitate|Psychic,FlashCannon,Protect,TrickRoom|Modest||F|||50|]Dragalge||PoisonBarb|Adaptability|SludgeBomb,SludgeWave,DragonPulse,Protect|Modest||M|||50|]Floette-Eternal||FairyFeather|FlowerVeil|Moonblast,DazzlingGleam,PollenPuff,Protect|Modest||F|||50|]Chandelure||SitrusBerry|FlashFire|HeatWave,ShadowBall,TrickRoom,Protect|Modest||M|||50|]Conkeldurr||BlackBelt|IronFist|Detect,DrainPunch,MachPunch,WideGuard|Brave||M|||50|]Blastoise||Leftovers|RainDish|FakeOut,WaveCrash,Yawn,Protect|Adamant||M|||50|
|showteam|p2|Pidgeot||Pidgeotite|BigPecks|Protect,HeatWave,Hurricane,Tailwind|Timid||M|||50|]Krookodile||LifeOrb|Intimidate|Protect,Earthquake,KnockOff,RockSlide|Jolly||F|||50|]Floette-Eternal||FairyFeather|FlowerVeil|Protect,Moonblast,DrainingKiss,CalmMind|Modest||F|||50|]Feraligatr||Feraligite|Torrent|Protect,DoubleEdge,Waterfall,AquaJet|Adamant||F|||50|]Scovillain||FocusSash|Chlorophyll|Protect,Overheat,LeafStorm,RagePowder|Modest||M|||50|]Orthworm||SitrusBerry|EarthEater|Protect,HeavySlam,BodyPress,ShedTail|Impish||F|||50|
|inactive|Battle timer is ON: inactive players will automatically lose when time's up. (requested by Mega Chime Time)
|inactive|mikewww also wants the timer to be on.
|
|t:|1783208332
|teamsize|p1|4
|teamsize|p2|4
|start
|switch|p1a: Blastoise|Blastoise, L50, M|100/100
|switch|p1b: Chandelure|Chandelure, L50, M|100/100
|switch|p2a: Krookodile|Krookodile, L50, F|100/100
|switch|p2b: Orthworm|Orthworm, L50, F|100/100
|-ability|p2a: Krookodile|Intimidate|boost
|-unboost|p1a: Blastoise|atk|1
|-unboost|p1b: Chandelure|atk|1
|turn|1
|inactive|Mega Chime Time has 30 seconds left.
|inactive|Mega Chime Time has 20 seconds left.
|
|t:|1783208370
|move|p1a: Blastoise|Fake Out|p2a: Krookodile
|-damage|p2a: Krookodile|90/100
|cant|p2a: Krookodile|flinch
|move|p2b: Orthworm|Shed Tail|p2b: Orthworm
|-start|p2b: Orthworm|Substitute|[from] move: Shed Tail
|-damage|p2b: Orthworm|50/100y
|-enditem|p2b: Orthworm|Sitrus Berry|[eat]
|-heal|p2b: Orthworm|75/100|[from] item: Sitrus Berry
|
|t:|1783208379
|switch|p2b: Feraligatr|Feraligatr, L50, F|100/100|[from] Shed Tail
|move|p1b: Chandelure|Trick Room|p1b: Chandelure
|-fieldstart|move: Trick Room|[of] p1b: Chandelure
|
|upkeep
|turn|2
|
|t:|1783208398
|switch|p1b: Dragalge|Dragalge, L50, M|100/100
|switch|p2a: Orthworm|Orthworm, L50, F|75/100
|detailschange|p2b: Feraligatr|Feraligatr-Mega, L50, F
|-mega|p2b: Feraligatr|Feraligatr|Feraligite
|move|p1a: Blastoise|Yawn||[still]
|-fail|p1a: Blastoise
|move|p2b: Feraligatr|Waterfall|p1b: Dragalge
|-resisted|p1b: Dragalge|1
|-damage|p1b: Dragalge|70/100
|
|upkeep
|turn|3
|c|☆Mega Chime Time|gotta be real thought yawn passed through sub
|inactive|Mega Chime Time has 30 seconds left.
|inactive|mikewww has 30 seconds left.
|c|☆mikewww|yeah it;s not a sound move
|
|t:|1783208431
|move|p1b: Dragalge|Protect|p1b: Dragalge
|-singleturn|p1b: Dragalge|Protect
|move|p2a: Orthworm|Body Press|p1a: Blastoise
|-damage|p1a: Blastoise|74/100
|move|p1a: Blastoise|Wave Crash|p2b: Feraligatr
|-resisted|p2b: Feraligatr|2
|-activate|p2b: Feraligatr|move: Substitute|[damage]
|-damage|p1a: Blastoise|72/100|[from] Recoil|[of] p2b: Feraligatr
|move|p2b: Feraligatr|Double-Edge|p1b: Dragalge
|-activate|p1b: Dragalge|move: Protect
|
|-heal|p1a: Blastoise|78/100|[from] item: Leftovers
|upkeep
|turn|4
|c|☆Mega Chime Time|waawaa
|
|t:|1783208452
|switch|p1b: Chandelure|Chandelure, L50, M|100/100
|move|p2a: Orthworm|Body Press|p1a: Blastoise
|-damage|p1a: Blastoise|52/100
|move|p1a: Blastoise|Yawn|p2a: Orthworm
|-start|p2a: Orthworm|move: Yawn|[of] p1a: Blastoise
|move|p2b: Feraligatr|Double-Edge|p1b: Chandelure
|-damage|p1b: Chandelure|0 fnt
|faint|p1b: Chandelure
|-damage|p2b: Feraligatr|65/100|[from] Recoil
|
|-heal|p1a: Blastoise|58/100|[from] item: Leftovers
|upkeep
|
|t:|1783208462
|switch|p1b: Chimecho|Chimecho, L50, F|100/100
|turn|5
|
|t:|1783208474
|detailschange|p1b: Chimecho|Chimecho-Mega, L50, F
|-mega|p1b: Chimecho|Chimecho|Chimechite
|move|p2a: Orthworm|Shed Tail|p2a: Orthworm
|-start|p2a: Orthworm|Substitute|[from] move: Shed Tail
|-damage|p2a: Orthworm|25/100
|
|t:|1783208480
|switch|p2a: Krookodile|Krookodile, L50, F|90/100|[from] Shed Tail
|-ability|p2a: Krookodile|Intimidate|boost
|-unboost|p1a: Blastoise|atk|1
|-unboost|p1b: Chimecho|atk|1
|move|p1b: Chimecho|Psychic|p2b: Feraligatr
|-end|p2b: Feraligatr|Substitute
|move|p1a: Blastoise|Wave Crash|p2b: Feraligatr
|-resisted|p2b: Feraligatr|2
|-damage|p2b: Feraligatr|60/100
|-damage|p1a: Blastoise|56/100|[from] Recoil
|move|p2b: Feraligatr|Double-Edge|p1a: Blastoise
|-damage|p1a: Blastoise|0 fnt
|faint|p1a: Blastoise
|-damage|p2b: Feraligatr|39/100|[from] Recoil
|
|-fieldend|move: Trick Room
|upkeep
|
|t:|1783208488
|switch|p1a: Dragalge|Dragalge, L50, M|70/100
|turn|6
|c|☆Mega Chime Time|i've been schlurmed
|
|t:|1783208504
|move|p2a: Krookodile|Earthquake|p1a: Dragalge|[spread] p2b,p1a
|-immune|p1b: Chimecho|[from] ability: Levitate
|-supereffective|p1a: Dragalge|1
|-damage|p2b: Feraligatr|0 fnt
|-damage|p1a: Dragalge|0 fnt
|faint|p2b: Feraligatr
|faint|p1a: Dragalge
|-damage|p2a: Krookodile|80/100|[from] item: Life Orb
|move|p1b: Chimecho|Trick Room|p1b: Chimecho
|-fieldstart|move: Trick Room|[of] p1b: Chimecho
|
|upkeep
|c|☆mikewww|oops lol
|
|t:|1783208517
|switch|p2b: Scovillain|Scovillain, L50, M|100/100
|turn|7
|
|t:|1783208526
|move|p1b: Chimecho|Psychic|p2b: Scovillain
|-damage|p2b: Scovillain|9/100
|-unboost|p2b: Scovillain|spd|1
|move|p2b: Scovillain|Overheat|p1b: Chimecho
|-supereffective|p1b: Chimecho|1
|-damage|p1b: Chimecho|0 fnt
|-unboost|p2b: Scovillain|spa|2
|faint|p1b: Chimecho
|
|win|mikewww
|c|☆Mega Chime Time|gg
