|j|☆Beanybag
|j|☆lolgz
|html|Beanybaglolgz    
|uhtml|bestof|Game 3 of a best-of-3
|t:|1784378907
|gametype|doubles
|player|p1|Beanybag|169|1210
|player|p2|lolgz|dawn|1143
|gen|9
|tier|[Gen 9 Champions] VGC 2026 Reg M-B (Bo3)
|rated|
|rule|Species Clause: Limit one of each Pokémon
|rule|Item Clause: Limit 1 of each item
|clearpoke
|poke|p1|Incineroar, L50, F, shiny|
|poke|p1|Scovillain, L50, M|
|poke|p1|Sinistcha, L50|
|poke|p1|Bellibolt, L50, M|
|poke|p1|Gengar, L50, M, shiny|
|poke|p1|Araquanid, L50, F, shiny|
|poke|p2|Blastoise, L50, F|
|poke|p2|Vivillon, L50, F|
|poke|p2|Farigiraf, L50, M|
|poke|p2|Gallade, L50, M|
|poke|p2|Mawile, L50, F|
|poke|p2|Torkoal, L50, F|
|teampreview|4
|showteam|p1|Incineroar||SitrusBerry|Intimidate|FakeOut,PartingShot,ThroatChop,Protect|Relaxed||F|||50|]Scovillain||Scovillainite|Moody|GigaDrain,LeechSeed,RagePowder,Protect|Calm||M|||50|]Sinistcha||FocusSash|Hospitality|MatchaGotcha,ShadowBall,Protect,TrickRoom|Quiet|||||50|]Bellibolt||ShucaBerry|Electromorphosis|Soak,VoltSwitch,ParabolicCharge,Protect|Relaxed||M|||50|]Gengar||Gengarite|CursedBody|GigaDrain,Substitute,PerishSong,Protect|Timid||M|||50|]Araquanid||Leftovers|WaterBubble|Soak,Stockpile,Infestation,Protect|Relaxed||F|||50|
|showteam|p2|Blastoise||Blastoisinite|Torrent|WaterSpout,DarkPulse,FakeOut,ShellSmash|Modest||F|||50|]Vivillon||ChoiceScarf|CompoundEyes|SleepPowder,RagePowder,Tailwind,Hurricane|Timid||F|||50|]Farigiraf||SitrusBerry|ArmorTail|TrickRoom,Psychic,HelpingHand,Protect|Relaxed||M|||50|]Gallade||IronBall|Sharpness|SacredSword,PsychoCut,LeafBlade,TrickRoom|Brave||M|||50|]Mawile||Mawilite|HyperCutter|SuckerPunch,PlayRough,RockSlide,Protect|Brave||F|||50|]Torkoal||Charcoal|Drought|WeatherBall,Eruption,EarthPower,Protect|Quiet||F|||50|
|inactive|Battle timer is ON: inactive players will automatically lose when time's up. (requested by lolgz)
|
|t:|1784378934
|teamsize|p1|4
|teamsize|p2|4
|start
|switch|p1a: H3LL K1TTY|Incineroar, L50, F, shiny|100/100
|switch|p1b: GREEN LAVA|Sinistcha, L50|100/100
|switch|p2a: Vivillon|Vivillon, L50, F|100/100
|switch|p2b: Blastoise|Blastoise, L50, F|100/100
|-ability|p1a: H3LL K1TTY|Intimidate|boost
|-unboost|p2a: Vivillon|atk|1
|-unboost|p2b: Blastoise|atk|1
|turn|1
|inactive|lolgz has 30 seconds left.
|inactive|lolgz has 20 seconds left.
|
|t:|1784378974
|detailschange|p2b: Blastoise|Blastoise-Mega, L50, F
|-mega|p2b: Blastoise|Blastoise|Blastoisinite
|move|p2b: Blastoise|Fake Out|p1a: H3LL K1TTY
|-damage|p1a: H3LL K1TTY|94/100
|cant|p1a: H3LL K1TTY|flinch
|move|p2a: Vivillon|Hurricane|p1b: GREEN LAVA
|-supereffective|p1b: GREEN LAVA|1
|-enditem|p1b: GREEN LAVA|Focus Sash
|-damage|p1b: GREEN LAVA|1/100
|move|p1b: GREEN LAVA|Trick Room|p1b: GREEN LAVA
|-fieldstart|move: Trick Room|[of] p1b: GREEN LAVA
|
|upkeep
|turn|2
|
|t:|1784378984
|switch|p2a: Farigiraf|Farigiraf, L50, M|100/100
|move|p1b: GREEN LAVA|Protect|p1b: GREEN LAVA
|-singleturn|p1b: GREEN LAVA|Protect
|move|p1a: H3LL K1TTY|Parting Shot|p2b: Blastoise
|-unboost|p2b: Blastoise|atk|1
|-unboost|p2b: Blastoise|spa|1
|
|t:|1784378989
|switch|p1a: SUPA SOOKA|Araquanid, L50, F, shiny|100/100|[from] Parting Shot
|move|p2b: Blastoise|Water Spout|p1a: SUPA SOOKA|[spread] p1a
|-activate|p1b: GREEN LAVA|move: Protect
|-resisted|p1a: SUPA SOOKA|1
|-damage|p1a: SUPA SOOKA|83/100
|
|-heal|p1a: SUPA SOOKA|89/100|[from] item: Leftovers
|upkeep
|turn|3
|
|t:|1784378999
|switch|p2b: Vivillon|Vivillon, L50, F|100/100
|move|p1a: SUPA SOOKA|Soak|p2a: Farigiraf
|-start|p2a: Farigiraf|typechange|Water
|move|p2a: Farigiraf|Psychic|p1a: SUPA SOOKA
|-damage|p1a: SUPA SOOKA|70/100
|move|p1b: GREEN LAVA|Matcha Gotcha|p2b: Vivillon|[spread] p2a,p2b
|-supereffective|p2a: Farigiraf|1
|-resisted|p2b: Vivillon|2
|-damage|p2a: Farigiraf|40/100
|-heal|p1b: GREEN LAVA|38/100|[from] drain|[of] p2a: Farigiraf
|-damage|p2b: Vivillon|83/100
|-heal|p1b: GREEN LAVA|45/100|[from] drain|[of] p2b: Vivillon
|-enditem|p2a: Farigiraf|Sitrus Berry|[eat]
|-heal|p2a: Farigiraf|65/100|[from] item: Sitrus Berry
|
|-heal|p1a: SUPA SOOKA|76/100|[from] item: Leftovers
|upkeep
|turn|4
|
|t:|1784379006
|switch|p2a: Torkoal|Torkoal, L50, F|100/100
|-weather|SunnyDay|[from] ability: Drought|[of] p2a: Torkoal
|move|p1a: SUPA SOOKA|Soak|p2b: Vivillon
|-start|p2b: Vivillon|typechange|Water
|move|p1b: GREEN LAVA|Matcha Gotcha|p2a: Torkoal|[spread] p2a,p2b
|-resisted|p2a: Torkoal|1
|-supereffective|p2b: Vivillon|1
|-damage|p2a: Torkoal|76/100
|-heal|p1b: GREEN LAVA|57/100|[from] drain|[of] p2a: Torkoal
|-damage|p2b: Vivillon|0 fnt
|-heal|p1b: GREEN LAVA|93/100|[from] drain|[of] p2b: Vivillon
|faint|p2b: Vivillon
|
|-weather|SunnyDay|[upkeep]
|-heal|p1a: SUPA SOOKA|81/100|[from] item: Leftovers
|upkeep
|
|t:|1784379008
|switch|p2b: Blastoise|Blastoise-Mega, L50, F|100/100
|turn|5
|
|t:|1784379016
|move|p2a: Torkoal|Eruption|p1b: GREEN LAVA|[spread] p1a,p1b
|-supereffective|p1b: GREEN LAVA|1
|-damage|p1a: SUPA SOOKA|56/100
|-damage|p1b: GREEN LAVA|0 fnt
|faint|p1b: GREEN LAVA
|move|p1a: SUPA SOOKA|Soak|p2a: Torkoal
|-start|p2a: Torkoal|typechange|Water
|move|p2b: Blastoise|Dark Pulse|p1a: SUPA SOOKA
|-damage|p1a: SUPA SOOKA|19/100
|
|-weather|SunnyDay|[upkeep]
|-heal|p1a: SUPA SOOKA|25/100|[from] item: Leftovers
|-fieldend|move: Trick Room
|upkeep
|
|t:|1784379029
|switch|p1b: NONO SQUARE|Scovillain, L50, M|100/100
|turn|6
|
|t:|1784379038
|detailschange|p1b: NONO SQUARE|Scovillain-Mega, L50, M
|-mega|p1b: NONO SQUARE|Scovillain|Scovillainite
|move|p1a: SUPA SOOKA|Protect|p1a: SUPA SOOKA
|-singleturn|p1a: SUPA SOOKA|Protect
|move|p2b: Blastoise|Dark Pulse|p1a: SUPA SOOKA
|-activate|p1a: SUPA SOOKA|move: Protect
|move|p1b: NONO SQUARE|Giga Drain|p2a: Torkoal
|-supereffective|p2a: Torkoal|1
|-damage|p2a: Torkoal|0 fnt
|faint|p2a: Torkoal
|
|-weather|SunnyDay|[upkeep]
|-heal|p1a: SUPA SOOKA|30/100|[from] item: Leftovers
|upkeep
|
|t:|1784379040
|switch|p2a: Farigiraf|Farigiraf, L50, M|65/100
|turn|7
|
|t:|1784379050
|move|p2b: Blastoise|Shell Smash|p2b: Blastoise
|-unboost|p2b: Blastoise|def|1
|-unboost|p2b: Blastoise|spd|1
|-boost|p2b: Blastoise|atk|2
|-boost|p2b: Blastoise|spa|2
|-boost|p2b: Blastoise|spe|2
|move|p1b: NONO SQUARE|Giga Drain|p2b: Blastoise
|-supereffective|p2b: Blastoise|1
|-damage|p2b: Blastoise|0 fnt
|faint|p2b: Blastoise
|move|p2a: Farigiraf|Psychic|p1a: SUPA SOOKA
|-damage|p1a: SUPA SOOKA|6/100
|move|p1a: SUPA SOOKA|Infestation|p2a: Farigiraf
|-supereffective|p2a: Farigiraf|1
|-damage|p2a: Farigiraf|56/100
|-activate|p2a: Farigiraf|move: Infestation|[of] p1a: SUPA SOOKA
|
|-weather|SunnyDay|[upkeep]
|-heal|p1a: SUPA SOOKA|12/100|[from] item: Leftovers
|-damage|p2a: Farigiraf|44/100|[from] move: Infestation|[partiallytrapped]
|upkeep
|turn|8
|-message|lolgz forfeited.
|raw|Beanybag's rating: 1210 → 1230(+20 for winning)
|raw|lolgz's rating: 1143 → 1123(-20 for losing)
|
|win|Beanybag
