|j|☆I_LIKE_BREAD7
|j|☆Kahizar
|html|I_LIKE_BREAD7Kahizar    
|uhtml|bestof|Game 1 of a best-of-3
|t:|1756338549
|gametype|doubles
|player|p1|I_LIKE_BREAD7|170|1000
|player|p2|Kahizar|2|1000
|gen|9
|tier|[Gen 9] VGC 2025 Reg H (Bo3)
|rated|
|rule|Species Clause: Limit one of each Pokémon
|rule|Item Clause: Limit 1 of each item
|clearpoke
|poke|p1|Primarina, L50, F|
|poke|p1|Gothitelle, L50, F|
|poke|p1|Ursaluna-Bloodmoon, L50, M|
|poke|p1|Incineroar, L50, F|
|poke|p1|Gholdengo, L50|
|poke|p1|Murkrow, L50, M|
|poke|p2|Sylveon, L50, F|
|poke|p2|Arcanine-Hisui, L50, M|
|poke|p2|Indeedee, L50, M|
|poke|p2|Sneasler, L50, F|
|poke|p2|Gholdengo, L50|
|poke|p2|Murkrow, L50, F|
|teampreview|4
|showteam|p1|Primarina||ThroatSpray|LiquidVoice|Protect,HyperVoice,Moonblast,PerishSong|||F|||50|,,,,,Dragon]Gothitelle||MentalHerb|ShadowTag|Protect,FakeOut,Psychic,TrickRoom|||F|||50|,,,,,Water]Ursaluna-Bloodmoon||LifeOrb|MindsEye|Protect,HyperVoice,EarthPower,BloodMoon|||M|||50|,,,,,Normal]Incineroar||SitrusBerry|Intimidate|Protect,FakeOut,KnockOff,FlareBlitz|||F|||50|,,,,,Grass]Gholdengo||ChoiceSpecs|GoodasGold|MakeItRain,ShadowBall,Thunderbolt,PowerGem||||||50|,,,,,Steel]Murkrow||FocusSash|Prankster|Protect,Tailwind,PerishSong,FoulPlay|||M|||50|,,,,,Ghost
|showteam|p2|Sylveon||ThroatSpray|Pixilate|HyperVoice,Protect,TeraBlast,CalmMind|||F|||50|,,,,,Ground]Arcanine-Hisui||AssaultVest|Intimidate|RockSlide,FlareBlitz,HeadSmash,ExtremeSpeed|||M|||50|,,,,,Grass]Indeedee||FocusSash|PsychicSurge|ExpandingForce,TrickRoom,Protect,HelpingHand|||M|||50|,,,,,Psychic]Sneasler||PsychicSeed|Unburden|DireClaw,CloseCombat,Protect,TeraBlast|||F|||50|,,,,,Dark]Gholdengo||LifeOrb|GoodasGold|MakeItRain,ShadowBall,NastyPlot,Protect||||||50|,,,,,Steel]Murkrow||Eviolite|Prankster|Taunt,Tailwind,Haze,FoulPlay|||F|||50|,,,,,Ghost
|
|t:|1756338622
|teamsize|p1|4
|teamsize|p2|4
|start
|switch|p1a: Incineroar|Incineroar, L50, F|100/100
|switch|p1b: Gholdengo|Gholdengo, L50|100/100
|switch|p2a: Sylveon|Sylveon, L50, F|100/100
|switch|p2b: Murkrow|Murkrow, L50, F|100/100
|-ability|p1a: Incineroar|Intimidate|boost
|-unboost|p2a: Sylveon|atk|1
|-unboost|p2b: Murkrow|atk|1
|turn|1
|
|t:|1756338647
|-terastallize|p2a: Sylveon|Ground
|move|p1a: Incineroar|Fake Out|p2a: Sylveon
|-damage|p2a: Sylveon|82/100
|move|p2b: Murkrow|Foul Play|p1b: Gholdengo
|-supereffective|p1b: Gholdengo
|-damage|p1b: Gholdengo|55/100
|move|p1b: Gholdengo|Make It Rain|p2a: Sylveon|[spread] p2a,p2b
|-crit|p2b: Murkrow
|-damage|p2a: Sylveon|25/100
|-damage|p2b: Murkrow|0 fnt
|-unboost|p1b: Gholdengo|spa|1
|faint|p2b: Murkrow
|cant|p2a: Sylveon|flinch
|
|upkeep
|
|t:|1756338662
|switch|p2b: Sneasler|Sneasler, L50, F|100/100
|turn|2
|
|t:|1756338679
|move|p1a: Incineroar|Protect|p1a: Incineroar
|-singleturn|p1a: Incineroar|Protect
|move|p2b: Sneasler|Close Combat|p1a: Incineroar
|-activate|p1a: Incineroar|move: Protect
|move|p1b: Gholdengo|Make It Rain|p2b: Sneasler|[spread] p2a,p2b
|-damage|p2a: Sylveon|0 fnt
|-damage|p2b: Sneasler|40/100
|-unboost|p1b: Gholdengo|spa|1
|faint|p2a: Sylveon
|
|upkeep
|
|t:|1756338692
|switch|p2a: Gholdengo|Gholdengo, L50|100/100
|turn|3
|
|t:|1756338702
|switch|p1a: Primarina|Primarina, L50, F|100/100
|move|p2b: Sneasler|Close Combat|p1a: Primarina
|-resisted|p1a: Primarina
|-damage|p1a: Primarina|60/100
|-unboost|p2b: Sneasler|def|1
|-unboost|p2b: Sneasler|spd|1
|move|p2a: Gholdengo|Shadow Ball|p1b: Gholdengo
|-supereffective|p1b: Gholdengo
|-crit|p1b: Gholdengo
|-damage|p1b: Gholdengo|0 fnt
|faint|p1b: Gholdengo
|-damage|p2a: Gholdengo|91/100|[from] item: Life Orb
|
|upkeep
|
|t:|1756338714
|switch|p1b: Incineroar|Incineroar, L50, F|100/100
|-ability|p1b: Incineroar|Intimidate|boost
|-unboost|p2a: Gholdengo|atk|1
|-unboost|p2b: Sneasler|atk|1
|turn|4
|
|t:|1756338744
|move|p1b: Incineroar|Fake Out|p2b: Sneasler
|-damage|p2b: Sneasler|6/100
|cant|p2b: Sneasler|flinch
|move|p2a: Gholdengo|Make It Rain|p1a: Primarina|[spread] p1a,p1b
|-resisted|p1b: Incineroar
|-damage|p1a: Primarina|6/100
|-damage|p1b: Incineroar|67/100
|-unboost|p2a: Gholdengo|spa|1
|-damage|p2a: Gholdengo|81/100|[from] item: Life Orb
|move|p1a: Primarina|Hyper Voice|p2b: Sneasler|[spread] p2a,p2b
|-damage|p2a: Gholdengo|38/100
|-damage|p2b: Sneasler|0 fnt
|faint|p2b: Sneasler
|-enditem|p1a: Primarina|Throat Spray
|-boost|p1a: Primarina|spa|1|[from] item: Throat Spray
|
|upkeep
|turn|5
|-message|Kahizar forfeited.
|
|win|I_LIKE_BREAD7
|l|☆Kahizar
|player|p2|
||Kahizar is ready for game 2.
||I_LIKE_BREAD7 is ready for game 2.
|uhtml|next|Next: Game 2 of 3
