|j|☆FastForwardMyGame
|j|☆Riptide_Lupa
|html|FastForwardMyGameRiptide_Lupa    
|uhtml|bestof|Game 1 of a best-of-3
|t:|1757812124
|gametype|doubles
|player|p1|FastForwardMyGame|cyclist|1087
|player|p2|Riptide_Lupa|hilbert-wonderlauncher|1100
|gen|9
|tier|[Gen 9] VGC 2025 Reg H (Bo3)
|rated|
|rule|Species Clause: Limit one of each Pokémon
|rule|Item Clause: Limit 1 of each item
|clearpoke
|poke|p1|Hatterene, L50, F|
|poke|p1|Sunflora, L50, M|
|poke|p1|Indeedee-F, L50, F|
|poke|p1|Torkoal, L50, M|
|poke|p1|Gallade, L50, M|
|poke|p1|Ursaluna, L50, M|
|poke|p2|Annihilape, L50, M|
|poke|p2|Maushold-Four, L50|
|poke|p2|Klefki, L50, F|
|poke|p2|Sinistcha, L50|
|poke|p2|Ursaluna-Bloodmoon, L50, M|
|poke|p2|Incineroar, L50, M|
|teampreview|4
|showteam|p1|Hatterene||CovertCloak|MagicBounce|TrickRoom,ExpandingForce,DazzlingGleam,Protect|||F|||50|,,,,,Water]Sunflora||LifeOrb|SolarPower|EarthPower,WeatherBall,EnergyBall,Protect|||M|||50|,,,,,Fire]Indeedee-F||EjectButton|PsychicSurge|FollowMe,HelpingHand,TrickRoom,TeraBlast|||F|||50|,,,,,Dark]Torkoal||EjectPack|Drought|Eruption,HelpingHand,SunnyDay,Overheat|||M|||50|,,,,,Grass]Gallade||PsychicSeed|Sharpness|TrickRoom,SacredSword,PsychoCut,WideGuard|||M|||50|,,,,,Fire]Ursaluna||FlameOrb|Guts|Facade,HeadlongRush,Protect,Crunch|||M|||50|,,,,,Ghost
|showteam|p2|Annihilape||Leftovers|Defiant|BulkUp,RageFist,DrainPunch,Protect|||M|||50|,,,,,Steel]Maushold-Four||CovertCloak|FriendGuard|FollowMe,Taunt,Protect,BeatUp||||||50|,,,,,Dark]Klefki||LightClay|Prankster|LightScreen,Reflect,MistyTerrain,DazzlingGleam|||F|||50|,,,,,Fire]Sinistcha||SitrusBerry|Hospitality|LifeDew,RagePowder,MatchaGotcha,TrickRoom||||||50|,,,,,Water]Ursaluna-Bloodmoon||AssaultVest|MindsEye|EarthPower,BloodMoon,HyperVoice,Snarl|||M|||50|,,,,,Grass]Incineroar||MirrorHerb|Intimidate|FakeOut,PartingShot,KnockOff,FlareBlitz|||M|||50|,,,,,Bug
|inactive|Battle timer is ON: inactive players will automatically lose when time's up. (requested by FastForwardMyGame)
|inactive|Riptide_Lupa has 60 seconds left.
|
|t:|1757812179
|teamsize|p1|4
|teamsize|p2|4
|start
|switch|p1a: Amiable|Indeedee-F, L50, F|100/100
|switch|p1b: Goatllade|Gallade, L50, M, shiny|100/100
|switch|p2a: Annihilape|Annihilape, L50, M|100/100
|switch|p2b: Maushold|Maushold-Four, L50|100/100
|-fieldstart|move: Psychic Terrain|[from] ability: Psychic Surge|[of] p1a: Amiable
|-enditem|p1b: Goatllade|Psychic Seed
|-boost|p1b: Goatllade|spd|1|[from] item: Psychic Seed
|turn|1
|inactive|Riptide_Lupa has 30 seconds left.
|
|t:|1757812204
|move|p2a: Annihilape|Protect|p2a: Annihilape
|-singleturn|p2a: Annihilape|Protect
|move|p1a: Amiable|Follow Me|p1a: Amiable
|-singleturn|p1a: Amiable|move: Follow Me
|move|p2b: Maushold|Taunt|p1a: Amiable
|-start|p1a: Amiable|move: Taunt
|move|p1b: Goatllade|Trick Room|p1b: Goatllade
|-fieldstart|move: Trick Room|[of] p1b: Goatllade
|
|upkeep
|turn|2
|
|t:|1757812222
|move|p2b: Maushold|Follow Me|p2b: Maushold
|-singleturn|p2b: Maushold|move: Follow Me
|move|p1a: Amiable|Tera Blast|p2b: Maushold
|-damage|p2b: Maushold|67/100
|move|p1b: Goatllade|Sacred Sword|p2b: Maushold
|-supereffective|p2b: Maushold
|-damage|p2b: Maushold|0 fnt
|faint|p2b: Maushold
|move|p2a: Annihilape|Bulk Up|p2a: Annihilape
|-boost|p2a: Annihilape|atk|1
|-boost|p2a: Annihilape|def|1
|
|upkeep
|
|t:|1757812235
|switch|p2b: Incineroar|Incineroar, L50, M|100/100
|-ability|p2b: Incineroar|Intimidate|boost
|-unboost|p1a: Amiable|atk|1
|-unboost|p1b: Goatllade|atk|1
|turn|3
|inactive|Riptide_Lupa has 30 seconds left.
|
|t:|1757812268
|-terastallize|p2a: Annihilape|Steel
|move|p2b: Incineroar|Knock Off|p1a: Amiable
|-supereffective|p1a: Amiable
|-damage|p1a: Amiable|25/100
|-enditem|p1a: Amiable|Eject Button|[from] move: Knock Off|[of] p2b: Incineroar
|move|p1a: Amiable|Tera Blast|p2b: Incineroar
|-damage|p2b: Incineroar|78/100
|move|p1b: Goatllade|Sacred Sword|p2b: Incineroar
|-supereffective|p2b: Incineroar
|-damage|p2b: Incineroar|0 fnt
|faint|p2b: Incineroar
|move|p2a: Annihilape|Rage Fist|p1b: Goatllade
|-supereffective|p1b: Goatllade
|-damage|p1b: Goatllade|12/100
|
|upkeep
|
|t:|1757812282
|switch|p2b: Ursaluna|Ursaluna-Bloodmoon, L50, M|100/100
|turn|4
|
|t:|1757812297
|move|p2b: Ursaluna|Hyper Voice|p1b: Goatllade|[spread] p1a,p1b
|-damage|p1a: Amiable|0 fnt
|-damage|p1b: Goatllade|0 fnt
|faint|p1a: Amiable
|faint|p1b: Goatllade
|move|p2a: Annihilape|Bulk Up|p2a: Annihilape
|-boost|p2a: Annihilape|atk|1
|-boost|p2a: Annihilape|def|1
|
|upkeep
|
|t:|1757812303
|switch|p1a: Anger|Torkoal, L50, M|100/100
|switch|p1b: Goatflora|Sunflora, L50, M|100/100
|-weather|SunnyDay|[from] ability: Drought|[of] p1a: Anger
|turn|5
|
|t:|1757812326
|move|p2a: Annihilape|Protect|p2a: Annihilape
|-singleturn|p2a: Annihilape|Protect
|move|p1a: Anger|Eruption|p2b: Ursaluna|[spread] p2b
|-activate|p2a: Annihilape|move: Protect
|-damage|p2b: Ursaluna|57/100
|move|p1b: Goatflora|Energy Ball|p2b: Ursaluna
|-supereffective|p2b: Ursaluna
|-damage|p2b: Ursaluna|0 fnt
|faint|p2b: Ursaluna
|-damage|p1b: Goatflora|91/100|[from] item: Life Orb
|
|-weather|SunnyDay|[upkeep]
|-damage|p1b: Goatflora|79/100|[from] ability: Solar Power|[of] p1b: Goatflora
|-fieldend|move: Trick Room
|-fieldend|move: Psychic Terrain
|upkeep
|turn|6
|
|t:|1757812351
|-terastallize|p1b: Goatflora|Fire
|move|p2a: Annihilape|Drain Punch|p1a: Anger
|-damage|p1a: Anger|50/100
|move|p1b: Goatflora|Weather Ball|p2a: Annihilape
|-supereffective|p2a: Annihilape
|-damage|p2a: Annihilape|0 fnt
|faint|p2a: Annihilape
|-damage|p1b: Goatflora|69/100|[from] item: Life Orb
|
|win|FastForwardMyGame
||Riptide_Lupa is ready for game 2.
||FastForwardMyGame is ready for game 2.
|uhtml|next|Next: Game 2 of 3
