|j|☆toughlogvgc
|j|☆ballfondler4000
|html|toughlogvgcballfondler4000    
|uhtml|bestof|Game 1 of a best-of-3
|t:|1783884383
|gametype|doubles
|player|p1|toughlogvgc|1|1151
|player|p2|ballfondler4000|170|1002
|gen|9
|tier|[Gen 9 Champions] VGC 2026 Reg M-B (Bo3)
|rated|
|rule|Species Clause: Limit one of each Pokémon
|rule|Item Clause: Limit 1 of each item
|clearpoke
|poke|p1|Charizard, L50, M|
|poke|p1|Garchomp, L50, M|
|poke|p1|Basculegion, L50, M|
|poke|p1|Whimsicott, L50, F|
|poke|p1|Kingambit, L50, F|
|poke|p1|Floette-Eternal, L50, F|
|poke|p2|Aegislash, L50, M|
|poke|p2|Sylveon, L50, F|
|poke|p2|Garchomp, L50, F|
|poke|p2|Zoroark-Hisui, L50, F|
|poke|p2|Charizard, L50, F|
|poke|p2|Talonflame, L50, F|
|teampreview|4
|showteam|p1|Charizard||CharizarditeY|Blaze|HeatWave,SolarBeam,Protect,WeatherBall|Modest||M|||50|]Garchomp||LifeOrb|RoughSkin|DragonClaw,Earthquake,RockSlide,Protect|Jolly||M|||50|]Basculegion||ChoiceScarf|Adaptability|WaveCrash,AquaJet,FlipTurn,LastRespects|Adamant||M|||50|]Whimsicott||FocusSash|Prankster|Moonblast,Tailwind,Protect,Encore|Timid||F|||50|]Kingambit||BlackGlasses|Defiant|IronHead,KowtowCleave,Protect,SuckerPunch|Adamant||F|||50|]Floette-Eternal||Floettite|FlowerVeil|Moonblast,LightofRuin,DazzlingGleam,Protect|Modest||F|||50|
|showteam|p2|Aegislash||SitrusBerry|StanceChange|KingsShield,ShadowBall,FlashCannon,WideGuard|Modest||M|||50|]Sylveon||IronBall|Pixilate|Round,Protect,HyperBeam,Copycat|Quiet||F|||50|]Garchomp||LifeOrb|RoughSkin|RockSlide,DragonClaw,Protect,Earthquake|Naive||F|||50|]Zoroark-Hisui||FocusSash|Illusion|Round,BitterMalice,HyperBeam,GrassKnot|Timid||F|||50|]Charizard||CharizarditeY|Blaze|SolarBeam,Protect,HeatWave,WeatherBall|Modest||F|||50|]Talonflame|||FlameBody|Acrobatics,FlareBlitz,QuickGuard,Tailwind|Serious||F|||50|
|inactive|Battle timer is ON: inactive players will automatically lose when time's up. (requested by toughlogvgc)
|inactive|toughlogvgc has 60 seconds left.
|inactive|toughlogvgc has 30 seconds left.
|
|t:|1783884493
|teamsize|p1|4
|teamsize|p2|4
|start
|switch|p1a: Charizard|Charizard, L50, M|100/100
|switch|p1b: Garchomp|Garchomp, L50, M|100/100
|switch|p2a: Talonflame|Talonflame, L50, F|100/100
|switch|p2b: Aegislash|Aegislash, L50, M|100/100
|turn|1
|inactive|ballfondler4000 has 30 seconds left.
|inactive|ballfondler4000 has 20 seconds left.
|inactive|ballfondler4000 has 15 seconds left.
|inactive|ballfondler4000 has 10 seconds left.
|inactive|ballfondler4000 has 5 seconds left.
|
|t:|1783884547
|detailschange|p1a: Charizard|Charizard-Mega-Y, L50, M
|-mega|p1a: Charizard|Charizard|Charizardite Y
|-weather|SunnyDay|[from] ability: Drought|[of] p1a: Charizard
|move|p2b: Aegislash|Wide Guard|p2b: Aegislash
|-singleturn|p2b: Aegislash|Wide Guard
|move|p2a: Talonflame|Tailwind|p2a: Talonflame
|-sidestart|p2: ballfondler4000|move: Tailwind
|move|p1b: Garchomp|Rock Slide|p2a: Talonflame|[spread] 
|-activate|p2a: Talonflame|move: Wide Guard
|-activate|p2b: Aegislash|move: Wide Guard
|move|p1a: Charizard|Weather Ball|p2b: Aegislash
|-supereffective|p2b: Aegislash|1
|-damage|p2b: Aegislash|0 fnt
|faint|p2b: Aegislash
|
|-weather|SunnyDay|[upkeep]
|upkeep
|
|t:|1783884566
|switch|p2b: Garchomp|Garchomp, L50, F|100/100
|turn|2
|
|t:|1783884590
|switch|p1b: Whimsicott|Whimsicott, L50, F|100/100
|move|p1a: Charizard|Protect|p1a: Charizard
|-singleturn|p1a: Charizard|Protect
|move|p2a: Talonflame|Acrobatics|p1b: Whimsicott
|-supereffective|p1b: Whimsicott|1
|-enditem|p1b: Whimsicott|Focus Sash
|-damage|p1b: Whimsicott|1/100
|move|p2b: Garchomp|Rock Slide|p1b: Whimsicott|[spread] p1b
|-activate|p1a: Charizard|move: Protect
|-damage|p1b: Whimsicott|0 fnt
|faint|p1b: Whimsicott
|-damage|p2b: Garchomp|90/100|[from] item: Life Orb
|
|-weather|SunnyDay|[upkeep]
|upkeep
|
|t:|1783884606
|switch|p1b: Basculegion|Basculegion, L50, M|100/100
|turn|3
|
|t:|1783884635
|switch|p1a: Garchomp|Garchomp, L50, M|100/100
|move|p1b: Basculegion|Aqua Jet|p2a: Talonflame
|-supereffective|p2a: Talonflame|1
|-crit|p2a: Talonflame
|-damage|p2a: Talonflame|37/100
|move|p2a: Talonflame|Acrobatics|p1b: Basculegion
|-damage|p1b: Basculegion|46/100
|move|p2b: Garchomp|Rock Slide|p1a: Garchomp|[spread] p1b
|-miss|p2b: Garchomp|p1a: Garchomp
|-damage|p1b: Basculegion|13/100
|-damage|p2b: Garchomp|80/100|[from] item: Life Orb
|
|-weather|SunnyDay|[upkeep]
|upkeep
|turn|4
|inactive|toughlogvgc has 30 seconds left.
|
|t:|1783884663
|switch|p1b: Charizard|Charizard-Mega-Y, L50, M|100/100
|move|p1a: Garchomp|Protect|p1a: Garchomp
|-singleturn|p1a: Garchomp|Protect
|move|p2a: Talonflame|Quick Guard|p2a: Talonflame
|-singleturn|p2a: Talonflame|Quick Guard
|move|p2b: Garchomp|Dragon Claw|p1a: Garchomp
|-activate|p1a: Garchomp|move: Protect
|
|-weather|SunnyDay|[upkeep]
|-sideend|p2: ballfondler4000|move: Tailwind
|upkeep
|turn|5
|inactive|toughlogvgc has 30 seconds left.
|inactive|toughlogvgc has 20 seconds left.
|
|t:|1783884702
|move|p2a: Talonflame|Tailwind|p2a: Talonflame
|-sidestart|p2: ballfondler4000|move: Tailwind
|move|p2b: Garchomp|Rock Slide|p1a: Garchomp|[spread] p1a,p1b
|-resisted|p1a: Garchomp|1
|-supereffective|p1b: Charizard|2
|-damage|p1a: Garchomp|88/100
|-damage|p1b: Charizard|0 fnt
|faint|p1b: Charizard
|-damage|p2b: Garchomp|70/100|[from] item: Life Orb
|cant|p1a: Garchomp|flinch
|
|-weather|none
|upkeep
|
|t:|1783884712
|switch|p1b: Basculegion|Basculegion, L50, M|13/100
|turn|6
|
|t:|1783884728
|move|p2a: Talonflame|Quick Guard|p2a: Talonflame
|-singleturn|p2a: Talonflame|Quick Guard
|move|p2b: Garchomp|Dragon Claw|p1a: Garchomp
|-supereffective|p1a: Garchomp|1
|-damage|p1a: Garchomp|0 fnt
|-damage|p2b: Garchomp|58/100|[from] ability: Rough Skin|[of] p1a: Garchomp
|faint|p1a: Garchomp
|-damage|p2b: Garchomp|48/100|[from] item: Life Orb
|move|p1b: Basculegion|Last Respects|p2b: Garchomp
|-damage|p2b: Garchomp|0 fnt
|faint|p2b: Garchomp
|
|upkeep
|
|t:|1783884740
|switch|p2b: Charizard|Charizard, L50, F|100/100
|turn|7
|
|t:|1783884748
|detailschange|p2b: Charizard|Charizard-Mega-Y, L50, F
|-mega|p2b: Charizard|Charizard|Charizardite Y
|-weather|SunnyDay|[from] ability: Drought|[of] p2b: Charizard
|move|p2a: Talonflame|Acrobatics|p1b: Basculegion
|-crit|p1b: Basculegion
|-damage|p1b: Basculegion|0 fnt
|faint|p1b: Basculegion
|
|win|ballfondler4000
||ballfondler4000 is ready for game 2.
|inactive|toughlogvgc has 30 seconds to confirm battle start!
||toughlogvgc is ready for game 2.
|uhtml|next|Next: Game 2 of 3
|l|☆ballfondler4000
|player|p2|
