|j|‽Juaner95
|j|☆Orizor
|html|Juaner95Orizor    
|uhtml|bestof|Game 3 of a best-of-3
|t:|1785695345
|gametype|doubles
|player|p1|Juaner95|ash-hoenn|1159
|player|p2|Orizor|265|1000
|gen|9
|tier|[Gen 9 Champions] VGC 2026 Reg M-B (Bo3)
|rated|
|rule|Species Clause: Limit one of each Pokémon
|rule|Item Clause: Limit 1 of each item
|clearpoke
|poke|p1|Eelektross, L50, F|
|poke|p1|Ninetales-Alola, L50, F, shiny|
|poke|p1|Talonflame, L50, M|
|poke|p1|Garchomp, L50, M|
|poke|p1|Incineroar, L50, M, shiny|
|poke|p1|Kingambit, L50, M|
|poke|p2|Staraptor, L50, M|
|poke|p2|Milotic, L50, F|
|poke|p2|Tyranitar, L50, M|
|poke|p2|Gholdengo, L50|
|poke|p2|Excadrill, L50, M|
|poke|p2|Sinistcha, L50|
|teampreview|4
|showteam|p1|Eelektross||Eelektrossite|Levitate|SupercellSlam,DrainPunch,Coil,Protect|Adamant||F|||50|]Ninetales-Alola||ChoiceScarf|SnowWarning|Blizzard,FreezeDry,IcyWind,Moonblast|Modest||F|||50|]Talonflame||SharpBeak|GaleWings|BraveBird,FlareBlitz,Tailwind,Protect|Jolly||M|||50|]Garchomp||LifeOrb|RoughSkin|RockSlide,Earthquake,DragonClaw,Protect|Jolly||M|||50|]Incineroar||SitrusBerry|Intimidate|FlareBlitz,ThroatChop,PartingShot,FakeOut|Careful||M|||50|]Kingambit||FocusSash|Defiant|KowtowCleave,SuckerPunch,LowKick,Protect|Adamant||M|||50|
|showteam|p2|Staraptor||Staraptite|Intimidate|BraveBird,CloseCombat,Tailwind,Protect|Jolly||M|||50|]Milotic||SitrusBerry|Competitive|Scald,IceBeam,IcyWind,Recover|Modest||F|||50|]Tyranitar||Tyranitarite|SandStream|RockSlide,KnockOff,LowKick,Protect|Adamant||M|||50|]Gholdengo||LifeOrb|GoodasGold|ShadowBall,MakeItRain,NastyPlot,Protect|Modest|||||50|]Excadrill||FocusSash|SandRush|HighHorsepower,IronHead,RockSlide,Protect|Adamant||M|||50|]Sinistcha||ColburBerry|Hospitality|MatchaGotcha,RagePowder,TrickRoom,Protect|Bold|||||50|
|inactive|Battle timer is ON: inactive players will automatically lose when time's up. (requested by Orizor)
|inactive|Juaner95 has 60 seconds left.
|inactive|Orizor has 60 seconds left.
|inactive|Juaner95 has 30 seconds left.
|inactive|Juaner95 has 20 seconds left.
|
|t:|1785695419
|teamsize|p1|4
|teamsize|p2|4
|start
|switch|p1a: Talonflame|Talonflame, L50, M|100/100
|switch|p1b: Ninetales|Ninetales-Alola, L50, F, shiny|100/100
|switch|p2a: Staraptor|Staraptor, L50, M|100/100
|switch|p2b: Excadrill|Excadrill, L50, M|100/100
|-weather|Snowscape|[from] ability: Snow Warning|[of] p1b: Ninetales
|-ability|p2a: Staraptor|Intimidate|boost
|-unboost|p1a: Talonflame|atk|1
|-unboost|p1b: Ninetales|atk|1
|turn|1
|
|t:|1785695443
|switch|p2a: Tyranitar|Tyranitar, L50, M|100/100
|-weather|Sandstorm|[from] ability: Sand Stream|[of] p2a: Tyranitar
|move|p1a: Talonflame|Tailwind|p1a: Talonflame
|-sidestart|p1: Juaner95|move: Tailwind
|move|p1b: Ninetales|Blizzard|p2a: Tyranitar|[spread] p2a,p2b
|-damage|p2a: Tyranitar|79/100
|-damage|p2b: Excadrill|58/100
|move|p2b: Excadrill|Rock Slide|p1b: Ninetales|[spread] p1a,p1b
|-supereffective|p1a: Talonflame|2
|-supereffective|p1b: Ninetales|1
|-damage|p1a: Talonflame|0 fnt
|-damage|p1b: Ninetales|38/100
|faint|p1a: Talonflame
|
|-weather|Sandstorm|[upkeep]
|-damage|p1b: Ninetales|32/100|[from] Sandstorm
|upkeep
|
|t:|1785695450
|switch|p1a: Garchomp|Garchomp, L50, M|100/100
|turn|2
|inactive|Orizor has 30 seconds left.
|
|t:|1785695483
|switch|p1b: Eelektross|Eelektross, L50, F|100/100
|switch|p2a: Milotic|Milotic, L50, F|100/100
|move|p2b: Excadrill|Protect|p2b: Excadrill
|-singleturn|p2b: Excadrill|Protect
|move|p1a: Garchomp|Earthquake|p2a: Milotic|[spread] p2a
|-activate|p2b: Excadrill|move: Protect
|-immune|p1b: Eelektross|[from] ability: Levitate
|-damage|p2a: Milotic|51/100
|-damage|p1a: Garchomp|90/100|[from] item: Life Orb
|
|-weather|Sandstorm|[upkeep]
|-damage|p1b: Eelektross|94/100|[from] Sandstorm
|-damage|p2a: Milotic|46/100|[from] Sandstorm
|-enditem|p2a: Milotic|Sitrus Berry|[eat]
|-heal|p2a: Milotic|70/100|[from] item: Sitrus Berry
|upkeep
|turn|3
|inactive|Orizor has 30 seconds left.
|inactive|Orizor has 20 seconds left.
|inactive|Orizor has 15 seconds left.
|
|t:|1785695528
|switch|p2b: Staraptor|Staraptor, L50, M|100/100
|-ability|p2b: Staraptor|Intimidate|boost
|-unboost|p1a: Garchomp|atk|1
|-unboost|p1b: Eelektross|atk|1
|switch|p2a: Tyranitar|Tyranitar, L50, M|79/100
|detailschange|p1b: Eelektross|Eelektross-Mega, L50, F
|-mega|p1b: Eelektross|Eelektross|Eelektrossite
|move|p1a: Garchomp|Earthquake|p2a: Tyranitar|[spread] p2a
|-immune|p1b: Eelektross|[from] ability: Eelevate
|-immune|p2b: Staraptor
|-supereffective|p2a: Tyranitar|1
|-damage|p2a: Tyranitar|26/100
|-damage|p1a: Garchomp|80/100|[from] item: Life Orb
|move|p1b: Eelektross|Coil|p1b: Eelektross
|-boost|p1b: Eelektross|atk|1
|-boost|p1b: Eelektross|def|1
|-boost|p1b: Eelektross|accuracy|1
|
|-weather|Sandstorm|[upkeep]
|-damage|p1b: Eelektross|88/100|[from] Sandstorm
|-damage|p2b: Staraptor|93/100|[from] Sandstorm
|upkeep
|turn|4
|inactive|Orizor has 30 seconds left.
|inactive|Orizor has 20 seconds left.
|
|t:|1785695565
|switch|p1a: Ninetales|Ninetales-Alola, L50, F, shiny|32/100
|-weather|Snowscape|[from] ability: Snow Warning|[of] p1a: Ninetales
|switch|p2a: Milotic|Milotic, L50, F|70/100
|move|p2b: Staraptor|Protect|p2b: Staraptor
|-singleturn|p2b: Staraptor|Protect
|move|p1b: Eelektross|Drain Punch|p2a: Milotic
|-damage|p2a: Milotic|45/100
|-heal|p1b: Eelektross|100/100|[from] drain|[of] p2a: Milotic
|
|-weather|Snowscape|[upkeep]
|-sideend|p1: Juaner95|move: Tailwind
|upkeep
|turn|5
|
|t:|1785695590
|switch|p1a: Garchomp|Garchomp, L50, M|80/100
|switch|p2a: Excadrill|Excadrill, L50, M|58/100
|detailschange|p2b: Staraptor|Staraptor-Mega, L50, M
|-mega|p2b: Staraptor|Staraptor|Staraptite
|move|p2b: Staraptor|Close Combat|p1a: Garchomp
|-damage|p1a: Garchomp|25/100
|-boost|p2b: Staraptor|def|1
|-boost|p2b: Staraptor|spd|1
|-damage|p2b: Staraptor|81/100|[from] ability: Rough Skin|[of] p1a: Garchomp
|move|p1b: Eelektross|Supercell Slam|p2b: Staraptor
|-supereffective|p2b: Staraptor|1
|-damage|p2b: Staraptor|6/100
|
|-weather|Snowscape|[upkeep]
|upkeep
|turn|6
|inactive|Juaner95 has 30 seconds left.
|
|t:|1785695618
|switch|p2b: Tyranitar|Tyranitar, L50, M|26/100
|-weather|Sandstorm|[from] ability: Sand Stream|[of] p2b: Tyranitar
|move|p2a: Excadrill|High Horsepower|p1a: Garchomp
|-damage|p1a: Garchomp|0 fnt
|-damage|p2a: Excadrill|46/100|[from] ability: Rough Skin|[of] p1a: Garchomp
|faint|p1a: Garchomp
|move|p1b: Eelektross|Drain Punch|p2a: Excadrill
|-supereffective|p2a: Excadrill|1
|-damage|p2a: Excadrill|0 fnt
|faint|p2a: Excadrill
|-ability|p1b: Eelektross|Eelevate|boost
|-boost|p1b: Eelektross|atk|1
|
|-weather|Sandstorm|[upkeep]
|-damage|p1b: Eelektross|94/100|[from] Sandstorm
|upkeep
|inactive|Orizor has 30 seconds left.
|
|t:|1785695651
|switch|p1a: Ninetales|Ninetales-Alola, L50, F, shiny|32/100
|switch|p2a: Staraptor|Staraptor-Mega, L50, M|6/100
|-weather|Snowscape|[from] ability: Snow Warning|[of] p1a: Ninetales
|turn|7
|
|t:|1785695668
|switch|p2b: Milotic|Milotic, L50, F|45/100
|move|p2a: Staraptor|Protect|p2a: Staraptor
|-singleturn|p2a: Staraptor|Protect
|move|p1a: Ninetales|Blizzard|p2a: Staraptor|[spread] p2b
|-activate|p2a: Staraptor|move: Protect
|-resisted|p2b: Milotic|1
|-damage|p2b: Milotic|32/100
|move|p1b: Eelektross|Drain Punch|p2b: Milotic
|-damage|p2b: Milotic|0 fnt
|-heal|p1b: Eelektross|100/100|[from] drain|[of] p2b: Milotic
|faint|p2b: Milotic
|-ability|p1b: Eelektross|Eelevate|boost
|-boost|p1b: Eelektross|atk|1
|
|-weather|Snowscape|[upkeep]
|upkeep
|
|t:|1785695672
|switch|p2b: Tyranitar|Tyranitar, L50, M|26/100
|-weather|Sandstorm|[from] ability: Sand Stream|[of] p2b: Tyranitar
|turn|8
|
|t:|1785695688
|move|p1a: Ninetales|Blizzard|p2b: Tyranitar|[spread] p2b
|-miss|p1a: Ninetales|p2a: Staraptor
|-damage|p2b: Tyranitar|6/100
|move|p2a: Staraptor|Close Combat|p1b: Eelektross
|-damage|p1b: Eelektross|57/100
|-boost|p2a: Staraptor|def|1
|-boost|p2a: Staraptor|spd|1
|move|p1b: Eelektross|Supercell Slam|p2a: Staraptor
|-supereffective|p2a: Staraptor|1
|-damage|p2a: Staraptor|0 fnt
|faint|p2a: Staraptor
|-ability|p1b: Eelektross|Eelevate|boost
|-boost|p1b: Eelektross|atk|1
|move|p2b: Tyranitar|Rock Slide|p1b: Eelektross|[spread] p1a,p1b
|-supereffective|p1a: Ninetales|1
|-damage|p1a: Ninetales|0 fnt
|-damage|p1b: Eelektross|35/100
|faint|p1a: Ninetales
|
|-weather|Sandstorm|[upkeep]
|-damage|p1b: Eelektross|29/100|[from] Sandstorm
|upkeep
|turn|9
|
|t:|1785695704
|move|p1b: Eelektross|Drain Punch|p2b: Tyranitar
|-supereffective|p2b: Tyranitar|2
|-damage|p2b: Tyranitar|0 fnt
|-heal|p1b: Eelektross|32/100|[from] drain|[of] p2b: Tyranitar
|faint|p2b: Tyranitar
|
|win|Juaner95
|raw|Juaner95's rating: 1159 → 1173(+14 for winning)
|raw|Orizor's rating: 1000 → 1000(+0 for losing)
|l|☆Orizor
|player|p2|
