|j|☆Slackermaru
|j|☆Sakky09
|html|SlackermaruSakky09    
|uhtml|bestof|Game 2 of a best-of-3
|t:|1757247052
|gametype|doubles
|player|p1|Slackermaru|workerice|1437
|player|p2|Sakky09|sailor|1395
|gen|9
|tier|[Gen 9] VGC 2025 Reg H (Bo3)
|rated|
|rule|Species Clause: Limit one of each Pokémon
|rule|Item Clause: Limit 1 of each item
|clearpoke
|poke|p1|Rillaboom, L50, F|
|poke|p1|Dragonite, L50, M|
|poke|p1|Sneasler, L50, M|
|poke|p1|Kingambit, L50, M|
|poke|p1|Electabuzz, L50, M|
|poke|p1|Volcarona, L50, F|
|poke|p2|Maushold-Four, L50|
|poke|p2|Annihilape, L50, M|
|poke|p2|Dragonite, L50, M|
|poke|p2|Gholdengo, L50|
|poke|p2|Ursaluna-Bloodmoon, L50, M|
|poke|p2|Rillaboom, L50, M|
|teampreview|4
|showteam|p1|Rillaboom||AssaultVest|GrassySurge|FakeOut,HighHorsepower,WoodHammer,GrassyGlide|||F|||50|,,,,,Water]Dragonite||LoadedDice|Multiscale|ExtremeSpeed,ScaleShot,Protect,Haze|||M|||50|,,,,,Steel]Sneasler||FocusSash|Unburden|DireClaw,CloseCombat,Coaching,Protect|||M|||50|,,,,,Stellar]Kingambit||SafetyGoggles|Defiant|KowtowCleave,SuckerPunch,SwordsDance,Protect|||M|||50|,,,,,Ghost]Electabuzz||Eviolite|VitalSpirit|Thunderbolt,Taunt,FollowMe,Protect|||M|||50|,,,,,Ghost]Volcarona||Leftovers|FlameBody|HeatWave,TeraBlast,QuiverDance,Protect|||F|||50|,,,,,Fairy
|showteam|p2|Maushold-Four||FocusSash|FriendGuard|SuperFang,FollowMe,BeatUp,Protect||||||50|,,,,,Ghost]Annihilape||SitrusBerry|Defiant|RageFist,DrainPunch,BulkUp,Protect|||M|||50|,,,,,Fire]Dragonite||LoadedDice|Multiscale|Tailwind,Haze,Protect,ScaleShot|||M|||50|,,,,,Fairy]Gholdengo||LifeOrb|GoodasGold|MakeItRain,ShadowBall,NastyPlot,Protect||||||50|,,,,,Water]Ursaluna-Bloodmoon||AssaultVest|MindsEye|BloodMoon,EarthPower,HyperVoice,VacuumWave|||M|||50|,,,,,Water]Rillaboom||MiracleSeed|GrassySurge|WoodHammer,GrassyGlide,FakeOut,HighHorsepower|||M|||50|,,,,,Fire
|inactive|Battle timer is ON: inactive players will automatically lose when time's up. (requested by Sakky09)
|inactive|Sakky09 has 60 seconds left.
|
|t:|1757247085
|teamsize|p1|4
|teamsize|p2|4
|start
|switch|p1a: Sneasler|Sneasler, L50, M|100/100
|switch|p1b: Dragonite|Dragonite, L50, M, shiny|100/100
|switch|p2a: Maushold|Maushold-Four, L50|100/100
|switch|p2b: Annihilape|Annihilape, L50, M|100/100
|turn|1
|
|t:|1757247109
|move|p1a: Sneasler|Coaching|p1b: Dragonite
|-boost|p1b: Dragonite|atk|1
|-boost|p1b: Dragonite|def|1
|move|p2a: Maushold|Beat Up|p2b: Annihilape
|-damage|p2b: Annihilape|99/100
|-damage|p2b: Annihilape|97/100
|-damage|p2b: Annihilape|96/100
|-damage|p2b: Annihilape|94/100
|-hitcount|p2b: Annihilape|4
|move|p1b: Dragonite|Scale Shot|p2a: Maushold
|-damage|p2a: Maushold|73/100
|-damage|p2a: Maushold|46/100
|-damage|p2a: Maushold|19/100
|-damage|p2a: Maushold|0 fnt
|faint|p2a: Maushold
|-hitcount|p2: Maushold|4
|-unboost|p1b: Dragonite|def|1
|-boost|p1b: Dragonite|spe|1
|move|p2b: Annihilape|Bulk Up|p2b: Annihilape
|-boost|p2b: Annihilape|atk|1
|-boost|p2b: Annihilape|def|1
|
|upkeep
|
|t:|1757247130
|switch|p2a: Gholdengo|Gholdengo, L50|100/100
|turn|2
|inactive|Sakky09 has 30 seconds left.
|inactive|Sakky09 has 20 seconds left.
|inactive|Sakky09 has 15 seconds left.
|inactive|Sakky09 has 10 seconds left.
|
|t:|1757247175
|move|p1b: Dragonite|Scale Shot|p2b: Annihilape
|-damage|p2b: Annihilape|80/100
|-damage|p2b: Annihilape|67/100
|-damage|p2b: Annihilape|53/100
|-damage|p2b: Annihilape|38/100
|-enditem|p2b: Annihilape|Sitrus Berry|[eat]
|-heal|p2b: Annihilape|63/100|[from] item: Sitrus Berry
|-hitcount|p2b: Annihilape|4
|-unboost|p1b: Dragonite|def|1
|-boost|p1b: Dragonite|spe|1
|move|p1a: Sneasler|Dire Claw|p2b: Annihilape
|-resisted|p2b: Annihilape
|-crit|p2b: Annihilape
|-damage|p2b: Annihilape|32/100
|-status|p2b: Annihilape|slp
|move|p2a: Gholdengo|Make It Rain|p1a: Sneasler|[spread] p1a,p1b
|-damage|p1a: Sneasler|17/100
|-damage|p1b: Dragonite|70/100
|-unboost|p2a: Gholdengo|spa|1
|-damage|p2a: Gholdengo|91/100|[from] item: Life Orb
|cant|p2b: Annihilape|slp
|
|upkeep
|turn|3
|inactive|Slackermaru has 30 seconds left.
|inactive|Sakky09 has 30 seconds left.
|
|t:|1757247208
|-terastallize|p1b: Dragonite|Steel
|move|p1b: Dragonite|Scale Shot|p2b: Annihilape
|-damage|p2b: Annihilape|18/100 slp
|-damage|p2b: Annihilape|2/100 slp
|-damage|p2b: Annihilape|0 fnt
|faint|p2b: Annihilape
|-hitcount|p2: Annihilape|3
|-unboost|p1b: Dragonite|def|1
|-boost|p1b: Dragonite|spe|1
|move|p1a: Sneasler|Coaching|p1b: Dragonite
|-boost|p1b: Dragonite|atk|1
|-boost|p1b: Dragonite|def|1
|move|p2a: Gholdengo|Make It Rain|p1b: Dragonite|[spread] p1a,p1b
|-resisted|p1b: Dragonite
|-damage|p1a: Sneasler|0 fnt
|-damage|p1b: Dragonite|49/100
|-unboost|p2a: Gholdengo|spa|1
|faint|p1a: Sneasler
|-damage|p2a: Gholdengo|81/100|[from] item: Life Orb
|
|upkeep
|
|t:|1757247228
|switch|p1a: Volcarona|Volcarona, L50, F|100/100
|switch|p2b: Dragonite|Dragonite, L50, M|100/100
|turn|4
|
|t:|1757247250
|-terastallize|p2b: Dragonite|Fairy
|move|p1b: Dragonite|Protect|p1b: Dragonite
|-singleturn|p1b: Dragonite|Protect
|move|p2a: Gholdengo|Protect|p2a: Gholdengo
|-singleturn|p2a: Gholdengo|Protect
|move|p1a: Volcarona|Heat Wave|p2b: Dragonite|[spread] p2b
|-activate|p2a: Gholdengo|move: Protect
|-damage|p2b: Dragonite|83/100
|move|p2b: Dragonite|Scale Shot|p1a: Volcarona
|-damage|p1a: Volcarona|82/100
|-damage|p1a: Volcarona|64/100
|-damage|p1a: Volcarona|45/100
|-damage|p1a: Volcarona|27/100
|-hitcount|p1a: Volcarona|4
|-unboost|p2b: Dragonite|def|1
|-boost|p2b: Dragonite|spe|1
|
|-heal|p1a: Volcarona|33/100|[from] item: Leftovers
|upkeep
|turn|5
|inactive|Sakky09 has 30 seconds left.
|inactive|Sakky09 has 20 seconds left.
|inactive|Sakky09 has 15 seconds left.
|inactive|Sakky09 has 10 seconds left.
|inactive|Sakky09 has 5 seconds left.
|
|t:|1757247303
|move|p1a: Volcarona|Protect|p1a: Volcarona
|-singleturn|p1a: Volcarona|Protect
|move|p1b: Dragonite|Extreme Speed|p2b: Dragonite
|-damage|p2b: Dragonite|0 fnt
|faint|p2b: Dragonite
|move|p2a: Gholdengo|Nasty Plot|p2a: Gholdengo
|-boost|p2a: Gholdengo|spa|2
|
|-heal|p1a: Volcarona|39/100|[from] item: Leftovers
|upkeep
|turn|6
|
|t:|1757247320
|move|p1b: Dragonite|Scale Shot|p2a: Gholdengo
|-resisted|p2a: Gholdengo
|-damage|p2a: Gholdengo|67/100
|-resisted|p2a: Gholdengo
|-damage|p2a: Gholdengo|54/100
|-resisted|p2a: Gholdengo
|-damage|p2a: Gholdengo|40/100
|-resisted|p2a: Gholdengo
|-damage|p2a: Gholdengo|26/100
|-hitcount|p2a: Gholdengo|4
|-unboost|p1b: Dragonite|def|1
|-boost|p1b: Dragonite|spe|1
|move|p1a: Volcarona|Heat Wave|p2a: Gholdengo
|-supereffective|p2a: Gholdengo
|-damage|p2a: Gholdengo|0 fnt
|faint|p2a: Gholdengo
|
|win|Slackermaru
|raw|Slackermaru's rating: 1437 → 1455(+18 for winning)
|raw|Sakky09's rating: 1395 → 1377(-18 for losing)
|l|☆Sakky09
|player|p2|
