|j|☆FFLastResort
|j|☆monado476
|html|FFLastResortmonado476    
|uhtml|bestof|Game 1 of a best-of-3
|t:|1757020440
|gametype|doubles
|player|p1|FFLastResort|ethan|1125
|player|p2|monado476|volkner|1227
|gen|9
|tier|[Gen 9] VGC 2025 Reg H (Bo3)
|rated|
|rule|Species Clause: Limit one of each Pokémon
|rule|Item Clause: Limit 1 of each item
|clearpoke
|poke|p1|Gholdengo, L50|
|poke|p1|Dragonite, L50, M|
|poke|p1|Maushold-Four, L50|
|poke|p1|Rillaboom, L50, M|
|poke|p1|Ursaluna-Bloodmoon, L50, M|
|poke|p1|Annihilape, L50, F|
|poke|p2|Incineroar, L50, M|
|poke|p2|Whimsicott, L50, F|
|poke|p2|Ursaluna-Bloodmoon, L50, M|
|poke|p2|Kleavor, L50, M|
|poke|p2|Gholdengo, L50|
|poke|p2|Primarina, L50, F|
|teampreview|4
|showteam|p1|Gholdengo||LifeOrb|GoodasGold|MakeItRain,ShadowBall,NastyPlot,Protect||||||50|,,,,,Water]Dragonite||LoadedDice|Multiscale|Tailwind,Haze,Protect,ScaleShot|||M|||50|,,,,,Fairy]Maushold-Four||FocusSash|FriendGuard|Taunt,FollowMe,BeatUp,Protect||||||50|,,,,,Ghost]Rillaboom||MiracleSeed|GrassySurge|FakeOut,WoodHammer,GrassyGlide,HighHorsepower|||M|||50|,,,,,Grass]Ursaluna-Bloodmoon||AssaultVest|MindsEye|BloodMoon,EarthPower,HyperVoice,VacuumWave|||M|||50|,,,,,Water]Annihilape||SitrusBerry|Defiant|DrainPunch,RageFist,BulkUp,Protect|||F|||50|,,,,,Fire
|showteam|p2|Incineroar||SafetyGoggles|Intimidate|FakeOut,PartingShot,KnockOff,FlareBlitz|||M|||50|,,,,,Grass]Whimsicott||FocusSash|Prankster|Moonblast,Tailwind,Encore,Taunt|||F|||50|,,,,,Ghost]Ursaluna-Bloodmoon||AssaultVest|MindsEye|BloodMoon,EarthPower,HyperVoice,Snarl|||M|||50|,,,,,Bug]Kleavor||LifeOrb|Sharpness|StoneAxe,Defog,XScissor,Protect|||M|||50|,,,,,Grass]Gholdengo||MetalCoat|GoodasGold|MakeItRain,ShadowBall,NastyPlot,Protect||||||50|,,,,,Steel]Primarina||CovertCloak|LiquidVoice|Haze,HyperVoice,Moonblast,Protect|||F|||50|,,,,,Poison
|inactive|Battle timer is ON: inactive players will automatically lose when time's up. (requested by monado476)
|inactive|FFLastResort has 60 seconds left.
|inactive|monado476 has 60 seconds left.
|inactive|FFLastResort has 30 seconds left.
|
|t:|1757020511
|teamsize|p1|4
|teamsize|p2|4
|start
|switch|p1a: Annihilape|Annihilape, L50, F|100/100
|switch|p1b: Maushold|Maushold-Four, L50|100/100
|switch|p2a: Whimsicott|Whimsicott, L50, F|100/100
|switch|p2b: Primarina|Primarina, L50, F|100/100
|turn|1
|
|t:|1757020528
|move|p2b: Primarina|Protect|p2b: Primarina
|-singleturn|p2b: Primarina|Protect
|move|p2a: Whimsicott|Taunt|p1b: Maushold
|-start|p1b: Maushold|move: Taunt
|move|p1b: Maushold|Beat Up|p1a: Annihilape
|-damage|p1a: Annihilape|99/100
|-damage|p1a: Annihilape|97/100
|-damage|p1a: Annihilape|94/100
|-damage|p1a: Annihilape|92/100
|-hitcount|p1a: Annihilape|4
|move|p1a: Annihilape|Rage Fist|p2b: Primarina
|-activate|p2b: Primarina|move: Protect
|
|upkeep
|turn|2
|inactive|monado476 has 30 seconds left.
|inactive|FFLastResort has 30 seconds left.
|inactive|FFLastResort has 20 seconds left.
|
|t:|1757020572
|switch|p1b: Rillaboom|Rillaboom, L50, M|100/100
|-fieldstart|move: Grassy Terrain|[from] ability: Grassy Surge|[of] p1b: Rillaboom
|-terastallize|p1a: Annihilape|Fire
|move|p2a: Whimsicott|Tailwind|p2a: Whimsicott
|-sidestart|p2: monado476|move: Tailwind
|move|p2b: Primarina|Hyper Voice|p1a: Annihilape|[spread] p1a,p1b
|-supereffective|p1a: Annihilape
|-resisted|p1b: Rillaboom
|-damage|p1a: Annihilape|25/100
|-damage|p1b: Rillaboom|81/100
|-enditem|p1a: Annihilape|Sitrus Berry|[eat]
|-heal|p1a: Annihilape|50/100|[from] item: Sitrus Berry
|move|p1a: Annihilape|Rage Fist|p2b: Primarina
|-damage|p2b: Primarina|0 fnt
|faint|p2b: Primarina
|
|-heal|p1a: Annihilape|56/100|[from] Grassy Terrain
|-heal|p1b: Rillaboom|87/100|[from] Grassy Terrain
|upkeep
|
|t:|1757020593
|switch|p2b: Kleavor|Kleavor, L50, M|100/100
|turn|3
|
|t:|1757020611
|-terastallize|p2b: Kleavor|Grass
|move|p1b: Rillaboom|Fake Out|p2b: Kleavor
|-damage|p2b: Kleavor|83/100
|move|p2a: Whimsicott|Moonblast|p1b: Rillaboom
|-damage|p1b: Rillaboom|46/100
|cant|p2b: Kleavor|flinch
|move|p1a: Annihilape|Rage Fist|p2a: Whimsicott
|-enditem|p2a: Whimsicott|Focus Sash
|-damage|p2a: Whimsicott|1/100
|
|-heal|p2a: Whimsicott|7/100|[from] Grassy Terrain
|-heal|p2b: Kleavor|89/100|[from] Grassy Terrain
|-heal|p1a: Annihilape|63/100|[from] Grassy Terrain
|-heal|p1b: Rillaboom|52/100|[from] Grassy Terrain
|upkeep
|turn|4
|
|t:|1757020634
|switch|p1a: Maushold|Maushold-Four, L50|100/100
|move|p2a: Whimsicott|Encore|p1b: Rillaboom
|-start|p1b: Rillaboom|Encore
|move|p1b: Rillaboom|Fake Out||[still]
|-hint|Fake Out only works on your first turn out.
|-fail|p1b: Rillaboom
|move|p2b: Kleavor|Stone Axe|p1a: Maushold
|-damage|p1a: Maushold|13/100
|-sidestart|p1: FFLastResort|move: Stealth Rock
|-damage|p2b: Kleavor|79/100|[from] item: Life Orb
|
|-heal|p2a: Whimsicott|13/100|[from] Grassy Terrain
|-heal|p2b: Kleavor|85/100|[from] Grassy Terrain
|-heal|p1a: Maushold|19/100|[from] Grassy Terrain
|-heal|p1b: Rillaboom|58/100|[from] Grassy Terrain
|upkeep
|turn|5
|
|t:|1757020658
|switch|p1b: Gholdengo|Gholdengo, L50|100/100
|-damage|p1b: Gholdengo|94/100|[from] Stealth Rock
|move|p1a: Maushold|Protect|p1a: Maushold
|-singleturn|p1a: Maushold|Protect
|move|p2a: Whimsicott|Moonblast|p1a: Maushold
|-activate|p1a: Maushold|move: Protect
|move|p2b: Kleavor|Stone Axe|p1b: Gholdengo
|-resisted|p1b: Gholdengo
|-damage|p1b: Gholdengo|68/100
|-damage|p2b: Kleavor|76/100|[from] item: Life Orb
|
|-heal|p2a: Whimsicott|19/100|[from] Grassy Terrain
|-heal|p2b: Kleavor|82/100|[from] Grassy Terrain
|-heal|p1a: Maushold|25/100|[from] Grassy Terrain
|-heal|p1b: Gholdengo|74/100|[from] Grassy Terrain
|-sideend|p2: monado476|move: Tailwind
|upkeep
|turn|6
|inactive|FFLastResort has 30 seconds left.
|inactive|monado476 has 30 seconds left.
|
|t:|1757020689
|switch|p2b: Incineroar|Incineroar, L50, M|100/100
|-ability|p2b: Incineroar|Intimidate|boost
|-unboost|p1a: Maushold|atk|1
|-unboost|p1b: Gholdengo|atk|1
|move|p1a: Maushold|Follow Me|p1a: Maushold
|-singleturn|p1a: Maushold|move: Follow Me
|move|p2a: Whimsicott|Tailwind|p2a: Whimsicott
|-sidestart|p2: monado476|move: Tailwind
|move|p1b: Gholdengo|Nasty Plot|p1b: Gholdengo
|-boost|p1b: Gholdengo|spa|2
|
|-heal|p2a: Whimsicott|25/100|[from] Grassy Terrain
|-heal|p1a: Maushold|30/100|[from] Grassy Terrain
|-heal|p1b: Gholdengo|80/100|[from] Grassy Terrain
|-fieldend|move: Grassy Terrain
|upkeep
|turn|7
|
|t:|1757020709
|move|p1a: Maushold|Protect|p1a: Maushold
|-singleturn|p1a: Maushold|Protect
|move|p1b: Gholdengo|Protect|p1b: Gholdengo
|-singleturn|p1b: Gholdengo|Protect
|move|p2a: Whimsicott|Moonblast|p1a: Maushold
|-activate|p1a: Maushold|move: Protect
|move|p2b: Incineroar|Flare Blitz|p1b: Gholdengo
|-activate|p1b: Gholdengo|move: Protect
|
|upkeep
|turn|8
|inactive|monado476 has 30 seconds left.
|
|t:|1757020737
|move|p1a: Maushold|Follow Me|p1a: Maushold
|-singleturn|p1a: Maushold|move: Follow Me
|move|p2a: Whimsicott|Moonblast|p1a: Maushold
|-damage|p1a: Maushold|0 fnt
|faint|p1a: Maushold
|move|p2b: Incineroar|Knock Off|p1b: Gholdengo
|-supereffective|p1b: Gholdengo
|-damage|p1b: Gholdengo|0 fnt
|-enditem|p1b: Gholdengo|Life Orb|[from] move: Knock Off|[of] p2b: Incineroar
|faint|p1b: Gholdengo
|
|upkeep
|
|t:|1757020742
|switch|p1a: Annihilape|Annihilape, L50, F, tera:Fire|63/100
|switch|p1b: Rillaboom|Rillaboom, L50, M|58/100
|-damage|p1a: Annihilape|38/100|[from] Stealth Rock
|-damage|p1b: Rillaboom|46/100|[from] Stealth Rock
|-fieldstart|move: Grassy Terrain|[from] ability: Grassy Surge|[of] p1b: Rillaboom
|turn|9
|inactive|monado476 has 30 seconds left.
|
|t:|1757020778
|move|p1b: Rillaboom|Grassy Glide|p2a: Whimsicott
|-resisted|p2a: Whimsicott
|-damage|p2a: Whimsicott|0 fnt
|faint|p2a: Whimsicott
|move|p2b: Incineroar|Knock Off|p1a: Annihilape
|-damage|p1a: Annihilape|6/100
|move|p1a: Annihilape|Drain Punch|p2b: Incineroar
|-supereffective|p2b: Incineroar
|-damage|p2b: Incineroar|43/100
|-heal|p1a: Annihilape|29/100|[from] drain|[of] p2b: Incineroar
|
|-heal|p2b: Incineroar|49/100|[from] Grassy Terrain
|-heal|p1a: Annihilape|36/100|[from] Grassy Terrain
|-heal|p1b: Rillaboom|52/100|[from] Grassy Terrain
|-sideend|p2: monado476|move: Tailwind
|upkeep
|
|t:|1757020790
|switch|p2a: Kleavor|Kleavor, L50, M, tera:Grass|82/100
|turn|10
|l|☆monado476
|inactive|monado476 disconnected and has a minute to reconnect!
|player|p2|
|inactive|monado476 has 30 seconds left.
|inactive|monado476 has 20 seconds left.
|inactive|monado476 has 15 seconds left.
|inactive|monado476 has 10 seconds left.
|inactive|monado476 has 5 seconds left.
|-message|monado476 lost due to inactivity.
|
|win|FFLastResort
||FFLastResort is ready for game 2.
|inactive|monado476 has 15 seconds to reconnect!
|inactive|monado476 has 5 seconds to reconnect!
|raw|FFLastResort's rating: 1125 → 1157(+32 for winning)
|raw|monado476's rating: 1227 → 1195(-32 for losing)
