|j|☆latios66
|j|☆pressinblades
|html|latios66pressinblades    
|uhtml|bestof|Game 1 of a best-of-3
|t:|1756761243
|gametype|doubles
|player|p1|latios66|170|1110
|player|p2|pressinblades|steven|1000
|gen|9
|tier|[Gen 9] VGC 2025 Reg H (Bo3)
|rated|
|rule|Species Clause: Limit one of each Pokémon
|rule|Item Clause: Limit 1 of each item
|clearpoke
|poke|p1|Toedscruel, L50, M|
|poke|p1|Weezing-Galar, L50, F|
|poke|p1|Corviknight, L50, M|
|poke|p1|Pawmot, L50, M|
|poke|p1|Garchomp, L50, F|
|poke|p1|Typhlosion-Hisui, L50, F|
|poke|p2|Talonflame, L50, F|
|poke|p2|Kingambit, L50, M|
|poke|p2|Garchomp, L50, F|
|poke|p2|Torkoal, L50, M|
|poke|p2|Farigiraf, L50, F|
|poke|p2|Conkeldurr, L50, F|
|teampreview|4
|showteam|p1|Toedscruel||CovertCloak|MyceliumMight|Spore,EarthPower,AcidSpray,RagePowder|||M|||50|,,,,,Water]Weezing-Galar||ChoiceSpecs|NeutralizingGas|DazzlingGleam,SludgeBomb,StrangeSteam,Flamethrower|||F|||50|,,,,,Fire]Corviknight||SitrusBerry|MirrorArmor|Protect,Tailwind,Roost,BraveBird|||M|||50|,,,,,Dragon]Pawmot||FocusSash|NaturalCure|Protect,CloseCombat,DoubleShock,FakeOut|||M|||50|,,,,,Electric]Garchomp||LifeOrb|RoughSkin|Protect,Earthquake,DragonClaw,StompingTantrum|||F|||50|,,,,,Ground]Typhlosion-Hisui||ChoiceScarf|Blaze|Eruption,SleepTalk,HeatWave,ShadowBall|||F|||50|,,,,,Fire
|showteam|p2|Talonflame||ExpertBelt|GaleWings|Tailwind,DualWingbeat,Overheat,Taunt|||F|||50|,,,,,Ghost]Kingambit||AssaultVest|Defiant|LowKick,Assurance,SuckerPunch,TeraBlast|||M|||50|,,,,,Fire]Garchomp||LifeOrb|RoughSkin|Protect,SwordsDance,StompingTantrum,RockSlide|||F|||50|,,,,,Fire]Torkoal||EjectPack|Drought|Protect,Overheat,EarthPower,HelpingHand|||M|||50|,,,,,Flying]Farigiraf||SitrusBerry|ArmorTail|TrickRoom,Psychic,FoulPlay,SkillSwap|||F|||50|,,,,,Water]Conkeldurr||FlameOrb|Guts|Protect,DrainPunch,MachPunch,KnockOff|||F|||50|,,,,,Steel
|
|t:|1756761308
|teamsize|p1|4
|teamsize|p2|4
|start
|switch|p1a: Toedscruel|Toedscruel, L50, M|100/100
|switch|p1b: Weezing|Weezing-Galar, L50, F|100/100
|switch|p2a: Garchomp|Garchomp, L50, F, shiny|100/100
|switch|p2b: Torkoal|Torkoal, L50, M|100/100
|-ability|p1b: Weezing|Neutralizing Gas
|turn|1
|
|t:|1756761351
|-end|p1b: Weezing|ability: Neutralizing Gas
|-weather|SunnyDay|[from] ability: Drought|[of] p2b: Torkoal
|switch|p1b: Garchomp|Garchomp, L50, F|100/100
|move|p2a: Garchomp|Rock Slide|p1a: Toedscruel|[spread] p1a,p1b
|-resisted|p1a: Toedscruel
|-resisted|p1b: Garchomp
|-damage|p1a: Toedscruel|85/100
|-damage|p1b: Garchomp|87/100
|-damage|p2a: Garchomp|91/100|[from] item: Life Orb
|move|p1a: Toedscruel|Spore|p2b: Torkoal
|-status|p2b: Torkoal|slp|[from] move: Spore
|cant|p2b: Torkoal|slp
|
|-weather|SunnyDay|[upkeep]
|upkeep
|turn|2
|
|t:|1756761380
|switch|p2b: Farigiraf|Farigiraf, L50, F|100/100
|-terastallize|p1b: Garchomp|Ground
|move|p1b: Garchomp|Earthquake|p2b: Farigiraf|[spread] p1a,p2a,p2b
|-resisted|p1a: Toedscruel
|-damage|p1a: Toedscruel|45/100
|-damage|p2a: Garchomp|25/100
|-damage|p2b: Farigiraf|49/100
|-enditem|p2b: Farigiraf|Sitrus Berry|[eat]
|-heal|p2b: Farigiraf|74/100|[from] item: Sitrus Berry
|-damage|p1b: Garchomp|77/100|[from] item: Life Orb
|move|p2a: Garchomp|Rock Slide|p1a: Toedscruel|[spread] p1a,p1b
|-resisted|p1a: Toedscruel
|-resisted|p1b: Garchomp
|-damage|p1a: Toedscruel|28/100
|-damage|p1b: Garchomp|65/100
|-damage|p2a: Garchomp|15/100|[from] item: Life Orb
|move|p1a: Toedscruel|Acid Spray|p2a: Garchomp
|-resisted|p2a: Garchomp
|-crit|p2a: Garchomp
|-damage|p2a: Garchomp|9/100
|-unboost|p2a: Garchomp|spd|2
|
|-weather|SunnyDay|[upkeep]
|upkeep
|turn|3
|
|t:|1756761418
|move|p1b: Garchomp|Dragon Claw|p2b: Farigiraf
|-damage|p2b: Farigiraf|25/100
|-damage|p1b: Garchomp|55/100|[from] item: Life Orb
|move|p2a: Garchomp|Stomping Tantrum|p1a: Toedscruel
|-resisted|p1a: Toedscruel
|-damage|p1a: Toedscruel|0 fnt
|faint|p1a: Toedscruel
|-damage|p2a: Garchomp|0 fnt|[from] item: Life Orb
|faint|p2a: Garchomp
|move|p2b: Farigiraf|Trick Room|p2b: Farigiraf
|-fieldstart|move: Trick Room|[of] p2b: Farigiraf
|
|-weather|SunnyDay|[upkeep]
|upkeep
|
|t:|1756761431
|switch|p1a: Weezing|Weezing-Galar, L50, F|100/100
|switch|p2a: Kingambit|Kingambit, L50, M, shiny|100/100
|-ability|p1a: Weezing|Neutralizing Gas
|turn|4
|
|t:|1756761451
|-terastallize|p2a: Kingambit|Fire
|move|p1b: Garchomp|Protect|p1b: Garchomp
|-singleturn|p1b: Garchomp|Protect
|move|p2a: Kingambit|Tera Blast|p1b: Garchomp|[anim] Tera Blast Fire
|-activate|p1b: Garchomp|move: Protect
|move|p2b: Farigiraf|Psychic|p1a: Weezing
|-supereffective|p1a: Weezing
|-damage|p1a: Weezing|10/100
|move|p1a: Weezing|Dazzling Gleam|p2b: Farigiraf|[spread] p2a,p2b
|-resisted|p2a: Kingambit
|-damage|p2a: Kingambit|89/100
|-damage|p2b: Farigiraf|0 fnt
|faint|p2b: Farigiraf
|
|-weather|SunnyDay|[upkeep]
|upkeep
|
|t:|1756761461
|switch|p2b: Torkoal|Torkoal, L50, M|100/100 slp
|turn|5
|
|t:|1756761476
|switch|p1b: Typhlosion|Typhlosion-Hisui, L50, F|100/100
|-curestatus|p2b: Torkoal|slp|[msg]
|move|p2b: Torkoal|Earth Power|p1a: Weezing
|-supereffective|p1a: Weezing
|-damage|p1a: Weezing|0 fnt
|faint|p1a: Weezing
|-end|p1a: Weezing|ability: Neutralizing Gas
|move|p2a: Kingambit|Tera Blast|p1b: Typhlosion|[anim] Tera Blast Fire
|-resisted|p1b: Typhlosion
|-damage|p1b: Typhlosion|45/100
|
|-weather|none
|upkeep
|
|t:|1756761483
|switch|p1a: Garchomp|Garchomp, L50, F, tera:Ground|55/100
|turn|6
|
|t:|1756761503
|move|p1a: Garchomp|Protect|p1a: Garchomp
|-singleturn|p1a: Garchomp|Protect
|move|p2b: Torkoal|Overheat|p1a: Garchomp
|-activate|p1a: Garchomp|move: Protect
|move|p2a: Kingambit|Assurance|p1b: Typhlosion
|-supereffective|p1b: Typhlosion
|-damage|p1b: Typhlosion|0 fnt
|faint|p1b: Typhlosion
|
|upkeep
|turn|7
|
|t:|1756761516
|move|p1a: Garchomp|Protect||[still]
|-fail|p1a: Garchomp
|move|p2b: Torkoal|Earth Power|p1a: Garchomp
|-damage|p1a: Garchomp|29/100
|move|p2a: Kingambit|Assurance|p1a: Garchomp
|-damage|p1a: Garchomp|0 fnt
|-damage|p2a: Kingambit|77/100|[from] ability: Rough Skin|[of] p1a: Garchomp
|faint|p1a: Garchomp
|
|win|pressinblades
||pressinblades is ready for game 2.
