|j|☆don zaloog is real
|j|☆dracojackson
|html|don zaloog is realdracojackson    
|uhtml|bestof|Game 2 of a best-of-3
|t:|1756733774
|gametype|doubles
|player|p1|don zaloog is real|collector|
|player|p2|dracojackson|hilbert|
|gen|9
|tier|[Gen 9] VGC 2025 Reg H (Bo3)
|rule|Species Clause: Limit one of each Pokémon
|rule|Item Clause: Limit 1 of each item
|clearpoke
|poke|p1|Murkrow, L50, M|
|poke|p1|Basculegion, L50, M|
|poke|p1|Gholdengo, L50|
|poke|p1|Pawmot, L50, M|
|poke|p1|Kommo-o, L50, M|
|poke|p1|Amoonguss, L50, M|
|poke|p2|Porygon2, L50|
|poke|p2|Incineroar, L50, F|
|poke|p2|Ursaluna, L50, F|
|poke|p2|Amoonguss, L50, M|
|poke|p2|Gholdengo, L50|
|poke|p2|Dragonite, L50, M|
|teampreview|4
|showteam|p1|Murkrow||Eviolite|Prankster|BraveBird,Tailwind,Quash,Haze|||M|||50|,,,,,Ghost]Basculegion||ChoiceScarf|Adaptability|LastRespects,WaveCrash,FlipTurn,AquaJet|||M|||50|,,,,,Grass]Gholdengo||ChoiceSpecs|GoodasGold|MakeItRain,ShadowBall,PowerGem,SteelBeam||||||50|,,,,,Steel]Pawmot||FocusSash|VoltAbsorb|CloseCombat,DoubleShock,Protect,RevivalBlessing|||M|||50|,,,,,Electric]Kommo-o||LifeOrb|Overcoat|ClangingScales,AuraSphere,Flamethrower,Protect|||M|||50|,,,,,Fire]Amoonguss||CovertCloak|Regenerator|LeafStorm,SludgeBomb,Spore,RagePowder|||M|||50|,,,,,Water
|showteam|p2|Porygon2||Eviolite|Download|TeraBlast,IceBeam,Recover,TrickRoom||||||50|,,,,,Fighting]Incineroar||SafetyGoggles|Intimidate|FakeOut,KnockOff,FlareBlitz,PartingShot|||F|||50|,,,,,Ghost]Ursaluna||FlameOrb|Guts|HeadlongRush,Facade,Earthquake,Protect|||F|||50|,,,,,Ghost]Amoonguss||SitrusBerry|Regenerator|PollenPuff,Spore,RagePowder,Protect|||M|||50|,,,,,Water]Gholdengo||LifeOrb|GoodasGold|MakeItRain,ShadowBall,NastyPlot,Protect||||||50|,,,,,Dragon]Dragonite||LoadedDice|Multiscale|ScaleShot,Haze,Tailwind,Protect|||M|||50|,,,,,Steel
|
|t:|1756733802
|teamsize|p1|4
|teamsize|p2|4
|start
|switch|p1a: Kommo-o|Kommo-o, L50, M|100/100
|switch|p1b: Gholdengo|Gholdengo, L50|100/100
|switch|p2a: Tomato|Incineroar, L50, F|100/100
|switch|p2b: Dingus|Gholdengo, L50, shiny|100/100
|-ability|p2a: Tomato|Intimidate|boost
|-unboost|p1a: Kommo-o|atk|1
|-unboost|p1b: Gholdengo|atk|1
|turn|1
|
|t:|1756733849
|move|p2a: Tomato|Fake Out|p1a: Kommo-o
|-damage|p1a: Kommo-o|86/100
|move|p2b: Dingus|Shadow Ball|p1b: Gholdengo
|-supereffective|p1b: Gholdengo
|-damage|p1b: Gholdengo|0 fnt
|faint|p1b: Gholdengo
|-damage|p2b: Dingus|91/100|[from] item: Life Orb
|cant|p1a: Kommo-o|flinch
|
|upkeep
|
|t:|1756733862
|switch|p1b: Basculegion|Basculegion, L50, M|100/100
|turn|2
|
|t:|1756733876
|-terastallize|p2a: Tomato|Ghost
|move|p2b: Dingus|Protect|p2b: Dingus
|-singleturn|p2b: Dingus|Protect
|move|p1a: Kommo-o|Protect|p1a: Kommo-o
|-singleturn|p1a: Kommo-o|Protect
|move|p1b: Basculegion|Flip Turn|p2a: Tomato
|-damage|p2a: Tomato|62/100
|
|t:|1756733883
|switch|p1b: Amoonguss|Amoonguss, L50, M|100/100|[from] Flip Turn
|move|p2a: Tomato|Parting Shot|p1a: Kommo-o
|-activate|p1a: Kommo-o|move: Protect
|
|upkeep
|turn|3
|
|t:|1756733904
|switch|p2b: IGOR|Ursaluna, L50, F, shiny|100/100
|-terastallize|p1a: Kommo-o|Fire
|move|p1b: Amoonguss|Rage Powder|p1b: Amoonguss
|-singleturn|p1b: Amoonguss|move: Rage Powder
|move|p1a: Kommo-o|Flamethrower|p2b: IGOR
|-damage|p2b: IGOR|44/100
|-damage|p1a: Kommo-o|77/100|[from] item: Life Orb
|move|p2a: Tomato|Parting Shot|p1a: Kommo-o
|-unboost|p1a: Kommo-o|atk|1
|-unboost|p1a: Kommo-o|spa|1
|
|t:|1756733920
|switch|p2a: LaFawnduh|Amoonguss, L50, M|100/100|[from] Parting Shot
|
|-status|p2b: IGOR|brn|[from] item: Flame Orb
|upkeep
|turn|4
|
|t:|1756733955
|switch|p2b: Tomato|Incineroar, L50, F, tera:Ghost|62/100
|-ability|p2b: Tomato|Intimidate|boost
|-unboost|p1a: Kommo-o|atk|1
|-unboost|p1b: Amoonguss|atk|1
|switch|p1b: Basculegion|Basculegion, L50, M|100/100
|move|p1a: Kommo-o|Protect|p1a: Kommo-o
|-singleturn|p1a: Kommo-o|Protect
|move|p2a: LaFawnduh|Pollen Puff|p2b: Tomato
|-heal|p2b: Tomato|100/100
|
|upkeep
|turn|5
|
|t:|1756733984
|switch|p1a: Amoonguss|Amoonguss, L50, M|100/100
|move|p2a: LaFawnduh|Rage Powder|p2a: LaFawnduh
|-singleturn|p2a: LaFawnduh|move: Rage Powder
|move|p1b: Basculegion|Last Respects|p2a: LaFawnduh
|-damage|p2a: LaFawnduh|49/100
|-enditem|p2a: LaFawnduh|Sitrus Berry|[eat]
|-heal|p2a: LaFawnduh|74/100|[from] item: Sitrus Berry
|move|p2b: Tomato|Parting Shot|p1a: Amoonguss
|-unboost|p1a: Amoonguss|atk|1
|-unboost|p1a: Amoonguss|spa|1
|
|t:|1756733989
|switch|p2b: IGOR|Ursaluna, L50, F, shiny|44/100 brn|[from] Parting Shot
|
|-damage|p2b: IGOR|38/100 brn|[from] brn
|upkeep
|turn|6
|
|t:|1756734001
|move|p1b: Basculegion|Last Respects|p2a: LaFawnduh
|-damage|p2a: LaFawnduh|21/100
|move|p2b: IGOR|Facade|p1b: Basculegion
|-immune|p1b: Basculegion
|move|p2a: LaFawnduh|Pollen Puff|p2b: IGOR
|-heal|p2b: IGOR|88/100 brn
|move|p1a: Amoonguss|Leaf Storm|p2b: IGOR
|-supereffective|p2b: IGOR
|-damage|p2b: IGOR|31/100 brn
|-unboost|p1a: Amoonguss|spa|2
|
|-damage|p2b: IGOR|26/100 brn|[from] brn
|upkeep
|turn|7
|
|t:|1756734024
|move|p2a: LaFawnduh|Protect|p2a: LaFawnduh
|-singleturn|p2a: LaFawnduh|Protect
|move|p1a: Amoonguss|Rage Powder|p1a: Amoonguss
|-singleturn|p1a: Amoonguss|move: Rage Powder
|move|p1b: Basculegion|Last Respects|p2a: LaFawnduh
|-activate|p2a: LaFawnduh|move: Protect
|move|p2b: IGOR|Facade|p1a: Amoonguss
|-damage|p1a: Amoonguss|0 fnt
|faint|p1a: Amoonguss
|
|-damage|p2b: IGOR|20/100 brn|[from] brn
|upkeep
|
|t:|1756734029
|switch|p1a: Kommo-o|Kommo-o, L50, M, tera:Fire|77/100
|turn|8
|
|t:|1756734043
|move|p2b: IGOR|Protect|p2b: IGOR
|-singleturn|p2b: IGOR|Protect
|move|p1b: Basculegion|Last Respects|p2a: LaFawnduh
|-damage|p2a: LaFawnduh|0 fnt
|faint|p2a: LaFawnduh
|move|p1a: Kommo-o|Flamethrower|p2b: IGOR
|-activate|p2b: IGOR|move: Protect
|
|-damage|p2b: IGOR|14/100 brn|[from] brn
|upkeep
|
|t:|1756734045
|switch|p2a: Tomato|Incineroar, L50, F, tera:Ghost|100/100
|-ability|p2a: Tomato|Intimidate|boost
|-unboost|p1a: Kommo-o|atk|1
|-unboost|p1b: Basculegion|atk|1
|turn|9
|
|t:|1756734059
|move|p1a: Kommo-o|Protect|p1a: Kommo-o
|-singleturn|p1a: Kommo-o|Protect
|move|p2a: Tomato|Fake Out|p1a: Kommo-o
|-activate|p1a: Kommo-o|move: Protect
|move|p1b: Basculegion|Last Respects|p2a: Tomato
|-supereffective|p2a: Tomato
|-damage|p2a: Tomato|0 fnt
|faint|p2a: Tomato
|move|p2b: IGOR|Headlong Rush|p1b: Basculegion
|-damage|p1b: Basculegion|0 fnt
|-unboost|p2b: IGOR|def|1
|-unboost|p2b: IGOR|spd|1
|faint|p1b: Basculegion
|
|-damage|p2b: IGOR|8/100 brn|[from] brn
|upkeep
|
|t:|1756734061
|switch|p2a: Dingus|Gholdengo, L50, shiny|91/100
|turn|10
|
|t:|1756734068
|move|p2a: Dingus|Shadow Ball|p1a: Kommo-o
|-damage|p1a: Kommo-o|21/100
|-unboost|p1a: Kommo-o|spd|1
|-damage|p2a: Dingus|82/100|[from] item: Life Orb
|move|p1a: Kommo-o|Flamethrower|p2a: Dingus
|-supereffective|p2a: Dingus
|-crit|p2a: Dingus
|-damage|p2a: Dingus|0 fnt
|faint|p2a: Dingus
|-damage|p1a: Kommo-o|12/100|[from] item: Life Orb
|move|p2b: IGOR|Headlong Rush|p1a: Kommo-o
|-supereffective|p1a: Kommo-o
|-damage|p1a: Kommo-o|0 fnt
|-unboost|p2b: IGOR|def|1
|-unboost|p2b: IGOR|spd|1
|faint|p1a: Kommo-o
|
|win|dracojackson
||don zaloog is real is ready for game 3.
||dracojackson is ready for game 3.
|uhtml|next|Next: Game 3 of 3
