|j|☆fangyusuhe
|j|☆syshj
|html|fangyusuhesyshj    
|uhtml|bestof|Game 1 of a best-of-3
|t:|1785071217
|gametype|doubles
|player|p1|fangyusuhe|dawn|
|player|p2|syshj|dawn|
|gen|9
|tier|[Gen 9 Champions] VGC 2026 Reg M-B (Bo3)
|rule|Species Clause: Limit one of each Pokémon
|rule|Item Clause: Limit 1 of each item
|clearpoke
|poke|p1|Swampert, L50, F|
|poke|p1|Sinistcha, L50|
|poke|p1|Sableye, L50, M|
|poke|p1|Archaludon, L50, M|
|poke|p1|Pelipper, L50, F|
|poke|p1|Basculegion, L50, M|
|poke|p2|Delphox, L50, F|
|poke|p2|Sinistcha, L50|
|poke|p2|Sneasler, L50, F|
|poke|p2|Milotic, L50, F|
|poke|p2|Floette-Eternal, L50, F|
|poke|p2|Incineroar, L50, F|
|teampreview|4
|showteam|p1|Swampert||Swampertite|Damp|Earthquake,WaveCrash,Protect,KnockOff|Adamant||F|||50|]Sinistcha||KasibBerry|Hospitality|RagePowder,MatchaGotcha,LifeDew,TrickRoom|Sassy|||||50|]Sableye||LightClay|Prankster|Reflect,LightScreen,Encore,RainDance|Sassy||M|||50|]Archaludon||Leftovers|Stamina|FlashCannon,Protect,ElectroShot,DragonPulse|Modest||M|||50|]Pelipper||LifeOrb|Drizzle|Tailwind,WeatherBall,Hurricane,Protect|Modest||F|||50|]Basculegion||ChoiceScarf|Adaptability|WaveCrash,LastRespects,AquaJet,FlipTurn|Jolly||M|||50|
|showteam|p2|Delphox||Delphoxite|Magician|HeatWave,Psychic,Protect,NastyPlot|Timid||F|||50|]Sinistcha||KasibBerry|Hospitality|LifeDew,RagePowder,MatchaGotcha,Protect|Bold|||||50|]Sneasler||FocusSash|Unburden|CloseCombat,DireClaw,RockSlide,FakeOut|Jolly||F|||50|]Milotic||Leftovers|Competitive|Hypnosis,Protect,Coil,MuddyWater|Bold||F|||50|]Floette-Eternal||Floettite|FlowerVeil|CalmMind,Moonblast,Protect,DazzlingGleam|Modest||F|||50|]Incineroar||SitrusBerry|Intimidate|FlareBlitz,DarkestLariat,PartingShot,FakeOut|Impish||F|||50|
|inactive|Battle timer is ON: inactive players will automatically lose when time's up. (requested by fangyusuhe)
|inactive|fangyusuhe has 60 seconds left.
|inactive|syshj has 60 seconds left.
|
|t:|1785071275
|teamsize|p1|4
|teamsize|p2|4
|start
|switch|p1a: Sableye|Sableye, L50, M|100/100
|switch|p1b: Swampert|Swampert, L50, F|100/100
|switch|p2a: Floette|Floette-Eternal, L50, F|100/100
|switch|p2b: Sneasler|Sneasler, L50, F|100/100
|turn|1
|
|t:|1785071300
|detailschange|p2a: Floette|Floette-Mega, L50, F
|-mega|p2a: Floette|Floette|Floettite
|-ability|p2a: Floette|Fairy Aura
|move|p1b: Swampert|Protect|p1b: Swampert
|-singleturn|p1b: Swampert|Protect
|move|p2b: Sneasler|Fake Out|p1b: Swampert
|-activate|p1b: Swampert|move: Protect
|move|p1a: Sableye|Light Screen|p1a: Sableye
|-sidestart|p1: fangyusuhe|move: Light Screen
|move|p2a: Floette|Moonblast|p1a: Sableye
|-supereffective|p1a: Sableye|1
|-damage|p1a: Sableye|0 fnt
|faint|p1a: Sableye
|
|upkeep
|
|t:|1785071306
|switch|p1a: Pelipper|Pelipper, L50, F|100/100
|-weather|RainDance|[from] ability: Drizzle|[of] p1a: Pelipper
|turn|2
|inactive|syshj has 30 seconds left.
|j| emmmmmmn
|inactive|syshj has 20 seconds left.
|
|t:|1785071343
|switch|p2a: Milotic|Milotic, L50, F|100/100
|detailschange|p1b: Swampert|Swampert-Mega, L50, F
|-mega|p1b: Swampert|Swampert|Swampertite
|move|p1b: Swampert|Earthquake|p2b: Sneasler|[spread] p2a,p2b
|-immune|p1a: Pelipper
|-supereffective|p2b: Sneasler|1
|-damage|p2a: Milotic|63/100
|-enditem|p2b: Sneasler|Focus Sash
|-damage|p2b: Sneasler|1/100
|move|p2b: Sneasler|Dire Claw|p1a: Pelipper
|-damage|p1a: Pelipper|40/100
|move|p1a: Pelipper|Tailwind|p1a: Pelipper
|-sidestart|p1: fangyusuhe|move: Tailwind
|
|-weather|RainDance|[upkeep]
|-heal|p2a: Milotic|69/100|[from] item: Leftovers
|upkeep
|turn|3
|inactive|syshj has 30 seconds left.
|inactive|syshj has 20 seconds left.
|inactive|syshj has 15 seconds left.
|inactive|syshj has 10 seconds left.
|
|t:|1785071389
|switch|p2b: Sinistcha|Sinistcha, L50|100/100
|-heal|p2a: Milotic|94/100|[from] ability: Hospitality|[of] p2b: Sinistcha
|move|p1b: Swampert|Earthquake|p2a: Milotic|[spread] p2a,p2b
|-immune|p1a: Pelipper
|-resisted|p2b: Sinistcha|1
|-damage|p2a: Milotic|55/100
|-damage|p2b: Sinistcha|80/100
|move|p1a: Pelipper|Hurricane|p2a: Milotic
|-damage|p2a: Milotic|11/100
|-damage|p1a: Pelipper|30/100|[from] item: Life Orb
|move|p2a: Milotic|Coil|p2a: Milotic
|-boost|p2a: Milotic|atk|1
|-boost|p2a: Milotic|def|1
|-boost|p2a: Milotic|accuracy|1
|
|-weather|RainDance|[upkeep]
|-heal|p2a: Milotic|17/100|[from] item: Leftovers
|upkeep
|turn|4
|inactive|syshj has 30 seconds left.
|inactive|syshj has 20 seconds left.
|
|t:|1785071426
|move|p2b: Sinistcha|Protect|p2b: Sinistcha
|-singleturn|p2b: Sinistcha|Protect
|move|p1b: Swampert|Earthquake|p2b: Sinistcha|[spread] p2a
|-activate|p2b: Sinistcha|move: Protect
|-immune|p1a: Pelipper
|-crit|p2a: Milotic
|-damage|p2a: Milotic|0 fnt
|faint|p2a: Milotic
|move|p1a: Pelipper|Hurricane|p2b: Sinistcha
|-activate|p2b: Sinistcha|move: Protect
|
|-weather|RainDance|[upkeep]
|upkeep
|
|t:|1785071428
|switch|p2a: Sneasler|Sneasler, L50, F|1/100
|turn|5
|
|t:|1785071436
|move|p2a: Sneasler|Fake Out|p1a: Pelipper
|-damage|p1a: Pelipper|11/100
|move|p1b: Swampert|Earthquake|p2a: Sneasler|[spread] p2a,p2b
|-immune|p1a: Pelipper
|-supereffective|p2a: Sneasler|1
|-crit|p2a: Sneasler
|-resisted|p2b: Sinistcha|1
|-damage|p2a: Sneasler|0 fnt
|-damage|p2b: Sinistcha|62/100
|faint|p2a: Sneasler
|cant|p1a: Pelipper|flinch
|move|p2b: Sinistcha|Matcha Gotcha|p1b: Swampert|[spread] p1a
|-miss|p2b: Sinistcha|p1b: Swampert
|-damage|p1a: Pelipper|0 fnt
|-heal|p2b: Sinistcha|66/100|[from] drain|[of] p1a: Pelipper
|faint|p1a: Pelipper
|
|-weather|RainDance|[upkeep]
|-sideend|p1: fangyusuhe|move: Tailwind
|upkeep
|
|t:|1785071441
|switch|p2a: Floette|Floette-Mega, L50, F|100/100
|switch|p1a: Archaludon|Archaludon, L50, M|100/100
|-ability|p2a: Floette|Fairy Aura
|turn|6
|
|t:|1785071465
|move|p2a: Floette|Protect|p2a: Floette
|-singleturn|p2a: Floette|Protect
|move|p2b: Sinistcha|Protect|p2b: Sinistcha
|-singleturn|p2b: Sinistcha|Protect
|move|p1b: Swampert|Knock Off|p2b: Sinistcha
|-activate|p2b: Sinistcha|move: Protect
|move|p1a: Archaludon|Electro Shot||[still]
|-prepare|p1a: Archaludon|Electro Shot
|-boost|p1a: Archaludon|spa|1
|-anim|p1a: Archaludon|Electro Shot|p2b: Sinistcha
|-activate|p2b: Sinistcha|move: Protect
|
|-weather|none
|upkeep
|turn|7
|
|t:|1785071478
|move|p2a: Floette|Moonblast|p1b: Swampert
|-damage|p1b: Swampert|53/100
|move|p1b: Swampert|Wave Crash|p2a: Floette
|-damage|p2a: Floette|20/100y
|-damage|p1b: Swampert|27/100|[from] Recoil
|move|p1a: Archaludon|Dragon Pulse|p2b: Sinistcha
|-damage|p2b: Sinistcha|7/100
|move|p2b: Sinistcha|Matcha Gotcha|p1a: Archaludon|[spread] p1a,p1b
|-resisted|p1a: Archaludon|2
|-supereffective|p1b: Swampert|2
|-damage|p1a: Archaludon|95/100
|-heal|p2b: Sinistcha|10/100|[from] drain|[of] p1a: Archaludon
|-damage|p1b: Swampert|0 fnt
|-heal|p2b: Sinistcha|24/100|[from] drain|[of] p1b: Swampert
|-ability|p1a: Archaludon|Stamina|boost
|-boost|p1a: Archaludon|def|1
|faint|p1b: Swampert
|
|-heal|p1a: Archaludon|100/100|[from] item: Leftovers
|upkeep
|turn|8
|
|t:|1785071488
|move|p2b: Sinistcha|Rage Powder|p2b: Sinistcha
|-singleturn|p2b: Sinistcha|move: Rage Powder
|move|p2a: Floette|Calm Mind|p2a: Floette
|-boost|p2a: Floette|spa|1
|-boost|p2a: Floette|spd|1
|move|p1a: Archaludon|Dragon Pulse|p2b: Sinistcha
|-damage|p2b: Sinistcha|0 fnt
|faint|p2b: Sinistcha
|
|-sideend|p1: fangyusuhe|move: Light Screen
|upkeep
|turn|9
|
|t:|1785071492
|move|p2a: Floette|Moonblast|p1a: Archaludon
|-damage|p1a: Archaludon|0 fnt
|faint|p1a: Archaludon
|
|win|syshj
||fangyusuhe is ready for game 2.
||syshj is ready for game 2.
|uhtml|next|Next: Game 2 of 3
|l|☆fangyusuhe
|player|p1|
