|j|☆lox1sm
|j|☆hjmane
|html|lox1smhjmane    
|uhtml|bestof|Game 1 of a best-of-3
|t:|1782581799
|gametype|doubles
|player|p1|lox1sm|veteran|1161
|player|p2|hjmane|2|1105
|gen|9
|tier|[Gen 9 Champions] VGC 2026 Reg M-B (Bo3)
|rated|
|rule|Species Clause: Limit one of each Pokémon
|rule|Item Clause: Limit 1 of each item
|clearpoke
|poke|p1|Charizard, L50, F|
|poke|p1|Metagross, L50|
|poke|p1|Aerodactyl, L50, M|
|poke|p1|Garchomp, L50, F|
|poke|p1|Kingambit, L50, M|
|poke|p1|Farigiraf, L50, F|
|poke|p2|Staraptor, L50, M|
|poke|p2|Whimsicott, L50, F|
|poke|p2|Torkoal, L50, F|
|poke|p2|Venusaur, L50, F|
|poke|p2|Basculegion, L50, M|
|poke|p2|Pelipper, L50, F|
|teampreview|4
|showteam|p1|Charizard||CharizarditeY|Blaze|HeatWave,WeatherBall,SolarBeam,Protect|Modest||F|||50|]Metagross||Metagrossite|ClearBody|IronHead,PsychicFangs,StompingTantrum,Protect|Jolly|||||50|]Aerodactyl||SitrusBerry|Unnerve|RockSlide,IceFang,Tailwind,Protect|Jolly||M|||50|]Garchomp||LifeOrb|RoughSkin|DragonClaw,Earthquake,RockSlide,Protect|Jolly||F|||50|]Kingambit||FocusSash|Defiant|KowtowCleave,SuckerPunch,IronHead,LowKick|Adamant||M|||50|]Farigiraf||ExpertBelt|ArmorTail|Psychic,DazzlingGleam,Thunderbolt,TrickRoom|Modest||F|||50|
|showteam|p2|Staraptor||Staraptite|Intimidate|CloseCombat,BraveBird,Protect,QuickAttack|Jolly||M|||50|]Whimsicott||Leftovers|Prankster|Tailwind,Charm,CottonSpore,Moonblast|Bold||F|||50|]Torkoal||LifeOrb|Drought|Eruption,HeatWave,SolarBeam,Protect|Serious||F|||50|]Venusaur||ExpertBelt|Chlorophyll|EnergyBall,EarthPower,SludgeBomb,WeatherBall|Modest||F|||50|]Basculegion||MysticWater|SwiftSwim|WaveCrash,LastRespects,ZenHeadbutt,Protect|Adamant||M|||50|]Pelipper||FocusSash|Drizzle|Tailwind,Hurricane,WeatherBall,IcyWind|Bold||F|||50|
|
|t:|1782581856
|teamsize|p1|4
|teamsize|p2|4
|start
|switch|p1a: Aerodactyl|Aerodactyl, L50, M|100/100
|switch|p1b: Metagross|Metagross, L50|100/100
|switch|p2a: Torkoal|Torkoal, L50, F|100/100
|switch|p2b: Venusaur|Venusaur, L50, F|100/100
|-ability|p1a: Aerodactyl|Unnerve
|-weather|SunnyDay|[from] ability: Drought|[of] p2a: Torkoal
|turn|1
|
|t:|1782581881
|move|p1b: Metagross|Protect|p1b: Metagross
|-singleturn|p1b: Metagross|Protect
|move|p2b: Venusaur|Energy Ball|p1a: Aerodactyl
|-crit|p1a: Aerodactyl
|-damage|p1a: Aerodactyl|19/100
|-enditem|p1a: Aerodactyl|Sitrus Berry|[eat]
|-heal|p1a: Aerodactyl|43/100|[from] item: Sitrus Berry
|move|p1a: Aerodactyl|Tailwind|p1a: Aerodactyl
|-sidestart|p1: lox1sm|move: Tailwind
|move|p2a: Torkoal|Heat Wave|p1b: Metagross|[spread] 
|-activate|p1b: Metagross|move: Protect
|-miss|p2a: Torkoal|p1a: Aerodactyl
|
|-weather|SunnyDay|[upkeep]
|upkeep
|turn|2
|inactive|Battle timer is ON: inactive players will automatically lose when time's up. (requested by hjmane)
|
|t:|1782581917
|switch|p2b: Whimsicott|Whimsicott, L50, F|100/100
|detailschange|p1b: Metagross|Metagross-Mega, L50
|-mega|p1b: Metagross|Metagross|Metagrossite
|move|p1a: Aerodactyl|Rock Slide|p2a: Torkoal|[spread] p2a,p2b
|-supereffective|p2a: Torkoal|1
|-damage|p2a: Torkoal|70/100
|-damage|p2b: Whimsicott|83/100
|move|p1b: Metagross|Stomping Tantrum|p2a: Torkoal
|-supereffective|p2a: Torkoal|1
|-damage|p2a: Torkoal|15/100
|move|p2a: Torkoal|Heat Wave|p1b: Metagross|[spread] p1a,p1b
|-resisted|p1a: Aerodactyl|1
|-supereffective|p1b: Metagross|1
|-damage|p1a: Aerodactyl|18/100
|-damage|p1b: Metagross|11/100
|-damage|p2a: Torkoal|6/100|[from] item: Life Orb
|
|-weather|SunnyDay|[upkeep]
|-heal|p2b: Whimsicott|89/100|[from] item: Leftovers
|upkeep
|turn|3
|inactive|lox1sm has 30 seconds left.
|inactive|lox1sm has 20 seconds left.
|inactive|lox1sm has 15 seconds left.
|
|t:|1782581958
|switch|p1a: Farigiraf|Farigiraf, L50, F|100/100
|move|p2a: Torkoal|Protect|p2a: Torkoal
|-singleturn|p2a: Torkoal|Protect
|move|p2b: Whimsicott|Tailwind|p2b: Whimsicott
|-sidestart|p2: hjmane|move: Tailwind
|move|p1b: Metagross|Psychic Fangs|p2a: Torkoal
|-activate|p2a: Torkoal|move: Protect
|
|-weather|SunnyDay|[upkeep]
|-heal|p2b: Whimsicott|95/100|[from] item: Leftovers
|upkeep
|turn|4
|
|t:|1782581976
|move|p1b: Metagross|Psychic Fangs|p2a: Torkoal
|-damage|p2a: Torkoal|0 fnt
|faint|p2a: Torkoal
|move|p2b: Whimsicott|Moonblast|p1b: Metagross
|-resisted|p1b: Metagross|1
|-damage|p1b: Metagross|0 fnt
|faint|p1b: Metagross
|move|p1a: Farigiraf|Trick Room|p1a: Farigiraf
|-fieldstart|move: Trick Room|[of] p1a: Farigiraf
|
|-weather|SunnyDay|[upkeep]
|-heal|p2b: Whimsicott|100/100|[from] item: Leftovers
|-sideend|p1: lox1sm|move: Tailwind
|upkeep
|
|t:|1782581996
|switch|p2a: Venusaur|Venusaur, L50, F|100/100
|switch|p1b: Kingambit|Kingambit, L50, M|100/100
|turn|5
|
|t:|1782582019
|move|p1a: Farigiraf|Psychic|p2a: Venusaur
|-supereffective|p2a: Venusaur|1
|-damage|p2a: Venusaur|0 fnt
|faint|p2a: Venusaur
|move|p1b: Kingambit|Iron Head|p2b: Whimsicott
|-supereffective|p2b: Whimsicott|1
|-damage|p2b: Whimsicott|13/100
|move|p2b: Whimsicott|Moonblast|p1b: Kingambit
|-damage|p1b: Kingambit|69/100
|
|-weather|none
|-heal|p2b: Whimsicott|19/100|[from] item: Leftovers
|upkeep
|
|t:|1782582023
|switch|p2a: Staraptor|Staraptor, L50, M|100/100
|-ability|p2a: Staraptor|Intimidate|boost
|-unboost|p1a: Farigiraf|atk|1
|-unboost|p1b: Kingambit|atk|1
|-ability|p1b: Kingambit|Defiant|boost
|-boost|p1b: Kingambit|atk|2
|turn|6
|inactive|lox1sm has 30 seconds left.
|inactive|lox1sm has 20 seconds left.
|inactive|lox1sm has 15 seconds left.
|inactive|lox1sm has 10 seconds left.
|
|t:|1782582070
|detailschange|p2a: Staraptor|Staraptor-Mega, L50, M
|-mega|p2a: Staraptor|Staraptor|Staraptite
|move|p2b: Whimsicott|Charm|p2a: Staraptor
|-boost|p2a: Staraptor|atk|2
|move|p1a: Farigiraf|Psychic|p2a: Staraptor
|-supereffective|p2a: Staraptor|1
|-damage|p2a: Staraptor|0 fnt
|faint|p2a: Staraptor
|move|p1b: Kingambit|Iron Head|p2b: Whimsicott
|-supereffective|p2b: Whimsicott|1
|-damage|p2b: Whimsicott|0 fnt
|faint|p2b: Whimsicott
|
|win|lox1sm
||hjmane is ready for game 2.
|inactive|lox1sm has 30 seconds to confirm battle start!
||lox1sm is ready for game 2.
|uhtml|next|Next: Game 2 of 3
|l|☆hjmane
|player|p2|
