|j|☆Cwisbt
|j|☆tidal otter
|html|Cwisbttidal otter    
|uhtml|bestof|Game 2 of a best-of-3
|t:|1784514016
|gametype|doubles
|player|p1|Cwisbt|1|
|player|p2|tidal otter|siebold|
|gen|9
|tier|[Gen 9 Champions] VGC 2026 Reg M-B (Bo3)
|rule|Species Clause: Limit one of each Pokémon
|rule|Item Clause: Limit 1 of each item
|clearpoke
|poke|p1|Raichu, L50, M|
|poke|p1|Mamoswine, L50, F|
|poke|p1|Gholdengo, L50|
|poke|p1|Sylveon, L50, M|
|poke|p1|Talonflame, L50, F|
|poke|p1|Froslass, L50, F|
|poke|p2|Charizard, L50, M|
|poke|p2|Venusaur, L50, M|
|poke|p2|Annihilape, L50, F|
|poke|p2|Maushold, L50|
|poke|p2|Grimmsnarl, L50, M|
|poke|p2|Glimmora, L50, M|
|teampreview|4
|showteam|p1|Raichu||RaichuniteY|LightningRod|Protect,ZapCannon,FocusBlast,Encore|Timid||M|||50|]Mamoswine||FocusSash|Oblivious|Protect,IcicleCrash,IceShard,HighHorsepower|Adamant||F|||50|]Gholdengo||LifeOrb|GoodasGold|Protect,MakeItRain,ShadowBall,PowerGem|Modest|||||50|]Sylveon||FairyFeather|Pixilate|Protect,HyperVoice,HyperBeam,QuickAttack|Modest||M|||50|]Talonflame||SharpBeak|GaleWings|QuickGuard,DualWingbeat,SunnyDay,Tailwind|Jolly||F|||50|]Froslass||Froslassite|CursedBody|Protect,Blizzard,ShadowBall,Taunt|Timid||F|||50|
|showteam|p2|Charizard||CharizarditeY|Blaze|HeatWave,SolarBeam,WeatherBall,Protect|Timid||M|||50|]Venusaur||LifeOrb|Chlorophyll|EarthPower,GigaDrain,SleepPowder,Protect|Modest||M|||50|]Annihilape||Leftovers|Defiant|RageFist,DrainPunch,BulkUp,Protect|Adamant||F|||50|]Maushold||ChopleBerry|FriendGuard|BeatUp,SuperFang,FollowMe,Protect|Jolly|||||50|]Grimmsnarl||LightClay|Prankster|FakeOut,LightScreen,Reflect,SpiritBreak|Adamant||M|||50|]Glimmora||FocusSash|ToxicDebris|PowerGem,SludgeBomb,DazzlingGleam,SpikyShield|Timid||M|||50|
|inactive|Battle timer is ON: inactive players will automatically lose when time's up. (requested by Cwisbt)
|j| Hariyamamomma
|inactiveoff|Battle timer is now OFF.
|
|t:|1784514072
|teamsize|p1|4
|teamsize|p2|4
|start
|switch|p1a: Raichu|Raichu, L50, M|100/100
|switch|p1b: Talonflame|Talonflame, L50, F|100/100
|switch|p2a: Levia|Grimmsnarl, L50, M|100/100
|switch|p2b: Zirconis|Glimmora, L50, M|100/100
|turn|1
|
|t:|1784514094
|switch|p1b: Gholdengo|Gholdengo, L50|100/100
|detailschange|p1a: Raichu|Raichu-Mega-Y, L50, M
|-mega|p1a: Raichu|Raichu|Raichunite Y
|move|p1a: Raichu|Zap Cannon|p2b: Zirconis
|-damage|p2b: Zirconis|15/100
|-status|p2b: Zirconis|par
|move|p2a: Levia|Spirit Break|p1a: Raichu
|-damage|p1a: Raichu|16/100
|-unboost|p1a: Raichu|spa|1
|move|p2b: Zirconis|Power Gem|p1b: Gholdengo
|-resisted|p1b: Gholdengo|1
|-damage|p1b: Gholdengo|75/100
|
|upkeep
|turn|2
|
|t:|1784514130
|move|p2a: Levia|Light Screen|p2a: Levia
|-sidestart|p2: tidal otter|move: Light Screen
|move|p1a: Raichu|Zap Cannon|p2a: Levia
|-damage|p2a: Levia|64/100
|-status|p2a: Levia|par
|move|p1b: Gholdengo|Make It Rain|p2b: Zirconis|[spread] p2a,p2b
|-supereffective|p2a: Levia|1
|-supereffective|p2b: Zirconis|1
|-damage|p2a: Levia|0 fnt
|-damage|p2b: Zirconis|0 fnt
|-unboost|p1b: Gholdengo|spa|2
|faint|p2a: Levia
|faint|p2b: Zirconis
|-damage|p1b: Gholdengo|65/100|[from] item: Life Orb
|
|upkeep
|
|t:|1784514135
|switch|p2b: Aldoron|Venusaur, L50, M|100/100
|switch|p2a: Igneel|Charizard, L50, M|100/100
|turn|3
|
|t:|1784514154
|switch|p1a: Sylveon|Sylveon, L50, M|100/100
|detailschange|p2a: Igneel|Charizard-Mega-Y, L50, M
|-mega|p2a: Igneel|Charizard|Charizardite Y
|-weather|SunnyDay|[from] ability: Drought|[of] p2a: Igneel
|move|p2b: Aldoron|Giga Drain|p1a: Sylveon
|-damage|p1a: Sylveon|60/100
|-damage|p2b: Aldoron|90/100|[from] item: Life Orb
|move|p2a: Igneel|Weather Ball|p1b: Gholdengo
|-supereffective|p1b: Gholdengo|1
|-damage|p1b: Gholdengo|0 fnt
|faint|p1b: Gholdengo
|
|-weather|SunnyDay|[upkeep]
|upkeep
|
|t:|1784514166
|switch|p1b: Talonflame|Talonflame, L50, F|100/100
|turn|4
|
|t:|1784514212
|move|p2b: Aldoron|Protect|p2b: Aldoron
|-singleturn|p2b: Aldoron|Protect
|move|p1b: Talonflame|Dual Wingbeat|p2a: Igneel
|-damage|p2a: Igneel|74/100
|-damage|p2a: Igneel|49/100
|-hitcount|p2a: Igneel|2
|move|p2a: Igneel|Heat Wave|p1b: Talonflame|[spread] p1a,p1b
|-resisted|p1b: Talonflame|1
|-damage|p1a: Sylveon|13/100
|-damage|p1b: Talonflame|51/100
|move|p1a: Sylveon|Hyper Beam|p2a: Igneel
|-resisted|p2a: Igneel|1
|-damage|p2a: Igneel|11/100
|-mustrecharge|p1a: Sylveon
|
|-weather|SunnyDay|[upkeep]
|upkeep
|turn|5
|
|t:|1784514245
|move|p2b: Aldoron|Sleep Powder|p1b: Talonflame|[miss]
|-miss|p2b: Aldoron|p1b: Talonflame
|move|p1b: Talonflame|Dual Wingbeat|p2b: Aldoron
|-supereffective|p2b: Aldoron|1
|-damage|p2b: Aldoron|40/100
|-supereffective|p2b: Aldoron|1
|-damage|p2b: Aldoron|0 fnt
|faint|p2b: Aldoron
|-hitcount|p2: Aldoron|2
|move|p2a: Igneel|Heat Wave|p1b: Talonflame|[spread] p1a,p1b
|-resisted|p1b: Talonflame|1
|-damage|p1a: Sylveon|0 fnt
|-damage|p1b: Talonflame|0 fnt
|faint|p1a: Sylveon
|faint|p1b: Talonflame
|
|-weather|SunnyDay|[upkeep]
|upkeep
|
|t:|1784514258
|switch|p1b: Raichu|Raichu-Mega-Y, L50, M|16/100
|turn|6
|c|☆tidal otter|75% accurate my ass T_T
|
|t:|1784514270
|move|p1b: Raichu|Zap Cannon|p2a: Igneel
|-supereffective|p2a: Igneel|1
|-damage|p2a: Igneel|0 fnt
|faint|p2a: Igneel
|
|win|Cwisbt
|c|☆Cwisbt|Sorry abt that
|c|☆Cwisbt|ggs
|l|☆tidal otter
|player|p2|
|l| Hariyamamomma
