|j|☆Ferran Tiburon
|j|☆MR. HEROW
|html|Ferran TiburonMR. HEROW    
|uhtml|bestof|Game 1 of a best-of-3
|t:|1784747939
|gametype|doubles
|player|p1|Ferran Tiburon|2|1222
|player|p2|MR. HEROW|hilbert-wonderlauncher|1133
|gen|9
|tier|[Gen 9 Champions] VGC 2026 Reg M-B (Bo3)
|rated|
|rule|Species Clause: Limit one of each Pokémon
|rule|Item Clause: Limit 1 of each item
|clearpoke
|poke|p1|Charizard, L50, M|
|poke|p1|Garchomp, L50, F|
|poke|p1|Incineroar, L50, M|
|poke|p1|Venusaur, L50, M|
|poke|p1|Toxapex, L50, F|
|poke|p1|Sylveon, L50, F|
|poke|p2|Starmie, L50|
|poke|p2|Meowstic, L50, M|
|poke|p2|Overqwil, L50, M|
|poke|p2|Klefki, L50, F|
|poke|p2|Sinistcha, L50|
|poke|p2|Sneasler, L50, M|
|teampreview|4
|showteam|p1|Charizard||CharizarditeY|SolarPower|WeatherBall,HeatWave,AncientPower,Protect|Modest||M|||50|]Garchomp||ChoiceScarf|RoughSkin|RockSlide,DragonClaw,Earthquake,StompingTantrum|Adamant||F|||50|]Incineroar||SitrusBerry|Intimidate|FlareBlitz,FakeOut,Taunt,PartingShot|Impish||M|||50|]Venusaur||LifeOrb|Chlorophyll|SludgeBomb,LeafStorm,EarthPower,Protect|Modest||M|||50|]Toxapex||Leftovers|Regenerator|Infestation,Toxic,WideGuard,BanefulBunker|Bold||F|||50|]Sylveon||FairyFeather|Pixilate|HyperVoice,QuickAttack,Yawn,Detect|Modest||F|||50|
|showteam|p2|Starmie||Starminite|Illuminate|Minimize,Protect,CosmicPower,Liquidation|Impish|||||50|]Meowstic||BrightPowder|Prankster|Yawn,SunnyDay,SkillSwap,FakeOut|Impish||M|||50|]Overqwil||Leftovers|Intimidate|BarbBarrage,Stockpile,Minimize,Protect|Careful||M|||50|]Klefki||SitrusBerry|Prankster|DrainingKiss,Substitute,CalmMind,PsychUp|Calm||F|||50|]Sinistcha||CobaBerry|Hospitality|MatchaGotcha,RagePowder,ShadowBall,Protect|Calm|||||50|]Sneasler||FocusSash|Unburden|CloseCombat,Protect,DireClaw,FakeOut|Jolly||M|||50|
|inactive|Battle timer is ON: inactive players will automatically lose when time's up. (requested by MR. HEROW)
|inactive|Ferran Tiburon has 60 seconds left.
|inactive|Ferran Tiburon has 30 seconds left.
|inactive|Ferran Tiburon has 20 seconds left.
|inactive|Ferran Tiburon has 15 seconds left.
|inactive|Ferran Tiburon has 10 seconds left.
|
|t:|1784748031
|teamsize|p1|4
|teamsize|p2|4
|start
|switch|p1a: Toxapex|Toxapex, L50, F|100/100
|switch|p1b: Incineroar|Incineroar, L50, M|100/100
|switch|p2a: Meowstic|Meowstic, L50, M|100/100
|switch|p2b: Overqwil|Overqwil, L50, M|100/100
|-ability|p2b: Overqwil|Intimidate|boost
|-unboost|p1a: Toxapex|atk|1
|-unboost|p1b: Incineroar|atk|1
|-ability|p1b: Incineroar|Intimidate|boost
|-unboost|p2a: Meowstic|atk|1
|-unboost|p2b: Overqwil|atk|1
|turn|1
|
|t:|1784748050
|move|p2a: Meowstic|Fake Out|p1b: Incineroar
|-damage|p1b: Incineroar|96/100
|cant|p1b: Incineroar|flinch
|move|p2b: Overqwil|Stockpile|p2b: Overqwil
|-start|p2b: Overqwil|stockpile1
|-boost|p2b: Overqwil|def|1
|-boost|p2b: Overqwil|spd|1
|move|p1a: Toxapex|Toxic|p2a: Meowstic
|-status|p2a: Meowstic|tox
|
|-damage|p2a: Meowstic|93/100 tox|[from] psn
|upkeep
|turn|2
|inactive|MR. HEROW has 30 seconds left.
|
|t:|1784748084
|move|p2a: Meowstic|Skill Swap|p1a: Toxapex
|-activate|p2a: Meowstic|Skill Swap|Regenerator|Prankster|[of] p1a: Toxapex
|move|p2b: Overqwil|Stockpile|p2b: Overqwil
|-start|p2b: Overqwil|stockpile2
|-boost|p2b: Overqwil|def|1
|-boost|p2b: Overqwil|spd|1
|move|p1b: Incineroar|Taunt|p2a: Meowstic
|-start|p2a: Meowstic|move: Taunt
|move|p1a: Toxapex|Infestation|p2b: Overqwil
|-damage|p2b: Overqwil|98/100
|-activate|p2b: Overqwil|move: Infestation|[of] p1a: Toxapex
|
|-heal|p2b: Overqwil|100/100|[from] item: Leftovers
|-damage|p2a: Meowstic|81/100 tox|[from] psn
|-damage|p2b: Overqwil|87/100|[from] move: Infestation|[partiallytrapped]
|upkeep
|turn|3
|l|☆MR. HEROW
|inactive|MR. HEROW disconnected and has a minute to reconnect!
|player|p2|
|j|☆MR. HEROW
|inactive|MR. HEROW reconnected and has 45 seconds left.
|player|p2|MR. HEROW|hilbert-wonderlauncher|
|
|t:|1784748106
|-activate|p2a: Meowstic|move: Struggle
|move|p2a: Meowstic|Struggle|p1b: Incineroar
|-damage|p1b: Incineroar|93/100
|-damage|p2a: Meowstic|56/100 tox|[from] recoil
|move|p2b: Overqwil|Minimize|p2b: Overqwil
|-boost|p2b: Overqwil|evasion|2
|move|p1b: Incineroar|Taunt|p2b: Overqwil
|-start|p2b: Overqwil|move: Taunt
|move|p1a: Toxapex|Infestation|p2a: Meowstic
|-supereffective|p2a: Meowstic|1
|-damage|p2a: Meowstic|50/100g tox
|-activate|p2a: Meowstic|move: Infestation|[of] p1a: Toxapex
|
|-heal|p2b: Overqwil|93/100|[from] item: Leftovers
|-damage|p2a: Meowstic|32/100 tox|[from] psn
|-damage|p2a: Meowstic|19/100 tox|[from] move: Infestation|[partiallytrapped]
|-damage|p2b: Overqwil|81/100|[from] move: Infestation|[partiallytrapped]
|upkeep
|turn|4
|inactive|Ferran Tiburon has 30 seconds left.
|
|t:|1784748134
|-activate|p2a: Meowstic|move: Struggle
|move|p2a: Meowstic|Struggle|p1b: Incineroar
|-damage|p1b: Incineroar|90/100
|-damage|p2a: Meowstic|0 fnt|[from] recoil
|faint|p2a: Meowstic
|move|p2b: Overqwil|Barb Barrage|p1b: Incineroar
|-damage|p1b: Incineroar|78/100
|move|p1b: Incineroar|Parting Shot|p2b: Overqwil
|-unboost|p2b: Overqwil|atk|1
|-unboost|p2b: Overqwil|spa|1
|
|t:|1784748146
|switch|p1b: Garchomp|Garchomp, L50, F|100/100|[from] Parting Shot
|move|p1a: Toxapex|Infestation|p2b: Overqwil
|-damage|p2b: Overqwil|79/100
|
|-heal|p2b: Overqwil|85/100|[from] item: Leftovers
|-damage|p2b: Overqwil|73/100|[from] move: Infestation|[partiallytrapped]
|upkeep
|
|t:|1784748152
|switch|p2a: Sinistcha|Sinistcha, L50|100/100
|-heal|p2b: Overqwil|98/100|[from] ability: Hospitality|[of] p2a: Sinistcha
|turn|5
|inactive|Ferran Tiburon has 30 seconds left.
|
|t:|1784748180
|move|p1a: Toxapex|Toxic|p2a: Sinistcha
|-status|p2a: Sinistcha|tox
|move|p1b: Garchomp|Stomping Tantrum|p2b: Overqwil|[miss]
|-miss|p1b: Garchomp|p2b: Overqwil
|move|p2b: Overqwil|Barb Barrage|p1b: Garchomp
|-resisted|p1b: Garchomp|1
|-damage|p1b: Garchomp|93/100
|move|p2a: Sinistcha|Shadow Ball|p1b: Garchomp
|-damage|p1b: Garchomp|57/100
|
|-heal|p2b: Overqwil|100/100|[from] item: Leftovers
|-damage|p2a: Sinistcha|93/100 tox|[from] psn
|-damage|p2b: Overqwil|87/100|[from] move: Infestation|[partiallytrapped]
|upkeep
|turn|6
|
|t:|1784748200
|move|p1b: Garchomp|Stomping Tantrum|p2b: Overqwil
|-supereffective|p2b: Overqwil|1
|-damage|p2b: Overqwil|9/100
|move|p2b: Overqwil|Barb Barrage|p1b: Garchomp
|-resisted|p1b: Garchomp|1
|-damage|p1b: Garchomp|53/100
|-status|p1b: Garchomp|psn
|move|p2a: Sinistcha|Shadow Ball|p1b: Garchomp
|-damage|p1b: Garchomp|16/100 psn
|move|p1a: Toxapex|Infestation|p2a: Sinistcha
|-damage|p2a: Sinistcha|91/100 tox
|-activate|p2a: Sinistcha|move: Infestation|[of] p1a: Toxapex
|
|-heal|p2b: Overqwil|15/100|[from] item: Leftovers
|-damage|p1b: Garchomp|4/100 psn|[from] psn
|-damage|p2a: Sinistcha|78/100 tox|[from] psn
|-end|p2b: Overqwil|Infestation|[partiallytrapped]
|-damage|p2a: Sinistcha|66/100 tox|[from] move: Infestation|[partiallytrapped]
|-end|p2b: Overqwil|move: Taunt
|upkeep
|turn|7
|
|t:|1784748216
|move|p2b: Overqwil|Protect|p2b: Overqwil
|-singleturn|p2b: Overqwil|Protect
|move|p2a: Sinistcha|Protect|p2a: Sinistcha
|-singleturn|p2a: Sinistcha|Protect
|move|p1b: Garchomp|Stomping Tantrum|p2b: Overqwil
|-activate|p2b: Overqwil|move: Protect
|move|p1a: Toxapex|Infestation|p2b: Overqwil
|-activate|p2b: Overqwil|move: Protect
|
|-heal|p2b: Overqwil|21/100|[from] item: Leftovers
|-damage|p1b: Garchomp|0 fnt|[from] psn
|faint|p1b: Garchomp
|-damage|p2a: Sinistcha|47/100 tox|[from] psn
|-damage|p2a: Sinistcha|35/100 tox|[from] move: Infestation|[partiallytrapped]
|upkeep
|
|t:|1784748221
|switch|p1b: Incineroar|Incineroar, L50, M|78/100
|-ability|p1b: Incineroar|Intimidate|boost
|-unboost|p2a: Sinistcha|atk|1
|-unboost|p2b: Overqwil|atk|1
|turn|8
|
|t:|1784748228
|switch|p2a: Klefki|Klefki, L50, F|100/100
|move|p2b: Overqwil|Stockpile|p2b: Overqwil
|-start|p2b: Overqwil|stockpile3
|-boost|p2b: Overqwil|def|1
|-boost|p2b: Overqwil|spd|1
|move|p1b: Incineroar|Flare Blitz|p2a: Klefki
|-supereffective|p2a: Klefki|1
|-damage|p2a: Klefki|3/100
|-enditem|p2a: Klefki|Sitrus Berry|[eat]
|-heal|p2a: Klefki|28/100|[from] item: Sitrus Berry
|-damage|p1b: Incineroar|52/100|[from] Recoil
|move|p1a: Toxapex|Infestation|p2b: Overqwil|[miss]
|-miss|p1a: Toxapex|p2b: Overqwil
|
|-heal|p2b: Overqwil|28/100|[from] item: Leftovers
|upkeep
|turn|9
|
|t:|1784748244
|switch|p2a: Sinistcha|Sinistcha, L50|35/100 tox
|-heal|p2b: Overqwil|53/100|[from] ability: Hospitality|[of] p2a: Sinistcha
|move|p2b: Overqwil|Minimize|p2b: Overqwil
|-boost|p2b: Overqwil|evasion|2
|move|p1b: Incineroar|Flare Blitz|p2a: Sinistcha
|-supereffective|p2a: Sinistcha|1
|-damage|p2a: Sinistcha|0 fnt
|faint|p2a: Sinistcha
|-damage|p1b: Incineroar|42/100|[from] Recoil
|-enditem|p1b: Incineroar|Sitrus Berry|[eat]
|-heal|p1b: Incineroar|66/100|[from] item: Sitrus Berry
|move|p1a: Toxapex|Infestation|p2b: Overqwil
|-damage|p2b: Overqwil|51/100
|-activate|p2b: Overqwil|move: Infestation|[of] p1a: Toxapex
|
|-heal|p2b: Overqwil|57/100|[from] item: Leftovers
|-damage|p2b: Overqwil|45/100|[from] move: Infestation|[partiallytrapped]
|upkeep
|
|t:|1784748248
|switch|p2a: Klefki|Klefki, L50, F|28/100
|turn|10
|
|t:|1784748256
|move|p2a: Klefki|Psych Up|p2b: Overqwil
|-copyboost|p2a: Klefki|p2b: Overqwil|[from] move: Psych Up
|move|p2b: Overqwil|Minimize|p2b: Overqwil
|-boost|p2b: Overqwil|evasion|2
|move|p1b: Incineroar|Taunt|p2b: Overqwil|[miss]
|-miss|p1b: Incineroar|p2b: Overqwil
|move|p1a: Toxapex|Infestation|p2a: Klefki|[miss]
|-miss|p1a: Toxapex|p2a: Klefki
|
|-heal|p2b: Overqwil|51/100|[from] item: Leftovers
|-damage|p2b: Overqwil|39/100|[from] move: Infestation|[partiallytrapped]
|upkeep
|turn|11
|
|t:|1784748279
|move|p2a: Klefki|Substitute|p2a: Klefki
|-start|p2a: Klefki|Substitute
|-damage|p2a: Klefki|3/100
|move|p2b: Overqwil|Barb Barrage|p1b: Incineroar
|-damage|p1b: Incineroar|59/100
|-status|p1b: Incineroar|psn
|move|p1b: Incineroar|Flare Blitz|p2b: Overqwil
|-damage|p2b: Overqwil|22/100
|-damage|p1b: Incineroar|54/100 psn|[from] Recoil
|move|p1a: Toxapex|Infestation|p2a: Klefki|[miss]
|-miss|p1a: Toxapex|p2a: Klefki
|
|-heal|p2b: Overqwil|29/100|[from] item: Leftovers
|-damage|p1b: Incineroar|42/100 psn|[from] psn
|-damage|p2b: Overqwil|16/100|[from] move: Infestation|[partiallytrapped]
|upkeep
|turn|12
|
|t:|1784748291
|move|p2a: Klefki|Calm Mind|p2a: Klefki
|-boost|p2a: Klefki|spa|1
|-boost|p2a: Klefki|spd|1
|move|p2b: Overqwil|Barb Barrage|p1b: Incineroar
|-damage|p1b: Incineroar|28/100 psn
|move|p1b: Incineroar|Flare Blitz|p2a: Klefki|[miss]
|-miss|p1b: Incineroar|p2a: Klefki
|move|p1a: Toxapex|Infestation|p2b: Overqwil
|-damage|p2b: Overqwil|15/100
|
|-heal|p2b: Overqwil|21/100|[from] item: Leftovers
|-damage|p1b: Incineroar|16/100 psn|[from] psn
|-damage|p2b: Overqwil|8/100|[from] move: Infestation|[partiallytrapped]
|upkeep
|turn|13
|
|t:|1784748309
|move|p2a: Klefki|Calm Mind|p2a: Klefki
|-boost|p2a: Klefki|spa|1
|-boost|p2a: Klefki|spd|1
|move|p2b: Overqwil|Barb Barrage|p1a: Toxapex
|-resisted|p1a: Toxapex|1
|-damage|p1a: Toxapex|96/100
|move|p1b: Incineroar|Flare Blitz|p2a: Klefki
|-supereffective|p2a: Klefki|1
|-end|p2a: Klefki|Substitute
|-damage|p1b: Incineroar|9/100 psn|[from] Recoil
|move|p1a: Toxapex|Infestation|p2a: Klefki|[miss]
|-miss|p1a: Toxapex|p2a: Klefki
|
|-heal|p2b: Overqwil|15/100|[from] item: Leftovers
|-heal|p1a: Toxapex|100/100|[from] item: Leftovers
|-damage|p1b: Incineroar|0 fnt|[from] psn
|faint|p1b: Incineroar
|-end|p2b: Overqwil|Infestation|[partiallytrapped]
|upkeep
|
|t:|1784748314
|switch|p1b: Charizard|Charizard, L50, M|100/100
|turn|14
|
|t:|1784748330
|detailschange|p1b: Charizard|Charizard-Mega-Y, L50, M
|-mega|p1b: Charizard|Charizard|Charizardite Y
|-weather|SunnyDay|[from] ability: Drought|[of] p1b: Charizard
|move|p1b: Charizard|Heat Wave|p2b: Overqwil|[spread] p2a
|-miss|p1b: Charizard|p2b: Overqwil
|-supereffective|p2a: Klefki|1
|-damage|p2a: Klefki|0 fnt
|faint|p2a: Klefki
|move|p2b: Overqwil|Barb Barrage|p1b: Charizard
|-damage|p1b: Charizard|91/100
|-status|p1b: Charizard|psn
|move|p1a: Toxapex|Infestation|p2b: Overqwil
|-damage|p2b: Overqwil|13/100
|-activate|p2b: Overqwil|move: Infestation|[of] p1a: Toxapex
|
|-weather|SunnyDay|[upkeep]
|-heal|p2b: Overqwil|19/100|[from] item: Leftovers
|-damage|p1b: Charizard|79/100 psn|[from] psn
|-damage|p2b: Overqwil|7/100|[from] move: Infestation|[partiallytrapped]
|upkeep
|turn|15
|
|t:|1784748339
|move|p2b: Overqwil|Protect|p2b: Overqwil
|-singleturn|p2b: Overqwil|Protect
|move|p1b: Charizard|Weather Ball|p2b: Overqwil
|-activate|p2b: Overqwil|move: Protect
|move|p1a: Toxapex|Infestation|p2b: Overqwil
|-activate|p2b: Overqwil|move: Protect
|
|-weather|SunnyDay|[upkeep]
|-heal|p2b: Overqwil|13/100|[from] item: Leftovers
|-damage|p1b: Charizard|67/100 psn|[from] psn
|-damage|p2b: Overqwil|1/100|[from] move: Infestation|[partiallytrapped]
|upkeep
|turn|16
|
|t:|1784748346
|move|p1b: Charizard|Weather Ball|p2b: Overqwil|[miss]
|-miss|p1b: Charizard|p2b: Overqwil
|move|p2b: Overqwil|Barb Barrage|p1b: Charizard
|-damage|p1b: Charizard|50/100g psn
|move|p1a: Toxapex|Infestation|p2b: Overqwil|[miss]
|-miss|p1a: Toxapex|p2b: Overqwil
|
|-weather|SunnyDay|[upkeep]
|-heal|p2b: Overqwil|7/100|[from] item: Leftovers
|-damage|p1b: Charizard|37/100 psn|[from] psn
|-damage|p2b: Overqwil|0 fnt|[from] move: Infestation|[partiallytrapped]
|faint|p2b: Overqwil
|
|win|Ferran Tiburon
||Ferran Tiburon is ready for game 2.
||MR. HEROW is ready for game 2.
|uhtml|next|Next: Game 2 of 3
|l|☆MR. HEROW
|player|p2|
