|j|☆puli95
|j|☆janbenet
|html|puli95janbenet    
|uhtml|bestof|Game 2 of a best-of-3
|t:|1783519921
|gametype|doubles
|player|p1|puli95|1|1147
|player|p2|janbenet|101|1059
|gen|9
|tier|[Gen 9 Champions] VGC 2026 Reg M-B (Bo3)
|rated|
|rule|Species Clause: Limit one of each Pokémon
|rule|Item Clause: Limit 1 of each item
|clearpoke
|poke|p1|Torkoal, L50, F|
|poke|p1|Farigiraf, L50, F|
|poke|p1|Sylveon, L50, M|
|poke|p1|Sinistcha, L50|
|poke|p1|Sneasler, L50, F, shiny|
|poke|p1|Basculegion, L50, M|
|poke|p2|Kingambit, L50, F|
|poke|p2|Charizard, L50, F|
|poke|p2|Aerodactyl, L50, M|
|poke|p2|Farigiraf, L50, F|
|poke|p2|Garchomp, L50, M|
|poke|p2|Sylveon, L50, F|
|teampreview|4
|showteam|p1|Torkoal||Charcoal|Drought|Eruption,WeatherBall,SolarBeam,HelpingHand|Quiet||F|||50|]Farigiraf||ColburBerry|ArmorTail|TwinBeam,Thunderbolt,TrickRoom,Roar|Relaxed||F|||50|]Sylveon||FairyFeather|Pixilate|HyperVoice,HyperBeam,QuickAttack,Protect|Modest||M|||50|]Sinistcha||SitrusBerry|Hospitality|MatchaGotcha,RagePowder,TrickRoom,Protect|Bold|||||50|]Sneasler||WhiteHerb|Unburden|CloseCombat,DireClaw,FakeOut,Protect|Adamant||F|||50|]Basculegion||FocusSash|SwiftSwim|Liquidation,LastRespects,AquaJet,Protect|Adamant||M|||50|
|showteam|p2|Kingambit||FocusSash|Defiant|KowtowCleave,IronHead,SuckerPunch,LowKick|Adamant||F|||50|]Charizard||CharizarditeY|SolarPower|Protect,HeatWave,WeatherBall,SolarBeam|Modest||F|||50|]Aerodactyl||Aerodactylite|Unnerve|RockSlide,DualWingbeat,Tailwind,IceFang|Jolly||M|||50|]Farigiraf||SitrusBerry|ArmorTail|Psychic,Thunder,TrickRoom,Roar|Bold||F|||50|]Garchomp||LifeOrb|RoughSkin|Earthquake,StompingTantrum,DragonClaw,Protect|Jolly||M|||50|]Sylveon||FairyFeather|Pixilate|HyperVoice,HyperBeam,QuickAttack,Detect|Modest||F|||50|
|inactive|Battle timer is ON: inactive players will automatically lose when time's up. (requested by janbenet)
|
|t:|1783519940
|teamsize|p1|4
|teamsize|p2|4
|start
|switch|p1a: Farigiraf|Farigiraf, L50, F|100/100
|switch|p1b: wolverine|Sneasler, L50, F, shiny|100/100
|switch|p2a: Farigiraf|Farigiraf, L50, F|100/100
|switch|p2b: Kingambit|Kingambit, L50, F|100/100
|turn|1
|
|t:|1783519958
|move|p1b: wolverine|Dire Claw|p2a: Farigiraf
|-damage|p2a: Farigiraf|64/100
|move|p2b: Kingambit|Kowtow Cleave|p1a: Farigiraf
|-supereffective|p1a: Farigiraf|1
|-enditem|p1a: Farigiraf|Colbur Berry|[eat]
|-enditem|p1a: Farigiraf|Colbur Berry|[weaken]
|-damage|p1a: Farigiraf|56/100
|move|p2a: Farigiraf|Psychic|p1b: wolverine
|-supereffective|p1b: wolverine|2
|-damage|p1b: wolverine|0 fnt
|faint|p1b: wolverine
|move|p1a: Farigiraf|Trick Room|p1a: Farigiraf
|-fieldstart|move: Trick Room|[of] p1a: Farigiraf
|
|upkeep
|
|t:|1783519969
|switch|p1b: Torkoal|Torkoal, L50, F|100/100
|-weather|SunnyDay|[from] ability: Drought|[of] p1b: Torkoal
|turn|2
|inactive|janbenet has 30 seconds left.
|
|t:|1783519995
|move|p1b: Torkoal|Eruption|p2b: Kingambit|[spread] p2a,p2b
|-supereffective|p2b: Kingambit|1
|-damage|p2a: Farigiraf|0 fnt
|-enditem|p2b: Kingambit|Focus Sash
|-damage|p2b: Kingambit|1/100
|faint|p2a: Farigiraf
|move|p2b: Kingambit|Kowtow Cleave|p1b: Torkoal
|-damage|p1b: Torkoal|62/100
|move|p1a: Farigiraf|Roar|p2b: Kingambit
|drag|p2b: Aerodactyl|Aerodactyl, L50, M|100/100
|-ability|p2b: Aerodactyl|Unnerve
|
|-weather|SunnyDay|[upkeep]
|upkeep
|
|t:|1783520007
|switch|p2a: Garchomp|Garchomp, L50, M|100/100
|turn|3
|
|t:|1783520019
|detailschange|p2b: Aerodactyl|Aerodactyl-Mega, L50, M
|-mega|p2b: Aerodactyl|Aerodactyl|Aerodactylite
|move|p1b: Torkoal|Solar Beam||[still]
|-prepare|p1b: Torkoal|Solar Beam
|-anim|p1b: Torkoal|Solar Beam|p2b: Aerodactyl
|-damage|p2b: Aerodactyl|63/100
|move|p1a: Farigiraf|Twin Beam|p2a: Garchomp
|-damage|p2a: Garchomp|83/100
|-damage|p2a: Garchomp|67/100
|-hitcount|p2a: Garchomp|2
|move|p2a: Garchomp|Earthquake|p1b: Torkoal|[spread] p1a,p1b
|-immune|p2b: Aerodactyl
|-crit|p1a: Farigiraf
|-supereffective|p1b: Torkoal|1
|-damage|p1a: Farigiraf|0 fnt
|-damage|p1b: Torkoal|0 fnt
|faint|p1a: Farigiraf
|faint|p1b: Torkoal
|-damage|p2a: Garchomp|58/100|[from] item: Life Orb
|move|p2b: Aerodactyl|Rock Slide|p1: Farigiraf|[notarget]
|-fail|p2b: Aerodactyl
|
|-weather|SunnyDay|[upkeep]
|upkeep
|
|t:|1783520037
|switch|p1a: Sylveon|Sylveon, L50, M|100/100
|turn|4
|
|t:|1783520050
|move|p2a: Garchomp|Protect|p2a: Garchomp
|-singleturn|p2a: Garchomp|Protect
|move|p1a: Sylveon|Hyper Voice|p2a: Garchomp|[spread] p2b
|-activate|p2a: Garchomp|move: Protect
|-damage|p2b: Aerodactyl|15/100
|move|p2b: Aerodactyl|Rock Slide|p1a: Sylveon
|-damage|p1a: Sylveon|58/100
|
|-weather|SunnyDay|[upkeep]
|upkeep
|turn|5
|
|t:|1783520062
|move|p2a: Garchomp|Protect||[still]
|-fail|p2a: Garchomp
|move|p1a: Sylveon|Hyper Voice|p2a: Garchomp|[spread] p2a,p2b
|-supereffective|p2a: Garchomp|1
|-damage|p2a: Garchomp|0 fnt
|-damage|p2b: Aerodactyl|0 fnt
|faint|p2a: Garchomp
|faint|p2b: Aerodactyl
|
|-weather|SunnyDay|[upkeep]
|-fieldend|move: Trick Room
|upkeep
|
|t:|1783520067
|switch|p2b: Kingambit|Kingambit, L50, F|1/100
|turn|6
|
|t:|1783520074
|move|p2b: Kingambit|Sucker Punch|p1a: Sylveon
|-resisted|p1a: Sylveon|1
|-damage|p1a: Sylveon|35/100
|move|p1a: Sylveon|Hyper Beam|p2b: Kingambit
|-crit|p2b: Kingambit
|-damage|p2b: Kingambit|0 fnt
|-mustrecharge|p1a: Sylveon
|faint|p2b: Kingambit
|
|win|puli95
||puli95 is ready for game 3.
||janbenet is ready for game 3.
|uhtml|next|Next: Game 3 of 3
|l|☆puli95
|player|p1|
