|j|☆xo89
|j|☆lordtentacle69
|html|xo89lordtentacle69    
|uhtml|bestof|Game 2 of a best-of-3
|t:|1783055117
|gametype|doubles
|player|p1|xo89|pokemonbreeder-gen4|1323
|player|p2|lordtentacle69|corbeau|1288
|gen|9
|tier|[Gen 9 Champions] VGC 2026 Reg M-B (Bo3)
|rated|
|rule|Species Clause: Limit one of each Pokémon
|rule|Item Clause: Limit 1 of each item
|clearpoke
|poke|p1|Venusaur, L50, M|
|poke|p1|Tyranitar, L50, F|
|poke|p1|Skeledirge, L50, M|
|poke|p1|Grimmsnarl, L50, M|
|poke|p1|Garchomp, L50, M|
|poke|p1|Milotic, L50, F|
|poke|p2|Aerodactyl, L50, M|
|poke|p2|Charizard, L50, F|
|poke|p2|Kingambit, L50, M|
|poke|p2|Sylveon, L50, F|
|poke|p2|Farigiraf, L50, F|
|poke|p2|Garchomp, L50, F|
|teampreview|4
|showteam|p1|Venusaur||Venusaurite|Overgrow|SludgeBomb,GigaDrain,Protect,EarthPower|Modest||M|||50|]Tyranitar||FocusSash|SandStream|RockSlide,KnockOff,Protect,LowKick|Adamant||F|||50|]Skeledirge||SitrusBerry|Unaware|TorchSong,WillOWisp,SlackOff,Protect|Bold||M|||50|]Grimmsnarl||RoseliBerry|Prankster|LightScreen,Reflect,SpiritBreak,PartingShot|Impish||M|||50|]Garchomp||LifeOrb|RoughSkin|Earthquake,StompingTantrum,Protect,DragonClaw|Jolly||M|||50|]Milotic||Leftovers|Competitive|Scald,IceBeam,Protect,LifeDew|Modest||F|||50|
|showteam|p2|Aerodactyl||Aerodactylite|Unnerve|RockSlide,DualWingbeat,IceFang,Tailwind|Jolly||M|||50|]Charizard||CharizarditeY|Blaze|HeatWave,Protect,SolarBeam,WeatherBall|Modest||F|||50|]Kingambit||FocusSash|Defiant|KowtowCleave,SuckerPunch,LowKick,IronHead|Adamant||M|||50|]Sylveon||FairyFeather|Pixilate|HyperVoice,HyperBeam,QuickAttack,Protect|Modest||F|||50|]Farigiraf||SitrusBerry|ArmorTail|Psychic,Protect,TrickRoom,Thunderbolt|Bold||F|||50|]Garchomp||LifeOrb|RoughSkin|Earthquake,StompingTantrum,DragonClaw,Protect|Jolly||F|||50|
|
|t:|1783055187
|teamsize|p1|4
|teamsize|p2|4
|start
|switch|p1a: Venusaur|Venusaur, L50, M|100/100
|switch|p1b: Grimmsnarl|Grimmsnarl, L50, M|100/100
|switch|p2a: Aerodactyl|Aerodactyl, L50, M|100/100
|switch|p2b: Sylveon|Sylveon, L50, F|100/100
|-ability|p2a: Aerodactyl|Unnerve
|turn|1
|
|t:|1783055205
|move|p1a: Venusaur|Protect|p1a: Venusaur
|-singleturn|p1a: Venusaur|Protect
|move|p1b: Grimmsnarl|Parting Shot|p2a: Aerodactyl
|-unboost|p2a: Aerodactyl|atk|1
|-unboost|p2a: Aerodactyl|spa|1
|
|t:|1783055211
|switch|p1b: Skeledirge|Skeledirge, L50, M|100/100|[from] Parting Shot
|move|p2a: Aerodactyl|Dual Wingbeat|p1a: Venusaur
|-activate|p1a: Venusaur|move: Protect
|move|p2b: Sylveon|Hyper Voice|p1a: Venusaur|[spread] p1b
|-activate|p1a: Venusaur|move: Protect
|-resisted|p1b: Skeledirge|1
|-damage|p1b: Skeledirge|77/100
|
|upkeep
|turn|2
|
|t:|1783055226
|switch|p2b: Garchomp|Garchomp, L50, F|100/100
|detailschange|p1a: Venusaur|Venusaur-Mega, L50, M
|-mega|p1a: Venusaur|Venusaur|Venusaurite
|move|p2a: Aerodactyl|Rock Slide|p1b: Skeledirge|[spread] p1a,p1b
|-supereffective|p1b: Skeledirge|1
|-damage|p1a: Venusaur|88/100
|-damage|p1b: Skeledirge|40/100
|move|p1a: Venusaur|Sludge Bomb|p2b: Garchomp
|-resisted|p2b: Garchomp|1
|-damage|p2b: Garchomp|78/100
|cant|p1b: Skeledirge|flinch
|
|upkeep
|turn|3
|
|t:|1783055245
|switch|p1b: Grimmsnarl|Grimmsnarl, L50, M|100/100
|move|p1a: Venusaur|Protect|p1a: Venusaur
|-singleturn|p1a: Venusaur|Protect
|move|p2a: Aerodactyl|Dual Wingbeat|p1a: Venusaur
|-activate|p1a: Venusaur|move: Protect
|move|p2b: Garchomp|Earthquake|p1a: Venusaur|[spread] p1b
|-activate|p1a: Venusaur|move: Protect
|-immune|p2a: Aerodactyl
|-damage|p1b: Grimmsnarl|55/100
|-damage|p2b: Garchomp|68/100|[from] item: Life Orb
|
|upkeep
|turn|4
|
|t:|1783055278
|move|p1b: Grimmsnarl|Parting Shot|p2b: Garchomp
|-unboost|p2b: Garchomp|atk|1
|-unboost|p2b: Garchomp|spa|1
|
|t:|1783055281
|switch|p1b: Skeledirge|Skeledirge, L50, M|40/100|[from] Parting Shot
|move|p2a: Aerodactyl|Rock Slide|p1a: Venusaur|[spread] p1a,p1b
|-supereffective|p1b: Skeledirge|1
|-damage|p1a: Venusaur|76/100
|-damage|p1b: Skeledirge|7/100
|move|p2b: Garchomp|Earthquake|p1a: Venusaur|[spread] p1a,p1b
|-immune|p2a: Aerodactyl
|-supereffective|p1b: Skeledirge|1
|-damage|p1a: Venusaur|54/100
|-damage|p1b: Skeledirge|0 fnt
|faint|p1b: Skeledirge
|-damage|p2b: Garchomp|58/100|[from] item: Life Orb
|move|p1a: Venusaur|Giga Drain|p2b: Garchomp
|-damage|p2b: Garchomp|16/100
|-heal|p1a: Venusaur|75/100|[from] drain|[of] p2b: Garchomp
|
|upkeep
|
|t:|1783055293
|switch|p1b: Tyranitar|Tyranitar, L50, F|100/100
|-weather|Sandstorm|[from] ability: Sand Stream|[of] p1b: Tyranitar
|turn|5
|
|t:|1783055314
|move|p2a: Aerodactyl|Dual Wingbeat|p1a: Venusaur
|-supereffective|p1a: Venusaur|1
|-damage|p1a: Venusaur|54/100
|-supereffective|p1a: Venusaur|1
|-damage|p1a: Venusaur|35/100
|-hitcount|p1a: Venusaur|2
|move|p2b: Garchomp|Earthquake|p1b: Tyranitar|[spread] p1a,p1b
|-immune|p2a: Aerodactyl
|-supereffective|p1b: Tyranitar|1
|-damage|p1a: Venusaur|13/100
|-damage|p1b: Tyranitar|38/100
|-damage|p2b: Garchomp|7/100|[from] item: Life Orb
|move|p1b: Tyranitar|Rock Slide|p2a: Aerodactyl|[spread] p2a,p2b
|-supereffective|p2a: Aerodactyl|1
|-resisted|p2b: Garchomp|1
|-damage|p2a: Aerodactyl|1/100
|-damage|p2b: Garchomp|0 fnt
|faint|p2b: Garchomp
|move|p1a: Venusaur|Giga Drain|p2a: Aerodactyl
|-damage|p2a: Aerodactyl|0 fnt
|-heal|p1a: Venusaur|14/100|[from] drain|[of] p2a: Aerodactyl
|faint|p2a: Aerodactyl
|
|-weather|Sandstorm|[upkeep]
|-damage|p1a: Venusaur|8/100|[from] Sandstorm
|upkeep
|
|t:|1783055334
|switch|p2a: Charizard|Charizard, L50, F|100/100
|switch|p2b: Sylveon|Sylveon, L50, F|100/100
|turn|6
|
|t:|1783055353
|switch|p1b: Grimmsnarl|Grimmsnarl, L50, M|55/100
|detailschange|p2a: Charizard|Charizard-Mega-Y, L50, F
|-mega|p2a: Charizard|Charizard|Charizardite Y
|-weather|SunnyDay|[from] ability: Drought|[of] p2a: Charizard
|move|p2a: Charizard|Solar Beam||[still]
|-prepare|p2a: Charizard|Solar Beam
|-anim|p2a: Charizard|Solar Beam|p1b: Grimmsnarl
|-damage|p1b: Grimmsnarl|10/100
|move|p1a: Venusaur|Sludge Bomb|p2b: Sylveon
|-supereffective|p2b: Sylveon|1
|-damage|p2b: Sylveon|28/100
|-status|p2b: Sylveon|psn
|move|p2b: Sylveon|Hyper Voice|p1a: Venusaur|[spread] p1a,p1b
|-resisted|p1a: Venusaur|1
|-supereffective|p1b: Grimmsnarl|1
|-enditem|p1b: Grimmsnarl|Roseli Berry|[eat]
|-enditem|p1b: Grimmsnarl|Roseli Berry|[weaken]
|-damage|p1a: Venusaur|0 fnt
|-damage|p1b: Grimmsnarl|0 fnt
|faint|p1a: Venusaur
|faint|p1b: Grimmsnarl
|
|-weather|SunnyDay|[upkeep]
|-damage|p2b: Sylveon|16/100 psn|[from] psn
|upkeep
|
|t:|1783055369
|switch|p1b: Tyranitar|Tyranitar, L50, F|38/100
|-weather|Sandstorm|[from] ability: Sand Stream|[of] p1b: Tyranitar
|turn|7
|
|t:|1783055381
|move|p2a: Charizard|Solar Beam||[still]
|-prepare|p2a: Charizard|Solar Beam
|move|p1b: Tyranitar|Rock Slide|p2a: Charizard|[spread] p2a,p2b
|-supereffective|p2a: Charizard|2
|-damage|p2a: Charizard|0 fnt
|-damage|p2b: Sylveon|0 fnt
|faint|p2a: Charizard
|faint|p2b: Sylveon
|
|win|xo89
||lordtentacle69 is ready for game 3.
||xo89 is ready for game 3.
|uhtml|next|Next: Game 3 of 3
