|j|☆J.Arch
|j|☆TeyOnTheRox
|html|J.ArchTeyOnTheRox    
|uhtml|bestof|Game 1 of a best-of-3
|t:|1757736257
|gametype|doubles
|player|p1|J.Arch|ethan|1157
|player|p2|TeyOnTheRox|benga|1158
|gen|9
|tier|[Gen 9] VGC 2025 Reg H (Bo3)
|rated|
|rule|Species Clause: Limit one of each Pokémon
|rule|Item Clause: Limit 1 of each item
|clearpoke
|poke|p1|Annihilape, L50, M|
|poke|p1|Pelipper, L50, F|
|poke|p1|Archaludon, L50, M|
|poke|p1|Breloom, L50, F|
|poke|p1|Farigiraf, L50, F|
|poke|p1|Incineroar, L50, M|
|poke|p2|Tyranitar, L50, M|
|poke|p2|Excadrill, L50, F|
|poke|p2|Sneasler, L50, F|
|poke|p2|Indeedee, L50, M|
|poke|p2|Corviknight, L50, F|
|poke|p2|Annihilape, L50, M|
|teampreview|4
|showteam|p1|Annihilape||ChoiceScarf|Defiant|Uturn,FinalGambit,DrainPunch,RageFist|||M|||50|,,,,,Poison]Pelipper||CovertCloak|Drizzle|Tailwind,Hurricane,WeatherBall,Protect|||F|||50|,,,,,Dark]Archaludon||AssaultVest|Stamina|DragonPulse,ElectroShot,BodyPress,FlashCannon|||M|||50|,,,,,Bug]Breloom||FocusSash|Technician|Spore,MachPunch,BulletSeed,SwordsDance|||F|||50|,,,,,Ghost]Farigiraf||ThroatSpray|ArmorTail|HyperVoice,Psychic,HelpingHand,TrickRoom|||F|||50|,,,,,Fairy]Incineroar||SitrusBerry|Intimidate|KnockOff,FakeOut,FlareBlitz,PartingShot|||M|||50|,,,,,Water
|showteam|p2|Tyranitar||AssaultVest|SandStream|RockSlide,KnockOff,TeraBlast,LowKick|||M|||50|,,,,,Flying]Excadrill||FocusSash|SandRush|IronHead,HighHorsepower,Earthquake,Protect|||F|||50|,,,,,Stellar]Sneasler||PsychicSeed|Unburden|DireClaw,CloseCombat,ThroatChop,Protect|||F|||50|,,,,,Dark]Indeedee||ChoiceScarf|PsychicSurge|ExpandingForce,TeraBlast,Protect,Trick|||M|||50|,,,,,Psychic]Corviknight||Leftovers|MirrorArmor|BraveBird,BulkUp,Roost,Tailwind|||F|||50|,,,,,Dragon]Annihilape||SafetyGoggles|Defiant|CloseCombat,FinalGambit,RageFist,Taunt|||M|||50|,,,,,Water
|
|t:|1757736300
|teamsize|p1|4
|teamsize|p2|4
|start
|switch|p1a: Breloom|Breloom, L50, F|100/100
|switch|p1b: Annihilape|Annihilape, L50, M|100/100
|switch|p2a: Cars I|Indeedee, L50, M, shiny|100/100
|switch|p2b: Cachiiga|Annihilape, L50, M|100/100
|-fieldstart|move: Psychic Terrain|[from] ability: Psychic Surge|[of] p2a: Cars I
|turn|1
|
|t:|1757736338
|switch|p1b: Archaludon|Archaludon, L50, M|100/100
|-terastallize|p2a: Cars I|Psychic
|move|p2a: Cars I|Expanding Force|p1b: Archaludon|[spread] p1a,p1b
|-supereffective|p1a: Breloom
|-resisted|p1b: Archaludon
|-enditem|p1a: Breloom|Focus Sash
|-damage|p1a: Breloom|1/100
|-damage|p1b: Archaludon|76/100
|-ability|p1b: Archaludon|Stamina|boost
|-boost|p1b: Archaludon|def|1
|move|p2b: Cachiiga|Close Combat|p1a: Breloom
|-damage|p1a: Breloom|0 fnt
|-unboost|p2b: Cachiiga|def|1
|-unboost|p2b: Cachiiga|spd|1
|faint|p1a: Breloom
|
|upkeep
|
|t:|1757736356
|switch|p1a: Pelipper|Pelipper, L50, F|100/100
|-weather|RainDance|[from] ability: Drizzle|[of] p1a: Pelipper
|turn|2
|
|t:|1757736383
|-terastallize|p1a: Pelipper|Dark
|move|p2a: Cars I|Expanding Force|p1b: Archaludon|[spread] p1b
|-immune|p1a: Pelipper
|-resisted|p1b: Archaludon
|-damage|p1b: Archaludon|48/100
|-ability|p1b: Archaludon|Stamina|boost
|-boost|p1b: Archaludon|def|1
|move|p2b: Cachiiga|Close Combat|p1b: Archaludon
|-supereffective|p1b: Archaludon
|-damage|p1b: Archaludon|11/100
|-unboost|p2b: Cachiiga|def|1
|-unboost|p2b: Cachiiga|spd|1
|-ability|p1b: Archaludon|Stamina|boost
|-boost|p1b: Archaludon|def|1
|move|p1b: Archaludon|Electro Shot||[still]
|-prepare|p1b: Archaludon|Electro Shot
|-boost|p1b: Archaludon|spa|1
|-anim|p1b: Archaludon|Electro Shot|p2a: Cars I
|-damage|p2a: Cars I|12/100
|move|p1a: Pelipper|Tailwind|p1a: Pelipper
|-sidestart|p1: J.Arch|move: Tailwind
|
|-weather|RainDance|[upkeep]
|upkeep
|turn|3
|
|t:|1757736410
|switch|p2b: Doc Hudson|Tyranitar, L50, M, shiny|100/100
|-weather|Sandstorm|[from] ability: Sand Stream|[of] p2b: Doc Hudson
|move|p2a: Cars I|Expanding Force|p1b: Archaludon|[spread] p1b
|-immune|p1a: Pelipper
|-resisted|p1b: Archaludon
|-damage|p1b: Archaludon|0 fnt
|faint|p1b: Archaludon
|move|p1a: Pelipper|Hurricane|p2b: Doc Hudson
|-resisted|p2b: Doc Hudson
|-damage|p2b: Doc Hudson|91/100
|
|-weather|Sandstorm|[upkeep]
|-damage|p2a: Cars I|6/100|[from] Sandstorm
|-damage|p1a: Pelipper|94/100|[from] Sandstorm
|upkeep
|
|t:|1757736424
|switch|p1b: Annihilape|Annihilape, L50, M|100/100
|turn|4
|
|t:|1757736451
|move|p1b: Annihilape|Drain Punch|p2a: Cars I
|-resisted|p2a: Cars I
|-damage|p2a: Cars I|0 fnt
|faint|p2a: Cars I
|move|p1a: Pelipper|Weather Ball|p2b: Doc Hudson
|-damage|p2b: Doc Hudson|80/100
|move|p2b: Doc Hudson|Rock Slide|p1a: Pelipper|[spread] p1a,p1b
|-resisted|p1b: Annihilape
|-damage|p1a: Pelipper|65/100
|-damage|p1b: Annihilape|86/100
|
|-weather|Sandstorm|[upkeep]
|-damage|p1b: Annihilape|80/100|[from] Sandstorm
|-damage|p1a: Pelipper|59/100|[from] Sandstorm
|upkeep
|
|t:|1757736464
|switch|p2a: Lightnin'|Sneasler, L50, F|100/100
|-enditem|p2a: Lightnin'|Psychic Seed
|-boost|p2a: Lightnin'|spd|1|[from] item: Psychic Seed
|turn|5
|
|t:|1757736482
|switch|p2b: Cachiiga|Annihilape, L50, M|100/100
|move|p1b: Annihilape|Drain Punch|p2a: Lightnin'
|-resisted|p2a: Lightnin'
|-damage|p2a: Lightnin'|71/100
|-heal|p1b: Annihilape|91/100|[from] drain|[of] p2a: Lightnin'
|move|p2a: Lightnin'|Close Combat|p1a: Pelipper
|-supereffective|p1a: Pelipper
|-damage|p1a: Pelipper|0 fnt
|-unboost|p2a: Lightnin'|def|1
|-unboost|p2a: Lightnin'|spd|1
|faint|p1a: Pelipper
|
|-weather|Sandstorm|[upkeep]
|-damage|p1b: Annihilape|85/100|[from] Sandstorm
|-damage|p2a: Lightnin'|66/100|[from] Sandstorm
|-sideend|p1: J.Arch|move: Tailwind
|-fieldend|move: Psychic Terrain
|upkeep
|turn|6
|-message|J.Arch forfeited.
|
|win|TeyOnTheRox
|l|☆J.Arch
|player|p1|
||TeyOnTheRox is ready for game 2.
|j|☆J.Arch
|player|p1|J.Arch|ethan|
||J.Arch is ready for game 2.
|uhtml|next|Next: Game 2 of 3
