|j|☆angelbee21
|j|☆ThunDragon67
|html|angelbee21ThunDragon67    
|uhtml|bestof|Game 1 of a best-of-3
|t:|1756659219
|gametype|doubles
|player|p1|angelbee21|lenora|1130
|player|p2|ThunDragon67|li|1000
|gen|9
|tier|[Gen 9] VGC 2025 Reg H (Bo3)
|rated|
|rule|Species Clause: Limit one of each Pokémon
|rule|Item Clause: Limit 1 of each item
|clearpoke
|poke|p1|Maushold-Four, L50|
|poke|p1|Annihilape, L50, F|
|poke|p1|Pelipper, L50, M|
|poke|p1|Archaludon, L50, F|
|poke|p1|Basculegion, L50, M|
|poke|p1|Kingambit, L50, M|
|poke|p2|Incineroar, L50, M|
|poke|p2|Amoonguss, L50, M|
|poke|p2|Farigiraf, L50, M|
|poke|p2|Whimsicott, L50, M|
|poke|p2|Dragonite, L50, M|
|poke|p2|Ursaluna-Bloodmoon, L50, M|
|teampreview|4
|showteam|p1|Maushold-Four||SafetyGoggles|FriendGuard|FollowMe,Protect,Taunt,BeatUp||||||50|,,,,,Ghost]Annihilape||Leftovers|Defiant|RageFist,DrainPunch,BulkUp,Protect|||F|||50|,,,,,Fire]Pelipper||FocusSash|Drizzle|Hurricane,WeatherBall,Tailwind,Protect|||M|||50|,,,,,Ghost]Archaludon||AssaultVest|Stamina|DracoMeteor,ElectroShot,BodyPress,FlashCannon|||F|||50|,,,,,Grass]Basculegion||ChoiceBand|SwiftSwim|LastRespects,WaveCrash,AquaJet,FlipTurn|||M|||50|,,,,,Grass]Kingambit||BlackGlasses|Defiant|KowtowCleave,SuckerPunch,IronHead,Protect|||M|||50|,,,,,Dark
|showteam|p2|Incineroar||AssaultVest|Intimidate|FakeOut,Uturn,Snarl,FlareBlitz|||M|||50|,,,,,Ghost]Amoonguss||RockyHelmet|Regenerator|RagePowder,Spore,PollenPuff,Protect|||M|||50|,,,,,Water]Farigiraf||Leftovers|ArmorTail|Protect,Imprison,DazzlingGleam,TrickRoom|||M|||50|,,,,,Fairy]Whimsicott||CovertCloak|Prankster|GigaDrain,FakeTears,Tailwind,Protect|||M|||50|,,,,,Grass]Dragonite||SafetyGoggles|InnerFocus|Protect,Haze,ExtremeSpeed,IceSpinner|||M|||50|,,,,,Normal]Ursaluna-Bloodmoon||LifeOrb|MindsEye|Protect,BloodMoon,EarthPower,HyperVoice|||M|||50|,,,,,Normal
|inactive|Battle timer is ON: inactive players will automatically lose when time's up. (requested by angelbee21)
|inactive|angelbee21 has 60 seconds left.
|
|t:|1756659270
|teamsize|p1|4
|teamsize|p2|4
|start
|switch|p1a: Pelipper|Pelipper, L50, M|100/100
|switch|p1b: Archaludon|Archaludon, L50, F|100/100
|switch|p2a: Ursaluna|Ursaluna-Bloodmoon, L50, M|100/100
|switch|p2b: Whimsicott|Whimsicott, L50, M|100/100
|-weather|RainDance|[from] ability: Drizzle|[of] p1a: Pelipper
|turn|1
|
|t:|1756659293
|move|p2b: Whimsicott|Fake Tears|p1b: Archaludon
|-unboost|p1b: Archaludon|spd|2
|move|p1b: Archaludon|Draco Meteor|p2a: Ursaluna
|-damage|p2a: Ursaluna|29/100
|-unboost|p1b: Archaludon|spa|2
|move|p1a: Pelipper|Tailwind|p1a: Pelipper
|-sidestart|p1: angelbee21|move: Tailwind
|move|p2a: Ursaluna|Earth Power|p1b: Archaludon
|-supereffective|p1b: Archaludon
|-damage|p1b: Archaludon|0 fnt
|faint|p1b: Archaludon
|-damage|p2a: Ursaluna|19/100|[from] item: Life Orb
|
|-weather|RainDance|[upkeep]
|upkeep
|
|t:|1756659304
|switch|p1b: Kingambit|Kingambit, L50, M|100/100
|turn|2
|inactive|ThunDragon67 has 30 seconds left.
|inactive|ThunDragon67 has 20 seconds left.
|inactive|ThunDragon67 has 15 seconds left.
|inactive|ThunDragon67 has 10 seconds left.
|
|t:|1756659351
|switch|p2b: Farigiraf|Farigiraf, L50, M|100/100
|move|p1b: Kingambit|Sucker Punch||[still]
|cant|p2b: Farigiraf|ability: Armor Tail|Sucker Punch|[of] p1b: Kingambit
|move|p1a: Pelipper|Hurricane|p2b: Farigiraf
|-damage|p2b: Farigiraf|62/100
|-start|p2b: Farigiraf|confusion
|move|p2a: Ursaluna|Earth Power|p1b: Kingambit
|-supereffective|p1b: Kingambit
|-damage|p1b: Kingambit|0 fnt
|faint|p1b: Kingambit
|-damage|p2a: Ursaluna|9/100|[from] item: Life Orb
|
|-weather|RainDance|[upkeep]
|-heal|p2b: Farigiraf|68/100|[from] item: Leftovers
|upkeep
|
|t:|1756659361
|switch|p1b: Basculegion|Basculegion, L50, M|100/100
|turn|3
|
|t:|1756659377
|move|p2a: Ursaluna|Protect|p2a: Ursaluna
|-singleturn|p2a: Ursaluna|Protect
|move|p1b: Basculegion|Wave Crash|p2b: Farigiraf
|-damage|p2b: Farigiraf|0 fnt
|faint|p2b: Farigiraf
|-damage|p1b: Basculegion|76/100|[from] Recoil
|move|p1a: Pelipper|Hurricane|p2a: Ursaluna
|-activate|p2a: Ursaluna|move: Protect
|
|-weather|RainDance|[upkeep]
|upkeep
|
|t:|1756659396
|switch|p2b: Whimsicott|Whimsicott, L50, M|100/100
|turn|4
|
|t:|1756659407
|switch|p2a: Amoonguss|Amoonguss, L50, M|100/100
|move|p2b: Whimsicott|Tailwind|p2b: Whimsicott
|-sidestart|p2: ThunDragon67|move: Tailwind
|move|p1b: Basculegion|Wave Crash|p2a: Amoonguss
|-resisted|p2a: Amoonguss
|-damage|p2a: Amoonguss|37/100
|-damage|p1b: Basculegion|60/100|[from] item: Rocky Helmet|[of] p2a: Amoonguss
|-damage|p1b: Basculegion|38/100|[from] Recoil
|move|p1a: Pelipper|Hurricane|p2b: Whimsicott
|-supereffective|p2b: Whimsicott
|-damage|p2b: Whimsicott|0 fnt
|faint|p2b: Whimsicott
|
|-weather|RainDance|[upkeep]
|-sideend|p1: angelbee21|move: Tailwind
|upkeep
|
|t:|1756659421
|switch|p2b: Ursaluna|Ursaluna-Bloodmoon, L50, M|9/100
|turn|5
|
|t:|1756659434
|-terastallize|p1b: Basculegion|Grass
|move|p2b: Ursaluna|Protect|p2b: Ursaluna
|-singleturn|p2b: Ursaluna|Protect
|move|p1b: Basculegion|Wave Crash|p2b: Ursaluna
|-activate|p2b: Ursaluna|move: Protect
|move|p1a: Pelipper|Tailwind|p1a: Pelipper
|-sidestart|p1: angelbee21|move: Tailwind
|move|p2a: Amoonguss|Pollen Puff|p2b: Ursaluna
|-activate|p2b: Ursaluna|move: Protect
|
|-weather|none
|upkeep
|turn|6
|
|t:|1756659456
|-terastallize|p2a: Amoonguss|Water
|move|p1b: Basculegion|Wave Crash|p2b: Ursaluna
|-supereffective|p2b: Ursaluna
|-damage|p2b: Ursaluna|0 fnt
|faint|p2b: Ursaluna
|-damage|p1b: Basculegion|35/100|[from] Recoil
|move|p1a: Pelipper|Weather Ball|p2a: Amoonguss
|-damage|p2a: Amoonguss|28/100
|move|p2a: Amoonguss|Spore|p1a: Pelipper
|-status|p1a: Pelipper|slp|[from] move: Spore
|
|upkeep
|turn|7
|
|t:|1756659469
|move|p1b: Basculegion|Wave Crash|p2a: Amoonguss
|-resisted|p2a: Amoonguss
|-damage|p2a: Amoonguss|0 fnt
|-damage|p1b: Basculegion|18/100|[from] item: Rocky Helmet|[of] p2a: Amoonguss
|faint|p2a: Amoonguss
|-damage|p1b: Basculegion|9/100|[from] Recoil
|
|win|angelbee21
||ThunDragon67 is ready for game 2.
|inactive|angelbee21 has 30 seconds to confirm battle start!
|l|☆ThunDragon67
|player|p2|
||angelbee21 is ready for game 2.
|uhtml|next|Next: Game 2 of 3
