|j|☆ReggioVGC
|j|☆mike6972
|html|ReggioVGCmike6972    
|uhtml|bestof|Game 1 of a best-of-3
|t:|1756830654
|gametype|doubles
|player|p1|ReggioVGC|lucas|1096
|player|p2|mike6972|265|1055
|gen|9
|tier|[Gen 9] VGC 2025 Reg H (Bo3)
|rated|
|rule|Species Clause: Limit one of each Pokémon
|rule|Item Clause: Limit 1 of each item
|clearpoke
|poke|p1|Ursaluna, L50, F|
|poke|p1|Kilowattrel, L50, F|
|poke|p1|Gholdengo, L50|
|poke|p1|Incineroar, L50, F|
|poke|p1|Amoonguss, L50, M|
|poke|p1|Porygon2, L50|
|poke|p2|Basculegion, L50, M|
|poke|p2|Archaludon, L50, F|
|poke|p2|Pelipper, L50, M|
|poke|p2|Dragonite, L50, M|
|poke|p2|Gholdengo, L50|
|poke|p2|Incineroar, L50, F|
|teampreview|4
|showteam|p1|Ursaluna||FlameOrb|Guts|Facade,HeadlongRush,Earthquake,Protect|||F|||50|,,,,,Fairy]Kilowattrel||FocusSash|Competitive|Thunderbolt,AirSlash,Tailwind,Protect|||F|||50|,,,,,Ghost]Gholdengo||LifeOrb|GoodasGold|MakeItRain,ShadowBall,NastyPlot,Protect||||||50|,,,,,Flying]Incineroar||AssaultVest|Intimidate|KnockOff,FlareBlitz,Uturn,FakeOut|||F|||50|,,,,,Grass]Amoonguss||SitrusBerry|Regenerator|Spore,RagePowder,SludgeBomb,Protect|||M|||50|,,,,,Water]Porygon2||Eviolite|Download|TeraBlast,IceBeam,Recover,TrickRoom||||||50|,,,,,Fighting
|showteam|p2|Basculegion||LifeOrb|SwiftSwim|AquaJet,WaveCrash,LastRespects,Protect|||M|||50|,,,,,Water]Archaludon||AssaultVest|Stamina|DracoMeteor,ElectroShot,Snarl,BodyPress|||F|||50|,,,,,Grass]Pelipper||FocusSash|Drizzle|Protect,Tailwind,WeatherBall,Hurricane|||M|||50|,,,,,Ghost]Dragonite||LoadedDice|Multiscale|Haze,Protect,ScaleShot,ExtremeSpeed|||M|||50|,,,,,Fairy]Gholdengo||MetalCoat|GoodasGold|NastyPlot,ShadowBall,MakeItRain,Protect||||||50|,,,,,Dragon]Incineroar||SafetyGoggles|Intimidate|FakeOut,KnockOff,Taunt,PartingShot|||F|||50|,,,,,Ghost
|inactive|Battle timer is ON: inactive players will automatically lose when time's up. (requested by ReggioVGC)
|
|t:|1756830710
|teamsize|p1|4
|teamsize|p2|4
|start
|switch|p1a: Big Bird|Kilowattrel, L50, F|100/100
|switch|p1b: Mr Worldwide|Gholdengo, L50|100/100
|switch|p2a: Archaludon|Archaludon, L50, F|100/100
|switch|p2b: Pelipper|Pelipper, L50, M|100/100
|-weather|RainDance|[from] ability: Drizzle|[of] p2b: Pelipper
|turn|1
|
|t:|1756830731
|move|p1a: Big Bird|Thunderbolt|p2b: Pelipper
|-supereffective|p2b: Pelipper
|-enditem|p2b: Pelipper|Focus Sash
|-damage|p2b: Pelipper|1/100
|move|p1b: Mr Worldwide|Make It Rain|p2b: Pelipper|[spread] p2a,p2b
|-resisted|p2a: Archaludon
|-resisted|p2b: Pelipper
|-damage|p2a: Archaludon|81/100
|-damage|p2b: Pelipper|0 fnt
|-unboost|p1b: Mr Worldwide|spa|1
|-ability|p2a: Archaludon|Stamina|boost
|-boost|p2a: Archaludon|def|1
|faint|p2b: Pelipper
|-damage|p1b: Mr Worldwide|91/100|[from] item: Life Orb
|move|p2a: Archaludon|Electro Shot||[still]
|-prepare|p2a: Archaludon|Electro Shot
|-boost|p2a: Archaludon|spa|1
|-anim|p2a: Archaludon|Electro Shot|p1b: Mr Worldwide
|-damage|p1b: Mr Worldwide|20/100
|
|-weather|RainDance|[upkeep]
|upkeep
|
|t:|1756830750
|switch|p2b: Gholdengo|Gholdengo, L50|100/100
|turn|2
|inactive|ReggioVGC has 30 seconds left.
|inactive|mike6972 has 30 seconds left.
|
|t:|1756830784
|-terastallize|p2b: Gholdengo|Dragon
|move|p1a: Big Bird|Tailwind|p1a: Big Bird
|-sidestart|p1: ReggioVGC|move: Tailwind
|move|p1b: Mr Worldwide|Shadow Ball|p2b: Gholdengo
|-damage|p2b: Gholdengo|67/100
|-damage|p1b: Mr Worldwide|11/100|[from] item: Life Orb
|move|p2b: Gholdengo|Nasty Plot|p2b: Gholdengo
|-boost|p2b: Gholdengo|spa|2
|move|p2a: Archaludon|Electro Shot||[still]
|-prepare|p2a: Archaludon|Electro Shot
|-boost|p2a: Archaludon|spa|1
|-anim|p2a: Archaludon|Electro Shot|p1a: Big Bird
|-enditem|p1a: Big Bird|Focus Sash
|-damage|p1a: Big Bird|1/100
|
|-weather|RainDance|[upkeep]
|upkeep
|turn|3
|inactive|ReggioVGC has 30 seconds left.
|inactive|ReggioVGC has 20 seconds left.
|
|t:|1756830822
|move|p2b: Gholdengo|Protect|p2b: Gholdengo
|-singleturn|p2b: Gholdengo|Protect
|move|p1a: Big Bird|Air Slash|p2b: Gholdengo
|-activate|p2b: Gholdengo|move: Protect
|move|p1b: Mr Worldwide|Shadow Ball|p2b: Gholdengo
|-activate|p2b: Gholdengo|move: Protect
|move|p2a: Archaludon|Snarl|p1b: Mr Worldwide|[spread] p1b
|-miss|p2a: Archaludon|p1a: Big Bird
|-supereffective|p1b: Mr Worldwide
|-damage|p1b: Mr Worldwide|0 fnt
|faint|p1b: Mr Worldwide
|
|-weather|RainDance|[upkeep]
|upkeep
|
|t:|1756830833
|switch|p1b: Dinko|Ursaluna, L50, F|100/100
|turn|4
|inactive|mike6972 has 30 seconds left.
|inactive|ReggioVGC has 30 seconds left.
|inactive|ReggioVGC has 20 seconds left.
|inactive|ReggioVGC has 15 seconds left.
|inactive|ReggioVGC has 10 seconds left.
|
|t:|1756830887
|-terastallize|p1b: Dinko|Fairy
|move|p1a: Big Bird|Air Slash|p2b: Gholdengo
|-damage|p2b: Gholdengo|33/100
|move|p1b: Dinko|Headlong Rush|p2b: Gholdengo
|-damage|p2b: Gholdengo|0 fnt
|-unboost|p1b: Dinko|def|1
|-unboost|p1b: Dinko|spd|1
|faint|p2b: Gholdengo
|move|p2a: Archaludon|Electro Shot||[still]
|-prepare|p2a: Archaludon|Electro Shot
|-boost|p2a: Archaludon|spa|1
|-anim|p2a: Archaludon|Electro Shot|p1a: Big Bird
|-damage|p1a: Big Bird|0 fnt
|faint|p1a: Big Bird
|
|-weather|RainDance|[upkeep]
|-status|p1b: Dinko|brn|[from] item: Flame Orb
|upkeep
|
|t:|1756830898
|switch|p1a: Nokia Brick|Porygon2, L50|100/100
|switch|p2b: Incineroar|Incineroar, L50, F|100/100
|-ability|p1a: Nokia Brick|Download|boost
|-boost|p1a: Nokia Brick|spa|1
|-ability|p2b: Incineroar|Intimidate|boost
|-unboost|p1a: Nokia Brick|atk|1
|-unboost|p1b: Dinko|atk|1
|turn|5
|inactive|ReggioVGC has 30 seconds left.
|inactive|ReggioVGC has 20 seconds left.
|
|t:|1756830934
|move|p1b: Dinko|Protect|p1b: Dinko
|-singleturn|p1b: Dinko|Protect
|move|p2a: Archaludon|Electro Shot||[still]
|-prepare|p2a: Archaludon|Electro Shot
|-boost|p2a: Archaludon|spa|1
|-anim|p2a: Archaludon|Electro Shot|p1a: Nokia Brick
|-damage|p1a: Nokia Brick|41/100
|move|p2b: Incineroar|Taunt|p1a: Nokia Brick
|-start|p1a: Nokia Brick|move: Taunt
|cant|p1a: Nokia Brick|move: Taunt|Trick Room
|
|-weather|none
|-damage|p1b: Dinko|95/100 brn|[from] brn
|-sideend|p1: ReggioVGC|move: Tailwind
|upkeep
|turn|6
|inactive|mike6972 has 30 seconds left.
|inactive|mike6972 has 20 seconds left.
|inactive|mike6972 has 15 seconds left.
|inactive|mike6972 has 10 seconds left.
|
|t:|1756830983
|move|p2a: Archaludon|Draco Meteor|p1a: Nokia Brick
|-damage|p1a: Nokia Brick|0 fnt
|-unboost|p2a: Archaludon|spa|2
|faint|p1a: Nokia Brick
|move|p1b: Dinko|Headlong Rush|p2a: Archaludon
|-supereffective|p2a: Archaludon
|-damage|p2a: Archaludon|9/100
|-unboost|p1b: Dinko|def|1
|-unboost|p1b: Dinko|spd|1
|-ability|p2a: Archaludon|Stamina|boost
|-boost|p2a: Archaludon|def|1
|move|p2b: Incineroar|Parting Shot|p1b: Dinko
|-unboost|p1b: Dinko|atk|1
|-unboost|p1b: Dinko|spa|1
|
|-damage|p1b: Dinko|89/100 brn|[from] brn
|upkeep
|turn|7
|
|t:|1756831005
|move|p2a: Archaludon|Body Press|p1b: Dinko
|-resisted|p1b: Dinko
|-damage|p1b: Dinko|51/100 brn
|move|p1b: Dinko|Earthquake|p2a: Archaludon|[spread] p2a,p2b
|-supereffective|p2a: Archaludon
|-supereffective|p2b: Incineroar
|-damage|p2a: Archaludon|0 fnt
|-damage|p2b: Incineroar|35/100
|faint|p2a: Archaludon
|move|p2b: Incineroar|Knock Off|p1b: Dinko
|-resisted|p1b: Dinko
|-damage|p1b: Dinko|21/100 brn
|-enditem|p1b: Dinko|Flame Orb|[from] move: Knock Off|[of] p2b: Incineroar
|
|-damage|p1b: Dinko|15/100 brn|[from] brn
|upkeep
|turn|8
|
|t:|1756831019
|move|p1b: Dinko|Headlong Rush|p2b: Incineroar
|-supereffective|p2b: Incineroar
|-damage|p2b: Incineroar|0 fnt
|-unboost|p1b: Dinko|def|1
|-unboost|p1b: Dinko|spd|1
|faint|p2b: Incineroar
|
|win|ReggioVGC
