|j|☆uglybeast
|j|☆Schroombert
|html|uglybeastSchroombert    
|uhtml|bestof|Game 3 of a best-of-3
|t:|1755714594
|gametype|doubles
|player|p1|uglybeast|lucas-gen4pt|1306
|player|p2|Schroombert|rancher|1417
|gen|9
|tier|[Gen 9] VGC 2025 Reg H (Bo3)
|rated|
|rule|Species Clause: Limit one of each Pokémon
|rule|Item Clause: Limit 1 of each item
|clearpoke
|poke|p1|Murkrow, L50, F|
|poke|p1|Ursaluna-Bloodmoon, L50, M|
|poke|p1|Sneasler, L50, M|
|poke|p1|Dragapult, L50, F|
|poke|p1|Armarouge, L50, M|
|poke|p1|Indeedee-F, L50, F|
|poke|p2|Dragonite, L50, M|
|poke|p2|Annihilape, L50, F|
|poke|p2|Rillaboom, L50, F|
|poke|p2|Electabuzz, L50, F|
|poke|p2|Volcarona, L50, F|
|poke|p2|Gholdengo, L50|
|teampreview|4
|showteam|p1|Murkrow||Eviolite|Prankster|Haze,SunnyDay,Tailwind,BraveBird|||F|||50|,,,,,Ghost]Ursaluna-Bloodmoon||LifeOrb|MindsEye|BloodMoon,HyperVoice,Protect,EarthPower|||M|||50|,,,,,Normal]Sneasler||PsychicSeed|Unburden|ThroatChop,DireClaw,CloseCombat,Protect|||M|||50|,,,,,Dark]Dragapult||ChoiceBand|ClearBody|DragonDarts,Outrage,Uturn,PhantomForce|||F|||50|,,,,,Dragon]Armarouge||PowerHerb|FlashFire|HeatWave,MeteorBeam,ExpandingForce,Protect|||M|||50|,,,,,Grass]Indeedee-F||RockyHelmet|PsychicSurge|DazzlingGleam,FollowMe,HelpingHand,TrickRoom|||F|||50|,,,,,Grass
|showteam|p2|Dragonite||LoadedDice|Multiscale|ScaleShot,Tailwind,StompingTantrum,Protect|||M|||50|,,,,,Ground]Annihilape||FocusSash|Defiant|CloseCombat,RageFist,FinalGambit,Taunt|||F|||50|,,,,,Stellar]Rillaboom||AssaultVest|GrassySurge|GrassyGlide,DrumBeating,FakeOut,HighHorsepower|||F|||50|,,,,,Fire]Electabuzz||Eviolite|VitalSpirit|FollowMe,Electroweb,Taunt,Protect|||F|||50|,,,,,Fairy]Volcarona||SitrusBerry|FlameBody|HeatWave,TeraBlast,QuiverDance,Protect|||F|||50|,,,,,Fairy]Gholdengo||GrassySeed|GoodasGold|MakeItRain,ShadowBall,NastyPlot,Protect||||||50|,,,,,Water
|inactive|Battle timer is ON: inactive players will automatically lose when time's up. (requested by Schroombert)
|inactive|uglybeast has 60 seconds left.
|
|t:|1755714627
|teamsize|p1|4
|teamsize|p2|4
|start
|switch|p1a: Laz|Dragapult, L50, F|100/100
|switch|p1b: Anagnoman|Sneasler, L50, M|100/100
|switch|p2a: Dragonite|Dragonite, L50, M, shiny|100/100
|switch|p2b: Volcarona|Volcarona, L50, F, shiny|100/100
|turn|1
|inactive|Schroombert has 30 seconds left.
|
|t:|1755714654
|-terastallize|p1a: Laz|Dragon
|-terastallize|p2b: Volcarona|Fairy
|move|p2a: Dragonite|Protect|p2a: Dragonite
|-singleturn|p2a: Dragonite|Protect
|move|p1a: Laz|Dragon Darts|p2a: Dragonite
|-immune|p2b: Volcarona
|move|p1b: Anagnoman|Dire Claw|p2b: Volcarona
|-supereffective|p2b: Volcarona
|-damage|p2b: Volcarona|0 fnt
|-status|p1b: Anagnoman|brn|[from] ability: Flame Body|[of] p2b: Volcarona
|faint|p2b: Volcarona
|
|-damage|p1b: Anagnoman|95/100 brn|[from] brn
|upkeep
|
|t:|1755714664
|switch|p2b: Rillaboom|Rillaboom, L50, F, shiny|100/100
|-fieldstart|move: Grassy Terrain|[from] ability: Grassy Surge|[of] p2b: Rillaboom
|turn|2
|
|t:|1755714676
|switch|p1b: Blade|Indeedee-F, L50, F|100/100
|-fieldstart|move: Psychic Terrain|[from] ability: Psychic Surge|[of] p1b: Blade
|move|p2b: Rillaboom|Fake Out|p1b: Blade
|-activate|p1b: Blade|move: Psychic Terrain
|move|p1a: Laz|Dragon Darts|p2a: Dragonite
|-supereffective|p2a: Dragonite
|-damage|p2a: Dragonite|44/100
|-anim|p1a: Laz|Dragon Darts|p2b: Rillaboom
|-damage|p2b: Rillaboom|51/100
|move|p2a: Dragonite|Scale Shot|p1a: Laz
|-supereffective|p1a: Laz
|-damage|p1a: Laz|60/100
|-supereffective|p1a: Laz
|-damage|p1a: Laz|18/100
|-supereffective|p1a: Laz
|-damage|p1a: Laz|0 fnt
|faint|p1a: Laz
|-hitcount|p1: Laz|3
|-unboost|p2a: Dragonite|def|1
|-boost|p2a: Dragonite|spe|1
|
|upkeep
|
|t:|1755714691
|switch|p1a: Giandam|Armarouge, L50, M|100/100
|turn|3
|
|t:|1755714711
|switch|p2b: Electabuzz|Electabuzz, L50, F, shiny|100/100
|move|p2a: Dragonite|Protect|p2a: Dragonite
|-singleturn|p2a: Dragonite|Protect
|move|p1b: Blade|Follow Me|p1b: Blade
|-singleturn|p1b: Blade|move: Follow Me
|move|p1a: Giandam|Heat Wave|p2a: Dragonite|[spread] p2b
|-activate|p2a: Dragonite|move: Protect
|-damage|p2b: Electabuzz|70/100
|
|upkeep
|turn|4
|
|t:|1755714727
|move|p2a: Dragonite|Scale Shot|p1a: Giandam
|-damage|p1a: Giandam|84/100
|-damage|p1a: Giandam|65/100
|-damage|p1a: Giandam|48/100
|-damage|p1a: Giandam|29/100
|-damage|p1a: Giandam|12/100
|-hitcount|p1a: Giandam|5
|-unboost|p2a: Dragonite|def|1
|-boost|p2a: Dragonite|spe|1
|move|p2b: Electabuzz|Taunt|p1b: Blade
|-start|p1b: Blade|move: Taunt
|move|p1a: Giandam|Meteor Beam||[still]
|-prepare|p1a: Giandam|Meteor Beam
|-boost|p1a: Giandam|spa|1
|-enditem|p1a: Giandam|Power Herb
|-anim|p1a: Giandam|Meteor Beam|p2a: Dragonite|[miss]
|-miss|p1a: Giandam|p2a: Dragonite
|cant|p1b: Blade|move: Taunt|Trick Room
|
|upkeep
|turn|5
|
|t:|1755714750
|switch|p2a: Rillaboom|Rillaboom, L50, F, shiny|51/100
|-fieldstart|move: Grassy Terrain|[from] ability: Grassy Surge|[of] p2a: Rillaboom
|move|p1a: Giandam|Protect|p1a: Giandam
|-singleturn|p1a: Giandam|Protect
|move|p2b: Electabuzz|Electroweb|p1b: Blade|[spread] p1b
|-activate|p1a: Giandam|move: Protect
|-damage|p1b: Blade|88/100
|-unboost|p1b: Blade|spe|1
|move|p1b: Blade|Dazzling Gleam|p2a: Rillaboom|[spread] p2a,p2b
|-damage|p2a: Rillaboom|43/100
|-damage|p2b: Electabuzz|59/100
|
|-heal|p2b: Electabuzz|65/100|[from] Grassy Terrain
|-heal|p1a: Giandam|18/100|[from] Grassy Terrain
|-heal|p2a: Rillaboom|48/100|[from] Grassy Terrain
|-heal|p1b: Blade|94/100|[from] Grassy Terrain
|upkeep
|turn|6
|
|t:|1755714769
|switch|p1a: Anagnoman|Sneasler, L50, M|95/100 brn
|move|p2b: Electabuzz|Electroweb|p1a: Anagnoman|[spread] p1a,p1b
|-damage|p1a: Anagnoman|77/100 brn
|-damage|p1b: Blade|82/100
|-unboost|p1a: Anagnoman|spe|1
|-unboost|p1b: Blade|spe|1
|move|p2a: Rillaboom|High Horsepower|p1a: Anagnoman
|-supereffective|p1a: Anagnoman
|-damage|p1a: Anagnoman|0 fnt
|faint|p1a: Anagnoman
|move|p1b: Blade|Dazzling Gleam|p2b: Electabuzz|[spread] p2a,p2b
|-damage|p2a: Rillaboom|39/100
|-damage|p2b: Electabuzz|52/100
|
|-heal|p2b: Electabuzz|58/100|[from] Grassy Terrain
|-heal|p2a: Rillaboom|45/100|[from] Grassy Terrain
|-heal|p1b: Blade|88/100|[from] Grassy Terrain
|-end|p1b: Blade|move: Taunt
|upkeep
|
|t:|1755714775
|switch|p1a: Giandam|Armarouge, L50, M|18/100
|turn|7
|
|t:|1755714795
|move|p1b: Blade|Follow Me|p1b: Blade
|-singleturn|p1b: Blade|move: Follow Me
|move|p2b: Electabuzz|Taunt|p1b: Blade
|-start|p1b: Blade|move: Taunt
|move|p1a: Giandam|Heat Wave|p2a: Rillaboom|[spread] p2a
|-miss|p1a: Giandam|p2b: Electabuzz
|-supereffective|p2a: Rillaboom
|-damage|p2a: Rillaboom|0 fnt
|faint|p2a: Rillaboom
|
|-heal|p2b: Electabuzz|64/100|[from] Grassy Terrain
|-heal|p1a: Giandam|24/100|[from] Grassy Terrain
|-heal|p1b: Blade|94/100|[from] Grassy Terrain
|upkeep
|
|t:|1755714798
|switch|p2a: Dragonite|Dragonite, L50, M, shiny|44/100
|turn|8
|inactive|Schroombert has 30 seconds left.
|
|t:|1755714827
|move|p2a: Dragonite|Protect|p2a: Dragonite
|-singleturn|p2a: Dragonite|Protect
|move|p2b: Electabuzz|Electroweb|p1b: Blade|[spread] p1a,p1b
|-damage|p1a: Giandam|7/100
|-damage|p1b: Blade|82/100
|-unboost|p1a: Giandam|spe|1
|-unboost|p1b: Blade|spe|1
|move|p1a: Giandam|Expanding Force|p2a: Dragonite
|-activate|p2a: Dragonite|move: Protect
|move|p1b: Blade|Dazzling Gleam|p2b: Electabuzz|[spread] p2b
|-activate|p2a: Dragonite|move: Protect
|-damage|p2b: Electabuzz|52/100
|
|-heal|p2b: Electabuzz|58/100|[from] Grassy Terrain
|-heal|p1a: Giandam|14/100|[from] Grassy Terrain
|-heal|p1b: Blade|89/100|[from] Grassy Terrain
|upkeep
|turn|9
|
|t:|1755714837
|move|p1a: Giandam|Protect|p1a: Giandam
|-singleturn|p1a: Giandam|Protect
|move|p2b: Electabuzz|Electroweb|p1b: Blade|[spread] 
|-activate|p1a: Giandam|move: Protect
|-miss|p2b: Electabuzz|p1b: Blade
|move|p2a: Dragonite|Scale Shot|p1b: Blade
|-damage|p1b: Blade|73/100
|-crit|p1b: Blade
|-damage|p1b: Blade|51/100
|-damage|p1b: Blade|36/100
|-damage|p1b: Blade|21/100
|-damage|p1b: Blade|7/100
|-hitcount|p1b: Blade|5
|-unboost|p2a: Dragonite|def|1
|-boost|p2a: Dragonite|spe|1
|move|p1b: Blade|Dazzling Gleam|p2a: Dragonite|[spread] p2a,p2b
|-supereffective|p2a: Dragonite
|-damage|p2a: Dragonite|14/100
|-damage|p2b: Electabuzz|46/100
|
|-heal|p2b: Electabuzz|52/100|[from] Grassy Terrain
|-heal|p1a: Giandam|20/100|[from] Grassy Terrain
|-heal|p1b: Blade|13/100|[from] Grassy Terrain
|-fieldend|move: Grassy Terrain
|upkeep
|turn|10
|
|t:|1755714861
|move|p2a: Dragonite|Stomping Tantrum|p1a: Giandam
|-supereffective|p1a: Giandam
|-damage|p1a: Giandam|0 fnt
|faint|p1a: Giandam
|move|p2b: Electabuzz|Electroweb|p1b: Blade
|-damage|p1b: Blade|0 fnt
|faint|p1b: Blade
|
|win|Schroombert
|raw|uglybeast's rating: 1306 → 1292(-14 for losing)
|raw|Schroombert's rating: 1417 → 1431(+14 for winning)
|c|☆uglybeast|gg
