|j|☆tryson69
|j|☆gortland
|html|tryson69gortland    
|uhtml|bestof|Game 3 of a best-of-3
|t:|1756700101
|gametype|doubles
|player|p1|tryson69|crasherwake|1212
|player|p2|gortland|winona|1263
|gen|9
|tier|[Gen 9] VGC 2025 Reg H (Bo3)
|rated|
|rule|Species Clause: Limit one of each Pokémon
|rule|Item Clause: Limit 1 of each item
|clearpoke
|poke|p1|Typhlosion-Hisui, L50, M|
|poke|p1|Rillaboom, L50, F|
|poke|p1|Primarina, L50, F|
|poke|p1|Archaludon, L50, M|
|poke|p1|Whimsicott, L50, F|
|poke|p1|Pelipper, L50, M|
|poke|p2|Ninetales-Alola, L50, M|
|poke|p2|Ursaluna-Bloodmoon, L50, M|
|poke|p2|Gholdengo, L50|
|poke|p2|Amoonguss, L50, M|
|poke|p2|Annihilape, L50, F|
|poke|p2|Dragonite, L50, F|
|teampreview|4
|showteam|p1|Typhlosion-Hisui||ChoiceScarf|Blaze|Eruption,HeatWave,Overheat,ShadowBall|||M|||50|,,,,,Fire]Rillaboom||AssaultVest|GrassySurge|WoodHammer,GrassyGlide,HighHorsepower,FakeOut|||F|||50|,,,,,Fire]Primarina||ThroatSpray|LiquidVoice|HyperVoice,Moonblast,Haze,Protect|||F|||50|,,,,,Poison]Archaludon||Leftovers|Stamina|ElectroShot,BodyPress,Protect,DracoMeteor|||M|||50|,,,,,Grass]Whimsicott||CovertCloak|Prankster|Tailwind,Taunt,Moonblast,SunnyDay|||F|||50|,,,,,Water]Pelipper||FocusSash|Drizzle|WeatherBall,Hurricane,WideGuard,Protect|||M|||50|,,,,,Ghost
|showteam|p2|Ninetales-Alola||CovertCloak|SnowWarning|IcyWind,Blizzard,AuroraVeil,IcicleSpear|||M|||50|,,,,,Water]Ursaluna-Bloodmoon||AssaultVest|MindsEye|BloodMoon,EarthPower,HyperVoice,VacuumWave|||M|||50|,,,,,Water]Gholdengo||LifeOrb|GoodasGold|Protect,NastyPlot,MakeItRain,ShadowBall||||||50|,,,,,Water]Amoonguss||SitrusBerry|Regenerator|Spore,RagePowder,PollenPuff,Protect|||M|||50|,,,,,Psychic]Annihilape||SafetyGoggles|Defiant|RageFist,BulkUp,DrainPunch,Protect|||F|||50|,,,,,Fire]Dragonite||LoadedDice|Multiscale|ScaleShot,Tailwind,Haze,Protect|||F|||50|,,,,,Fairy
|
|t:|1756700121
|teamsize|p1|4
|teamsize|p2|4
|start
|switch|p1a: Rillaboom|Rillaboom, L50, F|100/100
|switch|p1b: Primarina|Primarina, L50, F|100/100
|switch|p2a: Dragonite|Dragonite, L50, F|100/100
|switch|p2b: Ursaluna|Ursaluna-Bloodmoon, L50, M|100/100
|-fieldstart|move: Grassy Terrain|[from] ability: Grassy Surge|[of] p1a: Rillaboom
|turn|1
|
|t:|1756700135
|switch|p2b: Amoonguss|Amoonguss, L50, M|100/100
|move|p2a: Dragonite|Protect|p2a: Dragonite
|-singleturn|p2a: Dragonite|Protect
|move|p1a: Rillaboom|Fake Out|p2a: Dragonite
|-activate|p2a: Dragonite|move: Protect
|move|p1b: Primarina|Hyper Voice|p2a: Dragonite|[spread] p2b
|-activate|p2a: Dragonite|move: Protect
|-resisted|p2b: Amoonguss
|-damage|p2b: Amoonguss|85/100
|-enditem|p1b: Primarina|Throat Spray
|-boost|p1b: Primarina|spa|1|[from] item: Throat Spray
|
|-heal|p2b: Amoonguss|91/100|[from] Grassy Terrain
|upkeep
|turn|2
|
|t:|1756700159
|switch|p1a: Archaludon|Archaludon, L50, M|100/100
|move|p1b: Primarina|Protect|p1b: Primarina
|-singleturn|p1b: Primarina|Protect
|move|p2b: Amoonguss|Rage Powder|p2b: Amoonguss
|-singleturn|p2b: Amoonguss|move: Rage Powder
|move|p2a: Dragonite|Scale Shot|p1a: Archaludon|[miss]
|-miss|p2a: Dragonite|p1a: Archaludon
|
|-heal|p2b: Amoonguss|97/100|[from] Grassy Terrain
|upkeep
|turn|3
|
|t:|1756700172
|-terastallize|p1a: Archaludon|Grass
|move|p2a: Dragonite|Protect|p2a: Dragonite
|-singleturn|p2a: Dragonite|Protect
|move|p1a: Archaludon|Draco Meteor|p2a: Dragonite
|-activate|p2a: Dragonite|move: Protect
|move|p1b: Primarina|Hyper Voice|p2a: Dragonite|[spread] p2b
|-activate|p2a: Dragonite|move: Protect
|-resisted|p2b: Amoonguss
|-damage|p2b: Amoonguss|74/100
|move|p2b: Amoonguss|Spore|p1b: Primarina
|-status|p1b: Primarina|slp|[from] move: Spore
|
|-heal|p2b: Amoonguss|80/100|[from] Grassy Terrain
|upkeep
|turn|4
|
|t:|1756700195
|switch|p2a: Gholdengo|Gholdengo, L50|100/100
|move|p1a: Archaludon|Protect|p1a: Archaludon
|-singleturn|p1a: Archaludon|Protect
|cant|p1b: Primarina|slp
|move|p2b: Amoonguss|Pollen Puff|p2a: Gholdengo
|
|-heal|p2b: Amoonguss|85/100|[from] Grassy Terrain
|upkeep
|turn|5
|
|t:|1756700210
|switch|p1a: Pelipper|Pelipper, L50, M|100/100
|-weather|RainDance|[from] ability: Drizzle|[of] p1a: Pelipper
|move|p2a: Gholdengo|Nasty Plot|p2a: Gholdengo
|-boost|p2a: Gholdengo|spa|2
|cant|p1b: Primarina|slp
|move|p2b: Amoonguss|Pollen Puff|p2a: Gholdengo
|
|-weather|RainDance|[upkeep]
|-heal|p2b: Amoonguss|91/100|[from] Grassy Terrain
|-fieldend|move: Grassy Terrain
|upkeep
|turn|6
|
|t:|1756700222
|move|p2a: Gholdengo|Protect|p2a: Gholdengo
|-singleturn|p2a: Gholdengo|Protect
|move|p1a: Pelipper|Hurricane|p2b: Amoonguss
|-supereffective|p2b: Amoonguss
|-damage|p2b: Amoonguss|3/100
|-enditem|p2b: Amoonguss|Sitrus Berry|[eat]
|-heal|p2b: Amoonguss|28/100|[from] item: Sitrus Berry
|cant|p1b: Primarina|slp
|move|p2b: Amoonguss|Spore|p1a: Pelipper
|-status|p1a: Pelipper|slp|[from] move: Spore
|
|-weather|RainDance|[upkeep]
|upkeep
|turn|7
|
|t:|1756700244
|switch|p2b: Dragonite|Dragonite, L50, F|100/100
|-terastallize|p2a: Gholdengo|Water
|-curestatus|p1b: Primarina|slp|[msg]
|move|p1b: Primarina|Protect|p1b: Primarina
|-singleturn|p1b: Primarina|Protect
|cant|p1a: Pelipper|slp
|move|p2a: Gholdengo|Make It Rain|p1b: Primarina|[spread] p1a
|-activate|p1b: Primarina|move: Protect
|-resisted|p1a: Pelipper
|-damage|p1a: Pelipper|12/100 slp
|-unboost|p2a: Gholdengo|spa|1
|-damage|p2a: Gholdengo|91/100|[from] item: Life Orb
|
|-weather|RainDance|[upkeep]
|upkeep
|turn|8
|
|t:|1756700262
|switch|p2b: Amoonguss|Amoonguss, L50, M|61/100
|-curestatus|p1a: Pelipper|slp|[msg]
|move|p1a: Pelipper|Wide Guard|p1a: Pelipper
|-singleturn|p1a: Pelipper|Wide Guard
|move|p2a: Gholdengo|Make It Rain|p1a: Pelipper|[spread] 
|-activate|p1a: Pelipper|move: Wide Guard
|-activate|p1b: Primarina|move: Wide Guard
|move|p1b: Primarina|Moonblast|p2a: Gholdengo
|-damage|p2a: Gholdengo|13/100
|
|-weather|RainDance|[upkeep]
|upkeep
|turn|9
|
|t:|1756700296
|move|p2a: Gholdengo|Shadow Ball|p1a: Pelipper
|-damage|p1a: Pelipper|0 fnt
|faint|p1a: Pelipper
|-damage|p2a: Gholdengo|4/100|[from] item: Life Orb
|move|p1b: Primarina|Hyper Voice|p2b: Amoonguss|[spread] p2a,p2b
|-resisted|p2a: Gholdengo
|-resisted|p2b: Amoonguss
|-damage|p2a: Gholdengo|0 fnt
|-damage|p2b: Amoonguss|30/100
|faint|p2a: Gholdengo
|move|p2b: Amoonguss|Spore|p1b: Primarina
|-status|p1b: Primarina|slp|[from] move: Spore
|
|-weather|none
|upkeep
|
|t:|1756700310
|switch|p2a: Ursaluna|Ursaluna-Bloodmoon, L50, M|100/100
|switch|p1a: Archaludon|Archaludon, L50, M, tera:Grass|100/100
|turn|10
|
|t:|1756700317
|switch|p1a: Rillaboom|Rillaboom, L50, F|100/100
|-fieldstart|move: Grassy Terrain|[from] ability: Grassy Surge|[of] p1a: Rillaboom
|switch|p2b: Dragonite|Dragonite, L50, F|100/100
|cant|p1b: Primarina|slp
|move|p2a: Ursaluna|Blood Moon|p1b: Primarina
|-damage|p1b: Primarina|29/100 slp
|
|-heal|p1b: Primarina|35/100 slp|[from] Grassy Terrain
|upkeep
|turn|11
|
|t:|1756700340
|switch|p2a: Amoonguss|Amoonguss, L50, M|63/100
|move|p2b: Dragonite|Protect|p2b: Dragonite
|-singleturn|p2b: Dragonite|Protect
|move|p1a: Rillaboom|Fake Out|p2b: Dragonite
|-activate|p2b: Dragonite|move: Protect
|cant|p1b: Primarina|slp
|
|-heal|p1b: Primarina|42/100 slp|[from] Grassy Terrain
|-heal|p2a: Amoonguss|69/100|[from] Grassy Terrain
|upkeep
|turn|12
|
|t:|1756700360
|switch|p1a: Archaludon|Archaludon, L50, M, tera:Grass|100/100
|move|p2b: Dragonite|Scale Shot|p1a: Archaludon|[miss]
|-miss|p2b: Dragonite|p1a: Archaludon
|-curestatus|p1b: Primarina|slp|[msg]
|move|p1b: Primarina|Moonblast|p2b: Dragonite
|-supereffective|p2b: Dragonite
|-damage|p2b: Dragonite|26/100
|-unboost|p2b: Dragonite|spa|1
|move|p2a: Amoonguss|Spore|p1b: Primarina
|-status|p1b: Primarina|slp|[from] move: Spore
|
|-heal|p1b: Primarina|48/100 slp|[from] Grassy Terrain
|-heal|p2a: Amoonguss|75/100|[from] Grassy Terrain
|upkeep
|turn|13
|c|☆tryson69|why do your scale shots keep missing
|c|☆tryson69|lmao
|c|☆gortland|lol
|
|t:|1756700404
|switch|p2b: Ursaluna|Ursaluna-Bloodmoon, L50, M|100/100
|move|p1a: Archaludon|Draco Meteor|p2b: Ursaluna
|-damage|p2b: Ursaluna|62/100
|-unboost|p1a: Archaludon|spa|2
|cant|p1b: Primarina|slp
|move|p2a: Amoonguss|Pollen Puff|p2b: Ursaluna
|-heal|p2b: Ursaluna|100/100
|
|-heal|p1b: Primarina|54/100 slp|[from] Grassy Terrain
|-heal|p2a: Amoonguss|80/100|[from] Grassy Terrain
|upkeep
|turn|14
|
|t:|1756700420
|switch|p1a: Rillaboom|Rillaboom, L50, F|100/100
|-curestatus|p1b: Primarina|slp|[msg]
|move|p1b: Primarina|Protect|p1b: Primarina
|-singleturn|p1b: Primarina|Protect
|move|p2b: Ursaluna|Blood Moon|p1b: Primarina
|-activate|p1b: Primarina|move: Protect
|move|p2a: Amoonguss|Spore|p1a: Rillaboom
|-immune|p1a: Rillaboom
|
|-heal|p1b: Primarina|60/100|[from] Grassy Terrain
|-heal|p2a: Amoonguss|86/100|[from] Grassy Terrain
|-fieldend|move: Grassy Terrain
|upkeep
|turn|15
|
|t:|1756700443
|switch|p2b: Dragonite|Dragonite, L50, F|26/100
|move|p1a: Rillaboom|Wood Hammer|p2b: Dragonite
|-resisted|p2b: Dragonite
|-damage|p2b: Dragonite|11/100
|-damage|p1a: Rillaboom|97/100|[from] Recoil
|move|p1b: Primarina|Moonblast|p2b: Dragonite
|-supereffective|p2b: Dragonite
|-damage|p2b: Dragonite|0 fnt
|faint|p2b: Dragonite
|move|p2a: Amoonguss|Spore|p1b: Primarina
|-status|p1b: Primarina|slp|[from] move: Spore
|
|upkeep
|
|t:|1756700453
|switch|p2b: Ursaluna|Ursaluna-Bloodmoon, L50, M|100/100
|turn|16
|-message|gortland forfeited.
|
|win|tryson69
|raw|tryson69's rating: 1212 → 1241(+29 for winning)
|raw|gortland's rating: 1263 → 1234(-29 for losing)
|l|☆gortland
|player|p2|
|c|☆tryson69|ggg
