|j|☆skywalkingchris
|j|☆ab80
|html|skywalkingchrisab80    
|uhtml|bestof|Game 1 of a best-of-3
|t:|1756317986
|gametype|doubles
|player|p1|skywalkingchris|169|1092
|player|p2|ab80|ingo|1022
|gen|9
|tier|[Gen 9] VGC 2025 Reg H (Bo3)
|rated|
|rule|Species Clause: Limit one of each Pokémon
|rule|Item Clause: Limit 1 of each item
|clearpoke
|poke|p1|Arcanine, L50, F|
|poke|p1|Girafarig, L50, M|
|poke|p1|Clefable, L50, M|
|poke|p1|Talonflame, L50, F|
|poke|p1|Dragapult, L50, M|
|poke|p1|Murkrow, L50, F|
|poke|p2|Snorlax, L50, M|
|poke|p2|Porygon2, L50|
|poke|p2|Sinistcha, L50|
|poke|p2|Torkoal, L50, F|
|poke|p2|Lilligant-Hisui, L50, F|
|poke|p2|Gallade, L50, M|
|teampreview|4
|showteam|p1|Arcanine||SitrusBerry|Justified|ExtremeSpeed,Protect,PlayRough,FlareBlitz|||F|||50|,,,,,Normal]Girafarig||Eviolite|InnerFocus|BeatUp,PsychicNoise,ShadowBall,TrickRoom|||M|||50|,,,,,Poison]Clefable||Leftovers|Unaware|GrassKnot,Protect,Moonblast,FollowMe|||M|||50|,,,,,Fairy]Talonflame||CovertCloak|GaleWings|WillOWisp,FlareBlitz,BraveBird,Tailwind|||F|||50|,,,,,Flying]Dragapult||ChoiceBand|ClearBody|Uturn,DragonDarts,PhantomForce,SuckerPunch|||M|||50|,,,,,Dragon]Murkrow||FocusSash|Insomnia|SuckerPunch,Tailwind,SunnyDay,BraveBird|||F|||50|,,,,,Ghost
|showteam|p2|Snorlax||AssaultVest|ThickFat|DoubleEdge,HighHorsepower,Crunch,HeavySlam|||M|||50|,,,,,Ghost]Porygon2||Eviolite|Download|TeraBlast,IceBeam,TrickRoom,Recover||||||50|,,,,,Ghost]Sinistcha||RockyHelmet|Hospitality|MatchaGotcha,LifeDew,RagePowder,TrickRoom||||||50|,,,,,Dark]Torkoal||Charcoal|Drought|Eruption,HeatWave,EarthPower,Protect|||F|||50|,,,,,Fire]Lilligant-Hisui||FocusSash|Chlorophyll|CloseCombat,SolarBlade,AfterYou,SleepPowder|||F|||50|,,,,,Ghost]Gallade||ClearAmulet|Sharpness|PsychoCut,SacredSword,WideGuard,TrickRoom|||M|||50|,,,,,Grass
|
|t:|1756318031
|teamsize|p1|4
|teamsize|p2|4
|start
|switch|p1a: Talonflame|Talonflame, L50, F|100/100
|switch|p1b: Dragapult|Dragapult, L50, M|100/100
|switch|p2a: Porygon2|Porygon2, L50, shiny|100/100
|switch|p2b: Snorlax|Snorlax, L50, M, shiny|100/100
|-ability|p2a: Porygon2|Download|boost
|-boost|p2a: Porygon2|spa|1
|turn|1
|
|t:|1756318055
|move|p1b: Dragapult|U-turn|p2b: Snorlax
|-damage|p2b: Snorlax|74/100
|
|t:|1756318058
|switch|p1b: Girafarig|Girafarig, L50, M|100/100|[from] U-turn
|move|p1a: Talonflame|Will-O-Wisp|p2b: Snorlax
|-status|p2b: Snorlax|brn
|move|p2b: Snorlax|Double-Edge|p1a: Talonflame
|-damage|p1a: Talonflame|56/100
|-damage|p2b: Snorlax|65/100 brn|[from] Recoil
|move|p2a: Porygon2|Trick Room|p2a: Porygon2
|-fieldstart|move: Trick Room|[of] p2a: Porygon2
|
|-damage|p2b: Snorlax|59/100 brn|[from] brn
|upkeep
|turn|2
|
|t:|1756318086
|switch|p1a: Arcanine|Arcanine, L50, F|100/100
|move|p2b: Snorlax|Crunch|p1b: Girafarig
|-supereffective|p1b: Girafarig
|-damage|p1b: Girafarig|80/100
|move|p2a: Porygon2|Tera Blast|p1a: Arcanine
|-damage|p1a: Arcanine|45/100
|-enditem|p1a: Arcanine|Sitrus Berry|[eat]
|-heal|p1a: Arcanine|70/100|[from] item: Sitrus Berry
|move|p1b: Girafarig|Beat Up|p1a: Arcanine
|-damage|p1a: Arcanine|67/100
|-ability|p1a: Arcanine|Justified|boost
|-boost|p1a: Arcanine|atk|1
|-damage|p1a: Arcanine|65/100
|-ability|p1a: Arcanine|Justified|boost
|-boost|p1a: Arcanine|atk|1
|-damage|p1a: Arcanine|62/100
|-ability|p1a: Arcanine|Justified|boost
|-boost|p1a: Arcanine|atk|1
|-damage|p1a: Arcanine|58/100
|-ability|p1a: Arcanine|Justified|boost
|-boost|p1a: Arcanine|atk|1
|-hitcount|p1a: Arcanine|4
|
|-damage|p2b: Snorlax|53/100 brn|[from] brn
|upkeep
|turn|3
|
|t:|1756318112
|move|p1a: Arcanine|Protect|p1a: Arcanine
|-singleturn|p1a: Arcanine|Protect
|move|p2b: Snorlax|High Horsepower|p1a: Arcanine
|-activate|p1a: Arcanine|move: Protect
|move|p2a: Porygon2|Tera Blast|p1a: Arcanine
|-activate|p1a: Arcanine|move: Protect
|move|p1b: Girafarig|Trick Room|p1b: Girafarig
|-fieldend|move: Trick Room
|
|-damage|p2b: Snorlax|47/100 brn|[from] brn
|upkeep
|turn|4
|
|t:|1756318137
|-terastallize|p1a: Arcanine|Normal
|-terastallize|p2a: Porygon2|Ghost
|move|p1a: Arcanine|Flare Blitz|p2a: Porygon2
|-damage|p2a: Porygon2|0 fnt
|faint|p2a: Porygon2
|-damage|p1a: Arcanine|26/100|[from] Recoil
|move|p1b: Girafarig|Psychic Noise|p2b: Snorlax
|-crit|p2b: Snorlax
|-damage|p2b: Snorlax|28/100 brn
|-start|p2b: Snorlax|move: Heal Block
|move|p2b: Snorlax|High Horsepower|p1a: Arcanine
|-damage|p1a: Arcanine|9/100
|
|-damage|p2b: Snorlax|22/100 brn|[from] brn
|upkeep
|
|t:|1756318143
|switch|p2a: Sinistcha|Sinistcha, L50|100/100
|turn|5
|
|t:|1756318171
|switch|p2a: Torkoal|Torkoal, L50, F, shiny|100/100
|-weather|SunnyDay|[from] ability: Drought|[of] p2a: Torkoal
|move|p1a: Arcanine|Flare Blitz|p2a: Torkoal
|-resisted|p2a: Torkoal
|-damage|p2a: Torkoal|6/100
|-damage|p1a: Arcanine|0 fnt|[from] Recoil
|faint|p1a: Arcanine
|move|p1b: Girafarig|Shadow Ball|p2a: Torkoal
|-damage|p2a: Torkoal|0 fnt
|faint|p2a: Torkoal
|move|p2b: Snorlax|Double-Edge|p1b: Girafarig
|-damage|p1b: Girafarig|55/100
|-damage|p2b: Snorlax|16/100 brn|[from] Recoil
|
|-weather|SunnyDay|[upkeep]
|-damage|p2b: Snorlax|10/100 brn|[from] brn
|-end|p2b: Snorlax|move: Heal Block
|upkeep
|
|t:|1756318191
|switch|p1a: Talonflame|Talonflame, L50, F|56/100
|switch|p2a: Sinistcha|Sinistcha, L50|100/100
|-heal|p2b: Snorlax|35/100 brn|[from] ability: Hospitality|[of] p2a: Sinistcha
|turn|6
|
|t:|1756318200
|move|p1a: Talonflame|Brave Bird|p2a: Sinistcha
|-supereffective|p2a: Sinistcha
|-damage|p2a: Sinistcha|26/100
|-damage|p1a: Talonflame|40/100|[from] item: Rocky Helmet|[of] p2a: Sinistcha
|-damage|p1a: Talonflame|12/100|[from] Recoil
|move|p1b: Girafarig|Psychic Noise|p2b: Snorlax
|-damage|p2b: Snorlax|23/100 brn
|-start|p2b: Snorlax|move: Heal Block
|move|p2a: Sinistcha|Matcha Gotcha|p1a: Talonflame|[spread] p1a,p1b
|-resisted|p1a: Talonflame
|-damage|p1a: Talonflame|2/100
|-heal|p2a: Sinistcha|31/100|[from] drain|[of] p1a: Talonflame
|-damage|p1b: Girafarig|34/100
|-heal|p2a: Sinistcha|41/100|[from] drain|[of] p1b: Girafarig
|move|p2b: Snorlax|Double-Edge|p1a: Talonflame
|-damage|p1a: Talonflame|0 fnt
|faint|p1a: Talonflame
|-damage|p2b: Snorlax|22/100 brn|[from] Recoil
|
|-weather|SunnyDay|[upkeep]
|-damage|p2b: Snorlax|16/100 brn|[from] brn
|upkeep
|
|t:|1756318224
|switch|p1a: Dragapult|Dragapult, L50, M|100/100
|turn|7
|
|t:|1756318236
|move|p1a: Dragapult|Dragon Darts|p2b: Snorlax
|-damage|p2b: Snorlax|0 fnt
|-anim|p1a: Dragapult|Dragon Darts|p2a: Sinistcha
|-damage|p2a: Sinistcha|12/100
|faint|p2b: Snorlax
|move|p1b: Girafarig|Shadow Ball|p2a: Sinistcha
|-supereffective|p2a: Sinistcha
|-damage|p2a: Sinistcha|0 fnt
|faint|p2a: Sinistcha
|
|win|skywalkingchris
|l|☆ab80
|player|p2|
||ab80 is ready for game 2.
|inactive|skywalkingchris has 30 seconds to confirm battle start!
