|j|☆Sloth diesel
|j|☆tedidn
|html|Sloth dieseltedidn    
|uhtml|bestof|Game 1 of a best-of-3
|t:|1785031163
|gametype|doubles
|player|p1|Sloth diesel|janine|
|player|p2|tedidn|marshal|
|gen|9
|tier|[Gen 9 Champions] VGC 2026 Reg M-B (Bo3)
|rule|Species Clause: Limit one of each Pokémon
|rule|Item Clause: Limit 1 of each item
|clearpoke
|poke|p1|Sinistcha, L50|
|poke|p1|Incineroar, L50, F|
|poke|p1|Milotic, L50, M|
|poke|p1|Raichu, L50, F|
|poke|p1|Floette-Eternal, L50, F|
|poke|p1|Ceruledge, L50, F|
|poke|p2|Charizard, L50, M|
|poke|p2|Venusaur, L50, M|
|poke|p2|Grimmsnarl, L50, M|
|poke|p2|Pelipper, L50, M|
|poke|p2|Archaludon, L50, F|
|poke|p2|Basculegion, L50, M|
|teampreview|4
|showteam|p1|Sinistcha||KasibBerry|Hospitality|MatchaGotcha,LifeDew,RagePowder,Protect|Relaxed|||||50|]Incineroar||SitrusBerry|Intimidate|FlareBlitz,ThroatChop,FakeOut,PartingShot|Impish||F|||50|]Milotic||Leftovers|Competitive|MuddyWater,Coil,Hypnosis,Protect|Calm||M|||50|]Raichu||RaichuniteY|LightningRod|ZapCannon,FocusBlast,FakeOut,Protect|Timid||F|||50|]Floette-Eternal||Floettite|FlowerVeil|DazzlingGleam,DrainingKiss,CalmMind,Protect|Timid||F|||50|]Ceruledge||ColburBerry|FlashFire|BitterBlade,ShadowSneak,BulkUp,Protect|Adamant||F|||50|
|showteam|p2|Charizard||CharizarditeY|Blaze|HeatWave,WeatherBall,SolarBeam,Protect|Modest||M|||50|]Venusaur||FocusSash|Chlorophyll|SleepPowder,SludgeBomb,EarthPower,Protect|Modest||M|||50|]Grimmsnarl||LightClay|Prankster|SpiritBreak,PartingShot,Reflect,LightScreen|Sassy||M|||50|]Pelipper||SitrusBerry|Drizzle|WeatherBall,Hurricane,Tailwind,WideGuard|Modest||M|||50|]Archaludon||Leftovers|Stamina|ElectroShot,FlashCannon,DragonPulse,Protect|Modest||F|||50|]Basculegion||ChoiceScarf|Adaptability|WaveCrash,FlipTurn,LastRespects,AquaJet|Jolly||M|||50|
|inactive|Battle timer is ON: inactive players will automatically lose when time's up. (requested by tedidn)
|j| BurningJackal
|inactive|Sloth diesel has 60 seconds left.
|inactive|tedidn has 60 seconds left.
|j| TemporalDonut
|inactive|Sloth diesel has 30 seconds left.
|inactive|tedidn has 30 seconds left.
|inactive|Sloth diesel has 20 seconds left.
|inactive|Sloth diesel has 15 seconds left.
|inactive|Sloth diesel has 10 seconds left.
|j| Vikram chan
|inactive|Sloth diesel has 5 seconds left.
|
|t:|1785031252
|teamsize|p1|4
|teamsize|p2|4
|start
|switch|p1a: Floette|Floette-Eternal, L50, F|100/100
|switch|p1b: Incineroar|Incineroar, L50, F|100/100
|switch|p2a: Charizard|Charizard, L50, M|100/100
|switch|p2b: Venusaur|Venusaur, L50, M|100/100
|-ability|p1b: Incineroar|Intimidate|boost
|-unboost|p2a: Charizard|atk|1
|-unboost|p2b: Venusaur|atk|1
|turn|1
|
|t:|1785031272
|detailschange|p1a: Floette|Floette-Mega, L50, F
|-mega|p1a: Floette|Floette|Floettite
|-ability|p1a: Floette|Fairy Aura
|detailschange|p2a: Charizard|Charizard-Mega-Y, L50, M
|-mega|p2a: Charizard|Charizard|Charizardite Y
|-weather|SunnyDay|[from] ability: Drought|[of] p2a: Charizard
|move|p1b: Incineroar|Fake Out|p2b: Venusaur
|-damage|p2b: Venusaur|84/100
|cant|p2b: Venusaur|flinch
|move|p1a: Floette|Calm Mind|p1a: Floette
|-boost|p1a: Floette|spa|1
|-boost|p1a: Floette|spd|1
|move|p2a: Charizard|Heat Wave|p1a: Floette|[spread] p1a,p1b
|-resisted|p1b: Incineroar|1
|-damage|p1a: Floette|63/100
|-damage|p1b: Incineroar|72/100
|-status|p1a: Floette|brn
|
|-weather|SunnyDay|[upkeep]
|-damage|p1a: Floette|57/100 brn|[from] brn
|upkeep
|turn|2
|inactive|Sloth diesel has 30 seconds left.
|
|t:|1785031298
|move|p1a: Floette|Protect|p1a: Floette
|-singleturn|p1a: Floette|Protect
|move|p2b: Venusaur|Earth Power|p1b: Incineroar
|-supereffective|p1b: Incineroar|1
|-damage|p1b: Incineroar|17/100
|-enditem|p1b: Incineroar|Sitrus Berry|[eat]
|-heal|p1b: Incineroar|42/100|[from] item: Sitrus Berry
|move|p2a: Charizard|Weather Ball|p1b: Incineroar
|-resisted|p1b: Incineroar|1
|-crit|p1b: Incineroar
|-damage|p1b: Incineroar|0 fnt
|faint|p1b: Incineroar
|
|-weather|SunnyDay|[upkeep]
|-damage|p1a: Floette|51/100 brn|[from] brn
|upkeep
|j| Karissel
|
|t:|1785031315
|switch|p1b: Sinistcha|Sinistcha, L50|100/100
|-heal|p1a: Floette|76/100 brn|[from] ability: Hospitality|[of] p1b: Sinistcha
|turn|3
|
|t:|1785031330
|move|p1b: Sinistcha|Rage Powder|p1b: Sinistcha
|-singleturn|p1b: Sinistcha|move: Rage Powder
|move|p2b: Venusaur|Sludge Bomb|p1a: Floette
|-supereffective|p1a: Floette|1
|-damage|p1a: Floette|26/100 brn
|move|p1a: Floette|Dazzling Gleam|p2b: Venusaur|[spread] p2a,p2b
|-resisted|p2a: Charizard|1
|-resisted|p2b: Venusaur|1
|-damage|p2a: Charizard|73/100
|-damage|p2b: Venusaur|48/100
|move|p2a: Charizard|Heat Wave|p1a: Floette|[spread] p1a
|-miss|p2a: Charizard|p1b: Sinistcha
|-damage|p1a: Floette|0 fnt
|faint|p1a: Floette
|
|-weather|SunnyDay|[upkeep]
|upkeep
|
|t:|1785031348
|switch|p1a: Milotic|Milotic, L50, M|100/100
|turn|4
|
|t:|1785031370
|move|p1b: Sinistcha|Protect|p1b: Sinistcha
|-singleturn|p1b: Sinistcha|Protect
|move|p2b: Venusaur|Sleep Powder|p1a: Milotic
|-status|p1a: Milotic|slp|[from] move: Sleep Powder
|move|p2a: Charizard|Heat Wave|p1a: Milotic|[spread] p1a
|-activate|p1b: Sinistcha|move: Protect
|-resisted|p1a: Milotic|1
|-damage|p1a: Milotic|80/100 slp
|cant|p1a: Milotic|slp
|
|-weather|SunnyDay|[upkeep]
|-heal|p1a: Milotic|86/100 slp|[from] item: Leftovers
|upkeep
|turn|5
|l| BurningJackal
|j| BurningJackal
|
|t:|1785031387
|move|p1b: Sinistcha|Rage Powder|p1b: Sinistcha
|-singleturn|p1b: Sinistcha|move: Rage Powder
|move|p2b: Venusaur|Sludge Bomb|p1a: Milotic
|-damage|p1a: Milotic|56/100 slp
|move|p2a: Charizard|Weather Ball|p1b: Sinistcha
|-supereffective|p1b: Sinistcha|1
|-damage|p1b: Sinistcha|0 fnt
|faint|p1b: Sinistcha
|-curestatus|p1a: Milotic|slp|[msg]
|move|p1a: Milotic|Hypnosis|p2a: Charizard
|-status|p2a: Charizard|slp|[from] move: Hypnosis
|
|-weather|none
|-heal|p1a: Milotic|62/100|[from] item: Leftovers
|upkeep
|turn|6
|
|t:|1785031404
|move|p2b: Venusaur|Sleep Powder|p1a: Milotic
|-status|p1a: Milotic|slp|[from] move: Sleep Powder
|cant|p2a: Charizard|slp
|cant|p1a: Milotic|slp
|
|-heal|p1a: Milotic|68/100 slp|[from] item: Leftovers
|upkeep
|turn|7
|
|t:|1785031415
|move|p2b: Venusaur|Sludge Bomb|p1a: Milotic
|-damage|p1a: Milotic|37/100 slp
|cant|p2a: Charizard|slp
|-curestatus|p1a: Milotic|slp|[msg]
|move|p1a: Milotic|Muddy Water|p2b: Venusaur|[spread] p2a,p2b
|-supereffective|p2a: Charizard|1
|-resisted|p2b: Venusaur|1
|-damage|p2a: Charizard|33/100 slp
|-damage|p2b: Venusaur|34/100
|-unboost|p2a: Charizard|accuracy|1
|
|-heal|p1a: Milotic|43/100|[from] item: Leftovers
|upkeep
|turn|8
|
|t:|1785031429
|move|p2b: Venusaur|Sleep Powder|p1a: Milotic
|-status|p1a: Milotic|slp|[from] move: Sleep Powder
|-curestatus|p2a: Charizard|slp|[msg]
|move|p2a: Charizard|Solar Beam||[still]
|-prepare|p2a: Charizard|Solar Beam
|cant|p1a: Milotic|slp
|
|-heal|p1a: Milotic|49/100 slp|[from] item: Leftovers
|upkeep
|turn|9
|l| BurningJackal
|
|t:|1785031440
|-curestatus|p1a: Milotic|slp|[msg]
|move|p1a: Milotic|Protect|p1a: Milotic
|-singleturn|p1a: Milotic|Protect
|move|p2b: Venusaur|Sludge Bomb|p1a: Milotic
|-activate|p1a: Milotic|move: Protect
|move|p2a: Charizard|Solar Beam|p1a: Milotic|[from] lockedmove
|-activate|p1a: Milotic|move: Protect
|
|-heal|p1a: Milotic|54/100|[from] item: Leftovers
|upkeep
|turn|10
|
|t:|1785031453
|move|p2b: Venusaur|Sleep Powder|p1a: Milotic
|-status|p1a: Milotic|slp|[from] move: Sleep Powder
|move|p2a: Charizard|Solar Beam||[still]
|-prepare|p2a: Charizard|Solar Beam
|cant|p1a: Milotic|slp
|
|-heal|p1a: Milotic|60/100 slp|[from] item: Leftovers
|upkeep
|turn|11
|j| BurningJackal
|
|t:|1785031462
|cant|p1a: Milotic|slp
|move|p2b: Venusaur|Sludge Bomb|p1a: Milotic
|-damage|p1a: Milotic|32/100 slp
|move|p2a: Charizard|Solar Beam|p1a: Milotic|[from] lockedmove
|-supereffective|p1a: Milotic|1
|-damage|p1a: Milotic|0 fnt
|faint|p1a: Milotic
|
|win|tedidn
||tedidn is ready for game 2.
||Sloth diesel is ready for game 2.
|uhtml|next|Next: Game 2 of 3
|l| Vikram chan
|j| Vikram chan
|l| Vikram chan
|j| Vikram chan
|l| Vikram chan
|l| TemporalDonut
|l| Karissel
|l| BurningJackal
