|j|☆lettitripppp
|j|☆trevYAH
|html|lettitripppptrevYAH    
|uhtml|bestof|Game 1 of a best-of-3
|t:|1784324944
|gametype|doubles
|player|p1|lettitripppp|lucas|1247
|player|p2|trevYAH|trevor|1394
|gen|9
|tier|[Gen 9 Champions] VGC 2026 Reg M-B (Bo3)
|rated|
|rule|Species Clause: Limit one of each Pokémon
|rule|Item Clause: Limit 1 of each item
|clearpoke
|poke|p1|Charizard, L50, M, shiny|
|poke|p1|Basculegion, L50, M, shiny|
|poke|p1|Pelipper, L50, M|
|poke|p1|Venusaur, L50, F|
|poke|p1|Archaludon, L50, M|
|poke|p1|Grimmsnarl, L50, M, shiny|
|poke|p2|Floette-Eternal, L50, F|
|poke|p2|Gengar, L50, F|
|poke|p2|Incineroar, L50, M|
|poke|p2|Kommo-o, L50, F|
|poke|p2|Altaria, L50, F|
|poke|p2|Palafin, L50, M|
|teampreview|4
|showteam|p1|Charizard||CharizarditeY|Blaze|WeatherBall,SolarBeam,HeatWave,Protect|Modest||M|||50|]Basculegion||ChoiceScarf|Adaptability|LastRespects,WaveCrash,FlipTurn,AquaJet|Jolly||M|||50|]Pelipper||SitrusBerry|Drizzle|WeatherBall,WideGuard,Hurricane,Tailwind|Modest||M|||50|]Venusaur||FocusSash|Chlorophyll|SleepPowder,SludgeBomb,EarthPower,Protect|Modest||F|||50|]Archaludon||Leftovers|Stamina|FlashCannon,DragonPulse,ElectroShot,Protect|Calm||M|||50|]Grimmsnarl||LightClay|Prankster|PartingShot,LightScreen,SpiritBreak,Reflect|Relaxed||M|||50|
|showteam|p2|Floette-Eternal||Floettite|FlowerVeil|Moonblast,DazzlingGleam,LightofRuin,Protect|Timid||F|||50|]Gengar||Gengarite|CursedBody|ShadowBall,Disable,PerishSong,Protect|Modest||F|||50|]Incineroar||SitrusBerry|Intimidate|FlareBlitz,PartingShot,FakeOut,Protect|Sassy||M|||50|]Kommo-o||LifeOrb|Soundproof|ClangingScales,DracoMeteor,AuraSphere,Protect|Modest||F|||50|]Altaria||Leftovers|CloudNine|BraveBird,PerishSong,Tailwind,Protect|Sassy||F|||50|]Palafin||MysticWater|ZerotoHero|WaveCrash,JetPunch,Encore,Protect|Jolly||M|||50|
|inactive|Battle timer is ON: inactive players will automatically lose when time's up. (requested by lettitripppp)
|inactive|lettitripppp has 60 seconds left.
|inactive|lettitripppp has 30 seconds left.
|inactive|lettitripppp has 20 seconds left.
|inactive|lettitripppp has 15 seconds left.
|
|t:|1784325023
|teamsize|p1|4
|teamsize|p2|4
|start
|switch|p1a: AGNI|Charizard, L50, M, shiny|100/100
|switch|p1b: SOFT-SLEEP|Venusaur, L50, F|100/100
|switch|p2a: Floette|Floette-Eternal, L50, F|100/100
|switch|p2b: Kommo-o|Kommo-o, L50, F|100/100
|turn|1
|
|t:|1784325033
|detailschange|p2a: Floette|Floette-Mega, L50, F
|-mega|p2a: Floette|Floette|Floettite
|-ability|p2a: Floette|Fairy Aura
|detailschange|p1a: AGNI|Charizard-Mega-Y, L50, M, shiny
|-mega|p1a: AGNI|Charizard|Charizardite Y
|-weather|SunnyDay|[from] ability: Drought|[of] p1a: AGNI
|move|p2a: Floette|Protect|p2a: Floette
|-singleturn|p2a: Floette|Protect
|move|p2b: Kommo-o|Protect|p2b: Kommo-o
|-singleturn|p2b: Kommo-o|Protect
|move|p1b: SOFT-SLEEP|Sleep Powder|p2b: Kommo-o
|-activate|p2b: Kommo-o|move: Protect
|move|p1a: AGNI|Weather Ball|p2a: Floette
|-activate|p2a: Floette|move: Protect
|
|-weather|SunnyDay|[upkeep]
|upkeep
|turn|2
|
|t:|1784325046
|switch|p2a: Altaria|Altaria, L50, F|100/100
|-ability|p2a: Altaria|Cloud Nine
|move|p1a: AGNI|Weather Ball|p2a: Altaria
|-damage|p2a: Altaria|82/100
|move|p2b: Kommo-o|Draco Meteor|p1b: SOFT-SLEEP
|-damage|p1b: SOFT-SLEEP|10/100
|-unboost|p2b: Kommo-o|spa|2
|-damage|p2b: Kommo-o|90/100|[from] item: Life Orb
|move|p1b: SOFT-SLEEP|Sleep Powder|p2b: Kommo-o
|-status|p2b: Kommo-o|slp|[from] move: Sleep Powder
|
|-weather|SunnyDay|[upkeep]
|-heal|p2a: Altaria|89/100|[from] item: Leftovers
|upkeep
|turn|3
|
|t:|1784325068
|switch|p1a: WET-BEAK|Pelipper, L50, M|100/100
|-weather|RainDance|[from] ability: Drizzle|[of] p1a: WET-BEAK
|move|p2a: Altaria|Protect|p2a: Altaria
|-singleturn|p2a: Altaria|Protect
|cant|p2b: Kommo-o|slp
|move|p1b: SOFT-SLEEP|Sleep Powder|p2a: Altaria
|-activate|p2a: Altaria|move: Protect
|
|-weather|RainDance|[upkeep]
|-heal|p2a: Altaria|95/100|[from] item: Leftovers
|upkeep
|turn|4
|
|t:|1784325085
|switch|p2b: Floette|Floette-Mega, L50, F|100/100
|-ability|p2b: Floette|Fairy Aura
|move|p1b: SOFT-SLEEP|Sleep Powder|p2a: Altaria
|-status|p2a: Altaria|slp|[from] move: Sleep Powder
|move|p1a: WET-BEAK|Tailwind|p1a: WET-BEAK
|-sidestart|p1: lettitripppp|move: Tailwind
|cant|p2a: Altaria|slp
|
|-weather|RainDance|[upkeep]
|-heal|p2a: Altaria|100/100 slp|[from] item: Leftovers
|upkeep
|turn|5
|
|t:|1784325097
|move|p2b: Floette|Protect|p2b: Floette
|-singleturn|p2b: Floette|Protect
|move|p1b: SOFT-SLEEP|Sludge Bomb|p2a: Altaria
|-damage|p2a: Altaria|63/100 slp
|move|p1a: WET-BEAK|Hurricane|p2a: Altaria
|-damage|p2a: Altaria|26/100 slp
|-curestatus|p2a: Altaria|slp|[msg]
|move|p2a: Altaria|Tailwind|p2a: Altaria
|-sidestart|p2: trevYAH|move: Tailwind
|
|-weather|RainDance|[upkeep]
|-heal|p2a: Altaria|32/100|[from] item: Leftovers
|upkeep
|turn|6
|
|t:|1784325117
|switch|p2a: Palafin|Palafin, L50, M|100/100
|move|p2b: Floette|Moonblast|p1b: SOFT-SLEEP
|-resisted|p1b: SOFT-SLEEP|1
|-damage|p1b: SOFT-SLEEP|0 fnt
|faint|p1b: SOFT-SLEEP
|move|p1a: WET-BEAK|Weather Ball|p2b: Floette
|-damage|p2b: Floette|44/100
|
|-weather|RainDance|[upkeep]
|upkeep
|
|t:|1784325127
|switch|p1b: GHOSTWAVE|Basculegion, L50, M, shiny|100/100
|turn|7
|
|t:|1784325141
|detailschange|p2a: Palafin|Palafin-Hero, L50, M
|switch|p2a: Kommo-o|Kommo-o, L50, F|90/100 slp
|move|p2b: Floette|Protect|p2b: Floette
|-singleturn|p2b: Floette|Protect
|move|p1b: GHOSTWAVE|Flip Turn|p2a: Kommo-o
|-resisted|p2a: Kommo-o|1
|-damage|p2a: Kommo-o|61/100 slp
|
|t:|1784325146
|switch|p1b: AGNI|Charizard-Mega-Y, L50, M, shiny|100/100|[from] Flip Turn
|-weather|SunnyDay|[from] ability: Drought|[of] p1b: AGNI
|move|p1a: WET-BEAK|Hurricane|p2b: Floette
|-activate|p2b: Floette|move: Protect
|
|-weather|SunnyDay|[upkeep]
|-sideend|p1: lettitripppp|move: Tailwind
|upkeep
|turn|8
|
|t:|1784325169
|switch|p2a: Altaria|Altaria, L50, F|32/100
|-ability|p2a: Altaria|Cloud Nine
|move|p2b: Floette|Light of Ruin|p1a: WET-BEAK|[miss]
|-miss|p2b: Floette|p1a: WET-BEAK
|move|p1b: AGNI|Heat Wave|p2a: Altaria|[spread] p2a,p2b
|-resisted|p2a: Altaria|1
|-damage|p2a: Altaria|16/100
|-damage|p2b: Floette|8/100
|move|p1a: WET-BEAK|Tailwind|p1a: WET-BEAK
|-sidestart|p1: lettitripppp|move: Tailwind
|
|-weather|SunnyDay|[upkeep]
|-heal|p2a: Altaria|22/100|[from] item: Leftovers
|-sideend|p2: trevYAH|move: Tailwind
|upkeep
|turn|9
|-message|trevYAH forfeited.
|
|win|lettitripppp
