|j|☆Adriatic Tides
|j|☆Sea's Searing
|html|Adriatic TidesSea's Searing    
|uhtml|bestof|Game 2 of a best-of-3
|t:|1784424647
|gametype|doubles
|player|p1|Adriatic Tides|leon|1174
|player|p2|Sea's Searing|170|1310
|gen|9
|tier|[Gen 9 Champions] VGC 2026 Reg M-B (Bo3)
|rated|
|rule|Species Clause: Limit one of each Pokémon
|rule|Item Clause: Limit 1 of each item
|clearpoke
|poke|p1|Tyranitar, L50, M|
|poke|p1|Excadrill, L50, M|
|poke|p1|Delphox, L50, M|
|poke|p1|Sinistcha, L50|
|poke|p1|Rotom-Wash, L50|
|poke|p1|Incineroar, L50, M|
|poke|p2|Blaziken, L50, F|
|poke|p2|Venusaur, L50, M|
|poke|p2|Ninetales-Alola, L50, M|
|poke|p2|Lycanroc-Dusk, L50, M|
|poke|p2|Kingambit, L50, M|
|poke|p2|Basculegion, L50, M|
|teampreview|4
|showteam|p1|Tyranitar||Tyranitarite|SandStream|KnockOff,RockSlide,Protect,LowKick|Adamant||M|||50|]Excadrill||FocusSash|SandRush|Protect,Earthquake,IronHead,RockSlide|Adamant||M|||50|]Delphox||Delphoxite|Blaze|NastyPlot,HeatWave,Psyshock,Protect|Timid||M|||50|]Sinistcha||ColburBerry|Hospitality|TrickRoom,MatchaGotcha,Protect,RagePowder|Bold|||||50|]Rotom-Wash||Leftovers|Levitate|Electroweb,HydroPump,Protect,Thunderbolt|Modest|||||50|]Incineroar||SitrusBerry|Intimidate|FakeOut,FlareBlitz,PartingShot,ThroatChop|Careful||M|||50|
|showteam|p2|Blaziken||Blazikenite|SpeedBoost|CloseCombat,FlareBlitz,StoneEdge,Detect|Adamant||F|||50|]Venusaur||Venusaurite|Chlorophyll|GigaDrain,SludgeBomb,EarthPower,Protect|Modest||M|||50|]Ninetales-Alola||NeverMeltIce|SnowWarning|Blizzard,FreezeDry,Encore,Protect|Timid||M|||50|]Lycanroc-Dusk||FocusSash|ToughClaws|Accelerock,RockSlide,CloseCombat,Protect|Adamant||M|||50|]Kingambit||LifeOrb|Defiant|KowtowCleave,SuckerPunch,IronHead,Protect|Adamant||M|||50|]Basculegion||ChoiceScarf|Adaptability|WaveCrash,LastRespects,FlipTurn,AquaJet|Jolly||M|||50|
|
|t:|1784424692
|teamsize|p1|4
|teamsize|p2|4
|start
|switch|p1a: Tyranitar|Tyranitar, L50, M|100/100
|switch|p1b: Excadrill|Excadrill, L50, M|100/100
|switch|p2a: Rainy boots|Basculegion, L50, M|100/100
|switch|p2b: Villain|Kingambit, L50, M|100/100
|-weather|Sandstorm|[from] ability: Sand Stream|[of] p1a: Tyranitar
|turn|1
|
|t:|1784424733
|detailschange|p1a: Tyranitar|Tyranitar-Mega, L50, M
|-mega|p1a: Tyranitar|Tyranitar|Tyranitarite
|move|p2b: Villain|Protect|p2b: Villain
|-singleturn|p2b: Villain|Protect
|move|p1b: Excadrill|Rock Slide|p2b: Villain|[spread] 
|-activate|p2b: Villain|move: Protect
|-miss|p1b: Excadrill|p2a: Rainy boots
|move|p2a: Rainy boots|Flip Turn|p1a: Tyranitar
|-supereffective|p1a: Tyranitar|1
|-damage|p1a: Tyranitar|55/100
|
|t:|1784424753
|switch|p2a: Life runner|Blaziken, L50, F|100/100|[from] Flip Turn
|move|p1a: Tyranitar|Rock Slide|p2a: Life runner|[spread] p2a
|-activate|p2b: Villain|move: Protect
|-damage|p2a: Life runner|50/100g
|
|-weather|Sandstorm|[upkeep]
|-damage|p2a: Life runner|44/100|[from] Sandstorm
|upkeep
|turn|2
|
|t:|1784424770
|switch|p1a: Rotom|Rotom-Wash, L50|100/100
|detailschange|p2a: Life runner|Blaziken-Mega, L50, F
|-mega|p2a: Life runner|Blaziken|Blazikenite
|move|p2a: Life runner|Detect|p2a: Life runner
|-singleturn|p2a: Life runner|Protect
|move|p2b: Villain|Sucker Punch|p1b: Excadrill
|-damage|p1b: Excadrill|20/100y
|-damage|p2b: Villain|90/100|[from] item: Life Orb
|move|p1b: Excadrill|Earthquake|p2a: Life runner|[spread] p2b
|-activate|p2a: Life runner|move: Protect
|-immune|p1a: Rotom|[from] ability: Levitate
|-supereffective|p2b: Villain|1
|-damage|p2b: Villain|31/100
|
|-weather|Sandstorm|[upkeep]
|-damage|p2a: Life runner|38/100|[from] Sandstorm
|-damage|p1a: Rotom|94/100|[from] Sandstorm
|-heal|p1a: Rotom|100/100|[from] item: Leftovers
|-ability|p2a: Life runner|Speed Boost|boost
|-boost|p2a: Life runner|spe|1
|upkeep
|turn|3
|
|t:|1784424791
|move|p1b: Excadrill|Protect|p1b: Excadrill
|-singleturn|p1b: Excadrill|Protect
|move|p2b: Villain|Sucker Punch|p1a: Rotom
|-damage|p1a: Rotom|44/100
|-damage|p2b: Villain|21/100|[from] item: Life Orb
|move|p2a: Life runner|Close Combat|p1a: Rotom
|-damage|p1a: Rotom|0 fnt
|-unboost|p2a: Life runner|def|1
|-unboost|p2a: Life runner|spd|1
|faint|p1a: Rotom
|
|-weather|Sandstorm|[upkeep]
|-damage|p2a: Life runner|32/100|[from] Sandstorm
|-ability|p2a: Life runner|Speed Boost|boost
|-boost|p2a: Life runner|spe|1
|upkeep
|
|t:|1784424799
|switch|p1a: Sinistcha|Sinistcha, L50|100/100
|-heal|p1b: Excadrill|44/100|[from] ability: Hospitality|[of] p1a: Sinistcha
|turn|4
|
|t:|1784424835
|switch|p2b: Alice in freezer|Ninetales-Alola, L50, M|100/100
|-weather|Snowscape|[from] ability: Snow Warning|[of] p2b: Alice in freezer
|move|p1a: Sinistcha|Rage Powder|p1a: Sinistcha
|-singleturn|p1a: Sinistcha|move: Rage Powder
|move|p2a: Life runner|Flare Blitz|p1a: Sinistcha
|-supereffective|p1a: Sinistcha|1
|-damage|p1a: Sinistcha|0 fnt
|faint|p1a: Sinistcha
|-damage|p2a: Life runner|0 fnt|[from] Recoil
|faint|p2a: Life runner
|move|p1b: Excadrill|Earthquake|p2b: Alice in freezer
|-damage|p2b: Alice in freezer|49/100
|
|-weather|Snowscape|[upkeep]
|upkeep
|
|t:|1784424857
|switch|p2a: Villain|Kingambit, L50, M|21/100
|switch|p1a: Tyranitar|Tyranitar-Mega, L50, M|55/100
|-weather|Sandstorm|[from] ability: Sand Stream|[of] p1a: Tyranitar
|turn|5
|
|t:|1784424867
|move|p2a: Villain|Protect|p2a: Villain
|-singleturn|p2a: Villain|Protect
|move|p1b: Excadrill|Rock Slide|p2b: Alice in freezer|[spread] p2b
|-activate|p2a: Villain|move: Protect
|-supereffective|p2b: Alice in freezer|1
|-damage|p2b: Alice in freezer|0 fnt
|faint|p2b: Alice in freezer
|move|p1a: Tyranitar|Rock Slide|p2a: Villain
|-activate|p2a: Villain|move: Protect
|
|-weather|Sandstorm|[upkeep]
|upkeep
|
|t:|1784424872
|switch|p2b: Rainy boots|Basculegion, L50, M|100/100
|turn|6
|
|t:|1784424884
|move|p1a: Tyranitar|Protect|p1a: Tyranitar
|-singleturn|p1a: Tyranitar|Protect
|move|p2a: Villain|Sucker Punch|p1b: Excadrill
|-damage|p1b: Excadrill|0 fnt
|faint|p1b: Excadrill
|-damage|p2a: Villain|12/100|[from] item: Life Orb
|move|p2b: Rainy boots|Wave Crash|p1a: Tyranitar
|-activate|p1a: Tyranitar|move: Protect
|
|-weather|Sandstorm|[upkeep]
|-damage|p2b: Rainy boots|93/100|[from] Sandstorm
|upkeep
|turn|7
|
|t:|1784424894
|move|p2b: Rainy boots|Wave Crash|p1a: Tyranitar
|-supereffective|p1a: Tyranitar|1
|-damage|p1a: Tyranitar|0 fnt
|faint|p1a: Tyranitar
|-damage|p2b: Rainy boots|74/100|[from] Recoil
|
|win|Sea's Searing
|raw|Adriatic Tides's rating: 1174 → 1158(-16 for losing)
|raw|Sea's Searing's rating: 1310 → 1323(+13 for winning)
