|j|☆artzx
|j|☆char_labs
|html|artzxchar_labs    
|uhtml|bestof|Game 1 of a best-of-3
|t:|1757789261
|gametype|doubles
|player|p1|artzx|265|1143
|player|p2|char_labs|clerkf|1199
|gen|9
|tier|[Gen 9] VGC 2025 Reg H (Bo3)
|rated|
|rule|Species Clause: Limit one of each Pokémon
|rule|Item Clause: Limit 1 of each item
|clearpoke
|poke|p1|Dondozo, L50, M|
|poke|p1|Tatsugiri, L50, F|
|poke|p1|Indeedee, L50, M|
|poke|p1|Sneasler, L50, F|
|poke|p1|Typhlosion-Hisui, L50, M|
|poke|p1|Dragonite, L50, M|
|poke|p2|Dragonite, L50, M|
|poke|p2|Vivillon, L50, F|
|poke|p2|Garchomp, L50, M|
|poke|p2|Gholdengo, L50|
|poke|p2|Incineroar, L50, M|
|poke|p2|Primarina, L50, F|
|teampreview|4
|showteam|p1|Dondozo||Leftovers|Unaware|WaveCrash,OrderUp,Earthquake,Protect|||M|||50|,,,,,Steel]Tatsugiri||ChoiceSpecs|Commander|MuddyWater,DracoMeteor,DragonPulse,HydroPump|||F|||50|,,,,,Fairy]Indeedee||FocusSash|PsychicSurge|ExpandingForce,HelpingHand,Imprison,TrickRoom|||M|||50|,,,,,Grass]Sneasler||PsychicSeed|Unburden|DireClaw,CloseCombat,Protect,ThroatChop|||F|||50|,,,,,Dark]Typhlosion-Hisui||ChoiceScarf|Blaze|Eruption,HeatWave,ShadowBall,Overheat|||M|||50|,,,,,Fire]Dragonite||LoadedDice|Multiscale|ScaleShot,IronHead,Haze,Protect|||M|||50|,,,,,Steel
|showteam|p2|Dragonite||LoadedDice|Multiscale|ScaleShot,Protect,Haze,ExtremeSpeed|||M|||50|,,,,,Fairy]Vivillon||FocusSash|CompoundEyes|Tailwind,Protect,Hurricane,SleepPowder|||F|||50|,,,,,Ghost]Garchomp||ClearAmulet|RoughSkin|StompingTantrum,DragonClaw,Earthquake,Protect|||M|||50|,,,,,Fire]Gholdengo||Leftovers|GoodasGold|MakeItRain,ShadowBall,NastyPlot,Protect||||||50|,,,,,Water]Incineroar||SafetyGoggles|Intimidate|FakeOut,PartingShot,KnockOff,FlareBlitz|||M|||50|,,,,,Dragon]Primarina||SitrusBerry|LiquidVoice|Protect,DazzlingGleam,Moonblast,HyperVoice|||F|||50|,,,,,Grass
|inactive|Battle timer is ON: inactive players will automatically lose when time's up. (requested by char_labs)
|inactive|artzx also wants the timer to be on.
|c|☆artzx|glhf
|inactive|artzx has 60 seconds left.
|
|t:|1757789301
|teamsize|p1|4
|teamsize|p2|4
|start
|switch|p1a: Indeedee|Indeedee, L50, M|100/100
|switch|p1b: Sneasler|Sneasler, L50, F|100/100
|switch|p2a: Gholdengo|Gholdengo, L50|100/100
|switch|p2b: Vivillon|Vivillon, L50, F|100/100
|-fieldstart|move: Psychic Terrain|[from] ability: Psychic Surge|[of] p1a: Indeedee
|-enditem|p1b: Sneasler|Psychic Seed
|-boost|p1b: Sneasler|spd|1|[from] item: Psychic Seed
|turn|1
|
|t:|1757789324
|move|p2a: Gholdengo|Protect|p2a: Gholdengo
|-singleturn|p2a: Gholdengo|Protect
|move|p1b: Sneasler|Dire Claw|p2b: Vivillon
|-damage|p2b: Vivillon|11/100
|-status|p2b: Vivillon|psn
|move|p1a: Indeedee|Expanding Force|p2a: Gholdengo|[spread] p2b
|-activate|p2a: Gholdengo|move: Protect
|-damage|p2b: Vivillon|0 fnt
|faint|p2b: Vivillon
|
|upkeep
|
|t:|1757789330
|switch|p2b: Dragonite|Dragonite, L50, M|100/100
|turn|2
|
|t:|1757789340
|-terastallize|p2a: Gholdengo|Water
|move|p1b: Sneasler|Dire Claw|p2b: Dragonite
|-damage|p2b: Dragonite|78/100
|move|p1a: Indeedee|Expanding Force|p2a: Gholdengo|[spread] p2a,p2b
|-damage|p2a: Gholdengo|39/100
|-damage|p2b: Dragonite|21/100
|move|p2a: Gholdengo|Nasty Plot|p2a: Gholdengo
|-boost|p2a: Gholdengo|spa|2
|move|p2b: Dragonite|Scale Shot|p1a: Indeedee
|-damage|p1a: Indeedee|72/100
|-damage|p1a: Indeedee|39/100
|-damage|p1a: Indeedee|8/100
|-damage|p1a: Indeedee|0 fnt
|faint|p1a: Indeedee
|-hitcount|p1: Indeedee|4
|-unboost|p2b: Dragonite|def|1
|-boost|p2b: Dragonite|spe|1
|
|-heal|p2a: Gholdengo|45/100|[from] item: Leftovers
|upkeep
|
|t:|1757789360
|switch|p1a: Big Boy|Dondozo, L50, M|100/100
|turn|3
|
|t:|1757789376
|move|p1a: Big Boy|Protect|p1a: Big Boy
|-singleturn|p1a: Big Boy|Protect
|move|p1b: Sneasler|Dire Claw|p2b: Dragonite
|-damage|p2b: Dragonite|0 fnt
|faint|p2b: Dragonite
|move|p2a: Gholdengo|Make It Rain|p1a: Big Boy|[spread] p1b
|-activate|p1a: Big Boy|move: Protect
|-damage|p1b: Sneasler|21/100
|-unboost|p2a: Gholdengo|spa|1
|
|-heal|p2a: Gholdengo|51/100|[from] item: Leftovers
|upkeep
|
|t:|1757789382
|switch|p2b: Primarina|Primarina, L50, F|100/100
|turn|4
|inactive|artzx has 30 seconds left.
|
|t:|1757789410
|switch|p1b: Sushi|Tatsugiri, L50, F|100/100
|-activate|p1b: Sushi|ability: Commander|[of] p1a: Big Boy
|-boost|p1a: Big Boy|atk|2
|-boost|p1a: Big Boy|spa|2
|-boost|p1a: Big Boy|spe|2
|-boost|p1a: Big Boy|def|2
|-boost|p1a: Big Boy|spd|2
|move|p2b: Primarina|Protect|p2b: Primarina
|-singleturn|p2b: Primarina|Protect
|move|p1a: Big Boy|Wave Crash|p2a: Gholdengo
|-resisted|p2a: Gholdengo
|-damage|p2a: Gholdengo|0 fnt
|faint|p2a: Gholdengo
|-damage|p1a: Big Boy|88/100|[from] Recoil
|
|-heal|p1a: Big Boy|94/100|[from] item: Leftovers
|upkeep
|turn|5
|
|t:|1757789424
|move|p1a: Big Boy|Wave Crash|p2b: Primarina
|-resisted|p2b: Primarina
|-damage|p2b: Primarina|43/100
|-enditem|p2b: Primarina|Sitrus Berry|[eat]
|-heal|p2b: Primarina|68/100|[from] item: Sitrus Berry
|-damage|p1a: Big Boy|79/100|[from] Recoil
|move|p2b: Primarina|Moonblast|p1a: Big Boy
|-damage|p1a: Big Boy|54/100
|
|-heal|p1a: Big Boy|61/100|[from] item: Leftovers
|-fieldend|move: Psychic Terrain
|upkeep
|turn|6
|
|t:|1757789430
|move|p1a: Big Boy|Wave Crash|p2b: Primarina
|-resisted|p2b: Primarina
|-damage|p2b: Primarina|3/100
|-damage|p1a: Big Boy|44/100|[from] Recoil
|move|p2b: Primarina|Dazzling Gleam|p1b: Sushi|[spread] p1a
|-miss|p2b: Primarina|p1b: Sushi
|-crit|p1a: Big Boy
|-damage|p1a: Big Boy|2/100
|
|-heal|p1a: Big Boy|8/100|[from] item: Leftovers
|upkeep
|turn|7
|
|t:|1757789436
|move|p1a: Big Boy|Earthquake|p2b: Primarina|[spread] p2b
|-miss|p1a: Big Boy|p1b: Sushi
|-damage|p2b: Primarina|0 fnt
|faint|p2b: Primarina
|
|win|artzx
||char_labs is ready for game 2.
||artzx is ready for game 2.
|uhtml|next|Next: Game 2 of 3
