|j|☆ArticRanked
|j|☆nontelo
|html|ArticRankednontelo    
|uhtml|bestof|Game 3 of a best-of-3
|t:|1754740964
|gametype|doubles
|player|p1|ArticRanked|266|1118
|player|p2|nontelo|cress|1383
|gen|9
|tier|[Gen 9] VGC 2025 Reg H (Bo3)
|rated|
|rule|Species Clause: Limit one of each Pokémon
|rule|Item Clause: Limit 1 of each item
|clearpoke
|poke|p1|Archaludon, L50, F|
|poke|p1|Politoed, L50, F|
|poke|p1|Kingdra, L50, F|
|poke|p1|Gothitelle, L50, F|
|poke|p1|Incineroar, L50, F|
|poke|p1|Amoonguss, L50, M|
|poke|p2|Ursaluna, L50, F|
|poke|p2|Delphox, L50, F|
|poke|p2|Gallade, L50, M|
|poke|p2|Lilligant-Hisui, L50, F|
|poke|p2|Indeedee-F, L50, F|
|poke|p2|Torkoal, L50, M|
|teampreview|4
|showteam|p1|Archaludon||PowerHerb|Sturdy|Protect,ElectroShot,DragonPulse,FlashCannon|||F|||50|,,,,,Electric]Politoed||Leftovers|Drizzle|PerishSong,Protect,WeatherBall,Encore|||F|||50|,,,,,Grass]Kingdra||LifeOrb|SwiftSwim|DracoMeteor,MuddyWater,WeatherBall,Protect|||F|||50|,,,,,Stellar]Gothitelle||SitrusBerry|ShadowTag|Protect,FakeOut,Psychic,TrickRoom|||F|||50|,,,,,Dark]Incineroar||SafetyGoggles|Intimidate|FakeOut,Protect,PartingShot,KnockOff|||F|||50|,,,,,Ghost]Amoonguss||EjectButton|Regenerator|RagePowder,Spore,Protect,PollenPuff|||M|||50|,,,,,Fairy
|showteam|p2|Ursaluna||FlameOrb|Guts|Earthquake,HeadlongRush,Facade,Protect|||F|||50|,,,,,Ghost]Delphox||LifeOrb|Blaze|HeatWave,ExpandingForce,TeraBlast,Protect|||F|||50|,,,,,Fighting]Gallade||ClearAmulet|Sharpness|PsychoCut,TrickRoom,SacredSword,WideGuard|||M|||50|,,,,,Steel]Lilligant-Hisui||FocusSash|Chlorophyll|LeafBlade,SleepPowder,CloseCombat,AfterYou|||F|||50|,,,,,Ghost]Indeedee-F||PsychicSeed|PsychicSurge|Psychic,TrickRoom,FollowMe,HelpingHand|||F|||50|,,,,,Grass]Torkoal||Charcoal|Drought|Eruption,ClearSmog,WeatherBall,Protect|||M|||50|,,,,,Fire
|
|t:|1754741012
|teamsize|p1|4
|teamsize|p2|4
|start
|switch|p1a: Politoed|Politoed, L50, F|100/100
|switch|p1b: Incineroar|Incineroar, L50, F|100/100
|switch|p2a: Gallade|Gallade, L50, M|100/100
|switch|p2b: Indeedee|Indeedee-F, L50, F|100/100
|-weather|RainDance|[from] ability: Drizzle|[of] p1a: Politoed
|-fieldstart|move: Psychic Terrain|[from] ability: Psychic Surge|[of] p2b: Indeedee
|-enditem|p2b: Indeedee|Psychic Seed
|-boost|p2b: Indeedee|spd|1|[from] item: Psychic Seed
|-ability|p1b: Incineroar|Intimidate|boost
|-fail|p2a: Gallade|unboost|[from] item: Clear Amulet|[of] p2a: Gallade
|-unboost|p2b: Indeedee|atk|1
|turn|1
|inactive|Battle timer is ON: inactive players will automatically lose when time's up. (requested by nontelo)
|
|t:|1754741036
|switch|p1b: Gothitelle|Gothitelle, L50, F|100/100
|move|p1a: Politoed|Perish Song|p1a: Politoed
|-start|p1a: Politoed|perish3|[silent]
|-start|p1b: Gothitelle|perish3|[silent]
|-start|p2a: Gallade|perish3|[silent]
|-start|p2b: Indeedee|perish3|[silent]
|-fieldactivate|move: Perish Song
|move|p2b: Indeedee|Psychic|p1a: Politoed
|-damage|p1a: Politoed|71/100
|move|p2a: Gallade|Sacred Sword|p1b: Gothitelle
|-resisted|p1b: Gothitelle
|-damage|p1b: Gothitelle|67/100
|
|-weather|RainDance|[upkeep]
|-heal|p1a: Politoed|77/100|[from] item: Leftovers
|-start|p1a: Politoed|perish3
|-start|p2b: Indeedee|perish3
|-start|p2a: Gallade|perish3
|-start|p1b: Gothitelle|perish3
|upkeep
|turn|2
|inactive|nontelo has 30 seconds left.
|
|t:|1754741063
|switch|p1a: Incineroar|Incineroar, L50, F|100/100
|-ability|p1a: Incineroar|Intimidate|boost
|-fail|p2a: Gallade|unboost|[from] item: Clear Amulet|[of] p2a: Gallade
|-unboost|p2b: Indeedee|atk|1
|move|p2b: Indeedee|Helping Hand|p2a: Gallade
|-singleturn|p2a: Gallade|Helping Hand|[of] p2b: Indeedee
|move|p2a: Gallade|Psycho Cut|p1a: Incineroar
|-immune|p1a: Incineroar
|move|p1b: Gothitelle|Psychic|p2a: Gallade
|-damage|p2a: Gallade|66/100
|
|-weather|RainDance|[upkeep]
|-start|p2b: Indeedee|perish2
|-start|p2a: Gallade|perish2
|-start|p1b: Gothitelle|perish2
|upkeep
|turn|3
|inactive|ArticRanked has 30 seconds left.
|inactive|ArticRanked has 20 seconds left.
|inactive|ArticRanked has 15 seconds left.
|
|t:|1754741106
|-terastallize|p1a: Incineroar|Ghost
|move|p2b: Indeedee|Helping Hand|p2a: Gallade
|-singleturn|p2a: Gallade|Helping Hand|[of] p2b: Indeedee
|move|p1b: Gothitelle|Protect|p1b: Gothitelle
|-singleturn|p1b: Gothitelle|Protect
|move|p2a: Gallade|Psycho Cut|p1b: Gothitelle
|-activate|p1b: Gothitelle|move: Protect
|move|p1a: Incineroar|Parting Shot|p2b: Indeedee
|-unboost|p2b: Indeedee|atk|1
|-unboost|p2b: Indeedee|spa|1
|
|t:|1754741117
|switch|p1a: Kingdra|Kingdra, L50, F|100/100|[from] Parting Shot
|
|-weather|RainDance|[upkeep]
|-start|p2b: Indeedee|perish1
|-start|p2a: Gallade|perish1
|-start|p1b: Gothitelle|perish1
|upkeep
|turn|4
|
|t:|1754741134
|move|p1a: Kingdra|Protect|p1a: Kingdra
|-singleturn|p1a: Kingdra|Protect
|move|p2b: Indeedee|Follow Me|p2b: Indeedee
|-singleturn|p2b: Indeedee|move: Follow Me
|move|p2a: Gallade|Psycho Cut|p1a: Kingdra
|-activate|p1a: Kingdra|move: Protect
|move|p1b: Gothitelle|Trick Room|p1b: Gothitelle
|-fieldstart|move: Trick Room|[of] p1b: Gothitelle
|
|-weather|RainDance|[upkeep]
|-start|p1b: Gothitelle|perish0
|-start|p2a: Gallade|perish0
|-start|p2b: Indeedee|perish0
|faint|p1b: Gothitelle
|faint|p2a: Gallade
|faint|p2b: Indeedee
|upkeep
|
|t:|1754741140
|switch|p1b: Incineroar|Incineroar, L50, F, tera:Ghost|100/100
|switch|p2a: Delphox|Delphox, L50, F|100/100
|switch|p2b: Lilligant|Lilligant-Hisui, L50, F, shiny|100/100
|-ability|p1b: Incineroar|Intimidate|boost
|-unboost|p2a: Delphox|atk|1
|-unboost|p2b: Lilligant|atk|1
|turn|5
|
|t:|1754741161
|-terastallize|p2b: Lilligant|Ghost
|move|p2a: Delphox|Protect|p2a: Delphox
|-singleturn|p2a: Delphox|Protect
|move|p1a: Kingdra|Protect||[still]
|-fail|p1a: Kingdra
|move|p1b: Incineroar|Parting Shot|p2b: Lilligant
|-unboost|p2b: Lilligant|atk|1
|-unboost|p2b: Lilligant|spa|1
|
|t:|1754741169
|switch|p1b: Politoed|Politoed, L50, F|77/100|[from] Parting Shot
|move|p2b: Lilligant|Sleep Powder|p1a: Kingdra
|-status|p1a: Kingdra|slp|[from] move: Sleep Powder
|
|-weather|none
|-heal|p1b: Politoed|83/100|[from] item: Leftovers
|-fieldend|move: Psychic Terrain
|upkeep
|turn|6
|inactive|nontelo has 30 seconds left.
|
|t:|1754741204
|switch|p1a: Incineroar|Incineroar, L50, F, tera:Ghost|100/100
|-ability|p1a: Incineroar|Intimidate|boost
|-unboost|p2a: Delphox|atk|1
|-unboost|p2b: Lilligant|atk|1
|move|p1b: Politoed|Encore|p2a: Delphox
|-start|p2a: Delphox|Encore
|move|p2a: Delphox|Protect||[still]
|-fail|p2a: Delphox
|move|p2b: Lilligant|Leaf Blade|p1b: Politoed
|-supereffective|p1b: Politoed
|-damage|p1b: Politoed|52/100
|
|-heal|p1b: Politoed|58/100|[from] item: Leftovers
|upkeep
|turn|7
|-message|nontelo forfeited.
|
|win|ArticRanked
|raw|ArticRanked's rating: 1118 → 1159(+41 for winning)
|raw|nontelo's rating: 1383 → 1350(-33 for losing)
|l|☆nontelo
|player|p2|
