|j|☆climaxii
|j|☆Sbaffland
|html|climaxiiSbaffland    
|uhtml|bestof|Game 2 of a best-of-3
|t:|1757005937
|gametype|doubles
|player|p1|climaxii|1|1041
|player|p2|Sbaffland|miku-ground|1051
|gen|9
|tier|[Gen 9] VGC 2025 Reg H (Bo3)
|rated|
|rule|Species Clause: Limit one of each Pokémon
|rule|Item Clause: Limit 1 of each item
|clearpoke
|poke|p1|Blaziken, L50, M|
|poke|p1|Torkoal, L50, F|
|poke|p1|Jumpluff, L50, F|
|poke|p1|Incineroar, L50, M|
|poke|p1|Farigiraf, L50, F|
|poke|p1|Ursaluna-Bloodmoon, L50, M|
|poke|p2|Mienshao, L50, F|
|poke|p2|Porygon2, L50|
|poke|p2|Incineroar, L50, M|
|poke|p2|Gholdengo, L50|
|poke|p2|Amoonguss, L50, F|
|poke|p2|Ursaluna, L50, M|
|teampreview|4
|showteam|p1|Blaziken||ClearAmulet|SpeedBoost|Protect,FlareBlitz,CloseCombat,SwordsDance|||M|||50|,,,,,Ghost]Torkoal||EjectPack|Drought|Protect,Overheat,HeatWave,HelpingHand|||F|||50|,,,,,Fire]Jumpluff||CovertCloak|Chlorophyll|RagePowder,Tailwind,SleepPowder,SunnyDay|||F|||50|,,,,,Water]Incineroar||SitrusBerry|Intimidate|FakeOut,KnockOff,PartingShot,FlareBlitz|||M|||50|,,,,,Ghost]Farigiraf||ThroatSpray|ArmorTail|TwinBeam,HyperVoice,TrickRoom,HelpingHand|||F|||50|,,,,,Fairy]Ursaluna-Bloodmoon||LifeOrb|MindsEye|Protect,HyperVoice,BloodMoon,EarthPower|||M|||50|,,,,,Ghost
|showteam|p2|Mienshao||FocusSash|InnerFocus|CloseCombat,KnockOff,IceSpinner,WideGuard|||F|||50|,,,,,Fairy]Porygon2||Eviolite|Download|TeraBlast,IceBeam,Recover,TrickRoom||||||50|,,,,,Fighting]Incineroar||AssaultVest|Intimidate|FlareBlitz,KnockOff,Uturn,FakeOut|||M|||50|,,,,,Ghost]Gholdengo||LifeOrb|GoodasGold|NastyPlot,MakeItRain,Protect,ShadowBall||||||50|,,,,,Dragon]Amoonguss||CovertCloak|Regenerator|PollenPuff,RagePowder,Spore,Protect|||F|||50|,,,,,Electric]Ursaluna||FlameOrb|Guts|Facade,HeadlongRush,Substitute,Protect|||M|||50|,,,,,Ghost
|
|t:|1757006023
|teamsize|p1|4
|teamsize|p2|4
|start
|switch|p1a: Blaziken|Blaziken, L50, M|100/100
|switch|p1b: Torkoal|Torkoal, L50, F|100/100
|switch|p2a: Mienshao|Mienshao, L50, F|100/100
|switch|p2b: Amoonguss|Amoonguss, L50, F|100/100
|-weather|SunnyDay|[from] ability: Drought|[of] p1b: Torkoal
|turn|1
|
|t:|1757006055
|-terastallize|p2b: Amoonguss|Electric
|move|p2a: Mienshao|Close Combat|p1a: Blaziken
|-damage|p1a: Blaziken|16/100
|-unboost|p2a: Mienshao|def|1
|-unboost|p2a: Mienshao|spd|1
|move|p1a: Blaziken|Swords Dance|p1a: Blaziken
|-boost|p1a: Blaziken|atk|2
|move|p2b: Amoonguss|Spore|p1b: Torkoal
|-status|p1b: Torkoal|slp|[from] move: Spore
|cant|p1b: Torkoal|slp
|
|-weather|SunnyDay|[upkeep]
|-ability|p1a: Blaziken|Speed Boost|boost
|-boost|p1a: Blaziken|spe|1
|upkeep
|turn|2
|
|t:|1757006080
|move|p1a: Blaziken|Protect|p1a: Blaziken
|-singleturn|p1a: Blaziken|Protect
|move|p2b: Amoonguss|Rage Powder|p2b: Amoonguss
|-singleturn|p2b: Amoonguss|move: Rage Powder
|move|p2a: Mienshao|Knock Off|p1a: Blaziken
|-activate|p1a: Blaziken|move: Protect
|cant|p1b: Torkoal|slp
|
|-weather|SunnyDay|[upkeep]
|-ability|p1a: Blaziken|Speed Boost|boost
|-boost|p1a: Blaziken|spe|1
|upkeep
|turn|3
|
|t:|1757006095
|move|p2b: Amoonguss|Rage Powder|p2b: Amoonguss
|-singleturn|p2b: Amoonguss|move: Rage Powder
|move|p1a: Blaziken|Flare Blitz|p2b: Amoonguss
|-damage|p2b: Amoonguss|0 fnt
|faint|p2b: Amoonguss
|-damage|p1a: Blaziken|0 fnt|[from] Recoil
|faint|p1a: Blaziken
|move|p2a: Mienshao|Knock Off|p1b: Torkoal
|-crit|p1b: Torkoal
|-damage|p1b: Torkoal|61/100 slp
|-enditem|p1b: Torkoal|Eject Pack|[from] move: Knock Off|[of] p2a: Mienshao
|-curestatus|p1b: Torkoal|slp|[msg]
|move|p1b: Torkoal|Heat Wave|p2a: Mienshao
|-enditem|p2a: Mienshao|Focus Sash
|-damage|p2a: Mienshao|1/100
|
|-weather|SunnyDay|[upkeep]
|upkeep
|
|t:|1757006112
|switch|p1a: Incineroar|Incineroar, L50, M|100/100
|switch|p2b: Ursaluna|Ursaluna, L50, M|100/100
|-ability|p1a: Incineroar|Intimidate|boost
|-fail|p2a: Mienshao|unboost|Attack|[from] ability: Inner Focus|[of] p2a: Mienshao
|-unboost|p2b: Ursaluna|atk|1
|turn|4
|
|t:|1757006136
|switch|p2a: Porygon2|Porygon2, L50|100/100
|-ability|p2a: Porygon2|Download|boost
|-boost|p2a: Porygon2|spa|1
|move|p2b: Ursaluna|Protect|p2b: Ursaluna
|-singleturn|p2b: Ursaluna|Protect
|move|p1a: Incineroar|Fake Out|p2a: Porygon2
|-damage|p2a: Porygon2|94/100
|move|p1b: Torkoal|Overheat|p2a: Porygon2
|-damage|p2a: Porygon2|45/100
|-unboost|p1b: Torkoal|spa|2
|
|-weather|SunnyDay|[upkeep]
|-status|p2b: Ursaluna|brn|[from] item: Flame Orb
|upkeep
|turn|5
|
|t:|1757006160
|switch|p1b: Ursaluna|Ursaluna-Bloodmoon, L50, M|100/100
|move|p2a: Porygon2|Tera Blast|p1b: Ursaluna
|-damage|p1b: Ursaluna|42/100
|move|p1a: Incineroar|Parting Shot|p2b: Ursaluna
|-unboost|p2b: Ursaluna|atk|1
|-unboost|p2b: Ursaluna|spa|1
|
|t:|1757006167
|switch|p1a: Torkoal|Torkoal, L50, F|61/100|[from] Parting Shot
|move|p2b: Ursaluna|Headlong Rush|p1a: Torkoal
|-supereffective|p1a: Torkoal
|-damage|p1a: Torkoal|0 fnt
|-unboost|p2b: Ursaluna|def|1
|-unboost|p2b: Ursaluna|spd|1
|faint|p1a: Torkoal
|
|-weather|none
|-damage|p2b: Ursaluna|95/100 brn|[from] brn
|upkeep
|
|t:|1757006170
|switch|p1a: Incineroar|Incineroar, L50, M|100/100
|-ability|p1a: Incineroar|Intimidate|boost
|-unboost|p2a: Porygon2|atk|1
|-unboost|p2b: Ursaluna|atk|1
|turn|6
|
|t:|1757006199
|switch|p2b: Mienshao|Mienshao, L50, F|1/100
|move|p1b: Ursaluna|Hyper Voice|p2a: Porygon2|[spread] p2a,p2b
|-damage|p2a: Porygon2|14/100
|-damage|p2b: Mienshao|0 fnt
|faint|p2b: Mienshao
|-damage|p1b: Ursaluna|33/100|[from] item: Life Orb
|move|p2a: Porygon2|Ice Beam|p1b: Ursaluna
|-supereffective|p1b: Ursaluna
|-crit|p1b: Ursaluna
|-damage|p1b: Ursaluna|0 fnt
|faint|p1b: Ursaluna
|move|p1a: Incineroar|Knock Off|p2a: Porygon2
|-damage|p2a: Porygon2|0 fnt
|-enditem|p2a: Porygon2|Eviolite|[from] move: Knock Off|[of] p1a: Incineroar
|faint|p2a: Porygon2
|
|upkeep
|
|t:|1757006215
|switch|p2b: Ursaluna|Ursaluna, L50, M|95/100 brn
|turn|7
|
|t:|1757006230
|-terastallize|p1a: Incineroar|Ghost
|move|p1a: Incineroar|Parting Shot|p2b: Ursaluna
|-unboost|p2b: Ursaluna|atk|1
|-unboost|p2b: Ursaluna|spa|1
|move|p2b: Ursaluna|Headlong Rush|p1a: Incineroar
|-damage|p1a: Incineroar|57/100
|-unboost|p2b: Ursaluna|def|1
|-unboost|p2b: Ursaluna|spd|1
|
|-damage|p2b: Ursaluna|89/100 brn|[from] brn
|upkeep
|turn|8
|
|t:|1757006247
|move|p1a: Incineroar|Parting Shot|p2b: Ursaluna
|-unboost|p2b: Ursaluna|atk|1
|-unboost|p2b: Ursaluna|spa|1
|move|p2b: Ursaluna|Headlong Rush|p1a: Incineroar
|-damage|p1a: Incineroar|21/100
|-unboost|p2b: Ursaluna|def|1
|-unboost|p2b: Ursaluna|spd|1
|-enditem|p1a: Incineroar|Sitrus Berry|[eat]
|-heal|p1a: Incineroar|46/100|[from] item: Sitrus Berry
|
|-damage|p2b: Ursaluna|83/100 brn|[from] brn
|upkeep
|turn|9
|
|t:|1757006262
|move|p1a: Incineroar|Parting Shot|p2b: Ursaluna
|-unboost|p2b: Ursaluna|atk|1
|-unboost|p2b: Ursaluna|spa|1
|move|p2b: Ursaluna|Headlong Rush|p1a: Incineroar
|-damage|p1a: Incineroar|16/100
|-unboost|p2b: Ursaluna|def|1
|-unboost|p2b: Ursaluna|spd|1
|
|-damage|p2b: Ursaluna|77/100 brn|[from] brn
|upkeep
|turn|10
|
|t:|1757006275
|move|p1a: Incineroar|Flare Blitz|p2b: Ursaluna
|-damage|p2b: Ursaluna|0 fnt
|faint|p2b: Ursaluna
|-damage|p1a: Incineroar|0 fnt|[from] Recoil
|faint|p1a: Incineroar
|
|win|climaxii
|raw|climaxii's rating: 1041 → 1076(+35 for winning)
|raw|Sbaffland's rating: 1051 → 1033(-18 for losing)
