|j|‽Juaner95
|j|☆alkittxn
|html|Juaner95alkittxn    
|uhtml|bestof|Game 2 of a best-of-3
|t:|1784327468
|gametype|doubles
|player|p1|Juaner95|ash-hoenn|1093
|player|p2|alkittxn|aaron|1089
|gen|9
|tier|[Gen 9 Champions] VGC 2026 Reg M-B (Bo3)
|rated|
|rule|Species Clause: Limit one of each Pokémon
|rule|Item Clause: Limit 1 of each item
|clearpoke
|poke|p1|Scrafty, L50, M|
|poke|p1|Vileplume, L50, M, shiny|
|poke|p1|Oranguru, L50, M|
|poke|p1|Torkoal, L50, F, shiny|
|poke|p1|Gholdengo, L50, shiny|
|poke|p1|Lucario, L50, M|
|poke|p2|Gallade, L50, M|
|poke|p2|Camerupt, L50, F|
|poke|p2|Farigiraf, L50, F|
|poke|p2|Talonflame, L50, F|
|poke|p2|Basculegion, L50, M|
|poke|p2|Kingambit, L50, M|
|teampreview|4
|showteam|p1|Scrafty||Scraftinite|Intimidate|FakeOut,KnockOff,DrainPunch,RockSlide|Brave||M|||50|]Vileplume||FocusSash|Chlorophyll|AfterYou,SludgeBomb,LeafStorm,Protect|Modest||M|||50|]Oranguru||MentalHerb|InnerFocus|Instruct,Encore,TrickRoom,Protect|Bold||M|||50|]Torkoal||Charcoal|Drought|Eruption,EarthPower,HeatWave,Protect|Quiet||F|||50|]Gholdengo||LifeOrb|GoodasGold|ShadowBall,MakeItRain,NastyPlot,Protect|Timid|||||50|]Lucario||ChoiceScarf|InnerFocus|FinalGambit,HelpingHand,SunnyDay,HealPulse|Timid||M|||50|
|showteam|p2|Gallade||FocusSash|Sharpness|SacredSword,TripleAxel,WideGuard,TrickRoom|Adamant||M|||50|]Camerupt||Cameruptite|SolidRock|AncientPower,HeatWave,EarthPower,Protect|Quiet||F|||50|]Farigiraf||ColburBerry|ArmorTail|HelpingHand,TrickRoom,Protect,Thunderbolt|Bold||F|||50|]Talonflame||ChartiBerry|GaleWings|DualWingbeat,Tailwind,FlareBlitz,Taunt|Relaxed||F|||50|]Basculegion||MysticWater|Adaptability|AquaJet,WaveCrash,LastRespects,FlipTurn|Adamant||M|||50|]Kingambit||ChopleBerry|Defiant|SuckerPunch,KowtowCleave,IronHead,Protect|Adamant||M|||50|
|inactive|Battle timer is ON: inactive players will automatically lose when time's up. (requested by alkittxn)
|inactive|Juaner95 has 60 seconds left.
|inactive|Juaner95 has 30 seconds left.
|inactive|Juaner95 has 20 seconds left.
|
|t:|1784327785
|teamsize|p1|4
|teamsize|p2|4
|start
|switch|p1a: Lucario|Lucario, L50, M|100/100
|switch|p1b: Torkoal|Torkoal, L50, F, shiny|100/100
|switch|p2a: Gallade|Gallade, L50, M|100/100
|switch|p2b: Kingambit|Kingambit, L50, M|100/100
|-weather|SunnyDay|[from] ability: Drought|[of] p1b: Torkoal
|turn|1
|inactive|alkittxn has 30 seconds left.
|inactive|alkittxn has 20 seconds left.
|
|t:|1784327824
|switch|p2b: Basculegion|Basculegion, L50, M|100/100
|move|p1b: Torkoal|Protect|p1b: Torkoal
|-singleturn|p1b: Torkoal|Protect
|move|p2a: Gallade|Wide Guard|p2a: Gallade
|-singleturn|p2a: Gallade|Wide Guard
|move|p1a: Lucario|Final Gambit|p2b: Basculegion
|-immune|p2b: Basculegion
|
|-weather|SunnyDay|[upkeep]
|upkeep
|turn|2
|inactive|alkittxn has 30 seconds left.
|inactive|alkittxn has 20 seconds left.
|
|t:|1784327859
|switch|p1b: Vileplume|Vileplume, L50, M, shiny|100/100
|move|p1a: Lucario|Final Gambit|p2a: Gallade
|-enditem|p2a: Gallade|Focus Sash
|-damage|p2a: Gallade|1/100
|faint|p1a: Lucario
|move|p2a: Gallade|Sacred Sword|p1b: Vileplume
|-resisted|p1b: Vileplume|1
|-damage|p1b: Vileplume|52/100
|move|p2b: Basculegion|Wave Crash|p1b: Vileplume
|-resisted|p1b: Vileplume|1
|-damage|p1b: Vileplume|21/100
|-damage|p2b: Basculegion|91/100|[from] Recoil
|
|-weather|SunnyDay|[upkeep]
|upkeep
|
|t:|1784327869
|switch|p1a: Torkoal|Torkoal, L50, F, shiny|100/100
|turn|3
|inactive|alkittxn has 30 seconds left.
|inactive|alkittxn has 20 seconds left.
|
|t:|1784327907
|move|p1b: Vileplume|After You|p1a: Torkoal
|-activate|p1a: Torkoal|move: After You
|move|p1a: Torkoal|Eruption|p2a: Gallade|[spread] p2a,p2b
|-resisted|p2b: Basculegion|1
|-damage|p2a: Gallade|0 fnt
|-damage|p2b: Basculegion|53/100
|faint|p2a: Gallade
|move|p2b: Basculegion|Wave Crash|p1a: Torkoal
|-supereffective|p1a: Torkoal|1
|-damage|p1a: Torkoal|31/100
|-damage|p2b: Basculegion|33/100|[from] Recoil
|
|-weather|SunnyDay|[upkeep]
|upkeep
|
|t:|1784327921
|switch|p2a: Camerupt|Camerupt, L50, F|100/100
|turn|4
|inactive|Juaner95 has 30 seconds left.
|inactive|Juaner95 has 20 seconds left.
|inactive|Juaner95 has 15 seconds left.
|
|t:|1784327962
|detailschange|p2a: Camerupt|Camerupt-Mega, L50, F
|-mega|p2a: Camerupt|Camerupt|Cameruptite
|move|p2b: Basculegion|Aqua Jet|p1a: Torkoal
|-supereffective|p1a: Torkoal|1
|-damage|p1a: Torkoal|9/100
|move|p1b: Vileplume|After You|p1a: Torkoal
|-activate|p1a: Torkoal|move: After You
|move|p1a: Torkoal|Heat Wave|p2a: Camerupt|[spread] p2a,p2b
|-resisted|p2a: Camerupt|1
|-resisted|p2b: Basculegion|1
|-damage|p2a: Camerupt|71/100
|-damage|p2b: Basculegion|8/100
|move|p2a: Camerupt|Heat Wave|p1a: Torkoal|[spread] p1a
|-miss|p2a: Camerupt|p1b: Vileplume
|-resisted|p1a: Torkoal|1
|-crit|p1a: Torkoal
|-damage|p1a: Torkoal|0 fnt
|faint|p1a: Torkoal
|
|-weather|SunnyDay|[upkeep]
|upkeep
|
|t:|1784327973
|switch|p1a: Scrafty|Scrafty, L50, M|100/100
|-ability|p1a: Scrafty|Intimidate|boost
|-unboost|p2a: Camerupt|atk|1
|-unboost|p2b: Basculegion|atk|1
|turn|5
|inactive|alkittxn has 30 seconds left.
|
|t:|1784328001
|switch|p2b: Kingambit|Kingambit, L50, M|100/100
|detailschange|p1a: Scrafty|Scrafty-Mega, L50, M
|-mega|p1a: Scrafty|Scrafty|Scraftinite
|-ability|p1a: Scrafty|Intimidate|boost
|-unboost|p2a: Camerupt|atk|1
|-unboost|p2b: Kingambit|atk|1
|-ability|p2b: Kingambit|Defiant|boost
|-boost|p2b: Kingambit|atk|2
|move|p1a: Scrafty|Fake Out|p2a: Camerupt
|-damage|p2a: Camerupt|58/100
|move|p1b: Vileplume|Sludge Bomb|p2b: Kingambit
|-immune|p2b: Kingambit
|cant|p2a: Camerupt|flinch
|
|-weather|none
|upkeep
|turn|6
|inactive|alkittxn has 30 seconds left.
|
|t:|1784328033
|move|p2b: Kingambit|Protect|p2b: Kingambit
|-singleturn|p2b: Kingambit|Protect
|move|p1b: Vileplume|Leaf Storm|p2a: Camerupt
|-damage|p2a: Camerupt|0 fnt
|-unboost|p1b: Vileplume|spa|2
|faint|p2a: Camerupt
|move|p1a: Scrafty|Drain Punch|p2b: Kingambit
|-activate|p2b: Kingambit|move: Protect
|
|upkeep
|
|t:|1784328043
|switch|p2a: Basculegion|Basculegion, L50, M|8/100
|turn|7
|inactive|alkittxn has 30 seconds left.
|
|t:|1784328073
|move|p2a: Basculegion|Aqua Jet|p1a: Scrafty
|-damage|p1a: Scrafty|73/100
|move|p1b: Vileplume|Leaf Storm|p2a: Basculegion
|-supereffective|p2a: Basculegion|1
|-damage|p2a: Basculegion|0 fnt
|-unboost|p1b: Vileplume|spa|2
|faint|p2a: Basculegion
|move|p1a: Scrafty|Drain Punch|p2b: Kingambit
|-supereffective|p2b: Kingambit|2
|-enditem|p2b: Kingambit|Chople Berry|[eat]
|-enditem|p2b: Kingambit|Chople Berry|[weaken]
|-damage|p2b: Kingambit|35/100
|-heal|p1a: Scrafty|100/100|[from] drain|[of] p2b: Kingambit
|move|p2b: Kingambit|Iron Head|p1a: Scrafty
|-crit|p1a: Scrafty
|-damage|p1a: Scrafty|14/100
|
|upkeep
|turn|8
|
|t:|1784328094
|move|p2b: Kingambit|Sucker Punch|p1a: Scrafty
|-resisted|p1a: Scrafty|2
|-damage|p1a: Scrafty|1/100
|move|p1b: Vileplume|Leaf Storm|p2b: Kingambit
|-resisted|p2b: Kingambit|1
|-damage|p2b: Kingambit|25/100
|-unboost|p1b: Vileplume|spa|2
|move|p1a: Scrafty|Drain Punch|p2b: Kingambit
|-supereffective|p2b: Kingambit|2
|-damage|p2b: Kingambit|0 fnt
|-heal|p1a: Scrafty|16/100|[from] drain|[of] p2b: Kingambit
|faint|p2b: Kingambit
|
|win|Juaner95
|inactive|Juaner95 has 30 seconds to confirm battle start!
|inactive|alkittxn has 30 seconds to confirm battle start!
|inactive|Juaner95 has 20 seconds to confirm battle start!
|inactive|alkittxn has 20 seconds to confirm battle start!
