|j|☆fantasminha8
|j|☆CritHappens5
|html|fantasminha8CritHappens5    
|uhtml|bestof|Game 2 of a best-of-3
|t:|1756769148
|gametype|doubles
|player|p1|fantasminha8|101|1151
|player|p2|CritHappens5|101|1220
|gen|9
|tier|[Gen 9] VGC 2025 Reg H (Bo3)
|rated|
|rule|Species Clause: Limit one of each Pokémon
|rule|Item Clause: Limit 1 of each item
|clearpoke
|poke|p1|Charizard, L50, M|
|poke|p1|Indeedee-F, L50, F|
|poke|p1|Exeggutor, L50, M|
|poke|p1|Torkoal, L50, M|
|poke|p1|Ursaluna, L50, M|
|poke|p1|Gallade, L50, M|
|poke|p2|Sneasler, L50, M|
|poke|p2|Indeedee, L50, M|
|poke|p2|Volcarona, L50, F|
|poke|p2|Ursaluna-Bloodmoon, L50, M|
|poke|p2|Annihilape, L50, M|
|poke|p2|Tyranitar, L50, M|
|teampreview|4
|showteam|p1|Charizard||ChoiceScarf|SolarPower|HeatWave,SolarBeam,AirSlash,WeatherBall|||M|||50|,,,,,Fire]Indeedee-F||SafetyGoggles|PsychicSurge|FollowMe,HelpingHand,TrickRoom,AlluringVoice|||F|||50|,,,,,Fairy]Exeggutor||FocusSash|Chlorophyll|ExpandingForce,TrickRoom,EnergyBall,SleepPowder|||M|||50|,,,,,Psychic]Torkoal||EjectPack|Drought|Eruption,Overheat,Protect,ClearSmog|||M|||50|,,,,,Fire]Ursaluna||FlameOrb|Guts|Earthquake,Facade,Protect,HeadlongRush|||M|||50|,,,,,Ghost]Gallade||ClearAmulet|Sharpness|WideGuard,PsychoCut,SacredSword,TrickRoom|||M|||50|,,,,,Psychic
|showteam|p2|Sneasler||PsychicSeed|Unburden|CloseCombat,DireClaw,ThroatChop,Protect|||M|||50|,,,,,Dark]Indeedee||ChoiceScarf|PsychicSurge|ExpandingForce,TeraBlast,Trick,Protect|||M|||50|,,,,,Psychic]Volcarona||SitrusBerry|FlameBody|Overheat,StruggleBug,RagePowder,Tailwind|||F|||50|,,,,,Dragon]Ursaluna-Bloodmoon||LifeOrb|MindsEye|BloodMoon,HyperVoice,EarthPower,Protect|||M|||50|,,,,,Normal]Annihilape||SafetyGoggles|Defiant|CloseCombat,RageFist,Taunt,FinalGambit|||M|||50|,,,,,Fairy]Tyranitar||AssaultVest|SandStream|RockSlide,KnockOff,TeraBlast,LowKick|||M|||50|,,,,,Flying
|
|t:|1756769163
|teamsize|p1|4
|teamsize|p2|4
|start
|switch|p1a: Exeggutor|Exeggutor, L50, M|100/100
|switch|p1b: Indeedee|Indeedee-F, L50, F|100/100
|switch|p2a: Annihilape|Annihilape, L50, M|100/100
|switch|p2b: Ursaluna|Ursaluna-Bloodmoon, L50, M|100/100
|-fieldstart|move: Psychic Terrain|[from] ability: Psychic Surge|[of] p1b: Indeedee
|turn|1
|inactive|Battle timer is ON: inactive players will automatically lose when time's up. (requested by CritHappens5)
|
|t:|1756769179
|-terastallize|p2b: Ursaluna|Normal
|move|p1b: Indeedee|Follow Me|p1b: Indeedee
|-singleturn|p1b: Indeedee|move: Follow Me
|move|p2a: Annihilape|Final Gambit|p1b: Indeedee
|-damage|p1b: Indeedee|0 fnt
|faint|p2a: Annihilape
|faint|p1b: Indeedee
|move|p1a: Exeggutor|Sleep Powder|p2b: Ursaluna|[miss]
|-miss|p1a: Exeggutor|p2b: Ursaluna
|move|p2b: Ursaluna|Blood Moon|p1a: Exeggutor
|-enditem|p1a: Exeggutor|Focus Sash
|-damage|p1a: Exeggutor|1/100
|-damage|p2b: Ursaluna|91/100|[from] item: Life Orb
|
|upkeep
|
|t:|1756769194
|switch|p2a: Sneasler|Sneasler, L50, M|100/100
|switch|p1b: Gallade|Gallade, L50, M, shiny|100/100
|-enditem|p2a: Sneasler|Psychic Seed
|-boost|p2a: Sneasler|spd|1|[from] item: Psychic Seed
|turn|2
|inactive|CritHappens5 has 30 seconds left.
|
|t:|1756769223
|switch|p1b: Torkoal|Torkoal, L50, M|100/100
|-weather|SunnyDay|[from] ability: Drought|[of] p1b: Torkoal
|-terastallize|p1a: Exeggutor|Psychic
|move|p2a: Sneasler|Dire Claw|p1b: Torkoal
|-damage|p1b: Torkoal|62/100
|move|p1a: Exeggutor|Expanding Force|p2a: Sneasler|[spread] p2a,p2b
|-supereffective|p2a: Sneasler
|-damage|p2a: Sneasler|0 fnt
|-damage|p2b: Ursaluna|0 fnt
|faint|p2a: Sneasler
|faint|p2b: Ursaluna
|
|-weather|SunnyDay|[upkeep]
|upkeep
|
|t:|1756769233
|switch|p2a: Indeedee|Indeedee, L50, M|100/100
|turn|3
|
|t:|1756769246
|switch|p1a: Gallade|Gallade, L50, M, shiny|100/100
|move|p1b: Torkoal|Protect|p1b: Torkoal
|-singleturn|p1b: Torkoal|Protect
|move|p2a: Indeedee|Expanding Force|p1b: Torkoal|[spread] p1a
|-activate|p1b: Torkoal|move: Protect
|-damage|p1a: Gallade|49/100
|
|-weather|SunnyDay|[upkeep]
|upkeep
|turn|4
|
|t:|1756769256
|move|p1a: Gallade|Wide Guard|p1a: Gallade
|-singleturn|p1a: Gallade|Wide Guard
|move|p2a: Indeedee|Expanding Force|p1a: Gallade|[spread] 
|-activate|p1a: Gallade|move: Wide Guard
|-activate|p1b: Torkoal|move: Wide Guard
|move|p1b: Torkoal|Eruption|p2a: Indeedee
|-damage|p2a: Indeedee|14/100
|
|-weather|SunnyDay|[upkeep]
|upkeep
|turn|5
|
|t:|1756769262
|move|p1a: Gallade|Wide Guard|p1a: Gallade
|-singleturn|p1a: Gallade|Wide Guard
|move|p2a: Indeedee|Expanding Force|p1b: Torkoal|[spread] 
|-activate|p1a: Gallade|move: Wide Guard
|-activate|p1b: Torkoal|move: Wide Guard
|move|p1b: Torkoal|Eruption|p2a: Indeedee
|-damage|p2a: Indeedee|0 fnt
|faint|p2a: Indeedee
|
|win|fantasminha8
||CritHappens5 is ready for game 3.
||fantasminha8 is ready for game 3.
|uhtml|next|Next: Game 3 of 3
|l|☆fantasminha8
|player|p1|
