|j|☆mumu2
|j|☆FIR patu.
|html|mumu2FIR patu.    
|uhtml|bestof|Game 2 of a best-of-3
|t:|1785285382
|gametype|doubles
|player|p1|mumu2|cyclistf|
|player|p2|FIR patu.|ingo|
|gen|9
|tier|[Gen 9 Champions] VGC 2026 Reg M-B (Bo3)
|rule|Species Clause: Limit one of each Pokémon
|rule|Item Clause: Limit 1 of each item
|clearpoke
|poke|p1|Tyranitar, L50, F|
|poke|p1|Excadrill, L50, F|
|poke|p1|Hydreigon, L50, F|
|poke|p1|Scrafty, L50, M|
|poke|p1|Corviknight, L50, F|
|poke|p1|Rotom-Wash, L50|
|poke|p2|Starmie, L50, shiny|
|poke|p2|Talonflame, L50, M|
|poke|p2|Maushold, L50|
|poke|p2|Tsareena, L50, F|
|poke|p2|Hydreigon, L50, M, shiny|
|poke|p2|Lopunny, L50, M|
|teampreview|4
|showteam|p1|Tyranitar||Tyranitarite|SandStream|RockSlide,KnockOff,Earthquake,Protect|Adamant||F|||50|]Excadrill||LifeOrb|SandRush|Earthquake,IronHead,RockSlide,Protect|Adamant||F|||50|]Hydreigon||ChoiceScarf|Levitate|DracoMeteor,DarkPulse,EarthPower,HeatWave|Timid||F|||50|]Scrafty||Scraftinite|Intimidate|FakeOut,FirePunch,Crunch,CloseCombat|Adamant||M|||50|]Corviknight||Leftovers|MirrorArmor|BraveBird,Tailwind,BulkUp,Protect|Careful||F|||50|]Rotom-Wash||SitrusBerry|Levitate|Discharge,HydroPump,VoltSwitch,WillOWisp|Modest|||||50|
|showteam|p2|Starmie||Starminite|NaturalCure|PsychoCut,AquaJet,Liquidation,Protect|Jolly|||||50|]Talonflame||FocusSash|GaleWings|BraveBird,FlareBlitz,Tailwind,Protect|Jolly||M|||50|]Maushold||SitrusBerry|FriendGuard|SuperFang,HelpingHand,FollowMe,Protect|Impish|||||50|]Tsareena||LifeOrb|QueenlyMajesty|TropKick,PlayRough,Uturn,Protect|Jolly||F|||50|]Hydreigon||ChoiceScarf|Levitate|DragonPulse,DarkPulse,EarthPower,HeatWave|Modest||M|||50|]Lopunny||Lopunnite|Limber|FakeOut,CloseCombat,TripleAxel,Protect|Jolly||M|||50|
|j| FIR Zants
|
|t:|1785285504
|teamsize|p1|4
|teamsize|p2|4
|start
|switch|p1a: Scrafty|Scrafty, L50, M|100/100
|switch|p1b: Hydreigon|Hydreigon, L50, F|100/100
|switch|p2a: Tsareena|Tsareena, L50, F|100/100
|switch|p2b: Lopunny|Lopunny, L50, M|100/100
|-ability|p1a: Scrafty|Intimidate|boost
|-unboost|p2a: Tsareena|atk|1
|-unboost|p2b: Lopunny|atk|1
|turn|1
|
|t:|1785285738
|switch|p1b: Corviknight|Corviknight, L50, F|100/100
|switch|p1a: Rotom|Rotom-Wash, L50|100/100
|detailschange|p2b: Lopunny|Lopunny-Mega, L50, M
|-mega|p2b: Lopunny|Lopunny|Lopunnite
|move|p2b: Lopunny|Close Combat|p1b: Corviknight
|-damage|p1b: Corviknight|67/100
|-unboost|p2b: Lopunny|def|1
|-unboost|p2b: Lopunny|spd|1
|move|p2a: Tsareena|U-turn|p1a: Rotom
|-damage|p1a: Rotom|80/100
|-damage|p2a: Tsareena|90/100|[from] item: Life Orb
|
|t:|1785285788
|switch|p2a: Hydreigon|Hydreigon, L50, M, shiny|100/100|[from] U-turn
|
|-heal|p1b: Corviknight|73/100|[from] item: Leftovers
|upkeep
|turn|2
|
|t:|1785285865
|switch|p2b: Maushold|Maushold, L50|100/100
|move|p1b: Corviknight|Protect|p1b: Corviknight
|-singleturn|p1b: Corviknight|Protect
|move|p2a: Hydreigon|Heat Wave|p1b: Corviknight|[spread] p1a
|-activate|p1b: Corviknight|move: Protect
|-resisted|p1a: Rotom|1
|-damage|p1a: Rotom|66/100
|move|p1a: Rotom|Hydro Pump|p2b: Maushold
|-damage|p2b: Maushold|45/100
|-enditem|p2b: Maushold|Sitrus Berry|[eat]
|-heal|p2b: Maushold|70/100|[from] item: Sitrus Berry
|
|-heal|p1b: Corviknight|79/100|[from] item: Leftovers
|upkeep
|turn|3
|
|t:|1785285920
|switch|p1b: Hydreigon|Hydreigon, L50, F|100/100
|move|p2b: Maushold|Helping Hand|p2a: Hydreigon
|-singleturn|p2a: Hydreigon|Helping Hand|[of] p2b: Maushold
|move|p2a: Hydreigon|Heat Wave|p1a: Rotom|[spread] p1a,p1b
|-resisted|p1a: Rotom|1
|-resisted|p1b: Hydreigon|1
|-damage|p1a: Rotom|45/100
|-damage|p1b: Hydreigon|77/100
|-status|p1a: Rotom|brn
|-enditem|p1a: Rotom|Sitrus Berry|[eat]
|-heal|p1a: Rotom|70/100 brn|[from] item: Sitrus Berry
|move|p1a: Rotom|Volt Switch|p2b: Maushold
|-damage|p2b: Maushold|40/100
|
|t:|1785285938
|switch|p1a: Scrafty|Scrafty, L50, M|100/100|[from] Volt Switch
|-ability|p1a: Scrafty|Intimidate|boost
|-unboost|p2a: Hydreigon|atk|1
|-unboost|p2b: Maushold|atk|1
|
|upkeep
|turn|4
|
|t:|1785286016
|switch|p2a: Tsareena|Tsareena, L50, F|90/100
|detailschange|p1a: Scrafty|Scrafty-Mega, L50, M
|-mega|p1a: Scrafty|Scrafty|Scraftinite
|-ability|p1a: Scrafty|Intimidate|boost
|-unboost|p2a: Tsareena|atk|1
|-unboost|p2b: Maushold|atk|1
|move|p2b: Maushold|Protect|p2b: Maushold
|-singleturn|p2b: Maushold|Protect
|move|p1a: Scrafty|Fake Out||[still]
|cant|p2a: Tsareena|ability: Queenly Majesty|Fake Out|[of] p1a: Scrafty
|move|p1b: Hydreigon|Draco Meteor|p2a: Tsareena
|-damage|p2a: Tsareena|25/100
|-unboost|p1b: Hydreigon|spa|2
|
|upkeep
|turn|5
|
|t:|1785286159
|switch|p1a: Corviknight|Corviknight, L50, F|79/100
|move|p2b: Maushold|Follow Me|p2b: Maushold
|-singleturn|p2b: Maushold|move: Follow Me
|move|p1b: Hydreigon|Draco Meteor|p2b: Maushold
|-damage|p2b: Maushold|4/100
|-unboost|p1b: Hydreigon|spa|2
|move|p2a: Tsareena|Play Rough|p1a: Corviknight
|-resisted|p1a: Corviknight|1
|-damage|p1a: Corviknight|68/100
|-damage|p2a: Tsareena|16/100|[from] item: Life Orb
|
|-heal|p1a: Corviknight|74/100|[from] item: Leftovers
|upkeep
|turn|6
|
|t:|1785286234
|switch|p1b: Rotom|Rotom-Wash, L50|70/100 brn
|move|p2b: Maushold|Follow Me|p2b: Maushold
|-singleturn|p2b: Maushold|move: Follow Me
|move|p2a: Tsareena|U-turn|p1b: Rotom
|-damage|p1b: Rotom|50/100g brn
|-damage|p2a: Tsareena|6/100|[from] item: Life Orb
|
|t:|1785286271
|switch|p2a: Hydreigon|Hydreigon, L50, M, shiny|100/100|[from] U-turn
|move|p1a: Corviknight|Tailwind|p1a: Corviknight
|-sidestart|p1: mumu2|move: Tailwind
|
|-heal|p1a: Corviknight|80/100|[from] item: Leftovers
|-damage|p1b: Rotom|45/100 brn|[from] brn
|upkeep
|turn|7
|
|t:|1785286338
|move|p2b: Maushold|Helping Hand|p2a: Hydreigon
|-singleturn|p2a: Hydreigon|Helping Hand|[of] p2b: Maushold
|move|p1a: Corviknight|Protect|p1a: Corviknight
|-singleturn|p1a: Corviknight|Protect
|move|p2a: Hydreigon|Heat Wave|p1a: Corviknight|[spread] 
|-activate|p1a: Corviknight|move: Protect
|-miss|p2a: Hydreigon|p1b: Rotom
|move|p1b: Rotom|Discharge|p2a: Hydreigon|[spread] p2a,p2b
|-activate|p1a: Corviknight|move: Protect
|-resisted|p2a: Hydreigon|1
|-damage|p2a: Hydreigon|88/100
|-damage|p2b: Maushold|0 fnt
|-status|p2a: Hydreigon|par
|faint|p2b: Maushold
|
|-heal|p1a: Corviknight|86/100|[from] item: Leftovers
|-damage|p1b: Rotom|39/100 brn|[from] brn
|upkeep
|
|t:|1785286370
|switch|p2b: Lopunny|Lopunny-Mega, L50, M|100/100
|turn|8
|
|t:|1785286414
|switch|p1a: Hydreigon|Hydreigon, L50, F|77/100
|move|p2b: Lopunny|Fake Out|p1a: Hydreigon
|-damage|p1a: Hydreigon|59/100
|move|p1b: Rotom|Will-O-Wisp|p2b: Lopunny
|-status|p2b: Lopunny|brn
|move|p2a: Hydreigon|Heat Wave|p1b: Rotom|[spread] p1a,p1b
|-resisted|p1a: Hydreigon|1
|-resisted|p1b: Rotom|1
|-damage|p1a: Hydreigon|43/100
|-damage|p1b: Rotom|24/100 brn
|
|-damage|p1b: Rotom|18/100 brn|[from] brn
|-damage|p2b: Lopunny|94/100 brn|[from] brn
|upkeep
|turn|9
|
|t:|1785286463
|switch|p1a: Corviknight|Corviknight, L50, F|86/100
|switch|p2a: Tsareena|Tsareena, L50, F|6/100
|move|p2b: Lopunny|Protect|p2b: Lopunny
|-singleturn|p2b: Lopunny|Protect
|move|p1b: Rotom|Volt Switch|p2a: Tsareena
|-resisted|p2a: Tsareena|1
|-damage|p2a: Tsareena|0 fnt
|faint|p2a: Tsareena
|
|t:|1785286494
|switch|p1b: Hydreigon|Hydreigon, L50, F|43/100|[from] Volt Switch
|
|-heal|p1a: Corviknight|92/100|[from] item: Leftovers
|-damage|p2b: Lopunny|88/100 brn|[from] brn
|-sideend|p1: mumu2|move: Tailwind
|upkeep
|
|t:|1785286500
|switch|p2a: Hydreigon|Hydreigon, L50, M, shiny|88/100 par
|turn|10
|
|t:|1785286528
|move|p1b: Hydreigon|Draco Meteor|p2a: Hydreigon
|-supereffective|p2a: Hydreigon|1
|-damage|p2a: Hydreigon|0 fnt
|-unboost|p1b: Hydreigon|spa|2
|faint|p2a: Hydreigon
|move|p2b: Lopunny|Triple Axel|p1b: Hydreigon
|-supereffective|p1b: Hydreigon|1
|-damage|p1b: Hydreigon|37/100
|-supereffective|p1b: Hydreigon|1
|-damage|p1b: Hydreigon|22/100
|-supereffective|p1b: Hydreigon|1
|-damage|p1b: Hydreigon|1/100
|-hitcount|p1b: Hydreigon|3
|move|p1a: Corviknight|Brave Bird|p2b: Lopunny
|-supereffective|p2b: Lopunny|1
|-damage|p2b: Lopunny|0 fnt
|faint|p2b: Lopunny
|-damage|p1a: Corviknight|68/100|[from] Recoil
|
|win|mumu2
|inactive|mumu2 has 30 seconds to confirm battle start!
|inactive|FIR patu. has 30 seconds to confirm battle start!
||mumu2 is ready for game 3.
||FIR patu. is ready for game 3.
|uhtml|next|Next: Game 3 of 3
