|j|☆KevtroGameplays
|j|☆cocoralladoquemado
|html|KevtroGameplayscocoralladoquemado    
|uhtml|bestof|Game 2 of a best-of-3
|t:|1756588382
|gametype|doubles
|player|p1|KevtroGameplays|266|
|player|p2|cocoralladoquemado|2|
|gen|9
|tier|[Gen 9] VGC 2025 Reg H (Bo3)
|rule|Species Clause: Limit one of each Pokémon
|rule|Item Clause: Limit 1 of each item
|clearpoke
|poke|p1|Ursaluna, L50, M|
|poke|p1|Torkoal, L50, F|
|poke|p1|Porygon2, L50|
|poke|p1|Charizard, L50, F|
|poke|p1|Jumpluff, L50, M|
|poke|p1|Incineroar, L50, F|
|poke|p2|Pelipper, L50, F|
|poke|p2|Electabuzz, L50, M|
|poke|p2|Archaludon, L50, F|
|poke|p2|Rillaboom, L50, M|
|poke|p2|Basculegion, L50, M|
|poke|p2|Kingambit, L50, M|
|teampreview|4
|showteam|p1|Ursaluna||FlameOrb|Guts|HeadlongRush,Earthquake,Facade,Protect|||M|||50|,,,,,Ghost]Torkoal||EjectPack|Drought|Overheat,HeatWave,Protect,HelpingHand|||F|||50|,,,,,Fire]Porygon2||Eviolite|Download|TeraBlast,Recover,TrickRoom,IceBeam||||||50|,,,,,Fighting]Charizard||ChoiceSpecs|SolarPower|Overheat,HeatWave,AirSlash,WeatherBall|||F|||50|,,,,,Ghost]Jumpluff||CovertCloak|Chlorophyll|SleepPowder,SunnyDay,Tailwind,RagePowder|||M|||50|,,,,,Water]Incineroar||SitrusBerry|Intimidate|FakeOut,KnockOff,FlareBlitz,PartingShot|||F|||50|,,,,,Ghost
|showteam|p2|Pelipper||FocusSash|Drizzle|Protect,Hurricane,WeatherBall,Tailwind|||F|||50|,,,,,Ghost]Electabuzz||Eviolite|VitalSpirit|Protect,Electroweb,Taunt,FollowMe|||M|||50|,,,,,Dragon]Archaludon||AssaultVest|Stamina|ElectroShot,DracoMeteor,FlashCannon,BodyPress|||F|||50|,,,,,Bug]Rillaboom||LoadedDice|GrassySurge|BulletSeed,GrassyGlide,HighHorsepower,FakeOut|||M|||50|,,,,,Fire]Basculegion||ChoiceBand|SwiftSwim|WaveCrash,LastRespects,FlipTurn,AquaJet|||M|||50|,,,,,Water]Kingambit||SafetyGoggles|Defiant|Protect,KowtowCleave,SuckerPunch,SwordsDance|||M|||50|,,,,,Ghost
|j| geosts
|j| ZiriuX
|j| ramierdo
|inactive|Battle timer is ON: inactive players will automatically lose when time's up. (requested by KevtroGameplays)
|j| ponje
|inactive|cocoralladoquemado has 60 seconds left.
|inactive|cocoralladoquemado has 30 seconds left.
|inactive|cocoralladoquemado has 20 seconds left.
|j| Dhrauren
|inactive|cocoralladoquemado has 15 seconds left.
|
|t:|1756588530
|teamsize|p1|4
|teamsize|p2|4
|start
|switch|p1a: Ursaluna|Ursaluna, L50, M|100/100
|switch|p1b: Jumpluff|Jumpluff, L50, M|100/100
|switch|p2a: Basculegion|Basculegion, L50, M|100/100
|switch|p2b: Kingambit|Kingambit, L50, M|100/100
|turn|1
|inactive|cocoralladoquemado has 30 seconds left.
|inactive|KevtroGameplays has 30 seconds left.
|inactive|KevtroGameplays has 20 seconds left.
|inactive|KevtroGameplays has 15 seconds left.
|l| Dhrauren
|inactive|KevtroGameplays has 10 seconds left.
|
|t:|1756588583
|switch|p2a: Rillaboom|Rillaboom, L50, M|100/100
|-fieldstart|move: Grassy Terrain|[from] ability: Grassy Surge|[of] p2a: Rillaboom
|-terastallize|p2b: Kingambit|Ghost
|move|p1b: Jumpluff|Sunny Day|p1b: Jumpluff
|-weather|SunnyDay
|move|p1a: Ursaluna|Headlong Rush|p2b: Kingambit
|-damage|p2b: Kingambit|41/100
|-unboost|p1a: Ursaluna|def|1
|-unboost|p1a: Ursaluna|spd|1
|move|p2b: Kingambit|Swords Dance|p2b: Kingambit
|-boost|p2b: Kingambit|atk|2
|
|-weather|SunnyDay|[upkeep]
|-heal|p2b: Kingambit|47/100|[from] Grassy Terrain
|-status|p1a: Ursaluna|brn|[from] item: Flame Orb
|upkeep
|turn|2
|inactive|KevtroGameplays has 30 seconds left.
|inactive|cocoralladoquemado has 30 seconds left.
|inactive|cocoralladoquemado has 20 seconds left.
|inactive|cocoralladoquemado has 15 seconds left.
|
|t:|1756588636
|switch|p1a: Torkoal|Torkoal, L50, F|100/100
|move|p1b: Jumpluff|Sleep Powder|p2b: Kingambit
|-activate|p2b: Kingambit|item: Safety Goggles|Sleep Powder
|move|p2a: Rillaboom|Bullet Seed|p1a: Torkoal
|-resisted|p1a: Torkoal
|-damage|p1a: Torkoal|94/100
|-resisted|p1a: Torkoal
|-damage|p1a: Torkoal|87/100
|-resisted|p1a: Torkoal
|-damage|p1a: Torkoal|80/100
|-resisted|p1a: Torkoal
|-damage|p1a: Torkoal|73/100
|-hitcount|p1a: Torkoal|4
|move|p2b: Kingambit|Kowtow Cleave|p1a: Torkoal
|-damage|p1a: Torkoal|2/100
|
|-weather|SunnyDay|[upkeep]
|-heal|p2b: Kingambit|53/100|[from] Grassy Terrain
|-heal|p1a: Torkoal|8/100|[from] Grassy Terrain
|upkeep
|turn|3
|inactive|KevtroGameplays has 30 seconds left.
|inactive|cocoralladoquemado has 30 seconds left.
|inactive|KevtroGameplays has 20 seconds left.
|inactive|cocoralladoquemado has 20 seconds left.
|inactive|KevtroGameplays has 15 seconds left.
|
|t:|1756588679
|move|p1a: Torkoal|Protect|p1a: Torkoal
|-singleturn|p1a: Torkoal|Protect
|move|p1b: Jumpluff|Tailwind|p1b: Jumpluff
|-sidestart|p1: KevtroGameplays|move: Tailwind
|move|p2a: Rillaboom|Bullet Seed|p1a: Torkoal
|-activate|p1a: Torkoal|move: Protect
|move|p2b: Kingambit|Kowtow Cleave|p1b: Jumpluff
|-damage|p1b: Jumpluff|0 fnt
|faint|p1b: Jumpluff
|
|-weather|SunnyDay|[upkeep]
|-heal|p2b: Kingambit|59/100|[from] Grassy Terrain
|-heal|p1a: Torkoal|14/100|[from] Grassy Terrain
|upkeep
|
|t:|1756588694
|switch|p1b: Ursaluna|Ursaluna, L50, M|100/100 brn
|turn|4
|inactive|cocoralladoquemado has 30 seconds left.
|
|t:|1756588726
|switch|p2a: Pelipper|Pelipper, L50, F|100/100
|-weather|RainDance|[from] ability: Drizzle|[of] p2a: Pelipper
|move|p1a: Torkoal|Helping Hand|p1b: Ursaluna
|-singleturn|p1b: Ursaluna|Helping Hand|[of] p1a: Torkoal
|move|p2b: Kingambit|Sucker Punch|p1b: Ursaluna
|-damage|p1b: Ursaluna|34/100 brn
|move|p1b: Ursaluna|Facade|p2a: Pelipper
|-enditem|p2a: Pelipper|Focus Sash
|-damage|p2a: Pelipper|1/100
|
|-weather|RainDance|[upkeep]
|-heal|p1b: Ursaluna|40/100 brn|[from] Grassy Terrain
|-heal|p2b: Kingambit|65/100|[from] Grassy Terrain
|-heal|p1a: Torkoal|20/100|[from] Grassy Terrain
|-damage|p1b: Ursaluna|34/100 brn|[from] brn
|upkeep
|turn|5
|inactive|cocoralladoquemado has 30 seconds left.
|inactive|cocoralladoquemado has 20 seconds left.
|inactive|cocoralladoquemado has 15 seconds left.
|inactive|cocoralladoquemado has 10 seconds left.
|
|t:|1756588773
|move|p1b: Ursaluna|Protect|p1b: Ursaluna
|-singleturn|p1b: Ursaluna|Protect
|move|p2a: Pelipper|Protect|p2a: Pelipper
|-singleturn|p2a: Pelipper|Protect
|move|p2b: Kingambit|Sucker Punch||[still]
|-fail|p2b: Kingambit
|move|p1a: Torkoal|Overheat|p2b: Kingambit
|-crit|p2b: Kingambit
|-damage|p2b: Kingambit|26/100
|-unboost|p1a: Torkoal|spa|2
|-enditem|p1a: Torkoal|Eject Pack
|
|t:|1756588785
|switch|p1a: Incineroar|Incineroar, L50, F|100/100
|-ability|p1a: Incineroar|Intimidate|boost
|-unboost|p2a: Pelipper|atk|1
|-unboost|p2b: Kingambit|atk|1
|-ability|p2b: Kingambit|Defiant|boost
|-boost|p2b: Kingambit|atk|2
|
|-weather|RainDance|[upkeep]
|-heal|p1b: Ursaluna|40/100 brn|[from] Grassy Terrain
|-heal|p2b: Kingambit|32/100|[from] Grassy Terrain
|-damage|p1b: Ursaluna|34/100 brn|[from] brn
|-fieldend|move: Grassy Terrain
|upkeep
|turn|6
|
|t:|1756588807
|switch|p1b: Torkoal|Torkoal, L50, F|20/100
|-weather|SunnyDay|[from] ability: Drought|[of] p1b: Torkoal
|switch|p2a: Rillaboom|Rillaboom, L50, M|100/100
|-fieldstart|move: Grassy Terrain|[from] ability: Grassy Surge|[of] p2a: Rillaboom
|move|p2b: Kingambit|Protect|p2b: Kingambit
|-singleturn|p2b: Kingambit|Protect
|move|p1a: Incineroar|Flare Blitz|p2a: Rillaboom
|-supereffective|p2a: Rillaboom
|-damage|p2a: Rillaboom|0 fnt
|faint|p2a: Rillaboom
|-damage|p1a: Incineroar|72/100|[from] Recoil
|
|-weather|SunnyDay|[upkeep]
|-heal|p1a: Incineroar|78/100|[from] Grassy Terrain
|-heal|p2b: Kingambit|38/100|[from] Grassy Terrain
|-heal|p1b: Torkoal|26/100|[from] Grassy Terrain
|-sideend|p1: KevtroGameplays|move: Tailwind
|upkeep
|
|t:|1756588818
|switch|p2a: Pelipper|Pelipper, L50, F|1/100
|-weather|RainDance|[from] ability: Drizzle|[of] p2a: Pelipper
|turn|7
|inactive|KevtroGameplays has 30 seconds left.
|inactive|cocoralladoquemado has 30 seconds left.
|inactive|KevtroGameplays has 20 seconds left.
|inactive|KevtroGameplays has 15 seconds left.
|inactive|KevtroGameplays has 10 seconds left.
|inactive|cocoralladoquemado has 20 seconds left.
|inactive|KevtroGameplays has 5 seconds left.
|
|t:|1756588873
|switch|p1b: Ursaluna|Ursaluna, L50, M|34/100 brn
|move|p2a: Pelipper|Weather Ball|p1a: Incineroar
|-supereffective|p1a: Incineroar
|-damage|p1a: Incineroar|0 fnt
|faint|p1a: Incineroar
|move|p2b: Kingambit|Kowtow Cleave|p1b: Ursaluna
|-damage|p1b: Ursaluna|0 fnt
|faint|p1b: Ursaluna
|
|-weather|RainDance|[upkeep]
|-heal|p2b: Kingambit|44/100|[from] Grassy Terrain
|upkeep
|
|t:|1756588892
|switch|p1b: Torkoal|Torkoal, L50, F|26/100
|-weather|SunnyDay|[from] ability: Drought|[of] p1b: Torkoal
|turn|8
|
|t:|1756588898
|switch|p2a: Basculegion|Basculegion, L50, M|100/100
|move|p2b: Kingambit|Kowtow Cleave|p1b: Torkoal
|-damage|p1b: Torkoal|0 fnt
|faint|p1b: Torkoal
|
|win|cocoralladoquemado
|c|☆cocoralladoquemado|ggwp
|l| ponje
|l|☆KevtroGameplays
|player|p1|
|l| ZiriuX
|l| ramierdo
|j|☆KevtroGameplays
|player|p1|KevtroGameplays|266|
|l|☆KevtroGameplays
|player|p1|
|j|☆KevtroGameplays
|player|p1|KevtroGameplays|266|
|l| geosts
|l|☆KevtroGameplays
|player|p1|
