|j|☆quailfish
|j|☆RegiSIXSEVEN
|html|quailfishRegiSIXSEVEN    
|uhtml|bestof|Game 2 of a best-of-3
|t:|1782412394
|gametype|doubles
|player|p1|quailfish|101|1073
|player|p2|RegiSIXSEVEN|steven|1149
|gen|9
|tier|[Gen 9 Champions] VGC 2026 Reg M-B (Bo3)
|rated|
|rule|Species Clause: Limit one of each Pokémon
|rule|Item Clause: Limit 1 of each item
|clearpoke
|poke|p1|Swampert, L50, F|
|poke|p1|Pelipper, L50, M|
|poke|p1|Incineroar, L50, F|
|poke|p1|Heliolisk, L50, M|
|poke|p1|Sceptile, L50, M|
|poke|p1|Talonflame, L50, F|
|poke|p2|Dragalge, L50, F, shiny|
|poke|p2|Farigiraf, L50, M, shiny|
|poke|p2|Staraptor, L50, M, shiny|
|poke|p2|Grimmsnarl, L50, M, shiny|
|poke|p2|Kingambit, L50, M, shiny|
|poke|p2|Kangaskhan, L50, F, shiny|
|teampreview|4
|showteam|p1|Swampert||Swampertite|Torrent|Earthquake,WaveCrash,FlipTurn,Protect|Adamant||F|||50|]Pelipper||FocusSash|Drizzle|Hurricane,Protect,MuddyWater,Tailwind|Modest||M|||50|]Incineroar||Leftovers|Intimidate|FakeOut,Protect,PartingShot,DarkestLariat|Brave||F|||50|]Heliolisk||ChoiceScarf|DrySkin|Discharge,VoltSwitch,ShedTail,Electrify|Timid||M|||50|]Sceptile||Sceptilite|Overgrow|Detect,GigaDrain,DragonPulse,VacuumWave|Modest||M|||50|]Talonflame||SitrusBerry|GaleWings|Protect,Tailwind,DualWingbeat,Roost|Jolly||F|||50|
|showteam|p2|Dragalge||Dragalgite|Adaptability|SludgeBomb,DracoMeteor,FlipTurn,HydroPump|Quiet||F|||50|]Farigiraf||ColburBerry|ArmorTail|Psychic,TrickRoom,HelpingHand,Protect|Calm||M|||50|]Staraptor||ChoiceScarf|Intimidate|FinalGambit,CloseCombat,DualWingbeat,Uturn|Adamant||M|||50|]Grimmsnarl||LightClay|Prankster|SpiritBreak,Reflect,PartingShot,FoulPlay|Careful||M|||50|]Kingambit||BlackGlasses|Defiant|KowtowCleave,SuckerPunch,SwordsDance,Protect|Adamant||M|||50|]Kangaskhan||Kangaskhanite|Scrappy|FakeOut,DoubleEdge,DrainPunch,IcePunch|Adamant||F|||50|
|inactive|Battle timer is ON: inactive players will automatically lose when time's up. (requested by RegiSIXSEVEN)
|inactive|quailfish has 60 seconds left.
|
|t:|1782412437
|teamsize|p1|4
|teamsize|p2|4
|start
|switch|p1a: Sceptile|Sceptile, L50, M|100/100
|switch|p1b: Heliolisk|Heliolisk, L50, M|100/100
|switch|p2a: Farigiraf|Farigiraf, L50, M, shiny|100/100
|switch|p2b: Staraptor|Staraptor, L50, M, shiny|100/100
|-ability|p2b: Staraptor|Intimidate|boost
|-unboost|p1a: Sceptile|atk|1
|-unboost|p1b: Heliolisk|atk|1
|turn|1
|inactive|quailfish has 30 seconds left.
|inactive|RegiSIXSEVEN has 30 seconds left.
|inactive|RegiSIXSEVEN has 20 seconds left.
|inactive|RegiSIXSEVEN has 15 seconds left.
|
|t:|1782412477
|move|p2b: Staraptor|Dual Wingbeat|p1a: Sceptile
|-supereffective|p1a: Sceptile|1
|-damage|p1a: Sceptile|35/100
|-supereffective|p1a: Sceptile|1
|-damage|p1a: Sceptile|0 fnt
|faint|p1a: Sceptile
|-hitcount|p1: Sceptile|2
|move|p1b: Heliolisk|Discharge|p2a: Farigiraf|[spread] p2a,p2b
|-supereffective|p2b: Staraptor|1
|-damage|p2a: Farigiraf|82/100
|-damage|p2b: Staraptor|37/100
|-status|p2b: Staraptor|par
|move|p2a: Farigiraf|Trick Room|p2a: Farigiraf
|-fieldstart|move: Trick Room|[of] p2a: Farigiraf
|
|upkeep
|
|t:|1782412494
|switch|p1a: Pelipper|Pelipper, L50, M|100/100
|-weather|RainDance|[from] ability: Drizzle|[of] p1a: Pelipper
|turn|2
|
|t:|1782412506
|move|p2a: Farigiraf|Protect|p2a: Farigiraf
|-singleturn|p2a: Farigiraf|Protect
|move|p1a: Pelipper|Protect|p1a: Pelipper
|-singleturn|p1a: Pelipper|Protect
|move|p2b: Staraptor|Dual Wingbeat|p1b: Heliolisk
|-resisted|p1b: Heliolisk|1
|-damage|p1b: Heliolisk|88/100
|-resisted|p1b: Heliolisk|1
|-damage|p1b: Heliolisk|77/100
|-hitcount|p1b: Heliolisk|2
|move|p1b: Heliolisk|Discharge|p2b: Staraptor|[spread] p2b
|-activate|p1a: Pelipper|move: Protect
|-activate|p2a: Farigiraf|move: Protect
|-supereffective|p2b: Staraptor|1
|-damage|p2b: Staraptor|0 fnt
|faint|p2b: Staraptor
|
|-weather|RainDance|[upkeep]
|-heal|p1b: Heliolisk|89/100|[from] ability: Dry Skin
|upkeep
|
|t:|1782412520
|switch|p2b: Kingambit|Kingambit, L50, M, shiny|100/100
|turn|3
|
|t:|1782412539
|switch|p1a: Swampert|Swampert, L50, F|100/100
|move|p2b: Kingambit|Kowtow Cleave|p1a: Swampert
|-crit|p1a: Swampert
|-damage|p1a: Swampert|11/100
|move|p2a: Farigiraf|Psychic|p1a: Swampert
|-damage|p1a: Swampert|0 fnt
|faint|p1a: Swampert
|move|p1b: Heliolisk|Discharge|p2a: Farigiraf|[spread] p2a,p2b
|-damage|p2a: Farigiraf|64/100
|-damage|p2b: Kingambit|76/100
|-status|p2a: Farigiraf|par
|-status|p2b: Kingambit|par
|
|-weather|RainDance|[upkeep]
|-heal|p1b: Heliolisk|100/100|[from] ability: Dry Skin
|upkeep
|
|t:|1782412557
|switch|p1a: Pelipper|Pelipper, L50, M|100/100
|turn|4
|
|t:|1782412563
|move|p1a: Pelipper|Protect|p1a: Pelipper
|-singleturn|p1a: Pelipper|Protect
|move|p2b: Kingambit|Kowtow Cleave|p1b: Heliolisk
|-damage|p1b: Heliolisk|30/100
|move|p2a: Farigiraf|Psychic|p1a: Pelipper
|-activate|p1a: Pelipper|move: Protect
|move|p1b: Heliolisk|Discharge|p2a: Farigiraf|[spread] p2a,p2b
|-activate|p1a: Pelipper|move: Protect
|-crit|p2a: Farigiraf
|-damage|p2a: Farigiraf|38/100 par
|-damage|p2b: Kingambit|55/100 par
|
|-weather|RainDance|[upkeep]
|-heal|p1b: Heliolisk|42/100|[from] ability: Dry Skin
|upkeep
|turn|5
|
|t:|1782412585
|move|p2b: Kingambit|Kowtow Cleave|p1a: Pelipper
|-damage|p1a: Pelipper|23/100
|move|p2a: Farigiraf|Psychic|p1a: Pelipper
|-damage|p1a: Pelipper|0 fnt
|faint|p1a: Pelipper
|move|p1b: Heliolisk|Discharge|p2a: Farigiraf|[spread] p2a,p2b
|-damage|p2a: Farigiraf|20/100y par
|-damage|p2b: Kingambit|35/100 par
|
|-weather|RainDance|[upkeep]
|-heal|p1b: Heliolisk|55/100|[from] ability: Dry Skin
|-fieldend|move: Trick Room
|upkeep
|turn|6
|-message|quailfish forfeited.
|
|win|RegiSIXSEVEN
|raw|quailfish's rating: 1073 → 1057(-16 for losing)
|raw|RegiSIXSEVEN's rating: 1149 → 1169(+20 for winning)
