|j|â˜†jeanryupr
|j|â˜†KopeensHobbyShop
|html|jeanryuprKopeensHobbyShop    
|uhtml|bestof|Game 3 of a best-of-3
|t:|1786154334
|gametype|doubles
|player|p1|jeanryupr|1|1273
|player|p2|KopeensHobbyShop|crasherwake|1324
|gen|9
|tier|[Gen 9 Champions] VGC 2026 Reg M-B (Bo3)
|rated|
|rule|Species Clause: Limit one of each PokÃ©mon
|rule|Item Clause: Limit 1 of each item
|clearpoke
|poke|p1|Staraptor, L50, M|
|poke|p1|Glimmora, L50, F|
|poke|p1|Whimsicott, L50, F|
|poke|p1|Kingambit, L50, M|
|poke|p1|Garchomp, L50, M|
|poke|p1|Delphox, L50, M|
|poke|p2|Hydreigon, L50, F|
|poke|p2|Charizard, L50, F|
|poke|p2|Incineroar, L50, M|
|poke|p2|Toxapex, L50, F|
|poke|p2|Gengar, L50, M|
|poke|p2|Garchomp, L50, M|
|teampreview|4
|showteam|p1|Staraptor||Staraptite|Intimidate|CloseCombat,BraveBird,Roost,Protect|Jolly||M|||50|]Glimmora||FocusSash|ToxicDebris|PowerGem,SludgeBomb,EarthPower,SpikyShield|Modest||F|||50|]Whimsicott||OccaBerry|Prankster|Tailwind,Moonblast,Charm,LightScreen|Timid||F|||50|]Kingambit||ChopleBerry|Defiant|KowtowCleave,IronHead,LowKick,SuckerPunch|Adamant||M|||50|]Garchomp||ChoiceScarf|RoughSkin|Earthquake,DragonClaw,RockSlide,StompingTantrum|Adamant||M|||50|]Delphox||Delphoxite|Blaze|HeatWave,Psychic,Encore,Protect|Timid||M|||50|
|showteam|p2|Hydreigon||ChopleBerry|Levitate|Protect,DracoMeteor,Snarl,DarkPulse|Timid||F|||50|]Charizard||CharizarditeY|Blaze|Protect,HeatWave,SolarBeam,WeatherBall|Timid||F|||50|]Incineroar||PasshoBerry|Intimidate|FakeOut,ThroatChop,PartingShot,Protect|Impish||M|||50|]Toxapex||Leftovers|Regenerator|Infestation,Toxic,BanefulBunker,WideGuard|Bold||F|||50|]Gengar||Gengarite|CursedBody|ShadowBall,PerishSong,Disable,Protect|Timid||M|||50|]Garchomp||SitrusBerry|RoughSkin|Earthquake,RockSlide,DragonClaw,Protect|Adamant||M|||50|
|inactive|Battle timer is ON: inactive players will automatically lose when time's up. (requested by KopeensHobbyShop)
|
|t:|1786154369
|teamsize|p1|4
|teamsize|p2|4
|start
|switch|p1a: Glimmora|Glimmora, L50, F|100/100
|switch|p1b: Kingambit|Kingambit, L50, M|100/100
|switch|p2a: Charizard|Charizard, L50, F|100/100
|switch|p2b: Garchomp|Garchomp, L50, M|100/100
|turn|1
|
|t:|1786154382
|move|p2a: Charizard|Protect|p2a: Charizard
|-singleturn|p2a: Charizard|Protect
|move|p1a: Glimmora|Spiky Shield|p1a: Glimmora
|-singleturn|p1a: Glimmora|move: Protect
|move|p2b: Garchomp|Earthquake|p1a: Glimmora|[spread] p1b
|-activate|p2a: Charizard|move: Protect
|-activate|p1a: Glimmora|move: Protect
|-supereffective|p1b: Kingambit|1
|-damage|p1b: Kingambit|47/100
|move|p1b: Kingambit|Kowtow Cleave|p2b: Garchomp
|-damage|p2b: Garchomp|60/100
|-damage|p1b: Kingambit|35/100|[from] ability: Rough Skin|[of] p2b: Garchomp
|
|upkeep
|turn|2
|
|t:|1786154402
|detailschange|p2a: Charizard|Charizard-Mega-Y, L50, F
|-mega|p2a: Charizard|Charizard|Charizardite Y
|-weather|SunnyDay|[from] ability: Drought|[of] p2a: Charizard
|move|p1b: Kingambit|Sucker Punch|p2b: Garchomp
|-damage|p2b: Garchomp|23/100
|-damage|p1b: Kingambit|23/100|[from] ability: Rough Skin|[of] p2b: Garchomp
|-enditem|p2b: Garchomp|Sitrus Berry|[eat]
|-heal|p2b: Garchomp|48/100|[from] item: Sitrus Berry
|move|p2a: Charizard|Weather Ball|p1a: Glimmora
|-resisted|p1a: Glimmora|1
|-damage|p1a: Glimmora|50/100g
|move|p1a: Glimmora|Power Gem|p2a: Charizard
|-supereffective|p2a: Charizard|2
|-damage|p2a: Charizard|0 fnt
|faint|p2a: Charizard
|move|p2b: Garchomp|Earthquake|p1b: Kingambit|[spread] p1a,p1b
|-supereffective|p1a: Glimmora|2
|-supereffective|p1b: Kingambit|1
|-damage|p1a: Glimmora|0 fnt
|-damage|p1b: Kingambit|0 fnt
|-activate|p1a: Glimmora|ability: Toxic Debris
|-sidestart|p2: KopeensHobbyShop|move: Toxic Spikes
|faint|p1a: Glimmora
|faint|p1b: Kingambit
|
|-weather|SunnyDay|[upkeep]
|upkeep
|
|t:|1786154420
|switch|p2a: Toxapex|Toxapex, L50, F|100/100
|switch|p1a: Whimsicott|Whimsicott, L50, F|100/100
|switch|p1b: Staraptor|Staraptor, L50, M|100/100
|-ability|p1b: Staraptor|Intimidate|boost
|-unboost|p2a: Toxapex|atk|1
|-unboost|p2b: Garchomp|atk|1
|-sideend|p2: KopeensHobbyShop|move: Toxic Spikes|[of] p2a: Toxapex
|turn|3
|
|t:|1786154437
|switch|p2b: Incineroar|Incineroar, L50, M|100/100
|-ability|p2b: Incineroar|Intimidate|boost
|-unboost|p1a: Whimsicott|atk|1
|-unboost|p1b: Staraptor|atk|1
|detailschange|p1b: Staraptor|Staraptor-Mega, L50, M
|-mega|p1b: Staraptor|Staraptor|Staraptite
|move|p1b: Staraptor|Close Combat|p2a: Toxapex
|-resisted|p2a: Toxapex|1
|-damage|p2a: Toxapex|86/100
|-boost|p1b: Staraptor|def|1
|-boost|p1b: Staraptor|spd|1
|move|p1a: Whimsicott|Moonblast|p2b: Incineroar
|-crit|p2b: Incineroar
|-damage|p2b: Incineroar|64/100
|-unboost|p2b: Incineroar|spa|1
|move|p2a: Toxapex|Toxic|p1b: Staraptor
|-status|p1b: Staraptor|tox
|
|-weather|SunnyDay|[upkeep]
|-heal|p2a: Toxapex|92/100|[from] item: Leftovers
|-damage|p1b: Staraptor|94/100 tox|[from] psn
|upkeep
|turn|4
|
|t:|1786154462
|move|p2b: Incineroar|Fake Out|p1a: Whimsicott
|-damage|p1a: Whimsicott|90/100
|cant|p1a: Whimsicott|flinch
|move|p1b: Staraptor|Close Combat|p2b: Incineroar
|-supereffective|p2b: Incineroar|1
|-damage|p2b: Incineroar|9/100
|-boost|p1b: Staraptor|def|1
|-boost|p1b: Staraptor|spd|1
|move|p2a: Toxapex|Toxic|p1a: Whimsicott
|-status|p1a: Whimsicott|tox
|
|-weather|SunnyDay|[upkeep]
|-heal|p2a: Toxapex|98/100|[from] item: Leftovers
|-damage|p1b: Staraptor|82/100 tox|[from] psn
|-damage|p1a: Whimsicott|84/100 tox|[from] psn
|upkeep
|turn|5
|
|t:|1786154477
|move|p2b: Incineroar|Protect|p2b: Incineroar
|-singleturn|p2b: Incineroar|Protect
|move|p1a: Whimsicott|Charm|p1b: Staraptor
|-boost|p1b: Staraptor|atk|2
|move|p1b: Staraptor|Close Combat|p2b: Incineroar
|-activate|p2b: Incineroar|move: Protect
|move|p2a: Toxapex|Infestation|p1b: Staraptor
|-resisted|p1b: Staraptor|2
|-damage|p1b: Staraptor|82/100 tox
|-activate|p1b: Staraptor|move: Infestation|[of] p2a: Toxapex
|
|-weather|SunnyDay|[upkeep]
|-heal|p2a: Toxapex|100/100|[from] item: Leftovers
|-damage|p1b: Staraptor|64/100 tox|[from] psn
|-damage|p1a: Whimsicott|71/100 tox|[from] psn
|-damage|p1b: Staraptor|52/100 tox|[from] move: Infestation|[partiallytrapped]
|upkeep
|turn|6
|inactive|KopeensHobbyShop has 30 seconds left.
|inactive|KopeensHobbyShop has 20 seconds left.
|inactive|KopeensHobbyShop has 15 seconds left.
|
|t:|1786154521
|switch|p2b: Garchomp|Garchomp, L50, M|48/100
|move|p1b: Staraptor|Close Combat|p2a: Toxapex
|-resisted|p2a: Toxapex|1
|-damage|p2a: Toxapex|73/100
|-boost|p1b: Staraptor|def|1
|-boost|p1b: Staraptor|spd|1
|move|p1a: Whimsicott|Moonblast|p2b: Garchomp
|-supereffective|p2b: Garchomp|1
|-damage|p2b: Garchomp|2/100
|move|p2a: Toxapex|Infestation|p1a: Whimsicott
|-damage|p1a: Whimsicott|67/100 tox
|-activate|p1a: Whimsicott|move: Infestation|[of] p2a: Toxapex
|
|-weather|none
|-heal|p2a: Toxapex|79/100|[from] item: Leftovers
|-damage|p1b: Staraptor|29/100 tox|[from] psn
|-damage|p1a: Whimsicott|49/100 tox|[from] psn
|-damage|p1b: Staraptor|17/100 tox|[from] move: Infestation|[partiallytrapped]
|-damage|p1a: Whimsicott|36/100 tox|[from] move: Infestation|[partiallytrapped]
|upkeep
|turn|7
|
|t:|1786154543
|move|p2a: Toxapex|Baneful Bunker|p2a: Toxapex
|-singleturn|p2a: Toxapex|move: Protect
|move|p1a: Whimsicott|Tailwind|p1a: Whimsicott
|-sidestart|p1: jeanryupr|move: Tailwind
|move|p1b: Staraptor|Roost|p1b: Staraptor
|-heal|p1b: Staraptor|68/100 tox
|-singleturn|p1b: Staraptor|move: Roost
|move|p2b: Garchomp|Dragon Claw|p1b: Staraptor
|-damage|p1b: Staraptor|50/100g tox
|
|-heal|p2a: Toxapex|85/100|[from] item: Leftovers
|-damage|p1b: Staraptor|21/100 tox|[from] psn
|-damage|p1a: Whimsicott|12/100 tox|[from] psn
|-damage|p1b: Staraptor|9/100 tox|[from] move: Infestation|[partiallytrapped]
|-damage|p1a: Whimsicott|0 fnt|[from] move: Infestation|[partiallytrapped]
|faint|p1a: Whimsicott
|upkeep
|turn|8
|
|t:|1786154562
|move|p2b: Garchomp|Protect|p2b: Garchomp
|-singleturn|p2b: Garchomp|Protect
|move|p2a: Toxapex|Baneful Bunker||[still]
|-fail|p2a: Toxapex
|move|p1b: Staraptor|Roost|p1b: Staraptor
|-heal|p1b: Staraptor|60/100 tox
|-singleturn|p1b: Staraptor|move: Roost
|
|-heal|p2a: Toxapex|91/100|[from] item: Leftovers
|-damage|p1b: Staraptor|25/100 tox|[from] psn
|-damage|p1b: Staraptor|13/100 tox|[from] move: Infestation|[partiallytrapped]
|upkeep
|turn|9
|
|t:|1786154577
|move|p1b: Staraptor|Roost|p1b: Staraptor
|-heal|p1b: Staraptor|63/100 tox
|-singleturn|p1b: Staraptor|move: Roost
|move|p2b: Garchomp|Dragon Claw|p2a: Toxapex
|-damage|p2a: Toxapex|62/100
|move|p2a: Toxapex|Infestation|p2b: Garchomp
|-damage|p2b: Garchomp|0 fnt
|-damage|p2a: Toxapex|50/100g|[from] ability: Rough Skin|[of] p2b: Garchomp
|faint|p2b: Garchomp
|
|-heal|p2a: Toxapex|56/100|[from] item: Leftovers
|-damage|p1b: Staraptor|23/100 tox|[from] psn
|-end|p1b: Staraptor|Infestation|[partiallytrapped]
|upkeep
|
|t:|1786154590
|switch|p2b: Incineroar|Incineroar, L50, M|9/100
|-ability|p2b: Incineroar|Intimidate|boost
|-boost|p1b: Staraptor|atk|1
|turn|10
|
|t:|1786154597
|move|p1b: Staraptor|Protect|p1b: Staraptor
|-singleturn|p1b: Staraptor|Protect
|move|p2b: Incineroar|Fake Out|p1b: Staraptor
|-activate|p1b: Staraptor|move: Protect
|move|p2a: Toxapex|Infestation|p1b: Staraptor
|-activate|p1b: Staraptor|move: Protect
|
|-heal|p2a: Toxapex|61/100|[from] item: Leftovers
|-damage|p1b: Staraptor|0 fnt|[from] psn
|faint|p1b: Staraptor
|
|win|KopeensHobbyShop
