|j|☆67Mangos
|j|☆Sonja Hilmer
|html|67MangosSonja Hilmer    
|uhtml|bestof|Game 1 of a best-of-3
|t:|1756403638
|gametype|doubles
|player|p1|67Mangos|hiker-gen4|1501
|player|p2|Sonja Hilmer|lady|1579
|gen|9
|tier|[Gen 9] VGC 2025 Reg H (Bo3)
|rated|
|rule|Species Clause: Limit one of each Pokémon
|rule|Item Clause: Limit 1 of each item
|clearpoke
|poke|p1|Kingambit, L50, M|
|poke|p1|Rillaboom, L50, F|
|poke|p1|Sneasler, L50, F|
|poke|p1|Dragonite, L50, F|
|poke|p1|Magmar, L50, F|
|poke|p1|Primarina, L50, M|
|poke|p2|Dachsbun, L50, F|
|poke|p2|Typhlosion-Hisui, L50, F|
|poke|p2|Kingambit, L50, M|
|poke|p2|Jumpluff, L50, F|
|poke|p2|Rillaboom, L50, M|
|poke|p2|Torkoal, L50, F|
|teampreview|4
|showteam|p1|Kingambit||BlackGlasses|Defiant|KowtowCleave,SuckerPunch,SwordsDance,Protect|||M|||50|,,,,,Dark]Rillaboom||AssaultVest|GrassySurge|WoodHammer,FakeOut,GrassyGlide,HighHorsepower|||F|||50|,,,,,Fire]Sneasler||FocusSash|Unburden|CloseCombat,DireClaw,Coaching,Protect|||F|||50|,,,,,Stellar]Dragonite||LoadedDice|Multiscale|ScaleShot,ExtremeSpeed,Tailwind,Protect|||F|||50|,,,,,Fairy]Magmar||Eviolite|VitalSpirit|BurningJealousy,FollowMe,Taunt,Protect|||F|||50|,,,,,Ghost]Primarina||LifeOrb|LiquidVoice|HyperVoice,Moonblast,Haze,Protect|||M|||50|,,,,,Poison
|showteam|p2|Dachsbun||Leftovers|WellBakedBody|BodyPress,Snarl,HelpingHand,Protect|||F|||50|,,,,,Steel]Typhlosion-Hisui||ChoiceSpecs|Blaze|Eruption,LavaPlume,Overheat,ShadowBall|||F|||50|,,,,,Fire]Kingambit||SafetyGoggles|Defiant|Protect,KowtowCleave,SuckerPunch,SwordsDance|||M|||50|,,,,,Dark]Jumpluff||CovertCloak|Chlorophyll|SleepPowder,SunnyDay,RagePowder,Tailwind|||F|||50|,,,,,Water]Rillaboom||AssaultVest|GrassySurge|WoodHammer,GrassyGlide,FakeOut,HighHorsepower|||M|||50|,,,,,Water]Torkoal||SitrusBerry|Drought|HeatWave,LavaPlume,ClearSmog,Protect|||F|||50|,,,,,Fairy
|inactive|Battle timer is ON: inactive players will automatically lose when time's up. (requested by Sonja Hilmer)
|inactive|Sonja Hilmer has 60 seconds left.
|
|t:|1756403678
|teamsize|p1|4
|teamsize|p2|4
|start
|switch|p1a: Dragonite|Dragonite, L50, F|100/100
|switch|p1b: Magmar|Magmar, L50, F|100/100
|switch|p2a: Torkoal|Torkoal, L50, F|100/100
|switch|p2b: Rillaboom|Rillaboom, L50, M|100/100
|-fieldstart|move: Grassy Terrain|[from] ability: Grassy Surge|[of] p2b: Rillaboom
|-weather|SunnyDay|[from] ability: Drought|[of] p2a: Torkoal
|turn|1
|
|t:|1756403687
|switch|p2b: Dachsbun|Dachsbun, L50, F|100/100
|move|p1a: Dragonite|Protect|p1a: Dragonite
|-singleturn|p1a: Dragonite|Protect
|move|p1b: Magmar|Protect|p1b: Magmar
|-singleturn|p1b: Magmar|Protect
|move|p2a: Torkoal|Lava Plume|p1a: Dragonite|[spread] 
|-activate|p1a: Dragonite|move: Protect
|-activate|p1b: Magmar|move: Protect
|-ability|p2b: Dachsbun|Well-Baked Body|boost
|-boost|p2b: Dachsbun|def|2
|
|-weather|SunnyDay|[upkeep]
|upkeep
|turn|2
|inactive|67Mangos has 30 seconds left.
|
|t:|1756403713
|move|p1a: Dragonite|Scale Shot|p2a: Torkoal
|-damage|p2a: Torkoal|90/100
|-damage|p2a: Torkoal|80/100
|-damage|p2a: Torkoal|70/100
|-damage|p2a: Torkoal|59/100
|-damage|p2a: Torkoal|50/100
|-enditem|p2a: Torkoal|Sitrus Berry|[eat]
|-heal|p2a: Torkoal|75/100|[from] item: Sitrus Berry
|-hitcount|p2a: Torkoal|5
|-unboost|p1a: Dragonite|def|1
|-boost|p1a: Dragonite|spe|1
|move|p2b: Dachsbun|Body Press|p1b: Magmar
|-damage|p1b: Magmar|62/100
|move|p1b: Magmar|Taunt|p2b: Dachsbun
|-start|p2b: Dachsbun|move: Taunt
|move|p2a: Torkoal|Lava Plume|p1a: Dragonite|[spread] p1a,p1b
|-ability|p2b: Dachsbun|Well-Baked Body|boost
|-boost|p2b: Dachsbun|def|2
|-resisted|p1a: Dragonite
|-resisted|p1b: Magmar
|-damage|p1a: Dragonite|93/100
|-damage|p1b: Magmar|52/100
|-status|p1a: Dragonite|brn
|
|-weather|SunnyDay|[upkeep]
|-heal|p1b: Magmar|58/100|[from] Grassy Terrain
|-heal|p2a: Torkoal|81/100|[from] Grassy Terrain
|-damage|p1a: Dragonite|87/100 brn|[from] brn
|upkeep
|turn|3
|
|t:|1756403733
|move|p1a: Dragonite|Scale Shot|p2a: Torkoal
|-damage|p2a: Torkoal|76/100
|-damage|p2a: Torkoal|71/100
|-damage|p2a: Torkoal|66/100
|-damage|p2a: Torkoal|61/100
|-damage|p2a: Torkoal|56/100
|-hitcount|p2a: Torkoal|5
|-unboost|p1a: Dragonite|def|1
|-boost|p1a: Dragonite|spe|1
|move|p2b: Dachsbun|Body Press|p1a: Dragonite
|-resisted|p1a: Dragonite
|-damage|p1a: Dragonite|4/100 brn
|move|p1b: Magmar|Burning Jealousy|p2a: Torkoal|[spread] p2a
|-ability|p2b: Dachsbun|Well-Baked Body|boost
|-boost|p2b: Dachsbun|def|2
|-resisted|p2a: Torkoal
|-damage|p2a: Torkoal|41/100
|move|p2a: Torkoal|Lava Plume|p1b: Magmar|[spread] p1a,p1b
|-immune|p2b: Dachsbun|[from] ability: Well-Baked Body
|-resisted|p1a: Dragonite
|-resisted|p1b: Magmar
|-damage|p1a: Dragonite|0 fnt
|-damage|p1b: Magmar|47/100
|faint|p1a: Dragonite
|
|-weather|SunnyDay|[upkeep]
|-heal|p1b: Magmar|53/100|[from] Grassy Terrain
|-heal|p2a: Torkoal|48/100|[from] Grassy Terrain
|upkeep
|
|t:|1756403738
|switch|p1a: Kingambit|Kingambit, L50, M|100/100
|turn|4
|c|☆67Mangos|getting hard countered is lowkey super chill
|inactive|Sonja Hilmer has 30 seconds left.
|c|☆Sonja Hilmer|if you want an hint
|c|☆Sonja Hilmer|you need prima
|inactive|Sonja Hilmer has 20 seconds left.
|c|☆Sonja Hilmer|but yea
|inactive|Sonja Hilmer has 15 seconds left.
|
|t:|1756403780
|-terastallize|p1a: Kingambit|Dark
|move|p1b: Magmar|Follow Me|p1b: Magmar
|-singleturn|p1b: Magmar|move: Follow Me
|move|p2b: Dachsbun|Body Press|p1b: Magmar
|-damage|p1b: Magmar|0 fnt
|faint|p1b: Magmar
|move|p1a: Kingambit|Kowtow Cleave|p2a: Torkoal
|-damage|p2a: Torkoal|0 fnt
|faint|p2a: Torkoal
|
|-weather|SunnyDay|[upkeep]
|upkeep
|
|t:|1756403790
|switch|p1b: Sneasler|Sneasler, L50, F|100/100
|switch|p2a: Rillaboom|Rillaboom, L50, M|100/100
|turn|5
|
|t:|1756403799
|move|p1b: Sneasler|Protect|p1b: Sneasler
|-singleturn|p1b: Sneasler|Protect
|move|p1a: Kingambit|Protect|p1a: Kingambit
|-singleturn|p1a: Kingambit|Protect
|move|p2a: Rillaboom|Fake Out|p1b: Sneasler
|-activate|p1b: Sneasler|move: Protect
|move|p2b: Dachsbun|Body Press|p1a: Kingambit
|-activate|p1a: Kingambit|move: Protect
|
|-weather|none
|-end|p2b: Dachsbun|move: Taunt
|-fieldend|move: Grassy Terrain
|upkeep
|turn|6
|
|t:|1756403810
|-terastallize|p2b: Dachsbun|Steel
|move|p1b: Sneasler|Dire Claw|p2b: Dachsbun
|-immune|p2b: Dachsbun
|move|p2b: Dachsbun|Body Press|p1a: Kingambit
|-supereffective|p1a: Kingambit
|-damage|p1a: Kingambit|0 fnt
|faint|p1a: Kingambit
|move|p2a: Rillaboom|High Horsepower|p1b: Sneasler
|-supereffective|p1b: Sneasler
|-enditem|p1b: Sneasler|Focus Sash
|-damage|p1b: Sneasler|1/100
|
|upkeep
|turn|7
|-message|67Mangos forfeited.
|
|win|Sonja Hilmer
||67Mangos is ready for game 2.
||Sonja Hilmer is ready for game 2.
|uhtml|next|Next: Game 2 of 3
