|j|☆endK649
|j|☆MBL25
|html|endK649MBL25    
|uhtml|bestof|Game 1 of a best-of-3
|t:|1756768871
|gametype|doubles
|player|p1|endK649|gambler|1188
|player|p2|MBL25|266|1263
|gen|9
|tier|[Gen 9] VGC 2025 Reg H (Bo3)
|rated|
|rule|Species Clause: Limit one of each Pokémon
|rule|Item Clause: Limit 1 of each item
|clearpoke
|poke|p1|Feraligatr, L50, F|
|poke|p1|Kommo-o, L50, M|
|poke|p1|Politoed, L50, M|
|poke|p1|Rillaboom, L50, M|
|poke|p1|Incineroar, L50, M|
|poke|p1|Sinistcha, L50|
|poke|p2|Sneasler, L50, F|
|poke|p2|Amoonguss, L50, M|
|poke|p2|Gholdengo, L50|
|poke|p2|Incineroar, L50, F|
|poke|p2|Dragonite, L50, M|
|poke|p2|Ursaluna-Bloodmoon, L50, M|
|teampreview|4
|showteam|p1|Feraligatr||LifeOrb|SheerForce|Liquidation,Crunch,DragonDance,Protect|||F|||50|,,,,,Dark]Kommo-o||ThroatSpray|Overcoat|ClangingScales,AuraSphere,ClangorousSoul,Protect|||M|||50|,,,,,Fairy]Politoed||SitrusBerry|Drizzle|WeatherBall,IcyWind,Haze,Protect|||M|||50|,,,,,Grass]Rillaboom||AssaultVest|GrassySurge|WoodHammer,GrassyGlide,FakeOut,Uturn|||M|||50|,,,,,Fire]Incineroar||SafetyGoggles|Intimidate|KnockOff,FakeOut,Taunt,PartingShot|||M|||50|,,,,,Ghost]Sinistcha||CovertCloak|Hospitality|MatchaGotcha,ShadowBall,RagePowder,LifeDew||||||50|,,,,,Water
|showteam|p2|Sneasler||FocusSash|Unburden|DireClaw,CloseCombat,Protect,ThroatChop|||F|||50|,,,,,Stellar]Amoonguss||SitrusBerry|Regenerator|RagePowder,Spore,PollenPuff,Protect|||M|||50|,,,,,Water]Gholdengo||LifeOrb|GoodasGold|MakeItRain,ShadowBall,Protect,NastyPlot||||||50|,,,,,Water]Incineroar||SafetyGoggles|Intimidate|FlareBlitz,PartingShot,FakeOut,KnockOff|||F|||50|,,,,,Ghost]Dragonite||LoadedDice|Multiscale|ScaleShot,Tailwind,Protect,Haze|||M|||50|,,,,,Fairy]Ursaluna-Bloodmoon||AssaultVest|MindsEye|BloodMoon,VacuumWave,HyperVoice,EarthPower|||M|||50|,,,,,Water
|n|☆MBL25|mbl25
|inactive|Battle timer is ON: inactive players will automatically lose when time's up. (requested by endK649)
|
|t:|1756768938
|teamsize|p1|4
|teamsize|p2|4
|start
|switch|p1a: Kommo-o|Kommo-o, L50, M|100/100
|switch|p1b: Incineroar|Incineroar, L50, M, shiny|100/100
|switch|p2a: Incineroar|Incineroar, L50, F|100/100
|switch|p2b: Gholdengo|Gholdengo, L50|100/100
|-ability|p2a: Incineroar|Intimidate|boost
|-unboost|p1a: Kommo-o|atk|1
|-unboost|p1b: Incineroar|atk|1
|-ability|p1b: Incineroar|Intimidate|boost
|-unboost|p2a: Incineroar|atk|1
|-unboost|p2b: Gholdengo|atk|1
|turn|1
|inactive|MBL25 has 30 seconds left.
|inactive|MBL25 has 20 seconds left.
|inactive|MBL25 has 15 seconds left.
|inactive|MBL25 has 10 seconds left.
|inactive|MBL25 has 5 seconds left.
|
|t:|1756768989
|move|p2b: Gholdengo|Protect|p2b: Gholdengo
|-singleturn|p2b: Gholdengo|Protect
|move|p2a: Incineroar|Fake Out|p1a: Kommo-o
|-damage|p1a: Kommo-o|94/100
|cant|p1a: Kommo-o|flinch
|move|p1b: Incineroar|Knock Off|p2b: Gholdengo
|-activate|p2b: Gholdengo|move: Protect
|
|upkeep
|turn|2
|inactive|MBL25 has 30 seconds left.
|
|t:|1756769024
|move|p2b: Gholdengo|Shadow Ball|p1a: Kommo-o
|-damage|p1a: Kommo-o|37/100
|-damage|p2b: Gholdengo|91/100|[from] item: Life Orb
|move|p1a: Kommo-o|Clangorous Soul|p1a: Kommo-o
|-boost|p1a: Kommo-o|atk|1
|-boost|p1a: Kommo-o|def|1
|-boost|p1a: Kommo-o|spa|1
|-boost|p1a: Kommo-o|spd|1
|-boost|p1a: Kommo-o|spe|1
|-damage|p1a: Kommo-o|5/100
|-enditem|p1a: Kommo-o|Throat Spray
|-boost|p1a: Kommo-o|spa|1|[from] item: Throat Spray
|move|p2a: Incineroar|Parting Shot|p1a: Kommo-o
|-unboost|p1a: Kommo-o|atk|1
|-unboost|p1a: Kommo-o|spa|1
|
|t:|1756769043
|switch|p2a: Dragonite|Dragonite, L50, M|100/100|[from] Parting Shot
|move|p1b: Incineroar|Knock Off|p2b: Gholdengo
|-supereffective|p2b: Gholdengo
|-damage|p2b: Gholdengo|24/100
|-enditem|p2b: Gholdengo|Life Orb|[from] move: Knock Off|[of] p1b: Incineroar
|
|upkeep
|turn|3
|
|t:|1756769065
|switch|p2b: Incineroar|Incineroar, L50, F|100/100
|-ability|p2b: Incineroar|Intimidate|boost
|-unboost|p1a: Kommo-o|atk|1
|-unboost|p1b: Incineroar|atk|1
|-terastallize|p2a: Dragonite|Fairy
|move|p1a: Kommo-o|Protect|p1a: Kommo-o
|-singleturn|p1a: Kommo-o|Protect
|move|p2a: Dragonite|Haze|p2a: Dragonite
|-clearallboost
|move|p1b: Incineroar|Knock Off|p2a: Dragonite
|-resisted|p2a: Dragonite
|-damage|p2a: Dragonite|88/100
|-enditem|p2a: Dragonite|Loaded Dice|[from] move: Knock Off|[of] p1b: Incineroar
|
|upkeep
|turn|4
|inactive|endK649 has 30 seconds left.
|inactive|MBL25 has 30 seconds left.
|inactive|endK649 has 20 seconds left.
|
|t:|1756769101
|switch|p1a: Rillaboom|Rillaboom, L50, M, shiny|100/100
|-fieldstart|move: Grassy Terrain|[from] ability: Grassy Surge|[of] p1a: Rillaboom
|move|p2a: Dragonite|Scale Shot|p1b: Incineroar
|-damage|p1b: Incineroar|86/100
|-damage|p1b: Incineroar|72/100
|-hitcount|p1b: Incineroar|2
|-unboost|p2a: Dragonite|def|1
|-boost|p2a: Dragonite|spe|1
|move|p2b: Incineroar|Knock Off|p1a: Rillaboom
|-damage|p1a: Rillaboom|61/100
|-enditem|p1a: Rillaboom|Assault Vest|[from] move: Knock Off|[of] p2b: Incineroar
|move|p1b: Incineroar|Parting Shot|p2b: Incineroar
|-unboost|p2b: Incineroar|atk|1
|-unboost|p2b: Incineroar|spa|1
|
|t:|1756769123
|switch|p1b: Sinistcha|Sinistcha, L50|100/100|[from] Parting Shot
|-heal|p1a: Rillaboom|86/100|[from] ability: Hospitality|[of] p1b: Sinistcha
|
|-heal|p2a: Dragonite|94/100|[from] Grassy Terrain
|-heal|p1a: Rillaboom|92/100|[from] Grassy Terrain
|upkeep
|turn|5
|
|t:|1756769139
|switch|p1b: Incineroar|Incineroar, L50, M, shiny|72/100
|-ability|p1b: Incineroar|Intimidate|boost
|-unboost|p2a: Dragonite|atk|1
|-unboost|p2b: Incineroar|atk|1
|-terastallize|p1a: Rillaboom|Fire
|move|p2a: Dragonite|Haze|p2a: Dragonite
|-clearallboost
|move|p1a: Rillaboom|Wood Hammer|p2a: Dragonite
|-damage|p2a: Dragonite|2/100
|-damage|p1a: Rillaboom|67/100|[from] Recoil
|move|p2b: Incineroar|Flare Blitz|p1b: Incineroar
|-resisted|p1b: Incineroar
|-damage|p1b: Incineroar|44/100
|-damage|p2b: Incineroar|91/100|[from] Recoil
|
|-heal|p2a: Dragonite|8/100|[from] Grassy Terrain
|-heal|p1a: Rillaboom|73/100|[from] Grassy Terrain
|-heal|p2b: Incineroar|97/100|[from] Grassy Terrain
|-heal|p1b: Incineroar|50/100|[from] Grassy Terrain
|upkeep
|turn|6
|inactive|endK649 has 30 seconds left.
|inactive|endK649 has 20 seconds left.
|inactive|endK649 has 15 seconds left.
|
|t:|1756769181
|move|p2a: Dragonite|Protect|p2a: Dragonite
|-singleturn|p2a: Dragonite|Protect
|move|p1b: Incineroar|Fake Out|p2b: Incineroar
|-damage|p2b: Incineroar|84/100
|move|p1a: Rillaboom|U-turn|p2a: Dragonite
|-activate|p2a: Dragonite|move: Protect
|cant|p2b: Incineroar|flinch
|
|-heal|p2a: Dragonite|14/100|[from] Grassy Terrain
|-heal|p1a: Rillaboom|79/100|[from] Grassy Terrain
|-heal|p2b: Incineroar|90/100|[from] Grassy Terrain
|-heal|p1b: Incineroar|57/100|[from] Grassy Terrain
|upkeep
|turn|7
|inactive|MBL25 has 30 seconds left.
|inactive|MBL25 has 20 seconds left.
|inactive|MBL25 has 15 seconds left.
|inactive|MBL25 has 10 seconds left.
|inactive|MBL25 has 5 seconds left.
|
|t:|1756769233
|move|p2a: Dragonite|Tailwind|p2a: Dragonite
|-sidestart|p2: MBL25|move: Tailwind
|move|p2b: Incineroar|Parting Shot|p1a: Rillaboom
|-unboost|p1a: Rillaboom|atk|1
|-unboost|p1a: Rillaboom|spa|1
|
|t:|1756769240
|switch|p2b: Ursaluna|Ursaluna-Bloodmoon, L50, M|100/100|[from] Parting Shot
|move|p1a: Rillaboom|Wood Hammer|p2a: Dragonite
|-damage|p2a: Dragonite|0 fnt
|faint|p2a: Dragonite
|-damage|p1a: Rillaboom|75/100|[from] Recoil
|move|p1b: Incineroar|Knock Off|p2b: Ursaluna
|-damage|p2b: Ursaluna|67/100
|-enditem|p2b: Ursaluna|Assault Vest|[from] move: Knock Off|[of] p1b: Incineroar
|
|-heal|p2b: Ursaluna|72/100|[from] Grassy Terrain
|-heal|p1a: Rillaboom|81/100|[from] Grassy Terrain
|-heal|p1b: Incineroar|63/100|[from] Grassy Terrain
|upkeep
|
|t:|1756769251
|switch|p2a: Incineroar|Incineroar, L50, F|90/100
|-ability|p2a: Incineroar|Intimidate|boost
|-unboost|p1a: Rillaboom|atk|1
|-unboost|p1b: Incineroar|atk|1
|turn|8
|
|t:|1756769268
|switch|p1a: Sinistcha|Sinistcha, L50|100/100
|-heal|p1b: Incineroar|88/100|[from] ability: Hospitality|[of] p1a: Sinistcha
|move|p2a: Incineroar|Fake Out|p1b: Incineroar
|-damage|p1b: Incineroar|75/100
|move|p2b: Ursaluna|Blood Moon|p1a: Sinistcha
|-damage|p1a: Sinistcha|33/100
|cant|p1b: Incineroar|flinch
|
|-heal|p2a: Incineroar|96/100|[from] Grassy Terrain
|-heal|p2b: Ursaluna|78/100|[from] Grassy Terrain
|-heal|p1a: Sinistcha|40/100|[from] Grassy Terrain
|-heal|p1b: Incineroar|82/100|[from] Grassy Terrain
|-fieldend|move: Grassy Terrain
|upkeep
|turn|9
|inactive|endK649 has 30 seconds left.
|
|t:|1756769303
|switch|p1a: Rillaboom|Rillaboom, L50, M, shiny, tera:Fire|81/100
|-fieldstart|move: Grassy Terrain|[from] ability: Grassy Surge|[of] p1a: Rillaboom
|move|p2a: Incineroar|Knock Off|p1a: Rillaboom
|-damage|p1a: Rillaboom|52/100
|move|p2b: Ursaluna|Hyper Voice|p1b: Incineroar|[spread] p1a,p1b
|-damage|p1a: Rillaboom|17/100
|-damage|p1b: Incineroar|49/100
|move|p1b: Incineroar|Parting Shot|p2b: Ursaluna
|-unboost|p2b: Ursaluna|atk|1
|-unboost|p2b: Ursaluna|spa|1
|
|t:|1756769313
|switch|p1b: Sinistcha|Sinistcha, L50|40/100|[from] Parting Shot
|-heal|p1a: Rillaboom|42/100|[from] ability: Hospitality|[of] p1b: Sinistcha
|
|-heal|p2a: Incineroar|100/100|[from] Grassy Terrain
|-heal|p2b: Ursaluna|84/100|[from] Grassy Terrain
|-heal|p1a: Rillaboom|47/100|[from] Grassy Terrain
|-heal|p1b: Sinistcha|46/100|[from] Grassy Terrain
|upkeep
|turn|10
|
|t:|1756769333
|switch|p2b: Gholdengo|Gholdengo, L50|24/100
|switch|p1b: Incineroar|Incineroar, L50, M, shiny|49/100
|-ability|p1b: Incineroar|Intimidate|boost
|-unboost|p2a: Incineroar|atk|1
|-unboost|p2b: Gholdengo|atk|1
|move|p1a: Rillaboom|Fake Out|p2b: Gholdengo
|-immune|p2b: Gholdengo
|move|p2a: Incineroar|Parting Shot|p1a: Rillaboom
|-unboost|p1a: Rillaboom|atk|1
|-unboost|p1a: Rillaboom|spa|1
|
|t:|1756769345
|switch|p2a: Ursaluna|Ursaluna-Bloodmoon, L50, M|84/100|[from] Parting Shot
|
|-heal|p2b: Gholdengo|30/100|[from] Grassy Terrain
|-heal|p2a: Ursaluna|90/100|[from] Grassy Terrain
|-heal|p1a: Rillaboom|53/100|[from] Grassy Terrain
|-heal|p1b: Incineroar|55/100|[from] Grassy Terrain
|-sideend|p2: MBL25|move: Tailwind
|upkeep
|turn|11
|inactive|endK649 has 30 seconds left.
|inactive|endK649 has 20 seconds left.
|
|t:|1756769385
|move|p1b: Incineroar|Fake Out|p2a: Ursaluna
|-damage|p2a: Ursaluna|80/100
|move|p2b: Gholdengo|Shadow Ball|p1a: Rillaboom
|-damage|p1a: Rillaboom|11/100
|move|p1a: Rillaboom|Wood Hammer|p2a: Ursaluna
|-supereffective|p2a: Ursaluna
|-damage|p2a: Ursaluna|0 fnt
|faint|p2a: Ursaluna
|-damage|p1a: Rillaboom|0 fnt|[from] Recoil
|faint|p1a: Rillaboom
|
|-heal|p2b: Gholdengo|36/100|[from] Grassy Terrain
|-heal|p1b: Incineroar|61/100|[from] Grassy Terrain
|upkeep
|
|t:|1756769397
|switch|p1a: Sinistcha|Sinistcha, L50|46/100
|switch|p2a: Incineroar|Incineroar, L50, F|100/100
|-ability|p2a: Incineroar|Intimidate|boost
|-unboost|p1a: Sinistcha|atk|1
|-unboost|p1b: Incineroar|atk|1
|-heal|p1b: Incineroar|86/100|[from] ability: Hospitality|[of] p1a: Sinistcha
|turn|12
|
|t:|1756769413
|switch|p1a: Kommo-o|Kommo-o, L50, M|5/100
|move|p2a: Incineroar|Fake Out|p1b: Incineroar
|-damage|p1b: Incineroar|74/100
|move|p2b: Gholdengo|Nasty Plot|p2b: Gholdengo
|-boost|p2b: Gholdengo|spa|2
|cant|p1b: Incineroar|flinch
|
|-heal|p2b: Gholdengo|42/100|[from] Grassy Terrain
|-heal|p1a: Kommo-o|11/100|[from] Grassy Terrain
|-heal|p1b: Incineroar|81/100|[from] Grassy Terrain
|upkeep
|turn|13
|inactive|endK649 has 30 seconds left.
|inactive|MBL25 has 30 seconds left.
|inactive|MBL25 has 20 seconds left.
|
|t:|1756769452
|move|p2b: Gholdengo|Protect|p2b: Gholdengo
|-singleturn|p2b: Gholdengo|Protect
|move|p1a: Kommo-o|Aura Sphere|p2a: Incineroar
|-supereffective|p2a: Incineroar
|-damage|p2a: Incineroar|30/100
|move|p2a: Incineroar|Knock Off|p1a: Kommo-o
|-resisted|p1a: Kommo-o
|-damage|p1a: Kommo-o|0 fnt
|faint|p1a: Kommo-o
|move|p1b: Incineroar|Knock Off|p2b: Gholdengo
|-activate|p2b: Gholdengo|move: Protect
|
|-heal|p2b: Gholdengo|49/100|[from] Grassy Terrain
|-heal|p2a: Incineroar|36/100|[from] Grassy Terrain
|-heal|p1b: Incineroar|87/100|[from] Grassy Terrain
|-fieldend|move: Grassy Terrain
|upkeep
|
|t:|1756769458
|switch|p1a: Sinistcha|Sinistcha, L50|46/100
|-heal|p1b: Incineroar|100/100|[from] ability: Hospitality|[of] p1a: Sinistcha
|turn|14
|
|t:|1756769479
|move|p2b: Gholdengo|Make It Rain|p1b: Incineroar|[spread] p1a,p1b
|-resisted|p1b: Incineroar
|-damage|p1a: Sinistcha|0 fnt
|-damage|p1b: Incineroar|62/100
|-unboost|p2b: Gholdengo|spa|1
|faint|p1a: Sinistcha
|move|p2a: Incineroar|Parting Shot|p1b: Incineroar
|-unboost|p1b: Incineroar|atk|1
|-unboost|p1b: Incineroar|spa|1
|move|p1b: Incineroar|Knock Off|p2b: Gholdengo
|-supereffective|p2b: Gholdengo
|-damage|p2b: Gholdengo|14/100
|
|upkeep
|turn|15
|inactive|MBL25 has 30 seconds left.
|inactive|MBL25 has 20 seconds left.
|
|t:|1756769496
|move|p2b: Gholdengo|Make It Rain|p1b: Incineroar
|-resisted|p1b: Incineroar
|-damage|p1b: Incineroar|24/100
|-unboost|p2b: Gholdengo|spa|1
|move|p2a: Incineroar|Knock Off|p1b: Incineroar
|-resisted|p1b: Incineroar
|-crit|p1b: Incineroar
|-damage|p1b: Incineroar|0 fnt
|-enditem|p1b: Incineroar|Safety Goggles|[from] move: Knock Off|[of] p2a: Incineroar
|faint|p1b: Incineroar
|
|win|MBL25
||endK649 is ready for game 2.
|inactive|MBL25 has 30 seconds to confirm battle start!
||MBL25 is ready for game 2.
|uhtml|next|Next: Game 2 of 3
|l|☆MBL25
|player|p2|
