|j|☆Farei Jr VGC
|j|☆upchicken
|html|Farei Jr VGCupchicken    
|uhtml|bestof|Game 1 of a best-of-3
|t:|1756598115
|gametype|doubles
|player|p1|Farei Jr VGC|hiker-gen7|1372
|player|p2|upchicken|az|1418
|gen|9
|tier|[Gen 9] VGC 2025 Reg H (Bo3)
|rated|
|rule|Species Clause: Limit one of each Pokémon
|rule|Item Clause: Limit 1 of each item
|clearpoke
|poke|p1|Maushold-Four, L50|
|poke|p1|Annihilape, L50, F|
|poke|p1|Rillaboom, L50, M|
|poke|p1|Klefki, L50, M|
|poke|p1|Volcarona, L50, F|
|poke|p1|Tyranitar, L50, F|
|poke|p2|Grimmsnarl, L50, M|
|poke|p2|Annihilape, L50, M|
|poke|p2|Maushold, L50|
|poke|p2|Pelipper, L50, F|
|poke|p2|Archaludon, L50, F|
|poke|p2|Sinistcha, L50|
|teampreview|4
|showteam|p1|Maushold-Four||SafetyGoggles|FriendGuard|Protect,BeatUp,Taunt,FollowMe||||||50|,,,,,Ghost]Annihilape||Leftovers|Defiant|Protect,RageFist,BulkUp,DrainPunch|||F|||50|,,,,,Fire]Rillaboom||MeadowPlate|GrassySurge|FakeOut,WoodHammer,GrassyGlide,Uturn|||M|||50|,,,,,Fire]Klefki||LightClay|Prankster|Reflect,LightScreen,ThunderWave,DazzlingGleam|||M|||50|,,,,,Water]Volcarona||GrassySeed|FlameBody|Protect,GigaDrain,QuiverDance,HeatWave|||F|||50|,,,,,Grass]Tyranitar||AssaultVest|SandStream|TeraBlast,RockSlide,LowKick,KnockOff|||F|||50|,,,,,Flying
|showteam|p2|Grimmsnarl||LightClay|Prankster|Reflect,LightScreen,ThunderWave,SpiritBreak|||M|||50|,,,,,Steel]Annihilape||SpellTag|Defiant|BulkUp,Protect,DrainPunch,RageFist|||M|||50|,,,,,Fire]Maushold||SafetyGoggles|FriendGuard|BeatUp,Taunt,FollowMe,Protect||||||50|,,,,,Ghost]Pelipper||LifeOrb|Drizzle|WeatherBall,Hurricane,Tailwind,Protect|||F|||50|,,,,,Stellar]Archaludon||AssaultVest|Stamina|ElectroShot,DragonPulse,Snarl,BodyPress|||F|||50|,,,,,Fighting]Sinistcha||SitrusBerry|Hospitality|LifeDew,RagePowder,TrickRoom,MatchaGotcha||||||50|,,,,,Water
|inactive|Battle timer is ON: inactive players will automatically lose when time's up. (requested by Farei Jr VGC)
|inactive|upchicken has 60 seconds left.
|
|t:|1756598146
|teamsize|p1|4
|teamsize|p2|4
|start
|switch|p1a: Annihilape|Annihilape, L50, F|100/100
|switch|p1b: Los Ramírez|Maushold-Four, L50|100/100
|switch|p2a: Pelipper|Pelipper, L50, F|100/100
|switch|p2b: Maushold|Maushold, L50|100/100
|-weather|RainDance|[from] ability: Drizzle|[of] p2a: Pelipper
|turn|1
|inactive|Farei Jr VGC has 30 seconds left.
|inactive|upchicken has 30 seconds left.
|
|t:|1756598181
|-terastallize|p2b: Maushold|Ghost
|move|p1a: Annihilape|Protect|p1a: Annihilape
|-singleturn|p1a: Annihilape|Protect
|move|p2b: Maushold|Follow Me|p2b: Maushold
|-singleturn|p2b: Maushold|move: Follow Me
|move|p1b: Los Ramírez|Taunt|p2b: Maushold
|-start|p2b: Maushold|move: Taunt
|move|p2a: Pelipper|Weather Ball|p1b: Los Ramírez
|-damage|p1b: Los Ramírez|0 fnt
|faint|p1b: Los Ramírez
|-damage|p2a: Pelipper|91/100|[from] item: Life Orb
|
|-weather|RainDance|[upkeep]
|upkeep
|
|t:|1756598191
|switch|p1b: Tyranitar|Tyranitar, L50, F|100/100
|-weather|Sandstorm|[from] ability: Sand Stream|[of] p1b: Tyranitar
|turn|2
|
|t:|1756598198
|switch|p2a: Annihilape|Annihilape, L50, M|100/100
|-terastallize|p1a: Annihilape|Fire
|move|p2b: Maushold|Beat Up|p2a: Annihilape
|-crit|p2a: Annihilape
|-damage|p2a: Annihilape|96/100
|-damage|p2a: Annihilape|94/100
|-damage|p2a: Annihilape|92/100
|-damage|p2a: Annihilape|89/100
|-hitcount|p2a: Annihilape|4
|move|p1a: Annihilape|Bulk Up|p1a: Annihilape
|-boost|p1a: Annihilape|atk|1
|-boost|p1a: Annihilape|def|1
|move|p1b: Tyranitar|Rock Slide|p2a: Annihilape|[spread] p2a,p2b
|-resisted|p2a: Annihilape
|-damage|p2a: Annihilape|75/100
|-damage|p2b: Maushold|59/100
|
|-weather|Sandstorm|[upkeep]
|-damage|p1a: Annihilape|94/100|[from] Sandstorm
|-damage|p2a: Annihilape|69/100|[from] Sandstorm
|-heal|p1a: Annihilape|100/100|[from] item: Leftovers
|upkeep
|turn|3
|inactive|upchicken has 30 seconds left.
|inactive|upchicken has 20 seconds left.
|
|t:|1756598235
|switch|p1b: Volcarona|Volcarona, L50, F|100/100
|move|p2b: Maushold|Beat Up|p2a: Annihilape
|-damage|p2a: Annihilape|67/100
|-damage|p2a: Annihilape|64/100
|-damage|p2a: Annihilape|62/100
|-damage|p2a: Annihilape|59/100
|-hitcount|p2a: Annihilape|4
|move|p1a: Annihilape|Rage Fist|p2a: Annihilape
|-supereffective|p2a: Annihilape
|-damage|p2a: Annihilape|11/100
|move|p2a: Annihilape|Rage Fist|p1a: Annihilape
|-damage|p1a: Annihilape|0 fnt
|faint|p1a: Annihilape
|
|-weather|Sandstorm|[upkeep]
|-damage|p2a: Annihilape|5/100|[from] Sandstorm
|-damage|p1b: Volcarona|94/100|[from] Sandstorm
|upkeep
|
|t:|1756598250
|switch|p1a: Tyranitar|Tyranitar, L50, F|100/100
|turn|4
|
|t:|1756598258
|switch|p2b: Pelipper|Pelipper, L50, F|91/100
|-weather|RainDance|[from] ability: Drizzle|[of] p2b: Pelipper
|move|p2a: Annihilape|Drain Punch|p1a: Tyranitar
|-supereffective|p1a: Tyranitar
|-damage|p1a: Tyranitar|0 fnt
|-heal|p2a: Annihilape|56/100|[from] drain|[of] p1a: Tyranitar
|faint|p1a: Tyranitar
|move|p1b: Volcarona|Heat Wave|p2a: Annihilape|[spread] p2b
|-miss|p1b: Volcarona|p2a: Annihilape
|-resisted|p2b: Pelipper
|-damage|p2b: Pelipper|75/100
|-status|p2b: Pelipper|brn
|
|-weather|RainDance|[upkeep]
|-damage|p2b: Pelipper|70/100 brn|[from] brn
|upkeep
|turn|5
|-message|Farei Jr VGC forfeited.
|
|win|upchicken
||Farei Jr VGC is ready for game 2.
