|j|☆new mental
|j|☆Ivan Arevalo
|html|new mentalIvan Arevalo    
|uhtml|bestof|Game 1 of a best-of-3
|t:|1784383986
|gametype|doubles
|player|p1|new mental|volkner|1160
|player|p2|Ivan Arevalo|benga|1024
|gen|9
|tier|[Gen 9 Champions] VGC 2026 Reg M-B (Bo3)
|rated|
|rule|Species Clause: Limit one of each Pokémon
|rule|Item Clause: Limit 1 of each item
|clearpoke
|poke|p1|Staraptor, L50, F|
|poke|p1|Vanilluxe, L50, F|
|poke|p1|Farigiraf, L50, M|
|poke|p1|Blastoise, L50, F|
|poke|p1|Kingambit, L50, F|
|poke|p1|Camerupt, L50, M|
|poke|p2|Alakazam, L50, M, shiny|
|poke|p2|Mawile, L50, F|
|poke|p2|Torkoal, L50, F|
|poke|p2|Grimmsnarl, L50, M, shiny|
|poke|p2|Milotic, L50, M|
|poke|p2|Drampa, L50, F|
|teampreview|4
|showteam|p1|Staraptor||ChoiceScarf|Intimidate|FinalGambit,BraveBird,CloseCombat,Uturn|Jolly||F|||50|]Vanilluxe||NeverMeltIce|SnowWarning|Blizzard,FreezeDry,Protect,IceShard|Quiet||F|||50|]Farigiraf||SitrusBerry|ArmorTail|PsychicFangs,HyperVoice,HelpingHand,TrickRoom|Relaxed||M|||50|]Blastoise||Blastoisinite|RainDish|FakeOut,WaterSpout,AuraSphere,DarkPulse|Quiet||F|||50|]Kingambit||LifeOrb|Defiant|KowtowCleave,IronHead,Protect,SuckerPunch|Brave||F|||50|]Camerupt||Cameruptite|SolidRock|HeatWave,EarthPower,Protect,AncientPower|Quiet||M|||50|
|showteam|p2|Alakazam||FocusSash|InnerFocus|TrickRoom,Psychic,EnergyBall,SpeedSwap|Timid||M|||50|]Mawile||Mawilite|Intimidate|PlayRough,IronHead,Protect,RockSlide|Brave||F|||50|]Torkoal||Charcoal|Drought|Eruption,BodyPress,EarthPower,WeatherBall|Relaxed||F|||50|]Grimmsnarl||LightClay|Prankster|PartingShot,LightScreen,Reflect,FoulPlay|Adamant||M|||50|]Milotic||SitrusBerry|Competitive|Hypnosis,HydroPump,Blizzard,Coil|Modest||M|||50|]Drampa||Drampanite|Berserk|IceBeam,EarthPower,HyperVoice,Protect|Adamant||F|||50|
|inactive|Battle timer is ON: inactive players will automatically lose when time's up. (requested by Ivan Arevalo)
|inactive|new mental has 60 seconds left.
|
|t:|1784384050
|teamsize|p1|4
|teamsize|p2|4
|start
|switch|p1a: Kingambit|Kingambit, L50, F|100/100
|switch|p1b: Blastoise|Blastoise, L50, F|100/100
|switch|p2a: Alakazam|Alakazam, L50, M, shiny|100/100
|switch|p2b: Drampa|Drampa, L50, F|100/100
|turn|1
|
|t:|1784384072
|detailschange|p1b: Blastoise|Blastoise-Mega, L50, F
|-mega|p1b: Blastoise|Blastoise|Blastoisinite
|detailschange|p2b: Drampa|Drampa-Mega, L50, F
|-mega|p2b: Drampa|Drampa|Drampanite
|move|p1b: Blastoise|Fake Out|p2b: Drampa
|-damage|p2b: Drampa|91/100
|move|p2a: Alakazam|Speed Swap|p2b: Drampa
|-activate|p2a: Alakazam|move: Speed Swap|[of] p2b: Drampa
|cant|p2b: Drampa|flinch
|move|p1a: Kingambit|Kowtow Cleave|p2a: Alakazam
|-supereffective|p2a: Alakazam|1
|-enditem|p2a: Alakazam|Focus Sash
|-damage|p2a: Alakazam|1/100
|-damage|p1a: Kingambit|90/100|[from] item: Life Orb
|
|upkeep
|turn|2
|inactive|new mental has 30 seconds left.
|
|t:|1784384107
|switch|p2a: Torkoal|Torkoal, L50, F|100/100
|-weather|SunnyDay|[from] ability: Drought|[of] p2a: Torkoal
|move|p1a: Kingambit|Sucker Punch||[still]
|-fail|p1a: Kingambit
|move|p2b: Drampa|Earth Power|p1a: Kingambit
|-supereffective|p1a: Kingambit|1
|-damage|p1a: Kingambit|34/100
|move|p1b: Blastoise|Aura Sphere|p2b: Drampa
|-supereffective|p2b: Drampa|1
|-damage|p2b: Drampa|20/100y
|-ability|p2b: Drampa|Berserk|boost
|-boost|p2b: Drampa|spa|1
|
|-weather|SunnyDay|[upkeep]
|upkeep
|turn|3
|inactive|Ivan Arevalo has 30 seconds left.
|
|t:|1784384134
|move|p2b: Drampa|Protect|p2b: Drampa
|-singleturn|p2b: Drampa|Protect
|move|p1a: Kingambit|Sucker Punch||[still]
|-fail|p1a: Kingambit
|move|p1b: Blastoise|Water Spout|p2b: Drampa|[spread] p2a
|-activate|p2b: Drampa|move: Protect
|-supereffective|p2a: Torkoal|1
|-damage|p2a: Torkoal|31/100
|move|p2a: Torkoal|Body Press|p1a: Kingambit
|-supereffective|p1a: Kingambit|2
|-damage|p1a: Kingambit|0 fnt
|faint|p1a: Kingambit
|
|-weather|SunnyDay|[upkeep]
|upkeep
|
|t:|1784384147
|switch|p1a: Farigiraf|Farigiraf, L50, M|100/100
|turn|4
|
|t:|1784384159
|move|p2b: Drampa|Hyper Voice|p1b: Blastoise|[spread] p1a,p1b
|-damage|p1a: Farigiraf|50/100y
|-damage|p1b: Blastoise|55/100
|-enditem|p1a: Farigiraf|Sitrus Berry|[eat]
|-heal|p1a: Farigiraf|75/100|[from] item: Sitrus Berry
|move|p1b: Blastoise|Aura Sphere|p2b: Drampa
|-supereffective|p2b: Drampa|1
|-damage|p2b: Drampa|0 fnt
|faint|p2b: Drampa
|move|p1a: Farigiraf|Hyper Voice|p2a: Torkoal
|-damage|p2a: Torkoal|0 fnt
|faint|p2a: Torkoal
|
|-weather|SunnyDay|[upkeep]
|upkeep
|
|t:|1784384178
|switch|p2b: Milotic|Milotic, L50, M|100/100
|switch|p2a: Alakazam|Alakazam, L50, M, shiny|1/100
|turn|5
|
|t:|1784384188
|move|p2a: Alakazam|Energy Ball|p1b: Blastoise
|-supereffective|p1b: Blastoise|1
|-damage|p1b: Blastoise|2/100
|-unboost|p1b: Blastoise|spd|1
|move|p2b: Milotic|Coil|p2b: Milotic
|-boost|p2b: Milotic|atk|1
|-boost|p2b: Milotic|def|1
|-boost|p2b: Milotic|accuracy|1
|move|p1b: Blastoise|Dark Pulse|p2b: Milotic
|-damage|p2b: Milotic|64/100
|move|p1a: Farigiraf|Hyper Voice|p2b: Milotic|[spread] p2a,p2b
|-damage|p2a: Alakazam|0 fnt
|-damage|p2b: Milotic|47/100
|-enditem|p2b: Milotic|Sitrus Berry|[eat]
|-heal|p2b: Milotic|72/100|[from] item: Sitrus Berry
|faint|p2a: Alakazam
|
|-weather|SunnyDay|[upkeep]
|upkeep
|turn|6
|
|t:|1784384213
|move|p2b: Milotic|Blizzard|p1b: Blastoise|[spread] p1a,p1b
|-resisted|p1b: Blastoise|1
|-damage|p1a: Farigiraf|55/100
|-damage|p1b: Blastoise|0 fnt
|faint|p1b: Blastoise
|move|p1a: Farigiraf|Trick Room|p1a: Farigiraf
|-fieldstart|move: Trick Room|[of] p1a: Farigiraf
|
|-weather|none
|upkeep
|
|t:|1784384216
|switch|p1b: Vanilluxe|Vanilluxe, L50, F|100/100
|-weather|Snowscape|[from] ability: Snow Warning|[of] p1b: Vanilluxe
|turn|7
|
|t:|1784384229
|move|p1a: Farigiraf|Hyper Voice|p2b: Milotic
|-damage|p2b: Milotic|50/100g
|move|p1b: Vanilluxe|Freeze-Dry|p2b: Milotic
|-supereffective|p2b: Milotic|1
|-damage|p2b: Milotic|0 fnt
|faint|p2b: Milotic
|
|win|new mental
