|j|☆VermillionAcademy
|j|☆spellbreakvgc
|html|VermillionAcademyspellbreakvgc    
|uhtml|bestof|Game 3 of a best-of-3
|t:|1756750105
|gametype|doubles
|player|p1|VermillionAcademy|101|1096
|player|p2|spellbreakvgc|lance|1073
|gen|9
|tier|[Gen 9] VGC 2025 Reg H (Bo3)
|rated|
|rule|Species Clause: Limit one of each Pokémon
|rule|Item Clause: Limit 1 of each item
|clearpoke
|poke|p1|Electabuzz, L50, M|
|poke|p1|Kingambit, L50, F|
|poke|p1|Volcarona, L50, M|
|poke|p1|Dragonite, L50, F|
|poke|p1|Sneasler, L50, M|
|poke|p1|Rillaboom, L50, F|
|poke|p2|Rillaboom, L50, M|
|poke|p2|Electabuzz, L50, M|
|poke|p2|Archaludon, L50, M|
|poke|p2|Kingambit, L50, M|
|poke|p2|Pelipper, L50, F|
|poke|p2|Basculegion, L50, M|
|teampreview|4
|showteam|p1|Electabuzz||Eviolite|VitalSpirit|FollowMe,Thunderbolt,Taunt,Protect|||M|||50|,,,,,Ghost]Kingambit||BlackGlasses|Defiant|KowtowCleave,SuckerPunch,SwordsDance,Protect|||F|||50|,,,,,Dark]Volcarona||Leftovers|FlameBody|HeatWave,TeraBlast,QuiverDance,Protect|||M|||50|,,,,,Fairy]Dragonite||LoadedDice|Multiscale|ScaleShot,ExtremeSpeed,Haze,Protect|||F|||50|,,,,,Fairy]Sneasler||FocusSash|Unburden|DireClaw,CloseCombat,Coaching,FakeOut|||M|||50|,,,,,Stellar]Rillaboom||AssaultVest|GrassySurge|FakeOut,WoodHammer,GrassyGlide,HighHorsepower|||F|||50|,,,,,Fire
|showteam|p2|Rillaboom||LoadedDice|GrassySurge|HighHorsepower,BulletSeed,GrassyGlide,FakeOut|||M|||50|,,,,,Fire]Electabuzz||Eviolite|VitalSpirit|Electroweb,Taunt,Protect,FollowMe|||M|||50|,,,,,Ghost]Archaludon||AssaultVest|Stamina|ElectroShot,BodyPress,FlashCannon,DracoMeteor|||M|||50|,,,,,Bug]Kingambit||BlackGlasses|Defiant|Protect,KowtowCleave,SwordsDance,SuckerPunch|||M|||50|,,,,,Dark]Pelipper||FocusSash|Drizzle|WeatherBall,Hurricane,Tailwind,Protect|||F|||50|,,,,,Ghost]Basculegion||ChoiceBand|SwiftSwim|WaveCrash,AquaJet,Protect,LastRespects|||M|||50|,,,,,Grass
|inactive|Battle timer is ON: inactive players will automatically lose when time's up. (requested by spellbreakvgc)
|inactive|VermillionAcademy has 60 seconds left.
|inactive|spellbreakvgc has 60 seconds left.
|inactive|VermillionAcademy has 30 seconds left.
|inactive|spellbreakvgc has 30 seconds left.
|inactive|VermillionAcademy has 20 seconds left.
|inactive|spellbreakvgc has 20 seconds left.
|inactive|VermillionAcademy has 15 seconds left.
|inactive|VermillionAcademy has 10 seconds left.
|inactive|VermillionAcademy has 5 seconds left.
|
|t:|1756750200
|teamsize|p1|4
|teamsize|p2|4
|start
|switch|p1a: Volcarona|Volcarona, L50, M|100/100
|switch|p1b: Electabuzz|Electabuzz, L50, M|100/100
|switch|p2a: Rillaboom|Rillaboom, L50, M|100/100
|switch|p2b: Archaludon|Archaludon, L50, M|100/100
|-fieldstart|move: Grassy Terrain|[from] ability: Grassy Surge|[of] p2a: Rillaboom
|turn|1
|inactive|VermillionAcademy has 30 seconds left.
|inactive|VermillionAcademy has 20 seconds left.
|
|t:|1756750236
|switch|p2a: Pelipper|Pelipper, L50, F|100/100
|-weather|RainDance|[from] ability: Drizzle|[of] p2a: Pelipper
|move|p1a: Volcarona|Heat Wave|p2a: Pelipper|[spread] p2a,p2b
|-resisted|p2a: Pelipper
|-damage|p2a: Pelipper|87/100
|-damage|p2b: Archaludon|88/100
|-ability|p2b: Archaludon|Stamina|boost
|-boost|p2b: Archaludon|def|1
|move|p1b: Electabuzz|Thunderbolt|p2a: Pelipper
|-supereffective|p2a: Pelipper
|-damage|p2a: Pelipper|0 fnt
|faint|p2a: Pelipper
|move|p2b: Archaludon|Electro Shot||[still]
|-prepare|p2b: Archaludon|Electro Shot
|-boost|p2b: Archaludon|spa|1
|-anim|p2b: Archaludon|Electro Shot|p1b: Electabuzz
|-resisted|p1b: Electabuzz
|-damage|p1b: Electabuzz|77/100
|
|-weather|RainDance|[upkeep]
|-heal|p1b: Electabuzz|83/100|[from] Grassy Terrain
|-heal|p2b: Archaludon|94/100|[from] Grassy Terrain
|upkeep
|
|t:|1756750255
|switch|p2a: Electabuzz|Electabuzz, L50, M|100/100
|turn|2
|
|t:|1756750269
|move|p1a: Volcarona|Quiver Dance|p1a: Volcarona
|-boost|p1a: Volcarona|spa|1
|-boost|p1a: Volcarona|spd|1
|-boost|p1a: Volcarona|spe|1
|move|p1b: Electabuzz|Taunt|p2a: Electabuzz
|-start|p2a: Electabuzz|move: Taunt
|cant|p2a: Electabuzz|move: Taunt|Taunt
|move|p2b: Archaludon|Electro Shot||[still]
|-prepare|p2b: Archaludon|Electro Shot
|-boost|p2b: Archaludon|spa|1
|-anim|p2b: Archaludon|Electro Shot|p1a: Volcarona
|-damage|p1a: Volcarona|54/100
|
|-weather|RainDance|[upkeep]
|-heal|p1a: Volcarona|60/100|[from] Grassy Terrain
|-heal|p1a: Volcarona|67/100|[from] item: Leftovers
|-heal|p1b: Electabuzz|89/100|[from] Grassy Terrain
|-heal|p2b: Archaludon|100/100|[from] Grassy Terrain
|upkeep
|turn|3
|
|t:|1756750289
|move|p1b: Electabuzz|Follow Me|p1b: Electabuzz
|-singleturn|p1b: Electabuzz|move: Follow Me
|move|p1a: Volcarona|Quiver Dance|p1a: Volcarona
|-boost|p1a: Volcarona|spa|1
|-boost|p1a: Volcarona|spd|1
|-boost|p1a: Volcarona|spe|1
|move|p2a: Electabuzz|Electroweb|p1b: Electabuzz|[spread] p1a,p1b
|-resisted|p1b: Electabuzz
|-damage|p1a: Volcarona|60/100
|-damage|p1b: Electabuzz|84/100
|-unboost|p1a: Volcarona|spe|1
|-unboost|p1b: Electabuzz|spe|1
|move|p2b: Archaludon|Electro Shot||[still]
|-prepare|p2b: Archaludon|Electro Shot
|-boost|p2b: Archaludon|spa|1
|-anim|p2b: Archaludon|Electro Shot|p1b: Electabuzz
|-resisted|p1b: Electabuzz
|-damage|p1b: Electabuzz|46/100
|
|-weather|RainDance|[upkeep]
|-heal|p1a: Volcarona|67/100|[from] Grassy Terrain
|-heal|p1a: Volcarona|73/100|[from] item: Leftovers
|-heal|p1b: Electabuzz|52/100|[from] Grassy Terrain
|upkeep
|turn|4
|
|t:|1756750314
|-terastallize|p1a: Volcarona|Fairy
|move|p1b: Electabuzz|Follow Me|p1b: Electabuzz
|-singleturn|p1b: Electabuzz|move: Follow Me
|move|p1a: Volcarona|Tera Blast|p2b: Archaludon|[anim] Tera Blast Fairy
|-damage|p2b: Archaludon|41/100
|-ability|p2b: Archaludon|Stamina|boost
|-boost|p2b: Archaludon|def|1
|move|p2a: Electabuzz|Electroweb|p1b: Electabuzz|[spread] p1a,p1b
|-resisted|p1b: Electabuzz
|-damage|p1a: Volcarona|66/100
|-damage|p1b: Electabuzz|46/100
|-unboost|p1a: Volcarona|spe|1
|-unboost|p1b: Electabuzz|spe|1
|move|p2b: Archaludon|Draco Meteor|p1b: Electabuzz
|-damage|p1b: Electabuzz|0 fnt
|-unboost|p2b: Archaludon|spa|2
|faint|p1b: Electabuzz
|
|-weather|RainDance|[upkeep]
|-heal|p1a: Volcarona|72/100|[from] Grassy Terrain
|-heal|p1a: Volcarona|79/100|[from] item: Leftovers
|-heal|p2b: Archaludon|47/100|[from] Grassy Terrain
|-end|p2a: Electabuzz|move: Taunt
|upkeep
|inactive|VermillionAcademy has 30 seconds left.
|
|t:|1756750340
|switch|p1b: Sneasler|Sneasler, L50, M|100/100
|turn|5
|
|t:|1756750353
|move|p2a: Electabuzz|Protect|p2a: Electabuzz
|-singleturn|p2a: Electabuzz|Protect
|move|p1b: Sneasler|Fake Out|p2a: Electabuzz
|-activate|p2a: Electabuzz|move: Protect
|move|p1a: Volcarona|Tera Blast|p2b: Archaludon|[anim] Tera Blast Fairy
|-damage|p2b: Archaludon|0 fnt
|faint|p2b: Archaludon
|
|-weather|none
|-heal|p1a: Volcarona|85/100|[from] Grassy Terrain
|-heal|p1a: Volcarona|91/100|[from] item: Leftovers
|-fieldend|move: Grassy Terrain
|upkeep
|-message|spellbreakvgc forfeited.
|
|win|VermillionAcademy
