|j|☆ground tera
|j|☆lux raymundi
|html|ground teralux raymundi    
|uhtml|bestof|Game 1 of a best-of-3
|t:|1784398937
|gametype|doubles
|player|p1|ground tera|102|1362
|player|p2|lux raymundi|266|1348
|gen|9
|tier|[Gen 9 Champions] VGC 2026 Reg M-B (Bo3)
|rated|
|rule|Species Clause: Limit one of each Pokémon
|rule|Item Clause: Limit 1 of each item
|clearpoke
|poke|p1|Sneasler, L50, F|
|poke|p1|Incineroar, L50, M|
|poke|p1|Blastoise, L50, M|
|poke|p1|Sinistcha, L50|
|poke|p1|Delphox, L50, M, shiny|
|poke|p1|Vivillon, L50, F|
|poke|p2|Sneasler, L50, M|
|poke|p2|Blastoise, L50, M|
|poke|p2|Kingambit, L50, M|
|poke|p2|Incineroar, L50, M|
|poke|p2|Delphox, L50, F|
|poke|p2|Sinistcha, L50|
|teampreview|4
|showteam|p1|Sneasler||FocusSash|PoisonTouch|QuickGuard,FakeOut,CloseCombat,DireClaw|Jolly||F|||50|]Incineroar||SitrusBerry|Intimidate|FakeOut,PartingShot,FlareBlitz,ThroatChop|Impish||M|||50|]Blastoise||Blastoisinite|Torrent|Protect,ShellSmash,WaterSpout,DarkPulse|Modest||M|||50|]Sinistcha||OccaBerry|Hospitality|Protect,MatchaGotcha,TrickRoom,RagePowder|Bold|||||50|]Delphox||Delphoxite|Blaze|Protect,HeatWave,Psyshock,NastyPlot|Timid||M|||50|]Vivillon||ChoiceScarf|CompoundEyes|Hurricane,SleepPowder,RagePowder,Uturn|Timid||F|||50|
|showteam|p2|Sneasler||FocusSash|PoisonTouch|PoisonJab,CloseCombat,FakeOut,QuickGuard|Jolly||M|||50|]Blastoise||Blastoisinite|RainDish|DarkPulse,WaterSpout,ShellSmash,Protect|Modest||M|||50|]Kingambit||BlackGlasses|Defiant|KowtowCleave,SuckerPunch,SwordsDance,Protect|Adamant||M|||50|]Incineroar||SitrusBerry|Intimidate|FlareBlitz,ThroatChop,PartingShot,FakeOut|Careful||M|||50|]Delphox||Delphoxite|Blaze|HeatWave,NastyPlot,Psychic,Protect|Timid||F|||50|]Sinistcha||KasibBerry|Hospitality|MatchaGotcha,RagePowder,TrickRoom,Protect|Bold|||||50|
|inactive|Battle timer is ON: inactive players will automatically lose when time's up. (requested by ground tera)
|inactive|ground tera has 60 seconds left.
|inactive|lux raymundi has 60 seconds left.
|
|t:|1784398992
|teamsize|p1|4
|teamsize|p2|4
|start
|switch|p1a: Vivillon|Vivillon, L50, F|100/100
|switch|p1b: Blastoise|Blastoise, L50, M|100/100
|switch|p2a: Sneasler|Sneasler, L50, M|100/100
|switch|p2b: Delphox|Delphox, L50, F|100/100
|turn|1
|
|t:|1784399005
|detailschange|p2b: Delphox|Delphox-Mega, L50, F
|-mega|p2b: Delphox|Delphox|Delphoxite
|detailschange|p1b: Blastoise|Blastoise-Mega, L50, M
|-mega|p1b: Blastoise|Blastoise|Blastoisinite
|move|p2a: Sneasler|Fake Out|p1a: Vivillon
|-damage|p1a: Vivillon|70/100
|-status|p1a: Vivillon|psn|[from] ability: Poison Touch|[of] p2a: Sneasler
|cant|p1a: Vivillon|flinch
|move|p2b: Delphox|Heat Wave|p1b: Blastoise|[spread] p1a,p1b
|-supereffective|p1a: Vivillon|1
|-resisted|p1b: Blastoise|1
|-damage|p1a: Vivillon|0 fnt
|-damage|p1b: Blastoise|78/100
|-status|p1b: Blastoise|brn
|faint|p1a: Vivillon
|move|p1b: Blastoise|Shell Smash|p1b: Blastoise
|-unboost|p1b: Blastoise|def|1
|-unboost|p1b: Blastoise|spd|1
|-boost|p1b: Blastoise|atk|2
|-boost|p1b: Blastoise|spa|2
|-boost|p1b: Blastoise|spe|2
|
|-damage|p1b: Blastoise|72/100 brn|[from] brn
|upkeep
|
|t:|1784399017
|switch|p1a: Sneasler|Sneasler, L50, F|100/100
|turn|2
|inactive|lux raymundi has 30 seconds left.
|
|t:|1784399048
|switch|p2b: Incineroar|Incineroar, L50, M|100/100
|-ability|p2b: Incineroar|Intimidate|boost
|-unboost|p1a: Sneasler|atk|1
|-unboost|p1b: Blastoise|atk|1
|switch|p2a: Sinistcha|Sinistcha, L50|100/100
|move|p1b: Blastoise|Water Spout|p2a: Sinistcha|[spread] p2a,p2b
|-resisted|p2a: Sinistcha|1
|-supereffective|p2b: Incineroar|1
|-damage|p2a: Sinistcha|55/100
|-damage|p2b: Incineroar|0 fnt
|faint|p2b: Incineroar
|move|p1a: Sneasler|Dire Claw|p2a: Sinistcha
|-damage|p2a: Sinistcha|33/100
|
|-damage|p1b: Blastoise|66/100 brn|[from] brn
|upkeep
|
|t:|1784399056
|switch|p2b: Sneasler|Sneasler, L50, M|100/100
|turn|3
|
|t:|1784399080
|move|p2a: Sinistcha|Protect|p2a: Sinistcha
|-singleturn|p2a: Sinistcha|Protect
|move|p1a: Sneasler|Quick Guard|p1a: Sneasler
|-singleturn|p1a: Sneasler|Quick Guard
|move|p1b: Blastoise|Water Spout|p2b: Sneasler|[spread] p2b
|-activate|p2a: Sinistcha|move: Protect
|-enditem|p2b: Sneasler|Focus Sash
|-damage|p2b: Sneasler|1/100
|move|p2b: Sneasler|Close Combat|p1b: Blastoise
|-damage|p1b: Blastoise|0 fnt
|-unboost|p2b: Sneasler|def|1
|-unboost|p2b: Sneasler|spd|1
|faint|p1b: Blastoise
|
|upkeep
|
|t:|1784399091
|switch|p1b: Sinistcha|Sinistcha, L50|100/100
|turn|4
|
|t:|1784399106
|move|p2a: Sinistcha|Rage Powder|p2a: Sinistcha
|-singleturn|p2a: Sinistcha|move: Rage Powder
|move|p1a: Sneasler|Dire Claw|p2a: Sinistcha
|-damage|p2a: Sinistcha|8/100
|move|p2b: Sneasler|Poison Jab|p1a: Sneasler
|-resisted|p1a: Sneasler|1
|-damage|p1a: Sneasler|67/100
|move|p1b: Sinistcha|Trick Room|p1b: Sinistcha
|-fieldstart|move: Trick Room|[of] p1b: Sinistcha
|
|upkeep
|turn|5
|
|t:|1784399128
|move|p2a: Sinistcha|Protect|p2a: Sinistcha
|-singleturn|p2a: Sinistcha|Protect
|move|p1b: Sinistcha|Matcha Gotcha|p2b: Sneasler|[spread] p2b
|-activate|p2a: Sinistcha|move: Protect
|-resisted|p2b: Sneasler|1
|-damage|p2b: Sneasler|0 fnt
|faint|p2b: Sneasler
|move|p1a: Sneasler|Dire Claw|p2a: Sinistcha
|-activate|p2a: Sinistcha|move: Protect
|
|upkeep
|
|t:|1784399133
|switch|p2b: Delphox|Delphox-Mega, L50, F|100/100
|turn|6
|
|t:|1784399140
|move|p2a: Sinistcha|Rage Powder|p2a: Sinistcha
|-singleturn|p2a: Sinistcha|move: Rage Powder
|move|p1b: Sinistcha|Matcha Gotcha|p2b: Delphox|[spread] p2a
|-miss|p1b: Sinistcha|p2b: Delphox
|-resisted|p2a: Sinistcha|1
|-damage|p2a: Sinistcha|0 fnt
|faint|p2a: Sinistcha
|move|p1a: Sneasler|Dire Claw|p2b: Delphox
|-damage|p2b: Delphox|57/100
|-status|p2b: Delphox|par
|move|p2b: Delphox|Psychic|p1a: Sneasler
|-supereffective|p1a: Sneasler|2
|-damage|p1a: Sneasler|0 fnt
|faint|p1a: Sneasler
|
|upkeep
|turn|7
|
|t:|1784399155
|move|p1b: Sinistcha|Matcha Gotcha|p2b: Delphox
|-resisted|p2b: Delphox|1
|-damage|p2b: Delphox|40/100 par
|move|p2b: Delphox|Heat Wave|p1b: Sinistcha
|-supereffective|p1b: Sinistcha|1
|-enditem|p1b: Sinistcha|Occa Berry|[eat]
|-enditem|p1b: Sinistcha|Occa Berry|[weaken]
|-damage|p1b: Sinistcha|45/100
|
|upkeep
|turn|8
|
|t:|1784399169
|move|p1b: Sinistcha|Matcha Gotcha|p2b: Delphox
|-resisted|p2b: Delphox|1
|-damage|p2b: Delphox|25/100 par
|-heal|p1b: Sinistcha|51/100|[from] drain|[of] p2b: Delphox
|move|p2b: Delphox|Heat Wave|p1b: Sinistcha|[miss]
|-miss|p2b: Delphox|p1b: Sinistcha
|
|-fieldend|move: Trick Room
|upkeep
|turn|9
|
|t:|1784399175
|move|p2b: Delphox|Heat Wave|p1b: Sinistcha
|-supereffective|p1b: Sinistcha|1
|-damage|p1b: Sinistcha|0 fnt
|faint|p1b: Sinistcha
|
|win|lux raymundi
