|j|☆Advertisementish
|j|☆lukashz
|html|Advertisementishlukashz    
|uhtml|bestof|Game 3 of a best-of-3
|t:|1783318772
|gametype|doubles
|player|p1|Advertisementish|ghetsis|1359
|player|p2|lukashz|elesa|1314
|gen|9
|tier|[Gen 9 Champions] VGC 2026 Reg M-B (Bo3)
|rated|
|rule|Species Clause: Limit one of each Pokémon
|rule|Item Clause: Limit 1 of each item
|clearpoke
|poke|p1|Kangaskhan, L50, F|
|poke|p1|Archaludon, L50, M|
|poke|p1|Basculegion, L50, M|
|poke|p1|Pelipper, L50, M|
|poke|p1|Kingambit, L50, M|
|poke|p1|Sinistcha, L50|
|poke|p2|Chandelure, L50, M|
|poke|p2|Kangaskhan, L50, F|
|poke|p2|Wyrdeer, L50, F|
|poke|p2|Sylveon, L50, M|
|poke|p2|Kingambit, L50, M|
|poke|p2|Sneasler, L50, F|
|teampreview|4
|showteam|p1|Kangaskhan||Kangaskhanite|Scrappy|DoubleEdge,SuckerPunch,LowKick,FakeOut|Adamant||F|||50|]Archaludon||Leftovers|Stamina|ElectroShot,FlashCannon,DragonPulse,Protect|Calm||M|||50|]Basculegion||LifeOrb|SwiftSwim|WaveCrash,AquaJet,LastRespects,Protect|Adamant||M|||50|]Pelipper||FocusSash|Drizzle|WeatherBall,Hurricane,Protect,Tailwind|Modest||M|||50|]Kingambit||BlackGlasses|Defiant|SuckerPunch,KowtowCleave,SwordsDance,Protect|Adamant||M|||50|]Sinistcha||CobaBerry|Hospitality|MatchaGotcha,RagePowder,TrickRoom,LifeDew|Relaxed|||||50|
|showteam|p2|Chandelure||FocusSash|FlashFire|HeatWave,ShadowBall,TrickRoom,Taunt|Quiet||M|||50|]Kangaskhan||Kangaskhanite|InnerFocus|FakeOut,DoubleEdge,SuckerPunch,HammerArm|Brave||F|||50|]Wyrdeer||SitrusBerry|Intimidate|TrickRoom,HelpingHand,Thunderbolt,EnergyBall|Quiet||F|||50|]Sylveon||FairyFeather|Pixilate|HyperVoice,Protect,HyperBeam,QuickAttack|Quiet||M|||50|]Kingambit||BlackGlasses|Defiant|KowtowCleave,SuckerPunch,IronHead,Protect|Brave||M|||50|]Sneasler||WhiteHerb|Unburden|FakeOut,Coaching,CloseCombat,DireClaw|Jolly||F|||50|
|inactive|Battle timer is ON: inactive players will automatically lose when time's up. (requested by Advertisementish)
|inactive|Advertisementish has 60 seconds left.
|inactive|lukashz has 60 seconds left.
|inactive|Advertisementish has 30 seconds left.
|inactive|Advertisementish has 20 seconds left.
|inactive|Advertisementish has 15 seconds left.
|inactive|Advertisementish has 10 seconds left.
|inactive|Advertisementish has 5 seconds left.
|
|t:|1783318863
|teamsize|p1|4
|teamsize|p2|4
|start
|switch|p1a: Kangaskhan|Kangaskhan, L50, F|100/100
|switch|p1b: Archaludon|Archaludon, L50, M|100/100
|switch|p2a: Wyrdeer|Wyrdeer, L50, F|100/100
|switch|p2b: Sylveon|Sylveon, L50, M|100/100
|-ability|p2a: Wyrdeer|Intimidate|boost
|-fail|p1a: Kangaskhan|unboost|Attack|[from] ability: Scrappy|[of] p1a: Kangaskhan
|-unboost|p1b: Archaludon|atk|1
|turn|1
|inactive|Advertisementish has 30 seconds left.
|inactive|lukashz has 30 seconds left.
|inactive|lukashz has 20 seconds left.
|inactive|lukashz has 15 seconds left.
|inactive|lukashz has 10 seconds left.
|
|t:|1783318908
|detailschange|p1a: Kangaskhan|Kangaskhan-Mega, L50, F
|-mega|p1a: Kangaskhan|Kangaskhan|Kangaskhanite
|move|p1a: Kangaskhan|Fake Out|p2a: Wyrdeer
|-crit|p2a: Wyrdeer
|-damage|p2a: Wyrdeer|60/100
|-damage|p2a: Wyrdeer|55/100
|-hitcount|p2a: Wyrdeer|2
|move|p1b: Archaludon|Flash Cannon|p2a: Wyrdeer
|-damage|p2a: Wyrdeer|26/100
|-enditem|p2a: Wyrdeer|Sitrus Berry|[eat]
|-heal|p2a: Wyrdeer|51/100|[from] item: Sitrus Berry
|move|p2b: Sylveon|Hyper Voice|p1a: Kangaskhan|[spread] p1a,p1b
|-damage|p1a: Kangaskhan|61/100
|-damage|p1b: Archaludon|54/100
|-ability|p1b: Archaludon|Stamina|boost
|-boost|p1b: Archaludon|def|1
|cant|p2a: Wyrdeer|flinch
|
|-heal|p1b: Archaludon|60/100|[from] item: Leftovers
|upkeep
|turn|2
|
|t:|1783318931
|move|p1b: Archaludon|Protect|p1b: Archaludon
|-singleturn|p1b: Archaludon|Protect
|move|p1a: Kangaskhan|Double-Edge|p2a: Wyrdeer
|-damage|p2a: Wyrdeer|0 fnt
|faint|p2a: Wyrdeer
|-damage|p1a: Kangaskhan|44/100|[from] Recoil
|move|p2b: Sylveon|Hyper Voice|p1b: Archaludon|[spread] p1a
|-activate|p1b: Archaludon|move: Protect
|-damage|p1a: Kangaskhan|3/100
|
|-heal|p1b: Archaludon|66/100|[from] item: Leftovers
|upkeep
|
|t:|1783318941
|switch|p2a: Chandelure|Chandelure, L50, M|100/100
|turn|3
|
|t:|1783318953
|move|p2b: Sylveon|Quick Attack|p1a: Kangaskhan
|-damage|p1a: Kangaskhan|0 fnt
|faint|p1a: Kangaskhan
|move|p1b: Archaludon|Flash Cannon|p2b: Sylveon
|-supereffective|p2b: Sylveon|1
|-damage|p2b: Sylveon|55/100
|move|p2a: Chandelure|Trick Room|p2a: Chandelure
|-fieldstart|move: Trick Room|[of] p2a: Chandelure
|
|-heal|p1b: Archaludon|72/100|[from] item: Leftovers
|upkeep
|
|t:|1783318956
|switch|p1a: Pelipper|Pelipper, L50, M|100/100
|-weather|RainDance|[from] ability: Drizzle|[of] p1a: Pelipper
|turn|4
|
|t:|1783318971
|move|p1b: Archaludon|Protect|p1b: Archaludon
|-singleturn|p1b: Archaludon|Protect
|move|p1a: Pelipper|Protect|p1a: Pelipper
|-singleturn|p1a: Pelipper|Protect
|move|p2b: Sylveon|Hyper Voice|p1b: Archaludon|[spread] 
|-activate|p1a: Pelipper|move: Protect
|-activate|p1b: Archaludon|move: Protect
|move|p2a: Chandelure|Shadow Ball|p1a: Pelipper
|-activate|p1a: Pelipper|move: Protect
|
|-weather|RainDance|[upkeep]
|-heal|p1b: Archaludon|78/100|[from] item: Leftovers
|upkeep
|turn|5
|
|t:|1783318984
|move|p2b: Sylveon|Hyper Beam|p1b: Archaludon|[miss]
|-miss|p2b: Sylveon|p1b: Archaludon
|move|p2a: Chandelure|Shadow Ball|p1a: Pelipper
|-damage|p1a: Pelipper|14/100
|-unboost|p1a: Pelipper|spd|1
|move|p1b: Archaludon|Electro Shot||[still]
|-prepare|p1b: Archaludon|Electro Shot
|-boost|p1b: Archaludon|spa|1
|-anim|p1b: Archaludon|Electro Shot|p2b: Sylveon
|-damage|p2b: Sylveon|16/100
|move|p1a: Pelipper|Weather Ball|p2a: Chandelure
|-supereffective|p2a: Chandelure|1
|-enditem|p2a: Chandelure|Focus Sash
|-damage|p2a: Chandelure|1/100
|
|-weather|RainDance|[upkeep]
|-heal|p1b: Archaludon|84/100|[from] item: Leftovers
|upkeep
|turn|6
|
|t:|1783318998
|switch|p2a: Kingambit|Kingambit, L50, M|100/100
|move|p1b: Archaludon|Protect|p1b: Archaludon
|-singleturn|p1b: Archaludon|Protect
|move|p1a: Pelipper|Protect|p1a: Pelipper
|-singleturn|p1a: Pelipper|Protect
|move|p2b: Sylveon|Hyper Beam|p1b: Archaludon
|-activate|p1b: Archaludon|move: Protect
|
|-weather|RainDance|[upkeep]
|-heal|p1b: Archaludon|90/100|[from] item: Leftovers
|upkeep
|turn|7
|
|t:|1783319017
|move|p1b: Archaludon|Protect||[still]
|-fail|p1b: Archaludon
|move|p2a: Kingambit|Kowtow Cleave|p1a: Pelipper
|-damage|p1a: Pelipper|0 fnt
|faint|p1a: Pelipper
|move|p2b: Sylveon|Hyper Beam|p1b: Archaludon
|-damage|p1b: Archaludon|0 fnt
|-mustrecharge|p2b: Sylveon
|faint|p1b: Archaludon
|
|-weather|RainDance|[upkeep]
|-fieldend|move: Trick Room
|upkeep
|
|t:|1783319020
|switch|p1b: Basculegion|Basculegion, L50, M|100/100
|turn|8
|
|t:|1783319033
|move|p2a: Kingambit|Protect|p2a: Kingambit
|-singleturn|p2a: Kingambit|Protect
|move|p1b: Basculegion|Aqua Jet|p2a: Kingambit
|-activate|p2a: Kingambit|move: Protect
|cant|p2b: Sylveon|recharge
|
|-weather|none
|upkeep
|turn|9
|-message|Advertisementish forfeited.
|
|win|lukashz
|raw|Advertisementish's rating: 1359 → 1336(-23 for losing)
|raw|lukashz's rating: 1314 → 1337(+23 for winning)
|l|☆Advertisementish
|player|p1|
