|j|☆rredl
|j|☆TsukiiVGC
|html|rredlTsukiiVGC    
|uhtml|bestof|Game 2 of a best-of-3
|t:|1757776198
|gametype|doubles
|player|p1|rredl|lucas|1160
|player|p2|TsukiiVGC|riley|1075
|gen|9
|tier|[Gen 9] VGC 2025 Reg H (Bo3)
|rated|
|rule|Species Clause: Limit one of each Pokémon
|rule|Item Clause: Limit 1 of each item
|clearpoke
|poke|p1|Volcarona, L50, F|
|poke|p1|Baxcalibur, L50, M|
|poke|p1|Dondozo, L50, F|
|poke|p1|Sneasler, L50, F|
|poke|p1|Ninetales-Alola, L50, M|
|poke|p1|Rillaboom, L50, M|
|poke|p2|Garchomp, L50, F|
|poke|p2|Gardevoir, L50, F|
|poke|p2|Talonflame, L50, F|
|poke|p2|Toxtricity, L50, M|
|poke|p2|Tsareena, L50, F|
|poke|p2|Basculegion, L50, M|
|teampreview|4
|showteam|p1|Volcarona||CovertCloak|FlameBody|FieryDance,RagePowder,WillOWisp,Protect|||F|||50|,,,,,Fairy]Baxcalibur||LoadedDice|ThermalExchange|ScaleShot,IcicleSpear,IceShard,Protect|||M|||50|,,,,,Fairy]Dondozo||Leftovers|Unaware|Liquidation,Fissure,Yawn,Protect|||F|||50|,,,,,Poison]Sneasler||FocusSash|Unburden|DireClaw,CloseCombat,Coaching,Protect|||F|||50|,,,,,Fighting]Ninetales-Alola||ChoiceScarf|SnowWarning|Blizzard,Moonblast,FreezeDry,IcyWind|||M|||50|,,,,,Ice]Rillaboom||AssaultVest|GrassySurge|WoodHammer,GrassyGlide,FakeOut,Uturn|||M|||50|,,,,,Fire
|showteam|p2|Garchomp||ClearAmulet|RoughSkin|Protect,Earthquake,DragonClaw,StompingTantrum|||F|||50|,,,,,Steel]Gardevoir||FocusSash|Telepathy|Protect,Psychic,TrickRoom,Imprison|||F|||50|,,,,,Ghost]Talonflame||SharpBeak|GaleWings|Protect,BraveBird,WillOWisp,Tailwind|||F|||50|,,,,,Ghost]Toxtricity||ChoiceSpecs|PunkRock|Overdrive,Boomburst,SludgeBomb,VoltSwitch|||M|||50|,,,,,Normal]Tsareena||WideLens|QueenlyMajesty|Protect,PowerWhip,TripleAxel,Taunt|||F|||50|,,,,,Ghost]Basculegion||ChoiceScarf|Adaptability|WaveCrash,LastRespects,FlipTurn,AquaJet|||M|||50|,,,,,Water
|inactive|Battle timer is ON: inactive players will automatically lose when time's up. (requested by rredl)
|
|t:|1757776214
|teamsize|p1|4
|teamsize|p2|4
|start
|switch|p1a: Volcarona|Volcarona, L50, F|100/100
|switch|p1b: Dondozo|Dondozo, L50, F|100/100
|switch|p2a: Garchomp|Garchomp, L50, F|100/100
|switch|p2b: Basculegion|Basculegion, L50, M|100/100
|turn|1
|inactive|TsukiiVGC has 30 seconds left.
|inactive|TsukiiVGC has 20 seconds left.
|
|t:|1757776252
|-terastallize|p2b: Basculegion|Water
|-terastallize|p1a: Volcarona|Fairy
|move|p2a: Garchomp|Protect|p2a: Garchomp
|-singleturn|p2a: Garchomp|Protect
|move|p2b: Basculegion|Wave Crash|p1a: Volcarona
|-damage|p1a: Volcarona|24/100
|-status|p2b: Basculegion|brn|[from] ability: Flame Body|[of] p1a: Volcarona
|-damage|p2b: Basculegion|76/100 brn|[from] Recoil
|move|p1a: Volcarona|Will-O-Wisp|p2a: Garchomp
|-activate|p2a: Garchomp|move: Protect
|move|p1b: Dondozo|Yawn||[still]
|-fail|p1b: Dondozo
|
|-damage|p2b: Basculegion|70/100 brn|[from] brn
|upkeep
|turn|2
|c|☆TsukiiVGC|wow
|inactive|TsukiiVGC has 30 seconds left.
|
|t:|1757776286
|switch|p2a: Toxtricity|Toxtricity, L50, M|100/100
|move|p1a: Volcarona|Protect|p1a: Volcarona
|-singleturn|p1a: Volcarona|Protect
|move|p2b: Basculegion|Wave Crash|p1b: Dondozo
|-resisted|p1b: Dondozo
|-damage|p1b: Dondozo|86/100
|-damage|p2b: Basculegion|64/100 brn|[from] Recoil
|move|p1b: Dondozo|Yawn|p2a: Toxtricity
|-start|p2a: Toxtricity|move: Yawn|[of] p1b: Dondozo
|
|-heal|p1b: Dondozo|92/100|[from] item: Leftovers
|-damage|p2b: Basculegion|57/100 brn|[from] brn
|upkeep
|turn|3
|
|t:|1757776294
|switch|p1a: Baxcalibur|Baxcalibur, L50, M|100/100
|move|p1b: Dondozo|Protect|p1b: Dondozo
|-singleturn|p1b: Dondozo|Protect
|move|p2b: Basculegion|Wave Crash|p1a: Baxcalibur
|-resisted|p1a: Baxcalibur
|-damage|p1a: Baxcalibur|76/100
|-damage|p2b: Basculegion|49/100 brn|[from] Recoil
|move|p2a: Toxtricity|Overdrive|p1b: Dondozo|[spread] p1a
|-activate|p1b: Dondozo|move: Protect
|-resisted|p1a: Baxcalibur
|-damage|p1a: Baxcalibur|48/100
|
|-heal|p1b: Dondozo|99/100|[from] item: Leftovers
|-damage|p2b: Basculegion|43/100 brn|[from] brn
|-end|p2a: Toxtricity|move: Yawn|[silent]
|-status|p2a: Toxtricity|slp
|upkeep
|turn|4
|
|t:|1757776317
|switch|p2a: Tsareena|Tsareena, L50, F|100/100
|move|p2b: Basculegion|Wave Crash|p1a: Baxcalibur
|-resisted|p1a: Baxcalibur
|-damage|p1a: Baxcalibur|27/100
|-damage|p2b: Basculegion|36/100 brn|[from] Recoil
|move|p1a: Baxcalibur|Scale Shot|p2a: Tsareena
|-damage|p2a: Tsareena|85/100
|-damage|p2a: Tsareena|69/100
|-damage|p2a: Tsareena|52/100
|-damage|p2a: Tsareena|35/100
|-hitcount|p2a: Tsareena|4
|-unboost|p1a: Baxcalibur|def|1
|-boost|p1a: Baxcalibur|spe|1
|move|p1b: Dondozo|Liquidation|p2b: Basculegion
|-resisted|p2b: Basculegion
|-damage|p2b: Basculegion|18/100 brn
|-unboost|p2b: Basculegion|def|1
|
|-heal|p1b: Dondozo|100/100|[from] item: Leftovers
|-damage|p2b: Basculegion|12/100 brn|[from] brn
|upkeep
|turn|5
|inactive|rredl has 30 seconds left.
|inactive|TsukiiVGC has 30 seconds left.
|inactive|rredl has 20 seconds left.
|inactive|rredl has 15 seconds left.
|inactive|rredl has 10 seconds left.
|
|t:|1757776364
|switch|p1b: Volcarona|Volcarona, L50, F, tera:Fairy|24/100
|move|p1a: Baxcalibur|Protect|p1a: Baxcalibur
|-singleturn|p1a: Baxcalibur|Protect
|move|p2b: Basculegion|Wave Crash|p1a: Baxcalibur
|-activate|p1a: Baxcalibur|move: Protect
|move|p2a: Tsareena|Taunt|p1b: Volcarona
|-start|p1b: Volcarona|move: Taunt
|
|-damage|p2b: Basculegion|6/100 brn|[from] brn
|upkeep
|turn|6
|inactive|rredl has 30 seconds left.
|inactive|TsukiiVGC has 30 seconds left.
|inactive|rredl has 20 seconds left.
|inactive|TsukiiVGC has 20 seconds left.
|inactive|rredl has 15 seconds left.
|inactive|rredl has 10 seconds left.
|
|t:|1757776413
|move|p2a: Tsareena|Protect|p2a: Tsareena
|-singleturn|p2a: Tsareena|Protect
|move|p1a: Baxcalibur|Icicle Spear|p2b: Basculegion
|-resisted|p2b: Basculegion
|-damage|p2b: Basculegion|0 fnt
|faint|p2b: Basculegion
|-hitcount|p2: Basculegion|1
|move|p1b: Volcarona|Fiery Dance|p2a: Tsareena
|-activate|p2a: Tsareena|move: Protect
|
|upkeep
|
|t:|1757776418
|switch|p2b: Garchomp|Garchomp, L50, F|100/100
|turn|7
|
|t:|1757776443
|move|p2b: Garchomp|Protect|p2b: Garchomp
|-singleturn|p2b: Garchomp|Protect
|move|p1a: Baxcalibur|Icicle Spear|p2b: Garchomp
|-activate|p2b: Garchomp|move: Protect
|move|p2a: Tsareena|Triple Axel|p1a: Baxcalibur
|-damage|p1a: Baxcalibur|16/100
|-damage|p1a: Baxcalibur|0 fnt
|faint|p1a: Baxcalibur
|-hitcount|p1: Baxcalibur|2
|move|p1b: Volcarona|Fiery Dance|p2a: Tsareena
|-supereffective|p2a: Tsareena
|-damage|p2a: Tsareena|0 fnt
|-boost|p1b: Volcarona|spa|1
|faint|p2a: Tsareena
|
|-end|p1b: Volcarona|move: Taunt
|upkeep
|
|t:|1757776455
|switch|p1a: Dondozo|Dondozo, L50, F|100/100
|switch|p2a: Toxtricity|Toxtricity, L50, M|100/100 slp
|turn|8
|
|t:|1757776475
|move|p2b: Garchomp|Protect|p2b: Garchomp
|-singleturn|p2b: Garchomp|Protect
|cant|p2a: Toxtricity|slp
|move|p1b: Volcarona|Fiery Dance|p2a: Toxtricity
|-damage|p2a: Toxtricity|17/100 slp
|-boost|p1b: Volcarona|spa|1
|move|p1a: Dondozo|Yawn|p2b: Garchomp
|-activate|p2b: Garchomp|move: Protect
|
|upkeep
|turn|9
|
|t:|1757776489
|move|p1a: Dondozo|Protect|p1a: Dondozo
|-singleturn|p1a: Dondozo|Protect
|move|p2b: Garchomp|Stomping Tantrum|p1b: Volcarona
|-damage|p1b: Volcarona|0 fnt
|faint|p1b: Volcarona
|cant|p2a: Toxtricity|slp
|
|upkeep
|
|t:|1757776496
|switch|p1b: Sneasler|Sneasler, L50, F|100/100
|turn|10
|inactive|TsukiiVGC has 30 seconds left.
|inactive|TsukiiVGC has 20 seconds left.
|inactive|TsukiiVGC has 15 seconds left.
|inactive|TsukiiVGC has 10 seconds left.
|inactive|TsukiiVGC has 5 seconds left.
|
|t:|1757776547
|move|p1b: Sneasler|Close Combat|p2a: Toxtricity
|-resisted|p2a: Toxtricity
|-damage|p2a: Toxtricity|0 fnt
|-unboost|p1b: Sneasler|def|1
|-unboost|p1b: Sneasler|spd|1
|faint|p2a: Toxtricity
|move|p2b: Garchomp|Stomping Tantrum|p1b: Sneasler
|-supereffective|p1b: Sneasler
|-enditem|p1b: Sneasler|Focus Sash
|-damage|p1b: Sneasler|1/100
|move|p1a: Dondozo|Yawn|p2b: Garchomp
|-start|p2b: Garchomp|move: Yawn|[of] p1a: Dondozo
|
|upkeep
|turn|11
|
|t:|1757776567
|move|p1b: Sneasler|Protect|p1b: Sneasler
|-singleturn|p1b: Sneasler|Protect
|move|p1a: Dondozo|Protect|p1a: Dondozo
|-singleturn|p1a: Dondozo|Protect
|move|p2b: Garchomp|Earthquake|p1a: Dondozo|[spread] 
|-activate|p1a: Dondozo|move: Protect
|-activate|p1b: Sneasler|move: Protect
|
|-end|p2b: Garchomp|move: Yawn|[silent]
|-status|p2b: Garchomp|slp
|upkeep
|turn|12
|c|☆TsukiiVGC|yk how bailed you are right?
|c|☆TsukiiVGC|2 straight burns
|
|t:|1757776589
|move|p1b: Sneasler|Coaching|p1a: Dondozo
|-boost|p1a: Dondozo|atk|1
|-boost|p1a: Dondozo|def|1
|cant|p2b: Garchomp|slp
|move|p1a: Dondozo|Liquidation|p2b: Garchomp
|-damage|p2b: Garchomp|59/100 slp
|-damage|p1a: Dondozo|88/100|[from] ability: Rough Skin|[of] p2b: Garchomp
|
|-heal|p1a: Dondozo|94/100|[from] item: Leftovers
|upkeep
|turn|13
|inactive|rredl has 30 seconds left.
|
|t:|1757776615
|move|p1b: Sneasler|Coaching|p1a: Dondozo
|-boost|p1a: Dondozo|atk|1
|-boost|p1a: Dondozo|def|1
|cant|p2b: Garchomp|slp
|move|p1a: Dondozo|Liquidation|p2b: Garchomp
|-damage|p2b: Garchomp|3/100 slp
|-damage|p1a: Dondozo|82/100|[from] ability: Rough Skin|[of] p2b: Garchomp
|
|-heal|p1a: Dondozo|88/100|[from] item: Leftovers
|upkeep
|turn|14
|inactive|rredl has 30 seconds left.
|
|t:|1757776642
|move|p1b: Sneasler|Protect|p1b: Sneasler
|-singleturn|p1b: Sneasler|Protect
|-curestatus|p2b: Garchomp|slp|[msg]
|move|p2b: Garchomp|Earthquake|p1a: Dondozo|[spread] p1a
|-activate|p1b: Sneasler|move: Protect
|-damage|p1a: Dondozo|75/100
|move|p1a: Dondozo|Liquidation|p2b: Garchomp
|-crit|p2b: Garchomp
|-damage|p2b: Garchomp|0 fnt
|-damage|p1a: Dondozo|63/100|[from] ability: Rough Skin|[of] p2b: Garchomp
|faint|p2b: Garchomp
|
|win|rredl
||TsukiiVGC is ready for game 3.
|inactive|rredl has 30 seconds to confirm battle start!
