|j|☆YAYOI23
|j|☆0oBRUNCHo0
|html|YAYOI230oBRUNCHo0    
|uhtml|bestof|Game 3 of a best-of-3
|t:|1785591858
|gametype|doubles
|player|p1|YAYOI23|mira|
|player|p2|0oBRUNCHo0|unknown|
|gen|9
|tier|[Gen 9 Champions] VGC 2026 Reg M-B (Bo3)
|rule|Species Clause: Limit one of each Pokémon
|rule|Item Clause: Limit 1 of each item
|clearpoke
|poke|p1|Blastoise, L50, M|
|poke|p1|Talonflame, L50, M|
|poke|p1|Sableye, L50, F|
|poke|p1|Vivillon, L50, M|
|poke|p1|Archaludon, L50, F|
|poke|p1|Sinistcha, L50|
|poke|p2|Kangaskhan, L50, F, shiny|
|poke|p2|Farigiraf, L50, F, shiny|
|poke|p2|Mawile, L50, F|
|poke|p2|Kingambit, L50, M|
|poke|p2|Basculegion, L50, M|
|poke|p2|Torkoal, L50, M|
|teampreview|4
|showteam|p1|Blastoise||Blastoisinite|Torrent|WaterSpout,Protect,ShellSmash,DarkPulse|Modest||M|||50|]Talonflame||SharpBeak|FlameBody|DualWingbeat,Tailwind,QuickGuard,BraveBird|Jolly||M|||50|]Sableye||RoseliBerry|Prankster|Encore,Disable,FakeOut,RainDance|Sassy||F|||50|]Vivillon||FocusSash|CompoundEyes|PollenPuff,SleepPowder,RagePowder,Protect|Timid||M|||50|]Archaludon||ChoiceScarf|Sturdy|AuraSphere,ElectroShot,DragonPulse,FlashCannon|Modest||F|||50|]Sinistcha||SitrusBerry|Hospitality|MatchaGotcha,RagePowder,TrickRoom,Imprison|Relaxed|||||50|
|showteam|p2|Kangaskhan||SilkScarf|Scrappy|FakeOut,LastResort|Brave||F|||50|]Farigiraf||SitrusBerry|ArmorTail|TrickRoom,Protect,Psychic,HelpingHand|Relaxed||F|||50|]Mawile||Mawilite|Intimidate|SuckerPunch,RockSlide,PlayRough,Protect|Brave||F|||50|]Kingambit||LifeOrb|Defiant|SwordsDance,SuckerPunch,Protect,KowtowCleave|Adamant||M|||50|]Basculegion||FocusSash|Adaptability|LastRespects,Protect,AquaJet,Liquidation|Adamant||M|||50|]Torkoal||Charcoal|Drought|Eruption,EarthPower,WeatherBall,Protect|Quiet||M|||50|
|j| Yei_Lai
|
|t:|1785591907
|teamsize|p1|4
|teamsize|p2|4
|start
|switch|p1a: Sinistcha|Sinistcha, L50|100/100
|switch|p1b: Vivillon|Vivillon, L50, M|100/100
|switch|p2a: Kangaskhan|Kangaskhan, L50, F, shiny|100/100
|switch|p2b: Kingambit|Kingambit, L50, M|100/100
|turn|1
|
|t:|1785591942
|move|p2a: Kangaskhan|Fake Out|p1b: Vivillon
|-damage|p1b: Vivillon|57/100
|cant|p1b: Vivillon|flinch
|move|p1a: Sinistcha|Matcha Gotcha|p2b: Kingambit|[spread] p2a
|-miss|p1a: Sinistcha|p2b: Kingambit
|-damage|p2a: Kangaskhan|75/100
|move|p2b: Kingambit|Kowtow Cleave|p1a: Sinistcha
|-supereffective|p1a: Sinistcha|1
|-damage|p1a: Sinistcha|0 fnt
|faint|p1a: Sinistcha
|-damage|p2b: Kingambit|90/100|[from] item: Life Orb
|
|upkeep
|
|t:|1785591955
|switch|p1a: Blastoise|Blastoise, L50, M|100/100
|turn|2
|
|t:|1785591983
|switch|p2a: Farigiraf|Farigiraf, L50, F, shiny|100/100
|detailschange|p1a: Blastoise|Blastoise-Mega, L50, M
|-mega|p1a: Blastoise|Blastoise|Blastoisinite
|move|p1b: Vivillon|Sleep Powder|p2b: Kingambit
|-status|p2b: Kingambit|slp|[from] move: Sleep Powder
|move|p1a: Blastoise|Shell Smash|p1a: Blastoise
|-unboost|p1a: Blastoise|def|1
|-unboost|p1a: Blastoise|spd|1
|-boost|p1a: Blastoise|atk|2
|-boost|p1a: Blastoise|spa|2
|-boost|p1a: Blastoise|spe|2
|cant|p2b: Kingambit|slp
|
|upkeep
|turn|3
|
|t:|1785592012
|move|p2a: Farigiraf|Protect|p2a: Farigiraf
|-singleturn|p2a: Farigiraf|Protect
|-curestatus|p2b: Kingambit|slp|[msg]
|move|p2b: Kingambit|Sucker Punch|p1a: Blastoise
|-damage|p1a: Blastoise|32/100
|-damage|p2b: Kingambit|80/100|[from] item: Life Orb
|move|p1a: Blastoise|Water Spout|p2a: Farigiraf|[spread] p2b
|-activate|p2a: Farigiraf|move: Protect
|-damage|p2b: Kingambit|36/100
|move|p1b: Vivillon|Sleep Powder|p2a: Farigiraf
|-activate|p2a: Farigiraf|move: Protect
|
|upkeep
|turn|4
|
|t:|1785592068
|move|p1b: Vivillon|Rage Powder|p1b: Vivillon
|-singleturn|p1b: Vivillon|move: Rage Powder
|move|p1a: Blastoise|Dark Pulse|p2a: Farigiraf
|-supereffective|p2a: Farigiraf|1
|-damage|p2a: Farigiraf|0 fnt
|faint|p2a: Farigiraf
|move|p2b: Kingambit|Kowtow Cleave|p1b: Vivillon
|-damage|p1b: Vivillon|0 fnt
|faint|p1b: Vivillon
|-damage|p2b: Kingambit|27/100|[from] item: Life Orb
|
|upkeep
|j| huanyu0.0
|
|t:|1785592078
|switch|p1b: Archaludon|Archaludon, L50, F|100/100
|switch|p2a: Kangaskhan|Kangaskhan, L50, F, shiny|75/100
|turn|5
|
|t:|1785592102
|move|p1a: Blastoise|Protect|p1a: Blastoise
|-singleturn|p1a: Blastoise|Protect
|move|p2a: Kangaskhan|Fake Out|p1a: Blastoise
|-activate|p1a: Blastoise|move: Protect
|move|p1b: Archaludon|Aura Sphere|p2b: Kingambit
|-supereffective|p2b: Kingambit|2
|-damage|p2b: Kingambit|0 fnt
|faint|p2b: Kingambit
|
|upkeep
|
|t:|1785592111
|switch|p2b: Mawile|Mawile, L50, F|100/100
|-ability|p2b: Mawile|Intimidate|boost
|-unboost|p1a: Blastoise|atk|1
|-unboost|p1b: Archaludon|atk|1
|turn|6
|
|t:|1785592124
|detailschange|p2b: Mawile|Mawile-Mega, L50, F
|-mega|p2b: Mawile|Mawile|Mawilite
|move|p2b: Mawile|Sucker Punch||[still]
|-fail|p2b: Mawile
|move|p1a: Blastoise|Shell Smash|p1a: Blastoise
|-unboost|p1a: Blastoise|def|1
|-unboost|p1a: Blastoise|spd|1
|-boost|p1a: Blastoise|atk|2
|-boost|p1a: Blastoise|spa|2
|-boost|p1a: Blastoise|spe|2
|move|p1b: Archaludon|Aura Sphere|p2a: Kangaskhan
|-supereffective|p2a: Kangaskhan|1
|-damage|p2a: Kangaskhan|20/100y
|move|p2a: Kangaskhan|Last Resort|p1b: Archaludon
|-resisted|p1b: Archaludon|1
|-damage|p1b: Archaludon|68/100
|
|upkeep
|turn|7
|
|t:|1785592154
|move|p1a: Blastoise|Protect|p1a: Blastoise
|-singleturn|p1a: Blastoise|Protect
|move|p2b: Mawile|Sucker Punch||[still]
|-fail|p2b: Mawile
|move|p1b: Archaludon|Aura Sphere|p2a: Kangaskhan
|-supereffective|p2a: Kangaskhan|1
|-damage|p2a: Kangaskhan|0 fnt
|faint|p2a: Kangaskhan
|
|upkeep
|turn|8
|
|t:|1785592175
|move|p2b: Mawile|Sucker Punch||[still]
|-fail|p2b: Mawile
|move|p1a: Blastoise|Shell Smash|p1a: Blastoise
|-unboost|p1a: Blastoise|def|1
|-unboost|p1a: Blastoise|spd|1
|-boost|p1a: Blastoise|atk|2
|-boost|p1a: Blastoise|spa|2
|-boost|p1a: Blastoise|spe|2
|move|p1b: Archaludon|Aura Sphere|p2b: Mawile
|-damage|p2b: Mawile|66/100
|
|upkeep
|turn|9
|
|t:|1785592187
|move|p1a: Blastoise|Protect|p1a: Blastoise
|-singleturn|p1a: Blastoise|Protect
|move|p2b: Mawile|Sucker Punch||[still]
|-fail|p2b: Mawile
|move|p1b: Archaludon|Aura Sphere|p2b: Mawile
|-damage|p2b: Mawile|33/100
|
|upkeep
|turn|10
|
|t:|1785592207
|move|p1a: Blastoise|Protect|p1a: Blastoise
|-singleturn|p1a: Blastoise|Protect
|move|p1b: Archaludon|Aura Sphere|p2b: Mawile
|-damage|p2b: Mawile|0 fnt
|faint|p2b: Mawile
|
|win|YAYOI23
