|j|☆jafetjflores1
|j|☆Ryan0771
|html|jafetjflores1Ryan0771    
|uhtml|bestof|Game 2 of a best-of-3
|t:|1782261722
|gametype|doubles
|player|p1|jafetjflores1|266|1034
|player|p2|Ryan0771|170|1087
|gen|9
|tier|[Gen 9 Champions] VGC 2026 Reg M-B (Bo3)
|rated|
|rule|Species Clause: Limit one of each Pokémon
|rule|Item Clause: Limit 1 of each item
|clearpoke
|poke|p1|Raichu, L50, M, shiny|
|poke|p1|Heliolisk, L50, F|
|poke|p1|Torkoal, L50, M|
|poke|p1|Sinistcha-Masterpiece, L50|
|poke|p1|Basculegion, L50, M|
|poke|p1|Tsareena, L50, F|
|poke|p2|Metagross, L50|
|poke|p2|Garchomp, L50, F|
|poke|p2|Incineroar, L50, F|
|poke|p2|Grimmsnarl, L50, M|
|poke|p2|Whimsicott, L50, F|
|poke|p2|Rotom-Wash, L50|
|teampreview|4
|showteam|p1|Raichu||RaichuniteX|Static|FakeOut,VoltSwitch,VoltTackle,Protect|Jolly||M|||50|]Heliolisk||LifeOrb|SolarPower|RisingVoltage,HyperVoice,VoltSwitch,Protect|Timid||F|||50|]Torkoal||HeatRock|Drought|Protect,WeatherBall,HelpingHand,Yawn|Bold||M|||50|]Sinistcha-Masterpiece||KasibBerry|Hospitality|RagePowder,MatchaGotcha,LifeDew,TrickRoom|Calm|||||50|]Basculegion||ChoiceScarf|Adaptability|FlipTurn,WaveCrash,LastRespects,AquaJet|Jolly||M|||50|]Tsareena||SitrusBerry|QueenlyMajesty|TropKick,LowKick,HelpingHand,Protect|Careful||F|||50|
|showteam|p2|Metagross||Metagrossite|ClearBody|IronHead,Protect,PsychicFangs,RockTomb|Jolly|||||50|]Garchomp||LifeOrb|SandVeil|DragonClaw,Earthquake,RockSlide,Protect|Jolly||F|||50|]Incineroar||ShucaBerry|Intimidate|FlareBlitz,PartingShot,ThroatChop,FakeOut|Impish||F|||50|]Grimmsnarl||LightClay|Prankster|LightScreen,Reflect,PartingShot,SpiritBreak|Careful||M|||50|]Whimsicott||FocusSash|Prankster|Moonblast,Tailwind,Protect,Encore|Timid||F|||50|]Rotom-Wash||SitrusBerry|Levitate|HydroPump,WillOWisp,Thunderbolt,Protect|Bold|||||50|
|inactive|Battle timer is ON: inactive players will automatically lose when time's up. (requested by jafetjflores1)
|inactive|jafetjflores1 has 60 seconds left.
|
|t:|1782261781
|teamsize|p1|4
|teamsize|p2|4
|start
|switch|p1a: Tsareena|Tsareena, L50, F|100/100
|switch|p1b: Sinistcha|Sinistcha-Masterpiece, L50|100/100
|switch|p2a: Grimmsnarl|Grimmsnarl, L50, M|100/100
|switch|p2b: Metagross|Metagross, L50|100/100
|turn|1
|inactive|jafetjflores1 has 30 seconds left.
|inactive|Ryan0771 has 30 seconds left.
|inactive|jafetjflores1 has 20 seconds left.
|inactive|jafetjflores1 has 15 seconds left.
|inactive|Ryan0771 has 20 seconds left.
|
|t:|1782261823
|detailschange|p2b: Metagross|Metagross-Mega, L50
|-mega|p2b: Metagross|Metagross|Metagrossite
|move|p2a: Grimmsnarl|Reflect|p2a: Grimmsnarl
|-sidestart|p2: Ryan0771|Reflect
|move|p2b: Metagross|Psychic Fangs|p1b: Sinistcha
|-damage|p1b: Sinistcha|38/100
|move|p1a: Tsareena|Low Kick|p2b: Metagross
|-damage|p2b: Metagross|83/100
|move|p1b: Sinistcha|Trick Room|p1b: Sinistcha
|-fieldstart|move: Trick Room|[of] p1b: Sinistcha
|
|upkeep
|turn|2
|inactive|jafetjflores1 has 30 seconds left.
|inactive|Ryan0771 has 30 seconds left.
|
|t:|1782261852
|move|p2b: Metagross|Protect|p2b: Metagross
|-singleturn|p2b: Metagross|Protect
|move|p2a: Grimmsnarl|Spirit Break|p1b: Sinistcha
|-damage|p1b: Sinistcha|10/100
|-unboost|p1b: Sinistcha|spa|1
|move|p1b: Sinistcha|Matcha Gotcha|p2b: Metagross|[spread] p2a
|-activate|p2b: Metagross|move: Protect
|-damage|p2a: Grimmsnarl|84/100
|-heal|p1b: Sinistcha|19/100|[from] drain|[of] p2a: Grimmsnarl
|-status|p2a: Grimmsnarl|brn
|move|p1a: Tsareena|Trop Kick|p2b: Metagross
|-activate|p2b: Metagross|move: Protect
|
|-damage|p2a: Grimmsnarl|78/100 brn|[from] brn
|upkeep
|turn|3
|inactive|Ryan0771 has 30 seconds left.
|inactive|Ryan0771 has 20 seconds left.
|inactive|Ryan0771 has 15 seconds left.
|
|t:|1782261894
|switch|p2b: Rotom|Rotom-Wash, L50|100/100
|move|p2a: Grimmsnarl|Spirit Break|p1b: Sinistcha
|-damage|p1b: Sinistcha|6/100
|-unboost|p1b: Sinistcha|spa|1
|move|p1b: Sinistcha|Matcha Gotcha|p2a: Grimmsnarl|[spread] p2a,p2b
|-supereffective|p2b: Rotom|1
|-damage|p2a: Grimmsnarl|69/100 brn
|-heal|p1b: Sinistcha|11/100|[from] drain|[of] p2a: Grimmsnarl
|-damage|p2b: Rotom|71/100
|-heal|p1b: Sinistcha|24/100|[from] drain|[of] p2b: Rotom
|move|p1a: Tsareena|Trop Kick|p2b: Rotom
|-supereffective|p2b: Rotom|1
|-damage|p2b: Rotom|30/100
|-unboost|p2b: Rotom|atk|1
|-enditem|p2b: Rotom|Sitrus Berry|[eat]
|-heal|p2b: Rotom|55/100|[from] item: Sitrus Berry
|
|-damage|p2a: Grimmsnarl|63/100 brn|[from] brn
|upkeep
|turn|4
|inactive|jafetjflores1 has 30 seconds left.
|inactive|Ryan0771 has 30 seconds left.
|inactive|Ryan0771 has 20 seconds left.
|inactive|Ryan0771 has 15 seconds left.
|inactive|Ryan0771 has 10 seconds left.
|
|t:|1782261940
|move|p2a: Grimmsnarl|Parting Shot||[still]
|cant|p1a: Tsareena|ability: Queenly Majesty|Parting Shot|[of] p2a: Grimmsnarl
|move|p1b: Sinistcha|Matcha Gotcha|p2a: Grimmsnarl|[spread] p2a,p2b
|-supereffective|p2b: Rotom|1
|-damage|p2a: Grimmsnarl|52/100 brn
|-heal|p1b: Sinistcha|30/100|[from] drain|[of] p2a: Grimmsnarl
|-damage|p2b: Rotom|24/100
|-heal|p1b: Sinistcha|43/100|[from] drain|[of] p2b: Rotom
|move|p1a: Tsareena|Trop Kick|p2b: Rotom
|-supereffective|p2b: Rotom|1
|-damage|p2b: Rotom|0 fnt
|faint|p2b: Rotom
|
|-damage|p2a: Grimmsnarl|47/100 brn|[from] brn
|upkeep
|
|t:|1782261960
|switch|p2b: Metagross|Metagross-Mega, L50|83/100
|turn|5
|
|t:|1782261981
|move|p2b: Metagross|Protect|p2b: Metagross
|-singleturn|p2b: Metagross|Protect
|move|p2a: Grimmsnarl|Light Screen|p2a: Grimmsnarl
|-sidestart|p2: Ryan0771|move: Light Screen
|move|p1b: Sinistcha|Matcha Gotcha|p2b: Metagross|[spread] p2a
|-activate|p2b: Metagross|move: Protect
|-damage|p2a: Grimmsnarl|39/100 brn
|-heal|p1b: Sinistcha|48/100|[from] drain|[of] p2a: Grimmsnarl
|move|p1a: Tsareena|Trop Kick|p2a: Grimmsnarl
|-damage|p2a: Grimmsnarl|16/100 brn
|-unboost|p2a: Grimmsnarl|atk|1
|
|-damage|p2a: Grimmsnarl|10/100 brn|[from] brn
|-fieldend|move: Trick Room
|upkeep
|turn|6
|
|t:|1782262006
|move|p2a: Grimmsnarl|Light Screen||[still]
|-fail|p2a: Grimmsnarl
|move|p2b: Metagross|Psychic Fangs|p1b: Sinistcha
|-damage|p1b: Sinistcha|0 fnt
|faint|p1b: Sinistcha
|move|p1a: Tsareena|Trop Kick|p2b: Metagross
|-resisted|p2b: Metagross|1
|-damage|p2b: Metagross|73/100
|-unboost|p2b: Metagross|atk|1
|
|-damage|p2a: Grimmsnarl|4/100 brn|[from] brn
|upkeep
|
|t:|1782262021
|switch|p1b: Basculegion|Basculegion, L50, M|100/100
|turn|7
|
|t:|1782262034
|move|p2b: Metagross|Protect|p2b: Metagross
|-singleturn|p2b: Metagross|Protect
|move|p2a: Grimmsnarl|Parting Shot||[still]
|cant|p1a: Tsareena|ability: Queenly Majesty|Parting Shot|[of] p2a: Grimmsnarl
|move|p1b: Basculegion|Flip Turn|p2a: Grimmsnarl
|-damage|p2a: Grimmsnarl|0 fnt
|faint|p2a: Grimmsnarl
|
|t:|1782262041
|switch|p1b: Raichu|Raichu, L50, M, shiny|100/100|[from] Flip Turn
|move|p1a: Tsareena|Trop Kick|p2b: Metagross
|-activate|p2b: Metagross|move: Protect
|
|upkeep
|
|t:|1782262043
|switch|p2a: Garchomp|Garchomp, L50, F|100/100
|turn|8
|inactive|jafetjflores1 has 30 seconds left.
|inactive|Ryan0771 has 30 seconds left.
|
|t:|1782262072
|detailschange|p1b: Raichu|Raichu-Mega-X, L50, M, shiny
|-mega|p1b: Raichu|Raichu|Raichunite X
|-fieldstart|move: Electric Terrain|[from] ability: Electric Surge|[of] p1b: Raichu
|move|p1b: Raichu|Volt Tackle|p2b: Metagross
|-damage|p2b: Metagross|29/100
|-damage|p1b: Raichu|83/100|[from] Recoil
|move|p2b: Metagross|Psychic Fangs|p1a: Tsareena
|-damage|p1a: Tsareena|63/100
|move|p2a: Garchomp|Rock Slide|p1a: Tsareena|[spread] p1a,p1b
|-damage|p1a: Tsareena|37/100
|-damage|p1b: Raichu|47/100
|-enditem|p1a: Tsareena|Sitrus Berry|[eat]
|-heal|p1a: Tsareena|62/100|[from] item: Sitrus Berry
|-damage|p2a: Garchomp|90/100|[from] item: Life Orb
|move|p1a: Tsareena|Trop Kick|p2b: Metagross
|-resisted|p2b: Metagross|1
|-crit|p2b: Metagross
|-damage|p2b: Metagross|9/100
|-unboost|p2b: Metagross|atk|1
|
|-sideend|p2: Ryan0771|Reflect
|upkeep
|turn|9
|
|t:|1782262095
|move|p1b: Raichu|Protect|p1b: Raichu
|-singleturn|p1b: Raichu|Protect
|move|p2b: Metagross|Protect|p2b: Metagross
|-singleturn|p2b: Metagross|Protect
|move|p2a: Garchomp|Earthquake|p1a: Tsareena|[spread] p1a
|-activate|p2b: Metagross|move: Protect
|-activate|p1b: Raichu|move: Protect
|-resisted|p1a: Tsareena|1
|-damage|p1a: Tsareena|38/100
|-damage|p2a: Garchomp|80/100|[from] item: Life Orb
|move|p1a: Tsareena|Trop Kick|p2a: Garchomp
|-damage|p2a: Garchomp|47/100
|-unboost|p2a: Garchomp|atk|1
|
|upkeep
|turn|10
|
|t:|1782262120
|move|p1a: Tsareena|Protect|p1a: Tsareena
|-singleturn|p1a: Tsareena|Protect
|move|p1b: Raichu|Volt Tackle|p2b: Metagross
|-damage|p2b: Metagross|0 fnt
|faint|p2b: Metagross
|-damage|p1b: Raichu|43/100|[from] Recoil
|move|p2a: Garchomp|Earthquake|p1a: Tsareena|[spread] p1b
|-activate|p1a: Tsareena|move: Protect
|-supereffective|p1b: Raichu|1
|-damage|p1b: Raichu|0 fnt
|faint|p1b: Raichu
|-damage|p2a: Garchomp|37/100|[from] item: Life Orb
|
|upkeep
|
|t:|1782262129
|switch|p1b: Basculegion|Basculegion, L50, M|100/100
|turn|11
|
|t:|1782262139
|move|p1b: Basculegion|Wave Crash|p2a: Garchomp
|-crit|p2a: Garchomp
|-damage|p2a: Garchomp|0 fnt
|faint|p2a: Garchomp
|-damage|p1b: Basculegion|88/100|[from] Recoil
|
|win|jafetjflores1
||jafetjflores1 is ready for game 3.
||Ryan0771 is ready for game 3.
|uhtml|next|Next: Game 3 of 3
