|j|☆Snowball_seer
|j|☆reginalda2nd
|html|Snowball_seerreginalda2nd    
|uhtml|bestof|Game 2 of a best-of-3
|t:|1784376495
|gametype|doubles
|player|p1|Snowball_seer|allister-masters|
|player|p2|reginalda2nd|drayden|
|gen|9
|tier|[Gen 9 Champions] VGC 2026 Reg M-B (Bo3)
|rule|Species Clause: Limit one of each Pokémon
|rule|Item Clause: Limit 1 of each item
|clearpoke
|poke|p1|Kommo-o, L50, F|
|poke|p1|Tinkaton, L50, F|
|poke|p1|Froslass, L50, F, shiny|
|poke|p1|Dragonite, L50, F|
|poke|p1|Raichu-Alola, L50, M|
|poke|p1|Clefable, L50, F|
|poke|p2|Charizard, L50, F|
|poke|p2|Farigiraf, L50, M|
|poke|p2|Aerodactyl, L50, F|
|poke|p2|Venusaur, L50, F|
|poke|p2|Sneasler, L50, F|
|poke|p2|Samurott-Hisui, L50, F|
|teampreview|4
|showteam|p1|Kommo-o||Leftovers|Overcoat|Protect,ClangingScales,AuraSphere,ClangorousSoul|Modest||F|||50|]Tinkaton||OccaBerry|MoldBreaker|GigatonHammer,HelpingHand,Feint,FakeOut|Adamant||F|||50|]Froslass||Froslassite|SnowCloak|Protect,Blizzard,ShadowBall,AuroraVeil|Modest||F|||50|]Dragonite||LifeOrb|InnerFocus|Protect,DragonClaw,ExtremeSpeed,Tailwind|Adamant||F|||50|]Raichu-Alola||FocusSash|SurgeSurfer|FakeOut,Electroweb,VoltSwitch,Protect|Timid||M|||50|]Clefable||Clefablite|CuteCharm|Protect,Moonblast,LifeDew,FollowMe|Relaxed||F|||50|
|showteam|p2|Charizard||CharizarditeY|SolarPower|HeatWave,AirSlash,Protect,WillOWisp|Modest||F|||50|]Farigiraf||SitrusBerry|ArmorTail|HyperVoice,HelpingHand,Psychic,BatonPass|Quiet||M|||50|]Aerodactyl||FocusSash|RockHead|Tailwind,RockSlide,Taunt,DualWingbeat|Jolly||F|||50|]Venusaur||Leftovers|Chlorophyll|SludgeBomb,EarthPower,WeatherBall,SleepPowder|Modest||F|||50|]Sneasler||LifeOrb|PoisonTouch|RockSlide,FakeOut,Protect,DireClaw|Jolly||F|||50|]Samurott-Hisui||MysticWater|Sharpness|SacredSword,SuckerPunch,Protect,AquaCutter|Adamant||F|||50|
|inactive|Battle timer is ON: inactive players will automatically lose when time's up. (requested by Snowball_seer)
|inactive|Snowball_seer has 60 seconds left.
|
|t:|1784376535
|teamsize|p1|4
|teamsize|p2|4
|start
|switch|p1a: Dragonite|Dragonite, L50, F|100/100
|switch|p1b: Tinkaton|Tinkaton, L50, F|100/100
|switch|p2a: Charizard|Charizard, L50, F|100/100
|switch|p2b: Aerodactyl|Aerodactyl, L50, F|100/100
|-ability|p1b: Tinkaton|Mold Breaker
|turn|1
|inactive|reginalda2nd has 30 seconds left.
|inactive|reginalda2nd has 20 seconds left.
|inactive|reginalda2nd has 15 seconds left.
|inactive|reginalda2nd has 10 seconds left.
|
|t:|1784376583
|detailschange|p2a: Charizard|Charizard-Mega-Y, L50, F
|-mega|p2a: Charizard|Charizard|Charizardite Y
|-weather|SunnyDay|[from] ability: Drought|[of] p2a: Charizard
|move|p1b: Tinkaton|Fake Out|p2b: Aerodactyl
|-resisted|p2b: Aerodactyl|1
|-damage|p2b: Aerodactyl|91/100
|cant|p2b: Aerodactyl|flinch
|move|p2a: Charizard|Heat Wave|p1a: Dragonite|[spread] p1a,p1b
|-resisted|p1a: Dragonite|1
|-supereffective|p1b: Tinkaton|1
|-enditem|p1b: Tinkaton|Occa Berry|[eat]
|-enditem|p1b: Tinkaton|Occa Berry|[weaken]
|-damage|p1a: Dragonite|68/100
|-damage|p1b: Tinkaton|37/100
|move|p1a: Dragonite|Tailwind|p1a: Dragonite
|-sidestart|p1: Snowball_seer|move: Tailwind
|
|-weather|SunnyDay|[upkeep]
|upkeep
|turn|2
|inactive|reginalda2nd has 30 seconds left.
|
|t:|1784376611
|move|p1b: Tinkaton|Gigaton Hammer|p2b: Aerodactyl
|-supereffective|p2b: Aerodactyl|1
|-damage|p2b: Aerodactyl|0 fnt
|faint|p2b: Aerodactyl
|move|p1a: Dragonite|Dragon Claw|p2a: Charizard
|-crit|p2a: Charizard
|-damage|p2a: Charizard|0 fnt
|faint|p2a: Charizard
|-damage|p1a: Dragonite|59/100|[from] item: Life Orb
|
|-weather|SunnyDay|[upkeep]
|upkeep
|
|t:|1784376622
|switch|p2b: Sneasler|Sneasler, L50, F|100/100
|switch|p2a: Venusaur|Venusaur, L50, F|100/100
|turn|3
|inactive|Snowball_seer has 30 seconds left.
|
|t:|1784376648
|switch|p1b: Clefable|Clefable, L50, F|100/100
|move|p1a: Dragonite|Protect|p1a: Dragonite
|-singleturn|p1a: Dragonite|Protect
|move|p2a: Venusaur|Earth Power|p1b: Clefable
|-damage|p1b: Clefable|73/100
|move|p2b: Sneasler|Rock Slide|p1b: Clefable|[spread] p1b
|-activate|p1a: Dragonite|move: Protect
|-damage|p1b: Clefable|49/100
|-damage|p2b: Sneasler|90/100|[from] item: Life Orb
|
|-weather|SunnyDay|[upkeep]
|upkeep
|turn|4
|
|t:|1784376673
|detailschange|p1b: Clefable|Clefable-Mega, L50, F
|-mega|p1b: Clefable|Clefable|Clefablite
|move|p1b: Clefable|Follow Me|p1b: Clefable
|-singleturn|p1b: Clefable|move: Follow Me
|move|p1a: Dragonite|Dragon Claw|p2a: Venusaur
|-damage|p2a: Venusaur|36/100
|-damage|p1a: Dragonite|49/100|[from] item: Life Orb
|move|p2a: Venusaur|Weather Ball|p1b: Clefable
|-crit|p1b: Clefable
|-damage|p1b: Clefable|1/100
|move|p2b: Sneasler|Rock Slide|p1a: Dragonite|[spread] p1a
|-miss|p2b: Sneasler|p1b: Clefable
|-supereffective|p1a: Dragonite|1
|-damage|p1a: Dragonite|5/100
|-damage|p2b: Sneasler|80/100|[from] item: Life Orb
|
|-weather|SunnyDay|[upkeep]
|-heal|p2a: Venusaur|42/100|[from] item: Leftovers
|-sideend|p1: Snowball_seer|move: Tailwind
|upkeep
|turn|5
|inactive|reginalda2nd has 30 seconds left.
|inactive|Snowball_seer has 30 seconds left.
|inactive|reginalda2nd has 20 seconds left.
|inactive|Snowball_seer has 20 seconds left.
|inactive|Snowball_seer has 15 seconds left.
|
|t:|1784376723
|move|p1a: Dragonite|Extreme Speed|p2b: Sneasler
|-damage|p2b: Sneasler|6/100
|-damage|p1a: Dragonite|0 fnt|[from] item: Life Orb
|faint|p1a: Dragonite
|move|p1b: Clefable|Follow Me|p1b: Clefable
|-singleturn|p1b: Clefable|move: Follow Me
|move|p2a: Venusaur|Sludge Bomb|p1b: Clefable
|-supereffective|p1b: Clefable|1
|-damage|p1b: Clefable|0 fnt
|faint|p1b: Clefable
|move|p2b: Sneasler|Dire Claw|p1: Dragonite|[notarget]
|-fail|p2b: Sneasler
|
|-weather|none
|-heal|p2a: Venusaur|48/100|[from] item: Leftovers
|upkeep
|
|t:|1784376728
|switch|p1a: Kommo-o|Kommo-o, L50, F|100/100
|switch|p1b: Tinkaton|Tinkaton, L50, F|37/100
|-ability|p1b: Tinkaton|Mold Breaker
|turn|6
|inactive|reginalda2nd has 30 seconds left.
|inactive|reginalda2nd has 20 seconds left.
|inactive|reginalda2nd has 15 seconds left.
|
|t:|1784376768
|move|p2b: Sneasler|Protect|p2b: Sneasler
|-singleturn|p2b: Sneasler|Protect
|move|p1b: Tinkaton|Fake Out|p2b: Sneasler
|-activate|p2b: Sneasler|move: Protect
|move|p1a: Kommo-o|Clangorous Soul|p1a: Kommo-o
|-boost|p1a: Kommo-o|atk|1
|-boost|p1a: Kommo-o|def|1
|-boost|p1a: Kommo-o|spa|1
|-boost|p1a: Kommo-o|spd|1
|-boost|p1a: Kommo-o|spe|1
|-damage|p1a: Kommo-o|67/100
|move|p2a: Venusaur|Sludge Bomb|p1a: Kommo-o
|-damage|p1a: Kommo-o|33/100
|-status|p1a: Kommo-o|psn
|
|-heal|p1a: Kommo-o|39/100 psn|[from] item: Leftovers
|-heal|p2a: Venusaur|54/100|[from] item: Leftovers
|-damage|p1a: Kommo-o|27/100 psn|[from] psn
|upkeep
|turn|7
|inactive|reginalda2nd has 30 seconds left.
|inactive|Snowball_seer has 30 seconds left.
|
|t:|1784376800
|move|p1a: Kommo-o|Clanging Scales|p2a: Venusaur|[spread] p2a,p2b
|-damage|p2a: Venusaur|1/100
|-damage|p2b: Sneasler|0 fnt
|faint|p2b: Sneasler
|-unboost|p1a: Kommo-o|def|1
|move|p1b: Tinkaton|Gigaton Hammer|p2a: Venusaur
|-damage|p2a: Venusaur|0 fnt
|faint|p2a: Venusaur
|
|win|Snowball_seer
||Snowball_seer is ready for game 3.
||reginalda2nd is ready for game 3.
|uhtml|next|Next: Game 3 of 3
|l|☆Snowball_seer
|player|p1|
