|j|☆ground tera
|j|☆Thinking Charizard
|html|ground teraThinking Charizard    
|uhtml|bestof|Game 1 of a best-of-3
|t:|1785959732
|gametype|doubles
|player|p1|ground tera|1|1358
|player|p2|Thinking Charizard|colress|1263
|gen|9
|tier|[Gen 9 Champions] VGC 2026 Reg M-B (Bo3)
|rated|
|rule|Species Clause: Limit one of each Pokémon
|rule|Item Clause: Limit 1 of each item
|clearpoke
|poke|p1|Raichu, L50, M|
|poke|p1|Charizard, L50, F|
|poke|p1|Sinistcha, L50|
|poke|p1|Sylveon, L50, M|
|poke|p1|Incineroar, L50, M|
|poke|p1|Garchomp, L50, M|
|poke|p2|Tyranitar, L50, F|
|poke|p2|Ninetales-Alola, L50, M|
|poke|p2|Sinistcha, L50|
|poke|p2|Corviknight, L50, M|
|poke|p2|Sneasler, L50, M|
|poke|p2|Whimsicott, L50, M|
|teampreview|4
|showteam|p1|Raichu||RaichuniteX|LightningRod|FakeOut,RisingVoltage,VoltSwitch,Encore|Timid||M|||50|]Charizard||CharizarditeY|SolarPower|Protect,WeatherBall,HeatWave,SolarBeam|Modest||F|||50|]Sinistcha||ColburBerry|Hospitality|Protect,MatchaGotcha,RagePowder,TrickRoom|Bold|||||50|]Sylveon||Leftovers|Pixilate|Protect,HyperVoice,Moonblast,CalmMind|Bold||M|||50|]Incineroar||SitrusBerry|Intimidate|FakeOut,PartingShot,FlareBlitz,ThroatChop|Impish||M|||50|]Garchomp||ChoiceScarf|RoughSkin|DragonClaw,RockSlide,StompingTantrum,Earthquake|Adamant||M|||50|
|showteam|p2|Tyranitar||Tyranitarite|SandStream|RockSlide,KnockOff,LowKick,Protect|Adamant||F|||50|]Ninetales-Alola||NeverMeltIce|SnowWarning|Blizzard,FreezeDry,Moonblast,Protect|Timid||M|||50|]Sinistcha||ColburBerry|Hospitality|RagePowder,MatchaGotcha,TrickRoom,LifeDew|Calm|||||50|]Corviknight||Leftovers|MirrorArmor|IronHead,BraveBird,BulkUp,Protect|Adamant||M|||50|]Sneasler||WhiteHerb|Unburden|FakeOut,CloseCombat,DireClaw,Coaching|Adamant||M|||50|]Whimsicott||FocusSash|Prankster|Tailwind,Moonblast,Encore,Protect|Timid||M|||50|
|inactive|Battle timer is ON: inactive players will automatically lose when time's up. (requested by ground tera)
|inactive|Thinking Charizard has 60 seconds left.
|inactive|ground tera has 60 seconds left.
|
|t:|1785959788
|teamsize|p1|4
|teamsize|p2|4
|start
|switch|p1a: Charizard|Charizard, L50, F|100/100
|switch|p1b: Garchomp|Garchomp, L50, M|100/100
|switch|p2a: Tyranitar|Tyranitar, L50, F|100/100
|switch|p2b: Sneasler|Sneasler, L50, M|100/100
|-weather|Sandstorm|[from] ability: Sand Stream|[of] p2a: Tyranitar
|turn|1
|inactive|Thinking Charizard has 30 seconds left.
|inactive|Thinking Charizard has 20 seconds left.
|inactive|ground tera has 30 seconds left.
|inactive|Thinking Charizard has 15 seconds left.
|
|t:|1785959832
|move|p1a: Charizard|Protect|p1a: Charizard
|-singleturn|p1a: Charizard|Protect
|move|p2b: Sneasler|Fake Out|p1b: Garchomp
|-damage|p1b: Garchomp|84/100
|-damage|p2b: Sneasler|87/100|[from] ability: Rough Skin|[of] p1b: Garchomp
|cant|p1b: Garchomp|flinch
|move|p2a: Tyranitar|Rock Slide|p1a: Charizard|[spread] p1b
|-activate|p1a: Charizard|move: Protect
|-resisted|p1b: Garchomp|1
|-damage|p1b: Garchomp|67/100
|
|-weather|Sandstorm|[upkeep]
|-damage|p2b: Sneasler|82/100|[from] Sandstorm
|-damage|p1a: Charizard|94/100|[from] Sandstorm
|upkeep
|turn|2
|inactive|Thinking Charizard has 30 seconds left.
|inactive|Thinking Charizard has 20 seconds left.
|
|t:|1785959872
|switch|p1a: Sinistcha|Sinistcha, L50|100/100
|-heal|p1b: Garchomp|92/100|[from] ability: Hospitality|[of] p1a: Sinistcha
|detailschange|p2a: Tyranitar|Tyranitar-Mega, L50, F
|-mega|p2a: Tyranitar|Tyranitar|Tyranitarite
|move|p1b: Garchomp|Earthquake|p2b: Sneasler|[spread] p1a,p2a,p2b
|-resisted|p1a: Sinistcha|1
|-crit|p1a: Sinistcha
|-supereffective|p2a: Tyranitar|1
|-supereffective|p2b: Sneasler|1
|-damage|p1a: Sinistcha|72/100
|-damage|p2a: Tyranitar|46/100
|-damage|p2b: Sneasler|0 fnt
|faint|p2b: Sneasler
|move|p2a: Tyranitar|Rock Slide|p1b: Garchomp|[spread] p1a,p1b
|-resisted|p1b: Garchomp|1
|-damage|p1a: Sinistcha|39/100
|-damage|p1b: Garchomp|75/100
|
|-weather|Sandstorm|[upkeep]
|-damage|p1a: Sinistcha|32/100|[from] Sandstorm
|upkeep
|
|t:|1785959891
|switch|p2b: Ninetales|Ninetales-Alola, L50, M|100/100
|-weather|Snowscape|[from] ability: Snow Warning|[of] p2b: Ninetales
|turn|3
|
|t:|1785959914
|switch|p2a: Corviknight|Corviknight, L50, M|100/100
|move|p1a: Sinistcha|Protect|p1a: Sinistcha
|-singleturn|p1a: Sinistcha|Protect
|move|p1b: Garchomp|Earthquake|p2b: Ninetales|[spread] p2b
|-activate|p1a: Sinistcha|move: Protect
|-immune|p2a: Corviknight
|-damage|p2b: Ninetales|53/100
|move|p2b: Ninetales|Blizzard|p1b: Garchomp|[spread] p1b
|-activate|p1a: Sinistcha|move: Protect
|-supereffective|p1b: Garchomp|2
|-damage|p1b: Garchomp|0 fnt
|faint|p1b: Garchomp
|
|-weather|Snowscape|[upkeep]
|upkeep
|
|t:|1785959925
|switch|p1b: Charizard|Charizard, L50, F|94/100
|turn|4
|
|t:|1785959932
|switch|p1a: Sylveon|Sylveon, L50, M|100/100
|detailschange|p1b: Charizard|Charizard-Mega-Y, L50, F
|-mega|p1b: Charizard|Charizard|Charizardite Y
|-weather|SunnyDay|[from] ability: Drought|[of] p1b: Charizard
|move|p2b: Ninetales|Protect|p2b: Ninetales
|-singleturn|p2b: Ninetales|Protect
|move|p2a: Corviknight|Protect|p2a: Corviknight
|-singleturn|p2a: Corviknight|Protect
|move|p1b: Charizard|Heat Wave|p2a: Corviknight|[spread] 
|-activate|p2a: Corviknight|move: Protect
|-activate|p2b: Ninetales|move: Protect
|
|-weather|SunnyDay|[upkeep]
|upkeep
|turn|5
|
|t:|1785959950
|switch|p2b: Tyranitar|Tyranitar-Mega, L50, F|46/100
|-weather|Sandstorm|[from] ability: Sand Stream|[of] p2b: Tyranitar
|move|p1b: Charizard|Heat Wave|p2b: Tyranitar|[spread] p2a,p2b
|-supereffective|p2a: Corviknight|1
|-resisted|p2b: Tyranitar|1
|-damage|p2a: Corviknight|17/100
|-damage|p2b: Tyranitar|35/100
|move|p1a: Sylveon|Hyper Voice|p2b: Tyranitar|[spread] p2a,p2b
|-resisted|p2a: Corviknight|1
|-supereffective|p2b: Tyranitar|1
|-damage|p2a: Corviknight|4/100
|-damage|p2b: Tyranitar|2/100
|move|p2a: Corviknight|Iron Head|p1a: Sylveon
|-supereffective|p1a: Sylveon|1
|-damage|p1a: Sylveon|35/100
|
|-weather|Sandstorm|[upkeep]
|-damage|p1b: Charizard|88/100|[from] Sandstorm
|-damage|p1a: Sylveon|29/100|[from] Sandstorm
|-heal|p1a: Sylveon|35/100|[from] item: Leftovers
|-heal|p2a: Corviknight|10/100|[from] item: Leftovers
|upkeep
|turn|6
|inactive|ground tera has 30 seconds left.
|
|t:|1785959977
|move|p1b: Charizard|Weather Ball|p2b: Tyranitar
|-damage|p2b: Tyranitar|0 fnt
|faint|p2b: Tyranitar
|move|p1a: Sylveon|Hyper Voice|p2a: Corviknight
|-resisted|p2a: Corviknight|1
|-damage|p2a: Corviknight|0 fnt
|faint|p2a: Corviknight
|
|-weather|Sandstorm|[upkeep]
|-damage|p1b: Charizard|82/100|[from] Sandstorm
|-damage|p1a: Sylveon|29/100|[from] Sandstorm
|-heal|p1a: Sylveon|35/100|[from] item: Leftovers
|upkeep
|
|t:|1785959984
|switch|p2b: Ninetales|Ninetales-Alola, L50, M|53/100
|-weather|Snowscape|[from] ability: Snow Warning|[of] p2b: Ninetales
|turn|7
|
|t:|1785959992
|switch|p1b: Sinistcha|Sinistcha, L50|32/100
|-heal|p1a: Sylveon|60/100|[from] ability: Hospitality|[of] p1b: Sinistcha
|move|p1a: Sylveon|Protect|p1a: Sylveon
|-singleturn|p1a: Sylveon|Protect
|move|p2b: Ninetales|Blizzard|p1b: Sinistcha|[spread] p1b
|-activate|p1a: Sylveon|move: Protect
|-supereffective|p1b: Sinistcha|1
|-damage|p1b: Sinistcha|0 fnt
|faint|p1b: Sinistcha
|
|-weather|Snowscape|[upkeep]
|-heal|p1a: Sylveon|65/100|[from] item: Leftovers
|upkeep
|
|t:|1785960000
|switch|p1b: Charizard|Charizard-Mega-Y, L50, F|82/100
|-weather|SunnyDay|[from] ability: Drought|[of] p1b: Charizard
|turn|8
|-message|Thinking Charizard forfeited.
|
|win|ground tera
||Thinking Charizard is ready for game 2.
