|j|☆kurogamer7
|j|☆ethnol1816
|html|kurogamer7ethnol1816    
|uhtml|bestof|Game 1 of a best-of-3
|t:|1757936716
|gametype|doubles
|player|p1|kurogamer7|nate|1042
|player|p2|ethnol1816|boarder|1142
|gen|9
|tier|[Gen 9] VGC 2025 Reg H (Bo3)
|rated|
|rule|Species Clause: Limit one of each Pokémon
|rule|Item Clause: Limit 1 of each item
|clearpoke
|poke|p1|Tatsugiri-Droopy, L50, M|
|poke|p1|Dondozo, L50, M|
|poke|p1|Charizard, L50, M|
|poke|p1|Armarouge, L50, M|
|poke|p1|Indeedee-F, L50, F|
|poke|p1|Kilowattrel, L50, M|
|poke|p2|Gholdengo, L50|
|poke|p2|Samurott-Hisui, L50, F|
|poke|p2|Hydreigon, L50, M|
|poke|p2|Whimsicott, L50, F|
|poke|p2|Garchomp, L50, F|
|poke|p2|Clefable, L50, M|
|teampreview|4
|showteam|p1|Tatsugiri-Droopy||ToxicOrb|Commander|DragonPulse,Protect,IcyWind,Endure|||M|||50|,,,,,Grass]Dondozo||Leftovers|Oblivious|OrderUp,WaveCrash,Substitute,Protect|||M|||50|,,,,,Steel]Charizard||LifeOrb|SolarPower|HeatWave,ScorchingSands,DragonPulse,Protect|||M|||50|,,,,,Fire]Armarouge||ChoiceScarf|FlashFire|ArmorCannon,AuraSphere,ExpandingForce,HeatWave|||M|||50|,,,,,Psychic]Indeedee-F||SitrusBerry|PsychicSurge|HelpingHand,FollowMe,HyperVoice,TrickRoom|||F|||50|,,,,,Steel]Kilowattrel||CovertCloak|WindPower|Discharge,Tailwind,AirSlash,Protect|||M|||50|,,,,,Electric
|showteam|p2|Gholdengo||Leftovers|GoodasGold|NastyPlot,ShadowBall,MakeItRain,Protect||||||50|,,,,,Dragon]Samurott-Hisui||AssaultVest|Sharpness|CeaselessEdge,SuckerPunch,SacredSword,AquaCutter|||F|||50|,,,,,Ghost]Hydreigon||ChoiceSpecs|Levitate|DarkPulse,DracoMeteor,HeatWave,FlashCannon|||M|||50|,,,,,Fire]Whimsicott||FocusSash|Prankster|Moonblast,Tailwind,SunnyDay,Encore|||F|||50|,,,,,Ghost]Garchomp||LifeOrb|RoughSkin|Protect,StompingTantrum,Earthquake,DragonClaw|||F|||50|,,,,,Steel]Clefable||SitrusBerry|Unaware|Moonblast,MistyTerrain,FollowMe,Protect|||M|||50|,,,,,Water
|inactive|Battle timer is ON: inactive players will automatically lose when time's up. (requested by ethnol1816)
|inactive|ethnol1816 has 60 seconds left.
|
|t:|1757936750
|teamsize|p1|4
|teamsize|p2|4
|start
|switch|p1a: Kilowattrel|Kilowattrel, L50, M|100/100
|switch|p1b: Charizard|Charizard, L50, M|100/100
|switch|p2a: hyculese|Hydreigon, L50, M, shiny|100/100
|switch|p2b: nsdr trdng|Gholdengo, L50|100/100
|turn|1
|inactive|kurogamer7 has 30 seconds left.
|inactive|kurogamer7 has 20 seconds left.
|inactive|kurogamer7 has 15 seconds left.
|inactive|kurogamer7 has 10 seconds left.
|
|t:|1757936800
|-terastallize|p2b: nsdr trdng|Dragon
|move|p1a: Kilowattrel|Tailwind|p1a: Kilowattrel
|-sidestart|p1: kurogamer7|move: Tailwind
|-start|p1a: Kilowattrel|Charge|Tailwind|[from] ability: Wind Power
|move|p1b: Charizard|Scorching Sands|p2b: nsdr trdng
|-damage|p2b: nsdr trdng|71/100
|-status|p2b: nsdr trdng|brn
|-damage|p1b: Charizard|91/100|[from] item: Life Orb
|move|p2a: hyculese|Dark Pulse|p1b: Charizard
|-damage|p1b: Charizard|24/100
|move|p2b: nsdr trdng|Shadow Ball|p1b: Charizard
|-damage|p1b: Charizard|0 fnt
|faint|p1b: Charizard
|
|-heal|p2b: nsdr trdng|78/100 brn|[from] item: Leftovers
|-damage|p2b: nsdr trdng|71/100 brn|[from] brn
|upkeep
|
|t:|1757936814
|switch|p1b: Indeedee|Indeedee-F, L50, F|100/100
|-fieldstart|move: Psychic Terrain|[from] ability: Psychic Surge|[of] p1b: Indeedee
|turn|2
|
|t:|1757936825
|-terastallize|p1a: Kilowattrel|Electric
|move|p1b: Indeedee|Helping Hand|p1a: Kilowattrel
|-singleturn|p1a: Kilowattrel|Helping Hand|[of] p1b: Indeedee
|move|p1a: Kilowattrel|Discharge|p2a: hyculese|[spread] p1b,p2a,p2b
|-resisted|p2a: hyculese
|-resisted|p2b: nsdr trdng
|-damage|p1b: Indeedee|19/100
|-damage|p2a: hyculese|48/100
|-damage|p2b: nsdr trdng|13/100 brn
|-status|p1b: Indeedee|par
|-enditem|p1b: Indeedee|Sitrus Berry|[eat]
|-heal|p1b: Indeedee|44/100 par|[from] item: Sitrus Berry
|-end|p1a: Kilowattrel|Charge|[silent]
|move|p2a: hyculese|Dark Pulse|p1b: Indeedee
|-supereffective|p1b: Indeedee
|-damage|p1b: Indeedee|0 fnt
|faint|p1b: Indeedee
|move|p2b: nsdr trdng|Nasty Plot|p2b: nsdr trdng
|-boost|p2b: nsdr trdng|spa|2
|
|-heal|p2b: nsdr trdng|19/100 brn|[from] item: Leftovers
|-damage|p2b: nsdr trdng|13/100 brn|[from] brn
|upkeep
|
|t:|1757936833
|switch|p1b: Armarouge|Armarouge, L50, M|100/100
|turn|3
|
|t:|1757936852
|move|p2b: nsdr trdng|Protect|p2b: nsdr trdng
|-singleturn|p2b: nsdr trdng|Protect
|move|p1b: Armarouge|Heat Wave|p2a: hyculese|[spread] p2a
|-activate|p2b: nsdr trdng|move: Protect
|-resisted|p2a: hyculese
|-damage|p2a: hyculese|27/100
|move|p1a: Kilowattrel|Air Slash|p2a: hyculese
|-damage|p2a: hyculese|0 fnt
|faint|p2a: hyculese
|
|-heal|p2b: nsdr trdng|19/100 brn|[from] item: Leftovers
|-damage|p2b: nsdr trdng|13/100 brn|[from] brn
|upkeep
|
|t:|1757936859
|switch|p2a: cleanable|Clefable, L50, M|100/100
|turn|4
|
|t:|1757936871
|move|p2b: nsdr trdng|Protect|p2b: nsdr trdng
|-singleturn|p2b: nsdr trdng|Protect
|move|p2a: cleanable|Follow Me|p2a: cleanable
|-singleturn|p2a: cleanable|move: Follow Me
|move|p1b: Armarouge|Heat Wave|p2b: nsdr trdng|[spread] p2a
|-activate|p2b: nsdr trdng|move: Protect
|-damage|p2a: cleanable|61/100
|move|p1a: Kilowattrel|Air Slash|p2a: cleanable
|-damage|p2a: cleanable|28/100
|-enditem|p2a: cleanable|Sitrus Berry|[eat]
|-heal|p2a: cleanable|53/100|[from] item: Sitrus Berry
|
|-heal|p2b: nsdr trdng|19/100 brn|[from] item: Leftovers
|-damage|p2b: nsdr trdng|13/100 brn|[from] brn
|-sideend|p1: kurogamer7|move: Tailwind
|upkeep
|turn|5
|
|t:|1757936879
|move|p2a: cleanable|Follow Me|p2a: cleanable
|-singleturn|p2a: cleanable|move: Follow Me
|move|p1b: Armarouge|Heat Wave|p2b: nsdr trdng|[spread] p2a,p2b
|-resisted|p2b: nsdr trdng
|-damage|p2a: cleanable|15/100
|-damage|p2b: nsdr trdng|0 fnt
|faint|p2b: nsdr trdng
|move|p1a: Kilowattrel|Discharge|p2a: cleanable|[spread] p1b,p2a
|-damage|p1b: Armarouge|48/100
|-damage|p2a: cleanable|0 fnt
|faint|p2a: cleanable
|
|upkeep
|
|t:|1757936884
|switch|p2b: carson|Samurott-Hisui, L50, F|100/100
|turn|6
|
|t:|1757936888
|move|p1b: Armarouge|Heat Wave|p2b: carson
|-resisted|p2b: carson
|-damage|p2b: carson|75/100
|move|p1a: Kilowattrel|Discharge|p2b: carson|[spread] p1b,p2b
|-supereffective|p2b: carson
|-damage|p1b: Armarouge|0 fnt
|-damage|p2b: carson|10/100
|faint|p1b: Armarouge
|move|p2b: carson|Ceaseless Edge|p1a: Kilowattrel
|-damage|p1a: Kilowattrel|24/100
|-sidestart|p1: kurogamer7|Spikes
|
|-fieldend|move: Psychic Terrain
|upkeep
|turn|7
|
|t:|1757936904
|move|p1a: Kilowattrel|Protect|p1a: Kilowattrel
|-singleturn|p1a: Kilowattrel|Protect
|move|p2b: carson|Sucker Punch||[still]
|-fail|p2b: carson
|
|upkeep
|turn|8
|
|t:|1757936910
|move|p2b: carson|Sucker Punch||[still]
|-fail|p2b: carson
|move|p1a: Kilowattrel|Tailwind|p1a: Kilowattrel
|-sidestart|p1: kurogamer7|move: Tailwind
|-start|p1a: Kilowattrel|Charge|Tailwind|[from] ability: Wind Power
|
|upkeep
|turn|9
|
|t:|1757936920
|move|p1a: Kilowattrel|Protect|p1a: Kilowattrel
|-singleturn|p1a: Kilowattrel|Protect
|move|p2b: carson|Aqua Cutter|p1a: Kilowattrel
|-activate|p1a: Kilowattrel|move: Protect
|
|upkeep
|turn|10
|
|t:|1757936927
|move|p2b: carson|Sucker Punch||[still]
|-fail|p2b: carson
|move|p1a: Kilowattrel|Tailwind||[still]
|-fail|p1a: Kilowattrel
|
|upkeep
|turn|11
|
|t:|1757936933
|move|p2b: carson|Sucker Punch|p1a: Kilowattrel
|-damage|p1a: Kilowattrel|0 fnt
|faint|p1a: Kilowattrel
|
|win|ethnol1816
|l|☆kurogamer7
|player|p1|
||ethnol1816 is ready for game 2.
|inactive|kurogamer7 has 30 seconds to confirm battle start!
