|j|☆OdeioPeugeot
|j|☆wait for swarley
|html|OdeioPeugeotwait for swarley    
|uhtml|bestof|Game 1 of a best-of-3
|t:|1783373532
|gametype|doubles
|player|p1|OdeioPeugeot|swimmer-gen4dp|1167
|player|p2|wait for swarley|volo|1266
|gen|9
|tier|[Gen 9 Champions] VGC 2026 Reg M-B (Bo3)
|rated|
|rule|Species Clause: Limit one of each Pokémon
|rule|Item Clause: Limit 1 of each item
|clearpoke
|poke|p1|Basculegion, L50, M|
|poke|p1|Whimsicott, L50, M|
|poke|p1|Kingambit, L50, M|
|poke|p1|Garchomp, L50, M|
|poke|p1|Floette-Eternal, L50, F|
|poke|p1|Charizard, L50, F|
|poke|p2|Grimmsnarl, L50, M|
|poke|p2|Incineroar, L50, F|
|poke|p2|Maushold-Four, L50|
|poke|p2|Annihilape, L50, F|
|poke|p2|Floette-Eternal, L50, F|
|poke|p2|Gholdengo, L50|
|teampreview|4
|showteam|p1|Basculegion||LifeOrb|Adaptability|WaveCrash,LastRespects,AquaJet,Protect|Adamant||M|||50|]Whimsicott||FocusSash|Prankster|Moonblast,Encore,Tailwind,Protect|Timid||M|||50|]Kingambit||ChopleBerry|Defiant|KowtowCleave,IronHead,SuckerPunch,LowKick|Adamant||M|||50|]Garchomp||SitrusBerry|RoughSkin|Earthquake,DragonClaw,RockSlide,Protect|Adamant||M|||50|]Floette-Eternal||Floettite|FlowerVeil|Moonblast,DazzlingGleam,LightofRuin,Protect|Modest||F|||50|]Charizard||CharizarditeY|Blaze|HeatWave,SolarBeam,WeatherBall,Protect|Modest||F|||50|
|showteam|p2|Grimmsnarl||LightClay|Prankster|SpiritBreak,Reflect,LightScreen,PartingShot|Careful||M|||50|]Incineroar||SitrusBerry|Intimidate|FakeOut,FlareBlitz,ThroatChop,PartingShot|Careful||F|||50|]Maushold-Four||FocusSash|FriendGuard|FollowMe,SuperFang,Encore,Protect|Timid|||||50|]Annihilape||Leftovers|Defiant|RageFist,DrainPunch,BulkUp,Protect|Adamant||F|||50|]Floette-Eternal||Floettite|FlowerVeil|Moonblast,DrainingKiss,CalmMind,Protect|Modest||F|||50|]Gholdengo||ChoiceScarf|GoodasGold|MakeItRain,ShadowBall,Trick,PowerGem|Timid|||||50|
|inactive|Battle timer is ON: inactive players will automatically lose when time's up. (requested by OdeioPeugeot)
|inactive|OdeioPeugeot has 60 seconds left.
|inactive|wait for swarley has 60 seconds left.
|
|t:|1783373579
|teamsize|p1|4
|teamsize|p2|4
|start
|switch|p1a: Whimsicott|Whimsicott, L50, M|100/100
|switch|p1b: Floette|Floette-Eternal, L50, F|100/100
|switch|p2a: Grimmsnarl|Grimmsnarl, L50, M|100/100
|switch|p2b: Incineroar|Incineroar, L50, F|100/100
|-ability|p2b: Incineroar|Intimidate|boost
|-block|p1a: Whimsicott|ability: Flower Veil|[of] p1b: Floette
|-unboost|p1b: Floette|atk|1
|turn|1
|
|t:|1783373597
|detailschange|p1b: Floette|Floette-Mega, L50, F
|-mega|p1b: Floette|Floette|Floettite
|-ability|p1b: Floette|Fairy Aura
|move|p2b: Incineroar|Fake Out|p1b: Floette
|-damage|p1b: Floette|88/100
|move|p2a: Grimmsnarl|Light Screen|p2a: Grimmsnarl
|-sidestart|p2: wait for swarley|move: Light Screen
|move|p1a: Whimsicott|Moonblast|p2a: Grimmsnarl
|-supereffective|p2a: Grimmsnarl|1
|-damage|p2a: Grimmsnarl|46/100
|cant|p1b: Floette|flinch
|
|upkeep
|turn|2
|inactive|wait for swarley has 30 seconds left.
|
|t:|1783373624
|move|p2a: Grimmsnarl|Parting Shot|p1b: Floette
|-unboost|p1b: Floette|atk|1
|-unboost|p1b: Floette|spa|1
|
|t:|1783373630
|switch|p2a: Maushold|Maushold-Four, L50|100/100|[from] Parting Shot
|move|p1a: Whimsicott|Moonblast|p2a: Maushold
|-damage|p2a: Maushold|58/100
|move|p1b: Floette|Moonblast|p2b: Incineroar
|-damage|p2b: Incineroar|78/100
|move|p2b: Incineroar|Flare Blitz|p1a: Whimsicott
|-supereffective|p1a: Whimsicott|1
|-enditem|p1a: Whimsicott|Focus Sash
|-damage|p1a: Whimsicott|1/100
|-damage|p2b: Incineroar|54/100|[from] Recoil
|
|upkeep
|turn|3
|
|t:|1783373648
|switch|p1b: Basculegion|Basculegion, L50, M|100/100
|move|p1a: Whimsicott|Tailwind|p1a: Whimsicott
|-sidestart|p1: OdeioPeugeot|move: Tailwind
|move|p2a: Maushold|Super Fang|p1b: Basculegion
|-immune|p1b: Basculegion
|move|p2b: Incineroar|Flare Blitz|p1b: Basculegion
|-resisted|p1b: Basculegion|1
|-damage|p1b: Basculegion|74/100
|-damage|p2b: Incineroar|46/100|[from] Recoil
|-enditem|p2b: Incineroar|Sitrus Berry|[eat]
|-heal|p2b: Incineroar|71/100|[from] item: Sitrus Berry
|
|upkeep
|turn|4
|inactive|wait for swarley has 30 seconds left.
|
|t:|1783373674
|move|p2a: Maushold|Protect|p2a: Maushold
|-singleturn|p2a: Maushold|Protect
|move|p1a: Whimsicott|Encore|p2a: Maushold
|-activate|p2a: Maushold|move: Protect
|move|p1b: Basculegion|Wave Crash|p2b: Incineroar
|-supereffective|p2b: Incineroar|1
|-damage|p2b: Incineroar|0 fnt
|faint|p2b: Incineroar
|-damage|p1b: Basculegion|51/100|[from] Recoil
|-damage|p1b: Basculegion|42/100|[from] item: Life Orb
|
|upkeep
|
|t:|1783373693
|switch|p2b: Floette|Floette-Eternal, L50, F|100/100
|turn|5
|
|t:|1783373709
|detailschange|p2b: Floette|Floette-Mega, L50, F
|-mega|p2b: Floette|Floette|Floettite
|-ability|p2b: Floette|Fairy Aura
|move|p2a: Maushold|Follow Me|p2a: Maushold
|-singleturn|p2a: Maushold|move: Follow Me
|move|p1a: Whimsicott|Encore|p2a: Maushold
|-start|p2a: Maushold|Encore
|move|p1b: Basculegion|Wave Crash|p2a: Maushold
|-damage|p2a: Maushold|0 fnt
|faint|p2a: Maushold
|-damage|p1b: Basculegion|24/100|[from] Recoil
|-damage|p1b: Basculegion|14/100|[from] item: Life Orb
|move|p2b: Floette|Moonblast|p1a: Whimsicott
|-damage|p1a: Whimsicott|0 fnt
|faint|p1a: Whimsicott
|
|upkeep
|
|t:|1783373725
|switch|p1a: Floette|Floette-Mega, L50, F|88/100
|switch|p2a: Grimmsnarl|Grimmsnarl, L50, M|46/100
|-ability|p1a: Floette|Fairy Aura
|turn|6
|
|t:|1783373736
|move|p2b: Floette|Protect|p2b: Floette
|-singleturn|p2b: Floette|Protect
|move|p2a: Grimmsnarl|Reflect|p2a: Grimmsnarl
|-sidestart|p2: wait for swarley|Reflect
|move|p1a: Floette|Dazzling Gleam|p2a: Grimmsnarl|[spread] p2a
|-activate|p2b: Floette|move: Protect
|-supereffective|p2a: Grimmsnarl|1
|-damage|p2a: Grimmsnarl|0 fnt
|faint|p2a: Grimmsnarl
|move|p1b: Basculegion|Last Respects|p2b: Floette
|-activate|p2b: Floette|move: Protect
|
|-sideend|p1: OdeioPeugeot|move: Tailwind
|upkeep
|turn|7
|
|t:|1783373752
|move|p1b: Basculegion|Aqua Jet|p2b: Floette
|-damage|p2b: Floette|75/100
|-damage|p1b: Basculegion|4/100|[from] item: Life Orb
|move|p2b: Floette|Draining Kiss|p1b: Basculegion
|-damage|p1b: Basculegion|0 fnt
|-heal|p2b: Floette|79/100|[from] drain|[of] p1b: Basculegion
|faint|p1b: Basculegion
|move|p1a: Floette|Light of Ruin|p2b: Floette
|-damage|p2b: Floette|20/100y
|-damage|p1a: Floette|59/100|[from] Recoil
|
|upkeep
|
|t:|1783373763
|switch|p1b: Charizard|Charizard, L50, F|100/100
|turn|8
|
|t:|1783373770
|move|p1a: Floette|Protect|p1a: Floette
|-singleturn|p1a: Floette|Protect
|move|p2b: Floette|Draining Kiss|p1a: Floette
|-activate|p1a: Floette|move: Protect
|move|p1b: Charizard|Heat Wave|p2b: Floette
|-damage|p2b: Floette|0 fnt
|faint|p2b: Floette
|
|win|OdeioPeugeot
||wait for swarley is ready for game 2.
||OdeioPeugeot is ready for game 2.
|uhtml|next|Next: Game 2 of 3
