|j|☆RauSakura
|j|☆Toquill
|html|RauSakuraToquill    
|uhtml|bestof|Game 1 of a best-of-3
|t:|1783890077
|gametype|doubles
|player|p1|RauSakura|#rausakura|
|player|p2|Toquill|rika|
|gen|9
|tier|[Gen 9 Champions] VGC 2026 Reg M-B (Bo3)
|rule|Species Clause: Limit one of each Pokémon
|rule|Item Clause: Limit 1 of each item
|clearpoke
|poke|p1|Lycanroc-Dusk, L50, M, shiny|
|poke|p1|Venusaur, L50, M|
|poke|p1|Pelipper, L50, F|
|poke|p1|Archaludon, L50, F, shiny|
|poke|p1|Grimmsnarl, L50, M|
|poke|p1|Swampert, L50, F|
|poke|p2|Floette-Eternal, L50, F|
|poke|p2|Ceruledge, L50, M, shiny|
|poke|p2|Garchomp, L50, F, shiny|
|poke|p2|Talonflame, L50, M, shiny|
|poke|p2|Metagross, L50, shiny|
|poke|p2|Ninetales-Alola, L50, M, shiny|
|teampreview|4
|showteam|p1|Lycanroc-Dusk||FocusSash|ToughClaws|Accelerock,RockSlide,CloseCombat,Protect|Adamant||M|||50|]Venusaur||Venusaurite|Chlorophyll|SludgeBomb,EarthPower,GigaDrain,Protect|Modest||M|||50|]Pelipper||LifeOrb|Drizzle|WeatherBall,Hurricane,Tailwind,WideGuard|Timid||F|||50|]Archaludon||Leftovers|Stamina|ElectroShot,DragonPulse,FlashCannon,Protect|Modest||F|||50|]Grimmsnarl||RoseliBerry|Prankster|SpiritBreak,Reflect,LightScreen,PartingShot|Careful||M|||50|]Swampert||Swampertite|Torrent|WaveCrash,Earthquake,IcePunch,Protect|Adamant||F|||50|
|showteam|p2|Floette-Eternal||Floettite|FlowerVeil|Moonblast,DazzlingGleam,LightofRuin,Protect|Timid||F|||50|]Ceruledge||ColburBerry|FlashFire|BitterBlade,ShadowSneak,BulkUp,Protect|Adamant||M|||50|]Garchomp||LifeOrb|RoughSkin|Earthquake,DragonClaw,RockSlide,Protect|Jolly||F|||50|]Talonflame||SharpBeak|GaleWings|DualWingbeat,FlareBlitz,Tailwind,Protect|Jolly||M|||50|]Metagross||Metagrossite|ClearBody|IronHead,PsychicFangs,StompingTantrum,Protect|Jolly|||||50|]Ninetales-Alola||NeverMeltIce|SnowWarning|Blizzard,FreezeDry,Encore,Protect|Timid||M|||50|
|c|☆Toquill|glhf!
|j| OnlyEmbers
|j| superstar jamie
|c|☆RauSakura|glhf
|j| Cobra Mawi
|
|t:|1783890214
|teamsize|p1|4
|teamsize|p2|4
|start
|switch|p1a: Venusaur|Venusaur, L50, M|100/100
|switch|p1b: Lycanroc|Lycanroc-Dusk, L50, M, shiny|100/100
|switch|p2a: Metagross|Metagross, L50, shiny|100/100
|switch|p2b: Talonflame|Talonflame, L50, M, shiny|100/100
|turn|1
|j| Electro backshot
|
|t:|1783890253
|switch|p1a: Archaludon|Archaludon, L50, F, shiny|100/100
|detailschange|p2a: Metagross|Metagross-Mega, L50, shiny
|-mega|p2a: Metagross|Metagross|Metagrossite
|move|p2b: Talonflame|Protect|p2b: Talonflame
|-singleturn|p2b: Talonflame|Protect
|move|p2a: Metagross|Iron Head|p1b: Lycanroc
|-supereffective|p1b: Lycanroc|1
|-enditem|p1b: Lycanroc|Focus Sash
|-damage|p1b: Lycanroc|1/100
|move|p1b: Lycanroc|Rock Slide|p2a: Metagross|[spread] p2a
|-activate|p2b: Talonflame|move: Protect
|-resisted|p2a: Metagross|1
|-damage|p2a: Metagross|90/100
|
|upkeep
|turn|2
|
|t:|1783890305
|switch|p2a: Garchomp|Garchomp, L50, F, shiny|100/100
|switch|p1b: Pelipper|Pelipper, L50, F|100/100
|-weather|RainDance|[from] ability: Drizzle|[of] p1b: Pelipper
|move|p2b: Talonflame|Dual Wingbeat|p1b: Pelipper
|-damage|p1b: Pelipper|77/100
|-damage|p1b: Pelipper|51/100
|-hitcount|p1b: Pelipper|2
|move|p1a: Archaludon|Electro Shot||[still]
|-prepare|p1a: Archaludon|Electro Shot
|-boost|p1a: Archaludon|spa|1
|-anim|p1a: Archaludon|Electro Shot|p2a: Garchomp
|-immune|p2a: Garchomp
|
|-weather|RainDance|[upkeep]
|upkeep
|turn|3
|
|t:|1783890362
|switch|p2a: Ninetales|Ninetales-Alola, L50, M, shiny|100/100
|-weather|Snowscape|[from] ability: Snow Warning|[of] p2a: Ninetales
|move|p2b: Talonflame|Tailwind|p2b: Talonflame
|-sidestart|p2: Toquill|move: Tailwind
|move|p1b: Pelipper|Tailwind|p1b: Pelipper
|-sidestart|p1: RauSakura|move: Tailwind
|move|p1a: Archaludon|Electro Shot||[still]
|-prepare|p1a: Archaludon|Electro Shot
|-boost|p1a: Archaludon|spa|1
|
|-weather|Snowscape|[upkeep]
|upkeep
|turn|4
|l| OnlyEmbers
|
|t:|1783890395
|switch|p2a: Garchomp|Garchomp, L50, F, shiny|100/100
|move|p2b: Talonflame|Protect|p2b: Talonflame
|-singleturn|p2b: Talonflame|Protect
|move|p1b: Pelipper|Weather Ball|p2a: Garchomp
|-supereffective|p2a: Garchomp|2
|-damage|p2a: Garchomp|0 fnt
|faint|p2a: Garchomp
|-damage|p1b: Pelipper|41/100|[from] item: Life Orb
|move|p1a: Archaludon|Electro Shot|p2b: Talonflame|[from] lockedmove
|-activate|p2b: Talonflame|move: Protect
|
|-weather|Snowscape|[upkeep]
|upkeep
|j| OnlyEmbers
|n| OnlyEmbers|onlyembers
|
|t:|1783890415
|switch|p2a: Metagross|Metagross-Mega, L50, shiny|90/100
|turn|5
|
|t:|1783890467
|move|p2b: Talonflame|Dual Wingbeat|p1b: Pelipper
|-damage|p1b: Pelipper|17/100
|-damage|p1b: Pelipper|0 fnt
|faint|p1b: Pelipper
|-hitcount|p1: Pelipper|2
|move|p2a: Metagross|Stomping Tantrum|p2b: Talonflame
|-immune|p2b: Talonflame
|move|p1a: Archaludon|Dragon Pulse|p2a: Metagross
|-resisted|p2a: Metagross|1
|-damage|p2a: Metagross|54/100
|
|-weather|Snowscape|[upkeep]
|upkeep
|
|t:|1783890479
|switch|p1b: Lycanroc|Lycanroc-Dusk, L50, M, shiny|1/100
|turn|6
|
|t:|1783890495
|move|p1b: Lycanroc|Protect|p1b: Lycanroc
|-singleturn|p1b: Lycanroc|Protect
|move|p2b: Talonflame|Dual Wingbeat|p1b: Lycanroc
|-activate|p1b: Lycanroc|move: Protect
|move|p2a: Metagross|Stomping Tantrum|p1a: Archaludon
|-supereffective|p1a: Archaludon|1
|-damage|p1a: Archaludon|2/100
|-ability|p1a: Archaludon|Stamina|boost
|-boost|p1a: Archaludon|def|1
|move|p1a: Archaludon|Dragon Pulse|p2a: Metagross
|-resisted|p2a: Metagross|1
|-crit|p2a: Metagross
|-damage|p2a: Metagross|2/100
|
|-weather|Snowscape|[upkeep]
|-heal|p1a: Archaludon|8/100|[from] item: Leftovers
|-sideend|p1: RauSakura|move: Tailwind
|-sideend|p2: Toquill|move: Tailwind
|upkeep
|turn|7
|
|t:|1783890527
|move|p2b: Talonflame|Dual Wingbeat|p1b: Lycanroc
|-resisted|p1b: Lycanroc|1
|-damage|p1b: Lycanroc|0 fnt
|faint|p1b: Lycanroc
|-hitcount|p1: Lycanroc|1
|move|p2a: Metagross|Stomping Tantrum|p1a: Archaludon
|-supereffective|p1a: Archaludon|1
|-damage|p1a: Archaludon|0 fnt
|faint|p1a: Archaludon
|
|-weather|none
|upkeep
|
|t:|1783890535
|switch|p1b: Venusaur|Venusaur, L50, M|100/100
|turn|8
|
|t:|1783890543
|detailschange|p1b: Venusaur|Venusaur-Mega, L50, M
|-mega|p1b: Venusaur|Venusaur|Venusaurite
|move|p2b: Talonflame|Dual Wingbeat|p1b: Venusaur|[miss]
|-miss|p2b: Talonflame|p1b: Venusaur
|move|p2a: Metagross|Psychic Fangs|p1b: Venusaur
|-supereffective|p1b: Venusaur|1
|-damage|p1b: Venusaur|0 fnt
|faint|p1b: Venusaur
|
|win|Toquill
||RauSakura is ready for game 2.
||Toquill is ready for game 2.
|uhtml|next|Next: Game 2 of 3
|l| Cobra Mawi
|l| OnlyEmbers
|j| whiffygnu
