|j|☆Beeetch
|j|☆macky wit the duck
|html|Beeetchmacky wit the duck    
|uhtml|bestof|Game 2 of a best-of-3
|t:|1757159997
|gametype|doubles
|player|p1|Beeetch|beauty-gen4dp|1238
|player|p2|macky wit the duck|miku-ghost|1292
|gen|9
|tier|[Gen 9] VGC 2025 Reg H (Bo3)
|rated|
|rule|Species Clause: Limit one of each Pokémon
|rule|Item Clause: Limit 1 of each item
|clearpoke
|poke|p1|Excadrill, L50, M|
|poke|p1|Tyranitar, L50, M|
|poke|p1|Sneasler, L50, F|
|poke|p1|Indeedee, L50, M|
|poke|p1|Corviknight, L50, F|
|poke|p1|Annihilape, L50, F|
|poke|p2|Porygon2, L50|
|poke|p2|Dragonite, L50, F|
|poke|p2|Volcarona, L50, F|
|poke|p2|Gholdengo, L50|
|poke|p2|Ursaluna, L50, F|
|poke|p2|Rillaboom, L50, M|
|teampreview|4
|showteam|p1|Excadrill||FocusSash|SandRush|IronHead,HighHorsepower,Earthquake,Protect|||M|||50|,,,,,Stellar]Tyranitar||AssaultVest|SandStream|RockSlide,KnockOff,TeraBlast,LowKick|||M|||50|,,,,,Flying]Sneasler||PsychicSeed|Unburden|DireClaw,CloseCombat,ThroatChop,Protect|||F|||50|,,,,,Dark]Indeedee||ChoiceScarf|PsychicSurge|ExpandingForce,TeraBlast,Protect,Trick|||M|||50|,,,,,Psychic]Corviknight||Leftovers|MirrorArmor|BraveBird,BulkUp,Roost,Tailwind|||F|||50|,,,,,Dragon]Annihilape||SafetyGoggles|Defiant|CloseCombat,FinalGambit,RageFist,Taunt|||F|||50|,,,,,Water
|showteam|p2|Porygon2||Eviolite|Download|TeraBlast,IceBeam,TrickRoom,Recover||||||50|,,,,,Fighting]Dragonite||LoadedDice|Multiscale|ScaleShot,Tailwind,Haze,Protect|||F|||50|,,,,,Fairy]Volcarona||CovertCloak|FlameBody|FieryDance,StruggleBug,WillOWisp,RagePowder|||F|||50|,,,,,Fairy]Gholdengo||LifeOrb|GoodasGold|MakeItRain,ShadowBall,NastyPlot,Protect||||||50|,,,,,Water]Ursaluna||FlameOrb|Guts|Facade,HeadlongRush,Earthquake,Protect|||F|||50|,,,,,Ghost]Rillaboom||AssaultVest|GrassySurge|GrassyGlide,WoodHammer,Uturn,FakeOut|||M|||50|,,,,,Fire
|inactive|Battle timer is ON: inactive players will automatically lose when time's up. (requested by macky wit the duck)
|
|t:|1757160016
|teamsize|p1|4
|teamsize|p2|4
|start
|switch|p1a: Tyranitar|Tyranitar, L50, M, shiny|100/100
|switch|p1b: Annihilape|Annihilape, L50, F|100/100
|switch|p2a: Gholdengo|Gholdengo, L50|100/100
|switch|p2b: Rillaboom|Rillaboom, L50, M, shiny|100/100
|-fieldstart|move: Grassy Terrain|[from] ability: Grassy Surge|[of] p2b: Rillaboom
|-weather|Sandstorm|[from] ability: Sand Stream|[of] p1a: Tyranitar
|turn|1
|inactive|macky wit the duck has 30 seconds left.
|
|t:|1757160047
|switch|p2a: Porygon2|Porygon2, L50, shiny|100/100
|-ability|p2a: Porygon2|Download|boost
|-boost|p2a: Porygon2|spa|1
|-terastallize|p1a: Tyranitar|Flying
|move|p2b: Rillaboom|Grassy Glide|p1b: Annihilape
|-damage|p1b: Annihilape|60/100
|move|p1b: Annihilape|Rage Fist|p2a: Porygon2
|-immune|p2a: Porygon2
|move|p1a: Tyranitar|Tera Blast|p2b: Rillaboom|[anim] Tera Blast Flying
|-supereffective|p2b: Rillaboom
|-damage|p2b: Rillaboom|13/100
|
|-weather|Sandstorm|[upkeep]
|-damage|p2b: Rillaboom|7/100|[from] Sandstorm
|-damage|p1a: Tyranitar|95/100|[from] Sandstorm
|-damage|p2a: Porygon2|94/100|[from] Sandstorm
|-heal|p1b: Annihilape|66/100|[from] Grassy Terrain
|-heal|p2b: Rillaboom|13/100|[from] Grassy Terrain
|-heal|p2a: Porygon2|100/100|[from] Grassy Terrain
|upkeep
|turn|2
|inactive|Beeetch has 30 seconds left.
|inactive|macky wit the duck has 30 seconds left.
|
|t:|1757160075
|move|p1b: Annihilape|Taunt|p2a: Porygon2
|-start|p2a: Porygon2|move: Taunt
|move|p2b: Rillaboom|U-turn|p1a: Tyranitar
|-resisted|p1a: Tyranitar
|-damage|p1a: Tyranitar|84/100
|
|t:|1757160091
|switch|p2b: Gholdengo|Gholdengo, L50|100/100|[from] U-turn
|move|p1a: Tyranitar|Rock Slide|p2b: Gholdengo|[spread] p2a,p2b
|-resisted|p2b: Gholdengo
|-damage|p2a: Porygon2|80/100
|-damage|p2b: Gholdengo|85/100
|cant|p2a: Porygon2|move: Taunt|Trick Room
|
|-weather|Sandstorm|[upkeep]
|-damage|p1a: Tyranitar|78/100|[from] Sandstorm
|-damage|p2a: Porygon2|73/100|[from] Sandstorm
|-heal|p1b: Annihilape|72/100|[from] Grassy Terrain
|-heal|p2b: Gholdengo|92/100|[from] Grassy Terrain
|-heal|p2a: Porygon2|80/100|[from] Grassy Terrain
|upkeep
|turn|3
|inactive|Beeetch has 30 seconds left.
|
|t:|1757160121
|switch|p2a: Ursaluna|Ursaluna, L50, F, shiny|100/100
|-terastallize|p2b: Gholdengo|Water
|move|p1b: Annihilape|Close Combat|p2a: Ursaluna
|-supereffective|p2a: Ursaluna
|-damage|p2a: Ursaluna|28/100
|-unboost|p1b: Annihilape|def|1
|-unboost|p1b: Annihilape|spd|1
|move|p2b: Gholdengo|Shadow Ball|p1b: Annihilape
|-supereffective|p1b: Annihilape
|-damage|p1b: Annihilape|0 fnt
|faint|p1b: Annihilape
|-damage|p2b: Gholdengo|82/100|[from] item: Life Orb
|move|p1a: Tyranitar|Knock Off|p2b: Gholdengo
|-damage|p2b: Gholdengo|21/100
|-enditem|p2b: Gholdengo|Life Orb|[from] move: Knock Off|[of] p1a: Tyranitar
|
|-weather|Sandstorm|[upkeep]
|-damage|p2b: Gholdengo|15/100|[from] Sandstorm
|-damage|p1a: Tyranitar|72/100|[from] Sandstorm
|-heal|p2b: Gholdengo|21/100|[from] Grassy Terrain
|-heal|p2a: Ursaluna|34/100|[from] Grassy Terrain
|-status|p2a: Ursaluna|brn|[from] item: Flame Orb
|upkeep
|
|t:|1757160142
|switch|p1b: Excadrill|Excadrill, L50, M, shiny|100/100
|turn|4
|inactive|macky wit the duck has 30 seconds left.
|
|t:|1757160168
|switch|p2a: Porygon2|Porygon2, L50, shiny|80/100
|-ability|p2a: Porygon2|Download|boost
|-boost|p2a: Porygon2|spa|1
|move|p1b: Excadrill|High Horsepower|p2b: Gholdengo
|-crit|p2b: Gholdengo
|-damage|p2b: Gholdengo|0 fnt
|faint|p2b: Gholdengo
|move|p1a: Tyranitar|Low Kick|p2a: Porygon2
|-supereffective|p2a: Porygon2
|-damage|p2a: Porygon2|50/100
|
|-weather|Sandstorm|[upkeep]
|-damage|p1a: Tyranitar|66/100|[from] Sandstorm
|-damage|p2a: Porygon2|44/100|[from] Sandstorm
|-heal|p2a: Porygon2|50/100|[from] Grassy Terrain
|upkeep
|
|t:|1757160178
|switch|p2b: Rillaboom|Rillaboom, L50, M, shiny|13/100
|turn|5
|
|t:|1757160202
|move|p2b: Rillaboom|Fake Out|p1b: Excadrill
|-resisted|p1b: Excadrill
|-damage|p1b: Excadrill|90/100
|cant|p1b: Excadrill|flinch
|move|p1a: Tyranitar|Rock Slide|p2b: Rillaboom|[spread] p2b
|-miss|p1a: Tyranitar|p2a: Porygon2
|-damage|p2b: Rillaboom|0 fnt
|faint|p2b: Rillaboom
|move|p2a: Porygon2|Trick Room|p2a: Porygon2
|-fieldstart|move: Trick Room|[of] p2a: Porygon2
|
|-weather|none
|-heal|p2a: Porygon2|57/100|[from] Grassy Terrain
|-heal|p1b: Excadrill|96/100|[from] Grassy Terrain
|-fieldend|move: Grassy Terrain
|upkeep
|
|t:|1757160206
|switch|p2b: Ursaluna|Ursaluna, L50, F, shiny|34/100 brn
|turn|6
|inactive|Beeetch has 30 seconds left.
|inactive|macky wit the duck has 30 seconds left.
|
|t:|1757160233
|move|p2b: Ursaluna|Protect|p2b: Ursaluna
|-singleturn|p2b: Ursaluna|Protect
|move|p1b: Excadrill|Protect|p1b: Excadrill
|-singleturn|p1b: Excadrill|Protect
|move|p2a: Porygon2|Ice Beam|p1a: Tyranitar
|-supereffective|p1a: Tyranitar
|-damage|p1a: Tyranitar|17/100
|move|p1a: Tyranitar|Rock Slide|p2a: Porygon2|[spread] p2a
|-activate|p2b: Ursaluna|move: Protect
|-damage|p2a: Porygon2|38/100
|
|-damage|p2b: Ursaluna|28/100 brn|[from] brn
|upkeep
|turn|7
|
|t:|1757160250
|switch|p1b: Indeedee|Indeedee, L50, M, shiny|100/100
|-fieldstart|move: Psychic Terrain|[from] ability: Psychic Surge|[of] p1b: Indeedee
|move|p2b: Ursaluna|Headlong Rush|p1b: Indeedee
|-damage|p1b: Indeedee|0 fnt
|-unboost|p2b: Ursaluna|def|1
|-unboost|p2b: Ursaluna|spd|1
|faint|p1b: Indeedee
|move|p2a: Porygon2|Ice Beam|p1a: Tyranitar
|-supereffective|p1a: Tyranitar
|-damage|p1a: Tyranitar|0 fnt
|faint|p1a: Tyranitar
|
|-damage|p2b: Ursaluna|22/100 brn|[from] brn
|upkeep
|
|t:|1757160263
|switch|p1b: Excadrill|Excadrill, L50, M, shiny|96/100
|turn|8
|
|t:|1757160268
|move|p1b: Excadrill|Protect|p1b: Excadrill
|-singleturn|p1b: Excadrill|Protect
|move|p2b: Ursaluna|Headlong Rush|p1b: Excadrill
|-activate|p1b: Excadrill|move: Protect
|move|p2a: Porygon2|Recover|p2a: Porygon2
|-heal|p2a: Porygon2|88/100
|
|-damage|p2b: Ursaluna|16/100 brn|[from] brn
|upkeep
|turn|9
|
|t:|1757160277
|move|p1b: Excadrill|Protect|p1b: Excadrill
|-singleturn|p1b: Excadrill|Protect
|move|p2b: Ursaluna|Headlong Rush|p1b: Excadrill
|-activate|p1b: Excadrill|move: Protect
|move|p2a: Porygon2|Ice Beam|p1b: Excadrill
|-activate|p1b: Excadrill|move: Protect
|
|-damage|p2b: Ursaluna|10/100 brn|[from] brn
|-fieldend|move: Trick Room
|upkeep
|turn|10
|
|t:|1757160288
|move|p1b: Excadrill|Earthquake|p2a: Porygon2|[spread] p2a,p2b
|-damage|p2a: Porygon2|61/100
|-damage|p2b: Ursaluna|0 fnt
|faint|p2b: Ursaluna
|move|p2a: Porygon2|Trick Room|p2a: Porygon2
|-fieldstart|move: Trick Room|[of] p2a: Porygon2
|
|upkeep
|turn|11
|
|t:|1757160303
|move|p1b: Excadrill|Protect|p1b: Excadrill
|-singleturn|p1b: Excadrill|Protect
|move|p2a: Porygon2|Ice Beam|p1b: Excadrill
|-activate|p1b: Excadrill|move: Protect
|
|-fieldend|move: Psychic Terrain
|upkeep
|turn|12
|
|t:|1757160309
|move|p2a: Porygon2|Ice Beam|p1b: Excadrill
|-damage|p1b: Excadrill|43/100
|move|p1b: Excadrill|Earthquake|p2a: Porygon2
|-damage|p2a: Porygon2|27/100
|
|upkeep
|turn|13
|
|t:|1757160316
|move|p2a: Porygon2|Ice Beam|p1b: Excadrill
|-damage|p1b: Excadrill|0 fnt
|faint|p1b: Excadrill
|
|win|macky wit the duck
|raw|Beeetch's rating: 1238 → 1217(-21 for losing)
|raw|macky wit the duck's rating: 1292 → 1313(+21 for winning)
