|j|☆hakoryu
|j|☆Wayne4Life
|html|hakoryuWayne4Life    
|uhtml|bestof|Game 2 of a best-of-3
|t:|1784929283
|gametype|doubles
|player|p1|hakoryu|valerie|
|player|p2|Wayne4Life|unknown|
|gen|9
|tier|[Gen 9 Champions] VGC 2026 Reg M-B (Bo3)
|rule|Species Clause: Limit one of each Pokémon
|rule|Item Clause: Limit 1 of each item
|clearpoke
|poke|p1|Kommo-o, L50, M|
|poke|p1|Gyarados, L50, M|
|poke|p1|Sinistcha, L50|
|poke|p1|Banette, L50, F|
|poke|p1|Arcanine-Hisui, L50, M|
|poke|p1|Ninetales-Alola, L50, F|
|poke|p2|Heracross, L50, M, shiny|
|poke|p2|Milotic, L50, M, shiny|
|poke|p2|Talonflame, L50, M|
|poke|p2|Garchomp, L50, M|
|poke|p2|Absol, L50, F|
|poke|p2|Gholdengo, L50|
|teampreview|4
|showteam|p1|Kommo-o||Leftovers|Bulletproof|ClangorousSoul,ClangingScales,Protect,AuraSphere|Modest||M|||50|]Gyarados||Gyaradosite|Intimidate|Waterfall,DragonDance,Protect,Crunch|Adamant||M|||50|]Sinistcha||SitrusBerry|Hospitality|MatchaGotcha,LifeDew,TrickRoom,RagePowder|Quiet|||||50|]Banette||Banettite|Insomnia|Poltergeist,ShadowSneak,Taunt,DestinyBond|Lonely||F|||50|]Arcanine-Hisui||LifeOrb|Intimidate|RockSlide,FlareBlitz,ExtremeSpeed,Protect|Adamant||M|||50|]Ninetales-Alola||LightClay|SnowWarning|FreezeDry,IcyWind,AuroraVeil,Protect|Timid||F|||50|
|showteam|p2|Heracross||Heracronite|Guts|Protect,CloseCombat,RockBlast,PinMissile|Adamant||M|||50|]Milotic||Leftovers|Competitive|IceBeam,Scald,Protect,AlluringVoice|Modest||M|||50|]Talonflame||FocusSash|GaleWings|FlareBlitz,Tailwind,QuickGuard,BraveBird|Jolly||M|||50|]Garchomp||ChoiceScarf|RoughSkin|IronHead,Earthquake,DragonClaw,RockSlide|Adamant||M|||50|]Absol||Absolite|Justified|CloseCombat,PlayRough,ThroatChop,SuckerPunch|Jolly||F|||50|]Gholdengo||LifeOrb|GoodasGold|MakeItRain,ShadowBall,Thunderbolt,Protect|Modest|||||50|
|j| guxueprimalblade
|j| HEROBREIN9
|c|☆hakoryu|molested by milotic
|j| Someoneofficial
|
|t:|1784929313
|teamsize|p1|4
|teamsize|p2|4
|start
|switch|p1a: Sinistcha|Sinistcha, L50|100/100
|switch|p1b: Ninetales|Ninetales-Alola, L50, F|100/100
|switch|p2a: Asuna|Milotic, L50, M, shiny|100/100
|switch|p2b: Fraudbsol|Absol, L50, F|100/100
|-weather|Snowscape|[from] ability: Snow Warning|[of] p1b: Ninetales
|turn|1
|
|t:|1784929333
|detailschange|p2b: Fraudbsol|Absol-Mega, L50, F
|-mega|p2b: Fraudbsol|Absol|Absolite
|move|p2b: Fraudbsol|Throat Chop|p1a: Sinistcha
|-supereffective|p1a: Sinistcha|1
|-damage|p1a: Sinistcha|25/100
|-start|p1a: Sinistcha|Throat Chop|[silent]
|-enditem|p1a: Sinistcha|Sitrus Berry|[eat]
|-heal|p1a: Sinistcha|50/100g|[from] item: Sitrus Berry
|move|p1b: Ninetales|Aurora Veil|p1b: Ninetales
|-sidestart|p1: hakoryu|move: Aurora Veil
|move|p2a: Asuna|Ice Beam|p1a: Sinistcha
|-supereffective|p1a: Sinistcha|1
|-damage|p1a: Sinistcha|10/100
|move|p1a: Sinistcha|Matcha Gotcha|p2a: Asuna|[spread] p2a,p2b
|-supereffective|p2a: Asuna|1
|-damage|p2a: Asuna|60/100
|-heal|p1a: Sinistcha|33/100|[from] drain|[of] p2a: Asuna
|-damage|p2b: Fraudbsol|51/100
|-heal|p1a: Sinistcha|52/100|[from] drain|[of] p2b: Fraudbsol
|-status|p2b: Fraudbsol|brn
|
|-weather|Snowscape|[upkeep]
|-heal|p2a: Asuna|66/100|[from] item: Leftovers
|-damage|p2b: Fraudbsol|45/100 brn|[from] brn
|upkeep
|turn|2
|c|☆Wayne4Life|fraud
|c| HEROBREIN9|actually how broken is miltoic
|c| HEROBREIN9|this thing doesnt die
|c| HEROBREIN9|im tryna figure out what you even do here
|
|t:|1784929377
|switch|p1a: Kommo-o|Kommo-o, L50, M|100/100
|move|p2a: Asuna|Protect|p2a: Asuna
|-singleturn|p2a: Asuna|Protect
|move|p2b: Fraudbsol|Throat Chop|p1a: Kommo-o
|-resisted|p1a: Kommo-o|1
|-damage|p1a: Kommo-o|93/100
|-start|p1a: Kommo-o|Throat Chop|[silent]
|move|p1b: Ninetales|Freeze-Dry|p2a: Asuna
|-activate|p2a: Asuna|move: Protect
|
|-weather|Snowscape|[upkeep]
|-heal|p1a: Kommo-o|99/100|[from] item: Leftovers
|-heal|p2a: Asuna|72/100|[from] item: Leftovers
|-damage|p2b: Fraudbsol|40/100 brn|[from] brn
|upkeep
|turn|3
|
|t:|1784929403
|switch|p2b: GHOATdengo|Gholdengo, L50|100/100
|move|p1b: Ninetales|Freeze-Dry|p2a: Asuna
|-supereffective|p2a: Asuna|1
|-damage|p2a: Asuna|38/100
|move|p1a: Kommo-o|Aura Sphere|p2a: Asuna
|-damage|p2a: Asuna|14/100
|move|p2a: Asuna|Alluring Voice|p1a: Kommo-o
|-supereffective|p1a: Kommo-o|2
|-damage|p1a: Kommo-o|41/100
|
|-weather|Snowscape|[upkeep]
|-heal|p1a: Kommo-o|47/100|[from] item: Leftovers
|-heal|p2a: Asuna|20/100y|[from] item: Leftovers
|-end|p1a: Kommo-o|Throat Chop|[silent]
|upkeep
|turn|4
|
|t:|1784929426
|switch|p1b: Sinistcha|Sinistcha, L50|52/100
|-heal|p1a: Kommo-o|72/100|[from] ability: Hospitality|[of] p1b: Sinistcha
|move|p2a: Asuna|Protect|p2a: Asuna
|-singleturn|p2a: Asuna|Protect
|move|p2b: GHOATdengo|Make It Rain|p1b: Sinistcha|[spread] p1a,p1b
|-damage|p1a: Kommo-o|33/100
|-damage|p1b: Sinistcha|3/100
|-unboost|p2b: GHOATdengo|spa|2
|-damage|p2b: GHOATdengo|90/100|[from] item: Life Orb
|move|p1a: Kommo-o|Aura Sphere|p2a: Asuna
|-activate|p2a: Asuna|move: Protect
|
|-weather|Snowscape|[upkeep]
|-heal|p1a: Kommo-o|38/100|[from] item: Leftovers
|-heal|p2a: Asuna|26/100|[from] item: Leftovers
|upkeep
|turn|5
|
|t:|1784929456
|switch|p1b: Gyarados|Gyarados, L50, M|100/100
|-ability|p1b: Gyarados|Intimidate|boost
|-unboost|p2a: Asuna|atk|1
|-ability|p2a: Asuna|Competitive|boost
|-boost|p2a: Asuna|spa|2
|-unboost|p2b: GHOATdengo|atk|1
|move|p2b: GHOATdengo|Make It Rain|p1b: Gyarados|[spread] p1a,p1b
|-resisted|p1b: Gyarados|1
|-damage|p1a: Kommo-o|20/100y
|-damage|p1b: Gyarados|90/100
|-unboost|p2b: GHOATdengo|spa|2
|-damage|p2b: GHOATdengo|80/100|[from] item: Life Orb
|move|p1a: Kommo-o|Clanging Scales|p2b: GHOATdengo|[spread] p2a,p2b
|-resisted|p2b: GHOATdengo|1
|-damage|p2a: Asuna|5/100
|-damage|p2b: GHOATdengo|64/100
|-unboost|p1a: Kommo-o|def|1
|move|p2a: Asuna|Alluring Voice|p1a: Kommo-o
|-supereffective|p1a: Kommo-o|2
|-crit|p1a: Kommo-o
|-damage|p1a: Kommo-o|0 fnt
|faint|p1a: Kommo-o
|
|-weather|none
|-heal|p2a: Asuna|11/100|[from] item: Leftovers
|upkeep
|
|t:|1784929460
|switch|p1a: Ninetales|Ninetales-Alola, L50, F|100/100
|-weather|Snowscape|[from] ability: Snow Warning|[of] p1a: Ninetales
|turn|6
|
|t:|1784929493
|switch|p2b: Fraudbsol|Absol-Mega, L50, F|40/100 brn
|detailschange|p1b: Gyarados|Gyarados-Mega, L50, M
|-mega|p1b: Gyarados|Gyarados|Gyaradosite
|-ability|p1b: Gyarados|Mold Breaker
|move|p1a: Ninetales|Freeze-Dry|p2a: Asuna
|-supereffective|p2a: Asuna|1
|-damage|p2a: Asuna|0 fnt
|faint|p2a: Asuna
|move|p1b: Gyarados|Dragon Dance|p1b: Gyarados
|-boost|p1b: Gyarados|atk|1
|-boost|p1b: Gyarados|spe|1
|
|-weather|Snowscape|[upkeep]
|-damage|p2b: Fraudbsol|34/100 brn|[from] brn
|upkeep
|c| HEROBREIN9|BREAK THE MOLD
|c|☆hakoryu|thank u gyrados for your service
|
|t:|1784929515
|switch|p2a: Icarus|Talonflame, L50, M|100/100
|turn|7
|
|t:|1784929546
|move|p1b: Gyarados|Protect|p1b: Gyarados
|-singleturn|p1b: Gyarados|Protect
|move|p2a: Icarus|Tailwind|p2a: Icarus
|-sidestart|p2: Wayne4Life|move: Tailwind
|move|p2b: Fraudbsol|Close Combat|p1b: Gyarados
|-activate|p1b: Gyarados|move: Protect
|move|p1a: Ninetales|Icy Wind|p2b: Fraudbsol|[spread] p2a,p2b
|-damage|p2a: Icarus|78/100
|-damage|p2b: Fraudbsol|8/100 brn
|-unboost|p2a: Icarus|spe|1
|-unboost|p2b: Fraudbsol|spe|1
|
|-weather|Snowscape|[upkeep]
|-damage|p2b: Fraudbsol|2/100 brn|[from] brn
|upkeep
|turn|8
|
|t:|1784929567
|move|p2a: Icarus|Flare Blitz|p1a: Ninetales
|-supereffective|p1a: Ninetales|1
|-damage|p1a: Ninetales|38/100
|-damage|p2a: Icarus|57/100|[from] Recoil
|move|p2b: Fraudbsol|Play Rough|p1b: Gyarados
|-supereffective|p1b: Gyarados|1
|-damage|p1b: Gyarados|71/100
|move|p1b: Gyarados|Waterfall|p2a: Icarus
|-supereffective|p2a: Icarus|1
|-damage|p2a: Icarus|0 fnt
|faint|p2a: Icarus
|move|p1a: Ninetales|Icy Wind|p2b: Fraudbsol
|-damage|p2b: Fraudbsol|0 fnt
|faint|p2b: Fraudbsol
|
|-weather|Snowscape|[upkeep]
|-sideend|p1: hakoryu|move: Aurora Veil
|upkeep
|
|t:|1784929578
|switch|p2b: GHOATdengo|Gholdengo, L50|64/100
|turn|9
|
|t:|1784929597
|move|p2b: GHOATdengo|Make It Rain|p1a: Ninetales|[spread] p1a,p1b
|-supereffective|p1a: Ninetales|2
|-resisted|p1b: Gyarados|1
|-damage|p1a: Ninetales|0 fnt
|-damage|p1b: Gyarados|46/100
|-unboost|p2b: GHOATdengo|spa|2
|faint|p1a: Ninetales
|-damage|p2b: GHOATdengo|54/100|[from] item: Life Orb
|move|p1b: Gyarados|Crunch|p2b: GHOATdengo
|-supereffective|p2b: GHOATdengo|1
|-damage|p2b: GHOATdengo|0 fnt
|faint|p2b: GHOATdengo
|
|win|hakoryu
|inactive|hakoryu has 30 seconds to confirm battle start!
|inactive|Wayne4Life has 30 seconds to confirm battle start!
||Wayne4Life is ready for game 3.
|c|☆hakoryu|gg
||hakoryu is ready for game 3.
|uhtml|next|Next: Game 3 of 3
|l| HEROBREIN9
|l|☆Wayne4Life
|player|p2|
