|j|☆semiau
|j|☆Leuco9
|html|semiauLeuco9    
|uhtml|bestof|Game 2 of a best-of-3
|t:|1784333012
|gametype|doubles
|player|p1|semiau|2|1140
|player|p2|Leuco9|acetrainer|1142
|gen|9
|tier|[Gen 9 Champions] VGC 2026 Reg M-B (Bo3)
|rated|
|rule|Species Clause: Limit one of each Pokémon
|rule|Item Clause: Limit 1 of each item
|clearpoke
|poke|p1|Milotic, L50, M|
|poke|p1|Toxapex, L50, M|
|poke|p1|Sinistcha, L50|
|poke|p1|Farigiraf, L50, M|
|poke|p1|Incineroar, L50, F|
|poke|p1|Garchomp, L50, F|
|poke|p2|Swampert, L50, F|
|poke|p2|Pelipper, L50, F|
|poke|p2|Basculegion, L50, M|
|poke|p2|Archaludon, L50, F|
|poke|p2|Farigiraf, L50, M|
|poke|p2|Kingambit, L50, F|
|teampreview|4
|showteam|p1|Milotic||MysticWater|Competitive|MuddyWater,Coil,Protect,Hypnosis|Bold||M|||50|]Toxapex||Leftovers|Regenerator|Toxic,BanefulBunker,Haze,Infestation|Careful||M|||50|]Sinistcha||KasibBerry|Hospitality|MatchaGotcha,RagePowder,TrickRoom,Protect|Bold|||||50|]Farigiraf||MentalHerb|ArmorTail|TwinBeam,TrickRoom,HelpingHand,HyperVoice|Relaxed||M|||50|]Incineroar||BlackGlasses|Intimidate|PartingShot,ThroatChop,FakeOut,FlareBlitz|Serious||F|||50|]Garchomp||Garchompite|RoughSkin|Earthquake,BreakingSwipe,Protect,StoneEdge|Jolly||F|||50|
|showteam|p2|Swampert||Swampertite|Damp|WaveCrash,Earthquake,IcePunch,Protect|Adamant||F|||50|]Pelipper||FocusSash|Drizzle|Hurricane,MuddyWater,Tailwind,Protect|Modest||F|||50|]Basculegion||ChoiceScarf|Adaptability|WaveCrash,LastRespects,AquaJet,FlipTurn|Jolly||M|||50|]Archaludon||Leftovers|Stamina|ElectroShot,FlashCannon,DragonPulse,Protect|Calm||F|||50|]Farigiraf||SitrusBerry|ArmorTail|TwinBeam,GrassKnot,HelpingHand,TrickRoom|Bold||M|||50|]Kingambit||ChopleBerry|Defiant|KowtowCleave,IronHead,SuckerPunch,BrickBreak|Adamant||F|||50|
|
|t:|1784333036
|teamsize|p1|4
|teamsize|p2|4
|start
|switch|p1a: Garchomp|Garchomp, L50, F|100/100
|switch|p1b: Incineroar|Incineroar, L50, F|100/100
|switch|p2a: Basculegion|Basculegion, L50, M|100/100
|switch|p2b: Archaludon|Archaludon, L50, F|100/100
|-ability|p1b: Incineroar|Intimidate|boost
|-unboost|p2a: Basculegion|atk|1
|-unboost|p2b: Archaludon|atk|1
|turn|1
|
|t:|1784333059
|detailschange|p1a: Garchomp|Garchomp-Mega, L50, F
|-mega|p1a: Garchomp|Garchomp|Garchompite
|move|p2a: Basculegion|Flip Turn|p2b: Archaludon
|-resisted|p2b: Archaludon|1
|-damage|p2b: Archaludon|89/100
|-ability|p2b: Archaludon|Stamina|boost
|-boost|p2b: Archaludon|def|1
|
|t:|1784333065
|switch|p2a: Pelipper|Pelipper, L50, F|100/100|[from] Flip Turn
|-weather|RainDance|[from] ability: Drizzle|[of] p2a: Pelipper
|move|p1a: Garchomp|Stone Edge|p2a: Pelipper
|-supereffective|p2a: Pelipper|1
|-crit|p2a: Pelipper
|-enditem|p2a: Pelipper|Focus Sash
|-damage|p2a: Pelipper|1/100
|move|p2b: Archaludon|Electro Shot||[still]
|-prepare|p2b: Archaludon|Electro Shot
|-boost|p2b: Archaludon|spa|1
|-anim|p2b: Archaludon|Electro Shot|p1b: Incineroar
|-damage|p1b: Incineroar|48/100
|move|p1b: Incineroar|Parting Shot|p2a: Pelipper
|-unboost|p2a: Pelipper|atk|1
|-unboost|p2a: Pelipper|spa|1
|
|t:|1784333091
|switch|p1b: Sinistcha|Sinistcha, L50|100/100|[from] Parting Shot
|
|-weather|RainDance|[upkeep]
|-heal|p2b: Archaludon|95/100|[from] item: Leftovers
|upkeep
|turn|2
|
|t:|1784333114
|move|p1a: Garchomp|Earthquake|p2b: Archaludon|[spread] p1b,p2b
|-immune|p2a: Pelipper
|-resisted|p1b: Sinistcha|1
|-supereffective|p2b: Archaludon|1
|-crit|p2b: Archaludon
|-damage|p1b: Sinistcha|82/100
|-damage|p2b: Archaludon|7/100
|-ability|p2b: Archaludon|Stamina|boost
|-boost|p2b: Archaludon|def|1
|move|p2a: Pelipper|Hurricane|p1b: Sinistcha
|-supereffective|p1b: Sinistcha|1
|-crit|p1b: Sinistcha
|-damage|p1b: Sinistcha|0 fnt
|faint|p1b: Sinistcha
|move|p2b: Archaludon|Dragon Pulse|p1a: Garchomp
|-supereffective|p1a: Garchomp|1
|-damage|p1a: Garchomp|15/100
|
|-weather|RainDance|[upkeep]
|-heal|p2b: Archaludon|14/100|[from] item: Leftovers
|upkeep
|
|t:|1784333130
|switch|p1b: Incineroar|Incineroar, L50, F|48/100
|-ability|p1b: Incineroar|Intimidate|boost
|-unboost|p2a: Pelipper|atk|1
|-unboost|p2b: Archaludon|atk|1
|turn|3
|
|t:|1784333152
|switch|p2a: Kingambit|Kingambit, L50, F|100/100
|move|p2b: Archaludon|Protect|p2b: Archaludon
|-singleturn|p2b: Archaludon|Protect
|move|p1a: Garchomp|Breaking Swipe|p2b: Archaludon|[spread] p2a
|-activate|p2b: Archaludon|move: Protect
|-resisted|p2a: Kingambit|1
|-damage|p2a: Kingambit|91/100
|-unboost|p2a: Kingambit|atk|1
|-ability|p2a: Kingambit|Defiant|boost
|-boost|p2a: Kingambit|atk|2
|move|p1b: Incineroar|Parting Shot|p2b: Archaludon
|-activate|p2b: Archaludon|move: Protect
|
|-weather|RainDance|[upkeep]
|-heal|p2b: Archaludon|20/100y|[from] item: Leftovers
|upkeep
|turn|4
|
|t:|1784333169
|switch|p1b: Farigiraf|Farigiraf, L50, M|100/100
|move|p2a: Kingambit|Sucker Punch||[still]
|cant|p1b: Farigiraf|ability: Armor Tail|Sucker Punch|[of] p2a: Kingambit
|move|p1a: Garchomp|Earthquake|p2a: Kingambit|[spread] p1b,p2a,p2b
|-supereffective|p2a: Kingambit|1
|-supereffective|p2b: Archaludon|1
|-damage|p1b: Farigiraf|66/100
|-damage|p2a: Kingambit|28/100
|-damage|p2b: Archaludon|0 fnt
|faint|p2b: Archaludon
|
|-weather|RainDance|[upkeep]
|upkeep
|l|☆semiau
|player|p1|
|
|t:|1784333181
|switch|p2b: Basculegion|Basculegion, L50, M|100/100
|turn|5
|inactive|Battle timer is ON: inactive players will automatically lose when time's up. (requested by Leuco9)
|j|☆semiau
|inactive|semiau reconnected and has 75 seconds left.
|player|p1|semiau|2|
|inactive|semiau has 60 seconds left.
|
|t:|1784333251
|switch|p1a: Incineroar|Incineroar, L50, F|48/100
|-ability|p1a: Incineroar|Intimidate|boost
|-unboost|p2a: Kingambit|atk|1
|-ability|p2a: Kingambit|Defiant|boost
|-boost|p2a: Kingambit|atk|2
|-unboost|p2b: Basculegion|atk|1
|move|p2b: Basculegion|Flip Turn|p1a: Incineroar
|-supereffective|p1a: Incineroar|1
|-damage|p1a: Incineroar|0 fnt
|faint|p1a: Incineroar
|
|t:|1784333260
|switch|p2b: Pelipper|Pelipper, L50, F|1/100|[from] Flip Turn
|move|p1b: Farigiraf|Hyper Voice|p2b: Pelipper|[spread] p2a,p2b
|-resisted|p2a: Kingambit|1
|-damage|p2a: Kingambit|14/100
|-damage|p2b: Pelipper|0 fnt
|faint|p2b: Pelipper
|move|p2a: Kingambit|Kowtow Cleave|p1b: Farigiraf
|-supereffective|p1b: Farigiraf|1
|-damage|p1b: Farigiraf|0 fnt
|faint|p1b: Farigiraf
|
|-weather|none
|upkeep
|-message|semiau forfeited.
|raw|semiau's rating: 1140 → 1115(-25 for losing)
|raw|Leuco9's rating: 1142 → 1167(+25 for winning)
|
|win|Leuco9
|l|☆semiau
|player|p1|
