|j|☆grimmnay
|j|☆The median voter
|html|grimmnayThe median voter    
|uhtml|bestof|Game 1 of a best-of-3
|t:|1756403609
|gametype|doubles
|player|p1|grimmnay|crasherwake|1397
|player|p2|The median voter|scientist-gen4dp|1301
|gen|9
|tier|[Gen 9] VGC 2025 Reg H (Bo3)
|rated|
|rule|Species Clause: Limit one of each Pokémon
|rule|Item Clause: Limit 1 of each item
|clearpoke
|poke|p1|Archaludon, L50, M|
|poke|p1|Dragonite, L50, F|
|poke|p1|Pelipper, L50, M|
|poke|p1|Ursaluna, L50, F|
|poke|p1|Sinistcha, L50|
|poke|p1|Gholdengo, L50|
|poke|p2|Kommo-o, L50, F|
|poke|p2|Volcarona, L50, M|
|poke|p2|Rillaboom, L50, F|
|poke|p2|Kingambit, L50, F|
|poke|p2|Ninetales-Alola, L50, M|
|poke|p2|Arcanine-Hisui, L50, F|
|teampreview|4
|showteam|p1|Archaludon||AssaultVest|Stamina|FlashCannon,BodyPress,ElectroShot,Snarl|||M|||50|,,,,,Fighting]Dragonite||LoadedDice|Multiscale|ScaleShot,Tailwind,Haze,Protect|||F|||50|,,,,,Fairy]Pelipper||FocusSash|Drizzle|MuddyWater,Hurricane,Tailwind,Protect|||M|||50|,,,,,Ghost]Ursaluna||FlameOrb|Guts|Facade,HeadlongRush,Earthquake,Protect|||F|||50|,,,,,Ghost]Sinistcha||SitrusBerry|Hospitality|MatchaGotcha,LifeDew,RagePowder,TrickRoom||||||50|,,,,,Dark]Gholdengo||ChoiceScarf|GoodasGold|MakeItRain,ShadowBall,Trick,Protect||||||50|,,,,,Flying
|showteam|p2|Kommo-o||GrassySeed|Overcoat|BodyPress,Taunt,Protect,Flamethrower|||F|||50|,,,,,Fire]Volcarona||SitrusBerry|FlameBody|HeatWave,GigaDrain,QuiverDance,Protect|||M|||50|,,,,,Grass]Rillaboom||AssaultVest|GrassySurge|FakeOut,GrassyGlide,WoodHammer,HighHorsepower|||F|||50|,,,,,Fire]Kingambit||BlackGlasses|Defiant|KowtowCleave,SuckerPunch,SwordsDance,Protect|||F|||50|,,,,,Dark]Ninetales-Alola||LifeOrb|SnowWarning|Blizzard,Protect,IcyWind,FreezeDry|||M|||50|,,,,,Ghost]Arcanine-Hisui||MirrorHerb|Intimidate|RockSlide,FlareBlitz,ExtremeSpeed,Protect|||F|||50|,,,,,Fairy
|inactive|Battle timer is ON: inactive players will automatically lose when time's up. (requested by grimmnay)
|inactive|grimmnay has 60 seconds left.
|inactive|The median voter has 60 seconds left.
|l|☆The median voter
|inactive|The median voter disconnected and has a minute to reconnect!
|player|p2|
|j|☆The median voter
|inactive|The median voter reconnected.
|player|p2|The median voter|scientist-gen4dp|
|inactive|grimmnay has 30 seconds left.
|l|☆The median voter
|inactive|The median voter disconnected and has a minute to reconnect!
|player|p2|
|j|☆The median voter
|inactive|The median voter reconnected.
|player|p2|The median voter|scientist-gen4dp|
|inactive|grimmnay has 20 seconds left.
|inactive|grimmnay has 15 seconds left.
|
|t:|1756403690
|teamsize|p1|4
|teamsize|p2|4
|start
|switch|p1a: Dragonite|Dragonite, L50, F|100/100
|switch|p1b: Archaludon|Archaludon, L50, M|100/100
|switch|p2a: Ninetales|Ninetales-Alola, L50, M|100/100
|switch|p2b: Volcarona|Volcarona, L50, M|100/100
|-weather|Snowscape|[from] ability: Snow Warning|[of] p2a: Ninetales
|turn|1
|inactive|grimmnay has 30 seconds left.
|inactive|grimmnay has 20 seconds left.
|
|t:|1756403726
|switch|p2a: Rillaboom|Rillaboom, L50, F|100/100
|-fieldstart|move: Grassy Terrain|[from] ability: Grassy Surge|[of] p2a: Rillaboom
|move|p2b: Volcarona|Quiver Dance|p2b: Volcarona
|-boost|p2b: Volcarona|spa|1
|-boost|p2b: Volcarona|spd|1
|-boost|p2b: Volcarona|spe|1
|move|p1a: Dragonite|Tailwind|p1a: Dragonite
|-sidestart|p1: grimmnay|move: Tailwind
|move|p1b: Archaludon|Flash Cannon|p2a: Rillaboom
|-damage|p2a: Rillaboom|68/100
|
|-weather|Snowscape|[upkeep]
|-heal|p2a: Rillaboom|74/100|[from] Grassy Terrain
|upkeep
|turn|2
|inactive|grimmnay has 30 seconds left.
|
|t:|1756403755
|move|p1a: Dragonite|Protect|p1a: Dragonite
|-singleturn|p1a: Dragonite|Protect
|move|p1b: Archaludon|Snarl|p2a: Rillaboom|[spread] p2a,p2b
|-damage|p2a: Rillaboom|63/100
|-damage|p2b: Volcarona|92/100
|-unboost|p2a: Rillaboom|spa|1
|-unboost|p2b: Volcarona|spa|1
|move|p2b: Volcarona|Heat Wave|p1a: Dragonite|[spread] 
|-activate|p1a: Dragonite|move: Protect
|-miss|p2b: Volcarona|p1b: Archaludon
|move|p2a: Rillaboom|Wood Hammer|p1a: Dragonite
|-activate|p1a: Dragonite|move: Protect
|
|-weather|Snowscape|[upkeep]
|-heal|p2b: Volcarona|98/100|[from] Grassy Terrain
|-heal|p2a: Rillaboom|69/100|[from] Grassy Terrain
|upkeep
|turn|3
|inactive|grimmnay has 30 seconds left.
|
|t:|1756403781
|switch|p2a: Kommo-o|Kommo-o, L50, F|100/100
|-enditem|p2a: Kommo-o|Grassy Seed
|-boost|p2a: Kommo-o|def|1|[from] item: Grassy Seed
|move|p1a: Dragonite|Scale Shot|p2b: Volcarona
|-damage|p2b: Volcarona|79/100
|-crit|p2b: Volcarona
|-damage|p2b: Volcarona|50/100
|-enditem|p2b: Volcarona|Sitrus Berry|[eat]
|-heal|p2b: Volcarona|75/100|[from] item: Sitrus Berry
|-damage|p2b: Volcarona|58/100
|-damage|p2b: Volcarona|41/100
|-hitcount|p2b: Volcarona|4
|-unboost|p1a: Dragonite|def|1
|-boost|p1a: Dragonite|spe|1
|move|p1b: Archaludon|Snarl|p2a: Kommo-o|[spread] p2a,p2b
|-resisted|p2a: Kommo-o
|-damage|p2a: Kommo-o|92/100
|-damage|p2b: Volcarona|32/100
|-unboost|p2a: Kommo-o|spa|1
|-unboost|p2b: Volcarona|spa|1
|move|p2b: Volcarona|Quiver Dance|p2b: Volcarona
|-boost|p2b: Volcarona|spa|1
|-boost|p2b: Volcarona|spd|1
|-boost|p2b: Volcarona|spe|1
|
|-weather|Snowscape|[upkeep]
|-heal|p2b: Volcarona|39/100|[from] Grassy Terrain
|-heal|p2a: Kommo-o|98/100|[from] Grassy Terrain
|upkeep
|turn|4
|inactive|grimmnay has 30 seconds left.
|inactive|grimmnay has 20 seconds left.
|inactive|grimmnay has 15 seconds left.
|inactive|grimmnay has 10 seconds left.
|
|t:|1756403827
|-terastallize|p1b: Archaludon|Fighting
|-terastallize|p2a: Kommo-o|Fire
|move|p1a: Dragonite|Haze|p1a: Dragonite
|-clearallboost
|move|p1b: Archaludon|Snarl|p2b: Volcarona|[spread] p2a,p2b
|-damage|p2a: Kommo-o|82/100
|-damage|p2b: Volcarona|27/100
|-unboost|p2a: Kommo-o|spa|1
|-unboost|p2b: Volcarona|spa|1
|move|p2a: Kommo-o|Body Press|p1b: Archaludon
|-damage|p1b: Archaludon|72/100
|-ability|p1b: Archaludon|Stamina|boost
|-boost|p1b: Archaludon|def|1
|move|p2b: Volcarona|Heat Wave|p1b: Archaludon|[spread] p1a,p1b
|-resisted|p1a: Dragonite
|-damage|p1a: Dragonite|94/100
|-damage|p1b: Archaludon|51/100
|-ability|p1b: Archaludon|Stamina|boost
|-boost|p1b: Archaludon|def|1
|
|-weather|Snowscape|[upkeep]
|-heal|p1b: Archaludon|57/100|[from] Grassy Terrain
|-heal|p2a: Kommo-o|88/100|[from] Grassy Terrain
|-heal|p2b: Volcarona|33/100|[from] Grassy Terrain
|-sideend|p1: grimmnay|move: Tailwind
|upkeep
|turn|5
|inactive|grimmnay has 30 seconds left.
|inactive|grimmnay has 20 seconds left.
|inactive|grimmnay has 15 seconds left.
|inactive|grimmnay has 10 seconds left.
|inactive|grimmnay has 5 seconds left.
|
|t:|1756403880
|move|p2a: Kommo-o|Taunt|p1a: Dragonite
|-start|p1a: Dragonite|move: Taunt
|move|p2b: Volcarona|Quiver Dance|p2b: Volcarona
|-boost|p2b: Volcarona|spa|1
|-boost|p2b: Volcarona|spd|1
|-boost|p2b: Volcarona|spe|1
|move|p1a: Dragonite|Scale Shot|p2b: Volcarona
|-damage|p2b: Volcarona|16/100
|-damage|p2b: Volcarona|0 fnt
|faint|p2b: Volcarona
|-hitcount|p2: Volcarona|2
|-unboost|p1a: Dragonite|def|1
|-boost|p1a: Dragonite|spe|1
|move|p1b: Archaludon|Body Press|p2a: Kommo-o
|-damage|p2a: Kommo-o|28/100
|
|-weather|none
|-heal|p2a: Kommo-o|34/100|[from] Grassy Terrain
|-heal|p1b: Archaludon|63/100|[from] Grassy Terrain
|-fieldend|move: Grassy Terrain
|upkeep
|
|t:|1756403887
|switch|p2b: Ninetales|Ninetales-Alola, L50, M|100/100
|-weather|Snowscape|[from] ability: Snow Warning|[of] p2b: Ninetales
|turn|6
|inactive|grimmnay has 30 seconds left.
|inactive|grimmnay has 20 seconds left.
|inactive|grimmnay has 15 seconds left.
|
|t:|1756403931
|switch|p1a: Pelipper|Pelipper, L50, M|100/100
|-weather|RainDance|[from] ability: Drizzle|[of] p1a: Pelipper
|move|p2b: Ninetales|Blizzard|p1b: Archaludon|[spread] p1a,p1b
|-crit|p1a: Pelipper
|-enditem|p1a: Pelipper|Focus Sash
|-damage|p1a: Pelipper|1/100
|-damage|p1b: Archaludon|30/100
|-ability|p1b: Archaludon|Stamina|boost
|-boost|p1b: Archaludon|def|1
|-damage|p2b: Ninetales|91/100|[from] item: Life Orb
|move|p2a: Kommo-o|Flamethrower|p1b: Archaludon
|-damage|p1b: Archaludon|21/100
|-ability|p1b: Archaludon|Stamina|boost
|-boost|p1b: Archaludon|def|1
|move|p1b: Archaludon|Flash Cannon|p2b: Ninetales
|-supereffective|p2b: Ninetales
|-damage|p2b: Ninetales|0 fnt
|faint|p2b: Ninetales
|
|-weather|RainDance|[upkeep]
|upkeep
|
|t:|1756403941
|switch|p2b: Rillaboom|Rillaboom, L50, F|69/100
|-fieldstart|move: Grassy Terrain|[from] ability: Grassy Surge|[of] p2b: Rillaboom
|turn|7
|-message|The median voter forfeited.
|raw|grimmnay's rating: 1397 → 1412(+15 for winning)
|raw|The median voter's rating: 1301 → 1286(-15 for losing)
|
|win|grimmnay
|l|☆The median voter
|player|p2|
