|j|‽Juaner95
|j|☆Croissant996
|html|Juaner95Croissant996    
|uhtml|bestof|Game 3 of a best-of-3
|t:|1786159436
|gametype|doubles
|player|p1|Juaner95|ash-hoenn|1152
|player|p2|Croissant996|102|1030
|gen|9
|tier|[Gen 9 Champions] VGC 2026 Reg M-B (Bo3)
|rated|
|rule|Species Clause: Limit one of each Pokémon
|rule|Item Clause: Limit 1 of each item
|clearpoke
|poke|p1|Falinks, L50|
|poke|p1|Farigiraf, L50, M, shiny|
|poke|p1|Staraptor, L50, F|
|poke|p1|Incineroar, L50, M|
|poke|p1|Kingambit, L50, M|
|poke|p1|Sinistcha-Masterpiece, L50|
|poke|p2|Froslass, L50, F|
|poke|p2|Whimsicott, L50, M|
|poke|p2|Aurorus, L50, M|
|poke|p2|Staraptor, L50, F|
|poke|p2|Oranguru, L50, M|
|poke|p2|Mamoswine, L50, F|
|teampreview|4
|showteam|p1|Falinks||Falinksite|Defiant|CloseCombat,RockSlide,Protect,NoRetreat|Adamant|||||50|]Farigiraf||SitrusBerry|ArmorTail|Psychic,HelpingHand,AllySwitch,TrickRoom|Bold||M|||50|]Staraptor||ChoiceScarf|Intimidate|FinalGambit,DualWingbeat,CloseCombat,Tailwind|Jolly||F|||50|]Incineroar||LumBerry|Intimidate|FlareBlitz,ThroatChop,PartingShot,FakeOut|Careful||M|||50|]Kingambit||BlackGlasses|Defiant|KowtowCleave,IronHead,SuckerPunch,LowKick|Brave||M|||50|]Sinistcha-Masterpiece||KasibBerry|Hospitality|MatchaGotcha,RagePowder,TrickRoom,LifeDew|Relaxed|||||50|
|showteam|p2|Froslass||Froslassite|CursedBody|Blizzard,ShadowBall,DrainingKiss,HelpingHand|Timid||F|||50|]Whimsicott||FocusSash|Prankster|Tailwind,HelpingHand,Charm,Encore|Bold||M|||50|]Aurorus||LifeOrb|Refrigerate|HyperVoice,CalmMind,AncientPower,AuroraVeil|Modest||M|||50|]Staraptor||Staraptite|Intimidate|CloseCombat,BraveBird,Whirlwind,Roost|Adamant||F|||50|]Oranguru||Leftovers|InnerFocus|Instruct,Encore,KnockOff,LightScreen|Careful||M|||50|]Mamoswine||NeverMeltIce|ThickFat|HighHorsepower,KnockOff,IceShard,IcicleCrash|Serious||F|||50|
|inactive|Battle timer is ON: inactive players will automatically lose when time's up. (requested by Croissant996)
|inactive|Juaner95 has 60 seconds left.
|inactive|Juaner95 has 30 seconds left.
|inactive|Juaner95 has 20 seconds left.
|
|t:|1786159561
|teamsize|p1|4
|teamsize|p2|4
|start
|switch|p1a: Staraptor|Staraptor, L50, F|100/100
|switch|p1b: Kingambit|Kingambit, L50, M|100/100
|switch|p2a: Froslass|Froslass, L50, F|100/100
|switch|p2b: Aurorus|Aurorus, L50, M|100/100
|-ability|p1a: Staraptor|Intimidate|boost
|-unboost|p2a: Froslass|atk|1
|-unboost|p2b: Aurorus|atk|1
|turn|1
|inactive|Juaner95 has 30 seconds left.
|inactive|Croissant996 has 30 seconds left.
|
|t:|1786159596
|switch|p2b: Whimsicott|Whimsicott, L50, M|100/100
|detailschange|p2a: Froslass|Froslass-Mega, L50, F
|-mega|p2a: Froslass|Froslass|Froslassite
|-weather|Snowscape|[from] ability: Snow Warning|[of] p2a: Froslass
|move|p1a: Staraptor|Close Combat|p2b: Whimsicott
|-resisted|p2b: Whimsicott|1
|-damage|p2b: Whimsicott|86/100
|-unboost|p1a: Staraptor|def|1
|-unboost|p1a: Staraptor|spd|1
|move|p2a: Froslass|Blizzard|p1b: Kingambit|[spread] p1a,p1b
|-supereffective|p1a: Staraptor|1
|-resisted|p1b: Kingambit|1
|-damage|p1a: Staraptor|0 fnt
|-damage|p1b: Kingambit|78/100
|faint|p1a: Staraptor
|move|p1b: Kingambit|Kowtow Cleave|p2a: Froslass
|-supereffective|p2a: Froslass|1
|-damage|p2a: Froslass|0 fnt
|faint|p2a: Froslass
|
|-weather|Snowscape|[upkeep]
|upkeep
|
|t:|1786159618
|switch|p2a: Mamoswine|Mamoswine, L50, F|100/100
|switch|p1a: Sinistcha|Sinistcha-Masterpiece, L50|100/100
|-heal|p1b: Kingambit|100/100|[from] ability: Hospitality|[of] p1a: Sinistcha
|turn|2
|
|t:|1786159636
|move|p2b: Whimsicott|Helping Hand|p2a: Mamoswine
|-singleturn|p2a: Mamoswine|Helping Hand|[of] p2b: Whimsicott
|move|p2a: Mamoswine|High Horsepower|p1b: Kingambit
|-supereffective|p1b: Kingambit|1
|-damage|p1b: Kingambit|0 fnt
|faint|p1b: Kingambit
|move|p1a: Sinistcha|Trick Room|p1a: Sinistcha
|-fieldstart|move: Trick Room|[of] p1a: Sinistcha
|
|-weather|Snowscape|[upkeep]
|upkeep
|
|t:|1786159643
|switch|p1b: Falinks|Falinks, L50|100/100
|turn|3
|
|t:|1786159660
|move|p1b: Falinks|Protect|p1b: Falinks
|-singleturn|p1b: Falinks|Protect
|move|p2a: Mamoswine|Ice Shard|p1a: Sinistcha
|-supereffective|p1a: Sinistcha|1
|-damage|p1a: Sinistcha|61/100
|move|p2b: Whimsicott|Charm|p1b: Falinks
|-activate|p1b: Falinks|move: Protect
|move|p1a: Sinistcha|Trick Room|p1a: Sinistcha
|-fieldend|move: Trick Room
|
|-weather|Snowscape|[upkeep]
|upkeep
|turn|4
|
|t:|1786159674
|detailschange|p1b: Falinks|Falinks-Mega, L50
|-mega|p1b: Falinks|Falinks|Falinksite
|move|p1a: Sinistcha|Rage Powder|p1a: Sinistcha
|-singleturn|p1a: Sinistcha|move: Rage Powder
|move|p2b: Whimsicott|Charm|p1b: Falinks
|-unboost|p1b: Falinks|atk|2
|-ability|p1b: Falinks|Defiant|boost
|-boost|p1b: Falinks|atk|2
|move|p2a: Mamoswine|Ice Shard|p1a: Sinistcha
|-supereffective|p1a: Sinistcha|1
|-damage|p1a: Sinistcha|23/100
|move|p1b: Falinks|No Retreat|p1b: Falinks
|-boost|p1b: Falinks|atk|1
|-boost|p1b: Falinks|def|1
|-boost|p1b: Falinks|spa|1
|-boost|p1b: Falinks|spd|1
|-boost|p1b: Falinks|spe|1
|-start|p1b: Falinks|move: No Retreat
|
|-weather|Snowscape|[upkeep]
|upkeep
|turn|5
|
|t:|1786159695
|move|p1a: Sinistcha|Rage Powder|p1a: Sinistcha
|-singleturn|p1a: Sinistcha|move: Rage Powder
|move|p2b: Whimsicott|Tailwind|p2b: Whimsicott
|-sidestart|p2: Croissant996|move: Tailwind
|move|p1b: Falinks|Close Combat|p2a: Mamoswine
|-supereffective|p2a: Mamoswine|1
|-damage|p2a: Mamoswine|0 fnt
|-unboost|p1b: Falinks|def|1
|-unboost|p1b: Falinks|spd|1
|faint|p2a: Mamoswine
|
|-weather|none
|upkeep
|
|t:|1786159708
|switch|p2a: Aurorus|Aurorus, L50, M|100/100
|turn|6
|
|t:|1786159723
|move|p2b: Whimsicott|Helping Hand|p2a: Aurorus
|-singleturn|p2a: Aurorus|Helping Hand|[of] p2b: Whimsicott
|move|p1a: Sinistcha|Rage Powder|p1a: Sinistcha
|-singleturn|p1a: Sinistcha|move: Rage Powder
|move|p1b: Falinks|Close Combat|p2a: Aurorus
|-supereffective|p2a: Aurorus|2
|-damage|p2a: Aurorus|0 fnt
|-unboost|p1b: Falinks|def|1
|-unboost|p1b: Falinks|spd|1
|faint|p2a: Aurorus
|
|upkeep
|turn|7
|
|t:|1786159742
|move|p1a: Sinistcha|Rage Powder|p1a: Sinistcha
|-singleturn|p1a: Sinistcha|move: Rage Powder
|move|p2b: Whimsicott|Encore|p1b: Falinks
|-start|p1b: Falinks|Encore
|move|p1b: Falinks|Close Combat|p2b: Whimsicott
|-resisted|p2b: Whimsicott|1
|-damage|p2b: Whimsicott|39/100
|-unboost|p1b: Falinks|def|1
|-unboost|p1b: Falinks|spd|1
|
|upkeep
|turn|8
|
|t:|1786159754
|move|p2b: Whimsicott|Charm|p1b: Falinks
|-unboost|p1b: Falinks|atk|2
|-ability|p1b: Falinks|Defiant|boost
|-boost|p1b: Falinks|atk|2
|move|p1b: Falinks|Close Combat|p2b: Whimsicott
|-resisted|p2b: Whimsicott|1
|-damage|p2b: Whimsicott|0 fnt
|-unboost|p1b: Falinks|def|1
|-unboost|p1b: Falinks|spd|1
|faint|p2b: Whimsicott
|
|win|Juaner95
|raw|Juaner95's rating: 1152 → 1169(+17 for winning)
|raw|Croissant996's rating: 1030 → 1020(-10 for losing)
|l|☆Croissant996
|player|p2|
