|j|☆merr123
|j|☆Desertfreak
|html|merr123Desertfreak    
|uhtml|bestof|Game 1 of a best-of-3
|t:|1756979231
|gametype|doubles
|player|p1|merr123|sisandbro|1316
|player|p2|Desertfreak|266|1319
|gen|9
|tier|[Gen 9] VGC 2025 Reg H (Bo3)
|rated|
|rule|Species Clause: Limit one of each Pokémon
|rule|Item Clause: Limit 1 of each item
|clearpoke
|poke|p1|Sneasler, L50, F|
|poke|p1|Gholdengo, L50|
|poke|p1|Amoonguss, L50, F|
|poke|p1|Incineroar, L50, F|
|poke|p1|Ursaluna-Bloodmoon, L50, M|
|poke|p1|Dragonite, L50, F|
|poke|p2|Gholdengo, L50|
|poke|p2|Kilowattrel, L50, M|
|poke|p2|Incineroar, L50, M|
|poke|p2|Amoonguss, L50, F|
|poke|p2|Porygon2, L50|
|poke|p2|Ursaluna, L50, M|
|teampreview|4
|showteam|p1|Sneasler||ClearAmulet|PoisonTouch|FakeOut,CloseCombat,DireClaw,Protect|||F|||50|,,,,,Water]Gholdengo||MetalCoat|GoodasGold|NastyPlot,MakeItRain,ShadowBall,Protect||||||50|,,,,,Water]Amoonguss||SitrusBerry|Regenerator|Spore,RagePowder,PollenPuff,Protect|||F|||50|,,,,,Water]Incineroar||SafetyGoggles|Intimidate|FakeOut,FlareBlitz,KnockOff,PartingShot|||F|||50|,,,,,Ghost]Ursaluna-Bloodmoon||LifeOrb|MindsEye|CalmMind,EarthPower,BloodMoon,Protect|||M|||50|,,,,,Poison]Dragonite||LoadedDice|Multiscale|ScaleShot,Haze,Tailwind,Protect|||F|||50|,,,,,Fairy
|showteam|p2|Gholdengo||LifeOrb|GoodasGold|MakeItRain,ShadowBall,Protect,NastyPlot||||||50|,,,,,Water]Kilowattrel||FocusSash|Competitive|Tailwind,Thunderbolt,AirSlash,Protect|||M|||50|,,,,,Ghost]Incineroar||SafetyGoggles|Intimidate|FakeOut,FlareBlitz,KnockOff,PartingShot|||M|||50|,,,,,Ghost]Amoonguss||SitrusBerry|Regenerator|PollenPuff,Spore,RagePowder,Protect|||F|||50|,,,,,Water]Porygon2||Eviolite|Download|TeraBlast,IceBeam,Recover,TrickRoom||||||50|,,,,,Fighting]Ursaluna||FlameOrb|Guts|HeadlongRush,Facade,Earthquake,Protect|||M|||50|,,,,,Ghost
|inactive|Battle timer is ON: inactive players will automatically lose when time's up. (requested by merr123)
|inactive|merr123 has 60 seconds left.
|inactive|merr123 has 30 seconds left.
|inactive|merr123 has 20 seconds left.
|inactive|merr123 has 15 seconds left.
|inactive|merr123 has 10 seconds left.
|inactive|merr123 has 5 seconds left.
|
|t:|1756979319
|teamsize|p1|4
|teamsize|p2|4
|start
|switch|p1a: Sneasler|Sneasler, L50, F|100/100
|switch|p1b: Gholdengo|Gholdengo, L50|100/100
|switch|p2a: Kilowattrel|Kilowattrel, L50, M, shiny|100/100
|switch|p2b: Porygon2|Porygon2, L50, shiny|100/100
|-ability|p2b: Porygon2|Download|boost
|-boost|p2b: Porygon2|atk|1
|turn|1
|inactive|merr123 has 30 seconds left.
|inactive|merr123 has 20 seconds left.
|inactive|merr123 has 15 seconds left.
|inactive|merr123 has 10 seconds left.
|inactive|Desertfreak has 30 seconds left.
|
|t:|1756979369
|switch|p2b: Ursaluna|Ursaluna, L50, M, shiny|100/100
|move|p1a: Sneasler|Fake Out|p2a: Kilowattrel
|-damage|p2a: Kilowattrel|73/100
|-status|p2a: Kilowattrel|psn|[from] ability: Poison Touch|[of] p1a: Sneasler
|cant|p2a: Kilowattrel|flinch
|move|p1b: Gholdengo|Nasty Plot|p1b: Gholdengo
|-boost|p1b: Gholdengo|spa|2
|
|-damage|p2a: Kilowattrel|61/100 psn|[from] psn
|-status|p2b: Ursaluna|brn|[from] item: Flame Orb
|upkeep
|turn|2
|inactive|merr123 has 30 seconds left.
|inactive|merr123 has 20 seconds left.
|inactive|Desertfreak has 30 seconds left.
|inactive|merr123 has 15 seconds left.
|inactive|merr123 has 10 seconds left.
|inactive|merr123 has 5 seconds left.
|
|t:|1756979420
|-terastallize|p1b: Gholdengo|Water
|move|p1a: Sneasler|Protect|p1a: Sneasler
|-singleturn|p1a: Sneasler|Protect
|move|p2a: Kilowattrel|Tailwind|p2a: Kilowattrel
|-sidestart|p2: Desertfreak|move: Tailwind
|move|p2b: Ursaluna|Earthquake|p1a: Sneasler|[spread] p1b
|-activate|p1a: Sneasler|move: Protect
|-immune|p2a: Kilowattrel
|-damage|p1b: Gholdengo|18/100
|move|p1b: Gholdengo|Make It Rain|p2a: Kilowattrel|[spread] p2a,p2b
|-resisted|p2a: Kilowattrel
|-crit|p2a: Kilowattrel
|-damage|p2a: Kilowattrel|0 fnt
|-damage|p2b: Ursaluna|0 fnt
|-unboost|p1b: Gholdengo|spa|1
|faint|p2a: Kilowattrel
|faint|p2b: Ursaluna
|
|upkeep
|
|t:|1756979423
|switch|p2a: Gholdengo|Gholdengo, L50|100/100
|switch|p2b: Porygon2|Porygon2, L50, shiny|100/100
|-ability|p2b: Porygon2|Download|boost
|-boost|p2b: Porygon2|atk|1
|turn|3
|inactive|merr123 has 30 seconds left.
|inactive|merr123 has 20 seconds left.
|
|t:|1756979460
|move|p2a: Gholdengo|Nasty Plot|p2a: Gholdengo
|-boost|p2a: Gholdengo|spa|2
|move|p1a: Sneasler|Close Combat|p2b: Porygon2
|-supereffective|p2b: Porygon2
|-damage|p2b: Porygon2|7/100
|-unboost|p1a: Sneasler|def|1
|-unboost|p1a: Sneasler|spd|1
|move|p2b: Porygon2|Tera Blast|p1b: Gholdengo
|-damage|p1b: Gholdengo|0 fnt
|faint|p1b: Gholdengo
|
|upkeep
|inactive|merr123 has 30 seconds left.
|inactive|merr123 has 20 seconds left.
|inactive|merr123 has 15 seconds left.
|inactive|merr123 has 10 seconds left.
|
|t:|1756979506
|switch|p1b: Incineroar|Incineroar, L50, F|100/100
|-ability|p1b: Incineroar|Intimidate|boost
|-unboost|p2a: Gholdengo|atk|1
|-unboost|p2b: Porygon2|atk|1
|turn|4
|inactive|merr123 has 30 seconds left.
|
|t:|1756979536
|-terastallize|p2a: Gholdengo|Water
|move|p2a: Gholdengo|Make It Rain|p1b: Incineroar|[spread] p1a,p1b
|-resisted|p1b: Incineroar
|-damage|p1a: Sneasler|0 fnt
|-damage|p1b: Incineroar|49/100
|-unboost|p2a: Gholdengo|spa|1
|faint|p1a: Sneasler
|-damage|p2a: Gholdengo|91/100|[from] item: Life Orb
|move|p2b: Porygon2|Recover|p2b: Porygon2
|-heal|p2b: Porygon2|57/100
|move|p1b: Incineroar|Knock Off|p2a: Gholdengo
|-damage|p2a: Gholdengo|39/100
|-enditem|p2a: Gholdengo|Life Orb|[from] move: Knock Off|[of] p1b: Incineroar
|
|upkeep
|
|t:|1756979549
|switch|p1a: Amoonguss|Amoonguss, L50, F|100/100
|turn|5
|
|t:|1756979571
|move|p2a: Gholdengo|Nasty Plot|p2a: Gholdengo
|-boost|p2a: Gholdengo|spa|2
|move|p2b: Porygon2|Tera Blast|p1b: Incineroar
|-crit|p1b: Incineroar
|-damage|p1b: Incineroar|2/100
|move|p1b: Incineroar|Knock Off|p2a: Gholdengo
|-damage|p2a: Gholdengo|7/100
|move|p1a: Amoonguss|Pollen Puff|p1b: Incineroar
|-heal|p1b: Incineroar|52/100
|
|-sideend|p2: Desertfreak|move: Tailwind
|upkeep
|turn|6
|inactive|merr123 has 30 seconds left.
|
|t:|1756979602
|move|p1a: Amoonguss|Protect|p1a: Amoonguss
|-singleturn|p1a: Amoonguss|Protect
|move|p2a: Gholdengo|Make It Rain|p1b: Incineroar|[spread] p1b
|-activate|p1a: Amoonguss|move: Protect
|-resisted|p1b: Incineroar
|-damage|p1b: Incineroar|4/100
|-unboost|p2a: Gholdengo|spa|1
|move|p1b: Incineroar|Knock Off|p2a: Gholdengo
|-damage|p2a: Gholdengo|0 fnt
|faint|p2a: Gholdengo
|move|p2b: Porygon2|Tera Blast|p1b: Incineroar
|-damage|p1b: Incineroar|0 fnt
|faint|p1b: Incineroar
|
|upkeep
|turn|7
|
|t:|1756979612
|move|p2b: Porygon2|Ice Beam|p1a: Amoonguss
|-supereffective|p1a: Amoonguss
|-damage|p1a: Amoonguss|49/100
|-enditem|p1a: Amoonguss|Sitrus Berry|[eat]
|-heal|p1a: Amoonguss|74/100|[from] item: Sitrus Berry
|move|p1a: Amoonguss|Spore|p2b: Porygon2
|-status|p2b: Porygon2|slp|[from] move: Spore
|
|upkeep
|turn|8
|
|t:|1756979615
|cant|p2b: Porygon2|slp
|move|p1a: Amoonguss|Pollen Puff|p2b: Porygon2
|-damage|p2b: Porygon2|45/100 slp
|
|upkeep
|turn|9
|
|t:|1756979617
|cant|p2b: Porygon2|slp
|move|p1a: Amoonguss|Pollen Puff|p2b: Porygon2
|-damage|p2b: Porygon2|33/100 slp
|
|upkeep
|turn|10
|
|t:|1756979621
|-curestatus|p2b: Porygon2|slp|[msg]
|move|p2b: Porygon2|Recover|p2b: Porygon2
|-heal|p2b: Porygon2|83/100
|move|p1a: Amoonguss|Pollen Puff|p2b: Porygon2
|-damage|p2b: Porygon2|71/100
|
|upkeep
|turn|11
|
|t:|1756979624
|move|p2b: Porygon2|Ice Beam|p1a: Amoonguss
|-supereffective|p1a: Amoonguss
|-damage|p1a: Amoonguss|22/100
|move|p1a: Amoonguss|Spore|p2b: Porygon2
|-status|p2b: Porygon2|slp|[from] move: Spore
|
|upkeep
|turn|12
|
|t:|1756979626
|cant|p2b: Porygon2|slp
|move|p1a: Amoonguss|Pollen Puff|p2b: Porygon2
|-damage|p2b: Porygon2|58/100 slp
|
|upkeep
|turn|13
|-message|merr123 forfeited.
|
|win|Desertfreak
