|j|☆Wesrui
|j|☆maniac916
|html|Wesruimaniac916    
|uhtml|bestof|Game 1 of a best-of-3
|t:|1757806082
|gametype|doubles
|player|p1|Wesrui|silver|1009
|player|p2|maniac916|102|1110
|gen|9
|tier|[Gen 9] VGC 2025 Reg H (Bo3)
|rated|
|rule|Species Clause: Limit one of each Pokémon
|rule|Item Clause: Limit 1 of each item
|clearpoke
|poke|p1|Ninetales-Alola, L50, F|
|poke|p1|Kommo-o, L50, M|
|poke|p1|Arcanine-Hisui, L50, M|
|poke|p1|Basculegion, L50, M|
|poke|p1|Kingambit, L50, F|
|poke|p1|Rillaboom, L50, M|
|poke|p2|Gholdengo, L50|
|poke|p2|Kilowattrel, L50, F|
|poke|p2|Garchomp, L50, F|
|poke|p2|Incineroar, L50, F|
|poke|p2|Amoonguss, L50, M|
|poke|p2|Tyranitar, L50, F|
|teampreview|4
|showteam|p1|Ninetales-Alola||FocusSash|SnowWarning|Blizzard,Encore,IcyWind,AuroraVeil|||F|||50|,,,,,Ghost]Kommo-o||ThroatSpray|Overcoat|ClangingScales,Flamethrower,ClangorousSoul,Protect|||M|||50|,,,,,Fire]Arcanine-Hisui||ChoiceBand|Intimidate|FlareBlitz,RockSlide,ExtremeSpeed,HeadSmash|||M|||50|,,,,,Ghost]Basculegion||ChoiceScarf|Adaptability|WaveCrash,LastRespects,FlipTurn,AquaJet|||M|||50|,,,,,Water]Kingambit||AssaultVest|Defiant|SuckerPunch,KowtowCleave,LowKick,IronHead|||F|||50|,,,,,Water]Rillaboom||MiracleSeed|GrassySurge|GrassyGlide,WoodHammer,FakeOut,Taunt|||M|||50|,,,,,Grass
|showteam|p2|Gholdengo||MetalCoat|GoodasGold|MakeItRain,NastyPlot,ShadowBall,Protect||||||50|,,,,,Flying]Kilowattrel||CovertCloak|Competitive|AirSlash,Tailwind,Thunderbolt,Protect|||F|||50|,,,,,Fairy]Garchomp||LifeOrb|RoughSkin|StompingTantrum,DragonClaw,Earthquake,Protect|||F|||50|,,,,,Fire]Incineroar||SafetyGoggles|Intimidate|FakeOut,FlareBlitz,KnockOff,PartingShot|||F|||50|,,,,,Grass]Amoonguss||SitrusBerry|Regenerator|Spore,RagePowder,PollenPuff,Protect|||M|||50|,,,,,Water]Tyranitar||AssaultVest|SandStream|RockSlide,KnockOff,LowKick,TeraBlast|||F|||50|,,,,,Flying
|inactive|Battle timer is ON: inactive players will automatically lose when time's up. (requested by Wesrui)
|inactive|Wesrui has 60 seconds left.
|inactive|maniac916 has 60 seconds left.
|inactive|Wesrui has 30 seconds left.
|
|t:|1757806142
|teamsize|p1|4
|teamsize|p2|4
|start
|switch|p1a: Arcanine|Arcanine-Hisui, L50, M|100/100
|switch|p1b: Rillaboom|Rillaboom, L50, M|100/100
|switch|p2a: Kilowattrel|Kilowattrel, L50, F|100/100
|switch|p2b: Garchomp|Garchomp, L50, F|100/100
|-ability|p1a: Arcanine|Intimidate|boost
|-unboost|p2a: Kilowattrel|atk|1
|-ability|p2a: Kilowattrel|Competitive|boost
|-boost|p2a: Kilowattrel|spa|2
|-unboost|p2b: Garchomp|atk|1
|-fieldstart|move: Grassy Terrain|[from] ability: Grassy Surge|[of] p1b: Rillaboom
|turn|1
|inactive|Wesrui has 30 seconds left.
|inactive|maniac916 has 30 seconds left.
|inactive|Wesrui has 20 seconds left.
|inactive|maniac916 has 20 seconds left.
|inactive|Wesrui has 15 seconds left.
|inactive|Wesrui has 10 seconds left.
|
|t:|1757806190
|switch|p1a: Kingambit|Kingambit, L50, F, shiny|100/100
|move|p2a: Kilowattrel|Protect|p2a: Kilowattrel
|-singleturn|p2a: Kilowattrel|Protect
|move|p2b: Garchomp|Protect|p2b: Garchomp
|-singleturn|p2b: Garchomp|Protect
|move|p1b: Rillaboom|Fake Out|p2b: Garchomp
|-activate|p2b: Garchomp|move: Protect
|
|upkeep
|turn|2
|inactive|Wesrui has 30 seconds left.
|
|t:|1757806220
|move|p1a: Kingambit|Sucker Punch|p2b: Garchomp
|-damage|p2b: Garchomp|56/100
|-damage|p1a: Kingambit|88/100|[from] ability: Rough Skin|[of] p2b: Garchomp
|move|p2a: Kilowattrel|Tailwind|p2a: Kilowattrel
|-sidestart|p2: maniac916|move: Tailwind
|move|p2b: Garchomp|Earthquake|p1a: Kingambit|[spread] p1a,p1b
|-immune|p2a: Kilowattrel
|-supereffective|p1a: Kingambit
|-resisted|p1b: Rillaboom
|-damage|p1a: Kingambit|64/100
|-damage|p1b: Rillaboom|91/100
|-damage|p2b: Garchomp|46/100|[from] item: Life Orb
|move|p1b: Rillaboom|Wood Hammer|p2b: Garchomp
|-damage|p2b: Garchomp|0 fnt
|-damage|p1b: Rillaboom|79/100|[from] ability: Rough Skin|[of] p2b: Garchomp
|faint|p2b: Garchomp
|-damage|p1b: Rillaboom|64/100|[from] Recoil
|
|-heal|p1b: Rillaboom|70/100|[from] Grassy Terrain
|-heal|p1a: Kingambit|70/100|[from] Grassy Terrain
|upkeep
|inactive|maniac916 has 30 seconds left.
|
|t:|1757806252
|switch|p2b: Incineroar|Incineroar, L50, F, shiny|100/100
|-ability|p2b: Incineroar|Intimidate|boost
|-unboost|p1a: Kingambit|atk|1
|-ability|p1a: Kingambit|Defiant|boost
|-boost|p1a: Kingambit|atk|2
|-unboost|p1b: Rillaboom|atk|1
|turn|3
|
|t:|1757806272
|switch|p1b: Arcanine|Arcanine-Hisui, L50, M|100/100
|-ability|p1b: Arcanine|Intimidate|boost
|-unboost|p2a: Kilowattrel|atk|1
|-ability|p2a: Kilowattrel|Competitive|boost
|-boost|p2a: Kilowattrel|spa|2
|-unboost|p2b: Incineroar|atk|1
|move|p1a: Kingambit|Sucker Punch|p2a: Kilowattrel
|-damage|p2a: Kilowattrel|0 fnt
|faint|p2a: Kilowattrel
|move|p2b: Incineroar|Flare Blitz|p1a: Kingambit
|-supereffective|p1a: Kingambit
|-damage|p1a: Kingambit|12/100
|-damage|p2b: Incineroar|81/100|[from] Recoil
|
|-heal|p2b: Incineroar|87/100|[from] Grassy Terrain
|-heal|p1a: Kingambit|18/100|[from] Grassy Terrain
|upkeep
|
|t:|1757806288
|switch|p2a: Gholdengo|Gholdengo, L50|100/100
|turn|4
|
|t:|1757806305
|-terastallize|p2a: Gholdengo|Flying
|move|p1a: Kingambit|Sucker Punch||[still]
|-fail|p1a: Kingambit
|move|p2a: Gholdengo|Nasty Plot|p2a: Gholdengo
|-boost|p2a: Gholdengo|spa|2
|move|p2b: Incineroar|Knock Off|p1a: Kingambit
|-resisted|p1a: Kingambit
|-damage|p1a: Kingambit|8/100
|-enditem|p1a: Kingambit|Assault Vest|[from] move: Knock Off|[of] p2b: Incineroar
|move|p1b: Arcanine|Head Smash|p2b: Incineroar
|-supereffective|p2b: Incineroar
|-damage|p2b: Incineroar|0 fnt
|faint|p2b: Incineroar
|-damage|p1b: Arcanine|50/100|[from] Recoil
|
|-heal|p1b: Arcanine|56/100|[from] Grassy Terrain
|-heal|p1a: Kingambit|14/100|[from] Grassy Terrain
|upkeep
|turn|5
|inactive|Wesrui has 30 seconds left.
|
|t:|1757806337
|switch|p1b: Rillaboom|Rillaboom, L50, M|70/100
|move|p1a: Kingambit|Sucker Punch|p2a: Gholdengo
|-damage|p2a: Gholdengo|36/100
|move|p2a: Gholdengo|Make It Rain|p1b: Rillaboom|[spread] p1a,p1b
|-resisted|p1a: Kingambit
|-damage|p1a: Kingambit|0 fnt
|-damage|p1b: Rillaboom|0 fnt
|-unboost|p2a: Gholdengo|spa|1
|faint|p1a: Kingambit
|faint|p1b: Rillaboom
|
|-sideend|p2: maniac916|move: Tailwind
|-fieldend|move: Grassy Terrain
|upkeep
|
|t:|1757806345
|switch|p1b: Ninetales|Ninetales-Alola, L50, F, shiny|100/100
|switch|p1a: Arcanine|Arcanine-Hisui, L50, M|56/100
|-weather|Snowscape|[from] ability: Snow Warning|[of] p1b: Ninetales
|-ability|p1a: Arcanine|Intimidate|boost
|-unboost|p2a: Gholdengo|atk|1
|turn|6
|
|t:|1757806357
|move|p1b: Ninetales|Blizzard|p2a: Gholdengo
|-supereffective|p2a: Gholdengo
|-damage|p2a: Gholdengo|0 fnt
|faint|p2a: Gholdengo
|
|win|Wesrui
||maniac916 is ready for game 2.
