|j|☆efwefwefwefweifier
|j|☆Washingtung DC
|html|efwefwefwefweifierWashingtung DC    
|uhtml|bestof|Game 1 of a best-of-3
|t:|1782730535
|gametype|doubles
|player|p1|efwefwefwefweifier|clown|1208
|player|p2|Washingtung DC|roughneck|1310
|gen|9
|tier|[Gen 9 Champions] VGC 2026 Reg M-B (Bo3)
|rated|
|rule|Species Clause: Limit one of each Pokémon
|rule|Item Clause: Limit 1 of each item
|clearpoke
|poke|p1|Pyroar, L50, F|
|poke|p1|Torkoal, L50, M|
|poke|p1|Farigiraf, L50, M|
|poke|p1|Vileplume, L50, M|
|poke|p1|Incineroar, L50, M|
|poke|p1|Floette-Eternal, L50, F|
|poke|p2|Swampert, L50, F|
|poke|p2|Pelipper, L50, M|
|poke|p2|Venusaur, L50, M|
|poke|p2|Hydreigon, L50, F|
|poke|p2|Rotom-Heat, L50|
|poke|p2|Whimsicott, L50, M|
|teampreview|4
|showteam|p1|Pyroar||Pyroarite|Unnerve|Overheat,HeatWave,SolarBeam,Protect|Timid||F|||50|]Torkoal||Charcoal|Drought|Eruption,WeatherBall,HelpingHand,Protect|Quiet||M|||50|]Farigiraf||SitrusBerry|ArmorTail|Psychic,Thunderbolt,HelpingHand,TrickRoom|Quiet||M|||50|]Vileplume||FocusSash|Chlorophyll|SolarBeam,SludgeBomb,SleepPowder,AfterYou|Timid||M|||50|]Incineroar||WhiteHerb|Intimidate|DarkestLariat,CloseCombat,FakeOut,PartingShot|Adamant||M|||50|]Floette-Eternal||Floettite|FlowerVeil|DazzlingGleam,DrainingKiss,CalmMind,Protect|Modest||F|||50|
|showteam|p2|Swampert||Swampertite|Torrent|Earthquake,WaveCrash,IcePunch,Protect|Adamant||F|||50|]Pelipper||SitrusBerry|Drizzle|Tailwind,WeatherBall,Hurricane,Protect|Modest||M|||50|]Venusaur||Venusaurite|Chlorophyll|SludgeBomb,EarthPower,GigaDrain,Protect|Modest||M|||50|]Hydreigon||ChoiceScarf|Levitate|Snarl,Uturn,DracoMeteor,DarkPulse|Modest||F|||50|]Rotom-Heat||Leftovers|Levitate|LightScreen,WillOWisp,Overheat,VoltSwitch|Timid|||||50|]Whimsicott||FocusSash|Prankster|Encore,Moonblast,Tailwind,Protect|Modest||M|||50|
|inactive|Battle timer is ON: inactive players will automatically lose when time's up. (requested by efwefwefwefweifier)
|inactive|Washingtung DC has 60 seconds left.
|
|t:|1782730569
|teamsize|p1|4
|teamsize|p2|4
|start
|switch|p1a: Incineroar|Incineroar, L50, M|100/100
|switch|p1b: Floette|Floette-Eternal, L50, F|100/100
|switch|p2a: Rotom|Rotom-Heat, L50|100/100
|switch|p2b: Swampert|Swampert, L50, F|100/100
|-ability|p1a: Incineroar|Intimidate|boost
|-unboost|p2a: Rotom|atk|1
|-unboost|p2b: Swampert|atk|1
|turn|1
|
|t:|1782730583
|detailschange|p1b: Floette|Floette-Mega, L50, F
|-mega|p1b: Floette|Floette|Floettite
|-ability|p1b: Floette|Fairy Aura
|detailschange|p2b: Swampert|Swampert-Mega, L50, F
|-mega|p2b: Swampert|Swampert|Swampertite
|move|p1a: Incineroar|Fake Out|p2b: Swampert
|-damage|p2b: Swampert|88/100
|move|p2a: Rotom|Light Screen|p2a: Rotom
|-sidestart|p2: Washingtung DC|move: Light Screen
|move|p1b: Floette|Calm Mind|p1b: Floette
|-boost|p1b: Floette|spa|1
|-boost|p1b: Floette|spd|1
|cant|p2b: Swampert|flinch
|
|upkeep
|turn|2
|inactive|efwefwefwefweifier has 30 seconds left.
|inactive|Washingtung DC has 30 seconds left.
|inactive|efwefwefwefweifier has 20 seconds left.
|inactive|efwefwefwefweifier has 15 seconds left.
|inactive|Washingtung DC has 20 seconds left.
|
|t:|1782730631
|switch|p2b: Venusaur|Venusaur, L50, M|100/100
|move|p2a: Rotom|Volt Switch|p1a: Incineroar
|-crit|p1a: Incineroar
|-damage|p1a: Incineroar|65/100
|
|t:|1782730634
|switch|p2a: Pelipper|Pelipper, L50, M|100/100|[from] Volt Switch
|-weather|RainDance|[from] ability: Drizzle|[of] p2a: Pelipper
|move|p1b: Floette|Draining Kiss|p2a: Pelipper
|-damage|p2a: Pelipper|36/100
|-enditem|p2a: Pelipper|Sitrus Berry|[eat]
|-heal|p2a: Pelipper|61/100|[from] item: Sitrus Berry
|move|p1a: Incineroar|Parting Shot|p2b: Venusaur
|-unboost|p2b: Venusaur|atk|1
|-unboost|p2b: Venusaur|spa|1
|
|t:|1782730650
|switch|p1a: Farigiraf|Farigiraf, L50, M|100/100|[from] Parting Shot
|
|-weather|RainDance|[upkeep]
|upkeep
|turn|3
|
|t:|1782730661
|move|p1b: Floette|Calm Mind|p1b: Floette
|-boost|p1b: Floette|spa|1
|-boost|p1b: Floette|spd|1
|move|p2b: Venusaur|Sludge Bomb|p1b: Floette
|-supereffective|p1b: Floette|1
|-damage|p1b: Floette|81/100
|move|p2a: Pelipper|Weather Ball|p1a: Farigiraf
|-damage|p1a: Farigiraf|42/100
|-enditem|p1a: Farigiraf|Sitrus Berry|[eat]
|-heal|p1a: Farigiraf|67/100|[from] item: Sitrus Berry
|move|p1a: Farigiraf|Psychic|p2b: Venusaur
|-supereffective|p2b: Venusaur|1
|-damage|p2b: Venusaur|47/100
|
|-weather|RainDance|[upkeep]
|upkeep
|turn|4
|
|t:|1782730688
|move|p1b: Floette|Dazzling Gleam|p2b: Venusaur|[spread] p2a,p2b
|-resisted|p2b: Venusaur|1
|-damage|p2a: Pelipper|0 fnt
|-damage|p2b: Venusaur|15/100
|faint|p2a: Pelipper
|move|p2b: Venusaur|Sludge Bomb|p1a: Farigiraf
|-damage|p1a: Farigiraf|42/100
|move|p1a: Farigiraf|Trick Room|p1a: Farigiraf
|-fieldstart|move: Trick Room|[of] p1a: Farigiraf
|
|-weather|RainDance|[upkeep]
|upkeep
|
|t:|1782730693
|switch|p2a: Rotom|Rotom-Heat, L50|100/100
|turn|5
|
|t:|1782730709
|move|p2b: Venusaur|Protect|p2b: Venusaur
|-singleturn|p2b: Venusaur|Protect
|move|p1a: Farigiraf|Psychic|p2a: Rotom
|-damage|p2a: Rotom|72/100
|move|p1b: Floette|Dazzling Gleam|p2a: Rotom|[spread] p2a
|-activate|p2b: Venusaur|move: Protect
|-resisted|p2a: Rotom|1
|-damage|p2a: Rotom|35/100
|move|p2a: Rotom|Volt Switch|p1a: Farigiraf
|-crit|p1a: Farigiraf
|-damage|p1a: Farigiraf|7/100
|
|t:|1782730714
|switch|p2a: Swampert|Swampert-Mega, L50, F|88/100|[from] Volt Switch
|
|-weather|RainDance|[upkeep]
|-sideend|p2: Washingtung DC|move: Light Screen
|upkeep
|turn|6
|inactive|efwefwefwefweifier has 30 seconds left.
|inactive|Washingtung DC has 30 seconds left.
|
|t:|1782730740
|switch|p1a: Torkoal|Torkoal, L50, M|100/100
|-weather|SunnyDay|[from] ability: Drought|[of] p1a: Torkoal
|move|p2a: Swampert|Protect|p2a: Swampert
|-singleturn|p2a: Swampert|Protect
|move|p1b: Floette|Dazzling Gleam|p2b: Venusaur|[spread] p2b
|-activate|p2a: Swampert|move: Protect
|-resisted|p2b: Venusaur|1
|-damage|p2b: Venusaur|0 fnt
|faint|p2b: Venusaur
|
|-weather|SunnyDay|[upkeep]
|upkeep
|
|t:|1782730745
|switch|p2b: Rotom|Rotom-Heat, L50|35/100
|turn|7
|-message|Washingtung DC forfeited.
|
|win|efwefwefwefweifier
|l|☆Washingtung DC
|player|p2|
||Washingtung DC is ready for game 2.
||efwefwefwefweifier is ready for game 2.
|uhtml|next|Next: Game 2 of 3
