|j|☆ThomasTheLamb
|j|☆Mashuno
|html|ThomasTheLambMashuno    
|uhtml|bestof|Game 3 of a best-of-3
|t:|1784047901
|gametype|doubles
|player|p1|ThomasTheLamb|102|1180
|player|p2|Mashuno|harlequin|1140
|gen|9
|tier|[Gen 9 Champions] VGC 2026 Reg M-B (Bo3)
|rated|
|rule|Species Clause: Limit one of each Pokémon
|rule|Item Clause: Limit 1 of each item
|clearpoke
|poke|p1|Charizard, L50, F|
|poke|p1|Sylveon, L50, F|
|poke|p1|Kingambit, L50, M|
|poke|p1|Basculegion, L50, M|
|poke|p1|Garchomp, L50, M|
|poke|p1|Aerodactyl, L50, M|
|poke|p2|Pelipper, L50, F|
|poke|p2|Venusaur, L50, M|
|poke|p2|Blastoise, L50, F|
|poke|p2|Sinistcha, L50|
|poke|p2|Sableye, L50, M|
|poke|p2|Gholdengo, L50|
|teampreview|4
|showteam|p1|Charizard||CharizarditeY|Blaze|HeatWave,SolarBeam,WeatherBall,Protect|Timid||F|||50|]Sylveon||FairyFeather|Pixilate|Detect,HyperVoice,Yawn,QuickAttack|Sassy||F|||50|]Kingambit||ChopleBerry|Defiant|SuckerPunch,KowtowCleave,LowKick,IronHead|Adamant||M|||50|]Basculegion||FocusSash|Adaptability|Protect,LastRespects,AquaJet,Liquidation|Adamant||M|||50|]Garchomp||SitrusBerry|RoughSkin|RockTomb,Earthquake,DragonClaw,Protect|Jolly||M|||50|]Aerodactyl||Aerodactylite|Unnerve|Tailwind,DualWingbeat,RockSlide,WideGuard|Jolly||M|||50|
|showteam|p2|Pelipper||FocusSash|Drizzle|WeatherBall,Hurricane,Tailwind,RainDance|Modest||F|||50|]Venusaur||Venusaurite|Overgrow|Protect,GigaDrain,SludgeBomb,EarthPower|Modest||M|||50|]Blastoise||Blastoisinite|RainDish|Protect,WaterSpout,DarkPulse,AuraSphere|Modest||F|||50|]Sinistcha||SitrusBerry|Hospitality|MatchaGotcha,RagePowder,LifeDew,TrickRoom|Bold|||||50|]Sableye||LightClay|Prankster|FoulPlay,LightScreen,Reflect,RainDance|Impish||M|||50|]Gholdengo||ChoiceScarf|GoodasGold|MakeItRain,ShadowBall,PowerGem,Trick|Timid|||||50|
|
|t:|1784047980
|teamsize|p1|4
|teamsize|p2|4
|start
|switch|p1a: Charizard|Charizard, L50, F|100/100
|switch|p1b: Garchomp|Garchomp, L50, M|100/100
|switch|p2a: Blastoise|Blastoise, L50, F|100/100
|switch|p2b: Dai News|Pelipper, L50, F|100/100
|-weather|RainDance|[from] ability: Drizzle|[of] p2b: Dai News
|turn|1
|
|t:|1784048002
|move|p1a: Charizard|Protect|p1a: Charizard
|-singleturn|p1a: Charizard|Protect
|move|p2a: Blastoise|Protect|p2a: Blastoise
|-singleturn|p2a: Blastoise|Protect
|move|p1b: Garchomp|Earthquake|p2b: Dai News|[spread] 
|-activate|p1a: Charizard|move: Protect
|-activate|p2a: Blastoise|move: Protect
|-immune|p2b: Dai News
|move|p2b: Dai News|Tailwind|p2b: Dai News
|-sidestart|p2: Mashuno|move: Tailwind
|
|-weather|RainDance|[upkeep]
|upkeep
|turn|2
|
|t:|1784048038
|detailschange|p2a: Blastoise|Blastoise-Mega, L50, F
|-mega|p2a: Blastoise|Blastoise|Blastoisinite
|detailschange|p1a: Charizard|Charizard-Mega-Y, L50, F
|-mega|p1a: Charizard|Charizard|Charizardite Y
|-weather|SunnyDay|[from] ability: Drought|[of] p1a: Charizard
|move|p2a: Blastoise|Water Spout|p1b: Garchomp|[spread] p1a,p1b
|-supereffective|p1a: Charizard|1
|-damage|p1a: Charizard|36/100
|-damage|p1b: Garchomp|65/100
|move|p2b: Dai News|Rain Dance|p2b: Dai News
|-weather|RainDance
|move|p1b: Garchomp|Earthquake|p2a: Blastoise|[spread] p2a
|-immune|p1a: Charizard
|-immune|p2b: Dai News
|-damage|p2a: Blastoise|69/100
|move|p1a: Charizard|Solar Beam||[still]
|-prepare|p1a: Charizard|Solar Beam
|
|-weather|RainDance|[upkeep]
|upkeep
|turn|3
|
|t:|1784048060
|move|p2a: Blastoise|Water Spout|p1b: Garchomp|[spread] p1a,p1b
|-supereffective|p1a: Charizard|1
|-damage|p1a: Charizard|0 fnt
|-damage|p1b: Garchomp|0 fnt
|faint|p1a: Charizard
|faint|p1b: Garchomp
|move|p2b: Dai News|Weather Ball|p1: Charizard|[notarget]
|-fail|p2b: Dai News
|
|-weather|RainDance|[upkeep]
|upkeep
|
|t:|1784048065
|switch|p1b: Sylveon|Sylveon, L50, F|100/100
|switch|p1a: Aerodactyl|Aerodactyl, L50, M|100/100
|-ability|p1a: Aerodactyl|Unnerve
|turn|4
|
|t:|1784048084
|move|p2a: Blastoise|Dark Pulse|p1a: Aerodactyl
|-damage|p1a: Aerodactyl|28/100
|move|p1a: Aerodactyl|Rock Slide|p2a: Blastoise|[spread] p2a,p2b
|-supereffective|p2b: Dai News|1
|-damage|p2a: Blastoise|48/100
|-damage|p2b: Dai News|42/100
|cant|p2b: Dai News|flinch
|move|p1b: Sylveon|Hyper Voice|p2a: Blastoise|[spread] p2a,p2b
|-damage|p2a: Blastoise|16/100
|-damage|p2b: Dai News|0 fnt
|faint|p2b: Dai News
|
|-weather|RainDance|[upkeep]
|-sideend|p2: Mashuno|move: Tailwind
|upkeep
|
|t:|1784048100
|switch|p2b: 5 Bands Bob|Sableye, L50, M|100/100
|turn|5
|
|t:|1784048132
|move|p2b: 5 Bands Bob|Reflect|p2b: 5 Bands Bob
|-sidestart|p2: Mashuno|Reflect
|move|p1a: Aerodactyl|Rock Slide|p2b: 5 Bands Bob|[spread] p2a,p2b
|-damage|p2a: Blastoise|1/100
|-damage|p2b: 5 Bands Bob|78/100
|move|p2a: Blastoise|Dark Pulse|p1a: Aerodactyl
|-damage|p1a: Aerodactyl|0 fnt
|faint|p1a: Aerodactyl
|move|p1b: Sylveon|Hyper Voice|p2a: Blastoise|[spread] p2a,p2b
|-supereffective|p2b: 5 Bands Bob|1
|-damage|p2a: Blastoise|0 fnt
|-damage|p2b: 5 Bands Bob|0 fnt
|faint|p2a: Blastoise
|faint|p2b: 5 Bands Bob
|
|-weather|RainDance|[upkeep]
|upkeep
|c|☆ThomasTheLamb|bruh
|
|t:|1784048146
|switch|p2b: Ghol.D.engo|Gholdengo, L50|100/100
|turn|6
|c|☆ThomasTheLamb|1% brooo
|c|☆ThomasTheLamb|gg
|
|t:|1784048165
|move|p1b: Sylveon|Detect|p1b: Sylveon
|-singleturn|p1b: Sylveon|Protect
|move|p2b: Ghol.D.engo|Make It Rain|p1b: Sylveon
|-activate|p1b: Sylveon|move: Protect
|
|-weather|none
|upkeep
|turn|7
|c|☆Mashuno|ggs, that was nuts
|inactive|Battle timer is ON: inactive players will automatically lose when time's up. (requested by ThomasTheLamb)
|-message|ThomasTheLamb forfeited.
|
|win|Mashuno
|raw|ThomasTheLamb's rating: 1180 → 1152(-28 for losing)
|raw|Mashuno's rating: 1140 → 1168(+28 for winning)
|l|☆ThomasTheLamb
|player|p1|
