|j|☆Its Sushiii
|j|☆marcosdeltasena31
|html|Its Sushiiimarcosdeltasena31    
|uhtml|bestof|Game 1 of a best-of-3
|t:|1784940779
|gametype|doubles
|player|p1|Its Sushiii|266|1406
|player|p2|marcosdeltasena31|hilbert|1424
|gen|9
|tier|[Gen 9 Champions] VGC 2026 Reg M-B (Bo3)
|rated|
|rule|Species Clause: Limit one of each Pokémon
|rule|Item Clause: Limit 1 of each item
|clearpoke
|poke|p1|Excadrill, L50, M, shiny|
|poke|p1|Tyranitar, L50, M|
|poke|p1|Farigiraf, L50, F|
|poke|p1|Sylveon, L50, M|
|poke|p1|Charizard, L50, M|
|poke|p1|Corviknight, L50, F|
|poke|p2|Charizard, L50, M, shiny|
|poke|p2|Venusaur, L50, M|
|poke|p2|Garchomp, L50, M|
|poke|p2|Incineroar, L50, F|
|poke|p2|Toxapex, L50, F|
|poke|p2|Annihilape, L50, F|
|teampreview|4
|showteam|p1|Excadrill||FocusSash|SandRush|IronHead,HighHorsepower,RockSlide,Protect|Adamant||M|||50|]Tyranitar||Tyranitarite|SandStream|RockSlide,KnockOff,LowKick,Protect|Adamant||M|||50|]Farigiraf||SitrusBerry|ArmorTail|Psychic,Thunderbolt,TrickRoom,Protect|Relaxed||F|||50|]Sylveon||LifeOrb|Pixilate|HyperVoice,HyperBeam,QuickAttack,Detect|Modest||M|||50|]Charizard||CharizarditeY|Blaze|HeatWave,SolarBeam,WeatherBall,Protect|Modest||M|||50|]Corviknight||Leftovers|MirrorArmor|BraveBird,IronHead,Protect,Tailwind|Adamant||F|||50|
|showteam|p2|Charizard||CharizarditeY|Blaze|HeatWave,WeatherBall,Protect,HelpingHand|Modest||M|||50|]Venusaur||LifeOrb|Chlorophyll|SludgeBomb,SolarBeam,EarthPower,Protect|Modest||M|||50|]Garchomp||ChoiceScarf|RoughSkin|Earthquake,RockSlide,DragonClaw,StompingTantrum|Adamant||M|||50|]Incineroar||SitrusBerry|Intimidate|FakeOut,FlareBlitz,ThroatChop,PartingShot|Impish||F|||50|]Toxapex||Leftovers|Regenerator|Infestation,Toxic,WideGuard,BanefulBunker|Impish||F|||50|]Annihilape||FocusSash|Defiant|CloseCombat,PhantomForce,RockTomb,Protect|Jolly||F|||50|
|inactive|Battle timer is ON: inactive players will automatically lose when time's up. (requested by Its Sushiii)
|inactive|marcosdeltasena31 has 60 seconds left.
|
|t:|1784940815
|teamsize|p1|4
|teamsize|p2|4
|start
|switch|p1a: Excadrill|Excadrill, L50, M, shiny|100/100
|switch|p1b: Corviknight|Corviknight, L50, F|100/100
|switch|p2a: Toxapex|Toxapex, L50, F|100/100
|switch|p2b: Incineroar|Incineroar, L50, F|100/100
|-ability|p2b: Incineroar|Intimidate|boost
|-unboost|p1a: Excadrill|atk|1
|-ability|p1b: Corviknight|Mirror Armor
|-unboost|p2b: Incineroar|atk|1
|turn|1
|inactive|Its Sushiii has 30 seconds left.
|inactive|Its Sushiii has 20 seconds left.
|inactive|Its Sushiii has 15 seconds left.
|
|t:|1784940857
|switch|p1a: Farigiraf|Farigiraf, L50, F|100/100
|move|p1b: Corviknight|Tailwind|p1b: Corviknight
|-sidestart|p1: Its Sushiii|move: Tailwind
|move|p2b: Incineroar|Flare Blitz|p1a: Farigiraf
|-crit|p1a: Farigiraf
|-damage|p1a: Farigiraf|40/100
|-enditem|p1a: Farigiraf|Sitrus Berry|[eat]
|-heal|p1a: Farigiraf|65/100|[from] item: Sitrus Berry
|-damage|p2b: Incineroar|78/100|[from] Recoil
|move|p2a: Toxapex|Infestation|p1a: Farigiraf
|-supereffective|p1a: Farigiraf|1
|-damage|p1a: Farigiraf|59/100
|-activate|p1a: Farigiraf|move: Infestation|[of] p2a: Toxapex
|
|-damage|p1a: Farigiraf|47/100|[from] move: Infestation|[partiallytrapped]
|upkeep
|turn|2
|inactive|Its Sushiii has 30 seconds left.
|
|t:|1784940889
|move|p1b: Corviknight|Brave Bird|p2b: Incineroar
|-damage|p2b: Incineroar|38/100
|-enditem|p2b: Incineroar|Sitrus Berry|[eat]
|-heal|p2b: Incineroar|62/100|[from] item: Sitrus Berry
|-damage|p1b: Corviknight|85/100|[from] Recoil
|move|p1a: Farigiraf|Psychic|p2a: Toxapex
|-supereffective|p2a: Toxapex|1
|-damage|p2a: Toxapex|49/100
|move|p2b: Incineroar|Flare Blitz|p1b: Corviknight
|-supereffective|p1b: Corviknight|1
|-damage|p1b: Corviknight|26/100
|-damage|p2b: Incineroar|44/100|[from] Recoil
|move|p2a: Toxapex|Infestation|p1b: Corviknight
|-resisted|p1b: Corviknight|2
|-crit|p1b: Corviknight
|-damage|p1b: Corviknight|25/100
|-activate|p1b: Corviknight|move: Infestation|[of] p2a: Toxapex
|
|-heal|p1b: Corviknight|31/100|[from] item: Leftovers
|-heal|p2a: Toxapex|54/100|[from] item: Leftovers
|-damage|p1b: Corviknight|19/100|[from] move: Infestation|[partiallytrapped]
|-damage|p1a: Farigiraf|35/100|[from] move: Infestation|[partiallytrapped]
|upkeep
|turn|3
|inactive|Its Sushiii has 30 seconds left.
|inactive|Its Sushiii has 20 seconds left.
|inactive|Its Sushiii has 15 seconds left.
|inactive|Its Sushiii has 10 seconds left.
|
|t:|1784940935
|move|p2a: Toxapex|Baneful Bunker|p2a: Toxapex
|-singleturn|p2a: Toxapex|move: Protect
|move|p1b: Corviknight|Brave Bird|p2b: Incineroar
|-damage|p2b: Incineroar|3/100
|-damage|p1b: Corviknight|5/100|[from] Recoil
|move|p1a: Farigiraf|Thunderbolt|p2b: Incineroar
|-damage|p2b: Incineroar|0 fnt
|faint|p2b: Incineroar
|
|-heal|p1b: Corviknight|11/100|[from] item: Leftovers
|-heal|p2a: Toxapex|60/100|[from] item: Leftovers
|-damage|p1b: Corviknight|0 fnt|[from] move: Infestation|[partiallytrapped]
|faint|p1b: Corviknight
|-damage|p1a: Farigiraf|23/100|[from] move: Infestation|[partiallytrapped]
|upkeep
|
|t:|1784940954
|switch|p1b: Excadrill|Excadrill, L50, M, shiny|100/100
|switch|p2b: Annihilape|Annihilape, L50, F|100/100
|turn|4
|inactive|Its Sushiii has 30 seconds left.
|inactive|Its Sushiii has 20 seconds left.
|
|t:|1784940991
|move|p2b: Annihilape|Protect|p2b: Annihilape
|-singleturn|p2b: Annihilape|Protect
|move|p1b: Excadrill|High Horsepower|p2a: Toxapex
|-supereffective|p2a: Toxapex|1
|-damage|p2a: Toxapex|0 fnt
|faint|p2a: Toxapex
|move|p1a: Farigiraf|Psychic|p2b: Annihilape
|-activate|p2b: Annihilape|move: Protect
|
|-end|p1a: Farigiraf|Infestation|[partiallytrapped]|[silent]
|-sideend|p1: Its Sushiii|move: Tailwind
|upkeep
|
|t:|1784941000
|switch|p2a: Charizard|Charizard, L50, M, shiny|100/100
|turn|5
|inactive|Its Sushiii has 30 seconds left.
|
|t:|1784941025
|detailschange|p2a: Charizard|Charizard-Mega-Y, L50, M, shiny
|-mega|p2a: Charizard|Charizard|Charizardite Y
|-weather|SunnyDay|[from] ability: Drought|[of] p2a: Charizard
|move|p2b: Annihilape|Close Combat|p1b: Excadrill
|-supereffective|p1b: Excadrill|1
|-enditem|p1b: Excadrill|Focus Sash
|-damage|p1b: Excadrill|1/100
|-unboost|p2b: Annihilape|def|1
|-unboost|p2b: Annihilape|spd|1
|move|p1b: Excadrill|Rock Slide|p2a: Charizard|[spread] p2b
|-miss|p1b: Excadrill|p2a: Charizard
|-resisted|p2b: Annihilape|1
|-damage|p2b: Annihilape|82/100
|move|p2a: Charizard|Heat Wave|p1a: Farigiraf|[spread] p1b
|-miss|p2a: Charizard|p1a: Farigiraf
|-supereffective|p1b: Excadrill|1
|-damage|p1b: Excadrill|0 fnt
|faint|p1b: Excadrill
|move|p1a: Farigiraf|Psychic|p2b: Annihilape
|-supereffective|p2b: Annihilape|1
|-damage|p2b: Annihilape|0 fnt
|faint|p2b: Annihilape
|
|-weather|SunnyDay|[upkeep]
|upkeep
|
|t:|1784941046
|switch|p1b: Tyranitar|Tyranitar, L50, M|100/100
|-weather|Sandstorm|[from] ability: Sand Stream|[of] p1b: Tyranitar
|turn|6
|
|t:|1784941054
|detailschange|p1b: Tyranitar|Tyranitar-Mega, L50, M
|-mega|p1b: Tyranitar|Tyranitar|Tyranitarite
|move|p2a: Charizard|Heat Wave|p1a: Farigiraf|[spread] p1a,p1b
|-resisted|p1b: Tyranitar|1
|-damage|p1a: Farigiraf|0 fnt
|-damage|p1b: Tyranitar|89/100
|faint|p1a: Farigiraf
|move|p1b: Tyranitar|Rock Slide|p2a: Charizard
|-supereffective|p2a: Charizard|2
|-damage|p2a: Charizard|0 fnt
|faint|p2a: Charizard
|
|win|Its Sushiii
||marcosdeltasena31 is ready for game 2.
|inactive|Its Sushiii has 30 seconds to confirm battle start!
||Its Sushiii is ready for game 2.
|uhtml|next|Next: Game 2 of 3
