|j|☆BackPAC
|j|‽Livnlarge27
|html|BackPACLivnlarge27    
|uhtml|bestof|Game 3 of a best-of-3
|t:|1755477886
|gametype|doubles
|player|p1|BackPAC|burglar|1325
|player|p2|Livnlarge27|red|1416
|gen|9
|tier|[Gen 9] VGC 2025 Reg H (Bo3)
|rated|
|rule|Species Clause: Limit one of each Pokémon
|rule|Item Clause: Limit 1 of each item
|clearpoke
|poke|p1|Whimsicott, L50, F|
|poke|p1|Annihilape, L50, M|
|poke|p1|Sneasler, L50, F|
|poke|p1|Archaludon, L50, M|
|poke|p1|Rillaboom, L50, F|
|poke|p1|Dragapult, L50, F|
|poke|p2|Blastoise, L50, M|
|poke|p2|Indeedee-F, L50, F|
|poke|p2|Sneasler, L50, F|
|poke|p2|Garchomp, L50, F|
|poke|p2|Ninetales-Alola, L50, M|
|poke|p2|Kilowattrel, L50, M|
|teampreview|4
|showteam|p1|Whimsicott||CovertCloak|Prankster|Tailwind,Taunt,BeatUp,Moonblast|||F|||50|,,,,,Water]Annihilape||SafetyGoggles|Defiant|Protect,BulkUp,RageFist,DrainPunch|||M|||50|,,,,,Water]Sneasler||FocusSash|Unburden|Protect,Coaching,CloseCombat,DireClaw|||F|||50|,,,,,Stellar]Archaludon||PowerHerb|Sturdy|Protect,ElectroShot,DragonPulse,FlashCannon|||M|||50|,,,,,Stellar]Rillaboom||AssaultVest|GrassySurge|FakeOut,GrassyGlide,HighHorsepower,WoodHammer|||F|||50|,,,,,Fire]Dragapult||ChoiceBand|ClearBody|Uturn,TeraBlast,DragonDarts,PhantomForce|||F|||50|,,,,,Ghost
|showteam|p2|Blastoise||MysticWater|Torrent|Protect,WaterSpout,ShellSmash,WaterPledge|||M|||50|,,,,,Water]Indeedee-F||SafetyGoggles|PsychicSurge|FollowMe,HelpingHand,TrickRoom,Imprison|||F|||50|,,,,,Fairy]Sneasler||PsychicSeed|Unburden|FakeOut,DireClaw,CloseCombat,ThroatChop|||F|||50|,,,,,Dark]Garchomp||LifeOrb|SandVeil|Earthquake,DragonClaw,StompingTantrum,Protect|||F|||50|,,,,,Ground]Ninetales-Alola||FocusSash|SnowWarning|Blizzard,Moonblast,Encore,Protect|||M|||50|,,,,,Ghost]Kilowattrel||CovertCloak|Competitive|Tailwind,Protect,Discharge,AirSlash|||M|||50|,,,,,Electric
|inactive|Battle timer is ON: inactive players will automatically lose when time's up. (requested by Livnlarge27)
|
|t:|1755477916
|teamsize|p1|4
|teamsize|p2|4
|start
|switch|p1a: Whimsicott|Whimsicott, L50, F|100/100
|switch|p1b: Dragapult|Dragapult, L50, F|100/100
|switch|p2a: Kilowattrel|Kilowattrel, L50, M|100/100
|switch|p2b: Sneasler|Sneasler, L50, F|100/100
|turn|1
|inactive|BackPAC has 30 seconds left.
|
|t:|1755477946
|-terastallize|p2b: Sneasler|Dark
|move|p1a: Whimsicott|Tailwind|p1a: Whimsicott
|-sidestart|p1: BackPAC|move: Tailwind
|move|p1b: Dragapult|U-turn|p2b: Sneasler
|-supereffective|p2b: Sneasler
|-damage|p2b: Sneasler|0 fnt
|faint|p2b: Sneasler
|
|t:|1755477958
|switch|p1b: Rillaboom|Rillaboom, L50, F|100/100|[from] U-turn
|-fieldstart|move: Grassy Terrain|[from] ability: Grassy Surge|[of] p1b: Rillaboom
|move|p2a: Kilowattrel|Tailwind|p2a: Kilowattrel
|-sidestart|p2: Livnlarge27|move: Tailwind
|
|upkeep
|
|t:|1755477967
|switch|p2b: Ninetales|Ninetales-Alola, L50, M|100/100
|-weather|Snowscape|[from] ability: Snow Warning|[of] p2b: Ninetales
|turn|2
|inactive|BackPAC has 30 seconds left.
|
|t:|1755477995
|switch|p1a: Dragapult|Dragapult, L50, F|100/100
|-terastallize|p1b: Rillaboom|Fire
|move|p1b: Rillaboom|Fake Out|p2b: Ninetales
|-damage|p2b: Ninetales|86/100
|move|p2a: Kilowattrel|Air Slash|p1b: Rillaboom
|-damage|p1b: Rillaboom|76/100
|cant|p2b: Ninetales|flinch
|
|-weather|Snowscape|[upkeep]
|-heal|p2b: Ninetales|92/100|[from] Grassy Terrain
|-heal|p1b: Rillaboom|82/100|[from] Grassy Terrain
|upkeep
|turn|3
|inactive|BackPAC has 30 seconds left.
|
|t:|1755478022
|move|p2a: Kilowattrel|Protect|p2a: Kilowattrel
|-singleturn|p2a: Kilowattrel|Protect
|move|p2b: Ninetales|Protect|p2b: Ninetales
|-singleturn|p2b: Ninetales|Protect
|move|p1b: Rillaboom|Grassy Glide|p2a: Kilowattrel
|-activate|p2a: Kilowattrel|move: Protect
|move|p1a: Dragapult|Phantom Force||[still]
|-prepare|p1a: Dragapult|Phantom Force
|
|-weather|Snowscape|[upkeep]
|-heal|p2b: Ninetales|98/100|[from] Grassy Terrain
|-heal|p1b: Rillaboom|88/100|[from] Grassy Terrain
|upkeep
|turn|4
|
|t:|1755478042
|move|p1a: Dragapult|Phantom Force|p2a: Kilowattrel|[from] lockedmove
|-damage|p2a: Kilowattrel|0 fnt
|faint|p2a: Kilowattrel
|move|p2b: Ninetales|Blizzard|p1a: Dragapult|[spread] p1a,p1b
|-supereffective|p1a: Dragapult
|-resisted|p1b: Rillaboom
|-damage|p1a: Dragapult|17/100
|-damage|p1b: Rillaboom|78/100
|-status|p1b: Rillaboom|frz
|cant|p1b: Rillaboom|frz
|
|-weather|Snowscape|[upkeep]
|-heal|p1a: Dragapult|23/100|[from] Grassy Terrain
|-heal|p2b: Ninetales|100/100|[from] Grassy Terrain
|-heal|p1b: Rillaboom|84/100 frz|[from] Grassy Terrain
|-sideend|p2: Livnlarge27|move: Tailwind
|-sideend|p1: BackPAC|move: Tailwind
|upkeep
|
|t:|1755478051
|switch|p2a: Garchomp|Garchomp, L50, F|100/100
|turn|5
|
|t:|1755478064
|cant|p1b: Rillaboom|frz
|move|p1a: Dragapult|Phantom Force||[still]
|-prepare|p1a: Dragapult|Phantom Force
|move|p2b: Ninetales|Blizzard|p1a: Dragapult|[spread] p1b
|-miss|p2b: Ninetales|p1a: Dragapult
|-resisted|p1b: Rillaboom
|-damage|p1b: Rillaboom|73/100 frz
|move|p2a: Garchomp|Stomping Tantrum|p1b: Rillaboom
|-supereffective|p1b: Rillaboom
|-damage|p1b: Rillaboom|0 fnt
|faint|p1b: Rillaboom
|-damage|p2a: Garchomp|91/100|[from] item: Life Orb
|
|-weather|Snowscape|[upkeep]
|-heal|p2a: Garchomp|97/100|[from] Grassy Terrain
|-fieldend|move: Grassy Terrain
|upkeep
|
|t:|1755478073
|switch|p1b: Sneasler|Sneasler, L50, F|100/100
|turn|6
|
|t:|1755478091
|move|p1a: Dragapult|Phantom Force|p2a: Garchomp|[from] lockedmove
|-damage|p2a: Garchomp|24/100
|move|p1b: Sneasler|Dire Claw|p2a: Garchomp
|-resisted|p2a: Garchomp
|-damage|p2a: Garchomp|2/100
|move|p2b: Ninetales|Blizzard|p1a: Dragapult|[spread] p1a,p1b
|-supereffective|p1a: Dragapult
|-damage|p1a: Dragapult|0 fnt
|-damage|p1b: Sneasler|58/100
|faint|p1a: Dragapult
|move|p2a: Garchomp|Stomping Tantrum|p1b: Sneasler
|-supereffective|p1b: Sneasler
|-damage|p1b: Sneasler|0 fnt
|faint|p1b: Sneasler
|-damage|p2a: Garchomp|0 fnt|[from] item: Life Orb
|faint|p2a: Garchomp
|
|-weather|none
|upkeep
|
|t:|1755478098
|switch|p1b: Whimsicott|Whimsicott, L50, F|100/100
|turn|7
|
|t:|1755478103
|move|p2b: Ninetales|Blizzard|p1b: Whimsicott
|-supereffective|p1b: Whimsicott
|-damage|p1b: Whimsicott|2/100
|move|p1b: Whimsicott|Moonblast|p2b: Ninetales
|-damage|p2b: Ninetales|66/100
|
|upkeep
|turn|8
|
|t:|1755478111
|move|p2b: Ninetales|Moonblast|p1b: Whimsicott
|-damage|p1b: Whimsicott|0 fnt
|faint|p1b: Whimsicott
|
|win|Livnlarge27
|raw|BackPAC's rating: 1325 → 1310(-15 for losing)
|raw|Livnlarge27's rating: 1416 → 1431(+15 for winning)
|l|‽Livnlarge27
|player|p2|
