|j|☆CrawlingKingSnake
|j|‽DarkSoul8000
|html|CrawlingKingSnakeDarkSoul8000    
|uhtml|bestof|Game 1 of a best-of-3
|t:|1785292361
|gametype|doubles
|player|p1|CrawlingKingSnake|kamado-armor|1272
|player|p2|DarkSoul8000|2|1287
|gen|9
|tier|[Gen 9 Champions] VGC 2026 Reg M-B (Bo3)
|rated|
|rule|Species Clause: Limit one of each Pokémon
|rule|Item Clause: Limit 1 of each item
|clearpoke
|poke|p1|Floette-Eternal, L50, F|
|poke|p1|Palafin, L50, F, shiny|
|poke|p1|Incineroar, L50, F|
|poke|p1|Toxapex, L50, F|
|poke|p1|Delphox, L50, M|
|poke|p1|Kingambit, L50, M|
|poke|p2|Charizard, L50, F|
|poke|p2|Garchomp, L50, M|
|poke|p2|Sylveon, L50, F|
|poke|p2|Venusaur, L50, M|
|poke|p2|Incineroar, L50, F|
|poke|p2|Farigiraf, L50, F|
|teampreview|4
|showteam|p1|Floette-Eternal||Floettite|FlowerVeil|DazzlingGleam,DrainingKiss,CalmMind,Protect|Modest||F|||50|]Palafin||LifeOrb|ZerotoHero|WaveCrash,JetPunch,CloseCombat,Protect|Adamant||F|||50|]Incineroar||SitrusBerry|Intimidate|FlareBlitz,FakeOut,DarkestLariat,PartingShot|Careful||F|||50|]Toxapex||Leftovers|Regenerator|Infestation,Toxic,WideGuard,BanefulBunker|Bold||F|||50|]Delphox||Delphoxite|Blaze|HeatWave,Psychic,Substitute,Protect|Timid||M|||50|]Kingambit||FocusSash|Defiant|KowtowCleave,SuckerPunch,IronHead,LowKick|Adamant||M|||50|
|showteam|p2|Charizard||CharizarditeY|Blaze|HeatWave,SolarBeam,WeatherBall,Protect|Timid||F|||50|]Garchomp||LifeOrb|RoughSkin|RockSlide,StompingTantrum,DragonClaw,Protect|Jolly||M|||50|]Sylveon||FairyFeather|Pixilate|HyperBeam,HyperVoice,Protect,QuickAttack|Modest||F|||50|]Venusaur||Venusaurite|Chlorophyll|GigaDrain,SludgeBomb,EarthPower,Protect|Modest||M|||50|]Incineroar||SitrusBerry|Intimidate|FakeOut,FlareBlitz,DarkestLariat,PartingShot|Adamant||F|||50|]Farigiraf||ColburBerry|ArmorTail|TrickRoom,HelpingHand,Psychic,Thunderbolt|Bold||F|||50|
|inactive|Battle timer is ON: inactive players will automatically lose when time's up. (requested by CrawlingKingSnake)
|inactive|CrawlingKingSnake has 60 seconds left.
|inactive|DarkSoul8000 has 60 seconds left.
|inactive|CrawlingKingSnake has 30 seconds left.
|inactive|CrawlingKingSnake has 20 seconds left.
|inactive|CrawlingKingSnake has 15 seconds left.
|
|t:|1785292439
|teamsize|p1|4
|teamsize|p2|4
|start
|switch|p1a: Delphox|Delphox, L50, M|100/100
|switch|p1b: Palafin|Palafin, L50, F, shiny|100/100
|switch|p2a: Incineroar|Incineroar, L50, F|100/100
|switch|p2b: Farigiraf|Farigiraf, L50, F|100/100
|-ability|p2a: Incineroar|Intimidate|boost
|-unboost|p1a: Delphox|atk|1
|-unboost|p1b: Palafin|atk|1
|turn|1
|
|t:|1785292461
|switch|p1a: Kingambit|Kingambit, L50, M|100/100
|detailschange|p1b: Palafin|Palafin-Hero, L50, F, shiny
|switch|p1b: Incineroar|Incineroar, L50, F|100/100
|-ability|p1b: Incineroar|Intimidate|boost
|-unboost|p2a: Incineroar|atk|1
|-unboost|p2b: Farigiraf|atk|1
|move|p2a: Incineroar|Fake Out|p1b: Incineroar
|-damage|p1b: Incineroar|90/100
|move|p2b: Farigiraf|Trick Room|p2b: Farigiraf
|-fieldstart|move: Trick Room|[of] p2b: Farigiraf
|
|upkeep
|turn|2
|inactive|CrawlingKingSnake has 30 seconds left.
|inactive|DarkSoul8000 has 30 seconds left.
|inactive|CrawlingKingSnake has 20 seconds left.
|inactive|CrawlingKingSnake has 15 seconds left.
|inactive|CrawlingKingSnake has 10 seconds left.
|inactive|CrawlingKingSnake has 5 seconds left.
|
|t:|1785292513
|switch|p2b: Venusaur|Venusaur, L50, M|100/100
|switch|p1a: Delphox|Delphox, L50, M|100/100
|move|p2a: Incineroar|Parting Shot|p1b: Incineroar
|-unboost|p1b: Incineroar|atk|1
|-unboost|p1b: Incineroar|spa|1
|
|t:|1785292535
|switch|p2a: Farigiraf|Farigiraf, L50, F|100/100|[from] Parting Shot
|move|p1b: Incineroar|Parting Shot|p2a: Farigiraf
|-unboost|p2a: Farigiraf|atk|1
|-unboost|p2a: Farigiraf|spa|1
|
|t:|1785292545
|switch|p1b: Kingambit|Kingambit, L50, M|100/100|[from] Parting Shot
|
|upkeep
|turn|3
|inactive|DarkSoul8000 has 30 seconds left.
|
|t:|1785292572
|detailschange|p2b: Venusaur|Venusaur-Mega, L50, M
|-mega|p2b: Venusaur|Venusaur|Venusaurite
|detailschange|p1a: Delphox|Delphox-Mega, L50, M
|-mega|p1a: Delphox|Delphox|Delphoxite
|move|p2a: Farigiraf|Helping Hand|p2b: Venusaur
|-singleturn|p2b: Venusaur|Helping Hand|[of] p2a: Farigiraf
|move|p1b: Kingambit|Kowtow Cleave|p2a: Farigiraf
|-supereffective|p2a: Farigiraf|1
|-enditem|p2a: Farigiraf|Colbur Berry|[eat]
|-enditem|p2a: Farigiraf|Colbur Berry|[weaken]
|-damage|p2a: Farigiraf|57/100
|move|p2b: Venusaur|Sludge Bomb|p1a: Delphox
|-damage|p1a: Delphox|32/100
|move|p1a: Delphox|Psychic|p2b: Venusaur
|-supereffective|p2b: Venusaur|1
|-damage|p2b: Venusaur|3/100
|
|upkeep
|turn|4
|inactive|CrawlingKingSnake has 30 seconds left.
|inactive|DarkSoul8000 has 30 seconds left.
|inactive|CrawlingKingSnake has 20 seconds left.
|inactive|DarkSoul8000 has 20 seconds left.
|inactive|DarkSoul8000 has 15 seconds left.
|
|t:|1785292615
|switch|p2a: Sylveon|Sylveon, L50, F|100/100
|switch|p1a: Incineroar|Incineroar, L50, F|90/100
|-ability|p1a: Incineroar|Intimidate|boost
|-unboost|p2a: Sylveon|atk|1
|-unboost|p2b: Venusaur|atk|1
|move|p1b: Kingambit|Kowtow Cleave|p2b: Venusaur
|-damage|p2b: Venusaur|0 fnt
|faint|p2b: Venusaur
|
|upkeep
|
|t:|1785292629
|switch|p2b: Farigiraf|Farigiraf, L50, F|57/100
|turn|5
|inactive|CrawlingKingSnake has 30 seconds left.
|inactive|DarkSoul8000 has 30 seconds left.
|inactive|CrawlingKingSnake has 20 seconds left.
|inactive|DarkSoul8000 has 20 seconds left.
|inactive|CrawlingKingSnake has 15 seconds left.
|
|t:|1785292670
|switch|p2b: Incineroar|Incineroar, L50, F|100/100
|-ability|p2b: Incineroar|Intimidate|boost
|-unboost|p1a: Incineroar|atk|1
|-unboost|p1b: Kingambit|atk|1
|-ability|p1b: Kingambit|Defiant|boost
|-boost|p1b: Kingambit|atk|2
|move|p2a: Sylveon|Hyper Voice|p1b: Kingambit|[spread] p1a,p1b
|-damage|p1a: Incineroar|51/100
|-damage|p1b: Kingambit|45/100
|move|p1b: Kingambit|Iron Head|p2a: Sylveon
|-supereffective|p2a: Sylveon|1
|-damage|p2a: Sylveon|0 fnt
|faint|p2a: Sylveon
|move|p1a: Incineroar|Darkest Lariat|p2b: Incineroar
|-resisted|p2b: Incineroar|1
|-damage|p2b: Incineroar|90/100
|
|-fieldend|move: Trick Room
|upkeep
|
|t:|1785292685
|switch|p2a: Farigiraf|Farigiraf, L50, F|57/100
|turn|6
|
|t:|1785292704
|move|p2b: Incineroar|Fake Out|p1b: Kingambit
|-resisted|p1b: Kingambit|1
|-damage|p1b: Kingambit|39/100
|move|p1a: Incineroar|Parting Shot|p2a: Farigiraf
|-unboost|p2a: Farigiraf|atk|1
|-unboost|p2a: Farigiraf|spa|1
|
|t:|1785292707
|switch|p1a: Palafin|Palafin-Hero, L50, F, shiny|100/100|[from] Parting Shot
|-activate|p1a: Palafin|ability: Zero to Hero
|cant|p1b: Kingambit|flinch
|move|p2a: Farigiraf|Trick Room|p2a: Farigiraf
|-fieldstart|move: Trick Room|[of] p2a: Farigiraf
|
|upkeep
|turn|7
|
|t:|1785292724
|move|p2a: Farigiraf|Thunderbolt|p1a: Palafin
|-supereffective|p1a: Palafin|1
|-damage|p1a: Palafin|62/100
|move|p2b: Incineroar|Flare Blitz|p1b: Kingambit
|-supereffective|p1b: Kingambit|1
|-damage|p1b: Kingambit|0 fnt
|faint|p1b: Kingambit
|-damage|p2b: Incineroar|78/100|[from] Recoil
|move|p1a: Palafin|Wave Crash|p2b: Incineroar
|-supereffective|p2b: Incineroar|1
|-damage|p2b: Incineroar|0 fnt
|faint|p2b: Incineroar
|-damage|p1a: Palafin|33/100|[from] Recoil
|-damage|p1a: Palafin|23/100|[from] item: Life Orb
|
|upkeep
|
|t:|1785292730
|switch|p1b: Incineroar|Incineroar, L50, F|51/100
|-ability|p1b: Incineroar|Intimidate|boost
|-unboost|p2a: Farigiraf|atk|1
|turn|8
|
|t:|1785292746
|move|p1a: Palafin|Protect|p1a: Palafin
|-singleturn|p1a: Palafin|Protect
|move|p2a: Farigiraf|Thunderbolt|p1b: Incineroar
|-damage|p1b: Incineroar|40/100
|-enditem|p1b: Incineroar|Sitrus Berry|[eat]
|-heal|p1b: Incineroar|65/100|[from] item: Sitrus Berry
|move|p1b: Incineroar|Darkest Lariat|p2a: Farigiraf
|-supereffective|p2a: Farigiraf|1
|-damage|p2a: Farigiraf|6/100
|
|upkeep
|turn|9
|inactive|CrawlingKingSnake has 30 seconds left.
|
|t:|1785292771
|switch|p1a: Delphox|Delphox-Mega, L50, M|32/100
|move|p2a: Farigiraf|Thunderbolt|p1a: Delphox
|-damage|p1a: Delphox|17/100
|move|p1b: Incineroar|Darkest Lariat|p2a: Farigiraf
|-supereffective|p2a: Farigiraf|1
|-damage|p2a: Farigiraf|0 fnt
|faint|p2a: Farigiraf
|
|win|CrawlingKingSnake
||CrawlingKingSnake is ready for game 2.
|inactive|DarkSoul8000 has 30 seconds to confirm battle start!
||DarkSoul8000 is ready for game 2.
|uhtml|next|Next: Game 2 of 3
