|j|☆Sylviana GL
|j|☆sn000p
|html|Sylviana GLsn000p    
|uhtml|bestof|Game 2 of a best-of-3
|t:|1784706446
|gametype|doubles
|player|p1|Sylviana GL|caitlin|1127
|player|p2|sn000p|265|1111
|gen|9
|tier|[Gen 9 Champions] VGC 2026 Reg M-B (Bo3)
|rated|
|rule|Species Clause: Limit one of each Pokémon
|rule|Item Clause: Limit 1 of each item
|clearpoke
|poke|p1|Grimmsnarl, L50, M|
|poke|p1|Basculegion, L50, M|
|poke|p1|Charizard, L50, F|
|poke|p1|Pelipper, L50, F|
|poke|p1|Venusaur, L50, M|
|poke|p1|Archaludon, L50, M|
|poke|p2|Sylveon, L50, F|
|poke|p2|Farigiraf, L50, M|
|poke|p2|Sinistcha, L50|
|poke|p2|Golurk, L50|
|poke|p2|Kangaskhan, L50, F|
|poke|p2|Tyranitar, L50, M|
|teampreview|4
|showteam|p1|Grimmsnarl||LightClay|Prankster|SpiritBreak,PartingShot,Reflect,LightScreen|Sassy||M|||50|]Basculegion||ChoiceScarf|Adaptability|LastRespects,WaveCrash,AquaJet,FlipTurn|Jolly||M|||50|]Charizard||CharizarditeY|Blaze|Protect,HeatWave,WeatherBall,SolarBeam|Modest||F|||50|]Pelipper||SitrusBerry|Drizzle|Hurricane,WeatherBall,Tailwind,WideGuard|Modest||F|||50|]Venusaur||FocusSash|Chlorophyll|SludgeBomb,SleepPowder,EarthPower,Protect|Modest||M|||50|]Archaludon||Leftovers|Stamina|ElectroShot,DragonPulse,FlashCannon,Protect|Calm||M|||50|
|showteam|p2|Sylveon||FairyFeather|Pixilate|HyperVoice,HyperBeam,QuickAttack,Protect|Quiet||F|||50|]Farigiraf||SitrusBerry|ArmorTail|TrickRoom,TwinBeam,Thunderbolt,Protect|Bold||M|||50|]Sinistcha||OccaBerry|Hospitality|MatchaGotcha,ShadowBall,TrickRoom,LifeDew|Bold|||||50|]Golurk||Golurkite|NoGuard|Poltergeist,HeadlongRush,RockSlide,Protect|Brave|||||50|]Kangaskhan||SilkScarf|Scrappy|FakeOut,LastResort|Adamant||F|||50|]Tyranitar||Tyranitarite|SandStream|Crunch,RockSlide,HighHorsepower,Protect|Adamant||M|||50|
|inactive|Battle timer is ON: inactive players will automatically lose when time's up. (requested by sn000p)
|
|t:|1784706533
|teamsize|p1|4
|teamsize|p2|4
|start
|switch|p1a: Venusaur|Venusaur, L50, M|100/100
|switch|p1b: Pelipper|Pelipper, L50, F|100/100
|switch|p2a: Farigiraf|Farigiraf, L50, M|100/100
|switch|p2b: Kangaskhan|Kangaskhan, L50, F|100/100
|-weather|RainDance|[from] ability: Drizzle|[of] p1b: Pelipper
|turn|1
|
|t:|1784706544
|move|p2b: Kangaskhan|Fake Out|p1b: Pelipper
|-damage|p1b: Pelipper|77/100
|move|p1a: Venusaur|Sleep Powder|p2a: Farigiraf
|-status|p2a: Farigiraf|slp|[from] move: Sleep Powder
|cant|p1b: Pelipper|flinch
|cant|p2a: Farigiraf|slp
|
|-weather|RainDance|[upkeep]
|upkeep
|turn|2
|
|t:|1784706556
|switch|p1b: Archaludon|Archaludon, L50, M|100/100
|move|p1a: Venusaur|Sleep Powder|p2b: Kangaskhan|[miss]
|-miss|p1a: Venusaur|p2b: Kangaskhan
|move|p2b: Kangaskhan|Last Resort|p1a: Venusaur
|-damage|p1a: Venusaur|5/100
|cant|p2a: Farigiraf|slp
|
|-weather|RainDance|[upkeep]
|upkeep
|turn|3
|inactive|sn000p has 30 seconds left.
|
|t:|1784706584
|move|p1a: Venusaur|Sleep Powder|p2b: Kangaskhan
|-status|p2b: Kangaskhan|slp|[from] move: Sleep Powder
|move|p1b: Archaludon|Electro Shot||[still]
|-prepare|p1b: Archaludon|Electro Shot
|-boost|p1b: Archaludon|spa|1
|-anim|p1b: Archaludon|Electro Shot|p2a: Farigiraf
|-damage|p2a: Farigiraf|48/100 slp
|-enditem|p2a: Farigiraf|Sitrus Berry|[eat]
|-heal|p2a: Farigiraf|73/100 slp|[from] item: Sitrus Berry
|cant|p2b: Kangaskhan|slp
|-curestatus|p2a: Farigiraf|slp|[msg]
|move|p2a: Farigiraf|Trick Room|p2a: Farigiraf
|-fieldstart|move: Trick Room|[of] p2a: Farigiraf
|
|-weather|RainDance|[upkeep]
|upkeep
|turn|4
|inactive|sn000p has 30 seconds left.
|
|t:|1784706615
|switch|p2a: Golurk|Golurk, L50|100/100
|move|p1a: Venusaur|Protect|p1a: Venusaur
|-singleturn|p1a: Venusaur|Protect
|-curestatus|p2b: Kangaskhan|slp|[msg]
|move|p2b: Kangaskhan|Last Resort|p1a: Venusaur
|-activate|p1a: Venusaur|move: Protect
|move|p1b: Archaludon|Electro Shot||[still]
|-prepare|p1b: Archaludon|Electro Shot
|-boost|p1b: Archaludon|spa|1
|-anim|p1b: Archaludon|Electro Shot|p2a: Golurk
|-immune|p2a: Golurk
|
|-weather|RainDance|[upkeep]
|upkeep
|turn|5
|
|t:|1784706640
|detailschange|p2a: Golurk|Golurk-Mega, L50
|-mega|p2a: Golurk|Golurk|Golurkite
|move|p1b: Archaludon|Protect|p1b: Archaludon
|-singleturn|p1b: Archaludon|Protect
|move|p2a: Golurk|Headlong Rush|p1b: Archaludon
|-supereffective|p1b: Archaludon|1
|-ability|p2a: Golurk|Unseen Fist
|-zbroken|p1b: Archaludon
|-damage|p1b: Archaludon|71/100
|-unboost|p2a: Golurk|def|1
|-unboost|p2a: Golurk|spd|1
|-ability|p1b: Archaludon|Stamina|boost
|-boost|p1b: Archaludon|def|1
|move|p2b: Kangaskhan|Last Resort|p1a: Venusaur
|-damage|p1a: Venusaur|0 fnt
|faint|p1a: Venusaur
|
|-weather|none
|-heal|p1b: Archaludon|77/100|[from] item: Leftovers
|upkeep
|
|t:|1784706654
|switch|p1a: Basculegion|Basculegion, L50, M|100/100
|turn|6
|
|t:|1784706672
|switch|p2b: Farigiraf|Farigiraf, L50, M|73/100
|move|p2a: Golurk|Headlong Rush|p1b: Archaludon
|-supereffective|p1b: Archaludon|1
|-damage|p1b: Archaludon|4/100
|-unboost|p2a: Golurk|def|1
|-unboost|p2a: Golurk|spd|1
|-ability|p1b: Archaludon|Stamina|boost
|-boost|p1b: Archaludon|def|1
|move|p1b: Archaludon|Dragon Pulse|p2b: Farigiraf
|-damage|p2b: Farigiraf|14/100
|move|p1a: Basculegion|Last Respects|p2a: Golurk
|-supereffective|p2a: Golurk|1
|-damage|p2a: Golurk|0 fnt
|faint|p2a: Golurk
|
|-heal|p1b: Archaludon|10/100|[from] item: Leftovers
|upkeep
|
|t:|1784706678
|switch|p2a: Sylveon|Sylveon, L50, F|100/100
|turn|7
|
|t:|1784706689
|switch|p1a: Pelipper|Pelipper, L50, F|77/100
|-weather|RainDance|[from] ability: Drizzle|[of] p1a: Pelipper
|move|p1b: Archaludon|Protect|p1b: Archaludon
|-singleturn|p1b: Archaludon|Protect
|move|p2a: Sylveon|Hyper Voice|p1a: Pelipper|[spread] p1a
|-activate|p1b: Archaludon|move: Protect
|-damage|p1a: Pelipper|5/100
|-enditem|p1a: Pelipper|Sitrus Berry|[eat]
|-heal|p1a: Pelipper|30/100|[from] item: Sitrus Berry
|move|p2b: Farigiraf|Thunderbolt|p1a: Pelipper
|-supereffective|p1a: Pelipper|2
|-damage|p1a: Pelipper|0 fnt
|faint|p1a: Pelipper
|
|-weather|RainDance|[upkeep]
|-heal|p1b: Archaludon|16/100|[from] item: Leftovers
|-fieldend|move: Trick Room
|upkeep
|
|t:|1784706702
|switch|p1a: Basculegion|Basculegion, L50, M|100/100
|turn|8
|
|t:|1784706711
|move|p2a: Sylveon|Protect|p2a: Sylveon
|-singleturn|p2a: Sylveon|Protect
|move|p1a: Basculegion|Wave Crash|p2a: Sylveon
|-activate|p2a: Sylveon|move: Protect
|move|p1b: Archaludon|Electro Shot||[still]
|-prepare|p1b: Archaludon|Electro Shot
|-boost|p1b: Archaludon|spa|1
|-anim|p1b: Archaludon|Electro Shot|p2b: Farigiraf
|-damage|p2b: Farigiraf|0 fnt
|faint|p2b: Farigiraf
|
|-weather|RainDance|[upkeep]
|-heal|p1b: Archaludon|22/100|[from] item: Leftovers
|upkeep
|
|t:|1784706714
|switch|p2b: Kangaskhan|Kangaskhan, L50, F|100/100
|turn|9
|
|t:|1784706728
|move|p2b: Kangaskhan|Fake Out|p1a: Basculegion
|-damage|p1a: Basculegion|70/100
|cant|p1a: Basculegion|flinch
|move|p1b: Archaludon|Flash Cannon|p2a: Sylveon
|-supereffective|p2a: Sylveon|1
|-damage|p2a: Sylveon|0 fnt
|faint|p2a: Sylveon
|
|-weather|RainDance|[upkeep]
|-heal|p1b: Archaludon|28/100|[from] item: Leftovers
|upkeep
|turn|10
|
|t:|1784706738
|move|p1a: Basculegion|Wave Crash|p2b: Kangaskhan
|-damage|p2b: Kangaskhan|0 fnt
|faint|p2b: Kangaskhan
|-damage|p1a: Basculegion|36/100|[from] Recoil
|
|win|Sylviana GL
|l|☆sn000p
|player|p2|
||Sylviana GL is ready for game 3.
|inactive|sn000p has 30 seconds to confirm battle start!
|inactive|sn000p has 20 seconds to confirm battle start!
|inactive|sn000p has 10 seconds to confirm battle start!
|uhtml|next|Next: Game 3 of 3
