|j|☆MidoMidori
|j|☆Professor_J93
|html|MidoMidoriProfessor_J93    
|uhtml|bestof|Game 3 of a best-of-3
|t:|1754512558
|gametype|doubles
|player|p1|MidoMidori|roxanne-gen6|1191
|player|p2|Professor_J93|n|1151
|gen|9
|tier|[Gen 9] VGC 2025 Reg H (Bo3)
|rated|
|rule|Species Clause: Limit one of each Pokémon
|rule|Item Clause: Limit 1 of each item
|clearpoke
|poke|p1|Espathra, L50, M|
|poke|p1|Incineroar, L50, F|
|poke|p1|Amoonguss, L50, M|
|poke|p1|Murkrow, L50, F|
|poke|p1|Typhlosion-Hisui, L50, F|
|poke|p1|Garchomp, L50, M|
|poke|p2|Decidueye-Hisui, L50, M|
|poke|p2|Electabuzz, L50, M|
|poke|p2|Chandelure, L50, F|
|poke|p2|Kingambit, L50, M|
|poke|p2|Dragonite, L50, M|
|poke|p2|Ribombee, L50, F|
|teampreview|4
|showteam|p1|Espathra||CovertCloak|SpeedBoost|StoredPower,TeraBlast,CalmMind,Protect|||M|||50|,,,,,Fighting]Incineroar||SafetyGoggles|Intimidate|FakeOut,KnockOff,Taunt,PartingShot|||F|||50|,,,,,Ghost]Amoonguss||RockyHelmet|Regenerator|Spore,RagePowder,PollenPuff,Protect|||M|||50|,,,,,Fairy]Murkrow||Eviolite|Prankster|FoulPlay,Tailwind,SunnyDay,Haze|||F|||50|,,,,,Ghost]Typhlosion-Hisui||ChoiceSpecs|Blaze|Eruption,HeatWave,Overheat,ShadowBall|||F|||50|,,,,,Fire]Garchomp||LifeOrb|RoughSkin|Earthquake,StompingTantrum,DragonClaw,Protect|||M|||50|,,,,,Ground
|showteam|p2|Decidueye-Hisui||ScopeLens|Scrappy|TripleArrows,LeafBlade,Haze,Protect|||M|||50|,,,,,Fire]Electabuzz||Eviolite|VitalSpirit|Electroweb,FollowMe,Taunt,Thunderbolt|||M|||50|,,,,,Dragon]Chandelure||LifeOrb|FlashFire|ShadowBall,HeatWave,TrickRoom,Protect|||F|||50|,,,,,Grass]Kingambit||AssaultVest|Defiant|SuckerPunch,KowtowCleave,IronHead,LowKick|||M|||50|,,,,,Ghost]Dragonite||LoadedDice|Multiscale|ScaleShot,StompingTantrum,IceSpinner,Protect|||M|||50|,,,,,Ground]Ribombee||FocusSash|ShieldDust|PollenPuff,Moonblast,Tailwind,Protect|||F|||50|,,,,,Steel
|inactive|Battle timer is ON: inactive players will automatically lose when time's up. (requested by Professor_J93)
|
|t:|1754512584
|teamsize|p1|4
|teamsize|p2|4
|start
|switch|p1a: Espathra|Espathra, L50, M|100/100
|switch|p1b: Garchomp|Garchomp, L50, M|100/100
|switch|p2a: Ribombee|Ribombee, L50, F|100/100
|switch|p2b: Chandelure|Chandelure, L50, F|100/100
|turn|1
|
|t:|1754512595
|move|p1a: Espathra|Protect|p1a: Espathra
|-singleturn|p1a: Espathra|Protect
|move|p2b: Chandelure|Protect|p2b: Chandelure
|-singleturn|p2b: Chandelure|Protect
|move|p2a: Ribombee|Tailwind|p2a: Ribombee
|-sidestart|p2: Professor_J93|move: Tailwind
|move|p1b: Garchomp|Earthquake|p2a: Ribombee|[spread] p2a
|-activate|p1a: Espathra|move: Protect
|-activate|p2b: Chandelure|move: Protect
|-resisted|p2a: Ribombee
|-damage|p2a: Ribombee|46/100
|-damage|p1b: Garchomp|91/100|[from] item: Life Orb
|
|-ability|p1a: Espathra|Speed Boost|boost
|-boost|p1a: Espathra|spe|1
|upkeep
|turn|2
|
|t:|1754512606
|switch|p1b: Incineroar|Incineroar, L50, F|100/100
|-ability|p1b: Incineroar|Intimidate|boost
|-unboost|p2a: Ribombee|atk|1
|-unboost|p2b: Chandelure|atk|1
|move|p2a: Ribombee|Moonblast|p1a: Espathra
|-damage|p1a: Espathra|50/100
|move|p2b: Chandelure|Shadow Ball|p1a: Espathra
|-supereffective|p1a: Espathra
|-damage|p1a: Espathra|0 fnt
|faint|p1a: Espathra
|-damage|p2b: Chandelure|91/100|[from] item: Life Orb
|
|upkeep
|j| chalupa dadio
|
|t:|1754512613
|switch|p1a: Garchomp|Garchomp, L50, M|91/100
|turn|3
|
|t:|1754512625
|move|p1a: Garchomp|Protect|p1a: Garchomp
|-singleturn|p1a: Garchomp|Protect
|move|p2a: Ribombee|Moonblast|p1a: Garchomp
|-activate|p1a: Garchomp|move: Protect
|move|p2b: Chandelure|Heat Wave|p1a: Garchomp|[spread] p1b
|-activate|p1a: Garchomp|move: Protect
|-resisted|p1b: Incineroar
|-damage|p1b: Incineroar|74/100
|-damage|p2b: Chandelure|82/100|[from] item: Life Orb
|move|p1b: Incineroar|Parting Shot|p2a: Ribombee
|-unboost|p2a: Ribombee|atk|1
|-unboost|p2a: Ribombee|spa|1
|
|t:|1754512631
|switch|p1b: Amoonguss|Amoonguss, L50, M|100/100|[from] Parting Shot
|
|upkeep
|turn|4
|
|t:|1754512647
|-terastallize|p1a: Garchomp|Ground
|move|p2a: Ribombee|Protect|p2a: Ribombee
|-singleturn|p2a: Ribombee|Protect
|move|p1b: Amoonguss|Rage Powder|p1b: Amoonguss
|-singleturn|p1b: Amoonguss|move: Rage Powder
|move|p2b: Chandelure|Heat Wave|p1b: Amoonguss|[spread] p1a,p1b
|-supereffective|p1b: Amoonguss
|-damage|p1a: Garchomp|29/100
|-damage|p1b: Amoonguss|0 fnt
|-status|p1a: Garchomp|brn
|faint|p1b: Amoonguss
|-damage|p2b: Chandelure|72/100|[from] item: Life Orb
|move|p1a: Garchomp|Stomping Tantrum|p2b: Chandelure
|-supereffective|p2b: Chandelure
|-damage|p2b: Chandelure|0 fnt
|faint|p2b: Chandelure
|-damage|p1a: Garchomp|20/100 brn|[from] item: Life Orb
|
|-damage|p1a: Garchomp|14/100 brn|[from] brn
|-sideend|p2: Professor_J93|move: Tailwind
|upkeep
|
|t:|1754512661
|switch|p2b: Achilles|Kingambit, L50, M, shiny|100/100
|switch|p1b: Incineroar|Incineroar, L50, F|74/100
|-ability|p1b: Incineroar|Intimidate|boost
|-unboost|p2a: Ribombee|atk|1
|-unboost|p2b: Achilles|atk|1
|-ability|p2b: Achilles|Defiant|boost
|-boost|p2b: Achilles|atk|2
|turn|5
|
|t:|1754512671
|move|p2a: Ribombee|Moonblast|p1a: Garchomp
|-damage|p1a: Garchomp|0 fnt
|faint|p1a: Garchomp
|move|p1b: Incineroar|Knock Off|p2b: Achilles
|-resisted|p2b: Achilles
|-damage|p2b: Achilles|85/100
|-enditem|p2b: Achilles|Assault Vest|[from] move: Knock Off|[of] p1b: Incineroar
|move|p2b: Achilles|Low Kick|p1b: Incineroar
|-supereffective|p1b: Incineroar
|-damage|p1b: Incineroar|0 fnt
|faint|p1b: Incineroar
|
|win|Professor_J93
|raw|MidoMidori's rating: 1191 → 1163(-28 for losing)
|raw|Professor_J93's rating: 1151 → 1179(+28 for winning)
