|j|☆TalonMasterJ
|j|☆kk1pper1314
|html|TalonMasterJkk1pper1314    
|uhtml|bestof|Game 3 of a best-of-3
|t:|1784161715
|gametype|doubles
|player|p1|TalonMasterJ|steven|1340
|player|p2|kk1pper1314|266|1370
|gen|9
|tier|[Gen 9 Champions] VGC 2026 Reg M-B (Bo3)
|rated|
|rule|Species Clause: Limit one of each Pokémon
|rule|Item Clause: Limit 1 of each item
|clearpoke
|poke|p1|Blaziken, L50, M|
|poke|p1|Aerodactyl, L50, F|
|poke|p1|Kingambit, L50, F|
|poke|p1|Basculegion, L50, M|
|poke|p1|Sylveon, L50, M|
|poke|p1|Torkoal, L50, F|
|poke|p2|Blaziken, L50, M|
|poke|p2|Aerodactyl, L50, F|
|poke|p2|Kingambit, L50, M|
|poke|p2|Basculegion, L50, M|
|poke|p2|Sylveon, L50, F|
|poke|p2|Torkoal, L50, M|
|teampreview|4
|showteam|p1|Blaziken||Blazikenite|SpeedBoost|FlareBlitz,CloseCombat,Protect,RockSlide|Adamant||M|||50|]Aerodactyl||Aerodactylite|Unnerve|RockSlide,DualWingbeat,IceFang,Tailwind|Jolly||F|||50|]Kingambit||LifeOrb|Defiant|KowtowCleave,Protect,IronHead,SuckerPunch|Adamant||F|||50|]Basculegion||FocusSash|Adaptability|WaveCrash,Protect,LastRespects,AquaJet|Adamant||M|||50|]Sylveon||FairyFeather|Pixilate|HyperVoice,Moonblast,QuickAttack,Protect|Modest||M|||50|]Torkoal||Leftovers|Drought|BurningJealousy,WeatherBall,Protect,Yawn|Relaxed||F|||50|
|showteam|p2|Blaziken||Blazikenite|SpeedBoost|FlareBlitz,CloseCombat,Protect,RockSlide|Adamant||M|||50|]Aerodactyl||Aerodactylite|Unnerve|RockSlide,DualWingbeat,IceFang,Tailwind|Jolly||F|||50|]Kingambit||LifeOrb|Defiant|KowtowCleave,Protect,IronHead,SuckerPunch|Adamant||M|||50|]Basculegion||FocusSash|Adaptability|Liquidation,Protect,LastRespects,AquaJet|Adamant||M|||50|]Sylveon||FairyFeather|Pixilate|HyperVoice,Moonblast,QuickAttack,Protect|Modest||F|||50|]Torkoal||Leftovers|Drought|BurningJealousy,WeatherBall,Protect,Yawn|Relaxed||M|||50|
|inactive|Battle timer is ON: inactive players will automatically lose when time's up. (requested by kk1pper1314)
|
|t:|1784161732
|teamsize|p1|4
|teamsize|p2|4
|start
|switch|p1a: Blaziken|Blaziken, L50, M|100/100
|switch|p1b: Aerodactyl|Aerodactyl, L50, F|100/100
|switch|p2a: Blaziken|Blaziken, L50, M|100/100
|switch|p2b: Aerodactyl|Aerodactyl, L50, F|100/100
|-ability|p2b: Aerodactyl|Unnerve
|-ability|p1b: Aerodactyl|Unnerve
|turn|1
|inactive|TalonMasterJ has 30 seconds left.
|inactive|TalonMasterJ has 20 seconds left.
|
|t:|1784161772
|switch|p2a: Basculegion|Basculegion, L50, M|100/100
|detailschange|p2b: Aerodactyl|Aerodactyl-Mega, L50, F
|-mega|p2b: Aerodactyl|Aerodactyl|Aerodactylite
|detailschange|p1b: Aerodactyl|Aerodactyl-Mega, L50, F
|-mega|p1b: Aerodactyl|Aerodactyl|Aerodactylite
|move|p1a: Blaziken|Protect|p1a: Blaziken
|-singleturn|p1a: Blaziken|Protect
|move|p2b: Aerodactyl|Tailwind|p2b: Aerodactyl
|-sidestart|p2: kk1pper1314|move: Tailwind
|move|p1b: Aerodactyl|Rock Slide|p2a: Basculegion|[spread] p2a,p2b
|-supereffective|p2b: Aerodactyl|1
|-damage|p2a: Basculegion|64/100
|-damage|p2b: Aerodactyl|32/100
|
|-ability|p1a: Blaziken|Speed Boost|boost
|-boost|p1a: Blaziken|spe|1
|upkeep
|turn|2
|
|t:|1784161793
|switch|p1b: Kingambit|Kingambit, L50, F|100/100
|move|p1a: Blaziken|Protect||[still]
|-fail|p1a: Blaziken
|move|p2b: Aerodactyl|Dual Wingbeat|p1a: Blaziken
|-supereffective|p1a: Blaziken|1
|-damage|p1a: Blaziken|27/100
|-supereffective|p1a: Blaziken|1
|-damage|p1a: Blaziken|0 fnt
|faint|p1a: Blaziken
|-hitcount|p1: Blaziken|2
|move|p2a: Basculegion|Liquidation|p1b: Kingambit
|-crit|p1b: Kingambit
|-damage|p1b: Kingambit|30/100
|
|upkeep
|
|t:|1784161799
|switch|p1a: Basculegion|Basculegion, L50, M|100/100
|turn|3
|
|t:|1784161819
|move|p2a: Basculegion|Protect|p2a: Basculegion
|-singleturn|p2a: Basculegion|Protect
|move|p1a: Basculegion|Aqua Jet|p2b: Aerodactyl
|-supereffective|p2b: Aerodactyl|1
|-damage|p2b: Aerodactyl|0 fnt
|faint|p2b: Aerodactyl
|move|p1b: Kingambit|Sucker Punch||[still]
|-fail|p1b: Kingambit
|
|upkeep
|
|t:|1784161828
|switch|p2b: Blaziken|Blaziken, L50, M|100/100
|turn|4
|inactive|TalonMasterJ has 30 seconds left.
|inactive|TalonMasterJ has 20 seconds left.
|
|t:|1784161866
|switch|p2a: Torkoal|Torkoal, L50, M|100/100
|-weather|SunnyDay|[from] ability: Drought|[of] p2a: Torkoal
|move|p1b: Kingambit|Protect|p1b: Kingambit
|-singleturn|p1b: Kingambit|Protect
|move|p1a: Basculegion|Aqua Jet|p2b: Blaziken
|-supereffective|p2b: Blaziken|1
|-damage|p2b: Blaziken|59/100
|move|p2b: Blaziken|Rock Slide|p1b: Kingambit|[spread] 
|-activate|p1b: Kingambit|move: Protect
|-miss|p2b: Blaziken|p1a: Basculegion
|
|-weather|SunnyDay|[upkeep]
|-sideend|p2: kk1pper1314|move: Tailwind
|-ability|p2b: Blaziken|Speed Boost|boost
|-boost|p2b: Blaziken|spe|1
|upkeep
|turn|5
|inactive|kk1pper1314 has 30 seconds left.
|inactive|kk1pper1314 has 20 seconds left.
|inactive|kk1pper1314 has 15 seconds left.
|
|t:|1784161908
|switch|p2b: Basculegion|Basculegion, L50, M|64/100
|switch|p1b: Aerodactyl|Aerodactyl-Mega, L50, F|100/100
|move|p1a: Basculegion|Last Respects|p2b: Basculegion
|-supereffective|p2b: Basculegion|1
|-damage|p2b: Basculegion|0 fnt
|faint|p2b: Basculegion
|move|p2a: Torkoal|Burning Jealousy|p1a: Basculegion|[spread] p1a,p1b
|-resisted|p1a: Basculegion|1
|-resisted|p1b: Aerodactyl|1
|-damage|p1a: Basculegion|84/100
|-damage|p1b: Aerodactyl|85/100
|
|-weather|SunnyDay|[upkeep]
|upkeep
|
|t:|1784161914
|switch|p2b: Blaziken|Blaziken, L50, M|59/100
|turn|6
|c|☆kk1pper1314|damn gg
|c|☆kk1pper1314|you got me
|inactive|TalonMasterJ has 30 seconds left.
|
|t:|1784161943
|move|p1b: Aerodactyl|Tailwind|p1b: Aerodactyl
|-sidestart|p1: TalonMasterJ|move: Tailwind
|move|p1a: Basculegion|Last Respects|p2b: Blaziken
|-damage|p2b: Blaziken|0 fnt
|faint|p2b: Blaziken
|move|p2a: Torkoal|Yawn|p1a: Basculegion
|-start|p1a: Basculegion|move: Yawn|[of] p2a: Torkoal
|
|-weather|SunnyDay|[upkeep]
|upkeep
|turn|7
|-message|kk1pper1314 forfeited.
|
|win|TalonMasterJ
|raw|TalonMasterJ's rating: 1340 → 1362(+22 for winning)
|raw|kk1pper1314's rating: 1370 → 1348(-22 for losing)
|l|☆kk1pper1314
|player|p2|
|j|☆kk1pper1314
|player|p2|kk1pper1314|266|
|c|☆TalonMasterJ|GGWP
|c|☆kk1pper1314|ggwp
