|j|☆bucketxhat
|j|☆dfjkhbf
|html|bucketxhatdfjkhbf    
|uhtml|bestof|Game 2 of a best-of-3
|t:|1755102221
|gametype|doubles
|player|p1|bucketxhat|ingo|1126
|player|p2|dfjkhbf|dawn|1227
|gen|9
|tier|[Gen 9] VGC 2025 Reg H (Bo3)
|rated|
|rule|Species Clause: Limit one of each Pokémon
|rule|Item Clause: Limit 1 of each item
|clearpoke
|poke|p1|Charizard, L50, F|
|poke|p1|Torkoal, L50, M|
|poke|p1|Exeggutor, L50, F|
|poke|p1|Indeedee-F, L50, F|
|poke|p1|Ursaluna, L50, M|
|poke|p1|Sneasler, L50, M|
|poke|p2|Weezing-Galar, L50, F|
|poke|p2|Toedscruel, L50, F|
|poke|p2|Typhlosion-Hisui, L50, F|
|poke|p2|Kommo-o, L50, M|
|poke|p2|Talonflame, L50, M|
|poke|p2|Dragapult, L50, M|
|teampreview|4
|showteam|p1|Charizard||ChoiceSpecs|SolarPower|HeatWave,WeatherBall,AirSlash,Overheat|||F|||50|,,,,,Fire]Torkoal||SitrusBerry|Drought|Eruption,Flamethrower,Yawn,Protect|||M|||50|,,,,,Fire]Exeggutor||FocusSash|Chlorophyll|ExpandingForce,EnergyBall,SleepPowder,TrickRoom|||F|||50|,,,,,Psychic]Indeedee-F||SafetyGoggles|PsychicSurge|FollowMe,HelpingHand,Psychic,TrickRoom|||F|||50|,,,,,Fairy]Ursaluna||FlameOrb|Guts|Facade,HeadlongRush,Earthquake,Protect|||M|||50|,,,,,Normal]Sneasler||PsychicSeed|Unburden|CloseCombat,DireClaw,FakeOut,Protect|||M|||50|,,,,,Stellar
|showteam|p2|Weezing-Galar||LifeOrb|NeutralizingGas|Protect,DazzlingGleam,SludgeBomb,StrangeSteam|||F|||50|,,,,,Water]Toedscruel||CovertCloak|MyceliumMight|Spore,RagePowder,Taunt,EarthPower|||F|||50|,,,,,Water]Typhlosion-Hisui||ChoiceScarf|Blaze|Eruption,HeatWave,Flamethrower,ShadowBall|||F|||50|,,,,,Fire]Kommo-o||Leftovers|Overcoat|Protect,BodyPress,FlashCannon,IronDefense|||M|||50|,,,,,Steel]Talonflame||SharpBeak|GaleWings|Protect,BraveBird,WillOWisp,Tailwind|||M|||50|,,,,,Ghost]Dragapult||FocusSash|ClearBody|Protect,DragonDarts,SuckerPunch,PhantomForce|||M|||50|,,,,,Dragon
|inactive|Battle timer is ON: inactive players will automatically lose when time's up. (requested by dfjkhbf)
|
|t:|1755102245
|teamsize|p1|4
|teamsize|p2|4
|start
|switch|p1a: Indeedee|Indeedee-F, L50, F|100/100
|switch|p1b: Exeggutor|Exeggutor, L50, F|100/100
|switch|p2a: Toedscruel|Toedscruel, L50, F|100/100
|switch|p2b: Weezing|Weezing-Galar, L50, F|100/100
|-ability|p2b: Weezing|Neutralizing Gas
|turn|1
|inactive|bucketxhat has 30 seconds left.
|
|t:|1755102278
|move|p2b: Weezing|Protect|p2b: Weezing
|-singleturn|p2b: Weezing|Protect
|move|p2a: Toedscruel|Taunt|p1a: Indeedee
|-start|p1a: Indeedee|move: Taunt
|move|p1b: Exeggutor|Expanding Force|p2b: Weezing
|-activate|p2b: Weezing|move: Protect
|cant|p1a: Indeedee|move: Taunt|Trick Room
|
|upkeep
|turn|2
|
|t:|1755102302
|-terastallize|p1b: Exeggutor|Psychic
|-terastallize|p2b: Weezing|Water
|move|p2a: Toedscruel|Earth Power|p1b: Exeggutor
|-damage|p1b: Exeggutor|69/100
|move|p1a: Indeedee|Psychic|p2b: Weezing
|-damage|p2b: Weezing|58/100
|move|p1b: Exeggutor|Expanding Force|p2b: Weezing
|-damage|p2b: Weezing|0 fnt
|faint|p2b: Weezing
|-end|p2b: Weezing|ability: Neutralizing Gas
|-fieldstart|move: Psychic Terrain|[from] ability: Psychic Surge|[of] p1a: Indeedee
|
|upkeep
|
|t:|1755102322
|switch|p2b: Typhlosion|Typhlosion-Hisui, L50, F|100/100
|turn|3
|
|t:|1755102337
|switch|p1b: Torkoal|Torkoal, L50, M|100/100
|-weather|SunnyDay|[from] ability: Drought|[of] p1b: Torkoal
|move|p2b: Typhlosion|Eruption|p1a: Indeedee|[spread] p1a,p1b
|-resisted|p1b: Torkoal
|-damage|p1a: Indeedee|17/100
|-damage|p1b: Torkoal|45/100
|-enditem|p1b: Torkoal|Sitrus Berry|[eat]
|-heal|p1b: Torkoal|70/100|[from] item: Sitrus Berry
|move|p2a: Toedscruel|Earth Power|p1a: Indeedee
|-damage|p1a: Indeedee|0 fnt
|faint|p1a: Indeedee
|
|-weather|SunnyDay|[upkeep]
|upkeep
|
|t:|1755102356
|switch|p1a: Charizard|Charizard, L50, F|100/100
|turn|4
|
|t:|1755102373
|move|p2b: Typhlosion|Eruption|p1a: Charizard|[spread] p1a,p1b
|-resisted|p1a: Charizard
|-resisted|p1b: Torkoal
|-damage|p1a: Charizard|42/100
|-damage|p1b: Torkoal|10/100
|move|p2a: Toedscruel|Earth Power|p1b: Torkoal
|-supereffective|p1b: Torkoal
|-damage|p1b: Torkoal|0 fnt
|faint|p1b: Torkoal
|move|p1a: Charizard|Heat Wave|p2b: Typhlosion|[spread] p2a,p2b
|-supereffective|p2a: Toedscruel
|-resisted|p2b: Typhlosion
|-damage|p2a: Toedscruel|0 fnt
|-damage|p2b: Typhlosion|28/100
|faint|p2a: Toedscruel
|
|-weather|SunnyDay|[upkeep]
|-damage|p1a: Charizard|30/100|[from] ability: Solar Power|[of] p1a: Charizard
|upkeep
|
|t:|1755102390
|switch|p2a: Kommo-o|Kommo-o, L50, M|100/100
|switch|p1b: Exeggutor|Exeggutor, L50, F, tera:Psychic|69/100
|turn|5
|
|t:|1755102399
|move|p2a: Kommo-o|Protect|p2a: Kommo-o
|-singleturn|p2a: Kommo-o|Protect
|move|p2b: Typhlosion|Eruption|p1b: Exeggutor|[spread] p1a,p1b
|-resisted|p1a: Charizard
|-damage|p1a: Charizard|5/100
|-damage|p1b: Exeggutor|20/100
|move|p1b: Exeggutor|Expanding Force|p2a: Kommo-o|[spread] p2b
|-activate|p2a: Kommo-o|move: Protect
|-damage|p2b: Typhlosion|0 fnt
|faint|p2b: Typhlosion
|move|p1a: Charizard|Heat Wave|p2a: Kommo-o
|-activate|p2a: Kommo-o|move: Protect
|
|-weather|SunnyDay|[upkeep]
|-damage|p1a: Charizard|0 fnt|[from] ability: Solar Power|[of] p1a: Charizard
|faint|p1a: Charizard
|upkeep
|turn|6
|inactive|dfjkhbf has 30 seconds left.
|
|t:|1755102430
|move|p2a: Kommo-o|Protect||[still]
|-fail|p2a: Kommo-o
|move|p1b: Exeggutor|Expanding Force|p2a: Kommo-o
|-supereffective|p2a: Kommo-o
|-damage|p2a: Kommo-o|0 fnt
|faint|p2a: Kommo-o
|
|win|bucketxhat
|raw|bucketxhat's rating: 1126 → 1158(+32 for winning)
|raw|dfjkhbf's rating: 1227 → 1195(-32 for losing)
