|j|☆daelien
|j|☆fr3aky b1lly
|html|daelienfr3aky b1lly    
|uhtml|bestof|Game 3 of a best-of-3
|t:|1782489600
|gametype|doubles
|player|p1|daelien|2|1225
|player|p2|fr3aky b1lly|jacinthe|1177
|gen|9
|tier|[Gen 9 Champions] VGC 2026 Reg M-B (Bo3)
|rated|
|rule|Species Clause: Limit one of each Pokémon
|rule|Item Clause: Limit 1 of each item
|clearpoke
|poke|p1|Kingambit, L50, F|
|poke|p1|Volcarona, L50, F|
|poke|p1|Raichu, L50, F|
|poke|p1|Sneasler, L50, F|
|poke|p1|Whimsicott, L50, M|
|poke|p1|Sinistcha, L50|
|poke|p2|Charizard, L50, M, shiny|
|poke|p2|Sinistcha, L50|
|poke|p2|Annihilape, L50, M, shiny|
|poke|p2|Incineroar, L50, M|
|poke|p2|Corviknight, L50, F, shiny|
|poke|p2|Palafin, L50, M|
|teampreview|4
|showteam|p1|Kingambit||BlackGlasses|Defiant|Protect,KowtowCleave,SuckerPunch,SwordsDance|Adamant||F|||50|]Volcarona||Leftovers|FlameBody|FieryDance,StruggleBug,QuiverDance,Protect|Timid||F|||50|]Raichu||RaichuniteY|LightningRod|ZapCannon,FocusBlast,Protect,GrassKnot|Timid||F|||50|]Sneasler||WhiteHerb|Unburden|Protect,CloseCombat,DireClaw,FakeOut|Jolly||F|||50|]Whimsicott||FocusSash|Prankster|Moonblast,Tailwind,Encore,Protect|Timid||M|||50|]Sinistcha||KasibBerry|Hospitality|MatchaGotcha,Imprison,RagePowder,TrickRoom|Calm|||||50|
|showteam|p2|Charizard||CharizarditeX|Blaze|DragonClaw,FlareBlitz,DragonDance,Protect|Adamant||M|||50|]Sinistcha||SitrusBerry|Hospitality|MatchaGotcha,RagePowder,LifeDew,TrickRoom|Bold|||||50|]Annihilape||FocusSash|Defiant|RageFist,CloseCombat,Coaching,Protect|Adamant||M|||50|]Incineroar||PasshoBerry|Intimidate|FakeOut,DarkestLariat,FlareBlitz,PartingShot|Adamant||M|||50|]Corviknight||Leftovers|MirrorArmor|BraveBird,Tailwind,Roost,BulkUp|Adamant||F|||50|]Palafin||MysticWater|ZerotoHero|WaveCrash,JetPunch,Haze,Protect|Adamant||M|||50|
|inactive|Battle timer is ON: inactive players will automatically lose when time's up. (requested by daelien)
|inactive|fr3aky b1lly has 60 seconds left.
|
|t:|1782489640
|teamsize|p1|4
|teamsize|p2|4
|start
|switch|p1a: Sneasler|Sneasler, L50, F|100/100
|switch|p1b: Volcarona|Volcarona, L50, F|100/100
|switch|p2a: UwU So Scary!|Incineroar, L50, M|100/100
|switch|p2b: Fat Bird|Corviknight, L50, F, shiny|100/100
|-ability|p2a: UwU So Scary!|Intimidate|boost
|-unboost|p1a: Sneasler|atk|1
|-unboost|p1b: Volcarona|atk|1
|-enditem|p1a: Sneasler|White Herb
|-clearnegativeboost|p1a: Sneasler|[silent]
|turn|1
|
|t:|1782489655
|move|p1a: Sneasler|Fake Out|p2b: Fat Bird
|-resisted|p2b: Fat Bird|1
|-damage|p2b: Fat Bird|94/100
|move|p2a: UwU So Scary!|Fake Out|p1b: Volcarona
|-damage|p1b: Volcarona|84/100
|cant|p1b: Volcarona|flinch
|cant|p2b: Fat Bird|flinch
|
|-heal|p1b: Volcarona|90/100|[from] item: Leftovers
|-heal|p2b: Fat Bird|100/100|[from] item: Leftovers
|upkeep
|turn|2
|
|t:|1782489675
|switch|p2a: Sippy Cup|Sinistcha, L50|100/100
|move|p1a: Sneasler|Close Combat|p2a: Sippy Cup
|-immune|p2a: Sippy Cup
|move|p1b: Volcarona|Fiery Dance|p2b: Fat Bird
|-supereffective|p2b: Fat Bird|1
|-damage|p2b: Fat Bird|19/100
|move|p2b: Fat Bird|Brave Bird|p1b: Volcarona
|-supereffective|p1b: Volcarona|1
|-damage|p1b: Volcarona|0 fnt
|-status|p2b: Fat Bird|brn|[from] ability: Flame Body|[of] p1b: Volcarona
|faint|p1b: Volcarona
|-damage|p2b: Fat Bird|0 fnt|[from] Recoil
|faint|p2b: Fat Bird
|
|upkeep
|
|t:|1782489695
|switch|p1b: Raichu|Raichu, L50, F|100/100
|switch|p2b: Inferno X|Charizard, L50, M, shiny|100/100
|turn|3
|
|t:|1782489706
|detailschange|p1b: Raichu|Raichu-Mega-Y, L50, F
|-mega|p1b: Raichu|Raichu|Raichunite Y
|detailschange|p2b: Inferno X|Charizard-Mega-X, L50, M, shiny
|-mega|p2b: Inferno X|Charizard|Charizardite X
|move|p2a: Sippy Cup|Rage Powder|p2a: Sippy Cup
|-singleturn|p2a: Sippy Cup|move: Rage Powder
|move|p1a: Sneasler|Dire Claw|p2a: Sippy Cup
|-damage|p2a: Sippy Cup|64/100
|move|p1b: Raichu|Zap Cannon|p2a: Sippy Cup
|-resisted|p2a: Sippy Cup|1
|-damage|p2a: Sippy Cup|32/100
|-status|p2a: Sippy Cup|par
|-enditem|p2a: Sippy Cup|Sitrus Berry|[eat]
|-heal|p2a: Sippy Cup|56/100 par|[from] item: Sitrus Berry
|move|p2b: Inferno X|Dragon Dance|p2b: Inferno X
|-boost|p2b: Inferno X|atk|1
|-boost|p2b: Inferno X|spe|1
|
|upkeep
|turn|4
|
|t:|1782489724
|switch|p2a: UwU So Scary!|Incineroar, L50, M|100/100
|-ability|p2a: UwU So Scary!|Intimidate|boost
|-unboost|p1a: Sneasler|atk|1
|-unboost|p1b: Raichu|atk|1
|move|p1b: Raichu|Protect|p1b: Raichu
|-singleturn|p1b: Raichu|Protect
|move|p1a: Sneasler|Dire Claw|p2b: Inferno X
|-damage|p2b: Inferno X|75/100
|-status|p2b: Inferno X|slp
|cant|p2b: Inferno X|slp
|
|upkeep
|turn|5
|
|t:|1782489744
|move|p2a: UwU So Scary!|Fake Out|p1b: Raichu
|-damage|p1b: Raichu|82/100
|move|p1a: Sneasler|Close Combat|p2a: UwU So Scary!
|-supereffective|p2a: UwU So Scary!|1
|-damage|p2a: UwU So Scary!|25/100
|-unboost|p1a: Sneasler|def|1
|-unboost|p1a: Sneasler|spd|1
|cant|p2b: Inferno X|slp
|cant|p1b: Raichu|flinch
|
|upkeep
|turn|6
|
|t:|1782489761
|switch|p2a: Sippy Cup|Sinistcha, L50|56/100 par
|-heal|p2b: Inferno X|100/100 slp|[from] ability: Hospitality|[of] p2a: Sippy Cup
|move|p1b: Raichu|Protect|p1b: Raichu
|-singleturn|p1b: Raichu|Protect
|move|p1a: Sneasler|Dire Claw|p2a: Sippy Cup
|-damage|p2a: Sippy Cup|34/100 par
|-curestatus|p2b: Inferno X|slp|[msg]
|move|p2b: Inferno X|Dragon Claw|p1b: Raichu
|-activate|p1b: Raichu|move: Protect
|
|upkeep
|turn|7
|inactive|daelien has 30 seconds left.
|
|t:|1782489786
|switch|p1b: Sinistcha|Sinistcha, L50|100/100
|move|p1a: Sneasler|Dire Claw|p2a: Sippy Cup
|-damage|p2a: Sippy Cup|11/100 par
|-fail|p2a: Sippy Cup
|move|p2b: Inferno X|Dragon Claw|p1b: Sinistcha
|-damage|p1b: Sinistcha|13/100
|move|p2a: Sippy Cup|Life Dew||[still]|[spread] p2a,p2b
|-heal|p2a: Sippy Cup|37/100 par
|-fail|p2b: Inferno X|heal
|
|upkeep
|turn|8
|
|t:|1782489810
|switch|p2a: UwU So Scary!|Incineroar, L50, M|25/100
|-ability|p2a: UwU So Scary!|Intimidate|boost
|-unboost|p1a: Sneasler|atk|1
|-unboost|p1b: Sinistcha|atk|1
|move|p1a: Sneasler|Dire Claw|p2b: Inferno X
|-damage|p2b: Inferno X|81/100
|-status|p2b: Inferno X|slp
|cant|p2b: Inferno X|slp
|move|p1b: Sinistcha|Matcha Gotcha|p2b: Inferno X|[spread] p2a,p2b
|-resisted|p2a: UwU So Scary!|1
|-resisted|p2b: Inferno X|2
|-damage|p2a: UwU So Scary!|13/100
|-heal|p1b: Sinistcha|20/100y|[from] drain|[of] p2a: UwU So Scary!
|-damage|p2b: Inferno X|73/100 slp
|-heal|p1b: Sinistcha|26/100|[from] drain|[of] p2b: Inferno X
|
|upkeep
|turn|9
|
|t:|1782489832
|switch|p1a: Raichu|Raichu-Mega-Y, L50, F|82/100
|move|p2a: UwU So Scary!|Fake Out|p1a: Raichu
|-damage|p1a: Raichu|64/100
|cant|p2b: Inferno X|slp
|move|p1b: Sinistcha|Matcha Gotcha|p2a: UwU So Scary!|[spread] p2a
|-miss|p1b: Sinistcha|p2b: Inferno X
|-resisted|p2a: UwU So Scary!|1
|-crit|p2a: UwU So Scary!
|-damage|p2a: UwU So Scary!|0 fnt
|-heal|p1b: Sinistcha|35/100|[from] drain|[of] p2a: UwU So Scary!
|faint|p2a: UwU So Scary!
|
|upkeep
|
|t:|1782489844
|switch|p2a: Sippy Cup|Sinistcha, L50|37/100 par
|-heal|p2b: Inferno X|98/100 slp|[from] ability: Hospitality|[of] p2a: Sippy Cup
|turn|10
|
|t:|1782489857
|move|p1b: Sinistcha|Rage Powder|p1b: Sinistcha
|-singleturn|p1b: Sinistcha|move: Rage Powder
|move|p2a: Sippy Cup|Rage Powder|p2a: Sippy Cup
|-singleturn|p2a: Sippy Cup|move: Rage Powder
|-curestatus|p2b: Inferno X|slp|[msg]
|move|p2b: Inferno X|Dragon Claw|p1b: Sinistcha
|-damage|p1b: Sinistcha|0 fnt
|faint|p1b: Sinistcha
|move|p1a: Raichu|Zap Cannon|p2a: Sippy Cup
|-resisted|p2a: Sippy Cup|1
|-damage|p2a: Sippy Cup|4/100 par
|
|upkeep
|
|t:|1782489864
|switch|p1b: Sneasler|Sneasler, L50, F|100/100
|turn|11
|
|t:|1782489873
|move|p2b: Inferno X|Protect|p2b: Inferno X
|-singleturn|p2b: Inferno X|Protect
|move|p1b: Sneasler|Fake Out|p2b: Inferno X
|-activate|p2b: Inferno X|move: Protect
|move|p1a: Raichu|Zap Cannon|p2a: Sippy Cup
|-resisted|p2a: Sippy Cup|1
|-damage|p2a: Sippy Cup|0 fnt
|faint|p2a: Sippy Cup
|
|upkeep
|turn|12
|
|t:|1782489883
|move|p1a: Raichu|Protect|p1a: Raichu
|-singleturn|p1a: Raichu|Protect
|move|p2b: Inferno X|Dragon Claw|p1a: Raichu
|-activate|p1a: Raichu|move: Protect
|move|p1b: Sneasler|Dire Claw|p2b: Inferno X
|-damage|p2b: Inferno X|63/100
|
|upkeep
|turn|13
|
|t:|1782489896
|move|p1a: Raichu|Protect|p1a: Raichu
|-singleturn|p1a: Raichu|Protect
|move|p2b: Inferno X|Dragon Claw|p1a: Raichu
|-activate|p1a: Raichu|move: Protect
|move|p1b: Sneasler|Dire Claw|p2b: Inferno X
|-damage|p2b: Inferno X|28/100
|
|upkeep
|turn|14
|c|☆fr3aky b1lly|are you fucking kidding me
|inactive|fr3aky b1lly has 30 seconds left.
|c|☆fr3aky b1lly|lucky bastard
|c|☆daelien|30%
|
|t:|1782489925
|move|p2b: Inferno X|Dragon Claw|p1a: Raichu
|-damage|p1a: Raichu|0 fnt
|faint|p1a: Raichu
|move|p1b: Sneasler|Close Combat|p2b: Inferno X
|-damage|p2b: Inferno X|0 fnt
|-unboost|p1b: Sneasler|def|1
|-unboost|p1b: Sneasler|spd|1
|faint|p2b: Inferno X
|
|win|daelien
|raw|daelien's rating: 1225 → 1247(+22 for winning)
|raw|fr3aky b1lly's rating: 1177 → 1155(-22 for losing)
