|j|☆ablizzardis1
|j|☆mattmoosegoose
|html|ablizzardis1mattmoosegoose    
|uhtml|bestof|Game 1 of a best-of-3
|t:|1784499994
|gametype|doubles
|player|p1|ablizzardis1|1|
|player|p2|mattmoosegoose|ghetsis-gen5bw|
|gen|9
|tier|[Gen 9 Champions] VGC 2026 Reg M-B (Bo3)
|rule|Species Clause: Limit one of each Pokémon
|rule|Item Clause: Limit 1 of each item
|clearpoke
|poke|p1|Pyroar, L50, M, shiny|
|poke|p1|Ninetales, L50, M, shiny|
|poke|p1|Garchomp, L50, M|
|poke|p1|Talonflame, L50, F|
|poke|p1|Gardevoir, L50, F|
|poke|p1|Tsareena, L50, F|
|poke|p2|Tyranitar, L50, M|
|poke|p2|Metagross, L50, shiny|
|poke|p2|Staraptor, L50, F|
|poke|p2|Typhlosion-Hisui, L50, F|
|poke|p2|Overqwil, L50, M, shiny|
|poke|p2|Farigiraf, L50, M|
|teampreview|4
|showteam|p1|Pyroar||Pyroarite|Unnerve|HeatWave,Overheat,SolarBeam,Protect|Timid||M|||50|]Ninetales||LifeOrb|Drought|HeatWave,Overheat,SolarBeam,Protect|Timid||M|||50|]Garchomp||RoseliBerry|SandVeil|Earthquake,DragonClaw,PoisonJab,RockSlide|Jolly||M|||50|]Talonflame||SharpBeak|GaleWings|BraveBird,Overheat,Protect,Tailwind|Naive||F|||50|]Gardevoir||Gardevoirite|Trace|HyperBeam,HyperVoice,Protect,Psyshock|Timid||F|||50|]Tsareena||WideLens|QueenlyMajesty|TripleAxel,HighJumpKick,PowerWhip,Protect|Adamant||F|||50|
|showteam|p2|Tyranitar||Tyranitarite|SandStream|Earthquake,Protect,Superpower,FireFang|Brave||M|||50|]Metagross||Metagrossite|ClearBody|Earthquake,MeteorMash,Protect,BulletPunch|Jolly|||||50|]Staraptor||Staraptite|Intimidate|CloseCombat,Tailwind,BraveBird,Protect|Jolly||F|||50|]Typhlosion-Hisui||ChoiceScarf|Blaze|Flamethrower,FireBlast,Protect,ShadowBall|Timid||F|||50|]Overqwil||LifeOrb|SwiftSwim|Crunch,SludgeWave,IceBeam,Liquidation|Naughty||M|||50|]Farigiraf||LightClay|ArmorTail|TrickRoom,Psychic,LightScreen,ThunderWave|Sassy||M|||50|
|
|t:|1784500017
|teamsize|p1|4
|teamsize|p2|4
|start
|switch|p1a: Foidmon|Gardevoir, L50, F|100/100
|switch|p1b: The One|Talonflame, L50, F|100/100
|switch|p2a: Staraptor|Staraptor, L50, F|100/100
|switch|p2b: fuck ur rain|Tyranitar, L50, M|100/100
|-ability|p2a: Staraptor|Intimidate|boost
|-unboost|p1a: Foidmon|atk|1
|-unboost|p1b: The One|atk|1
|-ability|p1a: Foidmon|Sand Stream|Trace|[from] ability: Trace|[of] p2b: fuck ur rain
|-weather|Sandstorm|[from] ability: Sand Stream|[of] p1a: Foidmon
|turn|1
|
|t:|1784500045
|switch|p2b: 6 pt goat|Overqwil, L50, M, shiny|100/100
|detailschange|p1a: Foidmon|Gardevoir-Mega, L50, F
|-mega|p1a: Foidmon|Gardevoir|Gardevoirite
|move|p1b: The One|Tailwind|p1b: The One
|-sidestart|p1: ablizzardis1|move: Tailwind
|move|p1a: Foidmon|Hyper Voice|p2a: Staraptor|[spread] p2a,p2b
|-damage|p2a: Staraptor|15/100
|-damage|p2b: 6 pt goat|6/100
|move|p2a: Staraptor|Tailwind|p2a: Staraptor
|-sidestart|p2: mattmoosegoose|move: Tailwind
|
|-weather|Sandstorm|[upkeep]
|-damage|p1b: The One|94/100|[from] Sandstorm
|-damage|p1a: Foidmon|93/100|[from] Sandstorm
|-damage|p2a: Staraptor|9/100|[from] Sandstorm
|-damage|p2b: 6 pt goat|1/100|[from] Sandstorm
|upkeep
|turn|2
|
|t:|1784500081
|move|p1b: The One|Overheat|p2a: Staraptor
|-damage|p2a: Staraptor|0 fnt
|-unboost|p1b: The One|spa|2
|faint|p2a: Staraptor
|move|p1a: Foidmon|Hyper Voice|p2b: 6 pt goat
|-damage|p2b: 6 pt goat|0 fnt
|faint|p2b: 6 pt goat
|
|-weather|Sandstorm|[upkeep]
|-damage|p1b: The One|88/100|[from] Sandstorm
|-damage|p1a: Foidmon|87/100|[from] Sandstorm
|upkeep
|
|t:|1784500091
|switch|p2a: fuck ur rain|Tyranitar, L50, M|100/100
|switch|p2b: Typhlosion|Typhlosion-Hisui, L50, F|100/100
|turn|3
|
|t:|1784500127
|detailschange|p2a: fuck ur rain|Tyranitar-Mega, L50, M
|-mega|p2a: fuck ur rain|Tyranitar|Tyranitarite
|move|p2b: Typhlosion|Shadow Ball|p1a: Foidmon
|-supereffective|p1a: Foidmon|1
|-damage|p1a: Foidmon|15/100
|-unboost|p1a: Foidmon|spd|1
|move|p1b: The One|Brave Bird|p2b: Typhlosion
|-damage|p2b: Typhlosion|59/100
|-damage|p1b: The One|77/100|[from] Recoil
|move|p1a: Foidmon|Hyper Voice|p2a: fuck ur rain|[spread] p2a,p2b
|-supereffective|p2a: fuck ur rain|1
|-resisted|p2b: Typhlosion|1
|-damage|p2a: fuck ur rain|55/100
|-damage|p2b: Typhlosion|26/100
|move|p2a: fuck ur rain|Fire Fang|p1a: Foidmon
|-damage|p1a: Foidmon|0 fnt
|faint|p1a: Foidmon
|
|-weather|Sandstorm|[upkeep]
|-damage|p2b: Typhlosion|20/100y|[from] Sandstorm
|-damage|p1b: The One|71/100|[from] Sandstorm
|upkeep
|
|t:|1784500145
|switch|p1a: Fire/Flying Chuds|Garchomp, L50, M|100/100
|turn|4
|
|t:|1784500161
|move|p2b: Typhlosion|Shadow Ball|p1b: The One
|-damage|p1b: The One|17/100
|move|p1b: The One|Brave Bird|p2b: Typhlosion
|-damage|p2b: Typhlosion|0 fnt
|faint|p2b: Typhlosion
|-damage|p1b: The One|11/100|[from] Recoil
|move|p1a: Fire/Flying Chuds|Earthquake|p2a: fuck ur rain|[spread] p2a
|-immune|p1b: The One
|-supereffective|p2a: fuck ur rain|1
|-damage|p2a: fuck ur rain|9/100
|move|p2a: fuck ur rain|Superpower|p1a: Fire/Flying Chuds
|-damage|p1a: Fire/Flying Chuds|41/100
|-unboost|p2a: fuck ur rain|atk|1
|-unboost|p2a: fuck ur rain|def|1
|
|-weather|Sandstorm|[upkeep]
|-damage|p1b: The One|5/100|[from] Sandstorm
|-sideend|p2: mattmoosegoose|move: Tailwind
|-sideend|p1: ablizzardis1|move: Tailwind
|upkeep
|turn|5
|
|t:|1784500183
|move|p2a: fuck ur rain|Protect|p2a: fuck ur rain
|-singleturn|p2a: fuck ur rain|Protect
|move|p1b: The One|Tailwind|p1b: The One
|-sidestart|p1: ablizzardis1|move: Tailwind
|move|p1a: Fire/Flying Chuds|Earthquake|p2a: fuck ur rain|[spread] 
|-activate|p2a: fuck ur rain|move: Protect
|-immune|p1b: The One
|
|-weather|none
|upkeep
|turn|6
|
|t:|1784500201
|move|p1b: The One|Brave Bird|p2a: fuck ur rain
|-resisted|p2a: fuck ur rain|1
|-damage|p2a: fuck ur rain|0 fnt
|faint|p2a: fuck ur rain
|-damage|p1b: The One|2/100|[from] Recoil
|
|win|ablizzardis1
||mattmoosegoose is ready for game 2.
