|j|☆RickCtrl
|j|☆JuvenileLeopard
|html|RickCtrlJuvenileLeopard    
|uhtml|bestof|Game 3 of a best-of-3
|t:|1756333220
|gametype|doubles
|player|p1|RickCtrl|102|1176
|player|p2|JuvenileLeopard|colress|1086
|gen|9
|tier|[Gen 9] VGC 2025 Reg H (Bo3)
|rated|
|rule|Species Clause: Limit one of each Pokémon
|rule|Item Clause: Limit 1 of each item
|clearpoke
|poke|p1|Indeedee, L50, M|
|poke|p1|Sneasler, L50, F|
|poke|p1|Ursaluna-Bloodmoon, L50, M|
|poke|p1|Electabuzz, L50, M|
|poke|p1|Talonflame, L50, M|
|poke|p1|Incineroar, L50, F|
|poke|p2|Amoonguss, L50, F|
|poke|p2|Dragonite, L50, F|
|poke|p2|Excadrill, L50, F|
|poke|p2|Gholdengo, L50|
|poke|p2|Gyarados, L50, F|
|poke|p2|Tyranitar, L50, F|
|teampreview|4
|showteam|p1|Indeedee||FocusSash|PsychicSurge|ExpandingForce,HelpingHand,Protect,TrickRoom|||M|||50|,,,,,Psychic]Sneasler||PsychicSeed|Unburden|Protect,DireClaw,CloseCombat,ThroatChop|||F|||50|,,,,,Dark]Ursaluna-Bloodmoon||LifeOrb|MindsEye|BloodMoon,HyperVoice,EarthPower,Protect|||M|||50|,,,,,Normal]Electabuzz||Eviolite|VitalSpirit|Protect,Taunt,FollowMe,Electroweb|||M|||50|,,,,,Fairy]Talonflame||CovertCloak|GaleWings|Tailwind,WillOWisp,DualWingbeat,FlareBlitz|||M|||50|,,,,,Stellar]Incineroar||SafetyGoggles|Intimidate|FakeOut,Taunt,KnockOff,PartingShot|||F|||50|,,,,,Ghost
|showteam|p2|Amoonguss||SitrusBerry|Regenerator|RagePowder,Spore,SludgeBomb,Protect|||F|||50|,,,,,Water]Dragonite||LoadedDice|InnerFocus|ScaleShot,LowKick,Tailwind,Haze|||F|||50|,,,,,Fairy]Excadrill||FocusSash|SandRush|Protect,HighHorsepower,Earthquake,IronHead|||F|||50|,,,,,Ghost]Gholdengo||LifeOrb|GoodasGold|MakeItRain,NastyPlot,Protect,ShadowBall||||||50|,,,,,Dragon]Gyarados||SafetyGoggles|Intimidate|Waterfall,ThunderWave,Taunt,Protect|||F|||50|,,,,,Steel]Tyranitar||AssaultVest|SandStream|RockSlide,KnockOff,LowKick,TeraBlast|||F|||50|,,,,,Flying
|
|t:|1756333259
|teamsize|p1|4
|teamsize|p2|4
|start
|switch|p1a: Incineroar|Incineroar, L50, F|100/100
|switch|p1b: Ursaluna|Ursaluna-Bloodmoon, L50, M|100/100
|switch|p2a: Tyranitar|Tyranitar, L50, F|100/100
|switch|p2b: Excadrill|Excadrill, L50, F|100/100
|-ability|p1a: Incineroar|Intimidate|boost
|-unboost|p2a: Tyranitar|atk|1
|-unboost|p2b: Excadrill|atk|1
|-weather|Sandstorm|[from] ability: Sand Stream|[of] p2a: Tyranitar
|turn|1
|inactive|Battle timer is ON: inactive players will automatically lose when time's up. (requested by JuvenileLeopard)
|inactive|RickCtrl has 60 seconds left.
|
|t:|1756333295
|-terastallize|p1b: Ursaluna|Normal
|-terastallize|p2a: Tyranitar|Flying
|move|p1a: Incineroar|Fake Out|p2b: Excadrill
|-resisted|p2b: Excadrill
|-damage|p2b: Excadrill|94/100
|cant|p2b: Excadrill|flinch
|move|p1b: Ursaluna|Blood Moon|p2a: Tyranitar
|-damage|p2a: Tyranitar|14/100
|-damage|p1b: Ursaluna|91/100|[from] item: Life Orb
|move|p2a: Tyranitar|Low Kick|p1b: Ursaluna
|-supereffective|p1b: Ursaluna
|-damage|p1b: Ursaluna|39/100
|
|-weather|Sandstorm|[upkeep]
|-damage|p1b: Ursaluna|33/100|[from] Sandstorm
|-damage|p2a: Tyranitar|8/100|[from] Sandstorm
|upkeep
|turn|2
|inactive|RickCtrl has 30 seconds left.
|
|t:|1756333321
|switch|p1a: Talonflame|Talonflame, L50, M|100/100
|move|p1b: Ursaluna|Protect|p1b: Ursaluna
|-singleturn|p1b: Ursaluna|Protect
|move|p2b: Excadrill|Earthquake|p1b: Ursaluna|[spread] 
|-activate|p1b: Ursaluna|move: Protect
|-immune|p2a: Tyranitar
|-immune|p1a: Talonflame
|move|p2a: Tyranitar|Rock Slide|p1a: Talonflame|[spread] p1a
|-activate|p1b: Ursaluna|move: Protect
|-supereffective|p1a: Talonflame
|-damage|p1a: Talonflame|0 fnt
|faint|p1a: Talonflame
|
|-weather|Sandstorm|[upkeep]
|-damage|p1b: Ursaluna|27/100|[from] Sandstorm
|-damage|p2a: Tyranitar|2/100|[from] Sandstorm
|upkeep
|
|t:|1756333341
|switch|p1a: Incineroar|Incineroar, L50, F|100/100
|-ability|p1a: Incineroar|Intimidate|boost
|-unboost|p2a: Tyranitar|atk|1
|-unboost|p2b: Excadrill|atk|1
|turn|3
|
|t:|1756333356
|move|p2b: Excadrill|Protect|p2b: Excadrill
|-singleturn|p2b: Excadrill|Protect
|move|p1b: Ursaluna|Protect|p1b: Ursaluna
|-singleturn|p1b: Ursaluna|Protect
|move|p1a: Incineroar|Fake Out|p2b: Excadrill
|-activate|p2b: Excadrill|move: Protect
|move|p2a: Tyranitar|Low Kick|p1b: Ursaluna
|-activate|p1b: Ursaluna|move: Protect
|
|-weather|Sandstorm|[upkeep]
|-damage|p1b: Ursaluna|22/100|[from] Sandstorm
|-damage|p2a: Tyranitar|0 fnt|[from] Sandstorm
|faint|p2a: Tyranitar
|upkeep
|
|t:|1756333369
|switch|p2a: Dragonite|Dragonite, L50, F|100/100
|turn|4
|inactive|RickCtrl has 30 seconds left.
|
|t:|1756333397
|move|p1b: Ursaluna|Protect||[still]
|-fail|p1b: Ursaluna
|move|p2b: Excadrill|Earthquake|p1b: Ursaluna|[spread] p1a,p1b
|-immune|p2a: Dragonite
|-supereffective|p1a: Incineroar
|-damage|p1a: Incineroar|59/100
|-damage|p1b: Ursaluna|5/100
|move|p2a: Dragonite|Low Kick|p1b: Ursaluna
|-supereffective|p1b: Ursaluna
|-damage|p1b: Ursaluna|0 fnt
|faint|p1b: Ursaluna
|move|p1a: Incineroar|Parting Shot|p2b: Excadrill
|-unboost|p2b: Excadrill|atk|1
|-unboost|p2b: Excadrill|spa|1
|
|t:|1756333408
|switch|p1a: Sneasler|Sneasler, L50, F|100/100|[from] Parting Shot
|
|-weather|Sandstorm|[upkeep]
|-damage|p1a: Sneasler|95/100|[from] Sandstorm
|-damage|p2a: Dragonite|94/100|[from] Sandstorm
|upkeep
|
|t:|1756333413
|switch|p1b: Incineroar|Incineroar, L50, F|59/100
|-ability|p1b: Incineroar|Intimidate|boost
|-fail|p2a: Dragonite|unboost|Attack|[from] ability: Inner Focus|[of] p2a: Dragonite
|-unboost|p2b: Excadrill|atk|1
|turn|5
|inactive|RickCtrl has 30 seconds left.
|
|t:|1756333441
|move|p2b: Excadrill|Earthquake|p1a: Sneasler|[spread] p1a,p1b
|-immune|p2a: Dragonite
|-supereffective|p1a: Sneasler
|-supereffective|p1b: Incineroar
|-damage|p1a: Sneasler|49/100
|-damage|p1b: Incineroar|31/100
|move|p1a: Sneasler|Dire Claw|p2a: Dragonite
|-damage|p2a: Dragonite|46/100
|-status|p2a: Dragonite|slp
|cant|p2a: Dragonite|slp
|move|p1b: Incineroar|Knock Off|p2b: Excadrill
|-crit|p2b: Excadrill
|-damage|p2b: Excadrill|14/100
|-enditem|p2b: Excadrill|Focus Sash|[from] move: Knock Off|[of] p1b: Incineroar
|
|-weather|none
|upkeep
|turn|6
|inactive|RickCtrl has 30 seconds left.
|inactive|JuvenileLeopard has 30 seconds left.
|
|t:|1756333474
|move|p1a: Sneasler|Throat Chop|p2b: Excadrill
|-damage|p2b: Excadrill|0 fnt
|faint|p2b: Excadrill
|cant|p2a: Dragonite|slp
|move|p1b: Incineroar|Knock Off|p2a: Dragonite
|-damage|p2a: Dragonite|5/100 slp
|-enditem|p2a: Dragonite|Loaded Dice|[from] move: Knock Off|[of] p1b: Incineroar
|
|upkeep
|
|t:|1756333479
|switch|p2b: Gholdengo|Gholdengo, L50|100/100
|turn|7
|
|t:|1756333496
|move|p1a: Sneasler|Throat Chop|p2a: Dragonite
|-damage|p2a: Dragonite|0 fnt
|faint|p2a: Dragonite
|move|p2b: Gholdengo|Make It Rain|p1a: Sneasler|[spread] p1a,p1b
|-resisted|p1b: Incineroar
|-damage|p1a: Sneasler|0 fnt
|-damage|p1b: Incineroar|4/100
|-unboost|p2b: Gholdengo|spa|1
|faint|p1a: Sneasler
|-damage|p2b: Gholdengo|91/100|[from] item: Life Orb
|move|p1b: Incineroar|Knock Off|p2b: Gholdengo
|-supereffective|p2b: Gholdengo
|-damage|p2b: Gholdengo|0 fnt
|-enditem|p2b: Gholdengo|Life Orb|[from] move: Knock Off|[of] p1b: Incineroar
|faint|p2b: Gholdengo
|
|win|RickCtrl
|raw|RickCtrl's rating: 1176 → 1195(+19 for winning)
|raw|JuvenileLeopard's rating: 1086 → 1069(-17 for losing)
|l|☆JuvenileLeopard
|player|p2|
