|j|☆magicalarcher57
|j|☆dandetheheartless
|html|magicalarcher57dandetheheartless    
|uhtml|bestof|Game 2 of a best-of-3
|t:|1782571512
|gametype|doubles
|player|p1|magicalarcher57|diantha|1170
|player|p2|dandetheheartless|winona|1229
|gen|9
|tier|[Gen 9 Champions] VGC 2026 Reg M-B (Bo3)
|rated|
|rule|Species Clause: Limit one of each Pokémon
|rule|Item Clause: Limit 1 of each item
|clearpoke
|poke|p1|Incineroar, L50, F|
|poke|p1|Gengar, L50, F|
|poke|p1|Kingambit, L50, M|
|poke|p1|Sneasler, L50, M|
|poke|p1|Kommo-o, L50, M|
|poke|p1|Delphox, L50, F|
|poke|p2|Raichu, L50, F|
|poke|p2|Gholdengo, L50|
|poke|p2|Basculegion, L50, M|
|poke|p2|Whimsicott, L50, M|
|poke|p2|Floette-Eternal, L50, F|
|poke|p2|Garchomp, L50, M|
|teampreview|4
|showteam|p1|Incineroar||PasshoBerry|Intimidate|Protect,DarkestLariat,FakeOut,PartingShot|Relaxed||F|||50|]Gengar||Gengarite|CursedBody|ShadowBall,PerishSong,Disable,Protect|Modest||F|||50|]Kingambit||BlackGlasses|Defiant|KowtowCleave,SwordsDance,SuckerPunch,Protect|Adamant||M|||50|]Sneasler||WhiteHerb|Unburden|DireClaw,FakeOut,CloseCombat,Protect|Adamant||M|||50|]Kommo-o||Leftovers|Soundproof|ClangingScales,AuraSphere,ClangorousSoul,Protect|Modest||M|||50|]Delphox||Delphoxite|Blaze|HeatWave,Psyshock,Substitute,Protect|Timid||F|||50|
|showteam|p2|Raichu||RaichuniteY|Static|ZapCannon,FocusBlast,FakeOut,Protect|Hasty||F|||50|]Gholdengo||LifeOrb|GoodasGold|MakeItRain,ShadowBall,NastyPlot,Protect|Modest|||||50|]Basculegion||MysticWater|Adaptability|AquaJet,WaveCrash,LastRespects,Protect|Adamant||M|||50|]Whimsicott||FocusSash|Prankster|Moonblast,Tailwind,Encore,Protect|Timid||M|||50|]Floette-Eternal||Floettite|FlowerVeil|Moonblast,DazzlingGleam,LightofRuin,Protect|Modest||F|||50|]Garchomp||SitrusBerry|SandVeil|RockSlide,StompingTantrum,DragonClaw,Protect|Adamant||M|||50|
|inactive|Battle timer is ON: inactive players will automatically lose when time's up. (requested by dandetheheartless)
|inactive|magicalarcher57 also wants the timer to be on.
|inactive|dandetheheartless has 60 seconds left.
|
|t:|1782571553
|teamsize|p1|4
|teamsize|p2|4
|start
|switch|p1a: Incineroar|Incineroar, L50, F|100/100
|switch|p1b: Kommo-o|Kommo-o, L50, M|100/100
|switch|p2a: Basculegion|Basculegion, L50, M|100/100
|switch|p2b: Raichu|Raichu, L50, F|100/100
|-ability|p1a: Incineroar|Intimidate|boost
|-unboost|p2a: Basculegion|atk|1
|-unboost|p2b: Raichu|atk|1
|turn|1
|
|t:|1782571569
|switch|p2a: Garchomp|Garchomp, L50, M|100/100
|detailschange|p2b: Raichu|Raichu-Mega-Y, L50, F
|-mega|p2b: Raichu|Raichu|Raichunite Y
|move|p2b: Raichu|Fake Out|p1b: Kommo-o
|-damage|p1b: Kommo-o|94/100
|cant|p1b: Kommo-o|flinch
|move|p1a: Incineroar|Parting Shot|p2b: Raichu
|-unboost|p2b: Raichu|atk|1
|-unboost|p2b: Raichu|spa|1
|
|t:|1782571574
|switch|p1a: Sneasler|Sneasler, L50, M|100/100|[from] Parting Shot
|
|-heal|p1b: Kommo-o|100/100|[from] item: Leftovers
|upkeep
|turn|2
|
|t:|1782571584
|switch|p2b: Gholdengo|Gholdengo, L50|100/100
|move|p1a: Sneasler|Fake Out|p2a: Garchomp
|-damage|p2a: Garchomp|85/100
|cant|p2a: Garchomp|flinch
|move|p1b: Kommo-o|Clangorous Soul|p1b: Kommo-o
|-boost|p1b: Kommo-o|atk|1
|-boost|p1b: Kommo-o|def|1
|-boost|p1b: Kommo-o|spa|1
|-boost|p1b: Kommo-o|spd|1
|-boost|p1b: Kommo-o|spe|1
|-damage|p1b: Kommo-o|67/100
|
|-heal|p1b: Kommo-o|73/100|[from] item: Leftovers
|upkeep
|turn|3
|
|t:|1782571608
|switch|p1a: Kingambit|Kingambit, L50, M|100/100
|move|p2a: Garchomp|Protect|p2a: Garchomp
|-singleturn|p2a: Garchomp|Protect
|move|p1b: Kommo-o|Clanging Scales|p2b: Gholdengo|[spread] p2b
|-activate|p2a: Garchomp|move: Protect
|-resisted|p2b: Gholdengo|1
|-damage|p2b: Gholdengo|70/100
|-unboost|p1b: Kommo-o|def|1
|move|p2b: Gholdengo|Nasty Plot|p2b: Gholdengo
|-boost|p2b: Gholdengo|spa|2
|
|-heal|p1b: Kommo-o|79/100|[from] item: Leftovers
|upkeep
|turn|4
|
|t:|1782571623
|move|p2b: Gholdengo|Protect|p2b: Gholdengo
|-singleturn|p2b: Gholdengo|Protect
|move|p1a: Kingambit|Sucker Punch||[still]
|-fail|p1a: Kingambit
|move|p1b: Kommo-o|Clanging Scales|p2b: Gholdengo|[spread] p2a
|-activate|p2b: Gholdengo|move: Protect
|-supereffective|p2a: Garchomp|1
|-damage|p2a: Garchomp|0 fnt
|faint|p2a: Garchomp
|-unboost|p1b: Kommo-o|def|1
|
|-heal|p1b: Kommo-o|85/100|[from] item: Leftovers
|upkeep
|
|t:|1782571626
|switch|p2a: Raichu|Raichu-Mega-Y, L50, F|100/100
|turn|5
|
|t:|1782571637
|move|p1b: Kommo-o|Protect|p1b: Kommo-o
|-singleturn|p1b: Kommo-o|Protect
|move|p1a: Kingambit|Protect|p1a: Kingambit
|-singleturn|p1a: Kingambit|Protect
|move|p2a: Raichu|Fake Out|p1a: Kingambit
|-activate|p1a: Kingambit|move: Protect
|move|p2b: Gholdengo|Make It Rain|p1b: Kommo-o|[spread] 
|-activate|p1a: Kingambit|move: Protect
|-activate|p1b: Kommo-o|move: Protect
|
|-heal|p1b: Kommo-o|92/100|[from] item: Leftovers
|upkeep
|turn|6
|
|t:|1782571643
|move|p1a: Kingambit|Sucker Punch|p2a: Raichu
|-damage|p2a: Raichu|5/100
|move|p2a: Raichu|Focus Blast|p1a: Kingambit
|-supereffective|p1a: Kingambit|2
|-damage|p1a: Kingambit|0 fnt
|faint|p1a: Kingambit
|move|p1b: Kommo-o|Clanging Scales|p2b: Gholdengo|[spread] p2a,p2b
|-resisted|p2b: Gholdengo|1
|-damage|p2a: Raichu|0 fnt
|-damage|p2b: Gholdengo|41/100
|faint|p2a: Raichu
|-unboost|p1b: Kommo-o|def|1
|move|p2b: Gholdengo|Nasty Plot|p2b: Gholdengo
|-boost|p2b: Gholdengo|spa|2
|
|-heal|p1b: Kommo-o|98/100|[from] item: Leftovers
|upkeep
|
|t:|1782571648
|switch|p2a: Basculegion|Basculegion, L50, M|100/100
|switch|p1a: Incineroar|Incineroar, L50, F|100/100
|-ability|p1a: Incineroar|Intimidate|boost
|-unboost|p2a: Basculegion|atk|1
|-unboost|p2b: Gholdengo|atk|1
|turn|7
|
|t:|1782571658
|move|p1b: Kommo-o|Clanging Scales|p2b: Gholdengo|[spread] p2a,p2b
|-resisted|p2b: Gholdengo|1
|-damage|p2a: Basculegion|39/100
|-damage|p2b: Gholdengo|12/100
|-unboost|p1b: Kommo-o|def|1
|move|p2b: Gholdengo|Make It Rain|p1b: Kommo-o|[spread] p1a,p1b
|-resisted|p1a: Incineroar|1
|-crit|p1a: Incineroar
|-damage|p1a: Incineroar|0 fnt
|-damage|p1b: Kommo-o|0 fnt
|-unboost|p2b: Gholdengo|spa|2
|faint|p1a: Incineroar
|faint|p1b: Kommo-o
|-damage|p2b: Gholdengo|2/100|[from] item: Life Orb
|move|p2a: Basculegion|Wave Crash|p1: Incineroar|[notarget]
|-fail|p2a: Basculegion
|
|upkeep
|-message|magicalarcher57 forfeited.
|raw|magicalarcher57's rating: 1170 → 1149(-21 for losing)
|raw|dandetheheartless's rating: 1229 → 1250(+21 for winning)
|
|win|dandetheheartless
