|j|☆cocacolaindahhouse
|j|☆gianisking
|html|cocacolaindahhousegianisking    
|uhtml|bestof|Game 1 of a best-of-3
|t:|1756894344
|gametype|doubles
|player|p1|cocacolaindahhouse|170|1514
|player|p2|gianisking|bugcatcher-gen4dp|1451
|gen|9
|tier|[Gen 9] VGC 2025 Reg H (Bo3)
|rated|
|rule|Species Clause: Limit one of each Pokémon
|rule|Item Clause: Limit 1 of each item
|clearpoke
|poke|p1|Ursaluna, L50, M|
|poke|p1|Dragonite, L50, M|
|poke|p1|Archaludon, L50, M|
|poke|p1|Sinistcha, L50|
|poke|p1|Pelipper, L50, M|
|poke|p1|Gholdengo, L50|
|poke|p2|Archaludon, L50, M|
|poke|p2|Pelipper, L50, F|
|poke|p2|Ursaluna, L50, M|
|poke|p2|Amoonguss, L50, M|
|poke|p2|Incineroar, L50, M|
|poke|p2|Kommo-o, L50, F|
|teampreview|4
|showteam|p1|Ursaluna||FlameOrb|Guts|Facade,Protect,HeadlongRush,Earthquake|||M|||50|,,,,,Ghost]Dragonite||LoadedDice|Multiscale|ScaleShot,Protect,Haze,Tailwind|||M|||50|,,,,,Fairy]Archaludon||AssaultVest|Stamina|FlashCannon,BodyPress,ElectroShot,Snarl|||M|||50|,,,,,Fighting]Sinistcha||SitrusBerry|Hospitality|LifeDew,MatchaGotcha,TrickRoom,RagePowder||||||50|,,,,,Dark]Pelipper||FocusSash|Drizzle|Hurricane,Tailwind,MuddyWater,Protect|||M|||50|,,,,,Ghost]Gholdengo||ChoiceScarf|GoodasGold|MakeItRain,ShadowBall,Trick,TeraBlast||||||50|,,,,,Water
|showteam|p2|Archaludon||AssaultVest|Stamina|ElectroShot,BodyPress,FlashCannon,DragonPulse|||M|||50|,,,,,Bug]Pelipper||FocusSash|Drizzle|WeatherBall,Tailwind,Hurricane,Protect|||F|||50|,,,,,Ghost]Ursaluna||FlameOrb|Guts|Facade,HeadlongRush,Earthquake,Protect|||M|||50|,,,,,Ghost]Amoonguss||SitrusBerry|Regenerator|Spore,RagePowder,PollenPuff,Protect|||M|||50|,,,,,Water]Incineroar||SafetyGoggles|Intimidate|KnockOff,PartingShot,FakeOut,FlareBlitz|||M|||50|,,,,,Ghost]Kommo-o||ThroatSpray|Overcoat|Protect,ClangorousSoul,AuraSphere,ClangingScales|||F|||50|,,,,,Fairy
|
|t:|1756894423
|teamsize|p1|4
|teamsize|p2|4
|start
|switch|p1a: Gholdengo|Gholdengo, L50|100/100
|switch|p1b: Archaludon|Archaludon, L50, M|100/100
|switch|p2a: Amoonguss|Amoonguss, L50, M|100/100
|switch|p2b: Kommo-o|Kommo-o, L50, F|100/100
|turn|1
|
|t:|1756894474
|move|p2b: Kommo-o|Protect|p2b: Kommo-o
|-singleturn|p2b: Kommo-o|Protect
|move|p1a: Gholdengo|Make It Rain|p2b: Kommo-o|[spread] p2a
|-activate|p2b: Kommo-o|move: Protect
|-damage|p2a: Amoonguss|51/100
|-unboost|p1a: Gholdengo|spa|1
|move|p1b: Archaludon|Snarl|p2b: Kommo-o|[spread] p2a
|-activate|p2b: Kommo-o|move: Protect
|-damage|p2a: Amoonguss|41/100
|-unboost|p2a: Amoonguss|spa|1
|-enditem|p2a: Amoonguss|Sitrus Berry|[eat]
|-heal|p2a: Amoonguss|66/100|[from] item: Sitrus Berry
|move|p2a: Amoonguss|Spore|p1b: Archaludon
|-status|p1b: Archaludon|slp|[from] move: Spore
|
|upkeep
|turn|2
|
|t:|1756894512
|switch|p1b: Sinistcha|Sinistcha, L50|100/100
|move|p1a: Gholdengo|Make It Rain|p2b: Kommo-o|[spread] p2a,p2b
|-damage|p2a: Amoonguss|35/100
|-damage|p2b: Kommo-o|66/100
|-unboost|p1a: Gholdengo|spa|1
|move|p2b: Kommo-o|Clangorous Soul|p2b: Kommo-o
|-boost|p2b: Kommo-o|atk|1
|-boost|p2b: Kommo-o|def|1
|-boost|p2b: Kommo-o|spa|1
|-boost|p2b: Kommo-o|spd|1
|-boost|p2b: Kommo-o|spe|1
|-damage|p2b: Kommo-o|34/100
|-enditem|p2b: Kommo-o|Throat Spray
|-boost|p2b: Kommo-o|spa|1|[from] item: Throat Spray
|move|p2a: Amoonguss|Pollen Puff|p2b: Kommo-o
|-heal|p2b: Kommo-o|83/100
|
|upkeep
|turn|3
|
|t:|1756894561
|switch|p1a: Archaludon|Archaludon, L50, M|100/100 slp
|move|p2b: Kommo-o|Clangorous Soul|p2b: Kommo-o
|-boost|p2b: Kommo-o|atk|1
|-boost|p2b: Kommo-o|def|1
|-boost|p2b: Kommo-o|spa|1
|-boost|p2b: Kommo-o|spd|1
|-boost|p2b: Kommo-o|spe|1
|-damage|p2b: Kommo-o|51/100
|move|p2a: Amoonguss|Pollen Puff|p2b: Kommo-o
|-heal|p2b: Kommo-o|100/100
|move|p1b: Sinistcha|Trick Room|p1b: Sinistcha
|-fieldstart|move: Trick Room|[of] p1b: Sinistcha
|
|upkeep
|turn|4
|
|t:|1756894591
|switch|p2a: Incineroar|Incineroar, L50, M|100/100
|-ability|p2a: Incineroar|Intimidate|boost
|-unboost|p1a: Archaludon|atk|1
|-unboost|p1b: Sinistcha|atk|1
|move|p1b: Sinistcha|Matcha Gotcha|p2a: Incineroar|[spread] p2a,p2b
|-resisted|p2a: Incineroar
|-resisted|p2b: Kommo-o
|-damage|p2a: Incineroar|89/100
|-damage|p2b: Kommo-o|95/100
|cant|p1a: Archaludon|slp
|move|p2b: Kommo-o|Clanging Scales|p1b: Sinistcha|[spread] p1a,p1b
|-damage|p1a: Archaludon|48/100 slp
|-damage|p1b: Sinistcha|20/100
|-ability|p1a: Archaludon|Stamina|boost
|-boost|p1a: Archaludon|def|1
|-enditem|p1b: Sinistcha|Sitrus Berry|[eat]
|-heal|p1b: Sinistcha|44/100|[from] item: Sitrus Berry
|-unboost|p2b: Kommo-o|def|1
|
|upkeep
|turn|5
|
|t:|1756894613
|move|p2a: Incineroar|Fake Out|p1a: Archaludon
|-resisted|p1a: Archaludon
|-damage|p1a: Archaludon|46/100 slp
|-ability|p1a: Archaludon|Stamina|boost
|-boost|p1a: Archaludon|def|1
|move|p1b: Sinistcha|Life Dew|p1b: Sinistcha|[spread] p1a,p1b
|-heal|p1a: Archaludon|71/100 slp
|-heal|p1b: Sinistcha|70/100
|-curestatus|p1a: Archaludon|slp|[msg]
|cant|p1a: Archaludon|flinch
|move|p2b: Kommo-o|Clanging Scales|p1b: Sinistcha|[spread] p1a,p1b
|-damage|p1a: Archaludon|10/100
|-damage|p1b: Sinistcha|0 fnt
|-ability|p1a: Archaludon|Stamina|boost
|-boost|p1a: Archaludon|def|1
|faint|p1b: Sinistcha
|-unboost|p2b: Kommo-o|def|1
|
|upkeep
|
|t:|1756894632
|switch|p1b: Ursaluna|Ursaluna, L50, M|100/100
|turn|6
|
|t:|1756894652
|-terastallize|p2a: Incineroar|Ghost
|-terastallize|p1a: Archaludon|Fighting
|move|p2b: Kommo-o|Protect|p2b: Kommo-o
|-singleturn|p2b: Kommo-o|Protect
|move|p2a: Incineroar|Parting Shot|p1a: Archaludon
|-unboost|p1a: Archaludon|atk|1
|-unboost|p1a: Archaludon|spa|1
|
|t:|1756894662
|switch|p2a: Amoonguss|Amoonguss, L50, M|68/100|[from] Parting Shot
|move|p1b: Ursaluna|Headlong Rush|p2b: Kommo-o
|-activate|p2b: Kommo-o|move: Protect
|move|p1a: Archaludon|Body Press|p2b: Kommo-o
|-activate|p2b: Kommo-o|move: Protect
|
|-status|p1b: Ursaluna|brn|[from] item: Flame Orb
|upkeep
|turn|7
|
|t:|1756894698
|switch|p2b: Incineroar|Incineroar, L50, M, tera:Ghost|89/100
|-ability|p2b: Incineroar|Intimidate|boost
|-unboost|p1a: Archaludon|atk|1
|-unboost|p1b: Ursaluna|atk|1
|move|p2a: Amoonguss|Spore|p1a: Archaludon
|-status|p1a: Archaludon|slp|[from] move: Spore
|move|p1b: Ursaluna|Facade|p2b: Incineroar
|-immune|p2b: Incineroar
|cant|p1a: Archaludon|slp
|
|-damage|p1b: Ursaluna|95/100 brn|[from] brn
|-fieldend|move: Trick Room
|upkeep
|turn|8
|
|t:|1756894741
|switch|p1a: Gholdengo|Gholdengo, L50|100/100
|switch|p2a: Archaludon|Archaludon, L50, M|100/100
|move|p1b: Ursaluna|Facade|p2a: Archaludon
|-resisted|p2a: Archaludon
|-damage|p2a: Archaludon|69/100
|-ability|p2a: Archaludon|Stamina|boost
|-boost|p2a: Archaludon|def|1
|move|p2b: Incineroar|Flare Blitz|p1a: Gholdengo
|-supereffective|p1a: Gholdengo
|-crit|p1a: Gholdengo
|-damage|p1a: Gholdengo|0 fnt
|faint|p1a: Gholdengo
|-damage|p2b: Incineroar|62/100|[from] Recoil
|
|-damage|p1b: Ursaluna|89/100 brn|[from] brn
|upkeep
|
|t:|1756894757
|switch|p1a: Archaludon|Archaludon, L50, M, tera:Fighting|10/100 slp
|turn|9
|
|t:|1756894771
|move|p2a: Archaludon|Dragon Pulse|p1a: Archaludon
|-damage|p1a: Archaludon|0 fnt
|faint|p1a: Archaludon
|move|p1b: Ursaluna|Headlong Rush|p2a: Archaludon
|-supereffective|p2a: Archaludon
|-crit|p2a: Archaludon
|-damage|p2a: Archaludon|0 fnt
|-unboost|p1b: Ursaluna|def|1
|-unboost|p1b: Ursaluna|spd|1
|faint|p2a: Archaludon
|move|p2b: Incineroar|Flare Blitz|p1b: Ursaluna
|-damage|p1b: Ursaluna|30/100 brn
|-damage|p2b: Incineroar|42/100|[from] Recoil
|
|-damage|p1b: Ursaluna|24/100 brn|[from] brn
|upkeep
|
|t:|1756894777
|switch|p2a: Kommo-o|Kommo-o, L50, F|95/100
|turn|10
|
|t:|1756894787
|move|p2a: Kommo-o|Clanging Scales|p1b: Ursaluna
|-damage|p1b: Ursaluna|0 fnt
|faint|p1b: Ursaluna
|
|win|gianisking
||cocacolaindahhouse is ready for game 2.
||gianisking is ready for game 2.
|uhtml|next|Next: Game 2 of 3
|l|☆gianisking
|player|p2|
