|j|☆koihoiboi
|j|☆intifadaaa
|html|koihoiboiintifadaaa    
|uhtml|bestof|Game 2 of a best-of-3
|t:|1785485062
|gametype|doubles
|player|p1|koihoiboi|1|1084
|player|p2|intifadaaa|workerice|1114
|gen|9
|tier|[Gen 9 Champions] VGC 2026 Reg M-B (Bo3)
|rated|
|rule|Species Clause: Limit one of each Pokémon
|rule|Item Clause: Limit 1 of each item
|clearpoke
|poke|p1|Staraptor, L50, M|
|poke|p1|Whimsicott, L50, M|
|poke|p1|Delphox, L50, M|
|poke|p1|Aegislash, L50, M|
|poke|p1|Lycanroc-Dusk, L50, M|
|poke|p1|Sylveon, L50, F|
|poke|p2|Hatterene, L50, F, shiny|
|poke|p2|Kangaskhan, L50, F|
|poke|p2|Venusaur, L50, M|
|poke|p2|Torkoal, L50, F|
|poke|p2|Oranguru, L50, M, shiny|
|poke|p2|Mawile, L50, F, shiny|
|teampreview|4
|showteam|p1|Staraptor||Staraptite|Intimidate|Protect,CloseCombat,BraveBird,Roost|Adamant||M|||50|]Whimsicott||FocusSash|Prankster|Tailwind,Tickle,Encore,Moonblast|Timid||M|||50|]Delphox||Delphoxite|Blaze|Protect,Psyshock,HeatWave,NastyPlot|Timid||M|||50|]Aegislash||LifeOrb|StanceChange|KingsShield,FlashCannon,ShadowBall,WideGuard|Modest||M|||50|]Lycanroc-Dusk||ChopleBerry|ToughClaws|Accelerock,RockSlide,Protect,CloseCombat|Jolly||M|||50|]Sylveon||FairyFeather|Pixilate|Detect,HyperVoice,QuickAttack,HyperBeam|Quiet||F|||50|
|showteam|p2|Hatterene||LifeOrb|MagicBounce|DazzlingGleam,Psychic,TrickRoom,Protect|Quiet||F|||50|]Kangaskhan||SilkScarf|Scrappy|LastResort,FakeOut|Adamant||F|||50|]Venusaur||FocusSash|Chlorophyll|LeafStorm,SludgeBomb,Protect,SleepPowder|Modest||M|||50|]Torkoal||Charcoal|Drought|Eruption,HeatWave,Protect,EarthPower|Modest||F|||50|]Oranguru||MentalHerb|InnerFocus|Psychic,Instruct,Protect,TrickRoom|Sassy||M|||50|]Mawile||Mawilite|SheerForce|PlayRough,IronHead,Protect,SuckerPunch|Adamant||F|||50|
|inactive|Battle timer is ON: inactive players will automatically lose when time's up. (requested by koihoiboi)
|
|t:|1785485092
|teamsize|p1|4
|teamsize|p2|4
|start
|switch|p1a: Aegislash|Aegislash, L50, M|100/100
|switch|p1b: Sylveon|Sylveon, L50, F|100/100
|switch|p2a: Burt|Torkoal, L50, F|100/100
|switch|p2b: Harambe|Oranguru, L50, M, shiny|100/100
|-weather|SunnyDay|[from] ability: Drought|[of] p2a: Burt
|turn|1
|inactive|intifadaaa has 30 seconds left.
|inactive|intifadaaa has 20 seconds left.
|inactive|intifadaaa has 15 seconds left.
|inactive|intifadaaa has 10 seconds left.
|inactive|intifadaaa has 5 seconds left.
|
|t:|1785485147
|-formechange|p1a: Aegislash|Aegislash-Blade|
|move|p1a: Aegislash|Shadow Ball|p2a: Burt
|-damage|p2a: Burt|23/100
|-unboost|p2a: Burt|spd|1
|-damage|p1a: Aegislash|90/100|[from] item: Life Orb
|move|p1b: Sylveon|Hyper Beam|p2b: Harambe
|-damage|p2b: Harambe|25/100
|-mustrecharge|p1b: Sylveon
|move|p2b: Harambe|Psychic|p1a: Aegislash
|-resisted|p1a: Aegislash|1
|-damage|p1a: Aegislash|64/100
|-unboost|p1a: Aegislash|spd|1
|move|p2a: Burt|Eruption|p1b: Sylveon|[spread] p1a,p1b
|-supereffective|p1a: Aegislash|1
|-damage|p1a: Aegislash|0 fnt
|-damage|p1b: Sylveon|84/100
|faint|p1a: Aegislash
|
|-weather|SunnyDay|[upkeep]
|upkeep
|
|t:|1785485171
|switch|p1a: Lycanroc|Lycanroc-Dusk, L50, M|100/100
|turn|2
|
|t:|1785485176
|move|p2a: Burt|Protect|p2a: Burt
|-singleturn|p2a: Burt|Protect
|move|p1a: Lycanroc|Rock Slide|p2a: Burt|[spread] p2b
|-activate|p2a: Burt|move: Protect
|-damage|p2b: Harambe|2/100
|cant|p1b: Sylveon|recharge
|move|p2b: Harambe|Trick Room|p2b: Harambe
|-fieldstart|move: Trick Room|[of] p2b: Harambe
|
|-weather|SunnyDay|[upkeep]
|upkeep
|turn|3
|
|t:|1785485189
|move|p1b: Sylveon|Quick Attack|p2b: Harambe
|-damage|p2b: Harambe|0 fnt
|faint|p2b: Harambe
|move|p1a: Lycanroc|Accelerock|p2a: Burt
|-supereffective|p2a: Burt|1
|-damage|p2a: Burt|0 fnt
|faint|p2a: Burt
|
|-weather|SunnyDay|[upkeep]
|upkeep
|
|t:|1785485195
|switch|p2a: Sabrina|Hatterene, L50, F, shiny|100/100
|switch|p2b: Cutie Fly|Mawile, L50, F, shiny|100/100
|turn|4
|
|t:|1785485210
|detailschange|p2b: Cutie Fly|Mawile-Mega, L50, F, shiny
|-mega|p2b: Cutie Fly|Mawile|Mawilite
|move|p2a: Sabrina|Protect|p2a: Sabrina
|-singleturn|p2a: Sabrina|Protect
|move|p2b: Cutie Fly|Iron Head|p1a: Lycanroc
|-supereffective|p1a: Lycanroc|1
|-damage|p1a: Lycanroc|0 fnt
|faint|p1a: Lycanroc
|move|p1b: Sylveon|Hyper Beam|p2a: Sabrina
|-activate|p2a: Sabrina|move: Protect
|
|-weather|SunnyDay|[upkeep]
|upkeep
|
|t:|1785485221
|switch|p1a: Delphox|Delphox, L50, M|100/100
|turn|5
|
|t:|1785485240
|detailschange|p1a: Delphox|Delphox-Mega, L50, M
|-mega|p1a: Delphox|Delphox|Delphoxite
|move|p2b: Cutie Fly|Protect|p2b: Cutie Fly
|-singleturn|p2b: Cutie Fly|Protect
|move|p2a: Sabrina|Psychic|p1a: Delphox
|-resisted|p1a: Delphox|1
|-damage|p1a: Delphox|68/100
|-damage|p2a: Sabrina|90/100|[from] item: Life Orb
|move|p1b: Sylveon|Hyper Voice|p2b: Cutie Fly|[spread] p2a
|-activate|p2b: Cutie Fly|move: Protect
|-damage|p2a: Sabrina|36/100
|move|p1a: Delphox|Nasty Plot|p1a: Delphox
|-boost|p1a: Delphox|spa|2
|
|-weather|none
|upkeep
|turn|6
|inactive|intifadaaa has 30 seconds left.
|inactive|intifadaaa has 20 seconds left.
|inactive|intifadaaa has 15 seconds left.
|
|t:|1785485285
|move|p1a: Delphox|Protect|p1a: Delphox
|-singleturn|p1a: Delphox|Protect
|move|p2b: Cutie Fly|Sucker Punch||[still]
|-fail|p2b: Cutie Fly
|move|p2a: Sabrina|Dazzling Gleam|p1b: Sylveon|[spread] p1b
|-activate|p1a: Delphox|move: Protect
|-damage|p1b: Sylveon|50/100y
|-damage|p2a: Sabrina|26/100|[from] item: Life Orb
|move|p1b: Sylveon|Hyper Voice|p2b: Cutie Fly|[spread] p2a,p2b
|-resisted|p2b: Cutie Fly|1
|-damage|p2a: Sabrina|0 fnt
|-damage|p2b: Cutie Fly|73/100
|faint|p2a: Sabrina
|
|-fieldend|move: Trick Room
|upkeep
|turn|7
|
|t:|1785485314
|move|p1a: Delphox|Protect||[still]
|-fail|p1a: Delphox
|move|p2b: Cutie Fly|Sucker Punch||[still]
|-fail|p2b: Cutie Fly
|move|p1b: Sylveon|Hyper Voice|p2b: Cutie Fly
|-resisted|p2b: Cutie Fly|1
|-damage|p2b: Cutie Fly|35/100
|
|upkeep
|turn|8
|
|t:|1785485324
|move|p1a: Delphox|Protect|p1a: Delphox
|-singleturn|p1a: Delphox|Protect
|move|p2b: Cutie Fly|Sucker Punch||[still]
|-fail|p2b: Cutie Fly
|move|p1b: Sylveon|Hyper Voice|p2b: Cutie Fly
|-resisted|p2b: Cutie Fly|1
|-damage|p2b: Cutie Fly|0 fnt
|faint|p2b: Cutie Fly
|
|win|koihoiboi
|raw|koihoiboi's rating: 1084 → 1114(+30 for winning)
|raw|intifadaaa's rating: 1114 → 1087(-27 for losing)
|l|☆intifadaaa
|player|p2|
