|j|☆sazar saifi
|j|☆GS Barnabe
|html|sazar saifiGS Barnabe    
|uhtml|bestof|Game 1 of a best-of-3
|t:|1785849418
|gametype|doubles
|player|p1|sazar saifi|youngster-gen4dp|1124
|player|p2|GS Barnabe|barry|1277
|gen|9
|tier|[Gen 9 Champions] VGC 2026 Reg M-B (Bo3)
|rated|
|rule|Species Clause: Limit one of each Pokémon
|rule|Item Clause: Limit 1 of each item
|clearpoke
|poke|p1|Staraptor, L50, M|
|poke|p1|Raichu, L50, F|
|poke|p1|Sylveon, L50, M, shiny|
|poke|p1|Farigiraf, L50, M, shiny|
|poke|p1|Arcanine-Hisui, L50, M|
|poke|p1|Kingambit, L50, M|
|poke|p2|Clefable, L50, F|
|poke|p2|Tyranitar, L50, F|
|poke|p2|Garchomp, L50, F|
|poke|p2|Gholdengo, L50|
|poke|p2|Rotom-Wash, L50|
|poke|p2|Aerodactyl, L50, F|
|teampreview|4
|showteam|p1|Staraptor||Staraptite|Intimidate|Tailwind,Protect,CloseCombat,DualWingbeat|Jolly||M|||50|]Raichu||RaichuniteY|LightningRod|FakeOut,ZapCannon,FocusBlast,Protect|Timid||F|||50|]Sylveon||FairyFeather|Pixilate|Detect,HyperVoice,QuickAttack,HyperBeam|Modest||M|||50|]Farigiraf||SitrusBerry|ArmorTail|Psychic,TrickRoom,HelpingHand,Protect|Calm||M|||50|]Arcanine-Hisui||FocusSash|RockHead|Protect,ExtremeSpeed,HeadSmash,FlareBlitz|Jolly||M|||50|]Kingambit||LifeOrb|Defiant|Protect,KowtowCleave,SwordsDance,SuckerPunch|Adamant||M|||50|
|showteam|p2|Clefable||SitrusBerry|Unaware|Moonblast,FollowMe,HealPulse,Protect|Bold||F|||50|]Tyranitar||ChoiceScarf|SandStream|RockSlide,KnockOff,IcePunch,Superpower|Jolly||F|||50|]Garchomp||Garchompite|SandVeil|DracoMeteor,EarthPower,PowerGem,Protect|Modest||F|||50|]Gholdengo||LifeOrb|GoodasGold|MakeItRain,ShadowBall,NastyPlot,Protect|Modest|||||50|]Rotom-Wash||Leftovers|Levitate|HydroPump,VoltSwitch,WillOWisp,Protect|Calm|||||50|]Aerodactyl||Aerodactylite|RockHead|RockSlide,DualWingbeat,Tailwind,Protect|Jolly||F|||50|
|inactive|Battle timer is ON: inactive players will automatically lose when time's up. (requested by sazar saifi)
|inactive|GS Barnabe has 60 seconds left.
|
|t:|1785849486
|teamsize|p1|4
|teamsize|p2|4
|start
|switch|p1a: Raichu|Raichu, L50, F|100/100
|switch|p1b: Kingambit|Kingambit, L50, M|100/100
|switch|p2a: Tyranitar|Tyranitar, L50, F|100/100
|switch|p2b: Rotom|Rotom-Wash, L50|100/100
|-weather|Sandstorm|[from] ability: Sand Stream|[of] p2a: Tyranitar
|turn|1
|
|t:|1785849511
|switch|p2a: Garchomp|Garchomp, L50, F|100/100
|switch|p1b: Arcanine|Arcanine-Hisui, L50, M|100/100
|detailschange|p1a: Raichu|Raichu-Mega-Y, L50, F
|-mega|p1a: Raichu|Raichu|Raichunite Y
|move|p1a: Raichu|Focus Blast|p2a: Garchomp
|-damage|p2a: Garchomp|54/100
|move|p2b: Rotom|Will-O-Wisp|p1b: Arcanine
|-immune|p1b: Arcanine
|
|-weather|Sandstorm|[upkeep]
|-damage|p1a: Raichu|94/100|[from] Sandstorm
|-damage|p2b: Rotom|94/100|[from] Sandstorm
|-heal|p2b: Rotom|100/100|[from] item: Leftovers
|upkeep
|turn|2
|inactive|sazar saifi has 30 seconds left.
|inactive|GS Barnabe has 30 seconds left.
|
|t:|1785849538
|detailschange|p2a: Garchomp|Garchomp-Mega, L50, F
|-mega|p2a: Garchomp|Garchomp|Garchompite
|move|p1b: Arcanine|Extreme Speed|p2a: Garchomp
|-damage|p2a: Garchomp|32/100
|move|p1a: Raichu|Focus Blast|p2a: Garchomp
|-damage|p2a: Garchomp|0 fnt
|faint|p2a: Garchomp
|move|p2b: Rotom|Hydro Pump|p1a: Raichu
|-damage|p1a: Raichu|38/100
|
|-weather|Sandstorm|[upkeep]
|-damage|p1a: Raichu|32/100|[from] Sandstorm
|-damage|p2b: Rotom|94/100|[from] Sandstorm
|-heal|p2b: Rotom|100/100|[from] item: Leftovers
|upkeep
|
|t:|1785849557
|switch|p2a: Gholdengo|Gholdengo, L50|100/100
|turn|3
|
|t:|1785849574
|move|p1a: Raichu|Protect|p1a: Raichu
|-singleturn|p1a: Raichu|Protect
|move|p1b: Arcanine|Flare Blitz|p2a: Gholdengo
|-supereffective|p2a: Gholdengo|1
|-damage|p2a: Gholdengo|3/100
|move|p2b: Rotom|Hydro Pump|p1b: Arcanine|[miss]
|-miss|p2b: Rotom|p1b: Arcanine
|move|p2a: Gholdengo|Make It Rain|p1a: Raichu|[spread] p1b
|-activate|p1a: Raichu|move: Protect
|-damage|p1b: Arcanine|54/100
|-unboost|p2a: Gholdengo|spa|2
|-damage|p2a: Gholdengo|0 fnt|[from] item: Life Orb
|faint|p2a: Gholdengo
|
|-weather|Sandstorm|[upkeep]
|-damage|p1a: Raichu|26/100|[from] Sandstorm
|-damage|p2b: Rotom|94/100|[from] Sandstorm
|-heal|p2b: Rotom|100/100|[from] item: Leftovers
|upkeep
|
|t:|1785849593
|switch|p2a: Tyranitar|Tyranitar, L50, F|100/100
|turn|4
|
|t:|1785849608
|move|p1a: Raichu|Focus Blast|p2a: Tyranitar
|-supereffective|p2a: Tyranitar|2
|-damage|p2a: Tyranitar|0 fnt
|faint|p2a: Tyranitar
|move|p1b: Arcanine|Head Smash|p2b: Rotom
|-damage|p2b: Rotom|24/100
|move|p2b: Rotom|Hydro Pump|p1a: Raichu
|-damage|p1a: Raichu|0 fnt
|faint|p1a: Raichu
|
|-weather|Sandstorm|[upkeep]
|-damage|p2b: Rotom|18/100|[from] Sandstorm
|-heal|p2b: Rotom|24/100|[from] item: Leftovers
|upkeep
|
|t:|1785849617
|switch|p1a: Kingambit|Kingambit, L50, M|100/100
|turn|5
|
|t:|1785849622
|move|p1b: Arcanine|Extreme Speed|p2b: Rotom
|-damage|p2b: Rotom|0 fnt
|faint|p2b: Rotom
|
|win|sazar saifi
||sazar saifi is ready for game 2.
||GS Barnabe is ready for game 2.
|uhtml|next|Next: Game 2 of 3
