|j|☆dunknut2
|j|☆root2iris
|html|dunknut2root2iris    
|uhtml|bestof|Game 2 of a best-of-3
|t:|1756215263
|gametype|doubles
|player|p1|dunknut2|2|1170
|player|p2|root2iris|guitarist|1239
|gen|9
|tier|[Gen 9] VGC 2025 Reg H (Bo3)
|rated|
|rule|Species Clause: Limit one of each Pokémon
|rule|Item Clause: Limit 1 of each item
|clearpoke
|poke|p1|Annihilape, L50, F|
|poke|p1|Sinistcha, L50|
|poke|p1|Maushold-Four, L50|
|poke|p1|Klefki, L50, M|
|poke|p1|Ursaluna-Bloodmoon, L50, M|
|poke|p1|Ninetales-Alola, L50, F|
|poke|p2|Archaludon, L50, F|
|poke|p2|Pelipper, L50, M|
|poke|p2|Amoonguss, L50, F|
|poke|p2|Incineroar, L50, M|
|poke|p2|Baxcalibur, L50, F|
|poke|p2|Annihilape, L50, F|
|teampreview|4
|showteam|p1|Annihilape||Leftovers|Defiant|Protect,BulkUp,DrainPunch,RageFist|||F|||50|,,,,,Fire]Sinistcha||SitrusBerry|Hospitality|MatchaGotcha,TrickRoom,LifeDew,RagePowder||||||50|,,,,,Water]Maushold-Four||FocusSash|FriendGuard|FollowMe,Taunt,BeatUp,Protect||||||50|,,,,,Ghost]Klefki||LightClay|Prankster|Reflect,LightScreen,MistyTerrain,DazzlingGleam|||M|||50|,,,,,Ghost]Ursaluna-Bloodmoon||AssaultVest|MindsEye|BloodMoon,HyperVoice,EarthPower,VacuumWave|||M|||50|,,,,,Water]Ninetales-Alola||NeverMeltIce|SnowWarning|Protect,AuroraVeil,FreezeDry,Blizzard|||F|||50|,,,,,Ghost
|showteam|p2|Archaludon||AssaultVest|Stamina|DragonPulse,ElectroShot,BodyPress,Thunderbolt|||F|||50|,,,,,Bug]Pelipper||FocusSash|Drizzle|MuddyWater,Hurricane,Tailwind,Protect|||M|||50|,,,,,Ghost]Amoonguss||CovertCloak|Regenerator|PollenPuff,RagePowder,Spore,Protect|||F|||50|,,,,,Fairy]Incineroar||SafetyGoggles|Intimidate|KnockOff,BurningJealousy,PartingShot,FakeOut|||M|||50|,,,,,Ghost]Baxcalibur||LoadedDice|ThermalExchange|IcicleSpear,ScaleShot,HighHorsepower,Protect|||F|||50|,,,,,Ghost]Annihilape||SitrusBerry|Defiant|RageFist,FinalGambit,Coaching,Taunt|||F|||50|,,,,,Fire
|inactive|Battle timer is ON: inactive players will automatically lose when time's up. (requested by root2iris)
|
|t:|1756215287
|teamsize|p1|4
|teamsize|p2|4
|start
|switch|p1a: Annihilape|Annihilape, L50, F, shiny|100/100
|switch|p1b: Klefki|Klefki, L50, M|100/100
|switch|p2a: Oathkeeper|Pelipper, L50, M, shiny|100/100
|switch|p2b: Mikael Mouse|Amoonguss, L50, F|100/100
|-weather|RainDance|[from] ability: Drizzle|[of] p2a: Oathkeeper
|turn|1
|inactive|dunknut2 has 30 seconds left.
|
|t:|1756215316
|switch|p1a: Ninetales|Ninetales-Alola, L50, F, shiny|100/100
|-weather|Snowscape|[from] ability: Snow Warning|[of] p1a: Ninetales
|switch|p2b: Roxas|Archaludon, L50, F|100/100
|move|p1b: Klefki|Misty Terrain|p1b: Klefki
|-fieldstart|move: Misty Terrain
|move|p2a: Oathkeeper|Tailwind|p2a: Oathkeeper
|-sidestart|p2: root2iris|move: Tailwind
|
|-weather|Snowscape|[upkeep]
|upkeep
|turn|2
|inactive|dunknut2 has 30 seconds left.
|inactive|root2iris has 30 seconds left.
|inactive|dunknut2 has 20 seconds left.
|inactive|root2iris has 20 seconds left.
|inactive|dunknut2 has 15 seconds left.
|inactive|root2iris has 15 seconds left.
|inactive|dunknut2 has 10 seconds left.
|
|t:|1756215364
|switch|p2a: Mikael Mouse|Amoonguss, L50, F|100/100
|move|p1b: Klefki|Light Screen|p1b: Klefki
|-sidestart|p1: dunknut2|move: Light Screen
|move|p2b: Roxas|Thunderbolt|p1a: Ninetales
|-damage|p1a: Ninetales|82/100
|move|p1a: Ninetales|Blizzard|p2a: Mikael Mouse|[spread] p2a,p2b
|-supereffective|p2a: Mikael Mouse
|-damage|p2a: Mikael Mouse|46/100
|-damage|p2b: Roxas|73/100
|-ability|p2b: Roxas|Stamina|boost
|-boost|p2b: Roxas|def|1
|
|-weather|Snowscape|[upkeep]
|upkeep
|turn|3
|inactive|dunknut2 has 30 seconds left.
|
|t:|1756215397
|switch|p1a: Annihilape|Annihilape, L50, F, shiny|100/100
|-terastallize|p2a: Mikael Mouse|Fairy
|move|p1b: Klefki|Reflect|p1b: Klefki
|-sidestart|p1: dunknut2|Reflect
|move|p2b: Roxas|Body Press|p1a: Annihilape
|-immune|p1a: Annihilape
|move|p2a: Mikael Mouse|Pollen Puff|p2b: Roxas
|-heal|p2b: Roxas|100/100
|
|-weather|Snowscape|[upkeep]
|upkeep
|turn|4
|inactive|dunknut2 has 30 seconds left.
|inactive|root2iris has 30 seconds left.
|
|t:|1756215430
|switch|p2a: Air Combo++|Baxcalibur, L50, F|100/100
|switch|p1b: Sinistcha|Sinistcha, L50|100/100
|move|p2b: Roxas|Body Press|p1b: Sinistcha
|-immune|p1b: Sinistcha
|move|p1a: Annihilape|Bulk Up|p1a: Annihilape
|-boost|p1a: Annihilape|atk|1
|-boost|p1a: Annihilape|def|1
|
|-weather|Snowscape|[upkeep]
|-sideend|p2: root2iris|move: Tailwind
|upkeep
|turn|5
|inactive|dunknut2 has 30 seconds left.
|
|t:|1756215464
|switch|p1b: Klefki|Klefki, L50, M|100/100
|move|p1a: Annihilape|Bulk Up|p1a: Annihilape
|-boost|p1a: Annihilape|atk|1
|-boost|p1a: Annihilape|def|1
|move|p2a: Air Combo++|Icicle Spear|p2b: Roxas
|-damage|p2b: Roxas|94/100
|-ability|p2b: Roxas|Stamina|boost
|-boost|p2b: Roxas|def|1
|-damage|p2b: Roxas|89/100
|-ability|p2b: Roxas|Stamina|boost
|-boost|p2b: Roxas|def|1
|-damage|p2b: Roxas|84/100
|-ability|p2b: Roxas|Stamina|boost
|-boost|p2b: Roxas|def|1
|-damage|p2b: Roxas|81/100
|-ability|p2b: Roxas|Stamina|boost
|-boost|p2b: Roxas|def|1
|-hitcount|p2b: Roxas|4
|move|p2b: Roxas|Thunderbolt|p1b: Klefki
|-damage|p1b: Klefki|86/100
|
|-weather|none
|-fieldend|Misty Terrain
|upkeep
|turn|6
|inactive|dunknut2 has 30 seconds left.
|inactive|dunknut2 has 20 seconds left.
|
|t:|1756215501
|move|p1b: Klefki|Misty Terrain|p1b: Klefki
|-fieldstart|move: Misty Terrain
|move|p1a: Annihilape|Drain Punch|p2a: Air Combo++
|-supereffective|p2a: Air Combo++
|-damage|p2a: Air Combo++|0 fnt
|faint|p2a: Air Combo++
|move|p2b: Roxas|Body Press|p1b: Klefki
|-damage|p1b: Klefki|25/100
|
|upkeep
|inactive|root2iris has 30 seconds left.
|
|t:|1756215531
|switch|p2a: Mikael Mouse|Amoonguss, L50, F, tera:Fairy|79/100
|turn|7
|
|t:|1756215554
|switch|p1b: Sinistcha|Sinistcha, L50|100/100
|switch|p2a: Oathkeeper|Pelipper, L50, M, shiny|100/100
|-weather|RainDance|[from] ability: Drizzle|[of] p2a: Oathkeeper
|move|p1a: Annihilape|Drain Punch|p2b: Roxas
|-supereffective|p2b: Roxas
|-damage|p2b: Roxas|56/100
|-ability|p2b: Roxas|Stamina|boost
|-boost|p2b: Roxas|def|1
|move|p2b: Roxas|Electro Shot||[still]
|-prepare|p2b: Roxas|Electro Shot
|-boost|p2b: Roxas|spa|1
|-anim|p2b: Roxas|Electro Shot|p1b: Sinistcha
|-resisted|p1b: Sinistcha
|-damage|p1b: Sinistcha|83/100
|
|-weather|RainDance|[upkeep]
|upkeep
|turn|8
|inactive|dunknut2 has 30 seconds left.
|inactive|root2iris has 30 seconds left.
|inactive|root2iris has 20 seconds left.
|inactive|root2iris has 15 seconds left.
|inactive|dunknut2 has 20 seconds left.
|inactive|root2iris has 10 seconds left.
|inactive|dunknut2 has 15 seconds left.
|inactive|root2iris has 5 seconds left.
|
|t:|1756215606
|switch|p2a: Mikael Mouse|Amoonguss, L50, F, tera:Fairy|100/100
|switch|p1b: Ninetales|Ninetales-Alola, L50, F, shiny|82/100
|-weather|Snowscape|[from] ability: Snow Warning|[of] p1b: Ninetales
|move|p1a: Annihilape|Protect|p1a: Annihilape
|-singleturn|p1a: Annihilape|Protect
|move|p2b: Roxas|Body Press|p1b: Ninetales
|-damage|p1b: Ninetales|16/100
|
|-weather|Snowscape|[upkeep]
|upkeep
|turn|9
|
|t:|1756215624
|move|p1b: Ninetales|Blizzard|p2b: Roxas|[spread] p2a,p2b
|-damage|p2a: Mikael Mouse|73/100
|-damage|p2b: Roxas|30/100
|move|p1a: Annihilape|Drain Punch|p2b: Roxas
|-supereffective|p2b: Roxas
|-damage|p2b: Roxas|9/100
|move|p2b: Roxas|Thunderbolt|p1b: Ninetales
|-damage|p1b: Ninetales|0 fnt
|faint|p1b: Ninetales
|move|p2a: Mikael Mouse|Pollen Puff|p2b: Roxas
|-heal|p2b: Roxas|58/100
|
|-weather|Snowscape|[upkeep]
|-sideend|p1: dunknut2|move: Light Screen
|upkeep
|
|t:|1756215639
|switch|p1b: Sinistcha|Sinistcha, L50|83/100
|turn|10
|j| Sammias
|
|t:|1756215654
|move|p1a: Annihilape|Drain Punch|p2b: Roxas
|-supereffective|p2b: Roxas
|-damage|p2b: Roxas|39/100
|move|p2b: Roxas|Dragon Pulse|p1b: Sinistcha
|-damage|p1b: Sinistcha|56/100
|move|p1b: Sinistcha|Matcha Gotcha|p2b: Roxas|[spread] p2a,p2b
|-resisted|p2b: Roxas
|-damage|p2a: Mikael Mouse|52/100
|-heal|p1b: Sinistcha|68/100|[from] drain|[of] p2a: Mikael Mouse
|-damage|p2b: Roxas|35/100
|-heal|p1b: Sinistcha|71/100|[from] drain|[of] p2b: Roxas
|move|p2a: Mikael Mouse|Pollen Puff|p2b: Roxas
|-heal|p2b: Roxas|85/100
|
|-weather|Snowscape|[upkeep]
|-sideend|p1: dunknut2|Reflect
|-fieldend|Misty Terrain
|upkeep
|turn|11
|inactive|dunknut2 has 30 seconds left.
|inactive|root2iris has 30 seconds left.
|
|t:|1756215686
|switch|p1b: Klefki|Klefki, L50, M|25/100
|move|p1a: Annihilape|Rage Fist|p2a: Mikael Mouse
|-damage|p2a: Mikael Mouse|14/100
|move|p2b: Roxas|Thunderbolt|p1b: Klefki
|-damage|p1b: Klefki|0 fnt
|faint|p1b: Klefki
|move|p2a: Mikael Mouse|Spore|p1a: Annihilape
|-status|p1a: Annihilape|slp|[from] move: Spore
|
|-weather|Snowscape|[upkeep]
|upkeep
|
|t:|1756215697
|switch|p1b: Sinistcha|Sinistcha, L50|71/100
|turn|12
|
|t:|1756215710
|switch|p2a: Oathkeeper|Pelipper, L50, M, shiny|100/100
|-weather|RainDance|[from] ability: Drizzle|[of] p2a: Oathkeeper
|cant|p1a: Annihilape|slp
|move|p2b: Roxas|Electro Shot||[still]
|-prepare|p2b: Roxas|Electro Shot
|-boost|p2b: Roxas|spa|1
|-anim|p2b: Roxas|Electro Shot|p1b: Sinistcha
|-resisted|p1b: Sinistcha
|-damage|p1b: Sinistcha|33/100
|-enditem|p1b: Sinistcha|Sitrus Berry|[eat]
|-heal|p1b: Sinistcha|57/100|[from] item: Sitrus Berry
|move|p1b: Sinistcha|Life Dew||[still]|[spread] p1a,p1b
|-fail|p1a: Annihilape|heal
|-heal|p1b: Sinistcha|83/100
|
|-weather|RainDance|[upkeep]
|upkeep
|turn|13
|
|t:|1756215733
|cant|p1a: Annihilape|slp
|move|p2b: Roxas|Electro Shot||[still]
|-prepare|p2b: Roxas|Electro Shot
|-boost|p2b: Roxas|spa|1
|-anim|p2b: Roxas|Electro Shot|p1b: Sinistcha
|-resisted|p1b: Sinistcha
|-damage|p1b: Sinistcha|33/100
|move|p2a: Oathkeeper|Hurricane|p1b: Sinistcha
|-supereffective|p1b: Sinistcha
|-damage|p1b: Sinistcha|0 fnt
|faint|p1b: Sinistcha
|
|-weather|RainDance|[upkeep]
|upkeep
|turn|14
|
|t:|1756215750
|-curestatus|p1a: Annihilape|slp|[msg]
|move|p1a: Annihilape|Rage Fist|p2a: Oathkeeper
|-damage|p2a: Oathkeeper|49/100
|move|p2b: Roxas|Electro Shot||[still]
|-prepare|p2b: Roxas|Electro Shot
|-boost|p2b: Roxas|spa|1
|-anim|p2b: Roxas|Electro Shot|p1a: Annihilape
|-damage|p1a: Annihilape|0 fnt
|faint|p1a: Annihilape
|
|win|root2iris
||dunknut2 is ready for game 3.
|inactive|root2iris has 30 seconds to confirm battle start!
||root2iris is ready for game 3.
|uhtml|next|Next: Game 3 of 3
|l| Sammias
