|j|☆mattmoosegoose
|j|☆Van (Dream)
|html|mattmoosegooseVan (Dream)    
|uhtml|bestof|Game 3 of a best-of-3
|t:|1783278200
|gametype|doubles
|player|p1|mattmoosegoose|ghetsis-gen5bw|
|player|p2|Van (Dream)|li|
|gen|9
|tier|[Gen 9 Champions] VGC 2026 Reg M-B (Bo3)
|rule|Species Clause: Limit one of each Pokémon
|rule|Item Clause: Limit 1 of each item
|clearpoke
|poke|p1|Tyranitar, L50, M|
|poke|p1|Metagross, L50, shiny|
|poke|p1|Staraptor, L50, M|
|poke|p1|Simisage, L50, F|
|poke|p1|Overqwil, L50, M, shiny|
|poke|p1|Farigiraf, L50, M|
|poke|p2|Politoed, L50, M|
|poke|p2|Swampert, L50, M|
|poke|p2|Archaludon, L50, F|
|poke|p2|Gholdengo, L50|
|poke|p2|Annihilape, L50, M|
|poke|p2|Scrafty, L50, M|
|teampreview|4
|showteam|p1|Tyranitar||Tyranitarite|SandStream|Earthquake,Protect,Superpower,FireFang|Brave||M|||50|]Metagross||Metagrossite|ClearBody|Earthquake,MeteorMash,Protect,BulletPunch|Jolly|||||50|]Staraptor||Staraptite|Intimidate|CloseCombat,Tailwind,BraveBird,Protect|Jolly||M|||50|]Simisage||FocusSash|Gluttony|LeafStorm,FakeOut,RockSlide,Protect|Hasty||F|||50|]Overqwil||LifeOrb|SwiftSwim|Crunch,SludgeWave,IceBeam,Liquidation|Naughty||M|||50|]Farigiraf||LightClay|ArmorTail|TrickRoom,Psychic,LightScreen,ThunderWave|Sassy||M|||50|
|showteam|p2|Politoed||SitrusBerry|Drizzle|WeatherBall,IcyWind,HelpingHand,Protect|Calm||M|||50|]Swampert||Swampertite|Torrent|Waterfall,HighHorsepower,IcePunch,Protect|Adamant||M|||50|]Archaludon||ShucaBerry|Stamina|ElectroShot,FlashCannon,DracoMeteor,Protect|Modest||F|||50|]Gholdengo||LifeOrb|GoodasGold|MakeItRain,ShadowBall,PowerGem,Protect|Modest|||||50|]Annihilape||ChoiceScarf|Defiant|CloseCombat,RageFist,Uturn,IcePunch|Jolly||M|||50|]Scrafty||LumBerry|Intimidate|FakeOut,DrainPunch,KnockOff,Taunt|Adamant||M|||50|
|
|t:|1783278302
|teamsize|p1|4
|teamsize|p2|4
|start
|switch|p1a: Staraptor|Staraptor, L50, M|100/100
|switch|p1b: Metagross|Metagross, L50, shiny|100/100
|switch|p2a: Archaludon|Archaludon, L50, F|100/100
|switch|p2b: Politoed|Politoed, L50, M|100/100
|-ability|p1a: Staraptor|Intimidate|boost
|-unboost|p2a: Archaludon|atk|1
|-unboost|p2b: Politoed|atk|1
|-weather|RainDance|[from] ability: Drizzle|[of] p2b: Politoed
|turn|1
|
|t:|1783278369
|detailschange|p1a: Staraptor|Staraptor-Mega, L50, M
|-mega|p1a: Staraptor|Staraptor|Staraptite
|move|p1a: Staraptor|Close Combat|p2a: Archaludon
|-supereffective|p2a: Archaludon|1
|-damage|p2a: Archaludon|8/100
|-boost|p1a: Staraptor|def|1
|-boost|p1a: Staraptor|spd|1
|-ability|p2a: Archaludon|Stamina|boost
|-boost|p2a: Archaludon|def|1
|move|p1b: Metagross|Earthquake|p2a: Archaludon|[spread] p2a,p2b
|-immune|p1a: Staraptor
|-supereffective|p2a: Archaludon|1
|-enditem|p2a: Archaludon|Shuca Berry|[eat]
|-enditem|p2a: Archaludon|Shuca Berry|[weaken]
|-damage|p2a: Archaludon|0 fnt
|-damage|p2b: Politoed|79/100
|faint|p2a: Archaludon
|move|p2b: Politoed|Icy Wind|p1b: Metagross|[spread] p1a,p1b
|-supereffective|p1a: Staraptor|1
|-resisted|p1b: Metagross|1
|-damage|p1a: Staraptor|85/100
|-damage|p1b: Metagross|94/100
|-boost|p1a: Staraptor|spe|1
|
|-weather|RainDance|[upkeep]
|upkeep
|
|t:|1783278419
|switch|p2a: Swampert|Swampert, L50, M|100/100
|turn|2
|
|t:|1783278444
|switch|p1b: Lets Larp|Simisage, L50, F|100/100
|detailschange|p2a: Swampert|Swampert-Mega, L50, M
|-mega|p2a: Swampert|Swampert|Swampertite
|move|p1a: Staraptor|Tailwind|p1a: Staraptor
|-sidestart|p1: mattmoosegoose|move: Tailwind
|move|p2a: Swampert|Ice Punch|p1a: Staraptor
|-supereffective|p1a: Staraptor|1
|-damage|p1a: Staraptor|40/100
|-status|p1a: Staraptor|frz
|move|p2b: Politoed|Weather Ball|p1b: Lets Larp
|-resisted|p1b: Lets Larp|1
|-damage|p1b: Lets Larp|56/100
|
|-weather|RainDance|[upkeep]
|upkeep
|turn|3
|
|t:|1783278474
|cant|p1a: Staraptor|frz
|move|p2a: Swampert|Protect|p2a: Swampert
|-singleturn|p2a: Swampert|Protect
|move|p1b: Lets Larp|Leaf Storm|p2a: Swampert
|-activate|p2a: Swampert|move: Protect
|move|p2b: Politoed|Weather Ball|p1a: Staraptor
|-damage|p1a: Staraptor|0 fnt
|faint|p1a: Staraptor
|
|-weather|RainDance|[upkeep]
|upkeep
|
|t:|1783278486
|switch|p1a: Metagross|Metagross, L50, shiny|94/100
|turn|4
|
|t:|1783278571
|move|p1a: Metagross|Protect|p1a: Metagross
|-singleturn|p1a: Metagross|Protect
|move|p1b: Lets Larp|Leaf Storm|p2a: Swampert
|-supereffective|p2a: Swampert|2
|-damage|p2a: Swampert|0 fnt
|-unboost|p1b: Lets Larp|spa|2
|faint|p2a: Swampert
|move|p2b: Politoed|Icy Wind|p1b: Lets Larp|[spread] p1b
|-activate|p1a: Metagross|move: Protect
|-supereffective|p1b: Lets Larp|1
|-damage|p1b: Lets Larp|25/100
|-unboost|p1b: Lets Larp|spe|1
|
|-weather|RainDance|[upkeep]
|upkeep
|
|t:|1783278581
|switch|p2a: Annihilape|Annihilape, L50, M|100/100
|turn|5
|
|t:|1783278648
|move|p1a: Metagross|Meteor Mash|p2a: Annihilape|[miss]
|-miss|p1a: Metagross|p2a: Annihilape
|move|p2a: Annihilape|Close Combat|p1a: Metagross
|-damage|p1a: Metagross|42/100
|-unboost|p2a: Annihilape|def|1
|-unboost|p2a: Annihilape|spd|1
|move|p1b: Lets Larp|Leaf Storm|p2b: Politoed
|-supereffective|p2b: Politoed|1
|-damage|p2b: Politoed|44/100
|-unboost|p1b: Lets Larp|spa|2
|-enditem|p2b: Politoed|Sitrus Berry|[eat]
|-heal|p2b: Politoed|69/100|[from] item: Sitrus Berry
|move|p2b: Politoed|Icy Wind|p1a: Metagross|[spread] p1a,p1b
|-resisted|p1a: Metagross|1
|-supereffective|p1b: Lets Larp|1
|-damage|p1a: Metagross|36/100
|-damage|p1b: Lets Larp|0 fnt
|faint|p1b: Lets Larp
|
|-weather|none
|-sideend|p1: mattmoosegoose|move: Tailwind
|upkeep
|
|t:|1783278666
|switch|p1b: 6 pt goat|Overqwil, L50, M, shiny|100/100
|turn|6
|
|t:|1783278685
|move|p2a: Annihilape|Close Combat|p1a: Metagross
|-damage|p1a: Metagross|0 fnt
|-unboost|p2a: Annihilape|def|1
|-unboost|p2a: Annihilape|spd|1
|faint|p1a: Metagross
|move|p1b: 6 pt goat|Crunch|p2a: Annihilape
|-damage|p2a: Annihilape|0 fnt
|faint|p2a: Annihilape
|-damage|p1b: 6 pt goat|90/100|[from] item: Life Orb
|move|p2b: Politoed|Icy Wind|p1b: 6 pt goat
|-damage|p1b: 6 pt goat|70/100
|-unboost|p1b: 6 pt goat|spe|1
|
|upkeep
|turn|7
|
|t:|1783278708
|move|p1b: 6 pt goat|Crunch|p2b: Politoed
|-crit|p2b: Politoed
|-damage|p2b: Politoed|0 fnt
|faint|p2b: Politoed
|-damage|p1b: 6 pt goat|60/100|[from] item: Life Orb
|
|win|mattmoosegoose
|l|☆Van (Dream)
|player|p2|
