|j|☆monkeychese
|j|☆teyvgc
|html|monkeycheseteyvgc    
|uhtml|bestof|Game 1 of a best-of-3
|t:|1782616858
|gametype|doubles
|player|p1|monkeychese|lucas|1138
|player|p2|teyvgc|rood|1194
|gen|9
|tier|[Gen 9 Champions] VGC 2026 Reg M-B (Bo3)
|rated|
|rule|Species Clause: Limit one of each Pokémon
|rule|Item Clause: Limit 1 of each item
|clearpoke
|poke|p1|Mawile, L50, M|
|poke|p1|Farigiraf, L50, F|
|poke|p1|Incineroar, L50, F|
|poke|p1|Pelipper, L50, F|
|poke|p1|Hydreigon, L50, F|
|poke|p1|Basculegion, L50, M|
|poke|p2|Houndstone, L50, F|
|poke|p2|Tyranitar, L50, F|
|poke|p2|Incineroar, L50, F|
|poke|p2|Farigiraf, L50, M, shiny|
|poke|p2|Garchomp, L50, M, shiny|
|poke|p2|Gholdengo, L50|
|teampreview|4
|showteam|p1|Mawile||Mawilite|Intimidate|PlayRough,IronHead,SuckerPunch,Protect|Adamant||M|||50|]Farigiraf||ColburBerry|ArmorTail|Psychic,HelpingHand,TrickRoom,Protect|Quiet||F|||50|]Incineroar||PasshoBerry|Intimidate|DarkestLariat,WillOWisp,PartingShot,FakeOut|Impish||F|||50|]Pelipper||SitrusBerry|Drizzle|WeatherBall,Hurricane,Tailwind,Protect|Bold||F|||50|]Hydreigon||ChoiceScarf|Levitate|DracoMeteor,DarkPulse,Snarl,EarthPower|Modest||F|||50|]Basculegion||LifeOrb|SwiftSwim|WaveCrash,LastRespects,AquaJet,Protect|Jolly||M|||50|
|showteam|p2|Houndstone||LifeOrb|SandRush|PsychicFangs,Poltergeist,LastRespects,Protect|Adamant||F|||50|]Tyranitar||Tyranitarite|SandStream|RockSlide,KnockOff,LowKick,Protect|Adamant||F|||50|]Incineroar||PasshoBerry|Intimidate|FlareBlitz,DarkestLariat,FakeOut,PartingShot|Adamant||F|||50|]Farigiraf||TwistedSpoon|ArmorTail|HyperVoice,TwinBeam,TrickRoom,HelpingHand|Quiet||M|||50|]Garchomp||Garchompite|RoughSkin|StompingTantrum,DragonClaw,RockSlide,Protect|Brave||M|||50|]Gholdengo||ChoiceScarf|GoodasGold|MakeItRain,ShadowBall,Trick,PowerGem|Modest|||||50|
|
|t:|1782616943
|teamsize|p1|4
|teamsize|p2|4
|start
|switch|p1a: headbending|Hydreigon, L50, F|100/100
|switch|p1b: Incineroar|Incineroar, L50, F|100/100
|switch|p2a: Incineroar|Incineroar, L50, F|100/100
|switch|p2b: Farigiraf|Farigiraf, L50, M, shiny|100/100
|-ability|p2a: Incineroar|Intimidate|boost
|-unboost|p1a: headbending|atk|1
|-unboost|p1b: Incineroar|atk|1
|-ability|p1b: Incineroar|Intimidate|boost
|-unboost|p2a: Incineroar|atk|1
|-unboost|p2b: Farigiraf|atk|1
|turn|1
|inactive|Battle timer is ON: inactive players will automatically lose when time's up. (requested by teyvgc)
|
|t:|1782616963
|switch|p2b: Tyranitar|Tyranitar, L50, F|100/100
|-weather|Sandstorm|[from] ability: Sand Stream|[of] p2b: Tyranitar
|move|p1a: headbending|Dark Pulse|p2b: Tyranitar
|-resisted|p2b: Tyranitar|1
|-damage|p2b: Tyranitar|86/100
|move|p2a: Incineroar|Parting Shot|p1a: headbending
|-unboost|p1a: headbending|atk|1
|-unboost|p1a: headbending|spa|1
|
|t:|1782616973
|switch|p2a: Garchomp|Garchomp, L50, M, shiny|100/100|[from] Parting Shot
|move|p1b: Incineroar|Darkest Lariat|p2b: Tyranitar
|-resisted|p2b: Tyranitar|1
|-crit|p2b: Tyranitar
|-damage|p2b: Tyranitar|68/100
|
|-weather|Sandstorm|[upkeep]
|-damage|p1a: headbending|94/100|[from] Sandstorm
|-damage|p1b: Incineroar|94/100|[from] Sandstorm
|upkeep
|turn|2
|
|t:|1782616991
|switch|p1a: Pelipper|Pelipper, L50, F|100/100
|-weather|RainDance|[from] ability: Drizzle|[of] p1a: Pelipper
|switch|p2b: Incineroar|Incineroar, L50, F|100/100
|-ability|p2b: Incineroar|Intimidate|boost
|-unboost|p1a: Pelipper|atk|1
|-unboost|p1b: Incineroar|atk|1
|detailschange|p2a: Garchomp|Garchomp-Mega, L50, M, shiny
|-mega|p2a: Garchomp|Garchomp|Garchompite
|move|p2a: Garchomp|Stomping Tantrum|p1b: Incineroar
|-supereffective|p1b: Incineroar|1
|-damage|p1b: Incineroar|23/100
|move|p1b: Incineroar|Will-O-Wisp|p2a: Garchomp
|-status|p2a: Garchomp|brn
|
|-weather|RainDance|[upkeep]
|-damage|p2a: Garchomp|93/100 brn|[from] brn
|upkeep
|turn|3
|
|t:|1782617011
|switch|p2a: Tyranitar|Tyranitar, L50, F|68/100
|-weather|Sandstorm|[from] ability: Sand Stream|[of] p2a: Tyranitar
|switch|p1b: headbending|Hydreigon, L50, F|94/100
|move|p2b: Incineroar|Fake Out|p1a: Pelipper
|-damage|p1a: Pelipper|87/100
|cant|p1a: Pelipper|flinch
|
|-weather|Sandstorm|[upkeep]
|-damage|p1b: headbending|88/100|[from] Sandstorm
|-damage|p1a: Pelipper|81/100|[from] Sandstorm
|-damage|p2b: Incineroar|94/100|[from] Sandstorm
|upkeep
|turn|4
|
|t:|1782617027
|switch|p1a: Incineroar|Incineroar, L50, F|23/100
|-ability|p1a: Incineroar|Intimidate|boost
|-unboost|p2a: Tyranitar|atk|1
|-unboost|p2b: Incineroar|atk|1
|move|p1b: headbending|Earth Power|p2a: Tyranitar
|-supereffective|p2a: Tyranitar|1
|-damage|p2a: Tyranitar|26/100
|move|p2a: Tyranitar|Rock Slide|p1b: headbending|[spread] p1a,p1b
|-supereffective|p1a: Incineroar|1
|-damage|p1a: Incineroar|0 fnt
|-damage|p1b: headbending|66/100
|faint|p1a: Incineroar
|move|p2b: Incineroar|Parting Shot|p1b: headbending
|-unboost|p1b: headbending|atk|1
|-unboost|p1b: headbending|spa|1
|
|t:|1782617040
|switch|p2b: Farigiraf|Farigiraf, L50, M, shiny|100/100|[from] Parting Shot
|
|-weather|Sandstorm|[upkeep]
|-damage|p1b: headbending|60/100|[from] Sandstorm
|-damage|p2b: Farigiraf|93/100|[from] Sandstorm
|upkeep
|
|t:|1782617044
|switch|p1a: Pelipper|Pelipper, L50, F|81/100
|-weather|RainDance|[from] ability: Drizzle|[of] p1a: Pelipper
|turn|5
|
|t:|1782617059
|switch|p2a: Incineroar|Incineroar, L50, F|94/100
|-ability|p2a: Incineroar|Intimidate|boost
|-unboost|p1a: Pelipper|atk|1
|-unboost|p1b: headbending|atk|1
|move|p1b: headbending|Earth Power|p2b: Farigiraf
|-damage|p2b: Farigiraf|74/100
|move|p1a: Pelipper|Weather Ball|p2b: Farigiraf
|-damage|p2b: Farigiraf|32/100
|move|p2b: Farigiraf|Trick Room|p2b: Farigiraf
|-fieldstart|move: Trick Room|[of] p2b: Farigiraf
|
|-weather|RainDance|[upkeep]
|upkeep
|turn|6
|
|t:|1782617078
|switch|p1b: Basculegion|Basculegion, L50, M|100/100
|move|p2b: Farigiraf|Hyper Voice|p1a: Pelipper|[spread] p1a
|-immune|p1b: Basculegion
|-damage|p1a: Pelipper|48/100
|-enditem|p1a: Pelipper|Sitrus Berry|[eat]
|-heal|p1a: Pelipper|73/100|[from] item: Sitrus Berry
|move|p2a: Incineroar|Parting Shot|p1a: Pelipper
|-unboost|p1a: Pelipper|atk|1
|-unboost|p1a: Pelipper|spa|1
|
|t:|1782617089
|switch|p2a: Tyranitar|Tyranitar, L50, F|26/100|[from] Parting Shot
|-weather|Sandstorm|[from] ability: Sand Stream|[of] p2a: Tyranitar
|move|p1a: Pelipper|Weather Ball|p2a: Tyranitar
|-damage|p2a: Tyranitar|17/100
|
|-weather|Sandstorm|[upkeep]
|-damage|p2b: Farigiraf|25/100|[from] Sandstorm
|-damage|p1a: Pelipper|67/100|[from] Sandstorm
|-damage|p1b: Basculegion|93/100|[from] Sandstorm
|upkeep
|turn|7
|
|t:|1782617108
|move|p1b: Basculegion|Protect|p1b: Basculegion
|-singleturn|p1b: Basculegion|Protect
|move|p2b: Farigiraf|Twin Beam|p1b: Basculegion
|-activate|p1b: Basculegion|move: Protect
|move|p2a: Tyranitar|Rock Slide|p1b: Basculegion|[spread] 
|-activate|p1b: Basculegion|move: Protect
|-miss|p2a: Tyranitar|p1a: Pelipper
|move|p1a: Pelipper|Weather Ball|p2b: Farigiraf
|-damage|p2b: Farigiraf|13/100
|
|-weather|Sandstorm|[upkeep]
|-damage|p2b: Farigiraf|7/100|[from] Sandstorm
|-damage|p1a: Pelipper|61/100|[from] Sandstorm
|-damage|p1b: Basculegion|87/100|[from] Sandstorm
|upkeep
|turn|8
|inactive|monkeychese has 30 seconds left.
|
|t:|1782617138
|switch|p1a: headbending|Hydreigon, L50, F|60/100
|move|p2b: Farigiraf|Hyper Voice|p1b: Basculegion|[spread] p1a
|-immune|p1b: Basculegion
|-damage|p1a: headbending|23/100
|move|p2a: Tyranitar|Rock Slide|p1b: Basculegion|[spread] p1b
|-miss|p2a: Tyranitar|p1a: headbending
|-damage|p1b: Basculegion|45/100
|move|p1b: Basculegion|Wave Crash|p2a: Tyranitar
|-supereffective|p2a: Tyranitar|1
|-damage|p2a: Tyranitar|0 fnt
|faint|p2a: Tyranitar
|-damage|p1b: Basculegion|39/100|[from] Recoil
|-damage|p1b: Basculegion|29/100|[from] item: Life Orb
|
|-weather|Sandstorm|[upkeep]
|-damage|p2b: Farigiraf|1/100|[from] Sandstorm
|-damage|p1b: Basculegion|23/100|[from] Sandstorm
|-damage|p1a: headbending|17/100|[from] Sandstorm
|upkeep
|
|t:|1782617157
|switch|p2a: Garchomp|Garchomp-Mega, L50, M, shiny|93/100 brn
|turn|9
|
|t:|1782617173
|switch|p2b: Incineroar|Incineroar, L50, F|94/100
|-ability|p2b: Incineroar|Intimidate|boost
|-unboost|p1a: headbending|atk|1
|-unboost|p1b: Basculegion|atk|1
|switch|p1a: Pelipper|Pelipper, L50, F|61/100
|-weather|RainDance|[from] ability: Drizzle|[of] p1a: Pelipper
|move|p1b: Basculegion|Protect|p1b: Basculegion
|-singleturn|p1b: Basculegion|Protect
|move|p2a: Garchomp|Dragon Claw|p1a: Pelipper
|-damage|p1a: Pelipper|35/100
|
|-weather|RainDance|[upkeep]
|-damage|p2a: Garchomp|87/100 brn|[from] brn
|-fieldend|move: Trick Room
|upkeep
|turn|10
|inactive|monkeychese has 30 seconds left.
|inactive|monkeychese has 20 seconds left.
|inactive|monkeychese has 15 seconds left.
|inactive|monkeychese has 10 seconds left.
|
|t:|1782617218
|move|p1b: Basculegion|Wave Crash|p2b: Incineroar
|-supereffective|p2b: Incineroar|1
|-enditem|p2b: Incineroar|Passho Berry|[eat]
|-enditem|p2b: Incineroar|Passho Berry|[weaken]
|-damage|p2b: Incineroar|27/100
|-damage|p1b: Basculegion|1/100|[from] Recoil
|-damage|p1b: Basculegion|0 fnt|[from] item: Life Orb
|faint|p1b: Basculegion
|move|p2a: Garchomp|Rock Slide|p1a: Pelipper
|-supereffective|p1a: Pelipper|1
|-damage|p1a: Pelipper|3/100
|move|p1a: Pelipper|Tailwind|p1a: Pelipper
|-sidestart|p1: monkeychese|move: Tailwind
|move|p2b: Incineroar|Darkest Lariat|p1a: Pelipper
|-damage|p1a: Pelipper|0 fnt
|faint|p1a: Pelipper
|
|-weather|RainDance|[upkeep]
|-damage|p2a: Garchomp|81/100 brn|[from] brn
|upkeep
|
|t:|1782617233
|switch|p1b: headbending|Hydreigon, L50, F|17/100
|turn|11
|
|t:|1782617241
|move|p1b: headbending|Draco Meteor|p2b: Incineroar
|-damage|p2b: Incineroar|0 fnt
|-unboost|p1b: headbending|spa|2
|faint|p2b: Incineroar
|move|p2a: Garchomp|Dragon Claw|p1b: headbending
|-supereffective|p1b: headbending|1
|-damage|p1b: headbending|0 fnt
|faint|p1b: headbending
|
|win|teyvgc
