|j|☆kamisnivy
|j|☆LibraryBun01
|html|kamisnivyLibraryBun01    
|uhtml|bestof|Game 2 of a best-of-3
|t:|1785255825
|gametype|doubles
|player|p1|kamisnivy|169|1034
|player|p2|LibraryBun01|265|1000
|gen|9
|tier|[Gen 9 Champions] VGC 2026 Reg M-B (Bo3)
|rated|
|rule|Species Clause: Limit one of each Pokémon
|rule|Item Clause: Limit 1 of each item
|clearpoke
|poke|p1|Steelix, L50, F|
|poke|p1|Tyranitar, L50, M|
|poke|p1|Sinistcha-Masterpiece, L50|
|poke|p1|Sneasler, L50, F|
|poke|p1|Rotom-Wash, L50|
|poke|p1|Talonflame, L50, M|
|poke|p2|Metagross, L50|
|poke|p2|Annihilape, L50, M|
|poke|p2|Mawile, L50, F|
|poke|p2|Sinistcha, L50|
|poke|p2|Basculegion, L50, M|
|poke|p2|Aerodactyl, L50, F|
|teampreview|4
|showteam|p1|Steelix||Steelixite|Sturdy|WideGuard,HeavySlam,HighHorsepower,Protect|Impish||F|||50|]Tyranitar||ChopleBerry|SandStream|RockSlide,DragonDance,KnockOff,Protect|Adamant||M|||50|]Sinistcha-Masterpiece||KasibBerry|Hospitality|LifeDew,MatchaGotcha,TrickRoom,RagePowder|Modest|||||50|]Sneasler||WhiteHerb|Unburden|CloseCombat,DireClaw,Protect,FakeOut|Adamant||F|||50|]Rotom-Wash||Leftovers|Levitate|WillOWisp,HydroPump,Thunderbolt,LightScreen|Timid|||||50|]Talonflame||SharpBeak|GaleWings|BraveBird,FlareBlitz,Protect,SwordsDance|Jolly||M|||50|
|showteam|p2|Metagross||Metagrossite|ClearBody|IronHead,PsychicFangs,Protect,BulletPunch|Jolly|||||50|]Annihilape||Leftovers|InnerFocus|DrainPunch,BulkUp,Taunt,RageFist|Adamant||M|||50|]Mawile||Mawilite|Intimidate|DrainingKiss,KnockOff,Flamethrower,Protect|Adamant||F|||50|]Sinistcha||KasibBerry|Hospitality|ShadowBall,TrickRoom,MatchaGotcha,Protect|Relaxed|||||50|]Basculegion||SitrusBerry|MoldBreaker|LastRespects,WaveCrash,FlipTurn,Protect|Jolly||M|||50|]Aerodactyl||FocusSash|Unnerve|RockSlide,Tailwind,DualWingbeat,Protect|Adamant||F|||50|
|inactive|Battle timer is ON: inactive players will automatically lose when time's up. (requested by kamisnivy)
|
|t:|1785255843
|teamsize|p1|4
|teamsize|p2|4
|start
|switch|p1a: Steelix|Steelix, L50, F|100/100
|switch|p1b: Tyranitar|Tyranitar, L50, M|100/100
|switch|p2a: Aerodactyl|Aerodactyl, L50, F|100/100
|switch|p2b: Basculegion|Basculegion, L50, M|100/100
|-ability|p2a: Aerodactyl|Unnerve
|-ability|p2b: Basculegion|Mold Breaker
|-weather|Sandstorm|[from] ability: Sand Stream|[of] p1b: Tyranitar
|turn|1
|inactive|LibraryBun01 has 30 seconds left.
|inactive|kamisnivy has 30 seconds left.
|
|t:|1785255886
|detailschange|p1a: Steelix|Steelix-Mega, L50, F
|-mega|p1a: Steelix|Steelix|Steelixite
|move|p1b: Tyranitar|Protect|p1b: Tyranitar
|-singleturn|p1b: Tyranitar|Protect
|move|p2a: Aerodactyl|Tailwind|p2a: Aerodactyl
|-sidestart|p2: LibraryBun01|move: Tailwind
|move|p2b: Basculegion|Flip Turn|p1b: Tyranitar
|-activate|p1b: Tyranitar|move: Protect
|move|p1a: Steelix|High Horsepower|p2b: Basculegion
|-damage|p2b: Basculegion|36/100
|-enditem|p2b: Basculegion|Sitrus Berry|[eat]
|-heal|p2b: Basculegion|60/100|[from] item: Sitrus Berry
|
|-weather|Sandstorm|[upkeep]
|-damage|p2b: Basculegion|54/100|[from] Sandstorm
|upkeep
|turn|2
|inactive|kamisnivy has 30 seconds left.
|inactive|LibraryBun01 has 30 seconds left.
|
|t:|1785255916
|switch|p1b: Rotom|Rotom-Wash, L50|100/100
|move|p2a: Aerodactyl|Rock Slide|p1b: Rotom|[spread] p1a,p1b
|-resisted|p1a: Steelix|2
|-damage|p1a: Steelix|97/100
|-damage|p1b: Rotom|63/100
|move|p2b: Basculegion|Flip Turn|p1b: Rotom
|-resisted|p1b: Rotom|1
|-damage|p1b: Rotom|44/100
|
|t:|1785255926
|switch|p2b: Sinistcha|Sinistcha, L50|100/100|[from] Flip Turn
|move|p1a: Steelix|High Horsepower|p2b: Sinistcha
|-resisted|p2b: Sinistcha|1
|-damage|p2b: Sinistcha|83/100
|
|-weather|Sandstorm|[upkeep]
|-damage|p2b: Sinistcha|76/100|[from] Sandstorm
|-damage|p1b: Rotom|39/100|[from] Sandstorm
|-heal|p1b: Rotom|44/100|[from] item: Leftovers
|upkeep
|turn|3
|
|t:|1785255950
|switch|p2a: Basculegion|Basculegion, L50, M|54/100
|-ability|p2a: Basculegion|Mold Breaker
|move|p1b: Rotom|Hydro Pump|p2a: Basculegion
|-resisted|p2a: Basculegion|1
|-damage|p2a: Basculegion|27/100
|move|p1a: Steelix|Heavy Slam|p2b: Sinistcha
|-crit|p2b: Sinistcha
|-damage|p2b: Sinistcha|7/100
|move|p2b: Sinistcha|Trick Room|p2b: Sinistcha
|-fieldstart|move: Trick Room|[of] p2b: Sinistcha
|
|-weather|Sandstorm|[upkeep]
|-damage|p1b: Rotom|39/100|[from] Sandstorm
|-damage|p2b: Sinistcha|1/100|[from] Sandstorm
|-damage|p2a: Basculegion|21/100|[from] Sandstorm
|-heal|p1b: Rotom|44/100|[from] item: Leftovers
|upkeep
|turn|4
|inactive|kamisnivy has 30 seconds left.
|inactive|LibraryBun01 has 30 seconds left.
|inactive|LibraryBun01 has 20 seconds left.
|
|t:|1785255985
|move|p2a: Basculegion|Protect|p2a: Basculegion
|-singleturn|p2a: Basculegion|Protect
|move|p1a: Steelix|High Horsepower|p2a: Basculegion
|-activate|p2a: Basculegion|move: Protect
|move|p1b: Rotom|Thunderbolt|p2b: Sinistcha
|-resisted|p2b: Sinistcha|1
|-damage|p2b: Sinistcha|0 fnt
|faint|p2b: Sinistcha
|
|-weather|Sandstorm|[upkeep]
|-damage|p1b: Rotom|39/100|[from] Sandstorm
|-damage|p2a: Basculegion|15/100|[from] Sandstorm
|-heal|p1b: Rotom|44/100|[from] item: Leftovers
|-sideend|p2: LibraryBun01|move: Tailwind
|upkeep
|
|t:|1785256000
|switch|p2b: Mawile|Mawile, L50, F|100/100
|-ability|p2b: Mawile|Intimidate|boost
|-unboost|p1a: Steelix|atk|1
|-unboost|p1b: Rotom|atk|1
|turn|5
|
|t:|1785256016
|switch|p1a: Sinistcha|Sinistcha-Masterpiece, L50|100/100
|-heal|p1b: Rotom|69/100|[from] ability: Hospitality|[of] p1a: Sinistcha
|detailschange|p2b: Mawile|Mawile-Mega, L50, F
|-mega|p2b: Mawile|Mawile|Mawilite
|move|p2b: Mawile|Flamethrower|p1a: Sinistcha
|-supereffective|p1a: Sinistcha|1
|-damage|p1a: Sinistcha|74/100
|move|p2a: Basculegion|Last Respects|p1b: Rotom
|-crit|p1b: Rotom
|-damage|p1b: Rotom|0 fnt
|faint|p1b: Rotom
|
|-weather|none
|upkeep
|
|t:|1785256030
|switch|p1b: Tyranitar|Tyranitar, L50, M|100/100
|-weather|Sandstorm|[from] ability: Sand Stream|[of] p1b: Tyranitar
|turn|6
|
|t:|1785256046
|move|p1a: Sinistcha|Rage Powder|p1a: Sinistcha
|-singleturn|p1a: Sinistcha|move: Rage Powder
|move|p2b: Mawile|Knock Off|p1a: Sinistcha
|-supereffective|p1a: Sinistcha|1
|-damage|p1a: Sinistcha|0 fnt
|-enditem|p1a: Sinistcha|Kasib Berry|[from] move: Knock Off|[of] p2b: Mawile
|faint|p1a: Sinistcha
|move|p1b: Tyranitar|Rock Slide|p2a: Basculegion|[spread] p2a,p2b
|-resisted|p2b: Mawile|1
|-damage|p2a: Basculegion|0 fnt
|-damage|p2b: Mawile|83/100
|faint|p2a: Basculegion
|
|-weather|Sandstorm|[upkeep]
|upkeep
|
|t:|1785256060
|switch|p1a: Steelix|Steelix-Mega, L50, F|97/100
|switch|p2a: Aerodactyl|Aerodactyl, L50, F|100/100
|-ability|p2a: Aerodactyl|Unnerve
|turn|7
|inactive|kamisnivy has 30 seconds left.
|
|t:|1785256090
|move|p1b: Tyranitar|Protect|p1b: Tyranitar
|-singleturn|p1b: Tyranitar|Protect
|move|p1a: Steelix|High Horsepower|p2b: Mawile
|-supereffective|p2b: Mawile|1
|-damage|p2b: Mawile|0 fnt
|faint|p2b: Mawile
|move|p2a: Aerodactyl|Rock Slide|p1b: Tyranitar|[spread] p1a
|-activate|p1b: Tyranitar|move: Protect
|-resisted|p1a: Steelix|2
|-damage|p1a: Steelix|95/100
|
|-weather|Sandstorm|[upkeep]
|-fieldend|move: Trick Room
|upkeep
|turn|8
|
|t:|1785256105
|move|p2a: Aerodactyl|Rock Slide|p1b: Tyranitar|[spread] p1a,p1b
|-resisted|p1a: Steelix|2
|-damage|p1a: Steelix|93/100
|-damage|p1b: Tyranitar|75/100
|move|p1b: Tyranitar|Rock Slide|p2a: Aerodactyl
|-supereffective|p2a: Aerodactyl|1
|-enditem|p2a: Aerodactyl|Focus Sash
|-damage|p2a: Aerodactyl|1/100
|move|p1a: Steelix|Heavy Slam|p2a: Aerodactyl
|-supereffective|p2a: Aerodactyl|1
|-damage|p2a: Aerodactyl|0 fnt
|faint|p2a: Aerodactyl
|
|win|kamisnivy
|raw|kamisnivy's rating: 1034 → 1065(+31 for winning)
|raw|LibraryBun01's rating: 1000 → 1000(+0 for losing)
|l|☆kamisnivy
|player|p1|
