|j|☆Jaytheswshkid
|j|☆strifesada
|html|Jaytheswshkidstrifesada    
|uhtml|bestof|Game 3 of a best-of-3
|t:|1783643975
|gametype|doubles
|player|p1|Jaytheswshkid|caitlin|1000
|player|p2|strifesada|piers|1127
|gen|9
|tier|[Gen 9 Champions] VGC 2026 Reg M-B (Bo3)
|rated|
|rule|Species Clause: Limit one of each Pokémon
|rule|Item Clause: Limit 1 of each item
|clearpoke
|poke|p1|Golurk, L50, shiny|
|poke|p1|Farigiraf, L50, F, shiny|
|poke|p1|Torkoal, L50, M, shiny|
|poke|p1|Venusaur, L50, M, shiny|
|poke|p1|Garchomp, L50, M, shiny|
|poke|p1|Aerodactyl, L50, M, shiny|
|poke|p2|Raichu, L50, M|
|poke|p2|Sylveon, L50, F|
|poke|p2|Farigiraf, L50, F|
|poke|p2|Kingambit, L50, M|
|poke|p2|Kangaskhan, L50, F|
|poke|p2|Chandelure, L50, M|
|teampreview|4
|showteam|p1|Golurk||Golurkite|IronFist|HeadlongRush,Protect,IcePunch,RockSlide|Brave|||||50|]Farigiraf||SitrusBerry|ArmorTail|TrickRoom,Psychic,Roar,Thunderbolt|Sassy||F|||50|]Torkoal||Charcoal|Drought|HeatWave,Eruption,Protect,WeatherBall|Quiet||M|||50|]Venusaur||FocusSash|Chlorophyll|WeatherBall,SludgeBomb,SolarBeam,Protect|Timid||M|||50|]Garchomp||LifeOrb|RoughSkin|Protect,Earthquake,RockSlide,DragonClaw|Adamant||M|||50|]Aerodactyl||Aerodactylite|RockHead|DualWingbeat,RockSlide,Tailwind,Protect|Jolly||M|||50|
|showteam|p2|Raichu||RaichuniteY|LightningRod|ZapCannon,FocusBlast,FakeOut,Protect|Timid||M|||50|]Sylveon||FairyFeather|Pixilate|HyperVoice,Yawn,QuickAttack,Protect|Modest||F|||50|]Farigiraf||SitrusBerry|ArmorTail|Psychic,Thunderbolt,TrickRoom,HelpingHand|Sassy||F|||50|]Kingambit||BlackGlasses|Defiant|KowtowCleave,SuckerPunch,SwordsDance,Protect|Adamant||M|||50|]Kangaskhan||Kangaskhanite|Scrappy|FakeOut,DoubleEdge,DrainPunch,IcePunch|Brave||F|||50|]Chandelure||LifeOrb|FlashFire|TrickRoom,HeatWave,ShadowBall,Protect|Modest||M|||50|
|
|t:|1783644024
|teamsize|p1|4
|teamsize|p2|4
|start
|switch|p1a: Big HEX|Golurk, L50, shiny|100/100
|switch|p1b: Stompy|Farigiraf, L50, F, shiny|100/100
|switch|p2a: Kangaskhan|Kangaskhan, L50, F|100/100
|switch|p2b: Kingambit|Kingambit, L50, M|100/100
|turn|1
|
|t:|1783644051
|detailschange|p2a: Kangaskhan|Kangaskhan-Mega, L50, F
|-mega|p2a: Kangaskhan|Kangaskhan|Kangaskhanite
|detailschange|p1a: Big HEX|Golurk-Mega, L50, shiny
|-mega|p1a: Big HEX|Golurk|Golurkite
|move|p2a: Kangaskhan|Double-Edge|p1b: Stompy
|-damage|p1b: Stompy|45/100
|-enditem|p1b: Stompy|Sitrus Berry|[eat]
|-heal|p1b: Stompy|70/100|[from] item: Sitrus Berry
|-damage|p1b: Stompy|56/100
|-hitcount|p1b: Stompy|2
|-damage|p2a: Kangaskhan|76/100|[from] Recoil
|move|p2b: Kingambit|Kowtow Cleave|p1b: Stompy
|-supereffective|p1b: Stompy|1
|-damage|p1b: Stompy|0 fnt
|faint|p1b: Stompy
|move|p1a: Big HEX|Headlong Rush|p2b: Kingambit
|-supereffective|p2b: Kingambit|1
|-damage|p2b: Kingambit|0 fnt
|-unboost|p1a: Big HEX|def|1
|-unboost|p1a: Big HEX|spd|1
|faint|p2b: Kingambit
|
|upkeep
|
|t:|1783644072
|switch|p1b: Garchomp|Garchomp, L50, M, shiny|100/100
|switch|p2b: Chandelure|Chandelure, L50, M|100/100
|turn|2
|
|t:|1783644084
|move|p2b: Chandelure|Protect|p2b: Chandelure
|-singleturn|p2b: Chandelure|Protect
|move|p1a: Big HEX|Protect|p1a: Big HEX
|-singleturn|p1a: Big HEX|Protect
|move|p1b: Garchomp|Earthquake|p2b: Chandelure|[spread] p2a
|-activate|p1a: Big HEX|move: Protect
|-activate|p2b: Chandelure|move: Protect
|-damage|p2a: Kangaskhan|30/100
|-damage|p1b: Garchomp|90/100|[from] item: Life Orb
|move|p2a: Kangaskhan|Ice Punch|p1b: Garchomp
|-supereffective|p1b: Garchomp|2
|-damage|p1b: Garchomp|0 fnt
|-damage|p2a: Kangaskhan|17/100|[from] ability: Rough Skin|[of] p1b: Garchomp
|faint|p1b: Garchomp
|
|upkeep
|
|t:|1783644093
|switch|p1b: Wart|Venusaur, L50, M, shiny|100/100
|turn|3
|
|t:|1783644113
|move|p1b: Wart|Sludge Bomb|p2a: Kangaskhan
|-damage|p2a: Kangaskhan|0 fnt
|faint|p2a: Kangaskhan
|move|p2b: Chandelure|Heat Wave|p1a: Big HEX|[spread] p1a,p1b
|-supereffective|p1b: Wart|1
|-damage|p1a: Big HEX|22/100
|-enditem|p1b: Wart|Focus Sash
|-damage|p1b: Wart|1/100
|-damage|p2b: Chandelure|90/100|[from] item: Life Orb
|move|p1a: Big HEX|Headlong Rush|p2b: Chandelure
|-supereffective|p2b: Chandelure|1
|-damage|p2b: Chandelure|0 fnt
|-unboost|p1a: Big HEX|def|1
|-unboost|p1a: Big HEX|spd|1
|faint|p2b: Chandelure
|
|upkeep
|
|t:|1783644123
|switch|p2b: Farigiraf|Farigiraf, L50, F|100/100
|turn|4
|
|t:|1783644129
|move|p1b: Wart|Sludge Bomb|p2b: Farigiraf
|-damage|p2b: Farigiraf|67/100
|move|p2b: Farigiraf|Psychic|p1a: Big HEX
|-damage|p1a: Big HEX|0 fnt
|faint|p1a: Big HEX
|
|upkeep
|turn|5
|
|t:|1783644136
|move|p1b: Wart|Solar Beam||[still]
|-prepare|p1b: Wart|Solar Beam
|move|p2b: Farigiraf|Psychic|p1b: Wart
|-supereffective|p1b: Wart|1
|-damage|p1b: Wart|0 fnt
|faint|p1b: Wart
|
|win|strifesada
|raw|Jaytheswshkid's rating: 1000 → 1000(+0 for losing)
|raw|strifesada's rating: 1127 → 1143(+16 for winning)
