|j|☆EDJPP
|j|☆sille rovert
|html|EDJPPsille rovert    
|uhtml|bestof|Game 3 of a best-of-3
|t:|1783382190
|gametype|doubles
|player|p1|EDJPP|volkner|1154
|player|p2|sille rovert|trevor|1380
|gen|9
|tier|[Gen 9 Champions] VGC 2026 Reg M-B (Bo3)
|rated|
|rule|Species Clause: Limit one of each Pokémon
|rule|Item Clause: Limit 1 of each item
|clearpoke
|poke|p1|Charizard, L50, M|
|poke|p1|Venusaur, L50, M|
|poke|p1|Basculegion, L50, M|
|poke|p1|Farigiraf, L50, F|
|poke|p1|Typhlosion-Hisui, L50, M|
|poke|p1|Sneasler, L50, F|
|poke|p2|Charizard, L50, F|
|poke|p2|Whimsicott, L50, M|
|poke|p2|Raichu, L50, M|
|poke|p2|Garchomp, L50, F|
|poke|p2|Kingambit, L50, F|
|poke|p2|Basculegion, L50, M|
|teampreview|4
|showteam|p1|Charizard||CharizarditeY|SolarPower|HeatWave,SolarBeam,WeatherBall,Protect|Modest||M|||50|]Venusaur||Venusaurite|Chlorophyll|GigaDrain,SludgeBomb,EarthPower,SleepPowder|Modest||M|||50|]Basculegion||MysticWater|Adaptability|WaveCrash,AquaJet,LastRespects,Protect|Adamant||M|||50|]Farigiraf||FocusSash|ArmorTail|Roar,Psychic,Thunderbolt,Protect|Modest||F|||50|]Typhlosion-Hisui||ChoiceScarf|Blaze|Eruption,HeatWave,Overheat,InfernalParade|Timid||M|||50|]Sneasler||WhiteHerb|Unburden|FakeOut,Protect,DireClaw,CloseCombat|Jolly||F|||50|
|showteam|p2|Charizard||CharizarditeY|Blaze|HeatWave,WeatherBall,SolarBeam,Protect|Modest||F|||50|]Whimsicott||FairyFeather|Prankster|Moonblast,Encore,Tailwind,Protect|Timid||M|||50|]Raichu||RaichuniteY|Static|ZapCannon,FocusBlast,FakeOut,Protect|Timid||M|||50|]Garchomp||FocusSash|RoughSkin|Earthquake,DragonClaw,RockSlide,Protect|Jolly||F|||50|]Kingambit||OccaBerry|Defiant|KowtowCleave,IronHead,SuckerPunch,LowKick|Adamant||F|||50|]Basculegion||LifeOrb|Adaptability|WaveCrash,LastRespects,AquaJet,Protect|Adamant||M|||50|
|inactive|Battle timer is ON: inactive players will automatically lose when time's up. (requested by EDJPP)
|inactive|EDJPP has 60 seconds left.
|inactive|EDJPP has 30 seconds left.
|inactive|EDJPP has 20 seconds left.
|inactive|EDJPP has 15 seconds left.
|inactive|EDJPP has 10 seconds left.
|inactive|EDJPP has 5 seconds left.
|
|t:|1783382278
|teamsize|p1|4
|teamsize|p2|4
|start
|switch|p1a: Venusaur|Venusaur, L50, M|100/100
|switch|p1b: Sneasler|Sneasler, L50, F|100/100
|switch|p2a: Garchomp|Garchomp, L50, F|100/100
|switch|p2b: Raichu|Raichu, L50, M|100/100
|turn|1
|
|t:|1783382299
|switch|p1b: Charizard|Charizard, L50, M|100/100
|detailschange|p2b: Raichu|Raichu-Mega-Y, L50, M
|-mega|p2b: Raichu|Raichu|Raichunite Y
|move|p2b: Raichu|Protect|p2b: Raichu
|-singleturn|p2b: Raichu|Protect
|move|p2a: Garchomp|Earthquake|p1a: Venusaur|[spread] p1a
|-activate|p2b: Raichu|move: Protect
|-immune|p1b: Charizard
|-damage|p1a: Venusaur|59/100
|move|p1a: Venusaur|Earth Power|p2b: Raichu
|-activate|p2b: Raichu|move: Protect
|
|upkeep
|turn|2
|
|t:|1783382318
|switch|p2b: Basculegion|Basculegion, L50, M|100/100
|detailschange|p1b: Charizard|Charizard-Mega-Y, L50, M
|-mega|p1b: Charizard|Charizard|Charizardite Y
|-weather|SunnyDay|[from] ability: Drought|[of] p1b: Charizard
|move|p1b: Charizard|Protect|p1b: Charizard
|-singleturn|p1b: Charizard|Protect
|move|p1a: Venusaur|Earth Power|p2b: Basculegion
|-damage|p2b: Basculegion|66/100
|move|p2a: Garchomp|Dragon Claw|p1a: Venusaur
|-damage|p1a: Venusaur|10/100
|
|-weather|SunnyDay|[upkeep]
|upkeep
|turn|3
|
|t:|1783382338
|move|p2b: Basculegion|Aqua Jet|p1a: Venusaur
|-resisted|p1a: Venusaur|1
|-crit|p1a: Venusaur
|-damage|p1a: Venusaur|0 fnt
|faint|p1a: Venusaur
|-damage|p2b: Basculegion|56/100|[from] item: Life Orb
|move|p2a: Garchomp|Rock Slide|p1b: Charizard
|-supereffective|p1b: Charizard|2
|-damage|p1b: Charizard|0 fnt
|faint|p1b: Charizard
|
|-weather|SunnyDay|[upkeep]
|upkeep
|
|t:|1783382347
|switch|p1b: Typhlosion|Typhlosion-Hisui, L50, M|100/100
|switch|p1a: Sneasler|Sneasler, L50, F|100/100
|turn|4
|
|t:|1783382355
|move|p2a: Garchomp|Protect|p2a: Garchomp
|-singleturn|p2a: Garchomp|Protect
|move|p2b: Basculegion|Protect|p2b: Basculegion
|-singleturn|p2b: Basculegion|Protect
|move|p1b: Typhlosion|Infernal Parade|p2b: Basculegion
|-activate|p2b: Basculegion|move: Protect
|move|p1a: Sneasler|Close Combat|p2a: Garchomp
|-activate|p2a: Garchomp|move: Protect
|
|-weather|SunnyDay|[upkeep]
|upkeep
|turn|5
|
|t:|1783382376
|move|p2b: Basculegion|Aqua Jet|p1b: Typhlosion
|-supereffective|p1b: Typhlosion|1
|-damage|p1b: Typhlosion|54/100
|-damage|p2b: Basculegion|47/100|[from] item: Life Orb
|move|p1b: Typhlosion|Infernal Parade|p2a: Garchomp
|-damage|p2a: Garchomp|63/100
|move|p1a: Sneasler|Close Combat|p2a: Garchomp
|-damage|p2a: Garchomp|5/100
|-unboost|p1a: Sneasler|def|1
|-unboost|p1a: Sneasler|spd|1
|-damage|p1a: Sneasler|87/100|[from] ability: Rough Skin|[of] p2a: Garchomp
|-enditem|p1a: Sneasler|White Herb
|-clearnegativeboost|p1a: Sneasler|[silent]
|move|p2a: Garchomp|Earthquake|p1b: Typhlosion|[spread] p2b,p1a,p1b
|-supereffective|p1a: Sneasler|1
|-supereffective|p1b: Typhlosion|1
|-damage|p2b: Basculegion|4/100
|-damage|p1a: Sneasler|0 fnt
|-damage|p1b: Typhlosion|0 fnt
|faint|p1a: Sneasler
|faint|p1b: Typhlosion
|
|win|sille rovert
|raw|EDJPP's rating: 1154 → 1143(-11 for losing)
|raw|sille rovert's rating: 1380 → 1389(+9 for winning)
