|j|☆Lorido
|j|☆Get flinched on
|html|LoridoGet flinched on    
|uhtml|bestof|Game 2 of a best-of-3
|t:|1782501383
|gametype|doubles
|player|p1|Lorido|101|1257
|player|p2|Get flinched on|clown|1131
|gen|9
|tier|[Gen 9 Champions] VGC 2026 Reg M-B (Bo3)
|rated|
|rule|Species Clause: Limit one of each Pokémon
|rule|Item Clause: Limit 1 of each item
|clearpoke
|poke|p1|Charizard, L50, F|
|poke|p1|Floette-Eternal, L50, F|
|poke|p1|Whimsicott, L50, F|
|poke|p1|Kingambit, L50, M|
|poke|p1|Garchomp, L50, M|
|poke|p1|Basculegion, L50, M|
|poke|p2|Whimsicott, L50, F|
|poke|p2|Glimmora, L50, F|
|poke|p2|Charizard, L50, F|
|poke|p2|Garchomp, L50, M|
|poke|p2|Kingambit, L50, M|
|poke|p2|Basculegion, L50, M|
|teampreview|4
|showteam|p1|Charizard||CharizarditeY|Blaze|HeatWave,WeatherBall,SolarBeam,Protect|Modest||F|||50|]Floette-Eternal||Floettite|FlowerVeil|DazzlingGleam,Protect,Moonblast,LightofRuin|Modest||F|||50|]Whimsicott||FocusSash|Prankster|Moonblast,Protect,Tailwind,Encore|Timid||F|||50|]Kingambit||ChopleBerry|Defiant|KowtowCleave,SuckerPunch,IronHead,LowKick|Adamant||M|||50|]Garchomp||LifeOrb|RoughSkin|DragonClaw,StompingTantrum,RockSlide,Protect|Jolly||M|||50|]Basculegion||MysticWater|Adaptability|WaveCrash,LastRespects,AquaJet,Protect|Adamant||M|||50|
|showteam|p2|Whimsicott||FairyFeather|Prankster|Moonblast,Tailwind,Encore,Protect|Timid||F|||50|]Glimmora||FocusSash|ToxicDebris|PowerGem,SludgeBomb,EarthPower,SpikyShield|Timid||F|||50|]Charizard||CharizarditeY|SolarPower|HeatWave,WeatherBall,SolarBeam,Protect|Modest||F|||50|]Garchomp||SitrusBerry|RoughSkin|Earthquake,DragonClaw,PoisonJab,Protect|Adamant||M|||50|]Kingambit||ChopleBerry|Defiant|KowtowCleave,IronHead,SuckerPunch,LowKick|Adamant||M|||50|]Basculegion||MysticWater|Adaptability|WaveCrash,LastRespects,AquaJet,Protect|Adamant||M|||50|
|inactive|Battle timer is ON: inactive players will automatically lose when time's up. (requested by Lorido)
|inactive|Lorido has 60 seconds left.
|
|t:|1782501437
|teamsize|p1|4
|teamsize|p2|4
|start
|switch|p1a: Garchomp|Garchomp, L50, M|100/100
|switch|p1b: Whimsicott|Whimsicott, L50, F|100/100
|switch|p2a: Kingambit|Kingambit, L50, M|100/100
|switch|p2b: Whimsicott|Whimsicott, L50, F|100/100
|turn|1
|
|t:|1782501460
|switch|p1a: Charizard|Charizard, L50, F|100/100
|switch|p2a: Charizard|Charizard, L50, F|100/100
|move|p1b: Whimsicott|Moonblast|p2b: Whimsicott
|-damage|p2b: Whimsicott|49/100
|move|p2b: Whimsicott|Moonblast|p1a: Charizard
|-resisted|p1a: Charizard|1
|-damage|p1a: Charizard|81/100
|
|upkeep
|turn|2
|
|t:|1782501480
|detailschange|p2a: Charizard|Charizard-Mega-Y, L50, F
|-mega|p2a: Charizard|Charizard|Charizardite Y
|-weather|SunnyDay|[from] ability: Drought|[of] p2a: Charizard
|detailschange|p1a: Charizard|Charizard-Mega-Y, L50, F
|-mega|p1a: Charizard|Charizard|Charizardite Y
|move|p1b: Whimsicott|Tailwind|p1b: Whimsicott
|-sidestart|p1: Lorido|move: Tailwind
|move|p2b: Whimsicott|Tailwind|p2b: Whimsicott
|-sidestart|p2: Get flinched on|move: Tailwind
|move|p2a: Charizard|Heat Wave|p1a: Charizard|[spread] p1a,p1b
|-resisted|p1a: Charizard|1
|-supereffective|p1b: Whimsicott|1
|-damage|p1a: Charizard|49/100
|-enditem|p1b: Whimsicott|Focus Sash
|-damage|p1b: Whimsicott|1/100
|move|p1a: Charizard|Heat Wave|p2b: Whimsicott|[spread] p2a,p2b
|-resisted|p2a: Charizard|1
|-supereffective|p2b: Whimsicott|1
|-damage|p2a: Charizard|73/100
|-damage|p2b: Whimsicott|0 fnt
|faint|p2b: Whimsicott
|
|-weather|SunnyDay|[upkeep]
|upkeep
|
|t:|1782501493
|switch|p2b: Kingambit|Kingambit, L50, M|100/100
|turn|3
|
|t:|1782501516
|move|p1b: Whimsicott|Protect|p1b: Whimsicott
|-singleturn|p1b: Whimsicott|Protect
|move|p1a: Charizard|Protect|p1a: Charizard
|-singleturn|p1a: Charizard|Protect
|move|p2b: Kingambit|Sucker Punch||[still]
|-fail|p2b: Kingambit
|move|p2a: Charizard|Heat Wave|p1a: Charizard|[spread] 
|-activate|p1a: Charizard|move: Protect
|-activate|p1b: Whimsicott|move: Protect
|
|-weather|SunnyDay|[upkeep]
|upkeep
|turn|4
|
|t:|1782501538
|switch|p1a: Garchomp|Garchomp, L50, M|100/100
|move|p2b: Kingambit|Sucker Punch||[still]
|-fail|p2b: Kingambit
|move|p1b: Whimsicott|Moonblast|p2b: Kingambit
|-crit|p2b: Kingambit
|-damage|p2b: Kingambit|44/100
|move|p2a: Charizard|Heat Wave|p1b: Whimsicott|[spread] p1a,p1b
|-resisted|p1a: Garchomp|1
|-supereffective|p1b: Whimsicott|1
|-crit|p1b: Whimsicott
|-damage|p1a: Garchomp|63/100
|-damage|p1b: Whimsicott|0 fnt
|faint|p1b: Whimsicott
|
|-weather|SunnyDay|[upkeep]
|upkeep
|
|t:|1782501549
|switch|p1b: Charizard|Charizard-Mega-Y, L50, F|49/100
|turn|5
|
|t:|1782501560
|move|p2a: Charizard|Protect|p2a: Charizard
|-singleturn|p2a: Charizard|Protect
|move|p2b: Kingambit|Sucker Punch|p1a: Garchomp
|-damage|p1a: Garchomp|28/100
|-damage|p2b: Kingambit|32/100|[from] ability: Rough Skin|[of] p1a: Garchomp
|move|p1a: Garchomp|Rock Slide|p2a: Charizard|[spread] p2b
|-activate|p2a: Charizard|move: Protect
|-resisted|p2b: Kingambit|1
|-damage|p2b: Kingambit|23/100
|-damage|p1a: Garchomp|18/100|[from] item: Life Orb
|move|p1b: Charizard|Weather Ball|p2b: Kingambit
|-supereffective|p2b: Kingambit|1
|-damage|p2b: Kingambit|0 fnt
|faint|p2b: Kingambit
|
|-weather|SunnyDay|[upkeep]
|-sideend|p1: Lorido|move: Tailwind
|-sideend|p2: Get flinched on|move: Tailwind
|upkeep
|
|t:|1782501565
|switch|p2b: Basculegion|Basculegion, L50, M|100/100
|turn|6
|
|t:|1782501583
|switch|p1a: Basculegion|Basculegion, L50, M|100/100
|move|p2b: Basculegion|Aqua Jet|p1b: Charizard
|-supereffective|p1b: Charizard|1
|-damage|p1b: Charizard|15/100
|move|p2a: Charizard|Weather Ball|p1b: Charizard
|-resisted|p1b: Charizard|1
|-damage|p1b: Charizard|0 fnt
|faint|p1b: Charizard
|
|-weather|none
|upkeep
|
|t:|1782501596
|switch|p1b: Garchomp|Garchomp, L50, M|18/100
|turn|7
|
|t:|1782501612
|move|p2a: Charizard|Protect|p2a: Charizard
|-singleturn|p2a: Charizard|Protect
|move|p2b: Basculegion|Protect|p2b: Basculegion
|-singleturn|p2b: Basculegion|Protect
|move|p1b: Garchomp|Rock Slide|p2b: Basculegion|[spread] 
|-activate|p2a: Charizard|move: Protect
|-activate|p2b: Basculegion|move: Protect
|move|p1a: Basculegion|Last Respects|p2b: Basculegion
|-activate|p2b: Basculegion|move: Protect
|
|upkeep
|turn|8
|inactive|Lorido has 30 seconds left.
|
|t:|1782501644
|move|p1b: Garchomp|Rock Slide|p2a: Charizard|[spread] p2a,p2b
|-supereffective|p2a: Charizard|2
|-crit|p2a: Charizard
|-damage|p2a: Charizard|0 fnt
|-damage|p2b: Basculegion|76/100
|faint|p2a: Charizard
|-damage|p1b: Garchomp|8/100|[from] item: Life Orb
|move|p2b: Basculegion|Last Respects|p1a: Basculegion
|-supereffective|p1a: Basculegion|1
|-damage|p1a: Basculegion|0 fnt
|faint|p1a: Basculegion
|
|upkeep
|turn|9
|c|☆Get flinched on|gg
|
|t:|1782501655
|move|p2b: Basculegion|Aqua Jet|p1b: Garchomp
|-damage|p1b: Garchomp|0 fnt
|-damage|p2b: Basculegion|64/100|[from] ability: Rough Skin|[of] p1b: Garchomp
|faint|p1b: Garchomp
|
|win|Get flinched on
|raw|Lorido's rating: 1257 → 1223(-34 for losing)
|raw|Get flinched on's rating: 1131 → 1165(+34 for winning)
