|j|☆SeymoursLeftToeVGC
|j|☆hl498
|html|SeymoursLeftToeVGChl498    
|uhtml|bestof|Game 1 of a best-of-3
|t:|1782489380
|gametype|doubles
|player|p1|SeymoursLeftToeVGC|ninjaboy|1202
|player|p2|hl498|hilbert|1134
|gen|9
|tier|[Gen 9 Champions] VGC 2026 Reg M-B (Bo3)
|rated|
|rule|Species Clause: Limit one of each Pokémon
|rule|Item Clause: Limit 1 of each item
|clearpoke
|poke|p1|Whimsicott, L50, F, shiny|
|poke|p1|Typhlosion-Hisui, L50, F, shiny|
|poke|p1|Farigiraf, L50, F|
|poke|p1|Sceptile, L50, M, shiny|
|poke|p1|Rotom-Wash, L50, shiny|
|poke|p1|Gardevoir, L50, M, shiny|
|poke|p2|Grimmsnarl, L50, M|
|poke|p2|Venusaur, L50, M|
|poke|p2|Pelipper, L50, F|
|poke|p2|Archaludon, L50, M|
|poke|p2|Sneasler, L50, F|
|poke|p2|Swampert, L50, F|
|teampreview|4
|showteam|p1|Whimsicott||FocusSash|Prankster|Moonblast,FakeTears,SunnyDay,Tailwind|Modest||F|||50|]Typhlosion-Hisui||Charcoal|Blaze|Eruption,Protect,ShadowBall,HeatWave|Modest||F|||50|]Farigiraf||LifeOrb|ArmorTail|HyperVoice,TwinBeam,Protect,HelpingHand|Modest||F|||50|]Sceptile||Sceptilite|Overgrow|EarthPower,DragonPulse,Detect,EnergyBall|Timid||M|||50|]Rotom-Wash||ChoiceScarf|Levitate|HydroPump,Discharge,VoltSwitch,Thunderbolt|Timid|||||50|]Gardevoir||Gardevoirite|Telepathy|HyperVoice,HyperBeam,Protect,Psychic|Timid||M|||50|
|showteam|p2|Grimmsnarl||LightClay|Prankster|Reflect,LightScreen,PartingShot,FoulPlay|Impish||M|||50|]Venusaur||Venusaurite|Chlorophyll|LeechSeed,GigaDrain,SludgeBomb,Protect|Calm||M|||50|]Pelipper||SitrusBerry|Drizzle|WeatherBall,Hurricane,Tailwind,WideGuard|Timid||F|||50|]Archaludon||Leftovers|Stamina|ElectroShot,FlashCannon,Protect,DracoMeteor|Modest||M|||50|]Sneasler||FocusSash|Unburden|CloseCombat,DireClaw,Protect,FakeOut|Jolly||F|||50|]Swampert||Swampertite|Torrent|WaveCrash,Protect,Earthquake,RockSlide|Adamant||F|||50|
|inactive|Battle timer is ON: inactive players will automatically lose when time's up. (requested by SeymoursLeftToeVGC)
|inactive|hl498 has 60 seconds left.
|inactive|hl498 has 30 seconds left.
|
|t:|1782489441
|teamsize|p1|4
|teamsize|p2|4
|start
|switch|p1a: Sceptile|Sceptile, L50, M, shiny|100/100
|switch|p1b: Whimsicott|Whimsicott, L50, F, shiny|100/100
|switch|p2a: Sneasler|Sneasler, L50, F|100/100
|switch|p2b: Archaludon|Archaludon, L50, M|100/100
|turn|1
|
|t:|1782489462
|move|p1a: Sceptile|Detect|p1a: Sceptile
|-singleturn|p1a: Sceptile|Protect
|move|p2a: Sneasler|Fake Out|p1b: Whimsicott
|-damage|p1b: Whimsicott|77/100
|cant|p1b: Whimsicott|flinch
|move|p2b: Archaludon|Draco Meteor|p1a: Sceptile
|-activate|p1a: Sceptile|move: Protect
|
|upkeep
|turn|2
|
|t:|1782489475
|switch|p1a: Farigiraf|Farigiraf, L50, F|100/100
|move|p2b: Archaludon|Protect|p2b: Archaludon
|-singleturn|p2b: Archaludon|Protect
|move|p2a: Sneasler|Dire Claw|p1b: Whimsicott
|-supereffective|p1b: Whimsicott|2
|-damage|p1b: Whimsicott|0 fnt
|faint|p1b: Whimsicott
|
|upkeep
|
|t:|1782489486
|switch|p1b: Sceptile|Sceptile, L50, M, shiny|100/100
|turn|3
|
|t:|1782489501
|move|p1b: Sceptile|Detect|p1b: Sceptile
|-singleturn|p1b: Sceptile|Protect
|move|p2a: Sneasler|Close Combat|p1a: Farigiraf
|-damage|p1a: Farigiraf|21/100
|-unboost|p2a: Sneasler|def|1
|-unboost|p2a: Sneasler|spd|1
|move|p2b: Archaludon|Draco Meteor|p1a: Farigiraf
|-damage|p1a: Farigiraf|0 fnt
|-unboost|p2b: Archaludon|spa|2
|faint|p1a: Farigiraf
|
|upkeep
|
|t:|1782489512
|switch|p1a: Rotom|Rotom-Wash, L50, shiny|100/100
|turn|4
|
|t:|1782489522
|switch|p2b: Swampert|Swampert, L50, F|100/100
|detailschange|p1b: Sceptile|Sceptile-Mega, L50, M, shiny
|-mega|p1b: Sceptile|Sceptile|Sceptilite
|move|p1a: Rotom|Discharge|p2b: Swampert|[spread] p2a
|-ability|p1b: Sceptile|Lightning Rod|boost
|-boost|p1b: Sceptile|spa|1
|-immune|p2b: Swampert
|-crit|p2a: Sneasler
|-damage|p2a: Sneasler|19/100
|-status|p2a: Sneasler|par
|move|p1b: Sceptile|Earth Power|p2a: Sneasler
|-supereffective|p2a: Sneasler|1
|-damage|p2a: Sneasler|0 fnt
|faint|p2a: Sneasler
|
|upkeep
|
|t:|1782489543
|switch|p2a: Pelipper|Pelipper, L50, F|100/100
|-weather|RainDance|[from] ability: Drizzle|[of] p2a: Pelipper
|turn|5
|
|t:|1782489567
|switch|p2b: Archaludon|Archaludon, L50, M|100/100
|move|p2a: Pelipper|Wide Guard|p2a: Pelipper
|-singleturn|p2a: Pelipper|Wide Guard
|move|p1a: Rotom|Discharge|p2a: Pelipper|[spread] 
|-activate|p2a: Pelipper|move: Wide Guard
|-activate|p2b: Archaludon|move: Wide Guard
|-ability|p1b: Sceptile|Lightning Rod|boost
|-boost|p1b: Sceptile|spa|1
|move|p1b: Sceptile|Energy Ball|p2b: Archaludon
|-resisted|p2b: Archaludon|2
|-damage|p2b: Archaludon|72/100
|-ability|p2b: Archaludon|Stamina|boost
|-boost|p2b: Archaludon|def|1
|
|-weather|RainDance|[upkeep]
|-heal|p2b: Archaludon|78/100|[from] item: Leftovers
|upkeep
|turn|6
|
|t:|1782489584
|move|p2a: Pelipper|Wide Guard|p2a: Pelipper
|-singleturn|p2a: Pelipper|Wide Guard
|move|p1a: Rotom|Discharge|p2a: Pelipper|[spread] 
|-activate|p2a: Pelipper|move: Wide Guard
|-activate|p2b: Archaludon|move: Wide Guard
|-ability|p1b: Sceptile|Lightning Rod|boost
|-boost|p1b: Sceptile|spa|1
|move|p1b: Sceptile|Earth Power|p2b: Archaludon
|-supereffective|p2b: Archaludon|1
|-damage|p2b: Archaludon|0 fnt
|faint|p2b: Archaludon
|
|-weather|RainDance|[upkeep]
|upkeep
|
|t:|1782489595
|switch|p2b: Swampert|Swampert, L50, F|100/100
|turn|7
|
|t:|1782489605
|detailschange|p2b: Swampert|Swampert-Mega, L50, F
|-mega|p2b: Swampert|Swampert|Swampertite
|move|p2b: Swampert|Wave Crash|p1b: Sceptile
|-resisted|p1b: Sceptile|2
|-damage|p1b: Sceptile|55/100
|-damage|p2b: Swampert|88/100|[from] Recoil
|move|p1a: Rotom|Discharge|p2a: Pelipper|[spread] p2a
|-ability|p1b: Sceptile|Lightning Rod|boost
|-boost|p1b: Sceptile|spa|1
|-immune|p2b: Swampert
|-supereffective|p2a: Pelipper|2
|-damage|p2a: Pelipper|0 fnt
|faint|p2a: Pelipper
|move|p1b: Sceptile|Energy Ball|p2b: Swampert
|-supereffective|p2b: Swampert|2
|-damage|p2b: Swampert|0 fnt
|faint|p2b: Swampert
|
|win|SeymoursLeftToeVGC
