|j|☆TopekaMelon
|j|☆zefhkb505
|html|TopekaMelonzefhkb505    
|uhtml|bestof|Game 1 of a best-of-3
|t:|1783643569
|gametype|doubles
|player|p1|TopekaMelon|sabrina|1137
|player|p2|zefhkb505|hilbert|1217
|gen|9
|tier|[Gen 9 Champions] VGC 2026 Reg M-B (Bo3)
|rated|
|rule|Species Clause: Limit one of each Pokémon
|rule|Item Clause: Limit 1 of each item
|clearpoke
|poke|p1|Kangaskhan, L50, F|
|poke|p1|Farigiraf, L50, M|
|poke|p1|Torkoal, L50, M|
|poke|p1|Mawile, L50, M|
|poke|p1|Pyroar, L50, M|
|poke|p1|Gallade, L50, M|
|poke|p2|Tsareena, L50, F|
|poke|p2|Volcarona, L50, F|
|poke|p2|Maushold, L50|
|poke|p2|Kingambit, L50, M|
|poke|p2|Aerodactyl, L50, F|
|poke|p2|Froslass, L50, F|
|teampreview|4
|showteam|p1|Kangaskhan||SilkScarf|Scrappy|FakeOut,LastResort|Brave||F|||50|]Farigiraf||SitrusBerry|ArmorTail|HelpingHand,TrickRoom,Psychic,Thunderbolt|Quiet||M|||50|]Torkoal||Charcoal|Drought|Protect,Eruption,WeatherBall,EarthPower|Quiet||M|||50|]Mawile||Mawilite|Intimidate|Protect,SuckerPunch,PlayRough,RockSlide|Brave||M|||50|]Pyroar||Pyroarite|Rivalry|Protect,HeatWave,Overheat,SolarBeam|Timid||M|||50|]Gallade||WhiteHerb|Sharpness|SacredSword,PsychoCut,LeafBlade,TrickRoom|Brave||M|||50|
|showteam|p2|Tsareena||ChoiceScarf|QueenlyMajesty|LowKick,TropKick,Uturn,TripleAxel|Jolly||F|||50|]Volcarona||Leftovers|FlameBody|HeatWave,QuiverDance,GigaDrain,Protect|Modest||F|||50|]Maushold||ChopleBerry|FriendGuard|FollowMe,Encore,Protect,PopulationBomb|Jolly|||||50|]Kingambit||FocusSash|Defiant|KowtowCleave,SuckerPunch,SwordsDance,IronHead|Adamant||M|||50|]Aerodactyl||Aerodactylite|Unnerve|RockSlide,WideGuard,Tailwind,DualWingbeat|Jolly||F|||50|]Froslass||Froslassite|CursedBody|Blizzard,ShadowBall,AuroraVeil,Protect|Timid||F|||50|
|inactive|Battle timer is ON: inactive players will automatically lose when time's up. (requested by TopekaMelon)
|
|t:|1783643617
|teamsize|p1|4
|teamsize|p2|4
|start
|switch|p1a: Kangaskhan|Kangaskhan, L50, F|100/100
|switch|p1b: Farigiraf|Farigiraf, L50, M|100/100
|switch|p2a: Froslass|Froslass, L50, F|100/100
|switch|p2b: Tsareena|Tsareena, L50, F|100/100
|turn|1
|
|t:|1783643639
|detailschange|p2a: Froslass|Froslass-Mega, L50, F
|-mega|p2a: Froslass|Froslass|Froslassite
|-weather|Snowscape|[from] ability: Snow Warning|[of] p2a: Froslass
|move|p1a: Kangaskhan|Fake Out||[still]
|cant|p2b: Tsareena|ability: Queenly Majesty|Fake Out|[of] p1a: Kangaskhan
|move|p2b: Tsareena|U-turn|p1b: Farigiraf
|-supereffective|p1b: Farigiraf|1
|-crit|p1b: Farigiraf
|-damage|p1b: Farigiraf|31/100
|-enditem|p1b: Farigiraf|Sitrus Berry|[eat]
|-heal|p1b: Farigiraf|55/100|[from] item: Sitrus Berry
|
|t:|1783643650
|switch|p2b: Volcarona|Volcarona, L50, F|100/100|[from] U-turn
|move|p2a: Froslass|Aurora Veil|p2a: Froslass
|-sidestart|p2: zefhkb505|move: Aurora Veil
|move|p1b: Farigiraf|Trick Room|p1b: Farigiraf
|-fieldstart|move: Trick Room|[of] p1b: Farigiraf
|
|-weather|Snowscape|[upkeep]
|upkeep
|turn|2
|
|t:|1783643668
|switch|p1b: Torkoal|Torkoal, L50, M|100/100
|-weather|SunnyDay|[from] ability: Drought|[of] p1b: Torkoal
|move|p1a: Kangaskhan|Last Resort|p2a: Froslass
|-damage|p2a: Froslass|17/100
|move|p2b: Volcarona|Quiver Dance|p2b: Volcarona
|-boost|p2b: Volcarona|spa|1
|-boost|p2b: Volcarona|spd|1
|-boost|p2b: Volcarona|spe|1
|move|p2a: Froslass|Blizzard|p1a: Kangaskhan|[spread] p1a,p1b
|-resisted|p1b: Torkoal|1
|-damage|p1a: Kangaskhan|56/100
|-damage|p1b: Torkoal|73/100
|
|-weather|SunnyDay|[upkeep]
|upkeep
|turn|3
|
|t:|1783643685
|move|p2b: Volcarona|Protect|p2b: Volcarona
|-singleturn|p2b: Volcarona|Protect
|move|p1b: Torkoal|Eruption|p2a: Froslass|[spread] p2a
|-activate|p2b: Volcarona|move: Protect
|-supereffective|p2a: Froslass|1
|-damage|p2a: Froslass|0 fnt
|faint|p2a: Froslass
|move|p1a: Kangaskhan|Last Resort|p2b: Volcarona
|-activate|p2b: Volcarona|move: Protect
|
|-weather|SunnyDay|[upkeep]
|upkeep
|
|t:|1783643696
|switch|p2a: Aerodactyl|Aerodactyl, L50, F|100/100
|-ability|p2a: Aerodactyl|Unnerve
|turn|4
|
|t:|1783643715
|move|p2a: Aerodactyl|Wide Guard|p2a: Aerodactyl
|-singleturn|p2a: Aerodactyl|Wide Guard
|move|p1b: Torkoal|Weather Ball|p2b: Volcarona
|-damage|p2b: Volcarona|67/100
|move|p1a: Kangaskhan|Last Resort|p2b: Volcarona
|-damage|p2b: Volcarona|1/100
|move|p2b: Volcarona|Heat Wave|p1b: Torkoal|[spread] p1a,p1b
|-resisted|p1b: Torkoal|1
|-damage|p1a: Kangaskhan|0 fnt
|-damage|p1b: Torkoal|12/100
|faint|p1a: Kangaskhan
|
|-weather|SunnyDay|[upkeep]
|-heal|p2b: Volcarona|7/100|[from] item: Leftovers
|upkeep
|
|t:|1783643729
|switch|p1a: Mawile|Mawile, L50, M|100/100
|-ability|p1a: Mawile|Intimidate|boost
|-unboost|p2a: Aerodactyl|atk|1
|-unboost|p2b: Volcarona|atk|1
|turn|5
|
|t:|1783643748
|detailschange|p1a: Mawile|Mawile-Mega, L50, M
|-mega|p1a: Mawile|Mawile|Mawilite
|move|p2b: Volcarona|Protect|p2b: Volcarona
|-singleturn|p2b: Volcarona|Protect
|move|p1b: Torkoal|Weather Ball|p2b: Volcarona
|-activate|p2b: Volcarona|move: Protect
|move|p1a: Mawile|Play Rough|p2a: Aerodactyl
|-damage|p2a: Aerodactyl|6/100
|-unboost|p2a: Aerodactyl|atk|1
|move|p2a: Aerodactyl|Rock Slide|p1b: Torkoal|[spread] p1a,p1b
|-resisted|p1a: Mawile|1
|-supereffective|p1b: Torkoal|1
|-damage|p1a: Mawile|94/100
|-damage|p1b: Torkoal|0 fnt
|faint|p1b: Torkoal
|
|-weather|SunnyDay|[upkeep]
|-heal|p2b: Volcarona|13/100|[from] item: Leftovers
|-sideend|p2: zefhkb505|move: Aurora Veil
|-fieldend|move: Trick Room
|upkeep
|
|t:|1783643765
|switch|p1b: Farigiraf|Farigiraf, L50, M|55/100
|turn|6
|
|t:|1783643772
|switch|p2a: Tsareena|Tsareena, L50, F|100/100
|move|p1a: Mawile|Sucker Punch||[still]
|cant|p2a: Tsareena|ability: Queenly Majesty|Sucker Punch|[of] p1a: Mawile
|move|p2b: Volcarona|Heat Wave|p1b: Farigiraf|[spread] p1a,p1b
|-supereffective|p1a: Mawile|1
|-damage|p1a: Mawile|0 fnt
|-damage|p1b: Farigiraf|0 fnt
|faint|p1a: Mawile
|faint|p1b: Farigiraf
|
|win|zefhkb505
||zefhkb505 is ready for game 2.
||TopekaMelon is ready for game 2.
|uhtml|next|Next: Game 2 of 3
