|j|☆repo1
|j|☆vvffZs
|html|repo1vvffZs    
|uhtml|bestof|Game 2 of a best-of-3
|t:|1785742155
|gametype|doubles
|player|p1|repo1|pokemonrangerf|1000
|player|p2|vvffZs|hilbert|1000
|gen|9
|tier|[Gen 9 Champions] VGC 2026 Reg M-B (Bo3)
|rated|
|rule|Species Clause: Limit one of each Pokémon
|rule|Item Clause: Limit 1 of each item
|clearpoke
|poke|p1|Staraptor, L50, F|
|poke|p1|Farigiraf, L50, F|
|poke|p1|Incineroar, L50, M|
|poke|p1|Floette-Eternal, L50, F|
|poke|p1|Excadrill, L50, F|
|poke|p1|Milotic, L50, M|
|poke|p2|Pelipper, L50, F|
|poke|p2|Swampert, L50, F, shiny|
|poke|p2|Farigiraf, L50, F|
|poke|p2|Sinistcha-Masterpiece, L50|
|poke|p2|Sylveon, L50, M|
|poke|p2|Aerodactyl, L50, M|
|teampreview|4
|showteam|p1|Staraptor||ChoiceScarf|Intimidate|FinalGambit,CloseCombat,Uturn,BraveBird|Jolly||F|||50|]Farigiraf||SitrusBerry|ArmorTail|TrickRoom,Psychic,Thunderbolt,HelpingHand|Bold||F|||50|]Incineroar||FocusSash|Intimidate|FakeOut,PartingShot,FlareBlitz,ThroatChop|Adamant||M|||50|]Floette-Eternal||Floettite|FlowerVeil|DazzlingGleam,Protect,CalmMind,DrainingKiss|Modest||F|||50|]Excadrill||LifeOrb|MoldBreaker|IronHead,HighHorsepower,Protect,RockSlide|Jolly||F|||50|]Milotic||Leftovers|Competitive|MuddyWater,Hypnosis,Coil,Recover|Calm||M|||50|
|showteam|p2|Pelipper||DampRock|Drizzle|WideGuard,WeatherBall,Hurricane,Protect|Modest||F|||50|]Swampert||Swampertite|Torrent|Protect,Earthquake,WaveCrash,IcePunch|Adamant||F|||50|]Farigiraf||MentalHerb|ArmorTail|PsychicFangs,HelpingHand,AllySwitch,TrickRoom|Relaxed||F|||50|]Sinistcha-Masterpiece||Leftovers|Hospitality|RagePowder,MatchaGotcha,StrengthSap,Curse|Bold|||||50|]Sylveon||LifeOrb|Pixilate|Protect,HyperVoice,CalmMind,Moonblast|Modest||M|||50|]Aerodactyl||FocusSash|Unnerve|Taunt,Protect,RockSlide,DualWingbeat|Jolly||M|||50|
|inactive|Battle timer is ON: inactive players will automatically lose when time's up. (requested by repo1)
|inactive|vvffZs also wants the timer to be on.
|
|t:|1785742183
|teamsize|p1|4
|teamsize|p2|4
|start
|switch|p1a: Staraptor|Staraptor, L50, F|100/100
|switch|p1b: Incineroar|Incineroar, L50, M|100/100
|switch|p2a: Pelipper|Pelipper, L50, F|100/100
|switch|p2b: Aerodactyl|Aerodactyl, L50, M|100/100
|-ability|p2b: Aerodactyl|Unnerve
|-ability|p1a: Staraptor|Intimidate|boost
|-unboost|p2a: Pelipper|atk|1
|-unboost|p2b: Aerodactyl|atk|1
|-ability|p1b: Incineroar|Intimidate|boost
|-unboost|p2a: Pelipper|atk|1
|-unboost|p2b: Aerodactyl|atk|1
|-weather|RainDance|[from] ability: Drizzle|[of] p2a: Pelipper
|turn|1
|inactive|repo1 has 30 seconds left.
|inactive|repo1 has 20 seconds left.
|inactive|repo1 has 15 seconds left.
|
|t:|1785742226
|switch|p2b: Swampert|Swampert, L50, F, shiny|100/100
|switch|p1b: Floette|Floette-Eternal, L50, F|100/100
|move|p2a: Pelipper|Protect|p2a: Pelipper
|-singleturn|p2a: Pelipper|Protect
|move|p1a: Staraptor|U-turn|p2a: Pelipper
|-activate|p2a: Pelipper|move: Protect
|
|-weather|RainDance|[upkeep]
|upkeep
|turn|2
|
|t:|1785742244
|switch|p1a: Incineroar|Incineroar, L50, M|100/100
|-ability|p1a: Incineroar|Intimidate|boost
|-unboost|p2a: Pelipper|atk|1
|-unboost|p2b: Swampert|atk|1
|detailschange|p1b: Floette|Floette-Mega, L50, F
|-mega|p1b: Floette|Floette|Floettite
|-ability|p1b: Floette|Fairy Aura
|detailschange|p2b: Swampert|Swampert-Mega, L50, F, shiny
|-mega|p2b: Swampert|Swampert|Swampertite
|move|p1b: Floette|Protect|p1b: Floette
|-singleturn|p1b: Floette|Protect
|move|p2b: Swampert|Wave Crash|p1b: Floette
|-activate|p1b: Floette|move: Protect
|move|p2a: Pelipper|Hurricane|p1b: Floette
|-activate|p1b: Floette|move: Protect
|
|-weather|RainDance|[upkeep]
|upkeep
|turn|3
|
|t:|1785742267
|switch|p2b: Aerodactyl|Aerodactyl, L50, M|100/100
|-ability|p2b: Aerodactyl|Unnerve
|switch|p1b: Staraptor|Staraptor, L50, F|100/100
|-ability|p1b: Staraptor|Intimidate|boost
|-unboost|p2a: Pelipper|atk|1
|-unboost|p2b: Aerodactyl|atk|1
|move|p1a: Incineroar|Fake Out|p2b: Aerodactyl
|-resisted|p2b: Aerodactyl|1
|-damage|p2b: Aerodactyl|89/100
|move|p2a: Pelipper|Weather Ball|p1a: Incineroar
|-supereffective|p1a: Incineroar|1
|-enditem|p1a: Incineroar|Focus Sash
|-damage|p1a: Incineroar|1/100
|
|-weather|RainDance|[upkeep]
|upkeep
|turn|4
|inactive|repo1 has 30 seconds left.
|inactive|repo1 has 20 seconds left.
|
|t:|1785742305
|switch|p1a: Farigiraf|Farigiraf, L50, F|100/100
|move|p1b: Staraptor|Final Gambit|p2a: Pelipper
|-damage|p2a: Pelipper|0 fnt
|faint|p1b: Staraptor
|faint|p2a: Pelipper
|move|p2b: Aerodactyl|Rock Slide|p1a: Farigiraf
|-damage|p1a: Farigiraf|83/100
|
|-weather|RainDance|[upkeep]
|upkeep
|
|t:|1785742316
|switch|p1b: Incineroar|Incineroar, L50, M|1/100
|switch|p2a: Swampert|Swampert-Mega, L50, F, shiny|100/100
|-ability|p1b: Incineroar|Intimidate|boost
|-unboost|p2a: Swampert|atk|1
|-unboost|p2b: Aerodactyl|atk|1
|turn|5
|
|t:|1785742323
|switch|p2a: Sylveon|Sylveon, L50, M|100/100
|move|p2b: Aerodactyl|Protect|p2b: Aerodactyl
|-singleturn|p2b: Aerodactyl|Protect
|move|p1b: Incineroar|Fake Out|p2a: Sylveon
|-damage|p2a: Sylveon|82/100
|move|p1a: Farigiraf|Thunderbolt|p2b: Aerodactyl
|-activate|p2b: Aerodactyl|move: Protect
|
|-weather|RainDance|[upkeep]
|upkeep
|turn|6
|
|t:|1785742334
|switch|p2b: Swampert|Swampert-Mega, L50, F, shiny|100/100
|move|p1b: Incineroar|Parting Shot|p2a: Sylveon
|-unboost|p2a: Sylveon|atk|1
|-unboost|p2a: Sylveon|spa|1
|
|t:|1785742336
|switch|p1b: Floette|Floette-Mega, L50, F|100/100|[from] Parting Shot
|-ability|p1b: Floette|Fairy Aura
|move|p1a: Farigiraf|Thunderbolt|p2b: Swampert
|-immune|p2b: Swampert
|move|p2a: Sylveon|Hyper Voice|p1a: Farigiraf|[spread] p1a,p1b
|-damage|p1a: Farigiraf|36/100
|-damage|p1b: Floette|65/100
|-enditem|p1a: Farigiraf|Sitrus Berry|[eat]
|-heal|p1a: Farigiraf|61/100|[from] item: Sitrus Berry
|-damage|p2a: Sylveon|72/100|[from] item: Life Orb
|
|-weather|RainDance|[upkeep]
|upkeep
|turn|7
|
|t:|1785742353
|switch|p1a: Incineroar|Incineroar, L50, M|1/100
|-ability|p1a: Incineroar|Intimidate|boost
|-unboost|p2a: Sylveon|atk|1
|-unboost|p2b: Swampert|atk|1
|move|p2b: Swampert|Wave Crash|p1a: Incineroar
|-supereffective|p1a: Incineroar|1
|-damage|p1a: Incineroar|0 fnt
|faint|p1a: Incineroar
|-damage|p2b: Swampert|99/100|[from] Recoil
|move|p1b: Floette|Draining Kiss|p2b: Swampert
|-damage|p2b: Swampert|65/100
|-heal|p1b: Floette|91/100|[from] drain|[of] p2b: Swampert
|move|p2a: Sylveon|Hyper Voice|p1b: Floette
|-damage|p1b: Floette|43/100
|-damage|p2a: Sylveon|62/100|[from] item: Life Orb
|
|-weather|RainDance|[upkeep]
|upkeep
|
|t:|1785742362
|switch|p1a: Farigiraf|Farigiraf, L50, F|61/100
|turn|8
|
|t:|1785742371
|move|p1b: Floette|Protect|p1b: Floette
|-singleturn|p1b: Floette|Protect
|move|p2b: Swampert|Wave Crash|p1a: Farigiraf
|-damage|p1a: Farigiraf|0 fnt
|faint|p1a: Farigiraf
|-damage|p2b: Swampert|40/100|[from] Recoil
|move|p2a: Sylveon|Hyper Voice|p1b: Floette
|-activate|p1b: Floette|move: Protect
|
|-weather|none
|upkeep
|turn|9
|
|t:|1785742379
|switch|p2b: Aerodactyl|Aerodactyl, L50, M|89/100
|-ability|p2b: Aerodactyl|Unnerve
|move|p1b: Floette|Draining Kiss|p2b: Aerodactyl
|-damage|p2b: Aerodactyl|31/100
|-heal|p1b: Floette|81/100|[from] drain|[of] p2b: Aerodactyl
|move|p2a: Sylveon|Hyper Voice|p1b: Floette
|-damage|p1b: Floette|38/100
|-damage|p2a: Sylveon|53/100|[from] item: Life Orb
|
|upkeep
|turn|10
|
|t:|1785742393
|move|p2b: Aerodactyl|Taunt|p1b: Floette
|-start|p1b: Floette|move: Taunt
|move|p1b: Floette|Draining Kiss|p2a: Sylveon
|-damage|p2a: Sylveon|24/100
|-heal|p1b: Floette|59/100|[from] drain|[of] p2a: Sylveon
|move|p2a: Sylveon|Calm Mind|p2a: Sylveon
|-boost|p2a: Sylveon|spa|1
|-boost|p2a: Sylveon|spd|1
|
|upkeep
|turn|11
|
|t:|1785742410
|move|p2b: Aerodactyl|Dual Wingbeat|p1b: Floette
|-crit|p1b: Floette
|-damage|p1b: Floette|30/100
|-damage|p1b: Floette|13/100
|-hitcount|p1b: Floette|2
|move|p1b: Floette|Dazzling Gleam|p2a: Sylveon|[spread] p2a,p2b
|-damage|p2a: Sylveon|2/100
|-damage|p2b: Aerodactyl|0 fnt
|faint|p2b: Aerodactyl
|move|p2a: Sylveon|Hyper Voice|p1b: Floette
|-damage|p1b: Floette|0 fnt
|faint|p1b: Floette
|-damage|p2a: Sylveon|0 fnt|[from] item: Life Orb
|faint|p2a: Sylveon
|
|win|vvffZs
